4092 6518
516 382 575 436 Η
1626 380 2066 439 ARGUMEMTA
2105 383 2647 443 GLAPHYRORUM.
3366 392 3371 395 ⁷
3715 390 3789 451 12

537 514 3307 531 *W_WW~

1200 830 1327 883 LIB.
1362 829 1401 882 1.

510 922 589 979 De
611 924 886 977 nativitate
917 919 1108 994 Moysis
1137 919 1343 977 Christo
1370 917 1663 992 applicata.

510 1012 750 1082 Amplius
776 1012 840 1065 de
870 1010 1065 1082 Moyse.
1098 1010 1271 1065 Exodi
1296 1026 1331 1064 ι.

510 1104 586 1157 De
611 1104 805 1158 visione
838 1102 1030 1173 Moysis
1054 1103 1108 1156 in
1137 1102 1285 1154 rubo.
1310 1100 1484 1155 Exodi
1508 1116 1566 1162 ιι,
1599 1116 1677 1153 ιιι.

1180 1212 1308 1267 LIB.
1350 1212 1412 1266 11.

509 1306 585 1358 De
614 1306 780 1359 hostia
813 1305 958 1374 agni.
991 1302 1161 1357 Exod.
1189 1318 1282 1356 xu.

515 1395 587 1448 De
613 1397 1005 1449 consecratione
1033 1395 1525 1465 primogenitorum.
1562 1393 1736 1447 Exodi
1759 1409 1873 1447 xm.

508 1486 586 1538 De
619 1485 856 1550 Merrha,
887 1495 933 1539 et
969 1485 1110 1556 ligno
1144 1484 1284 1556 quod
1313 1493 1579 1539 ostensum
1599 1493 1676 1537 est
1701 1485 1850 1538 beato
1893 1483 2084 1554 Moysi.

580 1573 754 1628 Exodi
772 1590 856 1629 xv.
928 1586 943 1601 ί

510 1665 585 1719 De
612 1684 812 1721 manna
847 1676 896 1721 et
915 1670 1197 1722 coturnice.
1231 1667 1407 1723 Exodi
1429 1683 1536 1722 va.

507 1756 585 1810 De
614 1758 779 1811 tribus
810 1758 1035 1829 aMoyse
1063 1761 1291 1829 patratis
1316 1759 1666 1813 admirandis.
1701 1758 1872 1813 Exodi
1903 1775 1980 1823 ιιι,
2012 1774 2083 1814 Iv.

1169 1868 1297 1925 LIB.
1329 1870 1418 1926 III.

503 1961 583 2015 De
610 1971 761 2033 petra
795 1979 1061 2034 percussa.
1093 1962 1267 2016 Exodi
1308 1979 1452 2030 xvu;
1490 1963 1653 2018 Num.
1683 1980 1771 2019 xx.

502 2053 581 2107 De
632 2054 731 2108 Dei
772 2056 828 2109 in
882 2064 1112 2109 montem
1155 2052 1287 2109 Sina
1334 2055 1612 2122 descensu,
1662 2065 1712 2110 et
1780 2056 2087 2110 assistentia

576 2144 814 2199 Israelis.
849 2146 1024 2200 Exodi
1057 2162 1164 2200 xlx.
1216 2138 1232 2143 ”
2072 2199 2079 2207 .

501 2238 579 2292 De
617 2254 836 2292 ascensu
875 2236 1065 2308 Moysis
1099 2246 1147 2292 et
1194 2238 1378 2293 Aaron
1411 2241 1469 2293 in
1527 2247 1779 2303 montem,
1811 2241 1936 2292 item
1968 2238 2081 2293 Να-

571 2331 694 2395 dab,
725 2330 913 2398 Abiud,
948 2338 997 2384 et
1049 2333 1385 2402 septuaginta
1434 2332 1499 2386 de
1555 2331 1847 2387 senioribus
1898 2330 2082 2403 populi

571 2423 763 2477 Israel.
799 2424 973 2479 Exodi
1006 2439 1151 2480 xxiv.

499 2514 577 2568 De
609 2515 773 2571 vitulo
805 2532 960 2586 quem
985 2516 1231 2587 conﬂavit
1263 2514 1456 2571 Israel.
1492 2515 1667 2571 Exodi
1699 2532 1862 2571 xxxu.

498 2605 578 2661 De
605 2606 867 2663 velamine
898 2610 954 2663 in
984 2609 1118 2678 facie
1143 2608 1356 2679 Moysis.
1387 2609 1560 2663 Exodi
1602 2624 1780 2663 XXXIV.

3312 522 3763 536 W

2207 953 2221 968 0
2302 956 2315 969 ι
2396 956 2410 968 ο
2491 957 2504 971 ο
2589 957 2600 969 ο
2682 957 2693 969 0
2773 957 2789 971 ι
2871 957 2883 969 ο
2961 954 2978 970 ο
3068 957 3081 969 ο
3159 956 3172 969 ο
3256 957 3270 970 ο
3354 958 3368 973 0
3447 961 3460 975 ο
3539 958 3554 974 0
3633 959 3648 974 ο
3727 961 3742 975 ι

2206 1004 2336 1059 Ἔτι
2368 1005 2502 1073 περὶ
2543 1005 2824 1071 Μωσέως.

2200 1096 2341 1165 Περὶ
2382 1097 2497 1166 τῆς
2544 1099 2805 1165 Μωσέως
2858 1099 3152 1165 ὀπτασίας
3194 1099 3303 1169 τῆς
3359 1100 3429 1155 ἐν
3471 1100 3551 1167 τῷ
3588 1102 3775 1167 βάτῳ.

2855 1212 3008 1265 ΛΟΓ.
3048 1212 3121 1266 B’.

2197 1303 2338 1371 Περὶ
2362 1302 2471 1371 τῆς
2497 1304 2714 1370 θυσίας
2745 1303 2851 1357 τοῦ
2886 1304 3101 1371 ἀμνοῦ.

2199 1389 2338 1457 Περὶ
2373 1388 2483 1459 τῆς
2514 1389 2858 1457 ἀναθέσεως
2883 1380 3444 1460 τῶν-πρωτοτόκων.

2197 1482 2337 1549 Περὶ
2366 1481 2619 1550 Μερῤᾶς,
2650 1483 2747 1536 καὶ
2797 1484 2901 1537 τοῦ
2952 1483 3145 1548 ξύλου
3170 1486 3674 1556 παραδειχθέντα
3701 1487 3778 1553 τῷ

2260 1573 2532 1641 μακαρίῳ
2559 1573 2766 1641 Μωσῇ.

2199 1663 2339 1729 Περὶ
2374 1663 2484 1717 τοῦ
2514 1663 2717 1732 μάννα
2748 1665 2847 1720 καὶ
2890 1664 2999 1735 τῆς
3029 1667 3492 1737 ὀρτυγομήτρας.

2196 1756 2335 1824 Περὶ
2363 1754 2484 1810 τῶν
2512 1755 2609 1809 διὰ
2636 1756 2894 1824 Μωσέως
2925 1757 3260 1826 γεγονότων
3288 1758 3467 1826 τριῶν
3488 1759 3772 1828 σημείων.

2841 1871 2995 1926 ΛΟΓ.
3046 1871 3121 1926 Γ¹.

2187 1959 2329 2029 Περὶ
2369 1958 2480 2028 τῆς
2516 1963 2933 2031 παταχθείσης
2966 1962 3208 2032 πέτρας.

2186 2052 2329 2122 Περὶ
2358 2052 2471 2123 τῆς
2499 2054 2571 2108 ἐν
2606 2053 2687 2120 τῷ
2717 2054 2836 2122 ὄρει
2860 2053 3009 2111 Σινᾶ
3043 2056 3328 2125 καθόδου,
3367 2056 3468 2111 καὶ
3508 2055 3619 2129 τῆς
3664 2074 3768 2112 πα-

2247 2145 2608 2214 ραστάσεως
2653 2147 2764 2201 τοῦ
2811 2147 3074 2216 Ἰσραήλ.

2188 2236 2329 2306 Περὶ
2348 2237 2458 2306 τῆς
2484 2240 2571 2303 είς
2593 2238 2660 2292 τὸ
2695 2238 2832 2307 ὄρος
2848 2239 3075 2294 ἀνόδου
3101 2240 3360 2307 Μωσέως
3388 2243 3488 2296 καὶ
3523 2243 3769 2312 Ἀαρὼν,

2193 2401 2199 2409 ι
2262 2330 2362 2384 καὶ
2411 2331 2619 2385 Ναδὰό
2655 2330 2751 2384 καὶ
2794 2330 3045 2398 Ἀϐιοὺδ,
3089 2332 3192 2386 καί
3220 2333 3336 2386 τῶν
3360 2333 3768 2421 ἐϐδομήκοντα

2254 2421 2673 2491 πρεσϐυτέρων
2709 2422 2816 2477 τοῦ
2868 2424 3033 2479 λαοῦ.

2180 2517 2318 2584 Περὶ
2354 2516 2757 2584 μοσχοποιίας
2793 2517 3062 2585 Ἰσραήλ.

2179 2603 2319 2673 Περὶ
2357 2603 2463 2657 τοῦ
2503 2606 2891 2673 καλύμματος
2923 2601 3028 2656 τοῦ
3058 2601 3129 2654 ἐν
3172 2600 3253 2666 τῷ
3294 2601 3594 2671 προσώπῳ
3639 2604 3768 2656 Μω-

2249 2696 2423 2760 σέως.

1688 2972 1809 3060 ΙΝ
1883 2969 2597 3063 LEVITICUM.

492 3144 644 3211 Quod
670 3143 863 3201 Christi
894 3147 1069 3216 passio
1100 3148 1170 3201 sit
1195 3145 1476 3203 salutaris.
1512 3147 1688 3203 Levii.
1723 3164 1781 3202 ιι.

491 3240 644 3307 Quod
670 3258 763 3296 nos
792 3243 1023 3313 mystica:
1051 3242 1426 3297 benedictionis
1454 3242 1579 3313 facti
1622 3243 1925 3313 participes,
1949 3259 2066 3297 om-

560 3334 687 3386 nino
722 3349 785 3386 ac
814 3333 1021 3403 penitus
1051 3333 1225 3388 sancti
1268 3333 1534 3404 divinique
1562 3334 1729 3387 simus
1751 3333 1940 3402 futuri.
1960 3333 2069 3388 Le-

560 3422 740 3488 vitm,
775 3440 903 3479 xvn.

487 3512 567 3567 De
595 3514 939 3568 mundatione
963 3514 1144 3585 leprte.
1170 3514 1347 3571 Levit.
1387 3531 1508 3587 nv';
1545 3515 1706 3572 Num.
1738 3533 1789 3571 ν.

487 3603 564 3659 De
594 3605 905 3659 Iudaeorum
950 3604 1253 3678 Synagoga,
1282 3614 1341 3660 ut
1394 3609 1728 3662 contumacia
1786 3608 1855 3661 sit
1892 3606 2064 3677 lapsa.

558 3696 640 3751 Ex
671 3695 848 3752 Levit.
881 3712 989 3762 xlv,
1021 3696 1279 3764 Jeremia,
1313 3699 1473 3765 Isaia,
1508 3700 1820 3765 Ezechiele,
1854 3707 1955 3752 etc.

2182 3147 2315 3202 Ὀτι
2354 3144 2613 3215 Χριστοῦ
2642 3144 2707 3198 τὸ
2738 3143 2928 3210 πάθος
2962 3140 3279 3211 σωτήριον.

2182 3240 2313 3292 Ὀτι
2356 3235 2465 3306 τῆς
2527 3233 2835 3306 μυστικῆς
2890 3236 3177 3306 εὐλογίας
3213 3235 3283 3288 ἐν
3306 3234 3545 3305 μεθέξει
3590 3250 3761 3306 τεγο-

2239 3332 2433 3394 νότες,
2476 3326 2630 3398 ἅγιοι
2651 3326 2749 3380 καὶ
2779 3326 2923 3395 ἱεροὶ
2948 3325 3146 3395 πάντη
3192 3327 3290 3382 καὶ
3337 3327 3579 3394 πάντως
3620 3322 3757 3381 ἐσόο

2235 3419 2407 3486 μεθα.

2170 3509 2311 3578 Περὶ
2349 3508 2457 3563 τοῦ
2504 3508 2878 3578 καθαρισμοῦ
2931 3508 3046 3577 τῆς
3088 3508 3338 3580 λέπρας.

2170 3603 2310 3672 Περὶ
2346 3602 2460 3671 τῆς
2502 3601 2621 3655 τῶν
2662 3602 2967 3656 Ἰουδαίων
2990 3600 3371 3672 συναγωγῆς,
3395 3600 3487 3655 ὅτι
3524 3599 3753 3667 συνέϐη

2241 3694 2454 3749 πεσεῖν
2487 3692 2685 3761 αὐτὴν
2734 3691 2803 3757 ἐξ
2837 3692 3161 3758 ἀπειθείας.

484 3786 564 3842 De
590 3804 650 3842 eo
678 3787 817 3875 quod
849 3787 1029 3842 Aaron
1084 3806 1189 3843 non
1236 3805 1441 3861 semper
1488 3790 1823 3862 ingrediatur
1865 3787 2062 3842 Sancta

2178 3784 2308 3853 Περὶ
2340 3783 2447 3838 τοῦ
2487 3783 2574 3853 μὴ
2609 3780 2989 3850 εἱσέρχεσθαι
3029 3781 3139 3835 τὸν
3188 3781 3417 3850 Ἀαρὼν
3465 3780 3564 3837 διὰ
3600 3792 3753 3837 πων

553 3887 882 3934 sanctorum.
920 3879 1096 3935 Levit.
1122 3896 1229 3935 xw.

529 4012 698 4028 ,1,-

2241 3874 2347 3941 τὸς
2384 3875 2471 3939 εις
2502 3868 2576 3929 τὰ
2609 3873 2789 3942 ’Ἅγια
2832 3870 2953 3926 τῶν
2982 3873 3187 3943 ἁγίων.

3352 4007 3746 4024 --------ο

1712 4162 1820 4251 IN
1898 4158 2521 4253 NUMEBOS.

475 4338 555 4393 Dc
586 4338 811 4406 Christo,
846 4350 893 4395 et
938 4341 1250 4398 Judworum
1303 4338 1611 4409 Synagoga,
1659 4352 1727 4393 ex
1757 4338 1919 4395 Num.
1952 4353 2051 4402 xu,

544 4430 699 4486 Osca:
719 4448 812 4497 vn,
838 4432 1039 4488 Jerem.
1074 4446 1185 4496 xm,
1218 4439 1315 4484 etc.

473 4521 552 4575 De
599 4523 662 4577 iis
718 4524 807 4594 qui
842 4522 1197 4594 explorarunt
1232 4530 1432 4575 terram
1475 4520 1856 4590 promissionis.
1889 4521 2052 4578 Num.

546 4629 668 4679 xiv;
704 4615 867 4670 Deut.
906 4630 960 4679 ις
996 4611 1165 4667 Josue
1186 4626 1296 4665 xw.

470 4700 737 4755 Christum
759 4703 906 4756 nobis
936 4715 1046 4754 esse
1083 4714 1274 4771 panem
1295 4701 1434 4755 nitar.
1462 4698 1626 4755 Num.
1653 4715 1739 4755 xv.

472 4789 551 4844 De
581 4807 742 4846 vacca
774 4790 901 4861 rufa
931 4798 1082 4843 extra
1102 4797 1281 4845 castra
1308 4790 1598 4845 combusta.
1632 4792 1795 4848 Num.
1829 4811 1939 4849 xix.

471 4877 549 4935 De
578 4889 819 4956 serpente
845 4895 1012 4935 teneo.
1040 4879 1201 4935 Num.
1231 4897 1318 4935 xx]
1342 4898 1356 4947 ;
1397 4880 1553 4936 Joan.
1591 4899 1667 4936 ιιι.

2166 4335 2305 4405 Περὶ
2342 4336 2599 4406 Χριστοῦ
2645 4337 2745 4391 καὶ
2781 4333 2888 4404 τῆς
2930 4333 3226 4390 Ἰουδαίων
3254 4331 3617 4403 Συναγωγῆς

2153 4430 2295 4499 Περὶ
2346 4428 2466 4484 τῶν
2509 4427 3067 4499 κατασκεψαμένων
3112 4425 3228 4494 τὴν
3270 4424 3389 4494 γῆν
3417 4420 3525 4491 τῆς
3563 4422 3744 4491 ἐπαγ-

2225 4523 2451 4592 γελίας.

2154 4613 2285 4667 ’Ὅτι
2309 4614 2557 4683 γέγονεν
2581 4612 2726 4681 ἡμῖν
2751 4610 2932 4680 ἄρτος
2961 4608 3111 4677 ζωῆς
3153 4610 3186 4663 ό
3221 4607 3501 4676 Χριστός.

2155 4702 2292 4771 Περὶ
2330 4701 2442 4772 τῆς
2476 4701 2790 4772 δαμάλεως
2823 4698 2929 4767 τῆς
2966 4696 3219 4768 πιιρῤἇς,
3261 4696 3373 4766 τῆς
3421 4692 3739 4750 κατακαεί-

2223 4809 2343 4860 σης
2377 4793 2493 4858 ἔξω
2518 4791 2629 4861 τῆς
2674 4787 3080 4859 παρεμϐολῆς.

2153 4886 2295 4954 Περὶ
2332 4885 2436 4940 τοῦ
2471 4884 2664 4955 ὄφεως
2705 4882 2812 4937 τοῦ
2841 4881 3094 4952 χαλκοῦ.

1440 5131 1564 5219 ΙΝ
1642 5131 2764 5244 DEUTERONQMIUM.

471 5305 545 5358 De
570 5302 738 5356 vitula
767 5304 915 5373 cujus
950 5305 1097 5358 nervi
1117 5304 1307 5359 concisi
1337 5315 1463 5360 sunt
1495 5308 1551 5361 in
1579 5305 1739 5361 valle.
1766 5307 2041 5362 Deut.xxl.

464 5395 544 5449 De
577 5392 796 5447 muliere
818 5400 994 5464 capta,
1032 5409 1159 5449 rasa
1199 5403 1248 5449 et
1298 5397 1559 5466 unguibus
1604 5399 1844 5466 praecisa.
1880 5399 2040 5453 Deut.

535 5498 648 5548 xxx,
674 5481 761 5536 10.

468 5574 542 5627 De
568 5591 626 5627 co
647 5577 737 5646 qui
771 5584 957 5629 contra
985 5576 1154 5632 hostes
1186 5578 1405 5633 militat.
1433 5580 1592 5633 Deut.
1621 5596 1772 5634 xxm.

466 5667 539 5721 De
564 5670 834 5724 duodecim
898 5670 1159 5743 lapidibus
1210 5672 1417 5727 albario
1451 5672 1601 5727 illitis
1657 5682 1806 5729 trans
1835 5674 2034 5729 Iorda-

533 5779 670 5816 nem.
704 5762 865 5816 Deut.
893 5779 1055 5817 xxv".

466 5849 537 5903 De
576 5853 820 5907 electione
848 5852 1026 5909 Josue.
1058 5854 1216 5909 Deut.
1249 5870 1391 5909 xxxi.

2143 5305 2286 5374 Περὶ
2330 5303 2439 5375 τῆς
2496 5304 3097 5378 νενευροκοπημόνης
3165 5303 3479 5375 δαμάλεως
3532 5304 3603 5355 ἐν
3651 5298 3730 5371 τῇ

2213 5398 2489 5468 φάραγγι.
2594 5420 2597 5423 ί

2144 5489 2283 5558 Περὶ
2330 5490 2443 5560 τῆς
2484 5489 2863 5560 αιχμαλώτου
2894 5487 3183 5559 γυναικὸς
3242 5485 3579 5555 ξυρομένης
3624 5483 3724 5539 καὶ

2213 5581 2659 5652 όνυχιζομένης.

2141 5673 2283 5741 Περὶ
2315 5672 2423 5727 τοῦ
2462 5670 2873 5742 πολεμοῦντος
2904 5669 3055 5740 πρὸς
3085 5670 3221 5736 τοὺς
3257 5667 3593 5735 ἐναντίους.

2145 5764 2281 5833 Περὶ
2305 5764 2423 5819 τῶν
2446 5765 2635 5820 λίθων
2656 5762 3115 5832 κεκονιαμένων.

2143 5857 2279 5926 Περὶ
2320 5855 2581 5927 ἐκλογῆς
2615 5854 2723 5911 τοῦ
2761 5855 2987 5925 Ἰησοῦ.
