4092 6508
442 376 504 430 i5
1461 372 1515 427 S.
1558 371 1835 427 CYRILLI
1874 372 2342 430 ALEXANDRINI
2376 373 2695 432 ARCHIEP.
3644 384 3707 437 I6

438 506 549 564 quo
568 502 727 563 pacto
757 492 1023 564 cujusque
1057 490 1135 547 rei
1162 505 1356 546 sensus
1381 505 1509 545 sese
1531 491 1751 556 habent,
1773 492 2020 546 oratione

2128 495 2609 565 κατασημαίνοιτο,
2662 495 2978 566 συναγεῖραι(
3028 514 3085 549 τε
3129 497 3262 567 ἅμα,
3322 506 3416 551 καὶ
3463 497 3609 563 ὅπως
3639 503 3705 554 ἂν

438 583 694 655 persequi
723 583 1151 650 contendamus,
1187 591 1248 638 ut
1275 598 1396 653 qua:
1426 598 1457 636 a
1489 582 1650 639 nobis
1678 582 1901 638 inventa
1936 583 2021 637 di-

439 684 635 745 ctaque
682 684 833 740 sunt,
868 674 1098 729 subtiles
1145 674 1504 745 cogitationes
1551 671 1841 737 habentia,
1881 688 2022 727 non-

439 783 720 838 nunquam
771 769 1046 824 veriorum
1098 761 1623 836 contemplati’onum
1683 765 2025 821 doctioribus

437 860 581 915 bona
614 861 727 915 sint
762 860 999 924 occasio,
1035 868 1092 914 et
1118 858 1321 929 gradus
1353 857 1760 928 quodammodo
1787 857 1855 911 ad
1884 871 2021 927 prae-

439 951 763 1005 stantiorem
816 951 1162 1019 maximeque
1216 949 1508 1003 sublimem
1541 949 1685 1003 illam
1739 948 2022 1003 scientiam

437 1030 754 1097 evehentcs.
788 1042 1138 1112 Exponemus
1169 1039 1354 1110 itaque
1383 1041 1594 1095 utiliter
1615 1054 1680 1095 ea
1704 1054 1825 1110 qum
1850 1039 2024 1095 histo-

440 1136 551 1188 rice
586 1142 733 1203 gesta
763 1140 914 1197 sunt,
947 1132 1408 1203 convenientique
1436 1147 1627 1187 eorum
1655 1130 2024 1185 declaratione

437 1226 704 1290 adhibita,
735 1233 792 1279 et
816 1224 987 1280 veluti
1021 1241 1093 1280 ex
1134 1234 1265 1297 typo
1306 1233 1470 1295 atque
1515 1222 1709 1277 umbra
1748 1222 2023 1277 narratio-

438 1332 563 1371 nem
590 1315 1067 1381 transformantes,
1097 1318 1297 1371 claram
1323 1315 1774 1384 manifestamque
1803 1328 1923 1368 eam
1947 1312 2026 1369 ef-

437 1408 706 1479 ﬁciemus,
742 1410 1002 1464 tendente
1035 1409 1197 1463 nobis
1223 1407 1471 1463 oratione
1498 1407 1566 1461 ad
1590 1406 1800 1461 Christi
1827 1413 2027 1476 myste-

403 1497 411 1503 ’
439 1501 604 1566 rium,
631 1509 688 1555 et
714 1502 891 1571 ipsum
913 1501 1148 1555 habente
1176 1500 1337 1555 ﬁnem
1363 1517 1375 1553 :
1400 1498 1671 1568 siquidem
1694 1512 1887 1551 verum
1908 1506 2023 1560 est,

437 1592 585 1661 quod
626 1592 752 1648 ﬁnis
791 1593 925 1665 legis
953 1600 1010 1647 et
1051 1592 1443 1662 prophetarum
1482 1600 1566 1645 est
1610 1589 1861 1643 Christus
1890 1589 1931 1642 '.
1967 1588 2025 1643 Si

440 1699 569 1738 vero
598 1684 804 1739 alicubi
848 1684 1149 1754 contingat,
1190 1684 1353 1737 etiam
1388 1682 1647 1736 aberrare
1685 1681 1754 1735 ab
1794 1681 1861 1736 iis
1905 1696 2025 1750 quae

440 1775 612 1846 magis
641 1780 770 1831 sunt
800 1783 1187 1838 consentanea,
1219 1782 1406 1843 utpote
1432 1773 1487 1825 in
1516 1779 1666 1826 tanta
1691 1772 2026 1840 contempla-

440 1866 654 1921 tionum
681 1850 986 1921 subtilitate
1012 1872 1175 1935 atque
1196 1864 1554 1929 obscuritate,
1582 1879 1799 1932 aequum
1829 1871 1913 1916 est
1965 1869 2025 1915 ut

438 1958 656 2011 veniam
688 1956 834 2026 apud
863 1958 1126 2012 lectorem
1163 1956 1528 2011 inveniamus.
1566 1956 1861 2012 Sciendum
1890 1969 2025 2009 vero

440 2048 605 2103 etiam
629 2049 755 2115 hoc,
779 2048 924 2118 quod
947 2062 1072 2103 cum
1089 2047 1165 2101 De
1187 2047 1497 2101 adoratione
1512 2055 1561 2100 et
1583 2046 1729 2100 cultu
1754 2048 1811 2100 in
1832 2046 2025 2116 spiritu

443 2148 492 2192 et
507 2140 727 2194 veritate
751 2154 858 2193 xvn
875 2138 1046 2194 libros
1065 2138 1470 2209 scripserimus,
1488 2139 1828 2207 multamque
1847 2137 1904 2191 in
1918 2137 2027 2191 illis

441 2232 963 2301 contemplationum
1008 2231 1220 2301 copiam
1273 2231 1541 2301 complexi
1589 2229 1796 2292 simus,
1847 2228 2027 2299 capita

443 2324 573 2378 huic
609 2323 760 2393 operi
786 2323 991 2379 inserta
1020 2331 1174 2379 certo
1208 2323 1443 2378 consilio
1471 2320 1944 2392 praetermisimus,
1972 2328 2028 2376 et

443 2416 807 2470 inexaminata
837 2413 1162 2484 reliquimus
1198 2433 1212 2467 :
1242 2413 1458 2470 tametsi
1509 2412 1787 2467 interdum
1826 2411 2028 2467 accidit

444 2516 504 2559 ut
544 2505 773 2576 alicujus
815 2521 1006 2561 eorum
1038 2505 1349 2561 necessaria
1392 2504 1461 2558 de
1503 2518 1667 2557 causa
1706 2501 2025 2557 memineri—

443 2613 584 2652 mus.
611 2595 904 2651 Ordiemur
925 2598 1107 2668 itaque
1132 2597 1201 2652 ab
1231 2597 1298 2650 iis
1320 2611 1441 2667 qua:
1472 2596 1528 2650 in
1554 2594 1751 2652 Genesi
1777 2602 1906 2651 sunt
1932 2609 2029 2665 po-

443 2690 628 2744 litiora
661 2698 717 2744 et
746 2689 1067 2757 selectiora;
1096 2700 1261 2760 atque
1286 2689 1359 2742 ita
1385 2688 1645 2756 deinceps
1674 2687 1866 2741 ordine
1897 2686 2025 2741 reli-

444 2796 586 2850 quos
628 2780 793 2836 Mosis
826 2776 998 2838 libros
1030 2788 1452 2852 percurrentes,
1495 2788 1748 2834 accurate
1781 2780 1832 2849 3
1872 2780 2026 2833 inve-

450 2871 795 2942 stigabimus,
827 2889 937 2927 una
962 2888 1087 2928 cum
1113 2871 1202 2926 his
1225 2871 1390 2925 etiam
1418 2884 1481 2923 ea
1508 2885 1630 2939 quas
1655 2885 1721 2924 ex
1749 2869 1857 2923 alio
1882 2883 2029 2922 com-

444 2965 714 3019 mentario
773 2964 840 3019 ad
903 2979 1129 3035 scepum
1195 2962 1353 3017 nobis
1410 2961 1752 3034 propositum
1816 2961 2027 3016 condu-

445 3074 510 3114 cu
521 3074 550 3108 n
561 3066 598 3111 ι.

1083 3148 1159 3201 De
1200 3149 1392 3203 Adam.

516 3240 568 3293 l.
589 3240 747 3313 Legis
762 3255 888 3296 vere
908 3239 1120 3311 peritus
1143 3249 1197 3293 et
1215 3238 1614 3295 sacratissimus
1631 3239 1853 3306 Paulus,
1881 3240 2028 3295 salu-

445 3333 520 3388 tis
549 3347 648 3401 per
691 3331 971 3387 Christum
1013 3331 1333 3402 mysterium
1384 3332 1881 3401 exploratissimum
1930 3334 2028 3388 ha-

446 3424 613 3490 bens,
673 3425 787 3490 ait,
849 3424 1305 3479 instaurationem
1360 3424 1417 3477 in
1465 3425 1584 3495 ipso
1627 3423 1867 3480 futuram
1909 3441 2028 3479 om-

446 3516 626 3581 nium,
664 3531 786 3585 qua:
843 3515 898 3569 in
927 3515 1067 3572 coelo
1102 3524 1309 3584 etquae
1348 3514 1403 3568 in
1455 3523 1603 3569 terra
1636 3524 1781 3580 sunt,
1832 3514 1886 3569 in
1938 3515 2031 3570 be-

447 3608 719 3678 neplacito
744 3623 808 3663 ac
838 3607 1117 3662 voluntate
1145 3608 1241 3662 Dei
1265 3605 1496 3662 Patris“:
1532 3606 1915 3662 universorum
1947 3609 2032 3662 ni-

447 3701 651 3755 mirum
694 3700 1212 3771 redintegrationem
1256 3716 1557 3770 eorumque
1612 3717 1734 3771 quae
1775 3710 2030 3771 corrupta

446 3799 641 3856 erant,
684 3792 750 3845 ad
797 3791 1089 3861 pristinum
1141 3808 1302 3847 suum
1350 3801 1550 3847 statum
1590 3792 2027 3858 restitutionem,

448 3881 893 3950 anaceplmlwosis
956 3881 1071 3938 sive
1122 3883 1527 3935 instaurationis
1572 3882 1793 3936 nomine
1841 3882 2030 3951 appel-

447 3973 587 4027 lans.
636 3972 959 4027 Meminerat
1006 3973 1183 4036 enim,
1218 3974 1295 4027 uti
1332 3989 1428 4043 par
1467 3982 1578 4038 est,
1623 3973 1719 4028 Dei
1764 3973 1897 4028 alibi
1933 3990 2033 4045 per

445 4078 635 4117 vocem
687 4065 1080 4134 prophetarum
1130 4066 1365 4120 dicentis
1413 4084 1426 4119 :
1478 4084 1496 4116 ‹
1543 4066 1622 4120 Ne
1670 4065 2034 4120 memineritis

448 4154 718 4223 priorum,
764 4164 819 4210 et
863 4157 1085 4229 antiqua
1121 4173 1190 4212 ne
1234 4157 1519 4227 colligatis.
1584 4157 1723 4210 Ecce
1755 4171 1854 4226 ego
1891 4156 2033 4211 facio

448 4256 609 4305 nova,
639 4257 760 4311 quae
786 4259 935 4297 nunc
973 4245 1243 4311 orientur,
1275 4253 1331 4299 et
1357 4245 1698 4314 cognoscetis
1724 4260 1786 4299 ea
1813 4246 1854 4299 ⁷.
1900 4263 1917 4295 ι
1949 4245 2034 4300 ld-

447 4332 596 4386 circo
622 4332 786 4386 etiam
812 4333 948 4403 ipse,
973 4343 1161 4404 utpote
1190 4335 1246 4388 in
1272 4334 1474 4389 divinis
1509 4333 1859 4389 sermonibus
1892 4350 2030 4389 enu-

2126 585 2354 639 ἕκαστον
2385 587 2602 640 ἐννοιῶν
2644 585 2776 656 ἔχοι,
2807 589 3036 641 διειπεῖν
3081 592 3497 663 σπουδάσωμεν·
3533 596 3607 661 ὡς
3637 599 3703 651 ἂν

2127 677 2337 743 γένοιτο
2363 677 2428 729 τὰ
2470 678 2603 747 πρὸς
2647 679 2804 748 ἡμῶν
2836 679 3101 749 εἰρημένα
3133 681 3333 746 λεπτὰς
3357 684 3547 754 ἔχοντα
3574 705 3706 756 φαν-

2124 768 2339 830 τασίας,
2372 768 2482 821 ἔσθ’
2520 769 2607 821 ὅτε
2645 770 2706 821 τὺ
2738 770 3098 843 ἀληθέστερον
3130 773 3521 846 θεωρημάτων,
3572 782 3706 852 πρό-

2128 877 2292 931 φασις
2343 860 2521 933 ἀγαθὴ
2577 866 2689 926 τοῖς
2743 864 3199 935 εὑμαθεστέροις,
3253 871 3347 923 καὶ
3401 872 3706 943 ἀναϐασμοὶ

2126 953 2325 1025 τρόπον
2370 955 2511 1014 τινὰ,
2549 954 2683 1025 πρὸς
2726 954 2825 1021 τὴν
2871 956 3129 1026 ἀμείνονά
3167 976 3225 1010 τε
3277 960 3371 1012 καὶ
3418 962 3707 1032 ὑπερτάτω

2127 1046 2387 1117 κειμένην
2414 1046 2834 1116 ἀνακομίζοντες
2856 1047 3074 1115 γνῶσιν.
3094 1050 3467 1121 Ἐκθησόμεθα
3494 1054 3551 1107 δὲ
3572 1072 3706 1125 χρη-

2131 1138 2325 1209 σίμως,
2383 1139 2645 1208 πρότερον
2691 1140 2808 1208 μὲν,
2857 1141 2923 1192 τὰ
2977 1142 3265 1211 ἱστορικῶς
3310 1147 3701 1215 πεπραγμένα·

2127 1229 2561 1300 διασαφήσαντες
2578 1231 2635 1284 δὲ
2666 1232 2735 1284 τὰ
2758 1232 2932 1285 τοιάδε
2966 1233 3313 1306 συμμέτρως,
3347 1237 3440 1289 καὶ
3472 1231 3561 1290 οἶά
3601 1256 3705 1310 περ

2128 1321 2193 1373 ἐκ
2238 1320 2413 1373 τύπου
2458 1321 2549 1373 καὶ
2591 1323 2749 1385 σκιᾷς
2799 1321 3263 1390 μεταπλόνττοντες
3319 1325 3381 1378 τὸ
3424 1328 3702 1399 διήγημα,

2130 1411 2277 1480 σαφῆ
2305 1410 2644 1481 ποιησόμεθα
2676 1411 2772 1483 τὴν
2802 1413 3098 1484 ἀφήγησιν,
3126 1416 3544 1482 ἀπονενευκότος
3570 1422 3705 1490 ἡμῖν

2126 1500 2219 1553 τοῦ
2259 1501 2416 1569 λόγου
2461 1501 2598 1573 πρὸς
2641 1502 2983 1573 τόΧριστοῦ
3040 1509 3358 1577 μυστήριον,
3394 1510 3489 1562 καί⁸
3541 1510 3706 1563 αὐτὸν

2129 1592 2342 1661 ἔχοντος
2371 1592 2568 1662 πέρας,
2605 1591 2763 1663 εἰπερ
2815 1594 2959 1646 ἐστὶν
2989 1594 3205 1665 ἀληθὲς,
3248 1599 3328 1651 ὅτι
3359 1598 3512 1662 τέλος
3540 1600 3704 1671 νόμου

2084 1684 2224 1737 ’καὶ
2283 1684 2578 1755 προφητῶν
2628 1686 2657 1737 ό
2714 1686 2969 1756 Χριστός.
3016 1688 3081 1742 El
3138 1689 3195 1742 δέ
3223 1708 3299 1761 πη
3347 1692 3556 1761 γένοιτο
3612 1694 3707 1748 καὶ

2130 1776 2472 1846 ἀφαμαρτεῖν
2523 1775 2631 1829 τῶν
2684 1777 3147 1850 πρεπωδεστέρων
3199 1781 3274 1845 ὠς
3321 1784 3378 1837 ὲν
3430 1785 3704 1855 ἰσχνότητι

2125 1867 2412 1936 νοημάτων
2455 1868 2550 1920 καὶ
2595 1867 2833 1940 ἀσαφείᾳ
2885 1869 3076 1941 πολλῇ,
3127 1872 3516 1944 συγγνώμονας
3566 1870 3705 1930 εἶναι

2129 1962 2393 2029 προςήκει
2445 1959 2569 2023 τοὺς
2624 1961 3058 2032 ἐντευξομένους.
3130 1965 3323 2018 ’ἰστέον
3376 1967 3435 2019 δὲ
3489 1968 3575 2039 δὴ,
3623 1970 3704 2025 ὅτι

2125 2049 2264 2120 Περὶ
2288 2049 2399 2119 τῆς
2420 2050 2490 2104 ἐν
2511 2052 2801 2118 πνεύματι
2832 2053 2931 2106 καί
2951 2055 3203 2123 ἀληθείᾳ
3233 2058 3709 2125 προσκυνήσεως

2126 2141 2226 2196 καί
2261 2143 2545 2210 λατρείας
2599 2143 2970 2197 ἑπτακαίδεκα
3023 2144 3306 2209 συνθέντες
3374 2147 3575 2217 βιϐλία,
3613 2149 3709 2203 καὶ

2127 2233 2329 2306 πολλὴν
2379 2236 2436 2287 ὲν
2481 2234 2712 2298 ἐκείνοις
2755 2234 3105 2307 ἀθροίσαντες
3136 2237 3425 2307 νοημάτων
3464 2238 3705 2309 πληθὺν,

2126 2330 2462 2399 παρήκαμεν
2504 2328 2866 2399 οἰκονομικῶς
2904 2331 2973 2399 τῇ
3026 2330 3365 2402 προκειμένῃ
3412 2336 3706 2404 συγγραφῇ

2125 2420 2196 2473 τὰ
2231 2419 2562 2487 ἐντεταμένα
2615 2420 2907 2488 κεφάλαια,
2957 2421 3050 2474 καὶ
3086 2420 3425 2475 ἀϐασάνιστα
3473 2425 3707 2494 τετηρήη

2128 2526 2337 2581 καμενο
2372 2509 2474 2563 κᾶν
2516 2511 2570 2562 εί
2592 2526 2696 2562 που
2733 2509 2929 2579 συνέϐη
2963 2509 3332 2580 μνημονεῦσαί
3361 2527 3506 2573 τινος
3547 2513 3623 2574 ὡς
3648 2514 3707 2579 ἐξ

2129 2603 2428 2672 ἀναγκαίου
2459 2602 2639 2670 λόγου.
2695 2600 2998 2673 Ἀρξόμεθα
3038 2601 3216 2656 τοίνυν
3249 2602 3357 2656 τῶν
3389 2602 3482 2655 ἐπὶ
3512 2606 3578 2673 τῇ
3614 2603 3710 2655 Γε-

2129 2697 2273 2750 νέσει
2326 2695 2800 2766 γλαφυρωτέρων·
2852 2692 2995 2747 οὕτω
3052 2710 3111 2746 τε
3158 2693 3344 2746 λοιπὸν
3392 2692 3592 2764 ἑφεξῆς
3638 2695 3707 2748 τὰ

2130 2789 2294 2842 πέντε
2338 2788 2584 2850 Μωσέως
2631 2787 2934 2857 δραμόντες
2984 2786 3184 2855 βιϐλία,
3235 2786 3710 2858 περιεργασάμεθα

2130 2882 2268 2950 πρὸς
2304 2882 2484 2943 αὐτοῖς
2539 2880 2634 2933 καὶ
2662 2878 2730 2932 τὰ
2758 2881 2823 2932 ὲκ
2852 2879 2950 2949 τῆς
2986 2880 3176 2949 ἑτέρας
3208 2877 3428 2950 γραφῆς
3464 2876 3543 2950 τῷ
3572 2893 3710 2948 προσ

2131 2988 2213 3024 κει
2224 2971 2367 3041 μένῳ
2397 2971 2644 3043 χρήσιμα
2684 2968 2890 3040 σκοπῷ.

2660 3143 2800 3213 Περὶ
2832 3144 2938 3199 τοῦ
2978 3143 3181 3214 Ἀδάμ.

2199 3245 2266 3293 α’,
2304 3240 2363 3293 ὐ
2383 3235 2697 3308 νομομαθὴς
2713 3236 2926 3307 ἀληθῶς
2943 3237 3036 3290 καὶ
3052 3237 3341 3306 ἱερώτατος
3360 3235 3591 3301 Παῦλος,
3611 3236 3714 3308 τῆς

2128 3331 2215 3385 διὰ
2259 3331 2495 3401 Χριστοῦ
2550 3330 2823 3401 σωτηρίας
2884 3327 3213 3399 ἐννενοηκὼς
3267 3328 3329 3385 τὸ
3391 3330 3708 3400 μυστήριον,

2130 3424 2609 3493 ἀνακεφαλαίωσιν
2647 3425 2704 3476 ἐν
2767 3422 2918 3492 αὐτῷ
2958 3420 3213 3489 γενέσθαι
3244 3421 3377 3491 φησὶ
3402 3420 3510 3475 τῶν
3544 3438 3603 3474 τε
3651 3422 3711 3474 ἐν

2128 3516 2342 3588 οὐρανῷ
2381 3516 2474 3570 καὶ
2519 3513 2628 3568 τῶν
2671 3515 2764 3568 ἐπὶ
2803 3515 2904 3584 τῆς
2931 3515 3058 3584 γῆς,
3096 3518 3154 3569 iw
3179 3513 3397 3585 εὐδοκία
3422 3531 3481 3567 τε
3502 3514 3595 3568 καὶ
3624 3511 3710 3568 θε-

2130 3610 2279 3680 λήσει
2315 3607 2409 3661 τοῦ
2438 3605 2571 3660 Θεοῦ
2620 3605 2714 3659 καὶ
2759 3606 2991 3677 Πατρὺς,
3042 3606 3141 3675 τὴν
3180 3605 3288 3659 τῶν
3309 3604 3447 3659 ὅλων
3478 3605 3709 3670 ἐπανόρ-

2131 3701 2313 3762 θωσιν,
2350 3699 2445 3752 καὶ
2472 3697 2569 3769 τὴν
2599 3699 2676 3758 εἰς
2703 3698 2839 3765 ὅπερ
2863 3693 2931 3767 ἦν
2958 3699 3015 3750 ὲν
3042 3697 3183 3769 ἀρχῇ
3218 3697 3576 3768 ἀναφοίτησιν
3599 3696 3709 3749 τῶν

2130 3791 2616 3862 κατεφθαρμένων,
2645 3789 2724 3859 τῷ
2747 3787 2859 3857 τῆς
2882 3788 3459 3859 ἁνακεφαλαιώσεως
3484 3788 3709 3859 σαφηνί-

2132 3884 2238 3947 ζων
2266 3884 2510 3952 ὀνόματι.
2542 3881 2882 3953 Διεμέμνητο
2911 3882 3019 3951 γάρ
3042 3898 3165 3942 που,
3202 3880 3344 3934 κατά
3364 3898 3427 3948 γε
3454 3879 3515 3934 τὸ
3540 3880 3707 3943 εἰκὸς,

2130 3974 2265 4027 Θεοῦ
2291 3973 2537 4041 λέγοντος
2579 3972 2666 4025 διὰ
2716 3972 2901 4043 φωνῆς
2945 3969 3273 4042 προφητῶν·
3312 3989 3333 4022 ι
3372 3969 3463 4041 Μὴ
3497 3986 3709 4039 μνημο-

2132 4066 2317 4120 νεύετε
2364 4065 2433 4118 τά
2465 4066 2675 4136 πρῶτα,
2715 4064 2808 4117 καὶ
2848 4062 2916 4117 τὰ
2944 4063 3145 4133 ἀρχαῖα
3186 4060 3263 4132 μὴ
3308 4059 3705 4129 συλλογίζεσθε.

2147 4159 2276 4212 Ἰδοὺ
2306 4157 2417 4225 ἐγὼ
2442 4157 2580 4211 ποιῶ
2612 4157 2798 4217 καινὰ,
2827 4156 2862 4211 ἃ
2890 4155 2985 4209 νῦν
3020 4154 3283 4217 ἀνατελεῖ,
3312 4153 3406 4206 καὶ
3436 4150 3708 4220 γνώσεσθε

2132 4246 2290 4299 αὑτά.
2323 4265 2341 4297 ι
2370 4246 2656 4316 Τοιγάρτοι
2686 4246 2779 4297 καὶ
2807 4244 2967 4305 αὐτὸς
2994 4243 3085 4296 ἆτε
3111 4246 3200 4296 καὶ
3228 4242 3389 4305 θείοις
3413 4241 3711 4313 ἐντεθραμι-

2137 4338 2295 4408 μένος
2325 4338 2523 4407 λόγοις,
2556 4338 2654 4408 τὴν
2694 4340 2751 4390 ὲν
2795 4337 3005 4400 τούτοις
3033 4339 3165 4408 ἡμῖν
3193 4336 3589 4407 προαγόρευσιν
3615 4337 3707 4389 ὲκ·

448 4423 629 4487 tritus,
653 4440 773 4493 quae
815 4425 975 4479 nobis
1026 4425 1082 4479 in
1126 4425 1214 4480 his
1250 4426 1508 4495 prtedicta
1546 4433 1695 4490 sunt,
1730 4424 1892 4481 ﬁnem
1919 4427 2027 4495 jam

2135 4430 2554 4501 πεπερασμένην
2589 4430 2690 4500 ἤδη
2718 4445 2833 4491 πως
2863 4429 2920 4480 ὲν
2946 4426 3170 4498 Χριστῷ
3201 4427 3482 4497 παρέδειξε
3514 4426 3706 4495 λέγων’

445 4515 639 4568 sortita
666 4530 786 4569 esse
828 4516 884 4568 in
926 4515 1146 4572 Christo
1175 4517 1434 4581 ostendit,
1470 4517 1661 4572 dicens
1690 4535 1700 4571 :
1737 4536 1755 4569 ι
1787 4516 1943 4583 Quod
1984 4518 2027 4571 si

2141 4544 2159 4576 ‹
2200 4524 2362 4575 Ὥστε
2406 4522 2573 4585 εἴτις
2619 4523 2676 4573 ὲν
2718 4518 2938 4590 Χριστῷ
2983 4518 3145 4589 καινὴ
3179 4517 3376 4583 κτίσις,
3402 4518 3470 4571 τὰ
3507 4518 3710 4588 ἀρχαῖα

446 4626 568 4679 quae
602 4610 660 4665 in
690 4612 909 4668 Christo
942 4622 1027 4667 est
1052 4627 1194 4667 nova
1223 4620 1506 4676 creatura,
1537 4621 1726 4668 vetera
1756 4614 2027 4683 praeterie-

2131 4612 2431 4683 παρῆλθεν,
2466 4611 2574 4664 ἰδοὺ
2604 4610 2796 4678 γέγονε
2839 4607 2906 4661 τὰ
2933 4607 3108 4660 πάντα
3142 4605 3323 4659 καινά.
3369 4624 3388 4658 ι
3444 4607 3711 4664 ’Λνεστοι-

448 4709 604 4768 runt;
644 4718 774 4759 ecce
816 4704 959 4758 facta
1005 4710 1135 4757 sunt
1167 4704 1353 4756 omnia
1396 4719 1536 4759 nova
1582 4703 1623 4758 ⁸.
1670 4723 1689 4755 ι
1738 4704 2027 4760 Reiormati

2133 4700 2407 4773 χειὼμεθα
2422 4700 2530 4770 γὰρ
2553 4702 2608 4752 ὲν
2624 4695 2861 4767 Χριστῷ,
2883 4695 2977 4749 καὶ
3004 4695 3306 4764 γεγόναμεν
3329 4696 3486 4767 καινὴ
3509 4696 3707 4761 κτίσις.

445 4793 594 4848 enim
627 4810 818 4850 sumus
847 4796 901 4850 in
935 4795 1179 4860 Christo,
1206 4804 1263 4850 et
1293 4794 1419 4849 facti
1452 4810 1595 4850 nova
1624 4803 1878 4849 creatura
1908 4814 1921 4847 :
1950 4806 2027 4849 at-

2130 4791 2242 4844 Καὶ
2263 4793 2319 4843 ὲν
2340 4788 2488 4856 αὖτῷ
2510 4787 2572 4857 δὴ
2605 4788 2698 4839 καὶ
2725 4786 2870 4855 μόνῳ
2897 4784 2958 4837 τὸ
2988 4786 3173 4839 καινὸν
3203 4784 3372 4856 ὄνομα
3401 4786 3710 4856 πεπλουτή-
3737 4818 3742 4859 ς

445 4899 552 4953 quc
586 4884 643 4939 in
683 4886 822 4954 ipso,
852 4894 910 4940 et
943 4887 1165 4956 quidem
1202 4888 1339 4951 solo,
1372 4901 1575 4939 novum
1610 4901 1811 4941 nomen
1852 4887 2027 4955 adepti

2133 4899 2327 4954 καμεψ
2357 4878 2670 4949 κεκλήμεθα
2688 4878 2794 4948 γὰρ
2820 4877 3078 4948 Χριστοῦ.
3098 4877 3208 4931 Καὶ
3223 4875 3354 4945 γοῦν
3369 4877 3530 4930 πάλιν
3550 4876 3709 4938 αὐτός

445 4992 656 5032 sumus.
703 4978 892 5034 Vocati
945 4979 1094 5033 enim
1141 4995 1335 5035 sumus
1381 4976 1608 5034 Christi.
1660 4977 2027 5045 Quamobrem

2137 4975 2238 5028 που
2263 4958 2425 5044 φησιν
2448 4972 2476 5026 ὁ
2500 4970 2782 5032 θεσπέσιος
2801 4968 3007 5031 Παῦλος
3024 4973 3153 5040 περῖ⁹
3180 4968 3355 5040 ἡμῶν·
3390 4987 3407 5019 ι
3448 4969 3512 5020 Oi
3540 4968 3596 5021 δὲ
3616 4966 3708 5021 τοῦ

445 5069 589 5124 idem
640 5070 861 5125 divinus
892 5070 1101 5127 Paulus
1140 5069 1272 5126 alibi
1316 5085 1535 5125 rursum
1578 5069 1647 5124 de
1692 5068 1853 5124 nobis
1892 5069 1970 5122 ait
2013 5086 2025 5120 :

2136 5063 2374 5135 Χριστοῦ
2412 5061 2584 5132 Ἰησοῦ
2631 5060 2730 5131 τὴν
2764 5062 2939 5132 σάρκα
2964 5059 3315 5132 ἐσταύρωσαν
3342 5059 3437 5113 σὺν
3463 5062 3577 5121 τοῖς
3606 5074 3712 5113 πα·

452 5181 472 5213 ι
506 5161 610 5230 Qui
632 5172 818 5218 autem
842 5172 974 5218 sunt
1001 5162 1206 5218 Christi
1231 5161 1382 5225 Jesu,
1412 5177 1635 5217 carnem
1667 5176 1823 5217 suam
1852 5159 2027 5215 cruci-

2137 5155 2346 5225 θήμασι
2393 5153 2487 5206 καὶ
2518 5153 2639 5214 ταῖς
2672 5151 3006 5219 ἐπιθυμίαις.
3058 5169 3076 5201 ι
3136 5147 3499 5220 Ἀγιοπρεπὴς
3536 5146 3645 5218 γὰρ
3681 5148 3711 5200 ό

446 5253 688 5308 ﬁxerunt
732 5270 859 5309 eum
906 5254 1058 5310 vitiis
1099 5263 1158 5311 et
1196 5253 1667 5325 concupiscentiis
1704 5253 1747 5306 9.
1782 5272 1801 5303 ι
1834 5252 2027 5306 Sancta

2138 5246 2252 5315 βίος
2280 5247 2390 5306 τοῖς
2416 5245 2473 5295 ἐν
2510 5241 2751 5313 Χριστῷ,
2783 5243 2876 5294 καὶ
2909 5240 3185 5312 σαρκικῶν
3213 5237 3469 5291 ἐπέκεινα
3499 5236 3709 5301 παθῶν,

446 5345 594 5399 enim
623 5355 708 5400 est
733 5347 846 5401 vita
870 5361 1061 5401 eorum
1084 5345 1180 5416 qui
1205 5346 1259 5400 in
1283 5345 1503 5402 Christo
1527 5345 1741 5408 vivunt,
1766 5351 1823 5399 et
1846 5356 2037 5397 cama-

448 5436 594 5493 libus
616 5437 1197 5507 aﬂ‘ectibussuperior,
1220 5444 1552 5507 terrenaque
1573 5433 1922 5490 immunditia
1944 5447 2037 5487 va-

449 5543 569 5582 cua.
608 5528 763 5596 Quod
806 5537 989 5584 autem
1033 5528 1398 5585 adventorum
1431 5539 1580 5584 esset
1623 5526 1785 5581 nobis
1834 5539 2035 5582 nomen

452 5631 674 5682 novum,
717 5618 952 5673 inditum
986 5618 1145 5672 nobis
1177 5618 1234 5671 in
1262 5617 1501 5683 Christo,
1540 5616 1891 5673 manifestum
1922 5613 2038 5667 fue-

2134 5336 2229 5389 καὶ
2265 5333 2500 5404 γεώδους
2542 5332 2900 5403 ἀκαθαρσίας.
2937 5332 3059 5383 Ὀτι
3090 5330 3147 5384 δὲ
3182 5328 3406 5400 ἔμελλεν
3433 5327 3584 5398 ἥξειν
3625 5328 3711 5396 ἐφ’

2134 5429 2282 5499 ἡμᾶς
2318 5426 2379 5479 τὸ
2420 5426 2603 5479 καινὸν
2628 5423 2874 5495 ὄνοματὸ
2903 5422 3193 5493 ἐπικληθὲν
3219 5422 3351 5492 ἡμῖν
3379 5422 3435 5473 ὲν
3468 5416 3709 5489 Χριστῷ,

2138 5518 2305 5581 σαφὲς
2355 5516 2422 5570 ἂν
2465 5516 2697 5583 γένοιτο,
2743 5512 2877 5565 Θεοῦ
2916 5510 3341 5583 διακεκραγότος
3386 5507 3478 5562 διὰ
3529 5506 3713 5579 φωνῆς

2138 5609 2307 5677 ἁγίων
2327 5625 2340 5640 ο
2383 5628 2401 5660 ι
2446 5609 2570 5670 Τοῖς
2595 5605 2903 5660 δουλεύουσί
2930 5623 3020 5675 μοι
3048 5603 3382 5674 κληθήσεται
3401 5599 3571 5671 ὄνομα
3594 5618 3712 5655 και-

524 5804 544 5835 ⁸
581 5804 739 5860 Βοίη.
772 5822 824 5871 x,
853 5806 906 5861 4.
985 5805 1005 5836 ⁸
1034 5805 1235 5873 Ephes.
1267 5820 1305 5869 ι,
1342 5803 1424 5857 lO.
1502 5805 1521 5835 ⁷
1552 5803 1654 5858 Isa.
1684 5819 1829 5870 xun,
1864 5802 1948 5856 l8.

2145 5798 2269 5853 Cor.
2304 5815 2355 5859 v,
2386 5797 2478 5863 i7;
2515 5798 2679 5865 Apoc.
2713 5811 2821 5857 xm,
2850 5794 2900 5847 li.
2980 5794 2999 5824 ⁹
3028 5791 3202 5846 Galat.
3232 5807 3283 5853 v,
3314 5790 3402 5847 24.
