4092 6462
299 399 360 453 l7
1324 394 1845 451 GLAPHYRORUM
1879 396 1945 451 IN
1988 394 2289 452 GENESIM
2327 395 2457 451 LIB.
2501 395 2537 449 Ι.
3526 386 3586 438 l‘l

297 514 403 581 τὸν,
428 514 457 568 6
487 512 926 585 εύλογηθὴσεται
959 513 1052 565 ἐπὶ
1077 512 1175 583 τῆς
1204 513 1360 582 γῆς.)
1393 512 1760 584 Εὑλογήσουσι
1783 512 1891 585 γὰρ

2015 516 2088 580 'it,
2137 517 2409 571 clamante
2453 514 2564 568 Deo
2600 527 2698 583 per
2743 524 2936 567 vocem
2979 517 3296 562 sanctorum
3338 524 3350 558 :
3390 524 3405 555 ι
3458 504 3585 560 Scr-

295 608 384 660 τὸν
418 606 555 658 Θεὸν
592 605 685 660 τὸν
736 603 1014 677 ἀληθινόν.
1070 604 1280 659 Οὐκοῦν
1319 604 1619 674 ἐπειδήπερ
1665 605 1764 658 οὐκ
1824 604 1890 658 ἂν

296 697 593 751 ἑνδοιάσειέ
631 714 740 760 τις,
784 695 924 768 ὀρθὰ
969 697 1062 749 καὶ
1100 696 1287 749 εἰκότα
1321 699 1540 765 φρονεῖν
1590 696 1889 768 ᾑρημένος,

296 791 376 842 δτι
415 789 582 843 καινά
629 788 860 856 γέγονεν
883 788 943 840 ὲν
979 785 1224 858 Χριστῷ,
1261 787 1417 857 φέρε,
1453 786 1892 858 καταθρήσωμεν

295 879 392 950 τὴν
420 879 733 933 παλαίωσιν
773 879 900 949 ἥτις
934 877 1066 932 ποτέ
1096 879 1234 942 ἐστι,
1268 878 1364 930 καὶ
1389 876 1535 940 τινος
1577 877 1643 932 ἂν
1684 876 1894 945 λέγοιτο

297 969 553 1038 γενέσθαι
579 971 744 1041 τυχὸν
779 972 814 1043 η
845 971 979 1043 πρὸς
1009 969 1235 1039 ἄμεινον
1264 970 1660 1039 ἐπανόρθωσις,
1682 970 1758 1033 ὡς
1785 970 1894 1022 ἀπό

297 1080 358 1128 γε
378 1064 475 1117 τοῦ
500 1064 581 1135 μὴ
604 1066 685 1127 εἰς
713 1063 863 1118 άπαν
888 1062 1166 1135 ἐρρῶσθαι
1184 1080 1245 1116 τε
1273 1064 1366 1116 καὶ
1396 1062 1695 1132 ἀλωὸήτως
1727 1061 1892 1132 ἔχειν·

298 1156 462 1225 ἤγουν
495 1154 609 1208 ἀπὸ
655 1155 749 1209 τοῦ
785 1154 1259 1226 κατεφθαρμένου,
1292 1157 1387 1209 καὶ
1419 1157 1499 1217 εἰς
1525 1156 1662 1226 ὅπερ
1700 1154 1800 1207 οὐκ
1825 1148 1895 1224 ἦν

299 1246 356 1297 ἐν
387 1246 590 1316 ἀρχαῖς
625 1245 910 1316 ἀδοκήτως
942 1247 1409 1317 ύπενηνεγμένου.
1464 1245 1645 1317 Εἰδείη
1690 1246 1799 1315 γὰρ
1831 1244 1896 1298 ἂν

297 1330 399 1391 ὧδέ
425 1352 534 1401 τις,
572 1339 670 1391 καὶ
704 1338 852 1410 μάλα
880 1338 1079 1410 ὀρθῶς,
1117 1337 1178 1392 τὸ
1217 1339 1448 1404 ὅποιπερ
1482 1337 1548 1393 ἂν
1581 1340 1712 1409 ἡμῖν
1746 1338 1774 1389 6
1801 1337 1896 1392 τοῦ

303 1427 662 1498 προτεθέντος
690 1428 853 1495 λόγου
884 1427 1089 1499 διᾴττει
1121 1428 1345 1496 σκοπὸς,
1377 1430 1470 1482 καὶ
1497 1428 1555 1481 τὸ
1581 1428 1898 1499 ἀμωμήτως

302 1515 442 1587 ἔχον,
474 1515 748 1587 ἐξοίχοιτο
784 1516 851 1570 ἂν
878 1516 1154 1587 οὐδαμῶς.

373 1779 439 1853 β’.
479 1780 697 1837 Οὐκοῦν
723 1781 752 1835 6
776 1782 885 1836 τῶν
907 1783 1042 1837 ὅλων
1072 1784 1462 1856 ἀριστοτέχνης
1494 1784 1645 1847 Θεὸς,
1677 1783 1900 1853 δυνάμει

1993 604 2272 660 viemibus
2296 603 2432 659 mihi
2455 603 2743 659 vocabitur
2767 615 2969 655 nomen
2998 613 3222 663 novum,
3252 594 3399 666 quod
3424 595 3591 651 bene-

1993 694 2209 749 dieetur
2240 710 2406 764 super
2453 702 2654 749 terram
2688 692 2750 745 ¹⁰.
2806 710 2824 743 ι
2870 687 3206 744 Benedicth
3237 687 3384 742 enim
3415 684 3587 739 Deum

1994 800 2207 840 verum.
2249 784 2386 841 Cum
2421 784 2604 855 itaque
2637 797 2824 846 nemo,
2871 779 2967 851 qui
3012 786 3161 833 recte
3194 776 3400 832 sentire
3435 774 3588 839 velit,

1994 876 2334 932 dubitaverit
2373 876 2521 946 quod
2569 891 2711 929 nova
2750 872 2894 928 facta
2932 872 3045 925 sint
3076 869 3133 924 in
3164 867 3413 934 Christo,
3446 882 3593 936 qum—

1995 984 2121 1023 nam
2157 968 2275 1023 haec
2313 967 2617 1037 antiquatio
2646 966 2762 1021 sive
2791 972 3039 1019 veterum
3073 958 3300 1014 abolitio
3334 957 3427 1023 sit,
3472 973 3590 1029 age,

1995 1061 2442 1124 consideremus,
2477 1068 2534 1114 et
2567 1059 2853 1129 cuiusnam
2908 1056 2990 1110 rei
3034 1053 3178 1108 facta
3225 1067 3345 1130 esse
3379 1050 3594 1105 dicatur

1998 1153 2054 1207 in
2077 1151 2275 1206 melius
2301 1150 2631 1231 instauratio
2652 1168 2664 1203 :
2688 1147 2953 1203 nimirum
2982 1161 3050 1200 ex
3075 1159 3141 1199 eo
3167 1142 3313 1214 quod
3342 1158 3450 1196 non
3482 1157 3598 1196 om—

1997 1245 2130 1305 nino
2159 1244 2436 1314 integrum
2482 1250 2620 1310 erat,
2654 1255 2834 1311 neque
2862 1252 3092 1310 prorsus
3131 1236 3382 1299 illmsum,
3412 1245 3506 1290 aut
3532 1248 3597 1285 ex

1999 1353 2066 1394 eo
2120 1336 2265 1408 quod
2300 1342 2629 1406 corruptum
2670 1341 2792 1389 erat
2825 1341 2991 1402 atque
3045 1346 3076 1384 a
3109 1328 3291 1399 priore
3322 1336 3465 1381 statu
3511 1325 3597 1376 in-

2000 1437 2159 1483 caute
2204 1427 2527 1482 desciverat.
2564 1426 2653 1481 Ita
2677 1424 2848 1490 enim,
2885 1432 2941 1478 et
2974 1420 3198 1491 quidem
3224 1426 3372 1473 recte
3407 1416 3597 1470 admo-

2002 1520 2155 1586 dum,
2189 1535 2431 1589 quonam
2449 1519 2610 1573 nobis
2643 1515 2915 1588 propositi
2944 1511 3217 1569 sermonis
3249 1524 3448 1579 scepus
3478 1517 3599 1561 ten-

2002 1613 2130 1678 dat,
2164 1612 2221 1685 4
2253 1612 2598 1684 intelligitur,
2627 1608 2888 1677 nullaque
2928 1604 3153 1675 ratione
3204 1616 3368 1657 verus
3407 1612 3602 1654 sensus

2003 1719 2106 1758 nos
2149 1702 2371 1773 fugerit.

2076 1793 2128 1847 2.
2161 1792 2413 1863 Optimus
2453 1791 2638 1863 itaque
2671 1789 2921 1845 omnium
2967 1785 3147 1856 epifex
3178 1785 3343 1845 Deus,
3382 1779 3600 1852 propria

304 1876 368 1944 τῇ
387 1873 496 1944 ἰδίᾳ
517 1873 617 1927 καὶ
644 1878 1042 1947 παντουργικῇ,
1068 1876 1341 1942 τουτέστι,
1367 1876 1444 1948 τῷ
1476 1875 1606 1947 Υἱῴ,
1635 1877 1771 1946 πρὸς
1796 1878 1902 1929 πᾶν

2015 1902 2103 1942 sua
2135 1884 2380 1956 potentia
2415 1884 2663 1938 omnium
2696 1880 2997 1945 ell‘eetrice,
3042 1878 3149 1933 hoc
3188 1885 3291 1942 est,
3329 1873 3486 1935 Filio,
3534 1871 3603 1925 ad

305 1962 482 2017 ὁτιοῦν
529 1963 643 2017 τῶν
670 1964 965 2036 πρακτέων
1025 1967 1338 2038 χρώμενος’
1400 1986 1418 2018 ι
1456 1966 1653 2036 Γέγονε
1698 1966 1807 2039 γάρ
1834 1967 1899 2020 δι’

307 2054 468 2108 αὐτοῦ
490 2054 566 2108 τά
596 2054 802 2123 πάντα,
839 2057 936 2109 καὶ
969 2059 1138 2131 χωρὶς
1161 2057 1327 2112 αὐτοῦ
1355 2059 1573 2127 ἐγένετο
1613 2058 1733 2111 οὐδὲ
1763 2058 1843 2110 ἕν’
1879 2078 1897 2110 ι

307 2147 533 2218 οὐρανόν
580 2165 645 2201 τε
684 2150 780 2202 καὶ
821 2148 928 2219 γῆν
954 2150 1049 2204 καὶ
1084 2150 1192 2221 πρό
1221 2166 1285 2220 γε
1313 2150 1423 2203 τῶν
1456 2150 1633 2204 ἄλλων
1662 2152 1718 2203 ὲν
1762 2150 1903 2222 ἀρχῇ

304 2239 707 2313 διετεκτήνατο,
759 2243 854 2295 καὶ
894 2243 1033 2313 πρὸς
1072 2242 1289 2310 γένεσιν
1338 2242 1545 2308 ἐκάλει,
1587 2243 1767 2297 καίτοι
1829 2242 1904 2313 μὴ

306 2330 431 2384 ὅντα
451 2332 611 2387 ποτέ.
638 2332 762 2397 Πῶς
782 2334 840 2387 δὲ
865 2334 995 2406 ἄρα,
1024 2335 1190 2406 τυχὸν
1213 2335 1359 2397 εἴτις
1378 2334 1578 2407 ἔροιτο,
1603 2336 1697 2389 καὶ
1720 2334 1903 2399 πόθεν,

306 2420 606 2480 ἀκούσεται
635 2426 774 2498 πρὸς
804 2426 964 2497 ἡμῶν
1001 2426 1063 2480 τὸ
1090 2427 1254 2495 σοφὸν
1278 2426 1344 2498 δὴ
1374 2426 1533 2480 τοῦτο
1563 2427 1658 2481 καὶ
1685 2427 1907 2498 ἄριστον

306 2515 556 2585 ἀληθῶς·
600 2536 620 2569 ι
651 2516 749 2582 Τις
791 2516 935 2587 ἔγνω
974 2516 1099 2572 νοῦν
1136 2518 1381 2589 κυρίους
1421 2517 1455 2589 ἦ
1486 2517 1573 2582 τίς
1604 2517 1907 2589 σύμϐουλος

308 2606 470 2660 αὐτοῦ
504 2608 759 2678 ὲγένετος
794 2628 812 2661 ι
847 2611 911 2664 Et
944 2610 1054 2681 γὰρ
1080 2610 1143 2681 δή
1169 2627 1249 2674 τις
1287 2610 1462 2664 ἕλοιτο
1494 2610 1563 2662 τά
1591 2609 1767 2664 τοιάδε
1793 2609 1910 2662 δια-

312 2700 524 2770 μαθεῖν,
549 2703 639 2756 ὅτι
668 2702 857 2775 δεήσει
884 2704 1104 2768 πάντως
1130 2702 1280 2774 αὐτῷ
1313 2705 1405 2757 καὶ
1445 2701 1537 2756 νοῦ
1569 2702 1663 2757 καὶ
1693 2702 1908 2775 φρενὸς,

310 2794 450 2848 κατά
513 2812 583 2863 γε
629 2795 730 2866 τὴν
782 2798 838 2849 ὲν
888 2796 1009 2868 Θεῷ
1062 2796 1383 2867 νοουμένην,
1436 2798 1538 2850 οὐκ
1583 2799 1906 2868 ἀμφίλογον.

321 2886 456 2939 Ἀλλ’
484 2889 574 2942 ὅτι
607 2888 783 2960 μικρά
810 2890 881 2943 τὰ
901 2891 959 2943 ὲν
990 2890 1122 2961 ἡμῖν
1144 2891 1178 2961 ἦ
1208 2890 1303 2944 καὶ
1331 2890 1485 2943 οὐδὲν
1517 2890 1653 2954 ὅλως
1674 2891 1748 2954 ὡς
1778 2892 1912 2961 πρὸς

309 2979 459 3046 Θεὸν,
502 2985 766 3053 σαφηνιεί
798 2982 856 3035 δὲ
885 2980 1060 3052 λέγων
1094 2983 1256 3048 αὐτός
1290 2999 1303 3013 ο
1336 3001 1353 3033 ι
1393 2983 1466 3036 Ού
1519 2982 1628 3054 γάρ
1675 2984 1815 3035 εἰσιν
1857 2984 1912 3035 αἱ

312 3072 495 3143 βουλαί
524 3091 659 3145 μου,
706 3074 784 3137 ὡς
818 3077 873 3128 αἱ
914 3075 1103 3145 βουλαὶ
1143 3075 1320 3146 ὑμῶν,
1353 3075 1473 3129 οὐδὲ
1500 3074 1690 3146 ὥσπερ
1719 3076 1775 3128 αἱ
1802 3074 1914 3128 ὁδοὶ

312 3163 487 3234 ὑμῶν,
538 3165 600 3217 αἱ
646 3165 755 3219 ὁδοί
808 3184 935 3238 μου.
979 3166 1121 3219 Ἀλλ’
1149 3166 1226 3230 ὡς
1255 3166 1502 3237 ἀπέχειὸ
1549 3165 1775 3238 οὐρανὸς
1808 3165 1915 3220 ἀπὸ

2006 1991 2394 2049 quamcunque
2419 1991 2534 2030 rem
2562 1973 2827 2045 agendam
2854 1962 2988 2027 usus
3019 1990 3031 2026 :
3065 1989 3083 2022 ι
3111 1967 3306 2025 Omnia
3331 1966 3479 2020 enim
3510 1978 3607 2033 per

2008 2071 2191 2141 ipsum
2220 2069 2361 2125 facta
2393 2076 2541 2132 sunt,
2576 2076 2630 2122 et
2661 2068 2778 2121 sine
2811 2065 2929 2135 ipso
2959 2063 3162 2118 factum
3197 2069 3279 2115 est
3309 2059 3446 2113 nihil
3480 2060 3543 2121 ¹¹,
3581 2080 3595 2107 ι

2008 2164 2208 2219 coelum
2249 2178 2312 2217 ac
2348 2170 2572 2224 terram,
2608 2156 2915 2228 etquidem
2948 2164 3074 2209 ante
3104 2154 3210 2208 alia
3254 2152 3411 2205 initio
3450 2166 3603 2204 crea-

2007 2260 2109 2321 vit,
2141 2267 2197 2312 et
2227 2257 2295 2312 ad
2323 2265 2506 2311 ortum
2534 2254 2771 2318 vocavit,
2798 2266 2924 2307 cum
2963 2250 3168 2320 alioqui
3196 2261 3481 2316 nunquam
3509 2260 3604 2298 ex-

2009 2348 2299 2425 stitissent.
2334 2346 2390 2401 Si
2429 2354 2610 2400 autem
2644 2344 2828 2398 forsan
2860 2342 2986 2413 quis
3011 2339 3178 2402 dicat,
3204 2353 3314 2407 quo
3344 2342 3522 2406 pacto,
3551 2341 3608 2386 et

2011 2440 2189 2505 unde,
2223 2439 2411 2495 audiet
2453 2454 2483 2493 a
2529 2437 2688 2492 nobis
2722 2436 2940 2507 sapiens
2972 2434 3077 2488 hoc
3107 2431 3487 2501 Optimumque
3520 2440 3608 2480 re-

2010 2546 2173 2586 vera:
2202 2551 2219 2581 (
2241 2530 2376 2597 Quis
2397 2529 2652 2600 cognovit
2685 2536 2927 2583 mentem
2949 2523 3202 2580 Domini?
3220 2528 3316 2575 aut
3334 2520 3459 2591 quis
3482 2535 3612 2574 con-

2012 2621 2255 2677 siliarius
2284 2621 2402 2692 eius
2438 2620 2543 2675 fuit
2574 2621 2649 2674 "'9
2686 2640 2703 2671 ι
2735 2619 2792 2675 Si
2825 2620 2975 2674 enim
3016 2618 3140 2688 quis
3172 2613 3490 2687 huiusmodi
3524 2629 3612 2667 res

2012 2712 2297 2784 inquirere
2329 2713 2482 2778 velit,
2518 2711 2750 2767 dubium
2790 2726 2899 2765 non
2933 2719 3017 2765 est
3047 2708 3181 2779 quin
3212 2707 3264 2762 ei
3298 2706 3613 2760 intellectus

2012 2814 2069 2863 et
2098 2821 2274 2869 mens,
2306 2804 2352 2859 si
2386 2820 2512 2858 cum
2544 2804 2656 2858 Deo
2688 2802 2962 2867 conferas,
3000 2801 3111 2855 sint
3149 2797 3423 2853 defutura.
3456 2795 3611 2862 Quod

2014 2909 2200 2955 autem
2224 2897 2445 2970 pusilla,
2469 2904 2564 2950 aut
2587 2895 2725 2949 nihil
2752 2909 2978 2964 prorsus
3002 2893 3114 2946 sint
3133 2898 3320 2945 nostra
3351 2888 3416 2943 ad
3439 2889 3612 2942 Deum

2014 2990 2234 3054 collata,
2267 2990 2500 3059 ipsemet
2528 2983 2791 3051 declarat,
2820 2983 3010 3038 dicens
3047 3000 3060 3036 :
3096 3001 3114 3034 ι
3152 2981 3274 3036 Non
3303 2980 3452 3034 enim
3485 2987 3615 3035 sunt

2015 3078 2245 3135 consilia
2274 3094 2416 3145 mea,
2448 3078 2592 3133 sicut
2624 3076 2852 3132 consilia
2887 3080 3071 3130 vestra
3097 3090 3110 3128 :
3136 3086 3318 3145 neque
3348 3070 3492 3127 sicut
3524 3085 3612 3125 se—

2016 3168 2165 3223 mita:
2205 3174 2425 3233 vestrm,
2456 3167 2560 3222 viae
2605 3181 2773 3232 mere;
2820 3164 2916 3220 sed
2950 3162 3417 3235 quemadmodum
3449 3161 3615 3215 distat

312 3255 409 3326 τῆς
452 3257 580 3327 γῆς,
641 3255 816 3320 οὕτως
869 3257 1065 3327 ἀπέχει
1113 3258 1146 3329 ἠ
1194 3257 1311 3320 ὁδός
1346 3274 1449 3329 μου
1480 3258 1587 3310 ἀπὸ
1626 3256 1735 3309 τῶν
1773 3255 1910 3309 ὁδῶν

2017 3261 2219 3317 coelum
2255 3276 2286 3315 a
2325 3269 2490 3324 terra,
2526 3259 2601 3315 ita
2634 3258 2801 3313 distat
2830 3258 2919 3313 via
2957 3273 3077 3313 mea
3111 3273 3142 3312 a
3168 3256 3274 3312 viis
3301 3256 3522 3319 vestris.
3560 3265 3616 3310 et

317 3347 488 3417 ὑμῶν,
540 3348 642 3401 καὶ
692 3347 762 3403 τά
807 3348 1146 3420 διανοήματα
1180 3348 1336 3418 ὑμῶν
1381 3349 1490 3401 ἀπὸ
1534 3348 1633 3418 τῆς
1675 3347 1917 3411 διανοίας

320 3456 442 3509 μου.
477 3458 498 3491 ο
560 3439 828 3493 Ἀνείσθω
855 3441 921 3513 δὴ
954 3436 1072 3502 οὖν,
1106 3440 1183 3503 ὡς
1213 3439 1445 3512 περιττὴ
1495 3440 1589 3493 καὶ
1618 3440 1917 3511 οὐδαμόθεν

312 3532 618 3605 ἁλώσιμος,
670 3536 704 3605 ἡ
737 3535 868 3605 περὶ
902 3534 1109 3587 τούτων
1156 3533 1409 3604 βάσανος.
1445 3536 1783 3606 Δημιουργεῖ
1809 3533 1919 3604 γὰρ

316 3625 391 3689 ὠς
414 3622 549 3691 οἶδε,
581 3627 682 3680 καὶ
720 3626 871 3690 ὅπως
901 3626 970 3681 ἂν
997 3626 1214 3681 δύναιτο
1236 3626 1390 3689 Θεός.
1434 3625 1918 3696 Ἐκπεποιημένων

318 3720 382 3792 δὴ
426 3718 522 3777 οῦν
581 3720 819 3794 ούρανοῦ
871 3720 969 3776 καὶ
1020 3721 1125 3790 γῆς
1164 3722 1222 3776 ὲν
1251 3720 1470 3791 ἀρχαῖς,
1515 3714 1635 3772 εἶτα
1672 3720 1773 3789 τῆς
1811 3718 1920 3771 τῶν

320 3812 525 3866 ὑδάτων
549 3812 797 3883 πληθύος
827 3813 907 3875 εἰς
932 3810 1029 3865 ἕνα
1052 3810 1231 3882 χῶρον
1261 3809 1721 3880 συνεσταλμένης·
1751 3808 1920 3862 εἴκειν

322 3904 428 3976 γάρ
455 3899 525 3975 ἦν
568 3905 788 3975 ἀνάγκη
839 3902 919 3974 τῷ
966 3902 1204 3972 λέγοντν
1248 3921 1267 3955 ι
1297 3900 1628 3974 Συναχθήτω
1679 3901 1742 3954 τὸ
1776 3900 1921 3973 ὕδωρ

322 3997 399 4060 εἰς
441 3995 773 4068 συναγωγὴν
826 3996 988 4067 μίανο
1055 4014 1074 4047 ι
1130 3993 1531 4060 ὲξεκαλύπτετο
1579 3993 1679 4065 μὲν
1738 3995 1771 4064 ἡ
1822 3995 1918 4062 γῆ,

325 4089 481 4152 πόαις
524 4090 588 4143 δὲ
637 4091 762 4153 ταῖς
798 4088 944 4143 οὓτω
983 4086 1289 4143 πολυειδέσι
1323 4086 1600 4156 πανταχοῦ
1646 4086 1918 4156 ὴνθίζετο,

325 4183 415 4236 καὶ
461 4177 531 4253 ἦν
582 4181 875 4253 ἀσυνήθως
923 4178 1342 4251 εὐπρεμνοτάτη
1387 4177 1562 4246 ξύλων
1623 4178 1922 4250 ἐγκάρπων

327 4272 564 4343 λαχοῦσα
612 4273 853 4344 γένεσιν.
914 4273 1099 4327 Ἠλίου
1136 4272 1194 4326 δὲ
1234 4274 1330 4326 καὶ
1370 4271 1603 4342 σελήνης
1642 4271 1925 4340 ἐφαίνοντο

329 4364 539 4431 κύκλοι,
599 4367 699 4420 καὶ
740 4366 906 4437 νόμος
943 4360 1012 4436 ἦν
1061 4366 1092 4417 6
1144 4363 1297 4436 παρά
1323 4363 1415 4417 τοῦ
1452 4362 1588 4417 Θεοῦ
1643 4363 1924 4435 βραϐεύων

327 4458 542 4531 ἑκάστῳ
567 4459 631 4514 τὸ
678 4461 781 4531 τῆς
825 4458 1002 4529 ἀρχῆς
1028 4459 1245 4530 μέτρον.
1291 4457 1571 4529 Τετάχατο
1599 4458 1729 4529 γάρ,
1765 4460 1793 4511 6
1824 4458 1927 4527 μὲν

2019 3352 2380 3424 cogitationes
2411 3360 2607 3407 vestra:
2655 3367 2685 3406 a
2716 3351 3049 3422 cogitatione
3093 3364 3214 3404 mea
3247 3349 3309 3404 ¹³.
3367 3368 3385 3401 ι
3424 3347 3617 3403 Valeat

2020 3445 2205 3515 itaque
2232 3452 2494 3515 tanquam
2532 3444 2828 3514 superﬂua,
2864 3457 3095 3513 quasque
3126 3438 3342 3511 concipi
3376 3456 3483 3494 non
3514 3456 3611 3510 po-

2019 3542 2148 3601 test,
2183 3535 2381 3591 harum
2414 3533 2933 3605 rerumindagatio.
2961 3532 3124 3588 Creat
3154 3532 3301 3587 enim
3330 3531 3476 3586 sicut
3511 3546 3611 3585 no«

2018 3628 2120 3693 vit,
2148 3635 2205 3684 et
2228 3636 2289 3682 ut
2312 3634 2511 3698 potens
2534 3632 2618 3681 est
2641 3625 2806 3680 Deus.
2838 3623 3052 3679 Creatis
3081 3624 3266 3693 itaque
3294 3621 3452 3677 initio
3475 3622 3619 3677 coelo

2020 3728 2078 3776 et
2107 3727 2273 3785 terra,
2305 3736 2369 3775 ac
2398 3718 2599 3774 deinde
2642 3732 2912 3788 aquarum
2949 3714 3304 3791 multitudine
3348 3714 3405 3768 in
3444 3727 3614 3768 unum

2020 3813 2205 3868 locum
2238 3818 2541 3877 contracta,
2568 3825 2795 3865 necesse
2819 3809 2967 3865 enim
2996 3816 3117 3863 erat
3141 3821 3336 3881 parere
3372 3805 3576 3862 dicenti
3602 3823 3615 3859 :

2031 3927 2049 3959 ι
2083 3906 2461 3978 Congregetur
2489 3919 2631 3976 aqua
2661 3903 2718 3957 in
2762 3902 3243 3974 congregationem
3288 3915 3457 3955 unam
3496 3899 3558 3961 “,
3593 3918 3610 3950 ι

2023 3999 2239 4055 detecta
2268 3998 2492 4070 quidem
2535 4004 2623 4053 est
2666 4004 2833 4062 terra,
2892 4002 3151 4064 tantaque
3180 3992 3480 4047 herbarum
3520 4007 3618 4045 va-

2025 4094 2218 4147 rietate
2242 4090 2501 4155 eilloruit,
2531 4096 2696 4160 atque
2724 4087 2986 4143 inusitato
3015 4094 3147 4141 tunc
3178 4100 3330 4140 more
3366 4083 3617 4140 fructife-

2025 4199 2215 4240 rarum
2267 4183 2529 4238 arborum
2564 4181 2708 4235 fetus
2745 4196 2814 4235 ex
2854 4194 2913 4234 se
2948 4178 3122 4233 dedit.
3150 4177 3292 4233 Solis
3338 4185 3523 4234 autem
3564 4183 3620 4229 et

2023 4276 2168 4331 luna:
2209 4275 2375 4330 orbes
2407 4280 2802 4345 apparuerunt,
2849 4268 3145 4340 divinaque
3188 4271 3276 4325 lex
3322 4268 3621 4337 unicuique

2026 4366 2171 4423 initii
2214 4368 2300 4422 sui
2335 4366 2560 4421 modum
2602 4363 3053 4435 dispertiebatur.
3092 4362 3441 4416 Constitutus
3470 4360 3619 4415 enim

2024 4465 2111 4512 est
2136 4457 2228 4511 ille
2255 4455 2479 4528 quidem
2510 4455 2565 4509 in
2598 4455 2747 4508 diem
2784 4468 2847 4509 ac
2877 4453 3257 4524 splendorem;
3290 4452 3407 4509 haec
3436 4459 3619 4505 autem

329 4552 404 4614 εἰς
428 4528 523 4622 ἠῶ*
562 4551 663 4606 καὶ
689 4528 903 4619 αύγά.ς⁸
936 4551 970 4621 ἠ
999 4549 1060 4602 δὲ
1092 4528 1172 4614 είς
1217 4548 1389 4604 νύκτα
1440 4528 1537 4603 καὶ
1569 4528 1790 4612 σκότος’
1828 4548 1912 4603 καὶ

2028 4549 2085 4605 in
2126 4557 2347 4604 noctem
2389 4555 2445 4603 et
2493 4546 2770 4602 tenebras.
2815 4528 3178 4616 Ipsum’vero
3208 4543 3376 4599 etiam
3420 4543 3621 4599 ccelum

327 4644 490 4705 αὐτὸς
518 4644 579 4699 δὲ
607 4645 725 4706 τοῖς
748 4643 974 4714 ἀστροις
1000 4641 1029 4694 6
1054 4640 1279 4712 σύμπας
1306 4642 1438 4712 ἡμῖν
1461 4639 1690 4713 οὐρανὸς
1723 4657 1854 4694 κατε
1864 4643 1923 4712 ῥ-

330 4736 565 4803 ῥαίνετο.
592 4735 704 4788 Καὶ
737 4733 844 4805 μὴν
869 4733 963 4787 καὶ
986 4731 1070 4801 ἐφ’
1098 4733 1208 4804 ὅτῳ
1230 4732 1542 4806 γεγόνασιν,
1573 4732 1922 4804 ὲθεσμοθέτει

332 4826 535 4895 λέγων·
574 4850 592 4878 ι
636 4827 749 4880 Καὶ
776 4826 1025 4880 ἔστωσαν
1083 4826 1165 4889 εἰς
1199 4827 1404 4897 σημεῖα
1432 4826 1525 4878 καὶ
1569 4826 1650 4887 εἰς
1675 4827 1920 4898 καιροὺς,

333 4920 421 4972 καὶ
453 4921 536 4983 εις
568 4919 787 4991 ἡμέρας
840 4918 936 4972 καὶ
978 4918 1059 4981 εἰς
1088 4917 1394 4983 ἐνιαυτοὺς,
1428 4917 1523 4971 καὶ
1555 4914 1799 4971 ἔστωσαν
1844 4917 1924 4980 εἰς

335 5009 531 5077 φαῦσιν
578 5010 637 5062 ὲν
671 5008 753 5079 τῷ
787 5006 1129 5079 στερεώματι
1181 5006 1274 5061 τοῦ
1323 5006 1578 5079 οὐρανοῦ,
1625 5007 1766 5061 ὥστε
1799 5009 1923 5077 φαί-

335 5119 438 5155 νειν
467 5102 564 5156 ἐπὶ
591 5102 694 5172 τῆς
718 5101 844 5172 γῆς.
884 5119 903 5152 ι
951 5100 1171 5170 Ἐπειδὴ
1202 5100 1260 5154 δὲ
1288 5099 1401 5171 ζωὴ
1422 5100 1563 5155 κατά
1590 5100 1752 5170 φύσιν
1776 5103 1924 5154 ἐστὶν

335 5202 360 5252 6
392 5200 501 5254 τῶν
533 5200 673 5254 ὅλων
698 5199 1069 5272 Δημιουργὸς,
1097 5200 1192 5253 καὶ
1219 5196 1388 5269 αὐτὴν
1432 5197 1540 5251 τῶν
1581 5198 1789 5252 ὑδάτων
1826 5197 1925 5267 τὴν

335 5293 492 5359 φύσιν
528 5293 743 5364 μητέρα
773 5292 992 5364 νηκτῶν
1024 5293 1120 5345 καὶ
1146 5291 1257 5345 τῶν
1288 5292 1368 5355 εἰς
1395 5290 1535 5362 ἀέρα
1566 5290 1783 5362 πτηνῶν
1813 5292 1928 5362 εἰρ-

340 5386 552 5452 γάζετο.
581 5387 622 5440 Γ
624 5388 690 5456 ἧν
724 5386 782 5440 δὲ
828 5386 893 5457 δὴ
923 5385 1087 5438 πάλιν
1132 5384 1352 5438 ἐκέλευε
1385 5385 1480 5436 καὶ
1512 5382 1728 5453 κτηνῶν
1757 5383 1923 5436 πολύ-

340 5497 542 5551 μορφον
568 5478 821 5533 ἐκδοῦναι
855 5478 1041 5549 φύσιν,
1081 5479 1175 5533 καὶ
1205 5477 1387 5550 θηρῶν
1420 5477 1629 5548 ἀγρίων
1654 5477 1925 5530 ἀτίθασσα

335 5571 485 5641 γένη.
520 5574 627 5626 Καὶ
652 5572 891 5643 ἀμελητὶ
918 5572 980 5625 τὸ
1006 5571 1195 5625 δοκοῦν
1227 5572 1321 5623 καὶ
1342 5571 1482 5641 ὑπὲρ
1514 5569 1637 5623 νοῦν
1663 5570 1749 5637 ὲξε
1761 5570 1929 5640 πράτ-

337 5679 476 5716 τετο.
509 5663 620 5734 Ἐφ’
646 5665 867 5734 ἑκάστῳ
888 5665 994 5718 τῶν
1026 5662 1431 5733 πεποιημένων,
1470 5662 1648 5731 Λόγος
1673 5658 1740 5731 ἦν
1768 5663 1795 5713 6
1829 5663 1925 5731 δη-

415 5777 647 5850 ‘°;‘gpoc.
679 5797 736 5850 ιι,
767 5780 863 5848 l7;
894 5797 974 5847 ιιι,
1007 5780 1091 5834 ιε.

512 5794 647 5848 φορ.
679 5797 736 5848 ιι,
767 5780 863 5848 l7;
894 5797 974 5847 ιιι,
1007 5780 1091 5834 li.
1212 5780 1247 5809 “
1285 5777 1440 5834 Joan.
1480 5795 1516 5843 ι,
1551 5778 1601 5832 5.

347 5847 428 5915 14,
463 5846 547 5904 i5.

1720 5778 1758 5808 ¹²
1795 5777 1954 5831 Rom.
1991 5790 2063 5838 χι,
2098 5772 2184 5827 54.

2029 4652 2205 4699 totum
2235 4641 2410 4699 stellis
2442 4639 2763 4712 insignitum
2806 4646 2912 4694 est.
2955 4638 3014 4693 ιιι
3056 4653 3222 4709 quem
3262 4653 3430 4709 porro
3460 4652 3621 4692 usum

2028 4736 2169 4791 facta
2200 4735 2331 4799 sint,
2374 4732 2583 4796 docuit,
2612 4731 2804 4787 dicens
2846 4748 2860 4785 :
2897 4750 2915 4782 ι
2950 4731 3019 4787 Et
3042 4730 3155 4787 sint
3178 4731 3235 4786 in
3272 4730 3448 4803 signa,
3478 4737 3534 4785 et
3566 4730 3623 4784 in

2027 4837 2297 4897 tempora,
2323 4835 2380 4881 et
2409 4826 2464 4879 in
2499 4824 2638 4888 dies,
2662 4833 2718 4880 et
2755 4825 2812 4878 in
2852 4838 3026 4878 annos
3055 4840 3067 4876 :
3097 4830 3154 4877 et
3186 4823 3297 4877 sint
3332 4822 3387 4876 in
3412 4822 3622 4877 illumi-

2028 4921 2310 4974 nationem
2345 4917 2399 4971 in
2433 4916 2778 4971 firmamento
2805 4915 2952 4979 caeli,
2979 4922 3042 4968 ut
3066 4914 3290 4970 luceant
3315 4930 3482 4985 super
3507 4922 3624 4969 ter—

2030 5024 2147 5064 ram
2183 5008 2246 5063 ιθ.
2302 5027 2321 5060 ι
2368 5006 2507 5064 Cum
2552 5023 2687 5062 vero
2718 5006 2832 5062 vita
2878 5005 3207 5065 naturaliter
3256 5004 3329 5059 sit
3374 5005 3625 5059 omnium

2031 5101 2245 5172 Opil‘ex,
2271 5100 2446 5172 ipsam
2477 5099 2645 5154 etiam
2671 5112 2939 5169 aquarum
2965 5106 3239 5163 naturam,
3272 5105 3507 5153 matrem
3531 5114 3626 5154 na-

2032 5195 2269 5252 tatilium
2323 5201 2380 5249 et
2406 5193 2692 5248 volucrum
2741 5205 2927 5246 aerem
2973 5190 3395 5261 permeantium,
3428 5206 3625 5262 opera—

2035 5295 2125 5344 tus
2171 5294 2274 5341 est.
2311 5285 2539 5341 Terram
2583 5298 2716 5337 vero
2761 5297 2980 5337 rursum
3016 5282 3184 5353 jussit
3228 5284 3625 5342 multiformem

2028 5382 2408 5451 iumentorum
2447 5385 2701 5431 naturam
2726 5375 2911 5441 edere,
2944 5384 3001 5430 et
3029 5375 3272 5431 ferorum
3304 5376 3626 5431 animalium

2036 5470 2300 5526 indomita
2351 5482 2585 5539 genera,
2642 5466 3165 5538 promptissimeque
3212 5463 3481 5537 quidquid
3520 5465 3626 5534 ipsi

2035 5562 2285 5633 placuit,
2362 5575 2641 5630 supraque
2708 5574 2930 5614 omnem
3012 5558 3354 5613 intellectum
3419 5555 3623 5611 cﬂ‘ecit.

2035 5656 2478 5725 Uniuseuiusque
2528 5638 2693 5707 enim‘
2718 5652 2795 5709 rei
2840 5667 3005 5723 quam
3050 5651 3199 5717 fecit,
3225 5648 3469 5706 Verbum
3503 5645 3626 5718 cpi-

2306 5771 2343 5801 ’³
2376 5769 2475 5823 lsa.
2518 5785 2598 5835 ω’,
2632 5769 2683 5836 8,
2715 5770 2765 5824 9.
2886 5770 2927 5800 ”
2957 5768 3092 5825 Gen.
3122 5783 3159 5833 ι,
3190 5767 3240 5823 9.
3345 5765 3386 5795 ³⁸
3414 5761 3550 5820 ibid.
3587 5776 3625 5828 ίν
