4092 6466
456 398 527 456 ιθ
1452 402 1508 457 s.
1552 402 1826 460 cvntLLt
1863 405 2335 467 numnam
2370 410 2695 469 ARCHIEP.
3636 409 3708 467 10

453 523 539 571 lex
562 514 688 582 fuit,
726 516 776 587 5
803 519 1060 590 solusque
1086 529 1255 576 nutus
1290 521 1357 577 iis
1382 530 1565 576 ortum
1604 524 1858 594 praebuit.
1891 524 2002 582 Cum

2135 531 2417 602 μιουργδς,
2463 532 2559 586 καὶ
2591 533 2766 605 νεῦμα
2806 533 2967 605 μόνον
2999 535 3032 607 ή
3068 534 3300 604 γένεσις.
3347 529 3699 601 Ἃνδανούστ,ς

454 623 585 664 vero
605 623 789 664 rerum
811 619 1120 667 creatarum
1145 621 1368 667 ornatus
1383 627 1447 668 ac
1467 614 1824 683 pulchritudo
1860 617 2002 673 etian

2126 620 2183 673 δὲ
2218 622 2313 673 καὶ
2345 621 2497 693 αὑτῷ
2522 621 2600 693 τῷ
2626 622 2741 676 τῶν
2767 622 2906 677 ὅλων
2938 622 3155 693 τεχνίτῃ
3187 622 3286 692 τῆς
3312 621 3371 672 ὲν
3400 621 3513 683 τοῖς
3541 633 3700 687 γεγο-

455 701 838 757 nniversorum
870 701 1059 774 Opiﬁci
1116 705 1390 774 placeret,
1430 715 1712 776 postremo
1757 708 1827 763 ad
1872 711 2031 781 ejus,

451 793 611 864 cujus
632 808 797 849 causa
825 793 942 850 haec
971 793 1113 849 facta
1146 802 1324 861 erant,
1359 797 1694 853 creationem
1737 814 1796 854 se
1829 811 2026 855 contu-

450 884 533 949 lit,
579 883 839 950 hominis,
880 885 1122 954 inquam.
1162 883 1461 955 Oportebat
1506 889 1675 955 enim,
1705 891 2024 960 oportebat,

447 975 697 1030 onmium
719 984 1046 1042 creatorem,
1073 976 1283 1032 bonum
1313 992 1410 1032 sua
1432 988 1629 1035 natura
1650 983 2025 1046 exsistcntem,

446 1080 517 1119 ac
540 1065 725 1134 potius
759 1066 937 1134 ipsum
966 1067 1192 1132 bonum,
1220 1068 1274 1123 id
1302 1069 1448 1139 quod
1484 1080 1591 1136 est,
1622 1071 1788 1127 etiam
1815 1089 1846 1127 a
1864 1074 2028 1130 nobis

445 1158 720 1227 cognosci.
763 1157 1062 1229 Oportebat
1100 1171 1309 1216 terram
1347 1161 1607 1217 refertam
1650 1178 1769 1218 esse
1805 1164 1876 1219 iis
1927 1166 2026 1236 qui

444 1246 624 1316 ipsum
653 1249 958 1319 gloriﬁcare
986 1260 1231 1318 nossent,
1262 1260 1319 1308 et
1356 1269 1423 1309 ex
1455 1254 1824 1309 concinnitate
1867 1271 2025 1312 crea-

444 1347 692 1394 turarum
733 1340 1011 1397 Creatoris
1059 1343 1290 1414 gloriam
1327 1344 1554 1399 intueri.
1582 1346 1738 1410 Nam,
1768 1356 1828 1402 ut
1855 1340 2024 1402 Isaias

443 1430 709 1499 propheta
731 1431 808 1486 ait
829 1450 851 1486 :.
880 1452 897 1484 ι
929 1433 1047 1488 Non
1067 1435 1122 1489 in
1148 1451 1349 1489 vanum
1382 1436 1559 1492 fecisti
1591 1453 1735 1503 eam,
1765 1457 1784 1490 ι
1815 1446 2020 1495 terram

442 1519 733 1586 nimirum,
768 1541 786 1573 ε
829 1523 925 1578 sed
957 1533 1017 1578 ut
1060 1525 1403 1582 habitaretur
1436 1527 1495 1581 ".
1534 1546 1553 1579 ι
1583 1528 1819 1585 Necesse
1853 1531 2022 1601 igitur

439 1621 558 1667 erat
575 1612 781 1667 animal
799 1614 854 1668 in
874 1614 994 1685 ipsa
1010 1614 1257 1682 formari,
1279 1617 1487 1672 ratione
1508 1619 1819 1688 praeditum,
1836 1629 2022 1677 osten-

439 1709 515 1766 sis
537 1711 700 1782 prius
720 1711 825 1782 ipsi
857 1712 1135 1779 omnibus,
1166 1729 1287 1783 quae
1316 1714 1384 1769 ad
1414 1714 1833 1771 delectationem
1871 1716 2018 1772 facc-

436 1809 580 1865 rent,
606 1818 859 1872 quaeque,
884 1810 944 1857 ut
970 1813 1118 1858 recte
1157 1802 1299 1859 facta
1336 1804 1680 1872 viderentur,
1718 1808 2015 1876 persuade-

2126 714 2272 766 νόσιν
2298 713 2615 785 εὐκοσμίας,
2649 714 2842 784 σκέψις
2873 713 3045 786 εἰσῄει
3078 710 3266 765 λοιπὸν
3295 709 3460 779 ιτέρα
3510 707 3602 761 τὸν
3634 705 3698 759 δι’

2125 802 2184 856 δν
2210 804 2394 856 ἐκεῖνα
2425 804 2682 876 παρήχθη
2714 805 2852 875 πρὸς
2882 803 3136 875 ὒπαρξεν,
3169 800 3481 855 τελευταῖον
3515 795 3701 864 εἰσφέ-

2127 909 2320 964 ρουσα,
2358 897 2501 963 φημὶ
2551 895 2607 949 δὲ
2650 896 2744 949 τὸν
2788 895 3094 965 ἄνθρωπον.
3132 893 3282 946 Ἔδει
3305 889 3434 960 γάρ,
3469 887 3578 941 ἔδει
3607 885 3700 941 τδν

2122 983 2232 1037 τῶν
2256 984 2393 1037 ὅλων
2415 985 2756 1056 Δημιουργδν
2786 985 2988 1054 ἀγαθὸν
3018 985 3146 1037 ὄντα
3174 980 3316 1036 κατά
3347 979 3530 1051 φύσιν,
3560 976 3700 1047 μᾶλ⁶

2122 1075 2211 1128 λον
2241 1075 2297 1129 δὲ
2343 1077 2473 1130 αὐτὸ
2507 1077 2567 1130 τδ
2597 1076 2801 1146 ἀγαθὸν
2842 1075 2988 1129 τοῦθ’
3038 1076 3178 1144 ὅπερ
3220 1072 3356 1136 ἐστὶ,
3415 1071 3508 1124 καὶ
3561 1068 3700 1141 πρὸς

2121 1170 2282 1240 ἡμῶν
2325 1169 2709 1238 γινώσκεσθαι.
2749 1168 2897 1222 Ἔδει
2939 1167 3121 1237 πλήρη
3166 1164 3417 1234 γενέσθαι
3450 1162 3548 1232 τὴν
3590 1159 3698 1228 γῆν

2120 1261 2230 1313 τῶν
2254 1261 2470 1314 εἰδότων
2492 1258 2811 1327 δοεολογείν,
2834 1258 2929 1312 καὶ
2949 1259 3056 1311 ἀπὸ
3076 1254 3339 1324 καλλονῆς
3360 1251 3697 1322 κτισμάτων,

2121 1352 2266 1407 καθὰ
2311 1353 2642 1423 γέγραπται,
2680 1351 2778 1421 τὴν
2828 1350 2923 1403 τοῦ
2968 1346 3493 1419 δεδημιουργηκότος
3521 1360 3696 1398 κατα-

2120 1442 2451 1498 σκέπτεσθαι
2465 1444 2643 1510 δόξαν.
2677 1442 2768 1506 Ὠς
2785 1441 2935 1513 γὰρὸ
2954 1441 3239 1511 προφήτης
3256 1436 3421 1507 φησὶν
3443 1434 3691 1498 Ἡσαΐας,

2125 1557 2144 1588 ι
2182 1536 2295 1590 Ούκ
2334 1536 2413 1598 είς
2447 1534 2602 1588 κενδν
2634 1532 2900 1605 ἐποίησας
2935 1532 3127 1601 αὐτὴν,
3163 1548 3183 1581 ι
3219 1528 3377 1598 δῆλον
3401 1526 3457 1580 δὲ
3481 1528 3563 1581 ὅτι
3593 1526 3694 1597 τὴν

2119 1624 2255 1693 γῆν,
2290 1642 2308 1675 ι
2341 1623 2458 1677 ἀλλ’
2497 1624 2579 1686 εις
2622 1622 2685 1676 ab
2739 1619 3147 1681 κατοικεῖσθαι.
3177 1637 3197 1670 ι
3242 1613 3351 1670 'llv
3390 1611 3485 1669 οὖν
3522 1617 3693 1682 ἀναγ-

2118 1717 2293 1779 καῖον,
2330 1712 2470 1777 ζῶον
2495 1714 2551 1765 ὲν
2578 1714 2715 1782 αὐτῇ
2747 1710 3078 1765 πλάττεσθαι
3106 1709 3344 1777 λογικὸν,
3374 1704 3693 1780 προαναδει-

2117 1806 2355 1876 χθέντων
2393 1803 2560 1859 αὐτοῦ
2600 1802 2709 1856 τῶν
2742 1803 2842 1856 ὅσα
2876 1802 2994 1855 ἐστὶ
3020 1800 3279 1853 τελοῦντα
3303 1799 3443 1869 πρὸς
3477 1799 3691 1870 τέρψιν,

438 1902 576 1948 rent.
608 1889 820 1951 Idcirco
854 1904 1271 1966 praemonstrato
1307 1897 1363 1951 in
1398 1897 1613 1953 decenti
1645 1907 1838 1954 ornatu
1870 1900 2002 1955 cmlc

2116 1896 2211 1950 καὶ
2241 1896 2377 1967 πρός
2397 1913 2460 1964 γε
2482 1891 2541 1948 εὖ
2570 1893 2900 1963 πεποιῆσθαι
2923 1893 3121 1946 δοκεῖν.
3153 1891 3424 1962 Ταύτῃτοι
3450 1907 3692 1961 προανα-

436 1997 499 2037 ac
524 1989 693 2049 terra,
723 1991 781 2039 et
801 2000 924 2055 qua:
959 1984 1013 2040 in
1044 1984 1114 2040 iis
1136 1993 1283 2052 sunt,
1311 1986 1555 2043 hominis
1576 1989 1909 2045 creationem
1930 1998 2014 2044 est

434 2088 743 2144 aggressus,
763 2078 919 2147 cujus
944 2084 1127 2131 ortum
1150 2077 1431 2148 antiquius
1451 2088 1634 2135 mente
1651 2090 2008 2152 conceperat;

434 2166 650 2221 tametsi
675 2182 895 2222 omnem
934 2168 1097 2223 aliam
1134 2179 1446 2226 creaturam
1470 2186 1538 2226 ex
1569 2180 1814 2242 tempore
1843 2174 2011 2230 verbo

425 2272 495 2314 ac
521 2260 747 2330 proprio
772 2276 1026 2317 sermone
1055 2261 1338 2329 formarat,
1371 2272 1433 2318 ut
1469 2264 1635 2319 Deus.
1662 2264 1798 2320 Cum
1825 2274 2009 2321 autem

432 2350 595 2405 homo
620 2350 822 2405 animal
853 2351 923 2406 sit
973 2368 1165 2408 revera
1200 2354 1488 2423 pulchrum
1531 2355 1753 2425 Deoque
1789 2356 2009 2411 similli-

422 2454 605 2507 mum,
669 2457 740 2497 ne
776 2443 1059 2498 videretur
1106 2460 1376 2514 suprema:
1428 2446 1616 2515 gloria}
1654 2448 2008 2503 simulacrum

426 2533 620 2588 eodem
663 2533 1009 2591 fermationis
1051 2538 1234 2601 modo,
1267 2523 1378 2607 quo
1417 2538 1535 2592 alias
1581 2547 1848 2595 creaturae
1887 2557 2009 2610 qua:

426 2622 569 2678 tales
595 2639 706 2678 non
726 2634 873 2690 sunt,
896 2635 1172 2692 constare,
1196 2626 1610 2693 deliberatione,
1633 2630 2004 2701 manualique,

426 2718 485 2765 ut
515 2712 591 2767 ita
616 2711 819 2778 dicam,
846 2714 1164 2783 Operatione
1187 2716 1306 2785 ejus
1341 2723 1670 2770 structuram
1697 2726 1782 2773 est
1813 2717 2004 2789 digna-

426 2811 532 2858 tus.
560 2802 825 2858 Formam
846 2804 996 2858 enim
1036 2819 1106 2858 ex
1145 2812 1291 2859 terra
1321 2805 1635 2870 simulacro,
1666 2807 1871 2862 animal
1916 2823 2003 2861 ra-

424 2894 575 2952 tione
606 2894 897 2965 przeditum
931 2896 1065 2950 illud
1100 2896 1303 2961 ell'ecit,
1331 2906 1517 2967 atque,
1544 2906 1604 2953 ut
1627 2900 1863 2969 propria:
1902 2915 2002 2953 na-

423 2992 562 3039 tura:
594 2984 867 3040 rationem
905 2992 1220 3056 superaret,
1260 2986 1628 3059 corruptionis
1671 2994 1893 3057 experte
1938 3002 2004 3043 ac

420 3073 728 3131 viviﬁcante
776 3076 972 3146 spiritu
1015 3077 1201 3131 statim
1254 3077 1554 3149 insignivit.
1599 3078 1876 3148 Scriptum
1917 3085 2003 3132 est

418 3166 566 3220 enim
610 3185 625 3221 :
673 3187 691 3219 ι
724 3167 793 3222 Et
835 3167 1130 3223 insuﬂiavit
1164 3168 1221 3224 ln
1263 3169 1458 3225 faciem
1501 3171 1622 3241 ejus
1665 3169 2000 3240 spiraculum

2113 1989 2285 2060 φήνας
2319 1991 2378 2041 ὲν
2409 1987 2598 2058 κόσμῳ
2627 1986 2708 2057 τῷ
2741 1986 2913 2039 δέοντι
2956 1984 3059 2055 γῆν
3086 2001 3147 2037 τε
3189 1984 3283 2038 καὶ
3308 1982 3556 2055 οὐρανὸν,
3593 1982 3691 2036 καὶ

2110 2079 2178 2134 τὰ
2206 2081 2263 2133 ὲν
2289 2082 2489 2144 αὐτοῖς,
2512 2078 2604 2131 ἐπὶ
2632 2076 2729 2149 τὴν
2752 2076 2847 2131 τοῦ
2885 2075 3174 2149 ἀνθρώπου
3202 2074 3487 2145 κεχώρηκε
3517 2089 3688 2126 κατα-

2113 2174 2351 2245 σκευήν·
2408 2162 2469 2223 οὗ
2514 2170 2612 2239 τῆς
2676 2168 2942 2238 γενέσεως
3011 2166 3392 2239 πρεσϐυτέραν
3453 2166 3690 2217 ἐποιεῖτο

2108 2266 2207 2338 τὴν
2248 2263 2467 2334 σκέψιν·
2520 2260 2700 2315 καίτοι
2744 2260 2845 2331 τὴν
2888 2259 3053 2328 ἀλλην
3091 2258 3308 2313 ἅπασαν
3345 2256 3525 2311 κτίσιν
3552 2257 3688 2310 ἀπο-

2112 2355 2405 2427 σχεδιάζων
2453 2354 2681 2424 ῥήματι,
2729 2353 2824 2406 καὶ
2861 2349 2942 2422 τῷ
2994 2350 3107 2422 ἰδίῳ
3133 2350 3279 2420 λόγῳ
3310 2346 3564 2411 συνιστὰς
3610 2346 3689 2411 ὡς

2109 2449 2260 2511 Θεός.
2292 2445 2509 2518 Ἐπειδὴ
2529 2446 2584 2500 δέ
2609 2446 2756 2499 ἐστιν
2776 2445 3059 2514 ἄνθρωπος
3087 2442 3221 2509 ζῶον
3242 2442 3459 2514 άληθῶς
3489 2439 3687 2510 εὐφυὲς

2108 2538 2202 2593 καὶ
2255 2536 2677 2591 θεοειδέστατον’
2734 2536 2811 2600 ώς
2868 2535 2933 2589 ἂν
2970 2534 3044 2606 μὴ
3092 2535 3222 2606 δοκῇ
3270 2534 3368 2603 τῆς
3425 2530 3687 2586 ἀνωτάτω

2105 2629 2262 2700 δόξης
2290 2628 2350 2681 τδ
2385 2628 2632 2699 μίμημα,
2665 2627 2774 2681 τῶν
2807 2626 2936 2681 ῐσων
2965 2628 3045 2691 είς
3074 2628 3292 2697 ποίησιν
3324 2627 3436 2688 τοῖς
3457 2624 3556 2694 οὐχ
3580 2615 3683 2677 ὧδε

2105 2720 2288 2791 ἔχουσι
2322 2720 2528 2791 λαχεῖν,
2567 2719 2658 2774 καλ⁸
2696 2719 3035 2790 προϐουλίοις
3076 2719 3239 2788 ὲτίμα
3266 2717 3360 2770 καὶ
3384 2715 3685 2787 αὐτουργίᾳ

2102 2814 2163 2867 τὸ
2206 2813 2474 2884 τέχνημα.
2521 2812 2780 2883 Ἀγαλμα
2825 2811 2883 2864 δὲ
2920 2810 3221 2873 διαπλάσας
3263 2811 3328 2863 ἐκ
3363 2808 3490 2879 γῆς,
3544 2808 3683 2874 ζῶον

2103 2905 2237 2958 αὐτὸ
2251 2904 2465 2973 λογικὸν
2494 2904 2767 2969 ἀποτελεῖ,
2790 2902 2885 2958 καὶ
2909 2902 2996 2956 ίνα
3024 2903 3150 2965 τοὺς
3173 2903 3270 2973 τῆς
3301 2900 3438 2965 ιδίας
3467 2902 3682 2968 φύσεως

2103 2997 2390 3068 ἀνατρέχοι
2419 2997 2630 3067 λόγους,
2663 2996 2960 3068 ἄφθαρτον,
3004 2994 3267 3060 ζωοποιδν
3303 2993 3464 3057 εὐθὺς
3489 2992 3681 3063 ἐνεχά-

2106 3103 2266 3157 ραττε
2289 3087 2505 3159 πνεῦμα
2525 3104 2539 3118 ·
2564 3087 2872 3159 γέγραπται
2890 3085 3023 3157 γάρ’
3055 3105 3073 3137 ι
3111 3086 3220 3138 Καὶ
3245 3084 3576 3155 ἐνεφύσησεν
3597 3085 3680 3149 είς

2102 3178 2163 3231 τδ
2182 3178 2472 3246 πρόσωπον
2496 3176 2660 3231 αὑτοῦ
2682 3178 2850 3247 πνοὴν
2870 3175 3039 3246 ζωῆς,
3061 3176 3155 3228 καὶ
3176 3174 3394 3241 ἐγένετο
3426 3175 3454 3226 ό
3470 3173 3679 3244 ἀνθρω-

420 3257 567 3322 vitae,
595 3265 654 3313 ct
692 3256 867 3314 factus
907 3266 994 3313 est
1020 3259 1185 3314 homo
1207 3258 1260 3314 in
1285 3261 1522 3315 animam
1550 3261 1822 3316 viventem
1856 3260 1939 3313 “'.
1975 3280 1993 3313 ›

2106 3282 2204 3329 πος
2229 3233 2324 3329 ἐἰς
2344 3266 2522 3338 ψυχὴν
2550 3265 2753 3330 ζῶσαν.
2851 3233 2986 3319 έῖτα
2996 3233 3330 3335 παραδείσου
3351 3265 3445 3317 καὶ
3466 3233 3680 3334 τρυφῆς

419 3347 627 3407 Deinde
650 3351 911 3423 paradiso
936 3368 1000 3407 ac
1021 3352 1234 3408 deliciis
1254 3354 1495 3418 donavit,
1520 3362 1576 3409 et
1600 3354 1655 3407 in
1675 3353 1857 3407 omnia
1884 3369 2004 3423 qua:

419 3440 475 3497 in
509 3451 656 3499 terra
705 3453 833 3500 sunt
871 3445 1161 3516 imperium
1216 3446 1267 3501 ei
1310 3445 1537 3511 tribuit,
1574 3445 2002 3515 natatilibusqne

419 3533 582 3589 simul
611 3543 667 3590 et
694 3536 1015 3591 volucribus
1041 3535 1287 3608 praefecit
1312 3555 1327 3591 :
1353 3537 1485 3608 quin
1511 3544 1567 3591 ct
1604 3535 1847 3591 ferorum
1880 3537 1999 3591 ani-

418 3625 643 3679 malium
682 3635 949 3691 armenta,
998 3642 1211 3681 necnon
1253 3643 1318 3683 ea
1375 3643 1495 3697 qua:
1538 3643 1810 3682 venenosa
1851 3635 1996 3693 sunt,

416 3717 579 3771 simul
599 3733 725 3773 cum
755 3718 881 3773 aliis
902 3719 1003 3789 ipsi
1035 3719 1287 3791 subjecit.
1317 3719 1471 3785 Quod
1501 3729 1683 3773 autem
1710 3720 2000 3775 conveniat

418 3809 597 3865 timeri
618 3810 919 3876 hominem,
942 3811 1285 3869 naturalibus
1309 3811 1522 3881 legibus
1544 3812 1834 3880 persuasit.
1866 3812 1999 3866 Erat

416 3904 601 3975 itaque
639 3920 907 3976 suprema:
944 3905 1132 3977 gloria:
1164 3905 1541 3967 simulacrum,
1573 3911 1629 3957 et
1671 3902 1869 3959 divina:
1895 3920 1994 3974 po-

413 3994 626 4050 testatis
655 3994 832 4066 imago
853 4010 1018 4065 super
1050 4004 1271 4058 terram,
1295 3993 1482 4048 homo.
1509 3993 1646 4050 Cum
1673 4010 1803 4050 vero
1834 4010 1997 4065 Opor-

414 4095 551 4143 teret
570 4103 697 4143 eum
721 4088 813 4159 qui
838 4089 893 4144 in
920 4097 1067 4144 tanta
1097 4088 1270 4160 gloria
1297 4095 1459 4156 atque
1487 4087 1700 4144 deliciis
1724 4096 1843 4149 erat
1865 4105 1994 4144 con-

410 4178 656 4245 stitutus,
681 4178 1009 4250 intelligere,
1043 4195 1101 4235 se
1130 4179 1334 4233 habere
1360 4177 1535 4232 Deum
1567 4179 1880 4248 praefectum
1903 4196 1991 4235 rc-

409 4284 638 4340 gcmque
666 4286 731 4325 ac
754 4271 1061 4336 dominum,
1086 4286 1178 4334 nc,
1210 4269 1378 4324 nimia
1402 4271 1759 4341 prosperitate
1791 4273 1987 4335 elatus,

409 4359 665 4416 facillime
686 4363 741 4432 6
764 4363 817 4417 in
841 4378 963 4417 eam
994 4360 1376 4432 cogitationem
1410 4360 1710 4427 laberetur,
1741 4373 1798 4417 ut
1830 4379 1887 4418 se
1919 4363 1988 4418 ab

405 4454 544 4524 ejus,
568 4454 661 4524 qui
685 4452 978 4524 imperium
1000 4460 1167 4517 tenet,
1188 4460 1455 4523 potestate
1477 4453 1710 4509 liberum
1734 4468 1854 4509 esse
1876 4454 1991 4508 exi-

404 4545 668 4609 stimaret,
700 4544 875 4615 legem
918 4543 1101 4598 statim
1145 4542 1314 4608 dedit,
1360 4552 1417 4598 et
1460 4544 1987 4615 transgressionibus

404 4630 582 4688 minas
612 4632 860 4688 vindices
888 4630 1105 4702 adjecit.
1142 4631 1406 4687 Peccandi
1440 4633 1587 4686 enim
1617 4633 1764 4687 nulla
1805 4633 1986 4687 adhuc

400 4730 521 4777 erat
547 4722 605 4777 iu
637 4723 819 4785 terris,
854 4735 964 4775 uno
998 4720 1296 4776 exsistente
1333 4735 1395 4774 ac
1420 4719 1557 4784 solo,
1588 4720 1748 4774 ratio.
1784 4721 1855 4776 Ut
1885 4737 1984 4775 au-

401 4825 511 4868 tem
545 4815 702 4871 ﬂeret
734 4814 902 4870 etiam
922 4813 1025 4868 sub
1055 4813 1195 4884 lege,
1251 4812 1553 4883 excogitata
1590 4820 1673 4867 est
1695 4812 1796 4882 ipsi
1836 4827 1986 4866 man-

401 4906 512 4961 dati
552 4904 882 4963 observandi
909 4905 1066 4960 ratio.
1101 4924 1118 4956 ι
1146 4905 1225 4959 Ex
1249 4906 1397 4960 omni
1418 4904 1590 4966 enim,
1617 4903 1814 4973 inquit,
1838 4903 1986 4974 ligno

399 4998 549 5070 quod
590 4998 647 5053 in
688 4994 939 5068 paradiso
972 5003 1057 5051 est
1097 4996 1390 5052 comedes:
1427 5011 1493 5049 ex
1535 4994 1681 5065 ligno
1714 5010 1846 5049 vero
1892 5011 1985 5049 co-

399 5088 697 5160 gnoscendi
733 5088 938 5142 bonum
980 5094 1035 5142 et
1059 5087 1284 5151 malum,
1312 5101 1422 5140 non
1463 5084 1763 5140 comedetis
1799 5100 1866 5140 ex
1891 5102 1977 5141 eo.

394 5182 512 5249 Qua
563 5186 749 5235 autem
789 5178 877 5234 die
922 5179 1274 5235 comederitis
1314 5192 1381 5232 ex
1423 5191 1519 5239 eo,
1556 5185 1733 5231 morte
1772 5178 1977 5232 morie-

396 5271 531 5328 mini
557 5269 622 5325 ".
654 5290 672 5322 ι
700 5270 907 5325 Deinde
934 5279 1156 5341 accepta
1192 5285 1296 5325 una
1324 5279 1601 5325 costarum
1630 5270 1821 5325 Adami
1854 5288 1978 5325 mu—

398 5366 496 5419 lier
528 5362 815 5426 formatur,
851 5374 973 5432 qua:
1014 5361 1118 5431 ipsi
1152 5358 1219 5415 ad
1250 5358 1494 5414 sobolem
1525 5359 1847 5429 gignendam
1891 5360 1976 5415 in-

396 5456 645 5518 serviret,
678 5451 893 5525 ipsique
930 5452 1266 5517 conviveret,
1303 5452 1474 5508 veluti
1517 5452 1765 5523 ejusdem
1810 5469 1976 5523 gene—

2104 3355 2275 3425 1ηξίου.
2292 3357 2387 3410 καὶ
2409 3358 2469 3409 τὸ
2490 3357 2632 3410 κατὰ
2662 3359 2877 3412 πάντων
2899 3356 3008 3410 τῶν
3032 3355 3121 3410 ἐπὶ
3145 3357 3249 3427 γῆς
3276 3354 3422 3426 αύτῷ
3449 3371 3678 3427 προσνε-

2103 3448 2310 3518 νέμηκε
2357 3448 2554 3519 κράτος
2581 3465 2595 3480 ·
2627 3450 2847 3518 νηκτοῖς
2871 3446 3109 3500 ἐπετίθει
3142 3448 3237 3501 καὶ
3260 3447 3483 3516 πτηνοῖς
3512 3443 3677 3515 ήγούο

2104 3556 2297 3610 μενον,
2332 3540 2426 3593 καὶ
2448 3539 2647 3608 ἀγέλας
2674 3540 2773 3609 μὲν
2808 3540 3017 3610 ἀγρίων
3041 3538 3189 3609 αὐτῷ
3228 3535 3561 3604 κατεζεύγνυ
3581 3534 3678 3605 θη·-
3766 3557 3775 3571 ι

2104 3631 2211 3703 ρῶν
2233 3672 2247 3692 ,
2285 3630 2637 3702 ύπεστρώννυ
2661 3632 2716 3685 δὲ
2753 3632 2846 3686 καὶ
2876 3631 3016 3685 αὐτά
3036 3634 3150 3695 τοῖς
3178 3630 3359 3694 ἄλλοις
3392 3627 3526 3700 δμοῦ
3565 3627 3678 3681 τῶν

2104 3726 2324 3780 ἰοϐόλων
2350 3724 2418 3778 τὰ
2448 3725 2601 3794 γένη.
2642 3724 2966 3778 Ἑκδεδιέναι
2995 3722 3050 3776 δὲ
3075 3723 3157 3776 ὅτι
3183 3722 3451 3792 προσήκει
3477 3720 3569 3773 τὸν
3589 3717 3677 3772 ἄν·

2100 3813 2335 3885 θρωπον,
2366 3816 2615 3883 φυσικοῖς
2661 3813 2945 3866 ἐκέλευσεν
2986 3811 3298 3865 ἀναπείθειν
3333 3810 3539 3876 νόμοις.
3563 3805 3675 3861 ἾιΙν

2098 3901 2190 3959 οὖν
2215 3907 2323 3977 ἄρα
2347 3905 2445 3975 τῆς
2463 3904 2722 3958 ἀνωτάτω
2742 3903 2898 3975 δόξης
2915 3903 2975 3956 τὸ
2998 3903 3316 3972 ἐκμαγεῖον,
3337 3902 3432 3954 καὶ
3453 3900 3674 3969 θεοπρε-

2096 3998 2231 4061 ποῦς
2257 3997 2506 4065 ἐξουσίας
2536 3996 2699 4049 εἰκὼν
2720 3997 2811 4049 ἐπὶ
2833 3995 2937 4065 γῆς
2956 3998 2984 4050 ὁ
3013 3994 3319 4065 ἅνθρωπος.
3352 3992 3570 4062 Ἐπειδὴ
3613 3990 3673 4044 δι

2093 4089 2183 4143 τὸν
2224 4089 2304 4150 εἰς
2345 4087 2503 4142 τοῦτο
2545 4088 2749 4159 ἥκοντα
2786 4085 2974 4140 λοιπὸν
3013 4084 3267 4149 εὐκλείας
3305 4085 3400 4138 καὶ
3457 4082 3673 4155 τρυφῆς

2091 4178 2343 4231 διειδέναι
2382 4177 2445 4248 δή
2488 4194 2590 4231 που
2630 4175 2851 4238 πάντως
2890 4173 3082 4247 ἐχρῆν,
3132 4174 3215 4227 δτι
3243 4172 3376 4226 Θεὸν
3419 4171 3534 4241 ἔχει
3576 4171 3673 4223 τὸν

2093 4267 2451 4337 ἐφεστηκότα,
2480 4266 2703 4338 βασιλέα
2744 4283 2803 4319 τε
2833 4252 2928 4319 καὶ
2953 4264 3161 4335 κύριον·
3189 4264 3275 4316 ἵνα
3298 4260 3373 4333 μὴ
3387 4263 3503 4322 ταῖς
3529 4260 3672 4329 ἄγαν

2092 4359 2412 4430 εὐημερίαις
2461 4358 2783 4429 ἑτοιμότατα
2839 4356 3149 4427 διολισθήσῃ
3200 4356 3281 4419 είς
3341 4353 3405 4407 τὸ
3460 4352 3670 4410 οἴεσθαι

2087 4448 2249 4519 τυχὸν
2290 4447 2633 4519 ἀπηλλάχθαι
2676 4447 2771 4501 καὶ
2817 4444 3065 4511 ἐξουσίας
3120 4446 3215 4497 καὶ
3260 4444 3359 4514 τῆς
3407 4442 3501 4497 τοῦ
3534 4458 3671 4514 κραο

2088 4540 2305 4602 τοῦντος
2327 4538 2622 4611 ὑπεροχῆς,
2646 4545 2810 4610 νόμον
2836 4537 2995 4600 εὐθὺς
3018 4536 3207 4599 ἐδίδου,
3226 4535 3321 4587 καὶ
3337 4536 3457 4599 ταῖς
3487 4551 3667 4606 παρα-

2089 4631 2309 4684 ϐάσεσιν
2360 4631 2596 4683 ἐποιεῖτο
2636 4630 2852 4697 γείτονα
2889 4627 2989 4699 τὴν
3032 4625 3368 4691 κολάζουσαν
3413 4625 3662 4697 ἀπειλήν.

2101 4719 2401 4791 ’Λμαρτίας
2435 4720 2535 4789 μὲν
2565 4719 2676 4791 γὰρ
2729 4718 2881 4772 οὔπω
2903 4737 2989 4783 τις
3025 4714 3093 4790 ἦν
3119 4718 3211 4772 ἐπὶ
3234 4718 3334 4788 τῆς
3365 4717 3513 4787 γῆςό
3538 4716 3665 4786 τρό-

2089 4827 2209 4873 πος,
2248 4809 2367 4872 ἐνὸς
2412 4809 2567 4871 ὄντος
2611 4809 2706 4861 καὶ
2741 4808 2924 4877 μόνου.
2962 4808 3083 4862 Ἵνα
3114 4807 3172 4861 δὲ
3202 4806 3413 4875 γένοιτο
3443 4804 3536 4859 καὶ
3561 4803 3667 4857 ὑπὸ

2084 4904 2267 4971 νόμον,
2284 4902 2555 4955 ἑπενοεῖτό
2571 4918 2657 4965 τις
2676 4900 2823 4971 αὐτῷ
2844 4901 2937 4955 καὶ
2965 4899 3207 4970 φυλακῆς
3223 4898 3424 4969 τρόπος
3440 4913 3452 4928 ·
3474 4913 3498 4948 ι
3531 4894 3667 4950 Ἀπὸ

2089 4994 2197 5065 γὰρ
2224 4994 2426 5057 παντὸς
2447 4993 2624 5060 ξύλου,
2656 4993 2811 5064 φησὶ,
2832 4993 2925 5047 τοῦ
2948 4995 3007 5048 ὲν
3024 4991 3103 5064 τῷ
3129 4990 3443 5062 παραδείσῳ
3466 4985 3666 5060 βρώσει

2090 5090 2262 5161 φάγῃ.
2342 5087 2476 5141 Ἀπὸ
2507 5087 2564 5140 δὲ
2625 5086 2719 5140 τοῦ
2750 5086 2905 5153 ξύλου
2934 5085 3030 5139 τοῦ
3061 5084 3348 5155 γινώσκειν
3372 5081 3535 5137 καλὸν
3569 5080 3666 5136 καὶ

2088 5179 2344 5250 πονηρὸν,
2388 5180 2450 5233 οὐ
2496 5177 2736 5248 φάγεσθε
2782 5180 2879 5232 ἀπ’
2922 5177 3110 5231 αὐτοῦ.
3143 5177 3247 5231 Ἢν
3275 5175 3322 5229 δ’
3352 5174 3420 5229 ἂν
3451 5174 3664 5245 ἡμέραν

2088 5271 2299 5341 φάγητε
2345 5269 2440 5323 ἀπ’
2494 5269 2686 5336 αὐτοῦ,
2734 5269 2966 5323 θάνατον
3015 5266 3394 5322 ἀποθανεῖσθε.
3448 5285 3468 5319 ι
3528 5261 3664 5320 Εἶτα

2090 5364 2218 5430 μιᾶς
2255 5359 2350 5413 τοῦ
2402 5361 2575 5431 Ἀδάμ
2608 5360 3034 5433 παραιρεθείσης
3062 5358 3322 5429 πλευρᾶς,
3352 5356 3415 5410 τὺ
3443 5355 3665 5424 γύναιον

2083 5453 2142 5507 δὲ
2184 5453 2497 5513 πλάττεται.
2547 5454 2809 5524 καὶπρὸς
2860 5451 3063 5506 παίδων
3108 5448 3271 5519 γονὴν
3318 5447 3662 5518 ὑπηρετῆσον

395 5543 489 5607 ris,
518 5549 576 5598 et
612 5543 668 5599 in
698 5543 893 5600 eadem
922 5560 1047 5601 cum
1082 5558 1148 5598 eo
1181 5542 1529 5613 simplicitate
1558 5542 1801 5613 degeret.
1825 5544 1980 5598 Post-

2104 5542 2255 5613 ιὺτῷ,
2308 5547 2402 5598 καὶ
2450 5543 2839 5616 συμσιοτεῦσον
2880 5545 2958 5608 ὼς
2999 5542 3279 5614 ὁμογενὲς,
3336 5542 3432 5594 καὶ
3459 5539 3523 5611 δὴ
3567 5539 3662 5594 καὶ

393 5650 557 5705 qnam
592 5652 725 5694 vero
754 5636 958 5693 diaboli
992 5634 1466 5692 circumventionc
1494 5633 1564 5689 ad
1594 5637 1979 5707 transgressio-

2104 5636 2543 5712 ςυνδιαιτώμενον
2586 5638 2646 5693 ἐν
2700 5637 2961 5710 ἁπλότητι
3012 5635 3264 5695 διατελεί
3337 5632 3555 5706 Ἐπειδὴ
3604 5633 3660 5689 δὲ

507 5811 552 5843 ⁸⁸
583 5814 684 5871 lsa.
719 5832 840 5883 nv,
881 5814 969 5869 l8.
1016 5816 1106 5896 .“‘
1138 5812 1276 5870 Gen.
1302 5828 1365 5877 ll,
1391 5812 1444 5868 7.
1521 5811 1562 5845 "
1594 5811 1729 5869 ibid.
1765 5808 1844 5878 16,
1884 5814 1965 5869 l7.
