4092 6506
401 377 470 431 2|
1461 379 1988 440 CLAPHYhORUM
2029 384 2094 439 IN
2134 384 2438 442 GENESIM
2477 387 2605 441 LIB.
2649 388 2687 441 1.
3655 387 3726 441 Et!

401 500 533 562 ταῖς
563 495 658 550 τοῦ
690 494 942 549 διαϐόλου
976 496 1295 568 παρηνέχθη
1328 499 1883 572 συκοφαντίαιςπρὸς
1915 519 2010 554 πα-

2123 518 2248 557 nem
2285 503 2553 574 pellectus
2577 513 2679 569 est,
2705 513 2760 559 et
2781 503 3100 575 decerptum
3128 522 3156 558 e
3185 507 3349 561 vetita
3383 505 3578 561 arbore
3611 506 3725 560 fru~

405 590 669 662 ράὸασιν,
730 587 825 642 καὶ
871 587 934 640 τὸ
986 588 1299 661 ἀπόρρητον
1357 589 1464 643 τῶν
1516 589 1689 656 ξύλων
1752 592 2013 662 ἐδώδιμον

401 683 743 751 ἐποιήσατο·
777 679 1190 750 συγκατώλισθε
1221 681 1276 734 δὲ
1314 681 1406 734 καὶ
1433 683 1595 746 αὐτὸς
1634 685 1661 736 ό
1711 685 2014 755 προπάτωρ

415 775 618 844 Ἀδάμ,
658 776 691 844 ἡ
729 773 890 844 φύσις
923 773 1086 836 εὐθὺς
1118 773 1336 844 θανάτῳ
1363 775 1768 840 κατεδικάζετο.
1801 779 1909 831 Καὶ
1938 779 2015 850 τῷ

402 871 511 937 μὲν
547 870 759 937 γυναίῳ
808 869 890 934 τὸ,
926 887 945 919 ι
999 869 1090 921 Ἐν
1139 867 1340 932 λύπαις
1391 868 1519 940 τέξῃ
1562 868 1747 931 τέκνα,
1798 892 1813 923 ι
1848 870 1926 941 τῷ
1959 873 2016 926 δὲ

412 961 620 1032 Ἀδὰμ,
661 981 678 1013 ι
736 961 1171 1032 Ἐπικατάρατος
1213 963 1244 1032 ἡ
1279 964 1348 1034 γῆ
1389 964 1446 1015 ἐν
1476 965 1586 1027 τοῖς
1618 962 1800 1036 ἔργοις
1834 982 1949 1029 σου,
1991 983 2008 1015 ι

400 1052 759 1122 προσεφώνει
803 1051 956 1116 Θεός.
987 1053 1098 1107 Καὶ
1141 1054 1279 1124 πρός
1307 1071 1369 1122 γε
1399 1053 1462 1124 δὴ
1499 1055 1729 1120 τούτοις,
1774 1057 1883 1110 τῶν
1915 1075 2013 1111 πο-

396 1143 689 1198 λυεύκτων
724 1145 818 1198 καὶ
859 1147 916 1197 ἐν
952 1147 1152 1217 ἀρχαῖς
1200 1147 1634 1219 ἐνδιαιτημάτων
1670 1151 1889 1222 καὶτῆς
1921 1152 2012 1204 τοῦ

399 1235 750 1306 παραδείσου
777 1237 991 1308 τρυφῆς
1041 1237 1440 1307 ἐξεπέμποντο.
1476 1239 1682 1310 Γυμνοί
1707 1241 1762 1294 δὲ
1805 1243 1888 1295 ὅτι
1921 1243 2014 1295 καὶ

397 1327 724 1398 ἀνείμονες,
747 1328 840 1381 καὶ
863 1332 921 1381 ἐν
950 1328 1108 1402 χρείᾳ
1132 1329 1318 1384 λοιπὸν
1346 1331 1672 1402 ἐσθημάτων
1697 1333 1868 1399 ὄντες,
1895 1335 2014 1388 τότε

395 1418 463 1488 δὴ
495 1420 658 1486 μόλις
711 1419 1044 1490 ἐμάνθανον·
1100 1421 1192 1473 καὶ
1223 1420 1450 1492 χιτῶνες
1482 1419 1622 1496 ἦσαν
1657 1425 1839 1488 αὐτοῖς
1881 1427 2016 1498 πρὸς

395 1510 570 1565 τοῦτο
622 1512 966 1583 δερματινολ,
1005 1513 1142 1568 Θεοῦ
1197 1515 1706 1588 κατοικτείραντος·
1759 1518 1854 1571 καὶ
1910 1520 2016 1588 γῆν

396 1605 794 1675 ἐπεγράφοντο
841 1607 1077 1678 μητέρα,
1135 1608 1230 1662 καὶ
1279 1611 1391 1674 τοῖς
1423 1611 1525 1680 τῆς
1567 1609 1776 1681 φθοράς
1810 1613 2014 1681 ὑπεφέο·

400 1715 566 1764 ρον-το
592 1697 1070 1763 λίνοις,ὲλελοίπει
1102 1702 1180 1766 δέ,
1213 1697 1390 1774 οἶμαι,
1424 1703 1702 1768 παντελῶς
1735 1704 1885 1760 οὐδὲν
1909 1706 2016 1759 τῶν

396 1793 481 1855 είς
508 1792 758 1861 ἐσχάτην
788 1794 1170 1866 ταλαιπωρίαν
1201 1796 1406 1858 αὐτοῖς.

469 1887 543 1950 γ’.
589 1882 755 1937 Ἀλλὰ
781 1883 833 1939 τί
861 1885 996 1955 δῆτα
1019 1903 1032 1950 ;
1058 1888 1284 1958 φήσειεν
1315 1887 1402 1954 ἂν,
1438 1885 1612 1960 οἶμαι,
1651 1889 1753 1952 τίς·
1789 1891 1838 1942 εἰ
1883 1891 2018 1961 πρὸς
2057 1886 2094 1942 Β

394 1973 681 2045 τοσαύτην
708 1976 937 2046 ἔμελλεν
966 1977 1262 2049 ἀθλιότητα
1304 1980 1730 2050 κατοιχήσεσθαι
1770 1981 2011 2050 γεγονὼς

392 2069 423 2118 ὁ
453 2067 772 2138 ἄνθρωπος,
806 2067 924 2136 πῶς
952 2071 1055 2123 οὐκ
1081 2071 1306 2142 ἄμεινον
1332 2072 1483 2144 αὐτῷ
1513 2073 1660 2145 παρὰ
1689 2074 1822 2129 πολὺ
1851 2076 2009 2128 νοοῖτ’

391 2157 462 2211 ἂν
501 2160 733 2222 εἰκότως
761 2161 821 2213 τὸ
847 2161 924 2233 μὴ
950 2162 1219 2235 ὑπάρχειν
1244 2165 1406 2218 αὐτόν
1430 2182 1442 2230 ;
1470 2167 1737 2238 Λαμπρὺν
1760 2167 1816 2220 δὲ
1838 2169 2010 2232 οὕτως

391 2252 491 2303 καὶ
519 2250 859 2320 ἀξιάγαστον
891 2255 1150 2308 ἀποτελεῖ
1192 2257 1282 2309 τὸν
1321 2257 1420 2310 οὐκ
1451 2259 1530 2320 είς
1566 2259 1784 2329 μακρὰν
1817 2261 2010 2330 ἐσόμε-

388 2361 485 2397 νον
507 2345 734 2416 οἰκτρὸν
753 2348 844 2400 καὶ
868 2347 1124 2415 ἐλεεινὸν,
1159 2349 1253 2402 καὶ
1276 2351 1333 2402 ἐν
1359 2350 1467 2422 ἀρᾷ
1492 2352 1586 2403 καὶ
1606 2351 1751 2423 δίκῃ.
1795 2353 2008 2421 ’Πγνόει

390 2436 500 2505 μὲν
535 2432 632 2489 οὖν
668 2439 877 2507 ἥκιστά
911 2445 974 2508 γε
1005 2442 1067 2494 τὸ
1114 2441 1306 2510 μέλλον
1339 2443 1471 2506 Θεὸς
1502 2442 1577 2496 ὢν
1612 2444 1752 2498 κατὰ
1790 2444 1951 2512 φύσιν
1982 2449 2009 2500 ό

387 2532 774 2601 Δημιουργός.
823 2533 1046 2604 Ἐπειδὴ
1083 2533 1140 2586 δὲ
1189 2534 1345 2598 εἰδὼς
1388 2536 1700 2606 εἰργάζετο,
1747 2537 1860 2600 πῶς
1907 2540 2008 2593 οὐκ

385 2622 670 2692 ἀδικήσας
720 2625 924 2695 μᾶλλον
972 2626 1004 2696 ἢ
1051 2626 1182 2694 γοῦν
1229 2629 1428 2699 ὀνήσας
1472 2629 1742 2684 ἁλώσεται
1769 2675 1782 2697 ,
1849 2631 2007 2703 εἴπερ

385 2715 545 2766 ἐστὶν
573 2716 800 2786 ἄμεινον
826 2717 1046 2787 ἀληθῶς
1072 2720 1184 2782 τοῖς
1209 2719 1493 2790 ἐσομένοις
1522 2722 1724 2788 ἀθλίως
1753 2724 1813 2780 τὸ
1839 2725 2008 2794 μηδό-

379 2805 500 2870 λως
532 2808 714 2861 ἐλθεῖν
744 2810 826 2872 εἰς
865 2811 1102 2879 γένεσιν,
1134 2810 1278 2865 κατά
1311 2829 1373 2880 γε
1415 2813 1509 2885 τὴν
1553 2814 1720 2869 αὐτοῦ
1766 2816 1858 2868 τοῦ
1891 2817 2005 2869 Σω-

383 2902 566 2969 τῆρος
609 2901 797 2972 φωνὴν
817 2942 832 2964 ,
864 2903 931 2974 ἣν
963 2904 1056 2956 ἐπὶ
1086 2903 1162 2974 τῷ
1195 2905 1428 2977 προδότῃ
1456 2907 1721 2978 λελάληκε
1764 2907 2002 2979 μαθητῇ·

390 3009 407 3041 ι
454 2992 646 3046 Καλὸν
679 2989 747 3064 ἦν
774 2994 948 3065 αὐτῷ,
982 2997 1031 3049 εί
1058 2997 1157 3051 οὐκ
1192 2998 1456 3070 ἐγεννήθη
1489 3003 1515 3054 ὁ
1549 3001 1837 3072 ἄνθρωπος
1863 3002 2007 3054 ἐκεῖ*

381 3103 518 3152 νος;
559 3105 579 3137 ι
630 3088 774 3159 Πρὸς
814 3088 879 3158 δὴ
930 3088 998 3142 τὰ
1028 3091 1254 3143 τοιαῦτα
1307 3091 1472 3162 φαίην
1503 3091 1589 3154 ἂν,
1624 3093 1703 3145 ὅτι
1737 3095 2006 3167 σφαλερὸν

384 3179 538 3246 ἄγαν
567 3179 666 3233 καὶ
690 3180 788 3252 τῆς
815 3184 895 3245 είς
918 3181 1072 3252 λῆξιν
1109 3183 1350 3255 ἡκούσης
1375 3184 1782 3256 ἐμϐροντησίας
1812 3189 2001 3255 ἐγγὺς,
2035 3234 2076 3290 C

392 3269 694 3290 .S\\_.,b\
739 3270 784 3290 κε’
1061 3275 1128 3290 ιο
1200 3275 1209 3290 ο
1477 3277 1525 3290 ιε
1637 3278 1649 3290 ι
1759 3281 1780 3290 .-
1844 3279 1924 3290 Α.

388 3269 605 3338 μᾶλλον
643 3270 699 3323 δὲ
731 3270 862 3325 εἴσω
897 3290 955 3325 τε
988 3275 1082 3326 καὶ
1114 3275 1371 3329 ἐπέκεινα
1407 3277 1564 3340 πολὺ,
1603 3278 1660 3330 τὸ
1698 3281 1808 3342 τοῖς
1841 3279 2006 3344 θείοις

386 3365 720 3434 σκέμμασιν
766 3363 840 3428 ὡς
875 3365 976 3419 οὐκ
1028 3365 1206 3437 ὀρθῶς
1243 3368 1528 3436 γεγονόσιν
1571 3372 1868 3442 ἐπιτιμᾷν·
1913 3372 2010 3424 καὶ

383 3456 490 3524 τὴν
518 3456 790 3509 ἀνωτάτω
809 3456 994 3526 φύσιν,
1023 3457 1055 3528 ἦ
1079 3458 1171 3511 τοῦ
1207 3458 1510 3529 πρέποντος
1533 3460 1802 3532 ἀλογῆσαι
1820 3462 2005 3532 τυχὸν,

381 3550 418 3618 ἦ
451 3547 593 3617 γοῦν
626 3548 838 3602 οἴεσθαι
882 3549 1210 3622 διαμαρτεῖν
1262 3551 1358 3604 τοῦ
1394 3552 1670 3623 χρησίμου
1716 3569 1775 3604 τε
1806 3553 1899 3605 καὶ
1950 3554 2009 3605 ἐν

383 3641 686 3710 ἀμείνοσιν
718 3641 795 3703 ὡς
834 3641 891 3694 ἐν
935 3659 998 3711 γε
1054 3646 1165 3706 τοῖς
1215 3641 1340 3696 καθ’
1389 3645 1558 3714 ἡμᾶς.
1609 3643 1818 3714 Πρέποι
1852 3644 1898 3696 δ’
1943 3643 2008 3698 ἂν

388 3735 604 3802 μᾶλλον
641 3736 702 3788 ἐν
729 3739 850 3801 ταῖς
883 3736 1103 3806 βουλαῖς
1144 3737 1238 3790 καὶ
1269 3736 1562 3808 πράγμασι
1596 3739 1654 3791 τι
1688 3739 2008 3809 ἀμωμήτως

386 3828 518 3895 ἔχον
589 3827 968 3898 ἀπονέμοντας
1017 3829 1177 3900 αὐτῇ,
1232 3831 1620 3899 παραιτεῖσθαι
1687 3832 1748 3883 τὸ
1790 3834 2008 3902 φρονεῖν

385 3921 536 3991 ὑπὲρ
570 3919 605 3973 ἃ
640 3920 723 3974 δεῖ
752 3924 992 3993 φρονεῖν,
1033 3921 1127 3975 καὶ
1160 3922 1220 3975 τὸ
1251 3921 1542 3993 περίεργον
1573 3924 1631 3975 ἐν
1667 3922 1879 3988 τούτοις
1908 3925 2008 3977 οὐκ

386 4013 808 4084 ἀνεπίπληκτον
837 4015 956 4085 sev.
1011 4015 1124 4067 Καὶ
1170 4014 1304 4084 πρὸς
1337 4032 1400 4083 γε
1437 4014 1501 4084 δὴ
1547 4014 1721 4085 τούτῳ
1763 4017 2003 4077 κάκεῖνο,

385 4103 550 4174 οἶμαί
582 4123 708 4170 που,
745 4106 1205 4175 καταλογίζεσθαι
1227 4108 1354 4178 χρή·
1393 4106 1621 4175 πότερον
1644 4111 1754 4172 τοῖς
1781 4108 1841 4160 τὸ
1867 4105 2006 4162 εἶναι

391 4197 538 4266 μετὰ
575 4198 670 4251 τοῦ
715 4194 774 4252 εὖ
815 4193 959 4252 εἶναι
997 4199 1290 4270 λαχοῦσιν,
1334 4199 1556 4268 ἄμεινον
1589 4200 1652 4270 δή
1690 4217 1792 4253 που
1833 4202 1893 4252 τὸ
1931 4201 2005 4270 μὴ

387 4288 572 4340 ἐλθεῖν
610 4289 690 4349 είς
722 4288 960 4354 γένεσιν,
1006 4289 1174 4358 ἤγουν
1219 4288 1280 4341 τὸ
1314 4289 1590 4359 ὑπάρξαι,
1627 4289 1722 4341 καὶ
1767 4290 1863 4360 τῆς
1911 4289 2003 4343 τοῦ

387 4379 755 4450 Δημιουργοῦ
811 4381 1142 4450 μεταλαχεῖν
1196 4382 1571 4453 ἡμερότητος·
1633 4381 1746 4433 ἀλλ’
1786 4383 1886 4434 οὐκ
1939 4381 2004 4436 ἂν

387 4471 693 4525 ἐπσῦοιάσειέ
725 4489 832 4535 τις,
883 4471 1142 4538 καθάπερ
1186 4472 1422 4543 ἐγῷμαι.
1480 4475 1689 4543 Ὥσπερ
1737 4473 1846 4544 γὰρ
1893 4476 2005 4533 τοῖς

2118 604 2266 650 ctum
2293 597 2552 662 comedit,
2587 597 2774 668 lapsus
2808 608 2991 652 autem
3031 615 3138 653 una
3168 608 3252 654 est
3285 601 3498 669 primus
3525 616 3723 670 parens

2121 686 2311 752 Adam,
2335 698 2530 744 natura
2553 691 2736 744 statim
2762 698 2936 745 morte
2969 690 3226 745 damnata
3253 698 3354 746 est.
3410 691 3476 745 Et
3506 691 3722 746 mulieri

2118 780 2341 850 quidem
2378 799 2389 833 :
2434 800 2451 831 ι
2489 781 2676 836 Parios
2721 782 2774 835 in
2811 781 3094 836 doloribus
3126 781 3296 849 filios;
3340 802 3357 834 ι
3383 781 3514 837 Atla:
3547 799 3718 838 vero:

2127 891 2144 922 ι
2175 871 2460 927 Maledicta
2495 881 2639 927 terra
2670 873 2724 927 in
2769 875 3030 945 operibus
3059 875 3189 940 tuis,
3225 895 3242 926 ι
3273 876 3418 930 Deus
3457 878 3724 931 acclama-

2119 965 2197 1018 vit
2250 963 2313 1018 ¹⁸.
2364 967 2634 1021 Prreterea
2669 967 3089 1037 jucundissimis
3138 968 3277 1032 illis,
3316 969 3518 1038 quibus
3563 969 3722 1022 init-io

2120 1057 2479 1123 fruebantur,
2528 1059 3139 1130 voluptuosissimisque
3193 1061 3332 1116 locis
3376 1069 3432 1115 et
3479 1061 3721 1132 paradisi

2119 1151 2334 1206 deliciis
2365 1161 2494 1206 sunt
2536 1151 2716 1222 ejecti.
2761 1150 2896 1206 Cum
2929 1165 3061 1204 vero
3103 1151 3235 1204 nudi
3270 1166 3333 1205 ac
3364 1151 3480 1206 sine
3516 1153 3719 1208 amic‘tu

2118 1253 2323 1308 essent,
2355 1242 2714 1313 vestibusque
2761 1241 3022 1312 deinceps
3070 1241 3399 1312 indigerent,
3449 1249 3580 1298 tunc
3621 1244 3719 1297 de-

2120 1353 2270 1391 mum
2307 1343 2700 1408 cognoverunt.
2741 1334 2964 1389 Tunicae
3014 1350 3180 1404 porro
3212 1346 3372 1388 erant
3422 1336 3556 1404 ipsis
3602 1337 3719 1405 pel-

2120 1429 2291 1494 liccas,
2313 1428 2734 1483 commiserante
2756 1427 2868 1481 Deo
2900 1445 2910 1478 :
2938 1433 2993 1481 et
3015 1435 3216 1480 terram
3243 1425 3434 1480 matris
3457 1425 3615 1479 titulo
3641 1425 3722 1479 in-

2121 1521 2483 1592 signiverunt,
2514 1520 2879 1590 interitusque
2915 1518 3052 1573 retia
3087 1517 3462 1582 incurrerunt,
3491 1533 3552 1572 ac
3581 1518 3718 1572 nihil

2119 1615 2278 1684 plane
2310 1613 2442 1683 ipsis
2478 1611 2544 1668 ad
2575 1620 2876 1666 extremam
2909 1609 3276 1666 calamitatem
3309 1607 3502 1662 defuit.

2195 1897 2246 1949 5.
2278 1895 2550 1951 Caeterum
2580 1893 2724 1948 dicat
2749 1891 2903 1962 quis,
2949 1897 3010 1945 ut
3041 1889 3280 1944 arbitror
3317 1906 3328 1941 :
3375 1887 3434 1942 Si
3468 1886 3715 1942 futurum

2116 1997 2237 2044 erat
2273 1997 2332 2042 ut
2378 1987 2445 2042 ad
2481 1995 2684 2041 tantam
2721 1983 3000 2039 miseriam
3031 1983 3198 2036 homo
3240 1980 3424 2035 factus
3457 1979 3716 2049 prolabe~

2115 2086 2290 2138 retur,
2324 2092 2434 2146 quo
2463 2083 2624 2146 pacto
2658 2089 2767 2129 non
2810 2073 2982 2127 multo
3012 2072 3187 2126 satius
3220 2071 3420 2125 merito
3463 2070 3714 2141 judican-

2115 2169 2245 2222 dum
2303 2168 2401 2231 sit,
2448 2167 2627 2237 ipsum
2677 2183 2782 2220 non
2819 2163 3120 2220 exsistere?
3169 2162 3528 2233 Splendidam
3584 2177 3716 2217 vero

2114 2261 2252 2316 adeo
2285 2267 2446 2331 atque
2491 2259 2870 2314 admirabilem
2909 2257 3196 2312 constituit
3236 2271 3385 2320 eum,
3429 2254 3522 2324 qui
3568 2254 3714 2308 haud

2114 2355 2287 2409 multo
2309 2360 2431 2424 post
2450 2361 2595 2408 esset
2617 2352 2838 2406 futurus
2863 2346 3214 2414 miserabilis,
3239 2347 3714 2417 exsecrationique

2112 2456 2166 2501 et
2199 2463 2372 2518 ptena:
2411 2445 2702 2500 obnoxius.
2751 2442 2914 2512 Atqui
2951 2456 3298 2512 nequaquam
3330 2440 3552 2511 ignarus
3596 2448 3714 2493 erat

2113 2539 2424 2593 futurorum
2445 2538 2612 2601 Deus,
2636 2543 2830 2588 natura
2863 2534 3135 2589 exsistens
3163 2541 3400 2587 creator.
3424 2530 3560 2586 Cum
3582 2546 3713 2586 vero

2113 2629 2359 2703 prudens
2402 2645 2466 2683 ac
2513 2627 2694 2683 sciens
2725 2634 2983 2696 operatus
3031 2623 3214 2688 fuerit,
3248 2639 3358 2692 quo
3402 2629 3559 2691 pacto
3602 2606 3710 2676 non

2111 2723 2366 2778 nocuisse
2417 2721 2600 2792 potius
2659 2736 2822 2790 quam
2875 2718 3082 2788 juvisse
3132 2714 3616 2785 deprehendetur,
3665 2714 3710 2768 si

2113 2817 2275 2871 modo
2306 2816 2478 2870 satius
2522 2830 2710 2868 revera
2752 2822 2836 2868 est
2872 2813 2958 2875 iis,
3005 2811 3098 2880 qui
3143 2809 3329 2864 miseri
3365 2808 3537 2861 futuri
3578 2808 3710 2868 sint,

2111 2927 2220 2965 non
2263 2910 2414 2964 nasci
2458 2908 2672 2978 potius,
2712 2909 2864 2977 juxta
2913 2905 3088 2975 ipsius
3133 2903 3433 2958 Salvatoris
3486 2916 3708 2966 vocem,

2111 3020 2274 3074 quam
2310 3003 2377 3057 de
2411 3002 2692 3072 proditore
2735 2998 3010 3068 discipulo
3057 2997 3233 3049 dixit:
3274 3015 3289 3045 ι
3341 2995 3551 3048 Bonum
3597 3003 3713 3048 erat

2111 3093 2191 3157 ei,
2262 3094 2306 3147 si
2382 3108 2491 3146 non
2563 3099 2727 3144 natus
2798 3097 2943 3143 esset
3013 3088 3177 3140 homo
3239 3085 3328 3138 ille
3391 3085 3474 3136 ’9?
3545 3103 3561 3133 ›
3628 3083 3710 3138 Ad

2112 3186 2161 3256 '7
2186 3186 2292 3240 hoc
2314 3199 2445 3239 vero
2481 3181 2882 3252 responderim,
2911 3179 3237 3232 damnosum
3265 3176 3533 3245 imprimis
3563 3191 3713 3230 sum-

2115 3295 2326 3350 maeque
2351 3279 2590 3333 vesaniae
2617 3274 2952 3346 proximum,
2987 3280 3081 3326 aut
3104 3271 3286 3341 potius
3315 3270 3509 3339 quavis
3549 3284 3710 3324 vesa-

2110 3373 2202 3426 nia
2235 3373 2411 3442 majus
2441 3387 2582 3434 esse,
2615 3367 2710 3423 Dei
2744 3365 2973 3422 consilia
3005 3373 3265 3434 tanquam
3302 3379 3411 3416 non
3445 3370 3594 3416 recta
3629 3362 3713 3415 in-

2113 3467 2394 3530 simulare,
2438 3475 2494 3519 et
2535 3477 2849 3534 supremam
2905 3459 3052 3512 illam
3103 3467 3358 3511 naturam
3419 3464 3514 3508 aut
3573 3455 3707 3507 recti

2112 3574 2300 3613 curam
2324 3558 2556 3611 fortasse
2604 3571 2715 3608 non
2749 3553 2956 3606 habere
2986 3550 3324 3608 existimare.
3383 3555 3478 3602 aut
3503 3545 3709 3615 alioqui

2111 3658 2306 3721 putare
2358 3649 2530 3719 ipsam
2586 3647 2640 3700 in
2693 3645 2779 3708 iis,
2837 3659 2960 3714 quae
3007 3643 3173 3696 rebus
3223 3640 3428 3694 nostris
3474 3638 3712 3692 maxime

2111 3742 2450 3794 conveniunt
2481 3749 2646 3808 atque
2673 3735 2995 3806 expediunt,
3027 3733 3139 3787 falli
3173 3742 3230 3787 et
3257 3731 3456 3802 decipi.
3510 3730 3578 3784 At
3609 3745 3709 3798 po-

2114 3834 2222 3888 tius
2278 3848 2378 3903 par
2427 3836 2532 3894 est,
2584 3843 2856 3883 summam
2901 3825 3262 3880 consiliorum
3315 3824 3708 3890 actionumque

2112 3923 2508 3996 perfectionem
2567 3921 2670 3992 ipsi
2725 3921 3051 3981 tribuentes,
3088 3918 3248 3987 longe
3285 3917 3354 3970 ab
3400 3933 3466 3970 eo
3492 3917 3706 3981 abesse,

2113 4028 2171 4072 ut
2215 4018 2358 4072 ultra
2409 4031 2572 4086 quam
2620 4029 2815 4084 sapere
2854 4029 2962 4066 non
2998 4018 3216 4081 oportet
3263 4009 3560 4079 sapiamus,
3608 4027 3706 4063 an-

2112 4112 2366 4179 xiamque
2421 4109 2621 4162 borum
2663 4105 3162 4175 investigationem,
3215 4119 3336 4173 qua:
3387 4101 3545 4171 culpa
3600 4119 3709 4155 non

2109 4211 2288 4267 vacat,
2321 4201 2766 4273 praetermittere.
2799 4199 2878 4253 Ad
2911 4199 3024 4252 lucc
3052 4205 3235 4250 autem
3263 4196 3430 4250 etiam
3458 4193 3614 4256 illud,
3651 4202 3709 4247 ut

2110 4296 2374 4358 arbitror,
2406 4293 2846 4346 animadvertere
2879 4298 3100 4360 oportet
3130 4307 3140 4340 :
3184 4296 3370 4342 utrum
3405 4285 3490 4348 iis,
3527 4285 3621 4354 qui
3652 4292 3710 4338 e:

2108 4401 2230 4438 esse
2264 4393 2319 4438 et
2361 4385 2500 4437 bene
2539 4398 2659 4437 esse
2710 4381 2895 4450 adepti
2924 4387 3072 4442 sunt,
3106 4378 3280 4432 satius
3313 4378 3384 4431 sit
3414 4384 3566 4432 ortos
3597 4388 3706 4428 non

2108 4493 2229 4531 esse
2269 4493 2338 4531 an
2366 4490 2498 4529 vero
2540 4475 2827 4537 exsistere,
2879 4483 2936 4526 et
2981 4470 3260 4526 Creatoris
3311 4469 3706 4538 benignitatem

384 4565 682 4634 ἐσομένοις
715 4563 1003 4628 ἀθλίως,εἱ
1035 4565 1422 4635 παρενεχθεῖεν
1451 4568 1529 4628 είς
1565 4564 1799 4634 γένεσιν,
1831 4565 1890 4619 τὸ
1926 4566 2000 4639 μὴ

2113 4567 2409 4638 consequi;
2448 4565 2721 4635 siquidem
2761 4579 2942 4628 nemo,
2979 4578 3098 4616 mea
3135 4561 3358 4632 quidem
3408 4558 3702 4622 sententia,

384 4658 588 4712 τούτου
615 4661 800 4728 τυχεῖν
839 4659 998 4711 νοοῖτ“
1031 4657 1096 4712 ἂν
1128 4659 1352 4722 εἰκότως
1381 4658 1603 4728 ἄμεινόν
1633 4675 1688 4712 τε
1721 4658 1814 4711 καὶ
1845 4659 1998 4729 αἱρε-

386 4751 635 4821 τώτερον
654 4767 667 4782 ·
703 4749 846 4804 κατὰ
868 4751 956 4804 τὸν
982 4751 1166 4812 αὑτὸν.
1201 4747 1380 4820 οἶμαι,
1417 4751 1618 4822 τρόπον
1660 4751 1754 4804 καὶ
1783 4753 1894 4813 τοῖς
1923 4751 1998 4814 ὡς

384 4844 600 4912 ἥκιστα
620 4842 1053 4914 διακεισομένοις
1077 4845 1266 4916 χρῆμα
1290 4843 1453 4897 καλὸν
1479 4861 1538 4895 τε
1560 4842 1653 4896 καὶ
1674 4841 2000 4908 ἀξιόληπτον

386 4935 452 4986 τὸ
493 4936 552 4986 ἐν
584 4934 822 5006 ὑπάρξει
855 4935 1112 5003 γενέσθαι
1149 4936 1245 4989 καὶ
1281 4935 1401 5008 ζῇν.
1441 4935 1505 4987 Τί
1546 4930 1660 4997 οὖν,
1702 4937 1824 4989 εἰπέ
1872 4953 1996 5006 μοις

386 5027 614 5096 Χρῆναι
637 5028 748 5095 γλρ
774 5026 952 5095 ἔγωγέ
987 5045 1130 5096 φημι
1158 5027 1249 5081 τὸν
1284 5027 1376 5080 ἐπὶ
1401 5026 1520 5079 τόδε
1553 5027 1710 5094 λόγον
1741 5026 2002 5080 ἀναϐιϐά-

387 5117 593 5181 ζεσθαι
639 5119 779 5189 πρὸς
822 5118 980 5188 ἡμῶν
1023 5122 1117 5173 καὶ
1160 5123 1239 5183 εἰς
1289 5120 1358 5172 τὰ
1391 5122 1523 5172 πολὺ
1561 5119 1681 5172 λίαν
1734 5119 1842 5172 τῶν
1875 5121 2000 5172 καθ’

387 5211 546 5280 ἡμᾶς
592 5209 886 5264 ἐπέκεινα⁹
923 5212 1068 5282 φημὶ
1115 5211 1172 5264 δέ
1217 5212 1280 5283 δὴ
1317 5211 1476 5264 πάλιν
1522 5213 1646 5274 τοὺς
1695 5212 2002 5282 μακαρίους

387 5303 690 5372 ἀγγέλους.
726 5304 1061 5375 Πεποίηνται
1098 5304 1154 5356 δὲ
1186 5305 1248 5376 δὴ
1282 5304 1435 5374 παρὰ
1465 5304 1624 5372 Θεοῦ,
1673 5305 1764 5356 καὶ
1801 5304 1900 5373 τὴν
1944 5303 2004 5368 ἐξ

387 5396 497 5446 οὐκ
535 5394 710 5446 ὄντων
754 5394 969 5464 ἔχουσιν
1001 5397 1081 5458 εἰς
1116 5397 1178 5449 τὸ
1211 5391 1354 5448 εἶναι
1386 5397 1618 5466 πάροδον
1653 5395 1910 5465 ’Ἀγγελοί
1943 5413 2005 5447 τε

388 5490 492 5543 καὶ
508 5488 893 5558 Ἀρχάγγελοι,
911 5489 1172 5557 Θρόνοιτε
1192 5488 1284 5542 καὶ
1302 5489 1590 5554 Ἐξουσίαι,
1623 5490 1888 5561 Δυνάμεις
1912 5488 2004 5540 καὶ

400 5581 626 5650 ’Λρχαὶ,
647 5581 743 5632 καὶ
779 5580 919 5634 αὐτὰ
950 5581 1004 5634 δὲ
1035 5581 1168 5651 πρὸς
1215 5582 1424 5645 τούτοις
1454 5583 1519 5636 τὰ
1550 5582 1802 5635 ἀνώτατα
1836 5582 2003 5651 Σερα-

388 5671 520 5742 φίμ.
571 5671 778 5724 Ἐτέλει
803 5672 858 5724 δὲ
881 5675 976 5726 καὶ
999 5673 1160 5737 αὐτὸς
1190 5675 1245 5726 ἐν
1275 5677 1382 5738 τοῖς
1414 5675 1695 5745 γεγονόσιν
1727 5677 1752 5725 ὁ
1785 5675 2000 5744 δράκων

472 5846 513 5877 ⁸⁸
539 5846 681 5903 Gen.
720 5863 798 5914 ιιι,
834 5847 917 5916 16,
964 5849 1046 5902 l7.
1131 5851 1172 5882 '9
1202 5851 1366 5905 Marc.
1410 5867 1517 5920 xxv,
1560 5851 1648 5906 9.1.

2111 4659 2466 4717 dubitaverit.
2515 4657 2989 4724 Quemadmodum
3026 4655 3173 4710 enim
3213 4654 3300 4717 iis,
3333 4667 3570 4723 quorum
3599 4652 3704 4706 mi—

2111 4771 2233 4810 sera
2281 4752 2526 4808 conditio
2574 4759 2659 4805 est
2707 4750 2912 4814 futura,
2964 4751 3008 4805 si
3057 4748 3125 4803 ad
3171 4755 3354 4801 ortum
3408 4746 3704 4809 ducantur,

2113 4847 2285 4902 satius
2316 4844 2515 4900 merito
2544 4843 3009 4914 expetibiliusque
3041 4841 3226 4903 fuerit,
3262 4840 3306 4893 si
3343 4839 3397 4892 id
3427 4855 3539 4892 non
3572 4853 3707 4891 con-

2112 4944 2416 5006 sequantur
2447 4953 2459 4989 :
2492 4933 2684 4989 eadem
2733 4933 2894 5003 plane
2942 4931 3152 4985 ratione
3207 4930 3296 4991 iis,
3347 4929 3441 4996 qui
3495 4942 3706 4994 nequa-

2112 5046 2276 5100 quam
2313 5029 2386 5082 ita
2419 5026 2598 5082 affecti
2627 5025 2854 5085 fuerint,
2895 5023 3127 5092 pulchra
3177 5019 3580 5085 laudabilisque
3620 5032 3708 5070 res

2112 5122 2202 5184 sit,
2225 5119 2488 5174 exsistere
2523 5133 2585 5171 ac
2606 5117 2811 5170 vivere.
2839 5113 2980 5180 Quid
3009 5112 3175 5181 igitur
3199 5111 3222 5162 ?
3249 5109 3504 5163 obsecro.
3526 5107 3706 5175 Opor-
3731 5163 3737 5184 Δ

2113 5220 2230 5266 tere
2263 5209 2411 5264 enim
2447 5223 2647 5262 censeo
2698 5218 3010 5260 sermonem
3058 5202 3160 5256 hac
3205 5199 3274 5254 de
3323 5215 3383 5254 re
3421 5199 3586 5252 etiam
3637 5183 3738 5270 ad:

2111 5321 2198 5369 ca,
2231 5320 2353 5373 quae
2404 5303 2566 5372 longe
2617 5298 2898 5370 superiora
2952 5294 3113 5349 nobis
3151 5300 3302 5356 sunt,
3349 5291 3604 5347 traduci:
3638 5278 3730 5341 ad-

2115 5396 2324 5457 beatos,
2363 5393 2610 5463 inquam,
2663 5403 2854 5443 rursus
2884 5385 3125 5454 angelos.
3160 5383 3309 5438 Facti
3339 5382 3484 5437 enim
3523 5388 3651 5433 sunt
3676 5395 3703 5431 τι

2108 5489 2238 5544 Deo,
2268 5494 2322 5539 et
2353 5502 2381 5538 a
2412 5500 2520 5538 non
2552 5499 2671 5538 esse
2715 5482 2780 5536 ad
2815 5497 2937 5535 esse
2993 5487 3121 5533 sunt
3177 5476 3354 5531 vocati
3405 5473 3595 5541 Angeli
3650 5479 3705 5524 et

2107 5576 2455 5646 Arebangeli,
2493 5575 2707 5628 Tbroni
2736 5590 2797 5628 ae
2820 5575 3143 5630 Potestates,
3170 5569 3416 5622 Virtutes
3455 5575 3510 5619 et
3543 5564 3705 5616 Prin~

2107 5673 2343 5741 cipatus,
2404 5670 2623 5739 aliaque
2672 5668 2759 5722 bis
2807 5667 2987 5720 adhuc.
3030 5663 3335 5733 superiora,
3391 5655 3700 5728 Seraphin.
