4092 6466
417 400 515 456 -23
650 362 654 369 ’
1475 399 1529 455 s.
1571 400 1849 459 omum
1886 403 2360 460 ALEXANDBINI
2397 404 2712 466 ARCHIEP.
3641 407 3713 464 ιε

445 517 724 571 Accensae
773 526 958 572 autem
1004 524 1089 572 est
1134 516 1302 573 etiam
1354 517 1411 573 in
1458 517 1546 584 iis,
1582 532 1704 587 quae
1735 519 2026 588 exsistunt,

2132 523 2161 575 ὁ
2182 519 2514 591 ἀποστάτης,
2545 520 2638 573 καῖ⁷
2671 519 2728 573 αῑ
2760 522 2856 577 σὺν
2884 520 3034 590 αὐτῷ
3072 520 3331 592 δυνάμεις
3356 522 3412 574 αἱ
3452 526 3707 594 πονηραὶ,

447 608 615 664 draco
655 615 921 679 apostata,
957 608 1184 678 aliaque
1212 624 1336 664 cum
1366 624 1435 666 eo
1473 625 1654 680 pravae
1685 620 2019 681 potestates:

448 707 503 753 et
533 707 691 755 erant
716 715 826 755 una
865 714 993 754 cum
1036 700 1158 756 aliis
1200 700 1403 755 sanctis
1445 709 1610 771 atque
1665 704 2025 761 rationalibus

448 792 751 858 creaturis,
805 807 1071 862 supernas
1121 793 1435 848 mansiones
1479 794 1790 865 implentes,
1841 798 2024 852 excel-

446 882 623 938 lentes
669 883 726 938 in
763 884 955 954 gloria,
997 883 1160 955 longe
1192 886 1571 954 praestantiore
1601 893 1658 940 et
1681 885 2023 957 incompara-

447 975 632 1029 biliter
682 976 1038 1042 sublimiore,
1095 992 1257 1047 quam
1301 987 1492 1034 nostra
1546 986 1651 1044 est,
1709 978 2023 1036 conditione

446 1063 659 1133 praediti
686 1082 696 1117 :
729 1065 875 1121 unde
904 1065 1114 1121 dictum
1149 1075 1233 1121 est
1253 1066 1382 1121 alibi
1413 1083 1443 1121 a
1472 1068 1584 1123 Deo
1615 1086 1627 1121 :
1662 1086 1680 1120 ι
1707 1067 1843 1123 Cum
1878 1069 2023 1125 Che-

446 1154 626 1210 rubim
647 1157 805 1226 posui
832 1166 883 1213 te
911 1159 976 1212 ".
1007 1177 1025 1210 ι
1061 1158 1333 1214 Caeterum
1360 1158 1573 1214 ﬁrmam
1594 1160 1814 1229 quidem
1832 1176 1895 1216 ac
1910 1171 2021 1217 sta-

445 1242 612 1302 bilem
651 1262 803 1301 suam
848 1248 1077 1318 gloriam
1105 1248 1313 1303 habent
1333 1258 1521 1303 sancta
1543 1248 1862 1315 Cherubim,
1891 1266 2022 1320 pro-

443 1337 730 1409 priamque
760 1338 1080 1409 dignitatem
1102 1339 1481 1394 inconcussam
1510 1347 1734 1396 tuentur
1758 1358 1770 1395 :
1798 1348 1855 1395 et
1872 1340 2023 1396 mille

444 1429 619 1484 millia
639 1430 889 1486 serviunt
909 1431 1043 1497 Deo,
1080 1447 1146 1487 ac
1167 1432 1397 1488 totidem
1425 1431 1699 1504 myriades
1731 1433 2025 1490 astiterunt

444 1523 496 1577 ei
535 1524 600 1577 ³⁸.
635 1520 848 1592 Lapsus
886 1531 1070 1578 autem
1102 1531 1188 1579 est
1221 1538 1347 1579 cum
1372 1524 1495 1579 aliis
1529 1518 1775 1589 Satanas,
1816 1540 2023 1594 suaque

443 1615 616 1687 gloria
665 1615 929 1686 privatus.
965 1615 1102 1671 Cum
1129 1614 1312 1686 itaque
1336 1632 1367 1670 a
1395 1615 1615 1686 propria
1635 1632 1733 1671 sua
1756 1615 2024 1685 dignitate

445 1704 766 1761 deiecturus
791 1713 955 1772 esset,
982 1721 1082 1761 sua
1106 1714 1299 1776 sponte
1333 1706 1400 1760 ad
1429 1706 1819 1760 offendendum
1848 1706 2023 1760 Deum

445 1810 747 1851 conversus
785 1795 988 1861 effecit,
1043 1803 1105 1850 ut
1147 1801 1179 1849 ιι
1236 1794 1512 1849 creatione
1566 1803 1900 1861 sanctorum,
1935 1795 2021 1849 in-

2127 610 2222 665 καὶ
2249 606 2390 681 ἦσαν
2420 609 2557 681 ὁμοῦ
2584 610 2698 673 τοῖς
2738 610 2920 675 ἀλλοις
2962 611 3140 681 ἁγίοις
3186 612 3281 665 καὶ
3316 611 3555 680 λογικοῖς
3594 614 3712 665 κτί-
3800 618 3807 625 ‘

2127 720 2317 774 σμασι,
2339 702 2440 766 τὰς
2471 701 2584 756 ἀνω
2618 696 2952 773 πληροῦντες
2998 704 3186 775 μονὰς,
3215 704 3610 773 διαπρέποντες
3652 703 3712 757 ὲν

2125 796 2275 866 δόξῃ,
2305 788 2529 848 καὶτῶν
2552 793 2676 847 καθ’
2692 792 2844 865 ἡμᾶς
2866 794 3000 848 πολὺ
3031 794 3095 868 δὴ
3114 795 3233 849 λίαν
3254 797 3311 849 ὲν
3334 796 3601 866 ἀμείνοσι,
3617 796 3712 849 καὶ

2126 884 2462 955 ἀσύγκριτον
2494 884 2711 955 ἔχοντες
2737 885 2835 956 τὴν
2874 881 3166 956 ὑπεροχήν.
3201 887 3313 939 Καὶ
3339 885 3469 954 γοῦν
3497 886 3711 956 εἴρηταί

2126 992 2229 1028 που
2261 974 2413 1047 παρά
2440 975 2598 1029 Θεοῦο
2638 996 2655 1027 ι
2691 976 2846 1030 Μετὰ
2874 976 2984 1029 τῶν
3017 972 3298 1049 Χερουϐὶμ
3322 978 3541 1032 τέθεικά
3567 994 3646 1033 σε.
3685 997 3706 1030 ι

2138 1065 2280 1120 Ἀλλ’
2313 1069 2711 1138 ἐρηρεισμένην
2764 1067 2864 1138 μὲν
2900 1067 3083 1138 έχουσι
3123 1069 3222 1139 τὴν
3265 1068 3426 1135 δόξαν
3471 1069 3539 1122 τὰ
3579 1069 3711 1137 ἀγια

2122 1158 2439 1228 Χερουὸὶμ,
2492 1161 2585 1211 καὶ
2629 1158 2793 1223 σώζει
2843 1158 3075 1227 βεϐαίως
3119 1159 3216 1230 τὴν
3259 1161 3465 1213 οἰκείαν
3512 1160 3727 1230 ἀρχήν.-

2125 1248 2237 1302 Kal
2265 1248 2434 1321 χίλιαί
2462 1266 2523 1303 τε
2550 1248 2784 1320 χιλιάδες
2816 1249 3189 1320 λειτουργοῦσι
3216 1249 3366 1319 Θεῷ,
3394 1252 3487 1303 καὶ
3519 1250 3710 1320 μύριαι

2127 1340 2388 1413 μυριάδες
2428 1340 2890 1411 παρειστήκεισαν
2929 1340 3099 1411 αὐτῷ.
3137 1340 3453 1393 Κατώλισθε
3497 1341 3553 1393 δὲ
3589 1340 3709 1411 μεθ’

2126 1430 2329 1502 ἑτέρων
2354 1428 2383 1483 ὁ
2422 1429 2696 1495 Σατανᾶς,
2727 1430 2822 1482 καὶ
2848 1431 2945 1499 τῆς
2975 1431 3181 1493 οἰκείας
3208 1429 3367 1499 δόξης
3397 1428 3705 1498 ἐστέρηται.

2127 1519 2250 1589 Ἀρ*
2290 1515 2384 1574 οὖν
2436 1520 2738 1591 ἐπειδήπερ
2791 1521 3079 1575 ἀπολιπεῖν
3129 1520 3321 1592 ἔμελλε
3354 1521 3452 1592 τὴν
3501 1520 3708 1573 οἰκείαν

2122 1612 2297 1684 ἀρχὴν
2326 1611 2607 1683 ἐθελοντὴς
2635 1611 2923 1676 διανεύσας
2958 1614 3051 1665 ἐπὶ
3088 1613 3148 1665 τὸ
3176 1611 3540 1683 προσκρούειν
3566 1610 3704 1682 Θεῷ·

2124 1703 2280 1756 ὄκνον
2296 1703 2647 1773 εἰσδέχεσθαι,
2663 1703 2753 1757 τὸν
2770 1704 2862 1756 ἐπὶ
2880 1707 2946 1775 τῇ
2990 1704 3204 1775 ποιήσει
3226 1705 3368 1775 φημὶ
3412 1702 3519 1757 τῶν
3541 1703 3710 1772 ἁγίων

2126 1794 2391 1862 ἀγγέλων,
2415 1796 2506 1848 τὸν
2537 1796 2646 1850 τῶν
2680 1796 2817 1849 ὅλων
2850 1796 3040 1868 ἐδέησε
3064 1796 3410 1867 Δημιουργὸν
3429 1836 3443 1861 ,
3466 1795 3569 1854 ,καὶ
3610 1794 3708 1864 τὴν

445 1902 632 1957 quam,
678 1889 1020 1959 angelorum,
1054 1886 1445 1942 universorum
1474 1885 1668 1957 Opifex
1706 1887 2020 1954 desisteret,

2129 1884 2271 1938 οὕτω
2305 1885 2561 1957 λαμπράν
2594 1886 2689 1939 καὶ
2734 1862 3058 1954 ἀξιάγαστον
3086 1862 3479 1939 ἀποσείσασθαι
3509 1862 3705 1938 κτίσιν.

443 1978 502 2047 8
545 1977 792 2048 adeoque
830 1978 1087 2033 eximiam
1113 1985 1277 2048 atque
1314 1978 1693 2033 admirabilem
1718 1987 2025 2034 creaturam

441 2068 785 2128 deturbaret.
829 2072 900 2127 At
929 2088 1062 2128 vero
1102 2087 1213 2143 quo
1260 2080 1420 2143 pacto
1449 2087 1560 2127 non
1598 2072 1798 2142 injuria
1832 2072 2028 2128 aﬂecta

446 2161 750 2230 videretur,
793 2164 901 2220 nisi
947 2164 1017 2218 ad
1051 2172 1234 2219 ortum
1268 2163 1504 2218 adducta
1541 2162 1756 2229 fuisset,
1791 2164 2027 2218 circum-

446 2265 600 2312 stans
619 2270 746 2310 eum
770 2271 838 2311 eo
863 2271 1038 2327 usque
1066 2264 1123 2312 et
1149 2257 1456 2312 inserviens
1480 2254 1795 2321 multitudo,
1828 2256 2027 2311 ac'Deo

446 2345 685 2400 creatori
733 2345 1005 2416 integram
1047 2361 1106 2402 se
1157 2361 1404 2412 servans,
1438 2354 1494 2400 et
1529 2344 1765 2416 propria:
1795 2362 1908 2401 suae
1941 2345 2027 2400 di-

446 2435 672 2506 gnitatis
731 2437 1068 2494 oblivionem
1130 2452 1478 2508 nequaquam
1545 2438 1658 2508 pati
1703 2438 2029 2493 sustinens?

445 2526 589 2595 Quid
642 2531 815 2596 enim,
872 2530 962 2585 dic
1000 2530 1157 2595 mihi,
1190 2530 1347 2585 valde
1372 2530 1549 2595 obest,
1575 2530 1619 2584 si
1639 2532 1890 2585 nonnulli
1914 2545 2029 2600 pra:-

445 2636 545 2676 sua
596 2621 911 2692 arrogantia
960 2636 1025 2677 ac
1057 2623 1222 2687 fastu,
1279 2638 1310 2677 a
1356 2622 1502 2677 bono
1543 2630 1708 2689 statu,
1738 2623 1852 2678 sive
1881 2638 2024 2689 esse,

444 2714 817 2777 exciderunt?
851 2715 917 2770 Hi
954 2731 1086 2772 vero
1140 2717 1251 2771 illis
1283 2715 1695 2785 praestantiores
1730 2730 1855 2771 cum
1916 2714 2028 2769 Deo

444 2805 758 2871 exsistunt,
828 2806 1111 2877 ipsiusque
1159 2806 1496 2877 benignitate
1553 2806 1763 2860 all‘atim
1815 2805 2025 2871 referti,

445 2896 685 2952 assiduis
716 2904 880 2968 atque
924 2898 1364 2954 indesinentibus
1390 2897 1648 2954 laudibus
1680 2913 1806 2952 eum
1837 2912 2026 2966 prose-

445 2994 712 3058 quuntur.
762 2987 842 3042 Ac
888 2987 957 3043 de
983 2987 1136 3058 ipsis,
1178 2989 1437 3055 arbitror,
1472 2989 1602 3043 alibi
1637 2989 1830 3043 beatus
1857 2988 2028 3043 David

444 3078 689 3150 loquitur
723 3097 737 3133 :
781 3099 799 3132 ι
834 3080 987 3136 Beati
1017 3096 1209 3136 omnes
1254 3081 1566 3137 habitantes
1600 3082 1656 3137 in
1700 3081 1862 3135 domo
1912 3089 2026 3148 tua,

444 3172 503 3227 in
551 3172 753 3227 sacula
787 3173 1113 3228 saeculorum
1136 3173 1445 3230 laudabunt
1483 3182 1535 3229 te
1568 3176 1632 3227 “.
1676 3193 1695 3226 ι
1735 3172 1873 3228 Cum
1897 3189 2027 3245 ergo
2055 3199 2097 3256 ο

444 3258 514 3315 de
543 3258 631 3314 his
668 3274 851 3315 sermo
876 3260 949 3316 ita
984 3277 1041 3317 se
1070 3262 1288 3329 habeat,
1323 3280 1443 3335 age,
1483 3264 1649 3318 etiam
1674 3263 1731 3317 in
1784 3264 1871 3327 iis,
1905 3280 2027 3334 quae

445 3346 513 3403 ad
568 3364 672 3405 nos
725 3350 876 3421 ipsos
896 3352 1200 3422 pertinent,
1239 3354 1491 3410 eamdem
1525 3354 2025 3410 considerationem

444 3439 823 3497 adhibeamus.

513 3532 566 3586 4.
598 3532 797 3589 Factus
813 3534 962 3590 enim
993 3545 1078 3593 est
1111 3537 1166 3593 in
1198 3534 1472 3610 principio
1494 3539 1682 3606 homo,
1718 3555 1831 3596 suae
1858 3539 2028 3610 ipsius

445 3621 742 3680 voluntatis
762 3623 1038 3693 dominus,
1081 3627 1354 3698 liberque,
1384 3628 1453 3683 ad
1488 3625 1636 3699 quod
1662 3629 1816 3696 velit,
1845 3638 2027 3684 motus

445 3714 498 3767 ei
548 3722 632 3768 est
672 3718 1043 3774 concreditus.
1094 3718 1263 3774 Liber
1295 3720 1442 3774 enim
1465 3728 1549 3774 est
1579 3718 1744 3785 Deus,
1775 3720 1844 3775 ad
1870 3721 2027 3790 cujus

448 3799 740 3875 imaginem
781 3807 1050 3865 formatus
1072 3818 1175 3865 est.
1203 3810 1283 3865 Ita
1312 3810 1607 3880 siquidem,
1636 3827 1815 3881 neque
1844 3812 2023 3877 aliter,

445 3890 667 3953 laudem
696 3902 957 3972 consequi
989 3908 1222 3972 poterat,
1255 3916 1420 3972 quam
1459 3902 1505 3955 si
1539 3901 1885 3956 voluntarius
1905 3918 2025 3957 cer—

447 3994 673 4045 neretur
713 3993 938 4049 virtutis
987 4001 1245 4064 Operator
1269 4035 1283 4058 ,
1324 4009 1664 4065 operumque
1705 3996 2023 4066 puritatem,

446 4072 709 4152 tanquam
757 4085 963 4141 mentis
1007 4084 1247 4139 fructum
1292 4086 1504 4153 ederet,
1528 4103 1641 4142 non
1665 4088 1836 4142 veluti
1862 4094 2026 4142 natu-

446 4173 576 4229 ralis
626 4170 973 4231 necessitatis
1013 4174 1292 4243 eli‘ectum,
1347 4194 1470 4249 quae
1497 4188 1651 4234 extra
1673 4179 1726 4233 id
1754 4179 1900 4250 quod
1925 4180 2026 4234 bo-

446 4278 577 4318 num
618 4273 725 4331 est,
771 4280 901 4320 eum
936 4265 1068 4320 ferri
1112 4281 1224 4321 non
1269 4267 1499 4336 sineret,
1539 4269 1755 4327 etiamsi
1799 4270 1854 4326 id
1879 4268 2029 4341 quod

447 4354 552 4409 tale
583 4371 696 4411 non
728 4365 831 4423 est,
860 4356 1040 4412 facere
1068 4358 1251 4414 vellet.
1285 4358 1531 4431 Adeptus
1575 4361 1742 4432 igitur
1793 4370 1879 4417 est
1920 4360 2027 4417 ini-

448 4444 526 4500 tio
553 4446 721 4501 homo
750 4446 989 4502 liberum
1013 4456 1176 4518 atque
1200 4444 1517 4520 expeditum
1541 4451 1610 4506 ad
1630 4450 1882 4522 quamvis
1911 4467 2028 4507 rem

2130 1973 2263 2028 Εἶτα
2288 1975 2405 2038 πῶς
2434 1977 2534 2030 οὐκ
2564 1976 2629 2029 ἂν
2658 1975 2944 2046 ἠδικῆσθαι
2979 1974 3202 2040 δόξειεν,
3248 1976 3297 2027 ει
3343 1975 3417 2044 μὴ
3449 1971 3707 2042 παρήχθη

2130 2065 2266 2136 πρὶς
2288 2066 2499 2133 γένεσιν
2532 2067 2565 2136 ὴ
2596 2064 2929 2135 παρεστῶσά
2957 2080 3014 2117 τε
3048 2066 3127 2127 είς
3152 2062 3313 2133 δεῦρο
3342 2062 3438 2115 καὶ
3464 2061 3707 2129 λειτουρ-

2127 2158 2301 2226 γοῦσα
2334 2157 2542 2227 πληθὺς
2560 2196 2574 2221 ,
2600 2158 2695 2211 καὶ
2722 2156 2842 2227 Θεῷ
2864 2157 2941 2228 τῷ
2965 2153 3353 2225 τεκτηναμένῳ
3377 2152 3621 2223 τηροῦσα
3645 2151 3709 2204 τὸ

2129 2249 2372 2320 γνήσιον,
2400 2249 2493 2301 καὶ
2525 2247 2586 2300 τδ
2617 2249 2695 2311 είς
2717 2246 2889 2318 λήθην
2912 2245 3087 2299 ἐλθεῖν
3117 2244 3218 2313 τῆς
3250 2240 3386 2305 ιδίας
3413 2241 3587 2312 ἀρχῆς
3608 2239 3710 2293 οὐκ

2129 2338 2433 2410 ἀνεχομένη
2457 2337 2649 2392 παθεῖν
2674 2356 2688 2404 ;
2722 2336 2788 2390 Τί
2816 2337 2947 2409 γάρ,
2977 2336 3098 2390 εἰπέ
3141 2353 3252 2408 μοι,
3284 2334 3345 2387 τὸ
3380 2333 3584 2402 σφόδρα
3613 2331 3709 2384 λυ-

2130 2432 2285 2496 ποῦν,
2330 2432 2379 2483 εἰ
2425 2430 2833 2500 διημαρτήκασι
2865 2445 3009 2492 τινες
3056 2426 3117 2492 ἐξ
3162 2424 3465 2498 ὑπεροψίας
3505 2422 3600 2475 τοῦ
3647 2417 3709 2475 εὖ

2129 2519 2266 2577 εἶναι
2295 2522 2490 2593 τυχόν;
2527 2521 2797 2590 Ἀλλ“οῖγε
2820 2523 3026 2575 τούτων
3052 2520 3327 2591 ἀμείνους,
3358 2519 3546 2571 ἑστᾶσι
3572 2515 3712 2586 μετά

2129 2614 2285 2678 Θεοῦ,
2330 2615 2425 2668 καὶ
2455 2613 2550 2683 τῆς
2589 2612 2925 2683 ἡμερότητος
2954 2612 3120 2666 αὑτοῦ
3170 2610 3442 2672 πλουσίως
3470 2608 3711 2676 ἀναπιμ-

2130 2706 2433 2777 πλάμενοι,
2482 2710 2720 2779 μακραῖς
2783 2706 2876 2760 καὶ
2915 2705 3313 2776 ἀκαταλήκτοις
3384 2698 3711 2766 δοξολογίαις

2128 2799 2608 2869 καταγεραίρουσι.
2642 2798 2751 2851 Καὶ
2779 2798 3137 2868 περὶαύτῶν,
3167 2792 3321 2866 οἶμαί
3344 2806 3469 2857 που,
3494 2792 3658 2863 φησὶν
3680 2791 3710 2842 ὁ

2132 2891 2399 2962 μακάριος
2425 2892 2588 2946 Δαὸίδ
2606 2910 2619 2922 ·
2658 2912 2676 2944 ι
2709 2893 2985 2963 Μακάριοι
3019 2892 3222 2953 πάντες
3251 2891 3301 2943 οἱ
3329 2886 3710 2949 κατοικοῦντες

2129 2987 2186 3037 ὲν
2207 2984 2286 3055 τῷ
2306 2986 2439 3055 οἴκῳ
2461 3001 2576 3047 σου,
2608 2985 2687 3048 είς
2706 2985 2835 3047 τοὺς
2851 2983 3053 3047 αἰῶνας
3073 2982 3181 3035 τῶν
3204 2981 3417 3035 αἰώνων
3433 2977 3707 3033 αῐνέσουσί

2130 3093 2210 3130 σε.
2252 3094 2272 3128 ι
2313 3076 2568 3146 Ἕχοντος
2599 3076 2655 3129 δὲ
2693 3068 2794 3129 ὦδε
2824 3075 2920 3128 τοῦ
2953 3074 3081 3145 περὶ
3112 3073 3318 3127 τούτων
3346 3071 3505 3139 λόγου
3526 3110 3543 3135 ,
3573 3069 3709 3139 φέρι

2129 3168 2389 3232 καθέντες
2414 3168 2513 3240 τὴν
2545 3166 2777 3238 βάσανον
2811 3167 2906 3222 καὶ
2935 3168 2992 3221 ἐν
3020 3166 3130 3229 τοῖς
3158 3166 3281 3221 καθ’
3314 3164 3463 3236 ἡμᾶς
3488 3159 3707 3227 αὐτοὺς.

2129 3261 2304 3316 ἐκεῖνο
2326 3256 2769 3331 διασκεψώμεθα.

2198 3542 2261 3596 δ’.
2298 3538 2572 3608 Πεποίητο
2612 3538 2713 3610 μὲν
2739 3538 2849 3611 γὰρ
2880 3540 2910 3593 ὁ
2947 3536 3234 3609 ἄνθρωπος
3275 3536 3332 3589 ἒν
3373 3529 3569 3606 ἀρχαῖς
3600 3532 3711 3588 τῶν

2132 3630 2277 3684 ἰδίων
2301 3628 2622 3700 θελημάτων
2653 3627 2750 3692 τὰς
2792 3628 2948 3699 ἡνίας
2979 3626 3411 3696 πεπιστευμένος
3430 3666 3445 3692 ,
3480 3625 3575 3679 καὶ
3612 3623 3713 3695 τὴν

2128 3722 2211 3791 ἐφ’
2240 3714 2394 3792 ᾧπερ
2426 3721 2492 3774 ἂν
2517 3720 2691 3773 ἕλοιτο
2734 3718 2905 3790 ῥοπὴν
2939 3718 3230 3789 ἀνειμένην
3259 3715 3418 3786 ἔχων.
3466 3709 3713 3769 Ἐλεύθευ

2130 3827 2222 3882 ρον
2248 3808 2356 3880 γὰρ
2384 3808 2444 3862 τὸ
2466 3807 2640 3872 Θεῖον,
2670 3807 2806 3877 πρὸς
2826 3806 2856 3859 δ
2880 3805 2974 3859 καὶ
3009 3822 3075 3875 με
3084 3805 3356 3875 μόρφωτο.
3381 3796 3511 3853 Ὧδε
3539 3797 3597 3852 δὲ
3618 3793 3709 3869 ἦν,

2127 3894 2302 3971 οἶμαι,
2343 3900 2437 3954 καὶ
2479 3900 2578 3969 οὐχ
2608 3899 2809 3969 ἑτέρως
2856 3896 3157 3967 κεκτῆσθαι
3186 3894 3245 3947 τὸ
3273 3892 3633 3961 ἀξιάγαστον,
3663 3889 3711 3943 εί

2128 3992 2419 4065 ἐθελοντὴς
2461 3991 2637 4063 ὁρῷτο
2668 3992 2768 4061 τῆς
2810 3989 3014 4061 ἀρετῆς
3054 3988 3314 4059 ἐργάτης,
3360 3986 3456 4040 καὶ
3487 3984 3713 4054 γνώμης
3746 4020 3750 4023 -

2129 4086 2269 4158 ἔχων
2300 4083 2514 4156 καρπὸν
2533 4122 2548 4148 ,
2574 4080 2637 4134 τὸ
2666 4083 2724 4134 έν
2756 4080 2940 4151 ἔργοις
2979 4078 3289 4150 εἰλικρινὲς,
3325 4078 3425 4131 οὐκ
3469 4077 3713 4148 ἀνάγκης

2129 4179 2319 4249 ὥσπερ
2356 4175 2704 4243 ἀποτέλεσμα
2735 4173 2992 4242 φυσικῆς,
3026 4170 3124 4224 οὑκ
3158 4168 3407 4239 ἐφιείσης
3434 4169 3569 4231 ὃλως
3608 4165 3715 4230 ἔξω

2130 4270 2395 4340 φέρεσθαι
2422 4266 2516 4321 τοῦ
2547 4265 2736 4332 καλοῦ,
2766 4263 2870 4317 κάν
2905 4265 2952 4317 εί
2979 4262 3113 4334 δρᾷν
3138 4262 3316 4315 ἕλοιτο
3345 4260 3404 4314 τὸ
3435 4260 3510 4331 μὴ
3540 4259 3713 4323 οὕτως

2131 4358 2273 4430 ἔχον.
2306 4357 2517 4412 Οὐκοῦν
2548 4355 2759 4425 ἀνῆπτο
2786 4351 2885 4424 μὲν
2912 4355 2969 4406 ὲν
2996 4354 3193 4423 ἀρχαῖς
3219 4354 3248 4405 ὁ
3285 4350 3574 4421 ἄνθρωπος
3612 4350 3714 4416 τὴν

2131 4447 2216 4519 ἐφ’
2245 4448 2418 4503 ἆπασι
2439 4448 2553 4509 τοῖς
2573 4443 2869 4516 πρακτέοις
2892 4438 3185 4511 ἀνειμένην
3204 4457 3265 4492 τε
3285 4439 3381 4492 καὶ
3397 4438 3595 4508 ἄφετον
3612 4436 3714 4507 τῆς

448 4537 717 4608 agendam
763 4537 966 4594 mentis
1018 4549 1229 4595 motum
1266 4560 1279 4595 :
1329 4549 1590 4597 cancrum
1635 4538 1890 4599 draconis
1922 4544 2026 4598 im-

2130 4541 2367 4603 διανοίας
2390 4541 2563 4611 ῥοπήν
2577 4553 2592 4569 ο
2616 4536 2751 4591 ἀλλά
2772 4538 2882 4598 τοῖς
2905 4537 3001 4587 τοῦ
3020 4533 3311 4605 δράκοντος
3334 4534 3708 4602 φενακισμοῖς,

452 4631 696 4699 posturis
752 4629 822 4685 ad
858 4646 983 4702 quae
1010 4632 1238 4689 minime
1270 4634 1655 4700 conveniebat,
1709 4626 2030 4705 imprudenJ

2129 4634 2215 4701 ἐφ’
2242 4631 2279 4686 ἀ
2313 4632 2387 4701 μὴ
2417 4629 2718 4701 προσῆκεν,
2754 4625 3031 4689 ἀσυνέτως
3065 4623 3487 4697 παρεκομίζετο,
3516 4622 3613 4675 καὶ
3643 4620 3711 4675 δι’

447 4727 530 4775 ter
582 4730 666 4776 est
705 4720 991 4794 abreptus,
1035 4724 1355 4796 nullamque
1393 4724 1555 4796 plane
1585 4724 2026 4797 transgressionis

2129 4721 2342 4785 οὐδενὸς
2396 4720 2633 4772 ἐποιεῖτο
2694 4717 2854 4787 λόγου
2901 4715 3001 4789 τὴν
3051 4714 3383 4788 παράϐασιν.
3442 4713 3712 4782 Ταύτῃτοι

447 4811 721 4868 rationem
747 4813 960 4869 habuit.
1002 4814 1215 4871 Idcirco
1248 4825 1425 4872 morte
1448 4824 1612 4888 atque
1638 4817 1863 4874 interitu
1892 4819 2033 4901 mul—

446 4910 592 4958 tatus
638 4914 725 4960 est
747 4943 761 4968 ,
808 4905 1165 4976 praevidente,
1197 4916 1257 4963 ut
1277 4908 1533 4974 arbitror,
1567 4911 1680 4965 Deo
1716 4913 2028 4978 utilitatem,

445 5007 567 5062 qua:
610 4995 667 5049 id
718 4997 865 5065 quod
914 4997 1192 5055 acciderat
1241 5010 1497 5056 secutura
1534 5012 1698 5058 esset.
1749 5003 2030 5059 Converso

442 5085 594 5141 enim
626 5088 794 5142 semel
829 5088 898 5144 ad
934 5098 1221 5159 peccatum
1251 5091 1494 5159 homine,
1521 5094 1802 5164 ipsiusque
1827 5105 2027 5151 natura

446 5175 750 5234 deflexione
800 5179 858 5235 in
908 5180 1105 5236 vitium
1138 5180 1441 5249 laborante,
1493 5185 1667 5241 instar
1699 5185 1814 5241 fere
1842 5186 2026 5256 impu-

448 5281 634 5320 rorum
679 5268 993 5338 spirituum,
1037 5279 1363 5342 perpetuum
1406 5272 1461 5328 in
1495 5280 1648 5329 terra
1676 5275 1880 5329 malum
1927 5275 2026 5329 de-

446 5360 781 5425 prehensum
828 5372 931 5418 est.
989 5364 1209 5420 Utiliter
1261 5366 1446 5435 itaque
1485 5366 1705 5421 inventa
1727 5373 1813 5422 est
1843 5366 2026 5423 carnis

448 5464 615 5516 mors,
640 5467 753 5508 non
772 5452 829 5507 in
850 5454 1162 5511 absolutum
1185 5456 1470 5513 interitum
1492 5456 1693 5513 animal
1708 5458 2022 5524 traducens,

450 5541 546 5601 sed
580 5543 763 5614 potius
804 5544 861 5601 in
892 5548 1322 5613 renovationem,
1345 5557 1529 5619 atque,
1559 5556 1620 5603 ut
1649 5549 1723 5603 ita
1753 5549 2022 5616 dicamus,

452 5638 711 5703 tanquam
748 5651 845 5693 vas
868 5638 1145 5709 quoddam
1171 5637 1512 5694 confractum
1533 5654 1633 5693 suo
1661 5647 1908 5711 tempore
1933 5656 2025 5694 re-

2131 4810 2519 4875 κατεδικάζετο
2561 4810 2778 4880 θανάτῳ
2816 4809 2912 4863 καὶ
2954 4807 3161 4879 φθορᾷ,
3201 4803 3672 4877 προαναθροῦντος
3696 4843 3710 4866 ,

2130 4901 2308 4977 οἶμαι,
2340 4905 2475 4959 Θεοῦ
2502 4904 2563 4958 τὸ
2583 4904 2658 4968 ὡς
2684 4903 2740 4957 ἐν
2773 4920 2835 4973 γε
2859 4901 2936 4973 τῷ
2958 4899 3326 4972 συμδεσηκότι
3346 4896 3714 4950 λυσιτελέστε-

2141 5016 2251 5069 ρον.
2273 4995 2639 5060 Διανενευκὼς
2658 4996 2768 5068 γὰρ
2788 4993 2936 5060 ἀπαξ
2956 4995 3036 5058 είς
3065 4990 3335 5064 ἁμαρτίαν
3357 4990 3388 5044 ὸ
3406 4982 3711 5062 ἄνθρωπος,

2134 5091 2229 5145 καὶ
2254 5090 2643 5162 ἀρρωστούσης
2666 5088 2815 5161 αὐτῷ
2839 5088 2939 5159 τῆς
2965 5085 3182 5157 φύσεως
3201 5084 3302 5156 τὴν
3330 5086 3411 5147 είς
3437 5083 3507 5137 τὰ
3534 5080 3717 5150 φαῦλα

2137 5181 2330 5252 ῥοπὴν,
2368 5183 2427 5234 ὲν
2460 5182 2561 5252 ι’σῳ
2595 5197 2698 5233 που
2736 5180 2879 5251 τάχα
2907 5181 3021 5243 τοῖς
3051 5175 3383 5247 ἀκαθάρτοις
3416 5172 3712 5244 πνεύμασι,

2133 5273 2378 5342 διηνεκὲς
2410 5272 2505 5327 ὲπὶ
2536 5273 2640 5343 γῆς
2670 5272 3027 5342 κατεφωρᾶτο
3049 5267 3237 5322 κακόν.
3279 5265 3584 5319 Ἐπενοεῖτο
3605 5262 3715 5349 τοί-

2135 5382 2230 5417 νυν
2258 5365 2545 5436 χρησίμως
2564 5366 2593 5417 ὁ
2617 5363 2719 5434 τῆς
2746 5361 2946 5429 σαρκὸς
2977 5362 3225 5423 θάνατος,
3260 5358 3361 5412 οὐκ
3395 5358 3474 5420 είς
3494 5354 3714 5437 ὄλεθρον

2133 5454 2353 5526 ὁλοτελῆ
2399 5453 2788 5527 παραπέμπων
2834 5450 2896 5505 τὸ
2939 5450 3109 5516 ζῶον⁹
3146 5451 3229 5511 είς
3275 5445 3626 5517 καινουργίαν
3656 5442 3714 5497 δὲ

2137 5548 2358 5619 μᾶλλον,
2397 5548 2511 5616 καὶ,
2536 5547 2602 5600 ἵν’
2626 5544 2801 5609 οὕτως
2824 5544 3088 5613 εἴπωμεν,
3116 5544 3196 5605 εἰς
3228 5539 3530 5609 ἀνασκευὴν
3547 5532 3635 5593 οἷά
3659 5552 3713 5591 τι

2133 5623 2327 5706 σκεῦος
2382 5636 2845 5710 συντεθλασμένον
2892 5635 3035 5691 κατά
3083 5633 3311 5708 καιροὺς
3361 5630 3710 5702 ἐφυλάττετο.

522 5812 568 5846 ³⁸
592 5811 792 5871 Ezech.
824 5832 1009 5885 xxvm,
1038 5815 1123 5871 l4.
1198 5817 1240 5849 “
1267 5816 1403 5873 Dan.
1434 5830 1530 5884 vn,
1563 5814 1647 5872 10.
1724 5816 1768 5850 ³³
1794 5815 1936 5873 Psal.
1977 5833 2198 5887 unm,
2232 5816 2289 5887 5.

2286 5882 2321 5919 ἰ
