  <div class='ocr_page' id='page_1' title='image "/cluster/home/n/w/nwhite01/storage/ocr_20150623/69:no.2/coo.31924054869734/020.png"; bbox 0 0 4092 6470; ppageno 0'>
   <div class='ocr_carea' id='block_1_1' title="bbox 430 391 2026 462">
    <p class='ocr_par' dir='ltr' id='par_1_1' title="bbox 430 403 2019 461">
     <span class='ocr_line' id='line_1_1' title="bbox 430 403 2019 461; baseline -0.002 0"><span class='ocrx_word' id='word_1_1' title='bbox 430 403 514 461; x_wconf 73' lang='lat'><strong>‘35</strong></span> <span class='ocrx_word' id='word_1_2' title='bbox 1256 448 1260 451; x_wconf 57' lang='grc' dir='ltr'><strong><em>η</em></strong></span> <span class='ocrx_word' id='word_1_3' title='bbox 1489 404 1759 457; x_wconf 54' lang='grc' dir='ltr'>διαίνων</span> <span class='ocrx_word' id='word_1_4' title='bbox 1772 404 2019 459; x_wconf 69' lang='grc' dir='ltr'>ιιυιιυιιι</span> 
     </span>
    </p>
   </div>
   <div class='ocr_carea' id='block_1_2' title="bbox 2128 391 3728 462">
    <p class='ocr_par' dir='ltr' id='par_1_2' title="bbox 2165 391 3728 462">
     <span class='ocr_line' id='line_1_2' title="bbox 2165 391 3728 462; baseline -0.001 -1"><span class='ocrx_word' id='word_1_5' title='bbox 2165 408 2467 461; x_wconf 65' lang='lat' dir='ltr'><strong>usuusu!</strong></span> <span class='ocrx_word' id='word_1_6' title='bbox 2506 410 2636 462; x_wconf 80' lang='lat' dir='ltr'><strong>LIB.</strong></span> <span class='ocrx_word' id='word_1_7' title='bbox 2684 423 2721 461; x_wconf 89' lang='grc' dir='ltr'>ι.</span> <span class='ocrx_word' id='word_1_8' title='bbox 3660 391 3728 445; x_wconf 66' lang='grc'><strong>26</strong></span> 
     </span>
    </p>
   </div>
   <div class='ocr_carea' id='block_1_3' title="bbox 433 516 2026 590">
    <p class='ocr_par' dir='ltr' id='par_1_3' title="bbox 433 516 2026 590">
     <span class='ocr_line' id='line_1_3' title="bbox 433 516 2026 590; baseline -0.001 -17"><span class='ocrx_word' id='word_1_9' title='bbox 433 518 570 573; x_wconf 82' lang='grc' dir='ltr'>Ὅτι</span> <span class='ocrx_word' id='word_1_10' title='bbox 610 518 709 588; x_wconf 78' lang='grc' dir='ltr'>μὲν</span> <span class='ocrx_word' id='word_1_11' title='bbox 741 516 852 589; x_wconf 77' lang='grc' dir='ltr'><strong>γὰρ</strong></span> <span class='ocrx_word' id='word_1_12' title='bbox 883 516 1227 589; x_wconf 76' lang='grc' dir='ltr'>συμϐήσεται</span> <span class='ocrx_word' id='word_1_13' title='bbox 1262 518 1466 590; x_wconf 78' lang='grc' dir='ltr'>μεταξὺ</span> <span class='ocrx_word' id='word_1_14' title='bbox 1501 517 1582 589; x_wconf 80' lang='grc' dir='ltr'>τῷ</span> <span class='ocrx_word' id='word_1_15' title='bbox 1603 518 1728 589; x_wconf 77' lang='grc' dir='ltr'><strong>ςώῳ</strong></span> <span class='ocrx_word' id='word_1_16' title='bbox 1755 518 1818 572; x_wconf 81' lang='grc' dir='ltr'><strong>τὸ</strong></span> <span class='ocrx_word' id='word_1_17' title='bbox 1849 518 2026 573; x_wconf 69' lang='lat' dir='ltr'><strong>milin</strong></span> 
     </span>
    </p>
   </div>
   <div class='ocr_carea' id='block_1_4' title="bbox 2128 516 3742 590">
    <p class='ocr_par' dir='ltr' id='par_1_4' title="bbox 2148 518 3742 590">
     <span class='ocr_line' id='line_1_4' title="bbox 2148 518 3742 590; baseline 0.006 -16"><span class='ocrx_word' id='word_1_18' title='bbox 2148 518 2445 578; x_wconf 77' lang='lat' dir='ltr'><strong>ﬁeiendum</strong></span> <span class='ocrx_word' id='word_1_19' title='bbox 2473 523 2734 579; x_wconf 88' lang='lat' dir='ltr'><strong>servavit.</strong></span> <span class='ocrx_word' id='word_1_20' title='bbox 2761 521 2920 590; x_wconf 99' lang='lat' dir='ltr'><strong>Quod</strong></span> <span class='ocrx_word' id='word_1_21' title='bbox 2958 524 3108 578; x_wconf 88' lang='lat' dir='ltr'><strong>enim</strong></span> <span class='ocrx_word' id='word_1_22' title='bbox 3136 524 3244 579; x_wconf 86' lang='lat' dir='ltr'><strong>hoc</strong></span> <span class='ocrx_word' id='word_1_23' title='bbox 3272 525 3485 581; x_wconf 89' lang='lat' dir='ltr'><strong>homini</strong></span> <span class='ocrx_word' id='word_1_24' title='bbox 3513 535 3742 583; x_wconf 84' lang='lat' dir='ltr'><strong>eventu-</strong></span> 
     </span>
    </p>
   </div>
   <div class='ocr_carea' id='block_1_5' title="bbox 429 609 2040 683">
    <p class='ocr_par' dir='ltr' id='par_1_5' title="bbox 429 609 2040 683">
     <span class='ocr_line' id='line_1_5' title="bbox 429 609 2040 683; baseline 0.001 -20"><span class='ocrx_word' id='word_1_25' title='bbox 429 610 539 683; x_wconf 78' lang='grc' dir='ltr'><strong>τὴν</strong></span> <span class='ocrx_word' id='word_1_26' title='bbox 568 610 811 681; x_wconf 78' lang='grc' dir='ltr'>φθορὰν,</span> <span class='ocrx_word' id='word_1_27' title='bbox 838 609 942 663; x_wconf 84' lang='grc' dir='ltr'><strong>οὐκ</strong></span> <span class='ocrx_word' id='word_1_28' title='bbox 977 611 1250 682; x_wconf 73' lang='grc' dir='ltr'><strong>ἠγνόηκεν</strong></span> <span class='ocrx_word' id='word_1_29' title='bbox 1283 613 1312 665; x_wconf 99' lang='lat'><strong>6</strong></span> <span class='ocrx_word' id='word_1_30' title='bbox 1358 610 1726 683; x_wconf 71' lang='grc' dir='ltr'>Δημιουργδς,</span> <span class='ocrx_word' id='word_1_31' title='bbox 1761 610 1877 663; x_wconf 73' lang='grc' dir='ltr'>ἀλλ’</span> <span class='ocrx_word' id='word_1_32' title='bbox 1908 611 2040 681; x_wconf 75' lang='grc' dir='ltr'>ἡπί-</span> 
     </span>
    </p>
   </div>
   <div class='ocr_carea' id='block_1_6' title="bbox 430 702 2042 774">
    <p class='ocr_par' dir='ltr' id='par_1_6' title="bbox 430 702 2042 774">
     <span class='ocr_line' id='line_1_6' title="bbox 430 702 2042 774; baseline 0.001 -17"><span class='ocrx_word' id='word_1_33' title='bbox 430 719 632 766; x_wconf 81' lang='grc' dir='ltr'>στατο,</span> <span class='ocrx_word' id='word_1_34' title='bbox 671 703 813 773; x_wconf 88' lang='grc' dir='ltr'><strong>μετά</strong></span> <span class='ocrx_word' id='word_1_35' title='bbox 847 702 1043 756; x_wconf 80' lang='grc' dir='ltr'>τούτου</span> <span class='ocrx_word' id='word_1_36' title='bbox 1076 705 1173 757; x_wconf 76' lang='grc' dir='ltr'>καὶ</span> <span class='ocrx_word' id='word_1_37' title='bbox 1208 702 1319 757; x_wconf 89' lang='grc' dir='ltr'><strong>τῶν</strong></span> <span class='ocrx_word' id='word_1_38' title='bbox 1355 704 1578 756; x_wconf 79' lang='grc' dir='ltr'><strong>ἀτόπων</strong></span> <span class='ocrx_word' id='word_1_39' title='bbox 1607 704 1706 774; x_wconf 84' lang='grc' dir='ltr'><strong>τὴν</strong></span> <span class='ocrx_word' id='word_1_40' title='bbox 1733 703 1909 767; x_wconf 80' lang='grc' dir='ltr'><strong>λύσιν,</strong></span> <span class='ocrx_word' id='word_1_41' title='bbox 1947 706 2042 758; x_wconf 75' lang='grc' dir='ltr'>καὶ</span> 
     </span>
    </p>
   </div>
   <div class='ocr_carea' id='block_1_7' title="bbox 426 790 2042 865">
    <p class='ocr_par' dir='ltr' id='par_1_7' title="bbox 426 790 2042 865">
     <span class='ocr_line' id='line_1_7' title="bbox 426 790 2042 865; baseline 0 -18"><span class='ocrx_word' id='word_1_42' title='bbox 426 792 539 865; x_wconf 82' lang='grc' dir='ltr'>τῆς</span> <span class='ocrx_word' id='word_1_43' title='bbox 562 790 775 865; x_wconf 79' lang='grc' dir='ltr'>φθορᾶς</span> <span class='ocrx_word' id='word_1_44' title='bbox 805 793 907 865; x_wconf 79' lang='grc' dir='ltr'><strong>τὴν</strong></span> <span class='ocrx_word' id='word_1_45' title='bbox 937 793 1239 865; x_wconf 88' lang='grc' dir='ltr'>ἀναίρεσιν,</span> <span class='ocrx_word' id='word_1_46' title='bbox 1275 794 1370 847; x_wconf 72' lang='grc' dir='ltr'>καὶ</span> <span class='ocrx_word' id='word_1_47' title='bbox 1392 795 1470 857; x_wconf 89' lang='grc' dir='ltr'><strong>εἰς</strong></span> <span class='ocrx_word' id='word_1_48' title='bbox 1502 793 1563 847; x_wconf 81' lang='grc' dir='ltr'>τὸ</span> <span class='ocrx_word' id='word_1_49' title='bbox 1588 793 1810 865; x_wconf 81' lang='grc' dir='ltr'>ἄμεινον</span> <span class='ocrx_word' id='word_1_50' title='bbox 1844 795 2042 848; x_wconf 84' lang='grc' dir='ltr'>ἀνακο-</span> 
     </span>
    </p>
   </div>
   <div class='ocr_carea' id='block_1_8' title="bbox 432 884 2037 958">
    <p class='ocr_par' dir='ltr' id='par_1_8' title="bbox 432 884 2037 958">
     <span class='ocr_line' id='line_1_8' title="bbox 432 884 2037 958; baseline 0.001 -20"><span class='ocrx_word' id='word_1_51' title='bbox 432 887 627 956; x_wconf 81' lang='grc' dir='ltr'>μιδὴν,</span> <span class='ocrx_word' id='word_1_52' title='bbox 650 885 878 939; x_wconf 76' lang='grc' dir='ltr'>καὶτῶν</span> <span class='ocrx_word' id='word_1_53' title='bbox 903 887 964 939; x_wconf 80' lang='grc' dir='ltr'><strong>ὲν</strong></span> <span class='ocrx_word' id='word_1_54' title='bbox 991 887 1188 957; x_wconf 83' lang='grc' dir='ltr'>ἀρχαῖς</span> <span class='ocrx_word' id='word_1_55' title='bbox 1208 885 1431 954; x_wconf 83' lang='grc' dir='ltr'><strong>ἀγαθῶν</strong></span> <span class='ocrx_word' id='word_1_56' title='bbox 1450 884 1551 957; x_wconf 80' lang='grc' dir='ltr'><strong>τὴν</strong></span> <span class='ocrx_word' id='word_1_57' title='bbox 1569 885 1855 957; x_wconf 67' lang='grc' dir='ltr'>ἀνάληψιν.</span> <span class='ocrx_word' id='word_1_58' title='bbox 1883 886 2037 958; x_wconf 81' lang='grc' dir='ltr'>ᾜδει</span> 
     </span>
    </p>
   </div>
   <div class='ocr_carea' id='block_1_9' title="bbox 425 978 2038 1052">
    <p class='ocr_par' dir='ltr' id='par_1_9' title="bbox 425 978 2038 1052">
     <span class='ocr_line' id='line_1_9' title="bbox 425 978 2038 1052; baseline -0.001 -20"><span class='ocrx_word' id='word_1_59' title='bbox 425 979 547 1052; x_wconf 75' lang='grc' dir='ltr'><strong>γὰρ</strong></span> <span class='ocrx_word' id='word_1_60' title='bbox 573 981 660 1034; x_wconf 84' lang='grc' dir='ltr'>ὅτι</span> <span class='ocrx_word' id='word_1_61' title='bbox 700 979 910 1051; x_wconf 74' lang='grc' dir='ltr'>πέμψει</span> <span class='ocrx_word' id='word_1_62' title='bbox 954 981 1100 1033; x_wconf 88' lang='grc' dir='ltr'><strong>κατά</strong></span> <span class='ocrx_word' id='word_1_63' title='bbox 1129 980 1358 1051; x_wconf 81' lang='grc' dir='ltr'>καιροὺς</span> <span class='ocrx_word' id='word_1_64' title='bbox 1386 978 1480 1033; x_wconf 86' lang='grc' dir='ltr'>τὺν</span> <span class='ocrx_word' id='word_1_65' title='bbox 1513 978 1644 1033; x_wconf 77' lang='grc' dir='ltr'>ἴδιον</span> <span class='ocrx_word' id='word_1_66' title='bbox 1689 979 1818 1032; x_wconf 77' lang='grc' dir='ltr'>Υίὸν</span> <span class='ocrx_word' id='word_1_67' title='bbox 1852 980 1912 1033; x_wconf 82' lang='grc' dir='ltr'>ὲν</span> <span class='ocrx_word' id='word_1_68' title='bbox 1945 980 2038 1033; x_wconf 84' lang='grc' dir='ltr'>ἀν-</span> 
     </span>
    </p>
   </div>
   <div class='ocr_carea' id='block_1_10' title="bbox 426 1070 2036 1144">
    <p class='ocr_par' dir='ltr' id='par_1_10' title="bbox 426 1070 2036 1144">
     <span class='ocr_line' id='line_1_10' title="bbox 426 1070 2036 1144; baseline -0.001 -19"><span class='ocrx_word' id='word_1_69' title='bbox 426 1072 690 1144; x_wconf 73' lang='grc' dir='ltr'>θρωπεία</span> <span class='ocrx_word' id='word_1_70' title='bbox 733 1075 914 1144; x_wconf 70' lang='grc' dir='ltr'>μορφῇ</span> <span class='ocrx_word' id='word_1_71' title='bbox 944 1072 1340 1144; x_wconf 79' lang='grc' dir='ltr'><strong>τεθνηξόμενον</strong></span> <span class='ocrx_word' id='word_1_72' title='bbox 1388 1072 1530 1142; x_wconf 82' lang='grc' dir='ltr'>ὑπὲρ</span> <span class='ocrx_word' id='word_1_73' title='bbox 1566 1071 1725 1142; x_wconf 84' lang='grc' dir='ltr'>ἡμῶν</span> <span class='ocrx_word' id='word_1_74' title='bbox 1747 1111 1763 1135; x_wconf 90' lang='grc'><strong>,</strong></span> <span class='ocrx_word' id='word_1_75' title='bbox 1801 1072 1896 1125; x_wconf 76' lang='grc' dir='ltr'><strong>καὶ</strong></span> <span class='ocrx_word' id='word_1_76' title='bbox 1940 1070 2036 1124; x_wconf 89' lang='grc' dir='ltr'><strong>τοῦ</strong></span> 
     </span>
    </p>
   </div>
   <div class='ocr_carea' id='block_1_11' title="bbox 425 1162 2039 1235">
    <p class='ocr_par' dir='ltr' id='par_1_11' title="bbox 425 1162 2039 1235">
     <span class='ocr_line' id='line_1_11' title="bbox 425 1162 2039 1235; baseline -0.001 -18"><span class='ocrx_word' id='word_1_77' title='bbox 425 1162 673 1217; x_wconf 81' lang='grc' dir='ltr'>θανάτου</span> <span class='ocrx_word' id='word_1_78' title='bbox 718 1163 1100 1217; x_wconf 80' lang='grc' dir='ltr'><strong>καταλύσοντα</strong></span> <span class='ocrx_word' id='word_1_79' title='bbox 1144 1164 1378 1235; x_wconf 80' lang='grc' dir='ltr'>κράτος,</span> <span class='ocrx_word' id='word_1_80' title='bbox 1424 1162 1513 1217; x_wconf 75' lang='grc' dir='ltr'>ἵνα</span> <span class='ocrx_word' id='word_1_81' title='bbox 1556 1164 1653 1217; x_wconf 74' lang='grc' dir='ltr'>καὶ</span> <span class='ocrx_word' id='word_1_82' title='bbox 1696 1162 1907 1233; x_wconf 82' lang='grc' dir='ltr'>νεκρῶν</span> <span class='ocrx_word' id='word_1_83' title='bbox 1942 1163 2039 1216; x_wconf 73' lang='grc' dir='ltr'><strong>καὶ</strong></span> 
     </span>
    </p>
   </div>
   <div class='ocr_carea' id='block_1_12' title="bbox 425 1253 2037 1330">
    <p class='ocr_par' dir='ltr' id='par_1_12' title="bbox 425 1253 2037 1330">
     <span class='ocr_line' id='line_1_12' title="bbox 425 1253 2037 1330; baseline 0 -22"><span class='ocrx_word' id='word_1_84' title='bbox 425 1254 660 1318; x_wconf 80' lang='grc' dir='ltr'><strong>ζώντων</strong></span> <span class='ocrx_word' id='word_1_85' title='bbox 694 1253 986 1327; x_wconf 81' lang='grc' dir='ltr'>κυριεύσῃ.</span> <span class='ocrx_word' id='word_1_86' title='bbox 1022 1256 1088 1311; x_wconf 87' lang='grc' dir='ltr'>Τί</span> <span class='ocrx_word' id='word_1_87' title='bbox 1125 1257 1272 1330; x_wconf 52' lang='grc' dir='ltr'><strong>γάρλ</strong></span> <span class='ocrx_word' id='word_1_88' title='bbox 1307 1260 1356 1311; x_wconf 91' lang='grc' dir='ltr'><strong>εἰ</strong></span> <span class='ocrx_word' id='word_1_89' title='bbox 1393 1257 1469 1329; x_wconf 86' lang='grc' dir='ltr'>μὴ</span> <span class='ocrx_word' id='word_1_90' title='bbox 1503 1256 1704 1319; x_wconf 81' lang='grc' dir='ltr'>πάντες</span> <span class='ocrx_word' id='word_1_91' title='bbox 1744 1253 2037 1308; x_wconf 86' lang='grc' dir='ltr'>πεπιστεύ-</span> 
     </span>
    </p>
   </div>
   <div class='ocr_carea' id='block_1_13' title="bbox 425 1346 2036 1420">
    <p class='ocr_par' dir='ltr' id='par_1_13' title="bbox 425 1346 2036 1420">
     <span class='ocr_line' id='line_1_13' title="bbox 425 1346 2036 1420; baseline 0.002 -21"><span class='ocrx_word' id='word_1_92' title='bbox 425 1360 632 1410; x_wconf 77' lang='grc' dir='ltr'>κασιν,</span> <span class='ocrx_word' id='word_1_93' title='bbox 672 1347 787 1401; x_wconf 86' lang='grc' dir='ltr'>ἀλλ’</span> <span class='ocrx_word' id='word_1_94' title='bbox 828 1348 933 1418; x_wconf 82' lang='grc' dir='ltr'>ἥγε</span> <span class='ocrx_word' id='word_1_95' title='bbox 980 1347 1093 1402; x_wconf 84' lang='grc' dir='ltr'><strong>τῶν</strong></span> <span class='ocrx_word' id='word_1_96' title='bbox 1138 1349 1499 1420; x_wconf 77' lang='grc' dir='ltr'>σεσωσμένων</span> <span class='ocrx_word' id='word_1_97' title='bbox 1542 1346 1752 1420; x_wconf 84' lang='grc' dir='ltr'>πληθὺς</span> <span class='ocrx_word' id='word_1_98' title='bbox 1785 1346 2036 1419; x_wconf 79' lang='grc' dir='ltr'><strong>ἀριθμῶν</strong></span> 
     </span>
    </p>
   </div>
   <div class='ocr_carea' id='block_1_14' title="bbox 423 1440 2035 1516">
    <p class='ocr_par' dir='ltr' id='par_1_14' title="bbox 423 1440 2035 1516">
     <span class='ocr_line' id='line_1_14' title="bbox 423 1440 2035 1516; baseline 0 -23"><span class='ocrx_word' id='word_1_99' title='bbox 423 1440 706 1511; x_wconf 81' lang='grc' dir='ltr'><strong>κρείττων</strong></span> <span class='ocrx_word' id='word_1_100' title='bbox 740 1442 1065 1516; x_wconf 83' lang='grc' dir='ltr'><strong>ὑπάρχουσα</strong></span> <span class='ocrx_word' id='word_1_101' title='bbox 1089 1482 1105 1507; x_wconf 92' lang='grc'><strong>,</strong></span> <span class='ocrx_word' id='word_1_102' title='bbox 1151 1442 1255 1514; x_wconf 79' lang='grc' dir='ltr'>τῆς</span> <span class='ocrx_word' id='word_1_103' title='bbox 1297 1442 1522 1497; x_wconf 72' lang='grc' dir='ltr'>ἐκείνων</span> <span class='ocrx_word' id='word_1_104' title='bbox 1560 1441 1840 1505; x_wconf 81' lang='grc' dir='ltr'><strong>ἀπωλείας</strong></span> <span class='ocrx_word' id='word_1_105' title='bbox 1869 1442 2035 1494; x_wconf 74' lang='grc' dir='ltr'>αἰονεί</span> 
     </span>
    </p>
   </div>
   <div class='ocr_carea' id='block_1_15' title="bbox 425 1532 2077 1605">
    <p class='ocr_par' dir='ltr' id='par_1_15' title="bbox 425 1532 2077 1605">
     <span class='ocr_line' id='line_1_15' title="bbox 425 1532 2077 1605; baseline 0 -19"><span class='ocrx_word' id='word_1_106' title='bbox 425 1534 843 1603; x_wconf 78' lang='grc' dir='ltr'>κατορχήσεται</span> <span class='ocrx_word' id='word_1_107' title='bbox 873 1550 889 1565; x_wconf 64' lang='grc' dir='ltr'><em>ι</em></span> <span class='ocrx_word' id='word_1_108' title='bbox 940 1534 1036 1588; x_wconf 67' lang='grc' dir='ltr'><strong>καὶ¹</strong></span> <span class='ocrx_word' id='word_1_109' title='bbox 1080 1534 1145 1588; x_wconf 83' lang='grc' dir='ltr'>τὸ</span> <span class='ocrx_word' id='word_1_110' title='bbox 1187 1533 1392 1588; x_wconf 79' lang='grc' dir='ltr'>λυποῦν</span> <span class='ocrx_word' id='word_1_111' title='bbox 1433 1534 1522 1587; x_wconf 72' lang='grc' dir='ltr'><strong>ἐπ’</strong></span> <span class='ocrx_word' id='word_1_112' title='bbox 1569 1533 1822 1598; x_wconf 76' lang='grc' dir='ltr'>ἐκείνοις,</span> <span class='ocrx_word' id='word_1_113' title='bbox 1865 1532 2033 1586; x_wconf 74' lang='grc' dir='ltr'>ἕωλον</span> <span class='ocrx_word' id='word_1_114' title='bbox 2068 1600 2077 1605; x_wconf 30' lang='grc' dir='ltr'><em>ι</em></span> 
     </span>
    </p>
   </div>
   <div class='ocr_carea' id='block_1_16' title="bbox 423 1624 2032 1696">
    <p class='ocr_par' dir='ltr' id='par_1_16' title="bbox 423 1624 2032 1696">
     <span class='ocr_line' id='line_1_16' title="bbox 423 1624 2032 1696; baseline 0.001 -20"><span class='ocrx_word' id='word_1_115' title='bbox 423 1624 737 1690; x_wconf 70' lang='grc' dir='ltr'>ἀποφανεῖ,</span> <span class='ocrx_word' id='word_1_116' title='bbox 776 1627 1065 1696; x_wconf 81' lang='grc' dir='ltr'><strong>μονονουχὶ</strong></span> <span class='ocrx_word' id='word_1_117' title='bbox 1110 1626 1378 1695; x_wconf 70' lang='grc' dir='ltr'>λέγουσα*</span> <span class='ocrx_word' id='word_1_118' title='bbox 1417 1625 1722 1696; x_wconf 79' lang='grc' dir='ltr'><strong>Τοιγαροῦν</strong></span> <span class='ocrx_word' id='word_1_119' title='bbox 1772 1642 1791 1675; x_wconf 78' lang='grc' dir='ltr'><strong>ι</strong></span> <span class='ocrx_word' id='word_1_120' title='bbox 1822 1624 2032 1678; x_wconf 77' lang='grc' dir='ltr'><strong>ἔδονται</strong></span> 
     </span>
    </p>
   </div>
   <div class='ocr_carea' id='block_1_17' title="bbox 420 1713 2032 1788">
    <p class='ocr_par' dir='ltr' id='par_1_17' title="bbox 420 1713 2032 1788">
     <span class='ocr_line' id='line_1_17' title="bbox 420 1713 2032 1788; baseline -0.001 -20"><span class='ocrx_word' id='word_1_121' title='bbox 420 1716 530 1784; x_wconf 82' lang='grc' dir='ltr'>τῆς</span> <span class='ocrx_word' id='word_1_122' title='bbox 568 1715 784 1769; x_wconf 78' lang='grc' dir='ltr'><strong>ἑαυτῶν</strong></span> <span class='ocrx_word' id='word_1_123' title='bbox 817 1715 942 1769; x_wconf 79' lang='grc' dir='ltr'>ὁδοῦ</span> <span class='ocrx_word' id='word_1_124' title='bbox 976 1716 1104 1779; x_wconf 76' lang='grc' dir='ltr'>τοὺς</span> <span class='ocrx_word' id='word_1_125' title='bbox 1144 1717 1411 1788; x_wconf 82' lang='grc' dir='ltr'>καρπούς.</span> <span class='ocrx_word' id='word_1_126' title='bbox 1452 1735 1472 1768; x_wconf 70' lang='grc' dir='ltr'><strong>ι</strong></span> <span class='ocrx_word' id='word_1_127' title='bbox 1510 1713 1884 1779; x_wconf 77' lang='grc' dir='ltr'>Διασώζεσθαι</span> <span class='ocrx_word' id='word_1_128' title='bbox 1923 1714 2032 1786; x_wconf 85' lang='grc' dir='ltr'>γὰρ</span> 
     </span>
    </p>
   </div>
   <div class='ocr_carea' id='block_1_18' title="bbox 422 1801 2065 1882">
    <p class='ocr_par' dir='ltr' id='par_1_18' title="bbox 422 1801 2065 1882">
     <span class='ocr_line' id='line_1_18' title="bbox 422 1801 2065 1882; baseline -0.001 -20"><span class='ocrx_word' id='word_1_129' title='bbox 422 1807 574 1874; x_wconf 69' lang='grc' dir='ltr'>ἐξὸν,</span> <span class='ocrx_word' id='word_1_130' title='bbox 604 1811 663 1875; x_wconf 38' lang='grc' dir='ltr'><strong>εἰ,</strong></span> <span class='ocrx_word' id='word_1_131' title='bbox 690 1809 1065 1880; x_wconf 78' lang='grc' dir='ltr'>βεϐούλοιντο,</span> <span class='ocrx_word' id='word_1_132' title='bbox 1099 1810 1195 1864; x_wconf 80' lang='grc' dir='ltr'>καὶ</span> <span class='ocrx_word' id='word_1_133' title='bbox 1218 1810 1503 1882; x_wconf 81' lang='grc' dir='ltr'>διαδρᾶναι</span> <span class='ocrx_word' id='word_1_134' title='bbox 1550 1811 1647 1880; x_wconf 79' lang='grc' dir='ltr'>μὲν</span> <span class='ocrx_word' id='word_1_135' title='bbox 1686 1808 1795 1863; x_wconf 87' lang='grc' dir='ltr'><strong>τῶν</strong></span> <span class='ocrx_word' id='word_1_136' title='bbox 1828 1808 2030 1879; x_wconf 78' lang='grc' dir='ltr'>μεταξὺ</span> <span class='ocrx_word' id='word_1_137' title='bbox 2058 1801 2065 1807; x_wconf 74' lang='grc'><strong>’</strong></span> 
     </span>
    </p>
   </div>
   <div class='ocr_carea' id='block_1_19' title="bbox 422 1901 2033 1974">
    <p class='ocr_par' dir='ltr' id='par_1_19' title="bbox 422 1901 2033 1974">
     <span class='ocr_line' id='line_1_19' title="bbox 422 1901 2033 1974; baseline -0.001 -18"><span class='ocrx_word' id='word_1_138' title='bbox 422 1901 945 1972; x_wconf 82' lang='grc' dir='ltr'>παρεισδεδυκότων</span> <span class='ocrx_word' id='word_1_139' title='bbox 987 1901 1060 1955; x_wconf 75' lang='grc' dir='ltr'>τὰ</span> <span class='ocrx_word' id='word_1_140' title='bbox 1098 1901 1273 1974; x_wconf 77' lang='grc' dir='ltr'>βλάϐη</span> <span class='ocrx_word' id='word_1_141' title='bbox 1293 1942 1308 1967; x_wconf 86' lang='grc'><strong>,</strong></span> <span class='ocrx_word' id='word_1_142' title='bbox 1335 1903 1428 1956; x_wconf 86' lang='grc' dir='ltr'><strong>τὸν</strong></span> <span class='ocrx_word' id='word_1_143' title='bbox 1460 1902 1733 1974; x_wconf 75' lang='grc' dir='ltr'>λυτρωτὸν</span> <span class='ocrx_word' id='word_1_144' title='bbox 1769 1903 1833 1954; x_wconf 78' lang='grc' dir='ltr'><strong>οὺ</strong></span> <span class='ocrx_word' id='word_1_145' title='bbox 1864 1919 2033 1972; x_wconf 70' lang='grc' dir='ltr'>προσ-ι</span> 
     </span>
    </p>
   </div>
   <div class='ocr_carea' id='block_1_20' title="bbox 426 1990 2027 2066">
    <p class='ocr_par' dir='ltr' id='par_1_20' title="bbox 426 1990 2027 2066">
     <span class='ocr_line' id='line_1_20' title="bbox 426 1990 2027 2066; baseline -0.002 -17"><span class='ocrx_word' id='word_1_146' title='bbox 426 1991 646 2057; x_wconf 79' lang='grc' dir='ltr'>ίενται,</span> <span class='ocrx_word' id='word_1_147' title='bbox 702 1993 954 2048; x_wconf 79' lang='grc' dir='ltr'>τουτέστι</span> <span class='ocrx_word' id='word_1_148' title='bbox 977 2033 992 2058; x_wconf 91' lang='grc'><strong>,</strong></span> <span class='ocrx_word' id='word_1_149' title='bbox 1028 1994 1289 2066; x_wconf 83' lang='grc' dir='ltr'>Χριστόν.</span> <span class='ocrx_word' id='word_1_150' title='bbox 1331 1990 1481 2065; x_wconf 72' lang='grc' dir='ltr'>’Ἄρα</span> <span class='ocrx_word' id='word_1_151' title='bbox 1513 1993 1623 2063; x_wconf 73' lang='grc' dir='ltr'>γὰρ</span> <span class='ocrx_word' id='word_1_152' title='bbox 1664 1993 1716 2046; x_wconf 83' lang='grc' dir='ltr'>εῐ</span> <span class='ocrx_word' id='word_1_153' title='bbox 1749 2011 1855 2059; x_wconf 85' lang='grc' dir='ltr'>τις,</span> <span class='ocrx_word' id='word_1_154' title='bbox 1904 1994 2027 2046; x_wconf 80' lang='grc' dir='ltr'>εἰπέ</span> 
     </span>
    </p>
   </div>
   <div class='ocr_carea' id='block_1_21' title="bbox 426 2086 2027 2158">
    <p class='ocr_par' dir='ltr' id='par_1_21' title="bbox 426 2086 2027 2158">
     <span class='ocr_line' id='line_1_21' title="bbox 426 2086 2027 2158; baseline -0.001 -17"><span class='ocrx_word' id='word_1_155' title='bbox 426 2104 545 2156; x_wconf 83' lang='grc' dir='ltr'>μοι,</span> <span class='ocrx_word' id='word_1_156' title='bbox 588 2086 661 2139; x_wconf 82' lang='grc' dir='ltr'><strong>τὰ</strong></span> <span class='ocrx_word' id='word_1_157' title='bbox 686 2089 766 2151; x_wconf 80' lang='grc' dir='ltr'>εἰς</span> <span class='ocrx_word' id='word_1_158' title='bbox 788 2087 1060 2158; x_wconf 88' lang='grc' dir='ltr'>γηπονίαν</span> <span class='ocrx_word' id='word_1_159' title='bbox 1085 2088 1361 2158; x_wconf 82' lang='grc' dir='ltr'>τεχνίτης,</span> <span class='ocrx_word' id='word_1_160' title='bbox 1389 2090 1503 2151; x_wconf 87' lang='grc' dir='ltr'>τοῖς</span> <span class='ocrx_word' id='word_1_161' title='bbox 1534 2087 1645 2140; x_wconf 87' lang='grc' dir='ltr'><strong>τῶν</strong></span> <span class='ocrx_word' id='word_1_162' title='bbox 1671 2086 1907 2157; x_wconf 83' lang='grc' dir='ltr'><strong>δένδρων</strong></span> <span class='ocrx_word' id='word_1_163' title='bbox 1934 2086 2027 2139; x_wconf 84' lang='grc' dir='ltr'><strong>εὐ-</strong></span> 
     </span>
    </p>
   </div>
   <div class='ocr_carea' id='block_1_22' title="bbox 421 2177 2028 2251">
    <p class='ocr_par' dir='ltr' id='par_1_22' title="bbox 421 2177 2028 2251">
     <span class='ocr_line' id='line_1_22' title="bbox 421 2177 2028 2251; baseline 0.002 -21"><span class='ocrx_word' id='word_1_164' title='bbox 421 2177 756 2250; x_wconf 74' lang='grc' dir='ltr'>φυεστέροις</span> <span class='ocrx_word' id='word_1_165' title='bbox 776 2179 872 2232; x_wconf 81' lang='grc' dir='ltr'>τὸν</span> <span class='ocrx_word' id='word_1_166' title='bbox 893 2178 1025 2233; x_wconf 82' lang='grc' dir='ltr'>ἴδιον</span> <span class='ocrx_word' id='word_1_167' title='bbox 1044 2179 1354 2251; x_wconf 76' lang='grc' dir='ltr'><strong>ἐνεπίμπλη</strong></span> <span class='ocrx_word' id='word_1_168' title='bbox 1386 2182 1584 2251; x_wconf 82' lang='grc' dir='ltr'>κῆπον·</span> <span class='ocrx_word' id='word_1_169' title='bbox 1609 2177 1726 2233; x_wconf 76' lang='grc' dir='ltr'>εἶτα</span> <span class='ocrx_word' id='word_1_170' title='bbox 1752 2180 1827 2251; x_wconf 81' lang='grc' dir='ltr'>μὴ</span> <span class='ocrx_word' id='word_1_171' title='bbox 1849 2180 2028 2234; x_wconf 77' lang='grc' dir='ltr'>πάντα</span> 
     </span>
    </p>
   </div>
   <div class='ocr_carea' id='block_1_23' title="bbox 416 2269 2024 2343">
    <p class='ocr_par' dir='ltr' id='par_1_23' title="bbox 416 2269 2024 2343">
     <span class='ocr_line' id='line_1_23' title="bbox 416 2269 2024 2343; baseline 0.001 -20"><span class='ocrx_word' id='word_1_172' title='bbox 416 2269 717 2339; x_wconf 74' lang='grc' dir='ltr'><strong>διαφυγεῖν</strong></span> <span class='ocrx_word' id='word_1_173' title='bbox 742 2270 813 2323; x_wconf 81' lang='grc' dir='ltr'><strong>τά</strong></span> <span class='ocrx_word' id='word_1_174' title='bbox 844 2273 910 2324; x_wconf 85' lang='grc' dir='ltr'>ὲκ</span> <span class='ocrx_word' id='word_1_175' title='bbox 936 2270 1211 2343; x_wconf 53' lang='grc' dir='ltr'>διαᾷόρων</span> <span class='ocrx_word' id='word_1_176' title='bbox 1242 2272 1432 2326; x_wconf 75' lang='grc' dir='ltr'>αἰτιῶν</span> <span class='ocrx_word' id='word_1_177' title='bbox 1464 2272 1779 2343; x_wconf 76' lang='grc' dir='ltr'>συμϐέϐηκε</span> <span class='ocrx_word' id='word_1_178' title='bbox 1817 2273 1988 2343; x_wconf 75' lang='grc' dir='ltr'>βλάϐη</span> <span class='ocrx_word' id='word_1_179' title='bbox 2011 2290 2024 2305; x_wconf 88' lang='grc'>·</span> 
     </span>
    </p>
   </div>
   <div class='ocr_carea' id='block_1_24' title="bbox 417 2363 2028 2436">
    <p class='ocr_par' dir='ltr' id='par_1_24' title="bbox 417 2363 2028 2436">
     <span class='ocr_line' id='line_1_24' title="bbox 417 2363 2028 2436; baseline 0 -19"><span class='ocrx_word' id='word_1_180' title='bbox 417 2365 528 2418; x_wconf 79' lang='grc' dir='ltr'><strong>οὐκ</strong></span> <span class='ocrx_word' id='word_1_181' title='bbox 560 2363 629 2417; x_wconf 84' lang='grc' dir='ltr'><strong>ἂν</strong></span> <span class='ocrx_word' id='word_1_182' title='bbox 658 2364 824 2417; x_wconf 79' lang='grc' dir='ltr'>οἴοιτό</span> <span class='ocrx_word' id='word_1_183' title='bbox 851 2381 932 2427; x_wconf 84' lang='grc' dir='ltr'><strong>τις</strong></span> <span class='ocrx_word' id='word_1_184' title='bbox 973 2366 1048 2435; x_wconf 80' lang='grc' dir='ltr'>μὴ</span> <span class='ocrx_word' id='word_1_185' title='bbox 1077 2365 1255 2436; x_wconf 83' lang='grc' dir='ltr'><strong>ὀρθῶς</strong></span> <span class='ocrx_word' id='word_1_186' title='bbox 1282 2366 1502 2420; x_wconf 80' lang='grc' dir='ltr'>ἑλέσθαι</span> <span class='ocrx_word' id='word_1_187' title='bbox 1524 2368 1707 2420; x_wconf 84' lang='grc' dir='ltr'><strong>πονεῖν</strong></span> <span class='ocrx_word' id='word_1_188' title='bbox 1727 2366 1822 2419; x_wconf 81' lang='grc' dir='ltr'><strong>τὸν</strong></span> <span class='ocrx_word' id='word_1_189' title='bbox 1854 2380 2028 2436; x_wconf 87' lang='grc' dir='ltr'>γηπο-</span> 
     </span>
    </p>
   </div>
   <div class='ocr_carea' id='block_1_25' title="bbox 416 2453 2023 2528">
    <p class='ocr_par' dir='ltr' id='par_1_25' title="bbox 416 2453 2023 2528">
     <span class='ocr_line' id='line_1_25' title="bbox 416 2453 2023 2528; baseline 0.001 -19"><span class='ocrx_word' id='word_1_190' title='bbox 416 2458 536 2509; x_wconf 85' lang='grc' dir='ltr'>νεῖν</span> <span class='ocrx_word' id='word_1_191' title='bbox 568 2456 891 2527; x_wconf 77' lang='grc' dir='ltr'>ᾐρημένον;</span> <span class='ocrx_word' id='word_1_192' title='bbox 942 2456 1082 2509; x_wconf 81' lang='grc' dir='ltr'><strong>Ἀλλ’</strong></span> <span class='ocrx_word' id='word_1_193' title='bbox 1114 2458 1216 2510; x_wconf 77' lang='grc' dir='ltr'><strong>οὐκ</strong></span> <span class='ocrx_word' id='word_1_194' title='bbox 1249 2455 1338 2521; x_wconf 82' lang='grc' dir='ltr'>ἂν,</span> <span class='ocrx_word' id='word_1_195' title='bbox 1370 2453 1548 2527; x_wconf 83' lang='grc' dir='ltr'>οἶμαι,</span> <span class='ocrx_word' id='word_1_196' title='bbox 1572 2457 1656 2522; x_wconf 75' lang='grc' dir='ltr'><strong>τὶς</strong></span> <span class='ocrx_word' id='word_1_197' title='bbox 1686 2458 2023 2528; x_wconf 79' lang='grc' dir='ltr'>καταμωμή-</span> 
     </span>
    </p>
   </div>
   <div class='ocr_carea' id='block_1_26' title="bbox 416 2546 2025 2619">
    <p class='ocr_par' dir='ltr' id='par_1_26' title="bbox 416 2546 2025 2619">
     <span class='ocr_line' id='line_1_26' title="bbox 416 2546 2025 2619; baseline -0.001 -18"><span class='ocrx_word' id='word_1_198' title='bbox 416 2564 603 2602; x_wconf 90' lang='grc' dir='ltr'>σαιτο.</span> <span class='ocrx_word' id='word_1_199' title='bbox 633 2547 840 2600; x_wconf 84' lang='grc' dir='ltr'>Πολλοῦ</span> <span class='ocrx_word' id='word_1_200' title='bbox 868 2563 930 2615; x_wconf 87' lang='grc' dir='ltr'><strong>γε</strong></span> <span class='ocrx_word' id='word_1_201' title='bbox 962 2547 1058 2601; x_wconf 75' lang='grc' dir='ltr'>καὶ</span> <span class='ocrx_word' id='word_1_202' title='bbox 1084 2546 1198 2601; x_wconf 87' lang='grc' dir='ltr'>δεῖ·</span> <span class='ocrx_word' id='word_1_203' title='bbox 1230 2549 1259 2601; x_wconf 90' lang='lat'><strong>6</strong></span> <span class='ocrx_word' id='word_1_204' title='bbox 1288 2549 1387 2619; x_wconf 84' lang='grc' dir='ltr'><strong>μὲν</strong></span> <span class='ocrx_word' id='word_1_205' title='bbox 1409 2548 1521 2618; x_wconf 84' lang='grc' dir='ltr'>γὰρ</span> <span class='ocrx_word' id='word_1_206' title='bbox 1543 2547 1642 2618; x_wconf 83' lang='grc' dir='ltr'><strong>τὴν</strong></span> <span class='ocrx_word' id='word_1_207' title='bbox 1663 2548 1890 2601; x_wconf 79' lang='grc' dir='ltr'><strong>δέουσαν</strong></span> <span class='ocrx_word' id='word_1_208' title='bbox 1915 2548 2025 2600; x_wconf 88' lang='grc' dir='ltr'><strong>τῶν</strong></span> 
     </span>
    </p>
   </div>
   <div class='ocr_carea' id='block_1_27' title="bbox 416 2639 2025 2713">
    <p class='ocr_par' dir='ltr' id='par_1_27' title="bbox 416 2639 2025 2713">
     <span class='ocr_line' id='line_1_27' title="bbox 416 2639 2025 2713; baseline 0 -19"><span class='ocrx_word' id='word_1_209' title='bbox 416 2640 858 2711; x_wconf 78' lang='grc' dir='ltr'>πεφυτευμένων</span> <span class='ocrx_word' id='word_1_210' title='bbox 895 2641 1133 2694; x_wconf 76' lang='grc' dir='ltr'>ἐποιεῖτο</span> <span class='ocrx_word' id='word_1_211' title='bbox 1178 2642 1470 2713; x_wconf 83' lang='grc' dir='ltr'><strong>φροντίδα,</strong></span> <span class='ocrx_word' id='word_1_212' title='bbox 1505 2640 1576 2694; x_wconf 80' lang='grc' dir='ltr'>τὰ</span> <span class='ocrx_word' id='word_1_213' title='bbox 1599 2640 1657 2693; x_wconf 79' lang='grc' dir='ltr'>δὲ</span> <span class='ocrx_word' id='word_1_214' title='bbox 1698 2639 2025 2713; x_wconf 75' lang='grc' dir='ltr'>ἡρῤώστησε</span> 
     </span>
    </p>
   </div>
   <div class='ocr_carea' id='block_1_28' title="bbox 413 2728 2027 2804">
    <p class='ocr_par' dir='ltr' id='par_1_28' title="bbox 413 2728 2027 2804">
     <span class='ocr_line' id='line_1_28' title="bbox 413 2728 2027 2804; baseline -0.001 -18"><span class='ocrx_word' id='word_1_215' title='bbox 413 2733 480 2786; x_wconf 79' lang='grc' dir='ltr'>τὺ</span> <span class='ocrx_word' id='word_1_216' title='bbox 508 2732 727 2786; x_wconf 84' lang='grc' dir='ltr'>παθεῖν.</span> <span class='ocrx_word' id='word_1_217' title='bbox 750 2729 881 2803; x_wconf 66' lang='grc' dir='ltr'><strong>’Ἆρ’</strong></span> <span class='ocrx_word' id='word_1_218' title='bbox 903 2728 996 2786; x_wconf 80' lang='grc' dir='ltr'><strong>οὖν</strong></span> <span class='ocrx_word' id='word_1_219' title='bbox 1020 2732 1253 2803; x_wconf 83' lang='grc' dir='ltr'>ὲροῦμεν</span> <span class='ocrx_word' id='word_1_220' title='bbox 1274 2733 1350 2796; x_wconf 85' lang='grc' dir='ltr'>ὡς</span> <span class='ocrx_word' id='word_1_221' title='bbox 1370 2729 1438 2803; x_wconf 83' lang='grc' dir='ltr'><strong>ἦν</strong></span> <span class='ocrx_word' id='word_1_222' title='bbox 1457 2733 1678 2803; x_wconf 84' lang='grc' dir='ltr'>ἄμεινον</span> <span class='ocrx_word' id='word_1_223' title='bbox 1697 2733 1759 2786; x_wconf 79' lang='grc' dir='ltr'>τὸ</span> <span class='ocrx_word' id='word_1_224' title='bbox 1782 2732 2027 2804; x_wconf 83' lang='grc' dir='ltr'>μηδόλως</span> 
     </span>
    </p>
   </div>
   <div class='ocr_carea' id='block_1_29' title="bbox 414 2820 2025 2897">
    <p class='ocr_par' dir='ltr' id='par_1_29' title="bbox 414 2820 2025 2897">
     <span class='ocr_line' id='line_1_29' title="bbox 414 2820 2025 2897; baseline -0.015 1"><span class='ocrx_word' id='word_1_225' title='bbox 414 2824 630 2897; x_wconf 76' lang='grc' dir='ltr'>κρῆναί</span> <span class='ocrx_word' id='word_1_226' title='bbox 668 2820 823 2888; x_wconf 60' lang='grc' dir='ltr'>’θῖνας</span> <span class='ocrx_word' id='word_1_227' title='bbox 859 2823 1001 2879; x_wconf 81' lang='grc' dir='ltr'>ἰέναι</span> <span class='ocrx_word' id='word_1_228' title='bbox 1028 2825 1123 2877; x_wconf 73' lang='grc' dir='ltr'><strong>ἐπὶ</strong></span> <span class='ocrx_word' id='word_1_229' title='bbox 1161 2825 1222 2877; x_wconf 87' lang='grc' dir='ltr'>τὸ</span> <span class='ocrx_word' id='word_1_230' title='bbox 1263 2827 1557 2895; x_wconf 81' lang='grc' dir='ltr'>γηπονείν’</span> <span class='ocrx_word' id='word_1_231' title='bbox 1603 2824 1741 2895; x_wconf 87' lang='grc' dir='ltr'>μήτε</span> <span class='ocrx_word' id='word_1_232' title='bbox 1779 2823 1885 2895; x_wconf 86' lang='grc' dir='ltr'>μὴν</span> <span class='ocrx_word' id='word_1_233' title='bbox 1912 2826 2025 2887; x_wconf 89' lang='grc' dir='ltr'>τοῖς</span> 
     </span>
    </p>
   </div>
   <div class='ocr_carea' id='block_1_30' title="bbox 409 2916 2021 2989">
    <p class='ocr_par' dir='ltr' id='par_1_30' title="bbox 409 2916 2021 2989">
     <span class='ocr_line' id='line_1_30' title="bbox 409 2916 2021 2989; baseline -0.003 -15"><span class='ocrx_word' id='word_1_234' title='bbox 409 2919 844 2988; x_wconf 70' lang='grc' dir='ltr'>εὐγενεστάτοις</span> <span class='ocrx_word' id='word_1_235' title='bbox 890 2916 1238 2989; x_wconf 76' lang='grc' dir='ltr'>ὲντεθηλὲναι</span> <span class='ocrx_word' id='word_1_236' title='bbox 1285 2919 1474 2987; x_wconf 78' lang='grc' dir='ltr'><strong>φυτοῖς</strong></span> <span class='ocrx_word' id='word_1_237' title='bbox 1515 2917 1607 2971; x_wconf 79' lang='grc' dir='ltr'><strong>τὸν</strong></span> <span class='ocrx_word' id='word_1_238' title='bbox 1658 2917 2021 2987; x_wconf 80' lang='grc' dir='ltr'><strong>παράδεισον,</strong></span> 
     </span>
    </p>
   </div>
   <div class='ocr_carea' id='block_1_31' title="bbox 409 3009 2024 3084">
    <p class='ocr_par' dir='ltr' id='par_1_31' title="bbox 409 3009 2024 3084">
     <span class='ocr_line' id='line_1_31' title="bbox 409 3009 2024 3084; baseline -0.002 -18"><span class='ocrx_word' id='word_1_239' title='bbox 409 3014 515 3084; x_wconf 69' lang='grc' dir='ltr'><strong>ιᾷν</strong></span> <span class='ocrx_word' id='word_1_240' title='bbox 541 3013 600 3066; x_wconf 75' lang='grc' dir='ltr'><strong>δὲ</strong></span> <span class='ocrx_word' id='word_1_241' title='bbox 636 3010 839 3082; x_wconf 77' lang='grc' dir='ltr'>μᾶλλον</span> <span class='ocrx_word' id='word_1_242' title='bbox 868 3010 1083 3064; x_wconf 83' lang='grc' dir='ltr'>ἀνελεῖν</span> <span class='ocrx_word' id='word_1_243' title='bbox 1116 3010 1194 3073; x_wconf 87' lang='grc' dir='ltr'><strong>είς</strong></span> <span class='ocrx_word' id='word_1_244' title='bbox 1234 3009 1381 3063; x_wconf 75' lang='grc' dir='ltr'>ἅπαν</span> <span class='ocrx_word' id='word_1_245' title='bbox 1414 3011 1513 3081; x_wconf 79' lang='grc' dir='ltr'><strong>τῆς</strong></span> <span class='ocrx_word' id='word_1_246' title='bbox 1539 3009 1871 3081; x_wconf 80' lang='grc' dir='ltr'>φυτουργίας</span> <span class='ocrx_word' id='word_1_247' title='bbox 1896 3009 2024 3072; x_wconf 86' lang='grc' dir='ltr'>τοὺς</span> 
     </span>
    </p>
   </div>
   <div class='ocr_carea' id='block_1_32' title="bbox 410 3100 2018 3175">
    <p class='ocr_par' dir='ltr' id='par_1_32' title="bbox 410 3100 2018 3175">
     <span class='ocr_line' id='line_1_32' title="bbox 410 3100 2018 3175; baseline -0.003 -16"><span class='ocrx_word' id='word_1_248' title='bbox 410 3106 694 3175; x_wconf 62' lang='grc' dir='ltr'>τρόπους,</span> <span class='ocrx_word' id='word_1_249' title='bbox 724 3105 811 3158; x_wconf 83' lang='grc' dir='ltr'><strong>ῐνα</strong></span> <span class='ocrx_word' id='word_1_250' title='bbox 842 3104 919 3174; x_wconf 85' lang='grc' dir='ltr'>μὴ</span> <span class='ocrx_word' id='word_1_251' title='bbox 956 3103 1226 3157; x_wconf 81' lang='grc' dir='ltr'>ἀδικοῖντο</span> <span class='ocrx_word' id='word_1_252' title='bbox 1260 3100 1371 3155; x_wconf 87' lang='grc' dir='ltr'><strong>τῶν</strong></span> <span class='ocrx_word' id='word_1_253' title='bbox 1399 3101 1830 3173; x_wconf 82' lang='grc' dir='ltr'>πεφυτευμένων</span> <span class='ocrx_word' id='word_1_254' title='bbox 1859 3103 2018 3170; x_wconf 86' lang='grc' dir='ltr'>τινά;</span> 
     </span>
    </p>
   </div>
   <div class='ocr_carea' id='block_1_33' title="bbox 411 3193 2019 3269">
    <p class='ocr_par' dir='ltr' id='par_1_33' title="bbox 411 3193 2019 3269">
     <span class='ocr_line' id='line_1_33' title="bbox 411 3193 2019 3269; baseline -0.004 -16"><span class='ocrx_word' id='word_1_255' title='bbox 411 3200 534 3254; x_wconf 73' lang='grc' dir='ltr'><strong>Καὶ</strong></span> <span class='ocrx_word' id='word_1_256' title='bbox 566 3197 687 3262; x_wconf 85' lang='grc' dir='ltr'>πῶς</span> <span class='ocrx_word' id='word_1_257' title='bbox 717 3193 813 3251; x_wconf 80' lang='grc' dir='ltr'><strong>οὖν</strong></span> <span class='ocrx_word' id='word_1_258' title='bbox 843 3197 947 3250; x_wconf 86' lang='grc' dir='ltr'><strong>οὐκ</strong></span> <span class='ocrx_word' id='word_1_259' title='bbox 975 3194 1325 3269; x_wconf 70' lang='grc' dir='ltr'>ἀπόπληκτον</span> <span class='ocrx_word' id='word_1_260' title='bbox 1356 3194 1550 3267; x_wconf 86' lang='grc' dir='ltr'>κομιδῇ</span> <span class='ocrx_word' id='word_1_261' title='bbox 1578 3194 1642 3248; x_wconf 84' lang='grc' dir='ltr'>τὸ</span> <span class='ocrx_word' id='word_1_262' title='bbox 1672 3193 1850 3265; x_wconf 80' lang='grc' dir='ltr'><strong>ὀρθῶς</strong></span> <span class='ocrx_word' id='word_1_263' title='bbox 1874 3193 2019 3264; x_wconf 77' lang='grc' dir='ltr'>ἔχειν</span> 
     </span>
    </p>
   </div>
   <div class='ocr_carea' id='block_1_34' title="bbox 409 3291 857 3358">
    <p class='ocr_par' dir='ltr' id='par_1_34' title="bbox 409 3291 857 3358">
     <span class='ocr_line' id='line_1_34' title="bbox 409 3291 857 3358; baseline -0.004 -11"><span class='ocrx_word' id='word_1_264' title='bbox 409 3291 634 3348; x_wconf 74' lang='grc' dir='ltr'>οἴεσθαι</span> <span class='ocrx_word' id='word_1_265' title='bbox 659 3291 817 3346; x_wconf 84' lang='grc' dir='ltr'>ταυτί</span> <span class='ocrx_word' id='word_1_266' title='bbox 840 3307 857 3358; x_wconf 86' lang='grc'>;</span> 
     </span>
    </p>
   </div>
   <div class='ocr_carea' id='block_1_35' title="bbox 484 3464 2027 3542">
    <p class='ocr_par' dir='ltr' id='par_1_35' title="bbox 484 3464 2027 3542">
     <span class='ocr_line' id='line_1_35' title="bbox 484 3464 2027 3542; baseline -0.008 -14"><span class='ocrx_word' id='word_1_267' title='bbox 484 3479 556 3532; x_wconf 86' lang='grc' dir='ltr'><strong>ε’.</strong></span> <span class='ocrx_word' id='word_1_268' title='bbox 584 3474 701 3528; x_wconf 77' lang='grc' dir='ltr'><strong>Οὐκ</strong></span> <span class='ocrx_word' id='word_1_269' title='bbox 726 3468 821 3527; x_wconf 77' lang='grc' dir='ltr'>οὖν</span> <span class='ocrx_word' id='word_1_270' title='bbox 853 3472 956 3526; x_wconf 80' lang='grc' dir='ltr'>οὐκ</span> <span class='ocrx_word' id='word_1_271' title='bbox 982 3471 1040 3524; x_wconf 82' lang='grc' dir='ltr'>ὲν</span> <span class='ocrx_word' id='word_1_272' title='bbox 1065 3469 1188 3541; x_wconf 83' lang='grc' dir='ltr'>δίκῃ</span> <span class='ocrx_word' id='word_1_273' title='bbox 1211 3467 1537 3542; x_wconf 69' lang='grc' dir='ltr'>γραφόμεθα</span> <span class='ocrx_word' id='word_1_274' title='bbox 1561 3465 1654 3521; x_wconf 77' lang='grc' dir='ltr'>τὸν</span> <span class='ocrx_word' id='word_1_275' title='bbox 1679 3464 2027 3537; x_wconf 77' lang='grc' dir='ltr'>Δημιουργδν</span> 
     </span>
    </p>
   </div>
   <div class='ocr_carea' id='block_1_36' title="bbox 408 3557 2026 3639">
    <p class='ocr_par' dir='ltr' id='par_1_36' title="bbox 408 3557 2026 3639">
     <span class='ocr_line' id='line_1_36' title="bbox 408 3557 2026 3639; baseline -0.007 -18"><span class='ocrx_word' id='word_1_276' title='bbox 408 3566 839 3639; x_wconf 77' lang='grc' dir='ltr'>παρενεγκόντα</span> <span class='ocrx_word' id='word_1_277' title='bbox 873 3565 1013 3636; x_wconf 73' lang='grc' dir='ltr'>πρὸς</span> <span class='ocrx_word' id='word_1_278' title='bbox 1046 3560 1316 3633; x_wconf 73' lang='grc' dir='ltr'>ὓπαρξιν,</span> <span class='ocrx_word' id='word_1_279' title='bbox 1353 3560 1581 3623; x_wconf 79' lang='grc' dir='ltr'>ἑαυτοὺς</span> <span class='ocrx_word' id='word_1_280' title='bbox 1613 3559 1671 3612; x_wconf 80' lang='grc' dir='ltr'>δὲ</span> <span class='ocrx_word' id='word_1_281' title='bbox 1713 3557 1914 3630; x_wconf 83' lang='grc' dir='ltr'>μᾶλλον</span> <span class='ocrx_word' id='word_1_282' title='bbox 1941 3559 2026 3610; x_wconf 84' lang='grc' dir='ltr'>αἰ-</span> 
     </span>
    </p>
   </div>
   <div class='ocr_carea' id='block_1_37' title="bbox 406 3650 2023 3727">
    <p class='ocr_par' dir='ltr' id='par_1_37' title="bbox 406 3650 2023 3727">
     <span class='ocr_line' id='line_1_37' title="bbox 406 3650 2023 3727; baseline -0.006 -15"><span class='ocrx_word' id='word_1_283' title='bbox 406 3656 731 3727; x_wconf 78' lang='grc' dir='ltr'>τιασόμεθα</span> <span class='ocrx_word' id='word_1_284' title='bbox 775 3656 876 3727; x_wconf 81' lang='grc' dir='ltr'>τὴν</span> <span class='ocrx_word' id='word_1_285' title='bbox 906 3654 1218 3709; x_wconf 75' lang='grc' dir='ltr'>ἐθελούσιον</span> <span class='ocrx_word' id='word_1_286' title='bbox 1250 3652 1516 3716; x_wconf 87' lang='grc' dir='ltr'>παθόντες</span> <span class='ocrx_word' id='word_1_287' title='bbox 1565 3651 1770 3722; x_wconf 78' lang='grc' dir='ltr'>βλάϐην</span> <span class='ocrx_word' id='word_1_288' title='bbox 1790 3689 1807 3713; x_wconf 83' lang='grc'><strong>,</strong></span> <span class='ocrx_word' id='word_1_289' title='bbox 1837 3653 1887 3705; x_wconf 88' lang='grc' dir='ltr'><strong>εἰ</strong></span> <span class='ocrx_word' id='word_1_290' title='bbox 1929 3650 2023 3704; x_wconf 85' lang='grc' dir='ltr'>νοῦ</span> 
     </span>
    </p>
   </div>
   <div class='ocr_carea' id='block_1_38' title="bbox 407 3743 2025 3820">
    <p class='ocr_par' dir='ltr' id='par_1_38' title="bbox 407 3743 2025 3820">
     <span class='ocr_line' id='line_1_38' title="bbox 407 3743 2025 3820; baseline -0.005 -15"><span class='ocrx_word' id='word_1_291' title='bbox 407 3752 516 3805; x_wconf 74' lang='grc' dir='ltr'><strong>καὶ</strong></span> <span class='ocrx_word' id='word_1_292' title='bbox 549 3748 751 3820; x_wconf 79' lang='grc' dir='ltr'>φρενός</span> <span class='ocrx_word' id='word_1_293' title='bbox 787 3751 957 3817; x_wconf 72' lang='grc' dir='ltr'>ἐσμεν</span> <span class='ocrx_word' id='word_1_294' title='bbox 1007 3749 1063 3799; x_wconf 83' lang='grc' dir='ltr'>ὲν</span> <span class='ocrx_word' id='word_1_295' title='bbox 1092 3743 1265 3815; x_wconf 81' lang='grc' dir='ltr'>καλῷ.</span> <span class='ocrx_word' id='word_1_296' title='bbox 1315 3745 1442 3798; x_wconf 80' lang='grc' dir='ltr'>Ὀτι</span> <span class='ocrx_word' id='word_1_297' title='bbox 1487 3743 1597 3815; x_wconf 85' lang='grc' dir='ltr'>γὰρ</span> <span class='ocrx_word' id='word_1_298' title='bbox 1630 3743 2025 3815; x_wconf 76' lang='grc' dir='ltr'>παρακομίζων</span> 
     </span>
    </p>
   </div>
   <div class='ocr_carea' id='block_1_39' title="bbox 406 3833 2027 3907">
    <p class='ocr_par' dir='ltr' id='par_1_39' title="bbox 406 3833 2027 3907">
     <span class='ocr_line' id='line_1_39' title="bbox 406 3833 2027 3907; baseline -0.005 -13"><span class='ocrx_word' id='word_1_299' title='bbox 406 3839 587 3904; x_wconf 79' lang='grc' dir='ltr'>εὐθὺς</span> <span class='ocrx_word' id='word_1_300' title='bbox 612 3841 692 3902; x_wconf 91' lang='grc' dir='ltr'><strong>εἰς</strong></span> <span class='ocrx_word' id='word_1_301' title='bbox 728 3836 793 3891; x_wconf 75' lang='grc' dir='ltr'>τὸ</span> <span class='ocrx_word' id='word_1_302' title='bbox 818 3833 958 3891; x_wconf 73' lang='grc' dir='ltr'>εἶναι</span> <span class='ocrx_word' id='word_1_303' title='bbox 984 3836 1077 3889; x_wconf 79' lang='grc' dir='ltr'>τὸν</span> <span class='ocrx_word' id='word_1_304' title='bbox 1105 3835 1417 3907; x_wconf 80' lang='grc' dir='ltr'>ἄνθρωπον,</span> <span class='ocrx_word' id='word_1_305' title='bbox 1447 3834 1648 3888; x_wconf 78' lang='grc' dir='ltr'>ἐνενόει</span> <span class='ocrx_word' id='word_1_306' title='bbox 1676 3835 1774 3905; x_wconf 82' lang='grc' dir='ltr'><strong>μὲν</strong></span> <span class='ocrx_word' id='word_1_307' title='bbox 1816 3835 1899 3888; x_wconf 78' lang='grc' dir='ltr'>ὅτι</span> <span class='ocrx_word' id='word_1_308' title='bbox 1934 3850 2027 3887; x_wconf 77' lang='grc' dir='ltr'>πε·</span> 
     </span>
    </p>
   </div>
   <div class='ocr_carea' id='block_1_40' title="bbox 409 3925 2023 4000">
    <p class='ocr_par' dir='ltr' id='par_1_40' title="bbox 409 3925 2023 4000">
     <span class='ocr_line' id='line_1_40' title="bbox 409 3925 2023 4000; baseline -0.002 -17"><span class='ocrx_word' id='word_1_309' title='bbox 409 3932 600 3983; x_wconf 80' lang='grc' dir='ltr'>σεῖται</span> <span class='ocrx_word' id='word_1_310' title='bbox 643 3930 725 3992; x_wconf 88' lang='grc' dir='ltr'><strong>εἰς</strong></span> <span class='ocrx_word' id='word_1_311' title='bbox 760 3929 863 4000; x_wconf 80' lang='grc' dir='ltr'>τὴν</span> <span class='ocrx_word' id='word_1_312' title='bbox 904 3926 1149 3998; x_wconf 76' lang='grc' dir='ltr'>φθοράνο</span> <span class='ocrx_word' id='word_1_313' title='bbox 1191 3927 1294 3979; x_wconf 82' lang='grc' dir='ltr'><strong>οὐκ</strong></span> <span class='ocrx_word' id='word_1_314' title='bbox 1323 3925 1510 3996; x_wconf 81' lang='grc' dir='ltr'>ἠγνόει</span> <span class='ocrx_word' id='word_1_315' title='bbox 1538 3925 1596 3978; x_wconf 77' lang='grc' dir='ltr'>δὲ</span> <span class='ocrx_word' id='word_1_316' title='bbox 1630 3925 1725 3978; x_wconf 73' lang='grc' dir='ltr'>καὶ</span> <span class='ocrx_word' id='word_1_317' title='bbox 1754 3927 1882 3990; x_wconf 82' lang='grc' dir='ltr'>τοὺς</span> <span class='ocrx_word' id='word_1_318' title='bbox 1924 3926 2023 3997; x_wconf 86' lang='grc' dir='ltr'>τῆς</span> 
     </span>
    </p>
   </div>
   <div class='ocr_carea' id='block_1_41' title="bbox 407 4014 2024 4092">
    <p class='ocr_par' dir='ltr' id='par_1_41' title="bbox 407 4014 2024 4092">
     <span class='ocr_line' id='line_1_41' title="bbox 407 4014 2024 4092; baseline -0.004 -18"><span class='ocrx_word' id='word_1_319' title='bbox 407 4019 718 4092; x_wconf 81' lang='grc' dir='ltr'>θεραπείας</span> <span class='ocrx_word' id='word_1_320' title='bbox 768 4019 1046 4090; x_wconf 85' lang='grc' dir='ltr'>τρόπους,</span> <span class='ocrx_word' id='word_1_321' title='bbox 1101 4015 1386 4071; x_wconf 80' lang='grc' dir='ltr'>ἀναπείθει</span> <span class='ocrx_word' id='word_1_322' title='bbox 1439 4014 1628 4084; x_wconf 82' lang='grc' dir='ltr'><strong>σαφῶς</strong></span> <span class='ocrx_word' id='word_1_323' title='bbox 1660 4016 1690 4069; x_wconf 89' lang='lat'><strong>6</strong></span> <span class='ocrx_word' id='word_1_324' title='bbox 1738 4014 2024 4080; x_wconf 82' lang='grc' dir='ltr'>θεσπέσιος</span> 
     </span>
    </p>
   </div>
   <div class='ocr_carea' id='block_1_42' title="bbox 406 4107 2024 4184">
    <p class='ocr_par' dir='ltr' id='par_1_42' title="bbox 406 4107 2024 4184">
     <span class='ocr_line' id='line_1_42' title="bbox 406 4107 2024 4184; baseline -0.006 -16"><span class='ocrx_word' id='word_1_325' title='bbox 406 4112 764 4183; x_wconf 84' lang='grc' dir='ltr'>Παῦλος,τῆς</span> <span class='ocrx_word' id='word_1_326' title='bbox 788 4111 879 4165; x_wconf 73' lang='grc' dir='ltr'>διὰ</span> <span class='ocrx_word' id='word_1_327' title='bbox 901 4110 1142 4184; x_wconf 79' lang='grc' dir='ltr'>Χριστοῦ</span> <span class='ocrx_word' id='word_1_328' title='bbox 1173 4108 1449 4181; x_wconf 83' lang='grc' dir='ltr'>σωτηρίας</span> <span class='ocrx_word' id='word_1_329' title='bbox 1474 4109 1575 4180; x_wconf 82' lang='grc' dir='ltr'>τὴν</span> <span class='ocrx_word' id='word_1_330' title='bbox 1594 4108 1670 4171; x_wconf 82' lang='grc' dir='ltr'>ὡς</span> <span class='ocrx_word' id='word_1_331' title='bbox 1701 4109 1758 4161; x_wconf 82' lang='grc' dir='ltr'><strong>ὲν</strong></span> <span class='ocrx_word' id='word_1_332' title='bbox 1782 4107 2024 4179; x_wconf 84' lang='grc' dir='ltr'>προγνώ-</span> 
     </span>
    </p>
   </div>
   <div class='ocr_carea' id='block_1_43' title="bbox 405 4201 2021 4275">
    <p class='ocr_par' dir='ltr' id='par_1_43' title="bbox 405 4201 2021 4275">
     <span class='ocr_line' id='line_1_43' title="bbox 405 4201 2021 4275; baseline -0.002 -15"><span class='ocrx_word' id='word_1_333' title='bbox 405 4221 502 4261; x_wconf 66' lang='grc' dir='ltr'><strong>σει</strong></span> <span class='ocrx_word' id='word_1_334' title='bbox 548 4204 871 4275; x_wconf 80' lang='grc' dir='ltr'>πνεύματος</span> <span class='ocrx_word' id='word_1_335' title='bbox 922 4203 1259 4274; x_wconf 81' lang='grc' dir='ltr'>ἀρχαιότητα</span> <span class='ocrx_word' id='word_1_336' title='bbox 1308 4201 1623 4273; x_wconf 87' lang='grc' dir='ltr'>μαρτυρῶν.</span> <span class='ocrx_word' id='word_1_337' title='bbox 1684 4202 2021 4256; x_wconf 84' lang='grc' dir='ltr'>Ἑπιστέλλει</span> 
     </span>
    </p>
   </div>
   <div class='ocr_carea' id='block_1_44' title="bbox 402 4290 2022 4368">
    <p class='ocr_par' dir='ltr' id='par_1_44' title="bbox 402 4290 2022 4368">
     <span class='ocr_line' id='line_1_44' title="bbox 402 4290 2022 4368; baseline -0.002 -19"><span class='ocrx_word' id='word_1_338' title='bbox 402 4296 526 4368; x_wconf 80' lang='grc' dir='ltr'>γὰρ</span> <span class='ocrx_word' id='word_1_339' title='bbox 558 4294 737 4358; x_wconf 75' lang='grc' dir='ltr'>οὕτως</span> <span class='ocrx_word' id='word_1_340' title='bbox 784 4292 1041 4364; x_wconf 79' lang='grc' dir='ltr'>Τιμοθέῳ</span> <span class='ocrx_word' id='word_1_341' title='bbox 1080 4291 1159 4363; x_wconf 82' lang='grc' dir='ltr'><strong>τῷ</strong></span> <span class='ocrx_word' id='word_1_342' title='bbox 1204 4291 1390 4363; x_wconf 82' lang='grc' dir='ltr'>οἰκείῳ</span> <span class='ocrx_word' id='word_1_343' title='bbox 1440 4290 1686 4363; x_wconf 63' lang='grc' dir='ltr'>μαθητῇ-</span> <span class='ocrx_word' id='word_1_344' title='bbox 1728 4310 1747 4344; x_wconf 88' lang='grc' dir='ltr'><strong>ι</strong></span> <span class='ocrx_word' id='word_1_345' title='bbox 1797 4292 1891 4364; x_wconf 79' lang='grc' dir='ltr'><strong>Μὴ</strong></span> <span class='ocrx_word' id='word_1_346' title='bbox 1927 4290 2022 4347; x_wconf 75' lang='grc' dir='ltr'><strong>οῦν</strong></span> 
     </span>
    </p>
   </div>
   <div class='ocr_carea' id='block_1_45' title="bbox 404 4386 2022 4460">
    <p class='ocr_par' dir='ltr' id='par_1_45' title="bbox 404 4386 2022 4460">
     <span class='ocr_line' id='line_1_45' title="bbox 404 4386 2022 4460; baseline -0.002 -17"><span class='ocrx_word' id='word_1_347' title='bbox 404 4388 796 4460; x_wconf 64' lang='grc' dir='ltr'>ἐπαισχυνθῇς</span> <span class='ocrx_word' id='word_1_348' title='bbox 827 4387 891 4441; x_wconf 80' lang='grc' dir='ltr'>τὸ</span> <span class='ocrx_word' id='word_1_349' title='bbox 935 4387 1238 4459; x_wconf 87' lang='grc' dir='ltr'>μαρτύριον</span> <span class='ocrx_word' id='word_1_350' title='bbox 1276 4386 1374 4440; x_wconf 91' lang='grc' dir='ltr'><strong>τοῦ</strong></span> <span class='ocrx_word' id='word_1_351' title='bbox 1408 4386 1614 4457; x_wconf 82' lang='grc' dir='ltr'>Κυρίου</span> <span class='ocrx_word' id='word_1_352' title='bbox 1657 4386 1839 4456; x_wconf 82' lang='grc' dir='ltr'>ήμῶν,</span> <span class='ocrx_word' id='word_1_353' title='bbox 1885 4388 2022 4458; x_wconf 74' lang='grc' dir='ltr'>μηδὲ</span> 
     </span>
    </p>
   </div>
   <div class='ocr_carea' id='block_1_46' title="bbox 402 4478 2022 4555">
    <p class='ocr_par' dir='ltr' id='par_1_46' title="bbox 402 4478 2022 4555">
     <span class='ocr_line' id='line_1_46' title="bbox 402 4478 2022 4555; baseline -0.004 -17"><span class='ocrx_word' id='word_1_354' title='bbox 402 4485 516 4555; x_wconf 65' lang='grc' dir='ltr'><strong>ἐμὲ</strong></span> <span class='ocrx_word' id='word_1_355' title='bbox 535 4484 630 4536; x_wconf 79' lang='grc' dir='ltr'><strong>τὸν</strong></span> <span class='ocrx_word' id='word_1_356' title='bbox 683 4482 910 4551; x_wconf 80' lang='grc' dir='ltr'>δέσμιον</span> <span class='ocrx_word' id='word_1_357' title='bbox 964 4479 1132 4534; x_wconf 83' lang='grc' dir='ltr'>αὐτοῦ</span> <span class='ocrx_word' id='word_1_358' title='bbox 1152 4495 1166 4508; x_wconf 85' lang='lat'><strong>&#39;</strong></span> <span class='ocrx_word' id='word_1_359' title='bbox 1216 4478 1353 4533; x_wconf 85' lang='grc' dir='ltr'><strong>ἀλλά</strong></span> <span class='ocrx_word' id='word_1_360' title='bbox 1404 4479 1895 4549; x_wconf 72' lang='grc' dir='ltr'>συγκακοπάθησον</span> <span class='ocrx_word' id='word_1_361' title='bbox 1941 4480 2022 4550; x_wconf 79' lang='grc' dir='ltr'>τῷ</span> 
     </span>
    </p>
   </div>
   <div class='ocr_carea' id='block_1_47' title="bbox 398 4570 2015 4645">
    <p class='ocr_par' dir='ltr' id='par_1_47' title="bbox 398 4570 2015 4645">
     <span class='ocr_line' id='line_1_47' title="bbox 398 4570 2015 4645; baseline 0.001 -21"><span class='ocrx_word' id='word_1_362' title='bbox 398 4574 741 4645; x_wconf 72' lang='grc' dir='ltr'>Εὐαγγελίῳ</span> <span class='ocrx_word' id='word_1_363' title='bbox 769 4573 915 4627; x_wconf 86' lang='grc' dir='ltr'>κατὰ</span> <span class='ocrx_word' id='word_1_364' title='bbox 956 4571 1186 4642; x_wconf 83' lang='grc' dir='ltr'>δύναμιν</span> <span class='ocrx_word' id='word_1_365' title='bbox 1218 4571 1357 4625; x_wconf 86' lang='grc' dir='ltr'>Θεοῦ</span> <span class='ocrx_word' id='word_1_366' title='bbox 1397 4571 1491 4625; x_wconf 89' lang='grc' dir='ltr'><strong>τοῦ</strong></span> <span class='ocrx_word' id='word_1_367' title='bbox 1541 4570 1814 4634; x_wconf 83' lang='grc' dir='ltr'>σώσαντος</span> <span class='ocrx_word' id='word_1_368' title='bbox 1847 4573 2015 4643; x_wconf 80' lang='grc' dir='ltr'>ἡμᾶς,</span> 
     </span>
    </p>
   </div>
   <div class='ocr_carea' id='block_1_48' title="bbox 2151 616 3741 691">
    <p class='ocr_par' dir='ltr' id='par_1_48' title="bbox 2151 616 3741 691">
     <span class='ocr_line' id='line_1_48' title="bbox 2151 616 3741 691; baseline 0.005 -24"><span class='ocrx_word' id='word_1_369' title='bbox 2151 629 2275 667; x_wconf 89' lang='lat' dir='ltr'><strong>rum</strong></span> <span class='ocrx_word' id='word_1_370' title='bbox 2309 624 2476 681; x_wconf 87' lang='lat' dir='ltr'><strong>esset,</strong></span> <span class='ocrx_word' id='word_1_371' title='bbox 2515 624 2576 670; x_wconf 93' lang='lat' dir='ltr'><strong>ut</strong></span> <span class='ocrx_word' id='word_1_372' title='bbox 2618 616 2906 670; x_wconf 88' lang='lat' dir='ltr'><strong>interitum</strong></span> <span class='ocrx_word' id='word_1_373' title='bbox 2935 616 3168 682; x_wconf 75' lang='lat' dir='ltr'><strong>subiret,</strong></span> <span class='ocrx_word' id='word_1_374' title='bbox 3205 633 3552 689; x_wconf 73' lang='lat' dir='ltr'><strong>nequaquam</strong></span> <span class='ocrx_word' id='word_1_375' title='bbox 3582 620 3741 691; x_wconf 74' lang='lat' dir='ltr'><strong>igno-</strong></span> 
     </span>
    </p>
   </div>
   <div class='ocr_carea' id='block_1_49' title="bbox 2149 707 3743 782">
    <p class='ocr_par' dir='ltr' id='par_1_49' title="bbox 2149 707 3743 782">
     <span class='ocr_line' id='line_1_49' title="bbox 2149 707 3743 782; baseline 0.005 -21"><span class='ocrx_word' id='word_1_376' title='bbox 2149 707 2310 762; x_wconf 88' lang='lat' dir='ltr'><strong>rabat</strong></span> <span class='ocrx_word' id='word_1_377' title='bbox 2360 707 2623 777; x_wconf 84' lang='lat' dir='ltr'><strong>Creator;</strong></span> <span class='ocrx_word' id='word_1_378' title='bbox 2646 709 2744 764; x_wconf 89' lang='lat' dir='ltr'><strong>sed</strong></span> <span class='ocrx_word' id='word_1_379' title='bbox 2787 709 2997 765; x_wconf 75' lang='lat' dir='ltr'><strong>sciebat</strong></span> <span class='ocrx_word' id='word_1_380' title='bbox 3026 710 3446 765; x_wconf 87' lang='lat' dir='ltr'><strong>subsecuturam</strong></span> <span class='ocrx_word' id='word_1_381' title='bbox 3471 711 3530 781; x_wconf 76' lang='grc' dir='ltr'><strong>θ</strong></span> <span class='ocrx_word' id='word_1_382' title='bbox 3550 722 3743 782; x_wconf 80' lang='lat' dir='ltr'><strong>postea</strong></span> 
     </span>
    </p>
   </div>
   <div class='ocr_carea' id='block_1_50' title="bbox 2148 796 3740 867">
    <p class='ocr_par' dir='ltr' id='par_1_50' title="bbox 2148 796 3740 867">
     <span class='ocr_line' id='line_1_50' title="bbox 2148 796 3740 867; baseline 0.003 -15"><span class='ocrx_word' id='word_1_383' title='bbox 2148 799 2279 854; x_wconf 88' lang='lat' dir='ltr'><strong>mali</strong></span> <span class='ocrx_word' id='word_1_384' title='bbox 2324 800 2682 867; x_wconf 71' lang='lat' dir='ltr'><strong>solutionem,</strong></span> <span class='ocrx_word' id='word_1_385' title='bbox 2729 810 2787 856; x_wconf 91' lang='lat' dir='ltr'><strong>et</strong></span> <span class='ocrx_word' id='word_1_386' title='bbox 2833 796 3092 856; x_wconf 82' lang='lat' dir='ltr'><strong>interitus</strong></span> <span class='ocrx_word' id='word_1_387' title='bbox 3124 800 3484 865; x_wconf 78' lang='lat' dir='ltr'><strong>ablutionem,</strong></span> <span class='ocrx_word' id='word_1_388' title='bbox 3511 803 3740 857; x_wconf 79' lang='lat' dir='ltr'><strong>restitu-</strong></span> 
     </span>
    </p>
   </div>
   <div class='ocr_carea' id='block_1_51' title="bbox 2147 888 3741 961">
    <p class='ocr_par' dir='ltr' id='par_1_51' title="bbox 2147 888 3741 961">
     <span class='ocr_line' id='line_1_51' title="bbox 2147 888 3741 961; baseline 0.004 -19"><span class='ocrx_word' id='word_1_389' title='bbox 2147 888 2467 959; x_wconf 89' lang='lat' dir='ltr'><strong>tionemque</strong></span> <span class='ocrx_word' id='word_1_390' title='bbox 2501 890 2558 944; x_wconf 88' lang='lat' dir='ltr'><strong>in</strong></span> <span class='ocrx_word' id='word_1_391' title='bbox 2588 891 2807 955; x_wconf 88' lang='lat' dir='ltr'><strong>melius,</strong></span> <span class='ocrx_word' id='word_1_392' title='bbox 2839 906 2903 945; x_wconf 90' lang='lat' dir='ltr'><strong>ac</strong></span> <span class='ocrx_word' id='word_1_393' title='bbox 2924 891 3285 961; x_wconf 87' lang='lat' dir='ltr'><strong>pristinorum</strong></span> <span class='ocrx_word' id='word_1_394' title='bbox 3329 891 3601 947; x_wconf 85' lang='lat' dir='ltr'><strong>bonorum</strong></span> <span class='ocrx_word' id='word_1_395' title='bbox 3654 909 3741 949; x_wconf 80' lang='lat' dir='ltr'><strong>re-</strong></span> 
     </span>
    </p>
   </div>
   <div class='ocr_carea' id='block_1_52' title="bbox 2147 980 3740 1054">
    <p class='ocr_par' dir='ltr' id='par_1_52' title="bbox 2147 980 3740 1054">
     <span class='ocr_line' id='line_1_52' title="bbox 2147 980 3740 1054; baseline 0.003 -20"><span class='ocrx_word' id='word_1_396' title='bbox 2147 980 2478 1049; x_wconf 86' lang='lat' dir='ltr'><strong>ceptionem.</strong></span> <span class='ocrx_word' id='word_1_397' title='bbox 2521 982 2743 1037; x_wconf 78' lang='lat' dir='ltr'><strong>Sciebat</strong></span> <span class='ocrx_word' id='word_1_398' title='bbox 2799 984 2951 1038; x_wconf 88' lang='lat' dir='ltr'><strong>enim</strong></span> <span class='ocrx_word' id='word_1_399' title='bbox 2997 983 3145 1054; x_wconf 90' lang='lat' dir='ltr'><strong>quod</strong></span> <span class='ocrx_word' id='word_1_400' title='bbox 3193 985 3438 1039; x_wconf 89' lang='lat' dir='ltr'><strong>mitteret</strong></span> <span class='ocrx_word' id='word_1_401' title='bbox 3469 1000 3572 1040; x_wconf 86' lang='lat' dir='ltr'><strong>suo</strong></span> <span class='ocrx_word' id='word_1_402' title='bbox 3596 994 3740 1039; x_wconf 85' lang='lat' dir='ltr'><strong>tem-</strong></span> 
     </span>
    </p>
   </div>
   <div class='ocr_carea' id='block_1_53' title="bbox 2145 1070 3740 1144">
    <p class='ocr_par' dir='ltr' id='par_1_53' title="bbox 2145 1070 3740 1144">
     <span class='ocr_line' id='line_1_53' title="bbox 2145 1070 3740 1144; baseline 0.006 -21"><span class='ocrx_word' id='word_1_403' title='bbox 2145 1085 2279 1140; x_wconf 88' lang='lat' dir='ltr'><strong>pore</strong></span> <span class='ocrx_word' id='word_1_404' title='bbox 2308 1070 2509 1126; x_wconf 89' lang='lat' dir='ltr'><strong>Filium</strong></span> <span class='ocrx_word' id='word_1_405' title='bbox 2528 1087 2691 1128; x_wconf 90' lang='lat' dir='ltr'><strong>suum</strong></span> <span class='ocrx_word' id='word_1_406' title='bbox 2711 1072 2770 1127; x_wconf 90' lang='lat' dir='ltr'><strong>in</strong></span> <span class='ocrx_word' id='word_1_407' title='bbox 2798 1073 3040 1128; x_wconf 82' lang='lat' dir='ltr'><strong>humana</strong></span> <span class='ocrx_word' id='word_1_408' title='bbox 3066 1073 3264 1139; x_wconf 85' lang='lat' dir='ltr'><strong>forma,</strong></span> <span class='ocrx_word' id='word_1_409' title='bbox 3301 1075 3397 1143; x_wconf 88' lang='lat' dir='ltr'><strong>qui</strong></span> <span class='ocrx_word' id='word_1_410' title='bbox 3431 1090 3533 1144; x_wconf 89' lang='lat' dir='ltr'><strong>pro</strong></span> <span class='ocrx_word' id='word_1_411' title='bbox 3575 1075 3740 1132; x_wconf 85' lang='lat' dir='ltr'><strong>nobis</strong></span> 
     </span>
    </p>
   </div>
   <div class='ocr_carea' id='block_1_54' title="bbox 2145 1164 3736 1235">
    <p class='ocr_par' dir='ltr' id='par_1_54' title="bbox 2145 1164 3736 1235">
     <span class='ocr_line' id='line_1_54' title="bbox 2145 1164 3736 1235; baseline 0.003 -18"><span class='ocrx_word' id='word_1_412' title='bbox 2145 1164 2449 1219; x_wconf 87' lang='lat' dir='ltr'><strong>moriturus</strong></span> <span class='ocrx_word' id='word_1_413' title='bbox 2480 1172 2646 1229; x_wconf 81' lang='lat' dir='ltr'><strong>esset,</strong></span> <span class='ocrx_word' id='word_1_414' title='bbox 2698 1164 3006 1235; x_wconf 88' lang='lat' dir='ltr'><strong>mortisque</strong></span> <span class='ocrx_word' id='word_1_415' title='bbox 3049 1165 3345 1235; x_wconf 88' lang='lat' dir='ltr'><strong>imperium</strong></span> <span class='ocrx_word' id='word_1_416' title='bbox 3407 1166 3736 1233; x_wconf 75' lang='lat' dir='ltr'><strong>aboliturus,</strong></span> 
     </span>
    </p>
   </div>
   <div class='ocr_carea' id='block_1_55' title="bbox 2144 1255 3737 1324">
    <p class='ocr_par' dir='ltr' id='par_1_55' title="bbox 2144 1255 3737 1324">
     <span class='ocr_line' id='line_1_55' title="bbox 2144 1255 3737 1324; baseline 0.002 -14"><span class='ocrx_word' id='word_1_417' title='bbox 2144 1263 2206 1310; x_wconf 89' lang='lat' dir='ltr'><strong>ut</strong></span> <span class='ocrx_word' id='word_1_418' title='bbox 2251 1255 2507 1309; x_wconf 89' lang='lat' dir='ltr'><strong>vivorum</strong></span> <span class='ocrx_word' id='word_1_419' title='bbox 2545 1256 2710 1311; x_wconf 88' lang='lat' dir='ltr'><strong>simul</strong></span> <span class='ocrx_word' id='word_1_420' title='bbox 2748 1265 2807 1311; x_wconf 89' lang='lat' dir='ltr'><strong>et</strong></span> <span class='ocrx_word' id='word_1_421' title='bbox 2845 1263 3195 1312; x_wconf 88' lang='lat' dir='ltr'><strong>mortuorum</strong></span> <span class='ocrx_word' id='word_1_422' title='bbox 3226 1256 3562 1313; x_wconf 76' lang='lat' dir='ltr'><strong>dominetur.</strong></span> <span class='ocrx_word' id='word_1_423' title='bbox 3592 1257 3737 1324; x_wconf 84' lang='lat' dir='ltr'><strong>Quid</strong></span> 
     </span>
    </p>
   </div>
   <div class='ocr_carea' id='block_1_56' title="bbox 2142 1345 3819 1423">
    <p class='ocr_par' dir='ltr' id='par_1_56' title="bbox 2142 1345 3819 1423">
     <span class='ocr_line' id='line_1_56' title="bbox 2142 1345 3819 1423; baseline -0.001 -20"><span class='ocrx_word' id='word_1_424' title='bbox 2142 1346 2289 1403; x_wconf 88' lang='lat' dir='ltr'><strong>enim</strong></span> <span class='ocrx_word' id='word_1_425' title='bbox 2313 1347 2336 1401; x_wconf 88' lang='lat'><strong>?</strong></span> <span class='ocrx_word' id='word_1_426' title='bbox 2362 1345 2418 1402; x_wconf 91' lang='lat' dir='ltr'><strong>Si</strong></span> <span class='ocrx_word' id='word_1_427' title='bbox 2444 1362 2557 1403; x_wconf 89' lang='lat' dir='ltr'><strong>non</strong></span> <span class='ocrx_word' id='word_1_428' title='bbox 2574 1361 2770 1403; x_wconf 88' lang='lat' dir='ltr'><strong>omnes</strong></span> <span class='ocrx_word' id='word_1_429' title='bbox 2795 1347 3177 1414; x_wconf 88' lang='lat' dir='ltr'><strong>crediderunt,</strong></span> <span class='ocrx_word' id='word_1_430' title='bbox 3207 1355 3358 1402; x_wconf 85' lang='lat' dir='ltr'><strong>certe</strong></span> <span class='ocrx_word' id='word_1_431' title='bbox 3401 1348 3734 1403; x_wconf 84' lang='lat' dir='ltr'><strong>salvatorum</strong></span> <span class='ocrx_word' id='word_1_432' title='bbox 3814 1420 3819 1423; x_wconf 85' lang='lat'><strong><em>_</em></strong></span> 
     </span>
    </p>
   </div>
   <div class='ocr_carea' id='block_1_57' title="bbox 2142 1439 3733 1510">
    <p class='ocr_par' dir='ltr' id='par_1_57' title="bbox 2142 1439 3733 1510">
     <span class='ocr_line' id='line_1_57' title="bbox 2142 1439 3733 1510; baseline 0.001 -16"><span class='ocrx_word' id='word_1_433' title='bbox 2142 1439 2564 1495; x_wconf 83' lang='lat' dir='ltr'><strong>innumerabilis</strong></span> <span class='ocrx_word' id='word_1_434' title='bbox 2612 1440 2913 1495; x_wconf 78' lang='lat' dir='ltr'><strong>multitudo</strong></span> <span class='ocrx_word' id='word_1_435' title='bbox 2970 1440 3193 1495; x_wconf 86' lang='lat' dir='ltr'><strong>illorum</strong></span> <span class='ocrx_word' id='word_1_436' title='bbox 3249 1439 3535 1494; x_wconf 87' lang='lat' dir='ltr'><strong>interitum</strong></span> <span class='ocrx_word' id='word_1_437' title='bbox 3600 1456 3733 1510; x_wconf 88' lang='lat' dir='ltr'><strong>quo-</strong></span> 
     </span>
    </p>
   </div>
   <div class='ocr_carea' id='block_1_58' title="bbox 2141 1532 3730 1606">
    <p class='ocr_par' dir='ltr' id='par_1_58' title="bbox 2141 1532 3730 1606">
     <span class='ocr_line' id='line_1_58' title="bbox 2141 1532 3730 1606; baseline 0.003 -18"><span class='ocrx_word' id='word_1_438' title='bbox 2141 1532 2436 1591; x_wconf 82' lang='lat' dir='ltr'><strong>dammodo</strong></span> <span class='ocrx_word' id='word_1_439' title='bbox 2485 1535 2725 1593; x_wconf 85' lang='lat' dir='ltr'><strong>elevabit</strong></span> <span class='ocrx_word' id='word_1_440' title='bbox 2757 1554 2770 1590; x_wconf 91' lang='lat'><strong>:</strong></span> <span class='ocrx_word' id='word_1_441' title='bbox 2813 1550 3122 1606; x_wconf 86' lang='lat' dir='ltr'><strong>eorumque</strong></span> <span class='ocrx_word' id='word_1_442' title='bbox 3168 1535 3273 1591; x_wconf 84' lang='lat' dir='ltr'><strong>hac</strong></span> <span class='ocrx_word' id='word_1_443' title='bbox 3297 1534 3366 1591; x_wconf 91' lang='lat' dir='ltr'><strong>de</strong></span> <span class='ocrx_word' id='word_1_444' title='bbox 3389 1549 3554 1591; x_wconf 88' lang='lat' dir='ltr'><strong>causa</strong></span> <span class='ocrx_word' id='word_1_445' title='bbox 3575 1535 3730 1592; x_wconf 90' lang='lat' dir='ltr'><strong>dolo-</strong></span> 
     </span>
    </p>
   </div>
   <div class='ocr_carea' id='block_1_59' title="bbox 2140 1629 3735 1696">
    <p class='ocr_par' dir='ltr' id='par_1_59' title="bbox 2140 1629 3735 1696">
     <span class='ocr_line' id='line_1_59' title="bbox 2140 1629 3735 1696; baseline 0.003 -14"><span class='ocrx_word' id='word_1_446' title='bbox 2140 1642 2260 1682; x_wconf 86' lang='lat' dir='ltr'><strong>rem</strong></span> <span class='ocrx_word' id='word_1_447' title='bbox 2305 1644 2511 1683; x_wconf 73' lang='lat' dir='ltr'><strong>vanum</strong></span> <span class='ocrx_word' id='word_1_448' title='bbox 2558 1629 2886 1696; x_wconf 81' lang='lat' dir='ltr'><strong>declarabit,</strong></span> <span class='ocrx_word' id='word_1_449' title='bbox 2934 1637 3149 1684; x_wconf 89' lang='lat' dir='ltr'><strong>tantum</strong></span> <span class='ocrx_word' id='word_1_450' title='bbox 3177 1645 3289 1686; x_wconf 89' lang='lat' dir='ltr'><strong>non</strong></span> <span class='ocrx_word' id='word_1_451' title='bbox 3316 1630 3507 1687; x_wconf 89' lang='lat' dir='ltr'><strong>dicens</strong></span> <span class='ocrx_word' id='word_1_452' title='bbox 3539 1648 3552 1685; x_wconf 91' lang='lat'><strong>:</strong></span> <span class='ocrx_word' id='word_1_453' title='bbox 3587 1649 3605 1680; x_wconf 73' lang='grc' dir='ltr'><strong>ι</strong></span> <span class='ocrx_word' id='word_1_454' title='bbox 3631 1630 3735 1686; x_wconf 91' lang='lat' dir='ltr'><strong>Co-</strong></span> 
     </span>
    </p>
   </div>
   <div class='ocr_carea' id='block_1_60' title="bbox 2140 1720 3735 1792">
    <p class='ocr_par' dir='ltr' id='par_1_60' title="bbox 2140 1720 3735 1792">
     <span class='ocr_line' id='line_1_60' title="bbox 2140 1720 3735 1792; baseline 0.002 -18"><span class='ocrx_word' id='word_1_455' title='bbox 2140 1720 2372 1775; x_wconf 89' lang='lat' dir='ltr'><strong>medunt</strong></span> <span class='ocrx_word' id='word_1_456' title='bbox 2419 1735 2533 1775; x_wconf 77' lang='lat' dir='ltr'><strong>suae</strong></span> <span class='ocrx_word' id='word_1_457' title='bbox 2584 1721 2833 1792; x_wconf 88' lang='lat' dir='ltr'><strong>ipsorum</strong></span> <span class='ocrx_word' id='word_1_458' title='bbox 2886 1722 2991 1777; x_wconf 66' lang='lat' dir='ltr'><strong>viae</strong></span> <span class='ocrx_word' id='word_1_459' title='bbox 3027 1722 3242 1777; x_wconf 91' lang='lat' dir='ltr'><strong>fructus</strong></span> <span class='ocrx_word' id='word_1_460' title='bbox 3273 1722 3339 1776; x_wconf 80' lang='grc'><strong>³³.</strong></span> <span class='ocrx_word' id='word_1_461' title='bbox 3381 1742 3399 1774; x_wconf 74' lang='grc' dir='ltr'><strong>ι</strong></span> <span class='ocrx_word' id='word_1_462' title='bbox 3434 1722 3572 1778; x_wconf 89' lang='lat' dir='ltr'><strong>Cum</strong></span> <span class='ocrx_word' id='word_1_463' title='bbox 3599 1722 3735 1791; x_wconf 86' lang='lat' dir='ltr'><strong>ipsis</strong></span> 
     </span>
    </p>
   </div>
   <div class='ocr_carea' id='block_1_61' title="bbox 2140 1810 3732 1884">
    <p class='ocr_par' dir='ltr' id='par_1_61' title="bbox 2140 1810 3732 1884">
     <span class='ocr_line' id='line_1_61' title="bbox 2140 1810 3732 1884; baseline 0.003 -20"><span class='ocrx_word' id='word_1_464' title='bbox 2140 1810 2340 1865; x_wconf 85' lang='lat' dir='ltr'><strong>salvari</strong></span> <span class='ocrx_word' id='word_1_465' title='bbox 2368 1810 2581 1877; x_wconf 88' lang='lat' dir='ltr'><strong>liceret,</strong></span> <span class='ocrx_word' id='word_1_466' title='bbox 2617 1813 2665 1866; x_wconf 89' lang='lat' dir='ltr'><strong>si</strong></span> <span class='ocrx_word' id='word_1_467' title='bbox 2689 1813 3015 1878; x_wconf 86' lang='lat' dir='ltr'><strong>voluissent,</strong></span> <span class='ocrx_word' id='word_1_468' title='bbox 3050 1822 3108 1868; x_wconf 89' lang='lat' dir='ltr'><strong>et</strong></span> <span class='ocrx_word' id='word_1_469' title='bbox 3131 1828 3216 1880; x_wconf 89' lang='lat' dir='ltr'><strong>ea,</strong></span> <span class='ocrx_word' id='word_1_470' title='bbox 3246 1813 3453 1884; x_wconf 88' lang='lat' dir='ltr'><strong>quibus</strong></span> <span class='ocrx_word' id='word_1_471' title='bbox 3487 1822 3732 1884; x_wconf 83' lang='lat' dir='ltr'><strong>postmo—</strong></span> 
     </span>
    </p>
   </div>
   <div class='ocr_carea' id='block_1_62' title="bbox 2066 1902 3730 1977">
    <p class='ocr_par' dir='ltr' id='par_1_62' title="bbox 2066 1902 3730 1977">
     <span class='ocr_line' id='line_1_62' title="bbox 2066 1902 3730 1977; baseline 0.002 -21"><span class='ocrx_word' id='word_1_472' title='bbox 2066 1905 2105 1957; x_wconf 84' lang='lat' dir='ltr'><strong>B</strong></span> <span class='ocrx_word' id='word_1_473' title='bbox 2135 1903 2268 1957; x_wconf 90' lang='lat' dir='ltr'><strong>dum</strong></span> <span class='ocrx_word' id='word_1_474' title='bbox 2305 1902 2540 1958; x_wconf 87' lang='lat' dir='ltr'><strong>involuti</strong></span> <span class='ocrx_word' id='word_1_475' title='bbox 2589 1913 2739 1977; x_wconf 85' lang='lat' dir='ltr'><strong>sunt,</strong></span> <span class='ocrx_word' id='word_1_476' title='bbox 2770 1905 2971 1961; x_wconf 88' lang='lat' dir='ltr'><strong>damna</strong></span> <span class='ocrx_word' id='word_1_477' title='bbox 3015 1906 3247 1972; x_wconf 81' lang='lat' dir='ltr'><strong>evitare,</strong></span> <span class='ocrx_word' id='word_1_478' title='bbox 3303 1906 3730 1975; x_wconf 79' lang='lat' dir='ltr'><strong>Rcdemptorem</strong></span> 
     </span>
    </p>
   </div>
   <div class='ocr_carea' id='block_1_63' title="bbox 2137 1994 3728 2065">
    <p class='ocr_par' dir='ltr' id='par_1_63' title="bbox 2137 1994 3728 2065">
     <span class='ocr_line' id='line_1_63' title="bbox 2137 1994 3728 2065; baseline 0.001 -19"><span class='ocrx_word' id='word_1_479' title='bbox 2137 2008 2246 2047; x_wconf 83' lang='lat' dir='ltr'><strong>non</strong></span> <span class='ocrx_word' id='word_1_480' title='bbox 2293 1994 2615 2061; x_wconf 87' lang='lat' dir='ltr'><strong>admittunt,</strong></span> <span class='ocrx_word' id='word_1_481' title='bbox 2668 1996 2773 2050; x_wconf 89' lang='lat' dir='ltr'><strong>hoc</strong></span> <span class='ocrx_word' id='word_1_482' title='bbox 2822 2004 2909 2051; x_wconf 87' lang='lat' dir='ltr'><strong>est</strong></span> <span class='ocrx_word' id='word_1_483' title='bbox 2957 1995 3260 2052; x_wconf 83' lang='lat' dir='ltr'><strong>Christum.</strong></span> <span class='ocrx_word' id='word_1_484' title='bbox 3311 1996 3369 2051; x_wconf 90' lang='lat' dir='ltr'><strong>Si</strong></span> <span class='ocrx_word' id='word_1_485' title='bbox 3397 1996 3522 2065; x_wconf 85' lang='lat' dir='ltr'><strong>quis</strong></span> <span class='ocrx_word' id='word_1_486' title='bbox 3557 1996 3728 2059; x_wconf 82' lang='lat' dir='ltr'><strong>enim,</strong></span> 
     </span>
    </p>
   </div>
   <div class='ocr_carea' id='block_1_64' title="bbox 2136 2084 3729 2159">
    <p class='ocr_par' dir='ltr' id='par_1_64' title="bbox 2136 2084 3729 2159">
     <span class='ocr_line' id='line_1_64' title="bbox 2136 2084 3729 2159; baseline 0.001 -21"><span class='ocrx_word' id='word_1_487' title='bbox 2136 2084 2353 2151; x_wconf 86' lang='lat' dir='ltr'><strong>amabo,</strong></span> <span class='ocrx_word' id='word_1_488' title='bbox 2403 2086 2648 2142; x_wconf 65' lang='lat' dir='ltr'><strong>colendae</strong></span> <span class='ocrx_word' id='word_1_489' title='bbox 2680 2096 2841 2143; x_wconf 66' lang='lat' dir='ltr'><strong>terra:</strong></span> <span class='ocrx_word' id='word_1_490' title='bbox 2889 2088 3087 2143; x_wconf 79' lang='lat' dir='ltr'><strong>artifex</strong></span> <span class='ocrx_word' id='word_1_491' title='bbox 3111 2089 3577 2159; x_wconf 70' lang='lat' dir='ltr'><strong>prmstantissimis</strong></span> <span class='ocrx_word' id='word_1_492' title='bbox 3600 2088 3729 2157; x_wconf 87' lang='lat' dir='ltr'><strong>qui-</strong></span> 
     </span>
    </p>
   </div>
   <div class='ocr_carea' id='block_1_65' title="bbox 2136 2178 3730 2253">
    <p class='ocr_par' dir='ltr' id='par_1_65' title="bbox 2136 2178 3730 2253">
     <span class='ocr_line' id='line_1_65' title="bbox 2136 2178 3730 2253; baseline 0.003 -22"><span class='ocrx_word' id='word_1_493' title='bbox 2136 2178 2350 2249; x_wconf 85' lang='lat' dir='ltr'><strong>busque</strong></span> <span class='ocrx_word' id='word_1_494' title='bbox 2373 2180 2666 2237; x_wconf 88' lang='lat' dir='ltr'><strong>arboribus</strong></span> <span class='ocrx_word' id='word_1_495' title='bbox 2685 2182 2911 2237; x_wconf 88' lang='lat' dir='ltr'><strong>hortum</strong></span> <span class='ocrx_word' id='word_1_496' title='bbox 2943 2198 3108 2237; x_wconf 89' lang='lat' dir='ltr'><strong>suum</strong></span> <span class='ocrx_word' id='word_1_497' title='bbox 3140 2182 3453 2253; x_wconf 83' lang='lat' dir='ltr'><strong>impleverit</strong></span> <span class='ocrx_word' id='word_1_498' title='bbox 3481 2201 3494 2236; x_wconf 89' lang='lat'><strong>:</strong></span> <span class='ocrx_word' id='word_1_499' title='bbox 3529 2182 3730 2237; x_wconf 89' lang='lat' dir='ltr'><strong>deinde</strong></span> 
     </span>
    </p>
   </div>
   <div class='ocr_carea' id='block_1_66' title="bbox 2134 2274 3730 2346">
    <p class='ocr_par' dir='ltr' id='par_1_66' title="bbox 2134 2274 3730 2346">
     <span class='ocr_line' id='line_1_66' title="bbox 2134 2274 3730 2346; baseline 0.004 -21"><span class='ocrx_word' id='word_1_500' title='bbox 2134 2287 2268 2325; x_wconf 76' lang='lat' dir='ltr'><strong>vero</strong></span> <span class='ocrx_word' id='word_1_501' title='bbox 2310 2289 2425 2328; x_wconf 90' lang='lat' dir='ltr'><strong>non</strong></span> <span class='ocrx_word' id='word_1_502' title='bbox 2472 2290 2667 2330; x_wconf 90' lang='lat' dir='ltr'><strong>omnes</strong></span> <span class='ocrx_word' id='word_1_503' title='bbox 2721 2275 2944 2342; x_wconf 88' lang='lat' dir='ltr'><strong>damna,</strong></span> <span class='ocrx_word' id='word_1_504' title='bbox 2990 2291 3113 2346; x_wconf 68' lang='lat' dir='ltr'><strong>quae</strong></span> <span class='ocrx_word' id='word_1_505' title='bbox 3150 2274 3385 2331; x_wconf 88' lang='lat' dir='ltr'><strong>diversis</strong></span> <span class='ocrx_word' id='word_1_506' title='bbox 3438 2275 3507 2330; x_wconf 92' lang='lat' dir='ltr'><strong>de</strong></span> <span class='ocrx_word' id='word_1_507' title='bbox 3547 2276 3730 2331; x_wconf 80' lang='lat' dir='ltr'><strong>causis</strong></span> 
     </span>
    </p>
   </div>
   <div class='ocr_carea' id='block_1_67' title="bbox 2134 2364 3729 2438">
    <p class='ocr_par' dir='ltr' id='par_1_67' title="bbox 2134 2364 3729 2438">
     <span class='ocr_line' id='line_1_67' title="bbox 2134 2364 3729 2438; baseline 0.002 -19"><span class='ocrx_word' id='word_1_508' title='bbox 2134 2364 2399 2421; x_wconf 79' lang='lat' dir='ltr'><strong>obvenire</strong></span> <span class='ocrx_word' id='word_1_509' title='bbox 2448 2368 2646 2433; x_wconf 86' lang='lat' dir='ltr'><strong>solent,</strong></span> <span class='ocrx_word' id='word_1_510' title='bbox 2668 2368 2953 2438; x_wconf 85' lang='lat' dir='ltr'><strong>eﬂ‘ugiant,</strong></span> <span class='ocrx_word' id='word_1_511' title='bbox 2998 2382 3182 2433; x_wconf 88' lang='lat' dir='ltr'><strong>nemo,</strong></span> <span class='ocrx_word' id='word_1_512' title='bbox 3220 2376 3281 2423; x_wconf 89' lang='lat' dir='ltr'><strong>ut</strong></span> <span class='ocrx_word' id='word_1_513' title='bbox 3312 2368 3573 2432; x_wconf 76' lang='lat' dir='ltr'><strong>arbitror,</strong></span> <span class='ocrx_word' id='word_1_514' title='bbox 3607 2368 3729 2422; x_wconf 76' lang='lat' dir='ltr'><strong>exi-</strong></span> 
     </span>
    </p>
   </div>
   <div class='ocr_carea' id='block_1_68' title="bbox 2134 2459 3724 2531">
    <p class='ocr_par' dir='ltr' id='par_1_68' title="bbox 2134 2459 3724 2531">
     <span class='ocr_line' id='line_1_68' title="bbox 2134 2459 3724 2531; baseline 0.004 -21"><span class='ocrx_word' id='word_1_515' title='bbox 2134 2459 2443 2514; x_wconf 76' lang='lat' dir='ltr'><strong>stimaverit</strong></span> <span class='ocrx_word' id='word_1_516' title='bbox 2494 2472 2656 2516; x_wconf 70' lang='lat' dir='ltr'><strong>terrae</strong></span> <span class='ocrx_word' id='word_1_517' title='bbox 2695 2462 2969 2517; x_wconf 89' lang='lat' dir='ltr'><strong>cultorem</strong></span> <span class='ocrx_word' id='word_1_518' title='bbox 3010 2471 3158 2517; x_wconf 86' lang='lat' dir='ltr'><strong>recte</strong></span> <span class='ocrx_word' id='word_1_519' title='bbox 3192 2461 3437 2531; x_wconf 88' lang='lat' dir='ltr'><strong>plantare</strong></span> <span class='ocrx_word' id='word_1_520' title='bbox 3458 2460 3724 2527; x_wconf 83' lang='lat' dir='ltr'><strong>noluisse,</strong></span> 
     </span>
    </p>
   </div>
   <div class='ocr_carea' id='block_1_69' title="bbox 2132 2551 3729 2624">
    <p class='ocr_par' dir='ltr' id='par_1_69' title="bbox 2132 2551 3729 2624">
     <span class='ocr_line' id='line_1_69' title="bbox 2132 2551 3729 2624; baseline 0.001 -21"><span class='ocrx_word' id='word_1_521' title='bbox 2132 2564 2313 2619; x_wconf 89' lang='lat' dir='ltr'><strong>neque</strong></span> <span class='ocrx_word' id='word_1_522' title='bbox 2368 2566 2502 2607; x_wconf 90' lang='lat' dir='ltr'><strong>vero</strong></span> <span class='ocrx_word' id='word_1_523' title='bbox 2541 2552 2855 2622; x_wconf 85' lang='lat' dir='ltr'><strong>quisquam,</strong></span> <span class='ocrx_word' id='word_1_524' title='bbox 2884 2552 2965 2608; x_wconf 88' lang='lat' dir='ltr'><strong>uti</strong></span> <span class='ocrx_word' id='word_1_525' title='bbox 2985 2553 3204 2624; x_wconf 87' lang='lat' dir='ltr'><strong>opinor,</strong></span> <span class='ocrx_word' id='word_1_526' title='bbox 3236 2552 3392 2606; x_wconf 91' lang='lat' dir='ltr'><strong>illum</strong></span> <span class='ocrx_word' id='word_1_527' title='bbox 3420 2551 3729 2621; x_wconf 81' lang='lat' dir='ltr'><strong>reprehen—</strong></span> 
     </span>
    </p>
   </div>
   <div class='ocr_carea' id='block_1_70' title="bbox 2132 2642 3728 2717">
    <p class='ocr_par' dir='ltr' id='par_1_70' title="bbox 2132 2642 3728 2717">
     <span class='ocr_line' id='line_1_70' title="bbox 2132 2642 3728 2717; baseline 0.001 -20"><span class='ocrx_word' id='word_1_528' title='bbox 2132 2642 2295 2699; x_wconf 89' lang='lat' dir='ltr'><strong>derit.</strong></span> <span class='ocrx_word' id='word_1_529' title='bbox 2339 2644 2525 2715; x_wconf 85' lang='lat' dir='ltr'><strong>Longe</strong></span> <span class='ocrx_word' id='word_1_530' title='bbox 2582 2646 2734 2700; x_wconf 91' lang='lat' dir='ltr'><strong>enim</strong></span> <span class='ocrx_word' id='word_1_531' title='bbox 2794 2646 3002 2701; x_wconf 87' lang='lat' dir='ltr'><strong>abest:</strong></span> <span class='ocrx_word' id='word_1_532' title='bbox 3056 2646 3331 2717; x_wconf 88' lang='lat' dir='ltr'><strong>siquidem</strong></span> <span class='ocrx_word' id='word_1_533' title='bbox 3378 2660 3501 2700; x_wconf 88' lang='lat' dir='ltr'><strong>eam</strong></span> <span class='ocrx_word' id='word_1_534' title='bbox 3559 2659 3728 2714; x_wconf 88' lang='lat' dir='ltr'><strong>quam</strong></span> 
     </span>
    </p>
   </div>
   <div class='ocr_carea' id='block_1_71' title="bbox 2131 2733 3728 2806">
    <p class='ocr_par' dir='ltr' id='par_1_71' title="bbox 2131 2733 3728 2806">
     <span class='ocr_line' id='line_1_71' title="bbox 2131 2733 3728 2806; baseline 0.001 -19"><span class='ocrx_word' id='word_1_535' title='bbox 2131 2734 2379 2804; x_wconf 87' lang='lat' dir='ltr'><strong>oportuit</strong></span> <span class='ocrx_word' id='word_1_536' title='bbox 2406 2734 2475 2789; x_wconf 91' lang='lat' dir='ltr'><strong>ad</strong></span> <span class='ocrx_word' id='word_1_537' title='bbox 2514 2734 2876 2806; x_wconf 88' lang='lat' dir='ltr'><strong>plantandum</strong></span> <span class='ocrx_word' id='word_1_538' title='bbox 2903 2750 3095 2791; x_wconf 89' lang='lat' dir='ltr'><strong>curam</strong></span> <span class='ocrx_word' id='word_1_539' title='bbox 3141 2734 3416 2800; x_wconf 85' lang='lat' dir='ltr'><strong>adhibuit,</strong></span> <span class='ocrx_word' id='word_1_540' title='bbox 3454 2733 3562 2789; x_wconf 74' lang='lat' dir='ltr'><strong>illa:</strong></span> <span class='ocrx_word' id='word_1_541' title='bbox 3593 2749 3728 2790; x_wconf 83' lang='lat' dir='ltr'><strong>vero</strong></span> 
     </span>
    </p>
   </div>
   <div class='ocr_carea' id='block_1_72' title="bbox 2132 2825 3729 2898">
    <p class='ocr_par' dir='ltr' id='par_1_72' title="bbox 2132 2825 3729 2898">
     <span class='ocr_line' id='line_1_72' title="bbox 2132 2825 3729 2898; baseline 0.001 -18"><span class='ocrx_word' id='word_1_542' title='bbox 2132 2825 2452 2882; x_wconf 77' lang='lat' dir='ltr'><strong>infirmitate</strong></span> <span class='ocrx_word' id='word_1_543' title='bbox 2500 2828 2843 2883; x_wconf 84' lang='lat' dir='ltr'><strong>laborarunt.</strong></span> <span class='ocrx_word' id='word_1_544' title='bbox 2875 2827 2961 2884; x_wconf 82' lang='lat' dir='ltr'><strong>An</strong></span> <span class='ocrx_word' id='word_1_545' title='bbox 2998 2828 3182 2898; x_wconf 89' lang='lat' dir='ltr'><strong>itaque</strong></span> <span class='ocrx_word' id='word_1_546' title='bbox 3225 2828 3478 2883; x_wconf 87' lang='lat' dir='ltr'><strong>dicemus</strong></span> <span class='ocrx_word' id='word_1_547' title='bbox 3513 2825 3729 2897; x_wconf 60' lang='lat' dir='ltr'><strong>prasti-</strong></span> 
     </span>
    </p>
   </div>
   <div class='ocr_carea' id='block_1_73' title="bbox 2132 2916 3726 2990">
    <p class='ocr_par' dir='ltr' id='par_1_73' title="bbox 2132 2916 3726 2990">
     <span class='ocr_line' id='line_1_73' title="bbox 2132 2916 3726 2990; baseline 0.001 -19"><span class='ocrx_word' id='word_1_548' title='bbox 2132 2916 2264 2972; x_wconf 88' lang='lat' dir='ltr'><strong>tisse</strong></span> <span class='ocrx_word' id='word_1_549' title='bbox 2288 2926 2351 2973; x_wconf 90' lang='lat' dir='ltr'><strong>ut</strong></span> <span class='ocrx_word' id='word_1_550' title='bbox 2381 2918 2610 2974; x_wconf 87' lang='lat' dir='ltr'><strong>omnino</strong></span> <span class='ocrx_word' id='word_1_551' title='bbox 2635 2934 2665 2973; x_wconf 88' lang='lat' dir='ltr'><strong>a</strong></span> <span class='ocrx_word' id='word_1_552' title='bbox 2697 2919 3041 2990; x_wconf 88' lang='lat' dir='ltr'><strong>plantatione</strong></span> <span class='ocrx_word' id='word_1_553' title='bbox 3066 2927 3326 2985; x_wconf 87' lang='lat' dir='ltr'><strong>cessaret,</strong></span> <span class='ocrx_word' id='word_1_554' title='bbox 3357 2933 3537 2988; x_wconf 87' lang='lat' dir='ltr'><strong>neque</strong></span> <span class='ocrx_word' id='word_1_555' title='bbox 3557 2934 3726 2989; x_wconf 87' lang='lat' dir='ltr'><strong>gene-</strong></span> 
     </span>
    </p>
   </div>
   <div class='ocr_carea' id='block_1_74' title="bbox 2132 3008 3728 3081">
    <p class='ocr_par' dir='ltr' id='par_1_74' title="bbox 2132 3008 3728 3081">
     <span class='ocr_line' id='line_1_74' title="bbox 2132 3008 3728 3081; baseline 0.001 -18"><span class='ocrx_word' id='word_1_556' title='bbox 2132 3008 2433 3065; x_wconf 87' lang='lat' dir='ltr'><strong>rosissimis</strong></span> <span class='ocrx_word' id='word_1_557' title='bbox 2479 3010 2683 3081; x_wconf 89' lang='lat' dir='ltr'><strong>plantis</strong></span> <span class='ocrx_word' id='word_1_558' title='bbox 2742 3011 2966 3067; x_wconf 86' lang='lat' dir='ltr'><strong>hortum</strong></span> <span class='ocrx_word' id='word_1_559' title='bbox 3022 3027 3186 3067; x_wconf 89' lang='lat' dir='ltr'><strong>suum</strong></span> <span class='ocrx_word' id='word_1_560' title='bbox 3220 3012 3560 3076; x_wconf 82' lang='lat' dir='ltr'><strong>consereret,</strong></span> <span class='ocrx_word' id='word_1_561' title='bbox 3609 3024 3728 3065; x_wconf 84' lang='lat' dir='ltr'><strong>om-</strong></span> 
     </span>
    </p>
   </div>
   <div class='ocr_carea' id='block_1_75' title="bbox 2130 3101 3725 3170">
    <p class='ocr_par' dir='ltr' id='par_1_75' title="bbox 2130 3101 3725 3170">
     <span class='ocr_line' id='line_1_75' title="bbox 2130 3101 3725 3170; baseline 0 -15"><span class='ocrx_word' id='word_1_562' title='bbox 2130 3115 2373 3170; x_wconf 89' lang='lat' dir='ltr'><strong>nemque</strong></span> <span class='ocrx_word' id='word_1_563' title='bbox 2436 3101 2496 3155; x_wconf 86' lang='lat' dir='ltr'><strong>in</strong></span> <span class='ocrx_word' id='word_1_564' title='bbox 2553 3102 2878 3157; x_wconf 86' lang='lat' dir='ltr'><strong>universum</strong></span> <span class='ocrx_word' id='word_1_565' title='bbox 2935 3103 3181 3158; x_wconf 65' lang='lat' dir='ltr'><strong>colendae</strong></span> <span class='ocrx_word' id='word_1_566' title='bbox 3237 3112 3396 3158; x_wconf 70' lang='lat' dir='ltr'><strong>terrae</strong></span> <span class='ocrx_word' id='word_1_567' title='bbox 3451 3101 3725 3157; x_wconf 85' lang='lat' dir='ltr'><strong>rationem</strong></span> 
     </span>
    </p>
   </div>
   <div class='ocr_carea' id='block_1_76' title="bbox 2132 3192 3727 3265">
    <p class='ocr_par' dir='ltr' id='par_1_76' title="bbox 2132 3192 3727 3265">
     <span class='ocr_line' id='line_1_76' title="bbox 2132 3192 3727 3265; baseline 0.001 -20"><span class='ocrx_word' id='word_1_568' title='bbox 2132 3192 2452 3259; x_wconf 88' lang='lat' dir='ltr'><strong>tollendam,</strong></span> <span class='ocrx_word' id='word_1_569' title='bbox 2489 3208 2561 3249; x_wconf 93' lang='lat' dir='ltr'><strong>ne</strong></span> <span class='ocrx_word' id='word_1_570' title='bbox 2595 3193 2875 3264; x_wconf 89' lang='lat' dir='ltr'><strong>aliquibus</strong></span> <span class='ocrx_word' id='word_1_571' title='bbox 2916 3195 3120 3265; x_wconf 87' lang='lat' dir='ltr'><strong>plantis</strong></span> <span class='ocrx_word' id='word_1_572' title='bbox 3150 3195 3263 3265; x_wconf 87' lang='lat' dir='ltr'><strong>jam</strong></span> <span class='ocrx_word' id='word_1_573' title='bbox 3286 3194 3555 3249; x_wconf 90' lang='lat' dir='ltr'><strong>consertis</strong></span> <span class='ocrx_word' id='word_1_574' title='bbox 3573 3193 3727 3247; x_wconf 81' lang='lat' dir='ltr'><strong>dam-</strong></span> 
     </span>
    </p>
   </div>
   <div class='ocr_carea' id='block_1_77' title="bbox 2051 3273 3726 3356">
    <p class='ocr_par' dir='ltr' id='par_1_77' title="bbox 2051 3273 3726 3356">
     <span class='ocr_line' id='line_1_77' title="bbox 2051 3273 3726 3356; baseline 0.001 -18"><span class='ocrx_word' id='word_1_575' title='bbox 2051 3273 2095 3330; x_wconf 84' lang='lat' dir='ltr'><strong>C</strong></span> <span class='ocrx_word' id='word_1_576' title='bbox 2128 3299 2263 3339; x_wconf 92' lang='lat' dir='ltr'><strong>num</strong></span> <span class='ocrx_word' id='word_1_577' title='bbox 2312 3284 2568 3340; x_wconf 88' lang='lat' dir='ltr'><strong>accidat?</strong></span> <span class='ocrx_word' id='word_1_578' title='bbox 2610 3284 2731 3351; x_wconf 88' lang='lat' dir='ltr'><strong>Quo</strong></span> <span class='ocrx_word' id='word_1_579' title='bbox 2775 3295 2936 3356; x_wconf 88' lang='lat' dir='ltr'><strong>pacto</strong></span> <span class='ocrx_word' id='word_1_580' title='bbox 2987 3302 3121 3341; x_wconf 88' lang='lat' dir='ltr'><strong>vero</strong></span> <span class='ocrx_word' id='word_1_581' title='bbox 3155 3301 3267 3340; x_wconf 88' lang='lat' dir='ltr'><strong>non</strong></span> <span class='ocrx_word' id='word_1_582' title='bbox 3292 3285 3595 3341; x_wconf 89' lang='lat' dir='ltr'><strong>absurdum</strong></span> <span class='ocrx_word' id='word_1_583' title='bbox 3624 3284 3726 3339; x_wconf 77' lang='lat' dir='ltr'><strong>ad-</strong></span> 
     </span>
    </p>
   </div>
   <div class='ocr_carea' id='block_1_78' title="bbox 2126 3376 3728 3443">
    <p class='ocr_par' dir='ltr' id='par_1_78' title="bbox 2126 3376 3728 3443">
     <span class='ocr_line' id='line_1_78' title="bbox 2126 3376 3728 3443; baseline -0.001 -12"><span class='ocrx_word' id='word_1_584' title='bbox 2126 3377 2354 3432; x_wconf 88' lang='lat' dir='ltr'><strong>modum</strong></span> <span class='ocrx_word' id='word_1_585' title='bbox 2396 3376 2584 3443; x_wconf 86' lang='lat' dir='ltr'><strong>fuerit,</strong></span> <span class='ocrx_word' id='word_1_586' title='bbox 2618 3377 2664 3432; x_wconf 91' lang='lat' dir='ltr'><strong>si</strong></span> <span class='ocrx_word' id='word_1_587' title='bbox 2695 3377 2803 3433; x_wconf 88' lang='lat' dir='ltr'><strong>hoc</strong></span> <span class='ocrx_word' id='word_1_588' title='bbox 2828 3387 2979 3434; x_wconf 88' lang='lat' dir='ltr'><strong>recte</strong></span> <span class='ocrx_word' id='word_1_589' title='bbox 3014 3393 3074 3433; x_wconf 92' lang='lat' dir='ltr'><strong>se</strong></span> <span class='ocrx_word' id='word_1_590' title='bbox 3111 3377 3319 3434; x_wconf 88' lang='lat' dir='ltr'><strong>habere</strong></span> <span class='ocrx_word' id='word_1_591' title='bbox 3351 3392 3678 3433; x_wconf 84' lang='lat' dir='ltr'><strong>censeamus</strong></span> <span class='ocrx_word' id='word_1_592' title='bbox 3704 3378 3728 3430; x_wconf 86' lang='lat'><strong>?</strong></span> 
     </span>
    </p>
   </div>
   <div class='ocr_carea' id='block_1_79' title="bbox 2172 3470 3722 3541">
    <p class='ocr_par' dir='ltr' id='par_1_79' title="bbox 2172 3470 3722 3541">
     <span class='ocr_line' id='line_1_79' title="bbox 2172 3470 3722 3541; baseline -0.001 -17"><span class='ocrx_word' id='word_1_593' title='bbox 2172 3470 2233 3524; x_wconf 69' lang='grc' dir='ltr'><strong>ὅ.</strong></span> <span class='ocrx_word' id='word_1_594' title='bbox 2247 3470 2604 3540; x_wconf 86' lang='lat' dir='ltr'><strong>Nequaquam</strong></span> <span class='ocrx_word' id='word_1_595' title='bbox 2621 3470 2788 3541; x_wconf 80' lang='lat' dir='ltr'><strong>igitur</strong></span> <span class='ocrx_word' id='word_1_596' title='bbox 2802 3471 2976 3525; x_wconf 89' lang='lat' dir='ltr'><strong>Deum</strong></span> <span class='ocrx_word' id='word_1_597' title='bbox 2995 3470 3376 3525; x_wconf 89' lang='lat' dir='ltr'><strong>incusabimus</strong></span> <span class='ocrx_word' id='word_1_598' title='bbox 3392 3476 3722 3534; x_wconf 88' lang='lat' dir='ltr'><strong>creatorem,</strong></span> 
     </span>
    </p>
   </div>
   <div class='ocr_carea' id='block_1_80' title="bbox 2125 3562 3726 3634">
    <p class='ocr_par' dir='ltr' id='par_1_80' title="bbox 2125 3562 3726 3634">
     <span class='ocr_line' id='line_1_80' title="bbox 2125 3562 3726 3634; baseline 0 -17"><span class='ocrx_word' id='word_1_599' title='bbox 2125 3563 2222 3634; x_wconf 86' lang='lat' dir='ltr'><strong>qui</strong></span> <span class='ocrx_word' id='word_1_600' title='bbox 2256 3570 2417 3618; x_wconf 87' lang='lat' dir='ltr'><strong>ortus</strong></span> <span class='ocrx_word' id='word_1_601' title='bbox 2448 3562 2626 3619; x_wconf 89' lang='lat' dir='ltr'><strong>nostri</strong></span> <span class='ocrx_word' id='word_1_602' title='bbox 2666 3570 2864 3618; x_wconf 88' lang='lat' dir='ltr'><strong>auctor</strong></span> <span class='ocrx_word' id='word_1_603' title='bbox 2920 3562 3112 3628; x_wconf 86' lang='lat' dir='ltr'><strong>fuerit,</strong></span> <span class='ocrx_word' id='word_1_604' title='bbox 3171 3562 3269 3617; x_wconf 89' lang='lat' dir='ltr'><strong>sed</strong></span> <span class='ocrx_word' id='word_1_605' title='bbox 3320 3563 3378 3617; x_wconf 91' lang='lat' dir='ltr'><strong>in</strong></span> <span class='ocrx_word' id='word_1_606' title='bbox 3427 3576 3530 3616; x_wconf 89' lang='lat' dir='ltr'><strong>nos</strong></span> <span class='ocrx_word' id='word_1_607' title='bbox 3576 3563 3726 3631; x_wconf 85' lang='lat' dir='ltr'><strong>ipsos</strong></span> 
     </span>
    </p>
   </div>
   <div class='ocr_carea' id='block_1_81' title="bbox 2125 3652 3725 3726">
    <p class='ocr_par' dir='ltr' id='par_1_81' title="bbox 2125 3652 3725 3726">
     <span class='ocr_line' id='line_1_81' title="bbox 2125 3652 3725 3726; baseline -0.001 -16"><span class='ocrx_word' id='word_1_608' title='bbox 2125 3652 2308 3725; x_wconf 87' lang='lat' dir='ltr'><strong>potius</strong></span> <span class='ocrx_word' id='word_1_609' title='bbox 2351 3656 2569 3726; x_wconf 86' lang='lat' dir='ltr'><strong>culpam</strong></span> <span class='ocrx_word' id='word_1_610' title='bbox 2609 3656 2986 3719; x_wconf 82' lang='lat' dir='ltr'><strong>conferemus,</strong></span> <span class='ocrx_word' id='word_1_611' title='bbox 3036 3655 3133 3725; x_wconf 89' lang='lat' dir='ltr'><strong>qui</strong></span> <span class='ocrx_word' id='word_1_612' title='bbox 3170 3652 3485 3708; x_wconf 83' lang='lat' dir='ltr'><strong>voluntario</strong></span> <span class='ocrx_word' id='word_1_613' title='bbox 3521 3653 3725 3709; x_wconf 83' lang='lat' dir='ltr'><strong>damno</strong></span> 
     </span>
    </p>
   </div>
   <div class='ocr_carea' id='block_1_82' title="bbox 2124 3745 3724 3819">
    <p class='ocr_par' dir='ltr' id='par_1_82' title="bbox 2124 3745 3724 3819">
     <span class='ocr_line' id='line_1_82' title="bbox 2124 3745 3724 3819; baseline 0.001 -18"><span class='ocrx_word' id='word_1_614' title='bbox 2124 3746 2416 3814; x_wconf 83' lang='lat' dir='ltr'><strong>allicimur,</strong></span> <span class='ocrx_word' id='word_1_615' title='bbox 2477 3748 2524 3802; x_wconf 88' lang='lat' dir='ltr'><strong>si</strong></span> <span class='ocrx_word' id='word_1_616' title='bbox 2572 3749 2738 3803; x_wconf 90' lang='lat' dir='ltr'><strong>modo</strong></span> <span class='ocrx_word' id='word_1_617' title='bbox 2780 3757 2932 3804; x_wconf 89' lang='lat' dir='ltr'><strong>recte</strong></span> <span class='ocrx_word' id='word_1_618' title='bbox 2976 3747 3229 3819; x_wconf 83' lang='lat' dir='ltr'><strong>judicare</strong></span> <span class='ocrx_word' id='word_1_619' title='bbox 3262 3745 3516 3801; x_wconf 80' lang='lat' dir='ltr'><strong>velimus.</strong></span> <span class='ocrx_word' id='word_1_620' title='bbox 3564 3746 3724 3812; x_wconf 90' lang='lat' dir='ltr'><strong>Quod</strong></span> 
     </span>
    </p>
   </div>
   <div class='ocr_carea' id='block_1_83' title="bbox 2125 3837 3720 3901">
    <p class='ocr_par' dir='ltr' id='par_1_83' title="bbox 2125 3837 3720 3901">
     <span class='ocr_line' id='line_1_83' title="bbox 2125 3837 3720 3901; baseline -0.001 -6"><span class='ocrx_word' id='word_1_621' title='bbox 2125 3840 2274 3895; x_wconf 89' lang='lat' dir='ltr'><strong>enim</strong></span> <span class='ocrx_word' id='word_1_622' title='bbox 2318 3839 2505 3894; x_wconf 87' lang='lat' dir='ltr'><strong>statim</strong></span> <span class='ocrx_word' id='word_1_623' title='bbox 2552 3840 2836 3895; x_wconf 87' lang='lat' dir='ltr'><strong>hominem</strong></span> <span class='ocrx_word' id='word_1_624' title='bbox 2890 3840 2958 3894; x_wconf 88' lang='lat' dir='ltr'><strong>ad</strong></span> <span class='ocrx_word' id='word_1_625' title='bbox 2990 3838 3369 3894; x_wconf 79' lang='lat' dir='ltr'><strong>exsistendum</strong></span> <span class='ocrx_word' id='word_1_626' title='bbox 3401 3837 3720 3901; x_wconf 80' lang='lat' dir='ltr'><strong>traducens,</strong></span> 
     </span>
    </p>
   </div>
   <div class='ocr_carea' id='block_1_84' title="bbox 2124 3930 3720 4003">
    <p class='ocr_par' dir='ltr' id='par_1_84' title="bbox 2124 3930 3720 4003">
     <span class='ocr_line' id='line_1_84' title="bbox 2124 3930 3720 4003; baseline -0.001 -16"><span class='ocrx_word' id='word_1_627' title='bbox 2124 3933 2294 3988; x_wconf 90' lang='lat' dir='ltr'><strong>sciret</strong></span> <span class='ocrx_word' id='word_1_628' title='bbox 2341 3948 2470 3987; x_wconf 91' lang='lat' dir='ltr'><strong>eum</strong></span> <span class='ocrx_word' id='word_1_629' title='bbox 2508 3933 2794 4003; x_wconf 88' lang='lat' dir='ltr'><strong>lapsurum</strong></span> <span class='ocrx_word' id='word_1_630' title='bbox 2836 3931 2893 3985; x_wconf 89' lang='lat' dir='ltr'><strong>in</strong></span> <span class='ocrx_word' id='word_1_631' title='bbox 2928 3931 3236 3996; x_wconf 85' lang='lat' dir='ltr'><strong>interitum,</strong></span> <span class='ocrx_word' id='word_1_632' title='bbox 3261 3930 3521 4001; x_wconf 85' lang='lat' dir='ltr'><strong>quodque</strong></span> <span class='ocrx_word' id='word_1_633' title='bbox 3557 3946 3720 3985; x_wconf 80' lang='lat' dir='ltr'><strong>cura-</strong></span> 
     </span>
    </p>
   </div>
   <div class='ocr_carea' id='block_1_85' title="bbox 2125 4022 3715 4094">
    <p class='ocr_par' dir='ltr' id='par_1_85' title="bbox 2125 4022 3715 4094">
     <span class='ocr_line' id='line_1_85' title="bbox 2125 4022 3715 4094; baseline -0.001 -15"><span class='ocrx_word' id='word_1_634' title='bbox 2125 4024 2293 4079; x_wconf 89' lang='lat' dir='ltr'><strong>tionis</strong></span> <span class='ocrx_word' id='word_1_635' title='bbox 2344 4024 2540 4081; x_wconf 90' lang='lat' dir='ltr'><strong>modos</strong></span> <span class='ocrx_word' id='word_1_636' title='bbox 2581 4040 2695 4079; x_wconf 89' lang='lat' dir='ltr'><strong>non</strong></span> <span class='ocrx_word' id='word_1_637' title='bbox 2732 4022 3041 4094; x_wconf 79' lang='lat' dir='ltr'><strong>ignorabat,</strong></span> <span class='ocrx_word' id='word_1_638' title='bbox 3092 4022 3382 4078; x_wconf 79' lang='lat' dir='ltr'><strong>manifeste</strong></span> <span class='ocrx_word' id='word_1_639' title='bbox 3424 4023 3715 4092; x_wconf 84' lang='lat' dir='ltr'><strong>persuach</strong></span> 
     </span>
    </p>
   </div>
   <div class='ocr_carea' id='block_1_86' title="bbox 2123 4115 3722 4187">
    <p class='ocr_par' dir='ltr' id='par_1_86' title="bbox 2123 4115 3722 4187">
     <span class='ocr_line' id='line_1_86' title="bbox 2123 4115 3722 4187; baseline 0 -16"><span class='ocrx_word' id='word_1_640' title='bbox 2123 4116 2348 4172; x_wconf 82' lang='lat' dir='ltr'><strong>divinus</strong></span> <span class='ocrx_word' id='word_1_641' title='bbox 2364 4118 2588 4185; x_wconf 77' lang='lat' dir='ltr'><strong>Paulus,</strong></span> <span class='ocrx_word' id='word_1_642' title='bbox 2611 4117 2846 4172; x_wconf 86' lang='lat' dir='ltr'><strong>salutem</strong></span> <span class='ocrx_word' id='word_1_643' title='bbox 2869 4132 2971 4187; x_wconf 91' lang='lat' dir='ltr'><strong>per</strong></span> <span class='ocrx_word' id='word_1_644' title='bbox 2996 4115 3303 4181; x_wconf 88' lang='lat' dir='ltr'><strong>Christum,</strong></span> <span class='ocrx_word' id='word_1_645' title='bbox 3328 4130 3452 4186; x_wconf 83' lang='lat' dir='ltr'><strong>eam</strong></span> <span class='ocrx_word' id='word_1_646' title='bbox 3474 4130 3597 4185; x_wconf 70' lang='lat' dir='ltr'><strong>quae</strong></span> <span class='ocrx_word' id='word_1_647' title='bbox 3634 4126 3722 4171; x_wconf 91' lang='lat' dir='ltr'><strong>est</strong></span> 
     </span>
    </p>
   </div>
   <div class='ocr_carea' id='block_1_87' title="bbox 2121 4205 3719 4279">
    <p class='ocr_par' dir='ltr' id='par_1_87' title="bbox 2121 4205 3719 4279">
     <span class='ocr_line' id='line_1_87' title="bbox 2121 4205 3719 4279; baseline -0.002 -17"><span class='ocrx_word' id='word_1_648' title='bbox 2121 4209 2277 4264; x_wconf 79' lang='lat' dir='ltr'><strong>velut</strong></span> <span class='ocrx_word' id='word_1_649' title='bbox 2301 4209 2357 4263; x_wconf 90' lang='lat' dir='ltr'><strong>in</strong></span> <span class='ocrx_word' id='word_1_650' title='bbox 2377 4207 2807 4279; x_wconf 82' lang='lat' dir='ltr'><strong>praecognitione</strong></span> <span class='ocrx_word' id='word_1_651' title='bbox 2838 4206 3089 4278; x_wconf 87' lang='lat' dir='ltr'><strong>spiritus,</strong></span> <span class='ocrx_word' id='word_1_652' title='bbox 3122 4205 3445 4262; x_wconf 76' lang='lat' dir='ltr'><strong>testificaris.</strong></span> <span class='ocrx_word' id='word_1_653' title='bbox 3470 4205 3550 4261; x_wconf 85' lang='lat' dir='ltr'><strong>lla</strong></span> <span class='ocrx_word' id='word_1_654' title='bbox 3567 4207 3719 4261; x_wconf 88' lang='lat' dir='ltr'><strong>enim</strong></span> 
     </span>
    </p>
   </div>
   <div class='ocr_carea' id='block_1_88' title="bbox 2123 4297 3717 4369">
    <p class='ocr_par' dir='ltr' id='par_1_88' title="bbox 2123 4297 3717 4369">
     <span class='ocr_line' id='line_1_88' title="bbox 2123 4297 3717 4369; baseline -0.002 -14"><span class='ocrx_word' id='word_1_655' title='bbox 2123 4300 2415 4355; x_wconf 89' lang='lat' dir='ltr'><strong>Timotheo</strong></span> <span class='ocrx_word' id='word_1_656' title='bbox 2472 4299 2703 4369; x_wconf 89' lang='lat' dir='ltr'><strong>proprio</strong></span> <span class='ocrx_word' id='word_1_657' title='bbox 2758 4313 2862 4355; x_wconf 87' lang='lat' dir='ltr'><strong>suo</strong></span> <span class='ocrx_word' id='word_1_658' title='bbox 2918 4298 3194 4368; x_wconf 85' lang='lat' dir='ltr'><strong>discipulo</strong></span> <span class='ocrx_word' id='word_1_659' title='bbox 3250 4298 3491 4353; x_wconf 87' lang='lat' dir='ltr'><strong>scribit:</strong></span> <span class='ocrx_word' id='word_1_660' title='bbox 3539 4317 3558 4348; x_wconf 79' lang='grc' dir='ltr'><strong>ι</strong></span> <span class='ocrx_word' id='word_1_661' title='bbox 3592 4297 3717 4352; x_wconf 85' lang='lat' dir='ltr'><strong>Noli</strong></span> 
     </span>
    </p>
   </div>
   <div class='ocr_carea' id='block_1_89' title="bbox 2123 4388 3718 4460">
    <p class='ocr_par' dir='ltr' id='par_1_89' title="bbox 2123 4388 3718 4460">
     <span class='ocr_line' id='line_1_89' title="bbox 2123 4388 3718 4460; baseline -0.001 -16"><span class='ocrx_word' id='word_1_662' title='bbox 2123 4390 2310 4460; x_wconf 86' lang='lat' dir='ltr'><strong>itaque</strong></span> <span class='ocrx_word' id='word_1_663' title='bbox 2349 4389 2686 4444; x_wconf 91' lang='lat' dir='ltr'><strong>erubescere</strong></span> <span class='ocrx_word' id='word_1_664' title='bbox 2726 4388 3110 4444; x_wconf 90' lang='lat' dir='ltr'><strong>testimonium</strong></span> <span class='ocrx_word' id='word_1_665' title='bbox 3144 4388 3364 4443; x_wconf 88' lang='lat' dir='ltr'><strong>Domini</strong></span> <span class='ocrx_word' id='word_1_666' title='bbox 3390 4388 3588 4453; x_wconf 88' lang='lat' dir='ltr'><strong>nostri,</strong></span> <span class='ocrx_word' id='word_1_667' title='bbox 3616 4404 3718 4443; x_wconf 86' lang='lat' dir='ltr'><strong>ne-</strong></span> 
     </span>
    </p>
   </div>
   <div class='ocr_carea' id='block_1_90' title="bbox 2121 4479 3720 4553">
    <p class='ocr_par' dir='ltr' id='par_1_90' title="bbox 2121 4479 3720 4553">
     <span class='ocr_line' id='line_1_90' title="bbox 2121 4479 3720 4553; baseline -0.001 -16"><span class='ocrx_word' id='word_1_668' title='bbox 2121 4497 2230 4553; x_wconf 92' lang='lat' dir='ltr'><strong>que</strong></span> <span class='ocrx_word' id='word_1_669' title='bbox 2271 4496 2357 4536; x_wconf 92' lang='lat' dir='ltr'><strong>me</strong></span> <span class='ocrx_word' id='word_1_670' title='bbox 2402 4481 2651 4537; x_wconf 88' lang='lat' dir='ltr'><strong>vinctum</strong></span> <span class='ocrx_word' id='word_1_671' title='bbox 2713 4481 2866 4536; x_wconf 91' lang='lat' dir='ltr'><strong>illius</strong></span> <span class='ocrx_word' id='word_1_672' title='bbox 2903 4498 2918 4534; x_wconf 84' lang='lat'><strong>:</strong></span> <span class='ocrx_word' id='word_1_673' title='bbox 2960 4479 3057 4535; x_wconf 91' lang='lat' dir='ltr'><strong>sed</strong></span> <span class='ocrx_word' id='word_1_674' title='bbox 3097 4479 3373 4535; x_wconf 89' lang='lat' dir='ltr'><strong>collabora</strong></span> <span class='ocrx_word' id='word_1_675' title='bbox 3421 4479 3720 4550; x_wconf 86' lang='lat' dir='ltr'><strong>Evangelio</strong></span> 
     </span>
    </p>
   </div>
   <div class='ocr_carea' id='block_1_91' title="bbox 2117 4569 3720 4644">
    <p class='ocr_par' dir='ltr' id='par_1_91' title="bbox 2117 4569 3720 4644">
     <span class='ocr_line' id='line_1_91' title="bbox 2117 4569 3720 4644; baseline -0.001 -16"><span class='ocrx_word' id='word_1_676' title='bbox 2117 4575 2273 4644; x_wconf 80' lang='lat' dir='ltr'><strong>juxta</strong></span> <span class='ocrx_word' id='word_1_677' title='bbox 2299 4573 2603 4644; x_wconf 89' lang='lat' dir='ltr'><strong>potentiam</strong></span> <span class='ocrx_word' id='word_1_678' title='bbox 2639 4571 2773 4637; x_wconf 90' lang='lat' dir='ltr'><strong>Dei,</strong></span> <span class='ocrx_word' id='word_1_679' title='bbox 2829 4570 2925 4641; x_wconf 89' lang='lat' dir='ltr'><strong>qui</strong></span> <span class='ocrx_word' id='word_1_680' title='bbox 2956 4585 3070 4629; x_wconf 73' lang='lat' dir='ltr'><strong>nos,</strong></span> <span class='ocrx_word' id='word_1_681' title='bbox 3089 4569 3372 4634; x_wconf 84' lang='lat' dir='ltr'><strong>liberavit,</strong></span> <span class='ocrx_word' id='word_1_682' title='bbox 3408 4576 3466 4624; x_wconf 90' lang='lat' dir='ltr'><strong>et</strong></span> <span class='ocrx_word' id='word_1_683' title='bbox 3503 4569 3720 4626; x_wconf 89' lang='lat' dir='ltr'><strong>vocavit</strong></span> 
     </span>
    </p>
   </div>
   <div class='ocr_carea' id='block_1_92' title="bbox 399 4639 2026 4736">
    <p class='ocr_par' dir='ltr' id='par_1_92' title="bbox 399 4639 2013 4736">
     <span class='ocr_line' id='line_1_92' title="bbox 399 4639 2013 4736; baseline -0.003 -14"><span class='ocrx_word' id='word_1_684' title='bbox 399 4668 506 4722; x_wconf 70' lang='grc' dir='ltr'>καὶ</span> <span class='ocrx_word' id='word_1_685' title='bbox 531 4639 872 4728; x_wconf 78' lang='grc' dir='ltr'>καλέσαντος</span> <span class='ocrx_word' id='word_1_686' title='bbox 904 4639 1107 4735; x_wconf 80' lang='grc' dir='ltr'>κλήσει</span> <span class='ocrx_word' id='word_1_687' title='bbox 1126 4664 1279 4736; x_wconf 68' lang='grc' dir='ltr'>ἁγίᾳ,</span> <span class='ocrx_word' id='word_1_688' title='bbox 1307 4665 1370 4718; x_wconf 83' lang='grc' dir='ltr'><strong>οὐ</strong></span> <span class='ocrx_word' id='word_1_689' title='bbox 1398 4663 1545 4718; x_wconf 81' lang='grc' dir='ltr'>κατὰ</span> <span class='ocrx_word' id='word_1_690' title='bbox 1569 4663 1641 4717; x_wconf 90' lang='grc' dir='ltr'><strong>τά</strong></span> <span class='ocrx_word' id='word_1_691' title='bbox 1666 4663 1805 4735; x_wconf 80' lang='grc' dir='ltr'>ἔργα</span> <span class='ocrx_word' id='word_1_692' title='bbox 1831 4639 2013 4736; x_wconf 75' lang='grc' dir='ltr'>ἡμῶν,</span> 
     </span>
    </p>
   </div>
   <div class='ocr_carea' id='block_1_93' title="bbox 2128 4639 3715 4736">
    <p class='ocr_par' dir='ltr' id='par_1_93' title="bbox 2128 4662 3715 4732">
     <span class='ocr_line' id='line_1_93' title="bbox 2128 4662 3715 4732; baseline -0.003 -12"><span class='ocrx_word' id='word_1_693' title='bbox 2128 4666 2407 4720; x_wconf 83' lang='lat' dir='ltr'><strong>vocatione</strong></span> <span class='ocrx_word' id='word_1_694' title='bbox 2455 4679 2554 4719; x_wconf 87' lang='lat' dir='ltr'><strong>sua</strong></span> <span class='ocrx_word' id='word_1_695' title='bbox 2587 4673 2796 4729; x_wconf 87' lang='lat' dir='ltr'><strong>sancta,</strong></span> <span class='ocrx_word' id='word_1_696' title='bbox 2832 4678 2941 4718; x_wconf 88' lang='lat' dir='ltr'><strong>non</strong></span> <span class='ocrx_word' id='word_1_697' title='bbox 2982 4662 3289 4717; x_wconf 90' lang='lat' dir='ltr'><strong>secundum</strong></span> <span class='ocrx_word' id='word_1_698' title='bbox 3312 4676 3482 4732; x_wconf 84' lang='lat' dir='ltr'><strong>opera</strong></span> <span class='ocrx_word' id='word_1_699' title='bbox 3504 4672 3715 4729; x_wconf 84' lang='lat' dir='ltr'><strong>nostra,</strong></span> 
     </span>
    </p>
   </div>
   <div class='ocr_carea' id='block_1_94' title="bbox 398 4756 2015 4829">
    <p class='ocr_par' dir='ltr' id='par_1_94' title="bbox 398 4756 2015 4829">
     <span class='ocr_line' id='line_1_94' title="bbox 398 4756 2015 4829; baseline -0.002 -15"><span class='ocrx_word' id='word_1_700' title='bbox 398 4760 551 4814; x_wconf 83' lang='grc' dir='ltr'><strong>ἀλλά</strong></span> <span class='ocrx_word' id='word_1_701' title='bbox 577 4757 725 4812; x_wconf 62' lang='grc' dir='ltr'><strong>κιτᾶ</strong></span> <span class='ocrx_word' id='word_1_702' title='bbox 751 4758 887 4811; x_wconf 72' lang='grc' dir='ltr'>ἰδίαν</span> <span class='ocrx_word' id='word_1_703' title='bbox 908 4757 1171 4828; x_wconf 84' lang='grc' dir='ltr'>πρόθεσιν</span> <span class='ocrx_word' id='word_1_704' title='bbox 1197 4758 1288 4811; x_wconf 78' lang='grc' dir='ltr'>καὶ</span> <span class='ocrx_word' id='word_1_705' title='bbox 1307 4757 1471 4829; x_wconf 84' lang='grc' dir='ltr'>χάριν</span> <span class='ocrx_word' id='word_1_706' title='bbox 1492 4757 1592 4829; x_wconf 82' lang='grc' dir='ltr'><strong>τὴν</strong></span> <span class='ocrx_word' id='word_1_707' title='bbox 1612 4756 1857 4813; x_wconf 83' lang='grc' dir='ltr'>δοθεῖσαν</span> <span class='ocrx_word' id='word_1_708' title='bbox 1881 4759 2015 4828; x_wconf 76' lang='grc' dir='ltr'>ἡμῖν</span> 
     </span>
    </p>
   </div>
   <div class='ocr_carea' id='block_1_95' title="bbox 398 4849 2013 4925">
    <p class='ocr_par' dir='ltr' id='par_1_95' title="bbox 398 4849 2013 4925">
     <span class='ocr_line' id='line_1_95' title="bbox 398 4849 2013 4925; baseline -0.002 -19"><span class='ocrx_word' id='word_1_709' title='bbox 398 4856 470 4906; x_wconf 66' lang='grc' dir='ltr'><strong>ἰν</strong></span> <span class='ocrx_word' id='word_1_710' title='bbox 496 4850 726 4925; x_wconf 81' lang='grc' dir='ltr'>Χριστῷ</span> <span class='ocrx_word' id='word_1_711' title='bbox 759 4849 936 4922; x_wconf 87' lang='grc' dir='ltr'>Ἰησοῦ</span> <span class='ocrx_word' id='word_1_712' title='bbox 954 4849 1063 4922; x_wconf 86' lang='grc' dir='ltr'><strong>πρὸ</strong></span> <span class='ocrx_word' id='word_1_713' title='bbox 1090 4850 1302 4921; x_wconf 87' lang='grc' dir='ltr'>χρόνων</span> <span class='ocrx_word' id='word_1_714' title='bbox 1323 4851 1581 4918; x_wconf 84' lang='grc' dir='ltr'>αἰωνίων,</span> <span class='ocrx_word' id='word_1_715' title='bbox 1608 4851 2013 4923; x_wconf 83' lang='grc' dir='ltr'>φανερωθεῖσαν</span> 
     </span>
    </p>
   </div>
   <div class='ocr_carea' id='block_1_96' title="bbox 396 4940 2012 5014">
    <p class='ocr_par' dir='ltr' id='par_1_96' title="bbox 396 4940 2012 5014">
     <span class='ocr_line' id='line_1_96' title="bbox 396 4940 2012 5014; baseline -0.004 -15"><span class='ocrx_word' id='word_1_716' title='bbox 396 4946 467 5000; x_wconf 79' lang='grc' dir='ltr'>δὲ</span> <span class='ocrx_word' id='word_1_717' title='bbox 504 4944 599 4997; x_wconf 79' lang='grc' dir='ltr'><strong>ἐπ’</strong></span> <span class='ocrx_word' id='word_1_718' title='bbox 633 4943 885 5014; x_wconf 77' lang='grc' dir='ltr'>ἐσχάτων</span> <span class='ocrx_word' id='word_1_719' title='bbox 914 4941 1024 4995; x_wconf 88' lang='grc' dir='ltr'><strong>τῶν</strong></span> <span class='ocrx_word' id='word_1_720' title='bbox 1053 4943 1263 5012; x_wconf 89' lang='grc' dir='ltr'>χρόνων</span> <span class='ocrx_word' id='word_1_721' title='bbox 1304 4941 1394 4994; x_wconf 73' lang='grc' dir='ltr'>διὰ</span> <span class='ocrx_word' id='word_1_722' title='bbox 1424 4942 1521 5011; x_wconf 86' lang='grc' dir='ltr'><strong>τῆς</strong></span> <span class='ocrx_word' id='word_1_723' title='bbox 1567 4942 1889 5011; x_wconf 78' lang='grc' dir='ltr'>ἐπιφανείας</span> <span class='ocrx_word' id='word_1_724' title='bbox 1916 4940 2012 4994; x_wconf 89' lang='grc' dir='ltr'><strong>τοῦ</strong></span> 
     </span>
    </p>
   </div>
   <div class='ocr_carea' id='block_1_97' title="bbox 398 5028 2014 5108">
    <p class='ocr_par' dir='ltr' id='par_1_97' title="bbox 398 5028 2014 5108">
     <span class='ocr_line' id='line_1_97' title="bbox 398 5028 2014 5108; baseline -0.004 -16"><span class='ocrx_word' id='word_1_725' title='bbox 398 5037 670 5107; x_wconf 80' lang='grc' dir='ltr'>Σωτῆρος</span> <span class='ocrx_word' id='word_1_726' title='bbox 714 5033 874 5106; x_wconf 80' lang='grc' dir='ltr'>ἡμῶν</span> <span class='ocrx_word' id='word_1_727' title='bbox 934 5034 1112 5104; x_wconf 81' lang='grc' dir='ltr'>Ἰησοῦ</span> <span class='ocrx_word' id='word_1_728' title='bbox 1146 5033 1412 5105; x_wconf 88' lang='grc' dir='ltr'>Χριστοῦ.</span> <span class='ocrx_word' id='word_1_729' title='bbox 1454 5052 1472 5085; x_wconf 70' lang='grc' dir='ltr'><strong>ι</strong></span> <span class='ocrx_word' id='word_1_730' title='bbox 1523 5033 1761 5104; x_wconf 83' lang='grc' dir='ltr'>Ἐτέροις</span> <span class='ocrx_word' id='word_1_731' title='bbox 1806 5033 1864 5086; x_wconf 81' lang='grc' dir='ltr'>δὲ</span> <span class='ocrx_word' id='word_1_732' title='bbox 1901 5028 2014 5108; x_wconf 36' lang='grc' dir='ltr'>αὖοι</span> 
     </span>
    </p>
   </div>
   <div class='ocr_carea' id='block_1_98' title="bbox 405 5125 2015 5199">
    <p class='ocr_par' dir='ltr' id='par_1_98' title="bbox 405 5125 2015 5199">
     <span class='ocr_line' id='line_1_98' title="bbox 405 5125 2015 5199; baseline -0.003 -17"><span class='ocrx_word' id='word_1_733' title='bbox 405 5146 427 5182; x_wconf 78' lang='grc' dir='ltr'><strong>ι</strong></span> <span class='ocrx_word' id='word_1_734' title='bbox 458 5128 726 5199; x_wconf 76' lang='grc' dir='ltr'>Οἴδαμεν.</span> <span class='ocrx_word' id='word_1_735' title='bbox 751 5128 837 5180; x_wconf 81' lang='grc' dir='ltr'>ὅτι</span> <span class='ocrx_word' id='word_1_736' title='bbox 856 5129 974 5190; x_wconf 88' lang='grc' dir='ltr'>τοῖς</span> <span class='ocrx_word' id='word_1_737' title='bbox 995 5125 1254 5195; x_wconf 86' lang='grc' dir='ltr'>ἀγαπῶσι</span> <span class='ocrx_word' id='word_1_738' title='bbox 1275 5125 1365 5179; x_wconf 85' lang='grc' dir='ltr'><strong>τὸν</strong></span> <span class='ocrx_word' id='word_1_739' title='bbox 1387 5125 1521 5178; x_wconf 83' lang='grc' dir='ltr'><strong>Θεὸν</strong></span> <span class='ocrx_word' id='word_1_740' title='bbox 1551 5125 1733 5179; x_wconf 78' lang='grc' dir='ltr'>πάντα</span> <span class='ocrx_word' id='word_1_741' title='bbox 1758 5126 2015 5197; x_wconf 79' lang='grc' dir='ltr'>συνεργεῖ</span> 
     </span>
    </p>
   </div>
   <div class='ocr_carea' id='block_1_99' title="bbox 397 5214 2012 5289">
    <p class='ocr_par' dir='ltr' id='par_1_99' title="bbox 397 5214 2012 5289">
     <span class='ocr_line' id='line_1_99' title="bbox 397 5214 2012 5289; baseline -0.004 -12"><span class='ocrx_word' id='word_1_742' title='bbox 397 5225 490 5287; x_wconf 78' lang='grc' dir='ltr'>εἰς</span> <span class='ocrx_word' id='word_1_743' title='bbox 530 5220 773 5289; x_wconf 84' lang='grc' dir='ltr'>ἀγαθὸν,</span> <span class='ocrx_word' id='word_1_744' title='bbox 803 5221 919 5283; x_wconf 88' lang='grc' dir='ltr'>τοῖς</span> <span class='ocrx_word' id='word_1_745' title='bbox 948 5217 1095 5272; x_wconf 89' lang='grc' dir='ltr'><strong>κατά</strong></span> <span class='ocrx_word' id='word_1_746' title='bbox 1124 5218 1387 5288; x_wconf 89' lang='grc' dir='ltr'>πρόθεσιν</span> <span class='ocrx_word' id='word_1_747' title='bbox 1421 5218 1638 5288; x_wconf 83' lang='grc' dir='ltr'>κλητοῖς</span> <span class='ocrx_word' id='word_1_748' title='bbox 1673 5214 1844 5271; x_wconf 79' lang='grc' dir='ltr'>οὖσιν.</span> <span class='ocrx_word' id='word_1_749' title='bbox 1891 5218 2012 5271; x_wconf 87' lang='grc' dir='ltr'>Ὅτι</span> 
     </span>
    </p>
   </div>
   <div class='ocr_carea' id='block_1_100' title="bbox 395 5308 2013 5382">
    <p class='ocr_par' dir='ltr' id='par_1_100' title="bbox 395 5308 2013 5382">
     <span class='ocr_line' id='line_1_100' title="bbox 395 5308 2013 5382; baseline -0.003 -14"><span class='ocrx_word' id='word_1_750' title='bbox 395 5314 503 5376; x_wconf 81' lang='grc' dir='ltr'><strong>οὓς</strong></span> <span class='ocrx_word' id='word_1_751' title='bbox 530 5312 810 5382; x_wconf 79' lang='grc' dir='ltr'>προέγνω,</span> <span class='ocrx_word' id='word_1_752' title='bbox 841 5312 940 5364; x_wconf 79' lang='grc' dir='ltr'>καὶ</span> <span class='ocrx_word' id='word_1_753' title='bbox 967 5308 1246 5380; x_wconf 87' lang='grc' dir='ltr'>προώρισε</span> <span class='ocrx_word' id='word_1_754' title='bbox 1280 5309 1642 5380; x_wconf 81' lang='grc' dir='ltr'>συμμόρφους</span> <span class='ocrx_word' id='word_1_755' title='bbox 1671 5312 1772 5380; x_wconf 80' lang='grc' dir='ltr'>τῆς</span> <span class='ocrx_word' id='word_1_756' title='bbox 1804 5310 2013 5373; x_wconf 77' lang='grc' dir='ltr'>εἰκόνος</span> 
     </span>
    </p>
   </div>
   <div class='ocr_carea' id='block_1_101' title="bbox 394 5397 2010 5474">
    <p class='ocr_par' dir='ltr' id='par_1_101' title="bbox 394 5397 2010 5474">
     <span class='ocr_line' id='line_1_101' title="bbox 394 5397 2010 5474; baseline -0.004 -14"><span class='ocrx_word' id='word_1_757' title='bbox 394 5404 505 5460; x_wconf 77' lang='grc' dir='ltr'><strong>τοῦ</strong></span> <span class='ocrx_word' id='word_1_758' title='bbox 545 5404 680 5459; x_wconf 87' lang='grc' dir='ltr'>Υἰοῦ</span> <span class='ocrx_word' id='word_1_759' title='bbox 732 5403 936 5468; x_wconf 79' lang='grc' dir='ltr'>αὐτοῦ,</span> <span class='ocrx_word' id='word_1_760' title='bbox 968 5404 1051 5466; x_wconf 86' lang='grc' dir='ltr'><strong>είς</strong></span> <span class='ocrx_word' id='word_1_761' title='bbox 1092 5403 1154 5454; x_wconf 81' lang='grc' dir='ltr'>τὸ</span> <span class='ocrx_word' id='word_1_762' title='bbox 1192 5397 1336 5456; x_wconf 78' lang='grc' dir='ltr'>εἶναι</span> <span class='ocrx_word' id='word_1_763' title='bbox 1366 5401 1532 5455; x_wconf 82' lang='grc' dir='ltr'>αὐτὸν</span> <span class='ocrx_word' id='word_1_764' title='bbox 1574 5401 1919 5474; x_wconf 88' lang='grc' dir='ltr'>πρωτότοκον</span> <span class='ocrx_word' id='word_1_765' title='bbox 1952 5403 2010 5454; x_wconf 83' lang='grc' dir='ltr'>ὲν</span> 
     </span>
    </p>
   </div>
   <div class='ocr_carea' id='block_1_102' title="bbox 395 5492 2008 5568">
    <p class='ocr_par' dir='ltr' id='par_1_102' title="bbox 395 5492 2008 5568">
     <span class='ocr_line' id='line_1_102' title="bbox 395 5492 2008 5568; baseline -0.003 -14"><span class='ocrx_word' id='word_1_766' title='bbox 395 5498 629 5562; x_wconf 71' lang='grc' dir='ltr'>πολλοῖς</span> <span class='ocrx_word' id='word_1_767' title='bbox 684 5497 958 5566; x_wconf 80' lang='grc' dir='ltr'>ἀδελφοῖς.</span> <span class='ocrx_word' id='word_1_768' title='bbox 1011 5494 1122 5560; x_wconf 81' lang='grc' dir='ltr'><strong>Οὓς</strong></span> <span class='ocrx_word' id='word_1_769' title='bbox 1173 5497 1247 5551; x_wconf 62' lang='grc' dir='ltr'><strong>δὲ’</strong></span> <span class='ocrx_word' id='word_1_770' title='bbox 1286 5495 1594 5568; x_wconf 84' lang='grc' dir='ltr'>προώρισε,</span> <span class='ocrx_word' id='word_1_771' title='bbox 1646 5492 1870 5559; x_wconf 79' lang='grc' dir='ltr'>τούτους</span> <span class='ocrx_word' id='word_1_772' title='bbox 1916 5494 2008 5549; x_wconf 87' lang='grc' dir='ltr'><strong>καὶ</strong></span> 
     </span>
    </p>
   </div>
   <div class='ocr_carea' id='block_1_103' title="bbox 397 5588 2004 5655">
    <p class='ocr_par' dir='ltr' id='par_1_103' title="bbox 397 5588 2004 5655">
     <span class='ocr_line' id='line_1_103' title="bbox 397 5588 2004 5655; baseline -0.003 -9"><span class='ocrx_word' id='word_1_773' title='bbox 397 5591 639 5646; x_wconf 66' lang='grc' dir='ltr'>ἐκάλεσε</span> <span class='ocrx_word' id='word_1_774' title='bbox 661 5603 675 5618; x_wconf 79' lang='grc'><strong>⁸</strong></span> <span class='ocrx_word' id='word_1_775' title='bbox 710 5591 803 5643; x_wconf 77' lang='grc' dir='ltr'>καὶ</span> <span class='ocrx_word' id='word_1_776' title='bbox 843 5589 941 5654; x_wconf 85' lang='grc' dir='ltr'><strong>οὓς</strong></span> <span class='ocrx_word' id='word_1_777' title='bbox 971 5590 1199 5643; x_wconf 78' lang='grc' dir='ltr'>ἐκάλεσε</span> <span class='ocrx_word' id='word_1_778' title='bbox 1221 5634 1234 5655; x_wconf 90' lang='grc'><strong>,</strong></span> <span class='ocrx_word' id='word_1_779' title='bbox 1273 5590 1496 5651; x_wconf 79' lang='grc' dir='ltr'>τούτους</span> <span class='ocrx_word' id='word_1_780' title='bbox 1537 5590 1632 5642; x_wconf 76' lang='grc' dir='ltr'>καὶ</span> <span class='ocrx_word' id='word_1_781' title='bbox 1667 5588 2004 5642; x_wconf 77' lang='grc' dir='ltr'>ἐδικαίωσεν.</span> 
     </span>
    </p>
   </div>
   <div class='ocr_carea' id='block_1_104' title="bbox 397 5680 2008 5751">
    <p class='ocr_par' dir='ltr' id='par_1_104' title="bbox 397 5680 2008 5751">
     <span class='ocr_line' id='line_1_104' title="bbox 397 5680 2008 5751; baseline -0.005 -10"><span class='ocrx_word' id='word_1_782' title='bbox 397 5683 516 5749; x_wconf 73' lang='grc' dir='ltr'><strong>οὓς</strong></span> <span class='ocrx_word' id='word_1_783' title='bbox 542 5683 607 5738; x_wconf 77' lang='grc' dir='ltr'>δὲ</span> <span class='ocrx_word' id='word_1_784' title='bbox 634 5682 952 5751; x_wconf 73' lang='grc' dir='ltr'>ἐδικαίωσε,</span> <span class='ocrx_word' id='word_1_785' title='bbox 981 5682 1207 5746; x_wconf 83' lang='grc' dir='ltr'>τούτους</span> <span class='ocrx_word' id='word_1_786' title='bbox 1242 5682 1338 5736; x_wconf 70' lang='grc' dir='ltr'>καὶ</span> <span class='ocrx_word' id='word_1_787' title='bbox 1383 5681 1653 5747; x_wconf 74' lang='grc' dir='ltr'>ἐδόξασεν.</span> <span class='ocrx_word' id='word_1_788' title='bbox 1695 5700 1712 5733; x_wconf 76' lang='grc' dir='ltr'><strong>ι</strong></span> <span class='ocrx_word' id='word_1_789' title='bbox 1766 5680 2008 5746; x_wconf 70' lang='grc' dir='ltr'>Ἀκούεις</span> 
     </span>
    </p>
   </div>
   <div class='ocr_carea' id='block_1_105' title="bbox 483 5858 1550 5935">
    <p class='ocr_par' dir='ltr' id='par_1_105' title="bbox 483 5858 1550 5935">
     <span class='ocr_line' id='line_1_105' title="bbox 483 5858 1550 5935; baseline -0.012 -10"><span class='ocrx_word' id='word_1_790' title='bbox 483 5863 720 5924; x_wconf 69' lang='lat' dir='ltr'><strong>“Prov.</strong></span> <span class='ocrx_word' id='word_1_791' title='bbox 747 5879 786 5935; x_wconf 87' lang='grc' dir='ltr'><strong>ι,</strong></span> <span class='ocrx_word' id='word_1_792' title='bbox 819 5862 913 5919; x_wconf 76' lang='grc'><strong>51.</strong></span> <span class='ocrx_word' id='word_1_793' title='bbox 994 5861 1041 5893; x_wconf 64' lang='grc'><strong>’³</strong></span> <span class='ocrx_word' id='word_1_794' title='bbox 1067 5860 1111 5917; x_wconf 90' lang='lat' dir='ltr'><strong>ll</strong></span> <span class='ocrx_word' id='word_1_795' title='bbox 1141 5859 1282 5916; x_wconf 90' lang='lat' dir='ltr'><strong>Tim.</strong></span> <span class='ocrx_word' id='word_1_796' title='bbox 1325 5876 1364 5928; x_wconf 86' lang='grc' dir='ltr'><strong>ι,</strong></span> <span class='ocrx_word' id='word_1_797' title='bbox 1402 5858 1550 5914; x_wconf 82' lang='grc'><strong>8-10.</strong></span> 
     </span>
    </p>
   </div>
   <div class='ocr_carea' id='block_1_106' title="bbox 952 5955 1016 5966">
    <p class='ocr_par' dir='ltr' id='par_1_106' title="bbox 952 5955 1016 5966">
     <span class='ocr_line' id='line_1_106' title="bbox 952 5955 1016 5966; baseline 0 -1"><span class='ocrx_word' id='word_1_798' title='bbox 952 5955 1016 5966; x_wconf 59' lang='grc' dir='ltr'><strong>..σε</strong></span> 
     </span>
    </p>
   </div>
   <div class='ocr_carea' id='block_1_107' title="bbox 2120 4753 3715 4827">
    <p class='ocr_par' dir='ltr' id='par_1_107' title="bbox 2120 4753 3715 4827">
     <span class='ocr_line' id='line_1_107' title="bbox 2120 4753 3715 4827; baseline -0.004 -14"><span class='ocrx_word' id='word_1_799' title='bbox 2120 4758 2217 4813; x_wconf 90' lang='lat' dir='ltr'><strong>sed</strong></span> <span class='ocrx_word' id='word_1_800' title='bbox 2250 4755 2558 4813; x_wconf 87' lang='lat' dir='ltr'><strong>secundum</strong></span> <span class='ocrx_word' id='word_1_801' title='bbox 2589 4755 2936 4827; x_wconf 86' lang='lat' dir='ltr'><strong>propositum</strong></span> <span class='ocrx_word' id='word_1_802' title='bbox 2976 4754 3080 4823; x_wconf 82' lang='grc' dir='ltr'><strong>ιο</strong></span> <span class='ocrx_word' id='word_1_803' title='bbox 3121 4768 3308 4818; x_wconf 85' lang='lat' dir='ltr'><strong>suum,</strong></span> <span class='ocrx_word' id='word_1_804' title='bbox 3354 4762 3412 4808; x_wconf 90' lang='lat' dir='ltr'><strong>et</strong></span> <span class='ocrx_word' id='word_1_805' title='bbox 3458 4753 3715 4823; x_wconf 84' lang='lat' dir='ltr'><strong>gratiam,</strong></span> 
     </span>
    </p>
   </div>
   <div class='ocr_carea' id='block_1_108' title="bbox 2119 4840 3718 4918">
    <p class='ocr_par' dir='ltr' id='par_1_108' title="bbox 2119 4840 3718 4918">
     <span class='ocr_line' id='line_1_108' title="bbox 2119 4840 3718 4918; baseline -0.005 -15"><span class='ocrx_word' id='word_1_806' title='bbox 2119 4863 2244 4918; x_wconf 82' lang='lat' dir='ltr'><strong>quae</strong></span> <span class='ocrx_word' id='word_1_807' title='bbox 2283 4840 2412 4902; x_wconf 88' lang='lat' dir='ltr'><strong>data</strong></span> <span class='ocrx_word' id='word_1_808' title='bbox 2456 4853 2542 4901; x_wconf 88' lang='lat' dir='ltr'><strong>est</strong></span> <span class='ocrx_word' id='word_1_809' title='bbox 2580 4845 2746 4900; x_wconf 87' lang='lat' dir='ltr'><strong>nobis</strong></span> <span class='ocrx_word' id='word_1_810' title='bbox 2783 4845 2840 4899; x_wconf 88' lang='lat' dir='ltr'><strong>in</strong></span> <span class='ocrx_word' id='word_1_811' title='bbox 2892 4843 3116 4899; x_wconf 86' lang='lat' dir='ltr'><strong>Christo</strong></span> <span class='ocrx_word' id='word_1_812' title='bbox 3139 4842 3267 4899; x_wconf 84' lang='lat' dir='ltr'><strong>Jesu</strong></span> <span class='ocrx_word' id='word_1_813' title='bbox 3311 4851 3439 4897; x_wconf 85' lang='lat' dir='ltr'><strong>ante</strong></span> <span class='ocrx_word' id='word_1_814' title='bbox 3466 4851 3718 4912; x_wconf 86' lang='lat' dir='ltr'><strong>tempora</strong></span> 
     </span>
    </p>
   </div>
   <div class='ocr_carea' id='block_1_109' title="bbox 2120 4934 3716 5002">
    <p class='ocr_par' dir='ltr' id='par_1_109' title="bbox 2120 4934 3716 5002">
     <span class='ocr_line' id='line_1_109' title="bbox 2120 4934 3716 5002; baseline -0.003 -9"><span class='ocrx_word' id='word_1_815' title='bbox 2120 4938 2426 5002; x_wconf 64' lang='lat' dir='ltr'><strong>secularia,</strong></span> <span class='ocrx_word' id='word_1_816' title='bbox 2475 4936 2827 4991; x_wconf 88' lang='lat' dir='ltr'><strong>manifestata</strong></span> <span class='ocrx_word' id='word_1_817' title='bbox 2877 4944 2963 4990; x_wconf 88' lang='lat' dir='ltr'><strong>est</strong></span> <span class='ocrx_word' id='word_1_818' title='bbox 3006 4944 3191 4991; x_wconf 89' lang='lat' dir='ltr'><strong>autem</strong></span> <span class='ocrx_word' id='word_1_819' title='bbox 3242 4950 3393 4990; x_wconf 88' lang='lat' dir='ltr'><strong>nunc</strong></span> <span class='ocrx_word' id='word_1_820' title='bbox 3421 4935 3478 4989; x_wconf 91' lang='lat' dir='ltr'><strong>in</strong></span> <span class='ocrx_word' id='word_1_821' title='bbox 3506 4934 3716 4990; x_wconf 87' lang='lat' dir='ltr'><strong>ultimis</strong></span> 
     </span>
    </p>
   </div>
   <div class='ocr_carea' id='block_1_110' title="bbox 2120 5027 3712 5102">
    <p class='ocr_par' dir='ltr' id='par_1_110' title="bbox 2120 5027 3712 5102">
     <span class='ocr_line' id='line_1_110' title="bbox 2120 5027 3712 5102; baseline -0.002 -16"><span class='ocrx_word' id='word_1_822' title='bbox 2120 5032 2464 5102; x_wconf 85' lang='lat' dir='ltr'><strong>temporibus</strong></span> <span class='ocrx_word' id='word_1_823' title='bbox 2519 5047 2621 5101; x_wconf 89' lang='lat' dir='ltr'><strong>per</strong></span> <span class='ocrx_word' id='word_1_824' title='bbox 2666 5029 3131 5085; x_wconf 88' lang='lat' dir='ltr'><strong>illuminationem</strong></span> <span class='ocrx_word' id='word_1_825' title='bbox 3183 5027 3484 5084; x_wconf 86' lang='lat' dir='ltr'><strong>Salvatoris</strong></span> <span class='ocrx_word' id='word_1_826' title='bbox 3534 5028 3712 5083; x_wconf 90' lang='lat' dir='ltr'><strong>nostri</strong></span> 
     </span>
    </p>
   </div>
   <div class='ocr_carea' id='block_1_111' title="bbox 2118 5117 3710 5189">
    <p class='ocr_par' dir='ltr' id='par_1_111' title="bbox 2118 5117 3710 5189">
     <span class='ocr_line' id='line_1_111' title="bbox 2118 5117 3710 5189; baseline -0.004 -9"><span class='ocrx_word' id='word_1_827' title='bbox 2118 5125 2250 5180; x_wconf 79' lang='lat' dir='ltr'><strong>Jesu</strong></span> <span class='ocrx_word' id='word_1_828' title='bbox 2267 5123 2554 5179; x_wconf 71' lang='lat' dir='ltr'><strong>Christi“.</strong></span> <span class='ocrx_word' id='word_1_829' title='bbox 2581 5143 2600 5174; x_wconf 74' lang='grc' dir='ltr'><strong>ι</strong></span> <span class='ocrx_word' id='word_1_830' title='bbox 2632 5122 2771 5177; x_wconf 85' lang='lat' dir='ltr'><strong>Aliis</strong></span> <span class='ocrx_word' id='word_1_831' title='bbox 2792 5128 2978 5175; x_wconf 89' lang='lat' dir='ltr'><strong>autem</strong></span> <span class='ocrx_word' id='word_1_832' title='bbox 3006 5134 3234 5174; x_wconf 89' lang='lat' dir='ltr'><strong>rursus:</strong></span> <span class='ocrx_word' id='word_1_833' title='bbox 3270 5138 3288 5170; x_wconf 84' lang='grc' dir='ltr'><strong>ι</strong></span> <span class='ocrx_word' id='word_1_834' title='bbox 3325 5117 3543 5174; x_wconf 90' lang='lat' dir='ltr'><strong>Scimus</strong></span> <span class='ocrx_word' id='word_1_835' title='bbox 3562 5118 3710 5189; x_wconf 91' lang='lat' dir='ltr'><strong>quod</strong></span> 
     </span>
    </p>
   </div>
   <div class='ocr_carea' id='block_1_112' title="bbox 2119 5211 3708 5287">
    <p class='ocr_par' dir='ltr' id='par_1_112' title="bbox 2119 5211 3708 5287">
     <span class='ocr_line' id='line_1_112' title="bbox 2119 5211 3708 5287; baseline -0.002 -18"><span class='ocrx_word' id='word_1_836' title='bbox 2119 5215 2484 5287; x_wconf 80' lang='lat' dir='ltr'><strong>diligentibus</strong></span> <span class='ocrx_word' id='word_1_837' title='bbox 2523 5215 2697 5269; x_wconf 91' lang='lat' dir='ltr'><strong>Deum</strong></span> <span class='ocrx_word' id='word_1_838' title='bbox 2741 5213 2928 5269; x_wconf 91' lang='lat' dir='ltr'><strong>omnia</strong></span> <span class='ocrx_word' id='word_1_839' title='bbox 2970 5220 3341 5283; x_wconf 88' lang='lat' dir='ltr'><strong>cooperantur</strong></span> <span class='ocrx_word' id='word_1_840' title='bbox 3369 5213 3423 5266; x_wconf 89' lang='lat' dir='ltr'><strong>in</strong></span> <span class='ocrx_word' id='word_1_841' title='bbox 3479 5211 3708 5275; x_wconf 89' lang='lat' dir='ltr'><strong>bonum,</strong></span> 
     </span>
    </p>
   </div>
   <div class='ocr_carea' id='block_1_113' title="bbox 2119 5304 3712 5378">
    <p class='ocr_par' dir='ltr' id='par_1_113' title="bbox 2119 5304 3712 5378">
     <span class='ocr_line' id='line_1_113' title="bbox 2119 5304 3712 5378; baseline -0.003 -16"><span class='ocrx_word' id='word_1_842' title='bbox 2119 5308 2208 5362; x_wconf 85' lang='lat' dir='ltr'><strong>his</strong></span> <span class='ocrx_word' id='word_1_843' title='bbox 2262 5308 2358 5378; x_wconf 89' lang='lat' dir='ltr'><strong>qui</strong></span> <span class='ocrx_word' id='word_1_844' title='bbox 2395 5308 2550 5378; x_wconf 79' lang='lat' dir='ltr'><strong>juxta</strong></span> <span class='ocrx_word' id='word_1_845' title='bbox 2579 5305 2927 5376; x_wconf 85' lang='lat' dir='ltr'><strong>propositum</strong></span> <span class='ocrx_word' id='word_1_846' title='bbox 2959 5306 3140 5360; x_wconf 85' lang='lat' dir='ltr'><strong>vocati</strong></span> <span class='ocrx_word' id='word_1_847' title='bbox 3187 5314 3318 5360; x_wconf 87' lang='lat' dir='ltr'><strong>sunt</strong></span> <span class='ocrx_word' id='word_1_848' title='bbox 3349 5304 3547 5361; x_wconf 89' lang='lat' dir='ltr'><strong>sancti.</strong></span> <span class='ocrx_word' id='word_1_849' title='bbox 3572 5305 3712 5359; x_wconf 84' lang='lat' dir='ltr'><strong>Nam</strong></span> 
     </span>
    </p>
   </div>
   <div class='ocr_carea' id='block_1_114' title="bbox 2117 5398 3711 5469">
    <p class='ocr_par' dir='ltr' id='par_1_114' title="bbox 2117 5398 3711 5469">
     <span class='ocr_line' id='line_1_114' title="bbox 2117 5398 3711 5469; baseline -0.001 -15"><span class='ocrx_word' id='word_1_850' title='bbox 2117 5416 2257 5469; x_wconf 87' lang='lat' dir='ltr'><strong>quos</strong></span> <span class='ocrx_word' id='word_1_851' title='bbox 2289 5400 2586 5469; x_wconf 71' lang='lat' dir='ltr'><strong>praescivit,</strong></span> <span class='ocrx_word' id='word_1_852' title='bbox 2617 5398 2842 5455; x_wconf 86' lang='lat' dir='ltr'><strong>eosdem</strong></span> <span class='ocrx_word' id='word_1_853' title='bbox 2874 5406 2932 5453; x_wconf 92' lang='lat' dir='ltr'><strong>et</strong></span> <span class='ocrx_word' id='word_1_854' title='bbox 2953 5398 3366 5469; x_wconf 66' lang='lat' dir='ltr'><strong>praedestinavit</strong></span> <span class='ocrx_word' id='word_1_855' title='bbox 3395 5398 3711 5454; x_wconf 84' lang='lat' dir='ltr'><strong>conformes</strong></span> 
     </span>
    </p>
   </div>
   <div class='ocr_carea' id='block_1_115' title="bbox 2117 5489 3711 5564">
    <p class='ocr_par' dir='ltr' id='par_1_115' title="bbox 2117 5489 3711 5564">
     <span class='ocr_line' id='line_1_115' title="bbox 2117 5489 3711 5564; baseline -0.003 -18"><span class='ocrx_word' id='word_1_856' title='bbox 2117 5492 2237 5548; x_wconf 83' lang='lat' dir='ltr'><strong>ﬁeri</strong></span> <span class='ocrx_word' id='word_1_857' title='bbox 2271 5491 2527 5563; x_wconf 84' lang='lat' dir='ltr'><strong>imaginis</strong></span> <span class='ocrx_word' id='word_1_858' title='bbox 2557 5491 2680 5546; x_wconf 88' lang='lat' dir='ltr'><strong>Filii</strong></span> <span class='ocrx_word' id='word_1_859' title='bbox 2712 5492 2820 5557; x_wconf 88' lang='lat' dir='ltr'><strong>sui,</strong></span> <span class='ocrx_word' id='word_1_860' title='bbox 2861 5500 2923 5547; x_wconf 89' lang='lat' dir='ltr'><strong>ut</strong></span> <span class='ocrx_word' id='word_1_861' title='bbox 2950 5493 3067 5564; x_wconf 87' lang='lat' dir='ltr'><strong>ipse</strong></span> <span class='ocrx_word' id='word_1_862' title='bbox 3103 5493 3178 5547; x_wconf 88' lang='lat' dir='ltr'><strong>sit</strong></span> <span class='ocrx_word' id='word_1_863' title='bbox 3212 5489 3613 5562; x_wconf 88' lang='lat' dir='ltr'><strong>primogenitus</strong></span> <span class='ocrx_word' id='word_1_864' title='bbox 3650 5489 3711 5542; x_wconf 85' lang='lat' dir='ltr'><strong>in‘</strong></span> 
     </span>
    </p>
   </div>
   <div class='ocr_carea' id='block_1_116' title="bbox 2118 5581 3709 5656">
    <p class='ocr_par' dir='ltr' id='par_1_116' title="bbox 2118 5581 3709 5656">
     <span class='ocr_line' id='line_1_116' title="bbox 2118 5581 3709 5656; baseline -0.004 -16"><span class='ocrx_word' id='word_1_865' title='bbox 2118 5586 2306 5641; x_wconf 87' lang='lat' dir='ltr'><strong>multis</strong></span> <span class='ocrx_word' id='word_1_866' title='bbox 2324 5583 2609 5641; x_wconf 82' lang='lat' dir='ltr'><strong>fratribus.</strong></span> <span class='ocrx_word' id='word_1_867' title='bbox 2635 5585 2785 5651; x_wconf 86' lang='lat' dir='ltr'><strong>Quos</strong></span> <span class='ocrx_word' id='word_1_868' title='bbox 2809 5595 2995 5641; x_wconf 88' lang='lat' dir='ltr'><strong>autem</strong></span> <span class='ocrx_word' id='word_1_869' title='bbox 3026 5583 3456 5656; x_wconf 84' lang='lat' dir='ltr'><strong>praedestinavit,</strong></span> <span class='ocrx_word' id='word_1_870' title='bbox 3482 5581 3709 5636; x_wconf 83' lang='lat' dir='ltr'><strong>eosdem</strong></span> 
     </span>
    </p>
   </div>
   <div class='ocr_carea' id='block_1_117' title="bbox 2118 5671 3703 5751">
    <p class='ocr_par' dir='ltr' id='par_1_117' title="bbox 2118 5671 3703 5751">
     <span class='ocr_line' id='line_1_117' title="bbox 2118 5671 3703 5751; baseline -0.004 -17"><span class='ocrx_word' id='word_1_871' title='bbox 2118 5689 2172 5734; x_wconf 84' lang='lat' dir='ltr'><strong>et</strong></span> <span class='ocrx_word' id='word_1_872' title='bbox 2227 5680 2488 5746; x_wconf 82' lang='lat' dir='ltr'><strong>vocavit;</strong></span> <span class='ocrx_word' id='word_1_873' title='bbox 2532 5687 2589 5735; x_wconf 88' lang='lat' dir='ltr'><strong>et</strong></span> <span class='ocrx_word' id='word_1_874' title='bbox 2647 5687 2788 5751; x_wconf 74' lang='lat' dir='ltr'><strong>quas</strong></span> <span class='ocrx_word' id='word_1_875' title='bbox 2830 5679 3069 5745; x_wconf 83' lang='lat' dir='ltr'><strong>vocavit,</strong></span> <span class='ocrx_word' id='word_1_876' title='bbox 3123 5679 3225 5736; x_wconf 89' lang='lat' dir='ltr'><strong>hos</strong></span> <span class='ocrx_word' id='word_1_877' title='bbox 3260 5685 3315 5735; x_wconf 85' lang='lat' dir='ltr'><strong>et</strong></span> <span class='ocrx_word' id='word_1_878' title='bbox 3346 5671 3703 5747; x_wconf 80' lang='lat' dir='ltr'><strong>justiticavit;</strong></span> 
     </span>
    </p>
   </div>
  </div>
