4092 6464
439 399 508 455 27
1457 401 1513 456 S.
1556 400 1832 458 CYRILLI
1873 399 2345 457 ALEXANDle
2385 398 2708 456 ARCHIEP.
3629 389 3709 448 9.8

437 530 580 585 quos
619 522 805 569 autem
829 514 1172 587 justiﬂcavit,
1202 514 1306 573 hos
1325 526 1383 573 et
1408 518 1735 590 gloriﬁcavit
1761 520 1827 573 ".
1860 539 1878 571 ι
1910 519 2020 574 Au-

2126 519 2268 583 όπως
2294 517 2541 573 δεδόσθαι
2562 516 2697 587 φησί⁹
2719 515 2821 588 τὴν
2845 516 2905 571 ἐν
2934 516 3156 589 Χριστῷ
3177 518 3337 589 χάριν
3366 514 3476 586 πρὸ
3495 514 3705 586 χρόνων

437 604 526 660 dis
581 620 693 674 quo
743 612 908 674 pacto
953 604 1137 660 datam
1181 620 1304 661 esse
1346 606 1423 659 ait
1452 605 1683 676 gratiam
1717 605 1773 660 in
1795 605 2018 661 Christo

438 702 566 749 ante
602 702 810 750 aeterna
843 702 1091 763 tempora
1125 711 1137 747 :
1173 695 1458 764 praescitos
1481 704 1665 750 autem
1692 711 1757 751 ac
1776 695 2021 766 praeﬁni-

440 792 526 839 tos
567 785 856 841 manifeste
905 801 937 840 a
977 786 1091 840 Deo
1132 794 1189 841 et
1221 787 1383 841 Patre
1415 802 1532 853 eos,
1573 788 1669 858 qui
1708 788 2023 844 conformes

438 876 610 933 futuri
649 886 807 933 erant
837 877 1062 949 imagini
1113 878 1238 933 Filii
1288 879 1507 949 ipsius?
1539 879 1834 935 Praescitus
1870 881 2019 935 enim

438 975 544 1033 est,
571 975 634 1022 ut
662 968 776 1022 dixi
799 1009 813 1033 ,
847 966 1249 1023 incarnationis
1281 968 1498 1023 modus.
1539 967 1863 1039 Opportuno
1888 985 2021 1025 vero

414 1056 691 1130 'tempore
720 1061 1042 1118 morborum
1067 1062 1267 1117 solutio
1296 1061 1677 1116 administrata
1730 1070 1835 1127 est,
1871 1063 2021 1133 quod

439 1152 617 1222 ipsum
653 1151 855 1207 Paulus
887 1167 1111 1207 rursum
1156 1160 1413 1219 testatur,
1454 1153 1530 1207 ita
1565 1153 1855 1209 scribens:
1901 1173 1919 1205 ι
1955 1153 2018 1208 Ei

439 1253 623 1300 autem
674 1246 769 1315 qui
821 1253 1019 1317 potens
1059 1253 1146 1301 est
1175 1261 1274 1302 vos
1309 1246 1635 1302 conﬁrmare
1660 1248 1813 1318 juxta
1837 1247 2023 1303 Evan-

438 1334 644 1405 gelium
680 1350 865 1390 meum
905 1345 965 1392 et
1012 1336 1463 1406 praedicationem
1492 1336 1622 1392 Jesu
1653 1337 1879 1403 Christi,
1931 1353 2019 1392 se-

439 1426 684 1482 cundum
731 1427 1125 1483 revelationem
1174 1428 1440 1500 mysterii,
1489 1428 1832 1499 temporibus
1856 1436 2019 1483 aeter-

439 1521 527 1575 nis
549 1521 725 1586 taciti,
756 1521 905 1591 quod
931 1537 1082 1577 nunc
1112 1522 1445 1592 patefactum
1464 1530 1549 1578 est
1575 1538 1676 1593 per
1710 1522 2022 1593 Scripturas

439 1616 855 1685 prophetarum,
896 1616 1202 1672 secundum
1245 1624 1580 1686 praeceptum
1613 1616 1803 1670 interni
1830 1616 1926 1671 Dei
1951 1616 2017 1671 ad

438 1705 813 1760 obeditionem
852 1707 1002 1773 ﬁdei,
1042 1709 1099 1764 in
1128 1712 1343 1767 cunctis
1373 1711 1630 1782 gentibus
1655 1711 1887 1783 cogniti:
1918 1711 2019 1766 soli

438 1795 673 1865 sapienti
702 1798 816 1853 Deo
842 1813 939 1868 per
967 1800 1155 1855 Jesum
1183 1800 1486 1865 Christum,
1521 1801 1610 1856 cui
1632 1801 1804 1872 gloria
1833 1800 1889 1855 in
1915 1816 2018 1856 sae-

2118 608 2387 663 αίωνίωνο
2436 607 2818 680 πῳεγνῶσθαι
2867 608 2924 661 δὲ
2976 610 3072 663 καὶ
3119 608 3459 679 προωρίσθαι
3514 607 3701 678 σαφῶς

2119 696 2272 770 παρά
2294 697 2389 751 τοῦ
2414 696 2549 750 Θεοῦ
2585 695 2681 750 καὶ
2719 694 2934 766 Πατρός
2960 695 3089 759 τοὺς
3121 696 3481 766 συμμόρφους
3506 693 3703 765 ἐσομέ-

2119 805 2243 853 νους
2272 788 2371 860 τῆς
2405 788 2612 852 εἰκόνος
2654 785 2749 840 τοῦ
2784 785 2916 840 Υἰοῦ
2949 786 3138 841 αὐτοῦ.
3188 786 3542 858 Προέγνωστο
3567 789 3698 857 γάρ,

2119 880 2195 944 ὡς
2223 879 2394 951 εφην,
2424 883 2453 934 ό
2473 879 2574 948 τῆς
2607 878 3073 950 ἐνανθρωπήσεως
3109 878 3344 950 τρόπος·
3383 878 3702 949 ἐταμιεύετο

2117 971 2177 1025 δὲ
2201 972 2379 1043 καιρῷ
2400 970 2479 1043 τῷ
2501 972 2832 1044 προσήκοντι
2853 969 2963 1023 τῶν
2988 970 3245 1041 ἀρῤωστη
3254 968 3440 1040 μάτων
3465 972 3498 1041 ή
3526 968 3697 1036 λύσις,

2120 1064 2214 1117 καὶ
2244 1065 2587 1134 μαρτυρήσει
2619 1063 2783 1118 πάλιν
2803 1064 2831 1115 ό
2860 1062 3089 1127 Παῦλος,
3109 1062 3211 1117 ὡδὶ
3230 1061 3532 1134 ἐγγράψας·
3565 1081 3584 1113 ι
3610 1059 3702 1134 Τῷ

2119 1155 2176 1209 δὲ
2198 1155 2478 1226 δυναμένῳ
2507 1155 2653 1226 ἡμᾶς
2680 1154 2930 1225 στηρίξαι
2956 1153 3098 1208 κατά
3117 1154 3180 1207 τὸ
3216 1152 3549 1222 Εὐαγγέλιόν
3576 1169 3699 1223 μου,

2120 1248 2215 1301 καὶ
2248 1246 2310 1299 τὸ
2356 1248 2619 1317 κήρυγμα
2666 1244 2840 1316 Ἰησοῦ
2872 1244 3144 1316 Χριστοῦ,
3187 1244 3327 1299 κατά
3357 1241 3701 1313 ἀποκάλυψιν

2123 1340 2424 1410 μυστηρίου
2449 1339 2664 1411 χρόνοις
2687 1338 2927 1402 αἰωνίοις
2953 1338 3337 1409 σεσιγημένου,
3366 1333 3703 1409 φανερωθέν-

2119 1449 2209 1495 τος
2234 1431 2329 1485 νῦν
2350 1432 2437 1485 διά
2461 1449 2520 1485 τε
2541 1431 2773 1502 Γραφῶν
2798 1430 3148 1502 προφητικῶν
3172 1430 3290 1484 κατ’
3318 1428 3581 1499 ἐπιταγὴν
3605 1427 3701 1484 τοῦ

2120 1522 2337 1575 αἰωνίου
2366 1522 2526 1585 Θεοῦ,
2571 1524 2651 1586 εἰς
2692 1521 2938 1592 ὑπακοὴν
2976 1521 3251 1584 πίστεως,
3283 1522 3364 1583 εἰς
3408 1520 3587 1573 πάντα
3633 1523 3706 1576 τὰ

2121 1614 2248 1684 ἔθνη
2282 1614 2703 1684 γνωρισθέντος,
2736 1613 2882 1685 μόνῳ
2912 1611 3061 1684 σοφῷ
3082 1612 3203 1684 Θεῷ
3234 1612 3322 1667 διὰ
3359 1611 3532 1682 Ἰησοῦ
3562 1611 3704 1681 Χρι-

2124 1705 2271 1767 στοῦ,
2301 1698 2347 1773 ᾧ
2370 1706 2404 1777 ἠ
2430 1704 2558 1770 δόξα
2577 1706 2658 1770 εἰς
2688 1705 2777 1758 τὸν
2800 1705 2990 1758 αἰῶνα.
3027 1702 3219 1775 Ἀμήν.
3258 1722 3276 1754 ι
3309 1703 3576 1773 Σεσίγητο
3603 1701 3704 1773 μὲν

2120 1796 2229 1869 γὰρ
2249 1797 2309 1850 τὸ
2343 1799 2674 1869 μυστήριον,
2703 1797 3060 1867 πεφανέρωτο
3092 1795 3149 1849 δὲ
3185 1794 3303 1856 νῦν,
3336 1795 3426 1849 διά
3448 1812 3505 1847 τε
3536 1794 3702 1864 νόμου

439 1887 581 1940 cula.
625 1887 800 1943 Amen
847 1889 914 1944 ".
958 1909 977 1942 ι
1029 1891 1282 1947 Tacitum
1324 1892 1474 1947 enim
1513 1902 1633 1948 erat
1675 1892 2019 1965 mysterium,

2126 1889 2219 1942 καὶ
2250 1889 2579 1961 προφητῶν,
2611 1888 2750 1943 κατά
2781 1888 2998 1959 θέλησιν
3033 1885 3126 1940 τοῦ
3160 1885 3295 1941 Θεοῦ
3344 1887 3438 1940 καὶ
3467 1886 3701 1957 Πατρός.

439 1978 846 2034 manifestatum
881 1990 1067 2038 autem
1101 2000 1248 2039 nunc
1273 2000 1369 2055 per
1393 1986 1568 2056 legem
1610 1993 1666 2039 et
1706 1986 2021 2055 prophetas,

436 2071 590 2141 juxta
616 2071 955 2128 voluntatem
984 2075 1081 2131 Dei
1117 2091 1181 2131 ac
1201 2076 1402 2135 Patris.
1429 2076 1712 2148 Siquidem
1734 2078 2023 2133 instaurati

444 2178 636 2217 sumus
673 2163 731 2217 in
761 2163 982 2220 Christo
1042 2166 1110 2221 ad
1137 2168 1431 2237 pristinum
1457 2176 1681 2234 statum,
1712 2169 1932 2225 abolitis
1956 2170 2025 2226 iis

446 2267 569 2323 qua
606 2254 959 2322 postmodum
992 2254 1262 2312 diabolica
1288 2256 1479 2313 fraude
1501 2258 1661 2314 nobis
1688 2258 2019 2314 acciderant.

450 2343 529 2399 lta
579 2346 726 2401 enim
760 2362 983 2409 rursum
1025 2348 1229 2403 Paulus
1260 2348 1329 2404 de
1353 2349 1597 2404 omnium
1630 2358 1882 2405 nostrum
1910 2349 2025 2405 Sal-

438 2444 628 2492 vatore
675 2437 894 2495 Christo
942 2440 1059 2495 ait:
1108 2460 1127 2492 ι
1159 2440 1219 2495 In
1246 2456 1355 2511 quo
1400 2441 1668 2497 habemus
1688 2442 2023 2513 redemptio-

440 2542 566 2583 nem
608 2543 710 2599 per
732 2531 1053 2601 sanguinem
1089 2533 1229 2603 ejus,
1270 2533 1650 2589 remissionem
1673 2544 2023 2604 peccatorum

440 2619 747 2675 secundum
778 2621 999 2677 divitias
1023 2623 1210 2693 gratia:
1237 2625 1377 2695 ejus,
1407 2641 1528 2694 quae
1556 2625 2025 2695 superabundavit

441 2707 498 2762 in
525 2709 705 2776 nobis,
740 2711 796 2765 in
827 2713 976 2766 omni
1004 2713 1271 2783 sapientia
1312 2724 1370 2769 et
1399 2715 1711 2785 prudentia,
1746 2723 1807 2769 ut
1830 2723 2025 2770 notum

441 2800 649 2856 faceret
681 2803 842 2858 nobis
894 2814 1295 2861 sacramentum
1337 2806 1639 2861 voluntatis
1664 2822 1796 2871 suae,
1824 2822 2024 2863 secun-

440 2894 573 2949 dum
626 2895 1031 2965 beneplacitum
1077 2898 1216 2967 ejus,
1263 2898 1409 2968 quod
1444 2900 1729 2969 proposuit
1757 2901 1812 2954 in
1849 2916 1935 2965 eo,
1969 2903 2025 2957 in

440 2985 850 3055 dispensatione
890 2987 1251 3057 plenitudinis
1312 2996 1623 3058 temporum
1652 3030 1666 3053 ,
1720 2990 2027 3046 instaurare

441 3074 627 3129 omnia
688 3075 743 3129 in
794 3074 1038 3142 Christo,
1091 3094 1214 3147 qua:
1260 3078 1315 3132 in
1368 3079 1523 3133 cmlis
1555 3086 1704 3146 sunt,
1732 3088 1790 3133 et
1814 3095 1937 3149 quae
1970 3080 2024 3134 in

442 3175 589 3221 terra
618 3174 767 3231 sunt,
806 3166 862 3221 in
897 3168 1036 3238 ipso.
1073 3168 1132 3223 In
1159 3183 1270 3240 quo
1299 3169 1465 3223 etiam
1494 3177 1551 3224 et
1597 3184 1698 3225 nos
1738 3170 1879 3226 forte
1925 3186 2024 3225 vo-

442 3258 549 3313 cati
570 3273 781 3323 sumus,
804 3259 1175 3329 praedestinati
1197 3259 1501 3315 secundum
1524 3261 1865 3330 prepositum
1884 3262 2021 3331 ejus;

440 3346 537 3417 qui
558 3354 822 3417 operatur
846 3346 1031 3402 omnia
1056 3348 1211 3419 juxta
1240 3348 1533 3403 consilium
1565 3350 1866 3406 voluntatis
1890 3366 2022 3415 suae,

443 3443 507 3491 ut
543 3436 718 3492 simus
757 3437 813 3491 in
855 3437 1080 3493 laudem
1115 3437 1303 3507 gloria:
1329 3438 1477 3494 illius
1506 3455 1607 3495 nos
1633 3441 1729 3510 qui
1753 3449 1879 3496 ante
1906 3458 2027 3513 spe-

443 3528 687 3584 ravimus
734 3529 791 3583 in
818 3527 1040 3584 Christo
1069 3529 1135 3583 ¹⁷.
1175 3548 1193 3577 ι
1227 3529 1370 3584 Ecce
1402 3546 1596 3586 rursus
1626 3531 1879 3601 pneﬁniti
1905 3536 2028 3604 qui-

443 3617 570 3674 dem
595 3634 807 3683 sumus,
828 3618 982 3689 juxta
1011 3619 1356 3689 propositum
1383 3622 1581 3688 Patris,
1622 3624 1719 3692 ιι
1746 3625 2024 3695 antiquio-

444 3724 565 3763 rem
620 3708 1028 3779 quodammodo
1082 3709 1249 3764 etiam
1297 3725 1449 3781 spem
1481 3728 1645 3781 quam
1681 3713 1860 3783 ipsum
1905 3732 2026 3771 esse

447 3799 617 3866 nacti,
652 3799 766 3855 Deo
829 3798 936 3854 hoc
982 3800 1327 3868 praesciente,
1377 3818 1441 3857 ac
1475 3804 1694 3873 propria
1747 3805 2028 3862 voluntate

446 3905 569 3960 qua:
622 3889 784 3946 nobis
832 3900 1103 3944 eventura
1153 3901 1313 3946 erant
1364 3892 1674 3948 ordinante.
1729 3895 2065 3965 Postquanr

445 3980 597 4036 enim
647 3979 867 4049 decepit
914 3980 1186 4034 Adamum
1238 3981 1398 4036 initio
1442 3992 1500 4038 et
1551 3985 1824 4041 vecordiae
1869 4003 2026 4042 reum

448 4068 640 4125 statuit
690 4069 904 4139 peccati
961 4070 1235 4135 inventor,
1308 4071 1376 4127 ad
1418 4081 1653 4129 mortem
1690 4075 1766 4130 ita
1812 4077 2026 4133 traduci

446 4162 698 4232 contigit,
723 4176 996 4232 poenaque
1034 4162 1089 4216 in
1123 4177 1317 4217 omnes
1348 4163 1600 4220 homines
1623 4168 1881 4236 pervasit,
1910 4172 2028 4224 vcl-

448 4251 530 4307 uti
571 4266 641 4306 ex
676 4251 863 4307 radice
893 4252 950 4308 in
985 4269 1169 4307 ramos
1198 4255 1330 4309 vitio
1362 4270 1483 4309 sese
1518 4268 1867 4329 propagante.
1918 4262 2027 4316 Re-

445 4343 632 4413 gnavit
651 4342 800 4397 enim
833 4342 903 4397 ab
934 4342 1108 4397 Adam
1135 4353 1191 4397 et
1217 4360 1390 4414 usque
1421 4345 1489 4400 ad
1517 4346 1756 4418 Moysen.
1788 4350 2027 4406 Peccan-

448 4432 596 4489 tibus
643 4446 776 4487 vero
815 4432 873 4486 in
918 4430 1289 4489 similitudine
1343 4439 1791 4507 transgressionis
1831 4441 2025 4507 Adam,

2138 1980 2653 2051 Ἀνεστοιχειὼμεθα
2701 1982 2797 2034 καὶ
2843 1981 2954 2052 γάρ
3002 1982 3060 2034 ἐν
3096 1978 3319 2051 Χριστῷ
3368 1979 3505 2049 πρὸς
3541 1977 3602 2030 τδ
3643 1979 3706 2031 ἐν

2123 2073 2352 2144 ἀρχαῖς,
2385 2073 2881 2143 ἀνατετραμμένων
2919 2071 3028 2126 τῶν
3064 2071 3268 2142 μεταξὺ
3303 2068 3709 2140 παρεισϐεϐλη-

2124 2164 2299 2217 κότων
2328 2164 2386 2231 ἐξ
2412 2164 2629 2234 ἀπάτης
2660 2164 2993 2237 διαϐολικῆς.
3027 2165 3171 2234 Ἔφη
3211 2163 3324 2233 γὰρ
3350 2156 3453 2215 ὧδε
3488 2161 3649 2216 πάλιν
3675 2164 3706 2215 ὁ

2123 2253 2335 2317 Παῦλος
2367 2255 2495 2324 περὶ
2520 2254 2616 2307 τοῦ
2645 2254 2863 2308 πάντων
2918 2255 3077 2325 ήμῶν
3140 2254 3393 2325 Σωτῆρος
3428 2251 3669 2323 Χριστοῦ
3689 2265 3709 2285 ⁸

2131 2364 2149 2397 ι
2172 2346 2259 2397 Ἐν
2283 2337 2325 2412 ᾧ
2348 2344 2544 2415 ἔχομεν
2566 2343 2666 2415 τὴν
2702 2345 3083 2416 ἀπολύτρωσιν
3114 2343 3203 2397 διά
3234 2343 3329 2397 τοῦ
3361 2343 3590 2413 αἵματος
3610 2340 3714 2395 αὖ·

2122 2434 2240 2497 τοῦ,
2275 2433 2374 2504 τήν
2400 2432 2596 2503 ἄφεσιν
2620 2434 2729 2488 τῶν
2753 2436 2974 2506 ἀμαρτη
2984 2433 3167 2505 μάτων
3184 2433 3328 2489 κατὰ
3353 2431 3441 2486 τὸν
3476 2431 3712 2485 πλοῦτον

2124 2525 2223 2595 τῆς
2254 2525 2620 2595 χρηστότητος
2645 2525 2834 2589 αὑτοῦ,
2860 2522 2928 2598 ἦς
2944 2526 3330 2598 ἐπερίσσευσεν
3358 2526 3437 2587 εἰς
3463 2526 3632 2594 ἡμᾶς,
3651 2525 3712 2577 ἐν

2126 2617 2275 2689 πάσῃ
2310 2617 2472 2689 σοφίᾳ
2500 2617 2595 2670 καὶ
2621 2619 2901 2689 φρονήσει,
2936 2618 3205 2689 γνωρίσας
3247 2620 3377 2688 ήμῖν
3404 2617 3463 2670 τὸ
3500 2616 3714 2687 μυστή-

2128 2723 2241 2778 ριον
2265 2706 2358 2761 τοῦ
2385 2707 2688 2779 θελήματος
2717 2708 2904 2774 αὐτοῦ,
2936 2709 3076 2762 κατά
3108 2709 3207 2780 τήν
3236 2708 3483 2762 εὐδοκίαν
3513 2706 3716 2770 αὑτοῦ,

2125 2797 2193 2868 ἢν
2221 2798 2479 2869 προέθετο
2504 2801 2562 2853 ἐν
2590 2800 2739 2870 αὐτῷ
2770 2803 2849 2864 εἰς
2872 2802 3184 2871 οἰκονομίαν
3214 2800 3309 2854 τοῦ
3340 2798 3713 2871 πληρώματος

2125 2889 2234 2941 τῶν
2271 2890 2509 2963 καιρῶν,
2559 2890 3145 2960 ἀνακεφαλαιώσασθαι
3189 2892 3258 2945 τά
3305 2892 3481 2946 πάντα
3530 2891 3591 2944 ἐν
3633 2890 3718 2960 τῷ

2127 2980 2366 3051 Χριστῷ,
2391 2981 2457 3035 τά
2488 2982 2545 3034 ἐν
2571 2986 2683 3045 τοῖς
2714 2983 2982 3053 οὐρανοῖς,
3012 2985 3105 3037 καὶ
3141 2986 3208 3036 τά
3238 2984 3333 3036 ἐπὶ
3360 2981 3459 3051 τῆς
3493 2982 3623 3050 γῆς,
3656 2983 3717 3035 ἐν

2126 3070 2295 3140 αὐτῷ.
2334 3072 2421 3124 Ἐν
2447 3065 2492 3139 ᾧ
2526 3073 2621 3125 καὶ
2661 3073 3087 3144 ἐκληρώθημεν,
3118 3074 3533 3145 προορισθέντες
3573 3071 3719 3126 κατά

2129 3161 2386 3231 πρόθεσιν
2415 3163 2508 3217 τοῦ
2530 3164 2599 3218 τά
2627 3167 2801 3219 πάντα
2835 3166 3185 3241 ἐνεργοῦντος
3222 3166 3364 3220 κατά
3386 3164 3485 3236 τὴν
3514 3164 3717 3235 βουλὴν

2126 3251 2221 3304 τοῦ
2258 3252 2561 3323 θελήματος
2595 3257 2783 3321 αὑτοῦ,
2820 3260 2898 3321 εἰς
2920 3259 2981 3311 τό
3021 3255 3159 3311 εἶναι
3195 3258 3343 3326 ἡμᾶς
3377 3258 3456 3319 είς
3490 3256 3715 3313 ἔπαινον

2124 3342 2282 3414 δόξης
2306 3346 2470 3399 αὐτοῦ
2493 3352 2618 3411 τοὺς
2638 3348 3050 3420 προηλπικότας
3074 3349 3130 3399 ἐν
3153 3346 3230 3417 τῷ
3251 3346 3489 3417 Χριστῷ.
3520 3365 3538 3397 ι
3581 3348 3713 3400 Ἰδοὺ

2125 3439 2190 3510 δὴ
2224 3439 2385 3493 πάλιν
2416 3440 2804 3511 προωρίσμεθα
2838 3442 2966 3511 μὲν,
3011 3440 3149 3494 κατά
3178 3440 3433 3512 πρόθεσιν
3464 3439 3561 3492 τοῦ
3599 3440 3714 3493 Πα-

2126 3533 2253 3603 τρός
2275 3550 2288 3565 ·
2316 3533 2701 3604 πρεσϐυτέραν
2724 3535 2781 3587 δὲ
2796 3534 2988 3603 ὥσπερ
3015 3534 3109 3586 καὶ
3125 3533 3221 3600 τὴν
3237 3533 3427 3585 ἐλπίδα
3453 3532 3551 3585 τοῦ
3572 3528 3717 3586 εἶναι

2129 3625 2610 3695 πεπλουτήκαμεν,
2662 3620 2797 3679 Θεοῦ
2837 3625 2897 3677 τὸ
2928 3624 3117 3694 χρῆμα
3149 3623 3583 3692 προεγνωκότος,
3619 3623 3716 3676 κοιλ⁸

2128 3715 2187 3768 ὲν
2219 3714 2375 3778 ἰδίαις
2406 3715 2623 3786 βουλαῖς
2653 3714 2722 3768 τὰ
2754 3716 2840 3784 ἐφ’
2874 3716 3007 3785 ήμῖν
3046 3714 3290 3783 ἑπόμενα
3328 3712 3714 3783 καταγράφον-

2127 3822 2238 3870 τος.
2287 3806 2508 3878 Ἐπειδὴ
2544 3806 2651 3879 γὰρ
2707 3805 3039 3874 πεφενάκικε
3082 3804 3174 3858 τὸν
3232 3805 3418 3873 Ἀδὰμ,
3465 3803 3714 3864 καὶτοῖς

2128 3897 2228 3969 τῆς
2257 3897 2543 3970 ῥᾳστώνης
2572 3897 2913 3967 ἐγκλήμασιν
2931 3895 3114 3965 ἔνοχον
3131 3895 3408 3964 ἀπέφηνεν
3428 3895 3487 3948 ἐν
3516 3894 3713 3964 ἀρχαῖς

2128 3992 2157 4044 ό
2186 3991 2286 4061 τῆς
2336 3989 2610 4061 ἁμαρτίας
2645 3986 2897 4058 εὑρετὴς,
2951 3984 3421 4055 κατακομισθῆναι
3465 4001 3526 4043 τε
3571 3984 3715 4037 οὕτω

2131 4082 2328 4152 συνέϐη
2363 4082 2498 4153 πρὸς
2532 4082 2762 4135 θάνατον
2786 4121 2800 4144 ,
2857 4079 3153 4149 διαϐέϐηκε
3182 4079 3240 4133 δὲ
3268 4080 3348 4141 εἰς
3381 4079 3592 4141 πάντας
3618 4079 3715 4131 ἀν-

2131 4175 2384 4245 θρώπους
2422 4177 2453 4246 ή
2489 4176 2636 4246 δίκη,
2669 4175 2924 4246 καθάπερ
2954 4178 3017 4228 ἐκ
3054 4173 3211 4245 ῥίζης
3242 4174 3332 4225 ἐπὶ
3361 4172 3430 4224 τά
3458 4172 3519 4235 ἐξ
3544 4171 3714 4239 αὐτῆς

2134 4268 2303 4330 ἰόντος
2334 4267 2426 4319 τοῦ
2458 4267 2684 4331 πάθους
2730 4267 3082 4336 βεϐασίλευκε
3125 4265 3234 4334 γὰρ
3268 4263 3377 4317 ἀπὸ
3418 4263 3592 4331 Ἀδὰμ
3619 4262 3715 4316 καὶ

2134 4355 2295 4426 μέχρι
2324 4357 2586 4419 Μωσέως,
2618 4357 2712 4410 καὶ
2739 4358 2832 4409 ἐπὶ
2863 4356 2988 4419 τοὺς
3028 4355 3462 4424 ἁμαρτήσαντας
3513 4353 3607 4405 ἐπὶ
3639 4349 3717 4420 τῷ

2130 4446 2436 4517 ὁμοιώματι
2459 4448 2563 4517 τῆς
2580 4447 2946 4519 παραϐάσεως
2983 4447 3153 4514 Ἀδὰμ
3198 4445 3382 4499 λοιπὸν
3398 4444 3716 4512 ἀναγκαίως

447 4521 760 4576 necessario
800 4520 1061 4591 deinceps
1101 4524 1339 4592 providit
1378 4526 1495 4580 suis
1541 4530 1812 4584 creaturis
1841 4546 2024 4585 rerum

2136 4539 2433 4608 προενόησε
2476 4539 2585 4591 τῶν
2620 4539 2763 4591 ἰδίων
2815 4538 3129 4607 κτισμάτων
3156 4540 3184 4591 ό
3218 4538 3583 4607 Δημιουργὸς,
3622 4536 3715 4588 καὶ

446 4613 660 4684 Opifex,
708 4622 767 4668 et
816 4614 1116 4669 secundam
1150 4617 1558 4685 quodammodo
1606 4621 1767 4676 nobis
1819 4624 2024 4691 generis

2134 4628 2292 4698 ῥίζαν
2324 4631 2456 4699 ἡμῖν
2501 4628 2691 4700 ὥσπερ
2720 4628 2815 4681 τοῦ
2844 4630 3037 4697 γένους
3076 4629 3391 4698 ἐμηχανᾶτο
3428 4628 3709 4698 δευτέραν,

450 4705 690 4759 radicem
737 4705 1082 4760 machinatus
1121 4716 1226 4769 est,
1264 4723 1388 4776 qua:
1420 4725 1524 4764 nos
1550 4711 1616 4765 ad
1642 4711 1930 4780 pristinam
1951 4713 2036 4766 in-

2131 4720 2211 4781 εἰς
2253 4717 2565 4789 ἀφθαρσίαν
2609 4721 2758 4790 ἡμᾶς
2795 4719 2892 4789 τὴν
2936 4720 3211 4791 προτέραν
3248 4717 3709 4781 ἀναϐιϐάζουσαν,

445 4796 861 4866 corruptionem
919 4799 1243 4864 reduceret,
1294 4809 1356 4855 ut
1407 4804 1873 4872 quemadmodum
1930 4822 2024 4862 nos

2130 4813 2198 4866 ἵν’
2230 4812 2419 4884 ὤσπερ
2460 4815 2607 4883 ἡμᾶς
2650 4817 2683 4884 ή
2715 4813 2810 4867 τοῦ
2862 4813 3082 4885 πρώτου
3110 4830 3170 4866 τε
3206 4815 3302 4865 καὶ
3329 4812 3439 4865 ἀπὸ
3479 4813 3578 4881 τῆς
3608 4812 3713 4878 γῆς

445 4884 624 4955 prima
657 4901 723 4941 ac
753 4894 972 4941 terrena
1002 4888 1181 4959 imago
1221 4890 1493 4947 moriendi
1528 4894 1858 4949 necessitate
1893 4896 2029 4951 insi-

446 4978 639 5050 gnivit,
682 4987 739 5034 et
776 4979 1031 5035 interitus
1077 4981 1288 5051 laqueis
1316 4982 1580 5039 involvit:
1618 4983 1694 5038 ita
1724 4985 1884 5041 nobis
1908 5003 2033 5041 rur-

447 5086 543 5125 sus
589 5073 892 5127 secundum
937 5082 995 5129 et
1041 5082 1166 5144 post
1214 5074 1368 5131 illum
1418 5077 1772 5146 principium,
1804 5079 1910 5134 hoc
1940 5090 2027 5135 est

446 5162 734 5227 Christus,
781 5165 1192 5237 similitudoque
1235 5184 1360 5223 cum
1415 5168 1532 5238 ipso
1580 5185 1682 5237 per
1731 5170 2021 5239 spiritum,

450 5254 644 5307 mortis
688 5263 941 5324 expertes
978 5257 1224 5315 declaret
1272 5271 1367 5315 :et
1399 5262 1543 5316 sicut
1572 5277 1672 5319 nos
1694 5261 1807 5317 illic
1832 5262 2026 5317 inobo-

450 5340 655 5397 dientia
684 5343 755 5398 ad
816 5349 1144 5418 supplicium
1179 5351 1358 5413 duxit,
1421 5352 1494 5407 ita
1552 5353 1641 5407 hic
1708 5354 2026 5409 obedientia

453 5431 853 5492 benedictionis
926 5441 1168 5496 cwlestis
1241 5450 1405 5512 atque
1496 5453 1738 5514 paterna:
1804 5446 2028 5515 partici—

453 5536 550 5590 pes
572 5524 789 5580 eﬂiciat.
831 5547 851 5579 ι
885 5529 1081 5585 Factus
1108 5540 1195 5586 est
1223 5532 1393 5595 enim,
1450 5554 1469 5585 ι
1504 5536 1730 5604 inquit,
1764 5557 1781 5587 ι
1816 5538 2030 5606 primus

455 5610 618 5670 homo
674 5617 842 5674 Adam
896 5622 952 5675 in
1012 5623 1251 5677 animam
1307 5625 1584 5682 viventem
1632 5646 1643 5679 :
1699 5630 2028 5684 novissimus

2131 4902 2398 4973 ἐχάραξεν
2441 4902 2632 4967 εἰκὼν,
2681 4905 2741 4957 τὺ
2790 4904 3107 4957 ἑκτεθνάναι
3152 4904 3283 4966 δεῖν,
3336 4903 3432 4954 καὶ
3477 4905 3591 4964 τοῖς
3614 4900 3711 4968 τῆς

2129 4994 2335 5063 φθορᾶς
2364 4994 2628 5048 ὲναλῶναι
2658 4993 2873 5065 βρόχοις
2892 5010 2905 5023 ⁸
2929 4992 3072 5046 οὕτω
3094 4992 3257 5046 πάλιν
3280 4993 3461 5061 ἡμίνή
3483 4987 3710 5057 δευτέρα

2132 5085 2229 5138 καὶ
2260 5085 2376 5155 μετ’
2407 5087 2615 5138 ἐκεῖνον
2640 5084 3089 5155 ἀρχὴ,τουτέστι,
3113 5082 3369 5153 Χριστὸς.
3396 5082 3490 5135 καὶ
3519 5083 3552 5150 ὴ
3576 5078 3709 5149 πρὸς

2133 5176 2293 5230 αὑτὸν
2322 5176 2584 5246 ὁμοίωσις
2613 5175 2700 5228 διὰ
2739 5175 3070 5246 πνεύματος,
3104 5174 3165 5227 τὸ
3212 5172 3517 5240 ἀνώλεθρον
3549 5171 3708 5239 ἐνση-

2136 5271 2370 5339 μήνηται
2398 5284 2413 5300 θ
2458 5270 2552 5321 καὶ
2588 5268 2777 5338 ὥσπερ
2807 5269 2952 5337 ἡμᾶς
2997 5269 3055 5318 ἐν
3105 5264 3300 5335 ἐκείνῳ
3364 5262 3425 5316 τὸ
3451 5260 3710 5328 δυσήκοον

2135 5364 2255 5422 ταῖς
2286 5361 2579 5429 τιμωρίαις
2604 5362 2934 5429 ὑπήνεγκεν,
2964 5357 3138 5421 οὕτως
3166 5357 3224 5409 ἐν
3252 5355 3424 5423 τούτῳ
3449 5353 3511 5406 τὸ
3542 5353 3711 5404 εἰκτι·

2136 5450 2228 5504 κον
2259 5451 2353 5503 καὶ
2376 5451 2437 5503 τὸ
2475 5455 2553 5515 εἰς
2593 5450 2740 5504 ἅπαν
2783 5447 3033 5511 εὐπειθὲς
3089 5445 3338 5514 εὐλογίας
3379 5445 3477 5513 τῆς
3505 5440 3708 5499 ἀνωθεν
3762 5472 3779 5491 .

2137 5541 2230 5594 καὶ
2256 5541 2407 5612 παρὰ
2433 5542 2644 5613 Πατρός
2663 5542 2918 5611 ἀποφήνῃ
2947 5538 3372 5609 μετεσχηκότας.
3402 5553 3420 5585 ι
3466 5531 3709 5599 Ἐγένετο

2136 5629 2263 5699 γὰρ,
2291 5650 2309 5682 ι
2349 5632 2535 5702 φησὶν,
2562 5652 2578 5683 ι
2615 5635 2642 5685 ὁ
2673 5631 2886 5703 πρῶτος
2914 5630 3197 5700 ἄνθρωπος
3233 5629 3406 5699 Ἀδὰμ
3426 5629 3503 5691 εἰς
3532 5624 3707 5698 ψυῖὴν

526 5796 571 5829 ⁸⁵
596 5798 752 5854 Rom.
789 5818 899 5869 vm,
933 5804 1113 5861 2860.
1192 5808 1235 5841 "
1263 5808 1420 5863 Rom.
1460 5827 1565 5878 xw,
1597 5811 1776 5867 23-27.
1858 5816 1898 5846 ”
1936 5815 2134 5885 Ephcs.
2175 5832 2210 5874 ι,
2242 5816 2272 5868 7
2309 5815 2390 5869 l2.
