4092 6468
328 417 420 474 9')

1385 414 1913 471 GLAPHYRORUM
1951 417 2021 473 IN
2059 417 2365 475 GENESIM
2402 418 2532 473 LIB.
2576 418 2618 473 1.
3568 421 3640 477 50

329 524 555 591 ζῶσαν,
585 528 615 581 6
660 524 889 597 ἔσχατος
944 526 1117 598 Ἀδάμ
1169 528 1250 591 εἰς
1294 525 1515 599 πνεῦμα
1561 527 1882 593 ζωοποιοῦν.
1918 548 1937 582 ι

2048 530 2219 587 Adam
2250 532 2305 588 in
2353 531 2610 603 spiritum
2652 530 3022 588 viviﬁcaan
3049 532 3115 587 “.
3151 550 3170 584 ι
3212 533 3425 589 Rursus
3453 541 3639 589 autem

333 617 457 671 Kal
490 616 662 672 πάλιν
701 618 908 690 ἑτέρως
937 619 1072 690 ἡμῖν
1108 618 1257 674 αὐτὸ»
1278 617 1545 687 διεσάφει,
1574 619 1780 689 λέγων’
1815 638 1835 673 ι
1883 621 1944 675 '0

332 709 573 782 πρῶτος
611 709 909 782 ἄνθρωπος
940 713 1006 765 ὲκ
1032 712 1138 781 γῆς
1160 710 1344 783 χοϊκός
1366 727 1381 742 ·
1402 713 1433 765 6
1457 710 1706 785 δεύτερος
1732 710 1946 784 ἄνθρω-

333 803 493 865 ποςό
514 801 725 874 Κύριος
751 802 813 869 ὲξ
843 800 1097 875 οὐρανοῦ.
1128 799 1258 868 Οἷος
1287 805 1318 858 ό
1354 803 1560 875 χοϊκός,
1587 803 1819 858 τοιοῦτοι
1849 804 1946 856 καὶ

329 894 388 946 οἱ
427 894 646 964 χοϊκοί*
679 895 777 949 καὶ
818 890 933 959 οἷος
979 897 1010 950 6
1059 894 1409 966 ἐπουράνιος,
1467 894 1701 949 τοιοῦτοι
1756 894 1853 949 καὶ
1894 895 1945 947 οἱ

330 985 686 1058 ἐπουράνια.
720 987 831 1041 Καὶ
872 985 1057 1050 καθὼς
1091 986 1438 1058 ἑφορέσαμεν
1478 984 1575 1058 τὴν
1625 988 1810 1042 είκόνα
1848 987 1945 1041 τοῦ

329 1077 561 1147 χοῖκοῦ,
591 1077 901 1151 φορέσομεν
934 1077 1030 1132 καὶ
1057 1076 1160 1148 τὴν
1190 1079 1378 1133 εἰκόνα
1409 1078 1504 1133 τοῦ
1536 1079 1882 1152 ἐπουρανίου.
1920 1099 1939 1131 ι

334 1168 461 1222 Kal
488 1164 671 1233 αὖθις·
696 1189 717 1222 ι
745 1169 989 1242 Χριστὸς
1016 1171 1168 1240 ἡμᾶς
1191 1170 1527 1243 ἐξηγόρασεν
1549 1173 1614 1226 ἑκ
1644 1172 1747 1243 τῆς
1772 1173 1946 1227 κατά-

334 1278 447 1331 ρας
465 1260 567 1315 τοῦ
587 1261 777 1333 νόμου,
795 1262 1089 1334 γενόμενος
1109 1263 1423 1334 ὑπὲρήμῶν
1438 1263 1675 1336 κατάρα.
1690 1281 1814 1317 ι-δι
1842 1265 1948 1319 Τε-

331 1354 666 1410 ταπείνωκε
698 1354 810 1427 γὰρ
848 1356 1067 1422 ἑαυτὸν,
1098 1373 1117 1408 ι
1144 1354 1290 1411 καθὰ
1312 1356 1628 1430 γέγραπται
1647 1375 1661 1390 ο
1691 1356 1950 1412 καθίκετο

332 1446 395 1498 δὲ
442 1446 542 1500 καὶ
574 1446 864 1519 ἐθελοντὴς
901 1449 961 1501 ὲν
990 1450 1104 1513 τοῖς
1126 1446 1249 1502 καθ’
1278 1451 1312 1520 η
1322 1450 1431 1520 μᾶς
1457 1451 1486 1503 6
1530 1449 1828 1519 μονογενὴς
1851 1447 1947 1502 τοῦ

337 1536 485 1590 Θεοῦ
510 1536 709 1605 Λόγος,
741 1538 842 1608 οὐχ
872 1537 962 1593 ἵνα
998 1540 1117 1610 μεθ’
1148 1538 1307 1610 ἡμῶν
1348 1538 1698 1610 βασιλεύηται
1748 1536 1827 1608 τῷ
1852 1537 1950 1591 0a-

337 1630 519 1702 νάτῳ,
564 1631 1037 1703 παραπέμποντος
1063 1631 1158 1686 τοῦ
1204 1630 1375 1704 Ἀδάμ
1405 1631 1500 1687 καὶ
1543 1632 1625 1696 εις
1659 1630 1823 1684 αὑτὸν
1847 1630 1949 1703 τὴν

335 1722 622 1794 νέκρωσιν
642 1739 656 1751 ⁸
690 1723 883 1794 ἐπειδὴ
919 1724 1071 1777 ἐστιν
1093 1723 1259 1788 αὐτὸς
1281 1725 1310 1778 6
1326 1725 1394 1778 τὰ
1417 1725 1599 1779 πάντα
1632 1722 1915 1793 ζωογονιῖΝ
1930 1740 1945 1756 ·

336 1814 465 1868 ἀλλ’
500 1814 594 1868 ἵνα
620 1814 684 1867 τὸ
717 1817 786 1887 τῇ
823 1814 1003 1887 φθορᾷ
1034 1816 1267 1887 κάτοχον
1312 1811 1456 1880 εἶδος
1500 1816 1811 1888 ἀποφήνας,
1846 1831 1948 1887 με·

338 1907 748 1980 ταστοιχειώσῃ
791 1908 932 1980 πρὸς
985 1908 1157 1980 ζωήν.
1205 1907 1477 1982 Ταύτῃτοι
1532 1909 1727 1979 γέγονε
1785 1906 1943 1979 σάρξ.
1976 1894 2020 1949 Β

339 1996 506 2052 Οὕτω
535 1998 632 2052 καὶ
661 2000 689 2052 6
717 1998 880 2068 σοφὸς
921 1999 1123 2071 γράφει
1152 2000 1395 2062 Παῦλος·
1436 2018 1453 2052 ι
1496 1998 1718 2069 Ἐπειδὴ
1746 1998 1855 2067 γὰρ
1878 1996 1945 2052 δι’

342 2087 641 2159 ἀνθρώπου
678 2089 935 2155 θάνατος,
964 2092 1060 2145 καὶ
1086 2091 1156 2145 δι’
1187 2090 1480 2164 ἀνθρώπου
1525 2092 1823 2156 ἀνάστασις
1861 2108 1950 2146 νε-

342 2181 522 2251 κρῶν,
543 2184 640 2236 καὶ
669 2182 862 2254 ὥσπερ
890 2185 948 2237 ὲν
963 2184 1040 2255 τῷ
1072 2183 1245 2255 Ἀδὰμ
1266 2185 1469 2248 πάντες
1486 2184 1945 2256 ἀποθνήσκουσιν,

337 2274 493 2328 οὕτω
518 2275 617 2329 καὶ
650 2275 710 2329 ἐν
747 2274 828 2346 τῷ
860 2273 1086 2347 Χριστῷ
1116 2276 1319 2340 πάντες
1346 2273 1870 2347 ζωοποιηθήσονται.
1923 2293 1941 2328 ι

350 2364 599 2438 ’Δμαθὲς
627 2367 739 2438 γὰρ
762 2366 996 2432 οἴεσθαι,
1021 2368 1233 2440 γηγενῆ
1262 2366 1362 2439 μὲν
1382 2367 1512 2421 ὄντα
1535 2368 1630 2422 καὶ
1656 2366 1947 2438 ἄνθρωπον

333 2463 434 2517 τὸν
465 2461 643 2533 Ἀδὰμ
665 2461 767 2531 τῆς
798 2462 886 2513 ἐπ’
909 2460 1064 2533 αὐτῷ
1085 2460 1386 2532 γενομένης
1407 2461 1548 2531 ἀρᾶς
1569 2459 1673 2531 τὴν
1689 2459 1946 2530 δύναμιν,

337 2555 603 2626 καθάπερ
638 2553 763 2609 τινὰ
810 2553 1038 2626 κλῆρον,
1078 2554 1369 2627 διᾴττοντα
1409 2552 1678 2623 φυσικῶς,
1719 2556 1800 2617 εἰς
1826 2553 1946 2607 ὅλον

339 2646 571 2717 πέμψαι
605 2646 669 2699 1:6
708 2644 866 2715 γένος
892 2661 907 2675 ·
957 2645 1166 2700 άνωθεν
1205 2646 1263 2699 δὲ
1297 2645 1428 2699 ὄντα
1457 2646 1553 2699 καὶ
1591 2644 1653 2710 ἐξ
1687 2644 1945 2716 οὐρανοῦ,

333 2742 436 2793 καὶ
465 2739 605 2793 Θεὸν
633 2737 779 2794 κατὰ
826 2737 992 2809 φύσιν
1020 2737 1113 2792 τὸν
1160 2736 1530 2809 Ἐμμανουὴλ,
1568 2736 1777 2790 καὶτὸν
1811 2737 1948 2808 πρὸς

333 2833 493 2903 ἡμᾶς
525 2831 792 2902 ὁμοίωσιν
824 2830 1124 2901 ἐσχηκότα,
1169 2830 1267 2884 καὶ
1302 2829 1557 2900 δεύτερον
1599 2830 1734 2900 ἡμῖν
1776 2827 1949 2898 Ἀδὰμ

333 2922 639 2993 γεγονότα,
681 2923 757 2994 μὴ
799 2922 924 2993 οὐχὶ
960 2922 1063 2994 τῆς
1089 2922 1302 2984 οἰκείας
1329 2919 1477 2990 ζωῆς
1511 2919 1786 2995 πλουσίως
1820 2937 1947 2990 μετ-

333 3017 657 3089 εσχηκότας
685 3017 966 3086 ἀποφῆναι
991 3014 1156 3068 πάλιν
1184 3014 1314 3078 τοὺς
1340 3013 1502 3084 οἷπερ
1530 3012 1595 3067 ἂν
1619 3012 1825 3067 ἕλοιντο
1848 3013 1949 3082 τῆς

332 3111 482 3181 πρὸς
512 3109 687 3163 αὐτὸν
704 3107 1039 3179 οἰκειότητος
1065 3107 1126 3160 ὲν
1157 3105 1338 3159 πίστει
1362 3105 1706 3176 μεταλαχεῖν.
1732 3104 1950 3158 Σύσσω-

336 3218 436 3273 μοι
480 3200 585 3273 μὲν
616 3200 732 3272 γὰρ
768 3198 1082 3270 γεγόναμεν
1127 3196 1279 3269 αὐτῷ
1313 3196 1380 3250 δι’
1415 3196 1666 3265 εὐλογίας
1712 3195 1813 3266 τῆς
1848 3214 1950 3268 μυ·
1977 3253 2016 3273 η

334 3292 561 3364 στικῆς.
602 3289 899 3363 Ἦνώμεθα
921 3288 978 3343 δὲ
1008 3289 1104 3343 καὶ
1124 3287 1248 3344 καθ’
1272 3289 1361 3342 ἓτε
1369 3306 1462 3361 ρον
1492 3289 1717 3360 τρόπον,
1740 3290 1821 3341 ὅτι
1848 3288 1947 3358 τῆς

332 3383 501 3447 θείας
552 3382 720 3437 αὐτοῦ
774 3381 995 3453 φύσεως
1042 3381 1351 3452 γεγόναμεν
1404 3381 1655 3434 κοινωνοὶ
1711 3380 1801 3434 διὰ
1850 3379 1946 3433 τοῦ

333 3474 685 3547 πνεύματος.
749 3473 1131 3539 Ἐναυλίζεται
1160 3475 1271 3546 γὰρ
1305 3475 1428 3537 ταῖς
1464 3473 1578 3528 τῶν
1625 3474 1798 3544 ἁγίων
1846 3473 1947 3541 ψυ-

335 3571 506 3639 χαῖς,
546 3567 643 3622 καὶ
679 3567 757 3631 ώς
809 3570 839 3622 6
889 3568 1162 3641 μακάριος
1222 3565 1476 3636 Ἰωάννης
1527 3566 1694 3637 φησίν
1729 3583 1742 3596 ·
1792 3585 1811 3617 ι
1857 3565 1946 3619 Ἐν

335 3659 525 3730 τούτῳ
555 3657 906 3731 γινώσκομεν
937 3660 1021 3713 ὅτι
1050 3660 1109 3711 ὲν
1130 3659 1266 3728 ἡμῖν
1288 3659 1456 3725 ἐστιν,
1480 3659 1546 3711 ἐκ
1575 3658 1671 3712 τοῦ
1692 3657 1946 3728 Πνεύμα-

337 3772 437 3818 τος
474 3748 539 3809 οὗ
569 3752 774 3809 ἔδωκεν
812 3755 971 3824 ἡμῖν.
1032 3770 1051 3803 ι
1109 3751 1323 3806 Οὐκοῦν
1352 3751 1518 3815 αὑτός
1547 3754 1697 3806 ἐστιν
1726 3751 1884 3823 ἡμῶν
1911 3752 1945 3823 ἡ

336 3843 484 3915 ζωὴ,
514 3842 682 3906 αὐτὸς
707 3843 742 3913 ὴ
764 3841 1073 3906 δικαίωσις.
1105 3841 1424 3914 Γέγραπται
1446 3841 1506 3894 δὲ
1534 3842 1697 3896 πάλιν
1716 3859 1729 3871 ·
1763 3861 1782 3893 ‹
1822 3843 1887 3894 ’Λ
1899 3841 1945 3913 ρ’

333 3932 437 3991 οὖν
475 3935 554 4000 ὡς
568 3935 639 3989 δι’
663 3935 784 3999 ἑνὸς
808 3932 1266 4005 παραπτώματος
1295 3935 1374 3997 είς
1392 3935 1603 3997 πάντας
1624 3932 1949 4005 ἀνθρώπους

333 4029 423 4091 εἰς
460 4024 812 4103 κατάκριμα,
852 4024 999 4078 οὕτω
1050 4024 1143 4078 καὶ
1178 4023 1246 4078 δι’
1294 4025 1416 4089 ἐνὸς
1454 4023 1826 4096 δικαιώματος
1868 4026 1948 4090 είς

336 4121 557 4183 πάντας
596 4117 922 4189 ἀνθρώπους
950 4119 1029 4181 είς
1049 4116 1335 4171 δικαίωσιν
1354 4116 1524 4187 ζωῆς.
1559 4136 1578 4171 t
1604 4119 1713 4173 Kal
1754 4118 1945 4172 πάλιν*

344 4232 364 4264 1
404 4213 625 4281 Ὠσπερ
649 4211 759 4281 γὰρ
785 4210 876 4264 διὰ
907 4210 1010 4280 τῆς
1047 4209 1336 4281 παρακοῆς
1373 4210 1470 4263 τοῦ
1504 4210 1623 4275 ἑνὸς
1654 4210 1947 4283 ἀνθρώπου

332 4303 662 4377 ἁμαρτωλοὶ
704 4302 1125 4374 κατεστάθησαν
1170 4304 1220 4356 οἱ
1259 4302 1469 4368 πολλοὶ,
1514 4302 1658 4358 οὕτω
1710 4305 1799 4361 διὰ
1848 4306 1947 4376 τῆς

334 4397 600 4469 ὑπακοῆς
621 4396 718 4450 τοῦ
750 4394 871 4459 ἑνὸς
892 4394 1186 4468 ἀνθρώπου
1209 4394 1411 4449 δίκαιοι
1442 4396 1947 4468 κατασταθήσονται

328 4490 385 4545 ot
411 4486 629 4543 πολλοί.
669 4506 691 4541 ι
724 4487 885 4541 Ἐστι
915 4486 1100 4540 τοίνυν
1123 4486 1223 4541 οὐκ
1251 4488 1598 4557 άσυμφανὲς,
1632 4488 1709 4551 ὡς
1745 4490 1844 4542 καὶ
1889 4490 1948 4542 ἐν

330 4580 522 4653 ’Δδὰμ
551 4579 635 4653 τῷ
684 4578 890 4671 πρώτῳ
916 4579 980 4633 τὺ
1006 4580 1100 4633 ἐπὶ
1118 4580 1175 4671 ῌΧ
1187 4579 1371 4651 ριστὸν
1398 4581 1696 4653 μυστήριον
1724 4581 1944 4653 διεμορ·
1976 4616 2019 4671 D

330 4671 514 4743 φοῦτο
533 4672 681 4738 τότε,
710 4672 772 4727 οὐ
805 4669 898 4728 διά
924 4686 990 4739 γε
1027 4671 1090 4725 τὸ
1118 4666 1237 4725 ἴσον
1272 4672 1713 4740 ἀπαραλλάκτως
1742 4674 1936 4727 ἀνατυ-

331 4766 643 4837 πούμενον,
687 4764 807 4818 ἀλλ’
852 4764 1058 4835 ἑτέρως
1101 4780 1161 4817 τε
1214 4763 1338 4835 ἔχον
1373 4767 1467 4819 καὶ
1508 4767 1569 4819 ὲν
1598 4767 1943 4839 ἀντιστρόφῳ

330 4860 612 4931 σχήματι.
652 4858 714 4911 'U
742 4857 842 4927 μὲν
866 4855 978 4927 γὰρ
1013 4850 1082 4927 ἦν
1111 4856 1256 4928 ἀρχὴ
1282 4855 1361 4928 τῷ
1394 4857 1567 4927 γένει,
1604 4857 1744 4929 πρὸς
1782 4857 1945 4914 θάνα-

329 4968 451 5015 τον,
498 4948 637 5019 πρὸς
669 4948 834 5020 ἀρὰν,
870 4948 1012 5018 πρὸς
1061 4948 1414 5021 κατάκρισιν·
1463 4953 1492 5005 6
1522 4951 1579 5005 δὲ
1626 4951 1766 5022 πρὸς
1833 4953 1944 5007 πᾶν

328 5036 677 5109 τούναντίον,
718 5037 801 5100 είς
839 5036 1010 5108 ζωὴν,
1053 5040 1136 5103 είς
1190 5039 1469 5108 εὐλογίαν,
1522 5042 1604 5105 εἰς
1631 5041 1939 5099 δικαίωσιν.

333 5126 453 5183 Kal
478 5127 511 5180 6
547 5124 652 5197 μὶν
696 5127 779 5192 είς
812 5126 993 5198 σάρκα
1023 5126 1154 5199 μίαν
1184 5128 1398 5199 ἐδέχετο
1422 5131 1525 5203 τὴν
1559 5136 1813 5201 γυναῖκα,
1847 5136 1943 5189 καὶ

329 5217 565 5275 διόλωλε
593 5217 663 5273 δι’
691 5217 867 5288 αὐτῆς
885 5233 901 5248 ⁶
932 5219 1172 5290 Χριστὸς
1196 5220 1254 5273 δὲ
1275 5220 1376 5292 τὴν
1404 5223 1731 5296 Ἐκκλησίαν
1763 5226 1942 5298 ἐαυτῷ

331 5309 640 5366 συνάπτων
663 5309 754 5364 διὰ
785 5309 884 5364 τοῦ
917 5311 1254 5381 πνεύματος,
1291 5313 1551 5384 ὲκρύεταί
1579 5334 1639 5370 τε
1668 5319 1761 5373 καὶ
1805 5318 1938 5375 ἀνα-

332 5402 533 5469 σώζει,
566 5404 663 5457 καὶ
690 5403 916 5475 ἀπάτης
960 5402 1278 5474 διαϐολικῆς
1323 5407 1583 5463 ἀποτελεῖ
1627 5410 1939 5482 κρείττονα.

330 5499 643 5572 Τοιγάρτοι
672 5501 771 5554 καὶ
803 5501 1092 5555 ἀναπείθει
1143 5501 1304 5574 βοᾷν·
1354 5522 1372 5555 ι
1425 5503 1501 5557 Οὐ
1536 5502 1646 5573 γὰρ
1678 5503 1844 5557 αὐτοῦ
1874 5503 1944 5558 τὰ

332 5594 596 5664 νοήματα
625 5593 958 5665 ἀγνοοῦμεν.
1001 5611 1020 5645 ι
1052 5595 1163 5648 Καὶ
1191 5596 1219 5647 ὁ
1251 5596 1351 5664 μὲν
1399 5595 1704 5666 προπάτωρ
1746 5596 1942 5665 Ἀδὰμ,

335 5684 623 5756 ἁμαρτίας
642 5685 877 5756 ὀψώνιον
894 5687 988 5741 καὶ
1018 5686 1389 5757 παραϐάσεως
1415 5686 1574 5757 δίκην
1605 5687 1817 5758 ἐδέχετο
1846 5688 1944 5757 τὴν

409 5799 459 5833 ⁸⁸
490 5803 510 5858 1
543 5802 675 5859 Cor.
708 5821 798 5868 xv,
829 5805 919 5860 45.
997 5807 1042 5838 ³⁸
1077 5805 1211 5860 ibid.
1244 5807 1431 5861 47-19.
1507 5807 1551 5839 ’°
1584 5806 1758 5862 Galat.
1791 5824 1870 5871 ιιι,
1905 5808 1991 5861 l3.

339 5888 422 5941 tu,
447 5874 541 5936 25.
623 5875 666 5908 ³³
699 5876 858 5939 Rom.
893 5888 947 5944 ν,
986 5875 1071 5935 18.
1152 5877 1196 5909 ³³
1229 5876 1364 5932 ibid.
1396 5877 1480 5933 19.
1558 5878 1603 5909 ³⁸
1628 5878 1821 5944 llCor.
1847 5878 2014 5947 11,11.

2047 624 2210 680 aliter
2246 625 2354 680 hoc
2388 625 2569 694 ipsum
2607 624 2771 678 nobis
2812 624 3077 690 declarat,
3117 623 3416 694 inquiens:
3462 646 3481 678 σ
3520 626 3643 681 Pri-

2047 732 2173 771 mus
2221 717 2388 773 homo
2432 716 2502 771 de
2532 724 2679 772 terra
2717 726 2972 773 terrenus
3001 733 3016 783 ;
3048 716 3329 773 secundus
3352 716 3541 781 homo,
3569 718 3639 772 de

2048 810 2191 866 caelo
2247 810 2511 865 caelestis.
2564 808 2755 876 Qualis
2796 818 3089 875 terrenus,
3137 810 3275 865 tales
3315 819 3373 864 et
3430 813 3638 866 terreni

2048 908 2179 956 sunt
2210 919 2223 954 :
2247 899 2429 970 qualis
2450 899 2711 963 caelestis,
2733 900 2871 955 tales
2894 908 2952 955 et
2965 900 3219 956 caelestes
3259 900 3431 971 igitur
3447 916 3641 971 quem-

2047 992 2347 1049 admodum
2382 991 2719 1063 gestavimus
2766 992 3062 1063 imaginem
3098 992 3328 1058 terreni,
3355 1001 3642 1062 portemus

2047 1090 2105 1136 et
2151 1083 2447 1153 imaginem
2493 1082 2736 1138 caelestis
2787 1084 2855 1136 ²⁹.
2890 1101 2909 1134 ι
2959 1082 3030 1138 Et
3059 1099 3296 1140 rursus:
3338 1103 3356 1135 ι
3383 1083 3642 1139 Christus

2048 1191 2152 1230 nos
2201 1175 2435 1232 redemit
2477 1175 2548 1231 de
2604 1175 2900 1230 maledicto
2951 1175 3109 1245 legis,
3141 1175 3319 1232 factus
3345 1192 3449 1246 pro
3475 1176 3640 1231 nobis

2048 1267 2404 1322 maledictum
2426 1267 2492 1321 ³⁸.
2523 1285 2649 1318 »--«
2676 1265 3000 1321 Humiliavit
3020 1266 3168 1320 enim
3198 1267 3578 1336 semetipsum,
3612 1286 3630 1316 ι

2047 1358 2195 1414 sicut
2236 1357 2504 1428 scriptum
2534 1365 2621 1412 est
2642 1357 2707 1422 ³¹,
2758 1372 2969 1427 suaque
2993 1364 3191 1427 sponte
3230 1356 3286 1410 in
3325 1364 3516 1411 nostra
3539 1356 3637 1410 de-

2048 1448 2267 1504 scendit
2305 1448 2650 1520 unigenitum
2675 1449 2774 1504 Dei
2802 1448 3066 1513 Verbum,
3091 1464 3202 1504 non
3224 1457 3286 1504 ut
3311 1464 3420 1503 una
3448 1449 3639 1503 nobis-

2049 1557 2178 1597 cum
2224 1540 2420 1597 mortis
2454 1541 2748 1612 imperium
2778 1541 3010 1607 subiret,
3037 1540 3444 1596 transmittente
3473 1540 3640 1595 etiam

2050 1636 2107 1691 in
2132 1635 2313 1707 ipsum
2334 1634 2544 1691 Adamo
2574 1633 3055 1691 mortiﬁcationem
3081 1633 3377 1706 (siquidem
3412 1633 3530 1703 ipse
3554 1640 3642 1686 est

2052 1729 2238 1785 omnia
2272 1725 2617 1798 viviﬁcans);
2661 1726 2759 1783 sed
2792 1735 2854 1781 ut
2886 1726 3128 1798 speciem
3155 1725 3319 1780 morti
3346 1723 3638 1778 obnoxiam

2051 1821 2371 1887 ostendens,
2419 1819 2489 1875 ad
2535 1819 2702 1874 vitam
2737 1817 3082 1874 transferret.
3113 1817 3326 1873 Idcirco
3350 1816 3527 1871 factus
3556 1820 3642 1869 est

2049 1926 2181 1965 caro
2207 1928 2218 1964 :
2250 1918 2416 1980 atque
2439 1909 2515 1964 ita
2547 1909 2766 1980 sapiens
2798 1908 3005 1964 Paulus
3042 1906 3239 1962 scribit
3269 1924 3282 1959 :
3331 1924 3350 1957 ι
3384 1904 3641 1972 Quando-

2048 2003 2274 2074 quidem
2319 2001 2468 2057 enim
2498 2016 2599 2072 per
2634 2001 2913 2056 hominem
2948 2015 3116 2063 mors,
3147 2005 3204 2054 et
3232 2014 3331 2069 per
3359 1997 3643 2053 hominem

2048 2098 2217 2151 etiam
2249 2094 2583 2150 resurrectio
2616 2110 2648 2149 a
2681 2093 2916 2148 mortuis
2945 2110 2958 2146 :
2989 2100 3045 2147 et
3065 2092 3211 2146 sicut
3238 2091 3293 2143 in
3316 2088 3489 2144 Adam
3517 2103 3642 2142 om-

2049 2201 2149 2241 nes
2186 2186 2521 2250 moriuntur,
2560 2184 2636 2238 ita
2672 2183 2840 2238 etiam
2882 2182 2938 2237 in
2976 2181 3198 2237 Christo
3233 2194 3428 2235 omnes
3458 2177 3642 2233 viviﬁ-

2049 2280 2328 2336 cabuntur
2348 2278 2412 2331 ³³.
2443 2297 2460 2328 ι
2487 2276 2806 2333 Absurdum
2823 2276 2974 2331 enim
2998 2275 3101 2344 12
3124 2273 3295 2329 fuerit
3319 2271 3641 2328 existimare

2048 2389 2080 2429 e
2106 2382 2253 2427 terra
2282 2370 2507 2443 quidem
2533 2370 2761 2434 factum,
2790 2377 2956 2439 atque
2981 2367 3262 2423 hominem
3285 2364 3643 2420 exsistentem

2049 2461 2246 2528 Adam,
2284 2459 2701 2525 exsecrationis,
2729 2474 2852 2529 quae
2883 2456 2987 2529 ipsi
3008 2455 3357 2523 accidit,vim
3381 2462 3642 2523 tanquam

2050 2550 2428 2607 haereditatem
2459 2546 2753 2619 quamdam
2774 2546 3103 2601 naturaliter
3128 2544 3185 2598 in
3214 2543 3534 2599 universum
3553 2557 3643 2613 ge-

2048 2660 2155 2698 nus
2194 2642 2498 2697 humanum
2552 2638 2975 2695 transmittere:
3030 2650 3333 2707 supernum
3393 2649 3527 2689 vero
3580 2648 3643 2688 ac

2050 2737 2355 2799 caelestem,
2394 2743 2451 2789 et
2490 2733 2661 2789 Deum
2696 2729 3001 2786 secundum
3031 2737 3286 2784 naturam
3310 2727 3642 2783 Emmanue-

2049 2830 2180 2894 lem,
2216 2836 2575 2898 nostramque
2616 2823 3037 2881 similitudinem
3071 2831 3316 2886 nactum,
3345 2835 3408 2874 ac
3442 2833 3643 2874 secun-

2050 2921 2184 2976 dum
2212 2920 2376 2975 nobis
2400 2918 2573 2974 Adam
2603 2917 2885 2982 eﬂ'ectum,
2919 2930 3031 2970 non
3059 2914 3225 2969 etiam
3252 2910 3484 2984 perinde
3515 2911 3643 2965 vita:

2051 3030 2164 3070 sua:
2210 3012 2511 3084 participes
2547 3009 2766 3066 abunde
2793 3007 3012 3063 eﬁicere
3042 3022 3139 3062 eos
3171 3005 3266 3076 qui
3296 3002 3643 3059 familiarita-

2052 3113 2163 3161 tcm
2209 3122 2336 3162 cum
2374 3106 2494 3175 ipso
2527 3104 2585 3160 in
2626 3103 2732 3158 ﬁde
2766 3100 2907 3156 inire
2933 3099 3232 3155 voluerint.
3271 3094 3643 3165 Concorporei

2050 3198 2201 3256 enim
2231 3197 2284 3253 ei
2314 3196 2443 3253 facti
2467 3210 2659 3251 sumus
2686 3211 2787 3266 per
2834 3192 3120 3266 mysticam
3173 3190 3642 3247 benedictionem.

2051 3291 2201 3348 Uniti
2238 3298 2424 3346 autem
2471 3304 2664 3344 sumus
2708 3288 2874 3342 etiam
2920 3286 3028 3341 alio
3071 3283 3257 3349 modo,
3286 3283 3416 3355 quia
3446 3281 3644 3337 divinae

2051 3384 2227 3454 ipsius
2250 3390 2464 3438 natura:
2494 3381 2624 3437 facti
2656 3394 2849 3435 sumus
2884 3377 3187 3450 participes
3223 3392 3323 3447 per
3353 3375 3642 3444 Spiritum.

2050 3475 2326 3530 lnhabitat
2357 3473 2506 3529 enim
2552 3482 2872 3527 sanctorum
2919 3469 3152 3532 animas,
3192 3475 3250 3522 et
3283 3465 3644 3536 quemadmo-

2049 3569 2181 3624 dum
2212 3569 2273 3623 B.
2322 3568 2563 3624 Joannes
2600 3565 2678 3621 ait
2708 3583 2721 3618 :
2765 3583 2784 3615 ι
2817 3564 2881 3618 In
2919 3562 3027 3616 hoc
3064 3560 3451 3631 cognoscimus
3497 3556 3644 3627 quod

1990 3652 2003 3667 ³
2049 3663 2106 3716 in
2130 3661 2295 3717 nobis
2315 3669 2422 3725 est,
2450 3676 2519 3716 ex
2542 3658 2751 3730 Spiritu
2792 3671 2957 3727 quem
2980 3653 3134 3709 dedit
3164 3652 3327 3709 nobis
3362 3651 3426 3705 ³³.
3467 3670 3486 3701 ι
3523 3650 3646 3720 Ipse

2050 3756 2220 3827 igitur
2265 3762 2351 3811 est
2388 3761 2578 3810 nostra
2620 3751 2754 3816 vita,
2808 3751 2927 3822 ipse
2972 3746 3315 3820 justiﬁcatio.
3365 3743 3646 3814 Scriptum

2048 3856 2234 3904 autem
2268 3857 2354 3904 est
2377 3861 2598 3902 rursum
2619 3864 2631 3898 :
2668 3863 2687 3895 ι
2709 3843 2882 3916 Igitur
2898 3841 3154 3911 sicutper
3174 3837 3338 3893 unius
3358 3835 3644 3897 delictum,

2049 3940 2104 3995 in
2162 3954 2356 3994 omnes
2388 3936 2644 3993 homines
2678 3935 2735 3990 in
2760 3931 3277 3989 condemnationem
3305 3947 3320 3993 ;
3354 3928 3435 3983 sic
3465 3935 3522 3981 et
3550 3940 3646 3996 per

2049 4030 2215 4086 unius
2232 4029 2527 4101 justitiam,
2562 4028 2619 4082 in
2639 4040 2833 4081 omnes
2852 4021 3105 4078 homines
3123 4022 3177 4075 in
3196 4016 3645 4092 justiﬁeationem

2046 4123 2177 4179 vitae
2201 4123 2267 4177 “.
2298 4142 2316 4175 ι
2353 4122 2423 4177 Ει
2464 4136 2688 4176 rursum
2722 4137 2735 4172 :
2774 4137 2793 4169 ι
2829 4116 2985 4173 Sicut
3007 4115 3156 4170 enim
3185 4128 3286 4184 per
3316 4109 3647 4166 inobedien-

2049 4217 2180 4271 tiam
2197 4215 2363 4271 unius
2385 4214 2629 4269 hominis
2650 4219 2970 4284 peccatores
2996 4206 3280 4265 constituti
3303 4210 3431 4259 sunt
3455 4202 3647 4262 multi:

2048 4311 2125 4365 ita
2185 4324 2286 4380 per
2349 4306 2728 4362 obedientiam
2793 4304 2962 4358 unius
3037 4299 3171 4373 juSti
3238 4300 3657 4355 constituentur

2047 4400 2209 4457 multi
2232 4400 2299 4454 ³⁸.
2323 4420 2340 4451 ι
2365 4399 2590 4454 Minime
2620 4397 2788 4467 igitur
2800 4396 3225 4458 obscurumest,
3243 4391 3391 4462 quod
3408 4391 3646 4444 etiamin

2046 4493 2228 4564 primo
2271 4489 2447 4546 Adam
2493 4488 2701 4545 Christi
2742 4484 3071 4558 mysterium
3106 4492 3239 4539 tunc
3258 4482 3648 4538 adumbratam

2049 4583 2173 4649 fuit,
2196 4601 2306 4640 non
2319 4600 2418 4655 per
2430 4582 2641 4653 aequale
2664 4581 2891 4637 omnino
2922 4578 3304 4636 indiﬁ‘erenter
3329 4575 3646 4647 ﬁguratum,

2050 4676 2144 4733 sed
2167 4673 2539 4732 diversimode
2557 4690 2615 4729 se
2643 4673 2877 4739 habens,
2901 4679 2957 4728 et
2983 4686 3015 4727 e
3050 4684 3340 4726 converso.
3376 4668 3471 4722 ille
3500 4666 3648 4720 enim

2049 4769 2156 4825 fuit
2196 4766 2530 4840 principium
2561 4766 2753 4838 generi
2791 4767 3035 4821 humano
3052 4763 3118 4820 ad
3138 4759 3617 4827 mortem,malcdi

2049 4861 2291 4917 ctionem
2304 4869 2361 4916 et
2384 4859 2899 4914 condemnationem
2920 4876 2931 4911 :
2950 4858 3044 4912 hic
3060 4871 3191 4911 vero
3204 4854 3271 4910 ad
3291 4853 3473 4909 omnia
3487 4851 3647 4921 plane

2051 4953 2353 5019 contraria,
2399 4952 2469 5009 ad
2497 4953 2689 5019 vitam,
2722 4952 3172 5008 benedictionem
3200 4963 3263 5003 ac
3296 4944 3646 5018 justiﬁcatio-

2051 5062 2200 5102 nem.
2240 5044 2422 5116 Atque
2457 5044 2549 5099 ille
2593 5044 2818 5115 quidem
2858 5043 2916 5096 in
2956 5057 3121 5096 unam
3150 5054 3372 5095 carnem
3405 5035 3647 5105 suscepit

2050 5136 2363 5201 mulierem,
2384 5143 2554 5206 etper
2570 5135 2719 5189 illam
2738 5131 2983 5189 interiit:
3015 5130 3270 5186 Christus
3294 5142 3428 5183 vero
3455 5126 3647 5181 Eccle-

2050 5230 2189 5285 siam
2236 5228 2342 5285 sibi
2376 5227 2482 5299 ipsi
2530 5226 2916 5298 conglutinans
2939 5239 3037 5295 per
3068 5223 3348 5295 Spiritum,
3385 5219 3559 5274 salvat
3582 5234 3647 5272 ac

2049 5322 2269 5387 liberat,
2308 5330 2367 5380 et
2398 5319 2689 5376 diabolicis
2739 5317 3033 5373 fraudibus
3063 5315 3405 5386 superiorem
3458 5309 3642 5367 ellieit.

2049 5414 2261 5470 Idcirco
2295 5414 2463 5469 etiam
2494 5412 2730 5468 clamare
2763 5411 2959 5468 suadet
2990 5428 3003 5463 :
3042 5430 3060 5461 ι
3086 5409 3277 5478 Neque
3301 5403 3449 5460 enim
3472 5398 3648 5473 ips‘ins

2051 5502 2413 5576 cogitationes
2435 5503 2753 5575 ignoramus
2796 5502 2864 5557 “.
2903 5522 2921 5553 ι
2973 5501 3038 5556 Et
3058 5501 3269 5571 primus
3297 5495 3521 5567 quidem
3547 5508 3646 5563 pa-

2054 5611 2184 5651 rens
2227 5594 2401 5651 Adam
2448 5594 2662 5667 peccati
2715 5591 3049 5655 mercedem,
3103 5606 3169 5645 ac
3198 5582 3647 5656 transgressionis

2052 5704 2165 5744 suae
2200 5703 2420 5760 poenam
2451 5687 2576 5743 tulit
2608 5686 2893 5743 interitum
2920 5703 2933 5751 ;
2958 5684 3179 5738 Christo
3202 5688 3384 5736 autem
3409 5676 3477 5731 ad
3513 5690 3643 5745 pec-

2105 5807 2148 5840 "
2181 5806 2381 5880 Philip.
2410 5823 2467 5874 ll,
2498 5807 2531 5863 8
2629 5806 2673 5842 ⁸³
2711 5806 2731 5869 ι
2766 5804 2895 5888 Cor.
2928 5820 3016 5870 xv,
3052 5801 3143 5869 2|,
3184 5799 3273 5855 22.
3357 5795 3402 5828 ³³
3429 5794 3447 5850 ι
3478 5795 3639 5851 Joan.
