4092 6466
445 403 510 461 ει
1470 402 1523 458 5.
1567 402 1840 458 CYRlLLl
1884 402 2355 459 ALEXANDRINI
2392 406 2711 463 ARCHIEP.
3634 411 3705 466 32

446 521 632 569 catum
672 514 888 587 justitia
938 515 1331 586 imputabatur,
1367 516 1672 571 secundum
1717 514 2032 570 Judaeorum

2138 515 2343 586 φθοράν
2365 535 2378 547 ·
2415 519 2670 592 ἔγκλημα
2690 521 2747 575 δὲ
2781 516 2848 593 ἦν
2879 524 2911 594 ἡ
2940 523 3255 593 δικαιοσύνη
3295 526 3536 597 Χριστῷ,
3565 538 3707 581 κατα

445 615 752 679 stuporem.
803 608 1015 663 Idcirco
1060 623 1160 679 per
1215 608 1525 677 passionem
1571 608 1764 661 mortis
1815 607 2028 661 honore

444 710 743 757 coronatur
791 711 848 757 et
897 702 1091 773 gloria,
1137 704 1295 774 juxta
1343 702 1489 756 beati
1534 700 1688 755 Pauli
1738 714 1928 755 vocem
1958 698 2023 750 ⁸⁷.

444 793 716 848 Prmterea
746 792 927 862 primo
957 794 1037 847 illi
1063 792 1235 846 Adam
1264 792 1378 846 sola
1407 790 1787 846 tantummodo
1820 804 1884 843 ea
1907 802 2030 857 quae

445 887 500 940 in
549 894 694 941 terra
715 896 894 949 erant,
928 886 1173 955 subjecta
1203 894 1381 947 erant,
1410 883 1632 938 Christo
1660 896 1792 936 vero
1822 879 2026 934 omnia.

446 974 698 1029 Flectunt
718 976 864 1029 enim
897 975 1000 1045 ipsi
1030 990 1174 1044 genu
1207 975 1412 1035 omnia,
1444 972 1709 1036 cmlestia,
1742 969 2025 1026 terrestria

445 1072 609 1135 atque
642 1066 872 1133 inferna,
898 1076 956 1122 et
980 1067 1162 1122 omnis
1186 1068 1286 1137 13
1317 1066 1501 1136 lingua
1533 1062 1845 1126 conﬁtetur,
1875 1060 2022 1131 quod

446 1156 711 1215 Dominus
739 1160 899 1216 Jesus
921 1160 1176 1216 Christus
1203 1159 1258 1213 in
1281 1159 1453 1229 gloria
1477 1156 1575 1212 Dei
1597 1155 1791 1211 Patris.
1818 1152 2011 1206 Amen.

984 1367 1062 1421 De
1096 1367 1229 1423 Cain
1260 1377 1307 1421 et
1344 1365 1492 1421 Αιρι.

520 1455 570 1509 1.
594 1454 848 1528 Subjecta
877 1456 1097 1526 quidem
1129 1456 1233 1511 fuit
1263 1455 1502 1510 hominis
1528 1461 1744 1515 natura,
1776 1450 1945 1505 veluti
1969 1450 2022 1502 in

2127 625 2190 676 γε
2225 608 2324 679 τὴν
2357 610 2466 664 τῶν
2512 612 2780 667 Ἰουδαίων
2834 612 3252 688 ἐμϐροντησίαν.
3299 618 3586 690 Τοιγάρτοι
3617 620 3705 674 διὰ

2126 700 2188 751 τὸ
2218 699 2449 772 πάθημα
2486 702 2578 763 τοῦ
2609 703 2841 759 θανάτου
2894 710 3027 779 τιμῇ
3057 709 3415 778 στεφανοῦται
3443 712 3536 765 καὶ
3554 712 3703 782 δόξῃ,

2129 791 2269 843 κατὰ
2292 794 2394 861 τὴν
2424 794 2520 848 τοῦ
2573 797 2846 867 μακαρίου
2877 797 3094 852 Παύλου
3131 800 3334 872 φωνήν.
3363 801 3473 855 Καὶ
3494 799 3574 873 τῷ
3609 804 3705 873 μὲν

2142 880 2316 952 Ἀδὰμ.
2370 886 2507 953 μόνα
2538 904 2598 939 τε
2636 888 2731 940 καὶ
2776 888 2930 957 μόλις
2972 888 3041 943 τὰ
3069 892 3162 943 ἐπὶ
3205 892 3308 961 γῆς
3339 892 3699 946 ὑπετάττετο·

2130 971 2351 1044 Χριστῷ
2380 974 2438 1027 δὲ
2473 977 2538 1030 τὰ
2569 978 2766 1031 πάντα.
2818 979 3044 1049 Κάμψει
3076 979 3185 1051 γὰρ
3239 981 3388 1052 αὐτῷ
3430 984 3539 1036 πᾶν
3570 983 3704 1051 γόνυ

2129 1062 2490 1136 ἐπουρανίων,
2510 1071 2605 1122 καὶ
2627 1071 3013 1139 ὲπιγείων,καὶ
3038 1074 3426 1143 καταχθονίων,
3464 1075 3559 1128 καὶ
3598 1077 3703 1129 πᾶ-

2124 1169 2191 1205 σα
2233 1156 2455 1223 γλῶσσα
2487 1160 2911 1231 ὲξομολογεῖται,
2958 1163 3042 1219 ὅτι
3081 1163 3284 1235 Κύριος
3323 1164 3526 1236 Ἰησοῦς
3566 1168 3703 1238 Χρι-

2127 1247 2247 1312 στὸς
2276 1251 2356 1315 είς
2379 1252 2534 1319 δόξαν
2566 1254 2703 1308 Θεοῦ
2726 1256 2957 1327 Πατρός.
2997 1258 3186 1328 Ἀμήν.

2419 1366 2556 1435 Περὶ
2586 1367 2692 1422 τοῦ
2719 1369 2885 1434 Κάϊν,
2916 1371 3013 1424 καὶ
3046 1371 3151 1425 τοῦ
3183 1373 3379 1426 Ἅϐελ.

2193 1462 2261 1513 α’.
2313 1457 2708 1530 ’Υπενήνεκται
2754 1462 2852 1532 μὲν
2895 1465 2928 1533 ἠ
2976 1462 3263 1534 ἀνθρώπου
3316 1464 3493 1534 φύσις,
3530 1464 3603 1530 ὡς
3647 1468 3706 1519 ἐν

450 1547 720 1616 principio
746 1549 965 1617 generis
998 1548 1054 1602 in
1082 1549 1313 1611 Adamo,
1356 1558 1417 1603 ut
1443 1548 1607 1601 modo
1628 1544 1763 1608 dixi,
1790 1545 1948 1597 morti
1978 1551 2027 1597 et

2136 1550 2264 1620 ipxﬁ
2295 1550 2392 1602 τοῦ
2432 1552 2621 1619 γένους
2666 1555 2727 1605 ὲν
2772 1553 2965 1623 Ἀδὰμ,
3014 1554 3268 1625 καθάπερ
3294 1553 3431 1623 ἔφην
3474 1555 3703 1625 ἀρτίως,

451 1647 660 1705 peccato
691 1638 1013 1708 :redempta
1044 1648 1226 1693 autem
1275 1646 1355 1692 est
1386 1653 1497 1691 non
1530 1636 1690 1691 aliter
1728 1649 1890 1704 quam
1932 1649 2031 1703 per

2136 1640 2357 1704 θανάτῳ
2404 1642 2501 1694 καί
2533 1643 2821 1711 ἁμαρτίαι
2865 1642 3201 1713 λελύτρωται
3243 1644 3299 1697 δὲ
3333 1644 3431 1716 οὐχ
3479 1645 3702 1715 ἑτέρως,

451 1730 628 1784 solum
657 1730 959 1786 Christum.
1013 1731 1148 1787 Nam
1176 1731 1322 1785 sicut
1347 1729 1520 1801 ipsius
1561 1728 1863 1797 discipulus
1885 1727 2023 1781 scri-

2136 1732 2271 1803 πλὴν
2300 1733 2380 1786 ὅτι
2408 1734 2494 1787 διὰ
2517 1734 2676 1804 μόνου
2695 1735 2954 1807 Χριστοῦ.
2994 1736 3078 1798 Ὠς
3101 1734 3210 1807 γὰρ
3235 1737 3263 1789 6
3281 1736 3443 1789 αὐτοῦ
3461 1736 3705 1807 γέγραφε

452 1823 532 1878 bit
572 1840 584 1877 :
627 1842 644 1875 ι
681 1823 801 1878 Non
833 1834 917 1879 est
944 1823 1091 1879 aliud
1122 1839 1321 1878 nomen
1342 1824 1444 1879 sub
1472 1822 1609 1877 caelo
1642 1821 1827 1875 datum
1852 1821 2027 1875 homi-

2136 1824 2400 1897 μαθητὴς,
2440 1845 2458 1877 ι
2505 1827 2618 1880 Οὐκ
2654 1827 2799 1879 ἔστιν
2822 1828 2993 1898 ὄνομα
3015 1827 3201 1899 ἕτερον
3239 1829 3341 1882 ὑπὸ
3366 1828 3454 1881 τὸν
3480 1828 3706 1902 οὐρανὸν

451 1914 632 1981 nibus,
677 1916 733 1970 in
779 1931 888 1986 quo
926 1924 1179 1985 oporteat
1226 1931 1326 1970 nos
1371 1915 1567 1968 salvari
1592 1914 1657 1966 ⁸⁸.
1691 1933 1708 1964 ι
1775 1912 2026 1981 Oportuit

2136 1918 2192 1968 τὸ
2220 1916 2501 1988 δεδομένον
2523 1920 2579 1970 ὲν
2605 1919 2928 1990 ἀνθρώποις,
2961 1922 3016 1972 ὲν
3042 1912 3085 1987 ᾧ
3113 1920 3191 1973 δεῖ
3221 1920 3453 1989 σωθῆναι
3481 1920 3647 1989 ἡμᾶς.
3682 1937 3698 1969 ι

450 2010 595 2063 enim
627 2023 754 2063 eum
785 2025 885 2079 per
908 2023 1072 2079 quem
1098 2006 1282 2062 omnia
1314 2014 1494 2060 ortum
1538 2013 1698 2058 nacta
1737 2013 1901 2069 sunt,
1939 2003 2025 2057 in—

2136 2005 2281 2057 Ἔδει
2305 2006 2434 2077 γὰρ,
2471 2006 2576 2059 ἔδει
2606 2006 2695 2059 τὸν
2737 2006 2801 2059 δι’
2835 2001 2895 2061 οὗ
2939 2009 3004 2060 τὰ
3055 2007 3230 2060 πάντα
3274 2007 3530 2079 παρήχθη
3571 2009 3705 2079 πρὸς

452 2109 814 2157 atauratorem
872 2101 990 2155 ﬁeri
1037 2116 1229 2156 eorum
1269 2114 1390 2168 qua:
1436 2106 1690 2166 corrupta
1727 2104 1904 2159 erant,
1944 2096 2028 2149 vi-

2136 2092 2387 2165 ῦπαρξιν,
2407 2096 2797 2168 ἅνακαινιστὴν
2819 2097 3071 2165 γενέσθαι
3089 2097 3197 2151 τῶν
3217 2098 3703 2168 κατεφθαρμένων,

454 2192 699 2262 tiumque
740 2208 809 2247 ex
848 2201 1072 2262 peccato
1112 2200 1452 2245 contractum
1499 2187 1817 2258 proﬂigare,
1857 2187 2032 2255 quod-

2136 2188 2226 2239 καὶ
2256 2187 2352 2258 τὴν
2379 2190 2442 2240 ὲκ
2477 2189 2579 2258 τῆς
2603 2189 2876 2261 ἁμαρτίας
2926 2189 3209 2254 ὲξελᾶσθαι
3260 2192 3506 2260 πήρωσιν
3530 2203 3544 2219 ·
3578 2207 3707 2243 κατ·

450 2296 561 2353 que
590 2283 730 2338 male
764 2283 1003 2338 habebat
1028 2282 1268 2345 abolere,
1311 2290 1472 2349 atque
1498 2280 1568 2335 iis
1599 2279 1693 2350 qui
1714 2294 1812 2349 per
1851 2277 2027 2348 ipsum

453 2376 581 2430 facti
609 2383 787 2440 erant,
814 2374 1021 2429 bonum
1057 2374 1308 2427 habitum
1348 2371 1574 2443 largiter
1606 2370 1896 2439 impertiri.
1935 2368 2029 2423 Di-

453 2468 594 2523 vina:
624 2468 772 2523 enim
803 2468 1062 2538 potentiae
1083 2483 1147 2523 ac
1169 2467 1359 2522 virtuti
1396 2465 1720 2536 praeclarum
1757 2462 1863 2517 hoc
1894 2475 2033 2531 opus

455 2561 767 2626 tribuerim,
795 2577 920 2617 cum
950 2577 1013 2615 ea
1037 2576 1158 2631 qua:
1189 2577 1297 2614 non
1321 2567 1449 2615 sunt
1475 2558 1543 2612 ad
1575 2573 1695 2612 esse
1721 2555 2031 2619 traducere,

456 2661 572 2707 tum
597 2666 664 2707 ea
688 2668 810 2723 quae
831 2669 862 2707 a
888 2660 1037 2707 recto
1080 2653 1466 2721 inculpatoquc
1494 2657 1639 2705 statu
1670 2647 2031 2708 deﬂexerunt,

455 2743 524 2800 ad
550 2744 756 2799 bonum
784 2744 1035 2798 habitum
1064 2758 1343 2798 revocare.
1373 2747 1638 2797 Ustensus
1657 2741 1840 2810 itaque
1866 2750 1953 2819 est
1977 2739 2034 2793 in

457 2836 627 2891 Adam
651 2835 817 2906 hujus
862 2837 945 2891 rei
979 2846 1158 2908 typus.
1188 2835 1390 2891 Videas
1429 2843 1610 2889 autem
1645 2834 1822 2903 ipsum
1861 2830 2034 2885 nihilo

456 2928 636 2984 secius
664 2927 718 2983 id
746 2928 801 2982 in
823 2925 945 2983 aliis
979 2928 1047 2982 ab
1068 2926 1187 2998 ipso
1212 2926 1371 2982 factis
1410 2925 1835 2981 describentem.
1868 2922 2031 2978 Sum-

459 3018 645 3075 matim
674 3017 822 3074 enim
868 3018 925 3074 in
956 3018 1177 3075 Christo
1203 3017 1412 3089 colligit
1438 3017 1618 3071 omnia
1645 3031 1766 3085 quae
1796 3015 1850 3069 in
1880 3015 2035 3071 caelis

454 3121 511 3166 et
533 3128 654 3183 qua:
693 3109 747 3165 in
780 3121 927 3167 terra
954 3112 1100 3166 Deus
1136 3120 1199 3166 et
1226 3112 1406 3166 Pater.
1436 3111 1504 3165 Et
1533 3108 1679 3179 quod
1713 3107 1779 3162 ad
1816 3123 1878 3162 ca
1913 3122 2035 3176 quat

457 3202 682 3257 minime
711 3203 1001 3268 convenit,
1030 3202 1242 3272 lapsum
1281 3207 1419 3265 erat,
1459 3200 1527 3254 ad
1556 3200 1795 3270 primum
1831 3207 2034 3254 statum

459 3294 706 3360 reducit;
738 3295 807 3348 iis
831 3311 953 3365 quae
986 3295 1199 3349 interea
1220 3292 1565 3355 acciderant,
1603 3290 1775 3361 ipsius
1820 3305 1884 3344 ac
1909 3289 2032 3360 qui-

2130 2281 2368 2350 αργῆσαι
2389 2280 2446 2333 δὲ
2474 2281 2535 2333 τὸ
2556 2281 2781 2343 λυποῦν.
2826 2283 2920 2336 καὶ
2950 2283 3010 2335 τὸ
3052 2278 3111 2336 εὖ
3156 2279 3295 2337 εἶναι
3326 2283 3487 2337 πάλιν
3508 2283 3708 2337 διανεῖ-

2132 2389 2234 2442 μαι
2255 2372 2525 2434 πλουσίως
2554 2375 2668 2436 τοῖς
2697 2373 2762 2427 δι’
2795 2373 2960 2427 αὐτοῦ
2984 2373 3251 2443 γεγονόσι.
3280 2374 3573 2446 Δυνάμεως
3599 2376 3706 2447 γὰρ

2129 2461 2231 2528 τῆς
2278 2461 2637 2531 θεοπρεποῦς,
2683 2464 2777 2517 καὶ
2815 2465 2999 2535 μέντοι
3038 2467 3132 2519 καὶ
3155 2465 3425 2533 ἐξουσίας,
3467 2467 3614 2537 δοίην
3643 2467 3710 2521 ἂν

2133 2550 2311 2619 ἔγωγε
2343 2554 2604 2625 λαμπρὰν
2644 2554 2898 2622 γενέσθαι
2932 2554 3295 2628 κατόρθωσιν,
3324 2557 3416 2610 καὶ
3440 2556 3501 2610 τὸ
3529 2560 3591 2610 ὲκ
3615 2556 3707 2609 τοῦ

2137 2645 2209 2717 μὴ
2240 2645 2391 2710 ὄντος
2430 2648 2510 2709 εἰς
2550 2646 2611 2699 τὸ
2643 2642 2777 2700 εἶναι
2812 2646 3074 2701 δύνασθαι
3111 2650 3489 2720 παρενεγκεῖν,
3520 2649 3614 2700 καὶ
3642 2649 3710 2702 τὰ

2131 2730 2226 2785 τοῦ
2251 2733 2431 2795 καλῶς
2442 2751 2501 2787 τε
2524 2734 2617 2787 καὶ
2641 2734 2937 2805 ἀλωὸήτως
2964 2735 3107 2805 ἔχειν
3129 2736 3489 2807 ἡμαρτηκότα
3525 2755 3711 2808 μονον·

2132 2826 2252 2894 ουχὶ
2281 2824 2651 2897 παλινάγρετα
2682 2826 2817 2897 πρὸς
2843 2826 2903 2879 τὸ
2946 2823 3004 2879 εῦ
3034 2823 3172 2880 εἶναι
3210 2827 3416 2883 καλεῖν.
3438 2828 3711 2882 Δέδεικται

2137 2914 2237 2984 μὲν
2273 2910 2366 2968 οὖν
2400 2916 2458 2967 ὲν
2508 2914 2682 2981 ’Λδὰμ
2723 2917 2750 2968 6
2785 2916 2877 2969 ἐπὶ
2906 2915 3043 2986 τᾷδε
3084 2917 3273 2981 τύπος.
3308 2918 3434 2971 Ἴδοι
3460 2918 3504 2972 δ’
3528 2918 3593 2973 ἄν
3630 2937 3712 2982 τις

2133 3006 2286 3059 οὐδὲν
2335 3001 2499 3077 ἦττον
2546 3007 2708 3060 αὐτὸν
2752 3009 2848 3062 καὶ
2893 3009 2950 3061 ὲν
2986 3010 3099 3073 τοῖς
3147 3008 3207 3074 ἐξ
3252 3008 3418 3063 αὐτοῦ
3461 3010 3712 3079 γεγονόσι

2135 3099 2502 3169 γραφόμενον.
2547 3099 3071 3168 Ἀνακενραλαιοῦται
3099 3100 3205 3172 γὰρ
3238 3103 3294 3154 ὲν
3319 3100 3541 3172 Χριστῷ
3565 3102 3632 3155 τά
3654 3119 3712 3154 τε

2137 3193 2194 3243 ὲν
2225 3194 2336 3254 τοῖς
2368 3192 2619 3262 οὐρανοῖς
2652 3193 2745 3245 καὶ
2774 3193 2842 3247 τὰ
2866 3192 2958 3245 ἐπὶ
2979 3195 3077 3263 τῆς
3107 3193 3210 3263 γῆς
3244 3194 3270 3246 6
3301 3192 3432 3256 Θεὸς
3471 3193 3565 3246 καὶ
3605 3210 3714 3246 πα-

2137 3283 2261 3353 τήρ.
2293 3284 2401 3336 Ka‘t
2429 3283 2490 3335 τὸ
2511 3284 2595 3353 ἐφ’
2625 3283 2660 3337 ἃ.
2698 3284 2771 3354 μὴ
2807 3283 3083 3355 προσῆκεν
3109 3283 3426 3353 ὀλισθῆσαν,
3455 3283 3715 3337 ἀναϐιϐά-

456 3385 581 3439 dem
603 3385 776 3440 solius
797 3385 1109 3441 interventu
1148 3384 1215 3439 de
1240 3383 1421 3438 medio
1458 3382 1708 3445 sublatis,
1734 3380 1911 3450 iisque
1940 3380 2033 3449 qui

2139 3373 2291 3436 ζεται
2312 3373 2444 3444 πρὸς
2466 3374 2527 3426 τὸ
2556 3375 2614 3426 ὲν
2649 3375 2865 3445 ἀρχαῖς,
2896 3374 2963 3428 δι’
3000 3374 3166 3427 αὑτοῦ
3202 3374 3264 3444 δὴ
3293 3374 3386 3427 καὶ
3420 3374 3580 3445 μόνου
3607 3376 3716 3428 τῶν

458 3475 513 3530 in
560 3486 708 3532 terra
757 3485 887 3532 sunt
937 3477 1005 3532 ad
1034 3478 1334 3531 novitatem
1380 3484 1646 3531 creaturae
1696 3474 2033 3529 instauratis.

458 3567 608 3622 Nova
645 3569 793 3623 enim
823 3567 884 3622 fit
922 3581 1179 3624 creatura
1209 3569 1263 3621 in
1298 3568 1437 3637 ipso,
1459 3574 1514 3621 et
1536 3583 1701 3621 verus
1726 3576 1809 3621 est
1834 3582 2034 3621 sermo.

460 3659 595 3716 Vide
643 3661 827 3731 itaque
864 3662 1029 3717 etiam
1072 3662 1129 3716 in
1164 3660 1300 3716 Abel
1347 3670 1401 3716 et
1421 3660 1556 3717 Cain
1600 3659 1805 3715 Christi
1839 3667 2039 3730 myste-

460 3753 626 3816 rium,
652 3769 751 3823 per
764 3752 909 3821 quod
932 3753 1096 3807 etiam
1121 3752 1310 3807 salvati
1340 3767 1548 3806 sumus.
1572 3750 1847 3820 Scriptum
1871 3751 2037 3821 igitur

458 3852 547 3897 est
578 3842 633 3897 in
655 3842 851 3898 Genesi
890 3861 902 3896 :
939 3863 957 3894 ι
997 3843 1169 3898 Adam
1198 3852 1380 3898 autem
1424 3842 1678 3914 cognovit
1705 3842 1871 3897 Evam
1906 3858 2039 3897 uxo—

459 3948 578 3988 rem
634 3948 811 3997 suam,
856 3942 912 3987 et
941 3933 1259 4002 concipiens
1286 3933 1500 4003 peperit
1525 3933 1680 3996 Cain,
1738 3942 1795 3988 et
1849 3933 2033 3988 dixit:

461 4021 686 4078 Possedi
718 4024 994 4079 hominem
1033 4041 1130 4094 per
1152 4025 1343 4087 Deum,
1375 4034 1431 4080 ct
1465 4024 1676 4079 addidit
1705 4040 1899 4095 parere
1927 4024 2036 4078 fra-

462 4123 601 4168 trem
654 4114 773 4185 ejus
808 4113 964 4169 Abel.
1012 4115 1080 4170 Et
1125 4115 1229 4170 fuit
1265 4115 1400 4171 Abel
1441 4125 1625 4185 pastor
1662 4113 2035 4180 ovium;Cain

460 4216 643 4261 autem
676 4206 1054 4277 fuitagricola.
1086 4208 1156 4263 Et
1182 4207 1381 4263 factum
1413 4218 1516 4271 est,
1560 4217 1685 4279 post
1713 4207 1833 4262 dies
1872 4207 2037 4261 obtu-

460 4291 523 4349 lit
552 4293 685 4350 Cain
721 4295 788 4350 de
816 4295 1088 4351 fructibus
1134 4304 1293 4351 terra:
1330 4296 1660 4352 sacrificium
1689 4296 1951 4360 Domino,
1982 4305 2039 4350 et

458 4383 594 4439 Abel
626 4385 827 4441 obtulit
858 4395 914 4442 et
948 4386 1062 4457 ipse
1096 4386 1164 4441 dc
1181 4387 1557 4459 primogenitis
1579 4387 1763 4442 ovium
1790 4403 2036 4451 suarum,

456 4483 514 4528 et
546 4475 613 4530 de
645 4475 900 4546 adipibus
927 4491 1137 4531 earum.
1170 4476 1239 4532 Et
1271 4477 1510 4547 respexit
1544 4477 1690 4531 Deus
1721 4476 1788 4530 ad
1818 4476 1953 4530 Abel
1984 4485 2041 4532 et

456 4565 528 4620 ad
557 4582 783 4620 munera
824 4565 946 4637 ejus
977 4586 989 4621 :
1018 4567 1087 4623 ad
1145 4567 1279 4622 Cain
1323 4579 1506 4623 autem
1548 4575 1605 4622 et
1656 4567 1722 4621 ad
1771 4566 2036 4621 sacrificia

457 4657 579 4727 ejus
615 4673 726 4711 non
760 4657 1013 4713 attendit.
1082 4659 1152 4713 Et
1195 4657 1528 4714 tristificavit
1584 4656 1717 4713 Cain
1767 4657 1946 4722 valde,
1980 4667 2035 4712 et

2143 3464 2343 3533 μεταξὺ
2392 3462 2943 3533 παρεισϐεόληκότων
2964 3502 2977 3527 ,
3024 3464 3322 3534 οἰχομένων
3355 3465 3455 3536 ἤδη
3492 3464 3627 3535 πρὸς
3657 3463 3719 3518 τὸ

2142 3556 2334 3625 μηδὲν,
2360 3555 2454 3608 καὶ
2476 3556 2556 3616 εἰς
2580 3556 2879 3627 καινότητα
2909 3555 3139 3620 κτίσεως
3161 3555 3719 3626 ἀναστοιχειουμένων

2136 3646 2245 3699 τῶν
2293 3647 2384 3699 ἐπὶ
2416 3649 2515 3717 τῆς
2566 3649 2689 3718 γῆς.
2738 3649 2917 3719 Καινὴ
2951 3647 3059 3716 γὰρ
3101 3647 3280 3711 κτίσις
3312 3649 3368 3701 ὲν
3410 3648 3579 3719 αὐτῷ,
3622 3649 3718 3701 καὶ

2136 3737 2340 3809 ἀληθὴς
2370 3739 2399 3790 6
2425 3738 2602 3804 λόγος.
2639 3739 2829 3809 Ἀθρει
2855 3738 2919 3809 δὴ
2949 3736 3061 3802 οὖν,
3089 3738 3245 3809 ἄθρει
3269 3738 3361 3791 καὶ
3388 3728 3444 3791 ἓν
3475 3738 3640 3791 ’Λϐελ
3657 3755 3718 3792 τε

2138 3829 2231 3882 καὶ
2269 3829 2427 3893 Κάῖν,
2463 3828 2522 3883 τὺ
2558 3828 2795 3899 Χριστοῦ
2840 3830 3161 3901 μυστήριον,
3216 3829 3283 3883 δι’
3328 3824 3388 3883 οῦ
3421 3831 3513 3883 καὶ
3550 3830 3720 3883 σεσώ-

2139 3923 2333 3993 σμεθα.
2363 3923 2676 3994 Γέγραπται
2703 3923 2881 3975 τοίνυν
2922 3923 2979 3973 ὲν
3001 3925 3063 3992 τῇ
3108 3921 3321 3975 Γενέσει
3348 3940 3361 3953 ·
3406 3942 3425 3974 ι
3468 3922 3639 3993 ’Λὸαμ
3663 3923 3720 3977 δὲ

2139 4013 2281 4081 ἔγνω
2310 4013 2457 4068 Εὕαν
2484 4014 2581 4085 τὴν
2600 4017 2835 4083 γυναῖκα
2863 4013 3051 4075 αὑτοῦ,
3081 4015 3173 4067 xal.
3201 4015 3537 4069 συλλαϐοῦσα
3568 4014 3721 4068 ἔτεκε

2138 4104 2228 4156 τδν
2255 4104 2417 4169 nam,
2456 4106 2549 4158 καὶ
2574 4100 2727 4158 εἶπεν
2753 4123 2766 4137 ·
2803 4105 3155 4177 Ἐκτησάμην
3182 4106 3467 4179 ἄνθρωπον
3510 4107 3599 4161 διὰ
3627 4107 3720 4161 τοῦ

2139 4194 2298 4258 Θεοῦ,
2335 4196 2430 4249 καὶ
2471 4196 2770 4267 προσέθετο
2799 4201 2979 4250 τεκεῖν
3018 4199 3109 4252 τὸν
3161 4198 3387 4268 ἀδελφὸν
3433 4199 3596 4253 αὑτοῦ
3630 4202 3723 4253 τὸν

2144 4287 2329 4342 Ἀσελ.
2364 4289 2474 4343 Kal.
2500 4290 2719 4358 ἐγένετο
2743 4288 2909 4343 Ἀόελ
2934 4289 3136 4360 ποιμὴν
3163 4291 3470 4360 προϐάτων.
3502 4291 3642 4344 Kcin
3665 4292 3723 4344 δὲ

2138 4375 2206 4449 ἧν
2238 4368 2611 4452 ἐργαζόμενος
2651 4381 2749 4453 τὴν
2781 4385 2904 4453 γῆν.
2935 4383 3044 4435 Καὶ
3072 4382 3288 4449 ἐγένετο
3330 4379 3449 4451 μεθ’
3484 4383 3720 4454 ἡμέρας,

2140 4473 2341 4542 ἤνεγκε
2389 4474 2528 4527 Κάῖν
2575 4474 2683 4527 ἀπὸ
2714 4474 2822 4525 τῶν
2866 4474 3093 4545 καρπῶν
3126 4473 3226 4540 τῆς
3272 4472 3377 4541 γῆς
3411 4472 3601 4526 θυσίαν
3646 4472 3725 4544 τῷ

2141 4565 2350 4636 Κυρίῳ,
2388 4564 2482 4617 καὶ
2516 4565 2682 4617 ’Λόελ
2705 4565 2903 4635 ἤνεγκε
2931 4563 3025 4617 καὶ
3052 4562 3213 4627 αὐτὸς
3241 4563 3347 4616 ἀπὸ
3380 4563 3486 4616 τῶν
3515 4580 3716 4635 πρωτο-

2142 4656 2314 4707 πόκων
2348 4655 2457 4708 τῶν
2504 4655 2790 4726 προϐάτων
2825 4653 3009 4717 αὑτοῦ,
3047 4655 3140 4707 καὶ
3175 4655 3283 4708 ἀπὸ
3326 4656 3435 4708 τῶν
3485 4656 3724 4708 στεάτων

457 4717 697 4802 concidit
719 4748 903 4803 vultus
953 4749 1089 4818 ejus.
1140 4748 1245 4820 14
1291 4748 1359 4802 Ει
1405 4746 1543 4801 dixit
1582 4744 1846 4801 Dominus
1891 4717 2033 4800 Deus

2140 4746 2338 4799 αὐτῶν.
2379 4746 2486 4799 Καὶ
2525 4717 2735 4798 ἐπεῖδεν
2761 4748 2789 4799 6
2821 4745 2952 4809 Θεὸς
2980 4746 3073 4800 ἐπὶ
3112 4747 3298 4810 Ἅϐελ,
3340 4748 3433 4799 καὶ
3483 4748 3574 4799 ἐπὶ
3611 4750 3726 4810 τοῖς

458 4838 591 4891 Cain
630 4837 866 4905 :,Quare
921 4839 1095 4896 tristis
1144 4838 1320 4893 factus
1368 4852 1448 4899 es,
1491 4844 1546 4890 et
1588 4852 1757 4906 quare
1798 4836 2039 4892 concidit

458 4928 622 4984 facies
644 4931 777 4984 tua?
826 4931 1017 4986 Nonne
1077 4930 1120 4984 si
1158 4938 1305 4983 recte
1357 4928 1643 4993 obtuleris,
1675 4941 1824 4985 recte
1856 4939 2038 4985 autem

459 5036 567 5074 non
602 5020 875 5087 diviseris,
899 5014 1174 5092 peccasti?
1204 5020 1453 5087 Quiesce,
1477 5029 1532 5074 ct
1564 5021 1631 5075 ad
1662 5029 1715 5076 te
1750 5021 2039 5075 conversio

458 5113 596 5182 ejus,
632 5122 688 5167 et
724 5120 779 5166 tu
812 5113 984 5181 ipsius
1014 5112 1475 5167 dominabcris“.
1518 5131 1537 5163 ι
1575 5112 1643 5167 Et
1663 5114 1827 5181 paulo
1863 5122 1985 5182 post
2024 5130 2035 5165 :

465 5220 483 5253 ι
521 5202 588 5257 Et
636 5202 774 5256 dixit
804 5202 937 5258 Cain
987 5203 1054 5257 ad
1098 5202 1234 5258 Abel
1267 5203 1490 5258 fratrem
1530 5218 1690 5257 suum
1731 5221 1742 5256 :
1781 5202 2039 5273 Egredia-

461 5312 584 5353 mur
624 5299 679 5353 in
719 5313 929 5367 agrum.
981 5299 1046 5353 Et
1073 5298 1272 5353 factum
1300 5309 1403 5365 est,
1435 5313 1559 5354 cum
1591 5307 1772 5352 essent
1796 5298 1850 5353 in
1873 5299 2032 5369 agro,

459 5389 699 5445 surrexit
730 5390 862 5447 Cain
890 5391 945 5445 in
991 5392 1126 5448 Abel
1164 5392 1389 5447 fratrem
1444 5406 1635 5456 suum,
1668 5401 1722 5446 et
1764 5391 2040 5447 interfecit

458 5498 605 5537 cum.
636 5481 703 5536 Et
741 5482 817 5536 ait
860 5483 1125 5540 Dominus
1160 5484 1226 5538 ad
1254 5484 1426 5538 Cain:
1452 5483 1556 5539 Ubi
1589 5493 1672 5538 est
1704 5483 1837 5540 Abel
1869 5484 2040 5539 frater

460 5574 624 5627 tuus?
673 5571 740 5628 Et
763 5573 935 5629 dixit:
974 5575 1093 5629 Non
1131 5576 1243 5628 scio
1282 5594 1292 5625 :
1329 5574 1575 5644 nunquid
1620 5584 1802 5629 custos
1856 5576 2040 5631 fratris

461 5666 566 5720 mei
598 5681 718 5720 sum
760 5667 911 5737 ego?
963 5667 1030 5722 Et
1062 5665 1201 5722 dixit
1256 5664 1399 5720 Deus
1435 5684 1445 5717 :
1478 5665 1619 5733 Quid
1662 5666 1837 5722 fecisti
1890 5669 2042 5723 hoc?

531 5782 570 5812 "’
601 5780 799 5850 Philip.
833 5797 891 5849 η,
920 5783 971 5838 9.
1054 5781 1279 5850 “ibid,
1310 5781 1393 5850 10,
1432 5784 1515 5838 ll.
1561 5782 1601 5813 δ’
1643 5783 1760 5839 Act.
1804 5802 1872 5853 iv,
1906 5786 1987 5839 12.

2139 4837 2330 4908 δώροις
2366 4836 2560 4891 αὑτοῦ·
2597 4837 2689 4889 ἐπὶ
2722 4836 2776 4889 δὲ
2808 4837 2944 4889 Κάἳν
2983 4854 3074 4890 και
3111 4839 3203 4891 ἐπὶ
3235 4840 3352 4901 ταῖς
3384 4837 3594 4900 ουσίαις
3626 4837 3724 4891 αὑ-

2140 4924 2234 4979 τοῦ
2259 4928 2320 4979 οὐ
2355 4924 2642 4997 προσέσχε.
2682 4927 2791 4979 Καὶ
2837 4925 3080 4995 ἐλύπησε
3124 4928 3215 4980 τὸν
3265 4928 3405 4981 Κάῖν
3443 4927 3581 4991 λίαν,
3628 4927 3723 4982 καὶ

2143 5018 2406 5069 συνέπεσε
2439 5017 2499 5069 τὸ
2548 5018 2839 5087 πρόσωπον
2888 5019 3076 5072 αὐτοῦ.
3128 5018 3239 5073 Καὶ
3290 5017 3412 5071 εἶπε
3449 5012 3653 5090 Κύριος
3695 5020 3724 5073 6

2141 5106 2274 5170 Θεὸς
2299 5107 2374 5178 τῷ
2404 5108 2562 5161 Κάῖν·
2621 5108 2783 5162 Ἰνατί
2830 5109 3128 5181 περίλυπος
3179 5109 3391 5178 ἐγένου,
3439 5111 3533 5163 καὶ
3581 5111 3723 5165 ίνατί

2146 5200 2408 5253 συνέπεσε
2461 5200 2520 5253 τὸ
2556 5202 2845 5272 πρόσωπόν
2878 5219 3009 5269 σου;
3056 5201 3170 5256 Οὐκ
3205 5202 3300 5256 ἐὰν
3342 5203 3518 5274 ὀρθῶς
3560 5220 3723 5273 προσ-

2145 5293 2394 5365 ενέγκῃς,
2429 5292 2604 5363 ὀρθῶς
2645 5294 2701 5347 δὲ
2751 5295 2824 5365 μὴ
2873 5293 3072 5366 διέλῃς,
3104 5295 3385 5365 ἦμαρτες;
3428 5296 3718 5366 ἡσύχασον,

2137 5386 2273 5455 πρὸς
2290 5385 2393 5456 σὲὴ
2422 5387 2724 5457 ἐπιστροφὴ
2750 5386 2932 5451 αὐτοῦ,
2962 5388 3052 5439 καὶ
3074 5386 3136 5440 σὺ
3164 5386 3347 5458 ἄρξεις
3375 5386 3558 5443 αὐτοῦ.
3577 5407 3593 5439 ι
3613 5387 3720 5441 Καὶ

2144 5482 2257 5550 μετ’
2273 5481 2446 5550 ὀλίγαο
2468 5502 2487 5533 ι
2515 5483 2621 5536 Καὶ
2650 5478 2771 5535 εἷπε
2792 5482 2933 5536 Κάῖν
2948 5483 3081 5553 πρὸς
3098 5484 3262 5537 Ἀὗελ
3281 5483 3372 5537 τὸν
3390 5483 3613 5553 ἀδελφὸν
3630 5484 3720 5535 αὑ-

2139 5577 2254 5629 τοῦ⁸
2276 5577 2577 5646 Διέλθωμεν
2590 5577 2651 5649 δὴ
2672 5579 2748 5640 εἰς
2762 5577 2820 5630 τὸ
2836 5579 3032 5631 πεδίον.
3050 5577 3155 5632 Καὶ
3180 5579 3394 5645 ἐγένετο
3408 5581 3461 5630 ἐν
3488 5577 3563 5647 τῷ
3582 5575 3718 5629 εἶναι

2142 5670 2337 5733 αὐτοὺς
2362 5672 2417 5723 ὲν
2450 5669 2528 5739 τῷ
2566 5669 2752 5741 πεδίῳ,
2791 5670 2882 5724 καὶ
2915 5670 3114 5741 ἀνέστη
3144 5670 3283 5726 me,
3311 5671 3401 5724 ἐπὶ
3432 5670 3594 5725 Ἅϐελ
3628 5669 3717 5723 τὶν

2069 5786 2110 5817 δ’
2142 5784 2274 5842 Gen.
2314 5802 2384 5854 tv,
2422 5783 2529 5841 1-7.
