4092 6468
484 315 551 368 35
1504 303 1560 360 S.
1600 303 1876 358 CYRILLI
1915 303 2387 359 ALEXANDRINI
2429 302 2749 357 ARCHIEP.
3671 309 3742 364 36

479 437 578 482 aut
631 425 850 496 populis
912 431 1042 478 sunt
1096 421 1361 493 praefecti.
1405 419 1546 476 Cum
1604 421 1788 490 itaque
1827 420 2066 475 duorum

2171 419 2581 492 προεστηκότας
2607 419 2894 490 ὀνομάζειν
2917 421 3036 484 ἔθος
3067 422 3160 476 καὶ
3185 423 3322 493 αὐτῇ
3347 425 3412 494 τῇ
3445 422 3633 496 Γραφῇ
3673 427 3744 496 τῇ

488 515 716 574 istorum
761 517 1028 586 juvenum
1078 515 1219 568 alter
1249 527 1308 567 se
1339 511 1687 582 agriculturae
1724 510 2062 574 tradidisset,

478 601 620 662 alter
647 622 778 660 vero
811 603 1174 675 prmstantiori
1191 602 1403 665 studio,
1435 600 1724 670 pastoritio
1756 599 2018 654 nimirum
2048 618 2062 652 :

485 697 749 766 temporis
766 708 1088 764 progressus
1109 691 1279 746 Caino
1299 689 1524 759 quidem
1545 690 1756 755 hortos,
1775 690 2065 744 arboribus

483 790 718 851 densos,
771 795 827 842 et
869 784 1209 854 tempestivis
1254 781 1525 836 fructibus
1580 791 1828 846 onustos,
1891 781 2064 845 dedit,

485 881 642 944 Abeli
667 888 852 932 autem
883 878 939 930 in
967 877 1314 929 innumeram
1349 872 1762 927 multitudinem
1790 887 1912 942 qua:
1951 872 2066 927 col-

485 972 697 1041 legerat
718 968 996 1038 produxit.
1051 965 1259 1020 Deinde
1294 964 1382 1019 lex
1420 979 1544 1034 qua:
1575 965 1633 1018 in
1665 963 1826 1018 nobis
1852 973 1938 1018 est
1981 963 2037 1016 in

485 1072 626 1116 natm
677 1061 772 1115 Dei
803 1059 1010 1114 notitia:
1058 1073 1154 1112 eos
1195 1058 1345 1112 viros
1384 1057 1637 1111 incitavit
1687 1056 1756 1111 ad
1788 1055 2068 1110 oﬁ‘erenda

484 1153 731 1208 omnium
756 1151 1006 1206 Creatori
1035 1159 1200 1220 atque
1233 1149 1416 1204 omnis
1443 1148 1575 1202 boni
1599 1148 1776 1202 datori
1800 1149 1934 1212 Deo,
1970 1163 2068 1217 pro

484 1246 724 1314 acceptis
748 1241 1051 1304 beneﬁciis,
1070 1239 1358 1295 sacriﬁcia.
1382 1239 1619 1294 Tametsi
1641 1240 1788 1294 enim
1811 1247 2069 1308 corrupta

484 1344 590 1390 est.
625 1348 801 1402 neque
825 1347 956 1386 vera
992 1347 1113 1386 esse
1139 1330 1388 1384 cernitur
1410 1344 1602 1383 eorum
1633 1329 1726 1398 qui
1751 1329 1912 1383 idolis
1949 1343 2067 1383 ser-

482 1431 641 1482 viunt
672 1423 1033 1496 pernoscendi
1062 1422 1202 1476 ratio
1225 1422 1347 1491 quis
1373 1422 1444 1476 sit
1475 1421 1853 1474 universorum
1879 1421 2070 1486 factor,

487 1525 666 1570 tamen
697 1515 880 1569 innata
906 1512 1155 1582 quaadam
1188 1528 1253 1566 ac
1284 1511 1595 1566 necessaria
1621 1511 1706 1564 lex
1730 1510 1838 1564 boc
1860 1510 1990 1576 agit,
2018 1521 2074 1565 et

485 1615 784 1674 spontanea
802 1601 1042 1673 cognitio
1065 1601 1268 1655 excitat
1284 1600 1353 1654 ad
1376 1599 1631 1668 superius
1653 1597 1786 1667 quid
1808 1597 2075 1668 longeque

485 1698 836 1766 praestantius
847 1710 1009 1765 quam
1028 1709 1116 1747 res
1127 1692 1462 1755 mortalium,
1478 1691 1583 1744 hoc
1595 1691 2074 1746 estDeum.mente

485 1765 931 1857 concipiendum.
948 1784 1121 1839 Oﬂert
1148 1783 1332 1849 itaque
1359 1794 1513 1834 sacer
1542 1794 1606 1832 ac
1638 1778 2076 1848 sapientissimus
2101 1765 2142 1820 Β

485 1879 618 1931 Abel
639 1877 842 1946 optima
863 1890 925 1929 ac
945 1872 1299 1927 selectissima
1321 1885 1549 1940 qumque
1567 1885 1598 1924 e
1618 1885 1718 1923 suo
1733 1884 1915 1938 grege.
1932 1886 1949 1918 ι
1969 1867 2078 1921 0b-

487 1969 613 2021 tulit
634 1967 802 2031 enim,
836 1986 853 2017 »
897 1966 1094 2036 inquit,
1129 1984 1147 2016 ι
1186 1965 1253 2019 de
1288 1964 1673 2035 primogenitis
1724 1964 1910 2018 ovium
1940 1979 2069 2018 sua-

484 2074 630 2122 rum,
648 2067 703 2112 et
730 2059 796 2112 de
810 2057 1066 2127 adipibus
1088 2072 1297 2116 earum,
1324 2075 1342 2107 ι
1375 2056 1480 2110 hoc
1513 2065 1599 2110 est
1620 2055 2066 2124 prazstantissima

482 2155 648 2214 atque
675 2144 892 2197 eximia.
933 2145 1000 2197 Et
1025 2143 1280 2198 sacriﬁcii
1305 2143 1535 2197 rationis
1569 2158 1679 2197 non
1703 2143 1946 2213 ignarus,
1976 2157 2071 2211 ap-

484 2236 667 2306 posuit
698 2235 904 2305 adipes.
938 2235 1046 2304 16
1073 2234 1206 2289 Cain
1258 2249 1392 2288 vero
1430 2250 1541 2289 non
1581 2235 1733 2297 item,
1765 2234 1863 2289 sed
1897 2234 2070 2288 multo

485 2327 882 2397 negligentius;
932 2325 1169 2395 optimos
1217 2325 1366 2380 enim
1417 2340 1665 2395 quosque
1703 2324 1919 2378 fructus
1954 2325 2069 2379 suis

486 2418 680 2471 usibus
703 2417 989 2481 servabat,
1021 2415 1280 2470 secundis
1317 2425 1500 2470 autem
1548 2431 1613 2470 ac
1658 2416 1950 2470 vilioribus
1981 2432 2069 2470 su-

485 2521 738 2576 premum
766 2506 938 2559 Deum
963 2503 1286 2558 honorabat.
1316 2503 1459 2574 Ignis
1486 2505 1670 2573 itaque
1700 2505 1916 2558 caelitus
1949 2504 2072 2558 des—

487 2598 730 2652 cendens
775 2597 963 2651 Abelis
995 2610 1224 2649 munera
1257 2595 1592 2665 absumpsit.
1639 2613 1657 2646 ι
1690 2595 1771 2648 Ad
1805 2593 1938 2648 Cain
1975 2611 2071 2648 au-

487 2698 618 2751 tem,
644 2696 700 2742 et
731 2688 995 2741 sacriﬁcia
1019 2688 1138 2756 ejus
1166 2701 1277 2741 non
1303 2685 1556 2750 attendit,
1597 2703 1616 2736 ι
1658 2685 1855 2754 inquit.
1883 2685 2070 2753 Neque

487 2777 633 2831 enim
683 2777 880 2832 solitus
920 2777 1062 2847 ignis
1108 2777 1228 2846 ejus
1273 2776 1540 2832 sacriﬁcia
1586 2775 1807 2829 invasit.
1852 2773 1967 2840 Qua
2001 2775 2068 2828 de

485 2884 651 2923 causa
678 2868 855 2923 doluit
885 2869 1148 2938 graviter,
1177 2869 1474 2938 animoque
1501 2866 1744 2922 concidit
1780 2865 1934 2919 Cain.
1963 2866 2070 2920 Co-

485 2960 635 3028 gnita.
668 2973 798 3013 vero
836 2960 949 3012 odii
989 2975 1176 3023 causa,
1208 2969 1266 3014 et
1313 2975 1415 3014 cur
1457 2959 1594 3013 Abel
1623 2957 1880 3027 praelatus
1901 2967 2066 3021 esset,

2169 511 2532 581 θεοπνεύστῳ,
2556 511 2655 565 καὶ
2684 512 2798 574 τοῖς
2847 511 3116 581 Ἐλλήνων
3143 513 3386 580 λογάσιν.
3429 514 3745 568 ’Δπονενευ-

2168 604 2350 657 κότοιν
2381 604 2445 673 δὴ
2470 599 2563 658 οῦν
2600 605 2712 656 τοῖν
2739 603 3000 668 νεανίαιν,
3031 602 3124 656 τοῦ
3171 602 3272 673 μὲν
3313 603 3408 656 ἐπὶ
3454 605 3739 674 γηπονίαν,

2168 695 2398 764 θατέρου
2431 711 2494 762 γε
2531 695 2637 764 μὴν
2664 693 2738 754 ὡς
2767 693 2858 745 ἐπί
2885 711 2938 746 τι
2971 693 3079 746 τῶν
3111 695 3446 764 ἀμεινόνων,
3486 697 3588 766 τὴν
3618 711 3744 749 ποι-

2172 787 2422 857 μενικὴν,
2455 783 2680 856 προῖὼν,
2709 785 2738 836 6
2761 785 2952 854 χρόνος
2972 783 3051 854 τῷ
3073 785 3212 838 Κάῖν
3248 786 3344 855 μὲν
3363 785 3497 838 δασὺ
3527 785 3746 857 κομῶν-

2167 895 2269 942 τας
2299 879 2424 940 τοὺς
2445 877 2652 946 κήπους
2679 875 2772 928 καλ⁵
2803 878 3032 946 καρποῖς
3059 875 3284 946 ὡραίοις
3321 876 3501 930 ὲπίθει
3527 876 3746 946 διασρι-

2170 969 2303 1033 θεῖς’
2371 967 2448 1038 τῷ
2501 967 2558 1020 δὲ
2618 966 2784 1018 Ἅϐελ
2849 968 3198 1038 προήκουσαν
3259 969 3340 1031 είς
3401 968 3611 1038 πληθὺν
3669 968 3746 1030 ὼς

2171 1060 2430 1130 πλείστην
2479 1059 2613 1127 ὅσην
2665 1057 2920 1111 ἀπετέλει
2965 1059 3035 1112 τά
3077 1059 3554 1129 συναγηγερμένα.
3610 1054 3744 1111 Εἶτα

2170 1149 2335 1220 νόμος
2376 1150 2405 1201 6
2442 1151 2500 1201 ὲν
2546 1151 2678 1219 ἡμῖν
2717 1149 2817 1218 τῆς
2862 1148 3104 1218 ἐμφύτου
3145 1149 3504 1217 θεογνωσίας,
3557 1149 3744 1203 ἐκάλει

2169 1241 2297 1304 τοὺς
2337 1239 2535 1310 ἄνδρας
2571 1242 2706 1310 πρὸς
2744 1239 2807 1294 τδ
2837 1240 2949 1293 δεῖν
2994 1241 3257 1294 ἀνάπτειν
3296 1240 3366 1294 τὰ
3413 1241 3744 1310 χαριστήρια

2169 1332 2248 1403 τῷ
2296 1331 2515 1384 πάντων
2574 1332 2928 1403 Δημιουργῷ,
2980 1333 3076 1385 καὶ
3122 1332 3323 1396 παντὸς
3371 1333 3503 1402 ἡμῖν
3535 1329 3744 1398 ἀγαθοῦ

2167 1421 2359 1492 δοτῆρι
2405 1421 2545 1492 Θεῷ.
2597 1422 2660 1474 Ei
2702 1422 2808 1491 γάρ
2837 1423 2954 1474 ἐστι
3007 1419 3456 1490 κατεφθαρμένος
3505 1419 3601 1472 καὶ
3640 1416 3746 1470 οὐκ

2168 1513 2375 1583 ἀληθὴς
2403 1514 2594 1582 ὁρᾶται
2620 1513 2783 1582 τυχὸν
2826 1513 2884 1564 έν
2910 1515 3023 1576 τοῖς
3066 1512 3300 1566 εἰδώλων
3345 1512 3747 1583 προσκυνηταίς

2158 1605 2190 1658 6
2207 1603 2303 1657 τοῦ
2323 1603 2572 1656 διειδέναι
2588 1603 2788 1667 σκοπὸς
2803 1603 2886 1666 τίς
2899 1605 2929 1656 6
2947 1602 3056 1657 τῶν
3074 1602 3216 1673 ὅλων,
3228 1604 3345 1656 ἐστὶ
3361 1604 3611 1673 ποιητὴς,
3630 1602 3750 1655 ἀλλ’

2160 1690 2256 1748 οὖν
2277 1693 2514 1764 ἔμφυτός
2541 1711 2599 1746 τε
2617 1695 2710 1747 καὶ
2734 1696 3026 1760 ἀναγκαῖος
3048 1671 3312 1746 διανύττει
3331 1671 3516 1763 νόμος,
3543 1671 3637 1746 καὶ
3651 1695 3746 1747 αὑ-

2162 1785 2521 1847 τοκὲλευστος
2553 1784 2756 1853 ἐγείρει
2781 1783 3004 1851 γνῶσις,
3026 1784 3105 1846 εἷς
3129 1800 3192 1851 γε
3223 1783 3281 1836 τὸ
3303 1784 3499 1854 χρῆναι
3529 1785 3669 1836 νοεῖν
3688 1784 3750 1835 τὸ

2162 1876 2517 1949 ὺπερτεροῦν,
2531 1877 2626 1928 καὶ
2649 1875 2866 1942 ἄμεινον
2883 1874 3220 1946 ἀσυγκρίτως
3240 1873 3272 1943 ἢ
3291 1873 3454 1942 καθ’ή
3467 1875 3752 1941 1134,1011:-

2161 1971 2277 2023 έστι
2315 1969 2465 2021 Θεόν.
2505 1968 2658 2034 Ἀγει
2687 1966 2750 2035 δὴ
2786 1962 2878 2018 οῦν
2907 1967 2935 2017 6
2963 1967 3059 2036 μὲν
3095 1965 3240 2036 ίερός
3262 1982 3320 2018 τε
3345 1965 3440 2018 καὶ
3472 1965 3746 2033 πάνσοφος

2173 2058 2342 2112 Ἀϐελ
2363 2058 2428 2110 τά
2455 2058 2556 2126 τῆς
2586 2057 2788 2127 ἀγέλης
2810 2055 3105 2119 ἀπόλεκτα,
3139 2054 3234 2106 καὶ
3253 2053 3565 2124 ἀριστίνδην
3589 2055 3751 2121 ἐγκε-

2171 2149 2428 2220 κριμένα·
2467 2167 2488 2200 ι
2537 2149 2776 2216 Ἠνεγκε
2817 2147 2947 2217 γὰρ,
2977 2165 2998 2198 ι
3033 2147 3220 2216 φησὶν,
3251 2165 3271 2197 ι
3310 2143 3421 2200 ἀπὸ
3447 2145 3558 2198 τῶν
3589 2161 3745 2215 πρω-

2171 2242 2408 2294 τοτόκων
2433 2239 2541 2292 τῶν
2569 2238 2780 2309 ἀμνῶν,
2819 2239 2914 2292 καὶ
2932 2237 3040 2292 ἀπὺ
3070 2237 3180 2290 τῶν
3217 2236 3458 2290 στεάτων
3490 2235 3691 2299 αὐτῶν,
3723 2253 3744 2288 ι

2171 2333 2420 2387 τουτέστι
2459 2331 2530 2384 τά
2565 2329 2872 2402 προῦχοντα
2901 2332 2998 2383 καὶ
3040 2328 3316 2400 ἐξαίρετα.
3358 2329 3467 2382 Καὶ
3513 2327 3606 2381 τὸν
3647 2328 3749 2396 τῆς

2175 2424 2489 2495 ἱερουργίας
2552 2423 2652 2474 οὐκ
2719 2423 2994 2492 ἀγνοήσας
3046 2421 3279 2492 τρόπον,
3338 2419 3619 2490 παρετίθει
3680 2419 3751 2470 τά

2174 2515 2396 2568 στέατα.
2421 2515 2561 2566 Κάῖν
2586 2513 2642 2566 δὲ
2671 2514 2771 2582 οὐχ
2797 2513 2990 2575 οὕτως,
3020 2512 3156 2564 πολὺ
3187 2511 3244 2564 δὲ
3275 2509 3395 2563 λίαν
3427 2507 3738 2580 ἀτημελῶς

2172 2605 2238 2657 τὰ
2272 2605 2369 2673 μὲν
2397 2603 2506 2674 γὰρ
2536 2605 2618 2656 ὅτι
2653 2603 2893 2674 μάλιστα
2922 2601 3029 2655 τῶν
3064 2601 3290 2671 ώρίμων
3320 2599 3600 2669 ἐκπρεπῆ,
3629 2601 3750 2661 ταῖς

2176 2695 2335 2757 ἰδίαις
2376 2693 2660 2764 ἐχαρίζετο
2699 2694 2968 2764 τρυφαῖς,
2998 2691 3188 2744 ἐλύπει
3235 2689 3293 2743 δὲ
3338 2693 3451 2752 τοῖς
3475 2689 3754 2758 δευτέροις

2171 2788 2264 2839 τὸν
2311 2787 2401 2838 ἐπὶ
2458 2785 2674 2838 πάντων
2722 2786 2874 2838 Θεόν.
2928 2783 3141 2836 Οὐκοῦν
3203 2784 3296 2836 ἐπὶ
3345 2782 3445 2852 μὲν
3489 2783 3600 2844 τοῖς
3652 2780 3752 2833 τοῦ

2177 2875 2346 2929 Ἀσελ
2391 2874 2586 2946 δώροις
2626 2875 2740 2946 πῦρ
2800 2874 2990 2928 καθιὲν
3040 2871 3362 2942 οὐρανόθεν,
3407 2871 3755 2924 δαπανᾶσθαι

2175 2965 2556 3037 παρεσκεύασε
2582 2966 2655 3022 ,τά
2690 2963 2974 3034 ἱερώματα
2994 2981 3007 2995 ο
3044 2984 3062 3016 ι
3111 2963 3234 3016 Ἐπὶ
3265 2963 3322 3014 δὲ
3354 2962 3497 3016 Κάῖν
3520 2963 3614 3015 καὶ
3655 2964 3755 3014 ἐπὶ

485 3066 596 3104 non
626 3049 690 3104 ad
724 3050 897 3119 culpa:
926 3065 1039 3105 sua:
1062 3049 1465 3104 correctionem
1493 3048 1677 3118 potius
1717 3061 1776 3100 se
1814 3047 2067 3110 contulit,

2177 3061 2300 3121 ταῖς
2321 3058 2534 3118 θυσίαις
2552 3056 2715 3110 αὐτοῦ
2736 3097 2752 3123 ,
2775 3058 2836 3111 οὐ
2862 3057 3132 3128 προσέσχε
3153 3074 3199 3119 ,ι
3230 3053 3414 3124 φησίν.
3448 3054 3522 3106 Οὐ
3552 3055 3659 3125 γὰρ
3689 3055 3757 3107 τὸ

485 3143 581 3199 sed
612 3144 667 3197 in
696 3143 1049 3212 impotentem
1075 3145 1211 3196 iram
1237 3148 1554 3212 proreptus,
1609 3138 1820 3207 primus
1863 3138 1934 3191 ab
1969 3138 2070 3192 ho-

487 3235 730 3288 minibus
751 3235 892 3289 natis
920 3233 1204 3288 indomita:
1239 3231 1460 3286 invidiae
1481 3237 1677 3284 auctor
1702 3230 1828 3294 fuit,
1855 3245 1921 3284 ac
1944 3239 2068 3285 tan-

489 3337 604 3382 tum
629 3342 738 3380 non
761 3325 829 3380 de
871 3325 1063 3378 divino
1090 3323 1217 3377 odio
1243 3321 1543 3376 vindictam
1579 3335 1803 3374 sumens
1843 3319 2071 3374 Abelem

486 3418 646 3473 laude
663 3417 1000 3472 cumulatum
1027 3415 1153 3469 dolo
1187 3412 1571 3476 circumvenit,
1598 3411 1884 3480 mutuique
1917 3427 2071 3466 amo-

486 3512 566 3565 ris
602 3511 777 3580 legem
804 3510 1071 3578 infringit,
1107 3507 1381 3560 diabolica
1408 3505 1631 3574 quidem
1668 3504 1935 3573 pravitate
1970 3503 2072 3556 im-

486 3599 699 3668 piisque
725 3596 971 3651 consiliis
1009 3602 1250 3648 mentem
1291 3592 1546 3646 refertam
1575 3592 1821 3659 habens,
1863 3592 2071 3662 ﬁngens

483 3697 668 3743 autem
696 3688 900 3740 bonum
937 3686 1124 3740 verbis
1156 3701 1169 3736 :
1215 3702 1232 3734 ι
1284 3682 1643 3752 Egrediamur
1667 3684 1837 3748 enim,
1867 3683 2066 3753 inquit,

487 3779 543 3831 in
561 3793 836 3847 campum.
870 3797 887 3828 ι
924 3776 1096 3830 Audis
1129 3790 1239 3844 quo
1270 3783 1429 3843 pacto
1449 3775 1656 3830 vocarit
1687 3775 1743 3829 in
1765 3791 1976 3845 agrum,
2009 3784 2070 3828 ut

482 3881 766 3940 spectator
805 3884 917 3923 sua:
945 3867 1244 3936 diligentiae
1283 3867 1620 3937 cultumque
1658 3877 1824 3930 esset,
1869 3878 1924 3922 et
1949 3868 2069 3936 pul-

482 3961 762 4017 cherrima
785 3959 984 4013 ﬂorum
1023 3957 1286 4012 varietate
1307 3959 1494 4013 oculos
1527 3959 1816 4028 pasceret?
1845 3959 1915 4013 At
1937 3973 2068 4013 vero

484 4052 784 4108 nefandum
818 4050 1084 4121 ﬂagitium
1123 4050 1436 4114 committit,
1497 4066 1562 4105 ac
1589 4050 1761 4105 veluti
1795 4050 2068 4120 primitias

481 4142 750 4213 quasdam
791 4143 951 4196 morti
1004 4142 1228 4196 fratrem
1275 4158 1433 4196 suum
1487 4143 1652 4208 dicat,
1704 4143 2067 4211 humanaque

483 4242 699 4286 natura:
713 4230 855 4284 viam
887 4231 953 4285 ad
968 4231 1324 4285 homicidium
1351 4233 1542 4302 aperit.
1570 4234 1944 4303 Interrogante
1970 4249 2068 4287 au-

482 4333 596 4377 tem
619 4323 730 4376 Deo
757 4337 821 4376 ac
859 4322 1076 4376 dicente
1111 4339 1123 4374 :
1167 4340 1184 4371 ι
1213 4321 1315 4377 Ubi
1347 4332 1433 4377 est
1478 4322 1613 4378 Abel
1652 4323 1821 4378 frater
1855 4323 2016 4376 tuus?
2040 4343 2059 4374 ›

2176 3147 2406 3218 σύνηθες
2449 3147 2668 3215 έπηιρίει
2716 3146 2828 3217 πῦρ
2859 3149 2973 3210 τοῖς
3020 3143 3571 3215 προσενηνεγμένοις.
3631 3142 3753 3196 Ἐν-

2173 3239 2364 3292 τεῦθεν
2401 3240 2431 3291 6
2477 3239 2616 3291 Κάῖν
2659 3238 2878 3291 ἀνιᾶται
2927 3237 3168 3308 σφόδρα,
3206 3234 3302 3288 καὶ
3343 3234 3497 3287 ἀλύει
3537 3234 3754 3298 δεινῶς.

2173 3329 2572 3398 Διδασκόμενος
2618 3329 2674 3380 δὲ
2719 3329 2817 3398 τῆς
2858 3325 3214 3397 ἀποστροφῆς
3272 3324 3370 3395 τὴν
3416 3325 3623 3389 αίτίαν,
3655 3329 3757 3380 καὶ

2171 3421 2354 3491 ψῆφον
2391 3421 2604 3482 ἑλόντος
2630 3419 2729 3490 τὴν
2758 3419 2969 3488 ἀμείνω
2999 3416 3095 3469 τοῦ
3131 3415 3321 3478 Ἅϐελ,
3351 3415 3451 3467 οὐκ
3478 3415 3756 3486 ἐτράπετο

2176 3513 2378 3581 μᾶλλον
2414 3512 2550 3582 πρὸς
2597 3509 2970 3580 ἐπανόρθωσιν
3011 3507 3118 3561 τῶν
3163 3507 3621 3575 διεπταισμένωνο
3668 3508 3756 3570 εἰς

2171 3604 2341 3675 ὀργὰς
2375 3603 2432 3655 δὲ
2475 3603 2741 3672 ἀκαίρους
2779 3598 3258 3670 άποταυρούμενος
3305 3597 3520 3668 πρῶτος
3553 3599 3610 3650 ὲν
3655 3599 3757 3650 ἀν-

2171 3689 2412 3760 θρώποις
2451 3689 2541 3742 τὸν
2576 3689 2864 3742 ἀτίθασσον
2893 3688 3073 3741 ώδίνει
3121 3686 3338 3754 φθόνονο
3378 3686 3664 3756 μονονουχὶ
3690 3688 3752 3738 δὲ

2169 3781 2270 3849 τῆς
2316 3777 2667 3847 ἀποστροφῆς
2710 3779 3051 3847 ἀμυνόμενος
3103 3778 3194 3830 τὸν
3252 3777 3362 3830 τῶν
3408 3778 3545 3831 ὅλων
3590 3779 3755 3843 Θεὸν,

2169 3871 2308 3941 δόλῳ
2340 3871 2548 3940 μέτεισι
2581 3869 2672 3922 τὸν
2703 3868 3177 3940 τεθαυμασμένον.
3210 3870 3320 3923 Καὶ
3352 3870 3516 3940 νόμον
3552 3870 3752 3923 ἐπάτει

2171 3961 2583 4031 φιλοστοργίας,
2630 3959 2942 4029 διαϐολικῆς
2994 3961 3095 4030 μὲν
3140 3960 3476 4030 φαυλότητος
3514 3961 3609 4014 καὶ
3652 3963 3754 4014 ἀν-

2168 4051 2331 4103 οσίων
2361 4049 2694 4118 σκεμμάτων
2713 4088 2727 4110 ,
2772 4049 3266 4119 ὲκμεμεστωμένον
3299 4047 3438 4118 ἔχων
3477 4048 3566 4100 τὸν
3593 4047 3750 4102 νοῦνο

2170 4140 2536 4211 πλαττόμενος
2576 4140 2632 4192 δὲ
2661 4140 2722 4192 τὸ
2761 4140 2996 4210 χρηστὸν
3041 4141 3119 4202 είς
3146 4139 3358 4207 λόγουςο
3391 4157 3412 4190 ι
3438 4138 3754 4210 Διέλθωμεν

2168 4233 2310 4301 γὰρ,
2340 4231 2505 4302 φησὶν
2525 4271 2540 4292 ,
2570 4231 2650 4294 είς
2681 4231 2743 4282 τὸ
2773 4230 2973 4282 πεδίον.
3014 4248 3034 4280 ι
3092 4229 3333 4292 Ἀκούεις
3369 4229 3520 4290 ὅπως
3558 4230 3754 4284 ἐκάλει

2173 4323 2270 4393 μὲν
2307 4323 2395 4375 ἐπ’
2441 4323 2646 4392 ἀγροὺς
2688 4320 2764 4384 ὡς
2809 4321 3055 4390 ἐπόπτης
3097 4321 3271 4373 ἔσοιτο
3314 4323 3416 4388 τῆς
3446 4320 3754 4384 ἔπιεικείας

483 4415 752 4470 mentitur
767 4416 932 4471 miser
959 4457 973 4481 ,
1004 4430 1305 4486 aspereque
1342 4416 1558 4470 obviam
1585 4416 1647 4479 it,
1691 4435 1710 4467 ‹
1737 4415 1856 4470 Non
1891 4416 2057 4479 scio,»

2170 4414 2372 4478 αὑτοῦ,
2404 4416 2499 4466 καὶ
2541 4415 2642 4483 τῆς
2688 4413 2798 4465 τῶν
2830 4413 3036 4466 ἀνθέων
3085 4411 3402 4472 πολυειδοῦς
3445 4410 3752 4465 ἀπολαύσοι

486 4506 762 4574 inquiens.
797 4506 1090 4575 Postquam
1117 4521 1250 4560 vero
1273 4505 1556 4560 homicidii
1583 4505 1870 4559 convictus
1897 4512 1980 4558 est
2008 4514 2065 4559 et

483 4595 967 4649 maledictionibus
999 4597 1310 4666 subjectus;
1345 4598 1684 4651 existimavit
1714 4604 1899 4649 autem
1938 4613 2060 4649 rur-

483 4701 608 4741 sum
630 4686 776 4754 quod
808 4689 1106 4742 moriturus
1145 4698 1291 4743 esset
1313 4689 1480 4744 etiam
1512 4689 1628 4756 ipse
1651 4726 1666 4752 ,
1694 4685 1911 4740 etiamsi
1959 4702 2068 4742 non

485 4776 650 4830 vellet
673 4775 833 4838 Deus,
850 4777 1105 4848 quodque
1124 4779 1239 4832 haec
1265 4779 1449 4833 futura
1473 4786 1618 4832 esset
1637 4776 1835 4832 divina:
1867 4777 1961 4832 ira:
1977 4793 2066 4833 so-

484 4867 643 4922 lutio.
666 4867 808 4921 Dixit
827 4871 973 4922 enim
998 4889 1010 4923 :
1047 4891 1064 4922 ‹
1087 4871 1143 4925 Si
1168 4870 1357 4939 ejicies
1381 4883 1466 4922 me
1491 4867 1696 4921 bodiea
1720 4867 1857 4922 facie
1881 4875 2063 4933 terrm,

483 4966 538 5012 et
551 4974 580 5011 a
602 4957 738 5011 facie
759 4967 848 5011 tua
862 4959 1188 5021 abscondar,
1215 4968 1272 5011 et
1295 4972 1390 5010 ero
1405 4971 1629 5026 gemens
1639 4966 1695 5010 et
1720 4966 1960 5010 tremens
1974 4974 2065 5012 su-

483 5067 583 5120 per
605 5060 828 5115 terram,
851 5061 906 5106 et
921 5054 1049 5115 erit,
1068 5051 1246 5105 omnis
1267 5050 1551 5104 inveniens
1573 5065 1659 5104 me
1673 5049 1889 5105 occidet
1903 5066 2008 5106 me.
2031 5071 2050 5104 ι

481 5143 753 5197 Caeterum
783 5144 929 5212 quod
960 5143 1187 5196 omnino
1219 5150 1382 5212 atque
1422 5142 1787 5212 undequaque
1825 5143 2056 5198 maledi-

483 5233 759 5288 ctionibus
790 5235 1119 5304 subjaceret,
1160 5233 1597 5304 flagitiorumque
1617 5251 1841 5289 suorum
1867 5251 2057 5305 pwnas

481 5324 675 5388 lueret,
703 5325 1068 5380 miserrimam
1091 5325 1146 5377 in
1177 5326 1338 5381 terris
1357 5326 1525 5380 vitam
1547 5342 1730 5397 agens,
1750 5327 2056 5383 certissimo

482 5418 663 5481 scivit,
714 5417 932 5471 dicente
978 5416 1264 5472 manifeste
1315 5419 1466 5473 Deo:
1521 5437 1539 5470 ι
1579 5419 1699 5474 Non
1757 5421 1867 5485 sic;
1929 5421 2059 5490 quia

483 5507 666 5562 omnis
688 5507 782 5576 qui
805 5506 1246 5574 occideritCain,
1289 5519 1499 5580 septem
1545 5509 1823 5564 vindictas
1875 5512 2059 5566 exsol-

483 5605 595 5651 vet.
643 5615 662 5646 ι
716 5596 935 5666 Septem
981 5614 1110 5653 vero
1143 5601 1413 5672 ponitpro
1433 5601 1640 5666 multis,
1696 5602 1852 5672 quasi
1876 5601 2056 5656 dicat:

486 5687 784 5742 Multorum
840 5698 1002 5761 atque
1049 5691 1340 5761 impiorum
1393 5693 1721 5748 delictorum
1763 5694 2060 5750 fratricida:

2171 4505 2334 4569 θέας;
2394 4503 2756 4556 Ἀνοσιεύεται
2801 4503 2890 4565 δὲ,
2936 4504 3030 4555 καὶ
3075 4503 3403 4572 πρωτόλειον
3453 4499 3646 4571 ὥσπερ
3693 4517 3750 4553 τι

2171 4593 2267 4647 καὶ
2301 4593 2555 4662 ἀπαρχὴν
2589 4590 2666 4659 τῷ
2709 4589 2924 4660 θανάτῳ
2973 4591 3158 4642 δίδωσι
3202 4589 3295 4642 τὸν
3328 4589 3619 4659 ὁμαίμονα,
3648 4589 3749 4642 καὶ

2168 4689 2270 4757 τῆς
2308 4687 2387 4749 είς
2431 4685 2746 4754 μιαιφονίαν
2792 4684 2911 4737 ὁδοῦ
2946 4688 3008 4753 τῇ
3057 4681 3344 4752 ἀνθρώπου
3390 4681 3550 4750 φύσει
3600 4681 3752 4735 διδά-

2167 4776 2367 4840 σκαλος
2398 4773 2485 4848 ῆν.
2521 4776 3032 4846 Διαπυνθανομένου
3062 4776 3117 4830 δὲ
3140 4775 3232 4828 τοῦ
3264 4772 3398 4826 Θεοῦ
3431 4774 3526 4826 καὶ
3557 4771 3748 4840 λέγον-

2163 4887 2274 4933 τος,
2311 4888 2330 4921 ι
2375 4869 2483 4922 Ποῦ
2515 4870 2679 4922 Ἀὁελ
2716 4871 2744 4921 6
2777 4871 3004 4938 ἀδελφός
3039 4886 3165 4932 σου;
3204 4888 3222 4920 ι
3253 4867 3543 4937 ψευδοεπεῖ
3581 4867 3685 4936 μὲν
3717 4869 3749 4919 6

2161 4961 2394 5024 δείλαιος
2413 5000 2428 5024 ,
2457 4961 2551 5013 καὶ
2583 4959 2902 5023 ὑπαντιάζει
2937 4959 3186 5030 σκληρῶς
3214 4957 3306 5024 τὸ,
3335 4976 3353 5007 ι
3398 4958 3513 5010 Οὐκ
3543 4951 3680 5022 οἶδα,
3719 4977 3739 5009 ι

2165 5054 2356 5122 λέγων.
2411 5053 2628 5122 Ἐπειδὴ
2671 5051 2726 5105 δὲ
2759 5051 3021 5121 φονευτὴς
3063 5051 3362 5120 ἠλέγχετο,
3394 5048 3488 5102 καὶ
3531 5048 3744 5117 ὑπενή-

2165 5163 2352 5200 νεκται
2379 5147 2499 5203 ταῖς
2532 5147 2711 5216 ἀραῖς,
2734 5144 2890 5214 ᾠήθη
2921 5144 2978 5196 δὲ
3009 5143 3169 5196 πάλιν
3194 5142 3277 5194 ὅτι
3299 5139 3617 5209 τεθνήξεται
3645 5141 3745 5192 καὶ

2164 5238 2363 5301 αὐτὸς,
2405 5238 2495 5289 καὶ
2524 5238 2571 5289 εἰ
2604 5237 2680 5308 μὴ
2717 5236 2956 5306 βούλοιτο
2988 5235 3154 5298 Θεὸς,
3188 5233 3282 5286 καλ⁵
3314 5231 3468 5295 λύσις
3491 5231 3645 5284 ἔσται
3679 5233 3745 5284 τὸ

2163 5331 2352 5401 χρῆμα
2383 5327 2532 5399 αὐτῷ
2559 5329 2659 5398 τῆς
2687 5331 2752 5380 ὲκ
2789 5326 2924 5380 Θεοῦ
2956 5325 3142 5396 ὀργῆς.
3177 5326 3422 5393 Ἔφασκε
3448 5321 3582 5392 γάρ’
3616 5341 3635 5372 ι
3677 5323 3743 5376 Ei

2165 5422 2402 5493 ἐκϐάλῃς
2435 5439 2504 5492 με
2555 5423 2794 5493 σήμερον
2837 5420 2946 5473 άπὸ
2992 5419 3284 5490 προσώπου
3330 5419 3429 5485 τῆς
3472 5417 3598 5486 γῆς,
3644 5417 3744 5468 καὶ

2165 5514 2274 5567 ἀπὸ
2299 5515 2392 5566 τοῦ
2427 5511 2719 5583 προσώπου
2747 5529 2840 5566 σου
2870 5510 3240 5582 κρυϐήσομαι.
3267 5507 3362 5561 καὶ
3391 5506 3584 5576 ἔσομαι
3616 5505 3740 5562 στέ-

2165 5624 2274 5660 νων
2313 5607 2409 5658 καὶ
2451 5603 2669 5674 τρέμων
2703 5603 2797 5656 ἐπὶ
2822 5603 2922 5672 τῆς
2949 5602 3074 5671 γῆς,
3101 5602 3194 5654 καὶ
3222 5599 3407 5661 ἔσται,
3443 5599 3549 5659 πᾶς
3582 5597 3612 5648 6
3641 5597 3737 5648 εὐ-

2166 5696 2371 5766 ρίσκων
2406 5713 2473 5764 με
2508 5695 2796 5749 ἀποκτενεῖ
2832 5709 2920 5762 με.
2967 5711 2988 5745 ι
3037 5691 3178 5744 Ἀλλ’
3200 5691 3280 5744 ὅτι
3319 5690 3498 5757 πάντη
3541 5704 3598 5739 τε
3644 5693 3742 5744 aut
