4092 6466
435 328 514 384 57
1493 318 2020 378 GLAPHYRORUM
2055 322 2124 379 ΙΝ
2162 322 2467 381 GENESIM
2505 325 2636 382 LIB.
2679 326 2719 381 l.
3678 329 3751 387 38

436 441 668 506 πάντως
696 436 1052 495 ὑποκείσεται
1077 441 1199 504 ταῖς
1239 441 1403 512 ἀραῖς
1434 439 1532 494 καὶ
1558 440 1668 494 τῶν
1695 439 1918 494 οἰκείων
1948 442 2029 494 ἀνι

2148 441 2283 498 Cain
2321 458 2541 514 poenam
2586 443 2850 508 exsolvet,
2898 444 2995 514 qui
3039 444 3160 517 ejus
3196 446 3539 516 corporalem
3575 450 3747 503 vitam

430 535 907 609 οσιουργημάτων
956 534 1148 604 ὑφέξει
1190 534 1293 599 τάς
1334 534 1494 600 δίκας
1537 532 1850 606 τρισάθλιον
1884 535 1943 589 ἐν
1973 539 2044 606 τῇ

434 626 738 700 διατρίϐων
761 626 900 699 βίον,
926 626 1357 700 ἐπληροφορεῖτο
1388 628 1581 699 σαφῶς
1603 627 1740 681 Θεοῦ
1771 627 2043 696 λέγοντος·

439 740 459 771 ι
498 721 620 791 Οὐχ
658 721 863 784 οὕτως,
891 719 977 778 ὃσι
1021 720 1132 784 πᾶς
1164 721 1193 774 ό
1228 720 1562 785 ἀποκτείνας
1603 719 1743 774 Κάῖν
1784 719 1925 773 ἐπτά
1955 722 2046 773 ἐκ·

430 812 745 884 δικοόμενα
793 811 1129 884 παραλύσει.
1184 831 1204 864 ι
1252 813 1328 867 Τὸ
1373 812 1431 867 δὲ
1482 812 1625 867 ἐπτά
1665 812 1882 884 τίθησιν
1926 814 2048 866 ἀντί

429 905 538 959 τοῦ
563 905 968 977 πολλὰ,ὅμοιον
992 903 1087 960 οῦν
1107 905 1184 970 ὡς
1211 908 1259 959 εἰ
1277 906 1449 975 λέγει,
1476 905 1802 959 πολλῶνκαὶ
1816 908 2047 961 ἀνοσίων

430 996 943 1069 πλημμελημάτων
1003 1000 1281 1069 χαριεῖται
1340 997 1498 1067 δίκην
1545 995 1624 1068 τῷ
1668 997 2046 1069 ἀδελφοκτόνῳ

433 1087 614 1153 Κάῖν,
635 1089 664 1141 ό
691 1088 794 1158 τῆς
820 1087 1149 1159 ἐνσωμάτου
1177 1086 1325 1159 ζωῆς
1362 1087 1537 1150 ἀνιεὶς
1580 1087 1764 1141 αὐτόν.
1795 1087 1859 1140 Εἰ
1886 1087 1944 1141 δὲ
1979 1088 2043 1159 δή

427 1196 525 1242 τις
553 1179 739 1233 ἕλοιτο
765 1181 863 1234 καὶ
892 1179 1038 1234 ἐτττά
1072 1179 1166 1233 τὸν
1198 1179 1435 1251 ἀριθμὸν
1473 1175 1613 1233 εἶναι
1641 1178 1824 1249 λέγειν
1852 1179 1921 1233 τά
1947 1181 2043 1233 ἐκ-

428 1268 770 1341 δικούμενα,
805 1269 1048 1341 χαλεπὸν
1092 1269 1245 1324 οὐδὲν
1284 1268 1705 1343 ἀναμετροῦντα
1731 1272 1928 1337 εἰπεῖν,
1961 1270 2044 1324 δτι

429 1360 639 1434 πρώτη
678 1363 781 1431 μὲν
812 1363 1064 1434 ἁμαρτία
1106 1362 1185 1434 τῷ
1212 1363 1378 1425 Κάῖν,
1407 1362 1469 1416 τὸ
1500 1362 1576 1434 μὴ
1609 1361 1803 1417 διελεῖν
1841 1361 2040 1434 ὀρθῶς,

433 1454 585 1524 μήτε
624 1452 734 1525 μὴν
770 1453 1043 1525 ἀναϐῆναι
1074 1453 1194 1526 Θεῷ
1229 1454 1298 1508 τά
1338 1454 1558 1509 πάντων
1585 1452 1875 1526 ἐξαίρετα.
1911 1454 2042 1507 Δεῦ-

427 1561 601 1615 τερον
630 1545 688 1601 δέ
708 1545 774 1618 δὴ
796 1546 858 1600 τὸ
891 1546 1141 1617 μαθόντα
1169 1547 1270 1619 τὴν
1305 1546 1583 1619 ἁμαρτίαν
1621 1546 1696 1617 μὴ
1734 1546 2040 1619 τραπέσθαι

428 1635 580 1706 πρὸς
612 1636 963 1706 μετάγνωσιν
983 1677 999 1701 ,
1022 1637 1121 1691 καὶ
1149 1640 1271 1701 ταῖς
1304 1637 1387 1700 εἰς
1426 1634 1490 1690 τὸ
1534 1636 1758 1708 ἄμεινον
1802 1637 2035 1709 ἀναδρο-

431 1731 573 1799 μαῖς
603 1729 948 1802 ἐπανορθοῦν
974 1730 1044 1785 τὰ
1069 1729 1466 1802 διεπταισμένα
1485 1773 1500 1797 ,
1546 1728 1957 1802 καταθήγεσθαι
1981 1730 2039 1784 δέ

2150 535 2373 591 laeserit.
2411 535 2468 591 Si
2495 537 2622 607 quis
2649 544 2835 591 autem
2862 536 2997 592 velit
3032 538 3406 608 scptenarium
3430 555 3745 606 numerum,

2148 644 2213 684 ea
2238 629 2352 699 ipsa
2392 644 2630 700 quorum
2674 627 2919 685 vindicta
2961 631 3239 697 sumitur,
3292 631 3499 697 dicere,
3539 648 3750 704 nequa-

2149 735 2315 792 quam
2344 721 2633 777 erraverit.
2666 723 2915 778 Primum
2943 723 3093 778 enim
3138 732 3427 795 peccatum
3449 723 3585 781 Cain
3615 725 3742 790 fuit,

2154 812 2257 884 17
2285 813 2434 883 quod
2458 829 2571 870 non
2599 825 2748 872 recte
2784 817 3025 887 partitus
3057 815 3247 884 fuerit,
3280 832 3462 889 neque
3494 818 3747 873 omnium

2148 905 2359 976 optima
2379 906 2495 961 Deo
2516 908 2877 963 consecrarit.
2913 907 3232 964 Secundum
3259 922 3414 974 vero,
3449 909 3621 981 quod,
3653 925 3745 965 co-

2147 996 2301 1069 gnito
2324 1002 2576 1067 peccato,
2592 996 2920 1068 poenitentia
2945 997 3146 1053 ductus
3170 1012 3285 1053 non
3321 998 3413 1064 sit,
3437 1013 3621 1069 neque
3655 1014 3746 1055 re-

2147 1087 2265 1143 ditu
2292 1087 2363 1143 ad
2385 1086 2585 1143 melius
2609 1094 2900 1159 peccatum
2932 1103 3096 1144 suum
3121 1088 3454 1155 emendarit,
3485 1090 3746 1161 quodque

2147 1178 2521 1235 inﬂammatus
2546 1170 2823 1235 fuerit°ad
2851 1179 3013 1245 iram,
3049 1180 3400 1250 proximique
3437 1181 3524 1235 sui
3569 1181 3744 1253 gloria

2146 1272 2422 1339 irritatus,
2451 1287 2617 1344 quem
2650 1271 2855 1327 imitari
2882 1272 3069 1343 potius
3095 1288 3198 1343 par
3220 1281 3363 1340 erat,
3396 1290 3508 1330 non
3552 1273 3731 1330 inimi-
3798 1320 3808 1329 .

2146 1382 2274 1424 cum
2300 1380 2550 1431 censere,
2574 1372 2739 1436 atque
2771 1364 2978 1435 iniquis
3015 1366 3193 1422 oculis
3235 1366 3459 1422 intueri.
3491 1366 3740 1422 Tertium

2144 1465 2352 1523 autem,
2378 1472 2444 1513 ac
2463 1456 2637 1511 veluti
2666 1454 2852 1511 aditus
2884 1455 3115 1527 quidam
3151 1457 3221 1512 ad
3244 1457 3451 1512 eadem
3482 1459 3740 1513 commit-

2145 1549 2389 1614 tendam,
2451 1546 2696 1603 crudelis
2736 1546 2964 1603 invidia.
3019 1549 3290 1617 Quartum
3341 1564 3510 1614 vero,
3565 1549 3738 1604 illud:

2152 1661 2170 1694 ι
2213 1641 2579 1714 Egrediamur
2608 1641 2666 1696 in
2690 1655 2966 1711 campum,
3014 1660 3034 1694 ι
3067 1641 3179 1697 doli
3218 1657 3284 1697 ac
3324 1642 3536 1698 fraudis
3574 1657 3741 1713 argu-

2143 1742 2415 1791 mentum.
2446 1733 2713 1804 Quintum
2764 1734 2947 1805 impia:
2980 1733 3148 1789 aedis
3186 1734 3418 1790 crimen.
3455 1734 3741 1789 Annumc-

428 1821 578 1891 πρὸς
630 1822 841 1893 ὀργὰς,
889 1822 987 1875 καί⁵
1048 1825 1170 1885 ταῖς
1223 1821 1319 1875 τοῦ
1380 1819 1554 1886 πέλας
1619 1821 2029 1892 εὐδοκιμήσεσιι

2148 1827 2259 1882 rari
2289 1842 2423 1883 vero
2477 1842 2580 1898 pro
2618 1834 2774 1881 sexto
2823 1835 3053 1897 peccato
3070 1834 3288 1897 potest,
3328 1826 3557 1881 mentiri
3603 1826 3736 1881 Deo.

426 1910 857 1982 ἐποτρύνεσθαι·
889 1912 951 1967 δν
982 1910 1091 1966 ἔδει
1140 1928 1243 1967 που
1295 1914 1516 1977 πάντως
1558 1910 1776 1966 ἑλέσθαι
1819 1911 2037 1983 ζηλοῦν,

426 2003 537 2057 οὐκ
567 2002 770 2076 ἐχθρὸν
794 2004 1057 2075 ἡγεῖσθαι
1076 2046 1092 2073 ,
1124 2004 1221 2060 καὶ
1262 2003 1472 2069 ἀδίκοις
1517 2003 1764 2075 ὄμμασιν
1804 2004 2039 2058 ὑποϐλέ-

427 2094 665 2151 πεσθαι.
695 2096 871 2169 Τρίτη
900 2097 958 2151 δὲ
999 2097 1094 2151 καὶ
1133 2098 1462 2170 προεισϐολή
1496 2092 1582 2162 τις
1623 2096 1816 2170 ὥσπερ
1834 2100 1935 2171 τῆς
1959 2098 2040 2164 εἰς

425 2186 493 2240 τὸ
539 2186 747 2259 χρῆναι
799 2189 971 2262 φονᾷν
1014 2190 1377 2262 ἀγριότητος,
1422 2193 1451 2245 ό
1495 2191 1771 2262 ἀνήμερος
1819 2190 2034 2260 φθόνος.

424 2277 689 2353 Τετάρτη
713 2281 761 2334 δ’
797 2282 954 2346 αὐτὸ,
994 2301 1015 2334 ι
1048 2282 1356 2356 Διέλθωμεν
1385 2284 1467 2348 είς
1491 2282 1552 2337 τὸ
1576 2283 1780 2349 πεδίον,
1827 2302 1847 2335 ι
1881 2283 2034 2337 δόλου

423 2370 529 2423 καὶ
567 2371 793 2443 ἀπάτης
832 2370 1110 2439 ἀπόδειξιν
1148 2373 1292 2444 ἔχον.
1316 2372 1551 2445 Πέμπτη
1591 2374 1649 2428 δὲ
1690 2376 1789 2446 τῆς
1815 2374 2032 2429 ἀνοσίου

425 2464 756 2534 μιαιφονίας
794 2464 865 2519 τά
897 2465 1245 2537 ἐγκλήματα.
1293 2465 1733 2539 Καταλογισθείη
1771 2466 1817 2520 δ’
1855 2466 1924 2520 ἂν
1957 2468 2039 2532 εἰς

421 2557 594 2611 ἕκτον
630 2556 785 2630 αὐτῷ
818 2558 1228 2631 πλημμέλημα,
1252 2558 1314 2613 τὸ
1350 2560 1721 2631 ψευδοεπῆσαι
1757 2559 1849 2613 τὸν
1876 2559 2034 2613 Θεόν.

420 2649 528 2713 Εἰς
569 2648 803 2721 ἕϐδομον
835 2651 916 2716 δὲ,
946 2651 1009 2704 τὸ
1037 2652 1263 2716 ἄκοντος
1285 2650 1380 2705 τοῦ
1414 2650 1571 2717 Θεοῦ,
1604 2652 1848 2724 νομίζειν
1870 2650 2032 2705 δύνα·

422 2741 557 2795 σθαι
589 2742 879 2815 διαδρᾶναι
903 2742 1005 2808 τὰς
1035 2743 1211 2809 δίκας,
1243 2742 1344 2814 τῆς
1392 2745 1450 2798 ἐν
1500 2743 1717 2815 σώματι
1758 2743 1904 2814 ζωῆς
1928 2743 2031 2799 οὐκ

2147 1919 2254 1974 Pro
2277 1917 2533 1988 septimo,
2561 1917 2711 1988 quod
2758 1917 2934 1972 invito
2966 1917 3081 1972 Deo
3103 1917 3448 1973 existimaret
3480 1932 3539 1973 se
3579 1932 3742 1988 posse

2146 2009 2391 2082 eﬂ'ugere
2444 2008 2800 2080 supplicium,
2839 2008 2950 2063 vita
2994 2007 3271 2078 corporali
3321 2017 3525 2078 praeter
3565 2008 3742 2079 ipsius

2143 2102 2486 2157 voluntatem
2552 2109 2826 2171 ereptum.
2878 2105 2904 2152 'r
2931 2098 3203 2156 Caeterum
3259 2099 3412 2158 dedit
3438 2140 3454 2166 ,
3519 2100 3739 2171 inquit,

2144 2193 2293 2249 Deus
2316 2190 2534 2263 signum
2565 2189 2731 2255 Cain,
2772 2198 2975 2245 utnon
3011 2188 3353 2246 interﬁceret
3379 2205 3510 2246 eum
3559 2190 3742 2245 omnis

2142 2283 2241 2356 qui
2290 2283 2594 2338 invenisset
2618 2297 2768 2337 eum.
2818 2281 2889 2336 Et
2929 2295 3191 2352 egressus
3220 2289 3309 2337 est
3352 2280 3490 2337 Cain
3527 2296 3558 2335 a
3598 2280 3739 2336 facie

2140 2373 2259 2430 Dei.
2309 2392 2329 2427 ι
2392 2373 2589 2430 Statim
2650 2382 2835 2431 autem
2901 2372 3384 2430 maledictionibus
3458 2372 3741 2443 subjectus

2135 2465 2260 2533 fuit,
2290 2465 2514 2537 odiique
2540 2465 2738 2520 modus
2772 2465 3107 2520 subsecutus
3131 2472 3237 2520 est.
3278 2463 3419 2521 Eum
3464 2462 3617 2519 enim
3641 2462 3739 2532 qui

2126 2558 2241 2631 jam
2270 2558 2339 2614 ad
2369 2573 2649 2614 summum
2681 2557 2929 2612 omnium
2954 2556 3229 2612 malorum
3264 2556 3605 2627 pervenerit,
3626 2568 3738 2626 quo

2131 2657 2290 2721 pacto
2313 2650 2612 2721 purissima
2652 2649 3111 2720 sanctissimaque
3156 2658 3357 2705 natura
3387 2664 3500 2705 non
3541 2662 3735 2720 asper-

2128 2750 2296 2799 netur
2316 2742 2340 2795 ?

420 2831 782 2906 ἀνεθελήτως
812 2833 1260 2906 ἀπηλλαγμένον.
1304 2854 1325 2887 ι
1386 2834 1549 2888 Ἀλλά
1582 2835 1815 2900 δέδωκε,
1883 2834 2071 2907 φησὶν,
2108 2834 2137 2887 ὁ
2178 2833 2313 2897 Θεὸς
2362 2834 2589 2904 σημεῖον
2622 2829 2701 2902 τῷ
2732 2832 2876 2886 Κάῖν
2922 2829 3018 2885 τοῦ
3059 2832 3135 2903 μὴ
3176 2830 3501 2888 ἀποκτεῖναι
3569 2831 3735 2887 αὐτόν

419 2928 613 2983 πάντα
676 2927 769 2981 τὸν
818 2928 1148 2999 εὑρίσκοντα
1192 2928 1388 2984 αὐτόν.
1434 2927 1659 3000 Ἐξῆλθε
1695 2930 1753 2983 δέ
1793 2930 1936 2983 Κάῖν
2002 2929 2112 2983 ἀπὸ
2153 2925 2449 3000 προσώπου
2501 2924 2598 2979 τοῦ
2644 2924 2803 2979 Θεοῦ.
2855 2944 2874 2978 ι
2927 2924 3219 3009 Ὺπέκειτο
3270 2924 3328 2978 δὲ
3387 2925 3734 2999 παραχρῆμα

414 3024 548 3085 ταῖς
573 3022 761 3093 ἀραῖς,
792 3023 891 3077 καὶ
917 3023 1067 3094 ὁτῆς
1105 3024 1462 3096 ἀποστροφῆς
1494 3023 1781 3095 ἠκολούθει
1806 3025 2030 3096 τρόπος.
2072 3023 2179 3078 Τὸν
2210 3022 2317 3094 γάρ
2347 3037 2429 3075 τοι
2470 3020 2608 3093 πρὸς
2669 3019 2824 3091 λῆξιν
2885 3017 2981 3072 τοῦ
3011 3019 3218 3083 παντὸς
3258 3019 3361 3091 ήδη
3407 3020 3732 3076 διελάσαντα

415 3117 606 3173 κακοῦ
642 3118 1044 3173 ἐποπτεύσειεν
1087 3120 1155 3174 ἂν
1189 3119 1309 3185 πῶς
1342 3122 1377 3191 ἡ
1413 3120 1691 3188 πάναγνος
1716 3123 1813 3175 καὶ
1856 3120 2138 3192 ἀγιωτάτη
2169 3117 2372 3189 φύσιςς

484 3216 569 3271 γ’.
605 3209 721 3264 Καὶ
754 3210 917 3263 ταυτὶ
942 3208 1043 3282 μὲν
1090 3211 1224 3281 ἡμῖν
1266 3209 1344 3275 ὡς
1386 3211 1445 3264 ἐν
1487 3210 1653 3282 πάχει
1683 3212 2029 3283 πραγμάτων

2209 3209 2263 3263 '5.
2305 3209 2482 3278 Atque
2508 3206 2628 3262 haec
2656 3204 2881 3277 quidem
2927 3204 3054 3261 rudi
3080 3201 3245 3261 modo
3267 3213 3432 3277 atque
3468 3206 3733 3264 historice

414 3302 520 3355 καὶ
570 3300 868 3372 ἰστορικῶς
916 3300 1160 3373 εἰρήσθω
1200 3302 1362 3379 τέως.
1415 3302 1912 3374 Μεταχρωννύντες
1972 3303 2029 3357 δὲ

413 3391 620 3461 ὥσπερ
647 3391 748 3461 τῆς
767 3390 979 3456 εἰκόνος
1004 3390 1105 3463 τὴν
1134 3392 1375 3465 γραφὴν,
1400 3382 1494 3446 καὶ
1518 3392 1617 3464 τὴν
1653 3394 1711 3446 ἐν
1744 3393 1825 3465 τῷ
1848 3394 2028 3465 γράμ-

417 3500 560 3555 ματι
594 3482 761 3537 σκιὰν
794 3483 1311 3556 μεταχαράττοντες
1344 3484 1428 3549 εἰς
1460 3484 1744 3557 ἀλήθειαν,
1775 3486 1908 3555 φέρε
1937 3484 2025 3556 δὴ,

414 3577 595 3649 φέρε,
622 3578 720 3631 καὶ
752 3576 875 3631 λίαν
920 3576 1120 3648 ἰσχνῶς
1148 3575 1357 3632 ἕκαστα
1399 3577 1783 3651 βασανίζοντες
1802 3619 1817 3642 ,
1849 3578 2028 3631 ἐκεῖνο

409 3670 715 3741 λέγωμεν,
744 3669 828 3723 ὅτι
855 3670 919 3724 τδ
956 3669 1201 3742 Χριστοῦ
1232 3671 1537 3744 μυστήριον
1564 3670 1915 3743 καταθρήσαι
1939 3687 2027 3734 τις

410 3760 484 3815 ἂν
514 3759 1083 3832 προανατυπούμενον
1113 3762 1170 3814 ἐν
1201 3761 1400 3832 ἀρχαῖς
1435 3762 1511 3826 ὡς
1540 3763 1598 3817 ἐν
1630 3763 1759 3834 σκιᾷ
1779 3760 1855 3832 τῷ
1884 3778 2025 3833 συμ-

408 3853 707 3924 ϐεὸηκότι.
741 3854 892 3907 Ἔδει
924 3853 1058 3925 γὰρ,
1081 3852 1188 3907 ἔδει
1219 3853 1320 3924 τῆς
1349 3852 1639 3925 ἀνθρώπου
1670 3854 1888 3924 φύσεως
1912 3853 2027 3907 δια-

406 3942 680 4013 τεθείσης
703 3945 786 4007 εἰς
820 3942 1123 4015 ἁμαρτίαν,
1151 3943 1247 3996 καὶ
1282 3945 1393 4005 τοῖς
1417 3941 1513 3997 τοῦ
1536 3943 1770 3998 θανάτου
1808 3942 2025 4014 βρόχοις

406 4034 706 4106 ἀδοκήτως
744 4031 1153 4105 ἐνειλημμένης
1171 4070 1188 4096 ,
1213 4026 1276 4086 τδ
1302 4032 1403 4104 τῆς
1428 4035 1506 4097 είς
1535 4032 1598 4086 τὸ
1626 4034 1853 4105 ἄμεινον
1887 4034 2020 4087 ἀνα-

388 4124 657 4198 ·κομιδῆς
708 4123 1234 4197 προαναφωνεῖσθαι
1285 4125 1620 4197 μυστήριον,
1668 4125 1766 4181 καί⁷
1810 4124 2022 4207 rever

401 4220 572 4291 ἡμᾶς
618 4219 718 4274 καὶ
762 4216 907 4290 ὑπὲρ
951 4217 1112 4291 ἡμῶν
1150 4217 1551 4291 τεθνηξόμενον
1600 4217 1745 4273 κατὰ
1789 4218 2021 4291 καιροὺς

408 4310 493 4382 μὴ
525 4308 873 4380 ἀγνοηθῆναι
893 4309 1155 4381 Χριστόν.
1192 4308 1497 4380 Πεποίηται
1526 4307 1708 4364 τοίνυν
1745 4308 1774 4361 ό
1804 4307 2023 4382 προπά-

398 4419 532 4475 τωρ
579 4401 757 4473 ’Δδὲμ
789 4402 935 4456 κατά
963 4393 1028 4471 γε
1062 4400 1163 4471 τὴν
1207 4401 1390 4454 πίστιν
1417 4399 1528 4454 τῶν
1562 4398 1724 4472 ἱερῶν
1750 4400 2022 4471 Γραμμα-

399 4511 523 4549 των
543 4534 562 4559 ,
590 4494 714 4547 κατ’
744 4493 935 4547 εἰκόνα
969 4492 1068 4548 καὶ
1100 4490 1224 4547 καθ’
1245 4491 1506 4564 ὁμοίωσιν
1535 4490 1695 4546 Θεοῦ.
1715 4491 2018 4563 Γεγέννην-

2133 3297 2405 3353 hactenus
2439 3295 2587 3351 dicta
2633 3293 2764 3350 sint.
2795 3294 2865 3349 At
2906 3309 3042 3350 vero
3076 3294 3333 3367 imaginis
3381 3295 3732 3354 lineamentis

2131 3403 2262 3444 suos
2282 3389 2494 3444 colores
2509 3386 2965 3458 snperducentes,
2989 3394 3047 3442 et
3064 3388 3316 3443 umbram
3346 3388 3545 3445 litterae
3564 3389 3633 3445 ad
3649 3390 3731 3446 rei

2129 3481 2420 3537 veritatem
2455 3479 2940 3545 transformantes,
2973 3495 3039 3535 ac
3077 3480 3293 3555 singula
3318 3481 3606 3537 subtiliter
3639 3482 3729 3537 in—

2130 3568 2487 3640 vestigantes,
2514 3567 2654 3622 illud
2688 3567 2959 3634 dicamus,
2988 3567 3139 3638 quod
3164 3567 3373 3624 Christi
3401 3568 3730 3641 mysterium

2128 3659 2187 3715 in
2225 3659 2294 3715 iis
2348 3674 2471 3729 qua:
2520 3658 2652 3713 olim
2702 3657 3071 3723 acciderunt,
3112 3657 3525 3729 praeﬁguratum
3566 3659 3729 3716 facile

2128 3751 2255 3822 quis
2287 3756 2566 3822 agnoscat.
2600 3748 2906 3821 Oportebat
2949 3751 3101 3805 enim
3135 3751 3395 3822 prolapsa
3434 3751 3492 3806 in
3535 3766 3730 3822 pecca-

2128 3851 2246 3899 tum
2274 3843 2519 3897 bumana
2565 3850 2784 3908 natura,
2825 3843 3134 3913 mortisque
3164 3843 3388 3914 laqueis
3440 3843 3728 3914 inopinato

2127 3935 2399 4002 involuta,
2437 3936 2760 4008 mysterium
2791 3936 3163 3991 restitutionis
3178 3936 3235 3991 in
3256 3936 3455 3991 melius
3477 3935 3726 4006 praedici,

2126 4035 2183 4082 et
2219 4043 2348 4083 eum
2378 4027 2475 4098 qui
2510 4035 2741 4098 propter
2770 4042 2895 4093 nos,
2930 4042 2996 4082 ac
3020 4043 3125 4099 pro
3153 4027 3318 4084 nobis
3346 4043 3448 4083 suo
3478 4036 3727 4099 tempore

2124 4116 2431 4172 moriturus
2451 4124 2590 4183 erat,
2621 4115 2907 4172 Christum
2939 4130 3051 4172 non
3077 4116 3341 4188 ignorari.
3384 4117 3585 4173 Factus
3620 4117 3726 4188 igi-

2123 4215 2216 4262 tur
2233 4217 2319 4264 est
2355 4207 2571 4279 primus
2594 4216 2751 4279 pater
2777 4208 2974 4273 Adam,
3013 4217 3183 4279 prout
3205 4222 3376 4265 sacrm
3390 4208 3614 4264 Littera
3641 4216 3726 4263 te-

2122 4307 2361 4366 stantur,
2387 4300 2547 4371 juxta
2584 4300 2882 4371 imaginem
2906 4315 2970 4355 ac
2991 4298 3417 4355 similitudinem
3451 4300 3569 4355 Dei.
3599 4300 3724 4356 Nati

2122 4396 2309 4444 autem
2357 4395 2488 4443 sunt
2516 4395 2574 4443 et
2609 4396 3006 4459 processerunt
3040 4387 3111 4442 ab
3134 4402 3222 4453 eo,
3258 4389 3475 4458 primus
3496 4386 3723 4458 quidem

2120 4482 2295 4549 Cain;
2358 4479 2639 4536 secundus
2682 4492 2819 4533 vero
2854 4486 2983 4549 post
3008 4478 3202 4543 illum,
3243 4477 3400 4533 Abel.
3446 4477 3724 4534 Cancrum

398 4605 502 4641 ται
531 4586 595 4640 δὲ
621 4586 719 4640 καὶ¹
754 4585 1031 4657 προῆλθον
1059 4585 1156 4639 ἀπ’
1195 4583 1387 4647 αὐτοῦ,
1413 4584 1632 4654 πρῶτος
1666 4585 1766 4654 μέν
1795 4585 1824 4639 ό
1854 4583 2018 4651 Κάῖν,

2132 4574 2301 4631 Caino
2322 4573 2548 4646 quidem
2582 4571 2804 4628 lsraelis
2824 4586 3125 4644 personam
3153 4570 3718 4628 accommodabimus.

396 4677 672 4748 δεύτερος
704 4676 764 4730 δὲ
793 4677 911 4747 μετ’
935 4676 1146 4731 ἐκεῖνον
1168 4675 1198 4728 ό
1231 4674 1421 4729 Ἅϐελ.
1460 4673 1621 4728 Ἀλλὰ
1643 4673 1720 4746 τῷ
1752 4674 1851 4746 μὲν
1873 4675 2018 4729 Κάῖν

395 4770 468 4823 τὸ
496 4767 565 4835 ἐξ
608 4767 832 4839 Ἰσραὴλ
867 4767 1165 4838 πρόσωπον
1200 4765 1594 4839 περιθήσομεν.
1635 4765 1788 4818 Ἐπεί
1813 4782 1895 4818 τοι
1922 4763 2014 4819 καὶ

393 4860 580 4925 αὐτὸς
611 4861 640 4913 ό
659 4858 902 4930 Χριστὸς
935 4857 1260 4930 ἰσοτρόπους
1290 4857 1452 4922 ὄντας
1475 4856 1554 4929 τῷ
1579 4858 1721 4910 Κάῖν
1751 4856 1881 4920 τοὺς
1908 4853 2018 4909 τῶν

409 4950 698 5005 Ἰουδαίων
725 4950 934 5021 δήμους
953 4990 968 5015 ,
1004 4950 1170 5004 αὑτὸν
1204 4950 1605 5023 προσημαίνειν
1639 4948 1812 5019 ἠξίου.
1841 4946 2018 5012 Αὐτὸς

394 5045 519 5116 γὰρ
556 5043 822 5114 ἔφασκεν·
872 5063 892 5097 ι
937 5044 1067 5099 Ἐὰν
1107 5044 1267 5115 ὑμεῖς
1316 5043 1529 5115 μένητε¹
1554 5042 1613 5096 ἐν
1640 5042 1720 5114 τῷ
1757 5041 1901 5112 λόγῳ
1935 5039 2014 5113 τῷ

395 5130 567 5203 ἐμῷ,
607 5130 829 5203 ἀληθῶς
889 5131 1135 5205 μαθηταί
1178 5150 1283 5205 μου
1326 5132 1552 5196 ἐσεσθε,
1594 5133 1689 5187 καὶ
1733 5131 2013 5203 γνώσεσθε

391 5224 506 5296 τὴν
540 5222 847 5296 ἀλήθειαν,
883 5224 983 5279 καὶ
1026 5227 1061 5296 ἡ
1107 5224 1339 5297 ἀλήθεια
1382 5222 1745 5298 ἐλευθερώσει
1789 5224 1956 5297 ὑμᾶς.
1991 5243 2011 5278 ι

391 5317 464 5372 οι
492 5314 555 5369 δὲ
581 5314 684 5384 τῆς
712 5315 993 5389 πατρικῆς
1014 5313 1335 5387 ἐλευθερίας
1362 5314 1423 5368 οὐ
1462 5315 1738 5379 συνιέντες
1778 5314 1842 5369 τὸ
1881 5313 2016 5369 κάλ-

390 5410 525 5475 λος,
570 5412 867 5481 σαρκικοῖς
915 5408 1234 5480 αὐχήμασιν
1286 5406 1707 5479 ἐναγλαῖζεσθαι
1754 5408 1867 5463 δεῖν
1915 5409 2013 5461 ἐπ-

388 5503 690 5575 εχείρουν,
725 5500 1009 5573 λέγοντες·
1057 5521 1079 5555 r
1115 5498 1351 5572 Σπέρμα
1396 5500 1651 5573 Ἀϐραάμ
1684 5502 1885 5573 ἐσμεν,
1913 5501 2011 5555 καὶ

386 5592 585 5651 οὐδενῖ
628 5592 1066 5666 δεδουλεύκαμεν
1114 5591 1360 5648 πώποτε.
1390 5591 1514 5658 Πῶς
1561 5594 1627 5648 σὺ
1672 5591 1889 5662 λέγεις,
1924 5593 2006 5646 ὅτι

470 5773 522 5807 ⁸¹
558 5774 725 5832 Joan.
758 5791 873 5836 vm.
910 5774 1001 5835 3|.
1034 5773 1124 5828 52.
1226 5772 1273 5807 “
1312 5773 1449 5829 ibid.
1486 5773 1575 5828 35.

2115 4671 2405 4742 Siquidem
2463 4670 2581 4742 ipse
2652 4672 2819 4727 etiam
2870 4671 3150 4737 Christus,
3208 4670 3446 4743 populos
3499 4669 3721 4727 Judaao-

2125 4778 2245 4822 rum
2268 4764 2480 4821 eisdem
2500 4777 2626 4819 cum
2662 4762 2836 4819 Caino
2861 4764 3113 4819 moribus
3144 4763 3404 4835 praeditos
3429 4764 3611 4835 ipsum
3641 4763 3719 4819 si-

2118 4856 2384 4928 gniﬁcare
2434 4854 2787 4927 praedicabat.
2834 4856 2917 4912 Ita
2964 4855 3114 4912 enim
3154 4856 3232 4911 ait
3270 4872 3284 4909 :
3325 4874 3343 4907 ι
3389 4854 3446 4911 Si
3477 4871 3576 4911 vos
3615 4856 3720 4927 ιε

2119 4945 2439 5001 manseritis
2460 4946 2517 5000 in
2543 4961 2799 5002 sermone
2837 4960 2983 5012 meo,
3013 4961 3146 5002 vere
3168 4944 3427 5017 discipuli
3456 4945 3562 5000 mei
3603 4947 3718 5000 eri-

2123 5037 2216 5104 tis,
2247 5045 2303 5093 et
2345 5038 2690 5109 cognoscetis
2732 5039 3022 5094 veritatem
3047 5079 3062 5105 ,
3108 5044 3167 5094 et
3211 5038 3420 5093 veritas
3456 5036 3718 5093 liberabit

2122 5147 2223 5190 vos
2251 5130 2318 5185 "’.
2355 5150 2373 5183 ι
2419 5131 2504 5186 Illi
2542 5146 2677 5187 vero
2720 5139 2965 5202 paternae
3011 5130 3290 5187 libertatis
3320 5130 3714 5201 pulchritudi-

2113 5240 2241 5280 nem
2262 5237 2616 5295 nequaquam
2654 5224 3049 5296 intelligentes,
3078 5224 3288 5280 carnali
3306 5223 3481 5297 gloria
3514 5222 3715 5279 ﬂorere

2114 5316 2433 5381 studebant,
2466 5316 2718 5372 dicentes
2750 5333 2766 5370 :
2812 5335 2830 5369 ι
2879 5315 3081 5372 Semen
3114 5314 3352 5372 Abrahae
3372 5331 3568 5372 sumus
3593 5356 3607 5381 ,
3658 5325 3716 5370 ct

2109 5408 2321 5464 nemini
2363 5409 2696 5464 servivimus
2724 5424 2989 5481 unquam.
3027 5407 3316 5477 Quomodo
3338 5417 3399 5463 tu
3427 5406 3585 5472 dicis,
3620 5406 3715 5461 Li-

2110 5500 2230 5557 beri
2282 5500 2442 5555 eritis
2472 5500 2558 5555 “?
2582 5520 2602 5553 ο
2635 5500 2778 5569 Quid
2812 5502 2982 5575 igitur
3010 5501 3076 5557 ad
3105 5500 3224 5557 haec
3254 5497 3552 5557 Christus?
3581 5515 3600 5548 ι
3653 5496 3714 5551 Si

2110 5593 2204 5648 ﬁlii
2228 5634 2242 5661 ,
2282 5612 2299 5645 ι
2336 5592 2537 5665 inquit,
2572 5614 2591 5647 ι
2640 5594 2878 5652 Αἰπιιιιιιι
2908 5594 3136 5661 essetis,
3169 5607 3335 5666 opera
3359 5586 3598 5647 Abralm
3628 5585 3712 5641 fa-
