4092 6476
488 306 556 361 39
1515 293 1570 349 S.
1612 292 1886 348 CYRILLI
1928 290 2402 349 ALEXANDRINI
2437 294 2756 351 ARCHIEP.
3685 303 3754 359 ιο

487 414 704 473 cei-etis.
735 412 892 468 Nunc
923 419 1110 470 autem
1149 407 1398 480 quaeritis
1429 423 1515 463 me
1556 407 2077 468 interficere,homi—

2194 410 2501 482 Ἐλεύθεροι
2534 411 2720 465 ἔσεσθε
2747 431 2760 478 ;

487 523 635 572 nem,
674 507 770 576 qui
804 505 1095 559 veritatem
1129 503 1287 558 vobis
1312 503 1532 555 locutus
1558 512 1680 553 sum
1710 538 1724 560 ,
1769 513 1935 566 quam
1973 515 2074 553 au-

487 601 600 655 divi
633 615 665 654 a
695 599 900 662 Patre;
944 596 1051 650 hoc
1088 594 1364 649 Abraham
1403 606 1515 645 non
1548 589 1680 645 fecit
1701 589 1767 642 “.
1800 609 1817 639 ι
1857 590 2075 644 Patrem

487 701 670 747 autem
703 691 837 762 ipsis
865 688 1060 744 tribuit
1100 686 1354 741 Satanam
1378 724 1393 747 ,
1431 682 1671 738 dicens:
1705 701 1722 734 ι
1755 683 1864 737 Vos
1894 681 2076 737 facitis

487 801 652 856 opera
679 784 852 853 patris
891 781 1082 836 vestri.
1112 778 1208 832 Ille
1233 774 1512 830 homicida
1545 782 1666 828 erat
1697 774 1766 828 ab
1792 773 1953 828 initio
1973 813 1986 837 ,
2021 779 2077 827 et

487 877 546 932 in
577 878 808 932 veritate
826 889 936 929 non
960 871 1131 935 stetit,
1163 868 1291 938 quia
1316 867 1550 921 mendax
1587 875 1691 931 est,
1725 866 2078 934 quemadmo—

487 968 620 1024 dum
649 976 704 1022 et
730 975 884 1036 pater
922 963 1041 1033 ejus
1070 961 1136 1015 ⁸⁸.
1174 977 1192 1012 ι
1238 958 1595 1028 Nequaquam
1623 973 1756 1013 vero
1793 957 2076 1012 existima-

487 1060 691 1122 bimus,
736 1065 886 1111 recte
926 1053 1233 1109 sentientes
1257 1090 1272 1115 ,
1299 1049 1584 1104 Christum
1624 1047 1780 1119 pravi
1817 1063 1882 1102 ac
1911 1047 2078 1102 totius

489 1151 615 1205 mali
652 1147 898 1203 auctoris
932 1144 1200 1201 daemonis
1225 1141 1580 1206 meminisse;
1613 1139 1709 1194 sed
1752 1138 1959 1192 rabidis
1977 1136 2077 1192 Ju-

488 1243 639 1308 daeis,
673 1240 1007 1310 impiamque
1050 1236 1154 1306 ipsi
1199 1236 1405 1290 caedem
1447 1231 1925 1294 machinantibus,
1957 1229 2076 1300 pri-

490 1349 636 1388 mum
673 1333 830 1386 illum
853 1329 1187 1386 homicidam
1208 1325 1594 1395 mendaciique
1608 1323 2075 1386 concinnatorem,

487 1427 642 1491 Cain,
677 1427 900 1494 inquam
921 1462 936 1488 ,
974 1431 1187 1492 patrem
1217 1420 1495 1482 statuisse,
1536 1425 1702 1487 atque
1746 1415 1895 1470 illius
1918 1415 2076 1471 Sata-

489 1533 615 1571 nam
670 1514 882 1587 peccati
943 1520 1249 1568 auctorem.
1310 1509 1695 1578 Quaarentibus
1750 1506 2072 1570 nonnullis,

490 1624 653 1679 quem
684 1616 894 1677 patrem
941 1604 1174 1659 dmmoni
1228 1602 1411 1657 daturi
1450 1601 1643 1664 simus,
1682 1607 1778 1653 aut
1804 1599 1965 1668 quale
1989 1597 2076 1652 di-

491 1699 634 1754 cturi
656 1699 828 1753 simus
849 1712 971 1751 esse
994 1696 1166 1766 ipsius
1191 1693 1475 1765 pravitatis
1492 1692 1846 1766 archetypum
1870 1706 1884 1755 ;
1907 1689 2077 1744 Caino

2806 431 2822 464 )
2861 413 2926 465 Τί
2951 406 3044 467 οὖν
3084 412 3219 484 πρὸς
3267 414 3437 468 ταῦτα
3484 415 3750 486 Χριστάςῧ

2185 524 2202 554 ι
2228 504 2290 556 Εἰ
2317 503 2502 568 τέκνα,
2543 523 2560 554 ι
2590 505 2775 574 φησὶν,
2805 522 2824 556 ι
2859 503 2956 556 τοῦ
2987 504 3240 574 Ἀϐραὰμ
3269 500 3387 576 ἦτε,
3415 506 3482 560 τὰ
3511 507 3752 578 ἔργατοῦ

2192 597 2440 668 Ἀϐραάμ
2473 598 2707 650 ἐποιεῖτε
2737 597 2824 652 ἄν.
2860 597 2996 650 Νυνλ⁸
3016 597 3074 649 δὲ
3101 597 3313 667 ζητεῖτέ
3341 615 3408 667 με
3437 599 3757 655 ἀποκτεῖναι

2177 688 2483 759 ἄνθρωπον,
2509 689 2568 752 ὃς
2592 689 2689 758 τὴν
2718 688 2974 760 ἀλήθειαν
2999 690 3028 742 6
3038 693 3128 760 μῖν
3153 689 3449 761 λελάληκα,
3465 692 3530 761 ἣν
3550 693 3758 762 ἥκουσα

2181 775 2332 845 παρὰ
2375 775 2471 830 τοῦ
2523 777 2755 848 Πατρός·
2803 776 2962 836 τοῦτο
3006 779 3256 850 Ἀϐραάμ
3307 786 3405 832 οὑκ
3451 780 3696 850 ἐποίησε.
3733 800 3751 832 ι

2179 865 2401 935 Πατέρα
2449 867 2506 920 δὲ
2561 867 2742 930 αὐτοῖς
2795 867 3058 937 ἀπονέμει
3107 867 3200 921 τὸν
3242 869 3522 935 Σατανᾶν,
3560 870 3754 938 λέγων·

2186 979 2202 1009 ι
2246 958 2436 1028 Ὑμεῖς
2472 960 2674 1012 ποιεῖτε
2715 958 2782 1011 τὰ
2808 957 2945 1029 ἔργα
2973 959 3068 1012 τοῦ
3117 959 3326 1031 πατρὸς
3357 958 3530 1030 ὑμῶν.
3583 960 3760 1013 Ἐκεῖ-

2178 1065 2266 1111 νος
2295 1049 2742 1120 ἀνθρωποκτόνος
2767 1045 2835 1120 ἦν
2862 1049 2958 1102 ἀπ’
2989 1051 3164 1120 ἀρχῆς
3183 1091 3196 1111 ,
3225 1052 3320 1103 καὶ
3350 1053 3404 1103 ἐν
3429 1053 3495 1121 τῇ
3530 1049 3760 1123 ἀληθείᾳ

2178 1141 2274 1212 ούχ
2301 1141 2548 1211 ἔστηκεν,
2573 1141 2654 1193 ὅτι
2681 1139 2922 1210 ψεύστης
2962 1141 3099 1206 ἐστὶ,
3141 1140 3326 1204 καθὼς
3367 1141 3461 1194 καὶ
3501 1143 3529 1194 6
3575 1145 3759 1213 πατὴρ

2178 1231 2364 1286 αὑτοῦ.
2400 1249 2417 1281 ι
2452 1230 2562 1283 Καὶ
2585 1230 2809 1284 ούδέπου
2833 1229 3411 1300 νομιοῦμεν,νοοῦντες
3440 1230 3637 1302 ὀρθῶς,
3663 1232 3757 1285 τοῦ

2181 1321 2418 1392 πονηροῦ
2459 1339 2518 1375 τε
2552 1321 2647 1375 καὶ
2692 1321 3003 1392 ἀρχεκάκου
3051 1322 3308 1392 δαίμονος
3353 1322 3758 1394 διαμεμνῆσθαι

2179 1415 2435 1486 Χριστόν-
2483 1412 2903 1483 ὲκλελυττη-κόσι
2943 1413 2999 1466 δὲ
3039 1416 3156 1478 τοῖς
3199 1414 3494 1479 Ἰουδαίοις,
3535 1415 3630 1472 καὶ
3660 1414 3760 1486 τὴν

2179 1507 2400 1561 ἀνοσίαν
2430 1505 2549 1560 κατ’
2581 1505 2747 1560 αὑτοῦ
2779 1507 3093 1577 μιαιφονίαν
3121 1507 3394 1573 ὠδίνουσι,
3420 1508 3511 1561 τὸν
3544 1508 3760 1580 πρῶτον

2178 1600 2624 1669 ἀνθρωποκτόνον
2667 1599 2762 1652 καὶ
2801 1599 2896 1652 τοῦ
2937 1599 3168 1669 ψεύδους
3208 1601 3590 1671 ὲπιτηδευτὴν,
3619 1601 3761 1675 φημὶ

2177 1692 2242 1762 δὴ
2270 1692 2360 1745 τὸν
2388 1691 2552 1756 Κάῖν,
2581 1691 2765 1744 δίδωσι
2798 1693 3034 1762 πατέρα,
3069 1692 3327 1746 κάκείνου
3352 1693 3440 1746 τὸν
3492 1695 3758 1758 Σατανᾶν,

492 1793 676 1860 itaque
723 1788 894 1844 veluti
939 1788 1237 1857 archetypo
1285 1793 1543 1854 tanquam
1595 1782 1826 1852 eﬂigiem
1887 1781 2079 1835 tribuit

2182 1781 2272 1837 τὸν
2317 1782 2414 1852 τῆς
2450 1781 2722 1852 ἁμαρτίας
2771 1783 3017 1853 εὑρετήν.
3065 1782 3549 1836 Ἐπιδιδασκόντων
3599 1783 3764 1837 τινῶν

489 1899 588 1938 eos
615 1883 709 1952 qui
751 1880 1046 1951 impietatis
1080 1895 1188 1947 qua
1218 1879 1310 1930 ille
1347 1875 1609 1946 prmditus
1633 1882 1734 1936 est,
1768 1871 2082 1927 similitudi-

492 1990 616 2028 nem
639 1989 747 2042 prae
770 1989 826 2026 se
853 1972 1058 2025 ferunt.
1087 1968 1247 2035 Quod
1269 1968 1418 2022 enim
1454 1965 1722 2021 Salvatori
1753 1964 1976 2020 Christo
1997 1965 2079 2018 fa-

490 2066 704 2119 miliare
745 2063 817 2116 sit
850 2062 1109 2116 Satanam
1164 2073 1362 2113 vocare
1394 2073 1520 2112 eum
1561 2057 1655 2126 qui
1703 2056 1852 2110 illius
1900 2071 2082 2110 mores

490 2157 678 2218 refert,
707 2153 963 2208 facillime
986 2153 1114 2221 quis
1141 2149 1366 2212 viderit,
1392 2163 1517 2203 cum
1551 2147 1668 2216 ipse
1691 2146 1896 2201 sanctis
1917 2145 2082 2200 disci-

492 2245 638 2315 pulis
669 2243 818 2298 dicat
854 2257 866 2294 :
908 2259 926 2292 ‹
959 2241 1153 2294 Nonne
1183 2254 1285 2309 ego
1330 2253 1429 2291 vos
1475 2236 1770 2290 duodecim
1823 2236 1996 2305 elegi,
2027 2243 2082 2288 et

491 2351 620 2390 ecce
655 2351 798 2389 unus
824 2350 893 2388 ex
921 2333 1080 2388 vobis
1112 2332 1367 2386 diabolus
1401 2339 1486 2386 est
1504 2331 1585 2382 3°?
1615 2349 1631 2380 ι
1669 2327 2083 2397 Comparandus

493 2429 676 2497 itaque
704 2436 789 2482 est
811 2427 982 2482 Caino
1012 2425 1201 2487 Israel,
1233 2425 1300 2480 de
1330 2439 1438 2493 quo
1461 2423 1729 2492 scriptum
1769 2429 1887 2475 est:
1935 2439 1952 2470 ι
1988 2419 2082 2474 Fi-

493 2520 601 2577 lius
644 2533 800 2572 meus
851 2515 1251 2586 primogenitus
1288 2514 1454 2568 Israel
1474 2512 1540 2565 ⁸⁷.
1575 2532 1591 2562 ι
1627 2513 1756 2574 Post
1804 2511 2082 2581 primoge-

491 2609 668 2663 nitum
687 2623 819 2662 vero
853 2607 1018 2662 Israel
1048 2605 1324 2660 secundus
1361 2613 1630 2674 tempore,
1668 2613 1724 2657 et
1752 2601 2083 2656 novissimus

489 2707 717 2753 exortus
756 2706 841 2753 est
887 2698 1174 2762 Christus,
1207 2697 1354 2750 ﬁlius
1386 2697 1551 2751 etiam
1594 2696 1710 2766 ipse
1764 2693 1954 2748 Adam.
1997 2692 2083 2746 Id-

492 2788 642 2844 circo
673 2789 839 2844 etiam
895 2787 1091 2841 Filium
1125 2789 1350 2844 hominis
1383 2789 1665 2856 sapienter
1708 2793 1966 2853 certaque
1999 2799 2082 2837 ra-

493 2882 640 2935 tione
669 2880 911 2950 seipsum
947 2879 1154 2948 ubique
1184 2879 1445 2948 appellat.
1469 2877 1738 2932 Cmterum
1775 2874 1942 2931 Israel
1985 2891 2079 2929 co-

491 2973 605 3027 iere
643 2973 812 3026 Deum
851 2971 1116 3041 putabat,
1149 2970 1390 3025 offerens
1427 2968 1786 3039 temporarias
1811 2968 2081 3036 facileque

493 3070 902 3117 marcescentes
937 3078 1045 3123 res,
1079 3070 1136 3115 et
1159 3076 1392 3129 quarum
1427 3076 1594 3130 parva
1647 3060 1788 3113 ratio
1824 3059 2078 3122 habetur,

490 3152 836 3221 terrenisque
858 3151 1056 3206 studiis
1086 3159 1198 3206 tota
1232 3148 1637 3218 quodammodo
1676 3159 1857 3201 mente
1887 3147 2076 3200 aﬂixus
2105 3152 2144 3207 C

491 3249 631 3295 erat.
676 3260 693 3291 ‹
729 3241 1088 3309 Agriculturae
1119 3240 1268 3294 enim
1291 3239 1520 3294 vacabat
1541 3239 1696 3301 Cain,
1732 3237 1869 3290 Abel
1898 3245 2081 3292 autem

490 3343 612 3386 erat
641 3341 825 3400 pastor
861 3332 1047 3386 ovium
1087 3350 1133 3384 ›.
1175 3331 1474 3385 Praefectus
1517 3329 1664 3382 enim
1711 3336 1794 3380 est
1831 3327 2082 3381 rationali

493 3424 644 3494 gregi
679 3424 1026 3487 Emmanuel,
1058 3433 1222 3491 atque
1260 3422 1375 3490 ipse
1409 3428 1492 3474 est
1537 3421 1730 3473 Pastor
1759 3419 1849 3472 ille
1881 3419 2077 3480 bonus,

493 3514 588 3582 qui
618 3533 634 3564 ι
675 3515 730 3567 in
775 3515 894 3568 loco
942 3514 1131 3584 pingui
1176 3512 1472 3583 etpascuis
1520 3510 1835 3573 uberrimis,
1867 3530 1882 3560 ›
1943 3512 2082 3564 sicut

498 3604 603 3675 19
645 3605 910 3674 scriptum
941 3614 1025 3659 est
1048 3607 1114 3669 ³⁸,
1145 3619 1417 3674 supernos
1447 3618 1511 3656 ac
1547 3603 1640 3672 qui
1670 3617 1834 3671 super
1880 3611 2081 3655 terram

494 3706 622 3751 sunt
667 3714 859 3767 greges
912 3699 1107 3767 pascit.
1158 3697 1242 3751 Ad
1289 3711 1455 3765 quem
1513 3697 1680 3751 etiam
1729 3695 2082 3764 propheticus

494 3805 676 3844 sermo
703 3791 955 3845 clamavit
1003 3807 1016 3842 :
1059 3809 1076 3840 ι
1114 3791 1283 3844 Pasce
1325 3790 1587 3858 populum
1642 3799 1796 3842 tuum
1836 3788 1888 3840 in
1928 3789 2080 3856 virga

495 3882 757 3936 custodiae
788 3890 913 3947 tuae,
953 3898 1085 3936 oves
1124 3881 1461 3936 haereditatis
1497 3894 1604 3936 ture
1626 3881 1689 3932 δι’.
1732 3901 1748 3930 ι
1781 3879 1943 3934 Israel
1975 3879 2079 3933 ita-

494 3989 602 4042 que
630 3974 865 4028 terrenis
895 3973 1062 4028 rebus
1090 3974 1264 4028 Deum
1296 3973 1542 4038 colebat,
1584 3974 1820 4027 oﬂ‘erens
1850 3973 2042 4043 legalia
2063 4013 2077 4037 ,

494 4069 551 4114 et
606 4062 819 4132 ingrata
871 4061 974 4131 ipsi
1006 4061 1270 4115 sacriﬁcia
1312 4078 1660 4117 consecrans.
1684 4064 1890 4121 Idcirco
1913 4069 2078 4122 etiam

493 4152 708 4206 audivit
733 4167 830 4222 per
861 4167 1050 4206 vocem
1073 4154 1246 4207 sancti
1269 4154 1551 4223 prophetae
1577 4173 1588 4208 :
1635 4175 1653 4207 ι
1687 4157 2077 4215 IIolocaustum

495 4242 728 4298 arietum
765 4250 1003 4304 tuorum,
1064 4252 1121 4296 et
1167 4243 1384 4313 adipem
1417 4247 1621 4311 ovium,
1663 4255 1719 4302 et
1757 4252 2076 4321 sanguinem

495 4332 780 4386 hircorum
819 4347 884 4385 ac
913 4341 1195 4385 taurorum
1249 4349 1358 4387 non
1397 4335 1543 4399 volo,
1597 4352 1777 4406 neque
1816 4341 2078 4395 veneritis

494 4431 758 4492 apparere
788 4423 942 4476 mihi.
973 4423 1107 4490 Quis
1134 4425 1281 4479 enim
1306 4428 1560 4496 quaesivit
1593 4429 1710 4484 hate
1726 4431 1794 4484 de
1822 4433 2076 4487 manibus

2182 1873 2306 1927 τίνα
2337 1874 2550 1944 πατέρα
2574 1874 2653 1944 τῷ
2689 1874 2922 1944 διαϐόλῳ
2943 1874 3209 1944 δώσομεν,
3244 1875 3278 1945 ἢ
3305 1877 3456 1928 ποῖον
3490 1872 3629 1929 εἷναί
3665 1894 3764 1945 φα-

2187 1982 2286 2036 μεν
2323 1969 2424 2037 τῆς
2463 1966 2670 2018 ἐκείνου
2739 1967 3071 2037 δυστροπίας
3112 1967 3173 2019 τὸ
3211 1967 3548 2037 ἀρχέτυπον,
3597 1969 3765 2040 ἀρχε-

2183 2059 2336 2128 τύπῳ
2367 2060 2422 2112 δὲ
2454 2058 2644 2130 ὥσπερ
2669 2057 2745 2128 τῷ
2771 2059 2910 2112 Κάῖν
2939 2059 3192 2131 καθάπερ
3231 2059 3417 2112 εἰκόνα
3459 2059 3766 2130 προσνέμει

2183 2153 2310 2214 τοὺς
2339 2151 2436 2220 τῆς
2475 2149 2702 2220 ὲνούσης
2745 2150 2893 2222 αύτῷ
2926 2150 3244 2214 δυσσεϐείας
3279 2151 3378 2221 τὴν
3409 2152 3487 2214 εἰς
3516 2153 3625 2204 πᾶν
3656 2153 3772 2207 ὁτι-·

2183 2243 2277 2298 οὖν
2310 2243 2608 2314 ἐμφέρειαν
2636 2244 2811 2296 νοσεῖν
2853 2241 3196 2312 εἰρημένους.
3236 2242 3360 2294 Ὅτι
3399 2241 3508 2312 γὰρ
3541 2242 3662 2306 ἔθος
3691 2240 3766 2310 τῷ

2186 2335 2398 2404 Σωτῆρι
2424 2332 2664 2403 Χριστῷ,
2697 2333 2939 2388 Σατανᾶν
2964 2332 3260 2386 ἀποκαλεῖν
3293 2333 3384 2386 τὸν
3411 2337 3524 2396 τοῖς
3555 2335 3764 2392 ἐκείνου

2186 2425 2541 2495 προσεοικότα
2592 2425 2852 2495 τρόποις,
2903 2425 3342 2496 καταθρήσωμεν
3398 2425 3464 2478 ἂν
3501 2427 3600 2481 καὶ
3645 2425 3768 2481 λίαν

2184 2517 2422 2586 ἀμογητὶ
2450 2518 2562 2579 τοῖς
2607 2517 2785 2584 ἁγίοις
2831 2516 3056 2584 λέγοντα
3105 2518 3411 2588 μαθηταῖς·
3451 2539 3469 2570 ι
3514 2520 3631 2572 Οὐκ
3656 2516 3768 2588 ἐγὼ

2186 2606 2330 2674 ὑμᾶς
2356 2607 2480 2668 τοὺς
2508 2605 2716 2658 δώδεκα
2749 2605 3102 2676 ἐξελεξάμην,
3136 2608 3230 2660 καὶ
3275 2608 3382 2660 ἰδοὺ
3415 2603 3494 2671 εἷς
3519 2608 3582 2673 ἐξ
3611 2606 3766 2677 ὑμῶν

2185 2692 2430 2756 διάϐολός
2474 2695 2630 2758 ὲστι;
2675 2696 3083 2765 Παρεικαστέον
3127 2695 3306 2748 τοίνυν
3367 2696 3443 2765 τῷ
3495 2698 3640 2750 Κάῖν
3674 2694 3769 2750 τὸν

2141 2804 2151 2813 ·
2197 2785 2434 2856 Ἰσραὴλ,
2467 2786 2598 2857 περὶ
2625 2777 2686 2840 οὗ
2711 2786 3039 2854 γέγραπται·
3077 2805 3094 2837 ι
3133 2787 3260 2849 Υἱὸς
3293 2787 3640 2857 πρωτότοκός
3667 2801 3768 2855 μου

2198 2877 2432 2949 Ἰσραήλ.
2499 2895 2516 2928 ι
2554 2879 2710 2932 Μετὰ
2761 2879 2816 2930 δέ
2871 2896 2937 2946 γε
2975 2880 3067 2932 τὸν
3112 2879 3457 2950 πρωτότοκον
3524 2875 3767 2947 Ἰσραὴλ,

2185 2967 2435 3037 δεύτερος
2480 2968 2667 3036 ὥσπερ
2713 2970 2770 3022 ὲν
2813 2969 3023 3040 χρόνῳ,
3068 2971 3163 3021 καὶ
3212 2968 3476 3030 νεώτατος
3523 2969 3768 3037 ἀνεφάνη

2186 3060 2440 3130 Χριστὸς,
2480 3061 2594 3123 υἱὸς
2637 3061 2729 3113 καὶ
2773 3062 2933 3125 αὐτὸς
2977 3062 3071 3114 τοῦ
3125 3062 3313 3131 Ἀδάμ.
3350 3063 3647 3133 Τοιγάρτοι
3677 3059 3774 3116 καὶ

2189 3153 2325 3206 Υἱὸν
2362 3150 2682 3219 ἀνθρώπου
2719 3153 2898 3221 σοφῶς
2929 3171 2986 3206 τε
3036 3158 3130 3206 καὶ
3163 3154 3527 3224 οἰκονομικῶς
3577 3150 3771 3206 ἑαυτὸν

2185 3241 2439 3312 ὠνόμαζε
2479 3245 2742 3314 πανταχῆο
2775 3244 2889 3296 ἀλλ’
2919 3246 2946 3295 6
2981 3246 3080 3314 μὲν
3121 3245 3358 3315 Ἰσραὴλ,
3390 3248 3558 3316 τιμᾷν
3591 3244 3768 3298 ἐδόκει

2185 3332 2317 3384 Θεὸν
2359 3332 2682 3403 προσφέρων
2712 3333 2782 3385 τὰ
2813 3333 3126 3404 πρόσκαιρα
3153 3336 3246 3386 καὶ
3291 3335 3638 3405 εύμάραντα,
3672 3332 3769 3386 καὶ

2185 3417 2260 3474 ὧν
2303 3425 2362 3475 ού
2416 3425 2622 3494 σῳόδρα
2670 3424 2832 3487 πολὺς
2880 3427 2908 3477 ὁ
2954 3424 3142 3490 λόγος,
3189 3427 3280 3478 καὶ
3327 3428 3440 3487 τοῖς
3488 3427 3619 3495 περὶ
3663 3423 3768 3494 γῆν

2187 3513 2618 3584 σπουδάσμασιν,
2652 3515 2771 3567 ὅλον
2817 3513 3005 3583 ὥσπερ
3046 3515 3212 3565 ἐτίθει
3242 3515 3330 3567 τὸν
3372 3516 3552 3570 νοῦν.ι
3579 3516 3771 3586 Ἐτρά-

2186 3621 2315 3657 πετο
2349 3605 2453 3675 γὰρ
2485 3607 2563 3668 εἰς
2593 3606 2890 3675 γεηπονίαν
2917 3607 2944 3656 ὁ
2978 3607 3141 3667 Κάῐν,
3179 3607 3346 3658 ’Ἅϐελ
3375 3608 3431 3660 δὲ
3460 3604 3531 3680 ἦν
3564 3607 3769 3677 ποιμὴν

2185 3696 2492 3766 προϐάτων.
2555 3697 2868 3765 Καθηγεῐτο
2921 3696 3030 3767 γὰρ
3079 3698 3176 3768 τῆς
3225 3698 3448 3769 λογικῆς
3497 3700 3699 3768 ἀγέλης
3741 3697 3772 3748 ὁ

2197 3788 2578 3866 Ἐμμανουὴλ,
2627 3789 2721 3840 καὶ
2777 3786 2937 3849 αὑτός
2985 3790 3135 3839 ἐστιν
3184 3789 3212 3838 ὀ
3261 3789 3474 3860 Ποιμὴν
3521 3791 3550 3841 6
3605 3786 3770 3850 καλὸς

2182 3881 2210 3933 6
2249 3900 2266 3931 ι
2305 3882 2361 3932 ὲν
2395 3881 2546 3950 τόπῳ
2584 3879 2760 3942 πίονι,
2807 3879 2899 3930 καὶ
2951 3881 3008 3930 ἐν
3067 3882 3205 3950 νομῇ
3269 3882 3492 3952 ἀγαθῇ,
3547 3901 3565 3932 ι
3625 3879 3771 3933 καθὰ

2181 3973 2518 4042 γέγραπται,
2561 3970 2660 4032 τὰς
2699 3971 2811 4023 ἄνω
2851 3989 2908 4024 τε
2959 3973 3053 4026 καὶ
3097 3974 3190 4025 ἐπὶ
3228 3975 3329 4044 γῆς
3368 3973 3772 4042 διαποιμαίνων

2182 4064 2400 4130 ἀγέλας.
2446 4063 2591 4130 Πρὸς
2645 4062 2703 4114 ὃν
2747 4063 2840 4115 καὶ
2887 4066 2914 4115 6
2967 4064 3305 4134 προφητικὸς
3363 4065 3772 4135 ἁναπεφώνηκε

2181 4155 2354 4222 λόγος·
2405 4173 2424 4206 ι
2459 4155 2721 4224 Ποίμαινε
2761 4155 2851 4208 τὸν
2883 4155 3007 4208 λαόν
3053 4173 3146 4208 σου
3187 4159 3244 4208 ἐν
3290 4158 3475 4232 ῥάϐδῳ
3517 4156 3772 4226 φυλακῆς

2183 4263 2306 4308 σου,
2357 4246 2604 4317 πρόϐατα
2652 4245 3017 4318 κληρονομίας
3069 4265 3184 4302 σου.
3243 4267 3262 4298 ι
3327 4250 3542 4308 Οὐκοῦν
3589 4251 3617 4301 ὁ
3670 4245 3769 4316 μὲν

2193 4337 2405 4408 Ἰσραὴλ
2423 4341 2534 4401 τοῖς
2557 4337 2942 4408 γεωδεστέροις
2971 4339 3124 4409 ἠξίου
3149 4341 3312 4411 τιμᾷν
3338 4340 3428 4394 τὸν
3454 4341 3610 4403 Θεὸν,
3640 4352 3770 4407 καρ-

2181 4431 2434 4500 ποφορῶν
2482 4430 2552 4482 τὰ
2597 4431 2654 4482 ὲν
2704 4430 2888 4498 νόμῳ,
2937 4430 3033 4482 καὶ
3077 4430 3174 4494 τὰς
3215 4432 3572 4502 άνεθελὴτους
3618 4423 3769 4488 αὐτῷ

494 4512 732 4566 vestris?
749 4513 960 4567 calcare
993 4514 1195 4566 atrium
1222 4529 1402 4569 meum
1427 4532 1536 4570 non
1563 4517 1870 4586 apponetis.
1897 4518 1953 4572 Si
1971 4520 2072 4573 ob-

2182 4523 2371 4585 θυσίας
2397 4521 2699 4590 άνατιθείς.
2743 4520 3045 4590 Τοιγαροῦν
3079 4522 3173 4574 καὶ
3215 4521 3416 4590 ἤκουσε
3445 4522 3538 4575 διὰ
3583 4516 3770 4588 φωνῆς

497 4603 734 4657 tuleritis
755 4603 1134 4674 similaginem,
1159 4622 1389 4671 vanum;
1413 4608 1717 4671 incensum,
1743 4608 2078 4666 abominatio

495 4701 580 4746 est
611 4692 745 4746 mihi
779 4694 846 4746 ⁸ο.
880 4713 896 4744 ι
933 4695 1001 4748 Ει
1043 4695 1240 4750 iterum
1275 4714 1288 4750 :
1326 4717 1344 4748 ι
1378 4697 1650 4762 Quorsum
1689 4699 1826 4753 mihi
1857 4701 1985 4755 thus
2011 4718 2079 4757 ex

496 4779 638 4834 Saba
668 4780 909 4847 aﬂ‘ertis,
941 4793 998 4838 et
1028 4785 1437 4840 cinnamomum
1464 4786 1532 4841 de
1564 4796 1710 4842 terra
1746 4789 2079 4861 longinqua?

495 4872 824 4932 IIolocausta
856 4885 1035 4932 vestra
1070 4895 1179 4932 non
1214 4888 1344 4934 sunt
1386 4880 1522 4933 mihi
1558 4888 1732 4950 grata,
1769 4899 1948 4951 neque
1988 4899 2078 4938 sa-

493 4966 701 5020 crificia
732 4975 914 5023 vestra
959 4985 1046 5024 me
1099 4971 1376 5025 delectant
1411 4971 1478 5024 δι.
1529 4992 1547 5022 ι
1605 4973 1721 5028 Hoc
1761 4983 1951 5044 aperte
1991 4985 2077 5031 est

494 5056 667 5112 Deum
716 5059 784 5119 ad
825 5061 1094 5116 sacrificia
1138 5061 1272 5115 Cain
1304 5078 1416 5118 non
1449 5065 1772 5120 attendisse.
1809 5066 1945 5132 Abel
1974 5084 2074 5123 au-

494 5157 604 5201 tem
627 5151 810 5220 justus
830 5191 844 5216 ,
872 5153 978 5206 hoc
1007 5159 1091 5205 est
1135 5152 1410 5219 Christus,
1445 5156 1647 5210 obtulit
1678 5158 1790 5211 Deo
1830 5136 2072 5212 rationa-

493 5236 628 5291 lium
685 5240 915 5293 ovilium
960 5241 1346 5311 primogenita,
1380 5244 1486 5298 hoc
1516 5252 1618 5310 est,
1650 5246 1841 5301 faciles
1867 5263 1931 5302 ac
1958 5256 2073 5304 tra—

493 5327 725 5383 ctabiles
771 5329 937 5384 corde
961 5370 976 5392 ,
1027 5338 1083 5384 et
1116 5331 1352 5388 infantes
1381 5335 1615 5399 malitia,
1645 5336 1990 5408 selectosque
2016 5337 2074 5390 in

493 5417 832 5482 virtutibus,
875 5435 940 5475 ac
987 5421 1349 5479 similitudine
1397 5441 1523 5480 cum
1554 5427 1671 5496 ipso
1717 5427 2072 5498 primogeniti

494 5508 719 5579 gloriam
742 5523 856 5579 pra:
885 5526 944 5566 se
980 5513 1242 5570 ferentes.
1268 5515 1516 5572 Ecclesia
1555 5517 1701 5573 enim
1734 5520 2073 5590 primogeni-

569 5619 613 5699 ξι
639 5621 932 5699 Joan_._vr_|1,
966 5625 1052 5699 59,
1079 5627 1166 5699 6_0.
1238 5628 1283 5659 ⁵⁸
1308 5628 1442 5682 ibid.
1476 5631 1563 5683 Η.
1636 5632 1680 5662 ⁸⁸
1712 5631 1868 5687 Joan.
1908 5650 1981 5699 vr,
2019 5634 2105 5687 7|.

498 5685 546 5721 ⁵⁴⁵
569 5689 672 5748 lsa.
700 5705 736 5755 ι,
766 5685 943 5748 11-13.
1021 5685 1063 5728 ⁸’¹
1099 5697 1306 5754 Jerem.
1348 5715 1420 5766 vr,
1461 5699 1548 5752 20.

2181 4614 2372 4680 ἁγίων’
2424 4632 2441 4663 ι
2491 4609 2878 4680 Ὀλοκαύτωμα
2921 4611 3028 4665 τῶν
3069 4611 3242 4682 κριῶν
3289 4630 3418 4678 σου,
3468 4612 3566 4667 καὶ
3601 4608 3767 4675 στέαρ

2181 4701 2380 4772 ἀρνῶν,
2413 4703 2506 4755 καὶ
2547 4695 2683 4771 αἷμα
2723 4702 2939 4771 τράγων
2979 4702 3072 4753 καὶ
3105 4700 3340 4772 ταύρων,
3367 4704 3426 4755 ού
3465 4700 3766 4773 βούλομαι,

2179 4787 2286 4842 οὐδ’
2317 4789 2382 4841 ἂν
2429 4787 2661 4858 ἐρχησθε
2713 4787 2943 4858 ὀφθῆναί
2997 4807 3109 4858 μοι.
3161 4789 3255 4852 Τίς
3303 4790 3411 4861 γάρ
3464 4787 3768 4856 ὲξεζήτησε

2178 4876 2351 4932 ταῦτα
2377 4878 2441 4931 ὲκ
2469 4878 2578 4930 τῶν
2611 4877 2810 4950 χειρῶν
2858 4878 3050 4948 ὑμῶν;
3085 4881 3276 4932 πατεῖν
3305 4880 3402 4951 τὴν
3451 4877 3625 4945 αὐλήν
3665 4886 3766 4942 μου

2182 4969 2241 5022 οὐ
2292 4969 2687 5042 προσθήσεσθε.
2745 4970 2869 5023 Ἐὰν
2909 4972 3103 5043 φέρετε
3152 4972 3450 5043 σεμίδαλιν,
3510 4969 3764 5044 μάταιον·

2183 5059 2435 5131 θυμίαμα
2456 5099 2469 5124 ,
2501 5060 2775 5130 βδέλυγμα
2804 5063 2893 5131 μοί
2925 5065 3061 5117 ἐστι.
3106 5081 3124 5114 ι
3155 5065 3263 5118 Καὶ
3288 5065 3472 5130 πάλιν,
3506 5081 3528 5116 ι
3567 5060 3686 5111 Ἵνα
3715 5049 3768 5104 τί

2186 5170 2276 5223 μοι
2309 5153 2523 5205 λίϐανον
2556 5154 2621 5206 ὲκ
2642 5153 2828 5207 Σαϐϐἄ
2855 5154 3068 5225 φέρετε,
3098 5157 3191 5210 καὶ
3218 5155 3543 5226 κινάμωμον
3569 5152 3636 5202 ὲκ
3662 5142 3768 5212 γῆς

2185 5245 2490 5316 μακρόθεν;
2540 5247 2619 5299 Τὰ
2651 5246 3080 5316 ὁλοκαυτώματα
3109 5247 3262 5318 ὑμῶν
3289 5251 3355 5303 οὺ
3423 5242 3539 5300 εἰσὶ
3571 5232 3763 5293 δεκτὰ,

2181 5337 2361 5388 κα.ὶαὶ
2406 5336 2585 5390 θυσίαι
2620 5337 2774 5410 ὑμῶν
2815 5341 2914 5409 οὐχ
2956 5340 3155 5409 ῆδυνάν
3188 5358 3277 5411 με.
3325 5359 3344 5392 ι
3399 5335 3576 5393 Τοῦτό
3619 5333 3768 5384 ἐστιν

2181 5427 2428 5497 ἐναργῶς
2457 5429 2516 5482 τὸ
2547 5429 2638 5483 ἐπὶ
2659 5431 2778 5493 ταῖς
2808 5430 3020 5494 θυσίαις
3044 5431 3138 5484 τοῦ
3171 5432 3310 5486 Κάῖν
3337 5432 3412 5502 μὴ
3447 5432 3768 5499 προσεσΧτΓ

2182 5520 2335 5572 κέναι
2377 5519 2532 5575 Θεόν.
2566 5521 2733 5575 Ἀϐελ
2769 5522 2826 5576 δὲ
2865 5524 2893 5575 6
2935 5523 3178 5587 δίκαιος,
3216 5523 3467 5577 τουτέστι
3496 5509 3765 5585 Χριστὸς,

2182 5634 2223 5666 ⁸⁷
2256 5634 2427 5690 Exod.
2466 5651 2539 5702 Iv,
2579 5635 2668 5690 22.
2746 5637 2791 5669 ⁸⁸
2827 5637 2932 5693 Isa.
2963 5654 3088 5704 xxx,
3114 5638 3202 5692 ‘25.
3279 5639 3324 5671 ⁸⁸
3353 5633 3520 5691 Mich.
3552 5643 3646 5692 vn,
3675 5620 3759 5675 M-
