4092 6466
512 367 581 425 ιτ
1540 369 1597 423 S.
1637 366 1911 424 CYBILL!
1951 366 2426 428 ALEXANDRINI
2458 374 2778 435 ARCHIEP.
3262 371 3265 374 ’
3720 382 3790 441 ιε

514 504 640 545 cum
675 486 879 564 alioqui
924 486 1100 543 sancti
1154 485 1210 541 id
1266 485 1370 541 sibi
1414 486 1766 559 cogitandum
1805 501 1869 542 ac
1906 488 2086 542 dicen-

2202 490 2266 564 δὴ
2301 494 2537 565 τρόπον,
2595 500 2625 552 6
2674 496 2848 568 αὐτῆς
2894 498 2995 573 τῆς
3037 496 3183 571 ζωῆς
3226 498 3523 571 ἀγνοηθείη
3564 499 3789 573 καιρόςς

513 576 667 647 dum,
709 587 873 650 atque
921 578 977 634 in
1019 576 1127 634 hoc
1172 577 1517 652 gloriandum
1564 586 1826 633 censeant
1862 597 1874 631 :
1924 599 1941 630 ‹
1980 579 2098 634 Non

513 670 784 728 habemus
809 671 901 726 hic
930 677 1242 727 manentem
1273 669 1573 735 civitatem,
1606 668 1702 725 sed
1733 669 1973 725 futuram
2012 669 2097 723 in-

513 764 823 833 quirimus,
887 763 1045 834 cujus
1116 761 1453 817 architectus
1529 771 1693 832 atque
1763 760 1941 832 opifex
2016 772 2100 817 est

514 856 660 912 Deus
694 856 761 910 7‘.
798 876 817 908 ι
864 855 1041 911 Vitam
1076 871 1209 910 vero
1251 855 1417 927 hujus
1456 855 1663 919 saeculi,
1697 853 2098 927 peregrinatio-

515 965 639 1007 nem
674 965 794 1005 esse
826 947 1146 1003 existiment
1171 955 1228 1002 et
1256 955 1471 1002 vocent.
1502 947 1580 1002 ita
1607 962 1741 1001 vero
1774 946 1977 1001 alicubi
2012 946 2097 1001 di-

514 1042 677 1098 vinus
717 1039 888 1097 David
926 1037 1112 1111 psallit
1146 1056 1161 1093 :
1210 1058 1227 1089 ι
1260 1039 1500 1094 Remitte
1539 1039 1695 1105 mihi,
1727 1039 1854 1110 quia
1888 1038 2098 1094 advena

510 1150 633 1190 sum
687 1134 745 1188 in
795 1141 943 1187 terra
986 1138 1043 1187 et
1088 1117 1446 1201 peregrinus,
1497 1130 1639 1186 sicut
1680 1145 1871 1185 omnes
1912 1138 2099 1201 patres

510 1224 619 1281 mei
650 1224 719 1279 ⁷⁸.
754 1243 773 1277 ›
802 1224 879 1279 De
905 1223 974 1279 iis
996 1223 1248 1294 veroqui
1284 1231 1497 1279 terrena
1516 1223 1776 1294 cogitant,
1808 1223 1863 1277 in
1888 1223 2097 1293 psalmo

507 1315 931 1388 quadragesimo
958 1322 1154 1371 octavo
1195 1314 1271 1369 ita
1305 1314 1383 1370 ait
1411 1332 1424 1369 :
1454 1333 1472 1365 ι
1503 1313 1972 1386 Cognominarunt
1994 1329 2095 1371 no-

508 1409 659 1465 mina
683 1425 782 1465 sua
802 1409 857 1465 in
879 1407 1330 1481 generationibus
1348 1406 1548 1467 suis".
1575 1425 1593 1459 ι
1621 1405 1789 1461 Ortus
1807 1414 1990 1462 autem
2010 1414 2095 1460 est

506 1518 575 1558 ex
618 1500 753 1558 Seth
776 1501 1000 1558 divinus
1032 1500 1200 1566 Enos,
1225 1498 1293 1555 de
1318 1514 1429 1570 quo
1465 1499 1734 1568 scriptum
1768 1506 1852 1552 est
1882 1515 1895 1552 :
1941 1516 1957 1549 ι
1994 1496 2096 1552 llic

507 1594 751 1665 speravit
771 1593 1018 1649 invocari
1040 1592 1264 1648 nomine
1290 1591 1506 1647 Domini
1528 1591 1625 1645 Dei
1646 1589 1731 1645 sui
1757 1590 1825 1644 ⁷⁷.
1856 1609 1873 1641 ι
1907 1589 2098 1647 Genus

506 1684 653 1741 enim
685 1685 741 1740 in
768 1683 990 1741 Christo
1019 1700 1237 1740 sacrum
1268 1699 1334 1739 ac
1365 1693 1635 1747 sanctum,
1665 1691 1723 1738 et
1752 1682 1807 1737 in
1837 1698 1933 1754 spe
1971 1682 2093 1754 glo-

2210 601 2229 634 σ
2278 584 2577 657 Ὀφθαλμοὶ
2601 589 2730 660 γὰρ,
2766 607 2784 640 ι
2826 588 2982 660 φησὶ,
3020 608 3039 640 ε
3084 590 3293 662 Κυρίου
3338 589 3430 643 ἐπὶ
3461 591 3724 656 δικαίους.
3764 610 3785 644 ε

2200 674 2310 729 Καὶ
2338 677 2366 730 6
2403 678 2500 748 μὲν
2533 678 2785 752 δεύτερος
2833 680 2996 745 εὐθὺς
3034 681 3142 735 ἀπὸ
3185 682 3325 736 Κάῖν
3367 679 3553 746 Ἐνὼς,
3582 683 3791 736 ἐπώνυ-

2203 783 2302 837 μον
2333 767 2490 840 ἔσχεν
2533 771 2591 822 ἐν
2626 773 2690 842 τῇ
2730 773 2801 844 γῇ
2836 772 2990 827 πόλιν
3012 791 3025 804 σ
3067 774 3243 826 καίτοι
3273 772 3381 825 τῶν
3413 773 3582 841 ἁγίων
3624 774 3699 838 ὡς
3732 775 3791 826 ὲν

2199 861 2515 932 αὐχήματος
2540 859 2692 928 τάξει
2725 866 3109 939 πεποιημένων
3137 865 3196 918 τὸ
3226 869 3422 937 χρῆναι
3454 868 3672 938 φρονεῖν
3695 866 3790 919 καὶ

2196 950 2410 1021 λέγειν·
2448 954 2563 1008 Οὐκ
2589 954 2784 1026 ἔχομεν
2829 948 2931 1010 ὧδε
2977 958 3243 1027 μένουσαν
3283 957 3472 1011 πόλιν’
3518 955 3659 1012 ἀλλὰ
3691 957 3791 1029 τὴν

2200 1044 2505 1116 μέλλουσαν
2553 1047 2945 1119 ἐπιζητοῦμεν,
2998 1044 3064 1120 ἧς
3109 1050 3361 1120 τεχνίτης
3400 1048 3496 1103 καὶ
3523 1049 3790 1122 δημιουρ-

2197 1133 2289 1201 γὸς
2323 1135 2351 1186 6
2385 1133 2540 1197 Θεός.
2584 1153 2602 1186 ι
2639 1137 2987 1207 Ἡγουμένων
3017 1155 3076 1190 τε
3108 1140 3203 1193 καὶ
3243 1138 3621 1207 ὀνομαζόντων
3656 1156 3792 1213 παρ-

2196 1221 2375 1274 οικίαν
2434 1222 2533 1293 τὴν
2574 1223 2631 1275 ὲν
2674 1222 2810 1293 τῷδε
2855 1222 2933 1294 τῷ
2977 1225 3077 1296 βίῳ
3117 1225 3282 1298 ζωήν.
3326 1225 3535 1279 sum;
3590 1225 3646 1278 δέ
3686 1245 3787 1280 που

2196 1312 2291 1367 καὶ
2322 1314 2351 1366 6
2385 1312 2674 1379 Θεσπέσιος
2701 1315 2897 1371 Δαϐίδο
2943 1335 2963 1368 ε
3003 1318 3165 1383 Ἀνες
3201 1335 3314 1389 μοι,
3343 1319 3426 1372 ὅτι
3461 1317 3571 1387 ἐγὼ
3599 1318 3795 1389 πάροιο

2196 1402 2292 1467 κός
2330 1403 2447 1474 είμι
2486 1405 2544 1459 ἐν
2588 1408 2656 1478 τῇ
2684 1408 2754 1479 γῇ
2791 1407 2886 1461 καὶ
2929 1408 3331 1482 παρεπίδημος.
3368 1409 3551 1475 καθὼς
3581 1414 3786 1475 πάντες

2192 1495 2243 1549 οἱ
2277 1495 2511 1567 πατέρες
2552 1515 2673 1567 μου.
2720 1517 2739 1551 ε
2783 1499 2916 1571 Περὶ
2942 1501 3001 1554 δὲ
3025 1499 3135 1555 τῶν
3175 1499 3246 1554 τὰ
3285 1502 3505 1568 ἐπίγεια
3537 1503 3789 1575 φρονούν-

2191 1603 2321 1654 των,
2348 1589 2406 1641 ὲν
2432 1587 2509 1660 τῷ
2540 1596 2631 1660 μη¹
2652 1588 2853 1662 ψαλμῷ
2873 1591 3045 1660 λέγει·
3074 1613 3090 1645 ι
3116 1593 3547 1648 Ἔπεκαλέσαντο
3577 1595 3647 1648 τὰ
3677 1593 3787 1648 6-16-

2193 1696 2341 1750 ματα
2370 1679 2549 1733 αὐτῶν
2588 1681 2681 1734 ἐπὶ
2714 1681 2825 1735 τῶν
2852 1683 3025 1751 γενῶν
3052 1684 3251 1739 αὐτῶν.
3275 1704 3296 1738 ε
3340 1685 3536 1753 Ἀνέφυ
3583 1685 3638 1739 δὲ
3678 1686 3787 1740 ἀπὸ

506 1777 601 1830 riae
627 1791 791 1847 supra
816 1775 1095 1832 hominem
1123 1783 1394 1832 versatur.
1427 1774 1710 1845 Siquidem
1734 1790 1860 1830 eum
1883 1774 2086 1829 terreni

2193 1773 2300 1843 Σὴθ
2329 1774 2357 1825 6
2387 1772 2674 1838 Θεσπέσιος
2718 1774 2904 1839 Ἐνὼς,
2932 1778 3060 1846 περὶ
3091 1770 3153 1831 οῦ
3189 1780 3531 1850 γέγραπται·
3556 1799 3572 1830 ε
3614 1774 3783 1842 Οὗτος

505 1867 696 1932 simus,
725 1866 967 1937 adeptati
1004 1883 1196 1923 sumus
1230 1867 1284 1921 in
1320 1865 1463 1925 ﬁlios
1492 1867 1737 1921 omnium
1764 1866 2003 1931 Domini,
2034 1877 2086 1922 et

2195 1867 2424 1938 ἤλπισεν
2465 1868 2847 1923 ἐπικαλεῖσθαι
2886 1869 2964 1941 τῷ
3003 1843 3229 1941 όνόματι
3267 1843 3484 1943 ⁷Κυρίου
3519 1871 3614 1924 τοῦ
3646 1870 3782 1925 Θεοῦ

502 1956 560 2015 in
593 1954 791 2014 fratres
818 1957 1048 2024 Christi,
1082 1958 1177 2029 qui
1207 1965 1433 2029 propter
1454 1974 1557 2013 nos
1583 1956 1759 2013 factus
1789 1966 1873 2014 est
1896 1956 2094 2013 similis

501 2049 681 2116 nobis,
719 2059 781 2106 ut
811 2049 976 2106 etiam
1004 2066 1105 2106 nos
1132 2066 1233 2120 per
1253 2049 1432 2121 ipsum
1458 2050 1893 2120 praestantiorem
1927 2059 2093 2119 atque

500 2141 743 2198 humana
781 2142 1044 2214 majorem
1065 2141 1317 2213 gloriam,
1350 2141 1428 2196 dii
1450 2141 1710 2197 nimirum
1735 2142 1909 2213 gratia
1923 2149 2092 2211 atque

501 2235 841 2307 benignitate
868 2235 1430 2306 ,{consequeremum
1455 2234 1568 2307 Ego
1608 2236 1757 2290 enim
1774 2235 1910 2301 dixi,
1954 2254 1972 2287 ι
2009 2235 2094 2290 in-

500 2326 622 2397 quit
648 2344 660 2379 :
687 2344 706 2377 ε
737 2324 823 2380 Dii
861 2324 1016 2389 estis,
1047 2334 1105 2381 et
1124 2323 1455 2381 iiiiiExcelsi
1473 2342 1665 2381 omnes
1692 2327 1761 2380 ⁷⁸.
1787 2346 1804 2378 ι
1840 2324 2094 2397 Speravit

501 2418 687 2489 itaque
721 2418 869 2475 Enos
895 2416 1080 2473 vocari
1110 2417 1179 2472 ab
1202 2417 1326 2473 aliis
1350 2418 1573 2473 nomine
1608 2418 1825 2474 Domini
1855 2418 1952 2474 Dei
1981 2418 2088 2485 sui,

498 2509 607 2569 hoc
634 2518 737 2574 est,
764 2511 929 2565 Deus.
959 2508 1097 2565 Cum
1124 2508 1278 2565 enim
1301 2517 1450 2565 esset
1476 2524 1587 2565 non
1614 2510 1821 2582 absque
1848 2511 2089 2568 admira-

499 2601 650 2656 tione
688 2600 997 2659 sanetitatis
1027 2599 1200 2671 gloria
1233 2600 1528 2665 excellens,
1563 2600 1737 2657 Deum
1773 2601 1954 2672 ipsum
1989 2618 2089 2658 vo-

497 2699 696 2748 carunt
735 2691 1092 2748 humaniores
1128 2691 1375 2762 quidam,
1412 2708 1672 2762 supremo
1717 2694 1871 2749 illum
1916 2694 2090 2751 hono-

497 2799 557 2839 re
587 2798 786 2840 ornare
823 2783 1129 2856 cupientes.
1158 2783 1428 2840 Procedat
1464 2784 1650 2854 itaque
1682 2785 1845 2841 nobis
1866 2785 1933 2840 ad
1955 2803 2088 2857 pro-

496 2876 739 2949 positum
763 2890 964 2932 sermo.
985 2874 1162 2932 Judmi
1186 2875 1392 2931 etenim
1417 2875 1534 2947 (qui
1555 2883 1611 2931 et
1631 2875 1803 2947 ﬁgura
1829 2878 1940 2949 24
1960 2886 2089 2933 sunt

496 2977 844 3042 posterorum
871 2966 1028 3040 Cain)
1056 2967 1203 3039 quod
1247 2968 1471 3040 quidem
1508 2968 1638 3033 sint,
1680 2980 2089 3040 cognoscuntur

495 3061 566 3118 ab
594 3060 846 3118 omnium
889 3059 1003 3115 Deo
1032 3075 1046 3114 :
1071 3058 1222 3130 quod
1264 3075 1398 3115 vero
1436 3074 1547 3115 non
1579 3060 1690 3115 sint
1725 3061 1985 3134 descripti
2030 3063 2085 3120 in

495 3153 640 3211 libro
680 3153 827 3219 vita,
867 3151 1221 3209 manifeStum
1256 3159 1342 3209 est
1381 3168 1451 3209 ex
1482 3169 1549 3209 eo
1576 3153 1726 3225 quod
1764 3154 1874 3211 vita
1904 3158 2154 3250 poste-’6

494 3261 685 3319 rorum
723 3244 861 3302 Cain
909 3243 1131 3300 silentio
1178 3243 1551 3315 pmtermissa
1594 3245 1687 3301 sit.
1729 3245 1888 3315 Quod
1933 3248 2084 3305 enim

493 3337 835 3408 descriptum
860 3335 933 3394 sit
964 3351 1139 3408 genus
1159 3336 1215 3393 in
1235 3336 1478 3402 Christo,
1498 3345 1555 3392 et
1573 3336 1629 3392 in
1654 3340 1920 3395 memoria
1939 3340 2085 3411 apud

494 3428 691 3494 Deum,
724 3427 1069 3483 demonstrat
1107 3433 1297 3497 aperte
1338 3426 1538 3482 litteris
1567 3428 1841 3498 proditam
1868 3445 1989 3485 esse
2018 3446 2086 3487 ac

466 3574 469 3577 .
494 3519 827 3591 descriptam
850 3521 1123 3591 iustorum
1152 3520 1346 3585 vitam,
1373 3535 1587 3587 eorum,
1617 3521 1861 3592 inquam,
1890 3523 1985 3594 qui
2015 3539 2083 3579 ex

494 3614 629 3671 Seth
660 3614 771 3671 orti
799 3620 949 3670 sunt.
977 3612 1156 3683 Atque
1188 3612 1380 3668 Enoch
1409 3612 1634 3683 quidem
1664 3614 1940 3670 secundus
1968 3623 2082 3671 sta-

495 3702 593 3759 tim
625 3720 694 3759 ex
731 3702 888 3769 Cain,
931 3702 1127 3759 urbem
1165 3700 1359 3757 habuit
1405 3718 1474 3757 ex
1519 3718 1621 3757 suo
1664 3704 1907 3760 nomine.
1955 3704 2083 3761 Sola

492 3796 701 3853 etenim
727 3802 944 3850 terrena
967 3794 1211 3865 cOgitant
1237 3795 1427 3850 miseri
1457 3795 1653 3862 Judaei,
1684 3796 2082 3869 primogenita-

494 3903 616 3943 rum
653 3884 957 3942 Ecclesium
1001 3899 1116 3940 non
1156 3897 1577 3955 cognoscentes,
1622 3902 1803 3956 neque
1844 3888 1913 3945 ad
1965 3905 2082 3946 eaa-

492 3981 687 4037 lestem
738 3978 1018 4035 civitatem
1072 3976 1488 4043 contendentes.
1543 3978 1849 4037 Praeclarus
1895 3991 2081 4039 autem

491 4072 679 4129 evadit
704 4070 854 4127 ﬁlius
889 4069 1043 4137 Setia,
1070 4071 1174 4129 bo'c
1206 4080 1311 4137 est,
1345 4072 1511 4127 Enos.
1536 4072 1775 4129 Vocatur
1793 4074 1944 4129 enim
1967 4075 2082 4146 jam

491 4163 659 4219 etiam
683 4163 849 4219 Deus.
875 4162 1048 4234 Hujus
1068 4178 1201 4220 vero
1224 4164 1303 4220 rei
1324 4164 1500 4236 gloria
1528 4164 1716 4221 donati
1744 4180 1962 4231 sumus,
1983 4168 2080 4238 qui

493 4270 590 4326 per
628 4253 794 4309 [idem
831 4253 1053 4310 Christo
1083 4268 1182 4309 nos
1207 4254 1611 4324 eopulavimus,
1650 4253 1880 4324 speique
1911 4254 1968 4310 in
1999 4255 2082 4326 ip-

408 4398 415 4409 ,
490 4364 612 4405 sua
657 4347 889 4409 ﬁrmiter
939 4347 1292 4405 adimimus.
1344 4347 1555 4404 Addam
1596 4364 1733 4405 vero
1775 4348 1863 4407 bis
1913 4348 2078 4405 aliam

486 4441 656 4499 etiam
694 4456 806 4497 non
845 4439 1096 4497 inutilem
1127 4438 1653 4496 considerationem.
1689 4438 1745 4496 Si
1772 4440 1900 4511 quis
1928 4441 2076 4497 enim

464 4532 649 4590 ’ϐαίηὶ
674 4543 734 4589 et
768 4531 897 4589 Seth
937 4542 1289 4601 posterorum
1317 4544 1495 4601 genus
1521 4538 1827 4596 recenseat,
1857 4530 2079 4601 praeﬁxo

491 4624 780 4695 utriusque
815 4624 984 4681 veluti
1022 4623 1210 4680 radice
1239 4620 1485 4692 quadam
1506 4620 1738 4687 Adamo,
1778 4612 2073 4693 septimum

488 4717 712 4788 quidem
745 4716 817 4773 ab
840 4731 911 4773 eo
939 4714 1186 4775 inveniet
1211 4712 1453 4769 Lamech
1476 4727 1546 4769 ex
1570 4712 1708 4770 Cain
1734 4723 1954 4783 natum;
1982 4732 2074 4773 se-

487 4809 725 4882 ptimum
769 4824 906 4866 vero
957 4822 1185 4862 rursum
1228 4805 1418 4861 Enceh
1469 4821 1541 4861 ex
1584 4805 1717 4863 Seth
1759 4825 1773 4862 :
1813 4808 1887 4865 ita
1922 4811 2073 4865 enim

488 4902 776 4973 mitisque
808 4900 983 4955 series
1010 4914 1135 4955 sese
1162 4898 1331 4954 habet
1363 4915 1377 4951 :
1414 4916 1433 4949 ι
1462 4897 1660 4964 Adam,
1679 4899 1838 4966 Cain,
1862 4900 2072 4965 Enocb,

486 4992 715 5057 Gaidad',
740 4992 990 5058 llaviael,
1013 4989 1393 5055 lilathusolom,
1418 4988 1677 5046 Lamech.
1708 5010 1725 5044 ι
1758 4991 1829 5046 Et
1845 5006 2072 5047 rursus:

493 5103 517 5135 ε-
551 5082 754 5147 Adam,
798 5083 965 5149 Satin,
1015 5083 1192 5148 Enen,
1234 5081 1474 5147 Cainan,
1530 5082 1851 5148 Mablehel,
1886 5083 2073 5148 hred,

486 5175 747 5232 Enoehn
774 5174 1085 5232 Videamus
1118 5176 1306 5245 itaque
1340 5174 1395 5230 in
1436 5175 1639 5247 quibus
1668 5184 1927 5245 uterque.
1964 5176 2071 5230 La~

487 5266 648 5322 mech
678 5267 829 5322 enim
865 5281 994 5323 eum
1033 5268 1300 5325 uxoribus
1326 5270 1444 5326 suis
1468 5267 1928 5326 consuetudinem
1969 5269 2072 5324 ha—

487 5357 629 5422 buit,
666 5358 862 5417 dicens
892 5377 906 5414 :
950 5376 973 5411 ο
1004 5359 1204 5417 Audite
1244 5377 1436 5419 vocem
1478 5374 1680 5425 meam,
1717 5372 1917 5416 uxores
1954 5350 2072 5416 ἰε-

487 5451 669 5514 meeh,
692 5450 920 5507 auribus
939 5453 1207 5524 pereipite
1230 5467 1517 5508 sermones
1534 5466 1715 5517 mos;
1736 5451 1866 5522 quia
1890 5453 2070 5513 virum

487 5543 664 5599 occidi
687 5545 747 5600 in
763 5545 966 5601 vulnus
984 5546 1143 5611 mihi,
1174 5552 1231 5599 et
1263 5544 1733 5600 adolescentulum
1760 5545 1813 5598 in
1838 5543 2069 5600 livorem

488 5634 644 5701 mihi,
671 5636 802 5707 quia
836 5638 1043 5707 septies
1076 5636 1414 5691 vindicatum
1448 5640 1535 5690 est
1561 5648 1631 5689 ex
1662 5632 1797 5689 Cain
1825 5650 1930 5689 :ex
1962 5634 2069 5689 La-

550 5754 598 5787 "
621 5754 789 5809 Hebr.
826 5754 1034 5819 xm,”

487 5823 638 5881 Joan.
681 5841 736 5890 ς,
764 5825 852 5878 3i.

1145 5754 1191 5785 "
1216 5753 1359 5808 Psal.
1384 5767 1606 5818 xxxviii,
1650 5751 1736 5818 l5,
1767 5752 1851 5808 14.
1930 5752 1978 5784 ’⁸
2018 5752 2161 5809 Psal.
2188 5768 2371 5818 mm,
2420 5752 2506 5807 Β.

2194 1958 2383 2015 αὑτοῦ.
2428 1977 2447 2011 i
2489 1960 2562 2012 Τὸ
2590 1961 2701 2032 γὰρ
2742 1963 2800 2016 ὲν
2834 1963 3058 2033 Χριστῷ
3090 1963 3246 2031 γένος
3290 1963 3447 2033 ἅγιον
3487 1965 3580 2019 καὶ
3616 1966 3781 2035 ἱερὸν,

2194 2051 2293 2105 καὶ
2341 2052 2399 2104 ὲν
2440 2050 2620 2105 ἐλπίδι
2647 2052 2805 2124 δόξης
2844 2054 2946 2124 τῆς
2986 2055 3127 2127 ὑπὲρ
3160 2054 3469 2126 ἄνθρωπον.
3499 2056 3670 2127 Εἴπερ
3697 2055 3785 2108 6v-

2192 2160 2284 2205 τες
2318 2143 2384 2196 ὲκ
2420 2142 2547 2213 γῆς,
2590 2144 2910 2215 κεκλήμεθα
2946 2146 3082 2217 πρὸς
3131 2146 3404 2219 υἱοθεσίαν
3436 2145 3531 2200 τοῦ
3564 2148 3783 2200 πάντων

2192 2237 2494 2299 Δεσπότου,
2548 2238 2645 2290 καὶ
2695 2238 2776 2302 είς
2819 2238 3163 2310 ἀδελφότητα
3208 2237 3299 2292 τοῦ
3334 2238 3595 2309 Χριστοῦ.
3632 2237 3690 2302 ὃς
3714 2238 3781 2290 δι’

2192 2330 2339 2401 ἡμᾶς
2365 2331 2558 2400 γέγονε
2609 2330 2730 2385 καθ’
2757 2333 2928 2401 ἡμᾶς,
2975 2333 3063 2387 ἵνα
3108 2333 3201 2387 καὶ
3239 2334 3402 2403 ἡμεῖς
3440 2333 3507 2387 δι’
3533 2331 3695 2386 αὑτὸν
3725 2333 3781 2385 ὲν

2191 2424 2444 2495 ἀμείνοσί
2474 2440 2534 2477 τε
2574 2423 2670 2477 καὶ
2712 2424 2850 2496 ὑπὲρ
2890 2426 3179 2498 ἄνθρωπον
3223 2424 3358 2491 θεοὶ,
3391 2424 3635 2495 δηλονότι
3682 2424 3780 2495 χὰ-

2192 2532 2301 2586 ριτι
2325 2516 2418 2569 καὶ
2453 2514 2855 2587 φιλανθρωπίᾳ,
2882 2516 2979 2587 τὴν
3013 2516 3172 2583 δόξαν
3203 2514 3715 2586 ἁποκερδαίνοντες.
3755 2533 3772 2563 ε

2196 2627 2215 2660 ε
2238 2607 2379 2678 Ἐγὼ
2392 2607 2498 2679 γὰρ
2519 2603 2871 2679 εἷπαμφησί·
2914 2607 3064 2662 »Θεοί
3094 2609 3241 2671 ἐστε,
3271 2608 3366 2662 καὶ
3387 2606 3494 2660 υἱοὶ
3521 2605 3779 2675 Ὑψίστου

2191 2700 2412 2761 πάντες.
2470 2716 2491 2749 ›
2527 2698 2762 2752 Ἥλπισε
2814 2697 2998 2751 τοίνυν
3038 2696 3204 2760 Ἐνὼς
3247 2694 3616 2765 κληθήσεσθαι
3648 2692 3780 2761 παρ’

2187 2794 2390 2864 ἑτέρων
2411 2793 2497 2846 ἐπ’
2513 2791 2738 2862 ὀνόματι
2765 2789 2973 2860 Κυρίου
2995 2788 3087 2841 τοῦ
3112 2786 3248 2842 Θεοῦ
3277 2784 3441 2841 αὑτοῦ
3459 2801 3473 2816 ⁸
3505 2783 3776 2847 τουτέστι,

2187 2883 2344 2948 Θεός.
2374 2882 2595 2954 Ἐπειδὴ
2621 2882 2730 2954 γὰρ
2751 2876 2819 2953 ἦν
2848 2883 2950 2935 οὐκ
2984 2880 3337 2951 ἁθαύμαστος
3370 2882 3483 2941 τοῖς
3511 2878 3609 2950 τῆς
3636 2875 3779 2930 ὁσιό-

2187 2992 2350 3047 τητος
2401 2974 2705 3046 ἐμπρέπων
2745 2974 3051 3045 αὐχήμασι,
3102 2972 3235 3025 Θεὸν
3279 2971 3563 3041 ὠνόμαζον
3613 2967 3777 3023 αὑτὸν

2186 3065 2297 3121 τῶν
2317 3065 2742 3138 ἐπιεικεστέρων
2772 3066 2912 3133 τάχα
2946 3064 3050 3118 πού
3071 3081 3214 3128 τινες
3240 3066 3305 3133 τῇ
3334 3063 3613 3134 ὑπερτάτη
3641 3064 3775 3133 τιμῇ

2189 3156 2488 3228 στεφανοῦν
2513 3158 2800 3230 ᾑρημένοι.
2842 3157 3055 3212 ἰΙκὲτω
3077 3156 3140 3227 δὴ
3167 3152 3262 3210 οῦν
3284 3158 3310 3207 6
3331 3154 3488 3223 λόγος
3517 3156 3651 3225 ἡμῖν
3682 3155 3778 3207 ἐπὶ

2184 3249 2277 3303 τὸν
2305 3251 2505 3304 οίκείον
2544 3249 2769 3315 σκοπόν.
2814 3248 3057 3303 Ἰουδαῖοι
3110 3248 3208 3319 μὲν
3251 3246 3382 3319 γὰρ,
3416 3246 3465 3300 οἳ
3504 3245 3603 3300 καὶ
3639 3246 3778 3298 είσὶν

2183 3342 2395 3405 εἰκόνες
2439 3341 2547 3394 τῶν
2588 3341 2697 3394 ἀπὸ
2756 3339 2927 3395 Κάῖνο
2983 3340 3065 3394 ὅτι
3114 3340 3218 3410 μέν
3261 3341 3388 3398 εἱσι,
3414 3338 3776 3407 γινώσκονται

2186 3433 2338 3504 παρά
2357 3451 2420 3502 γε
2447 3432 2535 3486 τοῦ
2560 3433 2777 3486 πάντων
2800 3431 2937 3487 Θεοῦ
2961 3449 2975 3463 ο
3002 3432 3083 3489 ὃτι
3112 3432 3169 3485 δὲ
3218 3432 3318 3503 τὴν
3347 3431 3679 3503 ἀπογραφὴν
3716 3433 3774 3483 ὲν

2180 3525 2354 3596 βίϐλῳ
2377 3525 2524 3595 ζωῆς
2551 3525 2652 3581 οὐκ
2680 3524 2888 3595 ἔχουσι,
2920 3524 3089 3593 σαφὲς
3131 3522 3201 3579 ἂν
3229 3523 3438 3593 γένοιτο
3468 3523 3556 3576 διά
3584 3539 3647 3590 γε
3677 3520 3772 3575 τοῦ

2185 3618 2508 3688 σεσιγῆσθαι
2541 3616 2653 3670 τῶν
2691 3617 2800 3671 ἀπὸ
2837 3617 2975 3673 Κάῐν
3005 3616 3106 3689 τὴν
3143 3613 3314 3687 ζωήν.
3346 3617 3471 3670 Ὅτι
3498 3615 3609 3686 γὰρ
3638 3615 3771 3669 ἀνά-

2182 3724 2431 3779 γραπτον
2455 3706 2517 3760 τὸ
2543 3707 2602 3760 ὲν
2624 3706 2845 3778 Χριστῷ
2872 3706 3051 3775 γένος,
3082 3705 3178 3759 καὶ
3211 3707 3270 3759 ἐν
3302 3706 3493 3776 μνήμῃ
3526 3707 3592 3775 τῇ
3620 3705 3773 3775 παρὰ

2181 3797 2324 3868 Θεῷ,
2355 3794 2734 3868 παραδείξειεν
2782 3795 2872 3862 ἃν,
2906 3790 3059 3866 οἶμαί
3092 3812 3217 3860 που,
3250 3794 3314 3848 τὸ
3353 3794 3773 3865 ἀναγεγράφθαι

2184 3888 2395 3958 σαφῶς,
2443 3888 2543 3957 τὴν
2586 3888 2696 3943 τῶν
2747 3887 2972 3941 δικαίων
3016 3885 3198 3959 ζωὴν,
3230 3886 3375 3956 φημὶ
3418 3884 3482 3956 δὴ
3519 3885 3628 3938 τῶν
3661 3886 3772 3939 ἀπὸ

2182 3980 2315 4051 Σήθ.
2343 3979 2452 4034 Καὶ
2484 3982 2512 4034 6
2553 3980 2653 4050 μὲν
2692 3978 2858 4042 Ἐνὼς
2887 3976 3143 4049 δεύτερος
3174 3977 3337 4040 εὐθὺς
3369 3978 3434 4030 ὲκ
3476 3977 3638 4042 Κάῖν,
3670 3977 3766 4031 πό-

2180 4072 2263 4126 λιν
2288 4071 2446 4142 έσχεν
2478 4070 2795 4141 ἐπώνυμον.
2835 4069 3097 4141 Φρονοῦσι
3127 4069 3238 4140 γὰρ
3281 4069 3420 4139 μόνα
3450 4068 3517 4124 τὰ
3549 4069 3643 4123 ἐπὶ
3667 4069 3772 4140 γῆς

2178 4165 2230 4218 οι
2273 4163 2502 4227 τάλανες
2539 4162 2803 4225 Ἰουδαῖοι,
2834 4160 2931 4231 τὴν
2964 4160 3071 4214 τῶν
3105 4162 3466 4234 πρωτοτόκων
3498 4162 3600 4214 οὐκ
3630 4161 3769 4215 ειδό-

2178 4272 2268 4320 τες
2294 4255 2607 4325 ἐκκλησίαν,
2645 4253 2768 4307 οὔτε
2808 4253 2916 4325 μὴν
2948 4254 3028 4317 είς
3058 4252 3155 4325 τὴν
3183 4253 3295 4308 ἄνω
3323 4253 3643 4317 σπεύδοντες
3667 4253 3769 4306 πό-

2177 4348 2280 4403 λιν.
2307 4349 2601 4419 Εὐδοκιμεῐ
2639 4346 2697 4400 δὲ
2728 4347 2851 4399 λίαν
2890 4347 2922 4400 6
2950 4345 3060 4399 ἀπὸ
3099 4346 3230 4417 Σὴθ,
3260 4345 3531 4407 τουτέστι,
3579 4344 3764 4409 Ἐνώς.

2191 4440 2549 4509 Ὀνομάζεται
2602 4439 2713 4511 γὰρ
2744 4438 2847 4510 ήδη
2894 4438 2990 4492 καὶ
3023 4437 3177 4496 Θεὸς.
3212 4438 3673 4508 Πεπλουτήκαμεν
3709 4437 3768 4491 δὲ

2114 4546 2154 4600 β
2178 4531 2267 4587 διὰ
2293 4532 2530 4594 πίστεως
2560 4529 2663 4601 τήν
2700 4530 2797 4583 ἰπὶ
2835 4528 2972 4600 τῷδε
3000 4529 3180 4594 δόξαν,
3203 4531 3251 4582 οἱ
3276 4528 3499 4600 Χριστῷ
3542 4529 3769 4601 προσδε-

2179 4622 2555 4696 δραμηκότες,
2598 4621 2694 4676 καὶ
2731 4622 2833 4692 τῆς
2861 4622 2940 4685 εις
2976 4621 3141 4679 αὑτὸν
3185 4620 3421 4684 ἐλπίδος,
3452 4620 3624 4692 ἀπρὶξ
3655 4622 3765 4692 ήμ-

2183 4716 2360 4790 μᾶνοι.
2392 4714 2701 4786 Προσθείην
2750 4714 2794 4767 δ’
2827 4713 2893 4769 ἃν
2939 4713 3021 4768 ἐτι
3070 4713 3168 4767 καὶ
3210 4713 3426 4783 ἑτέραν,
3461 4707 3542 4777 οἷς
3605 4712 3763 4783 ἔφην,

2182 4807 2512 4878 ἐπιτήρτςσιν
2538 4806 2867 4875 ἀναγκαίαν.
2899 4805 3247 4875 Γενεαλογεῐν
3275 4805 3387 4875 γὰρ
3404 4803 3568 4875 εἰπερ
3593 4801 3768 4856 ῑλοιτό

2179 4916 2264 4963 τις
2295 4898 2425 4963 τούς
2452 4915 2514 4952 τε
2543 4899 2651 4959 ἀπὸ
2678 4898 2822 4954 Κάῖν
2850 4899 2947 4953 καὶ
2979 4898 3108 4970 Σὴθ,
3142 4898 3469 4968 προαναθεὶς
3498 4896 3763 4966 ἑκατέρου

2181 4991 2357 5064 ῥίζαν·
2379 4989 2571 5061 ὥσπερ
2614 4989 2741 5044 τινὰ
2785 4989 2881 5044 τὸν
2917 4989 3111 5060 Ἄδα-μ,
3141 4987 3370 5058 ιδδομον
3410 4987 3513 5058 μὲν
3539 4988 3764 5058 εὑρήσει

2177 5083 2369 5154 Λάμεχ
2415 5083 2505 5137 διὰ
2547 5081 2641 5137 τοῦ
2684 5084 2824 5137 Κάῖν
2866 5081 3189 5154 ἐρχόμενον·
3231 5080 3460 5150 ἱόδομον
3500 5081 3566 5133 δὲ
3602 5077 3764 5132 αὐτὸν

2192 5174 2363 5244 Ἑνὼχ
2386 5173 2478 5228 διὰ
2501 5173 2597 5228 τοῦ
2632 5173 2741 5243 Σὴθ
2794 5175 3080 5243 γεγονότα.
3118 5174 3272 5243 Ἔχει
3307 5172 3365 5226 δὲ
3389 5171 3564 5233 οὕτως
3609 5171 3642 5239 ή
3674 5162 3765 5222 ἔπ’

2178 5268 2382 5338 ἀμφοῖν
2425 5266 2537 5320 τῶν
2576 5266 2825 5337 γενητῶν
2863 5265 3276 5336 ἁπαρίθμησις·
3311 5280 3333 5315 ε
3374 5262 3568 5332 Ἀδὰμ,
3600 5261 3762 5320 Κάῖν.

2189 5357 2378 5425 Ἐνὼς,
2418 5356 2637 5421 Γαῖὸὰδ.
2674 5358 2945 5422 Maeotae,
2975 5356 3332 5419 Μαθουσάλα,
3365 5356 3580 5424 Λάμεχ.
3606 5372 3624 5405 ι
3657 5352 3764 5406 Καὶ

2176 5449 2374 5504 πάλινο
2412 5468 2431 5502 ε
2485 5449 2700 5521 Ἀδὰμ,
2752 5447 2893 5518 Σὴθ,
2941 5445 3142 5510 Ἐνὼς,
3188 5445 3401 5508 Καῖαν,
3454 5439 3762 5512 Μαλελεήλ,

2184 5543 2379 5612 Ἰάρεδ,
2415 5542 2607 5613 Ἑνώχ.
2656 5561 2676 5595 ε
2715 5541 2948 5613 Ἴδωμεν
2987 5541 3168 5595 τοίνυν
3210 5541 3271 5593 ἂν
3305 5538 3449 5591 τίσιν
3480 5535 3758 5605 ἑκάτερος.

2188 5634 2247 5687 '0
2270 5634 2372 5705 μὲν
2400 5634 2510 5704 γὰρ
2539 5635 2732 5707 Λάμεχ
2756 5636 2878 5697 ταῖς
2907 5632 3103 5687 ἑαυτοῦ
3126 5630 3377 5701 γυναιξὶν
3395 5627 3760 5691 ἀνεκοινοῦτο,

2628 5753 2672 5786 ⁷⁷
2712 5751 2852 5809 Gen.
2893 5768 2969 5817 ιν,
3004 5750 3095 5806 26.
3210 5750 3258 5781 ⁷⁸
3282 5748 3426 5803 Psal.
3472 5759 3650 5811 Lxxxr,
3691 5745 3760 5809 6;
