4092 6466
323 341 385 391 6|
1379 339 1901 396 GLAPHYRORUM
1943 343 2010 396 IN
2051 343 2351 400 GENESIM
2394 344 2520 399 LIB.
2563 344 2628 399 ll.
3573 337 3641 390 ίθ

329 455 442 510 πάι.
467 456 519 508 τί
561 456 708 527 γάρ;
751 456 873 526 οὐχὶ
905 456 1018 509 τῶν
1061 456 1280 510 τοιῶνδε
1336 457 1811 527 μετακεκλήμεθα,
1848 459 1934 512 καὶ

2045 462 2364 518 caelestibus
2389 463 2550 518 donis
2588 462 2902 524 amuentes,
2929 473 3231 528 eorumque
3258 459 3639 528 participatio-

325 548 445 600 τῶν
485 548 766 619 οὐρανίων
818 549 1181 618 χαρισμάτων
1231 547 1693 619 κατατρυφῶμεν,
1723 551 1816 601 καὶ
1842 567 1941 602 κα-

327 640 755 710 ταπ>.ουτοῦμεν
809 640 911 710 τὴν
971 639 1208 711 μέθεξιν,
1264 642 1358 693 καὶ
1401 641 1464 694 τὸ
1519 641 1788 712 δυσαχθὲς
1840 643 1942 711 τῆς

328 731 620 800 ἁμαρτίας
671 727 1044 792 ἁποΰαλόντες
1076 729 1316 800 φορτίον,
1349 729 1612 798 ἁνιέμεθα
1646 729 1834 782 λοιπὸν
1863 732 1943 792 είς

326 821 647 891 εὐημερίαν
679 821 1104 891 πνευματικήν;
1151 819 1367 873 Ἐκάλει
1397 821 1504 893 γὰρ
1538 823 1684 892 ἡμᾶς
1717 823 1797 882 είς
1821 823 1944 875 τοῦ-

325 932 394 966 το
426 915 607 982 λέγων
641 914 808 975 αὑτός
829 912 1055 966 ἰΔεῦτε
1081 913 1218 982 πρὸς
1254 913 1346 982 μὲ,
1382 915 1588 977 πάντες
1612 915 1662 966 οἱ
1695 914 1940 967 κοπιῶν-

327 1022 425 1067 τες
503 1004 601 1058 καὶ
681 1003 1130 1073 πεφορτισμένοι,
1198 1003 1356 1070 κάγὼ
1409 1005 1708 1058 ἀναπαύσω
1774 1008 1936 1076 ὑμᾶς.

333 1100 549 1163 Ἀρατε
605 1096 700 1148 τὸν
756 1097 921 1164 ζυγόν
971 1114 1074 1166 μου
1124 1097 1209 1164 ἐφ’
1238 1099 1404 1167 ὑμᾶς,
1457 1099 1553 1152 καὶ
1601 1099 1801 1168 μάθετε
1847 1103 1939 1153 ἀπ’

324 1187 474 1257 ἐμοῦ
526 1189 614 1240 ὅτι
666 1188 842 1257 πρᾶός
885 1191 1001 1258 εἰμι
1051 1189 1144 1241 καὶ
1178 1190 1434 1253 ταπεινὸς
1476 1194 1542 1261 τῇ
1586 1192 1806 1262 καρδία,
1849 1195 1942 1246 καὶ

326 1279 605 1347 εὑρήσετε
652 1278 964 1332 ἀνάπαυσιν
1017 1282 1137 1341 ταῖς
1171 1278 1371 1348 ψυχαῖς
1416 1279 1633 1349 ὑμῶν.»
1665 1281 1789 1334 Ὅτι
1833 1282 1942 1352 γὰρ

326 1367 568 1436 ἔμελλεν
602 1367 919 1421 ἀναπαῦσαι
953 1371 1101 1439 ἡμᾶς
1140 1369 1169 1420 ὁ
1198 1369 1452 1439 Χριστὸς,
1477 1371 1570 1424 καὶ
1598 1373 1626 1424 ὁ
1664 1372 1941 1444 ἀρχάγγε-

324 1461 423 1523 λος
474 1460 727 1529 Γαϐριὴλ
767 1460 1141 1530 προανεφώνει
1171 1466 1236 1534 τῇ
1289 1464 1420 1533 ἁγίᾳ
1453 1466 1716 1537 Παρθένῳ
1743 1468 1939 1534 λέγων’

338 1575 356 1604 ι
386 1554 486 1624 Μὴ
514 1552 712 1622 φοϐοῦ,
741 1553 1000 1624 Μαριάμ·
1034 1550 1190 1624 εὗρες
1218 1555 1327 1626 γὰρ
1350 1557 1509 1627 χάριν
1532 1558 1771 1628 παρὰτῷ
1798 1559 1938 1630 (θεῷ’

328 1647 429 1701 καὶ
482 1647 595 1699 ίόοὺ
644 1647 891 1718 συλλήψῃ
934 1650 992 1699 ὲν
1031 1649 1249 1718 γαστρὶ,
1300 1651 1392 1702 καὶ
1440 1650 1614 1713 τέξεις

329 1741 595 1804 καλέσεις
629 1741 692 1793 τὸ
721 1739 896 1811 ονομα
926 1741 1092 1794 αὑτοῦ
1131 1741 1332 1812 Ἰησοῦν
1355 1760 1367 1772 ’
1411 1744 1574 1807 αὐτὸς
1617 1744 1726 1813 γὰρ
1775 1744 1938 1798 σώσει

1663 1652 1776 1706 υἱόν
1801 1669 1813 1681 ’
1845 1653 1942 1705 καὶ

2044 569 2171 609 nem
2195 555 2411 625 adepti,
2472 563 2529 608 et
2585 555 2800 625 abjecto
2853 552 3188 624 'gravissimo
3233 551 3444 620 peccati
3486 552 3636 621 jugo,

2044 663 2228 702 nonne
2263 649 2535 717 spirituali
2587 647 2844 717 deinceps
2893 645 3156 700 felicitate
3205 644 3472 698 fruimur?
3519 645 3638 713 Ipse

2041 738 2192 792 enim
2232 754 2335 792 nos
2387 739 2454 792 ad
2502 739 2607 792 hoc
2648 738 2894 801 vocavit,
2934 737 3166 791 dicens:
3211 755 3228 786 ι
3264 737 3521 790 Accedite
3569 736 3637 789 ad

2043 845 2152 892 me,
2178 845 2370 883 omnes
2391 830 2485 898 qui
2511 829 2773 883 laboratis
2799 838 2855 883 et
2878 829 3089 884 onerati
3113 829 3268 893 estis,
3289 837 3343 882 et
3363 844 3464 899 ego
3490 828 3636 881 refo-

2041 920 2243 975 cillabo
2282 935 2397 974 vos.
2426 920 2624 974 Tollite
2658 921 2848 990 jugum
2888 936 3071 974 meum
3107 936 3270 990 super
3299 937 3430 984 vos,
3468 931 3524 974 et
3549 920 3637 974 di-

2041 1013 2178 1068 scite
2207 1028 2238 1066 a
2261 1028 2347 1067 me
2373 1013 2502 1082 quia
2527 1013 2680 1067 mitis
2700 1029 2820 1067 sum
2855 1021 2910 1066 et
2934 1012 3159 1066 humilis
3181 1013 3368 1074 corde,
3389 1021 3445 1065 et
3481 1013 3637 1067 inve-

2040 1106 2208 1160 nietis
2244 1106 2491 1174 requiem
2546 1105 2839 1158 animabus
2883 1106 3080 1159 vestris
3125 1107 3168 1154 ².
3211 1126 3228 1155 ι
3276 1104 3432 1170 Quod
3487 1105 3635 1158 enim

2041 1199 2286 1267 quietem
2311 1197 2472 1252 nobis
2495 1197 2728 1251 daturus
2747 1207 2895 1252 esset
2912 1196 3166 1251 Christus
3186 1238 3198 1258 ,
3226 1196 3444 1251 Gabriel
3469 1197 3634 1250 etiam

2041 1290 2404 1360 archangelus
2421 1298 2624 1343 sanctm
2646 1290 2853 1360 Virgini
2870 1289 2949 1343 sic
2971 1289 3248 1358 praedixit:
3280 1308 3296 1338 ι
3320 1289 3397 1342 Ne
3421 1289 3634 1352 timeas,

2041 1385 2243 1439 Maria:
2268 1384 2526 1438 invenisti
2556 1384 2703 1437 enim
2744 1385 2972 1454 gratiam
3005 1383 3148 1453 apud
3184 1383 3374 1436 Deum.
3403 1383 3472 1436 Et
3508 1397 3636 1437 ecce

2041 1476 2321 1547 concipies
2359 1477 2413 1530 in
2453 1485 2642 1539 utero,
2671 1485 2725 1531 et
2762 1478 2943 1547 paries
2973 1475 3174 1539 lilium,
3211 1485 3268 1530 et
3297 1475 3518 1529 vocabis
3540 1489 3636 1528 no-

2041 1585 2167 1624 men
2197 1571 2317 1640 ejus
2344 1569 2552 1624 Jesum.
2588 1569 2708 1638 Ipse
2753 1569 2902 1622 enim
2936 1569 3146 1624 salvum
3180 1567 3345 1621 faciet
3373 1567 3634 1636 populum

2041 1675 2202 1714 suum
2225 1674 2255 1712 a
2279 1659 2519 1728 peccatis
2553 1658 2725 1712 suis".
2764 1678 2782 1709 ι
2817 1657 3129 1724 Quinetiam
3161 1658 3331 1712 divini
3356 1658 3637 1726 propheta

2040 1750 2288 1818 requiem
2309 1749 2602 1818 peripsum
2617 1757 2939 1802 eventuram
2961 1757 3215 1802 accurate
3233 1747 3634 1818 praedixerunt;

325 1833 421 1886 τὸν
454 1833 590 1885 λαὸν
638 1831 811 1887 αὐτοῦ
876 1833 986 1886 ἀπὸ
1039 1833 1146 1886 τῶν
1200 1835 1488 1905 ἁμαρτιῶν
1540 1837 1786 1889 αὐτῶν.)
1826 1839 1934 1890 Καὶ

2043 1813 2278 1910 quorum
2311 1813 2498 1894 unus:
2535 1859 2554 1890 ι
2597 1839 2858 1904 Conﬁde,
2912 1859 2930 1890 ι
2977 1840 3191 1910 inquit,
3299 1839 3471 1902 Sion,
3526 1856 3636 1894 non

331 1923 446 1990 μὴν
471 1925 574 1977 καὶ
600 1925 651 1978 οἱ
682 1924 963 1978 θεσπέσιοι
1019 1927 1297 1996 προφῆται
1329 1928 1426 1996 τὴν
1459 1928 1526 1979 δ.’
1565 1927 1732 1980 αὐτοῦ
1771 1946 1934 2000 γενη,

330 2018 580 2086 σομένην
628 2018 943 2073 ἀνάπαυσιν
983 2024 1403 2090 προαναφωνεῖν
1465 2021 1816 2086 ἐσπούδαζον.
1879 2024 1937 2076 Ὀ

329 2107 438 2176 μὲν
460 2109 579 2179 γὰρ
616 2107 827 2178 ἔφασκε
851 2127 865 2140 ·
941 2128 960 2160 ι
983 2109 1220 2181 Θάρσει,
1255 2109 1414 2175 Σιὼν,
1445 2112 1520 2182 μὴ
1555 2113 1938 2182 παρείσθωσαν

325 2201 387 2253 ai
439 2201 631 2270 χεῖρές
685 2218 802 2264 σου,
851 2201 1107 2273 Κύριοςό
1139 2203 1273 2265 Θεός
1313 2219 1408 2256 σου
1457 2204 1514 2256 ἐν
1552 2206 1636 2257 σοὶ
1687 2205 1932 2268 δυνατὸς.

327 2291 505 2346 σώσει
540 2311 623 2350 σε,
649 2295 744 2346 καὶ
766 2296 1080 2349 ἀνακαινιεί
1106 2312 1164 2349 σε
1192 2298 1251 2349 ἐν
1278 2300 1345 2368 τῇ
1386 2298 1664 2368 ἀγαπήσει
1691 2297 1876 2353 αὐτοῦ.
1911 2319 1927 2348 ι

333 2386 581 2450 Ἡσαΐας
614 2387 672 2440 δὲ
707 2383 772 2441 αὖ
802 2389 1088 2458 μονονουχὶ
1118 2389 1208 2442 καὶ
1234 2391 1294 2442 ὲν
1323 2387 1447 2459 ὄψει
1475 2389 1664 2443 λοιπὸν
1698 2393 1936 2444 ἐποιεῖτο

322 2479 513 2546 λέγων
536 2497 548 2509 ·
615 2499 634 2531 ι
667 2479 968 2549 ’ἰσχύει-ατε,
1001 2483 1184 2551 χεῖρες
1225 2481 1545 2552 ἀνειμέναι,
1595 2485 1690 2536 καὶ
1729 2484 1932 2549 γόνατα

321 2573 792 2644 παραλελυμένα,
822 2574 1268 2645 παρακαλέσατε,
1292 2577 1341 2629 οἱ
1379 2575 1692 2646 ὀλιγόψυχοι
1727 2579 1792 2647 τῇ
1821 2577 1936 2630 δια·

320 2666 472 2737 νοίᾳ,
535 2667 817 2735 ίσχύσατε,
871 2666 947 2736 μὴ
1010 2667 1281 2734 φοϐεῖσθε.
1328 2668 1458 2721 ’ἰδοὺ
1507 2672 1535 2721 ὁ
1576 2669 1707 2731 Θεὸς
1753 2668 1930 2740 ἡμῶν.

333 2760 477 2814 Ἰδοὺ
528 2761 740 2831 Κύριος
788 2761 931 2830 μετὰ
977 2759 1162 2830 ίσχύος
1208 2759 1456 2829 ἔρχεται.
1490 2761 1584 2812 καὶ
1633 2745 1933 2830 ὁβραχίων

322 2851 480 2922 μετὰ
529 2852 783 2922 κορείας.
823 2852 914 2915 Ὠς
953 2854 983 2905 ὁ
1034 2852 1240 2922 ποιμὴν
1295 2854 1556 2922 ποιμανεί
1581 2852 1643 2905 τὺ
1679 2854 1933 2922 ποίμνιον

317 2942 527 3006 αὐτοῦ,
581 2946 680 2996 καὶ
727 2943 808 3013 τῷ
859 2942 1108 3015 βραχίονι
1141 2943 1308 2996 αὑτοῦ
1353 2944 1572 3007 συνάξει
1601 2943 1794 3014 ἄρνας,
1835 2942 1932 2996 καὶ

314 3036 428 3098 τὰς
481 3036 548 3087 ἐν
583 3035 787 3105 γαστρὶ⁷
839 3033 1072 3104 ἐχούσας
1110 3034 1504 3104 παρακαλέσει.
1529 3054 1546 3084 ι
1586 3035 1780 3101 Γέγονε
1828 3033 1932 3086 τοί-

2039 1934 2418 1988 dissolvantur
2465 1949 2664 1988 manus
2707 1921 2832 1988 t'uae.
2880 1934 3145 1989 Dominus
3172 1934 3318 1988 Deus
3367 1933 3476 2006 34
3512 1942 3640 1988 tuus

2037 2028 2196 2082 fortis
2224 2029 2276 2081 in
2301 2037 2384 2089 te,
2419 2026 2655 2081 salvahit
2678 2035 2730 2080 te
2751 2067 2765 2089 ,
2791 2034 2849 2080 et
2878 2025 3163 2079 innovabit
3195 2034 3249 2079 te
3274 2026 3330 2080 in
3370 2025 3640 2081 charitate

2038 2135 2135 2174 sua
2163 2119 2201 2173 ⁸.
2230 2141 2247 2168 ι
2283 2120 2449 2174 Isaias
2489 2129 2670 2173 autem
2718 2127 2926 2174 tantum
2977 2133 3085 2173 non
3111 2118 3182 2172 ob
3223 2119 3414 2172 oculos
3443 2119 3636 2188 ponit,

2037 2209 2264 2267 dicens:
2301 2231 2319 2262 ι
2353 2211 2778 2274 Confortamini,
2812 2226 3008 2265 manus
3051 2212 3325 2274 remissae,
3366 2219 3422 2265 et
3461 2226 3637 2280 genua

2035 2304 2337 2370 dissoluta;
2367 2304 2751 2366 consolamini,
2773 2302 3152 2373 pusillanimes
3177 2312 3394 2356 mente:
3421 2302 3640 2357 confor-

2038 2395 2251 2459 tamini,
2284 2409 2354 2448 ne
2385 2393 2645 2448 timeatis.
2673 2394 2813 2448 Ecce
2847 2395 2994 2450 Deus
3025 2402 3233 2449 noster.
3275 2394 3418 2448 Ecce
3456 2394 3640 2447 Domi-

2035 2503 2140 2542 nus
2162 2503 2286 2542 cum
2309 2487 2512 2541 virtute
2534 2486 2714 2551 venit,
2743 2495 2800 2541 et
2831 2487 3122 2542 brachium
3155 2501 3278 2540 cum
3303 2484 3636 2538 dominatio-

2035 2595 2126 2632 ne.
2175 2576 2329 2632 Sicut
2361 2585 2550 2646 pastor
2598 2585 2787 2647 paseet
2824 2593 3044 2648 gregem
3093 2593 3286 2640 suum,
3318 2585 3376 2631 et
3409 2576 3639 2631 brachio

2035 2685 2136 2724 suo
2152 2669 2505 2739 congregabit
2524 2683 2712 2738 agnos,
2731 2677 2786 2724 et
2800 2677 3146 2739 praegnantes
3165 2668 3542 2722 consolahitur
3557 2667 3598 2720 ⁸.
3615 2688 3630 2716 ι

2037 2760 2235 2814 Factus
2275 2757 2462 2828 itaque
2483 2767 2570 2813 est
2597 2756 2759 2811 nobis
2779 2757 2994 2826 justitia
3007 2765 3064 2811 et
3097 2756 3318 2825 requies
3340 2753 3634 2808 Christus:

2034 2851 2290 2906 liberavit
2339 2859 2666 2906 autem-nos
2699 2850 2863 2905 etiam
2893 2865 2924 2903 a
2953 2858 3100 2903 terra
3137 2848 3224 2901 cui
3271 2846 3637 2900 maledixerat

2034 2943 2301 2998 Dominus
2326 2943 2494 2996 Deus.
2528 2941 2644 2996 Hoc
2673 2941 2824 2995 enim
2857 2940 3021 2994 nobis
3055 2939 3124 2993 de
3152 2939 3268 2992 Noe
3299 2937 3639 3007 prophetam

2035 3035 2179 3090 dixit
2242 3035 2482 3089 Lamcch
2507 3036 2549 3088 ‘.
2585 3033 2654 3088 At
2696 3047 2832 3087 vero
2879 3047 3230 3101 nequaquam
3279 3030 3509 3084 dubiant
3553 3036 3639 3086 est

314 3146 424 3182 νυν
458 3131 599 3198 ἡμῖν
648 3126 970 3195 δικαιοσύνη
1006 3145 1067 3180 τε
1115 3127 1209 3180 καὶ
1259 3126 1570 3190 ἀνάπαυσις
1597 3129 1626 3180 ὁ
1651 3127 1888 3197 Χριστός
1913 3143 1926 3157 ⁶

2036 3128 2181 3198 quod
2218 3127 2676 3196 transgressionis
2701 3125 2756 3180 in
2797 3125 2969 3180 Adam
3005 3124 3285 3178 accusatio
3319 3124 3375 3176 in
3415 3121 3638 3176 Christo

318 3219 546 3273 σέσωκε
600 3219 659 3271 δὲ
704 3220 856 3288 ἡμᾶς
893 3221 990 3272 καὶ
1045 3218 1154 3272 ἀπὸ
1211 3221 1310 3290 τῆς
1332 3221 1436 3289 γῆς
1467 3215 1536 3291 ἧς
1577 3219 1932 3290 κατηράσατο

317 3310 583 3380 Κύριοςὸ
625 3310 780 3374 Θεὸς.
841 3311 1016 3363 Ταυτὶ
1069 3311 1180 3382 γὰρ
1227 3313 1360 3382 ἡμῖν
1422 3313 1516 3364 ἐπὶ
1556 3311 1680 3364 Νῶε
1718 3329 1934 3382 προφηο

315 3403 507 3456 τεύων
530 3402 777 3471 ἔφασκεν
798 3403 827 3455 ὁ
846 3403 1064 3472 Λάμεχ.
1093 3405 1250 3456 Ἐστι
1279 3404 1334 3456 δὲ
1374 3403 1477 3456 οὐκ
1505 3403 1809 3472 ἀμφίλογον
1847 3405 1931 3456 ὅτι

316 3497 426 3566 τῆς
466 3498 527 3548 ὲν
567 3496 743 3564 Ἀδὰμ
795 3495 1166 3566 παραϐάσεως
1201 3494 1269 3548 τὰ
1309 3495 1649 3565 ἐγκλήματα,
1715 3495 1930 3548 λέλυται

319 3587 496 3640 πάλιν
521 3589 580 3638 ἐν
611 3585 851 3656 Χριστῷ.
893 3606 911 3636 ι
933 3587 1130 3654 Γέγονε
1155 3588 1266 3657 γὰρ
1293 3588 1433 3657 ὑπὲρ
1457 3589 1612 3657 ἡμῶν
1641 3588 1879 3658 κατάρα,
1906 3607 1924 3639 ι

319 3679 474 3732 κατὰ
517 3678 581 3730 τὸ
614 3677 1026 3749 γεγραμμένον,
1069 3679 1169 3749 τῆς
1220 3680 1454 3749 ἀρχαίας
1479 3682 1620 3749 ἀρᾶς
1654 3679 1933 3733 ἀπαλλάτ-

318 3789 438 3824 των
473 3773 580 3840 τὶςν
604 3771 730 3840 γῆν.
767 3770 845 3824 Δι’
877 3769 1043 3830 αὐτοῦ
1073 3772 1182 3842 γὰρ
1214 3772 1444 3826 ἅπαντα
1492 3774 1632 3844 πρὸς
1666 3773 1726 3826 το
1752 3776 1808 3826 ἐν
1836 3774 1934 3846 ἀρ-

318 3864 450 3930 χαξ
478 3859 1023 3929 ἀνακεσαλαιοῦσθαί
1050 3879 1232 3932 φαμεν
1253 3863 1344 3915 τὸν
1373 3863 1592 3934 Πατέρα
1627 3864 1718 3916 καὶ
1753 3864 1888 3918 Θεὸν
1911 3880 1928 3894 ⁸

327 3976 346 4005 ι
373 3956 490 4007 Καὶ
525 3952 598 4006 τὰ
640 3953 738 4022 μὲν
776 3955 979 4024 ἀρχαῖα
1016 3953 1283 4025 παρῆλθε,
1314 3956 1505 4023 γέγονε
1548 3957 1602 4008 δὲ
1651 3956 1719 4009 τὰ
1755 3957 1931 4011 πάντα

321 4047 514 4110 καινά,
568 4047 664 4098 καὶ
709 4045 876 4109 εἴτις
928 4049 985 4098 ὲν
1034 4048 1256 4118 Χριστῴ
1286 4049 1446 4117 καινὴ
1488 4050 1720 4111 κτίσις.»
1759 4051 1930 4121 Εἴπερ

321 4138 444 4190 ἐστὶ
476 4135 737 4206 δεύτερος
779 4126 952 4206 Ἀδὰμ
983 4137 1048 4189 δι’
1089 4138 1337 4208 ὑπακοῆς
1365 4139 1690 4207 ἀνατρέπων
1735 4141 1794 4192 τὸ
1836 4140 1928 4192 τοῦ

319 4227 768 4302 πρωτοπλάστου
809 4228 1204 4299 κατηγόρημαο
1245 4229 1388 4298 φημὶ
1429 4229 1493 4300 δὴ
1517 4229 1615 4301 τὴν
1645 4232 1704 4284 ἐν
1737 4231 1930 4300 ἀρχαῖς

321 4318 671 4390 παραίτησιν
728 4319 1110 4390 γεγενημένην
1169 4323 1476 4391 παρακοήν.
1533 4315 1662 4375 ’Ὧδε
1715 4327 1932 4391 φρονεῖν

319 4413 508 4466 ἐδόκει
547 4412 646 4466 καὶ
683 4413 762 4482 τῷ
796 4412 1072 4482 θεσπεσίῳ
1095 4411 1316 4484 Παύλῳ.
1345 4414 1550 4485 Γράφει
1583 4414 1692 4485 γὰρ
1722 4413 1894 4477 οὕτως
1914 4432 1928 4445 ο

2036 3233 2230 3273 rursus
2253 3219 2458 3272 abolita
2500 3217 2622 3271 sit:
2666 3235 2684 3266 ι
2732 3215 2933 3270 Factus
2981 3215 3129 3268 enim
3180 3219 3264 3268 est
3322 3227 3424 3282 pro
3474 3211 3638 3266 nobis

2034 3310 2348 3365 maledictio
2374 3352 2386 3373 ,
2427 3329 2446 3360 ι
2489 3309 2634 3364 sicut
2661 3307 2929 3377 scriptum
2972 3306 3132 3371 est’,
3169 3322 3201 3360 ο
3245 3305 3420 3359 veteri
3463 3304 3636 3358 malc-

2035 3402 2279 3457 dictione
2327 3411 2528 3456 terram
2563 3397 2950 3454 liberans.Per
2974 3398 3156 3468 ipsum
3192 3395 3465 3466 siquidem
3501 3393 3638 3447 dici—

2035 3512 2160 3550 mus
2175 3493 2391 3550 Patrem
2417 3510 2482 3549 ac
2503 3494 2674 3548 Deum
2697 3499 2895 3548 cuncta
2919 3499 3289 3546 rcstaurasse:
3316 3507 3333 3538 ι
3359 3488 3434 3542 Ac
3451 3494 3634 3541 vetera

2034 3587 2256 3658 quidem
2287 3587 2701 3656 praeterierunt,
2729 3584 2870 3638 facta
2893 3591 3022 3637 sunt
3049 3591 3235 3635 autem
3259 3579 3443 3635 omnia
3462 3592 3632 3639 nova;

2035 3681 2080 3734 si
2111 3696 2220 3750 qua
2250 3695 2390 3733 nova
2424 3679 2480 3732 in
2501 3678 2724 3732 Christo
2752 3684 3003 3730 creatura
3034 3675 3107 3728 ⁸.»
3131 3672 3416 3742 Siquidem
3441 3685 3638 3725 secun-

2034 3772 2140 3827 dus
2186 3772 2358 3826 Adam
2384 3787 2484 3841 per
2530 3769 2904 3824 obedientiam
2945 3768 3147 3821 avertit
3178 3764 3341 3835 primi
3389 3761 3641 3833 parentis

2035 3865 2280 3928 crimen,
2319 3872 2561 3918 veterem
2587 3902 2602 3927 ,
2645 3861 2868 3929 inquam
2890 3901 2904 3924 ,
2940 3859 3086 3914 illam
3129 3857 3314 3911 statim
3349 3856 3508 3910 initio
3536 3868 3633 3907 ex-

2034 3955 2304 4027 pulsionis
2344 3970 2595 4018 causam,
2649 3951 3102 4006 inobcdientiam.
3147 3949 3304 4027 Quod
3355 3957 3410 4001 et
3436 3947 3636 4002 Paulus

2035 4025 2341 4111 conﬁrmat,
2361 4048 2583 4102 dicens:
2613 4066 2630 4096 ι
2653 4044 3124 4112 Quemadmodum
3144 4025 3290 4097 enim
3313 4057 3411 4111 per
3439 4040 3630 4095 inohe—

2034 4141 2300 4196 dientiam
2347 4141 2512 4195 unius
2564 4139 2804 4194 hominis
2845 4147 3164 4208 peccatores
3197 4133 3482 4189 constituti
3534 4147 3631 4186 su-

2035 4250 2180 4298 mus,
2215 4234 2292 4287 ita
2331 4243 2388 4287 et
2406 4248 2505 4302 per
2530 4231 2696 4286 unius
2723 4229 3097 4284 obedientiam
3120 4229 3254 4297 justi
3287 4227 3632 4280 constituen-

2037 4332 2126 4378 tur
2149 4324 2306 4377 multi
2333 4323 2374 4377 ’.
2406 4344 2423 4374 ι
2467 4322 2668 4377 Factus
2711 4329 2798 4376 est
2846 4328 3030 4374 autem
3061 4319 3317 4374 Christus
3369 4317 3634 4370 obedicns

2035 4414 2182 4469 Patri
2210 4429 2386 4482 usque
2419 4413 2486 4468 ad
2521 4421 2754 4466 mortem
2777 4451 2792 4474 ,
2845 4419 3081 4464 mortem
3120 4417 3301 4463 autem
3358 4407 3538 4461 crucis
3568 4407 3629 4457 ιο.

327 4525 346 4563 ι
375 4507 606 4577 Ὠσπερ
636 4507 749 4578 γὰρ
787 4506 877 4559 διὰ
920 4506 1022 4576 τῆς
1061 4507 1346 4576 παρακοῆς
1377 4506 1471 4559 τοῦ
1496 4506 1616 4570 ἑνὸς
1637 4505 1928 4577 ἀνθρώπου

2036 4506 2507 4574 Quemadmodum
2549 4505 2718 4575 igitur
2757 4502 3050 4558 maledicta
3090 4509 3210 4557 erat
3237 4510 3379 4556 terra
3415 4500 3486 4555 ob
3524 4502 3637 4570 pri-

322 4597 659 4669 ἀμαρντωλοὶ
701 4597 1144 4669 κατεστάθησαν,
1206 4599 1351 4652 οὕτω
1399 4601 1492 4652 καὶ
1535 4599 1624 4654 δια
1663 4601 1765 4671 τῆς
1823 4601 1932 4653 ὐπ-

321 4689 504 4760 ακοῆς
534 4689 630 4743 τοῦ
662 4691 804 4756 ἑνὸς,
827 4691 1029 4745 δίκαιοι
1052 4692 1562 4761 κατασταθήσονται
1599 4693 1802 4746 πολλοί.
1835 4693 1933 4746 Γέ-

321 4799 455 4850 γονε
485 4782 547 4835 δὲ
575 4784 604 4834 ὁ
631 4783 866 4852 Χριστὸς
901 4784 1142 4855 ὑπήκοος
1181 4783 1258 4856 τῷ
1283 4786 1458 4854 Πατρὶ
1485 4785 1650 4856 μέχρι
1675 4785 1930 4848 θανάτου,

321 4874 572 4930 Θανάτου
610 4874 668 4928 δὲ
703 4874 960 4943 σταυροῦ.
985 4895 1006 4927 ι
1040 4877 1252 4946 Ὥσπερ
1277 4873 1372 4930 οὖν
1396 4878 1670 4946 ἐπάρατος
1698 4873 1765 4947 ἦν
1791 4879 1823 4948 ἡ
1859 4878 1931 4947 γῆ

317 4969 414 5023 διὰ
455 4969 562 5038 τὴν
600 4969 661 5020 ἐν
685 4968 886 5039 ἀρχαῖς
935 4968 1248 5038 παράϐασιν
1277 4971 1336 5022 ἐν
1381 4968 1737 5035 Ἀδέιμωῦτιο
1775 4967 1944 5038 γέγοέ

321 5078 416 5114 νεν
443 5059 800 5130 εὐλογημένη
832 5060 924 5114 ate
951 5060 1053 5130 τὴν
1085 5059 1332 5130 ὑπακοὴν
1351 5060 1448 5112 τοῦ
1471 5059 1734 5129 Χριστοῦ.
1778 5060 1931 5112 Ἐλυ-

319 5152 587 5220 τρώσατο
620 5150 680 5202 δὲ
725 5150 821 5204 καὶ
853 5150 1058 5219 ἑτέρως
1099 5153 1246 5221 ἡμᾶς
1268 5150 1375 5204 ἀπὸ
1394 5152 1491 5221 τῆς
1521 5151 1627 5221 γῆς
1655 5150 1931 5220 ἑπαράτου

320 5241 729 5311 γεγενημένης.
782 5243 1066 5304 «Καινοὺς
1116 5241 1226 5311 γὰρ
1257 5242 1544 5313 οὐρανοὺς,
1597 5243 1691 5295 καὶ
1742 5241 1934 5314 καινὴν

318 5336 454 5404 γῆν,
493 5333 642 5387 κατά
692 5335 760 5386 τὰ
795 5334 1193 5404 ἐπαγγέλματα
1237 5335 1429 5398 αὑτοῦ,
1473 5334 1886 5406 προσδοκῶμεν,
1910 5354 1926 5384 ο

319 5427 473 5481 καθά
527 5425 628 5489 καὶ
677 5427 708 5480 ὀ
758 5427 923 5494 σοφὸς
971 5428 1066 5481 τοῦ
1110 5429 1365 5500 Σωτῆρος
1414 5430 1604 5501 εἴρηκε
1660 5428 1934 5499 μαθητής.

333 5519 681 5574 Ἐνεκαενισε
723 5519 781 5575 δὲ
814 5523 952 5591 ἡμῖν
981 5522 1074 5576 καὶ
1099 5521 1198 5593 τὴν
1230 5523 1310 5586 εἰς
1343 5520 1409 5575 τά
1453 5521 1565 5574 ἄνω
1619 5538 1678 5576 τε
1727 5523 1821 5577 καὶ
1855 5523 1936 5586 εἰς

395 5725 416 5752 ’
463 5721 659 5776 Matth.
692 5739 764 5783 ιιι,
801 5723 892 5784 28,
936 5724 1023 5778 ‘29.
1112 5725 1131 5756 ³
1177 5722 1291 5780 Luc
1347 5741 1384 5790 ι,
1415 5725 1596 5788 50,51.

1675 5726 1692 5756 ⁸
1719 5726 1888 5797 Soph.
1939 5747 2015 5790 Ill,
2056 5732 2138 5788 l6.
2182 5731 2262 5784 l7.
2333 5728 2352 5758 ⁸
2379 5727 2668 5797 lsa.ﬁx§xv,
2715 5724 2770 5789 5;
2808 5721 3020 5797 x1.,_l(_),
3059 5720 3142 5772 ll.

2035 4616 2178 4654 mam
2207 4599 2354 4654 illam
2388 4597 2882 4669 transgressionem
2924 4596 2980 4650 in
3023 4595 3194 4650 Adam
3217 4637 3231 4660 ,
3271 4595 3350 4649 ita
3385 4593 3527 4650 facta
3553 4603 3635 4648 est

2033 4689 2326 4746 benedicta
2364 4696 2590 4759 propter
2639 4687 3015 4744 obedientiam
3073 4685 3300 4742 Christi.
3354 4684 3636 4739 Liberavit

2035 4787 2220 4836 autem
2252 4795 2354 4834 nos
2388 4779 2554 4834 etiam
2584 4779 2691 4834 alia
2730 4779 2943 4834 ratione
2969 4792 3000 4831 a
3043 4785 3188 4830 terra
3231 4775 3522 4829 maledicta
3549 4773 3630 4827 ef-

2033 4873 2195 4928 fecta.
2241 4891 2258 4922 ι
2303 4873 2489 4926 Novas
2541 4871 2688 4926 enim
2743 4871 2944 4935 cenios,
2979 4877 3057 4923 -et
3099 4883 3297 4922 novam
3350 4873 3572 4929 terram,
3607 4883 3624 4914 ι

2034 4967 2188 5037 juxta
2217 4965 2612 5034 promissiones
2654 4963 2862 5034 ipsius,
2908 4981 2926 5014 ι
2974 4970 3390 5032 exspectamus,
3425 4978 3442 5008 ι
3491 4957 3633 5012 sicut

2039 5068 2097 5114 et
2145 5059 2366 5129 sapiens
2416 5057 2623 5113 Christi
2668 5057 2976 5127 discipulus
3008 5055 3147 5109 dixit
3189 5053 3253 5108 ¹¹.
3304 5051 3633 5106 Instauravit

2039 5162 2224 5208 autem
2255 5152 2418 5207 nobis
2439 5152 2606 5206 etiam
2633 5151 2702 5205 ad
2729 5164 2968 5220 superna
2989 5157 3045 5201 et
3072 5147 3126 5201 in
3161 5146 3330 5200 caelos
3363 5137 3604 5198 rcditum'
3620 5164 3631 5196 :
3709 5184 3712 5187 .

2030 5257 2087 5301 et
2117 5261 2428 5316 pratenrsor
2475 5262 2574 5316 pro
2616 5245 2781 5300 nobis
2830 5250 3076 5299 sanctam
3115 5249 3322 5295 terram
3358 5239 3638 5309 ingressus

2030 5350 2144 5404 est,
2167 5340 2328 5410 cujus
2359 5324 2682 5394 mansuetos
2725 5335 2977 5392 heredes
3000 5334 3120 5389 fore
3159 5332 3336 5396 dixit,
3367 5331 3474 5385 hoc
3515 5340 3632 5383 est.

2032 5432 2128 5501 qui
2157 5428 2476 5500 evangelica
2518 5427 2812 5498 disciplina
2863 5425 2932 5480 ad
2979 5422 3464 5479 mansuetudinem
3505 5429 3637 5473 sunt

2031 5520 2236 5579 edocti.
2263 5519 2548 5591 Siquidem
2585 5521 2675 5574 lex
2705 5520 2930 5575 oculum
2963 5533 3066 5588 pro
3103 5515 3264 5571 oculo
3285 5555 3300 5578 ,
3332 5521 3388 5568 et
3413 5511 3635 5565 dentem

3235 5695 3262 5747 4‘
3292 5714 3426 5769 Gen.
3460 5729 3510 5779 ι’,
3541 5714 3628 5773 ‘29.

323 5794 344 5826 τ
378 5792 564 5855 Gaiat.
589 5810 666 5858 ιιι,
708 5794 791 5849 l5.
873 5793 893 5822 "
921 5793 963 5849 ll
989 5794 1118 5860 Cor.
1143 5811 1196 5858 v,
1226 5796 1310 5850 Π.
1373 5786 1406 5830 ’⁸
1435 5786 1591 5853 Rom.
1620 5813 1672 5861 v,
1703 5786 1809 5852 ηδ
1873 5801 1912 5829 ¹⁰

2036 5786 2173 5872 mm}.
2201 5817 2254 5862 ιι,
2285 5801 2335 5853 8.
2403 5797 2438 5827 “
2478 5796 2521 5850 11
2555 5795 2698 5850 Pctr.
2739 5786 2816 5860 ιιι,
2845 5793 2930 5859 15ς
2961 5791 3129 5860 Apoc.
3173 5804 3283 5855 xxi,
3311 5786 3362 5838 l.
