4092 6486
327 413 407 468 G3
1388 411 1914 468 G‘LAPHYROBUM
1957 415 2024 469 IN
2066 415 2366 470 GENESIM
2408 416 2538 470 LIB.
2580 415 2644 470 ll.
3577 415 3660 471 '66

333 527 512 590 δαίων
561 528 824 599 λατρείας
872 527 1418 599 ἐναποσημαίνεσθαι
1469 532 1582 592 τοῖς
1625 529 1851 600 βρέφεσι
1892 532 1948 584 τὰ

2063 533 2390 602 pertinentia
2450 531 2922 586 flerizdonarium
2969 532 3272 586 immundis
3320 531 3665 587 daemonibus

332 620 737 692 γνωρίσματα,
765 619 866 690 τὴν
885 621 964 672 -ἐν
995 620 1159 694 ὀγδόῃ
1207 622 1532 693 περιτομὴν,
1585 623 1680 674 καὶ
1710 623 1807 684 τὰς
1860 623 1956 674 ἐπὶ

332 713 554 766 τούτων
589 713 806 776 θυσίας,
845 711 1106 781 ἀνάθημα
1134 715 1247 775 τοῖς
1282 713 1617 783 ἀκαθάρτοις
1645 713 1864 782 δαίμοσι
1889 714 1956 766 τὰ

334 807 406 858 ἐκ
458 805 572 858 τῶν
624 806 986 876 ἡγιασμὲνων
1033 805 1376 875 ἀπεφέροντο
1422 804 1589 858 λαῶν.
1636 805 1744 857 Καὶ
1774 804 1953 869 τοῦτο,

331 896 522 966 οἶμαι,
561 899 680 950 ἐστὶ
705 897 766 950 τὸ
792 898 881 949 διὰ
914 898 1099 966 φωνῆς
1127 898 1410 967 προφήτου
1435 897 1562 968 περὶ
1593 895 1771 950 αὐτῶν
1801 898 1955 966 εἰρη-

337 983 510 1056 μένον
531 1007 543 1016 ·
589 1008 606 1039 ι
644 989 768 1040 ’Ὁτι
799 988 966 1042 τέκνα
995 988 1252 1057 ἀλλότρια
1281 987 1652 1059 ἐγεννήθησαν
1680 989 1882 1052 αὐτοῖς.
1931 1008 1950 1040 ι

333 1082 629 1151 Συναςσεία
658 1081 954 1151 τοιγαροῦν
992 1084 1059 1151 τῇ
1091 1079 1231 1152 πρὸς
1259 1080 1322 1132 τὸ
1351 1081 1530 1149 χεῖρον
1562 1079 1955 1150 κατεφθαρμέ-

331 1190 430 1225 νου
464 1172 660 1225 λοιπὸν
687 1170 780 1224 τοῦ
817 1172 977 1239 ἁγίου
1009 1173 1222 1239 γένους,
1258 1172 1352 1224 καὶ
1381 1172 1505 1224 ὅσον
1538 1167 1675 1244 ἧκεν
1706 1173 1785 1234 εἰς
1813 1172 1956 1224 ποιόο

329 1281 484 1334 τητα
522 1265 620 1317 καὶ
644 1263 910 1334 διαφορὰν
955 1263 1185 1332 γνώμης
1220 1281 1279 1314 τε
1316 1264 1410 1316 καὶ
1458 1264 1684 1334 τρόπον,
1716 1265 1810 1318 καὶ
1847 1265 1954 1334 μὴν

331 1357 437 1410 καὶ
468 1355 615 1408 ἐθῶν
650 1356 1131 1426 συνενηνεγμένων
1162 1356 1241 1419 εἰς
1271 1354 1328 1407 ἓν
1357 1354 1452 1406 τοῦ
1481 1373 1541 1408 τε
1589 1355 1826 1426 Ἰσραὴλ,
1861 1358 1954 1411 καὶ

329 1450 452 1501 τῶν
488 1449 666 1502 ἐθνῶν
697 1449 922 1518 ὄλεθρον
958 1449 1214 1501 ἁπάντων
1242 1448 1352 1500 τῶν
1396 1447 1566 1500 ὄντων
1595 1449 1686 1500 ἐπὶ
1716 1449 1817 1517 τῆς
1848 1449 1954 1518 γῆς

332 1545 362 1595 ὁ
391 1543 508 1593 τῶν
531 1541 672 1594 ὅλων
699 1540 1046 1610 Δημιουργὸς
1072 1538 1298 1601 εἰκότως
1331 1539 1750 1607 κατεψηφίζετο.
1789 1541 1953 1608 Ἦμε-

339 1632 535 1700 ρότητι
569 1630 624 1682 δὲ
660 1633 726 1700 τῇ
756 1629 988 1700 ἐμφύτῳ
1028 1628 1330 1698 νικώμενος
1354 1669 1366 1689 ,
1402 1631 1502 1682 οὑκ
1555 1631 1786 1700 ἰσοπαλῆ
1832 1633 1952 1693 ταῖς

335 1720 649 1792 ἁμαρτίαις
681 1720 860 1773 αὐτῶν
897 1723 1134 1773 ἐποιεῖτο
1172 1721 1270 1790 τὴν
1299 1721 1492 1792 ὀργήν.
1521 1722 1641 1774 Ἵνα
1667 1721 1722 1775 δὲ
1768 1722 1841 1791 μὴ
1871 1725 1950 1785 εἰς

336 1813 491 1867 ἅπαν
521 1812 964 1884 καταφθείρηται
990 1813 1048 1864 τὸ
1074 1813 1166 1863 ἐπὶ
1201 1813 1302 1880 γῆς
1332 1813 1508 1880 γένος,
1541 1813 1640 1882 τὴν
1670 1813 1744 1875 ὡς
1770 1815 1826 1865 ἐν
1857 1813 1947 1865 πί-

2059 640 2128 678 ex
2152 623 2507 678 sanctiﬁcatis
2541 622 2759 692 populis
2786 622 3128 678 deferebant.
3160 623 3339 692 Atque
3384 622 3489 676 hoc
3543 635 3627 677 est
3647 664 3661 686 ,

2061 724 2120 769 ut
2145 716 2418 775 arbitror,
2464 732 2562 785 per
2596 729 2788 768 vocem
2829 714 3111 783 propheta:
3145 713 3215 768 de
3246 713 3379 783 ipsis
3409 713 3654 767 dictum:

2067 827 2084 860 ι
2131 807 2269 874 Quia
2292 807 2386 861 ﬁlii
2417 807 2582 860 alieni
2614 807 2726 860 nati
2755 814 2885 860 sunt
2909 806 3044 874 ipsis
3071 807 3133 859 ³η.
3161 824 3178 856 ι
3205 805 3478 874 Corrupto
3513 807 3663 860 enim

2058 901 2323 970 deinceps
2344 908 2533 954 sancto
2556 916 2756 970 genere
2779 901 2852 954 ob
2866 899 3316 970 conjunctionem
3339 914 3466 954 cum
3495 900 3659 964 malo,

2059 1008 2295 1061 cumque
2310 993 2424 1062 jam
2454 993 2551 1061 qui
2606 1001 2766 1045 antea
2799 992 2988 1063 animo
3035 1006 3099 1046 ac
3151 991 3401 1045 moribus
3427 991 3661 1046 disside-

2058 1084 2226 1148 bant,
2265 1084 2320 1138 in
2356 1099 2528 1137 unum
2568 1083 2932 1144 coaluissent,
2960 1083 3158 1137 merito
3199 1082 3369 1136 totius
3415 1082 3659 1145 universi
3721 1155 3726 1162 1

2056 1176 2269 1245 opifex,
2309 1176 2532 1230 lsraelis
2556 1175 2719 1230 simul
2757 1184 2814 1230 et
2844 1175 3123 1244 gentium,
3168 1175 3526 1244 omniumque
3564 1176 3660 1244 qui

2055 1268 2112 1322 in
2163 1271 2326 1322 terris
2383 1275 2571 1331 erant,
2631 1266 3064 1322 internecionem
3107 1268 3355 1336 parabat.
3409 1267 3480 1322 At
3530 1283 3661 1321 vero

2054 1359 2243 1414 innata
2275 1359 2382 1414 sibi
2423 1359 2765 1429 benignitate
2796 1359 3008 1422 victus,
3045 1374 3154 1412 non
3187 1359 3306 1427 pari
3342 1359 3448 1422 ira,
3494 1374 3658 1429 quam

2051 1461 2277 1522 peccata
2315 1467 2508 1506 eorum
2562 1452 2955 1515 merebantur,
3005 1452 3060 1505 in
3110 1467 3209 1504 eos
3257 1452 3509 1506 invectus
3552 1461 3655 1507 est.

2051 1543 2129 1596 Ne
2159 1559 2290 1597 vero
2323 1545 2638 1597 universum
2658 1544 2973 1597 mortalium
3016 1559 3190 1614 genus
3217 1542 3501 1606 interiret,
3534 1544 3654 1614 jus-

2053 1634 2403 1689 tiiicationem
2432 1651 2528 1704 per
2570 1635 2732 1689 {idem
2750 1676 2764 1699 ,
2790 1637 3285 1706 remissionemque
3315 1651 3415 1704 per
3451 1650 3652 1704 aquam

2051 1728 2492 1796 praemonstravit
2528 1744 2626 1798 per
2663 1729 2799 1783 Noe.
2847 1729 3062 1783 Idcirco
3102 1729 3281 1784 factus
3335 1739 3420 1784 est
3457 1731 3620 1783 homo
3642 1770 3656 1791 .

2061 1841 2078 1873 ι
2119 1828 2176 1876 et
2223 1837 2350 1876 cum
2392 1821 2714 1876 [nominibus
2755 1831 3115 1877 conversatus
3171 1824 3211 1853 ”
3239 1823 3592 1892 Unigeuitus.
3630 1842 3648 1872 ι

336 1921 460 1957 στει
489 1903 800 1966 δικαίωσιν,
831 1903 928 1954 καὶ
951 1902 1050 1971 τὴν
1072 1902 1136 1955 δι’
1163 1901 1351 1966 ὕδατος
1385 1901 1572 1970 ἔφεσιν
1604 1903 1945 1973 προανέδειξε

2053 1916 2196 1968 sicut
2217 1915 2486 1982 scriptum
2512 1922 2630 1978 est;
2668 1930 2834 1969 verus
2864 1915 2955 1968 ille
2977 1915 3090 1970 Noe
3112 1956 3125 1978 ,
3150 1924 3206 1970 et
3237 1915 3461 1984 quidem
3486 1915 3659 1969 veluti

333 1996 425 2051 ῖιά
456 1997 608 2049 Νῶε.
640 1995 914 2068 Ταύτῃτοι
938 1995 1162 2063 γέγονεν
1193 1993 1498 2066 ἅνθρωπος,
1541 2015 1558 2046 ι
1595 1997 1688 2048 καὶ
1714 1998 1822 2056 τοῖς
1853 1997 1948 2048 ἀν-

336 2089 590 2160 θρώποις
612 2088 1030 2159 συνανεστράςρη
1076 2090 1103 2139 ό
1131 2087 1440 2158 Μονογενὴς
1461 2127 1475 2149 ,
1517 2106 1536 2138 ι
1591 2088 1732 2141 κατά
1760 2087 1822 2139 τὸ
1847 2104 1939 2154 γεο

335 2183 695 2252 γραμμένοψ
740 2182 768 2233 ὁ
813 2180 1180 2250 ἀληθέστερος
1209 2179 1366 2233 Νῶε·
1406 2179 1500 2232 καὶ
1547 2179 1611 2251 δὴ
1661 2180 1753 2232 καὶ
1786 2180 1861 2242 ώς
1891 2180 1948 2231 ἐν

331 2273 499 2346 τύπῳ
528 2274 628 2342 τῆς
661 2274 720 2324 ἐν
749 2273 946 2342 ἀρχαῖς
982 2272 1199 2342 ἐκείνης
1258 2273 1352 2325 καὶ
1380 2271 1664 2342 διαϐοήτου
1689 2270 1945 2335 κιϐωτοῦ,

336 2365 636 2435 μονονουχὶ
681 2365 776 2416 καὶ
816 2364 1059 2434 ἐπήξατο
1094 2363 1191 2434 τὴν
1253 2363 1617 2434 Ἐκκλησίανο
1671 2365 1751 2425 είς
1787 2365 1853 2432 ἢν
1899 2366 1946 2416 οἱ

334 2455 820 2526 εἰσπεπηδηκότες
843 2495 858 2515 ,
908 2454 998 2508 τὸν
1029 2454 1410 2524 ἐπηρτημένον
1440 2452 1520 2522 τῷ
1558 2453 1749 2524 κόσμῳ
1781 2453 1948 2505 διαδι-

331 2547 675 2617 δράσκουσιν
709 2545 954 2616 ὄλεθρον.
1003 2543 1162 2597 Οῦτω
1210 2545 1302 2596 καὶ
1332 2547 1359 2596 ό
1403 2542 1688 2598 θεσπέσιος
1730 2542 1945 2606 Παῦλος

329 2639 396 2691 τὸ
444 2641 543 2690 ἐπὶ
594 2640 660 2709 τῇ
708 2635 928 2706 κιϐωτῷ
982 2637 1280 2707 μυστήριον
1329 2633 1676 2707 διερμηνεύει
1726 2634 1942 2702 λέγων’

337 2750 359 2779 ι
396 2729 597 2782 Πίστει
644 2725 1043 2800 χρηματισθεὶς
1090 2726 1212 2778 Νῶε
1243 2765 1258 2789 ,
1294 2724 1667 2778 κατεσκεύασε
1715 2725 1947 2778 κιϐωτὸν

331 2822 418 2884 εἰς
456 2819 738 2890 σωτηρίαν
774 2818 868 2870 τοῦ
918 2818 1066 2871 οἴκου
1102 2815 1288 2869 αὐτοῦ.
1333 2834 1352 2865 ›
1392 2816 1484 2879 Εἰς
1514 2817 1598 2887 ἦν,
1631 2814 1821 2886 ὥσπερ
1853 2817 1946 2870 καὶ

332 2912 554 2982 Πέτρος
582 2911 768 2980 φησιν,
806 2929 823 2960 ‹
878 2908 1081 2977 ὀλίγαι,
1129 2907 1426 2970 τουτέστιν,
1462 2906 1606 2960 ὀκτὼ
1642 2907 1830 2978 ψυχαὶ,
1861 2908 1944 2960 δι-

331 3002 637 3073 εσώθησαν
666 3001 732 3056 δι’
763 3000 978 3064 ὓδατος.
1026 3018 1045 3050 ι
1103 3000 1167 3052 Ὀ
1203 2999 1296 3052 καὶ
1345 2999 1635 3053 ἀντίτυπον
1671 3002 1817 3070 ἡμᾶς
1850 3001 1948 3054 νῦν

313 3093 512 3159 ’σώζει
567 3093 890 3164 βάπτισμα,
965 3113 984 3143 ι
1053 3092 1115 3145 οὑ
1171 3091 1379 3163 σαρκὸς
1420 3091 1682 3156 ἀπόθεσις
1736 3091 1944 3163 ῥύπου,

330 3188 482 3242 ἀλλὰ
537 3186 906 3257 συνειδήσεως
961 3184 1178 3255 ἀγαθῆς
1220 3181 1555 3254 ἐπερώτημα
1605 3185 1683 3247 εἰς
1725 3183 1877 3238 Θεόν.
1922 3202 1940 3234 ι

330 3279 480 3331 Τίνα
532 3278 598 3346 δὴ
645 3271 741 3331 οῦν
785 3276 895 3347 ἄρα
948 3275 1151 3348 τρόπον
1204 3277 1237 3346 ἡ
1299 3275 1530 3340 κιϐωτὸς
1579 3276 1943 3348 διεπήγνυτος

339 3389 360 3421 ι
382 3366 740 3440 Τριακοσίων
758 3369 1000 3438 πήχεων,
1016 3387 1033 3418 ι
1057 3368 1209 3436 φησι,
1245 3386 1260 3418 ι
1288 3367 1535 3437 ποιήσεις
1551 3367 1610 3418 τὸ
1634 3369 1807 3438 μῆκος
1840 3370 1940 3438 τῆς

331 3462 585 3516 κιϐωτοῦ
608 3502 623 3527 ,
653 3461 747 3514 καὶ
773 3457 932 3532 εὖρος
962 3460 1304 3529 πεντήκοντα
1335 3476 1347 3488 ·
1381 3459 1513 3528 ὕψος
1541 3460 1598 3513 δέ
1633 3462 1945 3532 τριάκοντα.

347 3552 745 3620 Ἐπισυνάγων
796 3553 1046 3620 ποιήσεις
1081 3550 1179 3621 τὴν
1213 3549 1446 3601 κιδωτδν
1473 3589 1487 3612 ,
1538 3552 1631 3602 καὶ
1661 3554 1739 3613 εἰς
1770 3552 1949 3623 πῆχυν

336 3645 693 3706 συντελέσεις
735 3643 906 3712 αὐτὴν
960 3641 1188 3694 ἀνωθεν.
1251 3659 1266 3688 ι
1320 3641 1442 3693 Ὅτι
1493 3640 1550 3693 δέ
1600 3641 1659 3694 τὸ
1707 3641 1948 3711 Χριστοῦ

338 3733 1077 3809 μυστήριονῦποσημηνειεν
1112 3732 1202 3792 ἂν,
1245 3734 1291 3784 εί
1316 3732 1408 3784 καὶ
1443 3731 1560 3784 λίαν
1606 3731 1945 3803 άμυδρώς,ή

331 3829 526 3882 τοιάδε
575 3826 926 3894 κατασκευὴ,
978 3826 1139 3876 παντί
1184 3842 1259 3894 τῳ
1292 3824 1461 3890 σαφὲς
1500 3823 1565 3877 ἂν
1617 3825 1824 3892 γένοιτο
1857 3827 1951 3878 καὶ

337 3920 495 3991 μάλα
531 3915 755 3990 ῥᾳδίως,
791 3915 886 3968 τοῦ
936 3913 1228 3967 θεσπεσίου
1258 3914 1474 3966 Παύλου
1507 3915 1812 3985 γράφοντος
1843 3919 1954 3979 τοῖς

331 4016 397 4067 ἐν
422 4014 613 4065 πίστει
635 4007 1101 4078 δεδικαιωμένοις,
1133 4007 1208 4070 ὡς
1242 4007 1586 4060 ἀδιάλειπτον
1621 4009 1747 4076 περὶ
1775 4008 1954 4060 αὐτῶν

333 4108 555 4158 ποιοῖτο
589 4103 688 4174 τὴν
718 4101 1036 4173 προσευχήν
1065 4115 1109 4150 ⁸(
1144 4099 1266 4151 ἰνα
1290 4098 1616 4168 ἐξισχύσωσι
1649 4099 1953 4153 καταλαϐέ-

2051 2014 2106 2068 in
2141 2014 2264 2076 typo
2291 2007 2493 2061 veteris
2520 2007 2668 2060 illius
2693 2008 2758 2060 ac
2788 2006 3163 2062 celeberrima:
3185 2023 3327 2061 arca:
3353 2007 3657 2062 Ecclesiam

2047 2097 2358 2162 exstruxit,
2403 2113 2569 2167 quam
2604 2098 2699 2168 qui
2740 2097 2973 2167 ingressi
3003 2105 3226 2161 essent,
3273 2099 3656 2153 imminentem

2049 2191 2168 2244 orbi
2209 2191 2495 2246 interitum
2522 2191 2816 2244 evitarent.
2850 2191 2929 2244 lta
2967 2191 3138 2244 etiam
3185 2191 3408 2246 divinus
3452 2191 3658 2246 Paulus

2049 2283 2374 2353 mysterium
2430 2281 2499 2336 de
2546 2297 2671 2336 arca
2714 2282 2985 2350 explicat,
3026 2282 3250 2337 dicens:
3289 2303 3307 2333 c
3357 2283 3491 2337 Fide
3543 2283 3657 2337 Noe

2051 2386 2316 2443 responso
2354 2380 2580 2442 accepto
2620 2373 2829 2442 aptavit
2873 2388 3057 2426 aream
3094 2373 3148 2426 in
3197 2373 3431 2427 salutem
3461 2373 3658 2427 domus

2051 2481 2162 2520 sua:
2191 2467 2254 2518 "‘.
2295 2485 2330 2522 ι,
2353 2465 2411 2518 ln
2443 2479 2554 2533 qua
2578 2504 2592 2528 ,
2629 2473 2692 2518 ut
2715 2462 2847 2516 alibi
2881 2464 3078 2518 Petrus
3105 2465 3273 2519 etiam
3315 2465 3423 2529 ait,
3467 2484 3486 2515 ι
3519 2481 3658 2536 pau-

2050 2575 2128 2614 cae
2147 2600 2160 2622 ,
2184 2559 2290 2614 hoc
2317 2567 2401 2613 est
2420 2598 2435 2622 ,
2460 2566 2586 2612 octo
2602 2558 2798 2612 animae
2821 2558 3044 2612 saltata:
3084 2567 3213 2613 sunt
3261 2573 3360 2628 per
3385 2575 3581 2628 aquam
3606 2577 3652 2612 τι

2050 2653 2208 2721 cujus
2253 2650 2460 2721 eﬂigies
2515 2650 2824 2720 baptismus
2864 2651 3031 2704 etiam
3078 2665 3226 2704 nunc
3281 2665 3383 2704 nos
3451 2651 3655 2714 salvat,

2057 2761 2077 2793 ι
2103 2757 2212 2796 non
2248 2742 2432 2795 carnis
2453 2740 2729 2811 depositio
2745 2742 3020 2805 sordium,
3056 2742 3150 2796 sed
3187 2741 3540 2796 conscientiae
3564 2742 3660 2795 bo-

2048 2846 2148 2886 nre-
2176 2831 2536 2901 interrogatio
2570 2831 2628 2884 in
2654 2832 2830 2885 Deum
2855 2833 2918 2885 ¹⁹.
2941 2851 2960 2881 ι
3007 2831 3256 2898 Quonam
3288 2832 3458 2902 igitur
3495 2831 3660 2885 modo

2048 2939 2180 2978 arca
2209 2932 2490 2977 exstructa
2513 2923 2639 2976 est?
2663 2941 2680 2973 ι
2707 2923 3109 2978 Trecentorum
3137 2924 3476 2988 cubitorum,
3521 2942 3542 2978 ι
3571 2923 3659 2977 in—

2048 3016 2190 3085 quit,
2203 3034 2222 3066 ι
2245 3014 2414 3070 facies
2427 3014 2830 3084 longitudinem
2855 3029 2996 3068 areae
3016 3031 3030 3080 ;
3059 3023 3117 3068 et
3131 3013 3480 3068 latitudinem
3499 3013 3662 3085 quin-

2047 3106 2345 3177 quaginta;
2371 3105 2726 3160 altitudinem
2742 3119 2876 3159 vero
2907 3105 3154 3175 triginta.
3191 3104 3472 3175 Colligens
3491 3105 3661 3160 facies

2048 3212 2251 3264 aream,
2270 3207 2324 3253 et
2345 3199 2398 3252 in
2427 3198 2676 3252 cubitum
2707 3197 3118 3253 consummahis
3145 3213 3266 3252 eam
3289 3197 3528 3268 desuper
3556 3198 3655 3250 ὀ.)

2048 3292 2205 3359 Quod
2221 3307 2352 3347 vero
2367 3291 2637 3362 ejusmodi
2657 3306 2796 3347 arex
2816 3290 3103 3345 fabricatio
3117 3289 3321 3346 Christi
3339 3290 3661 3362 mysterium

2050 3385 2351 3456 significet},
2405 3385 2567 3439 facile
2621 3385 2799 3440 cuivis
2837 3385 3188 3439 manifestum
3227 3383 3425 3446 fuerit,
3490 3383 3659 3438 Paulo

2057 3481 2128 3535 ita
2150 3479 2428 3534 scribente
2451 3478 2517 3532 ad
2570 3494 2666 3533 eos
2705 3479 2798 3548 qui
2829 3493 2928 3547 per
2966 3476 3128 3531 ﬁdem
3158 3476 3440 3546 justiﬁcati
3462 3485 3620 3530 erant
3640 3516 3657 3543 ,

2050 3589 2152 3645 pro
2169 3573 2374 3642 quibus
2409 3572 2789 3626 indesinenter
2823 3585 2881 3624 se
2904 3586 3064 3624 orare
3099 3569 3268 3634 dicit,
3307 3589 3326 3620 ι
3370 3571 3659 3640 utpossint

2052 3667 2523 3746 comprehendere
2553 3681 2678 3719 cum
2717 3664 2975 3720 omnibus
3014 3665 3222 3718 sanctis
3245 3705 3259 3728 ,
3281 3678 3402 3732 qua!
3431 3665 3504 3717 sit
3528 3664 3656 3718 lati-

2056 3761 2225 3824 tudo,
2268 3768 2325 3813 et
2362 3758 2683 3831 longitudo,
2735 3765 2792 3812 et
2814 3757 3146 3820 sublimitas,
3198 3763 3254 3812 ct
3283 3755 3652 3825 profundum;

2057 3853 2162 3924 37
2191 3853 2334 3907 scire
2364 3853 2531 3906 etiam
2565 3850 3017 3922 prmemincntem
3064 3848 3310 3903 scientia)
3331 3848 3657 3902 charitatem

2057 3945 2262 4000 Christi
2289 3946 2356 4001 ²¹.
2387 3966 2405 3998 ι

331 4196 470 4252 σθαι
509 4199 610 4250 σὺν
643 4196 779 4248 πᾶσι
810 4191 1134 4260 τοῖς-ἁγίοις
1157 4239 1170 4260 ,
1200 4191 1254 4243 τί
1282 4191 1344 4242 τὸ
1373 4191 1598 4255 πλάτος,
1632 4193 1725 4245 καὶ
1760 4194 1956 4262 μῆκος,
1997 4190 2094 4244 καὶ
2131 4188 2286 4259 ῦψο·,
2332 4190 2426 4242 καὶ
2456 4187 2641 4259 βάθος,
2685 4187 2890 4258 γνῶναί
2949 4205 3010 4242 τε
3073 4186 3171 4257 τὴν
3207 4185 3655 4258 ὑπερϐάλλουσαν

329 4294 438 4364 τῆς
473 4290 736 4362 γνώσεως
767 4285 989 4356 ἀγάπην
1017 4284 1112 4337 τοῦ
1147 4281 1408 4354 Χριστοῦ.

413 4392 491 4450 ς’.
536 4382 636 4444 Τίς
670 4375 764 4433 οὖν
802 4378 912 4450 ἄρα
944 4377 1062 4430 ἐστὶ
1110 4376 1221 4428 τῶν
1254 4375 1355 4443 τῆς
1406 4373 1642 4428 κιϐωτοῦ
1676 4374 1888 4444 μέτρων
1930 4375 1948 4426 ὁ

2131 4372 2184 4425 6.
2232 4368 2490 4435 Quwnam
2536 4367 2703 4436 igitur
2747 4374 2831 4420 est
2879 4379 3263 4420 mensurarum
3298 4379 3438 4417 arca:
3482 4363 3656 4417 ratio?

329 4480 537 4547 λόγος
568 4474 683 4542 Τῆς
723 4470 885 4538 ἁγίας
935 4469 1030 4522 καὶ
1068 4468 1360 4537 όμοουσίου
1391 4467 1645 4537 Τριάδος,
1679 4465 1812 4538 ὀρθὴ
1856 4465 1949 4518 καὶ

328 4566 696 4637 ἀπεξεσμένη
738 4563 972 4633 δήλωσις
997 4601 1011 4623 ,
1044 4562 1134 4613 καὶ
1164 4559 1263 4627 τῆς
1295 4561 1421 4628 μιᾶς
1456 4559 1718 4630 Θεότητος
1747 4559 1808 4610 τὸ
1851 4559 1950 4629 ἀρ-

329 4664 474 4726 τίως
507 4661 658 4730 ἕχον,
691 4657 787 4710 καὶ
824 4654 884 4707 τὺ
913 4656 994 4717 εἰς
1033 4655 1141 4705 πᾶν
1186 4649 1364 4704 ὁτιοῦν
1399 4649 1730 4702 παντέλειον.
1777 4650 1949 4702 Τοῦτο

331 4759 450 4827 γὰρ
483 4755 622 4825 ἡμῖν
661 4749 735 4812 ὡς
779 4747 837 4800 ἐν
881 4763 944 4815 γε
993 4746 1060 4816 δή
1107 4748 1218 4807 τοῖς
1271 4742 1657 4813 προκειμένοις
1696 4741 1949 4811 ἀριθμοῖς

330 4841 618 4913 ὑποδηλοῦ
629 4856 790 4911 μενον
813 4837 1022 4892 κατίδοι
1043 4853 1125 4898 τις
1146 4834 1232 4896 ἀν,
1261 4835 1438 4886 ἐκεῖνο
1454 4833 1632 4886 διενθυ
1641 4832 1741 4902 μού
1750 4849 1909 4902 μενος
1931 4848 1942 4860 ·

326 4939 410 5001 ὡς
447 4935 602 4987 ἐστιν
631 4931 754 4994 ἔθος
785 4933 851 4999 τῇ
869 4927 1216 4996 θεοπνεύστῳ
1243 4923 1456 4997 Γραφῇ,
1478 4926 1603 4988 τοὺς
1635 4924 1732 4995 τὴν
1762 4925 1954 4977 ἀνόπιν

327 5031 570 5100 ἔχοντας
600 5023 975 5089 ἀνακύκλησιν
993 5020 1283 5090 ἀριθμοὺς,
1309 5018 1646 5088 τελειὺτητος
1680 5016 1952 5070 ποιεῖσθαι

330 5117 637 5186 σύμϐολον.
659 5109 784 5166 υἷον
807 5112 862 5164 δέ
887 5111 949 5180 δή
969 5109 1019 5163 τί
1035 5125 1198 5180 φημι“
1221 5109 1498 5180 ἀρχομένη
1521 5108 1629 5178 γὰρ
1648 5109 1709 5159 ἐκ
1729 5109 1950 5177 πρώτης

327 5215 362 5283 ἡ
380 5207 711 5277 ἐϐδομάς,ἐν
729 5202 995 5271 Σαϐϐάτῳ
1009 5201 1413 5270 ὃιαπεραίνεται
1427 5199 1567 5252 κατὰ
1583 5197 1680 5269 τὴν
1693 5199 1950 5268 ἑϐδόμην.

328 5300 474 5357 Εἶτα
514 5299 677 5351 πάλιν
702 5293 1048 5367 ἀριθμοῦμεν
1080 5293 1178 5362 τὴν
1214 5293 1414 5362 ἐφεξῆς
1451 5291 1560 5345 ἀπὸ
1587 5291 1811 5362 πρώτης
1843 5293 1944 5360 ἀρ-

326 5395 566 5466 χόμενοι
614 5388 779 5460 μέχρι
826 5385 990 5440 πάλιν
1025 5384 1283 5455 ὲὸὂόμης.
1330 5383 1563 5454 Ὁμοίως
1597 5383 1677 5445 εἰς
1713 5381 1946 5454 ἀριθμὸν

329 5489 510 5548 ἰόντες
542 5484 634 5536 τδν
668 5482 837 5543 δέκα.
875 5477 1038 5531 πάλιν
1071 5479 1133 5528 ἐκ
1179 5475 1400 5546 πρώτης
1431 5477 1528 5546 τῆς
1560 5474 1758 5544 ἐφεξῆς
1787 5474 1948 5528 δεκά-

325 5580 422 5641 δος
458 5574 750 5648 ἀρχόμεθα
775 5589 784 5601 ·
819 5570 963 5624 κατά
985 5569 1076 5621 τὸν
1109 5568 1222 5621 ἴσον
1249 5567 1304 5619 δέ
1331 5565 1519 5619 τοῦτον
1540 5565 1740 5634 τρόπον
1769 5583 1826 5617 τε
1852 5566 1944 5617 καὶ

324 5671 516 5739 λόγον,
554 5665 908 5735 συγκείσεται
935 5662 1031 5716 καὶ
1056 5663 1083 5713 ὁ
1116 5661 1319 5723 τέλειος
1345 5661 1410 5712 ἐκ
1438 5656 1660 5711 τελείων
1687 5656 1943 5728 ἀριθμὸς,

407 5791 454 5821 ¹⁶
481 5787 629 5845 Psal.
673 5797 806 5840 xvn.
839 5781 930 5834 46.
1053 5779 1090 5809 ’⁷
1121 5776 1357 5832 Baruch.
1389 5792 1467 5838 ιιι,
1503 5775 1588 5828 38.

323 5855 367 5886 ’⁸
402 5861 614 5933 Ephes.
633 5871 713 5920 In,
761 5851 845 5905 18.

1710 5775 1750 5804 ’⁸
1794 5773 1959 5829 liehr.
2010 5789 2081 5834 ιη,
2120 5773 2171 5824 7.

2058 4462 2270 4518 Sanctae
2295 4469 2351 4515 et
2385 4459 2869 4516 consubstantialis
2896 4457 3184 4511 Trinitatis
3216 4465 3362 4509 recta
3394 4454 3651 4525 pulcher-

2058 4553 2306 4622 rimaque
2339 4550 2686 4623 signiﬁcatio,
2715 4551 2986 4619 uniusque
3012 4548 3263 4612 Deitatis,
3291 4562 3414 4617 qua:
3441 4546 3651 4615 integre

2056 4663 2114 4702 se
2143 4647 2329 4709 habet,
2362 4645 2732 4713 omnibusque
2758 4642 2938 4697 modis
2974 4639 3370 4710 perfectissima
3403 4647 3505 4694 est.
3539 4637 3652 4693 Hoc

2057 4743 2203 4796 enim
2221 4739 2453 4794 nobisin
2472 4739 2556 4791 his
2573 4735 2869 4808 propositis
2884 4733 3132 4789 numeris
3147 4733 3393 4803 signiﬁca
3403 4732 3444 4786 ri
3464 4740 3653 4801 aperte

2057 4831 2346 4901 intelliget,
2369 4829 2463 4899 qui
2489 4827 2938 4890 consideraverit,
2966 4841 3135 4880 sacrae
3162 4825 3462 4894 Scripturae
3490 4823 3649 4878 fami-

2055 4923 2194 4976 liare
2224 4937 2367 4984 esse,
2397 4936 2496 4974 eos
2529 4935 2792 4974 numeros
2814 4919 2907 4988 qui
2942 4919 2996 4971 in
3028 4933 3084 4971 se
3114 4915 3492 4979 revolvuntur,
3517 4931 3647 4984 per-

2053 5014 2309 5069 fectionis
2335 5012 2645 5085 symbolum
2676 5021 2941 5067 statuere.
2985 5008 3230 5078 Exempli
3263 5008 3436 5077 gratia
3466 5023 3478 5058 :
3519 5022 3647 5076 sep-

2055 5106 2301 5159 tenarius
2330 5118 2646 5158 numerusa
2670 5103 2850 5173 primo
2879 5101 3166 5171 incipiens,
3195 5101 3250 5153 in
3275 5099 3513 5155 Sabbato
3546 5100 3646 5154 ab-

2053 5197 2286 5250 solvitur
2329 5197 2398 5250 ad
2447 5196 2744 5267 septimum
2795 5195 2960 5248 diem.
2997 5193 3205 5248 Deinde
3254 5208 3475 5247 rursum
3513 5193 3646 5248 reli-

2053 5303 2190 5358 quos
2219 5297 2602 5356 computamus
2621 5301 2650 5338 a
2672 5284 2848 5354 primo
2879 5282 3228 5353 incipientes,
3253 5283 3320 5337 ad
3348 5283 3648 5353 septimum

2051 5394 2225 5450 usque
2252 5393 2494 5433 rursum.
2518 5378 2784 5433 Similiter
2803 5377 2870 5432 ad
2895 5377 3181 5432 denarium
3202 5392 3494 5432 numerum
3517 5391 3648 5443 pro—

2048 5471 2242 5543 gressi,
2273 5486 2491 5524 rursum
2533 5478 2852 5540 sequentem
2884 5468 3144 5524 decadem
3174 5485 3204 5523 a
3234 5468 3412 5537 prium
3441 5465 3641 5534 incipi-

2051 5579 2194 5626 mus,
2222 5569 2384 5631 atque
2411 5561 2604 5616 eadem
2642 5561 2802 5631 plane
2833 5562 3045 5616 ratione
3070 5561 3234 5616 etiam
3269 5558 3546 5629 perfectus
3573 5570 3644 5610 ex

2049 5655 2312 5726 perfectis
2344 5671 2608 5710 numerus
2634 5656 3003 5709 constituetur
3030 5671 3043 5708 :
3076 5654 3180 5708 hoc
3205 5661 3308 5713 est,
3331 5655 3554 5704 centum
3572 5660 3644 5701 ex

2293 5772 2379 5826 ¹⁹Ι
2425 5772 2569 5826 Petr.
2603 5788 2680 5835 ιη,
2736 5770 2825 5833 ‘20,
2875 5770 2963 5824 21.
3081 5769 3125 5800 ὀ
3151 5764 3289 5820 Gen.
3323 5777 3397 5826 vt,
3429 5760 3514 5825 15,
3551 5756 3639 5812 16.
