4092 6470
487 400 566 457 67
1534 393 1592 451 S.
1624 394 1903 451 CYIULLI
1942 392 2415 450 ALEXANDRIM
2458 391 2776 452 ARCHIEP.
3704 395 3773 454 68

494 516 690 571 decem
729 511 993 578 denariis,
1025 525 1244 566 rursum
1275 509 1345 565 ad
1381 508 1647 562 unitatem
1684 505 2080 561 revolutionem

2187 506 2460 573 τουτέστι,
2492 510 2521 562 ὁ
2550 509 2749 564 ἑκατὸν
2781 511 2846 563 ἑκ
2882 511 3124 566 δεκάδων
3155 513 3319 569 δέκα·
3341 511 3437 569 καὶ
3465 512 3769 583 ἀνακύκλη-

494 606 729 661 habens.
759 602 917 669 Quod
956 602 1123 674 igitur
1154 599 1304 664 dixi,
1344 598 1401 653 in
1437 597 1611 652 sacris
1648 595 1883 652 Litteris
1905 595 2088 666 perfe-

492 695 698 751 ctionis
727 694 1035 766 symbolum
1058 701 1162 757 est,
1191 690 1373 744 omnis
1396 702 1663 744 numerus
1685 688 1742 743 in
1762 698 1929 759 caput
1949 704 2088 759 quo-

498 786 792 843 dammodo
828 785 1068 848 rediens,
1102 778 1391 853 postquam
1430 781 1499 836 ad
1532 781 1953 851 wnvenientem
1985 780 2087 850 ipsi

495 891 555 938 et
574 879 902 951 praeﬁnitum
924 877 1220 933 terminum
1241 875 1575 945 pervenerit.
1607 874 1741 930 Vide
1760 875 1945 943 itaque
1965 888 2087 927 san-

488 981 598 1026 ctae
632 970 914 1025 Trinitatis
953 967 1328 1023 omnimodam
1370 966 1785 1037 perfectionem,
1821 965 1992 1021 veluti
2032 967 2087 1020 in

450 1089 456 1098 -
498 1064 677 1119 tribus
717 1062 1032 1118 cubitorum
1062 1059 1333 1115 centuriis
1372 1059 1755 1130 signiﬁcatam.
1784 1057 1910 1114 Haec
1935 1058 2082 1112 enim

486 1165 579 1212 est
618 1170 760 1216 arcae
797 1153 1104 1225 longitudo.
1143 1152 1303 1219 Quod
1329 1168 1462 1207 vero
1494 1151 1586 1216 sit,
1622 1159 1685 1205 ut
1713 1151 1787 1204 ita
1816 1149 2083 1215 dicamus,

496 1248 761 1319 perfectio
783 1247 1185 1318 perfectionum
1205 1246 1390 1301 Deitas
1409 1245 1467 1299 in
1494 1245 1724 1307 unitate,
1752 1244 1995 1299 declarat
2012 1245 2091 1300 la-

490 1342 694 1406 titudo,
728 1339 1126 1411 quinquaginta
1145 1337 1350 1394 cubitis
1385 1346 1664 1401 constans,
1696 1337 1803 1392 hoc
1836 1347 1940 1403 est,
1967 1338 2086 1394 vel-

496 1435 584 1487 uti
634 1433 689 1488 in
718 1440 928 1502 septem
949 1428 1276 1500 septenariis
1300 1426 1557 1498 adjuncta
1589 1426 1725 1497 ipsis
1752 1427 1919 1482 etiam
1960 1427 2085 1482 uni-

495 1534 640 1590 tate;
680 1524 806 1579 ideo
833 1523 981 1592 quod
1018 1537 1126 1577 una
1170 1520 1242 1576 sit
1277 1520 1507 1575 Deitatis
1545 1528 1763 1573 natura.
1806 1518 1927 1589 Ipsa
1954 1534 2086 1573 vero

490 1618 660 1673 etiam
684 1615 937 1679 altitudo,
958 1630 1070 1669 non
1090 1612 1260 1667 alium
1291 1612 1454 1667 nobis
1490 1626 1656 1681 quam
1694 1611 1843 1665 hunc
1861 1626 2083 1666 sensum

494 1709 686 1781 gignit.
710 1707 1060 1762 Terminatur
1081 1705 1232 1760 enim
1255 1704 1313 1758 in
1338 1702 1554 1759 tertiam
1581 1702 1896 1757 cubitorum
1922 1702 2083 1758 deca-

493 1803 639 1858 dem.
665 1802 724 1856 ln
755 1815 924 1854 unum
964 1813 1094 1852 vero
1120 1812 1314 1852 rursus
1348 1810 1624 1850 summum
1651 1794 1873 1849 desinit.
1905 1814 1923 1845 ι
1957 1794 2082 1849 Tri-

2193 615 2277 651 σιν
2300 596 2441 667 ἔχων
2465 598 2560 651 καὶ
2582 599 2895 671 ἀναδρομὴν
2917 600 3016 671 τὴν
3045 604 3127 666 είς
3152 603 3355 672 μονάδα
3383 604 3567 659 πάλιν.
3595 603 3775 675 ὀπερ

2190 686 2284 742 οὖν
2334 689 2494 761 ἔφην,
2534 690 2874 762 τελειότητος
2920 692 3188 765 σύμϐολον
3222 696 3376 766 παρά
3421 713 3485 766 γε
3529 698 3596 767 τῇ
3652 694 3774 768 θεία

2192 779 2417 850 Γραφῇ,
2449 781 2559 843 πᾶς
2589 780 2825 852 ἀριθμὸς
2858 784 3050 837 ἀνόπιν
3089 785 3279 858 ὥσπερ
3309 787 3403 841 ίὼν
3431 788 3571 857 μετὰ
3604 789 3664 842 τὸ
3695 789 3775 851 είς

2194 869 2368 939 πέρας
2385 870 2543 940 ἥκειν
2569 870 2634 924 τὺ
2659 872 2809 943 αὐτῷ
2837 874 3044 945 πρέπον
3072 894 3130 930 τε
3161 878 3255 931 καὶ
3279 879 3601 949 ὡρισμένον.
3632 880 3774 948 Ὅρα

2191 961 2368 1015 τοίνυν
2396 961 2498 1032 τῆς
2523 961 2683 1031 ἁγίας
2711 964 2945 1036 Τριάδος
2990 967 3051 1020 τὺ
3086 969 3401 1022 παντέλειον
3430 970 3503 1033 ὡς
3538 973 3594 1022 ὲν
3628 970 3776 1040 τρισὶ

2190 1055 2411 1125 πήχεων
2458 1056 2798 1108 ἑκατοντάσι.
2847 1056 3019 1111 Τοῦτο
3063 1059 3174 1132 γὰρ
3209 1061 3387 1131 μῆκος
3425 1065 3489 1132 τῇ
3531 1061 3769 1129 κιεωτῷ.

2192 1147 2312 1197 Ὅτι
2348 1144 2407 1198 δέ
2431 1147 2567 1209 ἐστι,
2591 1145 2657 1198 ἶν’
2683 1144 2858 1209 οὕτως
2887 1147 3153 1219 εἴπωμεν,
3193 1151 3465 1221 τελειότης
3497 1153 3772 1220 τελειοτή-

2187 1255 2295 1290 των
2324 1241 2358 1309 ἡ
2381 1238 2457 1301 ὡς
2475 1241 2534 1292 ὲν
2563 1240 2749 1309 μονάδι
2770 1239 2994 1309 Θεότης,
3017 1240 3392 1314 ὑπεμφήνειεν
3416 1244 3482 1297 ἂν
3507 1245 3568 1297 τὸ
3591 1241 3771 1315 εὖρος,

2189 1326 2247 1383 εὖ
2300 1330 2445 1400 μάλα
2481 1331 2576 1382 ἐπὶ
2600 1331 2797 1401 πήχεις
2844 1331 2920 1384 ἱὸν
2954 1335 3328 1403 πεντήκοντα·
3359 1335 3656 1399 τουτέστιν,
3696 1336 3772 1398 ὡς

2189 1423 2246 1474 ἐν
2276 1421 2568 1491 ἑϐδομάσιν
2613 1423 2755 1477 ἑπτα
2783 1426 3295 1496 προσενηνεγμένης
3322 1427 3517 1491 αὑταῖς
3548 1428 3644 1481 καὶ
3677 1444 3773 1497 μου

2187 1515 2361 1577 νάδος,
2387 1514 2476 1568 διὰ
2501 1515 2561 1568 τὸ
2586 1516 2716 1585 μίαν
2745 1511 2886 1569 εἶναι
2909 1516 3176 1587 Θεότητος
3200 1518 3384 1588 φύσιν.
3418 1520 3527 1572 Καὶ
3555 1520 3686 1573 αὐτὸ
3716 1520 3769 1573 δὲ

2186 1605 2247 1656 τὸ
2275 1604 2430 1674 ὕψος,
2453 1606 2551 1676 οὐχ
2572 1607 2766 1678 ἑτέραν
2785 1608 2918 1677 ἡμῖν
2940 1606 2973 1679 ἢ
2998 1609 3205 1680 ταύτην
3227 1611 3405 1665 ὼδίνει
3425 1611 3523 1685 τὴν
3540 1612 3765 1667 ἔννοιαν.
3800 1602 3805 1605 ’

2201 1699 2653 1768 ’Λποπεραίνεται
2685 1701 2786 1771 μὲν
2809 1703 2919 1773 γὰρ
2949 1703 3029 1765 είς
3064 1703 3285 1773 πήχεων
3316 1702 3515 1757 δεκάδα
3546 1704 3764 1775 τρίτην·

2188 1794 2267 1855 εἰς
2294 1792 2389 1845 ἕνα
2421 1792 2477 1845 δὲ
2506 1792 2569 1863 δὴ
2600 1792 2710 1846 τὸν.
2732 1794 3132 1865 ὑπερκείμενόν
3157 1811 3217 1848 τε
3256 1796 3351 1847 καὶ
3378 1796 3638 1850 ἀνωτάτω
3668 1793 3771 1849 κα-

493 1894 642 1965 ginta
683 1892 853 1957 enim,
895 1910 914 1941 ι
949 1889 1147 1958 inquit,
1186 1908 1203 1939 ι
1235 1888 1550 1943 cubitorum
1593 1885 1828 1942 altitudo
1854 1886 2028 1955 ipsius
2068 1905 2080 1940 :

2184 1884 2410 1952 ταλήγει
2452 1885 2635 1937 πάλιν.
2673 1903 2692 1936 ι
2724 1886 3031 1955 Τριάκοντα
3058 1884 3199 1956 γὰρ,
3243 1903 3261 1937 ι
3293 1888 3449 1956 φησι,
3490 1905 3509 1938 ι
3550 1889 3767 1957 πήχεων

490 1993 549 2041 et
578 1985 637 2040 in
666 1996 837 2038 unum
874 1981 1123 2036 cubitum
1152 1977 1561 2033 consummabis
1595 1992 1717 2032 eam
1752 1979 1817 2030 ".
1846 1996 1865 2029 ι
1893 1977 2081 2047 Siqui-

492 2076 616 2131 dem
637 2084 827 2147 sancta
849 2073 1092 2128 Trinitas
1114 2071 1171 2126 in
1196 2080 1308 2127 tres
1330 2071 1670 2143 hypostases,
1695 2085 1799 2125 nec
1820 2084 1930 2124 non
1956 2084 2084 2140 pro-

493 2171 738 2239 priarum
768 2180 1125 2237 personarum
1166 2164 1506 2219 diﬂ‘erentias
1535 2163 1784 2228 dilatata,
1821 2162 1877 2217 in
1917 2179 2081 2217 unam

493 2260 721 2315 Deitatis
753 2267 1008 2313 naturam
1037 2257 1405 2313 contrahitur.
1436 2255 1642 2312 Gentes
1663 2256 1811 2310 enim
1849 2255 2081 2310 deorum

492 2346 806 2415 pluralitate
839 2344 1099 2415 gaudent.
1130 2342 1241 2399 Nos
1265 2351 1449 2399 autem
1490 2344 1729 2409 Patrem,
1766 2352 1823 2399 et
1858 2344 2077 2409 Filium,

490 2445 546 2490 et
572 2434 841 2505 Spiritum
881 2443 1133 2488 sanctum
1168 2432 1224 2487 in
1269 2433 1509 2503 propriis
1549 2448 1739 2488 revera
1772 2433 2080 2505 hypostasi-

493 2532 596 2586 bus
621 2529 1040 2593 constituentes,
1073 2528 1286 2583 unitate
1324 2537 1535 2583 natura;
1564 2543 1762 2583 ornare
1791 2528 2032 2583 solemus
2063 2543 2079 2593 ;

489 2631 546 2678 et
580 2621 900 2677 substantiae
926 2619 1214 2674 identitate
1246 2628 1459 2674 tantum
1500 2633 1614 2673 non
1654 2618 1821 2675 simul
1852 2626 2042 2673 erecta
2063 2658 2079 2682 ,

490 2710 546 2766 in
582 2726 753 2765 unum
790 2710 1043 2766 cubitum
1074 2708 1291 2779 longam
1321 2715 1379 2764 et
1408 2708 1598 2774 latam,
1630 2723 1734 2764 nec
1765 2722 1878 2762 non
1914 2707 2080 2762 altam

488 2816 673 2856 arcam
706 2816 1175 2857 consummamus.
1208 2800 1393 2855 Salvat
1422 2800 1608 2870 itaque
1636 2815 1737 2855 nos
1759 2814 1859 2870 per
1878 2799 1991 2870 38
2014 2799 2081 2853 ii-

487 2890 613 2947 dem
639 2888 915 2954 Christus,
944 2899 1003 2945 et
1027 2890 1199 2945 veluti
1226 2889 1284 2949 in
1321 2899 1506 2943 arcam
1546 2890 1605 2944 in
1639 2889 1941 2944 Ecclesiam
1980 2904 2083 2945 nos

487 2981 723 3046 inducit,
746 2980 805 3036 in
838 2997 949 3051 qua
974 2979 1262 3036 constituti
1302 2980 1501 3035 mortis
1525 2988 1734 3035 metum
1761 2980 2078 3046 evademus,

485 3072 668 3128 securi
696 3088 766 3127 ne
795 3087 922 3127 cum
969 3071 1176 3126 mundo
1216 3071 1668 3127 condemnemur.
1711 3072 1907 3128 Aderit
1931 3074 2080 3128 enim

484 3163 651 3218 nobis
674 3164 861 3235 justus
885 3162 1021 3227 Noe,
1054 3162 1159 3218 hoc
1186 3170 1271 3217 est
1292 3160 1566 3217 Christus.

2183 1974 2243 2028 τὸ
2284 1972 2417 2045 ὕψος
2450 1976 2653 2045 αὐτῆςσ
2691 1977 2787 2030 καὶ
2835 1980 2914 2041 είς
2945 1978 3041 2031 ἕνα
3084 1978 3263 2049 πῆχυν
3297 1976 3635 2043 συντελέσεις
3666 1980 3767 2031 αὑ-

2181 2067 2299 2138 τήν.
2377 2087 2393 2119 ι
2456 2068 2805 2139 Εὐρυνομένη
2844 2069 2954 2139 γὰρ
2982 2069 3172 2142 ὥσπερ
3214 2071 3295 2134 είς
3326 2073 3479 2142 τρεῖς
3527 2071 3766 2125 ὑποστά-

2184 2173 2319 2211 σεων
2345 2159 2436 2212 καὶ
2460 2158 2566 2228 μὴν
2595 2161 2689 2212 καὶ
2721 2159 3029 2230 προσώπων
3063 2161 3246 2215 ἰδικῶν
3271 2162 3534 2233 διαφορὰς
3564 2164 3596 2234 ὴ
3635 2164 3764 2232 ἁγία

2183 2249 2380 2318 Τριὰς,
2412 2252 2490 2312 είς
2531 2250 2661 2319 μίαν
2692 2250 2960 2322 Θεότητος
2994 2253 3158 2305 οἱονεὶ
3186 2253 3532 2306 συστέλλεται
3580 2249 3763 2321 φύσιν.

2183 2339 2445 2409 ’Έλληνες
2477 2342 2574 2410 μὲν
2603 2341 2714 2411 γὰρ
2744 2341 2846 2413 τὴν
2876 2343 2958 2405 είς
2992 2343 3257 2397 πολύθεον
3286 2343 3556 2413 πλάνησιν
3590 2344 3766 2413 τιμῶ-

2184 2448 2267 2487 σιν
2291 2433 2431 2487 ὁδόν.
2479 2434 2671 2503 Ἡμεῖς
2716 2434 2773 2487 δὲ
2810 2436 3027 2507 Πατέρα
3049 2477 3062 2500 ,
3109 2438 3204 2490 καὶ
3238 2437 3345 2509 μὴν
3375 2439 3467 2492 καὶ
3510 2437 3635 2492 Υίὸν
3671 2439 3766 2491 καὶ

2182 2525 2336 2592 ἅγιον
2370 2524 2594 2596 Πνεῦμα
2622 2526 3107 2597 καταλογιζόμενοι
3131 2545 3192 2581 τε
3238 2529 3332 2582 καὶ
3368 2528 3609 2592 τιθέντες
3632 2528 3765 2598 ἁλη-

2182 2616 2290 2679 θῶς
2323 2618 2381 2670 ἐν
2415 2617 2778 2672 ὑποστάσεσιν
2826 2617 3041 2683 ίδικαίς,
3071 2620 3286 2692 ἑνότητι
3318 2619 3532 2691 φύσεως
3563 2629 3763 2690 στεφα-

2181 2707 2305 2761 νοῦν
2336 2707 2640 2779 εἰθίσμεθα.
2665 2711 2775 2764 Καὶ
2794 2713 2862 2781 τῇ
2890 2712 2989 2781 τῆς
3012 2712 3198 2776 οὐσίας
3218 2713 3507 2782 ταυτότητι
3531 2712 3764 2782 συνεγεί-

2184 2813 2370 2869 ροντες
2406 2800 2690 2870 μονονουχὶ
2720 2801 2814 2854 καὶ
2842 2802 2923 2865 είς
2951 2802 3047 2854 ἕνα
3075 2802 3255 2873 πῆχυν
3287 2804 3387 2874 τὴν
3421 2803 3640 2874 μακρὰν
3672 2804 3767 2857 καὶ

2183 2889 2422 2959 εὐρεῖαν,
2452 2890 2547 2943 καὶ
2574 2889 2672 2960 μέν
2701 2907 2785 2944 τοι
2814 2891 2910 2945 καὶ
2940 2891 3172 2961 ὑψηλὴν,
3206 2893 3572 2966 συντελοῦμεν
3599 2893 3767 2949 κιϐω-

2180 2980 2293 3033 τόν.
2327 2980 2623 3046 ’Λνασώζει
2670 2986 2958 3055 τοιγαροῦν
3002 2986 3152 3055 ἡμᾶς
3180 2985 3240 3038 ὲν
3278 2985 3461 3038 πίστει
3506 2986 3765 3057 Χριστὸς,

2178 3073 2277 3127 καὶ
2303 3067 2392 3127 οἷά
2414 3091 2518 3145 περ
2540 3076 2619 3138 εἰς
2644 3075 2875 3130 κιϐωτὸν
2903 3078 3257 3144 είσοικίξεται
3280 3077 3379 3149 τὴν
3416 3078 3766 3150 Ἐκκλησίαν,

2183 3164 2241 3218 ὲν
2287 3158 2321 3239 ᾖ
2360 3165 2647 3233 γεγονότες
2701 3168 3121 3241 ὑπερνηξόμεθα
3155 3158 3254 3240 μὲν
3299 3169 3395 3223 τοῦ
3438 3170 3672 3228 θανάτου
3704 3172 3767 3226 τὸ

485 3254 649 3323 δεῖμα
672 3294 687 3317 ,
737 3251 1188 3324 διαδιδράσκομεν
1231 3252 1292 3306 δὲ
1321 3252 1383 3306 τὸ
1433 3251 1966 3323 συγκατακρίνεσθαι
1999 3252 2077 3325 τῷ
2114 3254 2325 3327 κόσμῳ.
2360 3256 2619 3312 Συνέσται
2685 3260 2792 3332 γὰρ
2831 3263 2960 3333 ἡμῖν
2986 3264 3015 3316 ό
3051 3263 3258 3329 δίκαιος
3317 3268 3461 3334 Νῶε,
3519 3270 3769 3324 τουτέστι

487 3345 745 3415 Χριστός.

562 3437 615 3490 7.
643 3435 839 3506 Opera
864 3436 1101 3506 pretium
1132 3451 1261 3490 vero
1279 3451 1402 3491 esse
1424 3436 1685 3501 arbitror,
1712 3443 1969 3492 accurate
1989 3436 2076 3491 in-

2253 3436 2319 3502 C'.
2354 3435 2539 3501 ’Δξιον
2557 3435 2615 3490 δὲ
2640 3432 2794 3508 οἶμαι
2825 3438 3352 3515 πολυπραγμονῆσαι
3379 3445 3593 3510 λεπτῶς
3620 3449 3768 3513 τίνες

486 3531 713 3601 quirere
761 3529 986 3599 quinam
1017 3544 1122 3583 una
1150 3543 1277 3583 eum
1311 3527 1425 3582 Noe
1455 3542 1645 3582 arcam
1684 3527 1799 3582 sint
1828 3526 2080 3598 ingressi,

488 3631 548 3677 et
579 3621 811 3676 salutem
841 3636 941 3690 per
965 3619 1127 3674 ﬁdem
1160 3626 1217 3673 et
1240 3632 1438 3687 aquam
1460 3618 1574 3673 sint
1597 3618 1900 3704 consecuti.
1929 3616 2081 3673 Scri-

489 3721 647 3784 ptum
672 3712 839 3783 igitur
870 3720 954 3767 est
986 3732 1002 3762 ι
1026 3710 1174 3782 quod
1196 3709 1477 3781 ingressus
1489 3720 1576 3766 est
1591 3711 1706 3766 Noe
1721 3711 1779 3766 in
1794 3726 2001 3775 arcam,
2024 3718 2082 3767 et

491 3801 590 3857 lilii
625 3800 824 3871 ipsius,
844 3809 902 3856 et
934 3816 1073 3856 uxor
1100 3800 1294 3870 ipsius,
1319 3807 1377 3854 et
1410 3814 1609 3854 uxores
1642 3799 1879 3856 ﬁliorum
1910 3799 2083 3871 ipsius

492 3908 618 3948 cum
651 3892 771 3962 ipso
795 3892 862 3945 ³³.
894 3911 910 3942 ›
939 3891 1160 3946 Ιυάυτίι
1198 3898 1383 3945 autem
1417 3905 1541 3945 cum
1584 3892 1690 3956 his,
1717 3908 1787 3947 ex
1810 3893 1959 3948 omni
1984 3908 2079 3964 ge-

490 3999 622 4040 nere
664 3982 984 4037 animalium
1035 3993 1096 4039 et
1135 3982 1442 4037 volucrium
1492 3991 1701 4054 septem
1741 3983 1965 4054 quidem
2012 4001 2081 4041 ex

493 4075 734 4140 mundis,
766 4074 877 4128 duo
902 4090 1035 4129 vero
1067 4089 1135 4129 ex
1161 4074 1479 4131 immundis.
1510 4076 1587 4130 lla
1615 4076 1763 4131 enim
1794 4077 1907 4132 Deo
1935 4092 2079 4149 prm-

491 4169 675 4237 cipere
712 4167 894 4221 visum
944 4166 1070 4220 fuit.
1113 4166 1348 4221 Nomina
1388 4177 1571 4223 autem
1616 4167 1855 4223 filiorum
1905 4168 2083 4239 ipsius

492 4256 641 4320 Sem,
668 4256 863 4321 Cbam,
891 4256 1147 4325 Japbeth.
1174 4255 1571 4329 Interpretatur
1590 4276 1723 4316 vero
1747 4261 1871 4317 Sen)
1889 4261 2080 4333 planta

489 4356 547 4402 et
577 4348 860 4419 perfectus,
882 4347 1054 4402 Cham
1084 4365 1216 4404 vero
1248 4352 1699 4422 ardor;Japheth
1733 4363 1918 4408 autem
1948 4352 2078 4408 lati-

494 4439 640 4491 tudo.
681 4437 887 4493 Salvati
915 4439 1062 4494 enim
1095 4457 1286 4497 sumus
1316 4443 1373 4497 in
1402 4443 1625 4500 Christo
1649 4459 1749 4515 per
1773 4444 1959 4511 ﬁdem,
1983 4446 2078 4515 qui

490 4543 557 4582 ex
589 4528 1007 4599 imperfectione
1028 4532 1155 4587 vitm
1175 4535 1365 4605 legalis
1392 4535 1447 4589 in
1469 4536 1797 4605 evangelica:
1814 4536 1941 4590 vita:
1957 4550 2076 4605 per-

490 4618 819 4687 fectionem,
870 4623 1042 4677 veluti
1096 4624 1283 4680 tenelli
1334 4622 1557 4692 quidam
1603 4622 1845 4675 stolones
1891 4636 2082 4676 sumus

492 4712 894 4781 transplantati.
916 4712 1140 4769 idcirco
1176 4713 1345 4768 etiam
1384 4711 1607 4765 divinus
1642 4709 1814 4764 David
1857 4710 2078 4766 Iudaeo—

2182 3528 2249 3582 ἂν
2285 3530 2487 3581 νοοῑντο
2530 3529 2691 3599 τυχὸν
2724 3530 2776 3583 οἱ
2809 3529 2888 3601 τῷ
2927 3532 3052 3585 Νῶε
3102 3536 3506 3602 συνεισθὲοντες
3542 3539 3623 3602 εἰς
3667 3539 3768 3614 τὴν

2181 3619 2434 3687 κιϐωτὸν,
2463 3622 2557 3674 καὶ
2579 3622 2677 3692 τὴν
2695 3621 2782 3675 διὰ
2810 3623 3046 3688 πίστεώς
3068 3642 3127 3679 τε
3150 3629 3244 3682 καὶ
3270 3628 3461 3693 ὕδατος
3486 3632 3766 3703 σωτηρίαν

2180 3713 2682 3785 ἀποκερδαίνοντες.
2730 3714 3047 3787 Γέγραπται
3082 3717 3295 3786 τοίνυν,
3343 3721 3425 3775 ὅτι
3470 3740 3488 3773 ι
3531 3721 3763 3793 suam;

2179 3805 2303 3859 Νῶε
2334 3807 2413 3869 είς
2452 3805 2551 3876 τὴν
2582 3804 2833 3871 κιϐωτὸν,
2869 3806 2962 3859 καὶ
2999 3807 3048 3861 οἱ
3081 3811 3185 3862 υίοὶ
3215 3810 3403 3876 αὐτοῦ,
3436 3814 3531 3868 καὶ
3562 3816 3595 3886 ἡ
3627 3814 3765 3887 γυνὴ

2179 3895 2367 3960 αὐτοῦ,
2401 3897 2492 3950 καὶ
2518 3899 2574 3950 ai
2597 3900 2852 3965 γυναῖκες
2875 3898 2986 3953 τῶν
3018 3900 3149 3953 υἱῶν
3175 3903 3343 3956 αὑτοῦ
3370 3905 3487 3975 μετ’
3516 3907 3701 3962 αὑτοῦ.
3736 3930 3756 3961 ι

2179 3988 2634 4057 Συνεισκεκόμικε
2662 3987 2717 4041 δὲ
2748 3988 2981 4052 τούτοις,
3007 3991 3101 4044 καὶ
3135 3993 3242 4046 ἀπὸ
3274 3996 3475 4059 παντὸς
3497 3996 3638 4062 ζῶον
3670 3995 3762 4052 κοιλ⁵

2178 4077 2288 4132 τῶν
2333 4078 2618 4142 πετεινῶν,
2659 4079 2799 4132 ἑπτὰ
2833 4078 2933 4149 μὲν
2960 4080 3068 4133 τῶν
3102 4082 3383 4155 καθαρῶν,
3430 4088 3535 4141 ὰνὰ
3582 4088 3677 4142 δύο
3703 4087 3760 4143 δὲ

2177 4169 2287 4224 τῶν
2333 4168 2676 4240 ἀκαθάρτων.
2735 4170 2940 4224 Ἐδόκει
2986 4170 3096 4243 γὰρ
3137 4166 3242 4227 ὧδε
3299 4176 3647 4249 θεσμοθετεῖν
3682 4176 3759 4253 τῷ

2177 4258 2317 4331 Θεῷ.
2351 4260 2620 4331 Ὀνόματα
2638 4259 2694 4312 δὲ
2709 4262 2823 4324 τοῖς
2844 4264 2978 4325 υἱοῖς
2995 4262 3180 4328 αὑτοῦ,
3205 4265 3344 4337 Σὴμ,
3365 4268 3515 4340 Χὰμ,
3548 4270 3726 4340 ’Ῑάφεθ
3743 4287 3757 4300 ·

2177 4355 2593 4428 διερμηνεύεται
2621 4356 2677 4410 δὲ
2702 4360 2730 4411 ό
2760 4358 2861 4428 μὲν
2891 4358 3031 4429 Σὴμ,
3055 4361 3326 4431 φύτευμα
3362 4366 3455 4417 καὶ
3487 4367 3705 4433 τέλειοι,
3737 4383 3751 4397 '

2177 4451 2472 4514 θερμασία
2486 4447 2543 4501 δὲ
2565 4450 2593 4501 ὁ
2617 4449 2771 4517 Χὰμ,
2802 4449 2899 4501 καὶ
2912 4452 3271 4520 πλατυσμὸς
3297 4456 3325 4507 ὁ
3365 4455 3562 4523 Ἰὰφεῡ.
3582 4459 3759 4511 Σεσώ-

2181 4537 2356 4606 σμεθα
2405 4538 2515 4609 γὰρ
2553 4540 2611 4591 ὲν
2644 4539 2868 4611 Χριστῷ
2902 4542 2991 4595 διὰ
3042 4545 3280 4610 πίστεως
3326 4549 3375 4601 οἱ
3424 4549 3482 4614 ἐξ
3534 4544 3757 4617 ἀτελοῦς

2178 4625 2371 4696 ὥσπερ
2404 4628 2683 4692 πολιτείας
2724 4630 2825 4701 τῆς
2855 4634 2995 4687 κατὰ
3024 4636 3184 4707 νόμον
3213 4639 3293 4701 είς
3320 4637 3419 4711 τὴν
3449 4641 3547 4711 τῆς
3589 4642 3754 4713 εὐαγ-

2178 4715 2399 4789 γελικῆς
2427 4718 2760 4784 παιδεύσεως
2781 4725 3114 4796 τελειότητα.
3140 4728 3389 4799 καθάπερ
3410 4732 3534 4783 τινὰ
3559 4734 3755 4803 μόσχεα

492 4814 611 4853 rum
648 4803 929 4870 populum,
957 4801 1405 4874 justiﬁcationem
1431 4812 1529 4867 per
1547 4797 1827 4855 Christum
1849 4817 1956 4856 non
1976 4803 2075 4857 ad-

2182 4808 2581 4881 πεφυτευμένοι
2606 4810 2800 4867 λεπτά.
2838 4814 3132 4888 Τοιγάρτοι
3158 4819 3252 4872 καὶ
3280 4819 3309 4872 ὁ
3340 4797 3626 4885 θεσπέσιος
3648 4797 3753 4875 Ᾰακ

491 4888 801 4943 mittentem
825 4890 1095 4962 increpat,
1117 4891 1308 4945 dicens
1331 4903 1344 4939 :
1373 4905 1392 4935 ι
1413 4886 1661 4944 Dilexisti
1686 4890 1887 4946 malum
1910 4894 2084 4964 magis

490 4994 653 5048 quam
686 4979 913 5047 bonum,
951 4983 1298 5053 iniquitatem
1334 4981 1508 5051 magis
1537 4997 1700 5051 quam
1728 4983 1877 5053 loqui
1904 4986 2078 5055 tequi-

495 5071 680 5118 tatem.
718 5066 964 5121 Dilexisti
1008 5066 1194 5120 omnia
1228 5067 1393 5122 verba
1446 5070 1928 5141 prmcipitationis,
1968 5075 2078 5131 lin-

491 5171 652 5226 guam
695 5155 941 5212 dolosam
976 5157 1041 5209 “.
1084 5176 1101 5207 ι
1130 5156 1660 5228 Blasphcmaverunt
1700 5163 1847 5220 enim
1876 5166 2076 5223 intem-

492 5255 749 5316 peranter
775 5247 831 5303 in
850 5248 1071 5302 Filium.
1086 5249 1345 5317 «Idcirco,
1378 5253 1632 5324 rinquim
1658 5256 1805 5312 Deus
1824 5257 2073 5316 destruet

493 5346 545 5391 te
576 5336 631 5392 in
662 5338 826 5392 ﬁnem
851 5354 864 5390 :
886 5338 1082 5392 evellet
1101 5348 1173 5403 tc,
1213 5354 1270 5394 ct
1302 5343 1592 5415 emigrabit
1627 5354 1678 5401 te
1712 5345 1781 5402 de
1815 5348 2071 5404 taberna-

496 5428 619 5481 culo
656 5435 772 5492 tuo,
798 5437 855 5482 et
881 5427 1119 5485 radicem
1151 5432 1220 5487 de
1245 5441 1391 5489 terra
1416 5436 1717 5494 viventium
1746 5439 1814 5494 “.
1852 5459 1871 5493 ι
1899 5442 1977 5498 De
2001 5441 2072 5498 iis

494 5532 622 5573 vero
645 5519 741 5589 qui
755 5518 1198 5587 justiﬁestionem
1220 5534 1279 5581 et
1309 5526 1485 5581 vitam
1504 5528 1558 5583 in
1593 5529 1814 5587 Christo
1839 5543 2023 5589 amant
2053 5552 2066 5588 :

499 5621 520 5656 ι
557 5605 788 5662 Plantati
821 5608 876 5662 in
907 5608 1071 5667 domo
1096 5613 1334 5683 Domini,
1359 5617 1413 5672 in
1449 5619 1604 5675 atriis
1630 5620 1726 5677 Dei
1761 5625 1933 5679 nostri
1966 5623 2067 5681 ilo-

600 5782 646 5812 "
680 5780 814 5838 Cen.
845 5803 914 5853 vi,
948 5788 1031 5846 i6.
1106 5794 1149 5824 ’³
1172 5792 1309 5850 Gen.
1339 5812 1433 5861 ru,
1475 5797 1525 5851 7.

1637 5800 1842 5856 “Psal.
1875 5819 1944 5869 ιι,
1979 5805 2033 5868 5,
2077 5805 2127 5860 6.

2179 4899 2265 4954 διδ
2292 4903 2405 4965 τοῖς
2438 4903 2536 4972 μὲν
2568 4903 2677 4957 τῶν
2719 4906 2990 4960 Ἰουδαίων
3017 4908 3165 4972 λαοῖς
3195 4912 3300 4983 τὴν,
3328 4914 3387 4965 ἐν
3427 4912 3648 4985 Χριστῷ
3674 4914 3751 4967 δι-

2178 4988 2405 5043 καίωσιν
2439 4992 2499 5044 οὐ
2539 4994 2923 5064 προσιεμένοις
2962 4996 3233 5069 ἐπετίμα,
3271 5000 3443 5070 λέγων
3469 5021 3480 5034 ·
3521 5024 3541 5055 ι
3594 5006 3755 5074 Ἡγὰ-

2176 5097 2361 5150 πησας
2394 5085 2593 5138 κακίαν
2645 5086 2789 5157 ὑπὲρ
2843 5087 3216 5159 ἁγαθοσύνην·
3267 5093 3483 5148 ἀδικίαν
3521 5097 3659 5168 ὑπὲρ
3698 5097 3753 5150 τὸ

2174 5171 2402 5243 λαλῆσαι
2431 5174 2781 5249 δικαιοσύνην
2800 5193 2814 5208 ⁶
2856 5180 3152 5252 ἠγάπησας
3180 5182 3356 5236 πάντα
3396 5187 3618 5257 ῥήματα
3651 5205 3745 5241 καν

2172 5267 2538 5336 ταποντισμοῦ
2567 5308 2583 5335 ,
2636 5269 2889 5340 γλῶσσαν
2933 5272 3135 5327 δολίαν.
3186 5293 3205 5325 ι
3259 5276 3752 5350 Δεδυσερημήκασιν

2173 5356 2283 5427 γὰρ
2306 5356 2625 5423 ἀκαθέιιτως
2653 5363 2734 5423 εἰς
2755 5360 2847 5415 τόν
2875 5361 3054 5420 Υἰόν.ι
3082 5363 3182 5418 Διὰ
3207 5364 3387 5429 τοῦτο,
3428 5386 3448 5417 ι
3474 5372 3688 5438 (malva
3726 5373 3752 5423 ό

2173 5446 2307 5512 Θεὸς
2336 5447 2556 5502 καθελεῖ
2588 5467 2647 5503 σε
2687 5453 2767 5516 εἰς
2804 5452 2958 5518 τέλος
2979 5470 2990 5484 ·
3037 5457 3250 5510 ὲκτίλαι
3285 5474 3345 5510 σε
3374 5460 3469 5512 καὶ
3513 5478 3750 5530 μετανα-

2176 5543 2396 5593 στεύσαι
2428 5557 2486 5593 σε
2517 5541 2627 5595 ἀπὸ
2650 5544 3011 5616 σκηνώματός
3046 5565 3160 5615 σου,
3199 5549 3292 5603 καὶ
3319 5550 3378 5604 τὸ
3407 5551 3626 5623 ῥίζωμά
3660 5571 3752 5605 σου

2177 5630 2239 5681 ἑκ
2288 5630 2390 5700 γῆς
2429 5629 2672 5695 ζώντων.
2711 5650 2730 5687 ι
2773 5636 2908 5707 Περὶ
2936 5636 2993 5691 δὲ
3028 5639 3136 5693 τῶν
3172 5641 3536 5713 ἠγαπηκότων
3568 5649 3661 5716 τὴν
3698 5646 3758 5698 ἐν

2208 5808 2251 5838 ’⁸
2275 5808 2415 5863 Ibid.
2445 5810 2495 5863 7.
