4092 6486
281 402 351 458 σε)
1346 404 1883 465 GLAPHYRORUM‘
1915 406 1983 462 IN
2022 405 2325 463 GENESIM
2366 406 2495 464 LIB.
2539 408 2607 463 ιι.
3552 414 3619 467 '70

286 525 525 599 Χριστῷ
548 524 841 579 δικαίωσιν
872 522 970 578 καὶ
1002 521 1149 595 ζωήν
1177 541 1188 552 ·
1232 542 1249 576 ι
1293 520 1702 593 Πεφυτευμένοι
1732 522 1790 574 ἐν
1836 517 1916 590 τῷ

2032 520 2222 577 rebunt
2254 520 2321 575 ".
2363 540 2382 575 ι
2413 520 2571 588 Quod
2601 537 2731 578 vero
2763 538 2877 577 non
2902 522 3113 596 absque
3145 524 3337 581 divino
3362 526 3508 599 igne,
3535 541 3620 586 at-

286 616 430 689 (οίκῳ
459 614 700 690 Κυρίου,
729 617 789 670 ἐν
820 618 946 681 ταῖς
973 616 1168 681 αὐλαῖς
1194 615 1290 669 τοῦ
1322 614 1459 669 Θεοῦ
1493 612 1915 686 ήμῶνέξανθῆ-

290 724 512 761 σουσιν.
550 725 570 758 ι
605 703 731 759 Ὄτι
754 705 811 759 δὲ
836 706 898 758 οὐ
929 704 1055 775 δίχα
1084 703 1179 758 τοῦ
1208 703 1353 759 θείου
1380 704 1554 773 πυρὸς
1579 703 1672 757 καὶ
1696 701 1915 774 νοητοῦ,

298 803 401 855 καὶ
438 799 617 852 οἱονεὶ
642 798 745 869 τῆς
791 796 881 852 διὰ
919 796 1235 868 πνεύματος
1274 795 1581 869 θερμασίας
1610 797 1918 867 ἐνήργηκεν

290 897 376 956 είς
415 894 577 964 ἡμᾶς
606 892 708 961 τὴν
742 892 875 962 παρ’
908 890 1105 944 ἑαυτοῦ
1136 890 1300 961 χάριν
1337 893 1365 945 6
1406 889 1783 961 Ἐμμανουὴλ,
1823 908 1916 945 πι-

292 1004 358 1038 στ
382 986 577 1037 τισεται
610 984 708 1036 καὶ
745 986 774 1037 6
820 982 1113 1047 Θεσπέσιος
1149 981 1363 1044 Παῦλος
1394 998 1407 1010 ·
1451 1001 1469 1034 ι
1514 980 1605 1052 Τῷ
1634 981 1918 1052 πνεύματι

292 1077 532 1141 ζέοντας
564 1075 797 1147 ὁρᾶσθαι
839 1075 1012 1129 θέλων
1050 1076 1177 1138 τοὺς
1229 1076 1287 1128 ἐν
1338 1074 1602 1145 ἁγιασμῷ
1642 1073 1918 1143 κεκλημέ-

295 1183 448 1229 νους.
517 1184 537 1215 ι
598 1164 767 1219 Οὐδὲν
808 1164 867 1218 δὲ
899 1159 1064 1236 ⁴ἧττον
1109 1165 1260 1236 ἡμᾶς
1304 1163 1528 1234 ὲμπεδοῖ
1572 1164 1665 1217 καὶ
1692 1165 1720 1217 6
1756 1162 1920 1231 σοφὸς

309 1261 585 1329 Ἰωάννης
614 1258 794 1327 λέγων
815 1273 829 1286 ·
869 1275 889 1309 ι
931 1254 1073 1326 Ἐγὼ
1108 1257 1206 1329 μὲν
1239 1255 1486 1327 βαπτίζω
1516 1257 1660 1327 ὑμᾶς
1685 1258 1742 1309 ὲν
1767 1254 1920 1309 ὕδατι

296 1355 379 1415 είς
410 1353 718 1422 μετάνοιαν
738 1368 753 1382 ⁸
772 1352 801 1405 6
825 1351 882 1404 δὲ
908 1352 1088 1404 ὀπίσω
1120 1368 1226 1420 μου
1255 1350 1550 1423 ἐρχόμενος
1573 1349 1921 1422 ἰσχυρότερός

303 1462 409 1517 μου
434 1444 629 1496 ἐστίν·
662 1437 725 1497 οῦ
762 1441 864 1496 οὐκ
890 1444 1008 1513 εἰμὶ
1042 1441 1227 1505 ἱκανὸς
1261 1442 1331 1494 τὰ
1354 1441 1682 1511 ὑποδήματα
1719 1438 1921 1510 βαστάν

305 1551 419 1588 σαι.
462 1534 648 1596 Αὐτὸς
694 1533 841 1603 ὑμᾶς
893 1533 1153 1605 βαπτίσει
1208 1534 1268 1585 ἐν
1317 1530 1598 1603 Πνεύματι
1646 1531 1789 1601 ἁγίῳ
1826 1529 1921 1583 καὶ

302 1626 467 1698 πυρί.
513 1645 532 1676 ο
588 1623 935 1694 ’Λπέψυκται
967 1624 1065 1694 μὲν
1090 1621 1198 1693 γάρ
1221 1624 1255 1693 ἠ
1279 1621 1386 1676 τῶν
1430 1619 1700 1674 Ἰουδαίων
1728 1619 1919 1690 ἀγάπη

310 1720 401 1772 διὰ
441 1718 506 1770 τὺ
561 1736 582 1768 ι
642 1716 1030 1786 Πληθυνθῆναι
1065 1715 1165 1785 τὴν
1208 1713 1441 1784 ἀνομίαν
1476 1712 1604 1784 παρ’
1636 1712 1854 1777 αὐτοῖς,
1892 1728 1911 1765 ι

310 1811 462 1865 καθα
497 1808 842 1879 γέγραπται.
887 1806 1095 1877 Θερμοὶ
1139 1806 1196 1859 δὲ
1240 1805 1302 1875 δὴ
1350 1803 1472 1856 λίαν
1523 1803 1618 1856 καὶ
1664 1804 1801 1874 πρὸς
1857 1818 1920 1868 γε

2017 628 2127 683 que
2161 612 2523 668 intellectuali
2556 622 2614 670 et
2636 615 2807 670 veluti
2834 615 3030 671 ardore
3060 632 3158 686 per
3192 617 3470 689 spiritum,
3495 637 3620 691 gra-

2021 704 2173 769 tiam,
2207 720 2331 773 qua
2349 704 2419 760 ab
2448 706 2568 776 ipso
2601 707 2657 761 in
2690 722 2794 762 nos
2825 709 3087 771 manavit,
3119 719 3383 778 operatus
3403 713 3475 767 sit
3495 713 3623 769 Em-

2019 797 2260 861 manuel,
2286 798 2575 857 conﬁrmat
2602 798 2826 855 divinus
2853 799 3075 865 Paulus,
3096 800 3300 871 iubens
3326 819 3424 859 eos
3477 825 3494 857 ι
3525 808 3621 877 qui

2020 890 2078 946 in
2113 889 2547 946 sanctiﬁcatione
2577 892 2758 947 vocati
2799 902 2950 957 sunt,
2989 892 3267 950 ferventes
3300 897 3499 966 spiritu
3541 901 3626 955 vi-

2021 980 2140 1035 deri
2182 983 2247 1035 '7.
2291 1001 2309 1033 ι
2355 982 2512 1049 Quod
2549 982 2914 1039 nihilominus
2958 992 3193 1040 testatur
3219 986 3482 1053 Joannes,
3535 989 3624 1044 di-

2021 1089 2190 1130 cens:
2228 1093 2245 1125 (
2279 1074 2393 1145 Ego
2430 1074 2655 1144 quidem
2700 1075 2922 1145 baptizo
2949 1092 3048 1131 vos
3080 1077 3135 1131 in
3175 1094 3316 1148 aqua
3344 1079 3414 1135 ad
3441 1082 3622 1151 pceui~

2023 1167 2273 1224 tentiam.
2302 1167 2404 1236 Qui
2434 1177 2616 1222 autem
2641 1176 2765 1238 post
2795 1182 2883 1223 me
2901 1168 3074 1233 venit,
3100 1171 3382 1239 potentior
3403 1187 3491 1227 me
3513 1182 3619 1239 est,

2023 1262 2182 1331 cujus
2201 1276 2310 1315 non
2337 1275 2458 1315 sum
2490 1260 2725 1315 idoneus
2752 1268 2812 1314 ut
2836 1260 3209 1316 calceamenta
3238 1271 3472 1332 portem.
3499 1264 3621 1334 ipse

2023 1369 2122 1409 vos
2162 1352 2467 1424 baptizabit
2501 1351 2711 1422 Spiritu
2742 1362 2935 1407 sancto
2964 1363 3022 1407 et
3055 1352 3168 1422 igni
3211 1354 3276 1407 ³⁸.
3332 1374 3349 1403 ι
3388 1355 3621 1412 Refrixit

2022 1444 2169 1500 enim
2215 1445 2455 1501 cbaritas
2484 1444 2834 1511 Judtcorum,
2878 1460 2946 1500 eo
2985 1447 3132 1515 quod
3177 1464 3196 1496 ι
3245 1446 3623 1516 multiplicatae

2025 1538 2136 1594 sint
2166 1537 2484 1608 iniquitates
2512 1554 2731 1603 eorum,
2764 1557 2782 1590 ι
2810 1538 2955 1594 sicut
2983 1540 3252 1610 scriptum
3279 1549 3367 1595 est
3390 1542 3456 1594 ²”.
3488 1538 3622 1595 Fer-

2025 1639 2217 1686 ventes
2259 1638 2443 1685 autem
2481 1629 2779 1687 admodum
2812 1631 2981 1686 etiam
3021 1628 3090 1687 ad
3132 1631 3241 1686 hoc
3276 1645 3470 1687 sumus
3500 1645 3622 1688 nos.

2025 1723 2136 1793 39
2171 1723 2384 1778 Idcirco
2408 1722 2687 1777 dicimus:
2723 1744 2740 1774 ι
2780 1721 2917 1789 Quis
2940 1738 3044 1779 nos
3071 1723 3352 1793 separabit
3374 1739 3406 1777 a
3436 1722 3623 1778 chari-

2027 1824 2136 1871 tate
2165 1800 2411 1871 Christi?
2447 1814 2764 1870 tribulatio?
2795 1830 2865 1869 an
2899 1815 3191 1886 angustia?
3222 1831 3292 1869 an
3319 1814 3528 1870 fames?
3553 1829 3625 1870 an

302 1900 473 1955 τοῦτο
516 1902 704 1970 ἡμεῖς.
752 1898 1048 1968 Τοιγάρτοι
1086 1897 1301 1967 φαμέν·
1352 1916 1371 1947 ι
1411 1894 1475 1948 Τί
1508 1895 1658 1966 ἡμᾶς
1697 1894 1921 1967 χωρίσει

2032 1908 2282 1963 nuditas?
2296 1924 2364 1962 an
2381 1907 2690 1978 periculum
2703 1907 2726 1961 ?
2738 1923 2806 1962 an
2824 1876 3253 1977 persecutio’mn
3269 1906 3485 1978 giadius
3503 1906 3582 1961 ὀἳ
3598 1927 3617 1959 ι

303 1993 419 2047 ἀπὸ
458 1992 565 2061 τῆς
606 1991 830 2060 ἀγάπης
860 1989 957 2043 τοῦ
992 1987 1268 2061 Χριστοῦ;
1301 1986 1515 2057 θλίψις,
1561 1986 1593 2058 ἢ
1655 2002 1920 2054 στενοχωο

308 2084 440 2153 βίας
476 2085 511 2155 ἢ
544 2083 791 2155 λιμὸς,ἢ
824 2080 1087 2152 διωγμὸς,
1124 2080 1158 2151 ἢ
1189 2079 1491 2150 γυμνότης,
1526 2078 1557 2148 ἢ
1589 2077 1854 2141 κίνδυνος,
1887 2075 1920 2147 ἦ

310 2179 611 2251 μάχαιρα;
655 2197 674 2228 ι
713 2174 924 2228 Οὐκοῦν
951 2172 1062 2227 τῶν
1090 2172 1322 2237 ζεόντων
1351 2171 1429 2241 τῷ
1453 2169 1725 2240 πνεύματι
1755 2168 1923 2231 τύπος

308 2271 379 2324 ἃν
414 2271 635 2339 γένοιτο
658 2268 753 2320 καὶ
778 2267 922 2338 μάλα
952 2266 1131 2338 σαφὴς
1157 2266 1185 2319 6
1214 2264 1366 2337 Χᾶμ,
1392 2263 1448 2327 ὃς
1479 2266 1681 2317 νοεῖται
1709 2264 1923 2333 θερμα-

309 2363 588 2417 σία.”οτι
621 2360 677 2412 δὲ
695 2361 789 2414 καὶ
812 2362 891 2423 εἰς
915 2357 1233 2429 πλατυσμδν
1259 2356 1485 2429 καρδίας
1506 2354 1926 2427 άπενενήγμεθα.

307 2458 413 2528 τῆς
449 2460 510 2509 ἐν
542 2454 698 2525 νόμῳ
738 2453 883 2524 ζωῆς
909 2451 1010 2523 τὴν
1038 2450 1218 2520 θλίψιν
1256 2450 1623 2513 ἐκϐαίνοντες,
1667 2449 1926 2521 ὑπεμιρή-

310 2566 463 2602 νειεν
487 2547 558 2602 ἃν
575 2549 604 2600 6
624 2546 805 2618 τρίτος
824 2547 959 2616 ἡμῖν
993 2544 1195 2615 Ἱάφεθ,
1220 2545 1299 2607 είς
1325 2540 1692 2612 πλατυσμὸν
1712 2558 1929 2612 μετονο-

310 2639 658 2713 μαζόμενος.
708 2637 988 2700 Ἰουδαίοις
1031 2636 1129 2707 μὲν
1165 2636 1274 2707 γὰρ
1309 2633 1653 2707 προσεφώνει
1683 2633 1814 2697 Θεὸς
1842 2631 1930 2687 διὰ

307 2731 513 2802 φωνῆς
564 2731 796 2784 Ἥσαῖου
821 2747 834 2762 ο
872 2748 891 2780 ι
917 2726 1217 2781 Ἀκούσατε
1265 2728 1423 2798 λόγον
1474 2726 1702 2798 Κυρίου,
1738 2725 1929 2799 ἄνδρες

307 2822 711 2893 τεθλιμμένοι.
746 2821 840 2875 καὶ
873 2821 1133 2893 ἄρχοντες
1158 2819 1251 2874 τοῦ
1274 2819 1405 2874 λαοῦ
1436 2818 1533 2873 τοῦ
1557 2821 1614 2873 ὲν
1655 2820 1931 2891 Ἰερουσα-

308 2915 454 2985 λήμ*
512 2933 534 2966 ι
571 2913 688 2966 Καὶ
736 2913 935 2967 πάλιν·
980 2931 999 2963 ι
1051 2913 1271 2966 Μάθετε
1304 2910 1526 2966 ἀκούειν
1566 2910 1933 2984 στενοχωρούο

310 3025 503 3080 μενοι.
550 3026 568 3059 ι
615 3003 970 3077 Ἐκϐεϐηκὼς
1007 3004 1064 3057 δέ
1102 3006 1128 3058 6
1164 3004 1375 3069 Παῦλος
1409 3002 1507 3077 τὴν
1538 3003 1600 3056 ἐν
1627 3002 1778 3074 νόμῳ
1812 3002 1932 3056 στέ-

309 3098 491 3153 νιοσιν
544 3097 995 3170 προσπεφώνηκέ
1022 3114 1132 3149 τισι
1162 3096 1271 3150 τῶν
1302 3098 1403 3168 ήδη
1446 3094 1893 3152 πεπιστευκότων
1916 3110 1928 3124 ·

2029 2000 2215 2073 Typus
2250 2001 2420 2072 igitur
2455 2016 2646 2056 eorum
2672 2000 2765 2070 qui
2800 2000 3020 2056 fervent
3050 2001 3272 2071 spiritu,
3309 2010 3367 2057 et
3398 2001 3626 2071 quidem

2027 2091 2352 2148 manifestus
2392 2091 2711 2157 admodum,
2739 2091 2909 2147 fuerit
2938 2090 3133 2157 Cbam,
3162 2092 3258 2161 qui
3292 2091 3619 2162 interpretav

2026 2180 2139 2246 tur,
2173 2184 2366 2255 fervor.
2396 2182 2553 2251 Quod
2589 2198 2723 2239 vero
2754 2183 2922 2239 etiam
2957 2184 3012 2237 in
3047 2183 3325 2239 laxitatem
3356 2183 3471 2239 sive
3505 2185 3626 2241 lati-

2030 2274 2277 2330 tudinem
2313 2273 2748 2329 cordisdeducti
2788 2274 2984 2340 simus,
3015 2273 3367 2330 aﬁlictionem
3395 2274 3521 2331 vitae
3551 2276 3631 2331 le—

2041 2368 2180 2440 galis
2193 2366 2422 2438 egressi,
2445 2366 2642 2429 tertius
2671 2367 2836 2422 nobis
2860 2366 3098 2437 Japbeth
3112 2374 3303 2436 aperte
3324 2367 3624 2438 signiﬁcat,

2028 2460 2123 2530 qui
2151 2458 2452 2515 latitudinis
2491 2473 2797 2529 cognomen
2824 2460 3058 2529 accepit.
3082 2458 3301 2515 Judmos
3323 2458 3527 2513 etenim
3550 2457 3631 2512 al—

2032 2549 2247 2605 locutus
2285 2546 2369 2604 est
2407 2551 2555 2605 Deus
2580 2564 2680 2619 per
2702 2564 2894 2605 vocem
2931 2550 3215 2620 prophetae
3241 2549 3394 2605 Isaiae
3420 2567 3433 2603 :
3468 2568 3486 2600 ι
3515 2547 3633 2604 Au-

2006 2639 2144 2695 ‘dite
2172 2654 2487 2695 sermonem
2516 2639 2757 2705 Domini,
2785 2639 2891 2694 viri
2919 2640 3127 2706 amicti,
3150 2650 3207 2695 et
3234 2639 3514 2710 principes
3530 2655 3628 2710 po-

2030 2735 2148 2805 puli
2182 2733 2239 2788 in
2262 2734 2570 2791 Jerusalem
2600 2733 2699 2787 ".o
2729 2734 2798 2788 Et
2823 2750 3044 2789 rursum
3072 2752 3085 2788 :
3116 2753 3135 2786 ι
3178 2733 3384 2790 Discite
3410 2733 3630 2797 audire,

2032 2826 2329 2898 angustiati
2371 2827 2436 2880 ³³.
2473 2845 2492 2878 ι
2520 2826 2725 2881 Paulus
2756 2835 2941 2881 autem
2983 2841 3111 2881 cum
3143 2825 3246 2881 bas
3274 2825 3416 2896 legis
3457 2841 3635 2896 angu-

2033 2921 2167 2977 stias
2197 2918 2494 2983 evasisset,
2540 2918 2873 2990 quibusdam
2909 2933 3135 2983 eorum,
3175 2917 3272 2988 qui
3313 2919 3425 2989 jam
3470 2916 3634 2973 ﬁdem

2032 3012 2271 3084 amplexi
2306 3019 2486 3075 erant,
2516 3010 2591 3066 ita
2612 3011 2726 3066 ait:
2758 3029 2776 3061 ι
2815 3009 2891 3065 Os
2915 3019 3167 3064 nostrum
3190 3018 3343 3078 patet
3361 3009 3431 3064 ad
3456 3022 3573 3072 vos,
3601 3023 3637 3063 ο

2033 3103 2331 3168 Corinthii,
2367 3118 2463 3157 cor
2488 3086 2740 3157 nostrum
2765 3101 3061 3161 dilatatum
3081 3108 3186 3155 est.
3216 3100 3334 3154 Non
3359 3098 3639 3170 angustia.

316 3214 337 3244 ι
371 3193 451 3245 '[6
483 3192 666 3261 στόμα
711 3190 869 3261 ἡμῶν
902 3189 1111 3260 ἀνέῳγε
1161 3188 1295 3259 πρὸς
1323 3190 1493 3260 ὑμᾶς,
1534 3186 1830 3259 Κορίνθιοι.
1868 3185 1930 3241 Ἦ

2036 3197 2171 3252 mini
2197 3197 2256 3253 in
2280 3197 2481 3257 nobis):
2503 3194 2896 3267 angustiamini
2919 3201 3105 3248 autem
3135 3193 3192 3248 in
3214 3190 3521 3247 visceribus
3548 3205 3640 3245 ve-

310 3285 528 3358 καρεία
561 3282 721 3355 ἡμῶν
740 3282 1087 3337 πεπλάτὋται
1109 3301 1121 3313 ’
1146 3282 1205 3335 οὗ
1242 3279 1667 3352 στενοχωρεῖσθε
1695 3281 1753 3332 ἐν
1776 3280 1931 3351 ἡμῖν.

313 3375 775 3447 Στενοχωρεῖσθε
811 3374 869 3428 δὲ
917 3377 974 3427 ἐν
1014 3377 1127 3437 τοῖς
1158 3374 1493 3444 σπλάγχνοις
1524 3370 1701 3442 ὑμῶν.
1736 3371 1848 3444 Τὴν
1878 3370 1935 3424 δὲ

314 3470 503 3539 αὐτὴν
532 3466 908 3537 ἀντιμισθίαν,
941 3465 1016 3527 ὡς
1046 3465 1260 3529 τέκνοις
1283 3464 1450 3534 λέγω,
1480 3462 1821 3537 πλατύνθητε
1843 3463 1939 3517 καὶ

317 3563 514 3633 ὑμεῖς,
555 3559 650 3632 Μὴ
677 3559 896 3628 γίνεσθε
924 3558 1379 3630 ἑτεροζυγοῦντες
1409 3557 1681 3617 ἀπίστοις.
1710 3576 1729 3609 ι
1775 3557 1938 3610 Ἠκο-

317 3652 563 3707 λούθουν
591 3651 704 3722 γάρ
731 3652 811 3702 ἔτι
840 3652 958 3713 τοῖς
1010 3649 1282 3703 Ἰουδαίων
1316 3647 1619 3717 ἐντάλμασι
1638 3689 1654 3712 ,
1683 3648 1777 3701 καὶ
1815 3649 1941 3701 ἀνο-

320 3748 517 3817 νήτοις
572 3741 1024 3805 είκαιοϐουλίαις.
1067 3741 1277 3795 Ψάλλει
1325 3740 1383 3793 δέ
1408 3726 1535 3793 ’που
1577 3739 1673 3793 καὶ
1705 3741 1734 3792 ὀ
1775 3737 1941 3792 Δαϐὶδ

323 3840 471 3911 πρὸς
505 3837 605 3892 τὶν
645 3834 758 3889 τῶν
800 3835 949 3890 ὅλων
981 3834 1213 3905 Σωτῆρα
1243 3833 1503 3904 Χριστὸν,
1544 3832 1619 3898 ὡς
1665 3833 1729 3886 ἐκ
1767 3848 1942 3906 προσ-

324 3932 488 3986 ώπου
524 3931 623 3985 τοῦ
654 3931 777 3983 νέου
802 3928 935 3983 λαοῦ
971 3928 1066 3983 καὶ
1086 3928 1144 3979 ἐν
1171 3925 1394 3997 Χριστῷ
1416 3943 1428 3956 υ
1466 3945 1483 3977 ι
1539 3924 1684 3979 Ὀδδν
1712 3923 1942 3979 ἐντολῶν

324 4044 428 4080 σου
476 4025 744 4096 ἔδραμον,
788 4023 917 4075 ὅταν
967 4019 1276 4082 ἐπλάτυνας
1311 4018 1408 4090 τὴν
1459 4017 1686 4089 καρδίαν
1736 4034 1859 4089 μου.
1918 4036 1937 4068 ι

326 4116 702 4172 Πεπλάτνται
724 4113 839 4185 γὰρ
863 4112 1024 4184 ἡμῶν
1055 4112 1083 4164 6
1111 4109 1236 4174 νοῦς
1263 4112 1344 4172 είς
1366 4110 1584 4178 σοφίαν,
1616 4108 1943 4180 ἐνηυλισμέ-

327 4226 424 4263 νου
467 4226 526 4261 τε
576 4207 672 4260 καὶ
716 4204 1003 4277 ᾠκηκὸτος
1043 4205 1100 4256 ἐν
1143 4204 1262 4265 ταῖς
1307 4200 1568 4255 ἁπάντων
1611 4200 1813 4271 ψυχαῖς
1857 4199 1944 4254 διὰ

326 4301 662 4371 πνεύματος
700 4297 797 4351 τοῦ
850 4294 1226 4370 Ἐμμανουήλ.
1273 4292 1481 4347 Τοιοίδε
1519 4293 1617 4366 μὲν
1657 4288 1750 4347 οῦν
1794 4295 1843 4346 oi
1888 4295 1946 4347 ἐν

324 4392 563 4462 Χριστῷ
593 4388 684 4444 διὰ
714 4390 977 4452 πίστεως.

399 4492 480 4559 η’.
505 4484 631 4538 Ὀτι
660 4482 718 4535 δὲ
740 4480 970 4550 πλείστη
1002 4478 1100 4550 μὲν
1126 4479 1160 4550 ὴ
1187 4474 1297 4531 τῶν
1314 4478 1370 4529 ἐν
1388 4475 1567 4529 πίστει
1590 4473 1948 4545 δεδικαιωμέ-

2037 3290 2191 3348 stris.
2236 3289 2501 3347 Eamdem
2547 3298 2733 3344 autem
2782 3286 3055 3342 habentes
3101 3283 3636 3346 remunerationem.

2039 3394 2300 3455 tanquam
2328 3382 2456 3438 ﬁliis
2495 3381 2642 3446 dico,
2685 3379 2992 3435 dilatamini
3022 3387 3079 3432 et
3099 3391 3218 3431 vos.
3242 3375 3423 3431 Nolite
3448 3375 3640 3446 iugum

2038 3476 2244 3532 ducere
2272 3490 2398 3529 cum
2426 3471 2746 3528 inﬁdelibus
2766 3470 2833 3523 ³³.
2864 3488 2882 3521 ι
2915 3465 3359 3538 Acquiescebant
3375 3464 3522 3520 enim
3545 3463 3642 3518 ad-

2040 3563 2152 3619 huc
2174 3542 2490 3620 Judmorum
2511 3559 2821 3632 praceptis,
2844 3566 2902 3613 et
2926 3555 3268 3627 infrugiferis
3289 3553 3638 3624 vauiloquiis.

2040 3656 2213 3713 David
2248 3664 2432 3711 autem
2473 3652 2608 3709 alibi
2641 3652 2714 3707 ita
2748 3650 2817 3706 ad
2862 3651 3251 3705 universorum
3299 3646 3641 3713 Salvatorem

2040 3748 2321 3805 Christum
2374 3745 2553 3808 canit,
2590 3742 2762 3798 veluti
2810 3757 2881 3796 ex
2914 3755 3152 3811 persona
3197 3740 3329 3796 novi
3372 3753 3437 3795 ac
3475 3737 3641 3796 Chri-

2041 3840 2205 3897 stiani
2230 3838 2456 3910 populi:
2491 3856 2507 3888 ι
2538 3837 2693 3907 Viam
2719 3833 3106 3888 mandatorum
3139 3840 3360 3888 tuorum
3394 3830 3642 3895 cucurri,

2042 3932 2264 4005 quando
2310 3930 2548 3987 dilatasti
2593 3945 2690 3983 cor
2720 3942 2906 3982 meum
2944 3927 3010 3980 ".
3061 3944 3079 3977 ι
3106 3923 3455 3995 Ampliﬁcata
3492 3922 3642 3978 enim

2043 4043 2107 4083 ac
2140 4026 2365 4081 dilatata
2400 4031 2485 4079 est
2516 4037 2673 4078 mens
2722 4014 2913 4074 nostra
2943 4018 3013 4074 ad
3053 4016 3379 4087 sapientiam
3421 4013 3643 4068 inhabi-

2046 4126 2194 4173 tante
2233 4115 2289 4169 in
2316 4112 2564 4168 omnium
2597 4109 2799 4165 animis
2822 4123 2920 4179 per
2958 4106 3236 4176 spiritum,
3260 4100 3641 4158 Emmanuele.

2046 4206 2400 4278 Ejuscemodi
2452 4204 2622 4275 igitur
2645 4210 2775 4257 sunt
2801 4200 2840 4255 ii
2869 4199 2966 4270 qui
3017 4198 3075 4252 in
3120 4196 3341 4252 Christo
3390 4200 3522 4249 sunt
3547 4208 3647 4262 per

2049 4298 2236 4352 ﬁdem.

2122 4477 2173 4532 8.
2213 4474 2370 4543 Quod
2415 4483 2598 4530 autem
2630 4473 2890 4541 frequens
2916 4466 3213 4522 admodum
3247 4464 3319 4519 sit
3350 4460 3645 4534 purissima

327 4553 445 4633 νων
495 4572 874 4646 καθαρωτάτη
904 4570 1141 4643 πληθὺς,
1187 4573 1356 4645 μείων
1396 4586 1459 4640 γε
1495 4570 1603 4642 μὴν
1633 4571 1665 4637 ἠ
1696 4564 1757 4633 ἐξ
1816 4566 1916 4620 Ἰου

2055 4585 2249 4628 eorum
2298 4569 2394 4640 qui
2452 4583 2550 4638 per
2609 4564 2774 4619 ﬁdem
2815 4558 3100 4633 iustiﬁcati
3155 4563 3285 4613 sunt
3326 4553 3644 4617 multitudo,

327 4671 531 4732 δαίων.
573 4666 848 4738 ἁναμάθοι
878 4681 962 4728 τις
982 4664 1047 4718 ἂν
1078 4663 1328 4717 ἐντεῦθεν
1359 4661 1616 4735 ἀμογητί.
1648 4659 1820 4713 Ἑπτὰ
1851 4660 1948 4730 μὲν

329 4766 451 4835 γάρ
505 4763 569 4815 ἐν
609 4763 676 4831 τῇ
711 4756 933 4829 κιϐωτῷ
962 4757 1033 4811 τὰ
1074 4757 1138 4810 ἐκ
1168 4755 1276 4809 τῶν
1309 4742 1565 4828 καθαρῶν
1596 4753 1946 4823 είσκεκόμικε

329 4854 524 4920 ζώων,
562 4852 671 4905 ἀνὰ
703 4850 798 4903 δύο
825 4849 881 4901 δὲ
915 4843 982 4902 αὖ
1041 4847 1108 4900 τὰ
1143 4846 1208 4899 ἐκ
1245 4846 1355 4899 τῶν
1396 4842 1745 4915 ἀκαθάρτων·
1789 4858 1949 4894 τουτ-

330 4948 480 5007 έστι.
509 4944 622 4998 τῶν
654 4941 1024 5014 κυριοκτὸνων
1069 4937 1360 4992 Ἰουδαίων.
1399 4957 1416 4989 ι
1454 4936 1728 4990 Σέσωσται
1759 4935 1869 5006 γὰρ
1891 4934 1952 4989 τὸ

2056 4664 2236 4719 minor
2260 4678 2393 4717 vero
2423 4660 2773 4721 Judaeorum,
2816 4655 2974 4711 facile
3015 4653 3141 4725 quis
3188 4652 3318 4707 hinc
3358 4649 3646 4721 intelligat.

2056 4757 2278 4828 Septem
2306 4755 2452 4808 enim
2477 4754 2531 4808 in
2553 4767 2737 4806 arcam
2760 4766 2824 4805 ex
2853 4748 3075 4819 mundis
3098 4745 3341 4802 immissa
3366 4751 3515 4807 sunt,
3538 4740 3650 4797 duo

2056 4859 2241 4905 autem
2272 4865 2340 4904 ex
2379 4845 2697 4910 immundis,
2744 4846 2849 4899 hoc
2886 4853 2991 4906 est,
3024 4840 3241 4897 Domini
3277 4834 3645 4893 interfectori-

2056 4944 2160 4999 bus
2189 4940 2414 4999 Judmis.
2448 4960 2466 4991 ‹
2500 4937 2676 4993 Salva:
2703 4936 2851 4991 enim
2883 4933 3040 4988 facta:
3076 4937 3206 4986 sunt
3236 4926 3481 4996 reliquias
3515 4924 3583 4991 ⁸⁸,
3620 4944 3644 4978 ι

330 5038 726 5106 κατάλειμμα,
763 5054 783 5085 ›
818 5033 963 5087 κατὰ
989 5033 1089 5102 τὴν
1134 5031 1228 5084 τοῦ
1256 5030 1534 5101 προφήτου
1568 5032 1770 5099 φωνήν.
1809 5027 1926 5097 Ilii}

2048 5040 2206 5111 juxta
2234 5032 2517 5106 prophetae
2536 5040 2749 5085 vocem.
2772 5027 3041 5082 Praeterea
3064 5019 3211 5092 quod
3237 5016 3501 5088 temporis
3524 5030 3655 5086 pro-

329 5130 420 5184 ὄτι
480 5127 629 5181 κατὰ
668 5127 899 5197 καιροὺς
951 5122 1359 5177 ἁπανίστασθαί
1411 5138 1470 5173 τε
1524 5121 1620 5174 καὶ
1657 5120 1929 5191 ἀποξοιτᾷ

2056 5142 2246 5201 gressu
2291 5141 2323 5180 a
2370 5123 2478 5179 ﬁde
2524 5117 2824 5177 discessuri
2871 5114 3251 5183 defecturique
3291 5117 3479 5165 essent
3510 5123 3652 5162 non-

330 5223 435 5293 τῆς
472 5220 720 5283 πίστεως
743 5217 973 5290 ἔμελλόν
995 5234 1141 5281 τινες
1172 5215 1284 5271 τῶν
1316 5215 1376 5280 ἐξ
1420 5213 1651 5285 αἵματος
1718 5213 1930 5285 Ἰσραὴλ

2055 5198 2193 5275 nulli
2224 5233 2291 5273 ex
2319 5214 2586 5286 sanguine
2623 5210 2812 5275 Israel,
2844 5221 3066 5262 rursum
3113 5203 3341 5276 ﬁgurate
3372 5198 3655 5272 signiﬁca-

332 5315 639 5373 ὐπετύπον
688 5315 872 5368 πάλιν.
911 5333 930 5366 ε
979 5309 1295 5366 Ἀπέστειλε
1350 5308 1480 5381 γὰρ,
1525 5327 1543 5359 ι
1598 5308 1784 5379 φησὶν,
1827 5326 1845 5358 ι
1892 5308 1930 5359 ἐς

2060 5310 2159 5365 vit.
2199 5328 2217 5360 ι
2251 5306 2449 5362 Emisit
2477 5304 2648 5367 enim,
2696 5322 2714 5354 ι
2750 5301 2953 5372 inquit,
2997 5318 3014 5351 ι
3046 5313 3115 5353 ex
3141 5312 3267 5353 arca
3298 5309 3548 5359 corvum,
3585 5292 3653 5346 ad

329 5411 433 5481 τῆς
476 5405 724 5462 κιϐωτοῦ
753 5407 847 5460 τὸν
896 5408 1112 5476 κόρακα
1143 5404 1269 5457 ἰδεῖν
1304 5404 1353 5456 εἰ
1387 5398 1663 5455 κεκόπακε
1690 5398 1750 5452 τὸ
1783 5396 1929 5469 ὓδωρ

2062 5399 2363 5457 videndum
2396 5398 2442 5453 si
2474 5403 2743 5453 cessasset
2787 5408 2950 5464 aqua;
2983 5390 3074 5446 ille
3111 5405 3248 5445 vero
3289 5404 3402 5444 non
3446 5396 3531 5441 est
3565 5400 3655 5438 re-

331 5507 361 5558 6
382 5504 443 5558 6}.
483 5503 587 5574 οὐχ
612 5499 985 5572 ὑπέστρεψεν.
1019 5517 1038 5550 ι
1058 5494 1350 5566 Ἐνεπνίγη
1381 5492 1461 5560 δὲ,
1487 5488 1665 5564 οἶμαι,
1685 5495 1795 5556 τοῖς
1825 5491 1930 5545 ὖδα

2063 5507 2258 5547 versus
2277 5489 2343 5543 ⁸⁸.
2376 5509 2393 5540 ι
2422 5487 2755 5543 Submersus
2775 5494 2958 5540 autem
2980 5492 3084 5547 est,
3108 5490 3170 5537 ut
3188 5482 3450 5543 arbitror,
3475 5474 3652 5545 aquis,
3706 5520 3711 5523 .

334 5615 445 5660 σιν,
483 5594 727 5669 ἕρεισμά
750 5611 812 5646 τε
843 5593 940 5646 καὶ
983 5590 1173 5644 στάσιν
1192 5588 1293 5658 οὐχ
1319 5582 1594 5659 εὑρηκὼς.
1625 5585 1834 5639 Οὐκοῦν
1897 5601 1930 5637 τ

2067 5582 2161 5639 ubi
2185 5580 2513 5636 subsisteret
2538 5594 2648 5634 non
2677 5576 2984 5632 inveniens.
3010 5573 3281 5643 Quocirca
3307 5586 3338 5625 a
3370 5567 3478 5623 ﬁde
3499 5564 3658 5621 Chri-

410 5744 455 5777 ³⁵
475 5738 628 5798 Psal.
656 5752 767 5802 ιρι,
798 5733 887 5787 14.
963 5727 1076 5802 ξτ-ιι
1096 5727 1289 5802 Thess.
1328 5743 1389 5791 ιι,
1434 5725 1543 5802 ίῖίὶΔ
1565 5725 1726 5802 [iam1
1754 5724 1930 5802 {tinnit

2041 5723 2085 5754 ἐ
2115 5720 2308 5802 ιιςιιξιι-
2452 5718 2539 5802 υ,
2563 5714 2652 5802 ιιι

534 5784 940 5866 ii'isii'iiv’m,
972 5799 1059 5875 ili.
1136 5798 1182 5831 ³³
1216 5800 1319 5855 lsa.
1343 5784 1568 5862 Livys.
1684 5796 1728 5827 ³³
1754 5795 1800 5849 ιι
1836 5784 1975 5875 Cor.
2008 5810 2082 5859 vl,
2123 5790 2315 5847 ll-M.
2392 5790 2435 5821 "
2462 5789 2605 5844 Psal.
2642 5801 2824 5851 cxvm,
2853 5784 2941 5839 2‘2.

357 5832 453 5871 ἣν.
534 5832 576 5843 ’⁸
604 5832 711 5866 153.
746 5832 940 5863 Alunt,
978 5832 1059 5854 μιν.

343 5902 417 5951 ιι,
448 5884 543 5939 ‘27.
626 5880 672 5911 ³⁸
700 5879 844 5935 Gen.
877 5871 1068 5937 vm,6.

2754 5715 2800 5747 ¹⁹
2824 5713 2965 5770 Psal.
2990 5728 3078 5775 xv,
3110 5709 3196 5764 M.
3273 5704 3320 5737 ⁸⁸
3347 5702 3519 5775 [ime
3537 5716 3654 5768 vm,

3055 5771 3100 5813 "
3126 5780 3230 5836 lsa.
3261 5790 3317 5842 ι,
3350 5771 3460 5838 22;
3488 5772 3643 5828 Rcui.
