4092 6468
514 302 593 400 ῖιι
830 356 837 361 -
1538 334 1593 399 ε.
1634 331 1910 390 CYRILLI
1949 332 2423 409 ALsxasjnnm
2453 333 2775 411 suamne.
3588 366 3595 371 .
3732 324 3799 378 τε

526 455 598 511 sti
648 452 954 507 desciscere
1008 456 1176 519 atque
1230 448 1457 502 alienari
1510 446 1691 502 omnis
1740 445 1999 501 interitus
2039 456 2123 501 est

2239 448 2324 519 τῆς
2359 448 2593 512 πίστεως
2619 422 2978 519 ἀπολισοῆσαι
3029 445 3121 501 τοῦ
3157 445 3393 514 Χριστοῦ
3446 447 3540 500 καὶ
3600 448 3799 501 ἀπονο-

530 557 714 598 causa.
742 538 822 595 Ita
849 539 1013 595 etiam
1038 537 1236 592 beatus
1259 536 1461 590 Paulus
1492 535 1561 589 iis
1584 534 1675 605 qui
1706 545 1828 604 post
1848 520 2008 588 ﬁdem
2032 551 2116 589 ac-

532 642 744 704 ceptam
780 632 836 686 in
858 630 978 701 lege
1004 626 1231 699 perfecti
1257 635 1437 689 erant,
1461 628 1555 681 aut
1581 624 1785 696 alioqui
1810 625 2124 682 existimant

2231 537 2544 609 σφίζεσθαι,
2580 539 2795 603 πάντως
2836 536 3093 611 πρόξενον
3143 536 3436 600 ἀπωλείας.
3477 536 3630 590 Οὕτω
3656 540 3747 591 καὶ
3772 540 3799 592 6

2226 627 2495 703 μακᾲριος
2543 626 2757 691 Παῦλος
2787 628 2899 690 τοῖς
2936 627 3073 699 μετὰ
3111 625 3206 697 τὴν
3242 625 3423 679 πίστιν
3451 627 3509 679 ἐν
3538 627 3689 697 νόμῳ
3717 645 3801 679 τε·

533 741 590 779 se
615 726 728 778 fore
762 723 1034 795 perfectos
1062 739 1074 773 :
1107 738 1124 771 ι
1155 719 1413 775 Evacuati
1448 718 1601 785 estis,
1631 739 1648 772 ι
1683 719 1879 789 inquit,
1908 714 2016 791 40
2042 739 2058 769 ι
2093 737 2123 774 a

2239 717 2576 790 LatoupévOtc,
2597 716 2763 788 ἤγουν
2796 716 3056 788 οὶηθεϊσιν
3091 716 3306 770 ἔσεσθαι
3340 716 3589 781 τελείοις,
3619 735 3637 767 ι
3664 718 3803 787 Kartg

531 815 783 879 Christo,
823 812 916 882 qui
945 812 1000 865 in
1036 811 1155 879 lege
1184 808 1585 879 justiticamini,
1621 824 1652 863 a
1680 810 1850 879 gratia
1886 808 2122 863 excidis-

535 903 624 958 tis.
647 903 757 958 Nos
778 903 924 957 enim
946 899 1141 970 spiritu
1173 913 1243 954 ex
1275 896 1380 951 ﬁde
1408 913 1562 969 spem
1585 898 1813 970 justitiae
1837 907 2122 968 exspecta-

534 1011 658 1050 mus
679 995 745 1049 ".
776 1014 795 1047 ι
828 992 1219 1048 Animadverte
1249 1000 1434 1045 autem
1466 1006 1574 1061 quo
1596 1002 1756 1062 pacto
1785 1008 1850 1045 cx
1884 992 2123 1045 immun-

536 1087 622 1141 dis
664 1085 982 1140 volucribus
1015 1098 1216 1139 corvus
1255 1081 1501 1138 defector
1541 1082 1727 1138 fuerit.
1767 1068 1937 1138 Erant
1976 1085 2122 1139 enim

538 1178 787 1232 nonnulli
804 1192 872 1231 ex
890 1174 1095 1231 ludatis
1140 1175 1232 1245 qui
1254 1183 1379 1245 post
1390 1174 1834 1245 justiﬁcationem
1856 1190 1955 1244 per
1970 1173 2127 1229 Chri-

537 1279 683 1325 stum
711 1275 990 1339 acceptam
1028 1267 1096 1322 ad
1126 1268 1267 1339 legis
1291 1268 1516 1322 umbras
1540 1267 1812 1321 redibant.
1847 1267 1923 1322 Ac
1961 1267 2028 1322 de
2059 1268 2126 1324 iis

539 1362 783 1432 quidem,
808 1368 869 1414 ut
888 1360 1147 1425 arbitror,
1167 1361 1386 1429 sapiens
1400 1359 1639 1414 Joannes
1661 1357 1888 1413 scribit:
1922 1377 1939 1409 ‹
1967 1357 2012 1413 Α
2030 1374 2128 1412 no—

539 1450 627 1505 bis
657 1449 864 1520 egressi
904 1457 1059 1513 sunt,
1093 1449 1187 1503 sed
1224 1464 1335 1502 non
1381 1456 1541 1502 erant
1578 1463 1645 1502 ex
1689 1446 1866 1501 nobis.
1906 1446 2042 1501 Nam
2081 1446 2126 1501 si

538 1541 773 1595 fuissent
788 1555 853 1593 ex
870 1539 1051 1604 nobis,
1066 1539 1495 1611 permansissent
1510 1540 1697 1609 utique
1712 1538 1995 1593 nobiscum
2016 1539 2078 1593 ⁸⁸.
2101 1558 2118 1591 ι

540 1631 767 1685 Dicente
797 1638 979 1685 autem
1001 1630 1166 1685 etiam
1190 1629 1398 1700 Spiritu
1422 1629 1705 1683 manifeste
1748 1629 1891 1698 quod
1922 1649 1938 1675 ι
1970 1629 2022 1683 in
2047 1630 2127 1683 ul-

541 1721 690 1776 timis
712 1722 1057 1791 temporibus
1077 1720 1335 1776 deﬁcient
1362 1721 1585 1792 quidam
1616 1736 1647 1775 a
1680 1720 1807 1786 ﬁde,
1835 1722 2127 1776 attenden-

2224 808 2531 878 ηργήθητε,
2562 807 2806 877 sensim:
2849 804 2957 859 ἀπὸ
2981 805 3238 876 Χριστοῦ,
3257 805 3452 869 οἵτινες
3472 807 3529 858 ἐν
3548 804 3697 877 νόμῳ
3718 805 3799 860 6t-

2224 898 2503 962 καιοῦσθε,
2551 898 2648 970 τῆς
2677 899 2895 968 χάριτος
2948 894 3262 962 ἐξεπέσατε·
3293 899 3451 967 ἡμεῖς
3488 899 3594 966 γὰρ
3638 896 3789 950 πνεύ-

2227 1010 2355 1063 ματι
2384 993 2446 1045 ἐκ
2472 992 2707 1054 πίστεως
2739 990 2929 1043 ἐλπίδα
2958 988 3299 1061 δικαιοσύνης
3333 988 3793 1060 ἀπεκδεχόμεθα.»

2228 1083 2419 1155 Ἀθρει
2455 1082 2512 1136 δέ
2542 1083 2691 1145 ὅπως
2724 1082 2788 1134 ἐκ
2829 1081 2939 1135 τῶν
2985 1081 3309 1153 ἀκαθάρτων
3340 1080 3559 1152 πτηνῶν
3585 1081 3612 1133 6
3636 1081 3804 1152 κόραξ

2225 1174 2559 1246 ἀποστάτης.
2604 1169 2786 1226 ἾΙσαν
2811 1173 2920 1243 γὰρ
2953 1172 3012 1236 ἐξ
3061 1173 3330 1227 Ἰουδαίων
3361 1173 3409 1224 οἱ
3447 1173 3586 1242 μετὰ
3618 1172 3715 1243 τὴν
3744 1174 3802 1226 ἐν

2226 1264 2449 1337 Χριστῷ
2479 1264 2764 1320 δικαίωσιν
2792 1263 2984 1318 ἀνύτειν
3018 1265 3188 1328 ἰόντες
3222 1266 3316 1318 ἐπὶ
3347 1264 3447 1327 τὰς
3496 1262 3590 1316 τοῦ
3638 1264 3802 1333 νόμου

2228 1358 2406 1421 σκιάς.
2428 1357 2538 1411 Kal.
2550 1373 2616 1409 πε
2627 1355 2679 1427 pl.
2692 1351 3048 1426 αὑτῶν,οῐμαί
3068 1372 3190 1417 που,
3211 1355 3299 1407 καὶ
3316 1357 3344 1408 ὁ
3361 1354 3522 1424 σοφὸς
3554 1355 3805 1427 Ἰωάννης

2228 1451 2427 1520 γράφει
2453 1466 2463 1478 ·
2491 1469 2510 1498 ι
2547 1446 2637 1511 Ἐξ
2659 1445 2814 1516 ἡμῶν
2843 1445 3087 1515 ἐξῆλθον,
3111 1446 3224 1498 ἀλλ’
3251 1448 3349 1499 οὐκ
3374 1442 3516 1517 ἦσαν
3538 1447 3597 1512 ἐξ
3624 1449 3801 1518 ήμῶν·

2230 1541 2277 1592 εἰ
2305 1539 2413 1611 γὰρ
2435 1533 2575 1611 ἦσαν
2606 1538 2665 1604 ἐξ
2689 1538 2867 1608 ἡμῶν,
2895 1537 3278 1609 μεμενήκεισαν
3302 1536 3369 1591 ἂν
3405 1537 3525 1607 μεθ’
3566 1538 3741 1608 ήμῶν.
3780 1558 3799 1591 ι

2228 1632 2491 1697 Λέγοντος
2529 1627 2586 1681 δέ
2627 1627 2845 1682 καὶτοῦ
2891 1628 3208 1699 Πνεύματος
3241 1629 3505 1700 ἐναργῶς,
3540 1631 3623 1684 ὅτι
3667 1650 3685 1682 ι
3718 1630 3807 1685 Ἐν

2232 1720 2479 1790 ὑστέροις
2495 1721 2699 1791 καιροῖς
2717 1718 3118 1791 ἀποστήσονταί
3135 1734 3278 1783 τινες
3291 1720 3388 1789 τῆς
3408 1720 3807 1791 πίστεως,προ-

542 1818 627 1867 tes
659 1811 944 1881 spiritibus
971 1811 1180 1865 erroris
1201 1811 1246 1842 ³⁹
1282 1827 1296 1876 ;
1331 1829 1349 1861 ι
1379 1811 1504 1865 vide
1532 1810 1699 1864 etiam
1728 1811 1891 1880 hujus
1911 1810 1989 1864 rei
2014 1825 2132 1865 ma-

2239 1810 2483 1880 σέχοντες
2499 1809 2769 1881 πνεύμασι
2786 1809 3030 1876 πλάνοις,
3044 1811 3170 1881 »ὅρα
3195 1812 3287 1865 καὶ
3303 1811 3455 1863 τοῦδε
3479 1810 3625 1881 σαφῆ
3643 1811 3811 1864 τύπον

541 1901 801 1957 nifestum
830 1910 1020 1974 typum
1058 1917 1160 1972 per
1196 1901 1311 1958 Noe
1347 1902 1572 1956 factum.
1604 1901 1801 1956 Emisit
1832 1902 1978 1956 enim
2016 1902 2130 1971 pri-

2239 1903 2317 1957 Βιὰ
2337 1902 2459 1956 Νῶε
2481 1903 2867 1974 γεγενημένον.
2906 1902 3214 1957 Ἀπέστειλε
3249 1902 3349 1973 μέν
3374 1903 3482 1973 γὰρ
3504 1901 3729 1973 πρώτην
3752 1919 3811 1956 τι

543 2006 687 2049 mam
719 2009 783 2049 ac
811 1992 1446 2048 secundam’eolumbam
1469 1993 1845 2062 speculaturas
1869 1992 2134 2062 quodam-

2239 1992 2329 2046 καὶ
2355 1993 2614 2064 δευτέραν
2638 1993 2967 2063 περιστερὰν
3005 1993 3511 2063 κατασκεψομένας,
3545 1991 3737 2064 ὥσπερ
3764 1995 3814 2046 ει

545 2083 710 2137 modo
749 2097 817 2136 an
860 2082 1201 2137 subsedisset
1253 2082 1541 2137 diluvium.
1586 2083 1681 2137 Hae
1732 2097 1864 2137 vero
1899 2098 2134 2139 reversa:

543 2181 693 2238 sunt,
723 2173 897 2229 veluti
932 2174 989 2228 in
1029 2186 1256 2229 caveam
1288 2175 1344 2228 in
1378 2189 1580 2239 arcam,
1619 2173 1857 2229 habente
1890 2190 1998 2229 una
2042 2190 2127 2228 ra-

546 2279 697 2317 mum
728 2268 785 2317 in
827 2280 922 2319 ore
950 2278 1071 2328 suo,
1098 2264 1243 2318 sicut
1275 2264 1541 2333 scriptum
1573 2273 1657 2319 est
1684 2266 1752 2328 “,
1788 2266 1946 2319 oliva:
1973 2264 2135 2319 nimi-

543 2372 691 2412 rum.
724 2357 1070 2411 Emittuntur
1099 2356 1248 2411 enim
1277 2356 1449 2410 sancti
1487 2373 1516 2410 a
1543 2355 1764 2412 Christo
1799 2359 2133 2428 speculaturi

549 2451 836 2516 mundum,
856 2451 1075 2520 quique
1104 2451 1160 2505 in
1188 2464 1256 2504 eo
1291 2458 1441 2505 sunt.
1475 2450 1728 2506 Redeunt
1752 2459 1932 2505 autem
1965 2452 2134 2506 veluti

547 2544 836 2614 loquentes
870 2556 1083 2612 pacem.
1120 2542 1236 2596 Hoc
1261 2542 1411 2596 enim
1447 2542 1690 2596 arbitror
1723 2543 1947 2613 oblique
1972 2543 2137 2614 signi-

551 2632 712 2688 lleare
735 2647 947 2687 ramum
967 2632 1124 2686 olive
1145 2631 1201 2684 in
1228 2646 1321 2686 ore
1342 2630 1629 2687 columbae.
1653 2632 1807 2686 Oliva
1826 2634 1975 2687 enim
1996 2649 2138 2688 sem-

548 2741 650 2794 per
676 2735 762 2780 est
791 2724 1097 2796 symbolum
1133 2723 1302 2793 pacis.
1327 2722 1410 2778 Pii
1437 2722 1658 2793 quidem
1682 2724 1847 2797 igitur
1867 2726 2133 2796 suntqui,

549 2826 647 2887 per
692 2815 855 2871 ﬁdem
886 2817 1136 2888 purgati,
1173 2825 1231 2871 et
1266 2816 1437 2871 veluti
1469 2817 1526 2883 in
1563 2816 1983 2871 mansuetudine
2013 2819 2139 2873 vitae

549 2906 875 2976 evangelica:
896 2921 925 2960 ε
950 2906 1062 2961 Deo
1085 2905 1284 2961 delecti
1311 2914 1458 2961 sunt.
1481 2904 1751 2961 Caeterum
1779 2905 1925 2976 quod
1958 2922 2026 2962 ex
2054 2907 2138 2977 ip-

548 3000 625 3053 sis
656 3000 823 3053 etiam
857 2998 1109 3053 nonnulii
1135 2998 1191 3053 in
1228 2999 1439 3054 ultimis
1479 2999 1851 3069 temporibus,
1883 3007 1944 3054 ut
1977 3000 2140 3055 modo

549 3090 685 3155 dixi,
713 3091 822 3145 sint
849 3089 1143 3155 defecturi,
1166 3098 1329 3161 typus
1350 3091 1451 3145 iste
1482 3089 1744 3145 declarat.
1775 3088 1960 3146 Tertia
1990 3092 2137 3147 enim

544 3191 714 3253 atque
744 3182 938 3237 ultima
966 3182 1206 3236 mittitur
1237 3180 1511 3247 columba,
1544 3196 1727 3252 neque
1761 3181 1838 3236 illi
1861 3196 2007 3238 cura:
2037 3183 2141 3240 fuit

552 3273 784 3337 reditus,
810 3272 1076 3326 remansit
1097 3271 1265 3326 enim.
1295 3291 1312 3323 ι
1341 3270 1668 3339 Quiescente
1699 3281 1880 3328 autem
1907 3272 2136 3339 diluvio,

553 3363 801 3419 subsedit
827 3378 951 3417 arca
987 3378 1154 3433 super
1182 3371 1398 3418 montes
1423 3364 1629 3418 Ararad
1657 3364 1724 3429 δι,
1763 3384 1780 3416 ι
1805 3380 1943 3434 quos
1973 3365 2142 3419 inter-

552 3453 861 3525 pretaberis
886 3448 1243 3507 testimonium
1278 3454 1590 3508 descensus.
1630 3453 1844 3509 Excelsi
1896 3454 2042 3508 enim
2079 3468 2144 3508 ac

550 3544 722 3598 veluti
757 3543 812 3597 in
859 3545 1140 3598 montibus
1184 3542 1471 3598 constituti
1512 3550 1673 3608 sunt,
1708 3542 1783 3595 ob
1816 3542 2142 3612 evangelica:

550 3635 681 3690 vita
717 3635 1135 3700 sublimitatem,
1159 3636 1252 3704 qui
1285 3635 1342 3688 in
1369 3633 1591 3689 Christo
1615 3648 1713 3703 per
1736 3631 1919 3697 ﬁdem,
1946 3649 2140 3703 super-

554 3742 722 3793 num,
777 3727 1035 3797 quodque
1084 3742 1151 3780 ex
1197 3727 1339 3781 cmlo
1389 3725 1676 3780 descendit
1726 3723 1824 3779 Dei
1864 3723 2140 3787 Verbum,

553 3817 739 3873 ubivis
767 3826 1037 3873 terrarum
1072 3815 1372 3887 praedicant
1396 3834 1408 3869 :
1435 3815 1639 3885 quibus
1668 3813 1783 3886 ipse
1808 3815 1974 3869 etiam
1998 3813 2143 3869 Deus

556 3907 835 3971 inclamat,
868 3922 966 3978 per
987 3921 1179 3961 vocem
1214 3906 1494 3977 prophetae
1534 3922 1547 3957 ε
1580 3924 1597 3955 ι
1631 3904 1765 3960 Sitis
1792 3903 1926 3958 mibi
1953 3912 2142 3968 testes,

556 4003 613 4051 et
643 4011 743 4068 ego
775 3998 963 4063 testis,
1002 3997 1140 4052 dicit
1187 3996 1455 4051 Dominus
1497 3995 1674 4061 Deus,
1712 4004 1768 4051 et
1805 4012 1944 4066 puer
1978 4011 2140 4068 quem

557 4086 696 4158 elegi
719 4087 787 4141 ι’.
819 4106 837 4139 ι
869 4086 1173 4143 Sublimior
1192 4086 1376 4155 itaque
1399 4094 1478 4140 est
1505 4087 1739 4142 terrenis
1756 4088 1923 4142 rebus
1950 4102 2141 4143 eorum

557 4178 652 4248 qui
681 4179 735 4233 in
768 4178 986 4235 Christo
1018 4184 1146 4232 sunt
1171 4177 1361 4249 gloria.

2233 2087 2291 2138 ἐν
2322 2083 2575 2154 ὑφιζήσει
2601 2083 2821 2152 γέγονεν
2841 2085 2868 2137 6
2898 2083 3301 2153 κατακλυσμός.
3332 2084 3398 2136 Δί
3427 2083 3483 2136 δὲ
3514 2085 3815 2155 ὑπενόστη-

2237 2191 2336 2228 σαν
2359 2173 2434 2238 ὡς
2461 2175 2542 2236 εἰς
2589 2174 2786 2227 καλιὰν
2822 2175 2902 2238 είς
2935 2174 3036 2244 τὴν
3086 2173 3339 2239 κιϐωτὸν,
3391 2175 3486 2228 καί
3526 2192 3578 2227 τι
3603 2175 3816 2247 κάρφος

2236 2266 2467 2338 ἐχούσης
2493 2268 2622 2338 μιᾶς
2648 2267 2705 2319 ἐν
2724 2265 2803 2337 τῷ
2827 2265 3058 2337 στόματι
3092 2266 3283 2338 αὐτῆς,
3310 2265 3450 2319 καθὰ
3478 2267 3812 2339 γέγραπται,

2237 2358 2394 2421 θαλὸς
2419 2358 2473 2411 δέ
2508 2358 2664 2411 τοῦτο
2700 2357 2882 2421 ἐλαίας
2906 2354 2994 2430 ἦν.
3031 2357 3477 2412 ’Λποστέλλονται
3510 2359 3612 2429 μὲν
3640 2359 3748 2431 γὰρ
3767 2361 3815 2413 οι

2238 2449 2382 2518 ἅγιοι
2413 2450 2563 2520 παρὰ
2596 2449 2833 2520 Χριστοῦ
2862 2451 3330 2521 κατασκεψόμενοί
3361 2468 3419 2503 τε
3454 2453 3547 2505 τὸν
3590 2454 3815 2523 κόσμον,

2237 2540 2332 2591 καὶ
2358 2538 2483 2601 τοὺς
2514 2539 2571 2589 ἐν
2598 2536 2767 2607 αὐτῷ.
2810 2538 3197 2593 Ὑπονοστοῦσι
3233 2539 3288 2593 δέ
3314 2539 3503 2611 ὥσπερ
3531 2540 3819 2603 λαλοῦντες

2238 2631 2479 2700 εἰρήνην.
2513 2629 2675 2685 Τουτὶ
2699 2631 2807 2701 γὰρ
2831 2626 2986 2702 οἶμαι
3030 2631 3270 2699 πλαγίως
3314 2632 3617 2703 ὑποδηλοῦν
3645 2632 3707 2686 τὸ
3762 2633 3819 2686 ἐν

2241 2723 2468 2792 στόματι
2494 2723 2705 2778 κεῖσθαι
2721 2725 2821 2794 τῆς
2844 2727 3173 2798 περιστερᾶς
3198 2725 3288 2778 τὸν
3303 2728 3402 2796 τῆς
3437 2725 3622 2790 ἐλαίας
3639 2725 3817 2780 ϐαλόν.

2240 2814 2516 2884 Σύμϐολον
2537 2814 2646 2888 γὰρ
2671 2817 2892 2889 εἰρήνης
2931 2818 3019 2872 ἀεί
3058 2815 3173 2881 πώς
3201 2819 3315 2871 ἐστι
3348 2817 3410 2871 τὸ
3450 2817 3639 2887 φυτόν.
3663 2816 3820 2871 Φιλό-

2241 2904 2353 2957 οεοι
2405 2904 2503 2975 μὲν
2557 2902 2652 2963 οὖν
2704 2907 2754 2958 oi
2814 2907 2995 2961 πίστει
3050 2906 3477 2980 κεκαθαρμένοι.
3525 2910 3623 2961 καὶ
3658 2907 3734 2972 ὡς
3764 2908 3822 2960 ἐν

2244 2997 2508 3067 πραότητι
2541 2996 2817 3063 πολιτείας
2841 2997 3224 3070 εὐαγγελικῆς,
3258 2998 3546 3054 ἀπόλεκτοι
3574 3000 3658 3069 τῷ
3684 2996 3821 3070 Θεῷ.

2242 3088 2408 3159 Πλὴν,
2439 3090 2521 3143 ὅτι
2548 3091 2640 3145 καὶ
2663 3089 2723 3156 ἐξ
2752 3088 2933 3144 αὐτῶν
2962 3092 3369 3161 ἀποστήσονταί
3393 3108 3539 3156 τινες
3562 3094 3627 3147 ἐν
3658 3092 3824 3163 ἐσχά-

2239 3197 2352 3245 τοις
2384 3183 2611 3251 καιροῖς,
2659 3182 2907 3255 καθάπερ
2943 3184 3079 3255 ἔφην
3111 3183 3336 3256 ἀρτίως,
3384 3185 3685 3256 ἐμφήνειεν
3708 3183 3774 3241 ἂν
3799 3186 3827 3238 6

2238 3273 2427 3338 τύπος.
2457 3275 2629 3346 Τρίτη
2655 3274 2764 3346 γὰρ
2804 3278 2897 3331 καὶ
2942 3278 3228 3331 τελευταία
3260 3278 3539 3347 πέμπεται
3572 3286 3827 3347 περιστεο

2243 3363 2334 3435 ρὰ,
2368 3365 2464 3418 καὶ
2493 3366 2593 3418 οὐκ
2624 3364 2861 3436 ἐμελέτα
2875 3367 2973 3438 τὴν
3006 3367 3369 3438 ὑποστροφήν.
3410 3366 3823 3438 ’Δπομεμένηκε

2241 3453 2368 3526 γάρ.
2401 3472 2419 3504 ι
2452 3453 2922 3525 ’Υπολοιρήσαντος
2946 3456 3003 3509 δὲ
3028 3455 3121 3509 τοῦ
3168 3455 3577 3525 κατακλυσμοῦ,
3608 3456 3823 3511 κεκάοιο

2245 3562 2340 3598 κεν
2374 3549 2408 3617 ἡ
2435 3545 2665 3610 κιϐωτός
2701 3546 2793 3600 ἐπὶ⁵
2822 3548 2890 3599 τὰ
2920 3548 3021 3619 ὅρη
3065 3548 3324 3618 ’Δραρὰῃ
3357 3566 3375 3598 ι
3410 3546 3446 3601 ἃ
3467 3546 3818 3620 διερμηνεύε-

2241 3653 2331 3689 ται
2359 3637 2654 3707 μαρτυρία
2675 3635 3077 3704 καταϐάσεως.
3116 3636 3341 3708 ’Υψηλοὶ
3381 3636 3488 3707 γὰρ
3510 3636 3702 3709 ὥσπερ
3730 3637 3823 3689 καὶ

2240 3727 2401 3780 οἱονεί
2422 3745 2538 3790 πως
2573 3730 2628 3780 ἐν
2651 3727 2802 3800 ὄρεσι
2829 3728 2917 3783 διὰ
2947 3728 3007 3783 τὸ
3032 3731 3130 3801 τῆς
3166 3727 3528 3799 εὐαγγελικῆς
3553 3728 3821 3791 πολιτείας

2242 3816 2699 3890 ὑπερανεστηκὸς,
2727 3820 2776 3871 oi
2812 3821 2868 3871 ἐν
2897 3820 3115 3891 Χριστῷ
3137 3808 3225 3875 διᾶ
3244 3818 3824 3882 πίστεως.τὸνᾶνωθεν

2243 3909 2337 3961 καὶ
2368 3907 2427 3974 ἐξ
2444 3910 2671 3981 οὐρανοῦ
2690 3909 3101 3981 καταϐεϐηκότα
3127 3911 3261 3965 Θεὸν
3295 3912 3485 3979 Λόγον,
3524 3915 3638 3975 τοῖς
3659 3912 3825 3964 ἀπαν-

2240 4001 2381 4070 ταχῆ
2412 4000 2792 4071 κηρύττοντες,
2825 3996 2905 4065 οἷς
2932 4002 3024 4055 καὶ
3059 4002 3219 4065 αὐτὸς
3266 4001 3533 4070 ἐπεφώνει
3580 4001 3712 4064 Θεὸς
3738 4000 3823 4054 διὰ
3922 4028 3930 4043 ›

2245 4092 2522 4163 προφήτου
2556 4094 2757 4162 φωνῆς·
2798 4111 2815 4143 ι
2855 4092 3074 4146 Γίνεσθε
3120 4109 3209 4163 μοι
3260 4092 3558 4165 μάρτυρες,
3594 4092 3688 4146 καὶ
3716 4088 3824 4160 ἐγὼ

2247 4183 2478 4254 μάρτυς,
2515 4183 2659 4253 λέγει
2688 4183 2892 4254 Κύριος
2916 4186 2944 4238 6
2973 4183 3125 4249 Θεόςο
3162 4185 3255 4237 καὶ
3283 4187 3311 4239 6
3339 4187 3469 4248 παῖς
3495 4184 3557 4239 δν
3585 4183 3825 4252 ἐξελεξά-

2247 4290 2375 4344 μην.
2414 4293 2432 4326 ι
2483 4273 2763 4345 Ἀνωτέρω
2782 4274 2846 4346 δὴ
2866 4272 2959 4328 οὖν
2978 4275 3078 4345 τῆς
3108 4278 3165 4329 ἐν
3197 4274 3387 4347 κόσμῳ
3417 4275 3826 4349 χθαμαλότητος

2242 4366 2352 4419 τῶν
2384 4368 2443 4418 ἐν
2468 4365 2688 4438 Χριστῷ
2716 4368 2782 4421 τὰ
2802 4368 3119 4440 αὐχήματα.

632 4477 688 4535 9.
705 4476 859 4545 Quod
879 4485 1063 4532 autem
1082 4490 1329 4531 summus
1345 4474 1510 4530 etiam
1530 4471 1779 4528 Pontifex
1794 4471 1955 4526 nobis
1968 4470 2136 4524 factus

2320 4453 2386 4508 θ’.
2416 4455 2610 4524 Γέγονε
2640 4456 2696 4509 δὲ
2740 4456 2823 4510 ὅτι
2856 4457 2950 4510 καὶ
2978 4454 3303 4527 Ἀρχιεριῦς
3322 4457 3408 4527 ἐφ’
3443 4458 3589 4529 ἡμᾶς
3633 4457 3662 4510 6
3699 4452 3825 4527 Ἐμμ-

556 4570 631 4627 sit
664 4569 1017 4634 Emmanuel,
1074 4583 1174 4637 per
1227 4574 1491 4643 quem‘et
1538 4578 1816 4618 accessum
1855 4561 1999 4615 nacti
2049 4577 2143 4616 su-

561 4677 683 4715 mus
720 4660 786 4715 ad
819 4660 1039 4715 Patrem
1081 4673 1145 4712 ac
1180 4658 1386 4719 Deum,
1427 4654 1781 4722 innovatique
1816 4660 1872 4706 et
1914 4652 2147 4722 pristino

559 4751 725 4807 statui
759 4749 1032 4813 restituti,
1058 4747 1261 4802 abolita
1286 4744 1702 4807 maledictione,
1744 4758 1865 4812 quae
1900 4758 1930 4796 a
1968 4743 2147 4812 primo

559 4851 787 4913 parente
826 4841 881 4895 in
918 4855 1023 4894 nos
1054 4844 1351 4907 prepagata
1389 4842 1527 4898 erat,
1550 4849 1616 4888 ex
1647 4833 1714 4888 iis
1735 4850 1855 4904 qua:
1887 4833 2147 4905 deinceps

559 4932 760 5002 scripta
798 4938 953 4994 sunt,
985 4926 1381 4983 animadverte.
1402 4924 1506 4997 41
1539 4944 1557 4975 ‹
1587 4925 1879 4995 Postquam
1913 4925 2093 4990 enim,
2122 4946 2139 4976 ι

562 5023 768 5092 inquit,
807 5042 824 5071 ‹
854 5021 1054 5075 siccata
1075 5029 1161 5076 est
1180 5027 1346 5083 terra,
1368 5033 1621 5089 egressus
1634 5026 1715 5073 cst
1730 5018 1843 5073 Noe
1864 5033 2068 5081 arcam,
2091 5028 2147 5073 et

560 5130 753 5168 omnes
772 5112 864 5183 qui
889 5128 1014 5168 cum
1038 5112 1155 5183 ipso
1174 5118 1354 5175 erant,
1379 5120 1431 5165 et
1453 5109 1681 5173 erexit,»
1718 5108 1948 5177 inquit;
1974 5109 2147 5162 altare

562 5206 707 5260 Deo:
735 5213 790 5258 et
812 5203 1022 5273 accepit
1049 5219 1115 5257 ex
1136 5201 1394 5256 omnibus
1420 5198 1749 5255 animalibus
1770 5198 2011 5261 mundis,
2048 5196 2147 5251 ob-

564 5295 796 5364 tulitque
814 5294 1131 5348 holocausta
1152 5291 1537 5361 superaltarem
1551 5286 1887 5342 Etodoratus
1903 5292 2005 5348 est,
2028 5304 2047 5339 ι
2064 5284 2148 5338 in-

564 5387 703 5455 quit,
739 5403 757 5435 ι
781 5384 1044 5439 Dominus
1069 5383 1292 5439 odorem
1313 5381 1617 5444 suavitatis,
1648 5385 1703 5433 et
1732 5375 2147 5435 dixitDominus

566 5474 729 5538 Deus,
793 5475 1102 5545 recogitans
1130 5491 1142 5527 :
1166 5474 1285 5535 Non
1322 5472 1519 5529 addam
1557 5469 1795 5540 amplius
1818 5467 2147 5522 maledicere

565 5570 723 5619 terrm
751 5574 972 5635 propter
1006 5578 1169 5634 opera
1201 5562 1488 5618 hominum
1521 5558 1585 5611 ι’.
1625 5576 1643 5608 ι
1672 5557 1740 5611 Ει
1776 5553 1940 5625 paulo
1964 5560 2086 5624 post
2126 5568 2142 5604 :

2251 4543 2513 4617 μανουὴλ,
2541 4544 2608 4599 δι’
2639 4540 2701 4601 οὗ
2734 4547 2829 4599 καὶ
2843 4547 2940 4616 τὴν
2968 4548 3336 4619 προσαγωγὴν
3360 4548 3678 4620 ἐσχήκαμεν
3695 4544 3829 4618 πρὸς

2244 4634 2335 4688 τὸν
2361 4635 2580 4707 Πατέρα
2613 4637 2707 4690 καὶ
2734 4637 2887 4700 Θεὸν,
2918 4640 3009 4692 καὶ
3039 4640 3497 4713 ἁνεκαινίσθημεν
3524 4645 3661 4713 πρὸς
3688 4638 3749 4694 τὸ
3772 4639 3830 4691 ἐν

2246 4726 2462 4797 ἀρχαῖς,
2509 4727 2806 4800 λελυμένης
2858 4729 2961 4802 τῆς
3006 4732 3166 4803 ἀρᾶς.
3224 4732 3323 4803 τῆς
3373 4734 3465 4787 ἐπὶ
3498 4732 3577 4805 τῷ
3617 4747 3826 4806 rapa/rev

2248 4817 2473 4888 πλάστῳ
2500 4836 2572 4889 φη
2583 4820 2664 4889 μὶ,
2694 4821 2795 4891 δρα
2822 4821 2886 4893 δὴ
2928 4828 3041 4888 τοῖς
3068 4823 3270 4895 ἐφεξῆς
3298 4825 3707 4899 γεγραμμένοις
3730 4825 3829 4893 ἐμ-

2250 4906 2483 4962 6αλείν.‹
2506 4908 2722 4978 Ἐπειδὴ
2740 4912 2850 4983 γὰρ
2875 4912 3169 4986 ἐξηράνθη,
3211 4916 3454 4986 ιφησὶν,‹
3489 4916 3521 4985 ή
3549 4914 3644 4985 γῆ,
3679 4912 3831 4984 ἐξῆλ-

2251 4999 2342 5054 θεν
2370 5001 2399 5053 ὁ
2445 5000 2568 5054 Νῶε
2602 5005 2700 5074 τῆς
2747 5004 3005 5072 κιϐωτοῦ,
3054 5008 3149 5062 καὶ
3190 5008 3392 5072 πάντες
3434 5009 3484 5061 οἱ
3536 5008 3633 5059 σὺν
3664 5003 3829 5075 αὐτῷ.

2253 5092 2363 5144 Καὶ
2395 5091 2733 5164 ᾠκοδόμησε,
2769 5116 2787 5148 ι
2808 5099 2962 5166 φησὶ,
2992 5117 3011 5150 ι
3042 5098 3426 5170 θυσιαστήριον
3458 5098 3536 5169 τῷ
3552 5096 3694 5167 Θεῷ,
3744 5092 3822 5148 καὶ

2248 5182 2437 5237 ἔλασεν
2474 5185 2581 5238 ἀπὸ
2620 5189 2836 5259 πάντων
2864 5189 2971 5244 τῶν
3016 5192 3228 5262 κτηνῶν
3273 5191 3382 5243 τῶν
3411 5188 3690 5261 καθαρῶν,
3744 5187 3829 5241 καὶ

2248 5276 2358 5330 ἀπὸ
2402 5277 2621 5332 πάντων
2649 5280 2757 5334 τῶν
2791 5282 3055 5336 πετεινῶν
3101 5283 3209 5336 τῶν
3242 5281 3520 5353 καθαρῶν,
3549 5283 3645 5334 καὶ
3677 5279 3835 5349 ἁνήψ

2247 5386 2408 5437 εγκεν
2447 5370 2851 5441 όλοκαρπὼσεις
2904 5374 2997 5427 ἐπὶ
3049 5377 3107 5428 τὸ
3137 5373 3540 5446 θυσιαστήριον.
3578 5370 3687 5424 Καὶ
3731 5368 3833 5421 ὠσ-

2249 5458 2462 5530 φρᾶνθη
2509 5462 2538 5512 δ
2567 5460 2700 5523 Θεὸς
2742 5463 2918 5533 ὀσμὴν
2958 5463 3205 5528 εὐωδίας.
3252 5465 3363 5519 Καὶ
3402 5460 3523 5516 εἷπε
3557 5460 3759 5531 Κύριος
3807 5453 3834 5504 ὁ

2248 5550 2378 5615 Θεὸς
2406 5550 2734 5622 διανοηθείςο
2758 5555 2834 5607 Οὐ
2856 5555 3153 5626 προσθήσω
3181 5556 3262 5609 ἔτι
3294 5550 3712 5625 καταράσασθαι
3738 5543 3833 5611 τὴν

633 5691 677 5722 ⁸⁷
698 5690 871 5747 Galat.
896 5694 1022 5758 v,6,
1045 5692 1094 5748 5.
1173 5692 1217 5724 ³⁸
1249 5687 1640 5755 lJoan.u,19.
1715 5684 1803 5740 "l
1833 5684 1974 5739 Tim.
2004 5697 2074 5748 tv,
2102 5681 2125 5736 i

2241 5682 2264 5713 ⁸
2295 5680 2672 5745 Gen.vm,ii.
2729 5682 2773 5761 ξι
2803 5680 2940 5735 ibid.
2980 5680 3030 5735 ι,
3114 5678 3158 5708 δ’
3183 5671 3564 5740 Isa.xr.m,lO.
3641 5665 3830 5721 "Gen-

564 5774 679 5830 vm,
723 5762 908 5817 18-21.
