4092 6544
402 413 477 474 73
1053 479 1068 489 ,Α
1455 407 2028 469 GLAPHYRORUMI

2133 411 2430 467 GENESIM
2475 412 2603 467 LIB.
2645 411 2714 467 11.
3653 409 3724 464 ’14

402 536 516 606 γῆν
552 533 642 589 διὰ
673 533 740 589 τὰ
761 533 900 608 ἔργα
944 534 1054 588 τῶν
1090 530 1416 605 ἀνθρώπων.
1435 531 1546 585 Καὶ
1576 531 1696 602 μεθ’
1727 530 1892 600 ἕτερα
1919 530 2022 584 πά-

2134 548 2151 579 (
2184 529 2252 584 Et
2289 528 2573 584 benedixit
2615 527 2882 584 Dominus
2915 527 3061 583 Deus
3088 526 3201 582 Noe
3236 536 3292 582 et
3329 525 3455 582 ﬁliis
3493 527 3633 598 ejus,
3668 539 3724 583 ct

402 627 515 682 λιν·
551 649 569 681 ι
607 630 720 683 Καὶ
767 628 1040 700 εὐλόγησε
1093 626 1303 698 Κύριος
1349 627 1378 679 6
1429 624 1563 688 Θεὸς
1601 623 1694 678 τὸν
1745 623 1890 687 Νῶε,
1929 622 2024 676 καὶ

401 720 538 783 τοὺς
585 721 739 784 υἱοὺς
765 718 956 784 αὐτοῦ,
1002 717 1100 772 καὶ
1129 712 1285 771 εἶπεν
1323 716 1531 780 αὐτοῖς’
1563 713 1878 781 Αὑξάνεσθε
1932 714 2026 767 καὶ

400 811 780 884 πληθύνεσθε,
818 812 917 868 καὶ
964 809 1297 884 πληρώσατε
1349 808 1447 880 τὴν
1479 809 1604 880 γῆν,
1639 808 1734 861 καὶ
1778 823 2024 861 κατακυ-

403 902 672 975 ριεύσατε
700 903 895 974 αὐτῆς,
924 901 1019 957 καὶ
1045 899 1257 972 όφόὸος
1285 898 1458 971 ὑμῶν,
1477 900 1572 952 καὶ
1595 899 1622 951 6
1640 899 1843 968 τρόμος
1872 896 2025 950 ἔσται

400 997 504 1050 ἐπὶ
535 996 677 1050 πᾶσι
710 999 827 1060 τοῖς
863 995 1099 1067 θηρίοις,
1132 995 1230 1048 καὶ
1251 993 1348 1048 ἐπὶ
1383 993 1519 1047 πᾶσι
1545 993 1660 1056 τοῖς
1682 993 1905 1063 κτήνεσι
1925 995 2023 1064 τῆς

397 1090 536 1159 γῆς,
575 1090 673 1142 καὶ
711 1088 806 1142 ἐπὶ
848 1089 1030 1142 πάντα
1065 1087 1132 1141 τὰ
1176 1086 1344 1158 ὄρνεα
1371 1084 1465 1139 τοῦ
1491 1083 1746 1156 οὐρανοῦ,
1783 1084 1876 1137 καὶ
1931 1082 2026 1135 ἐπὶ

396 1185 596 1236 πάντα
630 1181 702 1236 τὰ
754 1179 1056 1252 κινούμενα
1107 1179 1204 1233 ἐπὶ
1249 1181 1350 1250 τῆς
1397 1179 1522 1248 γῆς,
1556 1175 1653 1231 καὶ
1690 1176 1784 1229 ἐπὶ
1817 1174 2026 1239 πάντας

397 1275 541 1337 τοὺς
573 1273 768 1344 ἰχθύας
791 1275 892 1344 τῆς
918 1271 1200 1342 θαλάσσης
1225 1288 1238 1302 ·
1266 1271 1372 1325 ὑπὸ
1399 1273 1589 1342 χεῖρας
1609 1269 1738 1340 ὑμῖν
1753 1268 2016 1324 δέδωκα.»

398 1367 634 1420 Οὐκοῦν
663 1367 754 1420 ὅτε
790 1365 1017 1435 γέγονεν
1059 1364 1219 1437 ήμῶν
1250 1363 1544 1436 ἀρχιερεὺς
1573 1364 1602 1417 6
1643 1361 1900 1434 Χριστὸς,
1931 1359 2026 1414 καὶ

399 1457 946 1530 προσεκομίσθημεν
997 1457 1065 1511 δι’
1100 1452 1268 1510 αὑτοῦ
1328 1455 1538 1528 νοητῶς
1585 1457 1665 1520 είς
1709 1455 1888 1527 ὀσμὴν
1936 1456 2026 1509 εὐι-

400 1553 584 1616 ωδίας
597 1551 680 1624 τῷ
696 1550 819 1622 Θεῷ
836 1551 937 1606 καὶ
958 1549 1159 1619 Πατρὶ,
1187 1549 1313 1604 τότε
1341 1551 1439 1604 καὶ
1462 1548 1751 1621 εὐμενείας
1763 1550 1864 1620 τῆς
1893 1549 2023 1621 παρ’

400 1644 586 1699 αὑτοῦ
619 1644 896 1708 πλουσίως
946 1641 1256 1715 ἡξιώμεθα,
1300 1643 1397 1696 καὶ
1440 1641 1666 1713 βεϐαίαν
1707 1643 2026 1715 ἐσχήκαμεν

400 1738 514 1810 τὴν
551 1736 842 1801 ὑπόθεσιν,
886 1735 983 1789 τοῦ
1041 1734 1249 1808 μηκέτι
1310 1733 1434 1788 καθ’
1463 1734 1623 1806 ἡμῶν
1676 1735 1893 1805 ἰσχῦσαι
1935 1734 2026 1788 τὸν

407 1831 678 1887 θάνατον.
727 1829 969 1886 Λέλυται
1013 1829 1108 1883 καὶ
1155 1827 1227 1882 τὰ
1261 1827 1320 1895 ἐξ
1359 1827 1553 1900 ὀργῆς,
1604 1826 1813 1898 οἴχεται
1845 1826 1903 1880 δέ
1933 1843 2026 1881 ποι

2128 619 2268 674 dixit
2304 621 2387 675 eis
2425 638 2436 673 :
2471 619 2717 676 Crescite
2765 629 2822 676 et
2864 618 3309 690 multiplicamini
3334 653 3350 681 ,
3386 629 3442 674 et
3501 619 3724 691 implete

2129 721 2364 778 terram,
2411 723 2468 769 et
2508 713 2869 769 dominamini
2911 713 3049 784 ejus.
3109 713 3178 768 Et
3217 712 3384 768 timor
3415 721 3631 776 vester,
3668 723 3728 768 et

2130 814 2334 861 tremor
2360 815 2541 862 vester
2558 807 2664 862 erit
2692 823 2859 877 super
2882 821 3074 862 omnes
3096 805 3319 871 bestias,
3337 815 3395 863 et
3424 822 3590 876 super
3609 821 3726 861 om-

2127 901 2218 955 nia
2238 901 2497 956 animalia
2527 910 2705 967 terrae,
2729 909 2785 956 ct
2806 917 2974 972 super
2998 917 3190 957 omnes
3211 917 3340 956 aves
3363 901 3508 964 caeli,
3533 909 3588 956 et
3609 916 3727 955 om-

2128 1009 2227 1048 nes
2248 994 2429 1065 pisces
2447 994 2616 1048 maris
2635 995 2738 1048 sub
2754 994 3010 1048 manibus
3025 994 3183 1049 vobis
3205 993 3333 1048 dedi
3356 994 3421 1048 ⁵³.
3453 1013 3471 1045 ι
3495 991 3728 1060 Quando

2128 1087 2313 1157 itaque
2347 1087 2526 1142 factus
2554 1095 2640 1142 est
2675 1095 2866 1142 noster
2895 1087 3144 1157 pontifex
3169 1085 3447 1152 Christus,
3471 1096 3528 1140 et
3556 1085 3727 1141 oblati

2129 1194 2321 1236 sumus
2354 1196 2455 1251 per
2481 1181 2662 1251 ipsum
2699 1179 3065 1250 spiritualiter
3099 1180 3153 1233 in
3186 1179 3416 1235 odorem
3442 1179 3729 1236 suavitatis

2127 1274 2241 1330 Deo
2275 1288 2339 1329 ac
2373 1273 2548 1339 Patri,
2584 1281 2715 1329 tunc
2755 1273 2924 1328 etiam
2963 1273 3322 1344 benignitatis
3357 1275 3478 1345 ejus
3516 1273 3727 1329 aﬁatim

2128 1382 2324 1422 sumus
2357 1366 2655 1437 participes
2683 1365 2866 1421 eﬁ‘ecti
2891 1407 2904 1430 ,
2942 1365 3269 1437 ﬁrmamque
3302 1368 3726 1437 promissionem

2127 1459 2296 1524 nacti,
2334 1466 2571 1513 mortem
2604 1473 2716 1513 non
2748 1458 2987 1528 amplius
3018 1457 3074 1512 in
3100 1474 3202 1514 nos
3239 1459 3536 1529 imperium
3569 1459 3729 1513 habi-

2129 1560 2332 1608 turam.
2357 1552 2575 1608 Abolita
2608 1552 2777 1608 etiam
2813 1561 2945 1609 sunt
2973 1569 3060 1617 ea,
3094 1570 3218 1624 quae
3251 1554 3426 1626 ipsius
3455 1555 3595 1610 iram
3630 1571 3726 1610 σοι

2127 1647 2418 1711 mitantur,
2436 1651 2494 1701 et
2515 1647 2722 1702 veteris
2744 1647 2892 1703 illius
2913 1648 3320 1704 maledictionis
3339 1648 3575 1705 eﬂ'ectus
3597 1649 3730 1704 sub-

2127 1737 2242 1792 lati.
2289 1737 2574 1794 Benedicti
2608 1739 2758 1795 enim
2793 1754 2986 1794 sumus
3021 1739 3080 1795 in
3122 1739 3367 1807 Christo,
3429 1757 3528 1812 per
3561 1757 3726 1811 quem

2128 1841 2185 1887 et
2219 1831 2274 1887 in
2306 1847 2418 1903 quo
2453 1832 2568 1888 Deo
2609 1848 2674 1888 ac
2713 1833 2863 1889 Patri
2895 1833 3069 1905 gloria
3107 1848 3236 1889 cum
3279 1841 3474 1891 sancto
3515 1833 3728 1906 Spiritu

405 1924 513 1978 xui
539 1923 613 1978 τὰ
647 1925 716 1977 ὲκ
756 1922 856 1994 τῆς
902 1922 1142 1995 ἀρχαίας
1191 1921 1332 1992 ἀρᾶς
1359 1920 1599 1992 ἐκείνης.
1652 1919 2020 1992 Ηύλογήμεθα

2133 1928 2186 1982 in
2224 1927 2424 1983 saecula
2459 1928 2807 1984 saeculorum.
2853 1928 3048 1983 Amen.
3457 1998 3471 2004 _

404 2018 526 2091 γὰρ
555 2020 617 2073 ὲν
650 2017 900 2089 Χριστῷ,
934 2017 1004 2070 δι’
1062 2007 1124 2070 οὗ
1187 2017 1286 2070 καὶ
1318 2012 1442 2086 μεθ’
1471 2005 1533 2068 οὗ
1561 2011 1640 2086 τῷ
1668 2010 1789 2082 Θεῷ
1833 2012 2013 2085 Πατρὶ
2059 2016 2092 2088 ἡ
2129 2017 2278 2086 δόξα,
2307 2021 2406 2075 σὺν
2451 2020 2530 2092 τῷ
2573 2020 2715 2092 ἁγίῳ
2766 2021 3049 2092 Πνεύματι
3093 2023 3178 2088 είς
3219 2023 3343 2089 τοὺς
3374 2023 3579 2089 αἰῶνας
3614 2025 3729 2078 τῶν

404 2113 657 2171 αἰώνων.
707 2113 906 2184 Ἀμήν.

479 2249 636 2320 Περὶ
665 2247 782 2318 τῆς
824 2245 1200 2319 γυμνώσεως
1236 2244 1346 2302 τοῦ
1379 2243 1511 2302 Νῶε
1545 2241 1770 2299 καὶτοῦ
1803 2242 1952 2315 Χάμ.

485 2363 564 2421 α’.
591 2359 1158 2435 Συμπεπερασμένων
1191 2358 1452 2414 ἁπάντων
1481 2352 1592 2412 τῶν
1620 2356 1714 2412 ἐπὶ
1748 2357 1815 2428 τῇ
1861 2351 2028 2410 κιϐω-

406 2455 521 2527 τῷ,
547 2455 648 2509 καὶ
693 2451 1092 2525 παρῳχηκότος
1141 2451 1243 2522 μὲν
1270 2448 1367 2504 τοῦ
1401 2438 1813 2519 κατακλυσμοῦ,
1854 2459 2032 2517 mrca-

408 2540 645 2610 νοῦντος
659 2544 726 2600 δὲ
747 2544 850 2617 ήδη
890 2541 990 2597 τοῦ
1020 2541 1168 2607 Νῶε,
1198 2539 1323 2596 τίνα
1344 2539 1410 2613 δὴ
1442 2539 1553 2612 ἆρα
1575 2537 1647 2593 τὰ
1675 2539 1735 2594 ὲν
1751 2536 1902 2608 αὐτῷ
1932 2553 2031 2591 πε-

409 2637 722 2712 πραγμένα
754 2636 911 2709 παρὰ
941 2634 1038 2690 τοῦ
1088 2633 1242 2705 Χὰμ,
1302 2631 1832 2705 πολυπραγμονήσει
1865 2628 2030 2685 πάλιν

409 2735 557 2805 ἡμῖν
587 2728 620 2787 ὸ
672 2726 855 2800 λόγος.
928 2726 1249 2782 Ἀναπείσει
1299 2724 1410 2795 γὰρ
1466 2718 1533 2796 δὴ
1585 2723 1716 2788 τοὺς
1760 2722 1922 2795 οἵπερ
1963 2720 2030 2776 ἂν

407 2826 632 2882 ἕλοιντο
657 2822 902 2879 διαϐιοῦν
930 2818 1174 2891 ἐννόμως
1192 2819 1294 2891 τῆς
1316 2818 1399 2881 είς
1425 2816 1553 2882 τοὺς
1580 2815 1827 2889 πατέρας
1848 2812 2031 2880 αἰδοῦς

409 2917 577 2976 οὐδὲν
610 2917 675 2970 τὸ
708 2914 974 2987 παράπαν
1012 2909 1265 2984 ἡγεῖσθαι
1310 2904 1650 2973 ίσοστατοῢν,
1689 2907 1786 2962 καὶ⁵
1831 2922 2032 2979 παραι-

410 3011 637 3068 τεῖσθαι
666 3007 856 3078 σαφῶς
882 3005 960 3071 ῶς
985 3022 1040 3060 τι
1078 3003 1190 3058 τῶν
1235 3000 1674 3072 σφαλερωτάτων
1701 2999 1762 3054 τὸ
1804 2999 1947 3055 κατὰ
1978 3016 2030 3053 τι

410 3109 556 3180 γοῦν
610 3107 750 3170 ὅλως
784 3102 1097 3175 ὲπιμειδιᾷν
1128 3101 1336 3165 αὐτοῖς,
1370 3098 1478 3153 κᾶν
1506 3098 1558 3152 εί
1600 3095 1695 3152 τοῦ
1727 3096 2033 3170 πρέποντος

411 3203 528 3270 ἔξω
589 3199 849 3269 φέροιντο
907 3195 1084 3268 βραχὺ
1132 3196 1256 3257 ταῖς
1298 3192 1399 3264 τῆς
1452 3190 1671 3262 φύσεως
1722 3189 2033 3254 ἀσθενείαις

412 3289 879 3366 ὗπενηνεγμένοι.
921 3289 1048 3344 Ὅτι
1091 3289 1203 3362 γὰρ
1254 3289 1452 3344 σεπτὸν
1502 3288 1591 3344 ἀεί
1626 3288 1742 3354 πώς
1775 3290 1893 3342 ἐστι
1923 3278 2035 3341 τῶν

411 3383 629 3455 γονέων
657 3381 718 3436 τὸ
749 3378 960 3453 χρῆμα,
995 3377 1090 3433 καὶ
1120 3376 1286 3444 αὐτὸς
1313 3382 1342 3435 6
1367 3378 1510 3446 θεῖος
1541 3377 1692 3452 ἡμᾶς
1720 3377 2032 3432 ἐκπαιδεύει

2484 2237 2564 2298 De
2607 2243 2898 2299 nudatione
2942 2241 3055 2299 Noe
3095 2249 3144 2299 el
3185 2243 3371 2304 Cham.

2204 2350 2259 2411 i.
2298 2348 2547 2412 Peractis
2590 2355 2852 2412 omnibus
2891 2371 3013 2426 quae
3056 2356 3125 2412 ad
3181 2371 3366 2415 arcam
3418 2355 3729 2432 pertinent,

2133 2463 2369 2520 cumque
2397 2449 2509 2521 jam
2542 2455 2814 2504 cessasSet
2853 2448 3148 2515 diluvium,
3180 2461 3236 2506 et
3269 2449 3385 2507 Noe
3424 2452 3730 2523 agricultu-

2131 2557 2249 2598 ram
2286 2551 2590 2608 excreeret,
2615 2524 2867 2613 quaenam
2893 2534 2997 2614 ipsi
3027 2559 3058 2598 a
3089 2535 3263 2600 Cham
3293 2545 3597 2604 acciderint
3631 2548 3734 2604 itc‘

2132 2649 2256 2690 rum
2290 2633 2657 2707 inquiramus.
2705 2629 2902 2692 Facile.
2925 2630 3074 2693 enim
3111 2653 3180 2694 ex
3219 2639 3287 2695 iis
3328 2639 3730 2710 intellexerint,

2132 2728 2230 2800 qui
2247 2724 2490 2801 legitime
2508 2729 2679 2784 vitam
2701 2723 2992 2786 instituere
3012 2731 3204 2798 velint,
3226 2732 3366 2788 nihil
3387 2734 3614 2802 omnino
3636 2751 3736 2791 an-

2134 2820 2368 2892 tiquius,
2397 2829 2495 2876 aut
2532 2821 2690 2893 prius
2720 2822 3062 2892 habendum,
3099 2841 3264 2896 quam
3290 2839 3550 2897 parentes
3572 2845 3732 2885 reve-

2133 2915 2270 2982 reri,
2307 2914 2740 2988 fugiendumque
2779 2926 3039 2988 tanquam
3072 2919 3300 2974 noxium
3331 2920 3604 2991 imprimis
3639 2938 3735 2978 eos

2135 3023 2464 3080 quacunque
2507 3007 2721 3064 ratione
2755 3008 3017 3074 irridere,
3059 3010 3276 3066 etiamsi
3333 3007 3734 3084 nonnunquam

2134 3103 2204 3158 ab
2226 3117 2294 3158 eo
2314 3102 2460 3173 quod
2483 3117 2581 3172 par
2599 3109 2685 3156 est
2723 3117 2836 3172 prae
2864 3109 3075 3158 naturae
3100 3118 3212 3158 suae
3239 3103 3617 3163 imbecillitate
3640 3110 3736 3165 de-

2135 3193 2377 3250 ﬂectant.
2404 3193 2560 3260 Quod
2579 3193 2729 3249 enim
2748 3195 3035 3250 veneratio
3055 3211 3268 3251 summa
3294 3200 3620 3267 parentibus
3640 3202 3737 3257 de-

2135 3287 2354 3353 beatur,
2395 3287 2512 3358 ipsa
2540 3279 2706 3342 etiam
2733 3279 2918 3342 divina
2948 3287 3037 3343 lex
3071 3305 3172 3344 nos
3205 3289 3384 3346 docet.
3409 3290 3548 3347 Cum
3585 3294 3734 3348 enim

2137 3374 2294 3448 prius
2335 3377 2693 3448 prazcepisset
2728 3393 2902 3432 unum
2942 3394 3007 3434 ac
3043 3389 3241 3436 natura
3291 3374 3464 3438 Deum
3500 3401 3570 3439 ex
3624 3393 3737 3440 tota

409 3477 611 3546 νόμοςο
650 3467 1029 3544 προεπιτάξας
1063 3471 1173 3542 γὰρ
1195 3469 1305 3524 δεῖν
1339 3470 1400 3537 ἐξ
1427 3467 1556 3542 ὅλης
1581 3469 1759 3542 ψυχῆς
1780 3468 1875 3524 καὶ
1895 3473 2028 3542 καρ.

2138 3467 2324 3525 anima
2355 3479 2411 3526 et
2431 3469 2598 3525 corde
2624 3470 2920 3526 amandum
2951 3486 3072 3527 esse
3105 3491 3118 3526 :
3151 3492 3168 3523 ι
3205 3474 3446 3542 Honora,
3476 3496 3494 3528 ι
3531 3477 3732 3548 inquit,

411 3567 540 3634 δίας
572 3568 665 3622 τὸν
701 3567 797 3620 ἕνα
835 3583 898 3619 τε
953 3565 1049 3618 καλ¹
1076 3564 1238 3635 φύσει
1277 3563 1410 3618 Θεὸν
1447 3564 1694 3634 ἀγαπᾷν,
1730 3582 1749 3615 r
1791 3562 1960 3635 Τίμα,
2003 3579 2022 3614 ι

415 3664 587 3736 φησὶ,
633 3683 652 3716 ι
685 3651 777 3717 τὸν
809 3661 1024 3733 πατέρα
1064 3677 1181 3724 σου,
1220 3659 1317 3713 καὶ
1351 3658 1564 3731 μητέρα
1597 3671 1715 3724 σου,
1747 3657 1834 3711 ἵνα
1860 3651 1919 3712 εὖ
1948 3668 2033 3709 σοι

413 3758 680 3830 γένηται,
714 3755 810 3809 καὶ
848 3753 948 3826 ἔσῃ
988 3751 1290 3825 μακρόϐιος
1335 3751 1428 3805 ἐπὶ
1463 3748 1565 3822 τῆς
1604 3753 1729 3821 γῆς.
1771 3767 1791 3803 ι
1839 3749 1928 3802 Ἐν
1951 3749 2033 3802 εί-

415 3847 543 3904 κόνι
575 3851 690 3920 γὰρ
724 3845 918 3918 ὥσπερ
952 3845 1049 3901 καὶ⁹
1064 3845 1122 3899 ἐν
1160 3845 1392 3916 μιμήσει
1414 3836 1551 3897 Θεοῦ
1587 3839 2033 3911 καταλογισθεϊεν

413 3940 487 3997 ἂν
528 3940 584 3995 οἱ
624 3938 1041 4010 γεγεννηκότες.
1086 3955 1105 3988 ‹
1131 3933 1420 4007 Μνήσθητι
1447 3933 1576 4006 γὰρ,
1618 3951 1636 3985 ι
1685 3933 1874 4004 φησὶν,
1910 3933 2033 3986 «ὅτι

413 4034 692 4092 διἀὑτῶν
705 4029 1352 4104 ἐγεννήθης.›Ταύτῃτοι
1371 4028 1534 4083 πάλιν
1557 4026 1776 4100 φησὶν,‹
1798 4024 2026 4096 Ὀφθαλ-

419 4131 528 4204 μὸν
594 4125 992 4196 καταγελῶντα
1025 4122 1256 4195 πατρὸς,
1309 4121 1407 4175 καὶ
1461 4118 1799 4192 ἀτιμάζοντα
1852 4119 2032 4190 γῆρας

420 4221 694 4296 μητέρος,
718 4219 1058 4290 ἑκκόψαισαν
1081 4216 1244 4270 αὐτὸν
1283 4214 1520 4286 κόρακες
1567 4213 1632 4268 ὲκ
1670 4212 1779 4267 τῶν
1813 4211 2032 4282 φαράγ-

414 4332 558 4383 γων.
595 4331 614 4363 ι
671 4310 797 4364 Ὀτι
824 4307 1006 4362 τοίνυν
1040 4308 1135 4361 καὶ
1156 4309 1215 4361 ὲν
1249 4307 1360 4378 ἀρᾷ
1412 4305 1508 4359 καὶ
1556 4304 1682 4377 δίκῃ
1713 4303 1776 4357 τὸ
1808 4303 1883 4376 μὴ
1920 4301 2033 4358 δεῖν

412 4405 640 4461 οἴεσθαι
678 4400 846 4474 τιμᾷν
889 4400 1160 4473 πατέρας,
1197 4400 1290 4454 καὶ
1333 4397 1443 4472 μὴν
1467 4398 1561 4453 καὶ
1587 4395 1771 4461 αἰδοῦς
1812 4396 2034 4467 ἁπάσης

413 4496 644 4566 ἀξιοῦν,
698 4495 797 4550 καὶ
853 4493 945 4550 διά
995 4505 1060 4565 γε
1117 4492 1214 4547 τοῦ
1263 4490 1397 4562 Χὰμ
1434 4490 1708 4562 ἀναμάθοι
1729 4501 1814 4553 τις
1842 4487 1909 4544 ἂν
1937 4488 2034 4543 καὶ⁸

411 4595 546 4648 λίαν
579 4589 843 4655 εὐκόλως.
903 4608 922 4641 ‹
950 4583 1135 4642 Ἦσαν
1171 4587 1296 4660 γὰρ,
1330 4605 1349 4637 ι
1386 4587 1571 4657 φησὶν,
1630 4601 1648 4637 α
1682 4586 1732 4639 οἱ
1767 4584 1874 4638 υἱοὶ
1906 4584 2031 4638 Νῶε

411 4687 470 4741 οἱ
506 4683 826 4750 ἐξελθόντες
886 4681 951 4734 ὲκ
1002 4680 1103 4750 τῆς
1134 4676 1393 4742 κιϐωτοῦ,
1431 4672 1572 4748 Σήμ,
1607 4676 1760 4746 Χὰμ,
1823 4671 2029 4746 ’1άφεθ.

410 4779 558 4850 Χὰμ
587 4776 646 4830 δὲ
673 4769 742 4846 ἦν
769 4773 954 4846 πατὴρ
986 4773 1231 4828 Χαναὰν.
1277 4767 1440 4841 Τρεῖς
1489 4765 1636 4824 οὗτοί
1661 4771 1802 4824 εἰσιν
1838 4766 1887 4823 οἱ
1924 4769 2031 4824 υἱοὶ

2144 3583 2163 3616 ‹
2206 3573 2420 3634 patrem
2459 3572 2618 3620 tuum
2652 3571 2708 3620 et
2737 3573 2970 3620 matrem
3010 3573 3179 3632 tuam,
3226 3575 3288 3622 ut
3320 3568 3462 3625 bene
3497 3571 3571 3626 sit
3609 3573 3732 3639 tibi,

2137 3661 2193 3712 et
2226 3655 2303 3712 sis
2336 3657 2620 3729 longaevus
2656 3673 2823 3728 super
2862 3657 3069 3712 terram
3109 3657 3174 3713 “.
3223 3678 3241 3712 ι
3281 3652 3545 3718 Parentes
3583 3665 3734 3720 enim

2135 3745 2310 3802 Deum
2347 3745 2656 3813 imitantur,
2698 3748 2927 3818 ejusque
2960 3739 3253 3817 imaginem
3295 3763 3407 3820 prae
3437 3767 3495 3806 se
3525 3751 3732 3810 ferunt.

2134 3837 2244 3911 42
2288 3857 2307 3890 ι
2350 3838 2647 3905 Memento,
2692 3858 2711 3890 ›
2764 3838 2965 3909 inquit,
3006 3859 3024 3890 ‹
3069 3838 3216 3910 quod
3254 3857 3355 3912 per
3393 3843 3543 3914 ipsos
3573 3856 3736 3903 natus

2136 3932 2215 3988 sis
2235 3932 2302 3989 ⁸⁸.
2338 3952 2357 3985 ι
2400 3931 2612 3988 Idcirco
2643 3949 2858 3988 rursum
2885 3934 2964 3988 ait
3005 3950 3017 3987 :
3059 3953 3077 3984 ‹
3107 3931 3361 4005 Oculum,
3391 3938 3487 4007 qui
3519 3939 3737 3997 deridet

2137 4033 2372 4097 patrem,
2394 4032 2452 4081 et
2480 4019 2576 4097 qui
2605 4025 2902 4081 inhonorat
2929 4034 3270 4083 senectutem
3301 4028 3514 4097 matris,
3537 4041 3737 4090 eruant

2135 4131 2264 4176 eum
2305 4120 2458 4176 corvi
2489 4119 2557 4174 de
2592 4119 2936 4175 convallibus
2980 4119 3044 4174 ⁸⁸.
3083 4139 3102 4172 ›
3133 4116 3292 4187 Quod
3333 4122 3518 4194 itaque
3559 4126 3735 4182 male-

2137 4212 2309 4268 dictio
2341 4221 2398 4269 et
2441 4212 2775 4283 supplicium
2806 4212 3078 4268 debeatur
3123 4207 3192 4269 iis
3225 4215 3319 4286 qui
3368 4217 3634 4274 honorem
3671 4236 3738 4277 ac

2136 4303 2504 4359 reverentiam
2540 4303 2865 4373 parentibus
2901 4304 3187 4375 derogant,
3219 4323 3319 4377 per
3358 4304 3529 4362 Cham
3566 4305 3735 4366 etiam

2135 4394 2297 4451 facile
2328 4396 2454 4466 quis
2484 4395 2770 4466 intelligat.
2807 4414 2825 4447 ‹
2872 4389 3044 4467 Erant
3082 4394 3253 4462 enim,
3293 4417 3310 4448 ι
3346 4394 3544 4469 inquit,
3578 4419 3597 4450 ε
3636 4401 3735 4457 ﬁlii

2134 4487 2272 4553 Noe,
2297 4487 2393 4558 qui
2419 4487 2626 4559 egressi
2656 4493 2784 4542 sunt
2813 4503 2882 4542 ex
2913 4503 3063 4554 arca,
3095 4484 3730 4562 Sem,Cham,Japhcth.

2136 4577 2310 4634 Cham
2336 4586 2523 4632 autem
2562 4585 2683 4633 erat
2717 4580 2873 4648 pat‘er
2900 4576 3180 4633 Chanaan.
3216 4574 3353 4635 Tres
3384 4581 3445 4635 hi
3477 4593 3607 4638 sunt
3637 4585 3736 4640 ﬁlii

2135 4672 2271 4729 Noe.
2309 4672 2392 4727 Ab
2421 4671 2508 4726 his
2535 4670 2875 4726 disseminati
2907 4674 3036 4727 sunt
3075 4681 3241 4743 Super
3271 4673 3584 4732 universam
3624 4686 3734 4734 lcr-

2138 4781 2278 4822 ram.
2311 4767 2380 4822 Et
2404 4765 2571 4837 coepit
2607 4763 2723 4820 Noe
2753 4759 2921 4820 homo
2957 4763 3198 4838 agricola
3229 4775 3408 4834 terrae,
3438 4778 3493 4824 et
3519 4771 3734 4842 planta-

412 4873 574 4929 Νῶε.
624 4869 760 4924 Ἀπὸ
791 4864 1000 4922 τούτων
1032 4864 1413 4937 διεσπάρησαν
1446 4864 1540 4917 ἐπὶ
1577 4864 1759 4917 πασᾶν
1778 4863 1878 4935 τὴν
1903 4863 2028 4933 γῆν.

2136 4859 2218 4915 vit
2235 4858 2473 4924 vineam,
2504 4865 2561 4914 ct
2587 4857 2731 4913 bibit
2749 4857 2818 4913 de
2839 4857 2990 4924 vino,
3015 4867 3072 4913 et
3095 4857 3403 4913 inebriatus
3421 4869 3524 4926 est,
3551 4870 3607 4915 et
3628 4879 3734 4917 nu-

412 4965 535 5021 Καὶ
575 4961 786 5035 ἤρξατο
834 4959 958 5014 Νῶε
997 4958 1283 5031 ἄνθρωπος
1315 4957 1561 5028 γεωργὸς
1597 4957 1721 5029 γῆς,
1766 4959 1861 5012 καὶ
1893 4956 2027 5026 ἐφύ-

409 5071 620 5108 τευσεν
659 5050 982 5122 ἀμπελῶνα,
1013 5049 1110 5103 καὶ
1154 5047 1307 5102 ἔπιεν
1348 5050 1413 5102 ἐκ
1437 5045 1532 5101 τοῦ
1567 5048 1736 5115 οῑνου,
1769 5045 1866 5102 καὶ
1895 5048 2026 5119 ὲμε-

409 5145 626 5215 θύσθη,
662 5143 756 5197 καὶ
808 5139 1102 5212 ἐγυμνώθη
1157 5140 1214 5193 ἐν
1263 5139 1342 5210 τῷ
1368 5138 1502 5209 οἴκῳ
1540 5137 1730 5192 αὐτοῦ’
1771 5138 1867 5192 καὶ
1916 5134 2024 5192 εἶδε

409 5239 556 5308 Χᾶμ
578 5237 609 5289 6
636 5234 820 5307 πατὴρ
841 5233 1062 5287 Χαναὰν
1089 5231 1189 5304 τὴν
1221 5231 1504 5302 γύμνωσιν
1549 5231 1644 5285 τοῦ
1679 5232 1891 5304 πατρὸς
1923 5233 2025 5286 αὺ-

407 5329 537 5396 τοῦ,
578 5329 677 5383 καὶ
714 5325 944 5393 ἐξελθὼν
965 5324 1262 5396 ἐπήγγειλε
1285 5326 1396 5387 τοῖς
1425 5323 1675 5394 ἀδελφοῖς
1702 5323 1869 5379 αὐτοῦ
1899 5324 2023 5390 ἔξω.

409 5423 534 5478 Καὶ
562 5419 830 5484 λαϐόντες
863 5419 986 5490 Σὴμ
1012 5418 1108 5473 καὶ
1170 5417 1351 5488 ἰἀφεθ
1378 5417 1443 5472 τὸ
1492 5417 1730 5487 ἱμάτιον,
1769 5415 2028 5470 ἐπέθεντο

407 5515 513 5568 ἐπὶ
537 5513 611 5566 τὰ
638 5510 734 5565 δύο
766 5510 915 5565 νῶτα
944 5509 1146 5578 αὐτῶν,
1184 5509 1278 5564 καὶ
1317 5509 1700 5581 ἐπορεύθησαν
1724 5507 2029 5579 ὀπισθοφα-

406 5607 547 5671 νῶς,
575 5605 677 5660 καὶ
713 5602 1095 5672 συνεκάλυψαν
1133 5601 1234 5674 τὴν
1268 5599 1552 5672 γύμνωσιν
1570 5599 1666 5656 τοῦ
1702 5599 1910 5671 πατρὸς
1933 5597 2032 5654 αὑ-

405 5699 548 5763 τῶν,
587 5698 685 5752 καὶ
711 5696 774 5750 τὸ
810 5694 1106 5767 πρόσωπον
1132 5693 1314 5751 αὐτῶν
1366 5692 1750 5765 ὀπισθοφανὲς,
1797 5693 1892 5748 καὶ
1929 5692 2030 5764 τὴν

2137 4952 2299 5008 datus
2338 4959 2424 5007 est
2452 4951 2510 5006 in
2547 4951 2711 5006 domo
2741 4964 2842 5006 sua
2886 4967 2900 5004 ε
2942 4958 2998 5006 et
3031 4950 3172 5006 vidit
3201 4950 3370 5006 Cham
3404 4959 3560 5023 pater
3586 4953 3733 5010 Cha-

2136 5061 2278 5101 naan
2326 5045 2634 5100 nuditatem
2677 5044 2850 5116 patris
2897 5043 3018 5110 sui,
3067 5051 3123 5099 et
3158 5059 3412 5115 egressus
3457 5044 3734 5104 nuntiavit

2138 5139 2355 5194 duobus
2394 5136 2659 5193 fratribus
2692 5135 2808 5192 suis
2849 5154 2862 5191 :
2898 5143 2955 5191 et
2999 5135 3333 5206 accipientes
3369 5137 3496 5194 Scm
3544 5148 3602 5194 et
3637 5139 3732 5198 Ja-

2137 5231 2309 5304 pheth
2341 5225 2569 5303 pallium
2597 5230 2981 5301 imposuerunt
3008 5243 3175 5298 super
3190 5227 3301 5284 duo
3321 5227 3483 5285 dorsa
3515 5246 3731 5297 eorum,

2135 5327 2193 5379 et
2219 5323 2565 5379 incesserunt
2590 5330 2922 5387 retrorsum,
2953 5328 3009 5377 et
3047 5329 3392 5394 operuerunt
3424 5324 3734 5396 nuditatem

2132 5414 2307 5486 patris
2337 5413 2423 5469 sui
2466 5431 2478 5466 :
2509 5413 2788 5483 faciesque
2827 5427 3018 5468 eorum
3044 5427 3252 5468 aversae
3278 5421 3456 5480 erant,
3480 5423 3536 5470 et
3557 5415 3733 5484 patris

2135 5505 2442 5560 nuditatem
2496 5519 2607 5561 non
2651 5505 2931 5560 viderunt.
2976 5505 3270 5578 Evigilavit
3312 5516 3496 5564 autem
3533 5507 3654 5562 Noe
3697 5520 3730 5561 a

2133 5597 2284 5662 vino,
2307 5604 2364 5651 et
2391 5595 2648 5666 cognovit
2669 5611 3014 5668 quaecunque
3041 5597 3171 5654 fecit
3194 5598 3246 5653 ei
3277 5592 3422 5654 ﬁlius
3446 5598 3651 5669 junior,
3673 5604 3730 5652 et

2134 5690 2212 5746 ait
2255 5707 2267 5742 :
2312 5688 2635 5758 Maledictus
2673 5690 2964 5759 Chanaan,
2999 5705 3194 5748 servus
3238 5689 3574 5748 domesticus
3618 5687 3730 5745 erit

523 5875 577 5910 ⁸³
601 5876 745 5934 Gen.
781 5892 856 5940 rx,
890 5875 942 5941 ’1,
971 5875 1026 5929 2.
1093 5873 1138 5905 ⁸³
1161 5873 1335 5930 Exod.
1360 5892 1452 5941 xx,
1477 5874 1570 5932 2i.
1638 5876 1686 5909 ’⁸⁸
1708 5873 1891 5934 Eccle.
1921 5887 2015 5945 vn,

2175 5861 2180 5866 ’
2209 5871 2254 5905 ⁸⁸
2281 5871 2443 5931 Prov.
2481 5887 2607 5942 xxx,
2659 5871 2757 5950 l7.

746 5968 1025 6032 PATROL.
1072 5966 1189 6027 Gn.
1236 5966 1442 6030 LXIX.

3378 5957 3420 6026 3
