4092 6494
442 401 531 463 ’75

1484 395 1577 451 'S:
1596 391 1874 452 CYRILLI
1916 392 2044 449 ΑιἘ

2151 393 2388 450 NDRTNI
2428 396 2747 454 ARCIHEP.
3678 410 3746 471 76

457 523 720 584 fratribus
740 521 874 588 suis,
893 530 946 576 et
967 520 1043 575 ait
1068 539 1078 573 :
1103 517 1434 574 Benedictus
1447 515 1714 570 Dominus
1734 515 1878 569 Deus
1898 513 2044 578 Sem,

2156 516 2437 584 γύμνωσιν
2482 517 2575 570 τοῦ
2624 518 2831 589 πατρὸς
2888 519 2988 573 οὐκ
3039 516 3199 579 εἶδον.
3238 521 3492 596 Ἐξένηίῖίε
3528 527 3585 581 δὲ
3624 528 3746 584 Νῶε

450 621 512 668 et
533 610 640 666 erit
667 609 927 667 Chanaan
962 622 1159 663 servus
1198 606 1337 677 ejus.
1371 604 1569 660 Dilatet
1602 604 1747 660 Deus
1786 603 2045 675 Japheth,

438 712 511 757 eet
544 702 754 757 habitet
787 702 841 757 in
886 699 1141 757 tentoriis
1169 697 1317 763 Sem,
1345 708 1402 753 et
1440 696 1533 752 ﬂat
1560 695 1821 753 Chanaan
1856 713 2049 755 servus

444 794 573 865 ejus
597 795 664 849 ".
702 814 722 847 ι
752 794 866 849 Noe
897 793 1045 848 enim
1071 806 1195 846 cum
1229 790 1446 845 vineam
1476 788 1794 859 plantasset,
1825 788 1941 844 suis
1965 788 2045 843 la-

454 885 686 941 boribus
722 884 974 949 vacabat,
1011 890 1173 952 atque
1200 879 1393 935 ebrius
1419 887 1619 950 praeter
1664 894 1874 934 morem
1910 878 2045 934 eii‘e-

452 988 577 1035 ctus
590 986 693 1033 est.
717 974 882 1046 Atqui
907 973 1189 1045 inopinata
1220 970 1487 1027 ebrietate
1516 978 1803 1040 correptus
1828 978 1933 1035 est,
1959 969 2045 1023 in-

451 1072 601 1127 scius
625 1078 791 1139 atque
815 1066 1138 1138 imprudens
1171 1064 1423 1121 detectus
1447 1070 1553 1129 est,
1584 1062 1732 1117 domi
1765 1069 1822 1116 et
1847 1077 1879 1117 a
1905 1060 2047 1116 mul-

450 1166 522 1218 tis
552 1178 666 1217 non
695 1161 866 1217 visus.
898 1159 1000 1214 Hic
1024 1174 1157 1215 vero
1186 1172 1383 1229 parum
1419 1171 1567 1212 sanae
1582 1155 1813 1220 mentis,
1848 1153 2044 1223 Cbam,

444 1257 693 1325 inquam,
727 1270 797 1309 ex
828 1251 1129 1324 spectaculi
1154 1251 1504 1307 deformitate
1529 1249 1676 1325 risus
1700 1247 2046 1303 occasionem

446 1347 708 1418 captavit,
740 1360 922 1416 neque
948 1345 1127 1401 solum
1149 1359 1263 1400 non
1284 1344 1514 1409 obtexit,
1539 1349 1705 1412 atque
1727 1355 1887 1412 opem
1923 1341 2048 1397 tulit

442 1439 595 1510 patri
622 1455 743 1504 suo,
777 1453 944 1508 quem
970 1437 1161 1492 vinum
1200 1436 1409 1491 vicerat
1439 1441 1605 1504 atque
1628 1441 2042 1507 prostraverat:

446 1530 796 1597 sed,.omissa
823 1528 928 1584 hac
956 1543 1110 1593 cura,
1140 1537 1198 1583 et
1226 1526 1434 1581 honore
1456 1525 1551 1595 qui
1577 1521 1791 1595 parenti
1812 1522 2046 1578 debetur

448 1624 719 1696 neglecto,
746 1622 886 1677 alios
922 1621 1089 1677 etiam
1114 1620 1184 1675 ad
1222 1617 1581 1691 spectandum
1614 1614 1830 1683 invitat,
1861 1624 1920 1672 et
1956 1629 2043 1671 se-

448 1733 580 1775 nem
614 1726 877 1789 tanquam
909 1716 966 1770 in
1003 1730 1167 1771 scena
1198 1711 1468 1768 fratribus
1500 1708 1852 1765 irridendum
1874 1723 2044 1780 expo-

447 1809 551 1864 nit.
578 1809 661 1864 illi
687 1823 823 1864 vero
842 1805 1056 1863 nefario
1082 1804 1231 1860 illius
1253 1801 1485 1858 consilio
1508 1816 1623 1856 non
1642 1800 2043 1866 auscultarunt,

2154 607 2262 662 ἀπὸ
2295 607 2388 661 τοῦ
2434 610 2599 674 οἴνου,
2631 611 2725 664 καὶ
2778 611 2919 681 ἔγνω
2948 614 3047 667 ὅσα
3080 614 3337 685 ἐποίησεν
3372 617 3521 688 αὐτῷ
3558 621 3587 672 ό
3631 620 3745 686 υίὸς

2155 697 2319 753 αὑτοῦ
2351 702 2379 753 6
2404 698 2685 769 νεώτερος,
2707 701 2801 755 καὶ
2818 698 2990 758 εἷπενο
3046 704 3479 778 Ἐπικατάρατος
3500 709 3742 775 Χαναὰν,

2156 794 2284 855 παῖς
2314 792 2532 863 οἰκέτης
2560 793 2717 846 ἔσται
2767 797 2880 858 τοῖς
2931 795 3182 866 ἀδελφοῖς
3213 797 3399 862 αὑτοῦ,
3430 798 3527 851 καὶ
3567 795 3741 853 εἶπενο

2154 882 2459 953 Εὐλογητὸς
2492 882 2699 954 Κῦριος
2749 884 2779 937 6
2822 885 2957 949 Θεὸς
2996 885 3139 957 Σὴμ,
3184 887 3280 940 καὶ
3324 886 3477 941 ἔσται
3523 888 3744 943 Χαναὰν

2157 976 2285 1038 παῖς
2308 973 2495 1028 αὑτοῦ.
2537 975 2812 1030 Πλατύναι
2850 978 2879 1030 6
2913 975 3048 1041 Θεὸς
3094 976 3407 1048 τῷἾάφεθ,
3443 979 3538 1032 καὶ
3565 996 3746 1033 κατοι-

2155 1067 2379 1138 κησάτω
2416 1069 2475 1120 ὲν
2502 1069 2616 1131 τοῖς
2646 1066 2968 1139 σκηνώμασι
3006 1068 3147 1141 Σὴμ,
3182 1071 3279 1124 καὶ
3317 1071 3603 1142 γενηθήτω
3634 1073 3747 1126 Χα-

2152 1158 2290 1212 ναὰν
2333 1160 2463 1223 παῖς
2495 1158 2681 1212 αὐτοῦ.
2718 1178 2734 1210 ι
2780 1160 2903 1214 Νῶε
2941 1160 3039 1231 μὲν
3071 1161 3182 1232 γὰρ
3234 1161 3533 1233 ἀμπελῶνα
3566 1180 3742 1233 πεφυο·

2151 1249 2387 1316 τευκὼς,
2419 1250 2530 1305 τῶν
2555 1252 2773 1306 οἰκείων
2799 1253 3109 1324 ἐνεφορεῖτο
3136 1253 3334 1318 πόνων,
3368 1253 3464 1308 καὶ
3498 1254 3745 1319 κάτοινος

2156 1343 2259 1416 μὶν
2301 1342 2588 1416 ἀσυνήθως
2619 1340 2708 1416 ἦν.
2755 1344 3044 1417 Ἀδόκητον
3071 1345 3128 1400 δὲ
3168 1346 3436 1415 φιλοινίας
3470 1347 3742 1419 ἔγκλημα,

2151 1439 2250 1512 τὴν
2299 1440 2624 1512 ἀνεθέλητον
2667 1441 2966 1512 ὑπομείνας
3012 1439 3315 1512 γύμνωσιν,
3350 1439 3494 1493 οἴκοι
3544 1455 3605 1492 τε
3649 1438 3747 1493 καὶ

2151 1530 2398 1594 ἄποπτος
2417 1526 2486 1602 ἦν
2508 1533 2619 1595 τοῖς
2644 1530 2878 1595 πολλοῖς.
2926 1532 2984 1586 '0
3006 1530 3062 1584 δὲ
3082 1530 3179 1596 τὰς
3208 1531 3412 1603 φρένας
3442 1530 3542 1585 οὐκ
3568 1532 3748 1602 ἀσφα-
3858 1561 3868 1567 ο

2152 1622 2270 1695 λὴς,
2303 1625 2449 1696 φημὶ
2477 1622 2541 1697 δὴ
2580 1624 2673 1679 τὸν
2698 1622 2852 1696 Χὰμ,
2879 1624 2977 1696 τῆς
3000 1624 3129 1689 θέας
3165 1623 3229 1678 τὸ
3251 1624 3496 1696 ἀπρεπὲς
3528 1624 3745 1679 ἀνοσίου

2152 1713 2388 1784 γέλωτος
2413 1715 2653 1769 ἐποιεῖτο
2689 1715 2996 1787 πρόφασινο
3023 1714 3199 1769 καίτοι
3237 1714 3623 1787 καταμφιάσαι
3660 1714 3745 1784 δὲ,

2157 1808 2440 1880 μονονουχὶ
2464 1808 2519 1862 δὲ
2548 1808 2645 1863 καὶ
2673 1808 2952 1881 ἐπαμῦναι
2983 1804 3064 1880 τῷ
3083 1807 3336 1879 φύσαντι,
3388 1807 3529 1881 μέθῃ
3550 1807 3746 1861 πλεον-

447 1917 514 1958 ac
539 1902 725 1973 potius
760 1907 1023 1957 eventum
1067 1898 1151 1953 rei
1194 1895 1611 1967 redarguentes,
1652 1904 1710 1950 et
1747 1894 2044 1964 spectaculi

2152 1900 2489 1973 εκτουμένῳ,
2527 1900 2763 1965 καὶτοῖς
2799 1901 2861 1966 ἐξ
2887 1899 3032 1955 οῐνου
3074 1899 3412 1970 πταίσμασιν
3439 1900 3745 1971 ὑπενηνεγ-

443 1991 856 2047 deformitatem
888 1989 1139 2047 vestibus
1166 1987 1528 2052 occultantes,
1555 1993 1862 2041 retrorsum
1889 1985 2041 2042 ince-

445 2082 670 2139 debant.
702 2082 894 2139 Visum
921 2081 1072 2136 enim
1111 2079 1245 2150 ipsis
1286 2086 1373 2134 est
1414 2077 1504 2148 pie
1546 2092 1728 2149 agere,
1751 2085 1809 2132 et
1833 2076 2045 2134 femora

445 2177 645 2247 patris,
667 2191 768 2247 per
788 2190 912 2246 qua:
937 2173 1046 2229 orti
1071 2181 1246 2238 erant,
1281 2170 1544 2227 revereri.
1588 2171 1884 2240 Postquam
1912 2183 2043 2225 vero

446 2268 861 2342 expergefactus
879 2275 983 2334 est,
1008 2267 1263 2323 conscius
1282 2265 1386 2321 fuit
1409 2264 1489 2320 rei
1508 2271 1686 2336 pater,
1712 2262 1819 2335 43
1849 2270 1908 2318 et
1929 2277 2044 2317 ma-

445 2358 639 2416 ledixit
668 2359 855 2414 statim
895 2357 968 2423 ei,
1002 2357 1096 2428 qui
1141 2355 1343 2412 debitae
1388 2356 1493 2428 ipsi
1533 2354 1858 2410 reverentiae
1894 2354 2046 2425 leges

446 2461 657 2511 temere
700 2451 937 2508 violarat
979 2469 992 2505 :
1035 2458 1091 2506 et
1133 2449 1418 2506 servitutis
1458 2449 1649 2521 iugum
1698 2446 1804 2517 ipsi
1843 2446 2043 2503 merito

443 2545 680 2617 imponit
708 2543 1004 2600 :Chanaan
1030 2554 1235 2599 vocans
1263 2548 1493 2613 propter
1517 2555 1634 2606 eos,
1671 2538 1767 2609 qui
1805 2554 1875 2594 ex
1921 2538 2043 2609 ipso

445 2636 647 2693 orituri
670 2643 829 2692 erant
849 2635 1211 2699 Chananteos,
1241 2632 1338 2704 qui
1377 2630 1631 2703 supplicii
1663 2630 1839 2702 ipsius
1866 2631 2040 2702 parti-

440 2727 597 2799 cipes
638 2725 809 2782 futuri
855 2730 1035 2779 erant.
1074 2722 1138 2778 in
1177 2721 1493 2777 universam
1530 2720 1679 2775 enim
1720 2718 2041 2789 progeniem

444 2834 607 2891 poma
637 2827 933 2891 propagata
955 2823 1059 2872 est.
1093 2813 1387 2871 Benedixit
1409 2819 1594 2869 autem
1625 2816 1709 2869 eis
1735 2812 1829 2884 qui
1860 2812 2038 2884 ipsum

444 2912 804 2967 honorat-ant.

446 3014 528 3074 εἰς
559 3007 721 3064 αὑτὸν
750 3004 1302 3077 αίδοῦςὴφειδηκότα
1350 3003 1700 3078 παραλόγως,
1741 3002 1836 3056 καὶ
1880 3001 2043 3072 ζυγὸν
2080 3002 2230 3077 αὐτῷ
2258 3005 2350 3059 τὸν
2375 3006 2648 3061 οἰκετικὸν
2684 3006 2926 3061 ἐπετίθει
2989 3006 3236 3073 δικαίως,
3293 3004 3514 3062 Χαναὰν
3542 3005 3749 3078 όνομά-
3840 3026 3846 3037 ’

2152 1991 2323 2064 μένῳ.
2373 1990 2539 2046 Ἀλλὰ
2571 1991 2862 2064 παρεὶςτὰ
2904 1991 3112 2057 τοιάδε,
3156 1991 3255 2046 καὶ
3291 1989 3394 2064 τῆς
3425 1993 3505 2056 είς
3527 1991 3624 2046 τὸν
3646 1991 3747 2063 φύ-

2152 2099 2323 2138 σαντα
2353 2084 2517 2156 τιμῆς
2544 2083 2606 2138 οὐ
2651 2084 2889 2157 μετρίως
2925 2083 3233 2156 ὀλιγωρῶν,
3283 2082 3566 2155 προξενεῖν
3596 2085 3746 2139 Ensi-

2149 2191 2323 2246 retat,
2343 2178 2460 2241 τοῖς
2508 2176 2691 2242 ἄλλοις
2739 2178 2841 2249 τὴν
2899 2176 3051 2240 θέαν.
3077 2178 3173 2233 καὶ
3229 2177 3434 2250 σκηνὴν
3480 2172 3575 2233 οἷά
3620 2196 3746 2236 τινα

2148 2267 2410 2339 προσθεὶς
2440 2266 2532 2321 τὸν
2554 2268 2894 2341 πρεσϐύτην,
2926 2269 3093 2341 γελᾷν
3124 2269 3411 2325 ἀναπείθει
3442 2271 3571 2335 τοὺς
3592 2270 3749 2326 ἀδελ-

2147 2359 2303 2433 φούς.
2357 2361 2482 2416 Οἵδε
2506 2353 2649 2433 ἦσαν
2691 2362 2950 2434 ἀμείνους
2984 2365 3085 2435 τῆς
3114 2365 3171 2418 ὲν
3218 2360 3368 2436 αὐτῷ
3395 2362 3742 2430 δυσϐουλίαςθ

2145 2453 2639 2524 κατασοφιζόμενοι
2668 2455 2725 2508 δὲ
2755 2446 2815 2509 τὸ
2861 2454 3235 2528 συμϐεϐηκὸς,
3262 2457 3356 2510 καὶ
3392 2458 3491 2527 τῆς
3523 2455 3658 2521 θέας
3687 2457 3747 2511 τὸ

2144 2542 2382 2609 ἀκαλλὲς
2415 2548 2530 2611 τοῖς
2562 2544 2971 2618 περιϐλήμασιν
3002 2545 3376 2616 ἀφανίζοντες,
3400 2546 3595 2600 ἀνόπιν
3621 2545 3751 2602 ὲϐά-

2144 2634 2313 2702 διζον.
2349 2637 2555 2692 Ἐδόκει
2587 2637 2697 2710 γὰρ
2725 2637 2971 2692 εὐσεϐεῖν
3000 2638 3208 2703 αὐτοῖς,
3254 2638 3348 2691 καὶ
3392 2636 3606 2708 μηροὺς
3655 2638 3747 2691 αί-

2143 2727 2353 2782 δεῖσθαι
2378 2730 2608 2798 πατρὸς,
2625 2728 2691 2782 δι’
2731 2723 2806 2784 ὧν
2833 2731 2927 2783 καὶ
2958 2729 3269 2798 γεγόνασιν.
3302 2728 3456 2783 Ἐπεὶ
3481 2729 3538 2785 δὲ
3559 2728 3749 2800 διεγη-

2147 2818 2415 2890 γερμένος
2443 2821 2502 2873 ὲν
2533 2820 2786 2891 αίσθὴσει
2833 2815 2929 2874 τοῦ
2972 2821 3296 2893 πράγματος
3343 2821 3569 2891 γέγονεν
3590 2822 3620 2875 6
3645 2838 3749 2874 m-

2146 2905 2276 2980 τὴρ,
2310 2911 2585 2983 ἐπαρᾶται
2626 2910 2727 2980 μὲν
2746 2910 2909 2976 εὐθὺς
2931 2912 3023 2964 τὸν
3048 2910 3145 2964 τοῦ
3173 2913 3500 2983 πρέποντος,
3531 2912 3750 2984 καὶτῆς

445 3100 559 3167 ζων
606 3102 696 3155 διὰ
733 3102 862 3165 τοὺς
910 3098 971 3165 ἐξ
1012 3097 1177 3153 αὑτοῦ
1240 3097 1604 3160 Χαναναίους,
1643 3096 1694 3150 οἳ
1727 3097 1822 3152 καὶ
1854 3096 1954 3169 τῆς
1995 3095 2153 3168 δίκης
2196 3099 2348 3172 αὐτῴ
2414 3099 2778 3173 συμμεθέξειν
2827 3100 3075 3172 ἔμελλον.
3104 3101 3386 3178 Παγγενῆ
3443 3101 3553 3173 γὰρ
3622 3103 3749 3157 ἑκο-

449 3192 665 3258 λόιξετο.
696 3192 980 3263 Εὐλόγηκε
1015 3191 1072 3245 δὲ
1098 3191 1226 3254 τοὺς
1251 3191 1614 3261 τιμήσαντας.

3524 3206 3553 3227 κ

520 3288 576 3343 2.
597 3286 940 3360 Signiﬁcavit
956 3294 1141 3341 autem
1162 3286 1269 3340 hoc
1286 3285 1466 3357 ipsum
1485 3299 1746 3340 arcanum
1765 3284 2042 3357 quoddam

2220 3286 2285 3357 β’.
2326 3282 2619 3354 Ἐμφήνειε
2649 3278 2695 3335 δ’
2727 3279 2795 3335 ἂν
2834 3277 3251 3352 αίνιγματωδῶς
3278 3277 3372 3333 καὶ
3398 3277 3517 3333 τόδε
3544 3278 3618 3352 δὴ
3647 3278 3754 3336 πά-

447 3380 519 3437 de
549 3380 755 3437 Iudaeis
778 3381 1124 3452 mysterium.
1150 3378 1289 3434 Tres
1304 3376 1452 3432 enim
1487 3392 1679 3433 omnes
1702 3377 1893 3449 populi
1918 3377 2040 3433 fue-

451 3481 603 3528 runt.
640 3471 915 3528 Nimirum
945 3471 1040 3541 qui
1070 3471 1128 3526 in
1144 3471 1330 3542 primo
1371 3476 1650 3540 tempore,
1678 3467 2041 3541 quemadmo-

450 3567 583 3620 dum
637 3573 694 3619 et
724 3562 849 3620 Sem
885 3581 897 3617 :
929 3562 1100 3618 medii
1169 3578 1324 3628 vero,
1383 3562 1479 3633 qui
1538 3578 1638 3633 per
1685 3561 2043 3617 maledictum

449 3658 623 3713 Citam
673 3655 1060 3728 intelliguntur
1089 3673 1102 3711 :
1141 3655 1288 3712 tertii
1312 3660 1495 3710 autem
1532 3670 1597 3710 ac
1629 3655 1917 3725 postremi,
1945 3670 2045 3725 per

449 3749 711 3804 ultimum
730 3747 989 3819 Japheth,
1041 3747 1134 3819 qui
1171 3748 1571 3818 interpretatur
1599 3745 2045 3803 dilatatio.Post-

452 3852 620 3911 quam
642 3854 775 3895 vero
803 3839 967 3895 nobis
1004 3838 1268 3895 revelavit
1300 3838 1446 3893 Deus
1468 3852 1533 3893 ac
1568 3832 1733 3893 Pater
1757 3837 2042 3909 proprium

454 3930 680 3997 Filium,
716 3930 810 4003 qni
834 3947 933 4002 per
952 3931 1134 3987 femur
1163 3929 1529 4001 signiﬁcatur,
1578 3937 1635 3986 et
1658 3938 1927 4000 quantum
1957 3937 2044 3984 at-

454 4027 597 4081 tinet
616 4026 684 4082 ad
711 4026 1056 4096 spiritualem
1081 4025 1313 4082 Deitatis
1330 4010 1826 4097 pulchritudinem,
1855 4016 2045 4079 defor-

414 4150 417 4153 -
456 4130 602 4173 mem
629 4127 794 4190 atque
824 4119 1185 4175 invenustum
1204 4118 1855 4191 propter-humanitatem
1884 4118 2047 4190 («Ne-

452 4224 563 4279 que
580 4209 729 4264 enim
749 4209 943 4265 habuit
959 4210 1215 4278 formam,
1241 4226 1424 4281 neque
1447 4208 1919 4280 pulchritudinem
1940 4208 2006 4275 ",
2021 4229 2038 4261 ι

449 4304 606 4375 juxta
644 4303 929 4374 prophetae
965 4302 1181 4375 vocem)
1207 4320 1222 4370 ;
1252 4312 1384 4358 tunc
1410 4302 1656 4368 demum,
1682 4301 2046 4373 quemadmo-

454 4397 588 4451 dum
613 4397 729 4467 ipse
748 4410 936 4451 rerum
955 4397 1139 4451 exitus
1155 4396 1475 4460 testabitur,
1493 4396 1710 4467 primus
1735 4395 1963 4468 quidem
1982 4411 2048 4453 ae

454 4498 769 4561 postremus
801 4490 1060 4561 populus,
1123 4487 1232 4544 hoc
1282 4498 1387 4557 est,
1443 4489 1537 4560 qui
1579 4490 1737 4545 initio
1782 4506 1847 4545 ac
1881 4488 2046 4560 primi

456 4581 842 4648 crediderunt;
888 4597 1106 4637 necnon
1163 4583 1260 4652 qui
1304 4588 1532 4637 vocatus
1566 4591 1652 4638 est
1704 4583 1763 4637 in
1811 4581 2043 4647 ultimis,

457 4671 681 4727 reveriti
728 4679 857 4726 sunt
894 4666 1335 4727 Emmanuelem.
1400 4672 1690 4728 Benedixit
1728 4682 1914 4728 autem
1963 4672 2046 4729 eis

457 4760 605 4816 Deus
633 4775 697 4815 ac
724 4758 907 4817 Pater.
937 4758 1043 4828 Qui
1081 4775 1218 4829 vero
1259 4759 1405 4815 inter
1465 4760 1605 4816 duos
1630 4760 1797 4816 hosce
1827 4760 2045 4818 medius

457 4850 585 4920 fuit,
605 4851 848 4910 irridens
878 4848 1277 4935 Christqu'gb
1315 4852 1677 4935 humanitatis
1723 4850 2047 4909 deformita-

459 4942 595 5012 tem,
625 4954 682 5002 et
706 4945 802 5001 Dei
830 4936 1033 5001 Filium
1062 4930 1252 5000 multis
1284 4932 1601 5017 ignominiis
1628 4936 1889 5012 alliciens,
1922 4962 2043 5002 ser-

462 5036 694 5093 vitutem
711 5032 902 5104 subiit,
927 5046 983 5093 et
1002 5022 1150 5093 avita
1179 5034 1436 5094 libertate
1467 5036 1692 5093 excidit.
1728 5036 1887 5105 Quod
1911 5054 2044 5094 vero

2143 3351 2233 3433 λιν
2252 3376 2314 3430 τὸ
2482 3351 2594 3439 τοῖς
2648 3373 2927 3436 Ἰουδαίοις
2960 3351 3283 3444 μυστήριον.
3324 3373 3486 3445 Τρεῖς
3514 3351 3621 3445 μὲν
3642 3374 3753 3445 γὰρ
3786 3351 3795 3371 ’

2148 3474 2197 3527 οῖ
2231 3473 2441 3535 πάντες
2468 3469 2728 3539 γεγόνασι
2750 3466 2892 3533 λαοὶ,
2916 3466 3018 3518 ὅτε
3048 3468 3105 3519 ὲν
3131 3462 3334 3536 πρώτῳ
3358 3464 3540 3537 καιρῷ
3570 3465 3750 3520 καθά-

2148 3582 2254 3636 περ
2305 3564 2401 3617 καὶ
2446 3563 2475 3615 6
2521 3561 2678 3633 Σὴμ,
2729 3560 2823 3615 καὶ
2883 3558 2990 3631 μὴν
3055 3557 3151 3612 καὶ
3190 3557 3218 3609 6
3269 3556 3358 3612 διὰ
3397 3557 3567 3629 μέσου
3605 3560 3751 3614 κατά

2145 3657 2235 3711 τὸν
2266 3657 2543 3728 ἐπάρατον
2580 3653 2733 3724 Χᾶμ,
2775 3651 2869 3708 καὶ
2902 3653 2931 3705 6
2956 3650 3139 3723 τρίτος
3183 3651 3211 3704 ὁ
3244 3651 3459 3715 λοῖσθος
3490 3655 3671 3706 νοοῖτο
3703 3652 3749 3704 δ’

2147 3749 2213 3805 ἂν
2247 3748 2323 3813 ὡς
2361 3750 2419 3802 ὲν
2455 3747 2789 3810 τελευταίοις
2835 3744 3039 3815 Ἰἁφεθ,
3082 3745 3140 3808 ὃς
3181 3743 3551 3817 ἑρμηνεύεται
3592 3749 3752 3800 πλα-

2146 3842 2398 3912 τυσμός.
2441 3838 2659 3909 Ἐπειδὴ
2685 3837 2739 3891 δὲ
2764 3839 2895 3909 ἡμῖν
2921 3836 3274 3907 ἀπεκάλυψεν
3303 3839 3331 3892 6
3359 3836 3491 3901 Θεὸς
3515 3838 3614 3892 καὶ
3639 3839 3753 3892 Πα-

2146 3933 2252 4007 τὴρ
2289 3932 2380 3987 τὸν
2425 3931 2554 3986 ἴδιον
2584 3931 2744 3996 Υίὸν,
2789 3928 2848 3995 ὃς
2883 3930 2974 3985 διὰ
3023 3930 3215 4002 μηρῶν
3249 3929 3617 4002 σημαίνεται,
3655 3931 3753 3985 καὶ

2147 4030 2271 4085 ὅσον
2306 4023 2442 4101 ἧκεν
2472 4028 2648 4081 εἰπεῖν
2678 4027 2757 4090 είς
2787 4024 2850 4079 τὸ
2883 4025 3073 4095 νοητὸν
3101 4022 3202 4093 τῆς
3234 4022 3486 4094 θεότητος
3526 4023 3751 4087 κάλλος,

2148 4119 2436 4194 ἀσχήμονα
2471 4136 2532 4172 τε
2552 4118 2649 4173 καὶ
2688 4116 2901 4189 ἀτερπῆ
2932 4114 3023 4170 διὰ
3054 4115 3114 4169 τὸ
3141 4113 3504 4185 ἀνθρώπινον
3555 4134 3574 4168 ι
3611 4115 3752 4170 Οὐδὲ

2147 4213 2257 4285 γὰρ
2291 4207 2438 4283 εἶχεν
2494 4206 2657 4275 εἶδος,
2702 4209 2823 4264 οὐδὲ
2880 4207 3097 4272 κάλλος,
3133 4226 3151 4259 ι
3183 4207 3324 4262 κατά
3353 4207 3451 4278 τὴν
3480 4208 3580 4262 τοῦ
3613 4225 3755 4280 προ-

2149 4306 2318 4376 φήτου
2376 4306 2597 4375 φωνήν·
2654 4305 2776 4357 τότε
2821 4300 2886 4373 δὴ
2922 4301 3066 4366 τότε,
3112 4299 3258 4354 καθὰ
3294 4300 3390 4353 καὶ
3440 4299 3586 4371 αὑτὴ
3639 4298 3753 4352 τῶν

2148 4395 2493 4469 πραγμάτων
2542 4395 3044 4468 ὲπιμαρτυρήσειεν
3093 4390 3159 4446 ἀν
3205 4393 3241 4463 ἠ
3281 4389 3534 4454 ἔκϐασις,
3575 4391 3606 4443 6
3651 4390 3753 4461 μὲν

2149 4489 2367 4561 πρῶτός
2400 4505 2460 4541 τε
2510 4487 2602 4541 καὶ
2627 4485 2838 4549 λοῖσθος
2872 4484 3020 4547 λαὸς,
3055 4482 3336 4536 τουτέστιν
3358 4524 3373 4547 ,
3413 4482 3463 4534 oi
3501 4483 3564 4535 ὲν
3604 4482 3753 4554 ἀρχῇ

2149 4582 2245 4636 καὶ
2274 4579 2480 4654 πρῶτοι
2507 4579 2919 4641 πιστεύσαντες,
2945 4576 3039 4629 καὶ
3070 4575 3179 4647 μὴν
3217 4574 3312 4628 καὶ
3338 4574 3366 4628 6
3392 4572 3755 4645 κληθησάμεο

2150 4690 2239 4737 νος
2265 4674 2322 4727 ὲν
2359 4670 2626 4743 ἐσχάτοις,
2655 4669 3061 4737 δεδυσώπηνται
3090 4666 3182 4721 τὸν
3234 4667 3610 4739 Ἐμμανουήλ.
3646 4667 3754 4721 Εὐ-

2150 4765 2410 4837 λόγηνται
2437 4763 2492 4817 δὲ
2523 4763 2589 4817 δι’
2615 4760 2779 4816 αὑτοῦ
2809 4762 2961 4840 παρα
2986 4762 3080 4816 τοῦ
3108 4759 3243 4816 Θεοῦ
3280 4759 3373 4814 καὶ
3405 4759 3648 4830 Πατρός.
3694 4759 3755 4820 '0

2151 4846 2208 4913 δὲ.
2257 4876 2320 4929 γε
2362 4861 2474 4913 τοῖν
2518 4856 2664 4910 δυοῖν
2720 4854 2923 4927 μεταξὺ
2978 4855 3255 4924 γεγονὼς,
3312 4852 3755 4924 καταμειδιάσας

2151 4950 2343 5022 ὥσπερ
2378 4947 2617 5020 Χριστοῦ
2650 4948 2739 5003 διὰ
2770 4950 2832 5003 τὸ
2867 4950 2965 5021 τῆς
3008 4946 3429 5020 ἁνθρωπότητος
3475 4942 3750 5008 ἀκαλλὲς,

2152 5043 2249 5097 καὶ
2275 5042 2367 5096 τὸν
2399 5042 2465 5094 ὲκ
2491 5038 2626 5094 Θεοῦ
2659 5040 2940 5111 πεφηνότα
2954 5039 3082 5093 Υίὸν
3112 5036 3253 5094 κατὰ
3288 5035 3517 5098 πολλοὺς
3546 5035 3758 5107 ἀτιμά-

460 5126 635 5183 futuri
674 5129 787 5184 sint
822 5131 917 5201 qui
968 5130 1025 5185 in
1083 5130 1296 5186 ultimis
1330 5131 1674 5202 temporibus
1724 5147 1793 5186 ex
1838 5129 2044 5187 Iudaeis

2149 5150 2246 5198 σας
2268 5134 2523 5206 τρόπους,
2550 5134 2607 5186 ὲν
2633 5130 2711 5204 τῷ
2730 5133 2829 5204 τῆς
2849 5130 3096 5195 δουλείας
3116 5129 3508 5201 ἀπομεμένηκε
3531 5128 3752 5199 τρόπῳ,

462 5222 715 5286 credant,
735 5223 1044 5294 primorum
1066 5223 1287 5279 illorum
1317 5224 1616 5295 participes
1651 5240 1715 5279 ac
1737 5223 1896 5288 socii,
1930 5223 2047 5279 vel.—

464 5314 544 5369 uti
599 5315 653 5369 in
688 5330 856 5369 unam
886 5315 1166 5371 civitatem
1224 5316 1774 5395 sivc‘habitationcm
1822 5334 1887 5372 ac
1942 5316 2044 5373 do-

464 5426 615 5466 mum
675 5410 915 5476 collecti,
942 5410 1056 5479 hoc
1104 5420 1208 5477 est,
1248 5411 1571 5487 Ecclesium,
1616 5410 1916 5467 declaravit
1958 5409 2046 5464 di-

463 5519 630 5558 cens:
676 5500 914 5558 «Diiatet
937 5501 1084 5558 Deus
1104 5502 1339 5579 Japheth
1376 5504 1505 5576 (hoc
1538 5512 1643 5567 est,
1682 5503 1849 5559 tertio
1880 5511 2048 5571 atque

464 5596 679 5661 ultimo,
709 5594 905 5650 tertius
925 5594 1073 5650 enim
1103 5580 1388 5666 Japhcth),
1419 5605 1475 5650 et
1526 5594 1739 5651 habitet
1763 5595 1822 5649 in
1868 5595 2051 5650 domi-

463 5684 568 5742 bus
597 5685 722 5743 Sem
760 5686 889 5758 (hoc
916 5695 1020 5753 est,
1040 5684 1095 5740 in
1119 5686 1358 5757 primis),
1379 5696 1429 5742 et
1460 5686 1825 5742 iiatChanaan
1849 5702 2044 5743 servus

532 5865 578 5897 ⁸⁷
612 5866 747 5923 Gen.
794 5836 873 5934 nt,
910 5866 1096 5921 {8—27.
1186 5864 1228 5899 ⁸⁸
1258 5865 1363 5921 lsa.
1404 5844 1515 5932 ιλιι,
1547 5865 1602 5920 2.

2149 5226 2247 5281 καὶ
2276 5227 2375 5299 τῆς
2404 5225 2512 5279 τῶν
2546 5224 2799 5297 πατέρων
2834 5224 3146 5294 ἐλευθερίας
3181 5221 3512 5277 ἀπώλισθεν.
3543 5220 3671 5273 ’Ὁτι
3694 5218 3754 5272 δὲ

2134 5319 2373 5391 ’ἔμελλον
2432 5319 2482 5372 oi
2531 5320 2588 5373 ὲν
2637 5320 2889 5390 ἐσχάτοις
2945 5318 3159 5386 καιροῖς
3208 5316 3273 5369 ἐκ
3307 5313 3417 5368 τῶν
3471 5312 3756 5367 Ἰουδαίων

2150 5411 2540 5478 πιστεύσαντες
2562 5411 2670 5465 τῶν
2690 5410 2923 5483 πρώτων
2944 5406 3164 5462 ἔσεσθαι
3188 5403 3436 5460 κοινωνοὶ
3461 5405 3757 5477 μονονουχὶ

2151 5505 2244 5560 καὶ
2269 5505 2511 5576 όμέστιοι
2536 5521 2553 5536 ο
2586 5505 2681 5559 ἅτε
2706 5504 2769 5574 δὴ
2800 5503 2895 5557 καὶ
2931 5501 3012 5565 είς
3043 5500 3172 5572 μίαν
3204 5497 3624 5569 συνενεχθέντες
3652 5499 3756 5551 πό-

2150 5596 2254 5662 λιν,
2285 5597 2456 5668 ἧγουν
2482 5595 2705 5671 αὐλὴνῆ
2735 5593 2943 5656 ἑστίαν,
2965 5591 3213 5646 τουτέστι
3255 5590 3354 5662 τὴν
3391 5588 3752 5662 Ἐκκλησίαν,

2152 5686 2426 5757 ὑπέφηνεν
2453 5683 2960 5753 εἰπὼν,ιΠλατύναι
2993 5685 3021 5737 ὁ
3050 5681 3181 5747 Θεὸς
3210 5681 3289 5753 τῷ
3323 5678 3560 5751 Tarpeii,»
3590 5696 3753 5734 τουτ-
