4092 6470
364 327 428 383 77
1120 326 1144 337 "
1379 313 1903 380 CLAPHYRORUM
1943 325 1956 380 l

2062 324 2353 382 GENESIM
2392 321 2520 381 LIB.
2562 316 2628 381 11.
3579 329 3650 386 78

363 446 502 511 ἐστι,
533 441 606 515 τῷ
636 443 808 515 τρίτῳ
851 443 944 498 καὶ
974 445 1031 498 ὲν
1076 443 1348 516 ἐσχάτοις·
1387 446 1572 519 τρίτος
1609 447 1718 520 γὰρ
1759 451 1788 503 ό
1845 449 1947 503 Ἰά-

2062 451 2278 506 illorum
2307 451 2374 505 δ’.
2399 469 2416 503 ι
2449 451 2585 516 Hoc,
2627 449 2892 516 arbitror,
2934 459 3019 506 est
3059 451 3206 521 quod
3263 451 3518 508 Christus
3568 453 3638 509 ad

313 549 316 552 '
363 540 504 612 φεθ·ι
528 539 616 593 καὶ⁵
639 540 1026 611 κατοικησάτω
1049 559 1068 592 ι
1093 540 1150 593 ἐν
1165 543 1278 604 τοῖς
1300 542 1625 613 σκηνώμασι
1646 544 1740 598 τοῦ
1756 546 1830 617 Si;
1839 565 1895 616 μ,
1913 566 1930 598 ι

360 632 613 696 τουτέστι,
653 631 748 686 τοῦ
792 630 1036 702 πρώτου*
1091 633 1186 686 καὶ
1220 633 1506 706 γενηθήτω
1551 637 1773 691 Χαναὰν
1818 641 1947 702 παῖς

362 724 564 780 αὐτῶνθ
606 744 623 776 ›
659 724 841 792 τοῦτο,
883 721 1060 795 οἶμαι,
1089 725 1239 779 ἐστὶν
1264 726 1402 800 ὅπερ
1436 727 1541 798 ἔφη
1573 729 1808 800 Χριστὸς
1838 733 1948 792 τοῖς

373 819 630 874 Ἰουδαίων
679 819 908 890 δήμοις·
962 838 981 871 ι
1042 819 1246 890 Ἀμὴν,
1293 821 1444 892 ἀμὴν
1475 821 1618 891 λέγω
1666 825 1824 893 ὑμῖν,
1868 825 1953 877 ὅτι

362 913 460 975 πᾶς
495 913 522 965 ό
566 910 740 965 ποιῶν
780 911 882 981 τὴν
916 912 1195 982 ἁμαρτίαν
1218 953 1231 976 ,
1261 911 1449 976 δοῦλός
1478 914 1595 966 ἐστι
1631 914 1732 984 τῆς
1765 917 1950 986 ἁμαρ-

358 1001 487 1065 τίας.
521 1001 580 1054 '0
603 1001 661 1054 δὲ
687 1000 876 1064 δοῦλος
898 1002 959 1054 οὐ
989 1004 1138 1073 μένει
1170 1005 1228 1056 ὲν
1254 1005 1322 1074 τῇ
1356 1004 1504 1076 οἰκία
1535 1007 1615 1069 εἰς
1642 1005 1734 1059 τὸν
1756 1006 1950 1073 αἰῶνα,

356 1092 384 1144 ό
410 1091 518 1155 υίὸς
561 1091 712 1162 μένει
760 1093 842 1156 είς
880 1091 974 1145 τὸν
1025 1092 1199 1146 αἰῶνα
1223 1108 1235 1120 ⁸
1280 1111 1298 1144 ι
1332 1093 1427 1148 ἐὰν
1461 1091 1555 1148 οῦν
1586 1095 1614 1148 ὁ
1646 1095 1760 1160 υἱὸς
1810 1097 1955 1169 ὑμᾶς

357 1183 713 1258 ἐλευθερώσῃ,
739 1181 1017 1258 ἐλεύθεροι
1035 1186 1247 1245 ἔσεσθε.
1276 1188 1822 1258 Καταμειδιάσαντες
1844 1189 1954 1263 γὰρ

355 1281 402 1333 οἱ
434 1280 664 1344 τάλανες
719 1281 962 1334 Ἰουδαῖοι
1003 1281 1106 1352 τῆς
1133 1280 1226 1335 τοῦ
1258 1283 1512 1353 Σωτῆρος
1559 1285 1592 1353 ἠ
1603 1284 1721 1354 μῶν
1748 1286 1956 1340 οἰκονο-

2055 547 2287 616 populos
2313 543 2631 602 Iudaeorum
2667 543 2779 599 ait:
2822 563 2840 596 ι
2867 545 3062 612 Amen,
3101 561 3262 601 amen
3311 545 3437 602 dico
3467 545 3650 613 vobis,

2057 639 2204 708 quod
2239 639 2418 693 omnis
2447 638 2539 708 qui
2575 639 2704 694 facit
2725 648 3035 710 peccatum,
3063 654 3259 694 servus
3306 647 3389 694 est
3417 639 3651 710 peccati.

2059 729 2264 785 Servus
2296 739 2480 785 autem
2518 745 2633 786 non
2668 741 2854 787 manet
2915 732 2974 787 in
3029 732 3196 787 domo
3251 732 3304 786 in
3356 742 3652 797 zeternum,

2063 817 2210 878 filius
2268 835 2453 879 manet
2483 825 2538 879 in
2579 833 2850 880 mtcrnum
2873 823 2941 881 '°.
2978 845 2995 876 ›
3020 825 3078 880 Si
3122 840 3253 896 ergo
3280 840 3377 880 vos
3410 825 3558 880 ﬁlius
3581 825 3654 880 li~

2064 915 2361 977 beraverit,
2394 931 2523 969 vere
2549 915 2713 969 liberi
2741 915 2919 978 eritis.
2954 915 3259 969 Irridcntes
3279 914 3426 969 enim
3462 912 3654 968 miseri

2055 1005 2228 1063 Judmi
2292 1006 2591 1062 Salvatoris
2616 1007 2792 1062 nostri
2827 1007 3324 1079 dispensationem,
3356 1014 3412 1061 et
3437 1006 3656 1060 revela—

2059 1101 2266 1156 tionem
2288 1101 2508 1172 ipsiusa
2536 1101 2649 1155 Deo
2684 1117 2748 1156 ac
2771 1103 2936 1158 Patre
2972 1101 3028 1156 in
3069 1117 3169 1156 nos
3207 1101 3408 1155 factam
3440 1113 3656 1169 nequam

2059 1208 2225 1265 quam
2271 1200 2623 1260 venerantes,
2660 1192 2716 1247 in
2745 1193 2944 1264 spiritu
2995 1192 3278 1248 servitutis
3331 1204 3657 1262 permanse-

2062 1295 2212 1342 runt.

362 1373 502 1443 μίας,
525 1373 620 1427 καὶ
655 1374 756 1445 τὴν
782 1373 1135 1442 ἀποκάλυψιν
1164 1373 1330 1428 αὑτοῦ
1365 1375 1463 1446 τὴν
1509 1377 1660 1448 παρὰ
1691 1377 1786 1431 τοῦ
1815 1377 1952 1430 Θεοῦ
1995 1379 2089 1433 καὶ
2129 1379 2346 1452 Harpe;
2387 1380 2467 1443 είς
2498 1378 2644 1450 ἡμᾶς
2676 1377 2978 1450 γενομένην
3046 1370 3105 1430 οὐ
3171 1375 3528 1448 τετιμηκότες
3553 1416 3567 1438 ,
3599 1371 3660 1429 ἐν

358 1468 428 1540 τῷ
459 1467 561 1538 τῆς
587 1467 837 1532 δουλείας
874 1470 1223 1541 μεμενήκασι
1258 1468 1556 1540 πνεύματι.

421 1603 554 1673 Περὶ
589 1603 698 1657 τοῦ
733 1603 969 1672 πύργου
994 1601 1092 1658 καί
1121 1599 1227 1672 τῆς
1254 1602 1442 1659 αὑτοῦ
1470 1596 1875 1676 κατασκευῆς.

432 1716 728 1772 Ἐλελοίπει
761 1715 862 1788 μὲν
893 1716 1048 1770 οὐδὲν
1076 1718 1143 1788 τῇ
1184 1716 1499 1789 ἀνθρωπεία
1531 1717 1690 1787 φύσει
1721 1720 1860 1791 πρὸς
1890 1717 1952 1776 τὸ

2301 1596 2504 1680 “De
2542 1605 2682 1662 turri
2705 1615 2863 1678 atque
2898 1596 3012 1678 ejus
3040 1600 3413 1673 mdiﬁcatione.

2129 1723 2278 1778 Nihil
2301 1723 2556 1778 humanm
2586 1730 2801 1778 naturae
2831 1722 3026 1777 deerat
3051 1720 3118 1776 ad
3155 1729 3363 1776 rectam
3381 1719 3658 1775 constitu-

357 1807 410 1868 εὖ
445 1809 591 1866 εῖναι
637 1809 730 1865 καὶ
765 1810 1082 1881 εὐημερεῖν.
1118 1809 1308 1880 Πλήρη
1346 1808 1456 1880 γάρ
1489 1809 1664 1880 αὐτὴν
1700 1812 1956 1868 ἀπετέλει

2063 1817 2273 1872 tionem
2325 1815 2780 1886 felicitatemque.
2824 1814 3097 1870 Omnibus
3136 1814 3286 1870 enim
3326 1813 3490 1871 bonis
3536 1825 3662 1868 eam

357 1907 442 1962 καὶ
472 1904 680 1970 παντὸς
723 1903 1026 1974 ὲπίμεστον
1060 1899 1268 1969 ἀγαθοῦ
1303 1901 1332 1954 ὁ
1362 1900 1471 1955 τῶν
1514 1901 1654 1956 ὅλων
1695 1903 1956 1974 Ποιητής.

367 1999 756 2074 ’Υπενήνεκται
785 1999 844 2053 δὲ
874 1998 1016 2071 πρὸς
1042 1997 1105 2054 τὸ
1135 1999 1289 2070 μεῖον
1331 2000 1365 2068 ἡ
1421 1998 1556 2070 πρὶν
1599 1997 1812 2070 μεγάλη
1859 1998 1960 2068 ζη-

356 2095 621 2172 μιουμὲνη
655 2092 802 2148 κατὰ
847 2091 1024 2164 βραχὺ
1051 2131 1068 2158 ,
1109 2090 1184 2144 τὰ.
1222 2090 1292 2144 δι’
1329 2083 1407 2150 ὧν
1439 2086 1507 2162 ἦν
1535 2090 1687 2155 εἰκὸς
1727 2089 1960 2163 ὁρᾶσθαι

353 2189 572 2262 σεπτὴν,
611 2187 709 2242 καὶ
737 2185 948 2260 ἀρτίως
981 2183 1215 2256 ἔχουσαν
1256 2185 1339 2248 είς
1369 2182 1433 2237 τὸ
1478 2182 1599 2240 λίαν
1628 2181 1958 2255 ὲπιπρεπές.

352 2278 467 2338 υίον
498 2281 639 2354 φέρε
669 2280 880 2343 εἰπεῖν,
936 2275 1314 2349 ἅπημπόληκε
1357 2274 1456 2346 μὲν
1484 2276 1548 2330 τὸ
1585 2276 1867 2347 ἄφθαρτον
1901 2275 1961 2334 ἐν

362 2375 543 2446 Ἀδάμ.
582 2373 820 2445 Εἴρηται
844 2371 952 2444 γάρ
983 2369 1124 2444 πρὸς
1151 2364 1339 2437 αὐτὸν,
1373 2387 1391 2420 ι
1427 2369 1503 2440 Γῆ
1529 2365 1601 2436 εἳ,
1629 2369 1723 2424 καὶ
1753 2369 1833 2432 εἰς
1856 2369 1960 2437 γῆν

351 2467 649 2541 ἀπελεύσῃ.
688 2485 709 2520 ι
749 2464 1075 2535 Ἐστέρηται
1109 2462 1168 2518 δὲ
1202 2464 1346 2534 μετὰ
1374 2462 1537 2518 τοῦτο
1570 2460 1664 2516 τοῦ
1715 2461 1962 2533 πνεύμα-

351 2579 454 2626 τος.
495 2559 727 2631 Ἐπειδὴ
756 2557 868 2629 γὰρ
900 2556 1042 2628 μόνα
1077 2557 1302 2628 φρονεῖν
1334 2554 1626 2618 ἐθέλοντας
1653 2554 1726 2608 τά
1758 2553 1961 2628 σαρκὸς

350 2652 532 2708 ἀνόσιά
567 2668 638 2704 τε
673 2650 769 2706 καὶ
799 2647 1175 2721 μυσαρώτατα
1211 2646 1360 2719 πάθη
1389 2647 1518 2710 τοὺς
1548 2646 1644 2699 ἐπὶ
1678 2646 1782 2717 γῆς
1813 2644 1960 2717 ἐώρα

349 2743 496 2810 Θεὸς,
536 2763 560 2798 ι
604 2744 686 2798 Οὐ
718 2742 795 2814 μὴ
825 2739 1138 2814 καταμείνῃ
1176 2739 1240 2794 τὸ
1269 2738 1493 2811 πνεῦμά
1533 2756 1660 2812 μου,
1707 2759 1727 2792 ι
1766 2739 1956 2810 φησὶν,

353 2856 374 2892 ι
417 2841 474 2892 ὲν
517 2838 642 2900 τοῖς
682 2833 999 2907 ἀνθρώποις
1043 2833 1290 2901 τούτοις,
1333 2832 1424 2886 διὰ
1461 2830 1524 2886 τὸ
1574 2827 1714 2886 εἶναι
1760 2831 1960 2896 αὐτοὺς

351 2931 579 3002 σάρκας.
615 2946 635 2980 ι
674 2927 817 2982 Ἀλλ’
845 2927 958 2982 ἰδοὺ
981 2927 1048 2999 δή
1073 2943 1126 2980 τι
1149 2926 1244 2980 καὶ
1264 2924 1453 2997 ἕτερον
1477 2923 1747 2996 ὑπομένει
1771 2924 1954 2982 πάλιν.

358 3023 473 3078 Ἐπ’
498 3021 748 3086 ἀνοσίοις
773 3021 887 3092 γάρ
917 3019 1203 3091 σκέμμασι
1225 3019 1318 3074 καὶ
1345 3017 1720 3088 ἀποπλήκτοις
1757 3017 1958 3071 εἰκαιο-

347 3115 619 3180 6ουλείαις
635 3112 1086 3184 κατεγνωσμένοι
1110 3113 1258 3176 τινὲς
1283 3113 1366 3176 είς
1383 3110 1633 3182 ἑτεροίαν
1664 3109 1836 3181 αὐτὴν
1864 3109 1958 3164 καὶ

2062 1901 2284 1963 ιώιιιῖίίε
2340 1907 2656 1962 cumularat
2698 1915 2864 1976 atque
2913 1905 3163 1976 replerat
3197 1905 3371 1960 totius
3409 1902 3663 1959 universi

2057 1999 2316 2056 Creator.
2360 1999 2660 2056 lmminuta
2697 2007 2883 2054 autem
2929 2007 3034 2063 est,
3096 2013 3220 2068 quae
3260 1997 3417 2069 prius
3461 2012 3662 2068 magna

2061 2101 2201 2161 erat,
2230 2093 2536 2164 deperditis
2557 2093 2825 2165 paulatim
2855 2093 2924 2147 iis
2947 2108 3047 2164 per
3074 2108 3197 2162 quae
3227 2107 3328 2162 par
3370 2100 3491 2147 erat
3539 2107 3664 2146 eam

2061 2187 2466 2253 admirandam,
2497 2196 2663 2259 atque
2684 2187 2754 2242 ad
2771 2202 2992 2242 omnem
3025 2185 3246 2241 laudem
3271 2187 3479 2256 optime
3506 2201 3664 2241 com-

2061 2289 2308 2353 paratam
2321 2296 2464 2336 esse.
2483 2280 2555 2336 At
2571 2296 2682 2352 quo
2698 2287 2860 2351 pacto
2875 2280 2898 2333 ?
2925 2279 3164 2350 inquies.
3185 2279 3666 2350 lncorruptionem

2060 2375 2212 2431 enim
2243 2373 2796 2429 suam-commutavit
2827 2373 2885 2428 in
2915 2373 3109 2428 Adam.
3137 2373 3360 2429 Dictum
3395 2373 3545 2428 enim
3578 2382 3666 2429 est

2059 2466 2112 2522 ei
2137 2484 2149 2521 :
2180 2486 2197 2517 ι
2225 2465 2397 2522 Terra
2421 2481 2503 2531 es,
2534 2473 2592 2521 et
2626 2466 2683 2520 in
2712 2473 2913 2522 terram
2950 2466 3331 2520 reverteris“.
3376 2485 3394 2517 ι
3442 2465 3666 2522 Privata

2061 2559 2230 2622 etiam
2263 2567 2528 2630 praeterea
2565 2565 2651 2614 est
2679 2558 2900 2630 spiritu.
2935 2558 3075 2614 Cum
3097 2559 3246 2614 enim
3272 2559 3420 2614 Deus
3453 2568 3665 2614 murtae

2061 2653 2145 2709 les
2169 2653 2403 2725 impuris
2433 2660 2647 2709 tantum
2691 2661 2858 2724 atque
2899 2653 3260 2709 exsecrandis
3311 2653 3496 2708 carnis
3527 2653 3664 2708 atl'es

2062 2745 2247 2802 etibus
2280 2745 2534 2801 addictos
2566 2761 2689 2802 esse
2726 2740 3010 2802 cerneret:
3053 2765 3072 2798 ι
3094 2746 3214 2802 Νοη
3241 2747 3611 2817 permanebit,
3638 2765 3656 2798 ι

2064 2837 2267 2909 inquit,
2308 2858 2326 2891 ι
2347 2839 2580 2910 spiritus
2602 2855 2762 2895 meus
2795 2839 2850 2894 in
2872 2840 3197 2895 hominibus
3228 2840 3335 2906 his,
3360 2840 3486 2894 ideo
3515 2839 3665 2908 quod

2061 2937 2193 2983 sunt
2217 2929 2322 2998 ipsi
2353 2944 2550 2984 carnes
2577 2930 2642 2982 δ’.
2667 2948 2683 2980 ι
2711 2929 2819 2985 Sed
2852 2944 2982 2984 ecce
3001 2930 3172 2984 etiam
3201 2930 3353 2985 aliud
3376 2931 3510 3002 quid
3542 2946 3666 2986 sus-

2065 3020 2224 3076 tinet.
2287 3020 2525 3088 Quidam
2553 3021 2701 3076 enim
2734 3021 3030 3090 impiorum
3071 3021 3433 3077 consiliorum
3454 3029 3511 3076 et
3554 3030 3668 3077 stoé

2064 3112 2191 3168 lida:
2213 3112 2472 3168 vanitatis
2487 3112 2732 3168 damnati
2760 3113 3233 3184 lndiscrepantem
3255 3123 3420 3184 atque
3447 3114 3666 3171 discor-

346 3208 681 3280 ἀσύμφωνον
713 3205 1074 3278 ἐκκομίζουσι
1115 3204 1389 3274 γλῶσσαν.
1426 3221 1446 3256 ι
1479 3199 1589 3258 Ἦν
1623 3202 1722 3275 μὲν
1761 3202 1891 3274 γὰρ,
1931 3220 1950 3254 ι

2062 3205 2187 3260 dem
2209 3205 2453 3277 linguam
2484 3205 2764 3260 deferunt.
2787 3225 2803 3257 ι
2827 3207 2960 3260 Erat
2979 3205 3149 3272 enim,
3173 3225 3190 3256 ι
3212 3206 3413 3277 inquit,
3447 3226 3464 3258 ι
3482 3207 3666 3262 omnis

348 3302 498 3375 φησι,
545 3318 566 3354 ι
610 3301 764 3355 πᾶσα
791 3302 825 3372 ἡ
869 3299 940 3370 γῆ
975 3299 1151 3370 χεῖλος
1181 3297 1260 3365 ἓν,
1305 3298 1402 3353 καὶ
1445 3296 1597 3368 φωνὴ
1646 3295 1745 3367 μία
1795 3296 1952 3349 πᾶσι.

348 3396 453 3450 Καὶ
485 3395 713 3466 ἐγένετο
757 3394 816 3447 ὲν
857 3391 936 3464 τῷ
969 3392 1189 3463 κινῆσαι
1238 3392 1441 3454 αὐτοὺς
1488 3389 1598 3446 ἀπὸ
1641 3388 1952 3453 ἀνατολῶν,

349 3475 500 3556 εὗρον
527 3484 718 3538 πεδίον
749 3486 807 3538 ὲν
835 3485 908 3555 γῇ
931 3482 1163 3554 Σεναὰρ,
1197 3482 1294 3536 καὶ
1327 3481 1659 3552 κατῴκησαν
1685 3481 1826 3544 ἐκεῖ,
1861 3479 1957 3533 καὶ

349 3573 496 3632 εἶπεν
547 3575 845 3650 ἄνθρωπος
890 3575 970 3647 τῷ
1021 3575 1282 3647 πλησίον·
1311 3574 1499 3641 Δεῦτε,
1540 3573 1957 3645 πλινθεύσωμεν

349 3669 636 3735 πλίνθους,
667 3669 769 3723 καὶ
795 3669 1132 3739 ὀπτήσωμεν
1175 3667 1349 3730 αὐτὰς
1388 3666 1545 3738 πυρί.
1589 3667 1700 3720 Καὶ
1734 3665 1958 3735 ἐγένετο

349 3763 527 3827 αὐτοῖς
558 3765 594 3834 ἡ
633 3761 855 3825 πλίνθος
895 3761 976 3824 είς
1002 3759 1181 3814 λίθον’
1227 3760 1323 3813 καὶ
1362 3757 1637 3827 ἄσφαλτος
1674 3752 1744 3829 ἦν
1772 3757 1958 3821 αὐτοῖς

348 3858 375 3909 ὁ
407 3856 580 3920 πιλός.
637 3855 749 3909 Καὶ
791 3851 975 3919 εῐπαν,
1008 3853 1208 3921 Δεῦτε,
1260 3852 1709 3922 οἱκοδομήσωμεν
1744 3849 1957 3914 ἑαυτοῖς

351 3949 497 4004 πόλιν
527 3949 631 4002 καὶ
672 3949 916 4020 πύργον,
947 3939 1007 4001 οὗ
1037 3949 1070 4018 ἡ
1101 3945 1313 4018 κεφαλὴ
1350 3945 1503 4000 ἔσται
1533 3945 1641 4008 ἕως
1668 3943 1764 3997 τοῦ
1791 3943 1959 4015 οὐρα.

351 4041 458 4106 νοῦ,
506 4044 607 4097 καὶ
635 4043 955 4114 ποιήσωμεν
998 4041 1212 4102 ἑαυτοῖς
1245 4038 1417 4110 ὄνομα
1445 4036 1552 4109 πρὸ
1584 4035 1679 4090 τοῦ
1717 4035 1959 4090 διασπαά

352 4135 507 4207 ρῆναι
541 4134 643 4188 ἐπὶ
672 4135 855 4188 πᾶσαν
875 4135 975 4204 τὴν
999 4134 1123 4203 γῆν.
1147 4127 1288 4188 Εἶτα
1314 4133 1558 4186 κάτεισιν
1577 4131 1606 4182 ὁ
1632 4127 1786 4192 Θεὸς,
1813 4125 1958 4182 οὕτω

353 4225 455 4298 γάρ
486 4227 595 4300 ἔφη
628 4225 692 4280 τὸ
723 4226 967 4298 Γράμμα
996 4224 1058 4278 τὸ
1089 4223 1255 4295 ἱερὸν,
1293 4224 1390 4276 καὶ
1423 4223 1616 4291 συγχεί
1644 4219 1743 4291 μὲν
1777 4217 1958 4272 αὐτῶν

350 4321 444 4384 τὰς
468 4320 769 4390 γλώσσας,
797 4316 1272 4372 κατασκεδάννυσι
1309 4315 1367 4370 δὲ
1404 4316 1498 4369 καὶ
1535 4316 1616 4377 εἰς
1641 4313 1832 4366 «πᾶσαν
1862 4311 1960 4364 αὒ-

353 4419 473 4479 τοὺς
499 4413 601 4485 τὴν
631 4413 758 4483 γῆν.
789 4430 807 4464 ι
846 4410 1116 4481 Ἐπετίμα
1140 4410 1238 4480 μὲν
1260 4409 1370 4480 γὰρ
1396 4409 1508 4470 τοῖς
1533 4403 1957 4475 ἐπιχειρήμασιν

355 4507 380 4558 ό
406 4505 510 4560 τῶν
542 4507 687 4561 ὅλων
719 4504 872 4568 Θεὸς,
905 4504 964 4556 οὐ
993 4502 1132 4556 δέδιε
1169 4502 1226 4555 δὲ
1267 4490 1330 4556 τδ
1365 4499 1762 4572 συμπέρασμαο
1795 4496 1870 4559 ὡς
1898 4495 1956 4549 δὲ

357 4599 663 4672 ὁπὲροπτόν
690 4617 745 4652 τι
778 4594 1259 4668 βεϐουλευμένους,
1302 4585 1600 4666 ἡμερότητι
1631 4594 1697 4662 τῇ
1727 4587 1955 4660 ἐμφὺτῳ

355 4689 675 4761 χρώμενος,
723 4687 997 4741 ὑποπαὺει
1051 4683 1162 4738 τῶν
1209 4681 1624 4754 ἐγχειρημάτων
1677 4681 1742 4751 τῇ
1787 4675 1957 4730 πολυ-

353 4778 599 4850 γλωσσὴ.
622 4795 637 4809 ·
670 4776 956 4850 σημαίνων
983 4776 1064 4830 ὅτι
1095 4774 1196 4838 τὰς
1226 4773 1367 4844 ὑπὲρ
1396 4771 1682 4842 ἄνθρωπον
1710 4767 1956 4838 σκέψεις,

335 4875 448 4938 ,καὶ
482 4876 534 4928 εἰ
575 4873 828 4944 φέροιντό
865 4888 982 4935 πως
1006 4869 1095 4924 διὰ
1134 4867 1242 4923 τῶν
1279 4867 1600 4940 ἀμηχάνων,
1634 4865 1736 4918 οὐκ
1767 4864 1962 4916 ἀνεπι-

357 4965 632 5037 πλήκτους
666 4965 752 5035 ἐᾷ.
780 4961 963 5026 arma;
995 4961 1051 5016 δὲ
1094 4961 1288 5031 συγχεῖ
1310 4957 1410 5021 τὰς
1443 4955 1717 5026 γλώσσας,
1751 4953 1820 5008 τὰ
1849 4953 1959 5025 γάρ

354 5076 433 5112 τοι
469 5058 642 5129 μόνης
677 5055 778 5126 τῆς
821 5054 916 5108 τοῦ
957 5050 1306 5126 Δημιουργοῦ
1344 5049 1576 5121 δεόμενα
1607 5049 1824 5120 τέχνης,
1865 5047 1962 5101 καὶ

363 5152 458 5222 μέν
500 5169 587 5205 τοι
629 5151 725 5203 καὶ
765 5147 1048 5216 ἐξουσίας,
1079 5145 1376 5217 ἁρμόσειεν
1413 5143 1480 5196 ἂν
1526 5141 1627 5212 οὐχ
1662 5139 1834 5212 ἑτέρῳ
1883 5157 1961 5209 τῳ

359 5244 544 5310 ποθεν,
573 5241 689 5297 ἀλλ’
718 5239 871 5312 αὐτῷ
897 5239 962 5311 δὴ
997 5238 1092 5293 καὶ
1125 5237 1288 5310 μόνῳ.
1319 5233 1580 5306 Γλώσσης
1605 5234 1661 5290 δὲ
1691 5231 1964 5305 μεταπλα·

361 5337 492 5408 σμὺν
510 5377 526 5401 ,
565 5336 662 5389 καὶ
688 5335 750 5388 τὸ
789 5329 1176 5403 ὲξευρύνεσθαι
1207 5329 1363 5398 λόγον
1393 5329 1471 5392 είς
1501 5325 1620 5397 ⁴ἠχὼ
1647 5324 1747 5397 τὴν
1775 5324 1963 5394 διάφο-

360 5447 472 5499 ρον,
497 5427 725 5498 ἀναθείη
750 5444 841 5492 τις
883 5425 950 5481 ἂν
979 5424 1204 5488 εἰκότως
1248 5422 1328 5494 τῷ
1365 5438 1432 5491 γε
1472 5417 1690 5490 άληθῶς
1724 5417 1874 5489 μόνῳ
1901 5434 1961 5470 τε

359 5521 629 5576 καὶκατὰ
669 5521 834 5589 φύσιν
861 5514 1212 5589 Δημιουργῷ.
1263 5513 1613 5585 Ἀμοιρήσειε
1656 5509 1702 5566 δ’
1745 5510 1812 5565 ἂν
1843 5507 1962 5564 οὔτι

362 5632 462 5667 που
490 5614 554 5667 τὸ
580 5612 824 5682 γεγονὸς,
857 5608 952 5664 τοῦ
977 5608 1180 5680 σφόδρα
1206 5607 1428 5671 εἰκότως
1453 5602 1802 5676 διαγελᾶσθαι
1827 5603 1959 5658 δεῖν.

2061 3305 2210 3354 terra
2230 3299 2442 3354 labium
2477 3316 2672 3367 unum,
2709 3309 2766 3356 et
2785 3316 2890 3355 vox
2923 3316 3032 3355 una
3060 3301 3340 3356 omnibus.
3367 3302 3434 3356 Et
3457 3302 3665 3357 factum

2057 3399 2143 3447 est
2165 3407 2291 3446 cum
2312 3400 2672 3447 moverentur
2689 3393 2795 3464 ipsi
2817 3393 2890 3448 ab
2902 3392 3496 3458 Oriente,invenerunt
3512 3410 3664 3450 cama

2059 3498 2193 3554 pum
2217 3483 2273 3538 in
2301 3490 2446 3538 terra
2485 3483 2756 3549 Sennaar,
2776 3493 2833 3540 et
2869 3483 3266 3539 habitaverunt
3295 3484 3396 3549 ibi,
3433 3493 3488 3540 et
3525 3484 3668 3539 dixit

2060 3573 2228 3629 homo
2257 3573 2510 3644 proximo
2532 3589 2660 3629 suo:
2684 3573 2898 3640 Venite,
2925 3573 3191 3629 faciamus
3221 3575 3443 3639 lateres,
3480 3585 3537 3630 et
3568 3591 3664 3632 cov'

2060 3679 2298 3737 quamus
2313 3681 2410 3721 eos
2429 3665 2571 3736 igne.
2589 3665 2659 3720 Et
2673 3665 2852 3721 factus
2873 3676 2960 3720 est
2982 3665 3091 3721 illis
3104 3667 3245 3721 later
3262 3667 3316 3721 in
3331 3667 3594 3737 lapidem,
3609 3678 3668 3723 et

2060 3757 2314 3813 bitumen
2331 3758 2437 3814 fuit
2451 3759 2561 3812 illis
2575 3759 2788 3825 lutum;
2809 3765 2865 3814 et
2881 3759 3170 3813 dixerunt:
3192 3759 3409 3823 Venite,
3428 3758 3668 3815 aedifices

2061 3866 2186 3906 mus
2203 3850 2366 3905 nobis
2381 3850 2662 3905 civitatem
2675 3858 2730 3905 et
2747 3850 2942 3904 turrim
2953 3892 2966 3917 ,
2980 3851 3139 3922 cujus
3153 3851 3374 3905 culmen
3388 3851 3665 3923 pertingat

2061 3942 2130 3997 ad
2159 3943 2382 4008 oculum,
2403 3951 2458 3997 et
2474 3941 2823 3998 celebremus
2845 3957 3049 3996 nomen
3071 3948 3343 4007 nostrum,
3363 3949 3664 4012 antequam

2061 4033 2448 4104 dispergamur
2467 4048 2568 4104 per
2589 4032 2904 4088 universam
2931 4039 3156 4088 terram.
3180 4031 3390 4086 Deinde
3429 4031 3665 4089 descen-r

2061 4127 2144 4183 dit
2182 4129 2329 4184 Deus
2354 4127 2451 4200 (ita
2475 4126 2625 4182 enim
2647 4125 2727 4180 ait
2755 4141 2912 4181 sacra
2941 4124 3273 4198 Scriptura),
3291 4131 3346 4180 et
3371 4124 3663 4181 confundit

2062 4221 2288 4292 quidem
2313 4237 2508 4277 eorum
2531 4221 2772 4292 linguas,
2795 4219 3172 4291 dispersitque
3192 4235 3290 4275 eos
3304 4234 3405 4290 per
3435 4220 3663 4275 univer‘I

2064 4328 2181 4367 sam
2208 4321 2410 4368 terram
2439 4314 2506 4366 ⁸³.
2547 4333 2564 4362 ›
2605 4313 2728 4366 Non
2757 4313 2906 4366 enim
2935 4313 3150 4367 veritus
3173 4318 3260 4366 est
3289 4324 3484 4365 eorum
3519 4311 3664 4365 stul-

2064 4415 2148 4460 tos
2180 4413 2412 4462 conatus
2444 4407 2613 4470 Deus,
2658 4421 2839 4475 neque
2878 4403 3068 4475 perﬁci
3115 4403 3404 4474 permisit;
3433 4412 3490 4457 at
3527 4417 3665 4457 vero

2063 4513 2180 4564 eos,
2212 4506 2404 4568 utpote
2456 4513 2718 4568 arrogans
2739 4496 2956 4551 facinus
2992 4509 3297 4567 aggressos,
3331 4494 3519 4550 innata
3553 4494 3662 4550 sibi

2065 4589 2405 4660 benignitate
2441 4589 2926 4662 usus,linguarum
2944 4588 3271 4643 confusione
3305 4587 3379 4642 ab
3403 4587 3661 4643 instituto

2068 4691 2310 4748 revocat,
2363 4684 2684 4756 significans
2717 4684 2974 4749 consilia,
3004 4697 3128 4754 quae
3157 4697 3322 4753 supra
3377 4682 3661 4739 hominem

2071 4788 2201 4834 sunt
2250 4785 2306 4834 et
2352 4779 2421 4834 ad
2483 4776 3260 4850 impossibilia'contendunt,
3316 4786 3665 4846 nequaquam

2066 4870 2338 4943 impunita
2381 4871 2638 4942 relinqui.
2673 4869 2977 4926 Confundit
3031 4869 3217 4938 itaque
3247 4868 3462 4938 linguas
3498 4883 3510 4919 :
3543 4883 3666 4936 quas

2067 4965 2217 5022 enim
2241 4963 2415 5018 solius
2446 4959 2728 5019 Creatoris
2751 4961 2992 5016 artificio
3016 4969 3181 5030 atque
3198 4961 3444 5030 potentia
3471 4968 3662 5030 egent,

2065 5057 2277 5113 nemini
2308 5066 2458 5111 certe
2482 5055 2640 5110 alteri
2677 5070 2841 5126 quam
2875 5054 3000 5124 ipsi,
3038 5061 3093 5109 et
3115 5053 3340 5123 quidem
3367 5052 3490 5116 soli,
3527 5067 3664 5108 eon-

2067 5148 2322 5204 veniunt.
2357 5147 2583 5218 Lingua;
2608 5161 2742 5201 vero
2775 5145 3316 5208 transmutationem,
3361 5145 3664 5200 sermonis-

2070 5255 2179 5311 que
2209 5240 2268 5294 in
2316 5238 2596 5293 diversum
2649 5251 2846 5290 sonum
2901 5235 3408 5306 amplificationem,
3461 5236 3667 5291 merito

2071 5328 2198 5401 quis
2235 5328 2552 5384 solirevera
2580 5326 2912 5383 naturaliter
2947 5326 3235 5383 exsistenti
3269 5327 3519 5384 Creatori
3561 5328 3664 5382 tris

2069 5418 2278 5474 buerit.
2306 5416 2414 5489 45
2433 5417 2624 5490 Neque
2659 5433 2795 5474 vero
2835 5417 3119 5474 immerito
3167 5419 3389 5473 illorum
3435 5417 3664 5472 institus

2070 5519 2191 5567 tum
2243 5509 2541 5565 ridiculum
2580 5509 2758 5568 videri
2815 5512 3011 5582 possit.
3060 5511 3463 5568 Existimarunt
3488 5509 3661 5573 enim,

2069 5601 2264 5657 nescio
2291 5617 2404 5673 quo
2431 5609 2614 5673 pacto,
2645 5617 2703 5658 se
2745 5617 2814 5657 ex
2852 5603 3126 5659 lateribus
3159 5611 3215 5658 et
3267 5601 3385 5656 luto
3441 5597 3660 5667 turrim",

437 5792 480 5826 ιθ
517 5793 653 5850 Gen.
681 5809 754 5861 ιι,
789 5793 881 5848 27.
961 5791 1008 5823 ⁸ο
1044 5789 1203 5847 Joan.
1240 5788 1457 5859 “11,35.
1535 5787 1579 5821 ³¹
1608 5785 1746 5847 Gen.
1787 5799 1866 5859 ma
1904 5781 1956 5845 ιε

2067 5777 2288 5862 ."ﬁen.
2319 5800 2395 5855 vr,
2433 5784 2485 5840 5.
2565 5784 2614 5848 ⁸³
2637 5783 2773 5843 Gen.
2808 5800 2883 5855 xx,
2939 5783 3059 5840 1-8.
