4092 6476
421 304 489 361 79
1445 301 1512 358 ‘S.
1553 296 1832 358 CYRlL'Ll
1869 295 2341 352 ALEXANDRINI
2380 296 2697 354 ARCHIEP.
3619 296 3691 356 ευ

420 438 545 493 qum
579 417 646 477 ad
671 418 839 477 caelos
877 433 1051 489 usque
1091 417 1447 489 pertingeret,
1483 415 1754 473 aediﬁcare
1784 414 2008 469 omnino

2125 411 2482 484 Ὑπειλήφασι
2499 415 2627 483 γὰρ,
2646 411 2745 465 οὐκ
2769 404 2865 465 οἷδ’
2892 410 3062 479 ὅπως,
3082 409 3258 481 πάντη
3271 427 3331 464 τε
3355 411 3449 466 καὶ
3473 411 3690 479 πάντως

422 532 603 588 posse.
623 514 852 570 Fuerint
879 522 1063 568 autem
1093 511 1172 577 hi,
1202 510 1257 565 ni
1296 509 1472 574 fallor,
1504 517 1664 580 typus
1691 506 2006 564 Judaaorum

425 603 832 676 imprudentiae,
862 603 957 672 qui
988 617 1046 656 se
1073 601 1374 654 amicitiam
1410 613 1536 653 cum
1567 598 1682 652 Deo
1709 595 1850 651 inire
1883 610 2010 666 pos-

423 710 480 748 se
499 693 967 763 ,putabant,atque
992 699 1206 746 tantum
1232 704 1342 743 non
1366 687 1577 743 aditum
1610 686 1666 741 in
1683 687 1886 742 caelum
1902 685 2007 741 sibi

423 793 696 849 sternere,
725 798 838 838 non
860 798 924 836 ea
968 797 1091 852 quae
1112 781 1217 851 ipsi
1244 779 1537 850 placebant
1564 787 1832 850 grataque
1847 783 2008 833 erant

421 875 707 938 facientes,
745 890 924 942 neque
949 889 1049 943 per
1091 871 1256 927 ﬁdem
1300 871 1358 926 in
1395 870 1723 938 Christum;
1757 871 1854 927 sed
1893 871 2009 927 vel-

421 963 504 1017 uti
553 962 747 1016 turrim
782 960 1076 1030 quamdam
1107 959 1417 1031 erigentes,
1473 960 1680 1015 nudam
1726 976 1795 1016 ac
1835 959 2008 1016 solam

420 1064 637 1127 patrum
677 1068 904 1108 suorum
923 1051 1175 1122 gloriam,
1202 1060 1258 1107 et
1283 1051 1354 1106 ob
1395 1067 1516 1108 cam
1541 1069 1752 1108 summa
1778 1067 2008 1124 qumque

421 1145 808 1217 imprudenter
849 1144 955 1199 sibi
995 1143 1342 1215 pollicentes.
1390 1144 1597 1200 Passim
1643 1145 1790 1200 enim
1839 1143 2009 1200 Abra-

421 1238 549 1293 ham
577 1235 949 1300 nominantes,
983 1243 1039 1290 et
1077 1242 1422 1290 terrenarum
1449 1250 1635 1290 rerum
1657 1235 1881 1306 gloriam
1899 1235 2006 1291 sibi

420 1338 731 1385 astruentes
779 1329 1060 1383 videntur.
1109 1326 1384 1383 Cancrum
1432 1327 1609 1384 iratus
1662 1336 1749 1384 est
1777 1328 1860 1384 cis
1909 1329 2006 1399 qui

419 1423 620 1478 turrim
659 1421 1006 1478 aediﬁcabant
1039 1421 1204 1487 Deus,
1247 1428 1303 1475 et
1347 1419 1402 1474 in
1436 1420 1636 1474 multas
1665 1435 1762 1476 eos
1793 1421 2008 1492 linguas

419 1516 628 1571 divisit.
693 1513 852 1582 Quod
918 1530 1050 1569 vero
1104 1514 1212 1569 illis
1267 1512 1470 1569 accidit
1517 1521 1649 1569 tunc
1717 1517 2004 1586 temporis,

418 1607 706 1678 praedictio
752 1605 859 1661 fuit
893 1620 1085 1662 eorum
1121 1620 1243 1676 quae
1277 1604 1480 1662 Iudaeis
1497 1615 1830 1662 evenerunt:
1871 1607 2006 1663 sub-

419 1700 574 1756 limia
603 1698 756 1754 enim
795 1696 1093 1752 admodum
1128 1696 1460 1768 cogitantes,
1508 1703 1565 1751 et
1601 1709 1702 1767 per
1729 1711 1852 1766 quae
1898 1695 2005 1750 mi-

416 1793 572 1849 nime
607 1798 827 1861 oportet
847 1789 1058 1844 aditum
1082 1788 1190 1844 sibi
1217 1787 1286 1842 ad
1318 1787 1520 1844 coelum
1539 1799 1820 1859 parantes,
1841 1787 2006 1844 dissi-

421 1884 532 1955 pati
561 1881 766 1938 suntin
785 1880 966 1936 varias
993 1879 1228 1951 linguas,
1260 1878 1368 1935 hoe
1391 1887 1497 1945 est,
1548 1879 1605 1934 in
1643 1892 1838 1936 omnes
1870 1895 2006 1952 gen-

415 1984 524 2032 tes.
561 1971 805 2044 Dispersi
831 1971 980 2026 enim
1027 1978 1158 2028 sunt
1193 1983 1292 2027 sua
1315 1969 1562 2042 regione,
1611 1970 1754 2026 urbe
1795 1984 1864 2027 ac
1904 1970 2006 2026 do-

419 2067 604 2124 mibus
631 2064 871 2137 expulsi,
912 2072 969 2120 et
1010 2063 1141 2119 facti
1181 2073 1315 2120 sunt
1358 2062 1582 2119 erronei
1620 2063 1680 2119 in
1725 2061 2004 2136 gentibus,

415 2164 571 2233 juxta
597 2159 889 2231 Prophetae
919 2173 1107 2213 vocem
1140 2157 1206 2211 ⁵⁵.
1248 2157 1523 2213 Caeterum
1572 2156 1629 2212 in
1655 2155 1878 2213 Christo
1911 2172 2008 2212 va-

419 2255 590 2310 rietas
617 2251 933 2322 linguarum
959 2250 1168 2305 bonum
1192 2249 1412 2322 signum
1461 2256 1602 2304 erat.
1651 2247 2009 2319 Congregatis

418 2347 570 2401 enim
620 2343 908 2414 discipulis
933 2343 1022 2398 die
1048 2343 1402 2398 Pentecostes
1440 2339 1496 2395 in
1527 2355 1695 2395 unam
1746 2338 2006 2394 domum:

417 2440 671 2495 .caFactus
685 2444 789 2503 est,
821 2457 838 2488 ι
871 2435 1071 2506 inquit,
1110 2453 1128 2487 ι
1152 2443 1379 2506 repente
1407 2433 1476 2490 de
1505 2433 1646 2490 caelo
1666 2447 1837 2489 sonus
1882 2441 2008 2488 tan-

419 2545 586 2601 quam
612 2529 822 2599 impetu
850 2526 1128 2583 venientis
1160 2525 1324 2582 llatus
1341 2523 1709 2589 vehementis,
1743 2531 1800 2578 et
1824 2522 2007 2594 reple-

417 2623 503 2676 vit
530 2630 700 2678 totam
719 2621 947 2676 domum
971 2619 1067 2674 ubi
1101 2626 1262 2675 erant
1287 2617 1564 2674 sedentes.
1605 2615 1682 2672 ,Εἰ
1724 2616 1856 2671 visa:
1877 2623 2010 2672 sunt

419 2715 532 2771 illis
564 2715 818 2770 dissectaa
873 2712 1074 2784 linguae
1112 2711 1266 2766 velut
1304 2710 1498 2781 igneas,
1526 2708 1781 2778 seditque
1828 2721 2010 2778 super

417 2803 670 2876 singulos
685 2817 902 2868 eorum,
927 2811 983 2858 et
1004 2800 1200 2872 repleti
1231 2807 1360 2856 sunt
1389 2814 1582 2856 omnes
1633 2797 1840 2870 Spiritu
1885 2813 2012 2853 san-

418 2903 530 2961 cto,
554 2901 958 2966 cmperuntquc
999 2891 1152 2962 loqui
1205 2891 1332 2946 aliis
1360 2891 1588 2962 linguis,
1629 2898 1796 2961 prout
1836 2888 2010 2959 Spiri-

417 2995 512 3042 tus
533 2985 702 3041 dabat
720 2984 907 3056 eloqui
940 2983 1056 3038 illis
1083 2982 1150 3035 ".
1175 2999 1194 3032 ι
1250 2979 1395 3048 Quid
1421 2996 1558 3037 vero
1598 2978 2009 3050 loquebantur?

419 3079 808 3151 suppeditante
847 3074 1238 3168 ipsierpkirit-u
1288 3073 1511 3168 aditum
1561 3071 1630 3127 ad
1667 3086 1928 3168 superna,
1951 3080 2010 3126 et
2035 3109 2078 3168 ο

419 3186 709 3230 ascensum
732 3169 788 3225 in
815 3168 984 3224 caelos
1003 3167 1058 3221 in
1081 3165 1304 3223 Christo
1323 3179 1423 3235 per
1441 3163 1627 3229 ﬁdem,
1651 3163 2007 3233 omniumque

422 3282 521 3337 per
550 3263 872 3318 universum
899 3259 1090 3314 orbem
1124 3264 1394 3312 terrarum
1420 3256 1749 3326 linguarum,
1775 3255 1890 3310 sive
1910 3269 2010 3325 po-

420 3356 699 3428 pulorum,
723 3351 839 3406 sive
889 3349 1132 3420 gentium
1161 3347 1216 3401 in
1271 3346 1538 3401 unitatem
1581 3360 1910 3400 concursum
1949 3343 2008 3399 iu

421 3445 656 3516 Spiritu.
679 3440 1062 3498 Conﬁtebatur
1103 3437 1252 3493 enim
1298 3437 1478 3492 omnis
1506 3436 1692 3507 lingua
1718 3434 2006 3490 hominum

419 3536 664 3602 Christo,
716 3534 1000 3605 ipsiusque
1038 3529 1298 3602 mysteria
1344 3528 1693 3598 loquebatur.
1735 3526 2006 3594 Quocirca

419 3630 659 3686 varietas
677 3626 907 3698 quidem
929 3625 1242 3695 linguarum
1269 3623 1325 3678 in
1355 3621 1494 3678 turri
1519 3621 1736 3692 signum
1753 3628 1871 3676 erat
1895 3619 2009 3676 dis-

421 3719 714 3792 sipationis
761 3733 837 3772 .ac
871 3714 1286 3788 profugationis
1331 3714 1389 3769 in
1451 3729 1647 3769 omnes
1694 3722 1920 3784 gentes:
1948 3712 2008 3768 in

420 3813 643 3870 Christo
685 3825 817 3866 vero
858 3809 1072 3881 signum
1133 3822 1434 3864 concursus
1491 3805 1549 3860 in
1587 3805 1858 3860 unitatem
1905 3820 2011 3876 per

423 3905 719 3975 Spiritum.
747 3909 804 3958 et
819 3917 1074 3957 accessus
1092 3900 1161 3955 ad
1197 3900 1418 3956 cmlum.
1447 3898 1646 3954 Factus
1663 3897 1815 3954 enim
1844 3898 2008 3954 nobis

421 4003 510 4052 est
529 3993 781 4050 Christus
805 4012 822 4044 ι
850 3992 1018 4047 turris
1058 3991 1424 4057 fortitudinis,
1449 4010 1466 4042 ι
1506 3991 1663 4062 juxta
1686 3989 1798 4061 46
1843 3989 2005 4046 Psal-

423 4086 600 4141 mistte
637 4099 827 4140 vocem
866 4084 931 4147 ⁵⁸,
963 4083 1019 4138 in
1059 4098 1353 4154 supernam
1395 4082 1677 4138 civitatem
1724 4081 2008 4137 transmit-

424 4187 567 4243 tens,
606 4184 664 4232 et
707 4183 1023 4230 sanctorum
1080 4174 1404 4246 angelorum
1441 4172 1630 4230 choris
1665 4173 2004 4244 coniungens

420 4283 518 4324 eos
545 4268 640 4338 qui
665 4267 719 4321 in
757 4267 924 4323 terris
956 4265 1181 4337 degunt.

2113 503 2352 576 ἰσχύσειν
2439 505 2536 569 καὶ
2607 503 2769 576 ἄχρις
2817 502 2886 560 ἂν
2929 503 3108 558 αὐτῶν
3170 504 3416 575 οὐρανῶν
3477 506 3570 560 τὸν
3625 507 3692 562 ἐκ

2109 592 2333 647 πλίνθου
2364 610 2423 646 τε
2449 593 2543 646 καὶ
2577 593 2681 664 γῆς
2709 592 3104 665 ἀναδείμασθαι
3135 593 3366 664 πύργον.
3395 589 3519 648 Εἶεν
3547 595 3591 648 δ’
3624 595 3693 650 ἂν

2109 685 2190 748 εἰς
2209 683 2397 750 τύπον,
2417 680 2570 754 οἶμαί
2588 701 2714 749 που,
2740 683 2834 737 καὶ
2858 685 3013 738 αὐτοὶ
3027 683 3091 756 δὴ
3115 685 3276 740 πάλιν
3291 684 3392 754 τῆς
3424 685 3692 740 Ἰουδαίων

2111 780 2424 841 ἀσυνεσίας,
2448 778 2701 849 εὑρήσειν
2731 776 3108 849 ύπειληφδτων
3135 777 3233 847 τὴν
3268 777 3403 848 πρὸς
3444 776 3577 830 Θεὸν
3616 780 3693 830 oi-

2109 869 2398 940 κειότητα·
2444 867 2724 938 μονονουχὶ
2764 866 2822 921 δὲ
2863 867 2958 922 καὶ
2999 867 3169 938 αὐτὴν
3205 867 3305 938 τὴν
3346 869 3426 931 εἰς
3473 867 3542 920 τά
3580 865 3693 919 ἄνω

2111 962 2364 1034 πορείαν,
2397 961 2459 1015 οὐ
2489 961 2579 1015 διά
2606 977 2672 1030 γε
2705 959 2798 1014 τοῦ
2839 960 2971 1032 δρᾷν
3003 958 3219 1012 ἑλέσθαι
3245 959 3406 1031 τυχὸν
3441 959 3510 1013 τὰ
3543 957 3694 1029 αύτῷ

2108 1055 2367 1110 δοκοῦντα
2391 1055 2486 1110 καὶ
2507 1053 2654 1124 φίλα,
2677 1051 2800 1106 οὕτε
2827 1051 2932 1124 μὴν
2954 1051 3044 1106 διὰ
3069 1053 3304 1116 πίστεως
3332 1055 3430 1124 τῆς
3457 1054 3536 1116 εἰς
3555 1054 3694 1123 Χρι-

2112 1148 2255 1216 στὸν,
2277 1148 2392 1202 ἀλλ’
2421 1148 2612 1219 ὥσπερ
2632 1145 2755 1200 τινὰ
2777 1144 2989 1218 πύργον
3017 1144 3433 1211 ἐξανιστάντων,
3464 1145 3692 1217 ἀμαθῶς

2108 1241 2168 1296 τὸ
2194 1241 2286 1294 ἐπὶ
2311 1243 2491 1312 γυμνῇ
2540 1239 2634 1294 καὶ
2666 1238 2798 1310 μόνῃ
2827 1240 2893 1309 τῇ
2915 1237 3024 1290 τῶν
3046 1236 3300 1309 πατέρων
3320 1237 3541 1308 εὐκλείᾳ
3561 1253 3695 1307 φρο-

2109 1334 2268 1405 νῆσαι
2293 1333 2360 1388 τὰ
2392 1331 2590 1404 ὑψηλά.
2627 1331 2775 1385 Ἀνω
2798 1347 2859 1383 τε
2889 1327 2998 1400 γάρ
3017 1328 3112 1383 καὶ
3142 1331 3294 1384 κάτω
3315 1330 3406 1383 τὸν
3441 1329 3694 1400 Ἀϐραὰμ

2107 1425 2466 1498 ὀνομάζοντες
2485 1465 2498 1490 ,
2528 1424 2624 1478 καὶ
2655 1423 2862 1494 γηῒνοις
2895 1423 3179 1493 αὐχήμασι
3202 1420 3301 1494 τὴν
3334 1421 3470 1476 ἰδίαν
3503 1421 3694 1491 ὥσπερ

2107 1517 2516 1589 οἰκοδομοῦντες
2544 1516 2724 1584 δόξαν,
2755 1514 2842 1568 ἀεί
2871 1531 2989 1578 πως
3015 1513 3501 1584 κατεγινώσκοντο.
3551 1513 3692 1566 Ἀλλ’

2109 1609 2347 1681 ἐπετίμα
2377 1608 2474 1680 μὲν
2505 1610 2619 1670 τοῖς
2647 1607 2738 1661 τὸν
2776 1605 2984 1678 πύργον
3009 1604 3445 1676 τεκταινομένοις
3477 1606 3506 1659 6
3536 1603 3693 1671 Θεὸς,

2109 1704 2203 1757 καὶ
2226 1703 2306 1766 εἰς
2336 1701 2535 1767 πολλάς
2561 1701 2757 1763 αὐτοὺς
2787 1698 3118 1770 κατεμέριζε
3149 1695 3419 1767 γλώσσας.
3455 1698 3696 1769 Προανα-

2039 1769 2080 1826 Β
2106 1795 2352 1867 φώνησιν
2373 1793 2432 1847 δέ
2465 1791 2654 1864 ὥσπερ
2677 1789 2800 1845 τινὰ
2828 1769 3081 1859 γενέσθαι
3113 1787 3313 1860 φαμὲν,
3348 1787 3410 1841 τδ
3439 1787 3524 1841 ἐπ’
3550 1787 3696 1842 ἐκεί-

2107 1902 2220 1950 νοις
2257 1885 2398 1950 τότε,
2440 1883 2550 1937 τῶν
2584 1883 2695 1946 τοῖς
2737 1879 3016 1944 Ἰουδαίοις
3064 1877 3512 1951 συμόεδηκδτων.
3556 1880 3696 1950 Φρο-

2105 1975 2336 2042 νοῦντας
2353 1975 2464 2047 γὰρ
2487 1974 2611 2029 λίαν
2628 1973 2700 2027 τὰ
2727 1972 2929 2045 ὑψηλά,
2950 1970 3047 2026 καὶ
3065 1970 3132 2025 δι’
3154 1964 3230 2026 ῶν
3252 1971 3452 2042 ἥκιστα
3471 1967 3578 2044 χρὴ
3591 1969 3697 2042 τὴν

2103 2072 2189 2136 εἰς
2232 2070 2304 2125 τὰ
2343 2071 2458 2126 ἀνω
2499 2067 2802 2141 ζητοῦντας
2854 2065 3116 2139 πορείαν,
3160 2064 3562 2120 κατεσκέδασεν
3610 2065 3698 2129 εἰς

2105 2160 2539 2232 πολυγλωσσίαν,
2567 2159 2869 2221 τουτέστιν,
2886 2156 2966 2220 εἰς
2991 2155 3172 2210 πάντα
3190 2155 3261 2210 τὰ
3284 2153 3435 2226 ἐθνη.
3458 2154 3700 2208 Διεσπά·

2111 2271 2282 2328 ρησαν
2309 2252 2418 2324 γὰρ
2444 2250 2630 2322 χώρας
2654 2266 2714 2304 τε
2737 2249 2837 2321 τῆς
2864 2248 3016 2318 σφῶν
3042 2248 3138 2303 καὶ
3159 2247 3386 2313 πόλεως,
3412 2247 3509 2302 καὶ
3524 2248 3699 2302 οἴκων

2107 2345 2293 2416 ἀπηλα
2299 2344 2472 2416 μένοι,
2487 2343 2582 2397 καὶ
2593 2341 2849 2413 γεγόνασι
2861 2340 3131 2412 πλανῆται
3143 2342 3201 2396 ἐν
3212 2343 3324 2406 τοῖς
3337 2339 3453 2395 έθνε
3462 2357 3538 2406 σι,
3551 2339 3699 2394 κατά

2107 2436 2206 2510 τὴν
2235 2435 2524 2509 Προφήτου
2554 2428 2761 2506 φωνήν.
2801 2433 2942 2489 Ἀλλ’
2970 2435 3029 2488 ἐν
3052 2431 3274 2506 Χριστῷ
3298 2432 3359 2487 τὺ
3379 2431 3699 2502 πολύγλωσ-

2110 2545 2222 2593 σον,
2249 2530 2473 2599 σημεῖον
2497 2523 2565 2599 ῆν
2589 2526 2813 2597 ἀγαθόν.
2844 2525 3212 2598 Συνηγμένων
3239 2525 3349 2596 γὰρ
3372 2525 3483 2581 τῶν
3519 2526 3701 2599 μαθη-

2107 2615 2217 2669 τῶν
2249 2615 2392 2670 κατὰ
2413 2615 2514 2688 τὴν
2537 2615 2754 2688 ἡμέραν
2768 2618 2868 2687 τῆς
2898 2615 3286 2686 Πεντηκοστῆς
3309 2616 3389 2680 εἰς
3409 2610 3556 2670 οἰκον
3576 2617 3696 2670 ἕνα·

2115 2720 2134 2755 ι
2175 2702 2441 2773 Ἐγένετο,
2491 2723 2511 2760 ι
2561 2706 2747 2777 φησὶν,
2785 2724 2806 2758 ι
2844 2707 2908 2760 ἐκ
2943 2704 3038 2759 τοῦ
3069 2703 3300 2777 ούρανοῦ
3341 2707 3496 2776 ἄφνω
3539 2702 3696 2779 ἦχος,

2108 2795 2298 2869 ὥσπερ
2327 2798 2634 2871 φερομένης
2663 2799 2834 2869 πνοῆς
2870 2798 3069 2870 βιαίας,
3111 2800 3205 2854 καὶ
3231 2797 3552 2872 ἐπλήρωσεν
3577 2799 3700 2854 ὅλον

2107 2887 2200 2942 τὸν
2236 2885 2386 2942 οἷκον
2427 2881 2488 2942 οὗ
2521 2887 2665 2961 ἦσαν
2704 2889 3027 2962 καθήμενοι.
3058 2892 3170 2946 Καὶ
3211 2889 3474 2961 ὤφθησαν
3509 2892 3700 2956 αὐτοῖς

2108 2979 2559 3052 διαμεριζόμεναι
2591 2981 2834 3050 γλῶσσαι
2879 2983 3010 3038 ὡσεὶ
3042 2984 3234 3056 πυρὸς,
3267 2983 3489 3038 ἐκάθισέ
3517 3001 3576 3037 τε
3613 2985 3700 3054 ἐφ’

2110 3072 2207 3128 Eva.
2234 3073 2464 3127 ἕκαστον
2493 3073 2696 3140 αὐτῶν,
2737 3075 2834 3129 καὶ
2869 3074 3220 3146 ἐπλήσθησαν
3247 3075 3488 3140 ἅπαντες
3527 3075 3702 3128 Πνεύ-

2116 3181 2286 3236 ματος
2328 3165 2506 3234 ἁγίου,
2551 3166 2646 3220 καὶ
2680 3165 2914 3238 ἤρξαντο
2945 3167 3126 3220 λαλεῖν
3153 3167 3368 3240 ἑτέραις
3399 3166 3698 3236 γλώσσαις,

2112 3256 2292 3323 καθὼς
2324 3258 2388 3312 τὸ
2412 3257 2638 3330 Πνεῦμα
2667 3257 2839 3312 ἐδίδου
2858 3260 3050 3324 αὐτοῖς
3079 3259 3542 3330 ἀποφθέγγεσθαι.
3582 3280 3604 3313 ι
3638 3261 3703 3315 Τί

2111 3349 2169 3406 δὲ
2197 3350 2262 3422 δὴ
2292 3350 2389 3404 καὶ
2421 3351 2678 3417 ἐλάλουν;
2711 3352 3075 3424 χορηγοῦντος
3115 3353 3208 3407 τοῦ
3243 3353 3560 3424 Πνεῦματος
3600 3355 3704 3426 τὴν

2111 3441 2193 3504 εἰς
2224 3440 2293 3494 τὰ
2333 3441 2447 3495 ἅνω
2479 3441 2704 3512 πορείαν
2724 3483 2738 3508 ,
2769 3443 2870 3514 τὴν
2911 3444 2991 3506 εἰς
3022 3443 3288 3514 οὐρανοὺς
3332 3443 3602 3498 ἀνάϐασιν
3645 3445 3704 3499 ἐν

2111 3529 2335 3602 Χριστῷ
2377 3530 2466 3584 διὰ
2516 3532 2784 3595 πίστεως,
2817 3531 2918 3602 τὴν
2953 3533 3212 3588 ἁπάντων
3257 3533 3367 3587 τῶν
3409 3533 3551 3589 κατά
3599 3535 3704 3606 τὴν

2111 3623 2435 3695 οἰκουμένην
2462 3624 2724 3692 γλωσσῶν
2747 3665 2760 3685 ,
2788 3626 2906 3697 ἦτοι
2935 3626 3134 3698 λαῶνῆ
3165 3627 3336 3681 ἐθνῶν
3368 3631 3448 3692 εἰς
3472 3628 3705 3701 ἐνάτητα

2114 3713 2419 3785 συνδρομὴν
2461 3715 2521 3767 ἐν
2570 3715 2868 3786 Πνεύματι.
2916 3715 3338 3788 Ἐξωμολογεῖτο
3368 3721 3478 3789 γὰρ
3508 3719 3701 3774 ἀπασα

2109 3805 2335 3874 γλῶσσα
2369 3806 2578 3878 βροτῶν
2601 3806 2681 3879 τῷ
2707 3808 2948 3881 Χριστῷ,
2977 3810 3072 3864 κα)⁴
3097 3810 3166 3864 τὰ
3194 3811 3357 3866 αὑτοῦ
3383 3813 3566 3866 ἐλάλει
3601 3831 3702 3883 μυ-

2114 3897 2334 3969 στήρια.
2379 3897 2588 3954 Ούκοῦν
2619 3898 2714 3953 ἐπὶ
2757 3900 2858 3971 μὲν
2885 3900 2979 3954 τοῦ
3020 3901 3230 3975 πύργου
3265 3904 3572 3975 σκεδασμοῦ
3606 3907 3702 3960 καὶ

2114 3989 2435 4061 ἀποδρομῆς
2481 3991 2582 4062 τῆς
2625 3993 2706 4057 εἰς
2751 3993 2929 4046 πάντα
2976 3992 3046 4048 τὰ
3087 3993 3252 4064 ἔθνη,
3289 3998 3516 4066 σημεῖον
3560 3992 3632 4069 ἦν
3664 4000 3700 4070 η

2112 4079 2514 4150 πολυγλωσσία·
2541 4083 2634 4136 ἐπὶ
2655 4083 2713 4137 δέ
2739 4084 2831 4138 τοῦ
2854 4083 3230 4158 Χριστοῦ,τῆς
3249 4089 3330 4151 εἰς
3355 4089 3583 4160 ἑνότητα
3612 4091 3702 4146 διά

2112 4171 2433 4244 Πνεύματος
2467 4175 2804 4248 συνδρομῆς,
2829 4179 2927 4232 καὶ
2966 4178 3069 4249 τῆς
3099 4181 3178 4242 εἰς
3209 4180 3279 4233 τά
3304 4181 3417 4236 ἀνω
3446 4184 3696 4254 πορείας.

2109 4262 2305 4334 Γέγονε
2332 4266 2441 4338 γὰρ
2471 4268 2603 4338 ἡμῖν
2627 4271 2656 4323 6
2685 4268 2940 4342 Χριστὸς,
2971 4289 2992 4324 ι
3024 4270 3235 4343 πύργος
3265 4272 3468 4345 ἰσχύος,
3509 4294 3528 4328 ι
3558 4275 3702 4331 κατά

418 4363 520 4435 τὴν
555 4361 650 4417 τοῦ
687 4362 997 4426 Ψάλλοντος
1031 4360 1236 4433 φωνὴν,
1273 4361 1353 4425 εἰς
1381 4359 1480 4434 τὴν
1516 4361 1627 4417 ἀνω
1669 4357 2006 4432 διακομίζων
2045 4359 2220 4428 πόλιν,
2259 4364 2353 4418 καὶ
2384 4365 2496 4429 τοῖς
2521 4365 2630 4419 τῶν
2685 4366 2856 4437 ἁγίων
2919 4368 3168 4439 ἀγγέλων
3201 4373 3489 4428 συνάπτων
3518 4377 3701 4448 χοροῖς

419 4461 548 4524 τοὺς
585 4459 677 4513 ἐπὶ
708 4457 810 4530 τῆς
849 4458 973 4530 γῆς.

778 4611 855 4665 De
883 4611 1154 4666 Abraham
1197 4619 1247 4664 et
1284 4611 1644 4666 Melchisedec.

492 4727 546 4779 ί.
587 4723 789 4794 Legem
827 4722 1052 4792 quidem
1082 4723 1138 4776 in
1185 4722 1454 4777 auxilium
1502 4722 1657 4777 dedit
1712 4721 2004 4778 universo-

419 4833 546 4874 rum
575 4814 860 4872 Dominus.
899 4813 977 4868 ita
1005 4815 1152 4868 enim
1193 4813 1459 4882 scriptum
1493 4823 1577 4868 est
1613 4813 1699 4869 δν.
1734 4811 2006 4868 Caeterum

421 4911 571 4983 quod
594 4911 682 4964 lex
703 4907 860 4978 quasi
881 4922 1086 4978 pueros
1118 4907 1375 4971 instruat,
1421 4906 1624 4961 Christi
1691 4920 1826 4959 vero
1885 4919 2004 4975 my-

423 5003 652 5058 sterium
715 4999 981 5070 perﬁciat,
1018 5013 1364 5068 nequaquam
1429 4997 1649 5054 difﬁcile
1710 4996 1878 5052 fuerit
1937 5011 2005 5050 ex

423 5095 562 5166 ipsis
589 5092 760 5148 sacris
801 5090 1026 5146 Litteris
1063 5091 1270 5155 videre,
1338 5091 1567 5161 ejusque
1622 5087 2004 5159 probationem

423 5183 553 5239 inde
585 5188 854 5252 petentes,
896 5190 953 5235 et
985 5181 1272 5236 verissima
1321 5181 1661 5252 colligentes.
1705 5177 2005 5235 Suﬂ'ecerit

425 5284 634 5335 autem,
666 5281 727 5326 ut
750 5270 1015 5335 arbitror,
1053 5271 1276 5326 divinus
1305 5271 1528 5334 Paulus,
1549 5272 1743 5326 dicens
1761 5270 1829 5325 de
1866 5269 2005 5324 duo—

437 5367 539 5420 bus
571 5360 940 5417 Tcstamcntis
975 5378 988 5413 :
1032 5361 1369 5432 «Abrogatio
1407 5362 1630 5432 quidem
1683 5364 1754 5417 sit
1793 5377 2000 5433 praece-

430 5456 614 5513 dentis
635 5452 895 5516 mandati,
923 5452 995 5506 ob
1027 5453 1404 5509 infirmitatem
1426 5457 1568 5526 ejus,
1607 5464 1770 5525 atque
1827 5455 2000 5510 inuti-

426 5551 655 5605 litatem.
687 5545 833 5600 Nihil
862 5546 1008 5600 enim
1030 5546 1260 5615 perfecit
1282 5549 1396 5603 lex:
1449 5547 1866 5618 superinductio
1901 5563 2004 5601 au-

2269 4611 2406 4678 Περί
2443 4611 2550 4664 τοῦ
2591 4610 2840 4681 Ἀϐραὰμ
2871 4611 2968 4666 καί
3006 4613 3112 4668 τοῦ
3142 4580 3539 4687 Μελχισεδέκ.

2186 4726 2254 4774 α’.
2299 4721 2480 4790 Νόμον
2528 4721 2626 4791 μὲν
2672 4721 2752 4785 εἰς
2785 4723 3038 4794 βοήθειαν
3069 4719 3300 4780 δέδωκέν
3341 4731 3370 4782 6
3415 4731 3522 4784 τῶν
3561 4733 3702 4787 ὅλων

2115 4811 2246 4876 Θεός
2266 4829 2278 4842 ο
2313 4811 2622 4882 γέγραπται
2660 4812 2769 4883 γάρ
2797 4813 2913 4867 ὡδί.
2949 4816 3096 4887 Πλὴν
3135 4819 3216 4871 ὅτι
3247 4821 3574 4894 παιδοκομεί
3600 4827 3702 4895 μὲν

2113 4907 2142 4956 6
2187 4903 2371 4974 νόμος,
2420 4904 2618 4957 τελειοτ
2651 4905 2706 4957 δὲ
2749 4904 2932 4959 λοιπὸν
2975 4907 3039 4961 τὸ
3085 4910 3322 4982 Χριστοῦ
3371 4917 3695 4988 μυστήριον,

2114 4995 2348 5066 χαλεπὸν
2371 4995 2525 5049 οὐδὲν
2564 4995 2625 5061 ἐξ
2656 4997 2836 5053 αὐτῶν
2875 5001 3024 5070 ἡμᾶς
3055 5003 3348 5075 καταθρεῖν
3389 5005 3497 5060 τῶν
3534 5011 3698 5081 ἱερῶν

2117 5089 2494 5160 Γραμμάτων,
2533 5089 2632 5160 τὴν
2661 5090 2754 5142 ἐπὶ
2790 5091 2925 5162 τῷδε
2957 5096 3140 5148 πίστιν
3172 5098 3590 5170 ἐρανιζομένους
3634 5097 3693 5156 εὗ

2117 5179 2284 5250 μάλα,
2325 5183 2420 5234 καὶ
2439 5182 2504 5235 τά
2531 5182 2720 5254 ἀληθῆι
2741 5185 3096 5254 συλλέγοντας
3115 5204 3129 5217 ·
3160 5189 3374 5262 ἀπόχρη
3413 5191 3490 5256 δὲ,
3516 5189 3690 5262 οἶμαι,

2113 5276 2207 5326 καὶ
2245 5276 2274 5326 6
2319 5273 2602 5337 θεσπέσιος
2635 5277 2808 5344 λέγων
2840 5279 3047 5342 Παῦλος
3078 5283 3205 5352 περὶ
3237 5286 3356 5335 ταῖν
3399 5284 3545 5338 δυοῖν
3582 5287 3696 5338 δια-

2114 5362 2341 5433 θήκαιν·
2391 5380 2410 5414 t
2473 5363 2752 5436 Ἀθέτησις
2801 5367 2904 5438 μὲν·
2939 5369 3048 5440 γὰρ
3085 5370 3293 5439 γίνεται
3345 5375 3695 5444 προαγούσης

2111 5453 2332 5524 ἐντολῆς
2371 5453 2456 5507 διὰ
2492 5456 2553 5508 τὸ
2585 5458 2752 5528 αὐτῆς
2796 5459 3021 5524 ἀσθενὲς
3070 5463 3162 5516 καὶ
3201 5464 3494 5532 ἀνωφελές.
3529 5465 3694 5518 Οὐδὲν

2113 5545 2222 5616 γὰρ
2256 5545 2568 5602 ἐτελείωσεν
2608 5551 2638 5602 ὁ
2669 5550 2831 5620 νόμος
2853 5568 2865 5582 ·
2904 5555 3252 5626 ἐπεισαγωγὴ
3295 5555 3353 5609 δὲ
3384 5556 3695 5629 κρείττονος

494 5725 542 5761 ⁵⁸
588 5729 732 5787 Psal.
774 5733 965 5799 cv,4l.
1043 5735 1088 5766 ⁸⁸
1122 5734 1241 5789 Act.
1279 5750 1336 5800 ιι,
1366 5733 1487 5789 2-6.
1566 5732 1774 5791 "Psal.
1805 5749 1889 5800 ωε,
1939 5733 1992 5788 4.

2109 5733 2138 5768 ⁵⁸
2168 5734 2347 5792 Galat.
2378 5753 2454 5806 tu,
2493 5737 2584 5792 9.4.
