2046 3243
179 238 208 269 81
545 219 549 223 Ι
678 235 944 266 GLAPHYRORUM
963 232 1001 265 IN
1018 212 1169 265 GE‘f‘iESlM
1190 237 1255 265 LIB.
1277 237 1309 265 li.
1788 236 1824 267 82

178 295 300 329 δλπίδος,
315 294 349 323 δι’
360 291 395 332 ἧς
410 294 558 331 ἐγγίζομεν
576 293 617 329 τῷ
628 293 698 329 Θεῷ.
722 303 732 321 ι
749 293 857 322 οὐκοῦν
872 294 905 322 ἴοι
924 294 973 330 μὲν

1029 297 1084 321 tem
1109 294 1313 330 meliorisspei,
1330 303 1378 331 per
1394 302 1478 331 quam
1506 296 1760 332 appropinquamus
1789 297 1823 324 ad

178 350 224 374 τις
239 341 287 369 καὶ
311 340 386 376 μάλα
413 340 515 377 ῥᾳδίως
535 340 576 372 είς
594 339 751 376 οἰκειότητα
773 340 824 376 τὴν
841 340 881 373 ὡς
905 341 975 376 πρὸς

177 388 251 421 θεὸν,
265 387 296 414 οὐ
312 386 357 415 διά
368 395 402 422 γε
417 388 469 423 τῆς
484 386 599 424 πρώτης
618 387 666 414 καὶ
679 386 832 423 Μωσαῖκῆς
851 387 973 423 ἐντολῆς·

177 433 219 461 διὰ
231 433 282 469 τῆς
294 433 447 469 λεγομένης
459 433 489 460 δὲ
504 433 670 469 ὲπεισῆχθαι
682 432 799 467 ὲλπίδος,
815 433 849 469 ῆν
863 434 924 466 ταῖς
934 433 975 466 είς

176 478 206 506 σὺ
218 478 329 514 ἄμεινον
341 478 447 514 ψήφοις
463 478 615 514 στεφανοῦν
634 478 723 506 ὲδόκει
742 478 782 514 τῷ
800 479 974 516 μυσταγωγῷ

177 524 242 560 πρὸς
255 523 388 560 ἀλήθειαν
401 524 539 560 βλέποντι,
564 523 729 560 Ἦθετῆσθαι
739 524 769 551 δὲ
785 524 881 560 σαφῶς
893 524 928 552 τὰ
944 526 974 553 ὲν

176 570 248 606 νόμῳ
267 571 345 607 φησὶ.
364 571 412 599 καὶ
434 572 486 608 τῆς
508 571 685 608 προαγούσης
708 571 820 607 ἐντολῆς
836 572 867 598 τὺ
889 572 974 607 μηδὲν

176 617 303 646 δύνασθαι
318 618 442 646 τελειοῦν
456 618 629 655 καθορίζων,
650 619 804 647 ἐπιστέλλει
824 619 973 654 Ἑϐραίοις·

179 674 189 691 ι
202 665 234 692 Et
251 664 307 701 γὰρ
319 666 336 700 ἡ
353 663 451 701 πρώτη
467 665 559 700 ἐκείνη
576 663 610 701 ἦν
622 665 779 701 ἄμεμπτος,
798 665 849 693 οὑκ
862 666 895 693 ἂν
914 666 974 693 δευ-

175 710 254 747 τέρας
270 711 396 747 ὲζητεῖτο
413 711 508 743 τόπος.
525 712 712 747 Μεμφόμενος
726 712 779 748 γὰρ
795 712 865 748 αὐτῇ
880 711 971 746 λέγει·

181 756 243 784 Ἰδοὺ
257 756 363 793 ἡμέραι
376 756 514 794 ἔρχονται,
528 756 603 792 λέγει
623 757 727 793 Κύριος
737 777 744 789 ,
759 758 806 785 καὶ
821 757 974 784 συντελέσω

174 803 220 830 ἐπὶ
229 803 277 832 τὸν
294 802 371 831 οἷκον
394 803 515 843 Ἰσραὴλ,
532 804 580 831 καὶ
598 804 645 831 ἐπὶ
658 804 705 832 τὸν
715 801 790 831 οἷκον
816 804 902 831 Ἰούδα
914 804 973 831 δια-

175 849 258 886 θήκην
284 850 404 887 καινὴν,
426 850 457 878 οὐ
481 851 553 878 κατά
571 850 621 886 τὴν
633 850 766 886 διαθήκην
785 850 818 886 ἢν
843 849 974 885 διεθέμην

172 897 226 929 τοῖς
241 897 383 932 πατράσιν
397 897 490 924 αὐτῶν
504 898 534 924 ἐν
545 897 638 934 ἡμέρᾳ
648 898 847 934 ὲπιλαῆομένου
860 907 911 933 μου
922 898 974 932 τῆς

173 942 259 979 χειρὸς
279 942 374 970 αὐτῶν
386 963 395 976 ,
413 943 560 978 ἐξαγαγεῖν
577 944 678 976 αὐτοὺς
695 944 728 971 ἐκ
747 944 798 980 γῆς
814 943 953 979 Αἰγύπτου
964 951 971 958 ·

172 989 210 1016 ﬁt
225 989 306 1016 αὐτοὶ
331 989 384 1017 οὐκ
403 990 546 1026 ἐνέμειναν
563 991 593 1017 ὲν
615 992 648 1026 τῇ
672 990 788 1027 διαθήκῃ
810 999 872 1026 μου,
895 989 973 1025 κάγὼ

171 1034 294 1072 ἠμέλησα
309 1035 413 1069 αὐτῶν,
431 1036 507 1072 λέγει
521 1036 635 1073 Κύριος.
657 1038 720 1064 ’Ότι
735 1036 805 1073 αὕτη
820 1038 836 1073 ή
854 1037 972 1073 διαθήκη

170 1081 203 1117 ἢν
221 1081 389 1119 διαθήσομαι
410 1083 451 1119 τῷ
471 1084 538 1119 οῐκῳ
567 1084 676 1120 Ἰσραὴλ
699 1084 769 1119 μετὰ
793 1084 842 1116 τὰς
867 1084 973 1120 ἡμέρας

171 1125 286 1159 ἐκείνας,
310 1126 388 1162 λέγει
413 1128 534 1164 Κύριος·
552 1129 642 1161 διδοὺς
664 1129 764 1164 νόμους
790 1138 840 1165 μου
862 1130 902 1161 είς
923 1129 973 1164 τὴν

170 1169 286 1199 διάνοιαν
311 1173 417 1205 αὐτῶν,
442 1173 490 1201 καὶ
508 1174 556 1200 ἐπὶ
573 1174 691 1210 καρδίας
714 1175 804 1202 αὐτῶν
826 1175 973 1211 ἐπιγράψω

170 1218 265 1252 αὐτούς
275 1227 283 1235 ο
296 1220 349 1247 καὶ
363 1219 463 1256 ἔσομαι
478 1221 572 1253 αὐτοῖς
587 1221 627 1253 εἰς
639 1221 705 1248 Θεὸν
716 1242 722 1253 ,
737 1222 784 1249 καὶ
800 1223 879 1249 αὐτοὶ
895 1223 972 1249 ἔσον-

170 1264 213 1292 ταί
231 1273 278 1301 μοι
292 1266 336 1298 είς
347 1265 422 1293 λαόν.
436 1266 493 1293 Καὶ
508 1266 539 1293 ού
562 1266 600 1302 μὴ
621 1267 774 1300 διδάξουσιν
793 1267 909 1300 ἕκαστος
927 1267 973 1295 τὸν

170 1309 280 1348 πλησίον
301 1312 401 1345 αὑτοῦ,
420 1313 468 1339 καὶ
482 1313 598 1345 ἕκαστος
624 1312 670 1339 τὸν
680 1313 796 1348 ἀδελφὺν
813 1313 907 1347 αὑτοῦ,
928 1313 972 1340 λέ-

168 1365 274 1394 xime;-
293 1358 387 1386 Γνῶθι
407 1358 454 1386 τὸν
466 1359 579 1395 Κύριον·
600 1359 641 1386 ὅτι
659 1359 760 1391 πάντες
780 1359 920 1395 εἰδήσουσί
936 1368 970 1395 με

168 1404 221 1432 ἀπὸ
236 1406 342 1442 μικροῦ
366 1405 421 1439 ἕως
441 1407 562 1442 μεγάλου
584 1406 693 1439 αὐτῶν,
715 1407 757 1434 ὅτι
772 1407 851 1439 ἵλεως
872 1407 970 1442 ἔσομαι

168 1452 224 1483 ταῖς
238 1452 394 1489 ἁμαρτίαις
408 1452 509 1486 αὐτῶν,
522 1453 634 1480 καὶτῶν
646 1452 767 1488 ἀνομιῶν
783 1452 873 1480 αὐτῶν
886 1453 916 1479 ού
933 1452 971 1488 μὴ

169 1499 279 1536 μνησθῶ
302 1499 357 1528 ἔτι.
377 1509 388 1526 ι
410 1499 552 1535 Ἐπιφέρει
568 1499 597 1527 δὲ
612 1499 719 1530 τούτοις
733 1499 813 1531 εὐθύς
823 1507 829 1514 ·
844 1508 854 1525 ‹
883 1498 928 1525 Ἐν
942 1498 971 1525 δὲ

167 1544 205 1582 τῷ
216 1545 311 1582 λέγειν
329 1546 429 1582 καινὴν
441 1565 449 1579 ,
469 1546 648 1573 πεπαλαίωκε
665 1545 715 1581 τὴν
734 1545 864 1581 πρώτην·
889 1545 921 1572 τὺ
943 1545 972 1572 δὲ

168 1590 373 1627 παλαιούμενον
389 1591 438 1618 καὶ
448 1591 600 1627 γηράσκον,
612 1592 697 1626 ἐγγὺς
704 1591 887 1627 ἁφανισμοῦ.ι
898 1591 972 1618 Οὐκ-

167 1636 214 1666 οὖν
223 1637 347 1674 ἀσθενὴς
357 1637 471 1674 ὁνόμος,
482 1638 530 1665 καὶ
548 1638 617 1665 πολὺ
633 1638 664 1664 τὸ
675 1638 792 1673 ἀδρανὲς
801 1637 862 1673 ἔχον
874 1638 972 1673 ὁρᾶται

168 1682 260 1712 iam
272 1685 347 1721 πρός
359 1693 393 1720 γε
403 1684 434 1712 τὸ
445 1684 576 1712 δύνασθαί
592 1693 666 1721 φημι
683 1684 805 1712 τελειοῦν
820 1686 861 1717 εἰς
889 1685 972 1719 ἁγια-

169 1730 246 1766 σμόν.
262 1731 330 1759 Ὀτι
345 1731 376 1758 δὲ
386 1731 508 1767 ἀμείνων
520 1732 537 1767 ή
558 1732 588 1759 ὲν
603 1730 715 1767 Χριστῷ
735 1731 877 1763 δικαίωσις
896 1731 944 1758 καὶ
955 1732 973 1767 ἡ

168 1773 292 1811 λατρεία,
309 1775 382 1803 Θεοῦ
396 1775 614 1812 διακεκραγότος
623 1776 728 1813 ἀκούσῃ
743 1776 838 1811 σαφῶς
848 1776 893 1804 διὰ
905 1785 974 1811 προ-

169 1821 262 1858 φητῶν
276 1821 386 1857 φωνῆς,
402 1823 461 1854 τοῖς
473 1822 523 1858 τὴν
533 1822 646 1858 ἔννομον
660 1822 822 1858 τετιμηκόσι
832 1822 973 1858 λατρείαν,

168 1868 216 1895 καὶ
236 1868 322 1896 οἱονεί
347 1877 408 1901 πως
434 1869 522 1905 ἀπρὶξ
547 1869 684 1906 ἡμμένοις
700 1869 750 1905 τῆς
770 1868 974 1904 παλαιωθείσης

169 1913 290 1952 ιντολῆς,
307 1915 376 1943 ποτὶ
393 1915 454 1952 μὲν,
471 1925 481 1942 ι
500 1916 660 1950 Λούσασθε,
681 1916 798 1953 καθαροὶ
814 1916 941 1951 γένεσθε·
961 1925 970 1943 ι

172 1961 238 1989 ποτὶ
259 1961 291 1989 δὲ
304 1961 341 1998 δὴ
358 1959 405 1996 αὖ,
430 1971 442 1989 ι
465 1962 561 1990 Ἕλεον
577 1963 648 1990 θέλω
670 1963 718 1991 καὶ
736 1963 768 1990 οὐ
787 1963 902 1997 θυσίαν,
925 1962 974 1990 καὶ

169 2007 320 2043 ἐπίγνωσιν
332 2007 402 2036 Θεοῦ
417 2008 435 2044 ἢ
449 2008 679 2045 ὁλοκαυτώματα.
705 2019 715 2035 ι
736 2008 893 2045 Ἠλεήμεθα
917 2008 973 2044 γὰρ

168 2053 199 2081 ἐν
213 2054 342 2090 Χριστῷ,
361 2055 410 2082 καὶ
422 2056 452 2082 ιν
471 2054 546 2091 αὐτῷ
562 2055 719 2091 τεθεάμεθα
733 2055 838 2091 νοητῶς
855 2055 902 2083 τὸν
916 2055 971 2082 Πα-

168 2098 244 2136 τέρα,
259 2100 312 2128 καὶ
327 2100 376 2128 τὸν
390 2100 473 2136 φύσει
489 2101 556 2128 Θεὸν
571 2100 744 2137 ἐγνώκαμεν.

204 2235 237 2271 β’.
250 2234 398 2267 Εὐπετοῦς
418 2234 447 2261 δὲ
463 2234 536 2269 ἄγαν
560 2234 637 2266 ὄντος
661 2234 748 2270 μυρία
773 2233 822 2269 μὲν
840 2232 891 2259 ὅσα
915 2232 972 2264 τοῖς

169 2281 330 2318 εἰρημένας
354 2280 539 2319 ἐπισωρεύειν
554 2280 605 2313 ἔτι,
624 2280 857 2316 προσεπενεγκεῖν
871 2278 900 2305 δὲ
916 2287 973 2313 φω-

169 2327 218 2360 νὰς
237 2327 394 2364 προφητῶν
414 2328 513 2362 ἁγίων,
530 2327 563 2354 δι’
580 2324 618 2354 ὧν
634 2328 667 2355 ἄν
688 2336 729 2359 τις
750 2327 800 2354 ῐδοι
822 2326 870 2353 καὶ
900 2325 973 2374 μαλα
990 2346 1011 2374 D

171 2374 266 2409 σαφῶς
286 2374 484 2410 ἀπαράδεκτον
498 2374 538 2410 τῷ
562 2373 623 2409 Θεῷ
647 2374 697 2409 τὴν
722 2372 794 2400 κατὰ
820 2372 901 2407 νόμον
923 2371 972 2398 λα-

169 2420 276 2455 τρείαν·
300 2420 345 2448 ῑνσ.
361 2420 399 2457 μὴ
416 2419 465 2447 τοῦ
488 2419 673 2456 προκειμένου
698 2417 802 2445 σκοποῦ
824 2418 871 2444 τὸν
894 2417 973 2451 λόγον

170 2466 381 2503 ἑξελκύσωμεν,
398 2468 446 2494 καὶ
469 2466 571 2502 οἴχοιτὸ
588 2474 640 2493 που
657 2464 768 2501 μακρὰν
784 2464 814 2490 τὸ
830 2464 969 2499 διήγημα,

169 2514 264 2549 τρίϐον
289 2513 386 2550 ὥσπερ
407 2514 451 2549 ἐφ’
483 2513 581 2549 ἑτέραν
606 2512 659 2545 ἱδν,
683 2512 727 2539 ἐπ’
749 2511 830 2538 αὑτὸν
850 2510 902 2546 ήδη
925 2511 974 2545 βα-

170 2559 307 2596 διούμεθα
342 2560 390 2588 τὸν
424 2560 573 2587 θεσπέσιον
606 2558 744 2594 Ἀϐραάμ.
777 2558 825 2588 Ὃς
856 2556 974 2590 ἔπειπερ

171 2607 292 2635 ὲπύθετο
302 2607 348 2635 τὸν
363 2607 553 2642 ἀδελφόπαιδα
571 2606 634 2633 Λὼτ
648 2605 789 2640 ἀδοκήτως
803 2603 974 2631 κεκινδυνευ-

172 2654 251 2686 mitra,
267 2653 391 2690 κατῴκει
408 2653 463 2690 γὰρ
477 2654 506 2680 ὲν
525 2653 666 2688 Σοδόμοις,
680 2651 728 2678 καὶ
745 2652 774 2677 ὲν
787 2650 908 2681 οἰκέταις
922 2649 973 2685 ἠδη

171 2697 206 2736 ἢν
221 2700 388 2736 δορίληπτος
409 2700 466 2733 ὢν,
488 2698 626 2732 ἐξοπλίζει
653 2698 702 2734 μὲν
725 2699 788 2729 τοὺς
811 2697 973 2731 οἰκογενεῖς,

173 2745 222 2773 καὶ
235 2745 350 2782 ἑτέρους
367 2746 444 2778 τινας
466 2745 522 2772 τῶν
543 2745 711 2780 συνωμότων
732 2743 846 2779 Ἐσχὸλ,
868 2742 976 2774 Ἄνναν,

174 2792 222 2820 καὶ
242 2792 380 2828 Μαμϐρῆ·
407 2791 555 2827 ἀντεξάγει
576 2791 606 2818 δὲ
631 2791 688 2822 τοῖς
711 2790 902 2824 νενικηκόσιν,
926 2789 977 2815 οὐκ

175 2838 309 2874 ἀγεννῶς,
324 2839 435 2875 καὶτῆς
447 2839 561 2866 ἐκείνων
575 2837 732 2870 πλεονεξίας
749 2836 916 2864 ἀπαλλάττει
931 2836 978 2863 τὸν

174 2883 332 2921 ἄνθρωπον.
348 2885 406 2913 Καὶ
430 2887 480 2913 σὺν
501 2885 577 2921 αὐτῷ
601 2884 734 2920 πλείστην
751 2884 818 2919 ὅσην
840 2882 977 2915 ἀνασώζει

215 2974 236 2990 ’⁷
249 2976 335 3007 Hebr.
352 2986 400 3011 vn.
415 2978 460 3012 18,
482 2978 524 3007 l9.
565 2978 586 2994 ⁵⁸
602 2977 685 3006 llcbr.
700 2985 755 3010 \‘m,
784 2975 860 3003 7—H.

908 2975 929 2991 ³³
949 2974 1018 3003 lbid.
1041 2975 1082 3003 l3.

1025 339 1114 368 Deum
1128 340 1163 368 ⁵⁷.
1179 350 1188 366 ι
1203 340 1339 374 Quocirca
1368 341 1450 369 facile
1467 341 1621 370 admodum
1637 343 1701 379 quis
1728 342 1827 371 amici-

1026 386 1094 414 tiam
1111 394 1175 414 cum
1187 387 1244 415 Deo
1262 388 1410 421 invenerit,
1429 396 1485 416 non
1511 397 1562 424 per
1578 389 1700 425 primum
1714 390 1781 418 illud
1796 394 1826 418 et

1025 431 1176 459 Mosaicum
1204 433 1375 466 mandatum,
1393 433 1442 461 sed
1467 442 1519 470 per
1533 443 1595 463 eam
1610 443 1672 471 qua:
1694 436 1824 471 superin-

1026 477 1110 506 ducta
1126 478 1230 507 dicitur
1259 486 1356 514 spem:
1372 487 1456 515 quam
1475 480 1590 515 quidem
1605 481 1650 508 ille
1682 489 1825 509 sacrorum

1025 524 1222 561 mysteriorum
1229 525 1371 561 interpres
1380 526 1460 561 plena
1471 527 1670 562 approbatione
1682 529 1829 564 prosequi-

1027 575 1072 598 tur
1090 570 1125 598 ad
1141 571 1288 598 veritatem
1301 572 1464 607 respiciens.
1485 572 1595 600 Abolita
1607 577 1701 600 autem
1715 582 1775 601 esse
1794 583 1825 601 ea

1025 623 1087 651 qua:
1109 615 1139 643 in
1166 615 1226 651 lege
1253 621 1318 644 sunt
1344 617 1491 644 manifeste
1520 618 1577 649 ait,
1605 622 1636 645 et
1664 618 1825 653 praecedens

1026 662 1187 690 mandatum
1209 662 1279 690 nihil
1298 663 1431 698 perﬁcere
1444 671 1525 698 posse
1549 663 1696 697 deﬁniens,
1722 665 1755 692 ad
1773 665 1826 692 lle-

1026 709 1116 736 braeos
1133 708 1170 736 ita
1185 709 1284 736 scribit
1297 718 1302 736 :
1324 719 1332 735 ‹
1346 710 1414 737 Nam
1428 710 1451 738 si
1468 710 1534 737 illud
1549 710 1626 745 prius
1636 711 1715 745 culpa
1729 719 1823 739 vacas-

1025 759 1078 786 set,
1096 763 1153 782 non
1180 755 1278 790 utique
1293 755 1407 783 secundi
1420 756 1498 783 locus
1523 756 1723 791 inquireretur.
1744 758 1824 783 Vitu—

1025 808 1126 836 perans
1137 801 1210 829 enim
1228 801 1308 835 illud,
1320 802 1427 837 inquit:
1451 802 1522 830 Ecce
1537 803 1598 830 dies
1610 803 1735 835 venient,
1757 804 1825 831 dicit

1026 846 1172 879 Dominus,
1196 851 1225 875 ct
1237 847 1437 875 consummabo
1452 855 1536 883 super
1552 848 1665 876 domum
1680 849 1775 880 Israel,
1797 855 1826 877 et

1025 900 1109 927 super
1133 892 1247 921 domum
1262 893 1332 921 Juda
1352 897 1550 921 testamentum
1574 902 1689 927 novum,
1707 903 1761 923 non
1778 904 1825 923 sc-

1025 939 1147 967 cundum
1169 944 1366 968 testamentum
1391 941 1465 975 quod
1491 940 1553 968 fcrii
1585 942 1711 976 patribus
1727 950 1825 969 eorum
1860 970 1864 974 ,

989 983 1010 1011 Β
1026 984 1053 1011 in
1074 985 1119 1012 die
1137 992 1191 1019 qua
1207 985 1379 1019 apprehendi
1391 993 1504 1012 manum
1516 994 1616 1013 eorum
1627 990 1658 1014 ut
1673 986 1824 1014 educerem

1025 1029 1087 1057 illos
1099 1029 1133 1056 de
1145 1033 1220 1057 terra
1234 1029 1362 1066 Egypti:
1384 1030 1515 1065 quoniam
1546 1030 1598 1065 ipsi
1612 1038 1668 1058 non
1694 1039 1827 1066 perman—

1025 1080 1122 1103 serunt
1137 1076 1165 1103 in
1182 1079 1347 1103 testamento
1361 1084 1432 1108 meo,
1448 1080 1476 1103 et
1486 1083 1537 1111 ego
1549 1076 1657 1112 neglexi
1684 1085 1742 1109 cos,
1757 1077 1827 1104 dicit

1024 1122 1169 1149 Dominus.
1188 1122 1257 1155 Quia
1273 1122 1326 1149 hoc
1344 1127 1388 1150 est
1414 1127 1611 1150 testamentum
1640 1123 1714 1158 quod
1732 1123 1826 1158 dispo-

1025 1176 1088 1195 nam
1105 1168 1200 1196 domui
1224 1168 1309 1195 lsracl
1322 1173 1386 1203 post
1411 1168 1472 1196 dies
1497 1169 1570 1202 illos,
1593 1169 1660 1196 dicit
1674 1169 1825 1196 Dominus:

1025 1214 1093 1242 dans
1106 1214 1181 1250 leges
1200 1222 1275 1242 meas
1300 1215 1329 1242 in
1351 1220 1476 1242 mentem
1498 1223 1613 1248 eorum,
1637 1220 1666 1243 et
1690 1215 1717 1242 in
1741 1215 1826 1243 corde

1025 1261 1230 1295 superscribam
1246 1268 1304 1293 eas,
1316 1264 1344 1288 et
1355 1269 1405 1288 ero
1417 1261 1458 1288 cis
1469 1261 1496 1288 in
1514 1261 1613 1294 Deum,
1628 1266 1657 1289 et
1673 1261 1725 1297 ipsi
1742 1268 1827 1290 erunt

1026 1306 1095 1333 mihi
1108 1306 1136 1334 in
1152 1306 1298 1342 populum,
1312 1311 1342 1334 ct
1356 1314 1411 1333 non
1429 1306 1541 1334 docebit
1556 1307 1749 1342 unusquisque
1760 1316 1825 1342 pro-

1026 1352 1131 1380 ximum
1159 1361 1251 1385 suum,
1276 1357 1305 1380 et
1319 1353 1511 1388 unusquisque
1532 1353 1647 1381 fratrem
1675 1362 1766 1386 suum,
1785 1354 1827 1384 di-

1027 1406 1110 1427 cens:
1125 1398 1268 1434 Cognosce
1277 1399 1445 1432 Dominum:
1462 1400 1595 1435 quoniam
1614 1408 1712 1427 omnes
1735 1401 1826 1428 scient

1027 1452 1071 1472 me
1083 1453 1099 1472 a
1117 1445 1226 1472 minore
1242 1453 1330 1480 usque
1351 1446 1386 1473 ad
1403 1446 1538 1482 majorem
1562 1454 1671 1479 eorum,
1687 1447 1751 1482 quia
1764 1455 1827 1482 pro-

1026 1490 1113 1525 pitius
1129 1498 1178 1517 cro
1200 1490 1395 1526 iniquitatibus
1407 1500 1517 1524 eorum,
1535 1496 1563 1519 et
1582 1498 1758 1527 peccatorum
1776 1501 1825 1521 oo-

1027 1544 1088 1563 rum
1097 1537 1153 1572 jam
1169 1545 1224 1564 non
1233 1538 1407 1565 memorabor
1422 1537 1455 1565 ⁵⁸.
1467 1548 1475 1563 ι
1493 1538 1593 1565 Subdit
1607 1543 1699 1566 autem
1717 1540 1760 1567 his
1772 1544 1826 1567 sta-

1026 1582 1091 1610 tim:
1111 1592 1120 1608 ‹
1135 1583 1256 1611 Dicendo
1270 1588 1362 1611 autem
1375 1592 1488 1616 novum,
1499 1585 1634 1612 veteravit
1646 1586 1732 1620 prius.
1746 1585 1824 1619 Quod

1025 1633 1074 1656 aut
1093 1630 1254 1665 antiquatur
1268 1638 1300 1658 ac
1317 1631 1446 1664 senescit,
1462 1639 1548 1666 prope
1560 1631 1700 1659 interitum
1711 1637 1752 1659 est
1765 1633 1798 1659 ‘9.
1812 1642 1821 1658 ι

987 1664 1008 1693 c
1025 1664 1167 1703 Imbecilla
1176 1676 1269 1711 itaque
1278 1677 1321 1704 lex
1327 1676 1381 1712 47
1387 1682 1430 1704 est
1440 1664 1593 1712 parumque
1602 1678 1692 1705 valida
1704 1679 1736 1705 ad
1748 1679 1784 1711 id,
1796 1684 1826 1706 ut

1024 1722 1159 1757 perﬁcere
1175 1722 1203 1749 in
1214 1722 1463 1755 sanqtificatiouem
1476 1724 1573 1758 possit.
1585 1723 1663 1756 Quod
1676 1732 1742 1751 vero
1756 1732 1827 1759 pra:-

1024 1769 1142 1796 stantior
1152 1769 1188 1796 sit
1201 1769 1230 1796 in
1240 1768 1351 1797 Christo
1362 1769 1525 1805 justiﬁcatio
1538 1774 1565 1797 et
1576 1770 1677 1801 cultus,
1686 1770 1772 1797 Deum
1786 1770 1826 1805 ip—

1024 1822 1085 1842 sum
1098 1822 1147 1850 per
1159 1823 1255 1843 vocem
1266 1815 1465 1851 prophetarum
1483 1820 1577 1851 aperte
1592 1816 1757 1844 clamantem
1775 1824 1825 1843 au-

1025 1860 1095 1893 dies,
1115 1861 1149 1889 ad
1161 1869 1219 1895 eos,
1229 1862 1276 1897 qui
1288 1862 1403 1897 legalem
1418 1862 1523 1889 cultum
1536 1862 1785 1897 amplectebantur,
1798 1867 1827 1889 et

1024 1908 1112 1936 veteri
1123 1908 1254 1936 mandato
1262 1909 1318 1944 jam
1330 1909 1473 1944 antiquato
1484 1908 1625 1936 mordicus
1635 1908 1825 1940 adhmrebant,

1024 1954 1144 1982 subinde
1153 1954 1266 1990 quidem
1279 1963 1284 1981 :
1296 1964 1305 1981 ι
1314 1954 1467 1987 Lavamini,
1479 1954 1574 1982 mundi
1587 1959 1674 1982 estote
1684 1955 1724 1986 ως
1739 1963 1748 1979 ι
1761 1954 1826 1981 sub-

1025 1999 1090 2028 inde
1105 2008 1172 2028 vero
1198 2009 1204 2027 :
1230 2000 1467 2028 «Misericordiam
1487 2001 1562 2033 volo,
1588 2004 1616 2028 et
1643 2009 1698 2027 non
1721 2000 1827 2028 sacriﬁ-

1024 2047 1109 2080 cium,
1137 2050 1166 2074 et
1184 2048 1370 2083 cognitionem
1392 2048 1441 2075 Dei
1455 2047 1542 2083 magis
1560 2055 1642 2082 quam
1661 2047 1825 2075 holocauto-

1024 2098 1099 2121 mata
1112 2093 1146 2121 ⁸⁸.
1158 2103 1167 2119 ι
1184 2093 1402 2121 Misericordiam
1416 2093 1492 2121 enim
1510 2093 1539 2120 in
1553 2093 1667 2121 Christo
1682 2094 1826 2121 consecuti

1023 2148 1131 2173 sumus,
1149 2144 1178 2168 et
1191 2140 1220 2168 in
1236 2140 1296 2175 ipso
1309 2141 1432 2168 vidimus
1456 2140 1622 2176 spiritaliter
1643 2140 1767 2174 Patrem,
1794 2144 1825 2168 et

1024 2187 1112 2215 Deum
1124 2191 1224 2214 natura
1238 2188 1416 2215 exsistentcm
1431 2187 1621 2222 cognovimus;

1060 2233 1088 2261 2.
1102 2233 1172 2261 Cum
1184 2238 1277 2261 autem
1292 2233 1371 2261 facile
1387 2233 1535 2261 admodum
1555 2233 1591 2261 sit
1613 2232 1826 2261 innumerabilia

1025 2280 1069 2308 his
1086 2281 1276 2314 accumulare,
1301 2287 1328 2309 et
1346 2285 1502 2309 sanctorum
1522 2281 1722 2317 prophetarum
1749 2281 1826 2309 testi-

1026 2328 1119 2355 monia
1128 2327 1238 2360 afferre,
1256 2336 1306 2363 per
1318 2336 1379 2364 qu:e
1395 2328 1572 2356 manifestum
1584 2329 1673 2356 cuivis
1685 2336 1747 2355 esse
1762 2337 1827 2363 pos-

1028 2373 1074 2405 sit,
1090 2372 1204 2408 legalem
1227 2374 1332 2401 cultum
1350 2375 1406 2402 Deo
1427 2379 1571 2410 acceptum
1594 2383 1650 2402 non
1662 2383 1740 2408 osse,
1757 2383 1792 2403 ne
1812 2385 1828 2403 a

1029 2418 1158 2453 prmsenti
1174 2418 1300 2447 instituto
1313 2427 1469 2447 sermonem
1489 2425 1646 2448 avertamus
1657 2441 1665 2453 ,
1688 2429 1758 2448 neve
1769 2421 1829 2448 lon-

1029 2465 1089 2500 gius
1100 2469 1241 2493 excrescat
1252 2466 1341 2493 oratio
1354 2466 1485 2494 aliorsum
1499 2466 1673 2498 divertendo,
1688 2466 1722 2494 ad
1737 2466 1828 2501 ipsum

1027 2510 1084 2545 jam
1108 2510 1233 2538 divinum
1254 2510 1395 2538 Abraham
1414 2519 1466 2539 nos
1488 2511 1673 2539 conferamus.
1688 2511 1741 2544 Qui
1765 2519 1829 2539 cum

1029 2556 1152 2585 audisset
1165 2562 1294 2593 nepotem
1307 2566 1388 2585 suum
1404 2557 1456 2586 Lot
1477 2558 1505 2585 in
1522 2558 1696 2593 inopinatum
1716 2558 1828 2594 pericu-

1027 2603 1085 2630 lum
1102 2603 1233 2632 incidisse
1250 2604 1405 2639 (habitabat
1420 2605 1496 2632 enim
1517 2605 1544 2632 in
1563 2605 1691 2633 Sodomis
1704 2626 1711 2639 ,
1731 2610 1759 2633 et
1773 2607 1830 2642 jam

1025 2649 1088 2684 jure
1108 2649 1173 2676 belli
1193 2650 1222 2676 in
1236 2650 1358 2677 hostium
1379 2655 1543 2686 potestatem
1556 2652 1693 2688 venerat),
1713 2652 1831 2680 armavit

1029 2695 1194 2722 vernaculos
1219 2704 1303 2728 suos,
1329 2701 1356 2724 ct
1376 2698 1445 2725 alios
1468 2698 1602 2733 quosdam
1626 2698 1831 2726 confmderatos

1030 2742 1256 2774 Eschol,Annam
1270 2747 1299 2770 et
1312 2744 1445 2776 Mambre,
1465 2748 1549 2779 atque
1561 2744 1695 2772 adversus
1710 2743 1831 2771 victores

1029 2788 1140 2816 fortiter
1156 2789 1183 2816 in
1200 2789 1288 2817 aciem
1303 2790 1398 2819 educit
1409 2795 1452 2824 ,et
1463 2791 1498 2818 ab
1510 2799 1608 2818 eorum
1623 2789 1767 2826 tyrannide
1781 2790 1831 2817 ho-

1030 2834 1249 2868 minemliberat,
1267 2844 1375 2872 unaque
1385 2845 1447 2864 cum
1463 2844 1497 2864 co
1515 2836 1653 2871 ingentem
1664 2835 1744 2862 aliam
1756 2836 1830 2863 mul~

1032 2881 1179 2910 titudinem
1199 2882 1287 2910 salvat
1307 2884 1447 2911 communi
1469 2882 1571 2910 damno
1592 2885 1620 2909 et
1644 2881 1769 2917 periculo
1787 2882 1830 2909 in-

1137 2973 1313 3008 “133.1,!6.
1339 3005 1343 3009 ν
1364 2974 1384 2989 ⁶¹
1399 2973 1492 3001 Matth.
1508 2981 1554 3008 x12,
1569 2974 1594 3001 7.
