4092 6466
462 441 534 499 83
585 491 598 496 -
1487 444 1542 500 S.
1584 444 1860 501 CYRILLI
1897 446 2365 504 ALEXANDRINI
2403 447 2720 506 ARCHIEP.
3662 449 3734 506 86-

460 558 724 610 volutam.
774 554 1093 613 Revertenti
1148 572 1282 614 vero
1327 557 1552 614 domum
1609 569 1664 615 et
1696 561 1933 616 illustria
1967 561 2046 616 rei

2152 561 2397 633 πληθὺν,
2444 561 2884 635 συνηδικημένην
2938 561 3031 617 καὶ
3074 559 3510 618 κινδυνεύουσαν.
3563 561 3732 618 Ύπομ-

462 649 724 720 praeclare
763 649 1028 706 adversus
1064 650 1251 706 hostes
1304 659 1471 722 gestae
1541 651 1778 724 insignia
1813 653 2043 719 ferenti,

459 742 678 797 obviam
722 741 823 812 ipsi
854 741 1072 798 iverunt
1102 743 1168 807 ii,
1195 744 1292 824 [qui
1341 744 1516 818 ipsius
1548 759 1715 816 opera
1763 761 1827 802 ac
1861 746 2047 801 labore

460 832 631 902 ndjuti
669 842 845 888 erant.
870 833 945 888 Ita
970 835 1118 887 enim
1141 833 1406 904 scriptum
1431 844 1517 891 est
1543 853 1557 891 :
1587 855 1605 888 ι
1645 835 1913 907 Egressus
1945 851 2045 890 au-

461 934 570 978 tem
607 940 702 977 rex
745 923 1103 978 Sodomorum
1142 926 1196 979 iu
1239 941 1538 982 occursum
1570 929 1719 999 ejus,
1757 937 2046 998 postquam

461 1032 717 1072 reversus
758 1023 842 1070 est
885 1031 914 1071 a
943 1017 1092 1071 ezede
1135 1017 1593 1084 Chodorlaomor,
1643 1027 1700 1074 et
1728 1036 1920 1090 regum
1950 1021 2044 1090 qui

460 1123 585 1161 cum
610 1123 710 1170 eo,
749 1107 806 1161 in
842 1108 982 1162 valle
1020 1108 1159 1163 Save
1191 1109 1255 1164 θ’.
1292 1130 1308 1161 ι
1348 1110 1450 1167 Hic
1496 1121 1618 1167 erat
1644 1127 1873 1182 campus
1903 1113 2046 1184 regis

459 1199 841 1255 Melchisedec.
871 1219 892 1252 ι
910 1200 979 1255 At
1001 1217 1133 1257 vero
1154 1203 1540 1268 Melehisedec,
1562 1221 1660 1260 rex
1685 1205 1886 1269 Salem,
1911 1219 2042 1274 pro-

460 1293 587 1348 tulit
614 1293 716 1363 ipsi
748 1308 920 1363 panes
948 1303 1004 1350 et
1029 1295 1242 1351 vinum.
1274 1298 1407 1352 Erat
1438 1307 1622 1352 autem
1649 1296 1908 1352 sacerdos
1947 1297 2043 1351 Dei

457 1385 730 1451 altissimi,
764 1386 1118 1442 etbenedixit
1145 1389 1198 1444 ei
1238 1387 1622 1454 Melchisedec,
1653 1396 1709 1444 et
1741 1389 1912 1444 dixit:
1939 1390 2043 1446 Be-

458 1477 712 1542 nedictus
734 1478 1012 1534 Abraham
1036 1480 1148 1536 Deo
1167 1481 1456 1547 altissimo,
1477 1481 1572 1551 qui
1609 1480 1817 1536 creavit
1842 1482 2044 1536 caelum

456 1578 515 1624 et
543 1577 746 1625 terram
775 1587 788 1623 :
808 1579 865 1626 et
898 1571 1224 1628 benedictus
1241 1574 1387 1629 Deus
1407 1573 1730 1637 altissimus,
1753 1573 1849 1643 qui
1873 1572 2043 1627 tradi-

457 1661 542 1728 dit
565 1661 818 1723 inimicos
839 1672 963 1720 tuos
985 1667 1230 1735 captivos
1253 1667 1374 1722 tibi.
1399 1668 1468 1722 Et
1495 1667 1651 1722 dedit
1676 1667 1729 1722 ei
1765 1666 2042 1722 Abraham

459 1754 728 1810 decimam
771 1771 839 1810 ex
881 1758 1142 1812 omnibus
1159 1759 1224 1813 ⁸³.
1264 1779 1282 1811 ι
1307 1759 1443 1816 Vide
1470 1760 1656 1830 itaque
1686 1758 2044 1830 perfectionis

458 1863 558 1917 per
591 1847 872 1905 Christum
904 1857 1062 1922 typos
1083 1851 1229 1906 clare
1251 1851 1307 1906 in
1333 1851 1699 1908 Melehisedec
1719 1851 2040 1915 emicantes,

2151 654 2427 709 νοστοῦντι
2463 655 2519 708 δὲ
2550 655 2711 720 οἶκοι,
2757 653 2982 726 καὶτῆς
3026 653 3147 709 κατ’
3191 651 3406 727 ἐχθρῶν
3443 654 3731 725 εὐανδρίας

2151 748 2326 803 σεπτά
2357 747 2675 820 φέροντιτά
2719 747 3098 820 γνωρίσματα,
3139 748 3539 820 προσυπήντων
3582 747 3731 819 αὐτῷ

2148 839 2464 907 ἀναγκαίως
2511 839 2561 891 oi
2603 837 2692 891 διὰ
2729 836 2840 906 τῷν
2886 837 3054 890 αὐτοῦ
3108 837 3290 890 πόνων
3365 837 3729 907 ὠφελημένοι.

2147 931 2463 1000 Γέγραπται
2494 930 2603 1002 γὰρ
2632 929 2826 993 οὓτως·
2866 948 2884 981 ι
2938 928 3159 1000 nemo;
3201 929 3260 982 δὲ
3289 929 3543 999 βασιλεὺς
3572 928 3731 980 £056-

2152 1041 2266 1093 μων
2296 1025 2376 1086 είς
2407 1023 2712 1093 ἀπάντησιν
2737 1021 2908 1093 αὐτῷ,
2947 1022 3086 1092 μετὰ
3114 1023 3174 1075 τὸ
3203 1021 3544 1093 ὑποστρέψαι
3567 1019 3732 1074 αὐτὸν

2145 1115 2254 1168 ἀπὸ
2283 1115 2385 1186 τῆς
2417 1114 2592 1184 κοπῆς
2628 1114 2722 1168 τοῦ
2752 1114 3162 1185 Χοδολογόμορ,
3196 1114 3292 1167 καὶ
3319 1115 3427 1167 τῶν
3459 1111 3729 1182 βασιλέων

2145 1206 2257 1260 τῶν
2299 1207 2416 1278 μετ’
2458 1205 2647 1271 αὐτοῦ,
2672 1207 2754 1270 είς
2791 1205 2888 1275 τὴν
2919 1205 3145 1260 κοιλάδα
3168 1204 3264 1259 τοῦ
3294 1206 3462 1274 Σαυῆ.
3497 1223 3516 1256 ι
3554 1204 3728 1258 Τοῦτο

2145 1299 2202 1353 δὲ
2248 1294 2318 1370 ἦν
2375 1299 2559 1353 πεδίον
2609 1297 2894 1369 βασιλέως·
2943 1298 3282 1370 προσεπάγει
3322 1297 3380 1350 δὲ
3425 1298 3510 1350 ὅτι
3558 1317 3575 1348 ι
3618 1294 3732 1350 Καὶ

2146 1388 2501 1459 Μελχισεδὲκ,
2534 1387 2785 1457 βασιλεὺς
2814 1387 2958 1457 Σαλὴ
2967 1405 3027 1458 μ,
3045 1387 3336 1457 ἐξήνεγκεν
3360 1387 3508 1458 αὐτῷ
3531 1388 3730 1458 ἄρτους

2147 1481 2242 1534 καὶ
2280 1475 2442 1532 οἶνον·
2479 1474 2551 1550 ἦν
2579 1479 2636 1532 δὲ
2673 1479 2854 1551 ἱερεὺς
2897 1478 2993 1532 τοῦ
3035 1477 3171 1533 Θεοῦ
3205 1477 3300 1532 τοῦ
3339 1479 3586 1548 ὑψίστου.
3615 1479 3727 1532 Καὶ

2143 1571 2407 1641 εὐλόγησε
2471 1570 2562 1625 τὸν
2623 1569 2906 1641 Ἀϐραὰμ,
2955 1571 3052 1624 καί¹
3123 1565 3294 1625 εἷπεν·
3348 1569 3729 1640 Εὐλογημένος

2160 1663 2412 1736 Ἀϐραάμ
2441 1663 2519 1734 τῷ
2545 1663 2664 1735 Θεῷ
2690 1663 2768 1736 τῷ
2795 1664 3038 1736 ὑψίστῳ,
3067 1665 3127 1729 ὃς
3160 1663 3340 1718 ἔκτισε
3370 1663 3462 1717 τὸν
3500 1661 3730 1734 οὐρανὸν

2145 1757 2241 1810 καὶ
2286 1756 2387 1826 τὴν
2433 1755 2561 1826 γῆν.
2609 1757 2720 1810 Καὶ
2755 1758 3050 1830 εὐλογητὸς
3086 1759 3115 1811 6
3157 1756 3291 1820 Θεὸς
3326 1758 3356 1810 6
3391 1755 3640 1825 ὕψιστος,
3669 1753 3732 1816 ὃς

2145 1847 2434 1916 παρέδωκε
2467 1848 2593 1911 τοὺς
2637 1847 2869 1921 ἐχθρούς
2919 1866 3014 1903 σου
3062 1848 3410 1920 ὑποχειρίους
3459 1864 3585 1910 σου,
3632 1845 3732 1900 καὶ

457 1944 516 1994 et
561 1937 750 2008 legalis
789 1911 976 1996 cultus
1029 1956 1345 1998 mensuram
1373 1943 1713 1998 inferiorem.
1759 1943 2040 2014 Siquidem

2151 1911 2348 1992 ἔδωκεν
2376 1936 2525 2008 αὐτῷ
2557 1911 2792 2010 δεκάῆν
2833 1911 2942 1993 ἀπὸ
2974 1911 3214 1994 πάντων..
3324 1937 3514 2008 ’Δθρει
3543 1936 3609 2006 δὴ
3636 1930 3731 1988 οὖν

459 2027 829 2086 indubitatum
851 2040 935 2087 est
961 2073 976 2098 ,
1013 2033 1160 2103 quod
1184 2035 1411 2090 omnino
1446 2035 1502 2090 id
1531 2035 1679 2106 quod
1699 2036 1885 2090 minus
1912 2043 1998 2091 est
2026 2075 2040 2100 ,

455 2135 489 2182 θ
529 2123 737 2193 majore
787 2139 852 2178 ac
907 2127 1290 2194 praestantiore
1338 2126 1706 2193 benedicitur,
1743 2126 1856 2199 48
1891 2128 2044 2198 juxta

460 2211 804 2284 Scripturam
826 2215 891 2271 “.
935 2217 1110 2272 Radix
1145 2227 1330 2274 autem
1354 2220 1759 2288 quodammodo
1773 2219 2047 2275 Israelita-

459 2318 584 2357 rum
610 2303 832 2360 divinus
860 2305 1174 2374 Abraham,
1211 2317 1268 2363 et
1295 2309 1574 2365 excellens
1610 2309 1666 2363 in
1713 2310 1830 2380 ipso
1880 2309 2042 2375 Levi,

457 2393 633 2451 divini
680 2399 975 2454 sacerdotii
1009 2401 1184 2472 gloria
1215 2409 1464 2456 ornatus.
1510 2421 1529 2453 ι
1567 2402 1841 2458 Caeterum
1861 2402 2046 2458 adhuc

461 2483 519 2549 in
550 2485 698 2542 illius
745 2489 948 2545 lumbis
985 2491 1344 2548 delitescebat
1371 2493 1437 2547 °'.
1483 2513 1503 2545 ι
1534 2492 1815 2564 Siquidem
1848 2493 2045 2549 beatus

461 2572 736 2636 Abraham
781 2593 975 2634 eorum
1021 2582 1118 2652 qui
1171 2597 1239 2638 ex
1293 2583 1412 2654 ipso
1444 2598 1738 2655 progressu
1779 2584 2046 2654 temporis

463 2667 659 2723 orituri
685 2679 880 2736 erant,
919 2674 1170 2742 potentia
1198 2684 1356 2745 pater
1401 2684 1540 2732 erat.
1575 2674 1646 2731 At
1681 2676 1788 2732 hoc
1821 2677 2047 2746 quidem

459 2775 586 2816 esse
609 2762 852 2819 arbitror
870 2766 1149 2836 sapienter
1164 2767 1374 2824 dictum
1395 2767 1464 2823 de
1493 2768 1647 2824 Levi.
1681 2768 1876 2824 Adhuc
1897 2770 2046 2824 enim

466 2863 584 2914 erat
617 2856 675 2911 in
712 2857 916 2914 lumbis
942 2859 1114 2929 patris
1157 2860 1378 2930 quando
1419 2862 1497 2916 illi
1545 2861 1764 2916 obviam
1787 2860 1888 2915 ivit
1911 2861 2045 2917 Mel-

465 2945 740 3003 chisedec.
787 2948 1087 3006 Benedicta
1125 2951 1312 3022 itaque
1359 2961 1448 3008 est
1486 2953 1700 3024 iustitia
1731 2953 1920 3024 legalis
1949 2963 2050 3023 per

464 3037 672 3095 cultum
706 3040 762 3095 in
818 3040 1074 3109 Christo,
1126 3045 1284 3115 cujus
1330 3053 1494 3116 typus
1529 3053 1616 3100 est
1658 3043 2044 3099 Melchisedec.

457 3127 620 3195 Quod
643 3133 1298 3205 veroincomparabiliter
1312 3137 1501 3191 utilior
1533 3136 1608 3191 sit
1637 3149 1702 3191 ea
1727 3135 2047 3192 benedictio

2146 2029 2246 2100 τῆς
2261 2031 2319 2083 ὲν
2339 2028 2562 2100 Χριστῷ
2583 2028 2920 2092 τελειώσεως
2940 2029 3067 2092 τοὺς
3097 2028 3305 2092 τύπους
3327 2027 3732 2096 ὲναστράπτον-

2144 2140 2246 2187 τας
2289 2123 2536 2193 ἐναργῶς
2577 2122 2658 2194 τῷ
2701 2121 3069 2192 Μελχισεδὲκ,
3104 2123 3200 2175 καὶ
3232 2121 3332 2190 τῆς
3379 2118 3522 2172 κατά
3565 2118 3732 2189 νόμον

2147 2214 2402 2286 λατρείας
2439 2214 2500 2268 τὺ
2534 2213 2730 2286 μέτρον
2760 2215 2818 2268 ὲν
2857 2214 3086 2284 μείοσιν.
3113 2211 3288 2284 Εἴπερ
3330 2212 3478 2264 ἐστὶν
3507 2211 3605 2264 οὐκ
3645 2210 3735 2261 ὲν.

2141 2308 2394 2362 δοιαστὸν
2439 2308 2522 2360 ὅτι
2555 2308 2732 2376 πάντη
2773 2323 2833 2358 τε
2875 2307 2968 2359 καὶ
3001 2305 3219 2368 πάντως
3256 2305 3318 2358 τὸ
3363 2304 3583 2358 ἔλαττον
3624 2300 3736 2359 ὑπὸ

2145 2402 2241 2456 τοῦ
2285 2401 2594 2474 κρείττονος
2643 2401 2977 2468 εὐλογεῖται,
3023 2398 3169 2454 κατά
3213 2398 3274 2452 τὸ
3317 2395 3731 2468 γεγραμμένον,

2161 2493 2314 2558 Ῥίζα
2371 2495 2429 2547 δὲ
2480 2493 2671 2564 ὥσπερ
2729 2493 2839 2546 τῶν
2910 2489 2970 2556 ἐξ
3045 2489 3297 2562 Ἰσραὴλ,
3352 2491 3380 2543 6
3441 2487 3737 2550 Θεσπέσιος

2161 2587 2438 2660 Ἀϐραὰμ,
2482 2586 2576 2640 καὶ
2599 2587 2658 2639 τὸ
2685 2589 2743 2639 ὲν
2773 2585 2922 2657 αὐτῷ
2952 2579 3189 2656 προῦχόν
3213 2600 3273 2636 τε
3308 2583 3402 2636 καὶ⁵
3429 2580 3734 2651 ἐξαίρετον,

2147 2683 2175 2736 ό
2219 2679 2383 2744 Λευῖ,
2433 2682 2546 2743 τοῖς
2591 2680 2690 2750 τῆς
2739 2679 2893 2742 θείας
2927 2676 3238 2749 ¹ίιερωσύνης
3287 2672 3738 2745 κατεστεμμένος

2148 2772 2484 2843 αὐχήμασιν.
2525 2788 2545 2824 ι
2597 2770 2740 2823 Ἀλλ’
2771 2765 2841 2842 ἦν
2866 2771 2924 2823 ὲν
2955 2769 3117 2838 ὀσφύϊ
3143 2769 3396 2838 κείμενος
3428 2766 3527 2820 ἔτι.
3578 2784 3598 2818 ι
3630 2767 3737 2819 Au.

2147 2865 2310 2935 νάμει
2348 2864 2459 2935 γὰρ
2488 2858 2556 2935 ἦν
2583 2863 2693 2918 τῶν
2722 2861 2782 2927 ἐξ
2805 2861 2972 2916 αὐτοῦ
3012 2860 3156 2916 κατά
3201 2860 3425 2930 καιροὺς
3455 2857 3736 2928 ἐσομένων

2149 2956 2330 3025 πατὴρ
2357 2958 2386 3009 ό
2413 2955 2684 3028 μακάριος
2721 2953 2990 3027 Ἀϐραάμ.
3022 2952 3125 3006 Καὶ
3150 2951 3330 3018 τοῦτο,
3361 2947 3538 3020 οἶμαι,
3585 2949 3732 3012 ἐστὶ,

2148 3048 2210 3102 τὸ
2233 3047 2412 3119 σοφῶς
2443 3046 2738 3119 εἰρημένον
2768 3047 2896 3117 περὶ
2922 3045 3016 3098 τοῦ
3033 3045 3187 3100 Acut.
3212 3040 3333 3097 Ἔτι
3356 3042 3464 3112 γὰρ
3491 3037 3557 3112 ἦν
3583 3041 3643 3094 ὲν

2146 3139 2310 3207 ὀσφύϊ
2341 3138 2436 3192 τοῦ
2476 3139 2704 3211 πατρὸς,
2733 3139 2822 3191 ὅτε
2859 3139 3192 3209 συνήντησεν
3221 3134 3370 3206 αὐτῷ
3401 3134 3430 3186 6
3461 3133 3735 3204 Μελχισε-

464 3237 587 3291 quae
631 3223 994 3317 benedicendi
1047 3227 1307 3288 facultate
1336 3227 1564 3298 przedita
1597 3235 1682 3283 est
1713 3269 1728 3294 ,
1774 3239 1940 3298 quam
1981 3243 2046 3283 ea

2151 3232 2266 3288 δέκ.
2316 3232 2628 3302 Εὑλόγηται
2685 3230 2864 3284 τοίνυν
2923 3231 2956 3300 ἡ
3013 3229 3152 3282 κατὰ
3169 3227 3364 3317 ῌνόμον
3415 3224 3733 3297 δικαιοσύνη

463 3331 590 3384 quae
640 3315 732 3372 illa
774 3319 979 3375 virtute
1005 3329 1185 3386 caret,
1222 3336 1384 3377 nemo
1427 3320 1651 3392 quidem
1689 3321 2046 3376 dubitaverit.

468 3405 575 3462 Sed
601 3409 801 3466 horum
831 3412 1055 3481 quidem
1099 3421 1368 3469 accuratae
1401 3413 1856 3486 contemplationi
1899 3427 2051 3475 nunc

463 3503 980 3574 supersedebimus.

539 3779 593 3833 '5.
629 3777 936 3848 interroget
968 3784 1152 3832 autem
1182 3776 1415 3832 fortasse
1464 3783 1520 3831 et
1554 3783 1668 3846 prae
1705 3774 1921 3833 ceteris
1961 3775 2050 3829 di-

458 3870 656 3927 scendi
685 3870 938 3942 cupidus,
962 3870 1218 3941 quisnam
1248 3868 1420 3924 fuerit
1449 3867 1834 3925 Melchisedec.
1858 3869 2052 3924 Varias

459 3961 616 4017 enim
647 3961 936 4031 opiniones
976 3961 1046 4016 de
1103 3976 1174 4016 eo
1208 3960 1464 4015 nonnulli
1513 3960 2048 4026 connniniscuntur,

466 4052 624 4108 vanis
651 4053 814 4124 nugis
843 4051 1225 4123 imprudenter
1248 4051 1416 4122 capti,
1449 4060 1506 4105 et
1529 4048 1730 4105 divinae
1751 4049 2052 4121 Scriptura:

464 4145 924 4204 consuetudinem
967 4159 1080 4200 non
1125 4144 1268 4200 bene
1303 4143 1589 4198 callentes.
1633 4141 1866 4209 Quidam
1903 4143 2051 4198 enim

467 4240 525 4294 ia
550 4238 761 4295 visione
782 4247 946 4308 atque
979 4237 1037 4292 in
1065 4236 1248 4308 specie
1273 4243 1512 4300 tantum,
1534 4250 1658 4306 qua:
1687 4243 1933 4290 nostram
1961 4251 2052 4291 re-

469 4332 658 4396 ferret,
676 4331 944 4402 Spiritum
967 4339 1218 4386 sanctum
1245 4328 1556 4385 occurrisse
1578 4370 1592 4395 ,
1617 4329 1833 4399 solique
1854 4327 2050 4384 victori

469 4425 702 4486 Abrahm
728 4426 910 4481 visum
931 4439 1052 4481 esse
1079 4423 1351 4480 aﬂirmant
1379 4441 1392 4477 :
1417 4423 1511 4478 alii
1533 4437 1664 4478 vero
1687 4438 1801 4476 non
1823 4421 2050 4492 quidem

469 4520 596 4585 hoc,
644 4518 898 4574 deterriti
929 4517 1194 4572 nimirum
1237 4515 1584 4571 absurditate
1621 4515 1789 4584 hujus
1832 4520 2054 4568 sentene

2149 3320 2306 3394 παρὰ
2336 3321 2436 3390 τῆς
2473 3323 2531 3374 έν
2569 3320 2792 3390 Χριστῷ
2829 3317 3120 3391 λατρείας,
3162 3311 3231 3385 ἧς
3265 3317 3436 3379 τύπος
3465 3317 3496 3368 6
3525 3315 3736 3386 Μελχι-

2151 3411 2332 3466 σεδέκ.
2362 3412 2787 3482 Προφερεστέρα
2811 3410 2870 3465 δὲ
2897 3411 2978 3464 ὅτι
3011 3410 3108 3464 καὶ
3133 3406 3484 3479 ἀσυγκρίτως
3519 3407 3552 3477 ἡ
3581 3406 3738 3458 εὐλο-

2147 3505 2269 3574 γία,
2304 3503 2392 3558 οἶα
2415 3521 2473 3556 τε
2498 3503 2595 3572 τῆς
2623 3504 2721 3573 οὐχ
2753 3496 2868 3556 -ὧδε
2901 3499 3138 3572 ἐχούσης
3159 3539 3174 3566 ,
3204 3498 3322 3562 πῶς
3353 3497 3420 3551 ἂν
3438 3493 3741 3554 ’ἐνδοιάσεῶ

2150 3611 2235 3660 τις
2254 3613 2268 3661 ;
2312 3593 2475 3647 Ἀλλά
2499 3594 2629 3663 περὶ
2657 3593 2757 3664 μὲν
2778 3592 2890 3647 τῶν
2911 3591 3172 3646 τοιούτων
3193 3589 3402 3661 ῖσχνῶς
3417 3590 3512 3643 καὶ
3536 3588 3741 3660 διεσμιε

2151 3683 2449 3755 λευμένως,
2479 3684 2689 3746 οὐκ-εἱς
2717 3682 2936 3754 μακρὰν
2965 3681 3336 3753 θεωρήσομεν.

2223 3782 2294 3844 γ’.
2325 3776 2752 3846 Φιλοπευστήσει
2781 3775 2839 3828 δὲ
2873 3774 3004 3838 ἴσως
3035 3775 3132 3829 καὶ
3161 3774 3266 3848 πρό
3302 3791 3367 3843 γε
3397 3773 3508 3828 τῶν
3539 3771 3740 3835 ἄλλων,

2149 3870 2180 3924 ό
2223 3871 2617 3941 χριστομαχεϊν
2682 3869 2998 3941 ᾑρημένος,
3031 3867 3126 3934 τίς
3172 3869 3236 3940 δὴ
3287 3867 3396 3941 ἄρα
3440 3869 3671 3938 γέγονεν
3713 3870 3743 3921 6

2149 3962 2513 4033 Μελχισεδέκ.
2559 3962 2847 4034 Διαιρόροις
2897 3961 3009 4033 γὰρ
3058 3960 3241 4026 δόξαις
3281 3963 3409 4025 ταῖς
3449 3962 3539 4014 ἐπ’
3585 3959 3743 4032 αὐτῷ

2153 4054 2560 4125 καταμεθύουσί
2585 4072 2768 4121 τινες,
2801 4053 2981 4118 ὑθλοις
3007 4054 3237 4118 εἰκαίας
3267 4053 3550 4118 ἀσυνέτως
3577 4053 3746 4108 ὲνολιο

2158 4149 2482 4221 σθήσαντες,
2524 4150 2618 4202 καὶ
2651 4151 2764 4212 τοῖς
2795 4147 2945 4200 ἔθεσι
2979 4146 3086 4216 τῆς
3131 4145 3489 4200 θεοπνεύστου
3517 4145 3743 4219 Γραφῆς

2147 4242 2216 4295 οὐ
2244 4241 2448 4311 σφόδρα
2477 4239 2938 4313 προσεσχηκότες.
2959 4240 3024 4292 Οἱ
3049 4239 3148 4310 μὲν
3172 4237 3281 4309 γὰρ
3308 4237 3384 4301 ὡς
3413 4239 3470 4290 ὲν
3493 4238 3739 4309 φάσματι

2155 4335 2248 4390 καὶ
2287 4335 2419 4388 εῖδει
2461 4333 2608 4407 μόνῳ
2641 4334 2720 4405 τῷ
2771 4333 2894 4386 καθ’
2930 4333 3078 4402 ἡμᾶς
3124 4331 3184 4385 τὸ
3213 4329 3449 4402 Πνεῦμα
3493 4331 3554 4384 τὸ
3586 4331 3740 4398 ἆγιον

2155 4427 2486 4498 ὑπαντῆσαι,
2526 4428 2623 4480 καὶ
2664 4424 2824 4496 μόνον
2871 4423 3104 4494 ὀφθῆναί
3146 4440 3278 4492 φασι
3321 4421 3633 4493 νενικηκότι
3658 4417 3742 4489 τῷ

2169 4517 2438 4588 Ἀϐραάμ.
2469 4515 2542 4570 ’οί
2580 4515 2639 4569 δὲ
2681 4512 2841 4566 τοῦτο
2874 4511 2972 4582 μὲν
3015 4510 3158 4581 οὐχίο
3204 4511 3406 4565 δεδίασι
3431 4511 3564 4582 γὰρ,
3587 4505 3740 4580 οἶμαί

465 4611 577 4676 tias,
607 4612 909 4689 potentiam
939 4624 1072 4664 vero
1103 4623 1226 4664 esse
1259 4616 1514 4663 asserunt
1551 4603 1923 4662 multitudinis
1953 4619 2047 4659 an-

2161 4629 2267 4665 που
2285 4652 2301 4677 ,
2332 4609 2394 4664 τὺ
2414 4609 2550 4662 πολὺ
2579 4607 2700 4661 λίαν
2716 4603 3075 4667 ἁπονενευκδς
3095 4605 3183 4668 ei;
3205 4603 3267 4657 τὸ
3295 4603 3547 4668 ἀκαλλὲς,
3577 4602 3740 4656 δύνα-

461 4703 715 4770 εζθιοωω
747 4703 1016 4758 illustrem
1057 4710 1219 4776 atque
1243 4699 1518 4754 eximiam.
1555 4697 1745 4754 Traxit
1758 4707 2053 4755 autemeos

469 4795 524 4857 in
545 4795 689 4853 hanc
714 4795 1044 4852 sententiam
1069 4793 1219 4847 iners
1242 4805 1459 4854 eorum,
1490 4799 1553 4845 ut
1581 4789 1821 4856 videtur,
1849 4803 1914 4846 ac
1941 4799 2057 4846 sto-

471 4887 579 4943 lida
603 4903 779 4943 mens.
819 4885 958 4941 Cum
989 4884 1136 4938 enim
1157 4924 1170 4948 ,
1205 4881 1484 4952 inquiunt,
1523 4881 1922 4953 interpretetur
1951 4882 2053 4938 Sa-

461 4981 575 5040 lem
604 4997 710 5052 paa:
735 4980 814 5032 “z
850 4993 949 5034 rex
978 4993 1112 5032 vero
1145 4975 1326 5032 Salem
1364 4974 1731 5034 Melchisedec
1771 4974 2056 5046 cognomi-

461 5083 631 5130 natus
645 5082 751 5138 est,
778 5085 848 5128 ne
877 5079 1190 5134 censeatur,
1219 5068 1499 5138 inquiunt,
1527 5067 1714 5131 homo,
1741 5067 1846 5122 sed
1871 5065 2049 5136 Spiri-

465 5179 562 5222 tus
622 5164 984 5236 signiﬁcetur.
1023 5163 1318 5233 Proprium
1373 5160 1523 5216 enim
1571 5168 1659 5216 est
1742 5174 1850 5229 pax
1903 5159 2047 5223 Dei,

469 5259 696 5328 ipseque
723 5256 874 5312 solus
898 5255 1049 5325 pacis
1073 5263 1157 5309 est
1196 5263 1406 5310 auctor.
1435 5252 1714 5324 Adjiciunt
1749 5266 1882 5306 vero
1917 5250 2003 5305 his
2032 5267 2046 5304 ε

470 5346 529 5403 Si
581 5361 765 5416 neque
811 5343 1146 5416 principium
1194 5343 1443 5407 dierum,
1495 5357 1676 5412 neque
1729 5343 1894 5396 linem
1923 5341 2051 5396 vitae

474 5437 677 5502 habet,
725 5453 836 5508 quo
877 5446 1038 5507 pacto
1077 5451 1184 5490 non
1220 5434 1512 5490 dementiae
1551 5442 1936 5504 argumentum
1979 5432 2052 5486 sit

474 5527 729 5598 principii
761 5543 825 5584 ac
849 5527 973 5583 ﬁnis
1012 5528 1309 5584 carentiam
1342 5527 1552 5581 homini
1577 5527 1865 5581 tribuere?
1890 5527 2053 5581 Intel-

477 5620 675 5690 ligatur
695 5620 880 5690 itaque
907 5619 1144 5691 Spiritus
1173 5635 1429 5685 rursum.
1448 5619 1504 5674 Si
1542 5619 1688 5672 enim
1719 5618 2050 5673 assimilatus

476 5721 559 5771 est
589 5711 726 5767 Filio
759 5713 1021 5769 Altissimi
1041 5754 1054 5778 ,
1089 5719 1275 5768 manet
1313 5712 1493 5767 autem
1521 5711 1685 5766 etiam
1717 5711 1972 5766 sacerdos
1997 5711 2053 5766 in

546 5895 586 5928 ε’
621 5893 883 5967 Getutv,
931 5898 1077 5952 l-l7.
1157 5898 1358 5953 “Ibid.
1409 5899 1793 5965 l8-20;ilebr.
1823 5918 1914 5970 vn,
1947 5900 2044 5956 1-5

2158 4719 2250 4776 μιν
2272 4702 2328 4756 δὲ
2349 4697 2490 4755 εἶναι
2513 4699 2938 4770 διῖσχυρίξονται
2953 4700 3061 4770 ’τῆς
3088 4697 3197 4752 τῶν
3220 4697 3470 4766 ἀγγέλων
3498 4693 3742 4768 πληθύος

2157 4794 2435 4868 περιφανῆ
2480 4811 2538 4846 τε
2580 4791 2680 4846 καὶ
2728 4790 3004 4862 ἔκκριτον.
3042 4791 3392 4862 Παρεκόμισε
3437 4789 3494 4843 δὲ
3544 4786 3742 4847 αὐτοὺς

2156 4887 2240 4950 είς
2281 4886 2382 4956 τὴν
2434 4883 2534 4946 ἐπὶ,
2573 4882 2753 4952 τούτῳ
2795 4881 2988 4948 δόξαν,
3017 4882 3255 4955 ἀδρανὴς
3275 4925 3290 4948 ,
3324 4880 3402 4945 ὡς
3436 4880 3581 4934 ἔοικε
3603 4923 3616 4945 ,
3648 4875 3742 4931 καὶ

2155 4975 2437 5046 ’ἀσύφηλος
2485 4973 2631 5038 νοῦς.
2689 4973 2908 5046 Ἐπειδὴ
2953 4974 3098 5047 γὰρ,
3143 4975 3341 5042 φασιν,
3377 4972 3741 5044 ἑρμηνεύεται

2157 5067 2352 5138 Σαλήμ
2401 5065 2628 5136 εἰρήνη·
2678 5065 2932 5137 βασιλεὺς
2980 5067 3040 5120 δὲ
3094 5067 3288 5139 Σαλήμ
3331 5068 3360 5120 6
3408 5059 3742 5136 Μελχισεδὲκ

2157 5159 2612 5229 κατωνόμασται,
2651 5159 2724 5229 μὴ
2760 5158 3046 5230 ἅνθρωπος
3087 5157 3336 5221 νοείσθω,
3383 5157 3547 5226 φασὶν
3570 5195 3584 5219 ,
3624 5148 3740 5207 ἀλλ’

2158 5250 2302 5304 ἔστω
2339 5249 2398 5303 τὸ
2453 5249 2676 5322 Πνεῦμα
2717 5250 3068 5322 δηλούμενον.
3113 5250 3274 5303 nam
3314 5248 3424 5320 γὰρ
3469 5249 3503 5318 ἡ
3549 5245 3739 5316 εἰρήνη

2158 5341 2319 5407 Θεοῦ,
2351 5341 2447 5395 καὶ
2477 5341 2640 5406 αὐτὸς
2677 5343 2902 5414 εἰρήνης
2944 5343 3206 5413 κατάρξει
3254 5342 3435 5412 μόνος.
3491 5339 3741 5409 “poem-

2153 5434 2421 5503 ἀγουσιδὲ
2442 5434 2674 5498 τούτοις,
2707 5437 2770 5488 Εἰ
2803 5437 2942 5507 μήτε
2969 5435 3142 5509 ἀρχὴν
3161 5435 3403 5507 ἡμερῶν,
3430 5436 3564 5505 μήτε
3595 5427 3739 5496 ζωῆς

2157 5527 2313 5590 τέλος
2338 5525 2473 5598 ἔχει,
2503 5527 2562 5580 τὸ
2587 5527 2824 5599 ἀναρχόν
2854 5545 2913 5581 τε
2959 5528 3053 5581 καὶ
3081 5527 3440 5597 ἀτελεύτητον
3469 5521 3740 5595 ἀνθρώπῳ

2159 5619 2528 5690 προσνέμειν,
2572 5619 2691 5682 πῶς
2733 5619 2833 5672 οὐκ
2879 5619 2944 5672 ἂν
2992 5619 3208 5688 γένοιτο
3252 5618 3462 5690 μωρίας
3515 5611 3734 5688 γραφής

2162 5710 2410 5765 Νοείσθω
2447 5711 2511 5783 δή
2539 5706 2644 5773 οῦν¹
2672 5712 2732 5765 τὸ
2772 5711 2996 5784 Πνεῦμα
3033 5713 3216 5767 πάλιν,
3254 5712 3314 5764 Εἰ
3347 5713 3456 5782 γὰρ
3507 5708 3597 5763 καὶ
3634 5703 3731 5777 ἀφ’

2142 5898 2196 5975 ⁸⁸,
2224 5901 2362 5958 Ibid.
2401 5901 2452 5957 7.
2533 5901 2576 5934 εδ
2609 5897 2746 5956 Ibid.
2792 5898 2874 5955 l0.
2953 5898 2996 5928 “
3027 5895 3164 5955 Ibid.
3203 5894 3256 5957 9,,
