4092 6504
492 390 566 448 es
1525 388 2056 464 GLAPHYRORUM
2092 386 2159 444 IN
2199 388 2508 446 canssm
2541 390 2673 446 ua.
2718 390 2783 444 ιι.
3739 385 3826 442 se

492 503 824 578 ωμοίωται,
857 503 1015 578 φησὶ,
1037 502 1117 578 τῷ
1142 503 1256 578 Υίῷ
1293 504 1388 561 τοῦ
1433 504 1715 577 Ὑψίστου,
1749 507 1902 581 μένει
1933 507 1989 562 δὲ
2019 508 2112 563 καὶ

2215 515 2482 563 aeternum
2504 548 2518 572 ,
2548 521 2658 578 quo
2690 513 2851 576 pacto
2875 520 2988 560 non
3023 519 3122 576 per
3150 503 3334 560 omnia
3362 517 3651 564 censeatur
3684 509 3816 568 Met-

498 599 689 670 ίερεὺς
723 598 807 662 εἰς
843 597 909 654 τὸ
931 597 1205 670 διηνεκὲς,
1239 597 1360 665 πῶς
1391 599 1451 654 οὒ
1481 599 1572 656 διά
1607 599 1828 657 πάντων
1865 601 2110 674 οἰηθείη·

497 707 604 762 μεν
650 690 722 746 ἂν
753 690 857 745 οὐκ
893 691 1186 764 ἄνθρωπον
1230 686 1374 746 εἶναι
1417 692 1511 747 τὸν
1565 693 1940 766 Μελχισεδέκς
1975 690 2111 756 Εἶτα

491 783 716 848 τούτοις
747 786 972 857 ἑτέρους
997 785 1494 851 συνεπιπλέκοντες,
1517 787 1814 859 λογισμοὺς
1838 787 2109 859 ὲμπεδοῦν

492 876 708 932 οἴονται
740 878 880 951 πρὸς
905 879 1172 951 ἀλήθειαν
1196 880 1287 935 τὸν
1324 881 1426 934 οὐκ
1455 876 1552 934 οἷδ’
1579 881 1704 936 ὅθεν
1734 882 1920 946 αὐτοῖς
1956 899 2111 954 πορι-

495 971 706 1026 σθέντα
748 971 930 1043 λόγον.
980 973 1163 1044 Ἠμᾶς
1213 973 1273 1027 δὲ
1316 973 1532 1045 ἀνάγκη
1578 975 1640 1029 τὸ
1676 975 1757 1038 είς
1784 974 1924 1031 -νοῦν
1973 969 2110 1048 ἧκον

493 1067 704 1130 εἰπεῖν,
724 1069 848 1131 ταῖς
881 1068 1111 1122 ἐκείνων
1145 1066 1410 1137 ὑποψίαις
1444 1067 1508 1122 τὸ
1547 1067 1626 1133 ὡς
1667 1067 1868 1139 ἄριστά
1912 1085 1971 1122 τε
2017 1068 2111 1125 καὶ

488 1157 682 1230 ὀρθῶς
695 1157 854 1230 ἔχειν
881 1158 1076 1213 δοκοῦν
1107 1157 1542 1228 ἀνθυπενεγκεῖν
1575 1159 1910 1232 ᾑρημένους.
1949 1160 2111 1232 Πρῶιο

491 1267 593 1303 τον
630 1251 733 1322 μὲν
772 1251 883 1324 γὰρ
923 1253 973 1304 εἰ
1009 1253 1231 1324 φρονεῖν
1261 1250 1540 1321 ἐγνώκασι
1583 1252 1654 1307 τὰ
1690 1251 1913 1320 εἰκότα,
1957 1252 2111 1308 πόλιν

490 1334 645 1393 εῖναι
693 1341 788 1394 καὶ
818 1340 974 1395 αὐτοὶ
1024 1339 1528 1412 συνομολογήσουσι
1569 1339 1668 1410 τὴν
1699 1339 1922 1412 Σαλὴμ,
1954 1334 2022 1412 ἦς
2049 1339 2110 1395 οὑ

490 1432 728 1506 πρῶτός
770 1450 833 1487 τε
879 1434 977 1487 καὶ
1027 1433 1192 1504 μόνος
1239 1432 1629 1503 βεϐασίλευκεν
1678 1434 1707 1486 ὁ
1749 1431 2108 1502 Μελχισεδὲκ,

491 1523 622 1578 ἀλλ’
662 1519 806 1597 ἦσάν
832 1542 934 1579 που
960 1525 1183 1589 πάντως
1210 1524 1477 1590 πλεῖστοι,
1511 1525 1629 1586 ὅσοι
1658 1526 1757 1597 μὲν
1785 1525 1892 1596 πρὸ
1917 1523 2108 1590 αὐτοῦ,

490 1619 766 1688 γεγόνασι
799 1619 858 1672 δὲ
901 1618 997 1672 καὶ
1024 1619 1206 1690 ἕτεροι
1251 1618 1370 1691 μετ’
1403 1617 1590 1675 αὐτόν.
1632 1618 1697 1672 Εἰ
1739 1617 1798 1672 δέ
1831 1635 1915 1682 τις
1961 1618 2111 1689 ἡμᾶς

483 1711 672 1769 ,οἴοιτο
696 1711 1046 1782 ψευδοεπεῖν,
1077 1712 1260 1783 ἡκέτω
1292 1712 1390 1766 καὶ
1423 1711 1691 1766 δεικνύτω
1721 1712 1817 1766 καὶ
1847 1713 1927 1775 εἰς
1954 1710 2113 1784 δεῦρο

493 1804 608 1875 τῆς
665 1804 860 1876 Σαλήμ
913 1804 1277 1877 βασιλεύοντα
1322 1804 1415 1859 τὸν
1467 1803 1832 1876 Μελχισεδὲκσ
1877 1805 1978 1858 καί
2025 1821 2111 1858 τοι

2218 597 2476 654 chiscdec
2510 613 2620 653 non
2652 613 2774 653 esse
2796 597 3008 652 homo?
3039 597 3188 653 Alias
3219 606 3484 670 przeterea
3522 599 3609 656 his
3641 602 3813 657 ratio-

2216 693 2525 749 cinationes
2571 701 2912 759 attexentes,
2957 691 3288 749 conﬁrmare
3329 693 3553 750 student
3583 696 3814 764 rationis

2217 785 2408 840 nescio
2440 783 2587 840 unde
2611 785 2798 856 petitae
2833 784 3150 840 veritatem.
3189 786 3259 841 At
3289 803 3422 842 vero
3461 805 3564 843 nos
3585 804 3814 845 necesse

2217 888 2302 938 est
2341 878 2486 950 quod
2523 879 2588 943 in
2615 889 2860 942 mentem
2893 880 3150 946 venerit,
3180 880 3387 948 dicere,
3431 882 3584 938 falsis
3621 900 3813 940 eorum

2219 971 2576 1042 opinionibus
2615 970 2836 1042 idquod
2854 987 3048 1027 verum
3075 982 3400 1045 rectumque
3422 983 3506 1031 est
3532 992 3816 1047 opponen-

2218 1069 2321 1118 tes.
2351 1062 2598 1117 Primum
2623 1061 2772 1116 enim
2812 1061 2857 1116 si
2889 1070 3039 1117 recte
3061 1064 3267 1118 sentire
3294 1063 3494 1130 velint,
3536 1064 3817 1121 civitatem

2209 1169 2338 1222 esse
2366 1152 2532 1210 etiam
2566 1152 2671 1228 ipsi
2694 1151 2805 1228 49
2836 1152 3157 1210 fatebuntur
3174 1154 3376 1223 Salem,
3419 1156 3509 1212 cui
3553 1175 3663 1213 non
3700 1160 3817 1230 pri-

2219 1262 2343 1303 mus
2369 1261 2433 1310 ac
2484 1247 2635 1302 solus
2685 1247 2935 1318 regnavit
2980 1247 3386 1315 Melchisedcc,
3437 1250 3535 1306 sed
3590 1249 3818 1307 fuerunt

2219 1346 2367 1395 certe
2389 1338 2884 1410 plures,quotquot
2911 1339 3135 1410 quidem
3157 1340 3336 1410 ipsum
3364 1349 3814 1409 antecesserunt;

2211 1441 2607 1498 successerunt
2654 1442 2839 1488 autem
2873 1432 2978 1504 ipsi
3021 1432 3189 1494 etiam
3242 1433 3447 1490 alii..Si
3480 1450 3616 1490 vero
3663 1436 3818 1506 quis-

2217 1525 2367 1596 piam
2387 1541 2490 1581 nos
2521 1525 2748 1580 mentiri
2772 1525 3074 1590 existimet,
3099 1526 3287 1582 veniat
3324 1535 3381 1582 et
3407 1527 3662 1583 ostendat
3691 1528 3822 1584 Mel-

2219 1619 2479 1676 chisedec
2500 1620 2556 1675 in
2579 1619 2763 1675 Salem
2789 1636 3047 1690 regnasse
3073 1639 3084 1674 :
3123 1637 3439 1692 quanquam
3481 1637 3592 1678 una
3619 1621 3821 1678 Judzeae

2215 1713 2354 1774 .urbs
2389 1713 2479 1779 sit,
2503 1729 2627 1786 qua:
2658 1715 3048 1791 cognominata
3083 1723 3168 1771 est
3196 1714 3431 1773 fortasse
3465 1715 3633 1770 etiam
3656 1713 3822 1769 Jeru-
3843 1771 3861 1791 ⁴

2217 1807 2392 1863 salem
2425 1806 2585 1879 (Visio
2618 1815 2805 1864 autem
2830 1808 2982 1879 .paCis
3000 1808 3167 1868 etiam
3201 1807 3309 1862 hoc
3335 1804 3775 1877 interpretatur)
3805 1825 3816 1859 :

492 1897 718 1960 πόλεως
752 1897 923 1968 οὔσης
958 1896 1070 1951 τῶν
1119 1895 1262 1952 κατά
1309 1896 1409 1970 τὴν
1441 1896 1712 1953 Ἰουδαίαν
1738 1898 1949 1970 μιᾶς,ἦ
1984 1915 2112 1968 μετ-

2214 1910 2481 1968 cmterum
2511 1915 2624 1955 non
2650 1899 3118 1956 demonstraverit
3151 1900 3468 1971 quisquam.
3505 1897 3821 1958 Absurdum

490 1991 824 2060 ωνόμασται
839 1989 984 2060 τάχα
1006 2007 1111 2044 που
1127 1988 1771 2062 ⁹Ιερουσαλήμ.”ορασις
1788 1990 1844 2044 δὲ
1861 1989 2109 2060 εἰρήνης

493 2082 598 2136 καὶ
621 2083 786 2136 τοῦτο
809 2081 1255 2153 διερμηνεύεται.
1300 2081 1442 2137 Ἀλλ’
1471 2082 1572 2137 οὐκ
1595 2082 1660 2140 ἂν
1683 2082 1972 2148 ἐπιδείξειε
2001 2100 2108 2146 τις.

507 2174 759 2246 Ἀμαθὲς
801 2169 895 2230 οὖν
935 2175 1048 2246 ἄρα
1078 2177 1202 2239 ταῖς
1243 2173 1528 2246 ὀνομάτων
1563 2175 1899 2248 ¹ἑρμηνείαις
1941 2191 2112 2246 προσ-

491 2267 815 2340 εσχηκότας
849 2268 1099 2339 ἀναιρεῖν
1124 2267 1442 2339 ἀποτολμᾷν
1475 2266 1547 2322 τὰ
1577 2267 1727 2338 σαφῆ
1754 2284 1814 2320 τε
1844 2267 1939 2321 καὶ
1959 2266 2110 2338 ὠμο-

493 2359 812 2430 λογημένα.
847 2360 971 2414 Ὀτι
1012 2359 1071 2414 δὲ
1104 2358 1320 2429 ἀμαθὲς
1351 2360 1415 2413 τὸ
1455 2359 1650 2438 χρῆμα
1677 2360 1777 2412 καὶ
1820 2359 2114 2423 ἀσυνεσίας

492 2452 764 2524 ἔμπλεως
783 2454 811 2505 ὁ
834 2453 923 2505 ἐπὶ
953 2452 1092 2524 τῷδε
1123 2451 1305 2522 λόγος,
1327 2453 1541 2506 ἀκονιτὶ
1563 2451 1863 2524 διοψὸμεθα
1887 2454 2114 2508 κάκεῖνο

493 2547 587 2611 εἰς
622 2545 752 2599 νοῦν
782 2545 1090 2617 δεχόμενοι.
1143 2545 1545 2618 Ἐρμηνεύεται
1575 2545 1686 2618 γὰρ
1723 2546 2109 2618 Ἰερουσαλὴμ,

492 2637 761 2708 καθάπερ
782 2636 922 2709 ἔφην
940 2637 1428 2711 ἀρτίως,“ορασις
1448 2636 1716 2707 εἰρήνης,
1733 2635 1789 2708 ἢ,
1811 2637 2114 2708 Μετέωρος

493 2729 793 2785 θανάτου.
810 2730 1029 2802 Ἰσραὴλ
1049 2731 1106 2784 δὲ
1131 2726 1222 2794 αὖ,
1239 2729 1405 2797 Νοῦς
1435 2729 1594 2799 ὀρῶν
1619 2731 1728 2785 τὸν
1745 2731 1914 2786 Θεόν.
1932 2728 2116 2799 Αἶνος

491 2820 560 2875 δὲ
585 2822 690 2875 καὶ
730 2822 1021 2892 ὕμνησις,
1073 2820 1298 2885 Ἰούδας.
1340 2821 1480 2876 Ἀλλ’
1508 2823 1625 2876 ὅσοι
1672 2822 1933 2893 γεγόνασι
1974 2823 2117 2880 κατὰ

495 2915 738 2986 καιροὺς
771 2914 980 2969 ἀνόσιοί
1011 2931 1073 2968 τε
1103 2915 1198 2969 καὶ
1239 2914 1463 2988 βέϐηλοι
1499 2913 1745 2988 βασιλεῖς
1775 2915 1874 2986 ,τῆς
1919 2913 2116 2988 Ἰερου-

495 3004 697 3077 σαλὴμ
721 3006 815 3060 ὲπί
841 3024 900 3060 τε
931 3007 1026 3061 τὸν
1071 2987 1328 3080 Ἰσραὴλ,
1363 3009 1458 3062 καὶ
1499 2987 1726 3074 Ἰούδαν,
1753 2987 2116 3081 διαϐεϐόηκεν

479 3098 762 3170 ὶναργῶς
797 3098 858 3152 τὸ
905 3098 1152 3172 Γράμμα
1194 3099 1258 3154 τὸ
1305 3100 1475 3172 ἰερόν.
1533 3100 1747 3155 Οὐκοῦν
1806 3101 2114 3175 ἐπειδήπερ

493 3192 757 3264 ὁράσεως
789 3193 1050 3264 εἰρήνης,
1089 3193 1242 3248 αἴνου
1291 3211 1350 3248 τε
1390 3194 1486 3248 καὶ
1531 3194 1857 3266 ὑμνήσεως,
1885 3195 1985 3249 καὶ
2019 3193 2110 3248 νοῦ

494 3287 644 3340 θεὸν
677 3285 972 3356 βλέποντος
1019 3287 1123 3340 οὐκ
1168 3286 1236 3341 ἂν
1278 3286 1527 3357 ἐπίγειος
1568 3287 1785 3356 γένοιτο
1833 3287 2107 3359 βασιλεύς.

512 3371 667 3432 Ἀλλ’
700 3376 811 3430 οὐδ’
839 3377 908 3433 ἂν
940 3377 1222 3451 ἀνθρώπῳ
1251 3379 1313 3432 τὸ
1343 3379 1540 3453 χρῆμα
1588 3380 1826 3452 πρέποι,
1858 3381 1992 3453 φέρε
2025 3381 2114 3435 λέ-

495 3485 701 3542 γωμεν
721 3511 735 3536 ,
762 3474 886 3536 ταῖς
918 3472 1030 3526 τῶν
1052 3473 1342 3544 ὀνομάτων
1374 3474 1701 3545 ἑρμηνείαις
1733 3475 2113 3548 προσεσχηκόρ

501 3579 640 3627 τες,
665 3565 797 3627 τοὺς
825 3563 972 3618 κατά
1013 3567 1246 3636 καιροὺς
1281 3565 1742 3636 βεϐασιλευκότας
1779 3569 1941 3634 σκιὰς
1974 3565 2114 3638 εἶναι

496 3657 605 3711 καὶ
634 3657 857 3724 εἴδωλα,
888 3658 984 3712 καὶ
1007 3659 1131 3712 οὐδὲ
1165 3658 1492 3732 ἀνθρώπους
1522 3660 1682 3729 ὅλως·
1716 3662 1779 3715 τὸ
1805 3661 2035 3733 Πνεῦμα
2057 3663 2116 3717 δὲ

501 3747 741 3820 μᾶλλον,
773 3749 922 3804 καθὰ
947 3751 1044 3805 καὶ
1078 3752 1174 3806 ἐπὶ
1201 3751 1294 3805 τοῦ
1327 3752 1687 3824 Μελχισεδέκ.
1719 3753 1919 3809 Ὀτιδὲ
1949 3755 2117 3826 ήτῶν

497 3838 792 3912 ὀνομάτων
814 3841 1071 3912 δύναμις,
1102 3843 1225 3916 ἦτοι
1262 3844 1372 3900 τῶν
1398 3845 1740 3917 ἑρμηνειῶν,
1779 3848 1898 3901 κατ’
1923 3847 2117 3912 οὐδένα

495 3935 711 4006 τρόπον
743 3936 843 4007 τὴν
882 3935 993 3990 τῶν
1030 3937 1378 4008 πραγμάτων
1407 3940 1488 4001 εἰς
1527 3938 1730 4011 ἑαυτὴν
1784 3939 2116 3996 καταΰιάσε-

496 4045 599 4084 ται
633 4028 821 4098 φύσιν,
840 4029 1138 4084 κάντεῦθεν
1163 4031 1232 4086 ἂν
1255 4030 1472 4101 μάθοις.
1494 4027 1644 4102 Ἀρα
1669 4034 1777 4105 γὰρ
1803 4034 1904 4089 οὐκ
1931 4035 2116 4107 οἰήσε-

495 4121 598 4178 cui
635 4140 758 4189 τις,
810 4123 1012 4192 μᾶλλον
1052 4123 1109 4177 δὲ
1141 4124 1234 4178 καὶ
1271 4124 1480 4195 ἀληθὲς
1510 4121 1654 4180 εἶναι
1703 4127 1882 4201 πάντη
1927 4145 1989 4182 τε
2020 4128 2116 4182 καὶ

495 4213 730 4278 πάντως
755 4215 892 4284 ἐρεῖ,
929 4216 1006 4280 ὡς
1042 4217 1204 4286 εἰπερ
1251 4218 1403 4271 ἐστὶν
1449 4218 1643 4288 ὅρασις
1687 4222 1976 4293 εἰρήνηςή
2018 4221 2116 4275 Ἱε-

502 4305 829 4378 ρουσαλὴμ,
861 4305 974 4359 ἔδει
1003 4305 1068 4378 δὴ
1103 4307 1324 4371 πάντως
1350 4309 1522 4380 αὐτὴν
1561 4309 1638 4380 μὴ
1681 4310 1952 4382 ἀγνοῆσαι
1975 4311 2116 4383 Χρι-

498 4400 674 4466 στόν;
707 4420 726 4454 ι
754 4400 935 4463 Αὐτὸς
958 4401 1068 4471 γάρ
1098 4402 1248 4454 ἐστιν
1283 4403 1316 4474 ἡ
1350 4403 1548 4474 εἰρήνη
1577 4403 1760 4473 ἡμῶν,
1791 4422 1811 4455 ι
1851 4404 1996 4459 κατὰ
2015 4405 2117 4469 τὰς

470 4491 759 4565 Τραφὰς.
804 4494 948 4548 Ἀλλ’
979 4493 1042 4548 οὐ
1075 4494 1337 4549 τεθέαται
1359 4499 1475 4560 τοῖς
1502 4498 1604 4568 τῆς
1633 4497 1874 4561 διανοίας
1902 4496 2116 4568 ὄμμασι

2217 1993 2402 2064 itaque
2429 2003 2513 2048 est
2545 1993 2842 2054 nominum
2881 1991 3333 2064 interpretationi
3362 1991 3732 2054 adhaerentes,
3755 2005 3822 2046 ea

2214 2099 2337 2153 quae
2384 2081 2676 2138 manifesta
2714 2091 2771 2142 et
2804 2081 2861 2136 in
2895 2081 3148 2137 confesso
3201 2088 3329 2136 sunt
3361 2121 3373 2146 ,
3423 2079 3618 2135 tollere
3657 2079 3818 2136 velle.

2213 2173 2372 2242 Quod
2384 2175 2720 2246 veroinepta
2733 2192 2824 2230 res
2850 2177 2943 2242 sit,
2969 2183 3137 2245 atque
3156 2173 3479 2245 ignorantiae
3499 2173 3700 2244 plenus
3719 2172 3824 2228 hae

2215 2265 2284 2322 de
2314 2283 2373 2322 rc
2392 2283 2598 2333 sermo,
2620 2267 2853 2326 minimo
2875 2267 3098 2338 negotio
3116 2266 3278 2322 nobis
3299 2265 3596 2332 constabit,
3621 2265 3668 2320 si
3685 2265 3827 2322 illud

2203 2357 2382 2415 etiam
2405 2356 2849 2414 consideremus.
2876 2355 3284 2425 Interpretatur
3314 2354 3464 2408 enim
3489 2352 3820 2416 Jerusalem,

2215 2454 2277 2502 ut
2303 2446 2467 2507 modo
2490 2446 2626 2512 dixi,
2654 2447 2789 2502 Vist'o
2823 2447 2966 2518 pacis
2997 2457 3092 2503 aut
3115 2442 3404 2500 Sublimior
3434 2453 3635 2509 morte;
3655 2442 3822 2498 Israel

2216 2547 2423 2606 autem,
2451 2538 2601 2596 Mens
2635 2540 2812 2594 videns
2835 2539 3038 2606 Deum;
3066 2537 3238 2601 Iudas
3269 2553 3405 2594 vero
3434 2536 3577 2600 Laus
3604 2547 3659 2592 et
3686 2535 3821 2592 cclc-

2217 2631 2409 2688 bratio.
2442 2630 2717 2688 Caeterum
2739 2641 2874 2703 quot
2897 2631 3120 2698 ,fucrint
3145 2647 3405 2700 successu
3430 2631 3697 2702 temporis
3724 2631 3824 2685 im—

2209 2725 2296 2800 pii
2334 2742 2398 2786 ae
2423 2726 2644 2798 profani
2683 2743 2840 2798 reges
2877 2727 3208 2791 Jerusalem,
3245 2742 3308 2782 ac
3355 2741 3526 2796 super
3562 2725 3732 2780 Israel
3769 2734 3824 2780 et

2211 2819 2246 2876 J
2255 2820 2440 2884 udam,
2477 2836 2633 2878 sacra
2647 2820 2943 2892 Scriptura
2969 2829 3161 2891 aperte
3187 2828 3441 2876 testatur.
3461 2819 3637 2874 Porro
3659 2817 3824 2872 visio-

2207 2913 2307 2978 ,nis
2329 2914 2503 2986 pacis,
2520 2915 2714 2972 .Iaudis
2737 2923 2792 2976 et
2814 2913 3230 2977 celebrationis,
3262 2922 3319 2967 et
3351 2912 3553 2967 mentis
3583 2899 3842 2966 videntis

2203 3006 2395 3075 Deum
2439 3022 2802 3077 nequaquam
2839 3013 3099 3064 terrenus
3127 3005 3298 3061 fuerit
3333 3019 3449 3060 rex.
3487 3002 3603 3059 Sed
3643 3018 3825 3073 neque

2205 3097 2432 3156 .homini
2458 3115 2548 3155 res
2577 3115 2642 3155 ea
2669 3097 2987 3164 conveniat,
3025 3098 3314 3154 nominum
3349 3095 3822 3168 interpretationi-

2218 3191 2325 3248 bus
2352 3192 2722 3261 adhaerentes,
2753 3194 2945 3275 dicere
2980 3209 3100 3259 eos,
3147 3194 3244 3266 qui
3271 3210 3385 3271 pro
3418 3201 3664 3264 tempore
3691 3200 3824 3252 sunt

2203 3300 2406 3356 _reges,
2439 3285 2665 3341 umbras
2692 3302 2814 3342 esse
2847 3295 2904 3342 et
2955 3286 3252 3344 simulacra
3278 3329 3292 3351 ,
3340 3302 3522 3357 neque
3561 3285 3824 3341 homines

2217 3379 2447 3438 omnino
2475 3421 2488 3446 ,
2524 3381 2626 3437 sed
2655 3381 2842 3452 potius
2868 3379 3157 3451 Spiritum,
3185 3378 3650 3450 quemadmodum
3678 3386 3734 3434 et
3756 3377 3826 3433 de

2205 3467 2789 3540 _Melcliisedec.,Quod
2815 3490 2944 3529 vero
2966 3473 3256 3534 nominum
3295 3471 3512 3529 vissive
3548 3472 3824 3545 interpre-

2221 3568 2491 3628 tationum
2523 3567 2675 3622 nulla
2715 3567 2930 3624 ratione
2955 3582 3144 3630 rerum
3169 3573 3427 3622 naturam
3458 3566 3512 3620 in
3539 3581 3596 3620 se
3621 3565 3822 3636 rapiat,

2210 3659 2352 3716 hinc
2395 3659 2564 3721 etiam
2597 3658 2958 3716 intellexeris.
2999 3658 3194 3716 Nonne
3239 3658 3390 3716 enim
3420 3657 3640 3728 putabit
3667 3656 3824 3726 quis-

2204 3753 2403 3824 .piam,
2449 3762 2548 3809 aut
2579 3753 2766 3824 potius
2819 3768 2921 3823 pro
2987 3750 3280 3808 verissimo
3313 3750 3570 3816 habebit,
3622 3749 3819 3820 quodsi

2207 3827 2524 3911 Jerusalem
2564 3852 2650 3900 est
2690 3843 2832 3900 visio
2883 3843 3070 3914 pacis,
3098 3841 3413 3912 oportuisse
3441 3857 3562 3897 eam
3594 3840 3823 3895 omnino

2205 3952 2330 4002 non
2360 3937 2619 4009 ignorare
2651 3936 2984 3994 Christum?
3029 3956 3047 3989 ι
3105 3937 3225 4007 Ipse
3259 3935 3409 3992 enim
3450 3943 3536 3990 est
3574 3949 3681 4005 pax
3719 3949 3821 3988 no~

2211 4040 2353 4098 stra,
2385 4051 2402 4083 ι
2438 4032 2596 4103 juxta
2613 4031 2932 4107 Scripturas
2960 4031 3030 4086 ‘7.
3068 4031 3235 4102 Atqui
3260 4047 3372 4086 non
3406 4029 3557 4085 videt
3603 4028 3825 4084 intelle—

2218 4131 2342 4180 ctus
2365 4123 2544 4180 oculis
2570 4139 2720 4189 eum,
2766 4139 2866 4194 per
2897 4138 3062 4193 quem
3091 4137 3377 4178 accessum
3407 4119 3706 4176 habuimus
3727 4160 3740 4185 ,
3767 4128 3824 4176 et

2207 4216 2277 4271 in
2304 4217 2575 4273 unitatem
2605 4214 2837 4288 spiritus
2859 4214 3224 4286 conglutinati
3255 4227 3449 4270 sumus
3484 4211 3657 4277 Patri,
3684 4231 3701 4263 ι
3729 4210 3824 4281 qui

2174 4349 2176 4351 μ
2218 4307 2349 4363 fecit
2375 4317 2612 4378 utraque
2635 4323 2808 4364 unum
2838 4305 2906 4373 ⁵⁸,
2931 4326 2947 4358 ›
2989 4313 3046 4362 et
3094 4304 3152 4362 in
3185 4321 3358 4362 unum
3399 4319 3605 4359 novum
3639 4301 3824 4356 homi-

2218 4416 2348 4455 nem
2377 4401 2519 4456 duos
2559 4400 2798 4471 pOpulos
2840 4397 3122 4454 conﬂavit.
3153 4397 3290 4464 Quo
3327 4405 3489 4466 pacto
3543 4395 3711 4466 igitur
3740 4404 3825 4457 est

2219 4493 2360 4549 visio
2393 4493 2567 4566 pacis,
2597 4495 2644 4550 si
2675 4509 2788 4552 non
2820 4491 2959 4547 vidit
2988 4490 3314 4546 Christum?
3349 4490 3417 4546 Et
3453 4489 3499 4544 si
3532 4488 3825 4544 sublimior

498 4588 599 4644 τὸν
624 4588 694 4642 δι’
723 4579 786 4642 οὗ
825 4589 928 4660 τὴν
957 4589 1329 4662 προσαγωγὴν
1363 4591 1716 4662 ἐσχήκαμεν,
1749 4590 1847 4645 καὶ
1885 4592 1966 4655 εἰς
1999 4591 2112 4647 ἐνόν-

2222 4595 2432 4654 morte,
2487 4586 2595 4643 hoc
2637 4595 2745 4651 est,
2776 4583 3140 4657 =prztastantior
3179 4591 3346 4653 atque
3394 4581 3670 4652 superior,
3712 4598 3825 4652 quo

497 4700 651 4754 τητα
677 4684 778 4755 τὴν
810 4685 870 4737 ὲν
904 4683 1178 4755 πνεύματι
1210 4685 1591 4756 κεκολλήμεθα
1614 4685 1692 4757 τῷ
1725 4685 1926 4757 Πατρὶ,
1963 4704 1988 4738 ι
2021 4685 2113 4740 τὸν

498 4778 820 4846 ποιήσαντα
856 4775 928 4829 τά
960 4775 1252 4848 ἀμφότερα
1279 4775 1358 4845 ἓν,
1396 4795 1414 4828 ι
1445 4777 1540 4832 καὶ
1561 4779 1646 4842 εἰς
1675 4777 1772 4832 ἕνα
1799 4779 1989 4832 καινὸν
2015 4779 2113 4835 ἀν-

501 4866 733 4937 θρωπον
766 4867 894 4932 τοὺς
933 4866 1029 4920 δύο
1076 4866 1348 4922 κτίσαντα
1393 4867 1580 4932 λαούς.
1621 4869 1749 4934 Πῶς
1787 4865 1882 4925 οὖν
1920 4871 2112 4942 ὅρασις

499 4961 738 5032 εἰρήνης
773 4962 822 5014 εἰ
847 4960 923 5032 μὴ
949 4958 1206 5015 τεθέαται
1241 4960 1333 5014 τὸν
1357 4961 1592 5033 Χριστόν
1615 4981 1627 5028 ;
1657 4965 1754 5017 καὶ
1777 4965 1938 5036 εἰπερ
1961 4965 2112 5020 ἐστὶν

504 5053 792 5126 μετέωρος
827 5053 1066 5108 θανάτου
1086 5095 1101 5120 ,
1133 5055 1404 5122 τουτέστι,
1439 5055 1673 5112 θανάτου
1716 5058 1984 5131 κρείττων
2016 5058 2111 5114 καὶ

499 5145 783 5217 ἁνωτέρα,
815 5145 936 5210 πῶς
965 5147 1000 5218 ἡ
1042 5145 1208 5200 ἀθλία
1249 5146 1471 5202 διόλωλε
1502 5148 1594 5204 διὰ
1620 5149 1721 5221 τὴν
1757 5150 1838 5213 εἰς
1875 5150 2114 5222 Χριστὸν

502 5239 810 5306 ἀπιστίαν;
863 5239 1214 5312 προσεφώνει
1263 5241 1374 5313 γὰρ
1437 5241 1612 5312 λέγων
1661 5245 1774 5307 τοῖς
1832 5244 2114 5308 Ἰουδαίοις

501 5331 737 5396 αὑτός-ι
784 5332 958 5404 Ἀμὴν
995 5332 1145 5402 λέγω
1181 5334 1332 5406 ὑμῖν,
1384 5333 1480 5394 ἐὰν
1527 5335 1602 5408 μὴ
1648 5335 1982 5408 πιστεύσητε
2031 5337 2114 5391 ὅτι

502 5422 623 5494 ἐγώ
657 5424 796 5496 εἰμι,
845 5425 1213 5481 ἀποθανεῖσθε
1265 5428 1326 5481 ὲν
1367 5431 1492 5494 ταῖς
1526 5429 1828 5502 ἁμαρτίαις
1878 5429 2052 5502 ὑμῶν.
2089 5450 2108 5482 ι

502 5515 626 5571 Καὶ
667 5519 716 5570 εἰ
745 5517 908 5585 Νοῦς
944 5517 1104 5587 ὀρῶν
1138 5520 1323 5587 Θεὸν,
1361 5519 1581 5593 Ἰσραὴλ
1633 5521 2032 5594 ἑρμηνεύεται,
2063 5522 2116 5576 τί

507 5608 591 5682 μὴ
623 5608 884 5665 τεθέαται
915 5609 1014 5682 τὴν
1041 5610 1201 5678 δόξαν
1229 5614 1582 5684 Χριστοῦ,-δι“
1607 5607 1672 5668 οὗ
1727 5619 1822 5668 καὶ
1860 5617 1919 5669 ἐν
1941 5609 1986 5684 ᾧ
2014 5614 2113 5671 αὺ-

504 5698 606 5756 τὸν
638 5701 968 5773 ἐγνώκαμεν
1007 5703 1099 5758 τὸν
1147 5705 1400 5775 Πατέρα;
1447 5707 1564 5770 πῶς
1594 5705 1650 5759 δὲ
1691 5706 2113 5779 κατελήφθησαν

2221 4687 2382 4752 pacto
2407 4678 2610 4735 misera
2643 4677 2808 4750 periit
2833 4677 2905 4733 ob
2949 4675 3394 4733 incredulitatem
3424 4676 3480 4730 in
3499 4674 3826 4731 Christum?
3886 4739 3902 4756 .

2222 4773 2511 4844 Siquidem
2535 4773 2653 4843 ipse
2693 4771 2764 4826 ad
2799 4769 3116 4828 Judaeosita
3150 4768 3266 4825 ait:
3299 4788 3316 4821 ‹
3349 4769 3524 4825 Amen
3555 4769 3681 4824 dico
3722 4781 3824 4822 vo—

2210 4865 2328 4930 bis,
2363 4863 2471 4920 nisi
2499 4861 2847 4920 credideritis
2877 4859 3025 4931 quod
3053 4875 3155 4931 ego
3200 4874 3344 4923 sum,
3375 4855 3690 4912 moriemini
3718 4852 3833 4925 50

2221 4959 2278 5014 in
2311 4959 2553 5032 peccatis
2578 4958 2780 5016 vestris
2802 4958 2870 5010 βο.
2904 4976 2921 5007 ι
2958 4955 3132 5011 Porro
3160 4953 3206 5009 si
3235 4951 3404 5012 Israel
3427 4951 3826 5019 interpretatur

2218 5053 2366 5108 Mens
2421 5052 2603 5109 videns
2637 5051 2841 5117 Deum,
2885 5064 2994 5120 quo
3026 5055 3199 5119 .pacto
3249 5060 3363 5102 non
3400 5042 3542 5099 vidit
3593 5041 3825 5113 gloriam

2220 5147 2448 5212 Christi,
2481 5163 2582 5218 per
2607 5160 2794 5217 quem,
2817 5151 2872 5198 et
2897 5143 2953 5198 in
2982 5156 3093 5212 quo
3129 5139 3309 5212 ipsum
3337 5137 3698 5209 cognovimus
3726 5137 3827 5191 Pa-

2223 5240 2404 5296 trem?
2441 5246 2678 5308 autqno
2705 5243 2866 5307 pacto
2893 5232 3282 5305 comprehensi
3313 5240 3442 5290 sunt
3471 5247 3503 5288 a
3535 5230 3825 5288 tenebris?

2224 5341 2320 5388 aut
2355 5346 2465 5402 quo
2495 5338 2656 5403 pacto
2681 5329 2891 5385 dictum
2919 5335 3003 5383 est
3041 5325 3108 5382 de
3147 5325 3214 5381 iis
3250 5325 3428 5383 etiam
3459 5324 3555 5396 qui
3581 5323 3826 5395 prmfecti

2221 5424 2470 5494 ipsorum
2493 5429 2658 5476 erant
2686 5437 2696 5473 :
2742 5438 2760 5470 ι
2804 5417 2980 5474 Sinite
3002 5417 3172 5490 ipsos,
3201 5417 3332 5477 caeci
3365 5423 3495 5471 sunt
3523 5413 3696 5469 duces
3722 5430 3823 5466 rm-

2221 5530 2414 5572 corum
2452 5512 2541 5566 7°?
2597 5533 2612 5562 ι
2658 5510 2978 5578 Qualisnam
3037 5510 3187 5564 enim
3225 5507 3567 5578 intelligatur
3606 5503 3826 5557 caecitas

2222 5610 2280 5665 in
2302 5617 2490 5664 mente
2527 5605 2755 5662 vidente
2789 5606 2963 5662 Deum
2989 5604 3012 5659 ?
3036 5603 3277 5659 Summae
3304 5600 3471 5671 igitur
3498 5593 3823 5667 ignorantia:

2220 5713 2305 5760 est
2330 5702 2619 5759 nominum
2645 5700 3007 5773 qualitatibus
3033 5696 3324 5769 imperium
3356 5691 3412 5748 in
3443 5705 3530 5746 res
3550 5687 3818 5745 tribucre.

587 5879 637 5917 ⁸⁷
686 5881 891 5955 Ephcs.
936 5901 992 5952 Il,
1039 5885 1125 5943 I-i.
1205 5883 1248 5918 “
1313 5885 1452 5942 Ibid.
1531 5887 1573 5920 ⁶⁹
1605 5887 1760 5946 Joan.
1811 5903 1922 5954 \‘lll,
1966 5887 2055 5942 Ἡ.
2135 5886 2179 5919 7"
2213 5885 2521 5954 .‘Iatth.xv,
2571 5884 2652 5942 II.
