4092 6478
405 369 476 426 87
1417 371 1472 428 S.
1505 371 1780 429 CYRILLI
1817 370 2291 430 ALEXANDBINI
2331 373 2650 433 ARClilEP.
3617 374 3686 430 88

401 494 548 550 Nihil
593 494 779 566 itaque
817 495 1126 562 obstiterit,
1156 509 1266 567 quo
1310 495 1493 550 minus
1522 506 1704 561 recte,
1740 502 1906 566 atque
1936 509 1980 551 ul

2100 497 2206 552 ὑπὸ
2238 499 2338 570 τῆς
2371 500 2628 568 σκοτίας;
2676 500 2709 572 ἢ
2753 496 2869 564 πῶς
2909 497 3128 570 ἐλέγετο
3159 499 3289 572 περὶ
3329 498 3540 568 αὐτῶν,
3586 501 3684 554 καὶ

400 599 502 655 par
521 595 624 652 est,
661 603 984 645 censeamus
1014 589 1292 645 hominem
1319 590 1544 661 quidem
1573 591 1742 646 fuisse
1771 591 1980 646 Melchi-

2102 588 2212 644 τῶν
2249 590 2503 662 ἡγεῖσθαι
2547 591 2827 662 λαχόντων
2849 633 2863 656 ,
2896 610 2914 642 ι
2958 591 3162 660 ’Ἄφετε
3219 589 3419 654 αὐτοὺς
3441 632 3456 656 ,
3491 588 3686 659 τυφλοί

399 678 584 744 sedeo,
610 689 874 751 certoque
900 689 1144 752 tempore
1173 697 1431 754 regnasse
1460 683 1517 738 in
1540 682 1743 752 Salem,
1772 683 1980 740 etiamsi

2097 681 2237 734 είσιν
2261 681 2445 751 ὁδηγοὶ
2467 681 2716 752 τυφλῶν;
2747 700 2765 733 3
2809 682 2948 736 Ποία
2977 682 3087 754 γὰρ
3117 681 3183 737 ἂν
3209 683 3382 737 νοοῖτο
3415 679 3681 749 τυφλότης

400 769 796 839 interpretetur
820 789 944 842 pax.

2098 774 2180 836 εἰς
2209 773 2335 828 νοῦν
2372 773 2583 845 ὁρῶντα
2613 773 2746 829 Θεόν
2770 791 2784 841 ;
2813 774 3025 829 Οὐκοῦν
3055 775 3296 846 ἀμαθίας
3335 772 3594 844 ἐμπλεων
3620 771 3680 826 τδ

395 864 517 922 ταῖς
549 863 830 933 ὀνομάτων
865 866 1114 937 ποιότησι
1171 867 1349 938 πάντη
1397 885 1459 922 τε
1499 870 1596 924 καὶ
1661 869 1880 932 πάντως
1917 868 2013 922 καὶ
2051 867 2364 922 αὐτῶντῶν
2420 868 2762 940 πραγμάτων
2787 870 3083 941 ἀπονέμειν
3111 869 3177 923 τὸ
3195 870 3413 940 κράτος.
3459 865 3683 935 Ἆπείρ-

399 951 480 1014 ξει
510 953 589 1018 δὲ,
628 951 809 1025 οἶμαι,
842 957 1030 1011 λοιπὸν
1088 960 1374 1026 παντελῶς
1410 962 1564 1020 οὐδὲν
1616 962 1794 1034 ὀρθῶς
1827 961 1923 1018 καὶ
1987 960 2342 1032 καθηκόντως
2387 961 2638 1014 ὑπονοεῖν
2677 961 2964 1034 ἄνθρωπον
3007 961 3140 1016 ὄντα
3178 961 3270 1015 τὸν
3317 955 3688 1030 Μελχισεδέκ,

399 1044 846 1116 βεϐασιλευκέναι
893 1050 951 1103 δέ
999 1050 1143 1110 κατά
1186 1054 1414 1123 καιροὺς
1460 1054 1561 1124 τῆς
1607 1055 1830 1130 Σαλὴμ,
1876 1052 1980 1106 κᾶν
2017 1051 2378 1123 ἐρμηνεύοιτο
2400 1052 2564 1123 τυχὸν
2589 1053 2822 1123 εἰρήνη.

467 1134 519 1188 4.
563 1134 1040 1192 Considerandum
1064 1146 1148 1194 est
1166 1149 1222 1202 et
1242 1141 1348 1196 hoc
1367 1158 1591 1213 quoque
1607 1159 1732 1198 cum
1764 1143 1832 1198 iis
1863 1157 1985 1212 quae

397 1225 544 1282 dicta
573 1236 735 1282 sunt:
778 1230 968 1286 divina
1011 1233 1219 1288 etenim
1246 1235 1506 1306 mysteria
1530 1235 1694 1290 modo
1717 1249 1818 1305 per
1861 1249 1986 1304 spe-

397 1319 583 1374 culum
611 1331 776 1392 atque
820 1323 1113 1396 imaginem
1145 1326 1371 1383 vixdum
1414 1330 1691 1384 cernimus
1725 1330 1767 1361 '“
1796 1347 1809 1382 :
1834 1343 1986 1383 cum-

395 1426 505 1481 que
534 1412 676 1466 nihil
708 1413 780 1468 sit
812 1414 869 1468 in
904 1415 1073 1478 rebus
1101 1418 1322 1483 creatis,
1359 1419 1507 1490 quod
1541 1419 1752 1490 integre
1781 1418 1982 1474 divinae

395 1511 561 1574 atque
596 1504 863 1561 ineffabili
896 1515 1107 1564 natura:
1129 1509 1418 1580 adaequare
1453 1510 1747 1586 possimus,
1770 1526 1982 1582 equam

395 1596 652 1666 plurimis
681 1599 948 1669 exemptis
970 1615 1193 1672 quoquo
1221 1602 1386 1656 modo
1421 1602 1476 1657 id
1510 1603 1674 1659 nobis
1698 1619 1985 1674 compara-

344 1717 354 1728 ~
395 1703 540 1753 mus,
569 1697 632 1743 ut
654 1688 722 1744 de
754 1705 820 1745 ea
835 1690 1075 1762 cogitare
1094 1707 1159 1748 ac
1185 1691 1372 1748 dicere
1390 1694 1687 1764 possimus,
1714 1705 1982 1765 quantum

392 1774 625 1831 facultas
642 1785 828 1832 nostra
866 1778 992 1833 fert.
1047 1780 1417 1836 Nihilominus
1445 1791 1629 1838 autem
1681 1784 1980 1840 obscurum

393 1866 691 1923 admodum
735 1869 911 1925 estde
933 1869 1153 1927 Christo
1185 1873 1532 1943 mysterium,
1565 1881 1623 1930 et
1647 1875 1980 1932 incarnatio-

2165 1139 2227 1196 6’.
2259 1142 2754 1214 Προσεπαθρητέον
2789 1144 2846 1198 δέ
2891 1147 3003 1210 τοῖς
3046 1145 3362 1218 εἰρημένοις
3401 1145 3495 1198 καὶ
3533 1145 3676 1198 τόδεο

2093 1226 2368 1298 βλέπομεν
2408 1228 2520 1302 γάρ
2548 1230 2676 1302 ἄρτι
2703 1232 2773 1286 δι’
2806 1233 3076 1304 ἐσόπτρου
3118 1235 3213 1289 καὶ
3253 1233 3580 1305 αἰνίγματος
3607 1234 3678 1288 τά

2092 1318 2211 1372 θεῖα
2244 1319 2398 1391 μόλις
2438 1323 2716 1394 μυστήρια
2748 1341 2762 1354 ·
2796 1323 3109 1395 ὁλοκλήρως
3141 1325 3198 1378 δὲ
3233 1323 3342 1378 τῶν
3372 1326 3678 1393 γεγονότων

2089 1407 2245 1463 οὐδὲν
2283 1410 2565 1481 ἐξομοιοῦν
2613 1411 2827 1482 ἔχοντες
2855 1417 2922 1486 τῇ
2957 1413 3082 1484 θείᾳ
3127 1431 3190 1466 τε
3237 1415 3333 1468 καὶ
3373 1415 3678 1486 ἀπορρήτῳ

2091 1500 2288 1570 φύσει,
2340 1502 2406 1555 ἐκ
2457 1504 2670 1575 μυρίων
2721 1505 2864 1558 ὅσων
2911 1503 3374 1576 παραδειγμάτων
3438 1505 3679 1578 μετρίως

2089 1595 2455 1666 ἐρανιζόμεθα
2504 1597 2566 1649 τὸ
2621 1596 2886 1652 δὊνασθαί
2926 1616 2979 1651 τι
3022 1597 3153 1668 περὶ
3194 1597 3367 1667 αὐτῆς
3400 1597 3433 1666 ἢ
3470 1599 3613 1650 νοεῖν
3639 1595 3675 1666 ἢ

2088 1685 2298 1756 φράσαι
2339 1686 2485 1742 κατά
2526 1703 2591 1754 γε
2633 1687 2694 1741 τὸ
2727 1688 2971 1758 ἐφικτόν.
3005 1689 3172 1742 Οὐδὲν
3203 1689 3261 1742 δέ
3300 1683 3462 1760 ἦττον
3492 1688 3678 1758 ἀσυμ-

2088 1777 2258 1846 φανές
2294 1778 2435 1848 ἀγαν
2469 1779 2587 1832 ἐστὶ
2619 1779 2683 1832 τὺ
2725 1779 2820 1832 ἐπὶ
2870 1779 3110 1852 Χριστοῦ
3156 1781 3490 1852 μυστήριον,
3522 1779 3618 1834 καὶ
3647 1781 3678 1834 6

2085 1871 2186 1942 τῆς
2228 1871 2700 1944 ἐνανθρωπήσεως
2731 1873 2890 1942 λόγος
2933 1875 2994 1927 οὐ
3027 1877 3144 1938 τοῖς
3185 1873 3444 1946 τυχοῦσιν
3475 1872 3679 1928 ἁλώσι-

391 1957 480 2012 nis
513 1959 654 2014 ratio
684 1976 796 2014 non
834 1961 1066 2016 cuilibet
1098 1977 1130 2017 e
1159 1963 1324 2034 vulgo
1355 1963 1589 2036 intelligi
1615 1975 1816 2036 potest.
1850 1967 1980 2022 Pro-

2089 1981 2210 2035 μος.
2250 1965 2434 2029 Βαθὺς
2463 1965 2520 2018 δέ
2550 1965 2615 2037 δὴ
2655 1965 2777 2019 λίαν
2803 1967 2902 2037 τῆς
2941 1967 3255 2038 οἰκονομίας
3279 1969 3306 2020 6
3330 1967 3508 2036 λόγος.
3541 1967 3678 2031 Θεὸς

390 2047 561 2105 funda
594 2051 796 2122 quippe
821 2052 1120 2108 admodum
1173 2064 1260 2111 est
1304 2057 1505 2112 divinae
1554 2058 1983 2130 dispensationis

393 2141 557 2196 ratio.
586 2142 735 2198 Deus
750 2144 899 2198 enim
928 2146 1220 2213 exsistens,
1250 2156 1307 2202 et
1327 2163 1394 2204 ex
1407 2149 1521 2204 Deo
1542 2151 1842 2206 secundum
1881 2167 1982 2206 na-

388 2238 573 2287 turam
602 2232 950 2305 Unigenitus,
980 2235 1159 2292 factus
1184 2246 1270 2294 est
1289 2237 1475 2304 homo,
1500 2257 1519 2290 ι
1553 2247 1610 2294 et
1635 2239 1905 2296 habitavit
1926 2241 1983 2295 in

388 2324 551 2380 nobis
567 2325 633 2379 ⁷⁸.
661 2345 680 2377 3
719 2326 959 2382 Vocatus
985 2327 1150 2383 etiam
1194 2338 1280 2385 est
1316 2327 1601 2401 Apostolus
1648 2339 1705 2386 et
1732 2330 1984 2399 Pontifex

388 2416 649 2482 noster",
678 2416 1045 2489 liberavitque
1069 2435 1173 2477 nos
1194 2437 1226 2476 a
1255 2421 1596 2476 balbutiente
1620 2422 1761 2493 lege,
1794 2432 1980 2479 trans-

389 2509 623 2578 tulitque
666 2508 733 2564 ad
777 2511 1108 2590 evangelica:
1138 2512 1449 2584 disciplinae
1473 2513 1807 2569 concinnum
1843 2529 1983 2586 prae-

388 2601 630 2656 conium.
664 2601 854 2674 Neque
909 2604 965 2659 id
1004 2606 1186 2661 solum
1225 2624 1238 2660 :
1281 2621 1475 2662 verum
1498 2607 1666 2662 etiam
1701 2623 1826 2663 cum
1881 2623 1976 2662 ca-

386 2692 525 2762 ptivl
563 2681 826 2760 essemus,
846 2695 902 2750 in
928 2696 1246 2753 libertatem
1277 2699 1536 2764 asseruit,
1569 2698 1788 2754 devicto
1814 2699 1976 2770 prin-

389 2783 512 2854 cipe
561 2783 969 2856 hujusszeculi,
1024 2797 1081 2844 et
1121 2804 1190 2845 ex
1225 2789 1480 2846 faucibus
1530 2789 1736 2846 inferni
1776 2791 1983 2862 eripuit

389 2873 617 2944 sopitos,
640 2884 697 2941 et
731 2875 984 2941 fundavit
1013 2879 1238 2957 quidem
1267 2880 1591 2947 Ecclesiam,
1614 2881 1982 2954 princepsque

388 2963 448 3019 in
469 2981 569 3020 nos
594 2966 944 3038 designatus,
978 2970 1286 3040 transmisit
1318 2971 1376 3026 in
1405 2971 1512 3028 ﬁde
1527 2971 1848 3040 Iordanem,
1873 2974 1982 3029 lar-

387 3054 641 3127 gitusque
669 3066 756 3114 est
790 3058 1271 3116 circumcisionem
1301 3060 1359 3115 in
1387 3060 1610 3131 spiritu,
1639 3070 1804 3132 atque
1842 3061 1981 3118 adeo

388 3147 448 3203 in
492 3162 725 3222 regnum
759 3153 1031 3208 caelorum
1085 3153 1321 3210 induxit.
1373 3153 1533 3222 Quod
1589 3154 1776 3227 itaque
1813 3156 1980 3211 homo

388 3240 695 3297 secundum
732 3257 836 3297 nos
861 3242 1038 3299 factus
1085 3243 1192 3312 sit,
1215 3244 1412 3310 divini,
1440 3246 1704 3312 arbitror,
1743 3261 1982 3318 evange-

389 3330 531 3387 listae
553 3333 928 3390 testimonium
961 3309 1262 3402 suﬂ‘ecerit,
1289 3309 1528 3394 dicentis
1556 3354 1570 3392 :
1603 3355 1622 3390 ι
1729 3309 1976 3394 Verbum
2004 3309 2048 3368 θ

389 3437 519 3480 caro
543 3424 750 3481 factum
779 3433 904 3504 est,
947 3434 1005 3484 et
1032 3427 1304 3485 habitavit
1331 3430 1388 3486 in
1420 3431 1600 3488 nobis.
1632 3450 1652 3484 3
1681 3431 1838 3499 Quod
1874 3449 1976 3490 au-

391 3525 503 3572 tem
527 3527 729 3574 unctus
749 3517 822 3574 sit
851 3519 1019 3576 etiam
1053 3520 1112 3576 in
1153 3522 1498 3579 sacerdotem
1535 3532 1594 3580 et
1629 3524 1974 3595 apostolum,

389 3608 626 3665 Aaronis
665 3608 840 3682 ﬁgura
873 3611 1160 3670 manifeste
1184 3615 1445 3671 ostendit.
1483 3613 1696 3672 Unctus
1720 3616 1869 3672 enim
1894 3624 1978 3671 est

391 3701 514 3756 oieo
537 3701 971 3770 sanctiﬁcato,ct
1000 3705 1330 3763 constitutus
1345 3705 1402 3761 in
1440 3707 1748 3779 principem
1778 3707 1880 3779 51
1913 3723 1978 3765 ac

393 3793 713 3864 praefectum
746 3795 1096 3853 sacerdotum
1146 3813 1212 3854 ac
1251 3799 1470 3870 populi,
1501 3815 1717 3856 necnon
1762 3815 1976 3856 summa

391 3885 573 3942 fronte
597 3902 817 3943 auream
842 3889 1120 3945 bracteam
1159 3907 1254 3946 seu
1303 3891 1564 3948 laminam
1588 3893 1849 3964 suscepit,
1877 3909 1976 3948 no—

322 3959 332 3969 ’
390 3995 520 4036 men
547 3979 768 4036 Domini
789 3981 1114 4051 inscriptum
1143 3983 1458 4039 habentem.
1494 3982 1610 4040 Hoc
1641 3959 1826 4039 autem
1856 3993 1976 4040 erat

392 4071 762 4128 clarissimum
795 4074 1092 4131 Salvatoris
1136 4077 1313 4132 nostri
1355 4077 1502 4148 regis
1537 4077 1845 4149 symbolum
1870 4121 1884 4145 ,
1911 4093 1974 4134 ac

390 4161 564 4216 veluti
607 4163 955 4234 splendidum
1015 4175 1182 4238 atque
1239 4167 1452 4239 insigne
1493 4168 1764 4227 diadema.
1792 4170 1974 4237 Quod

391 4269 522 4310 vero
549 4258 895 4326 praestantior
933 4259 1006 4315 sit
1033 4261 1186 4321 cultu
1213 4260 1410 4330 legali,
1453 4261 1636 4317 cultus
1685 4278 1786 4333 per
1808 4264 1973 4320 Chri-

393 4357 536 4403 stum
563 4389 577 4414 ,
632 4350 833 4406 viderit
862 4352 986 4422 quis
1020 4351 1075 4407 in
1119 4352 1326 4422 Aaron,
1348 4353 1810 4423 quemadmodum
1859 4357 1974 4413 fere

389 4441 554 4496 etiam
594 4441 650 4496 in
677 4442 1060 4500 Melchisedec.
1096 4443 1380 4515 Siquidem
1425 4445 1628 4501 Levita:
1656 4447 1896 4504 decimas
1943 4465 1974 4504 a

389 4533 519 4589 ﬁliis
565 4535 732 4591 Israel
780 4536 1146 4606 accipiebant.
1193 4535 1465 4592 Caeterum
1507 4539 1670 4608 jussit
1715 4541 1861 4595 Deus
1906 4557 1971 4595 cx

389 4624 703 4680 Levitarum
735 4624 965 4682 decimis
1013 4627 1260 4682 tribuere
1289 4628 1556 4684 decimam
1599 4630 1825 4696 Aaroni,
1856 4642 1974 4687 tan—
2008 4668 2050 4723 υ

388 4730 553 4786 quam
607 4717 892 4786 prazfecto,
941 4717 1147 4788 quique
1179 4719 1250 4774 ob
1297 4721 1590 4777 sacerdotii
1632 4723 1972 4778 functionem

389 4824 648 4880 supremo
675 4809 883 4865 honore
913 4811 1178 4880 praeditus
1203 4821 1338 4868 erat.
1365 4813 1629 4886 Intelligis
1653 4816 1838 4886 itaque
1862 4832 1972 4887 quo

389 4909 549 4970 pacto
575 4900 743 4966 etiam
779 4902 835 4957 in
867 4919 1100 4974 persona
1129 4904 1308 4961 Aaron
1357 4905 1489 4962 Levi
1540 4907 1784 4963 decimas
1821 4910 1971 4964 acci—

390 4991 566 5060 piens,
604 4991 908 5049 decimatus
928 5001 1030 5049 est.
1060 4993 1242 5050 Aaron
1265 4997 1414 5052 enim
1441 4997 1648 5054 Christi
1681 5013 1970 5070 personam

390 5082 578 5138 refert.
607 5083 784 5155 Atque
809 5087 902 5142 alii
951 5086 1177 5157 quidem
1211 5088 1413 5145 Leviue
1442 5101 1500 5145 et
1534 5091 1851 5147 sacerdotes
1885 5092 1968 5146 le-

387 5172 528 5240 galia
569 5176 841 5231 sacrificia
888 5179 1248 5250 peragebant,
1283 5180 1339 5236 in
1389 5181 1576 5252 priore
1615 5182 1970 5238 tabernaculo

388 5279 542 5319 suam
570 5267 862 5324 stationem
884 5269 1169 5328 habentes.
1194 5274 1355 5331 Solus
1389 5285 1572 5330 autem
1611 5291 1679 5329 ex
1715 5276 1974 5331 omnibus

388 5354 610 5412 divinus
642 5377 660 5410 ι
688 5361 870 5416 Aaron
897 5364 1063 5418 semel
1086 5368 1399 5437 quotannis,
1434 5385 1452 5418 3
1480 5375 1542 5422 ut
1577 5369 1842 5441 scriptum
1866 5378 1969 5433 est,

397 5463 416 5497 ‹
445 5446 498 5500 in
519 5446 716 5504 Sancta
742 5463 1052 5509 sanctorum
1083 5455 1558 5528 ingrediebatur'”
1582 5477 1593 5511 :
1626 5477 1642 5509 ι
1665 5459 1829 5529 idque
1859 5477 1971 5515 non

388 5536 508 5592 sine
537 5539 821 5609 sanguine,
850 5542 1004 5612 juxta
1033 5545 1228 5616 legem.
1257 5545 1443 5616 Typus
1469 5555 1653 5601 autem
1682 5546 1969 5602 fuitetiam

460 5678 543 5733 "I
573 5677 698 5735 Cor.
735 5699 850 5750 x111,
889 5684 973 5739 l2.
1055 5686 1100 5716 ⁷⁵
1133 5685 1288 5740 Joan.
1326 5701 1363 5752 ι,
1401 5687 1485 5742 ixi.

461 5819 539 5900 (ί)
570 5823 866 5892 Aubcrtus,
902 5825 1196 5899 κοσμῶντι.
1224 5825 1372 5881 Ευιτ.

2084 2055 2194 2129 γὰρ
2223 2056 2299 2110 ὢν
2323 2057 2416 2110 καὶ
2445 2057 2510 2111 ἐκ
2553 2056 2689 2113 Θεοῦ
2722 2057 2862 2112 κατά
2898 2057 3059 2128 φύσιν
3092 2061 3118 2112 6
3152 2059 3485 2130 Μονογενὴς,
3512 2057 3680 2127 γέγο-

2085 2166 2173 2204 νεν
2196 2149 2504 2222 ἄνθρωπος,
2552 2169 2570 2201 ι
2609 2150 2705 2204 καὶ
2753 2151 3070 2222 ἐσκήνωσεν
3105 2151 3163 2204 ἐν
3191 2153 3342 2222 ἡμῖν.
3391 2170 3409 2202 3
3453 2152 3680 2221 Κεχρη-

2088 2240 2285 2311 μάτικε
2321 2239 2378 2293 δὲ
2427 2239 2522 2292 καὶ
2557 2239 2924 2307 Ἀπόστολος
2976 2239 3071 2292 καὶ
3119 2239 3448 2308 Ἀρχιερεὺς
3483 2239 3671 2310 ἡμῶν,

2085 2331 2180 2386 καὶ
2215 2330 2526 2402 ἀπήλλαξεν
2571 2331 2720 2402 ἡμᾶς
2745 2330 2840 2385 τοῦ
2876 2329 3296 2401 βραδυγλώσσου
3331 2333 3497 2403 νόμου
3523 2370 3536 2396 ,
3575 2349 3680 2404 με·

2082 2424 2366 2478 τατέθεικε
2403 2423 2462 2478 δὲ
2489 2423 2584 2477 καὶ
2616 2425 2697 2486 είς
2739 2423 3013 2492 εὐφωνίαν
3055 2423 3400 2495 μαθημάτων
3432 2423 3678 2493 εὐαγγε-

2083 2517 2270 2573 λικῶν.
2299 2516 2411 2570 Καὶ
2446 2517 2568 2588 οὐχὶ
2600 2515 2758 2571 τοῦτο
2796 2517 2991 2588 μόνον,
3019 2515 3157 2572 ἀλλά
3196 2516 3305 2588 γὰρ
3371 2516 3466 2569 καὶ
3506 2517 3682 2588 αἰχμ-

2083 2608 2325 2672 αλώτους
2357 2607 2516 2672 ὄντας
2547 2607 2752 2679 ἀνῆκεν
2795 2609 2975 2678 ἡμᾶς,
3017 2606 3262 2661 καθελὼν
3294 2606 3385 2660 τὸν
3432 2606 3677 2677 ἄρχοντα

2081 2699 2177 2754 τοῦ
2221 2700 2417 2763 αίῶνος
2458 2698 2687 2765 τούτου,
2736 2701 2831 2753 καὶ
2879 2698 2938 2764 ἐξ
2982 2699 3110 2771 ᾅδου
3164 2698 3354 2770 μυχῶν
3398 2699 3673 2771 ἐρρύσατο

2079 2791 2209 2856 τοὺς
2242 2791 2710 2863 κεκοιμημένους,
2743 2789 2836 2843 καὶ
2879 2789 3248 2860 τεθεμελίωκε
3278 2788 3377 2860 μὲν
3408 2789 3508 2860 τὴν
3545 2789 3675 2845 Ἐκ-

2081 2883 2343 2956 κ).ησίαν,
2392 2880 2836 2955 κεχειροτόνηται
2885 2880 2943 2934 δέ
2987 2881 3086 2935 καὶ
3134 2881 3319 2957 ἄρχων
3366 2881 3452 2948 ἐφ’
3492 2881 3670 2952 ἡμᾶς,

2081 2974 2176 3028 καὶ
2203 2973 2480 3028 διεϐίϐασε
2512 2972 2613 3044 μὲν
2637 2972 2696 3026 ἐν
2728 2971 2912 3025 πίστει
2935 2969 3029 3024 τὸν
3066 2969 3357 3042 Ἰορδάνην,
3381 2970 3587 3024 δέδωκε
3615 2971 3673 3025 δὲ

2079 3063 2180 3136 τὴν
2208 3064 2269 3118 ἐν
2301 3062 2576 3135 πνεύματι
2609 3061 2939 3135 περιτομὴν,
2970 3061 3068 3115 καὶ
3103 3063 3187 3127 είς
3229 3054 3330 3133 τὴν
3368 3061 3476 3115 τῶν
3503 3061 3674 3134 οὐρα-

2079 3156 2189 3211 νῶν
2209 3156 2561 3228 εἰσκεκόμικε
2596 3155 2896 3227 βασιλείαν.
2931 3155 3054 3209 Ὅτι
3085 3155 3183 3226 μὲν
3203 3150 3297 3210 οῦν
3322 3153 3515 3225 γέγονε
3544 3152 3674 3208 καθ’

2080 3247 2231 3319 ἡμᾶς
2250 3283 2266 3311 ,
2297 3246 2635 3319 ἀποχρήσειν
2677 3239 2834 3317 οἶμαι
2875 3244 3105 3315 λέγοντα
3127 3245 3222 3300 τὸν
3262 3245 3554 3300 θεσπέσιον
3579 3245 3675 3300 εὐ-

2080 3338 2434 3410 αγγελιστὴν,
2467 3357 2486 3392 ι
2527 3339 2639 3394 Καὶ
2673 3339 2704 3391 6
2738 3338 2914 3408 Λόγος
2942 3336 3080 3410 σὰρξ
3116 3337 3354 3408 ἐγένετο,
3380 3337 3475 3392 καὶ
3497 3339 3672 3411 ἐσκή-

2077 3447 2252 3487 νωσεν
2291 3431 2352 3485 ἐν
2388 3431 2545 3502 ἡμῖν.
2589 3449 2608 3482 ι
2654 3430 2779 3486 Ὀτι
2832 3429 2890 3484 δὲ
2918 3430 3206 3502 κέχρισται
3256 3430 3352 3484 καὶ
3395 3431 3477 3494 εἰς
3515 3429 3677 3502 ἱερέα

2078 3522 2174 3578 καὶ
2211 3521 2544 3588 ἀπόστολον,
2592 3522 2628 3593 ή
2675 3520 2772 3576 τοῦ
2818 3521 3030 3594 Ἀαρὼν
3089 3521 3366 3588 ἀνάδειξις
3413 3521 3676 3593 ὑπεμφή-

2077 3633 2220 3671 νειεν
2296 3616 2364 3670 ἂν
2448 3616 2545 3670 καὶ
2620 3615 2769 3684 μάλα
2845 3613 3057 3685 σαφῶς.
3138 3614 3477 3686 Κατεχρίετο
3557 3614 3676 3687 γὰρ

2077 3707 2242 3778 ἐλαίῳ
2304 3706 2383 3778 τῷ
2438 3707 2800 3778 ήγιασμένῳ,
2854 3705 2950 3760 καὶ
2997 3706 3078 3770 εἰς
3135 3705 3376 3777 ἄρχοντα
3428 3703 3674 3759 τέθειται

2076 3800 2172 3854 καὶ
2203 3799 2504 3871 ἡγούμενον
2535 3799 2728 3871 ίερέων
2759 3800 2854 3853 καὶ
2893 3797 3049 3866 λαοῦ,
3081 3799 3176 3852 καὶ
3219 3797 3328 3868 μὴν
3371 3797 3466 3851 καὶ
3495 3795 3673 3867 μετώ-

2078 3905 2202 3952 ποις
2230 3888 2421 3960 ἀκροις
2463 3887 2524 3942 τὺ
2555 3888 2772 3959 ψέλλιον
2807 3889 3024 3957 ἐδέχετο
3053 3887 3115 3942 τὸ
3148 3887 3403 3957 χρυσοῦν,
3446 3887 3568 3958 ἢτοι
3610 3886 3673 3940 τό

2077 3979 2330 4045 πέταλον,
2354 3979 2574 4051 γραφὴν
2599 3978 2721 4049 ἔχον
2750 3980 2812 4032 τὸ
2839 3980 3010 4050 ὄνομα
3037 3979 3266 4050 Κυρίου.
3304 3977 3478 4030 Τοῦτο
3503 3977 3562 4030 δὲ
3602 3973 3671 4047 ἦν

2078 4071 2309 4143 ἐναργὲς
2335 4071 2436 4140 τῆς
2469 4070 2566 4124 τοῦ
2595 4071 2850 4143 Σωτῆρος
2887 4070 3045 4142 ἡμῶν
3078 4070 3343 4141 βασιλέως
3379 4068 3670 4140 σύμϐολον,

2076 4163 2174 4218 καὶ
2200 4163 2362 4216 οἱονεὶ
2385 4163 2625 4234 διάδημα
2649 4163 2907 4235 λαμπρὸν
2941 4163 3034 4217 καὶ
3077 4163 3392 4232 περίοπτον.
3442 4162 3570 4218 Ὅτι
3613 4161 3689 4236 δὲ⁴

2075 4256 2317 4328 ἀμείνων
2334 4257 2436 4327 τῆς
2463 4255 2698 4327 νομικῆς
2719 4255 3029 4328 λατρείαςὴ
3057 4254 3143 4308 διὰ
3173 4251 3435 4324 Χριστοῦ,
3463 4255 3674 4309 κατίδοι

2075 4368 2160 4414 τις
2201 4350 2268 4405 ἂν
2309 4351 2387 4415 ὡς
2432 4351 2489 4405 ἐν
2551 4350 2800 4422 Ἀαρὼν,
2849 4350 3105 4422 καθάπερ
3147 4349 3339 4421 ἀμέλει
3381 4349 3472 4403 καὶ
3505 4351 3564 4402 ἐν
3594 4347 3672 4418 τῷ

2075 4443 2430 4513 Μελχισεδέκ.
2477 4442 2723 4505 Δεκάτας
2754 4443 2852 4514 μὲν
2892 4441 3002 4513 γὰρ
3040 4445 3088 4495 οἱ
3114 4440 3338 4495 Λευῖται
3370 4441 3519 4510 παρὰ
3563 4439 3672 4493 τῶν

2078 4536 2208 4588 υίῶν
2241 4533 2461 4607 Ἰσραὴλ
2503 4533 2644 4588 κατά
2681 4533 2881 4603 νόμους
2913 4532 3177 4604 ἐδέχοντο.
3219 4533 3368 4605 Πλὴν
3417 4532 3671 4586 ἐκέλευσε

2077 4626 2210 4690 Θεὸς
2240 4628 2302 4678 ἐκ
2325 4627 2423 4696 τῆς
2451 4626 2559 4679 τῶν
2586 4624 2826 4678 Λευῖτῶν
2856 4623 3090 4695 δεκάτης
3114 4623 3484 4695 ἀπονέμεσθαι
3509 4623 3674 4678 δεκά-

2079 4735 2178 4789 την
2213 4717 2288 4781 ὼς
2322 4717 2611 4788 ἡγουμένῳ
2643 4715 2723 4787 τῷ
2753 4714 2987 4788 Ἀαρὼν,
3019 4716 3163 4770 κατά
3191 4733 3253 4768 τε
3284 4717 3376 4769 τὸν
3418 4714 3512 4768 τοῦ
3560 4715 3672 4767 δεῖν

2079 4809 2330 4880 ἱερᾶσθαι
2353 4812 2554 4880 τρόπον
2593 4809 2717 4870 ταῖς
2750 4807 3011 4861 ἀνωτάτω
3063 4807 3305 4880 κομῶντι
3340 4807 3415 4878 (1)
3455 4809 3668 4876 τιμαῖς.

2078 4901 2242 4966 Σύνες
2270 4897 2362 4955 οὖν
2384 4890 2658 4964 ὅπωξκαὶ
2689 4902 2746 4952 ἐν
2779 4899 3055 4971 προσώπῳ
3083 4901 3179 4954 τοῦ
3220 4899 3430 4972 ’Λαρὼν
3461 4901 3490 4953 6
3511 4899 3670 4953 δεκά-

2075 5013 2177 5060 τας
2202 4994 2517 5066 λαμϐάνων,
2551 4993 2679 5046 Λευῒ
2701 4993 3080 5048 δεδεκάτωται.
3117 4993 3370 5046 Τέθειται
3402 4993 3510 5063 γὰρ
3533 4993 3670 5055 ,Ἀα-

2081 5087 2190 5160 ρὼν
2230 5090 2310 5151 είς
2360 5087 2650 5158 πρόσωπον
2693 5086 2786 5140 τοῦ
2826 5085 3088 5157 Χριστοῦ.
3141 5086 3253 5139 Καὶ
3278 5086 3328 5137 oi
3378 5086 3476 5156 μὲν
3520 5085 3669 5139 ἄλλοι

2079 5181 2279 5244 πάντες
2329 5177 2550 5233 Λευῖται
2595 5179 2689 5232 καὶ
2737 5180 2902 5250 ἱερεῖς
2942 5179 3042 5242 τὰς
3087 5177 3230 5232 κατά
3266 5178 3428 5248 νόμον
3477 5178 3668 5240 θυσίας

2075 5271 2314 5334 ἐτέλουν,
2367 5270 2552 5323 στάσιν
2605 5269 2822 5342 ἔχοντες
2871 5271 2964 5324 ἐπὶ
3009 5271 3108 5342 τὴν
3162 5269 3388 5342 πρώτην
3438 5271 3660 5339 σκηνήν.

2075 5362 2252 5425 Μόνος
2271 5360 2328 5412 δὲ
2352 5359 2446 5414 καὶ
2473 5361 2537 5413 ἐκ
2564 5359 2783 5414 πάντων
2814 5360 2842 5412 6
2867 5359 3156 5422 θεσπέσιος
3188 5376 3207 5408 ι
3253 5357 3486 5427 Ἀαρὼν,
3522 5355 3666 5419 ἀτταξ

2071 5453 2166 5508 τοῦ
2196 5451 2465 5517 ἐνιαυτοῦ,
2499 5471 2516 5502 3
2551 5452 2691 5508 κατὰ
2720 5452 2780 5506 τὸ
2810 5452 3213 5523 γεγραμμένον,
3243 5469 3260 5502 ι
3295 5451 3376 5514 εἰς
3401 5449 3467 5502 τά
3498 5449 3664 5512 ’Ἅγια

2073 5548 2182 5604 τῶν
2218 5546 2388 5613 ἁγίων
2418 5545 2668 5617 είσῄει,)
2703 5546 2799 5602 καὶ
2824 5546 2883 5598 οὐ
2915 5546 3082 5618 χωρὶς
3114 5544 3365 5616 αἵματος,
3405 5541 3546 5598 κατὰ
3572 5542 3667 5594 τὸν

1565 5690 1798 5745 73llcbr.
1858 5708 1935 5758 ιιι,
1979 5692 2001 5746 1
2105 5692 2150 5724 ⁷⁰
2174 5687 2343 5745 110]"-
2387 5688 2618 5757 “36’7'
