4092 6472
1305 385 1834 462 οιΑΡιιγιιοιιυιι
1873 403 1941 461 lN
1988 404 2294 466 enunsm
2333 409 2462 468 LIB.
2499 411 2566 468 ιι.

3515 417 3591 478 90

304 523 474 596 νόμον.
520 519 700 585 Τύπος
731 517 776 573 δ’
806 517 876 574 ἂν
908 518 997 590 εἴη
1029 519 1125 574 καὶ
1156 515 1274 572 τόδε
1304 518 1545 590 Χριστοῦ
1601 537 1620 572 ι
1669 517 1767 572 τοῦ
1803 535 1881 572 τε·

2000 520 2107 577 hoc
2129 521 2357 592 ChriSti,
2399 544 2426 579 ι.
2455 527 2550 598 qui
2583 528 2760 586 semel
2805 537 3057 587 mortuus
3088 539 3173 588 est
3203 545 3306 603 pro
3344 536 3588 604 peccatis

302 615 518 679 θνεῶτος
543 611 688 680 άπαξ
715 612 859 685 ὑπὲρ
886 611 997 667 τῶν
1027 610 1317 684 ἁμαρτιῶν
1347 610 1530 684 ἡμῶν,
1566 628 1586 663 ›
1620 610 1765 666 κατὰ
1792 610 1895 676 τὰς

305 704 535 780 Γραφὰς,
565 702 974 768 εἰσελαύνοντος
1009 701 1067 756 δέ
1099 702 1196 756 καὶ
1224 703 1306 767 εἰς
1331 702 1432 774 τὴν
1459 702 1574 758 ἄνω
1598 719 1658 756 τε
1685 701 1783 757 καὶ
1816 703 1894 756 ἰε-

305 798 542 872 ρωτάτην
578 795 808 867 σκηνήν.
842 794 1066 867 Ταύτην
1092 794 1206 867 γὰρ
1233 796 1369 867 ἡμῖν
1396 793 1731 850 ἐνεκαίνισεν
1751 793 1892 860 ὁδὸν,

1997 614 2203 672 nostris
2228 615 2295 684 ⁷⁸,
2333 636 2354 670 ι
2391 619 2699 676 secundum
2739 621 3074 694 Scripturas,
3107 633 3165 680 et
3203 624 3484 696 ingressus
3528 625 3586 680 in

1997 723 2300 780 supernum
2353 712 2491 770 illud
2560 715 3081 788 sanctissimumque
3143 717 3584 774 tabernaculum.

1995 799 2150 858 Hanc
2177 801 2328 858 enim
2362 804 2510 860 viam
2536 806 2699 863 nobis
2729 807 3082 875 instauravit,
3110 807 3586 880 sanctificavitque

301 889 532 960 ἁγιάζων
555 904 617 941 τε
657 887 737 958 τῷ
771 887 972 957 αἵματι
1001 885 1082 958 τῷ
1114 886 1231 958 ἰδίῳ
1256 885 1359 958 τὴν
1400 883 1752 957 Ἐκκλησίαν.
1783 883 1881 939 Καὶ

1995 895 2220 966 proprio
2252 899 2518 969 sanguine
2537 900 2863 957 Ecclesiam.
2902 901 3071 973 Atqui
3104 902 3328 958 divinus
3359 902 3585 972 quidem

299 985 326 1036 6
351 981 444 1053 μὲν
476 978 768 1044 θεσπέσιος
796 979 1006 1051 Μωσῆς
1028 1019 1044 1044 ,
1075 979 1603 1051 προκεχειρισμένος
1640 979 1723 1044 εἰς
1751 978 1892 1032 ἀπο-

301 1072 498 1144 στολὴν.
520 1072 700 1126 ἐδέετο
728 1071 825 1126 τοῦ
852 1071 1013 1138 Θεοῦ,
1033 1071 1234 1142 λέγων·
1270 1090 1290 1123 ‹
1318 1072 1544 1142 Δέομαι,
1571 1071 1766 1144 Κύριε,
1790 1072 1893 1127 οὐκ

298 1164 506 1229 εὕλαλός
555 1164 672 1235 είμι
712 1163 820 1235 πρὸ
863 1163 966 1234 τῆς
1011 1162 1142 1234 χθὲς
1165 1203 1182 1228 ,
1219 1163 1344 1217 οὐδὲ
1399 1164 1508 1236 πρὸ
1550 1163 1652 1234 τῆς
1699 1163 1892 1235 τρίτης

304 1256 525 1328 ήμέρας,
564 1255 689 1310 οὐδὲ
720 1255 819 1325 ἀφ’
845 1249 908 1312 οῦ
938 1252 1093 1326 ἤρξω
1121 1255 1304 1310 λαλεῖν
1335 1253 1416 1326 τῷ
1441 1254 1732 1326 θεράποντι
1769 1271 1887 1322 σου,

301 1348 641 1420 ἰσχνόφωνος,
687 1347 787 1401 καὶ
836 1345 1254 1418 βραδύγλωσσος
1296 1345 1413 1415 ἐγώ
1455 1347 1593 1417 είμι.
1636 1366 1658 1400 ›
1706 1347 1888 1418 Προσ-

299 1442 452 1497 ετίθει
490 1442 548 1496 δέ
579 1442 817 1506 τούτοιςο
858 1461 878 1494 ι
906 1440 1263 1515 Προχείρισαι
1302 1441 1464 1496 ἄλλον
1503 1441 1800 1513 δυνάμενον
1826 1441 1890 1498 ὃν

297 1521 630 1600 ἀποστελεῖς.
680 1554 701 1588 ι
752 1530 888 1589 Εἶτα
925 1535 1066 1607 πρὸς
1109 1534 1274 1592 αὐτὸν
1318 1535 1349 1589 6
1391 1533 1504 1588 τῶν
1544 1533 1682 1589 ὅλων
1727 1533 1883 1598 Θεός⁸

301 1646 319 1680 ι
347 1625 472 1681 Οὖκο
501 1627 616 1680 ἰδοὺ
651 1626 870 1700 Ἀαρὼν
897 1628 928 1682 6
949 1627 1180 1697 ἁδελφός
1205 1644 1301 1681 σου
1324 1627 1356 1681 6
1373 1627 1630 1700 Λευῖτης,
1658 1627 1889 1682 ἐπίστα-

297 1735 385 1790 μαι
408 1718 487 1772 ὅτι
509 1716 692 1773 λαλῶν
719 1717 945 1791 λαλήσει
975 1717 1140 1782 αὐτός
1164 1733 1270 1783 σοι,
1309 1717 1404 1772 καὶ
1441 1716 1551 1774 ἰδοὺ
1585 1715 1748 1782 αὐτὸς
1801 1716 1889 1787 ἐξα

293 1810 554 1866 ελεύσεται
577 1813 662 1876 εἰς
699 1813 1030 1883 συνάντησιν
1062 1828 1179 1868 σου.
1202 1810 1316 1865 Καὶ
1355 1809 1478 1866 ἰδών
1495 1828 1556 1864 σε
1579 1812 1882 1884 χαρήσεται

1989 985 2208 1059 Moyses
2233 989 2444 1047 electus
2467 991 2534 1047 ad
2563 993 2903 1062 missionem,
2925 994 3105 1050 oravit
3129 994 3324 1060 Deum,
3349 993 3542 1050 dicens
3568 1011 3582 1049 :

2002 1098 2022 1131 ι
2059 1077 2192 1148 Oro,
2217 1080 2472 1149 Domine,
2494 1098 2608 1139 non
2630 1085 2896 1157 eloquens
2927 1102 3048 1143 sum
3072 1096 3200 1143 ante
3224 1087 3344 1142 heri
3360 1127 3374 1152 ,
3403 1102 3586 1158 neque

1991 1175 2124 1224 ante
2142 1170 2362 1226 tertiam
2385 1171 2556 1239 diem,
2583 1189 2764 1246 neque
2785 1190 2856 1231 ex
2872 1190 2984 1246 quo
3012 1175 3229 1246 coepisti
3250 1175 3406 1246 loqui
3424 1190 3585 1230 servo

1993 1270 2090 1317 tuo
2118 1279 2132 1316 :
2156 1263 2347 1334 gracili
2381 1279 2517 1322 voce
2542 1274 2600 1322 et
2624 1265 2782 1322 tarda
2817 1266 3008 1338 lingua
3041 1281 3144 1338 ego
3174 1281 3297 1322 sum
3328 1266 3394 1319 ⁷⁸.
3428 1284 3447 1318 ι
3475 1265 3587 1320 Ad-

1984 1353 2120 1424 jecit
2143 1361 2326 1410 autem
2361 1355 2478 1411 bis:
2521 1375 2541 1409 ι
2578 1357 2731 1430 Elige
2753 1367 3037 1430 potentem
3073 1358 3242 1414 alium
3261 1374 3426 1428 quem
3450 1357 3586 1413 mit-

1989 1453 2074 1501 tes
2093 1445 2161 1502 ".
2191 1465 2210 1499 ι
2259 1447 2470 1505 Deinde
2509 1449 2665 1506 Deus.
2688 1448 2766 1506 ita
2802 1451 3090 1522 respondit
3136 1469 3151 1505 :
3209 1469 3228 1503 ι
3260 1451 3421 1506 Non:
3453 1466 3586 1507 ecce

1986 1536 2171 1593 Aaron
2195 1537 2370 1596 frater
2397 1547 2526 1597 tuus
2561 1541 2776 1599 Levita.
2807 1543 2934 1600 Scio
2953 1543 3103 1616 quod
3123 1544 3358 1614 loquens
3394 1545 3587 1616 loque-

1986 1634 2078 1684 tur
2094 1628 2213 1699 ipse
2235 1629 2372 1698 tibi,
2416 1639 2476 1688 et
2511 1647 2642 1690 ecce
2681 1633 2800 1706 ipse
2826 1635 3148 1708 egredietur
3188 1635 3264 1690 in'
3288 1651 3585 1692 occursum

1985 1717 2120 1784 tibi,
2149 1729 2207 1776 et
2233 1720 2430 1778 videns
2474 1731 2530 1780 te
2575 1723 2858 1782 laetabitur
2891 1726 2950 1781 in
2979 1725 3196 1798 seipse,
3237 1735 3295 1783 et
3333 1727 3488 1784 dices
3514 1726 3586 1782 ad

1983 1825 2132 1875 eum,
2153 1821 2215 1893 et
2230 1813 2390 1870 dabis
2412 1815 2584 1873 verba
2614 1833 2738 1874 mea
2769 1818 2828 1874 in
2851 1834 2916 1876 os
2950 1821 3094 1893 ejus,
3127 1830 3187 1877 et
3216 1837 3320 1894 ego
3341 1822 3586 1892 aperiam

292 1905 345 1959 ἐν
371 1903 544 1976 ἐαυτῷ
563 1944 582 1970 ,
623 1903 720 1958 καὶ
748 1905 898 1977 ἐρεῖς
928 1904 1064 1977 πρὸς
1098 1905 1283 1970 αὐτὸν,
1329 1904 1424 1959 καὶ
1461 1903 1656 1968 δώσεις
1686 1904 1757 1959 τὰ
1785 1907 1881 1978 ῥή-

1983 1919 2054 1959 os
2084 1911 2264 1972 tuum,
2287 1915 2346 1962 et
2367 1907 2640 1964 instruam
2683 1925 2788 1967 vos
2822 1927 2946 1982 qua
2977 1911 3225 1979 facietis,
3257 1920 3316 1967 et
3338 1913 3456 1984 ipse
3498 1913 3586 1968 lo-

295 1997 424 2066 ματά
451 2013 550 2067 μου
580 1997 645 2051 ἐν
668 1996 750 2069 τῷ
785 1997 1018 2069 στόματι
1045 1998 1212 2053 αὑτοῦ
1245 1997 1340 2052 καὶ
1368 1996 1694 2068 συμϐιϐάσω
1730 1999 1877 2072 ὑμᾶς

289 2087 323 2142 ἃ.
347 2088 611 2160 ποιήσετε,
645 2089 743 2142 καὶ
765 2087 994 2160 λαλήσει
1022 2089 1188 2154 αὐτός
1209 2107 1296 2145 σοι
1323 2091 1458 2163 πρὸς
1486 2091 1578 2145 τὸν
1605 2090 1754 2156 λαὸν,
1782 2092 1878 2146 καὶ

291 2179 437 2242 αὐτὸς
479 2178 642 2236 ἐσται
681 2197 778 2236 σου
822 2180 1022 2253 στόμα.
1069 2200 1090 2234 ι
1144 2181 1576 2254 Βραδύγλωσσος
1625 2182 1726 2255 μὲν
1766 2182 1878 2256 γὰρ

287 2273 724 2344 ὁμολογουμένως
750 2273 846 2328 καὶ
874 2273 1279 2345 εὐστομεῖνλούκ
1303 2273 1461 2339 εἰδὼς
1480 2275 1509 2328 6
1526 2275 1696 2330 πάλαι
1712 2274 1878 2346 νόμος

288 2366 364 2420 διὰ
389 2367 585 2422 κύκλου
625 2365 781 2439 μόλις
814 2365 1148 2438 μακροῦ,τοῦ
1175 2366 1316 2424 κατὰ
1341 2367 1404 2421 τὸ
1429 2367 1674 2440 Γράμμα
1706 2366 1874 2439 φημὶ,

293 2460 554 2532 μονονουχὶ
568 2459 676 2514 καὶ
695 2459 1069 2530 ύποψελλίζων
1097 2460 1232 2532 ήμῖν
1247 2460 1310 2515 τὸ
1324 2459 1444 2533 Θιῷ
1462 2459 1673 2518 δοκοῦψ
1701 2461 1878 2533 στόμα

287 2552 338 2606 δέ
373 2552 620 2619 Μωσέως
663 2553 728 2608 τὸ
771 2553 1172 2624 εὐφωνότατον,
1217 2553 1248 2606 6
1291 2552 1570 2624 Χριστὸς,
1617 2552 1878 2625 μεθιστὰς

287 2643 400 2709 τοὺς
425 2643 636 2709 τύπους
661 2647 744 2709 είς
763 2644 1046 2716 ἀλήθειαν,
1080 2645 1177 2700 καὶ
1207 2643 1486 2716 προτιθεὶς
1513 2644 1741 2717 ἑτοίμην
1762 2647 1878 2711 τοῖς

290 2733 583 2805 ἁπανταχοῦ
639 2733 755 2791 τῶν
802 2734 1122 2806 ἀναγκαίων
1165 2733 1268 2806 τήν
1314 2734 1544 2806 εἴδησιν.
1587 2735 1878 2808 Τοιγάρτοι

290 2826 438 2898 φησὶν
469 2827 529 2881 ἐν
558 2826 1000 2899 τεσσαρακοπῷ
1031 2827 1129 2885 καὶ
1167 2809 1340 2899 όγδόῳ
1360 2827 1597 2900 Ψαλμῷ·
1632 2845 1652 2882 ι
1691 2826 1881 2882 ’Δκού-

291 2935 406 2973 σατε
439 2918 644 2986 ταῦτα,
677 2919 861 2974 πάντα
893 2920 968 2974 τὰ
1005 2920 1157 2992 ἔθνη,
1195 2919 1556 2986 ἐνωτίσασθε,
1593 2920 1798 2987 πάντες
1825 2921 1877 2976 οι

289 3012 660 3077 κατοικοῦντες
679 3013 782 3084 τὴν
805 3013 1156 3084 οἰκουμένην.
1209 3032 1230 3066 ι
1287 3013 1647 3070 Ἀνετυποῦτο
1689 3014 1754 3087 δὴ
1783 3008 1879 3069 οῦν

285 3102 352 3168 ὡς
385 3102 442 3154 ἐν
476 3103 698 3179 Ἀαρὼν
724 3107 755 3161 6
777 3106 1039 3179 Χριστός.
1078 3106 1189 3162 Καὶ
1224 3106 1287 3162 τό
1316 3123 1382 3177 γε
1415 3105 1875 3180 παραδοξότερον.

285 3192 369 3267 Μή
400 3195 506 3268 γάρ
535 3211 628 3250 τοι
660 3194 992 3270 θαυμάσῃς,
1034 3197 1085 3252 εἰ
1123 3196 1184 3251 ἐν
1223 3198 1336 3262 τοῖς
1375 3196 1676 3266 ἐγνωκόσιν
1710 3196 1874 3252 αὐτὸν

1980 2003 2184 2064 quetur
2203 2011 2305 2066 pro
2337 2005 2393 2054 te
2419 1997 2490 2053 ad
2509 1999 2796 2070 populum,
2823 2009 2884 2058 et
2918 2001 3037 2072 ipse
3067 2002 3178 2057 erit
3199 2017 3265 2058 os
3283 2010 3442 2057 tuum
3459 2003 3527 2056 ".
3557 2021 3578 2055 ι

1979 2084 2317 2158 Tardiloqua
2360 2089 2511 2145 enim
2548 2106 2745 2148 revera
2791 2101 2878 2150 est
2911 2101 3075 2150 vetus
3107 2094 3220 2160 lex,
3246 2109 3346 2165 per
3392 2095 3590 2166 longos

1977 2178 2248 2236 circuitus
2281 2197 2426 2253 aegre
2463 2183 2629 2240 nobis
2667 2184 2768 2240 Dei
2807 2185 3152 2241 voluntatem
3187 2185 3451 2242 balbutit.
3475 2185 3584 2241 So-

1976 2288 2176 2330 norum
2196 2282 2382 2332 autem
2399 2275 2603 2350 Moysis
2617 2293 2701 2344 os,
2718 2277 2995 2346 Christus,
3017 2289 3176 2352 typos
3200 2278 3270 2335 ad
3293 2279 3589 2336 veritatem

1977 2365 2321 2424 transferens
2343 2409 2360 2436 ,
2404 2367 2738 2442 facilemque
2768 2371 3032 2427 omnibus
3085 2371 3270 2428 ubivis
3309 2380 3588 2428 terrarum

1977 2459 2302 2517 constitutis
2327 2476 2526 2517 eorum
2550 2477 2674 2534 qua:
2691 2464 3010 2519 necessaria
3031 2471 3182 2529 sunt,
3211 2463 3587 2535 cognitionem

1977 2566 2315 2624 proponens.
2346 2553 2563 2611 Idcirco
2589 2555 2670 2611 sic
2704 2556 2786 2612 ait
2833 2557 2894 2613 in
2923 2557 3352 2629 quadragesimo
3390 2565 3589 2612 octavo

1976 2644 2188 2714 psalmo
2216 2661 2231 2700 :
2274 2663 2294 2697 ι
2329 2643 2436 2716 52
2457 2646 2662 2704 Audite
2700 2647 2846 2714 haec,
2883 2663 3076 2707 omnes
3105 2659 3334 2723 gentes;
3358 2651 3592 2708 auribus

1976 2733 2269 2806 percipite,
2292 2749 2488 2793 omnes
2537 2737 2854 2797 habitantes
2894 2738 3090 2796 orbem
3129 2739 3198 2796 ⁷⁸.
3234 2759 3254 2793 ι
3292 2741 3589 2813 Figuratus

1979 2822 2165 2894 itaque
2188 2825 2246 2882 in
2268 2825 2489 2884 Aarone
2521 2827 2799 2886 Christus.
2825 2830 2995 2901 Atqui
3022 2831 3131 2888 hoc
3166 2833 3343 2904 magis
3375 2833 3586 2890 miran-

1977 2915 2132 2975 dum.
2171 2917 2364 2990 Neque
2381 2920 2534 2976 enim
2567 2923 2814 2991 mireris,
2851 2927 2900 2981 si
2940 2927 2998 2981 in
3024 2925 3094 2981 iis
3114 2966 3130 2992 ,
3159 2926 3256 2996 qui
3285 2927 3466 2997 ipsum
3494 2943 3591 2984 co-

1976 3017 2240 3082 gnorunt,
2278 3021 2338 3068 et
2362 3012 2542 3084 legem
2573 3015 2814 3083 callent,
2847 3017 3089 3088 propriae
3109 3033 3225 3073 suae
3239 3020 3588 3076 excellentia:

1977 3095 2418 3169 magnitudinem
2458 3098 2852 3169 adumbravit,
2890 3102 3114 3174 quando
3145 3102 3313 3158 etiam
3365 3103 3423 3160 in
3467 3105 3591 3160 viro

1977 3189 2290 3264 alienigena
2320 3199 2582 3250 ostensus
2626 3201 2712 3250 est
2755 3193 2853 3265 qui
2896 3194 3160 3252 Israelem
3203 3211 3236 3251 a
3267 3196 3588 3267 captivitate

287 3261 372 3344 καὶ
395 3261 454 3343 ἐν
476 3261 698 3361 εἰδήσει
729 3261 842 3345 τῶν
1083 3290 1181 3361 τῆς
1216 3261 1354 3355 ιδίας
1382 3261 1659 3364 ύττεροχῆς
1684 3289 1876 3344 ἐσκια-

1983 3261 2258 3350 liberavit,
2287 3291 2346 3341 et
2371 3293 2620 3342 sanctam
2642 3261 2928 3342 civitatem
2948 3285 3223 3353 fundavit,
3255 3297 3314 3344 et
3334 3261 3588 3359 inexpu-

287 3379 472 3450 γράφει
511 3381 576 3437 τὸ
622 3380 884 3454 μέγεθοςο
917 3381 1008 3436 ὅτε
1054 3382 1154 3436 καὶ
1193 3380 1270 3447 ὡς
1317 3382 1378 3437 ἐν
1423 3381 1584 3454 ἀνδρὶ
1631 3380 1882 3453 πέφηνεν

189 3473 194 3477 ’
286 3471 564 3543 ἀλλογενεζ
596 3474 700 3530 καὶ
730 3474 1113 3547 αἰχμαλωσίας
1148 3475 1353 3532 άνιέντι
1385 3475 1479 3531 τὸν
1515 3474 1751 3548 Ἰσραήλ,
1781 3473 1880 3531 καὶ

286 3565 376 3637 τὴν
407 3567 564 3636 ἁγίαν
615 3567 719 3629 καὶ
756 3566 912 3640 ἱερὰν
958 3567 1300 3643 θεμελιοῦντι
1342 3567 1523 3638 πόλιν,
1555 3567 1656 3624 καὶ
1700 3567 1880 3641 ἔχοντι

287 3659 480 3732 ἄμαχον
505 3663 612 3735 τὴν
643 3662 791 3723 κατὰ
824 3662 1045 3720 πάντων
1083 3663 1263 3735 ἰσχύν.
1293 3664 1606 3736 Ποιήσομαι
1633 3660 1694 3718 δέ
1727 3659 1882 3734 σαφῆ

287 3751 374 3826 τήν
395 3755 697 3828 ἀφήγησιν,
731 3754 1150 3829 βραχυλογήσας
1175 3756 1252 3819 ὡς
1273 3755 1376 3812 ἐνι.
1488 3761 1497 3773 ⁸

347 3850 406 3897 ε’.
459 3840 646 3902 *Ηκτο
681 3847 781 3918 μὲν
827 3847 1178 3920 αἰχμάλωτος
1218 3849 1254 3919 ή
1298 3846 1532 3904 Ἰουδαία
1575 3847 1708 3905 ποτέ
1725 3887 1743 3917 ,
1783 3847 1881 3903 καὶ

290 3939 514 4009 μακροὺς
555 3941 619 3994 ἐν
670 3939 958 3996 Βαϐυλῶνι
985 3939 1408 4012 ’κατετρύχοντο
1449 3940 1678 4014 χρόνους
1724 3941 1774 3996 οἰ
1818 3939 1880 4009 ἐξ

298 4030 514 4104 Ἰσραὴλ,
549 4033 773 4105 σκληρᾷ
805 4033 903 4091 καὶ
950 4032 1215 4108 βαρϐάρῳ
1255 4033 1472 4105 δουλείᾳ
1503 4033 1878 4106 κατηχθισμέ-

287 4141 376 4178 νοι.
416 4125 565 4179 Ἐπεὶ
594 4126 659 4180 δὲ
693 4127 724 4179 6
748 4125 1051 4197 Καμϐύσου
1095 4125 1283 4198 Κῦρος
1307 4126 1510 4196 Μήδων
1537 4143 1597 4180 τε
1631 4125 1750 4197 ἅμα
1785 4125 1880 4180 καὶ

288 4215 384 4286 μὴν
413 4218 505 4274 καὶ
545 4217 784 4290 Περσῶν
828 4217 1200 4293 ἐξηρτημένος
1241 4217 1303 4271 τὸ
1343 4216 1586 4289 κράτος,
1639 4218 1880 4290 πόλεμον

287 4304 485 4376 αἴρεται
510 4307 653 4379 πρὸς
691 4306 1017 4378 Ἀσσυρίους
1039 4307 1277 4380 ὁμόρους
1297 4307 1460 4373 ὄντας
1484 4308 1582 4364 καὶ
1602 4309 1877 4379 γείτονας,

285 4397 392 4451 τότε
411 4399 473 4473 δὴ
504 4401 633 4455 τότε
679 4400 973 4471 καὶιαύτὴν
1003 4401 1104 4472 τὴν
1133 4400 1436 4457 Βαϐυλῶνα
1479 4401 1625 4457 κατὰ
1673 4393 1877 4475 κράτος

287 4487 427 4556 ἐλὼν,
453 4492 627 4563 ἀνῆκε
657 4486 798 4556 τοὺς
821 4491 1111 4558 Ἰουδαίους
1140 4492 1241 4565 τὴν
1281 4493 1586 4568 Ἀσσυρίων
1613 4493 1878 4567 θρηνοῦν-

1977 3376 2186 3449 gnabili
2201 3377 2468 3435 adversus
2491 3393 2686 3436 omnes
2711 3379 2913 3438 robore
2941 3379 3210 3452 praeditus
3237 3389 3377 3438 erat.
3409 3379 3588 3436 Mani-

1976 3467 2175 3528 festam
2223 3480 2411 3533 autem
2459 3477 2518 3528 et
2549 3472 3003 3546 compendiosum
3026 3513 3044 3541 ,
3091 3473 3277 3547 quoad
3309 3474 3434 3549 ejus
3465 3472 3589 3531 ﬁeri

1976 3562 2206 3636 poterit,
2235 3562 2306 3626 de
2323 3579 2393 3624 eo
2411 3565 2790 3627 narrationem
2810 3566 3124 3627 instituam.

2049 3841 2106 3900 5.
2145 3840 2340 3900 Iudaea
2363 3841 2593 3916 quidem
2627 3842 2762 3900 olim
2804 3844 3024 3917 captiva
3057 3843 3224 3902 ducta
3251 3843 3378 3912 fuit,
3411 3854 3469 3902 et
3504 3845 3587 3902 ls-

1979 3935 2190 3993 raelita:
2213 3936 2380 4009 longo
2420 3936 2722 3994 admodum
2771 3945 3024 4010 tempore
3062 3936 3204 3993 dura
3238 3937 3586 4008 barbaraque

1979 4027 2249 4085 servitute
2276 4027 2336 4084 in
2374 4027 2656 4102 Babylone
2693 4029 2946 4102 oppressi
2992 4029 3243 4086 fuerunt.
3275 4018 3584 4100 Postquam

1977 4135 2116 4178 vero
2156 4119 2356 4194 Cyrus,
2405 4120 2696 4196 Cambysis
2748 4122 2920 4189 filius,
2973 4121 3260 4180 Medorum
3313 4122 3479 4179 simul
3528 4130 3587 4178 et

1977 4213 2276 4270 Persarum
2309 4214 2488 4284 copiis
2519 4215 2851 4287 conjunctis,
2883 4215 3094 4271 bellum
3139 4214 3382 4288 Assyriis
3410 4213 3586 4270 ﬁniti-

1978 4305 2087 4362 mis
2113 4320 2181 4361 ac
2223 4305 2426 4368 vicinis
2455 4306 2668 4372 intulit,
2705 4315 2841 4362 tunc
2881 4306 3108 4363 demum
3127 4295 3425 4378 'Babylone
3465 4305 3585 4375 ipsa

1979 4394 2036 4450 vi
2069 4401 2251 4465 capta,
2274 4394 2534 4450 liberavit
2573 4394 2794 4451 Judteos
2833 4395 3188 4468 Assyriorum
3228 4393 3582 4467 tyrannidem

1979 4486 2370 4552 lamentantes,
2400 4501 2584 4559 neque
2632 4488 2843 4560 absque
2884 4487 3147 4561 lacrymis
3191 4496 3576 4554 accurrentes,

287 4598 373 4647 τας
424 4583 768 4650 πλεονεξίαν,
824 4583 923 4639 καὶ
981 4585 1084 4639 οὐκ
1140 4585 1406 4658 ἀδακρυτὶ
1461 4585 1833 4659 προσθέοντας
1859 4602 1875 4618 ο

1983 4577 2432 4651 aﬂirmantesque
2465 4579 2793 4649 praedictum
2835 4595 2960 4636 esse
3007 4596 3040 4636 a
3073 4580 3188 4636 Deo
3234 4593 3338 4653 per
3384 4594 3582 4636 vocem

287 4674 789 4750 διαϐεϐαιουμένους
822 4695 884 4732 τε
927 4677 1013 4732 ὅτι
1051 4678 1148 4732 καὶ
1193 4678 1491 4751 προείρητο
1537 4679 1691 4751 παρὰ
1736 4678 1876 4734 Θεοῦ

1983 4678 2326 4740 sanctorum,
2350 4671 2501 4743 quod
2525 4681 2797 4730 venturus
2829 4682 2979 4730 esset
3018 4681 3352 4746 Opportune,
3394 4681 3455 4730 et
3485 4673 3585 4729 ad-

287 4764 365 4820 διὰ
405 4755 586 4841 φωνῆς
626 4769 824 4840 ἁγίων,
863 4769 945 4823 ὅτι
989 4769 1088 4823 καὶ
1123 4767 1245 4841 ἥξει
1291 4767 1437 4824 κατὰ
1476 4770 1739 4841 καιροὺς,
1777 4770 1876 4826 καὶ

290 4861 555 4929 πριέσται
599 4861 714 4917 τῶν
758 4860 1199 4933 ἀνθεστηκότων,
1244 4861 1341 4916 καὶ
1371 4861 1534 4925 αὐτὸς
1565 4861 1756 4933 ἀνήσει
1787 4861 1879 4916 δε-

291 4951 428 5020 σμῶν
463 4954 591 5019 τοὺς
640 4953 1045 5025 ἠδικημένουςο
1106 4954 1199 5008 καὶ
1242 4954 1324 5008 ὅτι
1371 4953 1464 5008 τὸν
1507 4949 1654 5010 οἷκον
1694 4954 1882 5026 ἐγερεῖ

291 5043 436 5098 πάλιν
463 5047 629 5111 αὐτὸς
654 5047 748 5101 τὸν
776 5049 836 5101 ἐν
873 5046 1288 5119 Ἰεροσολύμοις,
1306 5047 1366 5101 ὃν
1399 5045 1675 5119 Ἀσσύριοι
1703 5064 1876 5105 κατα-

291 5138 633 5210 πιμπρῶντες
657 5182 675 5208 ,
720 5140 1053 5195 ἐδυσσέϐουν
1079 5142 1160 5205 εἰς
1192 5140 1347 5196 Θεόν.
1379 5139 1492 5193 Καὶ
1513 5139 1877 5210 ψευδοεποῦν-

292 5243 378 5292 τας
413 5232 470 5286 ἐν
499 5231 713 5296 τούτοις
751 5233 879 5296 τοὺς
909 5233 968 5300 ἐξ
1013 5231 1229 5304 Ἰσραὴλ
1264 5233 1365 5304 οὐχ
1399 5233 1730 5305 εὑρήσομεν,
1775 5231 1879 5297 τὰς

293 5319 389 5375 τῶν
426 5323 600 5392 ἁγίων
645 5322 948 5395 προφητῶν
1001 5322 1592 5396 πδλυπραγμονοῦντες
1635 5323 1878 5396 γραφάς.

297 5410 429 5484 Ἔφη
453 5415 510 5472 δέ
543 5415 688 5472 οὕτω
713 5416 848 5480 Θεὸς
879 5416 968 5470 διὰ
990 5417 1178 5488 φωνῆς
1213 5416 1458 5470 Ἡσαΐου·
1493 5435 1512 5468 ι
1551 5415 1710 5470 Οὕτω
1727 5417 1878 5487 λέγει

297 5503 482 5576 Κύριος
513 5510 541 5561 6
573 5507 940 5582 λυτρούμενός
977 5526 1037 5562 σε
1057 5547 1072 5573 ,
1100 5508 1196 5562 καὶ
1227 5509 1256 5562 6
1295 5507 1553 5563 πλάσσων
1578 5527 1637 5562 σε
1662 5511 1725 5563 ἐκ
1759 5527 1878 5564 κοι-

296 5591 419 5660 λίας·
463 5597 605 5668 Ἐγὼ
645 5601 854 5673 Κύριος
879 5602 906 5654 6
942 5599 1212 5657 συντελῶν
1256 5599 1461 5665 ταῦτα,
1504 5598 1748 5666 ἐξέτεινα
1786 5601 1876 5658 τὸν

299 5683 508 5759 οὐρανὸν
547 5691 740 5760 μόνος,
788 5693 884 5751 καὶ
930 5690 1243 5763 ἐστερέωσα
1281 5690 1380 5763 τὴν
1415 5691 1537 5764 γῆν.
1569 5691 1664 5756 Τίς
1688 5692 1876 5766 ἕτερος

366 5869 410 5904 ⁷⁸
447 5871 630 5938 lPelr.
671 5895 750 5948 ιιι,
786 5878 869 5936 l8.
949 5880 995 5914 ⁷⁵
1039 5882 1211 5940 Exod.
1254 5899 1325 5954 tv,
1357 5882 1440 5939 l0.
1523 5883 1570 5918 7'
1603 5883 1734 5941 ibid.
1789 5883 1872 5940 l5.

1977 4766 2258 4824 versarios
2299 4765 2704 4833 debellaturus,
2735 4775 2904 4839 atque
2933 4766 3052 4838 ipse
3087 4767 3360 4824 liberaret
3392 4781 3424 4823 e
3457 4767 3584 4822 vin-

1978 4862 2119 4918 culis
2139 4874 2453 4932 oppressos,
2478 4859 2736 4931 quodque
2755 4875 2981 4916 rursum
2999 4860 3299 4917 aedificaret
3318 4861 3582 4930 templum

1979 4955 2040 5010 in
2088 4952 2512 5024 Hierosolymis,
2559 4953 2711 5024 quod
2765 4953 3012 5027 Assyrii,
3068 4954 3240 5026 impie
3287 4954 3346 5010 in
3407 4951 3584 5010 Deum

1983 5055 2229 5120 agentes,
2252 5046 2638 5104 incenderant.
2661 5047 2841 5102 Porro
2873 5047 3022 5118 quod
3046 5062 3395 5117 nequaquam
3423 5063 3583 5102 men-

1983 5139 2072 5195 titi
2102 5139 2215 5194 sint
2248 5137 2356 5194 hac
2380 5137 2438 5192 in
2471 5153 2532 5193 re
2553 5137 2836 5204 lsraelitae,
2859 5137 3019 5194 facile
3043 5137 3208 5194 nobis
3242 5138 3580 5204 constiterit,

1983 5231 2030 5288 si
2055 5239 2377 5288 sanctorum
2403 5230 2803 5304 prophetarum
2838 5231 3048 5302 scripta
3085 5231 3453 5302 inquiramus.
3491 5232 3585 5287 Ait

1984 5323 2137 5380 enim
2182 5323 2258 5378 ita
2300 5322 2450 5378 Deus
2479 5336 2580 5392 per
2609 5336 2804 5377 vocem
2843 5319 2998 5378 lsaiae
3031 5340 3045 5376 :
3083 5341 3102 5376 ι
3142 5321 3271 5379 Haec
3307 5323 3444 5380 dicit
3471 5323 3582 5379 Do-

1985 5416 2174 5472 minus
2207 5414 2490 5470 redimens
2531 5420 2606 5481 te,
2645 5422 2704 5470 et
2744 5412 2992 5472 formans
3027 5423 3080 5472 te
3121 5432 3191 5472 ex
3229 5425 3389 5472 utero
3419 5434 3432 5469 :
3466 5415 3583 5485 Ego

1983 5510 2255 5566 Dominus
2297 5509 2581 5580 complens
2624 5509 2762 5576 hinc,
2799 5511 3024 5567 extendi
3065 5512 3266 5568 coelum
3309 5511 3480 5573 solus,
3521 5516 3583 5566 et

1985 5599 2202 5657 ﬁrmavi
2247 5608 2474 5656 terram.
2515 5599 2652 5668 Quis
2680 5600 2823 5656 alius
2854 5602 3148 5674 dissipabit
3182 5601 3337 5673 signa
3372 5601 3580 5670 Pytho-

1985 5710 2139 5762 num,
2161 5704 2220 5751 et
2248 5693 2626 5753 divinationes
2660 5696 2728 5753 de
2748 5696 2955 5752 corde?
2975 5701 3305 5752 convertens
3331 5690 3578 5766 pruden-

1933 5884 2000 5960 .⁷⁷
2025 5883 2168 5942 Ibid.
2197 5883 2372 5946 M-lG-
2455 5882 2501 5918 ⁷⁸
2533 5883 2676 5943 Psal.
2707 5899 2887 5952 xum,
2921 5883 2976 5941 l.
