4092 6464
318 425 381 480 95
1324 408 1847 470 GLAPHYRORUM
1887 409 1916 464 ll

2017 409 2293 467 BENESIM
2324 410 2453 468 ΜΒ.
2496 410 2558 466 ll.
3388 414 3392 422 ’
3525 409 3596 472 94

317 547 480 603 φους,
529 529 830 602 ἀοράτους,
880 531 974 583 καὶ
1021 529 1240 600 μακρᾶς
1292 527 1464 591 ἀνῆκε
1518 525 1762 588 δουλείας
1813 524 1904 578 τὸν

2017 525 2353 592 tenebrosos,
2402 523 2776 591 absconditos,
2831 523 3160 592 invisibiles,
3213 532 3273 582 et
3329 523 3595 582 diuturna

329 621 555 696 Ἰσραήλ.
597 620 963 676 Βεϐασίλευκε
997 622 1054 674 δὲ
1088 621 1186 692 τῆς
1233 621 1323 674 ὑπ’
1355 617 1585 690 οὐρανὸν
1619 619 1648 670 6
1690 618 1905 688 Ἑμμαο

317 715 489 786 νουὴλ.
517 715 608 768 καὶ
634 714 707 777 ῶς
735 715 845 769 τῶν
867 715 1003 769 ὅλων
1032 714 1260 785 Σωτῆρα
1310 713 1405 766 καί
1432 710 1728 782 Λυτρωτὴν
1755 711 1905 765 πᾶσα

319 810 408 882 μὲν
437 809 597 862 αὐτὸν
629 809 938 880 εἰσδέχεται
973 809 1146 870 πόλις·
1181 808 1389 862 ἀνεῖται
1434 805 1491 858 δὲ
1521 805 1623 876 ἤδη
1661 802 1904 866 δουλείας

316 901 399 954 καὶ
437 900 751 966 πλεονεξίας
779 900 1094 970 διαϐολικῆς
1128 901 1237 954 πᾶν
1270 899 1394 952 ὅσον
1427 895 1778 958 ὲκϐεϐίαστο,
1810 895 1905 948 καὶ

316 990 400 1043 ὑπ’
426 988 574 1060 αὐτῷ
605 990 870 1062 πράττειν
915 991 1234 1059 ἠνάγκαστο
1261 988 1438 1059 γένος.
1477 987 1904 1056 Καταφοιτήσας

312 1080 362 1134 δὲ
387 1080 477 1132 καὶ
505 1082 587 1145 εἰς
616 1080 742 1152 ᾅδου
774 1080 1053 1134 κεκένωκε
1077 1078 1390 1150 θησαυροὺς
1418 1079 1750 1142 σκοτεινοὺς,
1778 1079 1905 1131 ἀπο·

313 1174 564 1247 κρύφους,
604 1175 896 1245 ἀοράτους.
927 1193 946 1224 ‹
989 1174 1173 1244 Θύρας
1217 1171 1426 1244 χαλκᾶς
1459 1169 1747 1242 συνέτριψε
1769 1212 1783 1236 ,
1809 1171 1902 1224 καὶ

316 1269 537 1339 μοχλοὺς
568 1267 823 1339 σιδηροῦς
865 1267 1216 1321 συνέθλασεν.
1263 1265 1410 1335 Ἔφη
1438 1263 1548 1335 γὰρ
1581 1266 1693 1326 τοῖς
1731 1264 1788 1316 έν
1813 1263 1902 1316 δε-

315 1363 490 1430 σμοῖς·
529 1358 811 1426 Ἐξέλθετε
836 1376 849 1389 ·
888 1359 984 1413 καὶ
1011 1363 1122 1422 τοῖς
1157 1359 1214 1413 ἐν
1249 1358 1328 1428 τῷ
1360 1357 1566 1421 σκότει,
1599 1353 1902 1412 Ἀνακαλύ-

313 1452 836 1524 ςθητε.ιτοιγάρτοι
868 1454 966 1507 καὶ
998 1451 1167 1506 πάλαι
1198 1451 1338 1522 πρὸς
1368 1449 1486 1502 Ἰὼϐ
1514 1449 1623 1520 ἔφη
1658 1449 1750 1502 τὸν
1771 1448 1903 1520 τλη-

313 1545 639 1597 καθέστατον
685 1546 780 1598 καὶ
824 1544 1271 1614 ἀκαταγώνιστον
1314 1541 1576 1612 ἀθλητήν·
1633 1561 1651 1593 ‹
1698 1536 1903 1604 ’Ἦλθες

311 1633 394 1686 ἐπὶ
435 1633 622 1704 πηγήν
656 1633 936 1706 θαλάσσης
961 1673 976 1698 ,
1012 1637 1070 1687 ὲν
1114 1635 1170 1688 δὲ
1209 1635 1413 1704 ἴχνεσιν
1455 1632 1696 1686 ἀϐύσσου
1747 1648 1904 1703 περι-

313 1721 605 1791 επάτησας.
655 1723 992 1792 Ἀνοίγονται
1036 1723 1094 1778 δέ
1141 1743 1222 1778 σοι
1255 1726 1405 1796 φόϐῳ
1435 1723 1604 1778 πύλαι
1644 1721 1900 1788 Θανάτου,

312 1812 538 1882 πυλωροὶ
570 1814 630 1868 δὲ
656 1813 784 1885 ᾅδου
825 1815 1028 1880 ἰδόντες
1061 1833 1120 1869 σε
1167 1815 1466 1888 ἔπτηξαν.)
1488 1813 1901 1886 Ἀναγνώσομεν

311 1899 407 1971 γὰρ
430 1879 502 1964 ώς
530 1903 590 1954 έν
618 1879 894 1975 ἐρωτήσει
921 1904 1098 1958 ταυτί·
1133 1879 1588 1969 καταδεικνύντος
1616 1879 1710 1958 τοῦ
1739 1879 1901 1974 λύκου
1935 1879 1978 1936 Β

307 1994 367 2045 τὰ
389 1992 474 2046 διὰ
492 1994 738 2064 Χριστοῦ
769 1997 1196 2068 κατορθώματα,
1257 1998 1352 2051 καὶ
1375 2000 1432 2052 ὲν
1465 1999 1651 2061 αὐτοῖς
1687 2013 1904 2068 πεπρα-

309 2085 470 2156 γμένα
514 2090 636 2151 τοῖς
662 2087 756 2141 τοῦ
798 2087 926 2166 ᾁδου
960 2093 1170 2161 μυχοῖς.
1213 2091 1307 2155 Εἰς
1340 2090 1501 2146 τοῦτο
1531 2089 1640 2161 γὰρ
1668 2089 1904 2163 Χριστὸς

307 2178 528 2234 ἀπέθανε
556 2181 658 2233 καὶ
688 2180 906 2252 ἔζησεν,
943 2182 1030 2236 ἵνα
1058 2183 1153 2236 καὶ
1191 2183 1407 2256 νεκρῶν
1437 2184 1532 2237 καὶ
1563 2182 1781 2249 ζώντων
1808 2200 1907 2236 κυσ

309 2270 508 2347 ριεύσῃ.
537 2273 657 2326 Καὶ
683 2273 871 2346 Κῦρος
904 2273 1006 2345 μὲν
1046 2275 1215 2330 πάλαι
1246 2277 1505 2347 χρήματα
1534 2276 1658 2340 δοὺς
1680 2319 1694 2343 ,
1723 2275 1815 2330 τὸν
1847 2276 1906 2330 ὲν

315 2360 707 2434 Ἱεροσολύμοις
737 2365 1108 2438 προστέταχεν
1135 2367 1534 2439 ἀναδείμασθαι
1557 2369 1706 2423 ναόν.
1737 2366 1905 2421 Τεθε-

311 2449 531 2520 μελίωκε
558 2451 624 2504 δὲ
652 2451 750 2524 τὴν
789 2452 1118 2524 Ἐκκλησίαν
1142 2457 1244 2527 τὴν
1277 2455 1440 2525 ἁγίαν
1466 2451 1636 2521 ὄντως
1667 2456 1763 2510 καὶ
1791 2456 1908 2510 διασ

307 2540 485 2610 ϐόητον
508 2541 696 2608 πόλιν,
724 2544 753 2596 6
792 2543 1165 2616 Ἐμμανουήλ,
1200 2540 1293 2600 οἷά
1317 2562 1440 2600 τινα
1469 2545 1774 2602 Βαϐυλῶνα
1807 2563 1909 2600 κα-

307 2635 550 2699 τασείσας
584 2636 826 2689 εἰσάπαν
857 2637 958 2709 τὴν
997 2636 1237 2703 ἀλαζόνα
1280 2640 1374 2694 καὶ
1401 2637 1724 2714 ὑϐρίστριαν
1753 2639 1911 2694 εἰδω-

303 2724 610 2801 λολατρίαν.
646 2729 757 2782 Καὶ
787 2729 918 2802 περί
951 2729 1049 2800 μὲν
1092 2731 1282 2804 Κύρου
1312 2730 1468 2796 Θεὸς,
1493 2732 1577 2790 ὅτι
1618 2733 1809 2787 Πάντα
1835 2733 1906 2788 τά

305 2815 580 2889 θελήματά
619 2835 726 2888 μου
759 2821 1014 2891 ποιήσει,
1050 2821 1206 2894 φησί.
1237 2822 1687 2896 Προσπεφώνηκε
1714 2823 1773 2878 δέ
1805 2841 1908 2878 που

305 2909 389 2960 καὶ
417 2913 527 2973 τοῖς
568 2909 848 2964 Ἰουδαίων
875 2911 1026 2977 λαοῖς
1055 2911 1430 2979 ἐξουθενοῦσιν
1451 2915 1614 2970 αὑτὸν
1637 2916 1666 2968 6
1690 2910 1910 2973 πάντων

307 2999 452 3072 Ιήμῶν
468 3002 695 3074 Σωτήρ·
721 3021 741 3054 ‹
782 3002 976 3075 Ὑμεῖς
993 3005 1135 3060 κατά
1159 3007 1261 3078 τὴν
1286 3005 1466 3078 σάρκα
1491 3005 1728 3078 κρίνετε.
1751 3025 1770 3060 ι
1800 3008 1911 3062 Καὶ

305 3092 526 3166 ἑτέρωθί
554 3112 691 3161 που,
739 3114 758 3148 ι
797 3097 911 3150 Καὶ
942 3097 1039 3154 ὲάν
1073 3097 1248 3170 κρίνω
1285 3097 1417 3168 ἐγὼ,
1448 3101 1482 3172 ὴ
1511 3099 1692 3172 κρίσις
1733 3101 1766 3172 ἡ
1801 3100 1910 3172 ὲμὴ

2007 618 2274 672 servitute
2301 616 2558 672 lsraelem
2581 617 2808 671 exemit.
2835 617 3218 690 Regnavitque
3245 632 3347 688 per
3376 616 3594 672 univero

2007 725 2123 764 sam
2173 717 2378 765 terram
2412 709 2760 775 Emmanuel,
2791 719 2851 765 et
2885 719 3146 781 tanquam
3182 709 3433 766 omnium
3474 707 3594 763 Salo

2005 809 2252 856 valerem
2283 817 2350 857 ac
2373 801 2801 870 Redemptorem
2831 807 2944 856 tota
2973 785 3198 872 quidem
3239 800 3436 856 civitas
3467 814 3596 854 eum

2004 891 2271 963 suscepit,
2294 899 2350 947 et
2380 901 2555 947 totum
2589 908 2765 964 genus
2793 893 3095 948 humanum
3123 891 3237 962 jam
3267 906 3298 945 a
3327 890 3597 945 servitute

2003 999 2068 1038 ac
2101 984 2390 1056 tyrannide
2416 983 2689 1040 diabolica
2711 984 3008 1042 liberatum
3029 993 3134 1048 est,
3167 977 3382 1053 ipsique
3410 972 3600 1036 subdi—

2007 1084 2124 1131 tum
2155 1094 2166 1128 :
2198 1074 2541 1131 descendens
2571 1083 2757 1130 autem
2799 1075 2857 1130 in
2896 1075 3174 1131 infernum
3215 1074 3445 1130 abstulit
3472 1073 3597 1127 the-

2005 1184 2200 1227 savuros
2233 1169 2575 1235 tenebrosae,
2603 1168 2980 1234 absconditos,
3015 1167 3343 1223 invisibiles.
3369 1185 3388 1218 ι
3406 1166 3600 1221 Portas

2005 1279 2188 1320 aeneas
2227 1263 2513 1328 contrivit,
2554 1271 2611 1318 et
2651 1270 2841 1318 vectes
2878 1262 3091 1318 ferreos
3127 1261 3399 1332 confregit
3422 1259 3490 1326 ⁸¹;
3532 1260 3601 1314 iis

2005 1358 2102 1429 qui
2151 1358 2207 1412 in
2247 1357 2490 1413 vinculis
2530 1363 2713 1421 erant,
2747 1355 2978 1411 dicens:
3011 1355 3192 1420 Exite,
3223 1362 3282 1408 et
3315 1353 3385 1408 iis
3411 1353 3506 1422 qui
3543 1352 3598 1406 in

2007 1449 2252 1505 tenebris
2269 1449 2636 1505 versabantur
2663 1467 2676 1504 :
2703 1447 3047 1504 Revelamini
3069 1445 3138 1502 ⁸³.
3159 1467 3178 1499 ι
3200 1445 3415 1502 Idcirco
3434 1445 3599 1500 etiam

2005 1541 2137 1595 olim
2187 1540 2256 1596 ad
2297 1541 2762 1611 patientissimum
2805 1547 2973 1610 atque
3028 1539 3297 1594 invictum
3338 1537 3601 1592 athletam

2003 1631 2107 1688 Job
2140 1631 2216 1687 ita
2241 1631 2322 1686 ait
2353 1649 2366 1686 ι
2408 1651 2426 1683 ι
2451 1632 2667 1687 Venisti
2701 1630 2771 1687 ad
2801 1630 3011 1686 fontem
3037 1631 3230 1695 maris,
3268 1627 3327 1682 in
3356 1628 3602 1699 vestigiis

2005 1731 2191 1778 autem
2217 1722 2398 1794 abyssi
2422 1723 2754 1791 ambulasti;
2783 1731 3100 1795 apertaque
3123 1721 3223 1777 tibi
3251 1729 3383 1777 sunt
3405 1721 3604 1776 timore

2005 1823 2180 1884 portae
2219 1816 2439 1882 mortis,
2476 1815 2752 1887 janitores
2784 1825 2972 1872 autem
3007 1814 3214 1870 inferni
3256 1813 3512 1870 videntes
3549 1821 3603 1867 te

2004 1915 2347 1975 expaverunt
2379 1904 2451 1959 ⁸³.
2481 1925 2501 1958 ›
2533 1905 2808 1980 Legemus
2840 1908 2990 1964 enim
3025 1905 3195 1962 veluti
3225 1921 3328 1977 per
3360 1905 3603 1960 interro.

2005 1997 2282 2067 gationem
2308 1997 2446 2064 haec,
2479 1997 2898 2054 demonstrante
2940 1996 3208 2052 nimirum
3243 2010 3500 2051 sermone
3527 2009 3604 2050 .ea

2005 2101 2128 2157 quae
2149 2103 2251 2158 per
2270 2087 2552 2144 Christum
2578 2089 2635 2144 in
2666 2089 2801 2162 ipsis
2826 2088 3029 2145 inferni
3062 2086 3444 2160 penetralibus
3466 2101 3607 2156 prae-

2006 2177 2156 2234 clare
2190 2186 2340 2250 gesta
2369 2185 2519 2234 sunt.
2560 2179 2692 2235 Ideo
2731 2180 2881 2236 enim
2914 2178 3173 2235 Christus
3211 2185 3467 2232 mortuus
3496 2182 3602 2240 est,

2007 2279 2064 2327 et
2087 2270 2243 2337 vixit,
2269 2278 2333 2326 ut
2361 2280 2418 2326 et
2446 2280 2796 2328 mortuorum
2821 2279 2878 2328 et
2912 2271 3220 2327 viventium
3265 2269 3603 2325 dominetur.

2007 2363 2078 2420 Et
2103 2362 2278 2436 Cyrus
2306 2364 2532 2434 quidem
2560 2365 2694 2420 olim
2723 2364 2867 2419 datis
2895 2364 3150 2436 pecuniis
3178 2362 3447 2434 templum
3472 2361 3606 2416 Hie-

2009 2453 2302 2526 rosolymis
2334 2454 2658 2511 remdiﬁcari
2686 2455 2872 2527 jussit.
2901 2454 3175 2512 Fundavit
3203 2463 3390 2510 autem
3413 2453 3606 2509 Eccle-

2009 2545 2169 2613 siam,
2222 2554 2473 2602 sanetam
2519 2563 2714 2604 revera
2766 2557 2824 2604 et
2872 2547 3292 2624 celeberrimam
3327 2546 3608 2601 civitatem

2008 2635 2360 2704 Emmanuel,
2402 2645 2664 2710 tanquam
2700 2639 2982 2711 Babylona
3015 2638 3311 2710 quamdam
3352 2645 3611 2696 evertens

2011 2729 2312 2800 superbam
2356 2739 2414 2786 et
2461 2731 2919 2786 contumeliosam
2965 2729 3359 2786 idololatriam.
3412 2727 3494 2784 Ac
3539 2727 3612 2784 de

2009 2817 2154 2892 Cyro
2171 2819 2394 2890 quidem
2419 2821 2586 2887 Deus,
2603 2821 2751 2892 quod
2773 2820 2970 2876 Omnia
2992 2837 3114 2890 qua:
3127 2820 3397 2874 voluerim
3421 2819 3608 2886 faciet,

2013 2910 2172 2967 dixit.
2192 2911 2450 2968 Omnium
2474 2928 2605 2968 vero
2630 2921 2885 2968 nostrum
2916 2911 3165 2968 Salvator
3195 2910 3262 2966 ad
3293 2911 3612 2966 Judaaorum

2013 3005 2250 3076 populos
2277 3005 2459 3077 ipsum
2483 3005 2644 3060 nihili
2667 3006 2994 3076 pendentes,
3034 3005 3111 3059 ita
3148 3004 3282 3060 alibi
3313 3003 3424 3058 ait;
3460 3023 3478 3054 ι
3505 3004 3616 3059 Vos

2016 3099 2324 3153 secundum
2353 3114 2574 3154 carnem
2601 3098 2867 3170 judicatis
2891 3096 2960 3151 ⁸⁸.
2993 3117 3011 3150 ›
3043 3098 3111 3154 Et
3130 3112 3354 3152 rursum
3383 3115 3397 3153 :
3425 3116 3442 3148 ι
3470 3097 3537 3154 Et
3565 3097 3613 3153 si

307 3184 522 3259 ἀληθινή
561 3189 721 3242 ἑστιν
741 3204 756 3220 ·
792 3188 877 3243 δτι
902 3190 962 3243 ού
991 3189 1140 3262 ζητῶ
1163 3190 1226 3246 τὸ
1261 3191 1476 3265 θέλημα
1505 3192 1567 3246 τὸ
1591 3192 1746 3264 ἐμὸν,
1776 3192 1914 3248 ἀλλά

2017 3192 2205 3266 judico
2241 3207 2364 3266 ego,
2405 3193 2679 3265 judicium
2707 3208 2898 3248 meum
2929 3192 3142 3264 justum
3178 3200 3297 3258 est;
3328 3191 3458 3262 quia
3502 3205 3615 3246 non

303 3277 364 3332 τὸ
382 3277 505 3351 Θὲλη
515 3298 596 3350 μα
617 3280 716 3334 τοῦ
741 3281 1060 3354 πέμψαντός
1083 3301 1151 3356 με
1169 3285 1409 3357 Πατρός.
1441 3303 1460 3338 ι
1492 3287 1604 3341 Καὶ
1622 3286 1792 3359 Κύρῳ
1817 3286 1915 3358 μὲν

2018 3301 2208 3359 quaero
2237 3288 2578 3343 voluntatem
2621 3302 2823 3349 meam,
2867 3286 2964 3342 sed
2995 3286 3337 3342 voluntatem
3368 3286 3490 3356 ejus
3520 3285 3616 3356 qui

303 3369 403 3443 {tm
432 3371 587 3437 Θεόςο
628 3391 653 3424 ι
700 3373 978 3429 Ἐκαλεσά
1006 3393 1066 3430 σε
1092 3376 1172 3449 τῷ
1199 3377 1429 3450 ὀνόματί
1476 3396 1601 3452 μου.
1639 3397 1659 3430 ι
1709 3379 1916 3452 Κύριος

2017 3380 2171 3435 misit
2207 3396 2297 3437 me
2325 3381 2506 3438 Patris
2535 3378 2604 3435 ⁸³.
2639 3400 2657 3432 ›
2698 3379 2777 3436 Ae
2808 3379 2951 3452 Cyro
2985 3379 3212 3450 quidem
3248 3379 3384 3434 dixit
3424 3379 3570 3433 Deus
3599 3396 3614 3434 :

305 3463 361 3517 δὲ
387 3464 606 3536 ἀληθῶς
637 3467 666 3520 6
712 3466 1089 3541 Ἐμμανουὴλ,
1123 3472 1173 3524 εἰ
1206 3470 1302 3524 καὶ
1333 3470 1576 3544 πέφηνεν
1605 3471 1915 3544 ἄνθρωπος.

311 3553 427 3610 Ὅτι
453 3556 512 3612 δὲ
541 3560 634 3622 είς
671 3556 844 3613 τύπον
895 3559 1137 3631 Χριστοῦ
1172 3559 1275 3634 τῆς
1316 3560 1478 3632 δόξης
1509 3561 1579 3616 τά
1618 3563 1712 3616 ἐπὶ
1749 3562 1920 3636 Κύρῳ

307 3647 539 3704 τέθειται
559 3691 575 3716 ,
610 3650 1032 3724 πληροφορήσει
1060 3652 1251 3723 σαφῶς
1279 3651 1348 3708 τὰ
1377 3652 1505 3727 ἑξῆς
1533 3654 1800 3728 εἰρημένα
1831 3651 1922 3709 διὰ

306 3739 404 3810 τῆς
429 3739 526 3794 τοῦ
570 3744 863 3812 προφήτου
900 3745 1107 3815 φωνῆς’
1141 3763 1162 3798 ι
1221 3743 1369 3814 Ἐγὼ
1405 3745 1640 3819 ἐποίησα
1683 3747 1787 3819 γῆν
1823 3743 1920 3802 καὶ

311 3833 596 3906 ῑνθρωπον
629 3834 720 3888 ἐπ’
750 3836 946 3906 αὐτῆς.
1004 3833 1148 3906 Ἐγὼ
1186 3839 1254 3911 τῇ
1289 3839 1435 3911 χειρί
1475 3857 1576 3912 μου
1612 3835 1922 3913 ἐστερέωσα

311 3923 398 3980 τὸν
415 3927 672 3998 οὐρανὸν,
695 3928 794 3981 καὶ
816 3929 950 3982 πᾶσι
973 3917 1088 3993 τοῖς
1108 3929 1336 4004 ἄστροις
1358 3931 1744 4004 ἀνετειλάμην.
1781 3931 1922 4002 Ἐγὼ

312 4017 504 4092 ῆγειρα
533 4021 706 4073 αὑτὸν
745 4019 889 4076 κατά
927 4021 1303 4095 δικαιοσύνην,
1360 4024 1455 4078 καὶ
1486 4025 1661 4079 πᾶσαι
1709 4025 1768 4079 αἱ
1812 4023 1925 4080 ὁδοὶ

315 4111 474 4171 αὑτοῦ
521 4113 760 4169 εὐθεῖαι.
819 4106 992 4179 Οὗτος
1045 4114 1399 4187 οἰκοδομήσει
1426 4115 1526 4189 τὴν
1573 4116 1732 4170 πόλιν
1778 4134 1920 4191 μου,

317 4202 403 4255 καὶ
452 4205 554 4276 τὴν
622 4205 1012 4276 αἰχμαλωσίαν
1072 4205 1169 4260 τοῦ
1217 4206 1351 4260 λαοῦ
1401 4223 1505 4279 μου
1565 4209 1923 4280 ἐπιστρέψει,

317 4292 373 4345 οὐ
429 4295 570 4364 μετά
629 4295 871 4367 λύτρων,
923 4296 1048 4350 οὐδὲ
1111 4297 1252 4368 μετά
1295 4295 1510 4369 δώρων,
1560 4292 1684 4352 εἶπε
1720 4298 1926 4372 Κύριος

318 4385 563 4445 Σαϐαὼθ.
625 4387 818 4452 Οὕτως
885 4388 1038 4459 λέγει
1091 4388 1331 4461 Κύριος·
1377 4389 1702 4445 Ἐκοπίασεν
1761 4391 1929 4461 Δίγυ-

317 4489 468 4544 πως,
511 4482 620 4534 καὶ
661 4480 925 4552 ἐμπορίαι
972 4480 1274 4548 Αἰθιόπων,
1311 4483 1408 4536 καὶ
1447 4483 1496 4537 οἰ
1550 4483 1796 4556 Σαϐαείμ
1829 4485 1927 4540 ἀν·-

2027 3492 2046 3526 ι
2067 3473 2274 3531 Yoeavi
2321 3482 2373 3530 te
2415 3474 2641 3530 nomine
2667 3489 2812 3530 meo.
2845 3493 2864 3526 ι
2899 3474 3169 3530 Dominus
3206 3481 3393 3530 autem
3424 3487 3620 3531 revera

2019 3573 2104 3625 est
2126 3565 2474 3630 Emmanuel,
2499 3566 2716 3623 tametsi
2740 3566 2996 3639 apparuit
3017 3566 3204 3622 homo.
3225 3565 3383 3633 Quod
3407 3581 3538 3620 vero
3560 3566 3620 3630 in

2021 3667 2212 3731 typum
2237 3657 2425 3730 gloriae
2447 3657 2674 3724 Christi,
2699 3674 2765 3716 ea
2795 3674 2916 3729 qua:
2944 3658 3012 3714 de
3041 3657 3184 3731 Cyro
3224 3657 3487 3714 dicuntur
3523 3672 3624 3728 po-

2022 3752 2131 3808 sita
2155 3751 2288 3817 sint,
2313 3767 2381 3807 ex
2407 3750 2480 3806 iis
2501 3766 2624 3822 quae
2655 3750 2918 3822 deinceps
2945 3767 2974 3805 a
2997 3751 3268 3823 propheta
3297 3757 3619 3818 narrantur,

2020 3843 2378 3902 manifestum
2413 3842 2527 3899 ﬁet.
2571 3862 2589 3894 ι
2611 3842 2726 3915 Ego
2751 3843 2856 3899 feci
2887 3852 3095 3900 terram
3126 3851 3183 3900 et
3203 3829 3492 3922 hominem
3523 3858 3622 3897 su~

2022 3951 2125 4010 per
2148 3951 2292 3993 eam.
2320 3935 2436 4008 Ego
2459 3951 2626 3990 manu
2650 3951 2770 3991 mea
2796 3935 3010 3991 firmavi
3037 3935 3263 4001 caelum,
3282 3943 3338 3989 et
3363 3934 3623 3990 omnibus

2024 4031 2202 4088 stellis
2235 4029 2514 4085 mandavi.
2546 4029 2662 4100 Ego
2685 4028 2948 4084 suscitavi
2976 4025 3104 4084 eum
3146 4044 3273 4084 cum
3305 4027 3540 4100 justitia,
3565 4034 3625 4084 et

2025 4139 2223 4182 omnes
2245 4122 2350 4180 viae
2400 4124 2522 4195 ejus
2575 4128 2760 4176 recta}.
2814 4119 2938 4192 Ipse
2989 4119 3288 4177 aedificabit
3340 4120 3623 4176 civitatem

2026 4233 2230 4285 meam,
2269 4223 2328 4273 et
2356 4215 2734 4289 captivitatem
2777 4214 2970 4294 populi
3003 4215 3144 4294 mei,
3173 4222 3478 4278 convertet,
3511 4228 3625 4269 non

2028 4326 2158 4366 eum
2197 4309 2402 4382 pretio,
2435 4323 2620 4379 neque
2652 4323 2779 4363 cum
2813 4306 3166 4371 muneribus,
3205 4305 3346 4360 dixit
3374 4305 3480 4375 55
3511 4305 3624 4362 Do-

2028 4405 2218 4459 minus
2269 4401 2534 4458 Sabaoth.
2590 4398 2720 4456 Haee
2771 4399 2909 4454 dicit
2955 4398 3222 4453 Dominus
3266 4415 3279 4453 :
3329 4397 3627 4459 Laboravit

2027 4495 2317 4571 Egyptus,
2347 4494 2648 4567 negotiatio
2670 4492 3016 4564 Ethiopum,
3067 4499 3126 4548 et
3155 4489 3357 4546 Sabain
3393 4489 3500 4545 viri
3527 4505 3627 4546 ex—

317 4569 440 4643 δρες
496 4575 705 4646 ὑψηλοὶ
749 4575 841 4628 ἐπὶ
893 4576 954 4630 σὲ
986 4575 1380 4648 διαϐήσονται,
1444 4578 1668 4632 καί’σοι
1711 4577 1916 4634 ἔσονται

2033 4569 2168 4650 celsi
2193 4589 2262 4649 ad
2293 4596 2346 4645 te
2376 4586 2715 4652 transibunt,
2743 4592 2800 4640 et
2827 4583 2928 4640 tibi
2947 4590 3116 4638 erunt
3133 4580 3277 4636 servi
3304 4599 3316 4634 :
3341 4588 3398 4635 et
3421 4587 3548 4651 post
3573 4588 3628 4634 te

319 4641 514 4733 δοῦλοι,
545 4641 668 4722 ’κᾲι
722 4667 899 4723 ὀπίσω
934 4685 1028 4726 σου
1079 4641 1508 4743 ἀκολουθήσουσι
1562 4670 1834 4743 δεδεμένοι
1869 4675 1916 4729 ἐι

2034 4691 2341 4757 sequentur
2381 4677 2557 4736 vincti
2601 4676 2858 4743 manicis,
2888 4682 2948 4731 et
2982 4673 3295 4730 adorabunt
3326 4681 3401 4737 te,
3435 4677 3490 4726 et
3527 4669 3632 4725 de-

327 4766 692 4837 χειροπέδαις,
717 4768 812 4820 καὶ
835 4765 1278 4841 προσκυνήσουσί
1313 4785 1416 4836 σοι,
1448 4768 1542 4823 καὶ
1563 4768 1621 4824 έν
1654 4770 1737 4822 σοὶ
1759 4786 1931 4841 προσ-

317 4856 590 4924 εὔξονται,
633 4861 716 4912 ὅτι
749 4861 806 4913 ὲν
841 4861 924 4912 eo".
956 4861 985 4913 6
1012 4859 1142 4925 Θεός
1179 4860 1346 4926 ἐστιν,
1396 4860 1492 4914 καὶ
1521 4861 1622 4915 οὐκ
1653 4860 1769 4914 ἔστι
1797 4859 1932 4924 Θεὸς

331 4950 461 5024 πλὴν
489 4950 608 5004 σοῦ.
648 4952 721 5005 Σὺ
771 4951 881 5026 γὰρ
916 4945 964 5005 εἰ
994 4951 1148 5016 Θεὸς,
1185 4953 1278 5006 καὶ
1307 4952 1406 5006 οὐκ
1451 4949 1696 5023 ᾔδειμεν,
1724 4953 1752 5006 6
1800 4949 1933 5016 Θεὸς

329 5041 418 5096 τοῦ
459 5043 682 5116 Ἰσραὴλ
703 5044 919 5116 Σωτήρ.
943 5045 1408 5116 Αἰσχυνοήσονται
1437 5045 1532 5098 καὶ
1559 5045 1929 5117 ἐντραπήσον-

332 5152 415 5189 ται
450 5137 658 5202 πάντες
689 5141 737 5191 οἰ
777 5139 1145 5214 ἀντικείμενοι
1170 5137 1341 5209 αὐτῷ,
1375 5139 1469 5194 καὶ
1489 5138 1848 5208 πορεύσονται
1874 5141 1932 5192 ὲν

336 5231 582 5302 αἰσχύνη.
631 5250 650 5283 ι
695 5232 754 5286 '0
784 5232 894 5303 γὰρ
931 5233 1165 5302 ποιήσας
1212 5233 1310 5304 τὴν
1344 5229 1469 5302 γῆν,
1513 5232 1608 5285 καὶ
1644 5229 1934 5304 ἄνθρωπον

335 5325 414 5375 ἐπ’
446 5325 643 5396 αὐτῆς,
677 5327 707 5379 '6
741 5325 1122 5397 διακοσμήσας
1160 5326 1274 5389 τοῖς
1309 5324 1530 5396 ἄστροις
1558 5323 1648 5379 τὸν
1681 5323 1931 5396 οὐρανὸν,

333 5412 555 5483 ἤγειρεν
579 5417 714 5486 ἡμῖν
741 5413 1092 5488 δικαιοσύνην
1126 5415 1218 5470 τὸν
1261 5414 1471 5487 Ἰησοῦν
1504 5413 1934 5488 ἐκλυτρούμενον

340 5503 565 5578 δωρεάνο
627 5527 646 5558 ι
683 5507 1096 5580 Δεδικαιώμεοα
1147 5509 1256 5579 γὰρ
1298 5509 1356 5562 ὲν
1407 5507 1610 5576 πίστει,
1655 5527 1673 5560 ι
1719 5509 1936 5581 δεσμῶν

295 5602 306 5654 l
343 5598 556 5653 ἀνιέντα
583 5601 677 5654 καὶ
703 5601 1104 5674 αἰχμαλωσίας,
1137 5600 1521 5672 οἰκοδομοῦντα
1549 5601 1937 5673 πνευματικῶς

341 5689 440 5761 τὴν
483 5694 681 5765 νοητὴν
733 5693 1112 5767 Ἰερουσαλὴμ,
1151 5695 1246 5748 καὶ
1281 5693 1638 5765 Θεμελιοῦντα
1677 5693 1775 5766 τὴν
1818 5695 1940 5748 Ἐκ-

415 5814 456 5841 ³²
497 5815 599 5868 Ιςιι.
637 5832 756 5878 XLV,
785 5817 849 5878 ‘2;
889 5815 1030 5869 Psal.
1056 5831 1160 5877 ενι,
1203 5814 1286 5866 16.

1393 5810 1570 5867 “15a.
1604 5829 1744 5880 ms,
1785 5814 1837 5869 9.

348 5885 518 5955 v,50.
597 5886 640 5916 “
676 5887 923 5954 lsaatv,
971 5887 1163 5952 12,16.

1245 5885 1287 5914 ⁸⁷
1316 5885 1476 5942 lion].
1523 5902 1572 5949 ν,
1605 5885 1647 5938 l.

1975 5811 2021 5844 ⁸³
2057 5813 2182 5870 Job.
2223 5829 2442 5882 xxxvi",
2467 5813 2652 5870 16-17.

2029 4773 2432 4849 preeabuntur,
2461 4769 2590 4842 quia
2625 4770 2684 4825 in
2722 4777 2776 4825 te
2811 4769 2958 4824 Deus
2995 4774 3100 4832 est,
3127 4771 3185 4820 et
3215 4779 3328 4819 non
3367 4771 3453 4818 est
3483 4762 3630 4817 Deus

2027 4877 2235 4940 praeter
2275 4874 2348 4920 te.
2386 4864 2470 4920 Tu
2501 4863 2651 4919 enim
2691 4878 2753 4918 es
2783 4862 2954 4927 Deus,
2977 4869 3034 4916 et
3079 4858 3449 4922 nescivimus;
3483 4855 3632 4910 Deus

2035 4957 2206 5014 Israel
2237 4956 2508 5012 Salvator.
2539 4952 2964 5010 Confundentur
2998 4958 3056 5008 et
3088 4957 3410 5005 avertentur
3435 4959 3641 5002 omnes

2039 5051 2399 5108 adversantes
2443 5048 2516 5114 ei,
2556 5054 2614 5102 et
2642 5045 3010 5102 ambulabunt
3057 5043 3115 5098 in
3143 5039 3468 5098 confusione
3506 5037 3576 5094 ⁸⁸.
3604 5055 3625 5091 ι

2039 5143 2145 5210 Qui
2174 5141 2325 5196 enim
2356 5140 2568 5196 creavit
2591 5146 2819 5204 terram,
2859 5145 2920 5193 et
2956 5135 3240 5192 hominem
3283 5149 3450 5206 super
3485 5147 3631 5198 eam,

2041 5235 2250 5307 quique
2283 5233 2484 5290 coelum
2510 5231 2684 5287 stellis
2711 5229 2951 5295 ornavit,
2979 5228 3246 5285 excitavit
3271 5227 3434 5282 nobis
3465 5225 3635 5299 justi-

2041 5329 2176 5384 tiam
2197 5327 2408 5391 Jesum,
2435 5325 2801 5381 redimentem
2829 5323 2997 5395 gratis
3029 5341 3042 5378 :
3077 5342 3095 5376 ι
3123 5320 3416 5379 Justificati
3444 5335 3636 5377 sumus

2040 5435 2143 5493 per
2176 5418 2341 5474 fidem
2367 5415 2439 5484 ⁸⁷,
2473 5436 2492 5470 ι
2526 5417 2908 5473 liberantema
2938 5415 3177 5472 vinculis
3204 5423 3260 5471 et
3291 5411 3638 5484 captivitate,

2043 5511 2409 5568 zedificantem
2454 5510 2816 5581 spiritualiter
2848 5508 3275 5566 intellectualem
3307 5502 3644 5562 Jerusalem.

2045 5613 2101 5660 et
2122 5603 2444 5660 fundantem
2465 5604 2790 5671 Ecclesiam,
2825 5619 2949 5674 quae
2973 5603 3042 5658 ab
3074 5600 3209 5672 ipsis
3240 5594 3435 5653 inferni
3461 5591 3646 5664 portis

2049 5697 2384 5752 commoveri
2416 5712 2528 5752 non
2560 5696 2753 5768 possit,
2784 5711 2886 5751 nec
2911 5694 2982 5750 ab
3012 5691 3251 5750 inimicis
3274 5686 3440 5744 vinei.
3477 5683 3648 5741 llum:

2786 5811 2830 5844 ⁸³
2860 5812 3016 5868 Joan.
3067 5824 3176 5874 viu,
3212 5805 3298 5862 15.
3403 5809 3451 5845 ⁸⁵
3481 5803 3657 5862 leam.
