4092 6474
463 426 537 483 95
1451 427 1508 483 S.
1550 425 1825 482 CYRILLI
1864 426 2338 483 ALEXANDRINI
2377 425 2697 484 ARClllEP.
3672 433 3740 492 96

462 539 765 595 secundum
786 545 1039 594 naturam
1069 538 1241 593 Deum
1262 536 1614 592 exsistentcm
1636 543 2050 607 cognoscentes,

2161 533 2406 607 κλησίαν,
2439 535 2515 600 ὡς
2538 536 2632 590 καὶ
2661 536 2848 601 αὐταῖς
2876 535 3270 591 ἀκατάσειστον
3304 530 3444 592 εἶναι
3472 541 3590 606 ταῖς
3613 539 3740 614 ᾃεου

464 631 503 686 ii
529 631 623 701 qui
656 631 787 686 olim
812 639 1154 694 erraverant,
1187 627 1417 683 dicunt:
1455 647 1474 678 ‹
1503 627 1585 682 Tu
1608 627 1758 681 enim
1791 642 1852 682 es
1903 627 2050 682 Deus

464 732 674 788 noster,
698 731 755 778 et
779 724 1132 787 nescivimus,
1153 731 1212 777 et
1231 737 1338 775 non
1359 730 1446 776 est
1460 720 1606 775 Deus
1629 729 1828 791 praeter
1855 729 1906 775 te
1927 717 1995 773 ⁸³.
2024 738 2042 770 ι

464 816 623 871 Hunc
655 817 986 881 adorabunt,
1020 816 1150 870 huic
1187 830 1244 870 se
1273 814 1458 870 ﬁectet
1493 833 1511 864 ι
1539 828 1702 868 omne
1742 828 1908 884 genu,
1935 828 2053 868 om-

463 909 661 977 nisque
719 909 903 977 lingua
950 906 1324 971 conﬁtebitur,
1386 906 1534 976 quod
1573 905 1842 961 Dominus
1891 906 2052 962 Iesus

463 999 719 1055 Christus
746 999 798 1052 in
823 999 998 1069 gloria
1037 1007 1123 1054 est
1154 999 1252 1052 Dei
1287 999 1465 1054 Patris
1485 997 1552 1052 ".
1585 1017 1604 1051 ι
1651 997 1791 1054 Huic
1825 999 2048 1068 quidam

463 1106 533 1144 ex
573 1090 837 1144 lsraelitis
879 1089 1151 1144 obsistere
1197 1096 1329 1144 sunt
1381 1089 1597 1155 conati;
1652 1089 1867 1143 confusi
1916 1104 2050 1144 vero

463 1188 612 1244 sunt,
639 1189 695 1235 et
717 1181 1101 1245 conciderunt,
1123 1188 1178 1234 et
1200 1188 1502 1235 retrorsum
1527 1181 1732 1243 ierunt,
1747 1181 1899 1250 juxta
1924 1194 2052 1250 pro-

464 1273 644 1344 pheta:
669 1288 880 1328 vocem.
904 1272 1079 1343 Cyrus
1107 1273 1312 1342 itaque,
1335 1272 1618 1344 Cambysis
1649 1271 1814 1336 ﬁlius,
1851 1271 2050 1326 funda-

465 1365 546 1418 vit
570 1364 835 1434 templum
865 1365 962 1418 Dei
994 1364 1049 1417 in
1085 1363 1480 1435 Hierosolymis
1514 1364 1569 1417 in
1609 1371 1796 1434 typum
1819 1363 2046 1418 Christi.

465 1456 621 1523 Quod
649 1471 783 1509 vero
830 1455 947 1526 ipse
989 1456 1314 1511 Emmanuel
1355 1472 1470 1510 rem
1510 1456 1657 1510 hanc
1692 1454 2051 1526 spiritualiter

465 1555 615 1602 esset
640 1547 1009 1618 perfecturus,
1043 1564 1144 1618 per
1184 1548 1346 1603 aliam
1386 1547 1571 1603 statim
1615 1547 1844 1618 ﬁguram
1886 1548 2051 1602 intel-

465 1641 622 1710 liges.
654 1640 950 1710 Postquam
983 1641 1130 1696 enim
1160 1641 1336 1713 Cyrus
1370 1641 1628 1696 lsraelem
1662 1656 1692 1695 a
1721 1641 2052 1712 Babylonlca

467 1733 736 1788 servitute
760 1733 1034 1799 liberavit,
1061 1734 1230 1789 duces
1263 1735 1446 1789 statim
1485 1749 1550 1789 ac
1575 1735 1747 1790 veluti
1774 1734 2052 1806 principes

2152 626 2369 694 πύλαις,
2423 627 2519 683 καὶ
2559 629 2832 682 ἀνάλωτον
2874 629 3112 700 ἐχθροῖς.
3169 627 3372 684 Τοῦτον
3429 631 3562 686 ὄντα
3609 635 3742 692 Θεὸν

2151 718 2293 773 κατὰ
2319 719 2480 786 φύσιν
2495 719 2950 788 ἐπιγινώσκοντες
2985 721 3035 775 οί
3064 721 3230 775 πάλαι
3255 721 3623 794 πλανώμενοι,
3652 727 3745 782 λέ-

2150 825 2332 878 γουσι’
2370 827 2390 861 ι
2427 811 2500 866 Σὺ
2544 811 2654 882 γάρ
2701 807 2752 864 εἴ
2799 812 2932 875 Θεὸς
2966 812 3147 885 ήμῶν,
3199 814 3296 867 καὶ
3344 813 3446 868 οὐκ
3498 817 3741 888 ᾔδειμεν.

2150 902 2262 957 Καὶ
2284 901 2385 956 οὐκ
2409 902 2524 956 ἔστι
2547 902 2681 967 Θεὸς
2703 903 2843 976 πλὴν
2869 903 2985 958 σοῦ.
3018 923 3036 957 ι
3065 905 3255 978 Τούτῳ
3277 910 3744 979 προσκυνήσουσι,

2150 995 2325 1067 τοῦτῳ
2355 995 2562 1067 κάμψει
2603 1015 2622 1048 ι
2659 998 2767 1050 πᾶν
2801 996 2952 1066 γόνυ,
2985 997 3080 1051 καὶ
3111 999 3262 1052 πᾶσα
3293 999 3517 1068 γλῶσσα
3549 999 3744 1070 ἐξομο-

2151 1085 2441 1158 λογήσεται
2469 1089 2551 1141 ὅτι
2577 1086 2780 1159 Κύριος
2814 1088 3022 1160 Ἰησοῦς
3051 1091 3288 1162 Χριστὸς
3315 1093 3394 1155 είς
3422 1093 3579 1159 δόξαν
3607 1093 3744 1147 Θεοῦ

2151 1178 2388 1250 Πατρός.
2423 1197 2440 1231 ι
2463 1178 2650 1251 Τούτῳ
2677 1179 3080 1252 τετολμήκασιν
3103 1183 3422 1253 ἀντιστῆναί
3457 1201 3602 1248 τινες
3633 1184 3746 1240 τῶν

2151 1270 2211 1337 ἐξ
2251 1270 2490 1342 Ἰσραήλ.
2518 1271 2986 1342 Κατῃσχύνθησαν
3005 1272 3061 1326 δὲ
3090 1273 3183 1327 καὶ
3205 1273 3552 1340 πεπτώκασι,
3571 1277 3666 1329 καὶ
3687 1278 3746 1330 ἐν

2151 1364 2328 1434 τροπῇ
2374 1361 2742 1433 πεπόρευνται
2776 1365 2918 1418 κατὰ
2953 1365 3051 1436 τὴν
3079 1364 3171 1419 τοῦ
3219 1367 3500 1437 προφήτου
3537 1367 3746 1439 φωνήν.

2152 1451 2336 1523 Κῦρος
2359 1451 2456 1522 μὲν
2480 1447 2574 1505 06v
2596 1453 2624 1504 6
2642 1453 2964 1525 Καμϐύσου,
2988 1454 3356 1526 τεθεμελίωκε
3372 1457 3464 1509 τὸν
3487 1455 3634 1510 οἶκον
3652 1457 3746 1511 τοῦ

2152 1541 2290 1596 Θεοῦ
2318 1543 2412 1596 τὸν
2437 1544 2494 1598 ἐν
2529 1543 2942 1617 Ἰεροσολύμοις,
2967 1549 3044 1610 είς
3073 1547 3242 1601 τύπον
3267 1549 3528 1620 Χριστοῦ.
3548 1549 3748 1603 ’Ὀτιδέ

2154 1631 2316 1696 αὐτὸς
2349 1631 2574 1703 ἔμελλεν
2601 1635 2629 1686 6
2673 1635 3021 1707 Ἐμμανουήλ
3047 1637 3440 1708 ἀποπεραίνειν
3465 1637 3525 1692 τὸ
3554 1637 3748 1710 χρῆμα

2155 1724 2541 1794 πνευματικῶς
2571 1741 2630 1778 τε
2654 1727 2748 1779 καὶ
2771 1723 3103 1796 νοητῶς,καἰ
3119 1727 3186 1781 δι’
3211 1728 3404 1799 ἐτέρας
3433 1729 3596 1794 εὐθὺς
3626 1730 3752 1794 ἀνα-

469 1825 658 1893 populi
689 1824 959 1896 designati
982 1834 1131 1890 sunt,
1153 1825 1457 1880 Zorobabcl
1492 1823 1639 1880 ﬁlius
1670 1825 1954 1891 Salathiel,
1984 1841 2052 1881 ex

2161 1812 2320 1884 μάθοι
2354 1830 2438 1879 τις
2463 1813 2529 1869 ἂν
2586 1815 2814 1880 εἰκόνος.
2857 1815 3078 1889 Ἐπειδὴ
3110 1817 3221 1890 γὰρ
3252 1818 3353 1890 τῆς
3391 1820 3450 1874 ἐν
3468 1819 3750 1875 Βαϐυλῶνι

470 1915 618 1970 tribu
641 1916 802 1981 Juda,
817 1894 875 1971 et
897 1917 1057 1973 Jesus
1078 1917 1223 1972 ﬁlius
1248 1917 1480 1973 Josedec
1499 1918 1758 1973 sacerdos
1780 1934 2011 1990 magnus
2036 1937 2049 1973 :

2161 1905 2404 1971 δουλείας
2447 1906 2649 1978 ἀνῆκεν
2686 1909 2714 1962 6
2751 1907 2936 1980 Κῦρος
2982 1909 3075 1963 τὸν
3131 1910 3383 1982 Ἰσραήλ·
3437 1911 3751 1983 καθηγηταὶ

467 2007 827 2076 quibus,cum
854 2010 1287 2082 Hierosolymam
1312 2012 1717 2082 pervenissent,
1739 2026 1838 2081 per
1861 2027 2054 2068 vocem

468 2099 648 2171 Αεεωὶ
677 2103 961 2172 propheta:
976 2105 1122 2159 Deus
1147 2104 1345 2160 domus
1363 2119 1474 2159 sua:
1492 2103 1840 2160 cxstrucnda:
1864 2119 2054 2159 curam

469 2189 724 2262 injungit.
758 2193 838 2247 lta
869 2195 1018 2248 enim
1046 2194 1315 2265 scriptum
1339 2204 1424 2250 est
1452 2212 1465 2248 :
1503 2213 1522 2246 ι
1549 2194 1611 2250 in
1639 2211 1784 2250 anno
1811 2195 2057 2252 secundo

470 2281 622 2336 Darii
668 2283 834 2354 regis,
874 2285 931 2339 in
963 2300 1152 2342 mense
1180 2297 1354 2354 sexto,
1386 2287 1442 2342 in
1471 2286 1560 2345 die
1584 2303 1694 2343 una
1722 2289 1948 2354 mensis,
1979 2288 2059 2344 fa-

471 2381 622 2428 ctum
636 2386 722 2430 est
738 2375 967 2430 verbum
984 2378 1198 2433 Domini
1216 2379 1269 2434 in
1293 2395 1456 2435 manu
1473 2379 1651 2451 Aggaei
1669 2380 2058 2452 prophetae,di-

471 2477 604 2519 cens
627 2481 641 2518 :
667 2463 957 2536 Alloqucre
974 2466 1299 2532 Zorobabel,
1324 2467 1495 2523 ﬁlium
1513 2468 1798 2534 Salathiel,
1817 2485 1884 2524 ex
1909 2469 2057 2525 tribu

469 2552 696 2618 Juda,et
711 2555 920 2621 Iesum,
941 2557 1114 2612 ﬁlium
1137 2559 1390 2624 Josedec,
1405 2560 1748 2616 sacerdotem
1775 2577 2056 2634 magnum,

472 2647 667 2703 dicens
715 2667 729 2702 :
774 2649 901 2705 Haec
959 2651 1038 2705 ait
1083 2651 1353 2708 Dominus
1401 2654 1791 2724 omnipotens:
1821 2655 2064 2725 Populus

475 2739 580 2795 iste
603 2740 771 2797 dicit:
797 2743 1052 2798 Nondum
1074 2744 1228 2800 venit
1267 2755 1487 2816 tempus
1501 2747 1804 2803 aediﬁcandi
1833 2749 2060 2805 domum

473 2832 712 2887 Domini.
756 2833 825 2890 Et
874 2834 1080 2889 factum
1127 2843 1212 2891 est
1256 2838 1488 2892 verbum
1535 2839 1751 2894 Domini
1795 2839 1850 2894 in
1893 2856 2058 2897 manu

471 2921 653 2994 Διςεωί
686 2923 794 2994 56
831 2926 1136 2995 prophetae,
1181 2927 1372 2984 dicens
1411 2947 1424 2983 :
1466 2930 1609 2985 Num
1647 2939 1864 3002 tempus
1901 2933 2060 2990 vobis

471 3023 576 3079 est,
619 3022 680 3068 ut
721 3014 982 3072 habitetis
1020 3017 1078 3072 in
1111 3017 1369 3076 domibus
1409 3022 1667 3077 concavis
1707 3041 1718 3076 :
1764 3033 1821 3080 at
1861 3023 2059 3080 domus

471 3104 692 3162 Domini
737 3106 958 3164 deserta
995 3117 1081 3164 est
1125 3111 1208 3165 ὀἳ
1233 3130 1252 3163 ι
1297 3112 1366 3167 Et
1404 3121 1528 3183 post
1567 3129 1742 3185 pauca
1786 3131 2006 3170 rursum
2041 3134 2054 3172 :

2158 2000 2500 2070 παραχρῆμα
2529 1999 2622 2051 καὶ
2663 2000 2826 2054 οίονεί
2865 2016 2982 2066 πως
3004 2001 3331 2074 ἐξάρχοντες
3373 2004 3750 2058 ἀνεδείκνυντο

2155 2087 2249 2142 τοῦ
2276 2088 2430 2152 λαοῦ,
2455 2089 2762 2162 Ζοροϐάϐελ
2798 2093 2826 2146 6
2852 2091 2944 2145 τοῦ
2971 2093 3242 2165 Σαλαθιήλ
3267 2095 3331 2148 ἐκ
3355 2094 3528 2166 φυλῆς
3553 2095 3751 2161 Ἰοῦδα,

2157 2181 2254 2236 καὶ
2304 2179 2510 2252 Ἰησοῦς
2543 2183 2572 2236 6
2601 2181 2694 2236 τοῦ
2753 2183 3001 2238 Ἰωσεδὲκ
3049 2185 3078 2238 6
3116 2185 3296 2256 ἱερεὺς
3349 2187 3376 2239 6
3417 2187 3614 2255 μέγας.
3655 2181 3752 2250 Ol;

2156 2273 2254 2328 καὶ
2283 2274 2608 2346 ἀφιγμένοις
2633 2277 2710 2340 είς
2745 2277 3116 2349 Ἰεροσόλυμα,
3145 2277 3235 2330 διὰ
3279 2279 3462 2350 φωνῆς
3491 2279 3750 2349 Ἀγγαίου

2154 2367 2251 2423 τοῦ
2292 2369 2573 2441 προφήτου
2618 2369 2716 2441 τῆς
2754 2370 2834 2433 είς
2881 2369 2973 2424 τὸν
3005 2365 3151 2424 οἷκον
3198 2369 3416 2442 ἔχεσθαι
3465 2372 3753 2442 φιλεργίας

2158 2459 2492 2534 ἐπισκήπτει
2536 2461 2687 2525 Θεός.
2742 2461 3056 2535 Γέγραπται
3109 2462 3219 2534 γὰρ
3263 2461 3440 2517 οὕτωσ
3478 2482 3498 2516 ι
3543 2465 3637 2517 Ἐν
3676 2463 3755 2534 τῷ

2157 2554 2398 2627 δευτέρῳ
2428 2555 2540 2608 ἔτει
2584 2554 2676 2608 ἐπί
2711 2556 2938 2628 Δαρείου
2980 2554 3076 2609 τοῦ
3121 2555 3387 2625 βασιλέως
3415 2558 3474 2611 ἐν
3506 2555 3586 2627 τῷ
3626 2553 3756 2626 μηνὶ

2156 2645 2238 2718 τῷ
2276 2645 2440 2716 ἕκτῳ,
2481 2647 2579 2718 μιᾷ
2614 2645 2711 2700 τοῦ
2755 2647 2943 2719 μηνὸς,
2991 2648 3208 2717 ἐγένετο
3235 2649 3396 2718 λόγος
3445 2647 3658 2720 Κυρίου
3697 2647 3758 2701 ἐν

2159 2736 2304 2808 χειρὶ
2360 2737 2618 2805 Ἀγγαίου
2658 2737 2754 2791 τοῦ
2804 2741 3092 2811 προφήτου
3145 2740 3341 2808 λέγων,
3382 2739 3556 2794 Εἰπὸν
3617 2738 3757 2811 πρὸς

2159 2827 2465 2900 Ζοροϐάϐελ
2509 2827 2602 2884 τὸν
2655 2828 2749 2882 τοῦ
2782 2829 3052 2901 Σαλαθιήλ
3101 2831 3193 2886 τὸν
3235 2833 3301 2886 ἐκ
3334 2831 3510 2902 φυλῆς
3559 2831 3757 2896 Ἰούδα,

2158 2920 2254 2973 xal
2283 2919 2419 2991 πρὸς
2463 2919 2668 2992 Ἰησοῦν
2697 2921 2788 2976 τὸν
2819 2922 2912 2977 τοῦ
2953 2922 3201 2978 Ἰωσεδὲκ
3224 2923 3316 2977 τὸν
3356 2922 3508 2996 ἱερέα
3534 2922 3634 2978 τὸν
3662 2922 3758 2992 μέ-

2157 3028 2281 3081 γαν,
2311 3011 2525 3081 λέγων·
2579 3013 2718 3069 Τάδε
2769 3015 2919 3085 λέγει
2966 3015 3174 3087 Κύριος
3206 3016 3603 3090 παντοκράτωρ
3633 3032 3650 3048 ο
3704 3013 3760 3071 '0

2158 3103 2285 3168 λαὸς
2315 3097 2470 3169 οὗτος
2496 3104 2777 3175 λέγουσιν·
2822 3108 2936 3180 Οὐχ
2964 3109 3090 3180 ήκει
3123 3111 3151 3163 6
3195 3109 3387 3181 καιρὸς
3421 3107 3517 3163 τοῦ
3547 3108 3763 3162 οἰκοδο-

480 3215 500 3248 ι
531 3197 600 3251 Ει
641 3199 930 3255 suscitavit
979 3201 1248 3258 Dominus
1293 3203 1550 3274 spiritum
1605 3204 1909 3260 Zorobabel
1960 3204 2059 3262 ﬁlii

2165 3195 2336 3269 μῆσαι
2369 3197 2461 3251 τὸν
2489 3198 2637 3253 οῖκον
2666 3201 2898 3274 Κυρίου.
2932 3203 3044 3258 Kal
3073 3203 3291 3274 ἐγένετο
3326 3203 3484 3273 λόγος
3513 3202 3571 3256 ἐν
3608 3201 3767 3274 χειρὶ

475 3287 762 3358 Salathiel,
786 3291 856 3348 de
887 3293 1038 3348 tribu
1067 3293 1230 3361 Juda,
1252 3303 1308 3351 et
1330 3296 1587 3368 spiritum
1621 3298 1752 3355 Jesu
1776 3299 1873 3353 ﬁlii
1901 3300 2060 3360 Iose-

471 3381 608 3449 dcc,
662 3383 969 3441 sacerdotis
1023 3386 1252 3459 magni,
1293 3395 1351 3444 et
1411 3389 1667 3462 spiritum
1712 3393 2061 3464 reliquorum

473 3476 657 3533 omnis
687 3477 879 3549 p0puli
908 3495 922 3532 :
958 3486 1014 3534 et
1042 3479 1271 3552 ingressi
1307 3489 1458 3550 sunt,
1495 3489 1553 3539 et
1583 3483 1861 3543 faciebant
1891 3503 2062 3559 opera

475 3568 532 3624 in
573 3568 740 3625 domo
780 3570 1000 3628 Domini
1041 3572 1437 3645 omnipotentis
1473 3575 1577 3633 Dei
1619 3577 1706 3632 sui
1748 3578 1816 3633 ⁹¹.
1854 3597 1873 3632 ι
1922 3578 2062 3638 Vide

476 3659 663 3733 itaque
693 3662 901 3734 duplici
927 3673 1056 3737 typo
1083 3680 1148 3722 ac
1176 3665 1350 3739 ﬁgura
1379 3683 1700 3739 expressum
1726 3669 2063 3730 Emmanue-

474 3752 606 3819 lem,
638 3770 824 3826 regem
857 3756 1104 3828 quidem,
1141 3759 1316 3816 veluti
1354 3759 1412 3816 in
1445 3759 1773 3838 Zorobabel,
1813 3764 1909 3836 qui
1941 3774 2065 3824 erat

475 3859 545 3900 ex
575 3845 720 3902 tribu
742 3847 906 3914 Juda,
922 3865 1044 3920 qua:
1072 3857 1188 3906 tum
1210 3852 1477 3923 temporis
1497 3851 1762 3923 regnabat
1789 3854 1845 3910 in
1869 3855 2061 3914 Israel.

477 3936 766 3994 Summum
800 3955 932 3996 vero
969 3942 1308 4011 pontiﬁcem,
1340 3951 1402 3998 ut
1443 3943 1500 3999 in
1543 3960 1741 4018 magno
1778 3949 2064 4006 sacerdote

475 4031 726 4102 ejusdem
755 4048 880 4088 cum
906 4033 1129 4090 Christo
1157 4035 1417 4104 nominis,
1461 4053 1678 4095 necnon
1734 4039 1933 4096 ducem
1961 4042 2066 4100 viae

480 4120 538 4175 in
572 4131 816 4178 sanctam
848 4124 1128 4180 civitatem
1159 4141 1192 4182 e
1225 4134 1374 4182 terra
1409 4127 1862 4199 alienigenarum,
1884 4130 2064 4206 Baby-

476 4212 758 4270 loniorum
789 4217 1036 4288 inquam.
1079 4218 1215 4276 Vide
1241 4219 1405 4274 etiam
1435 4220 1800 4278 architectum
1837 4238 1901 4279 ac
1932 4240 2064 4297 pro-

477 4313 792 4361 curatorem
831 4307 1008 4362 sancti
1035 4308 1246 4379 templi.
1271 4307 1578 4380 Sequentes
1599 4310 1746 4367 enim
1777 4328 1877 4383 per
1900 4312 2066 4370 ﬁdem

477 4393 677 4451 ducem
705 4394 1009 4463 Christum,
1045 4404 1304 4468 tanquam
1329 4414 1515 4471 regem
1543 4407 1600 4454 et
1627 4416 1903 4457 summum
1931 4418 2067 4474 pon—

477 4486 705 4554 tiﬁcem,
741 4503 810 4544 ex
842 4488 1112 4544 diabolica
1153 4491 1460 4562 tyrannide,
1501 4507 1566 4548 ac
1593 4493 1766 4549 veluti
1807 4509 1875 4550 ex
1919 4501 2064 4549 terra

2174 3287 2432 3357 ’Δγγαίου
2459 3289 2553 3343 τοῦ
2581 3293 2887 3363 προφήτου,
2918 3291 3124 3363 λέγων·
3163 3295 3227 3348 Et
3266 3293 3459 3364 καιρὸς
3490 3293 3591 3364 μὲν
3636 3294 3763 3365 ὑμῖν

2162 3379 2282 3433 ἐστι
2305 3379 2401 3435 τοῦ
2441 3381 2610 3436 οίκεῖν
2642 3382 2701 3436 tv
2745 3381 2920 3448 οἴκοις
2945 3383 3394 3455 κοιλοστάθμοιςο
3444 3385 3474 3438 6
3515 3383 3576 3438 δὲ
3609 3378 3762 3456 οἶκος

2162 3473 2370 3544 Κυρίου
2412 3473 2808 3548 ἐξηρήμωται;
2835 3493 2855 3528 ι
2891 3476 3002 3531 Kal
3037 3477 3156 3548 μεθ’
3185 3477 3350 3549 ἕτερα
3381 3475 3566 3541 πάλιν,
3596 3495 3617 3528 ι
3647 3475 3761 3532 Kal

2162 3561 2415 3636 ἐξήγειρε
2443 3563 2650 3635 Κύριος
2687 3565 2749 3619 τὸ
2785 3563 3002 3636 πνεῦμα
3024 3567 3332 3640 Ζοροϐάϐελ
3355 3565 3451 3620 τοῦ
3481 3565 3760 3637 Σαλαθιήλ

2163 3653 2232 3710 ἐκ
2268 3653 2442 3726 φυλῆς
2479 3655 2673 3723 Ἰούδα,
2707 3656 2803 3711 καὶ
2829 3659 2892 3712 τδ
2919 3658 3140 3730 πνεῦμα
3173 3656 3349 3730 Ἰησοῦ
3381 3657 3476 3712 τοῦ
3511 3657 3762 3712 Ἰωσεδὲκ

2163 3747 2260 3802 τοῦ
2287 3746 2480 3820 ίιρέως
2507 3747 2602 3804 τοῦ
2631 3748 2891 3820 μεγάλου,
2919 3749 3016 3804 καὶ
3038 3749 3102 3804 τὺ
3125 3747 3346 3823 πνεῦμα
3368 3749 3477 3805 τῶν
3504 3748 3762 3806 καταλοί-

2166 3855 2284 3894 πων
2310 3838 2509 3903 παντὸς
2533 3838 2628 3894 τοῦ
2671 3839 2827 3896 λαοῦ.
2859 3840 2971 3896 Καὶ
3001 3841 3275 3913 εἰσῆλθον,
3305 3841 3402 3897 καὶ
3427 3841 3651 3896 ἐποίουν
3694 3840 3764 3895 τά

2165 3929 2304 4002 ἔργα
2326 3933 2385 3986 ἐν
2406 3931 2486 4004 τῷ
2503 3931 2639 4004 οἴκῳ
2661 3931 2868 4003 Κυρίου
2894 3933 3332 4006 παντοκράτορος
3359 3932 3492 3988 Θεοῦ
3520 3933 3756 3988 αὐτῶν.»

2169 4023 2364 4096 Ἀθρει
2389 4023 2454 4097 δὴ
2492 4021 2586 4079 06v
2611 4023 2688 4090 ὡς
2718 4025 2776 4080 ἐν
2799 4023 2956 4098 τύπῳ
2983 4026 3079 4081 καὶ
3115 4026 3283 4081 εἰκόνι
3307 4027 3468 4098 διπλῇ
3497 4027 3590 4081 τὸν
3629 4027 3764 4096 Ἐμ-

2171 4115 2434 4190 μανουὴλ,
2480 4115 2726 4197 βασιλέα.
2769 4117 2893 4190 μὲν,
2917 4117 2993 4182 ὡς
3023 4117 3080 4172 ἔν
3108 4135 3173 4188 γε
3218 4118 3298 4190 τῷ
3330 4118 3671 4191 Ζοροϐάϐελ,
3702 4117 3764 4182 ὃς

2165 4204 2235 4279 ῆν
2263 4209 2329 4264 ἐκ
2379 4209 2554 4281 φυλῆς
2615 4208 2786 4264 Ἰούδα
2817 4211 2918 4282 τῆς
2961 4210 3084 4266 τότε
3123 4214 3348 4282 κρατεῖν
3390 4210 3669 4282 λαχούσης
3703 4211 3762 4262 ἐν

2182 4299 2400 4372 Ἰσραήλ
2438 4317 2454 4333 ⁸
2484 4302 2748 4374 ἀρχιερέα
2778 4302 2836 4358 δὲ
2877 4297 2943 4357 a6
2971 4303 3050 4369 ὡς
3078 4303 3144 4358 ὲν·
3161 4303 3441 4375 ὁμωνύμῳ
3464 4302 3544 4374 τῷ
3578 4299 3761 4373 Ἰησοῦ

2168 4391 2245 4464 τῷ
2270 4392 2519 4465 ἀρχιερεῖ
2549 4393 2628 4466 τῷ
2654 4393 2876 4465 μεγάλῳ
2897 4409 2911 4425 ³
2943 4395 3041 4448 καὶ
3083 4395 3190 4466 μὴν
3216 4395 3311 4448 καὶ
3335 4395 3636 4465 ἐξάρχοντα
3660 4393 3764 4462 τῆς

2168 4485 2290 4538 ὁδοῦ
2336 4487 2433 4556 τῆς
2477 4485 2559 4550 εἰς
2596 4485 2695 4557 τὴν
2739 4486 2902 4556 ἁγίαν
2946 4487 3125 4553 πόλιν,
3159 4488 3226 4541 ἐκ
3287 4487 3391 4556 γῆς
3423 4484 3762 4555 ἀλλοφύλων⁸

477 4577 931 4648 alienigenarum,
967 4595 1034 4634 ex
1067 4578 1260 4636 fraude
1295 4581 1574 4637 mundana
1606 4581 1664 4637 in
1696 4592 1943 4640 sanctam
1981 4583 2059 4639 ci-

2172 4575 2315 4647 φημὶ
2343 4575 2409 4648 δὴ
2435 4575 2599 4630 πάλιν
2622 4576 2721 4661 τῆς
2744 4575 3126 4636 Βαϐυλωνίων.
3161 4577 3354 4649 Ἀθρει
3383 4577 3476 4630 καὶ
3503 4589 3764 4645 τεχνουρ-

477 4667 706 4723 vitatem
768 4668 1110 4740 ingredimur
1167 4669 1470 4726 Ecclesiam
1527 4671 2020 4744 primogenitorum
2049 4714 2065 4740 ,

477 4771 642 4826 quam
672 4757 906 4827 ipsemet
932 4757 1189 4814 Christus
1237 4759 1414 4830 eriget
1446 4759 1503 4815 in
1541 4760 1888 4832 spiritalibus
1921 4762 2066 4833 lapi-

478 4847 668 4915 dibus;
696 4849 843 4919 quod
872 4859 928 4904 et
947 4850 1155 4906 Paulus
1189 4859 1440 4918 testatur,
1465 4854 1713 4911 scribens
1741 4855 1810 4909 iis
1846 4854 1940 4925 qui
1966 4868 2070 4925 per

480 4936 645 4992 ﬁdem
661 4936 947 5010 'redempti
979 4947 1126 5004 sunt,
1155 4940 1360 5011 quique
1402 4941 1610 4999 Christi
1647 4944 1895 5016 vestigiis
1933 4943 2069 5000 insi-

481 5038 630 5086 stere
657 5032 850 5086 volunt
881 5050 894 5085 :
935 5051 952 5081 ‹
981 5032 1040 5087 1η
1079 5047 1189 5102 quo
1229 5041 1284 5087 et
1316 5049 1414 5089 vos
1454 5035 1617 5090 simul
1648 5035 1902 5090 aediﬁcati
1933 5035 2068 5092 estis

482 5119 540 5175 in
574 5121 950 5177 habitaculum
988 5123 1195 5179 Christi
1235 5123 1292 5178 in
1335 5125 1533 5196 Spiritu
1565 5127 1634 5181 ".
1671 5145 1688 5178 ι
1731 5125 1889 5193 Quod
1929 5142 2065 5183 vero

483 5209 642 5281 longe
681 5213 998 5281 praeclarior
1031 5214 1102 5269 sit
1135 5213 1308 5286 gloria
1355 5218 1635 5283 Ecclesiae,
1687 5233 1853 5288 quam
1900 5221 2066 5289 primi

486 5302 636 5358 illius
656 5304 845 5374 templi
876 5320 944 5360 ex
977 5305 1251 5376 lapidibus
1283 5310 1430 5375 facti,
1468 5311 1702 5380 ipsemet
1738 5325 1838 5382 per
1874 5326 2067 5367 vocem

487 5395 668 5466 Aggtei
695 5394 958 5461 declarat,
1001 5397 1191 5455 dicens
1230 5417 1244 5455 :
1285 5421 1302 5453 ι
1329 5400 1464 5468 Quis
1493 5416 1560 5456 ex
1597 5400 1755 5457 vobis
1788 5401 1927 5456 vidit
1965 5401 2069 5456 d0-

491 5501 642 5542 mum
674 5488 831 5543 istam
857 5488 911 5542 in
940 5489 1111 5560 gloria
1140 5508 1238 5547 sua
1271 5509 1378 5564 qua
1414 5500 1561 5557 ante,
1583 5503 1640 5548 et
1673 5493 1951 5563 quomodo
1969 5506 2068 5549 vos

490 5578 690 5635 videtis
714 5579 888 5650 ipsam
913 5599 1063 5638 nunc
1090 5583 1234 5639 sicut
1266 5600 1376 5640 non
1409 5585 1762 5640 exsistentem
1811 5585 1865 5640 in
1923 5600 2058 5639 con-

492 5678 684 5741 Spectu
709 5673 996 5728 vestro”?
1020 5693 1038 5727 ι
1078 5673 1147 5729 Et
1175 5673 1340 5745 paulo
1368 5681 1495 5745 post
1525 5689 1742 5728 rursum
1768 5690 1782 5727 :
1834 5693 1851 5725 ι
1881 5673 2062 5729 Meum

2169 4667 2267 4733 γὺν
2303 4665 2455 4733 ὄντα,
2490 4667 2584 4721 καὶ
2607 4667 2942 4741 ἐπιμελητὴν
2969 4668 3061 4724 τοῦ
3091 4668 3248 4738 ἁγίου
3281 4667 3436 4723 ναοῦ.
3473 4666 3765 4736 Ἐπόμενοι

2169 4757 2280 4830 γὰρ
2307 4757 2397 4812 διά
2435 4759 2672 4826 πίστεως
2701 4763 2990 4834 καθηγητῇ
3029 4759 3108 4833 τῷ
3153 4758 3398 4834 Χριστῷ,
3435 4758 3512 4823 ὡς
3551 4756 3765 4828 βασιλεῖ

2169 4847 2264 4900 καὶ
2302 4848 2573 4918 ἀρχιερεῖ,
2607 4848 2670 4902 ἐκ
2695 4849 3012 4922 διαϐολικῆς
3051 4849 3388 4914 πλεονεξίας,
3432 4849 3526 4903 καὶ
3571 4847 3762 4917 ὥσπερ

2171 4937 2239 4992 ἐκ
2291 4936 2399 5009 γῆς
2442 4938 2775 5010 ἀλλοφύλων,
2821 4940 2882 5006 ἐξ
2941 4942 3159 5014 ἀπάτης
3209 4939 3484 5012 κοσμικῆς
3537 4941 3617 5004 εἰς
3661 4939 3764 5009 τὴν

2171 5030 2336 5100 ἁγίαν
2376 5032 2590 5104 εἴσιμεν
2626 5034 2802 5100 πόλιν,
2829 5035 2928 5108 τήν
2974 5035 3083 5090 τῶν
3113 5033 3476 5107 πρωτοτόκων
3527 5031 3765 5102 Ἐκκλη-

2177 5125 2321 5194 σίαν,
2349 5126 2416 5198 ἢν
2453 5126 2618 5192 αὐτὸς
2651 5123 2832 5200 ἐγερεῖ
2861 5127 3096 5200 Χριστὸς
3136 5128 3212 5191 ὡς
3249 5125 3306 5181 ἐν
3339 5144 3404 5196 γε
3448 5127 3616 5190 λίθοις
3649 5127 3766 5187 τοῖς

2174 5219 2402 5288 νοητοῖς.
2433 5217 2547 5274 Kal
2586 5221 2929 5293 μαρτυρήσει
2963 5218 3192 5291 γράφων
3233 5218 3262 5271 6
3300 5218 3511 5282 Παῦλος
3537 5220 3649 5280 τοῖς
3673 5215 3766 5270 διά

2176 5309 2413 5375 πίστεως
2449 5311 2944 5385 ἐκλελυτρωμένοις
2983 5313 3076 5367 καὶ
3123 5309 3439 5364 ἀκολουθεῖν
3484 5309 3766 5382 ἑλομένοις

2174 5404 2288 5466 τοῖς
2319 5401 2487 5473 ἴχνεσι
2528 5404 2625 5458 τοῦ
2651 5405 2913 5476 Χριστοῦ·
2951 5425 2970 5458 ι
3021 5407 3109 5462 Ἐν
3138 5399 3183 5476 ᾧ
3209 5405 3304 5460 καὶ
3333 5406 3491 5476 ὑμεῖς
3519 5419 3767 5457 συνοικο-

2171 5493 2419 5564 δομεῖσθε
2437 5497 2516 5560 είς
2531 5499 2949 5570 κατοικητήριον
2968 5500 3064 5552 τοῦ
3082 5499 3320 5571 Χριστοῦ
3344 5500 3402 5551 ἐν
3422 5495 3718 5566 πνεύματι.
3737 5511 3761 5548 ι

2175 5585 2298 5638 Ὅτι
2331 5583 2389 5639 δὲ
2429 5586 2525 5640 καὶ
2565 5587 2805 5659 ἀμείνων
2852 5588 3044 5661 ήδόξα
3087 5591 3186 5662 τῆς
3239 5589 3569 5661 Ἐκκλησίας
3607 5584 3766 5656 παρᾶ

2171 5673 2271 5744 τὴν
2317 5674 2542 5748 πρώτην
2583 5677 2677 5732 καὶ
2715 5679 2773 5734 tv
2816 5681 3034 5753 ἀρχαῖς,
3065 5681 3164 5752 τὴν
3196 5679 3288 5734 ἐπί
3326 5679 3390 5750 γέ
3417 5695 3558 5750 φημι
3588 5675 3667 5746 τῷ
3699 5677 3766 5731 ὲκ

564 5857 612 5892 ⁸⁸
665 5854 765 5914 Isa.
808 5874 925 5928 ιιιν,
987 5860 1065 5915 15.
1145 5859 1192 5894 '9
1246 5860 1443 5934 Philip.
1497 5878 1553 5932 ιι,
1601 5862 1684 5918 ll.
1783 5866 1827 5898 ⁹⁰
1867 5865 1999 5939 Agg.
2043 5883 2059 5921 ι

2161 5865 2224 5926 4.
2301 5867 2343 5901 “
2376 5864 2514 5925 lhid.
2551 5864 2636 5922 ιι.
2704 5865 2781 5955 ,θ’
2821 5864 3022 5938 Ephcs.
3057 5881 3112 5934 ιι,
3149 5866 3238 5920 22.
3329 5863 3386 5949 ἐ’-³
3447 5859 3577 5932 Agg.
3612 5872 3682 5922 ιι,
3716 5855 3766 5912 αἱ.
