4092 6474
279 313 345 367 97
1317 304 1848 363 GLAPIIYRORUM
1890 305 1958 362 IN
2000 305 2305 364 GENESIM
2355 307 2484 365 LIB.
2526 308 2590 366 ll.
3516 315 3586 371 98

277 433 435 488 λίθων
465 429 602 502 ναῷ,
635 429 1048 502 διαμεμήνυκεν
1081 427 1254 482 εἰπὼν
1285 427 1373 482 διὰ
1403 428 1589 499 φωνῆς
1623 429 1864 498 ’Λγγαίοι

1989 441 2302 504 argentum,
2330 440 2388 486 et
2420 447 2605 488 meum
2653 445 2876 497 aurum,
2907 431 3044 487 dicit
3087 432 3357 490 Dominus
3402 438 3589 490 omni--

278 522 434 578 πάλιν
451 541 463 555 ·
499 543 519 574 ι
559 521 655 587 Τίς
682 521 743 587 ἐξ
769 520 950 593 ὑμῶν,
974 521 1032 583 ὃς
1059 516 1167 575 εἶδε
1201 520 1293 574 τὸν
1319 517 1467 575 οἷκον
1494 519 1686 575 τοῦτον
1720 523 1777 575 ὲν
1809 525 1874 593 τῇ

277 617 397 687 δόξῃ
420 615 594 668 αὑτοῦ
618 617 680 685 τῇ
709 613 1046 685 ἔμπροσθεν,
1076 613 1173 667 καὶ
1195 613 1314 678 πῶς
1338 613 1497 685 ὑμεῖς
1522 611 1748 684 βλέπετε
1778 613 1878 666 αὑ-

275 709 358 762 τὸν
383 707 477 760 νῦν
508 703 692 769 καθὼς
721 705 822 776 ούχ
854 704 1172 776 ὑπάρχοντα
1198 703 1431 758 ἐνώπιον
1470 702 1662 775 ύμῶν;
1701 721 1721 754 ι
1766 702 1878 758 Καὶ

278 802 389 873 μεθ’
439 801 606 872 ’έτερα
651 798 840 852 πάλιν·
904 817 922 849 ι
980 796 1143 868 Ἐμὸν
1173 796 1235 850 τὸ
1274 795 1561 867 ἀργύριον,
1613 797 1710 849 καὶ
1740 795 1876 866 ἐμὸν

273 895 328 948 τὸ
352 893 600 965 χρυσίον,
623 891 770 962 λέγει
797 889 1006 962 Κύριος
1035 890 1462 960 παντοκράτωρ,
1487 888 1625 944 διότι
1658 889 1874 961 μεγάλη

274 988 416 1038 ἔσται
450 987 482 1056 η
537 983 666 1050 δόξα
704 981 800 1036 τοῦ
849 982 1002 1035 οτκου
1052 981 1248 1036 τούτου
1295 985 1328 1054 ἡ
1363 981 1570 1054 ἐσχάτη
1602 981 1744 1054 ὑπὲρ
1774 982 1876 1053 τὴν

274 1077 512 1148 πρώτην,
567 1075 716 1144 λέγει
775 1075 984 1148 Κύριος
1035 1074 1474 1147 παντοκράτωρ·
1535 1077 1632 1129 καὶ
1679 1076 1739 1128 ὲν
1796 1073 1876 1146 τῷ

272 1173 412 1241 τόπῳ
456 1169 637 1242 τούτῳ
670 1169 830 1222 δώσω
869 1169 1115 1241 εἰρήνην.
1160 1186 1180 1220 ι
1231 1167 1341 1221 Καὶ
1368 1169 1564 1240 εἰρήνη
1588 1166 1770 1240 ψυχῆς
1795 1169 1878 1232 είς

273 1263 618 1334 περιποίησιν
667 1262 835 1314 παντὶ
877 1261 955 1331 τῷ
1001 1259 1244 1324 κτίζοντι
1289 1258 1730 1334 τοῦάναστῆσαι
1771 1259 1864 1314 τὸν

273 1329 388 1411 ναόν
409 1356 624 1409 τοῦτον.
661 1354 776 1408 Καὶ
819 1329 1078 1424 ἀνιδρωτὶ
1109 1353 1208 1424 μὲν
1255 1352 1319 1408 ἄν
1344 1370 1428 1417 τις
1459 1329 1774 1418 σῦλλέξαιτο
1804 1352 1875 1407 τὰ

271 1453 330 1505 δι’
346 1446 416 1506 ὧν
441 1451 576 1520 ἡμῖν
602 1449 677 1512 ὡς
706 1447 765 1501 ἐν
785 1465 851 1517 γε
873 1449 989 1511 τοῖς
1015 1446 1186 1502 πάλαι
1211 1446 1450 1518 Χριστὸς
1470 1447 1870 1518 κατεγράφετο.

275 1542 383 1594 Ἵνα
410 1539 465 1592 δὲ
501 1539 580 1610 μὴ
607 1537 687 1608 τῷ
716 1536 916 1608 πλήθει
943 1535 1050 1589 τῶν
1097 1535 1564 1608 παραδειγμάτων
1601 1537 1874 1608 ἀποκομί-

272 1632 445 1699 ζεσθαί
475 1650 570 1685 ποι
605 1631 702 1685 τοῦ
730 1629 1034 1700 πρέποντος
1062 1629 1091 1682 ό
1120 1628 1277 1698 λόγος
1298 1629 1435 1701 ἡμῖν
1470 1627 1626 1701 δοκῇ,
1661 1628 1871 1702 παρέν-

270 1743 352 1789 τες
370 1725 503 1789 τέως
526 1723 593 1778 τὸ
612 1724 708 1777 καὶ
735 1724 802 1778 δι’
833 1724 1039 1796 ἑτέρων
1068 1723 1210 1779 ίέναι
1227 1723 1435 1791 λοιπὸν,
1460 1723 1638 1776 έκεῖνο
1660 1723 1867 1794 φαμέν·

1984 534 2182 594 potens
2208 566 2223 590 ,
2259 525 2389 595 quia
2419 540 2615 597 magna
2632 524 2747 606 (ξτίιΙ
2763 524 2938 596 gloria
2973 526 3170 582 domus
3209 528 3374 584 istius
3399 529 3588 584 novis-

1984 615 2139 671 simae
2161 617 2454 688 plusquam
2477 617 2690 687 prima},
2719 625 2776 672 et
2806 618 2865 672 in
2894 618 3017 674 loco
3052 617 3159 673 isto
3194 619 3340 674 dabo
3369 635 3585 690 pacem,

1984 707 2122 762 dicit
2151 709 2419 765 Dominus
2447 711 2801 782 omnipotens
2825 711 2892 766 9‘.
2924 732 2942 764 ι
2981 713 3050 768 Ει
3079 728 3184 782 pax
3213 713 3410 768 animae
3438 713 3588 769 cedit

1985 798 2043 852 in
2094 801 2500 870 possessionem
2555 805 2707 858 omni
2767 805 3078 860 exstruenti
3133 807 3400 876 templum
3455 807 3584 862 hoc.

1983 892 2155 948 Multa
2190 903 2460 964 praaterea
2489 896 2599 951 alia
2629 897 2789 953 facile
2829 899 2956 969 quis
2993 899 3297 970 collegerit,
3327 916 3426 970 per
3463 915 3586 970 qua:

1981 985 2165 1052 nobis,
2210 993 2272 1041 ut
2310 986 2366 1042 in
2392 989 2700 1056 veteribus,
2739 989 2997 1048 Christus
3023 992 3464 1048 describebatur.
3504 993 3585 1049 Ne

1981 1094 2118 1135 vero
2161 1079 2522 1137 multitudine
2567 1083 2948 1153 exemplorum
2983 1098 3168 1138 sermo
3207 1099 3374 1155 supra
3415 1099 3583 1154 quam

1981 1187 2083 1242 par
2111 1180 2197 1228 est
2226 1182 2512 1244 evagetur,
2539 1175 2928 1251 praitermissis
2958 1176 3104 1242 aliis,
3135 1176 3271 1232 illud
3307 1177 3579 1232 dicimus:

1981 1265 2280 1337 Oportebit
2321 1265 2474 1320 enim
2515 1266 2744 1323 omnino
2777 1267 3014 1323 duorum
3059 1269 3298 1324 alterum
3335 1284 3580 1326 sumere.

1979 1357 2091 1414 Aut
2119 1357 2269 1413 enim
2301 1374 2398 1414 eos
2423 1374 2523 1429 per
2549 1375 2689 1430 quos
2715 1360 2808 1416 illa
2829 1359 2971 1416 facta
3001 1371 3149 1428 sunt,
3179 1363 3235 1416 in
3258 1363 3580 1418 universum

1983 1449 2261 1516 tollemus,
2311 1464 2469 1504 suam
2519 1449 2664 1522 typis
2703 1450 3092 1528 auctoritatem
3145 1450 3497 1522 derogantes,
3531 1453 3579 1508 si

1979 1549 2316 1596 censeantur
2359 1557 2461 1612 per
2503 1542 2756 1598 homines
2787 1542 2892 1614 57
2940 1542 3119 1598 nostri
3169 1543 3384 1599 similes
3425 1544 3578 1610 facti,

1981 1635 2198 1690 tametsi
2237 1635 2454 1691 divinas
2491 1651 2581 1691 res
2611 1637 2668 1691 in
2695 1651 2753 1692 se
2784 1637 3142 1704 contineant;
3197 1644 3293 1692 aut
3331 1637 3582 1694 dicentes

1979 1742 2198 1799 semper
2232 1727 2501 1799 Spiritum
2530 1739 2777 1787 nostram
2803 1729 3039 1785 formam
3071 1731 3348 1801 accipere,
3389 1747 3582 1786 neces-

271 1821 450 1891 Δεήσει
477 1817 544 1890 δὴ
597 1817 823 1882 πάντως
861 1790 1018 1890 ἡμῖν,
1063 1818 1210 1873 δυοῖν
1247 1816 1466 1872 ἑλέσθαι
1500 1790 1756 1889 θάτερον,
1799 1819 1864 1872 Ἢ

1979 1790 2128 1878 sario
2166 1790 2467 1879 fatebimur
2507 1822 2777 1894 Spiritum
2801 1824 2970 1878 etiam
2993 1823 3048 1877 in
3082 1790 3285 1895 Cyrum
3314 1790 3582 1879 transfor-

272 1915 371 1983 γὰρ
415 1913 540 1976 τοὺς
595 1912 668 1966 δι’
701 1904 780 1966 ὧν
813 1911 1003 1966 ἐκεῖνα
1034 1911 1328 1982 γεγόνασιν
1362 1912 1598 1967 είσάπαν
1641 1912 1872 1985 άναιρήυ

274 2025 446 2078 σομεν,
490 2004 892 2078 καθορίζοντες
933 2005 1043 2061 τῶν
1075 2005 1266 2061 τύπων
1293 2006 1355 2061 τὸ
1382 2006 1457 2079 μὴ
1485 2006 1606 2062 λίαν
1645 2007 1869 2080 άπλημ-

272 2098 436 2168 μελὲς,
460 2098 509 2151 εί
548 2100 764 2153 νοοῖντο
791 2096 860 2152 δι’
895 2097 1204 2171 ἀνθρώπων
1227 2097 1338 2152 τῶν
1372 2098 1498 2153 καθ’
1528 2100 1678 2172 ἡμᾶς
1706 2116 1868 2170 γεγο-

269 2189 424 2256 νότες,
456 2190 647 2244 καίτοι
681 2188 822 2243 πολὺ
867 2188 991 2244 λίαν
1021 2188 1240 2262 ῑχοντις
1278 2188 1343 2244 τὸ
1371 2189 1692 2264 θεοπρεπὲς·
1726 2190 1761 2265 ἢ
1804 2190 1868 2246 τδ

269 2281 478 2353 Πνεῦμα
505 2281 772 2351 λέγοντες
801 2280 890 2334 ἀεὶ
923 2281 1269 2353 μορφοῦσθαι
1297 2281 1438 2354 πρὸς
1470 2276 1610 2346 εἶδος
1636 2281 1699 2335 τὸ
1739 2281 1866 2337 καθ’

268 2377 428 2447 ἡμᾶς,
464 2373 526 2441 ἐξ
546 2375 806 2446 ἀνάγκης
831 2374 1247 2446 ὁμολογήσομεν
1277 2374 1374 2429 καὶ
1403 2375 1483 2458 είς
1516 2373 1702 2448 Κῦρον
1733 2367 1868 2430 αὐτὸ

1979 1924 2210 1983 malum,
2232 1915 2329 1987 qui
2364 1916 2539 1972 Deum
2563 1931 2675 1972 non
2700 1926 2952 1972 noverat.
2990 1917 3210 1972 Dictum
3232 1917 3383 1971 enim
3403 1925 3488 1971 est
3510 1916 3578 1970 ad

1975 2023 2142 2064 eum:
2175 2027 2194 2061 ι
2226 2009 2310 2064 Tu
2343 2024 2478 2065 vero
2504 2025 2616 2065 non
2651 2009 3026 2082 cognoscebas
3067 2024 3156 2064 me
3177 2009 3245 2063 ”.
3277 2028 3296 2062 ›
3332 2008 3578 2064 Sublatis

1975 2115 2112 2157 vero
2152 2100 2224 2157 iis
2269 2117 2393 2172 quae
2440 2102 2499 2159 in
2537 2102 2704 2176 typis,
2753 2102 2954 2158 umbra
2989 2101 3219 2173 quidem
3254 2102 3578 2157 censebitur

1972 2195 2196 2252 Aaron:
2222 2195 2533 2252 Zorobabel
2562 2205 2750 2252 autem
2785 2195 3102 2252 Salathielis
3132 2193 3300 2261 ﬁlius,
3325 2203 3383 2250 et
3416 2194 3578 2251 Iesus

1972 2285 2208 2344 Josedec
2236 2285 2405 2354 ﬁlius,
2430 2287 2693 2345 sacerdos
2716 2301 2970 2361 magnus,
2997 2287 3139 2344 nihil
3174 2295 3378 2361 praeter
3411 2287 3575 2344 inane

1974 2387 2032 2434 et
2054 2378 2236 2434 solum
2261 2392 2467 2434 nomen
2499 2377 2808 2434 habebunt.

266 2473 664 2529 διαπεπλᾶσθαί
713 2489 874 2538 ποτε,
927 2471 1022 2526 τὸν
1078 2472 1180 2527 οὐκ
1236 2472 1418 2528 εἰδότα
1449 2471 1611 2530 Θεόν,
1644 2472 1878 2546 Εἰρηται
1916 2475 2026 2548 γὰρ
2055 2476 2193 2548 πρὸς
2231 2475 2420 2543 αὐτὸν,
2457 2495 2476 2529 ι
2521 2476 2595 2531 Σὺ
2657 2475 2718 2530 δὲ
2782 2477 2884 2532 οὐκ
2913 2476 3060 2550 ᾔδεις
3096 2493 3186 2548 με.
3222 2493 3243 2530 ι
3289 2475 3578 2548 ’Δναιρου-

269 2568 432 2639 μένων
473 2566 532 2620 δὲ
566 2566 685 2622 τῶν
728 2567 788 2622 ὲν
823 2564 1039 2632 τύποις,
1077 2565 1211 2620 σκιὰ
1246 2567 1347 2640 μὲν
1379 2567 1511 2632 ῐσως
1563 2566 1594 2620 6
1639 2566 1873 2642 Ἀαρών·
1914 2570 2224 2642 Ζοροϐάϐελ
2247 2571 2303 2625 δὲ
2329 2573 2357 2625 6
2380 2570 2475 2625 τοῦ
2499 2571 2791 2644 Σαλαθιὴλ,
2821 2572 2918 2627 καὶ
2981 2571 3083 2644 μέν
3138 2588 3220 2626 τοι
3241 2571 3336 2628 καὶ
3367 2569 3575 2644 Ἰησοῦς

265 2665 292 2718 6
315 2659 399 2718 τοῦ
457 2658 718 2714 Ἰωσεδὲκ
767 2661 795 2712 6
829 2657 1010 2732 ἱερεὺς
1055 2659 1084 2712 6
1121 2657 1319 2730 μέγας,
1363 2660 1423 2714 ὲν
1457 2655 1720 2730 ὀνόμασιν
1758 2657 1869 2715 εἷεν
1908 2660 1976 2716 ἂν
2003 2662 2180 2733 ψιλοῖς
2209 2681 2271 2728 τε
2300 2664 2396 2718 καὶ
2427 2663 2631 2735 μόνοις.

328 2752 389 2818 ζ’.
441 2752 582 2807 Ἀλλ’
619 2746 780 2824 οἶμαι
806 2750 873 2823 δὴ
907 2750 1108 2822 μᾶλλον
1134 2751 1200 2805 ὲκ
1224 2747 1488 2823 λογισμοῦ
1520 2749 1616 2805 τοῦ
1652 2751 1864 2816 είκότος

267 2848 779 2920 ἀναπεπεισμένους
811 2847 1152 2903 συναινέσειν
1186 2846 1386 2920 ὀρθῶς,
1421 2849 1499 2913 ὡς
1535 2842 1605 2920 ἦν
1639 2848 1739 2920 μὲν
1767 2848 1864 2904 άν-

269 2942 467 3013 θρωπος
490 2943 518 2995 6
543 2939 918 3011 Μελχισεδὲκ,
953 2939 1164 3004 πόλεως
1200 2938 1502 3010 βασιλεύων
1529 2939 1630 3011 τῆς
1652 2941 1862 3012 Σαλήμ·

2043 2755 2098 2809 7.
2139 2755 2210 2811 At
2247 2771 2402 2822 vero,
2442 2755 2538 2826 qui
2569 2765 2734 2824 rectae
2763 2755 2995 2812 rationis
3013 2756 3287 2828 judicium
3333 2773 3574 2829 sequun-

1971 2855 2084 2913 tur,
2115 2847 2303 2918 potius
2322 2847 2700 2918 probaverint,
2745 2847 3030 2904 hominem
3056 2844 3245 2905 'fuisse
3279 2850 3573 2908 Melchise-

1972 2942 2097 3006 dec,
2127 2956 2312 3012 regem
2347 2940 2592 2995 civitatis
2629 2939 2833 2996 Salem.
2859 2940 3020 2996 Hunc
3047 2957 3181 2996 vero
3199 2942 3363 2997 nobis
3391 2943 3447 2997 in
3488 2951 3573 3015 ty-

265 3036 420 3090 τύπον
463 3033 520 3089 δὲ
559 3035 706 3105 ἡμῖν
748 3032 912 3086 αὑτὸν
975 3031 1213 3085 ἐποιεῖτο
1252 3032 1517 3104 Χριστοῦ,
1572 3032 1864 3097 λεπτόνους

1973 3050 2106 3106 pum
2125 3031 2333 3089 Christi
2353 3031 2644 3103 proposuit
2669 3031 2874 3086 Paulus
2887 3072 2900 3097 ,
2922 3031 3143 3086 subtilis
3159 3032 3574 3103 acerrimusque

267 3128 337 3191 είς
377 3126 614 3199 θεωρίας
664 3125 1048 3196 πνευματικὰς
1095 3124 1360 3198 ὑπάρχων
1407 3127 1435 3180 6
1477 3125 1716 3191 Παῦλος·
1773 3127 1863 3181 ὲν-

271 3218 534 3290 ιστάμενοι
562 3219 627 3271 δὲ
673 3216 816 3288 μετὰ
860 3214 1044 3282 τοῦτο,
1099 3216 1194 3272 καὶ
1228 3216 1382 3270 οὐδὲν
1417 3209 1582 3289 ἦττον
1616 3216 1870 3288 λέγουσιν

267 3309 334 3375 ὡς
352 3309 644 3384 ἄνθρωπος
677 3309 780 3381 μὲν
825 3309 928 3362 οὐκ
952 3302 1021 3380 ἦν
1049 3308 1080 3362 ό
1128 3309 1469 3380 Μελχισεδέκ
1489 3325 1504 3341 ·
1533 3309 1596 3363 τὸ
1639 3309 1868 3383 Πνεῦμα

268 3402 317 3456 δὲ
361 3403 556 3476 μᾶλλον
611 3402 680 3455 τὸ
721 3402 913 3470 ἆγιον·
945 3401 979 3472 ἢ
1015 3401 1148 3471 γοῦν
1193 3402 1358 3474 ἑτέρα
1386 3420 1470 3467 τις
1497 3401 1726 3475 δύναμις
1755 3403 1867 3458 τῶν

270 3498 458 3552 ἄνωθεν
511 3497 614 3550 καὶ
668 3493 730 3559 ἐξ
777 3492 1038 3565 ούρανοῦ,
1093 3493 1194 3567 τὴν
1234 3493 1623 3566 λειτουργικὴν
1667 3495 1866 3568 ἔχουσα

268 3588 429 3655 τάξιν·
470 3589 626 3643 δοκεῖ
664 3589 774 3660 γὰρ
811 3582 916 3644 ὧδε
959 3589 1179 3659 φρονεῖν
1207 3586 1444 3658 ἑτέροις,
1477 3585 1654 3641 ἐκεῖνό
1683 3604 1866 3659 φαμεν

270 3681 566 3749 ἀναγκαίως
610 3682 698 3735 ὅτι
754 3678 1214 3752 πλημμελήσονσι
1269 3677 1414 3733 κατὰ
1464 3677 1559 3732 δύο
1602 3678 1862 3750 τρόπους,

271 3772 353 3824 καὶ
373 3772 469 3846 τὴν
499 3771 662 3827 θείαν
695 3771 791 3826 καὶ
823 3771 1066 3843 ἄρρητον
1093 3769 1188 3824 τοῦ
1231 3768 1550 3841 Πνεύματος
1589 3768 1753 3841 φύσιν
1783 3771 1866 3834 είς

269 3861 349 3914 τὸν
379 3862 450 3933 μὴ
493 3862 784 3934 πρέποντα
829 3860 1032 3933 τρόπον
1078 3859 1216 3931 αὐτῇ
1267 3858 1711 3932 κατασύροντες,
1767 3859 1864 3914 καὶ

270 3953 358 4026 τὴν
405 3955 678 4026 γεννητὴν
723 3953 821 4008 καὶ
874 3953 1259 4026 πεποιημένην
1317 3952 1520 4019 κτίσιν,
1563 3954 1646 4018 είς
1701 3952 1863 4020 δόξαν

272 4046 525 4120 ὑπερτενῆ
581 4046 892 4118 φληνάφως
942 4045 1392 4116 ἀνακομίζοντες.
1449 4045 1584 4100 Τίνα
1656 4046 1862 4119 τρόπον

271 4138 384 4211 ὲρῶ.
407 4139 734 4212 Γέγραπται
763 4139 896 4210 περὶ
923 4137 1018 4191 τοῦ
1041 4137 1400 4209 Μελχισεδὲκ,
1427 4137 1505 4202 ὡς
1529 4158 1548 4191 ι
1582 4133 1650 4200 ἦν
1680 4138 1862 4212 ἱερεὺς

269 4233 350 4288 τοῦ
395 4235 524 4289 Θεοῦ
562 4234 820 4306 ὑψίστου.
859 4252 878 4285 ι
928 4233 991 4287 Εἰ
1029 4232 1086 4286 δὲ
1139 4232 1204 4305 δὴ
1249 4231 1312 4287 τὸ
1343 4231 1571 4304 Πνεῦμα
1599 4235 1669 4290 τὸ
1706 4231 1861 4304 ἅγιόν

272 4325 402 4380 ἐστιν
438 4328 464 4380 6
501 4327 871 4398 Μελχισεδὲκ,
915 4323 1288 4396 κατεκομίσθη
1323 4324 1512 4381 λοιπὸν
1557 4327 1614 4380 ἐν
1646 4327 1861 4398 ἱερουρ-

1970 3124 2340 3197 spiritualium
2381 3123 2910 3194 contemplationum
2959 3124 3250 3196 indagator
3291 3126 3361 3178 9°.
3407 3126 3576 3182 Belu-

1970 3224 2183 3272 ctantes
2209 3231 2344 3271 vero
2377 3213 2434 3269 hi
2459 3214 2823 3269 nihilominus
2855 3213 3052 3270 dicunt
3083 3215 3574 3274 Melchisedecbo-

1968 3311 2176 3366 minem
2217 3325 2332 3365 non
2375 3307 2546 3364 fuisse
2576 3324 2592 3376 ;
2627 3306 2901 3378 Spiritum
2929 3323 3064 3364 vero
3091 3309 3277 3379 potius
3297 3317 3571 3378 sanctum,

1968 3410 2062 3458 aut
2093 3399 2300 3470 alioqui
2347 3399 2511 3454 aliam
2569 3397 2866 3469 quamdam
2904 3407 3232 3468 potestatem
3275 3415 3572 3470 supernam

1967 3502 2133 3564 atque.
2154 3492 2458 3557 caelestem,
2492 3488 2823 3546 sacerdotali
2852 3487 3135 3546 [unctione
3155 3491 3463 3560 praeditam.
3493 3491 3573 3548 Ita

1965 3585 2116 3640 enim
2157 3583 2492 3656 quibusdam
2521 3581 2725 3638 sentire
2748 3582 2946 3652 placet,
2973 3581 3070 3653 qui
3099 3582 3324 3653 quidem
3352 3583 3574 3640 duobus

1965 3675 2148 3733 modis
2167 3691 2358 3732 errare
2383 3672 2606 3730 dicendi
2631 3682 2782 3740 sunt,
2814 3689 2941 3730 cum
2961 3673 3208 3730 divinam
3238 3685 3406 3746 atque
3425 3675 3569 3732 inef-

1965 3770 2192 3826 fabilem
2239 3768 2484 3841 Spiritus
2537 3767 2716 3825 sancti
2749 3776 3002 3824 naturam
3049 3769 3120 3824 ad
3153 3784 3242 3836 ea,
3288 3785 3412 3840 quae
3464 3769 3571 3841 ipsi

1964 3862 2195 3919 minime
2215 3860 2576 3928 conveniunt,
2598 3860 2894 3916 demittant
2917 3879 2930 3916 :
2958 3868 3072 3915 tum
3094 3870 3424 3928 creaturam,
3447 3877 3571 3933 qua

1963 3957 2110 4012 facta
2145 3971 2210 4012 ac
2244 3962 2429 4010 creata
2468 3962 2574 4020 est,
2607 3954 2676 4009 ad
2723 3955 2952 4026 gloriam
2985 3953 3147 4026 longe
3175 3954 3292 4025 ipsa
3311 3956 3569 4026 superio-

1964 4064 2085 4106 rem
2115 4047 2316 4105 stolide
2345 4047 2633 4102 extollant.
2660 4046 2909 4114 Quonam
2942 4055 3126 4103 autem
3155 4056 3340 4118 pacto,
3362 4047 3565 4104 dicam.

1964 4140 2246 4213 Scriptum
2275 4149 2362 4196 est
2399 4139 2469 4196 de
2499 4139 2886 4206 Melchisedec,
2915 4140 3065 4212 quod
3111 4160 3129 4192 ι
3157 4149 3276 4196 erat
3309 4143 3567 4199 sacerdos

1962 4229 2062 4286 Dei
2105 4229 2363 4285 altissimi
2404 4230 2474 4284 ’⁷.
2511 4248 2530 4282 ι
2578 4229 2636 4285 Si
2677 4239 2863 4286 autem
2914 4230 3154 4302 Spiritus
3212 4241 3438 4288 sanctus
3480 4243 3568 4290 est

1961 4322 2353 4387 Melchisedec,
2396 4321 2638 4378 refertur
2685 4322 2833 4376 inter
2876 4323 3192 4378 sacerdotes
3221 4323 3480 4393 Spiritus,
3509 4334 3568 4399 et

271 4421 370 4488 τοῖς
411 4421 470 4475 τὸ
506 4420 761 4491 Πνεῦμα,
788 4419 885 4474 καὶ
927 4417 1313 4490 λειτουργικὴν
1356 4415 1474 4488 ἔχει
1520 4416 1622 4488 τὴν
1651 4413 1859 4489 ὑπουρ-

1969 4412 2295 4470 sacerdotali
2361 4411 2672 4470 ministerio
2725 4412 2992 4483 fungitur.
3056 4411 3334 4468 Laudabit
3379 4414 3566 4486 itaque

269 4511 396 4580 γίαν.
465 4514 738 4586 ’Υμνήσει
791 4511 857 4582 δὴ
888 4505 981 4565 οὖν
1031 4509 1126 4564 καὶ
1171 4507 1303 4563 αὐτὸ
1353 4507 1498 4579 μετὰ
1529 4507 1642 4564 τῶν
1683 4508 1859 4579 ἁγίων

274 4605 502 4674 αγγέλων
561 4606 660 4660 τὸν
709 4603 974 4658 ἀνωτάτω
1019 4601 1176 4657 Θεόν.
1229 4599 1550 4674 Γέγραπται
1591 4601 1726 4674 γὰρ,
1775 4601 1858 4656 ὅτι

279 4700 573 4769 «Εὐλογεῖτε
589 4700 689 4753 τὸν
712 4698 941 4770 Κύριον,
971 4694 1176 4758 πάντες
1214 4693 1263 4746 οἱ
1289 4690 1511 4762 ἄγγελοι
1533 4690 1724 4757 αὐτοῦ,
1753 4690 1860 4745 λει-

271 4793 473 4864 τουργοὶ
497 4791 694 4856 αὐτοῦ,
733 4790 783 4844 oi
825 4787 1109 4852 ποιοῦντες
1140 4785 1202 4839 τὸ
1223 4784 1438 4857 θέλημα
1465 4784 1656 4842 αὐτοῦ.
1704 4803 1724 4837 ι
1752 4783 1856 4856 Εῖη

271 4881 366 4954 γὰρ
388 4883 450 4937 ἂν
479 4879 784 4952 ούδαμόθεν
802 4875 1154 4949 ἁσυμφανὲς,
1185 4875 1262 4940 ὼς
1292 4873 1353 4939 ὃς
1381 4873 1556 4946 ἑτέρῳ
1583 4891 1686 4928 που
1709 4874 1852 4929 πάν-

271 4990 365 5038 τως
385 4974 680 5048 ἱερουργεῖ,
701 4972 794 5027 καὶ
817 4969 916 5041 οὐχ
931 4966 1110 5039 ἑαυτῷ
1122 4967 1183 5021 τὸ
1212 4965 1551 5039 ἱερουργοῦν,
1579 4967 1856 5039 ἱερουργεῖ

271 5065 320 5120 δὲ
336 5065 403 5138 τῷ
423 5066 561 5138 Θεῷ,
584 5065 664 5138 τῷ
692 5061 1009 5137 προύχοντι.
1035 5059 1246 5115 Οὐκοῦν
1269 5059 1323 5112 εἴ
1340 5075 1524 5130 φαμεν
1548 5058 1854 5132 ἱερατεύειν

273 5159 326 5211 τὸ
345 5159 580 5232 Πνεῦμα,
603 5159 706 5229 τὴν
731 5156 883 5211 Θείαν
918 5171 1020 5208 που
1053 5152 1272 5218 πάντως
1297 5149 1642 5222 ὑποκάθηται
1667 5149 1849 5220 φύσιν·

275 5253 400 5307 τελεῖ
434 5253 489 5307 δὲ
543 5251 751 5325 μᾶλλον
799 5248 895 5303 καὶ
928 5248 985 5300 ὲν
1029 5245 1302 5316 γενητοῖς,
1341 5243 1438 5297 καὶ
1478 5241 1852 5314 προσκυνήσει

279 5345 364 5414 μὲν
393 5346 505 5418 μεθ’
535 5345 712 5418 ἡμῶν.
761 5339 1011 5412 Ἀγιάσει
1041 5337 1100 5392 δὲ
1147 5336 1367 5400 πάντως
1391 5333 1492 5406 οὐχ
1516 5333 1698 5399 ἑαυτὸ,
1731 5331 1857 5387 ἐπεί

275 5453 346 5491 τοι
379 5440 437 5492 τὸ
479 5436 866 5508 ἀγιαζὸμενον,
923 5429 1192 5502 κρείττονί
1246 5445 1349 5482 που
1392 5428 1611 5490 πάντως
1646 5426 1680 5498 ἢ
1729 5424 1854 5479 καθ’

279 5529 421 5585 ἑαυτὸ
449 5531 541 5603 τὴν
591 5529 752 5600 φύσιν
793 5525 1105 5595 ἁγιάζεται.
1157 5519 1558 5592 ’Λγιασθήσετσ
1621 5517 1676 5572 δὲ
1733 5516 1854 5589 μεθ’

280 5621 434 5690 ἡμῶν.
478 5623 600 5686 Πῶς
639 5617 730 5678 οὖν
761 5619 843 5674 ’έτι
873 5617 966 5672 καὶ
1003 5615 1135 5680 Θεὸς
1165 5614 1306 5668 κατὰ
1339 5612 1502 5682 φύσιν
1532 5621 1594 5663 το
1628 5607 1854 5678 ἁγιαζό-

1959 4507 2128 4564 etiam
2160 4507 2278 4578 ipse
2305 4520 2433 4562 cum
2455 4504 2664 4576 angelis
2693 4503 2866 4559 Deum
2902 4503 3253 4559 altissimum.
3284 4503 3566 4576 Scriptum

1959 4608 2047 4656 est
2082 4598 2272 4656 enim:
2306 4617 2324 4650 ι
2360 4595 2678 4652 Benedicitc
2713 4596 2846 4660 Deo,
2877 4610 3071 4651 omnes
3088 4596 3268 4668 angeli
3286 4597 3429 4669 ejus,
3456 4598 3566 4654 mi-

1959 4692 2123 4748 nistri
2162 4691 2304 4763 ejus,
2325 4689 2592 4746 facientes
2622 4688 2962 4743 voluntatem
2999 4687 3175 4758 ipsius
3207 4689 3274 4743 ".
3313 4709 3330 4740 ›
3371 4689 3564 4760 Neque
3670 4713 3674 4716 ·

1957 4799 2092 4840 vero
2113 4783 2348 4839 dubium
2385 4797 2508 4838 esse
2534 4781 2761 4853 poterit,
2792 4780 2926 4850 quin
2952 4780 3048 4850 qui
3083 4780 3246 4836 alteri
3275 4782 3440 4838 alicui
3472 4797 3564 4838 sa-

1959 4875 2192 4942 criﬁcat,
2228 4892 2342 4933 non
2375 4874 2482 4931 sibi
2518 4873 2645 4946 ipsi,
2676 4873 2774 4930 sed
2807 4873 2940 4937 Deo,
2967 4882 3029 4928 ut
3055 4873 3354 4944 superiori,
3386 4875 3564 4930 sacri-

1963 4967 2110 5025 ﬁcet.
2135 4969 2408 5037 Quocirca
2430 4967 2476 5024 si
2501 4966 2740 5022 dicimus
2768 4965 3038 5037 Spiritum
3055 4965 3368 5021 sacerdotio
3383 4965 3560 5038 fungi,

1960 5061 2150 5118 divina
2189 5061 2419 5117 omnino
2465 5066 2664 5116 natura
2709 5057 2938 5113 inferior
2981 5057 3109 5122 erit,
3144 5065 3202 5112 et
3233 5057 3436 5113 creatis
3465 5073 3563 5115 ac-

1960 5151 2301 5216 censebitur,
2341 5149 2700 5220 adorabitque
2737 5163 2847 5202 una
2874 5147 3186 5202 nobiscum.
3235 5145 3563 5204 Sanctiﬁca-

1960 5243 2042 5298 bit
2065 5258 2200 5299 vero
2231 5258 2344 5297 non
2377 5241 2642 5312 seipsum,
2681 5238 2954 5310 siquidem
2978 5237 3127 5309 quod
3161 5239 3560 5308 sanetilicatur,

1959 5333 2332 5406 praestantiori
2370 5333 2558 5398 alicui,
2593 5347 2756 5402 quam
2794 5331 2974 5402 ipsum
2997 5347 3065 5388 ex
3089 5347 3190 5387 sua
3222 5339 3422 5388 natura
3455 5342 3560 5398 est,

1958 5424 2352 5481 sanetilicatur.
2392 5423 2840 5480 Sanctiﬁcabitur
2888 5424 3074 5496 itaque
3104 5424 3416 5481 nobiscum.
3441 5425 3562 5491 Quo

1957 5527 2120 5588 pacto
2159 5516 2326 5589 igitur
2363 5511 2510 5573 Deus
2542 5517 2847 5573 secundum
2869 5526 3122 5573 naturam
3157 5518 3283 5582 erit,
3317 5517 3373 5572 id
3409 5515 3558 5586 quod

1958 5610 2364 5666 sanctiﬁcatum
2407 5620 2493 5665 est
2510 5610 2533 5664 ?
2551 5609 2748 5666 Annon
2771 5610 2919 5664 enim
2949 5611 3130 5666 omnis
3149 5608 3406 5666 sacerdos
3428 5622 3556 5663 san-

340 5813 383 5846 “
407 5831 533 5887 .igg.
559 5831 614 5882 ll,
644 5815 695 5883 9,
729 5812 814 5868 10.
895 5811 941 5843 ’³
974 5811 1078 5866 lsa.
1107 5825 1229 5876 κων,
1287 5807 1331 5864 1.
1418 5806 1463 5840 ³⁸
1497 5804 1667 5862 Hebr.
1690 5819 1785 5873 vn,
1831 5803 2036 5874 lscqq.
2112 5805 2156 5839 ’7
2187 5801 2328 5861 Psal.
2363 5801 2542 5871 cmi.
2618 5797 2840 5876 "_Psal.
2877 5813 2968 5865 cn,
2993 5796 3086 5853 2|.
