4092 6466
563 304 633 368 99
1568 308 1625 364 S.
1663 306 1940 366 CYRllLl
1978 301 2451 365 ALEXANDle
2485 300 2799 365 ARCHIEP.

3740 306 3844 373 ιοο

565 428 863 493 ctillcatur,
913 436 1078 497 atque
1130 425 1204 481 ita
1239 426 1543 498 ingreditur
1575 426 1642 481 ad
1665 441 1949 481 sacrorum
1977 427 2132 482 admit

2263 444 2460 500 μενον;
2498 423 2573 481 ἾΙ
2603 427 2711 500 γὰρ
2756 428 2816 482 ού
2861 428 2966 493 πᾶς
2993 427 3172 501 ίερεὺς
3203 427 3513 501 ἁγιάζεται,
3547 426 3739 487 είσεισί
3780 452 3842 491 τε

567 519 952 575 nistrationem
991 519 1014 571 ?
1068 537 1087 569 ι
1115 518 1313 588 Neque
1358 517 1506 572 enim
1539 516 1831 588 quisquam
1861 518 2155 574 sumitsibi

569 609 836 665 honorem
863 608 1028 681 (sicut
1048 609 1311 680 scriptum
1337 606 1464 679 est),
1486 608 1582 663 sed
1600 608 1697 679 qui
1719 618 1948 666 vocatur
1963 626 1993 665 a
2019 610 2154 677 Deo,

569 709 832 772 tanquam
879 701 1061 755 Aaron
1099 701 1166 754 ⁹⁹.
1202 719 1220 751 ι
1264 699 1374 770 58
1414 699 1631 770 Adiecit
1681 708 1865 757 autem
1913 701 2154 758 Paulus:

577 810 597 843 ι
623 792 717 848 Sic
756 799 814 846 et
861 792 1115 847 Christus
1163 804 1276 844 non
1321 790 1680 859 semetipsum
1708 791 2061 862 'glorificavit,
2094 800 2158 849 ut

566 885 817 955 pontifex
850 884 1027 948 fieret,
1063 882 1161 938 sed
1192 881 1288 952 qui
1323 882 1555 938 locutus
1575 889 1661 940 est
1692 884 1761 940 ad
1784 899 1912 940 eum
1939 901 1953 938 :
1981 884 2155 942 Filius

566 988 728 1030 meus
761 988 823 1029 es
850 982 929 1037 tu,
968 986 1069 1044 ego
1095 973 1262 1028 hodie
1287 973 1456 1044 genui
1484 981 1555 1029 te.
1592 973 2065 1041 Quemadmodum
2095 984 2156 1033 et

562 1065 676 1122 alio
725 1066 781 1119 in
822 1065 946 1119 loco
995 1064 1136 1120 dixit
1172 1083 1186 1118 :
1224 1064 1307 1120 Tu
1360 1080 1422 1120 es
1461 1065 1721 1121 sacerdos
1770 1066 1829 1122 in
1883 1076 2149 1125 aeternum

526 1194 529 1199 -
562 1160 868 1216 secundum
888 1159 1142 1215 ordinem
1174 1159 1538 1215 Melchisedec
1564 1161 1602 1214 ¹.
1634 1179 1654 1212 ι
1682 1160 1979 1217 Sciendum
2001 1164 2151 1219 enim

559 1261 664 1317 est,
702 1253 850 1322 quod
877 1267 1058 1323 neque
1101 1252 1220 1323 ipse
1252 1252 1428 1308 Filius
1465 1253 1709 1308 Verbum
1750 1270 1819 1309 ex
1855 1255 2017 1313 Patre
2058 1271 2150 1313 sa-

559 1345 807 1399 cerdotio
850 1344 1001 1415 fungi
1047 1343 1284 1410 dicatur,
1313 1351 1371 1399 et
1399 1344 1454 1399 in
1492 1343 1919 1401 sacriﬁcantium
1952 1346 2149 1404 ordine

559 1450 702 1500 esse,
732 1436 841 1491 nisi
877 1437 933 1491 in
964 1444 1233 1506 quantum
1264 1435 1431 1491 homo
1458 1444 1686 1506 propter
1707 1451 1810 1492 nos
1833 1447 1918 1493 est
1947 1435 2145 1503 factus.

558 1537 617 1583 et
658 1529 803 1584 sicut
836 1540 1066 1586 vocatur
1120 1531 1373 1601 propheta
1426 1538 1483 1583 et
1517 1528 1786 1599 apostolus
1830 1531 1872 1596 ³,
1922 1541 2147 1602 propter

559 1619 969 1676 humanitatem.
999 1636 1166 1691 quam
1203 1620 1518 1691 assumpsit,
1561 1620 1637 1676 ita
1671 1622 1837 1677 etiam
1873 1625 2141 1680 sacerdos.

516 1692 521 1699 ’
555 1712 906 1767 Conveniunt
935 1713 1083 1767 enim
1120 1714 1310 1769 formae
1343 1713 1647 1780 servitutis,
1679 1715 1920 1771 servilia.
1963 1716 2143 1787 Atque

2258 519 2434 584 οὕτως
2482 521 2575 573 ὲπὶ
2620 520 2682 574 τὸ
2713 521 2909 592 χρῆναι
2953 521 3140 577 λοιπὸν
3190 523 3284 578 καὶ
3325 524 3667 598 ἱερουργεῖνς
3711 547 3730 580 ι
3765 529 3840 584 Οὐ

2257 612 2366 685 γὰρ
2392 611 2570 683 ἑαυτῷ
2605 629 2691 677 τις
2737 611 3007 684 λαμϐάνει
3041 613 3141 687 τὴν
3165 615 3354 688 τιμὴν,
3400 635 3419 668 ι
3458 618 3599 672 καθὰ
3638 619 3841 692 γέγρα-

2258 719 2411 766 πται,
2450 724 2470 755 ι
2505 702 2618 757 ἀλλ’
2649 703 3031 776 ὁκαλούμενος
3060 706 3166 760 ὑπὸ
3223 704 3317 761 τοῦ
3348 706 3508 773 Θεοῦ,
3572 711 3714 765 καθᾶ
3746 713 3842 767 καὶ

2269 793 2506 865 Ἀαρών.
2539 812 2559 847 ι
2587 795 2950 867 Προστέθεικε
2974 798 3032 852 δὲ
3059 800 3087 853 6
3107 799 3338 866 Παῦλος,
3367 801 3450 856 ὅτι
3493 822 3512 855 ι
3550 805 3659 859 Καὶ
3680 806 3842 873 αὐτὸς

2254 888 2283 941 6
2312 887 2548 958 Χριστος
2575 889 2674 961 οὐχ
2709 889 2904 945 ἑαυτὸν
2935 891 3156 958 ὲδόξασε
3200 897 3528 969 γεννηθῆναι
3556 900 3839 974 ἀρχιερέα,

2254 977 2370 1032 ἀλλ’
2394 979 2428 1032 ‘6
2451 976 2689 1051 λαλήσας
2719 980 2857 1052 πρὸς
2891 982 3076 1037 αὐτόν·
3112 984 3242 1051 Υἱὸς
3269 1003 3371 1059 μου
3398 988 3447 1043 εί
3480 991 3567 1053 σὺ,
3596 991 3708 1061 ἐγὼ
3738 995 3840 1064 σή-

2256 1084 2425 1140 μερον
2471 1068 2781 1141 γεγέννηκά
2809 1087 2889 1128 σε.
2928 1072 3127 1139 Καθὼς
3155 1078 3252 1131 καὶ
3278 1080 3336 1132 ὲν
3365 1080 3535 1152 ἑτέρῳ
3562 1081 3731 1151 λέγει,
3765 1085 3839 1138 Σὺ

2255 1160 2435 1234 ἱερεὺς
2475 1163 2556 1227 εἰς
2592 1161 2685 1219 τὸν
2718 1164 2890 1219 αίῶνα
2913 1167 3058 1222 κατὰ
3097 1168 3198 1241 τὴν
3228 1168 3384 1238 τάξιν
3416 1174 3770 1244 Μελχισεδέκ.
3814 1196 3834 1230 ι
3916 1188 3925 1197 ’

2252 1253 2465 1308 Είδέναι
2489 1250 2596 1328 γὰρ
2630 1256 2946 1327 ἀναγκαῖον,
2969 1256 3045 1326 ὼς
3070 1256 3180 1316 οὐδ’
3207 1263 3274 1317 ἂν
3304 1263 3469 1329 αὐτὸς
3492 1268 3521 1320 6
3556 1265 3682 1331 Υἱὸς
3715 1269 3744 1322 6
3775 1269 3839 1323 ὲκ

2248 1341 2386 1397 Θεοῦ
2414 1345 2629 1418 Πατρὸς
2655 1346 2846 1417 Λόγος,
2880 1349 3182 1422 ίερατεύειν
3211 1352 3449 1423 λέγοιτο,
3482 1357 3576 1410 καὶ
3606 1357 3664 1410 ἐν
3685 1357 3837 1424 τάξει

2249 1434 2503 1504 γενέσθαι
2552 1440 2618 1511 τῇ
2670 1438 3044 1517 λειτουργικῇ,
3092 1445 3143 1498 εί
3202 1445 3278 1519 μὴ
3317 1449 3491 1501 νοοῖτο
3518 1449 3641 1502 καθ’
3688 1451 3839 1522 ἡμᾶς

2250 1527 2512 1597 γεγονὼς,
2552 1533 2645 1587 καὶ
2692 1532 2883 1608 ὥσπερ
2926 1537 3190 1611 κέκληται
3234 1539 3548 1611 προφήτης
3585 1543 3679 1597 καὶ
3728 1543 3837 1616 μὴν

2248 1620 2341 1674 καὶ
2365 1622 2713 1694 ἀπόστολος
2733 1627 2823 1683 διὰ
2849 1628 2909 1682 τὸ
2936 1630 3298 1703 ἀνθρώπινον,
3330 1632 3474 1688 οὓτω
3496 1636 3591 1689 καὶ
3616 1638 3831 1705 (specie.

2246 1712 2456 1785 Πρέποι
2501 1718 2612 1789 γὰρ
2663 1718 2813 1791 αὐτῷ
2862 1721 2965 1792 τῆς
3010 1723 3255 1789 δουλείας
3308 1727 3573 1798 σχήματι,
3615 1728 3684 1782 τὰ
3714 1730 3836 1791 Gou-

556 1805 664 1862 hoc
696 1814 782 1862 est
819 1806 1140 1862 exinanitio.
1168 1807 1273 1875 Qui
1309 1807 1513 1863 etenim
1551 1810 1779 1879 aequalis
1814 1820 1936 1866 erat
1956 1810 2132 1879 'Patri,

2244 1805 2491 1880 λοπρεπῆ
2517 1825 2533 1841 ·
2574 1811 2667 1866 καὶ
2698 1811 2858 1866 τοῦτό
2889 1814 3038 1868 ἔστιν
3068 1816 3103 1887 ἠ
3133 1815 3385 1881 κένωσις.
3423 1819 3482 1872 '0
3515 1819 3622 1893 γὰρ
3654 1821 3836 1893 ύπάρι

553 1899 643 1954 cui
675 1900 842 1955 etiam
858 1888 1112 1970 ‘superna
1147 1899 1435 1971 Seraphim
1454 1902 1719 1958 assistunt
1743 1922 1756 1970 ;
1778 1905 1869 1960 cui
1893 1907 2141 1962 serviunt

552 1989 702 2043 mille
748 1989 919 2046 millia
971 1991 1292 2062 angelorum
1344 1993 1385 2059 ³,
1435 2001 1729 2064 postquam
1782 1999 2139 2068 semetipsum

549 2078 856 2133 exinanivit
886 2079 930 2145 δ,
960 2087 1093 2135 tunc
1122 2080 1347 2136 d‘emum
1371 2092 1686 2139 sanctorum
1714 2094 1773 2141 et
1802 2088 1920 2142 veri
1952 2088 2138 2145 taber-

551 2170 737 2223 naculi
771 2170 1029 2228 sacerdos
1047 2172 1358 2230 declaratus
1380 2175 1603 2232 dicitur.
1641 2177 1798 2235 Tunc
1817 2181 1982 2237 etiam
2009 2197 2138 2239 san-6

532 2260 827 2317 ~etiflcatus
866 2271 951 2320 est
989 2264 1283 2321 nobiscum
1323 2268 1371 2324 is
1398 2270 1493 2340 qui
1543 2284 1762 2327 omnem
1827 2284 2137 2331 creaturam

550 2361 812 2422 superat:
847 2374 866 2406 ι
897 2355 1001 2423 Qui
1032 2356 1181 2412 enim
1203 2359 1529 2427 sanetiﬁcat,
1562 2381 1582 2414 ›
1622 2363 1821 2434 inquit,
1851 2384 1870 2417 ι
1898 2374 1955 2421 ει
1975 2367 2011 2422 ii
2041 2368 2136 2439 qui

530 2445 985 2514 sanctificantur,
1022 2462 1091 2503 ex
1129 2464 1242 2505 uno
1275 2464 1490 2509 omnes.
1534 2453 1653 2521 Qua
1688 2456 1758 2512 de
1815 2473 1979 2516 causa
2022 2477 2137 2518 non

548 2536 721 2605 pudet
748 2538 927 2609 ipsum
961 2539 1160 2598 fratres
1187 2558 1319 2600 suos
1346 2559 1566 2613 vocare,
1596 2549 1788 2606 dicens
1819 2570 1832 2605 :
1859 2553 2137 2613 Nuntiabo

546 2642 752 2684 nomen
794 2638 949 2685 tuum
982 2631 1248 2690 fratribus
1285 2638 1424 2693 meis
1457 2639 1519 2693 δ’.
1554 2657 1573 2692 ›
1611 2640 1971 2701 Sanctificans
2004 2663 2136 2720 ergo

530 2720 714 2787 ~Deus,
758 2723 982 2792 quando
1012 2723 1195 2782 factus
1232 2735 1319 2783 est
1355 2730 1542 2798 homo,
1576 2740 1633 2788 et
1668 2733 1936 2793 habitavit
1958 2740 2015 2794 in
2036 2757 2137 2797 no-

545 2810 634 2867 bis
675 2813 720 2879 ⁵,
760 2823 1099 2887 vocatusque
1131 2825 1216 2873 est
1247 2819 1435 2888 frater,
1481 2825 1785 2882 secundum
1823 2829 2135 2890 humanita-

545 2911 679 2970 tem,
713 2912 847 2962 tunc
877 2908 1045 2962 etiam
1077 2910 1366 2968 nobiscum
1407 2916 1738 2974 sanctiﬁcari
1773 2921 1997 2980 dicitur.
2032 2925 2131 2981 Sa-

542 2994 795 3051 cerdotio
829 2996 999 3068 igitur
1039 2998 1215 3072 fungi,
1245 3013 1302 3058 et
1333 3005 1628 3063 nobiscum
1661 3013 2012 3081 sanetiﬂcari,
2035 3030 2135 3088 per

542 3098 766 3140 carnem
814 3096 1153 3159 assumptam
1204 3092 1307 3163 ipsi
1360 3097 1609 3154 accidit:
1655 3103 2131 3178 exinanitionique

2249 1916 2363 1970 χων
2406 1899 2467 1955 ἐν
2503 1903 2686 1973 μορφῇ
2734 1903 2830 1957 καὶ
2853 1903 3058 1976 ίσότητι
3089 1905 3184 1959 τοῦ
3218 1906 3452 1980 Πατρὸς,
3480 1902 3525 1977 ᾧ
3568 1911 3664 1963 καὶ
3698 1912 3839 1966 αὐτὰ

2247 1991 2316 2046 τὰ
2340 1993 2452 2048 ἂνω
2478 1998 2862 2068 παρεστήκασι
2891 1996 3168 2072 Σεραφῑμ,
3188 1994 3235 2071 ᾧ
3256 2001 3635 2076 λειτουργοῦσι
3665 2006 3838 2077 χίλιαι

2246 2086 2485 2157 χιλιάδες
2536 2089 2819 2159 ἀγγέλων,
2864 2092 3054 2166 ἐπειδὴ
3103 2096 3408 2151 κεκένωκεν
3444 2098 3665 2164 ἑαυτὸν,
3713 2101 3837 2155 τότε

2244 2177 2309 2249 δὴ
2345 2179 2466 2233 τότε
2514 2178 2625 2234 τῶν
2677 2180 2850 2251 άγίων
2877 2182 3188 2258 λειτουργὸς
3232 2187 3455 2260 καὶτῆς
3491 2193 3696 2261 σκηνῆς
3737 2191 3841 2264 τῆς

2245 2271 2510 2343 ἀληθινῆς
2556 2274 2940 2347 ἀναδειχθῆναι
2988 2276 3229 2347 λέγεται.
3260 2279 3395 2335 Τότε
3440 2284 3533 2336 κα)⁸
3573 2283 3837 2354 ἡγίασται

2248 2365 2368 2436 μεθ’
2443 2367 2602 2439 ἡμῶν
2655 2369 2685 2422 ό
2731 2369 2873 2441 ὑπὲρ
2926 2372 3107 2425 πᾶσαν
3170 2373 3369 2429 κτίσιν.
3422 2394 3441 2427 ι
3488 2375 3560 2429 ’Ὀ
3606 2393 3665 2430 τε
3726 2376 3838 2450 γὰρ

2244 2458 2506 2530 ἁγιάζων,
2548 2480 2567 2513 ι
2613 2462 2767 2532 φησι,
2804 2481 2825 2514 ‹
2867 2462 2959 2517 καλ⁵
3002 2465 3050 2517 οί
3078 2464 3428 2537 ἁγιαζόμενοι
3462 2468 3521 2533 ἐξ
3546 2469 3664 2534 ἐνὸς
3692 2470 3829 2524 πάν-

2241 2569 2354 2617 τες.
2388 2554 2465 2607 Δι’
2498 2553 2567 2625 ἢν
2596 2555 2776 2610 αἰτίαν
2806 2556 2907 2611 οὐκ
2938 2557 3328 2630 ἐπαισχύνεται
3359 2561 3623 2632 ἀδελφοὺς
3647 2563 3837 2617 καλεῖν

2243 2646 2461 2711 αὐτοὺς,
2487 2646 2685 2717 λέγων,
2715 2647 3042 2718 Ἀπαγγελῶ
3063 2649 3123 2703 τὸ
3150 2651 3325 2724 ὄνομά
3346 2670 3441 2707 σου
3457 2656 3569 2719 τοῖς
3583 2654 3836 2726 ἀδελφοῖς

2245 2755 2366 2809 μου.
2419 2757 2437 2792 ι
2476 2739 2687 2795 Οὐκοῦν
2724 2743 2751 2795 6
2777 2740 3021 2811 ἁγιάζων
3057 2741 3134 2808 ὡς
3170 2743 3324 2811 Θεὸς,
3358 2746 3449 2800 ὅτε
3477 2746 3700 2816 γέγονεν
3736 2749 3835 2804 άν-

2242 2829 2480 2901 θρωπος,
2518 2830 2613 2886 καὶ
2646 2834 2953 2905 ἐσκήνωσεν
2986 2836 3046 2889 ὲν
3080 2836 3232 2908 ἡμῖν,
3275 2838 3371 2891 καὶ
3419 2840 3834 2912 κεχρημάτικεν

2240 2919 2470 2991 ἀδελφὸς
2498 2920 2641 2977 κατὰ
2659 2922 2719 2977 τὸ
2740 2922 3101 2996 ἀνθρώπινον,
3129 2927 3248 2981 τότε
3269 2930 3363 2982 καὶ
3392 2931 3488 2983 σὺν
3515 2933 3645 3002 ἡμῖν
3668 2931 3833 3002 ἁγιά-

2239 3010 2432 3074 ζεσθαι
2465 3012 2703 3083 λέγεται.
2756 3016 2912 3071 Ἔστι
2943 3018 3124 3073 τοίνυν
3165 3020 3262 3075 καὶ
3294 3022 3355 3076 τὸ
3381 3023 3493 3077 δεῖν
3527 3026 3832 3096 ἱερατεύειν

2239 3105 2335 3158 καὶ
2364 3104 2425 3159 τὸ
2447 3105 2770 3175 ἁγιάζεσθαι
2795 3107 2918 3180 μεθ’
2951 3110 3108 3181 ἡμῶν
3144 3112 3244 3183 τῆς
3271 3113 3411 3185 μετὰ
3446 3116 3648 3188 σαρκὸς
3676 3120 3830 3172 οίκοδ

542 3176 740 3248 ipsius,
773 3180 938 3236 modo
984 3191 1135 3239 recte
1165 3186 1372 3243 sentire
1416 3190 1673 3261 velimus,
1726 3195 1844 3252 haec
1885 3200 2132 3257 ascribe-

2237 3194 2446 3266 νομέας.
2483 3170 2595 3251 Καὶ
2635 3200 2753 3262 τοῖς
2795 3170 2904 3271 τῆς
2955 3170 3239 3268 κενώσεως
3271 3170 3532 3279 μέτροις,.
3558 3170 3827 3280 ὀρθῶς-τε
3902 3216 3919 3231 ⁸

540 3283 687 3324 mus.
739 3269 797 3325 Si
842 3286 978 3326 vero
1024 3271 1291 3343 Spiritum
1322 3286 1594 3348 sanctum,
1633 3297 1760 3338 cum
1783 3300 2134 3359 nequaquam

535 3374 602 3415 se
623 3361 1009 3428 exinaniverit,
1042 3366 1355 3423 sacerdotio
1372 3369 1621 3428 functum
1648 3373 1917 3444 dicamus,
1943 3379 2131 3437 divina

540 3452 723 3521 ipsum
758 3453 933 3524 gloria
969 3457 1271 3527 privamus,
1309 3470 1474 3532 atque
1505 3463 1565 3519 in
1601 3466 1672 3522 iis
1700 3482 1821 3538 quae
1854 3470 1967 3527 Deo
1987 3470 2131 3529 infe-

541 3545 688 3599 riora
718 3552 871 3610 sunt,
901 3548 1324 3617 constituemus,
1363 3553 1509 3609 inter
1543 3566 1728 3614 creata
1754 3560 2125 3633 collocantea;

538 3644 640 3692 aut
661 3638 956 3695 ostendant
986 3641 1149 3698 nobis
1184 3642 1453 3715 Spiritum
1488 3646 1886 3709 humanitatem
1912 3669 2123 3731 assume

538 3728 738 3799 psisse,
782 3730 1342 3807 inminutionemque
1383 3736 1572 3794 divino
1625 3743 1859 3801 consilio
1901 3728 2128 3805 institui-

538 3829 653 3876 tam
712 3824 1075 3893 sustinuisse,
1128 3829 1598 3899 quemadmodum
1656 3834 1879 3893 Filium.
1935 3839 2127 3912 Neque

536 3913 689 3969 enim
734 3931 862 3971 cum
898 3920 1388 3979 consubstantialis
1415 3925 1487 3980 sit
1505 3937 1694 3983 sancta
1723 3945 1788 3986 ac
1811 3934 2125 3991 veneranda

537 4004 804 4075 Trinitas,
852 4009 1060 4067 idcirco
1090 4013 1183 4067 cui
1216 4014 1450 4086 quisque
1482 4018 1722 4076 voluerit
1752 4038 2001 4093 personae
2034 4026 2126 4081 in—

536 4096 874 4153 carnationis
920 4100 1064 4155 ratio
1112 4101 1405 4158 tribuenda
1442 4114 1548 4160 est.
1577 4107 1777 4165 Factus
1805 4111 2010 4166 etenim
2040 4119 2125 4168 est

536 4191 722 4254 homo,
757 4204 868 4245 non
903 4190 1022 4260 ipse
1061 4193 1239 4260 Pater,
1275 4208 1386 4250 non
1426 4195 1665 4267 Spiritus
1687 4213 1948 4259 sanctus:
1972 4204 2124 4260 solus

534 4294 667 4336 vero
710 4282 901 4337 Pilius.
953 4282 1033 4338 Ita
1076 4298 1182 4340 nos
1227 4292 1395 4343 sacrae
1448 4289 1671 4347 Litterae
1720 4292 1939 4351 docent.
1975 4296 2119 4364 Quid

532 4369 703 4443 igitur
743 4381 1004 4444 torquent
1031 4376 1342 4445 veritatem,
1365 4381 1527 4452 eique
1549 4383 1657 4439 vim
1682 4384 1947 4454 inferunt,
1964 4397 2020 4444 et
2040 4389 2116 4456 id,

532 4465 681 4536 quod
703 4466 1094 4523 exinanitionis
1109 4470 1451 4528 occasionem
1465 4490 1575 4530 non
1595 4476 1808 4545 habuit,
1825 4478 2115 4551 Spiritum,

530 4552 780 4623 inquam,
807 4561 1056 4609 sanctum
1088 4557 1427 4615 exinanitum
1461 4565 1820 4632 contendunt,
1840 4568 1897 4622 in
1932 4584 2117 4626 sacer-

402 4672 417 4697 κ
531 4645 724 4700 dctum
747 4659 1036 4700 numerum
1054 4660 1180 4702 eum
1205 4649 1542 4709 referentes?
1566 4656 1823 4714 sacerdos
1846 4661 1992 4716 enim
2012 4662 2115 4719 fuit

531 4738 912 4794 Melchisedec.
945 4737 1216 4798 Caaterum
1268 4743 1325 4798 in
1349 4743 1639 4815 honorem,
1677 4749 1851 4816 aiunt,
1884 4752 2028 4821 Filii,
2057 4757 2111 4813 in

530 4842 720 4902 typum
758 4831 930 4889 futuri
967 4836 1087 4907 ejus
1116 4834 1224 4907 59
1250 4837 1539 4894 sacerdotii
1574 4841 1690 4911 ipse
1718 4858 1816 4913 per
1848 4860 1907 4901 se
1928 4854 2111 4904 trans‘

530 4920 799 4995 ﬁguratus
827 4935 912 4984 est
948 4927 1205 5000 Spiritus.
1232 4930 1396 5001 Ergo,
1421 4931 1654 4988 dixerim
1675 4934 1843 5004 enim,
1874 4941 2111 5013 neglexit

532 5012 771 5083 Spiritus
807 5026 1031 5075 sanctus
1078 5019 1343 5076 honorem
1385 5037 1739 5098 amoremque
1780 5027 1836 5084 in
1888 5012 2107 5099 Filium,

529 5120 865 5178 parvamque
893 5110 1059 5182 hujus
1082 5113 1159 5167 rei
1194 5128 1379 5168 curam
1402 5115 1587 5186 gessit.
1628 5116 1794 5190 Atqui
1818 5136 1927 5191 quo
1949 5133 2107 5192 pacto

529 5210 641 5251 non
685 5198 791 5251 hoc
836 5215 1037 5254 vanum
1078 5201 1314 5272 cogitatu
1334 5211 1388 5259 et
1409 5204 1556 5261 dictu
1586 5205 1805 5263 fuerit?
1829 5208 2111 5267 Gloriflcat

528 5287 677 5342 enim
723 5289 921 5345 Filium
952 5292 1288 5359 Paracletus,
1318 5296 1437 5357 hoc
1475 5308 1581 5363 est,
1628 5297 1887 5371 Spiritus.
1940 5302 2009 5357 Et
2038 5303 2106 5358 de

526 5379 650 5448 ipso
705 5380 885 5452 inquit
926 5402 938 5436 :
986 5384 1123 5441 «Ille
1152 5403 1239 5444 me
1265 5389 1590 5446 clariﬁcabit
1638 5393 1680 5445 ⁸.
1713 5412 1729 5443 ι
1777 5392 1881 5461 Qui
1941 5395 2106 5466 igitur

2228 3286 2331 3340 καὶ
2370 3286 2692 3362 ἀμωμήτως
2737 3294 2955 3364 φρονεῖν
3002 3295 3295 3368 ᾑρημένοι,
3325 3301 3397 3352 τὰ
3442 3301 3620 3356 τοιάδε
3652 3321 3830 3376 προσ-

2230 3375 2540 3448 γράψομεν.
2569 3379 2634 3434 ΕΙ
2658 3377 2715 3435 δὲ
2747 3382 2811 3453 δὴ
2836 3382 2898 3437 τὸ
2920 3384 3145 3457 Πνεῦμα
3178 3388 3432 3461 μηδαμοῦ
3461 3391 3560 3466 τὴν
3592 3375 3828 3450 κένωσιν

2232 3467 2654 3543 ὑπομεμενηκὸς
2692 3474 2994 3545 ἱερατεύειν
3047 3476 3299 3550 λέγομεν,
3343 3481 3502 3553 δόξης
3553 3485 3688 3539 αὐτὸ
3719 3488 3827 3560 τῆς

2230 3559 2572 3649 θεοπρεποῦς
2599 3563 2903 3637 ἐξοίσομεν,
2943 3569 3039 3623 καὶ
3081 3571 3138 3625 ὲν
3166 3574 3278 3637 τοῖς
3307 3569 3413 3628 ὑπὸ
3444 3574 3577 3630 Θεὸν
3604 3579 3822 3649 λογιούυ

2233 3647 2376 3718 μιθά
2418 3667 2543 3715 που,
2592 3653 2790 3725 μέτρον
2814 3655 2971 3745 αύτῷγ
2995 3656 3231 3724 διδόντες
3255 3662 3316 3716 τὸ
3345 3665 3625 3735 γεννητόν.
3658 3647 3733 3723 Ἢ
3757 3669 3822 3745 δὴ

2227 3737 2598 3797 δεικνύτωσαν
2643 3745 2776 3814 ἡμῖν
2827 3744 3247 3822 ινανθρωπῆσαι
3294 3751 3356 3806 τὸ
3418 3754 3662 3827 Πνεῦμα,
3726 3737 3821 3815 καί

2227 3826 2496 3886 ὑπόϐασιν
2542 3834 2892 3909 οἰκονομικὴν
2942 3838 3261 3912 ὑπομεῖναν,
3320 3844 3571 3918 καθάπερ
3622 3850 3818 3921 ἀμέλει

2227 3924 2324 3977 καὶ
2368 3922 2464 3979 τὸν
2494 3924 2643 3981 Υίόν.
2680 3929 2757 3982 Οὐ
2806 3931 2915 4003 γὰρ
2947 3933 3248 4009 ἐπειδήπερ
3281 3939 3433 3993 ἐστὶν
3464 3943 3753 4013 ὁμοούσιος
3781 3949 3814 4021 ἠ

2225 4012 2359 4082 ἁγία
2390 4015 2484 4070 καὶ
2514 4021 2965 4094 προσκυνουμένη
2998 4024 3191 4097 Τριὰς,
3211 4027 3471 4105 ταύτῃτοι
3491 4012 3612 4088 καθ’
3641 4012 3816 4113 οὗπερ

2224 4102 2294 4159 ἃν
2321 4104 2494 4198 ῑλοιτό
2521 4125 2607 4174 τις
2627 4113 2922 4198 προσώπου
2941 4117 3033 4171 τὸν
3060 4120 3158 4192 τῆς
3185 4102 3651 4198 ὲνανθρωπήσεως
3674 4102 3814 4185 καθἰ

2224 4197 2364 4267 οριιῖ
2405 4197 2579 4268 λόγον.
2655 4196 2853 4272 Γέγονε
2899 4207 3009 4280 γὰρ
3060 4209 3382 4282 ἄνθρωπος,
3425 4196 3525 4272 οὐκ
3573 4219 3739 4287 αὐτὸς
3782 4225 3812 4277 6

2223 4288 2436 4381 Πατὴρ,
2465 4292 2587 4346 οὐδὲ
2624 4294 2687 4349 τὸ
2730 4296 2957 4371 Πνεῦμα
2989 4301 3048 4356 τὸ
3077 4302 3252 4372 ἅγιον,
3310 4309 3472 4378 μόνος
3500 4311 3557 4366 δὲ
3596 4314 3625 4369 6
3658 4314 3810 4381 Υἱός.

2224 4379 2415 4447 οὕτως
2455 4383 2602 4457 ἡμᾶς
2628 4388 2685 4440 αι
2706 4386 2853 4444 θεῖαι
2890 4399 3433 4469 μεμυσταγωγήκασι
3462 4401 3698 4474 Γραφαί.
3746 4379 3813 4461 τί

2221 4474 2402 4529 τοίνυν
2430 4475 2860 4548 παραϐιάζονται
2888 4480 2987 4553 τὴν
3015 4485 3292 4558 ἀλήθειαν,
3327 4492 3420 4545 καὶ
3447 4492 3506 4546 τὸ
3536 4496 3811 4566 πρόφασιν

2221 4565 2324 4620 οὐκ
2353 4567 2477 4638 ἕχον
2511 4568 2604 4622 τοῦ
2646 4571 2981 4628 κεκενῶσθαι
3022 4576 3152 4646 δεῖν,
3197 4582 3341 4654 φημὶ
3368 4583 3434 4657 δὴ
3478 4586 3540 4640 τὸ
3582 4589 3812 4663 Πνεῦμα

2222 4657 2282 4710 τὸ
2314 4659 2487 4728 ἆγιον,
2529 4662 2586 4715 ὲν
2614 4664 2727 4727 τοῖς
2767 4664 2869 4736 τῆς
2910 4667 3196 4736 κενώσεως
3232 4679 3659 4750 κατακομίζουσι
3704 4657 3808 4755 μέο

2220 4764 2399 4820 τροις,
2430 4748 2587 4843 εἴπερ
2618 4753 2767 4808 ἐστὶν
2805 4755 3023 4829 άληθῶς
3066 4764 3177 4827 τοῖς
3213 4748 3515 4839 ἱερουργεῖν
3541 4748 3809 4843 τεταγμέ-

2220 4856 2340 4936 νοι-ς
2359 4842 2719 4936 μὲναρίθμιονς
2775 4847 2974 4921 Ἱερεύς
3021 4853 3123 4925 μὲν
3153 4855 3262 4929 γὰρ
3290 4852 3358 4932 ἦν
3387 4861 3415 4915 ό
3446 4862 3801 4936 Μελχισεδέκ.

2233 4929 2372 4984 Ἀλλ’
2403 4935 2483 4998 είς
2517 4937 2680 5008 τιμήν
2721 4955 2852 5011 φησι
2896 4941 2989 4996 τοῦ
3030 4943 3160 4998 Υίοῦ
3199 4929 3336 5019 πρὸς
3358 4950 3529 5007 τύπον
3679 4958 3804 5011 κατ’

2218 5026 2383 5080 αὑτὸν
2437 5029 2704 5102 ἐσομένης
2747 5036 3048 5110 ἱερωσύνης
3104 5044 3245 5097 κατὰ
3291 5050 3535 5121 καιροὺς,
3569 5052 3701 5106 αὐτὸ
3735 5054 3802 5107 δι’

2218 5116 2410 5173 ἑαυτοῦ
2431 5121 2860 5196 διεμορφοῦτοτὸ
2871 5129 3115 5203 Πνεῦμα.
3135 5135 3365 5203 αύκοῦν,
3382 5116 3648 5213 ἐρήσομαι
3668 5144 3799 5217 γὰρ,

2217 5212 2595 5288 κατημέλησεν
2637 5218 2743 5293 ἄρα
2782 5221 2843 5276 τὸ
2873 5222 3099 5297 Πνεῦμα
3137 5228 3199 5281 τὸ
3245 5229 3422 5300 ἅγιον,
3466 5234 3564 5308 τῆς
3586 5212 3802 5300 εἰςίτὸν

2217 5306 2344 5362 Υίὸν
2380 5311 2546 5381 τιμῆς
2588 5313 2683 5367 καὶ
2719 5314 2959 5388 ἀγάπης,
3011 5319 3104 5373 καὶ
3136 5321 3293 5393 ὀλίγα
3326 5325 3419 5380 τοῦ
3472 5306 3799 5402 πράγματος

2214 5403 2518 5472 φροντίζειν
2566 5405 2736 5470 ἀξιοῖ’
2786 5410 2963 5466 καίτοι
3012 5414 3130 5480 πῶς
3175 5417 3236 5470 ού
3285 5418 3450 5492 λῆρος
3502 5423 3604 5495 ἤδη
3638 5423 3798 5478 ταυτὶ

526 5470 797 5529 honorare
823 5474 960 5543 vult,
989 5485 1151 5548 atque
1177 5479 1281 5535 hoc
1301 5482 1521 5552 quidem
1549 5495 1836 5554 perpetuo,
1866 5501 1965 5541 cur
1992 5502 2101 5543 non

2259 5470 2266 5472 .
3109 5470 3127 5480 ν
3286 5470 3446 5492 "1r"
3509 5470 3604 5495 ΤἹ
3650 5470 3795 5478 "'"'

2237 5496 2477 5567 apcvei‘vi‘,
2502 5496 2708 5567 λέγειν;
2733 5500 2954 5567 Δοξάζει
2976 5504 3085 5579 γὰρ
3101 5510 3192 5563 τὸν
3218 5510 3348 5564 Υἰὸν
3370 5514 3398 5566 6
3414 5512 3795 5586 Παράκλητος,

630 5677 1028 5743 ’³Πεὶ)ι’.ι’,.ί,
1102 5681 1283 5738 'lbid.
1326 5684 1378 5747 εἰ,
1422 5684 1486 5749 6;
1539 5685 1622 5740 Cf.
1658 5686 1797 5743 Psal.
1833 5686 1945 5751 ".7
2003 5701 2059 5747 et
2115 5710 2132 5749 ί

630 5763 677 5785 ,η
738 5765 819 5785 νιν
869 5750 934 5785 m
1018 5751 1243 5785 δοιιιιςη
1286 5769 1321 5785 η
1370 5754 1401 5785 τ
1497 5756 1712 5785 tum...
1763 5775 1797 5785 ..
1846 5761 1901 5785 ιι
1969 5762 2069 5785 ια-
2115 5764 2132 5785 .

2272 5693 2345 5785 ll
2399 5700 2618 5785 ‘Apeut.
2648 5719 2797 5785 ξνιιι,
2828 5706 3197 5785 l5;_A_ct._n}.
3233 5714 3338 5779 22;
3389 5716 3560 5773 llcbr.
3609 5736 3689 5785 ιιι,
3730 5721 3787 5779 l.

546 5747 699 5805 man.
738 5750 952 5815 v1r,lO.
1018 5751 1421 5822 ⁸Ρ1ιί1ἰιι.ιι,7.
1477 5747 1728 5813 νιιεειπ.
1762 5747 1932 5828 η,ι⁷ι,
1968 5747 2132 5831 ιί;ι

2284 5747 2323 5751 --
2461 5747 2618 5758 _......
2649 5747 2797 5769 -..ιη
2833 5747 2928 5773 ιν,
2954 5747 3076 5765 aut.
3120 5747 3197 5770 nu.
3236 5747 3338 5779 ιιι,
3389 5747 3560 5773 "cur.

2242 5769 2508 5837 .xxr,‘25.
2561 5773 2606 5864 m‘"
2643 5773 2800 5830 Joan.
2849 5793 2886 5843 ι,
2938 5780 3025 5836 Η.
3086 5782 3105 5812 ⁸
3140 5783 3295 5842 Joan.
3350 5803 3437 5843 xvi
3466 5828 3480 5855 ,
3515 5790 3600 5846 ll.
