4092 6464
296 338 379 394 lOl
1309 322 1839 382 GLAPHYRORUM
1874 327 1940 383 lN
1981 328 2282 388 GENESIM
2327 327 2454 384 LIB.
2495 325 2559 384 li.

3483 333 3587 390 “‘2

291 453 519 510 τουτέστι
543 450 601 504 τὸ
617 445 992 520 Πνεῦμα.Καὶ
1019 445 1149 517 περὶ
1168 444 1336 499 αὑτοῦ
1365 461 1551 516 φησιν,
1584 461 1602 498 ι
1642 445 1879 510 Ἐκεῖνος

1985 451 2171 519 potius
2221 453 2406 506 Aaron
2445 461 2530 506 est
2585 449 2803 506 factus?
2832 461 2929 506 aut
2959 452 3134 524 Cyrus
3181 426 3472 509 Persarum
3519 468 3583 509 an

292 547 380 618 ἐμὲ
401 542 634 610 δοξάσει.
675 561 692 594 ι
727 539 803 593 Τὸ
831 539 1013 594 τοίνυν
1062 539 1228 610 τιμᾷν
1275 537 1551 610 ᾑρημένον
1587 538 1682 592 καὶ
1721 536 1881 590 τοῦτο

291 637 691 707 ἁκαταλήκτως,
739 634 792 686 τί
823 633 900 704 μὴ
959 631 1161 702 μᾶλλον
1197 631 1334 685 αὐτὸ
1363 632 1588 700 γέγονεν
1631 629 1876 703 ’Δαρὼν;

292 728 407 784 αὐτὸ
440 728 506 798 δὴ
546 729 644 780 καὶ
675 725 864 796 Κῦρος
905 725 934 776 6
965 723 1196 797 Περσῶν
1224 740 1284 776 τε
1313 723 1408 776 καὶ
1437 723 1642 795 Μήδων
1668 724 1882 795 κρατή-

293 839 405 886 σας;
448 821 538 874 καὶ
573 819 677 891 μέν
726 835 812 872 τοι
857 818 956 872 καὶ
994 817 1204 890 Ἰησοῦς
1233 817 1263 869 6
1309 815 1406 870 τοῦ
1468 815 1755 883 Ἰωσεδὲκ,
1789 816 1883 870 καὶ

293 916 381 986 μέν
417 930 498 966 τοι
546 913 644 966 καὶ
674 911 984 982 Ζοροὸἁὸελ
1025 913 1056 964 6
1083 909 1179 964 τοῦ
1228 907 1520 979 Σαλαθιὴλ,
1556 909 1585 962 6
1617 911 1681 962 ὲκ
1709 909 1882 980 φυλῆς

301 1006 476 1071 Ἰούδα,
505 1005 538 1074 ἦ
574 1004 667 1058 καὶ
708 1005 937 1074 Μωσῆς,
976 1003 1115 1076 πρὸς
1139 1003 1198 1057 ὃν
1238 1003 1454 1075 εἴρηταί
1486 1019 1590 1056 που
1617 1002 1716 1074 τὴν
1746 1004 1883 1075 Χρι-

292 1097 404 1152 ατοῦ
449 1097 732 1168 μεσιτείαν
766 1097 856 1165 ἐφ’
900 1093 1104 1150 ἑαυτοῦ
1131 1093 1477 1148 δεικνύονταο
1525 1111 1544 1146 ι
1587 1095 1882 1168 Προφήτην

290 1193 571 1259 ἀναστήσω
612 1191 801 1252 αὐτοῖς
825 1189 892 1242 ἐκ
923 1187 1034 1242 τῶν
1058 1187 1306 1257 ἀδελφῶν
1330 1187 1533 1251 αὐτῶν,
1563 1188 1754 1261 ὥσπερ
1797 1205 1878 1253 σε,

292 1285 374 1339 καὶ
394 1283 550 1337 δώσω
593 1284 722 1346 τοὺς
747 1282 940 1351 λόγους
973 1299 1075 1352 μου
1105 1283 1164 1334 ἐν
1191 1279 1272 1352 τῷ
1304 1280 1537 1352 στόματι
1563 1280 1751 1347 αὐτοῦ,
1789 1281 1884 1336 καὶ

293 1377 498 1446 λαλήσει
539 1376 730 1438 αὐτοῖς
780 1373 922 1428 καθὰ
955 1373 1023 1430 ἂν
1056 1373 1381 1444 ὲντείλωμαι
1406 1371 1600 1445 αὺτῷ;
1648 1391 1666 1424 ι
1705 1373 1772 1427 Τί
1808 1374 1882 1448 μὴ

294 1470 498 1538 γέγονεν
527 1467 666 1521 αὐτὸ
696 1468 791 1520 καὶ
826 1465 1034 1538 Ἰησοῦς
1071 1469 1100 1520 6
1125 1467 1222 1521 τοῦ
1250 1465 1433 1536 Ναυῆ,
1464 1467 1494 1520 6
1515 1466 1656 1536 μετὰ
1679 1467 1885 1521 Μωσὲα

296 1561 612 1634 στρατηγὸς,
659 1561 719 1624 ὃς
759 1559 1040 1614 διεϐίϐασε
1080 1559 1171 1614 τὸν
1239 1559 1514 1630 Ἰορδάνην
1555 1559 1683 1623 τοὺς
1735 1559 1885 1622 υἱοὺς

305 1655 537 1726 Ἰσραὴλ,
571 1655 672 1706 καὶ
696 1652 995 1724 περιέτεμε
1037 1651 1338 1723 μαχαίραις
1365 1651 1672 1722 πετρίναις,
1700 1652 1883 1705 είσκε-

295 1747 474 1816 κόμικε
510 1745 570 1800 δὲ
615 1746 712 1798 καὶ
741 1746 824 1807 εἰς
860 1743 961 1816 τὴν
987 1745 1090 1813 γῆν
1114 1746 1214 1815 τῆς
1250 1742 1619 1812 ὲπαγγελίαςς
1647 1742 1679 1814 ἢ
1703 1742 1804 1797 οὐκ
1826 1745 1884 1797 ὲν

1982 540 2266 596 Medorum
2326 543 2472 597 rex?
2514 542 2597 597 vel
2646 543 2806 598 Jcsns
2860 543 3006 600 ﬁlius
3056 545 3309 611 Josedec,
3369 559 3585 600 necnon

1983 633 2288 689 Zorobabel
2317 634 2638 690 Salathielis
2672 633 2909 691 ﬁliusex
2932 636 3080 690 tribu
3111 636 3280 701 Juda.
3316 646 3412 691 aut
3434 637 3586 708 Moy-

1982 741 2093 791 ses,
2147 725 2217 780 ad
2264 741 2430 796 quem
2475 725 2684 782 Christi
2733 726 3128 783 mediationem
3174 728 3288 783 sive
3318 729 3587 783 interces-

1982 819 2195 875 sionem
2236 835 2352 890 ιιι-αι
2390 835 2450 875 se
2478 819 2745 876 ferentem
2791 821 3004 876 dictum
3035 833 3160 876 est:
3207 840 3223 872 ι
3254 821 3588 890 Prophetam

1982 912 2266 968 suscitabo
2303 913 2387 968 eis
2420 928 2490 966 ex
2522 911 2792 967 fratribus
2821 926 3039 976 eorum,
3079 912 3226 967 sicut
3263 919 3339 973 te.
3368 919 3426 966 et
3444 911 3588 966 dabo

1983 1019 2268 1060 sermones
2290 1019 2445 1060 meos
2471 1004 2530 1059 in
2559 1019 2657 1060 ore
2689 1004 2885 1074 ipsius,
2907 1012 2964 1060 et
2991 1005 3254 1074 loquetur
3283 1004 3366 1059 eis
3391 1019 3588 1074 quem-

1982 1097 2280 1154 admodum
2317 1113 2634 1170 praecepero
2654 1098 2706 1153 ei
2737 1099 2757 1130 "
2785 1099 2809 1152 ?
2838 1117 2856 1150 ι
2894 1098 3005 1153 Αιιι
3029 1113 3128 1153 cur
3153 1113 3263 1154 non
3295 1097 3475 1153 factus
3503 1104 3592 1152 est

1980 1191 2148 1247 Josue
2174 1233 2188 1258 ,
2233 1191 2382 1246 illius
2406 1192 2579 1256 Nave,
2629 1189 2725 1261 qui
2763 1198 2890 1262 post
2931 1190 3151 1262 Moysen
3175 1190 3288 1245 dux
3311 1189 3591 1245 exercitus

1983 1283 2129 1340 fuit?
2157 1285 2251 1356 qui
2295 1284 2543 1339 traduxit
2579 1283 2858 1339 lsraelitas
2886 1299 2988 1354 per
3021 1284 3362 1339 Iordanem?
3391 1293 3448 1338 et
3474 1283 3588 1339 cir-

1983 1375 2247 1433 cumcidit
2271 1377 2467 1432 cultris
2489 1376 2742 1446 lapideis,
2777 1375 3105 1445 induxitque
3130 1374 3187 1428 in
3218 1383 3422 1428 terram
3454 1390 3588 1445 pro-

1984 1470 2304 1525 missionis?
2335 1469 2528 1524 Nonne
2552 1468 2702 1524 enim
2737 1468 2793 1523 in
2823 1465 3048 1523 Christo
3081 1465 3343 1537 baptizati
3372 1481 3584 1530 sumus,

1983 1568 2041 1616 et
2089 1559 2405 1616 circumcisi
2445 1559 2876 1615 circumcisione
2929 1573 3042 1613 non
3099 1557 3433 1621 manufacta,
3489 1573 3588 1627 per

1987 1651 2280 1721 Spiritum,
2306 1651 2437 1708 facti
2469 1640 2653 1706 autem
2695 1665 2889 1708 sumus
2919 1649 3167 1704 heredes
3214 1649 3368 1719 regni
3415 1651 3586 1704 cmlo-

1986 1741 2156 1796 rum?
2186 1740 2354 1811 Atqui
2394 1755 2506 1810 quo
2527 1749 2688 1812 pacto
2727 1756 2837 1796 non
2860 1740 3214 1795 manifestum
3249 1739 3356 1793 hoc
3375 1739 3591 1794 fuerit?

292 1835 498 1907 Χριστῷ
537 1833 961 1905 βεϐαπτίσμεθα
987 1836 1081 1888 καὶ
1110 1833 1566 1906 περιτετμήμεθα
1596 1834 1696 1906 μὲν
1726 1837 1877 1906 ἀχει-

1985 1829 2256 1896 Quocirca
2301 1831 2347 1886 si
2395 1830 2660 1900 Spiritum
2706 1839 3016 1886 statuemus
3049 1845 3269 1900 semper
3293 1828 3590 1884 formatum

296 1931 554 2002 ροποιήτῳ
601 1932 880 2002 περιτομῇ
933 1929 1024 1983 διὰ
1075 1928 1418 1999 Πνεύματος,
1471 1929 1779 2000 γεγόναμεν
1823 1928 1880 1984 δὲ

291 2024 608 2094 κληρονόμοι
643 2027 744 2095 τῆς
783 2023 895 2077 τῶν
923 2023 1173 2095 οὐρανῶν
1217 2022 1532 2094 βασιλείας;
1557 2024 1738 2078 καίτοι
1763 2022 1883 2088 sub;

290 2116 434 2172 τοῦτο
454 2117 554 2170 οὐκ
586 2117 860 2188 ὲναργέςς
893 2115 1102 2170 Οὐκοῦν
1124 2115 1158 2187 ἢ
1182 2116 1246 2170 τὸ
1278 2116 1506 2188 Πνεῦμα
1527 2115 1772 2188 δώσομεν
1796 2116 1884 2171 ἀεὶ

293 2209 686 2282 μυρφούμενον,
727 2209 822 2262 καὶ
868 2208 945 2272 ὡς
983 2210 1042 2262 ὲν
1069 2207 1287 2279 ἑκάστῳ
1310 2209 1422 2262 τῶν
1449 2209 1882 2280 ὠνομασμένων,

291 2302 367 2356 ινα
397 2304 610 2375 τιμήσῃ
643 2302 738 2355 τὸν
783 2301 936 2365 Υίὸν,
963 2301 1134 2373 ἡγουν
1181 2299 1336 2354 ἔσται
1369 2300 1557 2354 λοιπὸν
1605 2299 1814 2372 ἀληθὴς
1854 2300 1884 2353 6

290 2394 450 2462 λόγος,
473 2395 550 2458 ὡς
575 2395 743 2463 ὀλίγα
764 2393 861 2448 τοῦ
889 2394 1198 2466 πρέποντος
1225 2395 1628 2463 καταφωρᾶται
1653 2409 1886 2465 πεφρον-

1987 1931 2046 1980 et
2078 1923 2250 1979 veluti
2300 1923 2357 1978 in
2407 1939 2746 1994 unoquoque
2787 1938 3005 1988 eorum,
3038 1938 3180 1993 quos
3231 1922 3494 1985 diximus,
3531 1932 3591 1977 ut

1989 2017 2229 2073 honoret
2267 2016 2490 2081 Filium,
2540 2032 2673 2072 vere
2727 2017 2921 2086 utique
2965 2016 3185 2071 dicetur
3234 2031 3462 2086 parvam
3489 2015 3590 2069 de—

1986 2108 2326 2164 corationem
2374 2107 2680 2164 habuisse:
2722 2108 2931 2179 quippe
2979 2112 3075 2179 qui
3125 2118 3380 2164 veterum
3425 2106 3591 2162 alicui

1986 2215 2047 2256 se
2079 2200 2373 2256 immiserit
2401 2200 2458 2255 in
2481 2207 2669 2272 typum
2693 2215 2757 2256 ac
2783 2199 3206 2256 similitudinem
3229 2199 3374 2254 Filii.
3406 2199 3591 2270 Apage

1986 2294 2157 2364 igitur
2172 2308 2300 2348 cum
2329 2293 2437 2348 ista
2457 2291 2860 2362 cogitationum
2885 2290 3251 2347 absurditate.
3298 2289 3590 2346 Melchise-

1987 2388 2091 2444 dec
2121 2387 2308 2457 itaque
2345 2385 2513 2441 homo
2534 2384 2662 2450 fuit,
2682 2400 2795 2440 non
2815 2384 3056 2455 Spiritus
3080 2392 3325 2440 sanctus.

289 2492 443 2553 τικός·
469 2491 652 2562 ἐφῆκε
678 2489 790 2561 γὰρ
817 2489 882 2561 δὴ
908 2489 1020 2543 τῶν
1037 2489 1414 2560 ἀρχαιοτᾶρων
1436 2491 1578 2543 τισὶν
1598 2493 1678 2553 είς
1705 2489 1876 2543 τύπον
1913 2485 2010 2538 καὶ⁵
2075 2483 2338 2552 ὁμοίωσιν
2380 2481 2713 2535 πλάττεσθαι
2749 2479 2846 2535 τοῦ
2890 2480 3022 2536 Υίοῦ
3047 2495 3060 2511 °
3113 2481 3296 2550 ἄπαγε
3336 2480 3440 2552 τῆς
3479 2479 3592 2538 τῶν

285 2584 550 2655 λογισμῶν
593 2583 856 2646 ἀτοπίας.
902 2581 1116 2636 Οὐκοῦν
1153 2581 1445 2651 ἄνθρωπος
1469 2583 1495 2635 6
1518 2580 1879 2651 Μελχισεδὲκ,
1919 2574 2040 2646 οὐχὶ
2061 2573 2121 2627 τὸ
2142 2572 2370 2642 Πνεῦμα
2392 2571 2454 2625 τὸ
2478 2573 2656 2639 ἅγιον.

352 2678 420 2750 η’.
452 2679 578 2732 Ὅτι
623 2677 682 2730 δὲ
727 2674 929 2731 οὐδ’ἃν
971 2671 1113 2730 εἶναι
1145 2677 1318 2729 νοοῖτο
1355 2675 1589 2744 δύναμις
1627 2674 1760 2743 ἁγία
1790 2674 1886 2728 καὶ

288 2770 658 2842 λειτουργικὴ,
683 2769 832 2823 καθὰ
859 2770 1080 2840 φρονεῖν
1109 2766 1258 2832 ἐδοξέ
1283 2779 1416 2831 τισι,
1451 2768 1586 2838 φέρε
1619 2767 1680 2837 δὴ
1715 2765 1886 2836 λέγω·

291 2879 398 2934 μον,
423 2863 491 2918 τὰ
519 2861 582 2928 ἐξ
616 2861 850 2916 είκότων
883 2860 1237 2929 συλλέγοντες
1264 2859 1544 2932 λογισμῶν
1566 2861 1645 2923 είς
1663 2857 1764 2929 τὴν
1786 2857 1886 2928 τῆς

285 2958 535 3030 ἀληθείας
565 2955 876 3019 ἀπόδειξιν.
924 2954 1188 3018 Ἐκείνοις
1237 2953 1338 3024 μὲν
1385 2952 1516 3024 γὰρ,
1563 2951 1767 3006 τοιόσδε
1802 2966 1886 3014 τις

287 3053 371 3106 καὶ
415 3050 606 3118 σοφὸς,
646 3047 909 3120 καθάπερ
935 3043 1029 3101 οῦν
1060 3046 1266 3100 οἴονται
1309 3045 1451 3100 κατὰ
1485 3046 1630 3114 σφᾶς
1660 3041 1882 3105 αὐτοὺς,

288 3143 604 3214 συντέθηται
653 3141 836 3210 λόγος.
906 3139 1126 3210 Ἐπειδὴ
1174 3138 1309 3211 γὰρ,
1359 3137 1518 3206 φησι,
1569 3136 1884 3206 γέγραπται

287 3235 513 3308 περὶτοῦ
529 3233 902 3306 Μελχισεδὲκ,
924 3234 1000 3298 ὡς
1023 3251 1042 3284 ι
1075 3235 1306 3305 ἀπάτωρ
1322 3249 1382 3285 τε
1403 3227 1494 3304 ἦν,
1509 3232 1606 3286 καὶ
1629 3230 1885 3302 ἀμήτωρ,

285 3330 372 3382 καὶ
397 3329 500 3399 μὴν
527 3327 631 3381 καλ⁸
650 3326 1139 3395 ἀγενεαλόγητος»
1180 3324 1451 3394 εὐλόγηκε
1478 3321 1535 3375 δὲ
1562 3320 1741 3375 καίτοι
1761 3335 1888 3372 τοσ-

284 3421 430 3478 οῦτον
455 3421 588 3474 ὅντα
626 3419 721 3472 τὸν
771 3417 1052 3489 Ἁϐραάμ·
1091 3437 1110 3469 ι
1138 3417 1461 3484 Εὐλογεῖται
1483 3414 1540 3469 δὲ
1567 3413 1633 3466 τὸ
1665 3413 1887 3467 ἔλαττον

289 3512 384 3566 ὑπὸ
401 3513 494 3566 τοῦ
524 3511 844 3584 κρείττονος
865 3509 962 3563 καὶ
988 3508 1260 3580 μείζονος,
1289 3527 1307 3561 ι
1325 3508 1544 3578 ἁπάσης
1573 3503 1888 3574 ἀντιλογίας

285 3608 421 3678 δίχαο
455 3609 531 3678 μὴ
558 3604 817 3671 νοείσθω,
859 3603 984 3657 καθ’
1012 3605 1185 3675 ἡμᾶς,
1232 3601 1351 3656 ἀλλ’
1392 3601 1536 3654 ἔστω
1578 3599 1680 3670 τὴν
1721 3598 1887 3670 φύσιν

287 3699 528 3767 ἄγγελος,
557 3700 758 3770 ἤγουν,
786 3696 898 3750 τῶν
921 3697 1034 3750 ἄνω
1062 3695 1349 3767 δυνάμεων
1374 3696 1469 3748 καὶ
1493 3690 1886 3764 λειτουργικῶν

289 3791 378 3863 μία
403 3809 488 3855 τις
528 3791 710 3861 σεπτὴ
745 3789 842 3843 καὶ
865 3787 1258 3860 δεδοξασμένη.
1301 3785 1444 3856 Ἐγὼ
1474 3786 1555 3850 δὲ,
1583 3783 1884 3855 ἀγαπητοὶ,

284 3883 602 3956 τεθαύμακα
652 3882 811 3948 λίαν,
861 3885 912 3936 εἰ
957 3881 1159 3952 τρόπος
1212 3879 1416 3943 αὐτοὺς
1461 3877 1750 3940 εὐλαϐείας
1786 3876 1887 3947 τῆς

286 3974 359 4038 εἰς
395 3972 486 4028 τὸν
537 3973 838 4028 θεσπέσιον
879 3970 1153 4042 Ἀϐραὰμ,
1194 3969 1298 4040 τῆς
1331 3968 1428 4023 τοῦ
1471 3967 1745 4040 χρησίμου
1790 3966 1888 4020 καὶ

287 4066 579 4137 πρέποντος
605 4067 924 4136 ἀπεκόμισε
955 4064 1153 4136 θήρας,
1181 4063 1276 4116 καὶ
1310 4061 1420 4116 τῶν
1452 4060 1772 4130 ἀναγκαίων
1803 4061 1886 4124 εἰς

289 4159 532 4231 ἀληθείας
563 4158 792 4231 εὕρεσιν
815 4155 1217 4211 ἁπεϐουκόλισε
1240 4153 1540 4224 λογισμῶν.
1570 4154 1665 4216 Et;
1683 4151 1884 4223 ὁμοίω-

288 4267 365 4303 σιν
382 4251 491 4324 γὰρ
513 4252 584 4323 δὴ
612 4251 710 4304 καὶ
731 4249 907 4304 τύπον
919 4246 1014 4302 τοῦ
1050 4245 1400 4319 Ἐμμανουὴλ
1419 4242 1887 4317 παραδεικνύντες

287 4345 411 4413 ἡμῖν
438 4346 529 4398 τὸν
558 4343 934 4413 Μελχισεδὲκ,
976 4342 1078 4394 οὐκ
1124 4341 1206 4404 εἰς
1238 4340 1339 4410 τὴν
1373 4338 1482 4393 τῶν
1537 4337 1885 4410 πραγμάτων

2059 2667 2113 2721 8.
2144 2665 2303 2733 Quod
2335 2680 2470 2720 vero
2502 2679 2685 2736 neque
2719 2671 2965 2734 potestas
2988 2662 3173 2733 aliqua
3205 2671 3392 2719 sancta
3409 2673 3466 2720 et
3489 2665 3590 2720 ad-

1987 2758 2386 2814 ministratoria
2421 2757 2612 2822 fuerit,
2650 2765 2712 2812 ut
2740 2757 2992 2812 nonnulli
3012 2764 3283 2822 censent;
3317 2771 3437 2828 age,
3464 2771 3590 2812 rur-

1987 2866 2083 2907 sus
2129 2851 2383 2905 dicamus
2431 2850 2620 2904 ﬁrmas
2656 2849 2910 2904 rationes.
2939 2848 3010 2902 ad
3053 2848 3307 2904 veritatis
3355 2847 3590 2903 demon-

1986 2945 2312 2999 strationem
2363 2941 2733 2996 conferentes.
2777 2941 2860 2996 Illi
2901 2940 3051 2995 enim
3086 2939 3321 3010 pulchre
3362 2939 3470 2995 sibi
3507 2940 3593 2996 vi-

1988 3033 2192 3090 dentur
2233 3033 2551 3102 Opinionem
2601 3047 2757 3088 suam
2803 3031 3178 3087 constabilire.
3227 3029 3366 3086 Cum
3414 3032 3588 3100 enim,

1987 3127 2165 3193 aiunt,
2199 3127 2468 3198 scriptum
2493 3127 2565 3182 sit
2595 3126 2664 3182 de
2724 3125 3109 3190 Melchisedec,
3169 3123 3318 3194 quod
3377 3143 3396 3176 ι
3432 3135 3592 3197 patre

1985 3237 2053 3277 ac
2069 3229 2246 3276 matre
2263 3220 2526 3285 caruerit,
2549 3218 2808 3290 quodque
2831 3218 2984 3273 nulla
3010 3217 3160 3272 illius
3180 3216 3498 3288 genealogia
3519 3217 3540 3250 '
3564 3237 3584 3270 ι

1987 3324 2391 3382 recenseatur;
2440 3314 2726 3370 benedixit
2765 3327 2900 3368 vero
2938 3312 3175 3368 Abrahae
3226 3311 3594 3368 Melchisedec

1989 3409 2086 3463 tali
2120 3408 2409 3464 exsistenti
2443 3425 2456 3461 :
2491 3425 2510 3460 ι
2551 3406 2912 3462 Benedicitur
2944 3413 3128 3460 autem
3157 3405 3212 3460 id
3239 3405 3386 3475 quod
3408 3405 3594 3461 minus

1985 3510 2073 3558 est
2095 3518 2126 3556 a
2160 3503 2370 3573 majore
2391 3517 2456 3557 ac
2491 3501 2874 3571 praestantiore
2903 3501 2925 3532 ⁹
2954 3519 2972 3551 ι
3009 3500 3148 3555 citra
3171 3499 3336 3554 ullam
3365 3509 3591 3554 contro-

1985 3596 2223 3651 versiam
2255 3611 2270 3662 ;
2304 3610 2654 3665 nequaquam
2685 3594 3038 3648 existimetur
3066 3593 3234 3648 homo
3266 3593 3458 3657 fuisse,
3495 3593 3592 3648 sed

1985 3701 2057 3743 ex
2082 3702 2183 3742 sua
2207 3694 2408 3741 natura
2427 3685 2674 3756 angelus,
2701 3693 2798 3740 aut
2829 3683 3038 3754 alioqui
3063 3686 3380 3740 veneranda
3408 3685 3593 3756 aliqua

1984 3788 2043 3835 et
2081 3779 2322 3851 gloriosa
2359 3792 2601 3849 superna
2633 3786 2880 3848 potestas
2909 3785 3075 3849 atque
3097 3779 3589 3836 administratoria.

1984 3873 2102 3944 Ego
2124 3888 2280 3938 vero,
2300 3872 2486 3938 amici,
2507 3871 2756 3926 demiror
2773 3872 3156 3937 vehementer,
3183 3873 3229 3926 si
3253 3873 3396 3927 forte
3418 3872 3595 3942 pietas

1985 3968 2097 4039 eo
2140 3967 2394 4037 quaedam
2441 3981 2506 4021 ac
2555 3965 2870 4020 reverentia
2915 3981 3044 4037 erga
3094 3965 3372 4021 Abraham
3416 3981 3513 4021 eos
3561 3981 3592 4021 a

1987 4068 2141 4117 recto
2179 4061 2492 4126 abduxerit,
2534 4069 2591 4116 et
2620 4075 2650 4115 a
2684 4060 3018 4116 necessariis
3042 4060 3110 4115 ad
3140 4060 3430 4116 veritatem
3456 4074 3595 4114 con-

1986 4154 2328 4224 sequendam
2373 4153 2807 4225 cogitationibus
2851 4153 3139 4209 avulserit.
3187 4153 3325 4210 Cum
3357 4154 3506 4209 enim
3535 4153 3593 4208 in

1985 4247 2408 4302 similitudinem
2450 4248 2516 4302 ac
2567 4255 2756 4318 typum
2807 4245 3188 4301 Emmanuelis
3227 4244 3595 4301 Melchisedec

1985 4345 2259 4404 statuunt,
2295 4354 2406 4394 non
2441 4355 2628 4394 rerum
2653 4340 2978 4409 qualitatem
2999 4339 3376 4403 considerant,
3410 4353 3592 4408 neque

285 4438 539 4509 ποιότητα
567 4437 889 4507 βλέπουσιν,
913 4435 946 4506 ἢ
971 4435 1064 4489 τὸν
1079 4434 1181 4505 τῆς
1201 4432 1508 4506 ἱερωσύνης
1526 4431 1883 4502 δοκιμάζουσι

1990 4431 2285 4486 sacerdotii
2344 4430 2570 4486 modum
2622 4431 2932 4500 explorant,
2995 4430 3092 4484 scd
3154 4431 3341 4500 potius
3395 4445 3592 4487 eorum

287 4530 476 4602 τρόπον
501 4549 514 4560 ·
547 4531 914 4604 βασανίζουσι
961 4529 1020 4583 δὲ
1069 4528 1271 4599 μᾶλλον
1299 4525 1411 4581 τῶν
1440 4527 1520 4588 είς
1543 4524 1706 4578 τοῦτο
1737 4539 1881 4595 παρ-

288 4623 662 4692 ενηνεγμένων
687 4619 786 4683 τὰς
806 4619 1099 4689 φύσεις.Τί
1115 4617 1226 4688 γὰρ
1253 4617 1319 4670 ἂν
1336 4617 1548 4685 γένοιτο
1567 4615 1630 4668 τὸ
1653 4613 1882 4678 λυποῦν,

288 4713 411 4784 quin
425 4729 507 4776 τις
521 4713 596 4766 ἂν
626 4712 856 4775 εἰκότως
882 4711 1090 4777 αὐτοῖς,
1123 4708 1471 4778 εὐλογεῖσθαι
1497 4708 1592 4761 τὸν
1609 4707 1882 4779 Ἀϐραὰμ,

287 4803 357 4866 ὡς
392 4803 450 4870 ἐξ
490 4805 788 4876 ἀνθρώπου
823 4804 988 4874 τυχὸν
1036 4802 1130 4856 τοῦ
1166 4802 1525 4873 Μελχισεδὲκ,
1574 4799 1681 4854 ’κᾶν
1719 4801 1766 4853 εἰ
1809 4798 1885 4871 μὴ

289 4896 448 4946 νοοῖτο
476 4895 748 4964 κρείττων
770 4893 973 4958 axi-:06;
1000 4893 1075 4947 Ού
1108 4891 1218 4962 γὰρ
1249 4893 1306 4944 αἱ
1337 4887 1528 4962 φύσεις
1553 4893 1612 4944 ὲν
1645 4889 1878 4954 τούτοις,

286 4985 390 5038 ἀλλ’
420 4989 448 5041 6
483 4988 595 5042 τῶν
619 4987 920 5060 δρωμένων
945 4985 1304 5056 δοκιμάζεται
1327 4984 1474 5050 νοῦς,
1504 4984 1600 5038 καὶ
1623 4984 1724 5055 τῆς
1749 4983 1880 5053 ἀλτγ

289 5075 428 5143 θείας
453 5080 500 5133 οἱ
530 5079 705 5148 λόγοι,
743 5077 853 5132 τῶν
893 5074 954 5132 ἓν
1003 5079 1186 5142 σκιαῖς
1233 5075 1576 5146 αἰνιγμάτων
1621 5076 1878 5146 ἀμείνους

290 5171 942 5240 προαναφαίνονται.”οτι
958 5170 1072 5242 γάρ
1092 5171 1212 5223 ἐστι
1234 5168 1344 5222 τῶν
1363 5167 1482 5222 λίαν
1504 5168 1878 5232 ἁτοποτάτων,

290 5264 400 5334 οὐχὶ
440 5265 510 5318 τὰ
549 5267 615 5318 ὲκ
643 5264 753 5318 τῶν
794 5266 1220 5336 σημαινομένων
1259 5261 1724 5336 ἀντιπαρεξάγειν
1768 5265 1882 5328 τοῖς

290 5357 343 5409 ὲν
376 5361 577 5422 σκιαῖς,
616 5359 704 5411 ἐπ’
730 5359 904 5422 αὐτὰς
932 5358 990 5412 δὲ
1026 5357 1230 5430 μᾶλλον
1259 5357 1396 5412 ἱέναι
1425 5357 1526 5420 τὰς
1559 5357 1754 5426 φύσεις
1774 5356 1882 5409 τῶν

291 5452 363 5514 είς
405 5452 569 5522 μέσον
612 5453 1017 5524 ὲνηνεγμένων,
1063 5453 1187 5526 εἴσῃ
1225 5469 1309 5506 τοι
1343 5450 1658 5506 κάντεῦθεν.
1721 5451 1882 5504 ’Λπό-

292 5541 469 5610 λεκτος
501 5540 573 5616 ἦν
627 5545 864 5617 Ἀαρὼν,
899 5545 1261 5617 προεστηκὼς
1294 5545 1392 5599 καὶ
1436 5543 1742 5614 ἡγούμενος
1783 5545 1884 5614 τῆς

294 5635 444 5704 ἁγίας
491 5638 730 5710 σκηνῆς,
787 5641 912 5704 ταῖς
959 5639 1228 5694 ἀνωτάτω
1275 5637 1464 5708 τιμαῖς
1509 5639 1568 5691 ὲν
1612 5636 1880 5707 ἱερωσύνῃ

362 5816 382 5850 ⁷
411 5819 570 5875 Deut.
606 5836 752 5887 ςγιιι,
804 5819 906 5887 18;
952 5783 1156 5874 Actrm
1187 5863 1200 5889 ,
1254 5821 1342 5875 Ἡ.
1422 5819 1441 5851 ⁸
1472 5819 1642 5876 llcbr.
1677 5836 1770 5887 vn,
1813 5819 1866 5873 ὗ.

1988 4523 2194 4594 quibus
2227 4523 2283 4578 id
2313 4521 2475 4579 ofﬁcii
2513 4539 2688 4594 genus
2713 4523 2956 4577 delatum
2989 4531 3097 4588 est,
3134 4531 3364 4580 naturas
3404 4523 3592 4595 inqui-

1987 4625 2138 4671 runt.
2169 4615 2312 4682 Quid
2359 4617 2508 4672 enim
2555 4615 2837 4671 obstiterit
2867 4617 3088 4689 (merito
3133 4616 3258 4686 quis
3312 4617 3378 4671 iis
3419 4617 3590 4690 dicat)

1989 4710 2292 4780 quominus
2318 4709 2598 4766 Abraham
2644 4709 2976 4766 benedictus
3015 4712 3088 4767 sit
3128 4727 3159 4766 a
3206 4712 3589 4778 Melchisedec,

1987 4801 2254 4856 nimirum
2287 4811 2350 4858 ut
2380 4803 2450 4858 ab
2483 4803 2731 4869 homine,
2767 4805 2986 4860 etiamsi
3012 4805 3160 4860 hunc
3192 4805 3284 4859 illo
3319 4821 3430 4859 non
3476 4821 3588 4862 ma-

1983 4895 2166 4965 jorem
2195 4910 2316 4950 esse
2339 4897 2880 4968 crcdamus?Neque
2927 4897 3076 4953 enim
3121 4898 3178 4952 in
3224 4899 3312 4953 his
3356 4909 3589 4965 naturae,

1990 4986 2088 5041 sed
2123 5001 2318 5042 eorum
2355 5005 2478 5059 qua:
2512 4999 2769 5061 aguntur,
2813 5005 2971 5046 mens
3006 4989 3358 5060 expenditur,
3385 4991 3589 5047 verita-

1990 5079 2173 5150 tisque
2197 5095 2487 5137 sermones
2507 5081 2696 5153 ﬁguris
2715 5099 2932 5148 eorum,
2955 5098 3078 5152 quae
3102 5081 3158 5136 in
3189 5081 3403 5139 umbris
3429 5083 3588 5150 ﬁunt,

1990 5174 2404 5242 praestantiores
2462 5183 2782 5230 censentur.
2851 5175 3010 5242 Quod
3067 5177 3216 5232 enim
3260 5177 3594 5235 absurdissi-

1988 5279 2140 5319 mum
2187 5265 2280 5331 sit,
2331 5283 2443 5322 non
2484 5282 2550 5322 ea
2579 5283 2701 5337 qua:
2746 5268 3148 5340 signiﬁcantur,
3173 5270 3388 5326 umbris
3417 5286 3590 5344 oppo-

1987 5373 2142 5422 nere,
2176 5359 2274 5413 sed
2298 5359 2484 5428 potius
2516 5374 2711 5415 eorum
2741 5378 2863 5432 qua:
2893 5363 2950 5417 in
2987 5364 3232 5420 medium
3261 5364 3590 5430 aﬂ‘ernntur,

1988 5457 2218 5504 naturas
2273 5451 2608 5521 explorare,
2667 5455 2836 5510 etiam
2901 5455 3035 5512 hinc
3088 5456 3394 5526 intelligere
3437 5456 3588 5512 licet.

1975 5543 2249 5598 Delectus
2271 5545 2419 5599 enim
2447 5554 2566 5602 erat
2610 5549 2814 5614 Aaron,
2840 5565 2903 5604 ac
2923 5549 3222 5620 praefectus
3245 5557 3302 5603 et
3323 5547 3435 5602 dux
3464 5562 3592 5606 san~

1988 5637 2062 5691 cti
2093 5638 2460 5707 tabernaculi,
2496 5655 2755 5714 suprema
2780 5642 3106 5698 sacerdotali
3145 5640 3410 5712 dignitate
3450 5637 3588 5698 insi-

1943 5819 1964 5851 ’
1989 5819 2129 5876 lbid.
2184 5821 2242 5881 7.
