4092 6486
473 348 578 406 105

1497 343 1551 398 s.
1597 323 1872 398 (imum
1913 340 2382 398 ALsxANnmNI
2422 341 2740 400 ARCHIEP.

3650 351 3759 408 104

478 463 682 534 gnitus.
713 455 834 525 Quo
870 466 1030 530 pacto
1073 458 1241 531 igitur
1274 461 1645 515 sanctiﬁcatus
1670 460 1799 514 est?
1831 468 2065 515 mactato

2172 461 2640 533 κατεστεμμένος.
2668 460 2792 525 Πῶς
2814 454 2906 514 οὖν
2927 460 3184 531 ήγιάζετο
3207 478 3221 528 ;
3241 460 3274 532 ἢ
3293 461 3446 534 κριὸς
3464 459 3755 536 ἐσφάζετο,

477 554 674 613 ariete.
721 563 885 622 atque
912 553 1227 608 summitate
1266 552 1472 606 dextrae
1493 551 1670 622 ipsius
1699 552 1982 617 auriculae,
2012 563 2070 608 et

481 659 678 698 manus
703 659 766 698 ac
791 643 966 714 pedis,
989 644 1257 714 sanguine
1297 643 1601 713 perunctis,
1651 650 1816 712 atque
1859 643 1934 696 ita
1979 657 2067 696 sa-

481 734 728 792 cerdotio
774 735 1023 790 initiatus
1068 735 1196 789 est?
1222 734 1389 804 Atqui
1415 734 1648 789 dixerim
1686 734 2068 806 hujuscemodi

476 828 820 893 hominibus,
887 828 936 882 si
981 826 1194 881 naturis
1225 842 1420 881 eorum
1459 843 1582 898 quae
1614 826 1976 891 sanctiﬁcant,
2012 835 2070 882 et

477 934 671 975 eorum
717 933 838 988 quae
889 917 1323 984 sanetiﬂcantur,
1367 919 1651 974 adhaerere
1704 919 1909 973 bonum
1941 926 2064 984 est;

477 1027 657 1080 neque
686 1010 870 1080 potius
897 1009 1068 1064 veluti
1090 1024 1158 1063 ex
1187 1020 1317 1081 typo
1357 1019 1413 1065 et
1447 1011 1643 1065 umbra
1670 1009 1738 1064 ad
1767 1009 1942 1080 ipsam
1968 1023 2068 1064 ve-

477 1102 658 1155 ritatis
701 1101 1171 1170 pulchritudinem
1222 1117 1281 1158 se
1327 1103 1598 1167 conferre,
1629 1117 1738 1172 quo
1773 1110 1932 1172 pacto
1953 1101 2067 1172 jam

477 1192 659 1247 minus
687 1209 718 1247 a
759 1193 1142 1262 praestantiore
1169 1194 1563 1249 benedicitur?
1591 1193 1724 1264 quid
1763 1209 1896 1248 vero
1926 1209 2066 1263 prat-

477 1283 713 1338 stantius
751 1300 823 1339 ex
862 1284 950 1339 his
986 1283 1078 1349 sit,
1119 1285 1223 1356 ipsi
1267 1285 1472 1341 dicant.
1516 1287 1686 1341 Porro
1715 1283 1762 1340 si
1793 1285 2066 1341 Aaronem

475 1376 648 1431 ariete
688 1376 1012 1432 inferiorem
1047 1380 1365 1445 statuimus,
1399 1387 1458 1433 et
1484 1378 1554 1434 ab
1589 1377 1810 1432 animali
1839 1376 2067 1433 rationis

475 1480 706 1538 experte
747 1471 1098 1526 benedicitur
1133 1472 1188 1527 id
1217 1473 1366 1544 quod
1403 1473 1613 1529 ratione
1642 1472 1930 1544 praeditum
1959 1479 2064 1537 est,

477 1559 534 1614 id
578 1562 729 1630 quod
775 1563 845 1617 ad
890 1563 1260 1620 sacerdotium
1305 1565 1579 1620 delectum
1628 1572 1767 1629 erat,
1801 1562 2066 1634 sanguine

476 1651 632 1705 nullo
667 1653 1070 1708 sanctiﬁcatum
1107 1654 1376 1720 dicemus,
1417 1662 1474 1709 et
1505 1653 1646 1709 cinis
1672 1653 1831 1708 vituli
1859 1653 2068 1708 all‘usus

476 1753 596 1806 eos,
631 1745 728 1814 qui
768 1745 1065 1816 participes
1087 1745 1216 1800 facti
1239 1745 1371 1812 sint,
1398 1744 1766 1801 sanctiﬁcabit
1787 1745 1856 1800 ad
1883 1743 2067 1799 carnis

2171 552 2265 606 καὶ
2306 551 2382 623 τῷ
2432 553 2628 624 αἵματι
2657 553 2980 624 κατεχρίετο
3028 552 3089 606 τὸ
3121 553 3292 626 ἄκρον
3331 556 3427 610 τοῦ
3475 555 3616 622 ὠτὸς
3661 560 3759 613 τοῦ

2170 642 2367 709 δεξιοῦ,
2400 644 2496 697 καὶ
2530 644 2637 714 μὴν
2689 643 2784 696 καὶ
2798 643 2996 714 ,χειρὸς
3029 643 3123 697 καὶ
3153 644 3347 708 ποδός·
3385 646 3682 702 ἐτελειοῦτο
3699 649 3759 703 δὲ

2169 734 2333 799 οὕτω,
2365 733 2502 804 πρὸς
2537 733 2882 805 ίερουργίαν;
2917 734 3056 801 ἀλλ’,
3090 728 3136 788 ὦ
3168 734 3466 805 βέλτιστοι,
3496 739 3663 810 φαίην
3690 738 3758 796 ἂν

2170 825 2376 892 αὐτοῖς,
2408 826 2457 878 εί
2483 827 2611 888 ταῖς
2638 825 2834 894 φύσεσι
2854 825 2963 880 τῶν
2993 825 3334 894 ἀγιαζόντων
3355 829 3448 881 καὶ
3476 829 3583 882 τῶν
3601 831 3758 898 ἁγια-

2171 918 2418 990 ζομένων
2450 918 2812 990 προσκεῖσθαι
2839 918 3031 973 καλόν*
3069 917 3164 973 καὶ
3189 921 3312 990 οὐχὶ
3341 913 3407 991 δὴ
3444 921 3648 991 μᾶλλον
3679 922 3758 986 ὡς

2169 1012 2236 1064 ὲκ
2276 1011 2448 1065 τύπου
2499 1011 2596 1066 καὶ⁹
2636 1012 2796 1075 σκιᾶς
2821 1012 2907 1065 ἐπ’
2937 1011 3070 1066 αὐτὸ
3111 1013 3212 1082 τῆς
3245 1012 3503 1082 ἀληθείας
3539 1013 3672 1067 ἰέναι
3697 1015 3759 1068 τὸ

2167 1102 2387 1169 κάλλος,
2413 1103 2529 1168 πῶς
2553 1104 2632 1156 ἔτι
2660 1104 2723 1158 τὸ
2761 1103 2980 1158 ἔλαττον
3011 1103 3117 1158 ὐπὸ
3145 1104 3242 1158 τοῦ
3273 1107 3582 1176 κρείττονος
3608 1104 3759 1159 εὐλο-

2168 1200 2383 1267 γεῖται;
2408 1197 2473 1250 Τί
2504 1197 2567 1250 τὸ
2595 1199 2820 1267 ἄμεινον
2837 1197 2894 1250 ὲν
2921 1197 3151 1262 τούτοις,
3185 1198 3504 1267 φραζόντων
3535 1199 3754 1251 ἐκεῖνοι.

2167 1284 2316 1360 ’Δρα
2367 1290 2462 1342 καὶ
2493 1289 2653 1360 κριοῦ
2703 1289 2935 1343 κατόπιν
2979 1289 3072 1343 τόν
3117 1289 3330 1360 Ἀαρὼν
3377 1289 3652 1360 θήσομεν;
3697 1289 3756 1342 ἐν

2167 1377 2348 1449 ἀλόγῳ
2385 1378 2508 1450 ζὼῳ
2536 1379 2839 1436 τελειοῦται
2871 1379 2932 1434 τὸ
2957 1381 3193 1449 λογικόν.
3227 1381 3430 1450 Αἴματι
3465 1379 3757 1450 προὸάτων

2167 1471 2261 1525 τὸν
2291 1470 2594 1525 ἁπόλεκτον
2617 1472 2698 1534 είς
2727 1470 3032 1544 ἱερωσύνην
3068 1470 3334 1542 ἡγιᾶσθαι
3363 1471 3631 1542 φήσομεν,
3659 1471 3756 1525 καὶ

2169 1561 2364 1626 σποδὸς
2407 1562 2699 1634 δαμάλεως
2745 1561 3091 1634 ῥαντίζουσα,
3139 1564 3268 1627 τοὺς
3318 1563 3755 1633 κεκοινωμένους

2167 1653 2407 1724 ἀγιάζει,
2453 1655 2590 1728 πρὸς
2623 1655 2722 1727 τὴν
2757 1654 2857 1726 τῆς
2894 1656 3098 1727 σαρκὸς
3132 1655 3513 1727 καθαρότηταδ
3559 1656 3611 1707 τί
3660 1644 3758 1708 οὖν

2169 1745 2279 1816 ἄρα
2303 1743 2366 1798 τὸ
2408 1744 2636 1816 χρῆμα;
2681 1743 2874 1798 τιτῶν
2909 1744 3200 1815 νοημάτων
3243 1745 3304 1798 τὸ
3337 1744 3534 1815 βάθοςς
3581 1747 3624 1798 Τ
3629 1747 3754 1800 om:

477 1835 794 1904 puritatem.
822 1836 966 1904 Quid
984 1836 1153 1908 igitur
1175 1837 1293 1893 haec
1313 1851 1403 1893 res
1447 1837 1555 1892 sibi
1596 1837 1753 1892 vult?
1784 1845 1882 1892 aut
1919 1851 2065 1907 quae-

2168 1832 2262 1886 καὶ
2309 1833 2519 1896 εἰκόνες
2559 1832 2629 1886 τά
2677 1833 2951 1904 δρώμενα,
2991 1833 3088 1888 καὶ
3135 1833 3208 1887 ἶν’
3255 1833 3434 1898 οὕτως
3483 1834 3750 1906 εἴπωμεν,

477 1940 605 1979 nam
655 1926 851 1981 horum
877 1941 1142 1982 sensuum
1189 1928 1424 1984 altitudo
1454 1927 1477 1981 τ
1509 1927 1646 2000 Typi
1674 1937 1806 1984 sunt
1838 1937 1896 1984 et
1923 1929 2064 1984 ima-

475 2019 648 2090 gines,
671 2027 860 2090 atque,
886 2028 947 2074 ut
975 2019 1049 2074 ita
1077 2019 1348 2084 dicamus,
1366 2000 1908 2091 praemonstrationes
1934 2033 2063 2075 san-

474 2110 823 2166 ctiﬁcationis
843 2125 942 2181 per
959 2110 1262 2168 Christum.
1295 2110 1480 2183 Typus
1511 2126 1647 2168 vero
1669 2111 1728 2166 in
1758 2109 1925 2167 rebus
1951 2124 2064 2166 non

474 2201 943 2258 sanctiﬁcantium
981 2211 1081 2258 aut
1119 2203 1588 2260 sanctiﬁcatorum
1625 2212 1826 2260 natura
1869 2203 2068 2275 depre-

475 2294 778 2350 henditur:
811 2294 1286 2366 quandoquidem,
1334 2302 1398 2351 ut
1442 2296 1607 2352 modo
1656 2295 1792 2362 dixi,
1819 2295 1877 2351 id
1914 2295 2064 2366 quod

478 2386 830 2460 praestantius
871 2394 958 2442 est
1003 2386 1074 2442 ab
1126 2385 1390 2443 inferiore
1429 2385 1796 2452 benedicitur,
1823 2385 1872 2441 si
1900 2384 2066 2442 modo

477 2478 827 2548 praestantior
839 2485 926 2534 est
940 2477 1182 2534 hominis
1199 2484 1398 2533 natura
1417 2492 1584 2549 quam
1603 2477 1763 2533 vituli
1778 2485 1834 2533 et
1854 2476 2061 2532 arietis.

477 2569 559 2626 Ne
595 2570 763 2642 igitur
791 2585 889 2626 eos
925 2569 1150 2641 pudeat,
1192 2570 1413 2626 etiamsi
1455 2570 1735 2625 Abraham
1763 2570 1938 2626 multo
1960 2585 2063 2642 po-

480 2661 590 2718 tior
630 2678 696 2718 ac
750 2662 945 2719 melior
981 2663 1258 2718 exsistens
1289 2676 1458 2733 quam
1489 2661 1872 2729 Melchisedec,
1905 2662 1975 2718 ab
1996 2676 2064 2718 eo

479 2752 806 2810 benedictus
843 2754 1078 2810 dicatur.
1113 2753 1301 2826 Typus
1333 2755 1482 2809 enim
1509 2762 1630 2810 erat
1662 2755 1912 2821 vincens,
1950 2769 2064 2810 non

478 2850 664 2898 autem
704 2843 1084 2900 benedicentis
1121 2851 1340 2898 natura.
1379 2843 1484 2915 61
1532 2843 1700 2899 Miror
1727 2859 1859 2900 vero
1891 2844 2062 2914 quod,

479 2951 604 2990 cum
633 2933 810 3005 ipsum
835 2942 1080 2990 statuant
1103 2933 1161 2988 in
1182 2934 1601 2990 similitudinem
1622 2950 1687 2991 ac
1713 2944 1900 3008 typum
1917 2936 2061 3004 Filii,

478 3037 652 3084 matre
681 3043 746 3083 ac
773 3035 929 3099 patre
957 3042 1145 3082 carere
1175 3026 1512 3082 contendant
1539 3034 1602 3082 ut
1633 3028 1906 3098 angelum,
1937 3043 2064 3084 eum

480 3129 715 3192 utroque
734 3129 964 3191 parente
989 3120 1248 3176 Christus
1277 3121 1685 3190 quodammodo
1706 3120 1919 3177 ﬂoreat.
1947 3121 2064 3177 Ma-

481 3221 567 3268 ter
591 3211 741 3267 enim
776 3212 950 3282 ipsius
977 3213 1034 3268 in
1057 3212 1220 3267 terris
1243 3211 1350 3266 fuit
1383 3221 1570 3268 sancta
1603 3213 1789 3284 Virgo.
1808 3214 1943 3270 Erat
1962 3228 2067 3269 au-

481 3313 592 3359 tem
612 3307 663 3359 ei
683 3311 742 3359 et
763 3311 849 3358 est
879 3303 937 3358 in
957 3303 1113 3358 caelis
1135 3303 1299 3358 Pater
1325 3303 1491 3357 Deus.
1513 3303 1783 3374 Oportere
1809 3317 1945 3359 vero
1975 3317 2067 3358 ar-

480 3395 656 3451 bitror
685 3394 947 3466 imagines
977 3395 1044 3450 ad
1065 3395 1362 3466 archetypa
1381 3393 1626 3465 depingi.
1643 3393 1914 3460 Quoniam
1935 3409 2069 3450 vero

480 3489 702 3545 divinus
728 3488 952 3553 Paulus,
995 3506 1014 3539 ι
1053 3487 1242 3557 Neque
1263 3486 1602 3557 principium
1623 3485 1862 3552 dierum,
1888 3501 2068 3557 neque

480 3584 646 3639 ﬁnem
677 3581 804 3636 vita:
837 3580 1042 3635 habere
1087 3578 1468 3640 Melchisedec,
1503 3597 1522 3630 ι
1573 3577 1715 3634 dixit
1747 3578 1831 3645 ὀς
1863 3578 2069 3635 ideirco

479 3689 609 3729 eum
634 3679 963 3742 potestatem
992 3669 1316 3724 rationalem
1335 3675 1393 3724 et
1417 3668 1758 3724 sacerdotem
1782 3682 1911 3725 esse
1939 3685 2070 3725 con-

485 3765 740 3828 lendunt,
765 3779 878 3818 non
909 3761 1279 3831 intelligentes
1297 3759 1444 3830 quod
1473 3759 1680 3831 aliquid
1705 3776 1918 3826 eorum,
1945 3775 2070 3831 quae

482 3855 791 3912 necessaria
826 3862 976 3918 sunt,
1007 3869 1106 3909 eos
1134 3860 1443 3923 przetcreat.
1489 3851 1636 3906 Nihil
1678 3852 1827 3906 enim
1873 3866 2067 3907 eorum

481 3963 606 4017 qua:
661 3953 843 4001 creata
893 3953 1046 4009 sunt,
1100 3943 1360 4015 principii
1406 3957 1602 4014 expers
1647 3941 1816 3998 fuerit
1854 3943 2067 3998 ratione

413 4106 416 4108 _
482 4038 746 4109 temporis
775 4056 787 4091 :
811 4037 907 4093 sed
939 4036 1209 4108 quidquid
1229 4037 1287 4091 in
1313 4036 1634 4091 universum
1657 4035 1955 4090 essentiam
1974 4049 2067 4090 ac-

480 4131 651 4201 cepit,
701 4129 807 4184 hoc
835 4129 1000 4184 etiam
1029 4128 1364 4200 principium
1397 4127 1565 4182 habet
1584 4126 1710 4182 vitae
1737 4143 1802 4182 ac
1831 4126 2091 4182 dierum.-

483 4222 747 4290 Quisnam
785 4222 970 4293 itaque
1009 4222 1156 4278 beati
1197 4221 1353 4278 Pauli
1388 4211 1587 4292 scapus
1629 4219 1782 4276 fuit?
1825 4228 1922 4275 aut
1957 4234 2068 4290 quo

482 4322 641 4385 pacto
677 4333 695 4366 ι
725 4314 779 4368 in
811 4313 1225 4369 similitudinem
1267 4328 1332 4368 ac
1371 4324 1555 4383 typum
1580 4310 1784 4367 Christi
1815 4309 1857 4341 “
1885 4328 1904 4362 ι
1934 4309 2069 4365 Mel-

480 4405 738 4461 chisedec
775 4405 1012 4461 statuit?
1047 4403 1160 4475 Age
1202 4402 1391 4474 igitur,
1434 4401 1672 4456 abducto
1693 4400 1974 4456 intellectu
1998 4399 2074 4455 ab

2091 3163 2135 3224 C

2164 1923 2442 1996 ἀγιασμοῦ
2473 1924 2855 1995 προανάδειξις
2897 1919 2967 1996 ἦν
2999 1925 3091 1979 τοῦ
3139 1926 3277 1981 κατά
3306 1926 3560 1998 Χριστόν.
3604 1927 3661 1981 '0
3693 1928 3750 1982 δὲ

2162 2016 2336 2081 τύπος
2367 2016 2427 2070 ἐν
2471 2016 2828 2088 πράγμασιν,
2870 2017 2973 2071 οὐκ
3018 2017 3078 2072 ὲν
3119 2019 3187 2090 τῇ
3221 2017 3332 2073 τῶν
3380 2018 3749 2088 ἀγιαζόντων,

2163 2109 2332 2180 {now
2347 2108 2460 2163 τῶν
2497 2109 2882 2181 ἁγιαζομένων
2918 2111 3315 2183 καταφωρᾶται
3348 2109 3528 2181 φύσει.
3572 2112 3749 2178 Ἐπεὶ,

2164 2200 2419 2273 καθάπερ
2435 2201 2574 2273 ἔφην
2593 2201 2816 2272 ἀρτίως,
2845 2201 2907 2255 τὸ
2932 2203 3182 2274 κρεῖττον
3210 2202 3318 2258 ὑπὸ
3343 2203 3440 2257 τοῦ
3468 2204 3752 2269 ἐλάττονος

2163 2291 2468 2363 εὐλογεῖται
2492 2332 2508 2357 ,
2560 2292 2722 2364 ειπερ
2773 2292 2926 2348 ἐστὶν
2958 2294 3020 2347 ἐν
3062 2294 3342 2366 ἀμείνοσιν
3387 2296 3422 2366 ή
3461 2295 3752 2368 ἀνθρώπου

2164 2385 2328 2456 φύσις
2355 2384 2647 2457 δαμάλεως
2663 2385 2761 2440 καὶ
2776 2383 2958 2458 κριοῦ.
2984 2385 3080 2458 Μὴ
3105 2386 3288 2441 τοίνυν
3315 2387 3750 2460 ἐρυθριάτωσαν,

2163 2476 2270 2534 κᾶν
2297 2478 2345 2532 εί
2374 2477 2510 2533 πολύ
2535 2478 2805 2550 κρείττων
2842 2476 3108 2549 ὑπάρχων
3137 2479 3166 2533 ό
3199 2477 3452 2551 Ἀδραάμ
3482 2476 3578 2534 τοῦ
3613 2480 3753 2534 Μελ-

2163 2567 2403 2641 χισεδὲκ,
2465 2568 2808 2639 εὐλογεῖσθαι
2859 2571 3084 2644 λέγηται
3126 2572 3260 2644 παρ’
3293 2571 3484 2628 αὐτοῦ.
3537 2572 3596 2627 '0
3638 2573 3751 2646 γάρ

2161 2662 2332 2727 τύπος
2345 2657 2418 2735 ἦν
2440 2664 2470 2718 ὁ
2497 2661 2686 2727 νικῶν,
2710 2662 2806 2717 καὶ
2829 2662 3029 2735 οὐχὶδὴ
3059 2662 3262 2735 μᾶλλον
3284 2667 3320 2736 ὴ
3345 2647 3440 2718 ⁸ιίοῦ
3463 2665 3753 2735 εὐλογοῦν-

2161 2771 2256 2819 τος
2285 2754 2468 2824 φύσις.
2497 2753 2778 2826 Θαυμάζω
2803 2753 2861 2808 δὲ
2881 2754 2966 2809 ὅτι
2993 2754 3090 2808 καὶ
3121 2757 3201 2819 είς
3222 2756 3483 2828 ὁμοίωσιν
3523 2757 3619 2811 καὶ
3653 2757 3751 2811 τύ-

2165 2863 2266 2902 πον
2294 2845 2723 2918 διαμορφοῦντες
2745 2845 2908 2902 αὐτὸν
2928 2845 3021 2902 τοῦ
3051 2846 3207 2915 Υίοῦ,
3231 2849 3487 2921 ἀμήτορά
3511 2865 3572 2903 τε
3610 2846 3754 2905 εἶναι

2163 2940 2258 2995 καὶ
2289 2940 2543 3012 ἀπάτορά
2568 2955 2737 3009 φασιν
2774 2938 2851 3004 ὡς
2879 2939 3130 3010 ἄγγελον,
3176 2941 3355 2995 καίτοι
3401 2941 3604 3014 τρόπον
3626 2941 3750 2996 τινὰ

2164 3032 2260 3086 καὶ
2296 3031 2639 3104 ἀμφιθαλοῦς
2678 3030 2834 3090 ιντος
2881 3031 3144 3103 Χριστοῦ.
3193 3032 3397 3102 Γέγονε
3447 3032 3559 3104 γὰρ
3599 3033 3751 3104 αὐτῷ

2169 3120 2354 3192 μήτηρ
2389 3120 2488 3191 μὲν
2531 3119 2627 3174 επὶ
2677 3119 2870 3192 γῆς,ή
2915 3120 3046 3190 ἁγία
3074 3121 3373 3194 Παρθένος.
3407 3118 3518 3178 Ἦν
3559 3123 3617 3176 δὲ
3658 3125 3754 3178 καὶ

2169 3212 2316 3266 ἔστιν
2354 3211 2414 3266 ὲν
2455 3211 2673 3282 οὐρανῷ
2716 3211 2930 3284 Πατήρ,
2965 3212 2996 3265 ό
3025 3212 3182 3278 Θεός.
3233 3215 3351 3269 Δεῖν
3382 3213 3440 3268 δὲ
3474 3209 3628 3286 οἶμαι
3654 3214 3753 3279 τὰς

2168 3303 2387 3365 εικόνας
2422 3301 2755 3373 γράφεσθαι,
2793 3303 2933 3375 πρὸς
2973 3304 3044 3360 τά
3075 3304 3382 3377 ἀρχέτυπα.
3428 3307 3642 3378 Ἐπειδὴ
3670 3307 3752 3373 δὲ,

2174 3412 2192 3444 ο
2240 3392 2390 3465 Μήτε
2417 3394 2593 3465 ἀρχὴν
2630 3393 2880 3466 ἡμερῶν,
2916 3397 3054 3469 μήτε
3085 3395 3231 3468 ζωῆς
3275 3398 3422 3470 ἔχειν
3467 3399 3621 3462 τέλος
3660 3399 3753 3454 τὸν

2167 3485 2504 3556 Μελχισεδὲκ
2541 3504 2560 3539 ι
2591 3487 2620 3541 ὁ
2653 3487 2942 3552 θεσπέσιος
2968 3488 3072 3561 ἔφη
3106 3491 3340 3556 Παῦλος,
3371 3495 3631 3563 ταύτῃτοι
3657 3493 3754 3545 καὶ

2167 3573 2398 3645 δύναμιν
2430 3574 2658 3646 λογικὴν
2684 3575 2780 3628 καὶ
2806 3576 3088 3647 ἱερουργδν
3115 3577 3382 3650 ὑπάρχειν
3417 3577 3599 3642 αὐτὸν,
3630 3577 3750 3632 διαο

2166 3664 2435 3719 τείνονταί
2465 3683 2526 3719 τε
2572 3667 2668 3720 καὶ
2697 3665 2951 3735 λέγουσιν
2973 3682 2988 3696 °
3023 3669 3126 3723 οὐκ
3156 3669 3486 3734 ἐννοοῦντες,
3534 3669 3618 3722 ὅτι
3649 3685 3754 3722 πα-

2172 3756 2426 3828 ρατρέχει
2449 3774 2502 3812 τι
2541 3757 2648 3812 τῶν
2689 3758 3004 3828 ἀναγκαίων
3043 3759 3259 3824 αὐτούς.
3308 3760 3474 3814 οὐδὲν
3504 3759 3612 3831 γὰρ
3642 3758 3752 3813 τῶν

2167 3848 2467 3903 τελούντων
2495 3850 2552 3902 ἐν
2579 3852 2847 3920 γενητοῖς,
2886 3851 3122 3922 ἄναρχον
3147 3851 3302 3905 ἔσται
3329 3852 3472 3905 κατά
3505 3852 3598 3906 τὸν
3618 3851 3749 3926 χρόα

2167 3958 2280 3997 νον.
2327 3940 2466 3993 ’Δλλ’
2532 3942 2746 4013 εῐτιπερ
2787 3941 2924 4007 ὅλως
2973 3943 3256 4014 παρῆκται
3305 3944 3443 4016 πρὸς
3494 3943 3749 4015 ὓπαρξιν,

2169 4030 2328 4086 τοῦτο
2359 4032 2456 4086 καὶ
2477 4032 2654 4103 ἀρχὴν
2681 4032 2796 4106 ἔχει
2827 4033 2976 4103 ζωῆς
3009 4034 3104 4088 καὶ
3138 4033 3382 4107 ἡμερῶν.
3414 4036 3512 4099 Τίς
3538 4031 3630 4089 οῦν
3645 4035 3752 4107 ἄρα
3869 4103 3882 4113 Ι

2169 4123 2248 4194 τῷ
2271 4123 2532 4195 μακαρίῳ
2560 4123 2759 4196 Παύλῳ
2785 4125 2976 4192 γέγονε
2999 4125 3202 4190 σκοπὸς
3223 4126 3317 4180 τοῦ
3341 4125 3502 4196 λόγου
3525 4145 3540 4194 ;
3575 4127 3608 4198 ἢ
3635 4126 3755 4190 πῶς

2175 4235 2194 4269 ι
2237 4217 2318 4282 εἰς
2349 4215 2520 4270 τύπον
2549 4217 2646 4272 καὶ
2687 4217 2948 4288 ὁμοίωσιν
2985 4219 3079 4272 τοῦ
3111 4219 3350 4291 Χριστοῦ
3401 4240 3420 4274 ι
3466 4219 3750 4292 παρέδειξε

2168 4307 2262 4361 τὸν
2291 4308 2658 4379 Μελχισεδέκ;
2688 4309 2809 4364 Τῶν
2835 4311 2894 4377 ἐξ
2917 4311 3252 4384 είκαιότητος
3291 4307 3387 4367 οὖν
3411 4312 3632 4366 ἐννοιῶν
3659 4312 3751 4366 τὸν

2169 4400 2297 4455 νοῦν
2318 4402 2750 4474 ἀποστήσαντες,
2775 4403 2908 4476 φέρε
2929 4403 2994 4477 δὴ
3023 4403 3159 4478 φέρε
3187 4405 3634 4478 διασκεψώμεθα,
3657 4408 3752 4460 καὶ

481 4499 584 4553 hac
628 4498 966 4552 absurditate
1009 4494 1354 4565 opinionum,
1411 4493 1466 4549 id
1515 4492 1954 4558 consideremus,
2010 4499 2065 4546 et

2169 4492 2246 4558 ὡς
2273 4494 2354 4550 ἔνι
2383 4495 2651 4566 λέγωμεν.

479 4588 662 4656 quoad
688 4587 808 4642 ﬁeri
833 4586 1037 4656 poterit
1069 4585 1336 4641 dicamus.

552 4678 606 4732 9.
645 4677 1066 4746 Paulusitaque,
1100 4685 1295 4747 utpote
1334 4676 1428 4746 qui
1463 4676 1637 4747 legem
1663 4677 1871 4747 optime
1908 4676 2073 4733 calle-

481 4769 594 4833 bat,
627 4783 738 4822 uon
778 4767 1121 4837 simplicibus
1147 4767 1486 4838 argumentis
1532 4783 1656 4823 cum
1689 4767 1893 4824 Iudaeis
1942 4783 2070 4838 age-

485 4871 606 4927 .)at;
647 4860 745 4916 sed
789 4861 1011 4932 scriptis
1057 4843 1350 4924 Mosaicis,’
1374 4860 1579 4930 quibus
1623 4860 1922 4916 verisimile
1952 4869 2072 4914 erat

484 4954 628 5024 ipsos
655 4953 821 5008 etiam
860 4954 1115 5008 nolentes
1161 4967 1436 5014 cessuros,
1494 4952 1589 5021 qui
1631 4952 1851 5006 veritati
1892 4966 2058 5022 repu-

481 5059 646 5116 gnare
681 5055 896 5100 norant.
932 5044 1133 5100 Statuit
1173 5042 1359 5113 itaque
1405 5043 1771 5100 Melchisedec
1815 5043 1871 5098 in
1902 5042 2058 5098 simio

480 5135 769 5191 litudinem
791 5152 855 5192 ac
885 5144 1072 5208 typum
1097 5131 1323 5200 Cliristi,
1352 5145 1640 5206 propterea
1673 5135 1819 5206 quod
1846 5135 2061 5189 dicatur

489 5248 508 5281 ι
552 5228 884 5298 rexjustitia:
912 5237 966 5283 et
983 5229 1133 5298 pacis
1163 5229 1225 5282 ".
1267 5246 1288 5279 ι
1329 5228 1601 5284 Convenit
1629 5229 1775 5284 enim
1821 5228 1928 5283 hoc
1955 5227 2058 5282 soli

480 5321 708 5394 mystica
733 5319 942 5374 ratione
975 5319 1336 5374 Emmanueli.
1370 5321 1602 5376 Iustitia:
1631 5321 1776 5376 enim
1815 5335 1879 5376 ac
1911 5319 2060 5391 pacis

479 5417 673 5464 auctor
699 5417 862 5478 atque
913 5400 1394 5480 largitor'el‘fectus
1417 5419 1502 5465 est
1531 5410 1876 5466 mortalibus.
1913 5429 1932 5460 ι
1959 5409 2059 5464 Ju-

481 5501 700 5557 stiﬁcati
723 5500 992 5572 siquidem
1017 5517 1208 5558 sumus
1227 5519 1325 5574 per
1350 5503 1529 5574 ipSum
1557 5503 1651 5568 ¹³,›
1669 5517 1902 5558 excusso
1929 5516 2059 5572 pec-

481 5595 585 5651 cati
613 5595 764 5667 jugo.
799 5593 1091 5650 Consecuti
1121 5597 1285 5650 etiam
1321 5610 1513 5651 sumus
1543 5609 1732 5665 pacem
1754 5595 1823 5650 ad
1849 5603 2060 5665 patrem

2240 4670 2303 4725 θ’.
2339 4669 2678 4742 Νομομαθὴς
2706 4669 2785 4723 ὢν
2813 4669 2976 4740 ἄγαν,
3005 4673 3105 4726 οὐκ
3129 4671 3190 4738 ἐξ
3209 4672 3396 4728 ἀπλῶν
3420 4672 3640 4729 ἐννοιῶν
3662 4672 3757 4726 τὸν

2170 4763 2308 4836 πρὸς
2344 4762 2634 4828 Ἰουδαίους
2674 4766 2912 4818 ποιεῖται
2945 4763 3126 4833 λόγον,
3164 4766 3279 4821 ἀλλ’
3311 4768 3377 4821 ἐκ
3406 4765 3753 4837 γραμμάτων

2167 4854 2499 4920 Μωσαῖκῶν,
2517 4850 2599 4918 οἷς
2626 4849 2696 4926 ἦν
2719 4855 2866 4920 είκὺς
2888 4857 2982 4910 καὶ
3023 4857 3121 4928 οὐχ
3148 4859 3373 4922 ἑκόντας
3403 4859 3754 4930 παραχωρεῖν

2165 4948 2294 5010 τοὺς
2323 4947 2389 5018 τῇ
2417 4945 2649 5018 ἀληθεία
2676 4945 2936 5016 πολεμεῖν
2962 4949 3295 5018 ἐγνωκότας.
3318 4951 3545 5021 Δέχεται
3574 4949 3754 5003 τοίνυν

2168 5039 2259 5092 τὸν
2305 5037 2640 5109 Μελχισεδὲκ
2685 5040 2767 5101 είς
2799 5039 3060 5109 ὁμοίωσιν
3113 5043 3234 5095 τότε
3264 5043 3358 5096 καὶ
3402 5043 3754 5095 ὑποτύπωσιν

2168 5129 2262 5184 τοῦ
2289 5130 2552 5202 Χριστοῦ,
2583 5131 2673 5187 διά
2697 5149 2782 5185 τοι
2809 5133 2870 5187 τὺ
2900 5132 3157 5203 λέγεσθαι
3184 5152 3203 5186 ι
3229 5133 3451 5205 βασιλέα
3477 5133 3752 5188 δικαιοσύ-

2167 5237 2288 5292 νης,
2319 5223 2413 5276 καὶ
2445 5222 2554 5293 μὴν
2586 5223 2681 5277 καὶ
2706 5224 2949 5297 εἰρήνης.
2989 5245 3008 5278 ι
3058 5225 3266 5297 Πρέποι
3295 5225 3404 5296 γὰρ
3447 5225 3534 5291 ἂν,
3565 5221 3744 5296 οἶμαι,

2165 5310 2324 5370 ταυτὶ
2354 5315 2417 5386 δὴ
2455 5316 2603 5388 μόνῳ
2634 5316 2777 5370 κατά
2804 5316 2958 5386 λόγον
2988 5317 3078 5371 τὸν
3109 5317 3390 5388 μυστικὸν,
3418 5317 3496 5388 τῷ
3539 5318 3749 5388 Ἐμμα-

2165 5411 2348 5481 νουήλ.
2389 5411 2748 5483 Δικαιοσύνης
2785 5410 2895 5483 γάρ
2933 5413 3028 5465 καὶ
3056 5413 3280 5486 εἰρήνης
3321 5413 3588 5485 πρύτανις
3651 5411 3748 5464 ἀν-

2166 5503 2386 5575 εδείχθη
2439 5506 2554 5568 τοῖς
2597 5504 2692 5557 ἐπὶ
2731 5503 2857 5575 γῆς.
2912 5521 2932 5556 ι
2986 5506 3096 5560 Καὶ
3135 5505 3533 5578 δεδικαιὼμεθα
3566 5505 3665 5576 μὲν
3692 5505 3750 5557 ἢν

2167 5595 2338 5667 αὐτῷ,
2403 5614 2424 5649 ι
2473 5595 2534 5650 τὸ
2577 5596 2676 5668 τῆς
2723 5596 2999 5671 ἁμαρτίας
3058 5597 3222 5672 ἄχθος
3266 5597 3749 5672 ἀποπεμψάμενοι.
3811 5640 3816 5645 .

543 5773 586 5808 ¹⁶
619 5773 786 5830 Hebr.
824 5790 917 5844 vn,
944 5775 994 5829 '5.
1077 5777 1114 5808 “
1152 5775 1292 5831 Ibid.
1372 5776 1412 5809 ¹²
1439 5775 1578 5832 Ibid.
1613 5775 1665 5829 Ξ.
1733 5777 1776 5808 ’³
1801 5776 1959 5832 Rom.
1997 5797 2062 5848 ν,

2179 5780 2198 5836 1
2222 5777 2346 5838 Cor.
2394 5795 2465 5848 τι,
2495 5777 2597 5838 .21.
