4092 6526
337 359 356 412 l
367 356 426 413 35

1301 348 1862 413 ,CLAPHYRORUM
1902 347 1968 403 IN
2008 347 2309 403 GENESiM
2356 347 2484 401 LIB.
2528 347 2592 401 ll.

3487 349 3590 407 {06

344 472 660 543 Ἐσχήκαμεν
690 468 748 522 δὲ
794 469 891 522 καὶ
929 468 1156 540 εἰρήνην
1201 467 1300 539 τὴν
1329 468 1485 539 ⁴’πρὸς
1529 467 1622 522 τὸν
1670 465 1892 538 Πατέρα

1999 478 2062 517 ac
2087 463 2262 520 Deum
2282 464 2353 519 ab
2380 463 2729 519 immunditia
2755 479 2992 529 morum,
3023 481 3148 536 quae
3170 481 3274 522 nos
3298 467 3367 520 ab
3399 475 3466 521 eo
3503 466 3589 520 di-

337 563 417 618 καὶ
441 561 587 627 Θεὸν,
617 561 712 630 τὴν
747 559 1163 630 μεσολαϐοῦσάν
1194 578 1252 614 τε
1288 563 1382 616 καὶ
1421 560 1718 614 διιστῶσαν
1746 561 1893 632 ἡμᾶς

332 655 647 726 τῶντρόπων
684 653 1033 726 ἀκαθαρσίαν
1073 654 1492 725 ἀπονιψάμενοι,
1525 655 1805 724 ὲνούμενοί
1833 671 1892 706 τε

334 745 502 815 ῶσπερ
539 743 684 814 αὐτῷ
724 741 815 796 διὰ
851 743 1202 814 πνεύματος’
1247 763 1267 797 ‹
1312 746 1371 797 '0
1407 743 1895 816 γὰρλκολλὼμενος

335 837 395 908 τῷ
425 835 626 908 Κυρίῳ,
668 853 688 886 ι
725 837 918 906 φησὶν,
957 856 974 888 ι
1003 836 1061 890 ἓν
1083 835 1306 908 πνεῦμά
1338 839 1508 891 ἐστιν.
1543 855 1562 887 ι
1605 838 1760 890 ¹Ἐστι
1787 836 1893 890 τοί-

330 943 410 979 νυν
437 925 570 980 κατά
594 945 653 996 γε
682 928 783 997 τὴν
813 927 1045 982 Ἐλλάδα
1070 929 1274 1000 φωνὴν,
1312 931 1490 1002 Μελχ“ι
1515 930 1635 1000 μὲν,
1657 934 1689 984 ό
1708 931 1896 994 ,ϐασι-

329 1018 450 1082 λεύς
470 1031 482 1044 ·
510 1015 670 1070 Σεδὲκ
695 1018 775 1081 δὲ,
802 1017 1306 1089 δικαιοσύτ·η.Καὶ
1331 1021 1430 1075 ἴδοι
1447 1039 1530 1084 τις
1563 1021 1627 1075 ἂν
1650 1022 1739 1076 τὸν
1751 1022 1896 1076 Μελ·

326 1108 537 1179 χισεδὲκ,
568 1108 643 1173 ὼς
673 1111 731 1162 ἑν
775 1110 888 1182 ἰδίᾳ
918 1111 1110 1184 κλήσει
1151 1113 1594 1183 πεπλουτηκότα,
1642 1114 1784 1168 κατά
1830 1129 1894 1182 γε

323 1202 408 1270 τὴν
446 1201 507 1254 ἐκ
539 1201 645 1255 τῶν
686 1204 1108 1275 σημαινομένων
1148 1205 1412 1274 δύναμιν,
1472 1205 1554 1272 τὸ,
1590 1205 1892 1272 βασιλεὺς

323 1294 717 1362 δικαιοσύνης.
753 1297 843 1349 Ἑν
869 1297 926 1350 δὲ
949 1297 1047 1368 τῷ,
1063 1299 1370 1368 βασιλεὺς
1392 1298 1889 1371 είρῆσθαιΣαλὴμ,

322 1387 596 1455 βασιλεὺς
643 1389 914 1459 εἰρήνης.
969 1391 1217 1464 Ἥρμοσε
1264 1393 1327 1464 δὴ
1379 1389 1472 1447 οῦν
1523 1393 1553 1446 6
1607 1391 1892 1456 Θεσπέσιος

324 1479 532 1544 Παῦλος,
566 1481 642 1546 ὡς
677 1480 735 1548 ἐξ
764 1480 1082 1551 ὁμοιώσεως
1108 1483 1208 1554 ἤδη
1251 1481 1458 1553 σαφοῦς
1483 1499 1542 1536 τε
1575 1481 1672 1535 καὶ
1709 1483 1892 1552 ἐμφα-

321 1571 426 1636 νοῦς
448 1571 536 1626 τοῦ
578 1573 942 1644 Μελχισεδὲκ,
970 1575 1040 1628 τὰ
1065 1575 1248 1629 τοιάδε
1285 1573 1528 1648 Χριστῷ.
1569 1574 1799 1643 Δέχεται
1837 1571 1893 1625 δὲ

319 1661 403 1730 τῆς
423 1661 552 1732 ὑπὲρ
570 1662 735 1732 νόμον
764 1662 1067 1735 ἱερωσύνης
1087 1662 1148 1717 σύ
1158 1663 1377 1734 μϐολον,
1401 1664 1462 1718 τὸ
1491 1662 1892 1734 κατευλογῆσαι

319 1752 395 1806 τὸν
437 1753 707 1826 Ἀϐραὰμ,
744 1751 889 1809 οἶνόν
919 1773 980 1809 τε
1020 1755 1113 1810 καὶ
1140 1757 1340 1828 ἄρτους
1375 1756 1524 1828 αὐτῷ
1559 1757 1888 1828 παρασχεῖν.

1996 555 2232 610 rimcbat
2259 564 2423 625 atque
2446 555 2788 625 sejungebat,
2832 555 3005 609 abluti
3050 565 3107 610 et
3141 557 3283 611 uniti
3320 557 3590 628 quodam-

1996 645 2161 699 modo
2189 645 2295 715 ipsi
2315 661 2414 715 per
2439 647 2694 716 spiritum
2740 664 2754 700 :
2791 666 2809 698 ‹
2841 646 2976 714 Qui»
2997 649 3146 702 enim
3182 668 3198 699 ι
3226 650 3459 703 Domino
3491 649 3592 704 ad-

1996 735 2188 800 haeret,
2226 755 2243 788 ι
2277 737 2456 807 inquit
2480 737 2648 803 idem,
2681 757 2699 790 ι
2737 754 2881 792 unus
2906 739 3134 809 spiritus
3150 748 3235 794 est
3258 743 3319 794 υ.
3347 760 3364 788 ι
3397 741 3593 796 lllelchi

1996 831 2182 902 igitur,
2214 832 2260 887 si
2307 832 2495 888 Graece
2539 833 2777 898 reddas,
2826 849 3002 904 regem
3067 834 3358 906 signiﬁcat,
3417 835 3596 890 Sedec

1995 939 2131 978 vero
2151 924 2448 994 justitiam.
2500 925 2794 996 Faeileque
2829 926 2955 996 quis
3008 927 3413 982 animadvertat
3459 942 3592 996 pro-

1995 1015 2172 1086 priam
2207 1031 2364 1069 suam
2403 1016 2828 1086 appellationem
2865 1028 3123 1084 nactum,
3157 1019 3313 1089 juxta
3343 1017 3456 1072 vim
3495 1031 3592 1072 eo-

1995 1123 2118 1161 rum
2159 1123 2282 1177 qua:
2325 1107 2740 1179 signiﬁcantur,
2788 1125 2881 1163 rex
2905 1111 3133 1180 justitiw
3164 1128 3181 1165 :
3224 1111 3279 1165 in
3312 1126 3380 1165 eo
3407 1120 3590 1165 autem

1994 1197 2144 1268 quod
2187 1198 2372 1253 dictus
2419 1199 2492 1254 sit
2521 1215 2616 1253 rea:
2659 1199 2863 1266 Salem,
2933 1217 3028 1255 rex
3073 1203 3217 1272 pacis
3250 1203 3313 1255 “.
3370 1203 3594 1274 Aptavit

1995 1289 2181 1360 itaque
2215 1291 2436 1346 divinus
2477 1291 2680 1346 Paulus
2713 1292 2831 1346 hinc
2865 1307 2931 1346 ex
2959 1292 3318 1348 similitudine
3353 1295 3497 1348 clara
3529 1309 3592 1347 ac

1995 1383 2285 1438 manifesta
2312 1383 2675 1439 Mclcliisedcc
2701 1384 2942 1439 Christo.
2980 1385 3183 1440 Statuit
3224 1395 3407 1441 autem
3448 1403 3594 1458 sym-

1995 1475 2183 1530 bolum
2221 1476 2337 1531 sive
2388 1485 2578 1547 typum
2613 1477 2907 1532 sacerdotii
2957 1479 3378 1549 praestantioris,
3426 1495 3591 1550 quam

1993 1574 2079 1623 est
2105 1569 2298 1639 legale,
2321 1567 2767 1624 benedictionem
2801 1569 3035 1626 Abrahae
3065 1572 3284 1636 factam,
3309 1574 3418 1644 62
3447 1573 3592 1627 vini-

1995 1673 2104 1726 que
2127 1667 2183 1711 ct
2212 1673 2415 1728 panum
2434 1659 2791 1714 oblationem.
2832 1660 3022 1731 Neque
3051 1658 3200 1718 enim
3234 1663 3341 1719 alia
3379 1664 3594 1720 ratione

1995 1749 2271 1806 benedicti
2295 1767 2488 1807 sumus
2507 1767 2539 1806 a
2552 1751 2795 1816 Christo,
2827 1769 3024 1823 magno
3041 1769 3106 1811 ac
3127 1771 3259 1810 vero
3283 1756 3590 1811 sacerdote.

320 1817 684 1915 Εὐλογούμεθα
729 1848 840 1919 γὰρ
882 1849 984 1919 οὐχ
1026 1817 1230 1918 ὲτέρως
1283 1817 1438 1922 παρὰ
1490 1817 1889 1920 δίριστοῦ,“τοῦ

1999 1842 2277 1898 Benedicti
2301 1859 2437 1899 vero
2464 1859 2659 1899 sumus
2672 1845 2900 1915 perinde
2919 1817 3088 1916 atque
3117 1847 3414 1913 Abraham,
3441 1848 3595 1918 prin-

320 1937 534 2007 μεγάλου
554 1955 614 1990 τε
644 1939 742 1992 καὶ
761 1939 999 2011 ἀληθοῦς
1030 1940 1238 2012 ἱερέως.
1266 1941 1652 2012 Εὑλογούμεοα
1670 1941 1725 1996 δὲ
1749 1940 1893 1996 κατὰ

316 2025 391 2079 τὸν
417 2027 700 2082 θεσπέσιον
745 2030 1020 2102 Ἀϐραάμ,
1070 2029 1472 2088 εὑσϐενέστσιτα
1505 2033 1893 2101 καταγωνισά-

319 2135 449 2188 μενοι
484 2120 606 2184 τοῦς
630 2121 908 2193 ἄρχοντας
942 2123 1035 2178 τοῦ
1059 2124 1257 2190 αἰῶνος
1284 2125 1499 2190 τούτου,
1537 2125 1750 2197 καὶτῆς
1783 2125 1892 2179 τῶν

315 2210 564 2282 πολεμίων
590 2214 780 2284 χειρὸς
815 2215 1075 2284 ἀμείνους
1103 2217 1574 2288 ἁναδεικνύμενοι,
1628 2218 1722 2271 καὶ
1759 2217 1893 2288 μηδ-

313 2303 413 2367 ενὸς
445 2303 548 2356 τῶν
592 2306 655 2357 ὲν
697 2306 892 2377 κόσμῳ
918 2306 1265 2378 δεδεημένοι·
1315 2308 1558 2384 πλοῦτον.
1591 2309 1648 2363 δὲ
1691 2309 1892 2380 μᾶλλον

312 2395 580 2466 ἡγούμενοι
607 2397 810 2470 νοητὸν
839 2398 908 2452 τὰ
935 2399 1086 2470 παρὰ
1115 2398 1275 2466 Θεοῦ,
1314 2402 1408 2456 καὶ
1439 2401 1538 2474 τὴν
1565 2402 1767 2455 εὐκλεᾶ
1799 2401 1892 2454 καὶ

311 2489 603 2561 ἀμάραντον
628 2490 747 2544 τῶν
764 2491 974 2546 ἄνωθεν
987 2493 1346 2565 χαρισμάτων
1369 2495 1657 2566 διανομήν.
1690 2494 1891 2548 Ἐννόει

309 2578 403 2650 γὰρ
427 2580 504 2634 ὅτι
529 2582 866 2653 νενικηκότα
895 2584 988 2636 τὸν
1041 2579 1446 2658 Ἀϐραὰμκαὶ
1480 2585 1893 2658 ὑποστρέφοντα

313 2671 398 2750 μὲν
425 2674 486 2727 ἐκ
528 2675 638 2745 τῆς
675 2677 850 2748 κοπῆς
891 2673 1002 2729 τῶν
1040 2674 1331 2747 βασιλέων,
1368 2675 1515 2730 καθὰ
1556 2676 1889 2748 γέγραπται,

312 2765 400 2819 οὐκ
420 2765 740 2833 ἀξιώσαντα
767 2767 824 2821 δέ
853 2784 908 2820 τι
936 2768 1085 2839 παρὰ
1114 2768 1210 2822 τοῦ
1238 2767 1489 2840 Σοδόμων
1519 2767 1780 2840 ἄρχοντος
1812 2768 1890 2830 εἰς

311 2856 430 2912 ἰδίαν
452 2859 656 2932 κτῆσιν
691 2860 854 2925 ἑλεῖν,
883 2861 1146 2932 εὐλόγησε
1172 2861 1263 2915 τὸν
1294 2859 1651 2933 Μελχισεδέκ.
1705 2859 1764 2912 '0
1794 2859 1895 2930 μὲν

305 2946 400 3019 γὰρ
429 2948 742 3022 Σοδομιτῶν
764 2947 1183 3021 ἡγούμενος,ὠς
1206 2950 1519 3020 νενικηκότι
1540 2946 1894 3020 τῷἋϐραὰμ

309 3039 518 3112 ἔφασκε·
573 3063 593 3096 ι
636 3043 740 3107 Δός
772 3060 865 3115 μοι
904 3043 1032 3106 τοὺς
1075 3043 1296 3116 ἄνδρας,
1330 3043 1430 3116 τὴν
1462 3043 1519 3098 δὲ
1559 3043 1726 3098 ἵππον
1758 3040 1892 3096 λάϐε

305 3132 498 3204 σεαυτῷ
525 3151 570 3186 ο)
605 3135 642 3188 ὁ
682 3134 741 3187 δὲ
783 3133 1016 3204 μηδενὸς
1061 3133 1171 3190 τῶν
1214 3134 1427 3188 ἐκείνου
1478 3132 1892 3204 μεταποιεῖσθαι
1920 3173 1964 3230 c

303 3225 641 3296 διεγνωκὼς,
711 3245 730 3279 ι
795 3226 1070 3292 Ἐκτενῶ,
1150 3227 1317 3298 φησὶ,
1385 3224 1485 3297 τὴν
1555 3225 1716 3296 χεῖρά
1788 3241 1890 3294 μου

303 3321 426 3393 πρὸς
449 3321 537 3376 τὸν
559 3321 703 3376 Θεὸν
725 3320 818 3374 τὸν
843 3319 1170 3392 ῦψιστον,ὃς
1202 3319 1387 3373 ἔκτισε
1415 3317 1508 3374 τὸν
1535 3317 1765 3390 οὐρανὸν
1797 3317 1894 3371 καὶ

303 3413 389 3487 τὴν
410 3417 533 3487 γῆν,
568 3419 617 3469 εί
661 3415 772 3469 ἀπὸ
806 3411 1076 3486 σπαρτίου
1116 3412 1222 3476 ἓως
1272 3411 1656 3484 σφαιρωτῆρος
1696 3409 1892 3481 ὑποδή-

306 3525 458 3577 ματος
487 3507 739 3580 λήψομαι
769 3506 880 3561 ἀπὸ
915 3507 1136 3560 πάντων
1176 3504 1285 3558 τῶν
1315 3504 1446 3567 σῶν,
1477 3504 1564 3557 Eva.
1593 3502 1670 3576 μὴ
1707 3502 1888 3573 εἴπῃς·

315 3595 445 3664 Ἐγὼ
500 3594 811 3651 ὲπλούτισα
842 3594 935 3648 τὸν
979 3593 1255 3667 Ἀϐραάμ.
1284 3612 1302 3645 ι
1324 3593 1553 3665 Χαίρειν
1572 3592 1680 3664 γὰρ
1718 3592 1892 3661 ἁγίοις

303 3686 412 3754 ἔθος
446 3689 546 3743 οὐκ
589 3688 692 3742 ἐπὶ
711 3687 930 3758 πλούτῳ
957 3687 1228 3758 κοσμικῷ.
1260 3686 1684 3758 Κεκρατηκότες
1713 3686 1892 3740 τοίνυν

303 3779 498 3851 ὁρατῶν
525 3799 585 3834 τε
612 3781 715 3835 καὶ
733 3780 984 3853 ἀοράτων
1003 3778 1236 3854 ἐχθρῶν,
1266 3779 1362 3833 καὶ
1378 3779 1533 3833 οὐδὲν
1554 3779 1663 3832 ἀπὸ
1683 3777 1891 3850 κόσμου

303 3869 588 3943 δεχόμενοι,
631 3869 907 3942 τιμῶντες
942 3871 1000 3924 δὲ
1037 3872 1237 3942 μᾶλλον
1271 3871 1362 3926 τὸν
1395 3869 1602 3924 ἄνωθεν
1641 3870 1892 3938 πλοῦτον,

303 3962 672 4034 εὐλογούμεθα
699 3962 788 4016 διὰ
803 3961 1067 4033 Χριστοῦ,
1098 3962 1192 4016 τοῦ
1214 3961 1316 4032 τῆς
1349 3962 1572 4033 εἰρήνης
1605 3961 1892 4033 βασιλέως.

304 4052 686 4125 Εὑλογούμεθα
735 4051 812 4118 δὲ,
860 4052 1031 4118 ξένιον
1069 4051 1260 4123 ὥσπερ
1299 4051 1557 4123 οὐρανοῦ,
1607 4053 1703 4106 καὶ
1746 4051 1894 4124 ζωῆς

304 4145 499 4214 ἑφόδιον
528 4147 820 4217 δεχόμενοι
839 4144 908 4198 τὰ
946 4143 1206 4216 μυστικά.
1239 4143 1558 4216 Σεσιγήσοω
1588 4145 1698 4216 γὰρ
1732 4144 1892 4208 τέως,

302 4235 346 4289 εὶ
373 4234 549 4288 δοκεῖ·
591 4233 978 4305 εὐλογούμεϐα
1009 4234 1065 4286 δὲ
1100 4233 1254 4306 παρὰ
1308 4234 1550 4306 Χριστοῦ
1614 4236 1710 4288 καὶ
1756 4253 1894 4308 πρε-

306 4328 500 4393 σϐείαις
525 4333 653 4394 ταῖς
683 4329 824 4400 ὑπὲρ
849 4327 1005 4400 ἡμῶν
1035 4327 1173 4399 πρὸς
1204 4329 1294 4382 τὸν
1322 4329 1464 4383 Πατὲ
1475 4346 1564 4400 ρα.
1581 4329 1640 4380 Ὀ
1663 4327 1763 4399 μὲν
1786 4327 1896 4397 γὰρ

301 4420 632 4492 Μελχισεδὲκ
701 4421 914 4490 εὐλόγει
969 4420 1060 4474 τὸν
1126 4419 1414 4492 Ἀϐραὰμ,
1483 4417 1628 4474 οὕτω
1681 4419 1892 4490 λέγων’

1995 1935 2212 2006 cipibus
2245 1935 2430 1990 saeculi
2454 1936 2936 2006 hujusfortissime
2968 1939 3280 2004 debellatis,
3309 1949 3365 1996 ct
3400 1940 3596 1996 adver-

1996 2028 2160 2084 sariis
2189 2029 2506 2098 superiores
2539 2027 2822 2094 declarati,
2859 2031 3178 2100 nulliusque
3215 2047 3432 2096 eorum,
3470 2048 3594 2101 qua:

1996 2119 2053 2174 in
2094 2121 2305 2178 mundo
2330 2129 2481 2186 sunt,
2526 2131 2772 2193 egentes,
2815 2131 2870 2177 at
2894 2140 3028 2179 vero
3086 2125 3274 2194 potius
3312 2126 3593 2195 spiritales

1995 2214 2219 2270 divitias
2249 2222 2539 2270 censentes
2599 2229 2664 2268 ea
2715 2231 2837 2285 quae
2876 2217 2973 2271 Dei
3005 2226 3156 2281 sunt,
3199 2226 3256 2272 et
3298 2215 3592 2289 gleriosam

1995 2315 2158 2377 atque
2190 2307 2704 2362 immarccscibilem
2729 2323 3097 2379 supernorum
3130 2311 3402 2366 donorum
3425 2312 3593 2383 largi-

1996 2399 2221 2456 tionem.
2260 2398 2650 2454 Animadverte
2684 2400 2833 2455 enim
2853 2401 3006 2471 quod
3053 2402 3249 2458 victori
3291 2397 3591 2468 Abraham,

1995 2501 2052 2550 et
2072 2492 2324 2547 redeunti
2351 2508 2382 2546 a
2414 2491 2562 2548 caede
2591 2506 2806 2563 regum,
2834 2492 2978 2548 sicut
3023 2495 3289 2564 scriptum
3321 2503 3406 2550 est
3435 2496 3496 2561 “,
3537 2506 3596 2553 et

1995 2585 2313 2656 dedignanti
2334 2584 2636 2654 quidquam
2676 2600 2706 2639 a
2731 2585 2982 2655 principe
3015 2585 3379 2642 Sodomorum
3413 2589 3592 2658 possi-

1997 2675 2237 2734 dendum
2267 2679 2539 2749 accipere,
2572 2677 2858 2733 benedixit
2888 2676 3275 2734 Melchisedec.
3301 2679 3414 2733 Rex
3444 2681 3592 2734 enim

1997 2771 2367 2828 Sodomorum
2412 2771 2612 2828 victori
2662 2771 2897 2827 Abralue
2935 2772 3075 2826 dixit
3103 2791 3116 2827 :
3151 2793 3169 2823 ‹
3202 2774 3280 2828 Da
3309 2773 3444 2828 mihi
3478 2775 3598 2829 ani-

1997 2879 2137 2930 mas,
2159 2865 2468 2935 equitatum
2495 2879 2626 2919 vero
2661 2864 2760 2919 tibi
2806 2864 2994 2934 accipe
3017 2865 3081 2916 ¹⁷.
3120 2884 3137 2915 ›
3163 2865 3282 2934 Ipse
3301 2881 3436 2919 vero
3455 2866 3596 2920 nihil

1996 2972 2190 3011 eorum
2217 2971 2341 3026 quae
2369 2955 2518 3026 regis
2546 2955 2914 3011 Sodomorum
2931 2963 3113 3020 erant,
3141 2956 3245 3010 sibi
3271 2957 3592 3012 vindicans:

2007 3069 2024 3102 ι
2081 3049 2424 3114 Extendam,
2495 3049 2707 3119 inquit,
2779 3064 3004 3103 manum
3055 3064 3233 3104 meam
3286 3049 3354 3103 ad
3421 3050 3592 3106 Deum

1998 3138 2347 3202 altissimum,
2383 3138 2478 3209 qui
2520 3138 2730 3193 creavit
2758 3136 2957 3192 coelum
2999 3151 3064 3192 ac
3090 3145 3314 3202 terram,
3355 3137 3401 3192 si
3443 3154 3474 3192 a
3503 3139 3594 3192 [ilo

1999 3228 2365 3300 subtegminis
2396 3243 2575 3299 usque
2604 3228 2672 3283 ad
2707 3227 2999 3298 corrigiam
3039 3226 3212 3282 calcei
3235 3241 3501 3298 accepero
3525 3243 3596 3284 ex

1999 3320 2260 3376 omnibus
2282 3320 2412 3386 tuis,
2442 3328 2506 3376 ut
2525 3335 2634 3376 non
2659 3319 2841 3376 dicas:
2862 3319 2977 3392 Ego
3001 3318 3173 3375 ditavi
3193 3318 3474 3376 Abraham
3493 3318 3589 3376 ".t

1999 3412 2190 3482 Neque
2238 3413 2391 3468 enim
2441 3420 2761 3470 sanctorum
2795 3412 3139 3468 consuetudo
3185 3418 3273 3468 est
3301 3413 3597 3470 mundanis

1999 3505 2212 3564 divitiis
2240 3505 2499 3577 gaudere.
2550 3505 2800 3561 Victores
2826 3506 3014 3576 itaque
3041 3505 3346 3562 visibilium
3385 3507 3598 3577 pariter

1999 3606 2056 3656 et
2081 3597 2442 3653 iuvisibilium
2478 3597 2850 3662 inimicorum,
2881 3612 3064 3668 neque
3085 3597 3389 3669 quidquam
3431 3615 3597 3654 mun-

2000 3688 2207 3744 danum
2239 3688 2614 3753 admittentes,
2644 3698 2701 3744 at
2733 3688 2914 3760 potius
2941 3705 3208 3760 supernas
3245 3690 3468 3747 divitias
3507 3707 3602 3747 su-

2000 3781 2323 3852 spieientes,
2367 3781 2752 3836 benedicimur
2789 3797 2823 3836 α
2851 3780 3073 3837 Christo
3122 3783 3278 3853 pacis
3309 3799 3458 3855 rege.
3492 3785 3598 3839 Be-

2001 3871 2313 3927 nedicimur
2342 3879 2548 3936 autem,
2583 3881 2848 3941 tanquam
2869 3870 3076 3926 donum
3093 3873 3218 3928 eteli
3250 3881 3308 3927 et
3332 3873 3597 3928 viaticum

2001 3963 2128 4019 vitae
2177 3963 2546 4034 suscipientes
2587 3979 2653 4018 ea
2705 3978 2829 4034 quae
2891 3964 3121 4035 mystica
3175 3971 3344 4035 atque
3396 3980 3598 4021 arcana

2003 4062 2152 4110 sunt.
2187 4054 2480 4118 Taceatur,
2511 4054 2557 4109 si
2597 4053 2852 4118 videtur,
2887 4055 3174 4126 tantisper.
3211 4054 3600 4111 Benedicimnr

2003 4163 2134 4203 vero
2161 4161 2191 4201 a
2221 4145 2442 4202 Christo
2478 4153 2536 4202 et
2563 4145 3046 4216 deprecationibus
3065 4161 3164 4216 pro
3195 4145 3356 4201 nobis
3393 4147 3460 4202 ad
3501 4147 3600 4202 Pa-

2006 4247 2164 4294 trem.
2221 4239 2590 4297 Melchiscdec
2635 4241 2785 4296 enim
2852 4239 3136 4295 benedixit
3177 4238 3444 4302 Abrahae,
3494 4238 3602 4292 hoc

2003 4340 2204 4402 pacto:
2252 4352 2271 4385 ι
2300 4333 2633 4390 Benedictus
2671 4334 2821 4388 Deus
2856 4331 3189 4394 altissimus,
3234 4331 3328 4401 qui
3373 4331 3597 4386 tradidit

2006 4423 2261 4479 inimicos
2278 4430 2402 4480 tuos
2431 4423 2680 4492 captivos
2709 4423 2809 4478 tibi
2845 4423 2908 4476 ‘9.
2953 4441 2970 4474 ι
3007 4421 3279 4476 Dominus
3309 4436 3441 4476 vero
3491 4435 3594 4476 no-

309 4533 325 4564 ι
361 4514 670 4586 Εὐλογητὸς
702 4517 730 4568 ὁ
760 4512 895 4578 Θεὸς
918 4513 947 4566 6
965 4513 1212 4584 ὕψιστος,
1237 4513 1295 4577 ὃς
1325 4504 1495 4568 ἔδωκε
1518 4517 1646 4578 τοὺς
1667 4512 1895 4587 ἐχθρούς

2004 4527 2120 4571 ster
2151 4516 2313 4572 Jesus
2366 4515 2646 4580 Christus,
2718 4515 2968 4570 omnium
3036 4525 3284 4570 nostrum
3333 4514 3603 4585 propitia--

303 4623 387 4660 σου
431 4606 790 4680 ὑποχειρίους
828 4624 933 4660 σοι.
975 4625 993 4660 ›
1044 4605 1101 4660 '0
1140 4605 1196 4659 δὲ
1227 4604 1432 4676 Κύριος
1471 4606 1632 4678 ἡμῶν
1687 4607 1899 4677 Ἰησοῦς

300 4695 544 4766 Χριστὸς,
571 4696 634 4750 τὺ
664 4695 886 4749 πάντων
923 4693 1081 4766 ἡμῶν
1123 4695 1462 4768 ἱλαστήριον,
1487 4715 1504 4748 ι
1533 4697 1716 4769 Πάτερ
1751 4698 1900 4767 ἅγιε,

303 4790 445 4859 φησὶ,
499 4794 750 4864 τήρησον
796 4789 994 4852 αὐτοὺς
1031 4789 1089 4842 ὲν
1125 4791 1192 4861 τῇ
1231 4789 1465 4864 ἀληθείᾳ
1492 4808 1609 4845 σου.
1644 4811 1662 4843 ι
1690 4791 1902 4845 Οὐκοῦν

301 4882 386 4935 καὶ
414 4885 478 4937 ὲκ
501 4885 604 4955 τῆς
629 4881 743 4936 τῶν
769 4882 1050 4953 ὀνομάτων
1075 4882 1376 4953 ἑρμηνείας
1399 4882 1640 4956 ἁρπάζει
1670 4882 1730 4936 τὸ
1762 4884 1902 4954 χρή-

304 4995 471 5050 σιμον,
495 4981 578 5044 εἰς
608 4978 968 5033 ὑποτύπωσιν
997 4975 1091 5030 τοῦ
1114 4976 1375 5049 Χριστοῦ.
1399 4965 1512 5033 Καὶ
1539 4977 1700 5032 αὐτὸν
1724 4977 1781 5031 δὲ
1802 4977 1912 5050 τῆς

303 5071 601 5142 ἱερωσύνης
631 5071 726 5124 τὸν
755 5070 977 5142 τρόπον,
997 5071 1078 5135 είς
1097 5069 1417 5140 παράδειξιν
1446 5068 1540 5123 τοῦ
1575 5068 1901 5139 πράγματος

305 5163 534 5218 ἐποιεῖτο
563 5163 738 5234 σαφῆ.
780 5181 799 5214 t
847 5163 1086 5233 ’Ἄρτους
1126 5161 1235 5235 γάρ
1276 5161 1372 5216 καὶ
1403 5157 1549 5217 οἶνον
1583 5161 1904 5232 ἐξεκόμιζεν

301 5252 326 5302 6
353 5252 715 5324 Μελχισεδέκ.
755 5271 774 5304 ι
805 5251 929 5305 Ὅτι
949 5251 1006 5308 δὲ
1031 5253 1268 5320 ἀπάτωρ
1298 5252 1585 5323 ἢὰμήτωρ
1609 5246 1700 5322 ἦν,
1735 5252 1904 5323 ἤγουν

303 5345 752 5417 ἀγενεαλόγητος,
795 5344 827 5416 ἢ
861 5343 1036 5417 ἀρχὴν
1081 5343 1327 5414 ἡμερῶν,
1369 5344 1402 5414 ἦ
1438 5345 1593 5409 τέλος
1627 5343 1773 5412 ζωῆς
1799 5344 1902 5398 οὑκ

302 5437 433 5509 ἔχων
456 5442 485 5494 ὁ
513 5440 878 5510 Μελχισεδὲκ,
896 5437 1133 5508 οὐδαμοῦ
1157 5439 1538 5510 διαμεμήνυκε
1575 5437 1634 5493 τὸ
1657 5437 1899 5510 Γρᾶμμα

301 5528 358 5586 τὸ
395 5532 564 5605 ἱερόν.
605 5532 987 5604 Πεφενάκικεν
1018 5526 1112 5587 οὖν
1147 5530 1276 5604 ἄρα,
1311 5531 1445 5603 φαίη
1479 5547 1560 5595 τις
1590 5529 1654 5584 ἂν
1691 5522 1842 5593 ἴσως,
1870 5528 1898 5580 ὁ

372 5729 413 5760 ¹⁶
439 5730 458 5785 l
489 5730 621 5786 Cor.
661 5713 733 5794 vi,
762 5717 851 5785 1⁵1.
932 5731 974 5762 ³⁸
1002 5727 1170 5786 llebr.
1213 5746 1305 5794 vn,
1347 5730 1402 5784 2.
1473 5728 1516 5758 ¹⁶
1554 5725 1691 5781 Gen.
1730 5743 1838 5790 xw,
1878 5725 1895 5778 l

2024 5725 2061 5756 ¹⁷
2091 5724 2228 5779 Ibid.
2264 5725 2352 5779 “2i,

305 5813 428 5867 twn,
461 5803 550 5857 il.
637 5802 676 5834 “
711 5802 852 5858 Gen.
890 5817 999 5865 xxv,
1034 5802 1132 5866 18;
1169 5802 1338 5859 llebr.
1398 5816 1488 5864 vn,
1524 5799 1634 5855 1-5.

540 5895 824 5959 ΡΑτιιοῐ..
874 5895 992 5956 Gn.
1037 5897 1216 5958 LXIX
1230 5941 1245 5960 .

2003 4609 2101 4676 tio,
2151 4629 2167 4660 ι
2206 4610 2367 4665 Pater
2411 4616 2621 4673 sancte,
2678 4608 2878 4679 inquit,
2928 4621 3087 4664 serva
3133 4621 3232 4663 eos
3271 4607 3329 4663 in
3367 4607 3600 4662 veritate

2003 4710 2096 4757 tua
2122 4703 2189 4756 ³ο.
2234 4721 2252 4752 ι
2301 4702 2382 4756 Ex
2405 4702 2524 4771 ipsa
2585 4700 2752 4772 igitur
2795 4700 3083 4780 nominum
3138 4699 3599 4771 interpretatione

2002 4795 2148 4864 rapit
2177 4793 2230 4848 id
2267 4793 2416 4864 quod
2469 4793 2538 4847 ad
2561 4791 2908 4863 ﬁgurandum
2925 4791 3208 4848 Christum
3231 4791 3382 4848 facit.
3415 4792 3601 4862 Ipsum

2001 4887 2167 4940 etiam
2201 4885 2494 4941 sacerdotii
2526 4885 2750 4941 modum
2783 4884 2838 4940 in
2856 4884 3170 4954 exemplum
3191 4883 3271 4938 rei
3311 4882 3600 4938 manifeste

2004 4977 2076 5032 ob
2100 4977 2290 5032 oculos
2332 4976 2536 5048 posuit.
2589 4995 2608 5027 ι
2641 4977 2820 5032 Panes
2847 4975 2996 5031 enim
3045 4983 3102 5029 et
3153 4973 3342 5029 vinum
3397 4973 3602 5028 obtulit

2006 5067 2448 5126 Melchisedec".
2479 5087 2498 5120 ι
2539 5066 2695 5135 Quod
2723 5081 2854 5122 vero
2888 5073 3044 5136 patre
3073 5080 3137 5120 ac
3162 5073 3338 5120 matre
3359 5071 3598 5127 careret.

2005 5161 2238 5231 ejusque
2283 5161 2601 5232 genealogia
2634 5160 3018 5230 ignoraretur,
3064 5157 3151 5213 vel
3182 5156 3332 5228 quod
3386 5158 3600 5228 princi-

2007 5249 2159 5321 pium
2189 5252 2542 5318 dierum,aut
2576 5253 2700 5308 vitae
2722 5250 2884 5329 tinem
2915 5265 3026 5306 non
3058 5249 3289 5306 haberet
3310 5250 3600 5306 Melchise-

2007 5344 2134 5411 dec,
2164 5361 2321 5400 sacra
2359 5346 2646 5417 Scriptura
2690 5361 2963 5416 nusquam
2991 5352 3244 5401 testatur.
3281 5344 3478 5399 Falsus
3504 5344 3602 5398 ita-

2008 5450 2116 5503 que
2149 5442 2234 5490 est
2264 5434 2432 5506 (dicat
2457 5435 2688 5491 fortasse
2723 5435 2946 5506 aliquis)
2973 5435 3207 5491 divinus
3227 5434 3450 5490 Paulus.
3479 5433 3598 5487 Non

2005 5529 2116 5600 63
2153 5527 2259 5582 hoc
2288 5527 2525 5583 dicimus
2551 5547 2563 5583 :
2589 5528 2766 5584 absit!
2811 5528 3110 5584 Veritatem
3134 5527 3281 5582 enim
3331 5525 3597 5595 loquitur.

2438 5726 2477 5756 η
2500 5725 2636 5780 ibid.
2670 5725 2758 5790 ΞΕ,
2793 5725 2881 5779 ‘25.
2962 5725 3001 5755 ‘5‘
3030 5723 3169 5778 ibid.
3199 5721 3286 5776 20.
3365 5719 3409 5750 ’⁸
3433 5721 3589 5775 Joan.

3200 5885 3232 5950 Α
