4092 6462
461 314 566 368 107

1483 311 1538 366 S.
1582 308 1856 365 CYRILU
1896 305 2365 364 ALEXANDle
2403 307 2720 364 ARCHIEP.

3617 317 3718 374 108

463 433 533 487 At
561 429 766 500 potius,
791 428 1124 488 artiﬁciosa:
1167 428 1459 484 admodum
1494 443 1775 484 sacrorum
1833 437 2036 500 myste-

2146 427 2427 491 θεσπέσιος
2461 426 2697 492 Παῦλος.
2731 427 2806 482 Ού
2833 427 2992 483 τοῦτὸ
3030 445 3230 501 φαμεν,
3267 429 3342 502 μὴ
3372 431 3602 500 γένοιτο’
3625 432 3721 486 λα-

465 524 672 578 riorum
706 522 996 592 interpres,
1020 521 1211 577 statuit
1233 521 1398 576 etiam
1424 519 1817 576 (economicam
1837 520 2038 574 horum

463 614 831 668 narrationem
874 613 930 667 in
977 621 1163 684 typum
1201 611 1388 683 gloriae
1436 610 1832 667 Emmanuelis.
1881 609 2040 678 Quod

460 705 609 759 enim
640 704 897 760 sacerdos
929 704 1106 758 solum
1138 712 1260 758 erat
1275 701 1660 769 Melchisedec,
1694 718 1850 758 sacra
1878 703 2040 758 nobis

462 792 747 862 Scriptura
769 791 1027 855 declarat,
1047 806 1221 862 genus
1250 807 1360 845 non
1385 805 1697 857 recensens,
1735 807 1914 862 neque
1929 808 2041 863 quo

461 892 615 952 patre
638 889 734 936 aut
770 890 944 936 matre
968 889 1131 936 natus
1179 881 1270 946 sit,
1310 881 1406 938 sed
1439 896 1619 951 neque
1675 881 1744 936 ad
1773 889 2040 952 quantum

459 989 726 1028 annorum
747 988 1040 1030 numerum
1065 973 1411 1042 pervenerit,
1441 983 1538 1028 aut
1564 972 1755 1043 quales
1781 972 2042 1028 habuerit

460 1062 752 1118 sacerdotii
777 1063 1172 1129 successiones,
1205 1072 1553 1118 enarrantem
1579 1062 1844 1117 invenias.
1875 1061 2040 1131 Figu-

464 1163 576 1208 rate
608 1154 790 1224 itaque
820 1156 981 1212 nobis
999 1155 1245 1226 depingit
1269 1155 1466 1209 horum
1497 1152 1740 1208 narratio
1757 1151 2039 1222 perpetui-

462 1255 628 1302 tatem
667 1257 724 1304 et
763 1249 1022 1320 principii
1056 1249 1355 1304 carentiam
1389 1249 1446 1302 in
1472 1246 1710 1310 Christo,
1742 1261 1851 1316 qua
1895 1245 2041 1300 Deus

459 1347 546 1392 est
575 1358 588 1393 :
631 1339 932 1395 carentiam
974 1348 1182 1405 autem,
1215 1339 1458 1409 inquam,
1490 1337 1748 1409 principii
1784 1336 1839 1390 in
1866 1353 2041 1407 quan-

460 1430 638 1493 litate,
663 1431 926 1486 nimirum
971 1432 1272 1488 secundum
1313 1439 1546 1499 tempus.
1597 1429 1717 1499 Ipse
1766 1428 1916 1483 enim
1960 1436 2044 1484 est

458 1522 634 1578 taeter
660 1525 1004 1578 saeculorum.
1028 1523 1306 1594 Signiﬁcat
1331 1531 1514 1578 autem
1565 1527 1830 1590 praeterea
1873 1520 2040 1575 etiam

459 1613 885 1669 indesinentiam
909 1614 1221 1670 sacerdotii.
1267 1633 1284 1665 ι
1327 1613 1560 1678 Idcirco,
1598 1632 1616 1663 ›
1654 1611 1831 1682 inquit
1849 1612 2044 1667 beatus

462 1706 662 1761 Paulus
707 1706 776 1763 de
820 1706 1203 1771 Melchisedec,
1255 1724 1272 1757 ι
1309 1704 1454 1775 quod
1484 1719 1663 1774 neque
1707 1704 2040 1775 principium

2141 521 2224 574 λεῖ
2250 522 2363 593 γὰρ
2395 520 2686 592 ἀλήθειανο
2717 521 2929 593 δέχεται
2959 521 3014 575 δὲ
3060 521 3261 594 μᾶλλον
3292 526 3320 577 6
3362 525 3721 594 μυσταγωγὸς

2139 613 2412 685 τεχνίτης,
2443 614 2658 682 ἀνάγων
2675 615 2754 676 εἱς
2774 613 2944 665 τύπον
2959 613 3059 683 τῆς
3084 613 3241 684 δόξης
3254 613 3347 667 τοῦ
3372 615 3718 687 Ἐμμανουὴλ

2141 707 2236 761 καὶ
2266 707 2366 778 τὴν
2406 707 2499 760 ἐτιὶ
2535 706 2742 772 τούτοις
2790 707 2976 771 αὐτοῖς
3020 709 3371 780 οἰκονομικὴν
3421 711 3714 780 ἀφήγησιν.

2143 800 2268 854 Ὅτι
2293 799 2400 870 γὰρ
2421 799 2580 870 μόνον
2597 794 2664 870 ἦν
2693 800 2872 872 ἱερεὺς
2898 801 2927 853 6
2944 799 3297 870 Μελχισεδὲκ,
3318 801 3719 872 ήθεὸπνευστος

2140 893 2274 963 ἡμῖν
2305 893 2550 962 ὑπέφηνε
2581 891 2794 963 Γραφη,
2825 891 2981 959 γένος
3009 892 3108 946 ούκ
3149 891 3483 962 ὀνομάσασα,
3514 891 3547 964 ἢ
3576 891 3719 957 τίνος

2140 984 2306 1054 ἐξέφυ
2353 983 2558 1054 πατρὸς
2592 984 2624 1055 ἢ
2665 984 2902 1055 μητρόςο
2941 982 3056 1037 ἀλλ’
3095 983 3214 1036 οὐδὲ
3256 985 3336 1047 εἱς
3370 985 3535 1039 πόσον
3579 985 3718 1038 ἐτῶν

2141 1076 2435 1148 κατέληξεν
2477 1075 2729 1147 ἀριθμὸν,
2779 1075 2812 1147 ἢ
2864 1076 3026 1140 ποίας
3069 1075 3209 1147 ἔχων
3254 1077 3567 1148 εὑρίσκεται
3618 1076 3716 1146 τῆς

2142 1169 2440 1240 ἱερωσύνης
2507 1167 2613 1232 τάς
2663 1167 2918 1238 διαδοχὰς
2985 1167 3314 1238 προσθεῖσαν
3369 1167 3714 1238 εὑρίσκομεν.

2151 1259 2588 1315 ’Υποπλάττεται
2606 1260 2830 1331 τοίνυνὴ
2849 1259 2957 1313 τῶν
2974 1258 3242 1311 τοσούτων
3263 1260 3394 1329 ἡμῖν
3419 1259 3715 1330 ἀφήγησις,

2139 1352 2300 1406 οἱονεί
2328 1368 2445 1415 πως
2461 1350 2520 1405 τὸ
2541 1351 2787 1422 διηνεκὲς
2813 1350 2908 1405 καὶ
2933 1351 3168 1420 ἄναρχον
3183 1349 3279 1402 τοῦ
3308 1349 3566 1422 Χριστοῦ,
3585 1349 3716 1405 καθὸ

2139 1444 2340 1496 νοεῖται
2369 1441 2522 1505 Θεός.
2567 1441 2836 1514 Ἀναρχον
2865 1440 2920 1494 δέ
2954 1458 3116 1511 φημι,
3149 1440 3308 1504 τὸὼς
3343 1441 3401 1492 ἐν
3435 1438 3715 1510 ποσότητι,

2141 1532 2386 1604 δηλονότι
2408 1535 2474 1603 τῇ
2500 1531 2641 1586 κατά
2663 1532 2875 1603 χρόνον.
2897 1531 3066 1591 Αὐτὸς
3093 1530 3202 1601 γάρ
3231 1531 3347 1582 ἐστι
3377 1528 3485 1582 τῶν
3508 1528 3718 1583 αἰώνων

2139 1627 2168 1679 6
2193 1625 2443 1697 ποιητής.
2491 1625 2854 1696 ’Υπεμφαίνει
2883 1624 2942 1677 δὲ
2970 1623 3103 1694 πρὸς
3140 1623 3316 1694 τούτῳ
3376 1622 3468 1676 καὶ
3497 1621 3558 1675 τὸ
3579 1623 3717 1678 ἀκα-

2140 1719 2408 1789 τάληκτον
2452 1717 2552 1786 τῆς
2584 1714 2900 1788 ἱερωσύνης.
2934 1735 2952 1768 ι
2989 1713 3090 1768 Διά
3119 1713 3275 1768 τοῦτὸ
3310 1734 3328 1767 ι
3367 1730 3529 1785 φησιν
3559 1714 3587 1767 6
3618 1731 3720 1785 μα-

461 1797 696 1863 dierum,
725 1812 905 1868 neque
923 1798 1049 1852 vita:
1065 1797 1229 1853 ﬁnem
1268 1797 1504 1860 habens,
1545 1797 1879 1852 assimilatus
1903 1812 2036 1852 vero

2146 1811 2327 1880 κάριος
2380 1807 2591 1872 Παῦλος
2634 1806 2764 1878 περὶ
2809 1807 2903 1861 τοῦ
2946 1806 3304 1877 Μελχισεδὲκ,
3363 1806 3450 1858 ὅτι
3503 1824 3523 1858 ι
3581 1810 3718 1877 μήτε

458 1888 604 1942 Filio
627 1889 744 1954 Dei,
772 1898 956 1944 manet
979 1888 1237 1943 sacerdos
1280 1888 1334 1941 in
1367 1896 1693 1957 perpetuum
1715 1889 1782 1940 ".
1818 1907 1835 1940 ι
1877 1887 2040 1942 Vide-

461 1989 551 2034 tur
571 1988 753 2034 autem
793 1981 957 2035 etiam
1012 1980 1160 2035 aliud
1190 1980 1323 2048 quid
1351 1994 1462 2034 non
1506 1979 1731 2049 vulgare
1786 1978 2037 2034 subindi-

458 2087 607 2140 care,
632 2071 780 2144 quod
813 2074 1036 2145 quidem
1054 2074 1216 2145 quale
1233 2073 1321 2129 .sit
1347 2072 1622 2144 explicare
1646 2071 1906 2127 conabor.

532 2350 620 2406 10.
676 2347 1032 2406 Obsistebant
1076 2347 1487 2404 JudaaiCbristi
1519 2346 1896 2417 prmdicationi
1924 2388 1938 2413 ,
1984 2356 2040 2403 et

459 2441 760 2514 apostolica
783 2440 967 2495 studia
1003 2438 1333 2505 irridebant,
1367 2439 1478 2494 duo
1519 2439 1636 2494 hac
1663 2448 2036 2510 opponentes:

464 2551 636 2591 unum
666 2534 911 2605 quidem,
947 2531 1095 2603 quod
1141 2532 1480 2602 impossibile
1526 2540 1673 2588 esset
1719 2532 2040 2589 mandatum

462 2627 713 2700 patribus
731 2640 761 2679 a
782 2625 963 2696 Moyse
994 2623 1375 2694 praescriptum
1402 2623 1688 2694 antiquare
1754 2623 2044 2694 legemque

463 2719 748 2788 abrogare,
773 2714 880 2768 alio
915 2712 1132 2769 vivendi
1155 2728 1354 2783 genere
1383 2711 1522 2766 nulli
1549 2719 1796 2766 veterum
1827 2711 2044 2781 cognito

465 2817 662 2882 praeter
684 2806 999 2877 opinionem
1027 2804 1255 2860 inducto
1279 2821 1292 2871 ;
1318 2804 1552 2858 alterum
1578 2819 1712 2858 vero
1730 2801 2043 2873 hujusmodi

463 2909 584 2958 erat
616 2918 627 2954 :
670 2898 1080 2955 contendebant
1104 2897 1250 2952 enim
1293 2896 1586 2952 sacerdotii
1617 2896 1843 2967 gloriam
1885 2910 1917 2949 a
1950 2894 2046 2949 de-

464 2994 603 3049 lecta
633 2990 802 3056 tribu,
833 2988 1074 3043 Levitica
1094 2988 1379 3053 nimirum,
1412 2988 1614 3043 auferri
1648 3001 1759 3043 non
1791 2986 1992 3041 debere
2025 3003 2040 3038 :

463 3099 530 3139 eo
553 3082 700 3152 quod
725 3081 929 3152 passim
957 3096 988 3134 a
1021 3080 1328 3135 ministerio
1353 3081 1544 3150 templi
1572 3081 1716 3135 Deus
1735 3094 1830 3134 eos
1859 3083 2045 3132 arceat

464 3176 558 3246 qui
586 3191 654 3228 ex
676 3189 741 3228 ea
774 3188 884 3226 non
919 3179 1066 3236 sunt,
1105 3179 1515 3241 extremamque
1534 3171 1846 3240 hujusmodi
1878 3178 2047 3224 teme-
2071 3149 2114 3206 C-

465 3267 618 3322 ritati
641 3281 858 3336 poenam
903 3264 1127 3335 irroget.
1162 3264 1406 3319 Conatur
1451 3265 1639 3332 itaque
1659 3262 1885 3326 Paulus,
1911 3261 2048 3332 legis

465 3357 672 3428 optime
702 3356 933 3426 peritus,
964 3355 1354 3411 verisimilibus
1376 3354 1683 3409 rationibus
1717 3354 1878 3424 plane
1895 3369 2049 3408 com-

466 3450 725 3522 probare,
754 3457 914 3519 atque
935 3448 1072 3504 adeo
1106 3463 1175 3503 ex
1200 3447 1317 3518 ipsa
1348 3447 1514 3503 etiam
1543 3445 1828 3516 Scriptura
1869 3461 2044 3512 sacra,

467 3548 618 3619 quod
653 3555 710 3602 et
740 3546 876 3616 legis
903 3544 1136 3611 novitas,
1163 3553 1220 3600 et
1239 3541 1530 3599 sacerdotii
1557 3542 1730 3611 ipsius
1768 3541 2048 3596 translatio

468 3639 731 3712 pradicta
761 3638 836 3694 sit
857 3678 870 3703 ,
898 3636 1154 3707 quodque
1186 3635 1476 3703 utriusque
1519 3631 1841 3704 signiﬁcatio
1869 3633 1926 3687 in
1960 3641 2046 3705 ty-

466 3733 558 3802 pis
592 3735 1003 3800 prtemonstrata
1029 3725 1217 3780 fuerit.
1250 3722 1655 3792 Statuititaque
1687 3721 2048 3776 Melchisedec

469 3838 584 3877 non
638 3835 707 3876 ex
738 3818 893 3874 tribu
932 3815 1195 3872 Levitica.
1222 3812 1432 3869 Deinde
1496 3813 1738 3869 ostendit
1789 3812 2046 3868 sacerdo-

469 3921 576 3966 tem
597 3910 820 3981 quidem
853 3908 1021 3963 fuisse
1054 3905 1434 3971 altissimiDei,
1459 3904 1776 3960 offerentem
1795 3920 1927 3959 vero
1949 3920 2046 3975 pa-

466 4019 569 4058 nes
600 4009 656 4056 et
680 4001 867 4056 vinum
892 4040 908 4065 ,
963 4007 1128 4068 atque
1161 3997 1237 4051 ita
1273 3997 1342 4052 de
1369 3998 1487 4067 ipso
1521 3998 1596 4053 ait
1633 4014 1646 4052 :
1690 4016 1708 4049 ι
1750 3997 2046 4052 Intuemini

467 4104 652 4150 autem
673 4100 912 4164 quantus
939 4091 1032 4146 hic
1057 4091 1149 4154 sit,
1173 4090 1265 4145 eui
1293 4098 1350 4144 et
1380 4089 1619 4145 decimas
1647 4086 1800 4145 dedit
1817 4089 1883 4144 de
1909 4105 2049 4161 prae-

469 4186 652 4258 cipuis
699 4184 976 4240 Abraham
1020 4182 1349 4252 patriarcha.
1390 4182 1464 4238 Et
1521 4181 1744 4253 quidem
1801 4180 1870 4236 de
1920 4179 2050 4233 ﬁliis

469 4278 600 4333 Levi
639 4275 1010 4332 sacerdotium
1057 4274 1410 4344 accipientes.
1467 4275 1788 4334 mandatum
1844 4273 2050 4328 habent

468 4367 584 4440 64
611 4367 855 4422 decimas
883 4379 1102 4421 sumere
1122 4381 1154 4420 a
1183 4367 1385 4437 populo
1407 4366 1710 4424 secundum
1747 4366 1945 4436 legem,
1993 4364 2049 4419 id

469 4471 576 4528 est,
607 4477 640 4516 a
673 4459 939 4516 fratribus
988 4459 1124 4523 suis,
1153 4475 1467 4531 quanquam
1499 4467 1555 4514 et
1575 4459 1680 4529 ipsi
1718 4459 1956 4514 exierint
1981 4459 2049 4514 de
2084 4495 2126 4550 υ

468 4551 677 4607 lumbis
703 4549 1002 4605 Abraham.
1031 4547 1199 4621 Cujus
1218 4561 1399 4606 autem
1430 4549 1712 4619 generatio
1736 4563 1846 4602 non
1869 4564 2048 4603 annu-

468 4652 715 4698 meratur
759 4640 814 4695 in
854 4639 952 4704 eis,
984 4638 1223 4696 decimas
1265 4641 1502 4710 sumpsit
1536 4640 1606 4693 ab
1655 4639 1953 4705 Abraham,
1996 4648 2053 4694 et

470 4737 619 4790 hunc
660 4733 756 4804 qui
802 4733 1040 4788 habebat
1073 4732 1535 4804 repromissiones
1583 4730 1885 4786 benedixit.
1920 4731 2051 4787 Sine

470 4827 582 4881 ulla
628 4835 811 4881 autem
834 4825 1292 4887 contradictione,
1324 4821 1473 4892 quod
1512 4821 1696 4876 minus
1739 4831 1826 4878 est
1855 4838 1888 4878 a
1931 4838 2050 4880 me-

470 4917 606 4972 liore
640 4916 989 4972 benedicitur
1003 4917 1069 4970 ".
1111 4935 1128 4967 ι
1179 4914 1451 4969 Caaterum
1495 4927 1609 4968 non
1639 4913 1695 4968 in
1725 4922 1922 4970 natura
1950 4932 2050 4973 ex-

467 5007 779 5065 cellentiam
840 5006 1239 5071 Melchisedec,
1289 5005 1385 5059 sed
1411 5004 1468 5059 in
1516 5007 1728 5062 ratione
1759 5011 2052 5066 sacerdotii

446 5096 651 5155 'inesse
671 5099 941 5155 dicimus:
966 5111 1078 5152 non
1115 5103 1384 5150 renuente
1412 5098 1721 5168 patriarcha
1753 5100 2049 5171 Abraham,

469 5192 566 5247 sed
576 5189 1057 5262 .prteeminentiam
1074 5186 1178 5256 ipsi
1199 5186 1498 5253 tribuente,
1529 5198 1691 5260 atque
1718 5191 1926 5247 idcirco
1949 5193 2052 5248 ho-

472 5299 662 5339 norem
688 5283 988 5345 deferente,
1012 5279 1294 5334 oﬁ’erendo
1315 5280 1572 5337 decimas.
1601 5283 1881 5340 Deeimant
1903 5285 2051 5341 enim

469 5373 532 5440 ii,
551 5376 654 5446 qui
705 5389 774 5429 ex
809 5370 1072 5441 sanguine
1112 5371 1241 5425 Levi
1283 5382 1444 5439 sunt,
1490 5375 1776 5445 populum,
1837 5377 2051 5434 etiamsi

463 5465 670 5521 1fratres
691 5463 821 5518 sint.
848 5461 901 5514 ls
921 5474 1056 5516 vero
1084 5462 1239 5531 cujus
1271 5467 1549 5532 generatio
1579 5466 1712 5536 ipsis
1741 5483 1852 5522 non
1879 5485 2054 5523 annu-

465 5561 738 5618 meratur,
761 5550 867 5604 hoc
890 5558 973 5606 est
991 5591 1008 5618 ,
1041 5550 1403 5608 Melchisedec
1434 5553 1634 5625 (neque
1663 5556 1812 5611 enim
1842 5566 1962 5613 erat
1985 5573 2054 5614 ex

583 5730 818 5789 “ﬂebr.
849 5747 943 5800 vn,
967 5732 1018 5788 5.
1089 5733 1140 5768 ³⁸
1173 5733 1320 5791 ibid.
1347 5734 1468 5791 4-7.

2141 1902 2312 1974 ἀρχὴν
2335 1899 2558 1972 ἡμερῶν
2587 1901 2722 1970 μήτε
2747 1898 2892 1968 ζωῆς
2921 1898 3075 1961 τέλος
3098 1899 3257 1969 ἔχων,
3291 1896 3719 1969 ἀφωμοιωμένος

2138 1996 2195 2048 δὲ
2216 1993 2294 2065 τῷ
2326 1992 2441 2062 Υίῷ
2477 1991 2572 2045 τοῦ
2597 1989 2736 2044 Θεοῦ
2779 1989 2928 2061 μένει
2954 1991 3034 2054 εἱς
3057 1989 3119 2042 τὸ
3161 1988 3408 2059 διηνεκὲς
3449 1987 3644 2060 ἱερεύς.
3694 2005 3712 2038 ι

2083 2119 2088 2124 -
2144 2085 2331 2140 Ἐοικε
2371 2086 2427 2139 δέ
2464 2083 2559 2138 καὶ
2592 2083 2780 2154 ἕτερόν
2809 2100 2863 2136 τι
2905 2081 3070 2152 σοφὸν
3113 2077 3503 2152 βεϐουλεῦσθαι
3536 2080 3716 2134 πάλιν

2141 2177 2235 2232 καὶ
2271 2178 2324 2230 τί
2363 2177 2428 2250 δὴ
2470 2174 2633 2230 τοῦτό
2679 2175 2850 2244 ἐστιν,
2897 2173 2974 2238 ὡς
3022 2173 3088 2228 ἂν
3135 2165 3246 2236 οἶός
3294 2188 3356 2226 τε
3393 2165 3459 2239 ὦ,
3494 2171 3720 2225 διειπεῖν

2140 2269 2498 2341 πειράσομαι.
2901 2255 2906 2258 ⁷

2219 2363 2270 2419 ι’.
2316 2361 2706 2434 ’Δντέπραττον
2746 2359 2796 2414 οἱ
2846 2357 3086 2413 Ἰουδαῖοι
3137 2357 3252 2420 τοῖς
3303 2355 3433 2428 περὶ
3480 2351 3720 2426 Χριστοῦ

2141 2455 2480 2526 κηρύγμασι,
2548 2455 2641 2508 καὶ
2702 2451 2811 2505 τῶν
2863 2447 3235 2504 ἀποστολικῶν
3291 2445 3720 2518 σπουδασμάτων

2146 2545 2426 2614 μονονουχὶ
2457 2542 2814 2614 καταμειδιᾷν
2859 2539 3126 2610 ἐτόλμων,
3158 2537 3251 2594 δύο
3287 2537 3462 2593 ταῦτα
3510 2533 3722 2608 προτεὶο

2143 2651 2352 2698 νοντες·
2383 2632 2442 2686 ἓν
2481 2633 2602 2704 μὲν,
2629 2633 2704 2696 ὡς
2736 2632 2822 2703 είη
2858 2630 2966 2684 τῶν
3011 2632 3309 2701 ἀμηχάνων
3339 2629 3438 2700 τὴν
3465 2632 3575 2692 τοῖς
3618 2643 3724 2680 πα-

2142 2729 2301 2799 τράσι
2321 2727 2682 2799 διωρισμένην
2709 2724 2796 2778 διὰ
2829 2724 3014 2794 φωνῆς
3039 2723 3132 2778 τοῦ
3172 2722 3449 2791 πανσόφου
3479 2717 3724 2783 Μωσέως

2145 2821 2450 2891 ἀπρακτεῖν
2493 2817 2733 2887 ἐντολὴν,
2767 2815 2861 2868 καὶ
2887 2813 3196 2868 ἀθετεῖσθαι
3235 2812 3324 2866 τὸν
3353 2810 3538 2882 νόμον,
3572 2809 3725 2864 πολι-

2142 2911 2292 2974 τείας
2329 2911 2540 2982 ἐτέρας,
2583 2909 2682 2978 τῆς
2727 2906 2903 2960 οὐδενὶ
2943 2906 3052 2959 τῶν
3089 2905 3257 2959 πάλαι
3299 2900 3721 2973 διεγνωσμένης,

2143 3002 2419 3074 ἀδοκήτως
2463 2999 2895 3072 εἱσκρινομένης·
2952 2999 3138 3069 ἕτερον
3175 2995 3231 3050 δὲ
3260 2991 3361 3050 αὖ·
3400 2995 3494 3064 Μὴ
3527 2992 3635 3066 γάρ
3658 2992 3724 3064 δὴ

2147 3094 2344 3164 χρῆναι
2383 3090 2778 3163 διισχυρίζοντο
2809 3092 2906 3160 τῆς
2942 3087 3245 3158 ἱερωσύνης
3284 3087 3385 3157 τὴν
3433 3085 3590 3149 δόξαν
3620 3083 3726 3148 ἔξω

2147 3187 2245 3256 τῆς
2288 3183 2585 3237 ἀπολέκτου
2644 3181 2904 3252 φέρεσθαι
2947 3179 3138 3250 φυλῆς,
3172 3176 3436 3244 τουτέστι,
3489 3174 3586 3247 τῆς
3633 3172 3727 3228 τοῦ

2148 3277 2302 3332 Λευΐ.
2336 3276 2483 3329 Ἀνω
2521 3290 2578 3326 τε
2626 3273 2718 3326 καὶ
2767 3272 2916 3326 κάτω
2965 3270 3064 3341 τῆς
3120 3272 3177 3324 ἐν
3212 3268 3343 3340 ἱερῷ
3384 3265 3730 3338 λειτουργίας

2148 3367 2544 3430 ἀποσοϐοῦντος
2571 3365 2705 3419 Θεοῦ
2738 3365 2866 3428 τοὺς
2897 3363 2998 3416 οὐκ
3029 3361 3186 3426 ὄντας
3223 3360 3419 3430 αὐτῆς,
3446 3358 3538 3413 καὶ
3568 3355 3727 3426 δίκην

2149 3461 2309 3524 εὐθὺς
2337 3460 2416 3532 τῷ
2443 3458 2634 3530 τοιῷδε
2657 3457 2970 3529 τολμήματι
3002 3454 3382 3524 καθορίζοντος
3420 3451 3519 3522 τὴν
3560 3446 3728 3518 ἐσχά-

2147 3572 2268 3626 την.
2311 3551 2663 3622 Ἀγωνίζεται
2711 3549 2892 3604 τοίνυν
2935 3545 3254 3617 νομομαθὴς
3289 3542 3366 3597 ὢν
3423 3545 3450 3597 6
3495 3540 3728 3608 Παῦλος,

2149 3648 2243 3702 καὶ
2274 3646 2529 3719 πειρᾶται
2564 3643 2947 3714 πληροφορεῖν,
2981 3637 3089 3692 ἀπό
3132 3654 3190 3690 τε
3237 3634 3331 3690 τοῦ
3374 3634 3601 3698 εἰκότος,
3637 3631 3732 3686 καὶ

2153 3737 2332 3808 μέντοι
2391 3736 2486 3790 καὶ
2513 3733 2572 3799 ἐξ
2598 3733 2767 3813 αὐτῆς
2793 3732 2892 3801 τῆς
2945 3727 3302 3783 θεοπνεύστου
3357 3723 3601 3799 Γραφῆς,
3647 3726 3732 3780 ὅτι

2149 3831 2242 3884 καὶ
2267 3829 2432 3899 νόμου
2465 3827 2739 3897 καινότης,
2771 3825 2864 3878 καὶ
2895 3821 3193 3894 ἱερωσύνης
3217 3820 3386 3891 αὐτῆς
3410 3835 3731 3890 προανεφω-

2148 3925 2290 3977 νεῖτο
2315 3919 2628 3992 μετάθεσις⁸
2668 3917 2766 3972 καὶ
2793 3915 3209 3987 προανέλαμφεν
3231 3913 3288 3965 ἐν
3313 3912 3506 3974 τύποις
3535 3911 3569 3982 ἡ
3599 3911 3733 3963 ἐκα-

2149 4011 2307 4082 τέρου
2349 4008 2599 4079 δήλωσις.
2637 4006 2861 4075 Δέχεται
2891 4005 2952 4074 δὴ
2981 3999 3076 4058 οὖν
3117 4002 3215 4056 οὐκ
3265 4004 3330 4055 ἐκ
3376 3999 3551 4070 φυλῆς
3603 3999 3732 4052 ὄντα

2150 4099 2442 4170 Δευῖτικῆς
2466 4097 2560 4150 τὸν
2604 4095 2962 4167 Μελχισεδὲκ,
2990 4089 3112 4148 εἶτα
3154 4092 3423 4147 δείκνυσιν
3449 4090 3601 4162 ἱερέα
3633 4090 3735 4161 μὲν

2149 4192 2280 4246 ὄντα
2320 4190 2413 4244 τοῦ
2459 4187 2682 4258 ὑψίστου
2728 4187 2886 4252 Θεοῦ,
2936 4185 3282 4256 προσάγοντα
3324 4182 3380 4236 δέ
3412 4183 3505 4236 καὶ
3534 4182 3731 4249 ἄρτους

2151 4281 2246 4336 καὶ
2277 4275 2440 4343 οἶνον,
2491 4278 2595 4349 ἔφη
2624 4294 2684 4330 τε
2731 4275 2873 4330 οὕτω
2911 4275 3040 4342 περὶ
3096 4272 3284 4328 αὑτοῦ·
3320 4291 3340 4324 ι
3363 4271 3627 4341 Θεωρεῖτε
3677 4265 3734 4323 δὲ

2152 4371 2383 4442 πηλίκος
2413 4364 2586 4434 οὗτος,
2729 4369 2826 4422 καὶ
2869 4368 3103 4436 δεκάτην
3135 4363 3390 4435 Ἀϐραάμ
3427 4362 3627 4416 ἔδωκεν
3668 4360 3734 4415 ἐκ

2151 4462 2263 4514 τῶν
2304 4460 2627 4532 ἀκροθινίων
2672 4459 2700 4511 6
2760 4459 3127 4530 πατριάρχης.
3159 4455 3269 4508 Καὶ
3311 4454 3360 4507 οἱ
3397 4452 3497 4524 μὲν
3525 4453 3588 4505 ἐκ
3626 4450 3734 4504 τῶν

2154 4551 2284 4605 υἱῶν
2313 4551 2445 4605 Λευῒ
2478 4551 2574 4625 τῆν
2605 4547 2875 4624 ἱερατείαν
2905 4549 3293 4616 λαμϐάνοντες,
3321 4544 3540 4616 ἐντολὴν
3581 4541 3735 4614 ἔχου-

2155 4659 2239 4696 σιν
2261 4640 2627 4696 ἀποδεκατοῦν
2660 4640 2751 4694 τὸν
2775 4639 2910 4692 λαὸν
2949 4636 3088 4691 κατά
3119 4637 3209 4691 τὸν
3247 4637 3430 4707 νόμον,
3465 4633 3732 4698 τουτέστι,

2151 4734 2280 4798 τοὺς
2325 4733 2588 4804 ἀδελφοὺς
2633 4730 2832 4794 αὐτῶν,
2869 4729 3070 4800 καίπερ
3116 4725 3501 4798 ἐξεληλυθότας
3526 4725 3590 4776 ἐκ
3637 4722 3738 4794 τῆς

2153 4825 2353 4896 ὀσφύος
2396 4823 2666 4898 Ἀϐραάμ.
2709 4823 2767 4876 Ὁ
2800 4821 2856 4875 δέ
2888 4821 2961 4892 μὴ
2989 4817 3480 4889 γενεαλογούμενος
3531 4812 3592 4878 ἐξ
3636 4812 3738 4866 αύ-

2155 4916 2287 4985 τῶν,
2318 4915 2654 4969 δεδεκάτωκε
2683 4912 2777 4966 τὸν
2815 4910 3090 4983 Ἀϐραὰμ,
3124 4909 3221 4964 καὶ
3264 4907 3356 4962 τὸν
3397 4905 3590 4978 ἔχοντα
3638 4903 3738 4968 τὰς

2157 5007 2493 5078 ἐπαγγελίας
2535 5005 2831 5076 εὐλόγηκε’
2867 5003 3038 5075 χωρὶς
3090 5002 3148 5057 δὲ
3198 5000 3380 5071 πάσης
3433 4996 3741 5066 ἀντιλογίας

2158 5099 2222 5153 τδ
2272 5098 2493 5152 ἔλαττον
2548 5097 2652 5150 ὑπὸ
2685 5096 2777 5150 τοῦ
2818 5081 3128 5168 κρείττονος
3171 5091 3493 5159 εὐλογεῖται.
3517 5105 3537 5140 ›
3599 5085 3740 5140 Ἀλλ’

2159 5191 2261 5244 οὐκ
2289 5189 2346 5242 ἐν
2372 5191 2440 5260 τῇ
2469 5185 2630 5257 φύσει
2651 5187 2750 5257 τὴν
2775 5183 3048 5256 ὑπεροχὴν
3071 5181 3148 5252 τῷ
3169 5172 3654 5249 Μελχισεδὲκ,ἀλλ’
3682 5171 3742 5226 εν

2159 5295 2223 5350 γε
2257 5279 2336 5351 τῷ
2362 5279 2548 5352 τρόπῳ
2574 5279 2670 5350 τῆς
2693 5275 2986 5349 ἱερωσύνης
3010 5269 3209 5328 ἐνεῖναί
3237 5285 3436 5340 φαμεν,
3471 5266 3572 5321 οὐκ
3612 5264 3745 5318 ἀνα-

2159 5373 2404 5438 νεύοντος
2447 5373 2541 5426 τοῦ
2585 5370 2929 5443 προπάτορος
2981 5365 3252 5437 Ἁϐραάμ,
3287 5360 3654 5430 ἀπονέμοντος
3685 5354 3743 5410 δὲ

2161 5466 2350 5538 ὥσπερ
2383 5465 2445 5520 τὸ
2487 5464 2746 5538 προύχειν
2792 5461 2963 5534 αὐτῷ,
3006 5460 3071 5514 δι’
3113 5450 3188 5512 ὧν
3237 5454 3380 5524 ἔγνω
3424 5449 3614 5523 τιμᾷν,
3644 5446 3744 5502 καὶ

2159 5558 2350 5624 αὑταῖς
2400 5559 2520 5623 ταῖς
2568 5556 2674 5614 τῶν
2717 5555 2957 5611 δεκατῶν
2998 5548 3403 5628 προσαγωγαῖς.
3448 5541 3746 5600 ’Δποδεκα-
