4092 6470
357 293 452 349 109

1372 263 1896 340 GLAPHYRORUM
1938 283 2006 338 IN
2047 281 2351 341 cennsm
2390 283 2520 340 LIB.
2567 283 2628 340 ιι.

3538 290 3640 349 ita}

352 412 497 469 τοῦσι
527 409 632 474 μὲν
658 407 766 482 γὰρ
795 409 844 462 οἱ
887 405 948 472 ἑξ
992 407 1229 478 αἵματος
1277 402 1409 459 Acut
1435 404 1526 457 τὸν
1557 402 1708 469 λαὸν,
1738 403 1926 475 καίπερ

2049 405 2200 459 tribu
2234 404 2412 478 Levi),
2441 407 2740 462 decimavit
2778 408 3188 476 Abrahamum,
3227 422 3284 468 et
3335 413 3639 471 benedixit.

350 508 501 567 δντας
534 498 825 570 ἀδελφούς·
861 499 890 552 6
915 497 972 551 δὲ
1008 498 1084 570 μὴ
1131 495 1622 568 γενεαλογούμενος
1652 494 1711 562 ἐξ
1737 495 1940 562 αὐτῶν,

348 598 637 658 τουτέστιν,
663 595 689 647 6
722 591 1072 664 Μελχισεδὲκ
1108 591 1190 664 (οὐ
1220 590 1329 663 γάρ
1359 587 1428 662 ἦν
1453 592 1518 644 ὲκ
1550 588 1725 659 φυλῆς
1764 585 1941 656 Λευῒ),

350 692 682 748 δεδεκάτωκε
723 687 818 741 τὸν
857 684 1136 756 Ἀϐραὰμ,
1176 685 1272 738 καὶ
1303 683 1593 754 εύλόγηκε.
1642 680 1808 735 Καὶὸ
1841 679 1940 749 μὲν

345 785 526 844 τύπος,
582 783 644 836 ὲν
692 779 926 843 τούτοις.
963 777 1201 849 Χριστὸς
1255 777 1312 830 δὲ
1368 776 1433 845 δὴ
1471 769 1561 840 αὖ,
1590 776 1619 828 6
1669 775 1729 826 ὲν
1759 774 1942 836 σκιαῖς

346 876 704 947 γραφόμενος,
752 871 1189 942 ἀγενεαλόγητος
1254 868 1351 936 ὢν,
1414 871 1528 932 τοῖς
1575 866 1716 921 κατά
1771 865 1940 936 νόμον

347 968 588 1039 ἱερᾶσθαι
624 963 982 1035 τεταγμένοις
1031 960 1390 1034 (ἀνατέταλκε
1441 959 1549 1031 γὰρ
1579 961 1643 1012 ὲκ
1670 960 1771 1028 τῆς
1805 953 1939 1011 Ἰού-

341 1064 401 1115 δα
429 1061 624 1132 φυλῆς,
651 1060 731 1123 εἱς
757 1058 826 1130 ἢν
852 1056 1007 1110 οὐδὲν
1041 1056 1170 1127 περὶ
1201 1053 1394 1127 ἱερέων
1413 1053 1622 1124 Μωσῆς
1660 1049 1940 1123 ἐλάλησε),

340 1154 668 1208 δεδεκάτωκε
723 1151 852 1214 τοὺς
904 1149 1082 1212 υἱοὺς·
1117 1147 1274 1216 Λευῒ,
1310 1147 1582 1212 τουτέστι,
1637 1145 1738 1217 τὴν
1797 1144 1942 1200 κατά

341 1248 496 1317 νόμον
559 1243 896 1316 ίερωσύνην.-
949 1239 1302 1295 Δεδεικάτωκε
1363 1241 1420 1296 δὲ
1488 1241 1660 1295 πάλαι
1729 1239 1828 1311 μὲν
1876 1241 1946 1294 ὲν-

2045 497 2214 569 Atqui
2242 506 2404 572 typus
2429 500 2652 571 quidem
2686 500 2743 555 in
2787 501 2875 558 his
2913 503 3186 559 consistit.
3222 504 3481 564 Christus
3510 517 3645 564 Vero

2046 604 2266 644 rursum
2291 590 2346 644 in
2378 591 2590 646 umbris
2619 592 2952 664 descriptus,
3002 597 3163 668 cujus
3212 599 3496 668 generatio
3534 615 3643 655 non

2045 692 2442 740 annumeratur
2465 683 2555 750 iis,
2586 685 2682 758 qui
2709 687 3010 741 secundum
3042 687 3216 760 legem
3247 689 3316 744 ad
3347 692 3641 748 sacerdotii

2042 774 2383 833 {unctionem
2415 779 2702 834 constituti
2725 793 2887 835 erant
2908 781 3091 854 (natus
3112 784 3260 838 enim
3287 794 3371 839 est
3403 802 3468 840 ex
3498 787 3642 841 tribu

2044 866 2206 934 Juda,
2223 867 2312 924 cui
2331 869 2541 940 Moyses
2558 871 2697 926 nihil
2719 871 2787 928 de
2811 873 3197 930 sacerdotibus
3220 876 3528 949 praecepit),
3544 879 3641 934 de.-

2048 958 2430 1014 cimavitﬁlios
2444 960 2722 1026 Levi,‘hoc
2744 970 2847 1024 est,
2878 963 3250 1019 sacerdotium
3279 965 3645 1036 legale.Dcci—

2048 1050 2420 1105 mavitautem
2445 1050 2574 1105 olim
2589 1051 2814 1122 quidem
2846 1054 2902 1107 in
2926 1054 3311 1122 Mclchisedec,
3367 1059 3643 1128 posterius

2048 1158 2183 1200 vero
2208 1143 2374 1200 etiam
2392 1143 2448 1197 in
2461 1143 2663 1200 Aaron.
2686 1144 3154 1208 Decimavitenim
3181 1148 3346 1203 etiam
3373 1148 3486 1220 ipse
3503 1149 3644 1205 ﬁlios

2045 1237 2198 1302 Levi,
2224 1243 2409 1308 typum
2426 1235 2634 1292 Christi
2665 1254 2779 1308 prm
2802 1254 2859 1293 se
2878 1239 3083 1302 ferens.
3104 1252 3165 1295 ut
3194 1242 3358 1296 modo
3381 1243 3638 1299 diximus.

341 1339 705 1409 Μελχισεδέκο
755 1336 985 1408 ὕστερον
1034 1335 1091 1389 δὲ
1146 1335 1242 1389 καὶ
1283 1337 1341 1390 ὲν
1387 1333 1620 1406 Ἀαρών.
1663 1332 2034 1390 Ἀπεδεκάτου
2059 1331 2168 1402 γὰρ
2201 1331 2296 1384 καὶ
2339 1330 2502 1394 αὐτὸς
2548 1332 2675 1394 τοῦς
2717 1332 2868 1394 υἱοὺς
2899 1331 3050 1399 Λευῒ,
3084 1333 3252 1387 τύπον
3290 1336 3504 1407 ἐπέχων
3543 1337 3643 1407 τῆς

342 1427 636 1502 ἱερωσύνης
666 1427 934 1501 Χριστοῦ,
969 1427 1223 1499 καθάπερ
1252 1428 1354 1500 ήδη
1385 1427 1746 1498 προείπομεν.

404 1527 490 1575 ια’.
527 1516 1168 1574 Ἀπόδέδεικταίτοίνυν
1211 1520 1270 1573 ὲν
1317 1520 1416 1590 μὲν
1459 1515 1538 1589 τῷ
1572 1517 1934 1589 Μελχισεδὲκ,

338 1619 410 1670 ὅτι
446 1614 856 1687 μεταστήσεταί
910 1630 1047 1666 ποτε
1106 1613 1204 1682 τῆς
1253 1609 1558 1684 ἱερωσύνης
1616 1609 1678 1663 τὸ
1723 1611 1932 1682 χρῆμα,

337 1711 427 1781 τῆς
459 1707 598 1763 κατᾶ
643 1707 814 1778 νόμον
849 1705 1244 1778 ἱερατευούσης
1297 1704 1500 1775 φυλῆς’
1536 1703 1632 1757 καὶ
1673 1702 1801 1778 μὴν,
1850 1704 1933 1757 ὅτι

339 1805 424 1857 καὶ
445 1803 636 1874 ἕτερος
665 1801 986 1873 ἱερουργίας
1016 1797 1329 1868 ἀναλάμψει
1379 1797 1583 1869 τρόπος
1619 1813 1676 1851 τε
1717 1797 1813 1851 καὶ
1846 1796 1933 1851 νό-

342 1915 448 1968 μος.
482 1889 594 1952 Ἦν
619 1896 735 1968 γάρ
774 1912 893 1957 πως
922 1894 1136 1964 ἀνάγκη
1169 1890 1641 1963 συμμεθίστασθαι
1663 1892 1766 1946 καὶ
1797 1891 1932 1945 ἀπο·

339 1991 515 2062 ςοιτᾷν
546 1992 676 2053 ταῖς
715 1987 1057 2062 ἱερουργίαις
1102 1986 1197 2039 καὶ
1243 1986 1407 2039 αὑτὸν
1455 1984 1548 2039 τὸν
1579 1985 1767 2056 νόμον.
1811 1985 1936 2037 Tete

339 2083 513 2154 γάρτοι
552 2083 652 2135 καὶ
680 2083 711 2135 6
747 2080 1038 2144 Θεσπέσιος
1072 2078 1286 2142 Παῦλος
1319 2079 1609 2149 φιλοσοφεῖ
1641 2078 1710 2132 τὰ
1733 2077 1932 2143 τοιάδε,

337 2175 420 2229 καί
459 2191 659 2247 φησιν·
702 2193 720 2226 ι
749 2174 810 2227 Ei
858 2174 957 2244 μὲν
1008 2167 1101 2226 οῦν
1147 2172 1432 2237 τελείωσις
1466 2173 1554 2226 διὰ
1578 2172 1679 2244 τῆς
1727 2172 1936 2226 Λευῖτι-

337 2261 426 2337 κῆς
469 2264 781 2337 ἱερωσύνης
808 2261 876 2337 ἦν
943 2265 991 2334 (6
1022 2265 1153 2329 λαὸς
1205 2264 1316 2336 γὰρ
1361 2265 1448 2318 ἐπ’
1487 2265 1657 2335 αὐτῆς
1708 2281 1932 2334 νενομο-

336 2357 602 2430 θέτηται),
622 2358 713 2422 τίς
751 2357 831 2410 ἔτι
859 2355 1022 2430 χρεία
1051 2355 1194 2411 κατά
1218 2357 1320 2428 τὴν
1361 2356 1514 2422 τάξιν
1542 2355 1636 2410 τοῦ
1673 2356 1935 2427 Μελχισε-

289 2438 294 2444 ’
334 2448 419 2503 ex
444 2449 631 2519 ἕτερον
675 2447 1003 2502 ἀνίστασθαι
1037 2446 1210 2518 ἱερέα,
1239 2447 1334 2500 καὶ
1380 2445 1441 2499 ού
1475 2445 1616 2501 κατά
1643 2445 1742 2516 τὴν
1778 2444 1933 2510 τάξιν

345 2537 544 2614 Ἀαρὼν
577 2539 884 2609 λέγεσθαι;
935 2538 1394 2611 Μετατιθεμὲνης
1445 2537 1555 2610 γὰρ
1574 2537 1677 2610 τῆς
1709 2537 1932 2611 ἱερωσύ-

331 2652 438 2707 νης,
477 2634 537 2699 ἐξ
586 2633 849 2706 ἀνάγκης
902 2633 999 2686 καὶ
1064 2631 1233 2704 νόμου
1289 2631 1587 2703 μετάθεσις
1639 2633 1924 2700 γίνεται.»

332 2727 431 2780 Καὶ
452 2727 621 2781 πάλιν
645 2741 664 2759 ο
705 2745 724 2778 ‹
751 2725 863 2780 Καὶ
891 2726 1286 2798 περισσότερον
1315 2724 1395 2779 ἔτι
1417 2725 1722 2798 κατάδηλόν
1757 2728 1928 2791 ἐστιν,

330 2820 374 2874 εἱ
403 2821 539 2875 κατὰ
559 2821 669 2894 τὴν
705 2819 863 2886 τάξιν
911 2803 1250 2892 Melite-362a):
1278 2819 1566 2875 ἀνίσταται
1596 2821 1779 2895 ἱερεὺς
1811 2808 1932 2874 ἓτε-

332 2930 434 2982 ρος,
468 2913 526 2978 ὃς
577 2914 652 2967 ού
693 2912 837 2968 κατά
880 2913 1047 2984 νόμον
1095 2912 1318 2986 ἐντολῆς
1357 2912 1627 2984 σαρκίνης
1681 2913 1926 2984 γέγονεν,

333 3006 458 3060 ἀλλὰ
485 3008 638 3062 κατὰ
668 3007 902 3079 δύναμιν
946 3007 1092 3078 ζωῆς
1135 3005 1506 3061 ἀκαταλύτου.
1545 3007 1929 3078 Μαρτυρεῖται

331 3099 449 3173 γὰρ,
479 3101 605 3156 Ὅτι
653 3101 716 3156 συ
744 3100 927 3172 ἱερεὺς
973 3100 1054 3164 εἱς
1099 3098 1190 3154 τὸν
1233 3097 1409 3154 αἰῶνα
1435 3097 1578 3153 κατά
1625 3097 1726 3170 τὴν
1771 3095 1928 3162 τάξιν

2119 1516 2204 1571 Η.
2274 1516 2720 1572 Demonstratum
2791 1518 2977 1588 itaque
3047 1529 3131 1575 est
3164 1519 3222 1573 in
3278 1519 3641 1576 Melchisedee

2043 1608 2488 1665 transferendum
2531 1626 2653 1667 esse
2685 1613 3056 1667 sacerdotium
3083 1629 3114 1668 a
3147 1612 3294 1667 tribu
3335 1614 3638 1669 secundum

2042 1702 2219 1774 legem
2245 1701 2299 1757 id
2328 1712 2642 1767 exercente,
2667 1713 2723 1757 et
2747 1704 2976 1759 alterius
2998 1703 3295 1760 sacerdotii
3329 1705 3551 1759 modum
3577 1721 3640 1758 ac

2040 1794 2218 1866 legem
2242 1795 2471 1850 exoriri.
2519 1794 2752 1853 Necesse
2779 1797 2926 1852 enim
2975 1806 3097 1854 erat
3126 1798 3302 1869 legem
3348 1799 3513 1854 etiam
3555 1801 3637 1869 ip—

2041 1904 2157 1943 sam
2185 1904 2294 1944 una
2344 1905 2470 1944 cum
2519 1889 2848 1945 sacerdotiis
2895 1890 3180 1946 transferri
3222 1899 3388 1962 atque
3413 1894 3635 1946 mutari.

2040 1978 2252 2035 Idcirco
2279 1979 2501 2034 divinus
2539 1981 2762 2045 Paulus,
2817 1980 2884 2035 de
2924 1981 3010 2036 his
3037 1981 3205 2035 rebus
3259 1989 3522 2044 tractans,
3565 1981 3636 2035 ita

2038 2070 2116 2126 ait
2148 2090 2160 2125 :
2198 2091 2214 2122 ι
2243 2071 2299 2127 Si
2327 2087 2456 2143 ergo
2480 2073 2886 2127 consummatio
2916 2088 3016 2142 per
3040 2071 3407 2127 sacerdotium
3437 2072 3640 2127 Leviti-

2037 2179 2164 2220 cum
2197 2174 2320 2219 erat
2364 2165 2623 2236 (populus
2665 2165 2812 2219 enim
2861 2165 2964 2220 sub
3009 2165 3128 2235 ipso
3168 2166 3342 2236 legem
3379 2165 3634 2237 accepit),

2037 2257 2173 2327 quid
2197 2258 2378 2313 adhuc
2435 2257 2816 2312 necessarium
2863 2258 2968 2312 fuit
3024 2259 3330 2313 secundum
3383 2259 3638 2314 ordinem

2037 2346 2406 2404 Melchisedec
2444 2349 2614 2404 alium
2645 2365 2871 2420 surgere
2911 2349 3280 2416 sacerdotem,
3313 2360 3369 2406 et
3410 2368 3519 2406 non
3547 2368 3636 2406 se~

2036 2439 2280 2494 cundum
2323 2440 2577 2495 ordinem
2613 2439 2797 2496 Aaron
2840 2441 3315 2500 dici?Translato
3350 2445 3500 2500 enim
3545 2459 3635 2498 sa-

2036 2531 2308 2598 cerdotio,
2335 2548 2564 2589 necesse
2598 2542 2684 2589 est
2717 2542 2779 2590 ut
2802 2542 2857 2591 et
2882 2534 3021 2606 legis
3055 2537 3342 2592 translatio
3379 2538 3555 2593 tiat”.
3611 2558 3628 2588 ι

2035 2623 2102 2680 Et
2131 2641 2356 2682 rursum
2389 2643 2402 2680 :
2440 2645 2457 2677 ι
2490 2625 2560 2681 Et
2585 2627 2823 2699 amplius
2850 2627 3031 2683 adhuc
3063 2630 3414 2688 manifestum
3451 2638 3555 2695 est,
3589 2631 3632 2686 si

2034 2717 2340 2773 secundum
2365 2719 2620 2774 ordinem
2660 2719 3028 2776 Melchisedec
3068 2733 3332 2795 exsurgat
3375 2726 3516 2780 alius
3551 2742 3635 2781 sa-

2033 2808 2248 2874 cerdos,
2276 2808 2370 2880 qui
2399 2825 2510 2865 non
2557 2811 2863 2866 secundum
2899 2811 3074 2883 legem
3119 2815 3359 2870 mandati
3396 2816 3635 2871 carnalis

2032 2901 2210 2956 factus
2235 2911 2339 2967 est,
2373 2902 2470 2957 sed
2507 2903 2814 2958 secundum
2854 2904 3118 2961 virtutem
3150 2906 3625 2965 vitaeinsolubilis.

2031 2994 2388 3050 Contestatur
2418 2995 2598 3050 enim:
2623 2995 2896 3063 Quoniam
2934 3005 2990 3052 tu
3014 3013 3074 3053 es
3096 3001 3353 3055 sacerdos
3381 3002 3433 3055 in
3470 3011 3630 3056 reter-

2031 3100 2164 3140 num
2221 3086 2526 3140 secundum
2585 3086 2835 3142 ordinem
2883 3088 3337 3147 Melchisedcc".
3389 3115 3405 3145 ι
3464 3095 3630 3151 Vides

330 3191 684 3263 Μελχισεδέκ.
717 3211 735 3245 ι
775 3191 942 3264 Ὀρᾷς
984 3191 1134 3255 ὅπως
1162 3191 1221 3245 τδ
1260 3191 1428 3264 μηδὲν
1465 3189 1729 3246 δύνασθαι
1751 3191 1926 3243 τελει-

2035 3194 2146 3249 quo
2179 3186 2340 3250 pacto
2382 3177 2606 3233 damnet
2647 3180 3020 3236 sacerdotium
3056 3182 3247 3255 legale,
3288 3185 3396 3258 65
3438 3196 3627 3259 utpote

330 3283 412 3339 οῦν
435 3287 531 3359 τῆς
568 3285 726 3341 κατὰ
761 3286 927 3359 νόμον
961 3284 1267 3358 ἱερωσύνης
1306 3283 1772 3358 καταψηφίζεταιτ
1801 3301 1931 3355 χρη-

331 3379 646 3448 σιμωτάτην
693 3377 1022 3442 ἀποδεικνὺς
1065 3375 1167 3448 τῆς
1224 3376 1538 3449 κρείττονος
1576 3375 1800 3448 ἐντολῆς
1828 3376 1927 3446 τὴν

331 3469 686 3542 ἔπεια-φοράν.
735 3469 799 3524 Εἱ
841 3467 954 3541 γάρ
993 3464 1062 3541 ἧν
1107 3469 1166 3522 ὲν
1206 3467 1392 3541 ἐκείνῃ
1423 3468 1484 3521 τὸ
1515 3468 1838 3538 ἀναγκαῖον,
1875 3465 1930 3519 τί

334 3561 400 3634 μὴ
433 3563 660 3634 μᾶλλον,
711 3563 870 3635 φησὶ,
929 3560 1075 3617 κατά
1122 3561 1222 3635 τὴν
1275 3560 1430 3629 τάξιν
1483 3559 1691 3633 Ἀαρὼν
1748 3561 1929 3632 ἱερεὺς

330 3655 502 3727 ἕτερος
532 3657 948 3722 ἀναδείκνυται,
990 3655 1086 3711 καὶ
1114 3655 1175 3710 ού
1205 3654 1353 3710 κατά
1386 3653 1484 3727 τὴν
1527 3654 1682 3721 τάξιν
1718 3655 1926 3727 Μελχι-

332 3749 476 3804 σεδὲκ
501 3791 516 3816 ,
556 3749 624 3815 ὃς
662 3745 730 3822 ἦν
760 3749 1024 3822 ὁμοίωσις
1063 3749 1158 3805 καὶ
1193 3749 1366 3814 τύπος
1416 3747 1683 3820 Χριστοῦ,
1720 3749 1926 3822 ἥκιστα

333 3839 424 3910 μὲν
469 3839 761 3914 σαρκικῶς
809 3840 1188 3914 ἱερατεύοντος
1231 3839 1336 3906 ἔτι,
1388 3839 1532 3896 κατὰ
1578 3839 1814 3911 δύναμιν
1863 3840 1923 3894 δὲ

331 3930 520 4000 μᾶλλον
568 3931 925 3990 ἀκαταλύτου
983 3931 1176 4003 ζωῆς;
1229 3931 1436 4006 Τρέφει
1489 3931 1600 4004 γάρ
1654 3933 1802 4004 ἡμᾶς
1843 3933 1923 3996 εἰς

328 4024 642 4098 ἀμάραντον
675 4026 824 4098 ζωὴν
875 4027 998 4090 ταῖς
1025 4028 1320 4098 μυστικαῖς
1347 4026 1705 4100 ἱερουργίαις,
1740 4024 1920 4079 καίτοι

329 4119 593 4189 σαρκικῶς
648 4109 1026 4191 ἱερατεύοντος
1075 4117 1309 4190 Ἀαρών.
1356 4117 1648 4172 Βουθυσίαι
1705 4135 1765 4170 τε
1810 4117 1920 4188 γὰρ

327 4209 384 4263 δι’
412 4211 597 4276 αὑτοῦ,
652 4213 748 4286 καὶ
795 4210 1084 4285 προϐάτων
1125 4206 1266 4283 ἦσαν
1301 4211 1529 4282 σφαγαὶ,
1581 4210 1677 4266 καὶ
1725 4212 1922 4277 σποδὸς

325 4289 601 4373 δαμάλεων
669 4303 999 4376 ῥαντίζουσα
1081 4303 1209 4368 τοὺς
1267 4303 1724 4376 κεκοινωμένους,
1781 4305 1921 4378 προς

323 4394 412 4466 τὴν
441 4399 537 4470 τῆς
581 4396 797 4469 σαρκὸς
840 4395 1225 4469 καθαρότητα·
1272 4396 1366 4472 καὶ
1401 4397 1571 4469 ἕτερα
1609 4396 1747 4454 ἄττα
1780 4397 1918 4470 πρὸς

324 4488 542 4558 τούτοις,
597 4492 666 4546 ού
712 4489 1030 4552 τελειοῦντα
1083 4489 1228 4546 κατὰ
1277 4490 1586 4564 συνείδησιν
1635 4490 1764 4555 τοὺς
1817 4489 1914 4544 λα-

2034 3289 2182 3362 quod
2212 3292 2351 3346 nihil
2407 3292 2677 3363 perﬁcere
2721 3297 2930 3363 valeat;
2983 3298 3333 3358 utilissimam
3375 3319 3506 3360 vero
3533 3304 3628 3361 de-

2033 3391 2306 3440 monstrat
2333 3400 2455 3440 esse
2499 3385 2745 3444 melioris
2797 3389 3042 3449 mandati
3097 3391 3421 3449 illationem.
3489 3397 3625 3452 Nam

2032 3472 2078 3551 si
2118 3471 2175 3526 in
2199 3473 2314 3539 illo,
2347 3473 2550 3544 inquit,
2584 3475 2794 3532 utilitas
2823 3475 2927 3532 sita
2945 3486 3096 3543 erat,
3147 3494 3248 3535 cur
3289 3497 3401 3537 non
3442 3463 3626 3552 potius

2031 3563 2335 3619 secundum
2346 3565 2598 3622 ordinem
2614 3565 2797 3622 Aaron
2822 3569 3083 3645 sacerdos
3105 3572 3247 3630 alius
3277 3573 3624 3631 demonstra-

2029 3664 2141 3728 tur,
2168 3666 2366 3715 etnon
2417 3660 2724 3718 secundum
2769 3661 3023 3720 ordinem
3069 3665 3472 3734 Melchisedec,
3528 3672 3624 3741 qui

2027 3759 2149 3804 erat
2176 3749 2482 3809 similitudo
2533 3768 2597 3810 ac
2632 3761 2794 3827 typus
2826 3754 3055 3825 Christi,
3092 3774 3202 3815 non
3232 3761 3458 3832 quidem
3502 3777 3624 3818 car~

2027 3843 2226 3898 naliter
2261 3844 2633 3903 sacerdotium
2663 3847 3134 3918 administrantis,
3181 3853 3278 3909 sed
3316 3855 3623 3910 secundum

2025 3936 2285 3993 virtutem
2318 3938 2446 3995 vitae
2471 3939 2895 3998 indissolubilis?
2923 3943 3112 4000 Nutrit
3135 3946 3284 4000 enim
3309 3962 3412 4002 nos
3440 3947 3496 4002 in
3519 3948 3622 4003 im-

2025 4030 2462 4086 marcescibilem
2484 4031 2653 4087 vitam
2678 4032 2924 4104 mysticis
2960 4034 3248 4093 sacriﬁciis
3268 4079 3281 4101 ,
3310 4038 3412 4094 etsi
3439 4039 3624 4096 Aaron

2023 4122 2322 4178 carnaliter
2350 4124 2664 4180 sacerdotio
2679 4124 2962 4198 fungatur.
2988 4127 3162 4185 Boum
3198 4130 3474 4201 siquidem
3500 4147 3620 4189 ma-

2024 4213 2293 4280 ctationes
2316 4230 2417 4286 per
2437 4215 2638 4286 ipsum,
2665 4224 2722 4272 et
2751 4217 2938 4276 ovium
2963 4219 3371 4279 immolationes
3389 4239 3619 4284 exerce-

2023 4301 2247 4370 bantur,
2276 4301 2339 4359 et
2365 4304 2506 4359 cinis
2526 4305 2829 4362 vitulorum
2862 4324 3163 4380 aspergens
3201 4327 3298 4367 eos
3331 4313 3425 4384 qui
3470 4330 3620 4373 corn-

2022 4394 2383 4451 municabant
2413 4397 2482 4451 ad
2513 4399 2694 4453 carnis
2736 4399 3058 4468 puritatem,
3105 4401 3321 4474 aliaque
3349 4414 3617 4476 praeterea

2020 4503 2130 4544 non
2157 4488 2498 4560 perﬁcientia
2551 4491 2856 4548 secundum
2906 4494 3302 4553 conscientiam
3348 4499 3614 4556 cultores.

324 4583 625 4655 τρεύοντας.
669 4603 690 4637 ι
721 4583 1012 4648 Ἀδύνατον
1061 4585 1170 4658 γὰρ
1219 4578 1358 4656 αἷμα
1389 4585 1631 4658 ταύρων,
1663 4585 1919 4657 ἀφαιρεῖν

2031 4599 2048 4632 ι
2077 4581 2422 4652 Impossibile
2442 4583 2592 4638 enim
2619 4593 2706 4640 est
2741 4589 3067 4658 sanguinem
3101 4599 3387 4647 taurorum
3422 4594 3616 4652 tollere

326 4676 609 4749 ἁμαρτίας.
643 4698 663 4731 ι
709 4678 843 4732 ’Ὅτε
883 4677 1065 4733 τοίνυν
1111 4679 1207 4732 καὶ
1255 4679 1444 4750 ἕτερος
1484 4677 1618 4752 ἡμῖν
1665 4679 1914 4734 εἰσκεκόο

327 4783 498 4835 μισται
525 4769 737 4842 τρόπος
771 4768 1087 4841 ἱερουργίας
1125 4769 1362 4839 ἀφιστὰς
1391 4768 1502 4825 τῶν
1544 4767 1780 4843 πρώτων
1819 4768 1915 4824 καὶ

323 4858 685 4934 ἀρχαιοτέρων
717 4861 880 4928 ἐθῶν,
908 4861 1097 4936 ἕτερός
1148 4880 1253 4916 που
1301 4862 1524 4927 πάντως
1565 4863 1662 4919 καὶ
1707 4862 1909 4935 ἱερεύς.

324 4953 422 5008 Καὶ
451 4956 497 5009 εἰ
527 4954 724 5027 καινὴν
762 4954 1102 5027 ἐπήγγελται
1133 4955 1399 5029 διαθήκην
1421 4957 1450 5009 6
1481 4955 1634 5020 Θεὸς,
1669 4957 1912 5012 παλαιω-

324 5043 496 5118 θείσης
525 5049 629 5120 τῆς
667 5046 916 5121 πρώτης,
949 5049 978 5102 6
1012 5047 1156 5102 κατὰ
1214 5047 1315 5121 τὴν
1361 5047 1516 5116 τάξιν
1570 5035 1906 5120 Μελχισεδὲκ

323 5137 508 5210 ἱερεὺς,
540 5135 632 5212 Et?"
656 5136 718 5197 οὗ
754 5141 958 5213 πρέποι
992 5139 1059 5194 ἂν
1088 5139 1184 5195 καὶ
1221 5140 1280 5195 τδ
1314 5143 1396 5208 εἰς
1437 5141 1610 5197 αἰῶνα
1640 5141 1903 5196 νοεῖσθαι·

321 5231 481 5298 οὐδεὶς
511 5233 576 5287 ἂν
605 5234 692 5288 ἓτε
703 5252 795 5306 ρος
827 5235 914 5305 εἴη
954 5235 1104 5304 παρὰ
1145 5234 1235 5288 τὸν
1260 5231 1469 5304 Κύριον
1496 5235 1656 5308 ἡμῶν
1698 5236 1907 5308 Ἰησοῦν

323 5321 562 5393 Χριστὸν,
581 5326 647 5379 δι’
670 5321 733 5381 οῦ
752 5326 850 5379 καὶ
873 5325 993 5398 μεθ’
1025 5321 1086 5397 οὗ
1114 5325 1322 5398 τῷΘεῷ
1341 5329 1434 5381 καὶ
1467 5327 1636 5398 Πατρὶ
1653 5329 1781 5396 δόξα
1809 5331 1906 5383 σὺν

323 5411 449 5486 ἁγίῳ
481 5416 780 5491 Πνεύματι,
811 5417 892 5481 εἱς
923 5417 1049 5481 τοὺς
1078 5417 1284 5484 αἰῶνας
1312 5416 1422 5472 τῶν
1443 5417 1678 5474 αἰώνων.
1709 5421 1903 5492 Ἀμήν.

385 5573 426 5604 ⁸⁸
456 5575 622 5632 Hebr.
648 5594 748 5646 vn,
786 5571 992 5643 Η,12.
1071 5579 1116 5612 ’⁵
1152 5577 1288 5634 Ibid.
1321 5578 1518 5646 i547;
1546 5578 1691 5635 Psal.
1729 5596 1834 5650 cu,
1872 5583 1926 5636 ιὶ.

2020 4682 2245 4745 peccata
2267 4673 2334 4732 "".
2365 4695 2382 4726 ι
2415 4675 2644 4743 Quando
2669 4676 2836 4750 igitur
2860 4681 3002 4738 alius
3026 4682 3192 4740 etiam
3218 4684 3381 4742 nobis
3403 4688 3616 4744 sacrifi-

2021 4767 2092 4822 cii
2117 4767 2315 4824 modus
2343 4776 2429 4824 est
2447 4767 2728 4839 inductus,
2751 4786 2781 4827 a
2804 4773 3000 4844 primis
3020 4790 3085 4833 ac
3123 4777 3408 4835 veteribus
3448 4781 3619 4836 mori-

2021 4861 2128 4916 bus
2151 4859 2432 4917 abducens
2450 4903 2465 4928 ,
2497 4861 2640 4919 alius
2660 4863 2828 4921 etiam
2863 4867 3091 4926 omnino
3119 4877 3204 4926 est
3233 4871 3510 4928 sacerdos.
3545 4873 3615 4929 Et

2019 4952 2064 5008 si
2095 4967 2300 5008 novum
2325 4963 2716 5012 testamentum
2757 4960 3104 5018 annuntiavit
3130 4963 3296 5031 Deus,
3323 4966 3613 5038 antiquata

2018 5046 2226 5117 priore,
2272 5046 2532 5104 sacerdos
2575 5050 2883 5106 secundum
2933 5053 3190 5110 ordinem
3217 5056 3610 5126 Melchisedec,

2005 5156 2170 5211 quem
2189 5148 2521 5211 perpetuum
2547 5140 2668 5198 fore
2705 5144 3124 5216 intelligendum
3142 5156 3252 5216 est,
3284 5166 3449 5207 nemo
3467 5152 3612 5210 alius

2005 5233 2195 5300 fuerit,
2223 5243 2595 5308 praeterquam
2625 5237 2894 5295 Dominus
2931 5250 3123 5297 noster
3147 5243 3308 5301 Jesus
3329 5244 3611 5316 Christus,

2005 5341 2104 5398 per
2157 5342 2322 5398 quem
2367 5337 2585 5385 etcum
2634 5347 2744 5403 quo
2792 5333 2906 5389 Deo
2961 5343 3018 5392 et
3044 5336 3195 5394 Patri
3255 5339 3430 5410 gloria
3481 5353 3607 5396 cum

2007 5429 2198 5476 sancto
2229 5420 2438 5493 Spiritu
2473 5425 2528 5480 in
2552 5426 2750 5483 saecula
2773 5428 3124 5486 smeulorum.
3149 5431 3346 5488 Amen.

2006 5583 2052 5614 ²⁶
2091 5582 2257 5640 Hebr.
2296 5601 2362 5651 κ,
2400 5586 2452 5642 4.
