4092 6470
436 267 534 328 ΙΗ

1469 260 1530 315 5.
1572 258 1845 316 CYBILIJ
1889 255 2358 313 ALEXANDRINI
2399 254 2716 315 ARCUIEP.

3598 253 3712 315 “3

495 469 3671 517 Μ

936 634 1731 758 ΓΛΑΦΥΡΩΝ
1795 633 2040 747 ΕΙΣ
2110 632 2427 745 ΤΗΝ
2497 632 3141 748 ΓΕΝΕΣΙΝ

1738 857 2183 950 ΒΙΒΛῙΟΝ
2252 850 2371 946 Γ.

693 1167 1621 1267 GLAPl-IYRORUM
1684 1168 1805 1257 IN
1855 1162 2810 1261 GENESIMLIBER
2883 1165 3452 1262 TERTIUS.

400 1479 519 1543 'Bo
551 1483 840 1545 Abraham,
871 1489 922 1534 et
959 1480 1022 1534 de
1063 1479 1410 1552 promissione
1437 1494 1554 1603 (rer
1594 1479 1769 1543 Isaac,

581 1570 674 1603 uer
696 1553 835 1603 ἔπεος
868 1550 1269 1603 omﬁauratum
1301 1551 1366 1603 sit
1396 1547 1431 1603 ﬁ
1472 1550 1519 1603 ei
1557 1550 1769 1603 musteri

580 1570 674 1615 per
696 1553 835 1624 ipsos
867 1547 1269 1624 pmﬁguratum
1301 1551 1366 1604 sit
1393 1547 1519 1618 ﬁdei
1557 1550 1883 1621 mysterium.

513 1735 567 1790 ί.
592 1732 915 1793 Pontiﬁcem
942 1742 1001 1789 et
1021 1732 1324 1804 apostolum
1348 1730 1708 1788 confessionis
1727 1741 1923 1788 nostra:
1947 1731 2028 1786 fa-

434 1830 589 1886 ctum
609 1841 729 1884 esse
745 1825 1026 1882 Christum
1049 1822 1272 1878 divinus
1307 1823 1509 1885 Paulus
1540 1824 1791 1879 scribit"
1818 1843 1830 1879 :
1854 1824 2029 1896 quod-

437 1933 547 1989 que
574 1916 749 1974 veteri
776 1915 869 1971 illo
900 1924 956 1971 et
980 1913 1218 1969 Mosaico
1236 1912 1495 1969 mandato
1522 1913 2029 1986 incomparabiliter

439 2010 636 2068 melius
657 2018 820 2081 atque
844 2007 1056 2070 utilius,
1082 2005 1457 2075 evangelicum
1480 2006 1764 2074 nimirum,
1784 2008 2029 2064 melioris

435 2100 549 2174 66
577 2113 815 2171 sponsor
856 2098 1170 2153 testamenti
1218 2095 1510 2151 tradiderit
1563 2097 1855 2153 manifeste
1892 2112 2029 2154 con-

438 2186 637 2249 ﬁrmat.
665 2190 735 2247 Et
756 2204 921 2246 verus
947 2194 1031 2243 est
1069 2202 1250 2244 sermo
1268 2227 1282 2254 ,
1308 2187 1582 2258 siquidem
1619 2188 1709 2243 lex
1734 2188 1872 2243 iram
1894 2202 2030 2260 ope-

439 2292 614 2350 ratur,
640 2289 697 2339 et
721 2286 1011 2354 peccatum
1041 2277 1389 2346 manifestat;
1415 2279 1683 2351 justiﬁcat
1711 2286 1893 2334 autem
1929 2295 2031 2337 nos

437 2374 634 2449 gratia,
682 2370 983 2429 Salvatoris
1030 2370 1207 2426 nostri
1249 2369 1588 2441 benignitate
1624 2369 2026 2427 administrata.

437 2464 912 2539 Quemadmodum
947 2462 1095 2519 enim
1128 2463 1246 2533 ipse
1278 2461 1483 2519 alicubi
1518 2463 1637 2528 ait,
1701 2480 1812 2518 non
1879 2464 2033 2520 venit

439 2558 731 2632 utjudicet
763 2556 1051 2621 mundum,
1102 2557 1197 2613 sed
1247 2562 1307 2611 ut
1353 2555 1595 2613 salvetur
1647 2556 1888 2612 mundus
1930 2573 2032 2629 per

441 2652 619 2725 ipsum
646 2645 713 2704 ³⁸.
765 2648 922 2717 Quod
954 2648 1143 2720 igitur,
1203 2648 1421 2704 etiamsi
1474 2663 1586 2703 non
1619 2647 1693 2703 sit
1738 2658 1913 2714 ortus,
1947 2666 2033 2705 se-

438 2741 682 2800 cundum
716 2755 958 2807 carnem,
1002 2755 1071 2797 ex
1109 2739 1258 2796 tribu
1303 2737 1457 2805 Levi,
1487 2748 1715 2794 vocatus
1739 2751 1921 2795 autem
1948 2748 2032 2795 est

1526 1495 1554 1532 r
1594 1478 1769 1568 Isaac,
1811 1488 1859 1538 et
1887 1479 2025 1550 quod

2131 1473 2725 1568 "retreifet’aaée:
2884 1472 3005 1568 τις.
3032 1470 3401 1568 fiamus
3426 1475 3537 1546 τῆς
3565 1481 3715 1560 πρτά

2200 1542 2308 1603 τὸν
2350 1542 2579 1611 Ἰσαὰκ,
2622 1542 2722 1601 καί
2778 1542 2869 1600 ὅτι
2912 1542 3005 1617 δι’
3047 1542 3247 1604 αὐτῶν
3303 1542 3717 1617 apum-unci“

2200 1617 2312 1687 τῆς
2344 1617 2605 1684 πίστεως
2636 1616 2701 1672 τὸ
2718 1616 3081 1688 μυστήριον.

2200 1740 2272 1789 α’.
2316 1732 2607 1804 Ἀρχιερέα
2647 1729 2744 1786 καὶ
2786 1730 3089 1787 ἀπόστολον
3112 1730 3212 1802 τῆς
3244 1730 3534 1804 ὁμολογίας
3561 1731 3719 1805 ἡμῶν

2129 1824 2382 1897 γενέσθαι
2415 1822 2668 1896 Χριστὸν,
2702 1824 2732 1878 6
2762 1822 3047 1886 θεσπέσιος
3084 1821 3287 1893 γράφει
3332 1821 3578 1888 Παῦλος·
3623 1822 3720 1877 καὶ

2134 1917 2261 1991 μὴν,
2298 1918 2382 1971 ότι
2405 1917 2504 1988 τῆς
2538 1914 2771 1988 ἀρχαίας
2800 1913 2896 1969 καὶ
2935 1913 3025 1968 διά
3076 1915 3319 1980 Μωσέως
3367 1912 3589 1988 ἐντολῆς
3618 1917 3721 1988 τὴν

2129 2009 2476 2082 ἀσυγκρίτως
2503 2009 2715 2076 ἀμείνω
2756 2006 2853 2061 καὶ
2884 2007 3327 2079 προφερεστέραν
3358 2007 3490 2078 ἡμῖν
3531 2008 3720 2062 είσκε-

2133 2100 2396 2174 κομικὼς,
2426 2099 2569 2171 φημὶ
2596 2099 2661 2172 δὴ
2692 2099 2791 2172 τὴν
2822 2096 3202 2170 εύαγγελικὴν,
3252 2098 3561 2171 κρείττονος
3601 2099 3720 2154 δια-

2132 2194 2306 2267 θήκης
2353 2193 2576 2266 γέγονεν
2607 2191 2904 2263 ἐγγυητὴς,
2945 2189 3317 2245 διεϐεϐαιοῦτο
3351 2190 3564 2262 σαφῶς.
3600 2191 3719 2247 Καὶ

2132 2286 2399 2360 ἀληθὴς-ό
2440 2285 2598 2355 λόγος
2621 2300 2634 2315 ’
2669 2286 2829 2353 εἴπερ
2857 2286 2887 2337 ό
2914 2282 3015 2355 μὲν
3057 2283 3221 2355 νόμος
3250 2282 3419 2356 ὀργὴν
3443 2284 3725 2357 κατεργᾶ.

2133 2380 2306 2447 (erat,
2340 2379 2434 2434 xui
2461 2375 2735 2450 ἁμαρτίας
2766 2376 2915 2430 ἐστὶν
2952 2374 3396 2447 παραδεικτικὺς,
3430 2375 3631 2431 δικαιοῖ
3657 2375 3726 2430 δὲ
3778 2401 3782 2406 -

2132 2471 2279 2543 ἡμᾶς
2305 2471 2337 2540 ὴ
2369 2467 2458 2522 διά
2502 2467 2603 2538 τῆς
2630 2465 2724 2521 τοῦ
2766 2466 3015 2538 Σωτῆρος
3052 2464 3211 2539 ήμῶν
3235 2467 3570 2540 ἡμερότητος
3597 2467 3727 2521 διοι-

2132 2559 2433 2631 κονουμένη
2464 2558 2646 2630 χάρις.
2693 2556 2781 2623 Ὠς
2833 2556 2944 2628 γὰρ
2992 2557 3156 2620 αὐτός
3212 2556 3315 2619 πού
3364 2574 3551 2629 φησιν,
3613 2556 3724 2619 οὐκ

2131 2648 2294 2723 ἦλθεν
2319 2650 2406 2706 ἴνα
2436 2649 2598 2723 κρίνῃ
2616 2649 2707 2703 τὸν
2739 2648 2965 2719 κόσμον,
3007 2647 3123 2702 ἀλλ’
3154 2649 3240 2703 ῐνα
3271 2647 3418 2721 σωθῇ
3452 2651 3482 2703 6
3510 2648 3720 2721 κόσμος

2132 2741 2197 2797 δι’
2237 2728 2423 2798 αὐτοῦ.
2489 2741 2612 2795 Ὅτι
2666 2739 2870 2807 τοίνυν,
2904 2738 3010 2793 κᾶν
3052 2741 3101 2793 εί
3148 2740 3224 2812 μὴ
3250 2741 3443 2809 γέγονε
3484 2738 3544 2795 τὸ
3573 2742 3718 2795 κατά

436 2841 593 2891 etest
616 2831 873 2889 sacerdos
893 2832 949 2887 in
975 2840 1243 2889 aeternum
1275 2830 1580 2888 secundum
1610 2832 1860 2888 ordinem
1893 2833 2028 2889 Mel-

2134 2828 2317 2904 σάρκα
2344 2831 2504 2904 τυχὸν
2525 2831 2590 2885 ὲκ
2622 2830 2793 2902 φυλῆς
2813 2828 2905 2884 τοῦ
2938 2828 3094 2896 Aeni,
3126 2831 3500 2904 κεχρημάτικέ
3530 2848 3590 2885 τε
3621 2832 3719 2887 καὶ

438 2924 715 2991 chisedec,
748 2922 967 2979 abunde
1014 2922 1149 2978 satis
1182 2936 1214 2978 a
1238 2921 1401 2978 nobis
1433 2921 1869 2979 demonstratum
1920 2932 2024 2980 est.

436 3014 596 3087 Quod
625 3030 758 3071 vero
790 3013 1113 3088 mysterium
1139 3012 1546 3085 justiﬁcationis
1574 3030 1675 3085 per
1697 3013 1861 3070 ﬁdem
1883 3015 2028 3071 anti-

436 3107 709 3181 quiorem,
738 3123 901 3181 quam
926 3105 1274 3162 circumcisio
1303 3105 1573 3178 originem
1598 3105 1816 3172 habeat,
1850 3106 2028 3177 quod-

438 3213 546 3272 que
562 3196 829 3254 lsraelitis
852 3197 909 3252 in
934 3204 1062 3269 typo
1091 3210 1157 3251 ac
1180 3194 1353 3267 ﬁgura
1378 3195 1813 3267 praenuntiatum
1836 3193 2024 3262 fuerit,

436 3304 535 3346 eos
553 3303 663 3344 non
682 3289 789 3345 alia
827 3287 1040 3344 ratione
1062 3301 1306 3358 unquam
1328 3286 1524 3342 salvari
1545 3300 1726 3356 posse,
1749 3300 1912 3358 quam
1930 3303 2029 3358 per

437 3379 719 3439 Christum
736 3379 1130 3454 justiﬁch
1150 3377 1402 3450 impium,
1421 3385 1479 3433 et
1502 3375 1874 3432 remittentem
1895 3391 2028 3448 pec-

439 3479 561 3529 cata
596 3488 613 3527 :
636 3480 901 3544 praeterea
947 3470 1097 3544 quod
1126 3468 1375 3525 haeredes
1398 3469 1518 3535 Dei,
1545 3478 1710 3541 atque
1738 3468 1882 3525 inter
1907 3484 2027 3525 ma-

390 3634 397 3641 ,
437 3566 586 3622 xime
607 3565 886 3638 legitimos
919 3562 1063 3620 ﬁlios
1102 3561 1409 3619 collocandi
1440 3562 1550 3620 sint
1577 3562 1617 3617 ii
1660 3562 1754 3634 qui
1784 3578 1853 3619 ex
1893 3578 2027 3636 pro-

440 3658 706 3715 missione
734 3664 865 3714 sunt
897 3656 954 3712 in
984 3656 1135 3713 lsaac
1163 3656 1305 3712 facta
1330 3653 1397 3711 ad
1447 3654 1669 3711 beatum
1714 3654 2022 3723 Abraham;

440 3764 565 3822 age,
582 3748 854 3813 dicamus,
874 3762 942 3803 ex
972 3746 1106 3818 ipsis
1127 3746 1297 3803 sacris
1322 3744 1549 3803 Litteris
1571 3744 1945 3813 desumentes,
1970 3754 2028 3803 et

440 3840 878 3914 uniuscujusque
940 3839 1020 3895 rei
1090 3848 1400 3896 accuratam
1476 3838 1867 3913 probationem
1923 3854 2027 3912 pe-

431 3939 646 3990 τετηει.

2130 2921 2276 2976 ἐστιν
2322 2920 2614 2995 ἀρχιερεὺς
2644 2918 2725 2985 τίς
2765 2918 2857 2974 τὶν
2903 2918 3078 2976 αίῶνα
3129 2919 3273 2974 κατὰ
3306 2914 3404 2993 τὴν
3433 2919 3586 2987 τάξιν
3615 2923 3720 2987 τῆς

2131 3010 2435 3085 ἱερωσύνης
2482 3009 2839 3082 Μελχισεδὲκ,
2875 3009 3248 3083 ἀποχρώντως
3304 3011 3439 3082 ἡμῖν
3488 3010 3590 3082 ἠδη
3638 3009 3720 3065 δι-

2131 3100 2331 3168 έδειξεν
2361 3103 2390 3157 6
2418 3100 2599 3170 λόγος.
2637 3100 2761 3156 Ὅτι
2788 3100 2847 3154 δὲ
2894 3101 2996 3171 τῆς
3054 3102 3112 3155 έν
3159 3100 3340 3156 πίστει
3367 3098 3718 3173 δικαιοσύνης

2127 3197 2189 3253 τὸ
2225 3196 2525 3270 μυστήριον
2558 3195 2660 3267 τῆς
2701 3197 2759 3250 ὲν
2812 3195 2963 3267 νόμῳ
3004 3194 3308 3267 περιτομῆς
3338 3193 3718 3268 πρεσϐυτέραν

2129 3289 2241 3362 ἔχει
2293 3288 2394 3360 τὴν
2452 3287 2889 3359 προανάρῤησιν,
2935 3287 3030 3342 καὶ
3083 3286 3167 3342 δτι
3224 3284 3719 3359 προκπεγράφετο

2126 3383 2240 3447 τοῖς
2264 3379 2325 3447 ἐξ
2364 3379 2581 3453 Ἰσραὴλ
2616 3381 2645 3435 6
2674 3379 2843 3443 τύπος
2876 3378 2994 3447 τοῦ,
3022 3376 3101 3452 μὴ
3130 3377 3197 3434 ἂν
3230 3376 3433 3451 ἑτέρως
3456 3376 3721 3434 δύνασθαι

2130 3470 2371 3545 σωθῆναί
2418 3489 2573 3540 ποτε,
2608 3471 2747 3543 πλὴν
2772 3472 2855 3526 ὅτι
2908 3470 2998 3525 διά
3030 3471 3197 3543 μόνου
3239 3470 3477 3543 Χριστοῦ
3508 3468 3602 3525 τοῦ
3631 3469 3715 3526 δι-

2128 3564 2413 3630 καιοῦντος
2455 3564 2540 3619 τὸν
2573 3546 2768 3636 ἀσεϐῆ,
2815 3564 2911 3618 καὶ
2966 3562 3211 3628 ἀνιέντος
3234 3562 3573 3637 ἐγκλήματα.
3604 3558 3718 3617 Kai

2128 3656 2265 3730 πρός
2294 3672 2358 3726 γε
2388 3655 2454 3728 δὴ
2480 3656 2709 3723 τούτοις,
2731 3654 2813 3710 ὅτι
2842 3654 2978 3709 Θεοῦ
3009 3652 3355 3727 κληρονόμοι,
3384 3654 3481 3710 καὶ
3518 3655 3575 3708 έν
3602 3657 3718 3720 τοῖς

2126 3752 2210 3806 δτι
2226 3749 2461 3821 μάλιστα
2480 3747 2725 3821 γνησίοις
2752 3746 3209 3816 κατατιτάεονται
3231 3745 3442 3811 τέκνοις
3468 3746 3519 3800 οί
3542 3747 3719 3819 ὲκτῆς

2127 3842 2480 3914 έπαγγελίαςυ
2495 3838 2594 3916 τῆς
2610 3842 2667 3897 έν
2682 3841 2869 3898 Ἰσαὰκ
2886 3839 3259 3913 γεγενημένης
3278 3840 3414 3913 πρὸς
3431 3838 3522 3893 τὸν
3540 3838 3720 3913 μακά-

2128 3954 2243 4011 ρφν
2259 3934 2533 4007 Ἀϐραὰμ,
2561 3934 2696 4007 φέρε
2717 3932 2782 4005 δὴ
2797 3932 3064 4006 λέγωμεν,
3089 3931 3151 4000 ἑξ
3171 3930 3352 3987 αὐτῶν
3365 3928 3580 3995 ἑλόντες
3606 3928 3719 3983 τῶν

2128 4026 2291 4100 ιερῶν
2331 4025 2705 4099 Γραμματων,
2733 4023 2830 4079 καὶ
2865 4022 2967 4089 τὰς
3013 4022 3099 4090 ἐφ’
3128 4023 3346 4095 ἑκάστῳ
3398 4020 3717 4095 ποιούμενοι

2127 4116 2345 4183 πίστεις
2370 4116 2585 4182 λεπτως
2606 4116 2701 4169 καὶ
2733 4113 3148 4189 ἐξητασμένῶς.

476 4209 567 4267 ’2.
600 4208 804 4267 Paulus
824 4207 1007 4279 itaque
1039 4206 1106 4262 ad
1139 4204 1416 4262 Romanos
1442 4203 1531 4260 ita
1562 4203 1801 4261 scribit:
1836 4222 1855 4257 ι
1882 4202 2025 4273 Quid

2208 4209 2276 4283 β’,
2313 4210 2525 4284 Γράφει
2557 4208 2738 4264 τοίνυν
2775 4206 3071 4280 Ῥωμαίοις
3097 4207 3125 4260 6
3154 4202 3445 4278 ίερώτατος
3476 4202 3713 4269 Παῦλος·

443 4302 611 4378 igitur
636 4300 883 4358 dicemus
915 4298 1189 4355 invenisse
1220 4296 1499 4354 Abraham
1531 4304 1745 4368 patrem
1772 4305 2027 4352 nostrum

440 4394 745 4454 secundum
770 4394 1031 4451 carnem?
1072 4391 1129 4449 Si
1172 4393 1321 4446 enim
1358 4388 1631 4445 Abraham
1657 4405 1725 4445 ex
1765 4387 2029 4462 operibus

444 4489 578 4563 legis
600 4487 932 4561 justiticatus
976 4493 1083 4549 cst,
1115 4483 1285 4539 habet
1317 4482 1569 4555 gloriam,
1613 4481 1709 4537 sed
1744 4498 1854 4538 non
1883 4481 2029 4554 apud

443 4580 635 4637 Deum.
659 4577 803 4647 Quid
829 4577 978 4633 enim
996 4573 1131 4629 dicit
1147 4571 1727 4643 Scriptura?Credidit
1750 4572 2029 4629 Abraham

443 4673 577 4737 Deo,
604 4678 661 4726 et
683 4674 1000 4740 reputatum
1021 4672 1106 4720 est
1132 4662 1213 4718 illi
1235 4661 1302 4717 ad
1321 4661 1611 4734 justitiam.
1642 4664 1705 4719 Ei
1727 4673 1909 4720 autem
1934 4663 2029 4734 qui

442 4770 723 4835 operatur,
745 4771 961 4814 merces
986 4768 1096 4809 non
1120 4754 1423 4824 imputatur
1444 4755 1745 4810 secundum
1772 4755 2026 4828 gratiam,

442 4852 539 4911 sed
569 4849 873 4909 secundum
899 4845 1168 4903 debitum.
1195 4842 1268 4901 ‘Ei
1290 4861 1421 4903 vero
1467 4846 1563 4919 qui
1601 4863 1710 4902 non
1745 4855 2026 4918 operatur,

442 4944 690 5001 credenti
714 4952 899 4999 autem
920 4942 991 4997 in
1020 4954 1147 4997 eum
1178 4938 1270 5009 qui
1288 4939 1552 5012 justiiicat
1574 4940 1827 5013 impium,
1862 4956 2030 5011 repu-

446 5044 595 5090 tatur
627 5032 762 5089 iides
786 5033 905 5104 ejus
935 5030 1003 5087 ad
1032 5030 1325 5102 justitiam,
1357 5029 1662 5086 secundum
1685 5031 2029 5101 propositum

445 5127 633 5197 gratiae
660 5123 778 5179 Dei.
824 5123 982 5180 Sicut
1020 5128 1076 5178 et
1104 5122 1274 5180 David
1313 5122 1450 5178 dicit
1480 5120 1889 5177 beatitudinem
1924 5121 2027 5177 ho-

445 5211 631 5276 minis,
647 5212 737 5265 cui
758 5211 905 5266 Deus
928 5218 1152 5282 accepto
1173 5211 1581 5284 fertjustitiam,
1600 5209 1719 5266 sine
1733 5212 2024 5282 operibus:

447 5305 598 5359 Beati
622 5316 859 5373 quorum
890 5303 1131 5360 remissa;
1164 5311 1294 5360 sunt
1342 5302 1683 5373 iniquitates,
1713 5310 1770 5360 et
1791 5319 2027 5375 quorum

450 5404 590 5451 tecta
621 5402 1020 5465 sunt-peccata.
1060 5395 1275 5452 Beatus
1320 5393 1408 5449 vir
1436 5394 1524 5449 cui
1573 5409 1687 5450 non
1739 5393 2029 5466 imputavit

437 5484 714 5542 Dominus
727 5496 1013 5557 peccatum
1024 5487 1113 5541 η’.
1132 5484 1422 5541 Bcatitudo
1433 5499 1562 5558 ergo
1577 5485 1693 5545 haec
1715 5486 1770 5542 in
1787 5487 2027 5543 circum—

516 5664 771 5725 οων.
807 5682 888 5735 ιιι,
923 5667 975 5722 1.
1051 5666 1098 5700 ’⁸
1137 5664 1297 5722 Joan.
1345 5680 1438 5732 xu,
1474 5666 1528 5723 ι.

1608 5666 1680 5700 ³⁸⁸
1709 5667 1852 5724 Psal.
1884 5685 2026 5738 xxx],
2054 5668 2105 5725 i.

2130 4303 2198 4359 Τί
2230 4298 2322 4358 οὖν
2374 4300 2608 4376 ἐροῦμεν
2655 4299 2950 4374 εὑρηκέναι
2983 4296 3236 4371 ’Δϐραὰμ
3275 4296 3365 4351 τδν
3395 4297 3716 4369 προπάτορα

2131 4394 2287 4470 ἡμῶν
2320 4393 2464 4450 κατά
2512 4392 2725 4465 σάρκας
2749 4389 2814 4445 Ei
2838 4389 2946 4463 γὰρ
2984 4388 3236 4463 ’Δϐραάμ
3278 4387 3337 4461 ἐξ
3385 4384 3563 4461 ἔργων
3604 4386 3714 4441 έδι-

2130 4484 2367 4558 καιὼθη,
2401 4485 2515 4556 εχει
2561 4485 2844 4555 καύχημα,
2881 4480 2994 4535 ἀλλ’
3023 4482 3083 4534 ού
3131 4481 3267 4553 πρὸς
3313 4477 3464 4536 Θεόν.
3506 4476 3571 4531 Τί
3602 4478 3713 4550 γὰρ

2131 4578 2165 4646 ἡ
2190 4574 2577 4647 Γραφὴλέγεις
2621 4571 2942 4627 Ἐπίστευσε
2973 4571 3030 4626 δὲ
3075 4568 3419 4642 ’Δϐραάμτῷ
3445 4569 3585 4641 Θεῷ,
3617 4567 3715 4624 καὶ

2131 4665 2383 4739 ἐλογίσθη
2430 4663 2580 4736 αὐτῷ
2624 4664 2706 4728 είς
2742 4661 3108 4735 δικαιοσύνην.
3146 4662 3235 4735 Τῷ
3266 4662 3325 4719 δὲ
3359 4658 3715 4735 ἐργαζομένῳ

2130 4760 2159 4813 6
2195 4758 2383 4832 μισθὸς
2413 4758 2475 4812 οὐ
2504 4755 2776 4828 λογίζεται
2809 4758 2949 4811 κατὰ
2978 4755 3159 4828 χάριν,
3190 4753 3327 4810 ἀλλά
3377 4752 3520 4808 κατά
3565 4752 3716 4823 ὀφεί-

2130 4851 2300 4924 λημα.
2334 4849 2426 4923 Τῷ
2451 4848 2507 4903 δὲ
2541 4849 2616 4922 μὴ
2644 4848 3017 4922 ἐργαζομένῳ,
3043 4845 3353 4901 πιστεύοντι
3400 4844 3456 4898 δὲ
3499 4844 3591 4899 hri
3621 4844 3715 4898 τὸν

2129 4941 2441 4998 δικαιοῦντα
2470 4939 2563 4995 τὸν
2605 4940 2805 5013 ἀσεϐῆ,
2837 4939 3111 5010 λογίζεται
3153 4940 3186 5012 ἡ
3226 4939 3409 5003 πίστις
3442 4934 3608 4992 αὐτοῦ
3634 4936 3713 4999 είς

2129 5031 2499 5103 δικαιοσύνην.
2548 5029 2819 5101 Καθᾶπερ
2860 5030 2955 5087 καὶ
3002 5028 3169 5087 Δαϐὶδ
3221 5029 3371 5098 λέγει
3406 5028 3497 5082 τδν
3534 5041 3713 5098 μακα-

2134 5124 2328 5197 ρισμὸν
2352 5123 2444 5179 τοῦ
2471 5123 2782 5196 ἀνθρώπου,
2823 5115 2866 5190 ᾧ
2895 5123 2924 5174 ό
2955 5121 3088 5185 Θεδς
3120 5119 3394 5189 λογίζεται
3435 5115 3715 5175 δικαιοσύ-

2129 5233 2248 5288 νην,
2282 5215 2453 5287 χωρὶς
2497 5213 2696 5284 ἔργων’
2728 5212 3009 5284 Μακάριοι
3049 5204 3122 5265 ὧν
3156 5209 3445 5279 ἀφέθησαν
3476 5208 3533 5261 αί
3584 5207 3715 5261 ἀνο-

2133 5308 2273 5378 μίαι,
2302 5306 2395 5360 καὶ
2424 5298 2498 5361 ὧν
2536 5304 2997 5375 ὲπεκαλύφθησαν
3028 5303 3082 5357 αί
3116 5301 3380 5375 ἁμαρτίαι
3400 5317 3413 5331 ·
3440 5299 3712 5371 μακάριος

2129 5397 2289 5469 ἀνὴρ,
2323 5389 2368 5466 ᾧ
2412 5397 2473 5451 ού
2528 5395 2602 5469 μὴ
2629 5395 2913 5467 λογίσηται
2934 5395 3138 5463 Κύριος
3167 5392 3463 5466 ἁμαρτίαν.
3508 5390 3567 5445 '0
3602 5407 3712 5462 μα-

2129 5490 2400 5563 καρισμὸς
2442 5485 2536 5546 οὖν
2566 5481 2743 5555 οὗτος,
2770 5487 2862 5542 ἐπὶ
2895 5487 2994 5561 τὴν
3031 5486 3358 5561 περιτομὴν,
3394 5482 3430 5553 ἢ
3469 5482 3562 5539 καὶ
3612 5478 3710 5536 ἀεὶ
