4092 6468
303 497 399 554 I15
1279 487 1810 548 GLAPHYROBUM
1849 486 1915 542 IN
1956 485 2260 542 GENESIM
2300 486 2429 541 LIB.
2473 485 2560 540 Ill.

3488 491 3596 548 ιιι

300 619 392 689 τὴν
450 613 854 688 ἁκροδυστίαν;
908 613 1156 686 Λέγομεν
1203 611 1333 682 γὰρ,
1387 611 1472 665 δτι
1521 608 1778 679 ἐλογίσθη
1804 606 1883 678 τῷ

2001 605 2196 662 :isione
2217 613 2427 661 tantum
2445 614 2649 668 manet,
2681 620 2750 658 an
2771 605 2937 661 etiam
2955 605 3011 662 in
3032 607 3331 679 pmputio?
3348 608 3592 668 Dicimus

309 708 556 780 Ἁϐραάμ
602 709 637 780 η
690 705 873 771 πίστις
927 709 1007 771 εις
1066 702 1439 773 δικαιοσύνην.
1479 702 1604 767 Πῶς
1647 696 1743 756 οὖν
1771 701 1889 755 tle-

299 798 492 870 γίσθη;
534 798 590 852 tv
631 799 912 870 περιτομῇ
955 796 1094 859 ὃντι,
1124 793 1158 866 ἢ
1209 795 1266 848 tv
1293 789 1664 863 άκροδυστίᾳ;
1693 788 1809 844 Ούκ
1831 788 1890 842 tv

299 891 601 961 περιτομῇ,
675 887 866 959 φησὶν,
913 886 1029 942 ἀλλ’
1077 886 1136 942 tv
1192 883 1555 955 ἀκροϐυστίᾳ.
1616 879 1730 936 Καὶ
1793 896 1892 950 σηο

301 984 444 1053 μεῖον
500 979 662 1033 ἔλαϐε
710 979 1038 1054 περιτομῆς,
1067 977 1340 1049 σφραγίδα
1397 976 1498 1047 τῆς
1544 972 1891 1043 δικαιοσύνης

299 1074 390 1141 τῆς
424 1071 668 1134 πίστεως
703 1070 808 1139 τῆς
838 1071 897 1123 ὲν
920 1071 986 1141 τῇ
1019 1067 1380 1141 ἀκροϐυστίᾳ,
1409 1069 1490 1131 είς
1520 1067 1581 1120 τὸ
1607 1059 1747 1120 εἶναι
1794 1063 1892 1118 αύ-

301 1165 386 1218 τὸν
421 1164 643 1235 πατέρα
697 1163 920 1219 πάντων
973 1161 1084 1216 τῶν
1135 1163 1502 1216 πιστευόντων
1545 1159 1612 1213 δι’
1655 1156 1893 1230 ἀκροσυο

301 1254 471 1318 στίας,
514 1255 596 1316 είς
627 1252 690 1306 τὺ
720 1251 1045 1324 λογισθῆναι
1074 1252 1257 1316 αὐτοῖς
1289 1253 1370 1316 είς
1401 1248 1774 1319 δικαιοσύνην,
1799 1247 1896 1301 καὶ

302 1345 511 1416 πατέρα
554 1344 864 1417 περιτομῆς
915 1348 1032 1409 τοῖς
1088 1345 1191 1398 ούκ
1240 1345 1306 1400 ὲκ
1367 1343 1676 1413 περιτομῆς
1710 1340 1891 1413 μόνον,

299 1437 429 1492 ἀλλὰ
455 1439 693 1502 καὶτοῖς
737 1435 1010 1508 στοιχοῦσι
1039 1440 1152 1502 τοῖς
1200 1437 1374 1508 ἴχνεσι
1423 1437 1525 1508 τῆς
1575 1437 1636 1490 tv
1661 1435 1896 1507 ἀκροϐυ-

301 1527 420 1599 στίᾳ
475 1528 717 1594 πίστεως
773 1528 870 1583 τοῦ
915 1528 1126 1600 πατρὸς
1190 1528 1348 1600 ἡμῶν
1398 1525 1678 1600 ’Δόραάμη
1711 1546 1730 1580 ι
1783 1526 1895 1582 Καὶ

300 1622 430 1692 πρὸς
452 1621 518 1694 δὴ
552 1622 790 1686 τούτοις,
826 1623 1146 1695 ίσχνοτέραν
1175 1622 1257 1677 ἔτι
1290 1625 1527 1677 ποιεῖται
1557 1621 1652 1676 τοῦ
1683 1635 1893 1692 μυστη-

305 1714 412 1786 ρίου
459 1714 564 1786 τὴν
606 1713 865 1785 βάσανον.
917 1715 1076 1770 Οὕτω
1098 1713 1159 1768 τέ
1190 1729 1388 1786 φησιν’
1419 1732 1437 1767 ι
1461 1713 1535 1768 Ού
1565 1713 1675 1786 γὰρ
1697 1711 1786 1766 διὰ
1811 1711 1897 1765 vd-

303 1824 398 1879 μου
445 1807 478 1878 ἡ
529 1806 845 1878 ἐπαγγελία
889 1807 972 1878 τῷ
1010 1806 1285 1880 Ἀϐραὰμ,
1320 1806 1354 1878 ἢ
1383 1805 1462 1878 τῷ
1487 1806 1763 1878 σπέρματι
1799 1803 1898 1857 αύ-

299 1897 408 1965 τοῦ,
441 1899 503 1954 τὸ
541 1900 893 1973 κληρονόμον
937 1900 1103 1955 αὑτὸν
1151 1894 1293 1954 εἶναι
1339 1897 1436 1952 τοῦ
1491 1897 1721 1970 κόσμου,
1759 1896 1896 1952 ἀλλὰ

1996 697 2144 752 enim
2173 698 2303 768 quia
2325 705 2580 770 reputata
2611 705 2699 753 est
2749 697 2983 754 Abrahae
3025 697 3162 755 ﬁdes
3203 698 3270 754 ad
3295 700 3590 772 justitiam.

1996 785 2285 853 Quomodo
2313 802 2446 860 ergo
2468 797 2722 860 reputata
2747 788 2868 844 est?
2903 787 2958 843 in
2976 789 3422 857 circumcisione,
3446 807 3513 846 an
3536 793 3589 848 in

1997 880 2301 951 praeputio?
2339 881 2460 936 Non
2517 883 2576 938 in
2629 881 3080 948 circumcisione,
3128 883 3327 954 inquit,
3382 884 3479 941 sed
3535 887 3592 942 in

1997 972 2290 1043 praeputio.
2343 974 2414 1029 Et
2437 974 2656 1046 signum
2685 975 2900 1046 accepit
2921 976 3381 1044 circumeisionis,
3406 978 3592 1050 signa-

1999 1064 2184 1120 culum
2205 1065 2434 1136 iustitiae
2454 1065 2604 1131 ﬁdei,
2630 1081 2751 1137 qua:
2774 1067 2932 1123 estin
2959 1068 3250 1139 praeputio,
3317 1069 3467 1126 utsii
3495 1086 3594 1140 pa-

2003 1166 2088 1214 ter
2119 1159 2369 1214 omnium
2409 1159 2756 1216 credentium
2797 1175 2898 1230 per
2938 1162 3293 1232 prmputium,
3323 1169 3385 1217 ut
3421 1177 3592 1233 repu-

2002 1259 2154 1308 tatur
2179 1252 2290 1322 67
2317 1251 2426 1308 illis
2458 1252 2529 1308 ad
2561 1253 2832 1324 justitiam
2872 1271 2884 1308 :
2913 1262 2968 1309 et
2998 1254 3074 1309 sit
3108 1262 3267 1325 pater
3299 1255 3593 1311 circumci-

2002 1343 2178 1400 sionis
2205 1359 2317 1400 non
2369 1344 2440 1400 iis
2487 1353 2700 1400 tantum
2738 1345 2833 1416 qui
2878 1353 3014 1401 sunt
3038 1361 3112 1401 ει·
3144 1347 3592 1412 circumcisione,

2003 1434 2101 1490 sed
2128 1443 2186 1490 et
2215 1434 2285 1490 iis
2325 1435 2424 1506 qui
2457 1443 2743 1491 sectantur
2776 1435 3008 1508 vestigia
3060 1436 3212 1503 ﬁdei,
3243 1453 3366 1508 qua:
3402 1447 3487 1493 est
3537 1439 3594 1492 in

2003 1528 2273 1599 praeputio
2295 1528 2470 1598 patris
2513 1529 2689 1585 nostri
2732 1529 2970 1584 Abrahae
2992 1529 3059 1583 ".
3103 1548 3122 1582 ι
3158 1529 3430 1586 Praeterea
3465 1529 3596 1585 sub-

2005 1620 2244 1676 tiliorem
2283 1621 2451 1692 hujus
2473 1621 2720 1693 mysterii
2757 1623 3140 1693 probationem
3195 1621 3380 1689 addit;
3429 1631 3595 1693 atque

2003 1715 2080 1770 ita
2106 1714 2187 1770 ait
2216 1731 2235 1768 ι
2256 1732 2276 1767 ι
2324 1713 2445 1770 Non
2475 1714 2624 1770 enim
2664 1729 2766 1786 per
2802 1715 2980 1786 legem
3009 1713 3305 1786 promissio
3339 1713 3590 1780 Abrahat.

2003 1815 2100 1863 aut
2156 1805 2355 1863 semini
2401 1806 2544 1875 ejus,
2597 1815 2665 1862 ιιι·
2706 1805 2883 1862 haeres
2927 1814 3076 1861 esset
3133 1804 3348 1871 mundi,
3377 1804 3597 1876 sedper

1999 1899 2266 1972 justitiam
2284 1898 2433 1956 ﬁdei.
2457 1898 2521 1955 ει
2553 1899 2706 1954 enim
2727 1898 2824 1970 qui
2874 1898 3112 1970 ex'lege,
3143 1897 3392 1954 ha'redes
3442 1907 3590 1960 sunt,

298 1989 382 2043 διὰ
433 1987 797 2062 δικαιοσύνης
837 1990 1097 2054 πίστεως.
1132 1989 1196 2043 Et
1225 1987 1336 2059 γὰρ
1365 1988 1416 2042 ot
1459 1988 1525 2042 tat
1569 1988 1738 2060 νόμου
1770 1987 1894 2059 κλη-

2001 1993 2280 2050 exinanita
2317 2000 2404 2049 est
2452 1990 2610 2058 ﬁdes,
2654 1999 2712 2047 et
2743 1990 2948 2046 abolita
2996 2000 3086 2046 est
3122 1990 3438 2060 promissio.
3482 1988 3596 2045 Lex

303 2079 530 2153 ρονόμοι,
569 2081 729 2154 φησὶ,
764 2081 1137 2136 ὲκκεκένωται
1168 2082 1201 2148 ή
1253 2079 1462 2146 πίστις,
1488 2079 1582 2132 καὶ
1609 2078 1893 2149 κατήργη-

2001 2087 2146 2142 enim
2194 2086 2335 2142 iram
2366 2093 2649 2156 operatur.
2709 2083 2814 2140 Ubi
2866 2082 3016 2138 enim
3065 2097 3178 2138 non
3231 2089 3316 2136 est
3347 2081 3456 2145 lex,
3490 2095 3595 2136 nec

298 2190 381 2229 ται
409 2176 443 2246 ἡ
472 2175 802 2244 ἐπαγγελία.
854 2173 914 2228 '0
943 2173 1052 2246 γὰρ
1077 2172 1243 2244 νόμος
1267 2171 1439 2244 ὀργὴν
1467 2170 1892 2242 κατεργάζεται.

2001 2178 2398 2251 praevaricatio.
2434 2177 2565 2232 Ideo
2612 2192 2681 2232 ex
2734 2175 2863 2240 ﬁde,
2907 2183 2972 2230 ut
3018 2173 3324 2230 secundum
3361 2175 3597 2246 gratiam

301 2259 370 2324 οὗ
407 2269 515 2342 γὰρ
543 2269 659 2322 οὐκ
697 2266 816 2321 ἔστι
850 2265 1038 2338 νόμος,
1082 2264 1204 2319 οὐδὲ
1244 2261 1580 2336 παράϐασις.
1606 2263 1708 2316 Διὰ
1735 2262 1894 2316 τοῦτο

2001 2271 2154 2327 ﬁrma
2176 2271 2250 2327 sit
2271 2269 2566 2342 promissio
2598 2267 2750 2324 omni
2775 2266 2996 2333 semini,
3020 2281 3132 2322 non
3169 2267 3222 2322 ei
3249 2265 3343 2338 qui
3384 2281 3451 2322 ex
3475 2266 3595 2340 lego

299 2363 360 2415 ἐκ
385 2362 652 2426 πίστεως,
673 2361 761 2414 ἵνα
795 2361 940 2414 κατὰ
984 2359 1144 2430 χάριν
1169 2359 1250 2421 είς
1281 2356 1345 2410 τδ
1375 2351 1515 2411 εῖναι
1539 2355 1766 2427 βεϐαίαν
1792 2356 1894 2428 τὴν

2001 2372 2079 2421 est
2105 2363 2308 2429 solum,
2344 2362 2439 2418 sed
2468 2361 2596 2418 etei
2631 2361 2725 2432 qui
2749 2376 2816 2415 ex
2842 2358 2950 2414 ﬁde
2972 2367 3058 2416 est
3078 2359 3334 2425 Abrahae,
3359 2359 3456 2430 qui
3496 2375 3596 2430 pa-

303 2453 642 2523 ιπαγγελίαν
678 2453 844 2507 παντὶ
881 2450 962 2522 τῷ
1007 2450 1312 2522 σπέρματι,
1352 2449 1412 2504 οὐ
1453 2449 1533 2521 τῷ
1572 2451 1637 2502 ὲκ
1670 2447 1764 2502 τοῦ
1806 2448 1893 2503 v6-

2001 2465 2080 2513 ter
2109 2463 2198 2511 est
2222 2455 2469 2510 omnium
2503 2462 2754 2509 nostrum
2787 2452 2954 2524 (sicut
2986 2451 3257 2522 scriptum
3295 2460 3406 2517 est,
3464 2452 3608 2524 quise

305 2563 397 2618 μου
427 2549 621 2618 μόνον,
673 2544 813 2600 ἀλλὰ
853 2546 952 2600 καὶ
1004 2542 1086 2616 τῷ
1128 2544 1194 2597 ὲκ
1250 2542 1492 2607 πίστεως
1528 2541 1802 2616 Ἀϐραάμ,
1833 2542 1890 2607 ὃς

2001 2560 2206 2620 patrem
2238 2547 2540 2604 multarum
2568 2546 2817 2618 gentium
2847 2544 3008 2616 posui
3029 2544 3126 2618 te),
3157 2553 3287 2601 ante
3311 2545 3482 2600 Deum
3507 2548 3601 2602 cui

302 2641 409 2694 test
458 2639 652 2712 πατὴρ
699 2638 920 2693 πάντων
958 2637 1116 2710 ἡμῶν
1169 2635 1338 2707 (καθὰ
1389 2640 1742 2707 γέγραπται,
1805 2637 1891 2691 ὄτι

2001 2637 2252 2704 credidit,
2291 2637 2386 2708 qui
2416 2635 2660 2692 viviﬁcat
2713 2643 2984 2701 mortuos,
3050 2642 3108 2690 et
3159 2643 3319 2692 vocat
3371 2652 3435 2691 ea
3475 2652 3623 2706 qtae;

302 2733 509 2804 Πατέρα
550 2731 774 2786 πολλῶν
828 2729 1002 2785 ἐθνῶν
1051 2727 1277 2784 τέθεικά
1338 2727 1446 2795 σε),
1485 2729 1773 2784 κατέναντι
1827 2723 1890 2786 οὗ

2001 2746 2106 2786 non
2159 2739 2310 2795 sunt,
2358 2738 2621 2800 tanquam
2659 2743 2725 2782 ea
2779 2742 2902 2798 quae
2949 2733 3078 2782 sunt
3103 2727 3169 2782 ⁸⁸,
3207 2746 3228 2780 ι
3274 2727 3449 2784 Audis
3488 2745 3600 2799 quo

299 2825 582 2879 ιιιίστευσι
644 2822 805 2890 Θεοῦ,
857 2821 952 2878 τοῦ
1011 2820 1407 2889 ζωοποιοῦντος
1456 2823 1587 2888 τοὺς
1637 2823 1888 2896 νεκροὺς,

2001 2829 2154 2894 pacto
2200 2822 2406 2892 passim
2460 2818 2753 2876 conﬁrmet
2803 2834 2868 2874 ac
2911 2817 3080 2884 dicat,
3113 2819 3279 2890 idque
3307 2820 3594 2884 acerrime,

302 2919 387 2973 καὶ
413 2917 717 2982 καλοῦντος
758 2915 831 2970 τὰ
859 2916 935 2989 μὴ
978 2915 1109 2970 ὄντα
1141 2915 1217 2979 ὡς
1247 2915 1395 2971 ὄντα.
1417 2932 1437 2968 ι
1487 2913 1734 2980 Ἀκούεις
1777 2914 1890 2970 ἄνω

2001 2913 2142 2986 quod
2183 2913 2419 2970 Abrahae
2451 2912 2696 2969 nomium
2725 2911 3076 2976 circumciso,
3121 2911 3218 2968 sed
3246 2911 3428 2966 adhuc
3454 2926 3598 2983 pra:-

300 3025 354 3064 τε
399 3009 492 3065 καὶ
552 3009 717 3064 κάτω
769 3005 1252 3079 διαϐεϐαιουμένου
1322 3006 1418 3060 καὶ
1465 3005 1738 3076 λέγοντος,
1793 3006 1891 3079 οὐχ

2001 3006 2210 3078 putium
2236 3005 2469 3062 habenti
2493 3004 2621 3060 data
2649 3004 2722 3060 sit
2749 3003 2926 3075 gratia
2955 3002 3268 3074 justiﬁcans
3290 3003 3470 3075 ipsum
3500 3021 3602 3076 per

303 3102 744 3176 ὑπεσταλμὲνως,
777 3101 856 3165 ὡς
894 3098 1050 3154 οὔπω
1082 3099 1182 3170 μὲν
1215 3097 1396 3170 ἔχοντι
1441 3096 1540 3170 τὴν
1561 3096 1886 3170 περιτομὴν,

2001 3098 2158 3155 ﬁdem
2179 3139 2194 3165 ,
2213 3097 2473 3170 quodque
2509 3096 2760 3153 heredes
2781 3095 3044 3152 declarati
3065 3095 3183 3152 sint
3199 3095 3600 3153 beneﬁciorum

303 3197 356 3248 tv
383 3195 727 3268 ἀκροϐυστίᾳ
767 3195 826 3248 δὲ
858 3193 1062 3266 μᾶλλον
1105 3192 1187 3247 ἔτι
1211 3191 1538 3263 τυγχάνοντι
1570 3191 1780 3246 δέδοται
1813 3189 1892 3263 τῷ

2001 3189 2114 3256 Dei,
2153 3191 2191 3246 ii
2221 3190 2318 3260 qui
2363 3189 2594 3261 vestigia
2621 3189 2821 3246 sectari
2846 3189 3127 3246 voluerint
3167 3187 3313 3256 ﬁdei,
3353 3205 3475 3261 quae
3514 3199 3602 3247 est

315 3286 552 3360 Ἀϐραὰμ
583 3291 623 3361 ἡ
648 3287 736 3341 διὰ
767 3287 1006 3351 πίστεως
1035 3285 1198 3340 αύτὺν
1241 3283 1530 3340 δικαιοῦσα
1573 3283 1733 3356 χάρις
1753 3324 1769 3351 ,
1797 3284 1892 3338 καὶ

2001 3280 2056 3336 in
2089 3281 2362 3353 praeputio
2384 3281 2638 3338 Abrahm.
2701 3281 2826 3337 Non
2863 3289 3049 3337 autem
3102 3282 3355 3339 Mosaicis
3389 3283 3600 3341 umbris

307 3379 403 3451 μὴν
427 3382 511 3436 ὅτι
536 3380 878 3452 κληρονόμοι
909 3378 1181 3433 τέθεινται
1206 3376 1314 3431 τῶν
1346 3376 1500 3448 παρὰ
1543 3375 1682 3430 θεοῦ
1742 3393 1896 3448 χαρι-

307 3464 516 3542 σμάτων
549 3475 603 3528 ot
647 3472 956 3543 ίχνηλατείν
1001 3469 1277 3533 ἐθέλοντες
1301 3471 1400 3540 τῆς
1459 3471 1518 3522 ἐν
1557 3469 1896 3543 ἀκροϐυστίᾳ

307 3564 532 3630 πίστεως
603 3565 702 3620 τοῦ
766 3562 1116 3634 προπάτορος
1172 3561 1430 3632 ’Δϐραὰμ
1485 3560 1586 3634 τὴν
1637 3562 1893 3633 μίμησιν,

313 3660 401 3714 καὶ
429 3659 546 3712 οὔτι
582 3673 696 3714 που
744 3657 964 3721 πάντως
989 3657 1039 3710 οἱ
1083 3655 1228 3727 μέγα
1262 3655 1483 3726 φρονεῖν
1517 3654 1771 3720 εἰωθότες
1803 3657 1898 3710 ἐπὶ

309 3753 366 3818 τῇ
397 3749 482 3804 διὰ
529 3749 782 3812 Μωσέως
825 3745 1224 3819 διακονουμένῃ
1275 3747 1425 3818 σκιᾷ,
1477 3747 1573 3800 καὶ
1631 3747 1897 3818 σαρκικὸν

310 3840 593 3912 αὐχοῦντες
646 3839 861 3910 πατέρα
915 3837 1008 3892 τὸν
1051 3836 1330 3909 Ἀϐραὰμ,
1372 3836 1433 3900 ὃς
1495 3855 1513 3890 ι
1545 3837 1762 3893 Πολλῶν
1809 3839 1898 3893 ιθ-

310 3932 408 3986 νῶν
432 3953 452 3986 ι
476 3933 802 4004 ὠνόμασται
860 3949 879 3982 ι
905 3928 1107 4006 πατὴρ,
1128 3947 1148 3980 ι
1183 3928 1365 3984 καίτοι
1398 3929 1490 3984 τοῦ
1539 3929 1756 4002 Ἰσραὴλ
1779 3929 1899 3995 ἑνὸς

313 4022 482 4088 ῐϐνους
505 4025 688 4087 ὄντος,
713 4023 820 4078 κᾶν
851 4023 900 4076 εἱ
944 4021 1240 4075 ὲκτείνοιτο
1275 4020 1439 4092 τυχὸν
1479 4022 1561 4085 εἰς
1597 4021 1805 4094 πληθὺν
1835 4022 1895 4075 ού

315 4115 756 4188 μεμετρημένην.
789 4116 872 4169 ὅτι
905 4113 1014 4168 τῶν
1051 4114 1110 4167 tv
1150 4114 1334 4166 πίστει
1376 4113 1565 4183 γέγονε
1589 4103 1807 4186 ⁴πατὴρ,
1847 4116 1898 4170 οἳ

312 4207 365 4273 ἐξ
394 4209 634 4280 ἀπάσης,
687 4209 763 4272 ὠς
810 4206 942 4270 ἔπος
1000 4207 1198 4271 εἰπεῖν,
1255 4205 1466 4270 πόλεώς
1500 4223 1559 4260 τε
1595 4206 1687 4260 καὶ
1713 4206 1898 4278 χώρας

314 4299 733 4372 συνειλεγμένοι,
769 4298 1051 4369 σύσσωμοι
1085 4297 1376 4367 γεγόνασιν
1419 4299 1478 4352 tv
1524 4297 1769 4370 Χριστῷ,
1804 4298 1899 4352 καὶ

312 4392 383 4454 τίς
434 4391 782 4463 ἀδελφότητα
853 4389 1149 4462 κέκληνται
1199 4390 1604 4462 πνευματικήν.
1643 4390 1900 4461 Γεγένην-

311 4498 389 4536 ται
419 4484 516 4554 μὲν
552 4484 672 4557 γάρ
697 4483 756 4551 ἐξ
799 4482 1055 4556 ’Δσραὰμ
1095 4484 1361 4538 Ἰουδαῖοι.
1401 4483 1548 4555 Πλὴν
1594 4482 1657 4537 ού
1694 4483 1898 4549 πάντες

312 4575 354 4626 οί
377 4572 434 4640 ἐξ
477 4575 727 4648 Ἰσραὴλ,
767 4567 920 4629 οὗτοι
957 4573 1193 4646 Ἰσραὴλ,
1238 4574 1360 4628 οὐδὲ
1397 4575 1483 4630 ὅτι
1533 4576 1640 4629 εἰσὶ
1675 4575 1900 4647 σπέρμα

2001 3373 2409 3445 gloriabuntur,
2469 3388 2651 3445 neque
2700 3375 2977 3431 carnalem
3047 3383 3259 3445 patrem
3320 3377 3598 3434 Abraham

1997 3467 2316 3539 jactabunt;
2357 3466 2454 3538 qui
2501 3467 2848 3527 amultarum
2892 3467 3138 3539 gentium
3178 3477 3334 3539 pater
3361 3489 3379 3522 ι
3415 3472 3596 3526 nomi-

2003 3567 2166 3614 natus
2205 3567 2292 3614 est
2324 3559 2389 3624 ⁸⁸,
2425 3573 2553 3614 cum
2608 3557 2779 3614 Israel
2834 3557 2998 3613 unica
3055 3573 3190 3630 gens
3227 3559 3318 3626 sit,
3379 3561 3598 3617 etiamsi

2003 3653 2147 3709 forte
2185 3653 2243 3708 in
2268 3652 2780 3708 immensurabilem
2807 3651 3220 3708 multitudinem
3247 3663 3473 3710 extensa
3505 3653 3600 3722 sit,

2004 3745 2136 3818 quia
2185 3744 2362 3801 factus
2403 3753 2488 3801 est
2517 3753 2672 3815 pater
2701 3743 3069 3810 credentium,
3105 3746 3198 3816 qui
3222 3761 3290 3802 ex
3319 3746 3598 3813 omnibus,

2005 3848 2067 3894 ut
2102 3839 2177 3894 ita
2220 3837 2439 3903 dicam,
2479 3837 2712 3893 urbibus
2760 3852 2824 3892 ac
2854 3837 3172 3909 regionibus
3197 3849 3325 3894 sunt
3359 3840 3596 3904 collecti.

2005 3941 2486 3998 concorporesque
2519 3925 2650 3981 facti
2707 3926 2764 3981 in
2803 3925 3045 3993 Christo,
3086 3937 3142 3983 et
3172 3928 3226 3983 in
3257 3929 3600 4000 Spiritualem

2005 4018 2406 4076 fraternitatem
2456 4017 2658 4074 vocati.
2695 4017 2815 4074 Orti
2839 4021 2990 4076 enim
3043 4032 3172 4078 sunt
3201 4039 3268 4078 cx
3321 4021 3600 4078 Abraham

2005 4113 2201 4170 Judaei.
2229 4111 2502 4168 Caeterum
2557 4127 2668 4167 non
2726 4127 2923 4169 omnes
2969 4116 3064 4186 qui
3107 4131 3175 4171 ex
3226 4117 3410 4182 Israel,
3470 4125 3602 4173 sunt

2006 4205 2290 4261 Israelitze.
2319 4205 2511 4276 Neque
2535 4220 2668 4260 vero
2703 4221 2771 4261 eo
2800 4206 2949 4278 quod
2985 4208 3096 4264 sint
3126 4224 3314 4264 semen
3341 4208 3605 4275 Abrahae,

2005 4296 2106 4352 ﬁlii
2133 4297 2314 4352 statim
2339 4312 2533 4352 omnes
2549 4305 2678 4352 sunt
2697 4299 2982 4354 censendi.
3011 4300 3438 4371 Propinquiores
3468 4316 3602 4356 vero

2005 4389 2056 4446 ei
2095 4388 2230 4445 facit
2256 4389 2393 4446 ﬁdes
2415 4404 2513 4446 eos
2555 4390 2652 4459 qui
2685 4391 2739 4445 iu
2774 4392 3048 4463 praeputio
3089 4392 3468 4447 crediderunt.
3496 4392 3602 4448 Fa-

2005 4490 2092 4537 cta
2123 4480 2272 4536 enim
2297 4490 2384 4536 est
2437 4481 2753 4551 promissio,
2787 4481 3025 4553 dataque
3058 4491 3141 4539 est
3187 4482 3362 4555 gratia
3396 4483 3601 4557 justiﬁ-

2005 4589 2136 4630 cans
2165 4573 2400 4629 Abrahae
2431 4573 2677 4630 nondum
2711 4575 2934 4645 quidem
2964 4577 3311 4644 circumciso,
3355 4576 3465 4634 imo
3499 4593 3601 4651 po-

324 4664 583 4737 ’Δδραὰμ,
621 4667 828 4730 πάντες
873 4665 1060 4721 τέκνα.
1126 4667 1466 4740 Προσοικειοῖ
1511 4667 1570 4721 δὲ
1625 4667 1826 4739 μᾶλλον
1862 4670 1896 4740 ἡ

2003 4671 2116 4730 tius
2135 4667 2318 4724 adhuc
2348 4667 2680 4739 praeputium
2708 4669 2958 4737 habenti,
2988 4681 3155 4741 prout
3182 4688 3350 4728 sacra:
3379 4671 3604 4730 Littera:

316 4755 481 4821 πίστις
509 4752 669 4824 αύτῷ
711 4759 842 4822 τοὺς
870 4759 929 4812 tv
953 4757 1292 4831 ἀκροϐυστίᾳ
1335 4758 1760 4824 πιστεύσαντας.
1792 4761 1899 4815 Πε-

2009 4769 2302 4822 testantur.

314 4853 515 4925 ποίηται
543 4855 658 4925 γὰρ
682 4857 715 4924 η
744 4855 1062 4926 ὑπόσχεσις,
1088 4853 1299 4908 δέδοται
1333 4853 1390 4907 δὲ
1420 4854 1515 4907 καὶ
1538 4855 1572 4924 ή
1599 4854 1885 4910 δικαιοῦσα
1922 4858 2109 4931 χάρις,
2167 4855 2322 4910 ούπω
2359 4856 2458 4927 μὲν
2494 4856 2670 4928 ἔχοντι
2711 4855 2811 4928 τὴν
2875 4857 3178 4930 ιπριτομὴν
3214 4857 3290 4928 τῷ
3329 4857 3598 4932 Ἀϐραὰμ,

313 4946 414 5002 δντι
446 4950 729 5021 δὲμᾶλλον
765 4951 825 5004 tv
862 4949 1227 5021 ἀκροϐυστίᾳ,
1268 4950 1416 5004 κατά
1462 4967 1526 5020 γε
1571 4952 1670 5025 τὴν
1711 4953 1896 5008 πίστιν
1933 4957 2042 5012 τῶν
2076 4955 2237 5028 ἱερῶν
2264 4954 2637 5025 Γραμμάτων.

368 5043 433 5107 Υ.
460 5040 583 5094 Ὀτι
606 5041 665 5094 δὲ
704 5040 806 5112 τῆς
833 5042 893 5094 tv
923 5041 1110 5094 πίστει
1135 5038 1492 5104 δικαιοσύνης
1514 5040 1575 5095 τὸ
1597 5041 1773 5113 δῶρον
1794 5043 1894 5098 οὐκ

315 5129 397 5182 ἐπὶ
428 5130 584 5200 μόνον
609 5131 678 5186 ἂν
703 5130 774 5184 ἴοι
802 5132 896 5186 τὸν
936 5130 1211 5202 Ἀϐραάμ,
1254 5133 1304 5185 ει
1331 5133 1424 5186 καὶ
1463 5134 1520 5186 ὲν
1554 5132 1704 5206 αὐτῷ
1731 5133 1896 5204 γέγο-

317 5224 455 5294 νενή
501 5223 820 5296 ὑπόσχεσις,
881 5225 1258 5294 ἑκπεφοίτηκε
1319 5225 1378 5278 δὲ
1423 5225 1617 5298 ὥσπερ
1667 5227 1762 5280 καὶ
1814 5228 1896 5291 είς

318 5315 507 5378 πάντας
548 5316 739 5370 λοιπὸν
785 5318 915 5381 τοὺς
965 5315 1435 5382 πεπιστευκότας,
1478 5318 1709 5388 ὲμπεδοῖ
1731 5319 1895 5374 πάλιν

317 5404 446 5472 ἡμᾶς
470 5409 498 5460 δ
531 5407 846 5478 σοφώτατος
876 5407 1113 5472 Παῦλος,
1136 5404 1218 5472 οἷς
1242 5407 1471 5478 ἔναγχος
1493 5407 1630 5482 ἔφην
1667 5428 1893 5483 προστι-

319 5493 442 5559 θείς
481 5518 498 5550 ι
553 5501 668 5555 Ούκ
721 5500 944 5573 ἐγράφη
996 5501 1054 5554 δὲ
1106 5501 1173 5554 δι’
1219 5501 1383 5555 αὐτὸν
1427 5501 1610 5572 μόνον,
1655 5503 1736 5558 ὅτι
1772 5505 1890 5559 ἐλο‹

318 5585 461 5661 γίσοη
489 5592 638 5664 αὐτῷ
661 5595 798 5665 πρὸς
821 5591 1194 5663 δικαιοσύνην,
1221 5591 1358 5646 ἀλλὰ
1387 5592 1484 5648 καὶ
1505 5594 1571 5648 δι’
1605 5583 1778 5666 bitat.
1810 5591 1892 5665 οἷς

323 5677 485 5744 μέλλει
511 5682 822 5751 λογίζεσθαι
849 5686 962 5748 τοῖς
983 5684 1334 5738 πιστεύουσιν
1369 5683 1460 5738 ἐπὶ
1484 5684 1576 5738 τὸν
1601 5686 1892 5760 ἐγείραντα

334 5760 520 5835 Ἰησοῦν
550 5770 639 5824 τον
664 5771 874 5845 Κύριον
912 5770 1072 5842 ἡμῶν
1107 5773 1173 5827 ὲκ
1217 5773 1462 5844 νεκρῶν·
1513 5773 1573 5837 ὃς
1618 5776 1890 5848 παρεδόθη

387 5941 426 5972 ²⁹
459 5943 610 6001 Rom.
657 5949 916 6018 ιτ,1-ΙΞ⁵..
990 5951 1034 5982 '°
1068 5949 1207 6006 Ibid.
1240 5951 1421 6007 l5«l'l.
1505 5955 1545 5986 "
1590 5901 1750 6010 Item.
1780 5974 1850 6021 ιγ,
1900 5957 1988 6010 18.

2071 5044 2124 5100 3.
2144 5040 2303 5110 Quod
2326 5058 2458 5098 vero
2485 5043 2692 5098 donum
2713 5045 2942 5116 justitiue
2964 5061 3063 5118 per
3085 5043 3248 5101 ﬁdem
3281 5062 3392 5102 non
3415 5046 3482 5102 ad
3515 5063 3602 5104 so-

1998 5133 2112 5188 lum
2143 5133 2419 5190 Abraham
2465 5135 2790 5206 pertineret,
2841 5137 3061 5193 tametsi
3090 5137 3144 5193 in
3187 5137 3306 5210 ipso
3340 5137 3482 5197 facta
3530 5140 3606 5198 sit

2000 5225 2316 5296 promissio,
2341 5227 2439 5284 sed
2480 5227 2537 5283 in
2560 5242 2754 5284 omnes
2775 5227 3182 5302 quodammodo
3205 5231 3494 5290 credentes
3532 5233 3604 5288 sit

1999 5329 2398 5391 propagatum,
2451 5321 2896 5392 sapientissimus
2939 5323 3054 5396 68
3118 5325 3324 5384 Paulus
3375 5342 3598 5383 rursum

1999 5409 2309 5477 conﬁrmat,
2347 5412 2416 5468 iis
2476 5429 2600 5484 quas
2651 5415 2814 5471 modo
2879 5415 3002 5472 dixi
3052 5418 3320 5490 adjiciens
3361 5436 3374 5472 :
3426 5437 3444 5470 ι
3480 5417 3598 5472 Νοιι

2000 5511 2084 5556 est
2115 5511 2298 5558 autem
2327 5504 2597 5576 scriptum
2626 5516 2850 5579 propter
2887 5509 3066 5580 ipsum
3094 5519 3328 5574 tantum,
3357 5507 3486 5580 quia
3511 5524 3601 5563 rc-

2001 5605 2252 5666 putatum
2301 5605 2387 5652 est
2431 5599 2512 5654 illi
2555 5600 2623 5655 ad
2662 5601 2976 5673 justitiam:
3025 5601 3120 5658 sed
3146 5610 3446 5673 ctpropter
3477 5616 3598 5665 nos,

2001 5689 2206 5759 quibus
2237 5693 2588 5762 reputabitur
2613 5697 2968 5752 credentibus
2999 5699 3052 5753 in
3103 5713 3254 5762 etin),
3283 5697 3377 5768 qui
3420 5695 3598 5752 susci-

2003 5781 2352 5838 tavitJosum
2391 5785 2672 5843 Christum
2709 5789 2999 5844 Dominum
3055 5799 3305 5846 nostrum
3367 5807 3394 5844 ει
3446 5787 3620 5845 mor?
