4092 6480
389 436 507 492 ΗἹ

1433 436 1961 496 GLAPHYRORUM
2001 439 2070 494 ΙΝ
2109 439 2411 496 GENESIM
2450 439 2578 495 LIB.
2621 439 2708 495 Ill.

3598 447 3712 508 118

385 551 612 620 γένοιτό
657 567 788 610 ποτε
818 549 1011 606 τικνον
1043 551 1108 605 ἐκ
1137 549 1478 623 θεραπαίνης
1514 553 1662 618 τισὶ,
1694 551 1902 622 ψυχρόν
1944 569 2001 604 τε

2107 561 2213 621 est,
2249 553 2353 610 liet'
2367 553 2502 608 mihi
2535 552 2801 622 deinceps
2827 558 2990 606 natus
3026 565 3092 606 ex
3120 567 3276 607 serva
3310 554 3592 625 sanguinis
3618 573 3708 614 so-

390 641 492 694 καὶ
540 639 712 694 ἕωλον
752 639 815 695 τὸ
854 642 1047 713 χρῆμά
1079 658 1182 697 που
1209 641 1427 708 πάντως
1449 682 1464 706 ,
1496 643 1591 698 καί
1627 643 1728 697 οὐκ
1756 642 1823 697 ἂν
1852 643 2007 696 ὲλευ⁴

387 731 581 802 θέροις
617 733 1034 804 καταγράφοιτο
1062 732 1352 804 θυμηδίας,
1378 733 1772 806 προσαπέδειξε
1797 733 1971 803 λέγων
1987 751 2000 765 ·

398 843 416 875 ι
459 824 522 877 ’0
546 823 741 888 δὲυὶὺς
781 825 981 879 Μασὲκ
1022 827 1122 896 τῆς
1167 825 1482 896 οἱκογενοῦς
1523 845 1647 898 μου,
1689 821 1846 892 οὗτος
1895 829 2002 891 Δα-

391 913 613 983 μασκδς
648 915 917 988 Ἐλιέζερ.
955 935 976 969 ›
1027 917 1310 982 Τουτὲστι,
1347 918 1652 990 Γενήσεταί
1683 935 1772 990 μοι
1811 919 2003 978 λοιπὸν

389 1007 419 1059 6
459 1006 533 1060 ὲκ
563 1007 667 1078 τῆς
711 1007 1050 1077 οίκογενοῦς,
1095 1008 1332 1079 αἵματος
1376 1010 1609 1081 φίλημα.
1660 1010 1834 1065 Τοῦτο
1892 1011 2004 1082 γάρ

388 1098 518 1152 ἔστι
539 1098 627 1167 τὸ,
665 1101 984 1172 Δαμασκός.
999 1102 1536 1175 Καταλογισθήσεται
1557 1105 1612 1158 δὲ
1640 1105 1734 1159 καὶ
1757 1106 1838 1169 είς
1854 1105 2003 1160 ἀντί-

388 1189 561 1260 ληψιν
585 1191 678 1244 καὶ
700 1193 1028 1264 ἐπικουρίαν
1059 1193 1159 1264 τὴν
1190 1194 1342 1266 παρὰ
1363 1195 1520 1250 Θεοῦ.
1551 1196 1723 1250 Τοῦτο
1752 1198 1864 1270 γὰρ
1890 1197 2000 1252 πά-

387 1282 477 1336 λιν
511 1284 576 1337 τὸ
607 1282 851 1357 Ελιέζερ.
883 1287 1110 1357 Ὅμοιον
1135 1283 1228 1340 οὖν
1247 1287 1324 1352 ὡς
1343 1289 1392 1341 εἰ
1423 1288 1573 1356 λέγει
1607 1289 1816 1358 σαφῶςο
1857 1290 1998 1344 Ἀνθ’

393 1375 637 1445 αἵματος
656 1377 752 1430 τοῦ
782 1377 1010 1448 γνησίου
1045 1379 1137 1433 καὶ
1159 1379 1383 1452 ἀγάπης
1409 1381 1550 1451 τῆς*
1581 1381 1734 1444 αὐτὸ,
1765 1382 2001 1454 αἵματος

393 1464 615 1536 φίλημα
662 1467 759 1520 καὶ⁴
814 1467 1102 1539 ἀντίληψις
1154 1469 1188 1540 ἡ
1233 1468 1390 1538 παρὰ
1439 1469 1578 1524 Θεοῦ
1636 1471 1888 1544 καθάπερ
1941 1475 2001 1538 ἐξ

392 1559 648 1631 ἀνάγκης
692 1560 722 1612 6
761 1561 1047 1631 οἰκογενής
1089 1577 1190 1630 μου
1228 1563 1556 1630 γενήσεταιο
1595 1561 1750 1617 ἐσται
1794 1563 1852 1618 δέ
1895 1583 1999 1636 μου

394 1649 492 1704 καὶ
523 1649 887 1722 κληρονόμος.
915 1669 942 1708 .t
979 1651 1044 1704 Τί
1076 1649 1169 1706 οὖν
1207 1669 1298 1724 μοι
1322 1652 1551 1721 δὼσεις;
1594 1673 1612 1706 ο
1659 1655 1721 1708 El
1760 1656 1834 1728 μὴ
1865 1660 1998 1730 γνήσ

393 1757 514 1796 σιον
540 1739 726 1812 ἔχοιμι
745 1742 840 1796 τὸν
864 1742 1261 1814 διαδεξόμενον,
1293 1745 1400 1798 ὑπὸ
1419 1744 1611 1816 μῶμον
1641 1747 1795 1802 ἔσται
1822 1748 2000 1824 πάντῃ

390 1849 454 1886 τε
493 1833 592 1887 καὶ
626 1833 849 1898 πάντως
892 1834 922 1886 6
952 1834 1043 1899 σὸς
1083 1835 1358 1908 Ἀϐραὰμ.
1393 1830 1438 1890 ὦ
1471 1839 1748 1894 Δέσποτα.
1776 1840 1998 1896 Τέχνων

2109 644 2324 700 latium.
2350 644 2466 700 Hoc
2490 643 2640 700 enim
2655 650 2741 700 est
2775 641 3092 698 Damascus.
3125 643 3492 715 Reputabitur
3521 656 3713 704 autem

2109 736 2165 792 in
2193 737 2699 793 remunerationem
2755 743 2813 792 et
2850 737 3116 793 auxilium
3165 751 3196 791 a
3233 737 3366 792 Deo.
3401 735 3518 794 Hoc
3556 739 3718 794 enim

2107 845 2330 884 rursum
2362 840 2447 885 est
2485 830 2718 886 Eliezer.
2763 830 3000 886 Perinde
3033 830 3202 902 igitur
3242 840 3348 897 est,
3377 846 3442 886 ac
3485 831 3531 887 si
3561 831 3712 889 dicat

2105 927 2295 992 aperte
2324 939 2336 975 :
2365 921 2472 977 Pro
2501 922 2766 994 sanguine
2784 922 3030 994 legitimo
3055 930 3113 976 et
3165 936 3373 988 amore,
3407 922 3502 992 qui
3528 922 3579 978 ei
3615 924 3710 979 de-

2105 1012 2289 1080 betur,
2353 1014 2608 1069 solatium
2657 1014 2942 1084 sanguinis
2987 1022 3046 1069 et
3090 1013 3467 1069 remuneratio
3511 1029 3542 1069 a
3595 1015 3710 1070 Deo

2103 1102 2418 1161 necessario
2437 1104 2572 1158 mihi
2591 1103 2686 1160 ﬂet
2708 1104 3060 1168 vernaculus,
3085 1117 3353 1172 meusque
3377 1102 3556 1158 haeres
3577 1103 3714 1159 erit.

2111 1216 2130 1250 ι
2160 1196 2302 1264 Quid
2337 1197 2504 1268 igitur
2534 1195 2693 1251 dabis
2733 1194 2904 1249 mihi?
2933 1213 2951 1246 ι
2992 1193 3111 1248 Nisi
3132 1193 3443 1264 legitimum
3471 1194 3710 1250 habeam

2104 1300 2499 1351 successorem,
2517 1283 2870 1356 despicabilis
2883 1283 3109 1339 omnino
3130 1284 3238 1338 erit
3257 1291 3383 1339 tuus
3407 1283 3714 1352 Abraham,

2103 1377 2355 1434 Domine.
2372 1375 2552 1434 Orbus
2569 1377 2718 1434 enim
2739 1376 3000 1448 legitimis
3029 1391 3097 1432 ex
3121 1377 3296 1432 libera
3317 1375 3448 1432 ﬁliis
3466 1376 3704 1432 decedit.

2101 1467 2375 1524 Caeterum
2418 1468 2566 1523 Dens
2600 1483 2713 1523 non
2761 1467 2855 1522 diu
2902 1468 3110 1538 justum
3158 1481 3395 1523 mcerere
3432 1468 3706 1538 permisit.

2105 1559 2298 1616 Statim
2333 1561 2480 1614 enim
2527 1574 2714 1616 semen
2735 1559 2990 1631 promisit
3015 1559 3071 1614 in
3102 1559 3273 1625 Isaac,
3303 1558 3451 1630 quod
3483 1565 3540 1614 et
3574 1560 3709 1615 stel-

2101 1653 2280 1708 larum
2312 1651 2703 1707 innumerabili
2729 1650 3068 1707 multitudini
3105 1666 3202 1722 par
3226 1650 3346 1706 fore
3373 1651 3468 1705 ait.
3495 1649 3710 1706 Conﬂro

2102 1753 2216 1800 mat
2240 1753 2425 1800 autem
2461 1743 2611 1815 quod
2635 1743 3050 1800 innumerarum
3084 1744 3331 1814 gentium
3362 1755 3520 1814 pater
3563 1753 3714 1800 esset

2103 1834 2406 1901 vocandus,
2462 1835 2679 1890 etiamsi
2735 1834 2995 1890 orbitatis
3025 1843 3176 1890 metu
3212 1836 3510 1905 perculsus
3539 1843 3705 1891 esset.

391 1927 508 1998 γὰρ
543 1927 755 2000 ἔρημος
780 1906 1197 2004 ἀπαλλάττεται
1218 1906 1327 1983 τῶν
1353 1929 1625 2002 ἀληθινῶν
1647 1933 1741 1986 καὶ
1764 1933 1823 2001 ἐξ
1854 1933 2001 1988 ἐλευ-

2119 1948 2136 1981 ι
2161 1928 2410 1985 Credidit
2437 1939 2643 1994 autem,
2689 1927 2888 1999 inquit,
2916 1927 3195 1989 Abraham
3235 1929 3367 1994 Deo,
3401 1935 3457 1984 et
3483 1937 3707 1998 reputa-

390 2018 586 2090 θέρας.
638 2019 780 2073 Ἀλλ’
826 2020 888 2074 οὐ
931 2019 1124 2091 μακρὰ
1150 2021 1439 2076 λυπεῖσθαι
1478 2021 1571 2076 τὸν
1613 2022 1826 2078 δίκαιον
1856 2026 2008 2096 ἠφίει

391 2111 555 2176 Θεός.
589 2111 826 2184 Σπέρμα
869 2113 980 2185 γὰρ
1020 2113 1183 2179 εὐθὺς
1215 2114 1526 2186 ὲπήγγελτο
1551 2115 1610 2168 τὸ
1637 2117 1696 2170 ὲν
1744 2117 1954 2182 Ἰσαὰκ,
1979 2119 2007 2172 ὂ

393 2203 492 2258 καὶ
525 2203 822 2275 ἰσάριθμον
847 2202 1070 2258 ἔσεσθαί
1102 2223 1235 2277 φησι
1262 2207 1332 2277 τῇ
1369 2204 1476 2259 τῶν
1499 2205 1747 2278 ἀστέρων
1771 2207 2009 2280 ἀμετρή-

388 2313 508 2349 των
538 2295 766 2368 πληθύῖ.
791 2295 1172 2350 Διεϐεϐαιοῦτο
1198 2296 1280 2363 δὲ,
1305 2298 1388 2351 ὅτι
1417 2297 1628 2368 μυρίων
1658 2298 1800 2352 ὅσων
1835 2298 2006 2354 ἐθνῶν

393 2388 740 2460 κληθήσεται
773 2388 990 2461 πατὴρ,
1021 2390 1200 2444 καίτοι
1244 2392 1358 2454 τοῖς
1400 2392 1481 2454 εἰς
1513 2391 1770 2445 ἀπαιδίαν
1807 2394 2008 2463 ἐπτοη-

396 2479 566 2548 μένος
593 2480 839 2551 δείμασι.
872 2498 891 2532 ι
931 2479 1276 2534 Πεπίστευκε
1303 2481 1381 2546 δὲ,
1417 2485 1607 2552 φησὶν,
1646 2474 1898 2555 Ἅϐραὰμ
1927 2484 2006 2556 τῷ

391 2569 543 2642 Θεῷ,
581 2571 678 2626 καὶ
714 2571 972 2645 ἐλογίσθη
1010 2573 1162 2644 αὐτῷ
1213 2575 1294 2638 είς
1351 2575 1722 2648 δικαιοσύνην.
1765 2595 1786 2629 ι
1831 2577 2004 2649 Γέρας

390 2657 493 2716 οὖν
539 2662 657 2735 ἔχει
697 2664 800 2736 τὴν
845 2664 1227 2746 δικαιοσύνην,
1278 2668 1308 2720 6
1353 2666 1537 2722 πίστει
1570 2667 1744 2740 τιμῶν
1768 2669 1864 2724 τὸν
1895 2669 2005 2724 τῶν

394 2755 548 2810 ὅλων
571 2757 878 2829 Δεσπότην.
931 2756 1348 2829 Μεμαρτύρηκε
1400 2757 1511 2830 γὰρ
1550 2759 1638 2815 διὰ
1678 2761 1872 2817 τούτου
1895 2804 1909 2830 ,
1942 2763 2006 2816 τὺ

391 2847 585 2901 πάντα
613 2847 878 2902 δύνασθαι
897 2848 1198 2919 κατορθοῦν
1222 2849 1392 2920 αὐτῷ·
1424 2851 1453 2902 6
1475 2849 1532 2904 δὲ
1559 2850 1790 2916 ἄπιστός
1817 2869 1877 2906 τε
1910 2853 2006 2907 καὶ

392 2938 712 3012 ἀμελητὴς,
745 2939 965 3006 ἀλαζὼν
998 2939 1152 2994 ἔσται
1196 2941 1292 2996 καὶ
1334 2939 1619 3014 ὑϐριστής.
1655 2944 1914 2997 Πεσεῖται
1940 2943 2003 3014 δὴ

390 3028 492 3086 οὖν
517 3031 786 3106 ταύτῃτοι
813 3032 1004 3087 λοιπὸν
1035 3033 1132 3087 καὶ
1161 3033 1267 3086 ὑπὸ
1294 3033 1452 3104 δίκην
1478 3034 1572 3088 καὶ
1597 3033 1811 3104 λόγους.
1851 3053 1870 3088 ι
1899 3036 2002 3089 Πε-

391 3123 700 3180 τιίστευκεν
739 3121 835 3181 οὖν
878 3123 1138 3198 ’Δϐραὰμ
1184 3124 1263 3196 τῷ
1297 3124 1448 3197 Θεῷ,
1501 3126 1599 3180 καὶ
1651 3126 2003 3182 δεδικαίωται

392 3219 535 3290 παρ’
562 3217 737 3290 αὐτῷ.
780 3237 800 3272 ι
841 3219 1220 3291 Προσαπαιτεί
1248 3217 1305 3273 δὲ
1334 3220 1562 3291 σημεῖον
1594 3219 1675 3282 είς
1711 3219 2003 3290 βεϐαίωσιν

391 3311 494 3365 καὶ
520 3309 784 3382 ἀλήθειαν
798 3310 1012 3377 τῶν,ὠς
1028 3309 1268 3376 ἔσονται,
1295 3327 1546 3382 προεπηγ
1556 3309 1852 3382 γελμένων.
1873 3309 2007 3366 Εἶτα

389 3402 536 3466 Θεὸς
571 3401 936 3474 οἰκονομικῶς
971 3401 1276 3473 σκήπτεται
1307 3401 1369 3457 τὸ
1398 3403 1674 3472 ἐνώμοτον
1701 3403 2010 3458 καταδονεῖ-

391 3495 528 3551 σθαί
579 3512 696 3558 ’παυς
745 3495 885 3568 πρὸς
922 3493 1178 3566 διψυχίαν
1221 3495 1323 3549 οὐκ
1369 3495 1552 3565 ἀφιεὶς
1588 3496 1681 3550 τὸν
1712 3512 2009 3550 πεπιστευ-

391 3587 560 3642 κότα.
602 3585 923 3656 Γέγραπται
955 3585 1066 3656 γὰρ
1089 3583 1284 3650 οὕτως’
1317 3604 1336 3638 ι
1373 3582 1512 3640 Eius
1540 3587 1599 3641 δὲ
1637 3588 1776 3659 πρὸς
1802 3589 1968 3643 αὐτόν
1989 3605 2003 3620 °

406 3680 562 3750 Ἐγὼ
586 3682 615 3734 6
640 3680 774 3744 Θεὸς
801 3681 831 3734 6
857 3679 1144 3750 ἐξαγαγών
1174 3699 1232 3735 σε
1263 3683 1328 3736 ὲκ
1361 3680 1546 3752 χώρας
1571 3681 1876 3749 Χαλδαίων,
1898 3681 2008 3737 ῶσ-

390 3790 458 3827 τε
479 3771 672 3826 δοῦναί
705 3788 787 3826 σοι
825 3771 926 3843 τὴν
967 3773 1074 3842 γῆν
1115 3771 1320 3844 ταύτην
1358 3772 1770 3845 κληρονομῆσαι
1809 3775 2002 3846 αὑτήν.

390 3859 541 3918 Εἷπε
564 3863 641 3917 δέ·
672 3864 923 3919 Δέσποτα
954 3865 1150 3936 Κύριε,
1185 3864 1332 3919 κατὰ
1349 3863 1402 3917 τί
1429 3864 1715 3936 γνώσομαι
1749 3866 1832 3920 ὅτι
1872 3867 2008 3940 κλη-

393 3958 698 4028 ρονομήσω
728 3957 937 4028 αὖτήνς
976 3952 1114 4011 Eine
1162 3957 1220 4011 δὲ
1265 3955 1436 4029 αὐτῷ’
1463 3957 1617 4012 Λάϐε
1644 3975 1735 4029 μοι
1769 3958 2005 4031 δάμαλιν

391 4047 803 4120 τριετίζουσαν,
826 4050 923 4103 καὶ
937 4049 1092 4121 κριὸν
1124 4049 1486 4120 τριετίζοντα,
1515 4049 1609 4103 καὶ
1632 4051 1892 4120 τρυγόνα,
1911 4053 2006 4106 καὶ

390 4140 761 4212 περιστεράν.
821 4139 1025 4194 Ἐλαϐε
1065 4141 1122 4194 δὲ
1182 4139 1365 4212 ἑαυτῷ
1413 4143 1587 4197 ταῦτα
1654 4143 1864 4210 πάντα,
1909 4144 2006 4199 καὶ

386 4232 597 4287 διεῖλεν
629 4231 772 4286 αὐτὰ
791 4233 954 4304 μέσα,
975 4233 1070 4288 καὶ
1087 4233 1285 4304 ἔθηκεν
1307 4234 1702 4306 ἁντιπρόσωπα
1725 4236 2000 4307 ἀλλήλοις.

386 4325 477 4378 Τὰ
491 4324 550 4378 δὲ
563 4323 728 4396 ὄρνεα
746 4324 807 4378 οὐ
819 4324 1003 4380 διεῖλε.
1035 4324 1260 4396 Κατὲϐη
1275 4324 1334 4378 δὲ
1362 4324 1525 4397 ὖρνεα
1547 4326 1643 4380 ἐπὶ
1660 4327 1728 4382 τὰ
1747 4325 2000 4398 σώματα,

384 4417 489 4471 ἐπὶ
508 4415 581 4470 τὰ
601 4415 1022 4489 διχοτομὴματα
1053 4415 1234 4471 αὐτῶν
1254 4434 1268 4448 ⁸
1301 4417 1397 4472 καὶ
1431 4417 1789 4473 συνεκάθισεν
1817 4419 2003 4482 αὐτοῖς

398 4509 690 4582 Ἀϐραάμ.
710 4511 848 4582 Περὶ⁵
870 4510 928 4564 δὲ
950 4511 1104 4582 ἡλίου
1139 4510 1374 4581 δυσμὰς,
1398 4509 1655 4576 ἔκστασις
1685 4511 1881 4566 ἔπεσεν
1910 4511 2003 4566 ἐπὶ

384 4601 488 4656 τὸν
537 4601 822 4674 Ἀϐραὰμ,
849 4603 945 4658 καὶ
979 4604 1089 4658 ἰδοὺ
1125 4603 1291 4673 φόϐος
1310 4603 1586 4667 σκοτεινὸς
1615 4605 1792 4676 μέγας
1809 4605 1999 4659 ἐπιπί-

2110 2032 2229 2077 ιυηι
2251 2030 2338 2080 est
2359 2022 2412 2077 ei
2434 2021 2503 2076 ad
2547 2021 2871 2092 justitiam.»
2890 2021 3183 2076 Praemium
3211 2021 3394 2091 itaque
3411 2019 3593 2076 aufert
3615 2021 3712 2092 ju-

2110 2114 2344 2181 stitiam,
2373 2113 2479 2169 ﬁde
2507 2115 2893 2168 universorum
2918 2113 3210 2168 Dominum
3229 2111 3710 2168 eolens.Testatus

2107 2207 2258 2261 enim
2309 2217 2394 2263 est
2444 2221 2544 2278 per
2596 2206 2703 2262 hoc
2754 2206 2956 2276 ipsum,
3003 2205 3188 2260 omnia
3235 2214 3497 2274 praestare
3543 2214 3708 2274 atque

2108 2298 2324 2355 eﬂicere
2345 2313 2528 2369 posse.
2568 2297 2890 2354 lncredulus
2908 2313 3042 2354 vero
3069 2305 3125 2353 et
3160 2306 3510 2368 contemptor
3556 2311 3711 2352 arro-

2108 2404 2244 2462 gans
2267 2389 2438 2444 fuerit
2461 2405 2525 2444 ac
2545 2388 3016 2457 contumeliosus;
3048 2388 3248 2443 merito
3270 2389 3456 2459 itaque
3487 2403 3711 2460 pcenam

2107 2500 2173 2540 ac
2204 2483 2539 2556 supplicium
2579 2483 2848 2538 incurret.
2891 2501 2910 2534 ι
2953 2481 3202 2538 Credidit
3237 2481 3406 2554 igitur
3431 2481 3714 2537 Abraham

2107 2577 2242 2643 Deo,
2267 2586 2322 2632 et
2342 2575 2674 2649 justiﬁeatus
2696 2584 2782 2630 est
2802 2574 2872 2630 ab
2888 2590 2974 2631 eo.
2998 2594 3017 2627 ι
3037 2573 3256 2645 Repetit
3281 2583 3464 2629 autem
3491 2572 3709 2644 signum

2107 2670 2166 2725 in
2191 2669 2668 2725 conﬁrmationem
2709 2682 2774 2724 ac
2811 2667 3101 2723 veritatem
3141 2667 3252 2737 70
3282 2666 3706 2737 promissorum.

2107 2764 2254 2819 Deus
2275 2779 2408 2835 ergo
2449 2761 2714 2834 singulari
2765 2761 2997 2817 consilio
3038 2761 3412 2831 juramentum
3459 2756 3706 2820 adhibet,

2107 2871 2178 2911 ne
2217 2855 2286 2921 is,
2308 2856 2527 2927 quijam
2549 2853 2884 2919 crediderat,
2913 2852 3098 2908 animo
3119 2852 3422 2907 vacillaret.
3457 2851 3534 2905 lta
3559 2849 3712 2904 enim

2106 2944 2376 3014 scriptum
2402 2950 2487 2998 est
2515 2961 2527 2996 :
2565 2961 2584 2993 ι
2616 2943 2764 2997 Dixit
2799 2949 2983 2998 autem
3010 2941 3078 2997 ad
3112 2957 3239 2996 eum
3267 2959 3280 2996 :
3307 2941 3420 3012 Ego
3443 2941 3590 2996 Deus
3614 2941 3710 3010 qui

2106 3036 2272 3093 eduxi
2312 3045 2365 3092 te
2394 3035 2463 3091 de
2493 3033 2571 3090 Ur
2603 3035 2825 3106 regione
2851 3033 3254 3099 Chaldaeorum,
3284 3041 3345 3088 ut
3369 3033 3558 3088 darem
3608 3032 3710 3090 tibi

2107 3138 2314 3185 terram
2357 3129 2501 3184 hanc
2565 3128 2916 3184 hmreditare.
2959 3127 3049 3183 Ait
3111 3135 3296 3182 autem
3331 3144 3345 3182 :
3387 3125 3711 3183 Dominator

2107 3221 2341 3278 Domine
2373 3222 2538 3287 Deus,
2579 3219 2884 3277 secundum
2913 3220 3046 3291 quid
3085 3219 3257 3275 sciam
3294 3218 3442 3290 quod
3470 3218 3708 3275 διετειὶί-

2110 3312 2238 3369 tabo
2263 3314 2424 3369 eam?
2448 3313 2595 3368 Dixit
2615 3321 2798 3368 autem
2817 3312 2866 3368 ei
2885 3330 2896 3365 :
2913 3311 3113 3382 Accipe
3130 3310 3266 3365 mihi
3287 3309 3711 3376 vitulumtrien—

2108 3419 2260 3472 nem,
2295 3416 2353 3462 et
2392 3421 2618 3478 caprum
2655 3405 2950 3469 triennem,
2986 3413 3042 3459 et
3083 3403 3311 3458 arietem
3357 3401 3604 3467 trimum,
3653 3407 3712 3457 et

2110 3503 2384 3553 turturem
2414 3505 2471 3552 et
2491 3495 2825 3552 columbam.
2853 3495 2922 3548 Et
2948 3494 3162 3564 accepit
3189 3492 3298 3548 sibi
3339 3491 3525 3548 omnia
3550 3490 3669 3548 haec
3694 3507 3705 3541 :

2107 3598 2165 3645 et
2184 3589 2375 3645 divisit
2396 3605 2461 3645 ea
2477 3588 2678 3654 media,
2696 3596 2758 3644 et
2770 3586 2956 3658 posuit
2976 3601 3040 3642 ea
3065 3585 3341 3640 contraria
3361 3585 3429 3640 ad
3448 3584 3706 3641 invicem.

2108 3682 2178 3738 At
2205 3698 2336 3738 aves
2371 3698 2482 3739 non
2517 3681 2727 3737 divisit.
2772 3679 3189 3736 Descenderunt
3218 3687 3403 3734 autem
3454 3674 3710 3733 volucres

2107 3792 2274 3848 supra
2305 3791 2536 3846 corpora
2581 3783 2640 3830 et
2667 3773 2971 3828 divisiones
2996 3787 3211 3837 eorum,
3239 3779 3296 3826 et
3313 3770 3458 3826 sedit
3483 3785 3608 3824 cum
3625 3769 3707 3825 eis

2107 3870 2404 3926 Abraham.
2435 3868 2592 3924 Circa
2631 3875 2816 3923 autem
2848 3865 2982 3922 solis
3006 3879 3261 3920 occasum
3303 3863 3537 3919 exstasis
3559 3861 3706 3918 ceci-

2105 3960 2190 4016 dit
2215 3975 2382 4030 supra
2421 3959 2721 4025 Abraham,
2759 3965 2817 4012 et
2843 3972 2971 4013 ecce
3003 3956 3194 4026 caligo
3221 3955 3514 4010 tenebrosa
3545 3953 3708 4010 irruit

2107 4051 2164 4106 in
2194 4067 2354 4119 eum;
2401 4058 2459 4106 et
2505 4052 2715 4107 dictum
2755 4057 2842 4106 est
2888 4049 2956 4104 ad
3011 4048 3288 4104 Abraham
3319 4045 3709 4118 :Cognoscens

2105 4145 2266 4210 scies,
2297 4143 2445 4215 quod
2488 4143 2842 4215 peregrinum
2885 4141 2993 4196 erit
3037 4155 3226 4196 semen
3260 4147 3418 4194 tuum
3454 4139 3510 4194 in
3559 4148 3712 4195 terra-

2103 4254 2215 4294 non
2242 4253 2361 4302 sua,
2392 4247 2450 4293 et
2486 4237 2785 4308 subjicient
2812 4233 3070 4291 servituti
3110 4249 3228 4297 eos,
3253 4242 3310 4288 et
3339 4232 3602 4304 alﬂigent,
3649 4241 3708 4288 et
3767 4289 3776 4292 _

2105 4329 2476 4384 humiliabunt
2500 4329 2661 4383 annis
2675 4327 3094 4398 quadringentis
3117 4343 3131 4378 :
3149 4334 3206 4379 et
3219 4333 3460 4395 gentem,
3479 4324 3569 4380 cui
3583 4340 3705 4379 ser-

2102 4421 2277 4484 vient,
2321 4435 2425 4491 ego
2470 4419 2749 4490 iudicabo.
2793 4419 2922 4474 Post
2971 4417 3088 4472 haec
3115 4423 3300 4470 autem
3349 4415 3706 4485 egredientnr

2104 4514 2214 4569 huc
2243 4528 2370 4568 cum
2395 4509 2725 4582 supellectili
2747 4509 2940 4564 multa.
2970 4507 3050 4562 Tu
3082 4515 3266 4562 autem
3295 4506 3401 4562 ibis
3426 4506 3492 4561 ad
3520 4515 3706 4577 patres

2106 4615 2231 4662 tuos
2253 4619 2380 4660 cum
2413 4618 2571 4675 pace,
2603 4603 2854 4674 sepultus
2891 4602 2948 4657 in
2981 4608 3267 4657 senectute
3303 4601 3466 4656 bona.
3497 4601 3705 4669 Quarta

383 4710 525 4748 πτει
571 4692 765 4766 αὐτῷη
793 4695 906 4748 Καὶ
942 4694 1145 4767 ἐρρέθη
1185 4695 1323 4764 πρδς
1369 4694 1646 4767 Ἀϐραάμ·
1701 4696 1999 4752 Γινώσκων

2104 4709 2287 4754 autem
2319 4696 2674 4768 generatione
2707 4701 3057 4752 revertentur
3099 4693 3228 4749 huc.
3255 4693 3512 4749 Nondum
3554 4693 3702 4749 enim

383 4785 709 4857 Tltbdn,5‘:t
744 4786 1009 4859 πάροικον
1032 4786 1188 4841 ἔσται
1223 4787 1285 4840 τδ
1313 4788 1539 4863 σπέρμα
1578 4806 1672 4842 σου
1702 4790 1766 4843 ὲν
1791 4792 1862 4861 γῇ
1895 4790 1998 4846 οὒκ

385 4879 524 4948 ἰδίᾳ,
547 4877 645 4932 καὶ
661 4877 1024 4932 δουλώσουσιν
1047 4879 1267 4945 αὐτοὺς,
1292 4881 1388 4935 καὶ
1415 4881 1762 4935 κακώσουσιν
1791 4882 1995 4947 αὐτοὺς

379 4971 487 5040 ετη
517 4970 872 5040 τετρακόσια.
912 4971 986 5025 T6
1019 4971 1076 5026 δὲ
1105 4972 1259 5036 ἔθνος
1289 4966 1334 5042 ᾧ
1367 4974 1466 5028 ἐὰν
1495 4973 1846 5041 δουλεύσωσι,
1875 4994 1997 5047 κρι-

378 5062 464 5116 νῶ
490 5060 624 5130 ἐγώ.
656 5062 814 5116 Μετὰ
847 5063 905 5117 δὲ
943 5062 1120 5120 ταῦτα
1149 5063 1528 5130 ἐξελεύσονται
1559 5061 1662 5122 ὧδε
1696 5068 1837 5139 μετὰ
1857 5069 1996 5122 ἁπο-

379 5153 598 5225 σκευῆς
629 5154 854 5226 πολλῆς.
884 5157 957 5210 Σὺ
990 5157 1047 5210 δὲ
1081 5157 1365 5232 ἀπελεύσῃ
1409 5159 1546 5232 πρὸς
1579 5160 1711 5224 τοὺς
1750 5159 1996 5232 πατέρας

378 5264 484 5301 σου
524 5247 646 5318 μετ’
681 5248 932 5321 εἰρήνης,
967 5250 1200 5322 τραφεὶς
1234 5252 1294 5306 ὲν
1333 5252 1496 5324 γήρει
1542 5253 1716 5325 καλῷ.
1745 5253 1996 5326 Τετάρτῃ

375 5337 438 5391 δὲ
483 5337 674 5408 γενεᾷ,
715 5339 1242 5412 ἀποστραφήσονται
1280 5339 1405 5398 ὦδε.
1450 5339 1619 5396 Οὔπω
1655 5342 1765 5415 γὰρ
1799 5343 1999 5397 ἀναπε-

376 5430 710 5503 πλήρωνται
766 5433 826 5486 αἱ
874 5433 1148 5506 ἁμαρτίαι
1191 5433 1302 5489 τῶν
1349 5434 1697 5508 ’Δμορῤαίων
1751 5435 1856 5500 ἕως
1896 5437 1996 5491 τοῦ

375 5523 501 5578 νῦν.
546 5523 772 5596 Ἐπειδὴ
814 5524 873 5578 δὲ
915 5525 1136 5596 ἐγένετο
1168 5529 1196 5582 6
1228 5528 1382 5599 ἥλιος
1419 5527 1556 5600 πρὸς
1588 5528 1820 5600 δυσμὰς,
1858 5528 1990 5598 φλὸξ

375 5613 626 5682 ἐγένετο.
659 5616 775 5683 καὶ
811 5616 924 5671 ἰδοὺ
955 5616 1212 5684 κλίϐανος
1246 5619 1667 5692 καπνιζόμενος,
1710 5620 1806 5674 καὶ
1844 5621 1988 5693 λαμ-

376 5705 554 5771 πάδες
588 5706 787 5781 πυρὸς,
822 5706 882 5782 αἳ
940 5707 1157 5780 διῆλθον
1205 5711 1309 5766 ἀνὰ
1351 5711 1521 5782 μέσον
1561 5712 1669 5766 τῶν
1702 5712 1988 5784 διχοτομη-

452 5886 502 5920 ³³
529 5884 671 5949 Gen.
709 5905 800 5953 xv,
838 5885 994 5944 7-18.

2101 4791 2389 4861 completa:
2405 4798 2536 4845 sunt
2549 4789 2870 4859 iniquitates
2881 4787 3329 4842 Amorrhaaorum
3348 4801 3521 4857 usque
3533 4800 3700 4842 nunc.

2101 4883 2396 4952 Postquam
2439 4888 2628 4937 autem
2669 4880 2781 4952 iam
2807 4879 2910 4933 fuit
2935 4880 3016 4934 sol
3060 4877 3127 4934 ad
3165 4893 3445 4942 occasum,
3485 4876 3702 4931 ﬂamma

2099 4968 2244 5024 facta
2281 4977 2384 5024 est.
2411 4968 2481 5024 Et
2506 4984 2636 5024 ecce
2665 4966 2917 5024 clibanus
2935 4966 3172 5030 fumans,
3195 4975 3253 5021 et
3275 4974 3549 5021 venerunt
3566 4965 3704 5021 lam-

2098 5061 2268 5132 pades
2294 5061 2456 5132 ignis,
2478 5077 2601 5130 quae
2613 5059 2950 5115 transierunt
2969 5073 3068 5128 per
3102 5057 3346 5112 medium
3364 5056 3700 5112 divisionum

2100 5149 2334 5204 istarum
2362 5150 2428 5203 ³⁸.
2459 5167 2477 5201 ι
2509 5148 2782 5204 ϐείω-οη]
2807 5162 3058 5217 quaenam
3093 5146 3164 5201 sit
3185 5162 3378 5202 eorum
3406 5165 3529 5219 qua:
3554 5148 3696 5204 facta

2097 5253 2229 5299 sunt
2269 5243 2430 5308 ratio,
2473 5241 2714 5298 studiosi
2758 5240 3212 5307 considerabunt,
3255 5249 3315 5298 et
3335 5241 3697 5316 jurisiurandi

2097 5336 2324 5392 modum
2343 5345 2600 5391 accurate
2623 5334 2926 5405 inquirent,
2946 5333 3079 5405 quid
3100 5334 3206 5390 sibi
3225 5333 3400 5391 frusta
3421 5337 3537 5391 sive
3552 5335 3694 5391 divi-

2096 5429 2283 5484 siones
2319 5428 2511 5494 velint,
2542 5428 2963 5498 interrogantes,
3001 5426 3136 5498 quid
3173 5427 3338 5483 etiam
3382 5427 3565 5482 avium
3595 5444 3697 5483 vo.

2098 5523 2246 5579 latus
2263 5531 2320 5577 et
2349 5521 2404 5576 in
2426 5521 2578 5592 ipsas
2592 5537 2918 5586 concursus,
2941 5521 3079 5592 quid
3099 5537 3232 5578 vero
3246 5520 3394 5593 quod
3417 5519 3690 5578 Abraham

2099 5633 2223 5672 cum
2250 5617 2332 5672 eis
2360 5615 2570 5681 sedeat,
2593 5616 2727 5688 quid
2749 5617 2917 5672 etiam
2951 5615 3168 5672 ﬂamma
3206 5631 3305 5686 per
3337 5613 3583 5670 medium
3607 5614 3692 5672 d2-

2100 5711 2375 5767 visionnm
2403 5709 2697 5766 transiens.
2729 5709 3081 5781 Explicemus
3110 5709 3315 5778 itaque.
