4092 6512
391 444 493 505 H3

1428 441 1800 498 S..CYRILLl
1842 443 2316 501 ALEXANDle
2356 445 2673 502 ABCHlEP.

3506 432 3513 437 '
3565 430 3675 506 {eo

389 557 582 629 ptith
642 554 867 611 τούτων.
915 573 932 607 ι
984 552 1147 608 Ἀλλά
1205 552 1257 606 τί
1325 553 1389 624 δὴ
1430 544 1650 615 πάντως
1679 554 1798 607 ἐστὶ
1842 554 1905 608 τὸ
1935 554 2330 624 γεγενημένον,
2371 558 2399 609 ὀ
2457 555 2767 628 φιλομαθὴς
2818 554 3247 625 κατασκέψεται,
3295 556 3391 611 καὶ
3438 555 3532 611 τόν
3569 556 3669 628 τῆς

386 644 734 718 ὁρκωμοσίας
782 644 1203 716 περιεργάσεται
1248 641 1471 711 τρόπον·
1537 642 1592 695 τί
1654 643 1722 697 ἂν
1757 642 2034 714 βούλοιντο
2071 643 2268 715 δηλοῦν
2302 644 2375 698 τά
2426 646 2864 718 διχοτομήματα,
2904 646 3113 715 λέγων,
3152 647 3204 700 τί
3235 646 3290 700 δὲ
3320 646 3431 701 τῶν
3466 646 3669 718 ὀρνέων

388 741 420 809 ἡ
462 738 679 809 πτῆσις,
711 737 804 790 καὶ
830 735 899 789 τὰ
930 738 1017 790 ἐπ’
1050 734 1193 789 αύτὰ
1230 734 1538 806 συνδρομή·
1571 734 1625 788 τί
1670 734 1730 789 δὲ
1770 735 1837 808 δὴ
1874 732 1942 791 αὖ
1983 737 2078 790 καὶ
2142 738 2175 808 ἡ
2232 737 2329 793 τοῦ
2371 737 2626 811 Ἀϐραὰμ
2660 737 3027 809 συγκάθησις,
3073 736 3128 791 τί
3167 737 3225 791 δὲ
3260 739 3352 792 καὶ
3404 740 3440 811 ή
3467 737 3599 807 φλὸξ
3634 739 3668 811 ή

391 832 676 903 διᾴττουσα
711 832 873 901 μέσον
893 830 999 883 τῶν
1028 829 1504 899 διχοτομημάτων.
1544 828 1969 900 Ἀφηγησόμεθα
2004 829 2069 901 δὴ
2098 826 2214 886 οὖν.

461 928 511 982 ὀ.
536 925 695 997 Apud
716 924 1308 995 Chaldmosjuramenti
1335 940 1468 980 usus
1482 924 1606 991 fuit,
1631 941 1731 996 per
1743 924 1985 981 medium

2181 928 2246 982 δ’.
2287 928 2627 997 Ἀναγκαίως
2648 927 2810 999 ὅρκου
2835 927 3024 1000 χρείαν
3046 927 3282 1000 ἐπλήρου
3298 926 3588 990 Χαλδαίοις
3606 926 3670 981 τὸ

389 1020 732 1083 animalium,
771 1032 892 1088 qua:
918 1016 974 1070 in
1009 1014 1149 1071 duas
1186 1025 1374 1086 partes
1405 1016 1631 1072 discissa
1660 1024 1867 1081 essent,
1903 1017 1984 1071 in-

389 1111 610 1175 cedere,
630 1109 880 1165 dicentes
903 1107 1311 1178 quodammodo
1335 1107 1480 1163 facto
1498 1107 1638 1178 ipso,
1665 1108 1771 1164 hoc
1785 1117 1978 1179 pacto:

388 1203 467 1257 Ne
514 1201 642 1257 ﬁam
692 1208 754 1255 ut
799 1199 937 1255 haec.
969 1197 1113 1253 Cum
1175 1198 1364 1269 itaque
1413 1197 1705 1255 Chaldaeus
1760 1199 1983 1254 natione

389 1299 536 1348 esset
574 1291 875 1355 Abraham,
923 1297 980 1344 et
1005 1303 1202 1345 recens
1231 1290 1408 1359 patria
1450 1289 1802 1354 excessisset,
1838 1290 1984 1344 Deus

388 1388 653 1437 consueto
675 1379 908 1436 lmderis
941 1393 1095 1434 more
1117 1378 1198 1434 uti
1220 1379 1405 1449 jussit,
1439 1388 1604 1449 atque
1631 1394 1738 1434 una
1776 1378 1984 1436 Christi

390 1474 717 1546 mysterium
755 1473 812 1527 in
843 1472 931 1536 iis,
955 1488 1079 1542 qua:
1110 1471 1581 1536 sacriﬁcabantur,
1610 1472 1843 1542 pulchre
1877 1472 1983 1526 im-

389 1564 605 1634 plicuit.
630 1563 770 1620 Cum
794 1578 926 1619 vero
950 1563 1006 1617 in
1033 1572 1177 1618 terra
1212 1577 1450 1633 expansa
1483 1570 1670 1617 essent
1689 1561 1885 1626 frusta,
1919 1576 1985 1616 ae

390 1658 536 1713 Deus
558 1673 660 1729 per
691 1656 935 1711 medium
958 1656 1293 1711 transiturus
1315 1664 1480 1720 esset,
1516 1656 1721 1717 multae.
1756 1656 1859 1725 71
1897 1656 1984 1711 in-

388 1746 528 1816 quit,
551 1761 683 1801 aves
694 1745 839 1801 adea
855 1738 1275 1810 concurrerunt,
1292 1753 1348 1800 et
1367 1744 1573 1800 assedit
1588 1744 1671 1799 eis
1683 1744 1983 1831 Abraham,

393 1836 498 1891 hoc
527 1842 612 1891 est
636 1835 885 1890 assidens
908 1834 1225 1900 custodivit,
1252 1851 1322 1890 ne
1363 1834 1622 1891 damnum
1652 1836 1721 1892 iis
1752 1836 1984 1892 inferre-

392 1934 504 1993 tur,
538 1942 677 1982 neve
700 1943 787 1992 ea,
816 1942 940 1996 qua:
961 1926 1030 1982 ad
1070 1926 1370 1998 juramenti
1396 1943 1556 1982 usum
1588 1928 1785 1983 collata
1804 1934 1983 2003 erant,

392 2015 690 2072 immundis
737 2016 934 2072 avibus
984 2018 1041 2072 in
1090 2018 1330 2087 pmdam
1379 2017 1629 2087 exposita
1680 2025 1885 2087 essent.
1917 2018 1989 2073 At

394 2126 520 2166 vero
550 2110 655 2166 sub
679 2126 939 2166 occasum
985 2110 1141 2175 solis,
1187 2110 1387 2180 inquit,
1449 2110 1727 2166 Abraham
1783 2111 1986 2167 εχειοοί

2083 1018 2172 1072 διὰ
2205 1018 2370 1090 μέσον
2408 1017 2662 1072 ίέναιτῶν
2688 1017 3155 1089 διχοτομηθέντων
3168 1016 3342 1083 ζώων,
3363 1017 3456 1071 καὶ
3478 1018 3663 1073 οἱονεί-

2084 1125 2198 1173 πως
2245 1110 2550 1179 ἀναφωνεῖν
2596 1108 2663 1163 δι’
2705 1107 2871 1161 αὑτοῦ
2907 1107 3002 1161 τοῦ
3044 1107 3323 1179 δρωμένου
3371 1106 3537 1161 οὕτω⁹
3572 1106 3664 1178 Μὴ

2081 1201 2342 1272 γενοίμην
2382 1201 2457 1264 ὡς
2480 1201 2631 1255 τάδε.
2673 1200 2926 1272 Χαλδαίῳ
2954 1199 3020 1271 δὴ
3057 1196 3152 1254 οὖν
3179 1200 3241 1252 τδ
3282 1199 3438 1268 γένος
3490 1198 3668 1270 ὑπάρ-

2085 1291 2322 1363 χοντιτῷ
2350 1291 2623 1363 Ἀϐραὰμ,
2651 1291 2746 1345 καὶ
2775 1292 2898 1363 ἄρτι
2918 1291 3016 1363 τῆς
3048 1291 3377 1363 ἐνεγκούσης
3398 1290 3662 1353 ὲκθέοντι,

2082 1385 2150 1438 τὰ
2187 1384 2392 1456 συνήθη
2423 1383 2554 1455 δρᾷν
2581 1384 2676 1436 ἐπὶ
2712 1386 2826 1448 τοῖς
2858 1383 3046 1456 ὅρκοις
3076 1382 3363 1435 ἐκέλευσεν
3392 1382 3665 1452 οίκονομι-

2085 1476 2197 1541 κῶς
2241 1476 2271 1528 ὀ
2320 1476 2430 1529 τῶν
2468 1475 2603 1529 ὅλων
2642 1475 2953 1546 Δεσπότης,
2990 1472 3308 1527 ἀναπλέκων
3345 1471 3577 1535 ἀστείως
3607 1472 3665 1524 ὲν

2084 1570 2195 1631 τοῖς
2230 1564 2548 1638 τεθυμένοις
2591 1568 2652 1619 τὸ
2695 1564 2936 1637 Χριστοῦ
2977 1565 3293 1636 μυστήριον.
3345 1561 3563 1634 Ἐπειδὴ
3606 1560 3664 1615 δὲ

2087 1661 2167 1723 εἰς
2207 1659 2311 1731 γῆν
2364 1657 2562 1729 ἑφεξῆς
2596 1656 2834 1729 ήπλοῦτο
2880 1657 3067 1710 λοιπὸν
3112 1656 3181 1709 τὰ
3223 1655 3663 1725 διχοτομήματα,

2086 1751 2287 1805 ὡσανεὶ
2305 1751 2587 1822 μέλλοντος
2602 1749 2687 1804 διὰ
2720 1750 2882 1819 μέσον
2909 1750 3107 1819 χωρεῖν
3123 1748 3216 1802 τοῦ
3243 1745 3402 1813 Θεοῦ,
3439 1745 3665 1818 Ὄρνεα,

2088 1843 2274 1915 φησιν,
2309 1841 2396 1895 ἐπ’
2425 1841 2566 1896 αύτά
2602 1840 2813 1895 συνέθει
2846 1840 3037 1904 πολλὰ,
3058 1840 3150 1894 καί¹
3184 1837 3535 1892 συνεκάθισεν
3565 1828 3666 1891 αὖ·

2086 1940 2197 2001 τοῖς
2249 1934 2522 2007 Ἀϐραάμ.
2557 1933 2849 1998 Τουτέστι,
2889 1933 3191 2005 περιζήσας
3226 1929 3553 2002 ἐφύλαττεν,
3577 1928 3667 1982 ίνα

2092 2028 2167 2099 μή
2206 2044 2261 2080 τι
2300 2026 2512 2096 γένοιτο
2552 2023 2768 2097 βλάϐος,
2809 2024 2905 2077 καὶ
2941 2024 3053 2086 τοῖς
3085 2021 3415 2092 ἀκαθάρτοις
3441 2019 3547 2074 τῶν
3572 2018 3666 2091 ὀρ-

2088 2118 2226 2183 νέων
2246 2114 2563 2189 προκέοιντο
2582 2116 2755 2187 τροφὴ
2782 2115 2852 2170 τὰ
2866 2116 2945 2179 είς
2955 2115 3117 2186 ὅρκου
3134 2115 3325 2187 χρείαν
3342 2128 3670 2194 παρενηνεγ-

389 2208 447 2258 et
466 2210 617 2257 metu
641 2209 934 2273 correptus
969 2209 1072 2257 est.
1100 2201 1358 2269 Quaenam
1387 2210 1574 2257 autem
1612 2217 1805 2257 rursus
1824 2203 1988 2274 hujus

2092 2208 2249 2279 μένα.
2284 2209 2420 2278 Περὶ
2457 2207 2513 2261 δὲ
2537 2206 2746 2279 δυσμάς
2776 2207 2951 2277 ήλίου,
2989 2207 3173 2278 φησὶν,
3221 2223 3241 2258 ι
3292 2203 3547 2267 ἔκστασις
3574 2203 3669 2257 καὶ

392 2293 470 2348 rei
510 2292 727 2349 occasio
771 2290 961 2359 fuerit,
1008 2292 1188 2348 dicam
1226 2293 1409 2364 quoad
1458 2301 1671 2363 potero.
1717 2293 1986 2350 Chaldaeis

2090 2274 2253 2369 φόϐος
2301 2274 2585 2353 ἐπιπίπτει
2759 2274 3091 2370 Ἁϐραάμ.-)
3134 2295 3245 2349 Καὶ
3278 2293 3362 2357 τίς
3394 2293 3462 2348 ἂν
3498 2295 3671 2348 νοοῖτο

389 2399 510 2440 mos
531 2393 654 2441 erat
681 2392 942 2455 receptus
985 2385 1171 2441 avium
1220 2384 1433 2440 volatus
1487 2394 1744 2449 accurate
1789 2386 1985 2441 obser-

391 2491 547 2531 vare.
586 2475 845 2532 Permisit
873 2475 1056 2546 itaque
1103 2474 1488 2530 universorum
1531 2473 1796 2531 Dominus
1834 2483 1984 2531 certa

392 2567 631 2633 ratione,
668 2583 735 2623 ex
764 2568 835 2623 iis
870 2583 994 2637 quae
1038 2566 1369 2637 quibusdam
1411 2566 1582 2622 moris
1611 2575 1733 2622 erat
1777 2566 1981 2632 facere,

294 2728 305 2733 _
391 2653 582 2709 doceri
628 2653 835 2709 futura.
863 2654 1223 2726 Congregatis
1280 2655 1467 2725 itaque
1498 2670 1665 2726 supra
1706 2664 1985 2726 segmenta

389 2745 604 2811 avibus,
639 2745 926 2815 perculsus
959 2756 1043 2802 est
1066 2756 1217 2802 metu
1243 2746 1544 2813 Abraham,
1576 2747 1799 2818 ignarus
1818 2748 1986 2804 nimi-

393 2853 537 2903 rum,
571 2853 681 2908 quo
703 2846 798 2894 aut
833 2839 890 2893 in
916 2853 1058 2909 quos
1105 2837 1321 2909 signum
1352 2838 1459 2894 hoc
1482 2838 1753 2894 tenderet.
1785 2840 1985 2895 Malum

392 2930 538 2984 enim
565 2929 1011 2999 ipsividebatnr,
1038 2930 1372 3000 anxiumque
1392 2930 1569 3000 ipsum
1592 2946 1657 2985 ac
1688 2930 1985 2987 sollicitum

393 3020 677 3086 reddebat,
736 3021 1138 3091 impurissimas
1196 3037 1326 3079 aves
1381 3022 1665 3078 sacriﬁciis
1707 3022 1983 3079 advolare.

392 3112 693 3169 inmundae
733 3114 878 3169 enim
928 3113 1044 3169 fere
1110 3122 1240 3169 sunt
1290 3130 1420 3168 aves
1475 3114 1796 3170 carnivorae.
1847 3114 1986 3170 Cum

390 3204 574 3274 itaque
603 3203 827 3274 proprio
863 3202 1029 3272 capiti
1070 3210 1363 3267 metueret,
1390 3218 1460 3256 ne
1493 3201 1547 3255 in
1584 3203 1764 3271 ipsum
1798 3219 1889 3259 res
1923 3218 1988 3258 ea

392 3302 665 3364 vergeret,
702 3293 1074 3349 sollicitudine
1110 3293 1202 3347 illa
1233 3300 1397 3362 atque
1421 3308 1625 3364 angore
1658 3293 1813 3349 illum
1852 3295 1991 3350 libe-

395 3391 498 3440 rat.
544 3406 562 3437 ι
590 3386 780 3457 Neque
823 3386 973 3441 enim
1007 3384 1255 3449 venient,
1305 3383 1506 3452 inquit,
1569 3399 1736 3455 super
1781 3391 1833 3441 te
1867 3402 1990 3456 qua:

396 3478 609 3533 vereris
636 3496 649 3532 :
672 3494 1010 3549 cognoscens
1031 3486 1218 3533 autem
1266 3476 1427 3541 scies,
1454 3476 1600 3546 quod
1638 3479 1987 3549 peregrinum

393 3570 710 3626 critsemen
738 3581 893 3626 tuum
920 3571 975 3625 in
1004 3578 1150 3625 terra
1185 3568 1365 3622 aliena
1398 3567 1465 3620 ³³.
1510 3588 1527 3619 ι
1563 3569 1633 3625 Et
1667 3570 1826 3626 multi
1862 3571 1988 3641 qui-

395 3664 520 3720 dem
543 3672 729 3730 erunt,
772 3663 1033 3719 infestare
1060 3662 1332 3725 volentes,
1372 3677 1608 3732 quorum
1639 3671 1800 3742 typus
1830 3671 1991 3718 erant

395 3771 525 3812 aves
539 3754 828 3812 sacriﬁciis
843 3754 1181 3810 advolantes.
1203 3753 1472 3813 Caeterum
1494 3770 1687 3824 parum
1704 3765 1986 3820 nocentes,

397 3862 588 3919 [muas
622 3848 798 3903 luent.
846 3866 864 3898 ι
920 3847 1000 3901 Tu
1041 3861 1174 3901 vero
1209 3845 1445 3901 decedes
1492 3846 1560 3903 ad
1607 3856 1792 3917 patres
1845 3854 1988 3912 tuos,

397 3941 650 4011 sepultus
715 3940 774 3996 in
836 3949 1119 3995 senectute
1164 3940 1327 3995 bona.
1382 3959 1402 3991 ι
1452 3940 1659 3996 Deinde
1700 3940 1798 4006 ait,
1843 3940 1990 4010 quod

399 4034 504 4089 sub
527 4048 783 4089 occasum
810 4032 947 4090 solis
975 4052 993 4085 ι
1026 4032 1240 4099 ﬂanima
1258 4032 1398 4104 ignis
1419 4041 1476 4088 et
1508 4032 1762 4088 clibanus
1778 4041 1837 4088 et
1860 4034 1994 4087 lam-

398 4124 568 4195 pades
596 4123 938 4179 transierunt
969 4139 1069 4195 per
1100 4123 1343 4179 medium
1379 4122 1736 4178 divisionum.
1768 4141 1789 4175 ι
1821 4123 1993 4178 intel-

402 4216 590 4287 ligitur
624 4230 756 4271 vero
789 4232 1009 4272 rursum
1049 4215 1105 4270 in
1130 4216 1315 4287 specie
1344 4216 1487 4287 ignis
1521 4216 1801 4281 divinitas,
1840 4217 1994 4286 juxta

396 4303 781 4366 Chaldaeorum
805 4307 1285 4373 consuetudinem,
1313 4307 1690 4378 juramentum
1735 4306 1990 4376 implens.

399 4402 610 4458 idcirco
633 4400 851 4457 divinus
871 4402 1074 4457 Paulus
1099 4402 1155 4456 in
1181 4400 1480 4472 juramenti
1504 4400 1616 4455 vim
1648 4400 1753 4456 hoc
1778 4401 1991 4465 statuit,

399 4496 633 4552 dicens:
668 4515 686 4547 ι
732 4494 969 4552 Abrahae
1000 4510 1238 4564 namque
1261 4493 1589 4564 promittens
1635 4494 1801 4557 Deus,
1852 4508 1999 4562 quo-

398 4589 548 4643 niam
581 4588 879 4643 neminem
904 4588 1100 4643 habnit
1124 4600 1223 4656 per
1249 4601 1412 4655 quem
1440 4586 1651 4654 iuraret
1710 4585 1994 4654 majorem,

393 4681 723 4751 juravitper
772 4680 1163 4750 semetipsum,
1226 4674 1415 4731 dicens
1444 4694 1456 4729 ε
1488 4675 1606 4730 Nisi
1666 4674 1999 4729 benedicens

400 4771 722 4827 benedicam
752 4780 828 4837 te,
862 4778 919 4826 et
959 4766 1334 4838 multiplicans
1376 4764 1754 4834 multiplicabo
1806 4774 1877 4820 te.
1929 4764 1999 4821 Et

402 4861 482 4915 sic
506 4860 897 4932 longanimiter
911 4857 1118 4920 ferens,
1143 4856 1377 4925 adeptus
1395 4863 1481 4909 est
1496 4854 1993 4923 repromissionem.

2086 2390 2250 2444 πάλιν
2280 2392 2314 2462 ή
2338 2389 2494 2443 τοῦδε
2528 2389 2836 2462 πρόφασις,
2868 2386 3135 2458 φράσαιμ’
3159 2383 3225 2439 ἂν
3265 2384 3340 2449 ὡς
3379 2383 3479 2438 ἔνι.
3518 2381 3669 2436 Χαλε-

2081 2481 2257 2545 δαίοις
2284 2476 2353 2551 ἦν
2382 2478 2506 2544 ἔθος
2534 2479 2628 2533 καὶ
2662 2481 2720 2533 ὲν
2749 2478 3017 2549 ὑπολήψει
3037 2479 3248 2551 χρηστῇ
3281 2477 3376 2531 καὶ
3406 2475 3670 2546 ἀδιαδλή-

2083 2592 2162 2646 τῳ
2197 2572 2502 2637 παντελῶς,
2548 2570 3007 2643 περιεργάζεσθαι
3060 2567 3274 2632 λεπτῶς
3318 2566 3427 2621 τῶν
3467 2566 3673 2638 ὀρνέων

2083 2668 2180 2730 τὰς
2213 2666 2460 2736 πτήσεις.
2510 2664 2690 2733 Ἠφίει
2730 2661 2793 2734 δὴ
2823 2657 2917 2715 οὖν
2947 2658 3307 2731 οἰκονομικῶς
3333 2659 3362 2712 ό
3395 2657 3503 2711 τῶν
3533 2657 3673 2711 ὅλων

2085 2756 2239 2821 Θεὸς,
2276 2755 2336 2820 ἐξ
2362 2748 2438 2808 ὧν
2465 2753 2581 2825 ᾔδει
2610 2754 2704 2808 καὶ
2726 2753 2862 2824 δρᾷν
2888 2747 2956 2823 ἦν
2982 2750 3105 2814 ἔθος
3138 2749 3250 2804 τισῖ
3267 2790 3281 2813 ,
3318 2746 3671 2802 παιδεύεσθαι

2084 2844 2155 2896 τὰ
2188 2843 2444 2912 ἐσόμενα.
2480 2840 2920 2912 Συνενεχθέντων
2947 2840 3130 2893 τοίνυν
3164 2840 3256 2894 ἐπὶ
3287 2837 3357 2892 τὰ
3380 2836 3670 2908 διχοτομή-

2091 2953 2235 3009 ματα
2266 2937 2376 2990 τῶν
2413 2935 2657 3007 πτηνῶν,
2686 2932 3095 3005 ἐξεδειματοῦτο
3118 2931 3304 2985 λοιπὸν
3331 2932 3360 2984 ὀ
3383 2927 3673 2991 θεσπέσιος

2101 3028 2374 3101 Ἀϐραάμ,
2402 3025 2734 3100 ἐννενοηκιῖκ
2772 3043 2874 3080 που
2907 3025 3070 3096 τάχα,
3106 3027 3201 3078 ποῖ
3231 3023 3295 3094 δὴ
3319 3023 3425 3095 ἄρα
3455 3023 3549 3076 καὶ
3580 3020 3673 3073 ὲπῖ

2086 3123 2238 3187 τίνας
2277 3123 2338 3175 τὸ
2370 3124 2593 3192 σημεῖον
2620 3120 2932 3191 ἐκϐήσεται.
2974 3118 3181 3172 Φαῦλον
3225 3115 3335 3186 γὰρ
3368 3113 3537 3180 εἶναι,
3573 3115 3672 3168 καὶ

2088 3214 2207 3286 οὐχὶ
2248 3213 2358 3267 τῶν
2405 3212 2512 3280 ἔξω
2564 3211 2845 3283 φροντίδος
2887 3209 3063 3263 ἐδόκει
3107 3208 3168 3262 τὸ
3211 3205 3508 3277 ὲπιπτῆναι
3558 3205 3673 3268 τοῖς

2089 3306 2296 3378 θύμασι
2329 3306 2400 3359 τὰ
2430 3304 2538 3359 τῶν
2571 3303 2774 3375 ὀρνέων
2795 3300 3190 3373 βδελυρώτατα.
3233 3293 3674 3370 ’Λκάθαρταγάρ

2092 3416 2211 3463 πως
2240 3397 2327 3452 ἀεὶ
2361 3396 2429 3449 τὰ
2464 3397 2835 3467 σαρκοφαγεῖν
2872 3392 3127 3463 ,είωθότα.
3182 3388 3433 3444 Ἐπειδὰν
3462 3388 3518 3442 δὲ
3546 3387 3675 3458 περὶ

2089 3493 2187 3561 τῆς
2218 3490 2354 3561 ίδίας
2372 3487 2560 3542 ἐδεδίει
2585 3485 2848 3556 κεφαλῆς,
2886 3484 2959 3555 μὴ
2986 3484 3094 3556 ἄρα
3122 3498 3238 3545 πως
3267 3481 3359 3534 καὶ
3379 3479 3465 3533 ἐπ’
3503 3477 3675 3548 αὐτὴν

2015 3611 2058 3667 C
2094 3560 2163 3634 τοι
2195 3560 2258 3633 τό
2298 3578 2507 3649 χρῆμα,
2546 3576 2649 3646 τῆς
2682 3575 2774 3628 ἐπὶ
2814 3572 3026 3637 τούτοις
3060 3569 3302 3633 ἀγωνίας
3339 3568 3501 3622 αὐτὸν
3535 3569 3674 3622 ἀπο-

2092 3672 2229 3725 λύει.
2266 3688 2286 3722 ι
2316 3670 2391 3724 Ού
2409 3668 2518 3739 γὰρ
2535 3669 2677 3739 ἥξει.
2712 3667 2898 3738 φησιν,
2933 3665 3025 3719 ἐπὶ
3051 3663 3110 3717 σὲ
3136 3662 3204 3716 τά
3236 3662 3673 3731 ὑποπτευόμενα.

2092 3760 2386 3816 Γινώσκων
2428 3760 2486 3814 δὲ
2534 3759 2720 3831 γνώσῃ
2762 3758 2842 3812 ὅτι
2882 3757 3146 3828 πάροικον
3182 3754 3333 3808 ἔσται
3364 3752 3424 3807 τὸ
3455 3752 3676 3823 σπέρμα

2095 3870 2190 3908 σου
2229 3855 2290 3906 ὲν
2323 3855 2393 3923 γῇ
2426 3849 2701 3922 ἀλλοτρίᾳ.
2742 3868 2762 3901 ι
2808 3847 2918 3901 Καὶ
2957 3845 3143 3900 πολλοὶ
3176 3843 3277 3915 μὲν
3317 3841 3530 3896 ἔσονται
3556 3841 3677 3894 λίαν

2091 3949 2142 4001 οί
2172 3945 2375 4001 κακοῦν
2405 3944 2698 4008 ἐθέλοντες,
2725 3932 2800 3996 ὧν
2829 3936 2969 4011 ἦσαν
2997 3941 3078 4004 είς
3097 3938 3267 3992 τύπον
3290 3937 3360 3990 τὰ
3395 3938 3508 3999 τοῖς
3542 3952 3677 4004 προ-

2095 4039 2367 4108 κειμένοις
2386 4036 2624 4107 θύμασιν
2636 4035 2728 4087 ἐπὶ
2745 4031 3008 4107 π[τ]άντα
3027 4032 3210 4104 ὀρνεα.
3242 4028 3390 4100 Πλὴν
3404 4028 3559 4098 ὀλίγα
3587 4027 3681 4081 λε-

2095 4129 2427 4201 λυπηκότες,
2461 4126 2778 4180 ἀποτίσουσι
2816 4125 2989 4188 δίκας.
3019 4144 3038 4176 ‹
3070 4123 3142 4176 Σὺ
3165 4122 3221 4176 δὲ
3242 4120 3516 4194 ἀπελεύσῃ
3542 4118 3677 4189 πρὸς

2095 4223 2220 4286 τοὺς
2258 4219 2506 4292 πατέρας
2535 4236 2665 4284 σου,
2692 4217 2919 4290 τραφεὶς
2958 4218 3016 4270 ὲν
3046 4215 3209 4289 γήρει
3250 4212 3423 4284 καλῷ.
3477 4231 3494 4264 ι
3544 4206 3679 4266 Εἶτά

2097 4331 2285 4386 φησιν,
2313 4313 2395 4367 ὃτι
2429 4311 2563 4384 πρδς
2592 4311 2787 4373 αὐταῖς
2805 4310 2907 4381 ἤδη
2940 4308 3174 4380 δυσμαῖς
3196 4305 3480 4375 γεγονότος
3502 4305 3674 4374 ἡλίου,

2102 4425 2120 4458 ι
2165 4404 2299 4475 φλὸξ
2337 4403 2513 4476 πυρὸς
2559 4403 2654 4457 καὶ
2693 4400 2948 4465 κλίϐανος
2990 4400 3085 4454 καὶ
3129 4396 3413 4469 λαμπάδες
3456 4394 3545 4449 διά
3583 4395 3679 4466 μὲ-

2099 4514 2208 4552 σων
2241 4496 2410 4568 ᾔεσαν
2438 4495 2548 4548 τῶν
2592 4492 3062 4564 διχοτομημάτων.
3113 4508 3132 4543 ι
3176 4490 3397 4543 Νοεῖται
3428 4486 3484 4541 δὲ
3514 4486 3677 4541 πάλιν

2098 4589 2156 4640 ὲν
2179 4587 2308 4640 εῖδει
2323 4585 2495 4658 πυρὸς
2519 4582 2583 4636 τὸ
2609 4582 2788 4647 Θεῖον,
2818 4580 2957 4634 κατὰ
2974 4579 3073 4651 τὴν
3093 4579 3201 4633 τῶν
3226 4577 3515 4633 Χαλδαίων
3551 4593 3677 4630 συν-

2099 4677 2306 4749 ήθειαν.
2326 4676 2417 4730 τὸν
2448 4676 2611 4746 ὅρκον
2632 4671 3000 4743 ἀποπληροῦν.
3034 4670 3324 4743 Τοιγάρτοι
3358 4670 3453 4724 καὶ
3482 4669 3511 4723 ὀ
3541 4669 3677 4722 θεσ-

2101 4772 2286 4835 πέσιος
2316 4768 2527 4831 Παῦλος
2581 4769 2662 4830 εἰς
2696 4764 2863 4839 ὅρκου
2890 4764 3123 4835 δύναμιν
3145 4764 3358 4834 δέχεται
3382 4762 3446 4816 τὸ
3467 4762 3676 4834 χρῆμα,

2102 4863 2193 4918 καί
2219 4876 2385 4933 φησι·
2413 4879 2431 4910 ι
2455 4859 2546 4930 Τῷ
2576 4858 2631 4911 δὲ
2672 4857 2929 4929 Ἀϐραὰμ
2962 4856 3429 4926 ἐπαγγειλάμενος
3459 4853 3488 4906 ὀ
3525 4852 3678 4916 Θεὸς,

405 4951 663 5007 Homines
711 4951 861 5007 enim
907 4964 1006 5020 per
1052 4947 1316 5017 majorem
1339 4946 1425 5002 sui
1473 4947 1659 5017 jurant
1714 4957 1771 5004 et
1814 4950 1988 5005 omnis

2101 4954 2222 5008 ἐπεὶ
2253 4953 2374 5006 κατ’
2402 4950 2616 5013 οὐδενὸς
2652 4945 2763 5020 εἶχε
2808 4948 3056 5020 μείζονος
3090 4948 3306 5019 ὀμόσαι,
3339 4945 3520 5016 ὤμοσε
3560 4944 3682 4998 καθ’

402 5042 792 5101 controversiae
841 5056 1035 5098 eorum
1088 5040 1231 5105 ﬁnis,
1264 5039 1331 5095 ad
1379 5039 1870 5106 conﬁrmationem,
1904 5050 1996 5096 est

396 5137 792 5207 jnramentnm.
824 5133 882 5188 In
915 5148 1025 5203 quo
1063 5130 1437 5188 abundantius
1480 5131 1673 5186 volens
1701 5132 1993 5187 ostendere

402 5228 547 5284 licus
574 5226 988 5297 pollicitationis
1031 5226 1343 5282 hmredibus
1377 5226 1813 5282 immobilitatem
1856 5240 1993 5280 con-

402 5318 511 5373 silii
555 5315 664 5380 sui,
710 5316 1041 5386 interposuit
1072 5315 1478 5388 jusjurandum,
1518 5324 1580 5371 ut
1615 5332 1716 5385 per
1740 5314 1879 5369 duas
1905 5328 1995 5368 res

404 5407 736 5472 immobiles,
782 5406 987 5477 quibus
1030 5405 1365 5476 impossibile
1401 5415 1486 5462 est
1522 5404 1745 5461 mentiri
1797 5405 1992 5467 Deum,

405 5499 767 5556 fortissimum
794 5500 1050 5556 solatium
1083 5501 1403 5567 habeamus,
1431 5502 1525 5573 qui
1555 5499 1904 5570 confugimus
1926 5498 1995 5554 ad

407 5593 700 5648 tenendam
729 5592 1060 5664 propositam
1087 5609 1240 5664 spem
1267 5593 1310 5626 ³⁷
1369 5613 1388 5645 ι

2100 5043 2314 5107 ἑαυτοῦ,
2357 5044 2532 5112 λέγων
2554 5058 2566 5073 ·
2600 5038 2680 5097 Ἦ
2732 5041 2837 5114 μὴν
2871 5041 3109 5112 εὐλογῶν
3130 5036 3430 5110 ἐὐλογήσω
3474 5054 3555 5102 σε,
3588 5034 3683 5091 καὶ

2102 5137 2387 5208 πληθύνων
2427 5134 2683 5206 πληθυνῶ
2725 5150 2805 5188 σε.
2845 5132 2958 5188 Kal
3008 5126 3163 5195 οὗτος
3207 5129 3676 5202 μακροθυμήσας,

2100 5230 2331 5299 ἐπέτυχε
2377 5226 2478 5296 τῆς
2523 5224 2878 5295 ἐπαγγελίας.
2913 5224 3228 5296 ’Ἄνθρωποι
3273 5222 3383 5292 γὰρ
3418 5218 3560 5273 κατά
3584 5214 3679 5270 τοῦ

2104 5321 2348 5393 μείζονος
2366 5318 2648 5390 ὀμνύουσι,
2684 5319 2778 5372 καὶ
2809 5317 2992 5385 πάσης
3019 5315 3201 5378 αὐτοῖς
3232 5311 3543 5381 ἀντιλογίας
3579 5310 3683 5362 πέ-

2105 5426 2237 5482 ρας,
2279 5411 2360 5474 είς
2400 5407 2719 5479 βεϐαίωσιν’,
2762 5410 2789 5461 ὁ
2835 5408 3017 5476 ὅρκος.
3076 5405 3165 5459 Ἐν
3205 5397 3250 5472 ᾧ
3294 5400 3683 5478 περισσότερον

2105 5498 2430 5570 βουλόμενος
2465 5500 2495 5552 ὁ
2540 5497 2673 5562 Θεὸς
2728 5496 2990 5563 ἐπιδεῖξαι
3037 5497 3150 5557 τοῖς
3194 5491 3549 5564 κληρονόμοις
3588 5491 3687 5559 τῆς

2104 5593 2440 5661 ἐπαγγελίας
2475 5590 2537 5644 τὸ
2560 5589 2896 5660 ἀμετάθετον
2918 5589 3017 5659 τῆς
3057 5586 3252 5657 βουλῆς
3279 5581 3467 5650 αὐτοῦ,
3501 5579 3691 5652 ὲμεσίο

406 5699 595 5736 τευσεν
622 5684 771 5754 ὅρκῳ
795 5723 810 5748 ,
841 5682 927 5736 ἵνα
964 5682 1053 5737 διὰ
1092 5683 1185 5737 δύο
1226 5683 1571 5755 πραγμάτων
1602 5681 1974 5751 ἀμεταθέτων,
2017 5681 2074 5734 ὲν
2109 5677 2191 5747 οἷς
2220 5682 2483 5737 ἀδύνατον
2514 5679 2822 5751 ψεύσασθαι
2868 5678 2959 5734 τὸν
3012 5677 3165 5744 Θεὸν,
3204 5673 3436 5748 ἰσχυρὰν
3509 5669 3690 5741 παρά-

407 5774 602 5843 κλησιν
631 5775 865 5848 ἔχωμεν,
905 5778 951 5831 οί
975 5778 1382 5847 καταφυγόντες
1410 5776 1686 5850 κρατῆσαι
1714 5774 1812 5847 τῆς
1859 5777 2224 5849 ποοκειμένης
2250 5777 2483 5841 ἐλπίδος.
2530 5796 2549 5830 ι

469 5889 515 5921 ³⁸
539 5892 675 5952 Gen.
700 5914 788 5964 xv,
823 5897 918 5965 13;
970 5900 1089 5953 Act.
1129 5916 1222 5961 vn,
1272 5899 1325 5953 6.
1398 5899 1437 5929 ³⁷
1472 5897 1640 5953 Hebr.
1664 5912 1739 5965 v1,
1790 5894 1976 5953 13-18.

518 6206 557 6255 ἡι
