4092 6478
317 429 429 488 ιιι

1373 438 1900 498 ΕιᾹΡΒΥΚΟῘωΜ
1936 440 2007 499 IN
2036 438 2342 500 GENESIM
2381 442 2511 500 LIB.
2550 445 2638 502 III.

3527 444 3634 505 ιθ

390 540 463 606 τ’.
511 551 1008 623 οἰκονομικώτατα
1037 555 1221 611 τοίνυν
1241 556 1516 630 ινώμοτον
1546 560 1650 630 τὴν
1682 561 1920 630 ἐπαγγε-

2064 559 2171 630 72
2185 561 2237 617 5.
2255 561 2692 619 Prndeutissime
2703 560 2872 634 igitur
2881 562 3031 620 Deus
3042 560 3462 633 promissionem
3473 560 3632 633 jure~

319 639 449 694 λίαν
477 641 723 695 ἐποιεῖτο
742 641 898 708 Θεὸς,
933 643 1115 699 καίτοι
1144 645 1467 716 ψευδωπεῦα
1494 649 1595 703 οὐκ
1611 649 1769 713 είδώς
1791 666 1805 683 ο
1835 649 1930 715 ἶν’,

318 729 402 796 ὡς
423 731 458 784 6
487 731 787 799 θεσπέσιος
814 737 1019 808 γράφει
1051 738 1295 806 Παῦλος,
1327 740 1559 814 ἰσχυρὰν
1584 741 1800 813 ἔχωμεν
1830 743 1932 813 τὴν

320 822 708 896 αρὼιλησιν,
730 827 815 881 ὅτι
841 828 984 900 πρὸς
1007 829 1183 902 πέρας
1209 832 1507 904 ἐκϐήσεται
1542 835 1718 906 πάντη
1745 851 1806 889 τε
1836 837 1933 889 καὶ

304 914 554 980 πάντως
594 918 701 972 οὐκ
742 918 1116 985 ἐνδοιάζοντας
1159 921 1263 976 ἔτι.
1320 924 1533 977 Οὐκοῦν
1581 924 1780 997 (βραχὺ
1821 927 1932 998 γὰρ

319 1010 525 1066 άνόπιν
546 1013 875 1084 άνακομίσω
896 1015 990 1069 τὸν
1012 1014 1193 1087 λόγον)
1222 1017 1281 1071 ιν
1304 1016 1492 1071 ὠδῖσιν
1519 1017 1601 1072 ἔτι
1626 1019 1725 1089 τῆς
1748 1019 1931 1091 ’Ἅγαρ

316 1102 569 1175 ἐχούσης
598 1104 961 1177 τδνἸσμαήλ,
987 1104 1450 1180 δεδυσφόρηκενή
1485 1108 1695 1181 Σάρρα,
1723 1109 1823 1181 τῆς
1850 1113 1931 1165 οί-

317 1196 596 1264 κογενοῦς
640 1198 743 1251 οὐκ
795 1197 1101 1268 ἐνεγκοῦσα
1154 1199 1299 1271 τάχα
1352 1216 1459 1254 που
1509 1201 1579 1255 τὰ
1612 1201 1708 1256 ἐπί
1740 1219 1805 1272 γε
1850 1206 1929 1277 τῷ

315 1290 626 1358 κυοφορεῖν
683 1289 1000 1360 αὐχήματα,
1050 1289 1147 1345 καὶ
1184 1290 1286 1361 τὴν
1325 1290 1389 1344 οὐ
1437 1291 1668 1362 μετρίαν
1732 1294 1924 1365 ὀφρῦν.

319 1374 461 1433 Εἶτα
522 1379 631 1449 τῆς
674 1381 865 1444 ἑστίας
893 1382 1131 1449 ἐλαύνει,
1189 1384 1285 1437 καὶ
1322 1378 1496 1458 οὗπερ
1528 1384 1596 1440 ἂν
1627 1386 1802 1442 ἕλοιτο
1828 1387 1928 1459 βα·-

314 1470 493 1537 δίζειν
520 1471 801 1541 ἐκέλευεν,
848 1474 1075 1545 ἐφέντος
1121 1476 1261 1549 αὐτῇ
1287 1477 1448 1533 τοῦτο
1488 1478 1622 1551 δρᾷν
1658 1477 1755 1533 τοῦ
1787 1479 1930 1534 κατὰ

314 1562 495 1633 νόμον
543 1562 971 1635 συνῳκηκότος,
1012 1568 1162 1639 φημὶ
1197 1567 1262 1641 δὴ
1313 1569 1412 1622 τοῦ
1469 1569 1745 1642 Ἀϐραάμ.
1785 1571 1926 1626 Ἀλλ’

312 1653 399 1718 ὠς
431 1654 498 1708 τὸ
537 1654 784 1728 Γράμμα
814 1659 952 1729 φησὶ
989 1658 1246 1731 τὺιίερὸν,
1292 1679 1312 1713 ι
1352 1651 1526 1736 Εὗρεν
1557 1662 1727 1736 αὐτὴν
1754 1663 1926 1734 ἄγγε’

312 1746 414 1810 λος
437 1745 656 1818 Κυρίου
713 1747 812 1803 τοῦ
846 1748 983 1804 Θεοῦ
1018 1752 1113 1804 ἐπὶ
1153 1752 1254 1822 τῆς
1284 1753 1471 1827 πηγῆς
1501 1755 1601 1809 τοῦ
1642 1755 1835 1822 ὕδατος
1866 1758 1926 1813 ὲν

311 1840 385 1909 τῇ
415 1840 519 1910 ὲρή
530 1854 618 1911 μῳ
645 1840 705 1893 ἔν
736 1843 803 1912 τῇ
834 1841 940 1912 ὁδῷ
972 1841 1135 1912 Σοῦρ.
1161 1842 1271 1897 Kal
1297 1842 1452 1898 είπεν
1476 1846 1614 1920 αὐτῇ
1640 1848 1668 1902 6
1693 1848 1925 1919 ἄγγελος

314 1929 566 2000 Κυρίου·
608 1931 795 2004 Ἅγαρ
824 1932 1088 2005 παιδίσκη
1137 1933 1388 2007 Σάρρας,
1434 1936 1601 1992 πόθεν
1628 1937 1795 2013 ἕρχῃ;
1829 1941 1927 1996 καὶ
1958 1922 1999 1978 Β

313 2018 426 2072 ποῦ
454 2020 704 2094 πορεῦης
726 2021 835 2075 Καὶ
863 2017 1043 2075 εῐπεν·
1073 2023 1206 2077 Ἀπὸ
1237 2024 1537 2096 προσώπου
1572 2026 1792 2100 Σάρρας
1819 2028 1923 2100 τῆς

314 2108 521 2182 κυρίας
554 2128 664 2182 μου
695 2112 812 2180 ἐγὼ
835 2111 1243 2185 ἀποδιδράσκω.
1276 2112 1415 2170 Εἷπε
1443 2114 1502 2170 δὲ
1528 2116 1672 2190 αὐτῇ
1696 2120 1724 2172 6
1758 2118 1925 2188 ἄγγε-

310 2203 412 2269 λος
440 2202 678 2276 Κυρίου·
719 2205 1135 2278 ’Δποστράφηθι
1171 2208 1310 2280 πρὸς
1335 2208 1435 2281 τήν
1455 2210 1656 2282 κυρίαν
1676 2227 1795 2276 σου,
1829 2213 1925 2266 καὶ

308 2293 696 2366 ταπεινώθητι
726 2295 833 2350 ὑπὸ
864 2296 969 2362 τὰς
992 2300 1182 2370 χεῖρας
1203 2300 1396 2372 αὐτῆς.
1411 2320 1429 2353 ι
1451 2300 1563 2355 Καὶ
1587 2302 1925 2373 ὐπενόστησε

312 2388 421 2457 μὲν
465 2389 502 2460 ή
546 2388 751 2459 Ἅγαρ,
801 2390 900 2445 καὶ
949 2390 1042 2445 τὸν
1086 2391 1187 2463 τῆς
1239 2392 1485 2459 δουλείας
1521 2395 1693 2449 ὑπέδυ
1735 2393 1923 2465 ζυγόν.

322 2478 680 2548 ἐνομοθέτει
727 2479 788 2535 δὲ
849 2480 943 2535 καὶ
996 2479 1130 2545 Θεὸς
1175 2480 1277 2553 ήδη
1336 2481 1438 2554 τήν
1488 2482 1799 2557 περιτομὴν
1842 2484 1923 2557 τῷ

322 2573 612 2646 Ἀϐραὰμ,
652 2573 850 2644 λέγων·
900 2593 921 2627 ι
961 2575 1036 2630 Σὺ
1069 2575 1129 2631 δὲ
1161 2576 1265 2649 τήν
1300 2576 1570 2651 διαθήκην
1604 2597 1708 2651 μου
1731 2581 1924 2654 διατη-

308 2669 533 2739 ρήσας,
560 2669 627 2723 σὺ
658 2669 840 2723 καὶτὸ
871 2668 1095 2741 σπέρμα
1123 2686 1218 2724 σου
1245 2670 1385 2743 μετὰ
1413 2671 1474 2725 σὲ
1496 2673 1578 2737 είς
1600 2673 1703 2737 τὰς
1727 2673 1927 2743 γενεὰς

304 2760 521 2814 αὐτῶν.
546 2759 658 2815 Καὶ
687 2757 827 2831 αῦτη
855 2762 888 2831 ή
922 2760 1158 2834 διαθήκη
1189 2762 1259 2835 ἦν
1288 2763 1658 2837 διατηρήσεις,
1691 2752 1799 2820 ἀνὰ
1825 2766 1921 2837 μέ-

305 2870 408 2906 σον
442 2852 588 2923 ιμοῦ
634 2853 730 2908 καὶ
766 2854 948 2923 ὑμῶν,
981 2854 1079 2908 καὶ
1117 2853 1225 2910 ἀνὰ
1258 2855 1426 2926 μέσον
1469 2855 1565 2911 τοῦ
1601 2858 1922 2931 σπέρματός

306 2961 409 3000 σου
455 2947 541 3010 είς
583 2944 689 3010 τάς
736 2945 937 3016 γενεὰς
976 2945 1180 3003 αὐτῶν.
1232 2948 1716 3022 Περιτμηθήσεται
1762 2950 1921 3022 ὑμῶν

304 3038 427 3092 πᾶν
465 3036 783 3109 ἀρσενικὸν,
817 3037 916 3091 καὶ
957 3037 1439 3111 περιτμηθήσεσθε
1483 3040 1584 3112 τὴν
1612 3041 1795 3114 σάρκα
1818 3042 1920 3115 τῆς

301 3127 687 3197 ἀκροδυστίας
715 3126 895 3198 ὑμῶν,
933 3129 1031 3182 καί¹
1077 3126 1230 3183 ἔσται
1274 3131 1355 3193 εἰς
1390 3132 1619 3201 σημεῖον
1647 3131 1921 3204 διαθήκης

304 3221 417 3279 ἀνὰ
450 3219 623 3293 μέσον
654 3220 794 3293 ἐμοῦ
825 3220 923 3276 καὶ
955 3222 1132 3293 ὑμῶν.
1165 3222 1277 3277 Kal.
1319 3223 1535 3279 παιδίον
1574 3223 1920 3298 ὀκταήμερον

305 3313 797 3386 περιτμηθήσεται
829 3314 985 3385 ὑμῖν,
1025 3317 1134 3370 πᾶν
1165 3315 1454 3388 ἀρσενικὸν
1477 3318 1557 3381 εἰς
1589 3316 1690 3381 τὰς
1718 3317 1916 3386 γενεὰς
1943 3298 1987 3359 θ

305 3405 495 3479 ὑμῶν.
540 3407 603 3461 '0
646 3408 936 3479 οἰκογενής
987 3407 1083 3461 καὶ
1118 3410 1147 3462 ὁ
1184 3408 1600 3482 ἀργυρώνητος,
1639 3411 1749 3466 ἀπὸ
1778 3426 1919 3467 arav-

302 3502 401 3565 τὸς
441 3499 571 3553 υἱοῦ
600 3499 910 3571 ἀλλοτρίου,
954 3499 1016 3564 ὃς
1052 3501 1156 3556 οὐκ
1192 3502 1344 3557 ἐστιν
1369 3504 1436 3558 ἐκ
1468 3503 1566 3558 τοῦ
1600 3503 1919 3577 σπέρματός

308 3609 436 3660 σου,
480 3595 762 3664 περιτομῇ
794 3593 1297 3666 περιτμηθήσεται,
1325 3596 1355 3649 6
1387 3596 1674 3669 οἰκογενὴς
1707 3599 1809 3671 τῆς
1841 3598 1919 3653 οί-

306 3683 437 3748 κίας
464 3698 561 3738 σου
596 3683 696 3737 καὶ
740 3685 771 3738 6
797 3683 1209 3756 ἀργυρώνητος.
1244 3688 1357 3741 Kal.
1403 3686 1558 3742 ἔσται
1600 3690 1634 3761 ή
1680 3689 1917 3763 διαθήκη

308 3795 417 3848 μου
469 3776 568 3831 ἐπὶ
611 3776 715 3846 τῆς
763 3777 973 3851 σαρκὸς
1015 3778 1194 3850 ὑμῶν,
1229 3781 1312 3844 εἰς
1361 3780 1629 3855 διαθήκην
1673 3782 1912 3842 αἰώνιον.

306 3868 425 3924 Καὶ
462 3868 845 3941 ἀπερίτμητος
884 3869 1084 3941 ἄρσην,
1111 3869 1172 3935 ὃς
1202 3871 1265 3926 οὐ
1301 3871 1781 3946 περιτμηθήσεται
1814 3875 1915 3947 τὴν

304 3961 496 4034 σάρκα
533 3960 638 4032 τῆς
666 3959 1040 4032 ἀκροϐυστίας
1078 3961 1269 4028 αὐτοῦ,
1308 3966 1376 4035 τῇ
1416 3964 1605 4036 ἡμέρᾳ
1621 3968 1689 4038 τῇ
1725 3967 1912 4040 ὀγδόῃ.

299 4050 835 4125 ιξολοθρευθήσεται
876 4053 911 4123 ή
949 4051 1098 4126 ψυχὴ
1134 4053 1321 4125 ἐκείνη
1363 4057 1429 4109 ὲκ
1458 4054 1556 4110 τοῦ
1585 4056 1773 4126 γένους
1804 4048 1916 4112 ἀὺ-

297 4145 426 4215 τῆς,
472 4145 561 4199 ὅτι
606 4143 710 4216 τὴν
751 4143 1021 4217 διαθήκην
1063 4163 1166 4218 μου
1208 4146 1581 4203 διεσκέδασεν.
1625 4169 1645 4202 ι
1692 4150 1912 4222 Ἐπειδὴ

293 4237 356 4292 ει
393 4233 470 4309 ἧν
496 4238 803 4306 ἀναγκαῖον
833 4240 948 4302 τοῖς
975 4236 1143 4302 θείοις
1196 4239 1447 4294 ὑπείκειν
1478 4242 1691 4314 νόμοις,
1754 4260 1914 4316 περι-

294 4328 522 4401 ετμήθη
569 4327 671 4398 μὲν
693 4329 725 4383 6
752 4327 1044 4393 θεσπέσιος
1059 4329 1312 4403 Ἀϐραὰμ
1336 4333 1581 4388 πανοικί.
1607 4333 1913 4406 Περιέτεμε

289 4421 351 4474 δὲ
379 4421 484 4476 καὶ
509 4422 629 4485 τοῖς
661 4421 846 4485 ἄλλοις
884 4421 1025 4494 ὁμοῦ
1062 4423 1156 4477 τὸν
1224 4425 1467 4498 Ἰσμαήλ.
1513 4425 1817 4498 Γεγένηται
1851 4428 1911 4483 δὲ

288 4513 492 4567 λοιπὸν
518 4514 549 4567 6
581 4514 649 4566 ἐκ
682 4513 786 4584 τῆς
828 4513 1142 4587 ἐλευθέρας,
1173 4516 1457 4572 τουτέστιν
1484 4510 1514 4569 6
1556 4518 1763 4575 Ἰσαάκ.
1800 4521 1913 4575 Kal.

2028 661 2269 733 jurando
2302 661 2669 729 conﬁrmavit,
2708 678 2835 719 cum
2875 663 3082 734 alioqui
3126 661 3350 718 mentiri
3397 661 3629 726 nesciat,

2036 767 2115 825 ut,
2138 761 2604 832 quemadmodum
2629 762 2851 819 divinus
2872 762 3077 819 Paulus
3105 762 3300 820 scribit
3320 761 3386 827 ³⁸,
3412 761 3631 816 ﬁrmum

2033 860 2289 916 solatium
2333 861 2638 919 habeamus
2663 856 2845 935 ipSum
2888 863 3098 939 absque
3149 863 3259 919 ullo
3304 862 3474 919 dubio
3508 875 3635 925 pro-

2033 960 2324 1017 missiones
2351 978 2480 1019 suas
2502 961 2569 1018 ad
2598 963 2764 1020 ﬁnem
2797 966 3217 1037 perducturum.
3245 964 3515 1033 Quocirca
3542 964 3633 1036 (li-

2032 1059 2129 1117 bet
2152 1061 2301 1117 enim
2328 1064 2494 1134 paulo
2507 1064 2673 1120 altius
2684 1080 2995 1122 sermonem
3018 1065 3290 1138 repetere)
3317 1081 3441 1121 cum
3451 1063 3634 1120 adhuc

2028 1162 2175 1236 Agar
2214 1163 2499 1221 Ismaelem
2530 1173 2692 1223 utero
2753 1176 3014 1240 gestaret,
3053 1170 3284 1225 moleste
3322 1167 3450 1224 tulit
3473 1165 3634 1233 Sara,

2029 1293 2143 1334 non
2189 1279 2376 1337 ferens
2416 1282 2681 1339 nimirum
2714 1299 2890 1341 servae
2918 1285 2992 1341 ob
3037 1284 3432 1343 fecunditatem
3470 1297 3632 1338 arro-

2028 1384 2272 1454 gantiam
2319 1394 2377 1441 et
2408 1386 2616 1457 grande
2652 1387 3032 1458 supercilium.
3061 1387 3269 1444 Deinde
3313 1386 3477 1442 domo
3524 1384 3632 1458 eji-

2029 1483 2125 1550 cit,
2151 1493 2209 1540 et
2230 1499 2342 1556 quo
2368 1485 2608 1542 voluerit
2631 1485 2714 1542 ire
2728 1487 2913 1560 jubet,
2938 1487 3235 1543 mandante
3256 1486 3518 1541 nimirum
3553 1484 3632 1542 illi

2029 1592 2092 1640 ut
2116 1584 2223 1641 hoc
2250 1585 2458 1643 faceret
2506 1587 2754 1659 legitimo
2791 1604 2891 1645 suo
2922 1589 3140 1656 marito,
3176 1587 3452 1645 Abraham
3479 1584 3631 1641 scill-

2029 1686 2117 1734 cet
2141 1678 2208 1735 ³⁸.
2239 1678 2536 1747 Cancrum,
2583 1688 2647 1736 ut
2672 1697 2825 1737 sacra
2888 1664 3172 1753 Scriptura
3204 1680 3321 1747 ait,
3366 1700 3386 1732 ι
3415 1676 3632 1734 Invenit

2027 1788 2150 1830 eam
2180 1775 2408 1845 angelus
2441 1774 2660 1830 Domini
2693 1775 2849 1846 juxta
2883 1774 3090 1830 fontem
3132 1788 3288 1845 aquae
3326 1772 3383 1827 in
3411 1769 3631 1826 deserto

2028 1861 2087 1917 in
2112 1862 2202 1918 via
2227 1861 2355 1918 Sur.
2397 1863 2469 1920 Et
2493 1862 2633 1920 dixit
2664 1864 2742 1920 illi
2786 1864 3015 1937 angelus
3048 1862 3265 1919 Domini
3301 1881 3315 1916 :
3347 1858 3493 1933 Agar
3535 1876 3632 1916 an-

2031 1956 2155 2012 cilla
2175 1954 2343 2024 Sane,
2376 1955 2524 2012 unde
2550 1955 2707 2012 venis
2724 1998 2739 2023 ,
2763 1965 2820 2012 et
2843 1971 2954 2028 quo
2974 1954 3160 2011 vadis?
3185 1954 3253 2009 Et
3276 1952 3354 2037 ait
3379 1968 3393 2007 :
3421 1951 3467 2006 A
3491 1949 3630 2023 facie

2029 2048 2179 2105 Sarae
2220 2048 2458 2105 dominae
2489 2065 2627 2106 mea:
2665 2049 2836 2123 fugio.
2883 2048 3033 2104 Dixit
3055 2056 3239 2103 autem
3275 2045 3326 2101 ei
3356 2043 3627 2116 angelus:
3702 2046 3707 2053 ‘

2027 2140 2330 2197 Revertere
2360 2142 2427 2198 ad
2468 2141 2749 2198 dominam
2774 2150 2946 2206 tuam,
2980 2147 3037 2194 et
3064 2136 3357 2192 humiliare
3382 2133 3484 2190 sub
3511 2149 3631 2189 ma-

2026 2229 2195 2287 nibus
2223 2231 2344 2302 ejus
2367 2229 2435 2285 ‘°.
2470 2250 2488 2283 ι
2527 2230 2598 2287 Et
2631 2244 2854 2286 reversa
2907 2236 2993 2284 est
3036 2227 3200 2299 Agar,
3240 2234 3298 2280 et
3349 2221 3633 2279 servitutis

2019 2323 2215 2395 jugum
2250 2323 2444 2379 subiit.
2480 2322 2827 2396 Pmscripsit
2861 2328 3046 2376 autem
3095 2317 3364 2375 Dominus
3401 2312 3634 2371 Abrahae

2026 2416 2534 2482 eireumcisionem,
2553 2415 2747 2472 dicens
2775 2433 2788 2468 :
2825 2433 2843 2466 ι
2874 2413 2958 2469 Tu
2980 2419 3167 2468 autem
3195 2415 3419 2481 pactum
3445 2416 3631 2460 meum

2024 2507 2330 2574 eustodies,
2362 2514 2421 2563 tu
2444 2514 2503 2565 et
2543 2523 2733 2565 semen
2754 2516 2912 2563 tuum
2934 2511 3061 2577 post
3087 2503 3229 2569 te,in
3249 2498 3635 2574 generationes

2024 2615 2170 2656 suas.
2200 2600 2272 2656 Et
2311 2600 2419 2657 hoc
2458 2608 2683 2672 pactum
2725 2597 2875 2670 quod
2915 2594 3238 2653 observabis
3284 2594 3430 2647 inter
3460 2602 3548 2645 me
3577 2596 3635 2644 et

2022 2707 2143 2757 vos,
2174 2700 2232 2747 et
2256 2693 2403 2747 inter
2426 2708 2615 2749 semen
2654 2700 2811 2750 tuum
2840 2691 2893 2746 in
2920 2688 3305 2763 generationes
3333 2698 3477 2740 suas.
3507 2679 3634 2736 Cir-

2022 2784 2370 2841 cumcidetur
2387 2784 2545 2841 vobis
2570 2800 2733 2840 omne
2761 2783 3151 2847 masculinum,
3178 2787 3235 2836 et
3272 2772 3637 2834 circumcide-

2021 2876 2094 2932 tis
2118 2893 2342 2934 carnem
2358 2877 2615 2949 praeputii
2637 2877 2830 2942 vestri,
2854 2884 2909 2931 et
2932 2875 3041 2932 erit
3079 2875 3136 2929 in
3163 2871 3377 2944 signum
3408 2866 3636 2923 foederis
3662 2894 3675 2909 ε

2022 2972 2170 3027 inter
2193 2985 2283 3025 me
2312 2978 2369 3025 et
2393 2986 2511 3025 vos.
2552 2969 2623 3025 Et
2649 2969 2830 3023 infans
2862 2974 2988 3022 octo
3016 2965 3241 3021 dierum
3265 2956 3634 3018 circumcide-

2020 3069 2120 3114 tur
2141 3060 2322 3127 vobis,
2346 3076 2508 3116 omne
2526 3059 2896 3115 masculinum
2912 3056 2970 3111 in
2994 3053 3379 3128 generationes
3399 3056 3631 3106 vestras.

2018 3151 2367 3209 Vernaeulus
2420 3153 2618 3209 domus
2649 3163 2778 3229 tute,
2816 3160 2874 3206 et
2901 3148 3189 3221 emptitius
3219 3162 3287 3200 ex
3318 3144 3468 3199 omni
3520 3139 3635 3196 ﬁlio

2021 3245 2225 3312 alieno,
2270 3246 2367 3317 qui
2410 3262 2521 3301 non
2574 3256 2660 3301 est
2689 3244 2758 3300 de
2806 3244 3017 3300 semine
3067 3252 3181 3306 tuo,
3212 3234 3634 3295 circumcisione

2019 3337 2473 3403 circumeidetur,
2505 3337 2840 3393 vernaculus
2869 3335 3071 3392 domus
3094 3343 3201 3390 tuae.
3229 3340 3287 3388 et
3313 3326 3632 3401 emptitius:

2019 3442 2075 3487 et
2117 3430 2226 3488 erit
2258 3443 2480 3503 paetum
2541 3446 2727 3487 meum
2788 3430 2847 3486 in
2893 3443 3061 3486 carne
3094 3436 3304 3488 vestra,
3345 3423 3400 3478 in
3453 3419 3636 3478 foedus

2017 3532 2309 3579 internum.
2350 3523 2421 3581 Et
2447 3523 2872 3580 incircumcisus
2910 3520 3210 3585 masculus,
3241 3516 3337 3589 qui
3374 3530 3487 3571 non
3522 3513 3634 3569 cir-

2019 3615 2368 3672 cumeidetur
2407 3632 2630 3672 carnem
2671 3616 2927 3689 praeputii
2974 3616 3061 3671 sui
3089 3615 3147 3668 in
3178 3612 3269 3669 die
3290 3602 3505 3676 octava,
3540 3625 3635 3665 ex-

2020 3708 2413 3777 terminabitur
2440 3719 2496 3765 et
2524 3707 2804 3764 delebitur
2846 3707 3029 3762 anima
3072 3704 3166 3760 illa
3195 3704 3263 3760 de
3283 3717 3483 3775 genere
3506 3715 3629 3766 suo,

2017 3803 2146 3874 quia
2182 3810 2403 3873 pactum
2442 3818 2626 3858 meum
2655 3801 3023 3874 dissipavit“.
3065 3819 3083 3853 ›
3126 3798 3266 3855 Cum
3306 3797 3493 3867 itaque
3528 3809 3630 3849 ne-

2017 3894 2320 3950 cessarium
2342 3904 2488 3951 esset
2512 3894 2950 3966 divinislegibus
2968 3893 3372 3963 obtemperare,
3391 3886 3633 3943 circum-

2016 3986 2167 4043 cisus
2216 3987 2442 4058 quidem
2479 3995 2565 4043 est
2611 3986 2890 4042 Abraham
2952 3994 3078 4041 eum
3110 3982 3367 4038 universa
3400 3976 3626 4034 familia.

2014 4076 2378 4134 Circumcidit
2412 4085 2598 4133 autem
2636 4092 2741 4132 una
2775 4090 2902 4131 cum
2950 4073 3074 4129 aliis
3114 4072 3282 4128 etiam
3317 4064 3628 4123 Ismaelem.

2014 4169 2189 4226 Natus
2220 4178 2405 4224 autem
2423 4176 2509 4224 est
2532 4176 2724 4240 postea
2745 4166 2891 4222 ﬁlius
2913 4165 3196 4228 exlibera,
3216 4161 3326 4217 hoc
3354 4167 3439 4216 est
3456 4159 3630 4214 Isaae.

2013 4259 2158 4327 Quid
2186 4258 2255 4316 ad
2288 4260 2441 4316 haec?
2473 4260 2665 4329 Neque
2700 4273 2831 4314 vero
2858 4260 2970 4331 jam
3009 4254 3315 4313 tolerabilis
3347 4260 3465 4308 erat
3499 4266 3635 4321 spu-

2015 4353 2132 4410 rius
2162 4354 2311 4410 ﬁlius
2360 4354 2559 4410 ludens
2590 4353 2647 4408 in
2680 4353 2847 4408 domo
2888 4350 2995 4425 73
3027 4350 3245 4415 Ismael,
3287 4346 3378 4403 cui
3417 4353 3632 4400 tantum

2013 4443 2131 4502 fere
2161 4447 2392 4503 honoris
2423 4445 2777 4503 deferebatur
2804 4454 2969 4515 atque
3011 4442 3183 4499 Isaac.
3228 4461 3246 4494 ι
3274 4440 3424 4496 Vidit
3458 4436 3630 4502 enim,

2015 4534 2218 4608 inquit,
2251 4534 2384 4593 Sara
2425 4532 2623 4591 ﬁlium'
2663 4534 2809 4607 Agar
2846 4534 3132 4606 Egyptian,
3160 4531 3254 4602 qui
3299 4537 3463 4585 natus
3508 4534 3633 4583 erat

286 4608 345 4661 τί
368 4605 438 4661 τδ
474 4604 619 4677 μετὰ
642 4603 836 4674 τοῦτο;
862 4607 940 4661 οὐ
970 4609 1210 4681 φορητὸς
1228 4605 1299 4682 ἦν
1332 4609 1415 4664 ἔτι
1447 4612 1477 4664 6
1502 4612 1659 4677 νόθος
1688 4613 1909 4697 ἀθύρων

2020 4603 2268 4697 Abrahae,
2307 4627 2594 4685 ludentem
2617 4603 2744 4684 eum
2790 4603 3097 4682 Isaae'ﬁliol
3138 4639 3241 4679 suo
3270 4621 3336 4675 δ’.
3364 4640 3383 4673 ι
3419 4616 3633 4675 Deinde

290 4701 412 4764 υἱὸς
436 4697 591 4753 κατὰ
605 4696 706 4768 τὴν
718 4698 906 4753 ἑστίαν
921 4700 951 4753 6
971 4698 1207 4770 ισμαὴλ,
1226 4702 1323 4755 καὶ
1342 4703 1400 4757 ὲν
1419 4703 1520 4775 ἴσῳ
1541 4720 1645 4759 που
1663 4706 1805 4778 τάχα
1826 4705 1907 4779 τῷ

301 4791 505 4845 Ἰσαὰκ
542 4788 882 4862 τιμώμενος.
903 4810 921 4843 ι
952 4785 1076 4846 Εἷδε
1100 4791 1234 4866 γάρ.
1269 4795 1426 4867 φησὶ,
1461 4796 1651 4869 uappa
1677 4798 1770 4852 τὸν
1791 4799 1905 4855 υἱὸν

291 4885 488 4954 Ἀγαρ
511 4882 617 4954 τῆς
654 4881 985 4951 Αἰγυπτίας,
1018 4881 1077 4946 ὃς
1114 4884 1338 4953 ἐγένετο
1361 4885 1439 4958 τῷ
1471 4886 1751 4960 Ἀϐραὰμ,
1776 4888 1906 4943 παί-

288 4974 466 5038 ζοντα
493 4973 638 5045 μετὰ
674 4972 863 5028 Ἰσαὰκ
893 4972 990 5027 τοῦ
1025 4974 1143 5028 υἱοῦ
1173 4974 1368 5048 αὐτῆς.
1424 4998 1444 5031 ›
1478 4974 1615 5034 Εἶτα
1652 4979 1905 5051 πρόσεισι

285 5064 704 5137 δεδακρυμένη,
733 5065 955 5121 κατὰτὸ
982 5068 1151 5133 εἰκὸς,
1184 5068 1279 5123 καὶ
1311 5068 1571 5139 λέγουσα·
1605 5088 1624 5122 ι
1661 5071 1904 5127 Ἔκϐαλε

285 5159 391 5228 τὴν
425 5156 734 5229 παιδίσκην
764 5157 994 5232 ταύτην,
1046 5162 1141 5214 καὶ
1174 5161 1267 5214 τὸν
1305 5162 1422 5217 υἱὸν
1462 5165 1653 5235 αὐτῆς.
1685 5167 1762 5220 06
1792 5167 1903 5239 γὰρ

289 5251 369 5321 μὴ
406 5249 823 5322 κληρονομήσει
852 5252 882 5305 6
920 5251 1036 5316 υἱὸς
1063 5252 1169 5325 τῆς
1205 5255 1500 5328 παιδίσκης
1523 5256 1731 5331 ταύτης
1765 5261 1905 5331 μετὰ.

282 5339 384 5394 τοῦ
427 5336 555 5393 υἱοῦ
592 5355 698 5411 μου
738 5339 950 5396 Ἰσαάκ.
989 5342 1235 5415 Σκληρδν
1270 5344 1362 5410 δὲ,
1400 5347 1590 5417 φησὶν,
1632 5349 1808 5422 ἐφάνη
1842 5351 1905 5405 τὸ

284 5433 448 5501 ῥῆμα
480 5430 691 5501 σφόδρα
716 5431 964 5487 ἐναντίον
1002 5432 1253 5505 Ἀϐραὰμ
1294 5435 1425 5508 περὶ
1448 5438 1542 5491 τοῦ
1566 5438 1684 5492 υίοῦ
1706 5440 1895 5496 αὐτοῦ.

284 5516 429 5575 Isim
468 5520 528 5575 δὲ
567 5523 596 5576 ὁ
630 5520 767 5586 Θεὸς
798 5523 880 5594 τῷ
925 5523 1201 5601 Ἀϐραάμ·
1239 5528 1331 5598 Μὴ
1381 5527 1619 5603 σκληρὸν
1654 5530 1794 5588 ἔστω
1841 5536 1902 5589 τὸ

288 5611 450 5684 ῥῆμα
490 5611 741 5666 ἐναντίον
785 5629 881 5666 σου
922 5614 1051 5685 περὶ
1090 5615 1187 5671 τοῦ
1228 5617 1446 5671 παιδίου
1502 5620 1597 5672 καὶ
1632 5622 1761 5694 περὶ
1781 5607 1903 5695 ’τῆς

285 5704 613 5779 παιδίσκης.
658 5705 852 5783 Πάντα
896 5706 998 5761 ὅσα
1042 5706 1140 5764 ἐὰν
1187 5711 1318 5782 εἴπῃ
1363 5728 1445 5766 σοι
1494 5713 1705 5787 Σὰρῤα,
1737 5717 1905 5772 ἄκουε

2006 4722 2199 4796 prodit
2240 4722 2399 4788 ﬁens,
2432 4728 2496 4776 ut
2538 4719 2842 4777 verisimile
2888 4729 2993 4783 est,
3033 4732 3099 4772 ac
3148 4715 3381 4771 dicens:
3414 4731 3430 4764 ι
3478 4710 3632 4782 Ejice

2011 4814 2265 4870 ancillam
2304 4814 2447 4869 hanc
2473 4821 2531 4869 et
2558 4812 2732 4869 filium
2770 4812 2910 4883 ejus.
2936 4810 3058 4866 Non
3096 4809 3245 4865 enim
3285 4802 3635 4862 haereditahit

2014 4904 2160 4961 ﬁlius
2195 4905 2412 4961 ancillae
2458 4905 2629 4977 hujus
2662 4919 2788 4960 cum
2814 4904 2927 4959 ﬁlio
2951 4918 3075 4958 meo
3100 4901 3271 4957 Isaac.
3296 4901 3511 4955 Durum
3534 4912 3632 4952 au-

2012 4999 2145 5060 tem,
2169 4993 2370 5065 inquit,
2386 4992 2568 5049 visum
2589 5004 2675 5051 est
2694 4993 2925 5050 verbum
2951 4993 3055 5047 hoc
3072 4991 3430 5046 vehementer
3445 5002 3628 5042 coram

2011 5084 2291 5141 Abraham
2308 5086 2377 5142 de
2408 5085 2524 5142 ﬁlio
2549 5102 2669 5142 suo.
2695 5085 2847 5142 Dixit
2868 5093 3053 5142 autem
3087 5080 3483 5138 DeusAbrahze
3515 5080 3638 5137 :No'

2012 5177 2214 5234 durum
2254 5179 2326 5235 sit
2365 5195 2553 5236 coram
2592 5189 2643 5236 te
2690 5179 2759 5235 de
2803 5178 2917 5234 ﬁlio
2959 5188 3016 5234 et
3062 5178 3130 5232 de
3168 5175 3387 5232 ancilla.
3433 5173 3629 5231 Omnia

2011 5285 2135 5341 qua:
2173 5269 2375 5325 dixerit
2419 5272 2519 5331 tibi
2568 5272 2725 5338 Sara,
2782 5271 2912 5327 audi
2947 5287 3139 5328 vocem
3209 5271 3350 5344 ejus,
3402 5271 3532 5342 quia
3573 5269 3628 5325 in

2012 5361 2163 5418 Isaac
2192 5361 2482 5418 vocabitur
2509 5363 2610 5418 tibi
2647 5380 2869 5433 semen;
2904 5365 3079 5420 ﬁlium
3124 5363 3291 5421 etiam
3327 5363 3542 5419 ancilla:
3577 5362 3630 5417 in

2006 5461 2227 5525 gentem
2261 5467 2517 5534 magnam
2538 5453 2757 5522 faciam,
2786 5457 2916 5529 quia
2952 5473 3144 5514 semen
3184 5467 3336 5513 tuum
3367 5463 3471 5522 est,
3498 5453 3632 5509 Sur-

2010 5546 2154 5603 rexit
2192 5554 2377 5603 autcm
2429 5546 2706 5606 Abraham
2751 5566 2936 5618 mane,
2988 5558 3044 5606 et
3092 5549 3306 5622 accepit
3354 5561 3527 5620 panes
3573 5552 3632 5600 et

2013 5644 2193 5692 utrem
2248 5654 2425 5709 aqum,
2472 5648 2529 5696 et
2573 5639 2728 5696 dedit
2771 5640 2936 5713 Agar,
2987 5651 3043 5698 et
3078 5639 3342 5713 imposuit
3389 5651 3627 5707 puerum

2014 5742 2183 5798 super
2216 5727 2480 5787 humeros
2505 5731 2645 5802 ejus,
2695 5739 2752 5787 et
2785 5729 2996 5786 dimisit
3019 5715 3176 5784 eam.
3199 5725 3407 5787 Abiens
3442 5732 3492 5773 α·
3518 5731 3626 5778 tem

402 5885 449 5916 "
469 5888 647 5947 Hebr.
674 5908 748 5959 γι,
785 5889 977 5948 13-18.
1054 5892 1098 5925 "
1150 5893 1288 5952 Gen.
1328 5912 1439 5967 xvi,
1490 5897 1606 5954 1-6.
1683 5899 1729 5931 ⁵⁵
1772 5899 1912 5958 Ibid.
1946 5902 2063 5961 7—9.
2145 5906 2185 5940 “
2222 5907 2360 5966 Gen.
2405 5910 2705 5978 xvn,9-H.
2780 5913 2823 5942 ’⁸³
2860 5910 3001 5969 Gen.
3028 5907 3216 5969 “1.9-

356 5981 378 6009 4
