4092 6488
533 428 643 483 195

1567 424 1624 480 S.
1667 424 1945 481 CYRILLI
1985 425 2459 483 ALEXANDle
2493 426 2814 484 ARCHIEP.

3711 426 3817 482 424

536 537 759 594 errabat
786 553 885 609 per
909 537 1188 592 desertum
1201 536 1352 607 juxta
1379 544 1603 606 puteum
1619 537 1946 593 Juramenti.
1969 537 2128 594 Defe-

2241 537 2330 608 ιῆς
2368 539 2552 608 φωνῆς
2607 539 2814 610 αὐτῆς,
2861 539 2941 592 ὅτι
2983 538 3045 592 ἐν
3107 536 3291 591 Ἰσαάκ
3345 535 3678 608 κληθήσεταί
3730 555 3816 594 σοι

536 628 616 685 cit
655 637 834 684 autem
885 642 1026 698 aqua
1065 628 1228 691 utris,
1278 635 1334 681 et
1376 627 1604 696 projecit
1647 643 1880 698 puerum
1935 630 2128 685 subter

543 734 708 773 unam
752 717 1012 783 abietem,
1053 725 1113 772 et
1145 715 1337 771 abiens
1381 717 1522 771 sedit
1549 733 1580 773 e
1623 719 1842 789 regione
1897 721 2018 791 ejus
2059 719 2127 774 de

541 810 720 880 longe,
751 808 907 878 quasi
937 823 1097 862 arcus
1125 808 1352 878 jactum.
1379 807 1524 863 Dixit
1555 809 1702 863 enim
1734 827 1748 863 :
1774 809 1895 864 Non
1928 810 2128 866 videbo

541 908 775 955 mortem
807 899 902 953 filii
939 900 1068 964 mei,
1109 907 1165 952 et
1190 899 1331 952 sedit
1357 913 1422 952 ex
1458 898 1708 955 adverso.
1745 899 1998 957 Clamans
2028 917 2128 956 au-

535 999 652 1046 tem
692 1007 829 1062 puer
866 989 1034 1045 ﬂevit.
1066 991 1135 1060 Et
1162 989 1443 1045 exaudivit
1475 990 1620 1045 Deus
1649 1007 1881 1060 puerum
1909 993 1977 1048 de
2008 993 2129 1049 loco

541 1082 636 1136 ubi
666 1091 806 1136 erat.
829 1081 898 1136 Et
926 1080 1143 1136 vocavit
1179 1080 1407 1151 angelus
1435 1081 1651 1136 Domini
1683 1083 1823 1154 Agar
1861 1082 1929 1137 de
1967 1083 2127 1149 caelo,

529 1179 597 1226 εει
633 1171 772 1224 dixit
809 1170 861 1224 ei
893 1169 1075 1236 :Quid
1129 1178 1232 1235 est,
1267 1169 1442 1241 Agar?
1484 1186 1553 1225 ne
1596 1172 1812 1236 timeas,
1851 1171 2132 1228 exaudivit

533 1261 688 1316 enim
722 1261 868 1315 Deus
894 1275 1086 1316 vocem
1123 1260 1281 1329 pueri
1309 1260 1377 1316 de
1405 1261 1526 1316 loco
1553 1261 1649 1315 ubi
1681 1268 1783 1316 est.
1810 1260 2006 1332 Surge,
2042 1277 2133 1318 ac-

541 1350 663 1420 cipe
711 1364 966 1420 puerum,
1005 1356 1062 1404 et
1117 1357 1242 1405 tene
1279 1365 1444 1404 manu
1474 1359 1568 1404 tua
1608 1365 1755 1405 eum.
1799 1351 1868 1404 Et
1917 1351 2134 1420 aperuit

542 1441 689 1498 Deus
723 1441 914 1496 oculos
951 1441 1116 1506 illius,
1154 1449 1210 1496 et
1242 1440 1381 1496 vidit
1413 1450 1638 1510 puteum
1691 1455 1848 1510 aquae
1877 1439 2036 1506 vivae,
2077 1451 2134 1499 et

537 1530 700 1596 abiit,
736 1539 790 1586 et
809 1530 1055 1601 implevit
1089 1537 1264 1584 utrem
1287 1543 1447 1598 aqua,
1471 1538 1527 1583 et
1555 1526 1706 1582 dedit
1738 1539 1927 1598 potum
1959 1543 2134 1598 puero

542 1638 663 1677 suo.
704 1621 772 1676 Et
803 1619 909 1677 fuit
945 1621 1090 1675 Deus
1127 1635 1252 1676 cum
1282 1634 1475 1688 puero.
1515 1618 1585 1672 Et
1617 1619 1793 1673 crevit
1828 1619 1894 1674 ⁸³.
1925 1639 1942 1671 ι
1981 1620 2133 1676 Divi-

541 1728 648 1769 nus
666 1714 813 1769 enim
834 1712 1110 1768 Abraham
1144 1712 1262 1782 lege
1302 1719 1531 1776 naturae,
1580 1726 1700 1780 quae
1740 1711 1901 1766 nobis
1934 1712 2136 1768 libero-

543 1820 669 1859 rum
691 1819 934 1859 amorem
960 1803 1180 1868 indidit,
1199 1802 1378 1856 victus
1405 1801 1648 1856 lsmaelis
1677 1817 1863 1857 curam
1887 1803 2130 1874 gerebat.

2229 627 2467 700 σπέρμα.
2498 629 2606 682 Καὶ
2637 628 2728 682 τὸν
2767 629 2881 683 υἱὸν
2909 627 2966 682 δέ
2997 629 3094 699 τῆς
3129 627 3420 697 παιδίσκης
3451 626 3686 700 ταύτης,
3730 629 3815 692 είς

2227 717 2379 780 ἔθνος
2438 716 2581 788 μέγα
2623 718 2837 788 ποιήσω
2882 717 3064 780 αὑτὸν,
3111 720 3194 772 ὅτι
3238 715 3464 786 σπέρμα
3496 718 3591 769 σού
3636 717 3812 772 ἐστιν.

2241 808 2466 879 ’Δνέστη
2511 808 2570 862 δέ
2619 808 2870 882 ’Δϐραάμ
2911 809 2972 863 τὸ
3007 808 3176 881 πρωϊ,
3213 809 3309 863 καὶ
3351 807 3550 862 ἐλαϐεν
3608 806 3814 876 ἄρτους

2228 900 2321 952 καὶ
2348 900 2516 954 ἀσκὺν
2547 898 2759 964 ὓδατος,
2807 900 2902 954 καὶ
2931 900 3129 954 ἔδωκεν
3163 899 3362 970 Ἅγαρ,
3399 898 3495 951 καὶ
3537 895 3818 967 ἐπέθηκεν

2229 985 2318 1039 ἐπὶ
2341 985 2432 1038 τὸν
2457 979 2610 1056 ὦμον
2647 987 2741 1040 καὶ
2771 987 2833 1040 τὸ
2862 987 3096 1052 παιδίον,
3129 987 3224 1042 καὶ
3256 986 3578 1041 ἀπέστειλεν
3615 986 3811 1056 αὐτήν.

2242 1074 2574 1131 ’Δπελθοῦσα
2595 1076 2650 1129 δέ
2693 1076 2962 1132 ἐπλανᾶτο
2981 1076 3081 1148 τὴν
3119 1077 3346 1149 ἔρημον,
3376 1074 3518 1130 κατὰ
3547 1075 3608 1128 τὸ
3629 1074 3816 1145 φρέαρ

2229 1165 2324 1221 τοῦ
2355 1167 2583 1239 Ὅρκου.
2622 1166 2865 1233 Ἐξέλιπε
2884 1166 2940 1219 δέ
2965 1167 3026 1221 τὸ
3059 1166 3204 1238 ὕδωρ
3248 1167 3320 1219 ἐκ
3359 1165 3453 1220 τοῦ
3485 1163 3678 1228 ἀσκοῦ,
3716 1163 3810 1220 καὶ

2231 1258 2420 1330 ἔρριψε
2448 1257 2511 1312 τὸ
2554 1258 2765 1313 παιδίον
2791 1257 3052 1312 ὑποκάτω
3085 1259 3216 1329 μιᾶς
3235 1257 3454 1322 ἐλάτης.
3472 1251 3815 1308 ’Δπελθοῦσα

2230 1349 2308 1413 δέ,
2346 1350 2584 1421 ἐκάθητο
2628 1350 2890 1405 ἀπέναντι
2922 1347 3087 1404 αὑτοῦ
3144 1346 3444 1420 μακρόθεν,
3491 1344 3624 1399 ὡσεὶ
3653 1343 3815 1408 τόξου

2235 1438 2415 1512 βολήν.
2447 1436 2583 1494 Είπε
2612 1440 2723 1512 γάρ
2751 1457 2764 1470 ·
2802 1441 2876 1494 υύ
2927 1440 3001 1512 μὴ
3033 1439 3126 1492 ῐδω
3155 1438 3248 1492 τὸν
3295 1437 3522 1491 θάνατον
3553 1433 3648 1490 τοῦ
3685 1451 3817 1488 παι-

2231 1531 2343 1585 δίου
2387 1548 2510 1603 μου,
2538 1533 2633 1586 καὶ
2665 1531 2920 1586 ἐκάθισεν
2949 1530 3212 1584 ἀπέναντι
3240 1528 3429 1584 αὐτοῦ.
3478 1526 3819 1597 ’Δναϐοῆσαν

2232 1622 2286 1676 δὲ
2338 1622 2399 1676 τὸ
2451 1623 2662 1678 παιδίον
2713 1623 2999 1677 ἔκλαυσεν.
3048 1621 3353 1692 Είσήκουσε
3392 1618 3450 1673 δὲ
3479 1621 3509 1672 ό
3537 1617 3672 1679 Θεὸς
3716 1614 3821 1684 τῆς

2234 1713 2421 1784 φωνῆς
2449 1714 2544 1768 τοῦ
2579 1714 2791 1770 παιδίου
2829 1715 2896 1768 ἐκ
2933 1712 3028 1766 τοῦ
3073 1713 3242 1766 τόπου
3272 1707 3336 1767 οὗ
3357 1707 3448 1782 ἦν.
3483 1709 3594 1763 Καὶ
3624 1707 3820 1761 ἐκάλε-

2236 1817 2328 1854 σεν
2357 1802 2586 1871 ἄγγελος
2617 1802 2709 1856 τοῦ
2737 1802 2873 1856 Θεοῦ
2903 1801 2999 1873 τὴν
3026 1803 3206 1871 ’Δγαρ
3232 1803 3296 1854 ἐκ
3315 1799 3411 1854 τοῦ
3439 1795 3696 1872 ούρανοῦ,
3724 1794 3821 1848 καὶ

543 1895 836 1964 Postquam
874 1909 1006 1948 vero
1037 1892 1222 1946 divino
1271 1890 1496 1946 oraculo
1532 1891 1776 1946 monitus
1803 1900 1906 1957 est,
1935 1902 1996 1948 ut
2030 1894 2132 1948 soli

2241 1889 2386 1947 εἶπεν
2415 1895 2580 1966 αύτῇ’
2612 1894 2676 1948 Τί
2708 1896 2879 1957 ἐστιν,
2919 1895 3134 1966 Ἀγαρς
3179 1893 3253 1964 μὴ
3291 1890 3460 1962 φοϐοῦ
3487 1907 3499 1922 ⁸
3533 1888 3821 1958 ἐπακήκοι

542 1987 692 2042 lsaac
716 1985 1040 2051 adhaereret,
1065 1993 1254 2054 utpote
1278 1983 1345 2038 ad
1377 1999 1538 2054 quem
1566 1984 1855 2054 promissio
1892 1985 2134 2056 pertine-

2241 1986 2347 2058 γὰρ
2370 1989 2400 2041 ὃ
2425 1986 2559 2051 Θεὸς
2587 1990 2687 2059 τῆς
2713 1987 2902 2059 φωνῆς
2932 1987 3028 2041 τοῦ
3054 1988 3268 2042 παιδίου
3299 2004 3392 2040 σου
3419 1987 3484 2038 ἐκ
3521 1983 3617 2038 τοῦ
3640 1983 3814 2036 τόπου

541 2077 654 2142 bat,
677 2077 886 2134 dimisit
916 2077 1142 2147 quidem
1168 2076 1327 2147 Agar,
1363 2084 1416 2129 et
1438 2091 1544 2130 una
1584 2092 1707 2130 cum
1732 2075 1939 2132 infante
1971 2077 2128 2134 herili

2241 2075 2298 2137 οὗ
2316 2079 2484 2134 ἔστιν.
2532 2080 2820 2152 Ἀνάστηθι
2856 2080 2950 2135 καὶ
2977 2079 3109 2134 λάϐε
3131 2080 3193 2134 τὸ
3225 2078 3457 2144 παιδίον,
3475 2077 3572 2132 καὶ
3607 2076 3817 2147 κράτη-

539 2168 706 2224 domo
750 2169 1014 2224 excedere
1047 2169 1230 2240 jussit,
1263 2167 1468 2223 Christi
1505 2167 1770 2223 nimirum
1809 2171 2130 2242 mysterium

2241 2188 2331 2225 σον
2361 2175 2426 2244 τῇ
2471 2173 2613 2244 χειρί
2667 2189 2763 2226 σου
2807 2173 2963 2228 αὐτό.
3019 2173 3132 2227 Καὶ
3177 2171 3410 2242 ἀνέῳξεν
3451 2172 3481 2223 ό
3522 2169 3658 2232 Θεὸς
3696 2167 3823 2230 τοὺς

541 2259 701 2330 legali
726 2268 852 2331 typo
880 2267 1350 2329 praemonstrante.

2241 2264 2549 2336 ὀφθαλμοὺς
2601 2267 2774 2338 αὐτῆς
2793 2308 2810 2332 ,
2858 2267 2953 2322 καὶ
2998 2261 3105 2320 εἶδε
3157 2266 3336 2336 φρέαρ
3365 2263 3556 2326 ὓδατος
3593 2260 3821 2326 ζῶντος,

541 2357 638 2412 καὶ
687 2355 958 2426 ἐπορεύθη
983 2396 997 2420 ,
1040 2355 1136 2409 καὶ
1185 2353 1388 2426 ἔπλησε
1439 2353 1531 2408 τὸν
1571 2354 1739 2408 ἀσκὸν
1777 2354 1991 2420 ὓδατος,
2039 2358 2132 2412 καὶ
2170 2360 2391 2414 ἐπότισε
2418 2360 2481 2415 τὸ
2514 2361 2749 2416 παιδίον.
2773 2363 2884 2416 Καὶ
2916 2357 2984 2434 ἦν
3011 2361 3188 2424 όΘεδς
3254 2359 3392 2432 μετὰ
3451 2358 3547 2415 τοῦ
3583 2355 3820 2421 παιδίου,

544 2450 638 2503 καὶ
678 2448 908 2522 ηὐξήθη.
944 2467 962 2500 ι
1007 2449 1064 2501 '0
1094 2449 1191 2518 μὲν
1224 2448 1332 2519 γὰρ
1398 2449 1682 2513 θεσπέσιος
1728 2449 2001 2522 Ἀϐραάμ,
2033 2456 2144 2517 τοῖς
2179 2455 2278 2525 τῆς
2341 2455 2686 2525 φιλοπαιδίας
2734 2456 3047 2528 ἡττώμενος
3085 2455 3291 2527 νόμοις,
3351 2455 3699 2523 μετεποιεῖτο
3729 2449 3824 2503 τοῦ

555 2538 802 2614 Ἰσμαήλ.
851 2540 1068 2612 Ἐπειδὴ
1106 2541 1162 2594 δὲ
1189 2541 1250 2593 τὸ
1291 2539 1434 2593 θεῖον
1458 2541 1622 2594 αὐτὸν
1656 2542 1842 2596 ἐκάλει
1868 2543 2250 2615 χρησμῴδημα
2310 2546 2448 2618 πρός
2485 2565 2549 2616 γε
2595 2547 2658 2601 τὸ
2701 2548 2900 2619 χρῆναι
2955 2547 3101 2618 μόνῳ
3122 2542 3482 2616 προσκεῖσθαι
3528 2541 3606 2612 τῷ
3643 2541 3827 2595 Ἰσαάκ

538 2629 619 2697 ὡς
655 2634 741 2686 ἐπ’
775 2632 923 2703 αὐτῷ
967 2631 1268 2703 γενομένης
1317 2631 1417 2701 τῆς
1473 2631 1827 2700 ἐπαγγελίας,
1870 2634 2018 2703 ἠφίει
2054 2635 2153 2707 τὴν
2179 2639 2380 2711 Ἀγαρ,
2423 2640 2518 2693 καὶ
2574 2637 2712 2710 ὁμοῦ
2758 2638 2839 2709 τῷ
2903 2638 3096 2710 βρέφει
3135 2637 3233 2709 τῆς
3275 2635 3600 2704 δεσποτικῇ
3648 2633 3827 2696 ἐστίας

545 2726 807 2798 ἀπαίρειν
843 2724 1083 2789 ἐκέλευε,
1119 2722 1214 2778 τοῦ
1271 2724 1415 2777 κατᾶ
1449 2725 1684 2795 Χριστὸν
1717 2727 2018 2799 μυστηρίου
2057 2730 2149 2782 τὸν
2185 2731 2356 2784 τύπον
2379 2730 2474 2784 τοῦ
2503 2731 2669 2800 νόμου
2702 2728 3222 2800 προαναφαίνοντος.

615 2820 668 2875 6.
704 2817 1025 2874 Referamus
1049 2818 1234 2888 itaque
1265 2833 1576 2874 sermonem
1597 2835 1626 2875 a
1646 2820 1824 2892 capite
1855 2840 1868 2876 :
1896 2824 1971 2878 ita
1992 2823 2140 2880 enim

2320 2825 2395 2891 ς’.
2430 2825 2540 2880 Καὶ
2568 2824 2634 2896 δὴ
2662 2824 2758 2879 καὶ⁵
2785 2824 3036 2894 λέγωμεν
3059 2819 3485 2892 ἀνακομίζοντες
3511 2819 3826 2887 ἀναγκαίως

544 2907 987 2964 manifestissime
1031 2908 1156 2978 quis
1191 2908 1396 2974 videat,
1437 2910 1583 2980 quod
1635 2911 1722 2977 iis,
1761 2928 1885 2982 qua).
1915 2913 1973 2968 in
2023 2915 2143 2986 lege

2248 2917 2329 2979 είς
2354 2916 2415 2970 τὺ
2443 2918 2500 2970 ἐν
2540 2917 2737 2988 ἀρχαῖς
2769 2915 2862 2969 τὸν
2888 2913 3068 2982 λόγον.
3100 2909 3552 2964 Εύσυνοπτότατα
3580 2908 3690 2978 γὰρ
3729 2906 3824 2960 ὡδὶ

543 3010 695 3066 sunt,
724 2999 1037 3071 antiquiora
1058 3001 1165 3057 sint
1196 3016 1260 3056 ea
1288 3016 1409 3070 quae
1423 3017 1521 3071 per
1547 3000 1828 3059 Christum
1851 3023 1865 3058 :
1886 3005 2145 3076 quodque

2250 3007 2566 3080 καταθεῷτό
2600 3026 2680 3072 τις
2717 3009 2814 3071 ἂν,
2849 3007 2932 3060 ὅτι
2976 3004 3324 3078 πρεσϐύτερα
3353 3001 3460 3056 τῶν
3493 3003 3552 3055 ἐν
3579 3000 3731 3071 νόμῳ
3761 2999 3826 3053 τά

543 3100 672 3149 ante
705 3091 1183 3148 circumcisionem
1237 3091 1346 3164 74
1374 3092 1696 3163 justiﬁcatio
1745 3110 1844 3164 per
1875 3094 2040 3151 ﬁdem
2076 3096 2145 3151 sit

2251 3099 2342 3154 διὰ
2372 3099 2630 3171 Χριστοῦ·
2664 3100 2759 3153 καὶ
2789 3097 2891 3168 τῆς
2913 3098 2972 3150 ἐν
3011 3098 3176 3166 σαρκὶ
3209 3094 3542 3164 περιτομῆς,
3577 3095 3613 3164 ἡ
3643 3094 3701 3146 ἐν
3737 3091 3824 3144 πί-

543 3191 784 3239 ostensa.
825 3183 1054 3254 Signum
1084 3183 1230 3236 enim
1261 3182 1450 3238 datum
1487 3193 1574 3238 est
1616 3183 1852 3239 Abrahae
1911 3184 2145 3241 circum-

2255 3210 2372 3247 στει
2412 3193 2714 3258 δικαίωσις,
2740 3190 3104 3263 ἀρχαιοτέραν
3139 3188 3252 3259 ἔχει
3297 3187 3397 3258 τὴν
3427 3184 3823 3258 προανάδειξιν.

544 3277 683 3332 cisio
731 3276 789 3332 in
829 3275 1098 3348 praaputio
1142 3275 1290 3341 ﬁdei,
1339 3277 1494 3346 juxta
1545 3275 1937 3346 sapientissimi
1995 3278 2141 3336 Pauli

2249 3286 2482 3356 Σημείον
2511 3284 2621 3355 γάρ
2651 3283 2858 3338 δέδοται
2898 3281 2977 3353 τῷ
3022 3279 3276 3352 ’Δϐραὰμ
3314 3279 3348 3350 ἠ
3384 3277 3695 3348 περιτομὴ,
3730 3274 3826 3344 τῆς

545 3382 759 3423 vocem.
819 3367 1037 3423 Acerhe
1095 3366 1281 3436 itaque
1323 3365 1538 3423 ferebat
1601 3367 1802 3421 beatus
1846 3366 2145 3432 Abraham,

2249 3379 2308 3430 ἐν
2365 3374 2702 3447 ἀκροϐυστίᾳ
2748 3374 3018 3436 πίστεως,
3056 3371 3198 3424 κατὰ
3238 3368 3338 3440 τὴν
3381 3367 3476 3422 τοῦ
3518 3365 3826 3436 σοφωτάτω

546 3459 694 3530 quod
723 3473 834 3514 non
879 3467 1025 3514 esset
1057 3453 1227 3528 pater
1271 3457 1369 3512 ﬁlii
1398 3457 1581 3523 liberi,
1623 3457 1941 3530 habensque
1978 3460 2148 3514 ﬁlium

547 3564 616 3604 ex
655 3548 928 3621 Egyptia,
967 3550 1132 3620 Agar,
1187 3549 1431 3620 inquam,
1466 3551 1852 3607 maestissimus
1897 3551 2148 3623 degebat,

549 3638 722 3694 instar
741 3638 995 3694 orbitatis
1024 3654 1146 3693 esse
1175 3654 1406 3696 censens
1451 3655 1640 3696 semen
1662 3642 1912 3710 spurium
1947 3653 2005 3698 et
2040 3659 2150 3699 non

549 3729 810 3786 liberum.
865 3729 1162 3800 Postquam
1202 3746 1334 3785 vero
1371 3732 1767 3802 promissiones
1800 3733 1868 3790 de
1907 3734 2152 3805 legitimo

551 3817 666 3872 lilio
694 3818 928 3888 accepit,
961 3819 1223 3875 nimirum
1255 3821 1425 3888 Isaac,
1453 3824 1707 3894 clareque
1743 3823 1972 3889 audivit,
2003 3824 2151 3894 quod

551 3923 652 3980 per
685 3909 864 3980 ipsum
891 3908 1111 3966 futurus
1139 3920 1284 3966 esset
1312 3922 1467 3982 pater
1503 3914 1841 3970 inﬁnitarum
1871 3925 2034 3986 atque
2064 3916 2152 3970 in-

551 3999 980 4054 numerabilium
997 4000 1262 4071 gentium,
1279 4003 1614 4074 justiﬁcatus
1629 4014 1714 4060 est
1728 4006 1980 4061 credens.
1995 4006 2152 4072 Quod

552 4101 736 4147 autem
759 4107 1118 4162 possessurus
1139 4103 1286 4149 esset
1319 4104 1523 4152 terram
1549 4113 1580 4153 a
1605 4098 1717 4154 Deo
1750 4098 1853 4168 ipsi
1883 4109 2154 4156 monstra-

557 4190 688 4248 tam,
721 4203 739 4235 ι
764 4181 887 4238 Tibi
908 4185 1076 4251 enim,
1101 4206 1120 4238 ›
1154 4185 1354 4257 inquit,
1387 4208 1406 4240 ι
1442 4189 1584 4253 dabo
1616 4196 1819 4246 terram
1859 4190 2004 4247 hanc
2029 4192 2096 4258 “,
2127 4211 2146 4244 ι

555 4283 616 4327 ut
641 4273 844 4329 certior
883 4273 1041 4330 ﬁeret
1073 4279 1302 4348 rogavit,
1338 4279 1567 4335 dicens:
1612 4299 1630 4332 ι
1666 4281 1917 4349 Domine,
1959 4299 2155 4340 secun-

553 4364 682 4420 dum
703 4366 836 4436 quid
856 4367 1025 4422 sciam
1062 4370 1206 4440 quod
1230 4371 1568 4428 haereditabo
1593 4373 1678 4428 ⁸⁸⁸2
1705 4394 1725 4426 ι
1771 4375 1984 4432 Idcirco
2009 4379 2155 4434 Deus

553 4463 615 4510 ut
641 4455 938 4512 divisiones
973 4459 1250 4530 acciperet
1285 4462 1473 4533 jussit,
1509 4463 1737 4520 vitulam
1775 4466 2069 4534 triennem,
2099 4477 2157 4525 et

553 4561 794 4615 capram,
818 4556 876 4602 et
914 4549 1166 4616 arietem,
1195 4559 1252 4606 et
1291 4560 1564 4608 turturem
1609 4564 1666 4610 et
1701 4557 2034 4615 columbam.
2085 4560 2156 4616 Et

2247 3467 2458 3521 Παύλου
2515 3467 2717 3537 φωνήν.
2786 3462 3168 3534 Δεδυσφόρηκε
3229 3460 3415 3513 τοίνυν
3465 3458 3494 3510 ὁ
3550 3456 3828 3528 μακάριος

2247 3557 2530 3631 Ἀϐραὰμ,
2563 3559 2646 3611 ὅτι
2684 3556 2760 3629 μὴ
2794 3555 2991 3610 τέκνου
3035 3553 3259 3624 γέγονεν
3302 3548 3591 3620 ἐλευθέρου
3627 3547 3823 3617 πατήρ.

2249 3649 2361 3702 Καὶ
2392 3649 2485 3704 τὸν
2519 3650 2584 3702 ἐκ
2615 3648 2718 3719 τῆς
2759 3645 3066 3716 Αἰγυπτίας
3104 3643 3243 3714 έχων
3273 3642 3390 3696 υίὺν
3409 3680 3424 3705 ,
3453 3639 3601 3712 φημὶ
3629 3639 3692 3710 δὴ
3731 3637 3828 3718 τῆς

2253 3743 2469 3811 Ἀγαρ,
2510 3738 2846 3811 άθυμὼτατα
2886 3735 3150 3799 διετέλει,
3191 3735 3250 3788 ὲν
3294 3731 3393 3804 ίσῳ
3432 3731 3532 3801 τῆς
3576 3727 3828 3788 ἀπαιδίας

2248 3835 2419 3898 τιθεὶς
2455 3835 2679 3904 σπέρμα
2713 3831 2775 3886 τὸ
2810 3831 2966 3887 νόθον
3007 3830 3102 3884 καὶ
3133 3829 3236 3882 οὐκ
3262 3824 3572 3896 ἐλεύθερον.
3617 3817 3828 3889 Ἐπειδὴ

2249 3929 2306 3981 δέ
2351 3926 2451 3989 τὰς
2501 3923 2838 3994 ἐπαγγελίας
2891 3922 3105 3992 ἐδέχετο
3147 3920 3245 3983 τὰς
3274 3917 3367 3972 ἐπί
3406 3932 3470 3985 γε
3499 3912 3578 3984 τῷ
3628 3910 3828 3982 γνησίῳ

2251 4017 2440 4082 παιδὶ,
2488 4015 2632 4086 φημὶ
2666 4014 2731 4085 δὴ
2788 4011 2868 4084 τῷ
2909 4011 3116 4076 Ἰσαὰκ,
3167 4006 3334 4078 ἤκουέ
3381 4023 3442 4058 τε
3488 4002 3714 4073 σαφῶς,
3755 3998 3827 4060 ὡς

2251 4106 2406 4162 ἔσται
2437 4105 2622 4177 πατὴρ
2660 4105 2717 4158 ἐν
2738 4101 2886 4173 αύτῷ
2914 4101 3126 4173 μυρίων
3151 4117 3212 4153 τε
3235 4099 3376 4152 ὅσων
3404 4095 3498 4149 καὶ
3520 4089 3827 4164 ἀναριθμή-

2251 4215 2360 4252 των
2406 4196 2613 4261 ἐθνῶν,
2649 4193 2956 4249 ἐδικαιοῦτο
3007 4190 3302 4246 πιστεύων.
3351 4189 3477 4242 ’Ότι
3522 4186 3584 4239 δὲ
3632 4182 3723 4237 καὶ
3773 4180 3827 4232 ἐν

2253 4287 2582 4359 κατασχέσει
2612 4286 2903 4356 γενήσεται
2933 4283 3032 4354 τῆς
3061 4278 3463 4357 ἐπιδειχθείσης
3491 4273 3641 4344 αῦτῷ
3684 4267 3826 4336 παρὰ

2253 4375 2391 4430 Θεοῦ
2420 4378 2544 4447 γῆς,
2566 4393 2584 4428 ι
2614 4375 2708 4429 Σοὶ
2727 4374 2858 4444 γὰρ,
2893 4368 3292 4440 ἐφασκε,δὼσω
3319 4367 3418 4438 τὴν
3447 4365 3554 4434 γῆν
3577 4362 3778 4447 ταύτην

2255 4439 2722 4540 πληροίρορεῖσθαι
2739 4439 3048 4533 ’παρεκάλει
3073 4459 3270 4527 λέγων·
3298 4475 3316 4508 ι
3339 4454 3608 4517 Δέσποτα,
3624 4445 3764 4540 κατά
3779 4439 3827 4493 τί

2254 4533 2535 4626 γνώσομαι
2563 4551 2741 4618 τοῦτο,
2769 4553 2850 4605 ὅτι
2890 4547 3288 4621 κληρονομήσω
3313 4543 3486 4614 αὐτήν
3512 4559 3524 4606 ;
3554 4560 3573 4592 ι
3615 4533 3828 4602 Ταύτῃ⁹

552 4636 931 4707 quadrupedia
969 4641 1195 4710 quidem
1239 4642 1540 4701 animantia
1593 4647 1815 4703 discidit
1857 4649 2145 4718 Abraham,

2263 4643 2344 4701 τοί
2368 4647 2502 4710 Θεὸς
2527 4644 2829 4716 λαμϐάνειν
2857 4641 3073 4696 ἐκέλευε
3112 4639 3183 4692 τά
3209 4635 3641 4707 διχοτομήματα,
3664 4627 3828 4718 δάμα-

553 4734 609 4778 et
631 4728 906 4782 contraria
938 4727 1005 4783 ad
1030 4746 1088 4786 se
1118 4730 1354 4788 invicem
1384 4736 1590 4804 posuit,
1628 4738 1734 4794 hoc
1768 4749 1872 4804 est,
1912 4713 2145 4797 seriatim

2259 4739 2344 4792 λιν
2370 4713 2771 4809 τριετίζουσαν,
2806 4732 2941 4803 αἷγά
2976 4750 3037 4788 τε
3067 4730 3227 4802 ὁμοῦ,
3257 4728 3351 4783 καὶ
3385 4727 3491 4797 μὴν
3527 4724 3623 4778 καὶ
3660 4715 3825 4809 κριδςις
3855 4778 3860 4782 ,

555 4817 882 4873 collocavit:
925 4835 1053 4876 aves
1072 4839 1205 4878 vero
1236 4839 1350 4880 non
1384 4819 1607 4894 divisit;
1637 4829 1821 4900 abegit
1856 4840 2040 4887 autem
2067 4847 2145 4887 vo

2259 4803 2500 4900 τρυγόνα
2526 4845 2585 4881 τε
2621 4828 2717 4881 καὶ
2760 4823 3111 4897 περιστεράν.
3141 4821 3251 4877 Καὶ
3292 4818 3363 4873 τὰ
3400 4817 3500 4888 μὲν
3533 4803 3826 4882 τετράποδα

554 4907 736 4963 lucres
785 4907 1049 4965 damnum
1088 4911 1295 4969 inferre
1347 4905 1654 4987 cupientes.
1702 4918 1828 4975 Sole
1872 4928 2055 4976 autem
2089 4923 2145 4978 ad

2261 4920 2371 4974 τῶν
2417 4918 2572 4985 ζώων
2628 4903 3052 4988 δεδιχοτόμηκεν
3109 4910 3396 4982 Ἀϐραὰμ,
3444 4901 3831 4988 ἀντιπρόσωπα

552 5013 808 5053 occasum
838 5011 1119 5072 vergente,
1161 5003 1308 5059 Deus
1360 5005 1416 5060 in
1455 5007 1639 5076 specie
1677 5007 1818 5078 ignis
1859 5008 2145 5067 divisiones

2260 5011 2319 5066 δὲ
2362 5011 2646 5082 ἀλλήλοις,
2689 4984 2974 5074 τουτέστι,
3007 5002 3286 5074 στοιχηδὸν
3331 4998 3618 5054 συνετίθει.
3657 4989 3735 5082 Τά
3779 4984 3830 5037 δὲ

558 5084 676 5142 illas
709 5092 1026 5159 pertransiit
1052 5093 1118 5148 “.
1160 5112 1178 5146 ι
1219 5093 1404 5161 Qualis
1447 5097 1633 5168 itaque
1673 5099 1978 5169 spiritualis
2014 5102 2145 5160 ratio

2261 5103 2428 5173 ὄρνεα
2461 5078 2521 5156 ού
2562 5101 2777 5156 διεῖλεν.
2826 5096 3110 5152 Ἐπεσόϐει
3148 5094 3204 5148 δὲ
3232 5094 3326 5146 καὶ
3357 5091 3426 5144 τὰ
3455 5078 3831 5173 καταφθείρειν

559 5178 672 5234 sive
709 5195 902 5237 sensus
938 5182 1024 5238 his
1070 5186 1568 5244 accommodandus
1594 5189 1690 5255 sit,
1721 5206 1824 5261 pro
1873 5192 2022 5248 virili
2065 5193 2145 5249 di-

2258 5166 2513 5250 ἐθέλοντα
2561 5194 2670 5250 τῶν
2717 5191 2958 5263 πτηνῶν.
3013 5186 3196 5241 Ἠλίου
3241 5186 3299 5239 δὲ
3327 5183 3426 5255 ἤδη
3469 5177 3620 5268 πρὸς
3647 5166 3830 5268 αὑταῖς

559 5282 766 5325 camus.
1721 5256 1742 5261 —
2257 5286 2613 5358 καταίροντος
2653 5286 2774 5348 ταῖς
2814 5256 2900 5346 εἰς
2949 5280 3189 5351 ἑσπέραν
3241 5274 3554 5346 ἐσχατιαῖςν
3608 5267 3666 5317 ὲν
3708 5256 3826 5358 Et?“

559 5361 733 5432 πυρὸς
771 5363 937 5417 διέθει
984 5364 1052 5420 τὰ
1080 5367 1496 5444 διχοτομήματα
1524 5371 1675 5438 Θεός.
1736 5375 1896 5429 Ποῖον
1951 5373 2046 5431 οὖν
2073 5367 2078 5372 ’
2110 5378 2218 5450 ἄρα
2257 5345 2877 5450 λόγον’ἐφαρμόσαίμεν
2920 5373 2988 5427 ἂν
3029 5345 3141 5434 toi;
3178 5366 3406 5422 τοιοῖσδε
3450 5345 3824 5451 πνευματικὸν·

559 5457 684 5526 ἐροῦ
695 5475 794 5528 μεν
832 5459 906 5523 ὡς
935 5459 1033 5516 ἔνι.

631 5548 682 5602 7.
709 5549 922 5606 Primus
937 5553 1082 5608 enim
1105 5555 1510 5625 quodammodo
1549 5559 1694 5618 ﬁlius
1717 5563 1886 5618 totius
1906 5562 2149 5618 universi

563 5638 672 5694 Deo
717 5641 818 5696 fuit
854 5645 1156 5700 secundum
1199 5661 1419 5702 carnem
1456 5649 1641 5707 Israel.
1685 5671 1703 5705 ‹
1749 5653 1921 5709 Filius
1977 5653 2146 5719 enim,

2328 5556 2394 5622 ζ’.
2427 5556 2622 5624 Γέγονε
2666 5553 2765 5626 μὲν
2808 5551 2917 5622 γὰρ
2957 5547 3172 5620 πρῶτος
3215 5542 3577 5636 ὥσπερ-υἱὸς.
3607 5536 3682 5608 τῷ
3724 5531 3827 5636 τίδν

2257 5649 2394 5704 ὅλων
2421 5645 2540 5717 Θεῷ
2569 5647 2596 5700 ό
2628 5643 2766 5699 κατὰ
2802 5641 2982 5712 σάρκα
3031 5637 3268 5710 Ἰσραήλ.
3315 5654 3332 5687 ι
3369 5633 3494 5697 Υἱὸς
3520 5630 3647 5701 γὰρ,
3677 5630 3821 5697 φησι,

2375 5827 2420 5860 ⁸⁸
2443 5825 2585 5881 lbid.
2611 5823 2766 5879 9-1".

638 5824 681 5856 “
718 5827 854 5883 Gen.
890 5846 993 5895 xxx,
1037 5829 1217 5883 lii—22L
1298 5830 1338 5860 “
1364 5830 1497 5886 Gen.
1534 5845 1658 5895 xm,
1698 5830 1748 5885 8.
1827 5833 1867 5864 ”
1905 5831 2037 5888 Gen.
2066 5847 2148 5898 xv,
2182 5829 2262 5883 18.
