4092 6470
261 459 370 517 ηε

1310 441 1833 518 omnimoan
1871 455 1937 511 IN
1977 450 2280 510 οεΝΕειιι
2318 405 2448 503 LlB.
2489 446 2580 502 ιιι.

3479 432 3577 487 196

261 578 634 648 πρωτότοκός
655 595 758 652 μου
786 579 1026 652 Ἰσραήλ·
1059 597 1078 630 ι
1107 577 1248 650 πλὴν
1275 579 1355 642 ὡς
1381 579 1447 632 ἐκ
1477 576 1670 646 δούλης
1703 574 1799 628 καὶ
1819 572 1877 638 ἐξ

2010 569 2186 640 uquit,
2235 565 2642 639 primogenitus
2719 575 2877 617 meus
2935 557 3191 615 Israel".
3249 572 3270 605 ι
3307 551 3582 608 Caeterum
3668 563 3701 599 ε

265 671 560 740 Αἰγύπτου
587 672 1029 745 λελυτρωμένος.
1077 671 1217 724 Ἀλλ’
1256 672 1317 725 ἐν
1343 670 1558 732 τέκνοις
1587 666 1751 723 αὐτὸν
1779 666 1882 718 οὐκ

267 763 429 834 ἠξίου
485 764 627 828 Θεὸς
670 763 1134 834 καταλογίζεσθαί
1186 763 1353 816 ποθεν
1394 761 1450 836 (ἡ
1501 757 1884 831 φιλελεύθερος

265 857 382 927 γὰρ
429 857 534 911 καὶ
577 856 910 926 φιλογνησία
952 853 1162 928 φύσις)·
1231 851 1419 926 ἐζήτει
1461 853 1519 906 δέ
1564 850 1765 922 μᾶλλον
1791 848 1883 902 τὸν

269 951 582 1005 ἁνδάνοντα
621 951 788 1014 λαὸν,
814 949 1104 1014 τουτέστι,
1135 947 1228 1001 τδν
1264 947 1355 1001 διὰ
1397 945 1636 1008 πίστεως
1681 945 1780 1014 τῆς
1826 945 1884 994 ἐν

272 1043 505 1114 Χριστῷ
534 1045 658 1098 κατ’
688 1041 1048 1112 ἐπαγγελίαν,
1077 1043 1135 1094 ἐν
1160 1033 1205 1108 ᾧ
1234 1041 1331 1093 καὶ
1359 1039 1596 1110 πατέρες
1623 1037 1884 1104 γεγόνασι

271 1134 496 1189 πολλῶν
525 1134 702 1189 ἐθνῶν
722 1175 736 1198 ,
761 1137 811 1189 oi
846 1135 993 1206 ἀμφὶ
1022 1133 1112 1187 τὸν
1139 1131 1432 1186 θεσπέσιον
1473 1128 1744 1201 Ἀδραάμ.
1773 1127 1886 1180 Κε-

273 1226 743 1297 κληρονομήκασι
773 1225 885 1297 γὰρ
913 1226 1012 1294 τὴν
1047 1223 1138 1276 ἐπὶ
1166 1222 1305 1294 τῷδε
1349 1222 1511 1288 δόξαν
1531 1261 1545 1284 ,
1579 1219 1682 1272 οὐκ
1718 1221 1777 1270 ἐν
1809 1215 1888 1286 τῷ

275 1319 428 1373 κατὰ
477 1318 663 1389 σάρκα
707 1315 962 1388 Ἰσραὴλ,
990 1315 1104 1369 ἀλλ’
1135 1318 1194 1369 ἐν
1231 1317 1347 1378 τοῖς
1380 1311 1438 1380 ἐξ
1469 1311 1640 1365 ἐθνῶν
1679 1309 1766 1363 διὰ
1799 1307 1889 1361 πί-

279 1428 459 1474 στεως
496 1409 999 1480 ἀνασεσωσμένοις.
1040 1409 1154 1464 Καὶ
1200 1406 1548 1479 μαρτυρήσει
1585 1404 1814 1475 γράφων
1861 1402 1890 1455 ὁ

281 1502 528 1566 Παῦλος.
555 1504 633 1555 οὐ
659 1502 770 1573 γὰρ
801 1499 894 1556 διὰ
921 1501 1088 1572 νόμου
1119 1501 1153 1571 ἡ
1193 1497 1500 1567 ἐπαγγελία
1525 1495 1604 1567 τῷ
1637 1492 1892 1564 Ἀϐραὰμ

280 1597 367 1658 είς
393 1594 458 1648 τὸ
489 1593 832 1666 κληρονόμον
867 1593 1035 1646 αὑτὸν
1065 1588 1202 1646 εἶναι
1243 1591 1452 1660 κόσμου
1474 1629 1488 1654 ,
1518 1586 1656 1641 ἀλλὰ
1689 1584 1779 1639 διὰ
1816 1583 1892 1636 δι-

280 1686 598 1756 καιοσύνης
668 1686 930 1750 πίστεως.
992 1681 1448 1756 Ἐπιγραφόμεθα
1497 1679 1609 1752 γὰρ
1679 1676 1894 1746 πατέρα

279 1778 378 1832 τὸν
426 1778 724 1850 ’Δδραὰμ,
769 1781 818 1832 oi
855 1780 915 1834 ἐν
954 1777 1294 1850 ἀκροϐυστία
1327 1773 1757 1834 πιστεύσαντες,
1799 1767 1895 1820 καὶ

280 1873 410 1928 καθ’
431 1874 736 1944 ὁμοιότητα
780 1871 880 1944 τὴν
919 1871 1086 1926 αὐτοῦ
1115 1870 1269 1942 παρὰ
1313 1867 1454 1923 Θεοῦ
1497 1862 1892 1934 δικαιούμενοι.

1983 661 2157 716 veluti
2188 675 2258 714 ex
2283 673 2458 724 serva,
2487 665 2544 712 et
2573 670 2640 710 ex
2663 652 2897 724 Egypto
2938 648 3277 718 redemptus.
3312 640 3420 699 Sed
3443 641 3586 698 inter

1983 753 2129 808 ﬁlios
2183 750 2458 822 legitimos
2521 758 2870 817 nequaquam
2911 755 3039 797 eum
3091 739 3237 794 Deus
3291 745 3587 790 numerare

1983 847 2238 917 dignatus
2267 850 2353 898 est
2391 840 2610 914 (natura
2650 839 2798 894 enim
2845 844 2930 891 est
2961 833 3172 895 libera,
3211 838 3268 884 et
3295 841 3485 884 amans
3505 825 3586 881 le-

1984 937 2221 1012 gitima)
2258 933 2553 1006 :quaesivit
2595 941 2779 987 autem
2813 928 3000 999 potius
3037 923 3304 995 populum
3344 918 3439 990 qui
3473 917 3591 987 pla-

1985 1011 2156 1097 ceret,
2180 1033 2287 1086 hoc
2305 1036 2411 1094 est,
2431 1043 2528 1099 per
2553 1024 2715 1080 ﬁdem
2746 1023 2803 1077 in
2821 1019 3105 1077 Christum
3125 1011 3429 1070 secundum
3456 1021 3589 1079 pro-

1986 1124 2327 1186 missionem,
2363 1121 2421 1174 in
2460 1133 2571 1190 quo
2591 1116 2758 1172 etiam
2784 1119 2943 1184 pater
2975 1108 3154 1164 factus
3179 1113 3265 1160 est
3289 1101 3590 1156 multarum

1988 1216 2234 1288 gentium
2268 1212 2564 1267 Abraham.
2617 1208 2770 1263 Hanc
2809 1203 2958 1259 enim
2993 1199 3224 1271 gloriam
3267 1192 3592 1249 haereditate

1989 1306 2174 1377 adepti
2199 1312 2326 1359 sunt
2346 1302 2574 1374 posteri,
2587 1315 2699 1354 non
2723 1299 2777 1352 in
2797 1294 3000 1352 lsraele
3022 1289 3326 1347 secundum
3345 1296 3590 1346 carnem,

1989 1373 2174 1454 sed—in
2198 1397 2267 1450 iis
2285 1373 2381 1466 qui
2411 1409 2479 1447 ex
2510 1389 2768 1463 gentibus
2789 1382 2984 1442 salvati
3016 1387 3165 1443 sunt,
3191 1375 3339 1448 quod
3363 1382 3419 1429 et
3447 1373 3593 1427 Pau-

1991 1493 2354 1552 lustestatur,
2392 1485 2582 1541 dicens
2613 1499 2628 1536 :
2665 1500 2684 1533 ι
2720 1479 2913 1549 Neque
2955 1474 3104 1530 enim
3132 1485 3232 1541 per
3259 1467 3434 1537 legem
3460 1477 3594 1533 pro-

1993 1582 2182 1638 missio
2202 1579 2454 1643 Abrahae,
2485 1585 2548 1632 ut
2573 1575 2753 1630 haeres
2777 1578 2923 1627 esset
2948 1563 3163 1628 mundi,
3191 1560 3288 1616 sed
3307 1574 3407 1630 per
3431 1553 3597 1627 justi-

1995 1677 2127 1731 tiam
2153 1673 2280 1728 ﬁdei
2299 1673 2363 1726 i".
2403 1689 2422 1722 ι
2449 1669 2609 1724 Patre
2627 1666 2775 1721 enim
2802 1661 3081 1718 Abraham
3101 1651 3348 1725 insigniti
3382 1661 3596 1711 sumus,

1995 1771 2091 1842 qui
2121 1769 2176 1823 in
2204 1763 2476 1838 praeputio
2505 1760 2804 1822 credimus,
2833 1765 2891 1812 et
2915 1753 2980 1809 ad
3014 1752 3136 1823 ejus
3179 1740 3601 1802 similitudinem
3643 1801 3645 1804 γ

1997 1829 2031 1920 .«I
2055 1865 2168 1918 Deo
2189 1829 2474 1933 justi-ﬁcati
2503 1867 2716 1910 sumus.
2751 1848 3007 1904 Declarat
3029 1849 3212 1897 autem
3237 1833 3402 1891 nobis
3429 1829 3600 1886 vehe-

282 1919 561 2035 Σαφηνῗεῐ
584 1919 889 2038 δέισιρόδρα
929 1963 993 2018 τὸ
1019 1919 1346 2033 Otto-villi;
1366 1919 1668 2032 μυστήριον
1719 1919 1888 2023 νομο-

2010 1919 2208 2010 πιειιιειἶ
2231 1950 2480 2006 divinum
2521 1941 2845 2017 mysterium
2879 1935 3085 1993 Paulus
3108 1930 3247 2001 legis
3263 1924 3498 1998 peritus.
3519 1919 3603 1974 Ita

286 2057 472 2130 μαθὴς
502 2056 579 2111 ὣν
603 2059 632 2112 ὁ
666 2057 903 2121 Παῦλος.
957 2053 1293 2112 Ἐπιστέλλει
1327 2051 1438 2123 γὰρ
1478 2050 1575 2103 ὡδὶ
1615 2046 1753 2119 μετά
1779 2043 1881 2114 τὴν

282 2153 345 2204 ἐν
375 2147 609 2222 Χριστῷ
640 2149 946 2214 τελείωσιν,
989 2146 1184 2202 ἁνόπιν
1214 2144 1403 2215 ὥσπερ
1439 2140 1576 2195 ίοῦσι
1617 2135 1890 2197 Γαλάταις

281 2245 589 2316 ἐπιτιμῶν·
629 2264 648 2297 ι
695 2243 900 2313 Λέγετέ
928 2243 1091 2315 μοιοὶ
1122 2239 1228 2295 ὑπὸ
1255 2239 1420 2309 νόμον
1444 2235 1694 2294 θέλοντες
1727 2225 1890 2294 εῖναι,

284 2336 382 2390 τὸν
405 2337 578 2407 νόμον
603 2335 706 2388 ούκ
733 2333 1001 2398 ἀκούετες
1034 2334 1353 2405 Γέγραπται
1379 2325 1488 2398 γὰρ
1519 2325 1600 2378 ὅτι
1641 2319 1895 2391 Ἀϐραὰμ

285 2428 387 2485 δύο
431 2430 590 2492 υἱοὺς
624 2427 806 2499 ἔσχεν,
837 2427 936 2480 Eva
977 2429 1042 2481 ἐκ
1073 2427 1172 2496 τῆς
1207 2422 1502 2490 παιδίσκης
1524 2460 1538 2483 ,
1571 2417 1666 2471 καὶ
1699 2415 1797 2468 ἕνα
1831 2414 1895 2464 ἐκ

287 2523 392 2592 τῆς
429 2521 750 2592 ἐλευθέρας.
792 2520 932 2574 Ἀλλ’
961 2522 992 2573 ὁ
1023 2520 1121 2588 μὲν
1152 2520 1216 2572 ἐκ
1254 2515 1356 2585 τῆς
1396 2511 1692 2578 παιδίσκης
1711 2549 1725 2569 ,
1756 2504 1899 2560 κατὰ

288 2617 483 2688 σάρκα
526 2615 849 2686 γεγένηται*
881 2615 909 2667 ὁ
936 2613 996 2666 δέ
1031 2614 1096 2664 ἐκ
1128 2611 1229 2682 τῆς
1271 2605 1599 2675 ἐλευθέρας,
1621 2601 1686 2654 δι’
1718 2601 1897 2667 ἐπαγ-

289 2708 508 2779 γελίας.
562 2707 766 2761 Ἀτινὰ
817 2708 969 2760 ἐστιν
1040 2699 1513 2775 ἀλληγορούμενα.
1569 2692 1740 2748 Abt-at
1789 2692 1899 2763 γάρ

288 2805 436 2857 εἰσιν
465 2804 527 2857 αἱ
555 2802 652 2855 δύο
681 2801 962 2871 διαθῆκαι·
1003 2799 1100 2870 μία
1141 2797 1263 2867 μὲν,
1293 2793 1403 2849 ἀπὸ
1441 2792 1604 2863 ὅρους
1633 2788 1784 2849 Σινᾶ.
1818 2788 1900 2849 είς

289 2897 554 2951 δουλείαν
596 2894 873 2964 γεννῶσα,
903 2893 1025 2962 ἥτις
1059 2889 1209 2944 ἐστὶν
1252 2887 1460 2958 Ἅγαρ.
1495 2884 1571 2937 Τὸ
1598 2881 1710 2953 γὰρ
1748 2879 1900 2944 Σινᾶ,

289 2991 424 3063 ὅρος
448 2989 604 3043 ἐστὶν
633 2989 692 3042 ἐν
732 2989 799 3058 τῇ
859 2985 1110 3058 Ἀραὸίᾳο
1146 2982 1422 3051 συστοιχεῐ
1461 2979 1519 3032 δέ
1558 2979 1624 3048 τῇ
1658 2974 1754 3029 νῦν
1803 2971 1904 3026 Ίιο

295 3083 544 3156 ρουσαλὴ
558 3101 619 3153 μ,
653 3079 899 3136 δουλεύει
937 3079 995 3132 δὲ
1032 3076 1171 3149 μετὰ
1209 3073 1322 3128 τῶν
1351 3074 1562 3126 τέκνων
1602 3068 1795 3139 αὐτῆς.
1839 3065 1904 3118 Ἢ

289 3175 352 3229 δέ
380 3176 500 3230 ἄνω
532 3170 918 3244 Ἰερουσαλὴμ,
944 3167 1208 3239 ἐλευθέρα
1237 3166 1411 3227 ἐστὶν,
1434 3163 1558 3232 ἥτις
1579 3157 1696 3212 ἐστὶ
1724 3157 1906 3228 μήτηρ

292 3265 484 3340 ἡμῶν.
531 3265 856 3334 Γέγραπται
903 3262 1035 3333 γάρ’

289 3359 594 3422 τίκτουσα,
642 3355 805 3426 ῥῆξον
853 3353 952 3408 καλ⁵
1006 3351 1201 3423 βόησον
1238 3351 1273 3420 ἡ
1326 3349 1428 3401 οὐκ
1474 3344 1774 3404 ὠδίνουσα,

297 3451 482 3507 πολλὰ
515 3450 588 3504 τὰ
609 3450 778 3504 τέκνα
808 3449 912 3518 τῆς
942 3446 1155 3518 ἐρήμου
1193 3442 1397 3515 μᾶλλον
1417 3479 1432 3504 ,
1462 3439 1497 3511 ἦ
1536 3439 1636 3507 τῆς
1678 3432 1912 3504 ἐχούσης

296 3545 396 3601 τὸν
425 3545 623 3616 ἄνδρα.
675 3541 874 3612 Ἦμεῖς
901 3539 959 3593 δέ
980 3579 995 3604 ,
1027 3536 1280 3604 ἀδελφοὶ,
1308 3533 1453 3588 κατὰ
1509 3527 1696 3583 Ἰσαὰκ
1736 3527 1913 3592 ἐπαγ-

297 3635 497 3706 γελίας
533 3614 705 3688 τέκνα
737 3631 927 3703 ἐσμέν.
971 3628 1109 3682 Ἀλλ’
1135 3627 1286 3682 ὥσπε
1296 3643 1327 3697 ρ
1363 3623 1486 3676 τότε
1509 3623 1538 3674 ὁ
1563 3615 1706 3672 κατά
1733 3614 1913 3686 σάρκα

299 3726 597 3798 γεννηθεὶς
626 3724 819 3778 ἐδίωκε
849 3721 941 3776 τὸν
975 3721 1119 3774 κατὰ
1162 3717 1412 3788 πνεῦμα,
1457 3711 1632 3775 οὕτως
1665 3708 1761 3762 καλ⁵
1797 3704 1911 3760 νῦν.

317 3796 488 3900 Ἀλλὰ
515 3817 569 3872 τί
595 3817 745 3886 λέγει
773 3818 808 3887 ἡ
838 3814 1057 3886 Γραφή;
1093 3809 1337 3865 Ἐκόαλε
1363 3806 1462 3878 τὴν
1493 3802 1788 3871 παιδίσκην
1816 3796 1914 3852 καὶ

299 3898 402 3964 τὸν
438 3908 559 3961 υίδν
588 3907 761 3977 αὐτῆς
782 3920 795 3934 °
831 3905 893 3957 οὐ
938 3903 1048 3974 γὰρ
1079 3902 1153 3972 μὴ
1182 3895 1572 3969 κληρονομήσει]
1607 3894 1636 3946 ὁ
1666 3891 1785 3954 υίὸς
1816 3889 1918 3959 τῆς

303 3998 617 4067 παιδίσκης
667 3993 808 4066 μετὰ
852 3992 949 4047 τοῦ
978 3993 1099 4046 υίοῢ
1123 3993 1224 4062 τῆς
1262 3987 1578 4058 ἐλευθέρας.
1622 3983 1814 4054 Ἡμεῖς
1833 3980 1917 4046 δὲ,

302 4091 562 4160 ἀδελφοὶ,
592 4087 693 4141 οὐκ
734 4087 904 4157 ἐσμὲν
935 4086 1234 4154 παιδίσκης
1263 4081 1449 4160 τέκνα,
1480 4076 1621 4131 ἀλλὰ
1647 4075 1748 4146 τῆς
1775 4074 1922 4127 ἐλευο

307 4155 518 4254 θέρας,
555 4183 622 4252 τῇ
669 4155 960 4248 ἐλευθερία
1084 4178 1236 4247 ἡμᾶς
1274 4155 1516 4244 Χριστὸς
1544 4167 1916 4239 ἠλευθέρωσε.

305 4277 560 4345 Στήκετε
583 4267 701 4333 οὖν,
721 4270 820 4323 καὶ
851 4267 926 4340 μὴ
950 4267 1114 4321 πάλιν
1145 4265 1296 4336 ζυγῷ
1320 4263 1568 4324 δουλείας
1595 4258 1866 4330 ἐνέχεσθε.
1896 4275 1915 4308 ι

307 4365 519 4434 Συνίης
542 4356 658 4426 οὖν,
700 4362 851 4423 ὅπως
880 4358 990 4411 τῶν
1019 4356 1114 4411 δύο
1150 4355 1429 4427 διαθηκῶν
1467 4368 1636 4424 φησιν
1675 4347 1922 4420 ἐναργῶς

306 4460 560 4519 εἰκόνας,
601 4457 787 4524 ’Λγαρ
819 4471 879 4506 τε
911 4453 1008 4507 καὶ
1036 4452 1278 4522 Σάρραν.
1315 4449 1430 4502 Καὶ
1464 4442 1796 4517 παρεικάζει
1825 4441 1924 4512 μὲν

307 4552 373 4605 τὸ
402 4544 819 4620 θεραπαινίδιον
857 4545 924 4614 τῇ
978 4541 1088 4595 τῶν
1129 4538 1404 4594 Ἰουδαίων
1433 4537 1620 4610 μητρὶ,
1651 4532 1921 4594 τουτέστι,

307 4647 380 4715 τῇ
414 4643 514 4696 ἐπὶ
539 4641 645 4710 γῆς
686 4637 1074 4711 Ἰερουσαλὴμ,
1109 4633 1232 4687 ἐπεί
1252 4649 1336 4685 τοι
1362 4629 1610 4691 δουλείας
1639 4625 1926 4696 ὑπέστρω-

308 4754 410 4790 ται
443 4735 670 4804 νόμοις,
715 4732 814 4786 καὶ
851 4731 955 4784 οὐκ
995 4727 1271 4796 ἐλευθέρῳ
1301 4724 1595 4794 διαπρέπει
1627 4718 1921 4789 πνεύματι.

309 4829 436 4900 Τὴν
473 4827 535 4879 δέ
563 4842 628 4895 γε
657 4823 886 4895 πρώτην
915 4821 1010 4876 καὶ
1043 4818 1358 4889 ἐλευθέραν,
1385 4832 1459 4885 φη
1470 4813 1530 4884 μὶ
1558 4813 1621 4882 δὴ
1656 4811 1756 4882 τὴν
1787 4809 1926 4880 Σάρο

313 4925 449 4994 ραν,
489 4920 525 4990 ἦ
551 4918 646 4971 καὶ¹
675 4916 956 4987 ἄρχουσα
979 4912 1240 4984 ταύτῃτοι
1273 4907 1370 4962 καὶ
1400 4903 1788 4977 ἑρμηνεύεται,
1829 4904 1931 4971 τῆς

312 4993 465 5084 ὗψοῦ
499 5028 564 5064 τε
605 5011 702 5065 καὶ
731 5008 848 5063 ἄνω
903 5005 1072 5078 φησιν
1125 4999 1485 5074 Ἰερουσαλὴμ
1532 4996 1772 5067 ἀνῆφθαι
1803 4993 1934 5057 τοὺς

311 5107 557 5170 τύπους,
584 5099 917 5172 γεγενῆσθαί
936 5115 998 5152 τε
1043 5096 1259 5168 μητέρα
1287 5088 1703 5147 διαϐεϐαιοῦται
1745 5085 1933 5155 σαφῶς

312 5199 437 5256 τῶν
483 5200 546 5251 ἐν
602 5196 786 5249 πίστει
831 5189 1304 5260 δεδικαιωμένων,
1355 5185 1451 5239 καὶ
1495 5182 1557 5248 ἐξ
1599 5178 1937 5248 ἐπαγγελίας

315 5290 465 5347 Θεοῦ
498 5285 867 5358 κεκλημένων
886 5325 902 5349 ,
941 5284 1024 5345 είς
1052 5280 1114 5333 τὸ
1141 5273 1285 5333 εἶναι
1311 5277 1481 5330 τέκνα
1519 5272 1614 5327 τοῦ
1659 5269 1933 5342 Ἀϐραάμ.

320 5406 342 5439 ι
397 5383 599 5454 Ἡμεῖς
639 5381 782 5450 γὰρ,
826 5395 845 5428 ι
896 5373 1052 5445 φησι,
1104 5392 1123 5425 ι
1169 5369 1316 5426 κατὰ
1365 5367 1554 5422 Ἰσαὰκ
1595 5362 1938 5432 ἐπαγγελίας

314 5453 494 5529 τέκνα
533 5469 725 5540 ἐσμέν.
769 5488 788 5520 ι
839 5463 1300 5535 Ἤλευθερώμεθα
1324 5460 1436 5532 γὰρ
1465 5461 1522 5512 ἐν
1567 5454 1823 5528 Χριστῷ.
1864 5453 1930 5507 δι’

318 5561 382 5622 οὗ
416 5565 519 5619 καὶ
569 5564 630 5616 ἐν
664 5555 709 5630 ᾧ
739 5561 804 5614 τὸ
835 5559 980 5613 θεῖον
1023 5559 1122 5612 καὶ
1168 5555 1379 5609 ἄνωθεν
1425 5547 1933 5610 καταπλουτοῦντες

323 5655 572 5728 πνεῦμα,
600 5649 1070 5720 κατατετάγμεθα
1105 5649 1203 5720 μὲν
1237 5649 1293 5699 ἐν
1333 5645 1549 5706 τέκνοις
1588 5639 1749 5707 Θεοῦ,
1778 5637 1934 5708 Κρά-

319 5752 502 5822 (alter
527 5748 612 5816 δὲ,
643 5743 815 5802 Ἆόὅᾶ.
836 5747 870 5800 ό
899 5743 1125 5811 Πατὴρ,
1148 5741 1244 5795 καὶ
1268 5735 1600 5809 κληρονόμοι
1627 5732 1935 5804 γεγόναμεν

1997 2045 2146 2101 enim
2162 2039 2402 2103 Galatas,
2419 2043 2709 2108 postquam
2727 2030 2948 2087 Christo
2976 2021 3176 2080 initiati
3201 2022 3407 2079 essent,
3429 2021 3606 2068 retro-

1997 2135 2260 2192 cedentes
2285 2131 2392 2204 75
2421 2106 2681 2197 “increpat
2722 2141 2736 2178 :
2778 2141 2796 2174 ι
2825 2120 3003 2176 Dicite
3032 2113 3194 2178 mihi,
3230 2109 3327 2181 qui
3357 2106 3462 2163 sub
3481 2106 3604 2175 lege

1999 2229 2171 2296 vultis
2190 2198 2333 2290 esse,
2355 2198 2549 2294 legem
2577 2234 2688 2274 non
2726 2211 2964 2271 auditis?
3000 2208 3276 2276 Scriptum
3316 2207 3402 2257 est
3432 2198 3604 2260 enim,

2001 2291 2262 2394 quoniam
2291 2291 2568 2372 Abraham
2608 2311 2749 2366 duos
2776 2306 2918 2361 ﬁlios
2950 2300 3147 2358 habuit
3170 2317 3183 2353 :
3206 2309 3379 2352 unum
3411 2291 3480 2347 de
3509 2305 3610 2344 an—

2002 2385 2148 2477 cilla,
2175 2417 2232 2464 et
2265 2421 2437 2462 unum
2459 2404 2527 2459 de
2547 2402 2743 2457 libera.
2797 2395 2905 2453 Sed
2929 2393 3025 2464 qui
3061 2390 3130 2446 de
3165 2385 3382 2449 ancilla,
3412 2395 3611 2437 secun-

2005 2504 2136 2559 dum
2179 2512 2402 2556 carnem
2437 2504 2601 2550 natus
2642 2499 2728 2547 est
2759 2507 2772 2544 :
2805 2488 2900 2559 qui
2948 2493 3130 2540 autem
3168 2479 3236 2534 de
3282 2476 3477 2537 libera,
3513 2486 3612 2541 per

2005 2589 2497 2662 repromissionem
2541 2597 2707 2654 :qua:
2765 2583 2894 2635 sunt
2929 2591 3031 2647 per
3072 2567 3394 2642 allegoriam
3440 2563 3608 2617 dicta.

2007 2688 2136 2743 Haec
2167 2684 2315 2742 enim
2353 2688 2484 2738 sunt
2511 2679 2623 2735 duo
2656 2679 2984 2730 testamenta
3022 2686 3036 2722 :
3069 2678 3240 2722 unum
3290 2657 3513 2730 quidem
3554 2655 3613 2708 iu

2010 2787 2198 2836 monte
2219 2777 2370 2841 Sina,
2397 2774 2454 2829 in
2475 2771 2799 2828 servitutem
2834 2776 3126 2837 generans,
3163 2770 3286 2827 quae
3314 2761 3400 2808 est
3429 2750 3612 2820 Agar:

2011 2873 2144 2929 Sina
2170 2877 2358 2924 autem
2387 2879 2548 2920 mons
2574 2870 2660 2916 est
2694 2861 2750 2914 in
2777 2856 2998 2920 Arabia,
3036 2851 3131 2923 qui
3158 2847 3488 2917 conjunctus
3529 2845 3617 2895 est

2010 2966 2062 3022 ei
2110 2978 2232 3034 quae
2252 2975 2402 3016 nunc
2433 2966 2519 3014 est
2549 2952 2873 3015 Jerusalem,
2890 2957 2947 3004 et
2971 2945 3144 3002 servit
3164 2955 3291 2998 cum
3313 2937 3440 2992 ﬁliis
3477 2933 3614 2989 suis.

2012 3059 2110 3115 Illa
2125 3033 2311 3111 autem
2329 3065 2453 3123 quae
2471 3061 2691 3105 sursum
2714 3051 2800 3099 est
2821 3037 3151 3101 Jerusalem,
3169 3033 3347 3089 libera
3367 3035 3472 3092 est,
3495 3039 3620 3097 quae

2013 3158 2099 3206 est
2116 3157 2294 3203 mater
2315 3153 2524 3200 nostra.
2559 3139 2840 3208 Scriptum
2859 3140 2945 3189 est
2971 3129 3178 3186 etenim
3206 3144 3221 3180 :
3248 3124 3483 3185 Laetare,
3503 3130 3622 3178 ste-

1082 3221 1470 3330 Εύφράνθητι’
1503 3221 1694 3322 στεῖρα
1725 3221 1797 3319 ἠ’

2015 3240 2134 3295 rilis
2171 3252 2296 3309 quae
2346 3251 2459 3290 non
2494 3229 2966 3303 parlszerumpe,
3007 3229 3064 3278 et
3105 3221 3302 3281 clama,
3355 3229 3478 3285 quae
3509 3225 3622 3267 non

1822 3339 1906 3391 ὅτι
1935 3321 1977 3379 (Σ
2011 3305 2256 3404 parturis
2282 3347 2294 3382 :
2321 3327 2452 3397 quia
2491 3322 2651 3379 multi
2689 3319 2785 3375 ﬁlii
2827 3318 3063 3374 deserta:
3097 3310 3276 3383 magis
3306 3323 3471 3380 quam
3503 3305 3626 3376 ejus

2009 3441 2132 3497 quae
2150 3423 2318 3478 habet
2331 3421 2534 3476 virum.
2554 3416 2667 3473 Nos
2694 3422 2900 3477 autem,
2921 3409 3140 3472 fratres,
3155 3402 3458 3460 secundum
3475 3399 3628 3454 Isaac

2010 3515 2401 3590 promissionis
2442 3511 2538 3566 ﬁlii
2574 3522 2787 3564 sumus.
2817 3504 2924 3560 Sed
2948 3497 3226 3574 quomodo
3267 3505 3400 3550 tunc
3439 3492 3488 3546 is
3529 3491 3626 3560 qui

2013 3608 2322 3666 secundum
2354 3618 2579 3661 carnem
2616 3600 2780 3657 natus
2809 3598 3008 3659 fuerat,
3027 3587 3470 3664 persequebatur
3497 3598 3656 3638 eum.

2015 3700 2110 3771 qui
2133 3696 2440 3754 secundum
2480 3691 2761 3763 spiritum,
2784 3686 2860 3741 ita
2886 3692 2944 3739 et
2970 3696 3138 3737 nunc.
3185 3676 3294 3732 Sed
3319 3671 3453 3744 quid
3493 3669 3632 3725 dicit

2015 3761 2336 3860 Scriptura?
2367 3761 2526 3852 Ejice-
2546 3781 2803 3838 ancillam
2841 3787 2898 3830 et
2941 3773 3116 3828 filium
3147 3770 3288 3840 ejus.
3315 3765 3438 3821 Non
3480 3761 3629 3816 enim

2017 3859 2198 3938 haeres
2227 3881 2336 3937 erit
2354 3879 2499 3934 ﬁlius
2520 3874 2733 3931 ancillae
2754 3885 2880 3926 cum
2908 3867 3022 3922 ﬁlio
3051 3864 3260 3919 liberae.
3282 3859 3396 3915 Nos
3417 3864 3626 3918 autem,

2017 3969 2237 4037 fratres,
2279 3987 2390 4024 non
2419 3981 2613 4024 sumus
2648 3961 2862 4018 ancillae
2887 3957 3008 4021 ﬁlii,
3042 3953 3141 4010 sed
3177 3951 3392 4012 liberae,
3433 3961 3543 4016 qua
3569 3944 3637 3998 li-

2019 4035 2232 4122 bertate
2250 4060 2510 4118 Christus
2536 4071 2639 4112 nos
2661 4050 2938 4108 liberavit.
2972 4046 3126 4102 State
3163 4041 3350 4112 igitur,
3373 4046 3430 4092 et
3457 4035 3633 4089 nolite

2021 4159 2224 4214 iterum
2241 4156 2374 4226 jugo
2395 4147 2684 4206 servitutis
2700 4140 2976 4201 contineri
2995 4140 3062 4191 δ’.
3107 4156 3126 4189 ›
3159 4131 3431 4202 lntelligis
3449 4129 3636 4198 itaque

2023 4263 2134 4318 quo
2165 4254 2326 4317 pacto
2371 4239 2663 4297 manifeste
2709 4235 2948 4290 duorum
2985 4230 3442 4284 testamentorum
3483 4228 3640 4289 typos

2021 4310 2143 4396 esse
2167 4310 2323 4393 dicat
2356 4333 2498 4404 Agar
2534 4338 2593 4386 et
2635 4329 2852 4384 Saram.
2921 4323 2992 4378 Et
3038 4315 3360 4374 ancillulam
3414 4310 3639 4380 quidem

2027 4434 2310 4499 comparat
2350 4400 2665 4481 Ju'daaorum
2700 4415 2887 4479 matri,
2915 4413 3022 4467 hoc
3049 4416 3155 4471 est,
3196 4402 3450 4460 terrestri
3477 4400 3639 4456 Jeru-

2028 4495 2197 4578 salem
2219 4537 2230 4571 :
2256 4515 2528 4586 siquidem
2549 4507 2834 4566 servitutis
2853 4501 3072 4574 legibus
3094 4495 3317 4553 subdita
3337 4500 3442 4555 est,
3459 4502 3643 4558 neque

2033 4614 2212 4670 libero
2243 4608 2444 4680 Spiritu
2472 4601 2725 4676 praedita.
2757 4597 3001 4654 Primam
3026 4603 3160 4645 vero
3176 4601 3241 4641 ac
3265 4584 3522 4646 liberam,
3555 4580 3646 4634 ni-

1960 4683 2009 4741 D
2036 4707 2240 4764 mirum
2263 4702 2453 4757 Saram
2521 4695 2704 4768 (cujus
2737 4690 2907 4747 etiam
2933 4697 3140 4740 nomen
3174 4678 3383 4736 idcirco
3399 4673 3644 4728 domina-

2032 4800 2140 4854 trix
2191 4786 2637 4864 interpretatur),
2688 4779 2948 4841 sublimis
2991 4777 3152 4832 illius
3196 4779 3362 4842 atque
3396 4779 3650 4837 supernae

2033 4887 2342 4947 Jerusalem
2360 4893 2551 4954 typum
2579 4893 2694 4949 prae
2713 4891 2772 4931 se
2795 4873 2944 4929 ferre
2971 4867 3068 4932 ait,
3095 4870 3441 4929 matremque
3460 4865 3650 4926 aperte

2034 4981 2235 5037 factam
2255 4943 2690 5033 esse'conﬁrmat
2736 4979 2931 5022 eorum
2965 4959 3062 5031 qui
3113 4971 3214 5026 per
3242 4952 3411 5008 ﬁdem
3443 4943 3644 5018 justiﬁ-

2037 5072 2148 5128 cati
2173 5075 2322 5133 sunt,
2353 5073 2409 5121 et
2451 5079 2520 5120 ex
2558 5056 2931 5132 promissione
2959 5050 3059 5107 Dei
3113 5041 3316 5107 vocati,
3359 5046 3423 5094 ut
3465 5042 3654 5091 essent

2039 5165 2138 5221 ﬁlii
2182 5128 2439 5217 Abrahae.
2490 5174 2509 5207 ι
2553 5128 2667 5209 Nos
2719 5148 2894 5213 enim,
2942 5165 2960 5197 ›
3013 5141 3218 5212 inquit,
3283 5152 3302 5189 ι
3344 5128 3654 5188 secundum

2034 5257 2187 5312 lsaac
2215 5245 2602 5325 promissionis
2628 5242 2726 5296 ﬁlii
2757 5252 2950 5296 sumus
2976 5235 3047 5301 ⁵ο,
3092 5253 3110 5285 ι
3140 5231 3457 5287 libertatem
3475 5219 3654 5296 siqui-

2035 5348 2163 5404 dem
2209 5323 2500 5400 consecuti
2545 5347 2738 5392 sumus
2769 5346 2869 5402 per
2897 5326 3205 5390 Christum,
3263 5337 3364 5392 per
3396 5332 3564 5389 quem
3597 5323 3655 5370 et

2041 5443 2100 5497 in
2137 5454 2250 5510 quo
2288 5435 2538 5492 divinum
2570 5445 2634 5485 ac
2655 5427 2944 5483 caelestem
2985 5421 3243 5493 spiritum
3275 5413 3482 5484 adepti,
3509 5410 3654 5465 inter

2042 5537 2188 5592 ﬁlios
2213 5533 2313 5588 Dei
2345 5528 2630 5586 constituti
2669 5538 2899 5586 sumus;
2937 5519 3234 5574 clamamus
3275 5521 3459 5568 autem
3483 5505 3650 5575 Abba,

2049 5630 2238 5692 Pater,
2253 5634 2310 5680 ct
2326 5621 2578 5679 haeredes
2592 5618 2721 5674 facti
2734 5628 2927 5669 sumus
2946 5612 3220 5666 bonorum
3235 5602 3281 5637 ’ί
3303 5615 3426 5671 qua:
3449 5595 3656 5652 sanctis

2044 5720 2484 5794 suntpromissa,
2512 5718 2739 5789 jurante
2776 5718 2992 5766 tantum
3019 5719 3129 5760 non
3158 5715 3258 5772 per
3289 5691 3650 5762 semetipsum

432 5867 478 5898 "
514 5863 693 5922 Exod.
717 5880 790 5928 iv,
818 5861 909 5916 22.
985 5857 1028 5891 δ’
1057 5861 1218 5915 ltom.
1263 5874 1334 5922 Iv,-
1380 5854 1464 5908 l3.
1547 5852 1591 5884 ⁸⁸
1623 5850 1797 5907 Galat.
1834 5865 1907 5914 iv,
1944 5844 2138 5899 Eli-31.
2219 5841 2266 5872 ⁸⁰
2291 5841 2451 5895 Rom.
2481 5811 2638 5903 ni,8;
2669 5829 2844 5886 Galat.
2870 5841 2943 5888 iv,
2971 5821 3060 5874 98.
3139 5819 3179 5850 "
3211 5816 3368 5870 Rom.
3402 5825 3516 5872 vin,
3546 5804 3649 5863 i5;

325 5940 508 5994 Calat.
556 5953 640 5998 ιιι.
679 5934 752 6024 6.,
