4092 6508
547 455 655 513 ην

1584 456 1641 511 S.
1681 455 1957 512 CYRlLLl
1998 452 2470 512 ALEXANDBINI
2505 453 2825 513 ARCHIEP.

3715 452 3823 509 {28

547 572 681 627 Deo.
715 568 1045 629 Continetur
1087 570 1239 625 enim
1279 570 1335 625 in
1381 568 1696 639 iuramento
1733 569 1913 626 Patris
1947 569 2113 627 Filius

2246 569 2355 624 τῶν
2405 569 2833 640 έπηγγελμίνων
2869 568 2982 633 τοῖς
3022 566 3196 638 ἁγίοις
3236 565 3503 636 ἀγαθῶν,
3538 569 3827 639 μονονοοχὶ

549 660 665 716 sive
692 662 815 731 ejus
862 660 1204 730 mysterium.
1236 656 1537 715 Consuevit
1570 660 1720 715 enim
1752 659 1912 717 Pater
1952 661 2143 731 jurare

550 767 650 822 per
671 751 948 822 propriam
976 751 1236 807 virtutem
1254 749 1399 807 Filii.
1420 750 1599 820 Atque
1619 750 1728 851 imo
1738 762 1825 810 est
1836 752 2025 822 jurare
2042 764 2143 821 per

547 844 925 914 semetipsum.
962 842 1244 912 Siquidem
1273 859 1384 898 non
1417 843 1561 898 alius
1597 842 1673 898 ab'
1698 844 1817 914 ipso
1840 854 1926 901 est
1948 844 2138 911 Filius,

551 933 661 1004 76
686 934 986 989 secundum
1029 934 1284 989 essentia
1327 935 1616 1001 rationem,
1651 935 1896 1005 inquam,
1923 943 1981 992 et
2017 936 2144 991 Dei-

552 1027 683 1082 tatis
734 1026 1098 1083 identitatem.
1127 1026 1338 1083 idcirco
1389 1027 1612 1084 divinus
1643 1029 1875 1101 Moyses,
1922 1029 2143 1100 quando

550 1116 712 1171 nobis
747 1117 1023 1186 jurantem
1076 1118 1248 1173 Deum
1286 1119 1549 1184 ostendit,
1596 1120 1873 1176 dicentem
1900 1119 2050 1185 facit,
2084 1130 2143 1177 et

550 1202 774 1281 quidem
811 1204 1141 1261 manifeste:
1175 1224 1194 1257 ‹
1237 1205 1376 1272 Quia
1424 1208 1557 1262 tollo
1587 1208 1644 1263 in
1681 1209 1895 1287 caelum.
1916 1223 2139 1267 manum

546 1308 750 1358 meam.
774 1302 832 1375 et
851 1294 981 1364 juro
1000 1310 1097 1365 per
1112 1296 1395 1352 dexteram
1420 1313 1598 1354 meam
1621 1298 1720 1352 ⁸⁸.»
1742 1300 1974 1356 Dextera
1990 1304 2139 1358 enim

548 1385 649 1441 Dei
677 1400 741 1442 ac
774 1387 954 1443 Patris
982 1399 1068 1445 est
1105 1389 1298 1456 Filius,
1324 1406 1425 1460 per
1456 1407 1621 1462 quem
1663 1393 1938 1451 universis
1961 1394 2138 1451 domi-

549 1484 736 1541 natur,
778 1481 1105 1549 cunctisque
1141 1480 1372 1550 imperat
1414 1488 1472 1536 et
1503 1482 1687 1538 divine
1721 1493 2005 1555 Operatur,
2038 1502 2139 1545 vo-

547 1581 684 1622 cans
701 1582 768 1623 ea
785 1584 908 1638 quae
934 1586 1047 1626 non
1074 1581 1205 1628 sunt
1241 1571 1310 1627 ad
1336 1580 1542 1638 ortum,
1576 1583 1632 1629 et
1669 1574 1737 1631 iis
1761 1591 1884 1646 quae
1908 1577 2021 1646 jam
2051 1593 2140 1633 or-

551 1668 669 1715 tum
709 1670 1062 1731 acceperunt,
1117 1671 1179 1719 ut
1236 1672 1385 1720 recte
1442 1679 1503 1719 se
1554 1664 1814 1730 habeant,
1865 1667 2135 1724 tribuens.

548 1748 817 1815 Quocirca
845 1752 1209 1823 jurejurando
1248 1754 1573 1825 interposito
1600 1754 1671 1811 ad
1705 1756 2138 1814 conﬁrmandam

550 1841 863 1899 heredibus
881 1845 1263 1913 promissionis
1300 1846 1486 1913 ﬁdem,
1509 1847 1806 1906 Salvatoris
1827 1851 2001 1906 nostri
2016 1868 2136 1924 my-

2244 660 2340 713 καὶ
2376 660 2734 731 ὀμωμοκότος
2787 659 2911 716 καθ’
2944 658 3141 715 ἑαυτοῦ
3173 657 3266 715 τοῦ
3296 656 3452 713 Θεοῦ.
3488 657 3823 730 Παριλήφθη

2241 748 2352 821 γὰρ
2374 749 2451 814 ὡς
2481 753 2541 805 ἑν
2567 752 2715 823 ὅρκῳ
2742 751 2841 805 τοῦ
2870 751 3084 823 nam
3107 751 3137 805 6
3160 750 3292 816 υίδς,
3323 751 3446 820 ἦτοι
3470 749 3535 803 τὸ
3561 748 3648 805 ἔπ’
3668 747 3824 820 αὐτῷ

2245 844 2565 915 μυστήριον.
2602 843 2766 908 Ἐθος
2796 842 2909 915 γὰρ
2942 842 3172 914 ὀμνύναι
3210 840 3292 913 τῷ
3330 841 3508 913 Ila.th
3545 840 3625 905 ὡς
3672 841 3825 896 κατὰ

2246 934 2379 998 ίδίας
2407 934 2692 1005 δυνάμεως
2721 934 2815 988 τοῦ
2854 932 3008 1001 Υῖοῦ,
3042 933 3137 988 καὶ
3168 932 3327 989 τοῦτό
3359 934 3477 987 ἐστι
3500 932 3563 987 τὸ
3586 931 3823 1003 ὀμνύναι

2240 1024 2364 1081 καθ’
2415 1025 2630 1081 ἑαυτοῦ.
2693 1024 2955 1098 Ἐπείπερ
2996 1025 3097 1097 οὐχ
3144 1024 3333 1097 ἔτερος
3396 1026 3531 1096 παρ’
3583 1022 3748 1077 αὐτὸν
3790 1024 3825 1077 δ

2242 1116 2392 1181 Υἱὸς,
2434 1118 2578 1173 κατά
2601 1135 2690 1188 γε,
2724 1119 2893 1189 φημὶ,
2917 1118 3017 1187 τῆς
3051 1118 3237 1181 οὐσίας
3279 1116 3373 1171 τδν
3410 1115 3589 1185 λόγον,
3624 1116 3720 1171 καὶ
3755 1117 3823 1169 τδ

2237 1209 2436 1263 ταυτὸν
2465 1210 2566 1280 τῆς
2611 1210 2885 1278 θεότητος.
2922 1208 3033 1262 Καὶ
3062 1206 3194 1277 γοῦν
3236 1208 3266 1262 δ
3295 1206 3581 1269 θεσπέσιος
3611 1204 3824 1274 Μωσῆς

2239 1299 2331 1353 ὅτε
2359 1298 2598 1370 δέδειχεν
2634 1300 2768 1371 ἡμῖν
2803 1297 3049 1370 ὀμνύντα
3073 1298 3230 1361 Θεὸν,
3265 1295 3686 1368 παρακεκόμικε
3726 1294 3822 1348 λέ-

2240 1407 2406 1457 γοντα
2435 1392 2531 1444 καὶ
2564 1390 2714 1460 μάλα
2748 1390 2958 1460 σαφῶς,
2984 1391 3065 1444 δτι
3110 1408 3131 1442 ι
3181 1386 3327 1458 Ἀρῶ
3359 1386 3441 1450 είς
3468 1385 3560 1439 τὸν
3587 1383 3823 1455 οὐρανὸν

2237 1482 2340 1553 τὴν
2372 1483 2532 1553 χεῖρὰ
2566 1499 2699 1553 μου,
2733 1484 2831 1537 καὶ
2857 1480 3103 1552 ὀμοῦμαι
3138 1481 3207 1552 τῇ
3229 1478 3384 1549 δεξιᾷ
3421 1494 3546 1550 μου.
3588 1495 3608 1530 ι
3650 1474 3822 1541 Δεξιὰ

2239 1575 2350 1644 γὰρ
2374 1575 2471 1629 τοῦ
2503 1574 2641 1630 Θεοῦ
2683 1577 2779 1630 καὶ
2816 1575 3051 1647 Πατρδς,
3082 1577 3113 1630 δ
3144 1574 3293 1639 Υἱὸς,
3322 1571 3392 1627 δι’
3430 1567 3502 1646 ἦς
3530 1571 3640 1626 τῶν
3674 1570 3823 1626 δλων

2237 1670 2578 1739 κατακρατεϊ
2599 1709 2614 1731 ,
2643 1669 2741 1723 καὶ
2772 1670 2938 1723 οἱονεὶ
2972 1667 3069 1722 τοῦ
3113 1666 3316 1731 παντὸς
3353 1663 3820 1736 καταδρὰσσεται,

2237 1758 2333 1814 καὶ
2360 1758 2679 1832 θεοπρεπῶς
2724 1759 3020 1833 ἐργάζεται
3062 1758 3245 1814 καλῶν
3285 1757 3355 1813 τὰ
3384 1757 3486 1810 οὐκ
3509 1755 3640 1810 δντα
3676 1752 3823 1825 πρὸς

2237 1848 2474 1918 γένεσιν,
2509 1851 2603 1905 καὶ
2636 1853 2748 1915 τοῖς
2798 1852 2902 1922 ἥδη
2941 1850 3215 1919 γεγονόσι,
3242 1846 3307 1902 τὸ
3353 1841 3413 1901 εὖ
3457 1842 3603 1899 εἶναι
3631 1840 3833 1898 διανι-

547 1932 778 1989 sterium
796 1935 1134 2003 continetur,
1164 1936 1540 2009 ﬁguratusque
1567 1948 1654 1996 est
1684 1941 1853 1998 veluti
1876 1941 1935 1997 in
1961 1941 2113 1999 vitul:

2240 1954 2378 2008 μων.
2429 1938 2641 1993 Οὐκοῦν
2699 1939 2777 2002 ὡς
2821 1941 2880 1992 ὲν
2923 1940 3090 2011 ὅρκου
3138 1938 3300 2009 χρεία
3343 1932 3688 2007 βεϐαιοῦντος
3729 1931 3821 1996 είς

544 2024 820 2091 Christus,
847 2034 905 2082 et
926 2026 985 2082 in
1020 2042 1182 2098 capra
1215 2037 1270 2084 et
1302 2028 1495 2095 ariete,
1526 2045 1592 2088 ac
1630 2030 1803 2089 veluti
1825 2032 1880 2087 in
1913 2033 2132 2091 duabus

544 2115 761 2180 avibus,
785 2124 1024 2181 turture,
1052 2119 1296 2190 inquam,
1325 2128 1382 2176 et
1421 2120 1696 2177 columba.
1733 2120 1991 2190 Quaenam
2027 2138 2128 2178 ιιι·

547 2213 659 2259 tem
678 2205 847 2263 etiam
880 2206 1047 2281 hujus
1070 2208 1151 2264 rei
1186 2210 1329 2267 ratio
1368 2210 1463 2279 sit,
1491 2211 1673 2283 quoad
1701 2222 1914 2284 potero,
1949 2213 2127 2285 expli-

544 2297 702 2355 cabo.

610 2572 665 2629 8.
704 2575 1110 2646 Nonnunquam
1131 2579 1280 2634 enim
1313 2580 1389 2637 ob
1429 2580 1708 2653 ingentem
1742 2582 2121 2640 fortitudinem

537 2673 707 2736 atque
744 2666 1116 2738 insuperabile
1162 2671 1359 2737 robur,
1379 2672 1631 2729 divinum
1682 2690 1914 2746 nempe,
1957 2676 2122 2733 aitqu

538 2768 920 2829 comparatur;
956 2776 1352 2833 nonnunquam
1373 2779 1510 2819 vero
1545 2774 1771 2837 propter
1805 2767 2121 2826 humanita-

539 2858 670 2916 tem,
698 2859 756 2905 et
785 2851 933 2921 quod
958 2851 1137 2908 factus
1163 2854 1236 2909 sit
1256 2854 1362 2909 sub
1386 2855 1524 2926 lege,
1549 2857 1719 2912 vitula
1741 2868 1985 2915 vocatur.
2023 2861 2122 2917 Mi-

535 2958 644 2999 nus
666 2945 813 2998 enim
833 2959 1051 3016 semper
1072 2953 1157 3001 est
1176 2957 1340 3018 atque
1364 2947 1594 3005 inferius
1613 2950 1831 3007 {amella
1853 2954 2115 3020 masculo,

534 3034 705 3089 veluti
730 3035 1013 3105 superiore
1035 3052 1100 3091 ac
1120 3039 1521 3107 prastantiore.
1545 3038 1775 3097 Omnem
1798 3043 1946 3099 enim
1966 3056 2119 3100 crea-

535 3133 717 3179 turam
758 3134 984 3195 superat
1028 3126 1216 3193 Filius,
1243 3137 1304 3184 et
1343 3129 1761 3200 incomparabili
1792 3132 2115 3191 excellentia

531 3223 846 3271 creatorum
875 3227 1129 3274 naturam
1166 3221 1463 3287 antecedit,
1486 3222 1727 3279 radicem
1765 3223 1979 3281 habens
2016 3241 2112 3282 su-

532 3322 784 3376 premum
804 3309 1052 3366 omnium
1070 3308 1311 3376 Patrem,
1333 3310 1530 3376 Deum,
1550 3312 1797 3381 inquam.
1819 3313 2111 3385 Postquam

531 3416 664 3457 vero
689 3401 1012 3457 incarnatus
1036 3409 1140 3467 est,
1177 3401 1282 3457 sub
1312 3403 1430 3472 lege
1461 3411 1548 3458 est
1577 3402 1775 3459 factus.
1818 3404 2030 3461 Idcirco
2053 3416 2112 3463 et

529 3494 608 3548 ait
648 3511 663 3547 :
715 3514 733 3545 ι
761 3492 889 3565 Non,
923 3495 1050 3550 veni
1094 3494 1311 3550 solvere
1356 3495 1554 3566 legem,
1588 3496 1685 3552 sed
1724 3497 1951 3567 implere
1988 3499 2054 3553 ⁸³.
2081 3519 2101 3553 ι

536 3585 869 3643 Tribuemus
907 3596 1093 3642 autem
1124 3587 1201 3653 id,
1229 3588 1277 3644 si
1320 3598 1471 3645 recte
1499 3590 1705 3645 sentire
1729 3591 1982 3657 velimus,
2010 3609 2107 3648 ex-

532 3675 849 3732 lnanitioni.
899 3677 1111 3733 Idcirco
1161 3677 1329 3734 vitula
1382 3680 1586 3735 dicitur
1615 3680 1891 3743 Christus.
1922 3684 2106 3756 Moyse

468 3807 476 3813 -
529 3770 670 3840 legis
698 3768 896 3829 faciem
935 3769 1290 3841 adimplente,
1314 3771 1400 3827 vel
1423 3770 1649 3829 deﬁnita
1676 3789 1776 3843 per
1808 3789 1935 3830 eum
1964 3776 2103 3848 lege.

527 3858 884 3914 Assimilatur
905 3868 1090 3914 autem
1114 3848 1281 3916 etiam
1303 3877 1498 3933 capra.
1525 3860 1642 3929 Qua
1667 3863 1734 3919 de
1761 3865 1968 3921 causa?
1991 3865 2105 3921 Ob-

528 3950 654 4004 tulit
682 3950 834 4006 enim
864 3952 1104 4022 seipsum
1131 3967 1233 4022 pro
1263 3953 1504 4023 peccatis
1536 3955 1773 4018 nostris,
1801 3956 2103 4011 secundum

526 4040 864 4117 Scripturas.
893 4042 1089 4099 Hircus
1105 4051 1289 4099 autem
1312 4044 1370 4098 in
1398 4044 1519 4114 lege
1541 4044 1871 4101 sacriﬁcium
1893 4057 1980 4103 est
2000 4064 2103 4119 pro

524 4141 770 4204 peccato.
799 4132 1158 4205 Comparatur
1195 4151 1328 4191 vero
1368 4135 1537 4191 etiam
1567 4138 1743 4203 arieti,
1785 4138 1910 4194 ideo
1953 4140 2101 4210 quod

525 4223 807 4280 rationalis
832 4226 1010 4298 gregis
1033 4227 1103 4281 sit
1122 4227 1252 4281 dux.
1274 4226 1485 4284 Unicus
1502 4228 1651 4282 enim
1674 4229 1786 4283 dux
1811 4238 2000 4285 noster
2016 4239 2102 4289 est

514 4313 795 4393 Christus,
820 4324 877 4372 et
920 4332 1024 4373 nos
1048 4318 1273 4389 quidem
1312 4336 1332 4370 ι
1361 4318 1602 4390 populus
1633 4335 1847 4390 pascuae
1886 4321 2005 4392 ejus
2043 4330 2100 4377 et

516 4417 649 4459 oves
681 4419 877 4460 manus
900 4407 1022 4478 ejus
1046 4408 1136 4473 “',
1166 4427 1187 4460 ι
1222 4407 1367 4463 sicut
1391 4408 1659 4478 scriptum
1682 4416 1784 4463 est.
1802 4409 2097 4480 Postquam

513 4511 649 4574 vero
686 4497 1021 4554 assimilatus
1056 4506 1143 4555 est
1177 4514 1277 4570 per
1318 4499 1504 4575 omnia
1526 4498 1811 4567 fratribus,
1850 4501 1956 4559 hoc
1988 4512 2092 4567 est,

2232 2027 2418 2083 πίστιν
2455 2028 2559 2100 τῆς
2604 2028 2941 2100 ἐπαγγελίας
2978 2029 3107 2094 τοὺς
3156 2026 3562 2098 κληρονόμους,
3604 2022 3668 2076 τὸ
3711 2019 3818 2078 τοῦ

2230 2118 2482 2192 Σωτῆρος
2526 2119 2682 2191 ἡμῶν
2727 2120 3051 2194 παρελήφθη
3104 2119 3422 2191 μυστήριον.
3465 2116 3576 2171 Καὶ
3609 2114 3818 2169 ἀνετο-

2228 2210 2397 2267 ποῦτο
2421 2212 2486 2283 δὴ
2518 2213 2717 2284 μᾶλλον
2746 2213 2822 2278 ὼς
2840 2215 2898 2267 εν
2924 2212 3151 2283 δαμάλει
3176 2210 3435 2283 Χριστὸς,
3460 2209 3555 2263 καὶ
3577 2208 3685 2280 μὴν
3707 2204 3833 2293 καί¹

2226 2300 2365 2368 αἰγὶ,
2401 2301 2496 2354 καὶ
2526 2301 2687 2373 κριῷ,
2721 2302 2816 2357 καὶ
2842 2302 2918 2366 ὡς
2949 2304 3008 2356 ὲν
3039 2301 3183 2354 δυοῖν
3229 2298 3553 2371 στρουθίοιν,
3581 2295 3815 2367 τρυγόνι

2225 2407 2307 2456 τε,
2339 2393 2504 2463 φημὶ,
2534 2394 2628 2448 καὶ
2667 2395 2989 2467 περιστερᾷ.
3030 2393 3240 2456 Καὶτίς
3255 2391 3321 2446 ἂν
3354 2393 3385 2447 ὁ
3411 2389 3599 2449 τούτου
3632 2391 3814 2445 νοοῖτο

2223 2480 2402 2551 λόγος,
2425 2484 2567 2538 κατὰ
2599 2483 2657 2538 τὸ
2676 2484 2952 2557 ἐγχωροῦν
2980 2485 3357 2555 ἀφηγήσομαι.

2292 2576 2364 2648 η’.
2400 2576 2540 2632 Hoc}
2572 2577 2673 2646 μὶν
2698 2578 2808 2648 γὰρ
2835 2578 2923 2633 διὰ
2949 2578 3011 2633 τὸ
3034 2578 3175 2647 ἄγαν
3202 2574 3457 2639 εὐσθενὲς
3483 2573 3577 2629 καὶ
3602 2573 3811 2628 datm-

2221 2666 2485 2739 γώνιστον
2537 2670 2618 2734 είς
2672 2669 2864 2741 ἀλκὴν,
2911 2668 3069 2739 δῆὶον
3111 2667 3169 2725 δὲ
3214 2666 3299 2721 ὅτι
3342 2666 3442 2736 τὴν
3495 2664 3804 2735 θεοπρεπῆ,

2214 2761 2431 2834 μόσχῳ
2459 2761 2874 2832 παρεικάζεται.
2916 2759 3054 2814 Ποτὲ
3082 2759 3139 2812 δὲ
3177 2754 3269 2822 αὖ,
3299 2756 3392 2812 διὰ
3425 2755 3487 2810 τδ
3522 2752 3808 2824 ἀνθρώπι-

2219 2870 2330 2919 νον,
2371 2854 2467 2909 καὶ
2493 2853 2616 2908 ἐπεί
2642 2871 2727 2908 τοι
2770 2853 2998 2923 γέγονεν
3021 2851 3129 2906 ύπδ
3155 2851 3319 2923 νόμον
3338 2889 3353 2915 ,
3390 2847 3649 2919 δάμαλις
3676 2846 3805 2900 ὀνο-

2221 2946 2475 3018 μάζεται.
2516 2945 2764 3000 Κατόπιν
2803 2945 2912 3015 γάρ
2955 2960 3073 3008 πως
3126 2943 3214 2997 ἀεὶ
3263 2940 3360 2997 καὶ
3418 2943 3476 2996 ιν
3522 2940 3703 3012 μείοσι
3736 2939 3806 2995 ob

2217 3039 2351 3109 θῆλυ
2404 3035 2501 3091 τοῦ
2547 3037 2780 3109 ἄρρενος
2825 3034 2900 3099 ὡς
2950 3032 3254 3105 ἡγουμένου
3303 3032 3399 3086 καὶ
3447 3028 3801 3103 προύχοντος.

2228 3128 2473 3198 Ἀπάσης
2529 3125 2628 3197 μὲν
2672 3125 2785 3196 γὰρ
2840 3125 3099 3179 ἐπέκεινα
3142 3122 3373 3187 κτίσεως
3411 3124 3440 3176 δ
3486 3121 3650 3187 Υίδς,
3701 3117 3806 3178 καὶ

2214 3218 2567 3289 ἀσυγκρίτοις
2597 3218 2894 3288 ὑπεροχαῖς
2924 3217 3022 3287 τὴν
3084 3215 3193 3271 τῶν
3218 3213 3462 3287 γενητῶν
3492 3212 3800 3286 ὑπερφέρει

2214 3311 2374 3380 φύσιν
2400 3326 2461 3364 τε
2503 3309 2597 3364 καὶ
2630 3307 2786 3374 δόξαν
2808 3349 2823 3373 ,
2861 3308 3012 3380 ῥίζαν
3042 3306 3184 3378 ἔχων
3214 3308 3314 3377 τὴν
3347 3305 3628 3374 ἀνωτάτην
3647 3344 3664 3367 ,
3701 3305 3800 3360 τὸν

2210 3401 2320 3456 τῶν
2360 3401 2496 3457 ὅλων
2537 3401 2764 3473 Πατέρα
2833 3400 2981 3473 φημὶ
3025 3399 3090 3471 δὴ
3133 3400 3229 3453 καὶ
3273 3398 3427 3453 Θεόν.
3470 3396 3690 3468 Ἐπειδὴ
3732 3396 3799 3452 δὲ

2211 3493 2424 3563 πέφυκε
2450 3492 2572 3547 καθ’
2595 3494 2765 3564 ἡμᾶς,
2789 3491 3199 3565 κεχρημάτικεν
3224 3489 3329 3545 ὑπὸ
3354 3489 3516 3561 νόμον
3536 3489 3611 3553 ὡς
3633 3487 3800 3559 ἡγού-

2212 3603 2393 3657 μενον.
2409 3584 2700 3657 Τοιγάρτοι
2734 3583 2828 3639 καὶ
2859 3584 3151 3653 ἔφασκενί
3172 3581 3285 3637 Οὐκ
3310 3576 3471 3651 ἦλθον
3490 3579 3797 3635 καταλῦσαι

2207 3679 2299 3732 τὸν
2331 3677 2529 3748 νόμον,
2567 3676 2702 3731 ἀλλὰ
2756 3675 3068 3747 πληρῶσαι.
3102 3692 3123 3728 ι
3165 3672 3535 3744 Ἀναθήσομεν
3575 3672 3635 3727 δὲ
3693 3671 3796 3731 καὶ

2205 3769 2365 3824 τοῦτο
2390 3772 2502 3832 τοῖς
2524 3769 2623 3838 τῆς
2652 3766 2937 3830 κενώσεως
2972 3765 3214 3837 μέτροις,
3247 3761 3386 3834 ὀρθὰ
3414 3763 3631 3832 φρονεῖν
3650 3761 3786 3832 ᾑρηο

2209 3860 2380 3931 μένοι.
2414 3857 2515 3913 Διὰ
2543 3858 2701 3912 τοῦτο
2730 3856 2987 3926 δάμαλις
3013 3856 3041 3908 ὁ
3068 3854 3304 3925 Χριστὸς
3325 3892 3339 3915 ,
3377 3852 3440 3906 τὸ
3475 3850 3570 3905 τοῦ
3617 3848 3790 3923 νόμου

2206 3951 2501 4020 πρόσωπον
2549 3947 2992 4020 ἀναπληροῦντος
3038 3944 3312 4009 Μωσέως,
3352 3943 3472 4015 ἦτοι
3520 3941 3616 3997 τοῦ
3660 3941 3789 3997 κατ’

2203 4043 2366 4098 αὐτὸν
2393 4041 2705 4113 ὁρισθέντος
2738 4041 2927 4111 νόμου.
2989 4036 3377 4108 ’Δφομοιοῦται
3425 4035 3482 4089 δὲ
3516 4034 3612 4087 καὶ
3627 4035 3783 4104 alrl.

2203 4135 2302 4190 Διὰ
2334 4134 2496 4189 ποίαν
2538 4134 2754 4197 αἱτίαν;
2802 4129 3218 4202 Προσκεκόμικε
3258 4128 3368 4200 γὰρ
3413 4124 3606 4182 ἑαυτὸν
3638 4124 3785 4197 ὑπὲρ

2200 4228 2310 4281 τῶν
2333 4224 2616 4298 ἁμαρτιῶν
2643 4224 2831 4296 ἡμῶν,
2856 4224 2998 4280 κατὰ
3036 4220 3140 4287 τὰς
3171 4222 3418 4292 Γραφάς.
3447 4221 3698 4293 Χίμαρος
3721 4222 3783 4276 δὲ

2198 4320 2261 4373 τὸ
2293 4319 2434 4391 ὑπὲρ
2478 4317 2755 4391 ἁμαρτίας
2800 4316 2949 4387 θῦμα
2975 4315 3119 4370 κατά
3149 4314 3240 4368 τδν
3268 4313 3451 4384 νόμον.
3485 4312 3782 4383 Παραϐάλ-

2199 4412 2350 4466 λεται
2373 4411 2430 4467 δὲ
2468 4412 2566 4465 καὶ
2593 4410 2759 4480 xpedi,
2780 4407 2874 4464 διὰ
2898 4408 2960 4463 τὸ
2985 4407 3094 4462 τῶν
3118 4406 3356 4475 λογικῶν
3386 4405 3641 4478 ἡγεῖσθαι
3668 4422 3783 4460 ποι-

2201 4489 2394 4572 μνίων.
2429 4494 2526 4565 Εἷς
2565 4497 2676 4571 γὰρ
2725 4496 2883 4568 ἡμῶν
2925 4498 3043 4551 ἐστι
3087 4494 3407 4567 καθηγητὴς
3451 4496 3481 4548 ὁ
3521 4494 3778 4566 Χριστός.

510 4586 694 4653 .nobis,
719 4588 1018 4647 demittens
1043 4590 1287 4661 seipsum
1308 4590 1376 4645 ad
1407 4591 1858 4658 exinanitionem,
1884 4592 2095 4649 descri-

2215 4593 2311 4648 Καὶ
2330 4594 2493 4663 ἡμεῖς
2526 4590 2628 4663 μὲν
2662 4589 2789 4652 λαὸς
2817 4589 2992 4659 νομῆς
3025 4586 3193 4643 αὐτοῦ
3240 4586 3337 4641 καὶ
3382 4584 3632 4656 πρόϐατα
3663 4601 3782 4656 χει-

514 4676 666 4732 bitur
691 4678 917 4747 quidem
945 4679 1002 4733 in
1040 4682 1225 4747 ariete,
1257 4680 1688 4754 intelligiturque
1716 4683 1994 4755 perfectus
2028 4701 2093 4741 ac

2215 4686 2290 4749 »ὃς
2316 4682 2505 4746 αὑτοῦ,
2532 4682 2674 4736 κατὰ
2700 4680 2763 4734 τὺ
2784 4678 3194 4750 γεγραμμένον.
3228 4676 3449 4747 Ἐπειδὴ
3478 4672 3533 4730 δὲ
3556 4674 3779 4746 ὠμοιώο

512 4769 644 4824 dux.
675 4769 888 4825 Arietcs
925 4771 1073 4827 enim
1117 4787 1334 4842 semper
1371 4783 1502 4829 sunt
1541 4790 1767 4847 gregum
1811 4774 2090 4831 ductores.

512 4858 659 4914 Idem
700 4859 883 4931 itaque
920 4870 977 4917 et
1006 4861 1173 4917 vitula
1205 4870 1310 4928 est,
1346 4878 1412 4920 eo
1443 4866 1590 4936 quod
1629 4866 1733 4922 sub
1764 4867 1886 4938 lege
1912 4866 2003 4931 sit,
2035 4874 2093 4922 et

509 4949 674 5005 etiam
708 4951 878 5006 veluti
906 4968 1093 5025 capra,
1132 4953 1355 5010 victima
1392 4972 1492 5027 pro
1523 4967 1786 5028 peccato;
1824 4967 2090 5028 praeterea

509 5042 648 5097 aries
682 5048 743 5097 ut
760 5041 892 5098 dux.
916 5043 1088 5116 Cujus
1117 5046 1361 5118 vestigiis
1385 5048 1642 5105 insistere
1668 5049 1975 5119 cupientes,
2001 5057 2088 5104 at-

506 5149 614 5202 que
645 5135 1063 5202 contendentes,
1112 5135 1168 5192 in
1212 5137 1371 5195 bonis
1420 5140 1660 5210 pascuis,
1710 5147 1769 5194 et
1808 5159 1826 5192 ‹
1856 5140 1914 5196 in
1960 5140 2084 5196 loco

508 5224 698 5295 pingui
739 5224 948 5282 erimus
988 5229 1271 5285 constituti
1296 5232 1366 5297 δ”,
1396 5251 1414 5283 ι
1459 5231 1565 5302 77
1607 5233 1761 5302 juxta
1802 5232 2087 5304 propheta:

505 5328 719 5381 vocem,
746 5323 804 5370 et
831 5315 888 5371 in
911 5319 1083 5375 sacris
1105 5321 1340 5378 stabulis
1376 5321 1801 5377 diversabimur.
1836 5323 2084 5380 Deducet

502 5405 651 5460 enim
675 5421 778 5462 nos
815 5407 869 5461 in
911 5410 1164 5469 caelestes
1209 5414 1524 5470 mansiones
1564 5415 1681 5485 ipse
1725 5426 1783 5471 et
1825 5416 1990 5479 aries,
2028 5427 2086 5472 et

501 5511 752 5554 summus
776 5509 982 5571 pastor,
1016 5512 1074 5559 et
1113 5505 1285 5560 veluti
1318 5521 1464 5561 unus
1505 5522 1573 5562 ex
1612 5508 1773 5563 nobis
1810 5509 1913 5564 sub
1943 5508 2083 5579 lege,

499 5596 665 5658 atque
688 5606 854 5662 supra
876 5592 1075 5665 legem,
1101 5603 1165 5649 ut
1190 5595 1337 5650 Deus
1357 5595 1473 5666 ipse
1513 5597 1693 5653 omnis
1736 5597 2081 5669 justiﬁcatio,

501 5681 714 5739 tametsi
756 5702 774 5735 ι
801 5684 945 5742 inter
970 5685 1191 5757 iniquos
1220 5693 1509 5759 reputatus
1532 5698 1618 5744 est
1636 5689 1707 5756 ",
1736 5708 1755 5742 ι
1780 5698 1838 5745 et
1865 5705 1966 5761 pro
1984 5705 2086 5744 no—

2193 4775 2261 4848 θη
2280 4777 2425 4830 κατὰ
2448 4774 2627 4830 πάντα
2653 4775 2766 4838 τοῖς
2797 4771 3066 4841 ἀδελφοῖς,
3086 4768 3365 4824 τουτέστιν
3393 4769 3545 4840 ἡμῖν,
3583 4766 3778 4833 καθεὶς

2191 4867 2383 4923 ἑαυτὸν
2417 4869 2497 4932 είς
2527 4866 2790 4932 κένωσιν,
2818 4864 3091 4935 γράφεται
3133 4862 3234 4934 μὲν
3276 4861 3334 4914 ἐν
3360 4858 3505 4930 κριῷ
3524 4902 3538 4924 ,
3570 4860 3775 4914 νοεῖται

2190 4977 2255 5030 γε
2299 4959 2406 5030 μὴν
2453 4959 2779 5031 ἡγούμενος.
2826 4955 2990 5026 Κριοὶ
3037 4953 3148 5027 γὰρ
3194 4952 3282 5007 ἀεὶ
3325 4951 3428 5023 τῆς
3468 4950 3669 5021 ἀγέλης
3719 4951 3774 5005 οι

2189 5048 2537 5122 προύχοντες.
2590 5047 2649 5102 '0
2686 5046 2848 5109 αὐτὸς
2877 5041 2972 5100 οὖν
3001 5043 3109 5114 ἄρα
3139 5042 3233 5097 καὶ
3257 5039 3543 5112 δάμαλις,
3573 5039 3661 5093 διά
3685 5055 3773 5092 τοι

2188 5142 2251 5198 τὸ
2277 5141 2386 5196 ὑπὸ
2429 5140 2624 5211 νόμον,
2667 5139 2760 5193 καὶ
2797 5137 2904 5209 μὴν
2942 5137 3036 5191 καὶ
3073 5136 3149 5199 ὡς
3179 5133 3281 5200 αἲξ
3308 5175 3322 5199 ,
3352 5133 3582 5201 σφάγιον
3627 5130 3769 5201 ὑπέρ

2191 5233 2487 5305 ἁμαρτίας.
2540 5231 2653 5286 Καὶ
2702 5230 2928 5302 προσέτι
2963 5227 3130 5296 κριὸς
3154 5267 3169 5292 ,
3208 5226 3284 5290 ὡς
3327 5224 3650 5297 ἡγούμενος.
3690 5217 3771 5276 Ob

2187 5330 2302 5391 τοῖς
2334 5327 2537 5395 ἴχνεσιν
2563 5323 2792 5378 ἕπεσθαι
2834 5322 2945 5389 δεῖν
2974 5319 3262 5393 ᾑρημένοι,
3302 5318 3394 5372 καὶ
3421 5314 3768 5371 διασπεύδον-

2187 5433 2298 5480 τες,
2335 5434 2354 5467 ι
2410 5416 2502 5470 Ἐν
2546 5416 2684 5485 νομῇ
2720 5410 2923 5484 ἀγαθῇ,
2949 5411 3044 5465 καὶ
3073 5412 3133 5464 ὲν
3170 5409 3322 5481 τόπῳ
3365 5409 3533 5471 πίονι,
3567 5425 3587 5459 ι
3625 5404 3767 5459 κατὰ

2183 5507 2284 5579 τὴν
2311 5506 2407 5561 τοῦ
2445 5507 2728 5577 προφήτου
2781 5502 2966 5573 φωνὴν
2987 5543 3002 5568 ,
3032 5500 3274 5571 ἐσόμεθα
3296 5541 3311 5565 ,
3347 5499 3444 5553 καὶ
3482 5498 3541 5552 ὲν
3573 5494 3766 5558 αὐλαῖς

2186 5597 2359 5667 ἱεραῖς
2406 5593 2806 5664 καταλύσομεν.
2857 5584 3113 5647 Ἐνοικιέῖ
3150 5588 3260 5660 γὰρ
3304 5587 3453 5659 ἡμᾶς
3498 5587 3617 5651 ταῖς
3650 5583 3765 5638 ἄνω

2188 5689 2395 5757 μοναῖς,
2431 5684 2594 5749 αὐτὸς
2617 5682 2694 5739 ὢν
2722 5684 2816 5739 καὶ
2843 5681 2997 5756 κριὸς
3025 5680 3121 5736 καὶ
3161 5678 3501 5753 ἁρχιποίμην
3518 5717 3534 5746 ,
3563 5674 3659 5730 καὶ
3687 5673 3762 5738 ὡς

566 5856 613 5889 ⁸¹
641 5857 801 5916 Deut.
835 5878 1001 5928 xxxn,
1028 5863 1112 5917 to.
1190 5863 1235 5895 ⁸³
1262 5863 1449 5921 Matth.
1491 5883 1540 5931 τ,
1585 5867 1669 5921 t7.
1748 5866 1815 5900 ³³⁸
1851 5868 1990 5924 Psal.
2035 5884 2113 5924 1.x:

2215 5884 2250 5934 ι,
2289 5867 2374 5926 l3.
2454 5869 2497 5903 ’ἰ
2539 5867 2738 5927 Ezeeh.
2787 5885 2968 5935 xxxn',
3009 5867 3092 5923 Η.
3171 5865 3217 5897 ⁸⁸
3255 5862 3356 5919 isa.
3414 5840 3525 5921 Li".
3566 5858 3653 5917 13.
