4092 6460
228 297 315 356 129
1231 289 1757 346 οιΑΡιινιιοκυΜ
1797 291 1803 344 l

1907 291 2208 349 GENESIM
2243 293 2373 350 LIB.
2417 293 2509 350 ll'l.

3407 295 3514 354 430

224 410 290 478 tl;
317 411 373 480 ἐξ
421 409 582 482 ἡμῶν
609 409 716 462 ὑπὸ
750 408 944 478 νόμον,
973 407 1069 461 καὶ
1112 406 1256 478 ὑπὲρ
1302 407 1491 477 νόμον,
1537 407 1613 472 ὡς
1666 407 1800 472 Θεὸς

1907 409 1991 466 bis
2021 421 2314 467 mactatus.
2349 411 2647 483 Figuratus
2678 427 2812 468 vero
2852 428 3078 468 rursum
3123 423 3210 468 est
3249 414 3418 470 veluti
3453 415 3509 470 in

223 504 366 567 αὐτὸς
403 503 435 574 ἡ
483 503 628 557 πᾶσα
668 500 997 564 δικαίωσις.
1027 501 1078 553 εί
1110 499 1206 554 καὶ
1236 517 1254 551 ι
1312 500 1402 553 Ἐν
1429 502 1542 563 τοῖς
1575 499 1804 569 ἀνόμοις

223 595 477 667 ἐλογίσθη,
520 615 542 648 ι
574 595 664 648 καὶ
687 593 790 662 τὴν
816 592 884 646 δι’
919 595 1070 664 ἡμᾶς
1101 591 1366 663 ὑπέμεινε
1395 593 1638 663 σφαγήν.
1659 593 1804 662 Μορ-

223 690 396 761 φοῧται
419 689 477 743 δὲ
503 684 572 742 αὖ
607 689 700 742 καὶ
721 687 799 750 ὡς
828 689 890 740 ὲν
917 687 1141 759 τρυγόνι
1179 686 1279 739 καὶ
1320 687 1644 756 περιστερᾷ.
1694 685 1806 738 Αὑ-

221 781 298 844 τὺς
329 780 437 850 γὰρ
477 779 510 849 ἡ
562 777 699 848 μόνη
750 777 1064 848 νοητὴκαὶ
1108 777 1407 844 λαλιστάτη
1455 773 1709 844 τρυγὼν,
1742 776 1804 829 τὸ

221 869 461 940 εὔστομον
487 866 706 938 ἀληθῶς
738 867 1057 938 στρουθίον,
1089 869 1118 922 6
1155 865 1216 931 ἐξ
1251 866 1485 939 οὐρανοῦ
1535 866 1631 919 καὶ
1663 866 1804 920 ἄνωο

221 963 326 1028 θεν,
373 960 430 1024 ὃς
466 961 585 1022 τοῖς
627 959 1017 1028 εὖαγγελικοῖς
1067 959 1398 1031 κηρύγμασι
1458 957 1802 1028 κατεκήλησε

222 1057 304 1127 τήν
343 1055 434 1109 ὑπ’
477 1053 736 1124 οὐρανόν·
787 1045 834 1121 ᾧ
886 1053 981 1106 καὶ
1030 1051 1170 1125 αὑτὴ
1237 1050 1715 1123 προσπεφώνηκεν
1767 1052 1802 1121 ή

224 1147 383 1218 νύμφη
407 1187 422 1211 ,
445 1144 736 1200 τουτέστιν
756 1184 771 1211 ,
815 1146 849 1214 ή
880 1144 942 1210 ἐξ
974 1143 1148 1198 ἐθνῶν
1197 1143 1519 1214 Ἐκκλησία·
1562 1162 1581 1196 ι
1619 1143 1804 1208 Δεῖξον

226 1255 302 1309 μοι
324 1236 418 1310 τὴν
445 1237 580 1307 ὕψιν
614 1254 737 1301 σου,
777 1237 874 1290 καὶ
901 1236 1194 1291 ἀκούτισὸν
1225 1253 1318 1307 μοι
1349 1240 1448 1307 τήν
1475 1237 1662 1306 φωνήν
1683 1249 1800 1288 σουσ

221 1333 336 1402 ὅτιή
367 1331 518 1400 φωνή
555 1345 652 1383 σου
694 1330 883 1400 ἡδεῖα,
918 1329 1078 1400 καὶὴ
1121 1328 1245 1400 ὄψις
1293 1345 1388 1382 σου
1427 1327 1628 1400 ὡραία.
1680 1347 1699 1381 ι
1743 1330 1804 1382 '0

222 1423 359 1488 αὐτος
383 1424 418 1494 ὴ
441 1422 594 1492 ἁπλῆ
628 1424 726 1476 καὶ
756 1422 1107 1494 ἀκάκουργος
1164 1419 1260 1475 καὶ
1288 1421 1442 1474 δόλον
1470 1421 1572 1474 οὐκ
1603 1420 1802 1491 ἔχουσα

221 1513 538 1586 περιστερά.
589 1516 668 1569 Οὐ
697 1516 809 1587 γὰρ
838 1515 1045 1586 εὑρέθη
1097 1532 1117 1566 ι
1173 1514 1324 1578 δόλος
1367 1517 1425 1567 ὲν
1451 1513 1532 1586 τῷ
1572 1515 1811 1584 στόματι

220 1607 395 1671 αὐτοῦ,
439 1626 459 1658 ι
506 1605 658 1662 κατὰ
705 1607 766 1660 τὸ
807 1605 1226 1678 γεγραμμένον.
1267 1607 1628 1677 Τριετίζουσα
1675 1606 1732 1658 δὲ
1759 1605 1802 1673 ἠ

218 1699 445 1770 δάμαλις
466 1741 481 1765 ,
514 1702 618 1753 καὶ
654 1699 761 1772 μὴν
793 1700 894 1754 καὶ
937 1699 1006 1752 τὰ
1035 1700 1202 1770 ἕτερα
1233 1699 1342 1766 τῶν
1377 1699 1616 1771 κτηνῶν.
1659 1700 1803 1752 Παν-

1909 511 2125 559 turture
2160 513 2218 559 et
2241 505 2517 560 columba.
2545 505 2670 576 Ipse
2695 505 2850 561 enim
2882 515 2968 562 est
2992 507 3191 562 unicus
3215 507 3308 562 ille
3339 508 3509 578 spiri-

1906 595 2073 651 tualis
2118 611 2183 651 ac
2233 612 2470 652 sonorus
2516 598 2789 668 imprimis
2820 606 3019 664 turtur,
3064 613 3269 656 canora
3317 615 3510 654 revera

1905 686 2043 751 avis,
2069 687 2164 757 qui
2187 702 2256 742 ex
2282 688 2425 743 cmlo
2461 703 2527 744 ac
2568 704 2807 758 superne
2852 691 3190 761 evangelicis
3244 691 3511 761 praedica-

1907 778 2157 833 tionibus
2195 779 2522 834 universum
2563 787 2842 835 terrarum
2873 783 3068 837 orbem
3102 790 3364 851 personat
3394 800 3406 834 :
3437 781 3508 836 ad

1904 885 2068 939 quem
2095 870 2213 940 ipsa
2236 886 2457 941 sponsa,
2489 872 2597 926 hoc
2629 881 2717 927 est
2751 872 3020 938 Ecclesia,
3051 888 3118 928 ex
3141 872 3401 943 gentibus
3432 873 3509 928 ita

1904 960 2179 1015 exclamat
2215 978 2228 1014 :
2274 979 2292 1012 ι
2321 958 2569 1016 Ostende
2603 960 2740 1014 mihi
2776 961 2974 1016 faciem
3021 971 3192 1028 tuam,
3220 971 3277 1018 et
3311 961 3507 1016 audire

1905 1066 1993 1107 me
2025 1053 2114 1108 fac
2141 1067 2336 1108 vocem
2364 1061 2549 1118 tuam;
2578 1052 2710 1122 quia
2741 1068 2850 1107 vox
2884 1062 2976 1108 tua
3002 1053 3206 1119 suavis,
3234 1064 3292 1110 et
3334 1053 3506 1108 facies

1906 1151 2000 1200 tua
2041 1145 2272 1216 pulchra
2311 1147 2381 1198 ".
2421 1164 2441 1198 ι
2481 1145 2603 1215 Ipse
2635 1147 2804 1201 etiam
2837 1155 2921 1200 est
2960 1145 3195 1217 simplex
3223 1156 3388 1217 atque
3421 1147 3507 1202 in-

1905 1253 2130 1304 nocens,
2159 1238 2447 1309 omnisque
2482 1239 2593 1294 doli
2615 1255 2816 1309 expers
2831 1237 3094 1294 columba.
3126 1239 3315 1310 Neque
3351 1240 3503 1296 enim

1905 1329 2165 1385 inventus
2187 1339 2274 1385 est
2303 1349 2322 1381 ι
2349 1331 2404 1385 in
2431 1347 2527 1386 ore
2556 1332 2678 1402 ejus
2709 1330 2871 1386 dolus
2899 1331 2969 1396 ⁸⁷,
2996 1349 3014 1382 ι
3061 1330 3202 1386 sicut
3235 1330 3503 1400 scriptum

1904 1434 2008 1480 est.
2047 1424 2221 1480 Vitula
2255 1432 2441 1480 autem
2480 1423 2734 1488 triennis,
2773 1430 2834 1477 ut
2866 1433 2923 1478 et
2957 1422 3171 1491 reliqua
3215 1422 3499 1476 animalia.

1905 1515 2196 1571 Perfectus
2231 1515 2381 1572 enim
2411 1523 2497 1570 est
2533 1530 2602 1569 ex
2650 1514 2801 1568 omni
2846 1522 3001 1584 parte
3040 1514 3328 1569 Dominus.
3365 1512 3503 1568 Ani-

1906 1608 2180 1662 mantium
2215 1606 2491 1678 siquidem
2523 1606 2702 1662 aetatis
2728 1606 2942 1677 integra
2967 1613 3179 1661 statura
3208 1605 3507 1676 perfectio-

1905 1715 2034 1754 nem
2082 1699 2314 1754 Deitatis
2355 1699 2412 1753 in
2445 1699 2742 1770 Unigenito
2776 1699 3058 1770 eleganter
3099 1698 3389 1769 signiﬁcat.
3423 1698 3503 1754 Ac

219 1762 534 1864 τέλειος
575 1793 606 1847 ὁ
651 1762 880 1864 ίὶιίριος.
927 1792 1040 1862 Τῆς
1074 1762 1186 1845 των
1225 1762 1444 1864 κτηνῶν
1468 1762 1704 1863 ’ἡλικίας
1734 1790 1799 1845 τὸ

1907 1791 2233 1847 dividuntur
2261 1791 2486 1862 quidem
2527 1762 2787 1847 animalia
2840 1762 3100 1863 (dissecta
3133 1762 3280 1845 enim
3323 1790 3500 1861 sunt).

219 1886 282 1950 ὡς
302 1888 355 1938 ἐν
379 1885 615 1955 θεότητι
651 1886 861 1938 τέλειον
889 1884 985 1938 τοῦ
1021 1884 1359 1954 Μονογενοῦς
1390 1884 1801 1954 ὑποφαινούσης

221 1979 444 2043 ἀστείως.
476 1971 596 2032 Καὶ
621 1978 1028 2032 διαπτύσσεται
1062 1979 1161 2049 μὲν
1196 1977 1266 2030 τὰ
1294 1979 1494 2049 κτήνη·
1535 1978 1799 2048 δεδιχοτόο

222 2087 396 2141 μηνται
423 2070 558 2141 γάρ.
596 2070 899 2140 Μεμένηκε
919 2069 976 2122 δὲ
1003 2069 1113 2122 τῶν
1138 2069 1440 2140 στρουθίων
1473 2071 1800 2143 ἀδιχοτόμη-

217 2179 294 2224 τος
335 2164 365 2234 ή
409 2163 567 2226 δυάς.
613 2163 725 2216 Καὶ
771 2163 858 2227 τίς
894 2165 921 2215 ὁ
947 2160 1134 2228 λόγος;
1173 2154 1252 2235 ᾞ
1305 2161 1403 2231 μὲν
1453 2163 1560 2233 γὰρ
1603 2163 1798 2231 γέγονε

221 2253 336 2325 σὰρξ
371 2257 398 2308 6
433 2254 743 2326 μονογενὴς
777 2255 876 2308 τοῦ
906 2253 1044 2308 Θεοῦ
1071 2254 1264 2323 Λόγος,
1302 2255 1466 2308 οἱονεί
1504 2270 1622 2318 πως
1657 2255 1798 2309 δεδι-

218 2348 512 2419 χοτόμηται,
558 2350 660 2402 καὶ
690 2349 770 2411 εἰς
807 2346 1046 2420 θεωρίαν
1068 2347 1358 2417 εὐρύνεται
1398 2347 1500 2415 τὴν
1544 2347 1740 2418 διπλῆν
1770 2350 1800 2402 6

218 2438 292 2492 ἐπ’
324 2439 468 2509 αξιτῷ
516 2439 708 2508 λόγος.
749 2439 872 2492 Ὀτὲ
923 2439 1023 2508 μὲν
1067 2437 1200 2510 γὰρ,
1235 2439 1337 2510 τὴν
1375 2439 1449 2502 ὡς
1485 2440 1550 2492 ὲκ
1583 2439 1798 2509 Πατρὸς

218 2531 362 2584 αὑτοῦ
408 2532 568 2586 θείαν
617 2533 714 2586 καὶ
759 2531 1076 2602 ἀπόρρητον
1113 2529 1347 2600 νοοῦμεν
1378 2529 1665 2600 γέννησιν*
1707 2531 1798 2586 ὁτὲ

216 2620 263 2674 δὲ
284 2617 365 2684 αὖ,
395 2622 456 2676 τὸ
495 2622 609 2694 τῆς
651 2621 1126 2695 ὲνανθρωπὴσεως
1161 2619 1434 2692 λαλοῦμεν
1467 2625 1796 2695 μυστήριον,

217 2715 268 2768 τὸ
305 2714 431 2785 βαθὺ
480 2715 596 2786 τῆς
642 2716 961 2786 οἰκονομίας
1027 2716 1316 2786 μονονουχὶ
1369 2715 1801 2779 διαπτύσσοντες

218 2805 296 2858 καὶ
328 2805 635 2870 ἁπλοῦν-τες
684 2807 766 2870 εἰς
826 2805 1038 2876 εἴδησιν
1086 2810 1200 2870 τοῖς
1247 2805 1348 2858 οὐκ
1395 2805 1596 2858 εἰδόσιν
1641 2805 1794 2861 αὑτό.

226 2898 348 2952 Ἀλλ’
378 2901 425 2952 εί
468 2897 572 2951 καὶ
618 2897 814 2966 γέγονε
850 2896 1030 2961 διττὸς
1075 2896 1241 2964 οἱονεί
1286 2913 1402 2960 πως
1441 2899 1470 2952 6
1513 2897 1598 2950 ἐπ’
1646 2897 1798 2968 αὐτῷ

217 2987 370 3058 λόγος,
400 2990 517 3044 ἀλλ’
544 2983 637 3051 εἷς
675 3005 779 3041 που
822 2989 1044 3052 πάντως
1074 2989 1172 3044 καὶ
1194 2990 1224 3043 6
1252 2989 1436 3052 αὐτὸς,
1464 2990 1526 3042 οὐ
1557 2988 1798 3060 διαιρού-

1904 1885 2102 1940 Avium
2132 1900 2266 1940 vero
2301 1900 2401 1954 par
2440 1884 2742 1939 indivisum
2778 1884 3000 1939 mansit.
3052 1882 3184 1950 Quae
3233 1898 3370 1938 vero
3417 1883 3498 1937 rei

1906 1978 2078 2051 hujus
2111 1977 2292 2034 ratio?
2331 1978 2618 2044 Quatenus
2650 1978 2800 2034 enim
2834 1977 3153 2046 unigenitus
3191 1976 3290 2031 Dei
3331 1976 3504 2032 Filius

1905 2087 2035 2128 caro
2064 2079 2150 2126 est
2171 2070 2368 2134 factus,
2393 2071 2608 2126 divisus
2635 2079 2722 2127 est
2750 2067 3178 2140 quodammodo,
3211 2075 3268 2123 et
3300 2067 3356 2122 in
3395 2067 3500 2122 du-

1903 2163 2104 2234 plicem
2124 2161 2624 2217 considerationem
2651 2176 2836 2217 sermo
2869 2160 2937 2215 de
2960 2174 3030 2215 eo
3057 2158 3341 2214 dilatatur.
3361 2157 3500 2213 Nam

1905 2255 2184 2311 interdum
2208 2254 2381 2311 veluti
2411 2255 2656 2311 divinam
2694 2265 2862 2325 atque
2893 2251 3233 2309 inetfabilem
3273 2252 3396 2322 ejus
3432 2265 3504 2305 ex

1905 2350 2063 2405 Patre
2115 2351 2530 2421 generationem
2580 2347 2944 2418 intelligimus
2994 2361 3008 2400 :
3058 2345 3340 2401 interdum
3367 2358 3502 2398 vero

1903 2439 2304 2496 incarnationis
2323 2440 2496 2510 ipsius
2511 2439 2832 2510 mysterium
2850 2437 3154 2508 loquimur,
3172 2435 3502 2508 profundam

1903 2533 2104 2590 divinm
2130 2533 2632 2589 administrationis
2659 2532 2929 2587 rationem
2956 2537 3168 2586 tantum
3196 2545 3304 2585 non
3327 2528 3504 2600 expli-

1904 2634 2092 2680 cantes
2127 2633 2292 2695 atque
2327 2624 2705 2695 expendentes
2735 2623 2806 2678 ad
2841 2637 3060 2687 eorum,
3099 2621 3196 2692 qui
3235 2621 3288 2675 id
3337 2621 3498 2692 igno-

1905 2724 2050 2782 rant,
2079 2717 2444 2772 intellectum.
2467 2715 2742 2770 Caeterum
2760 2715 2981 2769 tametsi
3012 2714 3190 2769 factus
3205 2713 3280 2768 sit
3296 2711 3503 2782 duplex

1905 2806 2310 2877 quodammodo
2340 2805 2407 2861 de
2437 2821 2504 2860 eo
2524 2820 2728 2869 sermo,
2757 2817 2902 2858 unus
2924 2812 3106 2858 tamen
3137 2803 3364 2858 omnino
3392 2808 3498 2865 est,

1903 2915 2085 2971 neque
2110 2899 2322 2955 divisus
2350 2899 2406 2953 in
2435 2897 2569 2961 duo,
2601 2905 2725 2966 post
2755 2903 3092 2964 assumptum
3119 2909 3362 2949 carnem.
3390 2893 3502 2948 Nec

1905 3009 2012 3064 que
2036 3007 2169 3048 vero
2205 2992 2261 3046 in
2296 2989 2534 3044 ﬁliorum
2573 2987 2898 3042 dualitatem
2925 2987 3196 3041 dissectus
3222 2993 3326 3048 est,
3359 3001 3502 3039 unus

221 3099 359 3151 μενος
384 3085 461 3147 είς
486 3082 614 3144 δὺοτ
649 3081 794 3152 μετὰ
832 3082 934 3154 τὴν
964 3082 1101 3154 πρὸς
1148 3085 1332 3155 σάρκα
1376 3083 1618 3140 σύνοδον.
1655 3083 1796 3137 Οὔτε

1907 3084 2180 3156 siquidem
2207 3092 2371 3152 atque
2402 3080 2674 3136 indivisus
2693 3087 2778 3133 est
2805 3065 3079 3134 Christus.
3109 3076 3294 3148 Typus
3317 3085 3501 3131 autem

222 3169 316 3240 μὴν
346 3172 425 3234 είς
453 3171 601 3224 υἱῶν
630 3170 804 3225 δυάδα
830 3173 1186 3243 τεμνόμενος·
1223 3167 1306 3234 εἷς
1336 3174 1448 3244 γὰρ
1474 3174 1569 3226 καὶ
1602 3174 1802 3246 ἀμερια-

219 3277 324 3325 στος
349 3264 380 3317 6
409 3263 680 3335 Χριστός.
725 3263 911 3328 Τύπος
951 3263 996 3317 δ’
1025 3266 1094 3320 ἂν
1133 3253 1348 3332 γένοιτο
1382 3267 1477 3320 καὶ
1507 3266 1665 3321 τοῦδε
1703 3285 1804 3322 σαν

218 3354 325 3423 φὴς,
357 3354 416 3410 τὸ
464 3354 811 3427 ἁδιάτμητον
858 3355 967 3410 τῶν
1009 3357 1332 3428 στρουθίων
1369 3377 1388 3412 ι
1430 3358 1512 3413 Τὰ
1551 3360 1664 3430 γὰρ
1709 3359 1804 3431 6p-

219 3460 329 3509 νεα,
404 3449 620 3518 φησὶν,
689 3447 752 3501 οὐ
821 3447 1010 3502 διεῖλε.
1062 3466 1082 3500 ι
1129 3450 1244 3502 Καὶ
1323 3451 1655 3522 ἐσημαίνετο
1705 3452 1806 3522 μὲν

216 3533 281 3598 ὥς
307 3535 411 3590 ἀπὸ
457 3539 564 3607 τῆς
614 3535 719 3608 γῆς
757 3535 850 3590 διὰ
897 3536 960 3588 τὸ
1011 3536 1378 3608 ἀνθρώπινον,
1416 3539 1492 3604 ὡς
1540 3538 1597 3592 ἐν
1631 3557 1694 3609 γε
1728 3539 1806 3612 τῷ

219 3623 407 3696 μόσχῳ,
441 3627 540 3680 καὶ
569 3625 686 3698 μὴν
709 3626 806 3680 καὶ
835 3628 956 3695 αἰγὶ
987 3628 1084 3680 καὶ
1113 3627 1277 3700 κριῷ.
1298 3628 1522 3685 Nostra:
1554 3631 1609 3684 δὲ
1643 3632 1807 3686 πάλιν

217 3715 282 3780 ὡς
314 3717 374 3784 ἐξ
412 3717 661 3790 οὖροινοῦ
691 3719 789 3774 καὶ
817 3719 1051 3787 ἄνωθεν,
1083 3720 1169 3775 διά
1195 3737 1281 3774 τοι
1304 3721 1365 3776 τὸ
1399 3719 1542 3778 εἶναι
1592 3727 1621 3778 6
1672 3725 1807 3792 Θεὸς

215 3807 291 3862 διὰ
315 3809 420 3864 τῶν
467 3810 804 3882 στρουθίων.
837 3812 963 3865 Ὅτι
991 3811 1050 3866 δὲ
1095 3811 1278 3865 καίτοι
1325 3814 1424 3884 τὴν
1459 3815 1602 3886 ὑπὲρ
1645 3817 1806 3887 ἡμῶν

218 3901 445 3955 ἑκούσιον
476 3903 890 3972 ὑπομείναντος
929 3905 1168 3976 σφαγὴν,
1193 3924 1209 3955 ι
1237 3904 1301 3957 Ἠ
1332 3904 1467 3978 σὰρξ
1507 3907 1675 3960 αὐτοῦ
1705 3909 1808 3962 οὐκ

218 3985 332 4059 εἶδε,
353 4013 373 4046 ι
400 3995 544 4049 κατὰ
574 3994 642 4048 τὸ
672 3995 1081 4068 γεγραμμένον,
1120 4015 1139 4050 ι
1175 3996 1496 4069 διαφθοράν·
1541 4017 1559 4051 ι
1588 4001 1685 4053 καὶ
1723 4001 1806 4054 ὅτι

219 4087 342 4140 κατὰ
380 4087 480 4158 τὴν
523 4084 632 4141 τοῦ
680 4087 1002 4152 Ψὰλλοντος
1049 4089 1258 4160 φωνὴν,
1291 4108 1311 4142 ι
1364 4090 1478 4142 Οὐκ
1528 4089 1806 4164 ὠφελήσει

220 4179 392 4252 ἐχθρὸς
421 4184 480 4236 ἐν
509 4180 698 4251 αὐτῷ,
723 4182 817 4235 καὶ
849 4181 967 4243 υίὸς
1007 4181 1244 4252 ἀνομίας
1280 4181 1341 4236 οὐ
1371 4181 1676 4253 προσθήσει
1709 4182 1804 4236 τοῦ

221 4273 453 4328 κακῶσαι
493 4273 692 4328 αὐτόν.
727 4291 748 4326 ι
783 4272 1171 4343 Παραδείξειεν
1201 4271 1269 4326 ἂν
1298 4275 1394 4327 καὶ
1427 4273 1576 4344 μάλα
1617 4273 1806 4343 σαφῶς

219 4362 281 4427 ὥς
307 4365 360 4418 ἐν
377 4365 538 4435 τύπῳ
568 4364 640 4436 δὴ
673 4363 834 4418 πάλιν
854 4365 882 4417 6
908 4363 1198 4426 θεσπέσιος
1241 4362 1518 4434 Ἀὄραὰμ,
1549 4361 1616 4416 τὰ
1641 4379 1808 4415 κατα-

221 4454 446 4528 φθείρειν
477 4456 744 4510 ἐθέλοντα
773 4453 887 4508 τῶν
913 4453 1156 4525 πτηνῶν,
1186 4454 1425 4524 ἀφιστὰς
1463 4454 1573 4507 τῶν
1600 4453 1804 4524 διχοτο-

223 4565 290 4618 μη
331 4550 500 4606 άτων.
552 4548 1128 4620 Προαπαγγελθείσης
1174 4549 1233 4602 δὲ
1283 4548 1362 4619 τῷ
1414 4547 1670 4620 Ἀϐραὰμ
1704 4546 1806 4616 τῆς

220 4643 465 4714 ἐσομένης
490 4644 648 4699 κατὰ
677 4643 904 4714 καιροὺς
938 4646 995 4697 ὲν
1024 4641 1293 4713 Αἰγύπτῳ
1323 4640 1638 4705 πλεονεξίας
1664 4641 1806 4694 κατὰ

220 4735 314 4788 τῶν
351 4738 409 4802 ἐξ
445 4738 522 4803 αῖ.
554 4753 688 4801 ατος
733 4734 900 4790 αὑτοῦ
923 4775 937 4799 ,
987 4735 1274 4797 τουτέστι,
1306 4733 1402 4787 τοῦ
1465 4732 1683 4806 Ἰσραὴλ
1714 4735 1807 4786 καὶ

218 4824 307 4895 τῆς
338 4827 654 4898 παραδόξου
682 4825 1038 4898 λυτρώσεως,
1073 4845 1091 4877 ι
1124 4827 1262 4898 Περὶ
1299 4825 1399 4888 τὰς
1430 4825 1584 4896 ἡλίου
1603 4865 1616 4891 ,
1648 4825 1803 4895 φησὶ,

220 4916 412 4989 δυσμὰς
442 4919 705 4982 κλίϐανος
731 4918 904 4989 πυρὸς
940 4916 1362 4989 καπνιζόμενος,
1399 4918 1493 4972 καὶ
1526 4916 1808 4987 λαμπάδες

225 5012 399 5082 πυρὸς,
423 5012 513 5066 διὰ
543 5011 729 5083 μέσων
754 5011 925 5084 ᾔεσαν
947 5009 1060 5066 τῶν
1092 5010 1571 5082 διχοτομημάτων.
1616 5027 1634 5059 ι
1660 4991 1710 5061 Ἰ]
1723 5025 1809 5080 ρο-

222 5105 445 5159 ανέτειλε
481 5109 535 5177 μ’
559 5122 589 5158 ν
619 5104 728 5177 γὰρ
761 5105 874 5158 τῶν
904 5105 964 5170 ἐξ
986 5103 1324 5174 ἐπαγγελίας
1365 5106 1393 5156 6
1432 5102 1520 5157 διὰ
1559 5103 1809 5166 Μωσέως

221 5197 400 5266 νόμος,
433 5197 688 5262 δουλείας
728 5215 790 5251 τε
832 5196 962 5269 πέρι
1005 5197 1115 5249 τῶν
1158 5195 1218 5262 ἐξ
1271 5195 1515 5268 Ἰσραὴλ,
1559 5196 1653 5248 καὶ
1702 5194 1808 5266 μὴν

225 5291 306 5344 καὶ
334 5291 698 5363 λυτρώσεως,
739 5290 932 5364 μακρὰ
961 5293 1072 5354 τοῖς
1113 5289 1490 5361 ἀκροωμένοις
1535 5288 1806 5358 εἰσφέρων

225 5383 283 5437 τὰ
304 5385 620 5455 διηγήματα
641 5427 658 5442 .
705 5385 796 5438 Ἐν
825 5384 1076 5455 ἐσχάτοις
1101 5382 1159 5434 δὲ
1204 5379 1298 5435 τοῦ
1333 5381 1530 5444 αἰῶνος
1568 5381 1806 5451 καιροῖς,

226 5475 308 5528 καὶ
338 5478 503 5530 οἱονεὶ
539 5477 675 5548 πρὸς
714 5475 990 5548 ὲσπέρανν
1021 5494 1038 5526 ι
1073 5473 1268 5542 Γέγονε
1311 5472 1449 5545 σὰρξ
1497 5473 1521 5526 ὁ
1550 5473 1741 5540 Λόγος.
1783 5486 1802 5520 ι

226 5565 314 5642 Et;
336 5571 463 5642 γὰρ,
487 5565 670 5641 οἶμαι,
690 5572 870 5636 τουτὶ,
888 5569 981 5620 καὶ
1006 5567 1092 5620 ἓτε
1103 5583 1193 5637 ρον
1211 5567 1386 5632 οὐδὲν,
1409 5565 1489 5632 τὸ,
1511 5565 1584 5629 ὡς
1604 5564 1661 5617 ὲν
1677 5563 1808 5616 εἴδει

293 5755 337 5788 ⁸⁸
374 5755 537 5817 Cant.
574 5775 630 5832 ιι,
668 5757 757 5814 M.
838 5757 882 5789 ⁸⁷
918 5755 1021 5812 lsa.
1053 5755 1164 5826 Lm,
1187 5755 1240 5812 9.

1320 5754 1400 5830 ,⁵⁸
1427 5753 1571 5812 Psal.
1611 5769 1699 5827 xv,
1734 5752 1835 5824 to;
1872 5752 1992 5807 Act.
2027 5765 2086 5818 ιι,
2110 5747 2198 5801 51.

1910 3178 2076 3248 hujus
2123 3176 2205 3230 rei
2253 3174 2596 3230 clarissimus
2643 3171 2834 3236 fuerit,
2885 3186 3014 3226 aves
3068 3185 3177 3224 non
3230 3169 3500 3224 dissectae.

1916 3290 1935 3324 ι
1961 3270 2105 3325 Aves
2155 3268 2327 3333 enim,
2369 3265 2568 3336 inquit,
2611 3280 2724 3318 non
2771 3262 2977 3316 divisit.
3011 3260 3120 3316 »Ει
3163 3259 3504 3332 signiﬁcatus

1907 3360 2133 3432 quidem
2171 3359 2278 3414 fuit
2323 3367 2582 3414 terrenus
2628 3355 2699 3411 ob
2740 3355 3171 3419 humanitatem,
3217 3353 3389 3409 veluti
3439 3354 3495 3408 in

1907 3454 2104 3517 vitulo,
2143 3467 2312 3524 capra
2352 3459 2410 3506 et
2452 3449 2667 3504 ariete:
2707 3447 3036 3519 intelligitur
3077 3455 3264 3502 autem
3311 3462 3507 3520 rursus

1907 3545 2152 3602 carie-stis
2184 3559 2250 3600 ac
2275 3557 2570 3614 supernus,
2596 3541 2722 3596 ideo
2749 3539 2898 3611 quod
2932 3540 3078 3596 Deus
3103 3538 3194 3605 sit,
3223 3553 3323 3609 per
3354 3552 3502 3611 ιιι-εδ.

1906 3637 2067 3709 Quod
2095 3652 2251 3703 vero,
2273 3635 2491 3690 etiamsi
2525 3633 2895 3689 voluntariam
2931 3646 3034 3702 pro
3072 3629 3235 3685 nobis
3271 3637 3504 3684 mortem

1908 3731 2161 3796 subierit,
2200 3749 2218 3782 ι
2246 3745 2374 3784 caro
2409 3727 2584 3799 ipsius
2609 3742 2721 3782 non
2754 3724 2895 3782 vidit
2925 3723 3340 3794 corruptionem
3380 3721 3450 3786 ⁵³,
3480 3740 3497 3772 ι

1901 3827 2058 3896 juxta
2075 3824 2418 3894 Scripturam
2443 3841 2456 3876 :
2475 3821 2758 3892 quodque,
2773 3820 2930 3892 juxta
2951 3817 3260 3872 Psalmistm
3285 3827 3498 3878 vocem,

1917 3936 1936 3971 ι
1953 3915 2369 3989 Nonjuvabitur
2392 3913 2723 3970 inimicusin
2747 3928 2836 3977 eo,
2852 3905 3507 3980 et78ﬁliusiniquitatis

1908 4027 2020 4066 non
2041 4019 2282 4081 apponet
2299 4023 2499 4064 nocere
2516 4007 2570 4063 ei
2586 4008 2656 4074 ";
2671 4027 2690 4056 ι
2716 4004 3010 4061 manifesto
3029 4015 3246 4057 rursum
3270 3993 3396 4071 typo
3417 3998 3498 4053 di-

1907 4101 2072 4156 vinus
2101 4099 2378 4155 Abraham
2407 4098 2684 4170 ﬁguravit,
2715 4111 2910 4151 arcens
2931 4110 2961 4149 a
2996 4092 3356 4149 cadaveribus
3383 4091 3505 4146 ani-

1907 4190 2137 4247 malium
2171 4190 2542 4245 dissectorum
2586 4203 2716 4244 aves
2759 4185 3023 4242 damnum
3058 4185 3325 4239 illaturas.
3357 4182 3505 4237 Prae-

1909 4284 2161 4338 nuntiata
2203 4297 2337 4337 vero
2387 4281 2626 4336 Abrabm
2675 4279 3007 4342 vexatione,
3071 4291 3180 4346 qua
3244 4273 3507 4342 temporis

1909 4387 2168 4428 successu
2222 4370 2432 4442 posteri
2479 4369 2676 4441 ipsius,
2711 4367 2819 4422 hoc
2862 4377 2947 4423 est
2981 4365 3270 4429 lsraelitm,
3316 4363 3507 4432 oppri-

1844 4477 1884 4527 ι)
1910 4462 2098 4518 mendi
2135 4470 2358 4530 essent,
2407 4470 2464 4517 et
2504 4459 2830 4514 admiranda
2875 4473 3069 4514 eorum
3106 4456 3505 4526 redemptione,

1919 4574 1937 4608 ι
1966 4555 2069 4612 sub
2102 4569 2360 4610 occasum
2388 4553 2541 4617 solis,
2575 4571 2593 4604 ι
2629 4552 2832 4622 inquit,
2866 4571 2883 4602 ι
2909 4551 3160 4606 clibanus
3183 4549 3419 4614 fumans,
3453 4554 3508 4602 et

1910 4646 2192 4718 lampades
2208 4647 2369 4717 ignis,
2389 4644 2730 4700 transierunt
2742 4659 2840 4715 per
2857 4642 3100 4698 medium
3118 4640 3470 4710 divisionum.
3485 4659 3502 4690 ι

1913 4740 2174 4802 Praeluxit
2196 4740 2345 4794 enim
2373 4738 2462 4803 iis,
2494 4737 2589 4809 qui
2621 4754 2690 4794 ex
2712 4735 3081 4808 promissione
3107 4742 3256 4799 sunt,
3293 4733 3381 4788 lex
3411 4749 3510 4804 per

1914 4833 2157 4906 Moysen,
2195 4833 2412 4905 longam
2440 4832 2797 4888 auditoribus
2834 4832 2901 4887 de
2937 4830 3203 4886 servitute
3231 4828 3509 4886 lsraelita-

1919 4940 2038 4978 rum
2101 4939 2205 4978 nec
2269 4940 2382 4978 non
2431 4939 2628 4978 eorum
2679 4923 3061 4992 redemptione
3135 4919 3509 4974 narrationem

1917 5016 2229 5071 continens.
2263 5015 2324 5070 In
2358 5015 2571 5071 ultimis
2611 5023 2794 5070 autem
2836 5012 3020 5067 saeculi
3054 5008 3420 5079 temporibus,
3455 5017 3515 5063 et

1917 5106 2326 5177 quodammodo
2360 5107 2429 5162 ad
2462 5121 2780 5176 vesperum,
2825 5123 2842 5155 ι
2872 5101 3114 5156 Verbum
3145 5115 3274 5154 caro
3305 5099 3511 5154 factum

1917 5206 2021 5252 est.
2047 5218 2064 5250 ι
2109 5197 2227 5253 Hoc
2262 5198 2412 5253 enim
2465 5197 2759 5268 signiﬁcat,
2798 5208 2980 5263 neque
3020 5191 3170 5247 aliud
3209 5190 3513 5263 quidquam

1916 5289 2160 5346 divinam
2185 5299 2351 5362 atque
2384 5289 2719 5344 ineffabilem
2755 5297 3030 5352 naturam,
3051 5286 3223 5342 veluti
3253 5285 3308 5340 in
3332 5285 3512 5356 specie

1917 5382 2059 5453 ignis
2088 5383 2393 5437 divisiones
2416 5381 2722 5436 transiissc.
2755 5380 3032 5436 Caeterum
3069 5401 3086 5433 ι
3116 5380 3269 5445 Erat,
3309 5379 3509 5448 inquit,

1917 5475 2136 5531 ﬂamma
2182 5475 2323 5548 ignis
2366 5483 2422 5531 et
2455 5475 2709 5530 clibanus
2743 5475 2983 5542 fumans,
3020 5482 3077 5529 et
3117 5471 3403 5543 lampades
3430 5468 3512 5536 ig-

1918 5581 2056 5622 neae.
2087 5587 2105 5619 ι
2146 5568 2374 5622 Factum
2403 5565 2555 5622 cnim
2582 5575 2667 5621 est
2698 5581 2893 5622 revera
2924 5561 3302 5622 venerandum
3327 5559 3511 5614 incar-

2279 5748 2338 5821 "_
2358 5745 2507 5802 Psal.
2544 5762 2799 5816 Lxxxvm,
2825 5745 2916 5802 25.
