4092 6490
592 305 683 360 151

1610 301 1668 356 s.
1707 298 1984 356 CYBILLI
2021 268 2493 354 numnam
2531 299 2850 356 ARCHIEP.

3745 308 3835 365 I32

585 421 825 476 nationis
853 424 1197 492 mySterium,
1227 418 1310 473 eis
1351 416 1445 486 qui
1487 415 1722 469 credere
1754 413 2075 477 noluerunt,
2105 424 2138 465 e

2266 414 2438 485 πυρὸς
2467 413 2563 483 τὴν
2598 413 2750 468 θείαν
2778 432 2838 468 τε
2885 415 2980 468 καὶ
3005 414 3316 486 ἀπόρρητον
3343 415 3535 483 φύσιν,
3577 417 3665 470 ἐπ’
3703 420 3834 474 αὐτά

585 512 933 567 refractarios
965 525 1084 565 sese
1121 508 1505 578 praebuerunt.
1539 505 1792 560 clibanus
1822 513 1880 558 et
1915 502 2158 567 ﬂamma,

583 610 639 656 et
687 603 930 656 omnium
973 601 1207 655 maxime
1251 597 1596 653 intolerabile
1643 603 1808 665 atque
1847 602 2160 649 extremum

582 692 930 761 supplicium.
953 691 1188 760 Ideoque
1213 690 1280 743 de
1301 689 1586 752 Israelitis,
1613 687 1708 756 qui
1727 685 1936 741 Christi
1963 693 2164 756 myste-

583 783 728 836 rium
769 791 975 837 temere
1003 781 1333 836 contumelia
1359 779 1658 835 alIicientes
1683 778 1920 848 improbi
1942 794 2007 832 ac
2033 794 2166 832 con-

583 881 827 931 tumaces
851 885 978 929 sunt
1001 873 1350 943 deprehensi,
1375 873 1545 928 David
1569 874 1643 928 ita
1671 872 1751 926 ait
1776 872 1844 926 ad
1872 873 2161 927 universo-

582 979 702 1018 rum
735 966 951 1019 Patrem
1002 980 1066 1019 ac
1113 966 1284 1019 Deum
1333 982 1346 1017 :
1403 964 1621 1018 «Pones
1652 977 1748 1018 eos
1791 973 1852 1017 ut
1883 963 2160 1018 clibanum

581 1056 721 1126 ignis
747 1057 803 1109 in
838 1065 1083 1126 tempore
1115 1057 1302 1110 vultus
1328 1055 1430 1110 tui.
1456 1056 1709 1119 Domine,
1733 1055 1786 1108 in
1807 1055 1889 1108 ira
1915 1062 2006 1108 tua
2033 1069 2165 1108 con-

582 1147 828 1202 turbabis
855 1163 970 1210 eos,
1020 1154 1077 1201 et
1115 1147 1369 1201 absumet
1412 1160 1510 1201 eos
1555 1146 1696 1217 ignis
1723 1145 1789 1198 “.
1848 1163 1866 1195 ι
1923 1144 2164 1214 Tempus

579 1247 761 1291 autem
803 1238 957 1306 faciei
996 1237 1172 1292 Patris
1227 1239 1427 1293 merito
1453 1252 1572 1293 esse
1618 1245 1907 1291 censeatur
1947 1242 2164 1305 tempus

579 1327 996 1393 incarnationis,
1048 1328 1318 1400 siquidem
1363 1330 1530 1384 facies
1570 1335 1734 1398 atque
1774 1327 1952 1397 imago
1983 1327 2165 1382 Patris

577 1429 664 1472 est
689 1418 877 1472 Filius.
905 1420 1102 1491 Ingens
1140 1422 1323 1490 itaque
1356 1419 1571 1474 ﬂamma
1602 1429 1658 1474 et
1689 1419 1939 1473 clibanus
1977 1427 2164 1473 manet

577 1521 674 1560 eos
717 1508 811 1576 qui
858 1510 1177 1580 mysterium
1227 1509 1626 1564 incarnationis
1695 1507 1972 1577 Unigeniti
2026 1508 2161 1578 τοδὶ--

575 1596 774 1652 ciunt:
815 1599 883 1655 iis
925 1616 1059 1655 vero
1096 1601 1190 1671 qui
1231 1604 1528 1656 adventum
1577 1600 1752 1670 ipsius
1794 1608 2156 1670 agnoverunt,

573 1685 718 1742 sicut
744 1689 1008 1758 scriptum
1039 1697 1144 1754 est,
1187 1708 1206 1740 ‹
1235 1688 1486 1744 Lucerna
1513 1688 1569 1742 in
1610 1688 1857 1742 tenebris
1886 1688 2096 1750 lucens,
2131 1708 2149 1740 ι

2263 505 2502 578 διᾴττειν
2533 506 2602 561 τά
2627 508 2886 578 διχοτομή
2897 524 3063 577 ματα.
3120 507 3260 561 Ἀλλ’
3293 527 3313 559 ι
3349 503 3476 573 Ἦν,
3507 509 3678 581 φησι,
3712 511 3836 580 φλὸξ

2264 599 2436 670 πυρὸς
2457 639 2471 664 ,
2511 600 2605 653 καὶ
2635 599 2890 662 κλίϐανος
2929 599 3129 670 πυρδς,
3162 601 3256 654 καὶ
3282 601 3563 671 λαμπάδες
3589 603 3780 674 πυρός.
3811 623 3830 656 ι

2264 689 2462 758 Γέγονε
2491 688 2600 759 γάρ
2641 688 2857 759 ἀληθῶς
2902 687 2965 740 τὸ
3009 688 3208 741 σεπτὸν
3239 689 3338 759 τῆς
3378 689 3834 761 ἐνανθρωπήσεως

2267 780 2592 850 μυστήριον,
2622 780 2735 841 τοῖς
2773 778 2870 848 μὲν
2909 777 3156 831 ἀπειθεῖν
3187 780 3488 850 ᾑρημένοις
3520 780 3614 833 καὶ
3643 783 3836 836 ἀπονε-

2263 872 2482 924 νευκόσι
2509 870 2646 942 πρὸς
2672 870 2734 923 τὸ
2763 870 2974 942 ἐξήνιον
2993 910 3007 932 ,
3042 870 3296 934 κλίϐανος
3342 888 3403 924 τε
3434 873 3530 926 καὶ
3559 872 3715 941 φλὸξ,
3745 874 3846 927 καὶ,¹

2262 963 2295 1031 ἠ
2327 961 2517 1014 πασῶν
2556 962 2829 1032 ἀφόρητος
2855 960 2949 1014 καὶ
2991 963 3194 1032 ἐσχάτη
3222 961 3368 1032 δίκη.
3412 964 3524 1017 Καὶ
3553 963 3684 1031 γοῦν
3713 967 3839 1037 περὶ

2260 1053 2370 1108 τῶν
2396 1052 2456 1116 ἐξ
2500 1053 2747 1124 Ἰσραὴλ,
2774 1053 2828 1107 oi
2854 1053 2916 1106 τὸ
2940 1053 3181 1125 Χριστοῦ
3222 1055 3520 1126 μυστήριον
3563 1057 3839 1121 ἀσυνέτως

2263 1143 2709 1214 περιυϐρίζοντες
2745 1144 2996 1197 κακόνοοί
3033 1161 3093 1198 τε
3120 1147 3214 1198 καὶ
3251 1145 3510 1210 ἀλαζόνες
3531 1147 3838 1218 ἡλίσκοντο,

2263 1233 2426 1303 φησὶν
2455 1235 2483 1286 ὁ
2513 1232 2678 1286 Δαὸὶδ
2714 1233 2849 1304 πρὸς
2883 1233 2976 1286 τὸν
3003 1233 3111 1287 τῶν
3144 1234 3283 1289 ὅλων
3309 1235 3533 1306 Πατέρα
3559 1237 3656 1290 καὶ
3684 1236 3838 1292 Θεόνο

2267 1344 2285 1376 ι
2318 1326 2517 1396 Θήσεις
2543 1325 2742 1388 αὐτοὺς
2767 1324 2847 1389 ὡς
2888 1324 3144 1380 κλίϐανον
3177 1327 3374 1393 πυρὸς,
3408 1328 3489 1390 είς
3525 1328 3717 1398 καιρὸν
3745 1329 3839 1383 τοῦ

2264 1414 2564 1484 προσώπου
2596 1430 2711 1470 σου·
2757 1414 2931 1486 Κύριε
2955 1453 2970 1478 ,
2998 1417 3056 1468 ἐν
3082 1419 3148 1487 τῇ
3183 1418 3321 1487 ὀργῇ
3359 1433 3450 1470 σου
3487 1418 3840 1489 συνταράξεις

2259 1509 2480 1571 αὐτοὺς,
2524 1509 2619 1562 καὶ
2662 1509 3040 1576 καταφάγεται
3088 1509 3287 1573 αὐτοὺς
3329 1508 3462 1578 πῦρ.
3497 1527 3516 1561 ι
3555 1510 3841 1581 Καιρὸςδέ

2259 1602 2586 1671 προσώπου
2647 1601 2755 1654 τοῦ
2800 1600 3033 1668 Πατρός
3054 1639 3069 1665 ,
3117 1603 3146 1655 ὁ
3195 1602 3296 1670 τῆς
3367 1600 3842 1671 ἐνανθρωπήσεως

2259 1697 2434 1748 νοοῖτο
2480 1692 2547 1746 ἂν
2607 1692 2852 1756 εἰκότως·
2905 1693 3064 1764 εἰπερ
3105 1695 3223 1748 ἐστὶ
3272 1695 3368 1748 καὶ
3410 1693 3702 1765 πρόσωπον
3747 1694 3845 1748 καὶ

573 1789 630 1834 et
661 1780 947 1835 diabolica:
978 1781 1224 1851 caliginis
1250 1780 1580 1836 densitatem
1603 1779 1900 1849 dissipans,
1923 1789 1980 1834 et
2000 1795 2141 1833 scan‘

2260 1786 2426 1842 εἰκὼν
2470 1785 2566 1840 τοῦ
2615 1785 2752 1838 Θεοῦ
2785 1786 2878 1839 καὶ
2917 1785 3152 1856 Πατρὸς,
3188 1787 3389 1850 ὁΥἱὸς.
3443 1785 3654 1842 Οὐκοῦν
3709 1785 3845 1854 φλὸξ

571 1868 731 1934 dalis,
756 1885 876 1939 quae
899 1885 1020 1925 sese
1041 1871 1302 1937 offerunt,
1323 1873 1565 1927 cultores
1586 1870 1789 1925 offendi
1812 1886 1921 1924 non
1943 1871 2149 1926 sinens.

570 1961 648 2016 Ita
687 1961 847 2018 nobis
884 1963 1098 2017 vocavit
1133 1963 1331 2017 Filium
1367 1964 1514 2018 Deus
1545 1978 1611 2018 ac
1643 1963 1808 2017 Pater
1841 1963 2008 2018 etiam
2055 1980 2156 2033 per

568 2067 759 2107 vocem
787 2054 959 2119 Isaiae,
992 2054 1182 2109 dicens
1207 2072 1222 2108 :
1258 2073 1277 2105 ι
1307 2056 1538 2124 Propter
1559 2055 1689 2109 Sion
1717 2069 1827 2108 non
1859 2055 2071 2118 tacebo,
2100 2064 2156 2110 et

573 2152 800 2214 propter
823 2146 1126 2200 Jerusalem
1148 2161 1259 2201 non
1283 2147 1564 2211 desistam,
1592 2146 1770 2202 donec
1803 2155 1982 2211 exeat,
2010 2148 2158 2202 sicut

568 2238 778 2303 lumen,
797 2239 1009 2310 iustitia
1032 2255 1171 2294 mea.
1205 2240 1452 2295 Salutare
1478 2251 1661 2297 autem
1686 2255 1868 2295 meum
1904 2240 2049 2294 sicut
2071 2240 2157 2294 lu-

568 2344 751 2385 cernae
773 2331 990 2387 ardebit
1011 2332 1076 2386 °‘.
1103 2352 1120 2384 ι
1145 2332 1396 2388 Salutare
1419 2333 1566 2388 enim
1589 2340 1646 2388 et
1666 2332 1882 2404 justitia
1901 2347 1932 2385 a
1954 2333 2066 2386 Deo
2087 2345 2153 2386 ac

567 2420 728 2476 Patre
750 2422 806 2476 in
842 2436 946 2477 nos
964 2421 1140 2477 factus
1170 2431 1254 2478 est
1277 2423 1448 2478 Filius
1479 2441 1492 2476 :
1523 2422 1633 2493 79
1661 2423 1933 2492 siquidem
1962 2437 2157 2477 verum

566 2520 671 2575 est,
702 2512 850 2583 quod
895 2528 994 2582 per
1023 2512 1199 2583 ipsum
1235 2513 1625 2584 justiﬁcamur,
1663 2522 2009 2582 mortemque
2043 2514 2155 2584 jam

564 2604 698 2658 olim
724 2605 780 2658 in
807 2621 910 2660 nos
933 2605 1226 2675 imperium
1253 2613 1604 2661 exercentem
1631 2606 1938 2668 vincentes,
1963 2619 2158 2659 rursus

491 2725 511 2739 ς
565 2694 632 2748 ad
681 2695 1149 2767 incorruptionem
1201 2695 1606 2761 transferimur,
1662 2703 1720 2750 et
1759 2695 1832 2750 ad
1880 2695 1958 2760 id,
2005 2695 2155 2764 quod

565 2785 723 2840 initio
761 2793 880 2841 erat
904 2795 1121 2852 natura,
1156 2785 1548 2842 reformamnr.

2256 1880 2424 1952 ἀγρία
2459 1878 2552 1932 καὶ
2582 1877 2990 1944 κλίϐανος,τοῖς
3017 1878 3261 1932 ἀπωθεῖν
3290 1878 3535 1932 ἐθέλουσι
3565 1879 3666 1948 τῆς
3691 1880 3846 1940 ἐναν-

2257 1972 2592 2040 θρωπήσεως
2641 1968 2737 2022 τοῦ
2780 1968 3120 2037 Μονογενοῦς
3152 1969 3214 2022 τὸ
3251 1971 3570 2040 μυστήριον,
3603 1971 3734 2033 Τοῖς
3781 1987 3844 2038 γι

2261 2064 2366 2134 μὴν
2417 2061 2755 2129 ἐπεγνωκόσι
2801 2062 2900 2130 τὴν
2954 2061 3280 2129 ἐπιφάνειαν
3325 2059 3518 2125 αὑτοῦ,
3554 2060 3704 2114 καθά
3752 2061 3845 2129 γε·

2255 2171 2523 2225 γραπται,
2559 2172 2577 2205 ι
2614 2151 2852 2223 Λαμπάς
2879 2153 2936 2204 ἐν
2970 2153 3147 2223 σκότῳ
3180 2152 3512 2220 φωτίζουσα,
3556 2169 3574 2202 ι
3617 2151 3721 2204 καὶ
3750 2151 3849 2220 τῆς

2260 2251 2572 2320 διαϐολικῆς
2623 2250 2823 2321 ἀχλύος
2868 2249 2930 2302 τδ
2987 2251 3160 2320 πάχος
3210 2248 3703 2312 ἀπολεπτύνουσα..
3754 2248 3852 2303 καὶ

2257 2345 2370 2407 τοῖς
2394 2341 2482 2396 διὰ
2509 2342 2670 2413 μέσον
2695 2341 3058 2413 προσπταίειν
3089 2340 3404 2402 σκανδάλοις
3425 2339 3524 2410 τὴν
3550 2340 3666 2392 τῶν
3694 2340 3854 2393 σεϐο-

2259 2433 2440 2504 μένων
2474 2431 2638 2486 αύτδν
2668 2433 2769 2486 οὐκ
2802 2433 3018 2502 ἐφιεῖσα
3049 2431 3278 2502 πληθύν.
3315 2430 3501 2495 Οὕτως
3537 2433 3679 2502 ἡμῖν
3706 2431 3851 2485 ὠνό-

2259 2523 2398 2596 μαζε
2427 2523 2519 2578 τὸν
2571 2522 2700 2577 Υἱὸν
2748 2524 2777 2576 ὁ
2811 2523 2944 2587 Θεὸς
2983 2524 3076 2577 καὶ
3117 2523 3342 2594 Πατὴρ,
3375 2524 3470 2578 καὶ
3513 2523 3605 2577 διὰ
3656 2523 3853 2593 φωνῆς

2267 2615 2512 2679 Ἡσαΐου,
2551 2615 2742 2683 λέγων·
2783 2633 2802 2667 ι
2833 2615 2930 2668 Διά
2960 2613 3096 2670 Σιὼν
3119 2615 3179 2667 ού
3210 2615 3586 2686 σιωπήσομαι,
3620 2617 3723 2669 καὶ
3759 2615 3852 2670 διὰ

2265 2706 2625 2778 Ἰερουσαλὴμ
2663 2707 2763 2759 οὐκ
2803 2706 3008 2774 ἀνήσω,
3060 2706 3165 2768 ’ἐως
3211 2705 3278 2760 ἂν
3314 2705 3504 2778 ἐξέλθῃ
3531 2707 3611 2770 ὡς
3657 2706 3783 2776 φῶς
3816 2707 3852 2778 ἠ

2252 2798 2569 2868 δικαιοσύνη
2619 2813 2743 2867 μου.
2777 2796 2851 2849 To
2877 2796 2934 2848 δὲ
2964 2795 3230 2867 σωτήριόν
3273 2813 3372 2867 μου
3391 2837 3405 2860 ,
3435 2796 3510 2859 ὡς
3551 2795 3855 2867 λαμπάδες

563 2897 920 2968 καυθήσεται.
971 2916 990 2948 ι
1057 2898 1334 2968 Σωτήρων
1393 2897 1505 2968 γὰρ
1551 2896 1645 2950 καὶ
1688 2895 2006 2968 δικαιοσύνη
2051 2894 2204 2966 παρά
2241 2892 2336 2946 τοῦ
2383 2890 2520 2943 Θεοῦ
2579 2888 2674 2943 καὶ
2726 2888 2940 2960 Πατρὸς
2985 2888 3067 2951 είς
3129 2889 3280 2959 ἡμᾶς
3329 2888 3554 2956 γέγονεν
3611 2891 3643 2942 ὀ
3693 2888 3850 2951 Υἱός·

567 2993 734 3060 εἴπερ
764 2994 910 3047 ἐστὶν
930 2992 1132 3064 ἀληθὲς
1156 2993 1230 3058 ὡς
1261 2995 1319 3047 ἐν
1350 2992 1498 3064 αὐτῷ
1556 2992 1915 3063 δικαιούμεθα
1937 3033 1950 3056 ,
1986 2992 2078 3046 καὶ
2130 2990 2222 3044 τὸν
2260 2987 2427 3042 πάλαι
2470 2985 2592 3039 καθ’
2634 2982 2792 3056 ἡμῶν
2827 2983 3242 3055 τυραννήσαντα
3283 2981 3544 3046 νικῶντες
3581 2983 3856 3049 θάνατον,

560 3085 1036 3157 παλινδρομοῦμεν
1071 3087 1150 3151 είς
1174 3087 1506 3158 ἀφθαρσίαν,
1545 3088 1641 3141 καὶ
1667 3087 1748 3150 είς
1779 3087 1918 3157 ὅπερ
1943 3082 2012 3158 ἦν
2043 3088 2102 3139 ἐν
2139 3084 2334 3158 ἀρχαῖς
2366 3085 2399 3151 ἡ
2439 3081 2601 3150 φύσις
2624 3076 3114 3148 ἀναμορφούμεθα.
3931 3151 3938 3166 ἓ

627 3182 680 3236 9.
721 3181 877 3248 Quod
912 3197 1045 3236 vero
1080 3181 1451 3236 necessarium
1489 3189 1628 3246 erat,
1668 3197 1791 3236 cum
1825 3183 1937 3253 jam
1970 3196 2139 3252 appa-

2313 3177 2380 3232 θ’.
2405 3177 2529 3230 Ὅτι
2563 3175 2620 3228 δὲ
2645 3170 2711 3244 ἦν
2747 3174 3044 3242 ἀναγκαῖον
3074 3170 3378 3244 πεφηνότος
3409 3171 3520 3243 ἤδη
3553 3171 3661 3225 τοῦ
3712 3173 3858 3243 Ἐμκ
3933 3167 3940 3180 ⁵

557 3272 760 3328 ruisset
805 3272 1163 3334 Emmanuel,
1221 3271 1653 3343 mysteriumque
1701 3272 1876 3342 ipsius
1931 3272 2138 3326 mundo

557 3362 961 3419 manifestatum
985 3370 1148 3428 esset,
1172 3361 1391 3417 Mosaici
1420 3362 1603 3417 cultus
1627 3369 1782 3434 typos
1806 3362 2136 3434 evangelicae

556 3451 860 3522 disciplina:
912 3451 1108 3522 subjici
1151 3467 1217 3506 ac
1260 3451 1488 3517 cedere,
1539 3460 1730 3522 utpote
1769 3454 2135 3523 prscstantiori

555 3541 984 3612 perfectiorique
1017 3541 1275 3596 mandato
1296 3582 1310 3606 ,
1349 3542 1518 3596 veluti
1555 3541 1680 3596 rudi
1709 3543 1957 3612 ’quodam
2007 3551 2135 3615 typo

556 3648 752 3687 rursus
777 3632 1164 3686 adumbratum
1191 3641 1294 3687 est.
1328 3632 1590 3698 Quisnam
1631 3649 1765 3687 vero
1801 3634 1892 3701 sit,
1931 3633 2130 3690 dicam.

551 3722 690 3778 Cum
714 3722 861 3777 enim
898 3721 1033 3776 Sara
1071 3722 1273 3776 sterilis
1293 3730 1457 3788 esset,
1508 3721 1652 3794 Agar
1679 3740 1813 3779 vero
1845 3724 2131 3779 Ismaelem

552 3816 881 3886 peperisset,
933 3815 1074 3870 elata
1112 3807 1198 3869 est'
1239 3822 1295 3869 et
1340 3825 1636 3870 contumax
1683 3815 1947 3872 adversus
1988 3815 2131 3871 libe-

553 3921 669 3962 ram
699 3905 858 3962 facta.
895 3905 1026 3962 Sara
1055 3914 1236 3961 autem
1276 3905 1424 3962 illius
1448 3907 1850 3963 contumaciam
1874 3923 2135 3978 arrogan-

553 3996 793 4068 tiamque
825 3997 1107 4069 aegerrime
1148 3998 1295 4063 tulit,
1328 4007 1385 4054 et
1419 3998 1611 4054 afﬂixit
1637 3998 1965 4072 Egyptiam.
2005 3999 2131 4054 Haec

549 4104 684 4143 vero
719 4089 882 4144 domo
915 4089 1145 4162 aufugit,
1181 4098 1237 4147 et
1268 4106 1366 4161 per
1395 4090 1749 4146 solitudinem
1780 4091 2004 4146 erravit.
2037 4090 2130 4146 In-

551 4181 846 4252 terrogavit
885 4192 1068 4236 autem
1111 4197 1233 4238 eam
1279 4183 1506 4252 angelus
1569 4199 1636 4238 ex
1679 4184 1842 4250 casio,
1887 4198 2127 4254 quonam

547 4274 684 4339 iret,
733 4281 789 4328 et
839 4274 982 4329 unde
1024 4274 1259 4329 veniret.
1315 4272 1446 4340 Quae
1492 4275 1817 4344 respondit:
1852 4294 1870 4327 ι
1898 4277 1944 4330 Α
1985 4273 2126 4330 facie

547 4366 695 4424 Sane
741 4365 976 4420 domina;
1020 4379 1157 4418 meae
1210 4363 1378 4434 fugio.
1429 4384 1447 4416 ι
1495 4363 1636 4432 Quid
1691 4367 1861 4438 igitur
1902 4367 2126 4422 divinus

543 4455 806 4527 angelus?
847 4473 864 4506 ι
895 4455 1217 4518 Revertere,
1257 4454 1458 4525 inquit,
1504 4457 1571 4510 ad
1615 4455 1895 4512 dominam
1948 4467 2122 4524 tuam,

2247 3267 2486 3341 μανουὴλ
2511 3308 2525 3332 ,
2554 3267 2649 3320 καὶ
2687 3264 2783 3319 τοῦ
2846 3264 2969 3318 κατ’
3003 3264 3168 3316 αὐτὸν
3209 3263 3511 3335 μυστηρίου
3562 3264 3859 3334 παραδει-

2239 3357 2462 3429 χθέντος
2495 3358 2555 3409 ἐν
2584 3356 2797 3426 κόσμῳ,
2830 3354 2931 3425 τῆς
2962 3353 3266 3422 Μωσαῖκῆς
3298 3353 3552 3424 λατρείας
3580 3354 3726 3418 τοὺς
3762 3355 3862 3409 τύ-

2239 3467 2376 3514 πους
2421 3451 2534 3512 τοῖς
2592 3445 2966 3516 εὐαγγελικοῖς
3015 3443 3381 3514 παιδεύμασιν
3431 3443 3856 3516 ὑποφέρεσθαι,

2237 3545 2333 3596 καὶ
2378 3541 2626 3595 ὑπείκειν
2659 3538 2847 3610 ὥσπερ
2877 3539 3000 3601 ταῖς
3050 3537 3299 3608 ἀμείνοσι
3335 3535 3426 3591 καὶ
3465 3537 3861 3610 τελεωτέραις

2237 3634 2500 3700 ἐντολαῖς,
2529 3632 2956 3702 ἐσκιαγραφεϊτο
2989 3629 3148 3682 πάλιν
3175 3628 3250 3692 ὡς
3281 3629 3340 3682 ἐν
3371 3627 3527 3699 τύπῳ
3551 3627 3616 3681 τὸ
3643 3629 3860 3700 χρῆμα

2237 3729 2422 3798 παχεῖ.
2470 3725 2582 3780 Καὶ
2632 3725 2714 3788 τίς
2759 3723 2823 3794 δὴ
2871 3716 3056 3789 οὗτος,
3108 3722 3238 3793 ἐρῶ.
3303 3721 3522 3792 Ἐπειδὴ
3571 3723 3701 3794 γὰρ
3748 3724 3860 3778 οὐκ

2235 3817 2413 3871 ἔτικτε
2453 3815 2551 3887 μὲν
2577 3817 2611 3888 η
2643 3815 2860 3888 Σάρρα,
2891 3812 3268 3882 κεκυοφόρηκε
3304 3813 3361 3865 δέ
3392 3813 3482 3866 τὸν
3531 3812 3786 3884 Ἰσμαὴλ
3819 3815 3859 3887 ἡ

2238 3907 2440 3980 Ἅγαρ,
2477 3907 2647 3979 ὀφρὺν
2683 3906 3039 3961 ἀνατείνουσα
3070 3905 3210 3957 κατά
3237 3904 3335 3974 τῆς
3360 3902 3668 3976 ἐλευθέρας
3696 3907 3861 3974 ἐφω-

2233 4001 2364 4073 ρᾶτο
2391 4000 2596 4053 λοιπόν.
2629 3998 2814 4070 Σάρρα
2833 3997 2889 4050 δέ
2911 3999 3011 4050 οὐκ
3040 3995 3222 4067 όῖστὴν
3254 3996 3488 4049 ἐποιεῖτο
3519 3995 3632 4066 τὴν
3666 3998 3860 4069 ὑπερ-

2230 4093 2414 4163 οψίαν,
2451 4092 2545 4146 καὶ
2563 4090 2627 4163 δὴ
2660 4091 2756 4144 καὶ
2789 4089 2987 4144 ἐκάκου
3019 4089 3120 4160 τὴν
3151 4087 3475 4157 Αἰγυπτίαν.
3531 4090 3602 4142 Ἡ
3643 4090 3711 4144 δὲ
3747 4091 3862 4162 τῆς

2231 4187 2414 4250 ἑστίας
2467 4185 2708 4256 ἀπέδρα,
2763 4183 2858 4238 καὶ
2907 4183 3174 4235 ἐπλανᾶτο
3233 4180 3374 4234 κατὰ
3427 4180 3527 4250 τὴν
3595 4181 3856 4254 ἔρημον.

2233 4277 2435 4347 Ἦρετο
2460 4275 2516 4328 δὲ
2542 4275 2710 4346 αὐτὴν
2738 4272 2969 4342 ἄγγελος
2997 4270 3059 4336 ἐξ
3085 4271 3144 4324 ού
3155 4269 3340 4342 ρινοῦ,
3372 4271 3493 4324 ὅποι
3514 4287 3578 4324 τε
3614 4271 3697 4326 ἴοι
3753 4275 3862 4328 καὶ

2227 4367 2350 4422 ὅθεν
2389 4368 2496 4421 ἵκοι
2536 4367 2721 4422 πάλιν.
2769 4367 2834 4419 'II
2873 4365 2929 4420 δὲ
2969 4363 3106 4436 πρὸς
3137 4363 3310 4418 ταῦτά
3359 4380 3548 4434 φησιν·
3620 4384 3645 4418 ι
3705 4367 3861 4420 Ἀπὸ

2229 4459 2521 4532 προσώπου
2545 4461 2760 4531 Σάρρας
2779 4457 2878 4528 τῆς
2895 4457 3086 4528 κυρίας
3110 4474 3211 4528 μου
3232 4454 3342 4525 ἐγὼ
3358 4457 3804 4526 ἀποδιδράσκω.
3836 4479 3859 4514 ι

542 4557 598 4607 et
627 4546 918 4602 humiliare
952 4545 1056 4602 sub
1089 4561 1256 4601 manu
1291 4547 1428 4617 ejus.
1463 4566 1481 4598 ι
1519 4546 1680 4602 Prior
1719 4547 1868 4603 cnim
1901 4557 2122 4606 ostensa

2245 4552 2295 4604 Γί
2325 4547 2418 4605 οὗν
2453 4552 2481 4604 ὁ
2509 4551 2796 4613 θεσπέσιος
2829 4550 3094 4619 ᾶγγε).ος;
3141 4569 3158 4600 ι
3186 4549 3640 4620 Ἀποστράφηθι,
3684 4553 3861 4622 φησὶ,

539 4649 626 4694 est
656 4639 847 4708 legalis
870 4638 1157 4708 disciplina
1179 4637 1435 4693 lsraelem
1465 4639 1799 4708 parturiens.
1822 4637 1959 4694 Cum
1988 4657 2122 4696 vero

540 4743 700 4786 serva
733 4738 881 4784 esset
916 4727 1115 4799 (neque
1153 4729 1301 4783 enim
1335 4737 1458 4784 erat
1489 4728 1546 4781 in
1584 4743 1649 4782 ea
1680 4729 1908 4798 spiritus
1946 4731 2137 4786 liber--

540 4820 716 4890 latis),
745 4820 900 4893 prius
922 4828 1136 4875 tantum
1157 4835 1269 4874 non
1297 4819 1515 4889 peperit
1543 4820 1808 4888 pepulum
1834 4819 2118 4895 Ᾰίςςριῑει-

538 4927 664 4967 cum
691 4929 853 4984 quam
893 4927 1095 4968 novam
1143 4919 1308 4980 atque
1341 4910 1712 4981 evangelicam
1747 4911 2116 4984 disciplinam.

534 5003 744 5060 Idcirco
767 5005 908 5064 elata
931 5013 1015 5060 est
1037 5005 1244 5066 animo,
1261 5011 1317 5058 et
1335 5012 1623 5073 persecuta
1643 5012 1730 5059 est
1750 5003 2113 5074 Christianos,

535 5103 590 5151 et
616 5097 882 5152 adversus
911 5094 1226 5165 evangelica
1260 5103 1529 5165 praecepta
1562 5094 1669 5149 alte
1709 5097 2000 5166 supercilia
2031 5106 2113 5152 at-

538 5189 752 5253 tollens,
795 5186 987 5241 multis
1032 5184 1212 5240 modis
1253 5194 1337 5240 est
1376 5184 1741 5256 deprehensa.
1789 5187 2116 5259 lncrepabat

532 5279 680 5341 enim
717 5287 937 5338 sanctos
966 5277 1242 5353 apostolos
1255 5276 1569 5334 Iudaeorum
1594 5278 1897 5349 Synagoga,
1925 5291 2113 5349 aperte

531 5370 722 5432 dicens
749 5387 761 5428 ι
799 5389 817 5420 ι
852 5368 1133 5438 Praecpta
1164 5370 1526 5439 praecepimus
1548 5369 1708 5425 vobis
1737 5385 1805 5424 ne
1840 5370 2117 5427 doceretis

533 5465 588 5523 in
612 5463 834 5518 nomine
849 5463 974 5526 hoc,
994 5472 1050 5518 et
1063 5478 1190 5518 eoce
1209 5463 1518 5533 replevistis
1533 5462 1836 5519 Jerusalem
1860 5465 2111 5521 doctrina

531 5563 712 5616 vestra
739 5553 806 5612 θ’.
839 5573 858 5607 ι
897 5553 1061 5613 Vides
1105 5569 1216 5624 quo
1261 5562 1421 5625 pacto
1455 5553 1686 5610 insultat
1723 5553 1872 5610 Sara:
1906 5553 2110 5626 [Egyp-

600 5736 646 5772 ⁶⁸
685 5737 828 5794 Psal.
881 5753 969 5806 xx,
1021 5735 1106 5791 IO.
1185 5735 1229 5768 ⁶¹
1279 5734 1382 5792 Isa.
1436 5750 1564 5802 Lxu,
1600 5733 1654 5788 Ι.
1737 5735 2024 5804 ⁸,Ἀοῖ.ιν,
2055 5737 2107 5790 1.

2231 4645 2366 4715 πρὸς
2397 4643 2494 4713 τὴν
2525 4642 2720 4716 κυρίαν
2755 4657 2870 4700 σου.
2910 4642 3005 4695 καὶ
3039 4639 3402 4712 ταπεινώθητι
3436 4640 3545 4694 ὑπὸ
3578 4643 3701 4708 τὰς
3739 4648 3895 4715 χεῖ-ι

2232 4753 2328 4807 ρας
2372 4735 2563 4804 αὐτῆς.
2604 4753 2622 4785 ι
2671 4731 3067 4804 Προανεδείχθη
3121 4732 3219 4802 μὲν
3268 4733 3376 4802 γὰρ
3417 4732 3719 4788 ὠδίνουσα
3760 4737 3866 4789 τὸν

2240 4825 2457 4898 Ἰσραὴλ
2503 4827 2536 4898 ἡ
2585 4825 2728 4879 κατά
2793 4825 2960 4897 νόμον
3011 4823 3260 4896 λατρεία.
3321 4823 3546 4886 Οίκὲτις
3598 4824 3667 4878 δὲ
3711 4823 3868 4882 οὖσα

2229 4919 2470 4990 (πνεῦμα
2505 4919 2615 4990 γάρ
2653 4917 2936 4988 ἐλεύθερον
2977 4917 3077 4971 οὐκ
3111 4913 3180 4987 ἦν
3217 4919 3277 4970 ἐν
3302 4914 3484 4986 αὐτῇ),
3525 4921 3869 4991 μονονουχὶ

2226 5013 2670 5084 προεκυοφόρησε
2716 5011 2814 5083 τῆς
2850 5011 2975 5075 νέας
3014 5010 3110 5064 καὶ
3169 5009 3543 5078 εὐαγγελικῆς
3604 5013 3872 5068 παιδεύ-

2223 5120 2361 5167 σεως
2399 5104 2584 5170 τὸνέξ
2615 5103 2892 5173 Αἰγύπτου
2931 5103 3080 5156 λαόν.
3139 5103 3432 5172 Τοιγάρτοι
3466 5101 3577 5155 καὶ
3627 5108 3872 5179 πεφρό-

2221 5211 2354 5265 νηκε
2387 5195 2548 5266 μέγα,
2582 5197 2676 5249 καὶ
2698 5195 2886 5249 ἐδίωκε
2910 5195 3038 5258 τοὺς
3060 5197 3118 5248 ἐν
3147 5193 3387 5266 Χριστῷ,
3411 5193 3508 5248 καὶ
3547 5199 3725 5252 κατὰ
3747 5200 3874 5254 τῶν

2223 5287 2597 5355 εὐαγγελικῶν
2661 5287 3051 5359 θεσπισμάτων
3130 5284 3344 5358 ὑψηλὴν
3407 5287 3681 5357 αἴρουσα
3755 5291 3873 5363 τὴν

2219 5376 2422 5448 ὀφρὺν,
2479 5376 2831 5446 πολυτρόπως
2881 5377 3152 5448 ἡλίσκετο.
3218 5376 3483 5447 Ἐπετίμα
3547 5379 3686 5452 γὰρ
3742 5385 3874 5448 τοῖς

2220 5467 2396 5535 ἀγίοις
2460 5467 2836 5539 ἀποστόλοιςη
2865 5467 2974 5522 τῶν
3013 5467 3281 5522 Ἰουδαίων
3311 5469 3670 5542 Συναγωγή,
3700 5476 3875 5546 διαῤ-

2218 5558 2385 5630 ρήδην
2403 5558 3052 5632 λέγουσασιῐῖαραγγελίᾳ
3075 5559 3543 5631 παρηγγείλαμεν
3566 5561 3753 5634 ὑμῖν,
3787 5565 3872 5639 μὴ
