4092 6474
271 297 358 356 185

1269 291 1798 350 GLAPHYRORUM
1835 292 1905 348 ιΝ
1938 291 2240 352 GENESIM
2287 297 2415 353 LIB.
2457 297 2546 354 111.

3430 305 3536 363 ιδι

265 409 508 465 διδάσκειν
539 406 634 461 ἐπὶ
657 405 733 477 τῷ
761 405 991 477 ὀνόματι
1012 405 1209 477 τούτῳ,
1229 408 1324 461 καὶ
1342 407 1454 462 ἰδοὺ
1477 408 1832 481 ἐπληρώσατε

1942 409 2039 476 tia,
2063 421 2121 468 et
2144 412 2407 468 ancillula
2427 414 2618 472 libera:
2643 425 2728 472 est
2746 426 3064 476 contumax.
3094 417 3368 478 Ceterum
3388 422 3534 482 victa

265 503 348 572 τὴν
372 497 669 572 ἰερουσαλὴ
677 515 716 568 μ
732 498 830 570 τῆς
851 498 1076 570 διδαχῆς
1094 499 1124 554 ὑ
1131 498 1270 570 μῶν.
1301 517 1323 552 ι
1359 499 1524 573 Ὁρᾷς
1539 500 1691 564 ὅπως
1706 517 1834 555 κατ-

263 593 521 665 επαίρεται
536 595 633 664 τῆς
644 593 908 665 Σάρῤαςὴ
925 590 1223 661 Αἰγυπτία,
1239 591 1336 647 καὶ
1355 591 1532 646 καταθ
1541 591 1833 663 ρασύνεται

262 685 344 758 τῆς
365 683 644 754 ἐλευθέρας
659 683 720 738 τὸ
740 683 1172 756 θεραπαινίδιον.
1213 683 1354 737 Ἀλλ’
1377 685 1595 738 ἐνικᾶτο
1609 684 1688 756 τῷ
1711 685 1835 757 χρό·

265 796 343 849 np,
360 777 446 830 καὶ
472 775 880 848 ἀποδιδράσκει,
902 777 1110 848 τρόπον
1135 775 1259 832 τινὰ
1277 776 1497 848 τιμῶσα
1515 779 1577 831 τὸ
1597 777 1831 849 ὲξήνιον,

264 870 628 942 προστάττεται
655 869 713 923 δὲ
738 869 808 925 δι’
830 870 1072 940 ἀγγέλου
1097 871 1301 942 φωνῆς,
1328 871 1404 942 μὴ
1440 871 1834 943 παραιτεῖσθαι

261 961 344 1033 τὴν
375 960 693 1033 ἐλευθέραν,
727 963 1014 1030 τουτέστι,
1048 965 1149 1036 τὴν
1186 967 1269 1030 εἰς
1297 965 1584 1041 ἐλεύθερον
1613 967 1834 1040 ἀξίωμα

263 1053 503 1108 καλοῦσαν
562 1054 878 1120 παίδευσιν,
938 1058 1330 1112 ταπεινοῦσθαι
1384 1059 1443 1114 δὲ
1494 1061 1695 1132 μᾶλλον
1727 1062 1834 1116 ὑπὸ

263 1145 344 1208 τὰς
380 1147 563 1217 χεῖρας
603 1147 803 1217 αὐτῆς.
865 1149 930 1202 Ἦ
981 1148 1092 1220 γὰρ
1130 1149 1220 1204 διὰ
1257 1150 1423 1222 νόμου
1455 1151 1703 1224 λατρεία,
1745 1153 1835 1210 διά

267 1238 530 1308 σχημάτων
579 1237 738 1292 ἰοῦσα
777 1240 878 1294 καὶ
913 1241 1138 1306 τύπων,
1187 1242 1427 1298 δουλεύει
1464 1245 1666 1318 τρόπον
1710 1245 1834 1300 τινὰ

264 1334 357 1394 τοῖς
397 1329 776 1398 εὐαγγελικοϊς
831 1332 1236 1404 παιδεύμασιν,
1281 1336 1525 1408 ἀμυδρὸν
1567 1336 1668 1407 τῆς
1695 1337 1832 1410 ἀλη-

261 1422 391 1486 θείας
426 1421 485 1475 τὸ
536 1422 735 1486 κάλλος
785 1424 870 1492 ἐφ’
923 1425 1089 1496 ἑαυτῇ
1135 1425 1481 1482 δεικνύουσα.
1533 1429 1612 1482 Δι’
1666 1430 1834 1499 ἀγγέ-

260 1515 350 1567 λων
381 1513 555 1566 τοίνυν
593 1515 624 1567 6
658 1514 826 1568 πάλαι
855 1514 944 1570 διὰ
982 1517 1226 1581 Μωσέως
1258 1516 1489 1590 ὡρίζετο
1522 1520 1714 1590 νόμος,
1740 1521 1833 1575 καὶ

258 1606 335 1659 διὰ
370 1607 550 1676 φωνῆς
597 1605 841 1676 ἀγγέλου
889 1609 1004 1672 τοῖς
1048 1608 1137 1663 διὰ
1180 1609 1422 1680 Χριστοῦ
1470 1609 1833 1683 θεσπίσμασιν

259 1697 522 1768 ὑποφέρειν
580 1697 777 1772 ὥσπερ
831 1699 1236 1771 προστάσσεται
1287 1700 1378 1754 τὸν
1439 1701 1675 1772 αὐχένα,
1738 1703 1833 1758 καὶ

259 1791 620 1847 ὕποκλὶνεσθαι
647 1795 720 1865 τῇ
749 1792 1035 1866 ἐλευθέρα,
1067 1793 1164 1848 καὶ
1195 1794 1294 1865 οὐχ
1325 1792 1528 1848 ἑκοῦσα
1570 1812 1830 1866 παραχω-

260 1887 370 1956 ρεῖν.
400 1885 568 1939 Τοῦτο
598 1887 732 1958 γὰρ,
764 1881 944 1958 οἶμαι,
996 1884 1205 1958 νοητῶς
1246 1888 1364 1940 ἐστι
1411 1888 1497 1954 τὸ,
1546 1888 1651 1941 ὑπὸ
1669 1892 1830 1960 χεῖρα

257 1977 339 2047 τῆς
371 1977 583 2049 Σάρρας
649 1977 912 2047 γενέσθαι
970 1978 1069 2050 τὴν
1117 1979 1320 2051 Ἅγαρ.
1388 1979 1719 2051 Μεμνῆσθαι
1771 1979 1829 2034 δὲ

257 2067 550 2136 ἀναγκαῖον,
588 2068 672 2132 ὡς
699 2067 979 2139 διαθηκῶν
1004 2067 1172 2124 δυάδα
1203 2069 1448 2124 τέθεικεν
1485 2071 1656 2136 αὐτὰς
1683 2071 1777 2126 καὶ
1801 2073 1830 2125 6

257 2159 511 2224 θεσπέσιος
554 2161 778 2227 Παῦλος
801 2202 816 2225 ,
860 2162 961 2233 τὴν
995 2161 1092 2233 μὲν
1123 2163 1205 2228 είς
1239 2163 1484 2218 δουλείαν
1513 2163 1828 2234 γεννῶσαν,

257 2249 509 2322 σύστοιχὸν
536 2269 602 2304 τε
635 2254 704 2323 τῇ
733 2251 831 2305 νῦν
871 2251 1232 2324 Ἰερουσαλήμ
1258 2269 1272 2285 ο
1301 2253 1400 2326 τὴν
1431 2255 1488 2307 δὲ
1512 2255 1593 2318 είς
1614 2253 1830 2308 ἐλευθε-

257 2339 356 2408 ρίας
376 2341 619 2412 ἀξίωμα,
646 2342 790 2412 φημὶ
815 2341 879 2410 δὴ
901 2341 1002 2414 τὴν
1025 2342 1264 2415 Σάρραν.
1297 2341 1423 2397 Ὅτι
1446 2342 1503 2396 δὲ
1526 2343 1829 2414 πεφηνότος

255 2431 340 2504 ήδη
361 2431 597 2503 Χριστοῦ
630 2431 982 2487 συνανατελεί
999 2432 1064 2505 δὴ
1095 2435 1314 2498 πάντως
1345 2434 1442 2506 τῆς
1469 2436 1528 2488 ὲν
1558 2434 1829 2508 πνεύματι

253 2527 526 2597 περιτομῆς
557 2526 590 2578 ὁ
627 2525 843 2598 καιρὸς,
893 2525 1206 2582 ὲδιδάσκετο
1252 2526 1442 2598 σαφῶς
1485 2529 1514 2582 6
1558 2530 1829 2601 μακάριος

263 2616 508 2689 Ἀϐραάμ.
553 2618 951 2690 Ἐθεσμοθέτει
984 2619 1095 2692 γὰρ
1119 2622 1148 2675 6
1177 2618 1332 2685 Θεὸς,
1367 2619 1427 2674 τὸ
1459 2621 1658 2693 χρῆναι
1693 2620 1830 2692 πλη-

254 2707 361 2778 ροῦν
384 2709 482 2778 τὴν
505 2709 846 2781 περιτομὴν,
881 2710 973 2765 διὰ
1002 2710 1300 2783 σαρκικῶν,
1327 2706 1504 2782 οἶμαι,
1527 2713 1829 2784 παραδειγ-

253 2799 418 2867 μάτων
477 2802 1018 2872 προαναφαίνωντά
1048 2803 1235 2876 νοητά.
1273 2822 1292 2855 ι
1349 2805 1829 2878 Περιτμηθησεται

251 2891 342 2963 γάρ
367 2909 477 2957 σου,
510 2893 678 2965 φησὶ,
703 2896 814 2948 πᾶν
839 2895 1149 2968 ἀρσενικόν.
1189 2915 1208 2949 ι
1256 2897 1367 2951 Καὶ
1402 2899 1523 2961 ταῖς
1553 2898 1634 2961 είς
1671 2897 1831 2952 τοῦτο

249 2982 532 3053 ρᾳοτώναις
582 2985 826 3058 ’ὃλεθρον
855 2987 953 3040 καὶ
981 2987 1262 3051 ἀπώλειαν
1301 2988 1600 3060 ὲπεμέτρει
1624 2989 1725 3060 τήν
1753 2988 1832 3042 δίο

251 3091 354 3149 κην·
377 3076 479 3150 ἔφη
509 3078 651 3151 γὰρ,
679 3079 764 3132 ὅτι
795 3080 892 3134 καὶ
915 3080 1290 3151 ἀπερίτμητος
1321 3079 1520 3152 ἄρσην,
1554 3080 1613 3144 6;
1638 3082 1699 3134 οὐ
1731 3098 1828 3134 πε-
1858 3129 1902 3188 c

250 3169 634 3242 ριτμηθήσεται
668 3172 768 3244 τὴν
796 3172 978 3244 σάρκα
1010 3172 1108 3242 τῆς
1142 3172 1512 3245 ἀκροϐυστίας
1539 3173 1706 3226 αὐτοῦ
1759 3175 1827 3246 τῇ

246 3263 411 3338 ἡμέρᾳ
437 3270 505 3340 τῇ
532 3268 730 3340 ὀγδόη,
753 3259 1276 3340 ὲξολοθρἒυθήσεται
1305 3270 1340 3341 ἡ
1367 3267 1515 3341 ψυχὴ
1553 3270 1738 3341 ἐκείνη
1765 3268 1832 3321 ὲκ

245 3353 326 3410 τοῦ
345 3358 531 3428 γένους
558 3360 762 3432 αὐτῆς,
787 3362 871 3415 ὅτι
897 3359 997 3432 τὴν
1035 3360 1303 3432 διαθήκην
1334 3379 1440 3432 μου
1461 3361 1828 3416 διεσκέδασεν.

255 3446 402 3522 ὀρᾷς
435 3451 518 3506 ὃτι
552 3452 662 3524 τῆς
696 3455 757 3508 εν
790 3453 1068 3525 πνεύματι
1113 3454 1210 3508 καὶ
1250 3453 1484 3526 ἀληθείᾳ
1524 3453 1831 3527 περιτομῆς

243 3541 392 3607 τύπος
419 3542 620 3617 ὥσπερ
661 3561 746 3608 τις
780 3545 844 3599 ὲν
874 3546 1041 3616 σαρκὶ
1083 3545 1486 3618 προεδείκνυτο.
1521 3546 1831 3618 Πράττεται

245 3637 342 3709 γὰρ
365 3641 431 3711 τῇ
457 3639 654 3711 ὀγδόῃ,
701 3639 827 3695 καθ’
859 3639 931 3712 ἢν
971 3641 1036 3696 ὲκ
1079 3641 1294 3714 νεκρῶν
1331 3640 1534 3698 ἀνεὸίω
1569 3641 1828 3713 Χριστός.

245 3730 340 3784 Καὶ
359 3733 548 3805 καιρὸς
578 3728 654 3805 ἦν
682 3732 788 3806 ἢδη
819 3733 916 3788 τοῦ
947 3735 1276 3806 μεταλαχεῖν
1302 3734 1462 3804 ἁγίου
1485 3734 1828 3806 Πνεύματος,

243 3822 326 3876 καὶ
354 3823 448 3896 τὴν
486 3824 548 3878 ἐν
575 3823 736 3896 αὐτῷ
766 3824 1024 3896 δέχεσθαι
1048 3826 1388 3898 περιτομὴν,
1420 3825 1484 3881 οὐ
1518 3827 1698 3899 σάρκα
1740 3825 1834 3879 λυ-

242 3913 448 3980 ποῦντος
469 3957 484 3978 ,
513 3916 660 3971 ἀλλά
695 3915 918 3987 πνεῦμα
959 3916 1356 3990 καθαίροντοςο
1394 3917 1458 3970 οὐ
1499 3917 1832 3988 σωματικῶν

241 4005 666 4072 ἀπαλλάττοντος
700 4007 912 4080 ρύπων,
952 4008 1091 4064 ἀλλά
1119 4008 1372 4079 ψυχικῶν
1405 4009 1555 4080 ἡμᾶς
1589 4025 1719 4081 νοση
1729 4009 1831 4078 μά-

240 4113 335 4153 των
363 4099 729 4165 ἀπολύοντος.
762 4101 892 4154 Ὅτε
921 4100 1032 4172 γὰρ
1061 4100 1266 4159 ἀνεϐίω
1298 4099 1558 4171 Χριστὸς,
1589 4099 1829 4154 καταλῦ-

244 4194 434 4257 σαςτοῦ
459 4181 706 4250 θανάτου
729 4194 794 4249 τὸ
814 4194 1037 4266 κράτος.
1055 4195 1178 4248 τότε
1204 4193 1290 4265 δὴ,
1306 4193 1429 4247 τότε
1454 4191 1551 4248 καὶ
1569 4194 1830 4265 ἀπαρχὴν

245 4283 408 4358 ὥσπερ
429 4289 555 4344 τινὰ
576 4285 680 4342 τοῦ
708 4288 867 4356 ἁγίου
893 4285 1214 4357 Ηνεύματος
1260 4287 1374 4350 τοῖς
1401 4285 1578 4355 ἁγίοις
1603 4285 1832 4356 ἐνέθηκε

243 4381 516 4452 μαθηταῖς.
557 4380 904 4453 Ἐνεφύσησε
931 4379 1066 4454 γὰρ,
1089 4379 1278 4450 φησιν,
1305 4381 1386 4444 εἰς
1409 4379 1610 4442 αὐτοὺς
1627 4378 1826 4448 λέγων’

1935 511 2023 557 est
2045 511 2321 576 tempore,
2343 506 2591 579 fugitque
2611 507 3018 579 quodammodo
3041 513 3402 570 contumaciae
3421 528 3536 573 suat

1933 607 2129 664 pmnas
2160 595 2340 652 luens.
2368 597 2621 654 Monetur
2663 606 2850 654 autem
2875 616 2974 671 per
3000 617 3193 659 vocem
3224 607 3432 677 angeli,
3461 623 3532 664 ne

1935 685 2210 758 despiciat
2228 688 2482 755 liberam,
2505 689 2612 745 hoc
2633 699 2721 746 est
2771 691 3145 762 disciplinam,
3170 694 3238 750 ad
3260 695 3534 754 libertatis

1935 777 2263 849 dignitatem
2306 789 2624 845 vocantem,
2655 790 2711 836 at
2750 781 2938 852 potius
2977 790 3038 838 ιιι
3071 783 3399 843 humilietur
3427 789 3537 844 sub

1934 884 2102 925 manu
2128 871 2268 942 ejus.
2295 870 2490 928 Cultus
2524 872 2671 927 enim
2699 873 2890 944 legalis
2926 889 3026 944 per
3053 875 3258 947 ﬁguras
3281 893 3346 934 ac
3374 889 3528 952 typcs

1933 955 2196 1015 incedens
2220 960 2394 1015 servit
2422 959 2830 1030 quodammodo
2863 963 3202 1033 evangelicae
3235 965 3531 1035 doctrinm,

1933 1050 2225 1110 obscuram
2250 1052 2544 1124 quamdam
2566 1053 2818 1109 veritatis
2837 1055 3314 1124 pulchritudinem
3337 1075 3450 1129 pre:
3470 1076 3529 1116 se

1933 1143 2137 1202 ferens.
2161 1147 2268 1202 Per
2300 1146 2525 1218 angelos
2542 1146 2728 1217 itaque
2748 1156 2909 1202 vetus
2933 1147 3132 1220 Moysis
3170 1151 3257 1205 lex
3281 1151 3391 1207 lata
3422 1160 3526 1218 est,

1933 1243 1990 1291 et
2019 1253 2120 1307 per
2151 1252 2341 1293 vocem
2381 1238 2566 1310 angeli
2600 1238 2892 1308 praeceptis
2923 1254 3020 1308 per
3049 1238 3333 1294 Christum
3360 1241 3534 1298 editis

1933 1333 2207 1390 cervicem
2229 1331 2639 1402 quodammodo
2659 1332 2989 1387 submittere
3015 1332 3266 1403 jubetur,
3285 1344 3342 1389 et
3364 1335 3528 1391 subdi

1932 1424 2047 1494 80
2078 1424 2289 1490 liberae,
2326 1425 2546 1481 etiamsi
2577 1425 2777 1481 cedere
2813 1426 2969 1480 nolit.
3012 1425 3129 1481 Hoc
3169 1428 3319 1481 enim
3359 1429 3526 1498 spiri-

1933 1516 2158 1573 tualiter
2183 1514 2494 1588 signiﬁcare
2520 1517 2801 1574 arbitror:
2842 1537 2859 1570 ι
2888 1519 3056 1590 Agar,
3091 1517 3383 1575 humiliare
3425 1518 3529 1576 sub

1932 1621 2100 1660 manu
2131 1605 2281 1662 Sarte
2321 1607 2385 1661 ".
2429 1626 2448 1658 ι
2479 1607 2670 1678 Neque
2695 1622 2826 1662 vero
2851 1606 3072 1661 silentio
3098 1607 3529 1676 praetermitten-

1935 1696 2068 1751 dum
2108 1713 2232 1754 esse
2263 1713 2487 1764 censeo,
2535 1699 2683 1769 quod
2718 1708 2775 1754 et
2819 1698 3044 1754 divi-nus
3087 1699 3291 1754 Paulus
3332 1713 3427 1753 eas
3476 1699 3530 1753 in

1867 1763 1910 1818 Β
1936 1787 2174 1843 duorum
2213 1763 2672 1845 testamentorum
2707 1790 3020 1860 exemplum
3057 1791 3342 1860 posuerit;
3379 1791 3530 1846 illam

1935 1881 2162 1951 quidem
2207 1882 2524 1954 gignentem
2575 1882 2631 1938 in
2672 1884 3022 1948 servitutem,
3061 1892 3117 1938 et
3158 1881 3432 1940 conﬁnem
3476 1883 3530 1938 ei

1937 1990 2060 2046 quae
2092 1990 2242 2030 nunc
2262 1983 2348 2030 est
2379 1974 2708 2042 Jerusalem,
2737 1975 2881 2029 hanc
2913 1991 3046 2030 vero
3073 1975 3127 2029 in
3153 1974 3428 2030 libertatis
3441 1975 3528 2030 di-

1936 2068 2240 2138 gnitatem,
2293 2066 2488 2124 Saram
2554 2068 2800 2139 inquam.
2847 2067 3004 2134 Quod
3032 2083 3187 2135 vero,
3237 2077 3529 2140 postquam

1936 2159 2257 2230 apparuerit
2279 2158 2559 2226 Christus,
2590 2175 2697 2214 una
2721 2161 3004 2216 exorietur
3033 2168 3253 2230 tempus
3286 2160 3532 2215 circum-
3552 2145 3568 2158 ’

1937 2250 2166 2306 eisionis
2215 2251 2270 2306 in
2331 2251 2552 2322 spiritu,
2596 2251 2828 2308 edoctus
2869 2260 2956 2307 est
3001 2251 3291 2306 manifeste
3335 2252 3536 2311 beatus

1936 2342 2236 2398 Abraham.
2261 2343 2533 2415 Praecepit
2556 2345 2706 2401 enim
2740 2345 2854 2416 jam
2877 2345 3023 2400 Deus
3045 2344 3530 2403 circumcisionem

1937 2435 2274 2507 implendam
2298 2452 2442 2508 esse,
2470 2453 2571 2508 per
2605 2437 2872 2500 carnalia,
2897 2445 2958 2493 ut
2991 2437 3254 2504 arbitror,
3285 2440 3534 2510 exempla

1937 2525 2370 2597 prmsigniﬁcans
2413 2526 2745 2596 spiritualia.
2803 2545 2820 2578 ι
2853 2524 3298 2582 Circumcidetur
3349 2525 3531 2591 enim,

1937 2619 2145 2689 inquit,
2185 2634 2351 2674 omne
2395 2619 2727 2684 masculum,
2759 2637 2778 2670 ι
2819 2617 3280 2690 negligentizeque
3323 2617 3427 2673 hac
3474 2617 3532 2674 iu

1935 2721 2094 2781 parte
2122 2711 2356 2782 capitale
2384 2713 2719 2784 supplicium
2752 2711 3033 2784 proponit.
3057 2710 3150 2767 Ait
3178 2709 3348 2776 enim,
3383 2711 3533 2783 quod

1946 2821 1964 2854 ι
1997 2801 2424 2859 incircumcisus
2476 2804 2788 2868 masculus,
2846 2803 2942 2873 qui
2997 2817 3110 2857 non
3169 2801 3537 2858 circumcisus

1938 2891 2109 2950 fuerit
2141 2909 2368 2950 carnem
2402 2895 2659 2966 prmputii
2689 2895 2775 2950 sui
2809 2905 3002 2950 octava
3031 2893 3143 2959 die,
3181 2893 3536 2964 disperdetur

1909 2983 2124 3057 _anima
2149 2984 2241 3040 illa
2269 3000 2338 3040 ex
2363 2985 2723 3056 generatione
2756 3000 2876 3050 sua,
2911 2984 3041 3054 quia
3081 2993 3304 3055 pactum
3346 3000 3534 3042 meum

1939 3073 2234 3144 dissipavit
2257 3075 2354 3129 ⁸⁸.»
2378 3075 2546 3131 Vides
2579 3074 2726 3146 quod
2761 3075 3113 3130 circumcisio
3138 3075 3195 3130 in
3222 3090 3386 3132 carne
3414 3076 3533 3138 vel-

1933 3165 2016 3222 uti
2059 3174 2222 3239 typus
2244 3167 2469 3240 quidam
2495 3171 2953 3239 prmmonstra‘tus
2989 3170 3062 3224 sit
3093 3168 3534 3226 circumcisionis

1933 3258 1992 3314 in
2016 3261 2216 3331 spiritu
2271 3269 2328 3316 et
2371 3261 2626 3317 veritate.
2678 3261 2766 3317 Fit
2816 3260 2967 3316 enim
3015 3269 3210 3316 octavo
3260 3260 3373 3327 dic,
3421 3276 3535 3332 quo

1931 3351 2192 3410 Christus
2240 3369 2273 3410 a
2313 3353 2553 3410 mortuis
2607 3353 2850 3419 revixit;
2886 3361 2943 3407 et
2981 3361 3202 3423 tempus
3244 3361 3365 3408 erat
3398 3354 3532 3424 jam,

1931 3455 1994 3503 ut
2027 3446 2269 3517 Spiritus
2299 3447 2476 3504 sancti
2511 3446 2814 3518 participes
2838 3445 3208 3511 efﬁcerentur,
3237 3444 3534 3508 circumci-

1931 3537 2255 3610 sionemque
2293 3539 2350 3594 in
2375 3539 2496 3610 ipso
2522 3539 2958 3610 susciperemus,
2987 3553 3116 3609 qua:
3156 3554 3269 3596 non
3310 3553 3535 3594 carnem

1932 3630 2195 3698 alliceret,
2217 3633 2314 3688 sed
2341 3631 2597 3704 spiritum
2625 3639 2910 3704 purgaret,
2941 3649 3053 3688 non
3087 3649 3118 3690 a
3150 3633 3540 3711 corporalibus

1931 3724 2192 3781 sordibus
2220 3725 2510 3790 liberaret,
2557 3725 2655 3781 sed
2697 3723 2870 3779 animi
2914 3725 3141 3784 morbos
3182 3725 3531 3782 dissolveret.

1931 3814 2164 3888 Quando
2207 3815 2358 3872 enim
2407 3814 2668 3871 Christus
2712 3813 2936 3880 revixit,
2978 3813 3252 3870 dissoluto
3298 3814 3537 3887 imperio

1931 3909 2148 3975 mortis,
2180 3917 2313 3966 tunc
2349 3907 2574 3964 demum
2601 3907 2776 3964 veluti
2801 3907 3077 3980 primitias
3100 3906 3367 3978 quasdam
3405 3905 3532 3978 Spi-

1931 4001 2076 4064 ritus
2108 4001 2284 4057 sancti
2326 4000 2617 4072 diseipulis
2653 3999 2907 4056 immisit.
2945 3999 3248 4055 lnsuﬁlavit
3286 4000 3434 4079 enim
3475 4001 3534 4056 in

1929 4091 2082 4163 ipsos
2113 4091 2334 4159 dicens,
2365 4110 2384 4143 ι
2413 4091 2665 4163 Accipite
2694 4090 2960 4162 Spiritum
2990 4097 3241 4146 sanctum
3266 4089 3334 4142 ⁸⁸.
3369 4109 3387 4141 ι
3417 4088 3532 4145 Cu-

1924 4185 2019 4256 jus
2077 4186 2248 4240 etiam
2299 4185 2592 4241 sententiae
2639 4193 2726 4240 est
2773 4183 3218 4256 sapientissimus
3270 4182 3560 4249 Joannes,.

1931 4278 2126 4335 dicens
2151 4297 2163 4332 :
2193 4299 2211 4328 ι
2232 4277 2490 4335 Nondum
2517 4279 2665 4333 enim
2689 4287 2812 4332 erat
2834 4277 3076 4348 Spiritus
3102 4283 3326 4332 sanctus
3346 4275 3532 4340 datus,

1931 4369 2063 4441 quia
2081 4369 2244 4425 Iesus
2264 4370 2513 4425 nondum
2538 4378 2659 4424 erat
2683 4366 3025 4440 gloriﬁcatus
3047 4366 3113 4420 “.
3136 4383 3152 4416 ι
3180 4363 3533 4452 Gloriﬁcatus

244 4489 261 4522 ι
302 4473 508 4528 Λάϐετε
545 4473 782 4545 Πνεῦμα
812 4473 991 4541 ἅγιον.
1049 4490 1069 4526 ι
1107 4471 1448 4543 Συλλήψεται
1478 4469 1536 4524 δέ
1574 4469 1654 4540 τῷ
1684 4467 1828 4541 λόγῳ

1934 4459 2209 4532 siquidem
2238 4467 2347 4525 est,
2373 4475 2499 4515 cum
2529 4457 2838 4513 resurrexit
2861 4472 2893 4510 a
2921 4455 3158 4511 mortuis
3193 4465 3388 4514 octavo
3416 4456 3527 4512 die.

241 4562 321 4617 καὶ
343 4565 373 4617 6
402 4568 727 4636 σοφώτατος
769 4565 1048 4634 Ἰωάννης,
1073 4563 1250 4632 λέγων
1267 4579 1281 4594 ·
1317 4583 1338 4616 ι
1365 4561 1598 4618 Οὐδέπω
1623 4560 1734 4633 γὰρ
1757 4555 1828 4632 ἦν

242 4655 446 4728 Πνεῦμα
479 4659 666 4728 ἅγιον,
693 4658 775 4712 ὅτι
816 4655 1028 4727 Ἰησοῦς
1053 4655 1268 4710 οὐδέπω
1297 4653 1583 4726 ἐδοξάσθη.
1621 4673 1641 4706 ι
1671 4653 1828 4707 Δεδόο

241 4746 416 4814 ξασται
449 4751 552 4822 μὲν
595 4748 731 4822 γὰρ,
761 4749 1138 4822 ἐγηγερμένος
1169 4749 1236 4804 ὲκ
1275 4747 1524 4819 νεκρῶν,
1558 4745 1701 4802 κο.τά
1725 4745 1844 4816 τὴν

238 4838 434 4911 ὀγδόην.
469 4841 770 4913 Τοιγάρτοι
799 4843 896 4896 καὶ
935 4841 1017 4905 είς
1045 4841 1198 4911 ἡμᾶς
1233 4838 1440 4911 ἠνέχθη
1485 4838 1548 4893 τὸ
1583 4838 1825 4909 πνεῦμα,

239 4929 320 4983 καὶ
365 4933 423 4986 έν
448 4932 606 4997 αὐτῷ
633 4929 1092 5004 περιτετμήμεθα
1121 4932 1394 5001 περιτομῇ
1421 4928 1828 5002 ἀχειροποιήτῳ

238 5021 322 5075 καὶ
343 5026 532 5096 νοητῇ.
579 5023 825 5080 ’Δνδάνει
863 5021 974 5094 γὰρ
1005 5012 1164 5084 οὗτος
1193 5019 1316 5091 Θεῷ
1337 5019 1437 5091 τῆς
1466 5020 1773 5092 περιτομῆς
1798 5021 1828 5074 6

234 5113 441 5184 τράπος.
465 5117 584 5170 Καὶ
602 5115 736 5186 γοῦν
761 5117 792 5170 6
816 5113 1105 5178 θεσπέσιος
1132 5113 1350 5178 Παῦλος
1392 5106 1496 5167 ὧδέ
1524 5112 1600 5184 πή
1635 5128 1823 5183 φησιν·

241 5222 257 5256 ι
289 5209 359 5262 οὐ
392 5209 502 5282 γάρ
535 5213 567 5266 6
593 5212 649 5264 ὲν
673 5208 754 5280 τῷ
775 5205 1003 5280 φανερῷ
1043 5205 1296 5268 Ἰουδαῖός
1326 5206 1496 5262 ἐστιν.
1545 5204 1667 5258 οὐδὲ
1699 5206 1733 5276 ή
1768 5206 1829 5259 έν

1933 4554 2146 4610 Idcirco
2177 4552 2346 4608 etiam
2387 4552 2444 4607 in
2487 4567 2592 4607 nos
2633 4551 2936 4606 translatus
2972 4558 3058 4604 est
3090 4549 3350 4620 Spiritus,
3383 4561 3438 4607 et
3470 4551 3529 4608 in

1932 4647 2055 4719 ipso
2070 4645 2385 4702 circumcisi
2405 4659 2600 4701 sumus
2612 4641 3163 4699 circumcisionenon
3177 4657 3341 4697 manu
3363 4641 3528 4710 facta,

1932 4741 2031 4798 sed
2057 4737 2356 4810 spirituali.
2391 4737 2494 4793 llic
2515 4736 2665 4792 enim
2708 4734 3151 4791 circumcisionis
3189 4736 3385 4792 modus
3415 4737 3533 4799 Deo,

1933 4833 2134 4903 placet.
2151 4830 2318 4901 Atqui
2344 4829 2566 4886 divinus
2583 4829 2789 4884 Paulus
2811 4827 2942 4884 alibi
2970 4827 3046 4883 ita
3074 4828 3152 4884 ait
3175 4845 3188 4880 :
3205 4847 3222 4879 ι
3241 4827 3360 4883 Non
3378 4829 3532 4889 enim

1934 4925 2030 4997 qui
2049 4924 2108 4979 in
2121 4922 2417 4979 manifesto
2431 4921 2656 4977 Iudaeus
2682 4927 2785 4984 est,
2807 4935 2990 4990 neque
3017 4935 3140 4990 qua:
3165 4919 3217 4973 in
3235 4919 3528 4976 manifesto

1929 5019 1988 5074 in
1998 5032 2165 5074 carne
2181 5025 2267 5072 est
2282 5013 2654 5079 circumcisio;
2674 5012 2768 5066 sed
2789 5011 2881 5082 qui
2898 5011 2951 5064 in
2968 5009 3290 5064 abscondito
3305 5007 3528 5066 Judmus

1933 5118 2020 5169 est
2036 5108 2460 5168 etcircumcisio
2485 5105 2668 5162 cordis
2689 5103 2743 5159 in
2765 5102 2986 5173 Spiritu,
3007 5117 3118 5156 non
3136 5099 3529 5174 litterazcujus

1929 5203 2051 5261 laus
2088 5219 2201 5258 non
2234 5217 2302 5257 ex
2333 5198 2676 5260 hominibus,
2708 5195 2805 5252 sed
2852 5211 2919 5250 ex
2961 5195 3073 5250 Deo
3100 5203 3186 5249 est
3204 5193 3275 5250 ³⁷.
3308 5212 3328 5246 ι

234 5295 306 5369 τῷ
331 5302 553 5374 φανερῷ
579 5304 639 5357 έν
665 5302 834 5374 σαρκὶ
864 5301 1159 5373 περιτομὴ,
1189 5298 1305 5354 ἀλλ’
1333 5299 1365 5353 6
1395 5300 1454 5354 ἐν
1519 5297 1599 5370 τῷ
1664 5298 1898 5372 κρυπτῷ
1947 5299 2220 5363 Ἰουδαῖος,
2259 5295 2355 5352 κα)⁸
2397 5291 2671 5366 περιτομὴ
2722 5288 2953 5362 καρδίας
3002 5291 3060 5343 ὲν
3108 5287 3415 5361 πνεύματι,
3465 5288 3530 5354 οὔ

234 5391 531 5463 γράμματι.
569 5385 644 5447 Οὖ
673 5395 703 5448 6
741 5392 966 5455 ιπαινος
997 5393 1102 5447 οὐκ
1148 5391 1210 5458 ἐξ
1241 5388 1570 5463 ἀνθρώπων,
1605 5390 1724 5444 ἀλλ’
1754 5393 1820 5445 ὲκ
1858 5391 1952 5446 τοῦ
1984 5389 2144 5445 Θεοῦ.
2187 5405 2206 5440 ›

299 5479 349 5538 ι’.
382 5483 807 5557 ’Δπρακτούσης
829 5484 890 5538 δέ
918 5484 999 5537 ὅτι
1024 5483 1124 5554 τῆς
1149 5485 1208 5538 ὲν
1234 5483 1389 5556 νόμῳ
1417 5483 1698 5554 λατρείας,
1727 5482 1826 5538 καὶ

238 5574 672 5652 κατακρατούσης
697 5577 802 5649 ήδη
830 5576 930 5648 τῆς
961 5576 1087 5643 νέας
1114 5577 1208 5631 καὶ
1230 5579 1290 5631 ὲν
1316 5574 1564 5648 Χριστῷ,
1591 5575 1684 5630 καὶ
1715 5575 1826 5630 τῶν

328 5751 532 5828 ⁸⁸βειι.
563 5771 669 5828 xvr,
689 5753 746 5812 9.

2005 5482 2094 5537 10.
2137 5478 2295 5548 Quod
2322 5493 2453 5533 vero
2481 5485 2729 5533 cessante
2759 5475 2912 5531 cultu
2935 5473 3118 5546 legali,
3146 5481 3202 5529 et
3228 5471 3528 5543 imperium

1932 5561 2220 5632 obtinente
2252 5586 2398 5626 novo
2434 5585 2534 5642 per
2568 5567 2878 5634 Christum,
2909 5565 3272 5638 ﬁdelibusque
3306 5559 3525 5638 populi;

865 5752 1068 5811 “Gen.
1095 5769 1225 5822 xvu,
1268 5753 1357 5811 14.
1402 5824 1412 5831 _
1476 5753 1522 5787 "
1552 5752 1827 5820 Joau.xx,

1938 5790 1952 5803 .
2030 5750 2074 5784 "
2105 5749 2260 5807 Joan.
2286 5763 2382 5816 vn,
2409 5745 2499 5803 '59.
2577 5745 2622 5779 ⁸⁷
2655 5745 2816 5802 Rom.
2844 5759 2904 5812 ιι,
2923 5741 3018 5801 28.
