4092 6476
144 15 957 111 W

312 431 427 486 gl}?
1335 427 1862 478 οιΑιδιιὶιιοιιοω

2008 427 2313 480 (ἱΕΜέὃΙΜ
2350 427 2479 483 LIB.
2521 428 2608 484 lll.

3483 433 3585 487 138

333 538 595 616 γουμένως
617 537 741 601 τοὺς
768 536 964 605 ἁγίους
1007 536 1341 601 ἀποστόλους
1382 538 1477 591 καὶ
1510 536 1892 606 εὑαγγελιστάς

2002 537 2225 595 divinus
2250 540 2452 597 Paulus
2482 543 2557 598 ita
2583 544 2775 599 scribit
2800 563 2811 597 :
2849 564 2867 597 ι
2898 545 3167 611 Quoniam
3203 548 3425 604 tristitia
3451 552 3586 605 mihi

330 635 593 690 ἐκπίπτων
639 631 666 683 6
724 629 968 701 Ἰσραήλ.
1019 627 1166 701 Πλὴν
1210 629 1636 698 ἀπενοσεφίζοντο
1664 630 1767 684 καὶ
1799 629 1899 701 οὐχ

330 728 529 789 ἑκόντες
554 722 740 786 αὐτοῦ,
776 724 866 777 διά
892 741 975 777 τοι
1001 723 1062 777 τὸ
1094 722 1172 794 τῷ
1203 722 1324 794 Θεῷ
1355 722 1547 777 δοκοῦν
1571 723 1668 778 καὶ
1690 724 1788 794 τὴν
1820 725 1900 786 εἰς

327 817 545 891 Χριστὸν
564 817 861 887 ἀγάπησιν.
882 817 993 869 Καὶ
1014 815 1146 885 γοῦν
1172 817 1200 868 6
1222 814 1506 881 θεσπέσιος
1527 816 1730 889 γράφει
1750 817 1899 871 Παῦ-

326 913 423 974 λος,
456 929 474 961 ι
512 910 634 963 Ὅτι
674 908 819 980 λύπη
866 909 958 979 μοι
988 911 1104 962 ἐστι
1148 909 1382 980 μεγάλη,
1421 909 1515 962 καὶ
1557 908 1899 973 ἀδιάλειπτος

324 1001 464 1072 ὀδύνη
487 1002 553 1071 τῇ
589 998 786 1071 καρδίᾳ
822 1016 947 1070 μου.
996 999 1259 1070 Ηύχόμην
1291 999 1400 1071 γὰρ
1428 1000 1590 1064 αὐτὸς
1619 999 1729 1070 ἐγὼ
1767 1001 1899 1055 ἀνά-

323 1092 450 1163 θεμα
481 1087 619 1144 εἶναι
643 1090 752 1143 ἀπὸ
777 1088 1043 1162 Χριστοῦ,
1065 1089 1205 1160 ὑπὲρ
1230 1090 1337 1141 τῶν
1369 1090 1611 1160 ἀδελφῶν
1637 1091 1744 1144 τῶν
1768 1108 1898 1160 συγ-

320 1184 481 1255 γενῶν
510 1200 612 1253 μου
641 1181 753 1236 τῶν
803 1181 949 1236 κατά
977 1181 1178 1254 σάρκα,
1219 1181 1413 1244 οἵτινές
1450 1185 1587 1236 εἰσιν
1627 1183 1894 1255 Ἰσραηλῖο

320 1292 413 1329 ται.
439 1293 458 1328 ›
498 1274 887 1345 Ἀπόπεμπτος
909 1273 967 1326 δὲ
981 1273 1251 1344 γενομένη
1282 1276 1315 1344 ἡ
1345 1273 1457 1327 τῶν
1490 1274 1760 1329 Ἰουδαίων
1792 1276 1896 1348 μή-

320 1386 432 1439 τηρ,
479 1368 726 1437 μακροὺς
760 1365 1036 1419 ἐπλανᾶτο
1074 1365 1300 1436 χρόνους
1321 1383 1335 1397 ο
1368 1368 1463 1421 καὶ
1512 1367 1895 1422 κεκινδύνευκε

324 1461 411 1530 μὲν
426 1459 720 1512 ἀπολέσθαι
760 1457 949 1512 λοιπὸν
990 1458 1071 1521 εἰς
1101 1458 1158 1510 τὸ
1185 1458 1474 1523 παντελές.
1504 1459 1618 1513 ἀλλ’
1643 1462 1692 1513 εἰ
1725 1478 1897 1533 κραυ-

319 1551 523 1618 γάσειαν
556 1548 901 1611 ἀναϐοῶντες
937 1547 1077 1601 κατὰ
1114 1549 1341 1620 καιροὺς
1371 1548 1505 1619 πρὸς
1533 1549 1687 1616 Θεὸν,
1718 1550 1894 1622 πάντη

319 1661 371 1697 τε
410 1644 499 1697 καὶ
537 1643 760 1705 πάντως
799 1640 1209 1713 ἐλεηθήσονται.
1261 1642 1527 1708 Διανοίξει
1570 1642 1679 1716 γάρ
1715 1643 1895 1698 αὐτῶν

316 1734 402 1806 τῆς
428 1716 661 1798 διανοίας
692 1735 821 1796 τοὺς
851 1733 1186 1805 ὀφθαλμοὺς,
1220 1735 1316 1788 καὶ
1354 1734 1577 1804 ὄψονται
1613 1735 1710 1789 καλ⁸
1743 1736 1897 1790 αὐτοὶ

314 1827 403 1899 τὴν
440 1828 622 1898 πηγὴν
652 1825 752 1881 τοῦ
793 1826 1000 1892 ζῶντος
1040 1825 1266 1894 ὓδατος,
1298 1827 1578 1890 τουτέστι,
1615 1828 1850 1900 Χριστόν
1878 1845 1891 1857 ·

316 1921 397 1974 καὶ
415 1918 474 1991 δὴ
498 1921 590 1973 καὶ
612 1920 856 1984 πιόντες,
884 1921 944 1973 ἐν
964 1918 1112 1990 αὐτῷ
1137 1918 1416 1991 ζήσονται.
1465 1919 1807 1992 Λουσάμενοι
1833 1937 1892 1973 τε
1926 1949 1970 2009 Β

316 2013 398 2066 καὶ
438 2013 671 2083 καθαροὶ
711 2013 1068 2083 γενήσονται,
1123 2011 1266 2066 κατά
1309 2012 1411 2085 τὴν
1456 2011 1550 2066 τοῦ
1610 2013 1890 2084 προφήτου

308 2084 499 2175 ξωνήν.
532 2106 656 2157 ὐτ-ι
686 2103 743 2156 δέ
772 2104 892 2156 ἐστι
921 2102 1073 2174 πηγὴ
1113 2101 1259 2173 ζωῆς
1288 2104 1316 2154 ὁ
1347 2084 1601 2173 Χριστὸς,
1638 2103 1894 2171 σαφηνιεί

314 2195 464 2264 λέγων
492 2198 520 2250 ὁ
540 2195 858 2266 Ψαλμῳδὸς
893 2197 1030 2266 πρὸς
1062 2193 1154 2247 τὸν
1189 2194 1247 2247 ἐν
1268 2194 1518 2265 οὐρανοῖς
1546 2191 1768 2264 Πατέρα
1798 2192 1893 2246 καὶ

314 2288 457 2343 θεόν·
513 2308 533 2341 ι
584 2289 681 2352 Ὧς
720 2287 1030 2360 ἐπλήθυνας
1069 2286 1131 2339 τὸ
1165 2285 1313 2349 ἔλεός
1344 2302 1439 2338 σου
1472 2287 1500 2339 6
1541 2283 1704 2349 856;!
1740 2285 1790 2337 oi
1834 2283 1893 2339 δὲ

314 2382 404 2434 υἱοὶ
444 2382 551 2433 τῶν
598 2378 935 2451 ἀνθρώπων,
984 2379 1042 2432 ἐν
1091 2377 1271 2450 σκέπῃ
1303 2376 1414 2431 τῶν
1457 2374 1746 2448 πτερύγων
1797 2392 1891 2429 σου

313 2470 565 2525 ἐλπιοῦσιν
597 2469 1037 2541 μεθυσθήσοντκι
1065 2467 1175 2522 ἀπὸ
1198 2467 1452 2538 πιότητος
1481 2465 1630 2520 οἴκου
1658 2482 1772 2534 σου,
1797 2465 1894 2519 καὶ

309 2564 387 2619 τὸν
412 2566 754 2637 χειμάρρουν
785 2563 885 2633 τῆς
920 2562 1136 2634 τρυφῆς
1166 2578 1260 2616 σου
1305 2561 1513 2624 ποτιεῖς
1550 2560 1780 2627 αὐτοὺς,
1809 2560 1892 2614 ὅτι

2001 644 2198 701 magna
2228 642 2333 697 est,
2360 641 2416 687 et
2445 632 2740 689 continuus
2772 633 2929 689 dolor
2961 636 3114 690 cordi
3146 652 3289 693 meo.
3318 637 3586 710 Optabam

1999 719 2148 773 enim
2186 735 2287 791 ego
2320 721 2436 792 ipse
2469 723 2762 779 anathema
2795 740 2916 781 esse
2947 742 2978 780 a
3007 724 3228 782 Christo
3265 743 3366 798 pro
3395 728 3587 785 fratri-

2000 811 2106 866 bus
2132 813 2291 875 meis,
2319 813 2413 883 qui
2447 824 2576 870 sunt
2613 818 2829 888 cognati
2862 817 2970 872 mei
3004 820 3305 875 secundum
3340 837 3586 889 carnem,

1999 905 2093 975 qui
2122 913 2249 960 sunt
2271 905 2533 962 lsraclitae
2552 908 2619 960 ³9.
2655 928 2673 961 ›
2701 910 2888 979 Ejecta
2912 910 3096 981 itaque
3128 912 3444 971 Iudaeorum
3469 932 3585 971 ma-

2000 1004 2085 1049 ter
2130 994 2306 1050 multo
2363 1004 2611 1067 tempore
2648 999 2874 1063 erravit,
2915 1009 2971 1056 et
3011 1002 3317 1070 periclitata
3362 1006 3585 1075 quidem

1997 1092 2102 1148 est,
2136 1099 2206 1139 ne
2238 1084 2294 1139 in
2325 1085 2646 1141 universum
2682 1087 2911 1158 periret.
2942 1089 3215 1147 Caeterum
3255 1093 3299 1148 si
3334 1096 3596 1165 plorave-

1998 1175 2111 1230 rint
2132 1177 2431 1233 clamantes
2450 1194 2710 1237 successu
2736 1186 3000 1252 temporis
3037 1185 3106 1240 ad
3141 1187 3335 1254 Deum,
3370 1190 3588 1244 miseri—

1996 1270 2240 1326 cordiam
2266 1270 2492 1326 omnino
2522 1282 2955 1343 consequentur.
2972 1275 3197 1346 Aperiet
3218 1279 3586 1336 enim‘eorum

1997 1363 2201 1419 mentis
2230 1365 2443 1430 oculos,
2462 1364 2842 1437 videbuntque
2868 1371 3034 1422 etiam
3068 1369 3175 1440 ipsi
3199 1370 3407 1428 fontem
3430 1391 3589 1445 aqua

1997 1455 2256 1521 viventis,
2276 1455 2382 1512 hoc
2406 1467 2491 1512 est
2507 1456 2811 1526 Christum,
2850 1467 2906 1515 et
2928 1459 3183 1518 bibentes
3203 1463 3257 1518 in
3273 1480 3340 1520 eo
3359 1465 3548 1522 vivent
3568 1508 3584 1533 ,

1998 1547 2281 1618 ablutique
2305 1549 2498 1603 mundi
2524 1549 2857 1617 efﬁcientur,
2874 1554 3030 1624 juxta
3058 1555 3343 1625 propheta:
3368 1572 3596 1614 vocem--

1997 1637 2155 1706 Quod
2172 1655 2305 1694 vero
2337 1641 2409 1695 sit
2432 1642 2555 1695 fons
2581 1643 2707 1698 vitae
2732 1642 2988 1699 Christus
3011 1645 3252 1701 declarat
3271 1647 3585 1712 Psalmista,

2000 1730 2192 1786 dicens
2217 1732 2283 1786 ad
2312 1732 2527 1787 Patrem
2555 1735 2833 1789 caelestem
2860 1750 2923 1790 ac
2952 1737 3153 1791 Deum:
3181 1756 3199 1788 ι
3216 1737 3586 1804 Quemadmo-

1964 1818 1977 1829 ’
1999 1821 2132 1876 dum
2168 1822 2546 1893 multiplicasti
2582 1826 3015 1882 misericordiam
3040 1835 3211 1895 tuam,
3249 1830 3397 1885 Deus
3434 1849 3447 1884 :
3488 1830 3584 1886 filii

1997 1920 2183 1968 autem
2209 1912 2500 1968 hominum
2533 1915 2589 1969 in
2618 1915 2860 1986 tegmine
2894 1918 3107 1972 alarum
3136 1925 3358 1973 tuarum
3394 1935 3585 1991 spera-

1999 2004 2157 2060 bunt.
2185 2005 2616 2062 Inebriabuntur
2641 2009 2710 2064 ab
2746 2010 3000 2065 ubertate
3024 2011 3221 2067 domus
3247 2020 3356 2067 tua:
3378 2020 3435 2068 et
3473 2020 3586 2068 tor-

1999 2104 2161 2153 rente
2211 2098 2514 2168 voluptatis
2539 2107 2648 2155 tuze
2677 2101 2896 2171 potabis
2928 2117 3045 2169 eos,
3078 2103 3208 2174 quia
3235 2104 3380 2175 apud
3418 2112 3470 2161 te
3502 2116 3588 2162 est

1995 2188 2120 2245 fons
2147 2190 2274 2247 vitae
2307 2190 2374 2244 ⁶⁰.
2404 2210 2423 2242 ι
2461 2191 2659 2248 Nullus
2682 2200 2867 2249 autem
2891 2202 3094 2266 praeter
3127 2195 3278 2251 hunc
3310 2206 3393 2252 est
3419 2213 3586 2269 quam

1996 2280 2274 2349 Christus,
2300 2298 2399 2355 per
2431 2298 2597 2354 quem
2625 2292 2831 2341 etcum
2860 2303 2970 2358 quo
2992 2287 3105 2341 Deo
3133 2304 3197 2344 ac
3226 2288 3374 2344 Patri
3414 2291 3585 2362 gloria

1996 2382 2053 2429 et
2079 2375 2327 2446 potentia
2356 2390 2483 2430 cum
2509 2385 2721 2443 sancto,
2751 2385 2807 2433 et
2830 2379 3287 2435 consubstantiali
3318 2381 3513 2453 ipsius,
3531 2395 3584 2437 et

1998 2466 2310 2523 vivificante
2351 2466 2561 2539 Spiritu
2597 2468 2654 2525 in
2687 2470 2873 2526 omnia
2911 2487 2975 2527 ac
3008 2473 3345 2544 sempiterna
3389 2476 3585 2532 saecula

1997 2561 2347 2617 saeculorum.
2383 2560 2578 2618 Amen.

309 2659 442 2730 παρὰ
466 2661 546 2711 σοὶ
571 2655 737 2729 πηγὴ
767 2654 935 2727 ζωῆς.
973 2675 991 2709 ι
1032 2657 1145 2727 Οὐχ
1170 2655 1360 2726 ἔτερος
1384 2653 1441 2708 δὲ
1474 2653 1626 2726 παρά
1657 2653 1886 2724 ταύτην,
1922 2652 1957 2724 ἢ
1985 2654 2015 2707 6
2046 2654 2299 2726 Χριστός.
2342 2656 2419 2711 Δι’
2486 2650 2548 2711 οὗ
2616 2660 2710 2712 καὶ
2747 2659 2865 2731 μεθ’
2899 2652 2961 2716 οὗ
2992 2659 3070 2731 τῷ
3119 2660 3240 2731 Θεῷ
3271 2661 3366 2715 καὶ
3409 2662 3585 2734 [largi

307 2749 488 2824 ἠδόξει
531 2751 635 2805 καὶ
697 2750 759 2803 τὸ
819 2748 1056 2817 κράτος,
1100 2751 1199 2804 σὺν
1236 2748 1315 2819 τῷ
1362 2746 1503 2819 ἁγίῳ
1550 2748 1645 2802 καὶ
1684 2748 1957 2821 όμοουσίῳ
1994 2748 2158 2804 αὑτοῦ
2192 2750 2287 2807 καὶ
2331 2750 2584 2820 ζωοποιῷ
2630 2752 2948 2824 Πνεύματι,
2995 2757 3075 2821 εἰς
3106 2757 3234 2821 τοὺς
3268 2754 3586 2828 σύμπαντας

304 2848 389 2906 καὶ
413 2848 811 2921 ἀτελευτήτους
847 2844 1052 2912 αἰῶνας
1090 2843 1201 2899 τῶν
1235 2842 1465 2898 αἰώνων.
1514 2843 1705 2915 Ἀμήν.

495 2982 652 3052 Περὶ
695 2980 805 3036 τοῦ
859 2978 1107 3048 Ἀϐραὰμ
1150 2978 1248 3032 καὶ
1296 2977 1402 3032 τοῦ
1450 2975 1676 3031 Ἰσαάκ.

367 3128 433 3178 α’.
465 3141 485 3173 ι
519 3119 642 3176 Καὶ
675 3119 896 3188 ἐγένετο
934 3116 1073 3187 μετὰ
1102 3115 1171 3170 τά
1204 3116 1425 3187 ῥήματα
1453 3113 1659 3179 ταῦτα,
1697 3113 1728 3166 6
1760 3111 1893 3177 Θεὸς

303 3211 548 3286 ἐπείραζε
620 3211 714 3265 τὸν
777 3206 1066 3280 Ἀϐραὰμ,
1130 3206 1225 3259 καὶ
1289 3199 1412 3258 εἷπε
1481 3203 1620 3276 πρὸς
1681 3202 1889 3257 αὐτόν·

315 3304 572 3377 Ἀϐραὰμ,
609 3301 889 3373 Ἀϐραάμ.
917 3299 977 3352 'U
993 3298 1049 3352 δὲ
1064 3293 1244 3351 εἶπεν
1286 3296 1417 3350 Ἰδοὺ
1440 3294 1551 3365 ἐγώ
1570 3335 1584 3349 .
1610 3294 1723 3348 Καὶ
1747 3289 1890 3347 εἴπεο

302 3396 435 3452 Λάϐε
466 3396 557 3450 τὸν
585 3394 712 3449 υἱόν
752 3410 848 3446 σου
887 3393 980 3445 τὸν
1005 3387 1319 3460 ἀγαπητὸν,
1352 3387 1413 3442 ὃν
1442 3387 1768 3459 ἠγάπησας,
1799 3384 1891 3439 τὸν

315 3489 504 3556 Ἰσαὰκ,
534 3489 640 3543 καὶ
676 3484 976 3558 πορεύθητι
1007 3485 1087 3549 εἰς
1118 3484 1219 3556 τὴν
1248 3484 1354 3555 γῆν
1381 3482 1481 3552 τὴν
1521 3480 1733 3553 ὑψηλὴν
1752 3522 1766 3542 ,
1799 3480 1893 3532 καὶ

305 3580 545 3652 ἀνένεγκε
592 3579 768 3636 αὑτὸν
818 3580 901 3643 εἰς
941 3577 1321 3650 ὁλοκάρπωσιν
1360 3574 1446 3645 ἐφ’
1474 3574 1532 3628 ἐν
1573 3574 1683 3627 τῶν
1719 3573 1891 3645 ὀρέων

303 3668 368 3728 ὧν
393 3675 455 3730 ἄν
481 3693 563 3730 σοι
598 3674 764 3729 εἴπω.
800 3692 820 3725 ›
845 3672 1084 3726 Τοιαῦτα
1110 3672 1210 3744 μὲν
1233 3670 1298 3743 δὴ
1326 3669 1396 3724 τὰ
1421 3668 1606 3723 θεόθεν
1640 3667 1889 3738 διηγγελ-

308 3767 451 3837 μένα.
478 3767 647 3839 Ἀμελ
657 3764 828 3839 [λ[ητὶ
845 3760 939 3819 οὖν
963 3766 991 3817 6
1008 3763 1214 3827 δίκαιος
1231 3761 1495 3828 ἐπισάξας
1531 3761 1629 3832 τὴν
1648 3760 1769 3813 δνον
1796 3760 1891 3814 αὑ-

303 3857 409 3925 τοῦ,
424 3859 565 3914 καθά
588 3858 931 3929 γέγραπται,
949 3855 1093 3909 δυοῖν
1109 3855 1166 3909 δὲ
1191 3854 1374 3927 μόνοιν
1402 3854 1643 3908 οἰκέταιν
1659 3850 1889 3906 ἕπεσθαι

302 3949 529 4017 διειπὼν,
575 3952 681 4006 καὶ
713 3949 806 4003 τὸν
852 3946 1137 4018 ἀγαπητὸν
1184 3945 1443 4019 ἀρπάσας
1476 3945 1611 4010 υἱὸν,
1662 3944 1756 3997 ἐπί
1791 3941 1889 4014 τῆν

305 4041 480 4098 θυσίαν
504 4043 705 4115 ᾤχετο.
745 4037 967 4110 Ἐπειδὴ
988 4038 1044 4092 δὲ
1068 4040 1148 4101 εἰς
1172 4038 1262 4091 τὸν
1290 4037 1433 4115 ἱερὸν
1457 4036 1663 4089 ἐκεῖνον
1692 4037 1889 4104 ἀφῖκτο

303 4136 467 4206 χῶρον
497 4112 665 4207 τ’ρέτῃ
712 4132 867 4204 μόλις
911 4130 1097 4202 ἡμέρᾳ
1121 4170 1135 4195 ,
1175 4149 1194 4181 ι
1230 4112 1509 4181 Καθίσατε
1544 4125 1710 4181 αὑτοῦ
1749 4125 1889 4198 μετά

302 4227 393 4299 τῆς
419 4228 560 4294 δνου,
592 4247 614 4280 ι
638 4228 750 4290 τοῖς
786 4222 1030 4287 οἰκέταις
1061 4220 1226 4292 φησιν
1245 4237 1291 4272 ἰ
1314 4218 1423 4289 ἐγὼ
1455 4219 1511 4273 δὲ
1531 4220 1624 4273 καὶ
1662 4218 1723 4272 τὸ
1763 4235 1888 4272 παι-

300 4319 469 4393 δάριον
515 4314 914 4388 διελευσόμεθα
951 4314 1057 4377 ἕως
1107 4307 1241 4377 ὧδε,
1279 4312 1374 4365 καὶ
1408 4312 1889 4383 προσκυνήσαντες

300 4413 702 4485 ἀναστρέφομεν
729 4409 867 4482 πρὸς
898 4408 1062 4478 ὑμᾶς.
1099 4426 1118 4459 ι
1162 4404 1551 4478 Ἐπιφορτίσας
1573 4403 1629 4456 δὲ
1658 4402 1749 4456 τὸν
1772 4403 1887 4455 υἱὸν

299 4508 400 4570 τοῖς
426 4508 502 4570 εἰς
526 4504 918 4575 όλοκάρπωσιν
943 4498 1141 4566 ξύλοις,
1168 4500 1262 4551 καὶ
1291 4495 1532 4568 βαδίζειν
1561 4495 1735 4559 οὕτως
1759 4495 1889 4549 ἀνα-

296 4598 478 4663 πείσας
500 4637 516 4664 ,
544 4593 857 4669 ἠκολούθει.
905 4591 1124 4663 Ἐπειδὴ
1149 4591 1207 4644 δὲ
1239 4591 1301 4645 τὸ
1336 4588 1625 4660 παιδάριον
1658 4589 1890 4641 ἀνεπυν-

302 4689 480 4745 θάνετο
502 4690 601 4744 τοῦ
636 4685 866 4758 πατρὸς,
891 4684 1048 4754 λέγον
1068 4701 1082 4715 ο
1109 4702 1128 4736 ι
1155 4684 1286 4738 Ἰδοὺ
1312 4683 1371 4736 τὸ
1396 4681 1508 4754 πῦρ
1535 4682 1629 4736 καὶ
1650 4680 1719 4735 τά
1736 4680 1887 4746 ξύλα,

301 4782 395 4835 ποῦ
438 4782 555 4836 ἐστι
602 4779 668 4834 τὸ
711 4777 984 4851 πρόϐατον
1035 4778 1115 4840 εἰς
1153 4775 1569 4847 ὁλοκάρπωσιν;
1631 4774 1689 4827 Ὀ
1731 4772 1884 4838 Θεὸς,

300 4875 474 4945 φησιν,
534 4872 731 4944 δψεται
792 4866 968 4939 ἐαυτῷ
1023 4865 1296 4936 πρόϐατον
1352 4867 1433 4928 εἰς
1484 4864 1885 4935 όλοκάρπωσιν,

297 4966 529 5023 τέκνον.»
567 4962 1031 5033 ’Δναδειμάμενος
1056 4959 1192 5013 δὲτὸ
1220 4959 1364 5012 θεῖον
1390 4959 1569 5012 ἐκεῖνο
1597 4954 1888 5026 θυσιαστή-

304 5074 437 5128 pm,
483 5056 820 5129 ἐπισωρεύει
852 5055 921 5109 τὰ
955 5050 1107 5118 ξύλα.
1150 5050 1572 5122 Συμποδίσαντα
1614 5047 1674 5103 δὲ
1701 5049 1795 5103 καὶ
1826 5047 1888 5102 τὸ

304 5148 580 5220 μειράκιον
613 5149 701 5201 ἐπ’
732 5147 938 5209 αὐτοῖς,
964 5142 1060 5197 καὶ
1087 5142 1153 5213 δὴ
1183 5141 1277 5215 θεαὶ
1304 5137 1405 5211 τῆς
1439 5139 1716 5211 μαχαίρας
1741 5140 1890 5192 ἐπει-

298 5238 605 5314 λημμένον,
635 5239 876 5310 ἀγγέλου
917 5234 1206 5290 διακωλύει
1241 5231 1414 5305 φωνὴ,
1460 5231 1536 5302 μὴ
1574 5230 1638 5302 δὴ
1686 5230 1886 5302 χρῆναι

300 5331 523 5402 λέγουσα
552 5333 614 5387 τὸ
645 5330 934 5402 παιδάριον
958 5327 1330 5396 ἀποσφάττειν
1361 5323 1522 5378 αὐτόν
1546 5363 1560 5377 .
1587 5321 1887 5392 ἐγνωκέναι

300 5427 402 5498 γὰρ
422 5428 513 5481 τὸν
540 5426 675 5481 Θεὸν
718 5424 822 5496 ἥδη
850 5422 952 5494 τὴν
994 5419 1411 5490 ἐνυπάρχουσαν
1444 5413 1594 5487 αὐτῷ
1628 5413 1887 5503 πρόθεσιν

300 5515 526 5590 ἀγαθήν.
570 5514 703 5572 Εἶτα
747 5514 905 5586 κριὸν
950 5511 1057 5567 τῶν
1107 5509 1374 5582 κεράτων·
1411 5507 1782 5578 ἐξηρτημένον
1829 5507 1888 5559 ὲν

303 5610 449 5680 φυτῷ
486 5608 667 5664 Σαϐἐκ
707 5604 946 5662 κατιδὼν
977 5605 1005 5658 6
1035 5603 1241 5665 δίκαιος
1262 5639 1277 5662 .
1313 5598 1622 5670 ἀναπληροῖ
1648 5597 1749 5672 τὴν
1789 5598 1886 5653 θυ-

305 5701 451 5769 σίαν,
479 5702 603 5756 ἀντὶ
640 5700 738 5755 τοῦ
781 5696 970 5760 παιδὸς
1004 5696 1294 5767 ἀναφέρων
1340 5692 1521 5747 αὐτόν.
1562 5692 1789 5746 Κάτεισι
1830 5691 1884 5745 δὲ

2469 2972 2548 3026 De
2571 2972 2840 3028 Abraham
2868 2983 2918 3029 et
2944 2975 3120 3032 Isaac.

2070 3107 2122 3160 1.
2160 3125 2178 3158 ‹
2208 3106 2278 3162 Ει
2326 3106 2531 3161 factum
2568 3115 2652 3163 est
2694 3116 2819 3179 post
2839 3110 3005 3165 verba
3025 3111 3161 3178 haec,
3185 3113 3331 3170 Deus
3358 3119 3589 3173 tentavit

1995 3200 2296 3266 Abraham,
2320 3209 2377 3256 et
2397 3200 2631 3255 dixitei:
2658 3200 2956 3269 Abraham,
2986 3204 3282 3262 Abraham.
3302 3208 3374 3264 Et
3401 3209 3542 3264 dixit
3571 3230 3583 3265 :

1994 3293 2137 3349 Ecce
2164 3308 2300 3364 ego;
2340 3295 2450 3365 83
2488 3301 2544 3349 et
2579 3293 2718 3348 dixit
2743 3313 2755 3348 :
2780 3293 2983 3368 Accipe
3034 3296 3209 3353 ﬁlium
3253 3307 3407 3357 tuum
3447 3302 3587 3359 dile-

1997 3392 2168 3449 ctum,
2210 3398 2377 3453 quem
2425 3382 2691 3450 dilexisti,
2734 3384 2904 3452 Isaac,
2935 3396 2992 3442 et
3018 3388 3154 3443 vade
3182 3389 3239 3445 in
3269 3398 3470 3447 terram
3491 3406 3589 3448 ex-

1997 3477 2222 3540 celsam,
2250 3482 2306 3531 et
2325 3476 2463 3532 offer
2489 3492 2615 3531 eum
2634 3477 2710 3532 ibi
2733 3477 2789 3532 in
2818 3478 3201 3549 holocaustum
3229 3497 3396 3554 super
3414 3500 3589 3540 unum

1996 3568 2289 3634 montium,
2327 3585 2467 3639 quos
2499 3569 2598 3624 tibi
2626 3569 2817 3625 dixero
2848 3570 2914 3625 ⁶¹.
2949 3591 2967 3622 ι
3010 3573 3189 3644 Atque
3223 3574 3340 3631 base
3366 3576 3588 3647 quidem

1997 3659 2271 3715 divinitus
2313 3660 2591 3718 mandata.
2643 3661 2836 3718 Justus
2882 3678 3017 3719 vero
3067 3665 3344 3723 Abraham
3395 3669 3589 3725 incun-

1996 3760 2211 3806 ctanter
2236 3760 2407 3807 strato
2429 3752 2585 3808 asino
2617 3769 2737 3820 suo,
2762 3767 2825 3810 ut
2848 3753 2924 3810 ibi
2953 3756 3220 3828 scriptum
3240 3768 3343 3827 est,
3371 3761 3589 3818 duobus

1996 3849 2211 3898 tantum
2249 3841 2470 3900 famulis
2496 3858 2686 3899 secum
2722 3846 3040 3918 assumptis,
3075 3857 3409 3921 acceptoque
3448 3852 3590 3909 dile-

1996 3947 2084 3995 cto
2113 3936 2223 3995 filio
2242 3955 2343 3996 suo
2369 3938 2538 4006 Isaac,
2565 3939 2631 3997 ad
2652 3939 2978 3995 sacrificium
3002 3940 3257 3998 ducebat.
3293 3943 3588 4015 Postquam

1995 4046 2129 4087 vero
2176 4032 2245 4088 ad
2304 4041 2556 4088 sanctum
2603 4032 2757 4086 illum
2806 4032 2987 4088 locum
3029 4034 3392 4105 pervenisset,
3426 4037 3589 4093 tertia

2002 4125 2227 4181 vixdum
2272 4126 2362 4182 die
2401 4126 2542 4181 dixit
2576 4127 2797 4183 famulis
2827 4128 2983 4184 suis:
3023 4149 3041 4180 ι
3079 4128 3277 4186 Sedete
3320 4129 3412 4187 hic
3461 4116 3589 4189 cum

1995 4219 2170 4273 asino.
2217 4218 2331 4290 Ego
2371 4229 2556 4275 autem
2595 4228 2653 4275 et
2696 4237 2838 4291 puer
2864 4220 3225 4278 transibimus
3250 4239 3425 4294 usque
3457 4225 3585 4291 huc,

1997 4320 2054 4365 et
2106 4318 2397 4380 postquam
2444 4311 2892 4378 adoraverimus,
2948 4321 3295 4370 revertemur
3344 4317 3413 4371 ad
3468 4323 3586 4372 v‘os.

1996 4400 2246 4471 Cumque
2288 4409 2573 4456 onerasset
2618 4400 2791 4456 filium
2835 4402 2999 4473 lignis
3055 4404 3124 4463 ad
3167 4405 3587 4465 sacrificandum

1995 4488 2346 4555 necessariis,
2393 4498 2560 4562 atque
2609 4491 2685 4548 ita
2710 4487 2967 4547 incedere
3002 4493 3276 4564 iussisset,
3314 4498 3587 4569 sequeba-

1999 4589 2091 4637 tur
2116 4581 2253 4654 ipse.
2288 4581 2426 4638 Cum
2452 4593 2636 4639 autem
2674 4598 2814 4656 puer
2843 4592 3055 4656 patrem
3092 4602 3251 4643 suum
3298 4599 3589 4661 perconta-

1998 4683 2173 4740 retur,
2205 4674 2433 4732 dicens:
2474 4696 2492 4729 ‹
2520 4676 2663 4733 Ecce
2685 4677 2829 4748 ignis
2853 4685 2910 4734 et
2935 4678 3080 4751 ligna
3107 4696 3122 4747 ;
3166 4680 3260 4736 ubi
3282 4689 3367 4737 est
3390 4683 3510 4739 ovis
3530 4684 3585 4739 in

1993 4766 2379 4824 holocaustum
2403 4768 2426 4822 ἲ
2446 4768 2615 4835 Deus,
2648 4770 2848 4842 inquit,
2869 4771 3186 4843 providebit
3212 4773 3316 4829 sibi
3343 4790 3502 4830 ovem
3529 4776 3583 4831 in

1990 4856 2396 4929 holocaustum,
2432 4861 2531 4919 fili.
2567 4882 2587 4916 ι
2616 4862 2910 4919 Exstructo
2949 4871 3134 4919 autem
3190 4864 3380 4919 divino
3421 4865 3582 4920 altari

1991 4955 2269 5027 congessit
2300 4956 2483 5028 ligna;
2522 4965 2580 5011 et
2611 4957 2924 5030 colligatum
2958 4957 3132 5013 filium
3182 4957 3446 5026 imposuit
3478 4957 3579 5021 eis,

1992 5046 2465 5118 accipientemque
2499 5063 2690 5105 ensem
2722 5050 2906 5120 angeli
2941 5064 3049 5104 vox
3074 5047 3357 5119 prohibet,
3393 5048 3583 5105 dicens

1991 5153 2063 5193 ne
2110 5147 2316 5194 mactet
2356 5138 2562 5205 ﬁlium,
2604 5140 2925 5210 cognovisse
2964 5139 3112 5195 enim
3163 5139 3337 5196 Deum
3380 5140 3581 5198 bonam

1993 5229 2168 5301 ipsius
2200 5231 2567 5286 intentionem
2613 5244 2723 5301 qua
2762 5229 3023 5301 praeditus
3048 5239 3184 5287 erat.
3222 5232 3352 5289 Viso
3384 5234 3584 5290 deinde

1992 5325 2188 5390 ariete,
2237 5322 2334 5395 qui
2372 5321 2634 5379 cornibus
2679 5321 2828 5379 inter
2858 5337 3056 5394 vepres
3101 5322 3277 5381 Sabec
3317 5311 3581 5391 haerebat,

1992 5415 2081 5471 vir
2135 5416 2317 5486 justus
2364 5410 2581 5487 peragit
2629 5413 2982 5483 sacrificium,
3031 5416 3259 5473 arietem
3310 5434 3413 5489 pro
3469 5415 3584 5474 filio

1994 5507 2270 5575 offerens;
2301 5516 2465 5579 atque
2492 5507 2569 5564 ita
2613 5507 2681 5564 ad
2729 5507 2968 5565 famulos
3003 5524 3133 5565 suos
3165 5507 3330 5575 redit,
3369 5510 3580 5566 salvum

1994 5600 2129 5670 ipsis
2175 5599 2423 5657 referens
2470 5598 2645 5657 tilium
2676 5601 2742 5654 θ’.
2783 5620 2801 5654 ι
2854 5600 3109 5658 Histeriae
3155 5601 3323 5673 igitur
3350 5599 3579 5673 prolixi~

1994 5701 2162 5748 tatem
2202 5693 2582 5763 prazcidentes,
2620 5710 2683 5750 ac
2734 5693 2906 5751 veluti
2950 5694 3017 5748 in
3049 5706 3315 5748 summam
3364 5697 3587 5747 contra-

366 5885 413 5917 “
442 5884 603 5941 Rom.
635 5898 709 5948 rx,
730 5879 822 5936 23.
900 5877 947 5910 “
973 5876 1119 5932 Psal.
1145 5890 1308 5939 xxxv,
1328 5874 1379 5929 8.
1461 5875 1501 5907 ⁸¹
1527 5874 1661 5931 Gen.
1685 5890 1813 5939 xm,
1849 5874 1898 5939 l,
1921 5872 1975 5927 2.
2055 5873 2259 5928 "ibid.
2295 5874 2449 5930 5—19.

614 5983 888 6045 Paraon.
936 5974 1053 6037 GR.
1101 5972 1310 6033 LXIX.

3146 5964 3185 6024 ὗ
