4092 6476
516 421 622 480 139

1552 417 1609 472 S.
1649 414 1924 469 CYIULLI
1962 413 2428 470 ALEXANDRINI
2469 417 2788 476 ARCIHEP.

3594 470 3605 477 .
3682 430 3779 484 1-ίο

517 545 712 603 bentes
734 557 798 597 ea
852 556 974 613 quae
1018 539 1313 596 convenire
1365 536 1701 591 videbuntur
1741 534 1809 591 ad
1865 535 2094 590 dcmon-

2200 537 2371 603 οὓτως
2418 540 2552 612 πρὸς
2597 543 2724 605 τοὺς
2767 541 3020 609 οίκέτας,
3062 543 3190 613 ὑγιᾶ
3237 544 3418 616 φέρων
3464 542 3644 605 αύτοϊς
3692 544 3784 599 τὸν

517 636 804 695 strandum
822 634 1119 690 Salvatoris
1143 631 1318 687 nostri
1344 629 1665 703 mysterium
1695 643 1795 699 per
1814 628 1930 683 hazc
1954 643 2098 699 pra:-

516 729 812 800 tlguratum
838 741 979 790 esse,
1006 739 1105 795 pro
1135 722 1281 777 virili
1303 720 1575 792 explicare
1594 735 1664 775 ne
1688 735 1994 792 gravemur.
2038 719 2099 777 Si

515 836 648 877 vero
688 835 799 875 non
836 817 1020 873 omnia
1061 830 1184 886 qua:
1213 814 1268 868 in
1314 813 1546 869 historia
1583 813 1957 879 continentur,
1983 813 2097 885 spi-

516 911 703 967 rituali
736 906 1183 978 contemplationi
1230 905 1588 971 conveniunt,
1637 919 1802 959 nemo
1853 904 2096 960 damnet.

510 1004 650 1060 Nam
700 1002 757 1057 in
806 999 1186 1072 praestantiore
1229 998 1477 1053 historia:
1521 1005 1678 1068 parte
1721 1009 2099 1066 saepenumero

511 1097 646 1153 latet
709 1095 1015 1167 spiritualis
1071 1094 1417 1158 intellectus,
1470 1090 1934 1162 quemadmodum
1980 1088 2098 1145 fere

512 1188 883 1246 odoratissimi
922 1188 979 1244 in
1041 1187 1220 1243 hortis
1270 1185 1453 1250 flores,
1504 1182 1798 1257 superﬂuis
1851 1182 2097 1237 exterius

510 1282 656 1337 foliis
683 1289 1002 1348 onerantur,
1033 1295 1155 1351 qua:
1185 1278 1230 1335 si
1250 1277 1373 1349 quis
1393 1275 1826 1342 demat,nudum
1845 1274 2096 1329 inveniet

432 1400 441 1405 ι
510 1372 566 1427 id
627 1373 776 1444 quod
835 1372 1073 1429 delectat
1104 1378 1163 1428 et
1207 1372 1381 1443 juvat.
1415 1369 1498 1425 Ad
1536 1367 1889 1439 allegoricum
1926 1365 2095 1438 igitur

510 1484 730 1524 sensum
755 1485 936 1525 sermo
963 1467 1343 1524 transferatur.

2202 631 2333 687 υίόν.
2364 630 2438 685 Τὸ
2466 635 2565 703 μὲν
2593 629 2687 687 οῦν
2722 634 2823 705 τῆς
2864 636 3106 707 ἱστορίας
3153 635 3506 707 ὲπιτεμόντες
3561 634 3780 701 πλάτος,

2193 724 2293 782 καὶ
2327 725 2404 789 ὡς
2439 726 2496 779 ἐν
2532 725 2723 797 βραχεῖ
2752 728 3162 797 συνενεγκόντες
3203 727 3347 799 λόγῳ
3377 727 3439 781 τὸ
3471 726 3782 782 λυσιτελοῦν

2199 812 2277 873 εἰς
2306 810 2577 877 ἀπόδειξιν
2605 813 2724 878 τοῦ,
2770 812 2859 867 διά
2890 814 3094 869 τούτων
3138 815 3198 869 τὸ
3236 816 3362 888 περὶ
3401 815 3496 870 τοῦ
3533 816 3782 888 Σωτῆρος

2196 900 2355 972 ἡμῶν
2414 903 2927 973 προανατυποῦσθαι
2994 907 3312 977 μυστήριον,
3351 910 3494 961 κατά
3552 906 3782 977 δύναμιν

2199 993 2364 1048 πάλιν
2404 996 2505 1067 τὴν
2537 994 2745 1049 ἑαυτῶν
2769 995 3140 1063 λαμϐάνοντες
3166 1038 3180 1064 ,
3214 1001 3451 1065 ἐξειπεῖν
3486 999 3586 1054 ούκ
3615 999 3778 1070 ὀκνή-

2199 1106 2385 1159 σομεν.
2431 1090 2490 1142 Εί
2531 1089 2586 1142 δὲ
2617 1090 2680 1162 δὴ
2713 1089 2789 1161 μὴ
2833 1091 3011 1145 πάντα
3050 1091 3236 1145 ἕποιτο
3276 1091 3423 1163 λόγῳ
3464 1092 3532 1146 τὰ
3574 1095 3631 1145 ὲν
3662 1095 3780 1156 ταῖς

2200 1180 2466 1252 ἱστορίαις
2505 1179 2756 1251 κείμενα,
2786 1180 3159 1235 ωταιτιάσθω
3191 1180 3400 1254 μηδείς.
3445 1182 3535 1235 Ἐν
3564 1182 3673 1254 γὰρ
3703 1181 3781 1255 τῷ

2198 1271 2436 1345 περιττῷ
2479 1273 2577 1343 τῆς
2613 1273 2851 1345 ἱστορίας
2886 1272 3146 1337 πολλάκις
3179 1274 3481 1345 κρύπτεται
3512 1277 3576 1329 τὸ
3614 1293 3779 1329 πνευ-

2204 1367 2432 1438 ματικόν
2453 1382 2467 1397 ο
2501 1366 2689 1439 ὥσπερ
2720 1362 2813 1420 οὖν
2844 1366 3035 1437 ἀμέλει
3069 1367 3164 1420 καὶ
3188 1368 3257 1421 τά
3285 1368 3406 1421 λίαν
3440 1369 3782 1440 εὐοσμότατα

2195 1459 2305 1513 τῶν
2356 1460 2413 1512 ὲν
2462 1458 2722 1529 λειμῶσιν
2773 1459 2978 1514 ἀνθέων
3030 1459 3257 1524 είκαίοις
3308 1459 3507 1524 ἔξωθεν
3561 1461 3782 1530 φύλλοις

509 1561 998 1634 περιχλαινίζεται,
1036 1563 1179 1634 ἅπερ
1216 1562 1381 1626 εἴτις
1418 1560 1717 1630 ἀποτέμοι,
1749 1557 1953 1629 γυμνὸν
1997 1556 2222 1629 εὑρήσει
2250 1555 2312 1609 τὸ
2341 1552 2583 1624 ὠφελοῦν
2607 1570 2666 1606 τε
2699 1553 2796 1608 καὶ
2849 1556 3141 1627 χρήσιμον.
3213 1552 3415 1608 Εἰσίτω
3472 1555 3537 1628 δὴ
3599 1556 3783 1610 τοίνυν

510 1658 640 1727 ἡμῖν
675 1655 774 1725 τῆς
805 1654 1129 1725 ἀλληγορίας
1168 1656 1195 1707 ὁ
1234 1653 1410 1723 λόγος.

577 1747 631 1802 2.
656 1746 814 1814 Quod
841 1748 1027 1818 itaque
1050 1753 1292 1802 tentatus
1324 1746 1495 1802 fuerit
1520 1745 1819 1812 Abraham,
1842 1753 1898 1799 et
1921 1743 2097 1799 ﬁlium
2127 1753 2170 1809 Β

2271 1739 2336 1811 βο,
2370 1738 2443 1792 Τὸ
2466 1737 2565 1810 μὲν
2584 1732 2679 1791 οῦν
2704 1737 3063 1811 πειράζεσθαι
3081 1738 3171 1791 τὸν
3196 1738 3469 1811 μακάριον
3506 1739 3779 1815 Ἀϐραὰμ.

508 1852 672 1895 suum
711 1837 974 1892 dilectum
1014 1836 1303 1891 immolare
1350 1836 1423 1891 sit
1453 1837 1661 1909 jussus,
1716 1835 1995 1906 quodque,
2037 1841 2094 1888 ut

2201 1833 2299 1887 καὶ
2329 1831 2478 1885 θύειν
2508 1830 2894 1885 ἐπιτάττεσθαι
2922 1829 3013 1883 τὸν
3040 1830 3155 1882 υίὸν
3189 1832 3281 1884 τὸν
3314 1833 3619 1903 ἀγαπητὸν,
3652 1835 3781 1888 δυσ-

507 1927 803 1985 verisimile
836 1935 941 1993 est,
981 1943 1092 1982 non
1130 1926 1338 1997 absque
1372 1942 1571 1999 magno
1608 1926 1779 1981 animi
1816 1925 2006 1980 dolore
2043 1923 2099 1980 id

508 2020 674 2076 fuerit
707 2033 997 2090 aggressus
1036 2026 1099 2073 ut
1138 2025 1316 2089 pater,
1359 2026 1416 2074 et
1463 2017 1734 2074 acerrimo
1760 2026 1972 2072 natura:
1997 2015 2099 2071 sti-

505 2113 656 2168 mulo
691 2112 759 2166 ad
796 2125 1038 2167 amorem
1060 2125 1190 2182 erga
1216 2109 1389 2165 ﬁlium
1423 2110 1752 2175 concitatus,
1778 2107 1891 2181 84
1917 2107 2097 2178 potio-

500 2219 624 2263 rem
641 2213 827 2261 tamen
861 2218 1052 2259 curam
1080 2203 1340 2259 habuerit
1360 2202 1491 2258 boni
1519 2201 1667 2273 quod
1685 2217 1752 2257 ea
1779 2218 1848 2257 ex
1871 2216 1931 2255 re
1962 2216 2097 2256 con-

504 2306 862 2369 sequeretur,
898 2297 1005 2353 hoc
1037 2297 1215 2368 ipsum
1251 2303 1307 2352 et
1329 2295 1552 2366 quidem
1590 2303 1779 2368 aperte
1800 2293 2098 2350 admodum

504 2388 667 2444 nobis
708 2387 985 2459 signiﬁcat
1030 2386 1167 2441 illud
1207 2401 1238 2441 a
1281 2384 1566 2443 Salvatore
1604 2397 1797 2443 nostro
1840 2384 2094 2441 dictum:

510 2500 531 2532 ‹
561 2480 642 2535 ita
660 2479 853 2534 dilexit
875 2479 1021 2533 Deus
1048 2476 1342 2543 mundum,
1377 2484 1441 2532 ut
1469 2477 1671 2532 Filium
1708 2491 1872 2532 suum
1896 2474 2096 2546 unige-

505 2573 682 2628 nitum
715 2570 950 2636 dederit,
1003 2576 1065 2624 ut
1104 2568 1286 2625 omnis
1330 2569 1427 2640 qui
1475 2569 1651 2625 credit
1704 2568 1762 2624 in
1815 2582 1944 2624 eum
1984 2583 2098 2623 non

500 2672 715 2736 pereat,
760 2662 857 2719 sed
896 2661 1099 2717 habeat
1142 2660 1315 2715 vitam
1347 2667 1611 2715 aeternam
1663 2659 1730 2714 ".
1772 2678 1791 2711 ι
1843 2658 1900 2714 Si
1947 2658 2096 2713 enim

501 2762 722 2827 oportet
741 2753 908 2810 etiam
929 2752 1235 2807 humanum
1259 2749 1394 2821 quid
1420 2749 1629 2816 dicere,
1652 2748 1723 2805 ad
1748 2748 2095 2804 manifestam

500 2860 698 2901 sensus
720 2842 1273 2907 demonstrationem,
1308 2839 1660 2896 remordebat
1689 2839 2095 2911 quodammodo

500 2940 675 2994 Deum
699 2951 763 2992 ac
803 2937 1043 3001 Patrem,
1069 2949 1198 2989 cum
1225 2933 1428 2989 Filium
1456 2941 1684 3005 propter
1713 2948 1816 2989 nos
1849 2933 1919 2989 ad
1941 2948 2093 3001 mor-

499 3038 612 3085 tem
669 3026 933 3093 mitteret,
982 3024 1205 3082 tametsi
1243 3023 1452 3080 sciebat
1505 3025 1663 3080 illum
1716 3023 1856 3079 nihil
1904 3022 2091 3081 damni

2201 1921 2469 1995 φοροῦντα
2501 1922 2619 1993 μὲν,
2662 1921 2807 1976 κατὰ
2859 1921 2922 1974 τὸ
2967 1921 3137 1986 είκὸς,
3171 1922 3247 1986 ὡς
3297 1924 3633 1995 γεννήτορά,
3689 1927 3781 1980 καὶ

2200 2013 2390 2087 θερμῷ
2412 2013 2510 2084 τῆς
2540 2012 2755 2082 φύσεως
2786 2011 2998 2083 κέντρῳ
3028 2011 3164 2083 πρὸς
3187 2012 3567 2083 φιλοστοργίαν
3596 2016 3783 2069 νυσσό-

2201 2123 2384 2178 μενον,
2412 2105 2767 2176 προτιμῶντα
2790 2105 2833 2158 δ’
2863 2099 2956 2158 οὖν
2984 2106 3133 2175 ὅμως
3157 2105 3218 2158 τὸ
3246 2104 3311 2157 ὲκ
3331 2104 3425 2158 τοῦ
3451 2106 3781 2178 πράγματος

2200 2197 2426 2268 ἀγαθὸν,
2461 2197 2591 2252 αὐτὸ
2614 2180 2679 2270 δὴ
2706 2197 2869 2251 πάλιν
2898 2198 3031 2269 ἡμῖν
3052 2199 3147 2251 καὶ
3170 2198 3381 2271 σφόδρα
3393 2200 3578 2270 σαφῶς
3603 2202 3783 2254 ἐκεῖνο

2197 2289 2348 2361 δηλοῖ
2378 2289 2439 2342 τὸ
2473 2287 2623 2361 παρά
2649 2287 2745 2342 τοῦ
2771 2288 3025 2361 Σωτῆρος
3052 2290 3342 2362 εἰρημένον
3365 2329 3381 2356 ,
3420 2308 3438 2342 ι
3486 2290 3643 2345 Οῦτω
3674 2292 3781 2365 γὰρ

2198 2381 2486 2454 ἠγάπησεν
2505 2381 2533 2433 ό
2558 2380 2693 2445 Θεὸς
2720 2380 2814 2435 τὸν
2850 2380 3075 2452 κόσμον,
3101 2381 3177 2446 ὡς
3198 2381 3290 2436 τὸν
3320 2381 3449 2437 Υίὸν
3482 2382 3645 2437 αὐτοῦ
3692 2384 3782 2439 τὸν

2200 2470 2465 2543 μονογενῆ
2490 2469 2712 2536 ἔδωκεν,
2738 2471 2826 2525 ἴνα
2864 2472 2973 2535 πᾶς
3009 2474 3037 2525 ὀ
3062 2470 3335 2526 πιστεύων
3359 2473 3442 2537 είς
3478 2472 3672 2541 αὑτὸν,
3706 2473 3783 2546 μὴ

2196 2563 2485 2634 ἀπόληται,
2514 2561 2630 2615 ἀλλ’
2672 2560 2787 2633 ἔχει
2821 2562 2965 2635 ζωὴν
3008 2562 3243 2619 αίώνιον.
3284 2582 3304 2616 ι
3346 2564 3411 2618 El
3434 2562 3544 2636 γὰρ
3573 2566 3691 2638 χρή
3730 2583 3783 2618 τι

2198 2656 2290 2709 καὶ
2339 2653 2678 2725 ἀνθρώπινον
2715 2655 2892 2709 είπείν
2935 2656 3015 2720 είς
3059 2655 3335 2722 ἀπόδειξιν
3376 2655 3470 2709 τοῦ
3508 2659 3785 2729 νοήματος

2197 2749 2425 2820 ἐναργῆ,
2444 2748 2802 2802 κατεδάκνετο
2827 2749 3027 2820 τρόπον
3047 2749 3172 2802 τινὰ
3196 2749 3430 2821 πέμπων
3446 2752 3525 2814 είς
3545 2748 3786 2807 θάνατον

2195 2842 2263 2895 δι’
2293 2843 2443 2913 ἡμᾶς
2468 2842 2559 2895 τὸν
2581 2841 2708 2895 Υίὸν
2742 2842 2772 2894 ό
2800 2840 2934 2906 Θεὸς
2963 2841 3059 2896 καὶ
3088 2842 3297 2914 Πατὴρ,
3323 2842 3372 2894 εί
3392 2842 3486 2895 καὶ
3512 2841 3634 2913 ¹ᾔδει
3664 2858 3780 2896 πει·

2198 2936 2428 3005 σόμενον
2472 2933 2583 2987 τῶν
2630 2932 2947 2988 λυπούντων
2983 2933 3140 2989 οὐδὲν
3166 2973 3182 3001 ,
3217 2934 3339 2987 ἐπεὶ
3380 2934 3476 2988 καὶ
3515 2929 3780 3005 uocat»

2196 3025 2416 3107 ἀπαθὴς
2444 3025 2521 3089 ὡς
2558 3024 2714 3090 Θεός.
2754 3026 2946 3097 Ὅμως
2987 3026 3031 3079 δ’
3072 3021 3165 3081 οὖν
3206 3026 3267 3081 τὸ
3305 3026 3370 3080 ὲκ
3406 3025 3503 3080 τοῦ
3544 3026 3777 3083 θανάτου

499 3135 810 3193 passurum,
854 3116 1301 3190 quandoquidem
1334 3117 1503 3173 etiam
1532 3117 1651 3189 ipse
1675 3123 1796 3172 erat
1829 3115 2087 3187 impassi-

2194 3119 2464 3191 χρήσιμον
2496 3118 2717 3185 ἐννοῶν,
2750 3119 2847 3188 τὴν
2877 3118 3155 3189 ἀπάντων,
3185 3118 3354 3192 φημὶ,
3386 3117 3665 3192 σωτηρίαν
3688 3124 3781 3176 καὶ

498 3212 630 3269 bilis
673 3219 736 3267 ut
776 3211 941 3266 Deus.
990 3209 1387 3266 Verumtamen
1420 3223 1544 3264 cum
1580 3208 1912 3280 intelligeret
1936 3209 2091 3263 utili-

499 3312 666 3360 tatem
705 3319 825 3374 qute
865 3319 935 3358 ex
958 3303 1079 3375 ejus
1104 3309 1279 3357 morte
1310 3308 1579 3367 manaret,
1614 3301 1865 3356 omnium
1893 3317 2092 3379 nempe

497 3397 646 3451 salus
681 3410 746 3451 ac
788 3394 921 3463 vita,
957 3394 1380 3467 indulgentiam,
1410 3409 1533 3463 quae
1560 3393 1709 3448 Patri
1738 3394 2014 3458 convenit,
2038 3393 2092 3449 ei

501 3486 840 3558 posthabuit.
890 3486 1162 3554 Quocirca
1192 3486 1361 3542 etiam
1403 3485 1607 3541 Paulus
1644 3486 1824 3556 ipsum
1851 3484 2090 3540 admira-

502 3592 592 3636 tus
630 3589 739 3646 est,
789 3580 1018 3636 dicens:
1049 3598 1066 3631 ι
1093 3578 1199 3647 Qui
1232 3578 1460 3649 proprio
1500 3578 1640 3634 Filio
1678 3594 1790 3634 non
1819 3578 2088 3649 pepercit,

495 3670 600 3725 sed
651 3685 752 3742 pro
797 3670 961 3726 nobis
1014 3669 1276 3725 omnibus
1336 3669 1562 3725 tradidit
1594 3670 1750 3725 illum
1796 3669 1864 3724 “.
1907 3690 1926 3723 ι
1972 3668 2090 3736 Qua

492 3763 647 3818 enim
691 3762 750 3819 in
795 3778 855 3819 re
892 3763 1158 3818 consistat
1194 3762 1523 3818 miraculum
1557 3763 1783 3830 amoris,
1807 3779 1919 3835 quo
1944 3763 2093 3821 Deus

496 3871 563 3912 ac
592 3856 754 3913 Pater
774 3870 878 3912 nos
894 3864 979 3911 est
1000 3863 1347 3927 prosecutus,
1376 3856 1480 3912 nisi
1505 3855 1654 3928 quod
1677 3856 1900 3928 aliquod
1924 3856 2090 3912 etiam

499 3956 699 4018 praeter
726 3947 1067 4003 voluntatem
1089 3946 1417 4003 sustinuisse
1447 3948 1601 4003 visus
1623 3947 1716 4014 sit,
1741 3947 1967 4003 tradens
1988 3963 2093 4018 pro

501 4037 661 4093 nobis
693 4036 893 4093 Filium
932 4037 1140 4093 suum?
1186 4037 1316 4093 Tale
1342 4038 1491 4094 enim
1528 4037 1665 4110 quid
1705 4038 1867 4093 nobis
1908 4037 2093 4093 innuit

498 4129 703 4186 Paulus
730 4129 922 4186 dicens
943 4129 1079 4186 illud
1112 4147 1125 4184 :
1156 4148 1174 4183 ι
1206 4131 1327 4187 Non
1354 4131 1624 4203 pepercit,
1657 4149 1676 4184 ι
1709 4130 1859 4202 quod
1882 4146 2091 4202 nequa-

498 4240 664 4296 quam
703 4223 772 4281 de
822 4224 891 4281 iis
929 4240 1053 4296 quae
1091 4224 1320 4282 fortuito
1353 4223 1613 4280 accidunt
1631 4221 1868 4289 dicatur,
1896 4222 2000 4278 sed
2020 4220 2090 4279 de

499 4316 569 4372 iis
633 4323 869 4383 tantum,
923 4316 1018 4387 qui
1075 4332 1329 4389 magnam
1382 4314 1623 4386 aliquam
1677 4329 1793 4369 rem
1844 4323 2086 4385 patrant,

498 4408 964 4480 quemadmodum
988 4409 1049 4465 in
1095 4407 1227 4464 illo:
1274 4427 1292 4460 ι
1322 4405 1608 4462 Praetende
1636 4405 1912 4461 l‘uuiculos
1940 4414 2086 4471 tuos,

496 4509 555 4556 et
589 4501 775 4558 clavos
819 4508 946 4555 tuos
984 4500 1284 4556 corrobora
1313 4516 1327 4553 :
1365 4499 1547 4554 adhuc
1581 4498 1637 4553 in
1684 4496 1929 4554 dexteris
1950 4506 2007 4553 et
2032 4496 2088 4554 in

498 4591 744 4648 sinistris
796 4590 964 4646 dilata
996 4589 1064 4643 “.
1107 4609 1126 4641 ι
1163 4588 1398 4646 Itidem:
1439 4608 1457 4640 ι
1512 4589 1664 4659 Fige,
1705 4604 1776 4651 ne
1802 4601 2015 4658 parcas.
2061 4604 2079 4637 ι

498 4684 569 4740 Εῑ
601 4696 862 4737 rursum:
906 4700 925 4732 ι
958 4680 1119 4737 Salva
1150 4680 1348 4736 ductos
1374 4680 1445 4735 ad
1476 4687 1730 4745 mortem,
1767 4689 1824 4737 et
1844 4680 1940 4751 qui
1972 4690 2089 4736 tra-

500 4776 709 4831 huntur
731 4772 801 4829 ad
824 4773 1131 4838 interitum,
1155 4772 1394 4829 liberare
1427 4787 1497 4827 ne
1527 4787 1712 4828 cesses
1734 4773 1799 4827 “.
1838 4790 1856 4824 ι
1909 4771 2088 4843 Atque

501 4868 616 4923 haec
664 4856 890 4938 quidem
936 4864 1101 4921 nobis
1153 4864 1213 4920 in
1255 4863 1411 4931 illud,
1465 4884 1482 4917 ι
1509 4865 1710 4937 Accipe
1746 4864 1921 4920 ﬁlium
1945 4864 2086 4920 dile-

499 4966 648 5011 ctum
700 4956 769 5023 ⁶⁷,
807 4975 826 5010 ι
886 4956 1030 5013 dicta
1075 4956 1204 5012 sint.
1235 4953 1339 5023 Qui
1375 4972 1510 5012 vero
1542 4972 1729 5012 senem
1756 4957 2088 5012 comitantur

499 5047 689 5104 famuli
711 5048 823 5104 duo
846 5058 1009 5121 atque
1033 5049 1101 5104 ad
1127 5049 1345 5105 tertiam
1371 5050 1516 5106 diem
1534 5064 1731 5120 usque,
1768 5057 1928 5121 typus
1959 5057 2089 5105 sunt

500 5140 737 5195 duorum
776 5141 1107 5211 populorum
1149 5150 1470 5197 vocatorum
1520 5141 1589 5196 ad
1641 5141 1964 5197 servitutem
1988 5156 2090 5212 per

501 5229 698 5300 legem,
728 5229 893 5285 Israel
940 5231 1205 5287 nimirum
1244 5241 1301 5289 et
1343 5232 1527 5289 Juda:
1575 5233 1669 5305 qui
1712 5233 1827 5289 sola
1874 5233 1970 5290 Dei
2023 5247 2089 5289 ac

502 5320 678 5376 Patris
721 5330 994 5394 praecepta
1022 5323 1303 5394 sequenda
1333 5339 1455 5381 esse
1489 5325 1775 5397 putabant,
1825 5324 2091 5396 quemad—

502 5410 727 5466 modum
772 5412 872 5478 illi,
916 5413 1234 5482 Abraham;
1272 5416 1517 5473 nondum
1556 5427 1955 5490 cognoscentes
1998 5415 2090 5471 Fi-

501 5502 658 5568 lium,
694 5518 794 5574 per
824 5520 989 5576 quem
1019 5508 1225 5574 omnia,
1258 5524 1439 5580 neque
1465 5510 1644 5566 Patris
1672 5508 1971 5573 haeredem,
1997 5524 2094 5564 cu-

497 5593 588 5664 jus
631 5594 1061 5664 pulcherrimam
1104 5598 1396 5671 imaginem
1430 5616 1543 5671 prae.
1576 5615 1633 5656 se
1667 5600 1773 5656 fert
1804 5601 2091 5672 parvulus.

501 5692 557 5737 et
587 5685 769 5742 adhuc
802 5685 858 5740 in
880 5688 1004 5743 sinu
1041 5691 1212 5759 patris
1232 5691 1318 5746 sui
1344 5691 1535 5762 jaccns
1558 5691 1727 5754 lsaac,
1774 5691 2091 5762 nequedum

2192 3211 2361 3284 ζωὴν,
2402 3212 2501 3284 τῆς
2546 3213 2716 3284 πατρὶ
2756 3211 3080 3284 πρεπούσης
3130 3211 3513 3285 φιλοστοργίας
3561 3212 3777 3285 ἡμέλει.

2191 3302 2282 3357 Διὸ
2306 3303 2372 3375 δὴ
2406 3303 2501 3357 καὶ
2528 3301 2743 3367 Παῦλος
2768 3302 2931 3357 αὐτὸν
2957 3302 3341 3375 ἀπεθαύμαζε,
3370 3302 3545 3371 λέγων
3572 3318 3586 3333 ·
3625 3321 3647 3356 ι
3683 3302 3780 3367 ’ος

2191 3411 2254 3465 γε
2280 3393 2373 3448 τοῦ
2400 3394 2529 3449 ίδίου
2560 3393 2692 3448 Υίοῦ
2716 3394 2815 3448 οὐκ
2842 3395 3119 3465 ἐφείσατο,
3145 3393 3258 3448 ἀλλ’
3290 3395 3430 3466 ὑπὲρ
3454 3395 3616 3467 ἡμῶν
3647 3394 3783 3448 πάν-

2191 3504 2302 3542 των
2333 3487 2652 3560 παρέδωκεν
2700 3487 2883 3541 αὐτόν.
2925 3506 2944 3540 ι
2986 3488 3112 3541 Ἐπὶ
3137 3489 3245 3542 τίνι
3272 3488 3318 3542 δ’
3349 3487 3415 3543 ἂν
3446 3489 3662 3558 γένοιτο
3698 3487 3778 3543 δι·
3828 3525 3841 3539 .

2192 3579 2364 3645 καίως
2391 3579 2452 3634 τὸ
2482 3578 2671 3652 θαῦμα
2694 3581 2795 3652 τῆς
2821 3581 2901 3643 είς
2928 3581 3076 3652 ἡμᾶς
3120 3581 3341 3651 ἀγάπης
3384 3579 3478 3634 τοῦ
3519 3574 3658 3634 Θεοῦ
3686 3578 3781 3634 καὶ

2192 3673 2429 3745 Πατρός,
2448 3674 2497 3727 εί
2519 3673 2595 3745 μή
2619 3688 2676 3728 τι
2703 3672 2922 3726 καὶτῶν
2944 3672 3257 3745 ἀϐουλήτων
3282 3671 3461 3737 ἔδοξεν
3483 3673 3780 3745 ὑπομένειν

2192 3761 2472 3835 παραδοὺς
2514 3761 2656 3834 ὑπὲρ
2685 3760 2842 3834 ἡμῶν
2870 3760 2961 3815 τὸν
2997 3761 3127 3816 ίδιον
3151 3760 3321 3829 Υίόν;
3363 3761 3621 3816 Τοιοῦτον
3665 3762 3777 3834 γάρ

2188 3873 2273 3910 τοι
2303 3857 2445 3910 νοεῖν
2461 3855 2607 3927 ἡμᾶς
2631 3854 2915 3910 ἀναπείθει
2943 3855 3024 3921 τὸ,
3055 3874 3074 3906 ι
3106 3855 3221 3909 υύκ
3248 3854 3527 3925 ἐφείσατο,
3565 3872 3583 3906 ι
3604 3854 3781 3925 λέγων

2188 3949 2218 4003 ό
2248 3945 2482 4012 Παῦλος.
2501 3948 2682 4019 Ὅπερ
2702 3947 2804 4001 οὐκ
2831 3945 2897 4001 ἂν
2926 3946 3019 3999 ἐπὶ
3036 3949 3149 4012 τοῖς
3172 3945 3394 4017 τυχοῦσι
3414 3947 3610 4018 ῥηθείη
3626 3946 3776 4011 ποτὲ.

2191 4038 2307 4094 ἀλλ’
2332 4040 2425 4093 ἐπὶ
2455 4039 2639 4110 μόνοις
2675 4041 2789 4105 τοῖς
2831 4038 3070 4111 μεγάλου
3096 4039 3241 4102 τινὸς
3281 4037 3779 4111 κατανεανιευομέ-

2189 4148 2302 4197 νοις
2346 4130 2708 4203 πράγματος,
2737 4130 2815 4195 ὼς
2845 4132 2903 4185 ὲν
2941 4129 3042 4202 τῷ,
3077 4149 3097 4183 ι
3150 4129 3429 4185 Πλάτυνον
3478 4131 3549 4184 τὰ
3580 4131 3782 4203 σχοινί-

2191 4223 2375 4294 σματά
2410 4239 2526 4288 σου,
2556 4222 2651 4277 καὶ
2676 4221 2804 4288 τοὺς
2846 4222 3160 4287 πασσάλους
3190 4239 3286 4277 σου
3308 4222 3666 4295 κατίσχυσον,
3700 4222 3779 4277 ἐτι

2190 4315 2270 4378 είς
2307 4312 2378 4367 τά
2423 4311 2575 4382 δεξιά
2612 4313 2711 4394 καὶ
2755 4314 2834 4394 είς
2864 4314 2935 4369 τά
2961 4316 3228 4388 ἀριστερὰ
3260 4316 3597 4371 ἑκπέτασον·
3639 4336 3660 4370 ι
3700 4316 3780 4371 ἔτι

2188 4405 2266 4472 δὲ,
2301 4406 2386 4460 δτι
2420 4424 2437 4457 ι
2489 4403 2694 4475 Ιιῆξον,
2732 4403 2816 4477 μῆ
2846 4404 3031 4477 φείσῃ.
3080 4423 3099 4458 ι
3144 4406 3255 4460 Καὶ
3286 4406 3471 4474 πάλιν,
3508 4426 3529 4461 ι
3587 4405 3780 4462 Ῥῦσαι

2190 4496 2496 4567 ἀγομένους
2522 4497 2606 4559 είς
2632 4495 2884 4562 θάνατον,
2900 4497 2995 4550 καὶ
3018 4496 3247 4568 ἐκπρίου
3274 4495 3682 4569 κτεινομένους,
3704 4497 3780 4569 μὴ

2192 4587 2376 4660 φείσῃ.
2412 4605 2431 4640 ι
2465 4587 2576 4641 Καὶ
2602 4584 2778 4640 ταῦτα
2804 4585 2904 4657 μὲν
2938 4587 3071 4659 ἡμῖν
3105 4589 3187 4652 είς
3215 4586 3297 4656 τὺ,
3326 4608 3345 4641 ι
3373 4588 3520 4642 Λάϐε
3542 4589 3635 4643 τὸν
3667 4588 3783 4643 υίόν

2192 4698 2286 4735 σου
2332 4680 2425 4735 τὸν
2467 4680 2776 4753 ἀγαπητὸν,
2799 4700 2819 4734 ι
2849 4683 3148 4755 εἰρήσεται.
3186 4681 3251 4735 Ol
3285 4681 3342 4736 δὲ
3382 4681 3460 4754 τῷ
3494 4682 3782 4755 πρεσϐύτῃ

2192 4771 2859 4847 συμπαρομαρτυροῦντες
2886 4776 2981 4829 καὶ
3021 4774 3503 4848 συμπαραθέοντες
3564 4776 3780 4831 οἰκέται

2189 4864 2281 4920 δύο
2305 4864 2397 4920 καὶ
2424 4863 2590 4936 μέχρι
2621 4861 2721 4935 τῆς
2758 4862 2949 4936 τρίτης
2971 4864 3210 4938 ἡμέρας,
3242 4866 3413 4929 τύπος
3444 4865 3511 4922 ἂν
3536 4860 3652 4921 εἷεν
3670 4866 3781 4919 τῶν

2190 4959 2269 5023 είς
2291 4955 2536 5011 δουλείαν
2557 4955 2913 5027 κεκλημένων
2934 4957 3024 5011 διά
3055 4956 3149 5011 τοῦ
3180 4958 3347 5028 νόμου
3365 4957 3460 5012 δύο
3481 4957 3660 5031 λαῶν,
3683 4957 3778 5012 τοῦ

2188 5063 2248 5099 τε
2292 5043 2511 5117 Ἰσραὴλ
2539 5044 2745 5099 καὶτοῦ
2786 5045 2978 5112 Ἰούδα,
3008 5047 3173 5118 φημί.
3214 5049 3278 5102 Οἳ
3314 5048 3408 5102 καὶ
3435 5050 3622 5121 μόνοις
3643 5048 3779 5123 χρῆ-

2190 5156 2278 5194 ναι
2298 5141 2411 5203 τοῖς
2430 5136 2525 5192 τοῦ
2562 5137 2698 5191 Θεοῦ
2741 5139 2837 5193 καὶ
2874 5139 3086 5211 Πατρδς
3130 5139 3443 5195 ἀκολουθεῖν
3470 5143 3641 5213 ᾤοντο
3667 5143 3779 5195 δια-

2189 5233 2489 5304 τάγμασιν,
2516 5230 2708 5302 ὣσπερ
2736 5231 2933 5285 ὲκεῖνοι
2972 5230 3053 5303 τῷ
3095 5231 3366 5304 Ἀϐραὰμ,
3398 5233 3551 5289 οὔπω
3574 5235 3667 5288 τὸν
3697 5234 3779 5288 δι’

2190 5321 2263 5383 οὗ
2291 5325 2469 5380 πάντα
2495 5323 2743 5389 νοοῦντες
2771 5322 2921 5389 Υἱὸν,
2940 5323 3063 5378 οὐδὲ
3090 5324 3183 5377 τὸν
3209 5326 3305 5380 τοῦ
3335 5326 3550 5398 Πατρὸς
3577 5324 3779 5397 κληροιτ

2191 5414 2355 5486 νόμον
2397 5412 2877 5483 ἐπιγινώσκοντες,
2919 5405 3093 5485 οὗπερ
3122 5411 3189 5468 ἂν
3210 5416 3451 5487 είσφέροι
3482 5414 3776 5485 καλλίστην

2192 5508 2225 5578 ἡ
2233 5508 2324 5578 μίν
2339 5504 2437 5578 τὴν
2450 5503 2665 5573 εἰκόνα,
2695 5504 2891 5577 μικρὸς
2918 5507 3014 5559 καὶ
3029 5507 3087 5560 ἐν
3112 5507 3333 5572 κόλποις
3354 5508 3435 5561 ἔτι
3455 5490 3551 5561 τοῦ
3573 5507 3776 5561 οἰκείου

2192 5598 2397 5669 πατρὸς
2424 5599 2453 5651 ὁ
2486 5595 2674 5652 Ἰσαὰκ
2715 5598 2989 5669 κείμενος,
3022 5599 3117 5652 καὶ
3142 5599 3240 5672 τὴν
3268 5601 3507 5673 δεσπότῃ
3532 5601 3775 5671 πρέπου-

2194 5708 2293 5745 σαν
2322 5690 2475 5744 οῦπω
2516 5689 2700 5761 φορῶν
2746 5688 3015 5755 ἐξουσίαν.
3060 5688 3169 5746 Ἦν
3209 5695 3309 5765 μὲν
3340 5694 3449 5766 γὰρ
3488 5695 3583 5748 καὶ
3632 5693 3775 5746 ἐστιν

646 5799 1015 5879 Ιοεὶιι.ιιι,16;
1060 5806 1263 5861 lJoan.
1301 5822 1370 5871 Iv,
1414 5805 1466 5858 9.
1546 5805 1591 5837 “
1638 5805 1795 5863 Rom.
1834 5821 1926 5857 vm
1990 5806 2057 5844 πο
2156 5810 2200 5841 ⁶⁶
2247 5808 2478 5875 lsa.uv,
2528 5806 2583 5861 2.
2666 5806 2711 5838 “
2744 5807 2905 5865 Prov.
2958 5810 3112 5875 xnv',
3151 5811 3210 5866 il
3239 5830 3253 5879 ;
3282 5812 3425 5868 Psal.
3476 5826 3658 5878 um,
3721 5811 3775 5865 Δ.

502 5865 547 5897 ’τ
580 5869 716 5926 Gen.
748 5885 884 5936 xm,
924 5870 980 5933 ἓ,
