4092 6466
338 447 429 503 Mi
1337 441 1864 500 GLAPHYRORUM
1905 442 1910 494 l

2012 443 2146 495 (3131‘
2156 444 2314 496 LSMI
2355 446 2466 498 LIB
2505 447 2593 499 ιιι.

3522 458 3624 515 142

334 558 417 612 ἀεὶ
459 557 659 629 Κύριος
695 558 790 613 καὶ
835 557 971 623 Θεὸς
1017 558 1336 622 παντέλειας
1369 559 1398 611 ὁ
1424 556 1573 620 Υἱός.
1621 556 1713 628 Τῷ
1751 554 1809 610 δὲ
1846 555 1910 627 μὶ

2026 553 2446 610 convenientem
2467 554 2688 613 Christo
2705 566 3036 629 potestatem
3058 556 3273 634 gerens.
3303 565 3438 623 Erat
3450 569 3621 635 enim,

335 653 495 706 πᾶσιν
515 653 783 723 ὑπάρχειν
807 650 1153 723 καταφανὴς,
1177 651 1272 706 καὶ
1295 649 1531 722 μάλιστα
1550 650 1664 713 τοῖς
1689 647 1924 711 ἀνοσίοις

338 744 618 809 Ἰουδαίοις
644 745 729 809 είς
775 746 949 817 μόνην
979 745 1163 817 ὁρῶσι·
1191 744 1291 814 τὴν
1339 742 1544 816 σάρκα,
1596 741 1792 813 μικρός
1840 758 1923 803 τις

330 834 463 893 εἶναι
497 837 600 905 ,καὶ
639 839 668 891 ὁ
710 837 892 909 τυχὼν
929 836 1233 909 ἐνομίζετο.
1274 837 1684 908 Συμμετρεῖται
1714 833 1773 888 δέ
1803 850 1922 896 πως

329 930 607 999 ἀναλόγως
640 929 737 983 καὶ
776 932 903 994 ταῖς
932 928 1189 984 ἁπάντων
1218 927 1540 997 διανοίαιςή
1582 926 1713 998 περὶ
1753 924 1921 979 αὐτοῦ

328 1022 547 1093 γνῶσις.
590 1023 701 1076 Καὶ
729 1022 905 1094 μικρά
941 1023 1043 1093 μὲν
1076 1023 1135 1075 ἐν
1169 1023 1411 1093 μικροῖς,
1448 1019 1657 1090 μεγάλη
1689 1019 1745 1073 δὲ
1768 1014 1836 1073 αὖ
1862 1019 1922 1072 ἐν

330 1114 592 1187 μεγάλοις
618 1115 963 1186 εὑρίσκεται.
996 1116 1111 1170 Καὶ
1144 1114 1276 1183 γοῦν
1304 1115 1354 1167 οἱ
1385 1113 1485 1185 μὲν
1525 1110 1803 1185 προφῆταί
1828 1128 1924 1181 φα-

327 1225 431 1273 σιν,
474 1207 561 1262 ὅτι
593 1226 611 1259 ‹
637 1208 833 1277 Μέγας
868 1208 965 1262 καὶ⁵
1001 1207 1234 1279 φοϐερός
1257 1207 1405 1260 ἐστιν
1440 1206 1534 1260 ἐπὶ
1564 1206 1773 1269 πάντας
1795 1205 1921 1269 τοὺς

326 1297 643 1371 περικύκλῳ
667 1297 859 1367 αὐτοῦ,
893 1318 912 1353 ι
952 1298 1229 1365 τουτέστι,
1252 1297 1381 1362 τοὺς
1419 1298 1588 1366 ἐγγὺς
1625 1296 1791 1352 αὑτοῦ
1825 1314 1921 1366 γε·-

324 1389 548 1458 γονὸτας
568 1388 660 1444 διὰ
694 1389 900 1462 πολλὴν
928 1390 1070 1460 ἄγαν
1097 1391 1404 1461 ἀγχίνοιαν.
1454 1389 1647 1443 Ὠδίνει
1673 1389 1730 1443 δὲ
1767 1388 1863 1443 καὶ
1892 1390 1922 1443 ὀ

324 1483 527 1548 Παῦλος
552 1502 732 1550 τινας,
775 1502 795 1537 ι
847 1486 1046 1556 ’Δχρις
1073 1480 1134 1540 οὗ
1161 1484 1425 1556 μορφωθῇ
1448 1482 1688 1556 Χριστὸς
1726 1483 1783 1535 ἐν
1819 1482 1918 1536 αὺ-

322 1580 446 1641 τοῖς.
490 1596 510 1630 ι
545 1577 868 1645 Τουτέστιν,
892 1578 1054 1651 ἄχρις
1085 1579 1151 1633 ἃν
1176 1580 1226 1632 oi
1251 1576 1479 1648 μεγάλοι
1502 1577 1598 1630 καὶ
1619 1576 1922 1647 ὑπερφυεῖς

322 1670 413 1740 τῆς
464 1669 728 1741 θεότητος
785 1669 958 1725 αὑτοῦ
1014 1673 1367 1743 χαρακτῆρες
1421 1673 1503 1735 είς
1545 1669 1639 1755 τὸν
1692 1668 1921 1722 ἐκείνων

326 1762 501 1833 ⁴ὴρέμα
561 1761 985 1817 διαπλάττοιντο
1029 1763 1176 1818 νοῦν.
1215 1763 1289 1816 Τὸ
1315 1762 1373 1816 δὲ
1410 1760 1774 1831 ἀκολουθῆσαι
1820 1758 1921 1831 μὲν

319 1853 436 1915 τοὺς
468 1853 697 1918 οἰκέτας
753 1855 850 1908 καὶ
911 1855 1080 1926 μέχρι
1131 1854 1326 1927 τρίτης
1374 1853 1612 1925 ἡμέρας,
1676 1851 1752 1925 μὴ
1812 1850 1921 1924 μὴν

2024 654 2084 701 et
2126 655 2233 713 est,
2276 662 2495 719 semper
2530 650 2798 706 Dominus
2830 667 2896 707 ac
2938 653 3084 710 Deus
3120 656 3398 727 perfectus
3429 659 3621 720 Filius.

2026 738 2156 795 Ideo
2198 755 2334 796 vero
2380 742 2528 812 quod
2579 759 2691 798 non
2747 745 3005 802 omnibus
3044 749 3378 820 conspicuus
3430 754 3523 823 sit,
3568 766 3627 812 et

2027 830 2265 888 maxime
2301 832 2489 904 impiis
2517 833 2723 890 Iudaeis
2759 836 2828 891 ad
2854 837 3027 901 solam
3060 853 3283 897 carnem
3318 844 3623 915 respicien-

2024 924 2196 991 tibus,
2227 927 2492 997 parvulus
2523 928 2798 1000 quispiam
2841 931 3162 1003 putabatur.
3200 934 3455 1008 Cognitio
3490 956 3625 996 vero

2025 1016 2203 1089 ipsius
2249 1019 2498 1074 omnium
2550 1020 2855 1077 intellectui
2884 1025 3172 1095 aequaliter
3206 1033 3620 1102 correspondet,

2023 1117 2080 1164 et
2120 1126 2288 1180 parva
2332 1110 2444 1182 85
2486 1112 2713 1182 quidem
2758 1123 2843 1170 est
2877 1114 2933 1169 in
2965 1132 3156 1186 parvo,
3179 1136 3375 1192 magna
3402 1139 3535 1180 vero
3567 1125 3624 1181 in

2023 1202 2257 1273 magnis.
2288 1202 2454 1273 Atqui
2486 1204 2774 1277 prOpheta:
2791 1207 3014 1277 quidem
3036 1209 3250 1277 dicunt,
3276 1215 3424 1284 quod
3457 1235 3475 1268 ι
3503 1233 3624 1273 ma-

2023 1308 2165 1365 gnus
2190 1309 2254 1349 ac
2276 1295 2544 1352 terribilis
2572 1307 2657 1353 est
2705 1313 2872 1369 super
2913 1315 3106 1358 omnes
3142 1304 3234 1375 qui
3286 1306 3341 1362 in
3382 1308 3623 1365 circuitu

2024 1385 2281 1457 ipsius“,
2312 1407 2330 1439 ι
2353 1388 2461 1444 hoc
2481 1399 2585 1458 est,
2612 1392 2709 1462 qui
2736 1394 2882 1450 circa
2907 1394 3089 1466 ipsum
3110 1406 3239 1453 sunt
3268 1414 3368 1469 per
3391 1402 3622 1463 multam

2025 1483 2398 1553 sagacitatem.
2434 1486 2681 1542 Parturit
2702 1497 2888 1546 autem
2917 1491 3085 1547 etiam
3113 1493 3320 1550 Paulus
3351 1499 3622 1568 quosdam

2032 1591 2051 1623 ι
2091 1571 2267 1629 donec
2326 1575 2598 1632 formetur
2636 1578 2892 1638 Christus
2931 1582 2987 1638 in
3028 1582 3163 1654 ipsis
3199 1585 3266 1653 ⁸⁸,
3300 1606 3318 1639 ι
3365 1588 3471 1645 hoc
3511 1601 3618 1658 est,

2023 1663 2204 1721 donec
2246 1670 2430 1740 magni
2472 1679 2640 1743 atque
2674 1672 2932 1731 immensi
2984 1676 3294 1735 divinitatis
3337 1682 3459 1754 ejus
3486 1684 3621 1743 cha-

2023 1765 2270 1814 racteres
2297 1762 2561 1831 paulatim
2585 1764 2643 1820 in
2676 1780 2874 1821 eorum
2901 1768 3184 1826 mentibus
3209 1772 3619 1844 imprimantur.

2023 1847 2183 1917 Quod
2207 1868 2342 1909 vero
2371 1857 2547 1912 secuti
2571 1857 2683 1913 sint
2702 1857 2893 1915 famuli
2915 1876 3092 1933 usque
3116 1864 3184 1920 ad
3208 1868 3430 1925 tertium
3448 1869 3617 1939 diem,

322 1947 407 1999 καὶ
447 1946 862 2018 ἐπιτετράφθαι
896 1946 1038 2018 πρὸς
1074 1946 1175 2017 τὴν
1207 1946 1312 2017 γῆν
1349 1943 1784 2016 ἀνακομίζεσθαι
1820 1942 1910 2014 τὴν

2022 1957 2203 2012 neque
2252 1960 2580 2004 concessum
2615 1949 2685 2006 iis
2720 1948 2909 2019 fuerit,
2935 1961 2999 2008 ut
3023 1954 3091 2012 ad
3109 1958 3383 2015 excelsam
3410 1972 3468 2019 et
3487 1979 3619 2020 san-

318 2037 519 2108 ὑψηλήν
570 2056 641 2093 τε
692 2039 788 2092 καὶ
832 2038 1027 2111 ἱεράν,
1063 2037 1309 2104 καθίζειν
1364 2035 1422 2091 δέ
1474 2034 1678 2108 μᾶλλον
1733 2036 1919 2100 αὐτοῖς

320 2129 721 2201 προστετάχθαι
772 2131 917 2200 μετά
955 2129 1057 2200 τῆς
1106 2128 1253 2191 ὄνου,
1300 2127 1402 2199 τὴν
1448 2127 1536 2181 διά
1572 2127 1740 2197 νόμου
1779 2125 1917 2198 πρὸς

316 2221 435 2274 Θεὸν
460 2221 838 2294 ἀκολούθησιν
874 2219 984 2276 τῶν
1013 2220 1108 2275 δύο
1133 2220 1281 2275 λαῶν
1316 2219 1595 2291 ὑποδηλοῖ,
1632 2220 1728 2274 καὶ
1752 2219 1917 2290 μέχρι

316 2313 401 2368 τοῦ
434 2314 634 2387 τρίτου
669 2313 1083 2386 παρατείνασαν
1128 2314 1347 2386 χρόνου,
1383 2312 1653 2380 τουτέστι,
1701 2312 1796 2366 τοῦ
1825 2329 1918 2365 τε·

316 2402 573 2472 λευταίου,
619 2405 742 2460 καθ’
765 2406 825 2461 ὃν
860 2407 991 2476 ἡμῖν
1009 2406 1258 2477 ἐπεφάνη
1280 2406 1537 2478 Χριστός.
1565 2405 1728 2476 Τρισὶ
1749 2404 1858 2477 γάρ
1887 2406 1916 2457 ὁ

317 2495 523 2568 σύμπας
537 2497 684 2552 αἰὼν
707 2500 1060 2571 ἐκμετρεῖται
1080 2499 1310 2570 καιροῖς,
1333 2498 1714 2571 παρῳχηκότι,
1746 2498 1911 2569 φημὶ,

314 2588 403 2641 καὶ
437 2588 731 2653 ἐνεστῶτι,
760 2591 858 2644 καὶ
902 2589 1174 2661 μέλλοντι.
1208 2589 1420 2644 Οὐκοῦν
1446 2592 1505 2644 ἐν
1530 2590 1702 2663 τρίτῳ
1734 2590 1795 2644 τὸ
1825 2591 1916 2645 τέ-

313 2677 414 2744 λος.
458 2679 844 2752 Ἐπιδημῆσαί
888 2698 951 2753 γε
987 2681 1092 2754 μὴν
1126 2682 1220 2737 τὸν
1259 2683 1498 2755 Χριστὸν
1549 2685 1608 2737 ἐν
1664 2683 1914 2755 ἐσχάτοις

312 2768 397 2823 τοῦ
425 2770 635 2835 αίῶνος
664 2776 904 2844 καιροῖς,
934 2776 967 2845 ἡ
992 2773 1113 2826 θεία
1142 2772 1292 2844 λέγει
1312 2774 1528 2845 Γραφή.
1560 2774 1915 2827 Κατακολου-

313 2859 474 2934 θήσας
500 2863 698 2918 τοίνυν
720 2864 748 2917 ὁ
774 2864 993 2937 Ἰσραὴλ
1016 2864 1106 2919 διά
1133 2865 1303 2937 νόμου
1338 2865 1417 2937 τῷ
1452 2865 1593 2938 Θεῷ,
1626 2867 1720 2920 καὶ
1751 2867 1913 2939 μέχρι

310 2951 410 3006 τῶν
432 2953 658 3025 χρόνων
689 2956 790 3027 τῆς
829 2953 926 3009 τοῦ
961 2956 1218 3028 Σωτῆρος
1248 2956 1406 3028 ἡμῶν
1447 2955 1770 3029 ἐπιδημίας,
1810 2958 1912 3011 οὐκ

307 3043 529 3116 ἠθέλησε
558 3045 661 3099 διὰ
703 3046 805 3116 τῆς
839 3045 1081 3109 πίστεως
1108 3044 1473 3117 ἀκολουθῆσαι
1506 3044 1753 3117 Χριστῷ,
1773 3044 1912 3117 πρὸς

309 3137 395 3190 τὸν
436 3138 581 3211 ὑπὲρ
638 3137 863 3192 πάντων
913 3136 1265 3193 ἀναϐαίνοντι
1312 3136 1567 3199 θάνατον,
1602 3135 1805 3207 μᾶλλον
1853 3135 1911 3189 δὲ

308 3229 397 3284 καὶ
436 3230 758 3285 κεκώλυται
787 3221 879 3284 διὰ
927 3229 1132 3293 πολλὰς
1169 3231 1470 3303 ἁμαρτίας.
1502 3229 1770 3302 Πώρωσις
1797 3229 1911 3301 γὰρ

2021 2042 2167 2089 ctam
2203 2042 2409 2093 terram
2468 2040 2945 2111 conscenderent,
2986 2054 3042 2100 at
3085 2048 3272 2117 potius
3318 2051 3460 2122 jussi
3507 2053 3620 2110 sint

2019 2133 2215 2207 sedere
2248 2135 2326 2191 ibi
2350 2151 2476 2192 cum
2503 2138 2679 2205 asino,
2703 2139 2845 2196 duos
2866 2142 3099 2213 populos
3115 2159 3217 2215 per
3248 2146 3424 2218 legem
3442 2150 3617 2208 Deum

2018 2235 2313 2297 sequentes
2340 2229 2630 2302 signiﬁcat,
2666 2233 2734 2288 ad
2770 2235 2997 2291 tertium
3031 2244 3251 2309 tempus
3272 2256 3469 2312 usque,
3513 2245 3619 2303 hoc

2017 2327 2122 2385 est,
2152 2328 2521 2391 postremum,
2570 2323 2629 2379 in
2674 2341 2786 2396 quo
2835 2327 2999 2384 nobis
3032 2332 3288 2402 apparuit
3339 2333 3617 2396 Christus.

2018 2410 2224 2469 Tribus
2264 2415 2413 2470 enim
2449 2419 2794 2489 temporibus
2822 2421 3146 2479 universum
3192 2428 3454 2484 saeculum
3497 2447 3617 2489 me-

2018 2503 2210 2572 timur,
2262 2509 2565 2577 przeterito,
2622 2511 2868 2582 inquam,
2916 2517 3194 2586 praesenti,
3232 2526 3289 2574 et
3312 2519 3524 2587 futuro.
3555 2523 3617 2580 In

2017 2597 2184 2652 tertio
2223 2598 2393 2670 igitur
2435 2609 2684 2674 tempore
2719 2603 2846 2662 ﬁnis
2871 2606 3236 2679 signiﬁcatur.
3265 2612 3497 2672 Venisse
3521 2632 3619 2672 au-

2018 2696 2127 2743 tem
2164 2688 2447 2747 Christum
2478 2693 2536 2748 in
2571 2696 2782 2753 ultimis
2813 2699 3001 2755 saeculi
3035 2703 3383 2773 temporibus
3430 2706 3617 2765 divina

2016 2781 2307 2854 Scriptura
2347 2786 2444 2840 ait.
2478 2787 2716 2845 Secutus
2743 2806 2878 2863 ergo
2902 2792 3071 2850 Israel
3104 2796 3278 2852 Deum
3313 2814 3413 2869 per
3437 2800 3614 2873 legem

2015 2873 2183 2929 etiam
2221 2890 2397 2947 usque
2422 2876 2491 2933 ad
2517 2885 2762 2949 tempora
2789 2881 3058 2940 adventus
3087 2886 3264 2942 nostri
3292 2887 3613 2958 Salvatoris,

2014 2964 2195 3019 noluit
2238 2981 2339 3037 per
2377 2966 2543 3021 ﬁdem
2580 2971 2736 3041 sequi
2777 2971 3082 3043 Christum,
3134 2976 3204 3033 ad
3236 2987 3476 3036 mortem
3510 2998 3614 3054 pro

2016 3056 2279 3117 omnibus
2332 3058 2675 3115 subeundam
2725 3063 3059 3133 venientem,
3105 3067 3218 3123 imo
3252 3085 3387 3126 vero
3418 3073 3613 3142 prohi-

2014 3144 2182 3202 bitus.
2206 3155 2292 3203 est
2317 3147 2389 3203 ob
2422 3160 2778 3220 peccatorum
2819 3155 3253 3217 multitudinem.
3314 3162 3615 3223 Induratus

2013 3239 2162 3295 enim
2193 3249 2278 3297 est
2298 3256 2364 3297 ex
2400 3252 2556 3314 parte
2599 3244 2765 3302 Israel
2792 3265 2805 3301 :
2831 3249 2981 3320 quod
3005 3251 3346 3325 signiﬁcatur
3373 3273 3475 3329 per
3498 3260 3612 3317 asi-

308 3325 410 3378 ἀπδ
451 3325 669 3399 μέρους
698 3324 896 3395 γέγονε
936 3322 1019 3395 τῷ
1068 3324 1290 3397 Ἰσραήλ
1310 3341 1342 3417 Ἀ
1373 3325 1496 3398 ἥτις
1522 3323 1616 3417 διὰ
1785 3323 1908 3417 ὄνου

2014 3345 2169 3397 num,
2208 3332 2302 3403 qui
2326 3331 2550 3390 famulis
2577 3334 2791 3392 aderat.
2833 3322 3119 3411 Siquidem
3142 3322 3334 3403 asinus
3352 3322 3612 3417 extremae

308 3415 637 3488 σημαίνεται
653 3415 753 3487 τῆς
770 3417 887 3480 τοῖς
907 3414 1151 3480 οἰκέταις
1183 3413 1456 3486 συνούσης
1476 3414 1620 3469 τότε.
1658 3415 1911 3485 ’Δλογίας

308 3507 408 3581 γὰρ
443 3510 478 3581 ὴ
498 3509 630 3574 δνος
646 3509 747 3580 τῆς
773 3507 1017 3580 ἐσχάτης
1057 3506 1257 3563 είκών·
1298 3507 1524 3577 ἀλογίας
1552 3507 1609 3563 δὲ
1648 3508 1841 3563 τέκνον
1874 3510 1909 3581 ἡ

306 3597 577 3671 πώρωσις.
629 3599 706 3652 Τὸ
749 3598 833 3667 δὲ,
870 3599 981 3653 τῶν
1022 3599 1253 3654 οἰκετῶν
1295 3598 1761 3670 ἀπονοσφίζεσθαι
1809 3602 1909 3673 μὲν

309 3693 395 3746 καὶ
434 3693 756 3765 ἀναχωρεῖν
801 3693 923 3765 ἅμα
955 3691 1034 3767 τῷ
1073 3693 1177 3767 υίῷ
1219 3693 1314 3747 τὸν
1344 3693 1581 3767 πατέρα,
1622 3693 1699 3758 ὼς
1728 3693 1785 3747 δὲ
1814 3693 1910 3748 καὶ

306 3784 379 3849 είς
405 3780 563 3850 αὖθις
599 3784 873 3857 ἐπανήξει
907 3785 1092 3855 λέγειν
1116 3802 1131 3818 ⁸
1168 3785 1231 3858 (ι
1255 3785 1399 3856 Ἐγὼ
1438 3785 1569 3859 γάρ,
1613 3787 1768 3858 φησὶ,
1815 3786 1909 3863 καὶ

305 3872 362 3925 τὸ
392 3873 690 3945 παιδάριον
730 3874 1124 3948 διελευσόμεθα
1157 3876 1262 3941 ἐως
1302 3869 1429 3941 ὧδε,
1457 3877 1552 3930 καὶ
1593 3877 1908 3949 προσκυνή-

308 3980 492 4030 σαντες
530 3967 963 4040 ἀναστρέψομεν
1017 3969 1156 4042 πρὸς
1204 3970 1397 4042 ὑμᾶς,)
1431 3987 1450 4022 ι
1499 3970 1760 4041 σημαίνει
1804 3969 1906 4042 τὴν

307 4058 645 4133 πρόσκαιρον
687 4060 1039 4134 ἀναχώρησιν
1076 4062 1171 4117 τοῦ
1215 4062 1352 4117 Θεοῦ
1399 4061 1498 4136 τὴν
1524 4064 1590 4118 ἐκ
1617 4062 1728 4117 τῶν
1774 4062 1906 4117 υίῶν

317 4151 548 4225 Ἰσραὴλ,
583 4153 686 4207 καὶ
717 4152 819 4226 τὴν
864 4154 958 4208 ἐπὶ
982 4153 1129 4210 τέλει
1170 4153 1280 4209 τῶν
1322 4154 1537 4211 αἰώνων
1581 4157 1670 4209 ἐπ’
1704 4153 1906 4221 αὐτοὺς

305 4243 566 4318 ἐσομένην
608 4245 994 4318 ὑποστροφὴν,
1026 4247 1117 4302 διὰ
1145 4247 1247 4319 τῆς
1281 4250 1364 4312 εἰς
1393 4247 1630 4320 Χριστὸν
1665 4247 1905 4310 πίστεως

303 4337 752 4412 ἐπιτελουμένην.
789 4340 961 4394 Ὅταν
998 4341 1112 4414 γὰρ
1148 4341 1210 4395 τὸ
1254 4341 1532 4415 πλήρωμα
1568 4340 1679 4395 τῶν
1729 4339 1904 4395 ἐθνῶν

302 4430 535 4507 εἰσέλθῃ,
566 4433 698 4486 τότε
747 4434 856 4497 πᾶς
897 4433 1120 4506 Ἰσραὴλ
1151 4435 1480 4507 σωθήσεται.
1512 4434 1588 4488 Τὸ
1611 4433 1669 4488 δὲ
1707 4435 1784 4506 μὴ
1811 4433 1902 4490 λέ-

301 4537 411 4589 γειν
445 4524 549 4595 μὲν
584 4524 845 4598 ἐναργῶς
876 4525 971 4579 τὸν
1000 4526 1274 4597 μακάριον
1311 4525 1586 4600 Ἀϐραὰμ,
1611 4526 1694 4580 ὅτι
1722 4525 1902 4581 θύσων

300 4614 466 4671 ἀνεισι
494 4617 592 4672 τὸν
645 4617 787 4682 υἱὸν,
823 4618 1102 4691 πρόφασιν
1135 4618 1409 4689 δὲῶσπερ
1442 4620 1526 4685 τὸ,
1560 4639 1578 4674 ι
1619 4620 1769 4686 Ἕως
1793 4615 1896 4676 ὧδε

2013 3420 2454 3481 irrationalitatis
2481 3435 2567 3482 est
2596 3434 2775 3499 typus.
2818 3430 3259 3495 Irrationalitatis
3295 3455 3428 3497 vero
3463 3441 3613 3501 fetus

2011 3524 2099 3572 est
2135 3516 2448 3575 obduratio.
2489 3519 2649 3588 Quod
2688 3539 2822 3581 vero
2871 3541 2903 3582 a
2948 3525 3170 3585 famulis
3213 3543 3525 3605 separetur,
3553 3546 3612 3595 et

2010 3624 2124 3665 una
2156 3625 2283 3666 cum
2318 3610 2433 3668 ﬁlio
2475 3614 2737 3672 succedat
2769 3626 2946 3688 pater,
2990 3621 3253 3694 quodque
3294 3641 3492 3684 rursus
3516 3644 3609 3687 re-

2009 3716 2301 3758 versurum
2334 3720 2392 3761 se
2417 3704 2564 3762 dicat
2593 3725 2607 3762 :
2653 3708 2795 3781 «Ego
2816 3711 2988 3778 enim,
3008 3732 3028 3765 r
3064 3712 3270 3786 inquit,
3308 3735 3327 3770 ι
3355 3727 3416 3775 et
3444 3735 3607 3791 puer,

2010 3796 2371 3855 transibimus
2398 3816 2575 3872 usque
2606 3802 2739 3870 huc,
2764 3812 2821 3859 et
2849 3813 3146 3878 postquam
3164 3809 3607 3882 adoraverimus,

2008 3886 2315 3945 redibimus
2354 3890 2425 3945 ad
2471 3907 2571 3947 vos
2609 3893 2678 3960 "°,
2714 3913 2733 3946 ι
2778 3895 3051 3968 signiﬁcat
3085 3903 3471 3972 temporariam
3508 3906 3610 3965 Dci

2007 3990 2040 4031 a
2071 3975 2199 4033 ﬁliis
2229 3978 2399 4036 Israel
2430 3985 2858 4053 separationcm,
2910 3997 2968 4045 et
3016 3989 3074 4045 in
3129 3997 3611 4058 consummatione

2005 4069 2336 4140 speculorum
2374 4073 2616 4129 reditum
2656 4075 2725 4131 ad
2760 4077 2910 4150 ipsos
2944 4079 3194 4139 futurum
3224 4100 3326 4157 per
3350 4086 3518 4146 ﬁdem
3550 4091 3608 4149 in

2005 4161 2308 4220 Christum.
2358 4164 2590 4233 Quando
2646 4169 2797 4226 enim
2855 4192 2874 4225 ι
2899 4174 3189 4246 plenitudo
3227 4180 3478 4252 gentium
3518 4185 3608 4243 in-

2005 4271 2193 4327 gressa
2239 4256 2437 4326 fuerit,
2492 4267 2628 4317 tunc
2675 4265 2859 4321 omnis
2909 4265 3078 4324 Israel
3118 4270 3426 4328 salvabitur
3473 4275 3541 4328 ".
3576 4292 3600 4331 s

2003 4346 2162 4413 Quod
2185 4363 2319 4404 vero
2340 4349 2539 4407 beatus
2562 4351 2842 4411 Abraham
2866 4372 2979 4411 non
3004 4366 3194 4429 aperte
3232 4361 3401 4429 dicat,
3441 4380 3501 4421 se
3534 4367 3606 4425 ad

2004 4440 2428 4497 sacriﬁcandum
2459 4442 2634 4500 ﬁlium
2675 4462 2837 4504 suum
2875 4453 3277 4522 conscendere,
3310 4457 3407 4513 sed
3437 4473 3603 4516 occa—

2003 4530 2216 4587 sionem
2264 4540 2531 4604 prwtexat
2574 4556 2588 4593 :
2652 4558 2672 4591 ι
2713 4540 3097 4600 Transibimus
3152 4562 3328 4619 usque
3375 4549 3486 4608 huc
3523 4569 3539 4621 ;
3577 4573 3596 4607 ι

2002 4623 2295 4681 manifeste
2329 4623 2603 4696 signiﬁcat
2631 4630 2946 4689 Iudaeorum
2975 4637 3210 4708 populos
3244 4637 3451 4697 Christi
3479 4659 3600 4717 my-

300 4701 710 4776 διελευσόμεθα,
748 4725 769 4760 ι
794 4688 1002 4770 λαϐεῖν,
1028 4711 1259 4779 σημεῖον
1280 4706 1347 4764 ἀν
1368 4688 1580 4779 γένοιτο
1610 4710 1781 4805 σαφές
1803 4708 1897 4764 τοῦ

2012 4718 2178 4773 sterio
2212 4718 2378 4777 ﬁdem
2413 4739 2526 4779 non
2557 4724 2899 4785 adhibuisse.
2934 4688 3005 4784 Et
3033 4688 3202 4788 verus
3232 4734 3459 4805 quidem
3496 4688 3602 4795 hac

241 4857 251 4869 ,
305 4794 375 4868 μὴ
393 4797 764 4854 πεπιστεῦθαι
791 4802 905 4866 τοῖς
943 4798 1215 4854 Ἰουδαίων
1246 4800 1397 4864 λαοῖς
1428 4800 1490 4855 τὸ
1515 4799 1757 4873 Χριστοῦ
1790 4818 1896 4872 μυ-

305 4888 535 4961 στήριον.
577 4891 693 4948 Καὶ
728 4891 941 4965 ἀληθὴς
971 4895 1104 4965 ἡμῖν
1148 4893 1178 4947 ὁ
1220 4893 1353 4965 περὶ
1402 4890 1596 4946 τούτου
1644 4895 1896 4962 φανεῖται

301 4978 472 5050 λόγος,
518 4984 657 5040 ὅταν
692 4983 895 5057 ἴδωμεν
938 4984 1032 5039 τὸν
1071 4984 1280 5057 Ἰησοῦν
1329 4983 1743 5059 προσλαλοῦντα
1796 4984 1894 5057 μὲν

313 5072 582 5141 Ἰουδαίοις
615 5075 691 5141 ὡς
740 5078 799 5131 ἐν
852 5077 1195 5148 παραϐολαῖς
1252 5077 1350 5131 καὶ
1408 5076 1477 5132 δι’
1531 5075 1896 5147 αίνιγμάτων,

303 5160 525 5232 λέγοντα
567 5166 629 5221 δὲ
656 5168 753 5222 καὶ
788 5167 927 5239 πρὸς
960 5167 1087 5231 τοὺς
1115 5166 1309 5221 ἐαυτοῦ
1344 5166 1593 5239 μαθητάς
1614 5185 1626 5199 ·
1666 5184 1687 5220 σ
1739 5167 1897 5239 Ὑμῖν

302 5252 501 5311 δέδοται
530 5256 741 5327 γνῶναι
766 5259 837 5313 τά
865 5260 1144 5331 μυστήρια
1173 5259 1273 5331 τῆς
1303 5256 1587 5329 βασιλείας
1607 5257 1702 5312 τοῦ
1730 5258 1892 5325 Θεοῦ,

300 5348 405 5412 τοῖς
435 5346 493 5402 δὲ
526 5346 744 5414 λοιποῖς
763 5350 822 5403 ἐν
854 5349 1220 5421 παραϐολαῖς.
1259 5368 1279 5402 ι
1314 5349 1389 5403 Τὸ
1415 5349 1474 5404 δέ
1497 5366 1563 5420 γε
1582 5350 1893 5422 παιδάριον,

301 5441 599 5508 τουτέστιν,
635 5442 664 5496 6
706 5441 918 5503 Ἰσαὰκ.
952 5445 1068 5506 τοῖς
1098 5441 1203 5513 τῆς
1239 5441 1665 5507 ὁλοκαυτώσεως
1712 5442 1895 5511 ξύλοις

304 5530 719 5606 κατεφορτίζετο
756 5534 849 5590 διὰ
879 5534 1063 5608 χειρὸς
1097 5534 1192 5590 τοῦ
1220 5537 1451 5610 πατρὸς,
1474 5538 1569 5591 καὶ
1597 5537 1763 5609 μέχρι
1786 5538 1894 5591 τῶν
1932 5574 1933 5577 η

303 5620 396 5691 τῆς
435 5623 630 5689 θυσίας
660 5625 978 5697 ἀφικνεῖται
1015 5626 1219 5681 τόπων.
1261 5626 1609 5698 Ἐπωμάδιον
1644 5628 1755 5700 γὰρ
1800 5629 1892 5682 τὸν

305 5718 493 5772 οἰκεῖον
536 5719 724 5791 φέρων
782 5720 1040 5793 σταυρὸν,
1094 5718 1203 5787 ἔξω
1253 5718 1356 5791 τῆς
1419 5719 1597 5793 πύλης
1629 5720 1833 5775 ἔπαθεν
1863 5724 1892 5777 ὀ

2003 4810 2072 4866 de
2109 4826 2169 4867 re
2201 4828 2386 4870 sermo
2423 4816 2586 4873 nobis
2610 4818 2911 4889 videbitur,
2937 4836 3066 4879 cum
3097 4824 3386 4885 videamus
3408 4827 3599 4886 Iesum
3638 4881 3647 4889 .

2002 4901 2241 4971 Iudaeos,
2291 4907 2466 4962 veluti
2517 4909 2574 4964 in
2623 4912 2923 4982 parabolis,
2972 4914 3368 4988 alloquentem,
3394 4921 3510 4995 86
3542 4932 3600 4979 et

2003 5006 2103 5065 per
2153 4993 2359 5067 ﬁguras
2388 5014 2404 5066 ;
2443 4999 2512 5055 ad
2559 4999 2865 5074 discipulos
2901 5012 3087 5061 autem
3115 5024 3248 5066 suos
3275 4993 3592 5071 dicentém:

2005 5104 2024 5136 ε
2055 5085 2229 5143 Vobis
2257 5087 2450 5145 datum
2477 5100 2563 5147 est
2592 5108 2755 5151 nosse
2801 5098 3063 5169 mysteria
3103 5101 3257 5173 regni
3297 5103 3417 5173 Dei,
3461 5107 3599 5187 reli-

1994 5178 2123 5248 quis
2165 5195 2301 5236 vero
2355 5183 2412 5237 in
2455 5185 2737 5256 parabolis
2779 5189 2845 5243 ⁷⁸.
2882 5208 2902 5243 ι
2959 5190 3105 5249 Puer
3152 5210 3307 5264 vero,
3351 5197 3460 5257 hoc
3487 5178 3595 5268 est,

1992 5268 2168 5337 Isaac,
2205 5271 2375 5345 lignis
2411 5274 2481 5332 ad
2514 5276 2850 5335 sacriﬁcium
2873 5282 3212 5349 Onerabatur
3236 5305 3338 5360 per
3368 5308 3593 5352 manum

1994 5355 2190 5431 patris,
2228 5376 2287 5422 et
2320 5383 2496 5439 usque
2527 5369 2595 5425 ad
2629 5370 2813 5428 locum
2846 5375 3104 5436 sacriﬁcii
3134 5355 3404 5453 procedit.
3428 5386 3595 5444 Chri-

1998 5460 2118 5508 stus
2152 5455 2303 5510 enim
2344 5460 2627 5531 propriam
2670 5477 2891 5521 crucem
2918 5467 3167 5528 humeris
3198 5483 3419 5546 gestans
3439 5488 3593 5555 extra

1995 5553 2212 5615 portam
2261 5562 2457 5618 passus
2502 5559 2609 5619 est,
2654 5569 2766 5612 non
2811 5556 3054 5619 humana
3091 5564 3143 5619 vi
3174 5566 3245 5622 ad
3276 5567 3591 5638 passionem

1995 5644 2240 5703 coactus,
2291 5639 2386 5697 sed
2432 5657 2501 5698 ex
2541 5646 2766 5716 propria
2822 5650 3107 5709 voluntate
3141 5664 3197 5710 et
3234 5656 3459 5712 decreto
3493 5657 3591 5714 Dei

1994 5740 2060 5782 ac
2108 5727 2309 5796 Patris,
2348 5732 2505 5804 juxta
2544 5733 2600 5790 id
2641 5736 2788 5808 quod
2824 5738 2942 5811 ipse
2973 5743 3172 5800 Pontio
3202 5746 3385 5807 Pilato
3412 5746 3585 5809 dixit:

334 5829 382 5862 “
413 5832 553 5889 Psal.
600 5850 859 5901 Lxxavur,
889 5833 940 5890 8.
1019 5835 1067 5871 ⁶⁹
1099 5833 1279 5893 Galat.
1309 5851 1384 5904 IV,
1425 5835 1513 5893 l9.
1594 5836 1643 5869 τ’
1672 5834 1810 5893 Gen.
1845 5853 1979 5908 XXII,
2006 5841 2060 5897 5.
2102 5842 2148 5874 '“
2179 5843 2341 5913 Rom,
2367 5864 2441 5916 iu,
2468 5850 2558 5906 26.
2641 5854 2686 5887 ⁷³
2709 5853 2903 5911 Matth.
2929 5873 3045 5926 xm,
3070 5858 3131 5913 Il
