4092 6476
486 448 598 506 Ίιίὅ

1527 444 1583 503 S.
1624 445 1902 504 CYRHJJ
1940 443 2415 503 ALEXANDRINI
2457 442 2787 531 ARCBIEP.’

3673 452 3773 511 lit

496 586 517 618 1
560 565 680 621 Non
717 565 950 621 haberes
985 565 1249 621 adversus
1284 580 1372 620 me
1404 572 1733 636 potestatem
1756 566 1943 632 ullam,
1975 565 2082 621 nisi

2203 562 2446 635 Κριστὸς,
2472 563 2575 616 οὑκ
2611 561 2669 629 ἐξ
2700 559 3049 632 ἀνθρωπίνης
3093 558 3275 632 ἰσχύος
3302 560 3664 635 βεϐιασμένος
3695 568 3773 633 εἰς

494 659 619 713 data
652 657 930 714 tibi‘esset
953 658 1193 729 desuper
1220 659 1286 711 ".
1317 676 1335 709 ι
1374 658 1670 729 impositus
1699 667 1882 713 autem
1923 658 2087 730 lignis

494 752 664 817 lsaac,
705 767 735 806 a
774 761 951 806 morte
994 761 1051 807 et
1086 751 1341 822 passione
1375 750 1657 805 eximitur.
1697 751 1855 806 Aries
1893 766 2027 807 vero
2057 767 2087 806 a

496 844 609 897 Deo
656 842 818 898 datus
864 842 919 897 in
964 841 1299 898 sacrificium
1350 842 1618 897 ascendit.
1660 843 1793 899 Erat
1822 843 1971 898 enim
1996 858 2087 899 re-

493 949 623 988 vera
673 934 821 1005 quod
873 949 941 988 ex
983 934 1225 991 essentia
1270 934 1370 991 Dei
1413 951 1479 991 ac
1517 935 1699 991 Patris
1737 944 1919 992 ortum
1970 943 2089 993 erat

496 1026 738 1081 Verbum
757 1026 812 1080 in
831 1026 1054 1097 proprio
1080 1028 1306 1099 templo,
1329 1026 1474 1098 quod
1491 1042 1560 1081 ex
1575 1028 1819 1099 Virgine,
1841 1029 2085 1100 inquam,

493 1115 657 1170 etiam
698 1116 847 1187 ligno
889 1116 1067 1172 atiixo.
1112 1118 1399 1174 Exsistens
1423 1134 1556 1174 vero
1579 1127 1642 1173 ut
1677 1120 1844 1186 Deus,
1870 1119 2089 1190 impati—

485 1207 622 1267 bilis
648 1217 705 1264 et
746 1210 1093 1277 immortalis,
1148 1226 1179 1266 a
1231 1220 1411 1267 morte
1450 1219 1506 1266 et
1544 1211 1799 1283 passione
1844 1213 2090 1283 scipsum

479 1302 716 1357 exemit.
765 1301 1032 1358 Ascendit
1076 1310 1260 1359 autem
1301 1303 1359 1358 in
1403 1304 1630 1360 odorem
1666 1304 1951 1359 suavitatis
1978 1305 2091 1360 Deo

494 1407 559 1447 ac
583 1392 733 1448 Patri
764 1409 863 1464 per
893 1396 1181 1467 proprium
1220 1411 1444 1467 corpus,
1484 1396 1632 1466 quod
1661 1396 1777 1466 ipse
1811 1396 2090 1467 accepisse

495 1486 701 1542 dicitur
751 1502 781 1541 a
824 1487 1004 1553 Patre,
1051 1491 1205 1562 juxta
1239 1489 1294 1544 id
1330 1489 1479 1561 quod
1521 1491 1577 1544 in
1612 1489 1844 1545 Psalmis
1880 1489 2089 1546 dictum

481 1585 599 1643 est,
635 1580 808 1636 veluti
830 1581 904 1637 ab
933 1582 1052 1654 ipso
1079 1601 1092 1636 :
1128 1602 1146 1634 ι
1181 1583 1520 1639 Sacrificium
1544 1591 1602 1639 et
1628 1583 1964 1640 oblationem
1988 1600 2089 1640 no-

479 1668 645 1725 iuisti
674 1688 686 1724 :
718 1686 919 1742 corpus
956 1682 1140 1728 autem
1175 1672 1453 1744 perfecisti
1487 1673 1647 1739 mihi,
1691 1675 2011 1731 holocausta
2035 1683 2093 1731 et

482 1777 598 1832 'pro
625 1774 849 1835 peccato
878 1782 988 1820 non
1024 1766 1333 1837 postulasti.
1370 1766 1526 1821 Tunc
1556 1766 1666 1843 dixi
1694 1785 1706 1821 :
1739 1768 1880 1824 Ecce
1906 1768 2088 1824 venio.

484 1856 556 1911 In
592 1857 773 1927 capite
802 1858 930 1912 libri
960 1859 1232 1929 scriptum
1258 1866 1345 1915 est
1373 1860 1441 1915 de
1475 1875 1586 1927 me,
1612 1860 1686 1917 Ut
1722 1859 1963 1917 facerem
1994 1877 2091 1918 vo-

2188 655 2252 709 τὸ
2281 654 2497 718 παθεῖν,
2521 653 2636 708 ἀλλ’
2662 654 2733 707 ἐκ
2763 651 3069 723 θελήματος
3095 653 3320 720 οἰκείου,
3347 654 3443 709 καὶ
3464 653 3660 724 βουλῆς
3681 657 3774 713 τοῦ

2189 748 2325 803 Θεοῦ
2361 750 2457 802 καὶ
2494 745 2730 819 Πατρδς,
2768 746 2908 800 κατὰ
2931 745 2992 800 τὸ
3022 748 3313 819 εἰρημένον
3347 749 3479 820 παρ’
3510 747 3677 805 αὐτοῦ
3700 750 3777 822 τῷ

2190 841 2402 913 Ποντίῳ
2429 841 2666 910 Πιλάτῳ,
2705 858 2723 890 ι
2765 839 2879 893 Οὐκ
2913 838 3058 909 ἔχεις
3085 841 3206 893 κατ’
3233 838 3371 912 ἐμοῦ
3400 840 3651 907 ἐξουσίαν
3683 843 3778 895 οὒ-

2188 931 2404 1005 δεμίαν,
2431 933 2479 984 εί
2513 929 2587 1003 μὴ
2606 927 2675 1003 ἦν
2700 931 2984 1003 δεδομένον
3018 949 3099 985 σοι
3145 931 3373 987 ἄνωθεν.
3411 951 3431 986 ι
3475 933 3778 999 Ἐπιτεθεὶς

2188 1025 2246 1079 δὲ
2265 1026 2376 1088 τοῖς
2402 1023 2582 1091 ξύλοις
2609 1024 2638 1076 6
2684 1021 2892 1090 Ἰσαὰκ,
2925 1022 3138 1078 καὶτοῦ
3175 1022 3410 1079 θανάτου
3435 1026 3530 1080 καὶ
3554 1025 3649 1080 τοῦ
3674 1043 3780 1080 πα·-

2190 1115 2303 1171 θεῖν
2325 1116 2753 1171 ὑποκλέπτεται.
2781 1114 2955 1188 Κριὸς
2975 1115 3033 1169 δὲ
3054 1117 3136 1181 εἰς
3157 1117 3257 1188 τὴν
3284 1117 3476 1172 θυσίαν
3496 1117 3778 1173 ἀναϐαίνει

2190 1208 2491 1273 θεόσδοτος.
2529 1209 2642 1262 Καὶ
2682 1206 2794 1280 γὰρ
2826 1203 2893 1280 ἦν
2942 1208 3041 1279 μὲν
3080 1208 3249 1273 ὅντως
3279 1211 3309 1263 6
3349 1210 3415 1263 ἐκ
3451 1210 3553 1281 τῆς
3590 1210 3781 1275 οὐσίας

2187 1300 2283 1355 τοῦ
2329 1300 2466 1354 Θεοῦ
2506 1301 2601 1354 καὶ
2642 1299 2858 1372 Πατρδς
2895 1299 3221 1370 ἀναλάμψας
3250 1300 3423 1370 Λόγος
3457 1301 3517 1357 ἐν
3554 1300 3634 1374 τῷ
3668 1301 3784 1372 ἰδίῳ

2190 1393 2325 1465 ναῷ,
2370 1394 2448 1464 τῷ
2480 1396 2544 1448 ἐκ
2567 1391 2872 1465 Παρθένου,
2911 1395 3078 1464 φημὶ,
3127 1394 3222 1447 καὶ
3265 1393 3679 1465 προσηλωθὲνττ
3705 1392 3786 1466 τῷ

2193 1487 2359 1560 ξύλῳ.
2405 1487 2707 1558 ’Υπάρχων
2742 1486 2799 1539 δὲ
2826 1486 2903 1551 ὡς
2936 1486 3069 1551 Θεὸς
3098 1486 3318 1558 ἀπαθὴς
3360 1488 3455 1541 καὶ
3491 1487 3782 1554 ἀθάνατος,

2189 1581 2286 1635 καὶ
2315 1581 2548 1636 θανάτου
2574 1582 2670 1634 καὶ
2700 1578 2908 1642 πάθους
2934 1580 3126 1634 ἐαυτὸν
3153 1579 3440 1650 ὑπεξάγει.
3477 1580 3784 1634 Ἀναϐαἰνει

2190 1675 2246 1729 δὲ
2280 1676 2359 1739 εἰς
2383 1674 2560 1746 ὀσμὴν
2583 1674 2815 1738 εὐωδίας
2850 1672 2930 1744 τῷ
2950 1672 3069 1745 Θεῷ
3094 1673 3188 1727 καὶ
3221 1673 3399 1745 Πατρί,
3421 1672 3512 1727 διὰ
3527 1672 3620 1727 τοῦ
3654 1673 3785 1728 ἰδίου

2193 1765 2471 1838 σώματος,
2513 1767 2651 1840 ὅπερ
2698 1766 2861 1831 αὐτὸς
2910 1766 3190 1837 εἰληφέναι
3235 1765 3457 1835 λέγεται
3505 1766 3662 1838 παρὰ
3691 1766 3787 1821 τοῦ

2195 1860 2429 1932 Πατρὸς,
2462 1860 2603 1913 κατὰ
2629 1860 2691 1913 τὸ
2718 1861 2777 1915 ἐν
2810 1860 3065 1933 Ψαλμοῖς
3095 1860 3386 1932 εἰρημένον
3413 1859 3491 1925 ὡς
3527 1862 3663 1934 παρ’
3685 1862 3788 1916 αὒ-

497 1948 760 2003 hmtatem
793 1960 963 2014 tuam,
1001 1949 1147 2005 Deus
1179 1966 1357 2016 meus,
1391 1951 1541 2006 volui
1587 1952 1655 2006 ".
1690 1971 1709 2005 ›
1757 1950 1913 2019 Quod
1956 1968 2091 2009 vero

2203 1951 2317 2005 τοῦ·
2353 1971 2372 2005 ι
2409 1951 2614 2007 Θυσίαν
2637 1953 2733 2007 καὶ
2769 1954 3090 2026 προσφορὰν
3127 1954 3231 2008 οὐκ
3272 1952 3571 2025 ἠθέλησας,
3625 1953 3793 2027 σῶμα

496 2052 618 2108 qua:
640 2038 695 2093 in
733 2038 988 2105 historia,
1015 2057 1181 2112 quam
1209 2056 1324 2112 prae
1347 2042 1606 2099 manibus
1625 2042 1918 2110 habemus,
1953 2059 2089 2100 con-

497 2131 765 2197 tinentur,
807 2132 1037 2203 pulchre
1074 2133 1370 2189 admodum
1420 2134 1489 2190 ad
1518 2133 1801 2192 Christum
1841 2134 2091 2190 referan-

499 2233 609 2289 tur,
662 2224 970 2279 testabatur
1014 2225 1133 2296 ipse
1184 2226 1418 2282 dicens:
1455 2246 1473 2277 ‹
1500 2227 1559 2283 In
1590 2227 1769 2298 capite
1801 2227 1929 2282 libri
1951 2229 2093 2284 scri-

498 2325 655 2386 ptum
689 2323 775 2371 est
812 2315 881 2372 de
916 2331 1054 2372 me.»
1095 2317 1296 2375 Totum
1333 2318 1482 2375 enim
1518 2319 1717 2392 Moysis
1746 2320 2004 2376 volumen
2034 2323 2093 2377 in

499 2410 744 2481 quinque
782 2411 957 2467 libros
992 2420 1078 2468 est
1098 2413 1384 2484 partitum.
1412 2412 1589 2483 Caput
1614 2419 1797 2470 autem
1821 2414 2093 2485 quodam-

501 2502 666 2559 modo
704 2511 761 2559 et
799 2504 1130 2575 principium
1174 2504 1343 2560 totius
1377 2503 1675 2562 voluminis
1722 2515 1807 2563 est
1859 2507 2092 2574 Genesis,

481 2595 556 2650 'in
606 2611 714 2667 qua
747 2596 864 2652 haec
893 2597 962 2653 de
999 2613 1066 2653 eo
1106 2596 1307 2669 scripta
1344 2605 1491 2653 sunt.
1522 2596 1679 2665 Quod
1712 2614 1845 2655 vero
1874 2615 2093 2655 rursum

496 2696 683 2758 caput,
723 2688 779 2742 in
819 2688 991 2743 sacris
1021 2687 1209 2746 Libris
1240 2688 1577 2760 principium
1608 2691 1901 2762 signiﬁcet,
1934 2691 2095 2748 facile

481 2780 818 2836 oeonstiterit
849 2781 924 2847 ei,
955 2782 1049 2853 qui
1082 2781 1215 2837 illud
1248 2798 1279 2837 a
1304 2782 1476 2837 Paulo
1502 2782 1713 2839 dictum
1738 2784 2093 2841 intellexerit:

509 2889 528 2920 α
569 2870 706 2938 Quia
732 2872 913 2927 omnis
952 2872 1056 2926 viri
1102 2879 1269 2943 caput
1300 2880 1386 2928 est
1410 2870 1688 2940 Christus,
1720 2883 1887 2945 caput
1910 2883 2095 2931 autem

500 2965 755 3021 mulieris
778 2966 904 3032 ’vir,
942 2976 1109 3037 caput
1145 2972 1330 3020 autem
1360 2963 1588 3031 Christi,
1623 2965 1770 3022 Deus
1792 2967 1858 3021 ⁷⁵.
1888 2986 1907 3019 ι
1939 2966 2101 3023 Prin-

501 3055 707 3127 cipium
755 3055 903 3113 enim
956 3057 1064 3111 viri
1105 3065 1191 3111 est
1238 3053 1514 3120 Christus,
1543 3054 1746 3126 quippe
1784 3055 1877 3126 qui
1912 3071 2040 3111 eum
2067 3070 2101 3111 a

488 3163 613 3204 'non
658 3161 781 3203 esse
806 3147 875 3203 ad
922 3162 1045 3203 esse
1075 3145 1415 3218 perduxerit.
1444 3144 1783 3217 Principium
1810 3162 1945 3202 vero
1970 3162 2098 3202 rur-

503 3255 600 3296 sus
647 3240 898 3296 mulieris
935 3240 1045 3307 vir,
1100 3226 1325 3310 propter
1370 3237 1425 3292 id
1475 3237 1623 3309 quod
1669 3237 1877 3294 dictum
1907 3245 2011 3304 est,
2043 3248 2100 3295 et

494 3346 635 3389 vere
666 3332 870 3388 factum
897 3350 908 3385 :
942 3351 958 3384 ι
988 3331 1109 3402 Ipsa
1130 3330 1420 3386 vocabitur
1451 3329 1670 3395 mulier,
1708 3331 1837 3402 quia
1874 3346 1940 3385 ex
1977 3329 2099 3385 viro

494 3424 682 3496 ipsius
720 3432 1001 3495 assumpta
1029 3431 1111 3479 est
1146 3423 1213 3477 ⁷⁸.
1251 3440 1269 3473 ι
1312 3420 1518 3477 Christi
1553 3429 1735 3477 autem
1765 3421 2099 3493 principium

500 3518 680 3571 Deum
706 3516 885 3586 ipsum
916 3530 1036 3570 esse
1081 3513 1193 3581 ait;
1235 3513 1509 3584 siquidem
1545 3527 1613 3567 ex
1637 3512 1756 3583 ipso
1793 3511 2099 3567 sectindum

508 3616 763 3664 naturam
816 3616 900 3662 est
948 3607 1138 3673 Filius,
1185 3615 1242 3661 et
1283 3605 1616 3677 principium
1667 3604 1835 3660 habet
1881 3603 2098 3659 Patrem

509 3700 786 3771 principio
822 3708 1122 3766 carentem,
1172 3696 1282 3770 87
1335 3697 1670 3769 sempiterne
1723 3695 1928 3767 alioqui
1975 3711 2100 3751 cum

512 3795 634 3861 ipso
660 3790 1017 3848 cocxsistens.

2192 2044 2251 2099 δὲ
2278 2044 2598 2117 κατηρτίσω
2618 2062 2731 2117 μοι,
2760 2044 3212 2118 ὁλοκαυτώματα,
3232 2045 3327 2099 καὶ
3355 2046 3485 2119 περὶ
3508 2047 3792 2117 ἁμαρτίας

2193 2137 2295 2191 οὐκ
2325 2136 2647 2208 εὐδόκησας.
2671 2136 2808 2191 Τότε
2838 2132 3013 2191 εἷπον·
3055 2136 3193 2192 Ἰδοὺ
3219 2136 3360 2208 ἥκω.
3408 2138 3496 2193 Ἐν
3536 2137 3794 2207 κεφαλίδι

2196 2228 2407 2300 βιϐλίου
2434 2228 2750 2301 γέγραπται
2769 2246 2836 2283 πε
2844 2228 2900 2300 pl.
2920 2228 3054 2300 ἐμοῦ
3074 2246 3088 2261 ο
3110 2228 3217 2283 Τοῦ
3245 2228 3472 2301 ποιῆσαι
3492 2229 3552 2284 τὸ
3566 2230 3790 2303 θέλημά

2197 2340 2292 2376 σου
2333 2320 2664 2394 ἠϐουλήθην.
2721 2341 2740 2374 ι
2790 2322 3003 2376 Ὅτιδέ
3058 2320 3127 2376 τὰ
3170 2323 3233 2376 ἐκ
3283 2321 3384 2394 τῆς
3428 2322 3796 2396 προτεθείσης

2194 2413 2328 2485 ἡμῖν
2359 2414 2600 2485 ἱστορίας
2626 2412 2808 2477 καλῶς
2836 2413 2900 2484 δὴ
2930 2412 3053 2466 λίαν
3084 2414 3163 2477 εἰς
3196 2411 3433 2485 Χριστὸν
3467 2413 3800 2485 άνοισθήσεο

2195 2521 2309 2569 ται,
2333 2505 2680 2578 μαρτυρήσει
2702 2504 2867 2560 πάλιν
2895 2505 3055 2568 αὑτός
3087 2521 3187 2557 που
3210 2503 3387 2575 λέγων
3410 2522 3423 2535 ο
3459 2524 3478 2557 ι
3513 2502 3605 2560 Ἐν
3626 2523 3800 2577 κεφα-
3828 2578 3836 2584 ⁸

2192 2595 2300 2650 λίδι
2345 2594 2553 2668 βιϐλίου
2605 2596 2920 2671 γέγραπται
2969 2597 3101 2669 περί⁸
3141 2595 3299 2669 ἐμοῦ.
3357 2615 3377 2650 ι
3425 2596 3646 2651 Βιϐλίον
3685 2597 3797 2670 γὰρ

2198 2686 2539 2759 πενταμερές
2586 2686 2707 2742 ὅλον
2742 2688 2859 2742 ἐστὶ
2895 2686 2957 2741 τὸ
3002 2687 3253 2752 Μωσέως
3295 2687 3612 2757 σοφώτατον
3660 2688 3796 2759 σύγ-

2198 2794 2453 2850 γραμμα.
2514 2779 2743 2851 Κεφαλὴ
2783 2779 2838 2833 δὲ
2881 2778 3070 2853 ὥσπερ
3105 2781 3202 2835 καὶ
3250 2780 3395 2853 ἀρχὴ
3427 2779 3524 2836 τοῦ
3579 2780 3797 2853 βιϐλίου

2199 2870 2423 2936 παντὸς,
2458 2872 2489 2942 ἡ
2523 2871 2758 2943 ἐπίκλην
2799 2870 3077 2941 Γένεσις,
3113 2874 3172 2927 ἐν
3197 2866 3433 2950 ᾖταῦτα
3471 2876 3799 2948 γέγραπται

2200 2960 2329 3034 περί
2374 2962 2638 3035 Χριστοῦ.
2683 2963 2807 3017 Ὅτι
2850 2963 2907 3018 δὲ
2941 2963 3107 3018 πάλιν
3134 2964 3170 3038 ὴ
3205 2963 3444 3036 κεφαλὴ
3477 2965 3578 3038 τὴν
3618 2966 3801 3039 ἀρχὴν

2201 3053 2353 3126 παρὰ
2381 3056 2501 3120 ταῖς
2528 3054 2703 3122 θείαις
2731 3055 2989 3128 σημαίνει
3016 3057 3285 3130 Γραφαῖς,
3320 3058 3803 3134 πληροφορηθήσῃ

2201 3146 2405 3213 καλῶς,
2420 3148 2595 3202 ἐκεῖνο
2621 3149 2995 3221 συνιείς,δπερ
3013 3150 3041 3203 ὁ
3056 3149 3267 3214 Παῦλός
3291 3166 3456 3221 φησιν
3479 3167 3495 3182 ’
3526 3169 3543 3203 ι
3558 3134 3803 3223 ’Ὀτιπερ

2203 3240 2406 3306 παντὸς
2446 3240 2637 3313 ἀνδρὸς
2658 3242 2691 3315 ἡ
2716 3242 2955 3313 κεφαλὴ,
2979 3244 3007 3297 ὁ
3025 3242 3270 3315 Χριστὸς
3298 3243 3721 3317 ἐστιν.Κεφαλὴ
3745 3244 3804 3300 δὲ

2209 3333 2494 3404 γυναικὸς,
2510 3334 2711 3407 όὰνήρ.
2737 3334 2965 3406 Κεφαλὴ
2986 3335 3044 3389 δὲ
3071 3335 3334 3408 Χριστοῦ,
3355 3338 3383 3391 6
3398 3335 3585 3401 Θεός.»
3626 3336 3806 3409 Ἀρχὴ

2209 3426 2310 3498 μὲν
2344 3425 2453 3498 γὰρ
2476 3424 2569 3479 τοῦ
2611 3425 2804 3499 ἀνδρὸς
2830 3428 2859 3481 6
2890 3428 3125 3499 Χριστὸς
3145 3469 3160 3495 ,
3191 3427 3267 3492 ὡς
3305 3428 3372 3482 ἐκ
3402 3429 3497 3484 τοῦ
3531 3429 3615 3502 μὴ
3645 3429 3806 3494 ὄντος

2207 3517 2288 3583 εἰς
2320 3517 2382 3571 τὸ
2417 3512 2558 3571 εἶναι
2590 3516 2969 3589 παρενεγκών.
3013 3516 3184 3591 Ἀρχὴ
3221 3517 3278 3571 δὲ
3310 3517 3472 3573 πάλιν
3514 3520 3671 3574 ἐστὶν
3705 3518 3806 3589 τῆς

2216 3610 2477 3678 γυναικὸς
2526 3611 2554 3664 ό
2597 3609 2758 3682 ἀνὴρ,
2795 3609 2883 3664 διὰ
2916 3609 2978 3664 τὸ
3023 3609 3314 3682 εἰρημένον
3348 3625 3408 3663 τε
3433 3610 3525 3664 καὶ
3575 3610 3809 3682 ἀληθῶς

2215 3701 2630 3774 πεπραγμένον·
2682 3720 2701 3754 ι
2736 3699 2884 3773 Αὕτη
2932 3700 3268 3772 κληθήσεται
3307 3701 3466 3773 γυνὴ,
3492 3700 3576 3755 ὅτι
3606 3702 3677 3754 ἐκ
3710 3698 3808 3756 τοῦ

2210 3792 2404 3865 ἀνδρὸς
2448 3794 2621 3865 αὐτῆς
2668 3792 2899 3866 ἐλήφθη.
2935 3811 2954 3844 ι
3004 3792 3247 3865 Χριστοῦ
3282 3794 3342 3848 δὲ
3389 3792 3591 3867 ἀρχὴν,
3639 3791 3811 3847 αὐτὸν

512 3881 655 3941 εἷναί
678 3902 813 3955 φησι
857 3884 950 3938 τὸν
990 3884 1145 3951 Θεὸν,
1184 3882 1417 3956 ἐπείπερ
1452 3884 1511 3952 ἐξ
1552 3883 1716 3938 αὐτοῦ
1751 3883 1894 3938 κατὰ
1937 3883 2097 3955 φύσιν
2136 3884 2285 3940 ἐστὶν
2336 3888 2365 3941 6
2419 3885 2565 3955 Υἱὸς,
2603 3888 2697 3942 καί
2718 3886 2892 3960 ἀρχὴν
2914 3885 3147 3959 ἄναρχος
3176 3887 3287 3959 ἔχει
3317 3885 3409 3940 τὸν
3436 3887 3813 3960 γεννήσαντα,

514 3982 652 4056 μετὰ
676 3982 772 4036 καὶ
808 3980 902 4035 τοῦ
936 3981 1305 4052 συνυπάρχειν
1334 3982 1521 4045 ἀϊδίως
1557 3980 1727 4053 αὐτῷ.

583 4078 637 4132 5.
677 4074 893 4148 Optime
950 4076 1140 4148 igitur,
1170 4090 1291 4129 mea
1343 4070 1569 4146 quidem
1621 4077 1929 4144 sententia,
1973 4078 2105 4134 huic

514 4169 757 4227 historiae
796 4166 1003 4223 Christi
1051 4167 1371 4238 mysterium
1427 4168 1949 4225 accommodabitur.
1991 4172 2104 4242 Ego

512 4277 648 4320 vero
675 4276 875 4319 censeo
910 4260 1158 4316 divinum
1187 4259 1462 4317 Abraham
1489 4276 1701 4317 summe
1733 4263 1894 4319 nobis
1926 4264 2104 4319 admi-

517 4353 788 4421 randum,
846 4353 1188 4423 summisque
1241 4350 1499 4407 laudibus
1556 4353 1901 4411 evehendum
1952 4372 2101 4423 esse;

2283 4082 2352 4145 γ’.
2394 4073 2628 4147 ’Δριστα
2659 4073 2756 4146 μὲν
2806 4068 2936 4138 οὖν,
2993 4072 3247 4143 καθάπερ
3277 4063 3513 4143 ἐγῷμαι,
3555 4073 3678 4136 τοῖς
3714 4072 3816 4143 τῆς

2216 4165 2456 4239 ἱστορίας
2493 4165 2674 4235 λόγοις
2727 4164 3072 4238 ἐφήρμοσται
3117 4163 3179 4218 τὸ
3212 4163 3532 4236 μυστήριον.
3572 4161 3707 4236 Χρὴ
3731 4163 3813 4229 δὲ,

2213 4258 2390 4333 οῖμαι,
2416 4258 2600 4315 λοιπὸν
2629 4258 2854 4329 ἐξαισίῳ
2886 4255 3125 4329 θαύματι
3146 4252 3655 4310 κατακαλλύνεσθαι
3674 4255 3821 4327 πρὸς

2213 4354 2371 4425 ἡμῶν
2419 4352 2510 4407 τὸν
2547 4351 2840 4405 θεσπέσιον
2901 4349 3186 4422 Ἀϐραὰμ,
3218 4348 3314 4404 καὶ
3351 4350 3464 4412 τοῖς
3509 4348 3595 4413 εἰς
3639 4347 3823 4420 ἄκρον

518 4457 782 4519 praeterea
801 4446 973 4502 divini
999 4443 1218 4500 artiﬁcii
1244 4434 1672 4516 profunditatem
1695 4458 1949 4504 accurate
1971 4463 2098 4504 con-

2213 4445 2458 4509 ὲπαίνοις
2490 4443 2692 4498 εὐκλεᾶ
2718 4443 2833 4506 τοῖς
2870 4440 3184 4513 ἁπανταχοῦ
3213 4439 3311 4495 καὶ
3340 4439 3649 4512 περίοπτον
3680 4442 3824 4495 diva-

519 4537 890 4596 siderandam.
914 4536 1257 4593 Tentabatur
1272 4537 1420 4591 enim
1442 4536 1662 4595 divinus
1679 4539 1979 4607 Abraham,
1994 4556 2106 4595 non

520 4632 810 4704 ignorante
836 4629 948 4684 Deo
972 4638 1229 4684 eventum
1266 4626 1345 4682 rei
1380 4645 1393 4681 :
1425 4644 1602 4699 neque
1632 4630 1780 4685 enim
1807 4628 2107 4700 quidquam

518 4726 688 4779 lateat
737 4730 978 4776 mentem
1034 4718 1279 4772 omnium
1331 4718 1626 4774 consciam.
1680 4720 1891 4774 Idcirco
1940 4719 2106 4776 etiam

522 4814 669 4869 Deus
694 4810 834 4866 dixit
865 4827 879 4861 :
917 4827 935 4859 ι
968 4808 1104 4875 Quis
1133 4817 1220 4863 est
1248 4807 1358 4874 hic,
1387 4808 1483 4880 qui
1510 4810 1651 4865 celat
1679 4825 1767 4865 me
1795 4810 2106 4877 consilium,

524 4902 818 4959 continens
837 4910 1022 4955 autem
1044 4900 1213 4955 verba
1238 4898 1293 4954 in
1314 4900 1480 4956 corde
1498 4916 1586 4956 me
1605 4909 1765 4972 putat
1789 4899 1958 4956 latere
1978 4901 2061 4955 ‘7?
2082 4922 2100 4955 ι

523 4996 594 5052 Ει
625 5010 725 5066 per
753 5008 945 5050 vocem
974 4993 1126 5047 isaiae
1158 5008 1377 5048 rursum
1406 5011 1420 5047 :
1456 5012 1476 5045 ι
1506 4992 1643 5060 Quia
1667 5006 1768 5064 ego
1794 5008 1917 5048 sum
1942 4993 2106 5059 Deus,

524 5098 582 5143 et
626 5100 738 5142 non
780 5094 865 5143 est
903 5084 1045 5141 alius
1081 5096 1281 5157 praeter
1322 5101 1411 5140 me
1443 5083 1514 5150 ⁷⁸,
1573 5085 1909 5141 annuntians
1954 5086 2110 5157 prius

525 5178 821 5236 novissima
839 5176 1153 5249 priusquam
1172 5176 1323 5243 ﬂant,
1346 5184 1403 5231 et
1417 5174 1581 5230 simul
1608 5176 1879 5246 completa
1911 5189 2059 5233 sunt.
2080 5198 2104 5230 θ

526 5268 841 5327 Absurdum
882 5269 1063 5341 itaque
1098 5270 1153 5325 in
1190 5267 1387 5340 primis
1413 5265 1771 5338 iudicandum
1804 5267 1990 5336 fuerit,
2026 5287 2114 5326 ar—

528 5363 722 5421 bitrari
753 5362 924 5419 Deum
954 5364 1127 5419 totius
1155 5358 1397 5416 universi
1432 5358 1615 5414 futura
1650 5360 1925 5432 ignorare,
1956 5362 2111 5419 ideo-

529 5471 637 5528 que
686 5463 894 5513 tentare
935 5455 1231 5511 Abraham.
1278 5450 1548 5507 Caeterum
1584 5454 1955 5511 necessarium
1995 5463 2116 5510 erat

529 5562 641 5604 non
669 5547 724 5602 in
748 5549 860 5603 sola
887 5545 986 5604 Dei
1014 5543 1327 5616 cognitione
1347 5542 1480 5612 justi
1514 5553 1679 5614 caput
1703 5545 1989 5610 illustrari,
2018 5545 2113 5609 sed

529 5640 703 5711 ipsius
739 5640 979 5703 laudem,
1016 5632 1448 5708 praeclarissimis
1490 5636 1655 5691 rebus
1699 5647 1949 5693 testatam
1994 5654 2113 5691 om-

531 5732 686 5787 nium
719 5731 1031 5802 cognitione
1065 5725 1566 5798 approbationeque
1606 5727 1894 5783 celebrari.
1938 5728 2112 5799 Oper.-

2211 4533 2549 4590 δείκνυσθαι.
2600 4534 2713 4587 Καὶ
2760 4531 2897 4603 πρός
2933 4548 2998 4601 γε
3042 4530 3107 4603 δὴ
3157 4529 3335 4600 τούτῳ
3382 4528 3826 4602 περιαθρεῖσθαι

2217 4627 2404 4698 σαφῶς
2429 4627 2531 4698 τῆς
2574 4624 2724 4689 θείας
2755 4623 3037 4696 εὐτεχνίας
3064 4622 3197 4693 ἡμῖν
3225 4621 3285 4676 τδ
3315 4619 3501 4693 βάθος.
3544 4619 3829 4694 Ἐπειρά-

2216 4718 2342 4784 ζετο
2369 4722 2478 4790 γὰρ
2503 4719 2532 4772 6
2557 4716 2846 4781 θεσπέσιος
2880 4713 3157 4787 ’Δϐραὰμ,
3175 4713 3278 4767 οὐκ
3304 4711 3649 4784 ὴγνοηκάτος
3678 4710 3826 4767 Θεοῦ

2215 4809 2277 4864 τὸ
2315 4808 2594 4880 ἐσόμενον.
2641 4805 2809 4862 Λάθοι
2852 4803 2962 4876 γὰρ
3001 4804 3069 4858 ἂν
3097 4801 3252 4859 οὐδὲν
3276 4800 3368 4854 τὸν
3399 4799 3585 4855 πάντα
3632 4800 3829 4856 εἰδόαα

2221 4901 2365 4957 νοῦν.
2405 4900 2695 4973 Τοιγάρτοι
2725 4899 2821 4952 καὶ
2851 4897 3089 4967 ἔφασκε⁹
3128 4913 3147 4946 ι
3187 4891 3285 4957 Τίς
3312 4885 3466 4954 οὗτος
3486 4893 3516 4946 ό
3543 4893 3830 4964 κρύπτων

2222 5012 2289 5067 με
2318 4993 2537 5066 βουλὴν,
2566 4992 2809 5063 συνέχων
2838 4990 2895 5045 δὲ
2924 4990 3146 5062 ῥήματα
3177 4986 3235 5038 ἐν
3259 4983 3478 5056 καρδίᾳ,
3502 4983 3612 5055 ἐμὲ
3643 4983 3831 5039 οἴεται

2223 5083 2519 5157 κρύπτειν;
2562 5103 2581 5136 ι
2629 5085 2722 5136 καὶ
2758 5080 2848 5135 διὰ
2888 5078 3073 5150 φωνῆς
3116 5076 3341 5145 Ἡσαΐου
3374 5073 3535 5128 πάλιν
3571 5089 3588 5104 ·
3635 5094 3657 5127 ι
3699 5075 3832 5129 Ὅτι

2219 5176 2330 5247 ἐγώ
2354 5178 2469 5247 εἰμι
2494 5178 2521 5229 6
2550 5173 2820 5239 Θεὸς,οκαί
2846 5172 2946 5227 οὐκ
2975 5170 3121 5225 ἐστιν
3149 5167 3228 5222 ἔτι
3251 5167 3391 5239 πλὴν
3413 5165 3576 5239 ἐμοῦ.
3625 5167 3835 5238 ’Δναγ-

2219 5268 2425 5340 τγέλλων
2464 5268 2729 5341 πρότερον
2781 5265 2849 5319 τὰ
2892 5262 3098 5334 ἔσχατα
3147 5260 3278 5332 πρὶν
3318 5258 3459 5314 αὐτὰ
3505 5260 3789 5328 γενέσθαι
3816 5298 3831 5322 ,

2221 5360 2317 5416 καὶ
2342 5360 2459 5431 ἅμα
2487 5357 2915 5414 συντετέλεσται.
2945 5374 2961 5407 ι
2982 5350 3191 5407 υὺκοῦν
3215 5351 3569 5423 ἀπόπληκτον
3590 5352 3832 5424 κομιδῇ,

2221 5454 2316 5509 καὶ
2342 5456 2400 5509 ἐν
2423 5456 2537 5518 τοῖς
2564 5452 2704 5523 ἄγαν
2735 5448 3138 5519 ἀπηχεστάτοις
3177 5442 3672 5513 καταλογιούμεθα
3700 5461 3838 5515 φρο-

2196 5545 2438 5609 νοῦντες
2465 5544 2662 5615 ὀρθῶς,
2688 5542 2749 5596 τὸ
2766 5539 3096 5612 ἠγνοηκέναι
3123 5539 3221 5611 μὲν
3249 5535 3457 5592 οἴεσθαι
3477 5535 3550 5589 τὰ
3580 5537 3835 5607 ἐσόμενα

2224 5639 2313 5692 τὸν
2356 5638 2465 5692 τῶν
2521 5637 2659 5692 ὅλων
2718 5633 2879 5696 Θεὸν,
2928 5632 3215 5702 πειράζειν
3264 5630 3321 5684 δὲ
3375 5628 3463 5683 διὰ
3512 5627 3694 5683 τοῦτο
3741 5630 3838 5682 τὸν

2238 5730 2509 5803 Ἁϐραάμ.
2555 5729 2691 5783 ⁹Αλλ’
2722 5725 2791 5800 ἦν
2842 5728 3179 5799 ἀναγκαῖον,
3226 5723 3300 5796 μὴ
3333 5724 3391 5776 ἐν
3437 5720 3653 5792 εἰδήσει
3692 5721 3837 5793 μόνῃ

608 5851 823 5943 τἸοαῐὲ.
864 5849 1086 5943 1:13:41.
1166 5848 1212 5879 ⁷⁸
1245 5847 1598 5943 Psalioxgstx,
1630 5850 1661 5905 9
1689 5870 1700 5917 ;
1740 5852 1908 5919 Hebr,
1944 5869 1996 5911 κ,
2030 5853 2081 5907 7.

2247 5853 2266 5907 l
2301 5852 2426 5907 Cor.
2470 5868 2543 5918 st,
2569 5850 2636 5918 '5;
2664 5849 2865 5921 Epltcs.
2894 5866 2945 5915 v,
2971 5847 3060 5903 25.
3136 5846 3183 5878 ⁷⁸
3204 5843 3342 5900 Gen.
3391 5858 3449 5909 tt,
3473 5838 3570 5895 25.
3658 5841 3709 5874 ⁷⁷
3730 5837 3842 5899 10b

542 5922 835 5988 ιχκνιιι,2.
916 5912 969 5953 7"
1010 5920 1112 5975 lsa.
1167 5934 1288 5987 XLV,
1355 5918 1421 5971 £9
