4092 6466
321 328 414 386 “5
1325 318 1852 378 GLAPHYRORUM
1891 320 1958 376 IN
1997 320 2301 378 GENESIM
2341 322 2469 378 LIB.
2511 324 2599 380 Ill.

3489 325 3592 381 146

321 453 382 522 τῇ
423 445 569 516 παρά
611 441 730 511 Θεῷ
781 439 882 515 τῆν
932 441 1028 496 τοῦ
1084 439 1298 496 δικαίου
1333 440 1897 514 καταλαμπρύνεσθαι

2011 441 2153 498 lebat
2203 443 2368 498 etiam
2419 459 2700 518 sacrarum
2743 442 3076 498 Litterarum
3122 444 3393 514 praeconio
3436 461 3590 500 sum-

323 537 580 610 κεφαλήνο
625 534 1028 607 εύκλεεστάτην
1086 533 1145 588 δέ
1198 534 1401 607 μᾶλλον
1450 534 1897 606 καταπλουτῆσαι

322 632 409 705 τὴν
437 627 709 692 εὔκλειαν,
743 627 841 682 καὶ
867 628 926 682 ἐν
951 628 1072 692 ταῖς
1106 627 1366 681 ἁπάντων
1397 628 1633 698 γνώσεσι
1665 627 1752 681 διά
1778 626 1898 680 πεί-

328 741 417 797 ρας
441 723 609 792 αὐτῆς
637 722 724 792 ἐφ’
751 721 926 776 ἅπασι
957 723 1066 784 τοῖς
1088 719 1333 790 ἀρίστοις
1363 719 1865 793 μεμαρτυρημένην
1882 737 1896 752 ο

324 816 455 870 Ἔδει
471 815 559 869 καὶ
577 813 663 868 διὰ
677 813 784 868 τῶν
805 811 967 885 ἱερῶν
985 811 1210 883 βοᾶσθαι
1233 813 1611 886 Γραμμάτων,
1637 814 1720 868 ὅτι
1749 813 1901 867 πλεῖ-

322 923 432 960 στον
460 905 584 958 ὅσον
609 904 666 957 ἐν
693 903 847 975 αὐτῷ
891 903 951 956 τὸ
976 903 1212 974 εὐήνιον,
1253 905 1478 958 καὶτῶν
1509 905 1900 976 θεσπισμάτων

322 995 478 1058 πολὺς
505 989 575 1064 ἦν
615 995 643 1047 6
685 993 882 1061 λόγος,
927 992 1128 1064 μᾶλλον
1162 992 1220 1046 δὲ
1249 993 1312 1046 τὸ
1351 992 1684 1065 ὑπερτεροῦν
1723 992 1896 1049 οὐδέν.

321 1081 450 1141 Ἦκε
476 1087 532 1140 δέ
564 1088 645 1150 είς
672 1084 836 1138 τοῦτο
868 1085 1099 1157 γνώμης
1119 1102 1178 1139 τε
1209 1086 1305 1139 καὶ
1337 1086 1680 1157 προθυμίας,
1704 1087 1779 1150 ώς
1807 1087 1901 1140 καὶ

319 1181 473 1250 αὐτῆς
501 1181 770 1251 ἁλογῆσαι
799 1179 900 1249 τῆς
935 1179 1016 1242 είς
1054 1178 1246 1234 τέκνον
1279 1179 1526 1252 ἀγάπης,
1554 1180 1651 1235 καὶ
1674 1181 1775 1252 τὴν
1803 1181 1901 1252 τῆς

324 1265 692 1330 παιδοκτονίας
727 1265 805 1337 μὴ
835 1266 1155 1321 καταδεῖσαι
1184 1269 1429 1342 γραφήν.
1466 1270 1578 1323 Καὶ
1610 1269 1672 1324 τό
1699 1287 1762 1340 γε
1797 1288 1902 1324 παο

323 1359 670 1431 ραδοξότερον,
721 1360 782 1413 ἐν
823 1361 976 1430 αὐτῷ
1014 1361 1394 1433 προσεδόκησε
1459 1362 1640 1436 πατὴρ
1683 1363 1902 1419 ἔσεσθαι

324 1453 520 1506 πολλῶν
545 1452 743 1508 ἐθνῶν.
784 1453 929 1506 Ἀλλ’
957 1453 1078 1524 ᾔδει
1101 1454 1194 1508 καὶ
1217 1454 1558 1525 ἀψευδοῦντα
1581 1456 1721 1528 πρὸς
1744 1456 1904 1510 τοῦτο

319 1545 457 1599 Θεόν.
479 1539 613 1599 Εῐτα
634 1545 1039 1618 προσεκόμιζεν
1060 1548 1140 1611 είς
1166 1541 1359 1601 θυσίαν
1389 1547 1450 1602 τὸ
1472 1549 1780 1621 παιδάριον,
1803 1550 1904 1603 οὐκ

321 1640 372 1690 ἐν
408 1635 716 1705 ἀπογνώσει
767 1635 1012 1706 γεγονὼς
1073 1637 1181 1692 τῶν
1238 1639 1668 1712 ἐπηγγελμένων
1689 1680 1702 1704 ,
1766 1641 1903 1694 ἀλλά

320 1728 426 1789 ταῖς
453 1724 546 1780 τοῦ
597 1725 878 1780 Δεσπότου
928 1727 1225 1797 δυνάμεσιν
1262 1728 1516 1793 ἀναθεὶς,
1550 1729 1611 1783 τὸ
1655 1731 1804 1795 ὅπως
1836 1729 1903 1784 ἂν

1999 548 2143 588 mam
2184 535 2302 604 ejus
2340 533 2710 590 obedientiam
2749 532 3049 600 decantari,
3078 533 3336 606 quodque
3370 534 3600 592 divino--

2001 640 2123 680 rum
2155 635 2554 696 prmceptorum
2587 640 2838 696 magnam
2867 625 3136 680 rationem
3167 624 3442 690 habuerit,
3480 627 3592 680 ime

2001 717 2147 788 quod
2184 717 2321 772 nihil
2356 717 2511 788 prius
2540 717 2647 771 illis
2676 717 2896 771 dixerit.
2932 715 3010 771 lta
3039 717 3186 771 enim
3214 716 3445 772 allectus
3469 717 3594 783 fuit,

2002 808 2251 878 adeoque
2292 817 2549 878 prompto
2590 809 2797 874 animo,
2839 815 2899 862 ut
2938 810 3116 878 ipsum
3154 809 3319 863 etiam
3360 824 3488 881 erga
3531 810 3596 864 ﬁ-

2002 901 2136 956 lium
2163 916 2404 955 amorem
2438 901 2760 971 neglexerit,
2795 909 2965 972 utque
2998 901 3094 955 ﬁlii
3131 902 3216 957 sui
3249 903 3452 960 caedem
3485 918 3597 958 non

2002 998 2312 1046 vereretur.
2347 991 2416 1044 Et
2439 989 2586 1060 quod
2617 990 2788 1061 magis
2815 991 3148 1057 mirandum,
3173 991 3229 1046 in
3259 991 3378 1062 ipso
3408 1009 3596 1064 spera-

2003 1082 2098 1137 bat
2128 1090 2286 1152 pater
2316 1081 2436 1136 ﬁeri
2469 1081 2767 1138 multarum
2799 1084 3063 1154 gentium.
3092 1083 3364 1140 Caeterum
3388 1085 3600 1141 sciebat

2003 1178 2176 1232 Deum
2212 1176 2436 1232 mentiri
2467 1192 2578 1231 non
2604 1191 2788 1248 posse.
2826 1177 3033 1233 Deinde
3065 1178 3293 1234 adduxit
3327 1180 3500 1238 ﬁlium
3529 1182 3606 1235 ad‘

2004 1268 2358 1335 sacriﬁcium,
2393 1285 2506 1324 non
2528 1269 2596 1324 de
2616 1269 3001 1340 promissionis
3031 1271 3263 1328 veritate
3291 1273 3594 1344 ambigens,

2006 1359 2101 1413 sed
2134 1359 2202 1414 ad
2225 1359 2442 1414 Domini
2469 1365 2800 1430 potestatem
2831 1360 3096 1426 referens,
3120 1377 3356 1432 quanam
3385 1364 3601 1418 ratione

2000 1451 2349 1524 jurijurando
2378 1466 2479 1506 suo
2523 1461 2714 1508 staret.
2751 1452 2942 1523 Neque
2975 1468 3108 1508 vero
3148 1454 3472 1526 infrugil‘era
3514 1472 3602 1510 res

2005 1545 2056 1598 ei
2096 1543 2478 1609 fuit,tentatio
2529 1560 2654 1601 cum
2709 1553 2862 1601 tanta
2932 1547 3236 1604 acerbitate
3283 1549 3596 1620 conjuncta.

2007 1637 2251 1692 Edoetus
2269 1636 2417 1691 enim
2442 1643 2546 1702 est,
2567 1635 2740 1691 veluti
2764 1651 2831 1691 ex
2853 1651 2921 1692 eo
2940 1637 3088 1708 quod
3108 1644 3439 1692 eventurum
3457 1647 3596 1698 erat,

2010 1727 2432 1784 resurrectionis
2476 1743 2507 1782 a
2551 1728 2785 1783 mortuis
2844 1743 3063 1783 omnem
3114 1729 3386 1786 rationem
3433 1745 3598 1800 supe-

319 1820 471 1891 είδείη
512 1817 766 1891 πληροῦν
811 1818 874 1873 τὸ
916 1818 1264 1890 ώμοσμένον.
1295 1821 1407 1874 Καὶ
1439 1823 1540 1876 οὐκ
1581 1822 1812 1894 ἀκερδὲς
1844 1822 1906 1876 τὸ

2011 1835 2136 1875 rans
2173 1827 2340 1891 atque
2373 1820 2705 1890 stupendum
2737 1821 3063 1875 miraculum
3095 1839 3107 1874 :
3139 1829 3406 1891 praeterea
3431 1837 3599 1875 vene—

320 1911 494 1983 χρῆμα
512 1911 691 1983 αὐτῷ,
709 1913 890 1967 καίτοι
912 1913 1002 1966 διὰ
1027 1912 1224 1986 πείρας
1243 1915 1374 1968 ίόντι
1395 1917 1494 1986 τῆς
1512 1913 1654 1969 οὕτω
1676 1917 1900 1988 πικρᾶς.

332 2005 667 2060 Ἐδιδάσκετο
705 2005 817 2078 γάρ
847 2005 926 2071 ώς
955 2006 1066 2060 ἀπό
1099 2024 1162 2076 γε
1211 2007 1307 2060 τοῦ
1343 2009 1631 2080 μέλλοντος
1665 2009 1904 2080 συμϐαί-

322 2112 438 2159 νειν,
469 2097 572 2166 τῆς
614 2098 685 2150 ἐκ
729 2098 944 2169 νεκρῶν
984 2097 1338 2163 ἀναστάσεως
1390 2100 1453 2154 τὸ
1497 2100 1658 2171 λόγου
1702 2103 1906 2166 παντὸς

323 2185 446 2258 πέρα
465 2188 559 2240 καὶ
584 2185 959 2254 ἀξιάκουστον
982 2186 1199 2258 θαῦμα,
1231 2188 1326 2241 καὶ
1355 2189 1583 2260 προσέτι
1611 2190 1670 2244 τὸ
1700 2190 1901 2245 σεπτὸν

320 2277 401 2331 καὶ
434 2277 574 2350 μέγα
616 2279 723 2349 τῆς
772 2278 1245 2349 ἐνανθρωπήσεως
1289 2278 1381 2334 τοῦ
1421 2280 1765 2351 Μονογενοῦς
1801 2299 1904 2348 μυ-

320 2367 539 2438 στήριον.
577 2367 698 2422 Καὶ
742 2369 876 2437 γοῦν
925 2371 954 2422 6
991 2368 1282 2434 Θεσπέσιος
1329 2370 1567 2436 Παῦλος,
1605 2391 1624 2425 ι
1678 2374 1900 2437 Πίστει,

321 2461 473 2532 φησὶ,
523 2461 939 2533 προσενήνοχεν
996 2460 1253 2534 Ἀϐραὰμ
1283 2464 1376 2519 τὸν
1426 2466 1618 2520 Ἰσαὰκ
1648 2465 1904 2539 πειραζό-

322 2572 493 2626 μενος,
527 2555 628 2609 καὶ
658 2556 757 2608 τὸν
792 2555 1061 2626 μονογενῆ
1097 2556 1437 2629 προσέφερεν
1471 2561 1499 2612 6
1527 2558 1627 2622 τὰς
1667 2560 1906 2629 ἐπαγγε-

317 2644 419 2710 λίας
449 2646 870 2718 ἀναδεξάμενος.
905 2647 1048 2718 Πρὸς
1069 2647 1130 2700 6v
1151 2647 1408 2722 ἐλαλήθηο
1428 2650 1518 2702 Ἐν
1561 2650 1748 2704 Ἰσαὰκ
1775 2649 1907 2721 κλη-

319 2733 524 2804 θήσεταί
556 2753 642 2788 σοι
683 2735 912 2806 σπέρμα
933 2753 945 2765 ·
980 2735 1343 2808 λογισάμενος
1375 2740 1457 2793 ὅτι
1482 2741 1576 2793 καὶ
1605 2742 1670 2794 ἐκ
1693 2741 1905 2812 νεκρῶν

318 2824 514 2896 ἐγείραι
545 2827 781 2890 δυνατὸς
811 2830 840 2880 6
871 2826 1028 2892 Θεὸς,
1062 2827 1186 2882 ὅθεν
1213 2831 1374 2884 αὑτὸν
1404 2833 1500 2886 καὶ
1535 2835 1592 2887 ἐν
1615 2833 1903 2907 παραϐολῇ

317 2919 616 2991 ἐκομίσατο.
674 2939 696 2974 ι
762 2923 983 2994 Ἐπειδῆ
1033 2923 1142 2994 γὰρ
1182 2923 1372 2994 ἔμελλε
1416 2925 1560 2980 κατά
1609 2929 1836 2999 καιροὺς
1878 2931 1907 2982 6

317 3012 436 3078 Θεὸς
478 3017 571 3069 καὶ
615 3014 852 3089 Πατὴρ,
892 3017 1051 3088 ῥίζαν
1102 3016 1294 3089 ῶσπερ
1341 3019 1506 3075 αὑτὸν
1543 3023 1640 3075 καὶ
1687 3022 1907 3091 γένεσιν

2010 1913 2243 1969 randum
2276 1921 2440 1985 atque
2465 1913 2658 1985 ingens
2685 1913 3080 1969 incarnationis
3102 1913 3381 1984 Unigeniti
3401 1921 3602 1986 mystc-

2009 2006 2172 2061 rium.
2222 2004 2380 2062 Unde
2424 2013 2480 2060 et
2530 2005 2752 2061 divinus
2802 2006 3006 2060 Paulus
3052 2023 3066 2058 :
3126 2023 3144 2057 ‹
3202 2005 3354 2070 Fide,
3399 2005 3599 2075 inquit,

2009 2100 2212 2155 obtulit
2251 2098 2529 2154 Abraham
2567 2099 2718 2153 Isaac
2742 2115 2866 2154 cum
2902 2107 3229 2164 tentaretur,
3263 2105 3319 2154 et
3345 2098 3602 2168 unigeni-

2008 2199 2125 2246 tum
2173 2190 2460 2255 oll‘erebat,
2509 2190 2566 2244 in
2609 2206 2720 2260 quo
2778 2196 3100 2260 susceperat
3147 2187 3612 2260 repromissiones

2011 2282 2101 2356 (ad
2141 2297 2307 2353 quem
2343 2281 2552 2337 dictum
2579 2289 2699 2336 est:
2735 2280 2874 2348 Quia
2913 2282 2970 2334 in
2997 2279 3146 2335 Isaac
3174 2279 3290 2350 88
3315 2278 3608 2334 vocabitur

2008 2375 2110 2431 tibi
2149 2375 2385 2446 semen),
2434 2374 2712 2429 arbitrans
2740 2373 2870 2444 quia
2901 2381 2958 2428 et
2995 2387 3025 2426 a
3060 2371 3296 2425 mortuis
3338 2370 3606 2425 suscitare

2007 2477 2206 2539 potens
2243 2475 2329 2522 est
2369 2468 2532 2531 Deus,
2570 2466 2716 2521 unde
2751 2481 2880 2520 eum
2913 2473 2970 2519 et
3009 2465 3064 2518 in
3098 2463 3413 2534 parabolam
3445 2478 3616 2519 acce-

2007 2559 2091 2630 pit
2117 2561 2186 2613 "’.
2222 2577 2241 2611 ι
2279 2558 2417 2614 Cum
2457 2557 2606 2613 enim
2649 2572 2909 2612 successu
2938 2557 3204 2626 temporis
3228 2556 3375 2611 Deus
3407 2570 3471 2610 ac
3499 2555 3603 2610 Pa-

2009 2661 2094 2708 ter
2119 2652 2299 2724 ipsum
2326 2651 2499 2707 veluti
2537 2651 2779 2706 radicem
2817 2665 2881 2706 ac
2912 2649 3247 2720 principium
3281 2649 3602 2703 innumera-

2009 2762 2132 2800 rum
2171 2745 2418 2816 gentium
2451 2751 2778 2799 ostensurus
2811 2751 2976 2805 esset,
3009 2750 3229 2795 mortuo
3259 2755 3363 2811 pro
3397 2738 3605 2793 mundo

2010 2839 2391 2903 Emmanuele,
2429 2837 2640 2892 idcirco
2674 2851 2774 2906 per
2804 2835 2946 2889 hanc
2982 2831 3363 2895 tentationem,
3398 2831 3606 2885 utiliter

2009 2931 2206 2986 doctus
2227 2931 2510 3000 cstjustus
2542 2927 2819 2982 Abraham
2848 2926 3180 2979 immensum
3221 2931 3385 2992 atque
3410 2921 3606 2976 ineﬁ'a-

2011 3026 2179 3081 bilem
2209 3024 2303 3080 Dei
2335 3039 2399 3078 ac
2423 3022 2601 3077 Patris
2627 3036 2756 3091 erga
2795 3033 2897 3074 nos
2925 3003 3167 3072 amorem
3187 3033 3200 3082 ;
3223 3014 3316 3084 qui
3340 3013 3608 3084 (proprio

319 3108 514 3180 μυρίων
541 3110 689 3164 ὅσων
720 3109 1050 3178 ἀποφαίνειν
1083 3109 1287 3174 ἐθνῶν,
1327 3110 1624 3176 τεθνεῶτος
1653 3113 1795 3184 ὑπὲρ
1812 3113 1904 3167 τοῦ

2013 3120 2154 3175 Filio
2182 3134 2294 3173 non
2325 3115 2622 3188 pepercit,»
2657 3111 3120 3184 quemadmodum
3148 3123 3312 3179 supra
3341 3106 3600 3167 diximus.

317 3200 508 3271 κόσμου
537 3201 636 3256 τοῦ
685 3202 1042 3274 Ἐμμανουήλ
1064 3241 1078 3255 .
1105 3201 1365 3275 ταύτῃτω
1395 3203 1484 3257 διὰ
1515 3204 1712 3274 πείρας
1735 3206 1906 3276 αὐτῆς

2019 3233 2037 3265 ς
2068 3213 2164 3268 sed
2195 3211 2420 3267 tradidit
2441 3226 2566 3266 eum
2595 3225 2693 3280 pro
2717 3206 2976 3263 omnibus
3001 3204 3164 3259 nobis
3184 3201 3232 3235 ⁸ο
3264 3220 3281 3254 ι
3315 3215 3417 3272 per
3441 3198 3603 3254 ﬁdem

318 3292 589 3363 χρησίμως
617 3295 648 3347 6
676 3293 894 3357 δίκαιος
928 3294 1242 3348 ἐδιδάσκετο
1269 3293 1364 3348 τοῦ
1400 3294 1538 3348 Θεοῦ
1565 3296 1659 3349 καὶ
1691 3298 1907 3370 Πατρὸς

316 3381 405 3454 τήν
433 3384 698 3456 ὑπερφυᾶ
739 3385 838 3440 καὶ
871 3387 1154 3458 ἄφραστον
1194 3389 1275 3450 είς
1307 3390 1457 3459 ἡμᾶς
1493 3389 1808 3460 ἀγάπησιν·
1850 3391 1909 3455 ὃς

317 3493 375 3545 γε
432 3478 569 3533 «τοῦ
605 3479 745 3534 ίδίου
796 3478 929 3534 Υίοῦ
974 3481 1075 3534 ούκ
1111 3481 1400 3550 ἐφείσατο,
1444 3500 1462 3532 ι
1509 3481 1766 3554 καθάπερ
1799 3483 1902 3554 ἤδη

319 3569 645 3642 προείπομεν
670 3609 687 3636 ,
727 3590 746 3624 ι
787 3571 906 3626 ἀλλ’
943 3571 1086 3643 ὑπὲρ
1117 3573 1282 3644 ἡμῶν
1316 3573 1537 3626 πάντων
1585 3575 1909 3646 παρέδωκεν

319 3660 468 3716 αὑτὸν
499 3681 517 3716 ι
554 3663 668 3718 τῶν
700 3663 760 3718 ἐν
790 3663 976 3718 πίστει
1005 3663 1475 3737 δεδικαιωμένων,
1513 3666 1607 3719 καὶ
1635 3667 1715 3730 είς
1741 3667 1910 3722 τέκνα

319 3753 714 3826 λελογισμένων
753 3754 850 3810 τοῦ
897 3757 1248 3829 προπάτορος
1305 3758 1577 3831 Ἀϐραάμ.
1626 3760 1690 3812 Εί
1719 3759 1828 3830 γάρ
1857 3778 1910 3816 τι

320 3844 415 3916 χρὴ
439 3849 530 3901 καὶ
556 3848 668 3902 τῶν
697 3848 1056 3920 ἀνθρωπίνων
1081 3848 1553 3921 διατεκμήρασθαι
1582 3891 1598 3919 ,
1639 3849 1812 3921 φαίην
1837 3851 1912 3905 ἂν

320 3940 393 3991 ὅτι
431 3941 692 4010 φορτικόν
733 3957 794 3994 τε
825 3941 920 3994 καὶ¹
953 3940 1238 3995 δύσοιστον
1266 3941 1348 4013 τῷ
1391 3941 1662 4014 μακαρίῳ,
1689 3942 1913 4012 γέγονεν

332 4031 572 4106 Ἀϐραὰμ
602 4034 669 4087 τὸ
711 4032 1018 4106 προστάξαι
1051 4033 1186 4087 Θεὸν
1228 4033 1526 4088 καταθύειν
1551 4033 1645 4088 τὸν
1700 4035 1908 4088 Ἰσαάκ.

321 4123 438 4188 Πῶς
467 4127 577 4198 γὰρ
605 4125 716 4179 olet
750 4125 1059 4180 διακεῖσθαι
1097 4124 1219 4179 τότε
1245 4125 1338 4179 τὸν
1368 4124 1528 4179 τοῦτο
1558 4125 1693 4197 δρᾷν
1727 4127 1912 4181 ἐπιτε-

321 4214 606 4284 ταγμένον;
653 4214 822 4287 Ἀνὴρ
850 4216 932 4279 είς
960 4215 1142 4288 γῆρας
1167 4213 1450 4287 ἐληλακὼς
1485 4216 1646 4287 βαθὺ,
1680 4215 1782 4272 ἕνα
1814 4217 1911 4272 καὶ

322 4304 528 4379 ὸψιγενῆ
556 4307 877 4379 πλουτήσας
908 4307 1026 4362 υίὸν
1051 4349 1066 4372 ,
1096 4308 1492 4382 παρῃρημένος
1515 4307 1596 4380 τῷ
1637 4309 1816 4381 χρόνῳ
1852 4310 1916 4364 τὸ

323 4397 408 4451 καὶ
431 4398 635 4470 ἐτέρων
668 4399 934 4454 δύνασθαι
965 4399 1219 4470 γενέσθαι
1251 4401 1455 4474 πατὴρ,
1483 4400 1907 4474 ἀφηλ[ι]κεστέ-

2006 3301 2340 3376 justiﬁcatis,
2374 3308 2428 3355 et
2472 3299 2530 3354 in
2574 3297 2716 3353 ﬁlios
2748 3293 2922 3367 patris
2961 3293 3194 3349 Abrahae
3235 3288 3510 3360 ascriptis.
3547 3286 3604 3343 Si

2009 3397 2157 3453 enim
2189 3403 2409 3466 oportet
2447 3391 2613 3448 etiam
2659 3391 2904 3445 humano
2947 3400 3099 3443 more
3139 3385 3315 3455 loqui,
3348 3380 3605 3454 equidem

2009 3490 2244 3551 dixerim
2278 3504 2440 3560 grave
2465 3486 2763 3542 admodum
2793 3491 2956 3553 atque
2989 3479 3225 3534 arduum
3253 3479 3414 3533 beato
3436 3475 3607 3531 Abra-

2011 3585 2096 3640 liaa
2134 3583 2304 3638 fuisse
2338 3581 2434 3636 Dei
2474 3580 2541 3635 de
2577 3575 2938 3634 sacriﬁcando
2969 3573 3080 3628 ﬁlio
3113 3587 3214 3629 suo
3245 3577 3604 3642 praeceptum.

2010 3677 2130 3744 Quo
2163 3683 2328 3747 pacto
2357 3673 2505 3729 enim
2538 3681 2698 3742 putas
2728 3668 2984 3724 affectum
3020 3665 3209 3729 fuisse,
3241 3678 3367 3719 cum
3393 3661 3498 3716 hoc
3529 3660 3606 3714 illi

2011 3770 2342 3839 imperatum
2378 3764 2558 3819 esset?
2596 3761 2693 3816 Vir
2720 3759 2868 3816 enim
2901 3763 3018 3813 erat
3049 3756 3245 3811 alIeeta
3274 3761 3454 3818 aetate,
3486 3752 3610 3807 uni-

2013 3834 2138 3914 cum
2176 3834 2390 3913 habens
2419 3864 2477 3911 et
2509 3853 2732 3924 quidem
2771 3852 2828 3904 in
2871 3854 3155 3905 senectute
3191 3861 3291 3902 sua
3322 3852 3512 3900 natum
3541 3842 3605 3897 ﬁ-

2013 3953 2170 4017 lium,
2212 3950 2302 4006 cui
2357 3955 2619 4020 praeterea
2673 3952 2807 3999 aetas
2869 3955 3090 3997 omnem
3142 3937 3400 4010 gignendi
3453 3951 3606 4006 Spem

2013 4045 2316 4107 ademerat,
2335 4041 2613 4098 seniorem
2631 4036 2798 4092 etiam
2821 4034 3033 4090 habens
3050 4046 3278 4086 uxorem
3297 4029 3437 4100 (erat
3459 4025 3612 4083 enim

2011 4138 2178 4193 etiam
2216 4136 2349 4192 Sara
2400 4131 2580 4205 gravis
2629 4127 2831 4201 annis).
2866 4127 2916 4182 ls
2944 4127 3129 4196 itaque
3161 4121 3334 4178 ﬁlium
3365 4120 3616 4192 impense

2015 4230 2247 4285 charum
2290 4225 2498 4296 absque
2539 4222 2651 4277 ulla
2691 4218 3045 4275 cunctatione
3085 4213 3341 4270 occidere
3382 4211 3610 4283 jubetur

2017 4319 2383 4391 unigenitum,
2419 4314 2720 4384 multisque
2764 4309 2910 4365 votis
2957 4313 3226 4378 optatum.
3270 4303 3426 4391 Quali
3475 4316 3612 4391 vero

2017 4389 2184 4461 manu
2207 4403 2436 4475 putabat
2464 4416 2630 4457 senex
2653 4413 2842 4455 ensem
2865 4396 2921 4451 in
2941 4393 3101 4465 pueri
3119 4391 3371 4464 jugulum
3399 4389 3609 4445 immit-

324 4506 417 4558 ραν
431 4491 487 4546 δέ
503 4493 600 4546 καὶ
625 4492 800 4564 αὐτὴν
822 4491 961 4563 ἔχων
985 4492 1085 4564 τὴν
1107 4493 1522 4565 συνῳκισμένην
1561 4490 1653 4567 (ἦν
1673 4496 1784 4568 γὰρ
1817 4499 1906 4550 καὶ

2019 4504 2158 4561 tere,
2184 4495 2434 4564 adeoque
2461 4489 2832 4547 miserandam
2867 4486 2964 4544 ﬁlii
3001 4485 3208 4542 eadem
3240 4481 3500 4554 patrare?
3526 4481 3610 4536 An

323 4581 450 4654 αὑτὴ
482 4582 788 4655 πρεσϐύτις
812 4585 845 4655 ἡ
870 4584 1101 4656 Σάρρα),
1131 4583 1223 4639 τὸν
1250 4583 1394 4638 οὕτω
1416 4585 1749 4658 τριπόθητον
1770 4588 1906 4642 ἀποο

328 4676 575 4741 σφάττειν
594 4677 714 4731 υίὸν
735 4675 1054 4748 ἀμελ[λ]ητὶ
1081 4678 1499 4749 προσετάττετο,
1519 4678 1612 4732 τὸν
1643 4679 1910 4751 μονογενῆ

326 4769 408 4821 καὶ
439 4769 798 4824 πολύευκτον.
847 4769 986 4840 Ποίᾳ
1023 4770 1134 4841 γὰρ
1173 4770 1435 4825 δύνασθαι
1470 4773 1618 4844 χειρὶ
1651 4773 1912 4842 προσεδό-

327 4878 484 4930 κησεν
510 4865 538 4917 6
566 4862 908 4935 πρεσϐύτης,
938 4863 1258 4934 κατωθῆσαι
1286 4865 1384 4936 μὲν
1409 4865 1503 4919 τοῦ
1532 4866 1821 4939 μειρακίου
1855 4869 1914 4921 τὸ

327 4950 497 5022 ξίφος,
531 4954 634 5027 τὴν
665 4956 724 5010 δέ
753 4955 931 5020 οὕτως
977 4955 1218 5027 ἐλεεινὴν
1248 4955 1393 5010 κατά
1425 4957 1519 5012 τοῦ
1555 4957 1687 5012 ἰδίου
1717 4958 1914 5028 γεννή-

331 5061 489 5112 ματος
520 5047 794 5119 τολμῆσαι
837 5049 1090 5119 σφαγὴν;
1128 5045 1257 5120 Ἆρ’
1289 5045 1385 5103 οὖν
1420 5049 1522 5104 οὐκ
1551 5051 1755 5104 ἐννοεῖν
1783 5049 1914 5104 ἀκό-

329 5134 531 5204 λουθον,
559 5141 645 5194 ὃτι
677 5141 877 5212 πικρὸς
907 5141 998 5194 καὶ
1027 5140 1227 5212 δριμὺς
1267 5141 1490 5195 ἐννοιῶν
1511 5142 1669 5214 ὄχλος
1695 5141 1795 5214 τὴν
1811 5143 1908 5197 τοῦ

329 5227 530 5283 δικαίου
557 5231 737 5304 ψυχὴν
767 5233 1062 5303 ἀφορήτως
1099 5233 1482 5304 κατεληῖξετο;
1521 5236 1628 5289 Καὶ
1651 5234 1782 5288 ποτὲ
1816 5235 1916 5306 μὲν

330 5321 548 5392 ἡφύσις
591 5326 674 5389 είς
707 5325 1097 5398 φιλοστοργίαν
1141 5327 1500 5393 κατεσιάζετο
1525 5344 1538 5360 ’
1583 5327 1716 5382 ποτε
1761 5327 1819 5382 δὲ
1857 5327 1918 5382 τὸ

333 5411 470 5469 θεῖον
517 5417 789 5471 ἐδυσώπει
823 5418 1248 5490 χρησμῲδημα,
1293 5421 1391 5474 καὶ
1429 5419 1576 5492 τάχα
1632 5437 1737 5475 που
1781 5420 1918 5492 πρὸς

336 5503 631 5580 ἀϐούλητον
673 5508 990 5564 εὐπείθειαν
1023 5510 1097 5574 ὡς
1132 5511 1191 5578 ἐξ
1225 5511 1477 5582 ἀνάγκης
1516 5511 1724 5567 ἐκάλει.
1757 5512 1919 5581 Μέγα

334 5594 394 5669 δὴ
421 5596 512 5655 οὖν
553 5601 772 5675 ἀληθῶς
810 5603 875 5658 τὸ
924 5602 1016 5658 τοῦ
1055 5604 1268 5658 δικαίου
1313 5603 1531 5676 θαῦμα,
1579 5605 1670 5659 καὶ
1718 5607 1919 5671 παντὸς

406 5773 451 5807 ⁷⁹
496 5777 666 5835 Hebr.
722 5798 796 5848 ιι,
837 5781 1018 5836 ΙἹ-ξδιθ.
1094 5781 1138 5813 ⁸η
1186 5785 1341 5839 Rom.
1395 5801 1509 5851 vni,
1541 5784 1628 5837 5‘2.

2017 4605 2130 4645 non
2179 4588 2366 4658 itaque
2415 4592 2847 4642 consentaneum
2887 4578 3092 4635 rationi
3146 4576 3316 4633 fuerit
3356 4575 3610 4631 acerbam

2018 4681 2414 4754 cogitationum
2451 4677 2672 4732 turbam
2700 4689 2825 4730 cum
2852 4671 2988 4746 justi
3021 4670 3207 4727 animo
3239 4683 3362 4727 esse
3402 4667 3611 4739 impor-

2019 4785 2154 4832 tune
2190 4769 2577 4830 colluctatam?
2615 4766 2856 4824 subinde
2904 4763 3130 4836 quidem
3161 4770 3359 4818 natura
3387 4774 3514 4816 eum
3545 4759 3612 4813 ad

2019 4882 2287 4931 amorem,
2328 4864 2424 4935 qui
2457 4861 2588 4918 ﬁliis
2618 4859 2875 4922 debetur,
2905 4855 3224 4927 impellente
3255 4870 3269 4906 :
3304 4861 3360 4907 at
3392 4865 3611 4905 rursum

2019 4959 2208 5015 divino
2239 4963 2517 5029 praecepto
2554 4968 2800 5011 amorem
2841 4951 2997 5006 illum
3033 4945 3402 5015 restingente,
3440 4949 3499 4997 et
3544 4940 3613 4996 ad

2021 5050 2397 5108 obedientiam
2428 5047 2602 5103 veluti
2631 5061 2700 5100 ex
2727 5041 3055 5099 necessitate
3079 5035 3318 5108 quadam
3343 5035 3610 5105 rapiente.

2022 5147 2276 5217 Magnum
2319 5144 2505 5213 itaque
2545 5153 2740 5195 revera
2770 5143 2853 5191 est
2880 5132 3014 5205 justi
3052 5128 3406 5194 miraculum,
3433 5127 3613 5182 omni-

2024 5255 2132 5309 que
2165 5237 2328 5292 laude
2355 5233 2609 5304 superior
2633 5229 2830 5302 pietas.
2863 5224 3077 5282 Obtulit
3107 5223 3257 5280 enim
3290 5220 3613 5277 rationalem

2024 5331 2326 5393 victimam,
2353 5334 2565 5381 natura;
2586 5323 2800 5394 legibus
2825 5318 3160 5384 valedicens,
3187 5325 3244 5373 et
3270 5314 3616 5372 inevitabiles

2025 5421 2231 5476 amoris
2262 5434 2390 5490 erga
2418 5417 2626 5472 liberos
2658 5414 2914 5470 stimulos
2949 5411 3296 5483 proculcans,
3322 5407 3616 5474 omniaque

2030 5525 2247 5572 terrena
2271 5511 2445 5567 amori
2473 5526 2602 5582 erga
2628 5511 2802 5566 Deum
2827 5516 3184 5580 postponens.
3215 5501 3424 5557 Idcirco
3447 5496 3612 5552 etiam

2029 5602 2200 5676 gloria
2228 5601 2459 5658 aﬁ‘ectus
2485 5610 2587 5667 est,
2613 5608 2668 5655 et
2692 5600 2902 5655 amicus
2922 5604 3150 5652 vocatus
3173 5591 3290 5656 Dei,
3311 5597 3367 5644 et
3394 5583 3623 5642 tandem
