4092 6472
467 370 561 419 ιιί

1489 363 1544 419 S.
1586 363 1862 420 CYRlLLl
1902 364 2377 421 ALEXANDRINI
2417 364 2736 423 ARCHIEP.

3634 373 3734 430 MS

461 483 610 555 quod
647 483 890 554 speravit
925 499 1091 555 supra
1130 499 1283 554 spem
1321 484 1526 540 evenit.
1565 484 1762 540 Factus
1790 486 1937 540 enim
1969 499 2037 542 εει

2156 487 2381 542 ἐπαίνου
2413 487 2599 542 λοιπὸν
2632 475 2694 542 τὸ
2728 489 2993 560 θεοφιλές.
3026 491 3402 562 Προσεκόμιζε
3436 491 3543 564 γὰρ
3568 497 3628 547 τὸ
3649 491 3734 550 λο-

461 574 759 629 multarum
788 583 951 646 atque
985 575 1122 632 adeo
1152 575 1636 630 innumerabilium
1665 577 1911 647 gentium
1946 593 2043 648 pa-

462 672 546 718 ter
584 663 642 719 in
680 662 922 730 Christo,
954 681 1054 736 per
1079 680 1242 736 quem
1277 673 1334 720 et
1372 679 1497 719 cum
1529 681 1641 736 quo
1670 667 1783 721 Deo
1808 682 1871 722 ac
1895 667 2043 723 Patri

459 753 634 826 gloria
682 771 809 812 cum
858 767 1047 813 sancto
1096 756 1303 828 Spiritu
1353 757 1408 812 in
1455 758 1653 814 saecula
1691 761 2040 816 saeculorum.

458 845 656 902 Amen.

2152 579 2305 649 γικὸν
2333 580 2547 651 ἱερεῖον,
2579 581 2673 635 καὶ
2711 583 2825 646 τοῖς
2852 583 2950 653 τῆς
2981 581 3196 653 φύσεως
3229 585 3416 655 νόμοις
3457 585 3732 657 ἐρρῶσθαι

2152 671 2385 742 φράσας,
2417 673 2512 727 καὶ
2537 673 2637 742 τῆς
2661 674 3039 746 ἀπαραιτήτου
3069 675 3456 746 φιλοστοργίας
3483 678 3732 746 πατήσας

2148 763 2209 816 τὸ
2239 763 2484 837 κέντρον,
2510 767 2605 819 καὶ
2627 765 2734 819 τῶν
2766 767 3028 836 ἐπιγείων
3053 768 3206 822 οὐδὲν
3228 772 3295 839 τῇ
3325 770 3403 832 είς
3430 767 3562 822 Θεὸν
3593 767 3733 822 ἀντι-

2150 853 2480 926 παρεξάγων
2511 856 2722 928 ἀγάπῃ.
2768 859 3061 929 Τοιγάρτοι
3104 861 3200 914 καὶ
3235 861 3589 926 δεδόξασται,
3635 861 3731 914 καὶ

459 935 612 1004 φίλος
641 936 844 1009 ἐκλήθη
881 937 1036 991 Θεοῦ.
1072 938 1180 991 Καὶ
1210 939 1291 1002 είς
1320 938 1491 1008 πέρας
1531 936 1681 1009 αὐτῷ
1720 937 1781 992 τὸ
1811 935 2204 1014 προσδόκηθέν,
2235 944 2306 998 τὰ
2363 947 2460 1016 τῆς
2489 947 2704 1012 ἐλπίδος
2737 948 3031 1020 ἐκϐέϐηκε.
3105 950 3302 1019 Γέγονε
3345 954 3454 1023 γὰρ
3518 951 3729 1008 πολλῶν

458 1032 554 1088 καὶ
578 1031 967 1116 άναριθμήτων
987 1029 1158 1084 ἐθνῶν
1184 1030 1367 1102 πατὴρ
1396 1032 1453 1084 ἐν
1481 1030 1725 1102 Χριστῷ.
1747 1033 1824 1085 Δι’
1855 1025 1916 1085 οὗ
1939 1033 2034 1087 καὶ
2073 1035 2194 1108 μεθ’
2258 1029 2322 1090 οὗ
2393 1039 2472 1110 τῷ
2509 1039 2628 1112 Θεῷ
2660 1041 2755 1094 καὶ
2783 1041 2962 1114 [lat-pl.
2998 1043 3032 1112 ἡ
3078 1043 3206 1110 δόξα
3247 1044 3344 1098 σὺν
3381 1043 3523 1114 ἁγίῳ
3562 1042 3731 1096 Πνεύ-

459 1140 590 1194 ματι
621 1125 702 1188 είς
728 1122 855 1187 τοὺς
883 1122 1086 1188 αἰῶνας
1120 1123 1231 1178 τῶν
1262 1123 1497 1177 αἰώνων.
1547 1124 1741 1194 Ἀμήν.

843 1254 957 1326 89
994 1253 1070 1308 De
1107 1255 1264 1310 Isaac
1301 1265 1350 1310 et
1388 1257 1635 1313 Rebecca.

525 1419 580 1473 1.
619 1417 944 1475 Justiﬁcatis
987 1433 1086 1489 per
1133 1417 1441 1482 Christum,
1492 1417 1869 1486 unitatemque
1915 1431 2042 1471 cum

457 1511 576 1582 ipso
625 1525 725 1581 per
766 1509 1242 1580 participationem
1283 1508 1518 1579 Spiritus
1560 1507 1733 1564 sancti
1773 1508 1832 1564 in
1873 1508 2047 1564 bene-

453 1602 656 1672 placito
681 1601 861 1658 Patris
883 1601 1216 1666 consecutis,
1244 1601 1464 1670 sapiens
1482 1600 1685 1656 Paulus
1715 1599 1792 1654 ita
1815 1600 2043 1654 scribit:

2361 1261 2502 1331 IIepl
2527 1261 2634 1316 τοῦ
2673 1262 2880 1318 Ἰσαὰκ
2910 1262 3010 1318 καί
3035 1262 3148 1332 τῆς
3178 1263 3515 1332 Ῥεϐέκκας.

2217 1406 2285 1453 α’.
2326 1399 2453 1464 Τοῖς
2485 1401 2544 1454 ἐν
2581 1400 2803 1472 Χριστῷ
2840 1401 3307 1472 δεδικαιωμένοις,
3337 1404 3431 1456 καὶ
3461 1405 3561 1477 τὴν
3594 1406 3731 1479 πρὸς
3759 1368 3765 1376 1

2145 1490 2308 1544 αὐτὸν
2349 1489 2576 1564 ἑνότητα
2618 1491 2708 1546 διὰ
2735 1493 2830 1547 τοῦ
2869 1493 3190 1565 μεταλαχεῖν
3223 1495 3380 1564 ἁγίου
3415 1496 3732 1567 Πνεύματος

2147 1583 2206 1636 ἐν
2237 1582 2458 1654 εὐδοκία
2499 1585 2712 1656 Πατρὸς
2747 1585 3279 1657 ἐκπεπλουτηκόσιν,
3335 1587 3363 1640 ό
3408 1588 3571 1657 σοφὸς
3613 1590 3735 1643 ἐπι-

461 1715 479 1746 α
523 1693 802 1765 Despondi
851 1693 999 1748 enim
1046 1708 1145 1748 vos
1199 1693 1295 1746 uni
1345 1691 1465 1746 viro
1519 1691 1804 1762 virginem
1839 1700 2037 1746 castam

2150 1674 2356 1728 στέλλει
2402 1674 2614 1740 Παῦλος
2639 1692 2652 1706 ·
2687 1695 2705 1728 ι
2755 1677 3116 1748 Ἠρμοσάμην
3149 1677 3258 1748 γὰρ
3290 1679 3434 1750 ὑμᾶς
3468 1681 3548 1732 ἐνὶ
3575 1681 3734 1752 ἀνδρὶ

449 1786 716 1842 exhibere
759 1785 979 1842 Christo
1007 1783 1073 1840 ³η.
1116 1804 1134 1837 ι
1191 1784 1345 1840 Beati
1394 1785 1540 1840 enim
1591 1785 1825 1855 apostoli
1874 1785 2037 1840 veluti

2146 1766 2416 1838 παρθένον
2448 1768 2618 1838 ἁγνὴν
2647 1771 2995 1840 παραστῆσαι
3018 1769 3095 1840 τῷ
3119 1769 3362 1840 Χριστῷ.
3399 1791 3419 1823 ι
3452 1771 3733 1844 κλήτορες

387 1869 402 1873 ’
450 1878 688 1950 pronubi
717 1879 1067 1942 exstiterunt,
1103 1884 1160 1932 et
1188 1892 1284 1932 eos
1313 1877 1407 1948 qui
1435 1877 1632 1932 remoti
1662 1884 1840 1943 erant,
1871 1891 2037 1947 prope

2144 1857 2252 1930 γὰρ
2289 1857 2479 1923 ὥσπερ
2515 1859 2611 1911 καὶ
2661 1859 3023 1928 νυμφαγωγοὶ
3051 1859 3338 1928 γεγόνασιν
3369 1861 3418 1914 οἱ
3451 1861 3716 1934 μακάριοι

450 1977 760 2026 statuerunt
793 1977 1003 2024 tantum
1036 1984 1149 2024 non
1185 1970 1624 2040 conglutinantes
1656 1967 1898 2032 Christo,
1926 1969 2040 2038 spi-

450 2061 699 2131 ritusque
726 2061 937 2116 unitate
967 2060 1310 2131 colligantes.
1334 2061 1403 2114 Et
1426 2060 1661 2115 asciscet
1687 2059 1911 2130 quidem
1935 2059 2041 2114 sibi

449 2152 554 2222 ipsi
583 2151 886 2208 Ecclesiam
919 2151 1197 2216 Christus,
1237 2151 1482 2221 erigente
1513 2151 1707 2220 ipsam,
1737 2165 1802 2204 ac
1827 2157 2041 2204 tantum

447 2257 562 2298 non
583 2242 852 2298 oﬂ'erente
878 2241 991 2296 Deo
1012 2256 1076 2296 ac
1099 2241 1261 2296 Patre
1289 2241 1622 2312 proprioque
1641 2239 1782 2295 Filio
1805 2240 2043 2311 despon-

446 2332 635 2389 dente.
684 2331 955 2389 Caeterum
1005 2331 1154 2402 quod
1199 2331 1572 2386 mediantibus
1615 2330 1840 2398 sanctis,
1879 2347 2042 2387 nemo

446 2423 804 2500 dubitaverit.
837 2424 1120 2494 Siquidem
1154 2423 1376 2479 divinus
1408 2423 1577 2479 David
1611 2424 1918 2494 pracinens
1944 2438 2044 2477 no-

446 2514 534 2571 bis
570 2515 917 2588 mysterium,
957 2515 1026 2570 ad
1065 2516 1240 2585 ipsam
1265 2514 1467 2570 alicubi
1502 2515 1580 2570 ait
1613 2534 1624 2568 :
1667 2535 1684 2566 ‹
1714 2515 1879 2580 Audi,
1908 2515 2038 2582 ﬁlia,

445 2615 504 2661 et
523 2605 672 2671 vide,
696 2613 754 2661 et
780 2605 982 2661 inclina
1012 2620 1203 2660 aurem
1229 2614 1399 2670 tuam,
1421 2614 1479 2660 et
1505 2605 1832 2661 obliviscere
1861 2621 2040 2676 popu-

445 2699 562 2754 lum
595 2706 772 2762 tuum,
809 2707 866 2754 et
895 2699 1118 2754 domum
1145 2700 1319 2770 patris
1345 2702 1446 2766 tui,
1477 2699 1738 2770 quoniam
1774 2699 2040 2770 concupi-

444 2788 526 2844 vit
558 2805 655 2843 rex
678 2788 1146 2858 pulchritudinem
1193 2799 1342 2844 tuam
1374 2807 1390 2857 ;
1433 2790 1561 2859 quia
1601 2789 1718 2860 ipse
1749 2799 1834 2845 est
1859 2789 2043 2844 Domi-

446 2895 556 2934 nus
598 2890 745 2945 tuus,
776 2889 833 2935 et
875 2881 1086 2936 servies
1121 2881 1173 2935 ei
1210 2881 1276 2933 3'.
1315 2900 1333 2933 ι
1400 2881 1655 2936 Testatus
1715 2887 1801 2935 est
1856 2888 2037 2934 autem

447 2972 616 3028 etiam
645 2973 866 3038 Paulus,
890 2982 951 3027 ut
974 2969 1137 3027 modo
1165 2972 1300 3038 dixi,
1322 2973 1494 3028 veluti
1521 2993 1538 3024 ι
1565 2989 1821 3044 sponsam
1849 2988 2041 3043 quam-

449 3066 575 3122 dam
602 3065 850 3121 exhiberi
880 3065 1099 3120 Christo
1118 3063 1164 3096 ”
1193 3086 1211 3117 ›
1240 3065 1449 3121 ﬁdeles.
1475 3065 1641 3136 Atqui
1661 3066 2039 3121 venerandum

447 3158 586 3214 adeo
639 3165 806 3227 atque
860 3157 1243 3212 admirandum
1287 3159 1622 3229 mysterium
1677 3158 2038 3213 nihilominus

448 3265 613 3320 quam
635 3249 691 3304 in
719 3249 881 3303 nobis
908 3248 1074 3302 etiam
1099 3248 1154 3302 in
1187 3249 1291 3304 hoc
1311 3265 1505 3304 rursus
1531 3250 1803 3320 quispiam
1831 3248 2034 3303 videat.

450 3340 726 3410 Scriptum
764 3349 849 3395 est
883 3341 1071 3394 enim:
1113 3360 1130 3392 ι
1167 3341 1300 3396 Erat
1327 3349 1510 3396 autem
1541 3341 1817 3395 Abraham
1854 3340 2040 3395 senior

446 3438 739 3502 provectus
758 3429 974 3494 diebus,
989 3437 1043 3484 et
1063 3430 1329 3486 Dominus
1351 3431 1634 3486 benedixit
1647 3431 1921 3485 Abraham
1939 3445 2038 3500 per

445 3521 652 3575 omnia.
687 3519 755 3574 Et
795 3519 934 3573 dixit
965 3518 1240 3574 Abraham
1277 3535 1436 3574 servo
1475 3537 1577 3575 suo
1609 3519 1812 3574 seniori
1841 3519 2038 3574 domus

445 3628 580 3677 suae,
596 3612 830 3684 principi
845 3628 1070 3667 suorum
1089 3614 1336 3668 omnium
1354 3631 1364 3665 :
1381 3614 1527 3668 Pone
1546 3628 1765 3667 manum
1781 3623 1927 3667 tuam
1941 3628 2036 3668 su-

447 3718 547 3772 per
565 3704 746 3759 femur
765 3719 969 3769 meum,
989 3713 1045 3759 et
1070 3703 1337 3774 adjurabo
1362 3714 1413 3759 te
1435 3719 1534 3773 per
1549 3704 1841 3758 Dominum
1867 3704 2037 3758 Deum

447 3797 597 3862 cmli,
613 3798 852 3852 etDeum
877 3806 1056 3862 terrae,
1077 3805 1138 3851 ut
1154 3814 1262 3852 non
1281 3797 1521 3867 accipias
1535 3813 1762 3852 uxorem
1789 3797 1897 3852 ﬁlio
1914 3812 2037 3851 meo

447 3891 598 3946 Isaac
615 3891 682 3946 de
705 3890 921 3946 ﬁliabus
939 3890 1396 3954 Chananarorum,
1429 3906 1553 3944 cum
1579 3891 1783 3960 quibus
1813 3906 1914 3961 ego
1942 3891 2039 3945 ha-

447 3985 562 4040 bito
591 3984 736 4040 inter
759 3985 932 4056 ipsos;
964 3983 1058 4040 sed
1087 3983 1140 4037 in
1171 3993 1374 4037 terram
1392 3997 1590 4046 meam,
1611 3983 1702 4037 ubi
1725 3992 1884 4038 natus
1913 3999 2033 4038 sum

446 4091 566 4145 ego,
590 4075 717 4142 ibis,
737 4077 870 4132 etin
890 4075 1095 4131 tribum
1117 4088 1316 4138 meam,
1335 4082 1390 4127 et
1410 4074 1645 4143 accipies
1662 4089 1884 4128 uxorem
1920 4073 2034 4128 ﬁlio

445 4180 570 4222 meo
601 4167 770 4232 lsaae,
801 4167 928 4221 inde
952 4164 1019 4219 ⁸⁵.
1057 4185 1074 4216 ι
1120 4165 1257 4245 cum
1302 4165 1484 4234 itaque
1525 4165 1642 4220 haec
1684 4165 2035 4235 praecepisset

444 4260 743 4325 Abraham,
771 4259 977 4331 juravit
1019 4258 1241 4329 quidem
1280 4258 1462 4313 statim
1497 4272 1708 4322 servus,
1746 4258 2035 4328 imponens

445 4367 670 4406 manum
709 4351 907 4406 femori
945 4351 1154 4406 domini
1191 4352 1296 4406 sui.
1324 4352 1401 4406 Ex
1426 4368 1535 4421 quo
1560 4353 1862 4423 intelligere
1903 4353 2034 4408 licet

445 4443 626 4513 ipsum
669 4442 768 4498 toti
814 4443 1178 4514 generationi,
1205 4461 1328 4514 quae
1361 4460 1429 4499 ex
1465 4445 1584 4514 ipso
1621 4444 1831 4500 oritura
1863 4453 2030 4508 esset,

2149 1949 2412 2020 μαθηταὶ,
2445 1949 2567 2012 τοὺς
2603 1948 2682 2001 ἔτι
2719 1949 2938 2019 μακρὰν
2965 1949 3248 2014 ποιοῦντες
3281 1952 3472 2020 ἐγγὺς,
3503 1952 3597 2005 καὶ
3634 1969 3734 2022 μο-

2143 2039 2358 2110 νονουχὶ
2391 2037 2690 2103 κολλῶντες
2733 2037 2956 2109 Χριστῷ
2983 2081 2996 2104 ,
3042 2041 3138 2094 καὶ⁵
3177 2044 3244 2112 τῇ
3286 2040 3380 2095 τοῦ
3419 2042 3735 2112 πνεύματος

2143 2129 2334 2185 ἐνώσει
2386 2130 2717 2194 συνδέοντες.
2758 2130 2868 2184 Καὶ
2915 2132 3258 2202 παραστήσει
3293 2131 3393 2203 μὲν
3425 2132 3602 2204 ἐαυτῷ
3632 2133 3736 2204 τὴν

2155 2222 2484 2294 Ἐκκλησίαν
2514 2222 2752 2294 Χριστός
2775 2239 2786 2251 ·
2823 2222 3198 2287 διανιστάντος
3227 2223 3422 2295 αὐτὴν,
3448 2225 3738 2296 μονονουχὶ
3772 2269 3782 2274 -

2142 2315 2198 2369 δέ
2245 2316 2341 2370 καὶ
2376 2314 2770 2386 προσάγοντος.
2799 2313 2893 2366 τοῦ
2931 2313 3066 2368 Θεοῦ
3106 2316 3200 2370 καὶ
3237 2316 3473 2386 Πατρὸς,
3520 2317 3617 2370 καὶ
3661 2316 3738 2387 τῷ

2146 2407 2262 2479 ἰδίῳ
2279 2407 2690 2476 κατεγγυῶντος
2718 2405 2855 2478 Υἱῷ,
2881 2407 3020 2478 πλὴν
3043 2408 3125 2461 ὅτι
3144 2409 3533 2478 μεσιτευόντων
3560 2410 3735 2479 ἁγίων

2143 2500 2246 2554 οὐκ
2283 2499 2356 2582 ἂν
2391 2497 2692 2552 ἐνδοιάσειέ
2725 2515 2830 2562 τις.
2876 2498 2935 2552 Ὀ
2969 2498 3067 2569 μὲν
3103 2499 3215 2570 γὰρ
3251 2497 3537 2564 θεσπέσιος
3567 2500 3735 2554 Δαὸὶδ

2143 2591 2554 2665 προαναφωνῶν
2597 2593 2733 2662 ήμῖν
2758 2591 2820 2644 τὸ
2866 2592 3185 2662 μυστήριον,
3232 2591 3369 2664 πρὸς
3409 2593 3582 2664 αὐτήν
3628 2590 3734 2646 πού

2143 2700 2336 2755 φησιν·
2373 2704 2392 2736 ι
2437 2683 2730 2749 ΙἈκουο-ον,
2764 2683 3027 2755 θύγατερ,
3064 2684 3158 2737 καὶ
3192 2683 3289 2748 ίδε,
3323 2686 3420 2738 καὶ
3444 2684 3634 2739 κλῖνον
3664 2684 3734 2740 τὸ

2141 2772 2234 2841 οὖς
2264 2794 2380 2840 σου,
2406 2776 2500 2829 καὶ
2520 2773 2781 2829 ἐπιλάθου
2801 2775 2895 2829 τοῦ
2921 2773 3050 2828 λαοῦ
3083 2790 3177 2829 σου
3223 2775 3318 2827 καὶ
3343 2775 3436 2829 τοῦ
3455 2776 3612 2831 οἴκου
3633 2775 3732 2831 τοῦ

2142 2869 2356 2940 Πατρός
2399 2885 2491 2920 σου
2522 2886 2535 2900 ·
2581 2868 2664 2920 ὅτι
2693 2867 3040 2937 ἐπεθύμησεν
3074 2867 3102 2919 ό
3136 2865 3390 2936 βασιλεὺς
3437 2867 3535 2921 τοῦ
3592 2869 3732 2923 κάλ-

2144 2962 2268 3026 λους
2301 2980 2396 3016 σου
2419 2979 2433 2994 ο
2459 2963 2543 3016 ὅτι
2575 2961 2740 3025 αὐτός
2773 2961 2887 3014 ἐστι
2913 2959 3119 3031 Κύριός
3152 2977 3268 3027 σου,
3295 2961 3388 3014 καὶ
3421 2963 3736 3034 προσκυνή-

2143 3073 2256 3120 σεις
2307 3054 2477 3125 αὐτῷ.
2517 3074 2536 3106 ι
2563 3053 2950 3124 Διωμολόγηκε
2992 3053 3049 3106 δὲ
3091 3052 3185 3106 καὶ
3213 3055 3241 3106 ό
3277 3052 3510 3117 Παῦλος,
3555 3054 3736 3108 καθά-

2143 3166 2248 3220 περ
2278 3147 2414 3218 ἐφην
2467 3147 2711 3218 ἀρτίως,
2759 3140 2848 3199 οἷά
2900 3163 3021 3198 τινα
3056 3144 3276 3216 νύμφην
3314 3146 3738 3216 παρασταθῆναι

2141 3238 2362 3310 Χριστῷ
2415 3239 2542 3302 τοὺς
2581 3237 3038 3300 πεπιστευκότας.
3082 3236 3244 3290 Ἀλλὰ
3266 3235 3326 3288 τὸ
3349 3234 3492 3288 οὕτω
3534 3237 3737 3290 σεπτὸν

2141 3331 2235 3386 καὶ
2269 3331 2627 3397 ἁξιάκουστον
2666 3328 2882 3400 ἀληθῶς
2937 3327 3237 3398 μυστήριον
3291 3328 3499 3381 κατίδοι
3539 3345 3632 3391 τις
3673 3326 3740 3381 ἂν

2139 3422 2292 3475 οὐδὲν
2344 3416 2506 3492 ἦττον
2554 3419 2710 3492 ήμῶν
2758 3420 2853 3472 καὶ
2905 3420 3040 3490 τῷδε
3079 3419 3144 3490 δὴ
3182 3419 3364 3473 πάλιν.
3411 3419 3741 3489 Γέγραπται

2142 3515 2247 3584 γὰρ
2275 3554 2288 3576 ,
2322 3514 2404 3566 ὅτι
2435 3513 2531 3566 καὶ
2581 3531 2600 3564 ι
2649 3511 2910 3582 Ἀϐραὰμ
2941 3508 3009 3582 ἦν
3039 3511 3410 3584 πρεσϐύτερος
3453 3512 3739 3582 προὸεόηο

2140 3605 2251 3671 κὼς
2278 3608 2310 3676 ή
2321 3606 2522 3677 μερῶν,
2554 3605 2648 3658 καὶ
2667 3604 2870 3676 Κύριος
2895 3604 3158 3675 εύλόγησε
3178 3604 3269 3658 τὸν
3307 3604 3559 3676 Ἀϐρααμ
3593 3603 3737 3658 κατὰ

2141 3697 2334 3752 πάντα.
2381 3697 2492 3750 Καὶ
2518 3693 2672 3750 εἶπεν
2715 3697 2967 3767 Ἀϐραὰμ
2991 3697 3069 3766 τῷ
3104 3696 3256 3749 παιδὶ
3285 3694 3449 3749 αὐτοῦ
3477 3696 3556 3766 τῷ
3596 3713 3735 3765 πρε-

2141 3789 2390 3860 σϐυτέρῳ
2415 3789 2514 3858 τῆς
2542 3789 2720 3850 οἰκίας
2751 3787 2950 3854 αὐτοῦ,
2985 3788 3064 3858 τῷ
3108 3789 3332 3859 ἄρχοντι
3365 3787 3590 3842 πάντων
3623 3787 3736 3841 τῶν

2139 3880 2306 3935 αὑτοῦ
2331 3899 2345 3913 ο
2375 3881 2478 3944 Θὲς
2517 3880 2616 3951 τὴν
2647 3880 2805 3951 χεῖρά
2833 3897 2926 3933 σου
2967 3882 3058 3933 ἐπὶ
3095 3879 3188 3933 τὸν
3239 3881 3412 3951 μηρόν
3446 3897 3552 3951 μου
3579 3922 3595 3947 ,
3640 3883 3737 3934 καὶ

2141 3973 2377 4045 ἐξορκιῶ
2406 3991 2464 4026 σε
2494 3973 2702 4043 Κύριον
2740 3972 2831 4025 τὸν
2879 3971 3012 4025 Θεὸν
3053 3971 3147 4025 τοῦ
3173 3971 3402 4042 οὐρανοῦ
3425 4013 3438 4037 ,
3474 3973 3574 4025 καὶ
3635 3973 3732 4026 τὸν

2141 4067 2271 4120 Θεὸν
2315 4066 2415 4136 τῆς
2442 4066 2543 4136 γῆς
2566 4105 2580 4128 ,
2633 4066 2721 4120 ἵνα
2759 4065 2834 4136 μὴ
2864 4064 3036 4136 λάϐῃς
3079 4068 3320 4134 γυναῖκα
3360 4063 3438 4134 τῷ
3467 4065 3572 4136 υίῷ
3627 4082 3736 4136 μου

2153 4157 2336 4212 Ἰσαὰκ
2360 4159 2467 4211 ἀπὸ
2492 4159 2600 4212 τῶν
2629 4158 2948 4229 θυγατέρων
2975 4157 3085 4212 τῶν
3111 4158 3460 4222 Χαναναίων,
3489 4158 3616 4228 μεθ’
3659 4151 3739 4212 ὧν

2139 4249 2250 4319 ἐγὼ
2275 4250 2411 4303 οἰκῶ
2439 4253 2496 4303 ἐν
2524 4252 2729 4314 αὐτοῖς.
2787 4251 2928 4303 Ἀλλ’
2953 4253 3034 4313 εἰς
3067 4250 3164 4320 τὴν
3190 4250 3314 4319 γῆν,
3344 4240 3406 4302 οὗ
3433 4251 3733 4319 ἐγενόμην,

2138 4342 2382 4416 πορεύσῃ
2415 4342 2510 4396 ml.
2549 4345 2629 4406 εἰς
2651 4342 2751 4412 τὴν
2787 4341 2962 4410 φυλήν
3003 4359 3128 4412 μου.
3158 4342 3269 4394 Καὶ
3303 4340 3446 4412 λήψῃ
3487 4345 3738 4409 γυναῖκα

2135 4436 2212 4506 τῷ
2240 4435 2338 4505 υἱῷ
2365 4452 2464 4506 μου
2494 4434 2681 4487 Ἰσαὰκ
2733 4432 2960 4486 ἐκεῖθεν.
2997 4450 3017 4485 ι
3045 4432 3228 4486 Ταῦτα
3249 4431 3539 4502 τοιγαροῦν
3570 4448 3737 4502 προσα

440 4535 813 4604 juramentum
847 4535 1192 4604 praestitisse.
1221 4535 1478 4590 Oneratis
1502 4536 1687 4606 itaque
1714 4537 1904 4592 decem
1939 4551 2033 4592 ca-

2144 4528 2426 4596 τεταχότος
2481 4527 2577 4578 τοῦ
2633 4524 2930 4594 Ἀὔραὰμ,
2986 4523 3258 4594 διώμνυτο
3295 4524 3394 4593 μὲν
3437 4523 3465 4575 ὁ
3503 4523 3736 4594 οἰκέτης

445 4625 608 4679 melis
649 4625 840 4679 multis
877 4625 1088 4680 divitiis
1137 4625 1434 4690 Abraham,
1477 4627 1614 4680 abiit
1658 4628 1924 4683 velociter
1975 4628 2032 4682 in

448 4714 918 4784 Mesopotamiam,
960 4717 1224 4786 venitque
1257 4717 1313 4770 in
1341 4716 1618 4772 civitatem
1658 4719 1895 4783 Nachor,
1926 4719 2036 4789 90

447 4814 504 4860 et
530 4807 818 4876 quiescere
850 4807 982 4863 fecit
1005 4808 1242 4864 camelos
1268 4817 1423 4864 extra
1451 4810 1728 4866 civitatem
1760 4813 1902 4882 apud
1929 4830 2034 4884 pu-

449 4909 601 4953 teum
629 4915 803 4971 aquae,
847 4899 914 4956 de
943 4916 1170 4971 vespere
1208 4903 1431 4972 quando
1471 4903 1830 4976 egrediuntur
1863 4921 2034 4976 aqua-

451 4991 635 5047 trices.
663 4991 802 5047 Cum
832 4993 1001 5065 igitur
1040 5009 1107 5049 eo
1139 4994 1504 5064 pervenisset,
1546 4997 1724 5052 oravit
1763 4998 1934 5052 Deum
1974 5007 2037 5054 ut

450 5081 558 5151 ipsi
572 5082 718 5137 viam
741 5081 1000 5154 aperiret,
1018 5086 1443 5156 ostenderetque
1459 5087 1726 5159 virginem
1746 5090 2035 5159 pulchram

450 5179 615 5241 atque
652 5173 1000 5243 hospitalem,
1039 5192 1270 5246 quaeque
1313 5177 1544 5248 impigra
1581 5187 1728 5234 esset
1769 5180 1837 5234 ad
1881 5197 2034 5236 amo-

451 5276 570 5315 rem
601 5262 1004 5318 exhibendum.
1056 5285 1074 5316 ι
1112 5267 1235 5321 Erit
1269 5267 1438 5332 enim,
1477 5269 1678 5339 inquit,
1729 5270 1882 5341 virgo
1943 5273 2034 5326 cui

451 5367 554 5424 ego
593 5353 785 5408 dixero
815 5373 828 5408 :
858 5354 1067 5409 inclina
1120 5356 1370 5428 hydriam
1429 5366 1576 5414 tuam
1613 5371 1672 5414 ut
1721 5361 1925 5425 bibam,
1979 5369 2037 5416 et

451 5441 656 5497 dixerit
684 5444 824 5498 mihi
853 5461 866 5496 :
895 5443 1048 5508 Bibe,
1083 5453 1140 5499 et
1180 5446 1418 5502 camelos
1453 5456 1575 5504 tuos
1614 5450 1834 5518 potabo,
1861 5451 2037 5506 donec

454 5534 645 5605 utique
677 5543 895 5592 cessent
922 5535 1196 5603 bibentes,
1229 5537 1369 5594 hanc
1399 5540 1716 5610 praeparasti
1754 5555 1912 5596 servo
1941 5549 2033 5595 tuo

454 5623 603 5680 Isaac
630 5626 696 5681 ⁸⁵.
731 5645 749 5677 ι
784 5627 941 5683 Venit
968 5626 1151 5697 itaque
1175 5628 1359 5682 statim
1386 5629 1564 5698 puella
1589 5628 1788 5684 decora
1811 5640 2034 5700 aspectu

529 5815 566 5841 ⁸³
609 5811 650 5864 ll
678 5814 806 5870 Cor.
849 5836 915 5882 Si,
953 5819 1003 5872 ‘2.
1085 5817 1127 5850 ⁸⁷
1155 5818 1297 5872 Psal.
1343 5832 1483 5881 XLIV,
1519 5817 1712 5882 11,ίῖ-

1792 5817 1897 5871 ¹¹³ΙΙ
1922 5817 2044 5872 Cor.
2070 5833 2139 5884 xx,
2165 5817 2216 5870 2.
2263 5815 2304 5848 ⁸⁵
2338 5817 2474 5871 Gcn.
2516 5832 2657 5880 xxiv,
2690 5815 2800 5870 1-4.

2140 4619 2483 4689 παραχρῆμα
2510 4657 2525 4681 ,
2568 4617 2646 4686 τῷ
2683 4614 2845 4686 μηρῷ
2886 4616 3148 4669 δεσπότου
3193 4615 3291 4687 τὴν
3339 4617 3499 4686 χεῖρα
3548 4618 3738 4670 ἐπιτι-

2138 4711 2272 4774 θείς.
2297 4713 2373 4763 Δι’
2405 4701 2466 4763 οῦ
2498 4709 2771 4780 παρέσται
2796 4711 2937 4761 νοεῖν
2958 4707 3016 4760 τὸ
3049 4709 3334 4778 μονονουχὶ
3368 4706 3510 4761 κατὰ
3541 4709 3736 4778 πάσης

2136 4805 2237 4875 τῆς
2263 4803 2531 4874 ἐσομένης
2571 4801 2629 4867 ἐξ
2666 4800 2834 4854 αὐτοῦ
2868 4804 3032 4870 γονῆς
3057 4800 3392 4871 πεποιῆσθαι
3415 4799 3514 4870 τὴν
3546 4803 3736 4871 ὁρκω·

2141 4882 2356 4968 μοσίαν.
2397 4893 2837 4964 Ἐπαναθέμενος
2867 4893 2926 4945 δὲ
2955 4893 3222 4963 καμήλοις
3245 4893 3380 4946 δέκα
3404 4892 3583 4945 πολλὰ
3620 4891 3736 4944 τῶν

2150 4990 2400 5061 Ἀϐραὰμ
2426 4985 2669 5056 ἀγαθῶν,
2693 4985 3004 5053 ἀφικνεῖται
3031 4986 3289 5056 δρομαῖος
3313 4987 3392 5048 εἰς
3415 4983 3512 5053 τὴν
3553 4983 3736 5054 μέσην

2135 5083 2243 5136 τῶν
2270 5079 2552 5150 ποταμῶν.
2587 5078 2699 5134 Καὶ
2733 5077 2984 5148 καταίρει
3033 5077 3130 5146 μὲν
3167 5077 3247 5139 εἰς
3294 5075 3447 5129 πόλιν
3477 5075 3694 5146 Ναχώρ
3718 5092 3734 5106 ο

2135 5173 2355 5240 ὀκλάζει
2399 5173 2457 5226 δὲ
2489 5173 2589 5236 τὰς
2621 5172 2903 5243 καμήλους
2947 5169 3050 5234 ἐξω
3083 5170 3183 5238 τῆς
3215 5169 3424 5232 πόλεως
3463 5171 3627 5238 παρᾶ
3668 5167 3736 5245 τὸ

2136 5268 2316 5337 φρέαρ
2344 5264 2437 5318 τοῦ
2474 5264 2689 5330 ὓδατος,
2733 5264 2794 5317 τὸ
2833 5262 3078 5335 προσοψέ
3122 5262 3287 5332 ἡνίκα
3323 5261 3735 5332 ἐκπορεύονται

2136 5360 2193 5411 αἱ
2241 5358 2621 5428 ύδρευόμεναι.
2683 5357 3038 5426 Ἀφικόμενος
3087 5355 3149 5425 δὴ
3199 5350 3292 5408 οὖν
3338 5357 3541 5418 ἐκεῖσε,
3593 5353 3736 5408 Θεὸν

2138 5449 2388 5519 ἐλιπάρει
2414 5449 2600 5502 λοιπὸν
2627 5451 2758 5502 ἀνευ
2771 5447 2929 5519 ρῦναι
2961 5446 3060 5516 τὴν
3091 5445 3232 5506 ὁδὸν.
3271 5445 3364 5499 καὶ
3403 5443 3734 5508 καταδεῖξαι

2140 5537 2410 5608 παρθένον
2439 5537 2671 5609 εὐδρανῆ
2695 5537 2792 5591 καὶ
2829 5535 3110 5605 φιλόξενον
3127 5576 3140 5600 ,
3166 5535 3263 5589 καὶ
3289 5535 3451 5588 ὖκνου
3481 5533 3582 5586 τοῦ
3608 5533 3737 5604 βλέ-

2142 5647 2334 5694 ποντος
2359 5633 2438 5693 είς
2459 5629 2681 5701 ἀγάπην
2710 5627 3016 5700 κρείττονα.
3052 5647 3070 5679 ι
3099 5626 3438 5696 Ἔσταιγὰρ,
3469 5625 3669 5696 φησὶν,
3708 5627 3744 5693 ἡ
3822 5619 3830 5625 ’

2880 5815 2924 5845 ⁸⁵
2963 5812 3097 5868 ibid.
3138 5813 3221 5867 14.
