4092 6446
401 281 511 336 “9

1456 279 1982 340 GLAPHYRORUM
2023 280 2091 336 IN
2129 278 2431 335 GENESIM
2473 276 2599 333 LIB.
2645 278 2736 332 Ill.

3634 275 3750 330 {50’

398 399 713 472 παρθένος,
801 400 894 457 ἐὰν
916 399 1030 472 ἐγὼ
1054 400 1216 466 εἴπω,
1265 399 1574 455 Ἐπίκλινον
1599 399 1697 471 τὴν
1717 399 1905 471 ὑδρίαν
1935 414 2026 451 σου

2137 395 2622 466 pulclierrimaque
2674 394 2864 465 virgo,
2917 391 3190 456 Rebecca,
3237 389 3480 461 inquam.
3519 390 3732 448 Potenti

405 496 504 548 ἶνα
534 495 650 548 πίω
674 534 690 559 ,
725 495 821 549 καὶ
854 492 1014 568 εἴπῃ,
1049 494 1150 548 Πίε
1172 537 1187 561 ,
1227 495 1324 548 καὶ
1347 495 1446 560 τὰς
1472 493 1758 566 καμήλους
1799 511 1893 548 σου
1929 509 2029 545 πο-

398 586 533 654 τιῶ,
571 587 684 653 ἕως
715 587 786 644 ἂν
819 587 1142 642 παύσωνται
1175 588 1454 652 πίνουσαι,
1482 586 1690 659 ταύτην
1720 586 2029 659 ἡτοίμασας

399 680 486 752 τῷ
519 681 680 736 παιδί
709 698 809 735 σου
852 681 1063 739 Ἰσαάκ.
1097 701 1117 734 υ
1167 679 1310 736 Ἀλλ’
1339 674 1474 753 ἧκεν
1500 680 1600 734 οὐκ
1631 681 1712 744 εἰς
1751 677 1967 751 μακρὰν
1993 677 2027 748 ἡ

403 773 556 846 καλὴ
582 773 663 847 τῷ
692 775 828 830 εῖδει
862 774 956 830 καὶ
977 775 1400 848 εὐπρεπεστάτη
1439 772 1731 853 παρθένος,
1758 773 1904 844 φημί
1936 771 2023 843 δὴ,

411 867 720 925 Ῥεϐέκκα.
762 867 1102 936 Ἔξαιτοῦντι
1133 869 1191 923 δὲ
1225 870 1409 937 πιεῖν,
1450 868 1728 942 προσῆγεν
1767 866 2023 936 ἑτοίμως.

415 963 838 1035 Ἐπηγγέλλετο
880 965 938 1018 δὲ
980 963 1076 1018 καὶ
1115 963 1289 1028 αὑτὰς
1317 964 1527 1017 ποτιεῖν
1560 960 1661 1024 τὰς
1703 961 2025 1032 καμήλους,

403 1057 505 1110 καὶ
539 1059 627 1121 εἰς
664 1056 830 1130 ἔργον
879 1056 1046 1128 ἤγετο
1080 1057 1149 1111 τά
1180 1055 1596 1129 ἐπηγγελμένα.
1629 1053 1942 1126 Συμϐἁλλει
1965 1051 2029 1125 δὴ

400 1143 502 1201 οὖν
531 1148 565 1202 6
598 1148 825 1221 οἰκέτης
856 1147 1132 1216 ἐντεῦθεν,
1165 1149 1242 1214 ὡς
1276 1147 1419 1219 αὕτη
1449 1147 1637 1202 λοιπὸν
1671 1148 1780 1218 εἴη,
1809 1146 1902 1201 καὶ
1931 1146 2031 1219 ούχ

400 1238 601 1310 ἑτέρα.
631 1238 930 1310 Τοιγάρτοι
957 1238 1155 1310 ψέλλια
1182 1257 1244 1292 τε
1275 1239 1370 1292 καὶ
1396 1237 1594 1292 ἐνώτια
1621 1236 1826 1302 λαϐὼν,
1853 1252 2029 1310 προσ-

400 1329 645 1401 εκόμιζε
672 1333 740 1402 τῇ
783 1329 1018 1386 νεάνιδι.
1087 1330 1153 1384 Ἦ
1182 1329 1240 1384 δὲ
1273 1329 1412 1383 οἴκοι
1447 1328 1762 1402 παρελθεῖν,
1799 1325 2030 1381 ἕπεσθαί

400 1439 469 1475 τε
506 1423 656 1494 αὐτῇ
713 1422 1069 1494 παραχρῆμα
1124 1419 1520 1492 προσέταττεν.
1570 1411 1645 1474 Ob
1704 1417 2027 1488 γεγονότος,

403 1513 693 1580 ξενίζεται
725 1515 826 1586 μὲν
857 1514 1029 1568 αὑτοῦ
1055 1555 1070 1580 ,
1099 1513 1360 1586 λαμπρὰν
1390 1514 1448 1568 δὲ
1486 1513 1739 1585 διήγησιν
1769 1510 1863 1565 τοῦ
1895 1509 2029 1564 ἰδίου

400 1605 683 1660 δεσπότου
709 1607 802 1660 τὸν
828 1604 1067 1662 πλοῦτον
1089 1609 1350 1659 ποιεῖται.
1376 1604 1698 1677 Προσετίθει
1718 1603 1798 1672 δὲ,
1823 1604 1904 1658 ὄτι
1932 1603 2028 1656 ἕνα

403 1701 504 1754 καὶ
536 1701 832 1774 ἀγαπητὸν
862 1700 1006 1774 ἔχων
1029 1701 1147 1756 υἰδν
1173 1701 1268 1755 τὸν
1311 1699 1533 1767 Ἰσαὰκ,
1577 1699 1760 1754 πάντα
1791 1697 2028 1752 δέδωκεν

2130 505 2265 544 vero
2293 497 2507 559 potum,
2553 485 2963 558 promptissime
3001 483 3185 551 dedit;
3217 483 3476 554 promisit
3513 497 3644 538 vero
3676 498 3736 537 se

2129 581 2297 639 etiam
2324 580 2550 637 camelis
2582 587 2774 652 potum
2821 579 3096 644 daturam,
3136 577 3431 648 statimque
3461 576 3734 647 promissa

2130 673 2476 745 exsequitur.
2499 669 2720 745 Colligit
2741 687 2876 728 vero
2891 686 2961 726 ex
2990 670 3079 725 bis
3100 668 3321 725 indiciis
3343 683 3538 724 servus
3559 668 3734 739 ipsam

2128 779 2274 833 esse,
2307 779 2490 835 neque
2539 764 2724 819 aliam.
2765 763 3024 834 Acceptis
3070 761 3241 834 igitur
3281 760 3515 816 armillis
3555 769 3612 815 et
3645 760 3748 814 in-

2130 856 2383 922 auribus,
2414 855 2570 911 dedit
2604 855 2825 928 puellae.
2875 855 2974 911 Illa
3017 870 3154 910 vero
3205 861 3268 910 ut
3305 853 3532 909 domum
3576 868 3735 908 suam

2129 959 2239 1017 eat,
2274 951 2562 1023 ipsamque
2587 958 2872 1021 sequatur,
2900 957 3109 1006 monet.
3145 947 3267 1018 Quo
3290 948 3436 1006 facto
3458 949 3735 1020 excipitur

2131 1044 2208 1100 ibi
2239 1044 2504 1116 hospitio,
2535 1053 2592 1100 et
2615 1043 2887 1116 insignem
2915 1045 2984 1100 de
3011 1045 3224 1100 domini
3249 1045 3335 1100 sui
3367 1043 3578 1100 divitiis
3605 1058 3734 1097 nar-

2129 1139 2402 1195 rationem
2438 1137 2698 1194 instituit.
2733 1137 2949 1210 Adjecit
2984 1154 3120 1194 vero
3143 1139 3313 1209 quod,
3346 1154 3472 1194 cum
3506 1137 3733 1193 unicum

2129 1237 2187 1284 et
2223 1230 2453 1285 charum
2483 1229 2758 1301 imprimis
2787 1229 3018 1285 haberet
3052 1228 3227 1284 ﬁlium
3262 1229 3432 1297 Isaac,
3471 1229 3577 1302 ipsi
3612 1244 3740 1285 om-

2130 1321 2223 1377 nia
2243 1321 2481 1389 dederit,
2498 1322 2756 1394 quodque
2778 1323 2899 1395 ejus
2919 1323 3167 1378 omnium
3186 1321 3548 1379 sitdominus.
3573 1323 3734 1378 Post-

2130 1431 2298 1486 quam
2345 1429 2483 1472 vero
2533 1415 2825 1488 pronubus
2873 1415 3160 1473 discedere
3209 1417 3388 1474 voluit
3437 1432 3545 1474 una
3608 1431 3734 1472 cum

2130 1506 2337 1579 puella,
2369 1506 2718 1579 interrogant
2757 1507 3090 1576 Rebeccam,
3123 1525 3192 1566 an
3223 1525 3350 1565 cum
3379 1525 3447 1565 eo
3475 1509 3554 1565 ire
3578 1508 3734 1572 velit,

2131 1610 2188 1656 et
2212 1617 2282 1656 an
2313 1599 2554 1657 libenter
2585 1601 2856 1658 discedat.
2892 1603 3016 1674 Ipsa
3053 1619 3190 1660 vero
3222 1611 3479 1676 prompte
3516 1601 3733 1658 annuit.

2131 1693 2286 1750 lsaac
2312 1702 2498 1751 autem
2532 1694 2602 1750 ad
2627 1711 2687 1752 se
2721 1695 3017 1753 adductam
3047 1697 3105 1752 in
3136 1697 3364 1753 domum
3395 1713 3551 1752 suam
3578 1696 3739 1752 laetus

401 1792 589 1864 αὐτῷ,
617 1794 717 1848 καὶ
741 1793 1000 1860 δεσπόζει
1046 1792 1158 1848 τῶν
1186 1792 1326 1846 ὅλων
1362 1793 1391 1847 6
1432 1791 1671 1856 νεανίας.
1727 1790 1947 1864 Ἐπειδὴ
1975 1790 2026 1844 δὲ

2135 1785 2372 1853 inducit,
2401 1788 2830 1861 consolatusque
2856 1799 2942 1846 est
2967 1791 3346 1857 vehementer,
3372 1789 3590 1847 etiamsi
3617 1806 3736 1845 ma-

401 1886 743 1959 ἀποτρέχειν
795 1887 991 1959 ἢθελεν
1028 1886 1164 1958 όμοῦ
1198 1889 1265 1960 τῇ
1302 1885 1507 1942 νεάνιδι
1533 1886 1727 1940 λοιπὸν
1779 1887 1808 1941 6
1847 1902 2028 1956 νυμφ-

403 1977 656 2046 αγωγὸς,
687 1977 994 2049 διερωτῶσι
1038 1977 1336 2033 Ῥεϐέκκαν
1394 1980 1444 2032 εἰ
1501 1977 1886 2050 συμϐαδιεῖται
1948 1974 2028 2048 τῷ

410 2069 740 2142 κεκληκότι,
770 2071 867 2126 καὶ
894 2071 1189 2144 ἀσπαστὴν
1226 2074 1518 2145 ποιήσεται
1549 2072 1650 2143 τὴν
1684 2069 2026 2142 ἀποδρομήν.

421 2162 487 2216 ’Π
535 2163 601 2218 δὲ
639 2163 939 2220 κατανεύει
981 2164 1303 2237 προθύμως.
1347 2163 1685 2236 Ἀφιγμένην
1726 2162 1785 2217 δὲ
1830 2159 2027 2229 οὕτως,

401 2254 772 2320 εἰσοικίζεται
800 2255 900 2326 μὲν
923 2253 1214 2326 ἐθελοντὴς
1237 2255 1340 2328 ἤδη
1373 2256 1402 2309 6
1444 2252 1632 2308 Ἰσαάκ
1655 2265 1669 2280 ⁸
1702 2248 2026 2322 παρεκλήθη

401 2347 465 2399 δὲ
485 2345 669 2411 οὕτως
693 2347 924 2419 σφόδρα,
951 2346 1132 2402 καίτοι
1162 2346 1472 2418 τεθνεώσης
1499 2345 1650 2416 αὐτῷ
1671 2343 1772 2414 τῆς
1799 2341 2026 2414 μητρός·

2138 1887 2224 1936 ter
2258 1881 2435 1952 ipsius
2460 1888 2680 1938 mortua
2706 1880 2892 1939 fuerit.
2923 1883 3147 1957 Longus
3175 1884 3365 1956 itaque
3385 1893 3472 1940 est
3493 1884 3740 1940 historiae

2131 1986 2336 2028 sermo.
2375 1970 2652 2029 Caeterum
2690 1990 2794 2030 nos
2827 1990 2956 2032 eum
2991 1975 3048 2030 in
3091 1990 3364 2031 summam
3402 1975 3738 2048 redigentes,

2132 2066 2283 2136 quod
2322 2065 2459 2122 satis
2494 2075 2584 2123 est
2620 2067 2883 2125 diximus.
2928 2067 3287 2142 Spiritualem
3315 2067 3485 2140 igitur
3512 2082 3738 2124 sensum

2133 2155 2437 2216 artiﬁciose
2489 2159 2873 2230 inquiramus,
2915 2171 2972 2218 et
3025 2161 3276 2234 mysterii
3325 2169 3517 2234 typum
3566 2161 3740 2218 veluti

2131 2248 2388 2305 obscuris
2423 2251 2756 2321 quibusdam
2795 2253 3011 2310 umbris
3046 2253 3357 2310 involutum
3391 2253 3739 2327 indagemus,

2130 2341 2538 2416 veritatemque
2571 2361 2856 2404 eruamus.

402 2441 645 2515 Μακρὸς
691 2442 792 2512 μὲν
840 2437 934 2496 οὖν
981 2441 1077 2496 καὶ
1125 2441 1293 2506 πολὺς
1340 2442 1440 2511 τῆς
1481 2439 1724 2512 ἱστορίας
1773 2440 1801 2493 6
1845 2429 2023 2506 λόγος.
2067 2435 2588 2510 Πλὴνὲπιτεμόντες
2617 2440 2694 2505 ὡς
2748 2440 2829 2497 ἔνι
2851 2441 3081 2516 ταύτην,
3139 2445 3380 2518 διαρκῶς
3409 2448 3737 2520 εἰρήκαμεν.

416 2532 643 2586 Ἣκέτω
679 2533 737 2587 δὲ
786 2527 881 2586 οὖν
911 2531 1013 2603 τῆς
1051 2531 1288 2604 θεωρίας
1319 2534 1354 2606 ἡ
1394 2532 1628 2605 δύναμις
1666 2532 1761 2585 ἐπὶ
1801 2530 1863 2584 τὸ
1899 2529 2022 2583 λίαν
2061 2528 2335 2600 εύτεχνὲς,
2370 2529 2588 2587 καὶτὸν
2621 2531 2717 2587 τοῦ
2786 2537 3091 2609 μυστηρίου
3130 2542 3302 2596 τύπον
3366 2539 3742 2598 ἁναδεικνύτω

400 2625 602 2684 πάλιν.
626 2625 704 2691 ὡς
725 2627 783 2679 ὲν
815 2626 1089 2698 ἀμυδραίς
1118 2627 1220 2699 μὲν
1247 2626 1328 2682 ἔτι
1360 2628 1562 2692 σκιαῖς,
1597 2627 1738 2700 πλὴν
1767 2627 2029 2682 ὠδίνοντα
2065 2623 2166 2694 τὴν
2196 2623 2475 2696 ἀλήθειαν.

482 2718 554 2789 β’.
596 2718 714 2772 Οὐκ
752 2716 986 2789 ᾕξίωσεν
1029 2717 1287 2791 Ἀϐραὰμ
1327 2720 1394 2772 ὲκ
1419 2718 1530 2773 τῶν
1562 2717 1886 2789 θυγατέρων
1915 2717 2026 2770 Χα-

2197 2712 2252 2770 2.
2294 2713 2636 2786 Dedignatus
2659 2724 2746 2773 est
2767 2717 3047 2775 Abraham
3080 2721 3286 2778 dilecto
3306 2722 3421 2778 ﬁlio
3447 2740 3568 2792 suo,
3589 2723 3742 2783 Isaac

398 2812 545 2865 ναὰν
581 2810 824 2882 ἁρμόσαι
855 2813 1095 2880 γυναῖκα
1120 2809 1202 2881 τῷ
1233 2809 1586 2882 ἠγαπημένῳ
1607 2849 1622 2874 ,
1652 2809 1798 2882 φημὶ
1826 2808 1910 2880 δὴ,
1947 2805 2026 2877 τῷ

2130 2806 2413 2876 nimirum,
2461 2826 2691 2866 uxorem
2734 2827 2803 2866 ex
2849 2811 3072 2868 ﬁliabus
3103 2813 3543 2872 Chananaeorum
3582 2822 3736 2885 dare,

410 2907 617 2960 Ἰσαάκ
643 2923 656 2935 ·
695 2905 812 2959 ἀλλ’
852 2907 934 2969 εἰς
973 2905 1075 2977 τὴν
1112 2904 1222 2960 τῶν
1257 2904 1800 2977 εἰδωλολατρούντων
1842 2903 2024 2975 χώραν

2130 2899 2225 2954 sed
2257 2899 2316 2954 in
2341 2895 2625 2973 regionem
2656 2903 3078 2961 idololatrarum
3106 2908 3396 2979 proprium
3427 2926 3589 2966 suum
3619 2928 3737 2968 ser-

392 3001 500 3054 τὸν
523 3001 755 3071 γνήσιον
777 2997 1108 3069 ἀποτρέχειν
1126 2997 1381 3051 ἐκέλευεν
1402 2997 1644 3069 οἰκέτην,
1664 2994 2026 3068 φροντιούντα

2130 3004 2256 3044 vum
2304 2991 2512 3057 emisit,
2537 2993 2634 3063 qui
2665 3009 2899 3049 uxorem
2927 2996 3166 3053 maxime
3194 2998 3276 3054 illi
3307 3002 3737 3057 convenientem

397 3091 679 3163 γυναικὸς
709 3091 815 3161 τῆς
857 3090 941 3144 ὅτι
977 3089 1214 3161 μάλιστα
1243 3087 1709 3159 πρεπωδεστάτης
1738 3087 1910 3158 αὐτῷ.
1945 3085 2021 3138 Οὐ

2130 3091 2421 3152 quaereret.
2448 3084 2640 3156 Neque
2665 3087 2816 3142 enim
2841 3087 3022 3143 voluit
3047 3089 3195 3145 Deus
3217 3106 3280 3146 ac
3306 3091 3490 3159 Pater,
3521 3093 3741 3150 Iudaeo-

396 3188 522 3259 γὰρ
565 3185 838 3256 ἠθέλησεν
867 3187 896 3238 6
927 3183 1062 3247 Θεὸς
1097 3184 1191 3238 καὶ
1231 3181 1426 3255 Πατὴρ
1453 3179 1554 3252 τὴν
1583 3179 1694 3233 τῶν
1747 3178 2021 3232 Ἰουδαίων

395 3277 754 3349 Συναγωγὴν
789 3275 1032 3346 συνάψαι
1063 3273 1310 3348 Χριστῷ,
1340 3275 1399 3338 ὃς
1427 3275 1485 3328 ὲν
1540 3273 1728 3326 Ἰσαὰκ
1756 3271 2034 3344 σημαίνε-’

397 3391 520 3426 ται.
573 3369 868 3442 Ὀψιγενὴς
921 3369 1034 3442 γὰρ
1083 3371 1112 3422 6
1168 3367 1361 3423 Ἰσαὰκ
1403 3367 1501 3422 καὶ
1548 3365 1857 3438 ἀγαπητός.
1915 3363 2024 3418 Πέ-

401 3483 552 3539 φηνε
580 3465 641 3518 δὲ
672 3465 768 3520 καὶ
793 3465 852 3517 ὲν
880 3462 1135 3534 ἐσχάτοις
1166 3463 1379 3534 καιροῖς
1411 3462 1440 3514 6
1463 3460 1724 3533 Χριστὸς,
1755 3460 1848 3514 καὶ
1874 3459 2024 3515 ἔστιν

397 3557 811 3631 ἠγαπημένος,
861 3555 1077 3626 τέρψις
1121 3573 1181 3610 τε
1231 3555 1328 3609 καὶ
1372 3555 1804 3625 ἁγαλλιάσμα·
1848 3554 2024 3626 ἑρμηο

398 3649 635 3704 νεύεται
688 3648 800 3719 γὰρ
849 3647 1027 3712 οὕτως
1078 3649 1106 3702 6
1166 3648 1372 3703 Ἰσαάκ.
1439 3644 1565 3700 Ὀτι
1614 3645 1671 3698 δὲ
1723 3646 2025 3700 Χαναναῖοι

396 3746 583 3810 τύπος
610 3743 678 3799 ἃν
712 3745 920 3799 νοοῖντο
948 3742 1056 3798 τῶν
1092 3742 1151 3810 ἐξ
1193 3741 1434 3814 Ἰσραὴλ,
1476 3740 1648 3809 σαφὲς
1681 3739 1748 3794 ἂν
1777 3738 1987 3808 γένοιτο
2007 3779 2023 3805 ,

401 3841 510 3896 καὶ
545 3838 696 3910 μάλα
727 3837 950 3910 ῥᾳδίως,
969 3836 1045 3900 ὡς
1076 3835 1186 3890 ἀπό
1209 3852 1271 3904 γε
1294 3836 1394 3906 τῆς
1427 3831 1522 3887 τοῦ
1551 3832 1814 3903 ὀνόματος
1851 3833 2025 3902 ἑρμη-

398 3931 581 3994 νείας.
599 3931 900 3984 Χαναναῖοι
920 3927 1053 3997 γὰρ,
1075 3925 1301 3994 ἕτοιμοι
1321 3923 1472 3992 πρὸς
1489 3923 1874 3977 ταπείνωσιν.
1900 3923 2026 3975 Τίσι

396 4025 449 4078 δ’
487 4022 556 4077 ἂν
593 4020 802 4092 πρέποι
836 4018 899 4073 τὸ
928 4016 1150 4089 μέλλειν
1182 4015 1358 4068 ὲλθεῖν
1391 4016 1471 4078 εἰς
1493 4014 1849 4081 ταπείνωσιν,
1889 4013 2024 4084 μᾶλ-

398 4115 503 4170 λον
541 4113 601 4167 δὲ
635 4113 736 4184 ἤδη
775 4111 869 4166 καὶ
902 4111 1083 4182 ἥκειν,
1119 4111 1259 4179 πλὴν
1300 4108 1382 4162 ὅτι
1414 4109 1528 4170 τοῖς
1573 4107 1885 4175 Ἰουδαίοις;
1918 4106 2022 4159 Τεσ-

401 4207 783 4261 ταπείνωνται
813 4204 942 4276 γὰρ.
975 4203 1072 4271 τῆς
1101 4203 1158 4255 ἐν
1181 4199 1408 4272 Χριστῷ
1440 4199 1599 4270 δόξης
1630 4197 2020 4270 ὼλισθηκότες,

401 4295 509 4350 καὶ
565 4297 646 4358 εἰς
694 4295 804 4347 πᾶν
859 4291 1041 4346 ὁτιοῦν
1089 4289 1197 4344 τῶν
1248 4289 1497 4343 ἐκτόπων
1559 4287 2020 4362 κατεῤῥιμμένοι.

401 4389 628 4445 Οὐκοῦν
667 4389 770 4442 οὑκ
805 4388 872 4440 ἐκ
916 4385 1165 4449 Χαναὰν,
1217 4384 1335 4438 ἀλλ’
1380 4385 1445 4436 ὲκ
1487 4382 1664 4454 μέσης
1713 4381 1823 4435 τῶν
1852 4399 2023 4436 ποτα-

2128 3190 2254 3230 rum
2290 3175 2632 3250 Synagogam
2662 3177 2885 3236 Christo
2920 3183 3204 3254 copulare,
3244 3185 3339 3255 qui
3373 3185 3430 3240 in
3470 3186 3621 3243 Isaac
3661 3188 3738 3244 si-

2127 3267 2442 3340 gniﬁcatur.
2486 3269 2625 3327 Sero
2669 3272 2820 3328 enim
2868 3282 3035 3330 natus
3068 3283 3126 3332 et
3162 3275 3400 3334 dilectus
3435 3288 3523 3336 est
3565 3280 3735 3338 Isaac.

2127 3359 2401 3432 Apparuit
2431 3371 2619 3419 autem
2655 3364 2825 3422 etiam
2859 3366 2917 3423 in
2953 3368 3166 3425 ultimis
3196 3371 3542 3442 temporibus
3573 3373 3737 3430 Chri-

2127 3460 2270 3520 stus,
2296 3464 2354 3510 et
2372 3463 2458 3511 est
2483 3455 2741 3524 dilectus,
2779 3477 2797 3511 ί
2826 3458 3233 3534 delectatioque
3261 3471 3319 3518 et
3345 3465 3669 3533 exsultatio;
3712 3485 3731 3520 θ

2127 3545 2236 3602 hoc
2265 3548 2418 3604 enim
2443 3549 2847 3620 interpretatur
2881 3552 3053 3610 Isaac.
3085 3553 3243 3623 Quod
3279 3571 3413 3613 vero
3441 3557 3736 3615 Chananaei

2126 3639 2233 3711 91
2275 3649 2440 3714 typus
2475 3645 2588 3701 sint
2625 3646 3024 3714 lsraelitarum,
3056 3648 3410 3706 manifestum
3450 3651 3640 3720 fuerit,
3682 3662 3738 3709 et

2128 3735 2354 3806 quidem
2381 3736 2544 3794 facile
2565 3738 2866 3796 admodum
2890 3757 2956 3797 ex
2985 3742 3734 3816 nominis‘interpretatione.

2124 3826 2425 3889 Chananaei
2457 3830 2606 3887 enim
2665 3835 2850 3904 parati
2898 3834 2970 3893 ad
3020 3833 3468 3893 humiliationem.
3523 3838 3739 3907 Quibus

2126 3922 2278 3978 enim
2326 3926 2623 3981 conveniat
2663 3926 2732 3981 ad
2777 3926 3223 3983 humiliationem
3272 3928 3373 3994 ire,
3415 3938 3512 3985 aut
3552 3931 3745 4001 potius

2126 4016 2440 4086 pervenire,
2473 4034 2639 4090 quam
2677 4019 2925 4076 Iudaeis?
2964 4019 3251 4077 Humiliati
3298 4022 3575 4092 siquidem
3610 4033 3740 4079 sunt

2127 4111 2449 4167 excidentes
2486 4128 2517 4168 a
2553 4113 2727 4183 gloria
2757 4112 2878 4179 Dei,
2918 4120 2976 4168 et
3012 4112 3070 4168 in
3105 4114 3313 4185 quaevis
3339 4115 3737 4176 absurdissima

2125 4204 2393 4274 prolapsi.
2428 4205 2700 4272 Quocirca
2732 4223 2844 4262 non
2877 4222 2942 4261 ex
2961 4206 3248 4276 Chanaan,
3273 4209 3371 4265 sed
3397 4226 3466 4266 ex
3485 4210 3736 4282 Mesopo—

2129 4297 2319 4362 tamia,
2359 4313 2560 4368 sponsa
2602 4299 2774 4355 Isaac.
2815 4300 2976 4365 Nam,“
3020 4308 3082 4355 ut
3112 4301 3249 4367 dixi,
3281 4317 3392 4357 non
3430 4319 3498 4357 ex
3533 4302 3740 4359 Iudaeis

2130 4389 2228 4442 sed
2266 4403 2336 4443 ex
2375 4389 2636 4460 gentibus
2682 4390 2929 4446 Ecclesia
2979 4391 3345 4460 spiritualiter
3385 4392 3610 4450 Christo
3659 4408 3740 4452 est

402 4484 535 4555 μῶν
585 4481 838 4552 Ἰσαὰκὴ
898 4480 1108 4551 νύμφη.
1155 4479 1243 4543 Ὠς
1283 4479 1392 4551 γάρ
1428 4477 1589 4550 ἔφην,
1638 4477 1740 4530 οὐκ
1783 4475 1843 4541 ἐξ
1891 4477 2022 4530 Ἰου-

2130 4481 2406 4551 copulata.
2438 4480 2714 4537 Cmterum
2740 4498 2842 4553 per
2871 4483 3212 4540 voluntatem
3252 4486 3455 4553 Patris,
3498 4489 3738 4545 interce-

396 4576 604 4640 δαίων,
650 4575 767 4629 ἀλλ’
807 4572 870 4639 ἐξ
909 4572 1082 4628 ἐθνῶν
1129 4573 1162 4643 ἡ
1217 4570 1645 4642 συνηρμοσμένη
1700 4569 1778 4642 τῷ
1811 4572 2026 4641 Σωτῆρι

399 4666 642 4740 Χριστῷ
672 4664 1064 4739 πνευματικῶς
1122 4663 1442 4735 Ἐκκλησία.
1491 4661 1662 4733 Πλὴν,
1697 4659 1786 4714 διὰ
1831 4659 2026 4732 βουλῆς

397 4762 507 4816 τοῦ
536 4760 779 4832 Πατρὸς,
807 4757 1258 4831 μεσολαϐούντων
1287 4753 1517 4810 οἰκετῶν
1541 4754 1652 4808 τῶν
1674 4757 1757 4808 ὅτι
1790 4752 2027 4823 μάλιστα

400 4853 630 4908 πιστῶν
667 4852 764 4907 καὶ
803 4853 1068 4922 γνησίων,
1111 4851 1200 4904 ἵνα
1235 4849 1449 4920 νοῶμεν
1486 4849 1614 4912 τοὺς
1649 4846 1930 4918 μαθητὰς.
1974 4846 2024 4900 οἳ

400 4947 510 5002 καὶ
554 4944 756 5016 ταμίαι
813 4943 1076 5014 γεγόνασι
1135 4942 1232 4996 καὶ
1286 4939 1564 5011 οἰκονόμοι
1626 4938 1737 4992 τῶν
1785 4937 2026 5010 Χριστοῦ

396 5040 507 5096 τοῦ
574 5038 713 5093 Θεοῦ
778 5037 1129 5110 μυστηρίων·
1170 5037 1458 5108 μονονουχὶ
1500 5035 1560 5090 δὲ
1603 5035 1701 5089 καὶ
1740 5037 1798 5087 ἐν
1836 5032 2025 5105 χερσὶν

398 5136 636 5203 ἔχοντες
679 5132 860 5186 πάντα
892 5133 962 5185 τὰ
1004 5132 1061 5184 ἐν
1093 5130 1172 5200 τῷ
1199 5130 1334 5201 οἴκῳ
1371 5129 1558 5184 αὐτοῦ.
1601 5123 1762 5184 Οὗτοι
1794 5127 2025 5183 καταλε-

399 5226 668 5290 λοιπότες
709 5226 810 5296 τὴν
854 5224 1141 5290 Ἰουδαίαν,
1186 5223 1440 5295 καθάπερ
1484 5222 1678 5293 ἀμέλει
1720 5221 1814 5275 καὶ
1853 5223 1882 5274 6
1929 5218 2024 5273 τοῦ

414 5319 689 5392 Ἀϐραὰμ
718 5317 944 5389 οἰκέτης
988 5318 1088 5391 τὴν
1117 5317 1456 5379 Χαναναίαν,
1487 5318 1566 5380 εἰς
1600 5317 1698 5388 τὴν
1730 5315 1840 5369 τῶν
1869 5314 2026 5368 εἰδω-

400 5413 831 5486 λολατρούντων
872 5413 1061 5486 χώραν
1099 5414 1445 5479 κατέϐαινον,
1475 5411 1799 5484 ἀναθέμενοι
1826 5411 2028 5483 τρόπον

401 5509 538 5564 τινὰ
588 5506 658 5562 τά
688 5510 754 5563 ἐκ
783 5507 881 5562 τοῦ
911 5507 1049 5562 Θεοῦ
1103 5511 1200 5563 καὶ
1230 5507 1444 5580 Πατρδς
1475 5506 1684 5577 ἀγαθὰ,
1720 5507 1814 5561 καὶ
1848 5506 2029 5579 πλήρη

408 5602 517 5675 μὲν
548 5600 772 5673 ἔχοντες
812 5601 904 5655 τὸν
935 5601 1061 5657 νοῦν
1101 5602 1294 5674 σοφίας
1329 5603 1427 5674 τῆς
1471 5600 1702 5668 ἄνωθεν,
1743 5601 2031 5674 ἐπίμεστοι

508 5785 605 5842 ⁸⁸1
639 5784 773 5842 Cor.
807 5801 882 5851 IV,
915 5784 965 5839 l.

2131 4575 2395 4630 dentibus
2424 4576 2648 4632 interim
2679 4576 2854 4632 servis
2888 4577 3127 4634 maxime
3154 4579 3447 4648 ﬁdelibus,
3483 4591 3542 4637 ut
3575 4583 3737 4639 intel-

2129 4667 2366 4738 ligamus
2404 4668 2728 4741 discipulos,
2771 4670 2864 4741 qui
2910 4690 2928 4721 ε
2971 4671 3382 4743 dispensatores
3425 4685 3591 4747 atque
3637 4678 3735 4733 ad-

2131 4759 2539 4816 ministratores
2581 4759 2809 4817 fuerunt
2847 4763 3238 4834 mysteriorum
3281 4765 3585 4835 Christi“,
3629 4791 3646 4822 ›
3683 4771 3735 4828 in

2131 4869 2370 4923 quarunt
2397 4870 2560 4909 manu
2587 4863 2797 4911 tantum
2830 4873 2941 4911 non
2969 4867 3100 4913 sunt
3129 4859 3336 4924 omnia,
3372 4876 3495 4929 quae
3522 4861 3576 4916 in
3601 4865 3737 4919 zedi-
3783 4871 3793 4914 ‘.

2135 4945 2240 5002 bus
2281 4946 2477 5018 ipsius.
2518 4947 2585 5004 Hi
2629 4950 2823 5020 relicta
2860 4949 3072 5017 Judtca,
3113 4951 3582 5023 quemadmodum
3623 4955 3740 5014 fere

2134 5037 2372 5095 Abrahae
2420 5055 2614 5096 servus
2658 5042 2885 5114 regione
2920 5042 3360 5100 Chananaeorum
3391 5086 3405 5112 ,
3439 5046 3507 5102 ad
3557 5048 3738 5104 idolo-

2133 5129 2304 5186 latras
2340 5147 2460 5187 sese
2485 5132 2860 5198 contulerunt,
2889 5139 3170 5204 gestantes
3197 5133 3607 5204 quodammodo
3641 5139 3736 5193 Dei

2135 5238 2200 5279 ac
2222 5224 2406 5281 Patris
2433 5225 2598 5291 bona,
2631 5241 2696 5281 ac
2734 5225 2946 5282 caelesti
2981 5225 3253 5296 sapientia
3283 5237 3526 5285 mentem
3563 5232 3737 5287 refer-

2132 5331 2246 5378 tam
2281 5319 2572 5385 habentes,
2595 5333 2659 5373 ac
2682 5317 2923 5390 Spiritus
2955 5319 3128 5375 sancti
3157 5317 3318 5378 donis
3341 5323 3513 5394 pleni.
3548 5325 3735 5380 Anim-

2134 5413 2363 5470 adverte
2401 5418 2586 5467 autem
2623 5427 2736 5481 quo
2772 5420 2933 5482 pacto
2960 5411 3107 5468 servi
3133 5413 3371 5471 Abrahae
3398 5431 3600 5474 nomen
3627 5433 3733 5470 non

2134 5505 2487 5579 exprimitur,
2533 5514 2596 5560 ut
2631 5505 2686 5560 in
2725 5521 2919 5562 omnes
2959 5506 3162 5564 ﬁdeles
3180 5523 3244 5564 ac
3273 5509 3534 5579 probatos
3569 5508 3724 5563 disci-

2137 5601 2300 5673 pulos
2337 5597 2637 5656 ministerii
2677 5606 2840 5672 typus
2875 5601 3229 5658 extendatur.
3264 5600 3332 5656 Et
3363 5599 3574 5670 quievit
3615 5599 3730 5670 qui:
