4092 6490
444 321 536 377 151

1465 326 1521 383 S.
1561 328 1837 383 CYRILLI
1878 327 2349 385 ALEXANDRINI
2390 328 2709 387 ARCHIEP.

3606 331 3708 388 159

442 440 567 495 dem
609 439 699 496 ille
729 439 797 496 ad
827 449 1052 513 puteum
1079 458 1235 514 aqua:
1268 444 1371 500 sub
1400 446 1709 516 vesperum,
1733 445 2014 516 precibus-

2124 446 2179 499 δὲ
2202 447 2561 520 χαρισμάτων
2587 446 2694 501 τῶν
2721 443 2814 501 διὰ
2842 442 2932 499 τοῦ
2960 442 3294 517 Πνεύματος.
3336 442 3619 517 Ἐπιτήρει
3650 446 3707 500 δὲ

442 548 549 602 que
584 532 681 587 Dei
713 533 978 588 auxilium
1010 535 1304 601 invocavit,
1338 545 1393 592 et
1422 536 1491 590 ad
1520 553 1718 607 aquam
1751 536 2021 608 virginem

443 626 681 695 probare
714 627 907 686 voluit.
939 627 1222 684 Venerunt
1244 638 1427 684 autem
1455 628 1620 684 etiam
1649 629 1826 684 sancti
1852 629 2021 685 disci-

443 717 554 784 puli
587 716 655 772 ad
687 717 932 788 gentium
962 718 1216 789 regiones
1242 719 1344 774 sub
1366 735 1678 791 vesperum,
1696 721 1802 776 hoc
1828 729 1931 788 est,
1964 722 2022 778 in

442 807 649 863 ultimis
680 808 866 864 muli
906 810 1265 879 temporibus,
1287 819 1343 866 et
1379 810 1447 865 ad
1485 827 1655 881 aquas
1678 811 2021 882 spiritualem

441 898 705 969 virginem
748 900 1076 971 probarunt.
1115 902 1701 958 Accommodatissima
1733 903 1881 959 enim
1914 913 2017 970 est,

438 991 753 1062 optimeque
803 1000 1119 1062 comparata
1157 992 1401 1047 Ecclesia
1429 992 1495 1051 ad
1526 993 1892 1049 hauriendum
1935 993 2019 1048 vi-

438 1083 752 1140 viﬁcantem
792 1100 1108 1141 sermonem
1132 1101 1201 1141 ex
1226 1084 1473 1141 fontibus
1513 1084 1830 1153 Salvatoris,
1877 1087 2020 1144 sicut

437 1176 704 1247 scriptum
745 1188 829 1235 est
873 1179 943 1233 ⁸⁷.
990 1177 1168 1233 Habet
1212 1186 1397 1233 autem
1442 1179 1722 1235 uberrime
1761 1179 1909 1250 quod
1947 1178 2019 1235 ad

436 1269 639 1324 mentis
664 1270 1004 1327 habilitatem
1033 1271 1296 1341 pertinet,
1319 1270 1389 1325 ad
1416 1271 1873 1342 suppeditandum
1896 1273 2018 1329 aliis

436 1373 560 1430 quae
590 1362 760 1417 vitam
812 1363 1084 1435 praebent.
1120 1362 1283 1419 Dedit
1324 1365 1471 1419 enim
1532 1364 1781 1419 Rebecca
1827 1376 2019 1435 putum

433 1451 541 1524 ipsi
563 1468 721 1510 servo
745 1462 802 1510 et
835 1455 1077 1511 camelis.
1111 1455 1190 1511 Ac
1213 1471 1405 1511 servus
1426 1456 1646 1526 quidem
1673 1463 1832 1528 typus
1854 1456 2019 1515 fuerit

434 1560 584 1602 nunc
625 1545 1021 1604 lsraelitarum.
1061 1547 1322 1604 Homines
1354 1548 1502 1604 enim
1540 1548 1714 1619 legem
1752 1548 2018 1607 habentes

436 1636 790 1710 paedagogum
812 1638 1129 1711 Christique
1155 1641 1480 1713 mysterium
1509 1641 1689 1696 adhuc
1719 1641 1775 1696 in
1804 1643 2018 1699 umbris

434 1728 611 1785 latens
628 1731 695 1797 ⁸⁸,
718 1746 829 1789 non
849 1732 1073 1787 omnino
1090 1741 1273 1788 tamen
1299 1733 1586 1804 disciplina
1606 1749 1886 1791 sacrorum
1920 1736 2016 1792 de-

436 1821 618 1877 stituti
661 1832 789 1879 sunt
820 1841 835 1878 :
870 1833 1059 1895 gentes
1083 1840 1238 1892 vero,
1272 1825 1408 1880 nihil
1433 1842 1464 1881 a
1480 1826 1747 1896 jumentis
1782 1828 2012 1884 rationis

433 1913 752 1982 expertibus
809 1913 1158 1981 differentes,
1205 1916 1403 1971 merito
1439 1918 1662 1973 camelis
1688 1929 2013 1989 comparata

434 2013 581 2061 sunt.
624 2006 973 2063 lmmundum
1008 2008 1158 2063 enim
1200 2009 1504 2065 secundum
1539 2011 1713 2082 legem
1748 2013 1854 2068 hoc
1889 2014 2011 2067 ani-

434 2100 540 2155 mal
575 2109 680 2157 est.
725 2101 837 2172 92
887 2101 1213 2174 Hujusmodi
1260 2119 1395 2158 vero
1451 2104 1676 2160 omnino
1727 2115 1876 2172 sunt,
1915 2107 2012 2178 qui

431 2192 606 2248 Deum
645 2194 969 2250 naturaliter
999 2209 1065 2250 ac
1103 2210 1233 2251 vere
1274 2195 1629 2251 exsistentem
1660 2213 1771 2252 non
1806 2214 2009 2270 cogno-

432 2290 615 2337 scunt.
651 2283 884 2339 Abunde
919 2284 1085 2355 igitur
1112 2285 1371 2341 Ecclesia:
1403 2288 1646 2359 suppetit
1679 2287 1746 2342 ad
1779 2288 2011 2359 irrigan~

432 2374 564 2428 dum
608 2376 780 2430 sacris
820 2390 884 2430 ac
930 2375 1133 2431 divinis
1178 2376 1398 2433 ﬂuentis
1434 2394 1549 2445 eos,
1580 2379 1674 2450 qui
1708 2396 1778 2435 ex
1806 2379 2011 2436 Judaais

430 2467 537 2520 orti
578 2475 727 2530 sunt,
757 2467 825 2522 ad
859 2484 1101 2525 amorem
1140 2469 1195 2523 in
1234 2468 1513 2526 Christum
1546 2472 2008 2543 amplectendum,

432 2569 549 2613 tum
595 2575 691 2615 eos
730 2559 825 2630 qui
876 2569 954 2615 ex‘
990 2560 1245 2631 gentibus
1287 2563 1467 2617 vocati
1519 2572 1665 2618 sunt.
1704 2563 1844 2619 Cum
1879 2580 2010 2620 vero

429 2650 687 2722 discipuli
713 2653 979 2724 virginem
1011 2652 1173 2708 talem
1211 2660 1338 2707 sunt
1373 2655 1695 2725 conspicati,
1725 2656 2011 2713 inauribus

431 2741 617 2795 statim
652 2742 1002 2808 decorarunt,
1031 2750 1088 2797 et
1113 2742 1335 2813 quidem
1368 2744 1596 2800 auribus
1627 2754 1881 2801 ornatum
1909 2748 2009 2803 ad-

432 2832 727 2902 diderunt,
770 2835 877 2891 hoc
936 2842 1052 2899 est,
1105 2834 1447 2906 splendidam
1496 2836 2010 2909 ornatissimamque

432 2924 759 2982 obedientiaa
792 2926 963 2998 gloria
991 2925 1316 2983 effecerunt.
1342 2925 1581 2983 Ornatus
1599 2928 1744 2984 enim
1765 2929 2006 2997 auditus,

431 3017 801 3075 obedientiam
851 3019 1142 3091 signiﬁcat.
1185 3017 1547 3090 Conspicuam
1600 3028 1786 3076 autem
1833 3021 2010 3078 videri

430 3111 599 3166 etiam
634 3125 895 3165 manuum
925 3110 1189 3181 cperibus
1217 3118 1501 3176 curarunt,
1533 3110 1640 3166 hoc
1666 3111 1814 3167 enim
1843 3113 2012 3184 signi-
2037 3146 2081 3205 ε

434 3203 597 3259 ficare
657 3203 896 3258 arbitror
956 3202 1199 3257 armillas
1248 3200 1502 3257 manibus
1556 3201 1787 3257 additas.
1840 3203 2013 3259 Porro

434 3311 629 3351 servus
658 3295 894 3351 Abrahae
931 3293 1399 3351 commemorabat
1430 3294 1506 3349 iis
1541 3294 1637 3366 qui
1679 3295 1736 3350 in
1774 3295 2011 3361 Charan,

435 3388 657 3444 divitias
682 3387 891 3444 domini
920 3387 1028 3455 sui,
1061 3386 1319 3458 quodque
1357 3384 1582 3442 unicum
1613 3403 1852 3459 eumque
1880 3388 2011 3444 cha—

436 3478 715 3535 rissimum
748 3478 980 3534 haberet
1009 3477 1305 3534 heredem.
1340 3477 1660 3534 Doeuerunt
1686 3494 1818 3534 vero
1847 3478 2013 3535 etiam

436 3571 692 3643 discipuli
719 3581 909 3643 gentes
944 3571 1045 3627 Dei
1079 3586 1145 3627 ac
1176 3571 1358 3627 Patris
1386 3570 1625 3638 divitias,
1651 3572 2014 3642 praedicantes

437 3680 611 3735 spem,
658 3664 850 3730 vitam,
901 3663 1412 3729 sanctiﬁcationem,
1455 3663 1711 3735 quodque
1755 3681 1896 3721 unus
1949 3682 2014 3721 ac

436 3758 587 3813 solus
620 3757 790 3812 Filius
821 3756 1124 3813 secundum
1160 3764 1410 3813 naturam
1453 3774 1519 3813 ac
1563 3773 1694 3814 vere
1738 3757 1812 3814 sit
1856 3757 2015 3813 Chri-

437 3857 575 3914 stus,
614 3849 707 3919 qui
740 3848 1124 3905 universorum
1158 3849 1334 3904 haares
1362 3849 1432 3905 sit
1464 3849 1791 3915 declaratus,
1827 3860 2013 3922 aperte

437 3940 854 3995 annuntiarunt.
884 3938 1049 4009 Atqui
1090 3939 1460 4013 interrogatur
1488 3943 1645 4011 virgo
1677 3942 1920 4012 quidem,
1944 3960 2013 3999 an

436 4028 674 4085 libenter
717 4045 846 4085 cum
879 4045 1041 4085 servo
1088 4029 1161 4087 sit
1206 4031 1443 4087 abitura.
1479 4033 1602 4103 Ipsa
1649 4048 1780 4087 vero
1828 4035 2012 4089 statim

436 4122 652 4176 annuit.
699 4121 1113 4193 Promptissima
1153 4122 1299 4177 enim
1333 4132 1418 4179 est
1452 4125 1694 4179 Ecclesia
1729 4140 1794 4178 ex
1834 4126 2012 4195 genti-

437 4214 561 4278 bus,
587 4228 651 4269 ac
685 4221 894 4269 tantum
916 4231 1026 4270 non
1045 4213 1264 4271 fervens
1293 4216 1362 4270 ad
1390 4215 1741 4270 dilectionem
1768 4215 1969 4271 Christi
1996 4235 2009 4271 :

435 4304 581 4375 quod
621 4312 678 4360 et
714 4304 936 4361 divinus
976 4305 1147 4362 David
1193 4314 1427 4362 testatur
1469 4305 1537 4361 de
1571 4306 1815 4377 gentium
1850 4323 2012 4379 grege

437 4395 508 4450 ita
542 4394 732 4451 dicens
757 4414 771 4449 :
800 4414 819 4447 ‹
851 4394 1133 4451 Alacritati
1176 4395 1360 4451 cordis
1395 4394 1639 4465 ipsorum
1675 4395 1879 4451 inclina
1912 4411 2012 4449 au-

2123 542 2204 596 ὄτι
2234 544 2329 595 καὶ
2368 540 2655 610 ἀνώνυμος
2683 542 2712 595 6
2738 538 2957 609 οίκέτης
2986 536 3079 591 τοῦ
3121 537 3371 611 Ἀϐραὰμ
3393 580 3407 604 ,
3444 537 3534 592 ἵνα
3566 537 3706 593 κατά

2121 632 2324 695 παντὸς
2352 633 2585 705 φέρηται
2618 630 2862 705 μαθητοῦ
2890 629 3083 685 πιστοῦ
3107 647 3166 684 τε
3194 631 3287 684 καὶ
3315 628 3704 700 δεδοκιμασμέ-

2122 741 2237 784 νου.
2266 723 2363 794 τῆς
2391 723 2668 785 διακονίας
2688 724 2716 775 6
2744 721 2932 785 τύπος.
2957 721 3068 776 Καὶ
3089 720 3355 775 κατέλυσε
3380 719 3479 792 μέν
3500 722 3707 784 ἐκεῖνος

2122 817 2261 885 πρὸς
2289 815 2365 887 τῷ
2386 815 2581 888 φρέατι
2609 814 2703 868 τοῦ
2734 814 2925 878 ὓδατος
2946 812 3083 884 πρὸς
3106 811 3366 885 ἑσπέραν,
3402 810 3707 882 παρεκάλει

2118 908 2177 963 δὲ
2202 907 2267 962 δι’
2301 908 2467 978 εὐχῆς
2497 906 2628 961 Θεὸν
2648 905 2904 976 γενέσθαι
2936 906 3302 977 συλλήπτορα,
3334 904 3428 958 καλ⁵
3456 904 3542 974 ἐφ’
3572 902 3702 958 ὓδα-

2120 1017 2211 1064 τος
2250 998 2349 1071 τὴν
2400 997 2669 1071 παρθένον
2704 996 2862 1070 ήθελε
2906 996 3243 1069 δοκιμάζειν.
3303 996 3704 1067 Ἐπεφοίτησαν

2119 1091 2177 1144 δὲ
2217 1092 2311 1144 καὶ
2339 1090 2388 1144 οἱ
2418 1092 2693 1144 θεσπέσιοι
2729 1091 3008 1161 μαθηταὶ,
3038 1090 3288 1161 καθάπερ
3313 1090 3448 1163 ἔφην
3475 1090 3699 1163 ἀρτίως,

2120 1183 2239 1245 ταῖς
2266 1180 2374 1233 τῶν
2402 1179 2574 1235 ἐθνῶν
2601 1179 2807 1252 χώραις
2847 1180 2910 1234 τὸ
2946 1179 3081 1252 πρὸς
3107 1179 3368 1252 ἑσπέραν,
3400 1179 3699 1243 τουτέστιν,

2119 1273 2179 1328 έν
2216 1275 2462 1345 ἐσχάτοις
2503 1273 2598 1328 τοῦ
2632 1275 2828 1339 αίῶνος
2855 1276 3066 1347 καιροῖς
3085 1316 3101 1340 ,
3131 1273 3226 1328 καὶ
3257 1275 3386 1346 παρ’
3416 1272 3573 1327 ὕδασι
3601 1274 3701 1343 τὴν

2119 1364 2314 1438 νοητὴν
2372 1366 2695 1437 ἐδοκίμαζον
2745 1367 3033 1439 παρθένον.
3095 1364 3537 1438 Ἐπιτηδειοτάτη
3592 1364 3739 1439 γὰρ,

2118 1424 2240 1512 λίαν
2350 1424 2669 1531 Ἐκκλησία,
2700 1460 2796 1513 καὶ
2829 1424 3123 1532 ⁸εὐρώστως
3152 1424 3352 1531 έχουισα
3382 1424 3616 1534 πρόςήγε
3642 1424 3740 1510 τδδ

2117 1549 2400 1616 δύνασθαι,
2433 1552 2598 1622 φημὶ,
2633 1550 2726 1606 τὸν
2774 1551 3036 1617 ζωοποιὸν
3083 1550 3386 1622 ἀρύσασθαι
3414 1549 3596 1619 λόγον,
3640 1550 3705 1602 ἐκ

2117 1642 2226 1695 τῶν
2279 1641 2470 1712 πηγῶν
2513 1640 2606 1696 τοῦ
2644 1642 2958 1715 Σωτηρίου,
2993 1642 3138 1697 κατά
3177 1641 3240 1696 τὺ
3287 1640 3700 1714 γεγραμμένον.

2123 1732 2279 1804 Ἔχει
2318 1733 2374 1787 δὲ
2411 1734 2506 1789 καὶ
2537 1734 2638 1788 οὐκ
2679 1722 2973 1799 ἀνικάνως,
2997 1735 3058 1788 τό
3095 1750 3159 1803 γε
3198 1727 3334 1807 ἦκον
3368 1735 3448 1798 εἰς
3476 1731 3567 1786 νοῦ
3605 1733 3704 1786 καὶ

2046 1790 2089 1846 Β
2119 1790 2315 1899 φρένδς
2346 1827 2761 1899 ἐπιτηδειότητα
2801 1790 2971 1898 πρὸς,
2989 1827 3051 1879 τὺ
3078 1790 3173 1880 κά¹ι
3195 1790 3398 1898 ἑτέροις
3429 1790 3703 1880 ,δύνασθαι

2117 1921 2375 1991 χορηγεῖν
2419 1919 2489 1973 τὰ
2523 1918 2782 1973 τελοῦντα
2831 1918 2966 1990 πρὸς
3015 1917 3182 1990 ζωήν.
3229 1915 3476 1981 Ἐπότιζε
3508 1916 3620 1990 γὰρ
3664 1918 3699 1989 ή

2130 2011 2392 2066 Ῥεϐέκκα
2419 2010 2583 2066 αὐτόν
2623 2029 2682 2064 τε
2727 2008 2818 2063 τὸν
2857 2010 3079 2082 οἰκέτην
3121 2008 3216 2063 καὶ
3259 2007 3357 2074 τὰς
3389 2007 3698 2080 καμήλους.

2116 2104 2228 2157 Καὶ
2265 2104 2294 2156 ὁ
2338 2102 2438 2175 μὲν
2492 2101 2732 2174 οἰκέτης,
2781 2101 2949 2165 τύπος
2986 2102 3051 2156 ἂν
3095 2102 3267 2155 νοοῖτο
3317 2100 3434 2155 νυνὶ
3479 2097 3588 2153 τῶν
3642 2096 3705 2166 ἒξ

2116 2192 2356 2265 Ἰσραήλ.
2398 2192 2708 2264 ’Ἄνθρωποι
2732 2193 2838 2266 γὰρ
2867 2194 2916 2247 oi
2937 2191 3100 2263 νόμον
3142 2191 3356 2263 ἔχοντες
3386 2192 3488 2265 ήδη
3542 2191 3703 2247 παιδ-

2116 2287 2355 2354 αγωγὸν,
2388 2287 2482 2342 καὶ
2506 2286 2580 2351 ὡς
2601 2288 2657 2340 ἐν
2690 2289 2871 2351 σκιαῖς
2906 2286 3005 2357 μὲν
3032 2286 3112 2339 ἔτι
3140 2285 3200 2339 τὸ
3215 2283 3452 2356 Χριστοῦ
3485 2284 3704 2356 μυστή-

2118 2396 2251 2450 ριον,
2277 2377 2416 2449 πλὴν
2440 2378 2540 2431 οὐκ
2572 2376 3035 2449 ἀμυσταγὼγητοι
3064 2376 3362 2440 παντελῶς.
3385 2375 3619 2446 Κτηνῶν
3645 2376 3702 2430 δὲ

2114 2470 2324 2538 ἀλόγων
2368 2470 2520 2523 οὐδὲν
2558 2469 2907 2542 διαφέροντες
2945 2471 2994 2523 oi
3035 2470 3092 2535 ἐξ
3134 2470 3323 2530 ἐθνῶν,
3364 2470 3414 2523 οἳ
3457 2468 3551 2523 καὶ
3576 2470 3701 2532 ταῖς

2115 2563 2384 2634 καμήλοις
2409 2561 2875 2637 παρεικάζο[ι]ντο
2923 2561 2988 2616 ἂν
3012 2562 3254 2626 εἰκότως.
3293 2563 3533 2633 ’Λνίερον
3585 2562 3697 2633 γὰρ

2116 2654 2259 2707 κατὰ
2280 2653 2476 2726 νόμους
2510 2653 2571 2707 τὸ
2605 2653 2764 2719 ζῶον.
2806 2653 3011 2707 Τοιοίδε
3040 2653 3257 2716 πάντως
3294 2653 3342 2705 οί
3369 2654 3534 2725 μήπω
3563 2650 3698 2705 Θεὸν

2116 2746 2314 2808 εἰδότες
2341 2745 2434 2800 τὸν
2461 2745 2621 2815 φύσει
2654 2764 2711 2799 τε
2749 2747 2843 2799 καὶ
2874 2744 3112 2817 ἀληθῶς.
3157 2744 3483 2815 Ἰκανωτάτη
3513 2745 3579 2816 δὴ
3603 2740 3697 2798 οὖν

2115 2836 2399 2909 κατάρδειν
2428 2838 2461 2908 ή
2504 2837 2800 2908 Ἐκκλησία
2843 2838 2955 2900 τοῖς
2995 2838 3159 2907 ἱεροῖς
3184 2852 3245 2888 τε
3278 2836 3371 2889 καὶ
3410 2834 3574 2898 θείοις
3604 2836 3699 2888 νά-

2119 2943 2273 2997 μασι,
2304 2925 2429 2990 τούς
2453 2944 2513 2980 τε
2552 2925 2611 2993 ἐξ
2653 2926 2920 2980 Ἰουδαίων
2954 2926 3189 2998 ἥκοντας
3221 2923 3314 2977 ἐπὶ
3348 2922 3408 2976 τὸ
3439 2923 3547 2977 δεῖν
3577 2923 3697 2975 ἐλέ-

2117 3019 2240 3074 σθαι
2276 3020 2376 3092 τὴν
2408 3021 2488 3084 εἰς
2520 3019 2756 3091 Χριστὸν
2797 3018 3019 3089 ἀγάπην
3044 3034 3056 3047 ·
3097 3016 3192 3071 καὶ
3246 3016 3372 3079 τοὺς
3411 3014 3471 3080 ἐξ
3521 3015 3697 3068 ἐθνῶν

2115 3112 2506 3183 κεκλημένους.
2542 3110 2764 3183 Ἐπειδὴ
2796 3110 2853 3165 δὲ
2885 3109 3142 3182 τοιαύτην
3173 3104 3345 3165 οὖσαν
3372 3110 3422 3163 οἱ
3453 3107 3699 3181 μαθηταὶ

2112 3203 2397 3260 τεθέανται
2438 3205 2542 3276 τὴν
2594 3203 2880 3277 παρθένον,
2926 3201 3163 3273 ψελλίοις
3226 3219 3288 3255 τε
3343 3200 3512 3272 αὐτὴν
3561 3217 3699 3255 κατ-

2111 3296 2369 3368 ηγλάῖζον
2411 3295 2636 3363 εὐθέως,
2666 3295 2761 3351 καὶ
2792 3296 2976 3368 μέντοι
2998 3297 3091 3351 τὸν
3113 3298 3173 3350 ὲν
3198 3294 3301 3349 ὠσὶ
3355 3291 3699 3366 προσέθεσαν

2114 3387 2337 3459 κόσμον·
2374 3385 2643 3451 τουτέστι,
2672 3384 2935 3457 λαμπρὰν
2960 3385 3256 3440 ἀπετέλουν
3289 3381 3385 3438 καὶ
3419 3384 3699 3453 ἐκπρεπε-

2115 3477 2319 3549 στάτην
2359 3478 2471 3540 τοῖς
2510 3476 2591 3539 εἰς
2635 3474 2894 3546 εὐηκοῖαν
2936 3475 3235 3547 αὐχήμασι.
3287 3473 3697 3544 Κεκοσμημένη

2113 3567 2221 3640 γὰρ
2248 3568 2385 3639 ἀκοὴ
2411 3606 2426 3631 ,
2456 3564 2906 3641 παραδηλώσειεν
2933 3565 2999 3620 ἂν
3035 3564 3097 3618 τὸ
3128 3565 3374 3637 εὐήκοον.
3413 3563 3696 3634 Περιφανῆ

2111 3657 2171 3711 δὲ
2214 3658 2402 3728 ὥσπερ
2425 3656 2654 3728 ὁρᾶσθαι
2699 3653 3108 3728 παρεσκεύαζον
3132 3654 3225 3708 καὶ
3263 3655 3377 3716 τοῖς
3406 3651 3466 3719 ἐξ
3493 3653 3693 3725 ἔργων,

2112 3750 2231 3820 ήτοι
2265 3750 2464 3822 χειρῶν
2488 3748 2909 3821 κατορθώμασιν
2972 3742 3140 3816 Οἶμαι
3169 3746 3279 3819 γὰρ
3303 3747 3474 3814 τουτὶ,
3507 3747 3572 3819 τὸ
3602 3746 3697 3801 καὶ

2114 3841 2307 3905 αὐταῖς
2339 3841 2538 3895 ἐνιέναι
2575 3839 2734 3912 χερσὶ
2751 3840 2820 3894 τὰ
2842 3838 3053 3911 ψέλλια.
3096 3838 3206 3893 Καὶ
3233 3841 3261 3892 6
3291 3837 3391 3910 μὲν
3416 3837 3635 3910 οἰκέτης
3665 3841 3695 3892 6

2112 3930 2206 3984 τοῦ
2244 3931 2497 4003 Ἀϐραὰμ
2521 3932 2786 4002 ἀφηγεῖτο
2816 3933 2926 3995 τοῖς
2961 3930 3019 3984 έν
3050 3929 3258 4002 Χαρὰν,
3295 3924 3388 3983 τοῦ
3436 3927 3568 3982 ἰδίου
3609 3928 3696 3983 δε-

2118 4023 2316 4077 σπότου
2348 4024 2440 4077 τὸν
2480 4022 2731 4088 πλοῦτον,
2763 4022 2858 4076 καὶ
2899 4023 2981 4076 ὅτι
3028 4022 3188 4094 μόνον
3218 4021 3316 4075 ἕνα
3349 4021 3444 4075 καὶ
3470 4022 3695 4091 ἠγαπη-

2119 4117 2276 4186 μένον
2302 4113 2413 4186 ἔχει
2444 4114 2541 4168 τὸν
2567 4113 2923 4185 κληρονόμον.
2954 4113 3513 4184 Μεμυσταγωγήκασι
3547 4111 3604 4165 δὲ
3630 4110 3697 4163 τὶ

2114 4206 2240 4279 ἔθνη
2283 4207 2378 4261 καὶ
2418 4206 2467 4260 οἱ
2505 4204 2785 4259 θεσπέσιοι
2829 4204 3103 4277 μαθηταὶ,
3152 4203 3242 4257 τὸν
3287 4202 3383 4255 τοῦ
3419 4201 3557 4256 Θεοῦ
3601 4202 3696 4255 καὶ

2114 4298 2327 4371 Πατρδς
2370 4298 2837 4371 ἀνακηρύττοντες
2884 4297 3132 4360 πλοῦτον,
3189 4297 3288 4367 τὴν
3336 4294 3549 4361 ἐλπίδα,
3596 4283 3696 4367 τὴν

2115 4390 2279 4461 ζωὴν,
2305 4387 2396 4443 τὸν
2427 4389 2716 4461 ἁγιασμόν·
2750 4384 2832 4452 εἵς
2866 4388 2924 4441 δὲ
2952 4388 3033 4441 ὅτι
3066 4387 3161 4440 καὶ
3200 4387 3361 4457 μόνος
3394 4386 3521 4448 Υίὸς
3551 4386 3696 4439 κατὰ

436 4502 549 4541 rem
588 4494 747 4541 tuam'
769 4485 838 4541 ⁸³.
876 4505 894 4538 ι
936 4486 1228 4555 Postquam
1259 4500 1391 4540 vero
1430 4485 1715 4555 copulatus
1746 4492 1826 4541 est
1860 4485 2010 4541 Isaac

2115 4480 2277 4551 φύσιν
2308 4480 2401 4534 καὶ
2434 4479 2650 4552 άληθῶς
2679 4482 2707 4534 6
2735 4479 2989 4551 Χριστὸς,
3022 4479 3080 4542 ὃς
3110 4478 3206 4531 καὶ
3231 4476 3337 4530 τῶν
3361 4477 3498 4530 ὅλων
3523 4477 3695 4529 τέθει-

328 4628 335 4641 ,
433 4576 716 4640 Rebeccae,
747 4594 765 4627 ι
788 4575 1102 4631 consolatus
1128 4584 1231 4638 est,
1254 4574 1454 4645 inquit,
1477 4590 1642 4645 super
1659 4586 1831 4631 matre
1852 4592 2001 4631 sua.»

436 4668 514 4722 Ex
550 4667 657 4722 hoc
684 4655 870 4736 itaque
906 4665 1064 4720 facile
1103 4664 1331 4737 intelligi
1363 4675 1562 4736 potest,
1594 4667 1742 4737 quod
1773 4667 2012 4729 doluerit

435 4758 656 4825 quidem
701 4756 958 4812 Christus
1003 4764 1233 4813 mortem
1279 4759 1684 4829 quodammodo
1721 4758 2015 4830 Synagogae

432 4848 747 4903 Jzidaeorum
789 4847 861 4902 ob
908 4848 1370 4914 incredulitatem,
1402 4866 1471 4903 cx
1511 4865 1620 4919 qua
1660 4850 1775 4919 ipse
1816 4864 2014 4903 secun-

435 4940 566 4993 dum
609 4954 829 4994 carnem
890 4949 1052 4997 natus
1099 4951 1237 4997 erat.
1281 4940 1577 5010 Postquam
1614 4956 1747 4997 vero
1783 4956 2015 5011 sponsus

434 5029 691 5086 Ecclesiae
733 5033 976 5102 gentium
1026 5040 1112 5088 est
1155 5032 1406 5096 eﬂ'ectus,
1451 5031 1706 5101 deposuit
1747 5032 2013 5101 quodam-

435 5120 598 5177 modo
648 5138 968 5188 mcerorem,
1005 5137 1171 5193 quem
1209 5137 1275 5177 ea
1318 5120 1387 5176 de
1429 5138 1488 5175 re
1532 5130 1876 5191 conceperat.
1924 5123 2015 5177 Di-

436 5220 585 5265 ctum
618 5212 765 5267 enim
801 5221 887 5267 est
922 5211 1125 5266 alicubi
1158 5225 1257 5282 per
1286 5225 1479 5265 vocem
1512 5211 1792 5281 prepheta:
1816 5212 1882 5266 ad
1913 5213 2014 5267 Ec-

438 5301 658 5357 clesiam
684 5320 698 5356 :
747 5322 766 5353 ι
805 5302 875 5357 Et
896 5301 1034 5366 erit,
1059 5300 1521 5370 Quemadmodum
1550 5301 1825 5356 laetabitur
1845 5318 2011 5372 spon-

437 5406 530 5446 sus
592 5406 759 5460 super
808 5403 1036 5460 sponsa,
1088 5389 1167 5444 sic
1206 5388 1479 5444 laetabitur
1530 5390 1794 5445 Dominus
1847 5406 2013 5461 super

438 5486 493 5534 te
522 5479 591 5534 ’°.
632 5498 652 5532 ι
676 5481 781 5534 Ρει·
798 5493 962 5549 quem
1007 5485 1063 5533 et
1095 5494 1218 5535 cum
1252 5494 1363 5549 quo
1411 5479 1525 5534 Deo
1565 5495 1628 5534 ac
1666 5480 1809 5535 Patri
1841 5479 2009 5551 gloria

437 5585 562 5625 cum
601 5579 791 5626 sancto
831 5569 1037 5641 Spiritu
1084 5571 1142 5627 in
1192 5570 1390 5627 saacula
1432 5572 1776 5628 saeculorum.
1815 5573 2006 5630 Amen.

554 5749 597 5778 ’”
629 5745 730 5800 lsa.
767 5761 858 5804 xu.
890 5747 943 5802 3.
1043 5749 1087 5780 ⁸⁸
1122 5749 1294 5806 Galat.
1330 5767 1407 5812 ιιι.
1434 5752 1521 5805 ﬁt.

2117 4592 2208 4630 ται
2246 4573 2601 4645 κληρονόμος,
2633 4572 2976 4644 ἀπήγγελλον
3010 4571 3276 4644 ἐναργῶς.
3308 4570 3418 4624 Καὶ
3443 4569 3694 4641 ήρωτᾶτο

2123 4665 2220 4735 μὲν
2262 4667 2295 4735 ὴ
2332 4665 2633 4736 παρθένος,
2668 4665 2717 4717 εἰ
2749 4663 3127 4734 συμϐαδιείται
3163 4661 3241 4733 τῷ
3272 4662 3458 4736 οίκέτῃ
3491 4661 3693 4732 προθύ-

2118 4772 2254 4828 μως·
2292 4757 2325 4827 ή
2362 4755 2420 4809 δὲ
2458 4754 2746 4808 κατένευεν
2790 4753 2971 4818 εὐθύς.
3032 4751 3385 4823 Ἐτοιμοτὰτη
3420 4752 3529 4823 γὰρ
3572 4751 3691 4805 λίαν

2115 4845 2149 4914 ἡ
2178 4842 2237 4907 ἐξ
2262 4842 2433 4896 ἐθνῶν
2482 4840 2775 4911 Ἐκκλησία
2795 4881 2810 4905 ,
2841 4842 3121 4913 μονονουχὶ
3142 4841 3198 4893 δὲ
3226 4841 3321 4894 καὶ
3349 4840 3527 4911 θερμὴ
3556 4840 3692 4911 πρὸς

2113 4933 2338 5003 ἀγάπην
2371 4931 2468 5003 τὴν
2506 4933 2597 4984 ὲπὶ
2641 4931 2884 5003 Χριστῷ.
2938 4932 3050 4985 Ka‘t
3094 4932 3430 5003 μαρτυρήσει
3459 4931 3635 4999 λέγων
3662 4930 3692 4981 ὁ

2115 5023 2405 5086 θεσπέσιος
2425 5022 2591 5076 Δαϐὶδ
2613 5022 2741 5093 περὶ
2770 5023 2869 5094 τῆς
2892 5022 2953 5089 ἐξ
2975 5022 3144 5077 ἐθνῶν
3167 5022 3387 5092 ἀγέλης·
3425 5022 3531 5093 «Τῇ
3561 5023 3692 5074 έτοι-

2116 5114 2286 5186 μασίᾳ
2315 5114 2416 5185 τῆς
2463 5113 2692 5185 καρδίας
2735 5113 2915 5167 αὐτῶν
2952 5111 3223 5185 προσέσχε
3260 5111 3322 5165 τὸ
3372 5105 3464 5174 οῦς
3502 5127 3617 5163 σου.
3662 5126 3683 5161 ι

2124 5206 2278 5259 Ἐπεὶ
2327 5206 2385 5259 δὲ
2429 5205 2676 5277 συνήφθη
2723 5204 2911 5258 λοιπὸν
2953 5206 2982 5258 6
3036 5203 3229 5258 Ἰσαὰκ
3261 5205 3327 5275 τῇ
3395 5201 3685 5271 Ῥεϐέκκα,

2117 5318 2135 5350 ι
2174 5298 2521 5369 Παρεκλήθη,
2554 5298 2721 5370 φησι,
2749 5298 3005 5369 περὶτῆς
3033 5297 3236 5369 μητρὸς
3274 5296 3465 5350 αὑτοῦ.
3514 5314 3533 5346 ι
3571 5295 3685 5348 Πά-

2115 5408 2262 5462 ρεστι
2295 5390 2357 5462 δὴ
2386 5386 2477 5444 οῦν
2497 5390 2592 5444 καὶ
2619 5391 2707 5444 διὰ
2729 5391 2883 5443 τοῦδε
2911 5392 3072 5454 νοεῖν,
3092 5390 3174 5442 ὅτι
3197 5388 3494 5458 λελύπηται
3532 5387 3631 5457 μὲν
3654 5385 3687 5439 ὁ

2111 5481 2342 5554 Χριστὸς
2374 5482 2655 5554 μονονουχὶ
2697 5480 3006 5553 τεθνεώσης
3036 5480 3126 5535 διὰ
3156 5479 3259 5551 τῆς
3296 5478 3555 5541 ἀπιστίας
3584 5475 3688 5547 ,τῆς

2125 5574 2391 5629 Ἰουδαίων
2422 5576 2787 5647 Συναγωγῆς,
2824 5574 2883 5639 ἐξ
2911 5568 2978 5645 ἧς
3007 5574 3100 5629 καὶ
3140 5573 3302 5636 αὐτὸς
3336 5571 3477 5626 κατὰ
3511 5567 3695 5639 σάρκα,

1635 5749 1679 5781 ’³³
1712 5752 1849 5806 Psal.
1890 5769 1961 5816 rx,
2013 5753 2098 5805 36.
2130 5754 2174 5785 ’³³
2232 5752 2332 5808 lsa.
2381 5768 2507 5817 ιλιι,
2544 5752 2595 5805 3.
