4092 6470
264 360 351 418 157

1265 361 1794 443 GLAPHYRORUM
1832 370 1903 426 IN
1941 371 2247 433 GENESlM
2287 378 2418 434 LIB.
2459 379 2551 436 Ill.

3430 389 3533 447 l58

258 473 700 570 τδείςαμαρτίαν
720 472 948 529 εὔκολον
983 474 1388 548 ἠρῤωστηκότα
1413 478 1508 533 τὸν
1530 479 1818 553 ἄνθρωπον
1842 504 1854 515 ο
1894 483 2063 540 δεῖδὲ
2130 490 2351 557 πάντως
2396 492 2544 566 αὺτῷ
2584 493 2683 565 τῆς
2724 493 2813 549 διὰ
2854 495 3091 569 Χριστοῦ
3128 496 3400 570 σωτηρίας
3436 500 3530 553 τοῦ

257 566 570 633 δικαιοῦντος
601 572 665 624 ἐν
693 570 878 624 πίστει
903 570 1002 624 καὶ
1030 570 1358 641 οίκτιρμοῖς.

323 659 385 729 β’.
414 658 688 731 Πρόδηλον
727 655 846 726 οὖν,
888 662 973 715 ὅτι
1022 660 1123 731 τῆς
1160 662 1400 732 ἐφ’ήμῖν
1449 662 1765 734 οἰκονομίας
1803 667 1832 720 6

2000 665 2060 721 2.
2102 666 2455 726 Manifestum
2483 672 2671 745 itaque
2698 685 2805 742 est,
2830 676 2980 747 quod
3002 676 3073 732 ad
3100 676 3299 733 salutis
3320 686 3530 734 nostra:

260 750 393 819 λόγος
436 751 878 823 ἀναγκαιοτάτην
923 751 1175 824 ἀπέφηνε
1200 751 1305 822 τῆς
1334 751 1424 806 διὰ
1457 753 1701 818 Μωσέως
1737 756 1827 810 ὲν-

257 842 397 912 νολῆς
448 840 545 912 τὴν
597 841 762 896 οἱονεὶ
823 842 1209 915 προαναιῗειξιν
1244 844 1346 914 τῆς
1402 843 1636 898 κατόπιν
1663 845 1829 912 εὐθὺς

257 932 337 986 καὶ
357 932 411 986 ιν
438 932 663 1005 Χριστῷ
706 934 1031 1007 δραμούσης
1061 936 1306 1007 χάριτος,
1338 937 1828 1012 παρακομιζούσης

261 1026 326 1089 είς
345 1025 500 1096 μέσον
525 1026 592 1080 τὸ
619 1025 682 1091 ἐξ
716 1027 1054 1097 ἐπαγγελίας
1080 1026 1220 1083 Θεοῦ
1260 1030 1827 1102 προαναφωνούμενον

263 1116 472 1189 σπέρμα,
500 1116 777 1183 τουτέστι,
810 1120 943 1183 τοὺς
970 1120 1031 1174 ἐν
1063 1120 1288 1192 Χριστῷ
1325 1121 1415 1177 διὰ
1437 1121 1697 1186 πίστεως.
1725 1123 1826 1177 Γέ-

262 1223 361 1275 γονε
410 1206 519 1278 γὰρ
575 1206 726 1262 οὕτω
774 1208 962 1282 πατὴρ
1004 1211 1398 1285 ἀναριθμήτων
1447 1216 1478 1269 6
1537 1213 1828 1281 θεσπέσιος

268 1298 508 1372 Ἁϐραάμ.
546 1300 745 1372 ’Δθρει
781 1301 848 1374 δὴ
901 1298 1016 1369 οῦν,
1078 1304 1236 1378 ἄθρει
1266 1308 1368 1377 τῆς
1415 1308 1729 1379 οἰκονομίας
1765 1310 1830 1364 τὸ

259 1391 436 1462 σχῆμα,
469 1391 971 1465 διαπεπλασμένον*
994 1396 1226 1462 ἀστείως
1273 1397 1351 1463 ὡς
1379 1398 1440 1453 ὲν
1468 1399 1626 1472 τύπῳ
1665 1402 1828 1457 πάλιν

261 1486 316 1555 τῆ
332 1482 687 1554 τιῖινάδελφῶν
712 1485 967 1558 ξυνωρίδι
992 1490 1060 1561 τῇ
1086 1489 1143 1557 ἐξ
1161 1490 1347 1546 Ἰσαὰκ
1370 1530 1387 1556 ,
1413 1466 1694 1561 Ἠσαῦ-τε,
1725 1512 1830 1566 φη-

258 1577 340 1644 μι,
373 1576 464 1629 καὶ
511 1575 707 1648 μέντοι
771 1578 870 1633 καὶ
911 1580 1128 1636 Ἰακώϐ.
1165 1583 1379 1638 Οὐκοῦν
1429 1583 1617 1657 εἴρητο
1676 1587 1829 1658 παρὰ

254 1666 370 1721 Θεοῦ
395 1668 526 1742 πρὸς
558 1668 657 1724 τὸν
689 1669 983 1727 θεσπέσιον
1033 1674 1307 1748 Ἀϐραὰμ,
1346 1695 1365 1728 ι
1386 1678 1471 1732 ὅτι
1510 1678 1601 1733 Ἐν
1642 1680 1829 1735 Ἰσαὰκ

256 1758 554 1830 κληθήσεταί
578 1777 668 1816 σοι
707 1762 954 1835 σπέρμα.
983 1783 1003 1818 ι
1029 1766 1488 1840 Διερμηνεύωνδὲ
1513 1770 1576 1825 τὸ
1614 1788 1829 1845 χρησμο

253 1849 436 1922 ᾡδημα,
480 1854 811 1928 νομομαθὴς
836 1855 914 1911 ὢν
946 1859 979 1931 6
1004 1858 1251 1928 Παῦλος,
1287 1882 1308 1916 ι
1335 1863 1427 1936 Τῷ
1470 1863 1529 1919 δὲ
1569 1865 1830 1939 Ἀϐραὰμ

257 1943 529 2015 ἐρρέθησαν
568 1947 630 2000 αἱ
681 1948 1035 2019 ἐπαγγελίαι,
1064 1954 1224 2025 φησι,
1275 1957 1372 2011 καὶ
1421 1956 1504 2029 τῷ
1551 1959 1830 2030 σπέρματι

1935 759 2472 819 administrationem
2499 769 2877 825 necessarium
2908 770 3144 827 maxime
3176 770 3345 827 fuerit
3370 785 3536 825 man-
3564 816 3569 825 .

1936 851 2126 907 datum
2152 867 2253 923 per
2268 853 2490 926 Moysen
2512 857 2667 927 prius
2684 860 2940 930 proponi.
2955 861 3329 931 subsequente
3348 859 3534 915 statim

1935 943 2114 1041 gratia
2150 943 2209 1041 in
2239 922 2766 1041 Cbristo,_atque-in‘
2788 922 3041 1007 medium
3089 922 3407 1023 proferente
3435 922 3569 1041 Dei:I

1933 1036 2306 1107 promissione
2364 1038 2689 1108 praedictum
2747 1056 2956 1107 semen,
3022 1042 3130 1097 hoc
3176 1051 3283 1106 est,
3348 1040 3444 1112 qui
3478 1038 3534 1093 in

1935 1127 2162 1186 Christo
2198 1138 2329 1186 sunt
2358 1146 2461 1202 per
2492 1130 2679 1188 ﬁdem.
2711 1133 2790 1189 Ita
2833 1135 2982 1190 enim
3018 1135 3197 1191 factus
3243 1142 3330 1190 est
3358 1114 3563 1189 Abra-i

1934 1222 2064 1277 ham
2108 1231 2271 1294 pater
2310 1223 2807 1281 innumerabilium
2846 1227 3115 1298 gentium.
3157 1225 3295 1283 Vide
3342 1227 3531 1296 itaque

1935 1316 2111 1372 divini
2146 1315 2365 1373 consilii
2394 1315 2667 1374 rationem
2697 1334 2762 1374 ac
2800 1319 3056 1385 formam,
3087 1319 3260 1374 veluti
3297 1319 3355 1377 in
3404 1326 3532 1390 typo

1936 1408 2347 1475 adumbratam,
2402 1408 2461 1464 in
2515 1410 2757 1479 duobus,
2790 1411 3038 1483 inquam,
3077 1410 3346 1466 fratribus
3401 1408 3532 1464 ﬁliis

1935 1500 2108 1567 lsaac,
2130 1501 2275 1557 Esau
2303 1501 2569 1557 nimirum
2592 1500 2650 1559 et
2687 1503 2877 1560 Jacob.
2932 1502 3151 1557 Dictum
3176 1501 3344 1571 igitur
3381 1506 3468 1554 est
3499 1512 3531 1554 a

1935 1592 2051 1647 Deo
2073 1591 2141 1647 ad
2170 1591 2422 1648 divinum
2474 1593 2753 1649 Abraham
2782 1593 2935 1664 quia,
2983 1612 3000 1643 ι
3030 1592 3089 1647 1η
3122 1591 3273 1647 Isaac
3301 1589 3532 1646 vocabi-

1940 1695 2030 1743 tur
2051 1686 2152 1742 tibi
2175 1701 2386 1743 semen.
2409 1706 2428 1739 ι
2462 1687 2760 1759 Explicans
2786 1695 2971 1742 autem
3007 1685 3297 1742 oraculum
3328 1682 3534 1738 Paulus

1936 1781 2073 1853 legis
2109 1780 2344 1853 peritus,
2406 1780 2682 1837 «Abrahae
2732 1779 2896 1835 dictas
2934 1785 3065 1835 sunt
3110 1774 3530 1849 promissiones,

1937 1873 2141 1945 inquit,
2169 1880 2259 1929 ‘et
2306 1872 2507 1929 semini
2557 1873 2699 1945 ejus.
2730 1872 2852 1928 Non
2898 1869 3067 1926 dicit:
3107 1865 3529 1930 Etseminibus,

1936 1965 2097 2038 quasi
2125 1966 2182 2021 in
2210 1965 2421 2032 multis,
2451 1964 2550 2021 sed
2570 1963 2730 2035 quasi
2764 1963 2823 2018 in
2861 1976 3016 2018 uno:
3060 1961 3131 2017 Et
3174 1958 3373 2014 semini
3410 1965 3528 2020 tuo,

258 2034 412 2128 αῦτοῦ.
441 2038 513 2092 Οὐ
536 2037 719 2109 λέγει,
746 2041 846 2096 καὶ
877 2045 994 2108 τοϊς
1015 2045 1347 2119 σπέρμασιν,
1369 2048 1448 2114 ὡς
1475 2051 1569 2104 ἐπὶ
1597 2051 1830 2119 πολλῶν,

1936 2034 2032 2128 qui
2056 2066 2143 2113 est
2171 2055 2490 2113 Christus.»
2521 2034 2822 2112 lnChristo
2845 2067 2978 2125 ergo
3005 2049 3405 2123 promissiones
3429 2047 3533 2101 im—

462 2131 547 2199 ὲφ⁹
574 2132 725 2199 ἑνὸς,
763 2134 875 2188 Καὶ
903 2134 984 2208 τῷ
1013 2137 1296 2211 σπέρματί
1324 2157 1443 2207 σου,
1474 2142 1505 2196 ὅ
1525 2143 1647 2198 ἐστι
1694 2145 1831 2217 Χρι-

262 2220 374 2285 στός.
395 2240 413 2273 ι
443 2223 658 2280 Οὐκοῦν
693 2226 755 2280 έν
785 2227 1014 2301 Χριστῷ
1037 2231 1107 2286 τὰ
1130 2233 1520 2304 ἐπηγγελμένα
1552 2234 1832 2308 διεπεραί-

256 2331 372 2379 νετο,
398 2317 485 2371 καὶ
528 2318 614 2382 εἰς
664 2320 859 2375 εἰκόνα
906 2324 1002 2378 καὶ
1031 2323 1204 2379 τύπον
1240 2326 1408 2381 αὑτοῦ
1447 2327 1687 2383 τέθειται
1713 2345 1832 2392 πως

254 2406 281 2458 6
298 2407 480 2465 Ἰσαάκ.
497 2409 941 2484 Διερμηνεύεται
960 2414 1018 2469 δὲ
1046 2416 1081 2487 ἡ
1109 2416 1291 2473 τοιάδε
1323 2418 1535 2490 κλῆσις,
1553 2418 1708 2488 χαρὰ
1735 2419 1832 2473 καὶ

253 2495 580 2569 ﬁstulam.
621 2501 978 2575 ’Δγαλλίαμα
996 2504 1056 2559 δὲ
1074 2506 1167 2562 τὸν
1187 2508 1426 2579 Χριστὸν
1452 2509 1546 2563 καὶ
1563 2511 1592 2563 6
1627 2509 1830 2563 θεσπέ-

264 2605 360 2652 σιος
401 2592 560 2648 Δαειδ
605 2593 893 2666 ὠνόμαζε,
922 2596 1101 2667 λέγων
1149 2598 1226 2663 ὡς
1271 2602 1336 2654 ὲκ
1384 2600 1678 2672 προσώπου
1721 2601 1831 2656 τῶν

252 2677 582 2752 δεδιψηκότων
606 2685 716 2758 τὴν
741 2685 810 2740 δι’
841 2687 1008 2743 αὐτοῦ
1032 2691 1328 2761 σωτηρίαν·
1359 2710 1377 2744 ι
1398 2692 1472 2746 Τὸ
1510 2693 1832 2765 ἀγαλλίαμά

256 2788 358 2841 μου,
393 2773 671 2847 λύτρωσαί
723 2797 793 2851 με
827 2780 939 2835 ἀπὸ
978 2781 1088 2836 τῶν
1128 2782 1528 2839 κυκλωσάντων
1557 2804 1646 2858 με.
1678 2806 1698 2840 ι
1738 2790 1830 2843 Δι-

260 2863 541 2938 ενηξάμεθα
576 2870 699 2943 γὰρ
747 2873 809 2928 ὲν
847 2874 1076 2947 Χριστῷ
1108 2875 1207 2941 τὰς
1247 2877 1361 2930 τῶν
1408 2879 1697 2948 φονώντων
1728 2882 1827 2935 ἒπ-

252 2962 546 3028 ιναστάσεις
564 2982 579 2996 ·
603 2966 711 3020 καὶ
735 2968 1139 3039 πεπατήκαμεν
1167 2969 1226 3024 ἐν
1251 2968 1400 3041 αὐτῷ
1423 2971 1715 3044 σκορπίους
1733 2973 1830 3027 καὶ

252 3048 401 3121 ὄφεις.
432 3056 529 3109 καὶ
551 3057 651 3111 ἐπὶ
699 3058 908 3114 ἀσπίδα
951 3062 1047 3115 καὶ
1104 3062 1419 3134 βασιλίσκον
1454 3066 1736 3138 ἐπέϐημεν
1780 3067 1831 3120 οἱ

254 3150 679 3214 πεπιστευκότες.
716 3151 841 3206 Ὀτι
949 3155 1300 3226 ἀγαλλίαμα
1328 3159 1358 3212 6
1396 3157 1635 3230 Χριστὸς
1680 3157 1833 3228 παρὰ

253 3238 352 3301 ταῖς
400 3238 564 3306 θείαις
641 3242 897 3315 Γραφαῖς
957 3246 1291 3318 ὠνόμασται,
1343 3250 1441 3304 καὶ
1495 3249 1832 3321 προφητικὺς

254 3324 377 3393 ἡμᾶς
401 3327 687 3385 ἀναπείσει
724 3332 905 3402 λόγος.
937 3333 1094 3406 Ἔχει
1138 3337 1249 3410 γὰρ
1280 3332 1385 3394 ὧδε
1408 3356 1423 3371 ·
1456 3359 1474 3393 ι
1496 3340 1609 3395 Καὶ
1644 3341 1834 3395 ἀνατε-

253 3415 323 3509 λεῐ
350 3419 549 3491 Κύριος
576 3423 903 3509 δικαιοσύνη
1090 3405 1415 3502 ἀγαλλίαμα
1458 3432 1701 3487 ἐναντίον
1722 3433 1832 3487 τῶν
1860 3405 1905 3467 C

253 3507 399 3563 ἐθνῶν
425 3514 668 3570 πάντων.
698 3534 720 3569 ι
763 3507 966 3588 Γέγονε
1013 3520 1125 3593 γὰρ
1145 3524 1175 3576 6
1215 3523 1569 3596 Ἐμμανουὴλ
1594 3525 1715 3597 οὐχὶ
1743 3525 1838 3596 μό-

254 3619 348 3667 νοις
360 3607 463 3671 τοῖς
475 3607 534 3675 ἐξ
575 3608 801 3684 Ἰσραὴλ
819 3611 958 3666 ἀλλὰ
981 3613 1073 3667 καὶ
1093 3616 1203 3679 τοῖς
1217 3614 1323 3670 ἀνὰ
1342 3617 1524 3672 πᾶσαν
1537 3618 1635 3690 τὴν
1656 3618 1839 3673 οἰκου-

256 3694 402 3767 μένην
415 3698 596 3755 ἔθνεσί
622 3720 688 3757 τε
720 3704 817 3759 καί¹
848 3704 1003 3773 λαοῖς
1024 3707 1385 3778 δικαιοσύνη
1408 3710 1510 3765 καὶ
1547 3712 1835 3781 ἀγαλλία-

249 3805 340 3856 μα.
390 3793 805 3868 Δεδικαιὼμεθα
860 3798 975 3872 γὰρ
1029 3803 1089 3856 έν
1143 3802 1319 3873 αὐτῷ,
1353 3806 1451 3857 καὶ
1489 3805 1590 3876 τὴν
1631 3807 1698 3859 ὲκ
1734 3806 1838 3878 τῆς

253 3880 459 3957 ἀρχαίας
505 3888 653 3960 ἀρᾶς
701 3890 1019 3963 δυσφημίαν
1073 3894 1562 3968 ἀπεκρουσάμεθα.
1606 3899 1836 3970 Μετημο

255 3974 500 4048 φιέσμεθα
515 3981 636 4053 γὰρ
664 3981 858 4056 ὥσπερ
888 3987 1234 4060 εὐφροσύνην
1257 3990 1354 4043 καὶ¹
1378 3988 1574 4062 χαρὰν,
1601 3991 1833 4047 θανάτου

254 4068 331 4121 καὶ
368 4072 649 4146 ἁμαρτίας
683 4077 1123 4150 ἀπηλλαγμένοι,
1155 4082 1253 4136 καὶ
1294 4081 1352 4136 τί
1390 4083 1500 4157 γὰρ
1549 4086 1671 4156 οὐχὶ
1724 4085 1836 4139 τῶν

252 4159 432 4218 ἀνωθεν
461 4168 555 4221 καὶ
596 4172 760 4242 παρὰ
800 4170 939 4225 Θεοῦ
975 4172 1385 4245 πλουτήσαντες
1416 4175 1672 4245 ἀγαθῶν;
1705 4178 1834 4232 Τοι-

254 4254 424 4326 γάρτοι
465 4259 780 4331 δοξολογείν
836 4264 1221 4337 δεδιδάγμεθα,
1261 4266 1548 4338 λέγοντεςο
1596 4289 1617 4322 ι
1651 4271 1837 4340 ’Δγαλ-

252 4343 430 4403 λιάσθω
448 4354 483 4425 ἠ
512 4354 667 4428 ψυχή
697 4372 799 4427 μου
834 4358 930 4411 ἐπὶ
966 4358 1046 4431 τῷ
1075 4360 1287 4433 Κυρίῳ.
1338 4362 1590 4417 Ἐνέδυσε
1618 4365 1727 4438 γάρ
1764 4383 1831 4435 με

255 4437 448 4507 ἱμάτιον
473 4449 775 4519 σωτηρίου,
805 4451 902 4504 καὶ
930 4451 1137 4523 χιτῶνα
1165 4454 1530 4528 εὐφροσύνης.
1561 4476 1581 4509 ι
1615 4459 1728 4512 Καὶ
1750 4459 1836 4523 τίς

329 4529 474 4634 οὗτός
503 4540 662 4634 ἐστιν
712 4542 742 4595 6
791 4542 893 4613 τῆς
945 4543 1295 4617 εὐφροσύνης
1344 4547 1536 4619 χιτὼν,
1575 4554 1834 4622 σαφηνιεῖ

253 4625 403 4695 λέγων
435 4632 464 4684 6
494 4632 797 4705 ἱερώτατος
824 4636 1037 4702 Παῦλος
1068 4655 1080 4666 ·
1124 4639 1313 4694 «Ὅσοι
1344 4641 1457 4714 γὰρ
1484 4643 1566 4707 εἰς
1595 4644 1834 4716 Χριστὸν

1932 2152 2096 2222 pletae
2124 2159 2276 2217 sunt,
2311 2157 2369 2206 et
2392 2149 2449 2204 in
2483 2148 2780 2220 imaginem
2802 2162 2867 2202 ac
2904 2155 3098 2219 typum
3129 2142 3283 2199 illius
3313 2140 3530 2212 positus

1932 2252 2020 2298 est
2040 2242 2329 2314 Isaac.”
2357 2241 2762 2312 Interpretatur
2788 2247 2973 2294 autem
3007 2237 3125 2292 haec
3149 2249 3257 2290 vox
3278 2232 3532 2305 gaudium

1933 2344 1992 2391 et
2006 2334 2492 2389 exsultatioPorro
2516 2330 2690 2387 David
2715 2329 2998 2387 Christum
3018 2326 3188 2383 etiam
3203 2322 3530 2381 exsultatio-

1934 2442 2062 2483 nem
2095 2435 2279 2493 vocat,
2328 2426 2523 2483 dicens
2576 2423 2751 2480 veluti
2802 2436 2873 2478 ex
2929 2434 3170 2492 persona
3209 2431 3405 2473 eorum
3434 2413 3531 2485 qui

1934 2521 2171 2577 salutem
2205 2536 2307 2591 per
2331 2520 2514 2592 ipsum
2536 2518 2898 2574 vehementer
2920 2507 3348 2570 desiderabant:
3382 2528 3399 2558 ι
3419 2508 3531 2564 Ex-

1934 2613 2159 2670 sultatio
2186 2628 2481 2678 mea,erue
2506 2628 2596 2667 me
2624 2626 2656 2666 a
2678 2605 3156 2665 circumﬂantibus
3169 2618 3255 2658 me
3279 2603 3354 2657 ’.ι
3384 2601 3526 2656 Eva-

1936 2707 2110 2763 simus
2131 2707 2280 2763 enim
2317 2707 2372 2761 in
2407 2705 2634 2763 Christo
2661 2704 2943 2759 latronum
2989 2698 3251 2764 insultus,
3298 2703 3358 2750 et
3396 2708 3529 2765 pro-

1936 2799 2277 2856 culcavimus
2294 2800 2353 2854 in
2378 2799 2500 2868 ipso
2520 2796 2772 2866 scorpios
2809 2811 2869 2851 et
2915 2801 3223 2864 serpentes,
3269 2798 3327 2846 et
3362 2799 3534 2858 super

1936 2893 2185 2964 aspidem
2222 2902 2279 2948 et
2331 2890 2651 2947 hasiliswm
2685 2885 3092 2943 ambulavimus
3128 2885 3171 2950 ³,
3212 2881 3528 2939 credentes.

1936 2984 2094 3052 Quod
2115 3000 2249 3039 vero
2288 2981 2575 3037 exsultatio
2595 2979 2855 3036 Christus
2887 2979 2943 3033 in
2975 2976 3150 3032 sacris
3182 2973 3413 3030 Litteris
3435 2988 3537 3029 vo-

1937 3083 2097 3130 catus
2121 3074 2213 3140 sit,
2245 3072 2610 3144 propheticus
2663 3070 2832 3125 etiam
2892 3082 3077 3124 sermo
3138 3072 3395 3121 testatur.
3453 3063 3534 3119 [ta

1937 3169 2085 3225 enim
2116 3167 2320 3223 habet:
2360 3184 2380 3218 ι
2400 3165 2472 3220 Ει
2502 3163 2641 3219 oriri
2667 3162 2836 3219 faciet
2862 3161 3132 3217 Dominus
3170 3156 3444 3230 justitiam
3476 3161 3533 3211 et

1938 3260 2366 3318 exsultationem
2407 3271 2592 3313 coram
2622 3254 2886 3310 omnibus
2937 3250 3273 3325 gentibus‘;
3296 3269 3315 3301 ι
3354 3247 3534 3303 factus

1939 3352 2213 3425 siquidem
2253 3360 2339 3408 est
2368 3347 2697 3406 Emmanuel
2743 3361 2858 3402 non
2904 3346 3039 3403 solis
3086 3341 3535 3407 lsraeliticis,ve-

1940 3461 2065 3501 rum
2095 3444 2264 3501 etiam
2321 3442 2583 3500 omnibus
2607 3456 2706 3512 per
2738 3439 3064 3495 universum
3115 3436 3309 3492 orbem
3354 3442 3534 3489 terra-

1938 3554 2064 3595 rum
2107 3537 2366 3610 gentibus
2399 3550 2465 3591 ac
2513 3533 2734 3607 populis
2755 3532 2973 3604 justitia
3008 3539 3059 3585 et
3092 3527 3400 3584 exsultatio.
3440 3525 3538 3581 Ju-

1939 3630 2158 3688 stiﬁcati
2176 3629 2325 3685 enim
2363 3643 2557 3684 sumus
2580 3626 2634 3681 in
2664 3625 2808 3697 ipso,
2843 3623 3160 3693 veterisque
3188 3618 3567 3675 maledictio-,

1937 3724 2028 3779 nis
2075 3721 2359 3777 infamiam
2415 3736 2447 3775 a
2496 3718 2659 3775 nobis
2725 3715 3087 3773 removimus.
3143 3712 3332 3769 lnduti
3385 3711 3538 3767 enim

1939 3813 2353 3888 quodammodo
2392 3828 2585 3867 sumus
2614 3810 2863 3866 laetitiam
2898 3815 2957 3863 et
2986 3804 3275 3878 gaudium,
3305 3819 3336 3859 a
3356 3809 3538 3858 morte

1938 3916 1996 3964 et
2021 3902 2750 3979 peccatoliberati,etquid
2801 3917 2916 3957 non
2954 3911 3324 3971 supernorum
3364 3896 3539 3950 hono-

1938 4016 2063 4057 rum
2094 4016 2125 4055 a
2170 4000 2285 4055 Deo
2349 3997 2682 4054 consecuti?
2723 3995 2937 4051 Idcirco
3003 3992 3171 4048 etiam
3223 3987 3536 4062 gloriﬁcare

1937 4092 2085 4149 docti
2126 4106 2341 4155 sumus,
2397 4089 2650 4144 dicentes
2683 4104 2697 4141 :
2731 4086 3023 4141 «Exsultet
3063 4082 3247 4138 anima
3295 4095 3420 4136 mea
3462 4080 3521 4134 in

1937 4185 2192 4241 Domino.
2222 4183 2411 4239 Induit
2438 4183 2591 4237 enim
2620 4196 2710 4236 me
2755 4187 2969 4235 vestem
2997 4177 3317 4240 salutarem,
3359 4183 3418 4228 et
3450 4182 3536 4228 tu-

1935 4279 2119 4333 nicam
2160 4275 2430 4332 laetitiae”.
2457 4293 2475 4326 ι
2508 4274 2684 4329 Porro
2729 4286 2983 4342 quaenam
3045 4269 3119 4325 sit
3174 4267 3295 4322 haec
3344 4264 3534 4320 tunica

1937 4369 2164 4434 laetitiae,
2193 4367 2417 4422 divinus
2441 4364 2648 4420 Paulus
2674 4363 2938 4433 explicat,
2965 4359 3190 4416 dicens:
3214 4377 3233 4408 ι
3255 4355 3539 4425 Quotquot

1937 4460 2089 4517 enim
2119 4460 2177 4515 in
2207 4458 2431 4515 Christo
2488 4453 2757 4525 baptizati
2802 4453 2960 4519 estis,
3013 4450 3297 4507 Christum
3351 4445 3539 4501 indui-

1937 4554 2047 4611 stis
2086 4553 2171 4605 ⁸..»
2210 4550 2280 4607 Et
2318 4564 2577 4604 rursum:
2608 4544 2950 4603 «Induimini
3008 4542 3304 4599 Dominum
3345 4539 3535 4595 Jesum

1937 4646 2244 4709 Christum,
2277 4652 2335 4700 et
2358 4641 2544 4697 carnis
2572 4654 2763 4695 curam
2794 4653 2864 4694 ne
2903 4636 3128 4709 geratis,
3162 4634 3231 4689 ad
3266 4630 3537 4701 concupi-

253 4716 620 4796 ἐϐαπτίσθητε,
687 4728 928 4799 Χριστὸν
999 4731 1347 4786 ἐνεδύσασθε.
1372 4752 1392 4786 ι
1456 4735 1567 4790 Καὶ
1630 4737 1827 4791 πάλιν·

1936 4737 2203 4796 scentiam
2226 4736 2270 4790 ".
2298 4754 2316 4786 ι
2352 4732 2661 4790 Exsultatio
2701 4731 2872 4803 igitur
2910 4731 3065 4786 Isaac
3114 4727 3289 4783 veluti
3337 4726 3395 4780 in
3448 4731 3538 4796 ty-

261 4828 277 4859 ι
306 4811 628 4873 Ἐνδύσασθε
661 4819 756 4875 τὸν
803 4820 1013 4894 Κύριον
1054 4825 1264 4896 Ἰησοῦν
1297 4827 1556 4899 Χριστὸν,
1601 4828 1697 4883 καὶ
1743 4828 1844 4901 τῆς

256 4906 431 4974 σαρκὸς
454 4910 719 4979 πρόνοιαν
755 4913 831 4985 μὴ
870 4914 1113 4969 ποιεῖσθε
1142 4918 1225 4979 είς
1254 4916 1574 4989 ἐπιθυμίαν.
1596 4939 1615 4971 ι
1657 4921 1846 4989 Ἀγαλ,

253 4990 400 5065 λίαμα
420 5001 604 5056 τοίνυν
635 5004 664 5056 6
709 5005 901 5060 Ἰσαὰκ
925 5006 1002 5071 ὡς
1034 5010 1093 5062 ὲν
1113 5007 1271 5081 τύπῳ
1297 5011 1536 5084 Χριστοῦ
1562 5015 1681 5077 τοῖς
1704 5030 1842 5085 προ-

255 5089 500 5159 κειμένοις
537 5097 674 5167 ήμῖν
722 5096 1048 5170 θεωρήμασι
1080 5104 1486 5173 χρειωδέστατα
1518 5106 1834 5179 παρειλημ-

442 5186 630 5260 Τούτῳ
657 5190 851 5259 γέγονε
905 5192 1174 5250 Ῥεϐέκκα
1209 5201 1366 5270 γυνή.
1412 5202 1833 5274 Διερμηνεύοιτο

255 5269 303 5366 ῦὲ
348 5274 409 5329 ἄν
455 5281 549 5334 καὶ
595 5281 763 5355 αὕτη,
802 5288 1068 5357 πλείστη
1119 5307 1180 5344 τε
1216 5269 1465 5362 καὶίὸση
1510 5269 1825 5366 ύπέιιονή.

268 5364 405 5473 EAM
454 5376 559 5473 καὶΔ
594 5376 869 5473 ’το-τῆσδε
915 5381 1210 5453 πρόσωπον
1248 5385 1330 5449 είς
1368 5386 1431 5440 τὸ
1455 5386 1557 5458 τῆς
1596 5364 1829 5461 Ἐκκλη-

260 5467 361 5525 σίας
398 5467 832 5541 πραληψόμεθα
877 5472 1129 5539 νοοῦντες
1167 5477 1367 5549 ὀρθῶς,
1399 5474 1465 5553 ἧς
1508 5479 1568 5533 τὸ
1623 5480 1829 5534 εὐδόκι-

263 5557 425 5659 μονέν
458 5559 725 5659 ὑπομονῇ.
761 5564 872 5618 Καὶ
907 5566 1036 5635 γοῦν
1079 5572 1194 5634 τοῖς
1241 5570 1447 5644 ταύτης
1467 5572 1700 5637 τέκνοις,
1727 5576 1826 5644 τῆς

263 5658 324 5707 ως
358 5650 411 5702 ἐν
455 5653 650 5722 πίστει,
701 5658 870 5728 φημὶ,
914 5659 1011 5714 καὶ
1074 5663 1350 5734 πνεύματι
1380 5664 1676 5737 σωτηρίας,
1709 5664 1825 5728 ὁδὸς

268 5829 283 5857 .
308 5761 669 5857 ,ἠίῖδθξξυξκξξε
704 5768 758 5824 7-
878 5773 896 5804 ³
919 5775 1061 5832 Psal.
1095 5793 1182 5843 xc,
1214 5778 1297 5831 l5.

308 5828 424 5889 Luc.
465 5854 570 5902 xm,
601 5842 685 5896 i9.

1419 5778 1436 5807 ‘
1484 5777 1587 5835 lsa.
1642 5794 1747 5845 LXI,
1814 5777 1900 5830 Η.
1958 5776 1997 5854 ,⁵
2033 5775 2169 5831 ibid.
2215 5772 2301 5827 l0.

1943 4849 2078 4907 pum
2121 4829 2326 4888 Christi
2370 4830 2428 4884 in
2486 4828 2574 4883 his
2620 4823 3188 4883 commentationibus
3238 4818 3539 4877 utilissime

1943 4926 2108 4983 nobis
2139 4923 2430 4996 accipitur.
2487 4921 2661 4993 Hujus
2701 4927 2887 4974 autem
2934 4932 3076 4971 uxor
3126 4913 3230 4969 fuit
3262 4912 3533 4967 Rebecca.

1941 5019 2346 5088 Interpretatur
2392 5027 2527 5068 vero
2568 5011 2736 5066 etiam
2791 5007 2929 5070 haec,
2973 5020 3184 5059 summa
3248 5001 3531 5073 patientia.

1942 5109 2051 5167 Sed
2080 5116 2137 5164 et
2155 5108 2324 5180 hujus
2351 5118 2646 5177 personam
2671 5101 2729 5156 in
2762 5099 3026 5155 Ecclesiae
3074 5104 3266 5167 typum
3292 5091 3534 5163 accipie-

1939 5219 2085 5267 mus,
2104 5201 2265 5273 cujus
2293 5197 2466 5270 gloria
2500 5195 2557 5249 in
2577 5191 2865 5270 patientia.
2895 5189 3066 5244 Porro
3103 5186 3271 5258 hujus
3292 5183 3442 5249 ﬁliis,
3466 5182 3537 5238 iis

1940 5297 2185 5366 inquam,
2216 5290 2310 5361 qui
2340 5289 2398 5343 in
2432 5286 2539 5342 ﬁde
2562 5295 2620 5341 et
2659 5283 2860 5356 spiritu
2899 5281 3131 5353 degunt,
3168 5279 3259 5334 via
3288 5277 3358 5333 ad
3384 5277 3534 5333 salu-

1938 5397 2050 5443 tem
2078 5390 2164 5439 est
2195 5378 2478 5452 patientia.
2520 5376 2598 5432 lta
2626 5375 2775 5431 enim
2799 5390 2969 5430 sacra;
2989 5372 3212 5429 Litterae
3239 5370 3375 5441 ipsis
3404 5384 3531 5440 pro-

1937 5479 2210 5539 clamant,
2273 5469 2510 5527 subinde
2562 5467 2786 5540 quidem
2835 5484 2848 5521 :
2891 5464 2988 5521 cln
3033 5462 3299 5535 patientia
3350 5469 3533 5515 vestra

1936 5564 2294 5641 possidebitis
2313 5562 2526 5619 animas
2544 5570 2760 5617 vestras
2790 5556 2846 5625 3;
2879 5579 2896 5611 ι
2927 5556 3166 5614 subinde
3185 5570 3353 5611 vero:
3387 5570 3407 5603 ι
3428 5553 3534 5606 Pa—

1942 5662 2136 5720 tientia
2176 5657 2337 5713 vobis
2398 5655 2714 5711 necessaria
2772 5660 2879 5715 est,
2932 5661 2995 5707 ut
3040 5650 3381 5705 voluntatem
3432 5644 3530 5698 Dei

2408 5768 2633 5824 ‘Galat.
2691 5784 2766 5824 ιιι.
2820 5765 2908 5820 27.
3022 5764 3219 5820 ’Rom.
3276 5758 3391 5819 xm,
3442 5757 3532 5815 l4.
