4092 6470
572 329 670 388 150

1596 331 1653 388 S.
1694 329 1973 389 οιιιιιιι
2007 329 2482 389 ΑιΕχΑΝυιιιΝι
2518 328 2844 419 ΔΒΟΗΙΕΡ.

566 452 854 515 la:ientes,
883 451 1182 522 reportetis
1215 450 1646 523 promissionem
1672 453 1716 505 '.
1745 469 1764 504 ι
1802 450 1942 508 Vide
1975 451 2161 522 itaque

2264 452 2506 523 πέφηνεν
2531 453 2565 523 ἡ
2599 450 2873 523 ὑπομονὴ.
2923 447 3081 525 Ἰεροὶ
3131 446 3242 521 γὰρ
3286 446 3475 512 αὐτοῖς
3519 463 3830 520 προσπιφω.

569 543 876 600 Rebeccam
941 544 1098 600 tarde
1136 544 1359 614 quidem
1405 554 1573 614 atque
1602 557 1746 614 aegre
1795 552 2017 599 uterum
2071 544 2155 601 fe-

569 646 782 691 rentem
811 635 972 708 (anus
1010 636 1158 692 enim
1200 633 1365 703 erat),
1388 649 1510 706 qua
1542 644 1726 690 tamen
1760 634 1833 691 ob
1883 651 2158 693 summam

568 725 667 780 Dei
733 741 864 797 erga
928 725 1079 781 Isaac
1154 723 1592 780 munificentiam
1660 733 1831 793 atque
1908 739 2161 780 amorem

570 815 891 885 pepererit:
938 814 1083 870 Esau
1140 813 1366 884 quidem
1433 812 1887 883 primogenitum,
1940 813 2159 868 statim-

567 923 675 977 que
727 916 852 978 post
910 907 1059 962 hunc
1123 905 1293 962 Jacob
1323 946 1336 971 ,
1406 905 1516 975 97
1564 919 1667 975 per
1731 919 1873 975 quos
1953 904 2161 975 optime

568 996 791 1066 quidem
853 996 1017 1051 nobis
1089 1009 1313 1050 rursum
1368 993 1480 1048 duo
1538 991 1772 1063 populi,
1830 990 2162 1047 lsraeliticus

566 1088 830 1143 nimirum
867 1096 925 1144 et
969 1088 1226 1159 gentilis,
1278 1084 1682 1155 exprimantur.
1738 1081 1906 1153 Atqui
1957 1084 2164 1153 primo-

565 1179 785 1251 genitus
815 1180 1040 1257 quidem
1094 1179 1260 1235 Israel
1306 1179 1349 1210 ¹⁰
1388 1197 1400 1233 :
1444 1179 1594 1249 prior
1624 1180 1772 1235 enim
1817 1187 2044 1234 vocatus
2080 1186 2166 1233 est

568 1286 670 1341 per
728 1271 905 1342 legem
936 1290 949 1324 :
992 1271 1270 1326 secundus
1307 1285 1439 1325 vero
1478 1279 1605 1340 post
1636 1270 1814 1336 illum,
1845 1271 1938 1341 qui
1968 1270 2027 1325 in
2055 1269 2164 1324 ﬁde

571 1379 670 1434 per
704 1362 1008 1419 Christum.
1036 1362 1233 1419 Videat
1272 1370 1455 1418 autem
1487 1363 1614 1432 quis
1648 1361 1885 1416 duorum
1922 1360 2160 1431 populo-

569 1470 696 1510 rum
718 1456 776 1510 in
803 1455 1025 1527 ingenio
1060 1470 1127 1510 ac
1154 1454 1405 1509 moribus
1424 1453 1817 1517 differentiam,
1845 1463 1901 1509 et
1924 1468 1993 1509 ex
2027 1451 2165 1522 ipsis

570 1545 912 1610 nominibus,
947 1544 1150 1615 quibus
1186 1553 1419 1614 uterque
1456 1544 1776 1608 vocabatur,
1820 1551 1877 1598 et
1933 1558 2002 1597 ex
2048 1545 2163 1613 ipsa

571 1652 864 1708 corporum
882 1634 1058 1691 forma
1084 1635 1200 1692 sive
1221 1634 1637 1691 constitutione.
1662 1635 1805 1690 Esau
1822 1635 1971 1691 enim
1995 1634 2166 1689 inter-

570 1735 822 1799 pretatur
848 1745 1091 1800 quercus,
1122 1728 1230 1783 hoc
1265 1738 1370 1792 est,
1414 1727 1566 1782 dirus
1597 1737 1762 1797 atque
1805 1726 2035 1799 rigidus.
2067 1728 2162 1782 Di-

570 1832 722 1877 ctum
748 1830 832 1876 est
870 1829 1053 1876 autem
1087 1819 1291 1874 alicubi
1329 1818 1399 1873 ad
1439 1818 1698 1873 lsraelem
1731 1834 1762 1874 a
1800 1818 1914 1873 Deo
1944 1837 1958 1873 :
2000 1839 2019 1871 ι
2053 1818 2161 1876 Co-
2192 1813 2233 1869 Β

570 1927 775 1982 gnosco
801 1928 902 1984 ego
922 1912 1068 1982 quod
1098 1911 1275 1967 durus
1295 1926 1356 1966 es
1392 1920 1449 1966 et
1470 1925 1674 1964 nervus
1713 1909 1931 1966 ferreus
1973 1910 2160 1966 cervix

571 2014 665 2060 tua
693 2012 750 2060 et
772 2003 924 2059 frons
967 2014 1060 2060 tua
1090 2019 1242 2059 aenea
1272 2004 1356 2057 ³⁸⁸.
1387 2002 1557 2059 Iacob
1595 2017 1730 2058 vero
1755 2001 2157 2073 supplantator,

569 2096 678 2153 hoc
702 2103 807 2162 est,
841 2096 1065 2162 artifex,
1103 2095 1219 2151 sive
1250 2094 1510 2150 vincendi
1563 2095 1793 2165 peritus.
1836 2094 2164 2164 Supplautat

568 2189 719 2246 enim
735 2190 860 2260 quis
881 2203 1010 2244 eum
1025 2203 1192 2258 quem
1220 2187 1437 2243 vicerit.
1472 2186 1656 2243 Vincit
1697 2194 1883 2241 autem
1936 2186 2162 2242 omnino

570 2295 685 2338 non
710 2279 947 2350 populus
970 2278 1028 2334 in
1061 2278 1202 2349 lege,
1236 2277 1332 2333 sed
1364 2277 1461 2348 qui
1506 2277 1562 2332 in
1591 2276 1811 2332 Christo
1837 2292 1939 2347 per
1974 2276 2158 2342 fidem,

571 2372 782 2442 quique
833 2371 1046 2441 peccati
1099 2369 1506 2425 accusationem
1553 2368 1826 2437 effugerit,
1860 2367 2163 2438 mortisque

572 2460 866 2533 imperium
897 2458 1193 2515 obtuderit.
1221 2458 1390 2514 Porro
1411 2458 1555 2513 Esau
1594 2476 1610 2507 ι
1629 2457 1784 2512 rufus
1808 2465 1926 2511 erat
1946 2465 2110 2523 totus,
2136 2476 2155 2509 ι

572 2555 650 2612 ita
698 2554 848 2611 enim
874 2554 1141 2624 scriptum
1173 2561 1278 2618 est,
1312 2571 1331 2603 ι
1357 2560 1413 2607 et
1444 2552 1592 2607 velut
1626 2551 1784 2622 pellis
1821 2552 2104 2619 hirsutus;
2137 2571 2156 2605 ι

440 2707 455 2721 ,
567 2648 741 2707 Iacob
788 2656 973 2703 autem
1004 2646 1091 2701 vir
1126 2645 1311 2716 glaber
1347 2644 1469 2700 sive
1499 2644 1651 2699 laevis
1683 2644 1745 2698 “.
1782 2643 2042 2699 Flavities
2078 2653 2163 2717 ty-

571 2756 678 2813 pus
695 2747 781 2797 est
795 2739 1016 2797 ferocia
1043 2747 1209 2809 atque
1234 2737 1331 2792 ira:
1353 2777 1368 2802 ,
1408 2735 1682 2806 siquidem
1713 2751 1906 2791 verum
1934 2745 2039 2802 est,
2068 2753 2164 2791 ru-

571 2832 867 2892 bicundam
888 2833 944 2887 in
979 2831 1063 2886 ira
1080 2829 1307 2901 percitis
1327 2837 1510 2884 cutem
1541 2826 1679 2883 fieri.
1710 2826 1867 2894 Quod
1896 2843 2029 2883 vero
2048 2828 2166 2883 hir-

568 2928 759 2978 sutum
781 2936 847 2977 ac
883 2919 1123 2990 pilosum
1149 2934 1292 2982 esse,
1332 2917 1573 2973 ferinum
1595 2917 1687 2982 sit,
1716 2933 1827 2988 quo
1856 2926 2020 2988 pacto
2042 2919 2167 2990 quis

570 3010 961 3067 dubitaverit?
988 3010 1168 3080 Atque
1208 3007 1525 3079 huiusmodi
1563 3007 1726 3077 plane
1758 3009 2007 3065 moribus
2022 3025 2164 3082 pra;-

570 3103 747 3158 ditum
760 3101 1018 3158 lsraelem
1042 3100 1200 3156 facile
1214 3100 1339 3171 quis
1355 3100 1775 3164 animadvertat,
1790 3100 1975 3156 animo
1997 3100 2164 3155 nimi-

573 3207 696 3247 rum
714 3191 806 3247 vel
822 3191 1104 3246 intellectu
1126 3188 1474 3246 convenienti
1485 3190 1868 3256 constitutum,
1891 3190 1988 3246 sed
2006 3190 2166 3249 valde

574 3292 919 3349 renuentem,
942 3282 1078 3338 etad
1098 3281 1357 3338 ferociam
1387 3282 1885 3355 crudelitatemque
1904 3299 2161 3355 pronum.

572 3374 909 3430 Deciderunt
934 3373 1085 3429 enim
1122 3381 1341 3429 sanctos
1362 3374 1661 3445 prophetas
1682 3414 1698 3439 ,
1733 3381 1899 3445 atque
1923 3375 2063 3431 adeo
2107 3375 2165 3432 in

535 3524 548 3533 ,
574 3468 755 3537 ipsum
791 3466 1011 3522 tandem
1049 3466 1464 3522 Emmanuelem
1505 3466 1673 3537 impie
1701 3475 1957 3539 egerunt.
1998 3467 2164 3523 Leni-

562 3569 660 3615 .tas
690 3574 823 3615 vero
851 3559 1138 3630 proprium
1170 3559 1427 3615 humanae
1458 3557 1648 3615 formae
1682 3567 1766 3615 est
1795 3560 2031 3632 signum.
2062 3561 2165 3618 Mi-

572 3652 649 3706 tis
671 3659 854 3708 autem
883 3651 1241 3708 vehementer
1272 3658 1330 3706 et
1369 3666 1583 3707 summe
1610 3662 1932 3709 mansuetus
1953 3656 2037 3709 est
2061 3668 2164 3709 no-

575 3758 680 3803 vus
704 3751 764 3798 et
782 3758 880 3813 per
900 3741 1064 3798 fidem
1090 3741 1347 3812 populus.
1386 3740 1513 3796 Oris
1548 3741 1696 3796 enim
1731 3742 2002 3813 elegantia
2045 3743 2165 3799 evi-

575 3832 715 3890 dens
747 3840 1132 3905 argumentum
1172 3838 1259 3886 est
1301 3830 1694 3886 intellectualis
1728 3832 1845 3888 sive
1885 3832 2166 3889 interioris

576 3926 1032 3998 pulchritudinis;
1062 3922 1524 3995 quemadmodum
1564 3924 1621 3979 in
1653 3924 1797 3979 Esau
1821 3925 2056 3981 feritatis
2092 3925 2168 3981 si-

576 4035 744 4090 gnum
763 4036 885 4076 esse
907 4019 1147 4075 diximus
1171 4018 1453 4073 hirsutum
1487 4032 1552 4073 ac
1577 4015 1779 4072 ﬂavum
1812 4033 1954 4074 esse.
1985 4017 2163 4077 Caete-

576 4130 701 4169 rum
726 4113 947 4183 utrique
997 4127 1109 4167 una
1152 4117 1275 4166 erat
1335 4117 1530 4175 mater,
1576 4110 1840 4165 nimirum
1891 4111 2159 4169 Rebecca.

575 4204 841 4274 Adjunxit
879 4212 1062 4259 autem
1093 4200 1631 4271 sibiipsiEcclesiam
1669 4201 1933 4259 Dominus
1972 4211 2163 4259 noster

570 4295 736 4351 Jesus
756 4294 1010 4351 Christus
1031 4293 1300 4364 virginem
1326 4304 1529 4350 castam
1548 4293 1876 4365 servientem
1895 4295 2163 4366 quodam-

576 4384 742 4440 modo
778 4385 836 4439 in
868 4384 1344 4456 regenerationem
1391 4383 1740 4455 spiritualem
1775 4384 2013 4441 duorum
2057 4401 2160 4457 po-

2258 547 2454 618 νήκασι
2478 546 2646 617 λόγοι,
2667 545 2797 601 ποτὲ
2819 545 2936 617 μὲν,
2955 544 3036 599 ὅτι
3064 561 3082 596 ι
3104 543 3527 615 Ἐντῇὺπομονῇ
3549 540 3702 612 ὑμῶν
3720 544 3832 616 κτή-

2259 637 2426 692 σασθε
2459 638 2561 702 τὰς
2586 638 2766 709 ψυχὰς
2814 636 2995 709 ὑμῶν·
3024 655 3042 688 ι
3092 634 3228 689 ποτε
3254 633 3312 688 δὲ
3336 632 3403 688 αὖ
3425 649 3439 665 ο
3481 651 3501 686 ι
3540 633 3833 705 ’Υπομονῆς

2257 729 2366 800 γὰρ
2404 728 2555 803 ἔχετε
2587 731 2800 801 χρείαν,
2841 729 2929 783 ῖνα
2957 727 3018 781 τὸ
3049 726 3263 797 θέλημα
3295 724 3391 779 τοῦ
3425 722 3565 777 Θεοῦ
3589 725 3837 793 ποιησαν-

2257 821 2394 892 τες),
2442 818 2743 890 κομίσησθε
2782 817 2883 889 τὴν
2933 816 3287 886 ἐπαγγελίαν.
3312 833 3334 867 ι
3375 814 3519 886 Ὅρα
3550 813 3724 867 τοίνυν
3743 813 3838 885 τὴν

2271 912 2568 967 Ῥεϐέκκαν
2589 912 2687 982 ὀψὲ
2727 911 2824 982 μὲν
2863 909 2959 964 καὶ
2989 909 3140 981 μόλις
3165 906 3460 962 ὠδίνουσαν
3503 906 3712 976 (στεῖρα
3734 906 3837 980 7&9

2259 999 2348 1076 ἦν,
2396 1004 2772 1060 ἀποτεκοῦσαν
2812 1002 2857 1057 δ’
2890 997 2983 1057 οὖν
3019 1003 3169 1074 ὅμως
3215 1003 3282 1055 ὲκ
3325 998 3638 1073 φιλοτιμίας
3685 997 3835 1065 Θεοῦ,

2263 1097 2355 1152 καὶ
2396 1094 2461 1163 ἒξ
2500 1096 2831 1167 ἀγαπήσεως
2862 1092 3086 1158 Ἰσαὰκ,
3118 1092 3212 1146 τόν
3263 1109 3322 1146 τε
3361 1091 3535 1146 Ἠσαῦ
3579 1090 3670 1144 τὸν
3697 1107 3839 1163 πρω-

2263 1188 2505 1253 τότοκον,
2530 1188 2625 1243 καὶ
2648 1189 2810 1251 εὐθὺς
2831 1186 3063 1241 κατόπιν
3103 1186 3250 1240 ιόντα
3281 1183 3376 1237 τὸν
3414 1182 3630 1237 Ἰακώϐ.
3659 1183 3736 1235 Δι’
3767 1176 3839 1236 ὧν

2270 1276 2331 1334 εὖ
2371 1280 2517 1351 μάλα
2568 1280 2734 1334 πάλιν
2783 1280 2917 1349 ἡμῖν
2962 1275 3374 1343 ἔξεικονισθείεν
3405 1273 3473 1328 ἂν
3504 1274 3555 1327 oi
3583 1272 3678 1327 δύο
3701 1272 3838 1338 λαοὶ,

2267 1374 2296 1426 ὃ
2323 1389 2383 1425 τε
2423 1371 2658 1443 Ἰσραὴλ,
2693 1370 2790 1425 καὶ
2832 1368 3016 1440 μέντοι
3052 1368 3147 1421 καὶ
3179 1366 3239 1431 ἐξ
3266 1364 3458 1419 ἐθνῶν.
3488 1362 3598 1417 Καὶ
3630 1362 3662 1415 6
3700 1380 3847 1429 πρω-

2263 1465 2485 1528 τότοκος
2516 1463 2619 1535 μὲν
2656 1464 2685 1517 6
2734 1461 2971 1533 Ἰσραὴλ,
2995 1456 3479 1533 (πῳεισκέκληται
3503 1454 3615 1528 γὰρ
3647 1455 3737 1511 διὰ
3760 1474 3844 1508 νο-

2269 1562 2423 1628 μου)ο
2456 1558 2706 1627 δεύτερος
2728 1555 2786 1609 δὲ
2822 1554 2917 1608 καὶ
2963 1553 3080 1625 μετ’
3103 1555 3330 1616 ἐκεῖνον,
3369 1552 3400 1605 6
3444 1551 3503 1603 ἓν
3533 1549 3716 1610 πίσπει
3762 1548 3845 1601 δια

2265 1649 2524 1721 Χριστοῦ.
2561 1649 2690 1703 Ἴδοι
2720 1647 2765 1701 δ’
2784 1646 2849 1701 ἀν
2876 1662 2962 1708 τις
2982 1642 3091 1699 τῶν
3111 1643 3206 1696 δύο
3223 1642 3370 1696 λαῶν
3391 1641 3491 1712 τὴν
3528 1639 3604 1703 ὡς
3628 1641 3686 1692 tv
3708 1635 3843 1706 γνὼ-

2271 1759 2347 1815 μῃ
2389 1744 2485 1797 καὶ
2522 1742 2747 1814 τρόποις
2778 1738 3057 1809 διαφορὰν,
3080 1737 3175 1791 καὶ
3195 1735 3254 1801 ἐξ
3292 1733 3495 1797 αὐτῶν,
3529 1728 3687 1803 οἶμαι
3718 1748 3839 1795 που,

2261 1835 2370 1891 τῶν
2397 1835 2678 1906 ὀνομάτων
2704 1833 2741 1889 ἃ
2766 1829 2835 1905 ἦν
2859 1835 2917 1887 ὲν
2954 1832 3177 1902 ἀμφοῖν,
3215 1827 3312 1882 καὶ
3340 1827 3406 1880 ὲκ
3444 1828 3546 1898 τῆς
3590 1825 3703 1879 τῶν
3744 1840 3842 1878 σω-

2273 1928 2459 1999 μάτων
2514 1926 2678 1993 ίδέας,
2709 1927 2828 1997 ἦτοι
2882 1922 3247 1993 κατασκευῆς.
3301 1920 3363 1974 Ὅ
3393 1919 3493 1990 μὲν
3536 1919 3650 1989 γὰρ
3678 1915 3841 1970 Ἦσαῦ

2259 2016 2676 2088 διερμηνεῦεται
2698 2015 2865 2085 δρῦς,
2898 2013 3198 2073 τουτέστιν,
3223 2010 3439 2082 ἀπηνής
3462 2025 3519 2063 τε
3542 2007 3643 2061 καὶ
3673 2009 3843 2078 ἀκαμ-

2263 2109 2393 2173 πής.
2447 2108 2678 2180 Εἴρηται
2729 2107 2787 2160 δέ
2817 2123 2920 2161 που
2964 2104 3102 2177 πρὸς
3150 2104 3243 2157 τὸν
3296 2101 3517 2173 Ἰσραὴλ
3559 2098 3715 2171 παρὰ
3753 2097 3843 2151 τοῦ

2261 2199 2398 2253 Θεοῦ
2434 2218 2453 2252 ι
2479 2197 2738 2253 Γινώσκω
2758 2197 2868 2268 ἐγὼ
2880 2199 2962 2252 ὅτι
2992 2195 3225 2267 σκληρὸς
3254 2190 3322 2259 εἴ,
3351 2194 3444 2247 καὶ
3475 2193 3672 2264 νεῦρον
3700 2189 3842 2262 σιδη-

2266 2290 2391 2363 ροῦν
2421 2293 2451 2345 6
2475 2290 2744 2362 τράχηλὸς
2763 2307 2877 2353 σου,
2920 2290 3015 2343 καὶ
3039 2288 3101 2341 τὸ
3136 2285 3387 2359 μέτωπόν
3420 2301 3513 2338 σου
3544 2280 3833 2355 χαλκοῦν.»

2264 2381 2637 2449 Πτερνιστὴς
2677 2381 2735 2435 δὲ
2770 2380 2799 2432 6
2844 2378 3059 2443 Ἰακὼϐ,
3099 2377 3366 2441 τουτέστι,
3419 2374 3693 2446 τεχνίτης,
3733 2371 3843 2443 ἦτοι

2263 2474 2420 2543 νικᾷν
2440 2471 2613 2537 εἰδώς.
2634 2472 2887 2542 Πτερνιεῖ
2911 2470 3022 2541 γάρ
3051 2486 3134 2533 τις
3166 2468 3226 2522 ὃν
3256 2468 3321 2521 ἂν
3341 2467 3576 2537 ἡττήσῃ.
3612 2463 3758 2534 Nth
3789 2461 3842 2516 66

2263 2562 2330 2633 δὴ
2355 2562 2593 2630 πάντως,
2626 2563 2725 2633 οὐχ
2753 2565 2782 2616 6
2810 2564 2868 2614 ἐν
2885 2563 3035 2634 νόμῳ
3060 2561 3207 2624 λαὸς,
3231 2559 3346 2613 ἀλλ’
3373 2562 3402 2612 6
3432 2560 3490 2612 ὲν
3516 2555 3739 2627 Χριστῷ
3759 2554 3841 2609 διά

2265 2655 2520 2720 πίστεως,
2549 2648 2735 2708 καὶῆρα
2765 2655 2831 2708 ὲκ
2860 2655 2958 2724 τῆς
3001 2651 3275 2723 ἁμαρτίας
3300 2646 3618 2720 διαδραμὼν
3654 2646 3842 2716 ἐγκλη-

2270 2764 2437 2818 ματα,
2471 2747 2565 2801 καὶ
2595 2746 2731 2800 αὐτὸ
2754 2763 2892 2800 κατα
2901 2744 3151 2816 μϐλῦνων
3166 2742 3262 2796 τοῦ
3287 2742 3520 2796 θανάτου
3541 2741 3609 2794 τὸ
3626 2739 3838 2811 κράτος.

2266 2836 2377 2889 Καὶ
2402 2838 2432 2889 6
2466 2834 2565 2905 μὲν
2608 2832 2780 2888 Ἡσαῦ
2813 2833 3147 2906 ιιπυρρἀης
3190 2827 3260 2903 ἦν
3307 2830 3455 2895 ὅλοςο
3479 2849 3497 2883 ι
3537 2830 3844 2900 γέγραπται

2266 2926 2375 2996 γὰρ
2395 2924 2513 2989 ὡδὶ,
2553 2943 2572 2976 ι
2600 2926 2709 2978 Καὶ
2756 2923 2890 2976 ὠσεὶ
2919 2922 3055 2993 δορά
3093 2920 3296 2985 δασύς·
3319 2939 3339 2972 ι
3393 2918 3532 2991 ἀνὴρ
3566 2918 3630 2972 δι
3654 2917 3791 2981 λεῖος
3815 2915 3845 2968 6

2278 3018 2490 3073 Ἰακώϐ.
2518 3017 2754 3087 Αίνιγμα
2779 3015 2843 3086 δὴ
2885 3010 2978 3069 οὖν
3006 3017 3039 3085 ἠ
3077 3012 3380 3086 πυρῤότης,
3415 3009 3596 3080 θυμοῦ
3627 3009 3723 3063 καὶ
3748 3011 3838 3080 69-

2267 3112 2394 3183 γῆς·
2427 3111 2585 3183 εἴπερ
2638 3108 2787 3164 ἐστὶν
2844 3106 3061 3179 ἀληθῶς
3107 3106 3184 3171 ὡς
3227 3104 3458 3177 ὲρυθρδν
3507 3103 3600 3157 ἀεί
3647 3100 3846 3165 πωςτὸ

2267 3203 2468 3277 χρῶμα
2486 3205 2599 3267 τοῖς
2624 3202 2683 3256 ἐν
2710 3201 2941 3273 ὀργαῖς..
2957 3198 3341 3271 Θηριοπρεπὲς
3370 3196 3430 3250 δὲ
3470 3197 3552 3250 ὅτι
3574 3195 3642 3250 τὸ
3666 3191 3844 3248 λασιά-

2263 3312 2451 3368 τριχον
2483 3297 2579 3349 καὶ
2610 3294 2766 3359 δασὺ,
2803 3292 2922 3357 πῶς
2961 3292 3029 3346 ἂν
3074 3288 3370 3345 ὲνδοιάσειέ
3401 3304 3515 3353 τις;
3553 3286 3778 3341 Κατίδοι
3801 3283 3845 3339 δ’

2264 3386 2351 3451 ἀν,
2382 3382 2555 3457 οἶμαι,
2599 3386 2707 3449 πᾶς
2724 3401 2810 3449 τις
2830 3385 2889 3438 ὲν
2918 3386 3029 3448 τοῖς
3059 3381 3319 3444 τοιούτοις
3345 3380 3477 3434 ὅντα
3510 3379 3739 3452 τρόποις
3761 3375 3846 3429 τὸν

2277 3477 2526 3549 Ἰσραήλ*
2580 3477 2677 3531 καὶ
2713 3476 2873 3547 θυμῷ
2917 3475 3017 3547 μὲν
3061 3475 3095 3546 ἢ
3132 3472 3378 3544 λογισμῷ
3426 3472 3505 3543 τῷ
3555 3470 3848 3542 καθήκοντι

2263 3562 2656 3641 διοικούμενον·
2707 3567 3106 3623 ἀπονενευκότα
3153 3566 3211 3620 δὲ
3255 3564 3377 3618 λίαν
3442 3566 3523 3627 είς
3574 3560 3843 3632 τδ“θρασὺ

2265 3661 2361 3716 καὶ
2389 3662 2687 3733 ἀνήμερον.
2721 3659 3011 3730 Τοιγάρτοι
3035 3658 3131 3713 καὶ
3165 3655 3493 3712 ἀπεκτόνασι
3527 3655 3629 3726 μὲν
3663 3652 3844 3723 ἁγίους

2264 3755 2549 3825 προφήτας
2567 3791 2583 3815 ,
2619 3750 3046 3822 δεδυσσεϐήκασι
3070 3749 3129 3803 δὲ
3154 3749 3252 3802 καὶ
3279 3748 3360 3812 είς
3396 3747 3562 3802 αὐτὸν
3602 3748 3661 3798 ὲν
3686 3744 3849 3815 ἑσχάο-

2261 3859 2376 3903 τοις
2400 3843 2491 3896 τὸν
2527 3840 2893 3912 Ἐμμανουήλ.
2938 3840 3006 3893 Ἥ
3025 3839 3084 3893 δέ
3110 3856 3175 3907 γε
3193 3838 3426 3911 λειότης,
3457 3835 3845 3909 ἀνθρωποπρεο

2265 3933 2402 3999 ποῦς
2442 3934 2587 3997 ἰδέας
2627 3934 2856 4005 μήνυσις
2886 3933 3142 4004 ἐναργής.
3182 3931 3382 3992 Ἤπιος
3405 3927 3462 3981 δὲ
3488 3927 3725 3998 σφόδρα,
3751 3926 3843 3978 καὶ

2265 4027 2401 4081 πολὺ
2446 4027 2511 4098 δὴ
2549 4024 2667 4079 λίαν
2713 4023 2930 4096 βλέπων
2958 4019 3050 4077 ἐπὶ
3081 4021 3145 4075 τὸ
3167 4021 3397 4093 ἥμερον,
3433 4019 3463 4073 ὁ
3498 4019 3623 4083 νέος
3661 4034 3721 4070 τε
3758 4016 3847 4069 καὶ

2262 4117 2322 4173 ὲν
2346 4116 2529 4170 πίστει
2557 4116 2705 4179 λαός.
2749 4114 2815 4167 Ἦ
2844 4113 2954 4185 7&9
2983 4112 3079 4167 τοῦ
3121 4112 3391 4182 στόματος
3420 4110 3733 4179 ἀστειότης,
3768 4107 3843 4169 εἰς

2265 4207 2585 4282 παράδειξιν
2636 4207 2790 4261 ἔσται
2842 4206 2988 4277 σαφῆ
3030 4204 3126 4259 τοῦ
3159 4202 3352 4276 νοητοῦ
3402 4219 3463 4255 τε
3500 4203 3600 4256 καὶ
3648 4198 3847 4254 ῐσωθεν

2261 4301 2513 4364 κάλλους.
2537 4299 2801 4369 Καθάπερ
2832 4297 3027 4369 ἀμέλει
3063 4296 3157 4350 καὶ
3179 4297 3236 4349 ὲν
3278 4289 3478 4358 Ἠσαῦ,
3513 4289 3844 4363 ἀγριότητος

2268 4389 2409 4447 εἶναι
2450 4392 2674 4464 σημεῖον
2722 4388 3037 4461 δεδώκαμεν
3085 4387 3146 4441 τὸ
3181 4386 3314 4441 δασύ
3362 4401 3421 4438 τε
3469 4384 3567 4437 καὶ
3600 4380 3845 4455 ἐρυθρόν.

577 4477 855 4548 pulorum.
884 4475 1158 4544 Quantum
1193 4477 1343 4533 enim
1372 4478 1571 4533 attinet
1592 4477 1862 4548 ad'ipsius
1894 4478 2164 4535 adventus

2271 4484 2415 4557 Πλὴν
2444 4484 2646 4555 ἀμφοῖν
2674 4483 2854 4553 μήτηρ
2879 4476 2949 4552 ἦν
2979 4478 3099 4550 μία,
3143 4477 3446 4542 τουτέστιν,
3473 4477 3508 4547 ἡ
3555 4474 3842 4530 Ῥεϐέκκα.

575 4581 805 4639 scopum
826 4609 840 4633 ,
896 4566 1156 4621 formavit
1177 4582 1275 4622 eos
1309 4567 1365 4620 in
1405 4583 1577 4627 unum
1605 4584 1812 4623 novum
1862 4568 2165 4638 hominem,

578 4657 920 4713 constituens
957 4670 1171 4726 pacem,
1205 4661 1261 4709 et
1312 4656 1614 4710 concilians
1651 4662 1916 4724 utrosque
1956 4655 2013 4711 in
2057 4674 2169 4715 uno

578 4748 799 4819 spiritu,
847 4746 993 4802 sicut
1027 4745 1293 4815 scriptum
1330 4751 1417 4799 est
1438 4746 1501 4798 ¹¹.
1530 4744 1802 4799 Cmterum
1822 4755 1940 4801 erat
1959 4747 2171 4806 discors

577 4838 745 4894 Israel
771 4854 803 4893 a
837 4852 979 4892 novo
1001 4837 1208 4907 populo
1229 4876 1243 4900 ,
1285 4836 1560 4891 exsistens
1598 4835 1904 4893 secundum
1949 4847 2170 4911 tempus

576 4931 692 5003 98
715 4928 1135 5001 primogenitus.
1170 4927 1287 4981 Hoc
1310 4926 1485 4993 enim,
1525 4937 1587 4983 ut
1637 4928 1898 4995 arbitror,
1953 4932 2164 5005 signifi-

578 5030 668 5077 cat
689 5020 833 5076 fetus
858 5019 915 5073 in
946 5026 1106 5073 utero
1137 5017 1471 5081 subsultare,
1495 5017 1737 5074 futuram
1758 5021 2165 5091 quodammodo

580 5108 925 5164 inimicitiam
983 5105 1376 5177 significantes.
1430 5106 1586 5173 Quod
1638 5124 1772 5164 vero
1819 5114 2166 5181 praestantior

579 5205 726 5255 esset
741 5199 959 5252 futurus
980 5212 1154 5252 novus
1175 5237 1190 5262 ,
1223 5197 1507 5268 multoque
1545 5198 1902 5256 celebriorem
1936 5203 2163 5273 gloriam

581 5294 979 5344 consecuturus
1004 5301 1169 5356 quam
1193 5286 1798 5359 lsraelprimogenitus,
1834 5291 2163 5362 significavit

584 5376 771 5435 statim
794 5375 841 5430 is
866 5376 955 5430 cui
976 5377 1161 5431 omnia
1192 5383 1321 5431 sunt
1349 5378 1646 5447 explorata,
1674 5380 1748 5434 ita
1774 5379 1968 5437 dicens
2003 5399 2015 5435 :
2050 5402 2069 5434 ι
2095 5383 2165 5437 Ει

584 5465 823 5539 populus
843 5465 1106 5535 populum
1140 5467 1440 5536 superabit,
1464 5476 1520 5521 et
1544 5470 1717 5540 major
1742 5470 1948 5526 serviet
1983 5471 2164 5526 mino-

587 5559 635 5642 ri
663 5556 726 5613 ".
760 5574 779 5607 ι
805 5556 1133 5613 Praedictum
1166 5557 1314 5613 enim
1346 5567 1429 5613 est
1457 5558 1525 5613 de
1560 5560 1807 5630 utrisque
1841 5562 2162 5631 mysterium

660 5682 681 5713 '
706 5679 874 5735 Hebr.
902 5696 953 5740 x.
976 5681 1062 5735 56.

594 5751 755 5810 Bonl.
787 5767 860 5815 Ix,
890 5750 971 5805 10.

1146 5685 1187 5714 ¹⁰
1216 5683 1385 5740 Exod.
1418 5699 1490 5748 tv,
1527 5682 1614 5738 ‘22.

1699 5685 1757 5715 ‘°‘
1786 5683 1889 5739 lsa.
1917 5700 2093 5749 xu'tn,
2118 5687 2169 5741 ιι.
2253 5690 2289 5721 ¹¹
2324 5689 2459 5745 Gen.
2487 5704 2607 5750 xxv,
2634 5686 2719 5742 23.

2263 4577 2584 4649 ιῐαρὲστησε
2605 4574 2663 4627 δὲ
2687 4573 2865 4643 ἑαυτῷ
2887 4574 2986 4644 τὴν
3036 4569 3365 4642 Ἐκκλησίαν
3387 4570 3416 4622 6
3443 4567 3655 4640 Κύριος
3691 4564 3848 4638 ἡμῶν

2276 4668 2484 4741 Ἰησοῦς
2565 4665 2803 4738 Χριστὸς
2869 4664 3138 4736 παρθένον
3216 4662 3386 4732 ἁγνὴν
3464 4658 3849 4731 ὑπηρετοῦσαν

2263 4760 2453 4831 ὥσπερ
2494 4760 2573 4823 είς
2634 4757 2990 4825 ἀναγέννησιν
3030 4753 3127 4825 τὴν
3176 4751 3554 4824 πνευματικὴν
3596 4750 3710 4803 τῶν
3758 4745 3850 4799 δύο

2263 4852 2429 4906 λαῶν.
2469 4851 2634 4904 Ὅσον
2653 4847 2761 4919 γὰρ
2782 4842 2918 4919 ἧκεν
2945 4849 3026 4910 είς
3045 4847 3138 4900 τὸν
3167 4845 3269 4913 τῆς
3297 4842 3598 4914 ἐπιδημίας
3623 4838 3845 4900 σκοπὸν,

2264 4944 2478 4998 ἔκτισεν
2507 4941 2705 5005 αὐτοὺς
2732 4942 2811 5004 είς
2839 4940 2937 4993 ἕνα
2978 4937 3166 4992 καινὸν
3211 4936 3521 5006 ἄνθρωπον,
3552 4932 3731 4987 ποιῶν
3774 4930 3848 4983 εί-

2266 5035 2473 5107 ρήνην,
2522 5033 2617 5086 καὶ
2669 5030 3167 5087 ἀωκαταλλάσσων
3206 5030 3335 5092 τοὺς
3390 5025 3745 5097 ἀμφοτέρους
3790 5024 3847 5073 ὲν

2263 5127 2345 5180 ἑνὶ
2388 5124 2656 5195 πνεύματι
2716 5124 2857 5178 κατὰ
2891 5123 2952 5177 τὸ
3002 5121 3414 5193 γεγραμμένον.
3457 5117 3603 5171 Ἀλλ’
3651 5113 3721 5187 ἦν
3761 5113 3848 5178 ἐξ·

2264 5215 2414 5287 ήνιος
2452 5214 2481 5266 6
2525 5211 2742 5285 Ἰσραὴλ
2768 5212 2864 5266 καὶ
2901 5209 3231 5280 ἀσύμφωνος
3261 5209 3340 5279 τῷ
3388 5208 3497 5277 νέῳ
3526 5206 3672 5277 λαῷ,
3706 5202 3848 5257 κατὰ

2262 5304 2451 5375 χρόνον
2496 5303 2571 5356 ὢν
2598 5301 2962 5374 πρωτότοκος.
2998 5298 3159 5369 Δηλοῖ
3187 5297 3314 5368 7&9,
3331 5293 3484 5368 οἶμαι
3507 5294 3616 5350 πού
3649 5312 3722 5359 τι,
3753 5292 3845 5345 καὶ
3914 5326 3923 5335 κ

2262 5398 2325 5449 τὸ
2359 5398 2417 5450 ὲν
2447 5396 2583 5466 αὐτῇ
2614 5396 2681 5464 τῇ
2708 5392 2861 5462 νηδύϊ
2902 5392 3238 5462 ἀνασκιρτᾷν
3267 5390 3336 5445 τὰ
3364 5388 3565 5461 βρέφη,
3590 5386 3691 5457 τὴν
3734 5388 3846 5436 ἐσο-

2269 5488 2445 5559 μένην⁴
2475 5486 2663 5556 ὥσπερ
2693 5483 2891 5555 ἔχθραν
2935 5482 3398 5552 ὑποσημαίνοντα.
3432 5480 3557 5549 Ὀτι
3591 5478 3649 5531 δὲ
3693 5473 3840 5544 ἀμεί-

2266 5595 2371 5631 νων
2411 5580 2439 5630 ὀ
2475 5576 2592 5639 νέος
2634 5575 2809 5638 ἔσται,
2850 5574 2944 5627 καὶ
2982 5575 3040 5626 ἐν
3077 5573 3299 5643 εὐκλείᾳ
3335 5575 3402 5643 τῇ
3431 5567 3844 5642 προφερεστέρᾳ

2804 5689 2844 5717 ¹²
2871 5686 3070 5756 Ephes.
3101 5702 3157 5753 ιι,
3194 5686 3276 5741 16.
3357 5685 3399 5715 ¹³
3428 5683 3567 5741 Gen.
3596 5678 3846 5746 xxv,23°,
