4092 6466
259 444 338 504 l6!
1261 424 1793 483 GLAPBYBORUM
1835 422 1903 477 IN
1943 416 2245 476 GENESIM
2291 415 2419 469 LIB.
2467 413 2556 468 Ill.
3427 405 3530 462 ηδε

256 557 385 630 παρὰ
424 552 513 606 τὸν
567 545 782 621 Ἰσραὴλ
837 543 930 598 τὸν
997 545 1367 614 πρωτότοκον,
1438 541 1822 610 κατεσήμανεν

1952 537 2095 591 :tiam
2127 549 2225 605 per
2243 547 2436 588 vocem
2465 539 2784 585 sanctorum
2806 568 2819 592 ,
2847 524 3105 596 quodque
3134 521 3299 578 Israel
3351 521 3528 593 genti-

256 614 392 709 εύόῦς
421 645 448 696 6
478 614 852 702 πάνταείδὼς,
881 635 1025 688 οὓτω
1050 634 1225 702 λέγων
1245 649 1258 662 ·
1303 632 1443 685 «Καὶ
1480 631 1508 682 6
1538 630 1665 694 λαὸς
1691 629 1824 681 λαοῦ

1952 644 2036 682 ius
2065 643 2096 681 a
2120 635 2276 696 tergo
2315 622 2604 694 ponendus
2621 631 2788 684 esset,
2819 615 3175 672 multifariam
3207 614 3369 671 nobis
3385 629 3529 684 pra:-

256 734 502 808 ὑπερέξει,
555 732 656 784 καὶ
707 732 734 783 6
783 727 993 798 μείζων
1050 723 1330 778 δουλεύσει
1377 722 1454 793 τῷ
1496 721 1769 775 ἐλάσσονι.
1797 738 1819 768 ι

1952 719 2241 774 mntiatum
2279 727 2383 782 est,
2419 716 2532 770 Deo
2557 731 2672 769 rem
2709 714 2764 767 in
2788 714 2907 783 ipso
2938 712 3104 767 etiam
3150 717 3314 779 partu
3341 715 3531 761 osten-

255 801 675 899 Προεκηρύττετο
720 820 820 892 μὲν
869 819 979 890 γάρ
1027 817 1090 872 16
1125 817 1214 868 ἐπ’
1271 815 1474 886 ἀμφοῖν
1529 814 1828 885 μυστήριον

1952 812 2117 866 lente.
2159 810 2318 865 Prior
2349 810 2496 864 enim
2528 809 2587 863 in
2624 809 2802 862 lucem
2828 805 3035 876 prodiit
3062 819 3130 858 ex
3155 812 3313 858 utero
3360 801 3528 862 Esau,

255 922 332 972 καὶ
368 918 450 971 διὰ
505 913 695 984 φωνῆς
743 910 955 979 ἁγίων·
1010 908 1105 962 καὶ
1166 907 1249 960 ὅτι
1297 905 1530 960 κατόπιν
1563 905 1684 974 ἥξει
1724 902 1832 957 τῶν

1952 912 2158 958 secutus
2187 911 2372 957 autem
2411 912 2496 956 est
2527 901 2718 966 Jacob,
2745 900 2876 970 quia
2913 895 3290 968 supplantabit
3325 903 3381 948 et
3410 892 3530 946 vin-

256 1011 397 1063 ἐθνῶν
419 1011 446 1061 6
483 1005 727 1078 Ἰσραὴλ,
756 1001 1109 1072 πολυτρόπως
1141 1001 1278 1070 ἡμῖν
1309 996 1790 1068 προεπηγγελλετο
1815 1013 1829 1026 ·

1952 1006 2021 1051 :et
2061 995 2320 1061 fratrem,
2355 995 2501 1066 quod
2552 1010 2650 1064 per
2690 991 2933 1047 ealeanei
2968 991 3089 1061 ejus
3127 984 3530 1059 apprehensio-

257 1097 364 1154 θεοῦ
399 1099 452 1151 δὲ
483 1097 546 1150 16
574 1096 767 1167 χρῆμα
796 1093 893 1146 καὶ
919 1093 977 1144 ἐν
1003 1090 1154 1161 αὐτῷ
1187 1088 1266 1160 τῷ
1301 1089 1445 1159 τόκῳ
1473 1088 1834 1154 δεικνύοντος,

1952 1105 2063 1144 mem
2090 1088 2451 1160 signiﬁcatur.

259 1193 594 1266 προεξέπιπτε
645 1190 744 1261 μὲν
788 1188 888 1258 τῆς
928 1185 1121 1257 νηδύος
1160 1187 1188 1238 6
1237 1183 1431 1249 Ἡσαῦ,
1478 1185 1662 1237 εἵπετο
1705 1184 1760 1238 δὲ
1796 1186 1824 1238 6
1869 1184 2104 1252 Ἰακὼϐ,
2170 1186 2252 1239 ὅτι
2301 1185 2544 1254 πτερνιεί
2585 1184 2680 1238 καί¹
2725 1181 2940 1252 νικήσει
2987 1180 3081 1232 τὸν
3144 1177 3410 1246 ἀδελφὸν,
3443 1174 3532 1229 διὰ

255 1287 328 1340 τοῦ
355 1287 443 1356 τῆς
467 1283 712 1355 πτέρνης
740 1278 1076 1350 ἐπειλῆφθαι
1104 1276 1482 1341 καταδεικνύς.

311 1387 369 1447 γ’.
400 1379 503 1430 Ka‘t
529 1376 692 1429 ταυτί
725 1373 825 1446 μὲν
858 1371 1124 1445 εἰρήσθω,
1151 1369 1291 1441 πρὸς
1316 1369 1379 1422 τὸ
1409 1368 1586 1439 παρὸν
1627 1368 1720 1422 τοῦ
1749 1368 1836 1423 λό-

2003 1375 2056 1428 5.
2076 1374 2256 1443 Atque
2279 1372 2397 1426 haec
2429 1367 2652 1439 quidem
2704 1362 3184 1436 inpraesentiarum
3245 1359 3392 1414 dicta
3423 1357 3534 1412 sint

254 1489 332 1541 γου
371 1469 458 1531 τὰς
494 1466 766 1537 ἀφορμὰς
799 1465 909 1518 ἀπό
957 1480 1018 1516 τε
1067 1463 1168 1532 τῆς
1210 1460 1320 1513 τῶν
1381 1461 1651 1531 σωμάτων
1691 1461 1835 1524 ἰδέας

1952 1472 2154 1534 irrepta
2185 1461 2476 1517 occasione
2518 1475 2547 1512 a
2584 1471 2881 1527 corporum
2913 1455 3089 1524 figura
3115 1461 3282 1520 atque
3316 1465 3385 1504 ex
3414 1449 3535 1517 ipso

254 1565 331 1617 καὶ
354 1559 512 1614 αὐτοῦ
538 1559 636 1612 τοῦ
672 1560 834 1612 τόκου
877 1555 1272 1628 λαμϐάνοντος.
1303 1553 1415 1605 Καὶ
1445 1552 1511 1605 δι’
1537 1552 1741 1623 ἑτέρων
1776 1551 1834 1604 δὲ

1952 1567 2116 1615 ιατιυ.
2142 1559 2247 1613 Per
2278 1556 2413 1610 alias
2444 1568 2578 1608 vero
2605 1549 2968 1606 nihilominus
2997 1545 3363 1616 cogitationes
3400 1557 3537 1596 eun—

253 1656 381 1709 οόδὲν
404 1649 561 1725 ἦττον
599 1651 777 1713 ἰόντες
826 1648 1070 1712 ἐννοιῶν,
1105 1647 1239 1718 φέρε
1283 1645 1533 1716 λέγωμεν
1569 1645 1640 1709 ὡς
1667 1644 1836 1701 ἕνιτά

1952 1668 2018 1707 es
2059 1651 2127 1706 de
2162 1650 2413 1718 utrisque
2459 1644 2642 1717 quoad
2679 1645 2800 1715 ejus
2854 1640 2974 1696 ﬁeri
3025 1646 3227 1710 potest,
3263 1637 3535 1692 dicamus.

254 1751 323 1802 ἐπ’
353 1747 562 1817 ἀμφοῖν.
612 1745 874 1814 Μήνυσις
901 1742 1012 1814 γὰρ
1053 1739 1208 1793 ἔσται
1247 1738 1349 1809 τῆς
1390 1739 1654 1810 ἐκατέρου
1689 1738 1831 1807 γνώω

1952 1745 2068 1799 ηοω
2095 1743 2212 1812 ipse
2244 1740 2412 1796 etiam
2441 1753 2635 1794 eorum
2666 1737 2795 1791 vitae
2814 1733 3032 1797 modus,
3057 1731 3347 1800 utriusque
3379 1743 3536 1782 men-

257 1856 365 1910 μης,
385 1837 473 1889 καὶ
491 1831 660 1898 αὐτὸς
689 1835 718 1886 ό
745 1831 844 1886 τοῦ
875 1831 992 1903 βίου
1033 1831 1255 1902 τρόπος.
1299 1829 1566 1900 Ἰσήλικες
1598 1831 1696 1900 μὲν
1723 1829 1832 1903 γὰρ

259 1929 474 1999 ἀλλήλοιν
495 1927 542 1980 οἰ
577 1925 819 1988 νεανίαι,
854 1923 997 1994 πλὴν
1031 1922 1133 1975 οὑκ
1180 1919 1570 1991 ίσογνῶμονες,
1608 1921 1731 1973 οὐδὲ
1774 1924 1833 1974 ὲν

262 2020 444 2091 βουλαῖς
491 2014 981 2086 ἀπαραλλάκτως.
1036 2010 1095 2063 '0
1141 2009 1240 2081 μὲν
1288 2009 1398 2079 γάρ
1445 2008 1615 2060 Ἢσαῦ
1647 2007 1746 2070 τὰς
1777 2007 1836 2062 ἐν

267 2113 418 2179 ἀγροῖς
444 2108 537 2160 καὶ
572 2105 780 2177 θήραις
816 2103 1012 2172 ἠγάπα
1059 2099 1378 2171 διατριϐάςο
1411 2100 1438 2152 6
1469 2097 1525 2151 δὲ
1563 2093 1634 2170 ἦν
1671 2099 1831 2150 ἀστι-

267 2203 354 2265 κὸς,
392 2199 721 2271 εὐπρόσιτος
764 2196 1012 2268 δηλονότι
1059 2193 1155 2247 καὶ
1191 2192 1532 2256 κοινωνικὸς,
1567 2192 1664 2246 καὶ
1692 2191 1836 2261 ἀνὴρ

261 2296 497 2358 ἄπλαστος
546 2291 724 2348 οἰκῶν
774 2288 975 2343 οἰκίαν.
1017 2288 1128 2341 Καὶ
1167 2287 1197 2340 6
1255 2287 1354 2358 μὲν
1400 2285 1706 2348 ἀκάθεκτος
1756 2283 1838 2346 είς

260 2387 520 2459 ἐπιθυμίας
554 2383 862 2457 σαρκικάς,
889 2383 983 2436 καὶ
1011 2380 1120 2435 τῶν
1166 2381 1308 2449 ἄγαν
1335 2377 1740 2432 εὐτελεστάτων
1767 2375 1840 2429 τὰ

259 2480 491 2533 κάλλιστα
521 2477 638 2531 τῶν
681 2476 832 2530 ἰδίων
873 2472 1054 2546 γερῶν
1089 2473 1323 2528 κατόπιν
1356 2473 1548 2542 ὥσπερ
1579 2470 1701 2534 ἱεὶς,
1743 2469 1840 2522 καὶ

257 2573 314 2625 τὰ
336 2571 506 2643 ψυχρά
535 2588 596 2624 τε
627 2569 728 2624 καὶ
776 2567 958 2622 εὕωνα
985 2565 1096 2620 τῶν
1141 2564 1462 2634 ἀναγκαίων
1485 2560 1836 2644 ἀντωνούμε-

258 2683 349 2729 νος.
379 2665 437 2719 ΓΟ
473 2664 530 2718 δὲ
568 2663 692 2717 τῶν
739 2659 982 2732 ἀρίστων
1011 2658 1291 2730 ἄπληστος
1331 2654 1590 2728 ἐραστὴς,
1626 2654 1722 2708 καὶ
1769 2651 1839 2706 τὰ

256 2751 410 2813 δι’ὦν
443 2758 508 2812 ἂν
549 2756 777 2826 γένοιτο
826 2752 1082 2825 λαμπρὸς
1128 2749 1472 2821 πανταχόθεν
1527 2746 1836 2818 ἀναζητῶν.

267 2851 564 2924 Ἐξεπρίατο
611 2849 732 2920 γὰρ
793 2845 887 2914 τὰ,
927 2844 1271 2918 πρωτοτόκια
1326 2840 1842 2914 παραρῥιπτοῦντος

255 2944 376 2998 αύτά
413 2941 507 2996 τοῦ
550 2940 754 3007 Ἡσαῦ,
803 2938 902 2993 καὶ
950 2939 1044 2991 τὸν
1091 2936 1192 3006 τῆς
1231 2934 1471 3005 γαστρὸς
1515 2933 1679 3002 κόρον
1731 2930 1842 2985 τῶν

256 3039 385 3092 ἰδίων
411 3036 746 3107 ἀξιωμάτων
781 3030 1078 3103 ἀτημελῶς
1108 3027 1598 3100 προτετιμηκότος.
1627 3023 1844 3095 Ταύτῃ-

1941 1837 2015 1890 tis
2059 1833 2228 1889 index
2273 1832 2462 1888 fuerit.
2514 1827 2794 1885 Coaetanei
2835 1825 2987 1880 enim
3021 1824 3167 1878 inter
3209 1836 3285 1880 se
3309 1821 3541 1891 juvenes

1940 1939 2120 1992 erant,
2142 1926 2237 1983 sed
2269 1942 2382 1981 non
2415 1913 2664 1996 ejusdem
2695 1919 2866 1975 animi
2904 1926 3069 1989 atque
3119 1914 3427 1971 sententiae.
3451 1911 3539 1966 Si-

1941 2022 2164 2094 quidem
2205 2021 2351 2075 Esau
2379 2019 2438 2072 in
2475 2017 2624 2087 agris
2644 2013 2988 2076 versabatur,
3019 2019 3077 2066 et
3114 2008 3406 2064 venatione
3440 2005 3539 2058 dc-

1941 2113 2280 2169 lectabatur:
2319 2109 2411 2164 hic
2440 2123 2573 2164 vero
2605 2114 2725 2161 erat
2756 2104 3003 2159 urbanus
3027 2143 3042 2168 ,
3078 2099 3332 2172 placidus
3371 2097 3540 2152 nimi-

1943 2218 2068 2258 rum
2095 2208 2152 2256 et
2178 2198 2458 2255 societatis
2476 2195 2778 2261 studiosus,
2820 2203 2877 2249 et
2904 2193 2990 2247 vir
3031 2191 3264 2261 simplex
3287 2187 3544 2243 habitans

1944 2295 2192 2350 domum.
2238 2289 2418 2360 Atque
2458 2288 2551 2344 ille
2614 2284 2841 2356 quidem
2883 2280 3199 2337 carnalibus
3253 2275 3545 2333 desideriis

1944 2387 2168 2443 deditus
2205 2393 2346 2450 erat,
2398 2389 2455 2437 et
2495 2378 2782 2436 vilissimis
2837 2375 3008 2431 rebus
3059 2369 3545 2444 praestantissimus

1944 2498 2072 2538 suas
2092 2481 2250 2536 dotes
2285 2473 2675 2548 postponebat,
2715 2469 3024 2539 frivolaque
3055 2472 3112 2522 et
3129 2463 3312 2520 facilia
3349 2469 3544 2532 paratu

1945 2589 2073 2630 cum
2125 2573 2195 2628 iis
2246 2586 2369 2642 quae
2410 2565 2722 2623 necessaria
2760 2567 2951 2626 erant,
2990 2556 3265 2628 imprimis
3301 2569 3543 2610 commu-

1945 2667 2117 2722 tabat.
2141 2664 2243 2718 llic
2269 2675 2405 2717 vero
2428 2658 2768 2729 Optimorum
2809 2650 3143 2708 insatiabilis
3189 2655 3402 2703 amator
3427 2687 3441 2709 ,
3477 2645 3544 2700 ad

1947 2772 2012 2812 ea
2045 2771 2145 2826 per
2174 2767 2297 2824 qua:
2325 2749 2557 2806 illustris
2573 2746 2854 2809 evaderet,
2875 2757 3089 2798 summa
3114 2739 3284 2797 animi
3323 2746 3553 2793 conten—

1948 2850 2099 2904 tione
2119 2845 2455 2901 enitebatur.
2485 2841 2633 2896 Emit
2656 2839 2805 2894 enim
2838 2833 3226 2907 primogenita,
3267 2831 3547 2902 rejiciente

1946 2957 2014 2996 ea
2042 2940 2186 2994 Esau
2208 2978 2223 3004 ,
2269 2945 2326 2992 et
2355 2933 2568 2989 ventris
2613 2931 2922 2986 satietatem
2954 2925 3190 2998 propriae
3223 2939 3336 2979 sua:
3369 2921 3549 2993 digni-

1950 3033 2048 3089 tati
2075 3029 2440 3086 anteferente.
2477 3024 2689 3080 Idcirco
2711 3029 2974 3076 vocatum
2991 3026 3076 3073 est
3106 3015 3306 3071 exinde
3348 3030 3548 3069 nomen

259 3148 326 3184 τοι
346 3129 523 3183 λοιπὸν
554 3105 776 3197 ἐκλήθη
809 3123 874 3178 16
905 3123 1078 3193 ὄνομα
1109 3120 1277 3174 αὑτοῦ
1319 3117 1518 3189 Ἐδὼμ.
1567 3115 1838 3181 τουτέστι,

1952 3126 2072 3195 ejus
2100 3121 2294 3182 Edam,
2337 3120 2444 3173 hoc
2463 3125 2568 3181 est,
2598 3123 2860 3168 terrenus.
2899 3108 3132 3165 Terreni
3175 3105 3324 3162 enim
3359 3119 3548 3160 revera

257 3224 465 3295 γήϊνος.
489 3222 528 3274 Γ
531 3222 695 3292 ηΐνου
733 3217 845 3288 γάρ
875 3215 1093 3288 ἀληθῶς
1123 3213 1219 3268 καὶ
1249 3211 1678 3284 χθαμαλωτάτου
1709 3225 1842 3280 φρο-

257 3317 478 3390 νήματος
514 3314 746 3384 ἔλεγχος
787 3309 1050 3381 ἐναργὴς,
1098 3307 1160 3360 16
1213 3304 1486 3375 ἀλογῆσαι
1528 3302 1628 3373 μὲν
1683 3299 1843 3366 δόξης

257 3409 342 3480 τῆς
384 3408 610 3479 ἐνούσης
667 3402 844 3472 αὐτῷ,
884 3402 983 3454 καὶ
1029 3398 1097 3452 τὰ
1125 3397 1227 3468 τῆς
1271 3393 1527 3465 γνώσεως
1575 3390 1842 3462 πρεσϐεῖα

259 3503 369 3574 παρ’
405 3502 554 3556 οὐδὲν
587 3497 875 3552 ποιεῖσθαι
903 3491 1212 3558 παντελῶς,
1251 3485 1576 3544 ἀνθελέσθαι
1611 3485 1668 3538 δὲ
1702 3482 1840 3554 μᾶλ-

260 3592 430 3657 λονὼς
457 3590 672 3664 ἀμείνω
722 3586 820 3640 καὶ
871 3582 1318 3657 προφερεστέραν
1365 3577 1464 3649 τὴν
1510 3576 1844 3647 πρόσκαιρον

259 3685 455 3757 ἡδονὴν,
494 3686 591 3739 καὶ
624 3682 691 3736 16
734 3677 1054 3751 παραυτίκα
1084 3673 1318 3747 τερπνὸν
1350 3671 1517 3741 ψήφῳ
1544 3665 1844 3736 στεφανοῦν

259 3780 317 3849 τῇ
345 3778 634 3851 κρείττονι,
694 3775 791 3827 καὶ
830 3773 879 3824 εἰ
937 3769 1144 3839 πολλὴν
1178 3766 1293 3836 ἔχοι
1325 3769 1426 3833 τὴν
1453 3761 1684 3833 ζημίαν.
1718 3757 1844 3811 Τοι-

262 3871 434 3942 γάρτοι
465 3870 560 3923 καὶ
586 3871 618 3922 6
649 3865 946 3926 θεσπέσιος
974 3861 1216 3924 Παῦλος,
1242 3857 1444 3927 πόρνον
1474 3870 1534 3906 τε
1560 3853 1652 3906 καὶ
1686 3851 1846 3922 βέϐη-

261 3961 342 4015 λον
373 3963 460 4014 τὸν
495 3960 680 4022 οὕτως
720 3954 967 4026 αἰσχρῶς
1008 3950 1254 4007 διαῦιοῦν
1287 3945 1586 4020 ᾑρημένον,
1619 3944 1845 4006 εἰκότως

261 4053 531 4108 ἀπεκάλει.
589 4051 784 4103 Τύπον
833 4047 1024 4118 ὥσπερ
1084 4044 1207 4097 τινὰ
1247 4041 1357 4094 τῶν
1392 4041 1474 4102 εἰς
1517 4036 1678 4091 τοῦτο
1704 4052 1844 4106 φαυ-

262 4144 466 4218 λότητος
541 4140 1046 4214 κατωλισθηκότων
1112 4134 1440 4209 παρατιθεὶς
1488 4133 1581 4184 τὸν
1651 4127 1845 4194 Ἡσαῦ,

264 4237 348 4290 καὶ
361 4235 486 4304 γοῦν
496 4235 561 4289 16
576 4234 844 4306 ἀχάλινον
867 4233 947 4294 είς
964 4228 1125 4282 ὲπιθυ
1135 4227 1286 4299 μίας,
1308 4221 1581 4295 σαρκικὰς
1603 4219 1848 4290 δηλονότι

265 4331 349 4384 καί
361 4329 766 4400 γεωδεστέρας,
791 4324 1075 4396 ἐπίκλημα
1104 4321 1198 4375 καὶ
1220 4317 1440 4391 γραφὴν
1472 4316 1732 4376 ἐποιεῖτο,
1762 4309 1851 4363 λέ-

265 4437 367 4489 γων
387 4436 400 4450 ’
435 4443 453 4475 ι
494 4424 591 4494 Μή
631 4437 719 4483 τις
748 4418 950 4490 πόρνος
986 4416 1020 4485 ἣ
1048 4413 1278 4485 βέόηλος
1305 4410 1380 4473 ὡς
1413 4406 1609 4470 Ἠσαῦ,
1647 4405 1705 4469 ὃς
1730 4404 1852 4458 ἀντὶ

1947 3215 2260 3288 abjectique
2313 3210 2485 3266 animi
2535 3213 2922 3279 argumentum
2984 3208 3106 3256 erat
3153 3199 3407 3272 gloriam,
3442 3213 3549 3268 qua

1947 3308 2214 3382 praeditus
2248 3312 2392 3367 erat,
2446 3298 2814 3371 vilipendere,
2863 3303 2921 3350 et
2977 3291 3427 3365 primogenitum
3464 3289 3549 3344 di—

1946 3400 2212 3474 gnitatem
2241 3397 2401 3452 nihili
2435 3394 2638 3457 facere,
2668 3399 2724 3446 et
2763 3387 3157 3459 temporariam
3205 3383 3549 3453 voluptatem

1946 3493 2224 3564 potiorem
2280 3485 2855 3561 praestabilioremque
2899 3479 3134 3542 ducere,
3189 3475 3361 3532 etiam
3425 3489 3552 3529 cum

1946 3587 2149 3642 damno
2181 3584 2552 3652 conjunctam.
2603 3577 2818 3633 Idcirco
2860 3574 3028 3631 etiam
3085 3570 3310 3626 divinus
3351 3569 3554 3625 Paulus

1945 3679 2342 3736 fornicatorem
2370 3680 2428 3728 et
2455 3671 2747 3743 profanum
2784 3684 2914 3724 eum
2950 3666 3048 3738 qui
3078 3665 3218 3720 adeo
3248 3672 3412 3734 turpe
3434 3663 3560 3716 vltra

1947 3769 2266 3824 institutum
2313 3763 2568 3835 elegerit,
2625 3760 2830 3816 merito
2867 3759 3123 3814 vocavit:
3158 3765 3348 3828 typum
3387 3753 3555 3807 veluti

1946 3861 2244 3934 quemdam
2279 3873 2494 3921 eorum,
2527 3854 2622 3926 qui
2653 3854 2709 3908 in
2737 3853 2879 3907 hanc
2903 3849 3210 3920 nequitiam
3232 3847 3372 3918 lapsi
3402 3855 3555 3908 sunt,

1947 3963 2202 4012 statuens
2239 3952 2405 4007 Esau.
2437 3948 2551 4019 99
2585 3946 2751 4016 Atqui
2782 3945 3047 4000 ell‘renem
3073 3940 3341 4012 impetum
3375 3938 3444 3992 ad
3466 3937 3553 3991 de-

1950 4047 2154 4104 sideria
2183 4043 2422 4100 carnalia
2464 4040 2728 4095 nimirum
2757 4046 2923 4108 atque
2947 4047 3165 4093 terrena
3199 4034 3438 4096 incusat,
3471 4030 3554 4085 di-

1950 4154 2082 4194 cens
2116 4155 2128 4190 :
2165 4157 2182 4188 ι
2210 4137 2290 4191 Ne
2343 4135 2470 4206 quis
2502 4132 2806 4189 fornicator
2852 4137 2950 4185 aut
2987 4127 3252 4200 profanus
3315 4132 3377 4180 ut
3413 4123 3556 4179 Esau

1949 4231 2047 4301 qui
2100 4243 2327 4301 prepter
2393 4243 2558 4282 unam
2601 4239 2785 4280 escam
2854 4221 3110 4277 vendidit
3150 4216 3558 4290 primogenitu-

1953 4338 2073 4378 ram
2112 4322 2176 4376 ".
2222 4340 2240 4372 ι
2273 4319 2646 4386 Quamobrem
2689 4317 2736 4371 si
2771 4316 2970 4369 horum
2993 4312 3261 4383 iuvenum
3307 4309 3559 4363 moribus

1954 4428 2342 4484 comparemus
2403 4411 2648 4467 Iudaica:
2707 4408 2835 4462 vitae
2879 4405 3142 4461 tenebras
3192 4411 3250 4457 et
3309 4401 3559 4474 gentium

269 4513 508 4585 βρώσεως
535 4516 673 4586 μιᾶς
716 4510 954 4566 ἀπέδοτο
986 4509 1056 4561 τὰ
1082 4503 1431 4578 πρωτοτόκια
1453 4498 1676 4555 αὐτοῦ.»
1712 4497 1849 4551 Οὐκ-

1960 4507 2334 4566 multitudinis
2376 4505 2677 4577 puritatem
2726 4510 2894 4570 atque
2939 4495 3360 4568 ingenuitatem,
3407 4503 3558 4548 recte

268 4607 352 4660 οὖν
393 4612 506 4673 τοῖς
559 4605 676 4661 τῶν
712 4603 1015 4658 νεανίσκων
1062 4597 1288 4670 τρόποις
1326 4590 1858 4664 ἀντιπαρεξάγοντες

273 4699 496 4770 ἀκριὸῶς
530 4699 633 4753 καὶ
681 4699 782 4769 τῆς
820 4691 1124 4762 Ἰουδαϊκῆς
1173 4687 1451 4751 πολιτείας
1497 4685 1590 4740 τὸν
1644 4683 1860 4749 σκότον,

274 4794 358 4845 καὶ
386 4793 482 4862 τῆς
515 4792 578 4858 ἐξ
615 4790 788 4845 ἐθνῶν
816 4786 1057 4858 πληθύος
1092 4783 1154 4837 16
1195 4782 1488 4852 εἰλικρινὲς
1516 4779 1613 4833 καὶ
1643 4777 1860 4831 ἐλεύθε-

278 4901 382 4953 ρον,
410 4887 478 4939 τὰ
519 4884 716 4938 εἰκότα
768 4882 1040 4951 λέγωμεν.
1097 4873 1207 4930 Ἦν
1259 4876 1357 4946 μὲν
1402 4875 1511 4945 γὰρ
1557 4876 1586 4927 6
1647 4870 1865 4944 Ἰσραὴλ

275 4979 518 5049 ἄγροικός
546 4995 611 5032 τε
637 4977 731 5032 καὶ
751 4971 1130 5044 γεωδεστέραν
1151 4968 1291 5040 ἔχων
1321 4967 1421 5038 τὴν
1449 4967 1642 5038 φρένα,
1660 4963 1868 5035 γαῦρός

278 5085 330 5122 τε
353 5072 442 5125 καὶ
466 5070 859 5141 φιλοπόλεμος,
892 5066 990 5120 καὶ
1013 5062 1151 5116 πολὺ
1187 5061 1309 5114 λίαν
1351 5059 1757 5130 ἀνεπτοημένος
1791 5058 1870 5121 εἰς

284 5164 604 5232 μιαιφονίας,
645 5160 791 5215 κατὰ
833 5157 928 5210 τὸν
967 5152 1228 5225 ἄγροικόν
1273 5168 1333 5205 τε
1379 5149 1476 5204 καὶ
1522 5147 1872 5219 θηριοκτόνον

292 5252 470 5309 Ἠσαῦ.
527 5257 639 5309 Καὶ
685 5251 819 5323 γοῦν
849 5247 1191 5322 προφητικὸς
1242 5244 1344 5316 μὲν
1393 5243 1577 5308 αὐτοῖς
1623 5241 1870 5296 ἐνεκάλει

283 5345 448 5415 λόγος,
478 5349 564 5402 ότι
601 5367 620 5400 ι
658 5346 904 5415 Παγίδας
936 5342 1174 5410 ἔστησαν
1213 5336 1528 5409 διαφθεῖραι
1573 5335 1795 5407 ἄνδρας.
1843 5353 1866 5386 ι

283 5439 442 5503 Αὐτὸς
470 5441 530 5494 δὲ
573 5443 602 5494 ό
640 5437 880 5511 Χριστὸς
925 5435 1173 5505 ἐπηρᾶτο
1219 5433 1421 5501 λέγων,
1464 5431 1546 5484 ὅτι
1585 5447 1602 5480 ι
1654 5431 1874 5500 Δωρεᾰν

289 5530 519 5606 ἔκρυψάν
550 5550 639 5605 μοι
667 5529 972 5601 διαφθορὰν
1008 5527 1240 5594 παγίδος
1264 5523 1466 5588 αὐτῶν,
1505 5525 1684 5594 μάτην
1719 5521 1876 5576 ὠνεί-

288 5621 426 5676 διοαν
454 5624 554 5696 τὴν
585 5625 766 5696 ψυχήν
814 5639 941 5692 μου.
989 5619 1226 5674 Ἐλθὲτω
1257 5617 1445 5680 αὐτοῖς
1492 5615 1661 5684 παγὶς
1700 5616 1767 5686 ἣν
1813 5613 1875 5668 ού

294 5713 610 5780 γινώσκουσι
669 5715 767 5768 καὶ
815 5715 849 5781 ὴ
906 5711 1051 5784 θήρα
1100 5713 1168 5783 ἣν
1225 5709 1508 5782 ἔκρυψαν,
1563 5707 1877 5761 συλλαόέτω

394 5897 435 5928 ⁸⁸
461 5895 620 5952 Hebr.
654 5912 752 5961 xu,
792 5894 852 5948 l6
873 5938 886 5959 ,
955 5893 1092 5948 Gen.
1117 5909 1240 5956 xxv,
1269 5891 1358 5946 '55.

1477 5889 1516 5920 ”
1542 5888 1744 5943 Jerem.
1809 5903 1860 5952 v,
1897 5886 1986 5942 26.

1957 4603 2286 4660 dixerimus.
2323 4600 2458 4655 Erat
2507 4595 2658 4652 enim
2707 4593 2876 4650 Israel
2911 4588 3178 4662 agrestis,
3237 4596 3295 4642 et
3339 4594 3558 4640 terrena

1960 4705 2146 4753 mente
2193 4693 2480 4765 praeditus,
2533 4688 2938 4761 superbusque,
2989 4692 3048 4739 et
3089 4681 3448 4738 dissidiorum
3493 4694 3560 4736 ac

1961 4789 2098 4845 belli
2145 4786 2452 4851 studiosus,
2495 4791 2666 4853 atque
2729 4779 2796 4835 ad
2843 4777 3187 4833 fundendum
3237 4773 3559 4845 sanguinem

1964 4895 2176 4952 pronus
2214 4877 2472 4942 maxime,
2529 4870 2994 4946 quemadmodum
3042 4869 3286 4924 ferarum
3345 4864 3560 4920 occisor

1967 4971 2135 5026 Esau.
2153 4968 2312 5025 Unde
2331 4966 2498 5022 etiam
2519 4964 2792 5036 propheta
2807 4961 2944 5032 ipsis
2963 4959 3252 5014 inclamat:
3280 4954 3562 5024 «Laqueus

1968 5072 2280 5138 posuerunt
2331 5061 2400 5117 ad
2444 5054 2884 5128 corrumpendos
2926 5053 3078 5109 viros
3115 5053 3178 5105 ι’.
3225 5070 3243 5100 ι
3304 5047 3564 5103 Christus

1966 5173 2104 5213 vero
2129 5155 2333 5212 alicubi
2367 5154 2436 5209 de
2475 5151 2646 5224 ipsis:
2676 5168 2694 5201 ‹
2734 5147 3008 5216 Quoniam
3042 5144 3213 5217 gratis
3248 5139 3561 5198 absconde-

1968 5257 2102 5304 runt
2118 5245 2255 5301 mihi
2271 5244 2556 5300 interitum
2579 5239 2762 5310 laquei
2780 5238 2889 5302 sui,
2904 5249 3245 5308 supervacue
3261 5232 3564 5304 exprobra-

1971 5345 2106 5392 runt
2135 5336 2376 5391 animam
2405 5330 2811 5387 meam.Veniat
2833 5327 2942 5384 illis
2967 5329 3200 5398 laqueus
3229 5341 3395 5396 quem
3410 5325 3565 5397 igno-

1973 5437 2120 5495 rant,
2143 5437 2259 5483 rete
2284 5425 2436 5497 quod
2477 5423 2893 5482 absconderant
2919 5418 3303 5492 apprehendat
3334 5431 3431 5472 eos
3459 5417 3555 5470 ⁸⁸.»

1975 5521 2247 5577 Miserum
2268 5518 2416 5574 enim
2442 5516 2709 5588 quosdam
2743 5514 3170 5575 Pharisaeorum,
3195 5525 3321 5566 cum
3360 5509 3427 5562 iis
3467 5507 3562 5576 qui

1972 5621 2243 5671 vocantur
2281 5610 2611 5676 llerodiani;
2659 5609 2718 5664 hi
2750 5623 2886 5664 vero
2922 5614 3056 5662 sunt
3087 5604 3422 5659 tributorum
3467 5613 3562 5652 co—

1975 5717 2211 5772 actores,
2232 5713 2508 5761 tentantes
2524 5719 2586 5759 ac
2602 5703 2849 5759 dicentes
2869 5719 2881 5757 :
2904 5699 2990 5756 «Si
3005 5699 3134 5755 licet
3149 5695 3419 5751 tributum
3435 5691 3567 5748 dam

2105 5886 2147 5917 “
2166 5877 2307 5939 Psal.
2329 5898 2522 5948 umv,
2554 5879 2668 5946 7,8.
