4092 6470
575 407 676 462 165

1616 405 1670 458 S.
1712 401 1985 458 CYRILLI
2017 395 2487 456 ALEXANDRINI
2527 393 2840 449 ARCIIIEP.

3734 393 3826 447 164

573 520 776 576 Caesari
804 521 844 550 ³⁷
867 521 914 572 Τ»
953 520 1142 574 Nonne
1175 519 1338 590 igitur
1359 529 1587 573 venator
1625 534 1818 572 revera
1849 526 1934 571 est
1958 516 2143 571 Israel.

2252 509 2468 573 αὐτούς.
2497 528 2515 560 ι
2545 510 2884 578 ’Πεπόμφασι
2915 505 3022 577 γὰρ
3053 506 3161 558 τῷν
3187 505 3496 576 ⁴Ιταρισαίων
3523 503 3669 567 τινὰς
3700 510 3826 576 μετὰ

573 611 758 666 Novus
790 619 972 665 autem
1021 627 1118 681 per
1157 610 1316 664 ﬁdem
1369 610 1636 679 populus,
1692 608 2155 679 quemadmodum

574 702 795 758 divinus
818 703 1007 766 Jacob,
1029 703 1272 757 urbanus
1297 711 1352 756 et
1372 701 1730 757 domesticam
1753 702 1919 756 vitam
1945 716 2154 762 amans,

573 793 692 847 ιιιὶιί
713 810 775 848 ac
812 795 1002 849 sedato
1029 795 1235 860 animo,
1292 795 1543 864 simplex,
1588 795 1928 864 minimeque
1969 809 2160 848 versu-

573 895 728 947 tus,c
770 885 1021 940 habitans
1038 887 1283 950 domum,
1314 907 1330 937 ι
1366 895 1425 940 ut
1475 886 1737 956 scriptum
1789 897 1872 940 est
1901 887 1962 938 “'.
2018 886 2157 939 Vere

570 978 716 1030 enim
750 977 856 1030 dici
885 986 1084 1047 potest,
1109 979 1254 1048 quod
1285 994 1498 1043 eorum,
1521 979 1614 1047 qui
1637 995 1733 1048 per
1763 978 1923 1032 fidem
1949 975 2155 1047 justifi-

569 1065 675 1118 cati
705 1073 850 1129 sunt,
877 1067 1318 1121 mansuetissima
1345 1068 1659 1128 multitudo,
1686 1068 1962 1122 civitatem
1988 1067 2156 1120 veluti

568 1156 861 1230 quamdam
891 1159 1233 1226 splendidam
1268 1161 1582 1230 optimaque
1607 1160 1796 1230 politia
1830 1161 2155 1214 instructam

570 1248 858 1301 constituit
888 1248 1204 1312 Ecclesiam,
1237 1250 1710 1319 firmissimamque
1739 1250 1983 1312 domum,
2009 1264 2156 1316 qua:-

567 1353 673 1405 que
700 1355 730 1391 a
757 1339 1098 1394 tentantibus
1113 1341 1358 1394 subverti
1377 1358 1484 1394 non
1506 1342 1695 1410 possit,
1727 1343 1893 1395 vitam
1919 1340 1973 1394 in
1992 1339 2154 1396 Chri-

567 1437 652 1482 sto
674 1431 922 1498 perfecit.
969 1432 1046 1485 Ac
1084 1433 1316 1502 simplex
1356 1433 1581 1502 quidem
1625 1433 1758 1502 ipsis
1789 1441 1872 1486 est
1895 1447 2070 1495 mens,
2098 1438 2155 1485 et

571 1521 640 1574 ab
674 1523 822 1576 omni
845 1525 1166 1593 duplicitate
1188 1525 1385 1579 aliena.
1411 1524 1674 1580 Odiosum
1704 1525 1850 1580 enim
1875 1525 1942 1580 iis
1962 1523 2155 1594 praeci-

568 1629 675 1681 pue
702 1625 785 1669 est
818 1614 1063 1669 lictiliam
1093 1625 1352 1679 mentem,
1378 1632 1441 1670 ac
1459 1617 1744 1671 simulatos
1763 1631 1944 1671 mores
1965 1631 2076 1686 prae
2095 1631 2155 1670 se

567 1706 734 1769 ferre,
755 1706 823 1759 de
855 1707 1060 1776 quibus
1080 1708 1299 1762 divinus
1333 1709 1504 1762 David
1533 1709 1736 1764 alicubi
1764 1709 1838 1764 ita
1861 1709 2107 1778 loquitur
2135 1725 2150 1764 :

576 1817 594 1847 ‹
640 1799 906 1853 Dominus
947 1801 1196 1856 habitare
1239 1803 1402 1856 faciet
1431 1802 1722 1857 unanimes
1750 1802 1807 1856 in
1840 1802 2004 1856 domo
2029 1803 2088 1855 ".
2124 1819 2142 1854 ι

2257 603 2367 656 τῶν
2410 601 2760 671 καλουμένων
2801 599 3144 670 Ἠρωδιανῶν
3178 599 3525 669 (δασμολόγοι
3549 599 3607 652 δέ
3644 593 3825 670 οὗτοι),

2259 691 2611 764 πειράζοντες
2643 692 2736 744 καὶ
2763 690 3010 759 λέγοντες
3029 706 3040 716 ·
3082 690 3173 740 «Ei
3204 689 3378 752 ἔξεστι
3409 689 3608 760 φόρους
3651 688 3828 743 δοῦναι

2264 786 2528 854 Καίσαρι,
2563 785 2594 853 ἣ
2636 782 2732 847 ob;
2768 802 2785 834 ι
2816 781 3097 853 Θηρευτὴς
3125 777 3218 834 οὖν
3252 782 3359 852 ἄρα
3385 781 3480 833 καὶ
3513 783 3541 833 ό
3579 781 3790 851 Ἰσραήλ
3813 823 3824 836 .

2269 879 2328 929 Ὀ
2353 877 2408 930 δέ
2438 894 2495 931 τε
2527 877 2646 939 νέος
2679 876 2773 929 καὶ
2807 876 2864 927 ἐν
2879 874 3057 928 πίστει
3083 873 3230 938 λαὸς,
3263 873 3403 927 κατὰ
3427 871 3517 926 τὸν
3552 871 3827 926 Θεσπέσιον

2270 967 2486 1030 Ἰακὼϐ,
2525 966 2744 1029 ἀστικὸς
2779 965 2873 1018 καὶ
2907 964 3200 1034 φιλέστιος,
3229 964 3405 1032 πρᾶος
3446 963 3540 1016 καὶ
3570 961 3829 1032 καθεστη-

2258 1058 2390 1121 κὼς,
2423 1057 2628 1117 ἁπλοῦς
2649 1056 2744 1109 καὶ
2773 1056 3141 1126 ἀκάκουργος,
3165 1072 3185 1105 ι
3217 1052 3383 1106 οίκῶν
3412 1052 3610 1117 οἰκίαν,
3642 1070 3660 1103 ι
3696 1053 3828 1106 κατὰ

2256 1152 2316 1204 τὸ
2365 1149 2772 1221 γεγραμμένον.
2844 1147 3066 1218 Ἀληθές
3102 1145 3212 1217 γὰρ
3263 1147 3458 1209 εἰπεῖν,
3487 1145 3567 1197 ὅτι
3623 1143 3729 1196 τῶν
3775 1145 3829 1196 ἐν

2258 1243 2438 1294 πίστει
2487 1239 2922 1310 δεδικαιωμένων
2964 1241 2996 1309 ἡ
3040 1238 3321 1309 πραοτάτη
3376 1236 3624 1307 πληθὺς,
3681 1237 3828 1290 πόλιν

2257 1333 2446 1404 ὥσπερ
2471 1334 2592 1387 τινὰ
2619 1332 2877 1404 λαμπρὰν
2908 1333 3004 1385 καὶ
3037 1329 3442 1400 εὐνομουμένην
3478 1328 3830 1399 ἀπεγράψατο

2255 1428 2356 1500 τὴν
2416 1427 2767 1498 Ἐκκλησίαν,
2820 1425 2914 1478 καὶ
2946 1419 3092 1478 οἷκον
3139 1421 3550 1494 ἐρηρεισμένον,
3587 1421 3682 1479 καὶ
3723 1423 3830 1483 τοῖς

2257 1519 2612 1592 πειράζουσιν
2650 1518 3070 1583 ἁκατάσειστον,
3094 1516 3192 1587 τὴν
3227 1517 3284 1568 tv
3316 1513 3535 1585 Χριστῷ
3561 1512 3829 1566 πολιτείαν

2255 1613 2350 1666 κα)⁸
2381 1610 2524 1681 ζωὴν
2551 1610 2869 1680 ἐποιήσατο.
2898 1607 3008 1660 Καὶ
3037 1606 3242 1669 ἁπλοῦς
3273 1608 3371 1676 μὲν
3407 1607 3592 1668 αὐτοῖς
3624 1605 3652 1654 ὁ
3691 1604 3826 1666 νοῦς,

2256 1703 2351 1756 καὶ
2378 1702 2709 1774 δυστροπίας
2755 1700 2973 1768 ἁπάσης
3003 1699 3440 1769 ἀπηλλαγμένος.
3489 1696 3830 1768 Ἀπηχθημέο

2257 1813 2348 1850 νον
2396 1796 2453 1848 δὲ
2493 1795 2700 1866 σφόδρα
2731 1793 3031 1858 ποιοῦνται,
3068 1793 3127 1846 τὸ
3175 1793 3249 1855 ὡς
3294 1793 3351 1844 ἐν
3394 1789 3590 1862 γνώμῃ
3639 1807 3700 1843 τε
3741 1791 3830 1844 καὶ

569 1891 854 1945 Unanimis
892 1893 1038 1946 enim
1065 1903 1150 1948 est
1179 1895 1408 1963 simplex
1434 1895 1490 1948 in
1520 1895 1742 1950 Christo
1772 1895 1866 1965 qui
1906 1897 2071 1950 etiam
2096 1895 2147 1949 in

2255 1888 2475 1960 τρόποις
2493 1886 2800 1939 πεπλᾶσθαι
2830 1887 3028 1939 δοκεῖν.
3055 1883 3162 1937 Καὶ
3185 1885 3314 1954 περὶ
3347 1883 3527 1935 αὐτῶν
3555 1881 3709 1952 οἶμαί
3731 1899 3827 1935 που

567 1982 730 2034 domo
757 1982 988 2046 habitat,
1019 1985 1347 2040 inclamante
1374 1987 1560 2040 Israeli
1584 1987 1823 2056 quodam
1853 2003 1920 2042 ex
1951 1986 2152 2042 sanctis

564 2073 849 2142 prophetis
885 2091 898 2128 :
941 2094 959 2125 ι
1008 2075 1066 2129 In
1103 2077 1457 2132 multitudine
1494 2078 1710 2131 viarum
1742 2085 1958 2132 tuarum
2003 2078 2153 2132 labo—

567 2166 698 2220 rasti
727 2167 793 2219 ²⁰.
837 2186 854 2217 ι
881 2167 1142 2223 Habitant
1182 2170 1349 2240 igitur
1373 2171 1470 2241 qui
1517 2172 1572 2226 in
1607 2172 1846 2236 Christo,
1892 2179 2150 2241 tanquam

565 2257 791 2312 domum
843 2259 898 2314 in
956 2262 1160 2330 pietate
1214 2272 1272 2317 et
1323 2265 1684 2319 sanctimonia
1737 2265 1933 2329 vitam;
1985 2279 2150 2332 quam

566 2349 789 2418 quidem
813 2351 983 2405 veluti
1024 2367 1283 2406 coronam
1323 2355 1616 2424 quamdam
1641 2356 1758 2410 suis
1787 2355 2032 2424 ipsorum
2058 2370 2150 2408 ca-

567 2441 774 2510 pitibus
802 2443 1111 2512 imponunt,
1138 2460 1201 2498 ac
1224 2461 1323 2516 pro
1361 2461 1575 2500 summa
1612 2447 1876 2502 felicitate
1918 2447 2147 2502 ducunt.

566 2535 774 2589 Idcirco
819 2536 1076 2606 inquiunt
1119 2539 1353 2595 subinde
1395 2541 1661 2610 quidem:
1700 2561 1717 2594 ι
1748 2541 1987 2597 Laetatus
2027 2557 2150 2595 sum

565 2624 620 2677 in
649 2624 736 2678 his
761 2641 882 2694 quae
915 2626 1061 2681 dicta
1099 2638 1226 2682 sunt
1247 2629 1402 2694 mihi,
1443 2631 1503 2684 In
1529 2631 1753 2685 domum
1789 2630 2003 2686 Domini
2043 2631 2150 2684 ibi-

565 2717 780 2782 mus“;
815 2735 833 2768 ι
871 2718 1102 2773 subinde
1133 2735 1264 2774 vero
1293 2737 1306 2774 :
1346 2739 1364 2772 ‹
1401 2721 1576 2777 Unam
1607 2723 1765 2793 100
1799 2723 1939 2792 petii
1977 2738 2008 2776 a
2048 2723 2154 2777 Do-

475 2820 478 2822 '
564 2809 736 2875 mino,
763 2811 902 2865 hanc
927 2812 1200 2880 requiram
1226 2814 1292 2868 “.
1326 2832 1344 2864 ι
1383 2813 1656 2880 Quidnam
1677 2823 1862 2870 autem
1889 2814 2072 2886 petit?
2095 2823 2151 2870 et

563 2899 711 2968 quod
739 2917 905 2954 unum
941 2901 1268 2957 beneﬁcium
1306 2906 1632 2974 exspectat?
1663 2924 1680 2956 ‹
1724 2905 1794 2961 Ut
1822 2906 2065 2963 habitem
2093 2908 2150 2962 in

563 2991 728 3047 domo
771 2993 1009 3059 Domini,
1049 2994 1262 3064 inquit,
1293 2996 1552 3051 omnibus
1597 2997 1794 3053 diebus
1831 2998 1958 3054 vitae
1990 3015 2146 3066 meae,

562 3093 624 3138 ut
655 3085 867 3140 videam
891 3088 1226 3157 voluptatem
1266 3089 1504 3154 Domini,
1527 3099 1584 3145 et
1624 3089 1843 3145 visitem
1881 3093 2147 3162 templum

562 3184 815 3230 sanctum
839 3178 958 3247 ejus
980 3178 1042 3231 ".
1079 3197 1097 3228 ι
1147 3178 1320 3234 Audis
1368 3195 1478 3249 quo
1537 3190 1696 3250 pacto
1736 3182 1905 3237 instar
1946 3183 2147 3238 summi

567 3266 820 3321 beneﬁcii
848 3268 1011 3322 ducat
1049 3269 1298 3324 habitare
1340 3271 1394 3324 in
1433 3271 1597 3325 domo
1629 3273 1870 3338 Domini,
1897 3275 2035 3328 etin
2061 3275 2148 3329 di-

564 3356 694 3410 vina
709 3356 832 3410 aula
855 3358 1065 3412 versari
1088 3359 1110 3411 ?
1144 3359 1421 3414 Ilabitatio
1445 3369 1628 3415 autem
1657 3362 1775 3416 haec
1799 3377 1911 3416 non
1937 3372 2022 3418 est
2063 3365 2148 3418 in-

563 3448 853 3518 telligenda
877 3449 1194 3518 corporalis,
1220 3450 1317 3506 sed
1341 3452 1396 3505 in
1421 3451 1720 3508 stabilitate
1743 3455 1942 3508 mentis
1965 3463 2020 3509 et
2047 3455 2151 3525 pia:

561 3539 714 3594 vitaz.
762 3539 1033 3595 Ca:terum
1065 3561 1083 3592 ι
1120 3542 1332 3608 dilexit,
1376 3543 1576 3614 inquit,
1619 3544 1768 3599 Isaac
1812 3546 1978 3611 Esau,
2021 3547 2151 3616 quia

561 3632 784 3686 venatio
826 3633 946 3703 ejus
975 3634 1133 3690 cibus
1179 3636 1230 3690 ei
1278 3645 1398 3690 erat
1419 3638 1485 3691 ".
1511 3657 1529 3689 ι
1561 3638 1768 3708 Dignus
1818 3637 2039 3693 habitus
2066 3647 2151 3695 est

561 3721 752 3775 divino
779 3738 966 3778 amore
995 3724 1395 3796 primogenitus
1417 3727 1602 3792 Israel,
1638 3727 1766 3798 quia
1791 3728 1980 3798 legalis
2023 3729 2151 3784 vita:

560 3813 954 3884 perfectionem
987 3817 1334 3887 laboresque,
1359 3817 1452 3887 qui
1483 3818 1550 3872 ad
1574 3819 1679 3873 hoc
1703 3819 2032 3886 subeuntur,
2051 3836 2148 3876 ve-

560 3907 661 3960 luti
704 3907 888 3962 cibum
931 3909 1225 3978 quemdam
1278 3910 1480 3965 obtulit
1521 3911 1654 3965 Deo.
1709 3911 1954 3967 Fuerunt
1998 3913 2147 3968 enim

559 3996 726 4050 etiam
756 3998 930 4052 sancti
953 3999 1008 4053 in
1035 3999 1224 4062 lsrael,
1251 4000 1436 4070 piique
1472 4008 1528 4056 et
1550 4001 1762 4055 strenui
1784 4002 1920 4071 legis
1951 4002 2146 4057 obser-

561 4094 798 4139 vatores.
824 4085 1037 4142 Idcirco
1074 4088 1344 4158 propheta
1370 4087 1539 4144 Isaias
1580 4088 1746 4145 deﬂet
1773 4091 1946 4146 veluti
1970 4089 2146 4146 fomi-

558 4186 734 4232 catam
777 4179 1103 4235 Jerusalem.
1144 4181 1288 4235 Dicit
1323 4189 1505 4236 autem
1547 4182 1695 4252 quod
1747 4201 1768 4234 ι
1792 4183 2006 4254 jnstitia
2048 4183 2148 4239 ali-

557 4271 780 4342 quando
805 4273 1061 4328 recubuit
1086 4271 1142 4328 in
1165 4288 1232 4327 ea
1255 4275 1321 4338 ³⁵,
1356 4294 1373 4325 ι
1411 4275 1519 4329 hoc
1554 4285 1662 4338 est,
1688 4277 1964 4346 requievit
1981 4283 2037 4332 et
2063 4277 2147 4332 di-

550 4371 774 4419 versata
799 4372 902 4430 est,
932 4365 1058 4420 ideo
1086 4365 1232 4435 quod
1255 4365 1310 4419 in
1341 4381 1406 4420 ea
1432 4367 1588 4422 multi
1611 4367 1925 4424 exstiterint
1956 4367 2146 4438 legalis

559 4448 682 4503 vitae
737 4451 909 4520 gloria
951 4453 1214 4509 illustres.
1264 4454 1396 4509 Erat
1449 4456 1619 4527 igitur
1649 4457 1706 4512 in
1735 4457 1947 4512 honore
1997 4455 2144 4526 apud

2251 1980 2346 2033 τὸν
2398 1979 2690 2032 Θεσπέσιον
2749 1978 2915 2047 φάναι
2971 1975 3170 2028 Δαϐίδο
3211 1995 3229 2026 ι
3270 1973 3475 2044 Κύριος
3535 1974 3829 2038 κατοικίζει

2257 2071 2624 2143 μονοτρόπους
2658 2071 2716 2124 ἐν
2743 2071 2898 2140 οἴκῳ.
2934 2087 2952 2120 ι
2983 2069 3328 2140 Μονότροπος
3354 2067 3463 2136 γὰρ
3495 2068 3524 2120 ὁ
3553 2065 3756 2130 ἁπλοῦς
3777 2069 3830 2120 ἐν

2252 2163 2494 2235 Χριστῷ,
2543 2163 2602 2226 ὃς
2645 2163 2740 2216 καὶ
2779 2163 2836 2215 ἐν
2887 2162 3021 2231 οῖκῳ
3071 2160 3462 2224 κατοικίζεται.
3508 2157 3707 2210 Καίτοι
3758 2156 3830 2228 τῷ

2266 2255 2481 2328 Ἰσραὴλ
2525 2253 2928 2322 ἐπιφωνοῦντός
2965 2269 3110 2315 τινος
3149 2251 3257 2305 τῶν
3296 2250 3466 2319 ἁγίων
3514 2249 3828 2320 προφητῶν,

2252 2351 2335 2404 ὅτι
2380 2368 2398 2400 ι
2450 2350 2582 2411 Ταῖς
2631 2347 2940 2410 πολυοδξαις
2998 2362 3092 2398 σου
3155 2343 3475 2408 ἐκοπίασας.
3537 2361 3556 2395 ι
3631 2343 3829 2397 Οὐκοῦν

2251 2443 2624 2506 ἐναυλίζονται
2677 2441 2777 2511 μὲν
2811 2442 2859 2492 οἱ
2900 2441 2958 2492 ἐν
3002 2439 3246 2509 Χριστῷ,
3289 2437 3542 2509 καθάπερ
3578 2439 3660 2500 είς
3691 2432 3826 2490 οἷκον

2250 2534 2350 2606 τὴν
2378 2536 2434 2587 ἐν
2473 2533 2715 2604 ὁσιότητι
2750 2531 2842 2585 καὶ
2892 2529 3152 2600 ἁγιασμῷ
3191 2528 3469 2583 πολιτείαν
3519 2530 3620 2582 καὶ
3667 2529 3825 2599 ζωήν.

2250 2627 2416 2680 Αὐτοὶ
2443 2625 2501 2678 δέ
2529 2626 2591 2678 τὸ
2621 2626 2812 2696 χρῆμα
2836 2627 2956 2688 ταῖς
2985 2623 3135 2692 σφῶν
3163 2622 3425 2692 κεφαλαῖς
3441 2617 3530 2676 οἷά
3564 2641 3689 2676 τινα
3717 2623 3826 2676 στέ-

2253 2733 2421 2786 φανον
2460 2715 2862 2777 ἀναπλέκοντες
2897 2714 3078 2768 ἁλοῖεν
3107 2713 3195 2776 ἂν,
3237 2714 3332 2766 καὶ
3370 2714 3476 2784 μὴν
3504 2713 3601 2767 καὶ
3636 2714 3828 2783 εὐημε-

2255 2811 2377 2882 ρίας
2419 2810 2903 2879 καταλογιζόμενοι
2935 2809 3159 2878 τρόπον.
3189 2807 3459 2878 Ταύτῃτοί
3487 2825 3660 2877 φασι,
3707 2807 3827 2860 ποτὲ

2254 2903 2374 2975 μὲν,
2394 2905 2478 2957 ὅτι
2505 2923 2524 2955 ι
2549 2902 2882 2973 Ηύφρὰνθην
2916 2902 3010 2955 ἐπὶ
3029 2903 3142 2963 τοῖς
3167 2901 3414 2971 είρηκόσι
3443 2917 3552 2970 μοι·
3577 2901 3668 2963 lii;
3690 2895 3828 2952 οἷκον

2254 2996 2462 3067 Κυρίου
2500 2993 2950 3066 πορευσώμεθα·ι
2988 2992 3117 3046 ποτὲ
3152 2993 3208 3045 δὲ
3248 2989 3335 3056 αὖ,
3375 3012 3393 3044 ι
3435 2991 3584 3046 Μίαν
3629 2992 3828 3064 ᾐτησά-

2253 3104 2363 3158 μην
2399 3087 2553 3158 παρὰ
2585 3086 2813 3158 Κυρίου,
2857 3085 3063 3155 ταύτην
3099 3083 3341 3156 ζητήσω.
3383 3103 3402 3136 ι
3439 3085 3548 3137 Καὶ
3582 3085 3636 3138 τί
3663 3084 3722 3137 τὸ
3749 3083 3822 3136 αῖ·

2250 3195 2440 3249 τημα;
2472 3179 2599 3230 ποία
2625 3178 2682 3230 δέ
2718 3177 2810 3232 καὶ
2844 3178 2877 3247 ὴ
2936 3176 3033 3246 μία
3064 3175 3254 3246 χάρι;;
3293 3192 3313 3226 ι
3355 3173 3428 3226 Τὸ
3458 3177 3738 3227 κατοικεῖν
3767 3188 3827 3242 με

2251 3270 2310 3323 ἐν
2336 3269 2470 3336 οἴκῳ
2503 3269 2730 3340 Κυρίου,
2772 3268 2928 3339 φησὶ,
2961 3269 3142 3330 πάσας
3167 3266 3267 3328 τὰς
3294 3265 3507 3337 ἡμέρας
3548 3266 3655 3336 τῆς
3691 3263 3830 3335 ζωῆς

2254 3377 2381 3432 μου,
2426 3359 2520 3413 τοῦ
2557 3360 2782 3431 θεωρεῖν
2813 3375 2880 3430 με
2927 3357 3027 3428 τὴν
3069 3357 3412 3428 τερπνότητα
3453 3357 3687 3427 Κυρίου,
3741 3355 3830 3408 καὶ

2251 3450 2677 3506 ἐπισκέπτεσθαι
2707 3450 2800 3504 τὸν
2825 3450 2953 3504 ναδν
2981 3449 3074 3502 τὸν
3110 3450 3267 3516 ἆγιον
3293 3448 3479 3502 αὐτοῦ.
3529 3467 3548 3500 ι
3600 3447 3829 3510 ’Δκούεις

2249 3543 2399 3607 ὅπως
2427 3543 2484 3596 ἐν
2512 3542 2661 3608 τάξει
2693 3543 2914 3614 χάριτος
2943 3543 3207 3613 λαμπρᾶς
3235 3541 3330 3595 καὶ
3353 3539 3704 3613 ἐξῃρημένης
3737 3555 3828 3593 κα-

2247 3635 2598 3704 ταλογεῖσθαί
2629 3651 2762 3705 φησι
2793 3634 2855 3687 τὸ
2886 3637 3162 3701 κατοικεῖν
3190 3635 3249 3687 ἐν
3275 3635 3410 3704 οἴκῳ
3439 3632 3601 3699 Θεοῦ,
3638 3633 3729 3686 καὶ
3774 3633 3827 3685 ἐν

2249 3727 2439 3790 αὐλαῖς
2460 3730 2580 3789 ταῖς
2607 3726 2778 3790 θείαις
2803 3725 3076 3780 ποιεῖσθαι
3105 3725 3202 3789 τὰς
3233 3725 3556 3796 διατρισάςς
3591 3726 3655 3779 Ἦ
3679 3724 3737 3778 δέ
3767 3739 3827 3792 γε

2248 3820 2463 3889 οῖκησις
2505 3819 2568 3871 οὐ
2608 3818 2894 3889 σωματικὴ
2931 3820 3126 3883 ,νοοῖτο
3176 3818 3221 3870 δ’
3274 3818 3342 3871 ἂν
3394 3817 3598 3887 μᾶλλον
3652 3815 3729 3879 ὼς
3772 3815 3828 3869 ἐν

2249 3910 2554 3981 ἑδραιότητι
2566 3909 2790 3982 γνώμης
2805 3913 2898 3962 καὶ
2910 3909 3164 3981 ἐναρέτου
3181 3909 3348 3979 ζωῆς.
3367 3908 3534 3975 ’Δλλ’,
3550 3928 3568 3960 ι
3594 3909 3824 3977 Ἦγάπα,

2249 4003 2437 4073 φησὶν,
2472 4004 2500 4056 ὁ
2529 4002 2718 4056 Ἰσαὰκ
2740 4002 2834 4055 τὸν
2863 4001 3060 4068 Ἡσαῦ,
3079 4003 3162 4056 ὅτι
3187 4003 3220 4073 ή
3249 4001 3394 4072 Θήρα
3423 4001 3593 4054 αὐτοῦ
3629 3999 3826 4072 βρῶσις

2250 4091 2421 4164 αὐτῷ.
2445 4111 2466 4145 ι
2490 4091 2718 4156 Ἠξίωτο
2742 4093 2851 4163 γὰρ
2883 4091 3105 4163 ἀγάπης
3127 4091 3226 4162 τῆς
3259 4090 3466 4145 ἄνωθεν
3498 4093 3528 4146 ὁ
3559 4089 3826 4163 πρωτότο-

2247 4202 2342 4250 κος
2377 4183 2616 4256 Ἰσραὴλ,
2643 4185 2727 4238 ὅτι
2757 4183 2857 4255 τῆς
2877 4185 2935 4237 ἐν
2953 4183 3105 4255 νόμῳ
3125 4183 3401 4246 πολιτείας
3424 4183 3527 4252 τὴν
3553 4179 3826 4253 κατόρθω·

2248 4292 2354 4342 σιν,
2396 4274 2492 4328 καὶ
2520 4275 2648 4337 τοὺς
2675 4274 2768 4346 ἐπὶ
2810 4273 2947 4344 τῷδε
2983 4273 3202 4341 πόνους,
3240 4273 3447 4345 τροφὴν
3472 4272 3664 4344 ὥσπερ
3711 4270 3826 4324 τινὰ

2246 4365 2613 4438 προσεκόμιζε
2657 4363 2737 4436 τῷ
2779 4364 2919 4435 Θεῷ.
2964 4365 3224 4433 Γεγόνασι
3271 4365 3381 4435 γὰρ
3433 4366 3583 4434 ἅγιοι
3630 4365 3726 4418 καὶ
3770 4363 3825 4414 ἐν

2258 4457 2495 4528 Ἰσραὴλ,
2527 4455 2766 4526 φιλόθεοι
2796 4472 2856 4508 τε
2899 4455 2992 4508 καὶ
3023 4455 3420 4526 νομοφύλακες.
3472 4455 3587 4509 Καὶ
3644 4453 3771 4524 γοῦν
3795 4455 3824 4506 ὁ

555 4542 726 4596 Deum
752 4544 1151 4615 primogenitus
1175 4547 1341 4602 Israel
1364 4587 1379 4612 ,
1425 4557 1684 4604 caeterum
1723 4563 1834 4603 non
1871 4557 2142 4619 perpetuo

2251 4549 2531 4619 προφήτης
2573 4547 2805 4610 Ἡσαΐας
2830 4545 3116 4611 ἐταλάνιζε
3141 4545 3242 4617 μὲν
3269 4545 3345 4610 ὡς
3376 4545 3824 4617 πεπορνευμένην

555 4639 904 4692 conservavit
937 4639 1206 4695 honorem
1233 4641 1684 4711 primogenitum
1705 4640 1809 4710 ipsi
1853 4641 2142 4697 tributum.

553 4726 732 4781 Cessit
769 4727 916 4781 enim
958 4728 1363 4797 quodammodo
1411 4745 1555 4783 novo
1593 4745 1658 4784 ac
1681 4729 1960 4800 posterius
2012 4739 2142 4788 nato

555 4819 781 4888 populo,
812 4820 918 4874 hoc
940 4827 1044 4886 est,
1069 4819 1280 4891 gentili,
1305 4819 1689 4890 primogenita,
1713 4820 1873 4892 longe
1918 4823 1986 4878 ad
2015 4839 2138 4878 car-

556 4911 698 4964 nalia
720 4920 777 4966 et
797 4909 1074 4968 mundana
1111 4910 1425 4965 deﬂectens.
1448 4911 1618 4966 Porro
1637 4952 1651 4978 ,
1676 4914 2137 4983 quemadmodum

557 4999 614 5053 in
637 5000 968 5071 evangelicis
986 4999 1265 5070 parabolis
1286 4999 1508 5070 legitur,
1540 5019 1557 5050 ί
1588 5001 1901 5059 Celebravit
1920 5021 2016 5060 rex
2037 5022 2140 5060 nu-

557 5090 700 5160 ptias
721 5091 836 5145 lilio
858 5106 960 5146 suo
975 5091 1041 5144 ".
1077 5110 1094 5142 ι
1129 5091 1398 5146 Praeterea
1441 5077 1670 5148 aderant
1701 5095 1794 5164 qui
1833 5096 1902 5152 ad
1924 5113 2138 5153 canam

558 5183 844 5250 vocabant,
869 5183 1114 5239 convivis
1128 5183 1223 5239 Dei
1238 5194 1571 5258 praeceptum
1599 5189 2008 5254 annuntiantes,
2034 5190 2141 5245 hoc

558 5274 806 5342 scilicet,
842 5294 861 5326 ι
893 5275 1034 5330 Ecce
1076 5275 1368 5346 prandium
1410 5292 1596 5332 meum
1639 5279 1930 5349 apparari,
1995 5280 2138 5334 tauri

557 5366 666 5421 mei
690 5378 747 5420 et
766 5366 937 5421 altilia
962 5367 1163 5432 occisa,
1189 5374 1245 5421 et
1265 5368 1448 5423 omnia
1474 5378 1686 5440 parata,
1719 5371 1899 5426 venite
1933 5371 2002 5426 ad
2031 5387 2137 5424 nu-

559 5456 720 5526 ptias.
751 5458 833 5512 Illi
851 5466 1034 5512 autem
1057 5459 1356 5514 noluerunt
1376 5460 1584 5526 venire,
1606 5481 1623 5512 ι
1657 5462 1857 5531 inquit,
1885 5463 1979 5517 sed
2006 5463 2127 5517 uni-

551 5547 753 5618 cuique
781 5550 838 5603 in
879 5559 1135 5622 promptu
1188 5561 1307 5606 erat
1354 5554 1632 5609 excusatio
1666 5570 1768 5624 pro
1793 5556 1972 5610 libito.
2028 5557 2130 5611 llic

2243 4640 2341 4710 τὴν
2385 4639 2767 4711 Ἰερουσαλήμ.
2804 4639 2947 4709 Ἔφη
2974 4638 3032 4692 δέ
3057 4639 3139 4692 ὅτι
3171 4638 3489 4708 δικαιοσύνη
3524 4637 3672 4692 κατὰ
3705 4651 3825 4689 και-

2247 4731 2372 4801 poi»;
2395 4729 2666 4802 ἐκοιμήθη
2700 4731 2759 4783 ἐν
2793 4730 2953 4802 αὐτῇ,
3000 4729 3301 4796 τουτέστιν,
3335 4729 3708 4795 ἀνεπαύσατο,
3736 4725 3824 4780 καὶ

2238 4821 2528 4886 κατέλυσε,
2561 4821 2652 4874 διά
2679 4838 2760 4874 τοι
2793 4821 2853 4874 τὸ
2885 4822 2943 4874 ἐν
2981 4822 3117 4893 αὐτῇ
3163 4820 3420 4890 γενέσθαι
3463 4820 3697 4883 πολλοὺς
3727 4817 3823 4887 τῆς

2239 4916 2296 4968 ἐν
2323 4913 2473 4984 νόμῳ
2501 4911 2778 4976 πολιτείας
2799 4911 3235 4983 ἁνειλημμένους
3263 4913 3333 4968 τὰ
3361 4913 3682 4990 αὐχήματα.
3712 4905 3822 4964 Ἦν

2237 5002 2332 5061 οὖν
2359 5009 2417 5060 ἐν
2447 5005 2574 5077 δόξῃ
2607 5008 2675 5076 τῇ
2710 5004 2862 5076 παρὰ
2883 5003 3004 5074 Θεῷ
3035 5003 3382 5077 πρωτότοκος
3415 5005 3490 5058 ὢν
3519 5005 3550 5057 ό
3584 4999 3819 5074 Ἰσραὴλ,

2238 5099 2379 5170 πλὴν
2418 5098 2480 5150 οὐ
2534 5097 2696 5168 μέχρι
2743 5097 2944 5159 παντὸς
2991 5094 3287 5149 διεσώσατο
3324 5096 3425 5167 τὴν
3459 5095 3572 5157 τοῖς
3627 5090 3818 5148 ἐαυτοῦ

2239 5189 2552 5262 πρεσϐείοις
2585 5189 3028 5260 ἀπονεμηθεῖσαν
3059 5191 3248 5261 τιμήν.
3284 5187 3738 5262 Παρακεχώρηκε
3766 5184 3820 5236 δὲ

2235 5280 2428 5351 ὥσπερ
2447 5279 2526 5350 τῷ
2560 5279 2666 5350 νέῳ
2686 5281 2780 5334 καὶ
2811 5279 3038 5332 κατόπιν
3075 5279 3206 5333 ἰόντι
3239 5278 3376 5350 λαῷ,
3402 5277 3674 5342 τουτέστι,
3712 5274 3819 5334 τοῖς

2242 5373 2302 5438 ἐξ
2323 5371 2514 5434 ἐθνῶν,
2542 5371 2613 5425 τὰ
2630 5371 2998 5442 πρωτοτόκια,
3023 5372 3156 5425 πολὺ
3180 5372 3300 5425 λίαν
3337 5367 3718 5430 ἀπονενευκὼς
3743 5365 3818 5426 εἰς

2240 5465 2310 5519 τὰ
2335 5466 2534 5536 σαρκός
2559 5482 2618 5518 τε
2638 5465 2733 5518 καὶ
2752 5465 2982 5536 κόσμου.
3009 5467 3120 5518 Καὶ
3142 5463 3274 5533 γοῦν
3297 5465 3394 5529 ὠς,
3427 5465 3484 5516 ἐν
3512 5464 3637 5540 ταῖς
3665 5459 3817 5523 εὐαγ-

2235 5558 2480 5626 γελικαῖς
2513 5555 2831 5626 ἀνεγνώσθη
2861 5557 3198 5627 παραϐολαῖς
3228 5598 3242 5625 ,
3276 5575 3295 5608 ι
3319 5555 3524 5611 Ἑποίει
3576 5554 3676 5624 μὲν
3723 5552 3815 5619 γάρ

630 5752 878 5831 i’tlatth.
907 5772 1035 5831 XXII,
1070 5755 1324 5831 i7‘;‘l_._u_c.
1354 5774 1442 5831 xx,
1473 5758 1560 5831 22.
1639 5757 1683 5789 ⁸⁸
1712 5756 1848 5831 Gen.
1873 5758 2115 5831 xxv,2:7.
2194 5760 2234 5791 "
2263 5760 2405 5831 Psal.
2451 5776 2610 5825 van,
2634 5762 2684 5814 7.
2771 5763 2816 5794 ²⁰
2855 5762 2978 5816 Isai.
3014 5779 3138 5831 LVII,
3169 5765 3254 5819 lO.
3335 5769 3376 5798 "
3401 5762 3545 5822 Psal.
3587 5758 3810 5828 σκιά.

560 5823 604 5854 "
627 5823 763 5879 Psal.
792 5842 934 5891 xxvi,
971 5829 1022 5880 4.
1100 5827 1144 5858 ³³
1174 5827 1308 5883 ibid.
1388 5829 1433 5862 ”
1459 5827 1594 5884 Gen.
1632 5843 1754 5894 xxv,
1779 5828 1866 5883 28.

1980 5830 2025 5861 ³⁸
2055 5829 2156 5884 lsa.
2184 5844 2221 5897 ι,
2249 5830 2338 5884 21.
2416 5831 2462 5864 ’⁸
2485 5831 2678 5886 Matth.
2725 5848 2856 5898 mi,
2888 5834 2942 5888 2.
