4092 6472
1900 282 1938 301 ιδ

266 415 347 469 I65

265 542 375 602 μους
401 523 427 577 ό
456 519 709 594 βασιλεὺς
748 519 828 592 τῷ
861 519 964 592 υίῷ
1002 516 1194 573 αὐτοῦ.
1254 539 1272 573 ι
1310 514 1448 575 Εἶτα
1487 520 1747 593 παρῆσαν
1776 521 1826 574 οί
1858 525 1900 579 Α

260 614 698 685 δειπνοκλήτορες,
732 615 847 679 τοῖς
890 612 1214 684 δαιτυμόσιν
1264 610 1707 682 ἀπαγγέλλοντες
1758 613 1829 667 τά

260 708 386 781 παρὰ
410 705 564 767 Θεοῦ,
595 704 898 769 τουτέστιν,
937 724 956 757 ι
1011 703 1143 757 Ἰδοὺ
1185 701 1247 756 τὸ
1283 702 1509 774 ἄριστόν
1540 718 1643 774 μου
1681 701 1829 773 ἡτοί-

258 816 403 873 μασα,
433 797 481 850 οἱ
502 793 699 866 ταῦροί
737 811 842 865 μου
882 793 979 847 καὶ
1011 790 1082 845 τὰ
1127 790 1347 846 σιτιστὰ
1395 790 1691 862 τεθυμένα,
1734 790 1829 845 καὶ

256 893 407 947 πάντα
432 888 660 958 ἑτοιμαο
699 884 858 940 δεῦτε
922 885 1005 949 είς
1053 883 1183 949 τοὺς
1221 884 1454 956 γάμους.
1504 885 1568 938 Οἱ
1621 883 1679 938 δὲ
1727 883 1829 939 οὐκ

258 984 418 1057 ῆθελον
452 980 650 1044 ἐλθεῖν,
687 998 708 1032 ι
735 977 925 1051 φησίν.
963 977 1108 1031 Ἀλλ’
1128 973 1199 1048 ἦν
1240 977 1461 1050 ἑκάστῳ
1491 978 1829 1052 παραίτησις

260 1078 306 1130 τὸ
328 1072 527 1128 δοκοῦν.
576 1072 637 1126 '0
671 1071 774 1141 μὲν
816 1071 929 1142 γὰρ
974 1070 1183 1140 ἔφασκε
1208 1087 1223 1102 ’
1266 1089 1284 1123 ι
1319 1071 1564 1125 Γυναῖκα
1605 1070 1825 1141 ἔγημα,

261 1167 331 1238 ἔχε
358 1181 419 1236 με
441 1161 858 1237 παρῃτημένον.
896 1161 955 1215 '0
978 1159 1057 1226 δὲ,
1102 1161 1303 1233 Ἀγρὸν
1337 1161 1611 1233 ἠγόρασα,
1636 1162 1733 1215 καὶ
1763 1160 1824 1215 ού

258 1258 458 1328 δύναμαι
499 1254 697 1308 ἐλθεῖν.
738 1273 756 1305 ι
805 1253 973 1326 Ὁρᾷς
1000 1248 1095 1308 οὖν
1146 1254 1296 1318 ὅπως
1349 1253 1694 1325 μεμίμηνται
1734 1253 1827 1308 τὸν

267 1349 430 1415 Ἠσαῦ,
451 1348 551 1418 τὴν
580 1345 694 1399 τῶν
717 1346 1077 1417 προσκαίρων
1100 1345 1195 1398 καὶ
1214 1343 1500 1416 σαρκικῶν
1525 1345 1827 1399 ἀπόλαυσιν

255 1445 335 1515 τῆς
363 1441 505 1513 παρά
542 1439 668 1512 Θεῷ
702 1439 865 1510 δόξης
905 1438 1403 1510 προτετιμηκότες,
1448 1438 1733 1510 μονονουχὶ
1769 1438 1827 1492 δὲ

257 1537 335 1591 καὶ
352 1534 547 1607 ἑτέροις
575 1534 649 1587 τὰ
682 1532 1037 1606 πρωτοτόκια
1061 1530 1361 1604 προθέντες
1392 1530 1555 1587 ἑλεῖν.
1582 1532 1826 1586 ’Λντεισ-

256 1632 514 1705 κέκληνται
573 1631 691 1701 γὰρ
744 1626 913 1691 εὐθὺς
962 1627 1015 1680 οἱ
1061 1625 1121 1693 ἐξ
1170 1625 1346 1680 ἐθνῶν
1403 1626 1823 1693 πιστεύσαντες,

256 1726 334 1781 καὶ
376 1723 466 1796 τὴν
505 1721 584 1793 τῷ
658 1719 886 1793 Ἰσραὴλ
930 1718 1292 1791 ὀφειλομένην
1344 1712 1826 1794 ἀποῐιεκερδήκασι

256 1817 422 1883 δόξαν,
453 1816 544 1870 καὶ
584 1814 779 1887 μέντοι
814 1813 913 1868 καὶ
956 1812 1231 1883 εὐλογίαν,
1263 1810 1355 1868 διὰ
1387 1813 1450 1867 τὸ
1479 1813 1700 1885 ἕτοιμον
1743 1815 1825 1878 είς

256 1877 484 1983 ύπίικοίξν,
508 1877 604 1963 καί
623 1908 696 1962 τὸ
721 1907 847 1960 λίαν
877 1877 1140 1970 εὐσταλές
1174 1906 1272 1959 καὶ
1294 1877 1728 1979 διεγηγερμένον
1744 1877 1824 1970 εἰς
1857 1877 1902 1939 Β

257 2021 307 2072 γε
326 2004 377 2056 τὸ
400 2001 594 2075 χρῆναι
631 1998 889 2074 πληροῦν
914 1998 986 2053 τὰ
1017 1997 1316 2053 ἀνδάνοντα
1338 1996 1417 2070 τῷ
1445 1997 1585 2070 Θεῷ.
1608 1998 1827 2053 Γένοιτο

262 2097 297 2150 δ’
328 2095 381 2150 ἂν
416 2095 544 2166 ἡμῖν
584 2093 693 2147 καὶ
732 2090 929 2145 τούτου
972 2090 1205 2162 μάρτυς,
1240 2090 1269 2144 ὁ
1314 2089 1607 2154 θεσπέσιος
1636 2088 1822 2157 Δαόὶδ,

262 2185 371 2239 οὕτω
395 2184 563 2254 λέγων
584 2183 726 2254 περὶ
747 2181 931 2237 αὐτῶν
953 2197 966 2211 ·
1001 2180 1145 2251 «Τὴν
1177 2179 1481 2253 ἐπιθυμίαν
1517 2180 1626 2236 τῶν
1658 2182 1829 2255 πενή-

258 2296 342 2335 των
378 2279 742 2350 εἰσήκουσας,
786 2273 989 2345 Κύριε,
1030 2276 1098 2347 τῇ
1133 2275 1426 2348 ἑτοιμασίᾳ
1458 2275 1558 2347 τῆς
1593 2275 1827 2349 καρδίας

255 2373 404 2429 αὐτῶν
431 2371 709 2445 προσέσχε
738 2368 801 2422 τὸ
829 2364 926 2433 οῦς
954 2384 1072 2425 σου.
1112 2388 1133 2422 ι
1179 2360 1566 2441 Ἔτοιμότερος
1595 2369 1706 2443 γάρ
1738 2371 1826 2426 ἀεί

256 2485 352 2531 πως
375 2467 448 2531 είς
466 2463 795 2520 εὐπείθειαν
828 2463 858 2515 ό
894 2463 956 2517 ὲν
998 2461 1183 2519 πίστει
1221 2462 1372 2529 λαὸς,
1404 2462 1585 2517 καίτοι
1619 2464 1729 2518 τῶν
1766 2462 1827 2531 ἐξ

265 2558 450 2634 Ἰσραὴλ
478 2557 579 2631 τὴν
618 2558 688 2611 ὲν
723 2556 879 2627 νόμῳ
905 2553 1192 2609 παίδευσιν
1227 2555 1823 2628 προπεπλουτηκότων.

263 2650 377 2708 Ἀλλ’
416 2650 465 2703 ει
510 2657 610 2709 καί
658 2649 774 2704 τῶν
810 2647 976 2703 θείων
1010 2647 1357 2721 μαθημάτων
1388 2650 1825 2723 καηρρὠτησε

251 2748 329 2818 τὴν
360 2744 623 2817 πτωχείαν
641 2742 763 2799 τῶν
788 2741 962 2798 ἐθνῶν
984 2743 1018 2816 ἡ
1040 2741 1253 2815 πληθύς
1270 2760 1284 2774 ο
1308 2743 1425 2797 ἀλλ’
1454 2745 1826 2819 εὐπετεστέρα

251 2844 444 2907 γέγονεν
467 2836 525 2890 ὲν
550 2835 766 2900 πίστει,
799 2835 895 2889 καὶ
915 2836 1032 2899 τοῖς
1055 2833 1146 2887 διά
1181 2833 1423 2907 Χριστοῦ
1455 2834 1825 2907 θεσπίσμασιν

251 2928 412 2996 ὡςόξὺ
440 2929 760 3003 παραθεῖσα
787 2926 851 2982 τὸ
882 2922 999 2993 οῦς,
1026 2925 1054 2980 ὃ
1085 2926 1177 2981 διὰ
1206 2927 1311 2998 τῆς
1338 2926 1507 2982 αὐτοῦ
1541 2928 1828 3003 μεμαρτύο

254 3021 605 3094 ρηταιφωνῆς.
641 3019 812 3091 Ἔφη,
837 3018 949 3090 γὰρ
991 3010 1095 3073 ὧδε
1133 3016 1226 3072 διὰ
1254 3017 1356 3091 τῆς
1386 3017 1482 3072 τοῦ
1512 3018 1827 3085 Ψάλλοντος

251 3115 421 3188 λύρας·
472 3133 492 3168 ι
530 3113 683 3179 Aab;
724 3112 786 3167 δν
833 3111 938 3165 οὐκ
983 3109 1178 3182 ἔγνων,
1232 3110 1520 3167 ἐδούλευσέ
1575 3129 1690 3184 μοι,
1743 3113 1827 3177 είς

1278 402 1807 459 GLAPHYRORUM
1851 403 1917 459 IN
1959 404 2265 462 GENESIM
2303 407 2432 464 LIB.
2474 410 2563 466 III.

3433 420 3539 484 I66

1929 522 2077 576 enim
2108 522 2287 579 dixit.
2333 545 2351 577 ι
2393 527 2628 583 Uxorem
2683 528 2838 596 duxi,
2868 530 3011 589 habe
3051 549 3140 591 me
3186 549 3534 600 excusatum.

1931 614 2027 670 Ille
2049 632 2184 673 vero
2221 637 2233 671 :
2269 618 2474 690 Agrum
2504 621 2635 687 emi,
2682 632 2738 678 et
2778 640 2888 680 non
2935 643 3161 697 possum
3188 632 3383 689 venire
3408 637 3475 690 "’.
3509 658 3529 689 ι

1931 706 2099 763 Vides
2121 708 2291 781 igitur
2315 727 2427 782 quo
2452 722 2614 782 pacto
2653 714 2853 770 imitati
2898 726 3027 773 sunt
3057 719 3226 788 Esau,
3255 730 3545 797 tempora-
3654 754 3661 759 ·

1931 799 2142 856 riarum
2169 810 2226 857 et
2244 804 2551 859 carnalium
2590 822 2778 862 rerum
2807 808 3129 867 fruitionem
3145 814 3336 885 gloriae
3368 832 3399 873 a
3422 818 3535 874 Dco

1930 891 2132 949 oblatae
2171 895 2557 965 praeferentes,
2610 915 2675 956 ac
2704 895 2919 956 tantum
2966 919 3076 961 non
3108 907 3232 963 aliis
3256 910 3536 982 primoge-

1929 986 2049 1041 nita
2114 990 2297 1060 raptui
2354 1000 2716 1061 exponentes.
2765 995 2981 1052 Inducti
3031 1000 3182 1055 enim
3237 1011 3368 1058 sunt
3428 1012 3538 1060 sta-

1930 1081 2062 1148 tim.
2093 1082 2333 1154 gentiles
2383 1084 2719 1153 credentes,
2783 1098 2841 1143 et
2888 1090 3131 1147 debitam
3174 1092 3361 1150 Israeli
3420 1096 3538 1168 glo-

1929 1175 2071 1230 riam
2110 1177 2530 1248 praaripientes,
2597 1178 3156 1256 benedictionemque
3223 1188 3295 1243 ob
3344 1197 3534 1260 prom-

1929 1268 2266 1340 ptitudinem
2320 1270 2388 1326 ad
2447 1271 2821 1329 obedientiam
2889 1278 3257 1346 prmstandam
3311 1290 3367 1336 et
3425 1283 3537 1338 ala-
3643 1307 3647 1311 ·

1929 1362 2188 1418 critatem
2238 1362 2309 1418 ad
2355 1378 2422 1419 ea
2484 1380 2607 1436 quae
2668 1366 2783 1421 Deo
2836 1361 3098 1439 placerit,
3160 1375 3531 1444 exsequenda.

1934 1453 2089 1523 101
2119 1453 2380 1509 Testetur
2413 1463 2598 1511 autem
2621 1457 2785 1513 nobis
2827 1460 2995 1514 etiam
3045 1461 3152 1517 hoc
3178 1462 3405 1520 divinus
3432 1467 3537 1521 Da-

1927 1543 2056 1609 vid,
2088 1544 2163 1599 ita
2199 1542 2269 1599 de
2315 1544 2453 1614 ipsis
2494 1544 2688 1602 dicens
2722 1566 2736 1602 :
2775 1567 2793 1600 ‹
2818 1549 3169 1606 Desiderium
3224 1562 3536 1625 pauperum

1927 1634 2222 1703 exaudisti,
2249 1634 2504 1706 Domine,
2528 1640 2984 1711 preeparationem
3010 1643 3196 1700 cordis
3217 1661 3410 1701 eorum
3434 1663 3505 1704 au
3521 1677 3536 1690 α

1929 1727 2068 1785 divit
2093 1729 2247 1785 auris
2276 1738 2371 1789 tua
2394 1728 2464 1785 ’⁸.
2499 1750 2517 1784 ι
2552 1733 2869 1806 Promptior
2899 1735 3051 1792 enim
3067 1753 3286 1810 semper
3306 1741 3374 1795 ad
3406 1741 3539 1797 obe—

1930 1820 2196 1877 dientiam
2222 1824 2446 1895 gentilis
2466 1827 2563 1897 qui
2605 1826 2772 1883 ﬁdem
2807 1829 3096 1900 amplexus
3148 1839 3263 1897 est,
3318 1835 3536 1892 etiamsi

1930 1914 2194 1971 Israelita:
2244 1916 2408 1988 legali
2463 1917 2758 1991 disciplina
2813 1930 2977 1976 antea
3026 1922 3273 1978 instituti
3326 1936 3532 1981 essent.

1928 2007 2203 2065 Caeterum
2252 2011 2360 2066 etsi
2402 2010 2607 2069 divinae
2655 2013 2925 2071 doctrinae
2973 1990 3211 2086 penuria
3258 2018 3537 2075 laboravit

1929 2102 2179 2174 gentium
2223 2102 2557 2169 multitudo,
2599 2103 2820 2161 facilius
2871 2114 3057 2161 tamen
3122 2123 3187 2163 ac
3220 2110 3536 2180 promptius

1928 2194 2096 2252 ﬁdem
2130 2195 2406 2266 suscepit,
2454 2206 2511 2253 et
2543 2197 2752 2254 Christi
2795 2199 3022 2255 oracula
3056 2200 3233 2257 avidis
3263 2201 3535 2273 quodam-

1927 2290 2097 2347 modo
2143 2291 2375 2347 auribus
2408 2292 2666 2363 excepit:
2694 2291 2844 2364 quod
2879 2300 2935 2348 et
2978 2293 3097 2365 ipse
3132 2301 3391 2362 testatur,
3436 2312 3537 2366 per

1926 2395 2121 2437 vocem
2146 2381 2371 2438 Davidis
2393 2383 2469 2439 ita
2493 2384 2701 2440 alicubi
2724 2384 2920 2441 dicens
2947 2404 2960 2439 :
2996 2406 3015 2438 ι
3053 2386 3301 2458 Populus
3325 2429 3340 2454 ,
3369 2404 3535 2459 quem

1926 2489 2041 2530 non
2067 2475 2321 2548 cognovi,
2359 2477 2588 2533 servivit
2612 2477 2772 2544 mihi,
2801 2478 2859 2533 in
2886 2479 3080 2534 auditu
3110 2481 3264 2536 auris
3287 2480 3537 2538 obedivit

1927 2566 2152 2626 milii”.
2185 2590 2204 2623 ι
2242 2572 2320 2627 De
2355 2570 2555 2629 Israele
2589 2588 2746 2638 vero,
2779 2572 3006 2645 quijam
3029 2574 3202 2629 veluti
3237 2575 3293 2630 in
3321 2577 3534 2632 aliena-

1928 2660 2140 2719 tionem
2197 2663 2550 2735 prociderat,
2581 2670 2764 2737 neque
2799 2674 2949 2721 recte
2988 2667 3227 2738 amplius
3275 2667 3534 2724 incedere

1924 2755 2169 2823 volebat,
2193 2756 2445 2813 luxatum
2487 2766 2673 2813 autem
2699 2758 3110 2828 quodammodo
3155 2761 3361 2817 mentis
3399 2778 3533 2818 crus

1927 2846 2190 2915 habebat,
2222 2849 2342 2907 ait:
2377 2867 2396 2900 ‹
2441 2848 2568 2905 Filii
2617 2849 2785 2904 alieni
2811 2851 3031 2906 mentiti
3074 2860 3205 2909 sunt
3232 2855 3394 2921 mihi,
3428 2854 3526 2910 ﬁlii

1926 2939 2097 2996 alieni
2151 2940 2446 2996 inveterati
2479 2948 2644 3007 sunt,
2681 2948 2739 2996 et
2771 2941 3227 3000 claudicaverunt
3252 2940 3284 3001 ξι
3318 2948 3534 3004 semitis

1927 3033 2044 3090 suis
2065 3032 2130 3088 ⁸ο.
2165 3052 2184 3085 ›
2214 3033 2401 3089 Rectae
2425 3033 2577 3089 enim
2620 3041 2771 3099 sunt,
2826 3049 3005 3105 neque
3032 3050 3282 3095 erronem
3315 3041 3419 3097 viae
3461 3043 3533 3098 ad

1926 3124 2213 3183 Christum
2244 3124 2534 3193 ducentes,
2579 3126 2973 3199 institutioque
2992 3144 3092 3200 per
3119 3130 3296 3204 legem
3321 3142 3377 3190 et
3401 3151 3533 3191 san-

251 3209 394 3281 ἀιιοὴν
420 3209 579 3264 ὠτίου
605 3205 899 3279 ὑπήκουσέ
924 3221 1052 3278 μου.
1077 3223 1096 3257 ι
1130 3205 1268 3278 Περὶ
1294 3203 1356 3259 δέ
1374 3221 1440 3274 γε
1470 3204 1570 3260 τοῦ
1607 3204 1826 3278 Ἰσραὴλ

1931 3229 2150 3278 ctorum
2177 3221 2573 3293 prophetarum
2621 3221 2901 3279 vaticinia.
2952 3203 3250 3297 Postquam
3290 3245 3424 3286 vero
3464 3231 3534 3287 ad

250 3304 310 3369 ὡς
331 3305 421 3377 ἠδη
447 3304 717 3367 πεσόντος
741 3303 823 3367 είς
844 3295 1226 3374 ἀλλοτρίωσιν,
1255 3301 1351 3356 καὶ
1378 3299 1695 3374 ὁρθοποδεῖν
1724 3302 1825 3374 μὲν

1929 3313 2095 3371 tinem
2119 3313 2258 3386 legis
2278 3320 2335 3370 et
2352 3314 2775 3386 prophetarum,
2817 3304 3037 3374 hoc‘est
3070 3295 3376 3389 Christum,
3411 3340 3538 3394 per-

248 3396 330 3452 ούκ
366 3395 641 3463 ἀξιοῦντος
682 3394 787 3458 ἔτι,
820 3392 1230 3465 πεπηρωμένον
1264 3393 1325 3447 δὲ
1354 3392 1548 3467 ὥσπερ
1578 3394 1680 3467 τῆς
1703 3393 1824 3450 δια-

1929 3415 2222 3474 venerunt,
2253 3406 2712 3465 claudicaverunt
2739 3425 2855 3482 pra:
2887 3426 2988 3467 sua
3013 3413 3298 3482 vecordia,
3331 3392 3442 3472 non
3467 3433 3539 3473 ex

255 3488 379 3553 νοίας
402 3489 462 3543 τὸ
491 3488 711 3553 σκέλος,
755 3485 927 3558 φησίν
952 3501 968 3517 ο
1003 3504 1022 3537 ι
1046 3484 1168 3539 Υίοὶ
1203 3484 1479 3557 ἀλλότριοι
1523 3485 1826 3557 ὲψεύσαντό

1929 3517 2061 3558 sana
2085 3510 2271 3558 mente
2293 3502 2633 3576 contumelia
2656 3503 2840 3575 ipsum
2868 3504 3196 3575 allicientes,
3211 3518 3535 3566 auctorem-

253 3598 345 3654 μοι,
371 3583 419 3638 οι
457 3583 562 3637 υἱοὶ
594 3580 882 3654 ἀλλότριοι
921 3577 1373 3653 ὲπαλαιώθησαν,
1421 3581 1518 3636 καὶ
1544 3581 1826 3654 ὲχώλαναν

1929 3611 2035 3667 que
2060 3595 2190 3651 vitae
2223 3594 2483 3652 occidere
2505 3611 2620 3652 non
2646 3597 2831 3653 veriti.
2859 3597 3018 3666 Quod
3040 3600 3211 3671 igitur
3254 3618 3434 3659 novus
3480 3604 3536 3659 in

250 3675 342 3729 ἀπὸ
363 3676 466 3730 τῶν
513 3676 728 3749 τρίὸων
767 3672 970 3729 αὐτῶν.
1008 3693 1028 3726 ι
1067 3669 1262 3746 Τρίϐοι
1306 3672 1409 3748 μὲν
1435 3673 1546 3749 γάρ
1573 3676 1735 3751 ὀρθαί
1761 3695 1826 3732 τε

1929 3689 2038 3746 ﬁde
2061 3688 2302 3760 populus
2337 3687 2582 3745 debitam
2630 3689 2819 3746 Israeli
2856 3669 3306 3750 benedictionem
3350 3697 3538 3752 subri-

250 3770 331 3823 καὶ
375 3769 634 3835 ἀπλανεῖς
687 3767 786 3822 ἐπὶ
812 3767 1056 3840 Χριστὸν
1084 3767 1487 3841 ἀποφέρουσαι,
1539 3772 1638 3825 καὶ
1673 3770 1707 3844 ἡ
1737 3768 1828 3827 διὰ

251 3859 393 3932 νόμου
418 3862 730 3926 παίδευσις,
756 3859 856 3914 καὶ
877 3860 1178 3933 προφητῶν
1208 3861 1382 3931 ἁγίων
1398 3863 1823 3937 προαγόρευσις.

260 3962 454 4036 Ἐπειδὴ
473 3961 532 4017 δὲ
569 3964 654 4027 είς
682 3961 744 4016 τὸ
770 3960 862 4016 διὰ
889 3961 1058 4032 νόμου
1094 3959 1193 4015 καὶ
1225 3959 1526 4033 προφητῶν
1553 3963 1829 4037 κατηντή-

250 4072 356 4112 κασι
380 4055 548 4123 τέλος,
560 4054 822 4110 τουτέστι
845 4052 1107 4128 Χριστὸν,
1123 4051 1486 4126 ὲχὼλανανὲξ
1506 4054 1822 4124 ἀσυνεσίας,

249 4149 333 4203 οὐκ
353 4148 409 4217 ἐξ
454 4147 642 4220 ὑγιοῦς
689 4146 936 4212 διανοίας
985 4145 1458 4219 ὲμπαροινοῦντες
1508 4147 1681 4220 αὐτῷ,
1729 4148 1825 4203 καὶ

249 4239 438 4315 θανάτῳ
490 4241 822 4317 περιϐαλεῖν
862 4240 1242 4313 τολμήσαντες
1288 4240 1385 4296 τὸν
1429 4241 1677 4314 ἀρχηγὸν
1724 4242 1826 4314 τῆς

249 4331 394 4405 ζωῆς.
433 4335 556 4390 Ὀτι
584 4335 778 4390 τοίνυν
805 4335 837 4388 ό
867 4331 989 4398 νέος
1017 4349 1080 4386 τε
1118 4333 1180 4388 ἐν
1222 4333 1407 4386 πίστει
1448 4332 1578 4398 λαὸς
1620 4332 1720 4405 τὴν
1748 4331 1828 4405 τῷ

230 4440 235 4463 τ
258 4427 452 4501 Ἰσραὴλ
464 4427 833 4501 ὀφειλομένην
848 4426 1104 4498 εὐλογίαν
1125 4426 1400 4499 ἥρπασεν,
1420 4425 1828 4501 εύπετεστέραν

249 4515 369 4589 ἔχων
399 4520 496 4591 τὴν
518 4518 758 4594 γνώμην
783 4517 868 4583 εἴς
898 4516 965 4588 γέ
992 4533 1080 4573 τοι
1099 4516 1163 4571 τὸ
1182 4516 1296 4573 δεῖν
1324 4518 1437 4582 τοῖς
1464 4516 1632 4581 θείοις
1666 4517 1825 4571 ὑπεί-

249 4626 348 4667 κειν
382 4612 639 4686 νεύμασι,
689 4610 1001 4667 κάντεῦθεν.
1026 4612 1164 4683 ἡμῖν
1210 4608 1486 4684 παρέσται
1526 4610 1692 4665 νοεῖν.
1732 4608 1832 4663 Γέ-

1859 4655 1906 4713 D

1925 3781 2133 3856 puerit,
2155 3782 2469 3854 promptius
2498 3782 2703 3840 divinis
2722 3785 3017 3856 praeceptis
3039 3786 3371 3860 obsequium
3393 3805 3546 3861 pne-

1927 3871 2147 3940 stando,
2175 3871 2333 3929 illinc
2367 3872 2536 3929 etiam
2574 3873 2888 3946 intelligere
2916 3876 3068 3932 licet.
3096 3876 3177 3933 Ita
3208 3879 3361 3934 enim
3392 3881 3537 3936 scri-

1926 3973 2085 4038 ptum
2106 3973 2193 4022 est
2217 3980 2233 4019 :
2264 3982 2288 4018 ι
2328 3963 2559 4022 Factum
2581 3972 2668 4021 est
2692 3974 2877 4023 autem
2899 3982 3027 4023 cum
3052 3968 3334 4025 senuisset
3361 3969 3536 4049 Isaac,

1927 4057 2195 4133 hebetati,
2225 4065 2358 4115 sunt
2404 4057 2555 4115 oculi
2583 4059 2705 4132 ejus
2741 4058 2812 4115 ad
2854 4059 3180 4116 videndum.
3214 4060 3287 4117 Et
3320 4062 3540 4118 vocavit

1927 4153 2076 4210 Esau
2113 4152 2290 4209 ﬁlium
2314 4168 2481 4209 suum
2509 4153 2808 4221 seniorem,
2833 4162 2892 4210 et
2925 4153 3068 4211 dixit
3095 4173 3108 4210 :
3144 4155 3251 4212 Fili
3309 4158 3408 4213 mi.
3430 4156 3536 4225 Qui

1928 4242 2217 4316 respondit
2247 4261 2263 4312 ;
2298 4243 2441 4300 Ecoe
2466 4258 2571 4316 ego
2598 4282 2613 4310 ,
2672 4251 2732 4299 et
2757 4243 2898 4300 dixit
2935 4262 2949 4298 :
2976 4245 3120 4303 Ecce
3148 4246 3453 4313 consenui,
3481 4256 3540 4303 et

1927 4350 2043 4393 non
2075 4336 2192 4393 scio
2225 4335 2375 4392 diem
2422 4336 2623 4391 mortis
2659 4350 2817 4392 mea.
2843 4336 3006 4392 Nunc
3033 4352 3166 4408 ergo
3192 4352 3350 4393 sume
3379 4353 3538 4394 arma

1928 4438 2048 4497 tua,
2076 4429 2397 4501 pharetram
2415 4468 2429 4495 ,
2456 4435 2516 4484 et
2533 4442 2746 4495 arcum,
2775 4435 2834 4484 et
2859 4427 3127 4500 egredere
3150 4429 3300 4485 foras
3330 4447 3343 4484 :
3378 4444 3541 4486 cum-

1928 4536 2038 4593 que
2067 4527 2272 4577 venatu
2297 4516 2508 4590 aliquid
2540 4517 3000 4590 apprehenderis,
3040 4518 3137 4576 fac
3164 4519 3303 4576 mibi
3326 4520 3536 4586 edulia,

1933 4612 2079 4669 sicut
2101 4626 2228 4666 amo
2264 4627 2389 4684 ego,
2425 4619 2483 4667 et
2521 4609 2660 4666 aﬂ'er
2682 4609 2842 4676 mihi,
2882 4620 2947 4666 ut
2977 4611 3262 4668 comedam
3287 4621 3345 4671 et
3366 4613 3544 4670 bene-

252 4722 466 4777 γραπται
497 4708 610 4781 γὰρ
637 4707 741 4763 ὡδί
769 4724 786 4740 ο
818 4724 838 4760 ι
860 4706 1115 4778 Ἐγένετο
1138 4705 1197 4761 δὲ
1221 4704 1367 4778 μετά
1378 4703 1441 4760 τὸ
1470 4703 1716 4777 γηρᾶσαι
1733 4702 1828 4759 τὸν

1932 4704 2084 4761 dicat
2137 4705 2239 4761 tibi
2285 4705 2472 4761 anima
2504 4719 2629 4761 mea
2666 4708 2965 4776 antequam
3006 4705 3216 4762 moriar
3251 4706 3316 4762 ³².
3349 4726 3368 4760 ›
3414 4706 3544 4764 Haec

261 4799 441 4866 Ἰσαὰκ,
457 4805 552 4858 καὶ
579 4798 981 4874 metoch
995 4798 1047 4853 οί
1064 4798 1338 4872 ὀφθαλμοὶ
1365 4796 1535 4854 αὑτοῦ
1554 4796 1651 4852 τοῦ
1668 4797 1824 4871 όρᾷνο

250 4889 343 4944 Καὶ
367 4893 622 4949 ὲκάλεσεν
668 4892 847 4948 Ἠσαῦ
867 4893 963 4948 τὸν
995 4892 1113 4947 υίὺν
1134 4889 1304 4946 αὐτοῦ
1327 4890 1421 4948 τὸν
1453 4890 1826 4965 πρωτότοκον,

252 4983 330 5035 καὶ
351 4978 495 5039 εἶπεν
526 4984 680 5057 αύτῷ
698 5003 714 5018 ο
744 4973 847 5040 Υίέ
877 5001 1005 5058 μου.
1031 4983 1146 5038 Καὶ
1165 4979 1321 5039 εἶπεν
1342 5001 1357 5016 ν
1387 4983 1522 5040 Ἰδοὺ
1552 4981 1685 5053 ὲγώ.
1716 4982 1830 5038 Καὶ

252 5063 403 5127 εἶπεν·
421 5075 553 5132 Ἰδοὺ
583 5075 700 5147 ἐγὼ
723 5077 1039 5151 γεγήρακα,
1062 5076 1161 5131 καὶ
1195 5075 1298 5130 οὐκ
1329 5069 1448 5131 οῖδα
1478 5075 1583 5149 τὴν
1610 5060 1831 5148 ἡμέραν

251 5163 334 5235 τῆς
356 5167 609 5243 τελευτῆς
626 5172 763 5242 ’μουο
795 5168 914 5224 Νῦν
950 5164 1046 5225 οὖν
1082 5168 1218 5225 λάὁε
1249 5169 1313 5224 τὸ
1351 5168 1547 5234 σκεῦός
1576 5185 1693 5234 σου,
1726 5168 1828 5240 τήν

256 5270 305 5311 τε
330 5263 596 5337 φαρέτραν
640 5264 739 5319 καὶ
764 5263 829 5319 τὸ
868 5263 1045 5329 τόξον,
1076 5263 1173 5319 καὶ
1199 5260 1385 5331 ἔξελθε
1410 5263 1492 5328 είς
1525 5261 1587 5317 τὸ
1615 5260 1822 5326 πεδίον,

255 5350 336 5405 καὶ
358 5352 619 5429 θήρευσόν
654 5374 746 5429 μοι
777 5356 976 5429 θήραν,
1007 5357 1104 5410 καὶ
1134 5354 1363 5428 ποίησόν
1395 5370 1486 5426 μοι
1523 5353 1821 5425 ἐδέσματα,

255 5439 468 5513 ὣςφιλῶ
496 5448 640 5518 ὲγώ-
676 5448 775 5503 καὶ
832 5446 1025 5517 ἔνεγκε
1066 5463 1158 5518 μοι
1196 5444 1285 5499 ῖνα
1333 5444 1515 5515 φάγω,
1552 5444 1704 5509 ὅπως
1730 5445 1824 5498 εύ-

256 5527 437 5608 λοτήσῃ
459 5554 517 5591 σε
545 5540 580 5610 ἡ
606 5537 753 5610 ψυχή
791 5553 895 5609 μου
925 5537 1057 5608 πρὶν
1096 5534 1394 5591 ἀποθανεῖν
1437 5551 1525 5607 με.
1565 5554 1583 5587 ι
1638 5532 1828 5590 Ταῦτα

264 5622 347 5691 μὲν
382 5622 470 5682 οὖν
497 5628 605 5701 ἔφη
635 5630 773 5701 πρὸς
815 5628 908 5684 τὸν
945 5626 1121 5684 Ἠσαῦ
1159 5630 1190 5683 ό
1220 5630 1428 5702 πατήρ.
1469 5629 1528 5684 '0
1548 5628 1608 5683 δὲ
1645 5646 1827 5702 παρα-

168 5750 171 5753 ,
260 5715 426 5791 χρῆμα
457 5721 581 5786 τοὺς
624 5724 716 5778 ἐπὶ
762 5724 829 5795 τῇ
872 5721 1021 5795 θήρᾳ
1065 5714 1434 5794 κατορθώσων
1481 5723 1678 5787 πόνους
1728 5723 1830 5790 τῆς

349 5903 391 5937 ⁸⁷
410 5905 593 5965 Matth.
621 5926 689 5978 Iv,
714 5912 775 5981 5;
803 5910 919 5968 Luc
940 5927 1052 5979 xxv,
1086 5910 1153 5967 I6
1177 5926 1295 5985 seq.
1327 5900 1332 5911 ’
1392 5911 1438 5944 ’⁸
1465 5871 1638 5968 ἢεί..
1664 5926 1737 5978 Ix,
1773 5910 1865 5965 27.

1933 4795 2105 4869 igitur
2125 4796 2268 4852 dixit
2305 4805 2468 4868 pater
2490 4795 2559 4852 ad
2582 4796 2753 4854 Esau.
2788 4795 2887 4853 Ille
2922 4812 3061 4853 vero
3097 4797 3284 4852 statim
3311 4811 3540 4868 compo-

1934 4904 2076 4959 nens
2205 4888 2274 4945 ad
2304 4889 2621 4946 venationis
2668 4889 2922 4957 labores,
2948 4889 3235 4962 egreditur
3274 4889 3465 4956 domo,
3485 4898 3543 4944 et

1935 4966 2176 5038 viriliter
2227 4997 2348 5038 rem
2377 4982 2508 5055 agit.
2557 4982 2703 5051 Quid
2755 4997 2896 5038 vero
2939 4983 3199 5039 interea?
3238 4983 3543 5043 Persuadet

1936 5075 2192 5133 Rebecca
2219 5075 2390 5133 Jacob
2411 5071 2449 5143 ,'
2472 5084 2536 5131 ut
2565 5083 2880 5130 antevertat
2927 5073 3075 5129 Esau
3097 5115 3111 5141 ,
3157 5082 3215 5130 et
3257 5076 3543 5148 praeripiat

1934 5168 2405 5227 benedictionem.
2443 5166 2548 5236 Qui
2590 5166 2814 5239 quidem
2842 5165 3005 5223 initio
3035 5166 3090 5222 id
3119 5166 3301 5225 facere
3323 5166 3543 5226 metue-

1933 5260 2051 5329 bat,
2077 5261 2344 5318 incitante
2381 5268 2568 5317 autem
2604 5243 2805 5326 matre,
2844 5259 2986 5316 duos
3023 5259 3249 5332 quidem
3293 5261 3452 5335 102
3472 5279 3545 5322 ex

1932 5353 2083 5426 agris
2106 5353 2294 5410 haedos
2316 5352 2480 5410 aﬂ’ert
2514 5352 2785 5424 pulchros
2812 5360 2869 5409 et
2884 5352 3128 5411 tenellos
3146 5397 3162 5422 ,
3190 5354 3543 5428 confecitque

1935 5446 2184 5503 edulium
2212 5463 2241 5500 τέ
2259 5446 2555 5518 imponens
2583 5434 2768 5502 autem
2794 5446 3047 5504 humeris
3068 5447 3265 5519 pelles,
3293 5448 3544 5506 etnudas

1934 5537 2061 5595 colli
2088 5546 2277 5609 partes
2308 5546 2534 5611 tegens,
2576 5539 2812 5610 pulchre
2840 5539 2986 5597 Esau
3025 5540 3322 5597 hirsutiem
3352 5540 3543 5597 imita—

1936 5633 2124 5701 batur,
2155 5639 2218 5687 ut
2238 5630 2418 5703 patris
2442 5645 2642 5688 manus
2663 5630 2904 5700 falleret,
2928 5620 2974 5688 si
3003 5631 3148 5688 forte
3166 5646 3292 5688 eum
3314 5638 3540 5686 contre-

1940 5733 2136 5782 ctaret.
2168 5722 2382 5781 Deinde
2434 5733 2665 5797 accepto
2711 5724 2977 5791 obsonio,
3025 5723 3166 5780 adiit
3214 5730 3541 5796 patrem,‘et

1944 5892 2430 5974 ‘°I’sal.xvn,I5.
2519 5907 2564 5940 ι·
2588 5906 2723 5963 ibid.
2751 5906 2839 5962 te.
2939 5906 2980 5938 ιι
3010 5904 3147 5963 Gen.
3191 5921 3315 5973 xxv,
3356 5903 3473 5963 14.
