4034 6444
524 391 621 441 Ιὸἷ

1554 383 1611 436 S.
1652 375 1927 435 CYRlLLl
1967 370 2436 428 ALEXANDRINI
2469 367 2786 424 ARCHIEP.

3679 370 3788 426 168

521 500 657 552 dixit
684 517 697 552 :
734 519 752 549 ι
788 497 966 553 Pater.
997 499 1099 566 Qui
1119 498 1402 569 respondit
1429 515 1440 549 :
1470 497 1611 551 Ecce
1634 510 1754 565 ego.
1782 492 1917 559 Quis
1942 505 2002 544 es
2022 498 2102 551 tu,

2213 484 2396 546 ἑστίας
2421 484 2668 554 ἀπαίρει,
2693 483 2785 536 καὶ
2799 484 3059 547 νεανικῶς
3081 481 3424 547 ἐσκευάζετο.
3448 482 3556 537 Καὶ
3573 482 3623 535 τί
3644 484 3788 554 μετὰ

524 590 646 641 tili?
704 590 771 642 Et
818 589 958 643 dixit
1011 589 1182 644 Jacob
1236 588 1424 658 patri:
1467 586 1578 656 Ego
1623 584 1767 638 Esau
1836 581 2106 651 primoge-

523 682 671 730 nitus
703 686 828 730 tuus
849 677 981 730 :feci
1012 678 1153 731 sicut
1178 677 1394 731 locutus
1415 691 1476 729 es
1500 673 1655 728 mihi.
1683 672 1924 741 Surgens
1953 667 2104 731 sede,

522 777 577 822 et
601 769 828 822 comede
876 770 944 823 de
990 769 1279 824 venatione
1328 783 1469 832 mea,
1518 774 1580 818 ut
1632 762 1924 818 benedicat
1967 758 2103 812 mihi

523 859 703 912 anima
721 867 831 912 tua.
871 860 1162 928 Postquam
1188 869 1318 913 Vero
1343 857 1581 912 comedit
1605 870 1772 910 senex
1799 851 1945 923 quod
1970 852 2104 905 alla-

527 957 642 1000 tum
687 958 825 1014 erat,
858 952 933 1004 ait
971 952 1038 1004 ad
1087 951 1262 1005 filium
1299 970 1312 1005 :
1349 949 1810 1020 Appropinquare
1846 945 1982 998 mihi
2008 985 2022 1009 ,
2051 951 2108 997 et

527 1040 773 1093 osculare
806 1055 913 1104 me,
967 1041 1079 1106 fili;
1127 1051 1182 1096 et
1221 1043 1670 1111 appropinquans
1719 1038 1999 1091 osculatus
2023 1043 2106 1088 est

526 1144 669 1193 eum,
703 1138 758 1183 et
785 1132 1048 1186 odoratus
1073 1141 1156 1186 est
1175 1132 1399 1186 odorem
1426 1131 1877 1185 vestimentorum
1912 1126 2104 1195 ipsius,

527 1229 580 1272 et
610 1221 888 1276 benedixit
915 1224 987 1287 ei,
1015 1231 1070 1278 et
1102 1224 1238 1277 dixit
1267 1243 1278 1276 :
1313 1225 1454 1278 Ecce
1501 1222 1638 1277 odor
1669 1221 1765 1274 filii
1808 1219 1934 1281 mei,
1962 1217 2105 1272 sicut

527 1312 661 1365 odor
695 1315 807 1382 agri
835 1314 1012 1382 pleni,
1042 1316 1131 1369 cui
1164 1316 1444 1369 benedixit
1473 1315 1758 1376 Dominus,
1798 1320 1853 1365 et
1883 1311 1975 1364 det
2004 1309 2102 1362 tibi

528 1403 669 1457 Deus
695 1404 762 1457 de
791 1421 914 1460 rore
939 1408 1083 1470 caeli,
1117 1415 1171 1460 et
1194 1407 1259 1461 de
1297 1406 1626 1477 pinguedine
1651 1414 1828 1468 terrae,
1854 1402 2104 1456 multitu-

526 1495 712 1548 dinem
744 1495 1006 1551 frumenti
1041 1507 1094 1552 et
1131 1499 1242 1552 vini
1273 1507 1368 1552 :-et
1397 1499 1638 1551 serviant
1666 1495 1764 1549 tibi
1811 1503 2020 1565 gentes,
2052 1502 2108 1546 et

527 1584 830 1641 adorentte
862 1587 1140 1656 principes
1161 1628 1174 1651 ,
1203 1597 1258 1641 ct
1286 1596 1404 1641 esto
1433 1586 1690 1639 dominus
1713 1584 1900 1638 fratris
1924 1584 2022 1645 tui,
2051 1590 2107 1635 et

525 1677 833 1734 adorabunt
890 1689 940 1734 te
985 1679 1083 1732 ﬁlii
1119 1680 1290 1748 patris
1324 1679 1423 1732 tui.
1455 1678 1559 1743 Qui
1609 1674 1955 1730 maledixerit
1977 1673 2105 1737 tibi,

526 1768 596 1822 sit
644 1769 1005 1834 maledictus;
1039 1778 1093 1823 et
1121 1768 1451 1823 benedicens
1493 1766 1612 1830 tibi,
1637 1765 1962 1820 benedictus
1985 1764 2048 1814 δ’.
2083 1783 2099 1814 ι

2205 572 2398 636 τοῦτο;
2437 573 2624 624 Πείθει
2667 571 2933 625 Ῥεϐέκκα
2977 575 3070 626 τὸν
3128 572 3320 626 Ίακὼδ
3358 573 3560 642 φθάσαι
3597 589 3655 624 τε
3690 573 3786 626 τὸν

2218 661 2428 728 Ἡσαῦ,
2458 664 2552 715 καὶ
2600 663 2704 732 μὴν
2751 664 2845 715 καὶ
2896 664 3137 734 ἁρπάσαι
3187 663 3285 734 τὴν
3321 665 3590 732 εὐλογίαν.
3642 665 3698 718 Ὀ
3723 663 3788 717 δὲ

2206 754 2364 807 τοῦτο
2397 754 2528 824 δρᾷν
2561 755 2752 807 ἐδεδίει
2787 755 2885 825 μέν
2931 755 2991 819 ἐξ
3021 757 3226 827 ἀρχῆς·
3260 755 3686 827 παραθηγούσης
3723 756 3787 807 δὲ

2207 846 2304 914 τῆς
2335 845 2557 916 μητρὸς,
2587 844 2679 897 δύο
2714 845 2814 916 μὲν
2842 846 2900 910 ἐξ
2933 847 3120 916 ἀγρῶν
3142 848 3364 917 ἐρίφους
3388 847 3650 916 εἰσφέρει,
3687 862 3790 898 κα-

2208 933 2334 996 λού;
2363 951 2420 985 τε
2450 935 2544 987 καὶ
2570 934 2832 1002 ἀπαλούς,
2861 936 2954 987 καὶ
2971 936 3253 1004 ὀψοποιίας
3275 936 3479 1006 ἥπτετο
3498 952 3512 969 ο
3539 935 3789 1006 περιθεὶς

2209 1025 2265 1079 δὲ
2304 1029 2413 1089 τοῖς
2437 1026 2608 1096 ὤμοις
2639 1025 2706 1080 τὰ
2733 1026 2998 1098 δέρματα,
3039 1027 3132 1080 καὶ
3167 1027 3266 1096 τῆς
3299 1028 3483 1099 δειρῆς
3513 1027 3583 1080 τὰ
3603 1029 3795 1098 γυμνὰ

2209 1117 2708 1187 κατημφιεσμένος,
2757 1118 3089 1188 ἀπεμιμεῖτο
3127 1117 3307 1181 καλῶς
3342 1118 3438 1190 τὴν
3488 1118 3657 1172 Ἡσαῦ
3692 1118 3794 1171 δα-

2210 1206 2438 1275 σύτητα,
2486 1207 2578 1259 καὶ
2621 1207 2682 1260 τὸ
2728 1207 2864 1275 ἄγαν
2907 1206 3270 1277 λασιὸτριχες,
3322 1209 3396 1272 ὼς
3429 1208 3495 1261 ἂν
3527 1208 3795 1279 διαπαίζῃ

2207 1301 2305 1363 τὰς
2339 1299 2430 1352 τοῦ
2478 1299 2682 1370 πατρὸς
2713 1303 2924 1371 χεῖρας,
2963 1302 3010 1352 εί
3055 1299 3312 1370 ἐπαφῷτο
3355 1301 3536 1371 τυχόν.
3573 1297 3702 1354 Εἶτα
3731 1302 3797 1354 τὸ

2207 1391 2336 1461 ὄψον
2369 1395 2448 1455 εἰς
2475 1395 2663 1462 χεῖρας
2699 1392 2856 1454 ἐλὼν,
2891 1393 3090 1446 είσέθει
3117 1395 3253 1464 πρὸς
3291 1393 3383 1447 τὸν
3416 1395 3653 1466 πατέρα,
3695 1396 3797 1448 καὶ

2207 1481 2272 1551 δὴ
2303 1481 2398 1533 καὶ
2423 1481 2629 1549 ἔφασκε
2653 1497 2664 1509 ·
2706 1501 2722 1532 ι
2753 1481 2956 1554 Πάτερ.
2998 1483 3058 1535 '0
3085 1484 3140 1536 δὲ
3164 1479 3335 1537 εἷπεν·
3382 1486 3509 1538 Ἰδοὺ
3539 1486 3666 1553 ἐγώ.
3694 1487 3793 1549 Τίς

2209 1567 2259 1624 εἷ
2306 1572 2390 1635 σὺ,
2443 1572 2654 1627 τέκνον.
2703 1574 2812 1625 Καὶ
2851 1569 3003 1627 εἶπεν
3058 1574 3248 1628 Ἰακὼό
3287 1576 3364 1644 τῷ
3407 1577 3604 1648 πατρί’
3651 1577 3799 1646 Ἐγὼ

2222 1662 2396 1716 Ἠσαῦ
2418 1665 2445 1714 ό
2464 1663 2804 1734 πρωτότοκὸς
2822 1681 2936 1731 σου,
2955 1665 3097 1719 καθά
3120 1665 3388 1736 ἐλάλησάς
3411 1685 3498 1738 μοι
3524 1669 3752 1740 ἐποίησα
3777 1707 3799 1725 .

2222 1756 2484 1820 Ἀναστὰς
2532 1756 2777 1820 κάθισον,
2809 1757 2904 1809 καὶ
2960 1759 3100 1825 φάγε
3143 1759 3242 1826 τῆς
3271 1759 3443 1830 θήρας
3489 1777 3610 1830 μου,
3643 1761 3801 1827 ὅπως

527 1863 831 1918 Antevertit
889 1866 1071 1932 itaque
1141 1864 1308 1919 Jacob
1368 1863 1810 1918 benedictionem
1883 1861 2103 1932 patris:

2213 1849 2481 1922 εὐλογήση
2516 1868 2582 1921 με
2617 1849 2820 1920 ἡψυχὴ
2863 1867 2980 1906 σου.
3024 1852 3242 1923 Ἐπειδὴ
3286 1854 3342 1906 δέ
3377 1855 3733 1927 κατεδήδοκεν
3766 1859 3800 1910 ὁ

525 1955 724 2010 deinde
751 1971 879 2008 vero
911 1971 977 2009 ex
1000 1957 1142 2024 agris
1187 1965 1374 2025 postea
1406 1955 1558 2009 venit
1591 1957 1734 2010 Esau
1783 1970 1907 2010 cum
1935 1969 2106 2008 vena-

527 2047 698 2101 tione.
745 2046 882 2101 Cum
924 2063 1056 2100 vero
1103 2063 1222 2101 eam
1259 2049 1398 2116 patri
1452 2048 1765 2111 obtulisset,
1809 2047 2108 2101 frustratus

522 2146 674 2203 erat,
707 2147 763 2192 et
796 2138 943 2207 quod
994 2147 1253 2192 evenerat
1295 2138 1510 2193 didicit.
1547 2138 1771 2192 Audivit
1806 2138 1953 2193 enim
2000 2146 2111 2191 sta-

528 2230 625 2284 tim
659 2247 672 2283 :
705 2249 722 2280 ‹
751 2230 991 2284 Veniens
1011 2230 1181 2284 frater
1221 2239 1346 2285 tuus
1376 2230 1776 2295 fraudulenter,
1822 2230 2109 2301 praeripuit

527 2320 969 2376 benedictionem
1026 2330 1196 2375 tuam.
1235 2341 1252 2372 ι
1296 2322 1521 2376 Dicente
1573 2329 1756 2376 autem
1808 2321 1952 2376 Esau
1996 2337 2109 2375 non

523 2415 733 2484 absque
762 2413 1013 2484 lacrymis
1045 2432 1057 2466 :
1101 2432 1118 2464 ι
1151 2414 1294 2468 Num
1342 2414 1660 2469 benedictio
1684 2415 1845 2469 unica
1877 2414 1976 2469 tibi
2002 2423 2107 2478 est,

527 2506 718 2574 pater?
750 2506 989 2561 Benedic
1041 2507 1205 2561 etiam
1265 2507 1421 2561 mihi.
1464 2506 1612 2561 Dixit
1651 2522 1870 2561 rursum
1907 2507 2056 2561 Isaac
2094 2524 2108 2560 :

529 2597 664 2651 Ecce
708 2597 775 2651 de
818 2598 1151 2668 pinguedine
1182 2606 1344 2652 terrae
1369 2598 1475 2652 erit
1503 2598 1771 2652 habitatio
1800 2607 1910 2662 tua,
1943 2607 2000 2652 et
2042 2598 2111 2652 de

526 2705 650 2745 rore
681 2690 806 2746 cceli
830 2690 1090 2760 desuper,
1121 2698 1176 2746 et
1221 2691 1275 2744 in
1306 2690 1488 2761 gladio
1517 2697 1611 2744 tuo
1642 2689 1795 2744 vives
1819 2732 1832 2754 ,
1863 2698 1919 2745 et
1951 2690 2111 2744 fratri

527 2791 620 2834 tuo
647 2780 871 2834 servies.
902 2781 1018 2834 Erit
1045 2788 1229 2834 autem
1253 2781 1473 2850 quando
1500 2780 1746 2851 deponas
1773 2790 1829 2835 et
1852 2780 2112 2835 detrahas

525 2873 710 2943 iugum
741 2873 861 2942 ejus
886 2872 953 2926 de
976 2873 1118 2925 collo
1141 2881 1236 2925 tuo
1262 2873 1326 2924 ³³.
1355 2891 1372 2922 ›
1396 2871 1527 2938 Qua:
1559 2873 1743 2940 itaque
1779 2873 1898 2926 fuse
1933 2872 2111 2926 histo-

525 2963 607 3016 ria
634 2962 1008 3033 prosequitur,
1049 2962 1102 3016 in
1145 2976 1316 3031 pauca
1357 2961 1778 3026 contrahentes,
1811 2961 2113 3016 lectoribus

523 3056 930 3126 proposuimus.
966 3055 1348 3113 Ncccosarium
1377 3071 1509 3109 vero
1556 3071 1678 3110 esse
1705 3070 1925 3120 censeo,
1952 3053 2110 3108 rudia

524 3150 642 3203 hac
666 3147 734 3201 ad
763 3147 1105 3216 spir‘itualem
1142 3162 1364 3200 sensum
1400 3146 1716 3202 transferre.

2209 1943 2524 2014 πρεσϐύτης
2550 1944 2612 1997 τὸ
2653 1947 3044 2016 προκομισθὲν,
3076 1946 3179 2018 ἔφη
3210 1947 3344 2017 πρὸς
3369 1947 3430 2000 τὸ
3467 1949 3751 2019 μειράκιον
3780 1967 3799 1983 ·

2213 2037 2469 2104 Ἒγγισόν
2509 2055 2620 2107 μοι,
2657 2039 2752 2090 καὶ
2785 2038 3010 2108 φίλησόν
3058 2057 3146 2107 με,
3185 2039 3392 2096 τέκνον.
3426 2041 3536 2093 Καὶ
3565 2042 3801 2109 ἐγγίσας

2209 2129 2462 2199 ἐφίλησεν
2487 2130 2644 2182 αὐτόν
2666 2146 2678 2160 ·
2717 2133 2812 2183 καὶ
2843 2131 3138 2202 ὼσφράνθη
3167 2134 3266 2202 τῆς
3299 2133 3476 2204 ὀσμῆς
3517 2133 3626 2187 τῶν
3663 2135 3799 2204 ίμα-

2207 2222 2338 2274 τίων
2380 2222 2568 2287 αὐτοῦ,
2615 2225 2710 2275 κα)⁸
2753 2224 3046 2295 εὐλόγησεν
3069 2226 3252 2288 αὐτὸν,
3282 2227 3376 2279 καὶ
3426 2224 3579 2281 εἶπεν
3608 2227 3756 2297 αὐτῷ
3781 2245 3798 2258 ·

2223 2313 2356 2366 Ἰδοὺ
2387 2312 2532 2383 ὀσμὴ
2569 2315 2663 2366 τοῦ
2708 2314 2824 2367 υἱοῦ
2877 2334 3000 2386 μου,
3037 2317 3112 2380 ὡς
3143 2318 3287 2389 ὀσμὴ
3329 2318 3502 2388 ἀγροῦ
3553 2318 3804 2390 πλήρους

2209 2405 2268 2460 ὃν
2323 2407 2587 2474 εὐλόγησε
2625 2407 2849 2480 Κύριος,
2905 2410 3000 2462 καὶ
3035 2409 3147 2480 δῴη
3185 2428 3266 2465 σοι
3306 2411 3513 2483 Κύριος
3542 2412 3649 2466 ἀπὸ
3692 2415 3804 2483 τῆς

2209 2499 2401 2571 δρόσου
2431 2499 2525 2552 τοῦ
2557 2500 2808 2570 οὐρανοῦ,
2843 2501 2936 2554 καὶ
2969 2502 3079 2555 ἀπὸ
3106 2503 3206 2573 τῆς
3240 2504 3496 2574 πιότητος
3529 2504 3626 2576 τῆς
3666 2504 3798 2575 γῆς.

2212 2594 2414 2666 πλῆθος
2445 2594 2593 2647 σίτου
2624 2596 2717 2648 καὶ
2738 2596 2907 2652 οἴνου.
2939 2598 3050 2650 Kal.
3069 2597 3510 2651 δουλευσάτωσάν
3535 2613 3618 2649 σοι
3641 2594 3801 2664 ἔθνη,

2211 2687 2306 2740 καὶ
2335 2687 2876 2758 προσκυνησάτωσάν
2910 2706 2992 2741 σοι
3014 2691 3295 2759 ἄρχοντες,
3319 2688 3414 2741 καὶ
3435 2688 3586 2756 γίνου
3607 2685 3803 2756 κύριος

2211 2780 2303 2831 τοῦ
2338 2778 2570 2848 ἀδελφοῦ
2608 2796 2722 2834 σου.
2761 2781 2855 2834 καὶ
2896 2780 3338 2852 προσκυνήσουσί
3369 2797 3452 2832 σοι
3480 2781 3528 2832 oi
3564 2777 3669 2832 υἱοὶ
3700 2776 3806 2832 τοῦ

2213 2869 2415 2941 πατρός
2448 2887 2565 2924 σου.
2605 2870 2663 2923 '0
2683 2870 3071 2942 καταρώμενός
3102 2889 3160 2924 σε
3183 2909 3198 2934 ,
3235 2870 3636 2941 ἐπικατάρατος
3656 2887 3669 2900 ·
3701 2873 3809 2924 καὶ

2211 2963 2240 3014 ὁ
2278 2962 2518 3028 εὐλογῶν
2541 2979 2622 3027 σε,
2649 2962 3035 3032 εὐλογημένος.
3076 2981 3094 3016 ι
3131 2962 3342 3017 Οὐκοῦν
3379 2960 3803 3034 προαποκεκέρι

2211 3053 2341 3121 δηκε
2367 3053 2466 3124 μὲν
2509 3052 2702 3106 Ἰακὼό
2728 3054 2824 3124 τὴν
2850 3053 3000 3126 παρὰ
3021 3053 3116 3107 τοῦ
3141 3055 3345 3126 πατρὸς
3361 3054 3611 3122 εὐλογίαν
3629 3071 3642 3084 ·
3679 3049 3808 3109 εἶτα.

2211 3147 2464 3217 δεύτερον
2495 3147 2553 3210 ἐξ
2579 3146 2765 3217 ἀγρῶν
2810 3146 3038 3200 κατόπιν
3067 3147 3290 3218 ἔρχεται
3328 3147 3426 3218 τὴν
3457 3146 3630 3218 θήραν
3661 3145 3807 3199 ἐλὼν

524 3240 552 3289 ὁ
594 3237 786 3292 Ἡσαῦ.
819 3241 1198 3310 Προσκομίσας
1229 3239 1284 3292 δὲ
1338 3239 1416 3310 τῷ
1443 3241 1628 3312 πατρὶ,
1659 3245 1912 3313 περιττὸς
1949 3237 2016 3314 ἦν
2077 3241 2179 3309 ἔτι,
2221 3242 2314 3295 καὶ
2371 3241 2432 3295 τὸ
2488 3242 2712 3311 γεγονὸς
2765 3241 3098 3298 ἐδιδάσκετο.
3149 3243 3384 3298 Ἤκουσε
3442 3241 3552 3313 γὰρ
3597 3240 3764 3304 εὐθύς
3789 3258 3803 3273 ⁸

529 3351 547 3382 ι
611 3330 808 3384 Ἐλθων
847 3333 874 3383 ό
914 3332 1144 3401 ἀδελφός
1188 3351 1306 3397 σου,
1353 3335 1490 3405 μετὰ
1535 3335 1688 3388 δόλου
1737 3335 1898 3390 ἔλαϐε
1925 3336 2025 3406 τὴν
2071 3335 2322 3403 εὐλογίαν
2390 3353 2503 3388 σου.
2551 3355 2569 3388 ι
2603 3337 2714 3390 Οὐκ
2738 3336 3006 3407 ἀδακρυτὶ
3033 3335 3092 3390 δὲ
3154 3335 3423 3405 λέγοντος,
3452 3355 3470 3388 ι
3511 3336 3601 3406 Μὴ
3654 3335 3808 3388 εὐλοο

526 3424 618 3493 γία
657 3425 753 3494 μία
801 3424 952 3477 ἔσται
1001 3443 1102 3490 σοι,
1137 3427 1355 3498 πάτερ;
1410 3428 1702 3498 εὐλόγησον
1736 3427 1800 3498 δὴ
1833 3428 2012 3498 κάμέ·
2056 3427 2157 3498 ἔφη
2198 3428 2358 3481 πάλιν
2419 3429 2445 3480 ὁ
2501 3429 2711 3481 Ἰσαάκ·
2770 3428 2898 3481 Ἰδοὺ
2953 3425 3062 3480 ἀπὸ
3106 3428 3206 3497 τῆς
3257 3429 3510 3499 πιότητος
3556 3428 3652 3496 τῆς
3697 3430 3810 3499 γῆς

523 3519 678 3572 ἔσται
703 3523 735 3588 ἡ
767 3521 1084 3591 κατοίκησίς
1117 3539 1210 3574 σου
1236 3539 1248 3552 ·
1291 3522 1384 3576 καὶ
1411 3524 1520 3576 ἀπὸ
1565 3524 1663 3594 τῆς
1692 3523 1883 3594 δρόσου
1910 3523 2002 3576 τοῦ
2039 3522 2265 3592 οὐρανοῦ
2296 3521 2524 3588 ἄνωθεν,
2550 3524 2645 3576 καὶ
2683 3523 2776 3574 ἐπὶ
2815 3525 2879 3592 τῇ
2911 3521 3154 3594 μαχαίρᾳ
3222 3539 3314 3576 σου
3376 3523 3537 3596 ζήσῃ,
3570 3523 3663 3576 καὶ
3723 3520 3810 3592 τῷ

524 3611 736 3682 ἀδελφῴ
767 3630 860 3664 σου
894 3613 1218 3676 δουλεύσεις.
1249 3615 1442 3668 Ἔσται
1474 3615 1530 3667 δέ
1557 3613 1717 3683 ἡνίκα
1742 3615 1837 3667 ἐὰν
1866 3614 2102 3684 καθέλῃς
2137 3613 2233 3666 καὶ
2260 3613 2495 3683 ἐκλύσης
2519 3613 2610 3665 τὸν
2643 3613 2804 3680 ζυγὸν
2846 3613 3010 3665 αὐτοῦ
3040 3613 3147 3666 ἀπὸ
3185 3612 3280 3665 τοῦ
3320 3613 3591 3683 τραχήλου
3619 3627 3734 3665 σου.
3782 3630 3803 3662 ι

525 3708 598 3760 Τὸ
636 3710 734 3778 μὲν
766 3705 859 3762 οῦν
899 3710 997 3779 τῆς
1037 3710 1278 3778 ἱστορίας
1332 3710 1747 3778 συνενεγκόντες
1775 3710 1996 3774 πλάτος,
2033 3709 2108 3772 ὼς
2147 3711 2206 3763 ἐν
2238 3708 2441 3776 ὀλίγοις
2467 3709 2689 3778 κομιδῇ,
2721 3710 2833 3770 τοῖς
2893 3708 3297 3778 ἐντευξομένοις
3327 3705 3387 3761 εὗ
3421 3708 3567 3779 μάλα
3620 3725 3810 3780 παρα-

524 3803 866 3871 τεθείκαμεν.
908 3805 1122 3874 Χρῆναι
1167 3804 1223 3856 δέ
1269 3805 1661 3875 ὑπολαμϐάνω,
1703 3808 1814 3869 τοῖς
1861 3804 2136 3874 αἰσθητῶς
2170 3804 2450 3872 γεγονόσιν
2483 3802 2894 3874 ἐφαρμόσαιτά
2919 3803 3279 3872 πνευματικά.

594 3901 650 3954 4.
688 3900 934 3955 Dicimus
961 3902 1166 3970 itaque,
1197 3902 1346 3971 quod
1371 3902 1538 3956 etiam
1566 3912 1692 3958 ante
1722 3903 1878 3967 alios,
1905 3903 1960 3957 in
1982 3901 2108 3966 ﬁde,

2286 3901 2348 3954 δ’.
2387 3900 2575 3972 Φαμὲν
2607 3895 2700 3952 οὖν
2728 3901 2810 3952 ὅτι
2838 3899 2933 3952 καὶ
2979 3899 3086 3970 πρό
3111 3915 3176 3968 γε
3205 3897 3312 3952 τῶν
3363 3899 3560 3963 ἄλλων,
3611 3899 3719 3954 τῶν
3746 3902 3812 3958 ὲν

524 3991 770 4061 inquam,
796 4000 851 4045 et
877 3991 933 4045 in
965 3991 1186 4046 Christo
1214 4000 1456 4058 vocatos,
1485 3993 1730 4048 omnium
1754 3993 2020 4047 Dominus
2047 4007 2112 4048 ac

526 4083 688 4136 Pater
717 4081 995 4135 mandavit
1016 4082 1226 4146 Israeli,
1251 4083 1422 4138 veluti
1447 4083 1797 4153 splendidum
1832 4084 2110 4154 quoddam

527 4183 730 4227 muniis
755 4213 769 4237 ,
816 4181 872 4227 et
898 4182 1155 4242 tanquam
1209 4175 1482 4228 bonorum
1512 4175 1765 4230 laborum
1797 4176 2112 4231 mercedem

525 4265 732 4320 oﬂ'erre
760 4265 928 4318 vitam
964 4264 1064 4334 ipsi
1092 4265 1397 4334 placentem
1415 4307 1430 4331 ,
1469 4267 1625 4337 103
1666 4283 1790 4337 quae
1816 4283 1916 4338 per
1943 4267 2110 4322 vitam

525 4354 756 4425 legalem
796 4353 1082 4409 veteribus
1125 4356 1284 4425 prius
1312 4355 1591 4426 descripta
1639 4356 1777 4423 fuit,
1823 4355 1964 4428 typis
1990 4364 2112 4410 tan-

527 4455 640 4500 tum
665 4460 776 4501 non
797 4445 1035 4510 obtecta,
1066 4461 1131 4500 ac
1161 4447 1333 4501 veluti
1354 4447 1411 4500 in
1441 4447 1578 4502 silva
1609 4447 1806 4512 latens,
1838 4447 1894 4502 in
1919 4447 2116 4502 litterae

525 4535 842 4604 superficie,
878 4550 1060 4604 neque
1098 4551 1232 4590 vero
1283 4537 1862 4606 incomprehensibilis
1903 4538 1971 4592 iis
2019 4538 2115 4608 qui

526 4623 726 4678 sectari
769 4639 890 4677 eam
944 4623 1156 4689 velint,
1199 4641 1299 4694 per
1343 4626 1682 4695 spiritualem
1714 4643 1776 4682 ac
1815 4628 2114 4697 perfectam

529 4713 1072 4783 contemplationem.
1105 4714 1241 4779 Hoc,
1271 4724 1329 4769 ut
1361 4715 1620 4780 arbitror,
1657 4726 1761 4780 cst,
1797 4717 1943 4786 quod
1969 4718 2116 4772 Isaac

529 4803 716 4875 cupiat
745 4801 1092 4858 venationem
1127 4803 1293 4858 Esau.
1330 4804 1600 4859 Caeterum
1632 4805 1962 4874 imperatum
1987 4806 2114 4876 qui—

529 4895 655 4950 dem
677 4893 810 4959 fuit,
844 4901 906 4948 ut
945 4894 1078 4960 dixi,
1101 4895 1308 4960 lsraeli,
1344 4903 1400 4950 et
1427 4895 1705 4950 facturum
1751 4912 1809 4952 se
1837 4897 2109 4967 promisit.

529 4985 676 5040 Dixit
705 4987 854 5040 enim
874 4986 930 5040 in
953 4985 1173 5041 Choreb
1197 4995 1524 5057 congregata
1552 4986 1626 5041 ibi
1652 4989 1938 5051 concione,
1970 4989 2112 5044 Deo—

528 5093 636 5146 que
666 5078 723 5132 in
762 5079 945 5148 specie
979 5078 1120 5149 ignis
1153 5078 1209 5132 in
1248 5087 1492 5134 montem
1542 5078 1670 5134 Sina
1701 5079 2110 5136 descendente:

537 5185 558 5217 ο
591 5166 807 5233 Omnia,
840 5184 962 5239 quae
1011 5168 1212 5224 dixerit
1241 5169 1506 5226 Dominus
1547 5170 1712 5233 Deus,
1749 5169 2034 5232 faciemus,
2061 5179 2115 5224 et

2215 3993 2419 4056 πίστει,
2455 4008 2530 4060 φη
2542 3991 2623 4060 μὶ,
2647 3991 2741 4044 καὶ
2769 3992 2826 4044 ἐν
2853 3990 3075 4075 Χριστῷ
3104 3990 3478 4060 κεκλημένων,
3500 3989 3575 4062 τῷ
3591 3992 3811 4067 Ἰσραὴλ

2213 4083 2522 4136 ἐνετέλλετο
2549 4083 2576 4135 ὁ
2604 4081 2712 4134 τῶν
2757 4081 2894 4134 ὅλων
2927 4082 3203 4151 Δεσπότης
3247 4083 3342 4134 καὶ
3375 4083 3585 4154 Πατὴρ,
3622 4082 3808 4150 ξένιον

2213 4174 2404 4246 ὥσπερ
2433 4193 2484 4228 τι
2502 4173 2775 4244 λαμπρὸν,
2800 4175 2896 4228 καὶ
2916 4174 3162 4245 καρποὺς
3183 4175 3503 4238 ἐπιεικείας,
3526 4176 3619 4229 καὶ
3641 4177 3810 4230 οἱονεὶ

2215 4268 2392 4321 πόνων
2427 4267 2647 4335 ἀγαθῶν
2699 4267 3008 4339 εὑρήματα,
3047 4267 3442 4337 προσκομίζειν
3476 4267 3804 4337 ἐπείγεσθαι

2215 4361 2315 4432 τὴν
2348 4360 2688 4415 ἀνδάνουσαν
2721 4359 2871 4430 αὐτῷ
2897 4359 3170 4413 πολιτείαν
3201 4360 3294 4413 καὶ
3321 4360 3489 4432 ζωὴν,
3521 4361 3554 4432 ἢ
3583 4359 3672 4414 διὰ
3699 4360 3807 4429 τῆς

2215 4456 2274 4507 ἐν
2310 4455 2458 4525 νόμῳ
2480 4453 2624 4524 ζωῆς
2647 4455 2761 4515 τοῖς
2791 4452 2959 4505 πάλαι
2997 4452 3467 4522 προανεγράφετο,
3515 4453 3808 4522 μονονουχὶ

2215 4548 2327 4609 τοῖς
2361 4544 2556 4607 τύποις
2596 4543 3046 4613 ἐγκεκρυμμένη,
3079 4542 3173 4595 καὶ
3215 4543 3290 4606 ὡς
3332 4542 3432 4614 ὕλη
3463 4542 3807 4598 λανθάνουσα

2217 4635 2295 4704 τῷ
2338 4633 2576 4707 περιττῷ
2606 4632 2701 4686 τοῦ
2733 4633 3080 4704 γράμματος,
3131 4629 3232 4688 οὐκ
3266 4634 3545 4697 ἀνάλωτός
3597 4650 3659 4703 γε
3696 4634 3808 4706 μὴν

2216 4728 2330 4788 τοῖς
2374 4724 2619 4777 ἐθέλουσι
2668 4723 2967 4795 φιλοθηρᾷν
3011 4725 3096 4779 διὰ
3136 4725 3238 4797 τῆς
3285 4727 3344 4780 ἐν
3387 4727 3658 4797 πνεύματι
3707 4728 3808 4780 καὶ

2216 4813 2477 4886 ἀκριῦοῦς
2519 4815 2772 4885 θεωρίας.
2810 4813 3000 4882 Τοῦτο,
3043 4810 3225 4887 οἶμαι,
3253 4816 3373 4870 ἐστὶ
3393 4816 3456 4870 τὸ
3490 4817 3588 4889 τῆς
3630 4815 3805 4870 Ἠσαῦ

2218 4906 2389 4978 θήρας
2433 4905 2772 4978 ἐπιθυμῆσαι
2807 4908 2902 4960 τὸν
2946 4909 3150 4964 Ἰσαάκ.
3199 4909 3360 4963 Ἀλλά
3401 4909 3806 4982 προσετάττετο

2223 4997 2342 5067 μὲν,
2379 4996 2629 5066 καθάπερ
2651 4996 2810 5066 ἔφην,
2843 5000 2871 5051 ὁ
2927 4998 3165 5069 Ἰσραὴλ,
3206 4999 3299 5053 καὶ
3324 4997 3388 5072 δὴ
3412 5001 3508 5054 καὶ
3537 4999 3805 5070 ὑπέσχετο

2217 5085 2540 5157 κατορθοῦν.
2573 5088 2718 5158 Ἔφη
2750 5089 2857 5160 γὰρ
2886 5090 2944 5142 ἐν
2972 5089 3174 5160 Χωρὴϐ
3219 5090 3680 5163 συνηθροισμένης
3702 5092 3804 5160 τῆς

2218 5177 2539 5250 ἐκκλησίας,
2575 5181 2668 5232 καὶ
2696 5182 2753 5233 ἐν
2784 5181 2913 5234 εἴδει
2946 5181 3115 5252 πυρὸς
3141 5181 3234 5233 ἐπὶ
3281 5181 3342 5236 τὸ
3377 5181 3501 5254 ὅρος
3541 5183 3668 5237 Σινά
3703 5199 3803 5236 κα-

527 5261 736 5316 erimus
768 5261 1090 5318 obedientes
1117 5263 1181 5317 ³⁸.
1220 5283 1237 5314 ι
1280 5263 1569 5336 Negligens
1597 5271 1779 5318 autem
1819 5261 2112 5317 admodum

2221 5272 2651 5341 ταφοιτήσαντος
2671 5271 2806 5327 Θεοῦ
2833 5289 2844 5302 ο
2888 5292 2905 5324 ι
2941 5273 3126 5327 Πάντα
3156 5274 3353 5336 ὃσαηᾶν
3385 5275 3514 5347 εἴπῃ
3542 5274 3744 5345 Κύριος
3773 5277 3802 5328 ὁ

528 5351 908 5422 deprehensus
932 5363 1015 5410 est
1046 5369 1113 5408 ex
1165 5353 1346 5409 rebus
1377 5354 1510 5426 ipsis
1533 5395 1547 5420 ,
1591 5355 1805 5410 etiamsi
1835 5354 2011 5410 facilis
2055 5355 2112 5410 in

529 5447 920 5516 promittendo.
973 5447 1188 5503 Idcirco
1214 5447 1362 5502 cedit
1403 5463 1563 5503 suum
1595 5449 1797 5516 locum,
1839 5460 2002 5520 atque
2036 5450 2110 5504 ita

531 5537 910 5608 supplantotor
937 5537 1106 5592 Jacob
1130 5553 1256 5592 eum
1295 5540 1611 5605 antevertit,
1636 5541 1742 5596 hoc
1777 5550 1862 5598 est
1884 5582 1898 5605 ,
1935 5557 2111 5596 novus

531 5632 586 5685 in
614 5631 719 5687 fide
740 5632 995 5702 populus.
1019 5632 1228 5686 Obtulit
1245 5633 1389 5687 enim
1420 5634 1532 5689 Deo
1553 5636 1801 5706 quzeipse
1825 5636 2104 5707 cupiebat,

2219 5362 2370 5428 Θεὸς,
2409 5366 2732 5435 ποιήσομεν,
2781 5366 2874 5418 καὶ
2914 5366 3278 5436 ἀκουσόμεθα.
3337 5385 3354 5419 ι
3403 5366 3706 5438 ’Δμελητὴς
3743 5367 3799 5421 δέ

2219 5454 2340 5510 λίαν
2373 5458 2732 5528 κατεφωρᾶτο
2773 5457 2864 5511 διά
2894 5457 3001 5510 τῶν
3037 5459 3400 5529 πραγμάτων,
3432 5459 3611 5512 καίτοι
3662 5459 3798 5528 πρό-

2218 5563 2400 5617 χειρος
2439 5544 2518 5600 ὢν
2544 5548 3016 5616 είςέπαγγελίαν.
3041 5550 3310 5622 Ταύτῃτοι
3354 5552 3448 5604 καὶ
3490 5550 3578 5604 διὰ
3632 5553 3798 5620 μέσου

2217 5642 2426 5710 χωριεῖ,
2464 5639 2656 5710 φθάνει
2694 5658 2753 5695 τε
2784 5639 2955 5706 οὕτως
2985 5645 3014 5696 ό
3043 5644 3612 5717 πτερνιστὴςῇῐακὼσ,
3642 5661 3800 5700 τουτ-

618 5805 661 5836 ³⁹
687 5806 821 5863 Gen.
855 5823 978 5875 xxv,
1022 5808 1207 5866 18-99.
1288 5811 1334 5842 ³³
1359 5809 1513 5885 ibid.
1546 5809 1730 5865 30-40.
1815 5812 1857 5844 "
1886 5813 2058 5868 Exod.
2089 5829 2196 5880 xix,
2218 5814 2270 5869 8.
