4034 6452
358 382 465 446 if!)

1415 387 1947 447 GLAPIIYRORUM
1984 378 2053 443 ΙΝ
2092 385 2396 443 GENESIM
2438 386 2566 442 LIB.
2610 373 2696 441 lli.

3592 384 3694 442 170

358 509 548 570 ἐστιν,
575 505 606 559 ό
629 502 749 570 νέος
772 518 833 558 τε
862 503 960 559 καὶ
981 503 1057 568 ὼς
1101 504 1160 560 ἐν
1186 503 1367 559 πίστει
1393 505 1542 570 λαός.
1569 506 1987 579 Προσκεκόμικε

2092 515 2150 561 et
2189 507 2589 576 tergiversante
2634 519 2697 558 ac
2760 500 3012 557 tardante
3066 492 3437 575 primogenilo
3488 509 3693 574 populo

358 601 479 671 γὰρ
511 598 595 670 τῷ
623 598 750 671 Θεῷ
786 598 856 653 τά
880 597 1218 670 ζητούμενα,
1254 584 1627 670 ἀναδυομὲνου
1652 616 1710 654 τε
1742 600 1836 654 καὶ
1868 601 1989 672 μέλ-

356 693 559 757 λοντος
588 692 689 746 τοῦ
722 688 1081 764 πρωτοτόκου
1128 690 1283 755 λαοῦ,
1327 691 1861 763 προεκαρποφόρησε
1887 691 1986 762 τὴν

357 786 581 848 πίστιν,
621 785 690 857 ἦν
729 784 827 837 καὶ
861 785 920 838 ὲν
951 782 1105 848 τάξει
1137 783 1350 855 τροφῆς
1390 785 1424 852 ἡ
1456 783 1579 838 θεία
1617 786 1853 837 ποιεῖται
1888 784 1989 853 φύ-

359 892 475 940 σις.
511 876 630 929 Καὶ
671 874 808 945 γοῦν
833 876 864 929 ὁ
893 874 1090 949 Σωτὴρ
1116 874 1237 939 τοῖς
1281 875 1459 944 ἁγίοις
1492 876 1816 939 ἀποστόλοις
1843 875 1987 930 οὕτω

356 966 463 1038 τὴν
498 966 871 1039 Σαμαρειτῶν
901 966 1240 1037 ἐπιστροφὴν
1291 968 1741 1039 προκατεμήνυε,
1773 968 1949 1037 λέγων
1968 985 1981 999 θ

366 1077 387 1110 ι
445 1057 602 1129 Ἐγὼ
648 1058 859 1131 βρῶσιν
907 1059 1020 1129 ἔχω
1050 1062 1270 1128 φαγεῖν,
1303 1060 1371 1130 ἣν
1406 1061 1566 1131 ὑμεῖς
1598 1062 1702 1116 οὐκ
1728 1061 1929 1117 οἴδατε.
1962 1081 1981 1114 ι

361 1152 695 1225 Διατρανῶν
737 1152 799 1206 δὲ
827 1151 892 1206 τὸ
941 1152 1258 1224 είρημὲνον,
1315 1172 1334 1205 ι
1396 1154 1560 1226 Ἐμὸν
1605 1156 1807 1228 βρῶμά
1846 1159 1986 1223 ἐστι,

361 1248 567 1318 φησιν,
603 1244 697 1299 ἵνα
729 1244 873 1298 ποιῶ
900 1245 965 1298 τὸ
1008 1244 1227 1315 Θέλημα
1265 1246 1360 1299 τού
1398 1247 1718 1318 πέμψαντός
1761 1266 1852 1320 με,
1892 1250 1989 1304 καὶ

362 1340 656 1393 τελειώσω
685 1337 856 1395 αὐτοῦ
874 1337 938 1391 τὸ
969 1337 1153 1409 ἔργον.
1186 1357 1207 1390 ι
1246 1340 1369 1394 Ὅτι
1396 1340 1454 1394 δὲ
1479 1342 1705 1410 γέγονεν
1728 1344 1990 1415 ἀνόνητον

367 1434 476 1504 μὲν
505 1436 628 1497 τοῖς
675 1431 736 1500 ἐξ
777 1430 998 1503 Ἰσραὴλ
1036 1431 1098 1486 τὸ
1144 1432 1363 1504 ἕτοιμον
1402 1437 1483 1499 είς
1526 1436 1843 1507 ὑπόσχεσιν,
1886 1440 1989 1493 οὐκ

366 1524 726 1596 ἑξοιχομὲνου
761 1523 901 1595 πρὸς
936 1524 1111 1596 πέρας
1133 1525 1321 1590 αὐτοῖς
1355 1526 1450 1580 τοῦ
1485 1528 1833 1599 πράγματος,
1874 1529 1991 1600 ἡδί-

366 1633 517 1687 κησε
555 1614 614 1667 δὲ
644 1613 714 1668 τὰ
749 1613 880 1686 ἔθνη
923 1614 1210 1680 παντελῶς
1230 1615 1383 1670 οὐδὲν
1416 1619 1444 1670 ὁ
1473 1617 1567 1670 ἐπί
1596 1635 1660 1688 γε
1695 1619 1756 1673 τὸ
1790 1622 1988 1692 χρῆναι

366 1710 665 1762 πιστεύειν
680 1708 839 1771 ὄκνος
867 1708 1227 1777 ὲπεγνωκότα
1251 1710 1342 1764 τὸν
1370 1712 1692 1784 Λυτρωτὴν,
1722 1714 1816 1767 καὶ
1844 1732 1989 1768 τετι-

370 1800 603 1871 μηκότα
628 1798 821 1854 λοιπὸν
861 1802 984 1864 ταῖς
1013 1802 1094 1865 είς
1128 1801 1239 1853 πᾶν
1265 1801 1446 1856 ὁτιοῦν
1489 1784 1598 1857 τῶν
1642 1805 1865 1873 ἀγαθῶν
1896 1807 1953 1860 εύ
1973 1838 1986 1848 ι

368 1893 684 1958 πειθείαις,
722 1892 813 1947 διά
855 1892 1177 1965 παραϐολῆς
1224 1895 1374 1966 ἡμᾶς
1405 1890 1698 1962 ἐδίδαξενό
1730 1900 1987 1969 Χριστός.

370 1987 531 2057 Ἔφη
565 1985 677 2058 γάρ
705 1984 916 2051 οὕτως·
959 2003 980 2037 ι
1030 1985 1355 2059 Ἄνθρωπός
1377 2005 1463 2052 τις
1510 1986 1625 2060 εἶχε
1673 1990 1840 2045 τέκνα
1872 1992 1989 2056 δύο,

366 2080 474 2132 καὶ
508 2075 836 2149 προσελθὼν
861 2075 943 2148 τῷ
969 2076 1196 2149 πρώτῳ.
1233 2074 1355 2133 εἷπε
1379 2095 1391 2108 ·
1418 2080 1652 2147 Τέκνον,
1687 2081 1865 2152 ὕπαγε
1890 2076 1990 2155 σή-

371 2189 550 2243 μερον
584 2170 826 2244 ἐργάζου
868 2173 932 2225 ἐν
968 2170 1049 2243 τῷ
1078 2172 1368 2243 ἀμπελῶνί
1395 2190 1519 2245 μου.
1569 2174 1626 2227 Ὀ
1660 2174 1716 2228 δὲ
1759 2176 1992 2248 ἀποκρι-

365 2264 490 2330 θεὶς
545 2258 730 2337 εἶπεν,
791 2264 870 2318 Ob
930 2263 1090 2318 θέλω.
1142 2265 1417 2337 ’Ύστερον
1469 2266 1524 2320 δὲ
1586 2268 1991 2339 μεταμεληθεὶς

366 2355 618 2428 ἀπῆλθε.
650 2355 979 2429 Προσελθὼν
1020 2356 1078 2410 δὲ
1110 2356 1189 2428 τῷ
1217 2358 1393 2429 ἑτέρῳ
1421 2354 1577 2412 εἶπεν
1609 2360 1893 2425 ὡσαύτως.
1933 2362 1991 2416 '0

366 2451 433 2503 δὲ
453 2450 786 2521 ἀποκριθεὶς
804 2444 985 2502 εἶπεν·
1018 2449 1181 2518 Ἐγὼ,
1206 2451 1403 2523 Κύριε,
1417 2452 1514 2506 καὶ
1526 2452 1627 2506 οὐκ
1646 2454 1878 2526 ἀπῆλθε.
1894 2456 1991 2520 Τίς

368 2545 442 2596 ἐκ
475 2542 590 2597 τῶν
632 2541 730 2595 δύο
774 2542 1005 2612 ἐποίησε
1051 2542 1114 2596 τὸ
1157 2542 1373 2615 θέλημα
1416 2544 1510 2599 τοῦ
1562 2547 1811 2616 Πατρός;
1849 2567 1868 2601 ι
1932 2548 1991 2603 'U

366 2632 635 2687 ἀπελθὼν
655 2635 736 2696 είς
755 2632 850 2687 τὸν
872 2632 1174 2702 ἀμπελῶνα
1204 2634 1472 2706 δηλονότι,
1498 2639 1591 2693 καὶ
1613 2640 1661 2692 εί
1693 2640 1869 2713 βραχὺ
1896 2659 1992 2713 με·

363 2725 514 2791 ταξὺ
543 2725 845 2799 παρεισέδυ
875 2726 937 2779 τὸ
962 2725 1214 2796 ἀδρανὲς,
1244 2728 1424 2782 ὀκνεῖν
1453 2731 1745 2787 ἀναπεῐθον
1773 2734 1834 2787 τὸ
1859 2735 1994 2788 ὑπε-

368 2837 483 2890 σχη
492 2819 681 2889 μένον.
700 2817 813 2872 Θέα
835 2818 902 2891 δὴ
918 2815 1015 2874 οὖν
1042 2820 1101 2873 ὲν
1120 2820 1333 2886 τούτοις
1354 2825 1753 2897 προχειρότατα
1778 2827 1877 2899 μὲν
1902 2828 1992 2881 ἐπὶ

366 2911 477 2980 τὴν
491 2908 563 2979 θή
573 2925 675 2979 ραν
707 2907 856 2962 ἰόντα
866 2908 958 2963 τὸν
986 2909 1049 2963 'll
1057 2908 1181 2976 σαῢ,
1196 2911 1292 2965 καὶ
1308 2909 1467 2965 τοῦτο
1480 2913 1615 2985 δρᾷν
1631 2915 1890 2987 ύπισχνού
1898 2934 1994 2988 με·

366 2999 780 3070 νον,φθάνοντα
796 2999 854 3054 δὲ
865 3001 958 3054 τὸν
975 3001 1194 3067 Ἰακὼϐ,
1207 3003 1388 3058 καίτοι
1404 3004 1563 3061 τοῦτο
1577 3006 1710 3079 δρᾷν
1727 3010 1783 3062 ὲν
1795 3009 1993 3080 ἀρχαῖς

368 3090 742 3162 ἀρνούμενον,
763 3090 904 3162 πλὴν
925 3091 1291 3161 εὐλογηθέντα
1311 3097 1566 3168 παράτοῦ
1584 3099 1812 3171 πατρός.
1834 3099 1992 3155 Οὕτω

2093 598 2249 668 prius
2278 598 2441 652 ﬁdem
2462 596 2834 661 fructiﬁcavit,
2862 612 2983 666 quae
3004 596 3206 651 divina:
3237 604 3448 651 natura:
3486 606 3571 651 cst
3606 598 3695 653 in-

2092 701 2205 746 star
2224 691 2353 745 eihi.
2387 691 2559 745 Porro
2584 690 2836 745 Salvator
2872 688 3077 744 sanctis
3117 688 3380 759 apostolis
3402 689 3474 743 ita
3501 688 3694 744 Sama—

2092 783 2402 837 ritanorum
2442 782 2861 837 conversionem
2902 780 3346 852 pratsigniﬁcavit
3371 822 3383 845 ,
3444 781 3635 837 dicens
3678 792 3692 838 ὲ

2100 893 2118 925 ι
2148 874 2263 945 Ego
2287 875 2472 929 cibum
2503 874 2681 929 habeo
2715 875 2782 930 ad
2824 875 3227 929 comedendum
3267 882 3429 945 quem
3471 891 3569 930 vos
3592 886 3696 930 ne-

2092 967 2330 1022 scitis“.
2360 988 2377 1018 ι
2414 967 2711 1037 Explicatis
2738 977 2924 1022 autem
2970 967 3118 1038 quod
3164 967 3379 1022 dixerat
3413 985 3425 1021 :
3468 987 3487 1019 ι
3523 966 3698 1023 Cibus

2092 1078 2252 1119 meus
2287 1071 2391 1127 est,
2442 1081 2460 1114 ι
2498 1054 2700 1132 inquit,
2738 1080 2756 1111 ι
2787 1068 2849 1115 ut
2879 1060 3076 1115 faciam
3123 1062 3469 1115 voluntatem
3516 1060 3697 1115 Patris

2092 1155 2222 1221 mei,
2261 1164 2317 1211 et
2345 1155 2627 1226 perﬁciam
2654 1169 2793 1224 Opus
2822 1150 2997 1223 ipsius
3020 1152 3087 1206 ³⁸.
3125 1172 3143 1205 ›
3180 1152 3338 1220 Quod
3363 1162 3496 1207 vero
3521 1153 3697 1207 inuti-

2091 1246 2159 1302 lis
2186 1246 2348 1318 plane
2370 1246 2541 1303 fuerit
2565 1245 2831 1302 lsraelitis
2858 1244 3239 1317 promptiludo
3265 1245 3331 1299 ad
3355 1230 3696 1316 promittens-

2092 1337 2247 1403 dum,
2285 1354 2411 1393 cum
2444 1339 2714 1409 promissa
2761 1354 2872 1392 non
2916 1344 3359 1407 exscqncrenthr
3382 1378 3396 1402 ,
3434 1337 3697 1408 quodque

2092 1432 2349 1503 gentibus
2400 1431 2538 1485 nihil
2567 1430 2813 1497 obfuerit
2850 1429 3003 1485 tarde
3047 1427 3115 1483 ad
3157 1428 3322 1483 ﬁdem
3370 1429 3690 1493 accessisse,

2092 1531 2492 1595 cognoscentes
2519 1523 2967 1593 Redemptorem,
2986 1532 3041 1577 et
3066 1521 3332 1593 singulari
3362 1520 3430 1575 ad
3458 1520 3694 1591 quodvis

2091 1619 2300 1674 bonum
2345 1617 2661 1673 obedientia
2688 1616 2951 1686 deinceps
2989 1617 3255 1682 colentes,
3300 1614 3557 1671 Christus
3592 1626 3695 1671 nos

2066 1727 2191 1780 'per
2229 1708 2547 1781 parabolam
2599 1699 2808 1777 docuit.
2852 1708 2932 1765 lta
2962 1710 3111 1764 enim
3152 1709 3229 1764 ait
3266 1716 3279 1763 ἑ
3319 1729 3336 1760 ‹
3367 1708 3545 1764 Homo
3571 1710 3701 1778 qui-

2093 1802 2220 1857 dam
2241 1803 2437 1858 habuit
2462 1794 2604 1858 duos
2626 1798 2786 1868 ﬁlios,
2812 1802 2868 1859 et
2894 1802 3165 1858 accedens
3181 1799 3248 1856 ad
3270 1802 3515 1873 primum
3537 1801 3697 1856 dixit:

2102 1895 2225 1961 Fili,
2260 1895 2398 1951 vade
2423 1895 2589 1950 hodie
2632 1910 2866 1964 operare
2918 1894 2972 1948 in
3011 1894 3172 1948 vinea
3201 1908 3343 1948 mea.
3382 1892 3480 1948 llle
3513 1901 3701 1947 autem

2101 1988 2445 2059 respondens
2484 1989 2597 2044 ait:
2629 1980 2789 2042 Nolo.
2840 1985 3037 2041 Postea
3062 2001 3196 2040 vero
3217 1983 3550 2063 poenitentia
3582 1999 3702 2040 mo-

2102 2089 2211 2145 tus,
2244 2080 2398 2134 abiit.
2437 2078 2725 2134 Accedens
2744 2086 2927 2132 autem
2967 2076 3033 2132 ad
3059 2077 3296 2131 alterum
3321 2077 3464 2132 dixit
3497 2076 3699 2132 simili-

2100 2182 2206 2228 ter.
2231 2173 2416 2229 Atille
2434 2172 2605 2226 dixit:
2636 2172 2771 2242 Ego.
2798 2170 3049 2235 domine;
3077 2178 3261 2224 etnon
3293 2170 3450 2225 abiit.
3468 2170 3603 2225 Uter
3631 2180 3703 2226 ex

2099 2268 2319 2323 duobus
2368 2267 2502 2322 fecit
2533 2266 2875 2322 voluntatem
2919 2265 3095 2335 patris
3122 2265 3213 2319 ‘7?
3273 2284 3290 2315 ι
3326 2263 3430 2331 Qui
3464 2264 3602 2318 abiit
3643 2264 3701 2319 in

2099 2360 2339 2428 vineam,
2364 2360 2556 2430 procul
2576 2347 2768 2425 dubio,
2788 2356 3005 2413 etiamsi
3037 2357 3206 2428 paulo
3232 2364 3499 2427 pesteum
3536 2362 3703 2411 occu-

2098 2454 2251 2524 pavit
2302 2452 2654 2508 imbeciilitas
2677 2493 2691 2518 ,
2729 2467 2885 2523 qua),
2923 2457 2985 2504 ut
3034 2449 3322 2521 promissis
3353 2462 3465 2505 non
3503 2444 3697 2513 staret,

2097 2546 2303 2603 effecit.
2338 2546 2475 2600 Vide
2515 2540 2702 2615 itaque
2736 2534 2792 2597 in
2832 2542 2951 2607 his,
2988 2541 3134 2597 Esau
3178 2542 3590 2613 promptissime
3628 2543 3696 2598 ad

2058 2696 2063 2701 ,
2099 2639 2412 2695 venandum
2453 2647 2701 2704 euntem,
2731 2646 2897 2708 atque
2935 2638 3042 2692 hoc
3082 2635 3263 2691 facere
3293 2635 3648 2706 pollicentem
3682 2678 3695 2691 .

2095 2722 2267 2790 Iacob
2304 2750 2439 2789 vero
2470 2748 2599 2789 cum
2650 2728 3131 2793 antevertentem,
3169 2729 3387 2785 tametsi
3435 2728 3595 2783 initio
3639 2728 3698 2784 id

2096 2827 2278 2883 facere
2304 2828 2661 2892 detrectaret,
2681 2834 2954 2896 praeterea
2987 2823 3342 2880 benedictum
3386 2840 3507 2880 esse
3538 2836 3569 2878 a
3595 2832 3697 2893 pa-

2098 2919 2305 2975 tre.lta
2340 2919 2509 2973 etiam
2546 2932 2726 2972 novus
2752 2916 2991 2988 populus
3035 2916 3297 2986 praecepit
3346 2915 3695 2972 benediCtio—

2096 3027 2225 3068 nem
2254 2994 2414 3084 10E.
2439 3019 2652 3066 tantum
2685 3026 2798 3065 non
2842 3009 3125 3071 ﬁetitiam,
3154 3002 3401 3066 Judaiea:
3434 3011 3561 3065 vitae
3601 3018 3697 3067 ve-

2097 3114 2237 3163 stem
2251 3104 2481 3168 habens,
2499 3102 2965 3174 quemadmodum
2985 3101 3097 3157 fere
3110 3111 3194 3157 est
3213 3097 3383 3157 Iacob
3401 3098 3589 3158 fratris
3607 3102 3695 3160 sui

370 3182 477 3237 καί⁵
494 3183 523 3235 6
552 3181 673 3245 νέος
695 3182 824 3246 λαὸς
844 3183 1193 3256 ἀρπάζειτὴν
1206 3186 1485 3256 εὐλογίαν,
1519 3168 1807 3260 μονονουχὶ
1822 3190 1987 3247 κα.τά-

2095 3197 2243 3254 Esau
2273 3168 2567 3254 hirsutiein
2595 3196 2883 3253 haedorum
2921 3188 3163 3267 pellibus
3206 3190 3484 3268 sapienter
3513 3197 3698 3254 imita-

373 3271 628 3327 πλαστον
653 3238 923 3344 ἒχων-τῆς
950 3238 1990 3352 Ἰουδαϊκῆς⁷
2017 3238 2058 3294 C

364 3365 563 3437 θάπερ
590 3366 788 3437 ἀμέλει
837 3365 937 3419 καὶ
981 3364 1181 3422 Ἰακὼϐ
1206 3367 1308 3441 τὴν
1362 3370 1535 3426 Ἡσαῦ
1568 3371 1850 3447 δασύτητα
1875 3378 1989 3440 τοῖς

364 3459 487 3514 τῶν
510 3458 722 3531 ἐρίφων
747 3456 1018 3529 δέρμασιν
1045 3459 1385 3538 ἀπεμιμεῖτο
1416 3464 1619 3532 σοφῶς.
1666 3466 1805 3521 Ἀλλ’
1822 3467 1988 3538 ἤκουε

366 3550 476 3607 τοῦ
514 3549 730 3622 πατρὸς
762 3549 930 3612 εὐθὺς
976 3550 1427 3625 ἀνακεκραγότος
1452 3574 1465 3589 ·
1509 3574 1529 3608 ι
1584 3557 1649 3612 Ἠ
1690 3558 1791 3630 μὲν
1834 3560 1988 3631 φωνὴ

369 3641 535 3713 φωνὴ
579 3640 801 3709 Ἰακὼϐ,
830 3641 888 3695 αί
939 3639 996 3695 δὲ
1027 3647 1211 3716 χεῖρες
1249 3648 1430 3717 χεῖρες
1469 3646 1664 3705 Ἡσαῦ.
1699 3668 1717 3700 ι
1760 3650 1894 3704 Τίνα
1922 3651 1988 3721 δὴ

366 3731 473 3790 οὖν
500 3737 613 3809 ἄρα
635 3738 846 3810 τρόπον
868 3740 1292 3813 ὲφαρμόσαιμεν
1320 3739 1387 3794 ἂν
1410 3741 1522 3803 τοῖς
1554 3743 1612 3793 ὲν
1635 3744 1818 3796 πίστει
1837 3742 1988 3807 λαοῖς

365 3828 439 3883 τὸ
481 3829 580 3883 καὶ
620 3833 681 3885 ἐν
717 3831 851 3886 εῖδει
889 3833 1167 3903 γενέσθαι,
1212 3832 1308 3888 καὶ
1334 3831 1409 3897 ὡς
1454 3833 1511 3885 ἐν
1555 3835 1839 3905 μιμήματι
1887 3836 1987 3905 τῆς

382 3920 695 3992 Ἰουδαϊκῆς
726 3923 1007 3989 πολιτείας
1023 3943 1083 3980 τε
1118 3926 1214 3980 καὶ
1239 3925 1437 3997 ἑτέραν
1457 3925 1606 3998 ἔχειν
1640 3928 1766 3999 παρ’
1788 3930 1987 3994 αὐτοὺς

364 4013 477 4083 τὴν
508 4014 734 4084 φωνήν;
758 4017 973 4072 Οὐκοῦν
992 4020 1173 4072 ἐκεῖνό
1207 4035 1410 4090 φαμεν,
1440 4017 1516 4083 ὼς
1545 4018 1695 4073 ἔστιν
1719 4020 1807 4074 ἀεὶ
1836 4022 1987 4094 παρά

362 4110 497 4174 ταῖς
535 4110 717 4175 θείαις
746 4112 1018 4183 Γραφαῖς,
1046 4114 1215 4185 ἔργου
1261 4112 1358 4168 καὶ
1391 4113 1839 4186 κατορθωμάτων
1866 4116 1985 4187 ἦτοι

362 4208 699 4279 πρακτικῆς
738 4210 1028 4281 ἐνεργείας
1072 4213 1298 4282 σημεῖον
1331 4209 1474 4282 χείρ.
1523 4210 1688 4264 Ὅσον
1727 4206 1820 4264 οὖν
1848 4207 1986 4284 ἧκεν

362 4300 457 4364 είς
485 4301 772 4371 ἐνεργείας
797 4303 1105 4375 ταυτότητα
1137 4305 1232 4359 καὶ
1259 4305 1492 4375 πιότητα
1514 4303 1981 4376 κατορθωμάτων,

360 4394 471 4447 καὶ
500 4395 661 4449 αὐτοὶ
701 4395 976 4468 πληροῦσι
1020 4396 1111 4450 τὸν
1149 4398 1314 4469 νόμον
1347 4396 1398 4451 οί
1426 4399 1486 4450 ὲν
1524 4396 1749 4469 Χριστῷ
1778 4398 1985 4469 νοητῶς

359 4503 427 4539 τε
473 4487 573 4541 καὶ
607 4488 1003 4560 πνευματικῶς
1045 4489 1519 4563 ἱερουργούμενοι,
1568 4489 1665 4543 καὶ
1694 4491 1774 4555 εἰς
1805 4490 1984 4562 ὀσμὴν

2093 3300 2201 3348 tus.
2253 3289 2527 3347 Caeterum
2572 3290 2786 3346 audivit
2830 3289 3016 3345 statim
3069 3298 3282 3360 patrem
3317 3289 3692 3347 clamantem:

2101 3383 2258 3439 «Haec
2282 3382 2509 3453 quidem
2534 3398 2659 3447 vox,
2681 3386 2786 3437 νοτ
2810 3380 3012 3447 Jacob;
3042 3396 3239 3435 manus
3264 3390 3470 3447 autem,
3498 3386 3697 3439 maniis

2092 3480 2238 3535 Esau
2258 3477 2323 3533 ³⁸.
2366 3496 2383 3529 ι
2414 3475 2668 3543 Quonam
2705 3472 2872 3545 igitur
2895 3471 3061 3528 modo
3088 3474 3569 3529 accommodemus
3588 3475 3701 3531 hoc

2091 3570 2312 3642 populis
2337 3568 2433 3640 qui
2472 3567 2529 3622 in
2556 3565 2665 3623 ﬁde
2688 3607 2703 3631 ,
2741 3564 2985 3637 speciem
3036 3564 3261 3635 quidem
3306 3581 3420 3636 prm
3445 3568 3503 3621 Se
3548 3566 3695 3623 ferre

2091 3661 2219 3716 vitae
2243 3659 2485 3716 Iudaica:
2506 3699 2519 3723 ,
2545 3667 2601 3712 et
2625 3657 2788 3713 aliam
2821 3656 2890 3710 ab
2928 3655 3062 3727 ipsis
3090 3672 3283 3711 vocem
3318 3654 3571 3711 habere?
3598 3657 3694 3712 Di-

2091 3770 2281 3810 cemus
2319 3753 2506 3824 itaque
2566 3752 2624 3806 in
2678 3749 2849 3806 sacris
2906 3737 3135 3806 Litteris
3187 3760 3413 3804 manum
3475 3764 3696 3821 semper

2090 3846 2428 3918 operationis
2461 3885 2477 3912 ,
2527 3844 2644 3900 sive
2698 3831 2892 3898 activae
2945 3842 3222 3899 facultatis
3266 3854 3387 3898 esse
3452 3843 3693 3915 signum.

2088 3939 2368 4008 Quantum
2411 3938 2580 4010 igitur
2612 3937 2810 3992 attinet
2840 3935 2909 3990 ad
2955 3935 3189 3991 actionis
3223 3925 3594 4001 identitatem,
3636 3945 3696 4009 et

2090 4034 2403 4090 ubertatem
2429 4046 2683 4102 operum,
2713 4029 2879 4085 etiam
2920 4027 3023 4099 ipsi
3051 4028 3283 4099 implent
3314 4027 3488 4099 legem
3518 4018 3614 4099 qui
3638 4022 3695 4084 in

2087 4124 2311 4182 Christo
2351 4122 2801 4180 intellectualiter
2825 4136 2889 4176 ac
2927 4110 3290 4191 spiritualite‘r
3330 4128 3461 4175 sunt
3486 4121 3695 4176 sancti-

2089 4218 2260 4281 ﬁcati,
2296 4224 2354 4273 et
2386 4217 2443 4271 in
2482 4216 2710 4271 odorem
2740 4200 3030 4269 suavitatis
3063 4214 3276 4284 soipsos
3304 4205 3547 4267 otTerunt
3580 4213 3695 4267 Deo

2088 4326 2154 4366 ac
2176 4309 2347 4365 Patri.
2370 4295 2527 4366 Unde
2550 4315 2607 4362 et
2630 4292 2887 4362 Christus
2918 4305 3234 4360 luculenter
3262 4305 3410 4376 leges
3450 4322 3686 4377 evange-

2089 4401 2224 4457 licas
2251 4399 2412 4456 nobis
2439 4398 2838 4469 praescribente,
2872 4416 2891 4448 ί
2925 4384 3105 4451 Nolite
3141 4404 3337 4467 putare
3358 4437 3372 4461 ,
3424 4416 3442 4449 ι
3485 4398 3689 4469 inquit.

2098 4512 2115 4543 ι
2146 4491 2296 4562 quod
2322 4490 2449 4546 veni
2476 4490 2693 4544 solvere
2720 4488 2919 4558 legem,
2951 4495 3048 4542 aut
3070 4488 3389 4559 prophetas.
3414 4490 3535 4546 Non
3562 4478 3689 4547 veni

358 4580 610 4645 εὐωδίας
630 4583 861 4647 ἑαυτοὺς
904 4583 1369 4654 προσκομίζοντες
1401 4582 1479 4655 τῷ
1507 4581 1628 4654 Θεῷ
1659 4583 1753 4637 καὶ
1782 4578 1979 4656 Πατρί.

2090 4585 2306 4641 solvere
2328 4583 2524 4653 legem,
2566 4581 2662 4636 sed
2688 4580 2939 4651 implere.
2973 4578 3147 4635 Amen
3186 4580 3392 4635 etenim
3428 4581 3553 4637 dico
3586 4600 3690 4638 vo-

360 4674 485 4729 Kal.
515 4674 697 4743 γοῦνό
728 4675 971 4747 Χριστὸς
989 4675 1289 4748 διαρρήδην
1316 4676 1515 4747 νόμους
1546 4678 1681 4748 ἡμῖν
1713 4676 1979 4742 τεθεικὼς

359 4762 797 4831 εὖαγγελικοὺς,
844 4784 864 4817 ι
897 4766 990 4836 Μὴ
1014 4766 1299 4837 νομίσητε.
1331 4768 1519 4837 φησὶν,
1549 4768 1629 4821 ὅτι
1671 4764 1837 4842 ἦλθον
1876 4786 1978 4825 κα-

357 4853 612 4908 ταλῦσαι
637 4856 733 4910 τὸν
752 4857 920 4928 νόμον
941 4859 976 4928 ἢ
1012 4859 1140 4920 τοὺς
1183 4860 1494 4930 προφήτας.
1539 4861 1654 4913 Οὐκ
1688 4856 1854 4932 ἦλθον
1888 4880 1981 4916 κα-

354 4946 607 5002 ταλῦσαι
634 4948 727 5003 τὸν
758 4950 945 5020 νόμον,
977 4951 1118 5005 ἀλλά
1152 4951 1462 5023 πληρῶσαι,
1503 4952 1678 5025 Ἀμὴν
1704 4954 1816 5025 γὰρ
1840 4948 1984 5023 λέγω

356 5038 527 5109 ὑμῖν,
561 5038 670 5104 ἕως
698 5038 766 5095 ἀν
795 5042 1047 5115 παρέλθῃ
1080 5044 1108 5095 ὁ
1138 5043 1369 5114 οὐρανὸς
1404 5044 1499 5097 καὶ
1531 5046 1564 5116 ἡ
1610 5045 1703 5116 γῆ,
1743 5046 1880 5102 ίῶτα
1925 5047 1983 5101 ἒν

358 5132 396 5201 ἢ
447 5130 555 5201 μία
584 5132 784 5202 κεραία
812 5134 874 5188 οὐ
907 5134 984 5205 μὴ
1008 5134 1260 5209 παρέλθῃ
1290 5136 1399 5189 ἀπὸ
1420 5134 1516 5189 τοῦ
1556 5137 1747 5207 νόμου,
1782 5138 1889 5202 ἕως
1915 5140 1982 5193 ἂν

356 5224 555 5277 πάντα
574 5225 828 5295 γένηται.
869 5245 888 5278 ι
918 5219 1120 5299 Συνίης
1136 5223 1252 5295 οὖν,
1284 5228 1666 5302 ἀποπληροῦσι
1701 5230 1793 5285 τὸν
1815 5231 1980 5303 νόμον

354 5315 410 5366 οί
440 5314 504 5366 ὲν
549 5314 780 5386 Χριστῷ
817 5316 918 5386 τὴν
959 5318 1018 5371 ὲν
1063 5317 1336 5389 πνεύματι
1383 5320 1686 5392 περιτομὴν
1720 5314 1842 5375 ἀντὶ
1879 5312 1980 5393 τῆς

356 5401 643 5475 σαρκίνης
671 5404 1065 5478 είσδεχόμενοι.
1111 5408 1508 5482 Εἰσερχόμενοι
1546 5403 1603 5465 δὲ
1635 5413 1730 5466 καὶ
1764 5417 1846 5478 εἰς
1878 5414 1979 5487 τὴν

357 5495 726 5550 κατάπαυσιν
760 5495 856 5551 τοῦ
902 5498 1166 5569 Χριστοῦ,
1199 5502 1296 5554 καὶ
1345 5502 1402 5554 ὲν
1454 5502 1677 5574 Χριστῷ
1714 5504 1977 5560 σαϐϐατίο

354 5586 578 5650 ζοντες,
613 5586 711 5639 καὶ
737 5586 829 5640 τὸν
855 5588 915 5640 ὲν
946 5590 1174 5662 κρυπτῴ
1198 5591 1295 5645 καὶ
1330 5591 1438 5647 ἔσω
1466 5592 1809 5659 δεικνύοντες
1843 5597 1977 5651 Ἰου-

352 5676 536 5734 δαῖον.
569 5677 771 5747 Τοῦτο,
798 5668 983 5753 οἴμαι,
1009 5683 1126 5739 ἐστὶ
1161 5684 1223 5739 τὸ
1257 5683 1353 5752 τάς
1389 5690 1577 5759 χεῖρας
1598 5687 1743 5761 ἔχειν
1777 5689 1973 5761 Ἡσαῦ,

412 5868 887 5955 “summas.
968 5871 1303 5931 "ibid.54.
1381 5844 2058 5944 πτΜοιιιι.κςι,οὶεμ-5ι.’

694 5960 969 6021 Ριιτιιοι.
1017 5965 1130 6024 Οτι.
1174 5967 1385 6035 LXIX.

102 6438 113 6439 κ
170 6438 205 6443 .-κ
258 6438 283 6443 .-
304 6438 311 6439 κ
346 6438 389 6445 ..-
464 6440 473 6441 κ

2090 4676 2197 4739 bis,
2222 4674 2400 4729 donec
2441 4678 2687 4727 transeat
2708 4671 2911 4726 omium
2942 4678 2996 4724 et
3030 4676 3196 4736 terra,
3236 4660 3345 4725 iota
3372 4687 3543 4726 unum
3593 4683 3691 4727 aut

2068 4786 2225 4841 .apex
2251 4782 2395 4823 unus
2414 4782 2523 4821 non
2548 4752 2808 4847 transibit
2845 4764 2913 4819 de
2946 4764 3085 4836 lege,
3119 4752 3295 4820 donec
3329 4765 3513 4822 omnia
3542 4765 3688 4847 facta

2089 4863 2202 4919 sint
2232 4862 2296 4913 ³⁵).
2327 4881 2344 4912 δ
2374 4859 2642 4933 lntelligis
2671 4859 2880 4929 itaque,
2919 4873 3030 4928 quo
3059 4866 3218 4928 pacto
3246 4858 3476 4928 implent
3506 4859 3685 4931 legem

2083 4956 2177 5026 qui
2206 4955 2262 5009 in
2291 4953 2513 5009 Christo
2540 4951 3020 5007 circumcisionem
3047 4950 3102 5003 in
3130 4940 3326 5021 spiritu
3349 4966 3449 5021 pro
3473 4954 3685 5008 carnali

2080 5046 2484 5117 susceperunt?
2537 5046 2809 5098 lntrantes
2872 5052 3056 5097 autem
3112 5032 3278 5096 etiam
3328 5038 3384 5096 in
3430 5044 3681 5114 requiem

2077 5134 2308 5204 Christi,
2343 5146 2399 5193 et
2422 5139 2479 5193 in
2514 5138 2737 5193 Christo
2772 5135 3074 5191 Sahbatum
3122 5124 3367 5191 colentes
3392 5177 3405 5202 ,
3436 5138 3589 5209 atqui
3622 5128 3681 5194 in

2078 5232 2298 5288 occulto
2313 5241 2371 5286 et
2396 5229 2631 5285 interius
2659 5227 2909 5284 Judaeum
2934 5235 3417 5297 repraesentantes.
3449 5220 3565 5286 Hoc
3587 5229 3681 5286 ni—

2078 5326 2282 5382 mirum
2315 5322 2586 5395 signiﬁeat
2607 5308 2776 5377 Iacob
2812 5304 3018 5376 habere
3042 5328 3238 5376 manus
3260 5321 3431 5389 Esau,
3458 5311 3554 5379 sed
3588 5325 3679 5380 di-

2076 5435 2293 5475 versam
2322 5419 2392 5474 ab
2433 5418 2554 5489 ipso
2597 5432 2810 5472 vocem.
2841 5417 3031 5489 Neque
3070 5416 3217 5472 enim
3245 5417 3562 5489 Judazorurn
3591 5419 3677 5474 ef-

2074 5511 2215 5567 freni
2245 5512 2434 5582 lingua
2458 5509 2702 5573 utimur;
2735 5524 2914 5579 neque
2947 5522 3080 5562 vero
3106 5495 3423 5573 Dominum,
3450 5484 3543 5577 qui
3571 5523 3675 5565 nos

2073 5602 2331 5666 redemit,
2350 5608 2637 5673 negantes,
2672 5599 3056 5671 blaSphemare
3086 5601 3359 5656 Solemus:
3394 5597 3672 5670 gloriﬁca—

2073 5711 2199 5753 mus
2232 5704 2420 5753 autem
2472 5709 2599 5751 cum
2666 5682 2781 5749 Deo
2809 5708 2874 5749 ac
2907 5694 3069 5750 Patre
3140 5680 3338 5748 Filium
3369 5701 3447 5748 et.
3482 5688 3671 5748 Domk

2753 5883 2795 5913 δί’
2828 5881 3016 5938 Matth.
3046 5896 3099 5944 v,
3136 5878 3222 5941 l7,
3264 5876 3351 5931 l8.

3266 5968 3304 6029 θ

2091 5883 2135 5916 ³⁸
2159 5883 2360 5941 Gencs.
2393 5899 2553 5949 xxvii,
2583 5882 2671 5937 ΞΩ.
