2046 3240
270 207 316 235 {'71

269 271 353 295 num,
374 266 402 289 et
429 261 599 289 Salvatorem
626 267 658 286 ac
680 257 892 292 Redemptorem
921 263 1060 284 vocamus.

275 309 409 337 Ἰουδαίων
428 306 666 344 ἀϐυρωγλωττίαις
686 305 900 339 ἀποκεχρήμεθα
910 312 917 318 ·
932 303 994 330 οὗτε
1010 302 1062 338 μὴν
1082 302 1126 328 τὸν
1139 301 1313 337 ἀγοράσαντα
1322 301 1395 336 ἡμᾶς
1407 299 1547 334 Δεσπότην
1570 298 1732 333 ἀρνούμενοι
1756 297 1896 333 δυσφημεῖν

271 357 430 393 εἰθίσμεθα·
455 353 695 389 συνδοξολογοῦμεν
718 352 746 379 δὲ
765 352 866 388 μᾶλλον
878 351 917 387 τῷ
934 351 993 386 Θεῷ
1010 351 1055 377 καὶ
1075 350 1162 385 Πατρὶ
1176 349 1222 376 τδν
1242 348 1319 381 Υἱὺν,
1332 347 1379 374 καὶ
1398 348 1512 382 Κύριον,
1527 346 1576 373 καὶ
1589 345 1713 380 Σωτῆρα,
1738 344 1784 371 καὶ
1795 345 1896 380 Δυτρω-

270 407 319 442 τὴν
336 404 513 440 ὀνομάζομεν.

785 202 812 229 S.
833 201 971 230 CYRILLI
992 197 1227 228 ALEXANDRINI
1249 196 1409 225 ARCHIEP.

1849 197 1895 225 {79.

1119 254 1188 290 πλὴν
1203 253 1300 290 ἑτέραν
1316 254 1382 288 παρ’
1396 251 1477 279 αὑτὸν
1491 251 1540 287 τὴν
1554 251 1658 286 φωνήν.
1675 249 1713 277 Οὐ
1727 250 1779 286 γάρ
1789 254 1828 277 τοι
1842 254 1894 283 ταῖς

306 453 332 480 5.
351 451 445 487 Opera:
467 449 585 485 pretium
599 455 665 476 vero
677 456 738 476 esse
759 448 888 475 existimo
899 468 906 479 ,
923 450 953 474 ut
975 446 1062 473 bene-

1150 447 1181 470 e’.
1203 442 1296 475 ’Ἄξιον
1318 441 1346 468 δὲ
1370 438 1446 476 οἶμαι
1468 440 1516 467 καὶ
1536 439 1586 475 τῆς
1603 438 1647 465 ἐπ’
1661 439 1762 473 ἀμφοῖν
1781 438 1896 473 εὐλογίας

270 497 400 525 dictionis
414 496 508 528 etiam,
524 502 584 529 quae
594 493 704 528 utrique
718 493 817 520 collata
829 496 881 525 est,
895 492 950 519 vim
967 492 1062 526 inqui-

271 547 363 572 rentes
379 563 386 576 ,
410 549 471 578 quae
486 541 565 568 nobis
587 540 615 567 in
628 543 748 567 mentem
763 539 909 570 venerint,
927 538 1061 565 dicamus.

270 590 363 625 Neque
376 589 450 617 enim
462 595 560 623 parum
578 586 706 613 utilitatis
716 585 780 612 inde
797 584 928 612 studiosis
939 587 981 611 est
997 591 1062 618 pro-

270 642 428 664 venturum.
439 634 486 662 Ait
500 633 583 669 igitur
597 633 695 661 beatus
704 631 780 658 Isaac
791 630 824 658 de
837 630 921 658 Jacob
931 629 1061 665 quidem:

274 693 282 708 ι
300 683 370 710 Ecce
384 681 453 708 odor
467 680 515 707 ﬁlii
528 679 592 710 mei,
605 677 689 705 veluti
700 677 768 704 odor
784 676 842 711 agri
855 676 940 711 pleni,
957 675 1001 702 cui
1014 675 1063 702 be-

270 729 376 757 nedixit
390 727 530 755 Dominus.
544 726 578 753 Et
590 725 636 752 det
648 724 697 751 tibi
710 722 843 750 Dominus
857 722 891 748 de
909 729 972 748 rore
989 721 1062 752 coeli.

270 779 299 803 et
314 775 348 801 de
367 772 534 809 pinguedine
557 775 637 798 terra:
655 768 858 796 multitudinem
882 766 1013 794 frumenti
1036 770 1065 793 et

270 821 338 848 \ini.
354 819 387 847 Et
400 818 519 846 serviant
532 816 695 852 tibigcn‘tes,
711 812 738 842 ei
750 814 864 841 adorent
873 818 898 840 te
914 813 1062 848 principes:

271 871 300 894 ct
315 870 374 894 esto
387 865 515 893 dominus
526 863 619 891 fratris
631 862 680 893 tui,
695 865 723 888 et
742 860 898 887 adorabunt
912 862 938 886 te
956 857 1005 885 ﬁlii
1014 865 1064 892 pa-

273 912 323 940 tris
339 911 387 939 tui.
405 910 458 943 Qui
473 908 646 936 maledixerit
664 906 725 938 tibi,
739 906 774 933 sit
787 904 963 937 maledictus;
976 907 1004 930 et
1015 903 1064 930 be-

271 957 402 985 nedicens
418 955 496 990 105
513 953 563 981 tibi
578 974 585 986 ,
600 953 637 980 sit
657 951 820 980 benedictus
834 951 867 977 ⁸ο.
888 960 897 976 ›
915 949 1011 977 Mistus
1023 953 1065 977 est

271 1005 300 1032 in
320 1003 363 1030 his
380 1002 500 1030 historiae
515 1007 616 1031 sermo,
631 1003 658 1026 et
671 1006 721 1033 per
738 997 807 1024 duas
820 1003 952 1031 personas
967 1003 1064 1030 procc-

271 1050 312 1077 dit
323 1048 357 1076 ad
369 1055 455 1075 unum
467 1045 609 1081 quidpiam
620 1044 660 1071 rei
673 1043 778 1070 veritas
791 1049 840 1076 per
852 1049 899 1068 res
909 1040 1064 1067 testiﬁcata.

271 1096 423 1131 Implentur
439 1093 513 1121 enim
526 1093 585 1120 haec
608 1099 664 1118 non
677 1089 791 1118 omnino
807 1089 835 1116 in
856 1088 951 1121 Iacob,
969 1088 1017 1115 sed
1037 1088 1065 1114 in

1117 489 1167 526 τὴν
1182 489 1297 523 δύναμιν
1322 485 1621 523 πολυπραγμονοῦντας
1641 484 1679 516 ὡς
1698 485 1726 510 ὲν
1739 484 1776 519 τῷ
1790 484 1828 515 εις
1842 484 1898 510 νοῦν

1116 534 1184 573 ἧκον
1207 535 1305 562 εἰπεῖν.
1331 533 1381 569 Εἵη
1407 533 1461 568 γὰρ
1485 533 1518 559 ἂν
1542 532 1600 562 τοῖς
1620 529 1821 565 ἐντευξομένοις
1836 529 1897 565 πρὸς

1117 582 1250 617 ὠφέλειαν
1269 580 1300 607 τὸ
1317 580 1420 615 χρῆμα.
1438 578 1512 613 Ἔφη
1527 577 1616 604 τοίνυν
1628 577 1642 602 6
1660 575 1793 611 μακάριος
1815 574 1899 601 Ἰσαὰκ

1118 627 1164 654 ὲπὶ
1179 627 1228 662 μὲν
1241 625 1288 652 τοῦ
1315 624 1422 652 Ἰακώϐ·
1447 633 1456 650 ι
1479 624 1545 650 Ἰδοὺ
1560 622 1631 658 ὀσμὴ
1645 622 1693 648 τοῦ
1714 621 1772 647 υἱοῦ
1792 629 1850 656 μου,
1866 620 1899 652 ὼς

1117 674 1190 709 ὀσμὴ
1207 671 1292 708 ἀγροῦ
1311 671 1431 707 πλήρους
1449 670 1478 696 ὂν
1503 669 1635 703 εὐλόγησε
1654 667 1766 702 Κύριος.
1783 666 1836 693 Καὶ
1850 666 1900 701 δῴή

1119 729 1160 747 σοι
1175 719 1276 754 Κύριος
1290 717 1345 745 ἀπὸ
1359 718 1406 752 τῆς
1421 717 1517 752 δρόσου
1533 715 1580 741 τοῦ
1592 713 1719 750 οὐρανοῦ,
1733 713 1780 739 καὶ
1795 712 1846 739 ἀπὸ
1857 712 1901 746 τῆς

1119 767 1246 801 πιότητος
1262 765 1312 800 τῆς
1334 764 1387 798 γῆς
1408 762 1509 798 πλῆθος
1525 762 1599 788 σίτου
1615 760 1663 787 καὶ
1683 760 1765 787 οἴνου,
1780 759 1832 786 Καὶ
1847 758 1900 785 δου-

1119 812 1292 839 λευσάτωσάν
1306 819 1347 837 σοι
1362 809 1438 845 ἔθνη,
1451 809 1499 835 καὶ
1518 806 1789 843 προσκυνησάτωσαν
1804 813 1843 831 σοι
1856 804 1901 839 ἀρ-

1119 868 1221 895 χοντες,
1247 858 1295 885 καὶ
1321 857 1396 891 γίνου
1425 855 1520 891 κύριος
1545 853 1591 880 τοῦ
1627 853 1744 888 ἀδελφοῦ
1769 860 1827 878 σου.
1852 850 1901 877 Καὶ

1120 904 1339 942 προσκυνήσουσί
1359 912 1400 930 σοι
1422 903 1446 929 oi
1463 902 1516 929 υἱοὶ
1535 900 1582 928 τοῦ
1598 899 1703 935 πατρός
1721 908 1779 926 σου.
1802 898 1829 924 '0
1841 906 1902 924 κατ-

1122 950 1264 986 αρώμενός
1279 958 1319 982 σε,
1336 947 1553 983 ὲπικατάρατος·
1571 947 1619 973 καὶ
1633 946 1648 972 ὁ
1659 943 1777 978 εὐλογῶν
1787 942 1902 974 65,5620-

1120 994 1410 1032 γημένος.·Μὲμικταί
1428 1001 1487 1025 πως
1510 993 1538 1019 ὲν
1560 991 1665 1022 τούτοις
1692 989 1741 1025 τῆς
1763 987 1902 1024 ίστορίαςό

1119 1043 1208 1077 λόγος,
1230 1041 1277 1069 καὶ
1297 1041 1340 1068 διὰ
1362 1040 1434 1067 δυοῖν
1451 1038 1608 1075 προσώποιν
1626 1037 1737 1072 ἔρχεται
1755 1035 1821 1070 πρὸς
1840 1034 1867 1060 ’ἐν
1878 1042 1902 1060 τι

1119 1089 1149 1115 τὺ
1166 1087 1265 1123 ἀληθὲς
1283 1087 1329 1114 καὶ
1342 1086 1387 1112 διὰ
1402 1084 1575 1121 πραγμάτων
1587 1083 1678 1111 αὐτῶν
1699 1079 1903 1118 μεμαρτυρημέ-

271 1126 423 1173 Chi-isw,et
436 1139 470 1166 iis
479 1138 526 1173 qui
534 1145 583 1172 per
592 1136 675 1164 ﬁdem
684 1134 826 1171 justiﬁeati
838 1137 913 1166 sunt,
924 1134 971 1168 qui
983 1133 1064 1160 etiam

1118 1142 1172 1160 νον.
1194 1132 1421 1169 Ἀποπεραίνεται
1437 1131 1487 1166 μὲν
1498 1131 1552 1166 γὰρ
1566 1130 1626 1165 οὐχὶ
1638 1129 1669 1164 δή
1687 1137 1739 1155 που
1759 1128 1862 1157 πάντως
1877 1126 1903 1151 ὲν

272 1187 320 1214 ﬁlii
330 1186 393 1213 facti
402 1189 465 1213 sunt
474 1182 624 1211 secundum
637 1181 848 1217 promissionem
858 1180 886 1207 in
898 1177 983 1207 Isaac.
998 1179 1071 1212 Qua-

272 1232 365 1261 drabit
380 1232 471 1266 itaque
489 1228 642 1265 prophetia:
654 1235 751 1255 sensus
768 1226 852 1254 etiam
864 1233 935 1253 novo
955 1225 1067 1260 populo,

272 1279 379 1315 ipsique
390 1276 500 1305 Christo
510 1275 566 1310 ,qui
579 1278 620 1302 est
632 1272 800 1309 principium
814 1275 841 1299 et
855 1271 920 1298 dux.
935 1271 1070 1298 Censetur

271 1323 451 1352 autemetiam
459 1322 485 1349 in
492 1319 730 1358 secundumAdam
739 1327 770 1346 ac
777 1318 862 1346 veluti
870 1317 988 1344 secunda
997 1324 1070 1352 qua:-

271 1371 333 1397 dam
350 1369 426 1396 radix
441 1366 620 1395 humanitatis
629 1370 743 1393 exortus
754 1369 805 1392 est.
815 1364 890 1391 Nova
903 1363 976 1391 enim
990 1370 1068 1390 crea-

271 1420 334 1442 tura
343 1414 405 1441 ﬁtin
415 1411 716 1445 Christo,renovatique
726 1418 822 1438 sumus
830 1410 858 1437 in
865 1410 924 1444 ipso
932 1409 965 1436 ad
972 1409 1069 1436 sancti-

271 1460 438 1493 ﬁcationem,
462 1457 754 1493 incorruptionemque
772 1460 800 1483 et
810 1455 904 1482 vitam.
926 1454 1068 1490 Signiﬁcat

271 1509 362 1533 autem
378 1502 579 1531 benedictionis
594 1502 664 1529 ratio
673 1501 836 1529 suavitatem
846 1499 940 1527 odoris
949 1500 976 1526 in
985 1499 1067 1527 Chri-

272 1555 325 1584 sto,
339 1554 367 1578 et
380 1549 551 1585 spiritualem
563 1569 570 1581 ,
585 1548 672 1575 veluti
683 1547 741 1583 agri
753 1551 782 1574 et
794 1547 869 1574 horti
886 1546 1066 1578 ﬁoridissimi,

273 1596 419 1631 pulchrum
441 1602 473 1621 ac
500 1601 612 1621 suavem
638 1601 672 1620 cx
692 1592 791 1633 vernis
813 1591 929 1619 ﬂoribus
952 1591 1067 1619 odorem

272 1642 433 1671 emittentis.
447 1642 486 1668 Ita
503 1641 576 1668 enim
595 1640 676 1668 nobis
689 1640 811 1675 seipsum
828 1640 857 1667 in
869 1639 983 1667 Cantico
1000 1647 1066 1666 can-

273 1689 390 1715 ticorum
412 1686 565 1714 nominavit
587 1686 714 1713 Christus
728 1706 735 1718 ,
761 1685 857 1713 dicens
877 1694 883 1712 :
910 1695 919 1711 ‹
944 1686 1000 1721 Ego
1017 1685 1067 1712 flos

272 1732 372 1767 campi,
390 1731 479 1758 lilium
495 1730 662 1758 convallium
676 1730 708 1756 “.
727 1739 736 1755 ι
754 1729 855 1756 Lilium
870 1729 945 1757 enim
959 1732 1029 1761 erat,
1038 1732 1067 1755 et

271 1787 338 1806 rosa
353 1786 386 1806 ex
412 1782 485 1805 terra
498 1781 558 1804 orta
573 1781 686 1812 propter
701 1776 919 1809 humanitatem;
933 1780 1064 1804 caeterum

271 1824 399 1851 nesciens
419 1826 573 1858 peccatum,
596 1830 628 1849 ac
649 1822 742 1857 potius
760 1820 964 1848 divinissimum
977 1821 1067 1849 omni—

272 1871 334 1903 bus,
349 1870 396 1906 qui
407 1877 457 1905 per
474 1869 635 1896 universum
657 1868 753 1895 orbem
777 1872 913 1895 terrarum
924 1867 1067 1895 constituti

271 1919 361 1947 erant,
378 1922 411 1941 ex
431 1914 563 1949 operibus
587 1913 700 1940 odorem
723 1912 863 1940 emittcns.
883 1912 1068 1945 Quamobrem

271 1968 335 1997 agro
347 1959 491 1992 benedicta
503 1966 518 1986 a
534 1959 589 1985 Deo
601 1978 609 1991 ,
625 1962 768 1993 comparat
781 1958 921 1985 Christum
931 1977 938 1990 ,
962 1962 991 1985 et
1004 1958 1067 1993 qui—

271 2007 332 2034 dem
345 2005 448 2041 optimo
459 2005 530 2040 jure,
543 2004 680 2039 siquidem
695 2004 764 2031 odor
776 2007 818 2030 est
833 2002 999 2038 cognitionis
1018 2002 1065 2030 Dei

271 2060 304 2079 ac
318 2052 418 2079 Patris.
438 2051 478 2078 lla
490 2050 564 2077 enim
575 2045 673 2077 rursus
685 2049 797 2076 divinus
808 2049 911 2077 Paulus
919 2049 957 2076 ait
970 2058 975 2076 :
991 2059 999 2075 ι
1010 2049 1067 2076 Deo

271 2103 363 2125 autem
386 2097 473 2133 gratia
486 2117 493 2129 ,
519 2096 567 2131 qui
585 2103 694 2131 semper
716 2095 869 2130 triumphat
890 2103 940 2130 per
969 2103 1020 2124 nos
1037 2096 1066 2123 in

269 2145 380 2172 Christo
395 2144 471 2176 Jesu,
485 2148 513 2170 et
532 2142 646 2170 odorem
657 2141 762 2169 notitiae
774 2149 830 2169 suae
847 2141 1004 2170 manifestat
1016 2150 1067 2178 per

269 2198 321 2218 nos
342 2190 370 2218 in
387 2190 462 2217 omni
482 2189 544 2217 loco
553 2189 586 2216 "'.
607 2198 616 2214 ›
634 2188 824 2216 Manifestatus
845 2194 938 2217 autem
954 2192 997 2217 est
1015 2197 1065 2224 per

270 2241 380 2263 sanctos
403 2235 542 2270 apostolos
553 2235 687 2262 Dominus
699 2239 793 2262 noster
818 2234 900 2263 Iesus
915 2235 1045 2263 Christus
1056 2255 1064 2267 ,

269 2280 357 2307 veluti
367 2279 435 2306 odor
447 2279 613 2314 cognitionis
621 2280 669 2306 Dei
685 2287 717 2306 ac
731 2279 847 2307 Patris:
857 2280 886 2308 Si
898 2280 971 2307 enim
989 2281 1065 2307 novit

271 2326 333 2360 quis
346 2324 462 2357 Filium,
476 2325 553 2352 novit
563 2325 676 2352 omnino
685 2329 713 2352 et
726 2324 836 2351 Patrem
849 2325 899 2358 ",i
915 2326 951 2351 ob
961 2331 1064 2353 natura:

255 2370 461 2403 Jdentitalem,
484 2370 613 2405 quodque
629 2378 678 2405 per
700 2370 792 2397 omnia
817 2370 959 2406 mqualiter
983 2377 1064 2406 atque

270 2416 463 2445 indiﬂ‘erenter
482 2424 512 2444 se
534 2416 644 2444 habeat.
666 2416 841 2444 Conveniunt
855 2417 966 2452 quidem
983 2418 1063 2445 Chri-

270 2467 313 2491 sto
327 2472 334 2491 :
349 2463 515 2491 conveniant
538 2466 629 2490 autem
654 2463 753 2490 merito
766 2463 849 2490 etiam
875 2470 947 2490 novo
962 2465 1063 2498 populo

269 2509 328 2537 haec
344 2518 350 2536 :
373 2519 382 2534 ‹
399 2509 450 2537 Det
465 2509 515 2537 tibi
535 2509 669 2537 Dominus
683 2509 718 2537 de
734 2517 796 2537 rore
817 2509 890 2542 coeli,
905 2515 932 2537 et
952 2511 984 2537 de
1003 2510 1062 2545 pin-

268 2555 387 2590 guedine
409 2559 489 2582 terra:
507 2555 704 2583 abundantiam
724 2556 856 2583 frumenti
868 2564 900 2583 ac
909 2557 988 2591 punis
1001 2558 1032 2583 ³³.
1050 2568 1057 2582 ι

269 2601 325 2628 Ros
341 2601 414 2628 enim
436 2601 497 2629 caeli
510 2606 538 2629 et
549 2601 686 2637 pinguedo
704 2606 795 2634 terrae,
809 2602 863 2630 hoc
873 2607 924 2634 est,
943 2604 1061 2630 Verbum

268 2653 303 2672 ex
325 2646 406 2673 Patre
420 2646 500 2674 nobis
526 2647 619 2674 datum
639 2651 696 2679 est,
720 2647 797 2682 juxta
824 2648 1062 2682 participationem

269 2692 400 2719 nimirum
417 2693 466 2727 per
482 2692 633 2728 Spiritum,
650 2701 681 2720 ac
703 2693 802 2721 divinae
823 2694 933 2729 quidem
956 2700 1061 2721 natur-ie

268 2737 333 2764 facti
349 2745 445 2765 sumus
459 2746 507 2773 per
523 2739 612 2774 ipsum
632 2740 781 2775 participes
795 2749 802 2767 :
826 2741 954 2776 nactique
977 2742 1059 2767 etiam

255 2783 374 2827 copiam
388 2784 519 2812 frumenti
531 2789 559 2812 et
574 2785 641 2818 vini,
655 2786 708 2813 hoc
718 2790 760 2813 est
771 2807 777 2818 ,
791 2787 937 2814 roboris-et
948 2787 1058 2813 lzvtiliut.

270 2828 413 2863 Siquidem
425 2837 490 2856 vere
502 2829 624 2857 dicitur:
652 2840 661 2856 ι
686 2830 767 2857 Panis
783 2831 894 2858 roborat
906 2838 953 2857 cor
969 2831 1058 2857 homi—

263 2966 268 2968 υ
303 2933 409 2963 “Gen.
423 2943 505 2969 xxv",
526 2936 621 2963 27-29.
660 2937 681 2953 δ’
699 2937 777 2964 Cant.
802 2946 830 2970 ιι,
847 2938 870 2964 Ι.
909 2938 930 2954 "‘
945 2938 964 2964 ll
988 2939 1048 2964 (Zur.
1066 2947 1090 2964 ιι.
1120 2941 1121 2944 ‘

247 2989 270 3007 .‘u

1127 1178 1234 1210 Ἰακὼϐ,
1252 1178 1320 1205 ἀλλὰ
1335 1178 1380 1204 καὶ
1401 1177 1430 1203 ὲν
1453 1174 1564 1211 Χριστῷ
1586 1174 1618 1201 τὰ
1631 1173 1735 1204 τοιάδε,
1753 1171 1799 1198 καὶ
1812 1171 1840 1197 ὲν
1854 1170 1903 1200 τοῖς

1121 1225 1149 1250 ἐν
1164 1224 1254 1250 πίστει
1269 1221 1499 1256 δεδικαιωμένοις,
1515 1219 1539 1246 οἳ
1551 1218 1598 1245 καὶ
1613 1218 1697 1245 τέκνα
1708 1216 1836 1251 γεγόνασι
1849 1213 1903 1241 κατ’

1121 1268 1287 1303 ἐπαγγελίαν
1301 1268 1328 1293 ὲν
1351 1266 1453 1293 Ἰσαάκ,
1476 1264 1606 1300 Ἀρμόσει
1623 1263 1654 1298 δὴ
1670 1260 1719 1289 οὖν
1738 1262 1787 1296 τῆς
1805 1267 1903 1296 προφη-

1119 1315 1194 1347 τείας
1207 1315 1221 1340 ό
1236 1313 1298 1345 νοῦς
1312 1312 1360 1340 καλ⁸
1379 1311 1437 1346 λαῷ
1449 1310 1488 1345 τῷ
1503 1310 1565 1345 νέῳ,
1583 1308 1631 1335 καὶ
1645 1307 1723 1343 αὐτῷ
1740 1307 1779 1342 τῷ
1793 1303 1903 1340 Χριστῷ,

1119 1362 1148 1394 ὅς
1164 1362 1237 1388 ἐστιν
1257 1360 1328 1395 ἀρχὴ
1342 1359 1390 1386 καὶ
1404 1357 1565 1394 ἡγούμενος.
1581 1355 1745 1389 Δελόγισται
1765 1353 1794 1379 δὲ
1813 1352 1858 1379 καὶ
1870 1351 1904 1381 είς

1119 1408 1245 1444 δεύτερον
1273 1407 1368 1441 Ἀδὰμ,
1389 1406 1435 1432 καὶ
1456 1404 1519 1439 ῥίζα
1532 1411 1574 1435 τις
1593 1402 1691 1437 ὥσπερ
1711 1401 1761 1436 τῆς
1775 1397 1902 1434 ἀνθρωπό-

1119 1443 1294 1491 τητοςγάνέφυ
1306 1453 1431 1488 δευτέρα.
1443 1450 1532 1486 Καινὴ
1542 1450 1596 1485 γὰρ
1606 1450 1699 1480 κτίσις
1709 1448 1743 1475 τὰ
1755 1448 1783 1474 ὲν
1792 1443 1904 1481 Χριστῷ,

1119 1490 1166 1529 καὶ
1182 1499 1412 1534 ἀνεκαινίσθημεν
1432 1499 1461 1524 ὲν
1481 1497 1557 1532 αὐτῷ
1581 1495 1649 1531 πρὸς
1664 1494 1803 1530 ἁγιασμόν
1823 1500 1851 1518 τε
1863 1490 1905 1518 καὶ

1118 1546 1273 1583 ἀφθαρσίαν
1287 1545 1334 1572 καὶ
1343 1542 1563 1580 ζωήν.Σημαίνει
1576 1541 1615 1573 δὲ,
1624 1538 1714 1576 οἶμαι,
1727 1540 1778 1575 τῆς
1788 1536 1904 1571 εὐλογίας

1118 1594 1132 1619 6
1148 1592 1237 1626 λόγος,
1253 1591 1303 1626 τὴν
1322 1591 1352 1616 ἐν
1375 1589 1487 1625 Χριστῷ
1505 1588 1551 1615 καὶ
1572 1586 1763 1622 πνευματικὴν
1787 1584 1904 1614 εὐωδίαν,

1117 1636 1173 1665 οἷον
1198 1637 1284 1673 ἀγροῦ
1307 1636 1353 1663 καὶ
1375 1634 1509 1669 λειμῶνος
1536 1632 1739 1660 εὐανθεστάτου
1763 1630 1846 1666 καλὴν
1864 1629 1905 1655 καὶ

1118 1684 1210 1720 ἡδεῖαν
1235 1682 1285 1718 τὴν
1309 1682 1338 1715 ἐξ
1355 1681 1458 1717 ἡρινῶν
1482 1679 1587 1706 ἀνθέων
1605 1678 1690 1710 ἱέντος
1715 1678 1816 1713 ὀσμήν.
1835 1675 1906 1703 Οὕτω

1118 1728 1172 1764 γὰρ
1184 1728 1249 1763 ἡμῖν
1261 1727 1357 1753 ἑαυτὸν
1370 1727 1399 1752 ἐν
1413 1725 1453 1760 τῷ
1473 1724 1594 1759 ᾌσματι
1615 1723 1671 1750 τῶν
1691 1723 1821 1759 ᾀσμάτων
1846 1719 1906 1747 ὠνό-

1120 1775 1206 1811 μαζεν
1218 1775 1232 1801 ὁ
1246 1772 1374 1810 Χριστὸς,
1388 1772 1476 1806 λέγων
1492 1770 1551 1806 μέν·
1572 1769 1643 1804 Ἐγὼ
1656 1769 1738 1801 ἄνθος
1749 1768 1796 1795 τοῦ
1810 1766 1905 1798 πεδίου,

1080 1806 1101 1834 c
1120 1806 1211 1858 κρίνον
1228 1806 1282 1846 τῶν
1307 1818 1449 1845 κοιλάδων.
1468 1816 1568 1852 Κρίνον
1584 1816 1638 1852 γὰρ
1662 1813 1698 1852 ἦν
1717 1816 1765 1842 καὶ
1787 1813 1859 1851 ῥόδον
1878 1813 1907 1838 ὲκ

1120 1867 1172 1902 γῆς
1194 1866 1309 1900 ἀναφὺς,
1336 1864 1379 1890 διὰ
1403 1863 1433 1890 τὸ
1460 1863 1640 1898 ἀνθρώπινον.
1671 1861 1747 1898 Πλὴν
1770 1862 1819 1888 οὐκ
1836 1858 1907 1889 εἰδὼς

1119 1912 1266 1949 ἁμαρτίαν,
1279 1909 1520 1945 Θεοπρεπεστάτην
1532 1908 1561 1934 δὲ
1574 1907 1676 1943 μᾶλλον
1689 1909 1747 1939 τοῖς
1762 1906 1813 1933 ἀνὰ
1824 1905 1908 1932 πᾶσαν

1118 1959 1167 1994 τὴν
1183 1957 1349 1993 οἰκουμένην
1368 1955 1417 1991 τὴν
1433 1956 1465 1982 ὲκ
1488 1956 1544 1981 τῶν
1560 1953 1785 1990 κατορθωμάτων
1800 1950 1908 1979 εὐωδίαν

1120 2004 1180 2036 ἱείς.
1203 2003 1293 2039 ’Λγρῷ
1307 2001 1453 2037 τοιγαροῦν
1465 2000 1562 2036 εὐλογη
1567 2000 1640 2036 μένῳ
1655 2000 1735 2036 παρὰ
1749 1998 1828 2030 Θεοῦ,
1842 2004 1908 2031 παρ-

1118 2050 1222 2083 εικάζει
1245 2049 1382 2092 Χριστόν
1401 2048 1448 2075 καὶ
1466 2047 1569 2082 σφόδρα
1591 2047 1705 2078 εἰκότως
1717 2054 1723 2061 ·
1746 2046 1825 2081 εἴπερ
1839 2042 1906 2077 ὀσμή

1117 2100 1176 2126 ἐστι
1195 2100 1245 2134 τῆς
1258 2090 1386 2133 γνώσεως
1398 2097 1445 2124 τοῦ
1469 2095 1538 2123 Θεοῦ
1556 2095 1604 2122 καὶ
1623 2094 1744 2130 Πατρός.
1763 2093 1836 2127 Ἔφη
1857 2090 1907 2125 γὰρ

1116 2142 1167 2172 ὧδε
1183 2145 1266 2172 πάλιν
1278 2145 1292 2171 6
1309 2143 1451 2174 Θεσπέσιος
1467 2141 1582 2172 Παῦλος”
1598 2139 1643 2175 Τῷ
1656 2140 1686 2166 δὲ
1701 2138 1762 2174 Θεῷ
1776 2137 1855 2174 χάρις
1872 2134 1908 2170 τῷ

1116 2192 1233 2219 πάντοτε
1252 2190 1445 2227 θριαμϐεύοντι
1465 2188 1541 2224 ἡμᾶς
1567 2188 1597 2214 ὲν
1613 2186 1653 2221 τῷ
1663 2185 1788 2222 Χριστῷ,
1803 2183 1849 2210 καὶ
1862 2181 1908 2217 τὴν

1116 2238 1204 2273 ὀσμὴν
1219 2238 1270 2273 τῆς
1284 2237 1412 2271 γνώσεως,
1430 2234 1514 2262 αὐτοῦ
1538 2232 1703 2269 φανεροῦντι
1727 2232 1762 2259 δι’
1780 2230 1857 2267 ἡμῶν
1880 2229 1907 2255 ἰν

1117 2285 1198 2311 παντὶ
1210 2284 1293 2316 τόπῳ.
1303 2282 1484 2318 Ἐφανεροῦτο
1492 2281 1519 2307 δὲ
1529 2273 1573 2306 διὰ
1588 2279 1643 2306 τῶν
1654 2280 1742 2313 ἁγίων
1756 2275 1908 2304 ἀποστόλων

1116 2332 1128 2356 ὁ
1141 2332 1241 2364 Κύριος
1250 2329 1329 2364 ἡμῶν
1347 2328 1450 2363 Ἰησοῦς
1462 2329 1481 2353 Χ
1489 2327 1589 2362 ριστδς,
1599 2327 1636 2357 ὡς
1643 2325 1717 2360 ὀσμὴ
1725 2325 1776 2358 τῆς
1786 2322 1908 2357 γνώσεως

1116 2372 1161 2402 τοῦ
1175 2376 1241 2401 ωεοῦ
1260 2376 1306 2401 καὶ
1322 2375 1435 2409 Πατρός.
1454 2384 1461 2398 ι
1483 2374 1513 2399 Ei
1529 2372 1583 2408 γὰρ
1600 2372 1704 2406 ἔγνωκέ
1721 2379 1764 2402 τις
1777 2370 1823 2396 τὸν
1837 2367 1906 2399 Υίὸν,

1116 2423 1185 2456 ἔγνω
1208 2431 1258 2447 που
1275 2421 1382 2451 πάντως
1407 2420 1454 2446 καὶ
1475 2419 1520 2445 τὸν
1539 2419 1659 2451 Πατέρα,
1670 2417 1716 2444 διὰ
1734 2418 1780 2444 τὸν
1795 2416 1846 2450 τῆς
1859 2412 1906 2448 φύ-

1117 2477 1183 2500 σεως
1198 2468 1303 2499 ταυτὸν,
1318 2468 1365 2492 καὶ
1381 2466 1450 2493 κατὰ
1462 2466 1516 2492 πᾶν
1528 2464 1618 2491 ὁτιοῦν
1632 2464 1698 2495 ἴσως
1708 2472 1739 2490 τε
1757 2463 1804 2490 καὶ
1819 2461 1905 2494 ἀπαρ-

1113 2514 1254 2545 αλλάκτως
1269 2513 1339 2547 ἕχον.
1364 2513 1492 2547 ’Λρμόςει
1510 2511 1559 2547 μὲν
1571 2508 1618 2538 οὖν
1633 2509 1669 2537 τὰ
1680 2509 1772 2537 τοιάδε
1789 2505 1905 2543 Χριστῷ.

1114 2562 1213 2596 πρέποι
1233 2561 1254 2586 δ’
1272 2560 1303 2586 ἂν
1319 2561 1429 2586 εἰκότως
1448 2561 1493 2585 27.",
1515 2559 1570 2594 λαῷ
1583 2558 1622 2594 τῷ
1640 2557 1704 2592 νέῳ,
1721 2556 1761 2587 τὸ,
1781 2554 1842 2590 Δῴη
1868 2559 1906 2578 σοι

1517 2605 1561 2631 τοῦ
1573 2603 1702 2640 οὐρανοῦ,
1725 2603 1773 2629 καὶ
1794 2600 1847 2627 ἀπὸ
1860 2598 1906 2632 τῆς

1503 2662 1506 2679 ῑ
1534 2652 1608 2678 σίτου
1630 2650 1678 2677 καὶ
1695 2649 1779 2686 οἴνου,
1810 2647 1842 2673 'H
1855 2644 1906 2679 γὰρ

1469 2708 1486 2731 νς
1501 2699 1527 2724 ﬁt
1545 2698 1651 2732 πιότης,
1663 2696 1746 2722 τοῦτό
1763 2696 1831 2726 ἐστι,
1848 2691 1862 2717 6
1876 2692 1905 2716 ὲκ

1456 2748 1479 2770 ἰν
1489 2745 1592 2771 δέδοται
1606 2742 1678 2771 κατὰ
1691 2741 1802 2777 μέθεξιν
1816 2737 1905 2773 δηλον-

1421 2800 1485 2822 λῖος,
1506 2791 1554 2818 καὶ
1576 2789 1653 2822 θείας
1673 2790 1725 2824 μὲν
1750 2787 1856 2822 φύσεως
1874 2782 1905 2810 δι’

1630 2838 1633 2844 ’
1669 2845 1732 2870 ιίιεν
1755 2835 1784 2862 δὲ
1808 2831 1904 2867 πλῆθος

1168 2338 1241 2365 opto;

1175 2376 1241 2400 Ηεοῦ

1114 2609 1216 2642 Κύριος
1238 2607 1291 2633 ἀπὸ
1317 2608 1365 2640 τῆς

1116 2655 1240 2689 πιότητος
1257 2654 1303 2688 τῆς
1324 2663 1333 2685 -_

1116 2700 1230 2735 οὐρανοῦ
1253 2700 1281 2733 μὲ
1292 2713 1299 2723 κ
1320 2700 1324 2702 ’

1116 2747 1182 2771 ΘΞοῦ
1198 2747 1264 2778 lli/1t;

1116 2840 1143 2862 α’
1154 2847 1171 2861 T‘
1188 2838 1192 2840 “
1400 2838 1530 2863 κοινωνοί.
1558 2838 1583 2853 ’π

1606 2946 1683 2986 ῖξΨοι

1405 2994 1696 3209 Δ
