4034 6452
289 430 379 485 173

1296 412 1824 473 GLAPHYROBUM
1858 413 1926 468 IN
1967 411 2265 468 GENESIM
2306 411 2434 465 LIB.
2478 411 2566 465 lll.

3465 415 3570 473 ιγι

281 539 422 596 σίτου
463 531 566 591 καὶ
615 531 776 600 οἴνου,
832 531 1139 598 τουτέστιν,
1179 529 1363 602 ἰσχύος
1395 529 1492 584 καὶ
1544 531 1726 600 μέντοι
1782 527 1868 582 καὶ

1977 528 2098 592 nis,
2134 537 2190 582 et
2217 528 2408 582 vinum
2451 525 2695 582 lietiticat
2720 540 2816 580 cor
2841 525 2907 598 “.
2948 544 2969 579 ι
3001 526 3161 598 106
3201 525 3568 582 Fortitudinis

278 628 634 702 εὐφροσύνης.
664 625 840 696 Εἴπερ
865 622 1074 696 ἀληθὴς
1101 625 1130 677 6
1152 622 1312 691 λόγος
1335 623 1362 674 6
1388 621 1585 689 λέγων,
1622 639 1640 671 ι
1676 620 1872 690 "Apto;

279 719 516 795 στηρίξει
550 717 779 791 καρδίαν
812 716 1130 791 ἀνθρώπου,
1168 716 1264 769 καὶ
1296 709 1438 778 οἶνος
1474 712 1780 784 εὐφραίνει.
1847 729 1864 762 ι

288 816 485 888 ’ἰσχύος
515 810 614 869 οῦν
633 814 742 885 ἄρα
770 814 872 884 τῆς
899 809 1100 880 νοητῆς
1133 809 1228 863 καὶ
1256 810 1314 863 ἐν
1346 806 1622 878 πνεύματι
1645 805 1871 895 σῃμεῖον

275 913 301 967 6
338 913 533 983 ἄρτος·
575 905 806 976 θατέρου
847 921 912 973 γε
951 902 1057 974 μὴν
1085 903 1114 956 ὁ
1160 897 1322 964 οἶνος.
1355 900 1574 953 Δέδοται
1611 897 1666 952 δέ
1699 896 1872 952 ταῦτα

274 1005 376 1064 τοῖς
399 1002 459 1054 ἐν
489 997 718 1070 Χριστῷ
736 997 805 1051 δι’
828 994 1016 1050 αὐτοῦ.
1049 992 1176 1056 Πῶς
1205 993 1238 1062 ἢ
1265 992 1385 1045 τίνα
1410 991 1632 1061 τρόπον,
1665 989 1870 1060 ἑδραῖοι

275 1093 578 1164 γεγόναμεν
631 1093 712 1153 εἰς
742 1087 1028 1142 εὐσέϐειαν
1074 1087 1172 1141 καὶ
1226 1083 1614 1155 ἀμετακίνητοι
1668 1083 1870 1154 τρόπον

275 1187 403 1248 τινὰ,
437 1186 535 1238 καὶ
587 1182 726 1256 ὀρθὰ
771 1183 992 1252 φρονεῖν
1036 1179 1262 1243 ειδότες,
1305 1178 1401 1230 καὶ
1450 1175 1870 1239 ἀκατασείστως

275 1273 693 1348 ἐρηρεισμένοι;
765 1270 1068 1341 Ἐλάὸομεν
1125 1267 1235 1340 γὰρ
1299 1266 1551 1334 ἐξουσίαν
1616 1284 1636 1317 ι
1680 1268 1869 1319 πατεῖν

273 1369 448 1421 ἐπάνω
479 1366 664 1434 ὕφεων
699 1364 793 1418 καὶ
825 1361 1127 1433 σκορπίων,
1166 1360 1260 1413 καὶ
1292 1359 1388 1412 ἐπὶ
1428 1359 1608 1410 πᾶσαν
1643 1356 1741 1428 τὴν
1772 1355 1866 1409 δύο

272 1477 427 1531 ναμιν
476 1457 577 1512 τοῦ
623 1457 846 1528 ἐχθροῦ.
883 1475 902 1508 ι
958 1455 1131 1510 Τοῦτο
1175 1447 1332 1524 οἶμαι
1381 1451 1444 1506 τὸ
1497 1451 1704 1521 πλῆθός
1751 1453 1869 1504 ἐστι

274 1553 434 1605 σίτου.
478 1549 651 1604 Ἀλλὰ
694 1549 788 1603 καὶ
833 1548 980 1602 οἴνου
1035 1546 1199 1602 πάλιν
1247 1544 1535 1616 ἐλάϐομεν.
1575 1562 1595 1596 ι
1631 1545 1710 1615 Τῇ
1760 1544 1869 1616 γὰρ

272 1641 436 1694 ἐλπίδι
482 1641 758 1711 χαίρομεν
821 1640 916 1694 καὶ
959 1636 1306 1709 ἐγενήθημεν
1357 1635 1800 1706 εὐφραινόμενοι,
1845 1655 1862 1686 ι

273 1735 402 1786 κατὰ
451 1733 513 1785 τὸ
546 1729 964 1802 γεγραμμένον.
1023 1727 1422 1800 Προσδοκῶμεν
1471 1727 1580 1799 γὰρ
1610 1728 1708 1791 τὰς
1757 1727 1869 1782 ἄνω

273 1825 451 1897 μονὰς,
479 1823 582 1896 τὴν
630 1826 689 1878 ἐν
729 1822 1015 1896 ἀφθαρσίᾳ
1048 1821 1217 1893 ζωὴν,
1253 1820 1345 1873 τὸν
1377 1820 1704 1891 μακραίωνα
1732 1820 1865 1891 βίον,

1976 621 2163 690 itaque
2182 621 2488 691 spiritualis
2509 621 2820 692 symbolum
2844 627 2929 674 est
2951 619 3143 690 panis;
3168 618 3396 674 alterius
3411 635 3567 684 vero,

1974 713 2187 767 vinum.
2215 713 2351 767 Data
2367 721 2551 768 autem
2575 719 2705 768 sunt
2745 712 2832 777 iis,
2870 711 2964 782 qui
2987 711 3042 765 in
3065 709 3286 766 Christo
3318 718 3448 765 sunt
3470 727 3570 782 per

1974 803 2177 874 ipsum.
2206 803 2327 871 Quo
2373 812 2534 874 pacto
2575 803 2722 859 enim
2764 804 2924 858 aliter
2964 802 3107 856 ﬁrmi
3147 818 3211 857 ac
3245 803 3472 858 stabiles
3499 803 3568 859 ad

1972 894 2256 965 pietatem,
2317 902 2373 948 et
2421 894 2634 947 immoti
2691 892 3100 964 quodammodo
3142 901 3292 947 recta
3323 894 3568 964 cogitare

1973 988 2212 1044 scientes
2239 986 2368 1041 facti
2398 987 2629 1040 sumus?
2653 985 2940 1057 Siquidem
2962 986 3087 1042 data
3119 987 3280 1041 nobis
3301 996 3388 1042 est
3407 997 3567 1059 pote~

1971 1090 2111 1137 stas«
2131 1079 2380 1134 calcandi
2403 1089 2874 1149 supenserpentes
2894 1087 2949 1134 et
2969 1082 3312 1149 scorpiones,
3329 1092 3383 1135 et
3400 1097 3568 1151 super

1971 1187 2193 1228 omnem
2214 1178 2541 1241 potestatem
2557 1170 2838 1224 inimici“.
2861 1190 2876 1220 ι
2890 1169 3025 1236 Hoc,
3041 1180 3103 1224 ut
3123 1171 3388 1237 arbitror,
3401 1171 3569 1243 signi-

1972 1263 2100 1318 ficat
2114 1262 2569 1332 copiafrumenti.
2587 1262 2695 1317 Sed
2715 1261 2976 1320 ctvinum
3005 1280 3201 1319 rursus
3227 1266 3564 1336 accepimus.

1980 1373 1998 1404 ι
2027 1354 2132 1424 Spe
2147 1355 2295 1409 enim
2312 1355 2616 1426 gaudemus
2630 1357 3018 1422 etltetamur",
3052 1377 3068 1408 ι
3100 1359 3403 1413 secundum
3421 1359 3570 1414 Scri-

1971 1455 2211 1518 pturam.
2229 1448 2630 1516 Exspectamus
2657 1451 2806 1504 enim
2837 1451 3094 1504 cmlestes
3119 1451 3452 1516 mansiones,
3482 1452 3570 1505 vi-

1971 1547 2080 1593 tam
2122 1539 2179 1594 in
2218 1540 2633 1611 incorruptione
2657 1548 2715 1596 et
2739 1542 3155 1612 sempiternam,
3185 1543 3400 1614 ipsique
3429 1543 3570 1599 adeo

1969 1630 2192 1687 Christo
2225 1641 2584 1704 conregnare.
2621 1634 2778 1688 Dicta
2809 1634 2978 1706 igitur
3017 1635 3128 1689 sint
3155 1635 3322 1689 etiam
3356 1634 3475 1690 haec
3501 1635 3570 1689 de

1970 1724 2154 1780 nobis.
2189 1723 2305 1779 Hoc
2328 1726 2478 1780 enim
2506 1741 2688 1781 sermo
2717 1727 2824 1782 sibi
2844 1727 2980 1781 vult.
3007 1727 3203 1783 Postea
3242 1728 3572 1783 transfertur

1970 1812 2377 1870 benedictionis
2415 1825 2659 1886 potestas
2694 1818 2750 1871 in
2797 1817 2978 1888 ipsum
3015 1835 3208 1873 rursus
3233 1820 3568 1876 Emmanue-

273 1919 328 1972 τὺ
351 1917 496 1986 αὐτῴ
521 1915 966 1988 συμϐασιλεῦσαι
991 1913 1234 1986 Χριστῷ.
1267 1911 1521 1984 Εἰρήσοω
1554 1912 1610 1965 δὲ
1645 1912 1738 1966 καὶ
1785 1912 1868 1981 ἐφ’

1973 1905 2104 1960 lem.
2145 1927 2162 1958 ι
2184 1906 2443 1962 Serviant
2477 1909 2625 1964 enim
2657 1910 2758 1964 tibi
2790 1921 3001 1982 gentes.
3029 1911 3229 1981 inquit,
3259 1923 3314 1968 et
3338 1912 3572 1968 adorent

273 2011 392 2080 ἡμῖν
423 2010 492 2063 τὰ
515 2009 724 2064 τοιάδε.
750 2009 925 2063 Καλεῐ
951 2007 1062 2079 γὰρ
1089 2007 1169 2070 εἰς
1199 2005 1360 2059 τοῦτο
1385 2005 1611 2069 εἰκότως
1636 2007 1664 2059 6
1688 2005 1863 2074 λόγος.

273 2099 393 2156 Εἶτα
423 2102 823 2172 μετοιχήσεται
856 2101 954 2171 τῆς
990 2099 1244 2168 εὐλογίας
1275 2097 1561 2170 ἡδύναμις
1590 2098 1678 2150 ἐπ’
1705 2098 1868 2152 αὐτὸν

269 2191 412 2258 αὖθις
444 2195 536 2249 τὸν
605 2193 983 2265 Ἐμμανουήλ.
1044 2210 1063 2244 ι
1121 2191 1577 2245 Δουλευσάτωσαν
1627 2189 1737 2261 γάρ
1786 2207 1868 2244 σοι

271 2288 408 2358 ἔθνη,
442 2287 606 2359 φησι,
639 2287 738 2341 καὶ
770 2285 1314 2357 προσκυνησάτωσάν
1344 2303 1426 2339 σοι
1461 2285 1743 2357 ἄρχοντες,
1776 2286 1868 2338 καὶ

271 2376 407 2446 γίνου
446 2377 648 2447 κύριος
691 2374 788 2430 τοῦ
843 2375 1073 2444 ἀδελφοῦ
1112 2392 1228 2428 σου.
1267 2394 1286 2426 ι
1326 2377 1720 2446 Κεχρημᾶτικε
1767 2376 1868 2447 μὲν

271 2469 369 2540 γὰρ
413 2469 770 2540 πρωτότοκος
807 2471 836 2522 ὁ
900 2467 1273 2539 Ἐμμανουὴλ,
1314 2467 1405 2520 ὅτε
1444 2468 1632 2535 γέγονε
1682 2485 1700 2518 ι
1743 2465 1868 2520 καθ’

271 2563 425 2632 ἡμᾶς.
453 2562 548 2616 καὶ
593 2563 660 2616 ἐν
697 2561 916 2624 πολλοῖς
949 2561 1222 2630 ἀδελφοῖς.
1267 2579 1286 2612 ι
1333 2559 1472 2614 Ἀλλ’
1507 2561 1631 2630 οὐχὶ
1664 2559 1870 2631 ταύτης

269 2655 421 2708 ἕνεκα
464 2656 564 2725 τῆς
616 2655 804 2718 αἰτίας
854 2653 1272 2726 ἁπολισθήσειεν
1307 2653 1397 2719 ἂν,
1447 2652 1544 2707 τοῦ
1595 2653 1689 2706 καὶ
1736 2653 1869 2717 Θεὸς

268 2743 395 2801 εἶναι
427 2747 668 2802 καὶτῶν
712 2748 853 2800 ὅλων
887 2745 1094 2819 Κύριος
1120 2762 1132 2774 ·
1173 2743 1588 2816 προσκυνοῦμεν
1637 2745 1746 2815 γὰρ
1792 2744 1869 2808 ὡς

271 2839 563 2911 Δεσπότην,
596 2839 700 2893 καὶ
735 2840 1096 2910 κεκυρίευκεν
1125 2838 1200 2903 ὡς
1230 2838 1364 2902 Θεὸς
1399 2837 1508 2892 τῶν
1539 2841 1617 2901 εἰς
1647 2837 1868 2907 ἀδελφό-

268 2949 396 3004 τητα
426 2933 792 3003 κεκλημένων
839 2932 926 2986 διὰ
951 2931 1054 3002 τῆς
1101 2932 1343 3002 χάριτος.
1385 2951 1403 2984 ι
1439 2931 1535 2996 Τίς
1564 2931 1673 3002 γὰρ
1698 2933 1754 2983 ἐν
1784 2948 1870 2984 νε-

269 3026 466 3095 φέλαις,
503 3027 701 3098 φησὶν,
731 3025 1058 3095 ίσωθήσεται
1084 3023 1163 3094 τῷ
1196 3023 1420 3096 Κυρίῳ;
1446 3024 1538 3076 καὶ
1561 3022 1645 3086 τίς
1673 3024 1869 3093 ὁμοιω-

268 3117 482 3186 θήσεται
529 3113 692 3186 αὐτῷ
737 3116 795 3168 ἐν
840 3116 976 3178 υίοίς
1029 3112 1203 3180 Θεοῦ;
1243 3131 1262 3165 ι
1298 3112 1641 3183 Κεκυρίευκε
1689 3111 1869 3166 τοίνυν

268 3207 337 3272 ὡς
363 3207 491 3271 Θεὸς
515 3207 633 3260 τῶν
662 3209 742 3270 είς
773 3205 1114 3276 ἀδελφότητα
1137 3195 1633 3278 παρενηνεγμένων
1664 3206 1692 3258 6
1737 3202 1862 3310 'Ep-
1893 3251 1937 3310 Ο

272 3299 521 3372 μανουὴλ,
576 3300 679 3354 καὶ
721 3297 874 3368 αὐτῷ
917 3297 1125 3368 κάμψει
1174 3298 1284 3350 πᾶν
1325 3295 1454 3366 γόνυ
1499 3295 1860 3367 ἐπουρανίων,

270 3391 353 3444 καὶ
390 3391 680 3461 ἐπιγείων,
733 3389 829 3443 καὶ
874 3387 1266 3460 καταχθονίων,
1310 3388 1404 3441 καὶ
1455 3387 1607 3440 πᾶσα
1641 3385 1865 3455 γλῶσσα

269 3481 758 3553 ἐξομολογήσεται,
829 3481 912 3534 ὅτι
958 3479 1164 3553 Κύριος
1232 3479 1439 3552 Ἰησοῦς
1495 3479 1732 3552 Χριστὸς
1785 3482 1865 3543 εἰς

268 3574 415 3641 δόξαν
445 3576 584 3630 Θεοῦ
630 3575 868 3648 Πατρός.
907 3593 925 3626 ι
963 3576 1070 3629 Καὶ
1106 3576 1134 3628 ὁ
1169 3572 1560 3646 καταρώμενος
1589 3573 1710 3644 μὲν,
1741 3576 1861 3628 ἐπι⁴

272 3672 592 3740 κατάρατοςο
619 3671 649 3722 ὁ
668 3669 724 3722 δὲ
759 3667 1020 3736 εὐλογῶν,
1053 3665 1594 3738 εὐλογημένος.›Κα“ι
1622 3665 1856 3736 ἐναργὴς

1974 2006 2027 2052 te
2067 1997 2368 2069 principes,
2399 2007 2456 2055 et
2499 2008 2619 2056 esto
2649 2001 2910 2058 dominus
2939 2003 3130 2058 fratris
3155 2005 3234 2060 tui
3258 2005 3325 2072 “',
3363 2025 3380 2056 ι
3411 2005 3570 2060 Nun-

1971 2102 2204 2162 cupatus
2247 2103 2334 2149 est
2361 2095 2510 2148 enim
2537 2096 2940 2169 primogenitus
2963 2099 3312 2164 Emmanuel,
3347 2100 3572 2170 quando

1971 2183 2150 2240 factus
2171 2196 2256 2242 est
2283 2206 2300 2238 ι
2335 2189 2644 2243 secundum
2668 2206 2791 2256 nos,
2813 2200 2869 2246 et
2894 2192 2949 2246 in
2977 2193 3167 2248 multis
3198 2193 3564 2248 fratribus‘m

1973 2275 2080 2331 Sed
2099 2293 2278 2347 neque
2301 2278 2373 2333 ob
2391 2279 2537 2334 hanc
2559 2295 2780 2335 causam
2803 2281 3088 2352 quidpiam
3128 2283 3415 2353 deperdat,
3435 2299 3574 2355 quo-

1971 2368 2156 2424 minus
2175 2370 2323 2425 Deus
2345 2370 2418 2426 sit
2447 2378 2504 2425 et
2529 2371 2920 2426 universorum
2953 2371 3238 2428 Dominus.
3262 2373 3572 2432 Adoramus

1970 2461 2122 2516 enim
2155 2471 2217 2517 ut
2260 2463 2555 2518 Dominum
2583 2504 2600 2531 ,
2652 2473 2709 2520 et
2739 2465 3055 2522 dominatus
3085 2475 3172 2523 est
3203 2476 3264 2522 ut
3298 2469 3444 2524 Deus
3472 2487 3569 2526 eo-

1972 2571 2120 2621 rum,
2149 2555 2244 2625 qui
2282 2557 2338 2610 in
2367 2555 2568 2612 fratres
2602 2559 2782 2614 vocati
2809 2564 2939 2614 sunt
2966 2575 3065 2630 per
3096 2561 3346 2632 gratiam.
3383 2581 3400 2614 ι
3435 2561 3572 2628 Quis

1971 2648 2122 2703 enim
2154 2648 2486 2715 innubibus,
2523 2650 2726 2720 inquit,
2757 2651 3069 2721 mquabitur
3092 2652 3346 2716 Domino,
3370 2661 3426 2707 et
3446 2655 3572 2724 quis

1971 2739 2168 2794 similis
2201 2739 2310 2794 erit
2330 2739 2382 2794 ei
2407 2740 2465 2794 in
2493 2739 2623 2795 filiis
2647 2741 2851 2796 Dei“?
2889 2761 2908 2794 ι
2937 2743 3264 2800 Domiuatus
3302 2744 3471 2815 igitur
3486 2757 3573 2800 est

1971 2830 2318 2896 Emmanuel,
2347 2840 2407 2886 ut
2433 2832 2616 2898 Deus,
2669 2848 2863 2888 eorum
2897 2835 2993 2904 qui
3049 2835 3119 2889 ad
3165 2835 3590 2893 fraternitatem.

1971 2924 2197 2979 adducti
2249 2933 2405 2991 sunt,
2438 2935 2496 2982 et
2543 2927 2647 2996 ipsi
2685 2947 2703 2978 ι
2735 2927 2990 2983 flectetur
3030 2945 3194 2984 omne
3229 2947 3372 3001 genu
3399 2933 3569 2988 coele-

1973 3017 2160 3082 stium,
2217 3026 2572 3074 terrenorum
2601 3029 2658 3074 et
2683 3019 3049 3086 infernarum,
3094 3032 3151 3078 et
3183 3025 3364 3079 omnis
3385 3025 3570 3098 lingua

1971 3109 2348 3175 confitebitur,
2374 3111 2502 3180 quia
2516 3111 2784 3172 Dominus
2799 3110 2959 3166 Jesus
2985 3111 3241 3169 Christus
3269 3114 3325 3168 in
3341 3115 3569 3186 gloriam

1972 3202 2070 3258 Dei
2106 3203 2286 3259 Patris
2318 3203 2386 3258 δ’.
2426 3223 2444 3256 ι
2486 3204 2554 3260 Ει
2579 3204 2920 3260 maledicens
2944 3205 3192 3276 quidem,
3217 3207 3327 3273 ait,
3363 3208 3436 3263 sit
3458 3225 3573 3264 ma-

1969 3295 2228 3362 ledictus,
2262 3316 2281 3348 ι
2318 3297 2657 3354 benedicens
2693 3309 2902 3368 autem,
2942 3299 3272 3356 benedictus
3295 3302 3361 3356 δ’.
3392 3322 3410 3354 ι
3455 3303 3571 3360 Ma-

1970 3387 2206 3443 nifestus
2251 3389 2343 3444 hic
2383 3399 2467 3446 est
2501 3406 2705 3446 sermo.
2744 3393 3127 3448 Exsecrabiles
3167 3395 3317 3449 enim
3347 3396 3571 3467 Deoque
3611 3441 3620 3456 .

1970 3481 2170 3548 odiosi,
2199 3483 2596 3541 maledicentes
2633 3485 2736 3556 ipsi
2761 3503 2774 3552 ;
2803 3487 2952 3556 pleni
2982 3497 3169 3544 autem
3201 3505 3569 3560 supernorum

1971 3586 2038 3625 ac
2059 3569 2374 3627 divinorum
2399 3572 2694 3640 bonorum,
2731 3576 2828 3645 qui
2869 3575 3212 3632 benedicunt
3238 3619 3254 3644 ,
3313 3579 3419 3634 hoc
3460 3589 3567 3644 est,

1971 3666 2215 3722 divinam
2237 3668 2413 3738 ipsius
2431 3669 2662 3740 gloriam
2699 3671 3054 3726 annuntiant.

268 3759 488 3830 ὁλόγος.
534 3763 846 3834 Ἐπάρατοι
878 3759 989 3831 γὰρ
1056 3759 1153 3814 καὶ
1222 3758 1498 3829 θεομισεῖς
1545 3759 1594 3810 οἱ
1658 3755 2076 3827 δυσφημοῦντες
2120 3759 2312 3814 αὐτόν·
2379 3761 2668 3832 ἐπίμεστοι
2723 3762 2780 3814 δὲ
2829 3762 2938 3815 τῶν
2978 3761 3185 3816 ἄνωθεν
3251 3763 3348 3817 καὶ
3416 3764 3570 3854 παρὰ

269 3859 392 3913 Θεοῦ
455 3858 847 3932 χαρισμάτων,
889 3859 939 3909 oi
979 3856 1355 3925 εὐλογοῦντες,
1389 3855 1690 3921 τουτέστιν,
1721 3855 1772 3909 οἱ
1803 3857 1902 3927 τὴν
1947 3855 2100 3910 θείαν
2127 3856 2293 3912 αὐτοῦ
2321 3856 2480 3922 δόξαν
2505 3859 2988 3929 καταγγέλλοντες.

335 3954 405 4020 ς’.
445 3952 606 4024 Αὕτη
637 3952 736 4024 μὲν
764 3947 860 4006 οὖν
888 3953 921 4024 ἡ
961 3949 1159 4005 Ἰακὼϐ
1189 3951 1431 4020 εὐλογία,
1457 3952 1553 4023 τῆς
1583 3953 1866 4023 ἀναφορᾶς

270 4044 358 4116 τὴν
395 4045 638 4117 δύναμιν
675 4044 764 4096 ἐπ’
799 4043 962 4097 αὐτὸν
1000 4042 1202 4114 ἔχουσα
1238 4042 1332 4097 τὸν
1367 4044 1738 4116 Ἐμμανουήλ,
1773 4043 1867 4098 καὶ

271 4139 384 4202 τοὺς
408 4139 465 4191 ἐν
511 4137 702 4192 πίστει
735 4135 1214 4207 δεδικαιωμένους.
1270 4136 1500 4208 ’Ίδωμεν
1538 4136 1595 4191 δὲ
1635 4138 1729 4191 καὶ
1766 4135 1865 4207 τὴν

270 4229 442 4301 ἀλλην,
465 4230 744 4292 τουτέστι,
771 4228 871 4300 τὴν
895 4229 988 4282 ἐπὶ
1007 4227 1084 4300 τῷ
1107 4228 1440 4300 πρωτοτόκῳ
1465 4229 1862 4301 γεγενημένην,

270 4321 413 4394 δῆλον
444 4323 504 4378 δέ
537 4323 629 4377 ὅτι
673 4320 754 4392 τῷ
800 4319 1036 4392 Ἰσραὴλ,
1076 4313 1138 4374 οὐ
1169 4321 1263 4375 καὶ
1287 4322 1368 4384 είς
1393 4320 1563 4374 τύπον
1595 4322 1624 4374 6
1669 4318 1862 4374 Ἠσαῦ.

277 4433 294 4466 ι
337 4416 464 4470 Ἰδοὺ
489 4417 630 4488 γὰρ,
667 4414 856 4486 φησὶν,
884 4412 994 4467 ἀπὸ
1037 4413 1138 4485 τῆς
1163 4413 1420 4483 πιότητος
1444 4411 1545 4484 τῆς
1585 4411 1687 4483 γῆς
1713 4411 1865 4465 ἔσται

274 4508 649 4579 ὴκατοίκησίς
689 4524 808 4572 σου,
843 4507 939 4561 καὶ
983 4505 1094 4560 ἀπὸ
1125 4505 1225 4576 τῆς
1269 4505 1463 4572 δρόσου
1493 4503 1588 4558 τοῦ
1631 4501 1865 4575 οὐρανοῦ

274 4597 489 4662 ἄνωθεν,
512 4599 616 4652 καὶ
637 4597 732 4651 ἐπὶ
751 4599 818 4668 τῇ
847 4596 1094 4667 μαχαίρᾳ
1116 4611 1211 4649 σου
1231 4594 1397 4667 ζήσῃ,
1421 4593 1518 4648 καὶ
1547 4593 1624 4666 τῷ
1649 4593 1866 4664 ἀδελφῷ

277 4705 362 4742 σου
414 4689 747 4755 δουλεύσεις.
805 4689 1003 4742 ΙἜσται
1063 4686 1121 4740 δὲ
1185 4685 1349 4758 ἡνίκα
1380 4684 1446 4739 ἂν
1495 4685 1731 4759 καθέλῃς
1775 4687 1867 4739 καὶ

2038 3953 2091 4008 6.
2116 3954 2243 4009 Haec
2265 3955 2434 4026 igitur
2460 3963 2545 4012 est
2570 3957 3088 4022 benedictioJacob,
3108 3958 3267 4027 cujus
3281 3959 3364 4013 vis
3390 3958 3458 4014 ad
3483 3959 3538 4028 ip
3555 3989 3568 4000 -

1969 4061 2093 4101 sum
2141 4047 2556 4104 Emmanuelem
2589 4051 2851 4112 refertur,
2892 4057 2949 4106 et
2979 4051 3048 4106 ad
3085 4067 3183 4107 eos
3222 4050 3337 4121 qui
3361 4051 3417 4105 in
3459 4051 3568 4105 [ide

1959 4136 2246 4207 iustificati
2278 4150 2426 4196 sunt.
2450 4133 2747 4197 Videamus
2769 4141 2837 4197 ad
2868 4142 2985 4198 hate
3011 4142 3173 4198 aliam
3201 4142 3569 4213 primogenito

1965 4229 2166 4285 factam
2193 4231 2658 4298 benedictionem,
2689 4234 2873 4290 lsraeli
2909 4234 3193 4299 nimirum,
3222 4235 3383 4306 cujus
3407 4242 3568 4313 typus

1965 4329 2050 4376 est
2077 4321 2220 4376 Esau
2250 4340 2261 4376 :
2297 4342 2315 4374 ι
2348 4323 2490 4380 Ecce
2514 4324 2685 4391 enim,
2717 4325 2916 4394 inquit,
2946 4323 3015 4379 de
3047 4324 3380 4394 pinguedine
3406 4333 3568 4382 terrae

1962 4411 2071 4468 erit
2092 4412 2366 4469 habitatio
2389 4422 2502 4481 tua,
2523 4424 2581 4470 et
2603 4416 2673 4470 de
2700 4431 2828 4471 rore
2854 4416 2976 4472 οωιί
3003 4415 3262 4486 desuper,
3287 4423 3345 4470 et
3367 4415 3424 4470 in
3447 4416 3564 4486 gla-

1962 4503 2056 4559 dio
2091 4512 2186 4562 tuo
2204 4506 2378 4571 vives,
2402 4515 2459 4562 et
2490 4507 2649 4563 fratri
2680 4517 2776 4564 tuo
2806 4509 3035 4564 servies.
3060 4507 3180 4563 Erit
3211 4515 3395 4566 autem
3423 4517 3562 4566 tem-

1962 4611 2067 4666 pus
2089 4599 2310 4668 quando
2337 4599 2582 4671 deponas
2609 4609 2668 4656 et
2693 4601 2951 4658 detrahas
2967 4604 3162 4674 jugum
3187 4603 3307 4673 ejus
3329 4601 3397 4658 de
3421 4603 3565 4659 collo

1964 4696 2060 4745 tuo
2091 4691 2158 4743 ⁸³.
2197 4709 2215 4742 ›
2265 4691 2398 4747 Data
2437 4693 2586 4749 enim
2619 4701 2704 4750 est
2741 4694 3056 4750 benedictio
3087 4695 3368 4762 lsraelitis,
3406 4696 3566 4768 107

277 4781 500 4854 ἐκλύιτῃς
536 4781 636 4836 τὸν
681 4781 847 4849 ζυγὸν
886 4779 1053 4834 αὐτοῦ
1083 4778 1192 4833 ἀπὸ
1218 4777 1314 4831 τοῦ
1362 4777 1637 4850 τραχήλου
1685 4795 1798 4832 σου·
1841 4797 1859 4829 ι

1980 4801 1998 4833 ι
2028 4782 2115 4837 lex
2141 4799 2238 4853 per
2263 4784 2485 4857 Moysen
2519 4787 2666 4842 edita
2699 4788 2768 4841 ⁵⁸.
2807 4807 2825 4840 ι
2855 4787 3063 4844 Christi
3096 4789 3244 4845 enim
3288 4797 3408 4846 erat
3437 4805 3564 4845 ver-

276 4870 470 4927 δέδοται
522 4873 637 4947 γὰρ
682 4872 905 4943 εὐλογία
938 4870 1018 4943 τῷ
1083 4870 1323 4943 Ἰσραὴλ,
1357 4871 1406 4922 6.
1439 4890 1456 4922 ι
1499 4870 1589 4924 διὰ
1619 4871 1866 4935 Μωσέως

277 4963 444 5033 νόμος.
482 4985 500 5017 ι
538 4964 780 5036 Χριστοῦ
815 4965 924 5034 γὰρ
963 4959 1032 5034 ἦν
1062 4963 1218 5032 λόγος
1244 4962 1585 5034 διακονηθεὶς
1610 4963 1676 5016 δι’
1700 4963 1868 5032 ἀγγέ-

278 5055 394 5110 λων.
431 5059 556 5112 Ὀτι
591 5059 702 5130 γὰρ
741 5057 906 5121 αὐτὸς
942 5055 1123 5109 ἐλάλει
1171 5057 1285 5118 τοῖς
1323 5054 1736 5126 ἀρχαιοτέροις,
1774 5071 1868 5108 πι-

282 5146 534 5204 στώσεται
559 5149 790 5220 γράφων
813 5149 843 5199 6
860 5145 1188 5217 ,σοφώτατος
1207 5143 1421 5209 Παῦλος
1441 5163 1454 5175 ο
1485 5163 1504 5195 ι
1538 5143 1868 5216 Πολυμερῶς

281 5242 366 5293 καὶ
405 5242 764 5314 πολυτρόπως
792 5240 959 5294 πάλαι
989 5241 1018 5292 6
1049 5238 1180 5301 Θεὸς
1209 5237 1453 5307 λαλήσας
1494 5238 1606 5300 τοῖς
1647 5235 1863 5307 πατρα-

285 5340 358 5379 σιν
384 5327 441 5381 ἐν
478 5332 590 5392 τοῖς
617 5329 948 5400 προφήταις,
980 5328 1068 5380 ἐπ’
1099 5326 1331 5396 ἐσχάτου
1362 5325 1470 5378 τῶν
1496 5325 1720 5396 ἡμερῶν
1742 5326 1866 5378 τού-

281 5431 378 5470 των
418 5419 680 5492 ἐλάλησεν
733 5423 867 5492 ἡμῖν
900 5422 959 5473 ἐν
1005 5418 1142 5490 Υίῷ.
1186 5437 1204 5470 ι
1261 5417 1446 5478 Ἰδίους
1471 5416 1527 5469 δέ
1557 5416 1749 5485 λόγους
1777 5419 1866 5472 τὸν

283 5509 432 5579 νόμον
475 5507 616 5568 εἶναι
662 5515 759 5568 καὶ
806 5513 968 5578 αὐτὸς
1021 5513 1050 5565 6
1097 5513 1291 5583 Σωτὴρ
1339 5509 1618 5575 κατέδειξε
1652 5508 1862 5576 λέγων·

289 5619 309 5654 ι
350 5603 515 5678 Ἀμὴν
562 5607 706 5676 λέγω
737 5607 889 5678 ὑμῖν,
938 5593 1148 5671 ἕωςᾶν
1187 5601 1486 5677 παρέλθῃὸ
1515 5602 1744 5673 οὐρανὸς
1775 5603 1868 5656 καὶ

1963 4873 2096 4930 bum
2143 4892 2242 4946 per
2288 4880 2512 4950 angelos
2551 4881 3018 4938 administratum.
3065 4881 3223 4949 Quod
3256 4883 3404 4937 enim
3445 4881 3564 4952 ipse

1963 4966 2250 5022 veteribus
2270 4968 2492 5026 loeutus
2515 4971 2606 5036 sit,
2629 4973 2828 5043 probat
2851 4973 3102 5029 scribens
3122 4971 3566 5043 sapientissimus

1965 5056 2207 5112 Paulus:
2247 5078 2264 5109 ι
2305 5060 2656 5117 Multifariam
2688 5064 2988 5134 multisque
3031 5064 3209 5119 modis
3247 5064 3376 5118 olim
3418 5064 3565 5118 Deus

1964 5147 2201 5218 loquens
2235 5153 2490 5221 patribus
2519 5155 2574 5209 in
2604 5156 2908 5226 prophetis,
2939 5155 3236 5212 novissime
3259 5155 3458 5212 diebus
3487 5156 3563 5211 is-

1968 5238 2040 5292 tis
2072 5240 2291 5296 locutus
2341 5252 2426 5298 est
2469 5245 2629 5300 nobis
2679 5245 2735 5299 in
2779 5246 2917 5300 Filio
2955 5246 3023 5298 ‘5.
3079 5265 3098 5297 ι
3142 5245 3403 5316 Pmprios
3431 5259 3566 5300 vero

1969 5347 2100 5387 suos
2141 5349 2426 5391 sermones
2460 5337 2636 5408 legem
2668 5353 2808 5402 esse,
2838 5339 2954 5409 ipse
2984 5337 3150 5392 etiam
3186 5337 3436 5393 Salvator
3464 5337 3565 5394 de-

1970 5425 2314 5490 monstravit,
2339 5426 2530 5483 dicens
2552 5447 2566 5482 :
2588 5448 2605 5479 ι
2633 5430 2809 5484 Amen
2830 5430 2956 5486 dico
2976 5430 3155 5495 vobis,
3185 5429 3361 5484 donec
3390 5437 3566 5482 trans-

1969 5522 2060 5570 eat
2097 5515 2296 5570 coelum
2340 5526 2396 5572 et
2432 5526 2602 5585 terra,
2646 5521 2754 5576 iota
2789 5537 2962 5577 unum
2999 5529 3094 5578 aut
3119 5537 3254 5592 apex
3284 5534 3428 5574 unus
3453 5533 3563 5573 non

1971 5607 2226 5662 transibit
2256 5609 2324 5666 de
2355 5611 2494 5684 lege,
2524 5613 2702 5670 donec
2728 5614 2911 5669 omnia
2939 5613 3080 5670 facta
3117 5613 3246 5669 sint.
3277 5610 3487 5666 leum
3507 5618 3564 5665 et

350 5806 548 5884 ﬁPsal.
568 5825 682 5875 cm,
701 5808 792 5884 id.
863 5809 910 5884 δξ
934 5808 1071 5884 L_uc.
1105 5825 1162 5874 ι,
1186 5808 1272 5866 l6.
1341 5807 1386 5884 "_’
1400 5806 1579 5884 βοαὶ..
1605 5821 1694 5884 ἓν,
1711 5805 1845 5884 _15_._
1867 5804 2072 5884 ltffieri.
2103 5827 2266 5884 amr,
2283 5813 2373 5869 29.
2449 5816 2493 5848 δ’
2513 5817 2673 5872 Rom.
2695 5835 2808 5884 vm,
2837 5818 2927 5874 29.
2987 5817 3032 5850 '°
3055 5815 3198 5872 Psal.
3225 5827 3478 5880 Lxxxvrrl,
3503 5812 3559 5868 7.

320 5864 606 5950 “Philipp.
644 5864 821 5948 ni,io.
887 5864 1098 5937 "Gen.
1146 5864 1448 5948 ixvn,.29.
1525 5878 1572 5910 οι
1608 5864 1748 5932 ibid.
1781 5877 1963 5945 59,40.
1991 5864 2452 5953 "humilia
2505 5864 2986 5956 ι’ῖιῑὲιὲῗιζῑζε.
