4034 6454
440 453 543 511 I75

1434 435 1490 493 S.
1538 430 1811 491 CYRILLI
1852 424 2328 485 ALEXANDRINI
2368 421 2686 479 ARCIIIEP.

3600 413 3700 469 l76

437 581 585 625 terra
595 559 907 621 transibunt
919 574 934 613 ξ
948 556 1115 614 verba
1129 562 1311 610 autem
1326 566 1445 605 mea
1459 566 1568 603 non
1581 544 1967 603 transibunt“.
1995 562 2012 595 ι

2152 572 2155 612 ί
2187 541 2293 611 Υῆ⁵
2329 540 2460 593 ίῶτα
2488 540 2545 592 ἓν
2584 539 2616 609 ἢ
2644 539 2741 608 μία
2780 536 2976 607 κεραία
3001 535 3061 587 ού
3100 533 3172 606 μὴ
3197 531 3441 606 παρέλθῃ
3465 530 3575 585 άπὸ
3606 530 3700 584 τοῦ

440 656 725 730 Siquidem
757 653 925 726 igitur
945 663 1134 705 verum
1159 654 1262 709 est,
1296 641 1441 714 quod
1470 640 1674 695 Christi
1709 638 1940 693 verbum
1966 643 2021 690 et

439 726 540 821 per
578 745 798 819 angelos
824 742 913 797 lex
940 748 1058 795 erat
1091 739 1262 791 instar
1289 730 1694 788 benedictionis
1728 726 2019 789 lsraclitis,

439 838 718 898 Christum
739 851 872 892 vero
894 847 1016 889 esse
1040 842 1220 885 rorem
1245 825 1390 889 coeli,
1414 832 1469 879 et
1493 821 1882 894 pinguedinem
1914 826 2024 873 ter-

444 950 517 989 ra:
550 929 921 1001 intelligimus.
958 922 1258 979 Deliciatur
1286 918 1434 973 enim
1480 912 1887 986 quodammodo
1924 926 2025 964 an-

442 1022 687 1097 gelorum
721 1000 1017 1072 multitudo
1044 1009 1364 1067 caelestibus
1387 1020 1452 1062 ac
1479 1003 1859 1075 spiritualibus
1884 1000 2025 1055 rori-

444 1090 551 1168 bus
573 1109 796 1182 irrigata
821 1124 835 1161 :
865 1106 940 1160 ita
968 1105 1134 1160 etiam
1157 1100 1379 1172 pinguis
1400 1105 1548 1152 terra
1572 1093 1885 1180 redundans
1913 1090 2026 1161 spi-

447 1174 703 1261 ritalibus
729 1199 930 1273 pluviis
951 1197 1009 1252 in
1046 1192 1527 1250 fruetiiicationem
1560 1174 1880 1259 spiritalem.
1909 1182 2027 1239 Ca:-

446 1310 627 1356 terum
665 1311 799 1361 nos,
838 1292 935 1364 qui
974 1288 1032 1344 in
1058 1286 1279 1344 Christo
1310 1300 1408 1357 per
1447 1282 1632 1346 ﬁdem,
1659 1294 1800 1351 pane
1821 1284 1877 1332 et
1902 1276 2030 1332 vino

444 1386 761 1459 locupletati
794 1395 1006 1441 sumus.
1055 1378 1266 1449 Expers
1302 1390 1436 1430 vero
1478 1374 1675 1427 horum
1720 1376 1804 1425 est
1839 1367 2027 1423 Israel.

443 1458 637 1550 Neque
662 1477 810 1533 enim
832 1474 941 1528 hoc
960 1470 1234 1543 adjectum
1258 1474 1342 1522 est
1364 1461 1842 1520 benedictionibus
1863 1458 2028 1513 Esau.

448 1575 717 1642 Expertes
735 1582 868 1623 vero
891 1565 1055 1621 etiam
1082 1561 1241 1617 aliter
1264 1557 1449 1615 miseri
1475 1554 1648 1612 Judaei
1675 1551 1917 1624 mysticae
1939 1550 2036 1605 be-

452 1662 810 1726 nedictionis,
856 1654 1299 1730 quandoquidem
1343 1663 1524 1721 neque
1568 1648 1674 1703 hoc
1720 1645 1910 1700 datum
1952 1650 2036 1698 est

452 1753 628 1811 cultui
657 1750 846 1822 legali;
876 1754 1154 1810 servatum
1195 1748 1377 1797 autem
1415 1739 1601 1812 potius
1625 1744 1709 1792 est
1729 1733 1947 1805 populis
1980 1732 2036 1787 in

452 1844 673 1900 Christo
696 1850 753 1896 et
788 1842 844 1894 in
870 1837 996 1893 ﬁde.
1029 1837 1099 1891 Et
1122 1850 1221 1890 nos
1246 1832 1469 1904 quidem
1507 1830 1563 1885 in
1595 1844 1727 1900 pace
1752 1843 1851 1898 per
1873 1824 2035 1882 Chri-

2121 633 2309 703 νὸμου,
2339 632 2442 694 ἕως
2479 630 2544 684 ἂν
2574 630 2752 683 πάντα
2778 627 3020 698 γένηται.
3070 627 3127 679 '0
3173 624 3400 695 οὐρανὸς
3444 623 3539 676 καὶ
3567 623 3602 694 ἡ
3631 622 3701 692 γῆ

2124 722 2575 794 παρελεύσονται,
2607 722 2655 773 οἰ
2684 721 2741 773 δὲ
2775 719 2921 789 λόγοι
2952 735 3053 789 μου
3083 718 3144 772 ού
3176 717 3250 788 μὴ
3274 714 3635 788 παρέλθωσιν.
3680 732 3699 764 ι

2125 815 2297 883 Εἴπερ
2328 810 2420 868 οὖν
2449 815 2594 867 ἐστιν
2624 812 2820 883 ἀληθὲς
2850 813 2931 864 ὅτι
2954 809 3192 879 Χριστοῦ
3219 809 3376 878 λόγος
3414 803 3504 878 ἦν,
3546 807 3640 860 καὶ
3677 809 3705 859 6

2124 906 2192 961 δι’
2222 905 2467 974 ἀγγέλων
2518 903 2700 974 νόμος,
2748 903 2830 975 ὲν⁸
2864 901 3016 968 τάξει
3063 900 3286 970 γέγονεν
3329 898 3578 967 εὐλογίας
3629 897 3711 966 τῷ

2140 996 2377 1067 Ἰσραὴλ,
2425 994 2659 1067 Χριστὸν
2705 993 2764 1047 δὲ
2805 987 2943 1049 εῖναι
2971 990 3068 1063 τὴν
3111 983 3345 1062 οὐρανοῦ
3368 990 3580 1061 δρόσον,
3614 989 3710 1041 καὶ

2127 1087 2230 1158 γῆς
2263 1086 2470 1158 νοῶμεν
2493 1086 2746 1157 πιότητα.
2783 1083 3040 1154 Σπαταλᾷ
3066 1083 3176 1155 γὰρ
3202 1082 3393 1155 ὥσπερ
3419 1083 3453 1153 ἡ
3482 1079 3589 1135 τῶν
3611 1081 3712 1149 ἀγ-

2128 1178 2303 1247 γέλων
2333 1178 2542 1248 πληθὺς
2573 1179 2695 1240 ταῖς
2722 1175 2929 1231 ἄνωθεν
2953 1175 3050 1229 καὶ
3081 1176 3481 1245 πνευματικαῖς
3507 1190 3710 1244 καταρ-

2130 1268 2329 1340 δομένη
2361 1269 2593 1340 δρόσοις,
2642 1268 2784 1323 οὕτω
2829 1269 2926 1322 καλ⁸
2976 1267 3242 1323 πιανοῦσα
3270 1268 3305 1338 ἡ
3351 1266 3425 1337 γῆ
3469 1267 3713 1338 ἐντρυφᾷ

2130 1363 2243 1424 τοῖς
2290 1362 2502 1430 νοητοῖς
2553 1360 2729 1424 ὑετοῖς
2764 1361 2843 1424 εἰς
2883 1359 3258 1431 καρποφορίαν
3313 1359 3707 1429 πνευματικήν.

2145 1450 2282 1504 Ἀλλ’
2308 1453 2468 1522 ἡμεῖς
2513 1450 2611 1522 μὲν
2654 1453 2703 1504 οἰ
2752 1453 2810 1505 ἐν
2856 1449 3078 1521 Χριστῷ
3105 1449 3193 1503 διὰ
3219 1449 3454 1513 πίστεως
3476 1449 3629 1521 ἄρτῳ
3653 1466 3713 1502 τε

2135 1542 2229 1595 καὶ
2282 1542 2409 1613 οἴνῳ
2458 1541 2918 1613 πεπλουτίσμεθα.
2991 1540 3285 1611 Ἀμέτοχος
3333 1539 3391 1592 δὲ
3440 1539 3646 1593 τούτων
3686 1541 3715 1592 6

2148 1633 2364 1705 Ἰσραήλ
2388 1650 2401 1662 ⁸
2449 1634 2510 1688 ού
2552 1633 2661 1704 γὰρ
2704 1635 3061 1709 ἐπενήνεκται
3093 1634 3252 1687 τοῦτο
3282 1635 3403 1697 ταῖς
3443 1632 3715 1702 εὐλογίαις

2149 1723 2340 1777 Ἠσαῦ.
2380 1725 2435 1777 Ἀ
2446 1724 2662 1796 μέτοχοι
2685 1725 2741 1778 δὲ
2766 1726 2861 1779 καὶ
2887 1724 3091 1797 ἑτέρως
3113 1726 3162 1779 oi
3187 1726 3417 1791 τάλανες
3446 1726 3713 1791 Ἰουδαῖοι,

2141 1815 2241 1886 τῆς
2279 1817 2547 1887 μυστικῆς
2579 1816 2825 1885 εὐλογίας
2845 1831 2859 1846 °
2890 1817 3012 1870 ἐπεὶ
3055 1816 3190 1888 μηδὲ
3221 1816 3378 1870 τοῦτο
3412 1817 3619 1872 δέδοται
3649 1820 3718 1889 τῇ

454 1944 601 1992 stum
621 1946 924 1997 versamur,
949 1928 1114 1984 Israel
1139 1941 1270 1981 vero
1304 1924 1360 1978 in
1385 1922 1564 1978 bellis.
1595 1921 1662 1977 Et
1689 1917 2037 1975 haereditavi-

2152 1906 2281 1960 κατὰ
2325 1906 2489 1977 νόμον
2543 1907 2789 1979 λατρεία,
2840 1908 3139 1981 τετήρηται
3185 1909 3241 1962 δὲ
3278 1908 3476 1979 μᾶλλον
3510 1911 3619 1974 τοῖς
3661 1911 3719 1961 ὲν

453 2041 580 2081 mus
602 2021 922 2096 spiritaliter
956 2027 1161 2073 terram
1189 2011 1591 2087 promissionis,
1621 2024 1743 2080 quae
1767 2017 1853 2064 est
1877 2015 2039 2079 typus

456 2131 707 2190 superna:
749 2128 814 2168 ac
854 2108 1200 2183 spiritualis:
1235 2106 1394 2177 cujus
1436 2103 1551 2175 ipse
1584 2103 1750 2157 etiam
1793 2099 2041 2154 Salvator

456 2208 730 2272 meminit,
759 2205 987 2260 dicens:
1020 2221 1039 2253 ι
1076 2199 1231 2256 Beati
1258 2198 1437 2263 mites,
1464 2196 1592 2267 quia
1616 2194 1719 2265 ipsi
1745 2191 2040 2248 haeredita-

457 2301 600 2357 bunt
635 2307 839 2355 terram
873 2294 941 2349 ⁸⁷.
976 2294 996 2346 ἱ
1024 2293 1094 2348 Et
1132 2306 1235 2347 nos
1276 2290 1331 2344 in
1360 2288 1486 2344 tiliis
1525 2301 1716 2342 sumus
1756 2283 2043 2340 constituti

458 2404 562 2461 per
590 2386 844 2458 spiritum
880 2382 1139 2447 liberum,
1172 2385 1229 2435 et
1266 2376 1333 2432 ad
1362 2376 1642 2433 Christum
1684 2373 1853 2430 veluti
1888 2373 2045 2445 juxta

462 2495 566 2536 nos
590 2479 815 2543 factum,
842 2482 899 2530 et
918 2472 1143 2547 fratrem
1164 2477 1415 2526 nostrum
1440 2466 1791 2533 accessimus,
1817 2464 2047 2536 pulchra

461 2587 530 2628 ac
556 2577 857 2642 spontanea
877 2561 1192 2622 obedientia
1212 2560 1474 2633 praestita.
1490 2556 1667 2615 Israel
1692 2573 1824 2614 vero
1855 2557 2046 2628 subju-

466 2671 624 2735 gatus
648 2668 752 2728 est,
785 2667 844 2715 et
864 2656 1115 2713 Mosaicis
1132 2654 1347 2726 legibus
1369 2658 1651 2715 oneratus,
1678 2649 1897 2705 mortali
1923 2663 2051 2719 sup-

464 2755 635 2829 plicio
667 2748 1086 2823 transgressioni
1111 2745 1414 2818 proposito.
1443 2743 1668 2799 Audivit
1691 2742 1839 2798 enim
1863 2742 2008 2796 Esau
2032 2758 2046 2794 :

477 2867 494 2899 ι
530 2846 601 2902 Ει
624 2841 782 2901 fratri
804 2849 900 2897 tuo
927 2838 1134 2895 servies
1168 2835 1244 2903 ἐς
1284 2853 1302 2887 ι
1328 2833 1435 2889 hoc
1466 2839 1571 2898 est,
1605 2831 1885 2901 subjectus
1917 2830 2049 2895 eris,

469 2939 635 2996 etiam
660 2941 860 3007 praeter
878 2931 1220 2989 voluntatem
1246 2935 1416 2991 tuam,
1446 2926 1497 2981 ei
1521 2924 1617 2995 qui
1638 2923 1739 2978 tibi
1763 2929 1960 2978 natura
1982 2920 2056 2976 si-

469 3032 746 3089 milisest.
770 3027 947 3083 Homo
982 3030 1164 3079 autem
1187 3027 1244 3076 et
1277 3018 1474 3098 similis
1499 3015 1661 3071 nobis
1691 3021 1777 3069 est
1808 3014 2053 3085 Moyses,

470 3120 614 3176 nihil
633 3115 993 3174 excellentius
1025 3112 1081 3166 in
1111 3125 1171 3165 se
1208 3108 1437 3173 habens,
1471 3112 1735 3177 quantum
1766 3102 1964 3157 attinet
1988 3100 2057 3155 ad

473 3207 836 3267 humanitatis
881 3206 1173 3262 rationem.
1220 3198 1433 3255 Idcirco
1466 3196 1633 3251 etiam
1672 3195 2059 3257 universorum

474 3302 743 3359 Dominus
757 3298 1014 3355 Israelem
1037 3290 1293 3366 populum
1322 3289 1514 3361 Moysi:
1545 3287 1780 3343 vocavit.
1810 3284 2056 3340 Vitulum

479 3391 625 3448 enim
645 3389 752 3445 sibi
781 3387 1036 3443 fecerunt
1056 3385 1112 3438 in
1140 3380 1455 3437 solitudine.
1477 3379 1624 3433 Deus
1646 3391 1778 3432 vero
1804 3375 1872 3430 ad
1908 3375 2058 3446 Moy-

476 3499 575 3541 sen
599 3483 675 3538 ita
709 3481 823 3536 ait:
854 3497 875 3530 ι
902 3476 1075 3542 Vade,
1096 3472 1297 3544 inquit,
1324 3469 1595 3525 descende
1616 3468 1870 3524 celeriter
1890 3466 2020 3521 hinc
2043 3481 2056 3518 :

479 3571 714 3643 deliquit
739 3569 888 3624 enim
927 3565 1166 3638 populus
1194 3569 1342 3627 tuus,
1375 3574 1537 3631 quem
1574 3556 1809 3614 eduxisti
1848 3572 1879 3612 e
1916 3564 2064 3610 terra

479 3665 698 3738 Egypti
732 3664 799 3716 ⁵⁸.
833 3680 852 3712 ι
893 3659 1054 3729 108
1087 3654 1292 3713 Paulus
1314 3667 1449 3709 vero
1482 3651 1648 3706 etiam
1674 3650 1851 3721 legem
1887 3649 2063 3719 ipsam

483 3760 540 3812 in
564 3757 745 3810 littera
768 3753 931 3808 beato
960 3748 1129 3820 Moysi
1154 3745 1369 3803 tribuit.
1394 3744 1471 3799 Ita
1491 3743 1639 3799 enim
1667 3740 1775 3797 ait:
1803 3760 1822 3793 ι
1844 3741 2066 3798 Violans

485 3847 611 3917 quis
627 3847 801 3916 legem
813 3841 1013 3913 Moysis
1026 3840 1233 3909 absque
1246 3835 1721 3892 commiseratione
1737 3834 1840 3890 sub
1850 3833 2067 3889 duobus

486 3943 581 3992 aut
611 3933 791 3989 tribus
830 3930 1082 3995 testibus,
1119 3927 1355 3983 moritur
1397 3926 1462 3979 °°.
1502 3945 1520 3978 ι
1555 3925 1711 3992 Quod
1740 3940 1873 3980 vero
1900 3923 2065 3980 Israel

488 4027 893 4101 Moysisjugum
914 4022 1265 4094 depositurus
1284 4026 1450 4084 esset,
1465 4024 1695 4083 vocante
1716 4016 1895 4086 ipsum
1910 4014 2070 4070 Chri-

488 4128 576 4177 sto
607 4119 675 4175 ad
704 4116 934 4189 gratiam
973 4130 1075 4185 per
1120 4112 1282 4167 ﬁdem
1303 4151 1317 4177 ,
1347 4108 1787 4181 praesigniﬁcavit
1829 4107 2020 4162 dicens
2052 4124 2064 4160 :

496 4233 516 4265 4
551 4211 671 4267 Erit
694 4218 877 4265 autem
909 4205 1130 4278 quando
1152 4204 1395 4275 deponas
1419 4209 1476 4257 et
1500 4200 1757 4255 detrahas
1775 4199 1967 4271 jugum
1989 4200 2071 4269 ip-

368 4317 383 4323 ·
490 4304 608 4361 sius
634 4318 665 4359 a
705 4303 846 4359 collo
877 4309 973 4356 tuo
1007 4300 1074 4353 “.
1111 4317 1130 4350 ι
1164 4298 1541 4352 Excusserunt
1581 4292 1731 4349 enim
1762 4292 2074 4349 cervicibus

491 4396 608 4453 suis
642 4392 988 4452 intolerabile
1033 4389 1329 4447 admodum
1370 4387 1508 4457 legis
1542 4387 1735 4458 jugum
1776 4384 2070 4449 Israelita),

490 4489 800 4546 credentes.
829 4483 1021 4541 Vocati
1064 4481 1214 4537 enim
1246 4487 1375 4537 sunt
1413 4479 1481 4533 ad
1523 4477 1794 4534 libertatis
1835 4476 2073 4547 dignita-

2140 1998 2359 2071 Χριστῷ
2388 1999 2482 2053 καὶ
2505 2001 2563 2053 ὲν
2590 2000 2770 2055 πίστει
2792 2001 2962 2066 λαοῖς.
2991 2001 3100 2056 Kal
3123 2002 3284 2073 ἡμεῖς
3311 2002 3411 2072 μὲν
3440 2003 3499 2056 ἐν
3525 2002 3721 2076 εἰρήνῃ

2141 2092 2227 2147 διὰ
2250 2091 2510 2163 Χριστοῦ,
2539 2094 2597 2146 ἐν
2633 2091 2891 2164 πολέμοις
2912 2093 2970 2146 δὲ
2993 2095 3021 2146 ὁ
3058 2094 3295 2163 Ἰσραὴλ,
3330 2094 3425 2147 καὶ
3449 2094 3720 2165 κεκληρο-

2144 2184 2460 2255 νομὴκαμεν
2488 2183 2762 2267 αἰσθητῶς
2790 2184 2888 2254 τῆς
2923 2184 3254 2254 ἐπαγγελίας
3278 2184 3378 2257 τὴν
3399 2185 3524 2257 γῆν,
3552 2188 3724 2241 τύπον

2144 2274 2374 2347 ἔχουσαν
2402 2277 2646 2347 τῆςυάνω
2678 2275 2773 2329 καὶ
2801 2278 3017 2347 νοητῆς,
3049 2270 3117 2348 ἧς
3148 2278 3242 2330 καὶ
3269 2278 3431 2342 αὐτὸς
3462 2281 3490 2332 ὁ
3529 2280 3725 2353 Σωτὴρ

2145 2367 2439 2439 ἐμέμνητο,
2488 2366 2694 2436 λέγων·
2730 2384 2751 2420 ι
2789 2367 3068 2440 Μακάριοι
3115 2369 3165 2422 οἰ
3200 2372 3416 2441 πραεῖς,
3455 2372 3536 2426 ὅτι
3570 2373 3725 2427 αὐτοὶ

2147 2459 2618 2532 κληρονομήσουσι
2643 2458 2742 2530 τὴν
2778 2461 2902 2531 γῆν.
2938 2477 2960 2509 ι
2996 2459 3107 2513 Kal
3135 2461 3295 2531 ἡμεῖς
3327 2462 3386 2515 έν
3412 2462 3626 2527 τέκνοις
3655 2463 3725 2517 δι’

2149 2550 2433 2623 ἐλευθέρου
2488 2549 2822 2621 πνεύματος,
2871 2546 2969 2603 καὶ
3020 2550 3098 2615 ὡς
3157 2551 3280 2605 καθ’
3331 2553 3480 2624 ἡμᾶς
3526 2571 3588 2607 τε
3630 2556 3726 2610 καὶ

2150 2643 2363 2715 ἀδελφῷ
2389 2643 2685 2716 προσίεμεν
2712 2643 2790 2715 τῷ
2823 2643 3062 2718 Χριστῷ,
3100 2645 3273 2717 καλὴν
3297 2649 3391 2700 καὶ
3421 2647 3729 2703 ἐθελούσιον

2151 2736 2466 2806 ποιούμενοι
2493 2736 2593 2808 τὴν
2619 2736 2919 2808 ὑποταγὴν.
2956 2737 3320 2803 ’Υπέζευκται
3343 2740 3399 2793 δὲ
3430 2741 3541 2795 ἄνω
3568 2743 3730 2798 πάλιν

2152 2828 2182 2880 6
2247 2826 2482 2899 Ἰσραὴλ,
2529 2827 2621 2881 καὶ
2672 2830 2784 2892 τοῖς
2821 2828 3065 2894 Μωσέως
3111 2831 3473 2903 κατήχθισται
3522 2833 3732 2905 νόμοις,

2156 2921 2386 2976 θάνατον
2420 2921 2706 2992 ὑπομένων
2742 2920 2840 2994 τὴν
2876 2923 2970 2976 ἐπὶ
3003 2926 3125 2989 ταῖς
3166 2927 3512 2999 παραϐάσεσι
3550 2929 3733 3002 δίκην.

2161 3016 2363 3069 Ἥκουε
2407 3012 2517 3085 γὰρ
2571 3013 2743 3067 Ἦσαῦ
2765 3012 2807 3047 θ’
2832 3033 2849 3067 ι
2880 3014 2993 3069 Kal
3032 3016 3109 3088 τῷ
3143 3018 3357 3091 ἀδελφῷ
3392 3038 3484 3074 σου
3515 3006 3732 3076 δουλεύ-

2162 3120 2310 3169 σεις·
2350 3123 2369 3156 ι
2429 3104 2726 3173 τουτέστιν,
2782 3106 3155 3181 ύποταχθήσῃ,
3209 3112 3305 3165 καὶ
3354 3113 3452 3184 οὐχ
3491 3113 3739 3188 ἑκὼντῷ

2161 3197 2302 3252 κατὰ
2338 3196 2398 3249 σὲ
2442 3195 2541 3267 τὴν
2587 3195 2771 3265 φύσιν.
2830 3198 3152 3271 Ἀνθρωπος
3173 3200 3230 3254 δὲ
3259 3203 3354 3256 καί
3386 3205 3510 3258 καθ’
3534 3206 3686 3277 ἡμᾶς
3712 3209 3745 3261 6

2162 3287 2389 3358 Μωσῆς,
2418 3287 2569 3341 οὐδὲν
2590 3287 2728 3359 ἔχων
2752 3288 2814 3343 τὸ
2842 3292 3100 3361 περισσὸν
3125 3293 3248 3348 ὅσον
3271 3289 3407 3368 ἧκεν
3433 3297 3628 3363 εἰπεῖν,
3660 3301 3748 3363 εἰς

2161 3380 2252 3433 τὸν
2288 3379 2391 3450 τῆς
2430 3378 2850 3451 ἀνθρωπότητος
2896 3380 3073 3451 λόγον.
3121 3385 3231 3438 Kal
3274 3384 3407 3455 γοῦν
3457 3388 3486 3441 6
3520 3388 3749 3443 πάντων

2163 3471 2439 3540 Δεσπότης
2468 3468 2623 3523 λαὸν
2647 3470 2830 3524 ἐκάλει
2858 3473 3118 3542 Μωσέως
3143 3475 3234 3529 τὸν
3279 3478 3493 3550 Ἰσραήλ
3516 3493 3533 3510 ο
3570 3496 3751 3552 μεμο-

2168 3560 2528 3631 σχοποιὴκασι
2553 3558 2664 3629 γὰρ
2689 3560 2831 3614 κατὰ
2854 3560 2951 3633 τὴν
2974 3561 3191 3634 ἔρημον.
3224 3560 3360 3620 Εἶτα
3383 3567 3518 3640 πρὸς
3539 3569 3752 3624 Μωσέα

2165 3650 2299 3715 Θεός
2321 3666 2336 3681 ·
2378 3668 2396 3702 ι
2436 3650 2650 3716 Βάδιζε,
2679 3652 2967 3723 κατάϐηθι,
3010 3655 3164 3725 φησι,
3186 3656 3251 3709 τὸ
3273 3657 3439 3727 τάχος
3469 3659 3748 3714 ἐντεῦθεν·

2168 3742 2412 3815 ἡνόμησε
2444 3742 2553 3815 γὰρ
2597 3745 2627 3797 6
2655 3743 2783 3809 λαός
2830 3761 2945 3809 σου,
2974 3747 3033 3801 ὃν
3059 3746 3329 3820 ἐξήγαγες
3352 3751 3416 3803 ὲκ
3445 3750 3552 3823 γῆς
3575 3753 3755 3823 Αίγύ-

2171 3852 2328 3891 πτου.
2359 3855 2377 3888 ι
2409 3835 2619 3902 Παῦλος
2649 3838 2747 3909 μὲν
2774 3833 2868 3892 οὖν
2896 3840 2925 3892 6
2949 3839 3236 3907 Θεσπέσιος
3269 3846 3362 3899 καὶ
3385 3846 3545 3901 αὑτὸν
3571 3849 3756 3903 ἀνετί-

2171 3926 2254 3981 θει
2284 3927 2363 3998 τῷ
2388 3928 2642 3999 μακαρίῳ
2666 3930 2839 4001 Μωσῇ
2867 3929 2958 3984 τὸν
2986 3932 3043 3984 ὲν
3064 3933 3354 4004 γράμματι
3383 3937 3567 4009 νόμον,
3599 3940 3754 4011 Ἔφη

2171 4017 2282 4089 γὰρ
2325 4018 2520 4082 οὕτως·
2567 4037 2587 4070 ι
2637 4019 2929 4091 Ἀθετὴσας
2967 4041 3051 4087 τις
3075 4025 3239 4096 νόμον
3278 4028 3540 4094 Μωσέως,
3577 4032 3759 4103 χωρὶς

2173 4111 2474 4185 οἰκτιρμῶν
2496 4112 2587 4165 ἐπὶ
2605 4112 2755 4166 δυσὶν
2783 4113 2815 4185 ἡ
2846 4118 2995 4186 τρισὶ
3018 4119 3308 4188 μάρτυσιν,
3335 4121 3690 4193 ἀποθνήσκει.
3729 4145 3751 4178 θ
3804 4172 3812 4177 .

2176 4204 2299 4257 Ὀτι
2350 4203 2408 4257 δὲ
2457 4202 2682 4274 ἔμελλεν
2727 4205 2756 4257 6
2803 4204 3016 4279 Ἰσραὴλ
3065 4208 3157 4263 τὸν
3196 4210 3285 4264 διὰ
3333 4212 3430 4266 τοῦ
3471 4216 3757 4286 πανσόφου

2174 4293 2421 4358 Μωσέως
2476 4293 2777 4349 ἀποθέσθαι
2839 4295 3023 4366 ζυγὸν,
3076 4299 3373 4366 καλοῦντος
3426 4304 3591 4359 αὑτὸν
3657 4308 3758 4361 τοῦ

2175 4383 2413 4454 Χριστοῦ
2446 4383 2582 4455 πρὸς
2603 4384 2702 4455 τὴν
2736 4385 2826 4439 διὰ
2857 4387 3094 4454 πίστεως
3117 4391 3297 4464 χάριν,
3323 4400 3762 4470 προκαταμεμή-

2176 4492 2339 4529 νυκεν
2378 4473 2583 4528 εἰπών·
2639 4492 2660 4526 ι
2704 4477 2897 4531 Ἔσται
2948 4477 3005 4533 δὲ
3058 4481 3223 4552 ἡνίκα
3268 4484 3335 4539 ἂν
3377 4486 3613 4560 καθέλῃς
3660 4494 3761 4545 καὶ

496 4593 627 4646 tem,
655 4594 756 4650 per
794 4577 959 4632 ﬁdem
987 4574 1044 4628 in
1072 4571 1351 4629 Christum
1390 4571 1470 4639 ἐς
1498 4585 1599 4641 per
1623 4585 1808 4641 quem,
1850 4579 1907 4625 et
1947 4583 2047 4623 cun

2178 4564 2412 4637 ὲκλύσῃς
2444 4564 2535 4618 τὸν
2570 4563 2736 4634 ζυγὸν
2758 4567 2922 4622 αὑτοῦ
2955 4570 3065 4625 ἀπὸ
3101 4575 3373 4648 τραχήλου
3411 4595 3526 4635 σου.
3572 4599 3589 4633 ι
3636 4582 3762 4648 Ἐξ-

499 4685 628 4741 quo,
653 4669 767 4724 Deo
793 4682 857 4723 ac
877 4665 1025 4722 Patri
1054 4663 1226 4736 gloria
1253 4677 1377 4718 cum
1403 4669 1592 4718 sancto
1625 4659 1855 4730 Spiritu,
1887 4660 1945 4713 in
1970 4673 2071 4713 sae-

497 4764 623 4819 cula
655 4760 1001 4817 saeculorum.
1037 4757 1231 4819 Amen.

2182 4659 2377 4713 έλυσαν
2403 4658 2512 4730 γὰρ
2543 4656 2653 4712 τῶν
2689 4661 2977 4733 τραχήλων
3000 4663 3094 4718 τὸν
3126 4668 3223 4720 τοῦ
3247 4664 3425 4741 νόμου
3441 4670 3602 4740 ζυγὸν
3632 4674 3764 4727 δυσ-

2182 4750 2417 4821 φόρητον
2475 4749 2604 4803 ὅντα
2657 4750 2778 4805 λίαν
2818 4754 2870 4807 οἰ
2926 4754 2987 4821 ἐξ
3062 4758 3279 4834 Ἰσραὴλ
3343 4766 3758 4834 πιστεύσαντες.

500 4852 807 4922 Κέκληνται
855 4847 964 4919 γάρ
1005 4848 1088 4911 εἰς
1152 4844 1437 4917 ἐλεύθερον
1476 4843 1695 4912 ἀξίωμα
1733 4840 1825 4895 διὰ
1874 4841 1975 4911 τῆς
2016 4840 2252 4903 πίστεως
2294 4841 2354 4893 ἐν
2399 4838 2641 4910 Χριστῷ.
2692 4843 2769 4896 Δι’
2835 4839 2897 4900 οὗ
2951 4849 3046 4901 καὶ
3107 4850 3229 4921 μεθ’
3293 4850 3355 4910 οὗ
3387 4857 3465 4928 τῷ
3509 4857 3628 4932 θεῷ
3665 4864 3765 4916 καὶ

502 4947 677 5019 Πατρὶ
715 4949 749 5017 ἡ
778 4944 903 5010 δόξα
946 4944 1044 4997 σὺν
1090 4943 1230 5012 ἁγίῳ
1263 4937 1544 5009 Πνεύματι
1577 4939 1658 5002 εἰς
1697 4937 1824 5000 τοὺς
1868 4936 2071 5001 αἰῶνας
2108 4934 2218 4991 τῶν
2239 4935 2470 4990 αἰώνων.
2510 4935 2700 5007 Ἀμήν.
3074 4954 3081 4959 ·

574 5139 620 5168 ⁸⁵
638 5136 827 5191 Matth.
859 5136 1014 5201 γ,18.
1093 5137 1137 5167 "’
1161 5133 1327 5201 Ibid.,
1357 5134 1408 5189 4.
1488 5131 1533 5165 ⁵⁸
1556 5130 1692 5187 Gen.
1717 5146 1863 5198 xxix,
1890 5130 1980 5187 39.

571 5205 818 5262 "Galat.
842 5223 896 5272 ν,
923 5207 1012 5260 15.

2091 5130 2136 5162 ⁵⁸
2166 5128 2338 5185 Exod.
2370 5141 2535 5195 xxx",
2563 5131 2613 5182 7.

2727 5131 2771 5161 ⁶⁰
2798 5131 2965 5185 Hebr.
2991 5147 3046 5195 ς,
3068 5132 3159 5187 28.
3238 5133 3277 5166 "
3303 5131 3439 5190 Gen.
3478 5149 3640 5196 xxv".
3669 5135 3765 5190 £0.
