4092 6532
1305 408 1835 468 GLAPHYRORUM
1872 409 1939 467 IN
1979 409 2285 468 GENESIM
2326 410 2454 468 LIB.
2498 411 2587 469 Π.

3464 418 3568 476 178

334 642 3551 692 P—M

827 809 1628 1017 I‘AAlePQN
1688 817 1932 931 ΕΙΣ
2005 818 2325 931 ΤΗΝ
2390 819 3038 935 ΓΕΝΕΣΙΝ

1621 1038 2064 1126 ΒΙΒΛΙΟΝ
2140 1035 2266 1126 Δί.

515 1352 1441 1449 GLAPHYBORUM
1524 1312 1649 1447 1N
1706 1357 2237 1449 GENESIM
2300 1356 2660 1446 LIBER
2722 1350 3321 1462 QUARTUS.

606 1653 752 1724 Περὶ
784 1654 891 1711 τοῦ
935 1657 1305 1728 πατριάρχου
1344 1660 1568 1718 Ἰακώϐ.
1918 1670 1967 1729 Λ

379 1792 436 1847 α’.
467 1791 688 1864 Ἀληθὲς
709 1794 792 1848 ὄτι
814 1813 834 1846 ι
857 1794 1058 1860 πάντες
1074 1797 1125 1849 οἱ
1157 1795 1407 1863 θέλοντες
1439 1800 1538 1873 ζῇν
1561 1800 1802 1867 εὐσεϐῶς
1831 1804 1889 1858 ὲν

323 1880 511 1954 Χριστῷ
548 1883 753 1953 Ἰησοῦ,
801 1884 1221 1957 διωχθήσονται.
1258 1907 1277 1940 ι
1311 1888 1507 1961 Θηρῶν
1536 1888 1648 1962 γὰρ
1706 1891 1891 1958 αὐτοῖς

2459 1660 2536 1716 De
2574 1659 2737 1716 Iacob
2790 1657 3120 1732 patriarcha.

2066 1799 2119 1855 1.
2150 1797 2514 1856 Verissimum
2539 1766 2823 1867 est:un
2862 1813 2881 1848 ι
2919 1794 3016 1865 qui
3048 1793 3139 1865 pie
3169 1793 3358 1849 vivere
3394 1792 3589 1848 volue-

1994 1893 2108 1948 rint
2138 1890 2195 1946 in
2225 1889 2450 1947 Christo
2489 1888 2641 1955 Jesu,
2670 1887 3116 1960 persecutionem
3154 1884 3438 1956 patientur
3464 1883 3529 1937 ⁵³.
3560 1900 3584 1935 ι

326 1974 500 2044 ἀγρίων
528 1973 946 2048 ὲπιθρὼσκουσι
968 1977 1226 2051 δίκην,ὀί
1255 1980 1354 2050 τῆς
1383 1981 1618 2053 ἀνομίας
1642 1983 1769 2046 υἱοὶ,
1791 1984 1894 2056 τῆς

2020 1986 2265 2043 nsultant
2292 1985 2442 2040 enim
2475 1982 2614 2053 ipsis
2652 1981 2827 2037 instar
2855 1978 3180 2037 immanium
3216 1976 3458 2033 ferarum
3492 1974 3593 2030 ﬁlii

329 2066 450 2133 σφῶν
467 2066 798 2137 δυστροπίας
831 2070 1056 2142 γραφὴν
1092 2070 1287 2144 ὥσπερ
1317 2073 1442 2127 τινὰ
1479 2074 1575 2129 καὶ
1612 2075 1896 2149 κατάρρη-

335 2172 398 2209 σιν
417 2156 506 2227 τὴν
527 2156 635 2211 τῶν
671 2157 990 2229 εὐδοκιμεῖν
1023 2159 1294 2215 εἰωθότων
1327 2160 1696 2235 λαμπρότητα
1725 2181 1898 2219 κατα-

330 2246 653 2319 λογιζόμενοι.
706 2249 1023 2322 Ἐλᾷγχεται
1058 2252 1165 2324 γάρ
1199 2270 1318 2317 πως
1364 2255 1454 2309 ἀεὶ
1496 2258 1562 2328 τῇ
1593 2255 1702 2310 τῶν
1730 2258 1896 2329 ἀμει-

215 2367 229 2383 ο
327 2339 462 2393 νόνων
493 2339 800 2412 παραθέσει
832 2343 901 2397 τὰ
926 2342 1113 2416 χείρω.
1137 2345 1250 2399 Καὶ
1275 2345 1346 2399 τὰ
1377 2345 1560 2418 ψῆφον
1583 2347 1777 2420 ἔχοντα
1798 2348 1898 2422 τὴν

326 2446 471 2500 agape
479 2433 627 2503 ρεστέ
634 2449 747 2504 ραν
772 2435 1059 2507 μονονουχὶ
1077 2436 1186 2488 τῶν
1202 2437 1534 2510 ἡττωμένων
1547 2440 1900 2513 καταγράφει

325 2523 375 2575 τὸ
392 2524 626 2591 ἀκαλλὲς.
665 2526 739 2581 Τί
771 2522 867 2581 οὖν
898 2528 1189 2597 ὲντεῦθεν;
1251 2529 1334 2584 Τὰ
1372 2533 1438 2586 ὲκ
1481 2531 1681 2602 φθόνου
1743 2533 1897 2605 βέλη,

325 2615 480 2669 καὶτὸ
512 2618 573 2671 ἐκ
591 2618 701 2689 τῆς
732 2618 1036 2690 βασκανίας
1064 2624 1181 2685 τοῖς
1212 2622 1592 2694 νενικημένοις
1611 2623 1905 2694 ὲντύφεται

324 2704 437 2777 πῦρ,
471 2708 673 2778 μανίας
719 2710 888 2783 ἀρχὴ,
945 2713 1040 2766 καὶ
1083 2713 1434 2786 ἀνοσιότητος
1482 2715 1707 2789 ἀφορμὴ
1759 2715 1905 2772 κατὰ

322 2796 413 2849 τῶν
434 2799 503 2865 ὡς
549 2800 760 2871 ἄριστα
796 2801 947 2873 βιοῦν
976 2804 1301 2876 ᾑρημένων.
1338 2804 1403 2859 Οἳ
1450 2807 1544 2862 καὶ
1581 2808 1917 2878 εἰχένοιντο.

322 2889 461 2961 τυχὸν
494 2892 549 2945 ὲν
594 2892 784 2963 ἀγῶσι
815 2896 910 2949 καὶ
958 2897 1166 2962 πόνοις,
1199 2896 1316 2952 ἀλλ’
1362 2894 1456 2953 οὖν
1502 2900 1603 2954 οὐκ
1642 2902 1722 2964 είς
1756 2901 1904 2956 ἅπαν

1995 2077 2331 2149 iniquitatis,
2363 2082 2658 2132 censentes
2687 2073 2955 2128 nimirum
2983 2085 3179 2128 eorum
3201 2071 3300 2141 qui
3331 2076 3476 2124 recte
3503 2067 3592 2123 vi-

1998 2179 2110 2227 tam
2137 2170 2458 2235 instituunt,
2492 2165 2842 2239 splendorem
2881 2179 2947 2220 ac
2996 2163 3228 2236 gloriam
3267 2177 3391 2219 esse
3420 2159 3596 2218 veluti

1998 2262 2399 2319 incusationem
2437 2258 2733 2331 quamdam
2772 2256 3405 2326 condemnationemque
3420 2260 3429 2267 '
3444 2254 3598 2325 ipso-

1997 2371 2125 2412 rum
2164 2352 2555 2426 improbitatis.
2591 2351 2731 2408 Mala
2769 2348 2921 2406 enim
2956 2348 3290 2420 plerumque
3323 2347 3600 2403 bonorum

2000 2447 2371 2520 applicatione
2421 2451 2760 2518 arguuntur,
2812 2456 3047 2514 quaeque
3094 2438 3396 2497 laudabilia
3438 2445 3598 2504 sunt,

1999 2557 2196 2598 eorum
2240 2555 2364 2611 quae
2385 2538 2517 2594 talia
2543 2554 2656 2594 non
2680 2545 2834 2604 sunt,
2856 2532 3601 2605 deformitatempropalant.

2001 2632 2278 2700 Quidnam
2308 2631 2478 2704 igitur
2508 2630 2676 2686 hinc?
2697 2628 2927 2685 Invidia:
2956 2628 3086 2694 tela,
3116 2635 3174 2684 et
3201 2626 3260 2682 in
3293 2625 3364 2681 iis
3397 2624 3493 2696 qui
3514 2623 3603 2679 vi-

2003 2734 2123 2783 ctos
2161 2740 2220 2782 se
2261 2700 2531 2789 sentiunt,
2561 2721 2959 2794 indignationis
2998 2719 3218 2775 ﬂamma
3257 2700 3617 2783 accenditur,

1994 2815 2342 2888 principium
2376 2814 2607 2871 insaniae
2632 2812 2963 2884 occasioque
2996 2808 3299 2883 impietatis
3337 2807 3608 2864 adversus

2007 2922 2105 2963 eos
2145 2907 2244 2977 qui
2278 2906 2487 2977 optime
2518 2905 2719 2961 vivunt
2760 2920 2775 2959 :
2821 2904 2917 2975 qui
2960 2901 3178 2959 tametsi
3211 2898 3510 2972 aliquando
3547 2898 3605 2955 in

321 2975 414 3097 εἷεέ
440 2982 502 3036 ἂν
541 2987 655 3049 τοῖς
716 2986 1051 3058 πολεμοῦσιν
1094 2987 1384 3061 άλώσιμοι.
1426 2989 1758 3065 Περιόψεται
1797 2993 1914 3067 γὰρι

2017 2975 2274 3067 periculis
2313 2975 2375 3051 et
2417 2994 2705 3051 laboribus
2741 3002 3060 3058 versentur,
3101 3006 3389 3062 nunquam
3421 2996 3609 3046 tamen

320 3073 550 3147 οὐδαμῶς
576 3080 604 3133 ὁ
637 3077 759 3132 τῶν
817 3080 991 3148 ἁγίων
1019 3082 1380 3154 προεστηκὼς
1410 3085 1536 3150 τοὺς
1570 3085 1712 3158 ὑπὲρ
1734 3087 1903 3141 αὐτοῦ

321 3168 740 3237 κινδυνεύοντας.
814 3172 1114 3241 Ἐξελεῖται
1164 3174 1223 3229 δὲ
1289 3177 1494 3248 μᾶλλον
1554 3179 1649 3232 καὶ
1701 3179 1908 3251 σφόδρα

320 3260 517 3331 ῥᾳδίως,
572 3266 673 3319 καὶ
742 3264 1168 3338 λαμπροτέρους
1222 3268 1516 3339 ἀποφανεῖ,
1571 3269 1908 3342 τληπαθείας

318 3353 598 3430 γύμνασμα
632 3358 871 3430 προθεὶς
896 3360 988 3413 τὸν
1018 3361 1217 3433 ἱδρῶτα
1242 3362 1450 3428 αὐτοῖς.
1482 3364 1825 3437 Συλλήψεται
1852 3366 1912 3421 δὲ

319 3448 386 3521 τῷ
423 3448 563 3522 λόγῳ
614 3451 721 3508 καὶ⁹
768 3453 799 3506 ό
860 3452 1154 3518 θεσπέσιος
1204 3454 1541 3520 Παῦλοςιῗοδλ⁵
1588 3458 1908 3530 γεγραφὼς*

324 3561 341 3594 ι
375 3544 562 3608 Πιστὸς
594 3544 653 3599 δὲ
686 3547 719 3600 ὁ
760 3544 918 3611 Θεὸς,
950 3546 1011 3610 δς
1057 3548 1158 3602 οὐκ
1192 3548 1339 3602 ἐάσει
1369 3547 1518 3613 ὑμᾶς
1545 3549 1912 3621 πειρασθῆναι

321 3634 444 3708 ὑπὲρ
466 3637 494 3692 8
528 3638 795 3707 δύνασθε,
824 3639 965 3695 ἀλλὰ
997 3642 1217 3714 ποιήσει
1253 3643 1348 3697 σὺν
1383 3641 1461 3713 τῷ
1496 3643 1790 3716 πειρασμῷ
1815 3644 1915 3699 καὶ

319 3728 407 3798 τὴν
448 3730 676 3786 ἔκϐασιν
705 3731 805 3786 τοῦ
840 3731 1104 3786 δύνασθαι
1140 3732 1489 3803 ὑπενεγκεῖν.
1535 3754 1556 3789 ι
1601 3737 1713 3790 Καὶ
1757 3735 1914 3791 αὐτοὶ

320 3820 369 3874 δὲ
394 3821 833 3898 διακεκράγασιν
877 3827 936 3880 ἐν
956 3822 1022 3897 τῇ
1072 3826 1242 3898 βίϐλῳ
1273 3827 1382 3881 τῶν
1430 3828 1674 3899 Ψαλμῶν
1704 3831 1755 3885 οἱ
1801 3830 1915 3892 τοῖς

321 3913 512 3981 ἀγῶσιν
558 3916 935 3988 ὡμιληκότες,
975 3921 1071 3974 καὶ
1120 3920 1249 3984 τοὺς
1294 3921 1387 3974 ἐπὶ
1423 3923 1543 3985 ταῖς
1570 3919 1786 3986 διώξεσι
1820 3921 1917 3975 πό-

322 4024 432 4072 νους
454 4011 836 4081 διενεγκόντες
875 4014 978 4069 οὐκ
1016 4013 1283 4084 ἀγεννῶςο
1331 4016 1454 4069 Ὅτι
1495 4032 1513 4066 ι
1552 4014 1917 4087 Ἐδοκίμαιςας

321 4099 476 4170 ἡμᾶς,
515 4104 544 4156 ὁ
584 4102 751 4169 Θεὸς,
783 4104 1077 4177 ὲπύρωσας
1105 4107 1253 4177 ἡμᾶς
1285 4105 1360 4171 ὠς
1402 4105 1675 4179 πυροῦται
1703 4105 1766 4159 τὸ
1814 4108 1919 4178 ἀρ-

321 4193 516 4264 γύριον.
546 4197 868 4269 Είσήγαγες
883 4199 1031 4269 ἡμᾶς
1060 4199 1139 4273 εἰς
1163 4198 1260 4268 τὴν
1295 4199 1515 4268 παγίδα·
1551 4197 1675 4253 ἔθου
1711 4197 1921 4268 θλίψεις

322 4286 404 4338 ἐπὶ
436 4288 525 4341 τὸν
555 4288 736 4342 νῶτον
766 4288 941 4361 ἡμῶν·
969 4289 1303 4354 ὲπεὸίόασας
1342 4287 1665 4361 ἀνθρώπους
1696 4289 1790 4345 ἐπὶ
1820 4287 1921 4352 τὰς

2009 3089 2068 3144 in
2101 3088 2425 3144 universum
2474 3086 2533 3143 in
2575 3086 2821 3142 hostium
2855 3092 3184 3157 potestatem
3216 3083 3468 3140 veniunt.
3495 3081 3610 3139 Ne-

2010 3197 2288 3255 quaquam
2321 3181 2473 3237 enim
2501 3186 2822 3237 contemnet
2849 3179 3111 3251 princeps
3150 3184 3473 3233 sanctorum
3511 3188 3631 3231 eos-

2008 3276 2105 3349 qui
2127 3291 2228 3348 pro
2259 3275 2380 3348 ipso
2397 3273 2814 3347 periclitantur;
2840 3280 2898 3328 at
2917 3271 3109 3343 potius
3143 3269 3368 3342 eripiet,
3417 3268 3642 3327 facile.»

2010 3384 2120 3441 que
2155 3368 2454 3424 admodum
2502 3366 2820 3439 superiores
2859 3379 2963 3422 eos
3001 3364 3447 3435 illustrioresque
3491 3363 3612 3419 eﬂi-

2012 3462 2141 3529 ciet,
2171 3461 2459 3518 laboribus
2491 3460 2717 3518 interim
2750 3466 2809 3516 et
2843 3458 3234 3516 aarumniseos
3263 3458 3332 3514 ad
3370 3458 3615 3514 toleran-

2013 3552 2147 3608 tiam
2185 3567 2474 3609 exercens.
2501 3550 2791 3609 Consentit
2821 3566 2956 3607 vero
2986 3550 3122 3607 huic
3158 3550 3239 3606 rei
3273 3550 3443 3606 etiam
3475 3548 3617 3606 divi-

2014 3661 2121 3703 nus
2150 3644 2389 3712 Paulus,
2438 3645 2516 3700 ita
2565 3644 2816 3701 scribens
2858 3662 2873 3698 :
2922 3643 3084 3715 109
3113 3662 3133 3696 ι
3173 3643 3378 3699 Fidelis
3428 3650 3617 3699 autem

2014 3739 2180 3805 Deus,
2221 3739 2319 3810 qui
2356 3754 2471 3794 non
2504 3738 2652 3794 sinet
2685 3752 2787 3794 vos
2825 3737 3029 3794 tentari
3060 3736 3208 3792 ultra
3248 3736 3305 3792 id
3338 3735 3487 3808 quod
3519 3751 3619 3807 po-

2017 3830 2195 3895 testis,
2234 3830 2334 3885 sed
2374 3829 2542 3887 faciet
2577 3830 2746 3886 etiam
2779 3845 2906 3886 cum
2932 3829 3238 3885 tentatione
3261 3836 3615 3898 proventum,

2018 3930 2082 3976 ut
2108 3920 2334 3991 possitis
2361 3920 2636 3977 sustinere
2662 3920 2729 3973 “.
2764 3939 2782 3972 ι
2808 3919 2918 3991 Ipsi
2949 3919 3279 3991 veroetiam
3302 3918 3541 3974 clamant
3560 3916 3617 3972 in

2016 4015 2163 4071 libro
2188 4015 2556 4080 Psalmorum,
2594 4014 2691 4086 qui
2722 4012 2779 4069 in
2813 4012 3078 4084 periculis
3100 4011 3328 4078 versati,
3361 4010 3623 4082 gravissi-

2019 4123 2252 4178 mosque
2276 4107 2728 4179 persecutionum
2760 4106 2983 4162 labores
3006 4105 3224 4161 fortiter
3247 4112 3619 4176 superarunt:

2030 4220 2048 4253 ι
2070 4199 2319 4258 Probasti
2339 4216 2463 4266 nos,
2486 4201 2662 4267 Deus;
2685 4200 2811 4271 igne
2831 4213 2936 4254 nos
2959 4197 3306 4264 examinasti,
3332 4197 3473 4254 sicut
3495 4212 3624 4253 exa—
3650 4239 3659 4244 -

2022 4291 2267 4346 minatur
2297 4298 2608 4362 argentum.
2649 4287 2919 4345 lnduxisti
2955 4302 3057 4342 nos
3097 4287 3157 4342 in
3201 4287 3484 4356 laqueum,
3526 4301 3661 4357 po-.

321 4380 550 4449 κεςραλὰς
571 4382 761 4454 ἡμῶν.
795 4381 1101 4455 Διήλθομεν
1126 4382 1215 4437 διὰ
1247 4384 1418 4456 πυρὸς
1452 4382 1547 4438 καὶ
1580 4380 1792 4451 ὕδατος,
1829 4382 1914 4437 καὶ

2025 4385 2184 4442 suisti
2212 4385 2600 4440 tribulationes
2638 4383 2697 4438 in
2727 4382 2894 4438 dorso
2930 4388 3123 4436 nostro
3147 4397 3165 4435 :
3188 4378 3499 4451 imposuisti
3526 4379 3662 4435 ho-.

322 4469 582 4543 ἐξήγαγες
611 4476 769 4547 ἡμᾶς
793 4478 875 4539 εἰς
907 4476 1212 4548 ἀναψυχήν.
1257 4496 1275 4529 ι
1336 4475 1583 4538 Ἀκούεις
1616 4476 1764 4539 ὅπως
1795 4475 1921 4547 ἤκι-

324 4580 416 4617 στα
445 4567 544 4638 μὲν
583 4568 656 4622 τὰ
712 4569 800 4638 ἐφ’
844 4562 933 4632 οἷς
986 4568 1377 4640 δοκιμάζονται
1414 4569 1703 4640 δυσφορεῖν
1748 4567 1920 4639 ἐγνώ-

323 4673 463 4723 κασι,
496 4661 762 4734 χαίρουσι
791 4663 852 4715 δέ
886 4661 1089 4733 μᾶλλον
1115 4661 1190 4726 ὡς
1224 4662 1486 4733 ἀμείνους
1533 4660 1923 4731 ἁναδεδειγμέ-

326 4767 416 4816 vat,
447 4753 542 4811 καὶ
564 4754 658 4818 διὰ
691 4756 894 4826 πείρας
927 4756 1096 4826 αὐτῆς
1120 4756 1257 4826 ὅπερ
1274 4755 1411 4809 εἰσὶν
1442 4756 1796 4825 ἐγνωσμένοι,
1828 4754 1925 4807 καὶ

325 4846 410 4899 ἐπὶ
436 4852 557 4912 ταῖς
586 4850 673 4913 είς
715 4849 886 4920 ἄκρον
915 4848 1215 4917 φιλοθεΐαις
1245 4848 1332 4902 διὰ
1358 4847 1454 4903 τοῦ
1481 4846 1674 4902 παθεῖν
1716 4863 1927 4920 μεμαρ-

325 4942 642 5013 τυρημένοι.
694 4942 938 4996 Διελθεῖν
981 4943 1091 5015 γὰρ
1123 4942 1335 5012 ἔφασαν
1364 4941 1454 4995 διὰ
1486 4940 1679 5012 πυρός.
1711 4941 1924 5011 Ὥσπερ

326 5032 447 5100 γὰρ,
504 5031 688 5106 οῑμαι,
725 5035 795 5091 τὰ
833 5034 1183 5106 δοκιμώτατα
1220 5034 1329 5088 τῶν
1370 5033 1737 5105 θυμιαμάτων
1793 5031 1926 5103 πυρὶ

305 5122 813 5199 βροσωμιληκότα,
868 5124 969 5195 τῆς
1005 5123 1233 5195 ἐνούσης
1277 5125 1461 5188 αὐτοῖς
1511 5123 1774 5195 εὐοσμίας
1801 5122 1927 5176 τότε

330 5213 606 5270 ποιοῦνται
642 5215 743 5287 τὴν
784 5214 1032 5283 ἔνδειξιν*
1076 5215 1218 5270 οὕτω
1253 5217 1349 5270 καὶ
1380 5216 1502 5270 ὁσία
1528 5215 1675 5288 ψυχὴ
1723 5231 1929 5286 πυρου-

334 5306 460 5378 μένη
492 5308 703 5380 τρόπον
732 5308 857 5363 τινὰ
902 5309 992 5364 διὰ
1037 5308 1131 5364 τοῦ
1177 5308 1535 5380 πειράζεσθαι
1569 5308 1664 5364 καὶ
1718 5310 1925 5373 πονεῖν,

329 5399 733 5473 ἐναργεστέραν
763 5403 1001 5455 ποιεῖται
1040 5402 1140 5472 τῆς
1178 5401 1405 5474 ἐνούσης
1438 5401 1575 5472 αὐτῇ
1618 5400 1931 5467 πολυειδοῦς

332 5492 525 5564 ἀρετῆς
562 5496 668 5566 τὴν
691 5494 944 5565 ἕκφασιν.
993 5495 1140 5568 Πλὴν
1169 5496 1300 5567 περὶ
1324 5495 1527 5558 παντὸς
1550 5493 1706 5564 ἁγίου
1739 5493 1932 5565 ψάλλει

336 5584 428 5652 μίν
456 5603 562 5641 που
608 5587 705 5642 καί
737 5606 905 5661 φησιν
936 5591 965 5643 ὁ
991 5589 1278 5654 θεσπέσιος
1303 5588 1485 5653 Δαϐὶδ,
1516 5590 1598 5643 ὅτι
1628 5606 1646 5639 ι
1674 5587 1934 5660 Παραϐα-

333 5673 409 5727 λξῖ
447 5677 688 5748 ἄγγελος
721 5682 928 5755 Κυρίου
970 5682 1157 5753 κύκλῳ
1201 5682 1312 5737 τῶν
1357 5681 1711 5754 φοὸουμένων
1743 5681 1928 5746 αὑτὸν,

2028 4479 2207 4534 mines
2234 4493 2401 4548 super
2428 4476 2610 4546 capita
2638 4481 2846 4530 nostra.
2881 4473 3264 4528 Transivimus
3303 4487 3401 4543 per
3425 4485 3625 4542 aquam
3654 4499 3662 4511 ι

2028 4580 2086 4627 et
2113 4571 2316 4643 ignem,
2346 4577 2404 4626 et
2432 4567 2673 4625 eduxisti
2711 4582 2817 4623 nos
2845 4566 2901 4621 in
2931 4564 3280 4637 refrigerium
3308 4563 3375 4619 ⁸⁸.
3401 4583 3419 4616 ›
3453 4563 3629 4643 Audis
3658 4592 3665 4598 -
3762 4580 3765 4583 ·

2029 4640 2155 4734 quo
2170 4671 2333 4734 pacto
2372 4676 2438 4717 ea
2478 4659 2535 4717 in
2575 4659 2781 4731 quibus
2816 4657 3144 4730 probantur,
3170 4671 3314 4727 aegre
3348 4655 3497 4712 ferre
3520 4640 3627 4710 ιη’ἷ-
3656 4697 3663 4701 λ

2030 4756 2179 4811 nime
2198 4760 2436 4820 norunt;
2460 4753 2705 4825 gaudent
2720 4766 2857 4808 vero
2877 4749 3082 4821 potius,
3106 4756 3371 4819 tanquam
3390 4747 3633 4804 victores
3659 4776 3666 4800 -.

2032 4847 2317 4911 declarati,
2337 4855 2394 4903 et
2411 4847 2795 4917 experimento
2814 4844 2936 4917 ipso
2962 4843 3017 4899 id
3045 4842 3194 4914 quod
3227 4849 3378 4907 sunt,
3398 4840 3629 4912 cogniti,
3656 4894 3659 4899 .

2031 4953 2415 5009 summamque
2434 4938 2657 5008 pietatis
2675 4936 2998 5007 patientiam
3014 4940 3282 4991 testantes
3301 4950 3315 4987 ε
3333 4947 3433 5004 per
3448 4932 3632 5004 ignem
3656 4963 3665 4973 α

2032 5032 2183 5088 enim
2210 5030 2493 5087 transiisse
2513 5046 2572 5086 se
2599 5029 2810 5085 dicunt.
2834 5026 3310 5095 Quemadmodum
3326 5026 3478 5081 enim
3499 5039 3632 5097 pro-

2036 5126 2323 5181 batissima
2354 5124 2711 5197 thymiamata
2732 5122 2843 5193 igni
2866 5122 3109 5186 admota,
3132 5119 3321 5175 odoris
3355 5133 3468 5190 quo
3493 5133 3635 5190 prae-
3657 5161 3671 5167 ..

2036 5217 2151 5272 dita
2184 5224 2334 5282 sunt,
2374 5216 2657 5285 specimen
2682 5212 2885 5279 edunt,
2918 5212 2994 5268 ita
3030 5212 3198 5268 etiam
3224 5221 3413 5269 sancta
3447 5211 3640 5268 anima

2038 5309 2163 5385 igne
2212 5305 2620 5380 quodammodo
2664 5304 2913 5376 probata,
2959 5320 3060 5376 per
3102 5304 3439 5361 tentationes
3468 5313 3527 5360 et
3556 5304 3664 5359 la-..

2038 5402 2225 5468 bores,
2254 5399 2597 5457 luculentius
2623 5398 2800 5456 multo
2836 5398 3156 5455 exsistean
3195 5397 3251 5454 in
3289 5397 3424 5469 ipsa.
3448 5395 3655 5451 multi-.

2040 5495 2218 5551 moda:
2262 5493 2488 5550 virtutis
2529 5500 2921 5565 argumentum
2962 5492 3097 5549 edit.
3139 5489 3522 5549 Davidetiam
3563 5486 3637 5543 de

2039 5583 2195 5641 omni
2227 5590 2418 5640 sancto
2447 5583 2651 5640 alicubi
2680 5583 2850 5651 canit,
2879 5583 2956 5641 ita
2985 5582 3178 5641 dicens
3214 5601 3229 5637 :
3267 5601 3285 5634 ι
3328 5579 3640 5638 Castramc-

2043 5679 2250 5741 tabitur
2277 5677 2506 5751 angelus
2535 5677 2754 5740 Domini
2790 5676 2848 5733 in
2874 5675 3114 5738 circuitu
3143 5671 3457 5731 timentium
3481 5681 3655 5750 eunti!

402 5851 449 5883 "
477 5853 522 5908 ll
564 5852 720 5909 Tim.
744 5872 823 5923 ιη,
859 5856 944 5910 12.
1024 5856 1066 5889 ⁸⁷⁸
1098 5857 1119 5913 l
1148 5857 1275 5914 Cor.
1318 5873 1369 5924 χ,
1411 5856 1495 5912 ιδ.
1574 5854 1618 5888 ⁸³
1652 5852 1793 5909 Psal.
1828 5868 1951 5912 va.
1977 5850 2166 5913 10—12.
