4034 6448
435 365 539 424 179

1467 366 1525 423 S.
1566 364 1843 422 CYRILLI
1880 366 2354 453 ALEXANDle
2394 367 2719 425 ARCHIEP.

3616 365 3714 418 lii)

433 490 491 538 et
518 480 721 553 eripiet
758 494 855 536 eos
886 480 951 533 “.
1000 498 1017 531 ι
1047 479 1167 550 Ipse
1198 493 1331 533 vero
1358 479 1537 534 omnis
1563 478 1751 533 auxilii
1792 478 2021 549 largitor

2127 479 2221 533 καὶ
2246 481 2471 551 ῥύσεται
2499 480 2715 543 αὐτούς.
2744 498 2762 530 ι
2792 478 2965 542 Αὐτὸς
2992 476 3049 533 δὲ
3080 478 3240 532 πάλιν
3268 478 3365 550 τῆς
3393 479 3711 553 ἐπικουρίας

434 581 631 643 aperte
649 573 727 627 ait
754 590 766 626 :
801 592 819 624 ι
848 572 1118 639 Quoniam
1137 569 1375 641 speravit
1396 570 1451 624 in
1478 585 1586 635 me,
1607 569 1840 641 eripiam
1869 585 2018 625 eum.

2124 574 2153 627 6
2186 539 2420 644 χορηγὸς
2440 539 2738 643 διαρρήδην
2771 539 2958 642 φησίν;
2996 591 3013 622 σ
3054 571 3179 625 Ὀτι
3209 572 3298 624 ἐπ’
3493 539 3708 643 ἤλπισε,

434 661 707 716 Clamabit
736 661 803 715 ad
834 676 940 725 me,
965 667 1020 715 et
1046 659 1334 715 exaudiam
1358 674 1484 714 eum
1512 702 1525 712 .
1546 675 1672 715 cum
1702 659 1820 730 ipso
1843 675 1941 715 ero
1966 659 2023 715 in

435 753 825 818 tribulatione;
846 752 1077 822 eripiam
1102 766 1250 817 eum,
1281 759 1337 806 et
1367 750 1687 822 glorificabo
1709 766 1859 807 eum.
1881 751 2025 806 Lon-

435 844 683 914 gitudine
709 844 926 898 dierum
964 842 1204 915 implebo
1231 858 1381 906 eum,
1409 851 1465 898 et
1494 843 1777 898 ostendam
1803 843 1855 899 ei
1881 843 2027 898 salu-

436 949 555 993 tarc
580 953 761 991 meum
785 937 850 990 ".
883 955 901 987 ι
929 932 1215 1002 Quodnam
1240 935 1407 1007 igitur
1427 944 1513 991 est
1540 956 1558 987 ι
1590 936 1825 991 salutare
1843 936 1940 991 Dei
1960 952 2024 992 ac

435 1027 651 1082 Patris?
674 1047 692 1079 ι
721 1028 867 1082 Deus
890 1027 1130 1083 Verbum
1160 1044 1227 1083 ex
1256 1028 1395 1099 ipso,
1427 1028 1521 1099 qui
1546 1038 1772 1099 propter
1804 1043 1905 1082 nos
1939 1042 2025 1084 se-

433 1125 676 1180 cundum
719 1140 820 1180 nos
851 1125 1028 1180 factus
1056 1133 1159 1189 est,
1187 1126 1485 1196 divinoque
1525 1123 1755 1179 consilio
1790 1122 2023 1178 formam

434 1214 577 1268 servi
615 1215 931 1283 assumpsit.
969 1215 1251 1284 ltaipsum
1275 1215 1494 1269 vocavit
1530 1213 1698 1268 etiam
1735 1213 1896 1271 Pater
1924 1227 2024 1282 per

434 1304 663 1369 Isaiam,
698 1304 944 1359 dicens:
996 1323 1014 1355 ι
1062 1304 1129 1359 Ει
1184 1305 1450 1360 videbunt
1509 1312 1701 1375 gentes
1752 1305 2023 1377 justitiam

432 1412 642 1461 meam,
703 1404 760 1451 et
815 1410 975 1467 reges
1015 1397 1244 1468 gloriam
1300 1412 1499 1452 meam.
1541 1395 1791 1451 Salutare
1838 1406 2022 1454 autem

434 1504 619 1543 meum
653 1489 795 1544 sicut
816 1490 1042 1544 lucerna
1073 1489 1396 1545 ardebit”:
1421 1488 1618 1544 Factus
1635 1490 1784 1544 enim
1817 1499 1901 1545 est
1918 1506 2020 1546 no-

437 1579 525 1635 bis
546 1579 760 1650 justitia
785 1586 842 1635 et
866 1581 1036 1651 gloria
1072 1596 1103 1635 a
1130 1580 1242 1634 Deo
1274 1587 1332 1635 et
1367 1580 1544 1643 Patre,
1581 1579 1754 1635 Filius
1788 1589 1845 1634 et
1871 1581 2021 1636 salu-

436 1682 572 1727 tare.
609 1672 899 1728 Iustiﬂcati
934 1672 1080 1727 enim
1119 1687 1311 1727 sumus
1334 1670 1389 1725 in
1412 1670 1551 1741 ipso,
1578 1679 1634 1726 et
1653 1670 1721 1727 ad
1745 1670 2023 1727 ﬁliationis

434 1764 663 1833 gloriam
719 1765 894 1821 evecti
951 1764 1016 1817 “.
1075 1762 1232 1830 Quod
1284 1778 1417 1817 vero
1472 1762 1640 1817 etiam
1696 1762 1889 1818 salvati
1945 1765 2021 1819 si-

434 1868 589 1917 mus,
639 1853 835 1909 mortis
879 1853 1115 1909 vinculis
1168 1853 1368 1917 soluti,
1439 1862 1603 1923 atque
1653 1853 1723 1908 ad
1767 1853 2021 1908 incorru-
2054 1888 2097 1943 Β

433 1945 677 2013 ptionem
724 1944 1010 2009 translati,
1052 1959 1166 2013 quo
1226 1952 1389 2014 pacto
1442 1954 1540 2001 aut
1594 1945 1740 2000 unde
1789 1944 2023 2000 dubium

432 2051 554 2092 esse
592 2037 805 2106 potest?
832 2032 1018 2091 Illuxit
1053 2036 1203 2092 enim
1236 2036 1430 2102 nobis,
1467 2037 1639 2093 veluti
1676 2038 1732 2091 in
1764 2043 1925 2094 nocte
1967 2046 2025 2093 et

435 2128 682 2184 tenebris
715 2128 969 2193 lucerna,
1002 2128 1203 2195 Filius,
1240 2130 1400 2199 ιιο
1427 2130 1668 2185 divinam
1688 2131 1868 2186 lucem
1897 2145 2022 2186 cre—

433 2220 685 2276 dentium
741 2221 943 2276 animis
997 2222 1317 2278 immittens.
1381 2223 1593 2279 idcirco
1652 2224 1819 2279 etiam
1876 2223 1956 2278 ait
2005 2241 2021 2278 :

441 2334 458 2366 ι
498 2314 613 2384 Ego
653 2328 776 2370 sum
823 2315 918 2371 lux
965 2316 1157 2371 mundi
1194 2318 1261 2372 ⁷ο.
1294 2337 1313 2369 ι
1345 2316 1503 2385 Quod
1540 2319 1708 2391 igitur
1738 2321 1895 2391 juxta
1935 2320 2023 2390 ip-

434 2405 551 2461 sius
578 2404 877 2462 Salvatoris
908 2420 1099 2464 vocem
1132 2408 1177 2440 ⁷¹
1208 2408 1355 2464 beati
1385 2392 1518 2476 sint,
1552 2410 1647 2480 qui
1684 2411 2026 2480 persecutio-

433 2510 558 2551 nem
591 2497 880 2566 patiuntur
899 2508 1128 2569 propter
1149 2500 1421 2571 justitiam
1453 2500 1852 2572 (hatreditatem
1873 2501 2023 2557 enim

432 2586 715 2643 caelestem
748 2588 1052 2653 habebunt,
1093 2604 1158 2645 ac
1185 2590 1355 2646 totius
1381 2591 1623 2647 universi
1650 2593 1943 2648 Dominum
1968 2601 2025 2649 et

432 2676 771 2735 Salvatorem
794 2680 1103 2752 adjutorem
1126 2690 1259 2738 sunt
1278 2684 1599 2753 experturi;
1632 2684 1898 2740 videbunt
1920 2700 2021 2740 au-

433 2780 544 2827 tem
572 2771 739 2826 etiam
766 2772 944 2842 ipsum
969 2772 1039 2829 de
1060 2772 1284 2829 Christo
1309 2774 1683 2847 mysterium),
1707 2791 1774 2831 ex
1798 2775 1867 2831 iis
1889 2776 2023 2847 ipsis

430 2877 554 2933 quae
592 2863 756 2919 beato
781 2863 950 2920 Iacob
985 2865 1309 2922 acciderunt
1331 2865 1491 2923 facile
1522 2867 1648 2938 quis
1670 2867 2020 2923 intellexerit.

430 2953 624 3023 Operae
661 2955 897 3025 pretium
922 2972 1056 3012 vero
1083 2973 1205 3014 esse
1244 2958 1490 3013 arbitror
1527 2974 1593 3014 ea
1633 2974 1758 3029 quae
1792 2959 1862 3014 de
1902 2959 2022 3030 ipso

431 3044 637 3115 scripta
666 3055 815 3113 sunt,
844 3048 913 3105 ad
953 3049 1385 3106 manifestiorem
1428 3050 1767 3106 intellectum
1798 3051 2023 3107 lectori-

317 3156 326 3164 ·
436 3138 540 3195 bus
569 3155 865 3210 apponere.
891 3140 969 3195 lta
995 3156 1126 3196 vero
1151 3139 1357 3196 habent
1385 3157 1396 3194 :
1432 3158 1451 3191 ι
1478 3139 1546 3194 Et
1576 3140 1748 3194 iratus
1769 3147 1853 3195 est
1875 3138 2015 3193 Esau

2125 664 2219 716 καὶ
2259 662 2495 736 ῥύσομαι
2526 663 2708 719 αὐτόν.
2764 662 3107 733 Κεκράξεται
3146 662 3284 734 πρός
3340 680 3431 734 με,
3465 666 3561 717 καὶ
3597 666 3712 719 είσ-

2125 757 2428 827 ακούσομαι
2450 756 2634 811 αὐτοῦ·
2669 756 2786 828 μετ’
2816 755 2983 811 αὐτοῦ
3018 759 3134 829 ειμι
3160 759 3218 811 tv
3252 756 3459 827 θλίψει,
3498 758 3715 825 ἐξελοῦ-

2128 865 2227 919 μαι
2268 847 2450 913 αὐτὸν,
2504 847 2597 902 καὶ
2651 846 2860 912 δοξάσω
2885 847 3069 911 αὐτὸν,
3106 847 3451 919 μακρότητος
3485 849 3713 920 ἡμερῶν

2126 941 2394 1012 ἐμπλήσω
2426 940 2610 1005 αὐτὸν,
2646 939 2923 1006 xal6s15w
2967 939 3117 1010 αὐτῷ
3138 939 3199 992 τὸ
3230 939 3496 1010 σωτήριόν
3531 957 3653 1010 μου.
3687 958 3706 991 ο

2126 1030 2284 1083 Ποῖον
2311 1024 2404 1083 οὖν
2430 1029 2538 1100 ἄρα
2571 1030 2689 1083 ἐστὶ
2725 1049 2744 1081 ι
2793 1028 2856 1082 τὸ
2886 1031 3152 1100 σωτήριον
3177 1028 3271 1082 τοῦ
3296 1027 3430 1082 Θεοῦ
3474 1030 3569 1083 καὶ
3604 1030 3713 1083 ﬂa-

2123 1122 2280 1193 τρός;
2314 1142 2333 1175 ι
2384 1124 2445 1176 '0
2473 1123 2532 1188 ἐξ
2566 1122 2731 1177 αὐτοῦ
2776 1123 2908 1187 Θεὸς
2947 1123 3142 1192 Λόγος,
3182 1124 3211 1176 6
3261 1122 3329 1175 δι’
3381 1124 3530 1193 ἡμᾶς
3586 1122 3712 1174 καθ’

2124 1218 2271 1286 ἡμᾶς
2301 1216 2396 1270 καὶ
2426 1217 2484 1269 ὲν
2521 1215 2706 1269 δούλου
2732 1217 2913 1287 μορφῇ
2934 1213 3173 1284 γεγονὼς
3203 1212 3583 1283 οἰκονομικῶς.
3609 1210 3716 1266 Οὖ-

2123 1325 2231 1372 τως
2258 1308 2420 1363 αὐτὸν
2448 1308 2732 1379 ὠνόμαζεν
2753 1310 2782 1361 6
2812 1307 3004 1378 Πατὴρ
3032 1307 3124 1361 καὶ
3148 1307 3215 1360 δι’
3252 1305 3477 1379 Ἡσαΐου
3508 1305 3707 1379 λέγων’

2132 1419 2151 1451 ι
2176 1400 2286 1454 Καὶ
2320 1402 2542 1471 ὄψονται
2569 1398 2640 1454 τά
2666 1400 2792 1470 ἔθνη
2822 1399 2919 1470 τὴν
2948 1399 3297 1469 δικαιοσύνην
3333 1415 3457 1469 μου,
3491 1396 3583 1450 καὶ
3610 1395 3710 1465 βα-

2126 1495 2295 1557 σιλεῖς
2330 1492 2430 1563 τὴν
2467 1493 2624 1560 δόξαν
2657 1509 2780 1563 μου.
2831 1491 2907 1545 Τὸ
2935 1490 2993 1544 δὲ
3026 1490 3294 1561 σωτήριόν
3324 1506 3425 1559 μου
3452 1488 3526 1550 ὡς
3564 1487 3713 1559 λαμ-

2124 1586 2234 1651 πάς
2271 1586 2627 1657 καυθήσεται.
2662 1605 2680 1638 ι
2714 1585 2911 1654 Γέγονε
2951 1583 3061 1656 γὰρ
3099 1584 3229 1655 ἡμῖν
3267 1578 3583 1650 δικαιοσύνη
3615 1579 3714 1633 καὶ

2122 1673 2248 1740 δόξα
2282 1674 2433 1746 παρά
2452 1676 2547 1729 τοῦ
2578 1674 2713 1729 Θεοῦ
2750 1675 2846 1730 καὶ
2884 1673 3118 1745 Πατρδς,
3148 1675 3177 1726 6
3206 1672 3352 1735 Υἱὸς,
3376 1671 3470 1724 καὶ.
3494 1671 3589 1742 μὲν
3613 1669 3716 1723 καὶ

2126 1770 2414 1839 σωτήριον.
2445 1766 2856 1840 Δεδικαιὼμεθα
2911 1768 3021 1838 γὰρ
3054 1767 3113 1820 ὲν
3154 1764 3322 1836 αὐτῷ,
3356 1766 3450 1819 καὶ
3480 1765 3559 1828 είς
3606 1765 3716 1836 τὴν

2124 1860 2225 1931 τῆς
2258 1860 2534 1923 υἱοθεσίας
2564 1858 3008 1932 ἀνεκομίσθημεν
3044 1856 3221 1923 δόξαν.
3244 1857 3368 1911 Ὀτι
3392 1856 3449 1910 δὲ
3488 1856 3581 1909 καὶ
3615 1871 3719 1908 σε-

2128 1952 2386 2025 σὼσμεθα
2420 1952 2489 2007 τά
2530 1952 2625 2006 τοῦ
2657 1952 2888 2007 θανάτου
2921 1951 3185 2023 φυγόντες
3221 1949 3419 2021 δεσμὰ,
3450 1949 3543 2004 καὶ
3575 1949 3720 2005 ἀνα·

2124 2045 2410 2116 τρέχοντες
2437 2046 2516 2108 είς
2555 2043 2887 2115 ἀφθαρσίαν,
2931 2041 3048 2107 πῶς
3072 2042 3140 2096 ἂν
3174 2040 3261 2112 εἴη
3298 2041 3506 2106 λοιπὸν,
3537 2039 3571 2112 ἦ
3607 2039 3715 2093 πό-

2125 2136 2218 2191 θεν
2252 2136 2589 2207 ἀμφίϐολον;
2633 2133 2910 2207 Ἐπεφάνη
2941 2134 3050 2206 γὰρ
3084 2136 3215 2206 ἡμῖν
3246 2132 3321 2198 ὡς
3351 2134 3407 2186 ὲν
3427 2134 3583 2187 νυκτὶ
3613 2132 3718 2187 καὶ

2123 2230 2182 2282 ὲν
2213 2228 2389 2299 σκότῳ
2411 2228 2656 2299 λαμπὰς,
2682 2232 2710 2282 ό
2746 2227 2895 2293 Υίδς,
2921 2226 3035 2298 φῶς
3064 2227 3123 2280 τὸ
3153 2226 3295 2281 θεῖον
3335 2214 3457 2287 ταῖς
3483 2225 3592 2279 τῶν
3624 2242 3720 2278 πι-

2125 2321 2422 2375 στευόντων
2463 2321 2664 2391 ψυχαῖς
2707 2320 2893 2384 ἐνιείς.
2951 2319 3243 2390 Τοιγάρτοι
3294 2318 3388 2371 καὶ
3434 2316 3712 2386 ἔφασκενο

2132 2426 2151 2458 ι
2203 2406 2343 2475 Ἑγὼ
2369 2409 2485 2477 εἶμι
2521 2408 2582 2461 τὸ
2615 2405 2729 2476 φῶς
2757 2407 2852 2462 τοῦ
2883 2407 3112 2479 κόσμου.
3153 2426 3173 2460 ι
3213 2407 3335 2460 Ὀτι
3358 2406 3539 2460 τοίνυν
3567 2404 3719 2462 κατά

2122 2500 2222 2571 τὴν
2248 2500 2415 2554 αὐτοῦ
2440 2500 2531 2554 τοῦ
2557 2501 2809 2572 Σωτῆρος
2836 2501 3018 2572 φωνὴν
3052 2500 3314 2573 μακάριοι
3342 2500 3391 2553 οἱ
3412 2498 3715 2570 δεδιωγμέ-

2123 2608 2204 2647 νοι
2246 2592 2430 2645 ἕνεκεν
2480 2591 2847 2664 δικαιοσύνης.
2871 2592 3088 2664 Κλῆρον
3125 2592 3234 2664 γὰρ
3278 2589 3461 2655 ἕξουσι
3514 2590 3605 2643 τὸν
3652 2591 3716 2642 ὲν

2122 2684 2392 2756 οὐρανοῖς,
2427 2683 2523 2738 καὶ
2568 2683 2732 2737 αὐτὸν
2765 2683 3114 2755 ὲπαμύνοντα
3134 2684 3223 2737 τὸν
3256 2682 3366 2737 τῶν
3405 2681 3541 2736 ὅλων
3573 2680 3717 2735 Θεὸν

2124 2779 2218 2831 κοιλ⁵
2260 2776 2509 2847 Σωτῆρα.
2552 2774 2814 2846 Ὄψονται
2848 2775 2905 2829 δὲ
2943 2776 3036 2829 καὶ
3071 2775 3203 2829 αὐτὸ
3242 2774 3307 2828 τὸ
3347 2773 3439 2828 ἐπὶ
3466 2771 3714 2845 Χριστοῦ

2126 2867 2460 2939 μυστήριον
2493 2866 2590 2920 καὶ
2626 2864 2685 2931 ἐξ
2720 2864 2900 2919 αὐτῶν
2934 2865 3084 2919 οὐδὲν
3130 2859 3292 2936 ἦττον
3327 2863 3595 2935 ἀναμᾶθοι
3622 2854 3715 2927 τις

2121 2958 2207 3020 ἂν,
2242 2958 2351 3012 τῶν
2381 2958 2524 3012 κατά
2558 2958 2650 3012 τὸν
2698 2958 2968 3031 μακάριον
3013 2957 3227 3012 Ἰακώϐ.
3262 2957 3595 3030 Παραθεῖναι
3654 2955 3717 3011 δὲ

2120 3046 2277 3122 οἶμαι
2310 3050 2520 3122 πρέπον
2546 3050 2613 3105 τὰ
2644 3052 2731 3104 ἐπ’
2757 3050 2907 3122 αὐτῷ
2959 3050 3347 3123 γεγραμμένα,
3378 3049 3516 3122 πρὸς
3544 3051 3714 3121 ἀκρι-

2084 3210 2087 3215 η
2123 3141 2389 3213 ϐεστέραν
2416 3141 2623 3213 εἴδησιν
2650 3144 2766 3206 τοῖς
2804 3143 3229 3213 ἐντευξομένοις.
3262 3143 3419 3213 Ἔχει
3452 3141 3508 3196 δὲ
3541 3139 3714 3196 οὓτω⁹
3830 3204 3837 3211 ι

433 3229 604 3285 Iacob
628 3245 728 3301 pro
752 3230 1135 3287 benedictione
1185 3247 1293 3300 qua
1322 3230 1601 3287 benedixit
1623 3231 1673 3286 ei
1701 3241 1854 3301 pater
1875 3231 2013 3303 ejus.

2129 3252 2146 3292 ι
2174 3232 2283 3285 Καὶ
2306 3233 2547 3287 ὲνεκότει
2588 3233 2757 3289 Ἠσαῦ
2780 3234 2856 3305 τῷ
2900 3232 3099 3289 Ἰακὼϐ
3132 3236 3261 3306 περὶ
3305 3235 3404 3305 τῆς
3433 3233 3713 3302 εὐλογίας,

432 3327 574 3383 Dixit
597 3338 781 3385 autem
806 3330 948 3386 Esau
971 3330 1028 3386 in
1050 3339 1235 3387 mente
1259 3346 1359 3387 sua
1388 3349 1401 3387 :
1430 3331 1883 3404 Appropinquent
1901 3332 2024 3389 dies

429 3420 612 3481 luctus
635 3424 808 3494 patris
831 3425 962 3490 mei,
1001 3431 1063 3481 ut
1092 3425 1341 3481 occidam
1367 3425 1536 3481 Iacob
1560 3424 1786 3481 fratrem
1814 3440 2017 3480 meum.

430 3512 692 3570 Nuntiata
711 3523 843 3571 sunt
860 3525 1045 3572 autem
1066 3516 1330 3574 Rebeccae
1353 3518 1521 3573 verba
1540 3517 1682 3577 Esau
1708 3518 1804 3572 lilii
1828 3517 1913 3573 sui
1937 3532 2023 3573 se-

429 3602 640 3672 nioris';
668 3614 725 3662 et
751 3607 978 3664 mittens
999 3610 1217 3664 vocavit
1252 3609 1422 3666 Iacob
1448 3609 1621 3665 illium
1648 3626 1810 3666 suum
1840 3610 2025 3681 junio-

314 3702 315 3705 ‘
431 3712 573 3762 rem,
601 3706 660 3754 et
679 3698 822 3753 dixit
852 3700 903 3754 ei
928 3718 942 3754 :
969 3700 1110 3757 Ecce
1137 3701 1281 3757 Esau
1306 3702 1479 3760 frater
1506 3711 1635 3759 tuus
1657 3703 1899 3760 minatur
1923 3702 2022 3757 tibi

431 3788 686 3844 occidere
722 3798 795 3845 te.
828 3790 986 3847 Nunc
1008 3808 1159 3864 ergo,
1185 3810 1219 3879 ο
1244 3794 1338 3860 illi,
1368 3795 1497 3850 audi
1523 3810 1699 3851 meam
1726 3810 1938 3860 vocem,
1967 3805 2024 3851 et

432 3894 665 3953 surgens
706 3880 833 3953 fuge
873 3883 931 3938 in
974 3884 1415 3956 Mesopotamiam
1458 3887 1525 3942 ad
1570 3886 1757 3943 Laban
1797 3888 2021 3943 fratrem

431 3984 617 4025 meum
636 3969 691 4025 in
713 3970 983 4038 Cbarrau,
1001 3981 1057 4029 et
1081 3974 1268 4031 habita
1290 3991 1416 4031 cum
1439 3992 1507 4031 eo
1527 3976 1648 4032 dies
1670 3976 1900 4047 aliquot,
1927 3978 2025 4031 do:-

430 4074 537 4114 nec
559 4067 843 4116 avertatur
880 4061 1034 4117 furor
1064 4071 1121 4118 et
1150 4063 1230 4120 ira
1256 4063 1443 4119 fratris
1475 4063 1555 4118 tui
1584 4079 1615 4118 a
1648 4072 1722 4128 te,
1750 4071 1807 4119 et
1828 4064 2025 4119 oblivi-

430 4160 619 4206 scatur
652 4168 775 4223 quze
801 4152 979 4209 fecisti
1014 4156 1066 4211 ei
1098 4173 1110 4209 :
1140 4163 1197 4211 et
1221 4156 1449 4211 mittens
1479 4171 1756 4211 accersam
1780 4166 1835 4212 te
1858 4156 2019 4222 inde,
2048 4179 2060 4187 ε

426 4260 499 4300 ne
523 4244 665 4301 forte
690 4247 859 4302 orber
894 4246 1114 4303 duobus
1139 4248 1297 4303 vobis
1322 4249 1380 4303 in
1408 4248 1497 4304 die
1520 4265 1630 4304 una
1664 4251 1730 4303 ".
1769 4267 1787 4302 ι
1814 4249 2022 4305 Deinde

426 4342 738 4404 opportuna
757 4335 1035 4393 discessus
1055 4336 1153 4393 ﬁlii
1175 4337 1465 4393 occasione
1486 4346 1664 4408 capta,
1687 4337 1934 4409 ingressa
1953 4340 2021 4395 ad

425 4425 596 4493 Isaac,
628 4426 766 4482 dixit
810 4446 822 4482 :
855 4448 873 4480 ι
906 4428 1124 4484 lnfensa
1149 4443 1271 4483 sum
1297 4429 1425 4485 vita
1463 4444 1600 4486 mea;
1630 4438 1858 4502 propter
1881 4430 2022 4486 ﬁlias

426 4518 665 4574 ﬁliorum
694 4519 859 4575 Hetb.
887 4519 944 4575 Si
966 4521 1244 4589 acceperit
1264 4521 1435 4577 Iacob
1462 4537 1690 4578 uxorem
1711 4522 1779 4579 de
1804 4523 2021 4580 filiabus

427 4619 591 4667 terra;
613 4612 799 4681 hujus,
827 4611 960 4681 quid
983 4612 1183 4667 attinet
1205 4613 1390 4668 vivere
1416 4614 1498 4667 7'?
1526 4634 1544 4666 ι
1571 4614 1652 4670 Ne
1669 4616 1820 4670 enim
1847 4615 2020 4672 invito

426 4711 583 4773 patre
616 4702 908 4757 discedens
937 4703 1133 4758 beatus
1162 4703 1352 4769 Iacob,
1384 4705 1486 4776 ipsi
1522 4705 1704 4761 luctus
1736 4707 1945 4777 pariter
1970 4716 2027 4763 et

426 4794 526 4850 irae
551 4809 716 4849 causa
745 4803 911 4861 esset,
941 4795 1214 4851 industria
1252 4797 1453 4853 mulier
1482 4798 1778 4869 persuadet
1819 4799 1937 4855 seni
1963 4808 2025 4855 ut

426 4886 541 4943 ﬁlio
571 4900 673 4942 suo
700 4886 1015 4943 facultatem
1051 4886 1147 4942 det
1183 4886 1443 4942 abeundi.
1483 4906 1501 4939 ι
1531 4887 1820 4946 Advocans
1850 4892 2024 4955 enim,

425 4981 627 5054 inquit,
658 4982 808 5040 Isaac
835 4983 1027 5049 Iacob,
1064 4981 1351 5039 benedixit
1388 4984 1462 5049 ei,
1505 4993 1563 5040 et
1608 4986 1873 5057 prazcepit
1920 4986 2024 5057 ipsi

425 5074 619 5131 dicens
646 5092 659 5128 :
689 5076 808 5131 Non
834 5074 1075 5146 accipies
1095 5088 1324 5130 uxorem
1348 5075 1416 5131 de
1444 5075 1662 5131 filiabus
1683 5075 2025 5133 Chananaao-

425 5182 571 5223 rum.
596 5167 841 5239 Surgens
868 5166 995 5240 fuge
1026 5170 1083 5222 in
1108 5168 1556 5239 Mesopotamiam
1588 5169 1645 5224 in
1672 5169 1899 5225 domum
1926 5171 2027 5226 Ba-

428 5259 635 5315 thuelis
660 5260 835 5330 patris
855 5261 1050 5315 matris
1072 5267 1202 5323 tum,
1227 5269 1285 5316 et
1309 5261 1497 5331 accipe
1524 5262 1625 5317 tibi
1646 5262 1776 5318 inde
1794 5279 2023 5319 uxorem

426 5352 496 5407 de
523 5350 743 5405 filiabus
765 5349 954 5405 Laban
987 5351 1248 5406 avunculi
1272 5351 1370 5406 tui.
1393 5352 1659 5409 Dominus
1676 5361 1861 5410 autem
1880 5355 2026 5410 Deus

425 5441 723 5498 benedicat
753 5439 877 5505 tibi,
911 5446 969 5495 et
994 5440 1325 5511 multiplieet
1359 5450 1433 5509 te,
1476 5453 1534 5499 et
1560 5444 1673 5499 eris
1699 5444 1754 5499 in
1792 5458 2025 5516 congre-

426 5534 678 5603 gationes
696 5532 965 5604 gentium,
992 5540 1050 5588 et
1076 5532 1172 5590 dct
1196 5535 1294 5590 tibi
1323 5535 1766 5593 benedictionem
1794 5537 2027 5593 Abrahae

426 5625 605 5695 patris
623 5625 723 5691 tui,
749 5624 851 5682 tibi
873 5632 932 5681 et
951 5626 1152 5682 semini
1178 5634 1272 5683 tuo
1309 5637 1435 5699 post
1480 5636 1556 5693 te,
1606 5630 1761 5700 ιιι
1810 5630 1880 5687 ad
1911 5631 2022 5686 hae-

2121 3326 2190 3404 ἦς
2219 3332 2512 3404 εὐλόγησεν
2552 3332 2716 3387 αὐτὸν
2749 3329 2777 3386 6
2827 3329 3012 3405 πατὴρ
3059 3329 3247 3387 αὐτοῦ.
3284 3324 3420 3382 Εῖπε
3444 3327 3499 3381 δὲ
3532 3326 3715 3381 Ἥσαῦ

2123 3423 2180 3475 ἐν
2206 3425 2272 3493 τῇ
2302 3420 2528 3494 διανοίᾳ·
2572 3421 2981 3491 Ἐγγισάτωσαν
3013 3424 3068 3476 αἱ
3096 3421 3299 3494 ἡμέραι
3335 3419 3429 3474 τοῦ
3478 3417 3718 3486 πένθους

2121 3512 2216 3570 τοῦ
2251 3513 2458 3585 πατρός
2488 3531 2610 3584 μου,
2642 3513 2729 3568 ἵνα
2766 3514 3075 3568 ἀποκτείνω
3121 3512 3316 3568 Ἰακὼϐ
3351 3512 3443 3566 τὸν
3476 3511 3714 3580 ἀδελφόν

2127 3625 2249 3679 μου.
2285 3607 2632 3679 Ἀπηγγέλθη
2665 3606 2720 3660 δὲ
2758 3610 2823 3679 τῇ
2868 3605 3137 3677 Ῥεϐέκκα
3168 3604 3236 3659 τὰ
3268 3606 3491 3677 βήματα
3531 3602 3714 3658 Ἥσαῦ

2122 3698 2216 3751 τοῦ
2264 3697 2380 3753 υίοῦ
2434 3698 2607 3768 αὐτῆς
2669 3697 2764 3753 τοῦ
2824 3697 3220 3770 πρεσϐυτέρου.
3284 3696 3388 3750 Καὶ
3443 3694 3716 3766 πέμψασα

2124 3789 2385 3844 ἐκάλεσεν
2440 3787 2635 3844 Ἰακὼϐ
2677 3789 2770 3843 τὸν
2799 3789 2918 3842 υίὸν
2948 3787 3119 3859 αὐτῆς
3160 3786 3251 3840 τὸν
3279 3784 3560 3856 νεώτερον,
3612 3784 3717 3837 καὶ

2124 3879 2275 3938 εἶπεν
2300 3882 2468 3954 αὐτῷ·
2518 3882 2648 3937 Ἰδοὺ
2691 3880 2865 3937 Ἦσαῦ
2908 3884 2937 3935 6
2963 3880 3190 3951 ἀδελφός
3237 3896 3331 3933 σου
3366 3876 3583 3933 ἀπειλεῖ
3624 3893 3713 3930 σοι

2102 3976 2215 4029 ’τοῦ
2249 3974 2570 4029 ἀποκτεῖναί
2618 3991 2696 4028 σε.
2746 3972 2863 4029 Νῦν
2911 3968 3027 4035 οὖν,
3082 3971 3293 4038 τέκνον,
3332 3968 3565 4025 ἄκουσόν
3607 3983 3713 4039 μου

2123 4067 2225 4139 τῆς
2265 4066 2477 4138 φωνῆς,
2504 4066 2599 4121 καὶ
2649 4064 2890 4131 ἀναστὰς
2924 4064 3191 4137 ἀπόδραθι
3221 4064 3301 4127 είς
3330 4062 3431 4135 τὴν
3456 4054 3712 4115 Μεσοπο-

2124 4160 2348 4231 ταμίαν,
2378 4159 2516 4231 πρὸς
2570 4157 2759 4213 Δάϐαν
2789 4157 2880 4211 τὸν
2928 4157 3155 4227 ἀδελφόν
3196 4174 3301 4228 μου
3335 4157 3414 4219 είς
3455 4153 3711 4225 Χαρράν.

2124 4252 2235 4305 Kal.
2263 4250 2486 4323 οἴκησον
2540 4251 2659 4322 μετ’
2696 4247 2863 4304 αὐτοῦ
2906 4247 3119 4321 ἡμέρας
3151 4246 3302 4311 τινὰς
3330 4246 3437 4309 ἕως
3461 4242 3555 4298 τοῦ
3576 4243 3715 4297 ἀπο-

2125 4343 2354 4415 στρέψαι
2398 4343 2491 4399 τὸν
2535 4342 2709 4414 θυμὸν
2737 4341 2833 4397 καὶ
2863 4341 2962 4413 τὴν
2986 4340 3156 4413 ὀργὴν
3195 4338 3290 4393 τοῦ
3323 4337 3552 4409 ἀδελφοῦ
3594 4354 3712 4402 σου,

2084 4426 2091 4431 ’
2123 4437 2219 4492 καὶ
2250 4435 2576 4507 ἐπιλάθηται
2604 4433 2639 4491 ἀ
2668 4436 2975 4506 πεποίηκας
3009 4432 3179 4505 αὐτῷ,
3219 4434 3314 4488 καὶ
3342 4431 3713 4486 ἁποστείλασα

2128 4527 2558 4601 μεταπέμψομαι
2587 4545 2645 4581 σε
2670 4527 2898 4591 ἐκεῖθεν,
2925 4527 3135 4598 μήποτε
3158 4519 3447 4579 ἀτεκνωθῶ
3474 4524 3579 4579 ἀπὸ
3603 4522 3713 4577 τῶν

2124 4620 2216 4674 δύο
2241 4620 2396 4692 ὐμῶν
2444 4621 2501 4673 ὲν
2534 4620 2633 4691 μιᾷ
2674 4618 2877 4691 ἡμέρᾳ.
2912 4637 2930 4670 ι
2976 4614 3108 4671 Εἶτα
3137 4619 3235 4689 τῆς
3280 4616 3588 4689 ἀποδημίας
3618 4617 3713 4669 εὐ-

2124 4715 2415 4782 πρόσωπον
2447 4712 2706 4783 ἀφορμὴν
2739 4709 3024 4782 ἐπορίζετο
3052 4709 3130 4780 τῷ
3162 4709 3282 4781 υἱῷ,
3314 4709 3405 4763 καὶ
3443 4709 3507 4781 δὴ
3537 4726 3711 4780 προσ-

2124 4804 2354 4859 ελθοῦσα
2380 4803 2459 4887 τῷ
2503 4801 2708 4864 Ἰσαὰκ,
2751 4799 2878 4872 ἔφη’
2914 4819 2932 4852 ι
2970 4799 3332 4871 Προσώχθικα
3364 4802 3429 4871 τῇ
3464 4798 3574 4869 ζωῇ
3606 4815 3710 4868 μου

2123 4899 2210 4952 διὰ
2230 4898 2330 4961 τάς
2359 4895 2669 4967 θυγατέρας
2694 4894 2802 4949 τῶν
2825 4891 2958 4947 υἱῶν
2980 4893 3110 4946 Χέτ.
3146 4892 3209 4944 El
3236 4890 3469 4962 λήψεται
3515 4887 3712 4942 Ἰακὼϐ

2124 4991 2360 5059 γυναῖκα
2390 4987 2500 5043 ἀπὸ
2520 4987 2631 5041 τῶν
2660 4985 2982 5059 θυγατέρων
3013 4985 3112 5054 τῆς
3147 4984 3253 5052 γῆς
3284 4982 3508 5051 ταύτης,
3545 4981 3632 5033 ἵνα
3661 4977 3712 5032 τί

2128 5097 2219 5150 μοι
2264 5080 2327 5133 τὸ
2376 5079 2507 5152 ζῇν;
2548 5098 2565 5131 ι
2616 5079 2735 5134 Ἵνα
2785 5078 2894 5151 γὰρ
2949 5075 3025 5148 μὴ
3060 5075 3380 5146 ἀνεθέλητον
3417 5072 3494 5143 τῷ
3541 5070 3712 5141 πατρὶ

2125 5174 2331 5228 ποιοῖτο
2378 5171 2479 5243 τὴν
2534 5171 2852 5242 ἀποδρομὴν
2894 5172 2923 5225 6
2956 5167 3226 5240 μακάριος
3273 5165 3490 5230 Ἰακὼϐ,
3532 5163 3711 5232 λύπης

2124 5282 2182 5318 τε
2216 5265 2309 5318 καὶ
2339 5264 2508 5337 ὀργῆς
2548 5263 2888 5335 ἀναδειχθείη
2914 5259 3201 5332 πρόξενος,
3228 5259 3495 5329 εὐτέχνως
3518 5257 3579 5311 τὸ
3611 5255 3712 5325 vti--

2124 5375 2274 5412 ναιον
2322 5357 2608 5411 ἀναπείθει
2642 5356 2734 5410 τὸν
2779 5351 3560 5428 πρεσϐύτην,,ὲπιτρέψαιτῷ
3610 5347 3710 5420 υίῷ

2122 5452 2222 5522 τὴν
2270 5450 2601 5522 ἀποδημίαν.
2667 5470 2685 5501 ι
2738 5448 3262 5521 Προσκαλεσὰμενος
3330 5445 3462 5517 γὰρ.
3523 5442 3705 5513 φησὶν.

2137 5540 2323 5596 Ἰσαὰκ
2351 5540 2441 5595 τὸν
2493 5540 2711 5605 Ἰακὼϐ,
2740 5540 3033 5613 εὐλόγησεν
3069 5537 3256 5605 αὐτὸν,
3286 5538 3381 5593 καὶ
3411 5534 3710 5591 ἐνετείλατο

2125 5632 2274 5706 αὐτῷ
2296 5633 2490 5703 λέγων’
2528 5653 2547 5685 ι
2586 5633 2661 5688 Οὐ
2703 5632 2848 5707 λήψῃ
2891 5634 3129 5704 γυναῖκα
3154 5633 3219 5685 ἐκ
3245 5631 3353 5685 τῶν
3396 5627 3709 5698 θυγατέρων

502 5743 547 5775 ⁶⁴¹
578 5744 720 5820 ffsal.
756 5760 940 5804 xxxm.
966 5744 1023 5799 8.
1063 5744 1142 5820 _f'
1166 5745 1310 5820 Rsal.
1342 5764 1434 5820 xc,
1467 5748 1657 5820 ῌ-ίὸ.
1735 5749 1781 5782 ⁸⁸
1803 5750 1904 5809 Isa.
1940 5760 2021 5808 Lxl

2225 5753 2269 5787 ⁸⁵
2298 5753 2458 5809 Rom.
2484 5768 2562 5820 ut,
2589 5751 2680 5809 Ἦ.
2758 5753 2804 5787 το
2827 5751 2983 5810 Ioan.
3014 5767 3128 5819 vin,
3159 5750 3245 5807 12.
3323 5748 3368 5782 τι
3430 5744 3622 5803 Matth.
3654 5756 3701 5807 Va

432 5812 522 5870 10.
596 5816 641 5847 ⁷¹
675 5815 812 5873 Gen.
856 5832 1019 5885 xxvu,
1051 5815 1242 5872 61-65.
1305 5821 1363 5854 ⁷³
1399 5818 1537 5897 lbid.
1570 5819 1656 5873 46.
