4034 6444
259 342 342 399 181
1275 335 1801 394 ΟΕΑΡΠῩΒΟΒΗΜ

1953 332 2261 391 GENESIM
2300 335 2429 391 LIB.
2473 334 2560 392 IV.

3449 333 3554 389 I82

255 453 478 512 Χαναὰν.
530 451 789 516 Ἀναστὰς
808 450 1078 524 άπόδραθι
1109 451 1188 515 εἰς
1229 451 1330 523 τὴν
1378 451 1835 522 Μεσοποταμίαν,

1947 449 2303 506 reditandum
2344 463 2550 507 terram
2592 448 2865 504 incolatus
2896 447 2995 514 tui,
3028 462 3192 520 quam
3229 443 3382 502 dedit
3407 445 3553 502 D003

257 556 324 611 είς
356 545 443 599 τὸν
473 537 619 598 οἷκον
655 543 906 616 Βαθουὴλ
935 544 1032 598 τοῦ
1079 545 1288 616 πατρὸς
1315 544 1417 614 τῆς
1469 545 1681 616 μητρός
1719 563 1838 610 σου,

1949 543 2187 600 Abrahae
2211 546 2279 600 ⁷⁸.
2313 564 2332 596 ι

257 643 336 698 καὶ
354 640 480 694 λάϐε
517 638 728 711 σεαυτῷ
765 643 1007 710 γυναῖκα
1033 640 1248 698 ἐκεῖθεν
1284 642 1349 695 ἐκ
1376 641 1486 696 τῶν
1510 641 1832 712 θυγατέρων
1870 639 2059 694 Λάϐαν
2088 640 2184 696 τοῦ
2219 639 2452 711 ἀδελφοῦ
2486 644 2587 715 τῆς
2656 639 2864 715 μητρός
2929 656 3049 693 σου.
3091 639 3152 692 '0
3183 635 3240 691 δέ
3271 635 3404 701 Θεός
3449 650 3551 705 μου

253 737 530 807 εὐλογῆσαι
571 752 631 790 σε
680 737 776 790 καὶ
803 736 1042 808 αὑξήσαι
1087 754 1146 790 σε
1180 738 1275 791 καὶ
1325 737 1594 808 πληθύναι
1627 755 1707 800 σε,
1741 737 1837 790 καὶ
1875 736 1972 811 ἔσῃ
2043 740 2124 802 εἰς
2163 737 2491 808 συναγωγὰς
2556 737 2753 803 ἐθνῶν,
2793 737 2889 791 καὶ
2915 736 3029 808 δῴη
3066 751 3148 788 σοι
3173 733 3276 806 τὴν
3299 732 3553 802 εὐλογίαν

264 834 500 907 Ἀϐραάμ
547 833 642 888 τοῦ
681 835 891 906 πατρός
923 853 1042 901 σου,
1087 836 1172 889 σοὶ
1200 837 1296 890 καὶ
1325 835 1404 908 τῷ
1436 837 1713 910 σπέρματί
1780 854 1874 889 σου
1917 835 2058 908 μετὰ
2107 835 2188 901 at,
2238 836 2656 909 κληρονομῆσαι
2704 836 2806 908 τὴν
2850 836 2956 906 γῆν
3018 836 3118 906 τῆς
3165 827 3551 902 παροικήσεώς

253 947 353 996 σου,
383 931 448 1003 ἣν
481 931 682 986 ἔδωκεν
708 933 739 986 6
762 930 898 995 Θεὸς
920 931 999 1004 τῷ
1044 931 1314 1006 Ἀϐραάμ.
1349 952 1368 986 ο

310 1024 371 1093 β’.
405 1025 574 1078 Ὅσον
609 1025 710 1096 μὲν
739 1019 836 1078 οὖν
866 1024 949 1089 εἷς
981 1041 1047 1094 γε
1076 1025 1137 1079 τδ
1173 1027 1415 1098 γράμμα
1445 1024 1539 1080 καὶ
1557 1023 1628 1080 τὰ
1650 1027 1714 1079 ἐκ
1742 1027 1843 1096 τῆς

251 1116 476 1189 ἱστορίας
525 1117 968 1190 ὑποδηλούμενα,
1003 1118 1212 1191 πρέποι
1262 1118 1329 1174 ἂν
1385 1119 1486 1174 οὐκ
1540 1120 1600 1174 ἐν
1657 1118 1844 1191 μικρῷ

250 1210 503 1264 ποιεῖσθαι
535 1209 781 1282 θαύματι
825 1213 924 1282 τήν
951 1228 1011 1266 τε
1058 1211 1360 1266 Ῥεϐέκκαν
1400 1211 1595 1284 αὐτὴν,
1623 1213 1719 1265 καὶ
1751 1211 1843 1264 τὸν

249 1302 505 1374 μακάριον
553 1301 773 1356 Ἰακώϐ.
818 1300 881 1357 Ἦ
933 1302 1033 1374 μὲν
1084 1302 1193 1375 γὰρ
1221 1302 1297 1368 ὡς
1323 1303 1615 1376 προύχοντι
1648 1301 1728 1373 τῷ
1751 1303 1846 1356 dv-

245 1396 321 1466 δρὶ
341 1395 714 1468 προσεκόμιζε
745 1396 922 1469 λιτὴν,
947 1396 1047 1468 τὴν
1076 1397 1168 1450 ἐπί
1203 1413 1265 1466 γε
1290 1397 1369 1470 τῷ
1409 1396 1534 1469 υίῷ,
1571 1397 1734 1468 φημί.
1784 1397 1843 1450 ’0

243 1485 293 1540 δὲ
319 1487 406 1541 τὸν
435 1485 536 1558 τῆς
570 1486 792 1556 φύσεως
833 1485 999 1558 νόμον
1052 1486 1292 1540 ἐποιεῖτο
1342 1487 1690 1559 παραχρῆμα
1745 1481 1841 1538 τοῦ

246 1577 535 1652 πρέποντος
591 1577 928 1651 βραϐευτὴν,
974 1580 1074 1632 καὶ
1103 1578 1197 1633 τὸν
1224 1577 1552 1650 ἀνεθέλητον
1578 1579 1644 1649 τῇ
1674 1576 1843 1648 μητρὶ

244 1673 405 1742 γάμον
438 1671 838 1744 παραιτεῖσθαι
878 1671 1223 1743 προστέταχε
1252 1672 1332 1744 τῷ
1356 1671 1486 1744 υἱῷ,
1522 1671 1844 1726 κολακεύων

243 1763 425 1836 τρόπον
460 1764 592 1818 τινὰ
650 1763 746 1817 τὸν
784 1763 844 1831 ἐξ
891 1763 1056 1818 αὑτοῦ
1094 1764 1273 1834 φύντα
1319 1765 1413 1819 καὶ
1459 1763 1842 1835 τεθραμμένον

2014 1026 2069 1080 2.
2110 1025 2393 1094 Quantum
2423 1026 2594 1098 igitur
2627 1026 2827 1083 attinet
2855 1025 2922 1081 ad
2956 1024 3222 1088 litteram,
3251 1031 3310 1077 et
3334 1019 3403 1076 ad
3439 1035 3547 1074 nu-

1942 1118 2066 1173 dam
2108 1119 2420 1183 historiam,
2443 1136 2555 1174 non
2588 1135 2785 1190 parum
2816 1117 3140 1173 admiranda
3176 1121 3261 1170 est
3297 1113 3548 1168 Rebecca

1944 1211 2062 1282 ipsa
2094 1219 2152 1266 et
2172 1211 2368 1268 beatus
2403 1214 2574 1268 Isaac.
2613 1212 2710 1267 Illa
2736 1213 2884 1266 enim
2925 1210 3130 1266 marito
3167 1215 3230 1264 ut
3270 1205 3548 1277 superiori

1900 1355 1912 1366 ,
1943 1318 2140 1374 preces
2167 1304 2438 1360 oﬂ‘erebat
2458 1321 2560 1376 pro
2589 1304 2723 1359 ﬁlio.
2753 1304 2855 1359 Ilic
2878 1318 3011 1359 vero
3044 1310 3258 1357 natura:
3288 1300 3466 1369 legem
3490 1297 3548 1350 in

1945 1395 2238 1451 consilium
2262 1396 2556 1462 adhibens,
2581 1406 2642 1452 ut
2670 1413 2700 1452 a
2723 1395 2932 1467 nuptiis
2953 1409 3077 1466 qua
3098 1391 3262 1448 matri
3293 1405 3406 1446 suae
3433 1403 3546 1444 non

1943 1489 2246 1560 placerent,
2273 1490 2600 1555 abstineret,
2641 1490 2907 1561 przecepit
2933 1507 2947 1545 :
2975 1487 3242 1544 erudiens
3275 1482 3546 1555 quodam-

1942 1581 2109 1637 modo
2149 1581 2325 1638 instar
2357 1583 2526 1638 catuli
2553 1598 2708 1648 eum,
2737 1582 2832 1654 qui
2899 1597 2968 1638 ex
3003 1579 3125 1652 ipso
3159 1587 3317 1634 ortus
3346 1575 3548 1648 pieque

1941 1678 2218 1738 educatus
2237 1685 2380 1743 erat,
2406 1685 2464 1733 et
2492 1685 2740 1748 paternae
2766 1674 2992 1732 virtutis
3011 1671 3260 1744 vestigiis
3293 1669 3550 1725 insistere

1938 1774 2163 1846 jubens.
2195 1772 2409 1829 Passim
2436 1771 2586 1828 enim
2608 1771 2799 1826 videre
2821 1776 2908 1824 est
2933 1766 3185 1823 divinum
3217 1762 3386 1820 Jacob
3409 1775 3550 1832 pm-

245 1857 485 1923 εὐσεϐῶς,
513 1859 645 1910 κατ’
684 1856 830 1928 ἴχνος
865 1857 1003 1912 ἰέναι
1043 1859 1142 1929 τῆς
1172 1856 1434 1929 πατρῴας
1457 1858 1680 1928 ἀρετῆς.
1700 1857 1844 1911 Παν-

1947 1840 2123 1937 ceptis
2153 1865 2402 1938 paternis
2435 1865 2937 1935 obtemperantem,
2982 1867 3040 1915 et
3084 1856 3258 1913 veluti
3299 1863 3549 1926 apertam

245 1950 366 2020 ταχῆ
394 1950 502 2021 γὰρ
521 1950 844 2021 εὑρήσομεν
876 1949 968 2004 τὸν
1009 1950 1301 2005 θεσπέσιον
1341 1948 1561 2014 Ἰακὼϐ,
1589 1951 1703 2012 τοῖς
1731 1947 1842 2001 τῶν

247 2042 639 2115 γεγεννηκότων
688 2043 910 2098 εἴκοντα
955 2044 1216 2116 νεύμασι,
1246 2045 1340 2098 καὶ
1389 2045 1620 2116 μήνυσιν
1649 2043 1842 2116 ὥσπερ

254 2135 427 2206 ἐναργῆ
463 2152 524 2189 τε
566 2137 666 2190 καὶ
702 2137 804 2190 οὐκ
829 2136 1133 2208 ἀμφίλογον
1152 2137 1256 2208 τῆς
1277 2139 1358 2201 είς
1385 2137 1519 2191 Θεὸν
1558 2136 1842 2208 εὐσεϐείας

249 2227 296 2280 τὸ
318 2205 497 2300 χρῆμα
549 2205 910 2301 ποιούμενον.
981 2205 1148 2286 Ὅσον
1184 2205 1240 2284 δέ
1288 2226 1425 2304 ἦκεν
1476 2233 1558 2294 είς
1605 2205 1842 2303 θεωρίας

248 2321 399 2389 λόγον,
426 2318 593 2393 οἶμαι
641 2323 784 2377 ἰέναι
829 2323 931 2396 τὴν
978 2324 1238 2379 ἐσωτάτω
1274 2324 1502 2396 πορείαν
1542 2324 1607 2396 δὴ
1653 2323 1838 2390 πάλιν,

247 2414 530 2484 ἀναμνῆσαι
567 2412 631 2466 δὲ
679 2413 792 2467 δεῖν
831 2414 1010 2466 ἐκεῖνο
1054 2412 1448 2483 ὑπολαμϐάνω.
1492 2410 1592 2482 Είη
1618 2411 1728 2482 γάρ
1774 2411 1843 2465 ἂν

245 2505 327 2559 ὡδὶ
385 2507 477 2560 καὶ
527 2505 661 2559 λίαν
692 2505 931 2576 ἀπονητὶ
965 2504 1282 2574 καταφανὲς
1317 2504 1379 2558 τὸ
1402 2502 1686 2575 θεώρημα.
1725 2505 1843 2557 Ῥε-

244 2598 398 2653 ϐέκκα
431 2600 532 2670 μέν
595 2599 708 2670 γὰρ
760 2597 868 2669 πρὸ
896 2599 1084 2662 ὠδῖνος
1113 2598 1192 2650 ἔτι
1228 2597 1328 2668 τῆς
1361 2597 1454 2650 ἐπὶ
1487 2597 1634 2667 τόκῳ
1673 2596 1838 2668 φημὶ,

243 2691 338 2745 τῶν
365 2693 425 2758 ἐξ
465 2694 650 2764 αὐτῆς
700 2692 1006 2763 γεγονότων
1043 2690 1391 2762 κυοφοροῦσα
1415 2689 1514 2760 τὴν
1547 2690 1840 2760 ξυνωρίδα,

241 2783 564 2856 δυσφόρητον
623 2784 827 2855 κομιδῇ
873 2784 974 2854 τὴν
1007 2783 1326 2854 δυσφημίαν
1373 2783 1608 2854 ἐδέχετο,
1640 2783 1738 2837 κα)⁸
1783 2783 1842 2836 ἐν

242 2876 406 2941 αὐτοῖς
429 2873 497 2950 ἦν
524 2877 636 2949 ήδη
671 2879 790 2941 τοῖς
822 2875 918 2930 τοῦ
942 2874 1180 2930 θανάτου
1200 2874 1474 2944 δείμασιν·
1523 2874 1625 2928 οὐκ
1659 2874 1718 2927 ἐν
1748 2891 1844 2945 με-

243 2967 396 3038 τρίοις
429 2969 611 3022 ὄντων
641 2963 1013 3037 ’σκιρτήμασι
1052 2965 1165 3020 τῶν
1196 2964 1478 3037 ἐμϐρύων.
1531 2961 1666 3018 Εἶτα
1694 2965 1747 3016 τί
1781 2963 1845 3017 τὸ

242 3060 412 3132 χρῆμα
433 3057 826 3114 διαλανθάνειν
857 3059 1052 3130 ἢθελεν
1081 3057 1422 3132 ἐπερωτῶσα
1467 3057 1603 3112 Θεὸν
1637 3059 1733 3112 καλ⁵
1757 3059 1845 3112 λέο

242 3168 416 3218 γουσα·
447 3171 466 3204 ι
502 3153 570 3205 Ei
628 3152 778 3205 οὕτω
831 3168 925 3223 μοι
981 3151 1166 3222 μέλλει
1217 3151 1496 3220 γενέσθαι,
1528 3151 1614 3205 ἵνα
1665 3152 1718 3205 τί
1750 3169 1841 3224 μοι

241 3241 416 3308 τούτο;
455 3263 476 3296 ι
510 3242 632 3298 Καὶ
665 3243 721 3297 τί
770 3243 912 3314 πρὸς
959 3244 1136 3297 ταῦτα
1173 3246 1202 3298 6
1229 3243 1400 3308 Θεός;
1444 3243 1551 3297 Δύο
1588 3243 1718 3316 ἐθνη
1747 3245 1843 3298 καὶ

239 3334 320 3390 δύο
354 3335 472 3390 λαο)⁸
494 3338 563 3390 ἐκ
595 3337 698 3407 τῆς
728 3336 938 3400 κοιλίας
964 3352 1057 3390 σου
1079 3336 1566 3408 διασταλήσονται,
1595 3339 1690 3391 καὶ
1715 3338 1846 3403 λαὸς

241 3427 356 3482 λαοῦ
379 3429 670 3501 ὑπερέξει,
693 3430 849 3501 φησὶ,
873 3429 967 3483 καὶ
990 3431 1018 3483 6
1041 3430 1246 3502 μείζων
1273 3429 1550 3484 δουλεύσει
1575 3430 1655 3502 τῷ
1683 3432 1843 3487 ἐλάτο

241 3537 363 3576 τονι.
403 3541 422 3576 ι
463 3521 688 3578 Οὐκοῦν
740 3524 823 3586 είς
873 3522 1042 3577 τύπον
1098 3521 1539 3594 παραδεξὼμεθα
1591 3523 1702 3580 τῶν
1751 3524 1846 3580 δύο

242 3612 392 3678 λαῶν,
419 3615 516 3672 τοῦ
545 3633 615 3668 τε
647 3615 710 3680 ἐξ
758 3616 995 3688 Ἰσραὴλ,
1028 3616 1126 3670 καὶ
1154 3614 1249 3670 τοῦ
1278 3616 1367 3670 διὰ
1394 3616 1654 3682 πίστεως,
1672 3617 1843 3673 Ἦσαῦ

241 3720 294 3757 τε
332 3706 423 3759 mi
465 3704 696 3760 Ἰακώϐ·
726 3705 845 3760 ἀλλ’
892 3725 910 3758 ι
971 3705 1267 3771 Ἐνεκότει,
1307 3706 1496 3776 φησὶν,
1542 3707 1718 3762 Ἡσαῦ
1767 3707 1846 3780 τῷ

253 3795 455 3866 Ἰακὼϐ,
493 3819 514 3851 ι
550 3800 642 3854 ὅτι
685 3798 786 3869 μὲν
821 3798 928 3854 τῶν
963 3799 1279 3872 πρεσϐείων
1299 3799 1562 3872 ἐστέρητο
1583 3818 1847 3856 καταπω-

242 3886 397 3961 λήσας
419 3891 490 3946 τὰ
535 3891 918 3964 πρωτοτόκια,
953 3892 1048 3949 καὶ
1090 3891 1292 3962 παρεὶς
1319 3893 1495 3964 ἑτέρῳ
1520 3893 1621 3966 τὴν
1649 3893 1845 3948 ἑαυτοῦ

241 3983 415 4057 τιμὴν,
451 3986 548 4040 καλ⁸
583 3985 688 4056 μὲν
729 3985 816 4039 ὃτι
859 3986 956 4039 καὶ
1001 3985 1256 4056 δεύτερος
1307 3985 1378 4039 τά
1414 3986 1480 4038 ἐκ
1530 3985 1632 4057 τῆς
1669 3985 1846 4058 θήρας

245 4080 633 4150 προσαγαγὼν,
666 4080 770 4150 τῆς
821 4078 1076 4147 εὐλογίας
1123 4078 1417 4150 διήμαρτε.
1441 4077 1713 4153 Ταύτῃτοι
1753 4081 1847 4135 καὶ

242 4170 297 4224 ἐν
318 4170 531 4244 ἀγρίοις
551 4167 628 4244 ἦν
657 4172 761 4244 ἠδη
795 4171 1102 4244 σκέμμασι,
1137 4173 1232 4226 καὶ
1257 4172 1350 4226 τὸν
1379 4170 1458 4243 τῷ
1491 4172 1674 4243 φθόνῳ
1703 4173 1846 4245 σύμ-

244 4265 407 4332 φρονά
450 4283 515 4320 τε
545 4265 649 4320 καὶ⁸
698 4262 932 4336 ἀδελφὸν
977 4265 1215 4338 ἐμελέτα
1257 4265 1438 4336 φόνον.
1483 4265 1755 4320 Ἐνεκότει
1789 4267 1848 4321 δὲ

241 4357 453 4426 ὁμοίως,
481 4359 580 4413 καὶ
612 4359 918 4430 ἐπεμήνισε
943 4357 1138 4421 δεινῶς
1175 4358 1204 4411 6
1225 4358 1572 4429 πρωτότοκος
1606 4356 1845 4432 Ἰσραὴλ,

240 4453 344 4513 τοῖς
362 4454 418 4508 ἐν
447 4453 638 4506 πίστει
672 4453 770 4506 καὶ
814 4453 933 4522 μετ’
955 4451 1140 4515 αὐτὸν,
1173 4451 1545 4524 τουτέστι,τῷ
1575 4452 1680 4523 νέῳ
1708 4451 1844 4524 λαῷ.

1945 1957 2286 2027 minimeque
2324 1956 2618 2011 obscuram
2644 1951 2868 2025 pietatis
2893 1965 3022 2021 erga
3058 1949 3233 2004 Deum
3267 1945 3548 2027 signiﬁca-

1945 2053 2154 2107 tionem
2182 2065 2297 2122 pra‘.
2324 2065 2384 2106 se
2409 2021 2702 2106 ferentem.
2736 2047 3016 2114 Quantum
3054 2058 3190 2099 vero
3227 2043 3296 2098 ad
3325 2021 3548 2112 spirita-

1943 2147 2054 2203 lem
2103 2143 2632 2214 contemplationem
2673 2142 2912 2206 attinet,
2960 2139 3128 2194 altius
3182 2133 3549 2206 repetendum

1944 2253 2256 2295 sermonem
2312 2252 2436 2293 esse
2483 2235 2750 2290 arbitror.
2817 2234 2897 2288 Ita
2944 2233 3096 2288 enim
3150 2224 3550 2296 contemplatio

1944 2331 2239 2404 perspicua
2293 2330 2455 2386 facile
2502 2327 2617 2384 ﬁet.
2672 2327 2926 2383 Rebecca
2981 2324 3131 2379 enim
3187 2337 3314 2377 cum
3367 2317 3551 2374 adhuc

1944 2436 2106 2484 utero
2140 2433 2386 2497 gestaret
2424 2440 2524 2496 par
2567 2421 2706 2477 illud
2747 2420 2984 2475 fratrum
3018 2433 3087 2474 ex
3121 2417 3238 2488 ipsa
3267 2421 3547 2474 natorum,

1945 2518 2328 2575 intolerabiles
2369 2516 2540 2572 animi
2597 2515 2822 2571 dolores
2861 2525 3123 2583 perpessa
3166 2515 3272 2573 est,
3311 2505 3454 2560 adeo
3491 2509 3552 2556 ut

1945 2612 2114 2669 etiam
2149 2612 2218 2666 de
2247 2611 2361 2666 vita
2391 2608 2826 2680 periclitaretur,
2863 2599 3306 2658 subsultantibus
3351 2595 3550 2648 immo-

1946 2701 2137 2756 derate
2170 2700 2226 2754 in
2263 2707 2424 2754 utero
2465 2697 2792 2753 infantibus.
2844 2693 3054 2750 Deinde
3101 2690 3235 2762 quid
3283 2688 3390 2742 hoc
3444 2684 3551 2740 sibi

1943 2795 2113 2850 vellet
2145 2794 2317 2848 Deum
2350 2792 2629 2847 sciscitata
2655 2797 2743 2846 est
2771 2789 2965 2844 dicens
2993 2805 3006 2841 :
3038 2805 3056 2838 ι
3081 2784 3144 2840 Si
3176 2784 3257 2839 sic
3291 2780 3430 2836 mihi
3461 2778 3551 2836 fu-

1948 2896 2140 2942 turum
2161 2894 2265 2949 est,
2293 2901 2465 2955 quare
2494 2883 2630 2938 mihi
2656 2881 2798 2936 hoc?
2823 2899 2841 2934 ι
2870 2876 3191 2950 Respondet
3212 2889 3347 2931 vero
3372 2873 3547 2928 Deus:

1953 3000 1972 3034 ι
2002 2981 2134 3036 Duae
2177 2987 2372 3052 gentes
2410 2979 2467 3033 in
2496 2985 2656 3032 utero
2685 2984 2782 3030 tuo
2822 2981 2974 3038 sunt,
3007 2980 3071 3028 et
3107 2971 3220 3026 duo
3251 2966 3442 3040 populi
3482 2980 3552 3020 ex

1945 3083 2108 3129 utero
2132 3079 2228 3128 tuo
2248 3071 2593 3134 dividentur,
2611 3079 2668 3124 et
2682 3067 2923 3139 populus
2945 3062 3212 3134 populum
3239 3057 3547 3130 superabit,

1945 3175 2003 3222 et
2030 3167 2207 3237 major
2226 3165 2432 3221 serviet
2456 3161 2660 3218 minori
2683 3162 2750 3216 ⁷⁵.
2782 3180 2800 3212 ι
2832 3159 3155 3215 Statuamus
3173 3154 3360 3224 itaque
3382 3151 3554 3208 Jacob

1947 3269 2004 3318 et
2041 3261 2184 3316 Esau
2229 3259 2288 3314 in
2334 3267 2526 3331 typum
2575 3257 2814 3311 duorum
2863 3251 3220 3331 populorum,
3264 3245 3552 3301 Israelitici

1947 3353 2210 3408 nimirum
2233 3359 2290 3406 et
2314 3329 2512 3406 ﬁdelis.
2535 3347 2812 3404 Cmterum
2841 3365 2859 3396 ι
2888 3329 3209 3415 indignatus
3226 3347 3330 3404 est,
3348 3337 3550 3409 inquit,

1947 3447 2093 3502 Esau
2119 3444 2279 3500 fratri
2314 3459 2414 3499 suo
2447 3442 2618 3498 Jacob
2650 3441 2718 3506 ⁷⁸,
2751 3460 2768 3492 ›
2795 3438 2944 3510 quod
2978 3435 3182 3506 emptis
3211 3430 3554 3504 primogeni-

1949 3536 2022 3591 tis
2063 3535 2243 3605 ipsum
2289 3531 2746 3604 primogenitum
2792 3544 2906 3598 sua:
2950 3525 3126 3599 glori‘a
3177 3523 3443 3595 privarat,
3497 3527 3556 3577 et

1949 3643 2112 3685 suum
2152 3625 2314 3682 alteri
2342 3625 2600 3701 prabens
2633 3617 3213 3689 honorem,quodque
3254 3613 3557 3686 posterior,

1949 3719 2188 3776 efferens
2230 3725 2449 3789 pastum
2495 3731 2562 3771 ex
2594 3721 2796 3769 venatu
2832 3709 3222 3767 benedictione
3267 3704 3557 3760 fraudatus

1948 3815 2115 3866 esset.
2143 3807 2357 3865 Idcirco
2385 3804 2596 3861 ferocia
2623 3803 2894 3859 adversus
2924 3815 3052 3856 eum
3078 3796 3311 3854 consilia
3342 3795 3467 3859 iuit,
3497 3803 3556 3850 et

1949 3903 2158 3959 caedem
2179 3901 2406 3959 invidiae
2422 3907 2740 3956 consortem
2761 3904 2818 3952 et
2836 3895 3065 3950 fratrem
3085 3891 3272 3946 animo
3286 3887 3549 3957 concipit.

1949 3997 2274 4068 Indignatus
2312 4010 2448 4050 vero
2477 4001 2564 4049 est
2596 3991 2875 4055 similiter,
2919 3996 2978 4044 et
3018 3986 3262 4059 graviter
3304 3983 3556 4039 infensus

1950 4086 2357 4160 primogenitus
2399 4084 2565 4140 Israel
2602 4083 2671 4138 iis
2711 4083 2807 4154 qui
2855 4081 2910 4136 in
2951 4079 3058 4135 fide
3105 4092 3170 4133 ac
3207 4084 3334 4148 post
3371 4075 3568 4146 ipsum

1949 4188 2130 4244 erant,
2157 4180 2266 4234 hoc
2287 4185 2394 4244 est,
2429 4193 2574 4233 novo
2613 4176 2840 4247 populo.
2881 4174 3171 4245 Siquidem
3207 4171 3386 4243 primo
3430 4170 3554 4224 loco

1949 4273 2096 4345 apud
2121 4273 2295 4327 Deum
2319 4279 2407 4326 est
2439 4270 2801 4334 constitutus,
2832 4276 2889 4323 et
2921 4282 3023 4337 pro
3053 4262 3422 4336 primogenito
3451 4261 3552 4316 ha-

1950 4367 2122 4431 bitus,
2151 4379 2504 4435 supernaque
2534 4361 2924 4417 benedictione
2953 4359 3150 4428 plenus
3171 4355 3296 4419 fuit,
3322 4353 3553 4426 gratiam

1952 4459 2008 4514 in
2031 4458 2255 4514 Christo
2293 4473 2393 4528 per
2427 4453 2686 4526 spiritum
2712 4457 3067 4507 consecutus.
3091 4447 3336 4504 Adortus
3360 4445 3556 4515 utique

255 4541 396 4598 Ἐπεί
428 4563 513 4600 τοι
535 4544 768 4615 γέγονεν
809 4546 870 4598 ἐν
907 4543 1062 4612 τάξει
1089 4547 1156 4617 τῇ
1184 4543 1384 4617 πρώτῃ
1402 4545 1554 4617 παρὰ
1585 4543 1725 4616 θεῷ,
1751 4545 1844 4600 καὶ

1952 4563 2039 4608 est
2066 4567 2164 4606 eos
2188 4550 2284 4622 qui
2316 4551 2371 4604 in
2403 4549 2628 4604 Christo
2652 4555 2783 4602 sunt
2815 4560 2911 4615 per
2937 4541 3104 4597 ﬁdem
3137 4539 3330 4605 Israel,
3351 4538 3552 4593 volun-

244 4637 294 4687 ὲν
335 4639 698 4708 πρωτοτόκου
739 4639 907 4710 μοίρᾳ
955 4637 1292 4708 λελόγισται,
1323 4638 1420 4692 καὶ
1451 4638 1703 4708 εὐλογίας
1750 4640 1852 4709 τῆς

245 4730 444 4788 ἀνωθεν
475 4733 784 4803 ἐπίμεστος
810 4728 899 4806 ἦν,
932 4731 1032 4804 τὴν
1067 4734 1124 4786 ἐν
1164 4732 1387 4804 Χριστῷ
1415 4732 1504 4786 διὰ
1537 4734 1851 4804 πνεύματος

245 4824 703 4896 καταπλουτήσας
732 4824 916 4895 χάριν.
950 4822 1256 4892 Ἐπεφύετο
1281 4823 1346 4894 δὴ
1372 4820 1467 4878 οὖν
1491 4827 1606 4888 τοῖς
1633 4827 1690 4878 ἐν
1711 4826 1848 4896 Χρι-

174 4958 184 4967 .
247 4915 451 4986 στῷδιὰ
481 4916 726 4980 πίστεως
752 4918 782 4970 6
815 4915 1058 4988 Ἰσραήλ·
1088 4915 1214 4969 ὅσον
1249 4915 1307 4969 δὲ
1334 4910 1470 4988 ἦκεν
1499 4918 1578 4980 εις
1611 4916 1671 4971 τὸ
1697 4916 1849 4989 αὐτῷ

244 5007 445 5075 δοκοῦν,
468 5012 568 5066 καὶ
589 5011 671 5076 εἰς
695 5010 926 5080 δύναμιν
948 5009 1396 5082 ἐγχειρημάτων,
1418 5012 1512 5066 καὶ
1535 5011 1734 5082 πικρὸς
1750 5012 1844 5081 γέ-

246 5116 359 5170 γονε
395 5105 690 5175 φονευτὴς,
722 5103 937 5169 διώξεις
966 5102 1302 5170 ἐπενεγκὼν,
1329 5104 1425 5159 καὶ
1449 5107 1562 5169 τοῖς
1577 5107 1642 5159 ἐκ
1681 5107 1845 5174 φόνου

249 5195 334 5248 καὶ
367 5196 672 5265 βασκανίας
694 5194 1164 5267 κατατιτρώσκων
1189 5197 1424 5268 βέλεσιν.
1469 5196 1610 5251 Ἀλλ’
1627 5196 1846 5251 ἔπειθεν

248 5287 562 5356 ἡῬεϐἑκκα
582 5286 893 5343 τὺνἹακὼϐ
917 5288 984 5342 τά
1021 5288 1164 5342 οἴκοι
1199 5287 1434 5361 μεθέντα
1456 5289 1846 5360 παραιτεῖσθαι

247 5380 330 5432 τὸν
352 5382 609 5452 άδελφόνο
643 5383 781 5437 ἰέναι
801 5399 863 5435 τε
888 5382 1043 5452 «πρὸς
1073 5381 1263 5436 Λάϐαν
1295 5381 1584 5451 ἄνθρωπον
1631 5381 1843 5437 εἰδωλο-

248 5471 463 5548 λάτρην.
507 5475 835 5549 Προῦτρεπε
872 5475 932 5531 δὲ
965 5475 1063 5530 καὶ
1094 5474 1256 5540 αὐτὸς
1279 5476 1308 5528 6
1339 5473 1628 5538 θεσπέσιος
1645 5473 1848 5542 Ἰσαὰκ,

251 5565 381 5620 6τοῦ
423 5567 627 5623 Ἰακὼϐ
667 5569 858 5641 πατὴρ
883 5567 1270 5640 παραιτεῖσθαι
1325 5567 1426 5637 μὲν
1455 5567 1638 5636 γάμον
1661 5567 1754 5622 τὸν
1787 5569 1853 5622 ἐκ

256 5655 490 5723 Χαναὰν,
513 5662 767 5730 ἐφίεσθαι
804 5662 863 5716 δὲ
896 5662 1101 5733 μᾶλλον
1143 5660 1239 5714 τοῦ
1289 5659 1565 5714 ποιεῖσθαι
1599 5660 1850 5715 σύνοικον

1949 4652 2173 4714 taleque
2198 4651 2256 4698 et
2279 4640 2575 4697 conatibus
2602 4635 2882 4692 homicida
2915 4634 3169 4697 effectus,
3206 4627 3554 4702 persecutio-

1947 4739 2114 4794 nibus
2148 4736 2437 4799 infestans,
2474 4733 2634 4803 112
2661 4739 2828 4801 atque
2856 4727 3078 4784 invidiae
3101 4725 3228 4782 telis
3251 4725 3552 4780 lacessens.

1945 4833 2220 4890 Caeterum
2240 4828 2416 4886 suasit
2441 4827 2692 4882 Rebecca
2728 4824 2900 4881 Jacob
2916 4831 2998 4888 ut,
3020 4822 3212 4877 relicta
3233 4818 3421 4881 domo,
3439 4815 3553 4870 fra-

1946 4939 2088 4985 trem
2111 4925 2349 4997 fugeret,
2368 4923 2657 4992 adirctque
2674 4919 2863 4974 Laban
2879 4917 3160 4972 hominem
3178 4913 3551 4968 idololatram.

1952 5016 2220 5086 Pnecepit
2239 5029 2381 5070 vero
2408 5012 2577 5068 etiam
2601 5010 2754 5073 Isaac
2786 5017 2945 5081 pater
2968 5007 3196 5069 Jacobo,
3229 5019 3300 5058 ne
3325 5003 3556 5058 (luceret

1953 5122 2182 5163 uxorem
2215 5105 2608 5168 Chananaeam,
2634 5101 2731 5157 sed
2751 5100 2952 5172 potius
2972 5115 3042 5156 ex
3074 5098 3295 5152 ﬁliabus
3323 5094 3512 5149 Laban
3537 5110 3550 5146 :

1951 5198 2288 5272 periclitanti
2321 5199 2472 5254 enim
2515 5204 2573 5252 et
2612 5193 3094 5267 persecutionibus
3123 5191 3382 5246 infestato
3409 5202 3556 5242 novo

1952 5294 2181 5366 populo,
2202 5300 2265 5348 ut
2289 5291 2696 5348 homicidarum
2732 5289 2844 5344 iras
2876 5287 3067 5359 fugiat,
3093 5285 3398 5356 prudenter
3417 5297 3554 5337 con-

1951 5387 2126 5442 suluit
2153 5385 2425 5450 Ecclesia,
2456 5384 2618 5455 cujus
2645 5391 2810 5456 typus
2847 5389 2934 5438 est
2968 5379 3242 5436 Rebecca.
3288 5373 3554 5448 Ejusdem

1951 5497 2085 5537 vero
2103 5479 2393 5536 sententiae
2414 5485 2500 5534 est
2525 5477 2691 5533 etiam
2726 5475 2843 5547 ipse
2868 5473 3134 5530 Rebeccae
3159 5483 3418 5542 sponsus,
3448 5466 3556 5521 hoc

1952 5583 2040 5631 est
2085 5573 2378 5636 Christus,
2420 5570 2667 5627 devitarc
2719 5568 2944 5639 quidem
2990 5566 3195 5639 iubens
3247 5558 3554 5632 spiritalem

1951 5662 2254 5717 amicitiam
2288 5676 2414 5718 cum
2441 5660 2508 5715 iis
2540 5659 2636 5729 qui
2673 5658 2858 5729 impiis
2884 5657 3118 5728 ﬂagrant
3145 5653 3266 5717 iris,
3293 5657 3349 5705 et
3375 5646 3559 5703 caedes

327 5841 344 5872 '
365 5838 538 5898 "ch.
574 5861 753 5912 sum,
801 5847 915 5902 1-4.
994 5831 1040 5881 ⁷⁸
1069 5847 1208 5905 Gcn.
1243 5863 1365 5914 xxv,
1402 5845 1492 5911 2‘2,
1521 5843 1610 5898 ‘25.
1691 5845 1736 5874 ⁷⁶
1761 5845 1901 5900 Cen.
1931 5859 2094 5908 χχιιι,
2123 5841 2210 5898 «il.
