4034 6454
445 346 550 403 183

1439 352 1496 410 8.
1537 303 1813 410 CYEILLI
1855 346 2327 405 ALEXANDRINI
2367 346 2687 406 ARCHIEP.

3604 348 3704 403 εει

442 460 703 517 ferociter
750 463 1053 519 moliuntur
1097 463 1375 537 (amicitia:
1416 476 1602 521 “autem
1638 466 1855 537 signum
1898 473 2027 521 sunt

2140 467 2192 518 ὲκ
2203 465 2313 520 τῶν
2333 463 2535 534 θυγατέ
2546 482 2653 534 ρων
2668 462 2872 518 Λάϐαν.
2893 461 3273 517 Κινδυνεύοντι
3293 458 3403 532 γὰρ
3416 462 3510 516 καὶ
3525 462 3706 520 διωκο-

442 552 899 624 nuptiaa),eligcre
918 564 1100 610 autem
1124 557 1309 627 potius
1332 574 1362 613 e
1380 558 1543 613 domo
1560 558 1767 622 Laban',
1790 558 1896 612 hoe
1924 566 2027 622 est,

442 659 512 697 ex
551 644 1239 716 gentibus..Beperiemus
1275 663 1410 702 vero
1464 652 1684 702 sanctos
1730 646 2027 717 apostolos,

445 733 539 801 qui
567 734 788 803 quidem
813 743 940 790 sunt
969 751 1240 791 novorum
1272 737 1327 792 in
1349 737 1455 792 fide
1489 739 1817 809 populorum
1838 737 2032 808 primi-

444 824 554 888 tiae,
579 841 644 879 ea
668 841 789 895 quae
827 827 1032 882 Jacobo
1060 836 1331 900 praecepta
1364 829 1611 896 fuerunt,
1649 831 1843 886 sedulo
1870 844 2030 885 exse-

444 924 696 984 quentes.
749 916 1133 972 Discesserunt
1180 920 1331 974 enim
1379 935 1411 975 a
1461 920 1778 976 Iudaeorum
1829 933 2027 989 grege;

444 1009 649 1078 quippe
705 1010 802 1079 qui
854 1010 1060 1065 caedem
1117 1011 1385 1068 adversus
1436 1013 1586 1083 ipsos
1633 1011 2027 1068 moliebantur.

442 1098 717 1155 Nutantes
745 1107 930 1161 autem
971 1103 1225 1173 regiones
1264 1111 1321 1157 et
1358 1104 1544 1168 urbes,
1579 1103 2030 1174 persequentium

442 1191 553 1247 iras
584 1192 967 1262 subterfugere
1000 1194 1304 1263 prudenter
1334 1196 1624 1250 curabant.
1664 1193 2032 1249 Meminerant

439 1283 589 1338 enim
610 1282 814 1339 Christi
831 1285 1079 1355 jubentis
1107 1295 1269 1356 atque
1305 1286 1542 1341 dicentis
1567 1304 1579 1340 ε
1606 1305 1625 1337 ‹
1652 1284 1881 1352 Quando
1902 1301 2030 1355 per-

443 1375 623 1439 secuti
653 1375 865 1432 fuerint
891 1392 990 1432 vos
1016 1393 1083 1433 ex
1110 1378 1248 1433 urbe
1277 1378 1402 1443 bac,
1433 1376 1605 1448 fugite
1632 1376 1689 1431 in
1722 1377 1883 1430 aliam
1903 1376 1971 1430 '".
2003 1395 2021 1426 ι

439 1468 681 1525 Allocuti
714 1483 847 1524 vero
879 1469 1046 1526 etiam
1082 1470 1185 1540 ipsi
1227 1486 1323 1525 eos
1358 1470 1452 1540 qui
1476 1486 1543 1524 ex
1568 1469 1832 1540 sanguine
1864 1469 2032 1525 Israel

442 1567 603 1616 erant
622 1561 874 1616 nolentes
885 1561 1152 1627 credere,
1173 1575 1230 1617 et
1251 1562 1583 1617 contumelia
1616 1561 1763 1631 ipsos
1792 1560 2033 1616 adieien.

443 1661 567 1708 tes:
600 1672 617 1706 ‹
648 1653 814 1709 Vobis
838 1670 1064 1711 necesse
1098 1665 1219 1717 erat
1250 1656 1490 1725 primum
1520 1655 1673 1725 loqui
1716 1670 2031 1725 sermonem

443 1744 562 1800 Dei.
586 1746 885 1817 Postquam
921 1763 1050 1803 vero
1085 1749 1312 1819 rejicitis
1356 1763 1507 1813 eum,
1551 1763 1743 1829 neque.
1769 1747 2032 1819 iudicatis

443 1835 642 1906 dignos
670 1837 921 1907 vosipsos
959 1839 1068 1893 vita
1107 1847 1348 1905 eterna;
1386 1854 1516 1895 ecce
1553 1825 1929 1895 convertimur
1961 1840 2033 1895 ad
2062 1825 2108 1883 Β

442 1936 653 1999 gentes.
679 1928 757 1984 lta
792 1929 942 1985 enim
973 1930 1226 2000 praecipit
1249 1930 1411 1985 nobis
1436 1930 1702 1985 Dominus
1724 1932 1790 1985 ⁷⁸.
1815 1951 1831 1983 ι
1858 1931 2034 1998 Audis

442 2034 554 2089 quo
574 2027 736 2090 pacto
765 2021 1024 2077 Ecclesia:
1050 2036 1304 2092 sponsus,
1330 2021 1436 2076 hoc
1459 2030 1543 2077 est
1567 2022 1842 2088 Christus,
1858 2023 2032 2079 ‘disci-

442 2113 589 2183 pulis
628 2112 745 2169 suis
790 2115 1051 2184 prmeepit
1088 2122 1149 2169 ut
1190 2113 1260 2169 ad
1303 2112 1524 2170 Graecos
1563 2130 1621 2170 se
1675 2115 2031 2183 conferrent,

442 2205 632 2276 ibique
661 2207 1056 2277 proliﬁcarent,
1084 2215 1139 2263 et
1159 2216 1345 2278 patres
1372 2207 1777 2278 quodammodo
1796 2210 2034 2279 populo-

444 2311 570 2350 rum
600 2295 818 2352 fierent.
844 2298 1056 2354 Idcirco
1072 2298 1238 2353 etiam
1263 2298 1706 2369 sapientissimus
1743 2300 1947 2356 Paulus
1966 2301 2034 2355 iis

447 2387 547 2458 qui
576 2403 644 2442 ex
675 2388 931 2459 gentibus
964 2406 1062 2460 per
1095 2390 1274 2460 ipsum
1313 2391 1689 2457 crediderunt,
1717 2392 1914 2447 scribit
1946 2392 2033 2447 di-

447 2495 582 2537 cens
629 2498 642 2534 :
696 2500 715 2532 ι
748 2481 863 2536 Etsi
888 2481 1037 2539 enim
1087 2482 1235 2537 mille
1290 2483 1612 2554 paedagogos
1644 2483 1917 2539 habuistis
1975 2483 2034 2539 in

444 2571 688 2637 Christo,
714 2572 808 2627 sed
829 2588 941 2628 non
961 2573 1165 2629 multos
1192 2582 1397 2643 patres.
1421 2574 1558 2628 Nam
1591 2574 1647 2630 in
1668 2574 1887 2631 Christo
1904 2574 2035 2630 Jesu

444 2679 546 2733 per
571 2664 929 2736 Evangelium
963 2681 1065 2736 ego
1102 2680 1203 2721 vos
1234 2665 1399 2736 genui
1423 2667 1489 2720 τυ.
1520 2685 1537 2716 ι
1579 2664 1736 2732 Quod
1766 2681 1901 2721 vero
1934 2666 2036 2721 ad-

446 2754 670 2809 futurus
693 2756 767 2810 sit
785 2756 950 2820 Deus,
975 2764 1031 2811 et
1049 2755 1269 2811 abunde
1292 2756 1686 2815 benedicturus
1700 2757 1918 2827 populis
1939 2758 2034 2827 qui

446 2847 504 2900 in
535 2845 661 2910 fide,
684 2847 1047 2923 demonstrat,
1070 2857 1127 2904 et
1150 2848 1373 2919 quidem
1403 2848 1564 2905 facile
1594 2847 1915 2916 admodum,
1947 2849 2035 2904 di-

445 2939 609 2994 vinus
639 2940 809 3007 Isaac,
835 2941 1007 2996 ﬁlium
1044 2957 1203 2997 suum
1226 2941 1396 2998 Jacob
1419 2950 1644 3012 paterna
1668 2940 1832 2997 domo
1862 2941 2037 2997 disce-

451 3031 676 3087 dentem
728 3034 943 3089 coelesti
990 3034 1378 3090 benedictione
1421 3050 1627 3090 ornans
1668 3050 1733 3089 ac
1785 3033 1975 3090 dicens
2017 3053 2032 3095 ξ

2136 556 2286 626 μένῳ
2307 554 2385 625 τῷ
2422 555 2527 625 νέῳ
2560 554 2694 625 λαῷ,
2722 555 2819 619 τὰς
2840 554 2950 607 τῶν
2992 552 3278 623 φονώντων
3308 552 3479 623 ὀργὰς
3509 571 3701 626 παραι-

2131 647 2343 701 τεῖσθαι
2378 645 2671 716 σωφρόνως
2719 644 3190 717 συμϐεϐούλευκεν
3228 645 3262 714 ἠ
3305 642 3612 714 Ἐκκλησία·
3640 641 3708 718 ἦς

2130 739 2198 793 ἂν
2223 741 2307 810 εἴη
2343 738 2511 802 τύπος
2559 737 2893 810 ήῬεδέκκα.
2937 734 3284 790 Συνεπινεύει
3320 733 3580 806 δὲῶσπερ
3616 737 3708 791 καὶ

2130 839 2293 900 αὐτὸς
2339 840 2368 891 ὁ
2418 837 2519 903 τῆς
2565 834 2856 898 Ῥεϐέκκας
2886 832 3140 903 νυμφίος,
3179 830 3427 885 τουτέστι
3458 829 3706 901 Χριστὸς,

2133 927 2506 999 παρωθεῖσθαι
2537 925 2641 997 μὲν
2688 924 3001 995 οἰκειότητα
3041 922 3141 993 τὴν
3177 918 3553 992 πνευματικὴν
3603 920 3710 976 τῶν

2131 1024 2210 1081 εἰς
2233 1018 2481 1081 ἀνοσίους
2500 1016 2923 1088 ἐκκεκαυμένων
2951 1015 3144 1086 ὀργὰς,
3174 1014 3270 1068 καὶ
3308 1014 3472 1084 φονᾷν
3509 1012 3711 1082 ἀγρίως

2135 1129 2201 1183 με
2208 1111 2402 1183 μελέτη
2409 1109 2600 1163 κότων.
2632 1109 2976 1178 Οίκειὸτητος
2990 1107 3048 1161 δὲ
3071 1109 3295 1177 σημεῖον
3307 1105 3335 1157 ὁ
3350 1104 3547 1174 γάμος.
3561 1102 3710 1156 ’Δνθιο

2132 1201 2406 1274 αιρείσθαι
2443 1201 2499 1255 δὲ
2532 1200 2733 1271 μᾶλλον
2758 1198 2858 1263 τάς
2896 1202 2962 1253 ἐκ
2994 1197 3089 1252 τοῦ
3138 1198 3290 1251 οἴκου
3326 1194 3533 1259 Δάϐαν,
3562 1209 3713 1247 τουτ-

2133 1297 2248 1350 έστι
2281 1294 2383 1356 τὰς
2423 1293 2483 1359 ἐξ
2516 1292 2707 1348 ἐθνῶν.
2743 1293 3063 1363 Εὑρήσομεν
3094 1290 3151 1344 δέ
3182 1290 3312 1353 τοὺς
3343 1287 3531 1357 ἁγίους
3577 1286 3711 1340 ἀπο-

2135 1389 2373 1453 στόλους,
2401 1389 2451 1442 οἳ
2485 1388 2576 1442 καὶ
2602 1388 2709 1442 τῶν
2743 1390 2800 1440 ἐν
2835 1386 3015 1441 πίστει
3049 1387 3143 1441 καὶ
3164 1385 3301 1439 νέων
3326 1382 3472 1438 λαῶν
3500 1382 3715 1451 γεγόναο

2136 1497 2220 1534 σιν
2249 1480 2494 1552 ἀπαρχὴ,
2524 1480 2899 1549 διαπεραίνειν
2920 1477 3329 1538 ἐσπουδακότας
3356 1474 3427 1529 τὰ
3475 1474 3717 1534 ἐντεταλξ

2138 1572 2275 1644 μένα
2304 1573 2382 1644 τῷ
2424 1572 2638 1627 Ἰακώϐ.
2676 1571 3126 1639 Ἀπενοσφίζοντο
3176 1569 3272 1640 μὲν
3314 1566 3424 1638 γὰρ
3452 1566 3554 1635 τῆς
3589 1566 3716 1617 τίου-

2134 1666 2301 1720 δαίων
2327 1665 2549 1737 ἀγέλης,
2573 1665 2667 1720 ἆτε
2693 1665 2758 1736 δὴ
2787 1664 3036 1734 φονώσης
3066 1661 3187 1715 κατ’
3210 1658 3413 1715 αὐτῶν.
3446 1655 3717 1727 Μεταμεί-

2136 1756 2322 1820 δοντες
2351 1758 2407 1811 δὲ
2441 1756 2624 1830 χώρας
2651 1757 2746 1810 καὶ
2775 1756 2982 1819 πόλεις,
3005 1754 3105 1817 τὰς
3128 1751 3235 1807 τῶν
3263 1749 3569 1804 διωκόντων
3585 1749 3721 1801 ὑπο-

2135 1848 2348 1920 τρέχειν
2395 1846 2565 1918 ὀργὰς
2625 1846 2895 1917 νουνεχῶς
2943 1842 3296 1906 ἐσπούδαζον.
3349 1837 3720 1909 Διεμέμνηντο

2135 1941 2245 2012 γὰρ
2268 1941 2697 2012 ἐπισκήπτοντος
2717 1938 2813 1993 τοῦ
2835 1935 3073 2009 Χριστοῦ
3095 1935 3189 1989 καὶ
3204 1933 3477 2002 λέγοντος
3503 1948 3522 1982 ι
3554 1929 3719 1982 Ὅταν

2134 2031 2403 2087 διώκωσιν
2443 2034 2592 2104 ἡμᾶς
2622 2033 2687 2085 ἐκ
2733 2030 2833 2101 τῆς
2863 2028 3070 2091 πόλεως
3104 2027 3332 2094 ταύτης,
3361 2022 3595 2092 φεύγετε
3641 2020 3719 2083 είς

2133 2124 2233 2195 τὴν
2264 2124 2479 2195 ἑτέραν.
2518 2141 2537 2175 ι
2571 2121 2946 2194 Προσελάλουν
2971 2119 3029 2172 δέ
3060 2119 3155 2172 καὶ
3183 2116 3367 2178 αὐτοῖς
3393 2115 3507 2176 τοῖς
3550 2110 3611 2175 ἐξ
3638 2109 3720 2163 al-

2140 2232 2308 2286 ματος
2346 2213 2559 2286 Ἰσραὴλ
2618 2211 2871 2266 ἀπειθεῖν
2916 2208 3215 2283 ᾑρημένοις
3268 2205 3362 2259 καὶ
3412 2201 3721 2272 ὑϐρίζουσιν

2136 2307 2395 2377 ἀφειδῶς·
2433 2326 2453 2359 ι
2501 2306 2659 2376 Ὑμῖν
2705 2301 2776 2377 ἦν
2820 2304 3116 2372 ἀναγκαῖον
3163 2298 3381 2370 πρῶτον
3429 2293 3723 2363 λαληθῆναι

2137 2399 2226 2454 τὸν
2248 2399 2406 2468 λόγον
2432 2397 2526 2451 τοῦ
2556 2396 2713 2450 Θεοῦ·
2749 2394 2938 2465 ἐπειδὴ
2972 2394 3031 2447 δὲ
3064 2388 3372 2445 ἀπωθεῖσθε
3401 2386 3583 2450 αὐτὸν,
3633 2382 3725 2436 καὶ

2135 2492 2235 2545 οὐκ
2261 2490 2446 2557 ἀξίους
2478 2470 2693 2560 κρίνετε
2729 2485 2957 2549 ἑαυτοὺς
2986 2484 3084 2555 τῆς
3117 2479 3338 2535 αἰωνίου
3375 2478 3549 2547 ζωῆς,
3618 2474 3724 2527 ί.δοῦ

2140 2580 2487 2654 στρεφόμεθα
2515 2582 2596 2644 εἰς
2624 2578 2693 2632 τὰ
2720 2578 2868 2648 ἔθνη.
2903 2575 3062 2633 Οὕτω
3098 2574 3206 2644 γὰρ
3228 2571 3556 2626 ἐντέταλκεν
3596 2568 3724 2638 ἡμῖν

2136 2671 2412 2739 ὁΚύριος.
2451 2689 2469 2722 ι
2530 2668 2780 2733 Ἀκούεις
2814 2669 2963 2730 ὅπως
3006 2667 3035 2718 δ
3066 2664 3166 2736 τῆς
3220 2661 3553 2731 Ἐκκλησίας
3593 2676 3725 2731 νυμ-

2139 2762 2278 2833 φίος,
2313 2760 2563 2823 τουτέστι
2617 2759 2876 2831 Χριστὸς,
2927 2756 3242 2812 ἐντέταλται
3287 2756 3404 2817 τοῖς
3456 2751 3606 2812 ιδίοις
3647 2756 3723 2810 εις

2136 2856 2236 2928 τὴν
2256 2854 2364 2909 τῶν
2407 2852 2677 2924 Ἑλλήνων
2719 2851 2941 2931 ἀπιέναι
2987 2847 3217 2919 πληθὺν,
3254 2845 3353 2900 καὶ
3392 2843 3726 2912 τεκνογονεῖν

2139 2947 2370 3009 ἐκεῖθεν,
2426 2945 2522 2999 καὶ
2570 2943 2814 3014 πατέρας
2871 2941 3061 3013 ὥσπερ
3108 2936 3502 3008 ἀναφαίνεσθαι
3563 2932 3724 2988 λαῶν.

2140 3038 2430 3108 Τοιγάρτοι
2469 3035 2564 3088 καὶ
2594 3036 2623 3115 ῤ
2651 3033 2963 3105 σοφώτατος
2993 3030 3205 3095 Παῦλος
3230 3032 3346 3094 τοῖς
3388 3029 3446 3095 ἐξ
3474 3027 3642 3081 ἐθνῶν
3662 3024 3724 3078 δι’

456 3140 475 3179 ι
503 3121 649 3176 Deus
677 3138 834 3178 meus
858 3124 1152 3180 benedicat
1182 3124 1303 3190 tibi,
1344 3126 1499 3195 113
1527 3134 1583 3180 et
1611 3125 1939 3196 multiplicet
1961 3132 2033 3190 te,

2142 3131 2307 3186 αὑτοῦ
2336 3129 2692 3183 πιστεύσασιν
2721 3125 3026 3180 ἐπιστέλλει
3051 3125 3248 3194 λέγων·
3294 3143 3313 3175 ι
3352 3122 3473 3177 Κᾶν
3495 3120 3604 3190 γὰρ
3635 3134 3730 3222 μιν

448 3219 505 3266 et
527 3222 776 3269 crescere
799 3215 966 3271 faciat
987 3223 1037 3271 te
1064 3234 1077 3271 :
1100 3227 1156 3272 et
1179 3217 1291 3273 eris
1316 3217 1371 3271 in
1400 3219 1876 3289 congregationem
1903 3234 2039 3290 gen-

449 3304 591 3359 tium
639 3323 653 3360 :
701 3314 759 3362 et
807 3308 901 3364 det
945 3307 1047 3364 tibi
1100 3308 1543 3365 benedictionem
1587 3310 1822 3366 Abrahae
1866 3311 2042 3381 patris

450 3398 532 3453 tui
557 3397 623 3453 ⁸⁸.
657 3417 676 3450 ι
707 3398 994 3454 Benedicti
1029 3400 1177 3454 enim
1208 3409 1339 3455 sunt
1379 3403 1473 3472 qui
1502 3402 1557 3457 in
1584 3401 1824 3468 Christo,
1861 3401 2041 3457 aucti:-

451 3503 559 3557 que
586 3496 717 3543 sunt
746 3489 1105 3544 vehementer
1135 3488 1264 3544 facti
1295 3489 1353 3545 in
1380 3492 1791 3548 multitudinem
1835 3500 1892 3547 et
1912 3505 2044 3547 con-

452 3585 803 3657 gregationes
834 3585 1104 3656 gentium,
1148 3595 1205 3643 et
1243 3587 1559 3644 eohaeredcs
1598 3587 1863 3642 declarati
1911 3601 2042 3641 san-

453 3684 671 3736 ctorum
702 3677 950 3733 Patrum.
970 3677 1315 3735 Recumbent
1340 3681 1487 3736 enim
1516 3694 1641 3735 cum
1664 3678 1963 3745 Abraham,
1988 3685 2045 3733 et

344 3848 351 3853 ἱ
454 3770 628 3835 Isaac,
683 3777 741 3824 et
789 3770 981 3837 Jacob,
1033 3773 1200 3828 etiam
1251 3773 1308 3828 in
1348 3789 1519 3844 regno
1562 3773 1851 3838 caelorum,
1888 3773 2045 3843 juxta

454 3864 630 3934 ipsius
655 3864 951 3922 Salvatoris
972 3883 1163 3924 vocem
1189 3867 1255 3922 εί.
1285 3867 1567 3923 Benedicti
1595 3882 1729 3922 vero
1762 3880 1954 3920 sumus
1976 3864 2046 3920 ab

456 3956 579 4027 ipso
607 3973 828 4013 rursum
853 3977 865 4012 :
893 3959 1032 4029 dixit
1063 3960 1212 4017 enim
1246 3960 1315 4016 de
1346 3960 1540 4015 nobis:
1586 3978 1604 4009 ‹
1635 3959 1797 4013 Pater
1833 3964 2042 4022 sancte,

457 4063 616 4103 serva
656 4065 754 4105 eos
786 4050 842 4105 in
870 4052 1104 4107 veritate
1150 4060 1245 4109 tua
1285 4054 1353 4105 ⁸³.
1383 4072 1401 4104 ι
1434 4050 1492 4107 Si
1533 4066 1665 4106 vero
1709 4049 2049 4120 intelligatur

456 4140 623 4195 etiam
657 4142 803 4198 Esau
834 4153 1011 4201 mater
1050 4145 1323 4209 Rebecca,
1359 4144 1499 4199 nihil
1541 4142 1768 4198 omnino
1797 4149 2082 4211 contem:

455 4233 687 4303 plationi
718 4236 988 4293 effecerit.
1027 4238 1312 4308 Siquidem
1348 4237 1404 4291 in
1451 4243 1640 4307 typum
1673 4235 2049 4291 lsraelitarum

2144 3224 2293 3295 ρίους
2327 3220 2714 3291 παιδαγωγοὺς
2734 3218 2895 3290 ἔχητε
2918 3219 2977 3272 ἐν
2993 3216 3234 3288 Χριστῷ,
3266 3215 3385 3269 ἀλλ’
3419 3214 3481 3268 οὐ
3508 3208 3731 3272 πολλοὺς

2142 3315 2406 3383 πατέρας.
2453 3313 2541 3367 Ἐν
2576 3312 2683 3384 γὰρ
2716 3307 3131 3382 ΧριστῷΊησοῦ
3156 3307 3246 3361 διὰ
3268 3307 3367 3361 τοῦ
3401 3301 3731 3374 Εὐαγγελίου

2143 3406 2256 3477 ἐγὼ
2306 3409 2451 3478 ὑμᾶς
2479 3405 2770 3475 ἐγέννησα.
2828 3424 2845 3457 ι
2886 3405 3007 3456 Ὅτι
3059 3402 3116 3456 δέ
3155 3401 3249 3455 καὶ
3295 3399 3555 3453 συνέσται
3582 3394 3730 3457 Θεὸς,

2143 3504 2239 3558 καὶ
2265 3502 2549 3571 εὐλογήσει
2586 3497 2859 3560 πλουσίως
2894 3495 3021 3559 τοὺς
3050 3495 3109 3548 ἐν
3139 3492 3319 3544 πίστει
3346 3490 3533 3553 λαοὺς,
3563 3500 3739 3557 παρα⁸

2144 3595 2368 3661 δείξειεν
2419 3593 2485 3648 ἂν
2533 3592 2629 3647 καὶ
2680 3590 2824 3662 μάλα
2873 3589 3074 3661 ῥᾳδίως
3113 3586 3142 3640 6
3171 3585 3468 3648 θεσπέσιος
3530 3577 3734 3642 Ἰσαὰκ,

2144 3686 2518 3758 ἀποτρέχοντα
2542 3683 2630 3738 τὸν
2647 3680 2842 3736 Ἰακὼϐ
2865 3683 2965 3752 τῆς
2992 3676 3251 3751 πατρῴας
3284 3676 3480 3739 ἑστίας
3504 3675 3626 3736 ταῖς
3647 3672 3739 3726 ἄν·

2145 3780 2283 3833 ωθεν
2302 3779 2575 3847 εὐλογίαις
2603 3774 2885 3845 στεφανῶν
2916 3773 3010 3827 καὶ
3025 3773 3255 3841 λέγων’(
3278 3769 3336 3822 '0
3376 3769 3434 3822 δὲ
3466 3764 3598 3828 Θεός
3632 3778 3731 3834 μου

2147 3872 2440 3943 εὐλογῆσαι
2475 3887 2555 3933 σε,
2588 3870 2681 3923 καὶ
2711 3867 2942 3940 αὑξήσαι
2979 3883 3059 3931 σε,
3090 3865 3186 3919 καὶ
3211 3862 3492 3934 πληθύναι
3527 3873 3608 3911 σε·
3643 3856 3736 3909 καὶ

2128 3963 2247 4035 ,ἔσῃ
2275 3964 2355 4027 είς
2396 3959 2719 4030 συναγωγὰς
2743 3957 2935 4012 ἐθνῶν.
2971 3957 3084 4011 Καὶ
3112 3953 3223 4025 δῴη
3257 3971 3343 4007 σοι
3372 3955 3474 4027 τὴν
3496 3949 3742 4018 εὐλογίαν

2160 4054 2414 4125 Ἀϐραὰμ
2459 4052 2555 4106 τοῦ
2600 4051 2808 4123 πατρός
2845 4065 2959 4103 σου.
2999 4066 3016 4101 ι
3072 4047 3417 4115 Ηύλόγηνται
3454 4045 3566 4117 γὰρ
3591 4045 3640 4096 οί
3685 4043 3743 4093 ἐν

2150 4146 2393 4218 Χριστῷ,
2422 4144 2685 4217 ηὔξηνταί
2711 4159 2771 4195 τε
2795 4142 2934 4201 λίαν,
2964 4139 3060 4194 καὶ
3093 4140 3175 4202 εἰς
3220 4138 3429 4209 πλῆθος
3462 4136 3741 4207 γεγόνασι,

2150 4240 2244 4292 καὶ
2271 4235 2596 4305 συναγωγὰς
2625 4233 2817 4298 ἐθνῶν,
2872 4231 2965 4285 καὶ
2997 4228 3435 4300 συγκληρονόμοι
3478 4225 3744 4280 τέθεινται

458 4328 752 4384 statuimus
774 4330 955 4385 Esau:
986 4331 1253 4386 Rebeccae
1287 4344 1423 4395 vero
1463 4328 1722 4384 Ecclesiae
1754 4341 2047 4398 personam

457 4421 959 4478 accommodamus.
1010 4423 1184 4477 Porro
1232 4420 1338 4492 ipsi
1377 4419 1545 4476 etiam
1602 4420 1866 4475 Israelita‘.
1919 4417 2050 4475 facti

2149 4330 2262 4385 τῶν
2325 4330 2496 4399 ἁγίων
2556 4326 2830 4400 πατέρων.
2883 4322 3381 4392 Ἀνακλιθήσονται.
3427 4318 3540 4388 γάρ
3609 4310 3744 4386 μετά

2152 4421 2427 4492 Ἀϐραὰμ,
2460 4418 2557 4472 καὶ
2580 4416 2792 4480 Ἰσαὰκ,
2823 4414 2919 4468 καὶ
2948 4409 3164 4475 Ἰακὼϐ,
3192 4410 3287 4465 καὶ
3311 4410 3374 4462 ἐν
3400 4409 3468 4478 τῇ
3498 4400 3747 4487 βασιλείᾳ.

459 4519 589 4566 sunt
610 4510 709 4565 ﬁlii
728 4512 991 4567 Ecclesiae
1013 4526 1112 4580 per
1135 4510 1299 4565 fidem
1324 4510 1380 4564 in
1417 4509 1658 4575 Christo,
1686 4524 1798 4565 non
1823 4502 2039 4580 quidem

2153 4512 2263 4568 τῶν
2309 4511 2577 4583 οὐρανῶν,
2621 4507 2764 4562 κατὰ
2813 4506 2913 4576 τὴν
2935 4502 3099 4559 αὐτοῦ
3126 4500 3221 4554 τοῦ
3248 4500 3509 4571 Σωτῆρος
3541 4495 3744 4566 φωνήν.
3782 4564 3800 4575 ⁸

459 4602 518 4656 in
543 4609 788 4657 veterem
825 4602 982 4656 illum
1016 4601 1283 4671 populum
1325 4600 1584 4672 reputati,
1632 4601 1880 4656 translati
1915 4616 2039 4656 vero

2155 4601 2523 4674 Ηύλογήμεοα
2571 4599 2629 4653 δὲ
2678 4599 2807 4669 παρ’
2838 4593 3003 4651 αὐτοῦ
3052 4592 3232 4646 πάλιν·
3281 4591 3388 4661 ἔφη
3448 4590 3563 4662 γὰρ
3609 4584 3752 4653 ὑπὲρ

461 4696 646 4765 potius
668 4694 724 4748 in
746 4710 973 4760 novum,
994 4704 1050 4750 et
1067 4695 1325 4766 gentibus
1349 4695 1594 4757 immisti.
1626 4714 1645 4746 ι
1675 4695 1732 4750 Si
1758 4695 1882 4764 quis
1900 4695 2039 4749 enim

2155 4697 2331 4767 ἡμῶν·
2370 4714 2390 4746 ι
2424 4694 2608 4763 Πάτερ
2636 4692 2778 4760 am,
2813 4691 3052 4760 τήρησον
3095 4685 3293 4747 αὐτοὺς
3338 4686 3399 4737 ἐν
3424 4686 3493 4753 τῇ
3524 4679 3751 4750 ἀληθείᾳ.

454 4788 520 4866 in
544 4785 789 4853 Christo,
814 4802 955 4842 nova
983 4796 1236 4843 creatura
1262 4789 1326 4820 θ’·
1355 4807 1373 4840 ι
1401 4788 1496 4858 qui
1522 4787 1663 4843 duos
1687 4785 2039 4863 populosfor-

2157 4805 2271 4841 σου.
2314 4807 2332 4838 ι
2365 4788 2429 4840 Εἰ
2469 4786 2525 4838 δὲ
2557 4784 2620 4855 δὴ
2672 4786 2845 4836 νοοῖτο
2870 4778 3088 4834 καὶτοῦ
3133 4776 3305 4832 Ἡσαῦ
3339 4776 3531 4847 μήτηρ
3570 4774 3604 4844 ὴ
3639 4771 3753 4823 Ῥε-

460 4879 633 4939 mavit
662 4879 715 4934 in
743 4895 918 4934 unum
962 4896 1170 4935 novum
1205 4879 1506 4945 hominem,
1545 4887 1795 4934 statuens
1832 4893 2039 4947 pacem,

2154 4880 2350 4945 ϐέκκα,
2390 4877 2803 4948 διαλυμανεῑται
2846 4872 3006 4927 τοῦτο
3025 4872 3141 4935 τοῖς
3172 4869 3503 4940 θεωρήμασι
3554 4878 3755 4947 παντε·

461 4973 768 5028 seeundum
803 4972 1138 5043 Scripturas,
1159 4972 1461 5028 concilians
1486 4979 1774 5040 utrosque,
1798 4977 1853 5024 et
1871 4970 2039 5025 addu-

2153 4972 2262 5036 λῶς
2290 4972 2462 5026 οὐδέν.
2496 4971 2592 5033 Et;
2625 4968 2795 5022 τύπον
2841 4966 2940 5037 μὲν
2968 4964 3079 5036 γὰρ
3110 4962 3220 5016 τῶν
3251 4960 3308 5028 ἐξ
3331 4957 3560 5030 Ἰσραὴλ
3612 4969 3755 5023 παρ-

461 5082 595 5121 ccns
644 5068 700 5121 in
747 5082 858 5122 uno
914 5066 1110 5137 spiritu
1152 5066 1219 5121 ad
1258 5068 1505 5122 Patrem.
1557 5084 1574 5117 ‹
1604 5063 1863 5119 Dissolvit
1899 5065 2039 5119 enim

2157 5064 2456 5134 εδεξάμεθα
2481 5063 2573 5115 τὸν
2589 5060 2781 5115 Ἡσαῦ·
2799 5058 3067 5127 Ῥεϐέκκα
3092 5072 3157 5125 γε
3184 5053 3290 5125 μὴν
3315 5053 3379 5107 τὸ
3401 5052 3503 5123 τῆς
3525 5046 3754 5114 Ἐκκλη-

461 5158 706 5225 medium
734 5159 1002 5227 parietem
1028 5159 1299 5225 maceriae,
1320 5160 1499 5230 legem
1535 5156 1922 5212 mandatorum
1951 5157 2039 5213 dc-

2158 5159 2281 5221 σίας
2313 5155 2625 5225 δεδώκαμεν
2647 5154 2962 5224 πρόσωπον.
2997 5149 3163 5205 Ἀλλὰ
3197 5148 3292 5203 καὶ
3319 5147 3480 5199 αὐτοὶ
3521 5139 3755 5211 γεγόνα-

463 5251 632 5304 (ῖτθιὶε
657 5265 933 5305 evacuans
950 5250 1017 5305 ⁸³.
1045 5270 1063 5302 ι
2161 5268 2244 5304 σιν
2265 5250 2314 5302 οἱ
2341 5248 2401 5313 ἐξ
2431 5246 2653 5318 Ἰσραὴλ
2675 5244 2772 5316 τῆς
2797 5241 3127 5313 Ἐκκλησίας
3150 5241 3257 5295 υἱοὶ
3283 5238 3377 5293 διὰ
3403 5238 3646 5295 πίστεως
3696 5231 3755 5284 ἐν

463 5341 706 5413 Χριστῷ,
742 5343 821 5406 είς
846 5343 972 5398 λαὸν
1023 5345 1123 5414 μὲν
1159 5344 1348 5399 οὐκέτι
1390 5342 1484 5396 τὸν
1508 5341 1677 5396 πάλαι
1703 5341 1798 5397 καὶ
1857 5342 2084 5410 ἀρχαῖον
2122 5342 2330 5395 ἐκεῖνον
2392 5336 2798 5407 λελογισμένοι,
2840 5330 3411 5404 μεταστοιχειούμενοι
3453 5327 3514 5381 δέ
3557 5324 3755 5398 μᾶλλον

464 5435 544 5495 είς
574 5434 693 5488 νέον
719 5436 833 5499 τοῖς
866 5434 925 5500 ἐξ
955 5435 1130 5489 ἐθνῶν
1162 5434 1383 5506 ἀναμίξ.
1424 5454 1443 5487 ‹
1486 5435 1553 5491 Et
1586 5453 1671 5500 τις
1700 5436 1808 5506 γὰρ
1830 5438 1889 5489 ἐν
1918 5435 2161 5507 Χριστῷ,
2189 5435 2352 5505 καινὴ
2383 5432 2581 5496 κτίσιςο
2612 5450 2630 5482 ι
2661 5430 2723 5493 ὃς
2779 5429 2874 5482 καὶ
2933 5428 3060 5490 τοὺς
3105 5426 3198 5481 δύο
3240 5425 3412 5488 λαοὺς
3434 5423 3653 5478 ἔκτισεν
3677 5419 3756 5482 είς

464 5531 561 5584 ἕνα
591 5531 776 5586 καινὸν
798 5530 1105 5602 ἄνθρωπον,
1173 5530 1344 5584 ποιῶν
1401 5532 1642 5603 εἰρήνην,
1683 5531 1826 5586 κατὰ
1862 5533 1961 5596 τὰς
2024 5531 2267 5603 Γραφὰς,
2300 5530 2395 5584 καὶ
2435 5524 2939 5595 ἀποκοιταλλάσσων
2987 5522 3342 5595 ἀμφοτέρους
3376 5520 3436 5575 ἐν
3469 5519 3555 5575 ἐνὶ
3586 5515 3755 5573 πνεύ-

538 5728 586 5760 ’7
614 5727 803 5782 Matth.
833 5744 885 5789 κ,
911 5727 1000 5779 ‘25.
1081 5724 1127 5755 ⁷⁸
1154 5725 1274 5780 Act.
1305 5743 1415 5787 xm,
1445 5728 1531 5781 46.
1635 5728 1680 5759 ⁷³
1704 5720 1872 5783 I‘Cor.
1901 5746 1973 5796 xv,
2007 5730 2089 5786 15.

2867 5726 2908 5757 “
2939 5722 3128 5782 Matth.
3156 5738 3272 5790 vm,
3307 5720 3398 5779 il.

466 5812 598 5869 ινιῐ,
627 5797 713 5866 il.
790 5797 853 5830 ⁸³⁸
882 5798 924 5854 ll
953 5796 1083 5863 Cor.
1111 5813 1162 5867 v,
1192 5797 1277 5851 Π.
1353 5797 1397 5829 ⁸³
1427 5798 1627 5878 Ephrs.
1656 5814 1714 5867 n,
1751 5799 1837 5861 Η,

2198 5727 2241 5761 ¹⁵⁰
2268 5728 2403 5785 Gen.
2430 5744 2613 5797 xxvm,
2640 5726 2693 5793 5,
2724 5728 2780 5783 ί.
2867 5726 2908 5757 “
2939 5722 3128 5782 Matth.
3156 5738 3272 5790 vm,
3307 5720 3398 5779 il.
3511 5720 3565 5750 ”’
3593 5716 3748 5787 Joan.
