4034 6458
315 375 422 433 185

1365 364 1891 441 GLAPIIYRORUM
1932 378 2000 435 IN
2041 380 2342 439 GENESIM
2383 384 2512 440 LIB.
2561 388 2648 443 Iv.

3540 389 3645 448 £86

315 510 455 593 μιτι
490 494 634 568 πρὸς
694 496 787 551 τὸν
843 495 1092 569 Πατέρα.
1127 495 1334 550 Λέλυκε
1366 497 1475 569 γὰρ
1522 499 1583 553 τὸ
1619 500 1933 571 μεσότοιχον
1974 502 2068 555 τοῦ
2134 508 2415 578 φραγμοῦ,
2468 511 2563 565 καὶ
2631 512 2987 593 κατήργηκεν
3015 513 3077 569 ὲν
3124 512 3361 585 δόγμασι
3402 512 3493 569 τὸν
3532 515 3644 569 τῶν

312 591 559 647 ἐντολῶν
587 595 780 669 νόμον.

384 693 466 758 γ’.
522 678 947 757 Ἐφοδιασθέντα
977 687 1043 760 δὴ
1076 683 1169 743 οὖν
1198 690 1321 753 ταῖς
1355 689 1508 760 παρά
1537 691 1748 763 πατρὸς
1780 690 1936 744 εὑλο·

2120 694 2174 748 5.
2196 695 2367 751 Jacob
2385 697 2593 770 itaque.
2612 709 2857 770 paterna
2884 698 3295 757 benedictionis
3321 699 3527 755 viatico
3555 697 3653 751 in~

310 780 469 849 γίαις
499 780 596 835 τὸν
636 779 867 846 Ἰακὼϐ,
902 781 1242 852 ἀπεκόμιζον
1276 784 1323 835 οἱ
1354 782 1512 846 πόδες
1539 783 1633 835 ἐπὶ
1659 783 1750 836 τὸν
1784 782 1936 854 αὑτῷ

311 872 669 943 προτεθέντα
709 872 811 943 τῆς
864 872 1180 944 ἀποδημίας
1237 874 1463 931 σκοπόν.
1518 874 1630 928 Kal
1684 877 1816 929 ποῖα
1872 874 1939 945 δὴ

314 965 491 1019 πάλιν
526 964 598 1018 τὰ
638 964 851 1037 μεταξὺ
886 964 1177 1034 γεγονότα,
1224 966 1293 1019 δι’
1326 964 1508 1020 αὐτῶν
1535 964 1798 1035 εἰσόμεθα
1830 965 1941 1020 τῶν

317 1058 488 1127 ἱερῶν
519 1056 903 1128 Γραμμάτων.
944 1057 1098 1127 Ἔχει
1139 1056 1197 1111 δὲ
1236 1056 1444 1121 οὕτως’
1496 1075 1515 1109 ‹
1565 1058 1672 1111 Καὶ
1713 1056 1942 1128 ἐξῆλθεν

327 1148 540 1204 Ἰακὼϐ
574 1151 685 1204 ἀπὸ
713 1150 808 1205 τοῦ
835 1151 1072 1222 φρέατος
1093 1149 1187 1203 τοῦ
1221 1151 1409 1220 ὅρκου,
1448 1149 1543 1203 καὶ
1566 1148 1840 1221 ἐπορεύθη
1863 1152 1944 1215 εἰς

316 1242 563 1315 Χαρρὰν
590 1282 605 1306 ,
639 1243 735 1297 καὶ
783 1244 1072 1314 ἀπήντησε
1124 1242 1311 1314 τόπῳ,
1355 1243 1452 1297 καὶ
1492 1243 1769 1315 ἐκοιμήθη
1802 1244 1939 1298 ἐκεῖ.

321 1335 464 1389 Ἐδυ
518 1335 631 1407 γάρ
680 1339 707 1388 ό
735 1336 890 1406 ἣλιος
915 1351 928 1364 ·
969 1335 1065 1389 καὶ
1102 1333 1294 1387 ἔλαϐεν
1339 1335 1452 1388 ἀπὸ
1485 1334 1597 1389 τῶν
1639 1335 1804 1389 λίθων
1846 1334 1942 1389 τοῦ

318 1427 521 1489 τόπου,
555 1428 651 1482 κα)⁸
677 1426 859 1498 ἔθηκε,
877 1427 1017 1500 πρὸς
1044 1427 1288 1498 κεφαλῆς
1313 1426 1507 1493 αὑτοῦ,
1538 1428 1635 1481 καὶ
1666 1428 1942 1500 ἐκοιμήθη

315 1521 377 1572 ὲν
412 1520 498 1590 τῷ
533 1519 689 1591 τόπῳ
715 1520 932 1590 ἐκείνῳ,
958 1520 1051 1574 καὶ
1070 1520 1429 1592 ὲνυπνιάσθη.
1461 1521 1572 1575 Kal
1598 1521 1708 1575 ίδοὺ
1738 1520 1945 1592 κλίμαξ

315 1611 712 1683 ἐστηριγμένη
748 1613 807 1665 ἐν
847 1614 914 1683 τῇ
946 1614 1016 1682 γῇ
1038 1653 1053 1675 ,
1083 1606 1153 1684 ἧς
1183 1614 1218 1682 ὴ
1250 1612 1464 1684 κεφαλὴ
1501 1614 1815 1682 ἀφικνεῖται
1862 1615 1944 1679 είς

313 1710 415 1760 τὸν
458 1708 520 1761 ού
532 1707 720 1779 ρανὸν,
751 1709 849 1761 καὶ
871 1710 922 1762 οἱ
962 1708 1187 1779 ἄγγελοι
1214 1711 1309 1764 τοῦ
1350 1710 1486 1764 Θεοῦ
1516 1710 1807 1765 ἀνέϐαινον
1842 1712 1941 1767 καὶ

315 1799 659 1855 κατέϐαινον
709 1800 797 1853 ἐπ’
852 1800 1048 1872 αὑτήν.
1115 1801 1176 1854 '0
1225 1801 1284 1855 δὲ
1327 1800 1535 1874 Κύριος
1573 1803 1945 1875 ὲπεστήρικτο

314 1894 409 1947 ἐπ’
437 1893 642 1964 αὐτῆς,
670 1894 766 1947 καὶ
794 1888 972 1947 εἶπεν·
1010 1892 1154 1964 Ἐγὼ
1176 1895 1206 1948 ό
1230 1893 1365 1958 Θεὸς
1417 1893 1671 1967 ’Δϐραὰμ
1703 1895 1796 1949 τοῦ
1840 1913 1942 1951 πα-

315 1987 454 2058 196;
480 2004 605 2052 σου,
642 1988 741 2043 καὶ
769 1988 799 2043 ό
835 1987 971 2053 Θεὸς
1021 1987 1232 2054 Ἰσαὰκ,
1267 1987 1569 2061 μὴιφοϐοῦ.
1614 1986 1678 2041 Ἠ
1708 1988 1780 2061 γῆ
1806 2030 1821 2056 ,
1852 1990 1939 2058 ἐφ’

2045 795 2313 853 structus,
2341 790 2744 859 profectionem
2769 808 2936 863 quam
2959 794 3280 851 instituerat
3313 800 3399 848 est
3426 805 3648 863 aggres-

2044 891 2156 933 sus.
2181 876 2440 944 Quaznam
2471 895 2602 936 vere
2630 881 2736 952 ipsi
2771 882 2990 938 interea
3031 883 3371 948 acciderint,
3406 897 3475 937 ex
3508 879 3648 952 ipsis

2044 969 2219 1024 sacris
2248 969 2473 1025 Litteris
2494 972 2658 1027 nobis
2689 974 2985 1028 constabit.
3010 974 3092 1029 Ita
3118 989 3254 1030 vero
3279 973 3486 1028 habent
3509 989 3554 1025 ε(
3576 972 3650 1026 Et

2045 1077 2304 1134 egressus
2329 1063 2498 1120 Iacob
2529 1064 2598 1120 de
2623 1074 2791 1137 puteo
2836 1067 3161 1139 juramenti,
3198 1067 3337 1123 abiit
3373 1067 3431 1120 in
3473 1064 3649 1120 Char-

2044 1170 2166 1221 ran,
2218 1164 2276 1211 et
2316 1158 2563 1213 occurrit
2595 1158 2738 1222 loco,
2789 1167 2846 1214 et
2885 1159 3148 1214 dormivit
3197 1159 3297 1214 ibi.
3350 1158 3648 1214 Occiderat

2044 1248 2193 1303 enim
2211 1250 2313 1304 sol.
2331 1249 2401 1304 Et
2427 1251 2554 1306 tulit
2577 1250 2645 1305 de
2667 1250 2948 1323 lapidibus
2962 1250 3091 1318 loci,
3111 1260 3168 1307 et
3182 1251 3367 1322 posuit
3390 1249 3458 1304 ad
3482 1254 3651 1318 caput

2045 1357 2231 1409 suum,
2272 1350 2329 1397 et
2374 1343 2639 1397 dormivit
2672 1344 2729 1397 in
2770 1344 2891 1398 loco
2933 1344 3031 1399 illo
3056 1383 3072 1407 ,
3127 1350 3185 1398 et
3217 1342 3531 1398 somniavit.
3580 1341 3651 1395 Et

2044 1450 2175 1490 ecce
2207 1435 2355 1491 scala
2385 1435 2600 1490 firmata
2632 1436 2688 1490 in
2717 1444 2887 1503 terra,
2908 1437 3069 1507 cujus
3096 1444 3264 1506 caput
3288 1433 3650 1505 perveniebat

2045 1529 2103 1583 in
2138 1529 2364 1594 caelum,
2401 1537 2458 1584 et
2488 1529 2668 1600 angeli
2704 1528 2803 1585 Dei
2828 1528 3208 1612 ascendebant
3246 1535 3304 1583 et
3338 1526 3648 1582 descende-

2044 1621 2183 1677 bant
2210 1637 2378 1693 super
2401 1637 2545 1677 eam.
2589 1621 2664 1678 At
2704 1622 2975 1678 Dominus
3022 1620 3276 1676 ﬁrmatus
3316 1627 3439 1675 erat
3478 1633 3647 1688 super

2044 1731 2189 1781 eam,
2212 1723 2269 1771 et
2297 1716 2468 1771 dixit:
2488 1716 2605 1788 Ego
2625 1717 2776 1772 Deus
2796 1715 2975 1787 patris
2995 1715 3077 1769 tui
3098 1713 3401 1778 Abraham,
3424 1721 3482 1767 et
3502 1712 3652 1766 Deus

2044 1807 2198 1864 Isaac
2228 1825 2241 1862 :
2269 1824 2340 1863 ne
2392 1808 2611 1864 timeas.
2658 1807 2835 1863 Terra
2876 1807 2935 1861 in
2976 1820 3086 1876 qua
3134 1812 3194 1860 tu
3228 1803 3441 1859 dormis
3481 1817 3651 1873 super

2044 1913 2190 1965 eam,
2217 1898 2318 1953 tibi
2352 1898 2497 1954 dabo
2516 1913 2660 1965 eam,
2699 1907 2757 1955 et
2790 1897 2992 1953 semini
3037 1905 3154 1952 tuo.
3196 1895 3268 1951 Et
3305 1895 3416 1950 erit
3457 1909 3651 1950 semen

2047 1998 2206 2046 tuum
2236 1992 2381 2047 sicut
2413 2006 2583 2047 arena
2614 1991 2802 2057 maris,
2835 1996 2894 2045 et
2925 1988 3255 2044 dilatabitur
3302 1986 3371 2042 ad
3398 2002 3550 2042 mare
3592 1993 3653 2041 et

322 2074 390 2152 ἧς
421 2080 489 2134 σὺ
522 2080 837 2146 καθεύδεις,
865 2081 953 2133 ἐπ’
992 2079 1166 2151 αὐτῆς
1204 2080 1291 2133 σοι
1328 2078 1488 2134 δώσω
1519 2080 1715 2152 αὐτὴν,
1745 2081 1839 2136 καὶ
1866 2080 1945 2153 τῷ

2051 2090 2323 2145 austrum,
2347 2091 2405 2139 et
2427 2083 2496 2138 ad
2528 2081 2867 2154 aquilonem,
2891 2089 2948 2136 et
2978 2081 3048 2137 ad
3076 2081 3374 2146 orientem;
3399 2086 3456 2134 et
3476 2078 3653 2134 bene-

328 2171 617 2244 σπέρματί
648 2188 746 2225 σου
770 2189 783 2202 ·
814 2170 912 2225 καὶ
934 2170 1088 2225 ἔσται
1119 2170 1182 2224 τὸ
1208 2170 1435 2243 σπέρμα
1469 2189 1565 2226 σου
1601 2171 1734 2226 ὡσεὶ
1758 2172 1946 2243 ἄμμος

316 2264 423 2335 τῆς
469 2263 781 2335 θαλάσσης.
830 2264 944 2317 Kal
987 2262 1434 2334 πλατυνθήσεται
1489 2264 1585 2318 ἐπὶ
1640 2263 1943 2329 θάλασσαν,

317 2360 420 2411 καὶ
446 2357 602 2421 λίϐα,
641 2357 740 2411 καὶ
777 2356 1008 2428 βορρᾶν,
1051 2357 1146 2413 καὶ
1172 2356 1269 2410 ἐπὶ
1306 2357 1602 2421 ἀνατολάς.
1635 2356 1750 2412 Καὶ
1782 2358 1939 2411 ἐνευ-

313 2449 735 2523 λογηθήσονται
764 2453 823 2504 ὲν
848 2451 936 2503 σοὶ
971 2451 1146 2504 πᾶσαι
1177 2451 1233 2504 al
1269 2449 1436 2520 φυλαὶ
1462 2451 1560 2523 τῆς
1585 2450 1723 2523 γῆς,
1755 2451 1854 2505 καὶ
1883 2454 1941 2505 ὲν

313 2542 400 2615 τῷ
429 2543 721 2616 σπέρματί
751 2561 871 2599 σου.
900 2544 1013 2597 Kal
1050 2542 1161 2597 ἰδοὺ
1195 2541 1308 2611 ἐγὼ
1343 2543 1486 2615 μετά
1514 2543 1610 2598 σοῦ
1645 2544 1945 2615 διαφυλάσ-

318 2652 433 2689 σων
467 2652 529 2689 σε
563 2637 623 2688 ὲν
654 2637 723 2707 τῇ
749 2634 855 2706 ὁδῷ
888 2635 1062 2707 πάσῃ,
1100 2626 1162 2688 οὗ
1196 2634 1291 2689 ὲάν
1320 2635 1619 2709 πορευοῇς,
1664 2638 1760 2693 καὶ
1806 2639 1945 2692 ἀπο-

319 2728 553 2801 στρέψω
588 2745 647 2782 σε
673 2732 755 2792 είς
786 2729 887 2800 τήν
912 2728 1017 2800 γῆν
1046 2728 1276 2801 ταύτην,
1307 2730 1472 2782 ὅτιού
1509 2731 1583 2802 μή
1616 2747 1675 2783 σε
1704 2730 1946 2799 ὲγκαταυ

316 2821 492 2886 λξπω,
523 2822 634 2884 ἕως
668 2820 765 2874 τοῦ
815 2821 1040 2893 ποιῆσαί
1086 2839 1155 2891 με
1199 2823 1378 2877 πάντα
1412 2822 1513 2875 ὅσα
1562 2822 1802 2895 ἐλάλησα
1837 2840 1945 2879 σοι.

316 2918 436 2971 Kal
467 2914 750 2986 ἐξηγέρθη
810 2915 1010 2970 Ἰακὼϐ
1045 2918 1112 2968 ὲκ
1157 2914 1254 2969 τοῦ
1290 2914 1462 2969 ὕπνου
1492 2916 1658 2969 αὑτοῦ
1684 2957 1700 2982 ,
1742 2916 1838 2970 καὶ
1868 2912 1947 2970 εἷ-

319 3027 427 3063 πεν
448 3050 466 3074 ,
494 3011 583 3063 ὅτι
615 3010 773 3062 Ἐστι
798 3008 1004 3081 Κύριος
1032 3010 1091 3063 ὲν
1117 3008 1196 3080 τῷ
1224 3008 1378 3078 τόπῳ
1401 3008 1593 3079 τούτῳ.
1615 3008 1727 3077 ἐγὼ
1753 3008 1810 3061 δὲ
1844 3009 1947 3064 οὐκ

317 3100 499 3172 ᾔδειν.
537 3100 652 3153 Kal
687 3098 961 3171 ἐφοϐήθη,
996 3101 1090 3152 καὶ
1125 3096 1281 3153 εἶπεν
1307 3117 1318 3128 ’
1360 3101 1445 3164 Ὠς
1472 3099 1705 3171 φοϐερὸς
1727 3101 1754 3152 ό
1781 3101 1947 3164 τόπος

319 3182 515 3252 οὖτοςί
548 3191 668 3243 Οὐκ
695 3188 812 3243 ἐστι
843 3188 1006 3243 τοῦτο
1036 3189 1149 3243 ἀλλ’
1185 3189 1219 3261 ἢ
1246 3184 1395 3252 οἶκος
1423 3189 1581 3257 Θεοῦ,
1610 3191 1705 3243 καί
1733 3188 1875 3261 αὕτη
1908 3192 1942 3261 ή

322 3283 475 3355 πύλη
518 3282 615 3336 τοῦ
644 3282 904 3353 ούρανοῦ.
937 3284 1049 3337 Kal
1078 3282 1281 3354 ἀνέστη
1322 3283 1521 3338 Ἰακὼϐ
1561 3284 1620 3337 τὸ
1648 3268 1945 3355 πρωῖ,’καὶ

325 3376 491 3429 ἔλαϐε
525 3377 621 3429 τὸν
653 3375 801 3429 λίθον
831 3375 892 3429 ὃν
923 3375 1202 3442 ὑπέθηκεν
1242 3378 1359 3430 ἐκεῖ
1393 3376 1532 3448 πρὸς
1563 3376 1809 3447 κεφαλῆς
1844 3377 1945 3429 αὺ-

2049 2175 2306 2231 dicentur
2330 2173 2389 2228 in
2413 2182 2466 2229 te
2487 2188 2683 2228 omnes
2708 2172 2896 2228 tribus
2916 2180 3105 2238 terra},
3129 2178 3187 2227 et
3206 2172 3263 2226 in
3283 2170 3498 2227 semine
3530 2176 3652 2224 tuo.

2047 2266 2121 2322 Et
2162 2280 2295 2321 ecce
2341 2280 2444 2336 ego
2488 2273 2696 2328 tecum,
2741 2261 3074 2318 custodiens
3115 2269 3171 2316 te
3205 2261 3262 2316 in
3295 2259 3448 2315 omni
3480 2266 3651 2326 terra,

2048 2370 2383 2427 quocunque
2400 2352 2737 2425 pervexeris,
2750 2360 2807 2407 et
2824 2353 3089 2408 reducam
3106 2358 3162 2406 te
3185 2350 3244 2405 in
3260 2357 3466 2405 terram
3486 2349 3654 2415 hanc,

2054 2447 2219 2521 114
2256 2447 2387 2518 quia
2429 2461 2541 2500 non
2570 2454 2623 2500 te
2663 2444 3071 2515 derelinquam,
3105 2442 3283 2498 donec
3320 2441 3518 2497 iaciam
3553 2456 3657 2512 ego

2048 2540 2238 2595 omnia
2280 2552 2627 2609 quaecunque
2680 2537 2902 2593 locutus
2952 2551 3078 2592 sum
3126 2535 3249 2590 tibi.
3298 2535 3369 2590 Et
3412 2533 3656 2590 surrexit

2046 2631 2218 2688 Jacob
2241 2630 2311 2687 de
2343 2645 2540 2686 somno
2564 2645 2687 2695 suo,
2716 2640 2773 2684 et
2794 2628 2936 2683 dixit
2964 2647 2977 2681 :
3003 2627 3145 2695 Quia
3175 2636 3263 2684 est
3289 2627 3563 2683 Dominus
3597 2626 3661 2707 in.

2048 2723 2173 2778 loco
2211 2722 2320 2778 isto
2360 2739 2373 2776 :
2415 2737 2520 2793 ego
2540 2712 2748 2776 “autem
2792 2736 2907 2777 non
2945 2720 3211 2777 sciebam.
3255 2721 3327 2776 Et
3366 2719 3573 2786 timuit,
3599 2727 3657 2776 et

2047 2816 2189 2871 dixit
2215 2834 2229 2871 :
2255 2815 2431 2883 Quam
2468 2816 2737 2871 terribilis
2765 2816 2923 2872 locus
2956 2816 3096 2872 iste!
3123 2815 3247 2871 Non
3270 2822 3356 2870 est
3384 2814 3510 2880 hoc,
3546 2813 3656 2870 nisi

2047 2907 2249 2963 domus
2294 2907 2410 2973 Dei,
2447 2916 2505 2962 et
2545 2907 2664 2962 haec
2700 2916 2863 2977 porta
2903 2908 3050 2964 coeli.
3091 2907 3173 2962 Et
3204 2906 3449 2962 surrexit
3484 2906 3658 2963 Jacob

2047 3018 2234 3066 mane,
2275 3010 2333 3057 et
2382 3002 2510 3056 tulit
2551 3001 2817 3072 lapidem,
2869 3016 3037 3071 quem
3083 2999 3378 3071 supposuit
3426 2998 3544 3054 illic
3586 3000 3656 3055 ad

2047 3101 2215 3165 caput
2241 3109 2425 3159 suum,
2461 3102 2519 3149 et
2545 3095 2728 3151 erexit
2772 3094 2830 3150 in
2871 3094 3120 3160 titulum,
3151 3100 3209 3148 et
3238 3092 3437 3149 effudit
3471 3093 3657 3147 oleum

2049 3203 2219 3258 super
2273 3189 2651 3244 summitatem
2695 3190 2859 3260 ejus,
2908 3195 2966 3243 et
3017 3186 3241 3243 vocavit
3291 3200 3497 3253 nomen
3548 3185 3657 3241 loci

2047 3282 2219 3348 illius,
2257 3282 2467 3338 Domus
2520 3282 2619 3339 Dei
2659 3280 2728 3336 “.
2784 3301 2803 3333 ι
2843 3282 3061 3336 Nomen
3100 3280 3289 3350 itaque
3336 3278 3494 3334 urbis
3534 3291 3661 3335 esse

2050 3374 2313 3441 diximus,
2369 3393 2387 3427 ‹
2417 3375 2654 3431 Puteum
2696 3374 3026 3446 juramenti.
3063 3392 3082 3427 ι
3130 3374 3209 3429 ita
3262 3373 3415 3428 enim
3469 3373 3538 3429 de
3589 3389 3661 3430 eo

325 3470 447 3524 τοῦ.
483 3471 600 3523 Kal
634 3470 867 3541 ἔστησεν
897 3471 1062 3524 αὐτὸν
1097 3471 1323 3542 στήλην,
1359 3472 1455 3525 καὶ
1489 3472 1717 3543 ἐπέχεεν
1764 3471 1945 3525 ἔλαιον

2051 3471 2322 3540 scriptum
2361 3476 2449 3525 est
2487 3488 2500 3523 :
2536 3489 2554 3522 ι
2583 3470 2811 3525 Factum
2850 3482 2936 3525 est
2973 3478 3163 3525 autem
3208 3469 3265 3523 in
3303 3468 3396 3524 die
3437 3468 3572 3531 illa,
3600 3475 3658 3523 et

331 3564 424 3617 ἐπὶ
446 3563 511 3616 τὸ
539 3563 714 3635 ἄκρον
743 3563 938 3632 αὐτῆς,
975 3563 1069 3617 καὶ
1098 3563 1328 3618 ἐκάλεσε
1358 3565 1417 3618 τὸ
1446 3564 1620 3635 ὄνομα
1649 3564 1742 3617 τοῦ
1779 3566 1944 3618 τόπου

328 3654 572 3719 ἐκείνου,
610 3648 777 3717 Οἶκος
804 3652 964 3707 Θεοῦ.
993 3673 1012 3706 ι
1052 3656 1265 3724 Ὄνομα
1298 3655 1398 3724 μὲν
1432 3648 1527 3707 οὖν
1562 3653 1772 3717 πόλεως
1804 3641 1946 3707 εἶναι

330 3763 518 3817 ςαμεν
549 3765 568 3797 ι
598 3744 662 3798 τὸ
692 3745 875 3817 Φρέαρ
912 3744 1009 3797 τοῦ
1043 3745 1231 3816 ὅρκου.
1269 3764 1286 3796 ‹
1315 3745 1636 3815 Γέγραπται
1666 3743 1775 3816 γὰρ
1802 3742 1948 3798 οὕτω

330 3838 462 3909 περὶ
498 3836 667 3893 αὑτοῦ
691 3853 705 3866 ·
770 3837 1028 3905 Ἐγένετο
1080 3836 1138 3890 δὲ
1179 3838 1239 3890 ὲν
1272 3839 1338 3909 τῇ
1374 3836 1563 3909 ἡμέρᾳ
1597 3836 1808 3908 ἐκείνῃ,
1854 3835 1948 3889 καί

331 3929 789 4002 παραγενόμενοι
836 3930 886 3982 οἱ
932 3917 1122 3993 παῖδες
1181 3929 1388 3994 Ἰσαὰκ,
1422 3926 1768 3999 ἀπήγγειλαν
1799 3924 1948 3997 αὐτῷ

327 4026 463 4095 περὶ
490 4023 587 4077 τοῦ
628 4021 867 4094 φρέατος
889 4063 904 4082 ,
936 4014 998 4099 οὗ
1036 4019 1276 4093 ὤρυξαν,
1305 4022 1402 4074 καὶ
1430 4016 1616 4087 εἶπαν,
1648 4020 1748 4091 οὐχ
1788 4017 1951 4091 εὖρο-

331 4135 435 4188 μεν
465 4116 639 4189 ὕδωρ.
669 4117 780 4170 Kal
811 4116 1070 4169 ἐκάλεσεν
1091 4114 1256 4167 αὐτὸν
1280 4114 1466 4185 ὅρκον.
1501 4111 1602 4167 Διά
1628 4112 1786 4167 τοῦτο
1817 4112 1949 4167 ἐκά-

326 4210 460 4265 λεσε
498 4210 562 4263 τὸ
588 4208 763 4279 ὄνομα
800 4211 868 4280 τῇ
901 4207 1092 4273 πόλει,
1124 4207 1310 4279 Φρέαρ
1339 4207 1507 4278 ὅρκου
1527 4246 1543 4271 ,
1580 4206 1687 4269 ἓως
1714 4208 1812 4276 τῆς
1851 4206 1948 4277 σή-

328 4319 528 4374 μερον.
573 4321 593 4354 ι
653 4301 861 4373 ’Ὀρκου
909 4300 968 4353 δὲ
1015 4296 1200 4371 Φρέαρ
1236 4317 1255 4350 ι
1295 4298 1349 4351 εί
1386 4315 1472 4361 τις
1515 4297 1691 4351 ἕλοιτο
1730 4297 1946 4367 μαθεῖν,

323 4394 449 4446 ἀνθ’
488 4393 615 4445 ὅτου
645 4391 710 4462 δὴ
742 4392 904 4445 πάλιν
940 4389 1118 4443 ἐκεῖνό
1168 4406 1370 4459 φαμεν.
1426 4388 1576 4441 Ἐκεῖ
1621 4387 1732 4457 γάρ
1782 4386 1948 4457 ὅρκον

324 4486 565 4555 εἰρήνης
596 4482 783 4535 ἔθεντο
818 4480 958 4554 πρὸς
989 4481 1083 4533 τὸν
1128 4481 1315 4534 Ἰσαὰκ
1342 4481 1390 4533 οἱ
1425 4476 1749 4549 ⁸Γεραριτῶν
1778 4474 1948 4548 ήγού-

327 4592 516 4647 μενοι,
564 4573 860 4646 Ἀϐιμέλεχ
905 4573 1001 4626 καὶ
1030 4574 1079 4626 οἱ
1118 4572 1214 4626 σὺν
1246 4571 1416 4642 αύτῷ.
1462 4571 1717 4642 Ἀτταίρει
1745 4570 1811 4642 δὴ
1845 4566 1947 4625 οὗν

322 4673 356 4723 ό
390 4667 691 4731 θεσπέσιος
731 4666 927 4721 Ἰακὼϐ
956 4666 1055 4736 τῆς
1095 4663 1361 4736 πατρῴας
1394 4664 1582 4728 ἑστίας
1610 4665 1706 4717 καὶ
1738 4665 1948 4730 πόλεως

2048 3563 2376 3618 accedentes
2399 3564 2543 3618 servi
2563 3563 2715 3620 Isaae
2755 3564 3088 3619 nuntiarunt
3110 3563 3163 3617 ei
3184 3563 3253 3618 de
3280 3570 3450 3633 puteo
3490 3576 3659 3631 quem

2048 3655 2332 3720 foderunt,
2370 3662 2433 3710 et
2467 3656 2731 3711 dixerunt
2766 3673 2779 3709 :
2820 3656 2941 3711 Non
2978 3654 3298 3711 invenimus
3333 3669 3568 3724 aquam;
3601 3661 3661 3710 et

2048 3752 2269 3805 vocavit
2293 3748 2449 3804 illum
2474 3748 2888 3805 Juramentum.
2920 3747 3140 3804 Idcirco
3163 3755 3421 3804 vocatum
3444 3752 3531 3802 est
3552 3762 3659 3802 no-

2050 3858 2179 3897 men
2208 3841 2387 3907 urbis,
2421 3842 2629 3897 Puteus
2652 3840 2979 3912 juramenti,
3012 3855 3192 3910 usque
3232 3839 3289 3895 in
3319 3838 3658 3894 hodiernum

2052 3934 2203 3990 diem
2223 3934 2293 3988 ⁸⁵.
2314 3953 2332 3986 ›
2352 3920 2465 3989 Cur
2482 3940 2668 3988 autem
2683 3942 2917 3988 vocatus
2942 3932 3015 3987 sit
3038 3931 3276 3986 «Puteus
3292 3930 3651 4002 juramenti,»

2050 4027 2100 4084 si
2132 4027 2259 4099 quis
2296 4028 2440 4082 seire
2464 4026 2628 4091 velit,
2656 4025 2869 4094 idcirco
2895 4033 2952 4079 et
2990 4023 3129 4080 illud
3161 4023 3362 4078 dicam.
3400 4022 3480 4077 lbi
3506 4021 3661 4077 enim

2049 4126 2454 4194 percusserunt
2479 4117 2663 4174 foedus
2699 4116 2852 4187 pacis
2886 4132 3011 4172 cum
3048 4115 3203 4171 Isaac
3230 4114 3403 4170 duces
3426 4112 3658 4169 Gerari-

2049 4219 2255 4277 tarum,
2279 4208 2627 4273 Abimelech,
2659 4208 2909 4277 inquam,
2935 4214 2992 4261 et
3014 4206 3108 4277 qui
3133 4221 3261 4261 eum
3290 4220 3379 4260 eo.
3409 4204 3655 4261 Discedit

2050 4303 2239 4374 itaque
2268 4301 2491 4356 divinus
2525 4299 2696 4354 Jacob
2729 4314 2760 4353 a
2797 4305 3028 4368 paterna
3061 4297 3247 4362 domo,
3278 4304 3335 4352 et
3369 4310 3400 4350 a
3427 4295 3653 4351 civitate

2052 4395 2190 4465 ipsa,
2222 4408 2287 4448 ac
2312 4406 2513 4463 genere
2542 4405 2643 4445 suo
2680 4397 2992 4459 separatur.
3018 4388 3391 4454 Quamobrem
3422 4395 3657 4444 mmstus

2051 4485 2353 4541 admodum
2378 4499 2500 4538 esse
2537 4481 2726 4551 carpit.
2750 4480 3105 4535 Intellexerat
3143 4480 3314 4545 enim,
3354 4487 3417 4534 ut
3452 4479 3655 4535 verisi~

2052 4581 2183 4636 mile
2202 4587 2320 4643 est,
2342 4576 2490 4648 quod
2514 4575 2841 4647 peregrinus
2875 4583 3041 4646 atque
3077 4575 3283 4646 hospes
3311 4583 3461 4631 esset
3501 4576 3656 4630 tutu.

2051 4690 2170 4737 rus,
2219 4670 2479 4742 quodque
2522 4669 2668 4723 inter
2711 4676 2936 4723 exteros
2976 4667 3332 4722 habitaturus
3376 4675 3555 4733 esset,
3601 4677 3661 4723 et

325 4761 534 4830 αὐτῆς,
571 4760 667 4813 καὶ
713 4759 909 4829 γένους
967 4759 1391 4829 ἀπενοσφίζετο.
1430 4758 1703 4830 Ταύτῃτοι
1750 4758 1941 4822 δεινῶς

2050 4762 2459 4839 quodammodo
2482 4762 2606 4816 aliis
2630 4761 2932 4832 subjectus,
2954 4760 3346 4829 insuetumque
3370 4759 3664 4815 servitutis

330 4856 430 4910 καὶ
464 4854 654 4908 ἀλύειν
682 4855 907 4925 ἤρχετο.
959 4853 1192 4907 Ἐνενόει
1230 4853 1340 4925 γάρ
1381 4869 1487 4906 που
1522 4851 1667 4905 κατᾶ
1712 4852 1774 4905 τὸ
1801 4852 1947 4925 εικὸς

326 4951 411 5011 ὡς
449 4946 661 5018 ἀλήτης
705 4945 860 4998 ἔσται
894 4946 990 4999 καὶ
1024 4944 1197 5011 ξένος,
1231 4944 1326 4998 καὶ
1359 4945 1571 5015 οἰκήσει
1603 4944 1702 5014 μὲν
1733 4945 1821 4998 ἐπ’
1848 4945 1947 4998 ἀλ·-

326 5039 606 5109 λοδαπῆς.
655 5040 851 5115 ’ξΕσται
882 5037 928 5091 δ’
970 5036 1100 5101 ἴσως
1133 5038 1228 5091 καὶ
1256 5037 1346 5105 ὑφ’
1369 5037 1613 5109 ἑτέρους,
1650 5038 1746 5091 καὶ
1777 5039 1946 5092 ἀσυν-

326 5133 443 5205 ήθη
502 5131 753 5195 δουλείας
794 5131 1014 5197 δέξεται
1047 5129 1236 5199 ζυγόν.
1273 5131 1456 5186 Εῖκειν
1505 5132 1613 5202 γὰρ
1648 5134 1761 5194 τοῖς
1806 5149 1945 5203 κρα-

323 5223 530 5278 τοῦσιν
562 5223 779 5293 ἀνάγκη
818 5223 915 5276 καὶ
939 5223 1067 5285 τοὺς
1102 5220 1244 5291 ἄγαν
1272 5221 1534 5290 εὐγενεῖς.
1561 5222 1947 5293 Συλλαμϐάνε-

329 5335 426 5371 ται
461 5317 523 5372 δὲ
568 5316 664 5369 καὶ
694 5314 1047 5387 παραχρῆμα
1091 5313 1225 5378 Θεὸς
1263 5315 1293 5367 ό
1333 5333 1351 5365 ι
1392 5313 1622 5383 καρδίας
1651 5312 1810 5378 εἰδὼς
1848 5315 1947 5368 καὶ

329 5412 611 5485 νεφροὺς.
652 5428 673 5462 ι
711 5411 809 5464 καὶ
852 5410 974 5473 ταῖς
1022 5407 1166 5462 οὕτω
1202 5410 1432 5479 πικραῖς
1479 5408 1817 5481 δυσφημίαις
1848 5411 1950 5464 οὐκ

330 5505 402 5575 ἐᾷ
435 5500 887 5569 καταπνίγεσθαι
919 5504 1022 5571 τήν
1053 5498 1148 5552 τοῦ
1175 5500 1387 5554 δικαίου
1414 5499 1615 5570 ψυχήν.
1652 5500 1947 5573 Παρέδειξε

329 5597 448 5670 γὰρ
477 5598 562 5652 ὅτι
587 5594 803 5666 πληθὺς
825 5592 1101 5661 ἀγγέλων,
1125 5592 1239 5648 ἄνω
1267 5610 1323 5646 τε
1349 5593 1444 5648 καὶ
1467 5594 1618 5646 κάτω
1638 5576 1947 5662 διᾴττουσα,

329 5688 597 5756 διασώζει
630 5687 837 5761 ῥᾳδίως
864 5687 992 5751 τοὺς
1014 5685 1414 5757 ἀνακειμένους
1440 5685 1586 5756 Θεῷ.
1622 5686 1784 5740 Τουτὶ
1815 5686 1949 5758 γὰρ,

2053 4861 2246 4931 jugum
2277 4855 2587 4911 subiturus.
2616 4852 3017 4922 Obtemperare
3050 4851 3201 4906 enim
3235 4859 3456 4921 oportet
3488 4866 3658 4920 supe-

2049 4950 2315 5012 rioribus,
2357 4947 2524 5001 etiam
2579 4961 2675 4999 eos
2719 4944 2816 5014 qui
2863 4944 3119 5014 generosi
3161 4942 3461 4997 admodum
3501 4949 3655 4997 sunt.

2049 5043 2195 5097 Deus
2220 5055 2375 5103 vero,
2409 5038 2506 5108 qui
2536 5057 2553 5087 ‹
2582 5038 2738 5092 novit
2773 5036 2943 5091 corda
2972 5043 3030 5089 et
3062 5050 3224 5090 renes
3249 5033 3319 5099 ⁸⁸,
3344 5052 3363 5085 ι
3395 5032 3577 5088 statim
3603 5032 3658 5089 ei

2050 5147 2210 5202 Opem
2249 5130 2375 5194 fert,
2398 5143 2580 5198 neque
2610 5128 2749 5183 adeo
2785 5126 2989 5181 acerbo
3029 5124 3222 5179 dolore
3248 5123 3381 5193 justi
3415 5122 3657 5180 animam

2049 5223 2286 5294 Opprimi
2309 5220 2600 5292 permittit.
2622 5218 2876 5275 Ostendit
2900 5218 3049 5273 enim
3066 5216 3214 5288 quod
3240 5215 3537 5271 multitudo
3561 5231 3659 5270 an-

2046 5323 2295 5393 gelorum
2331 5317 2700 5388 undequaque
2734 5314 3037 5387 prosiliens
3066 5313 3230 5371 facile
3252 5312 3560 5368 liberatura
3585 5310 3661 5367 sit

2046 5427 2143 5467 eos
2182 5410 2277 5481 qui
2315 5411 2429 5465 Deo
2467 5408 2680 5463 subditi
2706 5415 2925 5479 parent.
2952 5406 3070 5462 Hoc
3098 5405 3272 5470 enim,
3294 5419 3477 5473 neque
3505 5399 3659 5459 aliud

2049 5504 2354 5573 quidquam
2380 5517 2478 5572 per
2503 5499 2783 5556 insomnia
2807 5500 3044 5557 edoctus
3061 5506 3165 5554 est.
3188 5496 3340 5552 Vidit
3361 5495 3510 5552 enim
3530 5506 3659 5546 sen-

2049 5595 2275 5650 sualiter
2300 5595 2503 5650 scalam
2544 5593 2601 5647 in
2633 5594 2837 5649 coelum
2866 5593 3298 5664 pertingenlem.
3340 5588 3657 5642 Desccnsus

2050 5695 2237 5742 autem
2263 5694 2427 5757 atque
2452 5701 2715 5743 ascensus
2749 5685 2968 5757 signum
2988 5691 3129 5752 erat,
3156 5679 3374 5759 etiamsi
3404 5677 3461 5733 in
3497 5671 3656 5739 rudi-
3753 5670 3760 5677 ’

409 5871 429 5901 ⁸
450 5870 621 5930 "Gcn.
660 5885 851 5937 χχι-ιιι,
887 5867 1077 5927 10-18.
1156 5869 1199 5901 ⁸⁵
1228 5868 1364 5926 Gen.
1408 5884 1550 5931 xxvi.
1578 5868 1668 5941 5&2,
1699 5870 1789 5927 55.
1867 5869 1912 5903 "
1940 5867 2086 5924 Psal.
2114 5882 2167 5935 ι,
2195 5866 2247 5928 7.
