4034 6458
432 323 532 381 187

1425 325 1482 381 S.
1522 325 1801 382 CYRlLLi
1836 324 2309 382 ALEXANDRINI
2346 325 2667 385 ARCHIEP.

3602 324 3709 385 188

428 434 534 489 bus
556 433 896 505 descriptum
928 433 999 491 sit
1024 436 1184 508 typis.
1209 434 1436 492 Audivit
1458 452 1591 491 vero
1626 437 1790 491 etiam
1820 451 2009 491 vocem

2114 433 2289 509 οἶμαι,
2311 437 2403 493 καὶ
2422 438 2610 509 ἕτερον
2635 435 2787 492 οὐδὲν
2808 435 2898 491 διά
2912 435 3022 490 τῶν
3043 437 3341 510 ὀνειράτων
3360 437 3704 494 ἐπαιδεύετο·

427 528 550 597 ejus
592 527 687 597 qui
727 528 938 599 angelis
987 529 1282 598 praefectus
1321 537 1426 593 est,
1460 528 1717 594 dicentis,
1751 529 1899 599 quod
1945 529 2013 584 ad

430 617 611 688 ipsum
646 619 956 675 benedictio
986 636 1019 676 a
1040 629 1197 692 patre
1223 620 1371 686 data,
1398 621 1471 676 sit
1491 630 1879 691 perventura.«
1904 623 2014 677 Ex-

430 712 690 766 tendetur
712 712 883 778 enim,
907 712 1104 783 inquit,
1132 729 1321 768 semen
1369 720 1527 768 tuum
1565 712 1635 768 ad
1660 723 1841 768 ortum
1864 723 1920 769 et
1948 714 2016 769 ad

425 816 681 860 occasum
704 845 719 870 ,
759 804 828 860 ad
864 812 1112 859 austrum
1146 813 1202 861 et
1240 805 1306 860 ad
1354 806 1670 875 aquilonem
1712 807 1778 860 ⁸⁷.
1813 826 1831 857 ι
1870 807 2018 862 Dixit

426 905 562 945 vero
583 891 770 958 etiam,
796 891 943 962 quod
970 895 1150 963 ipsum
1167 893 1458 951 habiturus
1474 903 1621 951 esset
1637 896 2017 953 auxiliatorem

426 990 485 1036 et
518 984 866 1038 salvatorem.
905 984 1340 1057 Expergefactus
1367 996 1550 1043 autem
1579 989 1799 1044 divinus
1826 989 2014 1056 Jacob,

423 1089 535 1129 non
555 1074 904 1130 mediocriter
918 1077 1221 1133 admiratus
1236 1089 1339 1143 est,
1357 1079 1632 1149 dixitque:
1656 1081 1697 1148 1
1711 1079 1812 1150 15
1840 1100 1856 1131 ι
1879 1079 2017 1147 Quia

436 1166 706 1221 Dominus
732 1175 818 1222 est
847 1168 903 1222 in
930 1168 1049 1224 loco
1072 1170 1178 1224 hoc
1212 1188 1226 1223 :
1272 1184 1374 1241 ego
1405 1186 1538 1226 vero
1577 1171 1892 1226 nesciebam
1912 1169 2008 1225 ⁸⁸.»

436 1254 712 1322 Quidnam
747 1273 882 1312 vero
916 1274 1015 1328 per
1040 1258 1146 1313 hoc
1175 1258 1486 1330 signiﬁcare
1519 1258 1671 1323 velit,
1709 1273 1820 1328 quo
1855 1265 2017 1328 pacto

428 1355 543 1395 non
583 1357 765 1412 operae
800 1345 1044 1413 pretium
1077 1344 1243 1402 fuerit
1275 1346 1501 1402 videre?
1532 1346 1796 1417 Exiguam
1819 1361 2016 1416 quam-

420 1431 547 1487 dam
568 1432 638 1488 de
661 1434 775 1488 Deo
793 1434 1112 1505 Opinionem
1143 1436 1314 1493 fuisse
1338 1436 1620 1492 veteribus
1642 1436 2012 1493 inveniemus.

421 1524 826 1582 Existimabam
846 1530 995 1585 enim
1017 1530 1191 1585 Deum
1222 1531 1384 1586 aliam
1409 1545 1628 1585 omnem
1646 1539 1851 1587 terram
1873 1547 2016 1602 prae-

430 1618 764 1685 termittere,
791 1626 954 1691 atque
978 1636 1044 1676 ea
1078 1623 1191 1677 sola
1226 1622 1630 1692 quodammodo
1653 1622 1931 1691 concludi,
1959 1624 2018 1680 in

420 1724 587 1776 quam
611 1710 680 1764 ab
705 1711 825 1781 ipso
856 1713 1036 1767 vocati
1066 1720 1244 1778 erant,
1272 1714 1484 1769 relictis
1515 1714 1631 1770 suis
1658 1714 1938 1781 domibus,
1962 1722 2019 1772 et

2118 528 2393 600 αἰσθητῶς
2428 529 2527 600 μὲν
2556 526 2666 600 γὰρ
2694 527 2795 599 τὴν
2840 528 2920 592 είς
2952 527 3013 581 τδ
3043 529 3156 583 ἄνω
3183 529 3481 601 διήκουσαν
3515 529 3709 584 ἐθεᾶτο

2117 619 2383 689 κλίμακα.
2414 617 2651 672 Καθόδου
2680 616 2736 670 δὲ
2764 617 2858 670 καὶ
2879 617 3068 671 άνόδου
3093 620 3317 689 σημεῖον
3338 613 3428 690 ἦν,
3454 620 3504 672 εί
3533 619 3627 673 καὶ
3649 622 3709 675 ὲν

2118 708 2350 780 παχέσιν
2384 707 2576 780 ὥσπερ
2602 706 2876 779 ἐγράφετο
2908 707 3120 771 τύποις.
3152 709 3357 762 Ἦκουε
3378 709 3439 762 δὲ
3465 709 3564 763 καὶ
3596 725 3710 779 φω-

2117 800 2215 871 νῆς
2236 800 2400 854 αὐτοῦ
2425 800 2675 867 λέγοντος
2708 798 2802 852 τοῦ
2828 801 2942 863 τοῖς
2972 799 3226 870 ἀγγέλοις
3249 801 3705 872 προστάττοντος,

2118 894 2199 947 ὅτι
2236 894 2335 964 τῆς
2370 891 2621 961 δοθείσης
2652 890 2800 962 αὺτῷ
2833 891 2987 962 παρὰ
3020 892 3227 964 πατρὸς
3257 891 3510 961 εὐλογίας
3539 892 3704 957 αὐτὸς

2119 985 2272 1039 ἔσται
2300 984 2361 1038 τὸ
2390 984 2584 1055 πέρας.
2623 1002 2642 1035 ι
2687 982 3080 1055 Ἑκταθήσεται
3107 983 3216 1055 γάρ
3249 983 3310 1037 τὸ
3338 984 3562 1055 σπέρμα
3586 1001 3702 1047 σου,

2119 1077 2305 1149 φησὶν.
2333 1077 2414 1140 είς
2454 1075 2549 1147 ’ὴῶ
2588 1092 2649 1129 τε
2684 1076 2778 1129 καὶ
2814 1074 2988 1140 δύσιν,
3017 1073 3219 1146 βορρᾶν
3248 1092 3305 1129 τε
3340 1075 3436 1129 καὶ
3470 1076 3645 1129 νότον.
3679 1094 3701 1127 ν

2121 1166 2368 1235 Ἔφασκε
2408 1164 2468 1218 δὲ
2504 1165 2587 1218 ὃτι
2623 1165 2721 1219 καὶ
2747 1163 2913 1218 αὐτὸν
2956 1162 3067 1230 ἔξει
3099 1163 3191 1217 τὸν
3225 1164 3581 1236 ἑπαμύνοντα
3610 1166 3704 1218 καὶ

2115 1254 2448 1321 διασῴζοντα
2494 1256 2766 1327 πανταχῆ.
2800 1255 3078 1324 Ἀφυπνος
3104 1254 3161 1308 δὲ
3186 1253 3432 1325 γεγονὼς
3457 1296 3472 1323 ,
3504 1256 3609 1310 οὐκ
3645 1259 3705 1311 ὲν

2120 1350 2363 1422 μετρίοις
2402 1344 2470 1420 ἦν
2512 1347 2784 1420 θαύμασιν
2828 1349 2857 1402 ὁ
2898 1347 3188 1410 θεσπέσιος
3232 1347 3451 1415 Ἰακὼϐ,
3501 1350 3598 1402 καὶ
3636 1348 3703 1420 δὴ

2120 1443 2210 1497 καὶ
2241 1441 2504 1511 ἔφασκεν,
2533 1440 2637 1508 ὅτι,
2678 1459 2697 1492 ι
2712 1439 2869 1493 Ἐστι
2894 1439 3101 1513 Κύριος
3122 1441 3181 1493 ιν
3204 1437 3283 1511 τῷ
3299 1439 3455 1511 τόπῳ
3484 1438 3663 1512 τούτῳ
3683 1481 3700 1507 ,

2118 1532 2228 1604 ἐγὼ
2259 1534 2315 1587 δὲ
2338 1533 2439 1587 οὐκ
2463 1532 2631 1605 ᾔδειν.
2675 1549 2694 1583 ι
2737 1529 2900 1585 Ἀλλὰ
2933 1530 2986 1584 τί
3011 1530 3077 1584 ἂν
3113 1530 3356 1601 βούλοιτο
3389 1530 3480 1584 διὰ
3507 1530 3701 1585 τούτου

2116 1624 2328 1697 δηλοῦν,
2370 1623 2489 1689 πῶς
2526 1622 2628 1678 οὐκ
2668 1622 2818 1688 ἄξιον
2872 1623 3032 1689 [Bai-1;
3075 1622 3299 1693 Μικράς
3349 1620 3556 1693 κομιδῆ
3602 1622 3705 1688 τάς

2118 1719 2278 1784 δόξας
2335 1717 2466 1787 περὶ
2509 1715 2645 1770 Θεοῦ
2690 1717 2748 1769 ἐν
2790 1716 2904 1778 τοῖς
2948 1713 3328 1786 ἀρχαιοτέροις
3364 1713 3697 1785 εὑρήσομεν.

416 1800 800 1856 Chaldaeorum
844 1802 1068 1874 regione
1108 1805 1336 1875 egressi.
1369 1803 1509 1861 Cum
1551 1792 1702 1862 enim
1734 1806 2008 1862 idolorum

2120 1811 2313 1881 ᾭοντο
2345 1809 2455 1880 γὰρ
2506 1808 2587 1862 ὅτι
2626 1807 2726 1879 τὴν
2754 1806 2851 1878 μὲν
2876 1806 3043 1878 ἄλλην
3070 1804 3287 1860 ἅπασαν
3322 1804 3432 1875 γῆν
3462 1807 3617 1876 ἠφίει
3640 1807 3703 1860 τὸ

416 1893 661 1949 cultores
696 1895 899 1949 multos
938 1895 1040 1950 sibi
1083 1896 1216 1952 deos
1268 1907 1663 1969 proponerent,
1707 1900 2008 1969 unicuique

419 1983 676 2049 daemoni,
717 1987 997 2056 propriam
1035 1987 1205 2042 veluti
1245 1988 1540 2057 quamdam
1587 1990 1870 2062 regionem
1904 1990 2007 2045 tri-

414 2075 647 2132 buentes
688 2076 783 2147 q'ui
820 2093 921 2148 per
961 2078 1129 2133 urbes
1180 2079 1570 2148 adorarentur,
1595 2083 1863 2153 putabant
1894 2098 2007 2139 non

414 2183 609 2223 omnes
633 2169 895 2225 omnibus
935 2170 991 2225 in
1022 2170 1161 2226 locis
1190 2187 1312 2228 esse
1346 2189 1528 2243 posse,
1554 2189 1619 2231 ac
1645 2175 1749 2232 coli
1779 2175 2004 2231 debere.

412 2260 683 2327 Quocirca
704 2261 851 2330 beati
881 2262 1048 2318 etiam
1078 2264 1426 2335 patriarchae,
1453 2267 1550 2335 qui
1574 2281 1771 2321 recens
1792 2266 1861 2321 ab
1884 2266 2007 2321 ido-

413 2349 594 2406 lorum
641 2352 792 2407 cultu
848 2361 906 2409 et
951 2354 1020 2409 ab
1069 2371 1259 2411 errore
1304 2356 1373 2412 de
1424 2357 1737 2428 pluralitate
1774 2357 2007 2413 deorum

413 2451 572 2498 erant
603 2443 848 2510 abducti,
897 2447 1184 2519 Deumque
1223 2450 1547 2505 naturaliter
1583 2464 1647 2505 ac
1693 2465 1825 2505 vere
1860 2451 2007 2506 exsi-

416 2542 650 2590 stentem
669 2536 903 2594 adorare
924 2539 1072 2595 docti
1090 2550 1391 2606 erant,non
1408 2541 1465 2595 in
1479 2541 1628 2596 omni
1649 2548 1815 2607 terra,
1828 2557 2009 2612 neque

411 2628 608 2696 quovis
650 2628 706 2683 in
746 2629 869 2685 loco
909 2622 1104 2688 adesse
1149 2633 1287 2703 ipsis
1332 2642 1498 2703 atque
1534 2632 1791 2688 auxiliari
1832 2634 2007 2689 Deum

411 2714 733 2789 credebant,
772 2723 1031 2793 pusillam
1092 2723 1391 2781 admodum
1428 2725 1612 2782 adhuc
1651 2726 1719 2782 de
1750 2727 1864 2782 Deo
1903 2742 2003 2782 co-

411 2812 715 2884 gnitionem
756 2814 923 2871 nacti.
947 2816 1186 2871 Docetur
1207 2818 1391 2888 itaque
1411 2818 1606 2873 beatus
1625 2818 1814 2884 Iacob,
1845 2834 2007 2889 pere-

408 2902 843 2974 grinationisque
873 2920 987 2961 sua:
1016 2905 1258 2962 fructum
1312 2908 1551 2979 percipit
1582 2906 1768 2963 ﬁdem.
1803 2907 2009 2963 Didicit

409 2996 557 3050 enim
585 2997 730 3067 quod
754 2998 807 3052 in
838 2998 990 3064 omni
1038 2999 1161 3055 loco
1203 3002 1464 3071 omnique
1487 3001 1711 3072 regione
1740 3000 1811 3057 sit
1833 3003 2000 3058 Deus.

406 3088 476 3142 Et
496 3088 710 3143 habitat
733 3090 960 3160 quidem
988 3091 1043 3145 in
1079 3092 1241 3156 cmlo,
1281 3092 1476 3164 implet
1514 3108 1649 3148 vero
1682 3093 2002 3149 universum

414 3178 608 3233 orbem
632 3185 932 3253 terrarum,
957 3181 1252 3250 omniaque
1288 3180 1391 3251 ipsi
1415 3181 1725 3253 subjacent,
1751 3191 1809 3237 et
1835 3183 2003 3252 spiri-

411 3276 503 3324 tus
543 3270 641 3340 qui
691 3271 747 3327 in
780 3272 921 3328 coelo
947 3289 1164 3328 sursum
1209 3291 1274 3329 ac
1304 3274 1565 3330 deorsum
1612 3275 1691 3329 ire
1717 3274 2003 3346 iubentur,

411 3360 704 3431 ipsumque
748 3363 956 3418 habent
990 3374 1155 3436 caput
1195 3380 1261 3421 ac
1286 3365 1627 3436 praefectum.
1658 3366 1871 3421 Idcirco
1896 3366 2006 3421 mi-

409 3461 564 3508 ratus
593 3460 697 3519 est,
721 3454 912 3510 dicens
938 3474 952 3510 :
981 3475 1000 3508 ι
1027 3458 1165 3525 Quia
1209 3458 1478 3514 Dominus
1499 3465 1586 3514 est
1612 3458 1668 3515 in
1698 3459 1821 3514 loco
1852 3459 1961 3515 hoc
1986 3477 2001 3514 :

402 3558 511 3614 ego
541 3552 727 3599 autem
759 3547 1073 3604 nesciebam
1101 3550 1170 3604 ³⁸.
1196 3569 1214 3602 ι
1236 3549 1570 3606 Existimans
1599 3566 1734 3606 vero
1764 3549 2003 3622 lapidem

408 3635 514 3705 ipsi
555 3636 957 3695 insomniorum
1000 3650 1284 3698 auctorem
1327 3642 1534 3708 fuisse,
1573 3643 1784 3699 honore
1828 3647 1997 3699 etiam

2111 1901 2274 1964 θεῖον,
2311 1898 2690 1955 συνεστέλλετο
2720 1897 2779 1951 δὲ
2806 1896 2996 1969 ὥσπερ
3022 1898 3102 1961 εἰς
3129 1897 3297 1968 μόνην
3337 1896 3580 1969 ἐκείνην,
3613 1900 3695 1963 είς

2108 1994 2177 2065 ῆν
2209 1994 2302 2048 καὶ
2340 1991 2631 2064 κέκληνται
2656 1991 2786 2062 παρ’
2813 1987 2980 2044 αὑτοῦ
3014 1990 3082 2043 τὰ
3107 1991 3245 2043 οίκοι
3274 1989 3560 2061 μεθέντες,
3596 1992 3692 2045 καὶ

2108 2087 2210 2157 τῆς
2234 2084 2519 2139 Χαλδαίων
2551 2083 2901 2153 άπαίροντες.
2943 2080 3163 2153 Ἐπειδὴ
3189 2082 3299 2154 γὰρ
3326 2084 3374 2137 οί
3408 2083 3520 2137 τῶν
3550 2078 3713 2137 είδὼέ

2109 2177 2218 2229 λων
2248 2173 2625 2246 προσκυνηταὶ
2662 2172 2763 2244 τὴν
2792 2171 3057 2226 πολύθεον
3087 2172 3376 2238 νοσοῦντες
3408 2174 3697 2245 πλάνησιν,

2110 2267 2325 2338 ἑκάστῳ
2347 2265 2457 2320 τῶν
2499 2266 2793 2336 δαιμονίων
2836 2264 3010 2335 ίδικὴν
3057 2263 3247 2337 ὥσπερ
3290 2264 3414 2320 τινὰ
3444 2267 3698 2340 νέμοντες

2109 2360 2313 2432 χώραν,
2342 2359 2437 2412 καὶ
2472 2357 2756 2429 μονονουχὶ
2783 2357 3081 2429 τυράννους
3109 2358 3357 2422 ἱστάντες
3394 2361 3523 2423 τοὺς
3552 2362 3696 2435 κατὰ

2111 2453 2267 2507 πόλιν
2297 2440 2804 2522 προσκυνουμένους
2827 2491 2841 2515 ,
2866 2448 2988 2522 οὐχὶ
3027 2449 3237 2515 πάντας
3267 2450 3534 2506 δύνασθαι
3561 2469 3693 2505 παν-
3742 2472 3753 2483 ·

2108 2544 2245 2615 τσχῆ
2279 2544 2374 2597 καὶ
2395 2542 2660 2615 τιμᾶσθαι
2694 2542 2803 2596 δεῖν
2845 2542 3246 2613 ὑπελάμϐανον.
3280 2543 3576 2614 Τοιγάρτοι
3601 2543 3695 2596 καὶ

2108 2633 2157 2686 oi
2191 2631 2449 2703 μακάριοι
2464 2631 2802 2702 πατριάρχαι
2832 2630 2956 2702 ἄρτι
2984 2630 3094 2685 τῶν
3122 2632 3222 2703 τῆς
3242 2631 3695 2703 εἰδωλολατρείας

2108 2723 2284 2795 ἠθῶν,
2313 2725 2405 2777 καὶ
2439 2722 2702 2776 πολυθέου
2734 2723 2943 2794 πλάνης
2973 2722 3414 2795 ἀπηλλαγμένοι,
3446 2725 3541 2779 καὶ
3564 2725 3696 2780 Θεὸν

2109 2816 2201 2869 τὸν
2232 2814 2391 2885 φύσει
2432 2815 2529 2869 καὶ
2561 2813 2778 2885 άληθῶς
2824 2815 3293 2885 ἀναπεπεισμένοι
3329 2819 3688 2893 προσκυνεῖν,

2109 2907 2209 2961 οὐκ
2247 2908 2304 2960 ὲν
2347 2907 2495 2978 πάσῃ
2526 2909 2598 2978 γῇ
2650 2905 2747 2959 καὶ
2793 2907 2852 2959 ὲν
2901 2904 3068 2958 παντὶ
3118 2906 3288 2978 τόπῳ,
3324 2908 3586 2979 παρεῖναί
3631 2906 3690 2960 τέ

2088 3013 2263 3065 ,σφισι
2293 2997 2387 3052 καὶ
2413 2996 2712 3068 ἐπαμύνειν
2741 2995 2928 3068 ᾤοντο,
2958 2996 3129 3069 μικρά
3148 2998 3344 3069 κομιδῇ
3374 2998 3691 3071 φρονοῦντες

2110 3089 2209 3144 ἔτι.
2253 3088 2580 3144 Παιδεύεται
2614 3088 2794 3142 τοίνυν
2836 3089 2865 3141 ὁ
2901 3088 3171 3159 μακάριος
3214 3088 3418 3142 Ἰακὼϐ
3465 3090 3558 3143 καὶ
3593 3089 3690 3160 τῆς

2106 3172 2713 3253 ἀποδημίας’ὲπλούτει
2766 3181 3000 3252 καρπὸν,
3046 3180 3107 3234 τὸ
3153 3181 3342 3235 λεῖπον
3389 3184 3446 3235 ὲν
3490 3182 3697 3261 πίστει..

2118 3273 2421 3343 Ἐμάνθανε
2454 3271 2564 3343 γὰρ
2592 3273 2667 3337 ὡς
2692 3274 2749 3327 ὲν
2776 3273 2939 3326 παντὶ
2965 3272 3114 3343 τόπῳ
3143 3272 3238 3325 καὶ
3269 3273 3428 3351 πάσῃ
3456 3271 3607 3344 χώρᾳ
3627 3272 3688 3327 τὸ

2106 3364 2249 3419 θεῖόν
2278 3366 2421 3419 ἐστι.
2455 3366 2566 3418 Καὶ
2590 3366 2837 3419 κατοικεῖ
2866 3364 2964 3434 μὲν
2990 3365 3049 3417 ἐν
3086 3363 3323 3437 οὐρανῷ,
3356 3365 3604 3437 περιέπει
3634 3362 3687 3416 δὲ

2105 3456 2204 3529 τὴν
2230 3456 2525 3528 σύμπασαν
2566 3457 2691 3527 γῆν,
2719 3456 2815 3509 καὶ
2845 3455 3177 3526 πεπλήρωκε
3207 3455 3308 3525 τὴν
3336 3454 3685 3526 θίκουμένην,

2106 3549 2201 3601 καὶ
2230 3547 2324 3602 ὕπ’
2355 3546 2505 3617 αὐτῷ
2531 3547 2709 3601 πάντα
2741 3547 2859 3599 ἐστὶ
2883 3588 2898 3612 ,
2932 3545 3001 3600 τά
3034 3547 3091 3599 ὲν
3115 3544 3331 3617 οὐρανῷ
3369 3545 3682 3617 πνεύματα,

2104 3637 2140 3693 ἃ
2166 3639 2275 3693 ἄνω
2304 3656 2363 3692 τε
2386 3639 2482 3692 καὶ
2509 3638 2659 3693 κάτω
2687 3637 2893 3690 διαθεῖν
2923 3638 3375 3710 προστάττονται,
3406 3638 3499 3692 καὶ
3523 3636 3683 3691 αὐτὸν

409 3725 588 3797 ipsum
620 3729 823 3795 affecit,
849 3732 1123 3806 inungens
1151 3735 1296 3790 oleo.
1319 3734 1389 3790 Et
1419 3754 1437 3787 ‹
1464 3735 1690 3790 domum
1721 3755 1740 3788 ι
1770 3736 1997 3807 quidem

2111 3729 2288 3800 έχουσι
2310 3729 2555 3800 κεφαλὴν
2571 3728 2664 3782 καὶ
2687 3727 3047 3798 ἐφεστηκότα.
3077 3727 3173 3780 Διὰ
3196 3727 3357 3782 τοῦτο
3371 3725 3682 3796 τεθαύμακα

408 3821 632 3874 vocavit
675 3840 693 3872 ι
721 3822 818 3877 Dei
850 3832 906 3879 et
935 3834 1150 3896 portam
1180 3826 1305 3881 coeli
1328 3844 1347 3878 ι
1377 3827 1560 3883 locum
1588 3827 1765 3895 illum,
1789 3828 1995 3884 erexit-

2111 3822 2277 3891 λέγων
2299 3823 2401 3887 ὅτι,
2443 3820 2637 3874 (Ἐστι
2664 3820 2869 3892 Κύριος
2890 3822 2948 3871 ὲν
2979 3816 3058 3889 τῷ
3087 3818 3238 3890 τόπῳ
3262 3820 3462 3890 τούτῳ.
3490 3817 3598 3886 ἐγὼ
3625 3815 3680 3869 δὲ

408 3926 516 3979 que
541 3911 802 3982 lapidem.

2111 3914 2201 3969 οὐκ
2248 3914 2416 3986 ᾔδειν.
2477 3932 2497 3967 ι
2543 3910 2763 3983 omam
2807 3912 2865 3965 δὲ
2914 3911 3004 3964 τὸν
3033 3909 3180 3963 λίθον
3224 3911 3337 3963 τῶν
3388 3909 3680 3981 ὀνειράτων

315 4064 332 4076 δ
407 4008 588 4063 αὐτῶν
646 4011 894 4079 γενέσθαι
967 4014 1278 4084 παραίτιον,
1317 4015 1413 4069 καὶ
1454 4016 1618 4070 αὐτὸν
1655 4017 1770 4080 τοῖς
1812 4014 2031 4077 ’ἐνοῦσιν
2063 4012 2261 4084 ἐτίμα,
2330 4009 2706 4063 καταπιαίνων
2737 4007 2923 4079 ἐλαίῳ.
2959 4007 3071 4060 Καὶ
3110 4006 3217 4079 μὴν
3252 4025 3272 4059 ι
3310 4003 3474 4062 Οἶκον
3510 4025 3528 4058 ι
3557 4000 3679 4058 ἑκά·

407 4099 490 4154 λει
529 4121 548 4154 ι
582 4102 736 4167 Θεοῦ,
768 4107 864 4159 καὶ
893 4107 1070 4176 πύλην
1088 4107 1185 4162 τοῦ
1209 4109 1442 4180 οὐρανοῦ
1476 4129 1495 4163 ι
1526 4110 1619 4163 τὸν
1646 4108 1844 4182 χῶρον,
1885 4109 1981 4163 καὶ
2017 4105 2313 4176 ἀνεστήλου
2337 4103 2428 4183 τὸν
2457 4100 2624 4155 λίθον.

476 4195 531 4250 4.
563 4196 740 4267 Atque
776 4198 895 4254 haec
917 4200 1141 4269 quidem
1166 4203 1335 4257 veluti
1363 4204 1574 4260 rudiori
1606 4205 1927 4260 narratione
1961 4219 1991 4259 a

2163 4198 2227 4253 δ’.
2260 4196 2373 4252 Καὶ
2408 4196 2566 4249 ταυτὶ
2609 4194 2708 4266 μὲν
2738 4195 2873 4266 ἡμῖν
2895 4193 2972 4259 ὡς
3011 4194 3071 4247 ὲν
3105 4192 3446 4264 παχυτέραις
3474 4189 3679 4261 ἀφηγή-

372 4287 569 4355 ,nobis
601 4288 747 4345 dicta
771 4289 900 4345 sint.
919 4290 1107 4348 Tenue
1117 4293 1263 4348 enim
1278 4295 1510 4351 reddere
1522 4296 1831 4366 oportebat,
1846 4295 1995 4366 quod

2111 4307 2244 4344 τεσιν
2276 4288 2514 4362 εἰρήσθω
2548 4286 2729 4342 πάλιν.
2759 4284 3107 4356 καταψιλοῦν
3130 4284 3238 4355 γὰρ
3267 4282 3398 4347 ἔδει,
3420 4283 3518 4353 τῆς
3543 4284 3680 4334 ἱστο-

408 4374 461 4429 in
512 4377 741 4434 historia
795 4380 1029 4436 arduum
1070 4382 1269 4439 visum.
1319 4384 1738 4442 Transferentes
1761 4402 1895 4443 vero
1927 4386 1996 4442 ad

2111 4384 2219 4447 aia;
2268 4382 2331 4437 τὸ
2387 4382 2611 4445 ἄναντες
2653 4376 2794 4433 εἶναι
2826 4379 3035 4433 δοκοῦν.
3083 4377 3454 4439 Μεθιστάντες
3488 4373 3545 4427 δὲ
3580 4373 3676 4443 ἤδη

406 4469 710 4537 spiritalem
753 4475 1271 4545 contemplationem
1297 4479 1459 4547 quod‘
1479 4495 1593 4550 prae
1615 4481 1881 4535 manibus‘
1895 4479 1998 4535 ha-

2111 4476 2235 4546 πτρδς
2262 4472 2497 4543 θεωρίαν
2530 4470 2915 4543 πνευματικὴν
2954 4469 3016 4522 τὸ
3066 4468 3464 4538 προκείμενον,
3514 4462 3677 4550 πάλιν

406 4562 623 4627 bemus,
660 4563 797 4619 illud
829 4581 1022 4620 rursus
1058 4566 1308 4623 dicamus
1348 4586 1361 4621 :
1391 4548 1538 4639 quod
1580 4586 1757 4626 novus
1807 4571 1866 4625 in
1890 4569 1996 4625 ﬁde

2111 4565 2281 4620 ἐκεῖνό
2325 4579 2529 4634 φαμεν.
2570 4562 2653 4615 ὅτι
2696 4561 2795 4624 τὰς
2830 4559 2939 4612 τῶν
2973 4557 3258 4628 φονιῦντων
3297 4556 3504 4629 ὀργὰς,
3537 4548 3677 4657 φημὶ

406 4653 642 4721 pupulas
667 4653 839 4709 veluti
893 4654 951 4709 in
984 4655 1249 4725 primitiis
1275 4668 1589 4714 sanctorum
1618 4660 1993 4730 apostolorum

2111 4655 2161 4728 ἰὴ
2204 4655 2311 4710 τῶν
2373 4653 2665 4718 Ἰουδαίων,
2711 4654 2740 4707 ὁ
2769 4651 2887 4715 νέος
2935 4651 3028 4703 καὶ
3083 4651 3141 4703 ὲν
3188 4649 3371 4704 πίστει
3414 4647 3560 4709 λαὸς,
3603 4640 3674 4703 ὡς

407 4741 742 4806 intellectus,
806 4745 1353 4815 sanguinolentorum
1406 4764 1625 4813 manus,
1682 4747 1996 4805 Judmorum

2111 4755 2154 4800 εν
2190 4747 2411 4818 ἀπαρχῇ
2441 4746 2555 4807 τοῖς
2591 4743 2768 4814 ἁγίοις
2814 4741 3134 4804 ἀποστόλοις
3188 4740 3508 4809 νοούμενος,
3546 4734 3672 4786 ὑπο-

407 4836 652 4903 inquam,
709 4834 1093 4908 subterfugere
1155 4848 1320 4909 atque
1369 4840 1579 4894 evitare
1648 4855 1997 4910 summopere

2111 4835 2307 4907 τρέχειν
2343 4834 2440 4903 μὲν
2472 4833 2733 4903 ἠπείγετο
2764 4832 2857 4886 καὶ
2888 4828 3273 4901 παραιτεῖσθαι
3300 4827 3442 4880 λίαν.
3489 4820 3672 4876 Ἀπαί-

405 4926 679 4982 studebat.
715 4927 1076 4986 Proﬁciscens
1109 4944 1293 4987 autem
1337 4931 1407 4986 de
1432 4931 1654 4986 civitate
1692 4930 1749 4985 in
1799 4932 1994 4989 civita-

2111 4946 2206 4981 βων
2244 4927 2299 4980 δὲ
2331 4925 2519 4997 ὥσπερ
2550 4926 2658 4979 ἀπὸ
2696 4924 2904 5007 πόλεως
2938 4925 3019 4986 εἰς
3068 4922 3243 4985 πόλιν,
3281 4921 3381 4983 τὰς
3419 4917 3479 4982 ἐξ
3508 4913 3670 5007 ἐονιῦν

409 5023 538 5083 tem,
566 5017 823 5087 gentium
845 5034 1060 5090 gregem
1080 5019 1216 5097 Asibi
1260 5018 1531 5088 poposcit,
1561 5027 1617 5074 et
1661 5035 1994 5092 congregare

2111 5020 2295 5088 ἱγέλας
2319 5017 2705 5090 ἐμνηστεύετο,
2733 5004 2826 5070 καὶ
2848 5015 3126 5097 συλλέγειν
3159 5013 3351 5083 ὥσπερ
3372 5011 3451 5074 είς
3484 5004 3669 5061 ἑαυτὸν

404 5107 810 5177 quodammodo
857 5111 925 5166 ad
977 5126 1036 5166 se
1078 5091 1179 5180 per
1204 5110 1504 5180 spiritalem
1542 5113 1988 5170 communionem

2111 5117 2179 5171 ῖιά
2213 5117 2398 5188 τῆςρν
2446 5114 2715 5185 πνεύματι
2753 5114 2847 5167 καὶ
2895 5113 3093 5184 νοητῆς
3120 5108 3400 5170 κοινωνίας
3423 5145 3441 5172 ,
3475 5099 3664 5188 mea:

404 5197 765 5255 vehementer
806 5200 1535 5270 optabat,quemadmodum
1562 5200 1675 5258 fere
1707 5203 1873 5258 etiam
1899 5204 1992 5261 Ja-

2111 5225 2184 5261 ιει
2217 5187 2359 5261 λίαν.
2402 5205 2672 5276 Καθάπερ
2700 5203 2895 5274 ἀμέλει
2940 5204 3036 5256 καὶ⁵
3093 5199 3288 5256 Ἰακὼϐ
3321 5198 3414 5252 ἐπὶ
3446 5195 3544 5259 τὰς
3573 5187 3663 5242 τοῦ

405 5289 510 5344 cob
543 5289 681 5347 ﬁlias
721 5292 908 5359 Laban
937 5290 1093 5357 adiit,
1123 5292 1426 5349 incutiente
1456 5294 1560 5368 ipsi
1588 5304 1794 5351 metum
1824 5297 1990 5362 Esau,

2111 5297 2277 5352 \c'zGav
2316 5298 2575 5367 ἠπείγετο
2620 5294 2949 5366 θυγατέρας,
2985 5291 3433 5365 ὲκδειματοῦντος
3479 5279 3662 5344 Ἢσαῦ,

322 5446 325 5447 ν
405 5384 464 5432 et
507 5381 713 5437 easdem
759 5380 1025 5435 atrociter
1071 5382 1443 5439 machinante.
1501 5387 1660 5459 116
1698 5388 1993 5458 Postquam

2111 5390 2187 5442 cal.
2231 5391 2398 5459 φονᾷν
2427 5387 2633 5460 ἀγρίως
2670 5384 3171 5457 ἐπικεχειρηκότος.
3220 5381 3438 5451 Ἐπειδὴ
3475 5374 3583 5429 δὲό
3609 5373 3663 5423 ὲν

406 5485 537 5526 vero
556 5472 796 5543 populus
826 5470 1003 5526 ﬁdelis
1028 5473 1559 5543 acquievitChristo,
1579 5477 1675 5548 qui
1694 5486 1781 5533 est
1809 5498 1827 5529 ι
1854 5478 1996 5549 lapis

2111 5481 2273 5536 τίστει
2304 5481 2429 5545 λαὸς
2463 5477 2882 5533 ὲπανεπαύσατο
2914 5476 2994 5548 τῷ
3027 5476 3270 5549 Χριστῷ,
3301 5476 3358 5540 ὃς
3387 5475 3499 5526 ἐστι
3525 5463 3665 5524 λίθος

405 5559 634 5629 eiectus,
691 5563 988 5635 angularis,
1038 5568 1312 5637 pretiosus
1348 5569 1416 5635 ὀ,
1469 5590 1487 5622 ι
1535 5570 1663 5643 (hoc
1700 5570 1847 5626 enim
1887 5570 1993 5627 sibi

2111 5573 2367 5638 εκλεκτδς,
2401 5572 2816 5643 άκρογωνιαῖος,
2849 5567 3067 5639 ἔντιμος
3088 5584 3102 5597 ⁸
3144 5566 3307 5621 τοῦτο
3337 5561 3467 5637 γάρ.
3496 5552 3662 5627 οἶμαι.

470 5735 523 5767 ⁸⁷
560 5743 698 5801 Gen.
726 5761 907 5815 xxvm,
939 5748 1023 5804 14.
1101 5751 1145 5784 ⁸⁵
1182 5751 1319 5807 Ibid.
1364 5752 1444 5807 lG.
1526 5752 1568 5784 3’
1595 5750 1733 5806 Ibid.
1784 5751 1855 5829 \’°
1884 5748 1990 5806 Isa.

2111 5767 2197 5819 'm,
2229 5751 2324 5819 l6;
2357 5751 2496 5807 Psal.
2526 5748 2801 5818 cxvu,22;
2825 5749 3015 5805 Matth.
3052 5765 3162 5819 ιιι,
3195 5747 3289 5804 42.
