4034 6448
261 362 354 424 189
1254 402 1257 407 ς
1276 356 1802 419 GLAPHYRORUM

1947 362 2250 421 GENESIM
2288 362 2418 419 LIB.
2460 362 2549 419 IV.

3431 360 3535 418 190

255 477 361 532 ἐστι
383 475 443 530 rb
470 472 748 545 ἐφυπνοῦν
793 472 871 545 τῷ
898 471 1033 545 λίθῳ
1052 489 1066 503 ’
1107 475 1536 549 μεμαθήκαμεν,
1560 477 1643 531 ὅτι
1674 475 1827 548 μόνοι

1941 480 2051 535 vult
2080 479 2327 535 dormire
2356 493 2523 550 super
2553 474 2813 548 lapidem)
2847 473 2996 532 docti
3020 487 3232 539 sumus,
3255 454 3403 544 quod
3429 470 3534 529 soli

258 572 348 646 μὲν
376 570 457 634 τίς
481 566 595 639 γῆν
624 568 723 621 οὐκ
773 565 1026 633 ἔσονται,
1076 567 1452 641 συλλήπτορας
1495 570 1552 624 δὲ
1594 564 1693 625 καῖ
1733 571 1832 623 ἐπα

254 665 491 736 αρωγοὺς
517 662 650 726 τοὺς
691 662 886 732 ἁγίους
910 660 1125 726 ἕξουσιν
1171 665 1440 734 ἀγγέλους
1458 704 1474 730 ,
1509 667 1622 721 ἄνω
1653 682 1714 719 τε
1744 666 1837 720 καὶ

254 758 390 812 κάτω
424 752 761 819 διαθέοντας.
802 754 951 825 Ἔφη
986 755 1097 828 γάρ
1131 772 1236 810 που
1263 754 1499 829 Χριστός
1519 773 1533 789 ⁸
1575 776 1595 810 ι
1641 756 1835 830 Ἄρην,

251 848 386 920 ἀμὴν
416 847 570 916 λέγω
605 848 754 919 ὑμῖν,
789 846 999 919 ἀπάρτι
1040 848 1241 919 ὄψεσθε
1266 849 1360 905 τὸν
1396 850 1627 922 οὐρανὸν
1665 842 1837 922 ἀνέῳ·

253 944 371 1013 γότα
392 983 406 1005 ,
437 942 535 996 καὶ
562 944 693 1007 τοὺς
727 942 999 1011 ἀγγέλους
1032 943 1128 999 τοῦ
1156 943 1292 998 θεοῦ
1325 944 1718 1009 ἀναὸαίνοντας
1743 946 1839 998 καὶ

253 1033 668 1099 καταϐαίνοντας
693 1036 786 1088 ἐπὶ
812 1035 905 1090 τὸν
941 1036 1071 1090 Υίὺν
1100 1036 1198 1091 τοῦ
1230 1037 1544 1109 ἀνθρώπου.
1573 1058 1593 1091 ι
1639 1039 1833 1106 Τοῦτο,

254 1124 582 1199 inania-rw
605 1129 639 1199 ἡ
672 1128 900 1200 κλίμαξ,
929 1131 963 1201 ἡ
993 1130 1110 1185 ἄνω
1131 1146 1191 1184 τε
1221 1131 1316 1185 καὶ
1348 1132 1500 1185 κάτω
1527 1132 1636 1186 τῶν
1664 1133 1836 1201 ἁγίων

253 1220 564 1290 πνευμάτων
595 1219 903 1292 διαδρομὴ,
936 1241 955 1275 ι
999 1224 1373 1294 πεμπομένων
1415 1225 1496 1288 είς
1534 1224 1836 1290 διακονίαν,

252 1313 331 1369 διά
368 1315 494 1377 τοὺς
527 1314 830 1384 μέλλοντας
884 1314 1244 1389 κληρονομεῖν
1293 1317 1595 1389 βασιλείαν.
1639 1337 1659 1372 ι
1710 1320 1839 1374 Ἐπ-

250 1405 526 1475 εστήρικτο
561 1403 625 1458 δὲ
658 1407 727 1477 τῇ
763 1405 996 1476 κλίμακι
1042 1407 1308 1480 Χριστὸς,
1335 1407 1412 1473 ὡς
1448 1410 1644 1481 μέχρις
1671 1409 1837 1465 αὐτοῦ

254 1495 546 1567 φθανόντων
570 1494 686 1550 τῶν
710 1497 885 1567 ἁγίων
904 1500 1257 1570 πνευμάτων,
1282 1500 1379 1555 καὶ
1407 1501 1572 1555 αὑτὸν
1604 1502 1838 1573 ἐχόντων

251 1586 334 1640 τὸν
360 1586 665 1658 ἐπιστάτην
689 1604 704 1620 ·
736 1589 836 1659 οὐχ
862 1589 938 1654 ὡς
967 1589 1098 1643 ὄντα
1122 1591 1242 1645 κατ’
1265 1590 1424 1657 αὐτὰ,
1457 1591 1573 1646 ἀλλ’
1597 1592 1674 1656 ὡς
1700 1592 1839 1647 Θεὸν

254 1679 338 1734 καὶ
356 1678 577 1750 Κύριον.
608 1679 756 1752 Ἔφη
789 1678 851 1733 δέ
879 1697 982 1752 που
1014 1682 1110 1736 καὶ
1136 1685 1165 1736 ὁ
1185 1682 1352 1738 Δαδὶδ
1370 1684 1645 1757 ἀνθρώπῳ
1670 1685 1838 1739 παντὶ

254 1770 324 1843 τῷ
344 1774 621 1825 κατοικεῖν
648 1772 893 1844 ἑλομένῳ
912 1773 972 1828 ἐν
994 1772 1222 1847 βοηθείᾳ
1249 1774 1637 1846 τοῦὙψίστου,
1662 1796 1682 1829 ι
1714 1778 1837 1832 Ὅτι

254 1866 351 1929 τοῖς
379 1864 645 1935 ἀγγέλοις
681 1865 851 1920 αὐτοῦ
873 1867 1171 1922 ἐντελεῖται
1209 1856 1341 1941 περὶ
1369 1868 1489 1935 σοῦ,
1523 1870 1619 1924 τοῦ
1645 1870 1838 1939 διαφυ-

253 1958 389 2025 λάξαι
442 1976 505 2014 σε
557 1961 627 2014 ἐν
675 1962 888 2027 πάσαις
937 1964 1063 2027 ταῖς
1093 1963 1236 2027 ὁδοῖς
1276 1980 1395 2019 σου.
1460 1963 1587 2035 Ἐπὶ
1637 1966 1838 2037 χειρῶν

257 2052 421 2124 ἀροῦσί
453 2069 551 2116 σε,
614 2053 832 2124 μήποτε
870 2054 1192 2127 προσκόψῃς
1235 2054 1374 2125 πρὸς
1398 2054 1549 2111 λίθον
1572 2056 1665 2111 τὸν
1702 2054 1840 2113 πόδα

264 2162 355 2200 σου.
392 2144 514 2199 Ἐπὶ
543 2145 763 2200 ἀσπίδα
805 2145 903 2200 καὶ
941 2144 1256 2217 βασιλίσκον
1303 2146 1568 2220 ἐπιϐήσῃ,
1607 2147 1702 2201 καὶ
1733 2164 1835 2202 κα-

168 2265 175 2273 ~
256 2240 563 2309 ταπατήσεις
608 2236 810 2291 λέοντα
855 2238 952 2292 καὶ
997 2237 1293 2310 δράκοντα.
1350 2254 1370 2291 ι
1424 2239 1837 2311 Πεπατήκαμεν

254 2328 345 2400 γάρ
370 2329 549 2383 ἐπάνω
576 2327 770 2399 ὄφεων
798 2328 893 2383 καὶ
922 2328 1226 2400 σκορπίων,
1276 2329 1373 2384 καὶ
1397 2329 1492 2384 ἐπὶ
1525 2331 1710 2384 πᾶσαν
1736 2330 1836 2400 τὴν

249 2419 455 2492 δύναμιν
480 2418 579 2474 τοῦ
634 2419 857 2492 ἐχθροῦ,
886 2419 1126 2493 Χριστοῦ
1151 2420 1387 2485 διδόντος
1416 2422 1518 2493 τὴν
1556 2421 1833 2489 ἐξουσίαν.

254 2511 405 2579 ’Δξιοι
450 2513 516 2588 δὴ
557 2508 663 2569 οὖν
708 2514 804 2567 καὶ
834 2513 1094 2578 θεοπτίας
1118 2515 1166 2568 οί
1213 2516 1273 2568 ἐν
1319 2513 1564 2586 Χριστῷ,
1605 2515 1699 2569 καὶ
1740 2512 1836 2569 τοῦ

248 2606 529 2663 διακείσθαι
568 2606 1005 2680 τεθαρρηκότως
1037 2607 1122 2660 ὅτι
1167 2607 1264 2660 καὶ
1321 2607 1577 2661 συνέσται
1621 2608 1715 2662 καὶ
1743 2609 1841 2661 ἐπα

248 2700 442 2772 αμυνεῖ,
472 2699 567 2755 καὶ
595 2697 862 2753 διασώσει
886 2697 1189 2770 πανταχοῦ,
1216 2699 1313 2754 καὶ
1348 2699 1664 2772 ἐγκάρπους
1700 2701 1838 2755 ἀπο-

249 2796 406 2865 φανεῖ.
445 2813 465 2847 ι
512 2792 656 2848 Ἰδοὺ
680 2793 792 2864 γὰρ
811 2791 949 2863 ἐγὼ,
976 2793 1132 2865 φησὶ,
1168 2791 1288 2863 μεθ’
1322 2792 1481 2865 ἡμῶν
1502 2795 1617 2866 εἰμι
1654 2795 1838 2859 πάσας

248 2887 333 2950 τὰς
356 2886 598 2959 ἡμέρας,
634 2886 742 2950 ἕως
778 2886 881 2957 τῆς
913 2884 1228 2950 συντελείας
1254 2885 1349 2941 τοῦ
1384 2887 1602 2952 αἰῶνος.
1637 2906 1656 2939 ι
1709 2888 1833 2942 Ὀτι

245 2976 295 3030 δὲ
316 2978 404 3031 καὶ
424 2977 886 3048 πεπλουτήκασιν
912 2978 960 3030 οί
993 2978 1257 3051 μακάριοι
1286 2977 1553 3050 μαθηταὶ,
1586 2982 1680 3035 καὶ
1706 2983 1837 3036 ἀνα-

250 3068 512 3141 ριθμήτων
544 3068 726 3124 ἐθνῶν
758 3070 1022 3138 γεγόνασι
1063 3071 1300 3143 πατέρες
1324 3110 1339 3134 ,
1368 3072 1428 3125 ἐν
1455 3071 1638 3126 πίστει
1670 3076 1736 3145 τῇ
1776 3074 1836 3127 ἐν

1937 575 1996 633 in
2034 582 2180 631 terra
2209 590 2324 630 non
2356 574 2470 629 sint
2500 571 2696 637 futuri,
2715 577 2772 626 at
2797 584 2931 626 vero
2964 567 3322 624 auxiliatores
3345 574 3402 621 et
3438 582 3531 623 so—

1940 668 2058 724 cios
2104 676 2327 724 sanctos
2362 666 2585 739 angelos
2632 663 2878 720 habituri
2923 677 3145 717 sursum
3181 676 3247 716 ac
3270 660 3531 724 deorsum

1940 768 2245 815 currentes.
2266 759 2358 814 Ait
2377 759 2523 814 enim
2553 756 2753 813 alicubi
2783 754 3038 812 Christus
3073 773 3081 783 -
3111 772 3129 805 ι
3155 752 3350 819 Amen,
3370 767 3532 808 amen
3558 780 3567 787 η

1940 850 2066 907 dico
2095 850 2256 907 vobis
2298 868 2311 905 :
2356 851 2555 906 amodo
2612 848 2877 906 videbitis
2918 847 3120 905 coelum
3154 855 3428 919 apertum,
3474 853 3534 903 et

1940 944 2165 1016 angelos
2195 943 2294 1000 Dei
2325 942 2688 999 ascendentes
2729 952 2787 998 et
2812 941 3215 998 descendentes
3248 956 3416 1012 supra
3436 940 3531 997 Fi-

1939 1037 2076 1093 lium
2099 1036 2343 1093 hominis
2365 1037 2433 1091 “.
2469 1056 2489 1090 ι
2532 1039 2670 1103 Hoc,
2697 1045 2761 1092 ut
2789 1036 3054 1101 arbitror,
3086 1040 3172 1090 est
3214 1034 3380 1099 scala,
3407 1049 3535 1090 san-

1939 1139 2157 1189 ctorum
2176 1131 2471 1203 spirituum
2509 1147 2731 1188 sursum
2763 1146 2829 1185 ac
2849 1130 3109 1185 deorsum
3132 1127 3529 1193 discursitatio,
3570 1181 3583 1196 ,

1940 1224 2035 1296 qui
2074 1243 2093 1276 ι
2130 1224 2428 1280 mittuntur
2461 1224 2519 1279 in
2544 1210 2914 1279 ministerium
2954 1228 3184 1291 propter
3203 1235 3300 1277 eos
3325 1219 3420 1290 qui
3441 1219 3532 1274 fu-

1941 1320 2052 1376 turi
2074 1326 2205 1375 sunt
2223 1318 2473 1375 haeredes
2493 1318 2648 1391 regni
2672 1318 2740 1372 θ’.
2769 1337 2789 1370 ι
2815 1317 3093 1373 Firmatus
3120 1324 3204 1372 est
3221 1323 3403 1371 autem
3434 1330 3532 1371 sus

1939 1426 2041 1483 per
2068 1412 2272 1467 scalam
2301 1410 2558 1467 Christus
2576 1410 2750 1467 veluti
2789 1409 2858 1466 ad
2895 1410 3077 1481 ipsum
3117 1423 3293 1479 usque
3318 1409 3534 1479 pertin-

1938 1502 2199 1575 gentibus
2236 1503 2442 1560 sanctis
2497 1493 2807 1575 spiritibus,
2856 1503 3151 1575 ipsumque
3199 1500 3536 1557 habentibus

1939 1597 2279 1669 prafectum,
2304 1614 2417 1654 non
2437 1597 2868 1653 utexsistentem
2889 1596 2957 1652 ad
2978 1596 3146 1668 ipsos,
3165 1594 3262 1650 sed
3283 1602 3346 1649 ut
3361 1593 3536 1648 Deum

1940 1705 2007 1746 ac
2037 1690 2352 1746 Dominum.
2397 1689 2616 1746 Alieubi
2662 1700 2848 1746 autem
2904 1688 3071 1746 refert
3118 1688 3286 1743 etiam
3337 1684 3530 1751 David,

1940 1783 2091 1839 omni
2112 1782 2327 1838 homini
2347 1782 2443 1854 qui
2481 1782 2733 1838 habitare
2765 1782 3008 1838 voluerit
3032 1781 3090 1835 in
3119 1779 3324 1835 auxilio
3361 1778 3533 1834 Altis-

1939 1876 2064 1931 simi
2102 1894 2115 1930 :
2155 1894 2174 1927 ι
2208 1873 2349 1942 Quia
2379 1875 2589 1947 angelis
2620 1875 2737 1931 suis
2760 1874 3023 1946 praecepit
3047 1873 3115 1928 de
3141 1881 3216 1938 te,
3248 1879 3310 1928 ut
3343 1879 3531 1927 custo-

1939 1969 2093 2025 diant
2121 1977 2173 2027 te
2195 1970 2253 2025 in
2284 1969 2543 2025 omnibus
2558 1969 2666 2025 viis
2695 1968 2827 2023 tuis.
2856 1967 2919 2022 In
2949 1965 3205 2021 manibus
3227 1965 3424 2020 tollent
3453 1972 3532 2028 te,

1938 2078 2009 2118 ne
2032 2061 2254 2132 quando
2277 2060 2526 2117 oﬂ’endas
2567 2060 2636 2116 ad
2661 2059 2902 2131 lapidem
2934 2058 3132 2130 pedem
3152 2065 3331 2113 tuum.
3354 2055 3535 2127 Super

1939 2151 2188 2222 aspidem
2227 2157 2285 2207 et
2341 2149 2664 2207 basiliscum
2715 2150 3047 2215 ambulabis,
3077 2158 3133 2206 et
3181 2148 3535 2205 conculcabis

1937 2243 2156 2299 leonem
2177 2251 2234 2300 et
2255 2243 2549 2300 draconem
2572 2244 2640 2299 ⁸³.
2675 2263 2693 2294 ι
2727 2243 3149 2299 Ambulavimus
3175 2244 3322 2298 enim
3365 2257 3534 2313 super

1939 2346 2226 2409 Serpentes
2267 2345 2323 2393 et
2357 2336 2696 2408 scorpiones,
2722 2345 2779 2393 et
2816 2351 2985 2408 super
3021 2351 3243 2393 omnem
3283 2342 3532 2407 potesta-

1938 2437 2050 2486 tem
2074 2430 2308 2496 inimici,
2338 2429 2503 2487 dante
2526 2429 2750 2485 Christo
2778 2436 3127 2500 potestatem.
3154 2428 3311 2500 Digni
3349 2428 3535 2501 itaque

1937 2523 2105 2580 etiam
2148 2522 2341 2577 divino
2382 2529 2631 2593 aspectu,
2678 2520 2774 2592 qui
2807 2520 2865 2575 in
2905 2519 3159 2587 Christo,
3209 2528 3382 2593 utque
3425 2520 3534 2577 sibi

1938 2624 2093 2671 certo
2116 2614 2504 2687 polliceantur,
2532 2614 2713 2686 ipsum
2743 2612 2812 2668 iis
2841 2611 3159 2668 adfuturum
3183 2621 3348 2683 atque
3373 2612 3536 2668 auxi-

1937 2707 2223 2774 liaturum,
2269 2715 2329 2762 et
2357 2705 2540 2762 ubivis
2580 2705 2939 2771 salvaturum,
2981 2703 3404 2775 fructuososque
3431 2703 3534 2760 de-

1937 2800 2293 2856 claraturum.
2324 2818 2343 2851 ι
2375 2798 2517 2855 Ecce
2551 2799 2700 2854 enim
2724 2812 2846 2870 ego,
2874 2794 3072 2868 inquit,
3100 2796 3388 2852 vobiscum
3410 2811 3533 2852 sum

1938 2895 2199 2950 omnibus
2240 2894 2439 2949 diebus
2505 2907 2682 2964 usque
2727 2892 2796 2948 ad
2848 2891 3379 2948 consummationem
3429 2906 3535 2947 sa:-

1939 2988 2132 3046 culi”.
2164 3008 2182 3041 ι
2223 2986 2383 3056 Quod
2419 3003 2551 3043 vero
2591 2985 2752 3041 ditati
2797 2985 2910 3040 sint
2950 2984 3098 3040 beati
3138 2982 3419 3054 discipuli,
3478 2990 3535 3037 et

1939 3080 2431 3137 innumerabilium
2466 3078 2713 3151 gentium
2757 3085 2944 3147 patres
2972 3076 3082 3131 sint
3111 3074 3315 3157 effecti,
3348 3075 3406 3129 in
3425 3072 3534 3129 ﬁde

246 3163 448 3236 Χριστῷ
484 3163 641 3231 λέγω
670 3201 686 3229 ,
736 3163 833 3218 καὶ
860 3162 936 3227 ὡς
964 3163 1024 3216 ἐν
1059 3164 1313 3235 γεννήσει
1342 3167 1409 3237 τῇ
1438 3170 1784 3238 πνευματικῇ
1812 3210 1827 3234 ,

1941 3175 1994 3231 in
2017 3175 2260 3241 Christo,
2276 3175 2524 3245 inquam,
2542 3187 2607 3227 ac
2622 3171 2791 3227 veluti
2815 3171 2871 3225 in
2899 3169 3257 3242 generatione
3277 3167 3532 3239 spiritali,

247 3257 394 3311 παντί
418 3274 523 3311 που
555 3256 745 3327 δῆλον,
778 3255 992 3310 Παύλου
1023 3256 1278 3326 λέγοντος
1307 3258 1581 3330 ἐναργῶς,
1617 3263 1733 3325 τοῖς
1762 3260 1833 3314 δι’

245 3348 393 3405 αὑτοῦ
420 3349 817 3405 πιστεύσασινσ
852 3368 874 3401 ι
910 3349 1032 3403 Ὀτι
1063 3349 1167 3404 κᾶν
1191 3351 1420 3423 μυρίους
1451 3352 1836 3422 παιδαγωγοὺς

247 3443 393 3515 [mea
416 3448 475 3499 ἐν
496 3441 748 3517 Χριστῷ,
776 3442 897 3498 ἀλλ’
926 3443 989 3497 οὐ
1025 3443 1259 3508 πολλοὺς
1298 3445 1563 3517 πατέρας.
1601 3447 1691 3500 Ἐν
1726 3448 1836 3519 γάρ

245 3535 450 3608 Χριστῷ
489 3534 675 3606 Ἰησοῦ
695 3576 711 3601 ,
752 3534 844 3589 διὰ
872 3534 968 3589 τοῦ
995 3536 1334 3606 Εὑαγγελίου
1369 3535 1482 3606 ἐγὼ
1506 3538 1651 3609 ὑμᾶς
1685 3539 1838 3607 ἐγέν-

249 3644 391 3698 νησα.
427 3648 446 3681 ι
475 3629 683 3698 Γέγονε
719 3628 902 3682 τοίνυν
931 3627 1113 3684 αὐτῶν
1136 3628 1198 3682 τὸ
1220 3628 1464 3701 σπέρμα,
1488 3631 1837 3702 ταῖςᾰμμοις

250 3720 539 3793 ἰσάριθμον.
584 3719 913 3773 Ἐκτὲταται
943 3717 1000 3771 δὲ
1026 3718 1123 3772 καὶ
1162 3718 1245 3783 εἰς
1278 3718 1507 3783 ἀκτῖνας
1539 3720 1638 3773 καὶ
1659 3718 1835 3786 δύσιν,

248 3812 332 3866 καὶ
358 3811 504 3881 δεξιά
533 3811 637 3867 καὶ
674 3809 964 3882 εὐώνυμαο
998 3810 1154 3865 νότον
1198 3809 1265 3882 δὴ
1292 3811 1439 3880 λέγω
1468 3812 1563 3865 καὶ
1607 3810 1833 3885 βορρᾶν.

261 3906 383 3961 Ἀλλ’
409 3903 477 3978 ἦν
512 3906 609 3961 καὶ
638 3907 667 3960 ὁ
692 3904 843 3969 λίθος
871 3904 950 3968 ὡς
983 3904 1041 3957 ἐν
1069 3903 1227 3975 τύπῳ
1251 3902 1493 3976 Χριστοῦ
1525 3902 1838 3975 τιμώμενος

250 4002 335 4054 καὶ
370 3999 874 4071 ἀναστηλούμενος,
918 3998 977 4051 ἐν
1017 3997 1188 4068 ἐλαίῳ
1230 4013 1293 4050 τε
1335 3996 1677 4067 δεδευμένος.
1724 3996 1837 4051 Κέ-

248 4110 448 4165 χρισται
477 4093 593 4165 γὰρ
645 4090 816 4163 παρὰ
848 4089 944 4143 τοῦ
977 4088 1116 4144 Θεοῦ
1147 4090 1244 4143 καὶ
1289 4089 1507 4162 Πατρδς
1551 4092 1579 4144 ὁ
1621 4091 1836 4162 Ἐμμπ.

248 4187 428 4259 νουὴλ,
463 4206 482 4239 ι
535 4188 724 4241 ἔλαιον
759 4184 1140 4254 ἀγαλλιάσεως
1191 4184 1348 4253 παρᾶ
1390 4183 1519 4247 τοὺς
1574 4185 1838 4256 μετόχους

249 4279 420 4335 αὐτοῦ.
461 4300 481 4333 ι
522 4279 867 4349 Ἐγήγερται
890 4276 948 4331 δὲ
977 4277 1068 4329 καὶ
1096 4277 1161 4329 ἐκ
1191 4276 1424 4346 νεκρῶν,
1454 4275 1632 4329 καίτοι
1666 4292 1839 4329 κατα-

249 4373 483 4441 ϐεϐηκὼς
525 4371 816 4442 ἐθελοντὴς
864 4372 944 4434 εἰς
989 4369 1242 4423 θάνατον.
1288 4370 1398 4422 Καὶ
1436 4369 1615 4433 τοῦτο,
1659 4365 1832 4441 οἶμαι,

248 4465 351 4520 ἔστι
381 4468 439 4521 τὸ
467 4464 884 4535 ἀνεπηλῶσθαι
915 4462 1007 4515 τὸν
1046 4460 1212 4515 λίθον.
1273 4459 1623 4531 Κηρύττεται
1665 4460 1722 4514 δὲ
1745 4462 1839 4515 καὶ⁴

1939 3270 2115 3326 cuivis
2141 3268 2494 3324 manifestum
2517 3273 2624 3331 est,
2663 3264 2883 3320 dicente
2929 3262 3218 3319 manifeste
3240 3261 3412 3317 Paulo
3457 3260 3528 3317 iis

1937 3363 2033 3434 qui
2048 3376 2158 3432 per
2190 3361 2371 3432 ipsum
2394 3358 2785 3415 crediderunt:
2819 3374 2838 3407 ι
2865 3354 3005 3422 Quia
3041 3352 3148 3409 etsi
3176 3353 3325 3409 mille
3350 3350 3537 3423 paeda-

1940 3468 2110 3526 gogos
2134 3450 2409 3507 habuistis
2451 3449 2509 3503 in
2536 3447 2781 3512 Christo,
2818 3453 2876 3501 at
2916 3461 3028 3502 non
3070 3444 3278 3501 multos
3326 3450 3534 3515 patres.

1939 3546 2074 3602 Nam
2100 3545 2157 3600 in
2194 3543 2417 3600 Christo
2470 3542 2603 3599 Jesu
2643 3556 2744 3612 per
2770 3536 3130 3611 Evangelium
3171 3551 3275 3607 ego
3307 3551 3407 3592 vos
3444 3549 3537 3607 ge-

1938 3637 2125 3693 nui”.
2164 3656 2183 3688 ι
2218 3636 2444 3691 Factum
2472 3632 2641 3705 igitur
2659 3638 2744 3686 est
2774 3644 2967 3686 eorum
2997 3643 3187 3684 semen
3219 3625 3405 3682 arenis
3428 3641 3535 3681 nu-

1939 3744 2094 3786 mero
2113 3729 2343 3799 aequale,
2377 3733 2851 3797 propagatumqne
2880 3719 2935 3776 in
2971 3729 3155 3775 ortum
3178 3726 3234 3775 et
3255 3733 3535 3786 occasum,

1940 3822 1997 3876 in
2018 3820 2209 3876 dextra
2237 3827 2294 3875 et
2320 3817 2564 3884 sinistra,
2583 3815 2638 3869 in
2664 3822 2939 3879 austrum,
2962 3806 3213 3883 inquam,
3242 3819 3300 3866 et
3320 3810 3536 3881 aquilo-

1939 3928 2087 3969 nem.
2122 3911 2395 3968 Cazterum
2430 3916 2551 3964 erat
2573 3908 2741 3963 etiam
2777 3905 2918 3975 lapis
2944 3904 3113 3961 veluti
3143 3903 3201 3958 in
3227 3912 3356 3975 typo
3371 3902 3537 3959 Chri-

1941 4008 2010 4064 sti
2036 4007 2344 4062 honoratus
2365 4011 2424 4059 et
2455 4011 2694 4066 erectus,
2719 3999 2953 4069 oleoque
2996 3997 3301 4056 delibutus.
3324 3996 3541 4056 Unctns

1939 4100 2089 4155 enim
2121 4106 2207 4154 est
2245 4112 2277 4153 a
2301 4097 2415 4151 Deo
2440 4109 2505 4150 ac
2526 4094 2692 4149 Patre
2728 4090 3057 4146 Emmanuel
3085 4108 3105 4142 ι
3141 4088 3264 4145 oleo
3288 4089 3537 4145 exsulta-

1941 4191 2108 4245 tionis
2120 4203 2236 4259 pra:
2251 4186 2602 4244 consortibus
2623 4182 2739 4240 suis
2760 4184 2828 4251 ";
2856 4202 2876 4235 ι
2904 4183 3202 4239 suscitatus
3220 4197 3355 4238 vero
3370 4183 3537 4239 etiam

1941 4299 1971 4338 a
2003 4282 2260 4344 mortuis,
2285 4278 2502 4336 etiamsi
2523 4293 2622 4333 sua
2638 4285 2834 4348 sponte
2864 4274 3151 4331 descendit
3174 4273 3243 4328 ad
3279 4283 3536 4329 mortem.

1940 4375 2120 4445 Atque
2141 4374 2298 4444 117
2337 4372 2463 4437 hoc,
2515 4377 2578 4425 ut
2614 4369 2879 4434 arbitror,
2909 4376 3017 4434 est,
3040 4374 3287 4423 erectum
3311 4381 3435 4422 esse
3452 4367 3537 4421 la-

1942 4467 2148 4539 pidem.
2198 4463 2536 4521 Praedicator
2578 4468 2765 4516 autem
2803 4460 2970 4538 etiam
3014 4474 3116 4530 per
3144 4468 3365 4513 sanctos
3406 4472 3540 4527 apo-

249 4560 326 4615 διά
362 4561 469 4616 τῶν
506 4531 685 4630 ἁγίων
725 4555 1044 4613 ἀποστόλων
1091 4556 1120 4608 ὁ
1158 4554 1364 4627 Κύριος
1413 4554 1570 4626 ἡμῶν
1631 4553 1837 4625 Ἰησοῦς

1943 4531 2114 4614 stolas
2138 4554 2407 4611 Dominus
2431 4560 2622 4607 noster
2657 4532 3127 4613 Jesulehristus,
3159 4553 3222 4602 ut
3263 4554 3464 4606 unctus
3506 4561 3538 4601 a

249 4652 490 4722 Χριστὸς,
524 4654 602 4717 ὡς
626 4649 991 4722 κεχρισμένος
1014 4650 1168 4719 παρά
1191 4648 1406 4718 Πατρὸς
1431 4649 1488 4699 ὲν
1512 4648 1653 4719 ἀγίιρ
1677 4646 1843 4703 Πνεῦ-

256 4760 369 4815 ματι
398 4744 493 4799 καὶ
526 4741 910 4815 ἐγηγερμένος
942 4742 1008 4793 ἐκ
1057 4738 1291 4810 νεκρῶν.
1320 4740 1397 4792 Δι’
1427 4732 1488 4793 οὗ
1520 4740 1616 4793 καὶ¹
1639 4738 1760 4811 μεθ’
1780 4734 1841 4796 οῦ

1941 4652 2106 4708 Patre
2134 4649 2193 4704 in
2212 4655 2404 4704 sancto
2429 4646 2664 4718 Spiritu,
2690 4654 2748 4702 et
2766 4644 3040 4700 excitatus
3074 4656 3103 4696 a
3130 4639 3368 4695 mortuis
3396 4657 3408 4692 :
3441 4653 3542 4709 per

1942 4757 2130 4815 quem,
2166 4748 2223 4796 et
2254 4755 2380 4796 cum
2405 4754 2516 4810 quo
2561 4737 2675 4791 Deo
2702 4750 2767 4790 ac
2796 4732 2947 4790 Patri
2995 4731 3168 4804 gloria
3205 4738 3262 4787 et
3291 4728 3546 4801 potentia

253 4837 320 4907 τῷ
338 4837 452 4909 Θεῷ
480 4838 576 4893 καὶ
606 4836 784 4908 Πατρὶ
812 4835 847 4906 ή
876 4834 1005 4900 δόξα
1030 4835 1126 4889 σὺν
1149 4832 1289 4906 ἁγίῳ
1312 4831 1592 4906 Πνεῦματι
1618 4836 1701 4899 εἰς
1715 4834 1837 4899 τοὺς

1943 4850 2070 4891 cum
2095 4841 2283 4889 sancto
2309 4830 2516 4902 Spiritu
2554 4829 2611 4885 in
2636 4827 2836 4884 saecula
2860 4825 3206 4881 saeculorum.
3232 4822 3432 4876 Amen.
3460 4866 3470 4880 .

254 4929 437 4997 αἰῶνας
460 4916 573 4985 τῶν
603 4928 838 4984 αἰώνων.
884 4928 1082 4999 Ἀμήν.

489 5073 617 5126 Ἔτι
642 5069 777 5140 περὶ
804 5068 913 5124 τοῦ
940 5044 1313 5139 πατριάρχου
1352 5066 1579 5123 Ἰακώϐ.

317 5192 383 5241 α’.
408 5186 483 5241 Τὸ
512 5184 676 5240 θείων
707 5184 861 5256 ἡμᾶς
904 5183 1154 5252 ἐφίεσθαι
1187 5183 1363 5252 λόγων
1384 5225 1400 5252 ,
1445 5185 1540 5239 καὶ
1568 5185 1728 5258 διψᾷν
1757 5186 1841 5240 ὅτι

259 5274 480 5344 μάλιστα
509 5274 573 5328 τὸ
600 5274 841 5347 χρηστόν
868 5290 925 5327 τι
955 5274 1152 5345 μαθεῖν
1171 5314 1188 5339 ,
1226 5274 1309 5328 ὅτι
1340 5275 1560 5328 πάντων
1593 5276 1838 5348 ἄριστον,

260 5367 345 5422 καὶ
361 5371 478 5432 ταῖς
498 5369 771 5423 ἀνωτάτω
794 5366 999 5438 ψήφοις
1021 5367 1472 5439 ἐστεφανωμένον
1501 5370 1655 5441 παρὰ
1679 5369 1840 5437 Θεοῦ,

262 5457 366 5524 πῶς
394 5459 461 5514 ἂν
491 5459 791 5516 ἐνδοιάσειέ
820 5476 938 5525 τις;
979 5459 1167 5525 Ἄξιον
1197 5458 1256 5513 δὲ
1283 5460 1365 5513 ὅτι
1392 5460 1488 5515 τοῦ
1520 5464 1720 5527 παντὸς
1752 5462 1844 5517 λό-

264 5566 350 5618 γου
385 5552 445 5607 τὸ
474 5554 665 5625 χρῆμά
710 5556 834 5608 ἐστι
867 5553 964 5607 καὶ
992 5553 1132 5625 πρὸς
1177 5554 1478 5622 ἀναγκαῖον
1518 5557 1653 5627 ἡμῖν
1691 5558 1846 5610 ἐκτε-

2298 5062 2540 5137 Amplius
2564 5061 2628 5116 de
2663 5058 2971 5131 patriarcha
2996 5056 3179 5112 Iacob.

2018 5185 2041 5239 ί
2056 5179 2229 5250 .Quod
2238 5178 2462 5249 quidem
2473 5177 2634 5247 longe
2646 5173 3156 5246 praestantissimum
3166 5214 3180 5238 ,
3194 5171 3541 5244 maximeque

1940 5276 2055 5331 Deo
2080 5281 2295 5345 gratum
2321 5269 2393 5324 sit
2411 5267 2630 5324 divinos
2650 5280 2936 5323 sermones
2954 5274 3234 5337 expetere,
3255 5272 3313 5322 et
3332 5267 3544 5338 optima

1944 5381 2177 5440 quaeque
2220 5365 2437 5421 discere
2469 5360 2634 5427 velle,
2670 5376 2782 5432 quo
2812 5367 2974 5431 pacto
3018 5359 3261 5431 cuipiam
3306 5360 3543 5417 dubium

1945 5476 2067 5517 esse
2094 5457 2300 5530 possit?
2324 5454 2482 5522 Quod
2502 5469 2638 5510 vero
2659 5468 2751 5509 res
2764 5452 2884 5509 haec
2905 5454 3129 5508 maximi
3161 5462 3246 5508 est
3268 5451 3541 5517 facienda,

1948 5560 2115 5624 atque
2138 5549 2208 5606 ad
2237 5547 2430 5603 utilem
2460 5544 2623 5602 tinem
2651 5560 2754 5601 nos
2797 5544 3125 5611 deductura,
3150 5544 3399 5599 Salvator
3424 5541 3542 5612 ipse

264 5640 496 5718 λευτήσει
523 5649 735 5723 πέρας,
769 5647 867 5704 καὶ
899 5647 1062 5712 αὐτὸς
1096 5648 1246 5719 ἡμᾶς
1289 5648 1786 5721 πεπληροφόρηκεν
1819 5652 1837 5704 ἐ

1952 5651 2186 5703 testatur
2230 5640 2305 5697 ita
2356 5638 2584 5695 dicens:
2617 5656 2636 5689 ι
2665 5635 2856 5694 Simile
2886 5644 2973 5693 est
3004 5649 3235 5706 regnum
3274 5632 3540 5688 caelorum

403 5788 560 5881 12a“.
599 5808 637 5862 ι,
672 5763 781 5851 51..
843 5793 890 5827 ’³
932 5791 1102 5881 Hebr.
1132 5766 1170 5861 ὲ,
1202 5791 1286 5848 Ιιί.
1366 5790 1579 5849 "Psal.
1607 5806 1694 5859 xc,
1729 5790 1837 5848 ii-‘

1998 5786 2045 5821 νδ
2082 5782 2272 5842 Matth.
2310 5788 2499 5848 xx‘vm,
2537 5777 2626 5834 20.
2727 5776 2818 5832 "l
2857 5775 2988 5833 Cor.
3028 5790 3101 5841 ιν,
3139 5771 3224 5829 15.
3314 5770 3361 5804 ’⁸
3389 5766 3538 5831 Ρειι.

274 5870 400 5927 ιιιν,
431 5858 483 5916 8.
