4034 6452
494 331 589 388 illi.

1506 334 1563 390 S.
1602 336 1879 392 CYRILLI
1921 338 2399 398 ALEXANDle
2437 342 2761 401 ARCHIEP.

3673 357 3768 414 19‘!

490 444 700 502 homini
730 444 1083 517 negotiatori,
1111 448 1376 517 quaerenti
1416 447 1590 503 bonas
1615 449 1957 519 margaritas.
1992 450 2067 505 ln-

2191 453 2383 526 Σωτὴρ
2414 453 2559 510 οὕτω
2588 457 2763 526 λέγων
2782 473 2795 486 ⁸
2834 476 2853 509 ι
2911 457 3104 530 Ὁμοία
3130 461 3283 518 ἐστὶν
3313 463 3348 535 ἡ
3389 461 3631 534 βασιλεία
3666 472 3769 529 τὸν

486 545 652 594 venta
673 546 857 593 autem
886 554 995 593 una
1031 539 1271 607 pretiosa
1290 539 1607 610 margarita,
1642 540 1781 595 abiit
1807 549 1866 596 et
1897 540 2088 597 vendi-

490 629 573 684 dit
613 631 799 687 omnia
820 648 943 702 qua:
969 632 1228 696 habebat,
1271 641 1327 686 et
1366 632 1501 686 emit
1522 648 1644 687 eam
1669 634 1738 687 ’7.
1779 652 1798 685 ι
1825 633 2089 690 Necessa-

493 720 635 775 rium
668 722 834 793 igitur
860 731 945 777 est
986 724 1158 792 quaeri
1183 724 1339 794 prius
1368 740 1399 778 a
1423 724 1586 779 nobis
1612 724 1787 780 bonas
1815 726 2084 797 margari-

493 820 592 865 tas.
616 811 697 866 Ita
725 813 873 866 enim
900 813 1247 869 inveniemus
1266 830 1431 869 unam
1454 831 1519 870 ac
1545 816 1840 886 pretiosam
1867 833 2083 890 marga-

488 904 671 969 ritam,
698 905 801 960 hee
829 913 932 970 est,
956 906 1259 962 Christum.
1289 907 1549 974 Quaenam
1585 919 1770 965 autem
1794 911 1907 966 sint
1924 911 2084 969 bonae

490 996 814 1066 margaritte,
853 1006 909 1053 et
930 1014 1165 1067 quarum
1216 1001 1457 1070 pretiosa
1496 1010 1582 1056 est
1610 1003 1906 1072 possessio,
1944 1019 2082 1074 quas

486 1088 781 1155 quaerendo
821 1105 986 1144 unam
1029 1090 1180 1145 illam
1224 1092 1559 1157 invenimus,
1584 1093 1819 1149 dixerim
1852 1097 2080 1152 omnino

485 1186 703 1234 sanctos
726 1196 868 1248 esse,
896 1182 964 1236 de
1000 1183 1203 1253 quibus
1234 1184 1443 1240 dictum
1485 1194 1568 1241 est
1593 1202 1692 1256 per
1724 1202 1915 1243 vocem
1948 1204 2078 1258 pro-

483 1269 695 1338 phetaa:
731 1292 749 1325 ‹
790 1274 1025 1345 Lapides
1050 1278 1223 1332 sancti
1247 1279 1543 1333 volvuntur
1568 1294 1734 1348 super
1748 1288 1953 1335 terram
1971 1282 2069 1335 θ’.»

484 1358 869 1435 investiganda
894 1366 1079 1435 itaque
1130 1377 1259 1422 sunt
1298 1369 1624 1441 diligenter,
1665 1386 1791 1440 quae
1816 1371 1884 1426 de
1931 1387 2075 1427 uno—

483 1464 704 1518 quoque
726 1454 1002 1523 praecipue
1032 1466 1278 1511 veterum
1302 1458 1448 1512 dicta
1475 1468 1531 1514 et
1557 1458 1698 1514 facta
1728 1460 1839 1514 sint
1872 1479 1886 1516 :
1915 1461 2075 1518 vide-

484 1540 669 1595 bimus
706 1542 854 1597 enim
884 1545 940 1598 in
965 1545 1074 1602 illis
1105 1547 1274 1605 altum
1318 1549 1600 1619 religionis
1643 1559 1845 1607 nostra:
1865 1561 2072 1625 myste-

483 1631 649 1695 rium,
693 1633 798 1688 hoc
834 1643 919 1690 est
966 1636 1269 1705 Christum,
1317 1640 1489 1695 veluti
1522 1641 1578 1695 in
1610 1642 1748 1713 typis
1793 1645 2072 1714 sapienter

390 1752 396 1757 -
482 1722 891 1793 artiﬁcioseque
941 1726 1351 1784 adumbratum.
1399 1730 1748 1788 Inveniemus
1804 1743 2068 1804 praeterea

481 1809 654 1864 divini
696 1814 913 1868 consilii
960 1815 1253 1883 rationem,
1311 1817 1629 1876 difﬁcultate
1668 1808 1891 1892 quidem
1933 1841 2077 1883 non-
2109 1808 2149 1863 Β

479 1899 630 1954 nulla
650 1902 973 1971 involutam,
988 1908 1084 1962 sed
1107 1924 1218 1963 non
1234 1909 1291 1963 in
1312 1911 1634 1967 universum
1649 1915 1943 1971 obscuram
1956 1919 2077 1989 ejus

478 1989 931 2051 declarationem.
985 1998 1062 2053 De
1106 1999 1276 2054 Jacob
1303 2000 1489 2072 itaque
1529 2020 1750 2060 rursum
1781 2023 1965 2064 sermo
1985 2010 2075 2064 in-

476 2082 756 2149 stituetur,
785 2094 841 2140 et
868 2102 979 2157 quo
1004 2098 1166 2159 pacto
1187 2099 1358 2146 totam
1386 2093 1556 2149 vitam
1582 2099 1909 2169 transegerit
1945 2086 2077 2171 per;

476 2187 791 2243 sequemur,
815 2179 1094 2251 totiusque
1115 2186 1454 2251 (nconomiaa,
1473 2190 1806 2260 evangelicae
1823 2192 2071 2264 inquam,

474 2264 705 2335 ﬁguram
744 2270 918 2325 veluti
948 2273 1002 2326 in
1026 2274 1144 2344 ipso
1183 2276 1253 2330 ob
1293 2278 1485 2332 oculos
1505 2282 2071 2350 ponemus;ﬂoridis-

474 2356 646 2411 simos
674 2375 924 2432 quosque
945 2364 1189 2422 historiae
1207 2385 1391 2425 ramos
1432 2371 1607 2427 instar
1634 2389 1798 2444 apum
1826 2379 2071 2446 pervoli-

476 2455 672 2511 tantes,
696 2459 752 2505 et
771 2453 919 2521 quod
944 2455 999 2509 in
1026 2457 1259 2528 singulis
1281 2461 1629 2518 conducibile
1646 2465 1834 2534 fuerit,
1860 2469 1931 2523 ad
1955 2486 2073 2526 ser-

473 2540 654 2595 monis
673 2544 1094 2612 explicationem
1128 2551 1541 2609 transferentes.
1571 2556 1628 2610 Si
1663 2574 1797 2614 vero
1819 2576 1932 2616 non
1954 2579 2073 2619 om-

470 2629 562 2683 nia
593 2631 657 2683 ad
703 2636 1224 2705 contemplationem
1278 2642 1664 2713 traducuntur,
1695 2664 1858 2704 nemo
1890 2650 2069 2708 oﬂ‘en-

473 2717 656 2785 datur,
722 2722 856 2777 illud
912 2740 1101 2780 secum
1142 2730 1391 2801 cogitans
1432 2734 1580 2802 quod
1633 2740 1896 2795 nonnulla
1940 2752 2070 2800 sunt

470 2810 693 2880 propria
754 2816 1160 2884 quodammodo
1188 2836 1404 2889 eorum,
1439 2826 1601 2897 118
1647 2844 1769 2898 qua:
1805 2831 2067 2891 historice

469 2900 613 2956 facta
638 2914 767 2960 sunt
808 2911 1109 2966 :nonnulla
1140 2929 1271 2969 vero
1310 2914 1376 2969 ad
1401 2916 1695 2976 interiores
1733 2937 1928 2980 sensus
1942 2941 2067 2996 per-

469 2992 666 3062 tinent,
688 3005 745 3053 et
774 2999 844 3053 ad
873 3004 1121 3073 mysterii
1150 3004 1261 3060 vim
1299 3008 1778 3069 transformantur.

536 3269 591 3323 2.
614 3269 892 3344 Scriptum
914 3275 1096 3347 itaque
1110 3296 1330 3336 rursum
1353 3291 1437 3338 est
1463 3284 1534 3339 ita
1563 3303 1575 3339 :
1604 3287 1916 3347 «Profectus
1938 3310 2070 3350 vero

466 3361 635 3418 Jaeob
664 3365 797 3421 abiit
820 3366 876 3420 in
907 3376 1111 3423 terram
1136 3369 1381 3427 Orientis
1415 3375 1483 3429 ad
1522 3377 1732 3445 Laban,
1770 3381 1941 3436 tilium
1964 3384 2067 3440 Ba-

384 3451 395 3462 '
470 3454 676 3510 thuelis
701 3456 844 3529 Syri,
865 3458 1092 3515 fratrem
1116 3463 1399 3530 Reheccw,
1425 3470 1617 3524 matris
1635 3471 1804 3527 Jacob
1831 3484 1885 3529 et
1902 3476 2064 3532 Esau:

467 3556 525 3602 ct
553 3549 722 3615 videt,
752 3559 809 3604 et
829 3567 957 3606 ecce
992 3564 1193 3623 puteus
1224 3557 1280 3610 in
1328 3574 1477 3629 agro.
1527 3563 1694 3620 Erant
1741 3575 1924 3623 autem
1957 3570 2068 3629 illic

467 3649 584 3694 tres
604 3657 798 3713 greges
815 3644 1001 3697 ovium
1028 3648 1441 3717 requiescentes
1463 3654 1519 3707 in
1542 3671 1627 3710 eo.
1653 3658 1788 3713 Nam
1808 3677 1875 3730 (δί
1896 3675 2066 3733 puteo

466 3730 562 3784 illo
585 3731 1005 3800 adaquahantur
1032 3751 1252 3806 pecora.
1276 3739 1440 3815 Lapis
1480 3754 1662 3801 autem
1691 3730 1918 3822 magnus
1948 3765 2066 3811 erat

466 3838 636 3893 super
668 3841 731 3879 os
758 3828 931 3896 putei,
964 3839 1020 3883 et
1067 3836 1543 3905 congregabantur
1592 3841 1705 3898 illic
1738 3850 1920 3904 omnia
1962 3867 2061 3921 pe-

467 3930 616 3982 cora,
667 3925 723 3971 et
755 3920 1115 3977 revolvebant
1151 3924 1401 3994 lapidem.
1430 3931 1499 3985 ab
1520 3948 1616 3988 ore
1642 3939 1815 4005 putei,
1866 3949 1918 3997 et
1960 3920 2061 3998 ad-

467 4008 743 4076 aquabant
772 4025 922 4077 oves,
965 4022 1020 4068 et
1061 4032 1284 4071 rursum
1328 4025 1670 4091 reponebant
1696 4029 1936 4100 lapidem
1964 4053 2061 4090 su-

465 4113 648 4167 peros
686 4104 836 4171 putei
875 4108 932 4159 in
976 4107 1161 4163 locum
1209 4126 1392 4168 suum.
1437 4117 1585 4171 Dixit
1624 4128 1808 4178 autem
1843 4126 1953 4183 illis
1971 4129 2062 4185 Ja-

464 4189 600 4243 eob:
629 4191 868 4260 Fratres,
901 4199 1047 4255 unde
1077 4202 1212 4257 estis
1242 4205 1377 4259 vos?
1406 4207 1488 4263 Illi
1528 4221 1711 4268 autem
1753 4215 2013 4276 dixerunt
2042 4240 2055 4276 :

465 4280 542 4335 Ex
569 4280 835 4341 Charran.
866 4290 957 4343 Ait
997 4301 1180 4348 autem
1207 4296 1317 4352 illis
1355 4317 1368 4353 :
1418 4301 1696 4373 Numquid
1728 4311 2059 4379 cognoscitis

464 4373 649 4432 Laban
683 4378 853 4433 ﬁlium
882 4382 1136 4439 Naehor?
1177 4386 1260 4442 Illi
1300 4399 1480 4446 autem
1518 4373 2060 4473 dixeruntECogno-

2188 545 2430 616 οὐρανῶν
2457 547 2730 620 ἀνθρώπῳ
2768 550 2996 621 ἐμπόρῳ
3015 594 3029 616 ,
3062 551 3318 625 ζητοῦντι
3343 555 3544 625 καλοὺς
3575 579 3771 633 μαργα.

2190 639 2364 709 ρίτας.
2405 641 2500 704 ιὐς
2529 639 2705 711 εὑρὼν
2736 641 2835 696 ’ἐνα
2864 642 3161 754 πολιὸτιμον
3200 647 3582 721 μαργαρίτην,
3611 650 3777 754 ἀπελ(

2188 729 2296 783 θὼν
2327 730 2579 802 πέπρακε
2605 732 2784 786 πάντα
2811 735 2910 788 ὅσα
2934 731 3048 805 εἷχε
3064 779 3079 803 ,
3106 741 3201 791 καὶ
3241 739 3510 810 ἠγόρασεν
3535 744 3708 799 αὐτόν.
3740 729 3763 800 .‘

2199 819 2518 889 Ἀ’ναγκαίον
2565 822 2629 894 δὴ
2659 817 2752 876 οὖν
2784 823 3279 896 προαναζητεῖσθαι
3324 831 3455 901 παρ’
3486 833 3641 903 ⁴ἡμῶν
3667 852 3764 893 κα.-

2184 910 2309 974 λοὺς
2349 914 2717 985 μαργαρίτας.
2750 916 3071 987 [εὑρήσομεν
3108 918 3218 989 γὰρ
3257 920 3355 974 ὡδὶ
3417 921 3508 976 τὸν
3544 924 3638 977 ἕνα
3678 932 3767 980 καὶ

2184 1005 2478 1077 πολύτιμον
2505 1008 2871 1079 μαργαρίτην,
2898 1010 3168 1075 τουτέστι,
3207 1012 3463 1082 Χριστόν.
3493 1015 3603 1068 Kal
3626 1016 3766 1084 τίνες

2183 1099 2251 1152 ἂν
2283 1094 2391 1152 εἷεν
2416 1101 2464 1153 οἰ
2494 1101 2648 1153 καλοὶ
2688 1104 3044 1174 μαργαρῖται,
3084 1104 3175 1157 καὶ
3208 1104 3531 1177 ἁξιόληπτον
3561 1107 3766 1179 ἔχοντες

2153 1190 2373 1261 ·κτῆσιν
2412 1183 2485 1244 ὧν
2516 1193 2549 1262 ἡ
2584 1191 2831 1263 ζήτησις,
2860 1196 2940 1257 εἰς
2975 1194 3140 1264 μέσον
3173 1197 3296 1264 ἄγει
3335 1196 3427 1249 τὸν
3461 1197 3574 1262 ἕνα,
3606 1201 3767 1271 φαίης

2180 1284 2246 1340 ἂν
2281 1287 2458 1356 πάντη
2496 1302 2557 1338 τε
2592 1286 2687 1339 καὶ
2730 1286 2949 1350 πάντως
2988 1287 3038 1339 οἰ
3067 1286 3236 1354 ἆγιοι,
3283 1289 3409 1359 περὶ
3436 1282 3510 1342 ὧν
3555 1279 3765 1362 εἴρηται

2176 1378 2263 1433 διὰ
2295 1379 2580 1449 προφήτου
2629 1378 2838 1448 φωνῆς,
2887 1379 2971 1432 ὅτι
3023 1396 3042 1429 ι
3094 1379 3245 1432 Λίθοι
3286 1380 3433 1449 ἆγιοι
3480 1381 3764 1438 κυλιῶνται

2175 1470 2270 1522 ἐπὶ
2299 1471 2399 1540 τῆς
2436 1471 2560 1539 γῆς.
2607 1488 2626 1521 ι
2679 1468 3133 1523 Ἐκϐασανιστέον
3170 1469 3236 1542 δὴ
3290 1465 3385 1525 οὖν
3425 1468 3484 1525 εὖ
3517 1472 3659 1543 μάλα
3698 1475 3765 1529 τὰ

2176 1561 2261 1629 ἐφ’
2307 1561 2526 1632 ἑκάστῳ
2561 1560 2800 1631 μάλιστα
2840 1562 2949 1616 τῶν
2991 1563 3363 1635 ἀρχαιοτέρων
3405 1565 3671 1635 εἰρημένα
3708 1585 3766 1622 τε

2175 1653 2268 1705 καί¹
2297 1653 2689 1726 πεπραγμένα.
2722 1653 3089 1724 Κατοψόμεθα
3112 1654 3221 1725 γὰρ
3254 1655 3314 1708 ἐν
3338 1654 3525 1718 αὐτοῖς
3552 1655 3613 1708 τὸ
3633 1655 3763 1726 βαθὺ

2177 1743 2278 1813 τῆς
2306 1744 2591 1808 εὐσεϐείας
2618 1747 2914 1817 μυστήριον
2935 1787 2947 1809 ,
2979 1746 3263 1813 τουτέστι,
3297 1748 3538 1820 Χριστὸν
3557 1787 3573 1811 ,
3605 1748 3678 1812 ὡς
3710 1751 3767 1806 ἐν

2177 1835 2370 1900 τύποις
2423 1832 2504 1889 ἔτι
2551 1836 2732 1906 σοφῶς
2770 1837 2872 1891 οιαὶ
2914 1838 3178 1908 ἐντέχνως
3229 1838 3757 1911 σκιαγραφούμενον.

2178 1928 2501 2000 Εὑρήσομεν
2529 1928 2585 1982 δὲ
2617 1929 2754 2000 πρὸς
2778 1928 2973 2000 τούτῳ,
3013 1929 3106 1983 καὶ
3132 1928 3230 2001 τὴν
3269 1931 3327 1984 έν
3354 1929 3510 2002 αὺτῷ
3546 1932 3765 2002 νοουμέ-

2177 2038 2273 2089 νην
2294 2022 2608 2091 οἰκονομίαν
2627 2063 2643 2087 ,
2672 2021 2965 2090 ἁσαφείαις
3002 2021 3104 2093 μέν
3140 2038 3249 2076 τισι
3272 2023 3765 2094 κατεσκιασμένην,

2179 2112 2315 2184 πλὴν
2348 2113 2451 2167 οὐκ
2486 2115 2567 2178 εἰς
2595 2114 2741 2169 ἅπαν
2779 2114 3079 2185 ἀσυμφανῆ
3111 2114 3210 2186 τὴν
3243 2115 3592 2186 παράδειξιν.
3633 2116 3768 2186 Προ-

2174 2206 2417 2260 κείσεται
2443 2206 2500 2260 δέ
2532 2206 2610 2278 τῷ
2639 2206 2784 2278 λόγῳ
2816 2206 2910 2260 καὶ
2942 2206 3058 2272 νῦν,
3087 2206 3158 2260 τὰ
3185 2206 3324 2260 κατὰ
3361 2207 3459 2280 τὸν
3487 2207 3765 2261 θεσπέσιον

2187 2294 2405 2362 Ἰακὼϐ,
2434 2297 2582 2360 ὅπως
2608 2313 2669 2349 τε
2694 2297 2785 2351 καὶ
2818 2296 2938 2351 τίνα
2968 2298 3172 2370 τρόπον
3204 2298 3427 2366 διεϐίω,
3471 2299 3761 2365 λελέξεται.

2175 2390 2281 2442 Καὶ
2305 2389 2366 2442 τὸ
2393 2389 2580 2460 σχῆμα
2621 2390 2719 2460 τῆς
2755 2390 2887 2460 ὅλης
2918 2390 3252 2461 οἰκονομίας,
3280 2391 3430 2462 φημὶ
3456 2391 3523 2462 δὴ
3552 2390 3651 2462 τῆς
3677 2391 3765 2444 εὑ-

2172 2481 2487 2551 αγγελικῆς,
2519 2482 2594 2546 ὠς
2620 2482 2677 2537 ἐν
2710 2482 2861 2554 αὐτῷ
2899 2483 3267 2555 διαδείξομεν,
3299 2484 3367 2538 τὰ
3402 2485 3502 2556 τῆς
3530 2485 3766 2557 ῑστορίας

2171 2574 2538 2628 εὐανθέστατα
2576 2574 2844 2645 μελιττῶν
2888 2574 3045 2644 δίκην
3088 2575 3555 2647 περιιπτάμενοι,
3588 2575 3680 2629 καὶ
3704 2574 3766 2629 τδ

2172 2666 2254 2733 ἐφ’
2277 2666 2511 2720 ἑκάστου
2544 2666 2839 2736 χρήσιμον,
2873 2667 2954 2730 εἰς
2987 2666 3085 2736 τὴν
3114 2666 3208 2719 τοῦ
3245 2666 3409 2736 λόγου
3443 2665 3764 2738 διασάφησιν

2172 2755 2607 2825 συναγείροντες.
2664 2757 2730 2811 Εἰ
2776 2756 2832 2810 δὲ
2871 2756 2936 2826 δὴ
2995 2756 3071 2828 μὴ
3115 2757 3296 2812 πάντα
3336 2760 3466 2822 ταῖς
3516 2756 3765 2828 θεωρίαις

2168 2847 2494 2917 εἰσκρίνοιτο
2525 2828 2593 2900 τά
2620 2847 2750 2918 περὶ
2777 2846 2941 2900 αὑτοῦ
2972 2847 3358 2919 γεγραμμένα,
3396 2847 3765 2917 χαλεπαινέτω

2172 2938 2382 3008 μηδεὶς,
2410 2940 2586 2992 ἐκεῖνο
2619 2936 3098 3009 διενθυμούμενος,
3129 2938 3205 3002 ὡς
3235 2938 3302 2993 τὰ
3343 2940 3450 3010 μέν
3482 2942 3630 2994 ἐστιν
3663 2940 3768 2994 ἴδια

2168 3027 2368 3097 τρόπον
2397 3027 2540 3093 τινὰ,
2567 3027 2676 3081 τῶν
2708 3026 2998 3098 ἰστορικῶς
3029 3029 3357 3097 γεγονότων,
3394 3029 3466 3083 τὰ
3494 3030 3553 3083 δὲ
3582 3030 3675 3082 καὶ
3699 3028 3763 3082 δι’

2168 3119 2389 3175 ἐννοιῶν
2417 3121 2524 3174 τῶν
2557 3121 2819 3174 ἐσωτάτω
2847 3122 3034 3191 χωρεῖ,
3068 3120 3163 3176 καί
3196 3122 3277 3186 εἰς
3303 3121 3412 3193 τὴν
3438 3121 3535 3177 τοῦ
3571 3137 3769 3195 μυστη-

2174 3211 2289 3282 ρίου
2321 3212 2717 3285 διαμορφοῦται
2744 3210 3001 3282 δύναμιν.
3694 3226 3707 3235 ·

2243 3303 2307 3373 β’.
2338 3305 2656 3376 Γέγραπται
2683 3304 2861 3360 τοίνυν
2904 3304 3001 3358 ὡδὶ
3031 3304 3213 3371 πάλιν,
3246 3306 3398 3361 «Καὶ
3426 3305 3630 3378 ἐξάρας
3669 3305 3768 3359 Ἰα-

2170 3392 2286 3447 κὼϐ
2320 3395 2685 3462 τοὺςσπόδας,
2714 3395 2987 3467 ἐπορεύθη
3024 3397 3107 3458 εἰς
3138 3397 3241 3465 γῆν
3275 3396 3586 3463 ἀνατολῶν,
3637 3397 3770 3469 πρὸς

2169 3484 2355 3538 Λάϐαν
2402 3485 2493 3539 τὸν
2531 3485 2645 3539 υἰὸν
2700 3482 2948 3557 Βαθουὴλ
2994 3484 3092 3538 τοῦ
3156 3484 3366 3556 Σύρου,
3431 3487 3665 3558 ἀδελφὺν
3715 3486 3770 3540 δὲ

2179 3575 2474 3642 Ῥεϐέκκας
2512 3578 2723 3649 μητρὸς
2761 3576 2957 3632 Ἰακὼϐ
2997 3578 3092 3631 καὶ
3133 3564 3332 3631 Ἠσαῦ.
3364 3579 3482 3633 Καὶ
3515 3580 3638 3652 όρᾷ,
3675 3579 3766 3632 καὶ

2171 3668 2278 3723 ἰδοὺ
2310 3669 2490 3741 φρέαρ
2512 3670 2569 3723 ἐν
2598 3668 2677 3740 τῷ
2705 3669 2894 3741 πεδίῳ.
2924 3669 3035 3723 Kal.
3049 3664 3199 3740 ἦσαν
3225 3670 3346 3723 ἐκεῖ
3374 3671 3509 3742 τρία
3537 3670 3767 3743 ποίμνια

2167 3762 2454 3833 προϐάτων
2506 3761 2898 3830 ἀναπαυόμενα
2950 3760 3038 3813 ἐπ’
3093 3761 3283 3815 αὐτοῦ.
3348 3763 3451 3818 Ἐκ
3506 3763 3618 3834 γὰρ
3672 3758 3764 3815 τοῦ

2166 3853 2400 3926 φρέατος
2438 3853 2648 3907 ἐκείνου
2690 3852 2939 3916 ἐπότιζον
2986 3851 3057 3906 τὰ
3106 3852 3361 3922 ποίμνια.
3406 3852 3573 3917 Λίθος
3612 3853 3669 3905 δὲ
3701 3848 3766 3923 ἦν

2167 3946 2341 4018 μέγας
2379 3946 2472 3999 ἐπὶ
2498 3944 2577 4016 τῷ
2613 3944 2845 4015 στόματι
2888 3942 2983 3997 τοῦ
3025 3943 3284 4015 φρέατος,
3322 3944 3420 3998 καὶ
3468 3946 3767 4016 συνήγοντο

2164 4037 2281 4088 ἐκεῖ
2311 4036 2488 4088 πάντα
2528 4034 2596 4087 τὰ
2626 4033 2874 4103 ποίμνια,
2898 4034 2994 4087 καὶ
3034 4032 3330 4088 άπεκύλιον
3360 4034 3457 4089 τὸν
3489 4035 3639 4089 λίθον
3660 4033 3768 4088 ἀπὸ

2160 4127 2254 4180 τοῦ
2283 4126 2547 4197 στόματος
2567 4126 2661 4180 τοῦ
2687 4127 2921 4197 φρέατος
2939 4167 2955 4193 ,
2981 4126 3075 4179 καὶ
3101 4126 3356 4191 ἐπότιζεν
3393 4129 3467 4183 τά
3493 4125 3762 4197 πρόϐατα,

2161 4218 2255 4272 καὶ
2277 4218 2661 4271 ἅποκαθίστων
2682 4214 2771 4271 τὸν
2795 4217 2941 4271 λίθον
2969 4218 3063 4273 ἐπὶ
3085 4217 3148 4269 τὸ
3174 4218 3352 4289 στόμα
3377 4218 3476 4272 τοῦ
3503 4218 3761 4289 φρέατος,

2160 4312 2237 4376 εἰς
2276 4311 2365 4363 τὸν
2388 4310 2554 4363 τόπον
2588 4310 2773 4363 αὐτοῦ.
2814 4305 2951 4363 Εῐπε
2986 4309 3043 4363 δὲ
3079 4310 3263 4372 αὐτοῖς
3309 4308 3545 4365 Ἰακώϐ·
3587 4308 3766 4363 Ἀδελ-

2160 4404 2269 4472 φοί,
2295 4404 2459 4457 πόθεν
2482 4403 2606 4456 ἐστέ
2634 4404 2825 4472 ὑμείς;
2855 4404 2919 4457 Οί
2944 4403 3001 4456 δὲ
3025 4398 3198 4468 εἷπον,
3225 4403 3290 4455 ἐκ
3312 4403 3548 4475 Χαρράν
3576 4405 3762 4473 ἐσμεν.

430 4468 687 4524 ‘seimus.
738 4471 1036 4528 Aitautem
1072 4476 1228 4532 illis:
1276 4480 1444 4537 Estne
1487 4488 1695 4541 sanus?
1730 4489 1815 4544 Illi
1867 4468 2050 4548 autem

2171 4468 2227 4550 :0
2258 4496 2314 4550 δὲ
2345 4490 2499 4549 εἶπεν
2523 4468 2707 4558 αὑτοίς
2727 4510 2740 4523 ’
2776 4468 3084 4549 Γινώσκετε
3131 4493 3315 4548 Λάϐαν
3349 4468 3457 4548 τόν·
3493 4495 3611 4548 υἰὸν
3644 4468 3762 4547 Na-

462 4557 759 4615 dixerunt:
789 4564 966 4618 Sanus
992 4574 1094 4621 cst.
1118 4569 1185 4624 Et
1212 4587 1341 4627 ecce
1372 4575 1578 4631 Rachel
1613 4580 1723 4634 lilia
1755 4582 1874 4651 ejus
1898 4586 2055 4641 venit

2169 4590 2295 4661 ίώρς
2337 4590 2400 4642 Οἱ
2436 4588 2492 4642 δὲ
2522 4557 2703 4642 εἷπονζ
2736 4588 3105 4659 Γινώσκομεν.
3152 4589 3211 4642 ’0
3237 4588 3294 4641 δὲ
3327 4583 3489 4642 εἶπεν
3533 4588 3758 4651 αὐτοῖς’

461 4663 585 4701 eum
614 4650 813 4705 ovibus
841 4655 1013 4722 patris
1059 4659 1165 4713 sui.
1215 4662 1283 4717 Et
1311 4664 1450 4720 dixit
1492 4667 1573 4721 eis
1599 4650 1812 4726 Jacobi:
1854 4673 2053 4733 Adhuc

460 4740 694 4794 multum
721 4742 829 4796 diei
855 4757 1126 4815 superest,
1150 4767 1252 4806 nec
1275 4764 1359 4808 est
1392 4762 1607 4826 tempus
1627 4767 1687 4813 ut
1719 4761 2052 4823 reducantur

459 4831 524 4883 ad
550 4834 733 4888 caulas
755 4850 963 4906 greges.
983 4839 1266 4910 Adaquate
1290 4860 1440 4909 oves,
1461 4855 1516 4901 et
1533 4850 1800 4907 abeuntes
1820 4857 2046 4924 pascite.

458 4923 559 4989 Qui
605 4926 896 4983 dixerunt:
939 4931 1058 4987 Non
1113 4950 1401 5003 possemus
1440 4939 1617 4997 donec
1647 4960 2049 5019 congregemur

458 5030 649 5071 omnes
678 5028 943 5087 pastores,
1000 5032 1056 5078 et
1106 5026 1393 5081 revolvant
1418 5030 1653 5100 lapidem
1682 5050 1712 5091 a
1753 5048 1938 5107 puteo,
1994 5052 2052 5098 et

456 5109 789 5180 adaquemus
810 5129 959 5169 oves.
987 5115 1184 5171 Adhuc
1222 5134 1289 5173 eo
1322 5120 1581 5192 loquente
1617 5127 1745 5195 illis,
1771 5147 1901 5188 ecce
1933 5135 2047 5191 Ra-

457 5201 578 5256 chel
603 5202 708 5256 ﬁlia
743 5203 930 5258 Laban
946 5205 1203 5262 veniebat
1225 5224 1351 5265 eum
1378 5214 1579 5271 ovibus
1599 5220 1769 5288 patris
1789 5223 1896 5277 sui.
1920 5225 2047 5283 Haec

455 5293 599 5348 enim
629 5297 889 5364 pascebat
908 5312 1040 5351 oves
1068 5301 1238 5367 patris
1276 5305 1380 5359 sui.
1422 5306 1646 5364 Factum
1666 5321 1751 5368 est
1775 5325 1959 5372 autem
1983 5329 2046 5375 ut

454 5382 780 5442 viditJaeob
803 5388 1008 5443 Rachel
1032 5388 1195 5446 filiam
1230 5394 1413 5451 Lahan
1456 5399 1639 5458 fratris
1678 5408 1870 5463 matris
1902 5425 2035 5477 suae,

454 5487 511 5531 et
545 5479 816 5534 accedens
861 5480 1093 5535 revolvit
1126 5484 1364 5553 lapidem
1400 5490 1468 5544 ab
1496 5508 1593 5548 ore
1628 5498 1800 5565 putei,
1850 5508 1905 5554 et
1947 5503 2045 5557 ad-

456 5570 679 5639 aquavit
702 5584 835 5624 oves
862 5570 1046 5627 Laban
1068 5572 1255 5631 fratris
1282 5581 1471 5636 matris
1500 5598 1631 5639 sum.
1670 5586 1740 5641 Et
1760 5590 2043 5649 osculatus

519 5749 575 5821 ῗτ
607 5749 798 5806 Matth.
826 5769 937 5823 xm,
968 5756 1054 5824 45,
1085 5760 1170 5816 ⁸ίιϐ.
1248 5763 1293 5795 ⁸⁸
1329 5763 1560 5824 Zachar.
1590 5784 1665 5837 ix,
1695 5769 1779 5825 16.
1838 5784 1845 5791 ·

2162 4680 2458 4751 ’Υγιαίύεη
2486 4682 2535 4733 οἰ
2563 4681 2618 4734 δὲ
2657 4676 3138 4747 εἶπον-Ὑγιαίνει.
3178 4680 3292 4733 Kal.
3325 4680 3441 4734 ἰδοὺ
3484 4679 3691 4751 Ῥαχὴλ

2151 4771 2397 4842 Θυγάτηρ
2450 4770 2616 4825 αὐτοῦ
2672 4771 2871 4841 ἤρχετο
2920 4770 3059 4841 μετὰ
3106 4769 3215 4823 τῶν
3270 4769 3595 4841 προϐάτων.
3652 4769 3763 4824 Kal.

2151 4859 2302 4916 εἷπεν
2360 4861 2586 4915 Ἰακὼϐ-
2615 4863 2737 4914 Ἔτι
2767 4864 2913 4916 ἐστὶν
2959 4862 3143 4935 ἡμέρα
3188 4861 3383 4934 πολλὴ,
3443 4863 3604 4916 οὔπω
3641 4862 3759 4934 ὥρα

2153 4952 2488 5023 συναχθῆναι
2535 4951 2602 5006 τά
2644 4954 2837 5024 κτήνη.
2887 4952 3153 5006 Ποτίσατε
3200 4951 3270 5004 τὰ
3322 4951 3624 5022 πρόϐατα,
3665 4951 3758 5005 καὶ

2150 5045 2476 5108 ἀπελθόντες
2509 5044 2755 5115 βόσκετε.
2776 5046 2840 5098 Oi
2862 5045 2918 5097 δὲ
2946 5040 3132 5097 εἷπον*
3158 5043 3236 5096 Οὐ
3270 5042 3631 5114 δυνησόμεθα
3654 5043 3759 5104 ἕως

2112 5120 2244 5191 Κτοῦ
2280 5137 2611 5209 συναχθῆναι
2654 5137 2866 5199 πάντας
2906 5136 3049 5198 τοὺξ
3067 5133 3363 5204 ποιμένας,
3405 5135 3507 5188 καὶ
3541 5136 3756 5188 ἀποκυ-

2148 5228 2354 5282 λίσουσι
2384 5227 2475 5281 τὸν
2505 5228 2650 5281 λίθον
2680 5227 2787 5281 ἀπὸ
2811 5226 2904 5280 τοῦ
2939 5226 3207 5297 στόματος
3241 5223 3337 5278 τοῦ
3371 5225 3637 5297 φρέατος,
3661 5224 3755 5285 καὶ

2150 5320 2442 5390 ποτιοῦμεν
2473 5320 2634 5374 αὐτά.
2690 5321 2810 5373 Ἔτι
2857 5319 3022 5372 αὑτοῦ
3063 5316 3354 5379 λαλοῦντος
3396 5318 3625 5383 αὐτοῖς,
3660 5316 3754 5370 καὶ

2158 5412 2355 5484 Ῥαχὴλ
2387 5415 2418 5484 ὴ
2456 5413 2702 5483 θυγάτηρ
2734 5413 2918 5467 Λάϐαν
2961 5413 3161 5483 ἦρχετο
3195 5408 3338 5480 μετά
3387 5410 3505 5464 τῶν
3542 5409 3752 5481 προϐά-

2143 5523 2251 5559 των
2275 5504 2369 5558 τοῦ
2398 5505 2605 5575 πατρὸς
2633 5505 2824 5575 αὐτῆς.
2859 5503 3007 5572 Αὕτη
3040 5501 3149 5574 γὰρ
3172 5501 3370 5555 ἔϐοσκε
3398 5501 3473 5555 τὰ
3498 5501 3752 5574 πρόϐατα

2143 5598 2235 5652 τοῦ
2272 5598 2482 5671 πατρὸς
2517 5599 2710 5672 αὐτῆς,
2752 5598 3001 5669 Ἐγένετο
3027 5596 3084 5652 δὲ
3112 5598 3188 5662 ὠς
3234 5593 3349 5652 εἶδε
3402 5594 3606 5653 Ἰακὼϐ
3649 5597 3754 5671 τὴν
