4034 6448
210 382 213 387 “
281 410 367 471 ωε
1037 447 1044 454 .
1291 399 1820 459 GLAPHYRORUM
1859 400 1929 457 IN
1969 399 2275 460 GENESIM
2320 401 2451 459 LIB.
2492 401 2583 459 ιν.

3462 412 3570 470 1θῶ

286 527 470 603 Ῥαχὴλ
498 522 779 596 θυγατέρα
808 521 995 578 Λάϐαν
1032 519 1264 592 ἀδελφοῦ
1288 523 1390 594 τῆς
1428 522 1638 594 μητρὸς
1654 520 1856 586 ἀὺτοῦ,

1965 529 2047 579 est
2069 508 2240 576 Iacob
2262 520 2467 576 Rachel
2500 538 2512 574 :
2537 529 2594 576 et
2627 520 2875 576 clamans
2897 536 3032 577 voce
3058 537 3177 589 sua,
3207 520 3377 590 ﬂevit,
3404 534 3460 581 et
3477 527 3567 583 in-

276 624 358 677 xz’t
380 617 691 691 προσελθὼν
711 614 1017 668 ἀπεκύλισε
1039 614 1132 668 τὸν
1157 613 1307 667 λίθον
1340 614 1448 668 ἀπὸ
1472 614 1568 667 τοῦ
1595 614 1865 685 στόματος

276 711 357 768 τοῦ
384 709 654 782 φρέατος,
691 707 786 760 καὶ⁵
841 705 1061 760 ὲπότισε
1109 706 1179 758 τὰ
1229 705 1479 777 πρόϐατα
1532 704 1719 760 Λάϐαν
1768 703 1865 758 τοῦ

273 800 485 872 ἀδελφοῦ
510 800 615 871 τῆς
646 797 855 871 μητρὸς
886 795 1075 853 αὑτοῦ.
1106 798 1219 852 Καὶ
1243 797 1503 866 ἐφίλησεν
1538 795 1734 850 Ἰακὼϐ
1765 796 1865 866 τὴν

282 893 488 965 Ῥαχὴλ,
538 890 637 945 καὶ
674 891 878 963 βοήσας
907 892 975 961 τῇ
1019 893 1171 960 φωνῇ
1216 888 1385 943 αὑτοῦ
1408 930 1422 956 ,
1459 889 1725 956 έκλαυσε,
1771 890 1867 943 καὶ

275 986 559 1060 ἀπήγγειλε
591 989 658 1057 τῇ
699 983 905 1055 Ῥαχὴλ
931 985 1017 1037 ὅτι
1052 983 1373 1053 ἀδελφιδοῦς
1401 983 1496 1037 τοῦ
1531 984 1738 1055 πατρὸς
1767 984 1865 1037 d6-

277 1082 374 1152 τῆς,
427 1079 523 1132 καὶ
569 1079 653 1131 ὅτι
690 1076 807 1141 υίὸς
878 1075 1179 1139 Ῥεϐέκκας
1215 1076 1356 1130 ἐστί.
1414 1076 1526 1129 Καὶ
1572 1075 1862 1148 δραμοῦσα

277 1170 555 1244 ἀπήγγειλε
590 1169 670 1241 τῷ
705 1170 879 1241 πατρὶ
913 1169 1108 1239 αὐτῆς,
1141 1168 1282 1223 κατὰ
1312 1173 1381 1223 τὰ
1413 1170 1633 1240 ῥήματα
1668 1169 1861 1223 ταῦτα.

286 1263 510 1335 Ἐγένετο
548 1261 608 1314 δὲ
642 1260 717 1324 ὼς
760 1260 962 1332 ἤκουσε
992 1258 1180 1313 Λάϐαν
1220 1258 1281 1310 τὸ
1318 1257 1490 1329 ὄνομα
1524 1256 1730 1343 ’Ἰακὼϐ
1769 1255 1862 1309 τοῦ

277 1354 379 1409 utor":
403 1355 499 1425 τῆς
528 1352 771 1424 ἀδελφῆς
801 1350 993 1414 αὑτοῦ,
1029 1349 1262 1421 ἔδραμεν
1290 1351 1369 1413 είς
1401 1349 1729 1420 συνάντησιν
1762 1350 1863 1402 αὑ-

274 1446 373 1510 τοῦ,
400 1446 492 1499 καὶ
518 1440 841 1516 περιλαϐὼν
862 1442 1048 1508 αὐτὸν,
1065 1441 1312 1511 ἐφίλησε,
1339 1442 1433 1494 καὶ
1455 1442 1753 1511 εἰσήγαγεν
1774 1439 1866 1493 αύ-

275 1537 352 1593 τὺν
397 1537 474 1599 είς
512 1534 605 1588 τὸν
641 1530 795 1588 οἷκον
842 1532 1040 1597 αὑτοῦ,
1084 1533 1179 1586 καὶ
1212 1533 1512 1603 διηγήσατο
1552 1532 1630 1601 τῷ
1679 1530 1865 1585 Δάϐαν

275 1628 463 1689 πάντας
495 1627 624 1686 τοὺς
657 1624 859 1694 λόγους
891 1624 1140 1686 τούτους,
1173 1624 1269 1677 καὶ
1298 1617 1451 1675 εἶπεν
1477 1621 1628 1692 αύτῷ
1650 1622 1859 1675 Λάϐαν-

278 1741 296 1775 ι
315 1723 399 1776 Ἐκ
416 1719 521 1773 τῶν
550 1718 736 1772 ὀστῶν
765 1735 868 1789 μου
892 1720 986 1771 καὶ
1005 1719 1069 1771 ὲκ
1091 1717 1201 1771 τῶν
1231 1716 1452 1790 σαρκῶν
1479 1712 1531 1769 εἴ
1553 1717 1639 1770 σύ.
1654 1735 1673 1768 ι
1707 1716 1863 1770 Μετὰ

273 1814 359 1883 τὴν
407 1810 692 1880 ἐξαίρετον
746 1810 965 1880 ἐκείνην
1016 1808 1277 1862 θεοπτίαν
1336 1809 1431 1862 καὶ
1483 1807 1859 1878 ἀποκάλυψιν·

1968 613 2175 669 dicavit
2217 613 2444 679 Rachel,
2472 614 2622 683 quod
2676 613 2847 669 frater
2889 614 3063 684 patris
3086 616 3167 669 sui
3209 624 3313 682 est,
3333 625 3392 672 et
3417 618 3567 688 quod

1968 705 2116 761 filius
2146 690 2411 761 Rebecca:
2435 713 2519 760 est
2547 723 2561 760 :
2596 714 2653 760 et
2686 720 2919 760 currens
2952 706 3228 761 nuntiavit
3256 708 3399 777 patri
3443 725 3565 771 suo,

1968 801 2277 857 secundum
2301 800 2471 855 verba
2494 801 2629 855 lucc.
2656 801 2881 855 Factum
2919 809 3003 856 est
3025 813 3232 867 autem,
3262 811 3325 858 ut
3356 802 3569 858 audivit

1968 893 2155 948 Laban
2173 908 2374 948 nomen
2397 893 2567 948 Jaeob
2601 891 2700 946 ﬁlii
2723 893 2932 947 sororis
2956 909 3090 957 sum,
3112 895 3359 948 cucurrit
3389 895 3445 950 in
3476 910 3570 949 oc-

1968 1001 2193 1041 cursum
2221 986 2361 1057 ejus,
2381 992 2438 1039 et
2457 986 3233 1061 complcxuseum’osculatus
3261 997 3366 1052 est,
3400 984 3458 1042 et
3478 988 3567 1042 in-

1966 1075 2124 1129 duxit
2150 1076 2306 1129 illum
2335 1074 2391 1128 in
2430 1074 2654 1129 domum
2681 1090 2860 1139 suam,
2886 1084 2943 1129 et
2966 1077 3212 1131 narravit
3230 1078 3416 1132 Laban
3449 1094 3571 1132 om-

1965 1165 2057 1219 nia
2082 1166 2252 1220 verba
2286 1165 2422 1221 haec.
2447 1166 2516 1221 Et
2537 1166 2675 1220 dixit
2704 1167 2755 1220 ei
2793 1167 2981 1221 Laban
3006 1186 3019 1220 :
3049 1170 3129 1222 Ex
3152 1170 3373 1225 ossibus
3406 1171 3567 1234 meis,

1965 1266 2023 1312 et
2045 1274 2113 1313 ex
2142 1274 2308 1313 carne
2348 1274 2470 1315 mea
2490 1274 2553 1314 es
2577 1267 2639 1314 tu
2661 1260 2733 1311 9°.
2774 1278 2793 1312 ι
2843 1261 2975 1315 Post
3001 1262 3259 1315 eximiam
3284 1264 3431 1317 illam
3468 1263 3567 1318 Dei

1964 1350 2237 1405 visionem
2297 1362 2464 1421 atque
2510 1352 2906 1407 revelationem
2951 1354 3112 1424 (vidit
3163 1355 3310 1409 enim
3360 1356 3567 1410 scalam

1963 1443 2371 1514 pertingentem
2418 1443 2487 1499 ad
2532 1444 2756 1509 caelum,
2806 1452 3042 1500 stantem
3094 1462 3227 1500 vero
3255 1446 3310 1500 in
3346 1463 3413 1501 ea
3457 1448 3568 1501 Do-

1965 1536 2198 1602 minum,
2232 1546 2288 1592 et
2320 1554 2541 1593 sursum
2599 1554 2665 1593 ac
2704 1539 2962 1595 deorsum
3023 1551 3414 1610 percurrentes
3465 1558 3565 1596 an—

1963 1628 2135 1697 gelos,
2167 1628 2331 1698 119
2358 1628 2680 1699 audivitque
2716 1629 3029 1694 manifeste,
3078 1631 3226 1700 quod
3269 1632 3412 1686 Deus
3463 1632 3569 1702 ipsi

1963 1727 2111 1774 esset
2154 1720 2467 1785 adfuturus,
2514 1721 2774 1791 quodque
2812 1722 2867 1775 in
2902 1722 3226 1777 immensam
3254 1724 3569 1779 multitudi-

1962 1827 2089 1867 nem
2123 1813 2456 1883 populorum
2503 1830 2693 1869 semen
2738 1828 2900 1869 suum
2945 1826 3350 1886 propagaturus
3372 1818 3571 1887 esset),

274 1877 499 1958 τεθέαται
525 1877 634 1974 μὲν
665 1902 776 1976 γὰρ
803 1877 1051 1974 κλίμακα
1078 1901 1373 1973 διήκουσαν
1397 1903 1480 1963 είς,
1498 1901 1588 1955 τὸν
1609 1903 1861 1974 οὐρανὸν,

1969 1877 2157 1960 erecto
2190 1877 2373 1975 lapide
2407 1905 2464 1960 in
2493 1914 2683 1976 typum
2716 1877 2965 1962 Christi;
2992 1877 3375 1963 tuncvdemum
3411 1877 3568 1963 ﬁrma

278 1998 531 2069 ἐφεστῶτα
570 1996 635 2051 δὲ
666 1997 759 2051 τὸν
788 1995 997 2068 Κύριον
1029 1996 1118 2049 ἐπ’
1153 1995 1361 2066 αὐτῆς,
1407 1996 1502 2050 καί
1538 1995 1652 2050 ἄνω
1679 2013 1737 2051 τε
1769 1996 1866 2050 καί

282 2092 402 2145 xci-ru
427 2089 760 2153 διαθεόντας
799 2090 928 2155 τοὺς
960 2089 1228 2158 ἀγγέλους
1254 2129 1268 2153 ,
1301 2088 1504 2161 ἤκουσέ
1537 2106 1594 2142 τε
1639 2088 1825 2157 σαφῶς
1846 2130 1860 2155 ,

280 2182 445 2235 irini
472 2181 740 2235 συνέσται
772 2180 911 2245 Θεὸς
937 2180 1108 2251 αὐτῷ,
1143 2179 1237 2234 καὶ
1266 2182 1343 2244 είς
1375 2180 1585 2252 πληθὺν
1616 2182 1862 2254 ἀμέτρη-

276 2290 351 2328 τον
377 2272 616 2328 ἀπλώσει
650 2272 802 2327 λαῶν
845 2273 910 2327 τὸ
949 2273 1179 2345 σπέρμα
1217 2272 1408 2327 αὐτοῦ.
1441 2273 1598 2328 Μετὰ
1640 2273 1700 2327 τὸ
1730 2275 1863 2327 ἀνα-

275 2366 521 2437 στηλῷσαι
540 2366 645 2421 τὸν
676 2365 827 2419 λίθον
857 2366 939 2429 είς
977 2363 1148 2419 τύπον
1170 2363 1433 2437 Χριστοῦ,
1467 2364 1591 2419 τότε
1623 2366 1712 2438 δὴ,
1740 2365 1864 2419 τότε

272 2457 697 2531 τεθαρρηκότως,
731 2458 828 2511 καὶ
866 2457 1273 2529 ἐρηρεισμένην
1305 2457 1447 2527 ἔχων
1475 2458 1570 2511 ἐπὶ
1600 2458 1723 2530 Θεῷ
1763 2457 1864 2531 τὴν

272 2549 352 2603 ἐπὶ
379 2554 483 2615 τοῖς
520 2550 819 2623 ἐσομένοις
849 2550 1044 2603 ἐλπίδα
1066 2591 1080 2615 ,
1117 2550 1255 2622 πρὸς
1285 2551 1376 2604 τὸν
1406 2554 1507 2622 τῆς
1554 2550 1864 2621 ἀποδημίας

273 2622 453 2696 σκοπὸν
484 2643 854 2705 συντείνεται,
886 2642 981 2695 καὶ
1011 2642 1094 2705 εἰς
1123 2641 1229 2711 γῆν
1266 2642 1579 2712 ἀφικνεῖται
1605 2642 1703 2715 τὴν
1726 2642 1865 2715 πρὸς

271 2734 343 2806 ὴῶ
369 2736 654 2807 κειμένην.
681 2736 796 2790 Καὶ
822 2734 1105 2808 γνώριμον
1128 2735 1291 2799 εὐθὺς
1325 2735 1648 2809 καθίστησιν
1670 2736 1865 2791 ἑαυτὸν

270 2829 467 2894 πολλοῖς
511 2831 613 2902 μὲν
662 2830 954 2901 ποιμέσιν,
1000 2829 1082 2899 ’ὡς
1129 2829 1213 2899 εῐη
1266 2846 1353 2893 τις
1399 2831 1495 2883 καὶ⁸
1543 2831 1708 2894 αὐτὸς
1754 2831 1863 2887 τῶν

270 2924 394 2992 ἄγαν
420 2923 826 2995 ἐξησκημένων
855 2924 937 2987 είς
961 2924 1351 2995 ποιμαντικήν.
1390 2921 1674 2996 ηἘντριϐὲς
1700 2924 1756 2976 δὲ
1781 2924 1863 2978 ὃτι

270 3016 441 3089 χρῆμα
467 3017 628 3089 αὐτῷ
662 3017 900 3089 φανερὸν
932 3016 1227 3087 καθίστησι
1262 3016 1468 3085 λέγων·
1500 3035 1519 3068 ι
1561 3018 1682 3070 Ἔτι
1714 3018 1864 3072 ἐστὶν

270 3109 435 3181 ἡμέρα
481 3108 685 3179 πολλή.
745 3107 864 3162 Νῦν
925 3103 1019 3161 οὖν
1083 3106 1409 3170 ποτίσαντες
1458 3108 1526 3161 τὰ
1574 3106 1859 3178 πρόϐατα,

267 3201 582 3265 ἀπελθόντες
620 3199 875 3272 βόσκετε.
914 3217 934 3253 ο
960 3196 1297 3271 Γνωρίζεται
1324 3197 1382 3251 δὲ
1410 3197 1506 3251 καὶ
1527 3200 1594 3269 τῇ
1627 3197 1721 3251 τοῦ
1748 3196 1862 3251 Λά-

1967 2002 2264 2065 erectaque
2304 1995 2360 2051 in
2407 1996 2583 2052 Deum
2632 1997 2701 2052 de
2745 1997 2949 2054 futuris
2996 2014 3114 2069 spe,
3164 1999 3573 2070 profectionem

1962 2100 2132 2155 quam
2163 2086 2481 2143 instituerat
2509 2096 2691 2159 urget,
2717 2095 2773 2143 et
2795 2089 3049 2158 pervenit
3080 2088 3137 2142 in
3178 2089 3460 2159 regionem
3494 2090 3569 2145 si-

1967 2183 2078 2230 tam
2119 2192 2378 2232 auroram
2416 2194 2615 2233 versus
2643 2196 2657 2232 :
2697 2178 2991 2249 statimque
3017 2195 3075 2234 se
3102 2179 3225 2234 aliis
3255 2180 3444 2235 multis
3465 2196 3566 2251 pa-

1966 2267 2214 2324 storibus
2244 2278 2440 2325 notum
2470 2269 2620 2336 facit,
2655 2271 2827 2326 veluti
2851 2272 3125 2341 quispiam
3151 2273 3385 2327 multum
3420 2273 3476 2327 in
3507 2288 3567 2329 re

1964 2362 2255 2431 pastoritia
2301 2371 2575 2419 versatus.
2609 2362 2767 2431 Quod
2805 2380 2939 2421 vero
2985 2381 3109 2420 eam
3154 2366 3468 2426 exercuerit
3511 2374 3569 2421 et

1965 2455 2241 2521 calluerit,
2297 2457 2545 2523 ostendit
2582 2457 2818 2514 dicens:
2882 2478 2900 2512 ‹
2941 2459 3138 2517 Adhuc
3178 2460 3413 2515 multum
3455 2460 3566 2516 diei

1965 2554 2238 2615 superest.
2282 2547 2444 2604 Nunc
2503 2549 2673 2620 igitur
2717 2550 3055 2623 adaquantcs
3106 2568 3239 2608 oves
3279 2552 3571 2631 disceden-

1967 2646 2052 2693 tes
2076 2639 2289 2708 pascite
2316 2641 2357 2694 ⁸.
2390 2660 2408 2692 ι
2445 2641 2813 2714 Cognoscitur
2845 2661 2979 2700 vero
3000 2646 3165 2703 etiam
3190 2661 3220 2700 a
3246 2644 3357 2699 filia
3376 2645 3567 2700 Laban

1963 2730 2139 2786 veluti
2187 2732 2463 2803 primitias
2507 2736 2775 2806 quasdam
2821 2743 2877 2791 et
2933 2738 3214 2808 specimen
3269 2730 3566 2810 probitatis

1966 2834 2080 2876 suae
2112 2820 2164 2877 ei
2202 2823 2493 2890 exhibens,
2535 2840 2727 2880 curam
2768 2842 2932 2896 quam
2959 2827 3027 2883 de
3052 2828 3227 2898 ipsius
3246 2828 3445 2884 ovibus
3467 2844 3566 2901 ge-
3664 2832 3671 2839 '

1965 2912 2146 2979 rebat,
2187 2914 2468 2984 adaquans
2514 2932 2632 2972 eas.
2662 2918 3008 2989 Intelligebat
3029 2920 3201 2986 enim,
3229 2929 3292 2975 ut
3329 2937 3428 2991 par
3452 2928 3563 2988 est,

1966 3006 2193 3077 Optimis
2228 3008 2496 3064 nimirum
2539 3010 2791 3066 moribus
2820 3012 3136 3083 insignitus,
3184 3023 3344 3085 turpe
3369 3015 3563 3072 admo-

1967 3097 2100 3153 dum
2141 3098 2283 3166 fore,
2321 3101 2619 3158 Rachelem
2657 3104 2931 3175 virginem
2953 3107 3066 3177 jam
3101 3107 3350 3163 nubilem
3375 3118 3565 3180 pasto-

1968 3209 2097 3249 rum
2134 3211 2468 3251 concursum
2505 3205 2850 3268 exspectare,
2894 3207 2954 3253 ut
2985 3208 3199 3256 remoto
3224 3201 3405 3272 lapide
3432 3219 3567 3260 oves

266 3292 358 3349 σαν
389 3254 636 3366 θυγατρὶ⁸
662 3291 994 3365 πρωτόλειον
1027 3254 1219 3362 ὥσπερ
1253 3307 1307 3343 τι
1348 3290 1445 3343 καὶ
1479 3254 1737 3363 ἀπαρχὴν
1761 3289 1862 3361 τῆς

1967 3286 2290 3357 adaquaret,
2320 3305 2443 3359 qua;
2471 3305 2698 3345 cessura
2729 3300 2878 3346 esset
2900 3292 3045 3358 aliis,
3076 3301 3193 3348 tum
3217 3254 3569 3352 ob‘imbecil-

268 3386 479 3459 ἐνούσης
515 3386 676 3458 αὐτῷ
721 3384 1136 3455 κολακάγαθίας
1181 3383 1493 3448 ἐπιδιδοὺς,
1535 3383 1598 3436 τὸ
1631 3382 1863 3448 ἀξιῶσαι

269 3480 534 3550 φροντίδος
572 3480 651 3533 τὰ
693 3480 786 3532 ὑπ’
837 3478 1012 3548 αὐτῆς
1059 3476 1367 3549 βοσκόμενα
1397 3475 1492 3529 καὶ
1539 3475 1757 3529 ποτίσαι
1795 3474 1865 3528 τὰ

268 3574 525 3644 πρόϐατα.
569 3572 813 3628 Ἐνενόει
838 3571 949 3643 γάρ
978 3587 1081 3624 που
1115 3568 1258 3625 κατὰ
1289 3568 1352 3623 τὸ
1389 3569 1538 3632 είκὸς
1568 3567 1726 3639 ὴθεσι
1750 3570 1864 3632 τοῖς

268 3664 494 3737 ἀρίστοις
519 3664 995 3736 ἐντεθραμμένος,
1028 3662 1105 3726 ὼς
1134 3657 1202 3733 ἦν
1228 3660 1634 3714 ἀκαλλέστατον
1665 3658 1861 3730 κομιδῇ

268 3757 524 3829 παρθένον
551 3753 729 3812 οὖσαν
766 3755 866 3827 τὴν
898 3754 1101 3826 Ῥαχὴλ
1122 3754 1216 3807 καὶ
1242 3755 1302 3807 ὲν
1323 3753 1444 3825 ὥρᾳ
1470 3753 1674 3824 γάμου,
1705 3768 1866 3824 περι-

272 3852 438 3921 μεῖναι
476 3852 588 3904 τῶν
649 3850 931 3920 ποιμένων
976 3848 1078 3919 τὴν
1121 3847 1405 3918 ἄθροισιν,
1450 3846 1541 3900 ἵνα
1578 3845 1673 3899 τοῦ
1713 3844 1864 3899 λίθου

267 3944 622 4015 κεκινημένου
651 3942 851 4014 ποτίσῃ
898 3941 969 3995 τὰ
1003 3940 1273 4013 πρόϐατα,
1304 3938 1717 4011 παραχωροῦσα
1753 3941 1866 4003 τοῖς

266 4031 436 4097 ἄλλοις
461 4034 552 4088 διά
579 4051 646 4087 τε
674 4032 737 4085 τὸ
765 4031 1024 4098 ἄναλκες,
1065 4030 1161 4085 καὶ
1197 4030 1298 4101 τὴν
1329 4028 1586 4101 παρθένῳ
1620 4029 1866 4101 πρέπου-

269 4139 357 4178 σαν
386 4125 537 4180 αἰδῶ.
570 4124 786 4187 Ἀλλως
812 4140 871 4176 τε
896 4123 991 4176 καὶ
1009 4122 1174 4191 νόμος
1195 4120 1358 4174 αὐτὸν
1380 4120 1565 4175 ἐκάλει
1587 4120 1867 4192 φιλοστορ-

267 4218 399 4286 γίας,
434 4219 518 4283 εἷς
547 4234 617 4287 γε
662 4217 725 4271 τὸ
755 4216 955 4289 χρῆναι
998 4215 1187 4268 λοιπὸν
1216 4216 1330 4277 τοῖς
1382 4213 1441 4281 ἐξ
1473 4213 1728 4284 αἵματος,
1769 4214 1866 4266 καὶ

268 4310 616 4383 ἁγχισπόροις
637 4308 1035 4378 ἀναφαίνεσθαι
1064 4308 1361 4378 χρήσιμον.
1388 4306 1662 4359 Πεπὸτικε
1681 4305 1746 4377 δὴ
1771 4300 1865 4359 οὖν

267 4402 332 4455 τὰ
353 4404 603 4474 πρόϐατα
629 4403 734 4473 τῆς
771 4400 997 4472 Ῥαχὴλ,
1031 4401 1194 4471 μόνος
1220 4397 1316 4452 τοῦ
1342 4397 1581 4468 φρέατος
1603 4396 1865 4451 ἀποκυλί-

270 4509 359 4557 σας
388 4494 478 4548 τὸν
508 4494 684 4549 λίθον.
726 4494 1070 4564 Ἀναμνῆσαι
1113 4491 1171 4544 δὲ
1219 4492 1544 4561 ἀναγκαῖον,
1581 4491 1663 4544 ὅτι
1708 4489 1802 4543 καὶ
1838 4491 1867 4544 ὁ

1964 3367 2198 3447 liiatem,
2244 3389 2360 3438 tum
2401 3383 2474 3438 ob
2511 3400 2640 3439 eum
2678 3387 2774 3455 qui
2811 3381 3055 3457 virgines
3088 3388 3247 3444 decet
3272 3391 3565 3459 pudorem.

1964 3472 2141 3528 Aliter
2170 3490 2307 3530 vero
2326 3475 2495 3530 etiam
2523 3476 2714 3532 innata
2741 3480 3011 3534 naturalis
3040 3482 3247 3536 amoris
3269 3482 3358 3538 lex
3387 3482 3566 3554 ipsum

1964 3568 2305 3639 provocabat
2341 3568 2411 3624 ad
2454 3571 2829 3640 prmstandum
2873 3571 3135 3638 oflieium,
3182 3576 3571 3646 etjuvandum

1966 3660 2412 3732 consanguineos
2478 3670 2536 3718 et
2600 3665 2965 3735 propinquos.
3021 3667 3335 3740 Adaquavit
3382 3670 3570 3742 itaque
3672 3706 3699 3733 ο

1967 3764 2101 3805 oves
2139 3751 2419 3819 Rachelis,
2476 3755 2629 3810 solus
2674 3771 2705 3811 a
2760 3766 2930 3827 puteo
2974 3761 3267 3817 revolvens
3302 3762 3567 3832 lapidem.

1964 3838 2238 3896 Caeterum
2261 3842 2580 3900 meminisse
2604 3854 2826 3915 oportet
2849 3847 3101 3904 divinum
3129 3851 3295 3906 etiam
3320 3853 3566 3925 Moysen,

1966 3948 2095 3988 cum
2126 3950 2195 3989 ex
2228 3934 2465 4008 Egypto
2502 3935 2722 4009 fugiens
2753 3939 2810 3994 in
2835 3943 3115 4011 regionem
3142 3942 3567 4001 Madianitarum

1966 4028 2334 4097 pervenisset,
2371 4038 2429 4085 et
2458 4030 2516 4086 in
2553 4037 2809 4102 pastores
2847 4034 3037 4089 ovium
3069 4037 3374 4102 incidisset,
3404 4038 3571 4095 ﬁlias-

1966 4132 2076 4187 que
2099 4118 2297 4175 Jethro
2337 4119 2542 4192 injuria
2580 4122 2807 4179 affectas
2832 4125 3154 4195 reperisset,
3182 4127 3328 4183 idem
3348 4130 3592 4199 paesti»

1966 4210 2118 4265 tisse.
2147 4211 2228 4266 lta
2250 4228 2386 4268 vero
2412 4215 2621 4271 habent
2644 4232 2767 4286 qua:
2791 4217 2859 4273 de
2882 4233 2949 4272 eo
2974 4219 3181 4289 scripta
3207 4229 3337 4276 sunt
3364 4239 3375 4274 :
3409 4241 3426 4272 ι
3455 4222 3556 4278 Re-

1965 4304 2135 4358 cessit
2179 4312 2364 4359 autem
2401 4307 2614 4379 Moyses
2640 4324 2670 4363 a
2696 4308 2836 4364 facie
2866 4310 3191 4377 Pharaonis,
3216 4319 3274 4368 et
3296 4312 3568 4369 habitavit

1966 4393 2025 4447 in
2053 4402 2203 4450 terra
2230 4395 2465 4451 Madian.
2489 4397 2629 4453 Cum
2653 4408 2838 4455 autem
2865 4402 3111 4458 venisset
3134 4402 3190 4458 in
3218 4411 3422 4459 terram
3449 4405 3566 4462 Ma-

1966 4484 2119 4553 dian,
2148 4487 2294 4542 sedit
2313 4490 2471 4559 juxta
2495 4500 2750 4559 puteum.
2776 4491 2849 4546 At
2872 4493 3147 4549 sacerdoti
3172 4495 3387 4551 Madian
3407 4504 3567 4552 erant

269 4583 544 4651 θεσπέσιος
572 4588 785 4657 Μωσῆς
799 4585 901 4656 τῆς
925 4583 1241 4654 Αἰγυπτίων
1268 4580 1630 4655 ἀποδραμὼν,
1661 4584 1742 4646 είς
1763 4581 1862 4654 τὴν

1969 4586 2180 4649 septem
2224 4578 2352 4636 ﬁliae
2389 4590 2680 4651 pascentes
2701 4599 2833 4639 oves
2862 4585 3035 4656 patris
3061 4586 3147 4642 sui
3176 4587 3397 4645 Jetbro.
3424 4588 3564 4645 Cum

267 4676 367 4731 τῶν
412 4678 770 4751 Μαδιηναίων
820 4679 1142 4746 ἀφικνεῖται
1191 4675 1399 4748 χώραν.
1454 4672 1588 4729 Εἶτα
1636 4675 1861 4746 ποιμέσι

1966 4672 2250 4729 venissent
2273 4683 2482 4742 autem,
2508 4676 2843 4733 hauriebant
2874 4679 3056 4750 quoad
3080 4679 3450 4752 impleverunt
3476 4699 3567 4739 cap

198 4814 205 4817 .
270 4770 589 4842 περιτυχὼν,
611 4770 823 4835 καὶτὰς
849 4768 946 4823 τοῦ
978 4768 1147 4841 Ἰοθδρ
1169 4767 1477 4841 θυγατέρας
1497 4767 1862 4839 ἀδικουμένας

266 4856 452 4928 εὑρὼν,
470 4859 563 4913 διὰ
581 4858 694 4911 τῶν
713 4859 847 4912 ἴσων
872 4856 1202 4930 ὲγνωρίζετο
1221 4858 1682 4928 σπουδασμάτων.
1707 4860 1861 4929 Ἔχει

269 4948 320 5002 δὲ
345 4950 485 5004 οὕτω
517 4951 588 5006 τὰ
616 4952 704 5005 ἐπ’
732 4949 887 5021 αύτῷ
914 4951 1283 5021 γεγραμμένα
1307 4966 1322 4981 ·
1364 4968 1385 5002 ι
1433 4951 1777 5023 Ἀνεχὼρησε
1805 4952 1863 5004 δὲ

270 5042 462 5115 Μωσῆς
485 5044 599 5098 ἀπὸ
629 5041 930 5116 προσώπου
963 5042 1187 5116 Φαραὼ,
1221 5043 1315 5097 καὶ
1348 5042 1670 5113 κατῴκησεν
1700 5045 1761 5099 ἐν
1786 5047 1857 5116 γῇ

271 5133 505 5209 Μαδιάμ.
548 5134 754 5190 Ἐλθὼν
775 5135 832 5190 δὲ
852 5136 936 5200 είς
967 5136 1073 5206 γῆν
1100 5134 1349 5207 Μαδιάμ,
1370 5135 1623 5191 ἐκάθισεν
1648 5136 1743 5190 ἐπὶ
1761 5136 1857 5191 τοῦ

272 5227 513 5298 φρέατος.
546 5228 639 5300 Τῷ
668 5228 727 5282 δὲ
757 5228 896 5298 ἱερεῖ
932 5227 1161 5298 Μαδιάμ
1196 5223 1337 5299 ἦσαν
1367 5228 1508 5282 ἑπτὰ
1538 5227 1855 5300 θυγατέρες,

272 5320 651 5389 ποιμαίνουσαι
678 5318 747 5373 τὰ
784 5316 1043 5391 πρόϐατα
1070 5317 1168 5371 τοῦ
1200 5316 1622 5397 πατρὸςιαύτῶν
1669 5318 1854 5391 Ἰοθόρ.

274 5409 715 5483 Παραγενόμεναι
738 5411 819 5474 δὲ,
848 5410 1077 5482 ἤντλουν
1101 5409 1208 5473 ἕως
1244 5409 1490 5481 ἔπλησαν
1514 5409 1611 5475 τὰς
1636 5410 1861 5482 δεξαμεο

274 5505 377 5569 τὰς,
407 5506 628 5560 ποτίσαι
667 5505 739 5561 τὰ
774 5503 1027 5577 πρῦϐατα
1062 5503 1158 5557 τοῦ
1194 5502 1401 5575 πατρὸς
1436 5504 1619 5557 αὐτῶν
1665 5503 1854 5576 ἰοθόρ.

278 5594 706 5670 Παραγενόμενοι
771 5597 829 5652 δὲ
885 5597 937 5652 οἱ
996 5597 1287 5668 ποιμένες,
1348 5595 1606 5663 ἐξέϐαλον
1662 5598 1854 5661 αὐτάς.

290 5686 537 5755 Ἀναστὰς
561 5691 618 5745 δὲ
657 5689 886 5761 Μωσῆς,
922 5688 1160 5761 ἐρύσατο
1186 5689 1381 5757 αὑτὰς,
1412 5690 1509 5745 καὶ
1540 5689 1759 5744 ἂπότισε
1790 5689 1859 5744 τὰ

348 5896 395 5927 ’³
421 5890 558 5951 Gen.
586 5909 728 5961 xxxx,
758 5890 953 5951 l—Mr.‘
993 5891 1193 5950 ibid.7.
1272 5895 1291 5925 ¹
1331 5893 1503 5948 Exod.
1544 5909 1599 5961 υ,
1634 5893 1823 5949 15ηὲ1.

1964 4768 2142 4832 nales,
2172 4775 2233 4823 ut
2256 4767 2602 4838 adaquarent
2627 4785 2760 4826 oves
2784 4771 2957 4841 patris
2985 4772 3070 4827 sui
3097 4772 3311 4829 Jetbro.
3355 4774 3564 4848 Super-

1965 4860 2255 4916 venientes
2273 4870 2463 4931 autem,
2484 4873 2738 4933 pastores
2758 4865 3043 4934 cjeccrunt
3067 4881 3184 4921 eas.
3208 4865 3280 4922 Su
3290 4882 3452 4938 rgens
3468 4884 3567 4923 au~

1969 4963 2080 5010 tem
2108 4954 2321 5026 Moyses
2350 4956 2612 5012 liberavit
2648 4957 2792 5022 illas,
2825 4966 2884 5013 et
2906 4958 3204 5029 adaquavit
3235 4975 3368 5016 oves
3388 4962 3566 5032 patris

1968 5044 2237 5115 ipsarum.
2295 5046 2554 5102 Reversaa
2602 5056 2789 5103 autem
2838 5058 2968 5103 sunt
3013 5049 3080 5103 ad
3126 5049 3321 5105 Jetbro
3350 5060 3564 5121 patrem

1962 5151 2152 5202 suum,
2188 5138 2282 5208 qui
2321 5137 2463 5193 dixit
2508 5139 2591 5195 eis
2622 5128 2641 5192 ι’
2672 5137 2852 5205 Quare
2883 5138 3185 5196 festinastis
3220 5142 3567 5202 adveniendo

1967 5226 2182 5283 hodie?
2220 5228 2332 5283 Illae
2370 5236 2556 5283 autem
2583 5228 2846 5285 dixerunt
2878 5230 3096 5291 :,llomo
3116 5232 3407 5306 {Egyptius
3429 5236 3567 5293 libeo

1966 5321 2110 5375 ravit
2124 5336 2224 5375 nos
2239 5336 2270 5375 a
2286 5321 2619 5391 pastoribus,
2639 5330 2695 5377 et
2714 5323 2873 5395 120
2887 5324 3074 5381 hausit
3090 5343 3290 5398 aquam
3310 5330 3493 5397 nobis,
3510 5338 3568 5387 et

1970 5413 2269 5483 adaquavit
2316 5428 2449 5469 oves
2500 5423 2739 5472 nostras.
2784 5416 2882 5473 Ille
2927 5426 3114 5475 autem
3163 5421 3305 5477 dixit
3348 5422 3567 5479 filiabus

1968 5506 2088 5562 suis
2121 5524 2133 5560 :
2161 5506 2230 5562 Et
2252 5506 2351 5562 ubi
2378 5517 2462 5563 est
2483 5508 2506 5562 ?
2527 5515 2585 5564 et
2606 5524 2708 5565 cur
2730 5510 2812 5566 sic
2835 5511 3212 5584 dereliquistis
3238 5515 3517 5570 hominem
3542 5516 3568 5570 ?

1968 5599 2172 5655 Vocate
2219 5599 2391 5672 igitur
2432 5616 2583 5669 eum,
2629 5611 2690 5660 ut
2743 5606 2998 5663 comedat
3040 5624 3259 5679 panem.
3288 5608 3566 5664 llabitavit

1967 5698 2152 5748 autem
2195 5691 2412 5766 Moyses
2448 5695 2593 5765 apud
2637 5696 2919 5755 hominem
2964 5701 3004 5752 '.
3037 5718 3054 5752 ι
3102 5698 3365 5771 Intelligis
3394 5698 3581 5771 igitur.
