4034 6452
486 407 590 467 i95

1505 396 1561 454 S.
1605 395 1884 454 CYRILLI
1923 393 2398 452 ALEXANDRINI
2436 395 2756 455 ARCHIEP.

3661 401 3758 462 196

485 533 597 592 quo
639 523 802 589 pacto
826 514 1008 571 aﬂinia
1048 509 1455 584 quodammodo
1479 510 1623 565 inter
1648 524 1707 564 se
1733 509 1846 563 sint
1868 508 2052 566 utrius

2186 509 2435 576 πρόὸατα
2471 507 2567 563 τοῦ
2611 507 2818 579 πατρὸς
2851 509 3050 564 αὐτῶν.
3111 511 3487 583 Παρεγένοντο
3530 515 3586 572 δὲ
3631 522 3760 595 πρὸς

484 627 593 682 que
621 609 823 673 studia,
853 618 1016 677 atque
1039 606 1230 661 eadem
1256 620 1356 675 per
1380 610 1645 672 utrosque
1669 600 2070 671 significentur.

483 704 755 762 Caeterum
793 699 1012 754 divinus
1037 698 1246 768 Moyses
1270 695 1596 766 propulsans
1621 695 1855 749 aliorum
1887 702 2074 764 pasto-

488 810 610 848 rum
655 792 913 865 injuriam
967 800 1024 846 et
1051 791 1182 852 vim,
1243 789 1429 843 hausit
1477 795 1534 842 et
1563 786 1858 856 adaquavit
1883 801 2076 857 greges

482 885 694 940 Jethro.
757 883 918 938 Solus
963 897 1095 936 vero
1135 881 1305 936 Jacob
1347 879 1586 950 lapidem
1635 877 1900 941 revolvit,
1946 891 2074 931 cum

484 974 688 1044 alioqui
726 971 1118 1042 quamplurimi
1168 972 1367 1026 collata
1423 986 1588 1041 opera
1623 970 1677 1024 id
1720 983 1831 1024 non
1867 969 2074 1038 absque

486 1064 686 1120 sudore
725 1063 904 1117 facere
946 1062 1385 1126 consuevissent,
1423 1070 1480 1116 et
1503 1059 1796 1130 adaquavit
1820 1058 2075 1113 similiter

485 1170 618 1209 oves
661 1155 866 1208 Laban.
911 1155 989 1208 Ac
1030 1154 1492 1224 quemadmodum
1535 1153 1745 1224 Moyses
1769 1151 1825 1205 in
1849 1150 2073 1205 domum

483 1247 788 1300 idololatra:
827 1246 1073 1310 divertit,
1121 1247 1197 1299 ita
1231 1247 1398 1300 etiam
1434 1245 1655 1300 divinus
1676 1243 1864 1299 Jacob.
1888 1242 2075 1296 Laban

483 1338 632 1392 enim
668 1338 849 1392 adhuc
888 1337 1164 1392 idolorum
1207 1338 1466 1392 adorator
1489 1345 1546 1391 et
1565 1336 1743 1390 cultor
1767 1341 1908 1388 erat.
1935 1332 2074 1388 Cum

483 1445 616 1484 vero
651 1445 834 1484 sermo
866 1445 1158 1500 personam
1194 1445 1256 1484 ac
1280 1428 1507 1500 ﬁguram
1535 1426 1862 1497 populorum
1888 1424 1944 1478 in
1969 1423 2075 1478 tide

483 1521 653 1576 Jacob
683 1521 959 1586 tribuerit,
989 1537 1085 1591 age
1114 1521 1382 1584 dicamus,
1414 1518 1560 1590 quod
1605 1517 1841 1572 interius
1891 1516 2076 1571 occul-

485 1616 706 1686 tiusque
745 1617 982 1685 spissum
1013 1615 1246 1668 historia
1274 1613 1330 1666 in
1363 1627 1420 1666 se
1444 1610 1631 1674 habet,
1659 1609 2071 1678 investigantes.

2189 599 2358 669 Ἰοθδρ
2387 598 2480 653 τὸν
2506 602 2721 671 πατέρα
2747 600 2946 656 αὐτῶν.
2984 601 3043 653 '0
3064 601 3120 655 δέ
3152 599 3306 659 εἶπεν
3332 606 3556 673 αὑταῖς·
3587 611 3652 664 Τί
3681 615 3760 670 ὅτι

2175 681 2472 761 ἐταχύνατε
2494 694 2590 747 τοῦ
2629 695 3038 764 παραγενέσθαι
3075 697 3316 768 σήμερον
3343 716 3359 766 ;
3396 700 3461 752 Δί
3495 700 3550 755 δὲ
3576 698 3756 761 εἷπον·

2178 784 2501 855 ’Ἄνθρωπος
2529 785 2824 853 Αἰγύπτιος
2842 786 3110 857 ἐρρύσατο
3139 791 3286 859 ἡμᾶς
3304 791 3412 844 ἀπὸ
3440 793 3549 846 τῶν
3578 803 3762 868 ποιμέ-

2175 892 2302 939 νων,
2351 876 2446 930 καὶ
2488 876 2749 948 ήντλησεν
2783 879 2938 948 ἡμῖν,
2979 881 3074 934 καὶ
3124 882 3343 936 ἐπότισε
3375 883 3446 938 τὰ
3493 885 3762 957 πρόδατα.“

2186 967 2245 1020 '0
2282 967 2338 1020 δὲ
2379 964 2498 1022 εἷπε
2536 973 2655 1033 ταῖς
2689 969 3023 1042 θυγατράσιν
3055 975 3221 1029 αὐτοῦ
3247 992 3259 1004 ·
3300 979 3408 1031 Καὶ
3446 978 3550 1034 ποῦ
3584 981 3760 1050 ἔστινς

2177 1061 2267 1114 ἵνα
2297 1061 2350 1113 τί
2376 1061 2520 1115 οὕτω
2554 1063 2981 1119 καταλελοίπατε
3011 1067 3102 1120 τὸν
3129 1068 3446 1140 ᾶνθρωπονς
3488 1073 3760 1131 Καλέσατε

2175 1147 2268 1205 οὖν
2301 1151 2486 1215 αὑτὸν,
2522 1154 2670 1217 ὅπως
2701 1155 2850 1226 φάγῃ
2888 1158 3050 1226 ἄρτον
3076 1174 3090 1186 ο
3123 1161 3440 1232 κατῳκίσθη
3472 1161 3528 1215 δὲ
3560 1165 3762 1234 Μωσῆς

2177 1242 2326 1312 παρὰ
2351 1241 2428 1312 τῷ
2453 1242 2744 1314 ἀνθρώπῳ.
2781 1263 2800 1296 ι
2830 1245 3025 1315 Συνίης
3048 1242 3142 1301 οὖν
3165 1249 3314 1311 ὅπως
3339 1248 3545 1318 ἀδελφὰ
3568 1250 3761 1322 τρόπον

2174 1333 2295 1386 τινὰ
2327 1333 2397 1386 τὰ
2435 1334 2704 1402 νοήματα,
2739 1335 2834 1388 καὶ
2874 1336 3112 1405 συγγενῆ
3150 1356 3266 1400 πως
3296 1338 3435 1404 ἄγαν
3465 1339 3534 1392 τὰ
3562 1339 3621 1406 ἐξ
3665 1342 3761 1394 αὑ-

2175 1421 2283 1474 τῶν
2306 1420 2744 1493 ὑποδηλούμενα.
2771 1424 2918 1494 Πλὴν
2942 1428 2969 1478 6
2990 1425 3276 1491 Θεσπέσιος
3303 1428 3513 1498 Μωσῆς
3537 1429 3636 1501 τὴν
3659 1429 3761 1484 τῶν

2177 1516 2381 1587 ἐτέρων
2415 1517 2690 1586 ποιμένων
2725 1519 3040 1590 ἀποστήσας
3071 1521 3407 1587 πλεονεξίαν,
3449 1523 3680 1594 ἧντλησέ
3705 1541 3762 1577 τε

2177 1607 2273 1660 καὶ
2297 1607 2565 1661 πεπότικε
2589 1607 2690 1670 τὰς
2728 1608 2898 1680 Ίοθὸρ
2920 1609 3138 1677 ἀγέλας.
3165 1613 3276 1665 Καὶ
3308 1613 3470 1682 μόνος
3493 1613 3548 1666 δὲ
3572 1613 3660 1667 τὸν
3687 1613 3763 1668 λί-

485 1708 577 1760 θον
619 1709 947 1762 ἁπεκὺλισεν
1003 1707 1218 1772 Ἰακὼϐ,
1263 1707 1442 1760 καίτοι
1483 1705 1752 1758 πλείστων
1784 1705 1925 1757 ὅσων
1969 1704 2069 1756 οὐκ
2107 1702 2369 1774 ἀνιδρωτὶ
2393 1703 2552 1757 τοῦτο
2577 1705 2710 1776 δρᾷν
2736 1704 3024 1769 εἰωθότων,
3056 1706 3149 1759 καὶ
3213 1708 3513 1762 πεπότικεν
3569 1708 3762 1778 ὁμοίως

483 1798 553 1852 τὰ
581 1799 768 1854 Λάϐαν
803 1799 1115 1872 θρέμματα.
1155 1799 1265 1852 Καὶ
1301 1797 1490 1868 ὥσπερ
1526 1797 1731 1866 Μωσῆς
1771 1796 1851 1860 είς
1880 1795 2072 1864 ἀνδρὲς
2110 1794 2499 1865 εἰδωλολάτρου
2536 1797 2778 1867 κατῆρεν
2842 1796 3048 1861 ἑστίαν,
3085 1797 3228 1850 οὕτω
3284 1801 3378 1852 καὶ
3409 1802 3441 1852 6
3487 1799 3763 1864 θεσπέσιος

496 1894 712 1948 Ἶακὼὃ.
744 1893 989 1947 Είδώλων
1025 1894 1134 1965 γὰρ
1175 1893 1253 1946 ἔτι
1295 1891 1684 1964 προσκυνητής
1712 1887 1783 1961 ἦν
1826 1893 1856 1944 6
1918 1889 2105 1944 Λάϐαν
2142 1891 2237 1942 καὶ
2270 1891 2636 1962 θεραπευτής.
2693 1891 2909 1963 Ἐπειδὴ
2938 1893 2995 1945 δὲ
3064 1893 3123 1946 τὸ
3166 1893 3274 1946 τῶν
3306 1893 3362 1948 ἐν
3403 1895 3589 1949 πίστει
3626 1895 3764 1950 λαῶν

482 1985 774 2058 πρόσωπόν
803 2004 862 2038 τε
909 1986 1003 2040 καὶ
1058 1986 1246 2056 σχῆμα
1292 1984 1667 2055 περιτέθεικεν
1712 1983 1741 2034 6
1787 1981 1945 2050 λόγος
1991 1979 2072 2051 τῷ
2121 1979 2353 2047 Ἰακὼϐ,
2386 1981 2518 2052 φέρε
2556 1982 2621 2051 δὴ
2688 1981 2935 2054 λέγωμεν
3003 1985 3073 2037 τὰ
3103 1985 3362 2040 ἐσωτάτω
3398 1988 3497 2040 καὶ
3530 2005 3770 2062 κεκρυμ.

483 2079 643 2152 μένα,
677 2079 737 2133 τὸ
771 2079 872 2149 τῆς
908 2080 1147 2151 ἱστορίας
1177 2078 1563 2150 ἀνευρύνοντες
1591 2077 1781 2147 πάχος.

551 2172 606 2226 '5.
632 2170 875 2240 Populus
894 2170 1079 2240 itaque
1100 2179 1338 2233 creatus,
1357 2170 1511 2239 juxta
1531 2168 1833 2222 Psalmistae
1851 2180 2060 2229 vocem,

2239 2169 2310 2231 γ’.
2349 2162 2492 2225 Δαδς
2531 2163 2630 2232 μὲν
2668 2155 2761 2216 οὖν
2806 2165 2834 2216 6
2865 2165 3217 2234 κτιζόμενος,
3250 2166 3394 2221 κατά
3439 2184 3504 2236 γε
3536 2167 3634 2240 τὴν
3673 2169 3764 2224 τοῦ

482 2282 594 2321 non
641 2265 803 2327 alius,
854 2270 916 2317 ut
957 2263 1218 2328 arbitror,
1266 2263 1453 2327 fuerit,
1502 2276 1664 2332 quam
1713 2274 1891 2314 novus
1931 2259 2068 2312 etin

480 2356 726 2420 Christo,
778 2355 885 2410 hoc
937 2362 1042 2418 est,
1079 2354 1173 2424 qui
1221 2370 1320 2424 per
1345 2353 1507 2408 tidem
1539 2353 1595 2406 in
1620 2349 2071 2422 primogenitum

481 2449 711 2519 gloriam
758 2454 984 2501 evectus
1030 2454 1134 2510 est,
1171 2445 1394 2515 repulso
1428 2445 1615 2514 priore
1641 2459 1703 2497 ac
1751 2441 1970 2512 perdito
1996 2441 2071 2495 ls-

482 2537 650 2592 raele.
702 2536 900 2590 Factus
951 2534 1222 2604 siquidem
1277 2545 1361 2589 est
1396 2535 1452 2588 in
1503 2533 1734 2588 caudam
1764 2532 1858 2602 qui
1906 2538 2071 2600 caput

479 2637 621 2694 erat,
658 2629 763 2683 hoc
797 2635 902 2694 est,
951 2629 1105 2698 prior
1134 2645 1149 2694 ;
1179 2628 1386 2698 quique
1415 2637 1542 2683 ante
1569 2627 1803 2681 aliorum
1823 2625 2068 2681 vocatio-

478 2736 607 2775 nem
645 2719 895 2790 cognitus
917 2727 1054 2784 erat,
1082 2719 1288 2774 assecla
1316 2720 1540 2774 dicitur.
1565 2719 1736 2775 Positi
1765 2719 1914 2773 enim
1940 2726 2068 2773 sunt

477 2826 508 2864 a
555 2818 729 2880 tergo,
774 2816 984 2879 etpost
1028 2820 1219 2880 gentes
1245 2810 1528 2865 incedunt.
1555 2809 1941 2880 Supplantator
1967 2809 2071 2862 ita-

477 2917 585 2970 que
624 2910 709 2956 est
742 2901 981 2971 p0pulus
1020 2902 1076 2955 in
1105 2901 1327 2956 Christo
1365 2917 1465 2972 per
1487 2902 1672 2966 ﬁdem,
1703 2908 1868 2971 atque
1893 2901 2068 2956 instar

476 2993 651 3048 divini
675 2993 844 3049 Iacob
869 3003 956 3048 est
986 2993 1529 3048 habitus.'Primitiae
1548 3009 1684 3048 vero
1709 2993 1940 3070 hujusce
1968 3007 2065 3062 ge-

475 3085 628 3140 neris
656 3085 914 3140 censendi
943 3093 1073 3140 sunt
1097 3087 1270 3140 sancti
1295 3086 1550 3156 apostoli,
1583 3085 1678 3155 qui
1705 3084 1814 3139 orti
1839 3084 2065 3154 quidem

473 3187 606 3232 sunt
649 3193 718 3232 ex
757 3178 1022 3247 sanguine
1061 3185 1118 3232 et
1152 3193 1351 3247 genere
1383 3177 1550 3232 Israel
1579 3193 1593 3241 ;
1618 3183 1908 3247 postquam
1933 3189 2065 3228 vero

476 3268 640 3323 ﬁdem
692 3270 749 3324 in
803 3270 1024 3324 Christo
1069 3268 1252 3337 adepti
1295 3277 1444 3332 sunt,
1503 3282 1568 3322 ac
1603 3267 1772 3322 veluti
1803 3281 2064 3321 coronam

473 3362 768 3432 quamdam
829 3361 1071 3432 Spiritus
1130 3361 1304 3414 sancti
1346 3361 1576 3431 gratiam
1625 3359 1900 3430 capitibus
1949 3360 2065 3415 suis

483 3455 850 3525 adaptarunt,
899 3454 1096 3509 oﬂ‘ensi
1148 3461 1279 3508 sunt
1324 3453 1392 3507 iis
1452 3452 1547 3522 qui
1593 3468 1662 3507 ex
1713 3467 1912 3523 genere
1961 3466 2063 3506 suo

2173 2255 2487 2315 Ψάλλοντος
2519 2254 2724 2324 φωνὴν,
2755 2254 2839 2326 εἴη
2870 2255 2936 2309 ἂν
2960 2257 3057 2327 οὐχ
3086 2257 3273 2329 ἕτερος
3293 2254 3450 2330 οἶμαί
3476 2276 3598 2325 που,
3631 2261 3763 2335 πλὴν

2172 2347 2201 2400 6
2231 2347 2347 2409 νέος
2379 2345 2476 2398 καὶ
2509 2347 2566 2398 ἐν
2598 2346 2820 2417 Χριστῷ
2840 2387 2855 2413 ,
2887 2349 3188 2413 τουτέστιν,
3224 2349 3253 2402 6
3290 2349 3380 2403 διὰ
3415 2351 3650 2413 πίστεως
3687 2354 3762 2416 είς

2173 2438 2270 2510 τὴν
2318 2436 2413 2491 τοῦ
2458 2439 2806 2508 πρωτοτόκου
2851 2438 3008 2497 δόξαν
3059 2443 3575 2512 παρενηνεγμένος,
3625 2461 3760 2515 παρ-

2173 2530 2404 2595 ωθέντος
2427 2533 2521 2584 τοῦ
2548 2531 2767 2603 πρώτου
2790 2533 2881 2587 καὶ
2896 2533 3375 2606 ὠλισθηκότος-τοῦ
3415 2536 3649 2609 Ἰσραήλ,
3674 2537 3762 2591 Γέ-

2171 2639 2299 2690 γονε
2353 2623 2464 2692 γὰρ
2498 2624 2579 2686 εἰς
2629 2623 2799 2695 οὐρὰν
2840 2626 2869 2678 ὁ
2913 2625 3177 2696 ὑπάρχων
3214 2626 3466 2697 κεφαλὴ,
3504 2628 3759 2695 τουτέστι,

2170 2707 2444 2779 προῦχων,
2471 2710 2563 2762 καὶ
2587 2711 2616 2762 ὁ
2639 2713 3118 2783 προεγνωσμένος,
3147 2715 3248 2784 τῆς
3285 2715 3371 2768 ἐτέ
3381 2734 3493 2786 ρων
3524 2717 3761 2788 κλήσεως

2171 2800 2641 2872 παρακολούθημα
2688 2801 2927 2870 λέγεται.
2971 2804 3253 2859 Τέθεινται
3289 2807 3404 2878 γὰρ
3453 2809 3536 2872 εἰς
3575 2809 3758 2872 νῶτον,

2171 2891 2262 2945 καὶ
2301 2893 2532 2946 κατόπιν
2573 2894 2685 2947 ῐασι
2723 2892 2833 2947 τῶν
2882 2894 3075 2952 ἐθνῶν.
3128 2898 3476 2971 Πτερνιστής
3520 2897 3614 2955 οὖν
3657 2903 3760 2974 ἄρα

2167 2981 2294 3046 λαὸς
2325 2985 2353 3036 6
2383 2985 2440 3037 ἐν
2467 2985 2690 3055 Χριστῷ
2715 2985 2805 3039 διὰ
2836 2986 3094 3054 πίστεως,
3123 2990 3217 3043 καὶ
3243 2991 3319 3054 ὡς
3347 2992 3411 3045 ἐν
3435 2992 3586 3060 τάξει
3617 2993 3758 3047 λελό-

2167 3093 2349 3142 γισται
2383 3079 2448 3148 τῇ
2495 3078 2637 3131 κατὰ
2673 3079 2764 3130 τὸν
2807 3079 3095 3135 θεσπέσιον
3148 3082 3368 3138 Ἰακώῦ.
3404 3085 3596 3139 Νοοῖτο
3627 3085 3671 3139 δ’
3698 3084 3760 3140 ἂν

2167 3167 2242 3232 ὡς
2277 3171 2335 3222 ἐν
2385 3170 2607 3242 ἀπαρχῇ
2649 3169 2743 3224 τοῦ
2789 3171 3036 3226 τοιούτου
3090 3174 3317 3243 γένους,
3365 3179 3400 3231 6
3444 3177 3553 3232 τῶν
3598 3177 3759 3248 ἁγίων
3855 3207 3858 3212 ι

2167 3261 2480 3314 ἀποστόλων
2512 3262 2692 3333 χορὸς,
2725 3263 2774 3316 οἳ
2805 3266 3065 3332 γεγόνασι
3101 3265 3201 3337 μὲν
3227 3267 3287 3332 ἐξ
3318 3269 3564 3339 αἵματός
3593 3287 3651 3323 τε
3671 3268 3760 3322 καὶ

2166 3359 2356 3428 γένους
2395 3359 2614 3430 Ἰσραήλ
2633 3376 2647 3391 ο
2680 3359 2868 3430 ἐπειδὴ
2895 3360 2952 3413 δέ
2977 3360 3076 3432 τὴν
3102 3362 3159 3414 ἐν
3187 3363 3422 3435 Χριστῷ
3455 3364 3637 3418 πίστιν
3663 3381 3753 3416 πε·

2167 3447 2550 3519 πλουτήκασι,
2577 3449 2672 3502 καὶ
2708 3447 2898 3521 ῶσπερ
2938 3450 3059 3504 τινὰ
3107 3451 3388 3519 στέφανον
3433 3453 3536 3525 τὴν
3571 3454 3636 3508 ἐκ
3669 3451 3760 3506 τοῦ

471 3513 650 3600 erant.
681 3545 894 3599 Idcirco
918 3545 985 3599 ad
1015 3545 1220 3600 caadem
1259 3513 1488 3614 pronos-
1507 3550 1563 3597 et
1590 3513 1851 3597 ferociter
1872 3541 2060 3597 furen-

2163 3541 2319 3608 ἁγίου
2348 3513 2670 3611 ΪΙνεύματος
2699 3513 3030 3611 ἀνεδήσαντο
3056 3513 3240 3612 χάριν,
3272 3513 3757 3617 προσκεκρούκασι

471 3647 559 3694 tes
605 3639 992 3701 deseruerunt,
1045 3651 1110 3691 ac
1154 3643 1368 3690 tantum
1415 3651 1524 3689 non
1554 3651 1584 3690 a
1619 3642 1849 3705 paterna
1871 3635 2056 3701 domo,

470 3731 700 3801 ipsaque
758 3728 896 3782 adeo
937 3729 1115 3798 patria
1173 3728 1550 3793 discedentes,
1615 3727 1685 3782 ab
1728 3727 2054 3793 Jerusalem,

471 3821 718 3893 inquam,
761 3822 877 3876 sive
911 3821 1227 3876 Judaaorum
1257 3822 1503 3892 regione,
1530 3819 1596 3875 ad
1621 3827 1812 3891 gentes
1836 3835 1894 3875 se
1920 3834 2056 3874 con-

469 3914 739 3977 tulerunt,
788 3911 1070 3967 Christum
1117 3912 1385 3967 habentes
1431 3910 1835 3974 auxiliatorem,
1885 3919 1941 3964 et
1986 3909 2055 3963 ad

468 4020 635 4060 omne
677 4006 884 4059 bonum
933 4005 1260 4076 adjutorem,
1317 4005 1657 4074 comitesque
1694 4003 1935 4074 angelos,
1959 4017 2054 4056 su-

449 4087 641 4167 'perna
661 4113 756 4167 spe
776 4097 1026 4161 stabiliti,
1059 4104 1223 4167 atque
1248 4103 1629 4167 exspectantes
1663 4095 1782 4150 fieri
1816 4113 1834 4145 ι
1868 4102 2055 4164 patres

467 4187 769 4243 multarum
801 4187 1048 4256 gentium
1093 4186 1114 4218 ³
1144 4204 1157 4240 :
1193 4205 1211 4237 ›
1256 4186 1393 4240 adeo
1431 4192 1493 4238 ut
1516 4185 1573 4238 in
1606 4192 1788 4238 ortum
1810 4189 1866 4237 et
1897 4197 2056 4237 occa-

465 4293 610 4343 sum,
659 4277 886 4332 boream
923 4287 980 4332 et
1017 4285 1265 4331 austrum
1306 4276 1553 4345 ipsorum
1577 4289 1763 4328 semen
1788 4289 2055 4344 propaga-

463 4377 656 4433 retur;
699 4367 853 4436 121
911 4367 1016 4422 hoc
1069 4374 1175 4431 est,
1225 4367 1318 4435 qui
1345 4381 1444 4435 per
1471 4365 1634 4420 ﬁdem
1659 4365 1969 4436 regenerati
1993 4364 2051 4417 in

461 4460 682 4529 spiritu,
727 4468 785 4513 et
832 4458 888 4512 in
931 4457 1154 4512 Christo
1195 4456 1481 4528 justiticati
1507 4463 1679 4525 sunt;
1720 4473 1860 4527 quos
1882 4456 2049 4512 etiam

460 4551 814 4621 compellant,
847 4550 1135 4604 dicentes:
1186 4567 1203 4599 ι
1238 4549 1346 4604 Vos
1380 4555 1562 4603 autem
1589 4564 1762 4620 genus
1788 4549 2047 4614 electum,

463 4643 645 4712 regale
671 4641 1214 4712 sacerdotium,gcns
1252 4649 1462 4707 sancta,
1498 4642 1736 4712 populus
1771 4640 1866 4710 qui
1890 4641 2048 4694 lucro

459 4732 714 4795 accessit,
762 4740 824 4786 ut
873 4733 1108 4787 virtutes
1155 4733 1471 4803 prmdicetis
1503 4732 1670 4796 illius,
1709 4731 1804 4800 qui
1841 4746 1941 4784 vos
1978 4729 2046 4785 de

461 4825 712 4881 tenebris
760 4825 975 4881 vocavit
1021 4826 1076 4880 in
1119 4826 1444 4880 admirabile
1493 4824 1679 4877 lumen
1725 4837 1906 4876 suum.
1940 4820 2043 4887 Qui

456 4914 738 4984 quondam
770 4915 938 4971 eratis
972 4931 1083 4971 non
1121 4915 1378 4985 populus,
1416 4928 1564 4968 nunc
1601 4921 1784 4967 autem
1810 4914 2047 4982 p0pulus

461 5007 614 5062 Dei‘.
642 5027 661 5059 ι
695 5005 850 5074 Quod
883 5024 1016 5063 vero
1047 5026 1064 5058 ι
1097 5016 1280 5077 patres
1305 5005 1690 5076 populorum,»
1726 5005 1819 5074 qui
1848 5005 1918 5060 ad
1949 5005 2050 5061 do-

458 5099 665 5154 cendos
686 5115 788 5154 eos
823 5097 1109 5155 constituti
1147 5104 1298 5163 sunt,
1349 5098 1404 5151 in
1461 5095 1637 5152 sacris
1676 5095 1904 5152 Litteris
1954 5112 2050 5152 vo—

457 5200 675 5256 centur,
712 5205 840 5263 .quo
891 5196 1052 5258 pacto
1107 5188 1336 5242 dubium
1378 5202 1499 5243 esse
1528 5187 1743 5258 possit?
1774 5188 2050 5243 Discesse-

461 5291 590 5337 runt
625 5283 810 5351 itaque
857 5297 888 5336 e
925 5280 1237 5336 Judaeorum
1281 5282 1534 5372 regione,
1588 5280 1892 5350 relictoque
1944 5295 2039 5334 su-

457 5373 633 5441 perbo
674 5388 738 5428 ac
776 5371 1176 5426 contumelioso
1207 5375 1410 5442 populo
1445 5373 1514 5426 ad
1549 5380 1738 5443 gentes
1762 5371 2038 5435 abierunt,

396 5486 400 5489 ·
453 5467 608 5535 juxta
634 5465 932 5520 Salvatoris
959 5464 1131 5518 nostri
1155 5473 1486 5534 pmceptum
1515 5465 1557 5517 ⁵.
1595 5464 1866 5519 Οωιετιιιη
1895 5463 2044 5533 quod

458 5565 707 5626 pastores
734 5556 845 5610 sint
880 5556 1176 5627 spiritales,
1209 5569 1274 5610 ac
1295 5555 1600 5626 disciplinae
1627 5555 1824 5609 divina:
1854 5554 2040 5624 periti,

453 5648 645 5703 statim
693 5647 993 5713 declarant,
1036 5662 1382 5718 nequaquam
1415 5647 1622 5703 otiosos
1649 5661 1771 5701 esse
1798 5645 2044 5701 sinentes

2161 3635 2272 3694 τοῖς
2317 3633 2383 3685 ἐκ
2425 3633 2635 3700 γένους.
2683 3632 2952 3705 Ταύτῃτοι
2999 3634 3308 3702 φονῶντας,
3365 3638 3464 3691 καὶ
3513 3638 3620 3709 μὴν
3665 3633 3757 3690 καὶ

2159 3725 2368 3795 ἀγρίως
2402 3724 2889 3796 ἐκλελυττηκότας,
2928 3725 3440 3796 καταλιμπάνουσι,
3477 3727 3754 3800 μονονουχὶ

2157 3815 2214 3870 δὲ
2257 3816 2352 3870 καὶ
2389 3816 2648 3887 πατρῴας
2686 3818 2896 3885 ἑστίας,
2931 3818 3025 3872 καὶ
3070 3818 3243 3889 αὐτῆς
3290 3821 3393 3893 τῆς
3425 3804 3754 3892 ἐνεγκοῦσης

2157 3909 2591 3978 ἀπανιστάμενοι
2617 3909 2742 3978 γῆς,
2777 3911 2924 3980 φημὶ
2965 3910 3028 3981 δή
3062 3910 3160 3980 τῆς
3198 3911 3570 3985 Ἰερουσαλὴμ
3594 3953 3609 3978 ,
3638 3914 3752 3984 ἦτοι

2156 3999 2255 4071 τῆς
2299 4000 2572 4054 Ἰουδαίων
2609 4001 2816 4072 χώρας,
2852 4004 2918 4072 τῇ
2960 4001 3069 4056 τῶν
3103 4001 3275 4056 ἐθνῶν
3317 4004 3780 4074 προσϐάλλουσῃ.

2156 4091 2392 4161 Χριστὸν
2455 4091 2670 4162 ἔχοντες
2726 4094 3014 4166 ἀρρωγὸν,
3073 4095 3170 4148 καὶ
3222 4095 3363 4166 πρὸς
3417 4099 3528 4153 πᾶν
3575 4096 3751 4151 ὁτιοῦν

2156 4185 2263 4237 τῶν
2327 4184 2552 4254 ἀγαθῶν
2633 4186 3010 4258 συλλήπτορα,
3081 4189 3174 4242 καὶ
3249 4189 3743 4262 συμπαραθέοντας

2155 4274 2282 4338 τοὺς
2311 4275 2600 4344 ἀγγέλους,
2641 4277 2735 4329 καὶ
2755 4277 2940 4330 ἐλπίσι
2986 4279 3110 4340 ταῖς
3157 4277 3366 4333 ἄνωθεν
3420 4279 3747 4352 ἐρηρεισμέ-

2157 4381 2239 4418 νοι
2267 4365 2385 4425 ,καὶ
2429 4364 2840 4436 προσδοκῶντες
2883 4365 3104 4420 ἔσεσθαι
3157 4384 3176 4417 ι
3229 4361 3470 4438 πατέρες
3539 4365 3745 4421 πολλῶν

2153 4455 2351 4522 ἐθνῶν,
2401 4475 2418 4508 ι
2455 4457 2532 4520 ὡς
2579 4457 2659 4520 εἰς
2701 4457 2785 4526 ήῶ
2832 4475 2892 4512 τε
2947 4459 3038 4512 καὶ
3083 4459 3258 4524 δύσιν,
3291 4459 3503 4532 βορρᾶν
3547 4477 3609 4514 τε
3656 4459 3744 4513 καὶ

2153 4549 2324 4614 νότον,
2365 4549 2428 4602 τὸ
2461 4549 2521 4616 ἐξ
2567 4550 2748 4604 αὐτῶν
2791 4551 3125 4606 ἐκτείνεσθαι
3181 4555 3440 4625 σπέρμα,
3475 4553 3742 4616 τουτέστι,

2151 4640 2278 4704 τοὺς
2340 4640 2431 4693 διὰ
2485 4641 2720 4706 πίστεως
2772 4643 3258 4715 ἀναγεννωμένους
3320 4647 3380 4699 ἐν
3452 4646 3742 4715 πνεύματι,

2151 4731 2245 4784 καὶ
2301 4733 2359 4783 ἐν
2420 4731 2642 4803 Χριστῷ
2703 4733 3182 4805 δεδικαιωμένους.
3242 4729 3342 4799 Οἷς
3407 4736 3505 4790 καὶ
3579 4751 3740 4806 προσο

2151 4822 2392 4892 εφώνουν
2431 4823 2711 4892 λέγοντες·
2771 4845 2789 4877 ι
2834 4827 3027 4898 Ὑμεῖς
3051 4828 3115 4899 δὴ
3146 4828 3300 4896 γένος
3326 4829 3614 4890 ἐκλεκτὸν,
3652 4827 3742 4896 βα-

2153 4913 2347 4968 σίλειον
2366 4915 2688 4986 ἱεράτευμα,
2711 4915 2862 4982 ἔθνος
2893 4917 3070 4985 ἅγιον,
3094 4918 3223 4983 λαὸς
3248 4921 3328 4982 είς
3359 4918 3736 4992 περιποίησιν,

2148 5007 2297 5071 ὅπως
2342 5006 2441 5070 τὰς
2467 5007 2669 5079 ἀρετὰς
2717 5007 3070 5081 ἐξαγγείλητε
3100 5011 3194 5063 τοῦ
3227 5013 3292 5064 ἐκ
3327 5013 3562 5076 σκότους
3599 5013 3739 5081 ὑμᾶς

2149 5099 2480 5162 καλέσαντος
2509 5100 2590 5162 εἰς
2611 5100 2674 5153 τὸ
2695 5100 3011 5171 θαυμαστὴν
3041 5102 3210 5156 αὐτοῦ
3247 5102 3386 5171 φῶς.
3427 5105 3494 5158 Οί
3523 5104 3652 5158 ποτέ
3677 5102 3734 5156 οὐ

2146 5189 2293 5254 λαὸς,
2313 5189 2409 5243 νῦν
2428 5190 2485 5243 δὲ
2518 5190 2646 5254 λαὸς
2669 5191 2805 5244 Θευῦ
2835 5194 2890 5246 ἐν
2922 5192 3162 5263 Χριστῷ.
3187 5213 3206 5246 ι
3230 5195 3354 5247 ’Ὀτι
3379 5195 3440 5249 δέ
3479 5195 3736 5263 πατέρας

2147 5280 2313 5334 λαῶν
2361 5282 2411 5333 οἱ
2453 5281 2725 5336 διδάσκειν
2769 5283 2966 5348 αὐτοὺς
3004 5287 3432 5356 ἐπιτεταγμένοι
3475 5289 3626 5362 παρὰ
3669 5289 3732 5358 τῇ

2147 5371 2268 5442 θείᾳ
2294 5371 2589 5444 κέκληνται
2628 5375 2842 5446 Γραφῇ,
2869 5376 2986 5440 πῶς
3016 5377 3083 5431 ἂν
3113 5379 3410 5433 ἐνδοιάσειέ
3435 5397 3560 5446 τις;
3609 5381 3734 5434 ’Δπο

2145 5463 2490 5532 ενοσιρίξοντο
2515 5464 2694 5520 τοίνυν
2716 5467 2815 5536 τῆς
2832 5467 3102 5522 Ἰουδαίων
3130 5469 3336 5541 χώρας,
3365 5473 3463 5526 καὶ
3489 5473 3582 5527 τὸν
3605 5471 3730 5525 ἀλα⁶

2147 5555 2276 5620 ζόνα
2304 5556 2400 5610 καὶ
2432 5555 2696 5629 ὑϐριστὴν
2741 5559 2970 5625 ἀφέντες
3022 5559 3185 5628 λαὸν,
3223 5563 3558 5633 ἐστρέφοντο
3600 5560 3729 5632 πρὸς

2145 5645 2213 5700 τὰ
2242 5645 2392 5720 ἔθνη,
2421 5648 2563 5704 κατὰ
2592 5647 2692 5715 τὰς
2722 5647 2818 5704 τοῦ
2844 5649 3098 5723 Σωτῆρος
3126 5651 3289 5723 ήμῶν
3338 5651 3584 5717 ἐντολὰς,
3618 5647 3727 5704 ἀλλ’

537 5830 556 5860 ³
581 5823 719 5882 Gen.
749 5842 877 5893 xvn,
907 5827 960 5880 4.
1048 5826 1067 5857 ⁸
1093 5825 1113 5879 1
1138 5827 1284 5880 Petr.
1318 5842 1376 5892 ιι,
1411 5823 1569 5880 θοοιο.
1648 5824 1670 5856 ⁸
1695 5822 1890 5878 Matth.
1919 5838 2107 5891 xxvm,
2146 5823 2233 5878 19.
