4034 6466
288 410 375 469 ηδτ
1282 398 1806 476 auruncum
1844 400 1881 457 ιι

1951 397 2254 459 GENESIM
2289 398 2422 457 LIB.
2466 396 2553 457 Π.
3437 403 3542 463 ωε

283 534 354 588 δτι
396 520 645 596 ποιμένες
700 517 811 574 εἰσὶ
867 515 1269 589 πνευματικοὶ,
1313 518 1408 572 καὶ
1460 516 1876 589 παιδαγωγίας,

1952 517 2097 575 circa
2133 517 2188 573 id
2221 517 2371 590 quod
2417 518 2554 589 ipsis
2586 515 2824 572 maxime
2852 515 3192 575 conveniens
3220 518 3313 575 sit.
3349 518 3545 583 Statim

281 624 368 695 τῆς
404 615 540 673 κατά
588 612 719 668 Θεὸν
752 610 1144 683 ἐπιστήμονες,
1184 613 1529 684 παραχρῆμα
1567 610 1845 665 δεικνύου-

1951 611 2099 667 enim
2155 625 2467 669 sermonem
2512 608 2781 664 doctrinae
2822 607 2893 664 de
2936 608 3162 665 Christo
3203 621 3544 682 proponunt,

282 731 372 781 σιν,
397 696 690 781 ἀπρακτεῖν
718 706 820 759 οὐκ
849 705 1173 777 ἀνεχόμενοι
1200 705 1329 776 περί¹
1359 706 1421 758 τό
1447 721 1632 775 σφισιν
1660 705 1846 770 αὐτοῖς

1954 718 2184 774 quaeque
2207 702 2582 758 conducibilia
2608 711 2740 757 sunt
2759 701 2938 759 facere
2958 704 3333 774 persuadent;
3355 719 3547 777 quem;

279 808 350 860 ὅτι
377 801 606 875 μάλιστα
632 796 1111 869 πρεπωδέστατον.
1144 793 1585 867 Προσκομίζουσι
1611 794 1722 867 γὰρ
1749 796 1843 849 εὑ-

1955 796 2244 852 admodum
2266 796 2381 851 fere
2409 797 2574 851 etiam
2596 796 2822 853 divinus
2841 796 3012 854 Jacob
3032 800 3349 869 pastoribus
3367 800 3548 858 Char-

279 898 363 962 θὺς
388 894 485 966 τῆς
521 893 580 948 ἐν
614 889 835 963 Χριστῷ
867 888 1222 953 διδασκαλίας
1266 888 1359 943 τὸν
1406 887 1591 959 λόγον,
1645 889 1741 943 καί⁹
1784 887 1847 942 τὸ

1954 905 2067 955 ran,
2124 888 2275 959 quod
2332 889 2450 960 ipse
2514 905 2737 961 quoque
2796 897 2946 946 esset
2999 899 3208 961 pastor,
3256 894 3547 952 manifeste

278 987 496 1059 πεφυκὸς
509 982 763 1053 ὠφελεῖν,
794 979 1154 1035 ἀναπείθουσι
1173 980 1328 1061 δρᾷν.
1353 978 1620 1051 Καθάπερ
1650 978 1845 1051 ἀμέλει

1953 982 2234 1053 explicuit,
2267 981 2461 1038 dicens
2492 1000 2506 1036 :
2544 1001 2561 1034 ι
2601 983 2799 1039 Adhuc
2845 983 3082 1038 multum
3117 984 3231 1040 diei
3270 999 3546 1057 superest,

278 1080 356 1135 καὶ
383 1080 410 1132 6
437 1074 724 1138 θεσπέσιος
769 1071 989 1137 Ἰακὼϐ,
1023 1074 1139 1136 τοῖς
1166 1071 1277 1125 ἀπὸ
1306 1072 1537 1145 Χαρρὰν
1562 1071 1842 1143 ποιμέσιν,

1953 1087 2053 1128 nec
2103 1078 2191 1129 est
2252 1068 2472 1143 tempus
2512 1080 2575 1128 ut
2619 1072 2959 1129 reducantur
2992 1074 3061 1129 ad
3105 1071 3293 1131 caulas
3330 1092 3546 1147 greges.

276 1177 343 1231 ὅτι
376 1171 468 1226 καὶ
512 1168 676 1232 αὐτὸς
704 1166 791 1237 εἴη
839 1165 1081 1238 ποιμὴν,
1133 1164 1367 1238 ἐναργὲς
1408 1164 1586 1219 ἐποίει
1629 1165 1841 1234 λέγων’

1956 1160 2233 1232 Adaquate
2274 1177 2433 1229 oves,
2474 1170 2532 1216 et
2569 1162 2839 1219 abeuntes
2870 1164 3079 1234 pascite
3100 1165 3143 1218 ⁸.
3185 1185 3204 1218 ι
3239 1164 3415 1223 Audis
3439 1183 3549 1237 quo

279 1287 296 1320 ι
333 1266 442 1318 Ἔτι
481 1262 629 1316 ἐστὶν
667 1258 856 1330 ἡμέρα
910 1257 1114 1329 πολλὴ,
1147 1255 1302 1311 οὔπω
1340 1255 1462 1328 ὥρα
1505 1255 1841 1328 συναχθῆναι

1958 1262 2109 1324 pacto
2134 1254 2331 1325 jubeat
2356 1255 2697 1325 pastoribus,
2726 1265 2788 1310 ut
2815 1271 2948 1312 oves
2973 1272 3103 1313 suas
3136 1260 3408 1328 pascant?
3434 1260 3551 1319 Hoc

273 1357 328 1412 τὰ
358 1356 543 1426 κτήνη.
580 1351 914 1414 Ποτίσαντες
946 1350 1017 1405 τά
1061 1349 1345 1422 πρόϐατα,
1394 1347 1724 1413 ἀπελθόντες
1753 1349 1844 1419 βό-

1956 1346 2130 1418 ipsum
2168 1346 2335 1401 etiam
2372 1345 2816 1418 sapientissimus
2845 1348 3154 1420 discipulus
3186 1350 3368 1406 facere
3402 1367 3549 1422 prae-

276 1465 432 1503 σκετε.
463 1465 481 1498 ι
524 1443 775 1509 ’Δκούεις
816 1444 966 1507 ὅπως
1008 1443 1345 1515 κατανέμειν
1386 1443 1727 1515 προστέταχε
1777 1441 1848 1495 τὰ

1959 1439 2095 1510 cepit
2114 1439 2454 1512 presbyteris
2477 1440 2690 1511 populi,
2723 1440 2840 1496 sive
2868 1441 3149 1513 episcopis
3176 1462 3189 1496 .
3234 1462 3254 1495 ι
3291 1442 3552 1500 Seniores

274 1540 493 1614 πρόϐατα
525 1541 641 1603 τοῖς
685 1537 948 1610 ποιμέσι;
985 1536 1158 1591 Τοῦτό
1193 1554 1275 1592 τοι
1322 1538 1417 1591 καὶ
1462 1537 1491 1591 6
1532 1536 1848 1605 σοφώτατος

1957 1531 2138 1603 igitur,
2173 1550 2192 1583 ι
2234 1530 2433 1601 inquit,
2484 1550 2503 1583 ι
2538 1531 2634 1602 qui
2671 1531 2819 1587 inter
2851 1548 2952 1588 vos
2975 1541 3126 1599 sunt,
3159 1533 3413 1600 obsecro,
3454 1535 3550 1606 qui

275 1631 495 1704 μαθητὴς
517 1629 833 1685 ἐνετέλλετο
852 1628 987 1701 δρᾷν
1010 1631 1123 1694 τοῖς
1144 1629 1239 1683 τοῦ
1271 1626 1405 1683 λαοῦ
1427 1628 1844 1700 πρεσϐυτέροις,

1955 1638 2070 1678 sum
2109 1631 2166 1678 et
2193 1624 2310 1693 ipse
2331 1623 2651 1688 consenior,
2678 1640 2745 1679 ac
2778 1626 2938 1681 testis
2962 1627 3282 1696 passionum
3317 1625 3548 1694 Christi,

272 1727 437 1798 ἤγουν,
474 1724 823 1786 ἐπισκόποις.
864 1742 883 1774 ι
923 1722 1340 1795 Πρεσϐυτέρους
1376 1717 1491 1787 οὖν,
1531 1722 1689 1793 φησι,
1719 1723 1848 1787 τοὺς

1961 1726 2114 1787 atque
2150 1715 2299 1771 idem
2350 1731 2580 1772 consors
2615 1717 2807 1788 gloriae
2853 1733 2979 1788 quae
3034 1718 3378 1797 revelabitpr
3410 1737 3423 1773 :
3457 1734 3554 1790 pa—

272 1820 320 1870 ἐν
359 1816 475 1887 ὑμῖν
508 1813 823 1884 παρακαλῶ
868 1812 898 1865 6
955 1811 1468 1884 συμπρεσϐύτερος,
1505 1812 1601 1865 καὶ
1635 1811 1847 1883 μάρτυς

1960 1810 2108 1876 scite,
2153 1811 2250 1881 qui
2286 1811 2343 1865 in
2390 1810 2549 1866 vobis
2586 1819 2693 1878 est,
2735 1827 2955 1883 gregem
2988 1810 3196 1869 Christi
3232 1816 3276 1868 ".
3316 1833 3336 1865 ι
3381 1812 3553 1869 Pera-

270 1907 362 1962 τῶν
383 1904 618 1978 Χριστοῦ
650 1903 1011 1977 παθημάτων,
1051 1904 1080 1954 6
1112 1903 1207 1956 καὶ
1238 1902 1343 1974 τῆς
1382 1901 1684 1974 μελλούσης
1710 1903 1846 1956 ἀπο-

1961 1910 2172 1975 grantes
2215 1904 2402 1975 itaque
2462 1904 2720 1976 regiones
2753 1912 2812 1960 et
2847 1904 3041 1969 urbes,
3081 1920 3247 1975 quam
3280 1904 3554 1976 plurimos

272 1997 626 2054 καλύπτεσθαι
674 1995 837 2067 δόξης
877 1994 1156 2059 κοινωνόςο
1193 1995 1509 2066 Ποιμάνατε
1534 1994 1596 2048 τὸ
1621 1995 1680 2047 ὲν
1710 1994 1841 2065 ὑμῖν

1963 1997 2115 2052 etiam
2164 1997 2303 2053 alios
2348 2006 2599 2069 pastores
2630 1998 2856 2069 populis
2897 1997 3103 2070 praeﬁci
3136 2000 3443 2070 jusserunt,
3472 2007 3556 2053 at-

279 2092 492 2163 ποίμνιον
518 2088 624 2143 τοῦ
666 2087 937 2160 Χριστοῦ.
978 2107 996 2140 ι
1032 2089 1276 2150 Διιόντες
1306 2088 1365 2141 δὲ
1398 2088 1543 2144 κατά
1567 2087 1753 2159 χώραν
1781 2105 1842 2142 τε

1962 2105 2055 2160 lue
2081 2090 2271 2147 ovium
2298 2091 2649 2147 rationalium
2680 2107 2871 2147 curam
2894 2106 3087 2164 gerere
3115 2109 3128 2146 :
3162 2106 3388 2162 pascere
3416 2107 3555 2148 vero

280 2182 352 2237 καὶ
399 2181 584 2244 πόλιν,
650 2181 884 2252 μυρίοθς
933 2181 1095 2243 ὅσους
1158 2181 1251 2234 καὶ
1300 2180 1525 2253 ἑτέρους
1575 2179 1843 2251 ποιμένας

1959 2182 2360 2254 quodammodo
2418 2183 2475 2237 in
2530 2183 2753 2254 pascuis
2791 2183 2974 2249 bonis,
3023 2191 3080 2238 et
3109 2181 3309 2237 inloco
3335 2181 3552 2253 pingui,

272 2272 531 2346 ἐφεστάναι
582 2272 968 2344 προσέταττον
986 2275 1111 2337 ’τοῖς
1141 2271 1313 2337 λαοῖς,
1342 2274 1438 2328 καὶ
1464 2273 1576 2327 τῶν
1606 2272 1843 2343 λογικῶν

1959 2291 2014 2332 ιο
2041 2277 2214 2332 veluti
2242 2277 2299 2331 in
2321 2275 2734 2331 ﬂoridissimam
2758 2276 2990 2331 herbam
3013 2274 3312 2342 deducere,
3339 2290 3552 2331 sacram

270 2368 528 2442 προϐάτων
551 2367 839 2422 ποιεῖσθαι
854 2368 1113 2441 φροντίδα
1128 2385 1145 2401 ο
1174 2369 1536 2424 καταϐόσκειν
1555 2368 1634 2434 δὲ,
1652 2367 1843 2442 ὥσπερ

1959 2368 2213 2424 nimirum
2276 2367 2645 2440 Scripturam.
2710 2367 3001 2425 Sulliciens
3055 2368 3207 2425 enim
3265 2369 3336 2425 ad
3380 2369 3552 2426 vitam

268 2464 316 2518 ἐν
338 2465 463 2536 νομῇ
503 2461 721 2535 ἀγαθῇ,
750 2463 848 2516 καὶ
899 2463 958 2515 ὲν
1004 2463 1158 2534 τόπῳ
1206 2462 1374 2526 πίονι,
1433 2463 1527 2516 καὶ
1577 2465 1658 2528 εἰς
1702 2462 1842 2517 πόαν

1963 2463 2147 2518 mimae
2180 2462 2341 2518 cibus
2395 2470 2481 2517 est
2520 2462 2751 2518 verbum
2789 2462 2908 2518 Dei.
2970 2462 3189 2518 Dictum
3239 2461 3428 2533 itaque
3483 2463 3556 2518 sit

266 2555 429 2629 ὥσπερ
464 2555 837 2627 ἀποκομίζειν
875 2554 1311 2627 εὖανθεστὰτην,
1353 2557 1452 2628 τὴν
1483 2556 1842 2612 θεόπνευστον

1958 2557 2267 2629 pastoribus
2311 2556 2658 2628 spiritalibus
2690 2575 2703 2611 :
2734 2556 2938 2613 Curam
2963 2572 3092 2628 gere
3122 2555 3320 2612 viridis
3348 2555 3551 2627 campi,

266 2648 486 2721 Γραφήν.
534 2648 805 2721 Ζωαρκὲς
852 2649 962 2721 γὰρ
1018 2648 1223 2719 ἔδεσμα
1276 2650 1527 2722 ψυχῆς,ό
1560 2650 1656 2704 τοῦ
1702 2651 1841 2729 Θεοῦ

1959 2659 2003 2708 et
2053 2661 2230 2708 metes
2266 2650 2520 2717 herbam,
2565 2660 2623 2708 et
2664 2652 2861 2724 collige
2904 2651 3093 2706 fenum
3137 2649 3552 2722 tempestivum,

263 2741 416 2813 λόγος.
445 2742 710 2816 Εἰρήσθω
740 2741 806 2814 δὴ
852 2736 946 2796 οὖν
988 2742 1217 2814 ποιμέσι
1260 2745 1375 2807 τοῖς
1415 2747 1840 2815 πνευματικοῖς,

1960 2754 2009 2801 at
2035 2745 2242 2801 habeas
2260 2760 2393 2801 oves
2416 2745 2474 2800 in
2502 2746 2791 2801 vestitum.
2816 2745 3095 2801 Caeterum
3128 2744 3360 2801 fuerunt
3383 2742 3553 2799 etiam

262 2835 496 2911 ἐπιμελοῦ
523 2835 651 2891 τῶν
666 2836 726 2889 ὲν
748 2836 919 2907 πεδίῳ
945 2835 1197 2907 χλωρῶν,
1224 2837 1321 2890 καὶ
1344 2840 1527 2908 κερεῖς
1552 2836 1712 2900 πόαν,
1746 2835 1843 2891 καὶ

1961 2837 2053 2893 ilia
2100 2839 2315 2894 ratione
2355 2845 2543 2908 patres
2564 2839 2812 2909 gentium
2846 2838 3022 2893 sancti
3050 2837 3330 2908 discipuli,
3360 2837 3554 2908 longe-

263 2927 509 2997 συνάγαγε
543 2929 748 2999 χόρτον
781 2924 1015 2997 ὥριμον,
1045 2925 1133 2979 ῖνα
1168 2925 1300 3000 ἔχῃς
1328 2926 1579 2998 πρόϐατα
1608 2927 1688 2990 είς
1712 2927 1843 2997 ίμα-

1962 2949 2053 3004 jue
2083 2934 2467 3004 praestantiore
2508 2946 2574 2986 ac
2615 2931 2838 2987 veriore
2885 2930 3139 2987 doctrina
3189 2945 3286 2987 eos
3335 2929 3555 2985 imbue-

260 3021 459 3092 τισμόν’
500 3020 769 3090 γεγόνασι
803 3019 861 3073 δὲ
896 3018 992 3072 καὶ
1040 3017 1248 3091 ἑτέρως
1289 3019 1450 3106 παρα
1469 3021 1581 3084 τοῖς
1630 3019 1841 3073 ἔθνεσιν

1964 3032 2099 3090 ·ιιῐιι,
2133 3040 2300 3095 quam
2336 3024 2587 3095 ipsorum
2618 3031 2891 3095 pastores,
2922 3022 3032 3078 hoc
3048 3030 3153 3089 est,
3190 3023 3473 3094 sapientes
3498 3033 3557 3079 et

259 3110 298 3165 οἰ
330 3111 603 3165 θεσπέσιοι
644 3109 916 3183 μαθηταὶ,
954 3111 1052 3164 καὶ
1076 3108 1186 3164 τῶν
1214 3111 1347 3183 παρ’
1372 3111 1608 3176 ἐκείνοις
1646 3112 1843 3184 ποιμέ-

1961 3116 2216 3189 magistri.
2259 3116 2420 3184 Quod
2458 3131 2593 3173 vero
2637 3116 2849 3187 majore
2881 3116 3059 3171 multo
3086 3115 3288 3171 robore
3317 3130 3383 3171 ac
3411 3130 3554 3186 prae-

258 3220 368 3271 νων,
398 3205 674 3267 τουτέστι,
709 3203 895 3275 σοφῶν
915 3220 975 3257 τε
1005 3204 1100 3258 καὶ
1126 3202 1484 3271 διδασκάλων,
1522 3205 1842 3276 καθηγηταὶ

1961 3209 2150 3267 stantia
2205 3210 2364 3280 122
2408 3209 2624 3281 praediti
2679 3209 2890 3265 fuerint
2941 3208 3203 3280 discipuli
3249 3224 3415 3280 quam
3450 3208 3554 3274 illi,

256 3296 620 3363 διεδείκνυντο,
646 3298 746 3369 τὴν
773 3295 1152 3368 ἀληθεστέραν
1175 3298 1292 3360 τοῖς
1309 3295 1688 3368 ἀκροωμένοις
1712 3304 1845 3351 παι-

1966 3299 2111 3355 ‘acile
2162 3300 2292 3371 quis
2349 3300 2646 3373 intelligat,
2700 3299 2837 3355 illud
2891 3299 3360 3356 animadvertens.
3391 3299 3559 3371 Lapis

256 3388 514 3460 δαγωγίαν
543 3391 925 3463 εἰσφέροντες.
966 3391 1077 3445 Καὶ
1115 3389 1199 3443 ὅτι
1227 3388 1365 3444 πολὺ
1403 3389 1469 3461 δὴ
1501 3389 1624 3442 λίαν
1657 3388 1849 3443 εὐσθε-

1964 3388 2101 3443 enim
2129 3387 2386 3445 immensi
2420 3389 2687 3461 ponderis
2707 3398 2877 3461 puteo
2908 3391 3205 3462 impositus
3223 3399 3364 3457 erat,
3390 3405 3557 3462 quem

255 3483 487 3556 νέστερόν
535 3500 600 3538 τε
655 3484 752 3539 καὶ
793 3482 1021 3555 ἄμεινον
1057 3482 1091 3554 ἢ
1123 3484 1342 3550 ἐκεῖνοι,
1373 3482 1535 3554 τυχὸν
1560 3482 1728 3556 εἰδείη
1767 3500 1848 3546 τις

1964 3481 2173 3552 ιιιίἀεηι
2234 3490 2488 3554 pastores
2535 3484 2848 3555 conjunctis
2900 3484 3117 3541 viribus
3148 3500 3293 3556 aegre
3326 3485 3557 3540 amolie-

257 3572 312 3627 ἂν
327 3575 413 3628 καὶ
429 3574 553 3630 λίαν
568 3568 840 3642 εὐκόλως,
859 3575 1041 3628 ἐκεῖνο
1060 3573 1242 3628 διενθυ
1251 3572 1352 3645 μού
1361 3590 1545 3645 μενος.
1564 3576 1636 3628 Δυ
1645 3573 1850 3647 σαχθὴς

1969 3581 2168 3629 tantur.
2211 3574 2478 3631 Praestitit
2511 3582 2697 3631 autem
2749 3575 2856 3632 hoc
2881 3577 3033 3632 solus
3055 3575 3245 3633 Jacob.
3282 3575 3562 3644 Quidnam

259 3664 345 3734 μὲν
374 3665 479 3739 γὰρ
510 3664 590 3736 τῷ
642 3664 844 3737 φρέατι
878 3663 1028 3728 λίθος
1071 3663 1349 3732 ἐπέκειτο,
1382 3663 1442 3719 δν
1484 3664 1714 3737 πλείστη
1750 3666 1849 3738 μὲν

1968 3666 2116 3737 gitur
2143 3678 2366 3738 puteus,
2396 3667 2532 3738 quid
2560 3682 2757 3723 rursus
2798 3667 2941 3739 lapis
2968 3667 3260 3740 signiﬁcet,
3319 3682 3418 3738 age
3455 3681 3559 3738 pro

256 3755 345 3825 ὅση
393 3755 678 3828 ποιμένων
727 3755 978 3828 ἀθροισις
1024 3754 1337 3809 ἀπεσάλευε
1387 3754 1560 3826 μόλις.
1593 3754 1766 3828 Ἐδρα
1791 3754 1848 3808 δὲ

1965 3758 2107 3813 virili
2140 3758 2411 3814 dicamus.
2444 3758 2525 3814 Ita
2552 3759 2701 3814 enim
2726 3766 3013 3830 pastorum
3044 3758 3265 3815 roboris
3291 3758 3558 3814 dlll’eren-

255 3848 393 3903 τοῦτο
423 3851 518 3904 καὶ
559 3851 729 3922 μόνος
753 3852 782 3903 6
821 3847 1038 3903 Ἰακώϐ.
1081 3848 1148 3902 Τί
1186 3849 1369 3903 τοίνυν
1396 3848 1457 3902 τὸ
1483 3849 1683 3921 φρέαρ,
1712 3847 1764 3901 τί
1790 3847 1848 3901 δὲ

2031 3866 2090 3905 ,ω
2123 3850 2462 3922 exploratam
2501 3850 2853 3916 habebimus,
2892 3859 3276 3921 quantumque
3299 3848 3559 3921 discipuli

259 3940 315 4012 δὴ
344 3939 407 3997 αὖ
457 3944 553 3998 καὶ
580 3945 612 3999 ὁ
648 3941 800 4006 λίθος
830 3942 1245 4014 ὑποσημήνειεν
1293 3940 1380 4007 ἂν,
1428 3940 1561 4012 φέρε
1595 3941 1851 4011 λέγωμεν

1962 3942 2264 3998 Salvatoris
2291 3943 2606 4014 cognitione
2643 3943 3028 4009 excelluerint,
3060 3942 3413 3997 manifestum
3443 3939 3555 3996 lict.

253 4033 318 4099 ὡς
360 4035 456 4092 ἔνι.
486 4034 778 4107 Εἰσόμεθα
822 4033 933 4107 γὰρ
961 4034 1079 4101 ὡδὶ,
1130 4035 1227 4088 καὶ
1275 4035 1376 4104 τῆς
1414 4032 1526 4087 τῶν
1574 4033 1851 4105 ποιμένων
1894 4032 2080 4105 ἰσχύος
2106 4036 2207 4109 τὴν
2236 4035 2526 4107 διαφορὰν,
2571 4036 2670 4089 καὶ
2707 4034 2770 4089 τὸ
2837 4034 2897 4086 ἐν
2940 4034 3158 4089 συνέσει
3201 4028 3440 4105 προῦχόν
3498 4045 3561 4086 τε

257 4128 339 4182 καὶ
368 4129 801 4204 ὑπερκείμενον,
827 4124 937 4185 τῶν
975 4126 1238 4200 μαθητῶν
1267 4126 1364 4180 τοῦ
1391 4127 1670 4200 Σωτῆρος.

314 4221 373 4278 δ’.
403 4223 603 4279 Ὕδατι
664 4221 849 4277 τοίνυν
888 4219 1191 4292 ἀφομοιοῦν
1221 4219 1343 4284 ἔθος
1393 4223 1461 4294 τῇ
1503 4220 1720 4294 Γραφῇ.
1746 4220 1847 4293 τὴν

2017 4222 2070 4277 4.
2102 4221 2284 4278 Sacra;
2319 4221 2491 4294 igitur
2515 4219 2818 4291 Scriptum
2862 4218 3208 4276 consuetudo
3243 4226 3332 4274 est
3369 4217 3561 4288 cogni—

256 4315 373 4388 περὶ
398 4315 531 4370 Θεοῦ
564 4314 801 4386 γνῶσιν.
836 4313 963 4366 Ὅτι
1000 4313 1110 4385 γὰρ
1138 4306 1208 4384 ἦν
1242 4311 1530 4377 ζωοποιὸς,
1561 4311 1849 4384 μεμαρτύ-

1966 4315 2159 4370 .ionem
2193 4314 2263 4369 de
2296 4315 2413 4369 Deo
2443 4329 2600 4385 aquae
2642 4327 2988 4385 comparare.
3015 4311 3175 4380 Quod
3202 4310 3350 4367 enim
3374 4309 3559 4365 viviﬁ-

259 4423 410 4478 ρηκεν
431 4407 461 4460 6
483 4405 707 4478 Σωτὴρ,
731 4403 874 4477 πρὸς
904 4403 999 4457 τὸν
1026 4404 1086 4457 ὲν
1112 4403 1367 4473 οὐρανοῖς
1393 4402 1619 4473 Πατέρα
1650 4402 1846 4473 λέγων·

1966 4423 2084 4464 :ans
2120 4407 2213 4473 sit,
2253 4414 2494 4463 testatur
2524 4406 2777 4462 Salvator
2806 4404 2876 4460 ad
2903 4405 3125 4460 Patrem
3160 4404 3444 4460 cmlestem
3462 4403 3559 4481 ,ἀί-

262 4495 435 4570 ιΔῦτη
451 4497 510 4552 δέ
540 4498 699 4551 ἐστιν
726 4497 761 4568 ἡ
795 4493 1017 4559 αἰώνιος
1048 4494 1188 4567 ζωὴ,
1215 4495 1304 4548 ῖνα
1331 4494 1646 4559 γινώσκωσί
1673 4510 1732 4548 σε
1759 4495 1853 4548 τὸν

1970 4516 2125 4557 :ens:
2169 4519 2188 4552 ι
2221 4500 2349 4555 Hmc
2374 4509 2560 4555 autem
2608 4509 2695 4555 est
2722 4498 2836 4553 vita
2866 4506 3095 4564 aeterna,
3127 4504 3190 4551 ut
3224 4506 3563 4569 cognoscant

260 4587 406 4657 μόνον
453 4586 720 4661 ἀληθινὸν
770 4586 943 4654 Θεὸν,
989 4585 1085 4639 καὶ
1130 4584 1190 4639 δν
1244 4584 1574 4649 ἀπέστειλας
1640 4580 1853 4655 Ἰησοῦν

1968 4601 2012 4649 Le
2053 4593 2240 4649 solum
2291 4592 2468 4649 Deum
2517 4607 2735 4659 verum,
2774 4601 2832 4648 et
2881 4606 3046 4663 quem
3097 4591 3322 4658 misisti,
3370 4589 3561 4647 Jesum

260 4654 499 4753 Χριστόν.
548 4654 579 4734 is
633 4678 973 4753 Προσελάλει
1018 4677 1076 4732 δὲ
1130 4676 1225 4733 καὶ
1274 4677 1487 4749 γυναίῳ
1516 4675 1595 4749 τῷ
1649 4654 1715 4729 ὲκ
1750 4676 1852 4747 τῆς

1972 4685 2241 4742 3hristum
2281 4684 2326 4740 ⁸.
2366 4705 2386 4737 ι
2427 4685 2715 4741 Mulierem
2745 4700 2879 4741 vero
2908 4683 3311 4741 Samaritanam
3353 4683 3430 4739 ita
3463 4684 3565 4740 ali-

260 4771 566 4846 Σαμαρείας
613 4771 764 4844 φημί
816 4787 982 4824 ποτε*
1023 4788 1042 4822 ι
1088 4768 1153 4824 Ei
1195 4768 1349 4841 ᾕδεις
1383 4766 1485 4840 τὴν
1522 4765 1734 4840 δωρεάν
1756 4764 1853 4820 τοῦ

1969 4779 2085 4836 :ubi
2125 4778 2466 4850 alloquitur:
2510 4799 2529 4831 ι
2560 4776 2617 4834 Si
2652 4794 2849 4835 nosses
2874 4778 3084 4838 donum
3108 4779 3230 4845 Dei,
3255 4787 3313 4834 et
3330 4780 3461 4852 quis
3479 4790 3562 4838 est

259 4862 403 4930 θεοῦ,
446 4865 545 4919 καὶ
572 4863 662 4928 τίς
691 4863 843 4918 ἐστιν
866 4863 896 4916 6
920 4862 1098 4933 λέγων
1132 4878 1217 4916 σοι
1248 4860 1339 4925 δός
1371 4877 1465 4929 μοι
1497 4861 1666 4926 πιεῖν,
1697 4858 1763 4913 σὺ
1787 4857 1852 4913 ἂν

1972 4872 2050 4943 ιιιὶ
2095 4871 2233 4928 dicit
2274 4872 2412 4937 tibi,
2441 4872 2521 4927 Da
2546 4871 2684 4927 mihi
2710 4879 2927 4943 potum,
2958 4882 3019 4928 tu
3048 4872 3277 4952 quidem
3326 4872 3565 4943 petisses

259 4952 453 5025 ᾔτησας
488 4955 684 5021 αὐτὸν,
725 4957 824 5010 καὶ
850 4953 1054 5008 ἔδωκεν
1081 4952 1150 5007 ἀν
1173 4969 1257 5007 σοι
1282 4950 1428 5024 ὕδωρ
1461 4950 1591 5016 ζῶν.
1636 4968 1657 5002 ι
1685 4946 1852 5021 Οἶμαί

1973 4966 2025 5022 ιι)
2066 4981 2161 5037 eo,
2210 4975 2266 5022 et
2293 4965 2541 5022 dedisset
2585 4965 2684 5021 tibi
2712 4980 2916 5035 aquam
2938 4965 3067 5020 vitae
3094 4964 3142 5021 ’.
3172 4946 3203 5016 ἰ
3232 4964 3444 5034 Aquam
3478 4965 3566 5019 ni-

265 5063 353 5101 που
379 5048 469 5103 τὸν
512 5048 651 5121 παρ’
676 5045 872 5101 ἑαυτοῦ
909 5045 1073 5115 λόγον
1117 5046 1214 5100 καὶ
1256 5043 1543 5100 παίδευσιν
1565 5042 1855 5115 ὀνομάζων

2093 5072 2157 5111 [ιιι
2200 5057 2350 5123 vitae,
2409 5070 2723 5133 sermonem
2759 5055 2827 5111 de
2851 5070 2930 5122 se,
2964 5063 3023 5111 et
3064 5055 3437 5111 viviﬁcantem
3459 5056 3563 5112 do-
3676 5094 3686 5103 κ

263 5137 532 5202 ζωοποιόν.
566 5137 928 5211 ΠροσεφιίΝει
963 5137 1021 5192 δὲ
1055 5138 1155 5192 καὶ
1192 5140 1221 5192 6
1253 5137 1560 5208 Δεσπότης
1602 5156 1621 5189 ι
1666 5135 1737 5189 Et
1770 5152 1856 5199 τις

1969 5149 2198 5204 ctrinam
2240 5147 2547 5219 appellans.
2601 5145 2809 5203 Judmis
2867 5153 3055 5201 autem
3103 5144 3179 5203 ita
3229 5147 3411 5203 dixit:
3457 5138 3485 5201 ι’
3505 5147 3562 5204 Si

263 5229 401 5303 διψᾷ,
435 5232 691 5305 ἐρχέσθω
724 5232 867 5303 πρός
904 5248 992 5303 με,
1024 5232 1120 5286 καὶ
1151 5229 1377 5286 πινέτω.
1422 5248 1442 5283 ι
1474 5231 1585 5284 Καὶ
1619 5229 1728 5301 μὴν
1759 5230 1856 5284 ’καὶ⁹

1969 5240 2089 5311 quis
2138 5239 2277 5305 sitit,
2323 5238 2513 5295 veniat
2537 5238 2607 5294 ad
2636 5240 2761 5305 me,‘
2778 5248 2836 5295 et
2868 5238 3025 5294 bibat
3064 5239 3127 5295 '°.
3170 5259 3190 5295 ι
3227 5239 3372 5308 Quin
3395 5241 3562 5298 etiam

264 5320 341 5376 διὰ
364 5323 463 5394 τῆς
494 5323 596 5380 τοῦ
624 5325 913 5399 προφήτου
941 5324 1150 5396 φωνῆς,
1185 5321 1503 5378 ἐπαιτιᾶταί
1530 5338 1685 5387 τινας
1711 5323 1857 5392 ἀμα-

1973 5347 2063 5403 per
2111 5347 2306 5386 vocem
2360 5331 2665 5405 prophetae,
2710 5330 2958 5403 increpat
3004 5332 3271 5404 quosdam
3309 5333 3406 5405 qui
3440 5343 3566 5406 post

267 5411 364 5478 θῶς
397 5416 820 5482 ἀπονεύσαντας
870 5419 953 5483 εἰς
993 5417 1057 5470 τὸ
1094 5417 1209 5472 δεῖν
1259 5415 1485 5490 ἑτέρους
1528 5415 1857 5489 προσίεσθαι

1972 5431 2242 5495 acceptam
2291 5422 2528 5494 legalem
2581 5422 2932 5495 disciplinam
2972 5426 3042 5482 ad
3088 5426 3230 5483 alios
3270 5425 3565 5498 magistros

267 5503 609 5573 διδασκάλους
639 5509 782 5580 μετά
820 5509 921 5583 τὴν
947 5511 1006 5565 ὲν
1025 5510 1181 5583 νόμῳ
1205 5511 1492 5565 παίδευσιν
1512 5551 1526 5576 ,
1567 5512 1665 5565 καὶ
1697 5512 1860 5566 ἐκκε-

1971 5516 2220 5587 imperite
2270 5513 2639 5585 deflexerunt,
2675 5526 2733 5574 et
2761 5518 2829 5574 ad
2873 5518 3158 5578 doctrinas
3196 5527 3254 5576 et
3290 5525 3564 5593 praecepta

269 5596 512 5667 κλικότας
541 5604 626 5667 εἰς
657 5601 1017 5667 διδασκαλίας
1050 5603 1145 5658 καὶ
1170 5603 1487 5675 ἐντάλματα
1528 5601 1855 5676 ἀνθρώπων.

1970 5608 2248 5665 hominum
2273 5622 2394 5664 sese
2428 5611 2808 5666 contulerunt.
2840 5610 2923 5668 Ita
2951 5613 3103 5669 enim
3138 5612 3217 5668 ait
3246 5629 3262 5667 :
3305 5630 3324 5663 ι
3356 5608 3563 5667 Obstu-

268 5683 407 5765 Ἔφη
432 5691 490 5748 δὲ
518 5693 717 5761 οὔτως⁹
762 5714 782 5749 ι
830 5693 1058 5769 Ἐξέστη
1082 5695 1113 5750 6
1145 5695 1377 5767 οὐρανὸς
1408 5695 1503 5751 ἐπὶ
1527 5695 1730 5768 τούτῳ,
1762 5697 1858 5752 καὶ

2038 5702 2081 5758 it
2113 5701 2317 5759 omium
2348 5717 2517 5773 super
2548 5704 2675 5771 hoc,
2712 5710 2770 5760 et
2802 5707 3031 5762 tremuit
3066 5704 3249 5773 valde,
3283 5704 3421 5762 dicit
3449 5703 3569 5764 Βο-
3622 5711 3627 5718 “

342 5859 517 5929 'Gcn.
544 5887 694 5941 nix,
719 5872 776 5927 7.
852 5872 872 5907 ⁷
898 5872 920 5928 ι
948 5873 1099 5931 Petr.
1122 5890 1179 5943 ν,
1221 5875 1276 5945 1,
1299 5876 1355 5932 2.
1432 5875 1455 5908 ⁸
1475 5876 1636 5934 Joan.
1663 5894 1794 5945 xvu,
1824 5878 1879 5933 3.
1954 5882 1974 5914 ’
2002 5879 2160 5936 Joan.
2194 5896 2269 5949 iv,
2298 5880 2390 5935 10.
2456 5882 2497 5913 ⁸ο
2520 5881 2676 5937 Joan.
2705 5898 2802 5951 vn,
2839 5882 2930 5942 37.
