4034 6498
487 389 592 448 I99

1494 388 1571 445 'S.
1610 389 1888 446 CYRILLI
1925 387 2397 445 ALEXANDRINI
2437 386 2755 443 ARCIIII-P.

3647 388 3747 446 9.00

484 507 671 570 minus
702 523 716 561 :
760 506 891 577 quia
921 506 1033 563 duo
1063 506 1206 562 mala
1228 502 1359 561 fecit
1382 506 1618 577 populus
1651 522 1826 561 meus.
1859 507 1943 562 Me
1970 506 2059 561 de-

2176 505 2395 575 ἕφριξεν
2444 505 2538 558 ἐπὶ
2578 504 2791 564 πλεῖον,
2831 501 2976 570 λέγει
3021 500 3227 573 Κύριος
3253 518 3266 532 ·
3301 501 3383 554 ὅτι
3422 498 3515 556 δύο
3544 509 3745 578 πονηρὰ

466 599 832 668 ‘reliquerunt
850 598 1057 654 fontem
1078 614 1233 668 aqua:
1252 598 1409 662 vivae,
1438 606 1495 653 et
1516 597 1773 653 foderunt
1805 598 1911 653 sibi
1940 599 2073 669 ipsis

484 690 638 747 lacus
648 692 935 757 contritus,
952 691 1048 760 qui
1060 706 1171 745 non
1185 698 1447 761 poterunt
1461 691 1746 746 continere
1758 708 1955 761 aquam
1973 692 2034 744 ¹¹.
2046 710 2065 743 ι

483 780 640 852 Aqua
679 782 841 852 igitur
881 778 1184 846 viviﬁcans,
1207 781 1429 836 divinus
1457 790 1542 837 est
1566 798 1769 837 sermo.
1800 783 2073 838 Caeterum

487 872 544 926 in
577 873 852 942 profundo
878 873 1175 927 admodum
1199 880 1287 929 est
1322 874 1448 939 sita,
1486 891 1667 945 neque
1697 877 1967 947 quispiam
2004 878 2072 933 il-

485 965 596 1020 lam
648 965 857 1034 absque
907 964 1109 1020 sudore
1156 976 1560 1035 consequatur;
1612 984 1725 1023 non
1781 969 1927 1024 enim
1979 986 2073 1040 pa-

487 1063 605 1110 rata
646 1068 734 1112 est
766 1058 834 1111 iis
873 1057 970 1127 qui
1007 1057 1205 1111 volunt
1252 1057 1600 1127 simpliciter.
1640 1059 1915 1116 Incumbit
1942 1077 2073 1117 vero

482 1148 535 1201 ei
592 1147 734 1217 lapis
791 1149 1173 1219 gravissimus,
1234 1149 1439 1219 quique
1493 1152 1775 1221 aegerrime
1829 1155 2072 1209 amoveri

485 1236 678 1304 possit,
729 1236 1020 1293 diﬂicultas
1066 1238 1329 1293 nimirum
1360 1240 1673 1296 intellectus
1701 1241 1875 1303 nostri
1902 1244 2075 1298 imbe-

484 1327 766 1385 cillitatem
807 1345 1097 1400 superans,
1141 1339 1201 1385 et
1242 1347 1467 1387 necesse
1502 1334 1661 1403 plane
1697 1343 1757 1388 ut
1796 1350 2072 1390 summum

482 1420 731 1477 laborem
762 1423 1082 1488 adhibeant,
1118 1424 1215 1493 qui
1256 1425 1531 1494 spiritales
1552 1442 1682 1481 oves
1714 1436 1966 1496 pascunt,
2003 1429 2073 1483 ad

484 1510 629 1567 hanc
655 1513 1027 1569 difﬁcultatem
1053 1515 1414 1570 amoliendam
1438 1527 1600 1587 atque
1626 1520 1692 1573 ad
1715 1518 2072 1575 hauriendam

483 1622 705 1675 aquam,
741 1623 806 1662 ac
828 1608 1000 1662 veluti
1029 1624 1094 1664 ex
1139 1610 1413 1680 profundo
1451 1609 1813 1677 educendam,
1852 1612 2072 1666 audito-

2177 594 2434 663 ἐποίησεν
2465 596 2493 645 ὁ
2525 593 2650 655 λαός
2685 610 2810 662 μου.
2849 592 2979 661 Ἐμὲ
3018 591 3377 658 ἐγκατέλιπον
3415 592 3595 665 πηγὴν
3629 594 3747 648 ﬁsa.

2173 705 2265 751 τος
2292 687 2515 753 ζῶντος,
2544 689 2637 741 καὶ
2664 686 2878 758 ὤρυξαν
2909 688 3120 751 ἑαυτοῖς
3161 686 3397 751 λάκκους
3432 705 3744 761 συντετριμ-

2178 780 2405 850 μένους,
2447 780 2497 833 οἳ
2530 781 2587 833 οὐ
2634 780 2957 849 δυνήσονται
3008 779 3152 851 ὕδωρ
3185 780 3450 849 σιψέχειν.
3507 799 3524 832 ›
3570 782 3747 853 ’Ύδωρ

2173 870 2234 941 δὴ
2269 867 2362 924 οῦν
2406 872 2467 923 τὸ
2500 871 2801 937 ζωοποιὸν,
2846 873 2873 923 ὁ
2921 872 3062 935 θεῖος
3100 872 3164 924 ἂν
3193 873 3275 943 εἴη
3305 871 3480 941 λόγος.
3518 874 3659 945 Πλὴν
3691 877 3747 930 ἐν

2176 962 2329 1033 βάθει
2354 967 2530 1018 κεῖται
2560 964 2759 1034 πολλῷ,
2793 964 2887 1017 καλ¹
2939 967 3041 1019 οὐκ
3081 964 3145 1019 ἂν
3170 960 3323 1035 οἶμαί
3358 983 3440 1029 τις
3470 967 3626 1019 αὐτὸν
3657 969 3745 1021 ἀν-

2175 1056 2363 1127 ιδρωτλ⁵
2395 1056 2683 1127 πορίσαιτό
2736 1074 2886 1111 ποτε.
2924 1057 2997 1110 Οὐ
3043 1057 3152 1128 γὰρ
3201 1058 3416 1128 ἕτοιμος
3463 1059 3600 1112 ἑλεῖν
3640 1063 3743 1122 τοῖς

2173 1146 2447 1198 ἐθέλουσιν
2475 1146 2681 1209 ἁπλῶς.
2735 1144 3106 1216 Ὲπωματίζει
3132 1146 3187 1199 δὲ
3222 1145 3412 1218 ὥσπερ
3434 1148 3578 1211 λίθος
3601 1149 3744 1219 αὐτῷ

2176 1237 2345 1307 βαρὺς
2387 1238 2483 1291 καὶ
2529 1238 3062 1308 δυσπαρακόμιστος,
3091 1240 3122 1305 ἠ
3156 1238 3285 1308 περὶ
3317 1239 3476 1291 αὐτὸν
3515 1240 3743 1309 ἀσάφεια

2171 1330 2269 1397 τῆς,
2309 1331 2367 1381 ὲν
2397 1332 2529 1400 ἡμῖν
2565 1329 2803 1393 διανοίας
2842 1329 3047 1383 νικῶσα
3073 1331 3133 1382 τὸ
3156 1330 3405 1401 ἀδρανές.
3439 1331 3550 1384 Καὶ
3578 1332 3641 1402 δὴ
3670 1332 3745 1384 δεῖ

2174 1420 2337 1473 πόνου
2382 1421 2478 1474 καὶ
2512 1421 2734 1492 ἱδρῶτος
2784 1421 2995 1493 μακροῦ
3047 1425 3159 1484 τοῖς
3216 1421 3285 1473 τὰ
3327 1421 3495 1492 νοητὰ
3524 1425 3745 1475 κατανέ-

2174 1530 2335 1583 μουσι
2375 1513 2667 1584 θρέμματα
2718 1514 2855 1584 πρὸς
2890 1514 2951 1566 τὸ
2996 1512 3305 1577 ἀπαλλάξαι
3338 1515 3436 1584 μὲν
3478 1515 3577 1584 τῆς
3616 1515 3743 1568 ἀσα-

2173 1605 2332 1673 φείας
2390 1607 2481 1657 τὸν
2523 1604 2702 1672 λόγον,
2764 1604 3071 1675 ἀρύσασθαί
3122 1621 3183 1656 τε
3231 1604 3374 1657 οὕτω
3416 1604 3599 1657 λοιπὸν
3654 1596 3745 1659 καὶ

485 1696 641 1751 ribus
680 1697 736 1751 in
776 1714 938 1755 usum
978 1699 1104 1754 vita:
1141 1700 1621 1770 suppeditandam.
1670 1702 1844 1757 Porro
1891 1712 2059 1774 pasto-

2170 1697 2334 1751 οἱονεί
2369 1714 2486 1760 πως
2540 1698 2606 1751 ἐκ
2652 1696 2851 1766 βάθους
2907 1698 2985 1758 εἰς
3033 1695 3123 1748 τὸν
3154 1695 3265 1748 ἀνω
3296 1712 3354 1747 τε
3394 1695 3488 1748 καὶ
3512 1696 3743 1765 ἐμφανὲς

482 1802 576 1843 res
598 1789 866 1858 gentium,
904 1789 1010 1844 hoc
1045 1799 1132 1846 est
1175 1792 1273 1861 qui
1297 1792 1441 1862 apud
1467 1808 1563 1848 eos
1592 1794 1843 1863 plerique
1865 1794 2073 1850 haben-

2171 1790 2433 1857 ἐνεγκεῖν,
2461 1787 2783 1858 παραθεῖναι
2823 1804 2883 1840 τε
2921 1787 3105 1855 σαφῶς
3128 1786 3208 1849 εἰς
3241 1785 3541 1839 ἀπόλαυσιν
3575 1786 3743 1855 ζωαρ·

484 1889 577 1933 ιυι-
605 1882 902 1950 sapientes,
939 1881 1208 1937 varietate
1235 1883 1556 1954 dogmatum
1610 1884 1678 1940 de
1730 1887 1862 1952 Deo,
1916 1887 2059 1942 veri-

2170 1883 2236 1949 κῆ
2293 1882 2407 1943 τοῖς
2460 1879 2886 1950 ἐντευξομένοις.
2938 1878 3077 1932 Ἀλλ’
3128 1879 3179 1930 oi.
3223 1877 3322 1947 μὲν
3369 1878 3502 1948 παρ’
3527 1878 3744 1948 Ἕλλησι

484 1977 653 2025 tatem
699 1972 1105 2041 quodammodo
1144 1973 1494 2029 subvertunt.
1560 1976 1717 2045 123
1768 1976 1887 2030 Non
1919 1978 2067 2032 enim

482 2069 632 2116 recte
684 2062 753 2117 de
788 2078 857 2117 eo
906 2063 1196 2119 sentiunt:
1233 2064 1560 2120 conﬁtentes
1588 2066 1812 2135 quidem
1845 2068 1942 2123 Dei
1965 2084 2066 2122 na-

482 2159 683 2219 turam,
744 2154 1054 2211 tribuentes
1100 2171 1234 2211 vero
1286 2157 1518 2212 Deitatis
1572 2159 1821 2229 gloriam,
1865 2161 2067 2229 quibus

483 2246 619 2316 ipsis
668 2248 847 2302 visum
897 2247 1082 2303 fuerit.
1122 2249 1335 2305 Suﬂicit
1379 2261 1561 2306 autem
1591 2260 1646 2307 et
1674 2253 1894 2321 quidem
1923 2269 2067 2309 unus

482 2337 634 2392 solus
664 2346 946 2407 pastorum
970 2340 1027 2394 in
1049 2340 1272 2397 Christo
1297 2341 1365 2396 ad
1389 2342 1779 2398 dimovendum
1810 2360 1841 2398 a
1876 2353 2062 2414 puteo,

480 2431 838 2499 quantumvis
875 2448 1039 2502 grave
1092 2449 1307 2499 saxum,
1351 2435 1457 2489 hoc
1499 2444 1601 2497 est.
1637 2435 2062 2505 operimentum,

479 2529 538 2576 et
578 2520 978 2588 difﬁcultatem,
1029 2526 1231 2594 quibus
1264 2526 1550 2582 sententia:
1572 2526 1639 2580 de
1661 2527 1774 2581 Deo
1806 2537 1934 2583 sunt
1962 2528 2064 2583 ob-
2097 2594 2103 2600 _

480 2619 675 2669 tectae:
736 2615 882 2669 unde
933 2617 1279 2672 manifestam
1332 2618 1589 2689 gentibus
1624 2618 1888 2673 hauriunt
1922 2620 2067 2675 veri-

479 2710 670 2771 tatem,
701 2713 866 2775 atque
897 2723 1068 2761 unum
1107 2708 1433 2763 naturaliter
1469 2724 1533 2763 ac
1570 2724 1698 2764 vere
1726 2710 1899 2764 Deum
1930 2711 2064 2780 ipsis

478 2803 817 2864 proponunt.
865 2796 1138 2863 Quocirca
1187 2798 1382 2854 beatus
1430 2800 1632 2855 Paulus
1665 2815 1791 2854 cum
1822 2801 2064 2859 Athenas

478 2886 743 2953 venisset,
774 2888 1118 2957 sapientibus
1149 2893 1271 2960 ejus
1293 2891 1533 2946 civitatis
1560 2907 1758 2962 aquam
1786 2893 2062 2949 viventem

473 2980 750 3049 apposuit,
770 2979 991 3035 dicens:
1015 3000 1034 3033 ι
1070 2982 1187 3036 Vir'i
1210 2982 1599 3049 Athenienses,
1627 3000 1724 3054 per
1745 2986 1928 3039 omnia
1946 2985 2062 3042 fere

473 3083 572 3123 vos
585 3070 1081 3140 superstitiosiores
1104 3072 1286 3127 video.
1311 3074 1641 3129 Praeteriens
1667 3075 1834 3142 enim,
1862 3076 2057 3146 inquit,

472 3167 531 3231 et
559 3162 940 3231 contemplans
985 3162 1281 3218 simulacra
1327 3171 1534 3230 vestra,
1585 3164 1768 3220 inveni
1804 3174 1861 3220 et
1905 3182 2057 3221 aram

472 3252 567 3307 cui
615 3230 941 3322 inscriptum
984 3263 1104 3309 erat
1129 3273 1141 3308 :
1177 3255 1367 3325 Ignoto
1394 3257 1525 3311 Deo.
1547 3256 1719 3323 Quem
1748 3273 1880 3328 ergo
1908 3259 2060 3329 igno-
2086 3230 2127 3287 Ο

474 3351 662 3399 rantes
697 3344 898 3410 colitis,
924 3345 1074 3401 hunc
1108 3362 1207 3417 ego
1230 3348 1498 3403 annuntio
1517 3348 1676 3405 vobis
1708 3352 1773 3403 ³³.
1801 3368 1818 3401 ι
1848 3350 2059 3408 Videtis

473 3435 622 3489 enim
647 3450 756 3505 quo
788 3443 969 3506 pacto,
996 3438 1211 3493 etiarnsi
1239 3440 1568 3510 populorum
1592 3441 1835 3510 praefecti
1850 3450 2055 3509 essent,

472 3534 851 3596 pastoresque,
897 3535 954 3583 et
998 3529 1186 3596 duces,
1231 3531 1457 3586 vixdum
1508 3533 1780 3588 tantillum
1804 3534 2059 3604 gravissi—

470 3629 626 3669 mum
660 3610 897 3686 lapidem
922 3634 953 3673 a
989 3626 1157 3688 puteo
1184 3618 1486 3686 dimovent,
1515 3620 1604 3690 pie
1643 3621 1864 3691 quidem
1894 3638 2056 3694 agere

469 3722 532 3762 se
581 3706 979 3775 existimantes,
1030 3708 1177 3780 quod
1212 3711 1383 3765 Deum
1415 3721 1823 3778 revererentur,
1847 3722 1904 3767 at
1920 3728 2055 3769 vero

469 3795 631 3869 longe
675 3801 959 3856 averitate
1005 3801 1345 3857 aberrantes.
1381 3803 1671 3857 Exstructo
1690 3803 1838 3858 enim
1869 3804 2050 3872 altari,

470 3885 693 3945 titulum
736 3891 1140 3971 imposuerunt,
1188 3893 1376 3965 Ignoto
1418 3893 1546 3958 Deo,
1593 3894 1698 3950 hoc
1738 3902 1840 3959 est,
1886 3896 2052 3951 etiam

467 3998 579 4038 non
623 3985 841 4056 cognito
884 3985 1140 4040 daemoni.
1189 3984 1460 4041 Caeterum
1495 3986 1573 4042 iUi
1603 3987 1822 4056 quidem
1846 3988 2051 4058 optime

467 4087 527 4129 se
554 4072 621 4128 de
655 4074 770 4128 Deo
800 4075 1008 4129 sentire
1035 4074 1319 4144 putabant.
1350 4075 1580 4129 Damnat
1613 4084 1796 4131 autem
1823 4094 1944 4132 eam
1967 4078 2052 4132 in-

465 4163 828 4234 scriptionem
873 4164 1094 4219 divinus
1134 4164 1336 4219 Paulus
1360 4205 1376 4230 ,
1417 4165 1819 4237 artiﬁcioseque
1862 4168 2051 4223 admo-

464 4249 599 4305 dum
654 4252 722 4307 ad
768 4252 823 4306 id
870 4253 1016 4323 quod
1045 4254 1267 4325 expedit
1306 4253 1548 4321 deducit,
1606 4255 1885 4312 Christum
1926 4274 2047 4314 esse

465 4342 657 4398 dicens
701 4344 875 4399 Deum
919 4344 1052 4415 ipsis
1101 4346 1367 4418 ignotum.
1406 4367 1423 4400 ι
1449 4348 1621 4414 Quem
1646 4349 1793 4405 enim
1818 4366 1936 4415 vos,
1965 4351 2049 4406 in-

463 4422 606 4504 quit,
632 4435 946 4507 ignorantes
968 4438 1169 4505 colitis,
1204 4439 1351 4495 hunc
1382 4455 1481 4510 ego
1509 4441 1775 4496 annuntio
1810 4442 1986 4497 vobis.
2019 4462 2038 4495 ι

2170 1969 2448 2040 ποιμένες,
2472 1970 2771 2031 τουτέστιν,
2806 1969 2858 2020 οἱ
2895 1968 3028 2037 παρ’
3062 1968 3247 2030 αὐτοῖς
3282 1967 3438 2036 σοειςοὶ
3470 1967 3564 2020 καὶ
3592 1966 3745 2035 λογά-

2167 2062 2255 2125 δες
2304 2061 2492 2116 πολλοὶ
2537 2061 2632 2115 καὶ
2669 2059 2810 2114 κατὰ
2851 2059 3061 2129 πληθὺν
3101 2058 3419 2122 συνθέοντες
3458 2058 3567 2112 τῶν
3625 2057 3744 2127 περὶ

2168 2152 2301 2207 Θεοῦ
2328 2154 2613 2224 δογμάτων
2637 2152 2803 2206 οἱονεὶ
2824 2152 2883 2204 τὸ
2914 2151 3116 2222 ἀληθὲς
3144 2148 3535 2221 παροχλίζουσι
3558 2165 3571 2180 '
3606 2148 3744 2212 δοξά-

2168 2244 2319 2310 ζουσι
2339 2242 2446 2316 γὰρ
2465 2245 2563 2298 οὐκ
2592 2243 2728 2316 ὀρθά
2752 2245 2880 2316 περὶ
2917 2243 3106 2307 αὐτοῦ,
3134 2242 3269 2295 Θεοῦ
3304 2243 3405 2313 μὲν
3422 2241 3742 2313 ὁμολογοῦν-

2165 2354 2257 2400 τες
2295 2336 2493 2404 φύσιν,
2531 2336 2882 2406 διανέμοντες
2920 2335 2975 2389 δὲ
3014 2335 3113 2405 τὴν
3144 2335 3240 2405 τῆς
3279 2335 3536 2405 θεότητος
3572 2333 3738 2398 δόξαν,

2165 2424 2247 2491 οἷς
2281 2429 2346 2483 ἂν
2381 2429 2585 2482 ἕλοιντο
2614 2428 2796 2499 τυχόν.
2836 2427 3091 2500 Ἐξαρκεῖ
3115 2428 3170 2480 δὲ
3202 2428 3295 2480 καὶ
3342 2428 3503 2497 μόνος
3528 2424 3607 2491 εἷς
3640 2426 3742 2480 τῶν

2165 2518 2224 2573 ὲν
2252 2518 2475 2589 Χριστῷ
2495 2519 2771 2589 ποιμένων
2799 2517 3130 2588 ἀποκινῆσαι
3154 2516 3248 2570 τοῦ
3278 2517 3535 2588 φρέατος,
3571 2519 3742 2570 καίτοι

2166 2610 2359 2681 κομιδῇ
2400 2609 2851 2679 δυσδιακόμιστον
2876 2607 3005 2662 ὄντα
3028 2608 3117 2661 τὸν
3145 2607 3290 2663 λίθον
3312 2624 3328 2641 '
3358 2607 3628 2670 τουτέστι,
3649 2607 3741 2677 τὴν

2166 2701 2581 2773 ὲπεῤῥιμμένην
2610 2703 2730 2765 ταῖς
2769 2699 2899 2770 περὶ
2938 2699 3072 2752 Θεοῦ
3099 2700 3279 2764 δόξαις
3324 2698 3649 2767 ὲπικάλυψίν
3685 2714 3739 2750 τε

2165 2794 2263 2847 καὶ
2312 2793 2620 2863 ἀσάφειαν,
2653 2791 2776 2845 ὅθεν
2826 2791 3032 2862 ἐναργῆ
3078 2794 3189 2854 τοῖς
3230 2789 3412 2843 ἔθνεσι
3448 2786 3739 2849 καθιστῶσι

2162 2884 2261 2956 τὴν
2317 2882 2598 2955 ἀλήθειαν,
2644 2884 2739 2937 καὶ
2775 2881 2867 2935 τὸν
2901 2881 2997 2935 ἕνα
3043 2882 3137 2933 καὶ
3178 2879 3336 2949 φύσει
3389 2879 3483 2933 καὶ
3533 2876 3738 2948 ἀληθῶς

2164 2974 2627 3047 παραδεικνύντες
2670 2974 2826 3035 Θεὸν,
2857 2973 2918 3027 οὐ
2952 2972 3343 3027 διαλελοίπασι.
3384 2972 3498 3025 Kal
3550 2969 3676 3040 γοῦν
3711 2970 3738 3021 ὀ

2166 3067 2438 3139 μακάριος
2466 3066 2679 3130 Παῦλος
2723 3064 3010 3136 Ἀθήνῃσιν
3042 3063 3230 3129 ἐλθὼν,
3258 3066 3375 3128 τοῖς
3401 3063 3526 3135 τῇδε
3556 3061 3737 3130 λογάσι

2162 3159 2222 3211 τὸ
2257 3157 2403 3229 ὕδωρ
2431 3158 2492 3210 τὸ
2523 3157 2630 3222 ζῶν
2680 3156 2980 3228 παρετίθει,
3026 3155 3218 3223 λέγων’
3254 3175 3272 3208 ι
3307 3155 3548 3225 ’Λνδρες
3589 3152 3737 3222 Ἀθη-

2161 3250 2340 3313 ναῖοι,
2395 3248 2534 3301 κατὰ
2596 3246 2775 3300 πάντα
2831 3247 2906 3310 ὼς
2961 3246 3557 3316 δεισιδαιμονεστέρους
3602 3244 3738 3314 ὑμᾶς

2161 3339 2370 3410 θεωρῶ.
2419 3339 2779 3409 Διερχόμενος
2809 3338 2916 3409 γὰρ
2939 3377 2954 3401 ,
2990 3337 3145 3407 φησὶ,
3181 3338 3274 3389 καὶ
3314 3334 3647 3407 ἀναθεωρῶν
3675 3335 3740 3387 τὰ

2161 3431 2480 3501 σεϐάσματα
2534 3432 2708 3498 ὑμῶν,
2757 3424 2913 3501 εὗρον
2953 3431 3046 3483 καὶ
3081 3429 3283 3501 βωμὸν,
3323 3429 3390 3481 ὲν
3424 3421 3472 3497 ᾧ
3515 3427 3741 3498 ἐπεγρά-

2160 3539 2289 3590 φετο
2312 3536 2326 3550 ·
2377 3521 2662 3593 Ἀγνώστῳ
2683 3520 2821 3594 Θεῷ.
2845 3524 2940 3575 Ὃν
2961 3519 3053 3577 οὖν
3083 3520 3415 3590 ἀγνοοῦντες
3446 3519 3737 3585 εὐσεϐεῖτε,

2155 3612 2343 3666 τοῦτον
2386 3612 2497 3681 ἐγὼ
2538 3612 2893 3683 καταγγέλλω
2934 3615 3085 3685 ὑμῖν.
3121 3632 3138 3665 ι
3174 3613 3419 3667 Βλέπετε
3453 3613 3563 3684 γὰρ
3594 3612 3736 3674 ὅπως
3792 3608 3801 3614 ’

2155 3703 2331 3757 καίτοι
2357 3704 2501 3758 λαῶν
2543 3704 2697 3768 ὄντες
2738 3705 3053 3776 ἡγούμενοι,
3105 3705 3200 3758 xai
3238 3703 3350 3758 τῶν
3393 3705 3548 3776 παρά
3589 3718 3739 3770 σφισι

2155 3796 2410 3866 ποιμένες
2449 3797 2541 3850 καὶ
2591 3797 2922 3868 καθηγηταὶ,
2962 3797 3112 3868 μόλις
3148 3797 3242 3850 τοῦ
3286 3798 3520 3869 φρέατος
3565 3795 3733 3868 βραχὺ

2155 3887 2561 3958 παροχλίζουσι,
2583 3887 2674 3942 τὸν
2696 3888 2933 3959 δυσαχθῆ
2958 3888 3126 3953 λίθον,
3151 3890 3397 3943 εὐσεϐεῖν
3438 3890 3538 3960 μὲν
3559 3888 3734 3957 οἰόμε-

2154 3996 2254 4042 νοι,
2286 3978 2374 4032 διά
2401 3996 2464 4046 γε
2503 3979 2602 4050 τῆς
2627 3980 2705 4041 εἰς
2738 3979 2798 4032 τὸ
2826 3980 2965 4034 θἐῖον
2992 3979 3191 4043 αἰδοῦς,
3229 3980 3364 4034 πολὺ
3394 3980 3452 4033 δὲ
3484 3980 3582 4063 τῆς
3607 3979 3734 4051 ἀληά

2155 4069 2304 4134 θείας
2363 4070 2794 4141 ἀπεσφαλμένοι.
2857 4072 3049 4142 Βωμὺν
3101 4070 3211 4143 γὰρ
3259 4072 3732 4144 ἀναδειμάμενοι,

2154 4160 2374 4232 γραφὴν
2405 4161 2790 4225 ἐνεκόλαπτον,
2834 4163 3134 4232 Ἀγνώστῳ
3168 4162 3310 4228 Θεῷ,
3342 4165 3612 4227 τουτέστι,
3645 4158 3732 4223 καὶ

2150 4252 2229 4322 τῷ
2263 4252 2339 4324 μὴ
2368 4253 2666 4321 γνωσθέντι
2695 4254 2931 4323 δαίμονι.
2975 4253 3113 4306 Ἀλλ’
3148 4256 3349 4310 ἐκεῖνοι
3385 4256 3489 4326 μὲν
3508 4242 3759 4327 ἀρίστηνμ

2150 4344 2397 4416 ἐνόμιζον
2444 4344 2537 4397 ἐπὶ
2587 4344 2705 4416 Θεῷ
2743 4345 2840 4416 τὴν
2878 4346 3035 4411 δόξαν
3077 4346 3239 4401 ἑλεῖν.
3289 4347 3732 4419 Κατασοφίζεται

2147 4435 2203 4489 δὲ
2243 4436 2342 4507 τὴν
2381 4435 2598 4507 γραφὴν
2651 4437 2680 4489 ὁ
2722 4436 3010 4502 θεσπέσιος
3050 4438 3298 4506 Παῦλος,
3352 4438 3451 4494 κοιλ⁸
3494 4439 3630 4492 πολύ
3671 4437 3734 4507 δὴ

463 4526 630 4582 Vides
666 4543 777 4596 quo
809 4538 967 4597 pacto
1003 4531 1204 4585 retexit
1245 4538 1495 4600 puteum,
1532 4533 1876 4603 removitque
1905 4534 2045 4604 lapi-

2159 4526 2264 4578 λίαν
2291 4527 2559 4597 εὐτέχνως
2586 4528 2708 4595 ἄγει
2739 4529 2874 4600 πρὸς
2908 4528 2967 4581 τὸ
2992 4530 3287 4602 χρήσιμον,
3311 4531 3404 4584 τὸν
3445 4531 3547 4585 οὐκ
3569 4532 3732 4602 ὲγνωτ

463 4619 614 4686 dem,
673 4629 731 4674 et
776 4620 1144 4677 viviﬁcantem
1196 4622 1563 4692 cognitionem
1609 4623 1741 4693 ipsis
1785 4626 2044 4681 ostendit.

462 4708 914 4778 Incomparabilis
955 4708 1122 4779 igitur
1151 4721 1235 4764 est
1267 4718 1549 4780 pastorum
1578 4711 1861 4767 industriae
1884 4713 2046 4769 diii‘e—

463 4798 661 4863 rentia,
708 4798 792 4853 Illi
833 4799 1003 4864 enim,
1048 4800 1264 4855 etiamsi
1312 4802 1467 4855 multi
1518 4802 1812 4856 admodum
1837 4813 2041 4870 essent,

460 4906 645 4946 veram
670 4889 737 4945 de
759 4892 872 4945 De’o
898 4893 1228 4947 sententiam
1255 4894 1494 4947 assecuti
1518 4911 1628 4949 non
1654 4903 1801 4962 sunt,
1845 4904 1901 4951 et
1940 4898 2041 4952 do-

458 4987 701 5051 gmatum
748 4981 1086 5038 obscuritate
1109 4982 1263 5049 victi,
1299 4981 1367 5037 ad
1404 4982 1459 5038 id
1491 4983 1638 5053 quod
1661 4984 1795 5053 ipsis
1820 4985 2042 5040 videba-

456 5079 566 5137 tur,
614 5072 782 5128 delati
823 5082 971 5129 sunt.
999 5075 1101 5130 Hic
1137 5091 1270 5130 vero
1294 5075 1399 5130 etsi
1423 5075 1572 5130 solus
1597 5076 1886 5142 exsistens,
1911 5093 2037 5146 pro—

456 5165 640 5234 posuit
673 5165 984 5221 veritatem.
1023 5166 1297 5223 Amolilus
1326 5168 1474 5222 enim
1510 5176 1595 5222 est
1620 5167 1856 5237 lapidem
1887 5169 2036 5224 solus

459 5252 644 5316 Iacob,
693 5260 747 5308 et
797 5255 1052 5311 Rachelis
1090 5272 1220 5311 oves
1262 5256 1571 5327 adaquavit.
1605 5257 1778 5311 Porro
1816 5256 2034 5327 dignam

452 5343 641 5409 etiam,
680 5362 802 5413 qua:
832 5356 1131 5412 amaretur,
1157 5348 1375 5403 censuit
1402 5350 1660 5419 puellam.
1696 5367 1713 5401 ι
1742 5347 2034 5404 Osculatus

453 5434 599 5490 enim
647 5442 750 5499 est,
812 5435 1010 5506 inquit,
1052 5438 1277 5502 Rachel,
1323 5446 1377 5494 et
1408 5441 1659 5510 cognitus
1700 5440 1921 5509 quidem
1948 5440 2033 5495 est

346 5598 355 5607 _
453 5523 635 5614 statim
678 5540 708 5577 a
741 5524 928 5578 Laban
977 5526 1040 5591 ‘3,
1078 5545 1094 5577 ι
1139 5528 1232 5597 qui
1260 5527 1423 5582 domo
1445 5544 1541 5583 sua
1575 5529 1835 5600 deinceps
1868 5546 2029 5585 exce—

453 5614 554 5683 pit,
575 5630 872 5687 amorequc
895 5624 950 5672 et
974 5618 1316 5688 amplexibus
1343 5620 1599 5691 dignatus
1620 5631 1706 5678 est
1728 5623 1915 5678 fratris
1944 5625 2030 5679 sui

2151 4618 2347 4688 σμένον
2385 4619 2566 4683 αὐτοῖς
2602 4619 2756 4684 Θεὸν,
2780 4621 3011 4691 Χριστὸν
3035 4617 3171 4675 εἶναι
3201 4622 3401 4691 λέγων.
3437 4643 3456 4674 ι
3500 4626 3596 4676 Ὃν
3627 4621 3732 4691 γὰρ

2148 4712 2325 4782 ὑμεῖς,
2348 4711 2536 4782 φησιν,
2563 4711 2885 4780 ἀγνοοῦντες
2902 4712 3201 4776 εὐσεϐεῖτε,
3234 4713 3431 4768 τοῦτον
3460 4714 3572 4783 ἐγὼ
3603 4729 3728 4765 κατ-

2144 4802 2391 4871 αγγέλλω
2427 4803 2578 4873 ὑμῖν.
2615 4821 2631 4854 ι
2680 4804 2842 4874 Ὁρᾷς
2883 4805 3029 4866 ὅπως
3064 4805 3386 4874 ἀπεκάλυῲε
3428 4804 3492 4859 τὸ
3534 4804 3727 4875 φρέαρ.

2144 4894 2442 4948 ἀπεκύλισε
2476 4895 2566 4947 τὸν
2602 4894 2769 4959 λίθον,
2801 4895 2898 4966 τὴν
2923 4894 3187 4960 ζωοποιὸν
3214 4896 3405 4961 αὐτοῖς
3445 4895 3729 4968 παρέδειξε

2142 4984 2362 5053 γνῶσιν.
2400 4984 2757 5056 Ἀσύγκριτος
2789 4986 2963 5039 τοίνυν
2992 4987 3089 5056 τῆς
3118 4985 3225 5039 τῶν
3257 4988 3539 5057 ποιμένων
3572 4988 3725 5055 ἀγχιε

2142 5078 2289 5141 νοίας
2342 5079 2376 5147 ἡ
2417 5077 2669 5150 διαφορά.
2717 5080 2780 5132 Οἱ
2832 5079 2931 5149 μὲν
2985 5079 3125 5153 γὰρ,
3172 5081 3355 5134 καίτοι
3404 5082 3525 5136 λίαν
3576 5081 3722 5140 ὄντες

2144 5168 2348 5235 πολλοὶ,
2388 5169 2485 5239 τῆς
2512 5169 2745 5240 ἀληθοῦς
2770 5171 2898 5240 περὶ⁹
2932 5172 3065 5225 Θεοῦ
3100 5172 3259 5243 δόξης
3297 5175 3535 5228 κατόπιν
3560 5172 3727 5244 ᾔεσαν

2142 5260 2236 5313 καὶ
2271 5261 2370 5330 τῆς
2415 5260 2523 5313 τῶν
2568 5260 2852 5331 δογμάτων
2886 5263 3152 5332 ἀσαφείας
3194 5264 3526 5335 ἡττώμενοι,
3558 5281 3727 5335 παρει-

2142 5351 2371 5421 φέροντο
2410 5353 2546 5424 πρὸς
2572 5353 2634 5405 τὸ
2653 5353 2863 5409 δοκοῦν.
2888 5356 2948 5408 Ὀ
2981 5355 3037 5408 δὲ
3062 5355 3239 5410 καίτοι
3274 5357 3438 5427 μόνος
3460 5357 3537 5411 ῶν
3566 5372 3726 5428 παρει-

2138 5445 2277 5499 τίθει
2303 5447 2402 5515 τὴν
2435 5446 2708 5517 ἀλήθειαν.
2764 5448 3085 5501 Ἀπεκύλισε
3118 5448 3226 5520 γὰρ
3262 5450 3358 5506 τὸν
3386 5452 3535 5505 λίθον
3569 5450 3724 5520 μόνος

2137 5538 2166 5589 ὁ
2205 5535 2420 5601 Ἰακὼϐ,
2458 5539 2551 5591 καὶ
2587 5538 2656 5591 τὰ
2686 5538 2790 5591 ὑπὸ
2816 5539 2916 5610 τὴν
2958 5540 3163 5612 Ῥαχὴλ
3198 5541 3413 5606 ποτίζει
3455 5542 3722 5614 πρόΰατα.

2139 5628 2247 5681 Καὶ
2278 5627 2377 5697 μέν
2396 5644 2475 5680 τοι
2506 5628 2823 5700 ἀξιέραστον
2847 5632 3031 5700 ἡγεῖτο
3061 5631 3159 5701 τὴν
3188 5630 3383 5704 κόρην.
3413 5652 3432 5686 ε
3469 5632 3719 5702 Ἑφξλδλσε

522 5798 561 5830 ¹¹
588 5798 787 5855 Jcrem
827 5819 884 5870 rt,
922 5801 999 5865 I2,
1036 5792 1116 5857 I3.
1198 5805 1237 5835 "
1272 5805 1389 5858 Act.
1422 5822 1550 5870 xvii,
1586 5806 1675 5874 2‘2,
1712 5804 1800 5859 95.
1879 5807 1922 5839 ¹³
1952 5807 2088 5863 Gen.
2126 5827 2271 5877 uix,
2310 5810 2393 5865 II.
