4034 6450
1271 414 1814 485 'CLAPH-YRORUM
1855 414 1922 482 1N
1964 412 2269 483 GENEstu
2317 406 2461 480 ἰἰΒ.
2499 408 2590 480 t'v.

3441 407 3553 470 ρος

275 561 404 632 γὰρ,
444 551 603 627 φησι,
645 550 741 624 τὴν
791 546 1030 623 Ῥαχὴλ,
1068 548 1165 604 καὶ
1196 548 1610 619 ,ἀνεγνωρίζετο
1641 548 1742 619 μὲν
1779 548 1854 619 τῷ

1958 545 2155 613 ﬁlium,
2185 554 2350 616 atque
2383 545 2525 599 inter
2551 550 2815 612 cognatos
2846 536 3057 592 habuit.
3083 535 3175 590 Ait
3202 534 3351 589 enim
3381 551 3394 586 :
3428 551 3444 584 ι
3473 533 3552 588 his

275 649 445 708 Λάόαν
484 644 666 711 εὐθὺς,
701 662 720 696 ι
762 642 823 708 ὃς
862 642 928 715 δὴ
959 642 1056 697 καὶ
1090 641 1343 713 ἐφέστιον
1386 641 1626 695 ἐποιεῖτο
1662 639 1851 695 λοιπὸν

273 740 478 811 ἀγάπης
503 753 567 791 τε
603 736 696 790 καὶ
734 731 1092 806 περιπλοκῶν
1129 731 1287 804 ἠξίου
1325 732 1421 785 τὸν
1451 721 1847 800 ἁδελφόπαιδα,

272 837 354 890 καὶ
396 835 455 888 ἐν
503 834 619 895 τοῖς
660 828 1025 901 ἁγχισπόροις
1076 824 1482 895 κατελογίζετο.
1530 824 1677 896 Ἔφη
1714 822 1847 894 γάρ’

277 947 293 979 ι
320 927 406 980 Ἐκ
430 923 538 978 τῶν
558 922 734 977 ὀστῶν
752 939 858 994 μου
883 921 978 992 καὶ
1010 922 1075 975 ἐκ
1102 919 1211 974 τῶν
1244 917 1465 991 σαρκῶν
1504 934 1610 987 μου
1637 911 1689 969 εἴ
1716 915 1802 971 σύ.
1827 933 1845 964 ι

286 1014 659 1088 Ἐρμηνεύεται
693 1014 795 1086 μὲν
813 1014 849 1084 ἡ
890 1011 1126 1085 Ῥαχὴλ,
1153 1010 1305 1067 Θεοῦ
1326 1011 1651 1081 πρόϐατον.
1682 1009 1850 1081 Περι-

278 1111 377 1182 θείη
406 1109 451 1164 δ’
488 1110 555 1165 ἄν
584 1126 670 1173 τις
694 1108 860 1179 αὐτῇ,
890 1108 985 1161 καὶ⁵
1016 1106 1167 1179 μάλα
1186 1105 1437 1169 εἰκότως,
1462 1105 1562 1175 τῆς
1591 1102 1652 1169 ἐξ
1681 1101 1852 1157 ἐθνῶν

286 1203 591 1274 Ἐκκλησίας
616 1200 677 1255 τὸ
698 1202 904 1272 σχῆμα.
943 1200 1094 1272 Αὕτη
1123 1199 1233 1272 γάρ
1257 1201 1373 1253 ἐστι
1395 1198 1460 1251 τὸ
1489 1197 1585 1252 τοῦ
1613 1195 1851 1269 Χριστοῦ

275 1294 539 1366 πρόϐατον,
569 1293 633 1347 τὸ
660 1296 774 1357 τοῖς
801 1292 1187 1363 ἀρχαιοτέροις
1216 1289 1491 1361 ποιμνίοις
1524 1288 1850 1361 ἀναμιχθέν,

270 1389 353 1441 καὶ
391 1388 509 1450 ταῖς
538 1385 634 1440 τοῦ
668 1384 929 1457 Σωτῆρος
966 1383 1162 1448 αὐλαῖς
1195 1382 1695 1454 ὲνσεσηκασμένονι
1726 1382 1849 1435 Τοι-

272 1478 441 1550 γάρτοι
472 1477 568 1531 καὶ
606 1476 840 1546 ἔφασκεο
885 1492 905 1528 ι
940 1476 1054 1531 Καὶ
1084 1474 1224 1530 ἄλλα
1251 1474 1502 1547 πρόϐατα
1527 1473 1658 1545 ἔχω,
1689 1473 1725 1528 ἃ
1750 1474 1852 1526 οὐκ

271 1570 400 1623 ἐστιν
426 1572 487 1622 ἐκ
506 1569 607 1639 τῆς
648 1567 821 1638 αὐλῆς
847 1566 1076 1638 ταύτης.
1110 1566 1359 1640 Κᾲκεῖνά
1386 1583 1454 1637 με
1477 1565 1559 1619 δεῖ
1597 1566 1849 1635 ἀγαγεῖν,

270 1660 474 1732 καὶτῆς
511 1663 704 1732 φωνῆς
750 1677 855 1732 μου
897 1658 1231 1723 ὰκούσουσι,
1277 1660 1373 1713 καὶ
1423 1659 1719 1732 γενήσεται
1752 1658 1852 1729 μία

272 1753 470 1823 ποίμνη,
500 1747 582 1816 εἷς
622 1753 855 1825 ποιμήν.
904 1771 924 1803 ι
973 1751 1327 1824 Ἐποίμαινον
1355 1753 1413 1808 δὲ
1445 1753 1539 1806 καὶ
1569 1753 1619 1806 oi
1652 1749 1853 1805 θεσπέ-

270 1859 363 1896 σιοι
400 1842 646 1915 μαθηταὶ
679 1843 781 1916 τὴν
832 1842 1166 1915 Ἐκκλησίαν
1198 1842 1463 1916 Χριστοῦ,
1493 1844 1614 1916 ἦτοι
1646 1842 1716 1897 τὰ
1756 1842 1849 1896 ὑπ’

1956 636 2181 692 ossibus
2229 636 2371 691 meis
2410 643 2466 691 et
2490 651 2558 691 ex
2583 632 2850 688 carnibus
2878 629 3022 685 meis
3045 643 3108 683 cs
3136 635 3195 682 tu
3226 626 3291 679 “.
3324 644 3343 676 ι
3380 623 3558 680 Porro

1955 728 2355 799 interpretatur
2407 727 2634 790 Rachel,
2665 725 2774 779 ovis
2821 721 2940 777 Dei.
2996 717 3156 791 125
3179 716 3412 772 Tribuat
3452 729 3555 769 au-

1955 828 2068 875 tem
2096 820 2224 892 quis
2258 820 2333 887 ei,
2370 829 2429 876 et
2467 820 2695 891 quidem
2752 817 2976 879 merito,
3025 813 3254 885 ﬁguram
3295 808 3557 865 Ecclesia:

1953 929 2022 969 ex
2054 913 2338 985 gentibus.
2370 913 2494 984 Ipsa
2513 913 2664 969 enim
2708 919 2795 967 est
2821 906 3029 966 Christi
3081 905 3221 970 ovis,
3272 899 3554 958 veteribus

1953 1004 2197 1062 ovilibus
2240 1004 2503 1071 immista,
2544 1013 2601 1061 et
2640 1001 2944 1060 Salvatoris
2992 986 3234 1053 ovilibus
3272 992 3553 1050 conclusa;

1953 1097 2168 1154 Idcirco
2222 1099 2393 1155 etiam
2435 1097 2622 1153 dixit:
2677 1116 2695 1148 ι
2730 1096 2801 1151 Ει
2836 1095 2979 1150 alias
3027 1106 3160 1148 oves
3206 1088 3387 1145 habeo
3432 1101 3556 1157 qua:

1952 1205 2068 1247 non
2106 1200 2238 1249 sunt
2262 1208 2332 1248 ex
2353 1191 2463 1247 hoc
2493 1190 2663 1246 ovili:
2695 1189 2818 1244 illas
2840 1203 3064 1259 quoque
3094 1192 3312 1256 oportet
3345 1196 3433 1235 me
3461 1177 3557 1233 ad=

1953 1284 2178 1353 ducere,
2203 1293 2261 1342 et
2291 1300 2484 1341 vocem
2515 1299 2694 1345 meam
2726 1281 2974 1346 audient,
3000 1278 3172 1335 etﬁet
3193 1289 3364 1331 unum
3387 1270 3553 1333 ovile,

1954 1384 2011 1432 et
2041 1393 2187 1434 unus
2225 1386 2415 1449 pastor
2449 1377 2514 1431 ιδ.
2548 1396 2566 1429 ι
2620 1377 2901 1432 Paverunt
2942 1381 3127 1429 autem
3163 1370 3331 1426 etiam
3378 1366 3555 1423 sancti

1954 1471 2217 1543 discipuli
2264 1471 2570 1527 Ecclesiam
2614 1468 2847 1533 Christi,
2892 1467 3009 1522 sive
3057 1481 3181 1536 qua:
3209 1463 3260 1519 ei
3295 1462 3552 1525 subsunt,

1954 1563 2254 1618 rationales
2286 1578 2437 1628 oves,
2491 1577 2710 1618 necnon
2740 1571 3019 1616 amatores
3058 1573 3123 1613 ac
3165 1553 3403 1628 pronuhi
3437 1555 3557 1623 ejus

1954 1656 2213 1722 fuerunt,
2276 1655 2610 1711 exhibentes
2672 1669 2795 1709 eam
2854 1652 2970 1708 Deo
3015 1649 3287 1719 virginem
3335 1659 3553 1719 puram,

1955 1765 2068 1805 non
2104 1748 2405 1805 habentem
2428 1747 2724 1815 maculam,
2765 1753 2864 1803 aut
2888 1760 3082 1819 rugam
3108 1747 3175 1811 “,
3231 1754 3329 1799 aut
3365 1740 3558 1812 hujus—

1955 1841 2108 1898 modi
2137 1841 2292 1913 quid,
2315 1849 2559 1897 sanctam
2592 1855 2728 1897 vero
2750 1841 2941 1911 potius
2971 1849 3029 1896 et
3055 1834 3480 1894 immaculatum.

269 1941 387 2014 αὐτῇ
418 1940 692 2012 νοούμενα
734 1939 934 2010 λογικὰ
966 1939 1285 2014 θρέμματα,
1322 1943 1419 1996 καὶ
1470 1941 1536 2011 δὴ
1576 1940 1675 1995 καὶ
1718 1938 2008 2010 γεγόνασιν
2073 1939 2247 2009 αὐτῆς
2314 1938 2546 2010 ἐρασταὶ
2604 1938 2702 1993 καὶ
2738 1936 3123 2010 νυμφαγωγοὶ,
3179 1929 3556 2005 παριστῶντες

272 2034 414 2106 αὐτὴν
437 2033 514 2106 τῷ
528 2032 659 2106 Θεῷ
679 2033 949 2107 παρθένον
964 2034 1158 2107 ἁγνὴν,
1180 2034 1257 2107 μὴ
1282 2034 1515 2107 ἔχουσαν
1531 2034 1787 2105 σπῖλον,ἢ
1813 2033 2026 2108 ῥυτίδα,
2075 2033 2176 2105 ῆτι
2198 2031 2309 2086 τῶν
2323 2033 2605 2087 τοιούτων·
2641 2032 2822 2102 ἁγίαν
2847 2031 2904 2086 δὲ
2940 2028 3142 2102 μᾶλλον
3171 2028 3267 2081 καὶ
3285 2027 3551 2096 ἄμωμον,

333 2127 381 2183 ι’.
418 2129 536 2183 Ὀτι
579 2127 647 2181 δὲ
692 2128 789 2182 καὶ
830 2127 931 2201 τὴν
955 2129 1050 2183 τοῦ
1090 2129 1283 2199 γένους
1312 2128 1512 2200 ἀρχὴν,
1554 2127 1650 2180 καὶ
1682 2125 1849 2180 οἱονεἸ⁵

2028 2126 2081 2180 5.
2121 2123 2281 2192 Quod
2327 2140 2462 2180 vero
2507 2122 2841 2197 principium
2873 2121 3093 2195 generis
3126 2135 3192 2176 ac
3224 2118 3395 2174 veluti
3435 2118 3552 2191 pri-‘

277 2221 352 2283 τὰς
378 2218 597 2291 πρώτας
628 2219 730 2293 τῆς
765 2219 925 2293 ῥίζης
951 2220 1204 2286 ἐκϐολὰς,
1241 2219 1303 2286 ἐξ
1348 2219 1519 2274 ἐθνῶν
1548 2221 1848 2291 ἐσχήκασιν

269 2314 313 2366 οι
341 2314 393 2381 ἐξ
433 2312 678 2386 Ἰσραὴλ,
719 2314 786 2367 ἐκ
815 2313 925 2367 τῶν
952 2313 1049 2368 τοῦ
1085 2312 1277 2369 Λάϐαν
1312 2312 1620 2384 συνήσομεν
1649 2310 1845 2380 λόγων.

281 2406 422 2477 Ἀνὴρ
459 2408 569 2474 γὰρ
618 2405 1026 2479 εἰδωλολάτρης
1065 2406 1454 2480 κατησπάζειο
1487 2406 1580 2459 τὸν
1627 2402 1848 2472 Ἰακὼϐ,

268 2500 350 2553 καὶ
382 2498 439 2565 ἐξ
462 2499 774 2572 ὁμαίμονος
799 2499 964 2554 αὐτὸν
1002 2499 1258 2570 γενέσθαι
1292 2498 1452 2570 φησὶ,
1479 2498 1640 2569 δῆλον
1671 2497 1728 2552 δὲ
1766 2498 1848 2552 ὅτι

279 2591 568 2655 Ῥεϐέκκας·
586 2591 778 2664 σάρκα
796 2608 855 2646 τε
879 2590 1041 2646 αὐτὸν
1074 2592 1169 2645 καὶ
1194 2590 1386 2645 ὀστοῦν
1405 2590 1537 2645 ἴδιον
1559 2587 1848 2646 ἀπεκάλει.

268 2683 517 2755 Κέκληται
540 2684 663 2756 γὰρ
700 2684 731 2736 ὀ
759 2682 1051 2748 θεσπέσιος
1095 2681 1350 2756 Ἀϐραὰμ
1398 2682 1457 2737 ἐν
1486 2681 1850 2755 ἀκροϐυστία,

266 2777 630 2851 τεθραμμένος
683 2778 745 2831 ὲν
794 2780 868 2850 γῇ
907 2776 1195 2832 Χαλδαίων
1236 2775 1384 2831 ἔθεσί
1425 2793 1486 2831 τε
1531 2776 1627 2831 καὶ
1664 2774 1853 2848 νόμοις

266 2871 364 2932 τοῖς
415 2869 758 2942 Ἑλληνικοῖς
781 2910 797 2934 ,
868 2869 962 2922 καὶ
1025 2871 1253 2941 σημεῖον
1306 2867 1468 2925 ἔλαϐε
1511 2869 1852 2942 περιτομὴν,

267 2961 521 3035 σφραγῖδα
546 2962 657 3034 τῆς
686 2962 746 3014 ὲν
792 2959 1140 3034 ἀκροϐυστίᾳ
1186 2961 1445 3027 πίστεως,
1497 2961 1639 3017 κατὰ
1666 2962 1728 3017 τὸ
1760 2978 1856 3033 γε·

266 3054 589 3127 γραμμένον.
626 3053 912 3126 Συγγενὴς
949 3049 1046 3109 οὖν
1094 3054 1205 3128 ἄρα
1250 3057 1364 3119 τοῖς
1394 3054 1456 3121 ἐξ
1492 3054 1665 3110 ἐθνῶν
1705 3055 1800 3109 καὶ
1826 3054 1854 3108 ὁ

267 3148 594 3220 πρωτότοκος
645 3146 866 3219 Ἰσραήλ
892 3164 906 3178 ο
939 3147 1118 3202 καίτοι
1142 3146 1293 3219 νόμῳ
1326 3147 1732 3221 διεσταλμένος,
1776 3149 1856 3212 εῐς

265 3257 321 3310 γε
348 3239 404 3294 τὸ
429 3239 621 3312 ἐτερος
666 3233 812 3293 εἶναι
854 3238 1051 3293 δοκεῖν.
1094 3238 1237 3292 Ἀλλ’
1272 3240 1333 3291 ἐν
1376 3237 1601 3311 Χριστῷ
1629 3240 1857 3308 γεγόναο

266 3352 342 3389 σιν
383 3335 440 3390 ἓν
490 3337 541 3389 oi
580 3334 703 3390 δύο.
728 3332 981 3405 Περιεῖλε
1018 3333 1122 3407 γὰρ
1170 3332 1232 3387 τὸ
1263 3331 1624 3406 μεσολαϐοὖν,
1658 3350 1858 3405 καταρ-

266 3429 426 3499 γήσας
461 3428 554 3482 τὸν
597 3429 665 3482 ἐν
708 3427 1009 3499 γράμμασι
1059 3426 1247 3498 νόμον,
1284 3427 1380 3481 καὶ
1426 3425 1526 3498 τὴν
1563 3425 1856 3485 διιστῶσαν

1956 2237 2075 2277 mas
2099 2220 2301 2277 radicis
2318 2220 2646 2276 emissiones
2677 2235 2746 2276 ex
2772 2217 3030 2291 gentibus
3054 2214 3353 2272 habuerint
3377 2215 3553 2272 Israc-

1953 2316 2088 2380 litze,
2120 2329 2189 2369 ex
2214 2314 2405 2369 verbis
2433 2314 2622 2370 Laban
2646 2311 3029 2384 intelligimus.
3068 2310 3245 2366 IIomo
3269 2308 3417 2365 enim
3442 2309 3557 2364 ido=

1953 2407 2152 2464 lolatra
2183 2406 2442 2463 salutavit
2468 2405 2662 2470 Iacob,
2692 2414 2749 2461 et
2782 2421 2851 2461 ex
2882 2404 3290 2475 consanguinea
3328 2418 3428 2458 sua
3470 2402 3552 2475 ip;

1953 2514 2078 2558 sum
2126 2509 2319 2557 natum
2371 2499 2470 2565 ait,
2515 2499 2767 2555 Rebecca
2818 2498 3081 2554 nimirum
3114 2516 3131 2552 ι
3161 2513 3385 2554 carnem
3414 2513 3555 2568 prata

1955 2602 2109 2652 terea
2155 2594 2359 2665 ipsum,
2410 2601 2467 2648 et
2512 2607 2576 2648 os
2616 2590 2902 2664 proprium
2953 2589 3267 2662 appellavit.
3319 2589 3559 2646 Vocatus

1954 2683 2104 2739 enim
2133 2691 2219 2741 est
2240 2683 2462 2739 divinus
2485 2681 2761 2738 Abraham
2794 2680 2851 2737 in
2879 2681 3171 2753 praeputio,
3203 2680 3474 2738 educatus
3501 2682 3557 2737 iu

1958 2775 2184 2848 regione
2213 2774 2598 2833 Chaldzeorum
2627 2774 2885 2831 moribus
2906 2782 2963 2828 ct
2999 2773 3218 2846 legibus
3245 2773 3554 2846 gentilium,

1957 2878 2016 2926 et
2060 2870 2282 2941 signum
2341 2868 2564 2940 accepit
2620 2867 3149 2943 circumcisionem,‘
3215 2867 3557 2938 signaculum

1959 2961 2089 3019 ﬁdei
2146 2963 2202 3018 in
2246 2964 2538 3035 praeputio,
2599 2962 2746 3018 sicut
2777 2962 3045 3033 scriptum
3077 2968 3164 3018 est
3190 2961 3253 3015 ¹⁷ι
3278 2960 3561 3032 Cognatas

1956 3056 2146 3129 itaque
2170 3065 2255 3113 est
2277 3071 2469 3113 eorum
2493 3057 2589 3128 qui
2618 3071 2687 3112 ex
2711 3056 2972 3126 gentibus
3002 3064 3132 3112 sunt
3156 3054 3560 3127 primogenitum

1958 3149 2149 3215 Israel,
2183 3149 2401 3206 etiamsi
2429 3149 2549 3222 lege
2583 3149 2904 3216 distinctus,
2936 3162 3000 3206 ut
3031 3149 3285 3205 diversus
3312 3165 3436 3206 esse
3472 3151 3560 3203 vi;

1961 3242 2178 3299 deatur.
2220 3242 2497 3300 Caeterum
2541 3242 2599 3299 in
2635 3242 2859 3300 Christo
2897 3243 3028 3300 facti
3063 3252 3194 3299 sunt
3233 3260 3406 3300 unum
3449 3247 3560 3300 duo

1960 3336 2172 3408 populi.
2209 3337 2447 3394 Sustulit
2486 3335 2637 3395 enim
2681 3338 3000 3405 maceriam,
3027 3352 3150 3409 qua:
3191 3353 3291 3396 eos
3330 3337 3560 3395 dirime~

1961 3429 2079 3496 hat,
2108 3430 2287 3486 soluta
2321 3430 2545 3487 litterati
2574 3431 2714 3503 lege,
2746 3440 2805 3487 et
2831 3431 3279 3498 circumcisione,
3314 3447 3439 3504 quae
3465 3448 3563 3489 eos

267 3525 574 3595 περιτομήν.
627 3520 1125 3592 ’Δνεκαινίσθημεν
1151 3519 1264 3591 γὰρ
1299 3521 1379 3584 εἰς
1402 3519 1501 3575 ἕνα
1535 3518 1723 3573 καινὸν
1751 3518 1849 3574 ἄν-

1958 3521 2336 3595 distinguebat
2359 3525 2422 3579 “.
2467 3524 2738 3581 Renovati
2771 3524 2920 3580 enim
2953 3539 3147 3581 sumus
3173 3525 3229 3580 in
3259 3539 3429 3581 unum
3456 3541 3561 3581 ria-

268 3614 487 3687 θρωπον,
524 3614 804 3687 σύσσωμά
837 3631 897 3668 τε
931 3615 1028 3669 καὶ
1057 3611 1441 3684 ὁμοοψυχοῦντα
1472 3611 1542 3666 τὰ
1574 3610 1706 3683 ἑθνη
1740 3612 1854 3676 τοῖς

267 3707 322 3771 ἐξ
352 3707 588 3781 Ἰσραήλ.
626 3706 936 3778 Μονονουχί
958 3707 1015 3761 δὲ
1043 3707 1139 3761 καὶ
1159 3707 1238 3770 είς
1259 3707 1566 3779 ταυτότητα
1591 3721 1871 3779 συνενηνε-

262 3802 417 3871 γμένα
432 3801 645 3873 διὰτῆς
674 3801 733 3854 ἐν
766 3797 1043 3871 πνεύματι
1080 3796 1388 3863 κοινωνίας,
1424 3798 1619 3870 ὁρᾶται
1644 3796 1853 3852 λοιπόν.

271 3894 400 3966 Ἔφη
418 3897 528 3969 γάρ
555 3912 668 3951 που
705 3893 949 3967 Χριστὸς
979 3893 1118 3966 πρὸς
1134 3892 1227 3947 τὸν
1258 3895 1319 3947 ἐν
1352 3893 1604 3967 οὐρανοῖς
1631 3893 1856 3966 Πατέρα

268 3987 352 4044 καὶ
375 3988 538 4045 Θιόν·
572 4009 594 4042 ι
642 3988 800 4044 Θέλω
840 3987 928 4043 ῖνα
956 3986 1111 4042 ὥσπε
1123 4002 1155 4059 ρ
1189 3985 1303 4057 ἐγὼ
1342 3984 1439 4042 καὶ
1469 3986 1534 4042 σε.»
1568 3987 1630 4041 ἓν
1661 3986 1853 4058 ἐσμεν,

266 4077 395 4135 οὕτω
424 4082 522 4136 καὶ
558 4080 722 4137 αὐτοὶ
753 4081 812 4135 ἐν
833 4083 965 4153 ἡμῖν
995 4078 1056 4135 ἓν
1101 4073 1260 4135 ὦσιν.
1294 4096 1314 4130 ι
1357 4077 1533 4143 Αὐτὸς
1562 4080 1672 4150 γάρ
1706 4079 1855 4132 ἐστιν

268 4173 297 4243 ὴ
318 4173 500 4247 εἰρήνη
532 4173 721 4246 ήμῶν,
748 4173 778 4228 ὁ
800 4171 865 4227 τὸ
906 4171 1228 4245 μεσότοιχον
1251 4168 1350 4226 τοῦ
1378 4170 1642 4243 φραγμοῦ
1660 4170 1853 4235 λύσας,

268 4264 502 4339 καθάπερ
537 4266 686 4338 ἔφην
718 4264 954 4337 ἀρτίως,
986 4264 1082 4319 καὶ
1107 4264 1221 4329 θεὶς
1241 4264 1308 4319 ἐκ
1339 4264 1509 4336 μέσου
1526 4263 1588 4318 τὸ
1610 4262 1853 4328 διιστῶν,

269 4358 350 4412 καὶ
386 4358 625 4414 συνδέων
670 4359 825 4430 ἡμᾶς
870 4351 985 4413 οἷον
1017 4359 1098 4423 εἰς
1130 4356 1360 4432 ἑνότητα
1396 4357 1490 4414 διὰ
1517 4356 1852 4429 πνεύματος.

268 4451 487 4522 Σημεῖον
515 4448 612 4507 οὖν
642 4451 776 4523 ἄρα,
813 4451 911 4505 καὶ
936 4450 1083 4522 μάλα
1115 4449 1308 4523 σαφὲς,
1350 4452 1452 4523 τῆς
1479 4453 1537 4506 ἐν
1577 4450 1762 4504 πίστει
1795 4466 1855 4502 τε

270 4547 353 4600 καὶ
378 4546 762 4621 πνευματικῆς
792 4543 1043 4611 ἐνώσεως
1076 4544 1187 4600 τῶν
1210 4544 1305 4600 δύο
1332 4538 1478 4600 λαῶν
1498 4543 1560 4598 τὸ
1592 4540 1858 4612 περιπλέ-

269 4639 446 4694 κεσθαι
490 4639 573 4712 τῷ
626 4637 827 4695 Ἰακὼϐ
873 4639 968 4693 τὸν
1015 4637 1237 4704 Λάδαν,
1284 4635 1621 4711 ὁμολογῆσαί
1664 4653 1727 4690 τε
1774 4638 1857 4691 ὅτι

271 4732 354 4786 καὶ
389 4732 581 4787 ὀστοῦν
618 4730 707 4803 εἴη
738 4733 836 4785 καὶ
875 4730 1018 4804 σὰρξ
1066 4730 1254 4786 αὑτοῦ.
1293 4731 1417 4785 Ὅτι
1451 4730 1513 4801 δή
1557 4729 1693 4802 πρὸς
1732 4728 1857 4783 τού-

269 4840 370 4888 τοις
399 4825 612 4897 ἒτερον,
644 4823 777 4895 φέρε
797 4823 862 4896 δὴ
892 4822 1163 4895 λέγωμεν,
1200 4824 1260 4891 ἐξ
1293 4823 1473 4876 αὐτῶν
1506 4822 1720 4885 ἑλόντες
1748 4821 1858 4875 τῶν

271 4914 417 4986 ιερῶν
465 4891 861 4987 Ῑςραμμάτωνί
891 4931 909 4965 ι
948 4891 1085 4967 Εἶτιε
1143 4913 1286 4986 γὰρ,
1349 4912 1505 4984 φησὶ,
1561 4910 1747 4967 Λὰσαν
1777 4911 1855 4981 τῷ
1891 4891 1932 4946 υ

281 5007 461 5064 Ἰακὼϐ
488 5028 502 5042 °
540 5010 666 5065 Ὅτι
695 5010 806 5081 γὰρ
834 5008 1063 5079 ἀδελφός
1089 5026 1193 5081 μου
1222 5004 1294 5075 si,
1326 5010 1387 5062 οὗ
1413 5006 1724 5071 δουλεύσεις
1761 5022 1853 5078 μοι

271 5099 483 5175 δωρεάνε
526 5100 893 5172 ’Δπάγγειλόν
926 5117 1015 5172 μοι
1056 5099 1139 5164 τίς
1183 5100 1212 5153 ὁ
1253 5099 1446 5172 μισθός
1474 5099 1568 5153 σού
1591 5100 1727 5153 ἐστι.
1764 5097 1855 5169 Τῷ

272 5196 321 5253 δέ
349 5198 529 5254 Λάϐαν
574 5194 718 5271 ἦσαν
753 5196 852 5251 δύο
905 5196 1245 5269 θυγατέρες,
1300 5194 1473 5264 δνομα
1524 5194 1593 5263 τῇ
1646 5190 1855 5262 μείζονι

272 5289 409 5356 Λεία,
441 5290 540 5345 καὶ⁵
570 5290 748 5362 ὖνομα
770 5291 837 5361 τῇ
862 5288 1105 5359 νεωτέρα
1151 5285 1373 5358 Ῥαχήλ.
1401 5286 1463 5340 Οί
1494 5284 1551 5338 δὲ
1584 5283 1856 5355 ὀφθαλμοὶ

272 5383 421 5447 Λείας
433 5383 707 5447 ἀσθενεῖς,
737 5379 947 5452 Ῥαχὴλ
966 5380 1024 5433 δὲ
1043 5372 1111 5451 ἦν
1136 5379 1278 5449 καλὴ
1299 5376 1380 5449 τῷ
1407 5377 1535 5433 είδει
1559 5378 1655 5431 καὶ
1673 5376 1855 5448 ὡραία

272 5478 332 5548 τῇ
363 5476 480 5546 ὕψει
524 5478 752 5546 σφόδρα.
811 5473 1098 5543 Ἥγάπησε
1145 5472 1201 5527 δὲ
1233 5470 1428 5526 Ἰακὼὸ
1472 5468 1570 5541 τὴν
1631 5462 1855 5540 Ῥαχὴλ,

278 5563 505 5620 aciein”
537 5565 824 5622 Δουλεύσω
853 5581 937 5618 σοι
962 5564 1103 5618 ἐτττὰ
1130 5563 1226 5634 ἔτη
1256 5561 1385 5636 περὶ
1412 5560 1617 5632 Ῥαχὴλ
1638 5561 1736 5630 τῆς
1772 5558 1861 5612 θυ-

275 5654 461 5726 γατρός
489 5671 587 5709 σου
622 5655 723 5727 τῆς
753 5653 1046 5726 νεωτέρας.
1082 5647 1219 5707 Εῐπε
1243 5652 1299 5706 δὲ
1319 5652 1469 5725 αὐτῷ
1491 5650 1696 5707 Λάϐαν·
1732 5650 1860 5703 Βέλ-

277 5759 379 5800 τιον
404 5745 587 5802 δοῦναί
627 5764 692 5820 με
740 5745 914 5818 αὐτὴν
945 5747 1049 5813 σοὶ,
1086 5745 1122 5817 ἢ
1155 5744 1339 5800 δοῦναί
1386 5763 1453 5818 με
1501 5744 1673 5816 αὐτὴν
1703 5743 1860 5817 ἀνδρὶ

345 5861 386 5891 ¹⁵
408 5858 545 5916 Gen.
576 5877 721 5926 nix,
745 5862 836 5917 I4.

283 5927 363 5988 il.
390 5933 409 5965 '
464 5933 662 6003 Ephes.
692 5933 793 5988 loc.
833 5932 923 5987 cit.

595 6026 865 6090 Psmon.
909 6027 1025 6089 Gn.
1072 6025 1279 6117 LXIX.

1960 3630 2092 3672 vum
2124 3615 2429 3684 hominem,
2458 3617 2734 3690 uniusque
2764 3618 3016 3689 corporis
3043 3627 3210 3688 atque
3236 3618 3407 3674 animi
3431 3618 3561 3676 facti

1959 3718 2091 3765 sunt
2115 3718 2308 3781 gentes
2330 3718 2388 3766 et
2417 3709 2701 3777 Israelita,
2735 3726 2802 3766 ac
2829 3720 3042 3768 tantum
3070 3728 3183 3769 non
3210 3712 3279 3768 ad
3305 3711 3564 3767 identitaa

1959 3810 2071 3857 tem
2094 3800 2369 3859 adductos
2391 3817 2490 3874 per
2516 3803 2966 3860 communionem
3005 3804 3063 3860 in
3103 3804 3302 3877 spiritu
3339 3804 3562 3861 tandem

1959 3901 2259 3965 spectatur.
2307 3891 2569 3950 Christus
2597 3892 2748 3949 enim
2784 3892 2989 3949 alicubi
3034 3892 3102 3950 ad
3147 3894 3364 3950 Patrem
3399 3894 3566 3950 ccele.

1958 3994 2101 4042 stem
2155 3985 2231 4044 ita
2274 3984 2396 4041 ait:
2435 4005 2454 4039 α
2490 3985 2627 4043 Volo
2662 3994 2724 4042 ut
2763 3985 3233 4058 quemadmodum
3265 4000 3369 4059 ego
3406 3994 3467 4043 et
3503 3993 3561 4042 tu

1958 4091 2132 4134 unum
2175 4092 2390 4145 sumus,
2426 4078 2502 4135 ita
2536 4085 2595 4134 et
2633 4076 2740 4150 ipsi
2786 4077 2843 4134 in
2878 4076 3044 4135 nobis
3081 4093 3257 4135 unum
3297 4077 3413 4137 sint
3435 4078 3501 4134 ι’.
3537 4094 3557 4129 ι

1958 4168 2081 4240 Ipse
2118 4169 2268 4226 enim
2315 4176 2405 4226 est
2442 4186 2550 4243 pax
2588 4179 2798 4237 nostra,
2839 4170 3139 4228 maceriem
3178 4170 3564 4245 interpositam

1959 4259 2291 4337 dissolvens,
2322 4271 2386 4320 ut
2419 4261 2587 4319 modo
2613 4261 2730 4321 dixi
2757 4264 2835 4331 ὀε
2867 4264 3130 4337 quodque
3163 4279 3268 4322 nos
3303 4264 3566 4339 sejun'go-t

1960 4350 2076 4418 bat,
2110 4351 2181 4409 de
2225 4352 2410 4409 medio
2456 4353 2676 4420 tollens,
2716 4353 3097 4427 colligansque
3141 4371 3246 4413 nos
3285 4355 3461 4414 veluti
3504 4356 3562 4417 in

1960 4444 2228 4501 unitatem
2271 4459 2373 4517 per
2414 4444 2693 4516 spiritum.
2742 4444 2973 4516 Signum
3020 4446 3207 4518 itaque
3241 4454 3300 4503 et
3335 4447 3565 4520 quidem

1960 4534 2315 4592 manifestum
2357 4535 2656 4593 admodum
2699 4536 2930 4593 unitatis
2965 4538 3200 4595 duorum
3230 4542 3563 4612 populorum

1962 4628 2019 4686 in
2050 4627 2157 4684 ﬁde
2186 4644 2252 4685 ac
2277 4629 2478 4701 spiritu
2504 4637 2591 4686 est
2617 4629 2829 4696 Labaa,
2854 4632 3192 4703 amplectens
3210 4633 3401 4699 Iacob,
3426 4649 3563 4691 eon-x

1962 4720 2234 4791 ﬁtensque
2274 4720 2422 4792 quod
2461 4720 2535 4776 sit
2563 4736 2628 4778 os
2649 4729 2705 4778 et
2728 4737 2859 4778 caro
2894 4724 3088 4796 ipsius.
3130 4725 3405 4793 Quidnam
3431 4743 3563 4785 vero

1962 4822 2228 4888 praeterea
2255 4813 2427 4881 aliud,
2459 4830 2580 4887 age,
2609 4814 2863 4873 dicamus
2881 4834 2949 4874 ex
2975 4819 3110 4890 ipsis
3138 4820 3311 4876 sacris
3338 4819 3565 4879 Litteris

1962 4920 2250 4982 petentes:
2287 4931 2305 4964 ι
2343 4910 2488 4967 Dixit
2524 4912 2696 4979 enim,
2740 4913 2941 4983 inquit,
2987 4913 3175 4971 Laban
3227 4916 3295 4972 ad
3347 4916 3561 4973 Iacob:

1962 5001 2102 5070 Quia
2132 5004 2280 5059 enim
2312 5002 2483 5059 frater
2514 5019 2673 5059 meus
2707 5019 2789 5071 es,
2829 5003 2989 5075 125
3025 5016 3137 5061 non
3180 5008 3390 5064 servies
3425 5009 3561 5068 mihi

1960 5096 2150 5167 gratis.
2190 5097 2288 5153 Dic
2311 5097 2444 5168 quid
2476 5096 2750 5153 mercedis
2775 5098 3047 5178 accipias?
3075 5082 3265 5156 Laban
3288 5100 3410 5158 dum
3437 5102 3565 5162 ﬁliae

1961 5197 2119 5245 erant
2158 5207 2171 5243 :
2211 5203 2415 5244 nomen
2444 5189 2638 5260 majori
2681 5188 2801 5253 Lia,
2829 5198 2887 5246 et
2925 5205 3130 5247 nomen
3164 5195 3423 5253 secunda:
3451 5197 3563 5254 Ra-

1961 5278 2106 5335 chel.
2151 5278 2224 5335 At
2259 5279 2405 5335 ocuh
2446 5277 2557 5334 Lia:
2601 5279 2827 5344 inﬁrmi,
2862 5280 3068 5337 Rachel
3104 5290 3290 5342 autem
3332 5272 3563 5359 pulchre

1964 5379 2211 5440 aspectu,
2238 5378 2294 5426 ct
2322 5369 2522 5426 decora
2549 5370 2689 5427 facie
2717 5372 2897 5429 valde.
2924 5374 3128 5432 Dilexit
3149 5387 3333 5435 autem
3355 5379 3564 5438 Rachel

1962 5462 2153 5529 Iacob,
2177 5472 2236 5520 et
2263 5463 2403 5518 dixit
2437 5482 2449 5517 :
2481 5462 2729 5520 Servium
2759 5466 2858 5521 tibi
2890 5477 3100 5539 septem
3125 5486 3302 5529 annos
3328 5489 3430 5544 pro
3452 5471 3562 5528 Ra-

1965 5558 2088 5614 chel
2119 5558 2229 5614 ﬁlia
2262 5568 2356 5613 tua
2393 5558 2637 5629 iuniore.
2683 5558 2830 5617 Dixit
2872 5570 3059 5618 autem
3105 5563 3293 5621 Laban
3329 5583 3342 5619 :
3372 5564 3566 5619 Melius

1964 5659 2051 5707 est
2084 5661 2148 5706 ut
2179 5651 2306 5708 dem
2338 5667 2461 5708 eam
2493 5652 2614 5718 tibi,
2647 5668 2811 5725 quam
2844 5653 2975 5710 dare
3019 5670 3141 5710 eam
3181 5656 3304 5711 viro
3343 5653 3504 5709 alteri
3548 5674 3560 5707 :

1968 5745 2157 5801 habita
2195 5760 2433 5803 mecum.
2474 5745 2543 5803 Et
2570 5746 2800 5803 servivit
2828 5747 2998 5803 Jacob
3027 5760 3128 5817 pro
3155 5745 3359 5803 Rachel
3387 5756 3565 5801 annos

951 5861 993 5893 ⁸³
1022 5861 1181 5918 Joan.
1217 5878 1273 5926 ιι,
1314 5860 1400 5917 I6.
1481 5862 1525 5894 ¹⁶
1551 5861 1759 5932 Ephes.
1794 5879 1845 5929 v,

1957 5899 1970 5916 .
2049 5861 2092 5894 ¹⁷
2131 5862 2292 5918 Rom.
2322 5879 2395 5930 tv,
2434 5862 2522 5917 ll.
2604 5862 2647 5896 ¹⁸
2675 5863 2881 5935 Ephes.
2908 5881 2963 5939 ιι,
3002 5862 3087 5918 N.
3169 5861 3212 5892 "
3233 5860 3393 5918 Joau.
3423 5864 3558 5926 1mg

3154 6014 3189 6085 ’1
