4034 6444
498 404 623 461 ‘10?»
1548 403 1603 461 S.
1645 404 1922 461 CYRILLI
1962 404 2432 465 ALEXANDRINI
2474 408 2789 468 ARCHIEP.
3677 418 3780 475 Μ

520 535 750 598 septem,
777 534 833 581 et
853 532 1011 581 erant
1034 539 1216 580 coram
1250 538 1315 578 eo
1345 524 1496 593 quasi
1522 525 1640 579 dies
1665 526 1845 597 pauci,
1868 542 1935 582 eo
1954 529 2101 598 quod

2205 530 2399 601 ἑτέρῳ.
2433 532 2669 600 Οἵκησον
2723 534 2841 603 μετ’
2867 531 3024 603 ἐμοῦ.
3075 533 3185 587 Καὶ
3234 532 3547 588 ἐδούλευσεν
3591 535 3782 590 Ἰακὼϐ

520 618 774 689 diligeret
804 616 920 687 ipse
948 632 1088 671 eam.
1119 616 1261 671 Dixit
1292 625 1476 670 autem
1497 616 1666 671 Jacob
1686 618 1755 672 ad
1782 618 2000 674 Laban:
2018 622 2099 675 Da

2203 623 2331 692 περὶ
2368 623 2570 693 Ῥαχὴλ
2602 623 2695 694 ἔτη
2726 622 3164 696 ὲπτά.Καὶῆσαν
3191 627 3431 683 ἐναντίον
3460 627 3624 681 αὑτοῦ
3654 628 3782 683 ὡσεὶ

520 707 657 761 mihi
690 721 916 761 uxorem
948 721 1154 771 meam,
1187 705 1398 775 impleti
1426 716 1556 761 sunt
1587 708 1736 763 enim
1766 708 1885 764 dies
1908 721 1970 765 ut
2013 712 2099 766 in-

2200 715 2407 786 ήμέραι
2439 716 2639 783 ὀλίγαι,
2673 717 2824 788 παρὰ
2858 718 2917 770 τὸ
2958 718 3178 789 ἀγαπᾷν
3225 717 3389 772 αὑτὸν
3419 719 3611 788 αὑτήν.
3649 716 3779 773 Eius

519 797 737 868 grediar
780 796 849 851 ad
889 812 1031 851 eam.
1074 795 1438 867 Congregavit
1467 805 1653 853 autem
1680 799 1876 855 Laban
1909 818 2101 857 omnes

2200 805 2258 860 δὲ
2302 807 2496 862 Ἰακὼϐ
2527 808 2606 879 τῷ
2627 808 2832 862 Λάϐαψ
2865 810 2965 874 Δός
2998 827 3088 880 μοι
3124 810 3223 881 τὴν
3254 812 3491 880 γυναῖκά
3532 829 3655 882 μου.
3681 813 3782 866 Πε-

518 894 666 947 viros
693 891 821 957 loci,
846 899 903 944 et
936 890 1064 945 fecit
1094 890 1336 960 nuptias,
1376 900 1433 947 et
1472 890 1613 947 facta
1650 902 1735 949 est
1770 910 2017 964 vespera,
2045 904 2100 949 et

2202 896 2519 968 πλήρωνται
2562 899 2672 971 γάρ
2712 901 2769 952 αί
2802 901 3006 972 ἡμέραι
3034 918 3157 971 μου,
3197 901 3344 964 ὅπως
3383 901 3608 955 εἰσέλθω
3646 904 3780 974 πρὸς

517 984 790 1054 accipiens
826 981 976 1036 Liam
1009 981 1174 1036 ﬁliam
1202 998 1354 1036 suam
1382 982 1695 1039 introduxit
1723 985 1789 1040 ad
1822 985 2009 1041 Iacob.
2034 988 2101 1042 Et

2201 992 2388 1061 αὑτήν.
2425 992 2707 1060 Συνήγαγε
2737 991 2793 1044 δὲ
2833 991 3017 1046 Δάϐαν
3045 993 3254 1056 πάντας
3295 995 3422 1054 τοὺς
3456 992 3655 1062 ἀνδρας
3688 996 3780 1047 τού

519 1078 796 1146 ingressus
821 1082 907 1129 est
930 1072 998 1128 ad
1029 1088 1148 1128 eam
1175 1073 1366 1129 Jacob.
1391 1074 1551 1129 Dedit
1573 1085 1755 1131 autem
1781 1075 1964 1131 Laban
1989 1076 2100 1131 Lia:

2199 1083 2386 1146 τόπου,
2415 1083 2509 1136 καὶ
2531 1085 2753 1152 ἐποίησε
2780 1084 2979 1154 γάμον.
3013 1085 3125 1137 Καὶ
3163 1086 3383 1153 ἐγένετο
3412 1088 3639 1159 ἑσπέρα.
3673 1089 3778 1140 Καὶ

518 1168 641 1222 tiliae
663 1182 777 1222 suae
809 1166 1070 1236 Zelpham
1105 1166 1357 1221 ancillam
1387 1183 1541 1222 suam
1580 1168 1658 1222 illi
1689 1169 1967 1223 ancillam.
1994 1168 2097 1223 Fas

2198 1173 2379 1227 λαὸὼν
2421 1175 2606 1228 Λάῦαν
2644 1175 2808 1228 Λείαν
2842 1176 2939 1245 τὴν
2973 1176 3248 1247 θυγατέρα
3287 1178 3484 1244 αὑτοῦ,
3520 1180 3778 1249 εἰσήγαγε

513 1265 664 1313 ctum
688 1265 773 1312 est
798 1267 981 1312 autem
1008 1272 1189 1322 mane,
1216 1265 1274 1312 et
1294 1273 1425 1313 ecce
1450 1267 1568 1314 erat
1592 1259 1709 1315 Lia.
1746 1260 1891 1315 Dixit
1916 1270 2097 1316 autem

2198 1264 2368 1335 αὐτὴν
2392 1264 2527 1334 πρὸς
2558 1262 2772 1317 Ἰακώϐ.
2806 1265 2917 1318 Καὶ
2946 1264 3163 1334 είσῆλοε
3194 1268 3329 1337 πρὸς
3362 1268 3531 1339 αὐτὴν
3564 1268 3774 1322 Ἰακώϐ.

500 1351 681 1405 .Jacob
716 1350 785 1404 ad
813 1349 1000 1404 Laban
1035 1366 1047 1403 :
1081 1348 1221 1415 Quid
1254 1349 1359 1405 hoc
1389 1349 1564 1406 fecisti
1592 1352 1761 1405 mihi?
1783 1352 1976 1408 Nonne
1999 1370 2093 1424 pro

2200 1355 2410 1408 Ἔδωκε
2443 1354 2499 1408 δὲ
2530 1355 2717 1409 Λάὅαν
2743 1356 2954 1425 Ζελφάν
2987 1358 3088 1428 τὴν
3123 1358 3413 1429 παιδίσκην
3444 1359 3781 1433 αύτοῦ,Λείᾳ

512 1443 719 1499 Rachel
743 1442 943 1498 servivi
971 1442 1103 1496 tibi?
1127 1443 1197 1497 Et
1219 1457 1391 1512 quare
1415 1442 1681 1514 decepisti
1701 1444 1828 1510 me?
1851 1444 2097 1515 Respon-

2196 1451 2261 1519 τῇ
2293 1447 2524 1519 θυγατρὶ
2546 1447 2713 1501 αὑτοῦ
2744 1450 3056 1517 παιδίσκην.
3107 1449 3353 1517 Ἐγένετο
3390 1449 3448 1504 δὲ
3489 1449 3652 1523 πρωῒ,
3690 1453 3781 1506 καὶ

500 1537 597 1591 -ιὶὶι
625 1537 813 1591 Laban
841 1556 855 1590 :
879 1537 998 1592 Non
1034 1537 1114 1592 sic
1140 1546 1226 1593 est
1261 1539 1433 1592 moris
1473 1538 1530 1592 in
1553 1538 1675 1592 loco
1701 1537 1827 1602 isto,
1851 1539 1980 1594 dare
2004 1540 2093 1610 ju-

2199 1541 2313 1594 ίδοὺ
2358 1536 2425 1611 ἧν
2471 1540 2622 1593 Λεία.
2671 1535 2805 1593 Eii-:5
2838 1540 2894 1592 δὲ
2945 1539 3136 1593 Ἰακὼό
3171 1540 3249 1612 τῷ
3281 1540 3496 1595 Λάϐαν·
3528 1542 3595 1597 Τί
3627 1542 3782 1597 τοῦτο

511 1631 725 1686 niorem
756 1639 1048 1700 antequam
1074 1629 1367 1685 seniorem.
1396 1630 1562 1700 Imple
1588 1646 1720 1701 ergo
1743 1638 1970 1711 septena
1990 1632 2094 1686 hu-

2195 1628 2458 1700 ὲποίησάς
2491 1645 2618 1700 μοι;
2650 1629 2709 1682 οὐ
2757 1631 2886 1701 περὶ
2921 1630 3124 1701 Ῥαχὴλ
3163 1631 3455 1685 ἐδούλευσα
3479 1632 3633 1703 παρὰ
3666 1633 3775 1699 σοί;

500 1726 616 1795 jus,
640 1732 700 1779 et
728 1723 870 1778 dabo
901 1722 1001 1776 tibi
1036 1730 1094 1777 et
1135 1721 1296 1787 hanc,
1322 1737 1423 1792 pro
1465 1736 1631 1792 opere
1658 1723 1808 1792 quod
1837 1733 2093 1794 operatus

2195 1720 2305 1773 Kal
2332 1722 2418 1774 ἵνα
2446 1720 2500 1774 τί
2532 1720 2878 1790 παρελογίσω
2906 1738 2996 1791 με;
3024 1718 3161 1774 Eine
3184 1722 3240 1777 δὲ
3262 1722 3467 1776 Λάϐαν⁹
3490 1724 3608 1777 Οὐκ
3636 1723 3780 1776 ἐστιν

500 1815 681 1871 {ueris
724 1814 870 1885 apud
915 1828 1001 1868 me
1041 1826 1214 1868 annos
1256 1822 1467 1882 septem
1510 1814 1667 1869 alios.
1717 1814 1871 1869 Fecit
1909 1825 2093 1871 autem

2194 1811 2367 1876 οὕτως
2398 1813 2455 1864 ἐν
2477 1813 2555 1883 τῷ
2578 1813 2729 1884 τόπῳ
2755 1813 2934 1883 ἡμῶν,
2969 1813 3152 1868 δοῦναι
3173 1816 3271 1885 τὴν
3304 1815 3582 1887 νεωτέραν
3617 1815 3780 1887 πρινὴ

499 1907 676 1963 Iacob
714 1907 814 1972 sic,
844 1916 902 1961 et
943 1905 1192 1975 implevit
1230 1904 1633 1961 hebdomadam
1671 1906 1809 1977 ejus,
1847 1916 1904 1962 et
1935 1907 2088 1963 dedit

2186 1906 2284 1977 τὴν
2306 1904 2685 1976 πρεσϐυτέραν
2714 1920 2728 1935 ο
2775 1905 3090 1958 συντέλεσον
3147 1901 3240 1959 οὖν
3287 1907 3356 1961 τά
3399 1905 3608 1980 ῑὸδορα
3651 1906 3777 1961 ταύτ-

510 2001 585 2055 iili
611 1999 797 2055 Laban
828 1997 1030 2053 Rachel
1064 1997 1231 2052 tiliam
1263 2012 1418 2051 suam
1445 2012 1693 2052 uxorem.
1719 1998 1879 2053 Dedit
1906 2008 2091 2055 autem

2193 2014 2312 2068 της,
2366 1998 2461 2050 καὶ
2506 1995 2663 2050 δώσω
2700 2014 2786 2050 σοι
2837 1998 2929 2051 καὶ
2961 1997 3165 2069 ταύτην
3211 1998 3334 2052 ἀντὶ
3365 1998 3468 2067 τῆς
3496 1999 3776 2071 ἐργασίας,

510 2092 694 2147 Laban
734 2090 938 2147 Rachel
963 2087 1088 2144 ﬁlia:
1133 2103 1247 2143 suae
1289 2087 1496 2142 Ballam
1529 2088 1780 2142 ancillam
1820 2105 1975 2144 suam
2013 2090 2093 2145 illi

2192 2090 2260 2167 ἦς
2282 2095 2420 2165 ὲργᾷ
2439 2094 2567 2162 παρ’
2586 2092 2709 2163 ἐμοὶ
2735 2093 2873 2147 ἑπτὰ
2910 2093 3002 2165 ἐτη
3033 2094 3196 2165 ἕτερα
3214 2109 3228 2123 ·
3255 2093 3482 2163 ἐποίησε
3504 2093 3567 2146 δὲ
3592 2091 3780 2147 Ἰακὼϐ

507 2186 783 2242 ancillam.
815 2183 883 2239 Et
908 2184 1189 2254 ingressus
1213 2188 1299 2236 est
1331 2180 1397 2235 ad
1424 2181 1649 2235 Rachel.
1679 2181 1878 2236 Dilexit
1905 2191 2091 2239 autem

2189 2184 2383 2249 οὕτως,
2419 2184 2515 2238 καὶ
2546 2185 2901 2254 ἀνεπλήρωσε
2935 2184 3005 2237 τὰ
3026 2184 3230 2255 ἓϐδομα
3251 2182 3476 2254 ταύτης.
3511 2182 3630 2238 Καὶ
3656 2183 3778 2236 ἑδω-

505 2277 711 2334 ὶίιιοιιει
758 2275 930 2346 magis
976 2289 1142 2345 quam
1186 2271 1339 2326 Liam
1378 2281 1474 2325 :et
1517 2272 1745 2327 servivit
1785 2272 1836 2328 ei
1877 2283 2087 2344 septem

2192 2295 2285 2331 am
2329 2278 2478 2350 αὐτῷ
2525 2279 2706 2333 Λάδαν
2749 2277 2949 2347 Ῥαχὴλ
2984 2277 3082 2347 τὴν
3119 2275 3393 2347 θυγατέρα
3435 2273 3610 2334 αὑτοῦ
3641 2272 3779 2344 αὐτῷ

506 2384 681 2427 annos
702 2369 842 2423 alios
869 2369 937 2421 “.
969 2385 988 2417 ι

2190 2372 2442 2437 γυναῖκα.
2481 2370 2689 2424 Ἔδωκε
2717 2369 2773 2422 δὲ
2801 2367 2986 2422 Δάὸαν
3028 2366 3229 2437 Ῥαχὴλ
3255 2370 3322 2438 τῇ
3345 2365 3584 2438 θυγατρὶ
3621 2364 3776 2421 αὑτοῦ

502 2465 728 2527 Βάλλαν,
761 2464 858 2536 τὴν
909 2463 1201 2533 παιδίσκην
1240 2460 1403 2516 αὐτοῦ
1444 2461 1581 2532 αὐτῇ
1629 2460 1939 2531 παιδίσκην,
1985 2461 2077 2515 καὶ
2116 2464 2335 2533 εἰσῆλθε
2375 2465 2513 2536 πρὸς
2562 2464 2783 2536 Ῥαχὴλ.
2836 2463 3117 2535 Ἡγάπησε
3154 2462 3209 2516 δὲ
3262 2460 3464 2534 Ῥαχὴλ
3518 2458 3775 2532 μᾶλλωῆ

505 2563 691 2618 Λείαν.
721 2565 815 2616 καὶ
843 2559 1152 2615 ἐδούλευσεν
1182 2560 1247 2613 αύ
1264 2559 1332 2629 τῷ
1356 2559 1496 2613 ἑπτὰ
1528 2558 1621 2629 ἔτη
1665 2558 1849 2629 ἕτερα.
1887 2576 1904 2610 ι

574 2657 628 2712 6.
667 2655 794 2711 Haec
818 2655 985 2725 igitur
1006 2656 1075 2708 ex
1099 2651 1245 2708 nuda
1274 2650 1506 2706 historia
1536 2651 1706 2721 petita
1731 2651 1882 2705 nulla
1914 2650 2088 2706 inter.

2266 2646 2356 2714 ς’.
2389 2646 2467 2700 Τὰ
2500 2648 2597 2719 μὲν
2625 2643 2718 2702 οὖν
2743 2649 2806 2701 ἐκ
2834 2650 2935 2719 τῆς
2978 2648 3236 2721 ἱστορίας,
3269 2646 3484 2712 οὐδενὸς
3516 2647 3585 2704 ἂν
3613 2649 3776 2705 δέοιτο

504 2750 809 2822 pretatione
847 2744 1113 2817 indigent.
1153 2742 1301 2798 Nihil
1335 2741 1483 2796 enim
1513 2741 1737 2795 omnino
1770 2744 1824 2796 in
1861 2757 1920 2797 se
1946 2741 2089 2797 ditii-

2191 2738 2349 2807 λόγου
2388 2739 2522 2811 πρὸς
2551 2740 2908 2811 διασάφησινο
2939 2741 3166 2803 ἄναντες
3194 2739 3301 2811 γὰρ
3331 2740 3392 2792 ὲν
3431 2740 3624 2805 αὐτοῖς
3653 2761 3770 2797 mw

501 2841 723 2896 cultatis
760 2838 983 2893 habent.
1027 2835 1324 2899 Caeterum,
1363 2833 1408 2889 si
1449 2833 1575 2903 quis
1611 2848 1804 2888 eorum
1844 2833 1941 2904 qui
1974 2834 2090 2889 haec

2188 2830 2359 2895 τελῶς
2388 2832 2563 2889 οὐδέν.
2584 2831 2730 2902 Πλὴν
2761 2833 2813 2885 εῐ
2842 2850 2926 2897 τις
2970 2834 3147 2885 ἐκεῖνο
3176 2832 3326 2900 λέγοι
3359 2830 3471 2886 τῶν
3503 2834 3576 2887 τά
3602 2835 3769 2889 τοιάδε

498 2929 810 2986 accuratius
846 2926 1165 2998 erpeuduut
1190 2967 1204 2991 ,
1241 2924 1390 2980 dicat
1423 2933 1581 2994 turpe
1626 2924 1899 2994 imprimis
1943 2922 2087 2994 apud

2188 2923 2516 2995 φιλοκρινεῖν
2544 2923 2849 2977 εἰωθότων·
2889 2924 2965 2977 Οὐ
2992 2925 3101 2995 γὰρ
3148 2923 3259 2977 τῶν
3290 2924 3430 2993 ἄγαν
3463 2926 3772 2998 ἀπηχεστά-

501 3037 602 3076 nos
645 3020 859 3086 haberi,
899 3018 1144 3091 geminas
1190 3017 1412 3089 nuptias
1448 3016 1801 3082 contrahere,
1843 3015 2090 3085 duasque

2187 3030 2298 3068 των
2327 3014 2635 3083 λελόγισται
2681 3015 2813 3086 παρ’
2850 3016 3003 3086 ἡμῖν,
3032 3016 3094 3069 τὸ
3130 3015 3277 3070 δυοῖν
3323 3016 3487 3080 εὖθὺς
3522 3019 3769 3090 ὁμιλῆσαι

497 3113 603 3168 sibi
647 3128 850 3169 uxores
894 3111 1173 3181 copulare,
1221 3119 1387 3180 atque
1436 3124 1530 3163 eas
1569 3108 1793 3179 quidem
1840 3123 2083 3175 sorores,

2186 3107 2409 3176 γάμοιν,
2444 3107 2541 3161 καὶ
2570 3106 2632 3176 δὴ
2658 3107 2753 3160 καὶ
2784 3106 3023 3176 γυναίων
3056 3107 3456 3161 είσοικίσασθαι
3485 3108 3767 3181 ξυνωρίδα,

498 3207 585 3262 bis
626 3169 1025 3276 respondemus
1071 3169 1219 3273 quod
1287 3169 1757 3259 veteribus-nihil
1809 3203 1983 3273 magis
2024 3169 2083 3258 in

2186 3199 2277 3251 καὶ
2302 3197 2462 3251 τοῦτο
2492 3197 2735 3267 ἀδελφῶν
2760 3214 2774 3228 ο
2822 3198 2955 3271 πρὸς
2991 3196 3150 3251 τοῦτό
3178 3216 3380 3270 φαμεν,
3411 3200 3496 3253 ὃτι
3533 3204 3644 3265 τοῖς
3673 3201 3766 3273 άρ-

496 3297 640 3353 votis
680 3296 849 3352 fuerit
883 3310 1048 3366 quam
1088 3294 1371 3351 abundare
1403 3293 1618 3360 liberis,
1655 3294 1822 3365 idque
1855 3309 2084 3350 summa:

2184 3288 2488 3359 χαιοτέροις
2532 3288 2652 3352 ὅλος
2697 3285 2765 3361 ἦν
2792 3290 2820 3341 ό
2848 3288 2944 3342 τοῦ
2986 3289 3103 3360 βίου
3153 3290 3357 3353 σκοπὸς
3390 3292 3470 3354 είς
3507 3291 3767 3346 πολυπαι-

497 3388 775 3443 relicitatis
824 3387 1123 3455 ducebant,
1155 3387 1506 3458 liberumque
1550 3396 1671 3443 erat
1717 3387 1928 3458 absque
1974 3386 2083 3443 ulla

2182 3383 2326 3436 δίανο
2360 3383 2455 3438 καὶ
2478 3383 2545 3456 δὴ
2577 3384 2673 3438 καὶ
2713 3387 2770 3437 ὲν
2800 3385 2966 3457 μοίρᾳ
2999 3385 3099 3455 τῆς
3137 3384 3401 3438 ἀνωτάτω
3458 3383 3654 3438 πασῶν
3680 3383 3766 3437 εύ-

499 3478 927 3549 reprehensione
957 3494 1068 3534 non
1106 3478 1324 3535 duabus
1359 3479 1558 3543 solum,
1584 3478 1678 3535 sed
1710 3479 1875 3533 etiam
1911 3478 2085 3549 pluri-

2183 3493 2215 3548 η
2225 3475 2417 3548 μερίας
2447 3476 2507 3531 τὸ
2530 3477 2722 3549 χρῆμα
2753 3476 3055 3546 λελόγιστο.
3092 3476 3435 3547 ’Λπήλλακτο
3460 3476 3525 3530 δὲ
3549 3477 3640 3532 καὶ
3663 3475 3763 3547 μώ-

500 3575 603 3626 bus
635 3570 904 3627 uxoribus
945 3572 1226 3643 copulari,
1261 3587 1386 3642 quae
1428 3587 1603 3649 genus
1655 3571 1713 3627 in
1757 3572 2081 3626 immensam

2186 3586 2289 3640 μου
2327 3569 2528 3634 παντὸς
2551 3569 2612 3623 τὸ
2641 3570 2703 3623 οὐ
2741 3570 2932 3640 μόναις
2961 3570 3133 3637 δυσὶν,
3165 3569 3299 3623 ἀλλὰ
3322 3570 3416 3623 καὶ
3445 3569 3532 3623 ἑτι
3559 3570 3762 3623 πλείοσι

498 3662 907 3720 multitudinem
945 3673 1333 3736 propagarent.
1371 3662 1516 3730 Quin
1541 3664 1707 3719 etiam
1738 3662 2081 3719 benedictio-

2185 3660 2718 3728 συγκατευνάζεσθαι
2741 3662 3011 3731 γυναιξὶν,
3036 3663 3117 3725 είς
3139 3661 3343 3733 πλῆθος
3374 3663 3686 3735 ἀμέτρητον
3710 3661 3765 3715 τὸ

496 3754 740 3811 nis.looo
783 3756 1232 3827 propagationem
1270 3756 1574 3812 liberorum
1616 3771 1648 3810 a
1694 3756 1807 3810 Deo
1849 3755 2083 3825 accipie-

2182 3755 2339 3823 γένος
2369 3754 2733 3817 ἐκτείνοντας.
2768 3754 2879 3807 Καὶ
2911 3754 3043 3823 γοῦν
3069 3755 3127 3807 ὲν
3160 3753 3416 3823 εὐλογίας
3434 3754 3589 3820 τάξει
3624 3752 3766 3824 παρὰ

496 3848 647 3904 bant.
683 3846 941 3904 Promisit
962 3858 1145 3927 autem
1170 3848 1335 3902 etiam
1366 3845 1529 3916 126
1555 3848 1671 3917 ipse
1697 3846 2080 3902 universorum

2181 3845 2317 3899 Θεοῦ
2360 3845 2459 3917 τὴν
2498 3844 2849 3915 τεκνογονίαν
2898 3844 3162 3916 ἐδέχοντο.
3196 3844 3688 3914 Κατεπηγγέλλετο
3712 3843 3764 3896 δὲ

496 3938 761 3995 Dominus
798 3937 997 4010 priscis
1053 3939 1221 3995 etiam
1259 3937 1370 3994 illis
1408 3938 1502 4007 qui
1537 3938 1739 4001 Mosam
1781 3951 2079 4008 praecesse-

2183 3937 2276 3992 καὶ
2310 3936 2473 4001 αὐτὸς
2500 3938 2535 3989 ’ό
2559 3936 2669 3991 τῶν
2701 3935 2838 3990 ὅλων
2863 3937 3143 4007 Δεσπότης
3168 3938 3264 3990 καὶ
3290 3938 3405 3999 τοῖς
3433 3936 3646 3992 ἄνωθεν
3674 3935 3762 3990 καὶ

456 4018 461 4023 ”
496 4039 646 4096 runt,
670 4030 876 4086 sanctis
899 4028 956 4086 id
985 4028 1242 4086 beneﬁcii
1274 4042 1334 4084 se
1358 4028 1687 4084 collaturum
1713 4068 1729 4092 ,
1750 4044 1855 4083 nec
1876 4042 1987 4083 non
2011 4028 2049 4082 ii

2180 4029 2287 4101 πρὸ
2319 4028 2565 4091 Μωσέως
2598 4027 2773 4097 ἁγίοις
2808 4027 3118 4098 χαριεῖσθαι
3147 4028 3209 4081 τὸ
3235 4027 3432 4098 δῶρον,
3461 4029 3558 4083 καὶ
3587 4028 3764 4087 αὐτοῖς

491 4123 589 4195 qui
619 4122 757 4194 legis
784 4120 1131 4193 disciplinam
1160 4126 1545 4190 susceperunt.
1572 4120 1665 4175 Ait
1686 4120 1834 4176 enim
1865 4138 1878 4174 :
1912 4141 1932 4171 ι
1959 4120 2078 4177 Non

2179 4121 2235 4175 δὲ
2269 4123 2380 4185 τοῖς
2425 4119 2652 4192 λαχοῦσι
2692 4122 2792 4191 τὴν
2837 4119 2926 4174 διὰ
2972 4121 3139 4192 νόμου
3182 4120 3583 4189 παιδαγωγίαν.
3624 4120 3757 4188 Ἔφη

489 4214 599 4271 erit
625 4214 850 4280 sterilis,
883 4227 1065 4283 neque
1104 4211 1273 4266 vidua
1313 4211 1370 4266 in
1405 4209 1534 4266 ﬁliis
1576 4210 1741 4267 israel
1765 4213 1832 4267 ²².
1860 4230 1879 4263 ι
1908 4212 2075 4284 Atqui

2179 4212 2310 4287 γὰρ,
2349 4214 2431 4267 ὅτι
2486 4214 2643 4268 «Οὐκ
2717 4212 2870 4267 ἔσται
2919 4214 3115 4282 ἄγονος
3157 4212 3276 4267 οὐδὲ
3329 4213 3477 4286 χήρα
3531 4215 3592 4268 ὲν
3632 4212 3762 4275 υἱοῖς

490 4323 600 4372 non
634 4308 808 4363 instar
838 4305 976 4378 legis
994 4305 1111 4361 haec
1133 4320 1238 4360 vox
1257 4302 1509 4359 habenda
1530 4312 1632 4368 est,
1655 4313 1713 4358 at
1742 4303 1926 4374 potius
1946 4319 2077 4374 pro-

2192 4306 2430 4378 ’Ῑσραήλ.
2454 4324 2472 4357 ι
2499 4307 2610 4360 Καὶ
2637 4305 2736 4359 οὐκ
2763 4308 2821 4359 ὲν
2854 4306 3007 4373 τάξει
3035 4307 3204 4375 νόμου
3231 4304 3653 4378 παραδεξόμεθα
3670 4304 3762 4375 τὴν

489 4400 807 4459 missionem
830 4413 950 4454 esse
975 4397 1230 4452 dicimus.
1270 4395 1623 4471 Quaecunque
1652 4396 1801 4450 enim
1830 4396 1884 4449 in
1916 4395 2077 4451 nobis

2180 4394 2386 4465 φωνὴν,
2417 4392 2752 4461 ἐπαγγελίαν
2786 4393 2843 4447 δὲ
2874 4394 3077 4463 μᾶλλον
3118 4391 3260 4449 εἷναί
3304 4413 3506 4465 φαμεν.
3543 4396 3625 4448 Ta
3668 4393 3761 4465 μὲν

488 4498 638 4555 sunt,
675 4497 972 4558 nostraque
1012 4496 1305 4558 potestate,
1343 4486 1560 4557 legibus
1597 4486 1988 4557 subjiciuntur,
2021 4496 2078 4542 et

2179 4485 2289 4557 γὰρ
2333 4486 2434 4538 ὅσα
2481 4484 2628 4538 ἐστὶν
2675 4484 2761 4553 ἐφ’
2788 4488 2941 4555 ἡμῖν,
2987 4486 3210 4557 Θεσμοῖς
3246 4488 3606 4558 ὑποξέρεται,
3658 4485 3747 4539 καὶ

489 4589 637 4635 recte
670 4579 997 4644 admodum;
1033 4594 1376 4647 quaecunque
1401 4594 1534 4633 vero
1570 4594 1658 4633 res
1679 4595 1791 4634 non
1815 4580 1869 4633 in
1889 4580 2071 4645 nobis,

2182 4575 2331 4647 μάλα
2380 4574 2582 4646 ὀρθῶςο
2629 4573 2699 4627 τὰ
2738 4575 2794 4627 δὲ
2834 4576 2934 4629 ὅσα
2986 4576 3095 4629 τῶν
3136 4578 3485 4648 πραγμάτων
3535 4578 3636 4631 οὐκ
3673 4575 3753 4642 ἐφ’

488 4670 586 4725 sed
626 4669 684 4724 in
720 4678 934 4724 natura
976 4668 1191 4739 legibus
1233 4669 1488 4724 effectum
1529 4672 1861 4736 sortiuntur,
1896 4671 2072 4743 legem

2177 4670 2329 4739 ⁴ἡμῖν,
2365 4667 2481 4722 ἀλλ’
2503 4670 2560 4720 ἑν
2595 4669 2707 4730 τοῖς
2746 4667 2846 4738 τῆς
2874 4666 3091 4736 φύσεως
3119 4669 3305 4738 νόμοις
3335 4668 3447 4739 ἔχει
3477 4669 3539 4721 τὸ
3571 4665 3756 4721 ἀποτέ-

488 4759 899 4830 prreceptricem
933 4774 1042 4813 non
1082 4759 1307 4814 habent.
1350 4759 1694 4815 Manifestum
1731 4762 1937 4831 itaque,
1976 4779 2073 4818 ne.

2176 4761 2375 4830 λεσμα,
2416 4761 2579 4831 νόμον
2602 4761 2702 4813 οὐκ
2728 4761 2841 4829 ἔχει
2876 4761 2965 4813 τὸν
3001 4759 3331 4832 βραϐευτήν.
3366 4760 3641 4831 Πρόδηλον
3667 4752 3756 4811 οὖν

460 4867 594 4925 ,que
635 4851 894 4921 cuiquam
947 4849 1174 4904 omnino
1229 4849 1461 4903 dubium
1490 4859 1620 4931 test,
1665 4851 1812 4921 quod
1860 4868 2053 4922 nequa-

2177 4853 2305 4923 ἄρα,
2348 4853 2440 4905 καὶ
2493 4853 2670 4905 ούδενὶ
2716 4851 2825 4904 τῶν
2860 4852 3033 4905 ὄντων
3065 4853 3406 4922 ἀσυμφλνὲς,
3437 4852 3513 4915 ὼς
3559 4853 3659 4905 ούκ
3692 4848 3753 4903 ἂν

486 4956 647 5011 fuam
676 4942 937 5013 praecepit
970 4942 1115 4997 Deus
1158 4949 1220 4995 ut
1241 4957 1352 4996 non
1375 4950 1521 4997 esset
1547 4942 1710 4997 vidua
1744 4952 1838 4998 aut
1866 4945 2071 5000 sterilis

2176 4944 2549 5016 προστέταχεν
2572 4946 2599 4997 ὁ
2617 4945 2961 5015 Δημιουργὸς
2991 4940 3224 5015 μὴεῖναι
3256 4945 3473 5013 στεῖραν
3502 4944 3535 5014 ἦ
3569 4943 3752 5010 ἄγονον

504 5051 542 5090 a
568 5034 695 5091 ﬁliis
716 5036 912 5101 Israel;
955 5035 1053 5090 sed
1093 5035 1137 5091 si
1168 5035 1372 5093 fuerint
1400 5034 1535 5106 legis
1562 5034 1965 5099 observatores,
1992 5035 2074 5090 fe-

2172 5037 2230 5090 ὲν
2255 5036 2391 5099 υίοῖς
2432 5034 2666 5105 Ἰσραήλ.
2716 5035 2854 5089 Ἀλλ’
2887 5037 2935 5088 εί
2972 5035 3212 5104 γένοιντο
3247 5035 3345 5087 τοῦ
3384 5036 3553 5105 νόμου
3587 5033 3750 5102 φύλα·

495 5127 698 5183 tundos
731 5143 830 5183 eos
857 5127 1184 5183 effecturum
1226 5142 1306 5193 se,
1336 5134 1397 5181 ut
1435 5127 1578 5182 Deus
1608 5126 1918 5197 pollicetur.
1954 5126 2069 5180 Ma-

2172 5144 2287 5193 κες,
2316 5131 2702 5196 καρποφόρους
2744 5125 3067 5194 ἀποφαίνειν
3099 5125 3175 5189 ὡς
3210 5125 3346 5188 Θεὸς
3369 5122 3748 5194 ἐπηγγέλλετο.

494 5234 606 5285 mae
646 5218 830 5288 itaque
876 5234 1026 5273 cura:
1067 5219 1172 5274 iuit
1211 5220 1511 5286 veteribus,
1549 5233 1883 5288 summaeque
1918 5217 2069 5273 laudi

2171 5216 2380 5271 Οὐκοῦν
2414 5218 2471 5269 ἐν
2503 5217 2703 5288 σπουδῇ
2744 5218 2842 5287 μὲν
2868 5222 2981 5280 τοῖς
3009 5218 3386 5287 ἀρχαιοτέροις
3430 5217 3526 5269 καὶ
3572 5216 3628 5266 ὲν
3670 5212 3753 5263 εὑ-

489 5308 793 5364 liabebatur
824 5309 1123 5364 liberorum
1156 5310 1468 5366 multitudo.
1511 5310 1782 5366 Translati
1818 5326 1952 5365 vero
1979 5325 2073 5365 su-

2171 5310 2357 5373 κλείας
2400 5309 2552 5376 τάξει
2597 5310 2879 5378 λελόγιστο
2924 5310 3025 5381 τῆς
3064 5309 3424 5371 πολυπαιδίας
3454 5307 3517 5360 τὸ
3545 5306 3743 5377 χρῆμα.

490 5414 611 5455 mus
639 5414 739 5454 nos
764 5399 819 5452 in
849 5398 1068 5455 Christo
1105 5400 1171 5453 ad
1202 5399 1594 5456 fecunditatem
1624 5401 1680 5455 in
1706 5400 1925 5471 spiritu,
1956 5416 2069 5456 non

2170 5404 2588 5476 Μετατιθέμεθα
2626 5405 2684 5458 δὲ
2723 5406 2885 5475 ἡμεῖς
2928 5405 2986 5457 ἐν
3019 5402 3265 5475 Χριστῷ,
3301 5401 3437 5472 πρὸς
3467 5400 3530 5453 τὸ
3557 5398 3746 5469 χρῆναι

488 5491 708 5560 quidem
741 5491 964 5562 nuptias
1001 5502 1437 5559 contemnentes,
1482 5502 1537 5548 at
1581 5495 1764 5564 potius
1807 5496 2074 5573 eligentes

2172 5497 2373 5568 μᾶλλον
2410 5500 2780 5568 καρποφορεῖν
2830 5498 2888 5550 ἐν
2946 5496 3242 5565 πνεύματι·
3292 5488 3382 5548 τὸν
3431 5493 3532 5562 μὲν
3577 5490 3744 5559 γάμον

486 5582 634 5654 quod
665 5584 751 5640 his
778 5585 1129 5655 praestantius
1159 5593 1265 5650 est,
1296 5586 1551 5655 quodque
1583 5602 1795 5643 summa
1824 5588 1985 5645 laude
2016 5590 2074 5644 in

2170 5590 2269 5645 οὐκ
2305 5590 2685 5662 ἀτιμάζοντες,
2713 5588 3032 5660 αἱρούμενοι
3075 5588 3132 5642 δὲ
3163 5588 3224 5642 τὸ
3252 5588 3396 5660 ὑπὲρ
3427 5585 3588 5638 τοῦτο
3634 5578 3743 5633 λίαν

486 5675 659 5729 sacris
686 5674 909 5731 Litteris
939 5675 1271 5742 celebratur,
1290 5674 1583 5741 indivulse,
1604 5676 1851 5747 inquam,
1888 5680 2074 5740 adhue-

2172 5682 2269 5737 καὶ
2294 5681 2462 5754 ψήφῳ
2502 5685 2571 5754 τῇ
2607 5682 2888 5754 ὑπερτάτη
2923 5681 3359 5753 στεφανούμενον
3402 5677 3556 5749 παρά
3595 5688 3652 5726 τε
3680 5667 3742 5738 si

562 5856 599 5885 ’τ
629 5852 765 5910 Gen.
801 5872 943 5924 xxxx,
981 5857 1169 5913 l5-30.
1265 5860 1308 5893 "
1337 5861 1496 5917 Deut.
1529 5848 1620 5927 ru,
1647 5860 1739 5917 Η.

1782 5980 1819 6005 Ι
