4034 6446
480 445 605 503 .307
1527 443 1583 499 S.
1624 441 1899 499 CYRILLI
1938 442 2411 499 ALEXANDle
2452 441 2771 498 ARCIHEP.
3634 442 3765 499 ’208

503 576 614 616 non
650 568 738 615 est
762 565 823 613 ut
850 574 971 624 nos,
1010 557 1144 629 quin
1184 558 1367 628 potius
1396 572 1613 612 omnem
1656 567 1962 612 creaturam
1990 573 2081 613 su-

2193 558 2498 639 ᾀναγκαίως
2555 555 2650 612 τοῦ
2702 559 2918 611 πονεῖν·
2973 556 3094 610 ἐπεί
3157 573 3239 610 τοι
3294 556 3367 628 μὴ
3426 555 3549 611 καθ’
3598 558 3761 629 ἡμᾶς.

503 658 679 722 perat,
704 651 921 722 propria
950 666 1045 705 sua
1072 649 1392 705 excellentia
1425 650 1573 703 nixa.
1613 648 1732 703 Non
1764 648 1932 719 igitur
1961 650 2083 704 abs-

2193 650 2390 719 μᾶλλον
2420 649 2479 702 δὲ
2520 649 2614 702 καὶ
2664 648 2805 720 ὑπὲρ
2856 650 3037 702 πᾶσαν
3075 648 3175 718 τὴν
3224 648 3427 711 κτίσιν,
3455 649 3577 711 ταῖς
3612 648 3766 713 ίδίαις

504 759 614 813 que
666 741 952 806 mercede,
997 741 1091 797 sed
1139 755 1317 810 neque
1364 740 1569 810 absque
1607 739 1795 795 labore
1830 739 2086 796 Christus

490 834 739 903 primam
760 834 985 903 quidem
1014 832 1171 887 duxit
1191 831 1506 888 Iudaeorum
1529 830 1899 904 Synagogam,
1920 848 2085 903 quam

506 924 617 981 Lia
655 922 884 995 ﬁguram
915 938 1026 993 pra:
1054 938 1112 977 se
1147 923 1290 978 ferre
1326 924 1784 978 existimabimus.
1816 924 2089 994 Interpre-

506 1022 654 1067 tatur
683 1012 853 1077 enim,
891 1011 1139 1068 laborans
1176 1024 1231 1069 et
1265 1022 1538 1069 renovata.
1573 1013 1866 1068 Laboravit
1904 1022 2086 1068 autem

504 1105 880 1179 Egyptiorum
915 1107 1204 1178 tyrannide
1239 1122 1520 1177 oppressa,
1561 1115 1725 1177 atque
1756 1106 2086 1161 intolerabili

499 1198 788 1253 servitutis
811 1198 943 1269 jugo
973 1206 1189 1252 onusta.
1219 1198 1392 1254 Porro
1425 1207 1687 1253 renovata
1714 1205 1820 1263 est,
1846 1205 1901 1252 et
1930 1198 2088 1253 aviae

498 1291 756 1361 dignitati
788 1290 1060 1346 restituta.
1088 1290 1495 1345 Transformata
1524 1305 1654 1344 vero
1684 1289 2088 1361 quodammodo

507 1390 590 1436 est
618 1395 685 1437 ex
723 1380 875 1436 cultu
907 1380 1249 1436 idololatrico
1284 1380 1351 1435 ad
1387 1380 1639 1436 notitiam
1666 1380 1832 1437 unius
1860 1389 2086 1437 natura-

446 1494 454 1499 ·
498 1472 634 1528 liter
662 1487 726 1527 ac
756 1488 885 1528 vere
912 1472 1028 1529 Dei.
1061 1472 1379 1529 Inclamavit
1406 1474 1552 1528 enim
1591 1472 1725 1543 ipsis
1756 1489 1857 1544 per
1886 1473 2088 1528 Mosem

506 1564 655 1620 Deus
687 1581 701 1617 :
741 1583 759 1615 ι
790 1564 952 1628 Audi,
976 1564 1163 1630 Israel,
1198 1565 1463 1620 Dominus
1489 1565 1633 1620 Deus
1665 1573 1792 1620 tuus
1826 1566 2091 1622 Dominus

498 1670 655 1710 unus
681 1663 766 1711 est
789 1642 856 1709 ίθ.
889 1675 906 1707 ι
944 1654 1010 1711 Et
1040 1655 1145 1711 hoc
1178 1673 1191 1710 :
1228 1674 1245 1707 ι
1281 1655 1402 1711 Non
1439 1665 1602 1710 erunt
1639 1655 1714 1711 dii
1753 1656 1847 1710 alii
1890 1664 2092 1727 praeter

509 1756 595 1800 me
623 1744 688 1799 ³ο.
723 1764 742 1797 ›
795 1746 955 1816 128
998 1743 1272 1801 Caeterum
1320 1747 1528 1818 optavit
1572 1747 1792 1817 quidem
1838 1747 2091 1804 Christus

2191 742 2482 811 ὑπεροχαῖς
2521 740 2974 812 ἐμφιλοχωροῦσὰ
3016 756 3076 793 τε
3110 738 3205 793 καὶ
3240 739 3635 811 ἐρηρεισμένη.
3659 741 3768 795 οὐκ

2187 832 2378 900 ἀμισθὶ
2429 831 2740 903 τοιγαροῦν,
2792 832 2908 884 ἀλλ’
2938 831 3058 885 οὐδὲ
3109 829 3328 901 ἱδρῶτος
3372 830 3500 901 δίχα
3542 830 3768 901 Χριστὸς

2188 920 2412 993 πρώτην
2463 921 2564 994 μὲν
2598 922 2939 991 συνηγάγετο
2970 921 3069 993 τὴν
3119 921 3387 975 Ἰουδαίων
3418 921 3765 992 Συναγωγὴν,

2190 1015 2257 1083 ἦν
2279 1015 2337 1066 ἐν
2362 1015 2699 1083 σχήματιτῴ
2729 1016 2829 1084 τῆς
2860 1014 3023 1077 Λείας
3043 1013 3503 1086 παραληψόμεθα.
3530 1016 3765 1087 Διερμη-

2189 1103 2403 1156 νεύεται
2438 1105 2550 1176 γὰρ
2578 1104 2848 1159 κοπιῶσα
2872 1106 2964 1159 καὶ
2989 1105 3428 1176 ἀνανεουμένη.
3457 1107 3766 1162 Κεκοπίακι

2189 1193 2245 1247 δέ
2288 1197 2406 1259 ταῖς
2448 1198 2764 1265 Αἰγυπτίων
2814 1196 3152 1262 πλεονεξίαις
3192 1197 3631 1269 κατηχθισμένη,
3678 1201 3767 1254 καὶ

2188 1286 2280 1339 τὸν
2310 1288 2648 1360 δυσφόρητον
2672 1290 2874 1361 ἔχουσα
2903 1290 3004 1362 τῆς
3041 1290 3287 1355 δουλείας
3308 1291 3495 1359 ζυγόν.
3529 1290 3639 1344 Καὶ
3667 1291 3769 1361 μὴν

2191 1380 2285 1434 καὶ
2309 1381 2580 1455 ἀνενεώθη
2618 1384 2753 1455 πρὸς
2779 1384 2842 1438 τὸ
2864 1383 3119 1457 πατρῷον
3146 1385 3330 1448 σέϐας.
3359 1385 3770 1439 Μετεπλάττετο

2189 1471 2246 1524 δέ
2287 1470 2476 1544 ὥσπερ
2526 1475 2591 1527 ἐκ
2648 1472 2904 1545 λατρείας
2940 1475 3340 1546 είδωλομανοῦς
3368 1473 3464 1528 ἐπὶ
3490 1475 3552 1528 τὸ
3576 1475 3769 1529 εἰδέναι

2191 1561 2374 1616 λοιπὸν
2405 1563 2490 1627 τίς
2520 1567 2549 1617 6
2578 1564 2735 1633 φύσει
2759 1566 2853 1620 καὶ
2885 1566 3101 1636 ἀληθῶς
3130 1569 3246 1620 ἐστι
3279 1566 3436 1630 Θεός.
3474 1565 3766 1636 Ἐπεφώνει

2190 1654 2299 1726 γὰρ
2335 1656 2517 1720 αὐτοῖς
2556 1656 2646 1710 διὰ
2672 1658 2940 1722 Μωσέως·
2981 1677 2999 1711 ι
3031 1659 3253 1723 Ἀκουε,
3295 1657 3539 1731 Ἰσραὴλ,
3573 1659 3769 1731 Κύριος

2191 1747 2219 1799 ὁ
2249 1746 2382 1811 Θεός
2415 1764 2510 1802 σου
2552 1749 2755 1821 Κύριος
2796 1745 2876 1816 εἷς
2905 1753 3039 1804 ἐστι·
3065 1771 3084 1804 δ
3116 1752 3210 1806 καὶ
3233 1750 3318 1816 τὸ,
3351 1768 3374 1804 ο
3421 1752 3537 1805 Οὐκ
3564 1750 3768 1806 ἔσονταί

509 1834 692 1889 statim
718 1833 787 1889 ab
813 1835 972 1890 initio
1005 1835 1231 1903 Rachel,
1260 1836 1366 1893 hoc
1396 1846 1502 1902 est,
1532 1833 1833 1892 Ecclesiam
1860 1853 1927 1895 ex
1960 1853 2089 1910 gen-

2195 1852 2279 1888 σοι
2312 1835 2424 1890 θεοὶ
2467 1837 2648 1908 ἐτέροι
2695 1839 2836 1909 πλὴν
2875 1839 3040 1911 ἐμοῦ.
3063 1859 3083 1893 ι
3143 1836 3289 1895 Ἀλλ’
3313 1838 3581 1910 ἐπεθύμει
3619 1839 3714 1911 μὲν
3740 1843 3767 1893 6

508 1925 675 1982 tibus.
714 1924 929 1983 Idcirco
957 1928 1122 1983 etiam
1161 1900 1237 1984 ait
1268 1930 1336 1986 de
1368 1900 1648 2002 Synagoga
1675 1900 1989 1987 Judaeorum
2017 1931 2087 1988 ad

2193 1925 2424 1998 Χριστὸς
2610 1900 2815 2001 Ῥαχὴλ
2863 1900 2922 1983 ἐν
2970 1932 3191 2003 ἀρχαῖς,
3241 1900 3512 1996 τουτέστι,
3562 1900 3660 1999 cii;
3709 1931 3763 1996 ἐξ

507 2019 732 2086 Μοεεω,
760 2019 1072 2075 divinorum
1112 2022 1461 2076 oraculorum
1502 2022 1859 2093 interpretem
1889 2040 1904 2078 :
1932 2041 1951 2074 ι
1982 2022 2090 2079 Lo-

506 2118 669 2166 cutus
707 2126 829 2167 sum
858 2110 925 2167 ad
968 2119 1019 2168 te
1045 2113 1215 2167 semel
1254 2120 1311 2169 et
1348 2112 1456 2177 bis,
1486 2110 1677 2168 dicens
1711 2131 1724 2167 :
1754 2114 1877 2170 Vidi
1915 2128 2090 2185 popu-

508 2204 624 2258 lum
650 2203 820 2269 hunc,
854 2211 910 2257 et
936 2218 1064 2258 ecce
1092 2203 1331 2274 populus
1365 2202 1518 2257 dum
1552 2202 1786 2259 cervicis
1811 2222 1824 2257 :
1850 2205 1969 2260 sine
1999 2219 2088 2260 me

470 2288 475 2291 “
511 2309 571 2350 ut
600 2293 912 2366 disperdam
937 2310 1053 2359 eos,
1077 2303 1132 2349 et
1158 2293 1356 2351 delebo
1368 2298 1582 2350 homen
1606 2308 1799 2349 eorum
1828 2294 2090 2351 desubter

491 2385 860 2441 'ﬂrmamento
894 2387 1053 2453 cceli;
1090 2394 1147 2441 et
1176 2386 1370 2442 faciam
1409 2395 1463 2442 te
1505 2386 1562 2440 in
1594 2396 1810 2458 gentem
1838 2401 2089 2458 magnam

509 2482 569 2537 et
586 2479 805 2544 fortem,
839 2479 1120 2550 multoque
1137 2481 1401 2552 majorem
1426 2494 1590 2550 quam
1615 2479 1732 2536 haec
1754 2478 1819 2534 ἰζ
1856 2499 1875 2531 ι
1914 2479 2087 2536 Caete-

504 2581 634 2625 rum
671 2584 896 2625 necesse
923 2577 1045 2624 crat
1064 2583 1161 2626 eos
1187 2568 1281 2640 qui
1310 2571 1488 2624 levem
1526 2568 1726 2634 adhuc,
1749 2569 1979 2640 quaeque
2014 2569 2093 2623 fa-

509 2664 615 2720 cile
654 2663 723 2719 ab
773 2671 919 2718 statu
954 2660 1347 2725 dimoveretur,
1381 2670 1622 2717 mentem
1664 2661 1955 2727 baberent,
1978 2676 2090 2717 non

498 2752 697 2809 statim
719 2750 789 2808 ad
813 2751 869 2807 id
889 2750 1036 2823 quod
1061 2749 1369 2822 perfectum
1391 2759 1477 2806 est
1504 2749 1723 2816 deduci,
1747 2759 1804 2807 et
1832 2751 1899 2829 ad
1927 2750 2093 2806 disci-

508 2846 717 2915 plinam
742 2842 988 2916 ipsorum
1014 2843 1294 2899 intellectu
1328 2842 1691 2913 superiorem,
1718 2844 2090 2915 evangelicam

510 2937 793 3001 nimirum,
820 2932 916 2992 sed
949 2934 1133 3006 potius
1165 2934 1364 2990 instrui
1393 2934 1548 3005 prius
1577 2932 1902 3001 minoribus,
1930 2945 1988 2994 et
2014 2935 2091 2991 le-

509 3025 615 3096 gali
658 3023 908 3082 doctrina
955 3021 1022 3078 ad
1072 3021 1242 3105 vitam
1276 3022 1344 3077 in
1393 3020 1616 3078 Christo
1662 3023 2088 3095 praesercitari.

510 3118 727 3175 Amavit
756 3117 925 3189 igitur
959 3115 1028 3171 ab
1066 3115 1227 3171 initio
1259 3115 1501 3171 caelestis
1529 3129 1763 3186 sponsus
1789 3116 2087 3188 iuniorem,

2191 2017 2362 2072 ἐθνῶν
2408 2020 2757 2092 Ἐκκλησίας.
2802 2023 3088 2094 Τοιγάρτοι
3125 2023 3331 2093 ἔφασκε
3361 2023 3491 2093 περὶ
3514 2022 3615 2096 τῆς
3648 2023 3767 2076 Ἰοιι⁴

2189 2111 2356 2166 δαίων
2402 2113 2732 2185 Συναγωγῆς
2794 2115 2930 2187 πρὸς
2992 2116 3084 2169 τὸν
3142 2118 3467 2187 ἱεροφάντην
3540 2115 3761 2170 Μωσέα·

2197 2222 2216 2254 ι
2236 2203 2526 2276 Λελάληκα
2558 2207 2692 2277 πρὸς
2725 2207 2785 2260 σὲ
2817 2207 2966 2274 ἅπαξ
2992 2209 3087 2263 καὶ
3135 2209 3239 2274 δὶς,
3273 2210 3481 2279 λέγων·
3521 2208 3761 2280 Ἑώρακα

2191 2293 2281 2347 τὸν
2309 2294 2436 2349 λαὸν
2461 2296 2670 2364 τοῦτον,
2695 2301 2787 2353 καὶ
2820 2300 2929 2353 ίδοὺ
2954 2300 3081 2366 λαὸς
3101 2301 3236 2373 σκλη
3247 2302 3581 2374 φτρὰχηλός
3603 2303 3760 2356 ἐστιν.

2197 2385 2394 2439 Ἔασόν
2440 2405 2508 2458 με
2558 2389 2939 2461 ἐξολοθρεῦσαι
2986 2393 3205 2457 αὐτοὺς,
3255 2395 3353 2448 κάὶ
3411 2395 3673 2465 ἐξαλείψω
3706 2395 3762 2447 τὸ

2192 2479 2363 2551 ὄνομα
2391 2483 2568 2536 αὐτῶν
2614 2484 2966 2540 ὑποκάτωθεν
2997 2485 3091 2539 τοῦ
3139 2487 3522 2559 στερεώματος
3556 2486 3647 2541 τοῦ
3677 2487 3761 2541 οὕ-

2197 2572 2383 2644 ρανοῦ,
2429 2576 2523 2628 καὶ
2573 2577 2785 2649 ποιήσω
2825 2594 2883 2631 σε
2918 2579 3000 2642 είς
3033 2578 3182 2641 ἔθνος
3215 2579 3366 2647 μέγα,
3409 2580 3501 2633 καὶ
3537 2579 3758 2649 ίσχυρδν,

2194 2665 2288 2718 καὶ
2321 2665 2454 2720 πολὺ
2500 2667 2699 2735 μᾶλλον
2748 2669 2781 2740 ἢ
2829 2672 3007 2725 τοῦτο.
3036 2687 3054 2720 ι
3120 2668 3259 2721 Ἀλλ’
3307 2664 3381 2740 ἦν
3413 2670 3619 2742 ἀνάγκη
3648 2669 3759 2731 τοὺς

2192 2758 2425 2830 ἐλαφρὸν
2476 2760 2556 2813 ἔτι
2606 2762 2699 2815 καὶ
2759 2762 3237 2834 εὐπαρακόμιστον
3279 2763 3339 2818 ἔν
3385 2781 3449 2834 γε
3486 2765 3548 2834 δὴ
3591 2756 3759 2831 σφίσιν

2193 2851 2375 2914 αὐτοῖς
2406 2851 2627 2922 ἔχοντας
2678 2852 2821 2918 νοῦν,
2859 2853 2959 2907 οὐκ
2992 2853 3152 2918 εὐθὺς
3185 2854 3425 2925 διᾴττειν
3456 2855 3547 2909 ἐπὶ
3584 2853 3642 2908 τὸ
3680 2852 3758 2906 τέο

2193 2938 2357 3005 λειον,
2393 2942 2489 2997 καὶ
2514 2942 2612 3015 τὴν
2633 2943 2893 2997 ἐπέκεινα
2919 2943 3013 2997 νοῦ
3039 2944 3136 3000 καὶ
3165 2945 3265 3016 τῆς
3292 2944 3358 3011 ἐξ
3379 2943 3542 3000 αὑτοῦ
3569 2948 3761 3017 φρονῇς

2196 3051 2332 3096 σεως
2363 3033 2665 3101 παίδευσιν,
2689 3035 2840 3107 φημὶ
2865 3034 2930 3107 δὴ
2975 3034 3076 3107 τὴν
3107 3036 3492 3109 εὐαγγελικὴν,
3539 3051 3759 3108 προκατ-

2191 3125 2446 3196 ηχείσθαι
2468 3125 2523 3179 δέ
2550 3124 2755 3196 μᾶλλον
2778 3123 2865 3179 διὰ
2888 3125 2997 3178 τῶν
3026 3125 3469 3196 ὑποϐεϐηκύτων,
3498 3124 3760 3198 μονονουχὶ

512 3213 617 3267 hoc
663 3220 769 3275 est,
814 3223 882 3264 ex
922 3200 1180 3280 gentibus
1222 3206 1545 3262 Ecclesiam.
1581 3206 1745 3264 Ducit
1778 3224 1912 3265 vero
1951 3225 2089 3280 quo-

2197 3218 2291 3271 καὶ
2340 3218 2752 3288 προγύμνασμα
2791 3217 2889 3289 τῆς
2929 3220 2986 3272 ἐν
3035 3216 3259 3290 Χριστῷ
3306 3217 3456 3291 ζωῆς
3509 3215 3759 3271 ποιεῖσθαι

512 3301 804 3358 dammodo
824 3299 1102 3358 seniorem
1121 3313 1232 3355 non
1258 3298 1464 3371 absque
1486 3299 1695 3356 labore.
1715 3300 1919 3357 Ser-viit
1943 3302 2093 3358 enim

514 3409 612 3464 pro
633 3392 732 3450 Lia
761 3391 950 3448 Iacob.
984 3388 1138 3457 Quod
1165 3405 1300 3447 vero
1326 3390 1516 3447 multis
1541 3392 1862 3464 magnisque
1892 3393 2094 3449 labori-

512 3487 615 3541 bus
646 3482 814 3539 Israel
847 3497 878 3537 a
912 3481 1179 3536 servitute
1209 3478 1588 3553 Egyptiorum
1620 3482 1694 3538 sit
1720 3495 1964 3555 ereptus,
1988 3485 2093 3541 du-

515 3577 667 3632 bium
704 3590 814 3631 non
854 3583 956 3630 est.
1002 3571 1273 3630 Universa
1304 3574 1453 3629 enim
1494 3587 1748 3632 creatura
1791 3593 1915 3633 cum
1961 3579 2095 3650 ipsis

513 3668 720 3724 bellum
754 3665 941 3737 gessit.
990 3664 1220 3737 Signum
1260 3665 1443 3736 itaque
1480 3676 1566 3723 est
1609 3683 1718 3722 non
1757 3669 1963 3741 absque
1999 3686 2092 3726 su-

512 3760 646 3817 dore
675 3758 1021 3830 redemptum
1046 3772 1169 3813 esse
1195 3757 1475 3824 lsraelem,
1503 3769 1667 3831 atque
1705 3763 1803 3818 Dei
1834 3762 2095 3835 deinceps

514 3867 633 3908 esse
652 3850 857 3907 factum
875 3864 981 3922 per
998 3849 1208 3906 cultum
1236 3849 1485 3921 legalem,
1513 3852 1754 3908 servitus
1769 3852 1956 3920 Jacob,
1985 3872 2091 3911 non

512 3945 720 4015 absque
774 3942 966 3999 labore
1020 3941 1246 3998 omnino
1296 3952 1539 4013 peracta.
1578 3944 1857 4003 Absolutis
1909 3959 2092 4004 autem

515 4034 959 4092 hebdomadibus
1000 4034 1254 4100 senioris,
1295 4034 1453 4091 duxit
1495 4038 1811 4106 Rachelcm,
1844 4039 1950 4097 hoc
1986 4051 2091 4108 est,

506 4127 807 4198 juniorem,
854 4141 1020 4198 quam
1065 4127 1135 4183 ab
1179 4127 1339 4183 initio
1386 4137 1600 4199 optarat
1654 4138 1820 4202 atque
1862 4143 2091 4190 amarat.

513 4218 713 4275 Vocata
754 4218 904 4274 enim
943 4224 1028 4274 est
1066 4217 1305 4275 secunda
1335 4227 1461 4291 post
1487 4219 1719 4292 primam
1754 4220 1992 4282 Ecclesia
2026 4243 2094 4283 ex

494 4311 789 4380 gentibus,
824 4312 934 4367 ovis
962 4309 1059 4365 Dei
1082 4328 1100 4365 :
1121 4310 1227 4365 hoc
1260 4304 1409 4367 enim
1440 4311 1837 4383 interpretatur
1864 4315 2091 4385 Rachel,

512 4411 573 4457 ut
602 4403 716 4474 jam
757 4411 919 4457 antea
964 4401 1098 4457 dixi.
1140 4401 1297 4469 Quod
1336 4416 1470 4458 vero
1514 4403 1784 4461 laboravit
1824 4409 2094 4478 quodam-

512 4492 677 4548 modo
712 4492 879 4548 etiam
913 4506 1017 4562 pro
1045 4491 1163 4562 ipso
1189 4491 1472 4561 Christus,
1512 4495 1733 4553 divinus
1770 4496 1939 4554 Jacob
1972 4515 2097 4554 rur-

2196 3307 2294 3379 τὴν
2328 3307 2581 3379 νομικὴν.
2614 3306 2826 3361 Οὐκοῦν
2854 3308 3117 3381 ἐπεθύμει
3143 3309 3242 3380 μὲν
3282 3310 3389 3382 τῆς
3420 3308 3677 3381 νεωτέρας
3707 3307 3759 3358 ἐν

2197 3401 2417 3470 ἀρχαῖς,
2445 3400 2716 3462 τουτέστι,
2751 3398 2853 3469 τῆς
2878 3399 2937 3467 ἐξ
2962 3399 3132 3456 ἐθνῶν
3168 3401 3501 3474 Ἐκκλησίας
3526 3404 3553 3456 ὁ
3580 3400 3636 3467 ἐξ
3675 3399 3758 3454 οὐ·

2198 3491 2362 3563 ρανοῦ
2387 3492 2641 3563 νυμφίος.
2674 3491 3143 3563 Προεισοικίζεται
3165 3493 3224 3547 δέ
3251 3493 3445 3568 ὥσπερ
3485 3495 3581 3566 τὴν
3634 3506 3756 3563 πρε·

2199 3585 2463 3658 σϐυτέραν
2489 3585 2648 3638 οἱονεί
2693 3601 2812 3648 πως
2859 3585 2961 3638 οὐκ
3002 3585 3261 3659 ἀμογητί.
3302 3587 3621 3641 Δεδού).ευκε
3658 3583 3761 3654 γὰρ

2198 3678 2339 3749 ὑπὲρ
2371 3680 2536 3742 Λείας
2567 3679 2595 3731 6
2635 3675 2849 3733 Ἰακώϐ.
2878 3677 3001 3733 Ὀτι
3037 3679 3093 3732 δέ
3128 3680 3345 3746 πολλοῖς
3377 3681 3469 3734 καὶ
3521 3678 3755 3752 μεγάλας

2197 3770 2460 3842 ἐξῄρηται
2504 3769 2689 3832 πόνοις
2734 3768 2834 3839 τῆς
2857 3769 3167 3839 Αἰγυπτίων
3198 3771 3440 3836 δουλείας
3473 3774 3503 3825 6
3536 3768 3755 3843 Ἰσραὴλ,

2196 3864 2296 3917 οὐκ
2347 3864 2685 3932 ἀσυμφανές.
2735 3863 2870 3934 Ὄλη
2929 3864 3038 3934 γὰρ
3084 3864 3269 3928 αὐτοῖς
3317 3863 3686 3935 πεπολέμηκεν
3724 3859 3755 3929 ἡ

2199 3956 2392 4020 κτίσις.
2428 3957 2662 4027 Σημεῖον
2703 3951 2797 4010 οὖν
2838 3956 2949 4028 ἄρα
2979 3954 3074 4010 τοῦ
3122 3955 3197 4028 μὴ
3226 3957 3479 4029 ἀνιδρωτὶ⁸
3506 3951 3755 4024 λελυτρῶ-

2200 4047 2321 4100 σθαι
2348 4047 2438 4099 τὸν
2475 4046 2710 4117 Ἰσραὴλ,
2753 4047 2849 4099 καὶ
2891 4044 3027 4100 Θεοῦ
3056 4046 3313 4114 γενέσθαι
3353 4046 3535 4101 λοιπὸν
3565 4044 3647 4098 διὰ
3666 4043 3754 4111 τῆς

2200 4143 2255 4205 ἐν
2285 4139 2436 4210 νόμῳ
2463 4139 2718 4209 λατρείας
2752 4141 2785 4208 ὴ
2818 4139 2911 4192 τοῦ
2953 4140 3147 4193 Ἰακὼϐ
3191 4140 3427 4203 δουλεία,
3475 4136 3751 4208 τελουμένη
3804 4139 3808 4144 ’

2198 4247 2302 4283 που
2341 4230 2555 4293 πάντως
2604 4231 2706 4283 οὐκ
2739 4230 2868 4284 ἄνευ
2917 4230 3138 4302 μόχθου.
3178 4230 3677 4301 Συντετελεσμένων
3702 4224 3753 4276 δέ

2196 4323 2304 4375 τῶν
2336 4322 2578 4393 ἐδδόμων
2610 4320 2711 4392 τῆς
2733 4322 3127 4394 πρεσϐυτέρας,
3158 4324 3396 4395 ἠγάγετο
3418 4323 3516 4395 τὴν
3549 4315 3754 4389 Ῥαχὴλ,

2197 4414 2462 4478 τουτέστι,
2505 4414 2605 4485 τὴν
2635 4413 2929 4484 νεωτέραν.
2959 4415 3056 4485 τὴν
3088 4417 3180 4468 καὶ
3207 4418 3264 4468 ἐν
3293 4418 3489 4488 ἀρχαῖς
3509 4406 3754 4479 ποθουμέ-

2199 4523 2315 4576 νην.
2353 4506 2715 4576 Είσκέκληται
2752 4506 2861 4577 γὰρ
2907 4506 3131 4579 δευτέρα
3175 4508 3318 4579 μετὰ
3354 4509 3451 4580 τὴν
3486 4502 3754 4578 πρώτηνὴ

511 4596 634 4639 sum
658 4581 821 4637 nobis
841 4571 1103 4645 ostendit,
1127 4592 1335 4652 septem
1362 4600 1630 4640 annorum
1653 4588 1897 4644 laborem
1924 4592 2090 4647 etiam

2198 4571 2262 4664 ἐξ.
2288 4597 2458 4652 ἐθνῶν
2509 4571 2805 4669 Ἐκκλησία
2831 4571 2907 4652 ’τὸ
2958 4571 3076 4653 τοῦ.
3125 4571 3273 4655 Θεοῦ
3320 4571 3751 4672 etp-Macario-

506 4687 614 4744 pro
642 4671 880 4727 Rachele
910 4687 1224 4742 perpessus.
1258 4672 1313 4729 Si
1345 4675 1492 4728 enim
1526 4678 1789 4757 possibile
1808 4688 1927 4735 erat
1948 4680 2094 4736 labo-

506 4775 637 4817 rare
667 4760 838 4815 Deum
877 4760 1230 4814 exsistentem
1272 4763 1572 4816 secundum
1602 4773 1852 4820 naturam
1878 4766 2094 4836 Filium,

510 4868 621 4923 quo
638 4860 801 4924 pacto
830 4866 942 4905 non
972 4850 1024 4905 id
1054 4851 1156 4921 ipsi
1184 4851 1403 4918 accidit,
1430 4868 1557 4907 cum
1590 4854 1823 4911 Herodis
1843 4873 2099 4927 persecu-

504 4946 716 5002 tionem
749 4945 911 5001 initio
947 4944 1295 5009 sustinuerit,
1321 4944 1376 4999 et
1411 4944 1813 5002 Pharisaeorum
1847 4950 2094 5019 insidias,

510 5037 893 5107 praefectorum
912 5036 1235 5102 calumnias,
1254 5038 1664 5108 consputiones,
1684 5039 1886 5110 alapas,
1902 5041 2086 5116 ﬂagra,

510 5130 745 5186 militum
762 5131 1142 5194 contumelias,
1158 5131 1328 5200 ipsam
1343 5130 1581 5200 denique
1598 5130 1815 5203 inligno
1833 5138 2091 5191 mortem?

511 5217 607 5271 Lia
644 5224 827 5272 autem
862 5225 917 5272 et
944 5217 1151 5272 Rachel
1187 5217 1311 5272 ﬁliae
1347 5227 1505 5273 erant
1542 5217 1749 5283 Lahan,
1778 5219 1877 5273 viri
1911 5222 2092 5277 adhuc

511 5310 654 5366 idola
673 5309 926 5365 colentis.
954 5309 1146 5365 Vocati
1175 5311 1321 5364 enim
1352 5320 1481 5365 sunt
1509 5326 1576 5366 ex
1606 5313 1880 5383 gentibus,
1914 5316 2090 5385 prima

509 5401 734 5472 quidem
761 5399 1090 5473 Iudaeorum;
1105 5399 1384 5471 Synagoga
1409 5402 1614 5473 (radice
1635 5405 1783 5458 enim
1810 5421 1872 5459 ac
1893 5421 2094 5476 genere

508 5492 826 5549 Graecanico
859 5499 1014 5546 ortus
1044 5499 1130 5545 est
1162 5491 1325 5546 etiam
1356 5492 1469 5563 ipse
1502 5493 1724 5550 divinus
1745 5496 2042 5569 Abraham)
2076 5516 2091 5556 :

509 5583 748 5640 secunda
768 5596 921 5646 vero,
939 5591 996 5637 et
1014 5590 1141 5653 post
1161 5582 1455 5637 secundam
1476 5599 1637 5651 nova,
1661 5586 1764 5641 hoc
1784 5597 1886 5652 est,
1906 5588 2095 5646 Eccle-

512 5675 608 5728 δῖα.
636 5672 796 5743 129
819 5672 988 5726 Porro
1018 5671 1162 5727 oculi
1189 5672 1410 5742 quidem
1438 5674 1548 5729 Line
1577 5685 1736 5731 erant
1768 5677 1901 5747 lippi
1925 5687 2092 5750 atque

2200 4690 2494 4761 μηνεύεται
2515 4690 2630 4769 γὰρ.
2647 4690 2789 4744 οὕτω
2807 4692 2901 4745 καὶ
2943 4691 3163 4762 Ῥαχὴλ,
3187 4693 3438 4765 καθάπερ
3465 4691 3562 4763 ἤδη
3586 4685 3751 4758 προεῖ-

2196 4798 2317 4835 πον.
2346 4781 2470 4835 Ὀτι
2494 4782 2549 4834 δὲ
2575 4782 2827 4854 κέκμηκέ
2858 4783 3058 4854 τρόπον
3078 4784 3197 4837 τινὰ
3231 4786 3323 4839 καὶ
3358 4787 3494 4852 ὑπὲρ
3530 4779 3686 4848 αὐτῆς
3726 4775 3750 4826 δ

2194 4873 2449 4944 Χριστὸς,
2487 4874 2771 4946 παρέδειξε
2797 4874 2958 4929 πάλιν
2991 4878 3122 4947 ἡμῖν
3145 4878 3174 4929 6
3213 4878 3497 4938 θεσπέσιος
3541 4866 3745 4928 Ἰακὼὸν

2192 4964 2285 5018 τὸν
2317 4962 2555 5031 ἑπταετῆ
2586 4963 2745 5016 πόνον
2774 4966 2870 5017 καὶ
2893 4965 3033 5036 ὺπέρ
3063 4964 3533 5039 Ῥαχὴλὰνατλάς.
3561 4959 3622 5015 El
3651 4957 3751 5026 γὰρ

2199 5054 2470 5127 ἐνεδέχετο
2504 5059 2725 5125 καμεῖν,
2750 5055 2927 5109 καίτοι
2972 5056 3106 5110 Θεὸν
3133 5059 3263 5112 ὄντα
3296 5057 3436 5112 κατὰ
3462 5055 3637 5124 φύσιν,
3667 5047 3749 5098 τὸν

2198 5147 2351 5212 Υἱὸν,
2396 5146 2516 5210 πῶς
2559 5146 2625 5199 ἂν
2669 5148 2732 5201 οὐ
2778 5148 3001 5217 γέγονεν
3051 5151 3109 5203 ἐν
3150 5152 3348 5222 τούτῳ,
3389 5150 3486 5220 τὴν
3527 5141 3746 5215 Ἡρώδου

2198 5239 2379 5303 δίωξιν
2408 5239 2706 5308 ὑπομείνας
2729 5241 2785 5291 ὲν
2812 5241 3027 5311 ἀρχαῖς,
3054 5242 3151 5306 τὰς
3181 5243 3290 5296 τῶν
3317 5237 3615 5311 Φαρισαίων
3641 5234 3743 5282 ἐπι·

2199 5328 2414 5394 ϐουλὰς,
2439 5329 2536 5391 τὰς
2561 5329 2669 5382 τῶν
2699 5331 3015 5401 ἡγουμένων
3046 5331 3426 5400 συκοφαντίας.
3455 5326 3519 5380 τὰ
3559 5317 3746 5393 ἐμπτύ-

2191 5434 2394 5488 σματα,
2428 5417 2496 5470 τὰ
2539 5418 2882 5488 ῥαπίσματα,
2910 5419 3009 5483 τὰς
3046 5421 3185 5473 κατὰ
3212 5422 3379 5474 νώτου
3408 5412 3630 5486 πληγὰς,
3659 5404 3745 5476 τὴν

2188 5507 2297 5565 τῶν
2349 5507 2699 5577 στρατιωτῶν
2746 5508 3052 5579 παροινίαν,
3092 5509 3189 5563 καὶ⁸
3229 5507 3389 5563 αὑτὸν
3424 5505 3481 5556 ἐν
3519 5497 3742 5567 ἐσχάτοις

2184 5600 2279 5655 τὸν
2301 5602 2392 5653 ἐπὶ
2440 5599 2597 5666 ξύλου
2641 5599 2896 5667 θάνατον;
2926 5601 3111 5656 Λάϐαν
3142 5601 3197 5654 δέ
3226 5595 3536 5668 θυγατέρες,
3572 5580 3742 5651 ἀνδρὸς

2186 5685 2700 5758 είδωλολατροῦντος
2745 5688 2849 5753 ἔτι,
2876 5690 3006 5743 Λεία
3062 5690 3157 5743 καὶ
3189 5687 3406 5761 Ῥαχὴλ.
3464 5677 3747 5744 κέκληνωδ

607 5847 649 5878 ’⁵
674 5848 832 5903 Deut.
872 5865 943 5915 υ,
975 5850 1028 5905 4.
1104 5851 1145 5883 ³ο
1175 5849 1349 5906 Exod.
1380 5867 1468 5916 xx,
1507 5851 1607 5919 ἓξ),
1648 5853 1808 5911 Deut.
1843 5872 1895 5920 ν,
1924 5857 1976 5912 7.
2056 5860 2090 5890 ³¹

2193 5868 2286 5918 θυι.
2328 5879 2401 5930 Ix,
2435 5865 2500 5923 l5
2532 5861 2614 5918 Η.
