4034 6450
304 278 423 337 εοει

1331 298 1861 362 GLAPHYRORUM
1904 306 1970 361 IN
2012 307 2317 368 CENiiSlhi
2380 312 2512 371 LIB.
2554 313 2640 369 iV.

3488 333 3503 345 ⁶
3531 320 3662 378 2m-

306 396 425 469 γὰρ
473 397 537 505 εξ
580 398 773 505 tilium
818 404 1014 505 τρὼτη
1064 411 1163 480 μὲν
1199 415 1231 485 η
1283 414 1390 468 τῶν
1458 418 1731 474 Ἰουδαίων
1798 424 1921 476 Συν

2039 426 2264 484 inﬁrmi.
2318 429 2522 486 Rachel
2561 439 2746 486 autem
2792 432 3021 503 pulchra
3063 443 3310 505 aspectu,
3350 446 3407 492 et
3437 438 3637 499 decora

305 496 537 583 ἀγωγή·
569 493 730 565 ῥίζης
770 497 883 570 γὰρ
922 502 1017 555 καὶ
1035 503 1226 571 γένους
1264 506 1580 579 Ἑλληνικοῦ
1612 514 1804 583 γέγονε
1839 520 1933 570 καὶ

303 582 483 679 αυτὸς
614 587 908 657 Θεσπέσιος
952 594 1208 669 ’Δϐραάμ
1233 616 1245 631 ·
1280 599 1518 675 δευτέρα
1559 606 1617 660 δὲ
1667 582 1763 661 καὶ
1795 611 1935 679 μετὰ

304 675 411 749 τὴν
436 677 726 756 πρώτηνή
749 686 1019 760 νεωτέρα,
1045 692 1345 760 τουτέστιν,
1376 697 1408 768 ἡ
1456 696 1779 769 Ἐκκλησία.
1797 675 1806 679 ⁷
1822 703 1931 756 Καὶ

304 771 359 865 of
393 771 511 865 μὲν,
528 774 812 847 ὀφθαλμοὶ
841 779 1013 845 Λείας
1042 784 1485 858 παραλελυμένοι
1516 793 1612 845 καὶ
1643 793 1924 865 ἀδρανεῖς·

317 861 538 958 Ῥαχὴλ
570 866 629 921 δὲ
663 868 806 942 καλὴ
841 870 922 943 τῷ
944 873 1097 933 εῖδει.
1125 878 1220 931 καὶ
1245 878 1424 951 ὡραία
1455 885 1520 954 τῇ
1554 883 1672 954 ὄψει
1703 861 1928 958 σφόδρα.

308 954 424 1008 Καὶ
458 958 597 1031 περὶ
643 960 746 1030 μὲν
781 962 893 1015 τῶν
936 964 1211 1021 Ἰουδαίων
1248 969 1355 1041 ἔφη
1406 988 1511 1027 που
1554 975 1790 1047 Χριστὸς
1819 954 1930 1043 τοῖς

311 1048 496 1116 ἁγίοις
558 1052 891 1120 ἀποστόλοις
918 1073 931 1086 ·
970 1077 989 1110 ι
1014 1060 1219 1129 ’Ἄφετε
1273 1064 1497 1130 αὐτοὺς,
1558 1069 1753 1139 τυφλοί
1793 1072 1931 1125 εἰσιν

310 1140 508 1232 ᾇδηγοὶ
553 1144 798 1214 τυφλῶν.
845 1149 909 1202 Ὑ
915 1151 1035 1221 μῶν
1072 1151 1131 1207 δὲ
1175 1155 1438 1229 μακάριοι
1469 1161 1518 1212 οἱ
1551 1159 1827 1232 ὀφθαλμοὶ
1849 1165 1931 1217 ὅτι

308 1231 608 1304 βλέπουσι,
647 1240 743 1293 καὶ
781 1239 850 1295 τὰ
878 1236 998 1298 ὦτα
1018 1243 1172 1316 ὑμῶν
1199 1247 1281 1302 ὅτι
1312 1249 1624 1306 ἀκούουσιν.
1657 1272 1676 1305 ι
1719 1255 1932 1310 Οὐκοῦν

306 1328 368 1382 τὸ
396 1328 647 1396 ἄναλκες
668 1334 807 1405 πρὸς
821 1334 1166 1411 Θεοπτ[ε]ίαν
1191 1341 1289 1412 τῆς
1306 1344 1580 1400 Ἰουδαίων
1595 1346 1932 1421 Συναγωγῆς

304 1435 533 1492 καταση
543 1424 793 1492 μαίνοιτο
819 1426 888 1480 ἂν
912 1430 1142 1496 εἰκότως
1164 1432 1253 1487 διὰ
1270 1434 1381 1488 τῶν
1403 1435 1506 1507 τῆς
1535 1438 1702 1504 Λείας
1727 1440 1928 1509 ὀφθαλ-

304 1512 455 1606 μῶν.
514 1515 593 1569 Τὸ
636 1516 694 1571 δὲ
746 1520 913 1590 σοφόν
940 1539 1001 1575 τε
1031 1524 1128 1606 κα)
1168 1523 1375 1593 ἔννουν,
1404 1532 1500 1583 καὶ
1530 1530 1592 1584 τὸ
1639 1532 1776 1585 πολὺ
1807 1533 1930 1588 λίαν

297 1604 731 1680 ὲξωραῖσμένον
762 1614 845 1676 είς
880 1604 1113 1670 σύνεσιν
1141 1618 1252 1674 τῶν
1287 1622 1353 1675 ἐν.
1377 1622 1561 1678 πίστει
1589 1626 1648 1679 ὲν
1680 1628 1925 1699 Χριστῷ,

2038 519 2177 575 facie
2201 522 2382 577 valde.
2408 524 2575 594 Atqui
2600 524 2668 581 de
2694 525 2900 582 Iudaeis
2957 527 3183 598 quidem
3227 528 3484 588 Christus
3530 536 3633 590 ali-

2036 612 2163 665 cubi
2192 613 2269 667 ait
2292 615 2499 670 sanctis
2522 617 2808 688 discipulis
2836 636 2848 673 :
2880 638 2897 671 ‹
2926 618 3102 675 Sinite
3128 621 3300 692 ipsos,
3325 624 3455 678 caeci
3480 638 3631 688 sunt.

2034 712 2091 756 et
2118 703 2289 758 duces
2313 720 2607 762 caecorum.
2642 708 2821 763 Vestri
2864 717 3045 765 autem
3086 710 3234 766 beati
3284 713 3455 778 oculi,
3506 716 3636 785 quia

2034 794 2247 862 vident,
2284 805 2340 851 et
2365 813 2530 854 aures
2563 809 2779 866 vestrae,
2806 803 2934 872 quia
2960 803 3197 860 audiunt
3226 805 3292 860 ”.
3324 826 3342 859 ι
3385 805 3634 863 inﬁrmi-

2037 896 2119 945 tas
2173 889 2360 961 itaque
2421 892 2740 949 Iudaeorum
2804 894 3103 968 Synagoga:
3159 898 3227 953 ad
3291 900 3635 956 cernendum

2038 982 2215 1039 Deum
2260 985 2462 1041 merito
2483 988 2827 1059 signiﬁcatur
2872 1006 2971 1061 per
2994 992 3188 1048 oculos
3221 992 3334 1048 Lia:
3364 1012 3376 1047 :
3413 994 3636 1065 sapien-

2034 1077 2110 1133 tia
2132 1087 2315 1136 autem
2331 1082 2717 1159 etprudentia,
2734 1086 2975 1155 atquead
2999 1086 3419 1158 intelligendum
3442 1104 3636 1161 magna

2034 1176 2325 1233 maturitas
2353 1194 2548 1233 eorum
2567 1181 2659 1251 qui
2684 1196 2783 1250 per
2817 1180 2981 1236 ﬁdem
3000 1181 3057 1237 in
3079 1180 3303 1239 Christo
3324 1194 3475 1248 sunt,
3502 1200 3634 1240 nec-

2033 1281 2144 1322 non
2195 1278 2457 1324 venustas
2499 1286 2565 1325 ac
2601 1271 2772 1326 decor
2810 1269 2868 1326 in
2913 1272 3180 1342 operibus
3225 1289 3326 1343 per
3377 1274 3637 1331 Racheiis

2033 1361 2504 1432 pulchritudinem
2528 1363 2807 1434 descripta
2839 1372 2943 1419 est.
2972 1364 3040 1419 Et
3072 1364 3298 1435 quidem
3327 1365 3394 1421 ad
3418 1366 3652 1422 Iudaeo-

2033 1470 2156 1508 rum
2203 1463 2436 1510 matrem
2491 1456 2852 1527 propheticus
2883 1472 3067 1513 sermo
3102 1458 3303 1513 clamet
3359 1476 3374 1513 :
3436 1477 3454 1510 ι
3491 1459 3641 1515 Ecce

2032 1546 2180 1602 oculi
2216 1547 2295 1602 tui
2335 1564 2450 1604 non
2477 1557 2625 1614 sunt,
2659 1564 2839 1620 neque
2877 1564 2975 1604 cor
3000 1559 3155 1613 tuum
3194 1550 3489 1621 pulchrum
3511 1549 3578 1606 ⁸³.
3610 1571 3626 1600 ι

2030 1638 2288 1697 Christus
2326 1657 2460 1697 vero
2488 1642 2795 1698 Ecclesiam
2828 1656 2896 1697 ex
2916 1641 3176 1714 gentibus
3218 1649 3403 1706 vocet,
3451 1640 3633 1702 dicat-

298 1700 404 1806 κὲὶ
435 1701 667 1806 μέντοι,
701 1705 795 1758 καὶ
822 1706 885 1761 τὸ
923 1707 984 1761 ἐν
1025 1707 1211 1780 ἔργοις
1245 1715 1549 1786 περιφανὲς
1576 1717 1666 1772 διὰ
1698 1719 1793 1773 τοῦ
1825 1720 1921 1791 τῆς

2035 1750 2141 1804 que
2171 1734 2239 1789 de
2261 1750 2359 1789 ea:
2402 1753 2421 1787 ι
2451 1734 2608 1791 Oculi
2651 1735 2731 1791 tui
2755 1700 3104 1790 columbae”.
3136 1753 3235 1786 ›-
3257 1753 3275 1785 ι
3301 1733 3636 1806 Concupivi:

310 1792 530 1899 ’ῐίαχηλ
570 1800 1033 1899 ξροανεγράφετο
1055 1803 1308 1869 κάλλους.
1357 1808 1469 1861 Kai.
1502 1809 1643 1882 πρὸς
1696 1812 1797 1883 μὲν
1828 1814 1921 1886 τὴν

2036 1828 2185 1883 enim
2210 1826 2685 1898 pulchritudinem
2727 1828 2868 1898 ejus,
2911 1847 2929 1879 ι
2972 1827 3131 1899 juxta
3182 1792 3632 1883 Psalmistae-vo-

293 1887 414 1940 τῶν
465 1889 748 1947 Ἰουδαίων
790 1892 1029 1966 μητέρα,
1077 1896 1161 1963 τὸ,
1200 1917 1218 1951 ι
1252 1898 1384 1954 Ἰδοὺ
1435 1903 1485 1956 οἱ
1522 1902 1796 1977 ὀφθαλμοί
1829 1924 1925 1962 σου

293 1979 403 2034 οὐκ
452 1979 622 2046 εἰσὶν,
679 1983 801 2039 οὐδὲ
852 1986 887 2058 ἡ
947 1987 1145 2060 καρδία
1196 2007 1292 2045 σου
1341 1992 1503 2066 καλὴ,
1532 2014 1552 2050 ι
1583 2000 1925 2070 προφητικὺς

302 2071 605 2128 ἀναϐοάτω
631 2074 814 2146 λόγοςε
852 2076 1093 2135 καλείτω
1121 2081 1177 2137 δὲ
1200 2084 1229 2137 6
1261 2084 1501 2157 Χριστὸς
1530 2087 1631 2161 τὴν
1664 2090 1725 2156 ἐξ
1752 2091 1925 2147 ἐθνῶν

323 2161 685 2235 Ἐκκλησίαν,
733 2169 830 2224 καὶ
873 2170 1085 2241 λεγέτω
1124 2176 1255 2247 περὶ
1292 2177 1495 2251 αὐτῆς
1532 2182 1632 2235 «OE
1654 2183 1925 2256 ὀφθαλμοί

301 2269 400 2307 σου
426 2259 809 2332 περιστερῶν.
838 2281 966 2316 ι-ι
1004 2264 1356 2338 Ἐπεθύμησε
1390 2269 1500 2343 γὰρ
1540 2273 1636 2327 τοῦ
1690 2274 1924 2341 κάλλους

293 2348 504 2420 αὐτῆς,
530 2369 550 2401 ι
592 2353 741 2407 κατά
778 2355 881 2427 τὴν
940 2358 1036 2413 τοῦ
1109 2361 1418 2429 Ψάλλοντος
1466 2367 1677 2439 φωνην.
1713 2369 1924 2423 Οὐκοῦν

290 2442 548 2500 ἐποιεῖτο
600 2446 855 2504 σύνοικον
904 2452 935 2505 6
985 2454 1224 2527 Χριστὸς
1279 2458 1500 2530 πρῶτον
1556 2462 1655 2532 μὲν
1681 2464 1782 2534 τὴν
1813 2464 1923 2518 τῶν

301 2534 597 2592 Ἰουδαίων
626 2541 986 2618 Συναγωγὴν,
1019 2551 1520 2621 νυμφαγωγοῦντος
1558 2556 1807 2622 Μωσέως
1828 2559 1923 2613 καὶ

293 2634 717 2701 μεσιτευόντων
757 2638 1031 2709 ἀγγέλων·
1076 2645 1163 2697 ἐπ’
1212 2645 1431 2719 ἐκείνην
1471 2647 1528 2703 δὲ
1584 2648 1774 2723 ῶσπερ
1804 2652 1921 2706 δευ-

287 2723 471 2819 τέραν
519 2727 625 2799 τὴν
666 2729 728 2797 ἐξ
766 2732 941 2788 ἐθνῶν
980 2735 1329 2810 Ἐκκλησίαν,
1351 2740 1517 2795 οἱονεὶ
1549 2742 1770 2813 μεσίτου
1792 2762 1924 2819 παρ-

290 2817 649 2890 ειλημμένου
691 2824 789 2878 καὶ
823 2826 913 2881 ἐπ’
954 2829 1093 2901 αὐτῇ
1131 2830 1228 2885 τοῦ
1281 2835 1553 2908 μακαρίου
1585 2817 1916 2894 Βαπτιστοῧ.

291 2910 605 2984 Τοιγάρτοι
638 2916 735 2969 καὶ
763 2916 997 2988 ἔφασκε,
1041 2923 1134 2976 τὸν
1171 2925 1364 2997 νοητὸν
1390 2929 1602 2982 τουτον)⁵
1639 2930 1734 2985 καὶ
1773 2930 1921 2987 θεῖον

292 3004 436 3075 ἡμῖν
483 3011 930 3080 κατασημαίνων
975 3014 1188 3086 γάμον·
1224 3035 1243 3068 ι
1278 3017 1338 3072 '0
1382 3018 1521 3090 ἔχων
1564 3020 1667 3094 τὴν
1695 3022 1919 3097 νύμφην

298 3097 543 3169 νυμφίος
591 3102 780 3158 ἐστίν’
827 3107 857 3159 ὀ
889 3106 946 3162 δὲ
990 3108 1145 3179 φίλος
1180 3111 1276 3166 τοῦ
1325 3115 1564 3184 νυμφίου
1599 3117 1628 3171 6
1666 3117 1916 3185 ἑστηκὼς

294 3192 393 3246 καὶ
419 3193 653 3249 ἀκούων
684 3197 877 3268 αὑτοῦ,
914 3203 1063 3274 χαρᾷ
1108 3204 1294 3277 χαίρει
1339 3180 1431 3261 διά
1454 3180 1566 3280 ⁷’τὴν
1596 3180 1799 3284 φωνὴν.
1818 3180 1914 3266 του
1947 3180 1988 3237 C

292 3286 573 3355 νυμφίου.
606 3288 758 3361 Αὕτη
785 3287 881 3346 οὖν
904 3295 937 3364 ἡ
966 3295 1114 3367 χαρά
1133 3297 1165 3367 ἡ
1184 3297 1295 3371 ἐμὴ
1322 3300 1704 3373 πεπλήρωται.
1742 3304 1917 3359 Ἐκεῖ-

294 3395 388 3435 νον
420 3380 513 3435 δεῖ
556 3382 840 3452 αὐξάνειν,
886 3388 990 3458 ἐμὲ
1032 3389 1090 3444 δὲ
1139 3390 1521 3450 ἐλαττοῦσθαι.
1550 3414 1569 3447 ι
1628 3396 1818 3463 Ἔλεος
1863 3399 1919 3454 δὲ

295 3472 397 3529 καὶ
438 3475 636 3542 πίστις
689 3482 758 3551 τῇ
809 3479 999 3554 νύμφῃ
1032 3482 1094 3538 τὺ
1122 3483 1291 3541 ἕδνον.
1325 3488 1472 3560 Ἔφη
1525 3489 1636 3563 γάρ
1682 3507 1787 3546 που
1831 3492 1920 3548 διὰ

297 3566 495 3638 φωνῆς
531 3572 857 3643 προφητῶν,
908 3576 939 3629 6
983 3575 1191 3658 ἄνωθεν
1244 3579 1396 3650 ἥκων
1434 3582 1528 3634 καὶ
1580 3582 1641 3648 ἐξ
1686 3584 1918 3657 οὖρανοῦ

298 3660 544 3731 νυμφίος
592 3664 733 3733 πρὸς
758 3664 860 3738 τὴν
892 3667 953 3734 ἐξ
982 3667 1153 3724 ἐθνῶν
1188 3671 1543 3745 Ἐκκλησίανο
1587 3694 1606 3727 ι
1636 3676 1745 3730 Καὶ
1781 3696 1920 3751 μνη-

300 3753 613 3826 στεὺσομαί
640 3774 699 3810 σε
731 3759 961 3831 ἐμαυτῷ
986 3762 1066 3825 είς
1088 3762 1180 3817 τὸν
1212 3764 1409 3831 αἰῶνα,
1443 3768 1539 3821 καὶ
1582 3770 1918 3841 μνηστεύσο-

303 3849 405 3919 μαί
419 3866 485 3903 σε
498 3852 731 3923 ἐμαυτῷ
747 3855 807 3906 ὲν
829 3854 1150 3929 δικαιοσύνῃ
1169 3859 1264 3913 καλ⁵
1295 3859 1549 3932 κρίματι,
1566 3863 1661 3916 καὶ
1679 3865 1735 3917 ὲν
1752 3864 1914 3928 ἐλέει,

299 3942 393 3997 καὶ
430 3944 493 3997 ὲν
528 3946 861 4018 οἰκτιρμοῖς.
909 3948 1021 4002 Καὶ
1052 3951 1467 4023 μνηστεύσομαί
1502 3971 1563 4008 σε
1596 3956 1821 4029 ἐμαυτῷ
1858 3960 1917 4012 ὲν

296 4035 511 4096 πίστει.
538 4038 638 4092 καλ⁵
668 4041 952 4117 ὲπιγνὼση
965 4044 1055 4096 τὸν
1073 4042 1331 4118 Κύριον.‹
1355 4046 1626 4116 Ἠγάγετο
1656 4048 1756 4120 μὲν
1784 4050 1934 4125 γὰρ,

296 4130 565 4202 καθάπερ
595 4130 737 4204 ἔφην
759 4135 987 4207 ἀρτίως,
1020 4138 1129 4210 πρὸ
1161 4138 1259 4210 τῆς
1288 4138 1349 4205 ἐξ
1378 4138 1550 4195 ἐθνῶν
1582 4141 1915 4212 Ἐκκλησίας

294 4222 402 4295 τὴν
454 4225 868 4298 πρεσϐυτέραν.
918 4230 1062 4285 Ἀλλ’
1104 4233 1133 4286 6
1179 4232 1280 4304 τῆς
1330 4235 1635 4306 μνηστείας
1687 4237 1914 4309 τρόπος,

294 4318 399 4371 καὶ
436 4319 543 4388 τῆς
584 4322 889 4390 συναφείας
916 4325 950 4397 ἡ
982 4323 1232 4397 δύναμις,
1284 4326 1384 4381 οὐκ
1432 4329 1514 4394 είς
1549 4328 1725 4384 αίῶνα
1754 4330 1916 4399 γέγο-

294 4428 415 4465 νεν.
457 4411 612 4485 Ἔφη
653 4415 767 4488 γάρ
817 4434 921 4470 που
973 4418 1139 4473 πάλιν
1186 4419 1317 4491 περὶ¹
1362 4420 1556 4492 αὐτῆς,
1597 4422 1682 4477 ὅτι
1715 4441 1733 4474 ι
1760 4421 1910 4496 Αὕτη

1968 1984 1976 1988 ς
2033 1936 2156 1975 cem
2190 1920 2255 1975 ³⁸.
2289 1920 2456 1975 Duxit
2486 1919 2945 1991 itaqueChristus
2972 1920 3214 1990 primum
3251 1919 3476 1990 quidem
3500 1935 3635 1977 con-

2029 2014 2217 2085 jugem
2232 2011 2570 2085 Synagogam
2603 2012 2918 2069 Iudaeorum
2928 2053 2942 2077 ,
2954 2011 3209 2083 pronubo
3221 2011 3632 2083 quodammodo

2033 2106 2313 2180 Moyse,et
2352 2105 2727 2161 mediantibus
2751 2104 2980 2176 angelis.
3022 2105 3154 2161 Post
3187 2103 3332 2160 hanc
3357 2120 3487 2161 vero
3512 2104 3630 2161 vel-
3688 2120 3699 2131 '

2034 2199 2115 2255 uti
2165 2198 2465 2255 secundam
2490 2197 2649 2253 duxit
2673 2197 2975 2254 Ecclesiam
3014 2213 3082 2253 ex
3108 2197 3387 2269 gentibus,
3423 2195 3634 2253 media-

2035 2301 2153 2346 torc
2174 2290 2583 2363 quodammodo
2598 2290 2668 2345 ad
2699 2290 2754 2346 id
2777 2305 2911 2346 usus
2940 2290 3103 2347 beato
3139 2290 3349 2349 Joanne
3364 2288 3630 2361 Baptista.

2032 2386 2245 2441 idcirco
2301 2384 2469 2441 etiam
2500 2384 2642 2440 dixit
2666 2383 2917 2455 spiritale
2960 2383 3068 2440 hoc
3106 2392 3162 2440 et
3186 2383 3437 2438 divinum
3467 2382 3631 2438 nobis

2032 2477 2350 2550 conjugium
2380 2475 2699 2548 signiﬁcans
2728 2493 2740 2530 :
2779 2496 2799 2527 ι
2823 2475 2927 2543 Qui
2955 2475 3125 2531 habet
3158 2489 3628 2547 sponsam,spon—

2031 2586 2127 2627 sus
2156 2577 2262 2636 est,
2297 2569 2511 2625 amicus
2530 2578 2715 2624 autem
2736 2568 2946 2639 sponsi,
2968 2567 3066 2640 qui
3097 2576 3207 2630 stat
3227 2579 3284 2624 et
3304 2567 3459 2642 audit
3475 2581 3626 2631 eum,

2030 2664 2233 2735 gaudio
2261 2663 2465 2735 gaudet
2493 2671 2723 2735 propter
2746 2677 2937 2717 vocem
2960 2661 3170 2733 sponsi.
3197 2660 3313 2717 Hoc
3345 2675 3477 2731 ergo
3497 2676 3632 2731 gau—

2030 2755 2184 2810 dium
2212 2770 2398 2811 meum
2428 2754 2717 2826 impletum
2756 2762 2862 2809 est.
2903 2754 3064 2810 illum
3089 2761 3311 2825 oportet
3350 2768 3626 2818 crescere,

2030 2863 2118 2904 me
2136 2864 2270 2904 vero
2299 2848 2478 2903 minui
2514 2848 2581 2903 “.
2616 2867 2633 2900 ι
2660 2846 3040 2902 Misericordia
3060 2862 3196 2902 vero
3225 2853 3282 2902 et
3303 2845 3439 2902 ﬁdes
3465 2861 3630 2916 spon-

2028 2956 2103 2996 sae
2129 2940 2229 2996 dos
2260 2947 2364 2995 est.
2408 2941 2557 2996 Dixit
2588 2940 2738 2997 enim
2769 2940 2975 2996 alicubi
3006 2954 3107 3011 per
3144 2953 3339 2994 vocem
3382 2936 3628 3008 prophe-

2033 3039 2209 3089 tarum
2235 3048 2474 3104 sponsus
2503 3049 2746 3104 superne
2783 3040 2949 3103 atque
2980 3047 3048 3088 ex
3101 3030 3243 3087 coelo
3271 3030 3503 3086 veniens
3557 3029 3626 3084 ad
3727 3023 3732 3028 ’

2027 3127 2330 3184 Ecclesiam
2366 3143 2434 3183 ex
2455 3126 2758 3199 gentibus:
2796 3147 2814 3179 ‹
2858 3126 2928 3182 Ει
2959 3125 3236 3197 sponsabo
3283 3132 3337 3179 te
3378 3123 3513 3179 mihi
3566 3124 3624 3180 in

2026 3223 2451 3294 sempiternum,
2490 3230 2548 3278 et
2575 3219 2858 3292 sponsabo
2883 3226 2936 3275 te
2966 3218 3103 3274 mihi
3135 3218 3193 3277 iu
3211 3216 3431 3290 justitia
3463 3218 3624 3289 etju-

2025 3316 2193 3381 dicio,
2229 3316 2370 3371 etin
2402 3314 2896 3392 misericordiauet
2945 3313 3000 3368 in
3049 3310 3524 3368 miserationibus.
3560 3309 3627 3365 Et

2025 3407 2302 3479 sponsabo
2333 3415 2385 3463 te
2412 3407 2552 3464 mihi
2574 3407 2630 3462 in
2651 3404 2779 3471 ﬁde,
2801 3414 2858 3461 et
2882 3420 3182 3476 cognosces
3200 3403 3496 3459 Dominum
3512 3404 3576 3456 ³⁷.
3600 3424 3617 3453 ι

2023 3500 2193 3564 Duxit
2214 3499 2386 3564 enim,
2411 3498 2879 3571 quemadmodum
2894 3497 3009 3569 dixi
3038 3495 3204 3552 modo
3227 3535 3243 3560 ,
3277 3504 3406 3566 ante
3428 3494 3623 3551 Eccle-

2024 3590 2162 3646 siam
2182 3607 2251 3646 ex
2280 3590 2561 3662 gentibus,
2584 3590 2880 3646 seniorem.
2931 3587 3205 3644 Caeterum
3236 3586 3623 3658 desponsatio-

2022 3684 2112 3740 nis
2140 3684 2283 3740 ratio
2312 3692 2369 3740 et
2403 3683 2644 3756 conjugii
2689 3683 2772 3738 vis
2804 3699 2916 3739 non
2960 3682 3067 3738 fuit
3095 3683 3152 3737 in
3197 3682 3621 3752 sempiternum.

2023 3778 2115 3833 Ait
2161 3778 2311 3834 enim
2365 3778 2570 3834 alicubi
2598 3792 2822 3833 rursum
2865 3775 2934 3831 de
2966 3790 3031 3831 ea
3069 3794 3081 3829 :
3114 3794 3132 3827 ι
3187 3775 3310 3846 Ipsa
3339 3792 3452 3831 non
3482 3792 3624 3831 uxor

2022 3884 2145 3925 mea
2191 3886 2206 3923 :
2252 3852 2433 3939 neque
2480 3884 2579 3939 ego
2611 3868 2698 3922 vir
2736 3868 2859 3939 ejus
2884 3866 2948 3921 ³⁸.
2986 3886 3003 3917 ι
3049 3866 3119 3921 Et
3144 3881 3380 3922 rursus:
3422 3886 3440 3917 ι
3486 3867 3622 3921 Dedi

2023 3961 2126 4032 ipsi
2159 3960 2411 4017 libellum
2437 3959 2655 4030 repudii
2705 3960 2762 4014 in
2792 3974 2989 4014 manus
3015 3956 3189 4028 ipsius
3232 3958 3298 4011 ".
3352 3977 3371 4009 ι
3433 3957 3621 4027 Repu—

2021 4048 2171 4104 diata
2189 4048 2339 4103 enim
2368 4055 2542 4104 estut
2574 4045 2894 4112 fornicaria,
2931 4062 3274 4118 sunnnzeque
3322 4047 3626 4119 turpitudi-

2020 4142 2107 4195 nis
2136 4141 2413 4201 damnata.
2444 4140 2536 4197 Ait
2568 4140 2717 4197 enim
2746 4139 2953 4196 alicubi
2986 4140 3055 4196 de
3083 4157 3149 4196 ea
3188 4158 3199 4195 :
3243 4159 3260 4192 ι
3295 4139 3353 4196 Si
3395 4139 3643 4197 dimise-'

2022 4233 2094 4287 rit
2125 4234 2211 4288 vir
2234 4249 2462 4289 uxorem
2497 4249 2676 4299 suam,
2710 4242 2769 4289 et
2807 4233 3106 4289 recesserit
3139 4234 3209 4289 ab
3239 4249 3327 4298 eo,
3369 4233 3530 4304 130
3564 4244 3621 4289 et

2019 4326 2187 4383 fuerit
2214 4342 2342 4382 cum
2370 4327 2495 4382 viro
2523 4327 2720 4391 altero,
2747 4325 3019 4397 numquid
3043 4334 3333 4382 revertens
3374 4335 3621 4382 reverte-

2022 4429 2112 4475 tur
2128 4420 2198 4475 ad
2220 4434 2347 4474 eum
2381 4418 2558 4473 ultra?
2584 4433 2768 4474 nonne
2788 4418 3160 4474 contaminata
3213 4418 3619 4474 contaminahi-

291 4505 357 4559 οὗ
391 4506 537 4577 γυνή
569 4523 676 4578 μου
697 4522 711 4537 ⁸
744 4509 842 4563 καὶ
872 4509 985 4579 ἐγὼ
1013 4512 1116 4564 οὐκ
1141 4512 1284 4584 ἀνὴρ
1308 4513 1500 4585 αὐτῆς.
1528 4533 1550 4566 ι
1583 4516 1695 4572 Καὶ
1726 4515 1911 4572 πάλιν·

2025 4523 2117 4569 tur
2152 4512 2354 4568 mulier
2399 4512 2535 4567 illa?
2587 4512 2657 4567 Et
2727 4519 2785 4565 tu
2816 4509 3087 4566 fornicata
3132 4526 3194 4566 es
3224 4511 3279 4566 in
3304 4511 3622 4582 pastoribus

296 4617 318 4651 ι
347 4598 585 4655 Ἐδωκα
624 4601 762 4673 αὐτῇ
812 4602 1020 4673 βιϐλίον
1060 4604 1394 4660 ἀποστασίου
1443 4609 1523 4673 είς
1574 4607 1675 4673 τὰς
1726 4613 1916 4682 χεῖρας

291 4693 499 4764 αὐτῆς.
528 4711 548 4745 ι
591 4693 989 4767 ’Δποϐέϐληται
1031 4696 1142 4769 γὰρ
1187 4698 1264 4763 ὡς
1325 4700 1771 4773 πεπορνευμένη,
1822 4704 1917 4757 καὶ

290 4788 396 4841 ἐπὶ
451 4790 572 4853 τοῖς
618 4787 761 4859 ἄγαν
810 4791 1222 4864 ἀπηχεστάτοις
1268 4794 1724 4867 κατεγνωσμένη.
1765 4797 1912 4869 Ἔφη

212 4904 217 4913 ·
289 4880 412 4953 γάρ
452 4897 565 4935 που
599 4884 729 4953 περὶ
766 4883 972 4956 αὐτῆςσ
1017 4905 1037 4938 ι
1076 4886 1205 4940 Ἐὰν
1238 4886 1602 4961 ὲξαποστείλῃ
1635 4890 1778 4961 ἀνὴρ
1810 4889 1913 4961 τὴν

289 4976 544 5043 γυναῖκα
576 4975 767 5041 αὐτοῦ,
796 4978 895 5031 καὶ
933 4977 1150 5054 ἀπέλθῃ
1183 4981 1279 5033 ἀπ’
1319 4979 1512 5046 αὐτοῦ,
1554 4981 1650 5035 καὶ
1689 4981 1917 5052 γένηται

288 5069 460 5141 ἀνδρὶ
476 5067 679 5140 ἑτέρῳ,
701 5069 776 5141 μὴ
794 5070 1234 5143 ἀνακάμπτουσα
1251 5073 1572 5144 ἀνακάμψει
1598 5074 1734 5146 πρὸς
1753 5075 1916 5128 αὑτὶν

289 5163 376 5216 ἔτι
398 5176 417 5225 ς
438 5162 506 5214 οὐ
533 5163 866 5233 μιαινομένη
896 5164 1256 5237 μιανθήσεται
1279 5165 1312 5237 ή
1335 5165 1472 5237 γυνὴ
1491 5165 1675 5237 ἐκείνη
1695 5181 1709 5229 ;
1727 5166 1836 5220 Καὶ
1849 5167 1916 5220 σὺ

288 5252 710 5325 ὲξεπόρνευσας
749 5255 810 5308 ἐν
862 5257 1090 5328 ποιμέσι
1143 5256 1380 5322 πολλοῖς,
1427 5258 1525 5311 καὶ
1579 5256 1913 5328 ἀνάκαμπτε

287 5344 439 5418 πρός
476 5362 572 5417 με,
623 5345 774 5417 λέγει
817 5347 1048 5421 Κύριος.
1090 5344 1157 5403 Ἀ
1170 5367 1263 5421 ρον
1303 5352 1384 5414 είς
1411 5350 1630 5405 εὐθεῖαν
1663 5352 1790 5416 τοὺς
1816 5350 1917 5420 ὀφ-

287 5440 549 5513 Θαλμούς
599 5457 718 5507 σου,
787 5442 882 5496 καὶ
939 5442 1017 5497 ἴδε
1088 5444 1192 5498 ποῦ
1234 5444 1567 5517 ἑξεφύρθης.
1621 5444 1747 5498 Ἐπὶ
1794 5447 1915 5509 ταῖς

282 5535 437 5599 ὁδοῖς
472 5533 742 5600 ἐκάθισας
784 5535 979 5602 αὐταῖς
1015 5536 1152 5592 ὡσεὶ
1177 5536 1394 5610 κορώνη
1415 5537 1786 5611 ἡρημωμένη,
1822 5540 1916 5591 καὶ

362 5745 415 5777 ³⁸
437 5743 637 5799 Matth.
675 5760 764 5808 xv,
813 5743 907 5813 M;
935 5762 1048 5806 xm.
1083 5747 1168 5803 i6.
1247 5747 1294 5779 ³³
1318 5747 1522 5805 Jerem.
1557 5762 1687 5811 xx",
1718 5746 1802 5800 Π.

290 5814 507 5873 "Osce
554 5832 615 5887 ιιι,
657 5815 745 5887 ιι),
785 5815 878 5875 so.
958 5818 1167 5881 “ibid.
1210 5819 1270 5881 ε.

1886 5743 2109 5800 “Cant.
2149 5760 2221 5803 tv,
2258 5743 2307 5798 1.

1342 5820 1386 5853 ⁸¹
1411 5819 1514 5879 lsa.
1541 5834 1591 5885 ι,
1623 5817 1683 5885 l;
1714 5816 1919 5875 Jcrcm.
1958 5832 2039 5885 ιιι,
2067 5815 2120 5873 8.

2020 4606 2231 4662 multis.
2251 4606 2459 4662 Tamen
2490 4614 2769 4661 revertere
2791 4602 2859 4659 ad
2880 4618 2990 4670 me,
3011 4603 3149 4660 dicit
3166 4604 3639 4663 Dominus..Leva.

2016 4700 2211 4757 oculos
2248 4708 2375 4755 tuos
2405 4697 2462 4753 in
2491 4696 2790 4763 directum,
2822 4704 2879 4753 et
2920 4696 3049 4752 vide
3076 4697 3175 4753 ubi
3210 4705 3485 4769 prostrata
3521 4699 3621 4756 sis.

2014 4794 2076 4850 In
2097 4792 2205 4848 viis
2227 4791 2421 4849 sedisti
2447 4791 2608 4863 quasi
2648 4790 2842 4847 cornix
2878 4790 2936 4846 in
2963 4790 3286 4857 solitudine,
3329 4798 3388 4846 et
3413 4791 3619 4863 pollui.-

2016 4886 2086 4942 sti
2118 4894 2321 4942 terram
2346 4884 2402 4940 in
2436 4884 2901 4940 fornicationibus
2934 4884 3043 4940 tuis
3088 4892 3144 4938 et
3164 4884 3220 4939 in
3239 4884 3467 4939 malitiis
3483 4885 3616 4951 tuis,

2014 4989 2073 5035 ct
2125 4978 2371 5034 habuisti
2400 4984 2654 5049 pastores
2696 4977 2902 5032 multos
2936 4975 2993 5030 in
3027 4975 3401 5031 oﬁ‘ensionem.
3445 4984 3616 5031 tuam.

2025 5071 2218 5127 Facies
2242 5069 2553 5127 meretricis
2586 5060 2730 5124 facta
2750 5078 2841 5124 est
2871 5065 2995 5133 tibi,
3031 5068 3153 5123 sine
3177 5065 3381 5122 rubore
3397 5065 3538 5122 facta
3560 5084 3622 5124 es

2022 5166 2092 5221 ad
2114 5181 2328 5221 omnes.
2368 5163 2564 5220 Nonne
2612 5175 2789 5232 usque
2828 5175 2979 5216 nunc
3028 5176 3118 5216 me
3159 5160 3367 5215 vocasti
3414 5167 3472 5216 et
3520 5176 3622 5232 pa-

2025 5268 2164 5315 trem
2224 5269 2281 5315 et
2317 5257 2516 5313 ducem
2546 5252 2879 5325 virginitatis
2912 5254 3057 5309 tuae?
3085 5251 3359 5324 numquid
3404 5269 3624 5325 perma-

2023 5353 2179 5408 nebit
2220 5352 2277 5406 in
2334 5348 2611 5405 saeculum-
2640 5346 2739 5400 ‘°?'
2778 5367 2797 5399 ι
2837 5346 3007 5418 Atqui
3064 5346 3146 5403 sic
3179 5345 3404 5417 quidem
3434 5346 3622 5403 senior

2022 5445 2220 5500 aﬁ‘ecta
2258 5442 2383 5498 fuit.
2432 5439 2638 5496 Rachel
2674 5446 2875 5495 autem.
2898 5440 3202 5514 iuniorem,
3222 5440 3331 5496 hoc
3370 5446 3477 5503 est,
3512 5437 3619 5493 Ec-

2024 5536 2248 5593 clesiam
2284 5549 2351 5589 ex
2383 5532 2649 5611 gentibus
2668 5532 2775 5588 sibi
2806 5531 3139 5604 despondet,
3166 5531 3331 5603 idque
3382 5531 3438 5585 in
3472 5545 3620 5585 sem-

2409 5742 2452 5774 ”
2478 5741 2621 5797 Psai.
2661 5756 2800 5804 xuv,
2834 5739 2917 5795 ιε’..
2996 5738 3039 5770 ³⁸
3070 5739 3225 5793 Joan.
3271 5750 3348 5799 ιιι,

3399 5698 3491 5801 si),
3532 5730 3612 5792 ss.

2197 5816 2241 5846 ⁸⁸
2277 5815 2479 5873 Jcrcin.
2506 5829 2584 5879 ιιι,
2616 5812 2727 5868 ι-ὺ.
3426 5858 3429 5861 .
