4034 6486
432 314 530 374 Ill

1466 319 1522 374 8.
1565 316 1842 374 CYRILLI
1876 311 2349 370 ALEXANDRINI
2387 308 2710 366 ARCHIEP.

3592 312 3692 371 Si!

430 433 730 502 piternum.
765 430 905 486 Illud
934 447 1067 488 vero
1095 432 1243 504 quod
1271 432 1348 488 ait
1380 452 1391 487 :
1429 433 1558 489 Mihi
1586 433 1707 506 ipsi,
1738 432 2009 504 intelliga-

2119 429 2349 500 ὲμίανας
2372 427 2485 500 ,τὴν
2514 428 2617 498 γῆν
2657 428 2714 479 ὲν
2758 426 2877 488 ταῖς
2922 423 3199 495 πορνείαις
3232 440 3347 489 σου,
3378 424 3471 479 καὶ
3501 427 3560 483 ἐν
3581 434 3694 494 ταῖς

431 526 523 580 thr
545 537 784 594 quonam
825 524 1007 580 modo.
1042 526 1375 582 Duxitenim
1425 526 1743 582 Iudaeorum
1770 525 2015 598 Synago-

431 628 577 683 gam,
607 613 705 668 sed
738 626 836 684 per
860 614 1218 670 mediatorem
1249 616 1473 672 Mosem.
1498 616 1799 687 Copuiatus
1831 628 2015 672 autem

429 715 514 761 est
535 705 943 776 quodammodo
970 708 1228 764 Ecclesia:
1252 708 1519 779 gentium,
1553 724 1652 765 sua
1674 724 1809 764 voce
1844 708 2017 770 ipsam

430 795 496 849 ad
521 794 574 848 id
599 810 821 860 vocans,
854 804 909 850 et
940 796 1085 852 sicut
1117 812 1262 853 unus
1281 813 1473 854 eorum
1506 800 1601 871 qui
1623 800 1679 854 in
1710 800 1875 855 terris
1918 799 2018 855 de-

429 891 563 953 gunt
614 885 767 939 visus
815 886 1002 941 homo.
1038 885 1240 943 Annuit
1270 890 1421 943 enim
1459 905 1674 960 sponsae
1704 890 1961 945 clamanti
2002 908 2015 944 :

435 995 454 1028 4
492 975 732 1032 Ostende
763 977 899 1032 mihi
930 978 1124 1033 faciem
1152 988 1324 1048 tuam,
1362 992 1522 1038 sonet
1548 999 1653 1039 vox
1693 990 1789 1037 tua
1818 983 1872 1037 in
1914 999 2016 1039 au-

427 1067 586 1123 ribus
605 1068 741 1124 meis
777 1069 842 1123 “.
878 1088 897 1121 ι
947 1068 1259 1126 Audierant
1301 1073 1450 1128 enim
1478 1074 1645 1128 etiam
1678 1082 1896 1129 veteres
1927 1073 2013 1143 ip-

426 1176 551 1215 sum
578 1161 895 1232 loquentem
920 1181 934 1216 :
957 1171 1220 1219 caeterum
1244 1182 1342 1236 per
1375 1166 1581 1225 Mosem
1602 1173 1660 1220 et
1686 1166 2008 1236 prophetas.

425 1249 485 1305 In
513 1248 722 1307 ultimis
749 1260 932 1309 autem
963 1254 1148 1308 muli
1180 1255 1553 1324 temporibus,
1584 1255 1699 1326 ipse
1726 1255 1888 1310 nobis
1916 1271 2014 1325 per

424 1339 671 1410 seipsum
728 1342 947 1399 locutus
970 1352 1055 1399 est
1090 1344 1296 1408 Filius,
1332 1345 1794 1415 quemadmodum
1844 1347 2012 1401 etiam

423 1429 646 1500 sapiens
678 1431 883 1488 Paulus
915 1441 1148 1489 testatus
1176 1443 1262 1490 est
1288 1435 1351 1491 ".

2116 519 2338 580 κακίαις
2371 534 2487 579 σου,
2538 517 2634 570 καὶ
2666 514 2823 585 ἔσχες
2859 515 3126 585 ποιμένας
3155 514 3382 579 πολλοὺς
3414 518 3491 579 εἰς
3524 520 3683 588 πρός-

2116 626 2306 680 κομμα
2347 610 2536 679 σαυτῇ.
2580 609 2743 676 Ὅψις
2799 606 3006 678 πόρνης
3046 607 3264 675 ἐγένετό
3307 623 3408 661 σοι.
3458 610 3683 682 ἀπηναι.

2118 702 2426 773 σχύντησας
2470 699 2608 772 πρὸς
2653 700 2881 759 πάντας.
2920 700 3036 770 Οὐχ
3067 698 3144 764 ὥς
3170 698 3370 753 οίκεῖόν
3406 718 3471 771 με
3500 703 3689 761 ἐκάλε-

2085 810 2218 858 .σας
2275 795 2370 848 καὶ
2405 792 2620 863 πατέρα
2667 791 2764 845 καὶ
2805 791 3047 863 ἀρχηγὸν
3080 792 3178 861 τῆς
3230 792 3526 864 παρθενίας
3563 813 3692 853 con:

2129 884 2203 956 μὴ
2243 884 2489 956 διαμενεῖ
2518 886 2599 947 είς
2651 883 2743 937 τὸν
2790 883 3042 946 αἰῶνας»
3084 884 3223 938 Ἀλλ’
3256 886 3314 937 ὲν
3353 886 3563 951 τούτοις
3602 889 3698 958 μὲν

2124 976 2563 1049 ήπρεσόυτέραο
2606 976 2809 1048 Ῥαχὴλ
2837 976 2895 1028 δὲ
2940 975 3038 1047 τὴν
3089 976 3381 1047 νεωτέραν,
3435 980 3693 1051 τουτέστι,

2114 1071 2211 1143 τὴν
2245 1069 2303 1136 ἐξ
2334 1068 2506 1123 ἐθνῶν
2559 1067 2910 1138 Ἐκκλησίαν,
2959 1067 3137 1140 ἑαυτῷ
3191 1069 3571 1139 μνηστεύεται,
3611 1074 3700 1127 καὶ

2113 1164 2274 1217 τοῦτο
2307 1160 2590 1231 διηνεκῶς.
2623 1159 2697 1213 Τὸ
2724 1159 2780 1213 δὲ
2809 1159 3064 1229 ἐμαυτῷ.
3106 1160 3336 1213 νοείσθω
3364 1161 3507 1217 κατὰ
3535 1166 3704 1219 τοιόν.

2111 1256 2169 1308 δε
2222 1253 2444 1325 τρόπον.
2486 1252 2928 1323 Ἐμνηστεύσατο
2990 1252 3091 1323 μὲν
3143 1251 3250 1323 γὰρ
3299 1251 3399 1324 τὴν
3437 1253 3703 1309 Ἰουδαίων

2113 1344 2464 1413 Συναγωγὴν,
2498 1342 2633 1395 ἀλλὰ
2662 1341 2750 1399 διὰ
2793 1343 3015 1413 μεσίτου
3063 1344 3330 1407 Μωσέως.
3371 1346 3627 1416 Συνήφθη
3650 1347 3704 1401 δὲ

2112 1436 2304 1509 ὥσπερ
2340 1440 2405 1508 τῇ
2447 1433 2507 1504 ἐξ
2533 1435 2705 1491 ἐθνῶν
2747 1435 3076 1507 Ἐκκλησία,
3115 1440 3322 1503 φωναῖς
3350 1436 3509 1502 ἰδίαις
3539 1440 3705 1510 αὐτὴν

424 1523 505 1586 είς
533 1523 691 1578 τοῦτο
714 1527 927 1609 καλῶν,
954 1530 1049 1581 καὶ
1070 1529 1190 1583 καθ’
1222 1530 1319 1586 ἕνα
1355 1530 1464 1583 τῶν
1495 1532 1588 1586 ἐπὶ
1640 1532 1736 1603 τῆς
1799 1533 1900 1602 γῆς
1932 1532 2209 1604 ὁρώμενος
2253 1532 2562 1605 ἄνθρωπος.
2634 1532 2911 1586 Κατένευε
2962 1533 3071 1604 γὰρ
3122 1535 3188 1604 τῇ
3236 1531 3427 1605 νύμφῃ
3496 1532 3701 1609 βοώσῃο

429 1638 447 1669 ι
469 1618 651 1683 Δεῖξόν
707 1637 796 1688 μοι
848 1621 948 1691 τὴν
993 1623 1117 1692 ὄψιν
1167 1640 1283 1687 σου,
1317 1625 1412 1678 καὶ
1459 1623 1748 1678 ἁκούτισόν
1781 1642 1870 1695 μοι
1897 1624 1996 1695 τὴν
2036 1630 2220 1697 φωνήν
2251 1642 2366 1679 σου.
2391 1646 2409 1677 ι
2452 1626 2689 1677 Ἤκουον
2724 1623 2823 1694 μὲν
2854 1623 2963 1695 γὰρ
2994 1624 3090 1678 καὶ
3150 1625 3198 1676 oi
3260 1624 3426 1678 πάλαι
3462 1624 3693 1679 λαλοῦν·

421 1730 518 1779 τος
566 1715 754 1777 αὐτοῦ,
807 1716 946 1789 πλὴν
990 1718 1077 1772 διὰ
1129 1721 1377 1783 Μωσέως
1428 1719 1462 1791 ἢ
1512 1721 1833 1792 προφητῶν.

1913 1722 2003 1773 Ἐν
2039 1723 2291 1792 ἐσχάτοις
2328 1721 2384 1777 δὲ
2423 1719 2516 1776 τοῦ
2583 1719 2781 1782 αίῶνος
2844 1722 3080 1790 καιροῖς,
3111 1718 3276 1784 αὐτὸς
3306 1722 3442 1792 ἡμῖν
3469 1721 3539 1774 δι’
3572 1723 3698 1776 ἑαυ-

420 1808 517 1865 τοῦ
547 1809 843 1883 λελάληκεν
867 1815 895 1866 ό
929 1814 1076 1878 Υίδς.
1096 1814 1241 1869 καθὰ
1268 1816 1361 1870 καὶ
1390 1818 1418 1869 ὁ
1456 1817 1619 1885 σοφὸς
1648 1818 2045 1889 μεμαρτύρηκε
2068 1820 2300 1882 Παῦλος.

491 1902 549 1957 8.
562 1903 755 1974 Operae
771 1907 1008 1976 pretium
1035 1924 1167 1964 vero
1181 1909 1349 1965 fuerit
1372 1921 1638 1982 praeterea
1657 1910 1895 1967 ﬁliorum
1913 1913 2007 1983 qui

2181 1921 2249 1983 η’.
2287 1913 2473 1979 ’Λξιον
2495 1913 2551 1966 δὲ
2585 1913 2722 1983 πρὸς
2762 1913 2991 1977 τούτοις,
3026 1912 3121 1964 καὶ
3145 1911 3244 1983 τὴν
3276 1911 3386 1964 τῶν
3408 1912 3471 1977 ἐξ
3500 1911 3697 1966 Ἰακὼϐ

420 2013 488 2053 ex
514 1997 683 2055 Iacob
712 2000 825 2054 nati
863 2011 993 2056 sunt
1021 2003 1431 2073 generationem
1461 2003 1741 2073 inquirere
1765 2044 1778 2069 ,
1799 2013 1856 2059 et
1877 2015 2014 2073 quot

421 2104 485 2146 ac
502 2104 533 2144 e
555 2088 757 2159 quibus
774 2090 1009 2146 orti‘sint
1024 2092 1233 2147 videre.
1250 2094 1479 2163 Peperit
1496 2094 1664 2164 igitur
1682 2094 1858 2164 prima
1883 2094 2011 2164 qui-

420 2181 546 2235 dem
577 2182 672 2236 Lia
703 2192 961 2252 quatuor,
996 2185 1212 2250 Ruben,
1244 2183 1489 2250 Simeon,
1529 2185 1663 2239 Levi
1702 2195 1759 2241 et
1788 2185 2007 2240 Iudam.

420 2275 561 2328 Dum
594 2289 728 2329 vero
771 2276 977 2331 sterilis
1028 2286 1209 2341 esset,
1260 2293 1441 2347 neque
1475 2278 1657 2333 adhuc
1704 2280 2013 2353 peperisset

422 2364 649 2429 Rachel,
675 2375 867 2423 massta
900 2366 1196 2421 admodum
1231 2375 1289 2422 et
1314 2367 1529 2423 consilii
1560 2368 1740 2439 inops,
1783 2366 2012 2421 orbitati

421 2457 810 2516 suseeonsulit.
853 2456 1061 2514 Suadet
1089 2458 1239 2513 enim
1289 2458 1480 2521 Iacob,
1516 2458 1709 2513 dicens
1745 2476 1758 2512 :
1808 2479 1826 2509 ι
1871 2458 2011 2513 Ecce

421 2546 619 2605 ancilla
648 2562 768 2603 mea
783 2547 928 2604 Bala.
959 2548 1251 2619 Ingredere
1273 2548 1341 2603 ad
1367 2564 1488 2603 eam
1514 2589 1528 2612 ,
1561 2558 1617 2603 et
1644 2549 1821 2619 pariet
1844 2564 2013 2618 super

420 2653 599 2709 genua
632 2652 772 2703 mea,
812 2647 868 2694 et
902 2639 1119 2695 habebo
1140 2640 1283 2695 ﬁlios
1313 2656 1380 2695 ex
1413 2657 1479 2697 ea
1502 2640 1570 2699 “.
1600 2661 1617 2692 ι
1645 2641 1765 2707 Quo
1790 2641 2012 2695 tandem

420 2736 662 2803 peracto,
686 2730 796 2785 duo
816 2728 929 2785 n'ati
947 2740 1075 2786 sunt
1091 2732 1261 2787 Iacob
1276 2732 1394 2796 lilii,
1414 2733 1528 2786 Dan
1559 2742 1616 2787 ct
1635 2732 2007 2803 Nephthalim.

419 2822 595 2878 Porro
621 2822 718 2878 Lia
742 2823 1002 2894 Zelpham
1036 2825 1290 2880 ancillam
1326 2841 1480 2879 suam
1509 2824 1613 2895 ipsi
1647 2825 1931 2894 copulans,
1952 2833 2013 2879 ut

419 2912 660 2967 duorum
709 2914 946 2969 aliorum
980 2913 1223 2968 ﬁliorum
1256 2922 1412 2984 pater
1444 2912 1623 2978 ﬁeret,
1680 2911 1866 2967 elfecit
1896 2910 2011 2968 Gad

418 3004 685 3063 nimirum
699 3015 756 3060 et
783 3005 941 3065 Aser.
972 3005 1117 3072 Quid
1140 3020 1273 3061 vero
1296 3004 1601 3074 deinceps?
1646 3021 1666 3055 ι
1695 3002 1849 3059 Abiit
1909 3018 2013 3056 au.

2118 2006 2420 2077 γεγονότων
2455 2004 2588 2057 υἱῶν
2638 2003 3170 2075 πολυπραγμονῆσαι
3224 2002 3475 2071 γένεσιν·
3523 2004 3710 2057 ὁπόσοι

2114 2114 2194 2162 τε,
2229 2098 2322 2151 καὶ
2361 2097 2523 2150 τίνων
2558 2095 2828 2164 ὲξέφυσαν
2868 2095 3016 2148 ἰδεῖν.
3042 2095 3245 2149 Τέτοκε
3287 2095 3477 2149 τοίνυν
3523 2095 3710 2164 πρώτη
3748 2118 3755 2121 ι

2119 2191 2217 2258 μὲν
2250 2189 2282 2259 ἡ
2313 2188 2447 2242 Λεία
2478 2187 2786 2260 τέσσαρα;’
2836 2185 3112 2255 Ῥουὸεὶμ,
3148 2184 3401 2255 Συμεὼν,
3441 2186 3578 2238 Asti
3622 2186 3715 2237 καὶ

2128 2281 2344 2334 Ἰούδαν.
2365 2280 2583 2351 Ἐπειδὴ
2609 2280 2666 2333 δὲ
2686 2275 2753 2351 ἦν
2787 2281 2975 2348 στεῖρα
3002 2278 3097 2332 καί
3125 2278 3353 2339 ἄτεκνος
3376 2276 3459 2329 ἔτι
3491 2276 3711 2347 Ῥαχὴλ,

2115 2373 2353 2425 ἁλύουσα
2398 2372 2600 2443 σφόδρα
2657 2372 2750 2424 καὶ
2805 2369 3184 2441 ἀπορουμένη,
3222 2368 3283 2422 τὸ
3314 2368 3425 2439 τῆς
3462 2368 3717 2429 ἀπαιδίας

2115 2464 2543 2533 κατασοφίζεται
2572 2464 2784 2535 χρῆμα.
2813 2461 2999 2516 Πείοει
3030 2459 3140 2531 γὰρ
3167 2460 3259 2512 τὸν
3294 2458 3503 2513 Ἰακὼϐ
3530 2458 3721 2526 λέγου-

2117 2572 2215 2607 σαο
2276 2574 2295 2607 ι
2327 2555 2459 2609 Ἰδοὺ
2515 2556 2549 2625 ἡ
2597 2553 2859 2624 παιδίσκη
2920 2569 3021 2622 μου
3064 2551 3268 2609 Βάλλα.
3303 2549 3545 2603 Εἰσελθε
3589 2549 3723 2619 πρός

2114 2649 2306 2718 αὐτὴν,
2347 2646 2440 2700 καλ¹
2472 2644 2687 2709 τέξεται
2716 2643 2941 2696 ἐπὶτῶν
2971 2643 3215 2712 γονάτων
3237 2658 3380 2713 μοι»,
3414 2641 3513 2694 καὶ
3542 2657 3728 2693 τεκνοιφ

2114 2740 2416 2808 ποιήσομαι
2453 2735 2609 2804 κάγὼ
2637 2735 2696 2802 ἐξ
2728 2735 2918 2801 αὐτῆς.
2946 2753 2963 2784 ι
3001 2728 3076 2791 Οὔ
3122 2734 3219 2788 καὶ
3258 2735 3352 2797 είς
3422 2737 3607 2805 πέρας
3643 2731 3727 2795 ἐξ·

2116 2830 2499 2901 ενηνεγμένου,
2525 2828 2619 2882 δύο
2645 2827 2985 2899 [ὲ]γενέσοην
3015 2827 3094 2898 τῷ
3140 2826 3345 2881 Ἰακὼϐ
3364 2828 3496 2890 υἱοὶ,
3528 2827 3633 2878 Δάν
3662 2841 3720 2880 τι

2117 2916 2211 2969 καὶ
2254 2915 2591 2985 Νεφθαλείμ.
2622 2917 2755 2969 Λεία
2785 2933 2849 2983 γε
2889 2917 2995 2987 μὴν
3044 2915 3253 2984 Ζελῳὰν
3284 2916 3391 2987 τὴν
3420 2918 3625 2987 ἑαυτῆς
3653 2915 3723 2967 ol-

2114 3005 2344 3077 κότριδα
2390 3005 2808 3078 παρευνάζουσα
2854 3007 2997 3059 δυοῖν
3045 3007 3255 3078 ὲτέροιν
3307 3008 3536 3078 πατέρα
3573 3004 3721 3074 γενέ-

420 3103 553 3162 tem,
583 3116 602 3149 ι
625 3095 825 3168 inquit,
844 3098 1041 3153 Ruben
1072 3116 1091 3148 ι
1118 3096 1174 3151 in
1188 3096 1279 3153 die
1301 3096 1501 3152 messis
1518 3094 1708 3160 tritici,
1725 3103 1782 3150 et
1801 3094 2009 3149 invenit

2121 3098 2246 3151 σθαι
2298 3100 2463 3164 ποιεῖ,
2516 3098 2624 3152 Γὰδ
2686 3099 2781 3152 καὶ
2814 3098 3004 3170 Ἀσήρ.
3044 3098 3156 3151 Καὶ
3218 3098 3274 3151 τί
3332 3099 3481 3170 μετὰ
3526 3096 3722 3160 τοῦτος

419 3206 580 3265 poma
609 3189 991 3261 mandragorae
1018 3190 1075 3244 in
1100 3204 1251 3261 agro,
1279 3197 1335 3243 et
1366 3188 1549 3242 attulit
1579 3188 1645 3243 ad
1684 3186 1838 3242 Liam
1894 3203 2011 3243 ma-

2122 3208 2141 3241 ι
2176 3188 2475 3262 Ἐπορεύθη
2512 3188 2589 3255 δὲ,
2624 3207 2642 3240 ›
2674 3190 2857 3261 φησὶν,
2894 3209 2912 3241 ι
2971 3189 3230 3260 Ῥουϐε¹ιμ
3260 3192 3322 3243 ὲν
3352 3192 3600 3262 ἡμέραις
3635 3188 3727 3241 οε-

419 3294 562 3339 trem
591 3299 766 3341 suam.
799 3283 946 3340 Dixit
965 3290 1150 3338 autem
1180 3281 1384 3338 Rachel
1410 3280 1523 3339 Liaa
1553 3280 1734 3336 sorori
1751 3295 1865 3334 suae
1893 3298 1906 3334 :
1932 3280 2006 3334 Da

2115 3282 2312 3356 ρισμοῦ
2371 3283 2583 3354 πυρῶν,
2624 3283 2720 3336 καὶ
2777 3275 2904 3353 εῦρε
2946 3282 3090 3354 μῆλα
3129 3282 3524 3354 μανδραγόρου
3560 3284 3619 3336 ὲν
3651 3279 3730 3349 τῷ

418 3376 554 3435 mihi
577 3376 645 3431 de
669 3375 1051 3447 mandragoris
1087 3374 1185 3429 ﬁlii
1206 3374 1308 3430 tui.
1338 3374 1486 3429 Dixit
1513 3381 1698 3429 autem
1726 3372 1823 3430 Lia
1846 3391 1859 3426 :
1886 3372 2006 3427 Non

418 3470 553 3526 satis
577 3468 677 3524 tibi
705 3468 852 3539 quod
870 3467 1132 3539 accepisti
1165 3467 1346 3521 virum
1372 3466 1597 3522 meum?
1633 3464 1904 3536 numquid
1953 3474 2010 3521 et

419 3562 814 3632 mandragoras
864 3560 962 3615 ﬁlii
991 3561 1100 3617 mei
1153 3559 1429 3630 accipies?
1467 3559 1620 3630 131
1646 3559 1795 3614 Dixit
1823 3567 2008 3614 autem

419 3655 627 3713 Rachel
654 3674 666 3709 :
695 3656 818 3710 Non
854 3654 970 3720 sic;
1024 3652 1266 3709 dormiat
1308 3660 1494 3707 tecum
1529 3660 1691 3707 nocte
1747 3651 1853 3706 ista
1907 3666 2009 3722 pro

422 3745 803 3817 mandragoris
823 3744 921 3800 ﬁlii
944 3744 1044 3800 tui.
1075 3745 1363 3817 Ingressus
1387 3752 1478 3800 est
1503 3752 1690 3799 autem
1735 3743 1904 3799 Iacob
1940 3759 2009 3799 ex

426 3850 559 3904 agro
585 3848 837 3906 vespere,
860 3842 919 3889 et
948 3846 1168 3911 egressa
1189 3834 1275 3891 est
1296 3835 1394 3890 Lia
1432 3834 1487 3889 in
1511 3848 1805 3892 occursum
1831 3833 1903 3899 ei,
1951 3841 2009 3889 et

419 3930 498 3987 ait
526 3944 541 3981 ι
573 3926 655 3989 Ad
703 3943 790 3984 me
819 3926 1148 4000 ingredieris
1174 3928 1361 3983 hodie.
1413 3927 1551 3983 Nam
1582 3926 1839 3983 mercede
1872 3943 2007 3983 con-

419 4019 551 4074 duxi
577 4027 632 4075 te
656 4034 759 4090 pro
778 4020 1157 4092 mandragoris
1187 4020 1284 4075 ﬁlii
1313 4019 1443 4076 mei.
1467 4018 1588 4086 Quo
1622 4020 1767 4075 facto
1791 4019 2010 4090 peperit

418 4127 639 4167 rursum
664 4111 762 4166 Lia
803 4111 1043 4178 Isachar,
1075 4119 1131 4167 et
1158 4120 1281 4182 post
1310 4113 1459 4167 hunc
1508 4111 1776 4167 Zabulon.
1822 4130 1840 4162 δ
1869 4110 2007 4166 Cum

418 4205 605 4275 itaque
639 4202 708 4259 ad
758 4203 908 4259 hunc
932 4219 1227 4260 numerum
1279 4204 1536 4261 Israelitae
1575 4203 1957 4274 pervenissent
1990 4221 2003 4256 :

428 4318 445 4348 ε
462 4297 955 4361 Κοοοῐεάοῑυεεειρ
982 4296 1179 4368 inquit,
1211 4315 1229 4345 ο
1256 4298 1401 4352 Deus
1415 4296 1643 4362 Rachel,
1660 4296 2010 4352 etexaudivit

415 4403 536 4445 eam
557 4387 847 4455 Dominus,
881 4397 938 4444 et
977 4389 1335 4461 aperuitejus
1372 4389 1618 4451 vulvam.
1663 4389 2009 4458 concipiens-

416 4495 524 4550 quc
553 4481 768 4550 peperit
786 4480 958 4535 ﬁlium
988 4480 1212 4537 Iacobo.
1238 4481 1386 4536 Dixit
1408 4490 1592 4536 autem
1617 4481 1849 4537 Rachel:
1868 4482 2009 4537 Abs-

420 4572 547 4630 tulit
580 4586 611 4626 a
660 4588 748 4627 me
772 4574 916 4627 Deus
952 4589 1110 4628 meus
1145 4573 1542 4644 opprobrium;
1571 4582 1630 4628 et
1651 4574 1869 4628 vocavit
1909 4590 2008 4629 no-

2116 3375 2293 3447 ἀγρῷ,
2327 3376 2423 3429 καὶ
2468 3375 2700 3448 ἦνεγκεν
2751 3374 2893 3429 αὐτὰ
2943 3375 3081 3446 πρὸς
3135 3375 3304 3431 Λείαν
3365 3376 3470 3446 τὴν
3512 3375 3729 3446 μητέρα

2116 3467 2304 3522 αὑτοῦ.
2347 3462 2483 3521 Eine
2529 3467 2585 3519 δὲ
2616 3466 2818 3538 Ῥαχὴλ
2862 3469 2929 3538 τῇ
2972 3467 3108 3537 Λεία
3137 3469 3204 3537 τῇ
3242 3467 3463 3539 ἀδελφῇ
3516 3467 3719 3537 αὐτῆς·

2116 3561 2215 3625 Δίς
2246 3578 2335 3632 μοι
2355 3560 2466 3614 τῶν
2489 3559 2885 3633 μανδραγορῶν
2914 3560 3008 3614 τοῦ
3031 3559 3148 3613 υἱοῦ
3181 3575 3300 3613 σου’
3330 3557 3462 3615 εἶπε
3491 3560 3551 3614 δὲ
3573 3560 3729 3614 Λεία’

2117 3657 2228 3724 ΟΞχ
2266 3654 2448 3709 ἱκανόν
2489 3670 2570 3706 σοι
2613 3654 2694 3706 ὅτι
2727 3651 2921 3717 ἔλαϐες
2962 3652 3053 3706 τὸν
3106 3652 3276 3723 ἄνδρα
3328 3671 3463 3725 μου,
3510 3653 3590 3725 μὴ
3640 3652 3735 3706 καὶ

2114 3747 2239 3809 τοὺς
2266 3745 2643 3817 μανδραγόρας
2667 3743 2776 3798 ποῦ
2807 3744 2925 3800 υἱοῦ
2960 3762 3060 3815 μου
3083 3744 3266 3818 λήψῃς
3305 3743 3449 3799 Εἷπε
3493 3747 3553 3799 δὲ
3608 3747 3727 3799 'Pa-

2116 3836 2240 3907 χήλ,
2281 3837 2393 3906 Οὐχ
2442 3835 2637 3900 οὕτως’
2690 3835 3015 3908 κοιμηθήτω
3065 3837 3200 3906 μετὰ
3252 3836 3353 3890 σοῦ
3414 3837 3521 3909 τὴν
3558 3836 3736 3891 νύκτα

2115 3926 2322 3997 ταύτην
2350 3928 2471 3981 ἀντὶ
2493 3928 2603 3980 τῶν
2624 3926 3015 3998 μανδραγορῶν
3047 3926 3140 3979 τοῦ
3173 3926 3295 3980 υἱοῦ
3328 3945 3459 3983 σου.
3495 3927 3734 3998 Εἰσῆλθ³

2115 4019 2173 4072 δὲ
2215 4019 2409 4073 Ἰακὼό
2462 4020 2521 4084 ἐξ
2564 4018 2740 4091 ἀγροῦ
2778 4019 3044 4090 ἑσπέρας,
3079 4019 3173 4072 καὶ
3224 4017 3433 4089 ἐξῆλθε
3482 4020 3624 4076 Λεία
3657 4022 3737 4085 εἰς

2119 4114 2445 4185 συνάντησιν
2500 4112 2676 4184 αὐτῷ,
2700 4113 2794 4167 καὶ
2824 4107 2967 4166 εἷπε
3008 4112 3151 4182 Πρός
3187 4129 3253 4182 με
3297 4114 3607 4188 είσελεύσῃ
3644 4116 3750 4184 σὴς-

2121 4222 2306 4279 μερον.
2338 4205 2710 4277 Μεμίσθωμαι
2747 4206 2858 4277 γάρ
2887 4221 2947 4258 σε
2997 4204 3117 4259 ἀντὶ
3151 4204 3259 4258 τῶν
3315 4206 3739 4278 μανδραγορῶν

2115 4300 2208 4353 τοῦ
2245 4297 2364 4353 υίοῦ
2400 4314 2522 4370 μου.
2563 4290 2641 4352 Οὗ
2679 4297 2743 4369 δὴ
2791 4296 3109 4367 γεγονότος,
3161 4297 3362 4351 τὲτοκε
3395 4300 3573 4355 πάλιν
3605 4297 3740 4354 Λεία

2115 4391 2209 4446 τὸν
2236 4392 2478 4462 Ἰσαχαρ,
2530 4389 2618 4444 ἐπ’
2658 4387 2809 4460 αὐτῷ
2846 4389 2905 4443 δὲ
2945 4390 3040 4442 καὶ
3098 4387 3426 4445 Ζαϐουλὼν.
3462 4408 3482 4442 ι
3544 4389 3742 4444 Ἦκόνο

2115 4501 2226 4537 των
2254 4483 2312 4537 δὲ
2330 4482 2428 4553 ἤδη
2445 4482 2582 4556 πρὸς
2606 4480 2765 4535 τοῦτο
2785 4480 2972 4534 λοιπὸν
2992 4477 3228 4552 ἀριθμοῦ
3241 4480 3362 4533 τῶν
3388 4477 3459 4547 ἐξ
3495 4479 3742 4552 Ἰσραὴλ.

2124 4568 2142 4625 ὰ
2165 4572 2465 4644 Ἐμνήσθη,
2484 4591 2502 4623 t
2531 4571 2715 4643 φησὶν,
2732 4590 2750 4623 ι
2776 4573 2804 4625 ὁ
2832 4571 2964 4634 Θεὸς
2982 4569 3082 4640 τῆς
3116 4568 3348 4640 Ῥαχὴλ,
3376 4572 3482 4625 καὶ
3498 4572 3746 4643 ἐπήκου-

417 4679 545 4720 men
576 4663 698 4734 ejus
716 4664 940 4733 Ioseph,
970 4664 1164 4720 dicens
1191 4663 1453 4720 :Addidit
1476 4664 1614 4718 mihi
1647 4665 1792 4719 Deus
1833 4665 2008 4720 ﬁlium

2115 4682 2206 4719 σεν
2240 4663 2413 4735 αὐτῆς
2461 4662 2687 4734 Κύριος,
2732 4663 2829 4717 καὶ
2867 4661 3101 4732 ἀνέῳξεν
3139 4661 3317 4731 αὐτῆς
3355 4663 3467 4734 τὴν
3496 4666 3745 4735 μήτραν,

416 4758 653 4814 alterum
678 4756 744 4813 “.
777 4775 796 4809 ι
825 4756 1047 4827 Peperit
1072 4765 1255 4813 autem
1281 4755 1646 4827 praeterhunc
1671 4756 1837 4812 etiam
1858 4758 2005 4812 Ben-.-

411 4850 607 4922 jamin.
658 4849 737 4906 Ita
761 4864 893 4904 vero
932 4849 1002 4903 de
1042 4862 1106 4904 ea
1152 4864 1372 4903 rursum
1411 4848 1676 4919 scriptum
1718 4849 1955 4906 habetur
1987 4869 2002 4906 :

424 4960 443 4994 ι
480 4940 706 4997 Factum
729 4949 816 4997 est
843 4948 1028 4995 autem
1063 4954 1191 4994 cum
1229 4939 1695 5011 appropinquaret
1731 4939 2007 4997 Chabrata

415 5043 477 5089 ut
498 5035 604 5090 iret
632 5035 687 5090 in
708 5042 910 5089 terram
928 5033 1189 5105 prrata,
1211 5032 1485 5088 laboriose
1507 5033 1724 5104 peperit
1745 5032 1801 5088 in
1821 5043 2006 5104 partu.

416 5125 642 5182 Factum
682 5135 766 5181 est
789 5132 974 5180 autem
1016 5140 1145 5182 cum
1173 5124 1468 5181 diﬁiculter
1506 5134 1747 5195 pareret,
1773 5125 1914 5182 dixit
1954 5125 2008 5182 ei

418 5216 686 5273 obstetrix
715 5235 728 5271 :
756 5218 907 5273 Bono
935 5219 1121 5274 animo
1141 5219 1236 5274 sis.
1256 5219 1474 5275 Etenim
1488 5219 1580 5275 hic
1605 5219 1704 5274 tibi
1729 5227 1815 5275 est
1833 5218 1997 5277 ﬁlius.

416 5307 645 5364 Factum
672 5316 757 5363 est
781 5317 988 5373 autem,
1021 5324 1145 5365 cum
1165 5310 1448 5365 exhalaret
1471 5311 1710 5367 animam
1761 5312 2002 5383 (mortua

415 5400 566 5455 enim
592 5399 724 5467 est),
756 5400 975 5456 vocavit
1010 5414 1213 5456 nomen
1235 5403 1354 5472 ejus
1380 5420 1393 5455 :
1437 5403 1607 5459 Filius
1638 5404 1845 5459 doloris
1870 5405 1999 5458 mei.

419 5495 580 5552 Pater
602 5507 739 5550 vero
758 5493 972 5548 vocavit
991 5509 1117 5548 eum
1143 5493 1424 5565 Benjamin
1440 5495 1521 5567 θ’.
1563 5515 1581 5545 ι
1604 5495 1764 5566 ,λΕςι-ίξ
1781 5495 2003 5566 pariens

421 5586 602 5657 itaque
626 5584 831 5646 Rachel
852 5595 1088 5651 mortua,
1123 5585 1408 5642 doloribus
1436 5587 1721 5643 nobiscum
1760 5603 2005 5643 comma-

2115 4760 2209 4813 καὶ
2234 4755 2574 4813 συλλαϐοῦσα
2601 4755 2754 4810 ἔτεκε
2777 4755 2854 4826 τῷ
2899 4751 3094 4809 Ἰακὼό
3135 4753 3277 4809 υἱόν,
3323 4750 3475 4808 Εἶπε
3507 4756 3573 4809 δὲ
3618 4756 3746 4810 Ῥα-

2114 4850 2236 4922 χήλ·
2266 4847 2511 4919 Ἀφεῖλεν
2544 4848 2640 4902 ἀπ’
2679 4847 2814 4917 ἐμοῦ
2858 4849 2888 4901 ό
2936 4846 3069 4909 Θεός
3109 4863 3210 4917 μου
3245 4847 3316 4900 τὸ
3356 4848 3600 4912 ὄνειδος·
3650 4849 3749 4903 καὶ

2114 4942 2345 4996 ἐκάλεσε
2390 4940 2453 4994 τὸ
2489 4939 2660 5011 ὄνομα
2697 4937 2862 4992 αὐτοῦ
2905 4937 3124 5007 Ἰωσὴφ,
3200 4936 3498 5005 λέγουσα,-
3562 4941 3746 5013 Πρησ-

2116 5036 2276 5090 ἔθετό
2304 5051 2396 5106 μοι
2417 5034 2447 5087 ό
2470 5033 2602 5097 Θεὸς
2620 5033 2734 5086 υίὸν
2757 5032 2962 5104 ἕτερον.
2989 5048 3006 5082 t
3028 5030 3237 5083 Τέτοκε
3272 5029 3336 5083 δὲ
3372 5033 3526 5103 πρὸς
3565 5032 3752 5101 τούτῳ

2119 5127 2405 5197 Βενιαμίν.
2427 5127 2580 5196 Ἔχει
2601 5125 2657 5180 δὲ
2693 5123 2835 5178 οὕτω
2865 5123 3026 5177 πάλιν
3059 5121 3128 5175 τὰ
3165 5122 3257 5175 ἐπ’
3282 5123 3438 5195 αὐτῇ
3484 5142 3750 5197 γεγραμ-

2116 5196 2321 5291 μέναονι
2357 5219 2609 5289 Ἐγένετο
2668 5218 2757 5284 δὲ,
2815 5216 2980 5287 ἡνίκα
3033 5217 3231 5286 ἧγγισε
3299 5196 3611 5289 Χαδραδὰί
3649 5218 3753 5273 τοῦ

2112 5313 2288 5367 ἐλθεῖν
2317 5315 2400 5376 εἰς
2427 5312 2530 5383 γῆν
2579 5308 2847 5382 Ἑφραθᾶ,
2884 5308 3063 5360 ἔτικτε
3099 5308 3334 5377 Ῥαχήλ.
3371 5313 3494 5367 Καὶ
3520 5314 3750 5367 ὲδυστό-

2115 5420 2281 5473 κησεν
2304 5404 2362 5456 ὲν
2400 5402 2477 5470 τῷ
2507 5399 2714 5470 τοκετῷ
2736 5416 2749 5428 ο
2778 5397 3001 5466 ἐγένετο
3037 5397 3116 5461 δὲ,
3145 5397 3202 5451 ἐν
3226 5398 3315 5469 τῷ
3353 5402 3633 5477 σκληρῶς
3661 5406 3755 5459 αὑ.

2113 5496 2211 5567 τὴν
2240 5495 2467 5559 τίκτειν,
2514 5490 2669 5547 εἶπεν
2724 5491 2862 5562 αὐτῇ
2931 5489 3157 5561 ἡιμαίαο
3187 5488 3445 5561 Θάρσειδ
3493 5501 3597 5551 καί
3641 5497 3753 5568 γὰρ

2114 5582 2268 5652 οὗτός
2297 5588 2378 5646 σοί
2409 5587 2559 5638 ἐστιν
2584 5585 2718 5649 υἱός,
2758 5582 3009 5653 Ἐγένετο
3044 5582 3122 5649 δὲ,
3142 5583 3199 5634 ὲν
3236 5584 3326 5657 τῷ
3370 5590 3615 5659 ἀφιέναι
3648 5593 3750 5647 αὖ-

498 5763 521 5796 δ
564 5764 721 5825 Cant.
752 5785 810 5830 η,
842 5768 929 5829 Η,
1007 5770 1047 5800 ³³
1080 5768 1249 5829 Hebr.
1276 5770 1394 5834 κθ.
1475 5769 1519 5802 ⁸³
1558 5770 1694 5827 Gen.
1722 5790 1846 5839 xxx,
1873 5772 1928 5828 5.
2006 5774 2009 5800 ⁵

2117 5787 2206 5829 en.
2235 5789 2362 5839 xxx,
2396 5773 2424 5825 σί
2446 5773 2588 5829 i-ﬂi.
2668 5772 2709 5804 "
2736 5771 2851 5826 Gen
2899 5784 3055 5831 xxxv,
3088 5764 3287 5823 16—19.
