4034 6490
257 368 363 430 215

1185 403 1197 412 ’
1279 382 1808 442 CLAPHYRORUM
1849 383 1913 438 IN
1955 380 2255 440 GENESIM
2318 378 2579 440 LIB-IV.

3479 336 3601 443 ant

259 489 359 561 τὴν
394 489 502 562 τὴν
533 490 718 565 ψυχὴν
758 492 1098 567 (ἀπέθνησκε
1132 498 1289 572 γὰρ),
1332 501 1563 558 ἐκάλεσε
1608 501 1669 557 τὸ
1706 502 1879 573 ὄνομα

1999 500 2152 556 iibus
2176 500 2411 558 liberata
2448 510 2554 559 est.
2590 502 2766 573 Atque
2791 500 2868 561 ita
2907 499 3133 571 quidem
3160 497 3583 571 babet'geuera—

261 581 455 647 αὐτοῦ,
477 583 600 648 υἱὸς
636 584 834 655 ὀδύνης
858 604 983 658 μου.
1031 587 1091 646 ’0
1116 591 1173 646 δὲ
1198 591 1385 667 πατὴρ
1420 595 1684 650 ἐκάλεσεν
1710 592 1877 648 αὑτὸν

260 674 571 745 Βενιαμίν.
596 694 616 727 ι
657 678 1057 751 Δυστοκήσασα
1103 683 1284 738 τοίνυν
1314 686 1408 740 ἐπὶ
1452 687 1596 740 τέλει
1648 686 1875 758 Ῥαχὴλ,

256 768 347 820 ἐπ’
381 767 589 832 αὐταῖς
628 768 791 824 ὠδῖσι
820 771 931 827 τῶν
969 773 1090 828 καθ’
1126 778 1275 847 ἡμᾶς
1309 779 1711 851 ἀπηλλάττετο.
1746 774 1876 833 Ὧδε

256 860 363 929 μὲν
412 856 512 915 οὖν
546 860 663 933 ἔχει
693 863 803 918 τῶν
837 865 898 933 ἐξ
951 868 1199 942 ’ίακὼϐή
1237 871 1489 940 γένεσις·
1522 873 1658 929 ἀλλά
1694 875 1779 937 τίς
1812 874 1879 928 ἂν

254 950 345 1022 εἴη
380 951 500 1006 τῶν
540 958 958 1028 γεγραμμένων
988 963 1017 1014 ό
1052 962 1314 1018 ἐσωτάτω
1344 965 1491 1030 νοῦς,
1546 966 1714 1038 εἰδείη
1778 967 1879 1035 μὲν

1985 594 2062 647 tio
2096 592 2335 648 ﬁliorum
2363 593 2552 651 Jaoob.
2586 592 2861 650 Caeterum
2884 592 3137 664 quisnam
3161 591 3234 648 sit
3256 607 3453 649 eorum
3465 606 3590 663 quae

1983 686 2187 758 scripta
2240 696 2371 743 sunt
2428 686 2662 743 interior
2712 703 2927 753 sensus,
2982 687 3201 743 noverit
3254 685 3481 759 quidem
3543 685 3601 739 is

1982 778 2078 850 qui
2103 778 2287 834 omnia
2329 780 2503 845 novit,
2528 780 2585 835 in
2620 796 2732 851 quo
2758 796 2953 836 omnes
2984 789 3114 835 sunt
3153 799 3171 831 ί
3214 778 3466 837 thesauri
3496 794 3587 834 εον

1984 871 2209 941 pientiae
2247 880 2304 928 et
2336 870 2671 943 cognitionis
2690 871 3024 936 absconditi,
3054 889 3072 921 ›
3108 870 3254 925 sicut
3315 869 3600 939 scriptum

1984 973 2071 1021 est
2102 965 2164 1021 “.
2192 965 2306 1022 Nos
2358 981 2492 1021 vero
2527 966 2830 1022 subtilibus
2869 965 3048 1021 oculis
3075 965 3195 1020 haec
3246 963 3587 1026 intueamur,

259 1044 326 1098 ἀν
350 1045 529 1111 αὐτὸς
564 1050 595 1101 ὁ
619 1048 803 1104 πάντα
843 1051 1024 1117 εἰδὼς.
1066 1074 1084 1107 ι
1118 1056 1207 1109 Ἑν
1239 1050 1283 1126 ᾧ
1313 1058 1515 1123 πάντες
1544 1061 1683 1115 εἰσὶν
1722 1059 1883 1131 οίθη-

266 1139 461 1210 σαυροὶ
492 1140 601 1212 τῆς
643 1144 864 1211 σοφίας,
915 1147 1013 1200 καὶ
1052 1148 1153 1220 τῆς
1184 1149 1443 1216 γνώσεως
1491 1152 1826 1224 ἀπόκρυφοι,
1859 1171 1877 1204 ι

263 1230 409 1284 κατά
428 1231 493 1285 τὸ
520 1235 945 1307 γεγραμμένον.
976 1241 1213 1307 Λεπτοῖς
1240 1242 1296 1296 δὲ
1328 1245 1491 1314 ἡμεῖς
1514 1245 1883 1317 καταθρήσω-

263 1339 362 1391 μεν
402 1323 749 1407 ὀφθαλμοῖς,
780 1331 876 1383 καὶ
912 1331 1010 1402 τῆς
1072 1334 1129 1385 ὲν
1165 1335 1351 1400 αὐτοῖς
1389 1337 1586 1408 ἀχλύος
1620 1338 1682 1391 τὸ
1713 1339 1886 1409 πάχος

255 1418 615 1486 κατιεῖ-χνοῦν.
636 1419 712 1483 ὡς
730 1420 833 1487 ἔνι,
868 1423 1222 1496 πειρώμενοι,
1266 1427 1347 1499 τῷ
1376 1428 1627 1499 σοφοῦντι
1653 1448 1716 1483 τυ
1728 1430 1888 1498 eleb;

254 1508 444 1561 ἐκεῖνο
532 1510 818 1583 λέγωμεν·
885 1533 904 1566 ι
958 1516 1344 1588 Ἀποκάλυψον
1396 1523 1523 1584 τοὺς
1568 1521 1888 1592 ὀφθαλμούς

166 1624 175 1639 ο
254 1617 389 1668 μου,
422 1602 525 1654 καὶ
555 1606 885 1676 κατανοήσω
913 1608 985 1661 τὰ
1018 1609 1301 1681 θαυμάσια
1331 1613 1395 1663 ἐκ
1416 1610 1511 1664 τοῦ
1537 1612 1704 1683 νόμου
1734 1630 1881 1667 σου.»

251 1693 483 1748 οὐκοῦν
524 1697 816 1771 (ἐπανήξω
840 1701 1049 1774 γάρείς
1078 1704 1139 1756 τὸ
1173 1704 1230 1756 ὲν
1270 1705 1493 1775 ἀρχαῖς,
1518 1707 1612 1759 καὶ
1646 1706 1889 1776 ἀναμνή-

1986 1060 2371 1133 caliginisque,
2408 1074 2525 1132 qua
2547 1059 2728 1115 obsita
2756 1068 2908 1124 sunt,
2929 1059 3261 1114 densitatem
3295 1056 3588 1127 dissipare.

1987 1150 2169 1221 quoad
2196 1150 2315 1205 ﬁeri
2347 1158 2549 1222 potest,
2588 1159 2874 1214 conantes,
2916 1149 2965 1204 ei
2991 1149 3087 1219 qui
3120 1148 3465 1203 intellectum
3499 1146 3593 1201 dat

1988 1242 2169 1308 caecis,
2204 1241 2337 1297 illud
2363 1241 2611 1298 dicamus
2644 1259 2657 1295 :
2697 1260 2715 1293 ‹
2754 1239 2957 1318 Revela
2977 1239 3165 1294 oculos
3200 1254 3387 1303 meos,
3425 1236 3607 1293 etinw

1990 1333 2230 1405 telligam
2271 1333 2548 1389 mirabilia
2572 1349 2641 1388 ex
2678 1333 2798 1403 lege
2834 1341 2926 1387 tua
2957 1332 3084 1384 ".1
3120 1329 3390 1397 Quocirca
3422 1327 3607 1401 (relewr

1990 1442 2109 1481 ram
2141 1427 2287 1483 enim
2307 1443 2337 1481 a
2360 1427 2539 1498 capite
2571 1433 2980 1497 sermonem,et
3016 1422 3294 1496 quoddixi
3325 1421 3591 1493 repetam)

1992 1519 2147 1574 Liam
2179 1521 2405 1590 quidem
2443 1521 2719 1576 seniorem
2757 1520 3056 1592 Synagogze
3089 1514 3409 1572 Iudaeorum
3440 1528 3593 1569 com-

1993 1611 2560 1681 parandam;Rachel
2600 1627 2735 1668 vero
2774 1611 2950 1682 ipsam
2980 1609 3228 1681 gentium
3288 1605 3595 1663 Ecclesiam

1992 1720 2113 1761 esse
2149 1705 2608 1761 existimabimus.
2645 1704 3091 1760 Fundamentum
3113 1700 3297 1771 itaque
3329 1697 3599 1770 quodam»

251 1803 337 1839 σω
382 1787 558 1841 πάλιν
595 1784 674 1844 ὧν
713 1792 898 1864 ἔφην),
927 1794 1095 1848 Λείαν
1128 1796 1225 1867 μὲν
1245 1797 1344 1868 τὴν
1380 1798 1786 1870 πρεσϐυτέραν,
1817 1802 1884 1869 τῇ

1999 1797 2163 1853 modo
2186 1799 2463 1854 sermonis
2485 1799 2757 1870 jacientes
2781 1797 2976 1852 harum
3006 1810 3191 1850 rerum
3224 1792 3411 1856 ﬁdem,
3464 1790 3598 1846 reli-

245 1879 370 1932 τῶν
414 1880 700 1937 Ἰουδαίων
761 1886 1066 1960 Συναγωγῇ
1125 1892 1536 1961 παρεικαστέον
1597 1886 1656 1945 εὖ
1707 1891 1887 1963 μάλα·

1999 1908 2103 1963 qua
2129 1901 2599 1963 superstruamus.

262 1972 482 2047 'Paz‘igl
526 1973 587 2028 δὲ
626 1976 830 2047 αὐτὴν.
867 1979 979 2031 τῶν
1017 1980 1189 2033 ὲονῶν
1250 1981 1583 2051 Ἐκκλησίαν
1617 1962 1887 2055 ὑπάρχειν
1928 1962 2343 2055 ὑποληψόμεθαξ
2404 1986 2667 2055 Κρηπίδα
2699 1984 2756 2038 δὲ
2789 1983 2984 2057 ὥσπερ
3044 1979 3447 2054 προῦποθέντες
3489 1975 3598 2030 τῶν

255 2064 445 2132 λόγων
478 2066 584 2137 τὴν
618 2068 716 2121 ἐπὶ
741 2068 880 2141 τῷδε
914 2071 1121 2136 πίστιν,
1151 2075 1220 2128 τὰ
1268 2072 1434 2128 λοιπά
1473 2078 1966 2148 προσποιήσωμεν.
3542 2065 3549 2070 δ

344 2158 411 2211 θ’.
462 2160 671 2215 Τέτοκε
726 2163 908 2218 τοίνυν
934 2167 968 2237 ἡ
1010 2166 1145 2220 Λεία
1180 2167 1373 2240 πρώτη
1423 2169 1724 2240 τέσσαρας,
1769 2166 1892 2224 εἶτα

265 2254 481 2322 μεταξὺ
540 2255 846 2324 γεγόνασιν
878 2260 944 2312 ἐκ
989 2259 1137 2314 δυοῖν
1169 2260 1533 2334 θεραπαίναιν
1567 2262 1782 2327 Βάλλας
1829 2280 1892 2316 τε

260 2348 364 2400 καὶ
426 2347 673 2417 Ζελφᾶς,
732 2350 917 2423 ἕτεροι
973 2351 1265 2425 τέσσαρες.
1319 2354 1542 2426 Ἐπειδὴ
1584 2354 1643 2409 δὲ
1676 2357 1803 2420 τοὺς
1834 2354 1894 2409 ἐν

254 2442 466 2511 ἀγροῖς
526 2442 879 2514 εὑρημένους
943 2445 1100 2518 ποιρά
1160 2446 1423 2519 Ῥουϐεὶμ
1504 2448 1893 2521 μανδραγόρας

252 2534 624 2606 διενείμαντο
649 2536 789 2611 πρὸς
819 2537 1058 2609 ἀλλήλας
1090 2541 1227 2595 Λεία
1247 2559 1303 2595 τε
1336 2542 1433 2597 καὶ
1473 2543 1697 2616 Ῥαχὴλ,
1723 2544 1894 2617 ἄμφω

256 2625 541 2697 γεγόνασι
576 2628 839 2701 μητέρες·
868 2631 965 2685 καὶ
1001 2632 1176 2686 τίκτει
1210 2634 1310 2705 μὲν
1334 2634 1467 2688 Λεία
1493 2636 1631 2710 πρὸς
1659 2638 1895 2704 ἐκείνοις

254 2720 380 2782 τοῖς
420 2718 696 2792 τέσσαρσι
726 2720 820 2775 τὸν
849 2722 1097 2798 Ίσάχαρ,
1133 2726 1162 2780 δ
1196 2727 1317 2781 ἐστι
1341 2729 1587 2798 μισθός·
1634 2725 1756 2784 εἶτα
1801 2730 1889 2787 τὸν

258 2809 589 2896 Ζαϐουλδον,
618 2811 647 2867 ὃ
685 2814 946 2884 σημαίνει
976 2816 1140 2871 πάλιν
1167 2819 1611 2892 ἑρμηνευόμενον
1643 2824 1897 2896 εὐλογία

259 2921 323 2958 τε
356 2905 458 2960 καὶ
488 2892 724 2964 εὖοδία.
754 2909 966 2963 Τέτοκε
991 2910 1048 2965 δὲ
1075 2911 1171 2965 καὶ
1225 2911 1430 2986 Ῥαχὴλ
1461 2910 1553 2968 τὸν
1601 2892 1827 2988 Ἰωσὴφ..
1865 2917 1895 2972 ὃ

262 3002 391 3052 ἐστι
441 3000 777 3069 προσθήκη
817 3000 994 3056 Θεοῦ.
1028 3003 1141 3057 Καὶ
1178 3004 1313 3075 μετ’·
1335 3006 1501 3060 αὐτὸν
1544 3009 1602 3061 ὲν
1634 3007 1776 3061 τέλει
1804 3007 1897 3062 τὸν

265 3091 468 3145 Βενονὶ
517 3092 624 3157 Η),
672 3092 703 3146 ὅ
731 3093 851 3146 ἐστι
888 3092 1023 3159 υἱὸς
1071 3094 1315 3164 ὀδύνης.
1373 3098 1575 3171 Πρώτη
1638 3100 1740 3170 μὲν
1787 3100 1897 3174 γὰρ

267 3184 555 3239 ἐτέκνωσε
603 3182 684 3256 τῷ
734 3184 857 3257 Θεῷ
903 3186 1007 3258 τὴν
1067 3186 1178 3241 τῶν
1209 3189 1484 3245 Ἰουδαίων
1514 3191 1727 3264 πληθὺν
1772 3195 1804 3265 ἡ
1839 3195 1897 3249 ἐν

2064 2171 2116 2227 9.
2148 2172 2375 2243 Peperit
2405 2172 2575 2245 igitur
2605 2172 2702 2228 Lia
2734 2173 2885 2244 prior
2914 2185 3156 2242 quatuor
3179 2171 3341 2227 ﬁlios.
3372 2163 3600 2225 Interim

1991 2267 2109 2323 nati
2165 2277 2292 2323 sunt
2340 2282 2408 2322 ex
2456 2267 2674 2323 duabus
2708 2265 2926 2322 ancillis
2971 2266 3122 2323 Balla
3141 2274 3198 2325 et
3247 2264 3454 2334 Zelpha
3506 2262 3599 2319 alii

1993 2368 2253 2431 quatuor.
2288 2359 2587 2431 Postquam
2621 2376 2755 2416 vero
2778 2361 3031 2417 inventas
3072 2376 3103 2415 a
3140 2359 3338 2414 Ruben
3378 2358 3435 2413 in
3457 2354 3604 2427 agris

1994 2452 2390 2524 mandragoras
2421 2452 2566 2509 inter
2594 2469 2653 2508 se
2710 2453 2929 2524 partita:
2980 2459 3108 2507 sunt
3146 2450 3245 2507 Lia
3286 2459 3343 2505 et
3372 2446 3599 2510 Rachel.

1995 2554 2231 2617 utraque
2269 2545 2413 2601 facta
2452 2553 2538 2602 est
2567 2553 2746 2601 mater
2779 2553 2872 2600 :et
2892 2543 3044 2615 parit
3076 2542 3304 2615 quidem
3333 2541 3431 2598 Lia
3459 2556 3602 2613 pta}-

1996 2648 2082 2695 ter
2135 2649 2377 2711 quatuor
2424 2639 2549 2693 illos
2593 2638 2836 2705 lsachar,
2883 2638 2979 2709 qui
3027 2635 3303 2708 signiﬁcat
3355 2650 3554 2690 merces
3585 2651 3611 2698 ,1

1998 2727 2160 2799 132
2199 2728 2401 2784 deinde
2442 2726 2716 2793 Zabulon,
2754 2728 2903 2799 quod
2932 2743 3151 2783 rursum
3187 2725 3233 2783 si
3264 2725 3601 2796 interprete-
3633 2736 3641 2745 '

1998 2819 2097 2877 ris.
2138 2818 2414 2892 signiﬁcat
2445 2820 2754 2886 benedictio,
2786 2820 3100 2876 etsuavitas
3135 2819 3333 2874 odoris.
3381 2818 3604 2889 Peperit

1998 2926 2183 2968 autem
2223 2913 2389 2969 etiam
2416 2912 2622 2969 Rachel
2643 2912 2869 2983 Ioseph,
2902 2912 3049 2983 quod
3074 2911 3349 2984 signiﬁcat
3375 2910 3604 2966 accretz’o

1999 3004 2118 3069 Dei,
2141 3012 2197 3059 et
2224 3012 2350 3076 post
2380 3005 2532 3059 hunc
2564 3004 2632 3060 ad
2657 3012 2966 3059 extremum
3000 3002 3309 3073 Benjamin,
3345 3001 3495 3074 quod
3526 2999 3605 3055 si—

2000 3096 2225 3169 gniﬁcat
2249 3096 2395 3168 ﬁlius
2425 3096 2643 3152 doloris.
2677 3095 2861 3152 Prima
2900 3095 3050 3151 enim
3091 3094 3234 3149 ﬁlios
3258 3092 3478 3165 peperit
3493 3092 3607 3148 Deo

2000 3191 2318 3247 Iudaeorum
2349 3189 2764 3247 multitudinem
2804 3189 2992 3245 senior
3047 3196 3316 3259 tempore,
3343 3186 3449 3242 hoc
3500 3194 3604 3251 est,

267 3281 457 3353 χρόνῳ
485 3281 870 3353 πρεσϐυτέρα,
896 3283 1205 3351 τουτέστιν,
1241 3286 1275 3357 ἠ
1320 3286 1647 3361 Συναγωγή.
1689 3289 1815 3344 Ὅτι
1841 3289 1894 3345 δὲ

2003 3284 2307 3358 Synagoga.
2348 3282 2507 3352 Quod
2538 3297 2673 3338 vero
2702 3297 2798 3338 eos
2825 3281 2921 3353 qui
2942 3298 3009 3337 ex
3044 3281 3160 3353 ipsa
3184 3279 3445 3344 ortisunt,
3467 3277 3608 3334 ﬁlios

266 3376 397 3441 τοὺς
423 3375 490 3442 ἐξ
531 3376 708 3448 αὐτῆς
736 3377 1057 3446 γεγονότας,
1088 3378 1242 3444 υἱοὺς
1268 3380 1455 3434 ἐκάλει
1470 3380 1623 3447 Θεὸς,
1645 3383 1894 3455 συνήσεις

2003 3377 2217 3435 vocarit
2250 3378 2419 3439 Deus.
2441 3376 2649 3448 optime
2672 3375 2966 3447 intelliges,
3006 3373 3228 3429 dicente
3255 3373 3374 3445 ipso
3398 3372 3465 3428 ad
3490 3371 3608 3427 Mo-

268 3464 328 3522 εὗ
357 3469 549 3540 μάλα,
588 3469 732 3542 πρὸς
754 3470 968 3525 Μωσέα
999 3471 1097 3543 μὲν
1121 3470 1393 3542 λέγοντος·
1431 3493 1449 3526 ι
1468 3472 1595 3538 Υἱὸς
1622 3475 1894 3550 πρωτότο-

2008 3487 2126 3529 sem
2158 3488 2172 3525 :
2197 3491 2215 3523 ι
2242 3471 2414 3527 Filius
2440 3469 2846 3542 primogenitus
2865 3484 3023 3523 meus
3043 3466 3213 3524 Israel
3241 3468 3306 3522 ⁸⁸.
3338 3486 3356 3519 ι
3380 3466 3605 3522 Necnon
3638 3480 3646 3490 '

264 3563 367 3630 κός
404 3581 516 3638 μου
538 3563 784 3636 Ἰσραήλ.
824 3584 842 3616 ι
881 3565 982 3620 Διά
1016 3582 1077 3634 γε
1111 3566 1298 3638 φωνῆς
1336 3559 1583 3622 Ἦσαῗου·
1622 3588 1640 3620 ι
1674 3570 1894 3638 Ἀκουε,

2006 3580 2107 3635 per
2128 3579 2321 3619 vocem
2340 3563 2495 3619 Isaiae
2520 3580 2533 3617 :
2568 3582 2586 3613 ι
2613 3561 3015 3627 Audi,coelum,
3038 3569 3094 3616 et
3109 3559 3341 3616 auribus
3357 3558 3607 3630 percipe.

265 3656 501 3728 οὐρανὲ.
563 3658 660 3711 καὶ
695 3656 979 3724 ὲνωτίζου,
1016 3659 1049 3728 ἡ
1085 3657 1182 3728 γῆ·
1234 3660 1317 3712 ὅτι
1352 3659 1559 3733 Κύριος
1609 3662 1894 3734 ἐλάλησεν·

2008 3667 2175 3720 terra,
2195 3654 2609 3727 quiaDominus
2628 3654 2849 3710 loeutus
2872 3661 2977 3709 est.
3002 3652 3170 3709 Filios
3190 3652 3357 3723 genui
3382 3652 3610 3708 etexal-

272 3750 446 3814 l’iob;
488 3750 772 3827 ἐγέννησα
800 3751 898 3804 καὶ
931 3749 1146 3821 ὕψωσαο
1182 3752 1338 3805 αὐτοὶ
1363 3752 1421 3806 δέ
1449 3770 1516 3824 με
1542 3753 1839 3826 ἠθέτησαν.
1876 3775 1894 3809 ι

271 3845 433 3917 Πλὴν
452 3846 543 3900 ὃτι
570 3844 941 3915 γεγεννηνται
971 3845 1072 3917 μὲν
1094 3845 1161 3914 λὲξ
1191 3846 1496 3921 ἐλευθέρων
1526 3848 1614 3902 διά
1630 3851 1758 3915 τοὺς
1791 3867 1901 3904 πα-

271 3938 465 4011 τέρας,
506 3934 595 4005 οἷς
629 3939 733 3993 οὐκ
777 3939 1084 4013 ἐπέρριπτε
1117 3940 1208 3994 τὸν
1240 3943 1305 3995 ὲκ
1365 3941 1533 4013 νόμου
1579 3940 1767 4013 ζυγόν·
1799 3943 1902 4016 τὴν

272 4033 381 4104 γάρ
409 4049 501 4086 τοι
532 4031 648 4085 τῶν
676 4032 935 4105 πατέρων
985 4033 1308 4106 ἐλευθερίαν
1360 4035 1455 4089 καὶ
1495 4035 1659 4097 αὐτὸς
1700 4038 1835 4109 ἡμῖν
1873 4039 1902 4091 ὁ

278 4126 579 4189 θεσπέσιος
602 4124 822 4190 Παῦλος
854 4127 1170 4199 παρέδειεε,
1211 4127 1409 4198 λέγων·
1450 4146 1469 4179 ι
1505 4125 1652 4198 Ἐγὼ
1678 4130 1735 4183 δὲ
1761 4129 1900 4194 ἔζων

278 4218 448 4290 χωρὶς
503 4218 676 4288 νόμου
726 4217 881 4271 ποτέ.
916 4237 936 4270 ι
996 4219 1092 4285 Τὸ,
1127 4219 1264 4288 ἐγὼ,
1310 4222 1377 4293 τῇ
1428 4220 1553 4293 ῥίζῃ
1579 4218 1674 4274 τοῦ
1709 4221 1902 4290 γένους

276 4310 591 4377 ἀνατιθεὶς,
629 4311 724 4365 καὶ
748 4313 871 4375 ταῖς
909 4310 1020 4365 τῶν
1042 4312 1297 4384 πατέρων
1326 4313 1585 4369 ἀνάπτων
1609 4313 1895 4383 κεφαλαῖς.

276 4408 401 4463 ὐτι
427 4407 488 4464 δὲ
511 4405 768 4477 ἔμελλον,
800 4406 906 4460 κᾶν
932 4407 982 4460 εί
1013 4406 1305 4476 γεγόνασιν
1325 4404 1385 4474 ἐξ
1436 4406 1764 4480 ἐλευθέρων,
1803 4407 1899 4462 τὸν

272 4501 372 4572 τῆς
402 4499 559 4557 κατά
590 4498 761 4570 νόμον
786 4499 1038 4563 δουλείας
1079 4498 1516 4571 ὑποδραμεῖσθαι
1567 4500 1755 4569 ζυγὸν,
1790 4517 1898 4553 πα-

278 4593 589 4663 ραδείξειεν
620 4592 689 4646 ἂν
714 4593 848 4665 ἡμῖν
880 4592 1303 4663 αἰνιγματωδῶς
1335 4593 1368 4665 ἡ
1398 4592 1783 4662 γειτονεύουσα
1804 4593 1898 4647 καὶ

274 4685 716 4760 παρεζευγμένη
749 4686 966 4755 γένεσις
996 4686 1105 4739 τῶν
1131 4686 1438 4759 τεσσάρων,
1462 4686 1512 4740 οἳ
1554 4686 1650 4740 καὶ
1673 4688 1901 4756 γεγόνα-

275 4799 363 4837 σιν
403 4782 473 4837 ἐκ
501 4779 882 4852 θεραπαινῶν.
916 4780 1062 4835 Ἀλλ’
1104 4780 1222 4835 ἐστι
1266 4798 1321 4836 τι
1355 4782 1450 4837 καὶ
1483 4783 1542 4836 ὲν
1576 4782 1761 4845 αὐτοῖς
1794 4799 1900 4852 μυ-

274 4878 531 4950 στήριον.
562 4877 629 4929 Οἱ
669 4873 769 4947 μὲν
790 4873 901 4946 γὰρ
944 4877 1010 4929 ὲκ
1046 4875 1282 4940 Βάλλας.
1317 4863 1425 4930 Άάν
1454 4893 1515 4930 τε
1549 4876 1643 4930 καὶ
1674 4875 1897 4947 Νεφθα-

274 4974 424 5043 ιειμ,
462 4970 857 5041 ἐπεγράφοντο
897 4973 965 5044 τῇ
1008 4972 1230 5046 Ῥαχήλ’
1261 4973 1312 5027 οῖ
1356 4973 1415 5028 δέ
1453 4991 1517 5044 γε
1543 4975 1644 5040 τῆς
1669 4974 1903 5045 Zama"

274 5066 383 5120 Γὰδ
423 5065 526 5120 καὶ
551 5061 767 5134 ’Ᾱσὴρ,
797 5064 1180 5137 ἐπεγράφοντο
1227 5069 1295 5138 τῇ
1351 5066 1507 5139 Λεία,
1554 5067 1785 5121 καὶτῶν
1843 5069 1909 5121 ἐκ

275 5158 494 5223 Βάλλας
521 5151 671 5228 ἦσαν
693 5156 1121 5229 όψιγενέστεροι.
1150 5159 1316 5228 Ἀλλ’,
1334 5155 1490 5230 οἶμαί
1524 5178 1651 5224 που,
1688 5160 1909 5229 πάντως

271 5252 705 5324 ὶπαπορήσειεν
747 5249 813 5304 ἄν
844 5268 954 5314 τις.
1006 5251 1102 5305 καὶ
1133 5252 1278 5325 μάλα
1304 5254 1569 5320 εἰκότως,
1601 5252 1719 5318 πῶς
1748 5253 1815 5309 ἂν
1855 5254 1905 5307 οί

270 5347 336 5398 ἐκ
358 5342 589 5413 δούλης,
636 5340 786 5411 φημὶ
834 5343 935 5412 τῆς
970 5339 1202 5407 Βάλλας,
1243 5345 1641 5416 ὲπιγράφοιντο
1661 5346 1726 5416 τῇ
1778 5344 1907 5398 Ῥα-

272 5436 397 5507 1+9.-
450 5433 645 5489 καίτοι
696 5432 797 5503 τῆς
835 5428 897 5496 ἐξ
940 5431 1112 5487 ἐθνῶν
1144 5433 1478 5506 Ἐκκλησίας
1524 5433 1909 5507 ἀποπληροῦσι

274 5533 362 5586 eos:
396 5530 605 5584 τύπον.
638 5526 706 5580 Τί
733 5522 831 5581 οὖν
860 5526 1000 5598 πρὸς
1021 5527 1181 5582 τοῦτό
1205 5546 1424 5601 φαμενς
1465 5530 1588 5584 ’Ότι
1618 5528 1910 5598 γεγόνασιν

274 5624 331 5678 ιν
365 5624 584 5696 ἀρχαῖς
636 5621 688 5674 οἱ
738 5619 1011 5694 μακάριοι
1060 5622 1344 5694 προφῆται
1399 5622 1910 5695 καταριθμούμενοι

2008 3749 2140 3815 tavi,
2177 3749 2281 3821 ipsi
2311 3756 2496 3806 autem
2533 3756 2970 3820 spreveruntme
3008 3746 3074 3803 δ’.
3116 3767 3134 3800 ι
3171 3746 3445 3804 Praeterea
3478 3749 3607 3819 quia

2005 3844 2177 3918 geniti
2201 3853 2332 3901 sunt
2351 3860 2419 3900 ex
2434 3843 2648 3909 liberis,
2672 3841 2797 3898 ideo
2817 3841 2966 3913 quod
2989 3841 3243 3913 patribus
3259 3840 3507 3912 ipsorum
3529 3830 3608 3898 ιὸ-

2005 3940 2089 4011 gis
2111 3940 2307 4012 jugum
2332 3937 2653 4010 impositum
2694 3952 2807 3993 non
2830 3945 2979 3992 esset
3004 3953 3017 3991 :
3047 3934 3257 3992 idcirco
3286 3944 3507 4006 patrum
3536 3934 3609 3990 li-

2005 4033 2278 4090 bertatem
2291 4032 2459 4089 etiam
2485 4032 2602 4103 ipse
2624 4031 2790 4086 nobis
2812 4029 3037 4085 divinus
3059 4029 3263 4085 Paulus
3282 4028 3608 4095 declaravit,

2005 4127 2231 4183 dicens:
2265 4144 2283 4177 ‹
2306 4125 2421 4197 Ego
2442 4116 2627 4180 autem
2648 4122 2903 4180 vivebam
2921 4124 3041 4179 sine
3063 4122 3183 4194 lege
3200 4121 3603 4193 aliquando”.i

2003 4220 2146 4279 Illud
2171 4237 2285 4292 ego,
2311 4217 2379 4274 ad
2405 4218 2648 4273 radicem
2670 4216 2890 4289 generis
2911 4215 2994 4271 sui
3018 4214 3287 4281 referens,
3311 4224 3367 4270 et
3386 4214 3612 4287 majori-

2004 4316 2111 4371 bus
2122 4309 2719 4379 suisascribens.Quod
2741 4318 2926 4365 autem
2946 4309 3164 4364 etiamsi
3187 4324 3255 4364 ex
3277 4308 3472 4365 liberis
3492 4310 3606 4365 nati

2003 4415 2213 4472 essent,
2237 4405 2431 4478 legalis
2460 4403 2748 4461 servitutis
2769 4403 2961 4474 jugum
2982 4400 3226 4457 subituri
3249 4400 3609 4478 essent,ﬁgu-_

2002 4508 2121 4555 rate
2149 4497 2311 4553 nobis
2337 4496 2613 4568 signiﬁcat
2642 4492 2860 4549 vicinus
2884 4500 3043 4548 ortus
3080 4492 3315 4547 aliorum
3343 4500 3602 4563 quatuor,

2003 4593 2098 4665 qui
2118 4592 2231 4649 nati
2249 4601 2382 4647 sunt
2403 4604 2469 4645 ex
2490 4587 2727 4643 ancillis.
2754 4586 3029 4643 Caeterum
3050 4585 3186 4641 latet
3207 4584 3420 4656 aliquid
3441 4585 3496 4640 in
3518 4584 3605 4642 his

2003 4686 2274 4762 mysterii.
2347 4681 2472 4738 Filii
2529 4681 2680 4737 enim
2737 4679 2902 4735 Ballae
2952 4679 3070 4735 Dan
3119 4685 3177 4733 et
3249 4677 3603 4747 Nepbthalim

2008 4779 2233 4852 ascripti
2278 4785 2409 4837 sunt
2444 4774 2705 4843 Racheli;
2740 4773 2962 4846 Zelpbae
3018 4788 3152 4830 vero
3191 4772 3310 4830 Gad
3369 4781 3425 4829 et
3464 4773 3606 4829 Aser

2006 4873 2234 4946 ascripti
2275 4872 2407 4927 Lize.
2440 4870 2510 4927 Et
2542 4885 2610 4925 ex
2643 4868 2792 4925 Balla
2814 4875 2975 4923 erant
3003 4866 3218 4922 tardius
3246 4865 3435 4938 geniti.
3472 4864 3601 4932 Sed,

2003 4967 2226 5038 opinor,
2278 4968 2494 5035 quaerat
2516 4961 2663 5031 quis,
2724 4974 2831 5014 nec
2854 4957 3077 5029 injuria,
3100 4955 3380 5026 quomodo
3400 4971 3430 5011 e
3455 4955 3606 5014 Bella

2005 5058 2205 5115 ancilla
2233 5056 2349 5130 nati
2381 5051 2612 5109 Raeheli
2660 5049 3030 5113 ascribantur,
3071 5056 3129 5103 et
3150 5048 3380 5119 implere
3400 5061 3604 5117 queant

2006 5159 2197 5224 typum
2232 5146 2497 5204 Ecclesia:
2525 5160 2594 5200 ex
2616 5141 2914 5215 gentibus?
2950 5140 3093 5210 Quid
3155 5141 3325 5212 igitur
3377 5138 3446 5197 ad
3502 5142 3607 5199 hoc

2007 5244 2258 5300 dicemus
2282 5240 2306 5293 *ἓ
2326 5237 2483 5309 Quod
2506 5235 2716 5292 fuerint
2743 5233 2904 5289 initio
2933 5232 3083 5289 beati
3110 5233 3398 5304 prophetae
3424 5249 3607 5290 annu-

2005 5333 2205 5391 merati
2248 5330 2477 5403 quidem
2532 5328 2681 5384 inter
2734 5326 2879 5382 ﬁlios
2928 5340 3102 5381 servae
3127 5325 3475 5394 Jerusalem;
3509 5326 3607 5382 lilii

2006 5438 2190 5485 autem
2212 5433 2365 5482 certo
2391 5422 2556 5479 modo
2578 5429 2741 5476 erant
2768 5420 3032 5476 Ecclesiae
3068 5436 3136 5475 ex
3182 5419 3460 5492 gentlbus.
3498 5417 3607 5475 Co-

2007 5518 2257 5593 gitabant
2276 5514 2425 5571 enim
2453 5527 2577 5584 quae
2598 5511 2720 5584 ejus
2736 5519 2887 5578 sunt,
2911 5510 3160 5567 dicentes
3185 5509 3605 5572 monstrandrm

2006 5631 2150 5679 esse,
2199 5622 2364 5681 atque
2407 5606 2737 5664 cﬁ‘ulsurum
2790 5622 3049 5662 successu
3106 5604 3372 5678 tempatis
3399 5599 3608 5660 Christi

343 5745 541 5801 “Col.
573 5760 632 5805 ιι,
661 5742 716 5798 5.
799 5739 847 5775 ⁸⁷
881 5719 1039 5798 Psal.-
1065 5760 1261 5812 cxvnt,
1304 5744 1353 5800 8.
1436 5743 1481 5777 “
1516 5744 1688 5800 Exod.
1734 5760 1804 5807 IV,
1847 5742 1894 5795 ΞΕ

2010 5738 2056 5770 ⁵⁸
2089 5736 2196 5793 lsa.
2221 5750 2262 5802 ι,
2285 5733 2340 5789 2.
2419 5730 2464 5762 ⁵ο
2490 5730 2649 5785 Boni.
2684 5743 2776 5791 vn,
2804 5725 2855 5780 9.

347 5912 428 5987 (ι)
464 5905 800 5982 chendum
854 5901 1078 5960 videtur
1124 5904 1410 5980 Βενιαμίν,
1450 5915 1511 5963 ut
1550 5902 1692 5963 intra
1718 5921 1772 5977 p.
1815 5902 1894 5960 151

1999 5909 2012 5958 ι
2050 5899 2334 5971 interpres
2371 5895 2558 5954 vertit.
2589 5894 2740 5952 Eutr.
