4034 6488
284 331 386 390 917

1281 319 1814 382 GLAPHYRORUM
1855 318 1921 375 IN
1961 321 2272 380 GENESIM
2336 325 2464 382 LIB.
2509 327 2596 383 IV.

3471 330 3588 386 2ίῆ

285 455 373 526 θὴς
408 447 480 515 εί,
515 452 616 507 καὶ
648 451 704 504 οὐ
732 447 886 522 μέλει
918 466 1001 502 σοι
1026 450 1154 521 περὶ
1173 450 1409 514 οὐδενός·
1437 450 1498 503 οὐ
1527 450 1634 520 γὰρ
1662 446 1860 518 βλέπω

1986 449 2137 504 enim
2167 450 2399 522 respicis
2416 464 2712 521 personam
2733 449 3042 516 hominum,
3069 451 3164 506 sed
3189 450 3333 506 viam
3358 451 3590 517 Domini»,

285 551 356 611 είς
381 545 682 616 πρόσωπον
716 541 1046 615 ἀνθρώπων,
1082 543 1200 598 ἀλλ’
1230 547 1317 598 ἐπ’
1341 542 1602 614 ἀληθείας
1633 543 1732 613 τὴν
1759 541 1877 594 ἁδὺν

280 639 367 694 τοῦ
397 636 537 691 Θεοῦ
573 636 866 700 διδάσκεις·
897 634 1078 701 ἔξεστι
1111 635 1295 691 δοῦναι
1319 637 1520 708 κῆνσον
1545 633 1805 703 Καίσαρι,
1840 632 1874 702 ἢ

282 731 367 798 05;
419 751 438 783 ι
468 730 796 802 Προσῄεσαν
835 728 894 782 δὲ
926 728 1307 802 πειράζοντες,
1351 730 1438 783 ἵνα
1472 726 1877 797 παγιδεύσωσιν

279 827 452 881 αὐτόν.
500 823 926 897 Μεμαρτύρηκε
954 825 1064 895 γὰρ
1095 825 1269 888 οὕτως
1307 825 1337 877 6
1389 822 1675 884 θεσπέσιος
1707 821 1875 889 εὐαγ-

279 917 546 988 γελιστής.
579 917 645 970 Οί
684 916 742 970 δὲ
777 916 1088 987 λημμάτων
1117 915 1280 969 ἕνεκα
1314 915 1411 969 καὶ
1443 913 1788 984 φιλοκερδίας
1813 913 1894 965 ού

285 1007 881 1082 παρεδέχοντοτδνυίόν.
901 1026 920 1060 ι
946 1009 1200 1080 Ἔφησαν
1227 1008 1360 1078 γὰρ,
1381 1026 1399 1059 ι
1432 1007 1618 1078 φησὶν,
1651 1009 1736 1059 «ἐν
1751 1006 1877 1059 ἐαυ-

283 1105 400 1166 τοίςο
425 1095 606 1163 Οὗτός
629 1103 780 1154 ἐστιν
807 1101 836 1153 6
854 1101 1216 1172 κληρονόμος,
1257 1098 1432 1164 δεῦτε,
1462 1099 1875 1168 ἀποκτείνωμεν

281 1195 443 1260 αὑτὸν,
491 1195 583 1247 ἵνα
620 1191 778 1265 ἡμῶν
827 1195 861 1263 ἠ
925 1194 1258 1266 κληρονομία
1289 1194 1536 1265 γένηται.
1594 1211 1614 1244 ι
1666 1192 1789 1246 ’Ότι
1817 1191 1880 1244 δὲ

281 1287 620 1358 φιλόπλουτοι
654 1287 752 1340 καὶ
779 1287 1118 1359 φιλοκερδεῖς
1148 1287 1288 1356 ἄγαν
1324 1288 1376 1340 οἱ
1409 1286 1694 1357 Φαρισαῖοι
1713 1284 1874 1354 γεγύ-

275 1400 404 1444 νασι,
431 1383 527 1435 καὶ
549 1381 615 1445 τὸ
646 1381 756 1434 τῶν
776 1381 1160 1452 Γραμματέων
1193 1380 1408 1433 ἀνόσιον
1436 1380 1645 1446 στῖφος,
1665 1376 1875 1436 κατίδοι

273 1492 348 1540 τις
380 1475 466 1541 ἂν,
498 1475 599 1528 καὶ
626 1475 754 1528 λίαν
780 1475 1041 1544 ἑτοίμως,
1065 1475 1177 1536 τοῖς
1206 1473 1334 1543 περὶ
1356 1470 1535 1525 αὐτῶν
1552 1469 1874 1540 γεγραμμέ-

273 1585 374 1631 νοις
393 1567 485 1622 τὸν
513 1567 650 1622 νοῦν
677 1566 860 1631 ἐνιείς.
892 1567 952 1618 ’0
989 1566 1088 1637 μὲν
1108 1565 1216 1636 γὰρ
1239 1564 1442 1636 Κύριος
1475 1562 1636 1634 ἡμῶν
1665 1561 1874 1633 Ἰησοῦς

274 1659 513 1723 Χριστὸς,
572 1657 976 1730 ἀπεμπολῆσαι
1057 1657 1168 1710 δεῖν
1231 1655 1440 1725 ἔφασκε
1485 1655 1578 1708 τὸν
1628 1656 1872 1723 ἐπίγειον

271 1752 484 1806 πλοῦτον
541 1755 669 1816 τοῖς
714 1749 788 1804 τὰ
824 1750 940 1804 ἀνω
970 1751 1188 1822 φρονεῖν
1218 1748 1542 1820 ᾑρημένοις,
1570 1748 1664 1802 καὶ
1697 1746 1876 1807 διανέφ

1983 538 2039 592 in
2082 540 2316 596 veritate
2365 541 2532 597 doces
2553 559 2586 611 ιε
2627 541 2758 596 licet
2799 540 2934 596 dare
2977 556 3206 596 censum
3241 541 3467 607 Caesari,
3505 560 3576 598 an

1981 633 2170 686 non“?
2193 659 2211 685 ι
2235 636 2596 692 Accesserant
2611 643 2796 691 autem
2817 643 3113 701 tentantes,
3134 626 3196 690 ut
3215 635 3585 706 illaquearcnt

1983 724 2184 795 ipsum.
2212 727 2291 782 lta
2319 729 2469 783 enim
2505 736 2737 785 testatus
2765 737 2849 784 est
2877 729 3102 784 divinus
3125 731 3484 801 evangelista.
3509 730 3586 784 Hi

1979 832 2118 872 vero
2151 828 2396 887 quaestus
2449 821 2534 874 sui
2583 836 2748 878 causa
2797 837 2910 876 non
2958 831 3326 891 susceperunt
3375 821 3571 878 ﬁlium.

1989 932 2007 964 ι
2040 913 2311 967 Dixerunt
2336 915 2507 980 enim,
2536 916 2736 986 inquit,
2765 917 2821 970 in
2863 916 3061 987 seipsis
3088 935 3101 970 :
3134 916 3236 972 Hic
3268 917 3444 972 haeres
3468 929 3572 983 est,

1983 1006 2149 1075 agite,
2177 1005 2496 1061 occidamus
2522 1022 2671 1071 eum,
2698 1015 2760 1062 ut
2789 1017 2978 1064 nostra
3003 1009 3098 1063 ﬁat
3123 1009 3420 1065 haareditas
3453 1011 3520 1065 ⁵⁷.
3549 1029 3568 1062 ι

1981 1097 2140 1165 Quod
2179 1114 2314 1154 vero
2353 1100 2548 1154 attenti
2587 1100 2654 1154 ad
2684 1117 2803 1156 rem
2836 1110 2893 1156 et
2922 1112 3164 1172 qua>stus
3209 1104 3442 1160 studiosi
3475 1105 3577 1160 ads.

1983 1189 2209 1244 modum
2269 1189 2480 1245 fuerint
2539 1191 2842 1258 Pharisaei,
2894 1194 3207 1265 impiusque
3250 1195 3576 1250 Scribarum

1981 1289 2180 1348 curtus,
2219 1281 2378 1338 facile
2406 1285 2532 1354 quis
2553 1294 2834 1355 agnoscat,
2859 1300 2923 1339 ea
2963 1301 3086 1355 quae
3113 1286 3181 1341 de
3210 1287 3344 1357 ipsis
3370 1289 3574 1359 scripta

1975 1384 2109 1430 sunt
2183 1375 2656 1432 animadvertens.
2717 1376 3004 1446 Siquidem
3065 1379 3334 1436 Dominus
3382 1391 3584 1436 noster-

1973 1466 2136 1522 Jesus
2171 1467 2428 1522 Christus
2476 1477 2726 1523 terrenas
2772 1468 2996 1524 divitias
3037 1471 3278 1526 vendere
3316 1481 3574 1542 oportere

1975 1559 2118 1612 dixit
2146 1575 2252 1614 eos.
2281 1560 2376 1629 qui
2417 1575 2657 1630 superna
2685 1561 2930 1629 cogitare
2962 1562 3156 1628 velint,
3189 1572 3246 1618 et
3284 1564 3576 1624 facultates

1974 1651 2314 1720 pauperibus
2353 1651 2600 1723 elargiri,
2638 1653 2992 1713 utcoelestem
3035 1655 3360 1711 thesaurum
3399 1659 3572 1714 lucri-

1974 1744 2199 1801 faciant.
2231 1745 2458 1810 Verum,
2498 1754 2560 1800 ut
2589 1745 2669 1801 ait
2727 1748 3083 1819 evangelista,
3120 1750 3420 1806 audierunt
3455 1753 3574 1809 haec

274 1861 381 1912 μειν
415 1842 483 1896 τὰ
513 1806 665 1896 ὄντα
683 1845 943 1913 πτωχοῖς,
966 1806 1052 1895 ἵνα
1073 1841 1164 1894 τὸν
1189 1806 1628 1910 ,κερδάνωσι
1657 1841 1860 1910 θησαυ-

1976 1835 2186 1895 Scribae
2209 1847 2269 1894 et
2298 1838 2562 1894 Pharisazi
2597 1841 2848 1910 pecuniae
2893 1843 3149 1908 studiosi,
3189 1850 3245 1898 et
3277 1845 3572 1901 irriserunt

274 1939 371 2008 ρόν.
417 1936 584 2001 Ἀλλ’,
609 1935 697 2000 ὥς
727 1954 896 2007 φησιν
923 1936 951 1988 ὁ
988 1932 1404 2005 εὐαγγελιστὴς,
1438 1934 1636 2006 ἤκουον
1693 1931 1866 1987 ταῦτα

272 2031 315 2080 οἱ
335 2029 690 2099 Γραμματεῖς
714 2032 809 2082 καὶ
839 2030 889 2082 οἱ
912 2030 1200 2098 Φαρισαῖοι
1226 2027 1553 2098 φιλάργυροι
1580 2027 1751 2090 ὄντες,
1769 2025 1871 2078 καὶ

281 2121 694 2192 ἐξεμυκτήριζον
719 2121 907 2175 αὐτόν.
961 2121 1085 2174 Ὅτι
1119 2120 1178 2174 δὲ
1233 2120 1328 2173 καὶ
1361 2120 1522 2190 μέχρι
1572 2117 1682 2172 τῶν
1723 2120 1864 2187 άγαν

276 2214 660 2286 εὐτελεστέρων
693 2211 1136 2283 καθικνούμενοι,
1175 2213 1312 2283 μετὰ
1344 2212 1548 2284 πολλῆς
1577 2211 1864 2282 ἀκριϐείας

272 2307 628 2376 λεπτολογίαις
666 2305 1021 2372 ἐσπούδαζον,
1074 2305 1196 2360 οὐδὲ
1234 2306 1296 2359 τὸ
1353 2305 1528 2378 βραχὺ
1577 2304 1862 2377 μεθιέντες

267 2405 363 2463 τοῖς
391 2401 460 2472 μὴ
485 2401 844 2472 προσάγουσι
872 2398 1011 2453 κατὰ
1060 2398 1225 2467 νόμον
1272 2397 1373 2460 τὰς
1400 2397 1740 2468 τεταγμένας
1779 2396 1865 2450 δεη

268 2493 445 2557 κὰτας,
479 2493 675 2547 καίτοι
722 2492 820 2546 τοῦ
846 2491 1014 2562 νόμου
1055 2489 1480 2560 πεφροντικότες
1512 2489 1698 2557 ὀλίγα,
1720 2505 1860 2542 παν-

263 2584 412 2647 τελῶς
433 2584 626 2646 αὐτοῖς
659 2582 908 2652 διεσάφει
940 2581 1116 2650 λέγων
1141 2581 1169 2631 6
1209 2579 1436 2652 Κύριος⁹
1473 2597 1492 2630 ι
1531 2579 1668 2632 Οὐαὶ
1693 2579 1853 2647 ὑμῖν,

265 2676 602 2748 Γραμματεῖς
655 2675 754 2728 καὶ
790 2677 1076 2747 Φαρισαῖοι
1115 2672 1432 2745 ὑποκριταὶ,
1471 2673 1553 2726 ὃτι
1585 2671 1860 2725 ἀποδεκα-

264 2769 404 2823 τοῦτε
451 2771 512 2823 τὸ
545 2769 853 2841 ἡδύοσμον,
896 2769 990 2822 καὶ
1013 2768 1074 2822 τὸ
1113 2767 1333 2840 ἄνηθον,
1369 2765 1555 2820 καὶτὸ
1602 2765 1854 2835 κύμινονο

263 2863 347 2917 καὶ
377 2864 632 2934 ἀφήκατε
669 2862 740 2915 τά
802 2861 1083 2934 βαρύτερα
1130 2859 1225 2913 τοῦ
1273 2859 1465 2930 νόμου,
1518 2857 1618 2928 τὴν
1651 2857 1853 2928 κρίσιν,

263 2959 344 3012 καὶ
375 2958 461 3012 τὸν
486 2958 672 3023 ἔλεον,
703 2960 798 3012 καὶ
842 2960 943 3028 τὴν
972 2958 1176 3010 πίστιν.
1217 2974 1237 3008 ι
1293 2953 1504 3009 Οὐκοῦν
1542 2955 1571 3006 6
1615 2951 1714 3024 μὲν
1747 2951 1856 3004 Γὰδ

262 3051 662 3121 πειρατήριον,
694 3050 964 3118 πλοῦτος
989 3049 1295 3122 δὲόξᾊσήρ.
1319 3049 1432 3102 Kal.
1467 3047 1636 3118 ἄμφω
1679 3044 1854 3118 [elve-

1971 1944 2122 1982 eum.
2159 1927 2319 1995 Quod
2355 1946 2492 1986 vero
2526 1931 2595 1986 ad
2626 1933 2893 1989 vilissima
2936 1951 3168 2005 quasque
3206 1953 3270 1992 ac
3309 1938 3571 1995 facillima

1973 2033 2168 2094 paratu
2200 2023 2589 2095 procedentes,
2616 2040 2830 2080 summa
2853 2027 3149 2082 severitate
3175 2030 3403 2085 minima
3434 2047 3569 2087 con-

1968 2123 2267 2180 sectantes,
2296 2123 2354 2171 et
2379 2132 2410 2170 e
2449 2117 2617 2172 rebus
2643 2117 2875 2172 minutis
2901 2117 3100 2188 rigide,
3136 2121 3240 2175 etsi
3269 2138 3462 2192 parum
3498 2125 3568 2180 de

1966 2205 2086 2275 lege
2114 2206 2360 2272 solliciti,
2385 2206 2631 2266 decimas
2654 2208 2959 2263 secundum
2992 2210 3170 2280 legem
3197 2220 3432 2269 statutas
3453 2217 3571 2272 exin

1966 2301 2457 2371 gerent,Dominus
2478 2302 2612 2374 ipsis
2630 2302 2961 2375 signiﬁcavit
2985 2303 3177 2360 dicens
3199 2323 3213 2359 :
3241 2307 3361 2362 «Vae
3382 2309 3562 2375 vobis,

1968 2393 2176 2450 Scribaa
2207 2404 2264 2450 et
2279 2396 2546 2452 Pharisaei
2575 2396 2898 2469 hypocritze,
2930 2398 3063 2469 quia
3098 2399 3388 2455 decimatis
3412 2417 3572 2457 men.

1963 2487 2138 2552 tham,
2157 2497 2213 2544 et
2231 2489 2518 2556 anethum,
2539 2499 2596 2547 et
2617 2491 2903 2548 cuminum
2923 2511 2938 2560 ;
2965 2501 3022 2548 et
3037 2493 3294 2550 omittitis
3309 2497 3564 2568 graviora

1962 2580 2123 2651 legis,
2142 2582 2441 2654 judicium,
2465 2592 2522 2639 et
2546 2585 3007 2653 misericordiam,
3033 2597 3089 2643 et
3116 2588 3282 2645 ﬁdem
3309 2590 3373 2645 ⁵⁸.
3400 2611 3418 2642 ι
3447 2591 3562 2648 Gad

1962 2674 2153 2744 itaque
2199 2677 2462 2742 lentatio;
2490 2677 2631 2734 Aser
2653 2688 2840 2736 autem
2879 2682 3095 2738 divitiae.
3125 2683 3250 2738 Nati
3277 2699 3411 2739 vero
3437 2696 3572 2742 sunt

1960 2765 2125 2821 ambo
2137 2781 2203 2821 ex
2217 2768 2414 2823 ancilla
2431 2769 2658 2841 Zelpha,
2685 2781 2810 2843 post
2827 2773 2943 2828 Dan
2971 2775 3398 2846 etNephthalim
3423 2777 3570 2834 ﬁlios

1963 2857 2146 2920 Ballae.
2177 2858 2453 2915 (laterum
2481 2861 2538 2916 in
2576 2863 2664 2917 his
2699 2865 2949 2934 quidem,
2985 2867 3149 2922 nobis
3181 2876 3400 2938 tempus
3436 2878 3572 2926 ante

1960 2951 2263 3008 adventum
2300 2956 2479 3010 nostri
2524 2955 2826 3012 Salvatoris
2867 2959 3205 3030 descriptum
3241 2962 3332 3028 sit,
3361 2962 3417 3016 in
3452 2979 3564 3033 quo

1963 3047 2173 3102 sterilis
2208 3047 2392 3102 adhuc
2417 3056 2540 3102 erat
2562 3048 2789 3115 Rachel,
2815 3050 2923 3105 hoc
2943 3058 3050 3116 est,
3076 3051 3323 3107 Ecclesia
3344 3069 3411 3108 ex
3432 3071 3563 3126 gen-

258 3145 438 3216 νὲσθην
463 3146 528 3198 ὲκ
551 3143 904 3215 θεραπαίνης
941 3144 1039 3213 τῆς
1077 3143 1310 3212 Ζελφᾶς,
1355 3140 1495 3212 μετὰ
1531 3140 1622 3194 τὸν
1658 3139 1764 3192 Δάν
1793 3154 1852 3191 τε

1966 3139 2131 3204 tibus,
2158 3155 2282 3210 quae
2305 3140 2455 3210 quod
2478 3141 2684 3195 multos
2707 3149 2856 3196 esset
2875 3142 3141 3212 paritura,
3159 3152 3218 3198 et
3244 3143 3564 3202 innumeraq

258 3239 339 3292 καὶ
358 3238 710 3309 Νεφθαλεὶμ,
743 3238 792 3292 οἳ
833 3233 976 3308 ἦσαν
1015 3239 1080 3290 ὲκ
1114 3235 1345 3300 Βάλλας.
1379 3235 1521 3288 Ἀλλ’
1555 3236 1613 3287 ὲν
1639 3233 1852 3297 τούτοις

261 3333 365 3401 μὲν,
395 3335 524 3404 ἡμῖν
549 3335 579 3386 6
623 3331 736 3403 πρὸ
777 3334 879 3402 τῆς
918 3329 1011 3388 τοῦ
1068 3330 1320 3399 Σωτῆρος
1347 3327 1506 3399 ἡμῶν
1555 3326 1852 3399 ἐπιδημίας

258 3425 430 3492 καιρὸς
453 3423 787 3496 γεγράφθωσ
818 3422 940 3476 καθ’
957 3422 1017 3476 ὃν
1033 3418 1100 3492 ἦν
1119 3421 1200 3474 ἔτι
1227 3424 1415 3491 στεῖρα
1445 3419 1669 3491 Ῥαχὴλ,
1686 3436 1847 3472 τουτ-

257 3517 411 3584 έστιν,
445 3521 478 3589 ὴ
520 3519 582 3584 ἐξ
611 3517 790 3571 ἐθνῶν
830 3517 1146 3587 Ἐκκλησία·
1185 3515 1323 3586 ἢὸτι
1351 3513 1566 3578 τέξεται
1601 3511 1848 3576 πολλοὺς,

258 3611 341 3664 καὶ
375 3611 776 3684 ἀναριθμήτων
809 3608 965 3662 ἔσται
1003 3609 1224 3680 τροφὸς,
1261 3605 1720 3679 προανακέκραγε
1750 3602 1850 3674 μὲν

268 3705 476 3768 Ἡσαΐας
503 3705 711 3775 λέγων’
750 3702 1149 3774 «Εὐφράνθητι,
1174 3703 1381 3774 στεῖρα,
1409 3701 1442 3771 ἠ
1475 3700 1535 3753 ού
1567 3699 1846 3753 τίκτουσα.

282 3799 442 3870 Ρῆξον
472 3800 567 3853 καὶ
631 3798 852 3870 βόησον,
886 3800 919 3868 ἡ
960 3795 1060 3849 οὐκ
1092 3794 1358 3848 ὠδίνουσα
1389 3811 1404 3827 ο
1439 3796 1519 3847 ὅτι
1568 3793 1739 3847 πολλὰ
1777 3793 1846 3847 τὰ

258 3888 404 3943 τέκνα
430 3891 532 3961 τῆς
555 3891 774 3960 ἐρήμου
820 3888 1024 3959 μᾶλλον
1049 3887 1082 3959 ἢ
1114 3885 1214 3956 τῆς
1240 3885 1473 3957 ἐχούσης
1496 3885 1588 3939 τὸν
1619 3883 1806 3957 ἄνδρα.
1823 3905 1842 3938 ι

258 3984 496 4053 Διεσάφει
519 3983 576 4037 δὲ
605 3983 709 4036 καὶ
747 3982 912 4047 αὐτὸς
952 3983 981 4036 6
1016 3980 1308 4042 θεσπέσιος
1338 3979 1502 4032 Δαϐὶδ
1533 3979 1664 4051 περὶ
1710 3980 1848 4034 Θεοῦ

258 4073 434 4144 λέγων’
474 4095 492 4127 ‹
539 4075 602 4129 '0
637 4073 965 4138 κατοικίζων
1001 4076 1225 4144 στεῖραν
1248 4074 1304 4126 ἐν
1334 4073 1489 4144 οἴκῳ,
1530 4073 1738 4146 μητέρα
1757 4074 1850 4128 ἐπὶ

257 4160 450 4226 τέκνοις
503 4163 974 4234 εὐφραινομένην.
1008 4181 1026 4214 ι
1057 4163 1202 4234 Ἔφη
1255 4162 1311 4214 δέ
1343 4180 1444 4216 που
1496 4163 1634 4234 πρὸς
1679 4165 1848 4235 αὐτὴν

259 4253 343 4306 καὶ
370 4257 397 4308 ὁ
419 4257 530 4308 τῶν
558 4257 704 4309 ὅλων
736 4257 1016 4326 Δεσπότης
1055 4255 1150 4313 καὶ
1188 4255 1341 4320 Θεός·
1403 4275 1420 4308 ι
1449 4250 1519 4308 'A
1530 4273 1622 4328 ρον
1661 4256 1849 4328 κύκλῳ

259 4348 374 4411 τοὺς
406 4349 730 4421 ὀφθαλμούς
759 4367 879 4415 σου,
916 4350 1010 4402 καὶ
1057 4348 1132 4402 ἴδε
1185 4348 1414 4412 πάντας.
1465 4368 1483 4401 ι
1526 4349 1638 4403 Καὶ
1666 4349 1846 4403 πάλινο

266 4457 285 4490 ε
319 4440 443 4494 Ἰδοὺ
480 4435 636 4495 οὗτοι
683 4440 970 4513 Μρῤοώεν
1012 4440 1287 4512 ἔρχονται,
1333 4433 1611 4501 οὗτοιάπὸ
1651 4439 1845 4514 βορρᾶ,

1961 3249 2085 3288 rum
2115 3234 2366 3305 gentium
2401 3233 2591 3287 nutrix
2613 3231 2823 3300 futura,
2850 3234 3107 3305 praedixit
3134 3235 3358 3306 quidem
3393 3238 3562 3295 Isaias

1959 3327 2193 3383 dicens:
2228 3349 2246 3380 ι
2275 3313 2511 3392 Laetare,
2550 3327 2777 3392 sterilis,
2820 3343 2944 3398 quae
2978 3344 3090 3383 non
3117 3328 3379 3400 parturis,
3431 3331 3565 3400 quia

1961 3421 2120 3477 multi
2158 3421 2256 3475 filii
2282 3420 2517 3476 desertae
2548 3420 2723 3492 magis
2773 3435 2938 3490 quam
2971 3422 3093 3492 ejus
3124 3437 3246 3492 quae
3278 3422 3454 3477 habet
3473 3423 3562 3478 vi-

1959 3533 2086 3571 rum
2109 3517 2179 3570 δ’.
2212 3535 2231 3568 ι
2255 3515 2567 3571 Declaravit
2591 3525 2774 3569 autem
2801 3515 2969 3571 etiam
3001 3515 3119 3586 ipse
3147 3515 3369 3572 divinus
3390 3517 3564 3572 David

1961 3611 2029 3666 de
2054 3625 2121 3666 eo
2155 3609 2384 3664 dicens:
2417 3628 2434 3660 ι
2454 3608 2560 3675 Qui
2585 3608 2838 3664 habitare
2865 3607 2996 3663 facit
3019 3609 3266 3664 sterilem
3295 3609 3349 3663 in
3373 3609 3558 3676 domo,

1961 3712 2200 3758 matrem
2220 3690 2398 3773 super
2426 3701 2558 3756 ﬁliis
2579 3702 2856 3758 laetantem
2880 3701 2944 3755 ⁸ο.
2971 3719 2989 3752 ι
3019 3700 3110 3774 Ait
3140 3709 3323 3756 autem
3357 3702 3560 3758 alicubi

1957 3798 2028 3853 ad
2073 3797 2249 3868 ipsam
2288 3795 2459 3851 etiam
2497 3795 2891 3849 universorum
2937 3793 3208 3849 Dominus
3250 3810 3315 3851 ac
3361 3795 3508 3852 Deus
3545 3814 3564 3850 :-

1967 3913 1986 3944 ‹
2012 3893 2167 3948 Tolle
2190 3891 2247 3945 in
2272 3889 2510 3946 circuitu
2538 3888 2730 3942 oculos
2766 3895 2910 3952 tuos,
2935 3895 2991 3942 et
3011 3886 3138 3941 vide
3158 3902 3353 3942 omnes
3372 3889 3468 3943 ⁸³.»
3493 3889 3567 3944 Et

1958 4001 2192 4041 rursus:
2226 4003 2244 4034 ι
2274 3983 2416 4037 Ecce
2443 3980 2500 4035 hi
2529 3980 2598 4035 de
2626 3980 2789 4052 longe
2830 3979 3084 4046 veniunt,
3113 3979 3170 4033 hi
3200 3979 3269 4035 ab
3300 3980 3566 4050 aquilone

1956 4087 2015 4136 et
2045 4077 2103 4131 hi
2152 4093 2183 4131 a
2224 4075 2388 4140 mari,
2424 4072 2519 4128 alii
2555 4088 2691 4128 vero
2722 4089 2752 4128 e
2792 4079 2938 4127 terra
2976 4072 3274 4128 Persarum
3303 4074 3368 4127 ³³.
3402 4092 3420 4125 ι
3447 4073 3561 4144 Age

1958 4173 2167 4242 itaque,
2217 4167 2374 4239 135
2417 4167 2462 4222 si
2500 4166 2701 4237 placet,
2730 4165 3038 4231 videamus,
3074 4166 3298 4236 quando
3325 4175 3379 4222 et
3417 4180 3558 4237 quo-

1957 4265 2124 4321 modo
2149 4262 2358 4318 sterilis
2387 4260 2624 4331 peperit.
2657 4259 2789 4313 Post
2813 4259 2938 4314 illos
2973 4259 3142 4330 igitur
3165 4259 3258 4330 qui
3290 4260 3404 4314 nati
3431 4269 3563 4316 sunt

1957 4373 2026 4413 ex
2061 4354 2297 4418 ancillis,
2327 4351 2726 4420 mandragoras
2747 4351 2803 4403 in
2826 4364 2959 4420 agro
2986 4350 3201 4405 invenit
3229 4351 3425 4406 Ruben
3451 4353 3562 4424 pri-

1957 4447 2276 4520 mogenitus
2326 4461 2396 4500 ex
2434 4443 2626 4509 Jacob,
2673 4442 2963 4512 defcrtque
2999 4442 3066 4497 ad
3115 4453 3350 4498 matrem
3404 4459 3561 4499 suam

261 4533 346 4586 καὶ
364 4527 506 4590 οὗτοι
526 4536 642 4589 ἀπὸ
665 4535 966 4605 θαλάσσης,
1008 4534 1157 4589 ἄλλοι
1193 4535 1250 4587 δὲ
1280 4537 1348 4589 ὲκ
1380 4535 1486 4605 γῆς
1525 4535 1772 4608 Περσῶν.
1823 4555 1839 4586 ι

1966 4546 2131 4600 Liam.
2159 4540 2258 4596 Illa
2287 4553 2422 4594 vero
2449 4537 2660 4608 petenti
2685 4532 2914 4590 Racheli
2941 4535 3056 4599 dat,
3079 4544 3136 4591 et
3163 4535 3308 4606 parit
3334 4536 3563 4606 quidem

261 4624 382 4696 Φέρε
406 4627 468 4696 δη
500 4623 621 4691 οὖν,
658 4628 706 4679 εί
729 4625 898 4692 δοκεῖ,
928 4627 1293 4698 καταθρῶμεν
1312 4627 1550 4697 ὁπηνίκα
1585 4627 1681 4681 καὶ
1710 4628 1858 4694 ὅπως

261 4717 527 4789 τέτοκενή
564 4721 780 4789 στεῖρα.
836 4717 1048 4773 Οὐκοῦν
1093 4720 1211 4789 μετ’
1245 4719 1490 4784 ἐκείνους
1521 4719 1571 4773 οἳ
1617 4720 1854 4789 γεγόναφ

265 4825 340 4862 σιν
359 4811 421 4862 ἐκ
445 4811 818 4883 θεραπαινῶν,
855 4813 983 4877 τοὺς
1016 4813 1074 4864 ὲν
1099 4810 1261 4883 ἀγρῷ.
1281 4813 1670 4885 μανδραγόρας
1702 4814 1856 4886 εὑρίσ-

265 4919 371 4956 mea:
410 4904 692 4974 Ῥουϐεὶμ,
715 4908 743 4958 6
767 4905 826 4970 ἐξ
860 4903 1058 4959 Ἰακὼὸ
1091 4909 1462 4978 πρωτότοκος
1496 4907 1858 4979 προσκομίξει

251 4995 314 5047 δὲ
338 4997 468 5069 Λείᾳ
490 5002 556 5070 τῇ
601 4998 707 5069 ίδίᾳ
739 4999 928 5070 μητρί.
978 4999 1042 5052 Ἦ
1062 4998 1119 5052 δὲ
1157 5001 1222 5071 τῇ
1268 4999 1470 5072 Ῥαχὴλ
1503 5000 1746 5074 ζητούσῃ
1777 5001 1858 5054 δί-

265 5085 400 5142 δωσι.
431 5091 538 5142 Καὶ
559 5090 736 5143 τίκτει
769 5091 869 5162 μὲν
903 5090 1058 5156 Λεία,
1106 5090 1352 5145 λαϐοῦσα
1392 5093 1520 5157 τοὺς
1549 5093 1859 5166 μανδραγό-

271 5195 376 5247 ρας,
405 5182 498 5235 δύο
523 5183 688 5237 πάλιν
714 5185 884 5250 υἱοὺς,
930 5185 1022 5238 τόν
1064 5201 1124 5238 τε
1150 5184 1374 5258 Ἰσάχαρ
1405 5186 1500 5240 καὶ
1539 5186 1726 5256 μέντοι
1765 5185 1861 5238 καὶ

268 5269 348 5327 τὸν
382 5276 683 5331 Ζαϐουλὼν.
716 5273 846 5332 Εἶτα
875 5279 1152 5349 μέμνηται
1180 5278 1315 5342 Θεὸς
1352 5279 1450 5350 τῆς
1496 5277 1724 5349 Ῥαχὴλ,
1766 5279 1862 5332 καὶ

268 5364 650 5442 διανοιχθείσης
681 5371 824 5442 αὐτῇ
865 5371 965 5440 τῆς
993 5372 1230 5443 μήτρας,
1266 5371 1362 5424 καί⁹
1389 5370 1530 5443 αὑτὴ
1551 5372 1743 5426 τέτοκε
1762 5373 1856 5427 τὸν

269 5457 473 5534 Ἰωσὴφ,
528 5465 621 5518 καὶ
645 5464 962 5518 τελευτῶσα
1008 5464 1101 5517 τὶν
1134 5464 1414 5535 Βενιαμίν.
1445 5463 1582 5518 Λεία
1621 5466 1719 5532 μὲν
1762 5463 1854 5521 οὖν

272 5551 343 5606 ὅτι
365 5554 462 5622 τὴν
488 5557 598 5610 τῶν
617 5555 890 5611 Ἰουδαίων
922 5556 1256 5627 Συναγωγὴν
1287 5555 1682 5622 ύπαινίττεται,
1726 5559 1851 5612 Ῥα-

337 5754 377 5784 ³⁶¹
411 5755 592 5830 Matth.
633 5777 763 5822 xx",
812 5761 874 5815 I6
901 5776 1052 5830 scq‘l-

279 5837 370 5890 uv,
410 5828 464 5892 l;
504 5829 676 5886 Galat.
721 5849 790 5898 iv,
816 5833 904 5888 27.

1133 5761 1174 5793 ⁸⁷
1211 5761 1402 5816 Matth.
1435 5780 1541 5820 XXI.
1576 5763 1674 5825 58;
1727 5765 1892 5820 Marc.
1935 5782 2029 5825 xu,
2071 5766 2127 5824 7:

991 5833 1032 5864 ⁶⁰
1074 5833 1217 5896 Psal.
1251 5849 1376 5899 exn,
1407 5835 1458 5889 9.
1539 5837 1577 5865 ⁶¹
1602 5835 1704 5897 ιω.
1737 5853 1878 5906 xux,
1942 5837 2036 5906 t8;
2081 5854 2166 5904 ιλ,
2195 5837 2244 5890 αἱ.

1957 4639 2052 4694 Lia
2072 4635 2316 4705 acceptis
2339 4629 2726 4701 mandragoris
2744 4629 2887 4684 duos
2912 4645 3137 4685 rursum
3162 4629 3326 4694 ﬁlios,
3341 4629 3561 4685 lsachar

1958 4713 2246 4793 nimirum,
2279 4737 2336 4780 et
2381 4723 2652 4778 Zabulon.
2689 4721 2900 4777 Deinde
2935 4721 3262 4778 recordatus
3290 4731 3374 4777 est
3416 4723 3562 4778 Deus

1956 4823 2241 4887 Rachelis,
2281 4828 2585 4891 apertaque
2612 4817 2736 4888 ejus
2765 4815 2950 4882 vulva,
2989 4815 3208 4887 peperit
3245 4815 3411 4871 etiam
3443 4815 3561 4886 ipsa

1954 4915 2180 4988 Ioseph,
2230 4921 2289 4969 et
2327 4920 2579 4968 extremo
2625 4910 2916 4981 Benjamin
2944 4911 3012 4965 ⁵³.
3046 4909 3205 4976 Quod
3253 4909 3421 4980 igitur
3464 4909 3561 4966 Lia

1955 5009 2277 5066 Iudaeorum
2313 5005 2661 5078 Synagogam
2709 5002 3011 5075 signiﬁcet;
3043 5002 3250 5057 Rachel
3281 5017 3414 5056 vero
3454 5002 3560 5056 Ec.

1963 5101 2189 5158 clesiam
2215 5115 2283 5153 ex
2305 5097 2583 5170 gentibus,
2614 5096 2816 5165 saepius
2835 5096 2946 5166 jam
2979 5110 3010 5148 a
3034 5093 3194 5148 nobis
3217 5093 3428 5150 dictum
3453 5104 3559 5157 est,

1961 5193 2462 5251 Praetermittentes
2494 5189 2704 5260 itaque,
2731 5196 2790 5242 ut
2823 5203 3311 5259 supervacaneam,
3333 5204 3566 5244 eorum-

1960 5290 2086 5345 dem
2117 5285 2528 5358 repetitionem,
2563 5282 2913 5338 declaremus
2957 5282 3220 5353 deinceps
3255 5275 3438 5354 'cujus
3478 5281 3558 5339 rei

1963 5392 2127 5454 typus
2169 5379 2282 5434 sint
2332 5377 2730 5447 mandragorae,
2770 5391 2801 5430 a
2835 5376 3205 5448 primogenito
3245 5376 3442 5432 Ruben
3473 5376 3563 5433 in-

1964 5485 2143 5530 venue
2175 5490 2187 5525 :
2221 5470 2356 5542 quid
2395 5469 2562 5524 etiam
2606 5469 2711 5524 sibi
2760 5468 2915 5534 velit,
2959 5485 3153 5524 earum
3193 5469 3250 5523 in
3296 5476 3564 5538 utrosque

1962 5565 2192 5636 aequalis
2216 5563 2450 5617 fortasse
2479 5560 2819 5616 distributio.
2846 5561 3006 5618 Dedit
3029 5563 3176 5616 enim
3195 5560 3292 5615 Lia
3309 5557 3558 5648 Racheli.

2657 5763 2702 5796 ⁵⁸
2740 5763 3110 5820 Malth.vvm.
3176 5757 3264 5815 ‘23.
3345 5763 3388 5791 "’
3455 5763 3564 5822 πέει.

2885 5835 2927 5866 ⁸³
2963 5835 3101 5891 Gen.
3132 5849 3254 5898 xxx,
3283 5831 3373 5896 ‘21,

2174 5764 2306 5817 Luc.
2338 5780 2424 5819 sx.
2468 5763 2552 5816 Η.

2327 5838 2369 5866 ’³
2400 5835 2502 5890 [εει.
2532 5852 2674 5901 xux,
2705 5835 2787 5891 ιε.
