4034 6476
464 307 569 364 ιιι)
1493 307 1550 363 S.
1596 306 1874 364 CYBILLI
1915 306 2390 362 ALEXANDle
2428 306 2751 367 ABCHIEP.
3636 310 3737 368 220

462 424 607 495 Quid
635 436 771 483 vero
798 431 1066 497 plateret
1097 425 1266 483 etiam
1308 422 1423 494 ipsa
1464 422 1703 479 ﬁliorum
1740 421 2047 493 generatio,

2178 421 2256 493 [ὴλ
2286 421 2343 477 δὲ
2366 422 2464 487 τὴν
2495 420 2555 487 ἐξ
2581 423 2751 477 ἐθνῶν
2774 420 3127 493 Ἐκκλησίαν,
3157 424 3584 500 προμεμήνυκεν
3612 428 3738 501 ήμίν

468 522 524 577 in
574 521 709 593 ipsis
746 518 1043 576 nominum.
1069 516 1566 590 signiﬁcationibus
1598 515 1921 587 mysterium
1950 531 2048 586 pa-

2178 514 2477 579 τλειστὰκις
2502 514 2530 569 ὁ
2549 515 2728 583 λόγος.
2750 513 3023 577 Μεθέντες
3063 511 3129 584 δὴ
3159 508 3254 567 οὖν
3275 512 3350 577 ὡς
3378 517 3635 586 ἀνόνητον
3663 516 3739 570 ἐτι

469 617 636 672 ﬁcus.
2157 605 2218 659 τὸ
2244 605 2612 673 ταυτολογεῑν,
2647 605 2835 660 λοιπὸν
2858 603 3205 674 ἀφηγώμεθα
3249 604 3395 670 τίνος
3424 606 3492 662 ἂν
3517 603 3624 660 εἷεν
3664 612 3740 673 είς

467 710 638 765 τύπον
676 711 727 764 oi
754 709 1146 782 μανδραγόραι,
1175 706 1264 761 διὰ
1313 704 1407 761 τοῦ
1432 705 1779 774 πρωτοτόκου
1821 703 2078 774 Ῥουσεὶμ
2115 702 2439 775 ηὐρημένοι.
2474 701 2539 756 Τί
2581 702 2627 757 δ’
2655 701 2722 756 ἂν
2747 701 2988 773 βούλοιτο
3014 698 3207 771 δηλοῦν
3236 703 3268 772 ή
3312 703 3393 766 εἰς
3454 703 3621 775 ἄμφω
3682 720 3740 761 τε

469 802 565 856 καὶ
593 801 652 855 ὲν
674 802 776 872 [σῳ
806 802 940 871 τάχα
969 817 1074 853 που
1099 798 1438 870 διανέμησις·
1480 796 1681 852 δέδωκε
1718 795 1828 867 γὰρ
1854 797 1888 866 ή
1918 794 2051 849 Λεία
2088 798 2153 865 τῇ
2201 793 2425 865 Ῥαχήλ·
2460 792 2515 847 τί
2551 793 2610 853 δὲ
2640 793 2776 865 πρὸς
2827 791 3038 856 τούτοις
3082 794 3175 847 καὶ
3197 793 3337 864 αὑτὴ
3399 794 3509 848 τῶν
3546 795 3738 853 παίδων

470 894 503 963 ή
526 891 762 957 γένεσις,
790 892 847 944 ὲν
867 893 986 953 ταῖς
1014 889 1124 946 τῶν
1150 889 1432 960 ὀνομάτων
1464 888 1763 959 σημασίαις
1787 887 2052 941 ὠδίνουσα
2087 885 2148 937 τὸ
2180 887 2497 956 μυστήριον.

543 984 631 1038 Η.
673 982 1047 1054 Mandragom
1086 984 1260 1056 igitur
1298 992 1606 1039 nascuntur
1644 984 1701 1038 in
1731 976 1896 1054 agris,
1934 998 2063 1053 spe~

475 1077 615 1134 ciem
640 1087 826 1133 autem
853 1077 1002 1148 pomi
1023 1082 1136 1148 prie
1164 1092 1224 1133 se
1249 1075 1454 1133 ferunt.
1472 1076 1632 1144 Quod
1652 1093 1787 1131 vero
1809 1092 2062 1131 somnum

474 1177 796 1239 provocent,
843 1171 1107 1241 gravique
1146 1185 1346 1241 mpore
1389 1186 1485 1226 eos
1530 1170 1627 1240 qui
1671 1170 1781 1225 illis
1831 1178 2065 1225 utuntur

474 1261 810 1332 opprimant,
832 1278 897 1318 ac
915 1263 1087 1318 veluti
1114 1263 1414 1326 inebrient,
1446 1278 1558 1317 non
1594 1264 1769 1317 multo
1808 1277 2063 1317 sermone

474 1370 616 1425 opus
643 1354 763 1410 fore
795 1355 1041 1410 arbitror
1072 1354 1140 1410 ad
1170 1353 1683 1413 demonstrandum.
1721 1367 1845 1407 cum
1885 1367 2063 1422 regre-

476 1462 599 1502 rum
630 1446 943 1502 dormiendi
970 1447 1279 1503 diﬂicultati
1312 1432 1513 1502 medici
1538 1444 1775 1500 naturali
1807 1443 2065 1498 mandra—

476 1556 734 1611 gorarum
762 1541 968 1596 virtute
987 1549 1152 1612 atque
1182 1533 1424 1596 eillcacia
1452 1539 1804 1594 subveniant.
1838 1536 2061 1608 Signiﬁ-

477 1642 605 1689 cant
629 1649 762 1689 vero
789 1634 949 1689 nobis
988 1633 1220 1702 ﬁgurate
1244 1633 1452 1689 Christi
1482 1633 1829 1705 mysterium,
1855 1631 2060 1686 obdor-

476 1721 703 1777 mientis
744 1718 1153 1793 quodammodo
1195 1733 1424 1795 propter
1456 1739 1577 1787 nos,
1618 1730 1679 1779 et
1719 1723 2061 1778 demittentis

477 1814 720 1884 seipsum
760 1783 831 1870 ad
884 1783 1317 1870 exinanitioneni
1369 1816 1437 1871 ad
1490 1824 1724 1872 mortem
1774 1832 1948 1886 usque
1992 1815 2057 1880 “,
2097 1783 2136 1836 Β

480 1903 692 1961 tametsi
722 1904 984 1959 revixerit
1013 1920 1253 1961 rursum.
1288 1906 1433 1960 Deus
1452 1907 1601 1961 enim
1621 1914 1743 1961 erat
1756 1906 2061 1963 secundum

476 2002 756 2057 naturam.
781 1996 997 2053 etiamsi
1030 2013 1160 2053 caro
1199 1999 1273 2053 sit
1306 1998 1503 2054 tactus.
1540 1998 1644 2055 Ubi
1682 2014 1816 2054 vero
1844 1998 1901 2053 in
1937 1999 2063 2053 uni-

476 2099 699 2142 versum
745 2101 897 2143 mors
934 2087 1107 2145 instar
1142 2089 1324 2144 somni
1378 2100 1602 2161 accepta
1635 2099 1739 2156 est,
1778 2091 1856 2146 ibi
1897 2092 2063 2146 etiam

479 2178 833 2235 resuscitatio
871 2179 941 2235 ad
978 2179 1150 2235 vitam
1185 2182 1481 2251 quaerenda
1514 2191 1619 2248 est,
1657 2190 1716 2238 et
1750 2184 2066 2238 summatim

479 2269 686 2327 Christi
708 2271 765 2327 in
790 2271 877 2326 his
905 2272 1248 2344 mysterium.
1297 2274 1510 2329 Idcirco
1559 2275 1721 2330 divus
1739 2276 1944 2331 Paulus
1971 2290 2067 2331 eos

480 2363 574 2433 qui
597 2379 710 2434 prie
729 2364 953 2420 levitate
982 2366 1041 2420 in
1066 2366 1343 2421 diversam
1366 2368 1698 2432 sententiam
1720 2369 1862 2439 rapti
1884 2376 2065 2433 erant,

481 2455 848 2524 reprehendit
874 2456 1098 2513 dicens:
1128 2477 1145 2508 ι
1173 2458 1397 2513 Tradidi
1416 2460 1566 2514 enim
1589 2459 1749 2515 vobis
1770 2459 1825 2513 in
1851 2460 2063 2530 primis,

480 2546 630 2618 quod
655 2557 713 2602 et
733 2550 942 2619 accepi,
969 2550 1114 2619 quod
1133 2550 1393 2607 Christus
1412 2560 1668 2609 mortuus
1690 2563 1775 2606 est
1807 2567 1908 2621 pro
1938 2567 2065 2622 pec-

480 2638 618 2693 catis
648 2639 861 2695 nostris
878 2640 1178 2700 secundum
1200 2640 1543 2711 Scripturas.
1569 2649 1627 2696 et
1648 2641 1793 2712 quod
1821 2642 2073 2712 sepultus

480 2736 568 2784 est
590 2767 607 2794 ,
633 2727 890 2799 quodque
936 2729 1242 2793 resurrexit
1281 2730 1444 2809 tertia
1481 2728 1573 2787 die
1591 2730 1901 2787 secundum
1925 2729 2068 2785 Scri-

482 2828 675 2895 pturas
696 2821 761 2879 ⁸⁵.
787 2840 808 2873 ι
837 2821 1085 2892 Etpaulo
1107 2831 1233 2892 post
1260 2836 1272 2873 :
1305 2840 1323 2871 ι
1353 2819 1410 2875 Si
1431 2828 1617 2876 autem
1639 2819 1895 2877 Christus
1927 2836 2071 2890 prae-

482 2911 699 2977 dicatur
730 2929 760 2968 a
822 2913 1055 2970 mortuis
1108 2912 1499 2978 resurrexisse,
1551 2913 1832 2984 quomodo
1880 2913 2076 2970 dicunt

483 3002 630 3059 inter
654 3019 753 3060 vos
787 3004 1013 3075 quidam
1043 3021 1156 3062 non
1183 3018 1307 3061 esse
1332 3005 1798 3063 resurrectionem
1824 3014 2075 3063 mortuo-

486 3112 609 3151 rum
655 3097 777 3151 “‘2:
826 3098 1129 3168 Postquam
1173 3098 1323 3154 enim
1368 3098 1582 3168 primus
1633 3098 1780 3153 inter
1818 3098 2073 3155 homines

483 3188 739 3245 Christus
762 3196 998 3247 mortem
1036 3206 1299 3255 somnum
1325 3205 1446 3247 esse
1477 3189 1745 3255 ostendit,
1776 3190 1891 3245 vita
1925 3192 2074 3247 enim

484 3290 607 3337 erat
627 3282 933 3340 secundum
961 3292 1241 3347 naturam,
1265 3283 1493 3353 januam
1520 3281 1817 3352 quamdam
1842 3298 1909 3339 ac
1930 3283 2076 3339 viam

488 3375 545 3431 in
563 3375 776 3446 reliquo
799 3391 923 3432 esse
942 3386 1220 3446 oportere,
1245 3376 1408 3447 133
1431 3384 1489 3431 et
1511 3375 1578 3431 ad
1602 3384 1839 3433 mortem
1860 3376 2078 3433 fortiter

488 3466 876 3537 superandam.
924 3466 1138 3525 Idcirco
1178 3467 1347 3525 etiam
1391 3466 1837 3537 sapientissimus
1874 3469 2079 3526 Paulus

488 3559 691 3631 passim
711 3574 809 3617 eos
846 3560 940 3630 qui
971 3559 1181 3619 mortui,
1200 3569 1349 3627 sunt,
1380 3561 1705 3619 dormientes
1744 3563 1985 3634 appellat
2009 3563 2074 3630 ⁸⁷,

490 3660 681 3722 utpote
728 3660 920 3722 postea
966 3660 1274 3708 revncturos
1315 3669 1416 3724 per
1453 3654 1759 3711 Christum.
1802 3655 1895 3712 Ait
1928 3656 2077 3712 enim

491 3758 715 3801 rursum
742 3759 756 3796 :
787 3742 875 3798 «Si
899 3743 1047 3799 enim
1075 3744 1355 3801 credimus
1370 3746 1517 3815 quod
1542 3745 1800 3802 Christus
1825 3757 2082 3803 mortuus

491 3842 599 3899 est,
624 3843 682 3889 et
718 3835 1041 3900 resurrexit,
1069 3836 1236 3893 etiam
1266 3837 1414 3893 Deus
1441 3839 1704 3895 excitabit
1742 3838 2082 3896 dormientes

494 3941 619 3987 cum
650 3926 803 3993 ἔθευ,
833 3936 891 3982 et
912 3928 1198 3987 exhibebit
1224 3929 1512 3986 nobiscum
1535 3930 1602 3988 ⁸⁸.
1632 3950 1651 3982 ι
1679 3930 1870 3987 Somni
1894 3932 2081 4001 itaque

495 4016 817 4088 symbolum
837 4025 925 4072 est
966 4018 1347 4089 mandragora,
1382 4027 1549 4090 atque
1581 4020 1687 4076 hoc
1716 4021 1929 4076 invenit
1964 4020 2082 4091 pri-

497 4108 813 4179 mogenitus
845 4108 1043 4164 Ruben
1070 4126 1085 4175 ;
1108 4108 1309 4166 deinde
1347 4108 1527 4166 defert
1557 4109 1627 4165 ad
1669 4120 1924 4166 matrem.
1957 4110 2086 4165 Haec

496 4217 629 4258 vero
657 4201 944 4258 distribuit
968 4203 1168 4259 sorori.
1205 4200 1373 4257 Primi
1402 4202 1551 4259 enim
1580 4201 1843 4257 lsraelitse
1872 4201 2084 4272 primo-

497 4293 743 4364 genitum
780 4310 880 4365 per
906 4304 1153 4366 tempora
1191 4304 1592 4369 cognoverunt,
1621 4293 1939 4365 Christique
1965 4311 2086 4366 my-

499 4385 730 4445 sterium
756 4385 1047 4447 consecuti.
1065 4394 1195 4445 sunt
1221 4403 1233 4439 :
1263 4400 1480 4443 necnon
1508 4384 1671 4440 matri
1699 4400 1831 4450 suae,
1859 4385 2084 4441 Jerusa-

2234 980 2322 1035 ια’.
2364 981 2760 1053 Μανδραγόραι
2798 980 2982 1035 τοίνυν
3030 980 3257 1050 φύονται
3303 981 3403 1050 μιν
3431 982 3491 1037 ὲν
3521 983 3733 1055 ἀγροῖς·

2160 1067 2297 1136 εἶδος
2330 1073 2389 1127 δὲ
2415 1073 2478 1127 τὸ
2508 1073 2678 1146 μῆλον
2725 1074 2933 1138 αὐτοῖς.
2981 1073 3252 1146 ’Υπνηλδν
3281 1074 3341 1128 δὲ
3364 1074 3447 1128 ὅτι
3479 1074 3541 1129 τὸ
3559 1076 3740 1147 χρῆμά

2159 1167 2298 1231 ἔστι,
2345 1166 2440 1220 καὶ
2487 1165 2645 1236 βαθεῖ
2684 1165 3107 1237 καταμιθύσκον
3137 1165 3293 1238 κάρῳ
3323 1169 3449 1230 τοὺς
3482 1184 3743 1241 μετεσχηί

2160 1259 2346 1324 κότας,
2398 1259 2460 1314 ού
2496 1259 2712 1332 μακροῦ
2743 1260 2958 1327 δεήσειν
2990 1256 3144 1333 οἶμαι
3182 1262 3321 1333 πρὸς
3353 1261 3628 1328 ἀπόδειξιν
3658 1262 3740 1316 λό-

2159 1365 2282 1417 γου,
2310 1349 2411 1413 τὰς
2448 1350 2558 1403 τῶν
2597 1351 3031 1422 ἀρρωστούντων
3071 1352 3382 1422 ἀγρυπνίας
3415 1352 3514 1423 τῆς
3548 1352 3740 1424 ίατρῶδ

2160 1443 2459 1513 ἐμπειρίας
2511 1443 2626 1497 ἔσθ’
2658 1445 2746 1497 ὅτε
2795 1445 3039 1514 νικώσης
3079 1447 3146 1517 τῇ
3198 1444 3312 1500 τῶν
3357 1445 3742 1517 μανδραγορῶν

2162 1538 2365 1606 φυσικῇ
2411 1536 2684 1606 ἐνεργείᾳ.
2719 1537 2803 1591 Οἶ⁴
2818 1537 2912 1590 καὶ
2942 1538 3281 1607 ὑποφήνειαν
3327 1539 3462 1608 ἡμῖν
3493 1540 3743 1608 αἰνιγμασ

2159 1625 2346 1690 τωδῶς
2371 1628 2430 1681 τὸ
2461 1628 2699 1700 Χριστοῦ
2732 1629 3051 1701 μυστήριον,
3074 1628 3370 1693 ύπνοῦντος
3401 1629 3604 1701 τρόπον
3626 1628 3742 1683 τινὰ

2160 1718 2229 1771 δι’
2281 1721 2451 1790 ἡμᾶς,
2509 1721 2603 1774 καὶ
2647 1719 2929 1786 καθιέντος
2972 1724 3055 1785 είς
3086 1721 3320 1776 κένωσιν
3366 1722 3559 1777 ἑαυτὸν
3590 1722 3742 1793 μέχρι

2164 1810 2419 1873 θανάτου,
2470 1813 2518 1866 εί
2551 1814 2644 1867 καὶ
2683 1813 2884 1867 ἀνεϐίω
2922 1813 3105 1869 πάλιν.
3162 1814 3298 1877 Θεὸς
3342 1814 3457 1885 γὰρ
3506 1810 3576 1887 ἦν
3609 1816 3743 1869 κατὰ

2165 1904 2345 1974 φύσιν,
2402 1906 2497 1959 καὶ
2546 1906 2743 1973 γέγονε
2790 1906 2949 1977 σιίιρξρ
2985 1907 3163 1960 Ὅπου
3195 1907 3254 1960 δὲ
3289 1907 3430 1968 ὅλως
3461 1909 3491 1961 ο
3528 1906 3745 1972 θάνατος

2163 1998 2222 2051 ὲν
2266 1996 2434 2049 ὕπνου
2483 1997 2634 2065 τάξει
2688 1998 3156 2070 παρειλημμένος,
3201 1998 3471 2069 ζητητέον
3521 2000 3636 2054 ἐκεῖ
3659 2002 3746 2054 καὶ

2164 2088 2265 2157 τὴν
2309 2087 2388 2151 εἰς
2428 2086 2573 2159 ζωὴν
2610 2088 2930 2143 ἀναϐίωσιν.
2967 2087 3128 2141 Ὀλον
3151 2089 3210 2142 δὲ
3243 2088 3438 2160 ὥσπερ
3461 2091 3518 2142 ὲν
3545 2089 3746 2152 τούτοις

2165 2179 2227 2233 τὸ
2255 2176 2499 2249 Χριστοῦ
2524 2181 2844 2251 μυστήριον.
2884 2181 2997 2235 Καὶ
3022 2180 3153 2249 γοῦν
3172 2183 3201 2235 ὁ
3224 2179 3516 2246 θεσπέσιος
3548 2181 3746 2247 Παῦλος

2166 2274 2278 2335 τοῖς
2300 2271 2360 2335 ἐξ
2388 2271 2656 2343 ὲλαφρίας
2680 2289 2871 2341 κεκινη
2882 2273 3064 2342 μένοις
3105 2276 3187 2337 εἰς
3216 2274 3553 2345 ἑτερόφρονα
3578 2274 3743 2341 δόξαν.

2171 2363 2499 2433 ἐπισκήπτει
2524 2361 2696 2431 λέγων
2714 2378 2728 2392 ⁸
2762 2382 2780 2415 ι
2814 2364 3113 2435 ηαρέδωκα
3141 2365 3251 2435 γὰρ
3275 2366 3411 2435 ὑμῖν
3437 2367 3492 2418 ὲν
3523 2364 3749 2437 πρώτοις

2168 2453 2196 2506 ὃ
2238 2446 2345 2508 καῖ
2378 2454 2724 2527 παρέλαϐον·
2775 2456 2857 2509 ὅτι
2896 2456 3132 2528 Χριστὸς
3161 2457 3444 2512 ἀπέθανεν
3487 2458 3625 2529 ὑπὲρ
3653 2457 3752 2511 τῶν

2172 2546 2460 2616 ἁμαρτιῶν
2499 2547 2677 2618 ήμῶν,
2722 2547 2869 2601 κατὰ
2904 2548 3005 2612 τὰς
3035 2548 3277 2620 Γραφάς,
3309 2550 3415 2603 καὶ
3458 2552 3540 2604 ὅτι
3568 2551 3750 2618 ἐτάφη.

2171 2637 2268 2689 καὶ
2302 2637 2384 2689 ὃτι
2431 2637 2733 2709 ἐγήγερται
2779 2640 2844 2709 τῇ
2881 2639 3044 2711 τρίτῃ
3071 2638 3257 2711 ἡμέρᾳ
3308 2641 3467 2695 κατὰ
3500 2641 3598 2705 τάς
3626 2641 3756 2712 Γραο

2174 2726 2301 2795 φάς.
2344 2745 2365 2780 ι
2410 2728 2522 2781 Καὶ
2557 2726 2675 2798 μεθ’
2706 2728 2899 2799 ἕτερα·
2937 2747 2956 2781 ι
2986 2729 3049 2785 Εἰ
3073 2728 3128 2783 δὲ
3160 2731 3406 2801 Χριστὸς
3435 2731 3753 2803 κηρύσσεται

2173 2818 2255 2872 ὅτι
2308 2819 2373 2885 ἐκ
2430 2818 2641 2889 νεκρῶν
2702 2819 3026 2890 ἐγήγερται,
3094 2818 3211 2882 πῶς
3243 2818 3503 2888 λέγουσιν
3546 2822 3602 2874 ἐν
3634 2821 3750 2891 ὑμῖν

2175 2924 2342 2973 τινες,
2389 2908 2472 2962 ὅτι
2517 2908 2819 2972 ἀνάστασις
2862 2908 3089 2980 νεκρῶνι
3123 2910 3223 2963 οὐκ
3254 2910 3436 2977 ἓστιν;
3480 2930 3499 2963 ι
3548 2910 3751 2981 Ἐπειδὴ

2176 3004 2286 3075 γὰρ
2320 3002 2536 3075 πρῶτος
2581 3004 2638 3055 ὲν
2667 3001 2979 3073 ἀνθρώποις
3010 3002 3178 3057 ὕπνον
3209 3003 3381 3069 ἔδειξε
3415 3006 3507 3059 τὸν
3534 3004 3751 3059 θάνατον

2175 3099 2204 3151 ὁ
2230 3095 2466 3167 Χριστὸς
2491 3094 2629 3167 (ζωὴ
2652 3095 2761 3167 γὰρ
2779 3091 2847 3166 ἦν
2867 3095 3011 3149 κατά
3041 3095 3265 3168 φύσιν),
3303 3097 3448 3170 Θύρα
3476 3116 3557 3163 τις
3578 3098 3753 3168 ὥσπερ

2179 3192 2272 3245 καί
2310 3188 2430 3253 ὁδὸς
2462 3189 2543 3252 είς
2593 3187 2653 3240 τὸ
2686 3188 2887 3260 χρῆναι
2932 3187 3119 3242 λοιπὸν
3187 3190 3284 3243 καὶ
3329 3190 3497 3244 αὑτοῦ
3537 3190 3753 3245 θανάτου

2179 3279 2718 3343 κατανεανιεύεσοαι,
2762 3284 2829 3353 τῇ
2856 3280 3144 3353 ἀνθρώπου
3182 3282 3379 3351 γέγονε
3413 3284 3590 3355 φύσει.
3623 3282 3754 3337 Ταύο
3802 3266 3809 3277 ’

2177 3392 2328 3447 τῃτοι
2357 3373 2453 3429 καὶ⁵
2478 3375 2507 3426 ὁ
2534 3372 2847 3442 σοφώτατος
2878 3372 3092 3438 Παῦλος
3118 3374 3233 3429 ἀνω
3261 3391 3324 3427 τε
3354 3376 3448 3431 καὶ
3474 3376 3621 3431 κάτω
3640 3375 3756 3437 τοὺς

2175 3469 2254 3538 τῷ
2281 3465 2497 3538 θανάτῳ
2528 3465 3001 3538 κατειλημμένους
3022 3466 3280 3537 ὀνομάζει
3303 3467 3756 3539 κεκοιμημένους’

2177 3560 2253 3624 ὡς
2298 3561 2424 3614 ὅσον
2453 3559 2666 3614 οὐδέπω
2717 3559 2813 3614 καὶ
2851 3559 3338 3631 ἁναὸιωσομένους
3383 3561 3469 3615 διὰ
3512 3558 3756 3632 Χριστοῦ.

2183 3651 2332 3723 Ἔφη
2371 3653 2481 3724 γὰρ
2521 3652 2719 3706 πάλινο
2761 3670 2781 3703 ι
2821 3652 2886 3706 El
2931 3651 3040 3724 γάρ
3067 3652 3406 3723 πιστεύομεν
3430 3654 3509 3707 ὅτι
3541 3652 3760 3722 Χριστὸς

2183 3743 2430 3799 ἀπέθανε
2460 3744 2556 3797 καὶ
2605 3744 2831 3812 ἀνέστη,
2871 3742 3021 3799 οὕτω,
3051 3744 3146 3798 καὶ
3197 3747 3226 3798 ὁ
3254 3745 3390 3808 Θεὸς
3420 3746 3597 3816 ἐγερεῖ
3646 3744 3761 3806 τοῦς

2182 3836 2546 3908 κοιμηθέντας
2594 3836 2692 3890 σὺν
2746 3836 2824 3907 τῷ
2867 3836 3067 3906 Ἰησοῦ,
3121 3836 3217 3890 καὶ
3274 3839 3618 3909 παραστήσει
3671 3836 3760 3888 σὺν

2184 3916 2341 4001 ήμίῖν.
2378 3929 2588 3984 ’Υπνου
2632 3929 2697 4001 δὴ
2731 3925 2825 3984 οὖν
2865 3932 3089 4001 σημεῖον
3133 3930 3185 3982 οἱ
3221 3930 3616 4002 μανδραγόραι.
3662 3927 3762 3982 Καὶ

2181 4021 2406 4083 τούτους
2443 4021 2689 4093 εὑρίσκει
2723 4020 3069 4093 πρωτότοκος
3115 4020 3191 4074 ὢν
3264 4022 3294 4075 ὁ
3340 4021 3621 4092 Ῥουϐεὶμ,
3654 4016 3763 4074 εἶτα

2184 4112 2462 4183 διεκόμισε
2499 4115 2565 4184 τῇ
2605 4114 2804 4185 μητρί”
2840 4115 2874 4183 ή
2902 4113 2959 4169 δὲ
2989 4112 3315 4183 διενείματο
3336 4113 3470 4184 πρὸς
3496 4112 3593 4183 τὴν
3619 4110 3763 4165 ἀδελο

2187 4206 2318 4275 φήν.
2378 4203 2592 4276 Πρῶτοι
2653 4203 2764 4275 γὰρ
2812 4204 2863 4256 oi
2896 4201 2958 4268 ἐξ
3013 4203 3232 4275 Ἰσραὴλ
3282 4203 3379 4257 τοῦ
3428 4202 3762 4274 πρωτοτόκου

2188 4296 2331 4352 κατά
2356 4296 2450 4351 τὸν
2492 4295 2687 4367 χρόνον
2721 4294 3012 4366 νενοήκασί
3048 4311 3107 4349 τε
3137 4300 3232 4349 καὶ
3261 4295 3670 4365 πεπλουτήκασι
3709 4292 3763 4343 τὸ

2191 4392 2284 4447 ἐπὶ
2320 4390 2556 4463 Χριστοῦ
2613 4392 2942 4461 μυστήριον·
2975 4389 3070 4444 καὶ
3117 4388 3182 4461 δὴ
3218 4390 3313 4443 καὶ
3343 4393 3411 4461 τῇ
3446 4390 3550 4461 ἰδία
3587 4387 3761 4460 μητρὶ.

498 4476 632 4540 lem,
652 4477 896 4547 inquam,
915 4477 1202 4539 inventum
1225 4476 1539 4541 exsistentis
1563 4477 1617 4531 in
1644 4475 1778 4547 ipsis
1803 4474 2078 4531 industria

2193 4483 2337 4553 φημὶ
2364 4481 2428 4553 δὴ
2460 4484 2524 4553 τῇ
2561 4480 2942 4552 Ἰερουσαλὴμ,
2969 4478 3190 4553 εὕρημα
3222 4478 3479 4551 λαμπρὸν
3508 4480 3601 4549 τῆς
3629 4474 3765 4531 ἐνού-

501 4565 800 4623 oli‘erentes
820 4569 1083 4639 gaudium
1109 4569 1496 4632 conciliarunt.
1526 4569 1665 4635 Nam
1692 4579 1820 4624 ante
1843 4568 2090 4624 vocatio-

502 4674 630 4719 nem
660 4659 907 4729 gentium
931 4660 1109 4716 sancti
1132 4659 1392 4730 discipuli
1419 4676 1574 4716 saera
1599 4659 1864 4730 mysteria
1889 4658 2094 4715 docue-

503 4761 636 4805 runt
663 4765 762 4820 per
784 4750 1099 4809 universam
1123 4750 1391 4808 Iudaeam.
1418 4750 1536 4807 Etsi
1561 4749 1709 4805 enim
1749 4765 1861 4805 non
1900 4765 2094 4806 omnes

503 4839 646 4899 forte
707 4842 1097 4908 crediderunt,
1150 4843 1412 4916 omnibus
1457 4852 1641 4898 tamen
1692 4840 1926 4899 facultas
1977 4851 2096 4899 erat

504 4933 840 5006 suscipiendi
864 4952 1176 4997 sermonem
1206 4936 1275 4991 de
1313 4935 1557 4992 Christo.
1591 4958 1609 4991 ‹
1641 4938 1882 4997 Servatae
1904 4946 2091 4994 autem

504 5036 634 5087 sunt
658 5030 905 5102 reliquiae
929 5031 997 5095 °',
1023 5051 1041 5082 ›
1072 5030 1380 5086 secundum
1403 5031 1737 5103 Scripturas.
1760 5031 1919 5099 Quod
1956 5047 2092 5088 vero

504 5123 907 5180 anteverterim
937 5122 1110 5179 Judaei
1142 5131 1335 5195 gentes
1359 5126 1414 5180 in
1450 5124 1579 5191 ﬁde,
1606 5126 1961 5184 manifestum
1985 5136 2091 5191 est,

504 5216 825 5287 nominique
863 5218 1092 5273 omnino
1137 5217 1459 5274 obscurum.
1499 5218 1598 5273 Lia
1639 5218 1806 5290 igitur
1849 5218 2096 5288 acceptis

505 5309 890 5381 mandragoris
910 5309 1051 5365 duos
1074 5310 1287 5380 peperit
1311 5310 1472 5372 ﬁlios,
1499 5310 1720 5367 lsacbar
1746 5321 1802 5367 et
1822 5311 2093 5367 Zabulon.

507 5411 687 5474 Atque
706 5403 859 5460 lsacb
867 5418 927 5457 ar
945 5402 1169 5471 quidem
1191 5404 1589 5474 interpretatur
1604 5420 1831 5470 merces;
1851 5404 1992 5460 alter
2007 5419 2100 5460 ve-

510 5510 595 5562 ro,
624 5496 733 5551 hoc
756 5503 842 5551 est
868 5494 1137 5561 Zabulon,
1172 5500 1309 5550 bona
1330 5497 1416 5551 uia
1439 5504 1497 5552 et
1523 5496 1830 5552 benedictio.
1853 5496 2012 5561 Nam,
2035 5506 2101 5552 ut

510 5587 618 5662 iam
642 5588 779 5654 dixi,
805 5603 907 5659 per
930 5596 1149 5644 sanctos
1170 5588 1448 5658 apostolos
1467 5589 1637 5644 veluti
1655 5606 1684 5644 a
1712 5589 1950 5660 propriis
1975 5588 2100 5644 ﬁliis

581 5751 625 5784 “
654 5762 859 5840 Philip.
898 5782 956 5831 ιι,
990 5766 1041 5821 7.
1120 5763 1671 5833 “lCor.xv,5,l.
1751 5763 1964 5823 “Ibid.
2016 5766 2097 5824 ιε.

2190 4588 2291 4643 σης
2330 4572 2514 4633 αὐτοῖς
2561 4572 2847 4641 ἀγχινοίας
2875 4571 3405 4643 προσκεκομικᾶεες,
3450 4571 3656 4642 χαίρειν
3684 4570 3765 4623 ἀνο

2190 4662 2425 4720 έπειθον.
2464 4663 2578 4735 Πρὸ
2604 4664 2714 4733 γάρ
2742 4680 2824 4717 τοι
2857 4663 2958 4732 τῆς
2987 4663 3098 4717 τῶν
3128 4661 3301 4717 ἐθνῶν
3331 4662 3577 4734 κλήσεως
3607 4677 3767 4733 μεμυ-

2191 4757 2616 4828 σταγωγήκασιν
2646 4757 2697 4810 οί
2731 4755 3012 4811 θεσπέσιοι
3044 4754 3283 4825 μαθηταὶ
3313 4756 3441 4819 τοὺς
3471 4753 3575 4809 ἀνὰ
3603 4753 3767 4806 πᾶσαν

2190 4850 2290 4921 τὴν
2326 4849 2606 4907 Ἰουδαίαν.
2638 4850 2703 4903 Εἰ
2727 4848 2839 4919 γάρ
2862 4847 2955 4902 καὶ
2980 4847 3054 4919 μὴ
3083 4849 3284 4910 πάντες
3308 4846 3470 4916 τυχὸν
3497 4841 3769 4900 πεπιστεύα

2199 4959 2381 5007 κασιν,
2434 4941 2549 4997 ἀλλ’
2598 4937 2693 4996 οὖν
2747 4939 2887 5012 μετὰ
2928 4938 3023 4994 τὸν
3064 4938 3159 4995 ἐπὶ
3204 4936 3428 5010 Χριστῷ
3476 4937 3770 5009 προσήκασι

2198 5034 2376 5103 λόγον.
2431 5052 2451 5087 ι
2507 5032 2784 5088 Σέσωσται
2821 5032 2877 5087 δὲ
2910 5031 2973 5084 τὸ
3019 5030 3390 5101 κατάλειμμα.
3435 5049 3453 5081 ι
3509 5028 3645 5082 κατὰ
3680 5024 3770 5087 τὰς

2201 5127 2445 5200 Γραφάς⁹
2499 5126 2625 5181 Ὅτι
2677 5125 2735 5179 δὲ
2789 5123 3186 5195 προειλήφασιν
3232 5123 3291 5174 ὲν
3349 5121 3529 5175 πίστει
3557 5119 3678 5182 τοὺς
3719 5114 3771 5181 ἐξ

2203 5220 2375 5277 ἐθνῶν
2424 5218 2688 5284 Ἰουδαῖοι,
2743 5215 3010 5291 πρόδηλον
3056 5215 3252 5287 δήπου,
3313 5214 3408 5268 καί⁵
3465 5214 3637 5267 οὐδενὶ
3674 5209 3771 5264 τῶν

2203 5315 2374 5368 ὄντων
2402 5309 2747 5382 ἀσυμφανές.
2781 5307 3038 5363 Λαὸοῦσα
3059 5307 3241 5367 τοίνυν
3268 5309 3301 5377 ή
3333 5304 3468 5360 Λεία
3495 5305 3620 5368 τοὺς
3649 5319 3793 5373 μανοι

2204 5405 2501 5477 δραγόρας,
2537 5400 2632 5455 δύο
2663 5399 2852 5454 τέτοκε
2894 5399 3067 5464 υἱοὺς,
3114 5396 3332 5465 Ἰσάχαρ
3364 5411 3425 5449 τε
3459 5390 3767 5450 καὶρΖαεοο-

2206 5499 2334 5551 λῶν.
2363 5495 2472 5549 Καὶ
2498 5492 2719 5564 μισθὸς
2746 5491 2844 5563 μὲν
2874 5490 2902 5543 ό
2944 5489 3165 5559 ἰσάχαρ
3185 5485 3575 5559 ἑρμηνεύεται·
3596 5478 3770 5554 ἕτερός

2208 5608 2269 5659 γε
2297 5589 2423 5660 μὴν,
2456 5584 2752 5648 τουτέστιν,
2788 5585 2816 5638 ὁ
2842 5580 3146 5649 Ζαϐουλὼν,
3177 5577 3446 5648 εὐόδωμὰ
3472 5594 3529 5629 τε
3566 5575 3654 5630 καὶ
3681 5575 3769 5628 εὑ·-

3338 5756 3381 5783 ”
3403 5751 3576 5812 Judic.
3612 5760 3660 5809 ν,
3690 5736 3767 5797 15.

2179 5766 2220 5796 ⁸⁷
2253 5765 2409 5823 lCor.
2438 5781 2509 5830 XI,
2542 5762 2628 5819 '50.
2710 5764 2752 5789 "'
2782 5763 2800 5821 Ι
2831 5761 3022 5817 Thess.
3067 5776 3140 5826 iv,
3174 5758 3257 5812 l5.
