4034 6474
236 316 326 373 ΕΙ
1221 308 1749 376 σιΑΡίΠιιοιιωι
1790 316 1829 371 li

1951 315 2208 374 ENESIM
2246 316 2377 375 LIB.
2420 316 2511 374 IV.
3433 320 3541 379 999.

237 440 422 509 λογία.
465 437 560 502 Ὠς
592 436 696 510 γὰρ
729 437 868 510 ἔφην
890 439 1013 511 ἤδη,
1044 439 1134 495 διὰ
1166 441 1276 495 τῶν
1304 443 1479 512 ἁγίων
1511 441 1830 498 ἀποστόλων

2025 452 2221 510 ωεομ
2254 437 2573 495 Iudaeorum
2615 436 2923 510 suscipiens
2949 435 3160 495 Christi
3187 442 3536 510 mysterium,
3610 492 3618 503 ,

237 532 304 596 ὼς
333 529 488 601 παρὰ
523 531 731 583 τέκνων
776 532 926 585 ίδίων
973 535 1007 605 ἠ
1048 532 1158 588 τῶν
1208 534 1481 590 ⁹ἰουδαίων
1528 535 1828 607 Συναγωγή

1946 531 2217 588 declarata
2233 541 2319 588 est
2332 540 2512 587 mater
2529 532 2734 600 eorum]
2759 530 2855 601 qui
2873 530 2929 586 in
2946 530 3203 587 mercede
3220 539 3351 587 sunt
3371 542 3427 588 et
3443 533 3539 589 he-

237 624 655 695 παραδεεαμένη
687 624 876 679 λοιπὸν
908 625 971 679 τὸ
1003 627 1242 698 Χριστοῦ
1278 631 1597 700 μυστήριον,
1642 631 1830 701 μήτηρ

1943 625 2251 682 nedictione
2263 665 2278 690 ,
2289 625 2549 696 bonoque
2563 624 2734 679 odore
2746 622 2992 696 fragrant
3007 623 3155 695 apud
3166 625 3361 680 Deum.
3377 627 3536 694 Quod

242 714 519 788 ἱπεδείχθη
535 717 744 775 τέκνων
765 718 876 772 τῶν
900 719 995 773 ἐπὶ
1014 720 1197 791 μισθῷ
1214 738 1274 775 τε
1289 722 1383 775 καὶ
1400 721 1676 791 εὐλογίαις
1697 738 1831 775 κατ-

1943 718 2083 773 ειιίιη
2108 717 2368 773 mercede
2394 708 2504 773 non
2529 725 2712 773 careat
2734 716 2872 773 ﬁdes
2889 717 2947 773 in
2965 717 3272 780 Christum,
3290 720 3536 779 ostendit

240 808 597 880 ιυοδουμένων
633 812 790 882 παρὰ
832 813 975 884 Θεῷ.
1008 813 1135 867 Ὅτι
1165 815 1275 887 γὰρ
1304 816 1403 868 οὐκ
1429 814 1714 887 ἄμισθοςή
1741 812 1828 868 πί-

1943 811 2093 867 aobis
2108 822 2466 883 peccatorum
2483 810 2759 866 remissio.
2779 809 2926 877 Quin
2948 817 3005 865 et
3020 811 3137 881 ipse
3154 811 3424 867 Dominus
3438 828 3536 868 no—

236 916 337 963 στις
353 902 384 969 ἡ
403 901 485 963 si;
513 902 777 973 Χριστὸν,
803 905 1073 970 διδάξειεν
1101 906 1167 960 ἂν
1184 906 1348 971 εὐθὺς
1372 908 1483 961 τῶν
1504 908 1612 979 πλη
1623 908 1829 981 μμελη-

1939 911 2053 985 ster
2078 903 2245 959 Jesus
2258 901 2515 959 Christus
2531 902 2840 969 continuat,
2859 903 3051 959 dicens
3074 921 3087 957 :
3115 922 3134 955 ι
3156 903 3353 969 Amen,
3371 920 3532 960 amen

242 994 407 1065 μάτων
429 996 466 1066 ἡ
483 994 711 1064 ἄφεσις.
729 996 1075 1052 Πιστὼσεται
1102 998 1159 1053 δὲ
1184 1000 1322 1070 πρὸς
1354 1001 1516 1054 τοῦτο
1539 1002 1636 1055 καὶ
1663 1001 1828 1066 αὐτὸς

1933 993 2058 1049 dico
2075 993 2357 1065 vobis,qni
2379 993 2558 1050 credit
2573 994 2628 1049 in
2648 1010 2758 1059 me,
2774 994 2944 1050 habet
2959 995 3128 1050 vitam
3151 998 3494 1052 aeternam".
3508 1017 3526 1049 ι

239 1084 387 1151 λέγων
403 1085 436 1137 6
455 1085 673 1157 Κύριος
699 1086 864 1158 ἡμῶν
895 1087 1108 1160 Ἰησοῦς
1130 1091 1386 1162 Χριστός
1415 1111 1433 1144 ι
1457 1092 1652 1163 ’Δμὴν,
1674 1094 1826 1163 ἀμην

1943 1087 2122 1143 Nihilo
2149 1103 2285 1144 vero
2311 1088 2498 1144 minus
2518 1088 2687 1144 etiam
2712 1087 2908 1143 beatus
2927 1087 3167 1143 Paulus:
3201 1106 3219 1137 ι
3246 1087 3426 1158 Prope
3448 1097 3536 1144 est

239 1177 359 1246 λέγω
377 1177 530 1247 ὑμῖν,
571 1180 602 1230 6
622 1179 900 1233 πιστεύων
932 1182 1013 1244 είς
1035 1182 1160 1252 ἐμὲ,
1195 1181 1309 1251 ἔχει
1340 1180 1488 1253 ζωὴν
1517 1183 1755 1242 αίώνιον.
1799 1204 1818 1236 ι

1939 1182 2163 1237 verbum
2195 1182 2252 1237 in
2273 1197 2370 1237 ore
2398 1190 2495 1236 tuo
2518 1189 2575 1237 et
2600 1181 2655 1235 in
2689 1179 2856 1236 corde
2888 1189 3005 1245 tuo,
3038 1180 3143 1235 hoc
3168 1188 3273 1244 est,
3297 1178 3532 1235 verbum

234 1268 379 1324 056‘sv
400 1264 574 1340 ἦττον
594 1271 692 1324 καὶ
715 1273 745 1325 6
773 1272 1047 1344 μακάριος
1079 1273 1312 1339 Παῦλος·
1354 1295 1373 1328 ι
1419 1274 1619 1344 Ἐγγύς
1643 1294 1737 1332 σου
1763 1278 1825 1332 τὺ

1940 1274 2054 1332 fidei
2092 1275 2238 1345 quod
2269 1274 2635 1345 praedicamus
2657 1315 2671 1337 ,
2697 1272 2827 1343 quia
2853 1272 2899 1328 si
2928 1272 3246 1328 conﬁtearis
3272 1272 3402 1344 quia
3426 1272 3533 1328 Do-

234 1361 370 1433 ρῆμά
390 1363 544 1417 ἐστιν
567 1365 629 1416 ὲν
654 1362 734 1436 τῷ
754 1364 989 1436 στόματί
1017 1382 1139 1428 σου,
1167 1368 1264 1421 καὶ
1290 1367 1352 1420 ὲν
1371 1369 1438 1439 τῇ
1470 1368 1672 1440 καρδίᾳ
1703 1385 1818 1421 σουο

1939 1366 2113 1423 minus
2125 1377 2211 1423 est
2231 1367 2413 1427 Jesus.
2431 1376 2488 1423 et
2505 1364 2809 1423 credideris
2824 1366 2880 1420 in
2896 1366 3064 1420 corde
3089 1374 3203 1431 tuo,
3221 1364 3368 1436 quod
3387 1366 3532 1421 Deus

227 1454 478 1518 τουτέστι,
515 1455 582 1509 τὸ
614 1454 775 1527 ῥῆμα
815 1457 916 1526 τῆς
942 1455 1181 1520 πίστεως
1213 1456 1243 1511 δ
1288 1457 1662 1530 κηρύσσομεν.
1694 1460 1820 1514 Ὀτι

1935 1460 2107 1532 ipsum
2145 1460 2434 1516 suscitavit
2464 1475 2495 1515 a
2531 1460 2786 1523 mortuis,
2814 1458 3136 1515 salvaberis.
3167 1457 3347 1513 Corde
3379 1459 3528 1514 enim

229 1549 314 1605 ἐὰν
350 1549 510 1620 εἴπῃς
552 1552 615 1603 ὲν
638 1549 721 1621 τῷ
774 1551 1009 1620 στόματί
1058 1567 1174 1613 σου,
1206 1551 1288 1604 ὅτι
1321 1550 1529 1623 Κύριος
1586 1551 1818 1623 Ἰησοῦς,

1938 1552 2175 1608 :reditur
2194 1553 2263 1607 ad
2284 1552 2581 1624 justitiam,
2605 1567 2701 1607 ore
2721 1560 2905 1608 autem
2928 1551 2989 1605 tit
3004 1550 3278 1606 confessio
3294 1550 3361 1605 ad
3384 1551 3531 1607 salu-

227 1642 312 1695 καὶ
345 1626 650 1713 πιστεύσῃς
689 1644 749 1697 ὲν
790 1645 855 1714 τῇ
908 1643 1110 1716 καρδίᾳ
1136 1660 1253 1709 σου,
1297 1643 1379 1699 ὅτι
1423 1645 1453 1698 6
1490 1644 1626 1709 Θεὸς
1656 1645 1820 1699 αὐτὸν

1933 1644 2120 1701 tem“.
2145 1663 2165 1695 ρ
2187 1642 2449 1710 ρυιιεηειιι
2473 1644 2643 1715 igitur
2663 1646 2840 1713 major
2860 1643 3351 1714 admirabiliorque
3376 1659 3526 1700 mer-

226 1734 432 1805 ὴγειρεν
454 1736 521 1788 ἐκ
549 1735 793 1807 νεκρῶν,
827 1736 1071 1808 σωθήσῃ.
1110 1737 1326 1809 Καρδίᾳ
1355 1737 1462 1810 γὰρ
1500 1737 1817 1797 πιστεύεται

1933 1734 2112 1793 cesest
2140 1752 2305 1808 quam
2319 1737 2515 1791 salvari
2537 1736 2802 1792 animam?
2819 1736 2975 1809 137
2988 1735 3147 1803 Quod
3162 1736 3315 1792 enim
3325 1737 3526 1794 eximia

225 1827 297 1889 εἰς
329 1827 685 1899 δικαιοσύνην
706 1845 721 1861 ·
774 1830 1003 1901 στόματι
1048 1830 1103 1883 δὲ
1144 1832 1489 1902 ὁμολογεῖται
1522 1834 1602 1896 εἰς
1634 1850 1814 1902 σωτη-

1935 1812 2121 1893 ressit,
2143 1828 2487 1899 maximeque
2502 1829 2763 1898 pretiosa,
2780 1828 2897 1899 ipse
2911 1829 3080 1885 etiam
3100 1828 3353 1885 Salvator
3365 1828 3528 1886 nubis

232 1918 356 1989 ρίαν.
396 1936 415 1970 ι
462 1919 562 1982 Τίς
601 1915 697 1973 οὖν
735 1920 845 1993 ἄρα
877 1922 1082 1993 μείζων
1120 1940 1179 1975 τε
1216 1924 1311 1977 καὶ
1343 1923 1671 1994 ἁξιόληπτός
1700 1928 1817 1979 ἐστι

1932 1920 2242 1992 persuadet,
2266 1920 2460 1976 dicens
2485 1937 2498 1973 :
2530 1940 2547 1971 ι
2566 1919 2709 1985 Quid
2734 1920 2960 1990 prodest
2982 1920 3196 1975 homini
3221 1921 3265 1975 si
3296 1921 3525 1977 univer-

235 2012 399 2081 μισθὸς
450 2012 546 2066 τοῦ
614 2014 883 2068 διασῶσαι
943 2013 1152 2087 ψυχήνς
1195 2016 1318 2070 ’Ότι
1379 2016 1489 2089 γὰρ
1526 2017 1587 2070 τὸ
1623 2018 1817 2090 χρῆμα

1934 2029 2040 2070 sum
2100 2012 2371 2067 mundum
2419 2012 2691 2078 lucretur,
2755 2012 2955 2067 animae
2999 2027 3134 2085 vero
3191 2028 3306 2068 sua:
3351 2012 3527 2069 detri-

239 2104 476 2178 ἱξειίρετον
527 2108 637 2162 καὶ
691 2107 789 2162 τοῦ
841 2109 1043 2173 παντὸς
1101 2109 1253 2175 ἄξιον
1302 2109 1485 2180 λόγου,
1534 2112 1626 2165 καὶ
1652 2113 1816 2178 αὐτὸς

1928 2114 2169 2161 ruentum
2214 2106 2506 2177 patiatur?
2560 2113 2657 2160 aut
2700 2104 2833 2175 quid
2886 2103 3121 2161 daturus
3173 2114 3260 2161 cst
3314 2104 3521 2169 homo,

239 2200 358 2269 ἡμᾶς
377 2202 403 2253 6
431 2200 638 2273 Σωτὴρ
681 2201 971 2255 ἀναπείθει
998 2201 1173 2272 λέγων
1192 2220 1206 2234 ·
1242 2223 1260 2255 ι
1298 2204 1365 2258 Τί
1398 2205 1508 2275 γὰρ
1526 2204 1817 2276 ὠφεληθή-

1933 2217 2031 2272 quo
2069 2209 2331 2271 repenset
2389 2199 2633 2254 animam
2681 2212 2838 2253 suam
2860 2198 2944 2252 "?
2970 2218 2987 2249 ι
3041 2197 3293 2253 Gloriosa
3338 2198 3526 2267 itaque

234 2307 358 2345 σεται
382 2291 682 2364 ἄνθρωπος
718 2294 814 2347 ὲὰν
838 2294 933 2349 τὸν
961 2296 1167 2367 κόσμον
1192 2296 1314 2350 ὅλον
1342 2298 1607 2370 κερδήσῃ,
1635 2299 1732 2371 τὴν
1755 2298 1813 2354 δὲ

1934 2303 1973 2350 ξι
2010 2293 2272 2350 salutaris
2322 2299 2410 2347 est
2460 2291 2820 2348 credentibus
2875 2305 3112 2346 merces.
3174 2290 3335 2357 Quod
3389 2304 3527 2345 vero

190 2428 199 2439 .
227 2383 379 2456 ψυχὴν
408 2385 577 2441 αὐτοῦ
623 2387 913 2460 ζημιωθῇ
950 2388 984 2458 ἢ
1020 2389 1071 2441 τί
1102 2388 1266 2442 δώσει
1296 2389 1584 2462 ἄνθρωπος
1611 2391 1781 2446 ἁντάλ

1933 2398 2015 2440 :os
2051 2383 2147 2455 qui
2198 2382 2254 2438 in
2301 2379 2526 2437 Christo
2578 2379 2865 2452 justiﬂcati
2912 2386 3043 2433 sunt
3093 2378 3412 2435 benedictio
3452 2380 3526 2435 sit

226 2475 386 2550 λαγμα
425 2482 526 2549 τῆς
564 2479 761 2550 ψυχῆς
805 2480 1011 2547 autcf);
1061 2501 1081 2533 ι
1124 2482 1369 2554 Εὐκλεὴς
1408 2479 1502 2537 οὖν
1552 2483 1664 2556 ἄρα
1716 2484 1813 2540 καὶ

1931 2471 2269 2534 nomitatura,
2322 2467 2558 2523 dubium
2602 2483 2724 2524 esse
2771 2482 2883 2522 non
2927 2475 3131 2538 potest.
3184 2468 3524 2545 Sanctificati

226 2571 464 2642 σωτήριος
493 2575 618 2635 τοῖς
650 2572 1009 2628 πιστεύουσιν
1037 2577 1065 2630 6
1102 2575 1312 2646 μισθός.
1358 2577 1481 2629 Ὅτι
1509 2576 1567 2633 δὲ
1607 2581 1720 2643 τοῖς
1751 2579 1811 2633 ἑν

1930 2563 2066 2619 enim
2106 2578 2301 2620 sumus
2341 2563 2399 2618 in
2444 2561 2663 2634 spiritu.
2708 2560 2855 2629 Quin
2897 2569 2955 2616 et
2993 2558 3192 2616 beatus
3224 2561 3396 2617 David
3446 2562 3523 2617 ita

223 2664 418 2735 Χριστῷ
459 2666 921 2738 δεδικαιωμένοις
967 2669 1159 2739 ἕψεταί
1197 2688 1300 2725 που
1347 2671 1568 2734 πάντως
1611 2672 1707 2726 καὶ
1750 2672 1811 2726 τὸ

1950 2657 1994 2713 it
2026 2672 2039 2711 :
2083 2676 2102 2707 ι
2133 2654 2458 2711 Benedictio
2498 2655 2718 2710 Domini
2755 2668 2922 2725 super
2943 2669 3046 2709 vos
3077 2670 3090 2702 :
3121 2653 3399 2709 benedicti
3423 2668 3540 2710 vos'

222 2756 535 2825 εὐλογείσθαι
569 2758 712 2821 δεῖν,
746 2760 833 2829 εἴη
863 2758 930 2812 ἂν
958 2760 1061 2813 οὐκ
1090 2761 1419 2832 ἀμφίλογον.
1463 2763 1810 2835 Ἡγιάσμεθα

1930 2763 1946 2802 ι
1994 2747 2264 2813 Domino,
2317 2746 2415 2817 qui
2465 2745 2599 2802 fecit
2637 2745 2841 2801 caelum
2892 2754 2950 2800 et
2986 2753 3189 2800 terram
3210 2743 3277 2798 ".
3307 2765 3326 2797 ι
3374 2746 3523 2801 Deus

221 2847 311 2919 γὰρ
356 2852 412 2904 ὲν
462 2852 771 2922 πνεύματι.
834 2853 946 2907 Καί
996 2871 1163 2923 φησιν
1215 2856 1244 2908 6
1289 2855 1563 2927 μακάριος
1616 2855 1803 2909 Δαϐίδ-

1924 2855 2047 2896 vero
2081 2840 2202 2911 ipse
2245 2856 2346 2912 per
2389 2854 2584 2895 vocem
2625 2839 2780 2897 Isaiae
2812 2836 3020 2893 alicubi
3061 2836 3130 2892 ad
3169 2837 3517 2892 credentium

227 2963 243 2994 ι
270 2943 490 3013 Εὐλογία
525 2947 745 3017 Κυρίου
791 2946 878 3015 ἐφ’
909 2947 1079 3017 ὑμᾶς.
1115 2947 1487 3019 Εὐλογημένοι
1535 2949 1695 3018 ὑμεῖς
1728 2949 1809 3021 τῷ

1928 2941 2171 2997 natrem,
2211 2932 2540 2997 Ecclesiam,
2565 2933 2814 3003 inquam,
2838 2930 2951 2987 ait:
2989 2950 3008 2982 ι
3033 2930 3315 3000 lmpoaam
3354 2929 3521 3000 spiri-

220 3039 406 3112 κυρίῳ,
445 3039 525 3111 τῷ
581 3041 887 3113 ποιήσαντι
924 3042 1016 3095 τὸν
1041 3040 1274 3111 οὐρανὸν
1301 3030 1413 3095 ’καὶ
1459 3040 1559 3113 τὴν
1613 3041 1737 3112 γῆν.

1929 3037 2034 3077 eum
2076 3036 2264 3078 meum
2306 3037 2475 3093 super
2523 3037 2713 3081 semen
2756 3030 2952 3087 tuum,
2999 3030 3058 3075 et
3097 3020 3522 3079 benedictioncs

223 3114 432 3205 Ἔφηδὲ
470 3151 578 3188 που
635 3112 774 3198 Θεὸς
819 3135 916 3188 καὶ
945 3133 1035 3188 διὰ
1064 3133 1167 3205 τῆς
1203 3133 1300 3188 τοῦ
1334 3112 1561 3187 Ἠσαίου
1595 3135 1803 3205 φωνῆς,

1926 3129 2067 3171 meas
2094 3130 2264 3185 super
2286 3113 2431 3170 ﬁlios
2455 3121 2581 3171 tuos
2605 3113 2671 3169 ⁷⁸.
2699 3132 2716 3165 ι
2748 3112 2965 3168 Idcirco
3009 3112 3177 3168 etiam
3219 3114 3519 3183 sapientis-2

220 3225 334 3297 πρὸς
359 3226 454 3298 τὴν
475 3226 592 3282 τῶν
625 3225 997 3281 πιστευόντων
1031 3225 1267 3298 μητέρα,
1297 3245 1371 3296 φη
1382 3228 1443 3297 μὶ
1466 3227 1529 3297 δὴ
1554 3226 1655 3299 τὴν
1681 3227 1807 3281 Ἐκ-

1928 3208 2086 3264 timus
2102 3209 2310 3264 Paulus
2325 3208 2395 3263 iis
2416 3208 2514 3279 qui
2531 3223 2633 3279 per
2653 3205 2819 3262 ﬁdem
2838 3206 3127 3279 justiﬁcati
3149 3214 3278 3261 sunt
3301 3206 3521 3273 scribit,

219 3315 443 3386 κλησίαν·
467 3337 486 3370 ι
536 3316 832 3388 Ἐπιθήσω
877 3317 941 3371 τὸ
973 3317 1194 3389 πνεῦμά
1230 3336 1333 3388 μου
1366 3318 1462 3372 ἐπὶ
1493 3318 1554 3371 τὸ
1583 3318 1807 3390 σπέρμα

1927 3303 2151 3360 licens:
2181 3323 2199 3355 ι
2230 3303 2567 3360 Benedictus
2610 3303 2760 3359 Deus
2793 3311 2850 3359 et
2888 3304 3053 3358 Pater
3086 3302 3307 3357 Domini
3342 3304 3520 3359 nostri

219 3423 319 3475 σου,
350 3411 441 3463 καὶ
471 3408 574 3476 τὰς
611 3409 870 3479 εὐλογίας
897 3425 999 3481 μου
1035 3409 1129 3464 ἐπὶ
1158 3409 1227 3464 τὰ
1250 3410 1418 3465 τέκνα
1451 3428 1566 3463 σου.
1608 3429 1627 3462 ι
1660 3410 1807 3467 Ταύ-

1930 3395 2035 3454 ἕεειι
2057 3394 2292 3462 Christi,
2313 3396 2409 3465 qui
2424 3395 2715 3453 benedixit
2736 3410 2841 3451 nos
2862 3394 2919 3452 in
2945 3394 3098 3449 omni
3125 3395 3523 3455 benedictione

216 3518 346 3574 τῃτοι
377 3505 467 3558 καὶ
502 3506 531 3558 6
580 3502 907 3574 σοφώτατος
957 3502 1176 3567 Παῦλος
1214 3505 1328 3567 τοῖς
1354 3505 1411 3557 ὲν
1446 3503 1632 3558 πίστει
1667 3503 1804 3558 δεδι-

1934 3489 2255 3560 piritnali".
2270 3509 2288 3542 ι
2311 3488 2562 3556 Quivero
2572 3503 2872 3560 supernam
2891 3488 3340 3547 benedictionem
3358 3489 3527 3545 ubera

219 3597 525 3667 καιωμὲνοις
568 3596 913 3665 ἐπιστέλλει,
946 3596 1157 3668 λέγων’
1198 3616 1218 3649 ι
1258 3595 1570 3668 Εὐλογητὸς
1602 3597 1631 3651 6
1671 3595 1805 3662 Θεὸς

1933 3582 2005 3636 im
2021 3581 2308 3654 consecuti
2325 3590 2455 3636 sunt
2473 3622 2488 3646 ,
2514 3597 2628 3652 quo
2638 3588 2800 3652 pacto
2817 3596 2925 3636 non
2957 3589 3108 3641 recta
3128 3582 3442 3654 dirigantur
3463 3583 3522 3647 in

220 3686 301 3740 καὶ
327 3688 507 3762 Πατὴρ
546 3690 650 3745 τοῦ
685 3689 898 3762 Κυρίου
931 3690 1094 3764 ἡμῶν
1144 3689 1321 3761 Ἰησοῦ
1354 3688 1620 3762 Χριστοῦ,
1651 3691 1680 3743 6
1710 3690 1806 3743 εὐ-

1928 3690 2070 3731 ιιιιῐιο
2085 3691 2226 3746 opus
2240 3675 2482 3731 bonum?
2503 3696 2520 3727 ι
2549 3674 2760 3735 Semita
2781 3696 2800 3727 ι
2820 3676 2969 3732 enim
2986 3718 3001 3741 ,
3019 3676 3231 3747 inquit,
3251 3697 3270 3729 ι
3296 3678 3521 3748 piorum

219 3778 430 3851 λογήσας
461 3785 622 3856 ἡμᾶς
676 3785 737 3837 ὲν
780 3785 931 3857 πάσῃ
974 3783 1198 3856 εὐλογίᾳ
1242 3785 1617 3856 πνευματικῇ.
1668 3802 1688 3837 ι
1739 3782 1805 3836 Οἱ

1927 3775 2058 3823 ecta
2079 3766 2222 3822 facta
2250 3776 2355 3834 est,
2376 3774 2435 3822 et
2468 3766 2556 3821 via
2583 3766 2865 3838 justorum
2889 3776 3220 3838 praeparata.
3243 3766 3344 3822 Via
3364 3767 3520 3827 enim

220 3871 267 3926 δὲ
287 3875 378 3945 τῆς
402 3878 616 3932 ἄνωθεν
642 3877 901 3946 εὐλογίας
928 3878 1202 3943 πλουσίως
1232 3877 1658 3950 μετεσχηκότες,
1685 3875 1805 3939 πῶς

1925 3860 2125 3915 )omini
2136 3860 2410 3932 judicium
2426 3859 2495 3914 ⁷⁸.
2508 3879 2526 3910 ι
2549 3859 2687 3915 Nam
2699 3858 2769 3914 de
2787 3858 3072 3931 Synagoga
3083 3858 3401 3915 Iudaeorum
3416 3859 3518 3914 ali-

218 3962 275 4018 ἆν
308 3966 399 4019 οὐκ
432 3968 762 4023 εὐοδωθεϊεν
795 3970 878 4034 είς
917 3970 1028 4024 πᾶν
1088 3969 1250 4041 ἔργον
1301 3969 1542 4039 ἁγαθόνς
1583 3987 1602 4021 ι
1654 3966 1804 4029 Ὁδὸς

1927 3953 2034 4008 :uhi
2056 3953 2131 4009 ita
2149 3954 2256 4009 ait:
2285 3973 2302 4005 ι
2322 3953 2465 4009 Ecce
2477 3968 2579 4024 ego
2589 3953 2875 4008 obstruam
2893 3953 3011 4008 vias
3032 3954 3174 4023 ejus,
3193 3962 3250 4008 et
3261 3953 3520 4007 semitam-

221 4056 330 4127 γὰρ,
355 4061 535 4130 φησὶν,
581 4060 832 4115 εὐσεϐῶν
856 4061 1043 4116 εὐθεῖα
1076 4062 1318 4133 ἐγένετο,
1339 4063 1433 4117 καὶ
1461 4078 1806 4134 παρεσκευα-

1928 4047 2059 4102 llius
2082 4062 2195 4102 non
2220 4047 2475 4102 invenies
2501 4047 2570 4100 '7.
2600 4064 2618 4098 ι
2648 4046 2762 4102 Nos
2785 4052 2967 4102 autem
2998 4046 3305 4101 immittens
3333 4047 3388 4100 in
3414 4063 3521 4101 su-t

224 4147 372 4221 σμένη
399 4151 512 4217 ὁδὸς
563 4151 682 4205 τῶν
718 4151 984 4211 εὐσεϐῶν.
1032 4152 1095 4206 Ἠ
1120 4152 1230 4224 γὰρ
1262 4152 1379 4218 ὁδὸς
1407 4152 1642 4224 Κυρίου,
1676 4151 1801 4221 κρί-

1923 4157 2108 4197 ternas
2130 4141 2448 4197 mansiones
2471 4155 2572 4211 per
2596 4140 2753 4195 Liam
2781 4140 3215 4211 quodammodo,
3239 4148 3297 4195 et
3318 4146 3516 4210 aperta

223 4255 308 4304 αις.
344 4260 362 4295 ι
394 4244 530 4316 Περὶ
578 4244 685 4315 μὲν
717 4244 829 4318 γὰρ
869 4246 971 4316 τῆς
1013 4245 1289 4299 Ἰουδαίων
1331 4245 1665 4315 Συναγωγῆς
1696 4243 1799 4316 ἔφη

1922 4235 2016 4299 ria,
2041 4234 2251 4290 sanctis
2276 4233 2550 4291 ministris
2570 4234 2645 4290 ita
2671 4234 2964 4305 praecipit:
2998 4252 3015 4284 ι
3045 4231 3274 4302 Aperite
3299 4238 3515 4301 portas,

222 4350 309 4387 που
330 4335 482 4402 Θεός·
538 4356 559 4390 ι
616 4336 751 4392 Ἰδού
801 4336 914 4407 ἐγὼ
953 4338 1263 4409 ὲμςρρὰσσω
1289 4336 1390 4401 τὰς
1421 4337 1574 4401 ὁδοὺς
1607 4337 1800 4407 αὐτῆς,

1927 4326 2257 4397 ngrediatur
2277 4326 2518 4397 populus
2542 4325 2866 4381 cuswdiens
2885 4324 3179 4395 justitiam,
3205 4333 3263 4379 et
3285 4339 3518 4378 annun-t

222 4427 300 4481 καὶ
319 4430 409 4501 τὴν
434 4433 631 4505 τρίϐον
652 4431 829 4502 αὐτῆς
851 4431 913 4485 οὐ
936 4430 1010 4503 μὴ
1040 4430 1198 4504 εὕρῃ.
1232 4448 1250 4482 ι
1288 4430 1469 4503 Ἥμᾶς
1495 4429 1551 4483 δὲ
1572 4429 1801 4499 εἰσπέμ-

1919 4419 2052 4473 .ians
2077 4418 2410 4485 veritatem;
2440 4418 2869 4489 apprehendens
2891 4417 3187 4475 veritatem
3218 4424 3275 4473 et
3317 4424 3512 4472 custos

225 4536 322 4573 πων
345 4524 460 4585 ταῖς
484 4524 602 4579 ἄνω
632 4524 826 4594 μοναῖς
856 4521 947 4577 διὰ
988 4520 1142 4585 λείας
1173 4520 1366 4593 ὥσπερ
1394 4521 1489 4573 καὶ
1520 4518 1792 4590 ἐψιλωμέ-

1922 4511 2060 4567 liens
2079 4525 2274 4582 pacem
2295 4511 2361 4565 ⁷⁸.
2388 4530 2407 4561 ι
2432 4510 2503 4566 Ει
2526 4524 2749 4565 rursum
2773 4526 2787 4569 :
2817 4528 2834 4560 ι
2860 4508 3098 4565 Semitas
3118 4508 3281 4564 facite
3301 4509 3515 4579 populo.

224 4627 305 4681 νης
353 4613 489 4680 ὁδοῦ,
551 4617 671 4680 τοῖς
736 4615 917 4684 ἁγίοις
982 4613 1361 4676 διακελεύεται
1425 4612 1795 4682 λειτουργοῖςθ

1917 4618 2051 4668 meo,
2078 4610 2136 4659 et
2156 4601 2370 4673 lapides
2393 4601 2498 4657 via:
2521 4600 2764 4673 disjicite
2790 4601 2860 4668 ⁷⁸,
2887 4621 2904 4653 ι
2929 4616 3000 4657 ne
3023 4600 3207 4656 obviis
3229 4600 3510 4656 scandalis

228 4723 244 4755 ι
265 4705 518 4772 Ἀνοίξατε
545 4708 753 4775 πύλας,
777 4707 1070 4763 εἰσελθέτω
1103 4706 1232 4771 λαὸς
1266 4705 1562 4775 φυλάσσων
1594 4704 1800 4758 δικαιο-

1921 4697 2128 4763 ιίΐεηεί,
2166 4712 2198 4752 a
2224 4703 2381 4752 recto
2404 4695 2664 4751 instituto
2687 4694 3067 4750 retardentur.
3091 4693 3191 4749 Lia
3214 4694 3385 4764 igitur
3410 4708 3514 4751 eos

228 4797 386 4870 ούνην,
420 4805 515 4857 καὶ
554 4801 912 4871 ἀναγγέλλων
942 4799 1223 4872 ἀλήθειαν,
1256 4797 1798 4869 ἀντιλαμϐανόμενος

1920 4791 1997 4862 [ui
2022 4791 2079 4845 in
2121 4789 2380 4845 mercede
2418 4796 2478 4845 et
2515 4786 3002 4846 benedictionibus
3044 4793 3194 4850 sunt,
3243 4792 3513 4856 rectaque

224 4889 474 4963 ἀληθείας,
546 4896 648 4950 καὶ
698 4895 994 4964 φυλάσσων
1056 4893 1304 4965 εἰρήνην.
1353 4911 1372 4943 ι
1434 4890 1547 4945 Καὶ
1597 4891 1792 4945 πάλιν·

1913 4886 1989 4941 ria
2029 4884 2176 4956 apud
2219 4884 2395 4939 Deum
2437 4882 2727 4947 insistunt,
2757 4880 2996 4953 peperit.
3024 4877 3229 4937 Rachel
3255 4893 3390 4933 vero
3426 4877 3506 4933 εἰη

232 4999 250 5032 ι
291 4983 663 5057 Ὀδοποιήσατε
712 4977 794 5059 τῷ
840 4985 957 5057 λαῷ
996 5003 1123 5057 μου,
1163 4985 1260 5039 καὶ
1303 4985 1429 5048 τούς
1474 4982 1659 5046 λίθους
1693 4983 1794 5053 τῆς

1910 4978 2113 5034 militer
2128 4977 2372 5048 acceptis
2391 4976 2462 5032 ab
2483 4977 2601 5047 ipsa
2620 4974 3027 5045 mandragoris,
3046 4972 3262 5044 peperit
3276 4970 3503 5041 Ioseph.

228 5070 327 5129 ³δοῦ
353 5078 694 5153 διαρρίψατεο
733 5096 754 5133 ι
789 5080 877 5134 ἶνα
905 5078 982 5151 μὴ
1004 5080 1120 5143 τοῖς
1147 5078 1236 5132 διὰ
1269 5075 1438 5150 μέσου
1471 5076 1795 5139 σκανδὰλοις

1912 5072 2231 5141 Suscipiens
2265 5071 2415 5127 enim
2449 5068 2862 5141 quodammodo
2886 5066 3132 5122 Ecclesia
3158 5062 3367 5120 Christi
3390 5078 3505 5135 my.

152 5204 161 5214 ο
230 5174 652 5237 προσπταίοντες,
699 5171 858 5225 ὄκνον
904 5169 1234 5236 είσδέξοιντο
1278 5168 1374 5223 τὸν
1432 5168 1520 5222 ἐπ’
1564 5168 1745 5239 ἀγαθο

1907 5166 2138 5222 sterium
2176 5180 2276 5236 per
2303 5177 2524 5220 sanctos
2549 5163 2849 5234 apostolos,
2874 5160 3045 5217 veluti
3074 5175 3143 5215 ex
3174 5156 3345 5213 simili
3377 5157 3500 5228 quis

232 5257 633 5333 σπουδάσμασιν.
681 5261 897 5317 Οὐκοῦν
925 5264 1052 5327 τοὺς
1078 5262 1172 5316 ἐπὶ
1217 5261 1398 5334 μισθῷ
1425 5279 1485 5315 τε
1515 5263 1609 5316 καὶ
1648 5261 1800 5315 εὐλο-

1913 5258 2027 5315 lem
2055 5274 2267 5324 sorore,
2315 5256 2603 5330 Synagoga
2639 5256 2981 5318 Iudaeorum,
3018 5261 3199 5309 mater
3238 5252 3264 5307 f
3294 5260 3382 5308 cta
3421 5260 3506 5307 est

230 5345 352 5411 Υίαις
371 5355 863 5425 κατευοδουμένους
892 5355 1046 5426 παρὰ
1071 5353 1213 5425 Θεῷ.
1239 5355 1432 5408 τέτοκε
1458 5354 1594 5408 Λεία
1616 5371 1629 5384 ·
1672 5356 1797 5409 Ῥα-

1905 5352 2089 5423 populi
2115 5351 2423 5407 crescentis
2449 5365 2690 5421 semper,
2713 5358 2772 5405 et
2797 5349 2855 5403 in
2879 5348 3207 5404 immensam
3244 5346 3498 5402 multitu-

233 5437 317 5509 κὴλ
338 5442 390 5497 δὲ
410 5446 609 5518 ὁμοίως
630 5448 876 5504 λαϐοῦσα
895 5450 1023 5513 τοὺς
1047 5448 1457 5520 μανδραγόρας.
1483 5448 1674 5502 τέτοκε
1703 5449 1796 5501 τὸν

1910 5449 2088 5504 linem
2110 5462 2234 5502 sese
2261 5443 2640 5516 propagantis.
2668 5442 3079 5514 Interpretatur
3101 5440 3249 5497 enim
3274 5437 3503 5509 Joseph,

243 5527 433 5607 Ἰωσήφ.
479 5538 913 5614 Παραδεξαμένη
945 5536 1055 5615 γὰρ
1101 5540 1352 5614 ὥσπερὴ
1397 5540 1696 5611 Ἐκκλησία
1735 5539 1796 5596 τὸ

1910 5540 2103 5598 αόάὶιὶο
2127 5536 2247 5592 Dei.
2269 5536 2472 5597 Addita
2488 5535 2638 5593 enim
2660 5544 2746 5591 est
2763 5535 2915 5607 gregi
2932 5533 3240 5592 Israelitico
3258 5530 3503 5585 Ecclesia

309 5738 517 5819 :“Joan.
545 5767 595 5815 v,
619 5752 709 5808 25.
801 5752 845 5783 ⁷¹
880 5751 1108 5815 Rom.x,
1140 5754 1294 5810 8—10.
1374 5757 1420 5787 ⁷¹
1456 5756 1647 5810 Matth:
1671 5757 1896 5819 “1,26;

1932 5756 2100 5810 Marc.
2130 5751 2350 5815 vm,56.
2430 5751 2479 5782 ⁷³
2507 5750 2650 5805 Psal.
2722 5765 2867 5819 exui,
2900 5748 2985 5802 i:‘i.
3014 5818 3017 5819 ν
3062 5745 3111 5819 Ῐδ
3134 5743 3236 5797 lsa.
3273 5736 3496 5819 χοινιζῦ-

243 5808 274 5840 ⁹⁷
295 5808 473 5885 Ephcs.
497 5837 533 5883 ι.
558 5808 608 5880 3.
688 5824 735 5856 7“
763 5823 868 5878 Isa.
905 5841 1050 5891 nrt,
1081 5808 1133 5892 ά,
1156 5808 1220 5881 78.
1253 5808 1263 5810 ί
1329 5829 1373 5859 τ’
1400 5808 1555 5885 οέεξε
1595 5808 1778 5892 ιι,
1802 5808 1831 5812 —

1864 5808 1898 5859 νδ
1935 5808 2039 5886 ita.
2066 5808 2242 5891 itm,
2268 5823 2478 5890 ‘2;l."ll,
2519 5822 2614 5891 ιδ,
2660 5836 2785 5887 an,
2821 5818 2904 5875 l0.
2981 5818 3026 5850 "
3055 5816 3258 5873 Jerem.
3290 5826 3342 5875 ι..
3366 5808 3457 5870 2G.

1554 6035 1586 6045 -κ
