4034 6452
520 282 630 340 ηδ
1552 285 1610 343 S.
1649 284 1933 344 CYRILLI
1969 281 2446 340 ALEXANDRINI
2482 284 2805 343 ARCHIEP.
3696 296 3804 355 ῆι

516 417 590 458 cx
614 401 892 474 gentibus.
917 402 1131 460 idcirco
1154 403 1321 459 etiam
1343 402 1597 461 Christus
1621 404 1800 460 dixit:
1836 423 1857 455 ι
1884 404 1955 458 Et
1974 401 2109 456 alias

2213 401 2453 472 Χριστοῦ
2500 404 2804 476 μυστήριον
2861 405 2950 459 διὰ
2989 406 3098 462 τῶν
3146 407 3318 478 ἁγίων
3363 406 3697 476 ἀποστόλων,
3723 412 3802 476 ὡς

518 509 653 549 oves
686 495 863 551 habeo
908 512 1031 567 quae
1055 512 1165 551 non
1188 505 1318 552 sunt
1337 495 1406 551 de
1433 496 1539 552 hoc
1560 496 1726 563 ovili;
1758 494 1919 565 138
1941 493 2106 549 etiam

2215 490 2277 557 ἐξ
2298 494 2492 564 ὁμοίας
2516 496 2616 566 μὲν
2635 496 2869 568 ἀδελφῆς
2890 496 2991 568 τῆς
3012 498 3123 552 τῶν
3157 499 3428 555 Ἰουδαίων
3446 502 3795 572 Συναγωγῆς.

521 586 642 640 illas
667 596 888 657 oportet
914 603 1001 643 me
1025 587 1319 651 adducere,
1346 597 1403 643 ct
1424 603 1615 643 vocem
1640 603 1818 643 meam
1841 585 2105 653 audient;

2219 585 2403 657 μήτηρ
2446 586 2654 658 πέφηνε
2684 587 2815 642 λαοῦ
2847 588 2941 643 τοῦ
2977 591 3037 645 ὲν
3078 591 3421 663 προσθήκαις
3453 593 3563 659 ἀεὶ,
3594 594 3689 646 καὶ
3722 595 3805 659 είς

517 685 577 731 et
600 676 692 731 lict
729 692 901 733 unum
927 678 1093 742 ovile,
1122 694 1266 733 unus
1299 684 1487 748 pastor
1507 677 1577 733 ⁸⁸.
1609 698 1629 731 ι
1660 679 1896 734 Additus
1918 677 2107 748 itaque

2215 674 2425 748 πληθὺν
2454 676 2624 742 ίόντος
2653 680 2715 733 οὐ
2751 683 3193 754 μεμετρημένην·
3225 683 3662 756 (διερμηνεύεται
3694 685 3806 757 γὰρ

516 778 603 823 est
625 769 870 838 gentium
895 784 1047 839 grex.
1075 778 1137 826 ut
1157 769 1323 825 modo
1359 769 1493 837 dixi,
1518 770 1806 827 veteribus
1844 769 2103 835 ovilibus,

2223 765 2444 836 Ἰωσὴφ,
2491 769 2809 838 προσθήκη
2862 771 3055 844 08017“)
3078 773 3460 844 προστέθειται
3498 774 3555 827 δὲ
3592 777 3713 836 ταῖς
3743 775 3805 843 ἐξ

520 869 958 930 perpetuumque
1003 860 1170 916 habet
1222 860 1389 916 etiam
1452 878 1602 918 nunc
1652 863 2057 918 incrementum
2087 900 2103 926 ,

2225 855 2441 928 Ἰσραὴλ
2479 857 2704 926 ἀγέλαις
2746 861 2780 933 ἡ
2822 862 2881 929 ἐξ
2910 861 3081 918 ὲθνῶν
3124 864 3442 935 Ἐκκλησία.
3514 865 3805 938 Τοιγάρτοι

520 960 697 1006 donec
758 952 924 1006 etiam
969 951 1088 1022 ipse
1134 953 1305 1009 veluti
1356 955 1415 1010 in
1459 956 1723 1011 extremis
1765 952 2109 1025 temporibus

2216 945 2310 1000 καὶ
2339 945 2580 1015 ἔφασκεν
2613 951 2642 1003 6
2667 951 2934 1023 Χριστόςο
2968 972 2986 1006 ι
3014 954 3124 1009 Καὶ
3148 954 3283 1009 ἄλλα
3315 956 3563 1027 πρόϐατα
3599 956 3728 1030 ἔχω,
3767 957 3804 1014 ἃ

519 1036 804 1105 Benjamin
865 1047 1159 1107 nascatur,
1221 1041 1329 1098 hoc
1384 1049 1505 1110 est,
1550 1044 1697 1113 ﬁlius
1755 1042 1957 1102 doloris
2002 1058 2105 1114 po-

2215 1035 2313 1089 οὐκ
2351 1036 2499 1092 ἐστιν
2526 1039 2591 1096 ὲκ
2619 1041 2719 1114 τῆς
2749 1042 2919 1114 αὐλῆς
2941 1043 3165 1115 ταύτης,
3208 1046 3437 1100 κάκεῖνά
3468 1063 3536 1117 με
3564 1046 3644 1102 δεῖ
3667 1047 3808 1115 ἀγαο

521 1128 705 1198 pulus.
2213 1129 2354 1197 γεῖν,
2394 1130 2486 1182 καὶ
2517 1130 2615 1202 τῆς
2662 1133 2850 1205 φωνῆς
2882 1152 2984 1206 μου
3021 1137 3365 1203 ἀκούσουσιν,
3399 1139 3494 1193 καὶ
3519 1140 3807 1215 γενήσεται

2216 1218 2317 1288 μία
2356 1220 2583 1293 ποίμνη,
2622 1217 2703 1287 εἷς
2731 1227 2955 1298 ποιμήν.
3001 1246 3020 1280 ι
3054 1229 3444 1300 Προστέθειται
3469 1230 3648 1285 τοίνυν
3676 1232 3712 1303 ἡ
3746 1231 3808 1298 ἐξ

519 1303 692 1358 ἐθνῶν
735 1306 927 1379 ἀγέλη.
962 1308 1215 1380 καθάπερ
1251 1309 1388 1381 ἔφην
1420 1311 1644 1383 ἀρτίως,
1674 1313 1785 1375 τοῖς
1817 1308 2192 1382 ἀρχαιοτέροις
2236 1312 2531 1382 ποιμνίοις,
2581 1316 2676 1370 καὶ
2719 1318 3099 1390 ἀκατάληκτον
3159 1321 3395 1393 ἐχειτὴν
3454 1324 3536 1387 είς
3592 1323 3654 1377 τὸ
3718 1322 3804 1378 ἔτι

520 1414 579 1449 τε
612 1400 701 1451 καὶ
726 1399 805 1453 ἔτι
832 1402 1091 1456 πλουσίαν
1130 1404 1404 1459 ἐπίδοσινο
1436 1406 1596 1477 ἄχρις
1625 1405 1692 1461 ἂν
1722 1406 1818 1460 καὶ
1841 1405 2004 1470 αὐτὸς
2038 1405 2098 1459 ὲν
2134 1404 2466 1473 τελευταίοις
2493 1409 2685 1483 ὥσπερ
2721 1415 2933 1487 καιροῖς
2994 1418 3024 1470 ὁ
3060 1418 3322 1489 Βενιαμὶν
3348 1419 3606 1492 γεννηθῇ,
3643 1437 3805 1476 τουτ-

521 1487 689 1553 ἐστιν,
724 1493 752 1543 ὁ
784 1493 917 1559 υἱὸς
949 1494 1175 1563 ὀδύνης
1202 1495 1351 1561 λαός.

593 1579 681 1634 12.
708 1582 791 1636 At
813 1584 1064 1653 quisnam
1106 1586 1198 1641 hic
1234 1595 1321 1642 est
1378 1589 1535 1659 cujus
1573 1599 1737 1659 partu
1776 1599 1953 1647 mater
1991 1590 2108 1661 ipsa

2289 1591 2381 1663 ιβ’.
2401 1593 2513 1647 Καὶ
2540 1595 2624 1659 τίς
2649 1596 2715 1668 δὴ
2745 1592 2899 1665 οὗτός
2928 1600 3098 1669 ἐστιν,
3130 1600 3216 1671 ἐφ’
3245 1602 3306 1658 ὃν
3327 1604 3422 1657 καὶ⁷
3450 1602 3591 1676 αὐτὴ
3616 1602 3807 1659 λοιπὸν

521 1669 793 1728 moritura
819 1682 925 1739 est,
947 1685 1002 1730 et
1025 1676 1090 1731 ad
1115 1677 1279 1733 aliam
1300 1679 1471 1734 veluti
1501 1680 1672 1735 vitam
1706 1681 2110 1737 transferetur?

2216 1682 2519 1753 ὴτεκοῦσα
2571 1686 2863 1747 παύσεται.
2908 1690 3003 1743 καὶ
3034 1691 3115 1755 είς
3142 1693 3336 1765 ἑτέραν
3380 1693 3571 1767 ὥσπερ
3623 1711 3808 1766 μετοι-

518 1760 672 1817 Obiit
692 1766 839 1819 enim
858 1767 1059 1824 Rachel
1086 1770 1141 1825 in
1166 1771 1285 1840 ipso
1308 1778 1469 1842 partu
1483 1772 1785 1843 Beniamin.
1804 1774 2108 1833 Perfectam

2217 1775 2444 1846 χήσεται
2471 1778 2648 1850 ζωήν;
2674 1781 3045 1853 Τετελεύτηκε
3069 1783 3178 1857 γὰρ
3196 1760 3248 1856 ἡ,
3268 1787 3470 1859 Ῥαχὴλ
3490 1760 3579 1842 ἐπ’
3608 1760 3806 1852 αὐταῖς

524 1850 710 1921 itaque
736 1855 1105 1927 omnibusque
1136 1860 1384 1915 numeris
1427 1861 1734 1919 absolutam
1776 1863 1977 1923 horum
2013 1881 2111 1921 co-

2213 1866 2369 1926 ὠδῖσι
2398 1868 2494 1923 τοῦ
2529 1870 2811 1943 Βενιαμίν.
2853 1874 2925 1926 Τὸ
2963 1850 3805 1951 μὲνὟοθν-άγανΠηκρίϐωμένωξ

521 1942 824 2011 gnitionem
862 1947 976 2002 Deo
1019 1951 1351 2021 tribuamus,
1395 1956 1574 2027 iisque
1608 1958 1703 2028 qui
1743 1972 1846 2013 nos
1903 1959 2109 2029 ingenii

2281 1959 2414 2014 ἰέναι
2460 1962 2636 2029 ταυτὶ,
2670 1942 2791 2036 Θεῴ
2822 1964 2887 2036 δὴ
2937 1942 3100 2022 πάλιν
3142 1942 3508 2041 ἀναθήσομεν,
3559 1942 3655 2025 καὶ
3685 1973 3806 2037 τοῖς
3864 2007 3874 2017 -

518 2036 775 2094 acumine
856 2051 1140 2111 superant.
1208 2045 1356 2102 Nihil
1398 2065 1532 2104 vero
1595 2050 1753 2106 obest
1815 2053 2111 2122 quominus

2212 2053 2519 2122 νουνεχέσιν
2568 2053 2601 2125 ἢ
2645 2055 2768 2109 καθ’
2806 2058 2973 2127 ἡμᾶς·
3007 2058 3171 2112 λυπεῖ
3199 2060 3256 2114 δὲ
3301 2036 3479 2126 οὐδὲν,
3515 2062 3576 2116 τό
3610 2081 3672 2132 γε
3718 2036 3803 2128 είς

521 2124 668 2214 quod
695 2127 858 2182 nobis
886 2129 940 2184 in
966 2142 1205 2190 mentem
1233 2140 1449 2195 venerit
1495 2140 1762 2199 dicamus.
1782 2141 1899 2198 Mea
1926 2144 2112 2213 itaque

2212 2144 2337 2199 νοῦν
2370 2140 2505 2216 ἧκον
2538 2124 2733 2202 εἰπεῖν.
2769 2124 2936 2220 οἶμαι
2963 2150 3027 2223 δὴ
3060 2150 3151 2205 οὖν
3183 2154 3264 2207 ὅτι
3293 2124 3549 2211 νοοῖτίάν
3572 2124 3803 2221 είκῖτως

521 2220 821 2286 sententia,
845 2220 993 2289 ﬁlius
1020 2224 1219 2283 doloris
1244 2233 1444 2286 merito
1486 2233 1718 2304 intelligi
1744 2235 1938 2304 possit,
1965 2236 2110 2290 mul-

2210 2233 2342 2300 υἱὸς
2389 2233 2613 2303 ὀδύνης
2639 2236 2770 2301 λαὸς
2796 2240 2829 2309 ή
2865 2240 2923 2293 ὲν
2961 2220 3211 2310 ἐσχάτοις
3242 2241 3337 2297 τοῦ
3363 2242 3556 2307 αίῶνος
3584 2220 3801 2314 καιροῖς

523 2305 705 2362 titudo
749 2313 1094 2371 credentium
1145 2319 1200 2375 in
1257 2322 1470 2379 ultimis
1510 2325 1694 2380 saeculi
1744 2327 2107 2397 temporibus.

2211 2324 2322 2378 τῶν
2353 2326 2716 2381 πιστευόντων
2752 2305 2980 2399 πληθύς.
3013 2305 3149 2384 Κατ’
3172 2333 3349 2387 ἐκεῖνο
3377 2332 3487 2404 γὰρ
3516 2305 3799 2389 ἔσται-τοῖ’)

523 2397 661 2491 lVam
683 2401 791 2458 illis
814 2409 1155 2477 temporibus
1179 2412 1287 2466 erit
1310 2412 1455 2469 ﬁlius
1479 2414 1807 2485 iniquitatis,
1839 2437 1858 2469 ι
1885 2418 1981 2487 qui
2011 2418 2110 2474 ad-

2213 2415 2407 2487 καιροῢ
2437 2418 2530 2471 καὶ
2549 2418 2577 2470 6
2599 2419 2697 2490 τῆς
2721 2397 2951 2490 ἀνομίας
2974 2421 3109 2486 υἱὸς.
3146 2441 3167 2475 ι
3213 2422 3271 2478 '0
3291 2397 3684 2494 ἀντικείμενος,
3702 2428 3799 2483 καὶ

522 2482 775 2547 versatur
797 2504 852 2550 et
877 2500 1159 2555 extollitur
1175 2519 1343 2577 supra
1368 2522 1531 2563 omne
1547 2482 1696 2579 quod
1714 2482 1919 2567 dicitur
1942 2514 2107 2579 Deus,

2214 2482 2766 2581 Orrspatpépevog'énl
2788 2482 2964 2568 πάντα
2991 2482 3282 2587 λεγομενω
3306 2517 3438 2571 Θεὸν
3465 2482 3797 2588 ἢ1σέ6ασμα·

523 2588 619 2636 aut
670 2584 759 2638 cui
804 2591 1087 2645 veneratio
1131 2592 1368 2650 debetur
1408 2615 1420 2651 :
1462 2598 1537 2654 ita
1574 2610 1636 2656 ut
1678 2602 1733 2657 in
1773 2605 1976 2674 templo
2012 2606 2109 2662 Dei

2213 2599 2355 2654 ὥστε
2412 2601 2576 2655 αὑτὸν
2608 2604 2687 2666 είς
2711 2604 2805 2660 τὸν
2833 2606 2961 2662 ναὸν
2990 2606 3085 2660 τοῦ
3119 2584 3255 2661 Θεοῦ
3280 2607 3356 2672 ὡς
3386 2584 3518 2664 Θεὸν
3548 2584 3796 2671 καθίσαι,

524 2673 735 2739 sedeat,
754 2677 1041 2738 declarans
1057 2699 1115 2739 se
1143 2694 1402 2759 tanquam
1419 2691 1492 2748 sit
1512 2693 1658 2750 Deus
1675 2696 1741 2750 εί.
1756 2715 1772 2747 ι
1799 2673 1901 2752 Hic
1921 2706 2112 2754 contra

2212 2691 2605 2745 ἀποδεικνύντα
2660 2693 2852 2748 ἑαυτὸν
2905 2696 2986 2751 ὅτι
3042 2698 3161 2750 ἐστὶ
3215 2697 3370 2763 Θεός.
3402 2717 3421 2751 ι
3461 2694 3631 2764 Οὗτος
3682 2703 3798 2764 τοῖς

522 2776 743 2825 sanctos
789 2772 963 2828 aciem
1002 2776 1223 2845 educet,
1259 2789 1316 2836 et
1355 2782 1496 2839 nihil
1538 2786 1607 2842 ab
1651 2788 1938 2846 indomitis
1976 2791 2113 2850 feris

2213 2782 2389 2851 ἁγίοις
2432 2784 2800 2849 ἁντιτάξεται,
2831 2786 2925 2840 καὶ
2951 2788 3261 2845 ἀτιθάσσων
3297 2791 3449 2844 οὐδὲν
3477 2791 3670 2845 διοίσει
3695 2791 3796 2863 θη-

522 2856 764 2968 differet.
809 2862 1285 2930 Quemadmodum
1331 2875 1480 2930 enim
1526 2877 1644 2948 ipse
1684 2879 1938 2938 Salvator
1973 2884 2051 2939 ait
2093 2903 2107 2939 :

2218 2875 2367 2946 ρίων.
2415 2875 2503 2940 Ὦς
2540 2876 2649 2949 γὰρ
2694 2877 2856 2943 αὐτὸς
2888 2880 3111 2953 εἴρηκεν
3142 2883 3171 2935 6
3217 2882 3431 2955 Σωτὴρ,
3471 2869 3627 2937 ἔσται
3671 2856 3800 2968 sive

531 2968 552 3001 ι
578 2950 712 3047 Erit
738 2955 1027 3014 tribulatio
1062 2978 1286 3034 magna,
1327 2967 1508 3037 qualis
1544 2985 1656 3027 non
1697 2971 1804 3027 fuit
1841 2975 1912 3030 ab
1952 2975 2113 3033 initio

2215 2967 2393 3037 θλίψις
2439 2968 2676 3041 μεγάλη,
2702 2971 2816 3025 ὀἵα
2863 2973 2923 3026 οὐ
2942 2950 3195 3041 *γέγονεν
3226 2975 3321 3029 ἀπ’
3356 2950 3530 3047 ἀρχῆς
3562 2951 3800 3047 Ξεόσμῖυ,

523 3043 716 3100 mundi
751 3062 929 3119 usque
964 3050 1034 3107 ad
1072 3053 1179 3110 hoc
1205 3062 1443 3128 tempus,
1471 3076 1653 3133 neque
1690 3062 1869 3120 ﬁet".
1902 3086 1920 3119 ι
1950 3066 2108 3134 Quod

2213 3059 2319 3114 οὐδ’
2348 3059 2408 3113 οὐ
2443 3059 2518 3131 μὴ
2550 3061 2799 3135 γένηται.
2837 3063 2961 3117 Ὅτι
2993 3064 3049 3118 δὲ
3077 3066 3175 3136 οὐχ
3210 3043 3802 3138 ἑτέροιςμᾶλλονάλϊ

522 3151 659 3191 vero
682 3153 793 3193 non
816 3141 955 3197 alios
978 3160 1144 3214 quam
1169 3158 1393 3205 sanctos
1430 3153 1552 3224 ejus
1596 3155 1911 3213 immanitas
1948 3168 2114 3231 atque

2222 3151 2254 3222 ἦ
2304 3154 2417 3216 τοῖς
2464 3152 2640 3222 ἁγίοις
2686 3156 3098 3227 ὲγκατασκὴψει
3148 3159 3217 3212 τὰ
3257 3159 3355 3228 τῆς
3410 3161 3539 3231 παρ’
3587 3161 3803 3218 ἐκείνου

524 3226 824 3286 crudelitas
845 3231 919 3288 sit
940 3232 1221 3301 invasura,
1239 3238 1570 3309 signiﬁcavit
1592 3260 1812 3301 rursum
1836 3226 2114 3317 Christus,

2223 3242 2541 3315 σκαιότητος
2583 3246 2678 3299 καὶ
2718 3226 3133 3316 ἀπανθρωπίας,
3187 3226 3566 3321 διαμεμήνυ-κε
3632 3254 3806 3308 πάλιν

525 3314 604 3375 ita
639 3318 948 3390 adjiciens:
983 3343 1001 3376 ι
1031 3325 1100 3381 Ει
1128 3327 1236 3383 nisi
1273 3329 1548 3389 decurtati
1579 3334 1812 3392 fuissent
1851 3338 1971 3396 dies
2014 3314 2114 3408 illi,

2220 3314 2533 3403 ἐπενεγκὼν
2550 3335 2713 3400 αὐτὸς
2728 3338 2755 3389 6
2773 3314 3026 3407 Χριστός·
3041 3358 3059 3390 ι
3094 3340 3203 3397 Καὶ
3220 3342 3268 3395 εί
3283 3314 3369 3413 ’μη
3390 3314 3808 3416 ἐκολοϐώθησαν

524 3420 640 3463 non
683 3408 841 3466 ﬂeret
880 3413 1031 3469 salva
1078 3417 1261 3483 omnis
1301 3434 1452 3486 caro,
1498 3424 1595 3479 sed
1640 3435 1869 3497 propter
1915 3430 2117 3487 electos

2221 3428 2275 3479 αί
2303 3426 2507 3497 ἡμέραι
2543 3428 2768 3492 ἐκεῖναι,
2800 3429 2899 3482 οὐκ
2926 3428 2990 3484 ἂν
3021 3429 3198 3503 ἐσώθη
3244 3408 3391 3487 πάσα
3424 3434 3580 3506 σάρξ.
3613 3408 3716 3490 Διά
3743 3437 3807 3491 δὲ

526 3499 969 3560 decurtabuntur
989 3507 1109 3564 dies
1132 3510 1211 3564 illi
1237 3510 1301 3566 ⁸³.
1329 3532 1348 3563 ι
1375 3512 1512 3569 Cum
1536 3517 1685 3571 enim
1712 3524 2025 3589 persecutio
2047 3524 2119 3579 sit

2217 3520 2344 3583 τοὺς
2374 3520 2662 3584 ἐκλεκτοὺς
2696 3521 3162 3593 κολοϐωθήσονται
3187 3499 3253 3579 -αί
3288 3499 3742 3598 ἡμέραι-ἐκεῖναι.
3779 3550 3800 3582 ι

529 3589 714 3647 futura
749 3594 1019 3653 adversus
1053 3614 1246 3655 omnes
1276 3602 1486 3660 electos
1533 3621 1598 3662 ac
1632 3608 1848 3666 sincere
1880 3610 2069 3669 ﬁdeles
2100 3633 2115 3668 :

2233 3610 2318 3674 Ὡς
2340 3610 2450 3682 γὰρ
2489 3611 2724 3678 διώξεως
2765 3589 3031 3686 ἐσομένης
3060 3616 3203 3673 κατὰ
3241 3589 3442 3683 «alia;
3498 3620 3809 3676 ἀπολὲκτου

527 3698 766 3755 cumque
790 3688 972 3757 gravis
994 3697 1051 3747 et
1074 3690 1442 3751 intolerabilis
1469 3700 1713 3769 tyrannis
1734 3710 1899 3773 atque
1919 3720 2120 3760 aerum»

2220 3705 2315 3758 καὶ
2342 3704 2567 3775 γνησίου
2610 3704 2708 3777 τὴν
2750 3706 2953 3771 πίστιν,
3015 3707 3092 3771 ὡς
3152 3708 3333 3781 δεινῆς
3381 3711 3475 3765 καὶ
3520 3712 3808 3785 ἀφορήτου

528 3790 615 3830 me
656 3777 725 3832 iis
768 3778 1158 3851 impendeant;
1204 3789 1568 3845 contrahetur
1610 3794 1837 3850 omnino
1876 3805 2115 3867 tempus,

2221 3796 2551 3864 πλεονεξίας,
2596 3799 2691 3852 καλ¹
2726 3798 2910 3871 μέντοι
2950 3800 3045 3853 καὶ
3103 3800 3296 3856 αίκιῶν
3326 3802 3814 3875 ὲποισθησομένων

528 3882 1010 3930 commensurante
1057 3885 1528 3952 temperanteque,
1578 3893 1642 3939 ut
1691 3886 1953 3954 arbitror,
2002 3890 2117 3944 Deo

2219 3889 2394 3944 τισίν’
2449 3888 2604 3943 ἔσται
2652 3907 2754 3961 μου
2808 3891 3024 3956 πάντως
3079 3894 3136 3947 ἐν
3187 3894 3470 3958 συστολαῖς
3522 3898 3550 3951 6
3587 3899 3812 3969 καιρὸς,

531 3961 891 4017 tentationem
934 3981 1036 4036 pro
1085 3968 1410 4027 aﬂlictorum
1454 3974 1689 4030 viribus.
1739 3976 1896 4044 Quod
1948 3981 2115 4036 etiam

2221 3979 2682 4053 συμμετροῦντος,
2707 3979 2885 4054 οἶμαι,
2915 3984 3011 4038 τοῦ
3057 3986 3496 4059 φιλοικτίρμονος
3547 3989 3683 4043 Θεοῦ
3738 3996 3811 4065 τῇ

529 4050 693 4107 nobis
746 4057 1042 4123 persuadet
1084 4060 1524 4131 sapientissimus
1568 4066 1809 4134 Paulus,
1855 4068 2048 4127 dicens
2099 4090 2112 4126 :

2221 4050 2685 4145 τῶν-καμνόντων
2723 4050 2868 4147 ἰσχύϊ
2911 4076 3001 4130 τὸν
3041 4050 3365 4150 πειρασμάν.
3398 4050 3552 4135 Οὕτω
3583 4050 3814 4154 φρονεῖν

537 4158 557 4191 ι
586 4141 790 4200 Fidelis
810 4156 993 4203 autem
1019 4151 1184 4219 Deus,
1204 4154 1298 4226 qui
1321 4171 1432 4213 non
1458 4158 1603 4213 sinet
1625 4174 1723 4215 vos
1746 4162 1948 4217 tentari
1975 4164 2117 4219 ultra

2222 4141 2502 4224 ἀναπείθει
2547 4168 2645 4223 καὶ
2690 4170 2718 4223 6
2766 4141 3078 4239 σοφώτατος
3104 4141 3317 4236 Ιίαῦλος
3340 4189 3353 4202 ·
3397 4191 3416 4224 ι
3454 4141 3650 4239 Πιστδς
3686 4175 3750 4229 δὲ
3785 4180 3815 4233 6

530 4231 583 4293 id
609 4237 758 4305 quod
794 4242 1027 4309 potestis
1064 4262 1076 4297 :
1120 4243 1233 4301 imo
1279 4247 1445 4313 faciet
1489 4265 1598 4305 una
1639 4265 1762 4306 cum
1812 4255 2116 4311 tentatione

2218 4259 2350 4323 Θεὸς
2379 4259 2437 4323 ὃς
2463 4260 2563 4313 οὐκ
2583 4261 2734 4315 ἐάσει
2756 4231 2900 4334 ὑμὲς
2921 4231 3449 4337 πειράσθῆναιθπὲρ
3487 4266 3515 4320 δ
3545 4231 3810 4330 δύνασθε,

526 4338 879 4398 proventum,
930 4344 991 4391 ut
1014 4338 1239 4406 possitis
1276 4339 1511 4396 sulferre
1536 4341 1602 4397 “.
1637 4362 1655 4394 ι
1722 4343 1864 4401 Nato
1928 4346 2115 4418 itaque

2218 4348 2355 4402 ἀλλὰ
2413 4350 2631 4420 ποιήσει
2671 4350 2769 4403 σὺν
2814 4348 2892 4421 τῷ
2948 4351 3243 4424 πειρασμῷ
3292 4352 3386 4407 καὶ
3429 4352 3530 4424 τὴν
3578 4352 3811 4407 ἔκϐασιν

525 4417 830 4491 Benjamin,
885 4424 991 4482 hoc
1039 4438 1144 4494 est,
1199 4430 1404 4500 populo
1451 4431 1509 4486 in
1556 4432 1665 4489 (ine
1707 4444 1764 4491 et
1803 4435 2110 4505 doloribus,

529 4509 739 4537 ἑλέ-,ΔΑ
788 4517 990 4537 n__L,|
1062 4521 1104 4537 ηπ
1150 4536 1153 4537 ,
1243 4522 1265 4537 ιο
1362 4533 1372 4537 -
1566 4527 1579 4537 .
1808 4529 1823 4537 -
2031 4533 2045 4537 -

2218 4439 2311 4493 τοῦ
2344 4438 2603 4494 δύνασθαι
2641 4442 2984 4511 ὑπενεγκεῖν.
3026 4461 3045 4496 ι
3097 4443 3455 4515 Γεννηθέντος
3484 4443 3662 4498 τοίνυν
3706 4446 3811 4500 τοῦ

526 4509 742 4570 desinet
788 4517 1013 4574 Rachel.
1062 4521 1449 4579 Transferetur
1489 4527 1639 4582 enim
1677 4529 2106 4600 quodammodo,

2270 4529 2498 4599 ενιαμὶν,
2544 4509 2833 4597 τουτέστι,
2858 4530 2954 4586 τοῦ
2985 4533 3041 4584 ὲν
3070 4531 3214 4586 τέλει
3248 4509 3305 4585 τε
3339 4534 3434 4587 καὶ
3474 4535 3533 4589 ὲν
3561 4533 3787 4601 ὀδύναις
3854 4568 3863 4577 -

521 4612 581 4656 ut
644 4606 809 4662 modo
868 4608 1017 4676 dixi,
1061 4612 1117 4667 in
1191 4614 1352 4670 aliam
1428 4617 1597 4673 vitam
1660 4619 1943 4689 Ecclesia,
2005 4625 2112 4682 hoc

2218 4620 2372 4687 λαοῦ,
2419 4620 2760 4676 πεπαύσεται
2815 4624 2909 4677 καὶ
2970 4623 3190 4696 Ῥαχὴλ.
3228 4626 3628 4697 Μετοιχήσεται
3669 4627 3806 4698 γὰρ,

528 4702 634 4760 est,
656 4711 778 4761 nos,
809 4699 903 4768 qui
932 4716 1032 4770 per
1056 4703 1218 4759 ﬁdem
1258 4706 1313 4761 in
1353 4706 1637 4763 Christum
1675 4712 1943 4769 unitatem
1985 4732 2110 4772 cum

2219 4711 2410 4782 ὥσπερ
2442 4710 2578 4783 ἔφην
2619 4712 2843 4782 ἀρτίως,
2893 4715 2973 4779 είς
3010 4716 3207 4799 ἑτέραν
3239 4716 3435 4788 ζωὴνή
3478 4717 3805 4790 Ἐκκλησία,

529 4784 641 4845 Deo
670 4803 770 4858 per
790 4789 1057 4860 Spiritum
1080 4797 1227 4852 nacti
1250 4813 1462 4854 sumus.
1487 4800 1679 4872 Neque
1703 4818 1837 4860 vero
1866 4798 2108 4877 mireris,

2218 4804 2495 4859 τουτέστιν
2527 4805 2708 4876 ἡμεῖς,
2753 4807 2801 4858 oi
2832 4804 2921 4858 διὰ
2950 4784 3189 4866 πίστε-ωξ
3214 4809 3312 4879 τῆς
3337 4784 3676 4881 είς-Χριστὸν
3698 4812 3809 4882 τὴν

531 4875 692 4947 139
714 4879 759 4934 si
791 4896 943 4938 mors
970 4884 1174 4941 Rachel
1196 4903 1228 4942 a
1253 4889 1422 4946 rebus
1444 4890 1610 4964 hujus
1640 4894 1767 4950 vita:
1804 4875 2110 4958 transtulit.

2218 4896 2306 4950 διὰ
2336 4894 2653 4966 Πνεύματος
2684 4895 2877 4949 ἕνωσιν
2918 4896 3052 4969 πρὸς
3077 4897 3211 4952 Θεὸν
3242 4875 3663 4970 πλουτήσαντες.
3688 4875 3806 4961 Keil

528 4968 795 5030 Percellet
838 4976 987 5031 enim
1033 4993 1430 5051 nonnunquam
1475 4982 1533 5039 id
1574 4984 1844 5055 quosdam
1883 5003 1949 5045 ea
1989 5006 2113 5060 quas

2220 4990 2296 5057 μή
2320 5004 2402 5039 τοι
2428 4985 2716 5055 θαυμάσῃς
2746 4987 2794 5038 εἰ
2820 4968 3049 5051 θάνατος
3074 4988 3174 5060 τὴν
3219 4988 3421 5062 Ῥαχὴλ
3436 4968 3550 5044 τῶν
3579 4994 3633 5044 ὲν
3663 4991 3804 5062 τῷδε

525 5063 655 5119 olim
684 5067 1023 5137 acciderunt,
1046 5073 1501 5145 contemplantes.
1527 5077 1683 5135 Dicat
1704 5087 1889 5135 autem
1914 5082 2113 5153 aliquis

2214 5077 2292 5147 τῷ
2333 5076 2523 5150 κόσμῳ
2581 5078 2851 5149 μετέθηκε
2902 5082 3268 5152 πραγμάτων.
3321 5083 3628 5155 Θορυϐήσει
3688 5086 3806 5155 γὰρ

527 5155 757 5214 fortasse
812 5170 975 5231 atque
1030 5163 1106 5220 ita
1154 5180 1342 5221 secum
1400 5169 1644 5239 cogitet:
1678 5170 1931 5228 Cessabit
1980 5190 2112 5246 ergo

2214 5170 2326 5233 ἐσθ’
2353 5171 2442 5223 ὅτε
2469 5169 2531 5223 τὸ
2566 5170 2758 5242 χρῆμά
2792 5188 2966 5238 τινας,
3003 5173 3398 5245 ἐνηνεγμένους
3432 5176 3512 5239 είς
3562 5175 3802 5247 θεωρίαν

529 5248 774 5305 Ecclesia
802 5267 1061 5310 successu
1098 5259 1381 5328 temporis,
1407 5269 1463 5315 et
1493 5272 1671 5335 morte
1700 5264 2110 5336 quodammodo

2211 5261 2306 5317 τοῦ
2328 5260 2494 5315 πάλαι
2527 5261 2954 5333 συμϐεϐηκότοςο
2984 5262 3334 5319 Πεπαύσεται
3366 5264 3429 5336 δὴ
3458 5260 3551 5319 οὖν
3587 5269 3620 5338 ἡ
3672 5268 3801 5327 Ἐκτ

525 5342 905 5415 exstinguetur
923 5364 934 5399 :
954 5354 1117 5417 atque
1134 5349 1241 5406 hoc
1253 5358 1337 5406 est
1357 5353 1636 5410 transferri
1656 5355 1724 5411 ad
1741 5358 1991 5417 meliora.
2010 5360 2106 5416 His

2216 5352 2414 5423 κλησία
2458 5353 2603 5408 κατὰ
2633 5355 2879 5425 καιροὺς,
2914 5355 3011 5409 καὶ
3045 5356 3403 5428 σϐεσθήσεται
3430 5357 3648 5432 θανάτῳ
3673 5362 3798 5433 τρό-

529 5435 924 5505 reSpondemus
948 5456 960 5493 :
981 5438 1118 5495 Cum
1141 5443 1300 5499 audis
1325 5446 1599 5501 nominari
1625 5448 1945 5516 Ecclesiam,
1975 5467 2103 5507 san-

2214 5465 2314 5501 πον
2336 5448 2481 5502 τινά·
2539 5448 2635 5501 καὶ
2685 5446 2845 5502 τοῦτό
2869 5449 3076 5520 ἐστινὴ
3117 5450 3255 5521 πρὸς
3283 5450 3351 5504 τά
3381 5452 3591 5522 ἀμείνω
3626 5454 3798 5522 μετά-

526 5532 667 5581 ctnin
706 5527 1049 5586 credentium
1095 5534 1508 5592 multitudinem
1556 5538 1791 5613 intelligi
1827 5542 2102 5608 existima,

2216 5557 2404 5604 στασις
2432 5558 2445 5607 ;
2482 5538 2627 5612 Πρὸς
2650 5539 2713 5611 δὴ
2736 5539 2804 5592 τὰ
2836 5538 3013 5593 τοιάδε
3053 5540 3235 5612 φαμέν
3257 5558 3270 5573 ο
3312 5542 3640 5614 Ἐκκλησίαν
3666 5545 3794 5600 ὅταν

597 5727 643 5761 ⁸⁸
668 5728 824 5789 Joan.
861 5747 913 5798 τι,
948 5732 1029 5790 i6.
1106 5734 1146 5763 '”
1181 5732 1223 5793 ii
1256 5731 1447 5793 Thess.
1482 5750 1539 5803 ii,
1570 5737 1620 5803 ι,
1648 5739 1699 5794 5.
1778 5735 1822 5771 ⁸¹
1852 5739 2039 5801 Matth.
2078 5757 2190 5798 xm

1778 5735 1822 5771 ⁸¹
1852 5739 2039 5801 Matth.
2078 5757 2220 5807 xxrv,
2256 5741 2345 5796 21.
2426 5739 2469 5769 ’³
2501 5739 2640 5802 lbil.
2700 5740 2785 5801 22.
2864 5739 2908 5770 "‘
2942 5741 2967 5801 Ι,
2988 5741 3110 5798 Cor.
3155 5757 3207 5805 ι.
3242 5740 3328 5798 15.
