4034 6462
304 456 411 512 225

1342 454 1863 511 GLAPIIYRORUM
1907 455 1972 510 IN
2011 455 2314 512 GENESIM
2351 457 2480 512 LIB.
2524 457 2586 512 \'.

3503 439 3607 511 2‘26

278 566 554 636 ἀκούσῃς,
603 565 708 636 τὴν
749 564 858 619 τῶν
888 567 1257 619 πιστευόντων
1313 567 1476 635 ἁγίαν
1525 566 1739 638 πληθὺν
1795 567 1893 621 ίσθι

2010 570 2167 640 cujus
2195 585 2366 635 mors,
2390 571 2545 641 juxta
2580 571 2850 625 rationem
2873 569 3001 626 vitae
3024 570 3080 626 in
3105 571 3312 626 mundo
3335 578 3390 628 et
3413 587 3608 628 cama-

277 677 363 712 τοι
389 658 582 727 λέγειν
603 673 617 687 ·
711 657 772 709 τὸ
805 657 1130 711 ἐκτεθνάναι
1161 656 1304 710 κατὰ
1334 657 1501 710 τὸπον
1532 657 1680 726 ζωῆς
1715 657 1811 729 τῆς
1841 659 1898 710 ἐν

276 751 475 820 κόσμῳ
529 749 628 800 καὶ
695 748 992 818 σαρκικῆς,
1035 748 1154 811 ὁδός
1193 750 1311 801 ἐστι
1352 749 1488 820 πρὸς
1519 748 1758 801 ἐπίδοσιν
1800 749 1900 818 τῆς

275 848 335 902 ἐν
395 843 636 915 Χριστῴ
689 841 974 906 πολιτείας
1019 844 1118 897 καὶ
1167 841 1316 912 ζωῆς
1361 844 1455 896 καὶ
1512 843 1898 914 μεταστάσεως

280 938 488 1009 τρόπος
538 938 623 999 εἰς
674 935 746 989 τὰ
781 936 996 1006 ἀμείνω
1047 935 1145 989 καὶ
1183 935 1577 1008 ὑπερκείμενα.
1613 934 1715 989 Διὰ
1739 935 1900 989 τοῦτο

287 1032 377 1083 καὶ
403 1032 434 1083 ὁ
470 1029 757 1100 μακάριος
794 1029 1030 1094 Παῦλος,
1061 1029 1454 1100 ραγδαιοτέραν
1475 1028 1618 1082 τισὶν
1645 1028 1900 1098 ἐπιφέρει

285 1123 379 1194 τὴν
415 1121 722 1193 ἐπίπληξιν
748 1122 957 1191 λέγων·
1001 1142 1019 1174 ι
1061 1122 1124 1176 Et
1151 1121 1454 1176 ἀπεθάνετε
1484 1122 1592 1175 ἀπὸ
1617 1122 1725 1175 τῶν
1760 1139 1903 1175 στοι-

284 1215 450 1285 χείων
485 1214 586 1268 τοῦ
630 1215 865 1286 κόσμου,
907 1217 960 1269 τί
1003 1217 1078 1278 ὠς
1107 1217 1167 1270 ἐν
1195 1215 1385 1286 κόσμῳ
1417 1214 1622 1278 ζῶντες
1643 1215 1901 1285 δογματί·

282 1305 482 1371 ζεσθες
540 1325 561 1359 ι
612 1307 955 1361 Ἐπιστέλλει
1013 1307 1070 1362 δέ
1119 1307 1283 1362 πάλιν
1335 1309 1449 1370 τοῖς
1477 1307 1578 1379 τὴν
1629 1309 1902 1378 σαρκικὴν

282 1400 378 1452 καὶ
437 1399 734 1468 φιλήδονον
784 1400 1206 1472 ἁποσειομένοις
1260 1399 1431 1472 ζωήνο
1489 1419 1507 1452 ι
1567 1399 1900 1453 Ἀπεθάνετε

278 1495 419 1565 γὰρ,
455 1495 558 1548 καὶ
599 1496 633 1566 ἡ
671 1493 786 1566 ζωὴ
819 1494 976 1565 ὑμῶν
1023 1495 1333 1564 κέκρυπται
1368 1495 1464 1546 σὺν
1491 1493 1568 1565 τῷ
1593 1493 1815 1565 Χριστῷ
1845 1496 1902 1546 ἐν

276 1586 361 1659 τῷ
425 1585 574 1657 Θεῷ.
645 1590 816 1641 Ὅταν
873 1582 968 1641 οὖν
1013 1589 1040 1640 ό
1086 1587 1322 1658 Χριστὸς
1366 1587 1746 1657 φανερωθῇ,ή
1787 1587 1901 1657 ζωὴ

278 1679 481 1750 ὑμῶν,
529 1679 653 1732 τότε
699 1679 796 1733 καὶ
828 1680 989 1750 ὑμεῖς
1031 1680 1128 1732 σὺν
1175 1680 1326 1750 αὑτῷ
1355 1679 1813 1750 φανερωθήσεσθε
1845 1681 1902 1731 ἐν

276 1773 435 1844 δόξῃ.
485 1792 503 1823 ι
552 1770 803 1841 Νεκροῦν
853 1773 910 1826 δὲ
959 1774 1112 1843 ἡμᾶς
1141 1773 1236 1824 καὶ
1285 1771 1354 1825 τὰ
1393 1771 1530 1842 μέλη
1573 1771 1641 1825 τὰ
1679 1773 1775 1824 ἐπὶ
1805 1771 1903 1842 τῆς

279 1867 389 1935 ς
416 1867 531 1919 δεῖν
564 1865 670 1935 ἔφη
698 1865 910 1934 σαφῶς,
947 1865 1207 1936 πορνείαν
1234 1863 1298 1934 δὴ
1335 1864 1509 1932 λέγων
1536 1865 1630 1918 καλ⁸
1660 1863 1904 1934 ἀκαθαρ-

285 1959 433 2020 σίαν,
477 1959 579 2010 καὶ
622 1957 695 2010 τὰ
738 1956 950 2020 τούτοις
997 1955 1224 2022 ἀδελφά.
1254 1955 1466 2010 Οὐκοῦν
1496 1959 1524 2010 ό
1557 1959 1655 2028 τῆς
1699 1957 1903 2027 Ῥαχὴλ

288 2047 519 2110 θάνατος
559 2045 822 2116 σημαίνει
867 2063 972 2099 που
1002 2048 1222 2108 πάντως
1253 2045 1354 2116 τῆς
1388 2044 1502 2098 τῶν
1532 2049 1901 2102 πιστευόντων

2007 659 2095 724 lis,
2137 662 2225 716 via
2261 670 2348 717 est
2390 661 2458 716 ad
2515 663 2920 717 incrementum
2965 662 3093 717 vitae
3139 663 3195 717 in
3251 662 3496 728 Christo,
3548 669 3608 717 et

2010 754 2208 808 modus
2264 755 2644 810 translationis
2693 754 2762 809 ad
2811 755 3040 809 meliora
3088 770 3153 810 ac
3193 755 3600 826 praestantiora.

2003 846 2217 902 Idcirco
2243 847 2412 902 etiam
2454 848 2651 903 beatus
2679 848 2883 903 Paulus
2918 847 3104 903 acrius
3128 848 3396 918 quosdam
3421 849 3604 904 incre-

2002 947 2117 1009 pat,
2145 939 2374 994 dicens:
2412 959 2429 990 ι
2461 937 2517 993 Si
2548 939 2753 994 mortui
2789 940 2925 994 estis
2961 954 3089 993 cum
3115 937 3336 994 Christo
3373 938 3442 993 ab
3483 940 3602 994 ele—

2004 1031 2204 1085 mentis
2225 1029 2440 1095 mundi,
2467 1029 2796 1100 quid,quasi
2818 1029 2998 1084 adhuc
3023 1031 3274 1085 viventes
3294 1032 3348 1084 in
3372 1032 3602 1096 mundo,

2003 1123 2305 1180 decernitis
2320 1125 2439 1178 3'?»
2467 1124 2673 1180 Scribit
2701 1132 2885 1178 autem
2910 1140 3128 1178 rursum
3159 1125 3247 1188 iis,
3266 1125 3360 1194 qui
3379 1141 3602 1180 carnem

2003 1225 2056 1272 et
2089 1218 2497 1288 voluptuariam
2538 1217 2708 1271 vitam
2748 1216 3111 1286 abjccerunt:
3149 1236 3166 1267 ι
3196 1217 3398 1272 Mortui
3447 1218 3598 1272 enim

2003 1308 2159 1374 estis,
2184 1317 2241 1363 et
2268 1309 2380 1364 vita
2416 1317 2600 1364 vestra
2633 1308 2957 1362 abscondita
3002 1315 3086 1362 est
3122 1323 3248 1362 cum
3288 1307 3510 1364 Christo
3545 1310 3602 1366 in

2003 1398 2138 1452 Deo.
2189 1397 2422 1464 Quando
2470 1399 2640 1470 igitur
2681 1399 2938 1454 Christus
2984 1399 3370 1454 manifestatus
3409 1401 3600 1463 fuerit,

2002 1492 2117 1546 vita
2141 1501 2346 1558 vestra,
2378 1501 2508 1547 tunc
2539 1503 2594 1548 et
2615 1509 2713 1548 vos
2735 1508 2861 1547 cum
2901 1493 2995 1546 illo
3028 1492 3519 1550 manifestabimini
3547 1497 3603 1551 in

2004 1585 2180 1656 gloria
2224 1587 2291 1640 ⁸⁸.
2325 1606 2342 1638 ›
2396 1586 2731 1642 Mortificare
2780 1585 2949 1657 igitur
2993 1585 3159 1639 etiam
3207 1602 3309 1642 nos
3355 1588 3604 1643 membra

2006 1691 2195 1734 nostra
2235 1687 2458 1733 terrena
2497 1678 2703 1732 debere
2745 1678 3034 1733 manifeste
3077 1679 3175 1742 ait,
3211 1689 3464 1748 stuprum
3514 1679 3603 1734 in-

2006 1767 2224 1837 quiens,
2271 1776 2328 1822 et
2364 1767 2796 1832 immunditiem,
2845 1776 2900 1824 et
2946 1769 3034 1826 his
3074 1769 3256 1824 atlinia
3295 1771 3360 1823 ⁸⁷.
3393 1790 3411 1820 ι
3458 1770 3606 1826 Mors

2007 1860 2191 1930 itaque
2219 1860 2423 1914 Rachel
2475 1859 2748 1930 signiﬁcat
2771 1862 2997 1916 omnino
3020 1863 3200 1934 gregis
3235 1852 3602 1929 credentium,

2007 1952 2114 2006 hoc
2144 1959 2231 2007 est
2269 1952 2552 2018 Ecclesiae,
2584 1961 2818 2008 mortem
2853 1954 2908 2008 in
2933 1955 3156 2010 Christo
3179 1955 3514 2010 intellectam
3547 1955 3604 2010 in

2007 2047 2171 2102 aliam
2221 2047 2632 2117 quodammodo
2679 2048 2847 2102 vitam
2895 2065 2996 2104 nos
3045 2049 3506 2116 transferentem;
3557 2049 3604 2104 si

295 2139 517 2210 ἀγέλης,
577 2139 855 2204 τουτέστι,
902 2139 1006 2208 τῆς
1062 2138 1417 2206 Ἐκκλησίας,
1458 2139 1548 2194 τὸν
1591 2141 1648 2192 ἐν
1683 2141 1893 2213 Χριστὶξ

2010 2140 2176 2194 modo
2203 2155 2394 2194 verum
2420 2146 2505 2194 est
2535 2140 2682 2210 quod
2725 2149 2915 2194 nostra
2948 2141 3352 2197 transferentur
3382 2157 3450 2196 ex
3475 2157 3602 2197 cor-

290 2232 588 2302 νοούμενον
635 2231 892 2296 θάνατον,
942 2233 1024 2294 είς
1075 2232 1272 2304 ἑτέραν
1318 2232 1508 2306 ὥσπερ
1559 2236 1906 2305 ἀποφέροντα

284 2327 439 2397 ζωήν
464 2343 478 2355 ·
529 2326 696 2398 εἴπερ
739 2326 890 2379 ἐστὶν
933 2325 1154 2396 ἀληθὲς,
1185 2327 1267 2380 ὅτι
1297 2326 1365 2380 τὰ
1400 2327 1524 2380 καθ’
1551 2328 1698 2398 ἡμᾶς
1737 2346 1905 2399 μετα-

283 2420 554 2490 στήσεται
580 2419 646 2472 ἐκ
675 2419 888 2490 φθορᾶς
926 2418 1007 2482 είς
1034 2418 1370 2489 ἀφθαρσίαν,
1398 2421 1463 2472 ἐκ
1502 2418 1736 2474 θανάτου
1767 2422 1905 2493 πρὸς

281 2510 458 2582 ζωὴν,
495 2511 558 2578 ἐξ
583 2511 876 2575 ἀσθενείας
895 2513 978 2575 είς
999 2509 1255 2582 δύναμιν,
1277 2509 1338 2575 ἐξ
1363 2512 1589 2582 ἀτιμίας
1617 2515 1694 2576 είς
1721 2513 1901 2579 δόξαν,

279 2605 348 2656 ἐκ
379 2603 830 2675 μεμετρημένων
860 2601 1070 2674 καιρῶν
1095 2604 1175 2666 εἰς
1204 2602 1536 2673 μακραίωνα
1570 2602 1704 2673 βίον.
1739 2604 1902 2658 Οὕτω

277 2696 419 2767 γὰρ,
459 2695 608 2749 οὕτω
637 2695 734 2750 καὶ
763 2695 916 2767 αὑτῷ
947 2694 1241 2758 διαπαντὸς
1272 2693 1616 2764 συνεσόμεθα
1655 2695 1733 2766 τῷ
1768 2697 1902 2767 Χρι-

279 2788 420 2858 στῷ·
457 2787 529 2841 δι’
557 2783 620 2843 οὗ
663 2789 758 2843 καὶ
800 2788 922 2859 μεθ’
968 2779 1031 2842 οὗ
1083 2787 1164 2859 τῷ
1195 2785 1316 2857 Θεῷ
1369 2785 1463 2839 καὶ
1505 2772 1680 2860 Πατρὶ
1711 2790 1743 2860 ἡ
1776 2789 1904 2856 δόξα

278 2888 378 2935 καὶ
413 2882 479 2935 τὸ
509 2881 717 2953 κράτος
764 2882 862 2934 σὺν
900 2880 1041 2951 ἁγίῳ
1099 2879 1378 2949 Πνεὺματι
1415 2879 1496 2941 είς
1526 2880 1653 2943 τοὺς
1698 2879 1904 2943 αἰῶνας

278 2975 394 3030 τῶν
418 2975 666 3029 αἰώνων.
711 2969 770 3028 Ἀ
778 2975 908 3046 μήν.

359 3130 410 3160 ⁸⁵
447 3131 574 3190 Col.
619 3148 681 3198 ιι,
713 3132 801 3187 20.
866 3131 913 3162 πο
941 3131 1058 3187 Col.
1091 3149 1167 3198 ιιι,
1193 3133 1248 3201 3,
1285 3136 1339 3190 4.
1425 3133 1470 3165 ιτ
1499 3131 1641 3190 Ibid.
1692 3130 1747 3189 5..

280 3327 1815 3362 Μ

1741 3346 1813 3358 .-

2004 2233 2262 2302 ruptione
2305 2232 2360 2286 in
2399 2232 2900 2303 incorruptionem,
2934 2250 3001 2288 ex
3031 2245 3209 2289 morte
3236 2236 3292 2289 in
3316 2235 3508 2301 vitam,
3533 2249 3602 2292 ex

2004 2325 2325 2381 infirmitate
2357 2325 2412 2380 in
2451 2328 2776 2396 potentiam,
2801 2343 2868 2382 ex
2909 2327 3211 2399 ignominia
3249 2329 3304 2383 in
3345 2327 3598 2400 gloriam,

2001 2433 2068 2472 ex
2103 2426 2426 2472 mensurato
2465 2433 2531 2473 ac
2563 2417 2792 2473 definito
2827 2427 3074 2487 tempore
3105 2418 3161 2473 in
3204 2399 3600 2489 sempiternam

2002 2509 2194 2563 vitam.
2220 2508 2301 2563 Ita
2332 2508 2484 2563 enim
2518 2508 2686 2563 etiam
2732 2523 2858 2562 cum
2901 2507 3021 2578 ipso
3063 2507 3284 2564 Christo
3329 2518 3602 2579 perpetuo

2001 2602 2216 2656 erimus
2243 2619 2256 2654 :
2283 2617 2383 2671 per
2409 2616 2596 2671 quem,
2623 2609 2829 2656 etcum
2853 2615 2984 2671 quo,
3011 2601 3124 2656 Deo
3147 2617 3212 2656 ac
3250 2601 3399 2656 Patri
3425 2601 3598 2673 gloria
3673 2621 3678 2628 ⁴

2001 2703 2058 2748 et
2079 2694 2376 2766 imperium
2404 2710 2531 2750 cum
2562 2702 2752 2750 sancto
2787 2693 2998 2765 Spiritu
3045 2694 3100 2750 in
3137 2696 3336 2752 saecula
3373 2697 3590 2752 saeculo»

2005 2804 2148 2842 rum.
2188 2787 2384 2844 Amen.

1862 3331 1932 3340 ,_

846 3490 1650 3616 ΓΛΑΦΥΡΩΝ
1727 3499 1973 3613 ΕΙΣ
2038 3485 2388 3620 ΤΗΝ
2434 3500 3085 3617 ΓΕΝΕΣΙΝ

1631 3727 2072 3815 ΒΙΒΛΙΟΝ
2145 3717 2263 3814 Ε’.

521 3963 1462 4060 GLAPHYRORUM
1521 3971 1648 4061 IN
1722 3976 2251 4126 GERLESIM
2336 3977 2692 4068 LIBER
2787 3979 3365 4084 QUINTUS.

809 4216 952 4286 Περὶ
989 4217 1098 4274 τοῦ
1146 4215 1376 4274 Ἰακώϐ.

337 4359 423 4408 α’,
466 4349 816 4422 Πολυμερῶς
881 4349 977 4403 καὶ
1033 4349 1394 4423 πολυτρόπως
1440 4353 1473 4424 ἡ
1532 4352 1893 4425 θεόπνευστος

269 4443 479 4518 Γραφὴ
506 4443 612 4514 τῆς
651 4443 740 4496 διὰ
761 4441 1005 4514 Χριστοῦ
1039 4445 1318 4515 σωτηρίας
1348 4453 1736 4518 προαναφωνεῖ
1762 4453 1892 4518 τοὺς

270 4540 524 4601 τύπους,
577 4537 638 4589 οὐ
697 4535 931 4606 μετρίαν
997 4535 1269 4590 ἐντεῦθεν·
1316 4541 1430 4602 τοῖς
1484 4540 1891 4613 ἐντευξομένοις

271 4628 504 4683 τιθεῖσα
538 4626 642 4696 τὴν
692 4626 904 4695 ὄνησιν.
955 4625 1168 4696 Ὂνπερ
1213 4626 1323 4698 γὰρ
1365 4629 1569 4700 τρόπον
1609 4632 1660 4685 οί
1701 4634 1798 4705 τὴν
1833 4637 1889 4688 ἐν

274 4719 502 4786 πίναξιν
547 4719 866 4789 ἐπιστήμην
905 4717 985 4780 είς
1022 4716 1171 4770 ἅπαν
1212 4718 1600 4792 ἐξησκημένοι,
1621 4728 1743 4790 ταῖς
1779 4727 1888 4781 τῶν

270 4811 596 4885 χρωμάτων
625 4809 934 4864 πολυειδέσι
965 4813 1202 4880 μορφαῖς
1248 4815 1755 4884 καταποικίλλουσι,
1790 4821 1890 4885 τὰς

274 4906 443 4968 σκιὰς
483 4907 567 4966 είς
610 4902 1039 4974 ἐμφανεστέραν
1073 4903 1304 4972 ἄγοντες
1335 4904 1478 4974 ὄψιν,
1516 4909 1611 4961 καὶ
1653 4910 1788 4964 πολὺ
1829 4913 1889 4965 τὸ

272 4997 508 5066 ἐπίχαρι
539 4996 911 5066 καταχέοντες
940 4995 1040 5065 τῆς
1071 4997 1296 5068 γραφῆς
1319 5005 1340 5027 ·’
1367 4998 1509 5052 οὕτω
1533 5002 1627 5054 καὶ
1665 5004 1698 5073 ή
1731 5002 1887 5056 τοῦδε

269 5088 370 5144 τοῦ
401 5089 612 5152 παντὸς
643 5092 884 5160 τεχνῖτις
911 5090 1096 5157 σοφία,
1121 5091 1372 5144 τουτέστι
1406 5093 1561 5160 Θεὸς,
1589 5093 1679 5148 διὰ
1705 5096 1887 5150 ποικί-

269 5182 383 5236 λων
428 5181 579 5234 ὃσων
638 5179 983 5251 αὐχημάτων
1045 5183 1446 5252 προαναφαίνει
1515 5184 1733 5249 λεπτῶς
1792 5187 1886 5240 τοῦ

269 5274 589 5346 μυστηρίου
613 5274 674 5326 τὸ
699 5273 921 5337 κάλλος.
961 5274 1049 5328 ἵνα
1076 5276 1353 5340 συνιέντες
1383 5275 1458 5340 ὡς
1483 5277 1542 5329 ὲν
1572 5279 1884 5350 αίνίγμασι,

271 5368 366 5423 καὶ
420 5365 716 5437 μονονουχὶ
767 5369 1187 5438 προκατήχησιν
1236 5369 1333 5421 καὶ
1378 5369 1738 5441 προεισὸολὴν
1801 5375 1884 5438 είς

269 5459 498 5514 σύνεσιν
533 5459 596 5511 τὸ
631 5461 870 5530 πρᾶγμα
909 5460 1262 5530 ποιούμενοι,
1296 5460 1436 5533 πρὸς
1478 5461 1578 5533 τὴν
1611 5462 1713 5533 τῆς
1755 5465 1885 5536 ἀλη-

264 5548 423 5613 θείας
454 5547 800 5618 παραδοχὴν,
835 5548 1175 5620 ἐτοιμότεροί
1204 5568 1321 5614 πως
1365 5545 1478 5603 ε’ίεν
1509 5552 1557 5604 oi
1590 5569 1885 5623 μυσταγω-

264 5641 560 5712 τούμενοι.
610 5639 981 5711 Διατρίόομεν
1017 5642 1203 5696 τοίνυν
1254 5643 1312 5695 ἐν
1357 5643 1496 5715 τῷδε
1537 5642 1617 5714 τῷ
1667 5645 1878 5718 κόσμῳ,

268 5731 474 5803 μικρὸν
503 5729 863 5801 διαφέροντες
884 5769 899 5793 ,
927 5731 960 5800 ἢ
991 5732 1134 5802 τάχα
1170 5750 1275 5787 που
1308 5735 1403 5788 καὶ
1436 5732 1742 5806 ἡττώμενοι
1774 5737 1882 5791 τῶν

265 5828 488 5895 ἀλόγων
523 5823 686 5888 ζώων
709 5864 725 5890 ,
757 5822 920 5896 εἴπερ
950 5824 1127 5898 άληθῆ
1176 5827 1277 5898 τὴν
1317 5825 1614 5898 ἐπίπληξιν
1645 5829 1883 5884 ἐποιεῖτο

336 5983 384 6018 ⁸³
421 5985 596 6042 Ilcbr.
625 6003 665 6056 ι,
698 5986 724 6042 1
763 6002 920 6058 seqq.

2545 4228 2705 4302 140
2730 4229 2808 4283 De
2828 4228 3014 4286 Iacob.

2070 4346 2122 4400 1.
2155 4345 2319 4400 Varie
2359 4359 2423 4398 ac
2458 4344 2818 4399 multifariam
2845 4359 3001 4399 sacra
3054 4348 3343 4416 Scriptura
3394 4348 3589 4404 salutis

1994 4454 2096 4509 per
2127 4437 2413 4493 Christum
2445 4445 2602 4508 typos
2635 4435 2909 4506 praedicit,
2941 4452 3054 4492 non
3087 4437 3424 4494 mediocrem
3459 4441 3588 4496 inde

1990 4531 2115 4601 ejus
2141 4529 2407 4584 studiosis
2456 4528 2754 4584 utilitatem
2812 4527 3056 4584 at'ferens
3096 4527 3166 4583 ⁸⁸.
3213 4529 3588 4598 Quemadmo-

1993 4623 2126 4679 dum
2153 4623 2300 4679 enim
2343 4623 2594 4693 pictorim
2621 4624 2762 4676 artis
2816 4622 3064 4693 magistri
3117 4625 3299 4680 varias
3337 4625 3589 4683 colorum

1993 4713 2199 4785 ﬁguras
2222 4713 2437 4768 umbris
2459 4712 2804 4774 indueentes,
2831 4712 2896 4766 ad
2914 4713 3272 4768 amteniorcm
3304 4725 3589 4785 aspectum

1990 4820 2087 4860 eas
2109 4805 2446 4876 perducunt,
2491 4806 2839 4875 multumque
2876 4806 3070 4876 gratiae
3126 4821 3190 4861 ac
3240 4807 3461 4863 decoris
3496 4813 3593 4878 pi—

1991 4905 2165 4953 ctura
2192 4898 2527 4965 conciliant;
2569 4897 2644 4952 ita
2667 4897 2832 4952 etiam
2870 4898 3042 4952 totius
3103 4898 3345 4953 universi
3402 4900 3593 4969 opifex

1991 4992 2288 5063 sapientia,
2321 4992 2468 5046 Deus
2494 4990 2784 5053 nimirum,
2821 4989 3248 5059 quamplurimis
3273 4990 3416 5061 typis
3465 5007 3586 5063 my-

1992 5085 2147 5139 sterii
2185 5083 2662 5154 pulchritudinem
2723 5080 3004 5135 subtiliter
3060 5091 3483 5150 praemonstrat,
3527 5093 3588 5139 ut

1991 5179 2367 5247 intelligentes
2392 5176 2569 5231 veluti
2609 5175 2667 5229 in
2698 5174 2911 5245 figuris,
2942 5181 3106 5242 atque
3143 5173 3211 5226 iis
3237 5174 3405 5229 veluti
3447 5190 3588 5246 prte-

1989 5269 2160 5324 ludiis
2195 5284 2293 5323 seu
2339 5265 2912 5337 praeexercitamentis
2960 5265 3028 5319 ad
3065 5265 3419 5336 prudentiam
3475 5268 3584 5332 usi,

1989 5361 2057 5415 ad
2089 5360 2383 5415 veritatem
2411 5356 2818 5428 suscipiendam
2846 5356 3151 5428 paratiores
3177 5357 3587 5426 quodammodo

1990 5467 2157 5506 saera:
2183 5449 2491 5519 diseiplinze
2514 5449 2796 5504 candidati
2822 5447 3375 5506 eiliciantur.Versati
3400 5450 3584 5520 itaque

1991 5559 2184 5598 sumus
2220 5544 2275 5596 in
2307 5541 2411 5595 hoc
2446 5540 2657 5594 mundo
2691 5556 2886 5610 parum
2941 5557 2970 5594 a
3007 5540 3190 5595 brutis
3240 5540 3580 5602 differentes.

1992 5639 2104 5692 imo
2165 5634 2459 5690 inferiores
2522 5633 2637 5689 fere
2684 5633 2864 5688 brutis
2907 5633 3262 5696 animalibus,
3322 5632 3369 5686 si
3419 5630 3596 5712 modo

1990 5731 2138 5785 Deus
2163 5745 2294 5784 vere
2344 5728 2624 5784 Israelitas
2665 5725 2997 5796 increpavit,
3054 5726 3130 5780 ita
3169 5725 3394 5779 dicens:
3434 5721 3581 5777 «Οοο

1989 5824 2302 5898 gnovithos
2335 5837 2712 5896 possessorem
2751 5834 2936 5882 suum,
2977 5826 3033 5873 et
3083 5817 3274 5873 asinus
3334 5828 3585 5888 pnesepe
