4034 6452
536 440 643 495 ﬂ?

1564 432 1623 493 Β.
1665 426 1942 491 CYBILLI
1981 423 2450 488 ALEXANDBINI
2489 424 2806 488 ARCHIEP.

3682 438 3775 502 298

539 553 753 611 domini
793 553 910 610 sui:
935 554 1103 610 Israel
1139 562 1323 609 autem
1347 567 1435 607 me
1476 566 1588 606 non
1636 549 1914 621 cognovit,
1945 558 2003 603 et
2023 563 2111 617 po-

2222 545 2353 611 Θεὸς
2403 545 2544 601 κατὰ
2589 546 2697 600 τῶν
2743 546 2802 613 ἐξ
2845 546 3091 617 Ἰσραὴλ.
3121 512 3264 599 οὓτῶ
3311 545 3503 614 λέγων·
3542 570 3561 603 ι
3611 556 3777 625 Ἔγνω

540 647 707 716 pulos
732 660 890 700 meus
914 660 1026 700 non
1066 643 1338 699 intellexit
1377 643 1446 697 ”.
1475 662 1493 695 ι
1534 642 1593 698 Si
1624 657 1758 697 vero
1803 641 1979 712 legem
2020 639 2120 693 ha-

541 736 737 792 bentes
774 735 1125 806 paedagogum
1157 733 1473 789 Iudaeorum
1513 732 1727 804 populi,
1755 730 1894 785 adeo
1940 730 2122 802 gravis

543 828 868 899 ignorantia:
889 827 1132 882 accusati
1163 833 1313 890 sunt,
1344 840 1596 895 quaenam
1636 840 1665 879 ο
1694 824 1951 896 gentibus
1979 822 2122 878 ratio

540 916 812 985 exigenda
866 914 1056 979 fuerit,
1096 913 1445 970 densissimis
1504 914 1754 969 tenebris
1786 912 1999 969 erroris
2050 911 2121 967 de

536 1007 773 1062 deorum
812 1007 1129 1079 pluralitate
1170 1009 1483 1064 immersis?
1506 1009 1776 1064 Deorsum
1796 1009 1946 1063 enim
1978 1024 2121 1079 quo-

538 1098 838 1153 dammodo
867 1113 1086 1168 semper
1109 1106 1418 1169 vergentes,
1451 1108 1508 1154 et
1552 1098 1841 1153 desideriis
1866 1097 2119 1164 involuti,

540 1192 781 1247 terrenis
828 1200 1042 1247 tantum
1090 1191 1531 1260 cogitationibus
1562 1191 1849 1255 vacabant,
1883 1206 1954 1245 ne
1996 1198 2119 1245 tan-

540 1284 722 1337 tillum
746 1283 973 1353 quidem
1006 1283 1211 1338 mentis
1256 1283 1479 1337 oculum
1539 1282 1605 1337 ad
1664 1282 1888 1352 pietatis
1932 1280 2120 1351 splen-

538 1375 741 1429 dorem
777 1376 994 1445 erigero
1018 1375 1284 1429 valentes.
1329 1373 1539 1428 Idcirco
1592 1373 1945 1442 deplorantes
1994 1385 2116 1438 nos,

536 1475 598 1521 et
629 1474 842 1521 tantum
869 1481 978 1520 non
1000 1465 1313 1536 iacentibus
1333 1465 1735 1536 illacrymantes
1757 1465 1951 1519 beatos
1986 1479 2120 1533 ριὀι

542 1555 742 1626 phetas
774 1556 980 1627 passim
1020 1556 1280 1625 reperias.
1316 1553 1516 1608 Beatus
1553 1553 1701 1608 enim
1743 1554 1942 1609 Isaias:
1986 1572 2004 1604 ι
2030 1553 2122 1607 υἰέ

542 1645 753 1712 latavit,
783 1667 802 1698 ι
832 1647 1028 1717 inquit,
1063 1665 1080 1696 ι
1106 1645 1604 1700 infernusanimam
1632 1659 1808 1709 suam,
1828 1653 1885 1698 et
1905 1645 2121 1715 aperuit

541 1754 604 1795 os
635 1756 817 1804 suum,
844 1755 914 1794 ne
956 1748 1197 1793 cessaret
1229 1738 1300 1790 ’°.
1324 1758 1343 1788 ι
1370 1737 1560 1807 Neque
1591 1737 1739 1791 enim
1770 1737 2120 1793 declinabant

540 1846 572 1884 a
598 1832 777 1903 malo;
806 1831 1141 1885 intolerabili
1197 1844 1330 1884 vero
1380 1829 1790 1899 quodammodo
1829 1828 2118 1901 tyrannide

2226 638 2352 709 βοῦς
2381 639 2473 693 τὸν
2508 638 2889 710 κτησάμενον,
2921 639 3019 692 καὶ
3042 637 3160 701 δνος
3194 636 3293 709 τὴν
3331 639 3539 711 φάτνην
3570 643 3655 698 τοῦ
3693 664 3776 701 κυ.

2226 732 2343 803 ρίου
2373 730 2559 787 αὐτοῦ·
2599 731 2817 803 Ἰσραὴλ
2844 731 2901 784 δέ
2934 748 3003 803 με
3043 732 3142 785 οὐκ
3169 731 3329 801 ἔγνω,
3358 733 3452 786 καὶ
3486 740 3513 788 ο
3538 735 3658 803 λαός
3686 757 3777 809 μου

2221 821 2285 875 οὐ
2322 824 2580 891 συνῆκεν.
2615 840 2633 872 ι
2675 821 2740 873 Et
2768 819 2825 873 δὲ
2851 820 3015 891 νόμον
3045 820 3260 892 ἔχοντες
3296 822 3389 875 τὸν
3429 825 3776 896 παιδαγωγὸν.

2222 913 2317 966 ἐπὶ
2337 915 2457 977 ταῖς
2481 912 2624 965 οὕτω
2650 912 2856 976 δειναῖς
2884 911 3152 982 ἀμαθίαις
3176 913 3228 966 oi
3255 912 3366 965 τῶν
3405 914 3668 970 Ἰουδαίων
3692 919 3776 990 67)-

2226 1023 2317 1077 μοι
2360 1004 2829 1073 κατεγινώσκοντο
2848 1046 2863 1068 ,
2894 1005 2976 1068 τίς
3007 1003 3074 1058 ἂν
3110 1004 3323 1073 γένοιτο
3364 1003 3547 1058 λοιπὸν
3575 1006 3724 1075 λόγος
3756 1012 3781 1063 ὁ

2224 1096 2557 1166 ζητούμενος
2600 1096 2730 1167 περὶ
2756 1096 2862 1148 τῶν
2892 1094 3087 1159 ἐθνῶν,
3134 1088 3215 1156 οἷς
3244 1094 3345 1164 τῆς
3376 1094 3634 1150 πολυθέου
3658 1098 3781 1151 πλά-

2223 1206 2321 1259 νης
2373 1191 2401 1242 6
2447 1187 2615 1258 βαθὺς
2676 1185 2946 1257 ἐνέσκηψε
2979 1185 3199 1251 σκότοςς
3250 1184 3417 1238 Κάτω
3464 1185 3571 1255 γὰρ
3610 1185 3784 1257 ὥσπερ

2221 1278 2627 1341 διανενευκότες
2663 1277 2785 1342 ἀεὶ,
2816 1278 2908 1329 καὶ
2954 1277 3077 1339 ταῖς
3106 1275 3207 1343 τῆς
3252 1271 3453 1343 σαρκὸς
3484 1273 3783 1344 ἐπιθυμίαις

2221 1367 2465 1439 ἐνειλημῘ
2481 1367 2541 1440 μ]
2552 1368 2662 1421 ένοι
2680 1406 2694 1429 ,
2734 1368 2870 1438 μόνα
2897 1368 3114 1437 φρονεῖν
3136 1364 3467 1429 ἐσπούδαζον
3498 1366 3565 1418 τὰ
3587 1366 3673 1418 ἐπὶ
3696 1367 3784 1436 τῆς

2220 1461 2348 1531 γῆς,
2371 1461 2478 1514 οὐδ’
2507 1461 2629 1514 ὅσον
2657 1462 2834 1513 εἰπεῖν
2862 1459 2953 1512 τὸν
2976 1457 3075 1528 τῆς
3099 1457 3337 1519 διανοίας
3366 1452 3644 1526 ὀφθαλμὸν
3670 1458 3787 1510 ἀνα-

2219 1555 2417 1606 τείνειν
2451 1552 2724 1623 ἰσχύοντες
2778 1552 2860 1615 είς
2906 1551 2977 1605 τὰ
3021 1551 3120 1622 τῆς
3158 1549 3438 1619 φιλοοεῒας
3481 1550 3784 1619 αὐχήματα.

2234 1643 2514 1697 Ἐντεῦθεν
2548 1645 2680 1715 ἡμῖν
2708 1641 3110 1714 ὲποιμώζοντες
3144 1643 3240 1695 καὶ
3270 1640 3566 1711 «μονονουχὶ
3607 1641 3785 1711 κειμέ-

2220 1756 2331 1802 νοις
2378 1736 2802 1809 ὲπιδακρύοντες
2830 1737 2879 1788 οἱ
2923 1734 3187 1807 μακάριοι
3222 1733 3535 1804 προφῆται,
3576 1733 3787 1804 μυρίους

2192 1822 2378 1895 δσους
2427 1830 2836 1899 δεδαπανήκασι
2874 1827 3087 1896 λόγους.
3128 1827 3187 1879 Ὀ
3233 1826 3331 1897 μὲν
3374 1825 3484 1897 γὰρ
3532 1826 3787 1895 μακάριος

544 1921 698 1994 14],
728 1922 940 1977 Satanae
984 1922 1038 1976 in
1084 1936 1185 1978 nos
1241 1921 1541 1992 grassantis
1587 1920 1861 1991 oppressi,
1891 1920 2111 1975 descen-

2234 1923 2484 1989 Ἡσαΐας,
2507 1942 2527 1974 ι
2549 1922 2898 1986 Ἐπλάτυνε,ι
2929 1919 3146 1991 φησὶν,‹
3173 1919 3202 1970 6
3223 1917 3356 1989 ᾅδης
3386 1916 3484 1987 τὴν
3513 1916 3787 1987 summa-

538 2011 743 2067 derunt
763 2011 988 2082 quidem
1022 2010 1079 2065 in
1108 2011 1385 2065 infernum
1413 2011 1625 2075 miseri,
1667 2019 1959 2080 postquam
1990 2007 2118 2062 inde

539 2101 759 2157 liberati
792 2109 997 2167 essent,
1049 2101 1387 2172 deglutiente
1439 2111 1639 2165 morte,
1683 2117 1749 2156 ac
1789 2101 2120 2170 depascentc

537 2194 947 2264 quodammodo
984 2207 1086 2248 nos
1128 2194 1340 2263 peccati
1390 2194 1700 2249 inventore.
1755 2193 1943 2263 Neque
1986 2208 2120 2247 vero

538 2283 750 2353 absque
780 2282 1060 2354 lacrymis,
1084 2293 1147 2337 ut
1172 2283 1339 2338 modo
1367 2283 1503 2349 dixi,
1548 2283 1928 2355 hujuscemodi
1971 2283 2119 2340 cala-

540 2374 754 2429 mitatis
774 2374 1030 2429 meminit
1056 2375 1222 2431 etiam
1252 2375 1475 2430 divinus
1513 2376 1707 2430 David.
1748 2376 1827 2430 Ita
1870 2376 2021 2431 enim
2050 2376 2118 2431 de

540 2466 701 2521 nobis
734 2465 831 2529 ait,
868 2466 1070 2520 alicubi
1097 2465 1357 2535 quidem:
1396 2486 1413 2517 ι
1449 2465 1605 2521 Sicut
1634 2480 1767 2520 oves
1798 2464 1855 2519 in
1889 2464 2114 2519 inferno

537 2558 703 2629 positi
738 2566 886 2623 sunt,
929 2573 1080 2613 mors
1126 2557 1385 2628 depasoct
1430 2573 1527 2613 eos
1561 2556 1645 2623 ἰς
1689 2576 1708 2609 ι
1743 2557 1945 2613 alicubi
1985 2572 2118 2613 vero

540 2666 795 2705 rursum:
841 2651 986 2718 «Qui
1022 2652 1200 2721 pascis
1226 2650 1417 2716 Israel,
1477 2651 1723 2717 intende,
1770 2652 1863 2722 qui
1889 2652 2119 2709 deducis

536 2741 689 2795 Velut
705 2756 863 2795 ovem
887 2741 1109 2811 Ioseph.
1137 2741 1241 2808 Qui
1270 2742 1428 2798 sedes
1449 2759 1617 2813 super
1634 2744 1957 2809 Cberubim,
1997 2761 2115 2801 ma-

537 2832 827 2888 nifestare.
867 2833 1059 2888 Excita
1093 2835 1394 2903 potentiam
1439 2844 1610 2900 tuam,
1649 2844 1705 2891 et
1734 2837 1881 2902 veni,
1914 2846 1976 2892 ut
2006 2837 2116 2893 sal-

536 2932 637 2978 vos
659 2924 825 2978 facias
849 2939 950 2979 nos
977 2925 1042 2977 ".
1070 2943 1088 2974 ι
1122 2924 1336 2978 Idcirco
1367 2924 1532 2979 etiam
1566 2939 1674 2979 non
1709 2925 1764 2980 in
1785 2933 2117 2996 perpetuum

534 3014 641 3069 sub
688 3023 864 3070 morte
928 3014 1247 3069 mansimus.
1300 3015 1447 3070 Misit
1479 3017 1627 3071 enim
1674 3018 1839 3073 nobis
1863 3034 1931 3073 ex
1974 3019 2117 3074 cmlo

534 3104 681 3160 Deus
712 3121 777 3159 ac
809 3106 974 3160 Pater
1007 3114 1279 3175 pastorem
1301 3105 1506 3163 bonum
1530 3107 1823 3162 Dominum
1861 3116 2115 3164 nostrum

2219 2013 2316 2067 τοῦ
2338 2055 2352 2077 ,
2384 2014 2481 2068 καὶ
2512 2013 2745 2085 διήνοιξε
2784 2012 2847 2066 τὸ
2884 2013 3058 2082 στόμα
3102 2010 3292 2074 αὑτοῦ,
3325 2010 3404 2081 μὴ
3450 2010 3733 2065 διαλιπεῖν.
3766 2027 3784 2061 ι

2222 2106 2295 2158 Οὐ
2324 2105 2433 2175 γὰρ
2464 2102 2533 2178 ἦν
2556 2106 2853 2170 ἀπόνευσις
2878 2103 2974 2158 τοῦ
3005 2102 3203 2158 κακοῖν
3234 2103 3498 2173 ἀφορήτῳ
3522 2100 3577 2155 δὲ
3614 2101 3791 2172 ὥσπερ

2221 2197 2506 2269 πλεονεξία
2541 2196 2971 2267 κατηχθισμὲνοι
2997 2198 3063 2267 τῇ
3098 2194 3194 2248 τοῦ
3240 2195 3364 2250 καθ’
3403 2194 3565 2265 ἡμῶν
3605 2209 3787 2263 τυραν-

2220 2287 2483 2352 νήσαντος
2532 2285 2785 2348 Σατανᾶ,
2822 2283 3145 2339 κατέϐαινον
3192 2284 3292 2353 μὲν
3337 2285 3422 2346 είς
3466 2282 3631 2354 ᾅδου,
3664 2282 3794 2336 κατὰ

2219 2373 2318 2444 τὴν
2347 2374 2597 2429 ἐντεῦθεν
2626 2374 2949 2446 ἀπαλλαγὴν
2980 2376 3029 2428 οἱ
3072 2374 3329 2437 δείλαιοι,
3358 2374 3562 2445 χανδὸν
3591 2373 3681 2427 τοῦ
3705 2372 3794 2426 θαυ-

2221 2465 2385 2519 νάτου
2433 2467 2828 2530 καταπίνοντος
2849 2506 2864 2532 ,
2901 2468 2996 2520 καὶ
3042 2468 3585 2536 καταποιμαίνοντος
3623 2466 3796 2536 ὥσπερ

2220 2557 2368 2627 ἡμᾶς
2396 2560 2475 2621 είς
2502 2559 2664 2612 τοῦτο
2691 2559 2790 2629 τῆς
2815 2558 3091 2631 ἁμαρτίας
3121 2559 3372 2630 εὑρετοῦ.
3403 2561 3516 2614 Kal.
3550 2561 3679 2630 γοῦν
3704 2563 3793 2614 οὐκ

2219 2646 2522 2718 ἀδακρυτὶ,
2561 2649 2812 2720 καθάπερ
2839 2650 2975 2720 ἔφην
3004 2649 3239 2720 ἀρτίως,
3264 2649 3369 2720 τῆς
3406 2650 3627 2704 τοιᾶσδε
3661 2666 3792 2720 συμ-

2221 2737 2391 2807 φορᾶς
2417 2737 2749 2809 διεμέμνητο
2769 2740 2862 2792 καὶ
2887 2736 3050 2802 αὐτὸς
3073 2740 3103 2791 6
3125 2738 3419 2803 θεσπέσιος
3443 2739 3632 2794 Δαϐίδ.
3660 2741 3793 2808 Ἔφη

2218 2829 2274 2882 δὲ
2322 2818 2466 2884 (Imm
2496 2832 2624 2902 περὶ
2663 2832 2856 2903 ἡμῶν,
2900 2833 3032 2886 ποτὲ
3078 2833 3213 2903 μέν·
3262 2849 3281 2883 ι
3336 2833 3429 2897 Ὠς
3463 2832 3714 2904 πρόϐατα
3744 2833 3796 2884 ὲν

2218 2920 2322 2995 ᾅδῃ
2350 2922 2551 2986 ἔθεντο,
2586 2925 2816 2989 θάνατος
2843 2924 3099 2995 ποιμανεῖ
3125 2924 3321 2987 αὐτούς
3361 2942 3375 2956 ο
3416 2944 3436 2976 ι
3476 2926 3567 2979 ὁτὲ
3620 2926 3675 2979 δὲ
3700 2924 3798 2978 πά..

2217 3013 2320 3067 λιν’
2353 3034 2374 3065 ι
2396 3017 2453 3068 '0
2485 3016 2789 3085 ποιμαίνων
2817 3017 2907 3068 τὸν
2949 3015 3167 3087 Ἰσραὴλ
3200 3019 3506 3088 πρόσσχες,
3536 3021 3565 3071 6
3597 3017 3798 3088 ὁδηγῶν

2216 3104 2349 3159 ὡσεὶ
2379 3105 2648 3179 πρόϐατον
2681 3107 2773 3160 τὸν
2817 3105 3034 3178 Ἰωσήφ
3074 3111 3102 3161 6
3128 3107 3449 3179 καθήμενος
3483 3109 3577 3162 ἐπὶ
3602 3108 3672 3162 τά
3704 3109 3799 3161 Xst-

533 3196 726 3253 Jesum
762 3195 1065 3259 Christum,
1093 3212 1202 3251 non
1230 3197 1284 3251 in
1327 3197 1602 3253 infernum
1649 3208 1970 3269 pascentem
2019 3217 2111 3257 eos

2223 3198 2441 3268 ρουϐὶμ,
2480 3199 2780 3269 ὲμφάνηθιδ
2812 3199 3088 3271 ἐξέγειρον
3117 3200 3216 3269 τὴν
3234 3197 3799 3267 δυναστείανσου,καὶ

534 3286 635 3358 qui
663 3286 766 3341 sub
790 3286 910 3356 ipso
938 3293 1088 3352 sunt,
1116 3287 1211 3343 sed
1235 3288 1302 3342 ad
1327 3289 1800 3360 incorruptionem
1839 3307 1903 3345 ac
1942 3292 2112 3347 vitam

534 3378 923 3433 deducentem.
953 3377 1132 3432 Pascit
1158 3378 1308 3433 enim
1340 3399 1359 3430 ι
1382 3379 1527 3434 inter
1556 3380 1691 3445 lilia,
1718 3387 1775 3436 et
1809 3381 1863 3435 in
1894 3384 2118 3452 pascuis

535 3469 720 3534 bonis,
751 3478 808 3525 et
839 3469 894 3523 in
926 3469 1048 3523 Ioco
1081 3469 1292 3541 pingui,
1320 3489 1339 3522 ι
1379 3471 1526 3527 sicut
1587 3472 1854 3542 scriptum
1915 3482 2000 3529 est
2029 3475 2110 3527 ’δι

537 3560 768 3616 herbam
793 3560 953 3615 nobis
986 3562 1196 3631 prabet
1233 3562 1599 3632 spiritualem,
1642 3565 2008 3635 supernisque
2048 3582 2113 3622 ac

534 3652 853 3707 calestihus
873 3652 1095 3707 fluentis
1123 3653 1382 3724 irrigans,
1432 3663 1491 3711 et
1536 3654 1806 3710 fecundos
1846 3656 2110 3727 efficiens,

535 3744 591 3796 in
635 3744 955 3797 immensam
1008 3754 1273 3813 prmterea
1319 3745 1651 3815 populorum
1697 3747 2111 3806 multitudinem

530 3833 743 3888 dilatat.
773 3834 945 3890 Porro
969 3834 1154 3890 videat
1196 3836 1321 3905 quis
1368 3836 1425 3890 id
1462 3836 1610 3907 quod
1655 3838 1791 3905 dixi,
1836 3840 2008 3896 veluti
2052 3842 2110 3897 in

502 3925 743 4001 _uinbris
770 3925 1168 3996 significantem
1217 3926 1468 3983 divinum
1518 3927 1707 3995 Iacob,
1754 3945 1985 4000 quaeque
2039 3924 2109 3987 de

527 4030 597 4070 eo
627 4016 835 4086 scripta
857 4025 1005 4080 sunt,
1035 4022 1095 4070 et
1120 4015 1270 4086 quod
1306 4017 1362 4070 in
1415 4017 1644 4073 historia
1662 4014 1971 4075 'obscurius
2020 4021 2104 4076 vi-

528 4107 774 4173 debitur,
796 4106 978 4177 quoad
1012 4108 1134 4177 ejus
1158 4106 1275 4162 ﬁeri
1301 4109 1526 4178 poterit,
1564 4110 1983 4179 explicabimus.
2025 4112 2107 4169 Ita

528 4198 700 4270 igitur
735 4198 1004 4284 scriptum
1026 4204 1143 4251 est:
1174 4215 1190 4247 ι
1219 4194 1443 4252 Factum
1466 4205 1552 4252 est
1571 4207 1757 4252 autem
1784 4206 1844 4253 ut
1887 4201 2108 4270 peperit

526 4291 733 4348 Rachel
762 4289 988 4359 Ioseph,
1023 4288 1163 4343 dixit
1184 4289 1355 4345 Iacob
1380 4288 1450 4344 ad
1484 4288 1704 4344 Laban:
1733 4291 1959 4347 Dimitte
1990 4308 2100 4361 me,

527 4390 593 4435 ut
617 4386 864 4434 revertar
893 4379 947 4432 in
1001 4376 1183 4433 locum
1234 4392 1420 4434 meum
1465 4388 1521 4435 et
1563 4379 1619 4434 in
1651 4392 1857 4435 terram
1901 4396 2101 4437 meam.

527 4463 718 4527 Redde
755 4468 890 4524 mihi
931 4484 1128 4525 uxores
1159 4485 1311 4525 meas
1347 4480 1405 4526 et
1440 4469 1582 4525 illius
1628 4486 1802 4537 meos,
1840 4487 1943 4542 pro
1975 4472 2102 4541 qui-

2218 3288 2339 3341 έλθὲ
2384 3291 2462 3352 είς
2500 3289 2560 3341 τὸ
2595 3290 2766 3343 σῶσαι
2820 3290 2987 3361 ἡμᾶς.
3027 3309 3044 3341 ι
3090 3290 3367 3363 Ταύτῃ-τοι
3405 3292 3504 3345 καὶ
3532 3292 3593 3344 οὒ
3649 3292 3801 3363 μέχρι

2218 3380 2417 3443 παντὸς
2452 3380 2557 3433 ὑπὸ
2595 3379 2672 3450 τῷ
2699 3380 2914 3452 θανάτῳ
2948 3384 3366 3452 μεμενήκαμεν.
3402 3382 3675 3452 Πέπομφε
3702 3381 3803 3454 γὰρ

2216 3472 2348 3541 ἡμῖν
2381 3470 2441 3536 ἐξ
2465 3471 2695 3543 οὐρανοῦ
2722 3475 2749 3526 6
2773 3472 2908 3537 Θεὸς
2940 3475 3031 3527 καὶ
3052 3460 3242 3549 Πατῇρ
3270 3477 3521 3547 ποιμένα
3556 3476 3649 3530 τὸν
3683 3477 3806 3544 ἀγα-

2216 3564 2306 3616 θὸν
2329 3562 2533 3635 Κύριον
2572 3564 2728 3635 ἡμῶν
2768 3564 2973 3635 Ἰησοῦν
2998 3560 3255 3637 Χριστόν
3278 3568 3387 3622 οὐκ
3420 3569 3506 3632 είς
3536 3568 3666 3640 ᾅδου
3700 3584 3807 3621 νεοι⁸

2217 3656 2478 3726 μαίνοντα
2498 3657 2628 3719 τοὺς
2657 3656 2749 3710 ὑπ’
2778 3653 2941 3712 αὐτὸν
2964 3656 3311 3729 γενομένους,
3342 3657 3467 3712 ἀλλ’
3495 3662 3580 3724 είς
3603 3658 3809 3731 ἀφθαρ-

2215 3748 2336 3801 σίαν
2390 3746 2487 3801 καὶ
2531 3746 2675 3819 ζωὴν
2723 3748 3087 3819 ἀποφέροντα.
3140 3749 3465 3820 Κατανέμει
3518 3750 3626 3822 γὰρ
3678 3767 3697 3802 ι
3747 3749 3802 3802 ὲν

2211 3840 2443 3910 κρίνοις,
2483 3839 2579 3892 καὶ
2617 3841 2674 3893 έν
2705 3842 2842 3910 νομῇ
2876 3838 3094 3910 ἀγαθῇ,
3141 3839 3238 3891 καὶ
3279 3841 3341 3892 έν
3387 3842 3548 3911 τόπῳ
3578 3840 3744 3906 πίονι,
3781 3858 3798 3891 ι

2211 3931 2355 3986 κατά
2397 3930 2460 3985 τὸ
2512 3931 2918 4003 γεγραμμένον*
2970 3930 3111 3985 πόαν
3148 3931 3281 4002 ἡμῖν
3328 3933 3673 4005 παρατιθεὶς
3711 3934 3804 4005 τὴν

2210 4023 2609 4095 πνευματικὴν,
2638 4024 2732 4077 καὶ
2759 4025 2872 4087 τοῖς
2913 4023 3121 4079 ἄνωθεν
3148 4022 3328 4090 καὶέξ
3362 4025 3611 4097 οὐρανοῦ
3640 4042 3808 4080 κατα-

2212 4116 2500 4188 μεθύσκων
2546 4117 2792 4187 νάμασι,
2827 4115 2923 4169 καὶ
2966 4115 3283 4186 έγκάρπους
3332 4116 3666 4183 ἀποτελῶν,
3715 4114 3804 4171 καὶ

2208 4209 2346 4280 πρός
2382 4225 2444 4277 γε
2473 4206 2537 4277 δὴ
2584 4206 2815 4271 τούτοις,
2844 4207 2925 4271 είς
2972 4206 3184 4278 πληθὺν
3232 4207 3566 4281 ἀμέτρητον
3612 4227 3806 4264 κατευ-

2209 4300 2357 4375 ρύνει
2387 4301 2551 4355 λαῶν.
2587 4301 2695 4354 Καί
2729 4318 2819 4370 μοι
2848 4301 3011 4354 πάλιν
3042 4300 3119 4364 ὡς
3162 4301 3220 4353 ἐν
3252 4305 3447 4367 σκιαῖς
3477 4304 3693 4357 κατίδοι
3718 4314 3800 4364 τις

2206 4394 2308 4457 ἂν,
2338 4394 2474 4464 ὅπερ
2517 4391 2676 4462 ἔφην,
2711 4390 2806 4444 τὸν
2847 4390 3139 4445 θεσπέσιον
3184 4384 3389 4445 Ἰακὼὸ
3414 4436 3430 4459 ,
3472 4396 3574 4449 καὶ
3607 4394 3677 4448 τὰ
3722 4391 3804 4447 ἐπ’

2205 4486 2354 4557 αὺτῷ
2385 4485 2746 4556 γεγραμμένα
2792 4484 3185 4556 παρατιθέντος
3223 4484 3319 4539 τοῦ
3365 4486 3566 4557 λόγου,
3593 4488 3689 4541 καὶ
3711 4488 3805 4557 τῆς

528 4559 636 4615 bus
666 4559 866 4613 servivi
891 4559 1014 4622 tibi,
1042 4569 1105 4614 ut
1131 4560 1346 4614 abeam.
1382 4559 1465 4614 'I'u
1493 4560 1643 4615 enim
1714 4562 1823 4617 scis
1862 4563 2105 4618 servitu~

2213 4579 2453 4652 ἱστορίας
2482 4578 2541 4631 τὸ
2568 4577 2759 4631 δοκοῦν
2782 4571 2923 4629 εἶναί
2953 4592 3068 4641 πως
3110 4578 3448 4647 ἁσυμφανὲς
3485 4578 3566 4643 ὡς
3610 4581 3692 4633 ένι
3713 4594 3809 4633 κα-

527 4656 641 4705 tem
669 4664 833 4718 quam
864 4650 1065 4703 servivi
1094 4650 1216 4713 tibi,
1243 4660 1299 4705 et
1328 4658 1539 4720 quanta
1583 4658 1743 4707 erant
1784 4667 1983 4722 pecora
2011 4662 2104 4710 tua

529 4752 768 4795 mecum.
794 4739 967 4793 Parva
1015 4740 1160 4793 enim
1208 4750 1368 4796 erant
1421 4755 1766 4811 quaecunque
1813 4742 1912 4797 tibi
1943 4752 2102 4800 erant

521 4846 714 4889 coram
756 4847 865 4895 me,
894 4838 949 4886 et
972 4841 1130 4886 aucta
1164 4842 1296 4888 sunt
1341 4832 1395 4886 in
1446 4834 1891 4890 multitudinem:
1923 4844 1980 4890 et
2007 4838 2104 4893 ben

524 4920 1095 4977 nedixitteDominus
1119 4920 1174 4974 in
1213 4920 1352 4990 pede
1388 4936 1528 4975 meo.
1568 4921 1724 4976 Nunc
1750 4939 1883 4994 ergo
1922 4940 2100 4994 quan-

521 5011 598 5068 do
648 5011 844 5067 faciam
868 5019 925 5064 et
943 5024 1044 5081 ego
1085 5009 1220 5063 mihi
1265 5009 1366 5079 ipsi
1389 5008 1653 5065 domum?
1698 5010 1765 5064 Et
1817 5010 1957 5065 dixit
1996 5011 2100 5066 La-

525 5098 632 5159 ban
664 5103 770 5157 illi:
805 5101 947 5169 Quid
972 5101 1114 5156 dabo
1149 5100 1292 5154 tibi?
1319 5101 1411 5155 Ait
1433 5109 1616 5155 autem
1645 5100 1722 5155 illi
1752 5100 2095 5157 Iacob:Non

521 5194 682 5249 dabis
704 5193 839 5247 mihi
866 5192 1187 5262 quidquam.
1213 5191 1269 5247 Si
1290 5191 1490 5247 feceris
1526 5192 1662 5247 mihi
1703 5193 1932 5248 verbum
1967 5194 2093 5259 hoc,

524 5283 728 5340 lterum
768 5298 987 5351 pascam
1026 5296 1156 5337 oves
1184 5291 1326 5346 tuas,
1355 5292 1413 5338 et
1429 5282 1759 5338 custodiam.
1791 5281 2096 5340 Transeunt

518 5388 716 5430 omnes
732 5388 865 5427 oves
890 5381 997 5426 tua:
1022 5371 1206 5436 hodie,
1237 5381 1294 5426 et
1315 5388 1507 5442 separa
1530 5373 1658 5429 inde
1699 5389 1918 5429 omnem
1938 5390 2097 5429 ovem

521 5464 693 5521 variis
720 5463 953 5518 maculis
976 5461 1316 5528 distinctam,
1344 5473 1400 5518 et
1437 5480 1657 5522 omnem
1699 5482 1857 5522 ovem
1886 5467 2097 5524 fuscam

520 5553 577 5613 in
601 5557 777 5628 agnis,
808 5564 864 5609 et
883 5569 1046 5609 omne
1097 5555 1388 5610 subalbum
1422 5565 1479 5611 ct
1530 5570 1781 5627 sparsum
1826 5559 1881 5615 in
1913 5562 2099 5630 capris

514 5648 626 5703 erit
649 5648 787 5704 mihi
826 5660 1059 5711 merces,
1103 5654 1161 5701 et
1193 5646 1450 5703 exaudiet
1497 5664 1584 5705 me
1621 5651 1835 5720 iustitia
1873 5668 1995 5708 mea
2038 5654 2094 5708 in

588 5847 634 5880 "'
668 5843 768 5902 Isa.
813 5864 861 5915 ι,
896 5848 948 5903 3.
1043 5848 1089 5881 ’⁸
1120 5849 1223 5904 Isa.
1267 5866 1317 5915 ι’,
1348 5850 1435 5903 25.
1511 5852 1551 5883 ⁹¹
1586 5851 1730 5906 Psal.
1765 5868 1951 5916 ιιι-ιιι,
1989 5855 2070 5910 15.

2208 4668 2670 4731 ταλευκαίνοντος.
2701 4666 3215 4739 Γέγραπται-τοίνυν
3243 4660 3367 4719 ὡδί·
3396 4687 3417 4720 ι
3446 4669 3704 4738 Ἐγένετο
3731 4667 3806 4729 δὲ.

2206 4758 2282 4824 ὡς
2315 4760 2470 4815 ἔτεκε
2512 4758 2714 4828 Ῥαχὴλ
2751 4758 2842 4810 τὸν
2890 4756 3119 4827 Ἰωσὴφ,
3144 4752 3301 4810 εἶπεν
3347 4760 3559 4813 ἰακὼῦ
3586 4759 3670 4831 τῷ
3700 4758 3810 4815 Δάι-

2206 4853 2328 4907 6ανο
2367 4849 2717 4907 Ἀπόστειλὸν
2750 4867 2817 4921 με
2857 4850 2943 4903 ἵνα
2967 4848 3189 4902 ἀπέλθω
3222 4851 3305 4913 είς
3334 4847 3434 4905 τὸν
3463 4853 3642 4907 τόπον
3686 4868 3807 4922 μου,

2206 4945 2301 4998 καὶ
2329 4945 2409 5007 εἰς
2434 4942 2532 5013 τὴν
2566 4942 2667 5010 γῆν
2701 4958 2823 5011 μουο
2856 4940 3055 5005 ἀπόδος
3100 4958 3187 5011 μοι
3223 4941 3329 5004 τὰς
3360 4946 3647 5012 γυναῖκάς
3688 4960 3807 5015 μου,

2204 5037 2300 5089 καὶ
2348 5034 2418 5089 τὰ
2465 5033 2650 5086 παιδία
2705 5051 2843 5103 μου,
2886 5032 3015 5101 περὶ
3061 5025 3137 5085 ὧν
3174 5032 3523 5089 δεδούλευκά
3560 5054 3679 5099 σοι,
3726 5035 3810 5088 ἵνα

2204 5125 2443 5180 ἀπέλθω.
2493 5125 2566 5178 Σὺ
2604 5124 2713 5195 γὰρ
2745 5122 3041 5193 γινώσκεις
3067 5124 3165 5195 τὴν
3202 5125 3492 5193 δουλείαν,
3522 5128 3593 5200 ἥν
3627 5126 3810 5182 δεδούο

2203 5217 2373 5271 λευκά
2402 5231 2504 5269 σοι·
2538 5217 2634 5268 καὶ
2674 5216 2774 5268 ὅσα
2800 5210 2869 5285 ἦν
2907 5216 3075 5285 κτήνη
3110 5231 3203 5268 σου
3241 5217 3369 5285 μετ’
3405 5220 3576 5288 ἐμοῦ.
3621 5218 3809 5290 Μικρά

2203 5307 2310 5376 γὰρ
2348 5301 2415 5377 ἦν
2457 5307 2558 5358 ὅσα
2592 5322 2676 5357 σοι
2718 5299 2785 5375 ἦν
2830 5304 3073 5357 ἐναντίον
3117 5321 3219 5374 μου
3245 5347 3259 5368 ,
3306 5309 3412 5360 καὶ
3460 5309 3684 5381 ηὐξήθη
3735 5311 3810 5373 είς

2201 5398 2426 5467 πλῆθος.
2476 5396 2587 5450 Καὶ
2625 5395 2897 5467 ηὑλόγησέ
2927 5412 2987 5447 σε
3028 5395 3230 5466 Κύριος
3261 5396 3364 5449 ἐπὶ
3398 5399 3486 5469 τῷ
3524 5402 3650 5454 ποδί
3685 5419 3805 5471 μου.

2200 5489 2313 5542 Νῦν
2352 5484 2444 5542 οὖν
2474 5472 2604 5541 πότε
2656 5490 2871 5557 ποιήσω
2914 5486 3070 5555 κάγὼ
3100 5486 3328 5557 ἐμαυτῷ
3373 5485 3565 5557 οἷκον;
3593 5494 3705 5547 Καὶ
3734 5486 3812 5544 εἷ-

2201 5598 2300 5634 πεν
2328 5580 2476 5651 αὐτῷ
2509 5580 2717 5634 Λάϐαν·
2748 5578 2813 5632 Τί
2838 5596 2919 5632 σοι
2952 5578 3138 5638 δώσως
3170 5576 3282 5631 Καὶ
3319 5579 3489 5636 εἶπεν
3519 5585 3675 5655 αὐτῷ
3711 5584 3810 5636 Ἰαο

2201 5671 2347 5727 κώϐο
2389 5676 2464 5727 Οὐ
2515 5671 2707 5735 δώσεις
2758 5689 2849 5743 μοι
2898 5670 3073 5724 οὐδέν.
3130 5671 3259 5724 Ἐἀν
3313 5676 3573 5750 ποιήσῃς
3619 5693 3713 5748 μοι
3750 5673 3809 5727 τὸ

2170 5858 2215 5886 ⁸⁸
2240 5856 2380 5909 I‘sal.
2405 5872 2584 5917 ωιτη,
2613 5855 2666 5919 ‘2,
2696 5855 2749 5908 5.
2878 5854 3101 5911 "Cant.
3136 5872 3194 5922 ll,
3233 5855 3343 5925 16;
3381 5862 3537 5919 Psal.
3594 5881 3723 5929 XXII,
3748 5861 3803 5916 2.

2164 6120 2211 6134 κ

3947 384 3953 435 Ι

3946 522 3954 561 1

3948 618 3953 647 ι

3947 706 3956 741 1
