4034 6442
248 398 334 455 ειν
1214 399 1747 461 ειΑΡιιγιιοιιυΜ
1785 406 1850 461 ΙΝ
1886 405 2193 467 αεκεεῐξιι
2259 404 2391 467 LIB.
2434 406 2498 468 ν.

3416 414 3525 471 250

246 520 381 593 ῥῆμα
414 516 599 580 τοῦτο,
633 515 798 572 πάλιν
830 517 1090 586 ποιμανῶ
1120 517 1189 573 τά
1234 518 1491 591 πρόϐατά
1518 537 1614 576 σου
1645 523 1813 597 σήμε-

1923 525 2014 581 die
2039 528 2305 595 crastina,
2341 528 2472 599 quia
2500 538 2587 585 est
2611 543 2827 585 merces
2848 544 2970 586 mea
3013 528 3256 604 [ﬁlia
3287 547 3525 605 conspe-

246 630 327 686 ρον
371 611 463 667 καὶ
489 611 731 682 φυλάξω.
763 615 1094 685 Παρελθέτω
1133 616 1312 670 πάντα
1339 616 1407 670 τὰ
1437 618 1692 688 πρόϐατά
1718 636 1814 673 σου

245 708 478 779 σήμερον,
508 704 831 777 διαχώρισον
864 708 1076 762 ἐκεῖθεν
1106 709 1215 763 πᾶν
1250 708 1527 780 πρόϐατον
1556 711 1807 767 ποικίλον

243 799 320 854 καὶ
341 797 591 869 περκνόν·
619 798 716 852 καὶ
747 799 858 852 πᾶν
894 798 1155 871 βόσκημα
1184 800 1348 870 φαιὸν
1374 804 1432 856 ὲν
1459 804 1574 866 τοῖς
1599 802 1812 875 ᾶρνεσι.

243 891 334 944 Καὶ
366 890 467 943 πᾶν
496 888 784 943 διάλευκον
817 890 914 945 καὶ
961 891 1157 961 ραντὸν
1187 893 1244 946 ὲν
1276 894 1399 958 ταῖς
1445 892 1591 959 αἰξὶν
1610 936 1626 961 ,
1661 894 1815 949 ἔσται

249 998 317 1052 μοι
344 981 560 1051 μισθὸς,
586 981 683 1035 καὶ
718 983 1097 1060 ἐπακούσεται(
1143 1001 1251 1056 μου
1279 987 1311 1058 ἠ
1351 986 1671 1059 δικαιοσύνη
1710 1005 1813 1060 μου

246 1076 365 1144 ὲντῇ
390 1073 574 1144 ἡμέρᾳ
599 1076 665 1145 τῇ
695 1074 911 1146 αὔριον,
978 1076 1062 1130 ὅτι
1092 1058 1271 1132 κεστιν
1313 1080 1342 1131 6
1373 1077 1563 1148 μισθός
1588 1058 1816 1151 μουήὲνι-

243 1165 384 1220 ὡπιόν
413 1185 526 1221 σου.
555 1170 675 1222 Πᾶν
699 1168 729 1222 ὃ
757 1169 825 1224 ἂν
845 1164 968 1245 ρ.ὴῇ
1002 1170 1196 1241 ραντὸν
1227 1166 1260 1244 ἦ
1298 1171 1584 1227 διάλευκον
1606 1176 1663 1228 ἐν
1690 1177 1813 1240 ταῖς

242 1258 361 1324 alii,
394 1259 487 1311 καὶ
532 1259 697 1329 φαιὸν
734 1263 795 1315 ὲν
824 1265 937 1326 τοῖς
971 1263 1163 1333 άρνεσι
1185 1304 1201 1328 ,
1232 1263 1616 1336 κεκλεμμένον
1657 1265 1813 1322 ἔσται

240 1351 350 1421 παρ’
375 1350 513 1420 ἐμοί.
530 1347 671 1407 Είπε
700 1353 758 1406 δὲ
779 1353 930 1425 αὐτῷ
959 1354 1168 1408 Λάϐαν·
1197 1355 1381 1411 Ἔστω
1398 1358 1542 1412 κατὰ
1568 1358 1629 1411 τὸ
1660 1359 1814 1431 ῥῆμά

239 1462 336 1500 του.
368 1447 473 1500 Καὶ
514 1446 822 1501 διέστειλεν
850 1449 910 1500 ὲν
936 1450 1000 1519 τῇ
1046 1448 1232 1522 ἡμέρᾳ
1278 1446 1464 1522 ἐκείνῃ
1506 1452 1635 1515 τοὺς
1673 1451 1810 1523 τρά-

235 1555 347 1609 γους
376 1542 494 1605 τοὺς
540 1543 780 1613 ραντοὺς
825 1542 923 1595 καὶ
967 1541 1325 1607 διαλεύκους,
1360 1545 1456 1598 καὶ
1497 1545 1680 1610 πάσας
1710 1547 1813 1611 τὰς

235 1630 374 1701 αἶγας
400 1632 494 1698 τὰς
526 1634 735 1705 ραντὰς
776 1633 870 1687 καὶ
897 1633 1243 1701 διαλεύκους,
1273 1636 1368 1688 καὶ
1407 1637 1519 1689 πᾶν
1547 1635 1575 1689 ὃ
1596 1631 1664 1707 ἦν
1686 1634 1812 1689 λευ-

235 1727 316 1780 κὸν
349 1728 401 1780 ἑν
429 1727 653 1793 αὐτοῖς,
691 1727 788 1780 καὶ
837 1728 949 1781 πᾶν
981 1726 1010 1780 ὃ
1052 1721 1120 1798 ἦν
1161 1728 1321 1797 φαιὸν
1356 1729 1416 1781 ὲν
1449 1730 1564 1792 τοῖς
1595 1728 1812 1808 ἀρνεσι,

1916 626 2010 673 ctu
2064 629 2181 675 tuo.
2204 620 2383 677 Omne
2407 621 2560 692 quod
2594 630 2705 678 non
2769 622 2943 679 fuerit
2970 639 3227 695 sparsum
3263 635 3362 683 aut
3384 627 3525 682 sub-

1913 711 2104 768 album
2133 713 2192 768 in
2231 715 2436 785 capris,
2459 724 2517 772 et
2544 715 2763 772 fuscum
2798 715 2854 771 in
2900 717 3079 789 agnis,
3126 717 3376 774 furatum
3411 718 3525 774 erit
3630 749 3652 762 ο

1913 804 2061 876 apud
2105 820 2215 861 me.
2267 806 2417 863 Dixit
2471 818 2658 864 autem
2694 807 2776 864 illi
2833 808 3052 865 Laban:
3088 808 3174 867 Sit
3210 811 3522 867 secundum

1913 897 2153 977 verbum
2179 905 2360 953 tuum.
2393 899 2464 954 Et
2492 900 2749 956 distinxit
2771 901 2829 956 in
2864 898 2955 958 die
2996 902 3090 958 illa
3136 903 3325 959 hircos
3359 919 3524 977 spar-

1912 1004 2005 1045 sos
2023 998 2080 1045 et
2094 990 2380 1058 subalbos,
2405 999 2463 1047 et
2484 1008 2680 1049 omnes
2699 1009 2896 1065 capras
2918 1009 3136 1066 sparsas
3157 1004 3212 1051 et
3236 996 3521 1062 subalbas,

1918 1093 1977 1138 et
1998 1098 2165 1140 omne
2187 1085 2407 1140 fuscum
2435 1086 2586 1156 quod
2614 1094 2738 1142 erat
2788 1087 2846 1142 in
2876 1089 3054 1159 agnis,
3099 1098 3157 1144 et
3181 1104 3347 1145 omne
3371 1089 3555 1160 quod:

1918 1185 2043 1233 erat
2066 1178 2256 1234 album
2284 1179 2341 1235 in
2382 1179 2541 1250 ipsis,
2587 1189 2645 1236 et
2681 1180 2841 1236 dedit
2872 1197 2973 1252 per
3019 1198 3243 1237 manum
3283 1182 3523 1238 ﬁliorum

1919 1285 2151 1326 suorum
2196 1286 2418 1343 gregem
2445 1272 2699 1343 singulis.
2726 1273 2817 1327 Et
2860 1274 3049 1344 posuit
3089 1275 3329 1345 spatium
3374 1274 3523 1329 viam

1918 1364 2093 1418 trium
2119 1363 2339 1420 dierum
2368 1364 2517 1420 inter
2538 1380 2638 1421 eos
2660 1374 2717 1420 et
2738 1366 2886 1421 inter
2900 1366 3092 1422 Iacob.
3137 1366 3309 1422 Iacob
3334 1376 3523 1422 autem

1919 1454 2186 1523 pascebat
2210 1470 2344 1510 oves
2366 1456 2709 1527 Laban‘quaa
2732 1457 2963 1528 reliquae
3009 1467 3169 1513 erant
3200 1460 3266 1513 “.
3295 1478 3313 1510 ι
3344 1457 3525 1529 Opor-

1921 1550 2001 1613 tet
2029 1558 2166 1598 vero
2193 1560 2419 1600 rursum
2463 1545 2716 1602 historia:
2763 1547 2966 1603 seriem
2993 1548 3049 1602 in
3093 1562 3272 1619 pauca
3305 1555 3527 1602 contra-

1921 1637 2079 1703 here,
2127 1646 2295 1707 atque
2360 1637 2438 1694 ita
2499 1639 2764 1711 adjicere,
2815 1654 3069 1712 quamam
3116 1641 3170 1696 ei
3220 1641 3528 1712 spiritualis

1920 1731 2318 1803 contemplatio
2344 1735 2660 1788 conveniat.

234 1820 315 1873 mi
339 1821 494 1875 ἔδωκε
526 1820 622 1876 διὰ
650 1822 834 1893 χειρὸς
893 1821 1005 1875 τῶν
1037 1822 1171 1877 υίῶν
1199 1824 1394 1889 αὑτοῦ,
1433 1824 1530 1878 καὶ
1564 1824 1847 1897 ἀπέστησε
1887 1825 2008 1882 ὁδὸν
2040 1827 2210 1900 τριῶν
2235 1828 2486 1900 ἡμερῶν,
2533 1829 2638 1885 ἀνὰ
2684 1830 2852 1902 μέσον
2881 1830 3085 1894 αὐτῶν,
3128 1830 3226 1885 καὶ
3289 1829 3395 1885 ἀνά
3428 1829 3525 1902 μέ-

236 1930 312 1969 σον
350 1913 556 1971 Ἰακώϐ.
600 1914 800 1969 Ἰακὼϐ
838 1914 897 1969 δὲ
924 1915 1216 1987 ἐποίμαινε
1239 1916 1312 1970 τὰ
1338 1916 1592 1989 πρόϐατα
1620 1918 1809 1972 Λάϐαν
1845 1920 1914 1974 τά
1946 1920 2369 1992 ὑπολειφθέντα.
2415 1940 2435 1974 ι
2478 1924 2572 1975 Δεῖ
2606 1922 2672 1995 δὴ
2746 1922 2907 1978 πάλιν
2951 1926 3103 1996 ἡμᾶς
3147 1923 3225 1988 ὡς
3293 1924 3354 1977 ὲν
3393 1922 3525 1994 βρα-

236 2007 331 2077 χέσι
361 2011 712 2077 συνενεγκεῖν
741 2008 844 2080 τῆς
875 2009 1124 2081 ἱστορίας
1149 2009 1211 2064 τὸ
1251 2010 1478 2076 πλάτος·
1508 2016 1903 2084 προσεπειπεῖν
1932 2015 1990 2070 δὲ
2018 2015 2195 2084 οὕτω,
2233 2016 2319 2081 τίς
2359 2017 2426 2071 ἂν
2462 2018 2677 2088 γένοιτο
2741 2019 2972 2090 πρέπων
3036 2021 3158 2084 ταῖς
3221 2018 3311 2073 ἐπ’
3380 2018 3521 2090 αὐτῇ

243 2101 454 2174 θεωρίαις
491 2103 520 2156 6
541 2101 699 2165 νοῦς.

294 2199 347 2272 β’.
381 2199 715 2254 Δεδούλευκε
748 2199 933 2255 τοίνυν
966 2201 996 2254 6
1033 2201 1311 2274 μακάριος
1350 2200 1549 2256 Ἰακὼϐ
1580 2200 1659 2274 τῷ
1699 2202 1812 2257 Λά-

1985 2201 2043 2258 2.
2071 2198 2278 2257 Serviit
2301 2198 2490 2271 itaque
2516 2199 2714 2255 beatus
2737 2198 2908 2256 Iacob
2929 2199 3156 2257 Labano
3178 2218 3282 2273 pro
3306 2204 3526 2263 duabus

234 2301 345 2367 δαν,
387 2301 522 2373 ὑπὲρ
572 2296 728 2355 δυοῖν
781 2299 1139 2373 θυγατέραιν,
1179 2302 1347 2367 Λείας
1375 2319 1458 2363 τε,
1495 2302 1663 2372 φημὶ,
1703 2302 1806 2356 καὶ

240 2400 430 2473 Ῥαχὴλ.
459 2403 735 2476 Μακροὺς
772 2402 829 2457 δὲ
853 2405 935 2468 είς
988 2404 1151 2458 τοῦτο
1187 2404 1514 2476 δαπανήσας
1553 2406 1808 2476 χρόνους,

228 2493 549 2566 γεννηθέντος
614 2494 769 2567 αὐτῷ
817 2494 914 2549 τοῦ
977 2495 1180 2568 Ἰωσὴφ
1226 2498 1291 2550 ἐκ
1331 2497 1536 2569 Ῥαχὴλ
1584 2497 1686 2568 τῆς
1726 2500 1812 2552 ὅτι

230 2588 439 2658 μάλιστα
468 2590 857 2662 διαφερόντως
886 2589 1282 2664 ὴγαπημένης,
1311 2592 1465 2647 ἀλύει
1503 2588 1693 2647 λοιπὸν
1734 2595 1812 2647 εί-

224 2684 410 2748 κότως,
445 2684 592 2741 οἴκοι
642 2686 701 2740 δέ
746 2705 807 2741 τε
856 2687 994 2742 ίέναι
1042 2684 1358 2743 διασπεύδει
1409 2689 1595 2746 πάλιν.
1630 2690 1742 2744 Καὶ
1782 2693 1812 2746 6

224 2779 307 2850 τῆς
330 2780 648 2852 ἀποδημίας
675 2782 832 2852 Λόγος
858 2783 960 2837 οὐκ
990 2782 1258 2838 ἀπίθανον
1286 2784 1401 2855 ἔχει
1431 2783 1534 2856 τὴν
1563 2783 1808 2858 εὕρεσιν.

225 2872 276 2927 εξ
300 2872 399 2945 γὰρ
431 2873 724 2945 μέλλοιμι..
759 2875 1167 2947 φησὶν,ἀμισθί
1199 2893 1258 2931 τε
1291 2875 1386 2931 καὶ
1413 2875 1684 2948 διηνεκῶς
1713 2893 1812 2930 κα-

221 2967 450 3037 τανέμειν
485 2968 557 3022 τὰ
596 2968 707 3036 σὰ,
744 2969 878 3023 πότε
915 2971 1133 3040 ποιήσω
1177 2969 1337 3039 κάγὼ
1368 2969 1596 3041 ἐμαυτῷ
1622 2963 1809 3033 οἶκονς

221 3060 446 3115 τοδτὲστι
475 3062 617 3116 πότε
640 3065 754 3127 τοῖς
781 3061 1023 3133 ἐμαυτοῦ
1059 3062 1297 3126 παιδίοις
1328 3062 1397 3116 τὰ
1419 3061 1648 3135 ζωαρκῆ
1684 3058 1813 3116 συλ-

219 3149 448 3226 λέξαιμι,
476 3153 841 3227 κεκλήσομαι
874 3155 931 3209 δὲ
973 3156 1071 3210 καὶ
1105 3154 1271 3220 αὐτὸς
1300 3155 1453 3209 οίκου
1501 3152 1811 3227 δεσπότης;

230 3246 371 3301 Ἀλλὰ
396 3247 553 3302 ταυτὶ
588 3248 696 3319 μὲν
732 3246 953 3302 Ἰακώϐ.
995 3246 1396 3304 Μεταποιεῖται
1425 3247 1483 3301 δὲ
1524 3247 1714 3301 Δάϐαν
1739 3247 1815 3312 ὡς

218 3337 400 3403 ἀγαθοῦ
433 3341 736 3412 ποιμένος,
773 3339 1130 3411 ηύλογεῖσθαί
1159 3341 1219 3394 τέ
1246 3358 1413 3412 φησιν
1439 3340 1531 3394 ἐπὶ
1585 3341 1650 3411 τῇ
1702 3340 1817 3393 είσο

217 3431 308 3503 ὁδῳ
348 3433 536 3489 αὐτοῦ.
591 3430 840 3505 Μεθίησι
873 3433 929 3488 δὲ
957 3432 1235 3505 οὐδαμῶς·
1288 3433 1469 3488 καίτοι
1515 3432 1617 3504 τῆς
1670 3430 1812 3499 ὑπὲρ

217 3525 309 3582 τῶν
335 3525 659 3598 θυγατέρων
683 3525 933 3591 δουλείας
969 3527 1052 3588 εἰς
1093 3525 1274 3596 πέρας
1307 3523 1555 3596 ἡκούσης
1600 3524 1663 3578 τὺ
1686 3526 1814 3597 ὠρι-

1915 2295 2160 2362 ﬁliabus,
2189 2294 2288 2349 Lia
2314 2294 2582 2349 nimirum
2611 2302 2668 2349 et
2695 2295 2925 2350 Rachel.
2968 2295 3157 2367 Longo
3214 2312 3350 2353 vero
3379 2306 3526 2355 tem-

1916 2404 2051 2462 pore
2071 2395 2428 2459 consumpto,
2462 2396 2597 2443 nato
2627 2389 2733 2459 ipsi
2767 2388 2972 2460 Ioseph
3000 2405 3067 2445 ex
3101 2388 3366 2457 Rachcle,
3402 2404 3528 2464 qua!

1912 2484 2019 2555 ipsi
2044 2483 2248 2539 eximie
2277 2482 2443 2538 chara
2466 2492 2607 2549 erat,
2633 2490 2835 2546 mceret
2860 2484 3125 2555 deinceps
3149 2486 3523 2560 optimojure,

1913 2578 2254 2647 domumque
2280 2575 2468 2631 redire
2493 2583 2779 2647 properat,
2810 2576 2985 2631 et-hic
3010 2576 3079 2631 de
3112 2577 3523 2647 proﬁciscendo

1914 2686 2100 2728 sermo
2136 2668 2483 2741 probabilem
2510 2668 2679 2724 habet
2704 2668 3109 2725 inventionem.
3151 2668 3207 2725 Si
3232 2671 3406 2736 enim,
3441 2672 3527 2726 ina

1914 2765 2058 2836 quit,
2088 2764 2301 2834 absque
2328 2762 2589 2819 mercede
2633 2771 2690 2818 et
2713 2770 2986 2834 perpetuo
3029 2770 3154 2818 tuas
3177 2779 3368 2818 curem
3410 2781 3523 2831 res,

1915 2855 2142 2928 quando
2180 2855 2384 2910 faciam
2415 2853 2584 2909 etiam
2623 2853 2763 2908 mihi
2803 2853 2908 2923 ipsi
2952 2852 3219 2908 demum?
3262 2853 3371 2909 hoc
3412 2863 3521 2922 est,

1915 2948 2140 3020 quando
2195 2947 2341 3002 meis
2393 2945 2524 3001 ﬁliis
2566 2961 2652 3013 ea,
2698 2961 2822 3016 qua:
2870 2945 2939 3000 ad
2982 2945 3153 3000 vitam
3209 2947 3527 3004 necessaria

1916 3050 2047 3098 sunt
2095 3040 2585 3112 comparabo?aut
2625 3038 2852 3109 quando
2902 3038 3146 3094 vocabor
3202 3039 3368 3093 etiam
3408 3041 3526 3111 ipse

1916 3141 2076 3205 pater
2099 3131 2374 3187 familias?
2409 3130 2479 3186 Et
2508 3129 2626 3185 haec
2665 3128 2838 3185 Iacob
2886 3131 2985 3183 ait.
3014 3127 3297 3183 Renititur
3339 3137 3526 3185 autem

1917 3228 2107 3283 Laban
2142 3235 2204 3282 ut
2236 3227 2385 3282 bono
2423 3224 2658 3296 pastori,
2692 3232 2749 3279 et
2784 3223 3144 3279 benedictum
3188 3237 3248 3280 se
3288 3222 3424 3278 dicit
3466 3224 3523 3279 in

1918 3323 2170 3394 ingressu
2219 3320 2429 3392 ipsius:
2463 3333 2645 3389 neque
2677 3326 2866 3372 tamen
2910 3316 3249 3383 dimittebat,
3304 3317 3525 3373 etiamsi

1916 3414 2203 3488 praeﬁnita;
2226 3411 2517 3470 servitutis
2537 3419 2756 3481 tempus
2802 3424 2903 3481 pro
2942 3407 3166 3464 ﬁliabus
3211 3409 3327 3464 suis
3357 3409 3526 3465 abso-s

1920 3509 2101 3564 lutum
2134 3513 2305 3571 esset,
2333 3505 2743 3577 polliceturque
2793 3518 2853 3558 se
2894 3501 3157 3558 daturum
3206 3502 3522 3559 mercedem

220 3593 421 3689 cuévov.
459 3593 848 3690 ’Υπισχνεῖται
894 3618 951 3672 δὲ
1003 3619 1096 3672 τὸν
1142 3593 1439 3672 άνδάνοντα
1481 3593 1813 3690 χορηγήσειν

1919 3615 2088 3672 quam
2128 3596 2440 3665 vellet;hic
2478 3612 2614 3651 vero
2636 3594 2787 3667 quod
2818 3594 3029 3666 probus
3069 3609 3135 3650 ac
3177 3593 3380 3660 bonus,
3430 3610 3527 3666 pa-

222 3685 414 3780 p—zaﬁdv.
457 3711 517 3768 Ὀ
545 3712 610 3766 δὲ
637 3685 727 3767 δτι
767 3710 869 3783 μὲν
900 3710 1108 3780 γίνοιτο
1138 3709 1380 3782 χρηστὸς
1422 3685 1517 3763 καί
1551 3685 1812 3780 ἰτὲιείκὴς

1922 3692 2404 3762 tientissimusque
2458 3688 2678 3754 fuisset,
2720 3696 2890 3758 atque
2934 3686 3076 3742 adeo
3133 3685 3239 3757 ipsi
3288 3685 3524 3742 benedi-

220 3804 422 3859 καὶτῶν
451 3803 599 3875 ἄγαν
628 3779 1100 3876 τληπαθεστάτων
1118 3779 1260 3869 ,καλ
1290 3802 1399 3873 μὴν
1427 3800 1683 3871 εὐλογίας
1712 3779 1812 3855 αύ-

1920 3788 2125 3846 ctionis
2151 3786 2354 3843 divinae
2398 3799 2586 3850 causa,
2632 3790 2823 3854 aperte
2871 3781 3183 3837 conﬁrmat.
3218 3779 3310 3835 Ait
3334 3780 3522 3836 enim:

220 3897 287 3965 τῷ
311 3900 405 3969 τῆς
451 3870 614 3971 παρὰ
669 3870 794 3966 Θεῷ
842 3894 1144 3966 πρόξενος,
1181 3870 1807 3963 διεϐεϐαιοῦτοσαφῶς.

1929 3902 1945 3934 ι
1975 3878 2269 3937 Benedixit
2296 3885 2349 3932 te
2374 3872 2523 3932 Deus
2547 3875 2604 3929 in
2630 3873 2772 3945 pede
2798 3887 2922 3927 meo
2951 3871 3021 3937 “,
3053 3891 3071 3922 ι
3105 3887 3208 3942 per
3229 3870 3414 3943 pedem
3441 3871 3526 3926 in-

223 3961 644 4064 'iigoq-y&p,'61i
681 4009 702 4042 ι
748 3961 1033 4059 ὲὺλόγησέ
1086 4003 1147 4041 σε
1186 3987 1216 4040 6
1254 3985 1389 4050 Θεὸς
1430 3984 1528 4039 ἐπὶ
1570 3983 1648 4055 τῷ
1684 3961 1810 4038 ποδί

1919 3988 2171 4046 gressum
2197 3968 2549 4042 signiﬁcans:
2585 3966 2695 4022 hoc
2732 3964 2884 4022 enim
2928 3972 3090 4020 antea
3132 3961 3322 4019 Laban
3371 3962 3528 4020 dixe‘

224 4059 399 4149 poma
420 4059 547 4136 ἀντὶ
574 4080 681 4151 τῆς
705 4079 918 4134 εἰσόδου
952 4078 1063 4134 τὸν
1088 4077 1248 4132 πόδα
1271 4076 1466 4153 τιθείς.
1500 4074 1676 4130 Τοῦτο
1701 4075 1811 4148 γάρ

1919 4076 2027 4123 rat.
2054 4066 2202 4122 Petit
2222 4080 2359 4120 vero
2396 4059 2734 4127 mercedem,
2788 4059 3177 4131 promittitque
3224 4072 3284 4114 se
3333 4071 3523 4111 curam

220 4170 309 4244 εφη
334 4149 692 4245 προλαϐὼν-ὁ
721 4170 931 4227 Δάϐαν.
960 4171 1117 4225 Am:
1153 4169 1208 4223 δὲ
1244 4149 1473 4240 μισθὸν,
1503 4168 1597 4221 και
1638 4183 1813 4220 κατα-

1917 4164 2202 4231 gesturum
2237 4167 2467 4227 gregum
2506 4151 2727 4207 Lahan:
2776 4149 3097 4206 distributis
3146 4149 3251 4218 ipsi
3298 4149 3527 4245 aequ-ia

219 4227 914 4339 νεμήσεινὲπαγγέλλεται
954 4261 1056 4347 τὰς
1104 4227 1294 4316 Λάϐαν
1325 4227 1550 4329 ἀγέλας.
1595 4259 1813 4311 Ἀπονε-

1917 4227 2090 4307 νειίιιι
2120 4246 2391 4320 separatis
2413 4244 2612 4300 ovibus
2656 4259 2780 4314 quae
2802 4241 2963 4296 vario
3007 4248 3061 4294 et
3099 4253 3294 4309 sparso
3317 4236 3524 4292 vellere

222 4357 488 4429 μηθέντων
514 4355 676 4428 αὐτῷ
698 4358 794 4410 καὶ
817 4320 1226 4424 διεσταλὶιένων
1263 4350 1450 4415 ίδικῶς
1479 4348 1586 4404 τῶν
1618 4349 1813 4440 κατερὶ

1918 4348 2142 4406 essent,
2199 4338 2319 4395 sive
2373 4336 2619 4392 subalbaa
2701 4343 2759 4389 et
2814 4330 3225 4388 subcinericiaa.
3289 4328 3525 4398 Separat

221 4449 624 4520 ραντισμὲνων,
671 4448 795 4519 ἦτοι
854 4444 1162 4499 διαλεύκων
1221 4442 1315 4496 καὶ
1361 4440 1706 4494 σποδοειδῶν.
1745 4430 1813 4492 Οἷ

1922 4437 2109 4505 itaque
2156 4431 2328 4489 Iacob
2367 4446 2477 4485 una
2504 4444 2630 4484 cum
2681 4427 2814 4482 ﬁliis
2858 4425 3210 4496 designatum
3268 4425 3525 4492 ipsrgrea

218 4514 273 4611 δὴ
314 4514 607 4611 γεγονότος
664 4514 1019 4609 ἁνποδιίστησι
1063 4536 1164 4606 μὲν
1203 4534 1241 4595 ό,
1278 4532 1474 4587 Ἰακὼϐ
1517 4530 1653 4602 ὁμοῦ
1701 4532 1813 4594 τοῖς

1920 4545 2066 4603 gem,
2095 4526 2384 4598 pascitque
2430 4523 2550 4595 ipse
2610 4521 2794 4576 adhuc
2825 4533 2958 4575 oves
2997 4517 3207 4573 Laban.
3257 4514 3525 4622 Quisnam

222 4606 359 4697 ἰδίοις
390 4606 626 4695 τέκνοις
675 4631 778 4703 τὴν
832 4606 1330 4700 ἀποκληρωθεῖσαν
1392 4625 1542 4697 αύτῷ
1584 4625 1810 4696 ἀγέλην,

1920 4624 2092 4696 igitur
2116 4620 2287 4675 fuerit
2311 4618 2511 4672 horum
2551 4625 2779 4686 apertus
2805 4619 2861 4667 et
2884 4610 3157 4683 spirituali
3183 4606 3505 4678 contempla

220 4731 637 4801 καταποιμαίνει
671 4726 729 4781 δὲ
780 4725 947 4790 αὐτὸς
994 4724 1065 4779 τὰ
1108 4723 1298 4778 Λάϐαν
1347 4722 1448 4779 ἔτι.
1482 4722 1579 4787 Τίς
1621 4721 1685 4794 δὴ
1720 4716 1813 4776 οὖν

1922 4716 2062 4773 tioni
2087 4712 2429 4770 conveniens
2458 4719 2927 4772 sensus,necesse
2951 4712 3037 4759 est
3069 4703 3342 4757 dicamus.

218 4822 315 4894 ἄρα
352 4790 461 4879 τῶν
504 4823 778 4880 τοιούτων
828 4825 962 4897 ἡμῖν
1013 4826 1194 4895 σαφὴς
1242 4821 1458 4892 γένοιτο
1492 4819 1559 4875 ἂν
1602 4790 1699 4874 καλ
1739 4819 1820 4883 εἰς
1862 4814 2154 4888 ἰσχνότητα
2221 4809 2324 4881 τὴν
2394 4804 2779 4878 πνευματικὴν
2816 4790 3346 4881 περιεπτισμένος-ὁ
3379 4790 3526 4856 νοῦςι

219 4921 384 4976 εἰπεῖν
413 4922 743 4978 ἀναγκαῖον.
1088 4970 1097 4978 .

281 4939 384 4976 raw
413 4939 743 4991 αναγκαιον.
782 4994 789 5001 ,
1088 4970 1097 4978 .

281 5018 346 5085 γ’.
375 5016 731 5091 Περικείσθω
761 5015 946 5071 τοίνυν
965 5012 1027 5069 τὸ
1054 5011 1224 5068 αὑτοῦ
1251 5010 1345 5066 τοῦ
1369 5006 1608 5081 Χριστοῦ
1647 5005 1810 5079 πρόσ-

1986 4999 2042 5054 ’5.
2068 4994 2237 5054 Iacob
2261 4993 2445 5063 itaque
2492 4986 2701 5045 Christi
2757 4985 2929 5057 ipsius
2972 4995 3266 5053 personam
3311 4993 3521 5049 praise-

217 5070 351 5166 ωπον
368 5070 877 5181 ’ίακὼᾷγκαθὰπερ
895 5107 1090 5179 ἀμέλει
1115 5106 1210 5161 καλ⁸
1232 5070 1540 5173 φθάσαντες
1561 5070 1813 5168 είπομεν.

1917 5093 2069 5155 fert,
2147 5084 2619 5159 quemadmodum
2689 5091 2858 5149 supra
2929 5075 3194 5130 diximus.
3265 5070 3530 5129 Christus

218 5201 441 5271 Χριστὸς
487 5167 603 5275 γὰρ
649 5203 681 5255 6
711 5167 1318 5271 diqe'hg'mep‘rtctqc.
1356 5194 1657 5264 Πεπάτηκε
1705 5191 1813 5263 γὰρ

1921 5183 2079 5257 143
2102 5182 2251 5238 enim
2282 5193 2447 5235 verus
2476 5176 2881 5247 supplantator.
2913 5167 3260 5225 Proculcavit
3292 5167 3442 5222 enim
3467 5167 3527 5221 in

223 5259 515 5366 ἰλοτρόπως
538 5259 641 5364 τξσιν
660 5259 965 5364 ἁμαρτίαν,
991 5259 1084 5344 καί
1110 5259 1496 5349 καθδνοεῖται,
1522 5259 1614 5339 καὶ
1641 5259 1813 5354 στέφη-ε

1918 5276 2241 5331 universum
2286 5276 2606 5341 peccatum,
2651 5270 2707 5320 et
2750 5268 3020 5333 quantum
3068 5259 3429 5331 intelligitur,
3467 5263 3528 5316 et

229 5400 298 5434 θεν
322 5384 638 5456 ἄνθρωπος,
679 5380 951 5448 νεώτατος
980 5381 1058 5436 ὣν
1087 5382 1182 5435 καὶ
1217 5378 1327 5434 τῶν
1361 5378 1470 5449 πρὸ
1512 5374 1679 5431 αὐτοῦ
1727 5390 1823 5444 γε·

236 5476 441 5544 [ονότων
455 5477 901 5550 ὀψιγενέστερος.
920 5475 1092 5544 ἁγίων
1105 5473 1171 5546 δὴ
1203 5472 1352 5541 λέγω
1387 5467 1705 5543 προφητῶν,
1720 5468 1818 5521 καὶ

225 5568 374 5623 αὑτοῦ
410 5570 468 5624 δὲ
498 5571 767 5634 Μωσέως.
795 5570 986 5641 Ὅμως
1015 5567 1131 5638 ἔχει
1161 5566 1232 5620 τὰ
1264 5563 1552 5638 πρεσϐεῖα,
1585 5560 1683 5614 καὶ
1703 5560 1819 5613 ἔστι

226 5664 566 5732 πρωτότοκος
608 5663 698 5719 διὰ
729 5663 790 5717 τὸ
830 5665 888 5717 ὲν
929 5661 1150 5724 πολλοῖς
1194 5659 1444 5728 ἀδελφοῖς
1488 5653 1819 5710 καθικέσθαι

226 5754 305 5810 τὸν
346 5757 653 5828 Μονογενῆ.
684 5755 861 5820 Αὐτός
890 5756 1047 5809 ἐστιν
1068 5755 1097 5807 6
1125 5750 1518 5823 εύλογούμενος
1542 5745 1698 5819 παρὰ
1724 5740 1820 5798 τοῦ

317 5938 365 6024 ξ·
386 5935 529 5996 σου.
575 5952 703 6007 ιιι,
724 5937 911 5993 25-36.
991 5938 1037 5969 οε
1073 5934 1213 5992 una.
1241 5933 1330 5989 so.

1920 5366 2178 5441 apparuit
2206 5366 2394 5427 homo,
2421 5369 2555 5416 natu
2579 5359 2863 5423 minimus,
2894 5365 2950 5411 et
2972 5356 3310 5413 novissimus
3331 5365 3529 5410 eorum

1924 5462 2018 5533 qui
2037 5468 2163 5515 ante
2187 5459 2368 5529 ipsum
2387 5454 3108 5516 exstiterunt,sanctorum,
3130 5448 3378 5518 inquam,
3399 5462 3531 5516 pro-t

1928 5554 2242 5625 phetarum,
2268 5556 2435 5619 atque
2475 5544 2653 5616 ipsius
2684 5543 2850 5599 Mosis
2877 5561 2890 5596 :
2913 5541 3085 5597 habet
3107 5549 3290 5596 tamen
3315 5538 3527 5610 primoa

1927 5646 2197 5720 genitura:
2216 5645 2307 5716 jus
2329 5649 2384 5697 et
2409 5649 2494 5697 est
2512 5638 2936 5712 primogenitus,
2961 5634 3109 5707 quod
3127 5635 3182 5688 in
3201 5631 3392 5686 multis
3411 5628 3525 5683 fma

1928 5739 2111 5795 tribus
2138 5744 2393 5792 versatus
2420 5733 2492 5791 sit
2513 5731 2854 5807 unigenitus.
2888 5728 3012 5801 ipse
3026 5732 3112 5784 est
3134 5720 3464 5781 benedictus
3491 5728 3527 5775 ο
