4034 6452
508 415 614 472 2.51

1536 400 1590 454 s.
1633 398 1910 455 CYRILLI
1948 384 2426 457 ALEXANDle
2465 383 2791 453 ARCHIEP.

3669 394 3766 454 εει

508 525 672 580 Patre
697 539 799 596 per
833 516 1244 580 multitudinem
1277 519 1432 590 panis
1467 534 1532 572 ac
1561 518 1672 572 vini
1711 537 1723 572 :
1753 519 1854 588 ipsi
1886 518 2090 574 servie-

2219 516 2406 588 ἰατρὸς
2430 517 2517 570 διὰ
2548 516 2784 587 πλήθους
2819 513 2966 568 σίτου
2999 514 3093 567 καὶ
3123 514 3284 567 οῐνου.
3323 513 3480 584 Αὐτῷ
3509 515 3768 572 δεδουλεύ·

509 626 642 674 runt
663 624 876 687 gentes,
898 625 954 671 et
975 616 1344 670 adoraverunt
1375 611 1686 682 principes,
1726 620 1782 665 et
1815 631 1832 662 ι
1863 611 2095 666 maledi-

510 724 644 764 eens
685 709 736 763 ei
775 716 859 764 est
901 707 1262 770 maledictus,
1315 703 1650 758 benedicens
1695 719 1826 758 vero
1872 703 2102 758 benedi-

513 810 639 857 ctus
695 801 774 858 ".
833 820 852 853 ι
910 801 1064 872 juxta
1124 797 1571 854 benedictionem
1626 797 1798 851 Isaac.
1857 796 1981 866 Ipse
2035 795 2100 851 ad

514 893 933 948 similitudinem
971 892 1139 948 Jacob
1181 891 1352 946 veluti
1393 899 1685 961 paternam
1729 890 1953 944 domum
1980 897 2104 942 tan-

519 997 639 1041 tum
679 1003 789 1041 non
821 987 1084 1041 deserens
1135 985 1337 1040 caalum
1374 984 1440 1039 ad
1487 983 1674 1037 Laban
1733 997 1791 1037 se
1848 981 2102 1045 contulit,

512 1079 609 1148 qui
669 1078 878 1133 mundo
929 1077 1336 1146 comparandus
1394 1085 1480 1130 est
1530 1073 1794 1128 nescienti
1845 1073 1971 1142 quis
2015 1088 2106 1128 es-

515 1178 598 1224 set
649 1171 976 1224 naturaliter
1019 1171 1199 1234 Deus;
1255 1177 1312 1222 et
1355 1166 1541 1237 potius
1598 1167 1962 1220 vehementer
2015 1179 2107 1218 er-

518 1279 642 1316 rore
711 1262 779 1317 de
838 1263 1152 1333 pluralitate
1207 1261 1442 1315 deorum
1510 1258 1804 1313 laboranti.
1870 1257 2107 1311 Idolola-

517 1365 601 1408 tra
636 1354 788 1408 enim
831 1357 1001 1408 etiam
1044 1363 1166 1408 erat
1206 1351 1414 1408 Laban.
1467 1350 1731 1420 Proprius
1778 1349 1945 1419 igitur
1990 1359 2111 1404 erat

516 1445 684 1498 etiam
738 1443 978 1497 mundus
1044 1442 1272 1506 Christi,
1327 1450 1594 1511 quantum
1640 1439 1966 1494 naturaliter
2023 1439 2114 1492 in-

519 1536 783 1605 telligitur
833 1537 997 1598 Deus,
1038 1543 1093 1588 et
1141 1534 1312 1588 totius
1341 1533 1588 1587 universi
1632 1533 1898 1587 Dominus
1947 1544 2112 1601 atque

520 1626 720 1695 opifex.
747 1626 865 1679 Non
912 1625 1168 1694 proprius
1197 1633 1380 1678 autem
1414 1639 1606 1677 rursus
1629 1623 1699 1677 ob
1723 1623 2111 1703 defectionem,

519 1715 715 1784 etquia
737 1715 956 1769 videtur
977 1715 1204 1768 alterius
1225 1729 1344 1767 esse
1366 1712 1541 1767 factus
1559 1722 1783 1783 propter
1800 1723 2111 1783 peccatum.

523 1806 782 1860 Satanam
833 1807 980 1861 enim
1038 1821 1220 1876 regem
1264 1805 1522 1858 habebat.
1572 1805 1870 1860 Descendit
1932 1807 2114 1876 itaque

521 1897 762 1951 Verbum
807 1912 838 1951 e
880 1897 1052 1961 coelo,
1084 1907 1311 1966 paterna
1354 1885 1761 1966 quodammodo
1805 1897 1969 1951 domo
2027 1914 2114 1952 re-
2146 1880 2187 1936 Β

521 1987 648 2042 licta
677 1990 804 2059 (hoc
838 1989 987 2043 enim
1042 1990 1206 2044 modo
1235 1989 1391 2062 dixi),
1437 2000 1666 2061 eratque
1712 1991 1883 2045 veluti
1913 1991 2114 2061 hospes

524 2071 578 2133 in
608 2081 824 2150 proprio
859 2097 923 2134 ac
960 2096 1060 2135 suo
1092 2082 1298 2136 mundo
1320 2125 1332 2148 ,
1357 2082 1502 2152 quod
1535 2091 1590 2137 et
1631 2082 1849 2152 sapiens
1877 2082 2114 2138 Joannes

525 2171 834 2230 testabitur.
861 2170 1051 2226 dicens
1080 2188 1092 2225 :
1130 2191 1146 2222 ι
1175 2172 1235 2226 ln
1269 2172 1477 2226 mundo
1505 2180 1646 2237 erat,
1673 2182 1729 2228 et
1751 2172 1992 2227 mundus
2015 2189 2114 2243 per

525 2265 705 2335 ipsum
730 2264 905 2318 factus
932 2273 1035 2328 est,
1071 2273 1127 2319 et
1151 2265 1390 2320 mundus
1409 2281 1535 2320 eum
1561 2282 1670 2320 non
1701 2266 1957 2336 cognovit
1978 2267 2046 2319 '7.
2087 2286 2106 2318 ›

527 2355 634 2410 Sed
661 2355 777 2411 haec
798 2355 1030 2410 fortasse
1066 2357 1395 2411 conveniant
1420 2356 1593 2426 ipsius
1610 2357 1878 2411 adventus
1906 2365 2116 2427 tempo-

527 2446 700 2502 ribus.
730 2445 885 2514 Quod
908 2461 1038 2500 vero
1069 2447 1235 2501 etiam
1283 2458 1411 2502 ante
1437 2448 1870 2502 incarnationem
1898 2447 1954 2501 in
1983 2463 2114 2518 pro-

527 2537 665 2607 priis
691 2546 830 2602 erat,
875 2546 935 2592 ut
962 2538 1106 2593 Deus
1142 2556 1155 2592 :
1191 2537 1412 2609 ignotus
1447 2548 1632 2593 autem
1670 2539 1898 2604 mundo,
1939 2540 2116 2595 nostri

521 2641 716 2680 curam
761 2626 1019 2681 habuerit
1042 2643 1109 2682 ex
1140 2628 1328 2682 innata
1378 2628 1483 2699 ipsi
1515 2628 1786 2695 bonitate,
1822 2630 2116 2701 divinaque

528 2714 883 2789 benignitate,
913 2719 1082 2774 Jacob
1106 2720 1161 2774 in
1178 2736 1236 2776 se
1260 2721 1430 2776 veluti
1453 2722 1508 2776 in
1527 2730 1654 2794 typo
1675 2723 1834 2778 nobis
1853 2723 2113 2779 declarat.

529 2809 685 2864 Pavit
724 2811 871 2864 enim
904 2826 1036 2866 oves
1093 2811 1315 2878 Laban,
1363 2814 1572 2868 nullam
1615 2815 1841 2869 omnino
1873 2814 1942 2870 a‘b
1997 2815 2117 2885 ipso

529 2903 841 2962 mercedem
865 2903 1140 2974 accipiens
1159 2944 1174 2970 ,
1206 2920 1300 2975 spe
1325 2920 1456 2960 vero
1480 2907 1595 2960 sola
1636 2906 1704 2962 ad
1722 2907 1826 2962 hoc
1847 2907 2119 2963 adductus

527 2999 674 3069 quod
699 3000 912 3056 duabus
935 3002 1054 3072 ejus
1082 2997 1300 3055 filiabus
1339 2999 1717 3069 conjugandus
1753 3008 1920 3066 esset,
1954 3007 2011 3054 et
2043 3001 2120 3054 le-

527 3092 847 3162 gitimorum
877 3092 1117 3146 filiorum
1171 3100 1328 3162 pater
1371 3090 1753 3146 declarandus.
1782 3091 1881 3144 Lia
1934 3101 2118 3147 autem

525 3192 686 3238 erant
713 3191 769 3238 et
793 3183 1017 3237 Rachel.
1045 3183 1192 3237 Deus
1222 3183 1372 3238 enim
1400 3183 1672 3238 exsistens
1695 3183 1996 3238 secundum
2018 3200 2088 3239 na
2105 3215 2118 3225 -
2145 3221 2190 3280 ο

537 3284 718 3331 turam
753 3276 923 3330 Filius
950 3277 1006 3331 in
1047 3274 1255 3330 mundo
1285 3284 1409 3330 erat
1447 3275 1576 3346 (hoc
1591 3277 1741 3330 enim
1767 3285 1851 3332 est
1886 3276 2114 3349 Laban),

530 3377 586 3424 et
625 3369 774 3438 pavit
794 3367 1230 3438 quodammodo,
1257 3368 1582 3439 impartiens
1623 3378 1684 3424 ut
1711 3369 1858 3424 Deus
1896 3385 2018 3439 quae
2050 3371 2118 3425 ad

532 3460 700 3513 vitam
731 3458 1143 3514 sustentandam
1176 3467 1308 3513 sunt
1361 3459 1696 3523 necessaria,
1742 3459 1954 3515 donans
2000 3460 2118 3514 fru-

534 3559 658 3606 ctus
683 3559 865 3618 terra,
895 3552 1157 3606 emittens
1183 3550 1366 3606 fontes
1388 3567 1677 3621 aquarum,
1733 3559 1790 3606 et
1831 3551 2119 3607 ﬂuminum

534 3657 748 3705 cursus,
791 3660 810 3692 ε
861 3642 1033 3698 solem
1073 3658 1234 3696 suum
1268 3642 1407 3696 oriri
1447 3642 1676 3707 faciens,
1717 3662 1735 3695 ι
1794 3644 1936 3699 sicut
1983 3644 2119 3699 scri-

534 3737 687 3801 ptum
721 3739 806 3787 est
828 3732 897 3796 ",
945 3731 1106 3804 144
1151 3732 1366 3803 pluvias
1407 3732 1722 3797 demittens,
1782 3734 1980 3790 indens
2015 3735 2116 3788 hu-

537 3835 712 3876 mana:
742 3829 956 3877 natura
989 3822 1231 3877 innatam
1277 3823 1646 3892 prudentiam.
1699 3824 1819 3894 ipse
1858 3825 2006 3879 enim
2038 3833 2122 3880 est

533 3927 725 3969 verum
774 3913 981 3980 lumen,
1013 3933 1032 3966 ‹
1060 3914 1210 3984 quod
1257 3914 1532 3970 illuminat
1570 3931 1790 3970 omnem
1842 3916 2122 3971 hominem

537 4005 852 4060 venientem
909 4006 966 4060 in
1007 4005 1277 4062 mundum
1307 4007 1374 4062 ".
1409 4028 1428 4060 ο
1469 4008 1719 4078 Implevit
1769 4017 1953 4063 autem
2007 4009 2124 4065 haec

534 4097 720 4150 omnia
759 4106 982 4167 propter
1008 4098 1202 4162 solam,
1231 4105 1291 4152 ut
1317 4097 1450 4163 dixi,
1475 4099 1718 4153 innatam
1744 4099 1847 4170 ipsi
1871 4099 2122 4171 benigni-

535 4196 702 4242 tatem
727 4227 741 4253 ,
781 4196 838 4244 et
868 4189 1176 4244 mercedem
1207 4189 1426 4260 quidem
1465 4192 1672 4246 nullam
1715 4191 1784 4246 ab
1823 4193 1891 4248 iis
1925 4193 2020 4264 qui
2069 4196 2124 4250 in

533 4278 741 4334 mundo
785 4287 915 4334 sunt
959 4279 1269 4351 accipiens,
1313 4297 1423 4336 non
1468 4281 1922 4352 gloriﬁcationem
1954 4325 1968 4350 ,
2013 4301 2123 4340 non

536 4370 940 4437 adorationem,
991 4389 1102 4428 non
1148 4382 1355 4428 rectam
1387 4373 1728 4444 Opinionem,
1778 4385 1883 4431 aut
1919 4378 2126 4432 erroris

533 4463 928 4538 expertemde
961 4478 1027 4518 eo
1072 4465 1439 4530 sententiam;
1476 4466 1772 4534 praesciens
1807 4483 1940 4522 vero
1978 4468 2122 4538 quod

2202 626 2359 662 κασιν
2386 609 2536 679 έθνη,
2567 608 2661 661 καὶ
2688 607 3200 678 προσκεκυνήκασιν
3237 603 3515 675 ἄρχοντες.
3553 625 3571 658 ι
3605 609 3711 664 Καὶ
3744 615 3770 665 ὁ

2201 701 2594 773 καταρώμενος
2619 698 2784 752 αὑτὸν
2822 698 3222 768 ἐπικατὰρατος
3241 714 3255 727 ·
3287 699 3315 750 6
3342 697 3398 750 δέ
3429 697 3657 768 εὐλογῶν
3685 704 3770 756 εὑ-

2200 793 2534 864 λογημένος,
2586 811 2606 844 ι
2649 789 2792 844 κατά
2837 789 2935 861 τὴν
2981 789 3235 856 εὐλογίαν
3285 789 3489 843 Ἰσαάκ.
3544 792 3707 856 Αὐτὸς
3745 797 3771 849 6

2202 886 2326 938 καθ’
2367 884 2662 954 ὁμοιότητα
2691 883 2790 953 τὴν
2845 881 3040 935 ’ἰακὼὸ
3070 882 3324 951 καθάπερ
3364 880 3486 934 τινὰ
3525 883 3771 955 πατρῴαν

2203 978 2394 1032 ἑστίαν
2427 977 2710 1049 μονονουχὶ
2736 975 3109 1038 ἀπολελοιπὼς
3131 976 3222 1028 τὸν
3256 973 3506 1046 οὐρανὸν,
3531 976 3623 1027 καὶ
3647 977 3772 1046 πρὸς

2205 1071 2392 1125 nam
2416 1070 2739 1140 ἀφιγμένος,
2761 1068 2821 1120 ὃν
2840 1067 2918 1138 τῷ
2946 1069 3137 1138 κόσμῳ
3155 1067 3677 1138 παρεικαστέον,’τῷ
3705 1070 3772 1138 μὴ

2205 1161 2370 1214 εἰδότι
2423 1160 2554 1213 ποτὲ
2603 1159 2756 1225 τίςρ
2805 1157 2965 1228 φύσει
3011 1157 3164 1222 Θεὸς,
3212 1157 3691 1228 κατηρῤωστηκότι
3724 1156 3775 1210 δέ

2207 1252 2398 1324 ὥσπερ
2436 1253 2574 1320 ἄγαν
2615 1251 2713 1322 τὴν
2761 1249 3023 1304 πολύθεον
3064 1251 3351 1320 πλάνησινο
3405 1247 3776 1319 εἰδωλολάτρης

2208 1344 2318 1414 γὰρ
2346 1345 2440 1397 καὶ
2466 1346 2494 1396 6
2525 1342 2730 1403 Λάὸαν.
2771 1342 2932 1405 Ἶδιος
2979 1341 3078 1413 μὲν
3103 1337 3195 1394 οὖν
3226 1343 3320 1394 καὶ
3353 1341 3384 1393 6
3425 1341 3622 1408 κόσμος
3655 1341 3776 1411 X9?-

2213 1435 2359 1500 στοῦ,
2396 1435 2527 1488 καθὸ
2547 1436 2641 1487 καὶ
2665 1435 2827 1502 φύσει
2855 1436 3058 1486 νοεῖται
3084 1433 3234 1498 Θεὸς,
3263 1433 3358 1484 καὶ
3379 1431 3485 1483 τῶν
3509 1430 3642 1483 ὅλων
3673 1431 3774 1484 Κύ-

2214 1546 2328 1600 ριος
2375 1530 2471 1581 καὶ
2518 1527 2875 1599 δημιουργὸς,
2918 1529 3020 1580 οὐκ
3078 1527 3209 1589 ἴδιος
3266 1526 3322 1578 δὲ
3367 1526 3527 1578 πάλιν
3567 1525 3652 1578 διά
3688 1524 3776 1596 τὴν

2219 1623 2540 1686 ἀπόστασιν,
2577 1623 2674 1674 καὶ
2706 1621 2767 1674 τὸ
2801 1621 2904 1692 ήδη
2943 1637 3058 1683 πως
3100 1620 3276 1672 δοκεῖν
3318 1619 3505 1690 ἑτέρου
3541 1617 3776 1693 γενέσθαι

2215 1714 2305 1766 διὰ
2346 1713 2447 1792 τὴν
2497 1711 2793 1785 ἁμαρτίαν.
2853 1711 3229 1781 Ἐπεγράφετο
3275 1712 3384 1783 γάρ
3433 1711 3651 1781 βασιλέα
3699 1710 3778 1764 τὸν

2219 1808 2482 1860 Σατανᾶν.
2516 1805 2728 1858 Οὐκοῦν
2756 1804 3137 1872 καταϐέϐηκεν
3173 1804 3201 1855 ό
3240 1803 3412 1872 Λόγος
3445 1801 3503 1868 ἐξ
3533 1798 3777 1872 ούρανοῦ,

2216 1901 2313 1972 τὴν
2359 1896 2616 1968 πατρῴαν
2673 1896 2861 1967 ὥσπερ
2909 1892 3314 1957 καταλελοιπὼς
3364 1895 3568 1947 ἑστίαν.
3628 1893 3780 1946 Τοῦτο

2215 1991 2324 2061 γὰρ
2349 1990 2483 2060 ἔφην
2505 1989 2728 2059 ἀρτίως.
2758 1988 2868 2040 Kal
2895 1983 2962 2058 ἦν
2989 1987 3062 2048 ὠς
3088 1987 3236 2052 ξένος
3265 1988 3322 2038 ἐν
3350 1986 3464 2056 ἰδίῳ
3486 1983 3562 2055 τῷ
3587 1986 3777 2056 κόσμῳ.

2216 2084 2324 2136 Καὶ
2356 2083 2703 2153 μαρτυρήσει
2731 2079 2903 2148 λέγων
2935 2081 2963 2132 6
2994 2078 3154 2145 σοφὸς
3199 2079 3453 2148 Ἰωάννης
3473 2088 3486 2107 ⁴
3535 2096 3552 2129 ι
3603 2076 3687 2131 Ἑν
3713 2076 3781 2145 τῷ

2217 2161 2407 2246 κόσμῳ
2447 2171 2546 2244 ἦν,
2591 2173 2687 2227 καὶ
2733 2175 2760 2226 6
2799 2172 3006 2242 κόσμος
3027 2171 3102 2224 ’δι’
3142 2171 3306 2226 αὑτοῦ
3348 2171 3594 2239 ἐγένετο,
3635 2171 3722 2224 καὶ
3756 2171 3781 2222 6

2217 2267 2421 2337 κόσμος
2470 2266 2634 2320 αὐτὸν
2677 2266 2778 2318 οὐκ
2825 2265 2986 2334 ἔγνω.
3039 2282 3056 2315 ι
3114 2263 3276 2317 Ἀλλά
3322 2264 3480 2318 ταυτὶ
3530 2264 3626 2335 μὲν
3666 2264 3780 2326 ἴσως

2218 2359 2510 2430 ἀρμόσειεν
2555 2356 2622 2411 ἂν
2654 2357 2878 2420 εἰκότως
2919 2358 3031 2420 τοῖς
3075 2355 3174 2425 τῆς
3219 2356 3518 2427 ἐπιδημίας
3567 2357 3778 2427 καιροῖς.

2219 2453 2344 2505 "Ott
2376 2451 2433 2504 δέ
2465 2451 2559 2504 καὶ
2586 2450 2692 2521 πρὸ
2720 2449 2818 2519 τῆς
2854 2449 3319 2520 ἐνανθρωπήσεως
3351 2450 3412 2501 ἐν
3442 2449 3588 2510 ἰδίοις
3615 2443 3679 2518 ἦν
3716 2446 3782 2508 ὡς

2217 2543 2383 2608 Θεός’
2439 2543 2802 2614 ἀγνοούμενος
2853 2541 2908 2594 δὲ
2957 2541 3035 2612 τῷ
3086 2540 3292 2611 κόσμῳ,
3323 2541 3437 2594 τῶν
3492 2539 3608 2594 καθ’
3651 2541 3781 2610 ἡμᾶς

2219 2637 2455 2690 ἐποιεῖτο
2501 2637 2788 2708 πρόνοιαν,
2834 2634 2894 2700 ἐξ
2943 2633 3186 2706 ἐμφύτου
3254 2634 3655 2703 καλοκάγαθίας
3701 2631 3784 2685 καὶ

2219 2728 2561 2801 θεοπρεποῦς
2607 2728 2974 2800 ἡμερότητος,
3004 2724 3392 2799 παραδείξειεν
3441 2724 3506 2779 ἂν
3562 2723 3712 2786 εὐθὺς
3761 2724 3784 2774 ὁ

2221 2820 2509 2885 θεσπέσιος
2547 2819 2740 2874 Ἰακὼό
2761 2821 2836 2884 ὡς
2863 2822 2920 2873 ἐν
2942 2820 3096 2890 τύπῳ
3127 2819 3204 2890 τῷ
3227 2819 3346 2873 καθ’
3385 2818 3589 2873 ἑαυτόν.
3628 2813 3786 2870 Ἐποί·

2225 2929 2384 2984 μαινε
2412 2911 2522 2982 γὰρ
2564 2913 2633 2965 τά
2662 2911 2912 2983 πρόϐατα
2955 2911 3144 2966 Λάὸαν
3164 2951 3178 2976 ,
3229 2909 3416 2965 καίτοι
3448 2908 3633 2980 μισθὸν
3664 2906 3785 2977 ἔχων

2222 3004 2353 3075 παρ’
2389 3002 2556 3059 αὐτοῦ
2589 3003 2650 3056 τὸ
2700 3002 2919 3072 σύμπαν
2948 3001 3137 3055 οὐδένα
3163 3020 3176 3033 ·
3209 3001 3389 3054 ἐλπίδι
3427 3002 3481 3055 δὲ
3523 3001 3683 3070 μόνῃ,
3713 2999 3782 3058 εἰς

2221 3093 2379 3148 τοῦτο
2421 3094 2662 3165 ἠγμένος
2695 3097 2814 3147 ταῖν
2859 3093 3003 3148 δυοῖν
3042 3093 3206 3148 αὐτοῦ
3241 3092 3605 3147 συνάπτεσθαι
3637 3091 3784 3158 θυγαο

2221 3189 2430 3260 τέραιν,
2465 3188 2560 3240 καὶ
2585 3187 2793 3241 τέκνων
2822 3187 3061 3258 γνησίων
3087 3185 3570 3258 ἀναδειχθήσεσθαι
3596 3184 3778 3252 πατὴρ.

2221 3279 2357 3333 Λεία
2377 3278 2435 3331 δὲ
2470 3278 2640 3348 ηστην
2677 3281 2772 3333 καὶ
2805 3278 3027 3349 Ῥαχήλ.
3061 3276 3194 3342 Θεὸς
3218 3277 3327 3349 γάρ
3359 3278 3434 3334 ὢν
3477 3278 3614 3331 κατά
3640 3275 3781 3344 φύσιν

2221 3370 2249 3422 6
2278 3369 2430 3434 Υἱὸς,
2465 3369 2522 3420 ἐν
2554 3369 2630 3440 τῷ
2665 3370 2857 3440 κόσμῳ
2887 3364 2983 3439 ἦν·
3020 3368 3178 3422 τοῦτο
3211 3369 3320 3442 γὰρ
3370 3372 3398 3423 6
3447 3367 3644 3423 Δάὸαν.
3687 3365 3780 3417 Καὶ

2222 3463 2615 3534 κατεποίμαινε
2652 3460 2708 3514 δέ
2749 3477 2872 3514 τινα
2910 3460 3113 3530 τρόπον
3140 3458 3444 3530 οἰκονομῶν
3470 3460 3542 3521 ὡς
3569 3457 3691 3524 Θεὸς
3725 3454 3784 3508 τά

2224 3553 2450 3624 ζωαρκῆ
2473 3594 2486 3616 ,
2519 3549 2862 3624 δωρούμενος
2891 3553 3016 3614 τοὺς
3047 3552 3154 3606 ἀπὸ
3187 3555 3291 3624 γῆς
3323 3555 3568 3626 καρποὺς
3589 3595 3602 3618 ,
3633 3551 3785 3612 ἀνιεὶς

2225 3647 2405 3716 πηγάς
2438 3643 2648 3700 ὑδάτων
2671 3685 2685 3708 ,
2720 3645 2817 3700 καὶ
2854 3645 3114 3716 ποταμῶν
3154 3646 3399 3716 νάματα,
3457 3665 3475 3698 ι
3525 3646 3611 3699 τὸν
3653 3643 3785 3714 ἥλιον

2224 3734 2390 3789 αὑτοῦ
2429 3733 2757 3796 ἀνατέλλων,
2806 3751 2826 3784 ι
2868 3732 3011 3786 κατὰ
3055 3730 3115 3785 τὸ
3159 3735 3577 3806 γεγραμμένον,
3617 3731 3784 3791 ὑετοὺς

2225 3826 2470 3892 καθιεὶς,
2513 3825 2742 3888 ἐντιθεὶς
2784 3827 2851 3896 τῇ
2902 3824 3192 3896 ἀνθρώπου
3233 3825 3394 3892 φύσει
3431 3827 3528 3896 τὴν
3571 3823 3788 3893 ἔμφυτον

2225 3917 2506 3990 φρόνησιν.
2540 3917 2713 3980 Δύτὸς
2739 3916 2848 3987 γάρ
2895 3916 3014 3969 ἐστι
3041 3935 3060 3968 ι
3099 3916 3172 3969 Τὸ
3201 3917 3316 3984 φῶς
3348 3917 3410 3972 τὸ
3454 3915 3719 3985 ἀληθινὸν,
3763 3910 3788 3963 ὃ

2227 4007 2452 4078 φωτίζει
2473 4007 2647 4060 πάντα
2673 4005 2962 4076 ἄνθρωπον
2991 4007 3287 4078 ἐρχόμενον
3314 4009 3393 4072 εἰς
3415 4007 3504 4061 τὸν
3527 4005 3736 4074 κόσμον.
3765 4019 3781 4051 ι

2239 4098 2510 4170 Ἐπλήρου
2544 4097 2600 4152 δὲ
2629 4097 2802 4153 ταῦτα
2828 4097 2918 4152 διὰ
2957 4097 3148 4170 μόνην,
3181 4099 3256 4162 ὼς
3281 4098 3442 4169 ἕερην,
3481 4098 3578 4166 τὴν
3608 4093 3789 4167 ἡμερὸδ

2225 4208 2364 4262 τητα
2385 4189 2482 4260 τὴν
2506 4189 2766 4260 ἔμφυτον·
2787 4191 2882 4243 καὶ
2901 4183 3093 4261 μισθὸν
3117 4191 3215 4261 μὲν
3235 4190 3430 4262 ὥσπερ
3448 4178 3630 4244 οὐδένα
3655 4186 3788 4252 παρὰ

2227 4282 2333 4335 τῶν
2362 4283 2420 4340 ἐν
2448 4280 2639 4352 κόσμῳ
2665 4280 2918 4351 τηνικάδε
2952 4281 3260 4351 ὢχόμενος,
3293 4277 3356 4336 οὗ
3390 4279 3703 4348 δοξολογίαν,
3733 4277 3785 4328 οὐ

2229 4373 2621 4447 προσκύνησιν,
2652 4373 2714 4425 ού
2751 4372 2908 4438 δόξαν
2939 4373 3139 4444 ὀρθὴν,
3177 4374 3275 4426 καὶ
3317 4374 3530 4444 ἀπλανῆ
3557 4368 3788 4438 διάληψιν

2227 4465 2324 4535 τὴν
2357 4467 2484 4536 περὶ
2505 4464 2693 4518 αὐτοῦ’
2727 4463 3091 4536 προεγνωκὼς
3112 4464 3167 4517 δὲ
3189 4467 3269 4518 ὃτι
3299 4465 3392 4519 δύο
3421 4469 3673 4534 γυναῖκας
3692 4461 3788 4524 ἕξει

535 4553 674 4607 duas
707 4569 965 4610 successu
991 4555 1252 4624 temporis
1275 4571 1474 4610 uxores
1496 4566 1642 4610 esset
1671 4557 1982 4624 habiturus,
2008 4576 2118 4628 qua:

2231 4555 2368 4609 κατά
2409 4555 2662 4627 καιροὺς,
2703 4552 2760 4606 αῖ
2789 4553 3030 4623 γνησίων
3060 4553 3207 4623 αὐτῷ
3230 4554 3434 4607 τέκνων
3465 4553 3668 4607 ἔσονται
3691 4565 3787 4620 μην

538 4643 642 4712 ipsi
697 4644 1066 4713 legitimorum
1103 4644 1339 4699 filiorum
1388 4655 1592 4702 matres
1645 4657 1830 4703 essent
1883 4649 2117 4716 futurae,

539 4734 900 4803 spiritualiter
947 4736 1247 4804 parientes.
1294 4735 1556 4802 Qumnam
1618 4754 1751 4793 vero
1798 4740 1920 4794 lue?
1965 4741 2122 4796 Prior

543 4824 764 4894 quidem
802 4834 934 4881 natu
980 4826 1260 4895 grandior,
1300 4827 1407 4881 hoc
1434 4835 1537 4891 est,
1573 4827 1690 4893 Lia,
1735 4837 1920 4900 typum
1955 4831 2124 4904 Syna-

539 4932 690 4987 εοεαε
719 4917 1033 4972 Iudaeorum
1070 4933 1182 4988 pra:
1230 4933 1288 4972 se
1327 4918 1451 4972 fert.
1498 4919 1682 4974 Altera
1700 4937 1849 4987 vero,
1883 4923 1987 4978 hoc
2013 4934 2120 4990 est,

539 5010 777 5064 secunda
825 5018 988 5080 atque
1034 5009 1182 5063 illam
1222 5018 1469 5079 tempore
1514 5012 1826 5079 subsecuta,
1877 5015 2123 5084 impense

538 5108 734 5162 amata,
765 5100 952 5168 junior
973 5108 1058 5154 est
1083 5099 1306 5164 Rachel,
1336 5101 1442 5155 hoc
1463 5110 1566 5166 est,
1594 5101 1837 5157 Ecclesia
1859 5121 1925 5159 ex
1945 5107 2124 5174 genti-

539 5189 663 5252 bus,
686 5205 806 5258 qua:
829 5191 996 5244 etiam
1043 5192 1261 5262 peperit
1298 5192 1523 5262 Joseph,
1572 5193 1667 5262 qui
1705 5195 2119 5266 interpretatur.

539 5280 740 5334 additio
794 5279 910 5333 Dei.
961 5281 1193 5336 Additus
1235 5284 1383 5337 enim
1419 5294 1505 5340 est
1553 5279 1814 5342 lsraelitis
1877 5291 2123 5359 gentium

539 5383 691 5440 grex.
721 5368 1048 5439 lntelligitur
1084 5385 1216 5425 vero
1245 5372 1410 5426 etiam
1447 5373 1608 5428 aliter
1649 5372 1993 5432 credentium
2027 5397 2124 5450 per

542 5470 756 5531 tempus
779 5459 1059 5516 additione
1080 5503 1093 5526 ,
1123 5463 1176 5516 in
1216 5463 1536 5519 immensam
1566 5469 1975 5524 multitudinem
1998 5488 2121 5526 cre-

540 5553 702 5609 visse.
725 5554 997 5610 Caeterum
1032 5553 1404 5611 animadverte
1439 5559 1728 5626 rationem,
1749 5565 2117 5633 juveritenim

541 5643 898 5698 Vehementer
943 5643 1140 5699 horum
1193 5655 1382 5702 exacta
1433 5650 1690 5720 cognitio.
1742 5653 1964 5723 Peperit
2017 5656 2117 5712 Lia

613 5821 660 5853 “
683 5823 818 5878 Gen.
853 5841 1016 5893 xxv",
1064 5828 1150 5882 29.
1253 5831 1299 5863 ’⁷
1333 5831 1490 5886 Joan.
1521 5848 1557 5897 ι,
1596 5833 1680 5888 10.

2224 4647 2699 4718 τέρες,τίκτουσαι
2725 4644 2950 4716 νοητῶς.
2972 4646 3126 4698 Ποῖαι
3162 4645 3217 4698 δὲ
3257 4641 3450 4713 αὗται,
3486 4645 3673 4715 Πρώτη
3704 4640 3791 4710 μὲν

2227 4744 2260 4811 ἡ
2282 4735 2652 4810 πρεσϐυτέρα,
2673 4738 2943 4803 τουτέστι,
2971 4739 3123 4804 Λεία,
3157 4739 3254 4809 τῆς
3271 4739 3541 4793 Ἰουδαίων
3563 4737 3790 4801 Συναγωδ

2229 4831 2332 4899 γῆς
2361 4825 2451 4881 τὸν
2494 4827 2662 4882 τύπον
2695 4829 3160 4898 ἀποπεραίνουσα.
3191 4829 3428 4901 Δευτὲρα
3463 4829 3518 4882 δὲ
3557 4826 3645 4880 καὶ
3684 4823 3788 4895 μετ’

2232 4923 2292 4974 ού
2335 4921 2468 4974 πολὺ
2517 4922 2610 4974 καὶ
2657 4921 3018 4992 τριπόθητος,
3060 4922 3093 4990 ἡ
3119 4923 3360 4994 νεωτέρα
3410 4914 3624 4994 Ῥαχὴλ,
3652 4925 3789 4971 τουτ-

2223 5014 2392 5079 έστιν,
2449 5014 2483 5083 ἡ
2527 5011 2588 5077 ἐξ
2628 5012 2798 5066 ἐθνῶν
2847 5014 3181 5084 Ἐκκλησία,
3244 5016 3278 5086 ἢ
3333 5015 3429 5068 καὶ
3483 5016 3666 5068 τέτοκε
3710 5009 3788 5061 τδν
3844 5070 3860 5082 ι

2236 5107 2462 5178 Ἰωσὴφ,
2495 5107 2643 5161 Θεοῦ
2685 5107 3048 5176 προσθήκην
3086 5108 3538 5179 ἑρμηνευόμενον.
3575 5098 3782 5174 Προστί-

2223 5198 2395 5254 θειται
2432 5200 2530 5270 μὲν
2566 5201 2675 5272 γὰρ
2704 5203 2817 5263 τοῖς
2867 5201 2927 5264 ἐξ
2984 5202 3203 5272 Ἰσραὴλ
3249 5199 3368 5272 ἡέξ
3404 5200 3570 5253 ἐθνῶν
3612 5189 3785 5266 ἀγέλη.

2222 5295 2441 5346 Νοεῖται
2485 5287 2542 5345 δὲ
2587 5295 2682 5347 καὶ
2711 5293 2938 5361 ἑτέρως,
2986 5296 3107 5357 ταῖς
3152 5295 3294 5348 κατὰ
3334 5293 3524 5366 καιρὸν
3567 5293 3667 5344 τῶν
3707 5304 3788 5339 πι-

2233 5385 2530 5438 στευόντων
2561 5385 2898 5456 προσθήκαις
2925 5388 3005 5449 εἰς
3039 5386 3249 5456 πληθὺν
3283 5381 3588 5457 ἀμέτρητον
3629 5379 3782 5435 ἰοῦσα.

2231 5475 2376 5545 Πλὴν
2433 5477 2535 5546 ὅρα
2584 5478 2680 5548 τὴν
2735 5479 3086 5549 ἐπιτήρησιν.
3140 5478 3378 5548 Ὀνίνησι
3430 5476 3534 5548 γὰρ
3585 5474 3692 5525 λίαν
3732 5469 3782 5521 τὸ

2228 5567 2454 5638 ἀκριϐὲς
2493 5573 2550 5622 ἐν
2581 5567 2813 5634 τούτοις·
2846 5569 3178 5640 Γεγέννηκεν
3216 5572 3243 5642 ἡ
3278 5569 3412 5624 Λεία
3443 5568 3546 5640 πρὸ
3585 5559 3777 5634 Ῥαχήλ·

2225 5655 2344 5714 εἶτα
2369 5659 2571 5730 μεταξὺ
2601 5661 2883 5716 παιδίσκαι
2905 5663 2998 5718 δύο
3020 5663 3198 5720 Βάλλα
3225 5682 3281 5718 τε
3309 5665 3406 5718 καὶ
3434 5660 3628 5730 Ζελφὰ.
3662 5649 3781 5708 Ἀλλ’

1777 5835 1823 5867 ⁹⁸
1857 5837 2049 5896 Matth.
2081 5858 2142 5909 v,
2182 5844 2271 5899 45.
2349 5847 2396 5877 ’9
2419 5846 2576 5902 Joan.
2614 5861 2652 5914 ι,
2679 5846 2734 5902 9.
