4034 6452
278 245 388 320 9.33

1324 263 1854 324 GLAPIIYRORUM
1893 267 1962 324 IN
2000 265 2303 324 GENESIM
2341 267 2474 322 LIB.
2515 268 2580 323 ν.

3506 265 3615 322 954

284 379 486 452 ἠρέμει
537 378 684 442 τέώς
743 378 972 434 Ἰακιῦ6’
1029 380 1162 435 τδιον
1215 380 1278 437 δὲ
1337 379 1487 438 οἷκον
1534 383 1690 439 οῦπω
1739 387 1903 440 ποιεῖν

2017 385 2173 455 prius
2209 399 2374 455 quam
2426 382 2633 439 Rachel
2666 399 2677 436 ;
2718 381 2918 438 deinde
2967 381 3181 437 ancilla:
3223 380 3345 437 dua:
3368 381 3517 438 Balla
3555 394 3613 442 et

281 473 610 526 ἐσκέπτετο.
651 471 889 526 Τέτοκεν
921 474 954 546 ή
994 473 1194 546 Ῥαχὴλ
1232 474 1325 529 τὸν
1372 475 1596 548 Ἰωσὴφ,
1626 478 1722 532 καὶ
1756 473 1906 532 οἷκον

279 561 467 617 λοιπὸν
521 565 630 636 ἐρᾷ
663 579 677 591 ⁸
733 584 752 617 ι
795 564 936 618 Πότε
994 567 1138 639 γὰρ,
1195 569 1362 638 φησὶ,
1419 571 1631 642 ποιήσω
1681 570 1907 642 ἐμαυτῷ

277 649 460 720 οἷκον;
504 674 524 707 ι
561 655 774 734 Τέτοκε
811 657 912 728 μὲν
948 657 1114 730 γὰρή
1149 659 1261 713 τῶν
1301 661 1573 715 Ἰουδαίων
1604 661 1907 733 Συναγωγὴ

275 749 404 810 τοὺς
435 751 518 814 είς
547 751 804 804 δουλείαν
832 751 934 823 τὴν
963 751 1068 804 ῦπδ
1095 751 1284 824 νόμον.
1324 753 1462 807 Ἀλλ’
1493 751 1648 808 οὔπω
1672 753 1907 825 Χριστὸς

278 845 414 898 [διον
441 838 601 896 οἷκον
630 845 782 914 ἔχειν
809 844 1082 916 ὡμολόγει
1114 846 1323 914 σαφῶς.
1360 846 1435 900 Οὐ
1471 845 1580 917 γὰρ
1607 847 1906 918 ἀπεδέχετο

272 935 394 991 λίαν
429 936 527 990 τὸν
563 938 629 990 ἐκ
659 937 828 991 λίθων
860 938 1010 1003 ναὸν,
1043 938 1100 992 ὃν
1133 937 1389 1010 Σολομὼν
1422 940 1763 1012 ἀνεδείματο.
1797 941 1907 996 Καὶ

286 1029 407 1099 γοῦν
461 1029 756 1082 Ἰουδαίων
787 1029 1248 1103 ἐξωφρυωμένοις
1286 1032 1428 1102 ἄγαν
1473 1034 1566 1086 ἐπὶ
1601 1033 1740 1105 τῷδέ
1773 1052 1907 1088 ποτε

286 1120 578 1191 μονονουχὶ
603 1121 702 1174 καὶ
733 1122 1062 1193 ἐπιπλήττει
1105 1122 1279 1192 λέγων
1306 1139 1320 1153 ⁸
1373 1142 1392 1176 ι
1459 1124 1517 1178 '0
1546 1125 1776 1197 οὐρανός
1813 1143 1906 1198 μοι

284 1215 494 1286 θρόνος.
536 1215 574 1285 ή
622 1215 682 1269 δὲ
727 1218 799 1288 γῆ
838 1215 1132 1270 ὑποπόδιον
1178 1217 1289 1271 τῶν
1334 1217 1512 1272 ποδῶν
1568 1236 1692 1290 μου.
1746 1220 1906 1274 Ποῖον

282 1303 429 1360 οἷκον
469 1308 873 1382 οἰκοδομήσετὲ
907 1329 1030 1382 μοι,
1066 1311 1215 1380 λέγει
1257 1311 1496 1386 Κύριος’
1534 1312 1566 1384 ἢ
1611 1313 1695 1377 τίς
1741 1315 1906 1379 τόπος

278 1399 375 1472 τῆς
407 1401 830 1466 καταπαύσεώς
873 1420 1010 1474 μους
1061 1423 1080 1456 ι
1128 1404 1271 1459 Ἀλλ’
1310 1405 1432 1460 οὐδὲ
1461 1402 1609 1470 οἶκος
1643 1405 1779 1460 Θεοῦ
1808 1407 1905 1476 γέ-

277 1512 404 1566 γονε
438 1496 640 1568 νοητὸς
670 1497 699 1548 6
738 1497 982 1568 Ἰσραήλ.
1017 1499 1093 1550 Οὐ
1119 1499 1228 1570 γὰρ
1255 1497 1582 1570 κατῴκηκεν
1609 1501 1667 1552 ἐν
1696 1499 1903 1564 αὐτοῖς.

285 1589 524 1662 Ἐπειδὴ
554 1590 615 1644 δέ
645 1591 871 1644 τέτοκεν
899 1592 932 1661 ή
962 1589 1022 1656 ἐξ
1053 1590 1225 1644 ἐθνῶν
1261 1591 1562 1664 Ἐκκλησία
1589 1593 1681 1646 τὸν
1706 1593 1825 1647 νέον
1844 1611 1907 1650 τε

271 1688 372 1741 καὶ
404 1688 466 1740 ἐν
512 1687 868 1759 προσθήκαις
907 1686 1069 1749 λαὸν,
1101 1681 1251 1740 οἷκον
1285 1686 1416 1740 ἴδιον
1455 1686 1636 1758 ἐαυτῷ
1667 1686 1852 1742 λοιπὸν
1877 1689 1906 1741 6

2015 477 2240 546 Zelpha.
2264 475 2427 547 Atqui
2449 477 2696 547 quietem
2737 475 2950 530 interea
2973 475 3083 546 agit
3110 474 3302 542 Jacob,
3330 492 3511 546 neque
3547 477 3618 533 de

2013 567 2266 622 facienda
2288 567 2516 638 propria
2534 567 2704 622 domo
2727 566 2963 621 laborat.
2997 567 3296 636 Postquam
3336 582 3469 622 vero
3505 568 3615 623 Ra-
3643 612 3650 620 .

2015 659 2138 714 cbel
2176 658 2394 729 peperit
2443 658 2646 728 Joseph
2671 699 2683 723 ,
2718 659 3008 729 propriam
3067 658 3332 728 deinceps
3389 658 3617 714 domum

2014 752 2186 823 cupit.
2221 771 2238 804 ι
2283 751 2515 819 Quando
2542 753 2714 816 enim,
2755 752 2954 823 inquit,
2989 751 3187 806 faciam
3227 751 3364 807 mihi
3390 753 3493 823 ipsi
3521 751 3620 807 do-

2014 861 2166 900 mum
2195 845 2210 876 ¹
2235 845 2258 900 ?
2281 845 2504 916 Peperit
2525 847 2673 900 enim
2696 845 2980 918 Synagoga
2999 845 3318 901 Judzeorum
3362 846 3620 916 Subleges

2015 940 2072 995 in
2090 937 2436 994 servitutem.
2471 937 2746 993 Caeterum
2769 938 3016 992 nondum
3050 936 3308 993 Christus
3336 936 3615 1009 propriam

2015 1033 2240 1088 domum
2273 1031 2480 1085 habere
2532 1037 2721 1100 aperte
2761 1030 3045 1101 professus
3085 1039 3191 1086 est.
3233 1029 3423 1102 Neque
3465 1029 3616 1084 enin.

2014 1125 2246 1179 charum
2271 1123 2466 1178 habuit
2486 1122 2788 1176 admodum
2824 1122 3093 1193 templum
3131 1122 3432 1192 lapideum,
3466 1121 3616 1193 quod

2016 1218 2275 1277 Salomon
2299 1216 2591 1272 exstruxit.
2615 1215 2830 1272 Idcirco
2857 1215 3078 1272 Iudaeos
3101 1215 3339 1269 maxime
3369 1231 3536 1286 super
3551 1230 3619 1268 eo
3665 1267 3668 1269 Α

2013 1310 2315 1382 gloriantes
2365 1317 2576 1364 tantum
2624 1323 2736 1363 non
2783 1306 3039 1379 objurgat
3072 1306 3264 1362 dicens
3307 1324 3320 1359 :
3355 1326 3372 1358 ‹
3403 1294 3617 1362 ϐωιυηι

2013 1403 2151 1458 mihi
2183 1403 2436 1467 thronus,
2467 1409 2617 1456 terra
2640 1417 2772 1456 vero
2795 1399 3097 1456 scabellum
3123 1398 3327 1471 pedum
3345 1414 3614 1454 meorum.

2013 1494 2240 1564 Qualem
2279 1496 2506 1552 domum
2535 1494 2886 1551 aaditieabitis
2922 1494 3057 1549 mihi
3079 1535 3093 1558 ,
3135 1493 3272 1548 dicit
3301 1492 3568 1548 Dominus
3601 1511 3615 1547 :

2013 1597 2109 1643 aut
2149 1589 2273 1659 quis
2319 1589 2477 1645 locus
2519 1587 2882 1644 habitationis
2933 1587 3164 1643 meaa’?
3196 1608 3214 1639 ι
3278 1586 3386 1642 Sed
3437 1602 3620 1656 neque

2013 1682 2277 1754 spiritalis
2304 1683 2401 1738 Dei
2433 1681 2633 1738 domus
2659 1681 2764 1737 fuit
2784 1681 2971 1737 Israel.
2999 1681 3190 1751 Neque
3223 1680 3373 1736 enim
3397 1680 3617 1734 habita-

272 1778 477 1851 Σωτὴρ
500 1778 970 1844 κατεσκευάζετο.
995 1778 1106 1832 Καὶ
1126 1777 1209 1842 τίς
1231 1778 1296 1851 δὴ
1319 1772 1475 1842 οὗτός
1496 1780 1644 1833 ἐστιν
1665 1797 1679 1846 ;
1719 1779 1903 1852 Ἡμεῖς

2016 1776 2096 1829 vit
2125 1773 2180 1828 in
2208 1775 2310 1831 eis.
2335 1775 2639 1846 Postquam
2663 1789 2796 1829 vero
2823 1774 3043 1846 peperit
3076 1773 3326 1829 Ecclesia
3349 1788 3418 1827 ex
3437 1771 3618 1845 genti-

272 1874 328 1925 οἱ
368 1871 816 1937 πιστεύσαντες,
869 1871 1003 1944 περὶ
1047 1865 1124 1925 ὦν
1165 1888 1300 1942 φησι
1348 1871 1442 1926 καὶ
1489 1871 1580 1926 διὰ
1629 1872 1903 1945 προφήτου

2015 1867 2121 1923 bus
2150 1883 2354 1923 novum
2381 1876 2439 1924 et
2473 1867 2791 1922 addititium
2815 1867 3082 1938 populum
3107 1909 3120 1932 ,
3147 1868 3430 1940 propriam
3459 1866 3620 1922 dein-

276 1965 493 2038 φωνῆς·
546 1983 568 2016 ι
603 1965 801 2029 Διδοῦς
828 1965 1032 2036 νόμους
1071 1982 1174 2035 μου
1200 1963 1281 2027 είς
1304 1964 1405 2034 τὴν
1435 1963 1675 2020 διάνοιαν
1703 1965 1908 2032 αὐτῶν,

285 2061 382 2114 καί
425 2058 519 2111 ἐπὶ
555 2058 796 2129 καρδίας
835 2058 1020 2112 αὐτῶν
1052 2058 1347 2131 ἐπιγράψω
1385 2058 1604 2123 αὐτούς.
1645 2061 1757 2114 Καὶ
1791 2059 1912 2115 ἐσο-

289 2169 390 2222 μαι
417 2152 604 2214 αὐτοῖς
633 2151 717 2214 είς
741 2150 899 2214 Θεὸν,
929 2149 1024 2204 καὶ
1054 2150 1210 2203 αὐτοὶ
1235 2149 1452 2205 ἔσονταί
1483 2167 1574 2219 μοι
1597 2152 1678 2214 εἰς
1695 2150 1845 2204 λαόν.
1885 2169 1904 2201 ι

281 2247 558 2298 Κατοικεῖ
590 2245 650 2297 ἐν
675 2245 813 2315 ἡμῖν
836 2243 925 2298 διὰ
945 2243 1041 2298 τοῦ
1065 2243 1408 2313 Πνεῦματος,
1426 2243 1680 2314 καθάπερ
1705 2242 1910 2314 ἀρτίως

273 2338 421 2409 ἔφην
441 2379 457 2403 ,
489 2338 553 2390 οὐ
588 2337 936 2408 κατοικήσας
963 2337 1022 2390 ἐν
1067 2334 1308 2408 Ἰσραήλ.
1350 2336 1475 2389 ’Ότι
1504 2335 1615 2407 γὰρ
1648 2335 1907 2408 ἀμέτοχοι

270 2431 375 2485 τοῦ
408 2431 779 2502 Πνεῦματος,
805 2429 883 2494 ὼς
914 2430 974 2482 ἐν
1003 2428 1161 2501 τύπῳ
1197 2428 1345 2499 λέγω
1372 2427 1451 2500 τῷ
1488 2427 1610 2482 καθ’
1636 2430 1814 2501 ήμᾶς,
1857 2430 1907 2484 οί

273 2525 388 2596 πρὸ
432 2525 539 2596 τῆς
585 2524 926 2595 ἐπιδημίας,
984 2524 1241 2595 σαφηνιεῖ
1295 2522 1473 2591 λέγων
1515 2522 1546 2574 6
1594 2521 1907 2591 σοφώτατος

286 2619 561 2689 Ἰωάννης
581 2633 592 2643 ·
617 2637 637 2670 ι
663 2615 832 2670 Οὔπω
852 2616 964 2688 γὰρ
992 2612 1060 2688 ἦν
1084 2614 1332 2686 Πνεῦμα,
1349 2616 1433 2669 ὅτι
1456 2613 1668 2685 Ἰησοῦς
1693 2615 1907 2670 οὐδέπω

269 2709 579 2781 ἐδοξάσθη.
607 2729 625 2760 ι
669 2709 1084 2781 Ἑγηγερμένος
1105 2709 1216 2779 γὰρ
1242 2710 1306 2762 ἐκ
1335 2707 1567 2781 νεκρῶν,
1598 2707 1695 2763 καὶ
1724 2709 1805 2773 είς
1830 2710 1907 2763 εί-

271 2805 415 2857 κόνα
467 2805 574 2875 τὴν
623 2803 780 2857 θείαν
828 2801 929 2874 τὴν
974 2801 1268 2874 ἀνθρώπου
1313 2799 1478 2872 φύσιν
1529 2801 1901 2873 ἀναμορφῶν,

269 2895 531 2968 πρώτοις
565 2895 875 2968 ἐνεφύσησε
921 2898 1036 2960 τοῖς
1074 2895 1252 2966 ἁγίοις
1293 2895 1650 2961 ἀποστόλοις,
1695 2894 1899 2964 λέγων’

275 3010 296 3041 ι
339 2991 563 3045 Λάϐετε
597 2989 825 3061 Πνεῦμα
859 2989 1036 3058 ἆγιον.
1066 3007 1084 3040 ›
1111 2989 1258 3059 Ἔφη
1295 2987 1352 3042 δέ
1382 3005 1486 3042 που
1518 2990 1613 3043 καὶ
1641 2989 1669 3041 6
1704 2987 1904 3042 θεσπέ-

269 3101 396 3148 σιος
451 3082 695 3146 Παῦλος·
750 3100 770 3135 r
818 3081 894 3135 Οὐ
944 3081 1054 3153 γὰρ
1105 3081 1330 3136 ἐλάϐετε
1389 3079 1614 3152 Πνεῦμα
1660 3079 1903 3144 δουλείας

271 3177 450 3232 πάλιν
487 3179 571 3241 είς
606 3175 797 3245 φόϐον,
838 3175 954 3229 ἀλλ’
995 3174 1218 3229 ἐλάϐετε
1254 3174 1484 3246 Πνεῦμα
1516 3174 1812 3238 υἱοθεσίας,
1847 3173 1906 3226 ἐν

267 3265 318 3340 ᾧ
353 3271 646 3344 κράζομεν
679 3282 696 3298 ⁸
742 3268 939 3334 Ἀ66ἄ,
967 3271 996 3323 6
1031 3270 1278 3340 Πατήρ.)
1309 3266 1520 3321 Οὐκοῦν
1550 3265 1778 3338 Πνεῦμα
1811 3265 1910 3336 μὲν

269 3365 536 3430 δουλείας
565 3359 634 3436 ἦν
663 3365 723 3418 ἐν
763 3361 986 3436 Ἰσραήλ
1008 3378 1021 3393 ·
1050 3363 1108 3416 ἐν
1143 3363 1276 3433 ήμῖν
1306 3360 1364 3414 δέ
1393 3362 1506 3424 τοῖς
1533 3359 1642 3414 ἀπὸ
1680 3357 1905 3430 Ῥαχὴλ,

269 3457 575 3524 τουτέστι,
615 3456 716 3526 τῆς
759 3454 820 3520 ἐξ
863 3453 1036 3508 ἐθνῶν
1096 3453 1462 3523 Ἐκκλησίας,
1509 3451 1735 3524 Πνεῦμα
1769 3451 1906 3505 Θεοῦ

273 3553 422 3625 πρὸς
460 3551 767 3614 υἱοθεσίαν,
796 3547 947 3602 οἷκον
972 3548 1121 3620 ἡμᾶς
1151 3545 1453 3602 ἀποτελοῦν
1482 3547 1572 3600 τὸν
1604 3564 1906 3618 πνευματι-

270 3650 398 3704 κόν.
447 3644 767 3715 Ἐλεύθεροι
798 3643 909 3714 γὰρ
948 3643 997 3695 οἱ
1037 3641 1150 3696 ἀπὸ
1186 3641 1427 3712 Ῥαχὴλ,
1453 3637 1523 3715 ἧς
1560 3641 1611 3694 οί
1635 3640 1908 3711 ὀφθαλμοὶ

273 3739 442 3792 καλοὶ
473 3740 574 3792 καὶ
608 3737 826 3810 ὡραῖοι,
856 3735 1036 3790 καίτοι
1066 3737 1165 3808 τῆς
1194 3735 1359 3800 Λείας
1390 3736 1490 3806 οὐχ
1518 3729 1622 3789 ὧδε
1649 3733 1902 3805 ἐχούσης.

285 3832 431 3902 Ὁρᾷ
459 3831 576 3901 γάρ
611 3829 711 3900 οὐχ
736 3827 908 3899 ὑγιῶς
937 3827 1103 3898 ήτῶν
1139 3826 1410 3882 Ἰουδαίων
1439 3825 1764 3897 Συναγωγή.
1795 3825 1906 3878 Καὶ

275 3925 642 3995 μαρτυρήσει
671 3921 847 3990 λέγων
871 3921 900 3973 6
929 3918 1243 3989 σοφώτατος
1268 3917 1482 3982 Παῦλος
1502 3934 1516 3948 ο
1553 3936 1571 3968 ι
1609 3917 1772 3988 Ἀχρι
1796 3915 1905 3986 γὰρ

271 4017 380 4086 τῆς
411 4017 670 4086 σήμερον
710 4014 931 4084 ἡμέρας
968 4012 1032 4067 τὸ
1079 4013 1211 4068 αὐτὸ
1240 4013 1508 4085 κάλυμμα
1544 4013 1638 4066 ἐπὶ
1669 4015 1735 4084 τῇ
1766 4014 1902 4066 ἀνα-

275 4109 484 4178 γνώσει
518 4109 624 4178 τῆς
675 4107 922 4171 Παλαιᾶς
957 4107 1236 4181 Διαθήκης
1283 4108 1471 4179 μένει,
1511 4106 1587 4180 μὴ
1629 4108 1903 4163 ἀνακαλυ·

274 4201 561 4278 πτάμενον
585 4238 602 4264 ,
650 4198 680 4250 ὅ
718 4215 773 4251 τι
805 4198 864 4251 ἐν
902 4197 1126 4268 Χριστῷ
1170 4202 1553 4270 καταργεῖται.
1613 4198 1753 4252 Ἀλλ’
1798 4198 1903 4262 ἓως

275 4297 532 4365 σήμερον
563 4290 730 4363 ἡνίκα
765 4290 1208 4360 ἀναγινώσκεται
1237 4291 1445 4362 Μωσῆς
1465 4333 1479 4354 ,
1515 4291 1782 4362 κάλυμμα
1809 4292 1902 4346 ἐπὶ

271 4386 375 4457 τὴν
403 4383 648 4457 καρδίαν
678 4383 861 4438 αὐτῶν
889 4386 1088 4438 κεῖται.
1139 4384 1331 4439 Ἦνίκα
1368 4384 1425 4438 δὲ
1463 4385 1560 4440 ἐὰν
1591 4386 1900 4462 ἐπιστρέψῃ

2014 1979 2146 2036 ceps
2191 1963 2297 2020 sibi
2329 1964 2432 2035 ipsi
2462 1963 2690 2019 domum
2727 1962 2977 2019 Salvator
3017 1962 3332 2018 aediﬁcavit.
3355 1961 3620 2028 Quaenam

2012 2073 2147 2113 vero
2171 2073 2237 2112 ea
2268 2056 2395 2112 est?
2417 2056 2550 2120 Nos,
2581 2056 2676 2125 qui
2702 2054 2869 2110 ﬁdem
2901 2055 3138 2126 amplexi
3160 2070 3372 2120 sumus,
3401 2053 3469 2110 de
3490 2054 3618 2125 qui-

2012 2150 2120 2207 bus
2162 2151 2332 2207 etiam
2383 2166 2485 2220 per
2516 2164 2712 2206 vocem
2759 2147 3047 2220 propheta:
3073 2147 3152 2204 ait
3186 2165 3202 2203 :
3241 2166 3259 2198 ι
3289 2147 3437 2203 Dans
3469 2147 3622 2218 leges

2012 2259 2166 2300 meas
2187 2244 2241 2299 in
2273 2255 2457 2300 mente
2485 2258 2701 2308 eorum,
2735 2250 2792 2297 et
2815 2242 2872 2296 in
2907 2241 3169 2298 cordibus
3192 2255 3386 2295 eorum
3417 2239 3617 2295 inscri-

2012 2337 2140 2393 bam
2173 2353 2268 2394 eas
2296 2357 2307 2390 :
2338 2344 2396 2394 et
2417 2352 2515 2393 ero
2541 2336 2678 2408 ipsis
2700 2335 2757 2390 in
2783 2336 2982 2400 Deum,
3018 2333 3124 2404 ipsi
3143 2347 3275 2388 vero
3289 2341 3456 2387 erunt
3479 2332 3617 2386 mihi

2011 2430 2065 2486 in
2081 2432 2348 2502 populum
2371 2432 2410 2484 ³.
2426 2450 2442 2481 ι
2463 2430 2686 2486 Habitat
2702 2428 2850 2485 enim
2870 2428 2926 2484 in
2945 2427 3108 2483 nobis
3130 2443 3229 2498 per
3246 2425 3537 2497 Spiritum,
3557 2436 3620 2480 ut

2009 2535 2138 2582 ante
2167 2525 2301 2591 dixi,
2328 2541 2440 2581 non
2455 2525 2712 2581 habitans
2728 2524 2782 2578 in
2797 2523 2987 2579 Israel.
3004 2521 3162 2589 Quod
3185 2521 3335 2576 enim
3364 2530 3620 2592 expertes

2009 2620 2220 2676 fuerint
2249 2620 2498 2691 spiritus,
2523 2619 2665 2674 utin
2693 2627 2842 2691 typo,
2865 2616 3112 2687 inquam,
3127 2615 3281 2687 juxta
3306 2629 3429 2680 nos,
3454 2615 3492 2668 ii
3519 2614 3617 2685 qui

2009 2722 2137 2770 ante
2167 2714 2470 2770 adventum
2502 2711 2662 2786 15,5
2687 2709 2894 2767 Christi
2937 2709 3300 2774 exstiterunt,
3327 2706 3619 2778 sapientis-

2008 2809 2184 2864 simus
2212 2807 2454 2864 Joannes
2499 2805 2766 2870 declarat,
2819 2803 3011 2860 dicens
3047 2819 3060 2855 :
3103 2820 3121 2853 ι
3167 2799 3427 2856 Nondum
3463 2797 3615 2854 enim

2006 2909 2126 2958 erat
2150 2900 2391 2972 Spiritus
2412 2906 2656 2964 sanctus,
2684 2896 2812 2968 quia
2828 2897 2992 2952 Iesus
3010 2894 3255 2949 nondum
3279 2891 3618 2965 glorificatur.

2005 2975 2190 3052 erat’.
2225 3015 2243 3046 ι
2271 2993 2582 3050 Suscitatus
2607 2991 2756 3047 enim
2796 3007 2828 3046 a
2866 2989 3120 3052 mortuis,
3157 2995 3322 3057 atque
3359 2986 3428 3041 ad
3469 2986 3614 3042 divi-

2006 3103 2135 3143 nam
2154 3087 2450 3159 imaginem
2479 3086 2724 3142 hominis
2747 3091 3004 3139 naturam
3050 3079 3379 3146 reformans,
3417 3080 3615 3150 primis

2016 3182 2226 3238 sanctis
2275 3179 2544 3252 apostolis
2587 3176 2925 3243 insulllavit,
2979 3174 3173 3230 dicens
3229 3192 3241 3228 :
3297 3193 3315 3226 ‹
3364 3173 3613 3243 Accipite

2014 3274 2284 3345 Spiritum
2311 3283 2565 3329 sanctum
2587 3273 2629 3327 ⁸.
2667 3291 2683 3323 ι
2710 3271 2803 3326 Ait
2819 3285 2953 3326 vero
2976 3269 3180 3324 alicubi
3203 3267 3368 3323 etiam
3390 3266 3614 3321 divinus

2011 3369 2254 3426 Paulus:
2294 3387 2311 3422 (
2347 3368 2469 3424 Non
2489 3366 2639 3422 enim
2674 3365 2967 3436 accepistis
3017 3363 3275 3434 spiritum
3328 3361 3615 3417 servitutis

2011 3476 2236 3516 rursum
2280 3460 2337 3515 in
2380 3459 2641 3515 timorem
2668 3499 2683 3524 ,
2726 3457 2824 3513 sed
2876 3455 3173 3527 accepistis
3213 3453 3472 3527 spiritum
3509 3451 3611 3513 ad-

2010 3555 2271 3625 optionis,
2306 3554 2363 3610 in
2393 3569 2504 3624 quo
2521 3553 2844 3616 clamamus,
2869 3551 3045 3615 Abba,
3073 3551 3234 3606 Pater
3252 3549 3294 3602 ⁶.
3317 3567 3334 3600 ι
3373 3547 3614 3618 Spiritus

2011 3650 2180 3722 igitur
2204 3649 2490 3705 servitutis
2515 3658 2638 3705 erat
2679 3648 2737 3702 in
2774 3647 2963 3702 Israel.
2994 3645 3056 3700 In
3097 3643 3261 3699 nobis
3292 3657 3446 3706 vero,
3484 3641 3614 3697 filiis

2009 3743 2240 3808 Rachel,
2268 3742 2376 3797 hoc
2414 3752 2520 3807 est,
2563 3740 2824 3796 Ecclesiae
2851 3737 3121 3809 gentium,
3152 3735 3392 3806 Spiritus
3414 3733 3510 3789 Dei
3541 3733 3610 3791 ad

2008 3836 2356 3899 tiliationem,
2393 3833 2704 3904 spiritalem
2732 3831 2960 3888 domum
2987 3845 3091 3884 nos
3116 3827 3379 3884 eﬂiciens.
3421 3826 3610 3882 Liberi

2007 3926 2157 3982 enim
2185 3925 2283 3980 lilii
2303 3925 2530 3989 Rachel,
2555 3926 2714 3996 cujus
2744 3923 2892 3979 oculi
2921 3921 3110 3976 decori
3137 3935 3202 3975 ac
3219 3918 3467 3990 pulchri;
3498 3917 3611 3974 Lite

2007 4035 2141 4075 vero
2161 4035 2273 4075 non
2300 4021 2452 4074 item.
2483 4019 2674 4090 Neque
2704 4016 2854 4072 enim
2883 4017 3102 4085 integro
3128 4014 3248 4068 visu
3275 4012 3505 4084 prazdita
3525 4023 3612 4068 est

2004 4113 2322 4170 Iudaeorum
2353 4113 2635 4184 Synagoga
2676 4129 2688 4165 :
2726 4109 2875 4182 quod
2917 4117 2974 4166 et
3001 4108 3208 4163 Paulus
3243 4115 3498 4171 testatur,
3527 4105 3610 4161 di-

2005 4223 2138 4264 cens
2166 4225 2178 4260 :
2213 4226 2232 4258 ι
2272 4206 2410 4262 Nam
2435 4220 2611 4274 usque
2637 4203 2692 4258 in
2723 4202 3059 4258 hodiernum
3095 4201 3242 4256 diem
3271 4201 3524 4254 velamen
3551 4199 3608 4254 in

2004 4300 2243 4355 lectione
2263 4297 2477 4354 Veteris
2505 4293 2844 4351 Testamenti
2871 4302 3059 4348 manet
3089 4310 3102 4346 :
3140 4306 3245 4346 nec
3274 4291 3488 4346 tollitur
3509 4304 3606 4346 ve-

2002 4391 2141 4454 lum,
2167 4389 2316 4460 quod
2348 4403 2448 4458 per
2466 4387 2748 4444 Christum
2775 4385 3048 4440 aboletur.
3108 4383 3216 4439 Sed
3243 4383 3310 4437 ad
3339 4383 3488 4439 hunc
3517 4399 3610 4440 us-

277 4481 420 4550 πρὸς
455 4477 690 4548 Κύριον,
725 4481 1098 4568 περιαιρεῖται
1122 4477 1184 4530 τὸ
1212 4477 1496 4550 κάλυμμα.
1535 4479 1594 4533 '0
1615 4479 1671 4533 δὲ
1693 4479 1897 4551 Κύριος

2008 4499 2111 4554 que
2137 4483 2283 4538 diem
2299 4496 2428 4536 cum
2447 4479 2648 4550 legitur
2666 4478 2902 4549 Moyses,
2926 4477 3179 4532 velamen
3203 4475 3466 4530 cordibus
3487 4477 3608 4532 illo-

271 4572 335 4626 τὸ
388 4569 634 4642 Πνεῦμά
681 4571 854 4626 ἐστιν.
906 4562 982 4625 Οὖ
1029 4570 1087 4624 δὲ
1133 4570 1195 4626 τὸ
1242 4571 1470 4643 Πνεῦμα
1495 4573 1740 4646 Κυρίου,
1783 4575 1902 4628 ἐκεῖ

2008 4592 2130 4630 rum
2161 4573 2482 4645 impositum
2511 4578 2616 4628 est.
2640 4569 2711 4626 At
2736 4569 2827 4624 ubi
2859 4567 3112 4623 conversi
3145 4566 3354 4623 fuerint
3388 4567 3458 4622 ad
3494 4567 3605 4622 Do-

275 4661 593 4733 ὲλευθερία.
633 4661 774 4715 Ἀλλ’
796 4663 964 4733 ἡμεῖς
998 4662 1260 4727 ἅπαντες,
1285 4661 1362 4726 ὡς
1391 4662 1496 4735 ἔφη
1527 4664 1690 4718 πάλιν
1714 4665 1898 4734 αὐτὸς,

275 4753 808 4826 ἀνακεκαλυμμένῳ
849 4753 1132 4827 προσώπῳ
1177 4753 1277 4824 τὴν
1313 4755 1473 4822 δόξαν
1510 4756 1720 4826 Κυρίου
1769 4774 1900 4811 κατ-

275 4848 701 4922 οπτριζόμενοι,
723 4849 824 4920 τὴν
853 4848 1027 4920 αὐτὴν
1055 4848 1244 4903 εἰκόνα
1263 4849 1767 4922 μεταμορφούμεθα
1787 4851 1898 4905 ἀπὸ

271 4941 434 5010 δόξης
463 4941 547 5004 εἰς
580 4937 762 5005 δόξαν,
797 4938 1054 5010 καθάπερ
1093 4941 1204 4995 ἀπὸ
1242 4941 1450 5014 Κυρίου
1485 4942 1825 5013 Πνεῦματος.
1867 4962 1888 4997 ι

273 5032 474 5102 Συνίης
534 5031 620 5083 ὅτι
665 5031 854 5094 καλοῖς
896 5029 1199 5102 ὀφθαλμοῖς
1247 5033 1342 5086 καὶ
1382 5033 1893 5108 ἀνακεκαλυμμένῳ

195 5137 215 5148 ·
271 5124 567 5194 προσώπῳ
596 5121 696 5194 τὴν
731 5121 891 5188 δόξαν
933 5123 1144 5194 Κυρίου
1173 5125 1694 5198 κατοπτριζόμεθας
1736 5129 1892 5201 Λαμ-

271 5218 403 5289 προὶ
451 5217 568 5288 γάρ
607 5216 659 5269 οἱ
715 5216 816 5286 τῆς
850 5216 1056 5289 Ῥαχὴλ
1105 5217 1404 5291 ὀφθαλμοὶ,
1449 5221 1704 5294 καθάπερ
1754 5221 1892 5293 ἔφην

268 5308 502 5380 ἀρτίως.
547 5305 774 5379 Ἐπειδὴ
799 5308 982 5362 τοίνυν
1006 5311 1040 5382 ή
1062 5311 1310 5384 νεωτάτη
1346 5313 1548 5385 Ῥαχὴλ
1569 5315 1659 5369 τὸν
1694 5316 1893 5388 Ἰωαὴφ

269 5403 592 5462 ἐκτέτοκεν,
655 5400 842 5454 οἴκαδε
902 5401 1006 5472 μὲν
1066 5401 1202 5457 ἱέναι
1259 5403 1575 5459 διασπεύδει
1631 5405 1822 5462 λοιπὸν
1865 5408 1895 5462 6

269 5493 571 5558 θεσπέσιος
613 5491 833 5548 Ἰακώϐ.
863 5493 1266 5549 Μεταποιεῖται
1295 5493 1352 5548 δὲ
1380 5495 1589 5564 Λάϐαν,
1619 5498 1712 5552 καὶ
1742 5501 1894 5554 εὐλο-

339 5700 357 5732 ¹
393 5698 538 5755 Gcn.
568 5715 699 5761 xxx,
736 5697 827 5752 30.
907 5700 927 5730 '
961 5697 1062 5752 lsa.
1119 5697 1221 5761 66.
1279 5699 1330 5756 1.

270 5769 486 5849 ⁸1ὶοιη.
528 5786 646 5833 vm,
677 5769 766 5826 15.
843 5769 864 5800 '
891 5769 935 5824 ll
965 5768 1091 5825 Cor.
1122 5785 1200 5833 nt,
1221 5769 1411 5828 11-18.

605 5863 888 5924 ΡΑτιὶοι.
937 5861 1054 5926 Gn.
1100 5863 1306 5928 LXIX.

2005 4670 2242 4734 minum,
2275 4667 2502 4722 tolletur
2536 4665 2811 4721 velamen.
2845 4663 3116 4718 Dominus
3161 4671 3345 4717 autem
3378 4661 3612 4732 spiritus

2001 4769 2106 4818 est.
2146 4762 2318 4817 Porro
2337 4758 2432 4814 ubi
2463 4757 2704 4829 Spiritus
2728 4757 2968 4820 Domini,
2997 4755 3073 4811 ibi
3095 4755 3340 4812 libertas.
3370 4755 3476 4811 Sed
3502 4771 3608 4815 nos

1999 4870 2194 4911 omnes
2248 4851 2760 4925 (quemadmodum
2811 4865 3006 4906 rursus
3037 4849 3154 4923 ait)
3201 4857 3406 4906 retecta
3465 4849 3604 4905 facie

2000 4947 2233 5020 gloriam
2256 4945 2476 5002 Domini
2498 4945 2553 5000 in
2589 4945 2816 5016 speculo
2842 4952 3325 5016 reprazsentantes,
3353 4943 3422 4998 ad
3453 4959 3604 4999 eam-

2003 5041 2126 5097 dem
2161 5039 2460 5109 imaginem
2481 5036 2943 5092 transformamur
2985 5050 3016 5089 a
3043 5034 3221 5106 gloria
3255 5033 3310 5088 in
3343 5033 3599 5104 gloriam,

2003 5138 2265 5201 tanquam
2295 5143 2328 5184 α
2369 5127 2588 5184 Domini
2616 5125 2828 5197 Spiritu
2849 5126 2891 5180 ⁷.
2925 5144 2943 5177 ι
2987 5125 3256 5196 Intelligis
3283 5125 3432 5196 quod
3475 5126 3602 5197 pul-

1999 5221 2151 5277 chris
2197 5221 2396 5286 oculis,
2447 5227 2506 5275 et
2557 5218 2800 5275 revelata
2829 5217 2968 5274 facie
3018 5217 3249 5290 gloriam
3288 5219 3384 5274 Dei
3416 5218 3602 5278 intue-

2002 5315 2158 5369 mur?
2185 5313 2477 5386 Splendidi
2526 5313 2678 5368 enim
2721 5320 2852 5368 sunt
2879 5312 3026 5368 oculi
3069 5313 3300 5379 Rachel,
3329 5320 3391 5369 ut
3436 5313 3604 5371 modo

2001 5407 2516 5476 dixi.Poste’aquam
2542 5405 2711 5477 igitur
2736 5407 2928 5477 junior
2953 5406 3160 5463 Rachel
3189 5406 3490 5478 Iosephum
3505 5422 3604 5478 ρει

2002 5501 2168 5572 perit,
2201 5498 2372 5555 Iacob
2407 5499 2592 5554 statim
2620 5498 2847 5554 domum
2881 5498 3059 5556 redire
3093 5499 3401 5556 contendit.
3433 5499 3600 5554 Reni-

1413 5702 1434 5734 ³
1459 5703 1665 5760 Jerem.
1735 5720 1858 5759 xxxi
1889 5745 1903 5771 ,
1943 5703 2048 5773 35;
2101 5705 2270 5761 Hebr.
2305 5721 2369 5773 x,
2406 5705 2494 5761 l6.
2575 5705 2596 5738 ‘*
2623 5705 2784 5762 Joan.
2817 5723 2922 5776 vn,
2973 5704 3063 5762 59.
3121 5707 3142 5739 ⁸
3165 5705 3322 5764 Joan.
3365 5716 3472 5768 tu,
3501 5697 3592 5759 22.

3197 5841 3235 5900 8
