4034 6466
570 297 675 351 235

1571 297 1626 352 S.
1670 295 1946 352 CYRILLI
1983 289 2455 348 ALEXANDRINI
2494 289 2815 347 ARCHIEP.

3724 306 3817 362 236

566 420 699 474 titur
731 424 916 471 autem
951 416 1002 471 ei
1034 416 1242 481 Laban,
1270 429 1324 472 et
1369 416 1717 471 benedictum
1737 433 1794 470 se
1821 415 1917 480 ait,
1944 430 2140 485 propa-

2252 412 2464 484 γεῖσθαί
2488 431 2653 484 φησιν
2697 416 2775 477 εἰς
2802 413 3009 485 πληθὺν
3053 412 3219 486 ἄρδην
3258 415 3354 485 τῆς
3386 416 3586 491 ἀγέλης
3612 424 3820 494 εὐρυνο-

565 518 686 578 gato
724 508 827 579 ipsi
859 507 914 562 in
947 525 1196 580 magnam
1249 508 1657 564 multitudinem
1696 523 1878 579 grege.
1931 507 2141 578 indiget

562 601 709 656 enim
738 600 1092 655 vehementer
1123 599 1361 655 mundus
1392 600 1524 665 Deo,
1564 599 1666 653 etsi
1713 615 1824 653 non
1852 599 2000 653 dicat
2026 597 2141 652 for-

567 703 730 757 tasse,
778 692 882 747 scit
938 700 1117 746 tamen
1145 707 1209 746 ac
1250 690 1547 747 confitetur
1588 691 1739 763 quod
1793 691 1977 745 omnia
2020 705 2142 760 qua:

563 781 668 853 ipsi
697 783 763 837 ad
808 784 975 838 vitam
1032 792 1163 838 sunt
1201 782 1515 853 bonamque
1571 782 2026 839 constitutionem
2047 797 2143 837 ne-

560 873 817 937 cessaria,
853 889 883 926 a
906 873 1017 927 Deo
1039 874 1165 927 sint.
1198 873 1378 944 Exigit
1402 882 1584 929 autem
1619 875 1928 930 mercedem
1951 873 2151 954 beatus.

563 964 750 1029 Jacob,
786 980 961 1035 neque
1005 964 1109 1035 ipsi
1135 967 1370 1036 amplius
1389 967 1558 1038 gratis
1583 968 1807 1023 subesse
1844 970 1978 1022 vult.
2012 968 2145 1022 Erat

562 1066 743 1112 autem
775 1073 986 1113 merces
1006 1057 1110 1128 ipsi
1139 1058 1285 1112 haud
1309 1074 1502 1129 parum
1532 1068 1739 1130 optata,
1767 1075 1896 1115 oves
1915 1060 2144 1116 maculis

565 1165 765 1220 sparsa:
787 1158 844 1205 et
863 1150 1219 1206 subcinericii
1248 1152 1468 1207 coloris.
1505 1150 1899 1223 Superioribus
1919 1153 2144 1224 quidem

564 1261 629 1299 ac
659 1244 956 1315 praeteritis
990 1244 1334 1316 temporibus
1374 1245 1561 1299 innata
1602 1244 1940 1317 benignitate
1981 1262 2143 1301 mun-

564 1337 696 1391 dum
720 1337 1057 1407 gubernans,
1086 1352 1186 1407 per
1207 1351 1372 1407 quem
1404 1337 1587 1390 omnia
1606 1335 1746 1392 facta
1780 1337 1965 1403 sunt”,
1999 1338 2147 1393 Deus

563 1426 826 1492 Verbum,
852 1426 1103 1496 permisit
1121 1442 1217 1481 eos
1247 1426 1342 1496 qui
1373 1426 1427 1480 in
1454 1426 1571 1497 ipso
1596 1433 1753 1481 erant
1798 1446 1816 1478 ι
1864 1429 2146 1483 ambulare

563 1518 620 1575 in
653 1518 760 1573 viis
790 1518 924 1582 suis,
960 1537 979 1570 ι
1021 1518 1164 1574 sicut
1198 1518 1463 1588 scriptum
1489 1527 1572 1574 est
1592 1521 1634 1572 θ.
1665 1518 1824 1592 146
1850 1520 2146 1592 Postquam

563 1625 693 1664 vero
709 1610 921 1680 peperit
948 1610 1191 1666 Ecclesia
1216 1626 1418 1667 novum
1441 1625 1765 1682 semperque
1809 1623 2147 1669 crescentem

564 1702 824 1771 populum
848 1743 863 1767 ,
894 1702 1001 1757 hoc
1039 1711 1123 1758 cst
1144 1744 1158 1769 ,
1193 1718 1289 1758 eos
1320 1704 1413 1774 qui
1440 1720 1537 1775 per
1569 1704 1730 1759 fidem
1761 1705 2064 1776 spiritalem
2091 1708 2146 1762 in

2252 509 2441 578 μένης.
2481 510 2661 560 Δεῖται
2694 506 2804 578 γὰρ
2841 506 2963 561 λίαν
3005 508 3033 560 ὀ
3079 507 3282 578 κόσμος
3330 507 3495 580 Θεοῦ,
3527 511 3628 567 κᾶν
3668 519 3715 570 εἰ
3756 522 3825 593 μὴ

2249 598 2394 668 λέγει
2434 600 2617 670 τυχὸν,
2667 599 2784 652 ἀλλ’
2834 593 2927 653 οὖν
2972 598 3054 670 τῷ
3084 600 3282 653 εἰδέναι
3316 601 3411 653 κα)⁵
3449 602 3724 674 ὁμολογεῖν
3750 612 3824 667 ὅτι

2250 690 2427 744 πάντα
2458 687 2606 758 αύτῷ
2638 688 2707 742 τά
2733 704 2794 741 τε
2819 688 3066 761 ζωαρκῆ,
3102 688 3196 742 καὶ
3225 688 3294 742 τά
3322 691 3400 754 εἰς
3434 688 3493 746 εὖ
3517 689 3656 750 εἶναι
3685 702 3826 773 παρά

2249 781 2406 837 Θεοῦ.
2470 780 2705 846 Ἐξαιτεῖ
2731 781 2788 835 δὲ
2834 780 3026 852 μισθὸν
3065 782 3095 834 6
3142 781 3414 854 μακάριος
3476 783 3666 841 Ἰακὼϐ
3713 794 3824 865 εἰκῆ

2251 874 2510 942 παρεῖναι
2551 871 2625 943 μὴ
2673 872 2995 944 ἐνεχόμενος
3039 871 3140 925 ἐτι.
3182 872 3296 927 Καὶ
3335 868 3403 944 ἦν
3446 876 3476 928 6
3511 877 3699 945 μισθὸς
3736 883 3826 937 οὐκ

2250 963 2573 1035 ἀνεθέλητος
2605 964 2788 1035 αὐτῷ,
2828 962 2898 1017 τά
2941 964 3376 1036 κατεῤῥαμμένα
3417 966 3487 1020 τὰ
3535 968 3821 1043 σποδοειδῆ.

2250 1056 2410 1109 Κατὰ
2439 1056 2538 1126 μὲν
2561 1051 2654 1110 οὖν
2682 1057 2810 1121 τοὺς
2839 1055 3048 1110 ἄνωθεν
3075 1056 3154 1110 ἔτι
3174 1055 3270 1109 καὶ
3298 1058 3696 1127 παρῳχηκότας
3719 1079 3824 1116 και-

2254 1148 2402 1219 ροὺς.
2422 1148 2599 1202 καίτοι
2630 1149 2850 1203 διοικῶν
2884 1149 2977 1204 τὸν
3022 1150 3226 1220 κόσμον
3267 1147 3327 1214 ἐξ
3366 1150 3702 1221 ἡμερότητος
3736 1156 3826 1227 τῆς

2253 1240 2498 1312 ἐμφύτου
2521 1243 2615 1296 καὶ
2647 1241 3010 1315 θεοπρεποῦς,
3048 1245 3077 1296 6
3105 1242 3172 1299 δι’
3195 1235 3256 1296 οὗ
3287 1242 3353 1296 τά
3383 1244 3561 1297 πάντα
3583 1244 3710 1310 Θεὸς
3736 1248 3825 1301 Δό-

2253 1346 2370 1399 γος,
2409 1331 2560 1400 ἠφίει
2590 1333 2715 1396 τοὺς
2742 1333 2800 1386 ὲν
2822 1332 2973 1405 αὑτῷ
3009 1354 3027 1384 ι
3070 1332 3401 1405 πορεύεσθαι
3424 1336 3547 1398 ταῖς
3577 1334 3711 1399 ὁδοῖς
3736 1340 3825 1390 αύ-

2252 1422 2383 1488 τῶν,
2420 1441 2438 1474 ι
2478 1422 2621 1477 κατά
2654 1422 2715 1476 τὸ
2747 1426 3154 1496 γεγραμμένον.
3199 1423 3421 1494 Ἐπειδὴ
3454 1425 3512 1478 δὲ
3555 1426 3765 1482 τέτοκεν
3794 1432 3823 1501 ή

2268 1513 2587 1585 Ἐκκλησία,
2631 1514 2724 1569 16v
2770 1516 2829 1568 ὲν
2870 1514 3211 1586 προσθήκαις
3256 1514 3343 1569 ἀεὶ
3388 1516 3485 1569 καὶ
3530 1517 3646 1571 νέον
3692 1518 3823 1582 λαὸν,

2254 1606 2520 1669 τουτέστι,
2548 1607 2673 1670 τοὺς
2698 1606 2786 1660 διά
2811 1607 3047 1672 πίστεως
3074 1607 3172 1678 τῆς
3203 1610 3282 1672 εἰς
3306 1607 3469 1662 αὐτὸν
3489 1610 3826 1683 ἀναγέννησιν

2255 1698 2355 1770 ἤδη
2384 1697 2649 1769 λαχόντας
2681 1700 2779 1771 τὴν
2809 1700 3189 1771 πνευματικὴν
3207 1740 3220 1763 ,
3256 1702 3482 1755 ἀπαιτεί
3512 1703 3603 1756 τὸν
3638 1704 3823 1774 κόσμον

564 1794 743 1865 ipsum
798 1796 1272 1865 regenerationem
1336 1804 1465 1851 sunt
1519 1798 1840 1862 consecuti,
1912 1799 2083 1870 exigit
2117 1817 2140 1855 a

2254 1790 2445 1861 μισθὸν
2467 1790 2656 1862 ὥσπερ
2688 1791 2810 1845 τινά
2834 1793 2935 1864 τῆς
2963 1792 3105 1865 ὑπὲρ
3132 1791 3298 1846 αὐτοῦ
3329 1795 3591 1865 προνοίας
3616 1796 3735 1858 τοὺς
3755 1798 3823 1861 εἰς

562 1883 768 1938 mundo
797 1884 965 1938 veluti
996 1885 1310 1941 mercedem
1332 1887 1624 1957 quamdam
1650 1905 1762 1945 sua:
1793 1890 1861 1945 de
1882 1906 1949 1947 eo
1979 1908 2145 1960 curze,

560 1976 820 2032 nimirum
855 1977 924 2033 ad
956 1977 1117 2032 fidem
1138 1980 1788 2052 promptiores,quorum
1820 1983 2043 2053 quidem
2069 1993 2151 2057 ty-

559 2084 664 2140 pus
687 2078 816 2125 sunt
843 2069 1120 2125 maculosa
1142 2081 1199 2125 et
1241 2071 1520 2128 cinericia.
1552 2073 1694 2140 Quid
1728 2090 1862 2129 vero
1889 2076 1995 2131 hoc
2042 2076 2148 2133 sibi

560 2160 718 2214 vult?
751 2158 981 2230 Semper
1020 2158 1136 2215 fere
1170 2159 1226 2214 in
1250 2160 1435 2215 ovium
1467 2169 1523 2216 et
1561 2177 1851 2233 caprarum
1891 2165 2149 2237 gregibus

563 2266 683 2323 quae
737 2251 904 2306 unius
934 2252 1136 2308 coloris
1173 2261 1322 2319 sunt,
1348 2253 1669 2324 pastoribus
1714 2257 1957 2327 gratiora
1987 2268 2145 2326 sunt;

558 2343 709 2396 varia
734 2351 917 2397 autem
939 2351 995 2397 et
1020 2342 1299 2397 maculosa
1325 2332 1631 2399 secundum
1660 2345 1843 2402 locum
1872 2346 2144 2415 obtinent,

559 2451 741 2506 neque
765 2436 959 2491 eodem
991 2451 1115 2491 cum
1152 2435 1277 2490 aliis
1299 2436 1352 2490 in
1375 2437 1562 2507 pretio
1587 2445 1734 2493 sunt.
1753 2437 1899 2494 Lana
1919 2441 2066 2495 enim
2090 2441 2147 2496 in

561 2529 629 2583 iis
658 2544 767 2582 non
794 2536 876 2583 est
903 2526 1213 2593 uniformis,
1253 2527 1350 2583 sed
1374 2529 1649 2600 variegata
1699 2531 1952 2586 nonnihil
1976 2542 2032 2588 et
2059 2533 2146 2588 di-

559 2617 862 2673 versicolor
896 2633 960 2672 ac
989 2618 1159 2673 veluti
1214 2617 1465 2674 confusa.
1501 2619 1717 2690 Accipit
1755 2620 1943 2691 itaque
1984 2621 2145 2678 Chri-

560 2719 678 2765 stus
699 2727 728 2765 a
748 2709 976 2775 mundo,
1000 2726 1112 2765 non
1150 2726 1272 2782 qua:
1295 2711 1521 2767 omnino
1542 2712 1597 2767 in
1633 2727 1701 2767 eo
1723 2723 1853 2769 sunt
1883 2714 2144 2784 pretiosa,

558 2803 713 2858 etab
753 2801 1072 2858 hominibus
1116 2803 1312 2858 seleeta
1339 2844 1353 2868 ,
1403 2803 1500 2859 sed
1543 2805 1730 2875 potius
1768 2820 1890 2875 quae
1920 2804 2145 2860 inferio-

563 2910 620 2949 ra
646 2894 971 2966 minoreque
1005 2895 1062 2950 in
1096 2896 1274 2966 pretio
1304 2895 1448 2967 apud
1487 2911 1583 2953 eos
1605 2897 1897 2953 habentur.
1929 2897 2145 2954 Confir-

557 2995 869 3044 inatautem
899 2987 1006 3044 hoc
1032 2987 1255 3044 divinus
1275 2989 1497 3056 Paulus,
1532 2990 1606 3046 ita
1634 2991 1992 3047 credentibus
2014 2991 2148 3047 scri-

558 3079 733 3134 bens:
767 3099 784 3132 ‹
822 3080 1016 3136 Videte
1062 3080 1211 3136 enim
1240 3083 1585 3137 vocationem
1630 3093 1893 3148 vestram,
1921 3082 2141 3148 fratres,

556 3173 685 3242 quia
706 3188 817 3228 non
864 3173 1024 3231 multi
1052 3174 1328 3245 sapientes
1379 3175 1684 3229 secundum
1729 3190 1994 3241 carnem,
2034 3188 2142 3229 non

558 3267 715 3321 multi
752 3273 1029 3337 potentes,
1060 3282 1172 3321 non
1218 3266 1377 3321 multi
1406 3267 1620 3323 nobiles
1646 3285 1658 3320 :
1681 3267 1779 3322 sed
1826 3282 1949 3337 quae
1978 3267 2142 3322 stulta

555 3366 688 3412 sunt
717 3356 908 3411 mundi
929 3357 1095 3429 elegit
1126 3358 1305 3423 Deus,
1350 3367 1413 3413 ut
1434 3358 1737 3413 confundat
1766 3358 2061 3428 sapientes,
2088 3369 2144 3413 et

556 3450 772 3505 inﬁrma
803 3450 996 3504 mundi
1027 3451 1191 3522 elegit
1222 3452 1387 3518 Deus,
1418 3462 1481 3507 ut
1505 3451 1810 3508 confundat
1835 3451 1993 3506 fortia
2019 3453 2082 3505 ιο.
2116 3475 2133 3504 ι

557 3541 730 3597 Porro
751 3542 858 3607 alia
890 3543 1056 3598 etiam
1088 3543 1303 3599 ratione
1329 3544 1559 3615 intelligi
1593 3551 1795 3614 potest,
1814 3544 1860 3598 si
1884 3544 2007 3614 quis
2025 3545 2141 3600 haec

554 3634 876 3705 diligentius
900 3634 1182 3705 inquirere
1231 3635 1388 3701 velit,
1437 3620 1745 3690 cineratum
1776 3635 2136 3691 maculosum.

552 3724 660 3792 Qui
693 3726 841 3780 enim
869 3726 925 3781 in
953 3725 1171 3783 Christo
1212 3727 1454 3798 insignes
1496 3734 1646 3792 sunt,
1671 3726 1842 3782 veluti
1874 3728 2140 3784 varietate

553 3814 612 3871 in
639 3817 900 3888 operibus
925 3828 981 3874 et
1012 3819 1197 3875 verbis
1234 3818 1450 3889 praediti
1481 3818 1958 3875 sunttobscurum
1989 3821 2137 3876 enim

552 3916 610 3963 et
631 3911 849 3982 nigrum
879 3911 1050 3983 ﬁgura
1083 3918 1167 3967 est
1193 3919 1358 3981 atque
1398 3911 1595 3967 umbra
1623 3912 1872 3984 mysterii
1907 3912 2135 3978 Christi,

552 4001 1016 4073 tenebrosuqu
1037 4010 1093 4058 et
1125 4002 1423 4058 obscurum
1446 4001 1608 4073 vulgo
1631 4002 1699 4056 de
1734 4016 1803 4057 eo
1825 4018 2137 4060 sermonem

548 4109 671 4150 esse
693 4094 1002 4166 signiﬁcat:
1044 4095 1121 4149 ait
1154 4095 1304 4151 enim
1330 4093 1535 4150 alicubi
1576 4096 1744 4150 etiam
1777 4094 1997 4151 divinus
2028 4096 2135 4151 Da-

548 4186 639 4242 vid
686 4189 743 4241 in
775 4186 919 4243 libro
952 4187 1342 4242 Psalmorum:
1397 4205 1415 4237 ι
1463 4186 1653 4242 Posuit
1697 4187 1956 4243 tenebras
2014 4189 2138 4244 lati-

547 4277 740 4332 bulum
764 4292 951 4340 suum,
992 4276 1049 4332 in
1078 4277 1313 4333 circuitu
1335 4278 1457 4348 ejus
1490 4277 1906 4334 tabernaculum
1938 4278 2134 4350 ipsius.

546 4370 863 4426 Tenebrosa
891 4385 1032 4440 aqua
1078 4371 1134 4425 in
1171 4369 1416 4427 nubibus
1451 4370 1673 4436 aeris“,
1712 4389 1730 4421 ι
1758 4368 2137 4427 difficultatem

2250 1881 2312 1935 16
2349 1880 2626 1935 πιστεύειν
2651 1884 3054 1955 ἑτοιμοτέρους,
3083 1877 3159 1937 ὧν
3191 1883 3257 1939 ἂν
3289 1886 3370 1948 είς
3408 1884 3579 1939 τύπον
3611 1887 3675 1940 τά
3709 1905 3822 1941 σπο-

2248 1976 2421 2049 δοειδῆ
2453 1979 2545 2033 καὶ
2568 1977 2759 2050 ραντά.
2786 1978 2851 2032 Τί
2876 1977 2941 2050 δὴ
2966 1977 3123 2033 τοῦτό
3156 1980 3333 2046 ὲστιν;
3377 1979 3489 2032 Ἀεί
3513 1996 3616 2050 περ
3637 1982 3691 2033 ὲν
3718 1985 3822 2045 ταῖς

2248 2069 2375 2123 ὀΐων
2416 2087 2476 2122 τε
2499 2069 2594 2124 καὶ
2622 2069 2800 2139 αἰγῶν
2832 2070 3058 2139 ἀγέλαις
3096 2069 3165 2123 τὰ
3198 2071 3444 2141 μονοειδῆ
3470 2073 3582 2135 τοῖς
3614 2072 3820 2144 τρέφου-

2252 2179 2335 2216 σιν
2371 2163 2741 2234 αἱρετώτερα·
2777 2161 2847 2216 τά
2883 2162 2939 2216 δὲ
2970 2163 3141 2234 ραντά
3174 2162 3266 2216 καὶ
3299 2164 3702 2235 κατεστιγμένα
3736 2165 3817 2218 τά·

2252 2252 2332 2319 ξιν
2361 2253 2473 2326 ἔχει
2511 2254 2798 2326 δευτέραν,
2831 2255 2925 2308 καὶ
2957 2252 3057 2308 ούκ
3093 2242 3153 2310 ὲν
3182 2256 3280 2327 ἴσῳ
3307 2255 3455 2327 λόγῳ
3497 2260 3608 2321 τοῖς
3637 2258 3815 2321 ἄλλοις.

2253 2348 2439 2421 Ἔριον
2468 2347 2579 2419 γάρ
2622 2349 2679 2401 ἐν
2727 2348 2915 2411 αὑταῖς
2959 2348 3021 2401 οὐ
3070 2349 3368 2418 μονοειδὲς,
3418 2348 3532 2403 ἀλλ’
3572 2351 3627 2402 ἐν
3660 2348 3815 2421 βραχὺ

2249 2437 2556 2510 παραλλὰξ,
2602 2437 2927 2511 ἑτερόχρουν
2966 2437 3024 2491 δέ
3078 2439 3224 2493 ἐστιν
3267 2440 3365 2493 καλ⁵
3402 2440 3566 2493 οἱονεὶ
3609 2454 3817 2509 περιπε-

2250 2530 2549 2601 φυρμένον.
2590 2529 2816 2602 Δέχεται
2841 2530 3021 2584 τοίνυν
3054 2529 3162 2583 ἀπὸ
3192 2528 3287 2584 τοῦ
3333 2530 3543 2603 κόσμου
3585 2529 3813 2602 Χριστὸς,

2248 2622 2368 2689 οὐχ).
2387 2620 2451 2691 δή
2483 2637 2586 2674 που
2617 2622 2837 2684 πάντως
2857 2619 2925 2673 τὰ
2951 2621 3009 2673 ὲν
3034 2618 3186 2690 αὐτῷ
3213 2620 3398 2690 τίμια,
3423 2621 3518 2674 καὶ
3545 2622 3600 2674 ὲν
3626 2619 3813 2691 ἀνθρώσ

2249 2729 2375 2776 ποις
2406 2711 2705 2776 ἀπόλεκτα,
2736 2710 2851 2766 ἀλλ’
2891 2712 2990 2765 ὅσα
3021 2711 3222 2782 μᾶλλον
3248 2714 3306 2767 ὲν
3337 2714 3526 2773 αὐτοῖς
3561 2712 3616 2764 ἐν
3647 2712 3815 2781 ὑφέσει

2248 2822 2306 2859 τε
2341 2801 2480 2860 εἶναι
2512 2806 2676 2871 δοκεῖ,
2717 2804 2811 2859 καὶ
2845 2806 2945 2858 οὐκ
2989 2806 3048 2858 ὲν
3084 2804 3175 2876 ἴσῃ
3213 2804 3363 2877 δόξῃ.
3408 2804 3734 2859 Πιστώσεται
3765 2804 3813 2856 δὲ

2248 2899 2338 2952 τὸν
2370 2897 2528 2968 λόγον
2563 2898 2653 2951 καὶ
2680 2898 2707 2951 6
2749 2897 3035 2961 θεσπέσιος
3071 2897 3315 2963 Παῦλος,
3360 2897 3682 2952 ἐπιστέλλων
3718 2898 3815 2958 τοῖς

2249 2989 2639 3045 πεπιστευκόσι
2658 3005 2674 3023 ο
2708 3008 2727 3040 ι
2757 2988 2992 3043 Βλέπετε
3020 2989 3133 3060 γὰρ
3154 2988 3255 3062 τὴν
3275 2989 3470 3062 κλῆσιν
3497 2987 3664 3059 ὑμῶν,
3685 2986 3814 3041 ἀδελ-

2250 3084 2361 3154 φοὶ,
2400 3084 2479 3137 ὅτι
2508 3083 2569 3137 ού
2612 3082 2795 3136 πολλοὶ
2838 3079 2993 3152 σοφοὶ
3020 3081 3165 3135 κατὰ
3200 3082 3415 3154 σάρκα,
3442 3083 3503 3137 ού
3537 3079 3710 3134 πολλοὶ
3738 3077 3814 3132 δυ-

2252 3175 2422 3242 νατοὶ,
2442 3175 2504 3229 ού
2532 3173 2717 3228 πολλοὶ
2749 3176 3019 3244 εὐγενεῖς·
3050 3174 3188 3229 ἀλλὰ
3212 3176 3280 3229 τά
3311 3175 3479 3248 μωρά
3505 3176 3597 3228 τοῦ
3631 3173 3813 3243 κόσμου

2245 3267 2530 3335 ἐξελέξατο
2572 3270 2602 3322 6
2626 3267 2779 3336 Θεὸς,
2823 3268 2911 3321 ἴνα
2939 3268 3282 3340 καταισχύνῃ
3311 3270 3448 3333 τοὺς
3486 3269 3704 3335 σοφοὺς,
3733 3265 3814 3318 καὶ

2243 3360 2312 3414 τὰ
2355 3359 2554 3429 ἀσθενῆ
2584 3357 2680 3413 τοῦ
2719 3359 2924 3430 κόσμου
2954 3357 3235 3424 ἐξελέξατο
3266 3359 3294 3411 6
3332 3358 3489 3423 Θεὸς,
3524 3357 3606 3411 ἵνα
3643 3370 3811 3407 καται-

2247 3451 2415 3523 σχύνῃ
2449 3452 2515 3505 τὰ
2554 3451 2769 3522 ἰσχυρά.
2806 3470 2828 3504 ι
2855 3449 3092 3522 Νοηθείη
3124 3451 3169 3503 δ’
3200 3450 3265 3505 ἃν
3296 3454 3393 3506 καί
3418 3452 3635 3522 ἑτέρως,
3670 3444 3811 3514 εἴπερ

2246 3544 2488 3616 βούλοιτό
2534 3562 2619 3609 τις
2658 3544 2983 3615 ἐξακριϐοῦν
3014 3544 3082 3598 τά
3120 3545 3323 3608 τοιάδε,
3364 3542 3663 3604 σποδοειδὲς
3694 3541 3807 3609 ῥαν-

2242 3637 2354 3691 τόν.
2405 3636 2656 3690 Ποικίλον
2699 3636 2809 3707 γάρ
2848 3653 2966 3701 πως
2997 3638 3049 3690 οί
3095 3638 3153 3690 ὲν
3196 3638 3422 3709 Χριστῴ
3460 3637 3520 3689 τὸ
3561 3632 3808 3705 εὐπρεπὲς

2244 3726 2461 3798 ἔχοντες
2490 3724 2565 3790 ὡς
2589 3727 2645 3779 ὲν
2670 3724 2854 3797 ἔργοις
2878 3743 2937 3780 τε
2968 3726 3063 3780 καὶ
3091 3725 3289 3795 λόγοις.
3327 3726 3399 3781 Ἱὸ
3430 3727 3527 3798 μὲν
3546 3725 3647 3793 γάρ
3671 3718 3808 3791 φαιόν

2243 3835 2303 3871 τε
2344 3818 2441 3872 καὶ
2478 3816 2647 3889 μέλαν
2690 3816 3110 3887 καταλογισθείη
3145 3819 3226 3881 εἰς
3273 3818 3504 3886 αἴνιγμα
3540 3814 3630 3867 καὶ
3668 3809 3808 3863 σκιὰν

2240 3908 2337 3963 τοῦ
2368 3909 2510 3963 κατά
2539 3906 2772 3978 Χριστὸν
2808 3909 3129 3979 μυστηρίου,
3163 3908 3258 3960 καὶ
3284 3909 3381 3962 τὸν
3411 3909 3496 3960 ἐπ’
3530 3902 3670 3973 αὐτῷ
3699 3916 3808 3952 σκο-

2241 3999 2419 4052 τεινὸν
2474 3999 2768 4068 ἀσυμφανῆ
2799 3999 2913 4060 τοῖς
2981 3996 3197 4061 πολλοῖς
3253 3996 3599 4068 καταγράψοι
3646 3992 3803 4057 λόγον.

2246 4093 2389 4163 Ἔφη
2423 4090 2532 4161 γάρ
2562 4106 2665 4143 που
2696 4089 2789 4144 καὶ
2817 4090 2846 4141 ὁ
2874 4089 3159 4153 θεσπέσιος
3187 4079 3354 4144 eam
3380 4092 3438 4142 ὲν
3471 4081 3805 4158 βισλίῳναλ-

2245 4180 2383 4253 μῶν,
2433 4181 2514 4235 ὅτι
2554 4199 2571 4231 ι
2601 4178 2794 4234 Ἐθετο
2829 4180 3020 4243 σκότος
3041 4180 3371 4251 ἀποκρυφὴν
3407 4177 3570 4234 αὑτοῦ
3592 4217 3606 4241 ,
3640 4171 3806 4239 κύκλῳ

2240 4272 2406 4328 αὐτοῦ
2449 4273 2485 4344 ἡ
2530 4271 2704 4343 σκηνὴ
2750 4270 2936 4324 αὐτοῦ.
2980 4271 3264 4325 Σκοτεινὺν
3304 4271 3452 4341 ὕδωρ
3491 4271 3548 4322 ἐν
3578 4264 3805 4333 νεφέλαις

2240 4365 2457 4436 ἀέρων·
2500 4384 2519 4418 ›
2566 4362 2628 4417 τὺ
2669 4365 2835 4417 οἱονεὶ
2876 4362 3325 4434 δυσκατάληπτον
3369 4362 3480 4417 τῶν
3524 4358 3649 4431 περὶ
3685 4352 3803 4408 Θεοῦ

545 4464 866 4535 dogmatum
906 4462 975 4519 de
1002 4463 1117 4519 Deo
1148 4477 1276 4518 cum
1316 4463 1672 4518 tabernaculo
1696 4478 2041 4534 comparans,
2078 4471 2138 4518 et

2245 4457 2533 4530 δογμάτων
2559 4460 2733 4531 σκηνῇ
2759 4457 3135 4529 παρεικάζων,
3169 4457 3264 4511 καὶ
3286 4455 3566 4526 ὀνομάζων
3587 4450 3673 4545 τὸν
3696 4444 3805 4499 σκό-

547 4557 805 4612 tenebras
823 4555 1126 4626 appellans,
1157 4560 1215 4610 et
1260 4573 1278 4607 ι
1313 4570 1511 4625 aquam
1542 4555 1895 4610 tenebrosam
1925 4556 1983 4611 in
2023 4569 2130 4609 nu-

545 4644 713 4700 bibus
762 4646 924 4700 aeris.
971 4664 990 4696 ›
1028 4645 1120 4699 Ait
1151 4660 1283 4700 vero
1319 4645 1487 4700 etiam
1518 4643 1798 4714 Sapientia
1825 4645 1890 4709 ι’,
1940 4642 2133 4699 datum

547 4752 669 4792 esse
694 4736 975 4792 nonnullis
999 4736 1240 4803 abunde,
1282 4753 1443 4809 posse
1477 4736 1786 4807 intelligere
1819 4735 2128 4806 parabolas,

544 4841 603 4882 et
636 4828 1348 4892 tenebrosumsermonem,
1404 4828 1661 4897 dictaque
1717 4827 2027 4897 sapientum
2076 4837 2134 4882 et

543 4918 849 4990 aenigmata.
879 4920 1318 4976 Profu'nditatem
1340 4919 1524 4990 itaque
1553 4934 1617 4973 ac
1630 4918 1972 4990 nigredinem
2002 4918 2135 4987 dog-

544 5019 752 5066 matum
810 5012 879 5067 de
916 5012 1141 5069 Christo
1188 5010 1377 5065 fuscus
1435 5010 1590 5066 color
1628 5008 1789 5065 nobis
1835 5008 2127 5081 significat.

544 5104 904 5168 Splendidum
926 5117 1058 5160 veno
1085 5120 1206 5161 esse
1231 5120 1297 5160 ac
1319 5105 1473 5175 quasi
1499 5104 1874 5175 perspicuum,
1912 5103 1971 5157 in
2002 5117 2132 5173 0pc-

546 5196 722 5262 ribus,
755 5198 1003 5267 inquam,
1026 5197 1270 5268 pietatis,
1291 5211 1391 5268 per
1405 5196 1664 5261 alterum,
1682 5195 1790 5251 hoc
1808 5202 1894 5250 est
1917 5193 2126 5257 album,

545 5289 901 5360 signiﬁcatur.
927 5286 1140 5345 idcirco
1162 5291 1330 5345 etiam
1364 5291 1610 5345 omnium
1644 5288 1910 5345 Dominus
1937 5286 2130 5359 purifi-

544 5382 816 5437 cationem
848 5396 947 5451 per
989 5379 1153 5436 fidem
1197 5383 1255 5436 in
1290 5381 1571 5438 Christum
1619 5381 2002 5454 praeiudicavit
2046 5381 2130 5436 di-

464 5506 469 5509 ς
544 5486 675 5527 cens
716 5488 816 5543 per
848 5487 1037 5528 vocem
1092 5473 1373 5544 prophetae
1412 5492 1425 5529 :
1459 5493 1478 5527 ι
1516 5474 1725 5530 Discite
1765 5473 2126 5538 benefacere,

543 5565 773 5633 quaerite
801 5567 1092 5638 judicium,
1125 5569 1412 5624 subvenite
1446 5582 1734 5640 oppresso,
1770 5566 1928 5639 147
1982 5567 2130 5638 judi-

2238 4566 2356 4619 τον,
2408 4552 2504 4606 καὶ
2555 4569 2574 4603 ι
2608 4550 2754 4622 ὕδωρ
2819 4551 3092 4603 σκοτεινὸν
3135 4551 3194 4603 ἐν
3246 4548 3501 4619 νεφέλαις
3543 4543 3732 4612 ἀέρων.
3782 4551 3799 4585 ν

2235 4644 2751 4715 Κατεπαγγέλλεται
2806 4644 2865 4699 δὲ
2913 4644 3008 4699 καὶ
3054 4644 3088 4714 ἡ
3141 4642 3311 4711 Σοφία
3354 4638 3466 4692 τισί
3515 4625 3798 4705 χαριεῖσθαι

2237 4738 2508 4801 πλουσίως
2534 4738 2595 4791 τὸ
2624 4739 2765 4791 νοεῖν
2785 4736 3045 4790 δύνασθαι
3079 4733 3400 4805 παραϐολὰς
3424 4728 3516 4783 καὶ
3547 4715 3798 4776 σκοτεινὸν

2235 4828 2424 4898 λόγον,
2459 4829 2648 4899 ῥήσεις
2689 4843 2749 4881 τε
2794 4826 2975 4897 σοφῶν
3014 4825 3110 4880 καὶ
3148 4824 3468 4896 αἰνίγματα.
3517 4812 3718 4871 Οὐκοῦν
3749 4807 3801 4899 το

2238 4897 2375 4992 βαθὺ
2400 4897 2495 4973 καὶ
2518 4897 2683 4973 οἱονεὶ
2717 4918 2886 4990 μέλαν
2910 4917 3019 4973 τῶν
3044 4917 3137 4970 ἐπὶ
3165 4915 3403 4989 Χριστοῦ
3434 4897 3801 4992 δογμάτωνντδ

2237 4990 2396 5084 φαιὸν
2420 5015 2554 5085 ἡμῖν
2590 5012 2961 5066 ὑπαινὴτεται
2989 5011 3209 5082 χρῶμα.
3261 5007 3336 5063 Τδ
3384 5006 3443 5060 δέ
3476 5020 3536 5073 γε
3571 4990 3801 5068 λαμπρὸν

2236 5108 2333 5162 καὶ
2371 5107 2647 5177 οἱονείπερ
2680 5105 2937 5176 διαφανὲς
2957 5145 2971 5169 ,
3002 5105 3063 5157 τὸ
3092 5104 3170 5167 ὡς
3199 5103 3258 5156 ὲν
3301 5100 3484 5172 ἔργοις
3521 5091 3657 5164 φημὶ
3702 5087 3800 5177 τοῖς

2236 5200 2356 5253 κατ’
2400 5197 2682 5251 εύσέόειαν
2729 5195 3042 5268 παραθήσει
3084 5194 3146 5247 16
3184 5194 3407 5263 ἕτερον,
3447 5185 3714 5243 τουτέστι,
3747 5173 3799 5227 τὸ

2235 5291 2449 5344 λευκόν.
2499 5289 2789 5362 Τοιγάρτοι
2829 5288 2925 5341 καὶ
2972 5288 3000 5340 6
3040 5287 3257 5342 πάντων
3293 5280 3568 5348 Δεσπότης
3612 5273 3704 5342 τὴν
3747 5269 3797 5319 ἐν

2235 5380 2457 5453 Χριστῷ
2517 5379 2756 5443 πίστεως
2812 5378 3082 5449 κάθαρσιν
3137 5371 3586 5449 προκαταμηνύει
3640 5363 3795 5453 λέγων

2234 5449 2324 5528 διξὶ
2370 5449 2470 5543 τῆς
2526 5471 2621 5526 τοῦ
2675 5474 2957 5543 προφήτου
3018 5472 3236 5540 φωνῆς·
3296 5488 3315 5521 ι
3382 5463 3595 5536 Μάθετε
3651 5449 3794 5509 καλὸν

2234 5567 2448 5632 ποιεῖν,
2493 5564 2835 5636 ὲκζητήσατε
2880 5563 3102 5635 κρίσιν,
3144 5558 3383 5633 ῥύσασθε
3431 5550 3790 5621 ἀδικούμενον»

618 5749 642 5778 ⁸
665 5748 818 5807 Joan.
846 5716 953 5817 1,5.
1028 5751 1049 5785 ’
1077 5749 1340 5817 Zach.m,
1376 5749 1428 5802 7.
1510 5747 1554 5779 λθ
1579 5745 1601 5802 Ι
1629 5745 1756 5802 Cor.
1796 5744 1946 5807 1.26.
1971 5745 2060 5800 27.
2144 5743 2185 5776 “
2212 5740 2353 5799 Psal.
2418 5756 2546 5807 xvn,
2594 5741 2681 5795 12.
2760 5738 2996 5796 “Eeeli.
3028 5753 3211 5804 usus,
3243 5736 3268 5792 ί
3304 5746 3460 5804 seqq.
