4034 6464
340 310 415 373 57
1244 276 1251 293 '
1343 291 1872 354 CLAPHY—RORUM
1910 289 1977 346 IN
2021 286 2326 347 GENESIM
2367 287 2496 343 LlB.
2541 287 2603 342 v.

3526 294 3635 351 238

300 437 541 509 κρίνατε
569 429 795 504 ὀρφανῷ
819 471 833 495 ,
868 426 969 481 καί
1000 422 1327 479 δικαιώσατε
1357 422 1554 493 χήραν,
1611 413 1924 509 tul-6261:,

2039 422 2153 468 cate
2186 411 2417 482 pupillo,
2476 418 2532 465 et
2567 406 2865 481 inatiﬁcate
2917 406 3160 473 viduam,
3215 420 3273 465 et
3323 412 3528 479 venite,
3578 427 3635 469 et

299 500 403 578 καὶ
440 500 855 593 διαλεχθῶμεν,
910 518 1063 585 λέγει
1114 515 1344 588 Κύριος.
1395 511 1506 566 Kal
1550 508 1648 562 ἐὰν
1687 500 1824 561 ὦσιν
1871 504 1927 557 αἱ

301 619 591 688 ἁμαρτιαι
644 611 801 684 ὑμῶν
850 613 929 677 ὡς
977 608 1282 681 φοινικοῦν,
1328 606 1405 670 ὡς
1455 602 1610 676 χιόνα
1655 597 1924 688 λευκανῶ.

272 726 287 777 ι
313 687 449 763 Ἐάν
470 706 520 760 δ’
548 700 687 760 ὦσιν
715 706 792 767 ὡς
813 703 1092 766 κόκκινον,
1116 700 1193 765 ὡς
1219 701 1367 772 ἔριον
1390 693 1660 750 λευκανῶ.
1695 711 1714 744 ι
1766 687 1929 743 Ἀπό-

300 802 494 856 λεκτοι
528 799 712 855 τοίνυν
739 799 837 853 καὶ
868 798 928 850 ὲν
949 796 1093 868 λόγῳ
1125 792 1205 866 τῷ
1229 790 1525 864 προῦχοντι
1562 785 1718 859 παρά
1751 801 1818 854 γε
1849 780 1929 853 τῷ

301 897 539 951 πάντων
572 893 795 964 Σωτῆρι
824 889 1051 963 Χριστῷ
1082 889 1132 942 οἱ
1168 885 1430 957 δευτέραν
1472 883 1572 954 μὲν
1616 879 1834 951 ἔχοντες
1872 878 1931 931 ἐν

303 989 385 1060 τῷ
417 988 622 1059 κόσμῳ
653 986 834 1053 τάξιν.
886 981 1207 1052 Τεθειμένοι
1237 978 1294 1032 δὲ
1321 975 1514 1048 ὥσπερ
1556 972 1689 1044 παρ’
1735 969 1931 1032 ἄλλους

305 1083 365 1134 ἐν
400 1080 651 1151 μείοσιν,
679 1079 779 1132 καὶ
806 1079 867 1130 ὲν
907 1074 1033 1146 δόξῃ
1068 1068 1585 1140 πλεονεκτούμενοι,
1616 1065 1932 1137 κατερῥαμ-

310 1169 469 1240 μένοι
498 1167 560 1221 δὲ
582 1165 779 1237 ὥσπερ
803 1165 900 1219 καὶ
925 1163 985 1217 τὸ
1015 1160 1259 1216 ποικίλον
1282 1158 1500 1230 ἔχοντες
1530 1153 1737 1226 νοητῶς
1765 1153 1842 1216 ὼς
1871 1151 1931 1204 ὲν

308 1262 474 1332 βάθει
507 1260 806 1331 δογμάτων
836 1258 947 1311 τῶν
977 1257 1109 1328 περὶ
1137 1252 1274 1308 Θεοῦ
1297 1293 1312 1318 ,
1348 1252 1443 1307 καὶ
1474 1250 1567 1305 τὸν
1599 1251 1716 1312 τοῖς
1748 1246 1931 1308 ἄλλοις

303 1355 623 1426 ἀσυμφανῆ
658 1348 1167 1412 καταπλουτοῦντες
1197 1346 1379 1415 λόγον,
1413 1341 1739 1414 φαιδρότητί
1772 1356 1831 1392 τε
1862 1339 1929 1408 τῇ

302 1448 435 1503 κατ’
473 1447 769 1501 εὐσέϐειαν
799 1440 861 1499 εὖ
897 1443 1045 1516 μάλα
1073 1442 1425 1513 διαπρεπεῖς.
1462 1434 1674 1492 Μισθὸν
1712 1435 1811 1506 μὲν
1839 1429 1934 1488 οὖν

314 1541 531 1596 Ἰακὼϐ
560 1540 631 1593 τὰ
664 1536 1125 1610 κατερραμμένη..
1159 1535 1297 1589 Τίνα
1322 1532 1380 1586 δὲ
1409 1531 1613 1604 τρόπον
1641 1526 1934 1597 κατεσοφί-

302 1632 440 1695 ζετο
485 1634 590 1706 μὲν
635 1631 729 1685 τὸν
776 1630 993 1694 Λάϐαν,
1046 1626 1280 1682 πλεῖστα
1306 1625 1362 1679 δὲ
1393 1624 1497 1679 ὅσα
1530 1621 1600 1675 τὰ
1642 1618 1934 1692 αἱρεθέντα

302 1729 482 1790 ποιεῖ,
516 1720 1099 1792 πολυπραγμονῶμεν,
1128 1719 1178 1772 εί
1203 1716 1373 1779 δοκεῖ,
1400 1715 1494 1768 καὶ
1524 1712 1587 1777 ἐξ
1607 1709 1789 1765 αὐτῶν
1809 1708 1935 1762 ἀνα-

2031 503 2427 574 disceptemus,
2456 502 2591 558 dicit
2615 502 2901 558 Dominus.
2937 501 2995 557 Si
3015 518 3150 558 vero
3174 502 3385 560 fuerint
3408 514 3635 576 peccata

2029 607 2216 653 vestra
2247 606 2309 652 ut
2349 597 2663 664 coccinum,
2685 600 2845 669 quasi
2874 600 2971 654 nix
3007 599 3420 655 dealbabuntur
3455 618 3468 654 :
3505 602 3632 657 etsi

2030 688 2241 743 fuerint
2294 690 2461 744 rubra
2512 689 2671 760 quasi
2714 691 3090 755 vermiculus,
3124 691 3278 747 velut
3327 692 3453 748 alba
3508 694 3636 751 lana

2028 780 2278 837 erunt".
2319 801 2337 833 ι
2378 782 2588 837 Delecti
2632 783 2804 855 igitur
2844 783 3157 855 majorique
3188 784 3247 840 in
3285 785 3467 856 pretio
3507 795 3638 842 sunt

2032 874 2180 944 apud
2201 874 2453 929 omnium
2479 874 2824 933 Salvatorem
2848 876 3157 943 Christum,
3175 878 3271 950 qui
3298 879 3635 937 deteriorem

2033 971 2093 1025 in
2129 967 2341 1024 mundo
2388 967 2574 1024 locum
2604 970 2881 1037 obtinent,
2940 982 2997 1028 et
3026 972 3082 1027 in
3140 972 3394 1029 inferiori
3439 975 3637 1030 ordine

2032 1078 2148 1135 prae
2187 1062 2314 1118 aliis
2373 1062 2653 1129 collocati,
2709 1063 2997 1135 gloriaque
3036 1066 3320 1138 superati;
3369 1069 3635 1125 maculosi

2032 1170 2170 1212 vero
2207 1156 2640 1227 quodammodo,
2666 1166 2723 1213 et
2745 1158 3107 1229 spiritualiter
3129 1161 3394 1233 variegati
3417 1163 3473 1217 in
3503 1177 3635 1234 pro-

2034 1249 2307 1307 funditate
2333 1252 2654 1322 dogmatum
2685 1250 2755 1305 de
2778 1251 2913 1319 Deo,
2941 1267 3314 1324 sermoneque
3335 1254 3456 1312 aliis
3480 1255 3636 1312 inco-

2028 1336 2189 1418 gnito
2226 1344 2570 1416 locupletati,
2612 1352 2665 1400 et
2701 1343 2999 1415 splendore
3048 1346 3273 1415 pietatis
3323 1345 3633 1418 conspicui.

2037 1438 2249 1494 Merces
2279 1438 2465 1509 itaque
2480 1437 2661 1515 Jacob
2684 1436 2838 1492 varia
2860 1446 2918 1494 et
2960 1438 3263 1494 maculosa.
3289 1438 3411 1506 Quo
3449 1449 3637 1496 autem

2034 1539 2197 1603 pacto
2220 1530 2505 1602 deceperit
2550 1530 2762 1598 Laban,
2810 1531 3109 1603 omniaque
3143 1546 3269 1604 quae
3284 1533 3525 1590 voluerit
3555 1534 3637 1589 fe-

2035 1625 2194 1690 cerit,
2226 1624 2595 1696 inquiramus,
2626 1624 2671 1679 si
2697 1624 2895 1696 placet,
2944 1634 3115 1697 atque
3163 1640 3234 1682 ex
3284 1626 3423 1698 ipsis
3464 1629 3642 1684 sacris

2036 1717 2265 1774 Litteris
2285 1717 2584 1773 discamus.
2608 1718 2688 1774 Ita
2717 1718 2869 1774 enim
2893 1719 3132 1775 habent:
3163 1738 3181 1771 ι
3204 1720 3435 1792 Accepit
3451 1729 3638 1777 autem

304 1781 589 1891 μάθωμεν
621 1781 735 1871 τῶν
768 1781 932 1887 ιερῶν
976 1781 1351 1885 Ϋραμμάτων.
1389 1809 1545 1879 Ἔχει
1577 1805 1690 1876 γὰρ
1717 1802 1892 1867 οὕτως
1911 1818 1925 1832 ·

2039 1809 2207 1865 Jaeob
2233 1810 2444 1881 virgam
2465 1801 2761 1881 populeam
2786 1810 3045 1878 viridem,
3076 1819 3132 1867 et
3165 1827 3422 1880 nuceam,
3443 1820 3501 1869 et
3518 1813 3638 1885 pla-

307 1931 331 1964 ι
376 1910 589 1965 Ἐλαϐε
628 1910 687 1964 δὲ
729 1905 915 1976 ἑαυτῷ
961 1903 1160 1960 Ἰακὼϐ
1196 1902 1396 1975 ῥάϐδον
1431 1899 1765 1972 στυρακίνην
1789 1897 1930 1969 χλω-

310 2002 435 2073 ρὰν.
465 2000 565 2053 καὶ
586 2000 882 2070 καρυῖνην,
919 2001 1013 2050 καὶ
1048 1994 1355 2050 πλατάνου.
1396 1990 1510 2046 Kal
1542 1990 1799 2044 ὲλέπισεν
1834 1988 1931 2042 αὒ-

311 2095 413 2157 τᾶς
450 2091 660 2147 Ἰακὼϐ
686 2091 1003 2159 λεπίσματα
1028 2088 1220 2152 λευκὰ,
1252 2086 1572 2159 περισύρων
1599 2084 1661 2139 τὸ
1695 2083 1927 2155 χλωρόν.

328 2183 621 2254 Ἐφαίνετο
648 2182 708 2237 δὲ
754 2182 850 2237 ἐπὶ
875 2182 999 2244 ταῖς
1034 2178 1254 2252 ῥάϐδοις
1298 2178 1362 2231 τὸ
1392 2177 1611 2241 λευκὸν,
1640 2176 1669 2229 ὃ
1710 2175 1931 2229 ὲλέπισε

310 2278 587 2331 ποικίλον.
625 2276 739 2330 Kal
770 2274 1059 2345 παρέθηκε
1103 2272 1204 2336 τὰς
1255 2270 1509 2343 ῥάϐδους,
1546 2269 1614 2335 ἃς
1656 2268 1929 2330 ὲλέπισεν,

306 2372 369 2423 ἑν
394 2372 521 2433 ταῖς
550 2368 741 2438 ληνοῖς
779 2365 893 2420 τῶν
926 2363 1299 2435 ποτιστηρίων
1341 2361 1437 2417 τοῦ
1468 2360 1695 2426 ὓδατος,
1720 2360 1833 2423 ἵνα,
1853 2357 1932 2422 ὡς

309 2459 379 2512 ἃν
431 2458 653 2512 ἒλθωσι“
679 2456 750 2510 τὰ
802 2454 1056 2527 πρόϐατα
1086 2456 1256 2517 πιεῖν,
1288 2453 1524 2506 ἐνώπιον
1563 2448 1674 2504 τῶν
1718 2448 1932 2521 ῥάϐδων

306 2551 587 2605 ἐλθόντων
628 2548 811 2603 αὐτῶν
852 2548 936 2611 εἰς
965 2547 1030 2599 τὸ
1060 2548 1230 2612 πιεῖν,
1261 2547 1641 2615 ἐγκισσὴσωσι
1688 2542 1759 2597 τὰ
1799 2541 1933 2614 πρό-

307 2645 457 2698 ϐατα
492 2646 579 2707 εἰς
612 2642 715 2707 τάς
748 2640 1001 2714 ῥάϐδους.
1038 2641 1149 2695 Καὶ
1176 2640 1390 2693 ἔτικτον
1424 2637 1496 2693 τὰ
1529 2637 1780 2711 πρόϐατα
1812 2635 1932 2691 διά-

304 2743 485 2796 λευκα
512 2783 529 2808 ,
567 2742 662 2795 καὶ
694 2738 944 2804 ποικίλα,
988 2737 1086 2792 καὶ
1131 2735 1416 2806 σποδοειδῆ
1460 2733 1653 2806 ραντά.
1696 2732 1836 2795 Τοὺς
1876 2732 1934 2786 δὲ

305 2837 527 2908 ἁμνοὺς
557 2832 856 2888 διέστειλεν
912 2829 1140 2896 Ἰακὼϐ,
1171 2830 1269 2883 καὶ
1300 2828 1497 2899 ἔθηκεν
1546 2827 1792 2882 ἐναντίον
1823 2823 1935 2878 τῶν

306 2925 616 2996 προϐάτων
651 2922 807 2994 κριὸν
836 2919 1145 2983 διάλευκον,
1177 2919 1274 2973 καὶ
1313 2921 1423 2973 πᾶν
1452 2916 1694 2971 ποικίλον
1731 2917 1789 2968 ὲν
1820 2916 1936 2976 τοῖς

306 3020 532 3089 ἀμνοῖς.
574 3016 686 3070 Kal
710 3016 1031 3087 διεχώρισεν
1069 3010 1254 3083 ἐαυτῷ
1288 3012 1521 3080 ποίμνια
1548 3008 1673 3063 καθ’
1712 3008 1932 3073 ἑαυτὸν,

305 3114 408 3167 καὶ
455 3112 561 3164 οὐκ
611 3109 802 3181 ἔμιξεν
849 3109 992 3162 αὑτά
1026 3109 1106 3171 εἰς
1151 3106 1222 3160 τὰ
1274 3105 1526 3177 πρόϐατα
1574 3101 1671 3156 τοῦ
1722 3103 1932 3156 Λάϐαν.

320 3208 583 3277 Ἐγένετο
603 3205 662 3258 δὲ
693 3208 751 3259 ἐν
784 3203 863 3275 τῷ
896 3194 1140 3274 καιρῷᾧ
1171 3199 1469 3254 ὲνεκίσσων
1497 3196 1564 3251 τά
1595 3195 1846 3268 πρόϐατα
1880 3197 1935 3247 ἐν

307 3302 524 3372 γαστρὶ
545 3298 926 3370 λαμϐάνοντα,
954 3296 1150 3367 ἔθηκεν
1189 3291 1387 3348 Ἰακὼϐ
1409 3291 1507 3355 τὰς
1531 3290 1762 3361 ῥάϐδους
1785 3290 1937 3343 ὲναν-

307 3396 433 3449 τίον
469 3393 581 3447 τῶν
612 3392 907 3464 προϐάτων
951 3393 1010 3444 ὲν
1058 3390 1179 3452 ταῖς
1214 3387 1421 3457 ληνοῖς,
1461 3383 1555 3437 τοῦ
1603 3382 1935 3453 ὲγκισσῆσαι

310 3488 461 3544 αὐτὰ
491 3487 639 3541 κατὰ
674 3484 775 3548 τὰς
810 3482 1064 3554 ῥάϐδους.
1108 3480 1306 3535 Ἠνίκα
1327 3479 1385 3533 δὲ
1413 3476 1480 3533 ἂν
1515 3476 1670 3530 ἔτεκε
1706 3473 1773 3530 τὰ
1802 3474 1933 3546 πρό-

313 3581 465 3638 ϐατα
484 3623 501 3647 ,
534 3580 641 3633 οὐκ
664 3577 857 3632 ἐτίθει.
899 3578 1150 3645 Ἐγένετο
1174 3573 1231 3628 δὲ
1257 3572 1327 3626 τὰ
1356 3571 1551 3642 ἄσημα
1577 3567 1682 3623 ’τοῦ
1724 3567 1933 3630 Λάϐαν,

308 3672 390 3728 τὰ
425 3672 486 3726 δὲ
519 3669 775 3741 ἐπίσημα
803 3665 898 3745 τοῦ
942 3665 1159 3723 Ἰακώϐ·
1189 3664 1286 3720 καὶ
1314 3661 1652 3731 ὲπλούτησεν
1677 3663 1704 3714 ὁ
1728 3658 1938 3731 ἄνθρω-

312 3783 419 3830 πος
455 3763 666 3835 σξόδρα
693 3760 923 3834 σφόδρα.
963 3780 981 3813 ι
1010 3757 1346 3830 Ποιμενιικῆς
1375 3756 1472 3827 μὲν
1501 3750 1594 3808 οὖν
1622 3752 1937 3823 ἐπιστήμης

311 3861 378 3914 τὸ
409 3858 621 3913 εἰδέναι
646 3856 851 3928 φαμὲν,
879 3856 963 3909 ὃτι
990 3856 1105 3918 τοῖς
1127 3851 1429 3928 ὁρωμένοις
1449 3849 1518 3903 τά
1551 3846 1768 3920 ἐμφερῆ
1798 3845 1935 3900 πάν-

308 3970 429 4008 των
458 3968 520 4005 τε
552 3950 650 4004 καὶ
681 3950 901 4014 πάντως
934 3947 1257 4002 ἁποτέκοιεν
1294 3943 1363 3999 ἂν
1398 3942 1510 4007 bis;
1540 3958 1601 3996 τε
1631 3942 1724 3995 καὶ
1756 3933 1932 4006 αἶγες,

311 4046 414 4100 καὶ
465 4046 585 4108 τοῖς
632 4041 745 4096 τῶν
793 4039 1264 4113 παραπιπτόντων
1318 4036 1579 4107 χρώμασι
1622 4033 1818 4102 γένοιτ’
1869 4032 1934 4099 ἂν

312 4136 553 4210 ὁμοειδῆ
574 4136 646 4190 τά
668 4134 729 4200 ἐξ
747 4133 951 4201 αὐτῶν,
969 4134 1019 4187 εἱ
1049 4134 1107 4187 ὲν
1131 4130 1212 4203 τῷ
1237 4130 1431 4201 κιττᾷν
1451 4127 1728 4182 θεάσαιτο.
1748 4123 1934 4178 Ἕοικε

307 4231 372 4287 δέ
404 4247 530 4293 πως
560 4231 675 4293 τοῖς
707 4227 849 4283 κατὰ
879 4226 1044 4297 φύσιν
1076 4226 1141 4279 τὸ
1179 4224 1372 4297 χρῆμα
1412 4218 1812 4292 κατορθοῦσθαι
1850 4218 1936 4272 νό-

317 4340 471 4396 μοις.
522 4322 781 4395 Ἀῥρητα
817 4319 876 4375 δὲ
922 4319 993 4373 τὰ
1038 4315 1267 4372 τοιαῦτα
1312 4312 1597 4377 παντελῶς
1620 4352 1635 4377 ,
1676 4310 1772 4364 καὶ
1814 4310 1936 4371 ταῖς

316 4416 630 4489 ἡμετέραις
673 4414 908 4477 ἐννοίαις
952 4409 1177 4480 ἀστιϐῆ.
1242 4406 1547 4463 ’Δπόλεκτα
1587 4404 1645 4459 δὲ
1692 4402 1763 4456 τὰ
1799 4418 1935 4455 σπο-

2037 1903 2176 1967 tani,
2216 1910 2275 1958 et
2308 1903 2675 1960 decorticavit
2712 1903 2796 1960 eis
2836 1904 3010 1961 Jacob
3041 1906 3277 1961 cortices
3330 1906 3504 1974 albas,
3533 1906 3643 1964 cir-

2038 1997 2382 2052 cumvellens
2401 1996 2600 2052 viride.
2630 1996 2904 2067 Apparuit
2931 2007 3119 2054 autem
3140 1998 3199 2053 in
3221 1998 3392 2071 virgis
3426 1999 3638 2067 album,

2024 2090 2188 2160 'quod
2225 2089 2624 2157 decorticavit,
2664 2092 2902 2158 Varium,
2954 2100 3011 2147 et
3031 2093 3219 2163 posuit
3278 2094 3466 2164 virgas
3503 2109 3645 2165 quas

2038 2183 2442 2250 decorticavit,
2491 2183 2549 2238 in
2591 2184 2881 2239 canalibus
2928 2186 3269 2241 concharum
3299 2203 3493 2258 aquae,
3547 2195 3639 2253 ut,

2039 2292 2169 2332 cum
2215 2279 2476 2335 venirent
2528 2294 2661 2335 oves
2713 2279 2781 2334 ad
2825 2279 3171 2344 bibendum,
3231 2281 3290 2335 in
3340 2290 3641 2352 conspectu

2039 2368 2319 2440 virgarum
2350 2369 2706 2426 venientibus
2739 2362 2872 2439 l'psis
2912 2369 2980 2425 ad
3006 2369 3340 2438 bibendum,
3388 2371 3647 2442 concipe-

2040 2471 2170 2518 rent
2187 2477 2320 2519 oves
2342 2463 2411 2519 ad
2435 2463 2637 2534 virgas.
2668 2464 2737 2519 Et
2757 2472 3099 2535 pepererunt
3128 2478 3260 2519 oves
3294 2464 3556 2521 subalbas
3588 2474 3648 2520 et

2039 2556 2243 2621 varias,
2274 2556 2622 2613 etcineratas
2653 2570 2889 2627 sparsas.
2922 2555 2993 2610 At
3020 2570 3191 2627 agnos
3230 2558 3509 2627 separavit
3550 2557 3646 2614 Ja-

2040 2648 2167 2716 cob,
2199 2659 2256 2705 et
2276 2648 2461 2720 posuit
2490 2662 2679 2705 coram
2717 2647 2916 2704 ovibus
2946 2648 3175 2704 arietem
3201 2649 3497 2705 subalbum
3519 2692 3533 2714 ,
3590 2662 3648 2706 et

2042 2756 2207 2797 omne
2236 2742 2450 2796 varium
2476 2740 2534 2795 in
2569 2741 2743 2812 agnis.
2783 2740 2853 2796 Et
2880 2742 3157 2811 separavit
3195 2742 3302 2797 sibi
3327 2759 3520 2816 greges
3548 2760 3649 2817 per

2042 2833 2307 2904 seipsum,
2341 2842 2399 2889 et
2419 2849 2533 2889 non
2560 2833 2789 2890 miscuit
2809 2849 2905 2889 eos
2921 2849 3049 2890 cum
3071 2835 3272 2891 ovibus
3297 2834 3506 2891 Laban.
3540 2837 3645 2893 Fa-

2042 2932 2194 2978 ctum
2228 2931 2523 2979 estautcm
2549 2924 2605 2978 in
2658 2933 2907 2994 tempore
2949 2940 3062 2995 quo
3085 2934 3466 2996 conccperunt
3513 2943 3649 2984 oves

2044 3018 2099 3072 in
2129 3026 2287 3072 utero
2321 3017 2677 3088 accipientes,
2706 3017 2891 3088 posuit
2911 3014 3084 3074 Iacob
3112 3017 3296 3090 virgas
3318 3034 3505 3075 coram
3531 3021 3651 3077 ovi-

2044 3110 2149 3165 bus
2178 3109 2235 3165 in
2264 3111 2571 3175 canalibus,
2592 3110 3025 3179 utconciperent
3048 3109 3179 3182 ipsa:
3204 3112 3510 3168 secundum
3530 3115 3648 3170 vir-

2045 3216 2159 3271 gas.
2195 3199 2428 3268 Quando
2465 3207 2652 3255 autem
2702 3199 2993 3271 pariebant
3028 3216 3183 3267 oves,
3238 3217 3351 3257 non
3384 3201 3647 3273 ponebat.

2047 3294 2211 3348 Facta
2243 3302 2375 3349 sunt
2398 3301 2583 3348 autem
2621 3309 2730 3349 non
2752 3293 2964 3365 signata
2990 3292 3203 3358 Laban,
3234 3300 3289 3349 at
3318 3293 3529 3366 signata
3553 3295 3650 3351 Ja-

2042 3385 2169 3441 cob.
2198 3386 2266 3440 Et
2300 3386 2507 3441 ditatus
2530 3395 2616 3442 est
2647 3386 2815 3442 homo
2842 3384 3003 3441 valde
3047 3385 3218 3441 nimis
3242 3386 3306 3441 ".
3343 3405 3362 3438 ι
3397 3386 3646 3443 Pastori-

2046 3477 2137 3531 tiae
2164 3476 2335 3547 igitur
2381 3476 2626 3532 scientia:
2654 3484 2740 3532 est
2769 3477 2938 3537 scire.
2963 3476 3212 3547 inquam,
3253 3476 3401 3548 quod
3428 3494 3562 3535 oves
3590 3487 3651 3534 et

2044 3586 2224 3641 caprae
2245 3569 2456 3626 similes
2482 3569 2643 3641 plane
2679 3569 2827 3625 fetus
2859 3568 2931 3624 iis
2962 3569 3131 3624 rebus
3169 3584 3309 3640 quas
3349 3570 3644 3637 vidissent,

2044 3670 2345 3734 parerent,
2402 3672 2459 3719 et
2495 3662 2843 3735 obiectorum
2895 3676 3019 3732 qua:
3059 3678 3252 3718 earum
3296 3664 3475 3730 visui,
3513 3664 3647 3721 dum

2045 3755 2424 3827 conciperent,
2473 3762 2870 3819 occurrerent,
2900 3754 3118 3810 colores
3150 3770 3265 3825 prae
3308 3769 3367 3811 se
3411 3754 3646 3812 ferrent.

2045 3847 2280 3904 Videtur
2311 3855 2499 3902 autem
2540 3846 2594 3901 id
2625 3845 2865 3901 naturali
2886 3845 3124 3917 quadam
3150 3846 3269 3919 lege
3302 3848 3647 3921 contingere.

2043 3941 2114 3997 At
2132 3956 2264 3996 vero
2289 3938 2608 4012 hujusmodi
2638 3939 2811 3994 nullis
2834 3938 3023 3994 verbis
3077 3939 3347 4010 explicari
3391 3948 3646 4012 possunt,

2047 4050 2231 4106 neque
2257 4033 2458 4090 mentis
2484 4038 2687 4090 nostra:
2715 4031 2865 4087 acies
2894 4045 2964 4086 eo
2989 4032 3273 4104 pertingit.
3307 4032 3479 4090 Iacob
3513 4050 3649 4091 vero
3750 4032 3756 4039 ’

2042 4128 2269 4185 divinus
2291 4141 2487 4182 rursus
2518 4125 2765 4182 einerata
2827 4131 2885 4180 et
2911 4139 3136 4196 aspersa
3169 4126 3325 4198 juxta
3374 4129 3647 4187 visionem

2043 4224 2289 4280 divinam
2317 4220 2541 4292 delegit.
2581 4218 2745 4291 “.8
2787 4217 2935 4273 Dixit
2968 4218 3119 4274 enim
3147 4219 3351 4275 alicubi
3380 4220 3449 4276 ad
3487 4219 3645 4277 Liam

2042 4324 2101 4372 et
2137 4315 2392 4371 Rachel:
2435 4333 2453 4366 ι
2508 4313 2579 4368 Ει
2631 4312 2839 4367 factum
2881 4318 2987 4377 est,
3019 4312 3242 4382 quando
3269 4326 3648 4384 conceperunt

2045 4416 2207 4465 utero
2249 4421 2403 4471 oves,
2432 4413 2490 4461 et
2527 4404 2643 4460 vidi
2671 4402 2846 4458 oculis
2874 4402 3017 4459 meis
3071 4403 3128 4458 in
3159 4418 3387 4471 somno,
3418 4412 3475 4461 et
3514 4421 3647 4463 ecce

312 4508 505 4580 δοειδῆ
534 4508 632 4562 καὶ
658 4502 1099 4579 κατερῥαμμένα
1128 4500 1273 4556 κατὰ
1307 4499 1459 4555 θείαν
1488 4496 1674 4570 ὀμφὴν
1697 4496 1933 4549 ἐποιεῖτο

2045 4499 2185 4556 hirci
2212 4506 2270 4555 et
2300 4498 2507 4553 arietes
2532 4502 2693 4553 erant
2727 4493 3094 4551 ascendentes
3118 4510 3289 4566 super
3325 4510 3458 4552 oves
3473 4505 3529 4552 et
3557 4514 3649 4555 ca-

315 4600 493 4656 πάλιν
516 4600 548 4653 ό
577 4597 868 4660 θεσπέσιος
899 4592 1121 4650 Ἰακώϐ.
1155 4592 1300 4662 Ἔφη
1326 4591 1437 4662 γάρ
1468 4605 1572 4642 που
1602 4585 1742 4658 πρὸς
1771 4585 1936 4640 Λείαν

313 4712 380 4750 τε
408 4693 510 4748 καὶ
550 4691 760 4764 Ραχήὶυ
794 4709 814 4744 ι
832 4689 944 4744 Kal
962 4688 1186 4773 ἐγένετο
1204 4685 1366 4759 ἡνίκα
1395 4682 1693 4773 ἑνεκίσσων
1718 4680 1789 4773 τὰ
1801 4679 1939 4773 πρό-

318 4787 472 4841 ϐατα
501 4787 563 4839 ἐν
588 4784 793 4855 γαστρὶ⁸
832 4770 1190 4853 λαμϐάνοντα
1209 4820 1225 4840 ,
1262 4776 1362 4832 καὶ
1399 4770 1542 4830 εἶδον
1578 4775 1694 4837 τοῖς
1730 4770 1939 4843 ὀφθαλ-

2044 4607 2193 4664 pras,
2211 4589 2428 4646 subalbi
2456 4597 2513 4645 et
2530 4587 2692 4653 varii,
2712 4587 3123 4658 cineratiqueet
3144 4587 3405 4659 respersi;
3429 4597 3486 4645 et
3509 4589 3650 4646 dixit

2045 4684 2181 4740 mihi
2210 4680 2443 4753 angelus
2483 4678 2583 4735 Dei
2639 4679 2696 4734 in
2736 4692 2932 4735 somno
2973 4677 3209 4760 :Jacob.
3240 4679 3311 4733 Et
3360 4679 3644 4750 respondi,

2043 4774 2190 4844 Quid
2238 4773 2369 4830 est?
2394 4771 2464 4828 Et
2486 4770 2627 4827 dixit
2650 4769 2789 4825 mihi
2827 4786 2840 4823 ι
2877 4768 3112 4841 Respice
3160 4770 3340 4827 oculis
3388 4772 3501 4827 tuis
3523 4814 3539 4840 ,
3590 4779 3649 4826 et

320 4882 453 4952 μοῖς
487 4895 594 4949 μου
615 4880 674 4931 ὲν
698 4876 779 4949 τῷ
800 4874 979 4947 ὕπνῳ.
1010 4872 1124 4928 Kal
1151 4871 1261 4926 ἰδοὺ
1292 4872 1341 4925 οἱ
1370 4869 1566 4941 τράγοι
1594 4866 1693 4921 καὶ
1716 4868 1767 4920 oi.
1791 4865 1933 4938 κριοὶ

2047 4867 2178 4923 vide
2204 4865 2394 4921 hircos
2417 4870 2477 4918 et
2505 4862 2713 4918 arietes
2732 4860 3100 4917 ascendentes
3122 4877 3289 4933 super
3311 4877 3445 4952 oves
3467 4869 3525 4918 et
3548 4878 3645 4919 ca-
3688 4872 3697 4881 ’

313 4971 718 5036 ἀναϐαίνοντες
764 4966 910 5043 ἦσαν
943 4968 1037 5023 ἰπὶ
1078 4966 1180 5030 τὰς
1211 4960 1377 5034 αἶγας
1416 4961 1609 5017 καὶτὰ
1653 4959 1935 5032 πρόϐατα,

313 5067 600 5122 διάλευκοι
630 5067 726 5120 καὶ
764 5063 1039 5131 ποικίλοι,
1071 5062 1170 5116 καὶ
1206 5057 1533 5121 σποδοειδείς
1568 5053 1773 5128 ῥαντοί.
1829 5055 1938 5108 Kal

314 5155 448 5214 εἷπέ
498 5175 592 5229 μοι
624 5159 655 5212 ό
704 5155 941 5227 ἄγγελος
983 5153 1081 5209 τοῦ
1125 5150 1262 5208 Θεοῦ
1308 5149 1430 5205 καθ’
1472 5149 1640 5202 ὕπνον
1660 5162 1674 5177 ·
1716 5145 1933 5202 Ἰακώϐ.

2047 4977 2200 5034 pras,
2225 4958 2509 5022 subalbos,
2530 4956 2738 5019 varios,
2757 4954 3037 5011 cineratos
3065 4964 3124 5011 et
3145 4970 3367 5026 sparsos
3392 4957 3454 5010 “.
3478 4976 3495 5008 ι
3519 4956 3647 5016 Haec

2046 5055 2215 5126 igitur
2235 5052 2310 5107 ait
2327 5065 2481 5107 sacra
2498 5047 2806 5119 Scriptura.
2839 5045 3114 5103 Caeterum
3129 5062 3251 5119 age,
3273 5049 3646 5118 praetermisso

2046 5145 2248 5202 humili
2271 5143 2521 5199 historiae
2551 5155 2742 5207 sensu,
2776 5139 2845 5195 ad
2864 5137 3137 5211 spiritalia
3172 5139 3641 5198 conscendamus.

327 5247 481 5322 Ἐγὼ
508 5251 569 5304 δὲ
598 5247 733 5304 εἶπα
752 5265 767 5280 ο
800 5248 868 5303 Τί
897 5249 1047 5313 ὲστις
1089 5246 1204 5299 Kal
1253 5240 1426 5298 εἶπεψ
1469 5240 1802 5312 Ἀνάϐλεψον
1830 5242 1943 5304 τοῖς
1981 5238 2284 5309 ὀφθαλμοῖς
2340 5252 2460 5300 σου,
2481 5235 2577 5290 καὶ
2614 5233 2699 5289 ίδὶ
2727 5233 2857 5297 τοὺς
2885 5232 3149 5304 τράγους,
3175 5233 3272 5287 καὶ
3305 5234 3431 5298 τοὺς
3456 5236 3647 5306 κριοὺς

316 5344 724 5407 ἀναϐαίνοντας
759 5341 856 5394 ἐπὶ
884 5339 954 5392 τά
981 5337 1236 5411 πρόϐατα
1269 5337 1366 5392 καὶ
1409 5336 1511 5399 τὰς
1537 5331 1699 5404 αἶγας
1724 5333 2069 5400 διαλεύκους,
2096 5333 2194 5388 καὶ
2245 5330 2560 5394 ποικίλους,
2605 5329 2701 5383 καὶ
2739 5327 3072 5394 σποδοειδεῖς
3115 5330 3368 5401 ῥαντούς.
3405 5351 3425 5385 ι
3470 5333 3643 5387 Ταυτὶ

322 5442 431 5514 μὲν
460 5433 558 5491 οὖν
584 5450 724 5506 φησι
756 5430 822 5486 τὸ
848 5429 1095 5501 Γράμμα
1126 5428 1190 5482 τὸ
1216 5427 1381 5498 ἱερόν.
1419 5424 1586 5482 Ἀλλά
1625 5425 1760 5499 φέρε
1791 5425 1892 5489 τῆς
1939 5422 2181 5495 ἱστορίας
2210 5422 2272 5477 τὸ
2300 5418 2584 5492 χθαμαλὸν
2646 5418 3045 5492 ὑποτρέχοντες
3065 5458 3081 5486 ,
3133 5420 3517 5497 άναϐαίνωμεν
3550 5426 3645 5481 ἐπὶ

318 5536 397 5591 τά
442 5523 830 5600 πνευματικά.

398 5628 468 5682 δ’.
500 5620 733 5683 Ῥάϐδος
751 5619 886 5688 ἡμῖν
905 5611 1329 5686 αἰνιγματωδῶς
1353 5610 1655 5682 ἐπιγράφει
1683 5610 1850 5665 πάλιν
1870 5607 1932 5663 τὸ

2106 5610 2161 5664 4.
2199 5607 2361 5679 Virga
2394 5606 2555 5663 nobis
2574 5604 2807 5679 ﬁgurate
2834 5608 3187 5667 adumbravit
3210 5610 3394 5666 denuo
3417 5608 3645 5663 Emma-

334 5692 725 5792 νεῖμμανουήλ.
759 5708 1092 5781 Ὠνόμασται
1125 5705 1358 5779 γὰρὼδὶ
1393 5704 1544 5776 παρὰ
1588 5705 1657 5775 τῇ
1697 5701 1933 5757 θεοπνεύη

2039 5700 2275 5756 nuelem.
2299 5699 2379 5756 lla
2397 5698 2547 5754 enim
2570 5698 2628 5755 in
2650 5698 2954 5773 Scripturis
2968 5711 3200 5761 vocatus
3219 5709 3326 5757 est.
3353 5719 3370 5751 ‹
3397 5699 3464 5755 Ει
3486 5715 3643 5771 egre-

408 5833 657 5899 "153.1,
698 5804 791 5892 l1,
824 5824 911 5879 l8.
1101 5824 1145 5856 ιθ
1178 5821 1462 5887 Gemma,
1521 5820 1610 5887 37,
1657 5818 1744 5872 45.
1824 5818 1866 5849 ¹³
1923 5816 2061 5872 Gen.
2119 5829 2266 5885 xxxi,
2313 5812 2498 5868 10-12.
