4034 6506
475 298 580 350 239

1509 294 1565 354 Β.
1608 299 1884 356 CYRILLI
1928 295 2407 353 ALEXANDRI'NI
2447 297 2764 352 ABCIHEP.

3685 295 3794 351 240

476 413 660 467 dietur
678 413 848 485 virga,
864 433 880 464 ι
911 413 1086 483 inquit
1113 413 1333 469 divinus
1352 413 1538 480 isaias,
1569 433 1586 464 ι
1609 430 1675 468 ex
1690 413 1872 468 radice
1891 413 2065 479 Jesse,

2174 447 2286 500 στῳ
2311 430 2523 501 Γραφῇ.
2561 430 2790 492 Ἡσαΐας
2819 429 2918 500 μὲν
2949 429 3056 500 γὰρ
3080 429 3107 482 6
3139 425 3431 490 θεσπέσιος
3451 444 3465 458 ο
3506 445 3526 477 t
3555 427 3669 480 Καὶ
3704 427 3790 492 ἐξ-

475 510 532 554 et
554 503 655 557 llos
685 503 754 557 de
781 503 965 558 radice
995 503 1206 557 orietur
1237 503 1300 555 ⁸⁵.
1337 521 1358 555 ι
1387 502 1469 558 Ad
1499 503 1780 558 caelestem
1804 518 1937 556 vero
1961 503 2064 556 Pa-

477 601 617 647 trem
645 610 709 649 ac
745 595 938 658 Deum,
972 595 1163 650 induta
1189 609 1422 664 persona
1453 594 1818 660 credentium,
1843 594 2067 650 divinus

475 683 648 738 David
683 686 950 741 exclamat
993 703 1004 738 :
1040 705 1058 737 (
1089 686 1250 756 Virga
1283 695 1377 738 tua
1417 693 1475 740 et
1507 685 1738 740 baculus
1781 698 1911 740 tuus
1952 686 2069 756 ipsa

479 791 565 831 me
591 779 870 832 consolata
890 785 1019 832 sunt
1047 778 1106 830 ⁸⁷.
1140 796 1158 827 ι
1191 776 1459 831 Solatium
1485 778 1632 832 enim
1657 779 1842 848 adepti
1879 793 2071 833 sumus

476 867 533 922 in
549 867 789 932 Christo,
815 876 872 922 et
894 867 1071 936 ipsum
1095 868 1350 922 columen
1378 879 1625 923 nostrum
1650 869 1899 924 fecimus.
1926 868 2071 923 Scri-

474 967 629 1028 ptum
657 968 743 1012 est
771 960 918 1014 enim
946 977 958 1012 :
993 979 1010 1010 ι
1055 958 1418 1015 Conﬁrmahit
1441 961 1619 1031 justos
1651 962 1915 1016 Dominus
1948 961 2010 1015 ³⁸.
2041 979 2061 1012 ι

394 1040 400 1044 ’
473 1051 646 1108 Nobis
662 1052 848 1122 itaque
869 1050 1050 1122 capris
1070 1053 1431 1108 rationalibus
1450 1054 1708 1124 gregibus
1725 1071 1822 1124 per
1843 1055 2070 1109 univer-

476 1159 598 1199 sum
635 1144 827 1198 orbem
860 1153 1155 1210 terrarum,
1181 1153 1347 1215 atque
1378 1143 1435 1199 in
1465 1152 1578 1200 toto
1610 1145 1835 1211 mundo,
1860 1147 2067 1217 virgam

480 1235 889 1306 quodammodo
915 1236 1211 1306 quamdam
1233 1235 1488 1292 Christus
1518 1237 1759 1307 seipsum
1786 1239 2062 1308 proponit.

474 1328 695 1398 Virgam
719 1336 904 1382 autem
927 1344 1038 1382 non
1065 1328 1408 1398 simpliciter,
1431 1329 1527 1383 sed
1551 1329 1861 1399 populeam,
1887 1337 1943 1384 et
1964 1346 2069 1384 nu-

471 1435 648 1484 ceam,
679 1435 741 1475 ac
781 1404 953 1474 veluti
989 1435 1058 1474 ex
1084 1421 1324 1490 platano.
1362 1421 1544 1476 Arbor
1573 1438 1706 1476 vero
1734 1421 1852 1476 haec
1881 1423 1938 1476 in
1976 1439 2064 1479 re-

471 1512 761 1567 ctitudinis
785 1513 1158 1568 testimonium
1185 1514 1428 1584 ponitur.
1462 1515 1702 1584 Populea
1734 1531 1868 1573 vero
1913 1532 2064 1572 mor-

473 1603 545 1658 tis
568 1604 784 1674 signum
808 1613 910 1660 est.
937 1605 1290 1660 Aromatibus
1311 1605 1459 1660 enim
1474 1611 1840 1662 'mortuorum
1867 1623 2066 1679 corpus

471 1704 730 1761 curatur;
767 1695 1154 1751 suavissimum
1197 1705 1379 1751 autem
1413 1705 1723 1752 aromatum
1767 1707 1852 1753 est
1887 1709 2064 1771 styra-

2172 519 2452 572 ελεύσεται
2467 520 2681 591 ῥάϐδος,
2701 520 2883 590 φησὶν,
2901 520 2964 571 ἐκ
2975 518 3074 586 τῆς
3093 517 3248 588 ῥίζης
3263 517 3490 581 Ἰεσσαὶ,
3513 517 3613 568 καὶ
3623 516 3787 580 ἄνθος

2174 613 2238 664 ἐκ
2266 615 2365 681 τῆς
2401 612 2554 684 ῥίζης
2586 611 2938 682 ἀναϐήσεται.
2975 629 2993 662 ι
3030 608 3174 678 Πρὸς
3211 607 3270 660 δέ
3297 623 3358 676 γε
3396 606 3496 659 τὸν
3528 608 3590 660 ἐν
3617 606 3786 674 ούρα-

2171 706 2283 768 νοῖς
2330 704 2549 774 Πατέρα
2581 705 2678 757 καὶ
2709 704 2867 769 Θεὸν,
2917 702 2979 755 τὸ
3023 701 3132 754 τῶν
3188 700 3571 754 πιστευόντων
3607 701 3785 770 πρόσ-

2175 813 2324 849 ωπον
2355 797 2554 860 ὑποδὺς
2604 797 2634 848 6
2679 795 2966 858 Θεσπέσιος
3013 795 3146 865 ἡμῖν
3193 790 3521 862 ἀνεφώνησε
3573 792 3781 846 Δαὸίδ·

2179 905 2199 938 ι
2240 888 2306 940 Ἦ
2327 888 2520 958 ῥάϐδος
2552 904 2646 940 σου
2677 888 2772 939 καὶ
2801 887 2834 957 ἡ
2861 885 3132 956 βακτηρία
3165 901 3260 937 σου
3285 923 3300 945 .
3328 877 3496 937 αὗταί
3533 900 3603 954 με
3635 901 3782 955 παρ-

2170 980 2457 1036 εκάλεσαν.
2508 997 2527 1029 ι
2583 976 3058 1048 Παρακεκλήμεθα
3099 977 3208 1047 γάρ
3242 977 3301 1028 ἐν
3349 973 3630 1046 Χριστῷ,
3686 975 3782 1029 καὶ

2169 1072 2332 1124 αὐτὸν
2400 1073 2634 1144 ἔρεισμα
2681 1069 3051 1140 πεποιήμεθα.
3106 1069 3427 1140 Γέγραπται
3488 1067 3648 1140 γὰρ,
3700 1068 3780 1121 ὅτι

2177 1180 2194 1211 ι
2264 1161 2680 1234 ’Υπερστερίσει
2716 1159 2844 1222 τοὺς
2894 1158 3136 1222 δικαίους
3166 1159 3195 1210 6
3231 1159 3473 1228 Κύριος.
3525 1175 3546 1208 θ
3616 1157 3779 1227 Ἡμῖν

2168 1249 2260 1308 οὖν
2289 1256 2515 1324 τράγοις
2544 1254 2782 1322 λογικοῖς
2821 1251 3104 1322 θρέμμασι
3146 1253 3260 1314 τοῖς
3294 1243 3638 1304 ἀνάπᾶσαν
3681 1250 3778 1320 τὴν

2167 1345 2518 1415 οἰκουμένην,
2556 1347 2651 1397 καὶ
2695 1346 2754 1396 ἐν
2790 1344 2898 1414 ὅλῳ
2945 1343 3025 1414 τῷ
3070 1343 3294 1412 κόσμῳ,
3331 1341 3537 1411 ῥάϐδον
3587 1340 3775 1415 ὥσπερ

2167 1439 2289 1492 τινὰ
2337 1439 2673 1510 παρατίθησι
2711 1437 2902 1492 ἐαυτὸν
2931 1439 2960 1491 6
2989 1437 3246 1507 Χριστός.
3303 1434 3538 1488 ἰ’άὸδον
3577 1435 3636 1488 δὲ
3678 1436 3776 1506 οὐχ

2169 1531 2378 1599 ἁπλῶς,
2408 1531 2543 1585 ἀλλὰ
2589 1531 2944 1602 στυρακίνην,
2977 1529 3073 1582 καὶ
3103 1529 3397 1600 καρυΐνην,
3444 1527 3545 1580 καὶ
3587 1527 3665 1590 ὡς
3713 1528 3776 1582 ἐκ

2167 1624 2473 1679 πλατάνου.
2508 1624 2680 1678 Φυτδν
2709 1623 2765 1676 δὲ
2787 1623 2880 1675 καὶ
2913 1621 3071 1675 τοῦτο
3103 1620 3213 1674 τῶν
3242 1622 3322 1685 είς
3354 1619 3642 1691 ὀρθότητα
3678 1637 3774 1690 με·

2170 1717 2640 1790 μαρτυρημένων·
2682 1715 2775 1769 καὶ
2821 1715 3050 1769 Θανάτου
3093 1714 3191 1784 μὲν
3240 1714 3275 1783 ἠ
3316 1712 3626 1785 στυρακίνη
3683 1730 3774 1786 ση-

471 1784 680 1839 cinuin.
715 1785 964 1840 Mortuus
1000 1802 1131 1840 vero
1162 1795 1246 1840 est
1287 1795 1514 1857 propter
1551 1804 1653 1843 nos
1690 1787 1963 1856 Christus,
2005 1799 2061 1845 et

2167 1784 2338 1882 μεῖον.
2357 1784 2652 1881 ’Ἄρώμασι
2678 1809 2788 1879 γὰρ
2812 1808 2872 1860 τὸ
2895 1806 3156 1877 τεθνηκὸς
3187 1805 3565 1876 θεραπεύεται
3593 1784 3768 1876 σῶμα,

470 1878 739 1946 sepultus,
763 1878 918 1948 juxta
947 1877 1260 1948 Scripturas
1286 1880 1351 1933 ¹⁹.
1374 1879 1538 1950 Virga
1558 1896 1691 1935 vero
1719 1897 1893 1936 nucea
1919 1883 2060 1954 vigi-

471 1968 651 2024 lantia:
674 1978 756 2023 est
780 1969 1016 2040 signum.
1043 1970 1175 2026 Tale
1199 1972 1346 2026 enim
1371 1973 1503 2042 quid
1527 1974 1851 2029 naturaliter
1876 1974 1931 2030 in
1957 1991 2059 2031 no-

469 2059 556 2115 bis
585 2069 863 2130 operatur.
891 2061 1172 2118 Excitatus
1205 2072 1391 2118 autem
1435 2080 1536 2134 pro
1571 2065 1734 2122 nobis
1764 2066 2056 2123 Christus:

467 2165 647 2220 neque
695 2151 844 2204 enim
893 2153 1068 2222 portis
1114 2152 1312 2208 inferni
1351 2155 1589 2211 detineri
1625 2159 1836 2227 potuit,
1880 2175 2060 2230 neque

467 2254 602 2294 vero
646 2239 700 2292 in
737 2239 1057 2294 universum
1097 2242 1291 2297 mortis
1331 2243 1568 2300 vinculis
1599 2245 1704 2301 fuit
1738 2247 2058 2304 obstrictus.

470 2329 642 2383 Porro
672 2331 824 2401 virga
859 2348 924 2386 ex
949 2332 1168 2402 platano
1191 2349 1412 2389 cursum
1439 2336 1494 2390 in
1528 2337 1700 2391 altum
1737 2354 1802 2394 ac
1825 2340 2061 2396 sublime

470 2421 762 2490 signiﬁcat,
803 2423 906 2477 hoc
940 2432 1043 2488 est,
1080 2425 1283 2480 Christi
1328 2427 1383 2480 in
1423 2428 1626 2484 caelum
1657 2433 2056 2488 ascensionem.

471 2512 706 2569 Procera
743 2514 887 2568 enim
925 2515 978 2568 in
1022 2517 1215 2585 primis
1255 2517 1422 2573 arbor
1454 2527 1618 2590 atque
1644 2521 1751 2576 alta
1774 2532 1858 2577 est
1886 2524 2058 2593 plata-

470 2619 593 2656 nus.
623 2604 906 2660 Exaltatus
935 2615 1120 2660 autem
1148 2616 1226 2661 est
1259 2624 1289 2662 a
1315 2609 1476 2678 Patre
1497 2609 1687 2665 Filius.
1713 2611 1804 2666 Sic
1823 2613 1970 2666 enim
1992 2613 2059 2668 de

471 2693 591 2762 ipso
622 2694 858 2750 Petrus:
893 2715 911 2746 ι
946 2696 1143 2752 Dextra
1185 2698 1352 2768 igitur
1388 2699 1484 2753 Dei
1513 2701 1870 2756 exaltatus".
1905 2722 1922 2754 ι
1950 2703 2062 2759 Nec

470 2801 582 2842 non
624 2787 825 2842 Paulus
863 2807 880 2839 ι
912 2791 1381 2860 superexaltatum
1430 2791 1608 2862 ipsum
1642 2793 1748 2858 ait,
1801 2802 1857 2848 et
1905 2810 2062 2850 acce-

466 2881 616 2950 pisse
650 2895 850 2936 nomen
882 2880 1029 2950 quod
1066 2890 1150 2936 est
1179 2898 1345 2953 super
1377 2898 1540 2938 omne
1569 2899 1770 2938 nomen
1803 2885 1881 2950 ²¹;
1926 2905 1943 2937 ι
1980 2886 2063 2939 id—

469 2987 577 3040 que
609 2979 665 3026 ut
705 2973 772 3028 ab
802 2973 1062 3028 omnibus
1097 2973 1377 3028 adoretur.
1424 2975 1480 3030 Si
1523 2976 1646 3046 quis
1680 2985 1861 3031 autem
1906 2977 2058 3042 velit,

475 3063 635 3134 149
663 3066 831 3120 alium
852 3065 1018 3122 etiam
1055 3081 1276 3121 sensum
1310 3067 1439 3123 huic
1465 3069 1651 3123 arbori
1677 3069 1942 3133 tribuere,
1966 3085 2063 3138 po—

472 3165 596 3209 test.
626 3155 943 3224 Quomodo?
965 3157 1069 3226 Qui
1099 3157 1247 3213 enim
1280 3160 1566 3214 nominum
1592 3161 1949 3231 etymologias
1968 3177 2062 3215 eu-
2089 3133 2130 3189 (ἶ

472 3249 616 3304 riose
650 3251 957 3320 inquirunt,
983 3251 1264 3323 platanum
1289 3269 1320 3306 a
1348 3253 1640 3308 latitudine
1669 3252 1929 3307 foliorum
1952 3253 2061 3308 dici

471 3342 683 3395 volunt.
732 3343 1033 3397 Dilatamur
1079 3351 1262 3398 autem
1309 3343 1478 3399 etiam
1525 3358 1627 3399 nos
1659 3359 1759 3414 per
1804 3344 1966 3399 ﬁdem
2007 3353 2064 3400 et

471 3449 737 3498 amorem,
767 3442 980 3488 tantum
1014 3449 1124 3490 non
1169 3435 1513 3489 adhaerentes
1544 3433 1786 3490 Christo.
1820 3437 2063 3509 Angusta

471 3523 618 3579 cnim
667 3525 754 3578 lex
801 3525 1098 3580 admodum
1155 3535 1269 3592 est,
1317 3535 1373 3581 et
1413 3526 1604 3582 stricta
1649 3527 2062 3587 idololatrarum

471 3635 647 3674 mens.
684 3620 894 3674 Idcirco
928 3620 1095 3675 etiam
1134 3620 1282 3690 gregi
1319 3636 1386 3675 ex
1417 3621 1674 3690 gentibus
1712 3621 1856 3677 Deus
1887 3623 2060 3682 incla-

472 3711 642 3765 mavit
685 3727 785 3780 per
819 3726 1007 3766 vocem
1037 3711 1359 3782 propheta}:
1396 3732 1413 3764 ι
1453 3713 1655 3770 Discite
1707 3717 1920 3782 audire,
1961 3734 2063 3772 an-

472 3802 696 3874 gustiati
729 3804 794 3857 ”.
831 3823 849 3855 ι
878 3803 1082 3858 Paulus
1105 3821 1238 3860 vero
1273 3805 1578 3863 Corinthiis
1607 3809 1674 3864 ad
1707 3819 1947 3866 veterem
1971 3828 2062 3868 er-

475 3911 655 3949 rorem
688 3894 871 3950 redire
895 3895 1210 3952 volentibus
1231 3907 1354 3968 post
1381 3898 1507 3954 ﬁdei
1532 3900 1901 3969 latitudinem,
1929 3904 2064 3962 scri-

475 3987 557 4041 bit
587 3988 777 4043 diccns
801 4006 814 4041 :
848 4007 864 4039 ι
893 3986 966 4043 Os
997 3998 1246 4043 nostrum
1271 4001 1522 4060 apertum
1547 4003 1630 4050 est
1661 3995 1729 4050 ad
1753 4012 1868 4061 vos,
1901 4014 1935 4050 o
1961 3996 2062 4051 Co-

475 4080 667 4136 rinthii
705 4099 716 4134 :
745 4096 840 4135 cor
864 4090 1114 4136 nostrum
1144 4081 1453 4139 dilatatum.
1478 4085 1557 4140 Ne
1581 4088 1972 4156 angustiamini
2007 4089 2063 4144 in

475 4174 637 4230 nobis
678 4193 690 4228 :
733 4175 1119 4245 angustiamini
1159 4184 1342 4230 autem
1382 4177 1439 4231 in
1498 4178 1804 4236 visceribus
1840 4182 2060 4237 vestris.

475 4266 738 4322 Eamdem
759 4275 943 4322 autem
971 4267 1240 4324 habentes
1261 4271 1760 4326 remunerationem
1780 4273 2063 4344 (tanquam

473 4362 604 4418 ﬁliis
642 4361 810 4434 dico),
841 4362 1146 4419 dilatamini
1179 4373 1237 4420 et
1266 4379 1382 4419 vos.
1417 4365 1597 4421 Nolite
1630 4366 1822 4437 jugum
1859 4367 2063 4422 dueere

2162 1904 2474 1974 ἀρωμάτων
2518 1901 2574 1954 δὲ
2617 1900 2839 1971 ἣδιστον
2893 1901 2920 1952 ὁ
2973 1897 3199 1970 στύραξ.
3253 1898 3562 1952 Ἀπέθανεν
3610 1900 3666 1952 δὲ
3705 1900 3771 1953 δι’

2163 1995 2311 2064 ἡμᾶς
2345 1994 2373 2045 6
2406 1992 2662 2063 Χριστὸς,
2698 1991 2791 2044 καὶ
2824 1990 3018 2058 ἐτάφη,
3060 1988 3332 2052 κατάδτὰς
3361 1990 3628 2062 Γραφάς·
3674 2008 3770 2042 κα-

2164 2086 2323 2156 ρυτνη
2353 2083 2430 2149 δὲ,
2458 2081 2840 2155 ἐγρηγόρσεώς
2869 2099 2928 2134 τε
2958 2082 3051 2134 καὶ
3079 2081 3333 2144 ἀῦπνίας.
3379 2082 3636 2152 Ἐνεργεῖ
3663 2082 3766 2155 γάρ

2161 2177 2220 2229 ἐν
2249 2177 2380 2245 ἡμῖν
2413 2174 2483 2227 τά
2511 2175 2685 2228 τοιάδε
2710 2174 2945 2243 φύσεως.
2991 2174 3322 2244 Ἐγήγερται
3353 2173 3414 2228 δὲ
3445 2175 3590 2245 ὑπὲρ
3611 2175 3764 2246 ήμῶν

2161 2269 2189 2321 6
2223 2266 2475 2337 Χριστός.
2499 2267 2572 2320 Ού
2600 2267 2706 2339 γάρ
2736 2267 2927 2336 γέγονε
2961 2267 3190 2336 κάτοχος
3220 2269 3344 2330 ταῖς
3381 2265 3518 2338 ᾂδου
3548 2268 3759 2333 πύλαις,

2160 2358 2284 2412 οὔτε
2322 2360 2419 2428 μὲν
2448 2360 2528 2421 είς
2557 2359 2704 2412 ἅπαν
2738 2359 2852 2430 ἥλω
2881 2362 2994 2422 τοῖς
3022 2359 3116 2412 τοῦ
3149 2359 3383 2413 Θανάτου
3409 2359 3655 2430 δεσμοῖς.
3701 2361 3760 2413 Ἦ

2161 2451 2225 2503 ἐκ
2253 2449 2524 2502 πλατάνου
2553 2449 2610 2502 δὲ
2642 2450 2801 2502 πάλιν
2825 2449 3190 2519 ύπεμφαίνειν
3215 2449 3363 2502 ἔοικε
3390 2449 3486 2504 τὸν
3519 2453 3602 2513 είς
3637 2450 3762 2519 ὕψος

2161 2558 2220 2593 τε
2253 2542 2345 2594 καὶ
2390 2541 2521 2611 πρὸς
2549 2541 2638 2593 τὸν
2673 2542 2784 2594 ᾶνω
2818 2541 3036 2612 δρόμον,
3072 2540 3380 2608 τουτέστιν,
3412 2541 3514 2612 τὴν
3548 2544 3626 2606 είς
3669 2544 3757 2594 οὐ.

2166 2633 2360 2703 ρανοὺς
2383 2632 2648 2685 ἀνάϐασιν
2677 2631 2771 2684 τοῦ
2802 2631 3062 2702 Χριστοῦ.
3093 2631 3309 2700 Εύφυές
3347 2633 3460 2703 γάρ
3494 2633 3648 2698 ξύλον
3672 2635 3758 2686 καὶ

2159 2724 2270 2776 τῶν
2325 2725 2463 2792 ἄγαν
2522 2723 3018 2794 εύμηκεστάτωνή
3077 2723 3370 2788 πλάτανος.
3439 2725 3658 2797 Ὕψώθη
3703 2727 3756 2780 δὲ

2162 2816 2315 2886 παρά
2341 2815 2434 2869 τοῦ
2463 2816 2677 2887 Πατρὺς
2703 2817 2732 2868 6
2784 2815 2938 2878 Υἱὸς.
2990 2816 3138 2887 Ἔφη
3172 2817 3280 2888 γὰρ
3324 2819 3357 2870 6
3396 2817 3603 2890 Πέτρος
3638 2819 3756 2889 περὶ

2161 2907 2365 2960 αὐτοῦ·
2413 2926 2430 2960 ι
2471 2909 2549 2979 Τῇ
2583 2907 2733 2978 δεξιᾷ
2761 2904 2856 2961 οὖν
2900 2907 2996 2960 τοῦ
3044 2909 3180 2961 Θεοῦ
3217 2909 3480 2978 ύιίωθείς.
3524 2929 3542 2962 ι
3591 2912 3695 2964 Καὶ
3729 2912 3756 2964 6

2163 2997 2398 3063 Παῦλος,
2450 2997 2858 3070 ὑπερυψοῦσθαί
2903 3015 3067 3069 φησιν
3121 3001 3304 3066 αὑτὸν,
3337 3001 3438 3054 καὶ
3473 3001 3658 3054 λαϐεῖν
3700 3000 3756 3054 τὺ

2164 3091 2333 3162 ὄνομα
2377 3091 2438 3144 τὸ
2483 3091 2624 3162 ὑπὲρ
2673 3092 2781 3144 πᾶν
2824 3089 3034 3160 δνομα,
3071 3091 3167 3144 καὶ
3206 3090 3305 3162 τὴν
3352 3092 3504 3164 παρά
3548 3093 3752 3147 πάντων

2165 3182 2554 3254 προσκύνησιν.
2586 3183 2650 3235 Ei
2673 3181 2731 3234 δέ
2750 3198 2831 3245 τις,
2863 3181 3122 3252 βούλοιτο,
3157 3182 3250 3235 καὶ
3279 3183 3408 3236 καθ’
3435 3183 3617 3254 ἕτερόν
3643 3200 3754 3236 τινα

2163 3275 2289 3330 νοῦν
2320 3275 2618 3348 ἐκλήψεται
2651 3275 2714 3327 ’τὸ
2749 3275 2935 3342 φυτόν.
2976 3276 3081 3327 Καὶ
3108 3275 3190 3337 τίς
3214 3277 3242 3328 6
3270 3276 3514 3345 τρόπος;
3547 3277 3607 3328 Οί
3636 3275 3752 3346 περὶ

2161 3367 2262 3431 τὰς
2305 3367 2415 3420 τῶν
2475 3367 2757 3437 ὀνομάτων
2797 3366 3155 3437 ἐτυμολογίας
3191 3367 3537 3439 περιέργως,
3583 3367 3666 3420 διὰ
3697 3367 3750 3418 τὸ

2162 3458 2282 3512 λίαν
2311 3457 2636 3530 εύρύνεσθαι
2675 3457 2754 3528 τῷ
2787 3456 2929 3528 ξύλῳ
2957 3457 3019 3509 τὸ
3064 3457 3317 3521 πέταλον,
3361 3458 3620 3532 ταύτῃτοι
3662 3457 3747 3510 καὶ

2163 3551 2479 3605 πλάτανον
2508 3550 2828 3621 ὠνομάσθαι
2865 3550 3050 3619 φασίν.
3097 3550 3488 3622 Πλατυνόμεθα
3522 3551 3628 3622 γάρ
3659 3550 3747 3604 καὶ

2164 3647 2326 3716 ἡμεῖς
2353 3644 2442 3697 διά
2480 3643 2717 3706 πίστεως
2750 3644 2845 3696 καὶ
2886 3641 3140 3712 ἀγάπης,
3185 3645 3473 3714 μονονουχὶ
3502 3643 3747 3716 περιφῦν-

2161 3754 2253 3800 τες
2279 3735 2520 3807 Χριστῷ.
2546 3735 2737 3798 Στενδς
2765 3735 2874 3806 γὰρ
2903 3737 2930 3787 6
2953 3734 3116 3804 νόμος
3138 3733 3257 3788 λίαν
3285 3736 3381 3788 καὶ
3405 3735 3747 3806 τεθλιμμένος

2163 3828 2271 3882 τῶν
2302 3827 2834 3899 είδοιλολατρούντων
2861 3830 2889 3881 6
2927 3827 3070 3892 νοῦς.
3115 3828 3224 3880 Καὶ
3253 3828 3386 3896 γοῦν
3413 3830 3532 3890 ταῖς
3563 3830 3657 3898 μὲν
3689 3825 3743 3888 ἐξ

2164 3920 2334 3974 ἐθνῶν
2367 3919 2588 3990 ἀγέλαις
2627 3920 2896 3990 ἐπεφώνει
2927 3921 3060 3984 Θεὸς
3093 3920 3183 3973 διὰ
3218 3922 3502 3992 προφήτου
3535 3920 3705 3989 φωνῆς
3726 3935 3738 3947 ·

2171 4033 2190 4064 ‹
2250 4013 2465 4067 Μάθετε
2516 4013 2737 4066 ἀκούειν
2793 4011 3336 4083 στενοχωρούμενοι·
3373 4033 3393 4065 ι
3450 4010 3741 4082 Κορινθίοις

2163 4107 2219 4160 δέ
2261 4109 2288 4158 6
2327 4106 2533 4170 Παῦλος
2573 4108 2888 4160 ὑπονοστεῖν
2928 4108 3204 4179 ἑλομένοις
3235 4108 3332 4161 ἐπὶ
3377 4109 3477 4180 τὴν
3521 4104 3739 4178 ἀρχαίαν

2167 4199 2434 4268 πλάνησιν
2458 4199 2597 4269 μετὰ
2620 4200 2680 4252 τὸ
2710 4201 2768 4252 ἐν
2795 4200 2976 4253 πίστει
3002 4200 3201 4263 πλάτος
3224 4201 3529 4254 ἐπιστέλλει
3554 4199 3735 4266 λέγων·

2171 4315 2189 4347 ι
2227 4295 2300 4348 Τὸ
2339 4293 2515 4364 στόμα
2544 4292 2700 4366 ἡμῶν
2733 4293 2939 4363 ἀνέῳγε
2974 4294 3112 4365 πρδς
3149 4293 3295 4364 ὑμᾶς
3317 4337 3331 4358 ,
3369 4292 3673 4365 Κορίνθιοι,
3705 4290 3734 4360 ἡ

2166 4386 2363 4458 καρδία
2397 4385 2553 4457 ἡμῶν
2579 4384 2962 4443 πεπλάτυνται.
2983 4386 3057 4438 Οὐ
3082 4387 3501 4459 στενοχωρεῖσθε
3526 4386 3581 4439 ἐν
3598 4385 3734 4454 ἡμῖν,

474 4471 600 4510 cum
625 4455 962 4510 inﬁdelibus.
993 4455 1125 4523 Quae
1151 4455 1298 4510 enim
1323 4457 1913 4528 participatiojustitiae
1936 4472 2062 4511 eum

2171 4455 2591 4548 στενοχωρεῖσθε
2624 4475 2681 4529 66
2709 4477 2766 4528 ἐν
2796 4477 3125 4547 σπλάγχνοις
3155 4455 3337 4546 ὑμῶν.
3366 4476 3476 4546 Τὴν
3503 4475 3557 4526 δὲ
3581 4472 3735 4540 αὐτὴν

476 4547 800 4616 iniquitate?
824 4556 918 4602 aut
954 4563 1075 4617 qua:
1116 4549 1349 4603 societas
1384 4549 1494 4602 luci
1535 4549 1602 4602 ad
1632 4549 1916 4604 tenebras?
1943 4564 2064 4618 qua:

2167 4569 2537 4640 ἀντιμισθίαν,
2562 4568 2636 4631 ὼς
2661 4568 2873 4630 τέκνοις
2899 4567 3064 4637 λέγω,
3097 4567 3441 4636 πλατύνθητε
3461 4566 3552 4620 καὶ
3569 4566 3731 4634 ὑμεῖς,

476 4647 662 4691 autem
698 4637 990 4692 conventio
1020 4637 1221 4694 Christi
1253 4639 1320 4694 ad
1360 4639 1528 4692 Belial
1553 4639 1636 4691 "?
1670 4658 1687 4689 ι
1719 4639 1890 4694 Porro
1910 4640 2064 4694 Psal-

478 4729 640 4785 mista
655 4728 857 4783 alicubi
876 4728 942 4784 ad
969 4730 1145 4800 ipsum
1170 4730 1584 4791 Emmanuelem
1606 4730 1744 4800 legis
1759 4731 2064 4801 angustiam

480 4829 670 4874 taxans
702 4819 778 4873 ait
809 4835 820 4871 :
854 4838 871 4869 ι
907 4819 1102 4874 Latum
1130 4817 1453 4873 mandatum
1483 4827 1639 4873 tuum
1665 4818 1830 4873 nimis
1854 4820 1919 4873 “.
1952 4839 1970 4871 ι
1998 4821 2068 4874 Et

478 4927 701 4966 rursus:
725 4932 741 4963 ι
767 4911 918 4967 Viam
939 4913 1324 4966 mandatorum
1343 4918 1562 4965 tuorum
1585 4913 1826 4978 cucurri,
1845 4916 2066 4983 quando

477 5003 716 5058 dilatasti
740 5020 835 5058 cor
855 5019 1040 5058 meum
1057 5002 1123 5054 ³⁸.
1151 5021 1168 5053 ›
1195 5002 1462 5058 Praeterea
1488 5018 1532 5055 ιι
1555 5001 1622 5057 Et
1645 5002 1924 5073 ingressus
1943 5021 2062 5060 sum

479 5093 536 5148 in
555 5095 866 5159 latitudine,
893 5091 1021 5162 quia
1046 5091 1468 5164 iustiﬁcationes
1501 5101 1622 5148 tuas
1653 5093 1922 5164 exquisivi
1942 5096 2008 5150 '°.
2039 5115 2057 5148 ι

478 5207 632 5273 Quod
667 5222 799 5263 vero
825 5207 975 5277 virga
995 5220 1188 5270 nucea,
1212 5213 1273 5259 ut
1298 5204 1463 5259 modo
1491 5204 1626 5271 dixi,
1653 5205 1952 5277 vigilantiae
1973 5223 2071 5261 na.

481 5298 734 5352 turaliter
764 5297 836 5350 sit
880 5310 1064 5359 causa,
1110 5305 1166 5350 et
1205 5309 1458 5349 somnum
1498 5305 1729 5361 avertat,
1776 5297 1922 5351 Deus
1952 5298 2071 5367 ipso

481 5399 714 5444 testatur
738 5389 805 5443 ad
833 5389 1154 5457 prophetam
1180 5386 1494 5451 Jeremiam,
1521 5387 1709 5444 dicens
1736 5406 1750 5441 :
1785 5407 1803 5439 ι
1833 5388 1977 5454 Quid
2010 5399 2068 5442 tu

481 5483 653 5547 vides,
677 5480 950 5536 Jeremia?
979 5480 1044 5534 Et
1070 5479 1202 5545 dixi,
1236 5479 1436 5550 inquit,
1461 5479 1681 5552 Virgam
1718 5495 1972 5535 nuccam.
1999 5480 2069 5536 Et

558 5685 601 5717 ¹⁶
644 5685 742 5738 lsa.
771 5701 844 5748 xl,
868 5685 924 5749 l;
963 5686 1080 5740 Act.
1124 5701 1237 5748 xm,
1271 5683 1360 5738 28.
1440 5683 1486 5714 "
1515 5683 1654 5738 Psal.
1697 5699 1827 5745 xxn,
1874 5684 1926 5736 6.
2009 5681 2050 5713 ""
2074 5683 2214 5738 Psal.
2239 5701 2416 5747 xxxvi,
2451 5686 2538 5738 i7.
2618 5687 2660 5717 ¹⁹
2709 5687 2864 5740 Rom.
2896 5703 2946 5747 ν,
2979 5684 3011 5737 9
3043 5696 3096 5739 et
3123 5686 3274 5740 alibi.

483 5753 526 5787 "
545 5755 740 5827 Philip.
773 5771 831 5821 ιι,
855 5757 906 5812 9.
981 5758 1024 5787 ’⁸
1048 5756 1148 5812 isa.
1174 5753 1463 5821 xxvmﬂO.
1535 5754 1639 5808 "ll
1661 5751 1789 5810 Cor.
1824 5769 1896 5819 vi,
1927 5753 2105 5808 ll—lS.

2171 4662 2246 4732 μὴ
2282 4659 2497 4729 γίνεσθε
2539 4657 2991 4730 ἑτεροζυγοῦντες
3030 4659 3301 4723 ἀπίστοις.
3352 4661 3446 4722 Τίς
3476 4659 3581 4727 γὰρ
3615 4670 3732 4726 μετ-

2165 4750 2264 4820 οχὴ
2309 4748 2626 4819 δικαιοσύνῃ
2666 4749 2760 4802 καὶ
2806 4748 3043 4821 ἀνομίας
3089 4749 3183 4803 καὶ
3217 4750 3300 4813 τίς
3328 4748 3578 4803 κοινωνία
3607 4742 3734 4813 φωτὶ

2167 4842 2306 4912 πρὸς
2346 4841 2572 4904 σκότος;
2621 4841 2703 4904 τίς
2750 4841 2806 4894 δέ
2839 4840 3197 4911 συμφώνησις
3227 4840 3448 4912 Χριστῷ
3487 4838 3616 4909 πρὸς
3647 4834 3732 4885 Βε-

2170 4934 2320 5001 λίαλ;
2353 4954 2371 4986 ι
2405 4933 2516 4988 Καὶ
2544 4932 2649 5004 μὴν
2675 4933 2703 4984 6
2730 4932 3031 5003 Ψαλμῳδὸς
3055 4935 3188 5004 πρὸς
3211 4935 3374 4986 αὐτον
3402 4934 3457 4985 ἐν
3479 4922 3730 4996 πνεύματί

2172 5025 2275 5080 πού
2313 5042 2446 5096 φησι
2478 5025 2570 5077 τὸν
2612 5024 2982 5096 Ἐμμανουὴλ,
3009 5024 3109 5095 τὴν
3138 5025 3230 5078 τοῦ
3264 5026 3428 5095 νόμου
3462 5019 3728 5086 στενότητα

2171 5115 2462 5186 διασύρωνο
2526 5131 2545 5164 t
2571 5113 2809 5166 Πλατεῖα
2842 5115 2875 5180 ἠ
2921 5114 3108 5186 ἐντολή
3161 5131 3256 5167 σου
3309 5111 3529 5182 σφόδρα.
3575 5127 3593 5159 ι
3631 5103 3728 5157 Καὶ

2169 5205 2354 5259 πάλινο
2400 5228 2418 5258 ι
2443 5206 2590 5260 Ὀδὸν
2623 5205 2853 5260 ἐντολῶν
2885 5222 2980 5260 σου
3012 5207 3270 5277 ἔδραμον,
3297 5206 3422 5259 ὅταν
3446 5201 3726 5256 ἐτέλάτυνας

2167 5297 2269 5368 τὴν
2307 5297 2533 5367 καρδίαν
2573 5317 2696 5369 μου.
2739 5319 2758 5352 ι
2788 5299 2934 5371 Πρὸς
2961 5298 3136 5370 τούτῳ
3159 5299 3260 5353 ἐτιο
3300 5316 3318 5350 ι
3361 5297 3468 5350 Καὶ
3498 5286 3726 5360 ἐπορευόο

2172 5407 2282 5460 μην
2309 5391 2366 5443 ἐν
2417 5389 2754 5462 πλατυσμῷ,
2805 5392 2887 5445 ὅτι
2933 5389 3001 5444 τὰ
3043 5388 3388 5463 δικαιώματά
3427 5402 3516 5439 σου
3556 5378 3722 5447 ἐξεξὴο

2169 5499 2331 5550 τησα.
2372 5501 2390 5536 ι
2429 5484 2550 5537 Ὅτι
2583 5485 2640 5539 δὲ
2685 5485 2778 5538 καὶ
2819 5487 2851 5556 ἡ
2897 5483 3090 5556 ῥάϐδος
3136 5487 3169 5556 ἡ
3201 5484 3425 5556 καρυῖνη
3450 5520 3464 5547 ,
3497 5475 3722 5539 καθάπερ

3353 5683 3398 5714 ³ο
3424 5680 3536 5734 Act.
3562 5692 3613 5738 ιι,
3640 5668 3716 5726 53.

2192 5757 2399 5810 “Psal.
2434 5772 2611 5823 cxvm,
2639 5760 2724 5812 96.
2803 5759 2847 5788 ’δ
2866 5757 2999 5811 ibid.
3037 5757 3122 5810 52.
3203 5759 3246 5790 ³⁸
3276 5753 3406 5811 ibid.
3443 5752 3527 5806 45.
