4034 6452
237 469 343 530 ιιι

1281 465 1811 525 GLAPHYRORUM
1849 465 1919 522 IN
1956 465 2263 525 GENESIM
2302 465 2434 523 LIB.
2479 468 2546 527 ν.

3476 458 3585 532 eis

235 586 478 654 ιναγχος
524 584 691 657 ἔφην,
724 584 966 649 ἀῦπνίας
1003 581 1153 639 ἔστὶν
1181 583 1518 657 ἑμποιητικὴ
1550 584 1736 655 φύσις,
1781 586 1874 641 λέο

1984 585 2121 641 dixit
2158 587 2425 645 Dominus
2453 590 2521 645 ad
2558 605 2646 645 me
2684 607 2696 642 :
2737 590 2903 644 Recte
2936 587 3159 655 vidisti,
3201 588 3330 660 quia
3364 587 3588 662 vigilavi

236 695 432 749 γοντος
468 678 614 733 Θεοῦ
656 679 795 752 πρὸς
825 678 920 732 τὸν
950 678 1241 751 προφήτην
1296 678 1603 752 Ἰερεμίαν
1641 697 1661 732 ι
1703 679 1770 733 Τί
1802 680 1867 734 σὺ

235 772 396 842 ὁρᾷς,
460 769 753 842 Ἱερεμία;
783 771 896 825 Καὶ
934 766 1086 837 εἶπα,
1117 772 1276 843 φησὶ,
1317 768 1634 843 Βακτηρίαν
1673 771 1867 845 καρυῖ-

236 880 359 933 νην.
410 861 530 916 Καὶ
569 858 730 917 εἶπεν
771 862 984 935 Κύριος
1008 863 1147 935 πρός
1190 879 1259 934 με
1282 879 1298 895 ο
1332 862 1533 928 Καλῶς
1590 861 1867 935 ἑώρακας,

242 954 378 1007 διότι
421 954 719 1028 ὲγρήγορα
748 954 861 1022 ἐγὼ
889 956 985 1010 ἐπὶ
1009 958 1135 1020 τοὺς
1157 954 1353 1026 λόγους
1381 973 1484 1027 μου
1518 956 1613 1011 τοῦ
1642 956 1871 1028 ποιῆσαι

251 1047 470 1112 αύτούς.
518 1067 539 1100 ι
597 1047 815 1102 Οὐκοῦν
845 1047 924 1113 ὡς
957 1050 1016 1103 ὲν
1048 1048 1180 1102 είδει
1212 1049 1313 1120 τῆς
1346 1048 1873 1121 ῥάϐδουδνοούμενος

251 1140 444 1195 ἑαυτὸν
486 1143 627 1214 ἡμῖν
659 1141 854 1213 ὥσπερ
888 1141 1262 1215 παρατίθησιν
1296 1144 1325 1196 6
1369 1141 1641 1214 Χριστὸς,
1673 1142 1750 1207 ὼς
1778 1160 1872 1197 τε-

250 1234 465 1289 θνεῶτα
485 1277 502 1301 ,
537 1235 637 1290 καὶ
663 1234 1062 1306 ἐγηγερμένον,
1097 1234 1195 1289 καὶ
1226 1235 1308 1299 είς
1335 1235 1601 1307 οὐρανοὺς
1633 1233 1876 1305 ὑψούμε-

246 1345 359 1388 νον.
394 1327 820 1401 κατευρύνοντά
850 1345 912 1382 τε
941 1326 1031 1381 διὰ
1058 1325 1155 1381 τοῦ
1185 1324 1507 1397 [Ινεύματος
1538 1324 1747 1396 νοητῶς
1776 1325 1876 1388 τὰς

247 1422 359 1476 τῶν
385 1421 707 1492 δεχομένων
729 1419 894 1475 αὐτὸν
920 1419 1171 1493 καρδίας.
1208 1418 1371 1473 Ἀλλά
1395 1417 1500 1472 ποῦ
1521 1417 1622 1482 τὰς
1644 1417 1876 1489 ῥάϐδους

246 1515 508 1569 τέθεικεν
534 1515 565 1568 6
593 1512 830 1583 Ἶακὼϐ;
873 1515 964 1569 Ἐν
991 1514 1112 1577 ταῖς
1140 1513 1325 1584 ληνοῖς
1342 1512 1452 1565 τῶν
1478 1510 1873 1582 ποτιστηρίων.

245 1607 481 1661 Νοοῖντο
516 1607 564 1661 δ’
592 1606 660 1661 ἂν
691 1607 856 1661 πάλιν
880 1606 1036 1678 ληνοί
1062 1622 1123 1659 τε
1161 1604 1260 1659 καὶ
1292 1605 1627 1678 ποτιστήρια
1657 1605 1758 1675 τῆς
1784 1604 1875 1657 λο-

247 1701 421 1770 γικῆς
452 1699 698 1770 ἀγέλης,
726 1698 1015 1754 τουτέστιν
1048 1698 1233 1771 ἡμῶν,
1268 1698 1565 1771 συγγραφὴ
1595 1697 1874 1765 Μωσέως,

186 1788 200 1807 ’
249 1791 351 1845 καὶ
370 1791 444 1846 τὰ
471 1791 799 1864 προφητικά
839 1791 1179 1866 κηρύγματα
1199 1835 1214 1860 ,
1242 1793 1337 1846 τὸν
1371 1792 1582 1847 ἀνωθεν
1609 1794 1644 1864 ἡ
1654 1794 1747 1865 μίν
1782 1791 1878 1847 καὶ

251 1883 413 1956 παρά
433 1883 576 1938 Θεοῦ
611 1883 902 1956 μονονουχὶ
935 1884 1171 1957 βρύοντα
1190 1884 1371 1955 λόγον.
1399 1885 1717 1957 Γέγραπται
1744 1883 1875 1957 γὰρ,

1969 692 2072 750 ego
2095 695 2264 751 super
2290 681 2459 736 verba
2488 697 2630 746 mea,
2664 689 2725 735 ut
2746 679 2941 736 faciam
2972 694 3038 735 ea
3065 679 3131 734 ".
3171 701 3189 732 ι
3226 681 3441 736 Idcirco
3474 684 3589 737 vel-

1970 771 2052 825 uti
2098 771 2154 827 in
2199 773 2386 843 specie
2419 773 2587 845 virgae
2630 773 2977 840 intellectus,
3022 772 3265 844 seipsum
3310 774 3583 844 quodam-

1972 863 2138 919 modo
2176 864 2338 921 nobis
2374 867 2633 937 proponit
2663 865 2939 933 Christus,
2976 875 3041 921 ut
3062 876 3352 923 mortuum
3375 875 3431 922 et
3457 882 3584 922 sus-

1972 956 2225 1023 citatam,
2263 967 2429 1028 atque
2479 958 2537 1013 in
2584 960 2755 1015 melos
2794 960 3120 1025 exaltatum,
3156 968 3213 1015 et
3257 960 3584 1017 dilatantem

1975 1048 2302 1121 spiritaliter
2335 1067 2531 1107 eorum
2563 1051 2659 1122 qui
2697 1053 2878 1123 ipsum
2921 1054 3245 1125 suscipiunt
3262 1070 3379 1109 cor.
3402 1053 3586 1111 Caete—

1979 1153 2104 1193 rum
2138 1139 2365 1196 ubinam
2395 1142 2585 1212 posuit
2607 1141 2791 1214 virgas
2814 1142 3019 1199 Jacob?
3044 1145 3104 1199 In
3132 1145 3419 1201 canalibus
3449 1161 3586 1201 con-

1976 1232 2208 1289 charum
2250 1248 2425 1305 aquze.
2453 1234 2686 1291 Canales
2721 1248 2859 1293 vero
2890 1254 3136 1306 rursum,
3165 1239 3223 1295 in
3252 1240 3455 1310 quibus
3492 1239 3588 1296 ad-

1977 1332 2216 1392 aquatur
2250 1325 2537 1381 rationalis
2568 1341 2719 1397 grex,
2754 1327 2859 1383 hoc
2891 1335 3007 1396 est,
3038 1345 3171 1397 nos,
3205 1330 3586 1403 intelligantur

1977 1417 2180 1488 scripta
2199 1418 2418 1492 Moysis,
2437 1428 2496 1476 et
2521 1421 2863 1493 prophetiae
2886 1424 3327 1495 przedicationes,
3343 1441 3465 1496 quae
3487 1441 3588 1481 no-

1978 1507 2074 1564 bis
2096 1524 2402 1580 supernum
2445 1518 2609 1581 atque
2645 1527 2676 1567 a
2703 1512 2816 1568 Deo
2859 1530 3175 1570 sermonem
3216 1522 3433 1570 tantum
3473 1532 3585 1571 non

1979 1602 2310 1658 scaturiunt.
2347 1602 2629 1674 Scriptum
2667 1612 2753 1660 est
2788 1605 2975 1661 enim:
3008 1625 3027 1659 ι
3072 1606 3353 1662 Haurietis
3384 1622 3587 1677 aquam

1980 1710 2106 1750 cum
2136 1694 2337 1767 gaudio
2364 1694 2433 1750 de
2458 1696 2706 1753 fontibus
2733 1697 3039 1754 Salvatoris
3063 1698 3131 1754 ”.
3169 1718 3188 1751 ›
3217 1699 3334 1755 lllic
3361 1699 3585 1754 Emma-

1979 1787 2202 1843 nuelem
2242 1787 2588 1858 reperiemus
2633 1789 2844 1860 virgam
2882 1789 3165 1861 potentize,
3207 1801 3264 1846 et
3309 1790 3486 1845 veluti
3529 1790 3588 1845 in

1982 1887 2162 1935 morte
2182 1886 2411 1951 propter
2427 1895 2549 1948 nos,
2572 1887 2738 1952 atque
2758 1880 3188 1954 primogenitum
3208 1897 3239 1937 e
3258 1881 3496 1937 mortuis
3516 1881 3587 1950 ”,

251 1978 338 2032 ὅτι
373 1996 393 2029 ι
442 1977 565 2033 Καὶ
608 1977 911 2048 ἀντλήσετε
945 1977 1095 2050 ὓδωρ
1129 1977 1246 2047 μετ’
1283 1976 1630 2049 εὐφροσύνης
1672 1976 1742 2032 ἐκ
1765 1977 1876 2030 τῶν

1984 1971 2146 2044 150
2176 1978 2235 2028 et
2255 1972 2560 2028 exaltatum
2593 1972 2650 2027 in
2676 1972 2872 2045 gloria,
2897 1989 2962 2030 ac
2992 1974 3317 2030 dilatantem
3351 1973 3586 2030 credens

260 2066 454 2137 πηγῶν
482 2067 583 2121 τοῦ
615 2066 916 2140 σωτηρίου.
951 2086 971 2121 ι
1019 2067 1168 2122 Ἐκεῖ
1197 2069 1286 2122 τὸν
1327 2066 1682 2140 Ἐμμανουὴλ
1709 2067 1876 2140 εὐρή-

266 2176 430 2230 σομεν
452 2158 559 2231 τὴν
600 2158 706 2231 τῆς
736 2158 1026 2231 δυνάμεως
1070 2159 1291 2232 ῥάϐδον,
1332 2162 1428 2215 καὶ
1450 2160 1528 2226 ὡς
1566 2162 1626 2215 ὲν
1664 2160 1879 2235 θανάτῳ

256 2252 328 2306 δι’
356 2252 531 2323 ἡμᾶς,
566 2253 663 2306 καὶ
693 2252 1044 2325 πρωτότοκον
1076 2255 1140 2308 ἐκ
1174 2253 1414 2327 νεκρῶν,
1446 2254 1542 2308 καὶ
1572 2252 1879 2326 ὑψούμενον

254 2347 315 2397 ὲν
334 2343 468 2416 δόξῃ
484 2385 500 2409 ,
533 2344 632 2398 καὶ
667 2342 1013 2400 πλατύνοντα
1035 2344 1163 2408 τοὺς
1188 2342 1632 2407 πεπιστευκότας
1652 2383 1667 2409 ,
1700 2340 1879 2398 καθά-

254 2430 367 2509 τὲερ
393 2436 540 2508 ἔφην
588 2436 816 2509 ἀρτίως.
868 2437 1103 2510 Σύμπας
1147 2437 1258 2509 γὰρ
1305 2438 1499 2510 ὥσπερ
1547 2436 1660 2492 τῶν
1705 2437 1880 2509 ἁγίων

256 2528 573 2600 προφητῶν
616 2532 646 2584 6
672 2529 869 2599 λόγος,
900 2530 996 2587 καὶ
1022 2530 1122 2603 μέν
1153 2548 1238 2584 τοι
1264 2532 1513 2595 Μωσέως
1536 2530 1882 2588 διανένευκεν

252 2622 351 2675 ἐπὶ
377 2622 443 2675 τὸ
465 2621 709 2693 Χριστοῦ
739 2626 1064 2695 μυστήριον.
1094 2623 1390 2696 Τοιγάρτοι
1411 2623 1507 2678 καὶ
1528 2625 1557 2678 6
1586 2625 1753 2695 σοφὸς
1774 2624 1879 2698 ἔφη

252 2716 499 2780 Παῦλος,
536 2717 619 2770 ὅτι
651 2736 668 2768 ι
697 2716 870 2780 Τέλος
891 2717 1061 2787 νόμου
1085 2715 1182 2769 καὶ
1200 2715 1502 2787 προφητῶν
1520 2716 1550 2770 6
1568 2717 1826 2787 Χριστός.
1857 2735 1877 2770 ι

254 2809 408 2883 Πλὴν
441 2810 700 2865 ὲλέπισεν
736 2809 935 2865 Ἰακὼϐ
968 2811 1067 2875 τὰς
1099 2809 1326 2881 ῥάϐδους
1349 2809 1665 2883 λεπίσματα
1688 2808 1881 2875 λευκὰ,

254 2900 589 2973 περισύρων
613 2899 677 2954 τὸ
705 2900 953 2972 χλωρόν·
994 2900 1227 2953 ὲκίττων
1259 2916 1320 2953 τε
1349 2898 1526 2964 οὕτως
1559 2899 1649 2953 ἐπ’
1689 2900 1884 2964 αὑταῖς

256 2994 319 3048 τὸ
355 2994 617 3048 ποικίλον
654 2993 726 3048 τὰ
762 2993 1083 3067 θρέμματα.
1113 2991 1414 3065 Περισύρει
1462 2992 1576 3065 γὰρ
1616 2992 1809 3065 ὥσπερ
1852 2992 1885 3045 6

254 3086 503 3162 Χριστὸς
531 3088 635 3160 τὴν
663 3085 760 3141 τοῦ
789 3086 959 3157 νόμου
1006 3084 1188 3151 σκιὰν,
1214 3086 1310 3141 καὶ
1347 3085 1709 3159 προφητικῶν
1747 3102 1886 3156 συγ-

253 3179 622 3253 γραμμάτων
654 3178 715 3233 τὺ
753 3179 923 3232 οἱονεὶ
967 3176 1414 3249 κατακάλυμμα,
1449 3175 1886 3248 λελευκασμένον

255 3272 313 3326 δὲ
346 3270 500 3325 οὓτω
542 3271 643 3325 καλ⁸
672 3271 1014 3325 εὐκάτοπτον
1045 3270 1243 3342 κομιδῇ
1290 3270 1385 3324 τὸν
1430 3271 1492 3325 ιν
1521 3269 1709 3335 αὐτοῖς
1750 3268 1884 3342 ἡμῖν

254 3365 597 3435 ἀποφαίνων
647 3365 831 3435 λόγον,
882 3331 1418 3437 ἑπῳδὴνυάναφέρει
1463 3331 1877 3435 πνευματικην·
1912 3331 1954 3390 C

258 3462 431 3527 μόνον
472 3462 533 3515 δὲ
576 3459 701 3532 οὐχὶ
745 3460 842 3514 καὶ
884 3457 1176 3513 ἀναπείθει
1233 3458 1428 3529 κιττᾷν
1469 3456 1550 3528 τῷ
1598 3455 1880 3510 ὲκποικίλ-

264 3554 455 3608 ιεσθαι
490 3551 650 3608 θέλον
696 3554 777 3617 είς
819 3548 1047 3623 ἀρετὴν,
1088 3549 1258 3620 διφυᾶ
1302 3566 1422 3613 πως
1468 3548 1641 3620 αὐτὴν
1688 3549 1884 3619 ἐπιτη-

253 3644 547 3709 δεύοντας,
577 3641 749 3716 εργῳ,
771 3658 832 3697 τε
860 3640 1031 3713 φημὶ,
1074 3640 1172 3695 καὶ
1202 3638 1369 3710 λόγῳ.
1412 3637 1524 3693 Καὶ
1553 3636 1688 3707 γοῦν
1718 3637 1769 3690 οί
1797 3634 1885 3689 θε-

259 3738 489 3793 σπέσιοι
540 3736 825 3807 προφῆται
867 3732 981 3788 τῶν
1012 3734 1071 3786 ὲν
1114 3731 1298 3788 πίστει
1342 3729 1789 3801 δεδικαιωμένων
1822 3727 1885 3782 τὸ

258 3832 573 3905 πρόσωπον
635 3828 1037 3899 ὑποτρέχοντες
1093 3824 1545 3896 ἀνακεκράγασιν
1592 3820 1842 3895 ἐναργῶς
1866 3836 1882 3853 ⁶

266 3946 289 3978 σ
326 3924 431 3979 Διὰ
459 3923 555 3978 τὸν
586 3922 758 3994 φόϐον
784 3939 906 3989 σου,
929 3919 1127 3992 Κύριε,
1153 3921 1213 3975 ὲν
1240 3918 1439 3990 γαστρὶ
1465 3916 1758 3988 ἐλάϐομεν,
1788 3915 1885 3970 καὶ

261 4019 647 4091 ὡδινήσαμεν,
681 4017 776 4072 καὶ
808 4016 1075 4087 ὲτέκυμεν
1119 4014 1337 4085 πνεῦμα
1384 4011 1660 4084 σωτηρίας
1695 4027 1813 4065 σου.
1858 4029 1878 4064 ι

267 4113 422 4183 Ἔφη
471 4110 532 4165 δέ
574 4126 681 4164 που
732 4109 830 4162 καὶ
886 4108 1051 4164 πάλιν
1109 4106 1259 4172 ίδίως
1315 4107 1345 4160 6
1382 4104 1565 4169 ,αὐτὸς
1613 4103 1886 4176 μακάριος

274 4203 520 4267 Ἡσαΐας
541 4217 554 4229 ·
594 4220 614 4253 ι
649 4200 959 4272 Ίσχύσατε,
987 4201 1173 4272 χεῖρες
1200 4197 1509 4269 ἀνειμέναι,
1545 4197 1644 4251 καὶ
1680 4196 1886 4266 γόνατα

262 4292 727 4367 παραλελυμένα.
800 4289 1257 4364 Παρακαλέσατε,
1311 4291 1361 4344 οί
1430 4287 1751 4360 ὀλιγόψυχοι
1813 4290 1884 4360 τῇ

259 4387 507 4459 διανοίᾳ,
546 4384 807 4457 ἰσχύσατε
828 4425 842 4450 ,
889 4385 964 4458 μὴ
1002 4383 1278 4455 φοϐεῖσθε.
1328 4383 1463 4437 Ἰδοὺ
1495 4383 1526 4437 ὁ
1562 4380 1697 4445 Θεὸς
1726 4380 1887 4453 ἡμῶν

263 4482 463 4555 κρίσιν
508 4478 948 4545 ἀνταποδίδωσι,
975 4480 1071 4534 καὶ
1115 4473 1512 4533 ἀνταποδώσει.
1551 4494 1571 4531 ι
1624 4474 1739 4530 Καὶ
1780 4474 1886 4530 πά-

261 4578 374 4632 λιν·
406 4594 432 4630 ο
482 4575 642 4640 Ἰδοὺ,
666 4573 874 4645 Κύριος
903 4572 1045 4646 μετά
1076 4571 1263 4644 ἰσχύος
1300 4569 1547 4643 ἔρχεται,
1580 4570 1676 4624 καὶ
1702 4571 1731 4625 6
1762 4568 1890 4641 βρα-

1978 2071 2083 2132 tes,
2115 2073 2178 2122 ut
2208 2066 2375 2122 modo
2408 2064 2543 2122 dixi.
2578 2064 2777 2122 Omnis
2806 2067 2958 2124 enim
2987 2076 3307 2123 sanctorum
3340 2066 3587 2137 prephe-

1979 2165 2162 2213 tarum
2184 2172 2391 2224 sermo,
2409 2173 2516 2214 nec
2528 2173 2642 2214 non
2658 2157 2881 2230 Moysis,
2901 2156 3112 2213 Christi
3142 2157 3473 2229 mysterium
3497 2155 3587 2211 in-

1977 2259 2178 2307 nunnt.
2213 2250 2426 2308 Idcirco
2456 2260 2516 2309 et
2556 2251 2778 2324 sapiens
2806 2251 3013 2308 Paulus
3052 2251 3131 2307 ait
3173 2268 3187 2305 :
3218 2270 3237 2302 ι
3273 2250 3428 2306 Finis
3455 2266 3590 2322 pro-

1978 2343 2276 2416 phetarum
2308 2360 2374 2401 ac
2400 2345 2540 2419 legis
2559 2344 2820 2403 Christus
2840 2346 2908 2402 ³⁸.
2940 2365 2959 2399 ι
2988 2344 3265 2402 Caeterum
3286 2344 3593 2401 decortica-

1977 2435 2060 2491 vit
2077 2436 2248 2493 Iacob
2269 2437 2454 2509 virgas
2474 2438 2714 2494 cortices
2736 2437 2912 2505 albas,
2934 2437 3360 2494 circumvellens
3377 2435 3590 2502 viride;

1980 2536 2147 2600 atque
2176 2529 2252 2585 ita
2278 2538 2658 2601 conceperunt
2682 2530 2841 2602 juxta
2867 2530 2991 2585 illas
3015 2544 3148 2586 oves
3178 2528 3491 2601 variegatos
3513 2526 3596 2582 fe-

1982 2628 2092 2679 tus.
2123 2621 2327 2679 Avellit
2364 2622 2516 2679 enim
2550 2621 3249 2695 quodammodo‘Christus
3286 2622 3426 2693 legis
3468 2636 3593 2675 um-

1982 2716 2165 2782 bram,
2194 2724 2252 2773 et
2276 2717 2733 2788 propheticorum
2759 2715 3097 2787 scriptorum
3117 2715 3291 2770 veluti
3315 2714 3592 2775 velamen,

1983 2821 2150 2881 atque
2184 2811 2260 2865 ita
2291 2811 2481 2867 album
2512 2811 2923 2883 pulchrumque
2956 2815 3185 2879 aspectu
3215 2808 3271 2862 in
3311 2805 3447 2877 ipsis
3473 2822 3595 2861 ser-

1982 2917 2205 2958 monem
2241 2902 2565 2966 ostendens,
2600 2902 2670 2957 ad
2707 2901 3015 2972 spiritalem
3051 2898 3314 2954 transfert
3346 2905 3593 2960 cantum,

1984 3011 2051 3052 ac
2092 3004 2309 3051 tantum
2356 3011 2467 3050 non
2506 3002 2570 3049 ut
2613 2995 2752 3066 picae
2794 2992 2962 3049 modo
3000 2990 3277 3062 variegari
3312 2990 3495 3045 velint
3525 2990 3596 3049 ad

1986 3088 2256 3144 virtutem
2310 3087 2638 3159 persuadet,
2701 3087 2979 3158 duplicem
3030 3086 3183 3141 illam
3234 3093 3595 3149 exercentes,

1988 3198 2178 3253 opere,
2200 3183 2447 3253 inquam,
2463 3189 2521 3237 et
2541 3196 2816 3253 sermone.
2837 3179 3051 3236 Idcirco
3070 3186 3128 3234 et
3151 3176 3598 3247 divinisprophe-

1991 3250 2060 3333 tae
2082 3250 2296 3332 eorum
2312 3275 2409 3347 qui
2433 3275 2492 3330 in
2524 3250 2937 3347 ﬁdejustiﬁcati
2966 3280 3097 3328 sunt
3128 3270 3360 3342 ﬁguram
3388 3284 3502 3341 prae
3536 3283 3624 3326 se.-

1988 3372 2233 3427 ferentes
2261 3378 2454 3441 aperte
2485 3369 2726 3425 clamant
2755 3384 2773 3421 τ
2804 3386 2822 3420 ι
2860 3367 3096 3437 Propter
3127 3365 3385 3421 timorem
3414 3371 3596 3428 tuum,

1988 3462 2244 3529 Domine,
2267 3460 2325 3516 in
2345 3468 2506 3517 utero
2529 3459 2868 3531 accepimus,
2892 3464 2951 3513 et
2973 3456 3396 3529 parturivimus,
3418 3464 3475 3511 et
3496 3470 3598 3526 pe-

1988 3558 2239 3629 perimus
2269 3556 2527 3628 spiritum
2554 3552 2751 3610 salutis
2780 3559 2890 3609 tua:
2925 3552 2992 3607 ιι.
3025 3569 3042 3602 ι
3070 3550 3235 3606 Idem.
3259 3549 3426 3604 etiam
3462 3547 3597 3603 bea—

1993 3659 2084 3706 tus
2108 3649 2277 3706 Isaias
2309 3647 2517 3704 alicubi
2547 3660 2770 3703 rursum
2809 3644 3037 3716 proprie
3075 3642 3191 3698 ait:
3221 3661 3240 3694 ι
3279 3638 3601 3698 Confertate
3696 3634 3702 3641 ’

1990 3757 2190 3799 manus
2236 3741 2531 3807 remissas,
2562 3749 2621 3797 et
2647 3755 2830 3812 genua
2866 3738 3170 3804 dissoluta;
3212 3735 3598 3803 consolamini,

1990 3835 2377 3907 pusillanimes
2407 3843 2595 3890 mente
2629 3850 2643 3889 :
2680 3831 3117 3897 confortate,_ne
3154 3830 3415 3886 timeatis.
3457 3830 3602 3885 Ecte

1991 3930 2139 3985 Deus
2172 3936 2365 3984 noster
2392 3927 2666 3999 judicium
2691 3923 2976 3990 retribuit,
3004 3932 3072 3979 et
3085 3923 3359 3979 retribuet
3385 3924 3451 3977 “.
3482 3942 3500 3975 ι
3532 3923 3603 3980 Et

1992 4033 2219 4074 rursum
2246 4035 2265 4071 ι
2291 4036 2310 4068 ‹
2339 4015 2482 4073 Ecce
2501 4016 2649 4071 Deus
2666 4029 2797 4071 cum
2816 4011 3019 4068 robore
3037 4011 3210 4076 venit,
3230 4018 3287 4066 et
3306 4009 3601 4065 brachium

1993 4108 2169 4181 ipsius
2200 4123 2330 4164 cum
2352 4105 2752 4169 dominatione,
2775 4109 2838 4158 ut
2872 4108 3063 4172 pastor
3092 4098 3429 4169 gubernabit
3454 4096 3603 4153 ovile

1992 4216 2178 4266 suum,
2220 4207 2280 4255 et
2320 4198 2555 4254 brachio
2586 4212 2690 4253 suo
2718 4196 2777 4251 in
2818 4210 2993 4252 unum
3032 4194 3274 4250 adducet
3318 4204 3509 4261 agnos,
3545 4196 3604 4244 et

1992 4301 2344 4366 praegnantes
2361 4290 2743 4364 consolabitur
2764 4288 2841 4356 ³³;
2874 4308 2893 4341 ι
2918 4288 3028 4343 hoc
3047 4294 3151 4352 est,
3175 4282 3442 4356 spiritalis
3470 4297 3602 4337 con-

1992 4388 2190 4444 solatio
2221 4385 2332 4444 erit
2366 4384 2455 4451 iis,
2493 4384 2592 4456 qui
2627 4384 2740 4456 jam
2772 4383 3024 4439 divinum
3062 4394 3376 4437 sermonem
3407 4384 3601 4448 partu—

1992 4480 2167 4545 riunt,
2200 4484 2395 4550 utpote
2432 4476 2690 4533 fecundis
2733 4474 2959 4542 futuris,
2993 4480 3052 4530 et
3087 4472 3310 4545 jamjam
3337 4469 3603 4542 parituris

1993 4570 2325 4643 evangelicae
2355 4567 2487 4625 vita:
2518 4567 2896 4640 gloriationes.
2937 4564 3041 4621 llic
3075 4564 3227 4621 enim
3262 4562 3477 4618 fructus
3515 4568 3603 4627 est

262 4671 409 4743 χίων
461 4668 635 4724 αὐτοῦ
686 4668 828 4739 μετά
876 4666 1111 4738 κυρίας,
1147 4666 1225 4730 ὡς
1281 4666 1490 4736 ποιμὴν
1519 4666 1781 4735 ποιμανεῖ
1826 4664 1880 4717 τὸ

1995 4673 2198 4721 sanctae
2225 4664 2670 4733 incorrupueque
2702 4658 2919 4716 animae.
2955 4658 3233 4716 Caaterum
3269 4656 3467 4713 fecisse
3510 4671 3602 4712 re-

267 4762 537 4833 ποίμνιον
554 4758 746 4825 αὑτοῦ,
771 4759 867 4814 καὶ
880 4757 961 4829 τῷ
986 4757 1236 4830 βραχίονι
1253 4755 1424 4812 αὐτοῦ
1445 4757 1668 4824 συνάξει
1693 4756 1880 4829 ἄρνας,

1994 4758 2106 4814 fert
2132 4758 2238 4815 sibi
2267 4757 2437 4815 Iacob
2475 4756 2645 4819 ovilia
2684 4755 2941 4823 seorsim,
2971 4762 3030 4813 et
3064 4771 3179 4812 non
3206 4753 3498 4811 miscuisse
3536 4769 3605 4809 ea

264 4857 369 4911 καὶ
398 4856 503 4919 τὰς
531 4856 593 4909 ὲν
615 4856 817 4926 γαστρὶ
849 4852 1084 4925 ἐχούσας
1130 4851 1533 4923 παρακαλέσει,
1565 4868 1584 4901 ι
1615 4849 1880 4916 τουτέστι,

1997 4870 2126 4911 cum
2159 4853 2358 4910 ovibus
2388 4852 2598 4913 Labaa.
2630 4852 2811 4915 Nulla
2834 4852 2984 4909 enim
3024 4859 3111 4908 est
3144 4850 3381 4907 societas
3409 4857 3604 4905 sancto

268 4945 637 5018 παράκλησις
677 4944 833 4999 ἔσται
886 4942 1236 5014 πνευματικὴ
1282 4945 1396 5007 τοῖς
1448 4941 1552 5014 ἥδη
1609 4942 1703 4996 τὸν
1745 4940 1880 4996 θεῖοι

1998 4964 2127 5005 cum
2156 4947 2413 5018 profano,
2458 4961 2601 5018 pu-ro
2638 4961 2768 5002 cum
2810 4945 3038 5002 sordido
3079 4944 3155 5011 “;
3196 4941 3437 5014 separati
3468 4956 3604 4996 vero

267 5041 536 5095 ὠδίνουσι
567 5038 752 5107 λόγον,
799 5037 877 5103 ὥς
921 5039 1226 5109 ἑγκάρποις
1266 5035 1581 5107 ἐσομένοις,
1625 5035 1723 5088 καὶ
1764 5034 1880 5089 ὅσοι

1998 5054 2131 5099 sunt
2151 5042 2189 5098 ii
2220 5043 2317 5114 qui
2349 5042 2558 5099 Christi
2586 5048 2736 5107 sunt,
2762 5048 3088 5097 recusantes
3123 5037 3348 5093 misceri
3375 5051 3503 5093 cum
3534 5036 3605 5092 iis

267 5137 498 5192 οὐδέπω
534 5132 799 5205 μέλλουσι
830 5135 1013 5186 τεκεῖν
1053 5132 1154 5203 τῆς
1196 5129 1567 5199 εὐαγγελικῆς
1609 5127 1892 5193 πολιτείας

268 5231 342 5284 τά
376 5229 712 5300 αὐχήματα.
736 5225 974 5299 Καρπὺς
1016 5224 1126 5298 γὰρ
1169 5217 1328 5289 οὗτος
1364 5225 1519 5288 ὁσίας
1546 5240 1606 5276 τε
1642 5223 1737 5276 καὶ
1769 5222 1893 5277 ἀκι-

270 5321 483 5395 ϐδήλου
522 5319 727 5392 ψυχῆς.
774 5318 918 5372 Ἀλλ’
954 5319 1180 5390 ἐποίησε
1201 5356 1216 5380 ,
1247 5315 1386 5388 φησὶ
1407 5356 1424 5381 ,
1482 5314 1679 5370 Ἰακὼϐ
1714 5313 1895 5387 ἐαυτῷ

272 5417 514 5487 ποίμνια
539 5411 880 5484 καταμόνας.
910 5410 1008 5464 καὶ
1035 5410 1138 5464 ούκ
1173 5409 1361 5480 ἔμιξεν
1386 5407 1529 5461 αὐτὰ
1555 5409 1637 5472 εἰς
1661 5405 1732 5461 τὰ
1759 5408 1898 5478 πρό-

271 5511 420 5566 ϐατα
470 5507 688 5563 Λάϐαν.
739 5504 1086 5577 ’Δσύμϐατον
1111 5504 1222 5576 γὰρ
1259 5503 1339 5576 τῷ
1367 5502 1513 5574 ἁγίῳ
1543 5502 1606 5556 τὸ
1641 5501 1888 5574 βέϐηλον·

1993 5135 2093 5206 qui
2134 5135 2192 5189 in
2233 5133 2445 5190 mundo
2487 5141 2639 5199 sunt,
2682 5142 2851 5203 atque
2891 5133 2961 5188 ab
2994 5130 3256 5187 omnibus
3283 5127 3605 5186 carnalibus

1995 5229 2294 5286 desideriis
2315 5228 2477 5285 liberi
2500 5236 2631 5283 sunt
2653 5245 2667 5281 :
2693 5242 2794 5283 nec
2819 5240 2952 5282 vero
2979 5240 3092 5281 non
3112 5223 3313 5297 signati
3342 5222 3467 5280 vitae
3489 5238 3605 5280 suae

1996 5324 2233 5388 ratione,
2258 5331 2316 5377 at
2340 5320 2527 5393 potius
2547 5319 2757 5375 virtute
2783 5327 2914 5374 sunt
2936 5317 3203 5389 insigniti.
3232 5336 3252 5369 ι
3283 5316 3449 5374 Facta
3472 5325 3605 5373 sunt

1995 5417 2169 5482 enim,
2204 5413 2406 5484 inquit,
2439 5426 2505 5467 ea
2534 5426 2658 5481 qua:
2685 5410 2900 5481 signata
2929 5423 3038 5464 non
3063 5415 3244 5471 erant,
3271 5406 3495 5473 Laban;
3524 5406 3603 5460 si-

1999 5517 2165 5580 gnata
2193 5521 2327 5562 vero
2360 5502 2549 5561 Jacobi
2575 5503 2641 5559 ³⁸.
2687 5522 2706 5555 ›
2732 5502 2901 5574 Atqui
2930 5517 3042 5557 non
3068 5500 3249 5556 caruit
3276 5497 3483 5558 invidia
3508 5496 3602 5553 Ja-

272 5603 350 5676 τῷ
373 5599 621 5675 καθαρῷ
646 5600 711 5653 τὸ
742 5598 971 5672 ρυποῦν.
1000 5597 1339 5669 Καταμόνας
1369 5596 1428 5650 δὲ
1453 5597 1503 5649 oi
1524 5595 1620 5650 τοῦ
1652 5596 1880 5668 Χριστοῐ

2001 5603 2139 5668 cob;
2166 5608 2458 5672 postquam
2484 5598 2634 5655 enim
2671 5612 2800 5653 eum
2838 5595 3027 5662 ditari,
3052 5604 3108 5651 et
3131 5593 3413 5666 prosperis
3435 5589 3603 5645 rebus

270 5697 332 5750 τὸ
359 5691 855 5765 συναναφύρεσθαι
878 5693 998 5756 τοῖς
1023 5692 1081 5747 ὲν
1101 5691 1294 5762 κόσμῳ
1315 5689 1769 5763 παραιτούμενοι,
1799 5689 1880 5744 κα¹

2006 5694 2087 5752 uti
2110 5694 2395 5759 viderunt,
2420 5692 2742 5748 inviderunt
2764 5690 2816 5747 ei
2849 5690 3210 5746 vehementer
3237 5684 3334 5740 lilii
3365 5681 3552 5738 Laban
3584 5696 3598 5733 :

274 5787 650 5861 φιλοσαρκίας
682 5786 907 5859 ἀπάσης
942 5784 1385 5857 ἀπηλλαγμένοι,
1430 5784 1526 5839 καὶ
1555 5784 1656 5838 οὐκ
1690 5782 1874 5856 ἄσημο

2006 5796 2347 5860 quapropter
2377 5788 2544 5842 etiam
2569 5782 2857 5839 discedere
2886 5780 3182 5854 cogitabat,
3212 5785 3379 5848 atque
3412 5774 3469 5829 in
3504 5787 3601 5843 pa-

349 5909 400 5940 "
432 5908 647 5964 Jercm.
687 5923 724 5970 ι,
756 5906 842 5960 Η..
920 5902 967 5939 ’⁸
996 5904 1098 5960 lsa.
1142 5921 1237 5967 χιι,
1263 5905 1314 5958 '5.
1391 5903 1435 5933 ’³
1466 5901 1585 5956 Col.
1620 5918 1659 5963 ιι
1695 5902 1779 5956 18.
1856 5903 1880 5935 ³η

1984 5922 2082 5961 )m.
2130 5923 2181 5965 χ.
2232 5905 2276 5960 ί.
2361 5904 2401 5936 ³¹
2440 5903 2543 5959 Isa.
2579 5898 2837 5966 nvi,'l8.
2882 5898 3029 5955 "lsa
3096 5910 3257 5961 xxxv,
3286 5892 3345 5948 5.
3418 5890 3463 5923 ³³
3495 5888 3598 5943 lsa.

273 5997 367 6042 ιι..
408 5980 498 6034 10.
582 5979 627 6011 ³⁸
660 5977 703 6035 II
726 5977 855 6034 Cor.
889 5994 963 6046 vi,
1002 5977 1194 6044 14,15.
1274 5976 1318 6007 ³⁵
1336 5973 1472 6030 Gen.
1505 5989 1628 6040 xxx,
1664 5974 1744 6029 li.

2360 6094 2422 6104 “-
