4034 6480
555 436 664 491 245
1550 432 1606 487 S.
1645 432 1924 491 CYRILLI
1960 435 2438 496 ALEXANDRINI
2473 442 2794 500 ARCHIEP.
3709 454 3805 515 2“

557 559 770 607 ternam
801 549 1003 604 reverti
1033 547 1281 604 domum.
1318 546 1472 617 151
1505 544 1787 617 Scriptum
1826 556 1913 604 est
1948 549 2098 604 enim
2125 567 2139 604 :

2249 551 2394 606 κατὰ
2435 552 2527 607 τὸν
2559 554 2696 626 βίον,
2736 555 3155 628 γνωριμώτατοι
3192 558 3250 612 δὲ
3290 556 3490 628 μᾶλλον
3523 559 3582 626 ἐξ
3612 562 3812 637 ἀρετῆς.

562 661 579 693 ι
610 640 679 696 Et
718 639 927 695 ditatus
950 646 1038 695 est
1072 637 1239 694 homo
1268 637 1450 702 valde,
1475 637 1812 709 fueruntque
1851 640 1900 695 ei
1942 656 2145 712 pecora

2254 663 2273 696 ι
2323 645 2570 714 Ἐγένετο
2609 647 2748 719 γὰρ,
2780 649 2949 718 φησὶ,
2977 648 3047 703 τὰ
3079 650 3270 722 ἄσημα
3311 650 3405 705 τοῦ
3431 651 3634 713 Λάϐαν·
3663 655 3725 710 τὰ
3765 657 3814 710 δὲ

554 732 746 798 multa,
779 739 837 787 et
868 731 1056 795 boves,
1091 737 1147 785 et
1174 728 1339 794 servi,
1379 737 1437 785 et
1478 728 1712 795 ancillze,
1754 737 1812 784 et
1847 731 2064 797 cameli,
2089 742 2144 788 et

2246 738 2493 810 ἐπίσημα
2518 739 2614 795 τοῦ
2662 740 2876 796 Ἰακώϐ.
2919 761 2937 794 ι
2981 741 3127 814 Πλὴν
3160 743 3261 798 οὐκ
3295 743 3593 815 ἀφθόνητος
3618 740 3682 817 ἦν
3717 748 3812 801 Ἰα-

550 825 714 891 asini,
738 833 797 881 et
834 824 992 879 muli.
1034 821 1261 879 Audivit
1294 822 1462 877 etiam
1502 821 1672 878 Iacob
1697 821 1868 878 verba
1902 821 2143 879 filiorum

2246 830 2385 889 κώὅ.
2445 832 2664 906 Ἐπειδὴ
2711 833 2770 887 δὲ
2817 834 3155 893 πλουτοῦντα
3201 853 3262 888 τε
3307 836 3405 890 καὶ
3461 837 3815 909 εὐημεροῦντα

549 917 757 982 Laban,
782 915 1084 972 dicentium
1132 933 1144 969 :
1186 914 1335 973 Tulit
1373 915 1543 971 Iacob
1584 916 1769 971 omnia
1806 932 1930 988 qua:
1970 917 2142 987 patris

2243 921 2547 989 τεΘέανται,
2572 925 2966 980 κατεδάκνοντο
2985 927 3106 982 λίαν
3121 928 3172 981 οἱ
3194 927 3386 981 τούτου
3404 929 3527 983 υἱοί.
3547 930 3815 1002 Τοιγάρτοι

546 1008 744 1073 nostri,
766 1016 825 1065 ct
843 1007 911 1064 de
932 1007 998 1062 iis
1016 1023 1140 1078 qua:
1161 1008 1335 1078 patris
1360 1008 1561 1072 nostri,
1587 1006 1719 1063 fecit
1744 1024 1964 1064 omnem
1999 1009 2139 1065 hanc

2244 1015 2338 1068 xui.
2367 1016 2666 1088 ἀποδημεῖν
2688 1018 3007 1086 ἐσκέπτετο,
3025 1019 3121 1073 καὶ
3144 1020 3226 1083 είς
3250 1018 3349 1091 τὴν
3371 1020 3627 1091 πατρῴαν
3647 1022 3817 1077 ἑστίαν

544 1101 797 1171 gloriam.
828 1101 897 1155 Et
931 1099 1070 1156 vidit
1112 1098 1282 1155 Iacob
1316 1100 1512 1156 faciem
1543 1100 1751 1165 Laban,
1779 1110 1838 1155 et
1871 1117 2001 1157 ecce
2028 1117 2137 1157 non

2244 1103 2400 1172 αὖθις
2439 1110 2765 1182 ἅποφοιτᾷν.
2798 1112 3118 1184 Γέγραπται
3154 1094 3400 1183 γὰρ,’ὄτι
3437 1130 3456 1163 ι
3497 1113 3607 1166 Καὶ
3631 1113 3812 1166 ἐπλςύο

544 1202 667 1251 erat
697 1209 823 1266 erga
845 1209 973 1249 cum
1001 1194 1147 1248 sicut
1173 1193 1295 1249 heri
1320 1199 1377 1249 et
1407 1193 1613 1249 nudius
1636 1194 1851 1249 tertius.
1879 1195 2026 1249 Dixit
2044 1211 2137 1250 aus

2240 1218 2409 1273 τησεν
2437 1204 2466 1255 ὁ
2498 1201 2786 1273 ἄνθρωπος
2808 1204 3036 1275 σφόδρα.
3062 1204 3173 1258 Καὶ
3206 1202 3457 1273 ἐγένοντο
3483 1204 3631 1274 αὐτῷ
3662 1209 3815 1277 κτήνη

544 1296 655 1344 tem
686 1287 955 1343 Dominus
986 1287 1054 1343 ad
1076 1287 1281 1343 Iacob:
1306 1288 1605 1343 Revertere
1635 1286 1693 1342 in
1728 1295 1931 1342 terram
1967 1287 2137 1357 patris

2242 1292 2434 1360 πολλὰ,
2468 1294 2563 1348 καὶ
2593 1293 2737 1364 βόες,
2770 1296 2865 1349 καὶ
2906 1297 3122 1362 παῖδες,
3155 1296 3251 1350 καὶ
3281 1296 3588 1361 παιδίσκαι,
3616 1300 3706 1353 καὶ
3730 1301 3817 1354 κά-

544 1383 647 1447 tui,
663 1381 794 1437 etad
808 1380 1216 1453 generationem
1230 1390 1378 1436 tuam
1388 1422 1402 1446 ,
1416 1390 1473 1436 et
1483 1396 1578 1437 cro
1592 1388 1794 1436 tecum.
1811 1380 2031 1436 Mittens
2041 1396 2137 1435 au-

2243 1386 2426 1459 μηλοι,
2456 1388 2552 1442 καὶ
2591 1387 2724 1453 δνοι,
2765 1389 2862 1442 καὶ
2899 1389 3135 1460 ἡμίονοι.
3170 1390 3413 1444 Ἤκουσε
3438 1390 3496 1444 δὲ
3539 1390 3727 1445 Ἰακὼό
3760 1394 3819 1447 τὰ

543 1485 654 1532 tem
670 1474 841 1531 Iacob
856 1473 1239 1530 voeavitLiam
1253 1473 1524 1529 etRachel
1556 1473 1611 1527 in
1643 1488 1835 1544 agrum
1863 1473 1958 1528 ubi
1978 1482 2136 1530 erant

2241 1482 2464 1554 ῥήματα
2495 1479 2606 1536 τῶν
2640 1481 2774 1536 υἱῶν
2794 1482 2980 1537 Λὰὅαν
3014 1482 3287 1553 λεγόντων
3310 1500 3325 1516 ο
3352 1482 3592 1555 Εἵληφεν
3638 1484 3817 1539 Ἰακὼϐ

542 1582 765 1638 greges,
789 1574 847 1622 et
880 1566 959 1621 ait
987 1566 1097 1621 illis
1120 1583 1134 1619 :
1161 1565 1333 1623 Video
1370 1579 1473 1637 ego
1498 1563 1693 1620 faciem
1723 1566 1898 1636 patris
1935 1565 2133 1631 vestri,

2239 1574 2419 1628 πάντα
2450 1572 2520 1628 τὰ
2542 1573 2637 1626 τοῦ
2668 1574 2875 1646 πατρὸς
2914 1574 3093 1645 ἡμῶν,
3126 1575 3223 1628 καὶ
3249 1576 3314 1628 ἐκ
3351 1574 3463 1629 τῶν
3499 1574 3592 1629 τοῦ
3630 1575 3818 1647 πατρὸς

541 1660 694 1731 quod
726 1675 836 1715 non
862 1669 947 1716 est
969 1676 1100 1731 erga
1124 1675 1234 1725 me,
1264 1659 1408 1715 sicut
1435 1658 1556 1714 heri
1580 1666 1636 1714 et
1659 1659 1866 1714 nudius
1893 1659 2093 1715 tertius
2118 1677 2132 1714 :

2238 1667 2397 1739 ⁴ἡμῶν
2425 1666 2696 1738 πεποίηκε
2739 1668 2920 1721 πᾶσαν
2951 1666 3051 1738 τὴν
3077 1666 3237 1732 δόξαν
3276 1666 3506 1739 ταύτην.
3544 1668 3652 1721 Καὶ
3692 1664 3816 1721 εἶδεν

539 1754 689 1811 Deus
712 1761 896 1809 autem
924 1754 1101 1827 patris
1129 1753 1238 1809 mei
1264 1752 1369 1808 fuit
1390 1767 1630 1808 mecum.
1658 1752 1768 1809 Vos
1791 1761 1976 1808 autem
2003 1753 2132 1823 ipsae

2249 1757 2444 1813 Ἰακὼϐ
2471 1758 2532 1814 τὸ
2560 1759 2853 1830 πρόσωπον
2884 1758 3073 1813 Λάδαν
3099 1798 3116 1825 ,
3162 1761 3260 1813 καὶ
3292 1760 3403 1813 ἰδοὺ
3435 1760 3537 1813 οὐκ
3583 1755 3649 1831 ἦν
3696 1760 3818 1830 πρὶς

538 1847 717 1913 scitis,
742 1848 889 1917 quod
932 1846 988 1902 in
1027 1845 1290 1902 omnibus
1310 1845 1528 1902 viribus
1563 1846 1704 1901 meis
1744 1846 1946 1901 servivi
1988 1846 2131 1917 patri

2237 1850 2399 1905 αὐτὸν
2426 1849 2504 1915 ὼς
2541 1850 2670 1922 χθὲς
2710 1850 2806 1905 καὶ
2838 1850 3029 1922 τρίτην
3062 1851 3300 1922 ἡμέραν.
3349 1846 3490 1904 Εἷπε
3530 1850 3587 1905 δὲ
3631 1851 3817 1922 Κύριος

539 1905 824 2006 vestro,at
859 1948 1017 2010 pater
1055 1947 1240 1996 vester
1261 1939 1480 2011 decepit
1510 1954 1622 2005 me,
1646 1946 1704 1995 et
1728 1940 1963 1995 mutavit
1984 1905 2132 1995 mer-

2237 1944 2379 2015 πρὸς
2422 1905 2667 1999 Ἰακῑῦϐῖ
2707 1905 3196 2016 Ἀποσῖιρέἷρουηεὶς
3226 1945 3326 2016 τὴν
3355 1940 3464 2016 γῆν
3492 1945 3586 1999 τοῦ
3628 1905 3818 2017 πατρὸς

536 2032 730 2090 cedem
757 2032 950 2088 decem
988 2047 1275 2104 agnorum.
1329 2050 1349 2084 ι
1393 2031 1602 2088 Deinde
1637 2031 1715 2087 ait
1760 2050 1773 2086 :
1825 2052 1845 2084 ‹
1890 2032 2129 2089 Abstulil

2238 2054 2355 2101 σου,
2405 2037 2501 2091 καὶ
2537 2038 2617 2104 είς
2650 2036 2750 2110 τὴν
2786 2038 2982 2107 γενεάν
3018 2054 3136 2102 σου,
3168 2037 3265 2091 καὶ
3294 2037 3497 2108 ἔσομαι
3538 2037 3676 2109 μετὰ
3710 2036 3815 2093 σοῦ.

536 2127 685 2183 Deus
698 2126 882 2182 omnia
898 2142 1100 2198 pecora
1121 2126 1297 2197 patris
1315 2126 1508 2191 vestri,
1524 2134 1582 2181 et
1598 2122 1754 2181 dedit
1766 2126 1901 2182 mihi
1920 2126 2011 2181 illa
2028 2126 2094 2180 “.
2107 2144 2127 2177 ι

2247 2129 2599 2194 Ἀποστείλας
2621 2130 2680 2184 δὲ
2722 2127 2919 2183 Ἰακὼϐ
2946 2129 3173 2183 ἐκάλεσε
3214 2130 3419 2201 Ῥαχὴλ
3440 2130 3539 2184 καὶ
3566 2131 3728 2184 Λείαν
3749 2131 3818 2193 εἰς

536 2219 750 2275 Revera
792 2218 942 2275 enim
983 2218 1180 2275 ditavit
1219 2233 1321 2274 nos
1358 2218 1626 2275 Dominus
1656 2226 1848 2275 noster
1879 2217 2129 2275 Christus

2232 2225 2294 2279 τὸ
2324 2222 2529 2287 πεδίον,
2570 2217 2632 2278 οὗ
2653 2218 2721 2295 ἦν
2735 2222 3063 2293 τὰποίμνια.
3088 2224 3199 2277 Καὶ
3226 2218 3384 2276 εἶπεν
3420 2222 3617 2286 αὐταῖς
3637 2240 3651 2253 ·
3684 2220 3816 2293 Ὀρῶ

533 2316 716 2378 Iesus,
758 2313 817 2368 in
859 2313 1184 2368 immensam
1223 2312 1662 2377 multitudinem,
1703 2326 2044 2382 congregans
2075 2311 2126 2366 in

2233 2316 2342 2386 ἐγὼ
2359 2316 2421 2371 τὸ
2438 2316 2732 2389 πρόσωπον
2757 2316 2852 2371 τοῦ
2872 2316 3080 2388 πατρὸς
3102 2316 3132 2369 ὐ
3140 2314 3278 2387 μῶν,
3302 2316 3389 2369 ὅτι
3424 2317 3528 2370 οὐκ
3561 2315 3675 2368 ἔστι
3695 2314 3817 2386 πρὸς

533 2405 745 2462 mundo
766 2419 900 2461 suos
924 2404 1165 2461 cultores
1191 2422 1204 2458 :
1230 2403 1326 2474 qui
1348 2404 1515 2459 etiam
1543 2403 1896 2474 splendidum
1929 2402 2126 2458 mentis

2226 2410 2332 2481 ἐμὲ
2369 2409 2446 2473 ὼς
2470 2408 2599 2481 χθὲς
2627 2409 2724 2466 καὶ
2755 2408 2949 2481 τρίτην
2984 2408 3222 2480 ἡμέραν.
3264 2408 3323 2461 '0
3351 2407 3413 2461 δὲ
3442 2407 3576 2471 Θεὸς
3605 2406 3696 2461 τού
3719 2421 3814 2461 πα-

531 2499 694 2555 bona:
708 2496 1001 2553 donarium
1022 2495 1307 2551 servitutis
1327 2511 1442 2552 sua:
1461 2496 1566 2551 sub
1590 2496 1709 2566 ipso
1726 2494 2124 2552 confessionem

2228 2502 2359 2575 τρός
2392 2519 2495 2574 μου
2522 2497 2592 2574 ἦν
2630 2502 2749 2574 μετ’
2783 2500 2944 2573 ἐμοῦ.
2991 2501 3104 2555 Καὶ
3137 2500 3304 2554 αὐταὶ
3331 2500 3393 2554 δὲ
3439 2499 3625 2554 οἴδατε
3662 2499 3741 2553 δτι
3765 2499 3815 2551 ἐν

529 2591 762 2656 faciunt,
774 2590 1024 2646 dicentes
1040 2608 1052 2645 :
1068 2608 1085 2640 ‹
1105 2588 1217 2645 Nos
1232 2596 1416 2644 autem
1434 2588 1672 2659 populus
1686 2603 1905 2659 pascua:
1919 2590 2059 2659 ejus,
2074 2595 2122 2643 et

2231 2598 2381 2669 πάσῃ
2422 2600 2489 2670 τῇ
2524 2596 2671 2668 ίσχύῖ
2708 2614 2813 2668 μου
2852 2594 3182 2650 δεδούλευκα
3210 2593 3291 2666 τῷ
3330 2594 3512 2667 πατρὶ
3546 2594 3718 2665 ὐμῶν.
3764 2591 3815 2646 '0

529 2699 664 2740 oves
687 2700 885 2739 manus
899 2684 1021 2754 ejus
1036 2683 1103 2737 ³⁷.
1129 2702 1148 2735 ι
1175 2681 1452 2767 Caeterum
1475 2680 1574 2736 ﬁlii
1595 2682 1787 2737 mundi
1819 2681 1926 2737 hoc
1945 2682 2122 2738 animo

2228 2694 2286 2748 δὲ
2336 2692 2518 2765 πατὴρ
2552 2691 2708 2775 ὑμῶν
2751 2686 3175 2762 παρεκρούσατό
3218 2704 3309 2756 με,
3360 2687 3463 2741 καὶ
3494 2685 3691 2758 suae;
3734 2683 3814 2739 τὸν

405 2844 411 2849 γ
528 2776 721 2846 quieto
753 2791 865 2833 non
888 2775 1185 2831 sustinent.
1222 2758 1530 2844 Spoliatum
1561 2788 1696 2828 vero
1721 2772 1998 2844 quodamn

2232 2786 2423 2859 μισθόν
2456 2758 2560 2856 μου
2579 2758 2691 2838 τῶν
2712 2758 2848 2837 δέκα
2860 2758 3135 2854 ἀμνάδων.
3169 2799 3189 2831 ι
3217 2775 3355 2834 Εἶτά
3383 2796 3544 2849 φησι,
3571 2781 3653 2833 ὅτι
3682 2774 3818 2831 «Καὶ

525 2869 780 2925 videntes
796 2883 958 2924 suum
978 2875 1212 2939 patrem,
1227 2874 1285 2923 et
1300 2865 1430 2922 boni
1447 2867 1683 2938 pastoris
1699 2882 1923 2921 manum
1939 2866 2118 2922 subire

2227 2881 2483 2950 ἀφείλετο
2512 2882 2541 2934 ό
2574 2878 2711 2943 Θεὸς
2749 2876 2930 2931 πάντα
2954 2876 3025 2931 τὰ
3060 2875 3234 2947 κτήνη
3272 2874 3373 2927 τοῦ
3416 2873 3626 2945 πατρὸς
3653 2869 3815 2942 ὑμῶν,

526 2962 773 3035 insignes
786 2962 1063 3034 prmeipue
1080 2975 1233 3025 oves,
1265 2959 1682 3031 variegatosque
1702 2959 1996 3030 multiplici
2016 2959 2130 3014 vir-
2226 2977 2322 3029 καὶ
2353 2973 2521 3028 ἔδωκέ
2552 2990 2644 3044 μοι
2680 2970 2841 3026 αὐτά,
2879 2989 2899 3023 ,
2945 2968 3301 3037 umnam“
3343 2967 3454 3038 μὲν
3479 2967 3592 3036 γὰρ
3617 2963 3818 3035 ἀληθῶς

524 3064 709 3112 tutum
729 3070 931 3128 genere
945 3070 1042 3110 eos
1060 3052 1203 3124 quia
1221 3052 1441 3109 Christo
1459 3053 1628 3125 geniti
1648 3052 2117 3118 sunt,obmurmu-

2226 3064 2255 3116 ό
2283 3064 2489 3132 Κύριος
2517 3060 2675 3132 ἡμῶν
2718 3058 2930 3131 Ἰησοῦς
2957 3057 3218 3130 Χριστὸς,
3238 3060 3315 3121 εἰς
3346 3055 3573 3129 πληθὺν
3594 3055 3819 3126 ἀμέτρη-

525 3158 654 3205 rant
676 3149 925 3204 dicentes
952 3165 964 3201 :
999 3165 1018 3197 ‹
1046 3145 1272 3217 Accepit
1290 3145 1459 3202 Iacob
1475 3145 1660 3201 omnia
1687 3162 1810 3215 quae
1830 3145 2005 3217 patris
2028 3160 2118 3199 no-

2224 3171 2339 3216 τον,
2375 3154 2717 3225 συναγείρων
2742 3153 2801 3206 ἐν
2827 3151 3020 3223 κόσμῳ
3040 3150 3169 3215 τοὺς
3197 3150 3364 3214 ἰδίους
3402 3146 3784 3222 προσκυνητὰς
3805 3161 3816 3175 ·

525 3241 649 3307 stri,
671 3249 836 3325 atque
864 3256 933 3295 ex
962 3239 1138 3311 patris
1158 3238 1335 3294 nostri
1370 3237 1722 3295 facultatibus
1751 3237 1883 3293 fecit
1902 3252 2118 3292 omnem

2268 3247 2278 3300 ἱ
2311 3245 2409 3300 καὶ
2444 3246 2684 3309 διανοίας
2722 3243 2937 3315 ἀγαθῆς
2979 3242 3241 3314 ἀνάθημα
3280 3241 3551 3315 λαμπρὸν
3598 3241 3696 3312 τῆς
3738 3236 3819 3291 ὐπ’
3854 3284 3861 3296 .

525 3337 671 3392 hanc
711 3335 942 3407 gloriam
988 3334 1053 3388 ³⁸.
1100 3354 1118 3386 ι
1156 3332 1347 3404 Neque
1383 3347 1518 3387 vero
1555 3331 1919 3386 mentiuntur.
1947 3331 2118 3386 Verus

2226 3339 2391 3393 αὐτὸν
2429 3338 2676 3401 δουλείας
2710 3335 2993 3391 ποιοῦνται
3032 3335 3133 3407 τὴν
3175 3334 3501 3407 ὁμολογίαν,
3542 3335 3817 3403 λέγοντες·

523 3427 674 3483 enim
707 3435 794 3483 est
818 3442 1021 3484 sermo.
1050 3426 1296 3481 Adduxit
1330 3424 1479 3481 enim
1510 3422 1770 3479 Christus
1803 3437 1997 3477 omnes
2027 3423 2116 3491 qui

2231 3450 2251 3482 ι
2295 3430 2489 3504 Ἡμεῖς
2513 3431 2569 3484 δὲ
2602 3430 2730 3496 λαὸς
2763 3431 2934 3501 νομῆς
2973 3428 3167 3494 αὐτοῦ,
3204 3428 3301 3482 καὶ
3348 3428 3610 3501 πρόϐατα
3652 3423 3820 3498 χειρὸς

524 3520 581 3575 in
612 3520 825 3577 mundo
864 3528 994 3576 sunt
1022 3519 1091 3575 ad
1118 3535 1199 3585 se,
1228 3517 1582 3589 propriisque
1609 3515 1726 3571 suis
1757 3515 1999 3569 ovilibus
2035 3514 2117 3569 in-

2229 3523 2414 3580 αὐτοῦ.
2452 3542 2472 3576 ι
2523 3523 2664 3577 Ἀλλ’
2691 3524 2927 3595 ἠρεμεῖν
2959 3520 3055 3575 ἐπὶ
3081 3520 3297 3585 τούτοις
3317 3522 3426 3576 οὐκ
3450 3521 3740 3593 ἀνέχονται
3760 3516 3822 3570 τὰ

523 3615 756 3671 eludens
787 3614 1135 3672 credentium
1163 3627 1376 3683 greges,
1401 3609 1624 3665 divitias
1660 3608 1828 3663 habet
1853 3608 1965 3663 Deo
1986 3623 2116 3663 con-

2228 3616 2319 3670 τού
2350 3615 2558 3687 κόσμου
2590 3613 2782 3671 τέκνα.
2810 3611 3130 3685 Συλώμενον
3159 3613 3216 3667 δὲ
3243 3612 3445 3685 ὥσπερ
3474 3614 3712 3686 ὁρῶντες
3738 3610 3821 3665 τὸν

521 3709 832 3775 venientes,
856 3715 914 3763 et
952 3705 1186 3778 gloriam
1207 3703 1658 3775 praeminentem
1680 3717 1696 3766 ;
1722 3699 1798 3755 ait
1833 3699 1981 3755 enim
2019 3698 2114 3753 ali-

2231 3707 2439 3762 ὲαυτῶν
2470 3707 2706 3779 πατέρα,
2742 3705 2839 3759 καί
2861 3705 2965 3776 τὴν
2996 3703 3092 3758 τοῦ
3132 3704 3348 3774 ἀγαθοῦ
3391 3707 3662 3775 ποιμένος
3702 3705 3824 3758 ὑπο·

522 3805 654 3861 cubi
677 3810 731 3859 et
755 3803 873 3874 ipse
897 3802 967 3856 ad
991 3801 1213 3855 Patrem
1237 3807 1294 3853 et
1315 3798 1489 3853 Deum
1516 3796 1797 3852 cmlestem
1825 3812 1838 3848 :
1875 3814 1893 3845 ι
1925 3793 2115 3850 Omnia

2231 3801 2487 3874 τρέχοντα
2519 3802 2682 3871 χεῖρα
2716 3797 2788 3852 τὰ
2810 3797 2921 3852 τῶν
2956 3797 3265 3869 προϐάτων»
3286 3801 3458 3870 ἑπιση
3470 3800 3711 3871 μότατα·
3738 3793 3824 3849 καὶ

520 3912 647 3953 mea
661 3900 755 3951 tua
772 3901 922 3958 sunt,
936 3900 993 3947 et
1009 3900 1102 3947 tua
1117 3905 1259 3956 mea,
1277 3896 1333 3944 et
1347 3885 1684 3960 gloriﬁcatus
1700 3900 1823 3941 sum
1841 3884 1897 3939 in
1912 3884 1994 3939 eis
2008 3884 2072 3938 ³³.
2094 3902 2113 3935 ι

2234 3891 2674 3963 ποικιλλομένους
2714 3893 2840 3955 ταῖς
2885 3890 3233 3945 πολυειδέσιν
3268 3891 3508 3963 ἀρεταῖς
3553 3891 3683 3954 τοὺς
3729 3886 3827 3941 ὑπὸ

521 3986 823 4044 Videamus
842 3995 1026 4041 autem
1047 3991 1103 4039 et
1127 3981 1439 4038 mercedem
1453 3975 1659 4036 Iacobo
1680 3977 1864 4032 datam
1887 3995 1900 4031 :
1935 3995 1953 4028 ‹
1981 3977 2114 4031 Fue-

2235 3983 2447 4057 Κριστῷ
2485 3981 2888 4052 γεννωμένους,
2917 3980 3307 4053 τονθορύξουσι
3349 3982 3645 4051 λέγοντες·
3688 4000 3707 4033 ‹
3742 3978 3828 4034 Εἶ-

521 4087 655 4137 runt
677 4079 750 4145 ei,
769 4079 867 4144 ait,
886 4093 1085 4149 pecora
1109 4076 1302 4139 multa,
1327 4082 1382 4129 et
1404 4072 1605 4138 boves;
1633 4070 1780 4125 servi
1808 4077 1866 4125 et
1884 4069 2114 4135 ancillae,

2236 4082 2395 4148 mcpsv
2437 4073 2633 4129 Ἰακὼϐ
2666 4074 2848 4128 πάντα
2888 4072 2958 4127 τὰ
3006 4072 3101 4126 τοῦ
3149 4073 3361 4144 πατρὸς
3399 4074 3588 4145 ἡμῶν,
3631 4075 3724 4128 καὶ
3770 4073 3829 4126 ὲκ

520 4171 718 4228 cameli
756 4178 814 4226 et
854 4169 993 4226 asini
1038 4168 1106 4223 ⁸ο.
1156 4187 1175 4221 ι
1210 4163 1904 4234 Videamus-colligentem
1948 4162 2113 4217 etiam

2235 4169 2331 4225 τῶν
2383 4167 2481 4223 τοῦ
2525 4167 2735 4237 πατρὸς
2777 4165 2939 4237 ἡμῶν
2969 4165 3243 4237 πεποίηκε
3286 4168 3482 4221 πᾶσαν
3531 4170 3637 4239 τὴν
3681 4167 3828 4233 δόξαν

517 4265 805 4322 Christum
828 4278 896 4318 ex
918 4262 1067 4317 omni
1093 4275 1320 4334 genere,
1344 4267 1406 4314 ut
1428 4257 1698 4328 scriptum
1718 4263 1805 4311 est
1829 4272 1843 4310 :
1880 4275 1899 4308 ι
1928 4255 2110 4311 Simile

2237 4265 2449 4336 ταύτην.
2493 4281 2511 4315 ι
2558 4262 2667 4316 Καὶ
2706 4259 3099 4332 ψευδοεπούσιν
3126 4260 3411 4331 οὐδαμῶς.
3459 4262 3701 4333 Ἀληθὴς
3728 4261 3830 4332 γὰρ

517 4366 603 4421 est
626 4372 859 4431 regnum
896 4357 1165 4412 caelorum
1203 4353 1362 4425 152
1402 4367 1620 4423 sagenaa
1655 4350 1838 4407 missm
1861 4349 1917 4405 in
1943 4364 2110 4414 mare,

2235 4361 2251 4414 5
2279 4359 2457 4427 λόγος.
2485 4356 2821 4427 Συνεκόμισε
2847 4354 2959 4429 γὰρ
2992 4354 3243 4417 ἅπαντας
3276 4356 3363 4418 εἰς
3397 4356 3597 4410 ἑαυτὸν
3629 4356 3756 4419 τούς
3777 4357 3828 4408 ἐν

516 4464 574 4510 et
594 4471 662 4509 ex
686 4452 835 4509 omni
870 4466 1075 4523 genere
1101 4449 1339 4522 piscium
1364 4444 1716 4518 eongreganti
1747 4444 1815 4500 δι.
1851 4464 1870 4496 ι
1900 4443 2109 4499 Admit-

2237 4452 2414 4523 κόσμῳ
2440 4449 2697 4522 Χριστὸς,
2728 4446 3179 4519 ὲνσηκασάμενός
3198 4465 3257 4501 τε
3286 4451 3416 4512 ταῖς
3449 4450 3618 4513 ἰδίαις
3647 4448 3830 4509 αὐλαῖς

515 4549 586 4604 tit
622 4545 770 4602 enim
812 4558 1056 4608 servum,
1095 4551 1157 4596 ut
1181 4554 1313 4594 eum
1340 4538 1616 4596 libertatis
1642 4538 1814 4609 gloria
1842 4538 2108 4593 illustrem

2236 4543 2322 4606 τὰς
2354 4541 2463 4596 τῶν
2493 4540 2908 4594 πιστευσάντων
2929 4539 3153 4607 ἀγέλας,
3174 4538 3416 4593 πλοῦτον
3449 4540 3568 4612 ἔχει
3593 4540 3689 4594 τὸν
3723 4539 3829 4591 θεο-

516 4638 733 4695 rcddat.
775 4634 1032 4692 Admittit
1056 4648 1154 4689 eos
1180 4632 1276 4703 qui
1310 4631 1418 4687 sub
1455 4631 1577 4703 lege
1609 4638 1761 4696 sunt,
1785 4630 1959 4685 veluti
1986 4645 2109 4684 san-

2241 4635 2409 4706 τρεπῆ
2433 4635 2528 4688 καὶ
2558 4632 2720 4698 δόξαν
2745 4630 3115 4703 ἐξηρτημένην.
3155 4632 3301 4702 Ἔφη
3336 4633 3453 4705 γάρ
3484 4650 3594 4688 που
3631 4633 3725 4686 καὶ
3742 4629 3834 4685 αὐ·

518 4740 639 4788 etes
662 4731 773 4802 jam
810 4737 867 4785 et
901 4726 968 4785 ad
992 4726 1240 4798 spiritale
1268 4734 1425 4796 aptos
1459 4721 1818 4788 sacrificium,
1843 4721 1993 4794 quod
2019 4738 2111 4792 per

2237 4728 2312 4793 πὸς
2344 4727 2481 4799 πρὸς
2505 4727 2598 4781 τὸν
2622 4728 2679 4779 ὲν
2709 4726 2822 4789 τοῖς
2858 4724 3114 4797 οὐρανοῖς
3151 4724 3378 4795 Πατέρα
3408 4726 3513 4779 καὶ
3546 4725 3682 4779 Θεὸν
3703 4764 3717 4789 ,
3755 4723 3830 4776 ὅτι

518 4843 664 4882 ouem
703 4833 753 4878 et
787 4823 968 4878 bovem
999 4817 1361 4891 signiﬁcatur,
1409 4823 1471 4872 ut
1517 4815 1585 4871 ad
1622 4815 1955 4887 evangelicae
1990 4814 2111 4871 vitae

2240 4839 2247 4872 ι
2286 4818 2472 4872 Πάντα
2518 4816 2589 4870 τὰ
2623 4814 2734 4886 ἐμὰ
2777 4813 2850 4868 σά
2876 4815 3016 4878 ἔστι,
3058 4814 3157 4868 καὶ
3190 4814 3259 4868 τὰ
3284 4814 3361 4867 σὰ
3389 4815 3533 4884 ἐμὰ,
3572 4816 3670 4868 καὶ
3700 4809 3833 4866 δεδό-

517 4917 861 4977 transfcrens
883 4913 1256 4987 splendorem,
1279 4910 1477 4967 reddat
1508 4908 1831 4966 sanctiores.
1858 4908 2110 4964 Admittit

2237 4910 2427 4980 Ξασμαι
2457 4909 2516 4960 ὲν
2544 4906 2749 4969 αὐτοῖς.
2780 4922 2802 4957 ι
2830 4904 3063 4974 Ἴδωμεν
3091 4902 3150 4957 δὲ
3178 4902 3275 4956 καὶ
3297 4904 3476 4959 αὐτὸν
3506 4904 3607 4959 τοῦ
3647 4898 3830 4957 Ἰακὼῦ

513 5020 781 5084 ρταιονοα
805 5007 1095 5081 profanum
1121 5012 1289 5076 atque
1312 5004 1595 5074 impurum
1622 5015 1818 5072 genus,
1843 5000 1992 5072 quod
2015 5016 2106 5072 per

2236 5005 2313 5059 ιὺν
2340 5002 2551 5075 μισθόν.
2584 5019 2604 5054 ι
2644 4999 2927 5070 Ἐγένοντο
2944 4999 3005 5053 δὲ
3026 4999 3199 5070 αὐτῷ,
3230 4999 3399 5069 φησὶ,
3427 5002 3612 5070 κτήνη
3645 4992 3829 5051 πολλὰ.

515 5104 788 5167 camelum
810 5111 867 5157 et
892 5101 1112 5157 asinum
1136 5096 1501 5170 signiﬁcatur,
1522 5102 1586 5150 ut
1603 5092 1863 5150 sordibus
1885 5093 2108 5150 absum-

2238 5095 2317 5148 ιαὶ
2371 5093 2527 5164 βόες.
2567 5091 2757 5156 παῖδές
2791 5108 2855 5145 τε
2898 5092 2997 5145 καὶ
3034 5090 3367 5155 παιδίσκαι,
3427 5090 3681 5160 κάμηλοι
3741 5084 3831 5140 καὶ

514 5194 627 5266 ptis
653 5193 859 5251 erroris
883 5192 951 5248 de
976 5191 1289 5262 pluralitate
1311 5186 1546 5243 deorum
1571 5201 1748 5258 puros
1767 5186 2107 5256 mundaeque

2239 5188 2354 5243 ίνοι.
2394 5205 2415 5238 ι
2468 5186 2632 5258 Ὁρᾷς
2661 5185 3053 5256 συναγείροντα
3076 5183 3172 5237 καὶ
3195 5180 3288 5234 τὸν
3320 5182 3581 5252 Χριστὸν
3605 5185 3670 5236 ὲκ
3702 5194 3832 5232 παν-

516 5295 835 5345 sanetorum
861 5284 1028 5341 emtui
1072 5284 1386 5356 coniungat.
1426 5280 1588 5337 Motis
1629 5278 1816 5351 itaque
1853 5279 1923 5335 ad
1967 5280 2109 5335 invi-

2234 5279 2315 5343 τὸς
2351 5277 2569 5347 γένους,
2600 5276 2744 5331 κατὰ
2774 5276 2836 5329 τὸ
2862 5274 3254 5346 γεγραμμένον
3278 5288 3294 5302 ο
3328 5294 3349 5325 ι
3390 5275 3599 5345 Ὁμοία
3631 5268 3827 5336 ἐστὶνὴ

516 5380 663 5439 diam
702 5377 831 5435 ﬁliis
862 5377 1071 5443 Laban,
1109 5384 1276 5448 atque
1306 5356 1447 5431 adeo
1479 5374 1601 5446 ipso
1623 5372 1834 5439 Laban,
1863 5383 2109 5429 torvum-

2253 5369 2471 5425 ασιλεία
2487 5370 2596 5422 τῶν
2608 5367 2858 5436 οὐρανῶν
2871 5367 3085 5438 σαγήνῃ
3103 5364 3374 5437 βληθείσῃ
3393 5367 3457 5420 ὲν
3474 5368 3545 5437 τῇ
3566 5364 3846 5435 Θαλάσσῃᾈ

517 5484 624 5539 que
644 5483 749 5525 nec
769 5466 976 5523 invidia
995 5465 1237 5522 liberum
1249 5464 1463 5520 vultum
1480 5479 1594 5535 pra;
1613 5479 1675 5520 se
1689 5462 1901 5520 ferente
1922 5481 1969 5518 ει
1989 5464 2110 5520 Non

2237 5461 2316 5516 ιαὶ
2342 5463 2406 5514 ἐκ
2442 5459 2644 5524 παντὸς
2671 5459 2865 5529 γένους
2909 5457 3323 5529 συναγαγούσῃ.
3382 5470 3415 5511 ἰ
3446 5458 3688 5529 Δέχεται
3727 5452 3830 5522 γὰρ

517 5562 663 5617 enim
688 5568 825 5628 erat,
849 5561 1049 5633 inquit,
1071 5558 1241 5615 facies
1259 5559 1379 5631 ejus
1401 5557 1545 5614 sicut
1565 5556 1687 5613 heri
1703 5565 1762 5613 et
1780 5558 1987 5614 nudius
2004 5564 2110 5615 ter-

2238 5555 2312 5609 :bv
2351 5552 2560 5617 δοῦλον,
2594 5552 2682 5607 ἵνα
2708 5554 2822 5615 τοῖς
2854 5552 2934 5616 είς
2979 5549 3298 5623 ἐλευθερίαν
3337 5548 3676 5623 αὐχήμασιν
3702 5548 3831 5603 ἀπο·

518 5654 628 5712 tius
649 5656 695 5688 δ’
720 5673 733 5709 :
766 5672 785 5707 ι
811 5654 960 5711 Deus
982 5651 1174 5718 Iacob,
1199 5657 1265 5705 ut
1301 5649 1359 5704 in
1380 5656 1585 5706 terram
1608 5664 1763 5705 suam
1798 5658 2111 5708 revertere-

2240 5650 2368 5722 ρήνῃ
2397 5646 2671 5719 λαμπρόν.
2717 5643 2947 5717 Δέχεται
2992 5642 3123 5708 τοὺς
3171 5640 3278 5696 ὑπὸ
3314 5642 3496 5714 νόμον
3540 5642 3619 5708 ὡς
3661 5636 3833 5713 ἱεροὺς

599 5848 641 5880 ⁵⁸
672 5848 810 5905 Gen.
836 5864 965 5911 xxx,
993 5849 1091 5915 45;
1131 5864 1291 5911 xm,
1328 5848 1446 5903 1-7.
1525 5849 1569 5879 ³⁷
1620 5848 1763 5905 Psal.
1794 5867 1942 5918 serv,
1967 5854 2019 5907 7.
2104 5850 2192 5907 ³⁸(

2235 5867 2315 5912 μη.
2346 5865 2503 5914 xxxi,
2534 5847 2583 5903 Ι.
2663 5847 2706 5879 ³⁸
2734 5845 2892 5903 Ioan.
2931 5861 3038 5901 xm
3066 5842 3188 5912 ,lo.
3240 5841 3322 5911 ,⁵ο
3358 5840 3511 5911 Gen,
3554 5853 3701 5906 xxx,
3747 5839 3828 5894 4:5.

521 5919 563 5957 ⁴¹
598 5919 791 5983 Matth.
819 5937 934 5989 anu,
974 5921 1063 5981 4.7.
1157 5921 1198 5952 5'
1228 5920 1366 5977 Gen.
1400 5936 1543 5987 xxxi,
1580 5920 1615 5973 2
