4034 6458
202 439 305 500 N5

1234 449 1759 509 GLAPHYRORUM
1798 454 1866 509 IN
1905 452 2210 510 GENESIM
2251 452 2380 508 LIB.
2422 451 2487 506 ν.

3408 447 3520 506 246

200 559 300 630 ήδη
356 557 463 611 καὶ
504 558 594 622 τίς
644 557 839 613 θυσίαν
882 561 1225 633 ἐπιτηδείους
1264 564 1366 635 τὴν
1407 568 1812 638 πνευματικὴν,

1930 574 2033 631 tur,
2066 566 2360 637 pracepit;
2390 566 2486 636 qui
2512 562 2805 620 accersivit
2831 574 3031 617 uxores
3056 575 3204 624 suas,
3234 560 3388 615 Liam
3429 568 3521 616 ut.-

202 652 276 716 ὡς
328 652 392 705 ιν
446 652 574 718 ouk
630 651 784 717 τάξει
823 653 921 709 καὶ
966 654 1122 722 ,βοός
1145 672 1159 687 ·
1201 656 1289 710 ῑνα
1346 660 1697 731 μεταστήσας
1737 662 1816 725 εἰς

201 743 560 813 φαιδρότητα
577 743 863 810 πολιτείας
886 747 1279 820 εύαγγελικῆς,
1305 750 1635 824 ίερωτέρους
1655 753 1821 824 ἐργά-

203 854 391 910 σηται.
434 837 675 909 Δέχεται
703 838 763 893 δὲ
784 840 924 912 πρὸς
951 841 1164 907 τούτοις
1189 845 1285 898 καὶ
1312 844 1375 899 τὸ
1403 845 1620 918 ἀνίερόν
1642 864 1704 900 τε
1726 848 1820 901 καὶ

202 927 534 1000 ἀκάθαρτον
567 929 730 999 γένος
751 947 768 963 ο
798 930 874 994 ὡς
902 933 961 986 ὲν
994 932 1147 1000 τάξει
1199 934 1450 1006 καμήλου
1490 936 1587 990 καὶ
1633 936 1820 1008 μέντοι

218 1020 312 1075 καὶ
337 1020 495 1086 ὄνου,
529 1021 626 1077 ἵνα
661 1021 763 1093 τῆς
798 1021 1065 1077 πολυθέου
1096 1024 1307 1097 πλάνης
1336 1026 1428 1079 τὸν
1455 1026 1628 1099 ῥύπον
1658 1029 1823 1099 ἐκτή-

217 1113 329 1180 ξας.
379 1113 679 1184 καθαρούς
705 1130 766 1169 τι
804 1114 903 1169 καὶ
942 1115 1306 1188 ἡγνισμένους
1348 1119 1461 1181 τοῖς
1493 1117 1606 1171 τῶν
1647 1119 1825 1188 ἁγίων

213 1207 428 1278 συνάψῃ
458 1209 674 1281 χοροῖς.
719 1208 1121 1279 Κεκινημένων
1152 1207 1221 1279 δὴ
1257 1205 1352 1266 οῦν
1383 1209 1463 1273 είς
1493 1209 1688 1280 φθόνον
1714 1209 1824 1267 τῶν

209 1300 397 1356 Λάϐαν
420 1300 588 1367 υίῶν,
617 1301 714 1356 καὶ
741 1301 909 1356 αὐτοῦ
932 1301 989 1355 δὲ
1017 1300 1113 1356 τοῦ
1143 1303 1354 1367 Λάὸαν,
1394 1302 1595 1375 ἀμειδῆ
1630 1321 1692 1359 τε
1731 1306 1826 1359 καὶ⁸

209 1392 743 1465 σκυθρωπάζουσαν
783 1393 880 1447 καὶ
920 1392 1228 1465 βασκανίας
1268 1395 1371 1450 οὐκ
1397 1395 1691 1468 ἐλευθέραν
1724 1398 1825 1466 τὴν

204 1486 383 1556 ὀφρὺν
406 1484 823 1555 ἀποφαίνοντος
841 1502 854 1514 ·
868 1505 887 1538 ι
914 1485 991 1540 Οὐ
1019 1486 1131 1558 γάρ
1147 1482 1217 1559 ἦν
1234 1488 1299 1543 τὺ
1317 1489 1610 1561 πρόσωπον
1632 1490 1823 1555 αὐτοῦ,

203 1576 344 1646 φησὶ
364 1616 382 1639 ,
436 1575 631 1640 καθὼς
663 1576 795 1648 χθὲς
824 1579 920 1632 καί
953 1579 1145 1650 τρίτην
1174 1580 1391 1652 ἡμέραν
1411 1596 1424 1610 ⁶
1470 1600 1491 1634 ι
1524 1584 1827 1655 ἐπανήκειν

201 1671 286 1734 είς
338 1668 415 1723 τὰ
444 1671 633 1724 οἰκεῖα
671 1668 753 1741 τῷ
806 1670 1004 1725 Ἰακὼό
1045 1672 1359 1728 ἐνετέλλετο
1382 1674 1537 1738 Θεός.
1584 1675 1643 1730 Ὀ
1671 1676 1729 1731 δὲ
1757 1678 1828 1731 τά

138 1756 150 1773 ¹
202 1760 413 1830 γύναια
450 1763 875 1834 μετεπέμπετο,
903 1764 1070 1818 Λείαν
1095 1763 1156 1820 τέ
1181 1783 1327 1837 φημι
1357 1766 1453 1821 καὶ
1493 1766 1712 1840 Ῥαχὴλ,
1732 1772 1827 1825 καὶ

204 1853 307 1927 τὴν
334 1855 443 1926 μὲν
482 1855 585 1909 τοῦ
622 1858 830 1927 πατρὸς
861 1858 1077 1913 ἀδικίαν
1113 1859 1383 1930 ἀφηγεῖτο
1408 1860 1617 1931 σαφῶς.
1650 1864 1823 1935 Προσ-

1923 661 2126 715 mirum
2149 669 2207 716 et
2224 660 2452 723 Rachel,
2470 674 2535 713 ac
2549 658 2722 729 patris
2738 654 2962 727 quidem
2988 654 3218 726 injurias
3239 654 3308 710 iis
3328 666 3520 725 aperte

1921 754 2179 824 explicat.
2205 751 2422 823 Adjecit
2443 766 2577 807 vero
2596 769 2608 805 :
2636 771 2653 804 ι
2677 749 2921 805 Abstulit
2946 750 3092 805 Deus
3108 748 3293 804 omnia
3317 762 3518 818 pecora

1922 849 2097 919 patris
2120 846 2309 912 vestri,
2333 853 2392 901 et
2412 844 2547 899 mihi
2571 859 2636 898 ea
2660 842 2832 899 dedit.
2856 840 3384 912 Respondentesque
3415 840 3521 895 Ra-

1923 941 2046 996 chel
2087 949 2144 997 et
2173 940 2291 1003 Lia,
2318 939 2580 994 dixerunt
2613 938 2664 993 ei
2691 957 2705 991 :
2730 936 2990 1008 Nunquid
3028 944 3114 990 est
3142 935 3304 991 nobis
3339 935 3523 990 adhuc

1923 1050 2055 1106 pars
2077 1033 2419 1089 haereditatis
2443 1032 2500 1087 in
2524 1031 2690 1087 domo
2713 1031 2887 1103 patris
2914 1031 3124 1086 nostri?
3148 1045 3332 1085 nonne
3360 1030 3521 1100 quasi

1926 1128 2122 1183 alienae
2148 1133 2415 1198 reputatae
2434 1140 2627 1181 sumus
2649 1125 2737 1181 ei?
2762 1124 3013 1180 vendidit
3032 1124 3181 1180 enim
3203 1140 3325 1190 nos,
3350 1133 3408 1180 et
3427 1125 3515 1180 de-

1923 1220 2143 1275 voravit
2183 1220 2545 1275 devoratione
2571 1226 2861 1290 argentum
2896 1226 3168 1273 nostrum.
3195 1216 3399 1274 Omnes
3432 1218 3522 1274 di-

1926 1310 2092 1367 vitias
2150 1318 2207 1367 et
2229 1310 2459 1383 gloriam
2483 1325 2649 1380 quam
2685 1308 2914 1364 abstulit
2936 1309 3084 1364 Deus
3119 1309 3291 1378 patris
3313 1310 3522 1374 nostri,

1926 1404 2090 1460 nobis
2109 1405 2217 1459 erit
2244 1414 2302 1459 et
2336 1403 2533 1459 liberis
2569 1403 2797 1457 nostris.
2837 1400 2994 1457 Nunc
3025 1416 3156 1472 ergo
3178 1416 3524 1471 quaecunque

1926 1497 2067 1552 dixit
2090 1497 2192 1552 tibi
2223 1497 2370 1552 Deus
2394 1504 2542 1562 tuus,
2569 1496 2719 1567 agito
2754 1494 2822 1550 ⁸³.
2854 1512 2874 1547 ι
2904 1493 3099 1550 “(este
3136 1493 3288 1549 enim
3317 1494 3525 1548 mundo

1928 1604 2097 1660 super
2112 1588 2334 1645 Christo
2347 1588 2581 1660 ejusque
2595 1586 2747 1653 ﬁliis,
2765 1585 3073 1643 consolatio
3093 1599 3334 1656 superne
3358 1592 3526 1655 atque

1927 1698 1996 1737 ex
2034 1682 2177 1738 ctelo
2218 1682 2348 1754 (hoc
2379 1688 2466 1738 est
2489 1697 2522 1737 a
2554 1678 2738 1751 Patre)
2763 1680 2891 1736 data
2921 1685 3008 1736 est
3029 1678 3249 1750 sponsis
3274 1678 3526 1733 Salvato~

1929 1774 2029 1838 ris,
2063 1772 2119 1829 id
2147 1780 2256 1839 est,
2297 1772 2581 1830 Ecclesiis.
2617 1772 2891 1829 Cancrum
2934 1770 3243 1827 consolatio
3280 1768 3388 1825 fuit
3427 1784 3529 1841 per

1930 1864 2131 1919 Filium
2156 1863 2606 1921 transvehentem
2624 1863 2788 1920 nobis
2806 1862 3214 1934 quodammodo
3240 1876 3530 1919 sermones

207 1948 382 2003 ετίθει
404 1948 487 2013 δὲ,
517 1950 605 2004 ὅτι
640 1968 661 2002 ι
697 1950 976 2021 ’Δφείλετο
1002 1927 1182 2017 ὀΘεὺς
1213 1927 1394 2008 πάντα
1422 1927 1504 2008 1:6:-
1518 1927 1823 2027 κτήνη-τοῦ

1930 1972 1963 2010 a
1987 1956 2171 2012 Patre.
2196 1954 2374 2022 Quem
2400 1955 2555 2011 enim
2581 1956 2729 2011 Deus
2763 1927 2917 2011 misit
2936 1953 3107 2009 verba
3132 1953 3232 2009 Dei
3259 1952 3527 2023 loquitur,

213 2041 424 2111 πατρὸς
456 2041 646 2113 ὑμῶν,
677 2044 776 2097 καὶ
805 2042 976 2098 ἔδωκέ
1005 2061 1097 2115 μοι
1131 2044 1292 2100 αὑτά.
1326 2047 1438 2101 Καὶ
1458 2047 1825 2120 ἀποκριθεῖσα

230 2134 427 2206 Ῥαχὴλ
449 2135 553 2189 καὶ
579 2134 744 2201 Λεία,
779 2131 936 2192 εἶπον
965 2135 1117 2208 αύτῷ
1137 2154 1152 2170 ο
1194 2138 1287 2210 Μὴ
1324 2138 1442 2193 ἔστι
1467 2142 1628 2213 μερὶς
1664 2144 1822 2213 ἡμῖν,

215 2228 247 2299 ἦ
282 2227 630 2300 κληρονομία
656 2231 717 2283 ὲν
740 2230 820 2301 τῷ
846 2232 982 2302 οἴκῳ
1014 2231 1109 2286 τοῦ
1152 2233 1360 2303 πατρὸς
1383 2235 1577 2306 ήμῶνς
1607 2237 1719 2306 Ούχ
1748 2236 1825 2301 ὼς

207 2320 264 2374 αἰ
296 2320 591 2392 ἀλλότριαι
628 2321 997 2394 λελογίσμεθα
1018 2323 1201 2395 αὑτῷ;
1235 2326 1490 2396 πέπρακε
1513 2328 1623 2399 γάρ
1651 2328 1820 2400 ἡμεῖς,

205 2414 300 2467 καὶ
323 2415 621 2484 κατέφαγε
660 2415 1010 2489 καταϐρὼσει
1040 2417 1104 2472 τὸ
1127 2418 1394 2490 ἀργύριον
1427 2419 1605 2491 ἡμῶν.
1636 2422 1825 2476 Πάντα

203 2509 299 2562 τὸν
346 2508 594 2563 πλοῦτον
635 2510 735 2566 καὶ
770 2511 873 2581 τὴν
898 2510 1063 2577 δόξαν
1092 2512 1160 2585 ἢν
1193 2514 1452 2584 ἀφείλετο
1488 2516 1519 2568 6
1550 2514 1684 2580 Θεὸς
1725 2514 1821 2570 τοῦ

204 2601 422 2674 πατρὸς
457 2603 665 2674 ήμῶν,
723 2606 861 2676 ἡμῖν
899 2604 1055 2661 ἔσται
1092 2608 1188 2661 καὶ
1233 2609 1349 2672 τοῖς
1382 2608 1596 2674 τέκνοις
1637 2607 1821 2679 ἡμῶν.

204 2695 321 2749 Νῦν
350 2692 452 2750 οὖν
482 2697 590 2751 ὅσα
620 2697 818 2771 είρηκί
856 2715 942 2754 σοι
983 2701 1013 2754 ό
1055 2699 1191 2766 Θεός
1217 2714 1337 2766 σου,
1375 2701 1539 2757 ποίει.
1582 2720 1601 2755 ι
1636 2704 1823 2758 Κατασ

209 2788 622 2858 στυγνάζοντος
647 2789 759 2862 γάρ
796 2792 891 2846 ἐπὶ
920 2793 1147 2865 Χριστῷ
1177 2793 1274 2848 τοῦ
1305 2794 1537 2866 κόσμου,
1579 2796 1674 2851 καὶ
1710 2796 1823 2854 τῶν

207 2881 375 2936 αὑτοῦ
410 2882 653 2946 τέκνων,
686 2884 1041 2957 παράκλησις
1073 2885 1282 2941 ἄνωθεν
1312 2887 1406 2941 καὶ
1446 2887 1507 2956 ἐξ
1548 2889 1781 2961 οὐρανοῦ
1804 2929 1821 2955 ,

207 2974 485 3041 τουτέστι,
540 2976 700 3047 παρά
738 2976 979 3048 Πατρὸς,
1026 2980 1148 3042 ταῖς
1188 2977 1284 3032 τοῦ
1324 2979 1578 3052 Σωτῆρος
1619 2981 1824 3038 δίδοται

206 3064 484 3137 νύμφαις.
529 3069 680 3139 φημὶ
717 3066 785 3140 δὴ
813 3070 937 3132 ταῖς
982 3068 1354 3141 Ἐκκλησίαις.
1393 3070 1542 3142 Πλὴν
1572 3072 1606 3143 ἠ
1641 3073 1824 3144 παρά-

208 3157 431 3229 κλησις,
455 3158 527 3211 δι’
559 3157 691 3212 Υἱοῦ
717 3160 1288 3232 παραπορθμεύοντος
1313 3160 1504 3235 ὥσπερ
1533 3164 1665 3235 ἡμῖν
1695 3166 1827 3230 τοὺς

1926 2048 2084 2119 juxta
2125 2047 2354 2105 Joannis
2387 2063 2600 2105 vocem.
2638 2047 3030 2104 Animadverte
3056 2046 3207 2104 enim
3232 2061 3345 2122 quo
3365 2054 3532 2117 pacto

1931 2141 2208 2198 allocutus
2226 2140 2454 2212 quidem
2479 2141 2554 2196 sit
2577 2141 2726 2207 Deus
2746 2139 3014 2217 Jacobum
3046 2159 3058 2194 :
3086 2140 3179 2198 ille
3200 2154 3337 2196 vero
3358 2153 3530 2209 spon-

1930 2250 2022 2290 sas
2050 2250 2200 2299 suas,
2221 2234 2397 2301 Liam,
2425 2233 2670 2305 inquam,
2695 2240 2754 2289 et
2776 2233 3094 2289 Rachelem.
3124 2230 3533 2288 Consolationis

1929 2334 2116 2382 autem
2158 2326 2300 2382 ratio
2338 2332 2489 2392 erat,
2517 2333 2776 2397 oportere
2816 2340 2911 2381 eas
2940 2323 3231 2382 discedere
3268 2339 3398 2382 cum
3428 2341 3532 2381 suo

1931 2433 2135 2489 sponso
2172 2433 2205 2475 a
2227 2419 2394 2476 domo
2431 2426 2687 2488 paterna.
2716 2417 2799 2473 Ita
2824 2417 2995 2475 etiam
3021 2415 3219 2474 beatus
3240 2415 3540 2474 Psalmista

1930 2511 1989 2568 in
2040 2512 2240 2583 spiritu
2279 2511 2350 2569 ad
2404 2511 2710 2568 Ecclesiam
2772 2510 2850 2567 ait
2907 2528 2922 2566 :
2970 2529 2990 2563 ι
3055 2508 3221 2576 Audi,
3262 2508 3412 2577 ﬁlia,
3481 2516 3541 2567 et

1929 2605 2059 2661 vide
2083 2645 2098 2671 ,
2135 2612 2193 2662 et
2230 2604 2437 2662 inclina
2489 2620 2682 2662 aurem
2736 2614 2889 2661 tuam
2912 2643 2927 2671 ,
2967 2612 3025 2660 et
3058 2601 3391 2660 obliviscere
3428 2616 3532 2671 po-

1930 2699 2048 2770 puli
2089 2699 2201 2763 tui,
2241 2707 2301 2754 et
2332 2697 2534 2754 domus
2559 2697 2732 2769 patris
2775 2697 2876 2753 tui.
2917 2695 3057 2764 Quia
3090 2694 3411 2766 concupivit
3436 2707 3531 2749 rex

1930 2791 2405 2863 pulchritudinem
2466 2801 2653 2856 tuam,
2713 2790 2977 2861 quoniam
3033 2789 3153 2860 ipse
3199 2796 3287 2845 est
3340 2786 3532 2843 Domi-

1930 2901 2037 2941 nus
2075 2893 2238 2951 tuus,
2265 2894 2323 2941 et
2358 2884 2619 2941 adorabis
2653 2900 2784 2941 eum
2812 2883 2881 2939 ⁸⁸.
2927 2903 2948 2936 ι
2985 2883 3160 2955 Igitur
3188 2898 3314 2953 quae
3348 2897 3380 2937 a
3415 2880 3531 2936 Deo

1936 2977 2094 3049 153
2120 2984 2410 3049 acceperat
2444 2977 2645 3044 Jacob,
2669 2992 2735 3033 ea
2757 2977 2979 3047 sponsis
3013 2976 3133 3031 suis
3156 2976 3381 3032 locutus
3420 2982 3530 3029 est.

1931 3070 2197 3138 Quisnam
2243 3078 2431 3126 autem
2471 3078 2596 3126 erat
2638 3069 2863 3126 sermo?
2897 3068 3137 3136 Querela
3177 3068 3247 3124 de
3296 3067 3487 3122 Laban
3515 3107 3532 3131 ,

1931 3162 2081 3234 quod
2132 3162 2400 3218 nimirum
2449 3161 2677 3232 iniquus
2719 3170 2869 3217 esset
2908 3176 2973 3217 ac
2996 3160 3198 3227 malus,
3240 3167 3298 3215 et
3342 3159 3535 3215 tardus

208 3252 367 3323 παρὰ
399 3252 625 3323 Πατρδς
650 3253 865 3322 λόγους.
900 3256 996 3309 Ὃν
1025 3254 1136 3325 γάρ
1173 3254 1494 3310 ἀπέστειλεν
1514 3258 1542 3310 6
1571 3257 1726 3323 Θεὸς,
1756 3257 1825 3312 τὰ

1934 3256 2206 3312 mercedis
2230 3296 2246 3321 ,
2274 3272 2439 3327 quam
2466 3254 2725 3321 debebat,
2753 3264 3161 3326 compensator.
3194 3256 3415 3312 incusat
3437 3271 3536 3310 au-

208 3343 444 3414 ρἡατα
484 3342 580 3395 τοῦ
612 3343 751 3397 Θεοῦ
797 3344 974 3412 λαλεῖ,
1012 3346 1157 3400 κατὰ
1188 3345 1294 3416 τὴν
1335 3345 1583 3403 Ἰωάννου
1613 3350 1822 3420 φωνήν.

209 3435 412 3508 Ἀθρει
441 3434 558 3507 γάρ
584 3436 737 3504 ὅπως
775 3438 1101 3511 προσελάλει
1143 3440 1245 3513 μὲν
1270 3442 1298 3495 6
1319 3441 1453 3507 Θεὸς
1481 3442 1560 3513 τῷ
1605 3442 1824 3509 Ἰακὼὸ,

203 3530 236 3583 6
269 3527 330 3581 δὲ
365 3530 499 3592 ταῖς
525 3527 699 3584 αὑτοῦ
727 3528 991 3602 νύμφαις,
1007 3532 1143 3606 Λείᾳ
1162 3550 1247 3602 τε,
1269 3534 1436 3606 φημὶ.
1472 3537 1568 3590 καὶ
1601 3535 1824 3608 Ῥαχήλ.

218 3622 280 3678 '0
313 3623 375 3677 δὲ
402 3621 512 3692 τῆς
551 3623 964 3695 παρακλήσεως
1002 3624 1162 3695 λόγος
1196 3621 1288 3699 ἦν,
1332 3626 1395 3681 τὸ
1427 3627 1538 3681 δεῖν
1567 3628 1826 3701 ἀπαίρειν

204 3716 384 3781 αὑτάς
416 3715 543 3787 ἅμα
576 3716 657 3788 τῷ
694 3715 810 3788 ἰδίῳ
849 3717 1072 3789 νυμφίῳ
1110 3720 1211 3789 τῆς
1237 3719 1334 3775 τοῦ
1377 3721 1586 3794 πατρὸς
1616 3722 1824 3785 ἑστίας.

206 3806 375 3861 Οὕτω
405 3808 505 3861 καὶ
538 3809 567 3860 6
594 3807 869 3881 μακάριος
919 3808 1227 3882 Ψαλμῳδὸς
1267 3811 1327 3866 ἐν
1368 3811 1644 3885 πνεύματι
1688 3815 1826 3884 πρὸς

202 3901 309 3972 τὴν
354 3899 698 3970 Ἐκκλησίαν
734 3900 890 3973 φησί’
927 3920 947 3954 ι
987 3903 1278 3969 Ἄκουσον,
1309 3902 1574 3976 θύγατερ,
1596 3906 1692 3960 καὶ
1724 3906 1822 3971 ίδε,

206 3993 306 4047 καὶ
342 3993 538 4048 κλῖνον
576 3993 640 4047 τὸ
675 3989 770 4058 οῦς
802 4011 922 4056 σου.
955 3995 1052 4050 καὶ
1096 3995 1357 4053 ἐπιλάθου
1388 3997 1486 4052 τοῦ
1530 3997 1664 4053 λαοῦ
1708 4017 1824 4065 σου,

210 4089 306 4144 καὶ
339 4089 445 4142 τοῦ
489 4086 646 4143 οἴκου
692 4088 789 4144 τοῦ
830 4091 1040 4163 πατρός
1088 4108 1207 4145 σου.
1240 4092 1360 4146 Ὅτι
1394 4091 1750 4167 ἐπεθύμησεν
1797 4096 1827 4149 6

208 4185 479 4256 βασιλεὺς
519 4181 619 4237 τοῦ
652 4182 886 4250 κάλλους
932 4200 1048 4240 σου.
1090 4185 1217 4241 Ὅτι
1246 4186 1412 4251 αὐτός
1458 4188 1578 4241 ἐστι
1620 4187 1828 4260 Κύριός

206 4295 331 4341 σου,
361 4276 465 4331 καὶ
496 4274 908 4347 προσκυνήσεις
934 4274 1107 4347 αὐτῷ.
1134 4296 1155 4326 ι
1179 4277 1394 4333 Οὐκοῦν
1420 4277 1491 4333 τὰ
1518 4279 1672 4351 παρά
1687 4278 1825 4333 Θεοῦ

202 4373 331 4432 ταῖς
356 4367 534 4423 αὐτοῦ
569 4367 811 4439 νύμφαις
853 4366 1154 4440 λελάληκεν
1191 4370 1220 4421 6
1257 4366 1474 4425 Ἰακώϐ.
1502 4370 1616 4424 Καὶ
1642 4369 1727 4435 τίς
1742 4365 1827 4443 ,ἦν

203 4465 233 4516 6
259 4462 464 4531 λόγος;
503 4460 718 4534 μέμψις
747 4459 891 4517 κατά
916 4459 1010 4523 τοῦ
1033 4461 1223 4517 Λάϐαν
1240 4477 1255 4492 ο
1286 4462 1364 4527 ὡς
1383 4462 1472 4537 εἴη
1507 4462 1608 4533 μὲν
1640 4462 1828 4527 ἄδικός

202 4575 266 4611 τε
290 4556 394 4611 καὶ
427 4554 697 4627 πονηρὸς,
723 4555 821 4609 καὶ
860 4553 1066 4628 βραδὺς
1104 4555 1185 4618 είς
1219 4552 1457 4623 ἔκτισιν,
1500 4548 1685 4610 (Iw-av
1733 4556 1827 4608 ἐπ-

1931 3357 2043 3403 tem
2092 3349 2261 3403 etiam
2309 3346 2566 3403 Christus
2602 3346 2873 3402 mundum
2928 3345 3171 3417 ingentis
3214 3344 3531 3410 vecordiae,

1929 3439 2079 3510 quod
2102 3438 2337 3494 Domino
2371 3437 2578 3510 gratias
2614 3451 2717 3507 pro
2741 3435 3029 3493 beneflciis
3053 3435 3298 3506 acceptis
3318 3436 3536 3506 persol-

1928 3547 2061 3587 verc
2109 3531 2284 3588 nollet
2305 3572 2320 3596 ,
2348 3547 2413 3587 ac
2440 3531 2613 3586 veluti
2643 3529 2898 3586 debitum
2938 3529 3057 3584 sive
3084 3528 3403 3585 mercedem
3430 3543 3536 3599 pro

1929 3640 2098 3691 cura,
2142 3640 2310 3696 quam
2350 3624 2420 3679 de
2448 3640 2517 3679 eo
2561 3631 2841 3695 gesserat,
2890 3621 3203 3693 spiritualia
3258 3635 3535 3683 munera,

1931 3716 2094 3795 ﬁdem
2115 3759 2130 3782 ,
2157 3717 2407 3789 inquam,
2434 3725 2492 3772 et
2515 3715 2871 3772 dilectionem
2908 3713 3221 3769 retribuere
3255 3711 3538 3771 detrecta~

1930 3820 2035 3867 ret.
2082 3810 2358 3867 Caeterum
2404 3811 2508 3867 sub
2553 3810 2727 3881 ipsius
2770 3814 3101 3880 potestatem
3154 3806 3340 3862 omnia
3392 3805 3536 3862 facta

1929 3912 2094 3967 sunt,
2135 3902 2457 3959 conferente
2500 3902 2558 3958 in
2587 3902 2762 3974 ipsius
2809 3914 3068 3971 sagenam
3104 3899 3219 3954 Deo
3241 3912 3306 3953 ac
3349 3898 3533 3952 Patre.

1930 3996 2023 4053 Sic
2047 3997 2197 4051 enim
2213 3996 2421 4052 alicubi
2451 3995 2521 4051 ad
2547 4011 2677 4051 eum
2710 3996 2885 4051 Filius
2910 4012 2924 4050 :
2957 4013 2975 4044 ι
3003 3992 3155 4060 Quos
3169 3988 3372 4046 dedisti
3397 3988 3536 4047 mihi

1929 4107 1995 4147 ex
2023 4091 2131 4147 hoc
2163 4090 2372 4146 mundo
2411 4089 2489 4144 tui
2515 4096 2696 4155 erant,
2720 4097 2778 4144 et
2803 4097 2860 4143 tu
2888 4087 3026 4142 mihi
3067 4100 3164 4141 eos
3188 4082 3388 4139 dedisti
3408 4081 3474 4137 ⁵⁵.
3510 4103 3529 4132 ι

1927 4184 2109 4256 Atque
2134 4185 2241 4241 hoc
2261 4193 2384 4241 erat
2408 4182 2582 4239 illud:
2620 4202 2640 4235 ι
2666 4181 2912 4238 Abstulit
2948 4181 3096 4236 Deus
3119 4179 3307 4233 omnia
3332 4192 3538 4247 pecora

1929 4279 2110 4349 patris
2132 4276 2328 4341 vestri,
2356 4284 2414 4332 et
2435 4274 2591 4332 dedit
2613 4290 2680 4330 ea
2712 4273 2853 4329 mihi
2883 4272 2953 4329 ⁸⁸.
2984 4290 3005 4324 ι
3037 4271 3175 4342 Ipsae
3197 4284 3331 4324 vero
3358 4269 3537 4324 hone-

1929 4379 2029 4427 sta:
2078 4368 2387 4427 Salvatoris
2428 4382 2649 4441 sponsae
2689 4374 2980 4422 secuturas
3041 4379 3101 4419 se
3160 4362 3534 4433 promittunt;

1928 4462 2186 4517 venditas
2210 4461 2363 4517 enim
2386 4475 2447 4517 se
2468 4456 2881 4531 quodammodo
2908 4454 3013 4529 ipsi
3052 4471 3083 4509 a
3106 4453 3317 4510 mundo
3355 4452 3532 4509 aiunt.

1929 4556 2185 4613 Christus
2213 4555 2363 4611 enim
2387 4553 2523 4610 emit
2554 4551 2823 4625 sanguine
2848 4564 2953 4605 suo
2988 4548 3290 4614 Ecclesias,
3317 4555 3375 4603 et
3397 4547 3536 4605 alie-

201 4650 406 4723 οφλοίη
446 4647 683 4720 μισθῶν.
710 4649 749 4701 Γ
757 4647 988 4720 ράφεται
1019 4647 1075 4701 δὲ
1103 4648 1196 4702 καὶ
1221 4647 1385 4713 αὐτὸς
1408 4650 1438 4703 6
1462 4649 1699 4722 Χριστὸς
1731 4648 1825 4703 ἐπὶ

1936 4648 2051 4704 nati
2076 4655 2206 4703 sunt
2230 4663 2263 4702 a
2284 4657 2444 4718 patre
2477 4644 2653 4701 veteri
2680 4645 2747 4699 ⁸⁷.
2783 4643 2944 4701 Nulla
2974 4641 3249 4713 siquidem
3276 4640 3419 4696 ratio
3450 4656 3539 4697 so-

205 4741 393 4814 πολλῇ
431 4740 561 4795 λίαν
599 4740 936 4812 ἀναισθησία
968 4740 1060 4794 τὸν
1092 4740 1320 4811 κόσμον,
1354 4740 1700 4796 ἀποτιννύειν
1727 4742 1830 4797 οὐκ

205 4834 556 4913 ἀνεχόμενον
595 4832 674 4897 ὡς
703 4833 955 4906 Δεσπότῃ
993 4834 1064 4889 τὰ
1101 4835 1463 4906 χαριστήρια,
1500 4835 1597 4889 καὶ
1645 4835 1723 4900 ὡς
1769 4836 1830 4889 ὲν

202 4928 542 4999 ὀφλήματος
576 4924 731 4992 τάξει
772 4927 868 4981 καὶ
902 4926 1101 4999 μισθοῦ
1127 4927 1196 4983 τά
1229 4928 1372 5001 ὑπὲρ
1416 4930 1517 5000 τῆς
1548 4929 1831 5001 φροντίδος

202 5024 309 5093 τῆς
350 5024 438 5087 είς
466 5020 638 5076 αὐτὸν
667 5021 821 5089 ξένια
856 5020 1231 5094 πνευματικὰ,
1259 5021 1448 5077 πίστιν
1476 5023 1541 5094 δὴ
1568 5022 1714 5094 λέγω
1736 5025 1833 5080 καὶ

202 5117 471 5187 ἀγάπην,
512 5112 912 5186 προσκομίζειν
939 5116 1042 5170 οὐκ
1061 5115 1339 5171 ἐθέλοντα.
1376 5115 1526 5189 Πλὴν
1560 5118 1652 5171 ὑπ’
1679 5115 1830 5190 αὑτῷ

201 5212 277 5265 τά
303 5210 493 5265 πάντα
523 5209 723 5279 γέγονε
756 5206 1153 5280 σαγηνεύοντος
1181 5207 1276 5264 τοῦ
1299 5208 1437 5263 Θεοῦ
1462 5210 1558 5264 καὶ
1588 5211 1828 5284 Πατρός.

208 5304 364 5375 Ἔφη
396 5302 516 5374 γάρ
543 5319 650 5355 που
676 5300 815 5373 πρὸς
842 5300 1008 5356 αὐτὸν
1034 5303 1064 5356 6
1094 5301 1225 5368 Υἱός
1250 5318 1262 5332 ·
1293 5320 1312 5354 ι
1337 5301 1447 5366 Οὓς
1468 5302 1707 5368 δέδωκάς
1737 5322 1829 5377 μοι

201 5400 266 5449 ἐκ
301 5397 404 5452 τοῦ
437 5396 655 5465 κόσμου
686 5395 772 5448 σοὶ
798 5390 962 5467 ἦσαν,
996 5395 1092 5449 καὶ
1119 5395 1245 5467 ἐμοὶ
1280 5395 1481 5460 αὐτοὺς
1506 5395 1769 5462 δέδωκας.
1804 5416 1823 5450 ι

210 5492 322 5546 Καὶ
355 5488 527 5544 τοῦτο
557 5483 629 5561 ἦν
666 5489 780 5560 ἀρα
810 5485 892 5555 τὸ,
929 5507 949 5542 ι
1014 5488 1262 5559 Ἀφεῖλεν
1294 5490 1323 5543 6
1366 5488 1500 5553 Θεὸς
1529 5489 1708 5544 πάντα
1762 5490 1832 5545 τά

210 5586 391 5657 κτήνη
419 5581 519 5637 τοῦ
546 5582 760 5655 πατρὸς
781 5581 959 5653 ὑμῶν,
985 5582 1082 5638 καὶ
1103 5582 1277 5639 ἔδωκέ
1310 5601 1403 5655 μοι
1434 5584 1594 5640 αὑτά.
1637 5604 1656 5637 ι
1687 5586 1754 5638 Αἱ
1776 5585 1833 5639 δὲ

212 5677 415 5746 σεμναὶ
444 5672 543 5728 τοῦ
575 5674 836 5746 Σωτῆρος
864 5671 1077 5746 νύμφαι
1099 5674 1525 5730 κατακολουθεῖν
1557 5676 1658 5743 μὲν
1688 5676 1831 5730 ετοί-

213 5786 331 5841 μως
365 5766 841 5838 ἐπαγγέλλονταισ
871 5766 1189 5841 πεπρᾶσθαι
1212 5766 1481 5841 δὲῶσπερ
1509 5768 1658 5841 αὑτῴ
1682 5768 1831 5842 παρὰ

289 5959 335 5991 ⁸³
359 5957 504 6017 Gen.
550 5973 700 6027 xxxi,
732 5957 922 6013 H-l6.

1932 4742 2152 4799 cietatis
2183 4750 2282 4798 aut
2299 4740 2573 4813 portionis
2613 4747 2699 4796 est
2733 4736 2869 4811 ipsis
2908 4752 3036 4792 cum
3077 4735 3310 4802 mundo,
3336 4750 3539 4808 exque

1931 4837 2112 4893 vocati
2145 4845 2275 4893 sunt
2309 4854 2322 4892 :
2362 4845 2420 4891 at
2467 4850 2603 4892 vero
2655 4834 2867 4891 divitiae
2897 4835 3145 4905 ipsarum
3188 4841 3247 4889 ct
3292 4832 3537 4887 liliorum

1933 4931 2182 5003 ipsorum
2203 4938 2291 4986 est
2319 4930 2577 4987 Christus
2599 4929 2735 5001 ipse,
2766 4935 3011 4984 mentem
3033 4940 3256 4981 omnem
3280 4932 3338 4980 et
3363 4924 3536 4979 ratio-

1934 5037 2064 5078 nem
2108 5037 2398 5092 superans.
2446 5022 2568 5093 Ipse
2595 5037 2786 5079 earum
2829 5020 3015 5090 portio
3058 5034 3122 5074 ac
3168 5032 3312 5082 sors,
3334 5017 3457 5073 laus
3480 5024 3540 5072 et

1937 5110 2214 5182 gloriatio,
2254 5126 2582 5183 summaque
2624 5111 2795 5167 totius
2839 5109 3125 5166 felicitatis
3157 5124 3222 5164 ac
3250 5107 3538 5180 prosperi-

1940 5205 2089 5260 tatis.
2136 5203 2453 5261 Moestitiam
2488 5205 2674 5275 itaque
2717 5205 2876 5261 vultu
2915 5219 3031 5275 prae
3058 5218 3117 5260 se
3145 5202 3255 5259 fert
3295 5203 3540 5261 mundus

1936 5314 2066 5356 cum
2091 5297 2209 5354 suis
2240 5297 2369 5355 filiis
2390 5299 2462 5355 ob
2489 5298 2796 5366 Christum,
2823 5299 3157 5371 invidiaeque
3182 5296 3401 5354 ﬂamma
3424 5298 3540 5354 uri-

1938 5404 2052 5460 tur,
2078 5391 2277 5449 videns
2310 5407 2440 5447 eum
2472 5391 2528 5446 in
2566 5400 2778 5448 tantum
2801 5392 3088 5464 dignitatis
3108 5408 3172 5448 ac
3194 5390 3384 5463 gloria:
3417 5391 3539 5447 cul-

1940 5494 2371 5552 menevectum,
2400 5494 2463 5540 ut
2502 5485 2825 5543 universum
2865 5485 3060 5542 orbem
3106 5494 3380 5541 terrarum
3430 5484 3538 5539 sibi

1938 5579 2217 5651 subjiciat,
2259 5578 2627 5650 omnibusque
2656 5579 2986 5635 mortalibus
3012 5578 3355 5634 dominetur.
3379 5574 3536 5643 Quod

1937 5689 2072 5730 vero
2094 5672 2269 5745 ipsius
2302 5672 2516 5729 insania
2540 5673 2687 5728 ultra
2706 5687 2766 5728 se
2799 5672 3081 5739 extendat,
3109 5670 3368 5742 quodque
3406 5685 3535 5739 pcr-

1939 5779 2204 5839 scquatur
2224 5776 2279 5823 et
2303 5767 2539 5834 occidat,
2565 5783 2627 5824 ac
2652 5775 2864 5824 tantum
2890 5783 3003 5823 non
3034 5766 3215 5837 reipsa
3238 5762 3536 5823 Salvaturis

1003 5955 1047 5987 “
1073 5956 1387 6022 Psal.x1.tv,
1430 5956 1511 6024 ll,
1553 5956 1634 6012 l2.
1716 5955 1757 5988 “‘
1791 5957 1815 6013 «Ι

1939 5972 2085 6024 .um,
2116 5956 2167 6012 6.
2242 5956 2284 5989 δε
2320 5956 2458 6013 Gen.
2494 5971 2640 6022 χχχι,
2683 5955 2739 6013 9.
2813 5955 2856 5986 ⁸⁷
2889 5953 3009 6011 Act.
3036 5968 3122 6017 xx,
3152 5950 3242 6006 28.
