4034 6462
575 425 682 482 ΞΠ
1608 432 1664 488 S.
1707 432 1983 489 CYBILLI
2022 432 2493 490 ALEXANDRINI
2535 433 2854 490 ARCHIEP.
3745 438 3835 499 248

574 543 766 616 gloriae
787 542 1040 614 obsistat,
1075 547 1451 620 Ecclesiisque
1468 591 1482 617 ,
1529 567 1654 621 quae
1678 552 1730 606 ei
1754 551 1991 608 subditae
2016 562 2166 618 sunt,

2277 555 2370 606 τοῦ
2409 550 2620 624 κόσμου
2652 551 2836 622 φασίν.
2885 548 3209 620 Ἐξεπρίατο
3253 549 3364 620 γάρ
3401 549 3478 620 τῷ
3512 549 3624 621 ίδίῳ
3659 551 3833 623 αῖματι

575 647 742 709 atque
763 639 884 710 ejus
907 638 1068 708 ﬁliis,
1121 640 1230 697 hoc
1275 651 1362 698 est
1418 643 1767 699 credentium
1801 645 2171 710 multitudini,

2281 649 2380 713 τὰς
2417 643 2746 715 Ἐκκλησίας
2767 645 2796 696 6
2835 641 3208 712 Ἐμμανουὴλ,
3238 641 3333 694 καὶ
3361 641 3733 712 ὴλλοτρίωνται
3749 645 3832 700 τοῦ

578 729 970 788 infestissimus
986 731 1461 802 deprehendatur,
1488 733 1650 790 facile
1673 742 1760 791 est
1778 735 1970 790 videre
1992 735 2063 791 iis
2083 736 2171 806 qui

2280 740 2450 794 πάλαι
2473 753 2583 792 πατ
2593 737 2704 808 ρός.
2733 735 2908 803 Λόγος
2929 735 3039 805 γὰρ
3063 736 3255 797 αὐταῖς
3276 733 3555 796 κοινωνίας
3580 735 3613 805 ἢ
3645 738 3833 807 μερίδος

577 820 634 876 i1
665 821 806 876 scire
845 821 1058 888 velint,
1106 837 1176 877 ex
1213 823 1282 879 iis
1326 839 1449 894 quae
1493 834 1826 894 sequuntur.
1879 845 1897 878 ι
1929 825 2171 897 Surgens

2279 831 2451 895 οὐδείς
2479 832 2594 883 ἐστι
2621 829 2760 900 πρὸς
2795 827 3022 897 κόσμον,
3053 824 3113 889 ἐξ
3132 820 3194 880 οὗ
3217 823 3314 878 καὶ
3342 825 3652 896 κέκληνται.
3680 828 3834 882 Πλοῦο

576 915 746 979 enim,
785 914 985 984 inquit,
1033 914 1204 970 Iacob
1251 917 1466 986 accepit
1499 933 1703 973 uxores
1746 933 1875 973 suas
1937 926 1994 974 et
2037 917 2171 972 ﬁlios

2277 942 2370 988 τος
2397 925 2455 978 δὲ
2496 922 2697 994 μᾶλλον
2729 920 2922 983 αὐταῖς
2953 919 3049 974 καὶ
3075 920 3188 982 τοῖς
3216 918 3426 980 τέκνοις
3455 919 3633 973 αὐτῶν
3660 921 3687 972 6
3713 921 3834 990 ὑπὲρ

499 1083 506 1094 ⁸
578 1021 708 1061 suos
747 1021 914 1077 super
963 1008 1242 1073 camelos,
1285 1017 1343 1064 et
1373 1009 1605 1064 abduxit
1648 1026 1870 1066 omnem
1911 1010 2171 1065 familiam

2278 1019 2403 1073 νοῦν
2447 1018 2544 1071 καὶ
2587 1016 2783 1084 λόγον’
2825 1014 2988 1076 αὐτὸς
3022 1014 3055 1084 ἡ
3099 1011 3258 1082 μερὶς
3297 1010 3392 1065 καὶ
3420 1013 3448 1064 6
3484 1011 3696 1083 κλῆρος,
3723 1013 3835 1078 δόξα

578 1115 756 1164 suam,
779 1116 1113 1171 omnemque
1139 1102 1543 1171 supellectilem
1568 1118 1747 1168 suam,
1772 1119 1938 1172 quam
1965 1103 2020 1156 in
2057 1103 2172 1157 Me-

577 1193 886 1262 sopotamia
927 1194 1252 1264 acquisivit,
1297 1201 1354 1248 et
1394 1195 1579 1250 omnia
1617 1211 1715 1250 sua
1743 1236 1757 1260 ,
1799 1205 1860 1249 ut
1898 1195 2081 1250 abiret
2102 1195 2172 1250 ad

580 1285 731 1340 lsaac
758 1293 973 1355 patrem
999 1302 1162 1341 suum
1198 1287 1256 1341 in
1292 1294 1494 1342 terram
1519 1287 1800 1342 Chanaan.
1842 1287 2032 1343 Laban
2071 1305 2171 1344 au-

580 1385 691 1431 tem
717 1378 855 1432 abiit
877 1377 945 1431 ad
975 1378 1312 1433 tondendum
1337 1395 1468 1434 oves
1489 1395 1635 1434 suas.
1660 1380 1860 1434 Furata
1882 1389 1967 1436 est
1988 1393 2173 1438 autem

581 1470 787 1525 Rachel
815 1472 962 1527 idola
988 1473 1160 1542 patris
1180 1472 1266 1528 sui
1297 1490 1309 1526 :
1340 1472 1630 1528 abscondit
1655 1481 1841 1528 autem
1864 1475 2034 1530 Iacob
2066 1475 2171 1530 La-

581 1565 690 1620 ban
721 1565 881 1641 154
902 1565 1062 1638 Syro,
1087 1582 1156 1622 ne
1183 1567 1456 1622 indicaret
1493 1567 1544 1622 ei
1584 1565 1732 1636 quod
1755 1566 1914 1637 fugit.
1944 1567 2012 1622 Et
2034 1566 2175 1638 fugit

582 1656 699 1726 ipse
725 1665 782 1710 et
801 1672 901 1712 sua
923 1658 1130 1722 omnia,
1160 1668 1214 1714 et
1256 1658 1514 1714 transivit
1538 1657 1766 1724 flumen,
1802 1666 1859 1714 et
1893 1659 2174 1717 festinavit

581 1750 638 1803 in
660 1757 905 1804 montem
920 1749 1143 1806 Galaad.
1168 1751 1488 1806 Nuntiatum
1511 1760 1595 1806 est
1615 1759 1802 1806 autem
1827 1752 2011 1808 Laban
2034 1752 2174 1824 Syro

579 1841 670 1896 die
716 1843 880 1897 tertia
918 1843 1066 1912 quod
1117 1842 1256 1914 fugit
1297 1842 1487 1899 Iacob.
1532 1845 1599 1899 Et
1635 1860 1923 1900 assumens
1970 1843 2172 1900 fratres

578 1949 710 1989 suos
729 1949 855 1989 cum
878 1949 946 1990 eo
963 1976 978 2000 ,
1005 1944 1334 2006 persecutus
1359 1943 1444 1990 est
1486 1951 1615 1991 eum
1659 1937 1805 1990 viam
1843 1935 2059 1990 dierum
2086 1952 2174 1990 se-

576 2034 749 2096 ptem,
774 2035 830 2080 et
856 2027 1280 2096 comprehendit
1301 2043 1428 2082 eum
1458 2026 1514 2082 in
1553 2034 1739 2082 monte
1765 2026 1988 2082 Galaad.
2009 2027 2172 2082 Venit

575 2127 763 2173 autem
797 2119 943 2174 Deus
963 2119 1031 2173 ad
1055 2119 1242 2174 Laban
1265 2119 1464 2191 Syrum
1493 2136 1593 2191 per
1623 2133 1877 2174 somnum
1906 2126 2092 2183 nocte,
2116 2125 2174 2172 et

576 2209 716 2264 dixit
731 2211 782 2265 ei
805 2209 976 2266 :Cave
991 2227 1061 2266 ne
1077 2211 1216 2267 forte
1243 2211 1488 2281 loquaris
1499 2212 1567 2266 ad
1589 2211 1760 2267 Iacob
1777 2211 2173 2265 mala.Etcom-

575 2305 874 2374 prehendit
898 2304 1081 2359 Laban
1094 2305 1284 2371 Iacob,
1304 2306 1475 2360 Iacob
1495 2313 1680 2358 autem
1702 2303 1820 2358 ﬁxit
1845 2304 2175 2358 tabemacu—

576 2395 691 2450 lum
729 2412 891 2451 suum
931 2397 989 2451 in
1022 2406 1210 2452 monte
1249 2415 1262 2451 :
1303 2397 1490 2453 Lahan
1531 2405 1716 2452 autem
1748 2397 1940 2452 statuit
1970 2396 2174 2451 fratres

575 2505 709 2544 suos
747 2490 804 2543 in
850 2496 1036 2545 monte
1063 2489 1268 2545 Galaad
1285 2488 1350 2545 ⁸³.
1382 2511 1401 2543 ι
1435 2490 1701 2546 Adoritur
1743 2490 1928 2560 itaque
1958 2489 2168 2553 Laban,

576 2582 902 2653 incusatque
930 2583 1134 2638 acriter
1156 2583 1408 2638 divinum
1437 2583 1607 2639 Iacob
1626 2625 1639 2649 ,
1668 2584 1817 2655 quod
1857 2584 2170 2639 clanculum

574 2672 828 2743 fugisset,
877 2673 1093 2729 furatus
1119 2681 1333 2730 tantum
1373 2691 1484 2731 non
1528 2675 1671 2731 ﬁlias
1697 2676 1890 2746 ipsius,
1921 2690 2170 2746 quosque

575 2767 726 2822 domi
781 2767 1022 2822 habebat
1066 2768 1220 2824 deos.
1272 2768 1352 2824 Ita
1394 2770 1543 2825 enim
1585 2770 1661 2825 ait
1698 2789 1711 2824 :
1752 2771 1962 2828 (.Nunc
2001 2771 2171 2841 igitur

573 2863 736 2928 vade;
774 2863 1053 2918 desiderio
1095 2863 1245 2918 enim
1270 2863 1599 2919 desiderasti
1627 2864 1683 2919 in
1730 2863 1958 2918 domum
1995 2865 2170 2934 patris

575 2957 657 3012 tui
674 2957 849 3013 abire.
875 2958 1056 3024 Quare
1081 2957 1298 3014 furatus
1321 2973 1402 3024 es,
1453 2958 1656 3029 inquit,
1694 2959 1829 3014 deos
1855 2959 2041 3014 meos?
2059 2958 2168 3012 Ne-

573 3051 786 3107 sciebat
809 3059 1015 3116 autem,
1043 3050 1242 3120 inquit,
1268 3050 1460 3116 Iacob,
1487 3050 1634 3121 quod
1664 3052 1871 3106 Rachel
1891 3067 2030 3106 uxor
2050 3052 2170 3122 ejus

571 3143 755 3199 furata
801 3150 948 3199 esset
993 3159 1106 3198 eos.
1148 3142 1439 3198 Scrutatus
1492 3143 1677 3212 itaque
1719 3143 1908 3198 Laban
1943 3143 2168 3199 domum

2276 1132 2335 1168 τε
2381 1113 2477 1166 καὶ
2509 1109 2794 1180 καύχημα,
2828 1107 2922 1159 καὶ
2963 1107 3073 1158 πᾶν
3102 1104 3280 1158 ὁτιοῦν
3309 1105 3420 1156 τῶν
3453 1104 3738 1158 τελούντων
3767 1107 3836 1168 είς

2275 1201 2639 1274 λαμπρότητα
2673 1199 2766 1252 καὶ
2795 1195 3122 1267 εὐημερίαν.
3161 1193 3557 1264 Σκυθρωπάζει
3588 1194 3681 1263 μὲν
3709 1191 3836 1249 οὖνὸ

2276 1297 2484 1367 κόσμος
2511 1292 2646 1364 ὁμοῦ
2682 1293 2796 1355 τοῖς
2839 1290 2994 1353 ἰδίοις
3019 1289 3235 1350 τέκνοις
3266 1288 3359 1340 ἐπὶ
3387 1288 3623 1357 Χριστῷ.
3660 1289 3745 1341 καὶ
3770 1288 3836 1359 τῷ

2274 1391 2374 1460 τῆς
2413 1386 2714 1459 βασκανίας
2742 1384 3047 1438 δαπανᾶταί
3075 1381 3230 1452 πυρὶ,
3260 1380 3571 1452 προήκοντα
3600 1379 3748 1450 δόξης
3769 1382 3838 1444 είς

2273 1481 2433 1534 τοῦτο
2463 1478 2678 1550 βλέπων
2698 1477 2771 1540 ὼς
2796 1475 2924 1547 ὃλην
2953 1475 3043 1543 ὑφ’
3074 1473 3254 1543 ἑαυτῷ
3282 1471 3614 1543 ποιήσασθαι
3643 1472 3736 1541 τὴν
3756 1472 3836 1523 ὑπ’

2274 1572 2522 1645 οὐρανὸν,
2562 1570 2657 1624 καὶ
2682 1567 3102 1638 κατακρατῆσαι
3135 1565 3244 1618 τῶν
3270 1564 3362 1617 ἐπὶ
3383 1562 3484 1633 τῆς
3504 1562 3628 1632 γῆς.
3660 1563 3771 1616 ’Ότι
3790 1562 3837 1615 δὲ

2274 1661 2658 1734 τονθορυσμῶν
2688 1661 2946 1713 ἐπέκεινα
2965 1699 2980 1723 ,
3009 1659 3102 1712 καὶ
3139 1655 3420 1728 λοιδοριῶν
3448 1655 3516 1708 τὰ
3539 1655 3636 1724 τῆς
3667 1655 3837 1726 μανίας

2279 1754 2429 1826 αὐτῷ
2463 1752 2875 1825 παρατείνεται,
2922 1751 3015 1804 καὶ
3051 1748 3260 1812 διώκει,
3291 1748 3388 1801 καὶ
3431 1748 3588 1818 φονᾷ,
3623 1746 3712 1798 καὶ
3734 1747 3838 1799 ὅσον

2276 1849 2451 1902 εἰπεῖν
2480 1848 2562 1910 είς
2606 1844 3027 1917 ἐγχειρημάτων
3074 1840 3307 1912 δύναμιν
3359 1842 3428 1911 τῇ
3459 1840 3556 1893 τοῦ
3610 1839 3836 1909 Σωτῆρος

2275 1940 2611 2012 ἀναφέρεται
2633 1937 2782 2008 δόξῃ,
2835 1936 2931 1988 καὶ
2979 1935 3101 1998 ταῖς
3139 1933 3231 1986 ὑπ’
3267 1931 3437 1986 αὐτοῦ
3494 1931 3835 2000 Ἐκκλησίαις,

2275 2034 2368 2087 καὶ
2394 2035 2508 2096 τοῖς
2536 2029 2703 2086 αὑτοῦ
2725 2029 2958 2093 τέκνοις,
2988 2026 3257 2091 τουτέστι,
3284 2027 3352 2096 τῇ
3369 2023 3480 2078 τῶν
3503 2023 3837 2077 πιστευόντων

2275 2123 2479 2193 πληθυῖ
2526 2119 2925 2191 καταφωρᾶται
2989 2115 3426 2187 πολεμιώτατος,
3485 2113 3838 2183 ἀταλαίπωρον

2278 2217 2406 2270 ἰδεῖν
2436 2213 2597 2268 τοῦτο
2623 2213 2816 2284 μαθεῖν
2843 2212 3121 2282 ἑλομένοις
3148 2209 3236 2262 διὰ
3262 2207 3376 2261 τῶν
3398 2207 3616 2277 ἐφεξῆς·
3643 2223 3660 2258 ι
3704 2206 3838 2257 Ἀνα-

2276 2308 2408 2372 στὰς
2442 2307 2571 2380 γὰρ,
2604 2306 2758 2376 φησὶ,
2811 2303 3032 2369 Ἰακὼϐ,
3057 2302 3216 2356 ἔλαϐε
3251 2301 3353 2364 τὰς
3382 2302 3648 2370 γυναῖκας
3673 2297 3835 2361 αὐτοῦ,

2274 2407 2368 2459 καὶ
2402 2403 2470 2457 τὰ
2510 2403 2698 2457 παιδία
2719 2400 2886 2456 αὐτοῦ
2916 2399 3012 2452 ἐπὶ
3034 2399 3134 2462 τὰς
3155 2397 3466 2468 καμήλους,
3495 2395 3589 2450 καὶ
3610 2394 3836 2462 ίιπὴγαγι

2274 2499 2453 2552 πάντα
2470 2496 2540 2550 τὰ
2559 2495 2876 2568 ὑπάρχοντα
2898 2492 3085 2560 αὑτοῦ,
3106 2492 3201 2546 καὶ
3217 2493 3406 2544 πᾶσαν
3430 2489 3531 2560 τὴν
3555 2484 3836 2555 ἀποσκευὴν

2273 2590 2461 2656 αὑτοῦ,
2504 2591 2570 2662 ἣν
2613 2589 3043 2660 περιεποιήσατο
3091 2587 3149 2640 ὲν
3182 2586 3248 2656 τῇ
3295 2579 3716 2650 Μεσοποταμίᾳ,
3761 2577 3836 2630 καὶ

2274 2685 2453 2738 πάντα
2485 2681 2555 2735 τά
2599 2679 2790 2748 αὐτοῦ,
2824 2682 2918 2734 καὶ
2963 2677 3179 2750 ἀπῆλθε
3224 2677 3363 2743 πρὸς
3413 2675 3599 2730 Ἰσαάκ
3631 2675 3713 2727 τὸν
3746 2688 3836 2724 πα-

2272 2777 2408 2847 τέρα
2444 2774 2610 2829 αὖτοῦ
2642 2775 2700 2826 ὲν
2743 2775 2813 2844 γῇ
2855 2771 3097 2826 Χαναὰν.
3143 2769 3332 2825 Λάϐαν
3365 2769 3425 2822 δὲ
3463 2767 3633 2838 ᾤχετο
3682 2767 3836 2833 κεῖραι

2271 2869 2341 2922 τὰ
2388 2868 2638 2939 πρόϐατα
2672 2866 2859 2920 αὑτοῦ.
2913 2865 3152 2935 Ἐκλεψε
3207 2864 3265 2917 δὲ
3315 2863 3525 2934 Ῥαχὴλ
3571 2860 3636 2914 τὰ
3673 2856 3836 2912 εἴδωλα

2272 2962 2366 3015 τοῦ
2398 2961 2606 3032 πατρὸς
2637 2961 2839 3030 αὐτῆς·
2871 2959 3077 3029 ἔκρυψε
3117 2958 3176 3012 δὲ
3214 2955 3418 3011 Ἰακὼϐ
3447 2954 3632 3009 Λάϐαν
3656 2949 3834 3005 τὸνΣὺ-

2277 3069 2369 3123 ρον
2395 3050 2488 3104 τοῦ
2521 3051 2594 3121 μὴ
2633 3049 2958 3119 ἀναγγεῖλαι
3001 3047 3174 3118 αὐτῷ,
3219 3047 3303 3103 ὅτι
3333 3046 3716 3118 ἀπεδίδρασκε.
3747 3040 3837 3095 Καὶ

2274 3145 2490 3214 ἀπέδρα
2525 3143 2708 3206 αὐτὸς,
2759 3143 2854 3196 καὶ
2892 3143 3074 3196 πάντα
3118 3141 3187 3194 τά
3225 3139 3422 3207 αὑτοῦ,
3461 3141 3554 3195 καὶ
3587 3137 3730 3207 διέϐη
3765 3133 3838 3188 τὸν

574 3235 708 3300 Lize,
754 3236 887 3292 deos
913 3252 1043 3291 suos
1077 3251 1186 3290 non
1225 3237 1466 3306 reperit,
1517 3237 1615 3292 sed
1639 3252 1820 3306 neque
1864 3236 1919 3290 in
1959 3236 2171 3290 aedibus

2277 3237 2540 3308 ποταμὸν,
2592 3237 2686 3289 καὶ
2717 3235 2989 3308 ,ὥρμησεν
3024 3237 3102 3300 είς
3129 3235 3191 3288 τὸ
3224 3234 3358 3307 ὅρος
3395 3234 3625 3289 Γαλαὰδ.
3676 3233 3841 3301 ’Λνηγ-

574 3329 902 3383 ancillarum
933 3329 1094 3383 Ballae
1117 3336 1173 3383 et
1215 3329 1438 3398 Zelpha:
1459 3330 1525 3383 δ’.
1561 3348 1580 3381 ι
1603 3327 1743 3384 Cum
1779 3343 1914 3384 vero
1951 3337 2173 3399 putaret

573 3419 892 3475 Rachelcos
919 3419 1239 3492 diligentius
1261 3420 1591 3489 quaerendos
1615 3435 1643 3474 a
1671 3428 1827 3490 patre
1845 3461 1858 3486 ,
1893 3421 2175 3492 eleganter

575 3529 702 3567 cum
731 3513 970 3585 decepit.
1008 3533 1026 3566 ‹
1057 3514 1285 3584 Accepit
1322 3514 1471 3569 enim
1495 3555 1508 3580 ,
1552 3514 1764 3584 inquit,
1795 3513 1961 3580 idola,
2005 3523 2060 3569 et
2086 3515 2172 3568 in-

568 3607 708 3678 jecit
743 3621 807 3661 ea
833 3607 890 3661 in
924 3614 1227 3662 stramenta
1273 3607 1490 3672 cameli,
1522 3616 1577 3661 et
1611 3607 1756 3662 sedit
1777 3623 1945 3678 super
1986 3608 2086 3673 eis,
2118 3617 2174 3663 et

577 3701 718 3756 dixit
761 3700 902 3770 patri
933 3715 1035 3754 suo
1083 3717 1097 3752 :
1136 3699 1216 3754 Ne
1257 3699 1498 3771 graviter
1527 3699 1706 3767 feras,
1753 3699 1976 3753 domine
2013 3717 2025 3754 :
2060 3717 2170 3754 non

575 3800 772 3865 potero
797 3807 1024 3863 surgere
1048 3807 1233 3846 coram
1265 3799 1338 3856 te,
1366 3792 1495 3861 quia
1517 3793 1674 3863 juxta
1707 3793 2172 3848 consuetudinem

576 3886 910 3942 feminarum
936 3899 1086 3940 nunc
1123 3885 1328 3941 accidit
1364 3887 1519 3940 mihi.
1565 3885 1856 3941 Scrutatus
1879 3894 1963 3941 est
1987 3895 2171 3941 autem

577 3978 766 4033 Laban
790 3978 847 4032 in
870 3977 1019 4032 omni
1045 3977 1230 4043 domo,
1259 3985 1315 4032 et
1341 3993 1452 4032 non
1480 3977 1692 4033 invenit
1714 3977 1860 4032 idola
1875 3979 1942 4032 ⁵ο.
1980 3997 1998 4031 ι
2033 3977 2171 4034 Cum

578 4071 764 4139 itaque
795 4069 952 4138 inops
974 4077 1120 4124 esset
1141 4069 1376 4135 consilii,
1403 4077 1460 4125 et
1482 4070 1714 4125 deorum
1739 4086 1969 4125 suorum
1989 4071 2171 4141 jactu-

577 4175 729 4227 ram,
758 4167 818 4215 ut
848 4160 1148 4215 verisimile
1188 4170 1306 4227 est,
1352 4160 1695 4231 deploraret,
1742 4160 1992 4231 increpat
2043 4176 2170 4216 eum

577 4253 780 4308 merito
839 4254 1034 4308 beatus
1085 4253 1289 4321 Iacob,
1341 4254 1491 4326 quod
1537 4254 1746 4309 frustra
1805 4253 1987 4324 ipsum
2040 4270 2171 4324 per-

575 4356 937 4419 sequeretur,
1004 4366 1130 4406 cum
1185 4349 1334 4405 nulla
1385 4348 1602 4404 ratione
1653 4348 1834 4418 ipsum
1887 4347 2172 4402 criminari

575 4449 784 4513 posset.
815 4441 1026 4497 Deinde
1061 4442 1129 4495 de
1153 4439 1450 4495 concordia
1474 4449 1748 4510 pactoque
1767 4439 2011 4494 ineundo
2037 4437 2172 4509 ipsis

577 4535 712 4588 moti
739 4542 868 4588 sunt
902 4548 1206 4588 sermones.
1245 4552 1262 4584 ι
1294 4523 1658 4604 Respondens
1683 4532 1834 4588 enim
1867 4531 2056 4588 Laban
2081 4531 2172 4586 di-

2276 3331 2409 3400 γέλη
2442 3329 2497 3382 δὲ
2529 3329 2715 3382 Λάϐαν
2747 3327 2824 3399 τῷ
2869 3327 3029 3400 Σύρῳ
3056 3331 3122 3400 τῇ
3151 3329 3312 3400 τρίτῃ
3342 3329 3529 3400 ἡμέρᾳ
3553 3329 3633 3381 ὅτι
3659 3323 3840 3393 ἀπέδρα

2289 3420 2504 3474 Ἰακώϐ.
2537 3421 2648 3473 Καὶ
2666 3417 3003 3490 παραλαϐὼν
3036 3420 3244 3482 πάντας
3261 3419 3392 3483 τοὺς
3421 3418 3679 3486 ἀδελφοὺς
3697 3409 3838 3468 αὐτοῦ

2280 3519 2398 3588 μετ’
2424 3516 2614 3580 αὐτοῦ,
2647 3515 2866 3580 ἐδίωξεν
2901 3515 3077 3568 ὀπίσω
3109 3513 3275 3567 αὐτοῦ
3313 3515 3432 3569 ὁδὸν
3455 3512 3672 3586 ἡμερῶν
3702 3508 3837 3570 tm,

2279 3612 2370 3664 καὶ
2407 3609 2701 3663 κατέλαϐεν
2741 3609 2906 3663 αὐτὸν
2945 3611 3002 3662 ὲν
3036 3607 3113 3678 τῷ
3153 3607 3268 3678 δρει
3296 3608 3535 3662 Γαλαὰδ.
3568 3603 3728 3660 τΗλθε
3753 3601 3843 3656 δὲὸ

2275 3703 2411 3766 Θεὸς
2455 3703 2592 3772 πρὸς
2627 3701 2816 3756 Λάδαν
2847 3702 2940 3754 τὸν
2979 3700 3152 3772 Σύρον
3182 3700 3307 3754 καθ’
3342 3699 3511 3753 ὕπνον
3541 3699 3640 3768 τὴν
3673 3696 3838 3756 νύκτα,

2275 3795 2369 3849 καὶ
2393 3791 2546 3848 εἶπεν
2563 3793 2734 3865 αὐτῷ.
2753 3792 2990 3858 Φύλαξαι
3024 3794 3250 3848 σεαυτὸν
3272 3794 3368 3847 τοῦ
3392 3795 3467 3865 μὴ
3486 3793 3706 3863 λαλῆσαι
3726 3787 3841 3858 πρὸς

2287 3887 2480 3941 Ἰακὼϐ
2501 3887 2734 3958 πονηρά.
2761 3886 3160 3940 Καὶκατέλαϐε
3195 3887 3489 3941 Λάϐαντὸν
3520 3883 3727 3940 Ἰακὼϐ,
3760 3882 3843 3933 Ία-

2275 3979 2393 4034 κὼϐ
2425 3980 2482 4033 δὲ
2516 3979 2687 4049 ἔπηξε
2718 3978 2816 4049 τὴν
2849 3979 3054 4051 σκηνὴν
3086 3977 3248 4031 αὐτοῦ
3293 3979 3354 4031 ὲν
3385 3977 3467 4048 τῷ
3513 3977 3648 4048 ὄρει.
3685 3969 3844 4026 Δάϐαν

2273 4074 2330 4128 δὲ
2365 4073 2558 4144 ἔστησε
2591 4073 2717 4137 τοὺς
2747 4071 3011 4142 ἀδελφοὺς
3046 4071 3212 4125 αὑτοῦ
3231 4072 3290 4123 ὲν
3320 4070 3401 4142 τῷ
3431 4069 3549 4140 ὄρει
3577 4063 3791 4120 Γαλαὰδ.
3824 4078 3838 4111 ι

2275 4167 2676 4240 Περιτυγχάνει
2709 4166 2808 4238 μὲν
2847 4165 2941 4220 οὖν
2985 4167 3013 4218 6
3057 4165 3265 4228 Λάϐαν,
3315 4165 3632 4218 ἐπαιτιᾶται
3668 4157 3721 4212 δὲ
3745 4155 3843 4208 λίαν

2273 4258 2367 4312 τὸν
2403 4258 2691 4312 Θεσπέσιον
2735 4255 2949 4322 Ἰακὼϐ,
2980 4255 3387 4325 ὅτιλεληθότως
3417 4255 3650 4326 ἀπέδρα,
3681 4263 3844 4322 μονον-

2275 4352 2399 4423 ουχὶ
2445 4348 2732 4419 κεκλοφὼς
2769 4348 2870 4413 τάς
2916 4347 3226 4420 θυγατέρας
3264 4346 3460 4412 αὐτοῦ,
3502 4347 3598 4400 καὶ
3640 4343 3757 4404 τοὺς
3798 4339 3845 4389 ὲν

2273 4443 2409 4515 οἴκῳ
2433 4441 2610 4506 θεούς.
2646 4441 2792 4510 Ἔφη
2821 4439 2930 4511 γὰρ
2967 4439 3062 4492 ὡδί
3092 4455 3106 4469 ·
3159 4457 3178 4490 ι
3213 4435 3330 4491 Νῦν
3361 4433 3458 4491 οὖν
3498 4435 3843 4515 πεπόρευσαιξ

2276 4514 2544 4606 ἐπιθυμίᾳ
2568 4534 2678 4606 γὰρ
2707 4532 3064 4602 ἐπεθύμησας
3093 4528 3352 4585 ἀπελθεῖν
3382 4530 3465 4591 εἰς
3489 4527 3582 4580 τὸν
3607 4521 3748 4578 οἷκον
3765 4514 3844 4571 τοῦ

576 4626 658 4680 xit
681 4625 850 4682 Iacob
879 4625 1065 4679 :Filite
1088 4631 1195 4679 tua:
1218 4623 1342 4680 ﬁliae
1378 4641 1514 4680 meae
1553 4632 1710 4690 sunt,
1740 4632 1797 4678 et
1827 4622 1926 4678 ﬁlii
1966 4625 2047 4679 tui
2073 4623 2171 4679 ﬁlii

2279 4628 2485 4699 πατρός
2517 4645 2634 4682 σου.
2664 4627 2782 4680 Ἵνα
2812 4626 2864 4679 τί
2897 4623 3155 4694 ἔκλεψας,
3197 4624 3354 4695 φησὶ,
3387 4623 3520 4685 τοὺς
3545 4620 3696 4679 θεούς
3729 4625 3844 4699 μυξη

577 4718 711 4783 mei,
747 4725 803 4772 et
833 4732 1034 4788 pecora
1076 4727 1167 4773 tua
1207 4733 1411 4788 pecora
1451 4735 1574 4773 mea
1599 4759 1614 4783 ,
1641 4725 1699 4773 et
1732 4719 1916 4772 omnia
1960 4734 2082 4788 qua:
2113 4728 2172 4773 tu

578 4809 736 4865 vides
761 4825 882 4863 mea
901 4817 1049 4875 sunt,
1073 4816 1129 4864 et
1156 4809 1393 4864 ﬁliarum
1415 4825 1687 4864 mearum.
1713 4808 1857 4876 Quid
1887 4809 2080 4864 faciam
2107 4810 2173 4865 iis

579 4902 767 4969 hodie,
796 4910 891 4957 aut
916 4901 1042 4958 ﬁliis
1064 4917 1278 4966 earum,
1298 4917 1439 4971 quos
1463 4909 1802 4971 pepererunt
1823 4901 2023 4956 ?Nunc
2040 4918 2173 4972 ergo

578 4997 742 5064 veni,
770 4997 1114 5068 deponamus
1142 4993 1322 5049 foedus
1347 5008 1448 5064 ego
1488 5000 1544 5047 et
1582 5001 1664 5059 tu,
1700 4999 1757 5048 et
1783 4993 1891 5048 erit
1923 4993 1978 5047 in
2012 4993 2171 5048 testi-

579 5091 826 5147 monium
849 5090 996 5146 inter
1033 5104 1120 5144 me
1142 5095 1199 5142 et
1231 5096 1306 5142 te.
1339 5085 1484 5142 Dixit
1504 5093 1691 5140 autem
1729 5085 1779 5141 ei
1809 5103 1823 5140 :
1849 5085 2011 5152 Vide,
2043 5085 2172 5139 nul-

579 5185 666 5240 lus
692 5184 981 5240 nobiscum
1009 5190 1114 5247 est,
1142 5182 1292 5236 Deus
1323 5178 1480 5250 155
1507 5179 1664 5235 testis
1702 5177 1849 5234 inter
1882 5193 1973 5232 me
2011 5185 2067 5234 et
2094 5185 2168 5232 te.

579 5277 871 5348 Accipiens
891 5283 1075 5330 autem
1101 5273 1270 5330 Iacob
1294 5274 1556 5344 lapidem,
1581 5272 1775 5328 statuit
1797 5286 1924 5327 eum
1952 5271 2009 5326 in
2034 5271 2171 5324 titu-

580 5372 717 5425 lum.
749 5368 897 5424 Dixit
928 5376 1112 5422 autem
1137 5367 1305 5422 Iacob
1340 5367 1604 5444 fratribus
1641 5365 1791 5421 suis:
1818 5365 2070 5435 Colligite
2094 5364 2172 5419 la-

581 5463 760 5532 pides.
787 5461 856 5515 Et
879 5459 1218 5529 collegerunt
1248 5457 1493 5528 lapides,
1542 5467 1600 5512 et
1652 5457 1904 5512 fecerunt
1939 5456 2170 5522 collem,

582 5561 639 5608 et
659 5552 1025 5609 comederunt
1055 5551 1168 5606 illic
1190 5565 1356 5620 super
1389 5551 1606 5605 collem.
1638 5550 1705 5604 Et
1730 5550 1868 5604 dixit
1887 5549 1938 5605 ei
1961 5548 2170 5604 Laban:

586 5645 858 5700 Tumulus
881 5643 973 5700 hic
998 5642 1104 5700 erit
1131 5642 1512 5697 testimonium
1539 5642 1683 5698 inter
1705 5657 1792 5697 me
1818 5649 1874 5695 et
1918 5649 1967 5696 te
1984 5640 2172 5695 hodie.

2292 4697 2434 4775 Ἀλλ’
2488 4722 2588 4774 οὐκ
2631 4720 2770 4791 ᾔδει,
2806 4718 2992 4789 φησὶν,
3033 4718 3250 4781 Ἰακὼϐ,
3281 4719 3365 4771 ὅτι
3419 4713 3622 4786 Ῥαχὴλ
3662 4713 3693 4782 ἡ
3728 4697 3845 4775 γόνὴ

2275 4810 2446 4868 αὕτοῦ
2485 4813 2712 4884 ἔκλεψεν
2757 4812 2977 4875 αὐτούς.
3025 4813 3364 4884 Ἐρευνήσας
3411 4810 3470 4864 δὲ
3517 4807 3699 4862 Λάϐαν
3739 4798 3848 4858 τοὺς

2282 4907 2448 4972 ίδίους
2483 4907 2662 4971 θεοὺς,
2694 4906 2792 4978 οὐχ
2825 4904 3075 4977 εὑρίσκει
3105 4904 3255 4976 παρὰ
3299 4905 3365 4974 τῇ
3416 4902 3575 4971 Λείᾳ,
3615 4895 3723 4952 ἀλλ’
3745 4888 3846 4944 οὐδὲ

2279 5004 2337 5055 ὲν
2375 5000 2452 5072 τῷ
2498 5001 2632 5071 οἴκῳ
2684 4998 3034 5070 θεραπαινῶν
3076 4997 3288 5059 Βάλλας
3337 5013 3400 5049 τε
3445 4995 3542 5048 καὶ
3583 4987 3796 5058 Ζελφᾶς.
3825 4998 3841 5031 t

2293 5093 2515 5165 Ἐπειδὴ
2543 5093 2598 5147 δὲ
2645 5093 3050 5164 προσεδόκησεν
3095 5093 3128 5163 ἡ
3175 5089 3380 5160 Ῥαχὴλ
3414 5076 3845 5158 ἐρευνηθήσεσθαι

2284 5187 2436 5258 παρά
2471 5187 2564 5240 τοῦ
2595 5187 2824 5257 πατρὸς,
2856 5185 2956 5238 οὐκ
2984 5183 3249 5255 ἀκόμψως
3280 5181 3342 5234 τδ
3391 5181 3544 5252 ῥῆμα
3577 5165 3866 5274 καττινιίιόξρίο1

2281 5279 2450 5343 ζεται.
2491 5299 2510 5330 ι
2552 5279 2753 5332 Ἔλαϐε
2782 5277 2892 5348 γὰρ
2923 5276 2993 5330 τὰ
3038 5276 3254 5336 εἴδωλα,
3286 5273 3448 5344 φησὶ,
3499 5275 3593 5326 καὶ
3621 5264 3844 5322 ἐνέϐαλεν

2279 5372 2419 5426 αὐτὰ
2451 5374 2531 5436 είς
2558 5371 2624 5425 τὰ
2659 5372 2919 5442 σάγματα
2943 5371 3044 5439 τῆς
3085 5367 3362 5437 καμήλου,
3407 5367 3506 5421 καὶ
3546 5362 3844 5419 ἐπεκάθισεν

2277 5465 2482 5528 αὐτοῖς,
2514 5463 2609 5517 καὶ
2645 5459 2766 5516 εἶπε
2798 5461 2876 5532 τῷ
2911 5457 3078 5532 πατρὶ
3109 5462 3300 5532 αὐτῆς·
3329 5461 3426 5529 Μὴ
3460 5458 3668 5529 βαρέως
3707 5451 3839 5522 φέρε,

2278 5558 2457 5628 κύριε,
2491 5557 2551 5609 οὐ
2583 5555 2819 5625 δύναμαι
2864 5555 3165 5624 ἀναστῆναι
3199 5552 3437 5606 ἐνώπιόν
3480 5570 3595 5604 σου.
3635 5551 3710 5602 ὅτι
3738 5541 3840 5597 κατ’

2279 5649 2502 5718 ἐθισμὸν
2531 5647 2639 5701 τῶν
2665 5647 2943 5716 γυναικῶν
2977 5646 3066 5718 μοί
3091 5649 3228 5701 ἐστι.
3266 5643 3569 5714 Ἣρεύνησε
3594 5641 3646 5693 δὲ
3680 5634 3841 5692 Λάῧαν

586 5739 654 5794 Et
689 5736 910 5794 vocavit
933 5753 1061 5793 eum
1097 5737 1283 5792 Laban
1303 5777 1315 5800 ,
1347 5735 1618 5790 Tumulus
1648 5733 1945 5789 testimonii
1970 5751 1983 5800 ;
2010 5733 2171 5790 Iacob

2280 5741 2340 5795 ἐν
2377 5739 2482 5812 ὅλῳ
2520 5739 2598 5810 τῷ
2642 5740 2775 5810 οἴκῳ
2819 5739 3006 5803 αὐτοῦ,
3050 5738 3144 5793 καὶ
3187 5739 3286 5808 οὐχ
3325 5729 3456 5808 εὗρε
3486 5737 3555 5790 τὰ
3599 5731 3791 5788 εἴδωλα.
3819 5741 3836 5776 ι

586 5843 772 5888 autem
798 5845 924 5886 eum
949 5830 1184 5896 vocavit,
1209 5829 1479 5884 Tumulus
1499 5827 1655 5883 testis
1678 5827 1743 5882 ⁵¹.
1779 5847 1799 5879 ι

660 5946 706 5980 ⁸⁸
755 5945 888 6004 Gen.
919 5944 1294 6018 1x15174225.
1378 5943 1417 5977 ἰθ
1455 5942 1588 5999 ibid.
1627 5942 1814 5998 50-55.

583 6053 634 6087 4*

1896 5942 1938 5972 δο
1988 5941 2121 5998 ibid.
2152 5943 2238 6012 τι,
2269 5943 2355 6000 55.
2435 5944 2476 5976 ει

2295 5831 2666 5903 Ἢπορηκότος
2692 5829 2872 5882 τοίνυν
2906 5830 3008 5902 ἤδη
3038 5847 3175 5896 πως,
3206 5828 3610 5900 ὀλοςςυρομένου
3633 5841 3687 5877 τε
3723 5812 3842 5873 κατὰ

2540 5943 2677 5999 ibid.
2721 5940 2911 5998 45—48.
