4034 6458
303 416 420 475 249
1348 422 1484 480 GLA
1492 420 1884 481 PHYRORUM
1923 423 1926 477 ἶ

2030 420 2336 479 GENESIM
2373 419 2503 476 LIB.
2545 420 2608 476 V.
3531 422 3642 480 9.50

303 533 372 588 τὸ
403 532 585 597 είκὺς,
610 531 726 588 τῶν
769 533 920 588 ίδίων
972 533 1114 590 θεῶν
1162 535 1263 610 τὴν
1309 537 1613 607 ἀπώλειαν,
1663 539 1932 611 ἐπῃτιᾶτο
1968 537 2156 612 λοιπὸν
2191 537 2424 600 εἰκότως
2462 537 2491 590 6
2526 535 2799 608 μακάριος
2849 533 3069 602 Ἰακὼϐ,
3097 534 3174 600 ὼς
3228 534 3354 607 εικῆ
3417 534 3638 590 διώκειν

303 625 483 681 αὐτὸν
512 629 819 699 ᾑρημένον,
850 631 948 684 καὶ
994 631 1250 702 ἐγκαλεῖν
1285 634 1388 688 οὐκ
1417 634 1611 706 ἔχοντα
1645 633 1930 698 παντελῶς
1967 633 2146 688 οὐδέν.
2165 628 2302 688 Εἶτα
2328 635 2459 705 περὶ
2520 632 2848 704 συμϐάσεως
2904 632 3090 696 αὐτοῖς
3114 631 3431 704 κεκίνηνται
3462 633 3634 700 λόγοι,

302 725 407 778 καὶ
457 723 683 790 σύνεσις
730 729 865 799 παρ’
909 729 1115 800 ἀμφοῖν
1165 729 1247 796 είς
1295 732 1521 804 εἰρήνην
1569 731 1896 802 ἐπράττετο.
1943 749 1964 784 ι
2013 728 2362 802 Ἀποκριθεὶς
2391 728 2501 802 γὰρ
2535 731 2564 783 6
2601 729 2825 796 Λάϐαν,
2877 728 3077 801 φησὶν,
3123 725 3244 782 εἷπε
3275 729 3354 799 τῷ
3405 729 3634 784 Ἰακώϐο

301 815 378 870 Δί
414 815 730 888 θυγατέρες
770 837 868 874 σου
907 820 1212 896 θυγατέρες
1252 841 1383 896 μου,
1412 825 1510 880 καὶ
1550 826 1658 879 υίοί
1712 842 1828 889 σου,
1863 824 1968 878 υίοί
2009 842 2136 896 μου,
2169 824 2266 878 καὶ
2322 823 2392 878 τὰ
2419 825 2592 895 κτήνη
2627 843 2720 878 σου
2749 825 2923 896 κτήνη
2949 842 3075 896 μου,
3111 825 3205 878 καὶ
3229 824 3408 878 πάντα
3433 823 3535 877 ὅσα
3569 824 3635 877 σὺ

302 909 470 981 δρᾷς,
509 913 626 980 ἐμά
659 913 802 980 ἐστι,
829 914 926 968 καὶ
950 914 1062 969 τῶν
1102 915 1422 990 θυγατέρων
1458 936 1585 990 μου.
1657 919 1724 972 Τί
1782 919 2000 990 ποιήσω
2038 917 2267 982 ταύταις
2303 919 2566 988 σήμερον,
2595 918 2691 971 καὶ
2720 920 2832 982 τοῖς
2855 917 3066 982 τέκνοις
3100 917 3281 970 αὐτῶν
3301 911 3384 979 οἷς
3413 915 3633 982 ἔτεκον;

306 1000 428 1087 Νῦν
455 997 557 1054 οὖν
591 1000 776 1074 δεῦρο,
808 1004 1126 1076 διαθώμεθα
1153 1007 1425 1080 διαθήκην
1451 1007 1565 1079 ἐγὼ
1595 1008 1692 1063 καὶ
1724 1008 1812 1072 σὺ,
1836 1011 1932 1061 καὶ
1969 1008 2126 1064 ἐσται
2160 1011 2242 1072 εἰς
2311 1009 2622 1080 μαρτυρίαν
2655 1009 2759 1063 ἀνὰ
2795 1009 2960 1079 μέσον
3029 1007 3168 1079 ἐμοῦ
3205 1009 3298 1061 καὶ
3331 1006 3446 1061 σοῦ.
3497 1002 3635 1061 Eine

304 1095 364 1148 δὲ
388 1095 588 1166 αὐτῷ·
631 1097 766 1151 Ἰδοὺ
842 1099 1021 1164 οὐδεὶς
1061 1100 1182 1170 μεθ’
1211 1101 1370 1174 ήμῶν
1412 1103 1584 1168 ἐστιν,
1632 1102 1710 1156 ίδὲ
1750 1105 1780 1156 6
1827 1103 1961 1166 Θεὸς
2003 1101 2220 1174 μάρτυς
2257 1102 2362 1156 ἀνὰ
2409 1102 2576 1172 μέσον
2619 1101 2756 1172 ἐμοῦ
2790 1102 2884 1154 καὶ
2918 1100 3036 1155 σοῦ.
3071 1099 3270 1155 Λαϐὼν
3335 1100 3393 1154 δέ
3437 1096 3637 1151 Ἰακὼϐ

303 1185 486 1254 λίθον,
521 1187 757 1260 ἔστησεν
807 1191 976 1246 αὐτὸν
1015 1192 1242 1266 στήλην.
1293 1191 1432 1250 Εἷπε
1509 1195 1567 1249 δὲ
1612 1194 1810 1250 Ἰακὼϐ
1849 1199 1965 1260 τοῖς
2043 1195 2296 1265 ἀδελφοῖς
2345 1195 2509 1250 αὐτοῦ
2541 1195 2880 1264 ’Συλλέγετε
2930 1194 3134 1259 λίθους.
3186 1193 3294 1248 Καὶ
3346 1191 3636 1257 συνέλεξαν

300 1278 520 1346 λίθους,
557 1283 659 1338 καὶ
692 1284 965 1356 ἐποίησαν
1009 1285 1220 1356 βουνὸν,
1266 1289 1362 1343 καὶ
1405 1288 1610 1359 ἔφαγον
1659 1290 1780 1344 ἐκεῖ
1826 1289 1920 1344 ἐπὶ⁴
1958 1288 2054 1344 τοῦ
2084 1289 2300 1360 βουνοῦ.
2341 1289 2450 1343 Καὶ
2480 1283 2637 1342 εἶπεν
2676 1287 2826 1359 αὐτῷ
2865 1286 3054 1342 Δάϐαν
3083 1303 3098 1316 ⁸
3143 1287 3204 1339 '0
3249 1285 3436 1357 βουνὸς
3479 1280 3634 1346 οὗτος

305 1381 599 1450 μαρτυρεῖ
625 1379 731 1433 ἀνά
755 1379 926 1446 μέσον
953 1381 1088 1453 ἐμοῦ
1153 1382 1250 1437 καὶ
1315 1385 1412 1439 σοῦ
1449 1386 1714 1458 σήμερον.
1745 1386 1858 1440 Καὶ
1903 1385 2168 1442 ἐκάλεσεν
2210 1385 2376 1441 αὑτὸν
2441 1385 2648 1454 Λάϐαν,
2684 1385 2886 1448 Βουνὸς
2936 1383 3268 1457 μαρτυρίας.
3331 1379 3530 1435 Ἰακὼϐ
3577 1379 3633 1433 δὲ

302 1470 584 1524 ἐκάλεσεν
619 1472 805 1539 αὑτὸν,
845 1473 1047 1539 Βουνὸς
1085 1475 1322 1547 μάρτυς.

379 1596 446 1645 ε’.
495 1589 904 1664 Ἐπιτροχάδην
943 1592 1044 1663 μὲν
1072 1586 1167 1648 οὖν
1203 1595 1260 1648 ἐν
1283 1595 1497 1660 τούτοις
1531 1596 1628 1651 καὶ
1667 1595 1926 1652 κολοϐοῦν

2106 1590 2160 1646 5.
2212 1586 2466 1644 Breviter
2498 1587 2667 1659 igitur
2705 1587 2762 1642 in
2803 1587 2895 1642 his
2920 1587 2996 1656 fet
3024 1587 3308 1644 succincte
3341 1589 3634 1647 historiam

301 1682 387 1748 ὡς
418 1682 504 1737 ἔνι
535 1683 938 1749 σπουδάζοντες
967 1684 1037 1739 τά
1053 1685 1154 1756 τῆς
1187 1687 1429 1759 ἱστορίας
1459 1689 1816 1762 ἀφηγήμεθα.
1844 1687 1928 1742 Τὰ

301 1776 367 1831 δὲ
398 1777 485 1840 είς
511 1775 642 1830 νοῦν
667 1775 771 1849 ήδη
812 1777 908 1831 τὸν
947 1778 1211 1833 ἐσωτάτω
1239 1779 1566 1852 διατρανοῦν
1598 1783 1924 1850 ἀναγκαῖον.

305 1869 441 1924 Ὀτι
473 1868 659 1922 τοίνυν
681 1870 1020 1942 ἐπεμάνισεν
1049 1872 1079 1925 6
1109 1872 1322 1942 κόσμος
1349 1873 1676 1929 πλουτοῦντι
1701 1875 1926 1947 Χριστῷ

303 1964 408 2026 τὰς
441 1961 556 2015 τῶν
585 1963 960 2017 πιστευόντων
984 1963 1211 2034 ἀγέλας,
1245 1967 1342 2020 καὶ
1376 1967 1718 2040 ἐπιθρώσκει
1747 1968 1927 2022 λελυτ-

308 2054 524 2125 τηκὼς,
555 2055 620 2109 ού
657 2055 892 2127 μακρῶν
918 2056 987 2111 ἂν
1017 2059 1193 2114 δέοιτο
1223 2060 1403 2130 λόγων
1437 2078 1523 2126 τις
1545 2064 1626 2126 είς
1667 2062 1927 2134 παράδει-

315 2151 396 2217 ξιν
431 2151 676 2223 ἐναργῆ.
724 2150 838 2205 Θέα
868 2150 981 2224 γὰρ
1011 2154 1162 2218 ὅπως
1205 2154 1543 2224 ἀπαίροντος
1585 2155 1681 2209 τοῦ
1726 2153 1925 2209 Ἰακὼϐ

305 2241 501 2297 διώκει
558 2242 756 2313 φωνῶν
800 2243 830 2297 6
881 2244 1071 2300 Λάϐαν
1122 2247 1262 2318 ὁμοῦ
1309 2251 1426 2313 τοῖς
1486 2247 1640 2310 ίδίοις
1687 2247 1922 2311 τέκνοις.

317 2337 586 2408 ’Δπαίρει
618 2338 675 2391 δέ
710 2335 904 2412 ὥσπερ
939 2341 1036 2395 κα)⁸
1081 2341 1195 2396 ἀπὸ
1240 2342 1453 2414 κόσμου
1503 2341 1742 2413 Χριστὸς
1785 2340 1924 2412 ὁμοῦ

302 2424 433 2492 ταῖς
459 2427 663 2482 ἐαυτοῦ
691 2428 960 2501 νύμφαις,
987 2431 1244 2485 τουτέστι
1273 2434 1398 2496 ταῖς
1429 2431 1804 2504 Ἐκκλησίαις,
1831 2432 1926 2486 καὶ

303 2522 480 2575 οἱονεὶ
515 2523 742 2576 πανοικὶ
785 2523 1201 2594 μετανίσταται,
1231 2525 1442 2599 νοητῶς
1468 2527 1582 2590 τοῖς
1619 2526 1771 2590 ίδίοις
1804 2527 1926 2580 ἐπι-

305 2615 536 2685 φωνῶν·
584 2635 604 2668 ι
628 2617 968 2689 Ἐγείρεσθε,
1006 2617 1236 2690 ἄγωμεν
1272 2619 1549 2673 ἐντεῦθεν.
1585 2638 1603 2670 ι
1651 2619 1711 2673 Ὀ
1741 2619 1798 2672 δὲ
1824 2620 1926 2690 τῆς

301 2713 619 2783 ἀπάρσεως
652 2711 858 2784 τρόπος
892 2713 993 2766 οὐκ
1031 2713 1327 2785 αἰσθητῶς,
1357 2713 1481 2768 οὔτε
1520 2713 1628 2786 μὴν
1656 2714 1738 2778 είς
1761 2713 1925 2767 τόπον

301 2806 374 2858 ἐκ
423 2806 599 2859 τόπου
644 2805 980 2877 σωματικῶς
1027 2807 1393 2878 ἐκπράττοιτο
1423 2807 1510 2862 ἄν.
1562 2807 1776 2878 Κομιδῇ
1813 2806 1924 2876 γάρ

303 2896 484 2969 ἄηθες
502 2897 567 2950 :6
587 2893 692 2952 ὧδε
728 2901 954 2970 φρονεῖν
985 2900 1018 2970 ἢ
1049 2899 1254 2969 λέγειν.
1303 2900 1446 2953 Ἀλλ’
1481 2902 1546 2954 ἐκ
1569 2899 1666 2952 τοῦ
1700 2901 1923 2970 φρονεῖν

304 2989 380 3044 τὰ
400 2991 500 3044 τοῦ
533 2990 746 3062 κόσμου
777 2991 916 3062 πρὸς
941 2991 1004 3044 :6
1019 2991 1153 3064 δρᾷν
1184 2991 1396 3045 ἐθέλειν
1422 2992 1489 3046 τά
1509 2991 1772 3045 δοκοῦντα
1802 2989 1925 3061 Θεῷ

302 3084 613 3157 χρησίμως
641 3085 1098 3156 άποπεραίνεται.
1145 3084 1234 3148 Ὠς
1271 3085 1382 3157 γὰρ
1416 3087 1444 3138 6
1482 3086 1755 3156 μακάριος
1783 3085 1925 3155 γρά⁴

305 3193 407 3244 φει
448 3175 702 3240 Παῦλος,
751 3175 854 3229 οὐκ
888 3175 1086 3248 ἐχομεν
1113 3168 1218 3230 ὧδε
1265 3177 1538 3249 μένουσαν
1569 3177 1746 3240 πόλιν,
1787 3175 1925 3232 ἀλλά

303 3265 414 3339 τὴν
442 3267 748 3338 μέλλουσαν
769 3266 1162 3340 ἐπιζητοῦμεν,
1180 3263 1248 3341 ἦς
1265 3269 1516 3342 τεχνίτης
1537 3270 1633 3323 καὶ
1659 3269 1924 3342 δημιουρ-

302 3362 412 3430 γὸς
441 3361 470 3415 6
498 3360 654 3423 Θεός.
683 3361 895 3433 Γράφει
923 3360 982 3414 δὲ
1005 3361 1099 3416 καὶ
1129 3359 1320 3432 ἔτερος
1346 3361 1455 3414 τῶν
1487 3361 1660 3431 ἁγίων
1686 3363 1924 3416 ἀποστό-

305 3455 465 3508 λων·
503 3473 525 3506 ‹
567 3453 883 3526 Παρακαλῶ
916 3454 991 3518 ῶς
1030 3454 1330 3527 παροίκους
1354 3455 1451 3508 καὶ
1479 3457 1922 3527 παρεπιδήμους,

305 3547 595 3620 ἀπέχεσθε
637 3547 748 3602 τῶν
791 3549 1074 3620 σαρκικῶν
1113 3547 1453 3619 ἐπιθυμιῶν,
1494 3549 1700 3613 αἵτινες
1759 3567 1926 3622 στρα-

304 3639 574 3698 τεύονται
605 3641 751 3695 κατά
787 3641 890 3712 τῆς
926 3640 1132 3712 ψυχῆς.
1183 3659 1202 3693 ›
1254 3639 1701 3712 Περιπατοῦντες
1731 3641 1789 3694 δὲ
1829 3641 1926 3702 ἐπὶ

305 3735 418 3799 τῆς
448 3734 576 3805 γῆς,
609 3733 686 3798 ὡς
711 3735 770 3788 ἐν
792 3733 1012 3806 οὐρανῷ
1053 3731 1342 3803 ποιώμεθα
1367 3732 1429 3787 :6
1455 3733 1786 3806 πολίτευμα,
1815 3734 1926 3787 δια-

306 3831 420 3901 ζῇν
450 3828 858 3894 σπουδάζοντες
886 3827 1170 3900 σαρκικῶς
1188 3827 1291 3898 μὲν
1310 3828 1412 3881 οὐκ
1430 3825 1534 3893 ἐτι,
1562 3827 1924 3900 ἀγιοπρεπῶς

303 3924 366 3978 δὲ
424 3921 632 3994 μᾶλλον
685 3923 784 3977 καὶ
842 3920 1256 3991 πνευματικῶς.
1305 3920 1628 3993 Διανίστησι
1680 3921 1737 3976 δὲ
1787 3921 1926 3993 πρὸς

301 4014 476 4070 τοῦτο
498 4014 651 4086 ἡμᾶς
679 4013 1016 4068 ἐπιστέλλων
1055 4014 1084 4066 6
1111 4011 1325 4076 Παῦλος
1351 4030 1368 4048 ο
1396 4030 1416 4064 ι
1449 4011 1543 4084 Μὴ
1577 4012 1926 4084 συσχηματίο

302 4109 478 4176 ζεσθε
515 4107 595 4180 τῷ
619 4107 779 4162 αίῶνι
805 4107 1014 4178 τούτῳ,
1046 4105 1184 4161 ἀλλὰ
1221 4105 1655 4178 συμμορφοῦσθε
1685 4107 1754 4177 τῇ
1787 4105 1924 4160 ἀνα-

304 4201 584 4257 καινώσει
611 4200 709 4255 τοῦ
737 4200 858 4265 νοὸς
887 4198 1078 4272 ὑμῶν,
1114 4201 1196 4263 εἰς
1229 4199 1292 4253 :6
1319 4197 1640 4270 δοκιμάζειν
1689 4198 1838 4268 ὑμᾶς
1870 4199 1925 4254 τί

2029 1683 2440 1741 enarravimus.
2469 1681 2856 1736 Necessarium
2889 1697 3022 1736 vero
3060 1689 3145 1737 est
3171 1682 3496 1739 interiorem
3535 1701 3635 1740 eo-

2030 1791 2158 1832 rum
2187 1789 2416 1830 sensum
2459 1773 2758 1843 explicare.
2788 1771 2947 1840 Quod
2977 1773 3164 1844 itaque
3192 1774 3440 1832 oti'ensus
3463 1776 3635 1832 fuerit

2030 1866 2273 1922 mundus
2314 1865 2559 1931 Christo,
2599 1864 2952 1921 credentium
2982 1882 3148 1939 grege
3175 1867 3373 1933 ditato,
3399 1878 3457 1924 et
3479 1871 3634 1939 rabie

2030 1960 2268 2031 quadam
2292 1959 2540 2030 percitus
2566 1959 2847 2015 insultarit
2875 2001 2888 2024 ,
2931 1974 3282 2030 nequaquam
3323 1961 3488 2033 longo
3511 1979 3604 2018 ser

2028 2068 2192 2109 mone
2215 2068 2358 2124 opus
2379 2052 2548 2108 fuerit
2570 2051 2640 2106 ad
2665 2052 3126 2108 conﬁrmandum.
3167 2054 3305 2110 Vide
3340 2055 3488 2110 enim
3523 2072 3638 2126 quo

2027 2155 2190 2217 pacto
2222 2145 2543 2201 discedente
2566 2144 2774 2200 Iacobo
2797 2145 3154 2215 persequitur
3171 2147 3419 2202 clamans
3443 2146 3634 2202 Laban

2028 2255 2157 2296 cum
2206 2239 2337 2294 ﬁliis
2367 2239 2502 2300 suis,
2546 2237 2797 2293 Discedit
2832 2253 2970 2294 vero
3001 2237 3412 2308 quodammodo
3465 2241 3635 2295 etiam

2027 2333 2284 2391 Christus
2314 2349 2346 2389 a
2391 2332 2600 2388 mundo
2632 2347 2760 2388 cum
2809 2332 3029 2402 sponsis
3076 2333 3192 2388 suis
3214 2374 3229 2399 ,
3262 2333 3370 2388 hoc
3395 2341 3481 2388 est
3534 2333 3638 2388 Ec-

2028 2431 2235 2493 clesiis,
2277 2443 2343 2484 ac
2371 2428 2542 2484 veluti
2577 2441 2704 2482 cum
2746 2426 3009 2482 universa
3037 2427 3203 2482 domo
3243 2427 3630 2499 transmigrat,

2029 2520 2358 2593 spiritaliter
2409 2519 2527 2576 suis
2584 2519 2893 2575 inclamans
2937 2537 2950 2573 :
2999 2537 3017 2571 ι
3055 2517 3316 2591 Surgite,
3371 2520 3638 2577 abeamus

2028 2615 2163 2671 hinc
2183 2615 2252 2669 ⁸³.
2289 2634 2308 2666 ι
2337 2611 2706 2670 Profectionis
2733 2627 2870 2668 vero
2904 2627 2970 2668 ac
2993 2612 3274 2669 discessus
3297 2614 3498 2670 modus
3522 2629 3638 2672 non

2027 2709 2102 2765 sit
2126 2707 2420 2772 sensualis,
2453 2721 2636 2776 neque
2661 2720 2800 2760 vero
2830 2705 2900 2760 de
2934 2705 3058 2760 loco
3092 2705 3149 2759 in
3179 2706 3368 2761 locum
3395 2707 3492 2762 flat
3514 2723 3638 2764 cor-

2027 2801 2297 2872 poraliter
2320 2800 2614 2870 (absonum
2637 2798 2788 2853 enim
2815 2797 2872 2851 in
2897 2798 3093 2868 primis
3118 2797 3174 2853 id
3195 2798 3364 2854 fuerit
3389 2800 3637 2872 cogitare

2029 2897 2117 2950 vel
2147 2893 2381 2965 dicere),
2420 2892 2518 2948 sed
2565 2908 2633 2947 ex
2663 2891 3097 2963 cogitationibus
3122 2893 3421 2949 mundanis
3456 2894 3524 2949 ad
3552 2895 3639 2950 fa-

2027 2985 2224 3041 cienda
2255 2999 2319 3039 ea
2343 2998 2467 3054 qua:
2491 2983 2606 3036 Deo
2643 2982 2884 3051 placent,
2925 2980 3213 3038 fructuose
3237 2982 3412 3037 vitam
3439 2983 3638 3038 termi-

2027 3087 2142 3136 nat.
2165 3079 2325 3146 Nam,
2360 3085 2420 3134 ut
2447 3077 2642 3133 beatus
2665 3076 2869 3132 Paulus
2894 3077 3114 3141 scribit,
3165 3097 3183 3127 ι
3213 3077 3335 3132 Non
3364 3077 3641 3136 habemus

2029 3175 2122 3230 hic
2145 3181 2461 3227 manentem
2487 3171 2790 3235 civitatem,
2809 3171 2906 3226 sed
2929 3169 3171 3225 futuram
3192 3170 3632 3240 inquirimus”,:

2029 3269 2187 3338 cujus
2213 3265 2401 3336 opifex
2443 3271 2500 3321 et
2545 3272 2768 3329 creator
2797 3273 2884 3319 est
2916 3265 3084 3319 Deus.
3115 3264 3272 3319 Alius
3303 3280 3436 3318 vero
3468 3264 3640 3319 etiam

2029 3375 2098 3415 ex
2138 3359 2344 3415 sanctis
2367 3357 2636 3429 apostolis
2662 3357 2737 3412 ita
2773 3357 3008 3412 scribit:
3045 3377 3062 3408 ι
3102 3355 3350 3413 Obsecro
3365 3373 3483 3422 vos,
3521 3367 3639 3413 tan-

2028 3468 2195 3523 quam
2223 3451 2465 3506 advenas
2493 3457 2550 3506 et
2572 3451 2917 3522 peregrinos,
2937 3449 3219 3505 abstinere
3256 3465 3356 3504 vos
3384 3465 3415 3504 a
3440 3464 3642 3504 carna-

2028 3545 2176 3602 libus
2201 3544 2515 3609 desideriis,
2552 3559 2675 3614 qme
2699 3543 2942 3598 militant
2965 3543 3234 3598 adversus
3262 3542 3502 3597 animam
3518 3541 3586 3596 ⁸⁵.
3613 3561 3633 3594 ι

2029 3638 2393 3696 Ambulantes
2415 3647 2602 3694 autem
2631 3653 2798 3708 super
2825 3643 3032 3692 terram
3057 3637 3230 3692 veluti
3262 3637 3319 3690 in
3343 3635 3484 3691 coelo
3503 3652 3642 3690 con-

2028 3746 2323 3787 versemur
2354 3729 2424 3797 ⁸⁸,
2453 3745 2565 3784 non
2602 3729 2831 3800 quidem
2866 3729 3109 3799 amplius
3131 3728 3433 3784 carnaliter
3451 3727 3642 3783 vivere

2029 3826 2308 3891 volentes,
2359 3833 2414 3879 at
2447 3825 2636 3894 potius
2689 3831 2882 3878 sancte
2953 3831 3011 3878 et
3073 3821 3416 3893 spiritaliter.
3463 3820 3645 3892 Erigit

2028 3936 2165 3975 vero
2200 3935 2304 3974 nos
2326 3917 2394 3973 ad
2433 3918 2540 3973 hoc
2566 3917 2773 3972 Paulus
2807 3916 2883 3971 ita
2909 3915 3164 3971 scribens
3193 3933 3207 3969 :
3247 3933 3265 3966 ‹
3311 3915 3390 3972 Ne
3416 3914 3644 3968 confor-

2029 4007 2259 4065 memini
2280 4007 2483 4063 smeulo
2507 4006 2640 4062 huic
2660 4048 2674 4072 ,
2699 4005 2796 4061 sed
2824 4003 3253 4082 conformemini
3292 4002 3642 4082 renovationi

2031 4102 2236 4158 mentis
2263 4107 2486 4165 vestrae,
2512 4107 2576 4154 ut
2597 4098 2848 4171 probetis
2867 4077 2987 4162 vos,
3014 4113 3136 4168 qua:
3160 4097 3233 4152 sit
3252 4097 3510 4152 voluntas
3544 4077 3642 4150 Dei

2030 4195 2207 4260 bona,
2256 4209 2322 4249 ac
2365 4193 2507 4248 bene
2555 4193 2780 4263 placens
2821 4199 2880 4248 et
2915 4191 3165 4262 perfecta
3194 4191 3262 4245 ".
3291 4211 3310 4242 ι
3342 4191 3642 4260 Postquam

303 4296 371 4350 :6
409 4293 633 4366 θέλημα
677 4292 772 4347 τοῦ
817 4292 958 4346 Θεοῦ
988 4292 1050 4346 :6
1079 4292 1310 4362 ἀγαθὸν,
1347 4292 1445 4346 καὶ
1472 4293 1791 4362 εὐάρεστον,
1829 4294 1926 4346 καὶ

2030 4303 2167 4344 vero
2182 4301 2537 4357 nequaquam
2561 4285 2772 4340 mundo
2795 4285 3128 4340 conformati
3159 4283 3453 4347 fuerimus,
3478 4298 3644 4336 mun-

304 4388 544 4442 τέλειον.
578 4406 598 4439 ι
646 4385 868 4457 Ἐπειδὴ
891 4385 1020 4439 δὲού
1049 4385 1128 4454 τῷ
1154 4385 1348 4456 κόσμῳ
1371 4383 1929 4456 συνεσχηματξσμεθα

303 4485 415 4555 τὴν
438 4481 716 4553 κοσμικὴν
748 4479 972 4552 ἀπάτην
994 4480 1365 4546 ἐκϐαίνοντες,
1407 4478 1764 4552 μιμησόμεθα
1795 4479 1928 4548 παρ’

306 4573 511 4632 αὑτοῦ.
555 4574 668 4628 Καὶ
708 4573 872 4628 τοῦτο
910 4571 1069 4636 είδὼς
1101 4571 1280 4645 οῦτως
1308 4572 1434 4645 ἕχον
1466 4571 1711 4641 ἔφασκεν
1746 4569 1774 4622 6
1813 4569 1930 4624 Σω-

302 4671 424 4741 τήρ
461 4685 476 4700 :
519 4685 540 4720 ι
581 4667 645 4719 Ei
677 4667 744 4720 ἐκ
776 4664 870 4719 τοῦ
904 4664 1116 4735 κόσμου
1147 4638 1270 4736 ἦτε,
1300 4638 1566 4736 ὀ-κόσμος
1593 4663 1660 4718 ἂν
1690 4661 1752 4716 :6
1792 4661 1926 4715 ἴδιον

304 4763 494 4832 ἐφίλει
521 4779 536 4793 ο
577 4759 769 4833 ἐπειδὴ
811 4760 869 4814 δὲ
907 4761 974 4814 ἐκ
1015 4760 1226 4830 κόσμου
1259 4759 1362 4812 οὐκ
1412 4756 1537 4811 ἐστέ
1564 4797 1580 4823 ,
1642 4754 1734 4810 διὰ
1768 4753 1929 4808 τοῦτο

308 4857 470 4928 μισεῖ
511 4854 658 4925 ὑμᾶς
691 4856 720 4909 6
765 4854 993 4925 κόσμος.
1039 4873 1058 4908 ι
1105 4851 1316 4908 Οὐκοῦν
1350 4850 1537 4906 διώκει
1590 4849 1787 4921 μισῶν.
1825 4849 1930 4902 Φο-

304 4951 495 5003 νῶντα
529 4947 591 5001 δέ
620 4949 716 5000 καὶ
747 4945 1236 5020 ἁποταυρούμενον
1259 4947 1339 5010 εἰς
1368 4943 1713 5006 ἀκαθέκτους
1735 4941 1926 5013 ὀργὰς,

303 5037 680 5112 ἀνασειράζει
725 5038 882 5102 Θεὸς,
924 5038 1034 5092 οὐδ’
1084 5040 1210 5092 ὅσον
1255 5038 1436 5091 εἰπεῖν
1480 5035 1718 5107 ἀπηνέσι
1746 5035 1929 5103 λόγοις

305 5133 656 5189 καταλυπεῖν
691 5131 886 5198 ἐφιείς.
914 5131 1061 5201 Ἔφη
1079 5131 1192 5202 γάρ
1216 5128 1356 5200 πρὸς
1385 5129 1477 5182 τὸν
1503 5129 1690 5182 Λάϐαν
1714 5129 1742 5182 6
1772 5127 1928 5192 Θεὸς,

305 5223 494 5295 φησί’
549 5239 569 5274 ι
615 5220 856 5286 Φύλαξαι
913 5223 1142 5275 σεαυτὸν
1192 5223 1267 5294 μή
1320 5239 1438 5285 πως
1488 5221 1740 5292 λαλήσῃς
1785 5220 1929 5272 κατά

316 5315 527 5372 Ἰακὼϐ
551 5315 790 5386 πονηρά.
837 5333 856 5365 ι
907 5315 1047 5368 Ἀλλ’
1073 5316 1392 5369 ἐπαιτιᾶται
1428 5315 1527 5387 μὲν
1558 5315 1587 5367 6
1621 5315 1826 5385 κόσμος
1855 5311 1933 5376 ὡς

304 5407 715 5480 σεσυλημένος,
749 5407 846 5461 καὶ
876 5407 1240 5463 ἀπολωλότων
1265 5407 1418 5481 αὐτῷ
1436 5408 1547 5462 τῶν
1579 5407 1741 5462 θεῶν.
1777 5408 1932 5460 Ἐκε-

303 5502 510 5570 κλόερει
541 5499 598 5553 δὲ
627 5499 855 5564 τούτους
885 5501 918 5571 ή
960 5501 1188 5573 Ῥαχήλ.
1224 5502 1374 5572 Πλὴν
1397 5503 1500 5575 ὅρα
1518 5501 1620 5573 τήν
1647 5500 1932 5572 ἐπιχείρη-

307 5609 425 5647 σιν.
471 5589 782 5665 ’Πρεύνησε
819 5591 972 5662 παρὰ
1003 5595 1071 5664 τῇ
1113 5581 1252 5666 Λεία
1297 5595 1428 5660 τοὺς
1461 5595 1620 5658 θεοὺς
1660 5596 1688 5648 6
1719 5593 1929 5657 Αάϐαν,

305 5684 415 5739 καὶ
458 5683 562 5756 μέν
609 5699 695 5736 τοι
725 5682 821 5737 καὶ
865 5685 1020 5749 παρά
1051 5688 1176 5740 ταῖν
1203 5685 1298 5740 δύο
1334 5685 1719 5759 θεραπαίναιν,
1764 5705 1783 5738 ‹
1832 5685 1927 5739 καὶ

388 5879 789 5958 "_J_oan.-x1v.
834 5882 923 5938 5|.
1003 5883 1248 5958 "_chr.
1304 5905 1419 5958 xm,
1472 5891 1552 5947 Li.
1634 5890 1732 5947 “1
1772 5890 1918 5947 Pctr.
1947 5904 2004 5958 ιι,
2042 5888 2127 5944 Η.

314 5969 412 6024 x1,
459 5953 551 6010 l9.
629 5952 676 5985 ⁵⁸
697 5953 837 6011 Gen.
871 5972 1016 6025 xxxi,
1049 5956 1140 6013 ΕΗ.

2031 4379 2210 4433 danos
2253 4390 2476 4431 errores
2533 4374 2777 4446 egressi,
2816 4373 3132 4428 imitatores
3182 4370 3361 4440 ipsius
3408 4369 3641 4424 erimus.

2029 4466 2192 4534 Quod
2218 4465 2429 4537 optime
2457 4465 2776 4536 intelligens
2825 4464 2902 4519 ita
2929 4478 2989 4519 se
3022 4463 3233 4519 habere
3275 4462 3530 4518 Salvator
3554 4461 3645 4517 di-

2029 4561 2153 4616 xit:
2189 4579 2207 4610 ‹
2251 4558 2310 4615 Si
2358 4557 2427 4614 de
2455 4557 2669 4613 mundo
2697 4556 2981 4621 fuissetis,
3021 4555 3265 4610 mundus
3293 4555 3440 4625 quod
3478 4570 3645 4610 suum

2029 4660 2151 4709 erat
2173 4651 2434 4722 diligeret
2471 4669 2484 4704 :
2511 4650 2644 4722 quia
2682 4665 2818 4705 vero
2844 4649 2914 4706 de
2941 4649 3154 4704 mundo
3177 4663 3290 4703 non
3321 4647 3456 4704 estis
3473 4689 3488 4714 ,
3510 4663 3644 4719 pro-

2029 4754 2221 4817 pterea
2246 4745 2365 4800 odit
2385 4759 2485 4799 vos
2512 4743 2756 4799 mundus
2780 4743 2848 4798 η.
2884 4762 2904 4795 ι
2931 4742 3297 4814 Persequitur
3313 4742 3500 4814 itaque
3516 4741 3648 4798 odio

2030 4854 2396 4912 prosequens.
2444 4837 2761 4908 Spirantem
2804 4851 2940 4892 vero
2980 4835 3195 4902 caades,
3246 4843 3304 4891 et
3352 4835 3648 4906 impotenti

2031 4934 2114 4990 ira
2137 4934 2550 4989 inﬂammatum
2575 4930 2815 4986 retrahit
2839 4946 2903 4986 ac
2929 4928 3237 4999 compescit
3280 4927 3442 4998 156
3467 4929 3640 4995 Deus,

2030 5043 2102 5082 ne
2140 5027 2420 5081 tantillum
2439 5024 2666 5096 quidem
2700 5023 2914 5094 asperis
2937 5021 3125 5076 verbis
3143 5022 3387 5092 afﬂigere
3410 5021 3648 5092 permit-

2033 5129 2178 5175 tens.
2204 5108 2360 5174 Dixit
2395 5118 2547 5173 enim
2596 5115 2667 5171 ad
2701 5115 2892 5170 Laban
2937 5115 3088 5170 Deus
3129 5130 3142 5168 :
3181 5133 3198 5164 ‹
3240 5112 3388 5170 Cave
3435 5115 3538 5170 tibi
3576 5132 3648 5173 ne

2032 5214 2338 5287 quidquam
2365 5227 2564 5284 aspere
2611 5209 2866 5280 loquaris
2900 5219 3096 5266 contra
3131 5209 3306 5267 Jacob
3330 5210 3398 5264 ⁸⁸.
3431 5231 3447 5264 ι
3474 5210 3649 5268 Carte-

2033 5324 2157 5364 rum
2183 5307 2516 5362 criminatur
2540 5304 2766 5376 quidem
2797 5303 3060 5368 mundus,
3087 5304 3234 5374 quod
3263 5305 3532 5375 spoliatus
3552 5307 3646 5371 sit,

2034 5399 2298 5472 quodque
2321 5398 2456 5453 deos
2479 5413 2611 5453 suos
2643 5396 2972 5468 perdiderit.
3000 5397 3204 5452 Furata
3228 5405 3414 5453 autem
3440 5405 3527 5452 est
3550 5413 3649 5455 eos

2033 5492 2261 5549 Rachel.
2289 5490 2460 5562 Atqui
2484 5490 2610 5546 vide
2625 5507 2735 5560 quo
2764 5498 2928 5561 pacto
2970 5506 3062 5546 res
3112 5498 3266 5562 gesta
3292 5491 3385 5546 sit.
3419 5490 3638 5546 Scruta-

2036 5597 2128 5644 tus
2148 5597 2235 5644 est
2259 5585 2409 5658 apud
2443 5584 2597 5640 Liam
2627 5584 2765 5640 deos
2796 5585 3010 5651 Laban,
3039 5602 3145 5641 nec
3190 5600 3302 5640 non
3329 5582 3475 5654 apud
3509 5581 3648 5638 duas

2036 5683 2287 5750 ancillas,
2323 5699 2341 5733 ι
2372 5690 2430 5737 et
2455 5696 2566 5736 non
2595 5678 2831 5746 invenit,
2866 5698 2883 5730 ι
2915 5679 3116 5749 inquit.
3145 5675 3425 5732 Insidebat
3458 5681 3646 5728 autem

2245 5888 2290 5920 "
2323 5886 2525 5958 Philip.
2567 5901 2646 5952 ιιι,
2672 5884 2760 5939 20.
2842 5885 2887 5916 ⁸⁵
2919 5883 3080 5938 Rom.
3118 5896 3212 5948 xu,
3245 5878 3302 5935 '2.
3402 5873 3447 5907 ⁵⁷
3483 5871 3644 5930 Joan.
