4034 6452
466 415 565 474 ἰὸί

1498 414 1556 470 S.
1597 413 1874 469 CYRILL!
1912 414 2383 496 ALEXANDRINI
2420 417 2736 476 ARCHIEP.

3624 410 3725 482 ἐξὲξ

465 540 549 595 eis
594 539 823 605 Rachel,
865 538 1318 595 consuetudinem
1374 537 1703 592 feminarum
1767 554 2060 595 excusans.

2162 541 2260 612 οὐχ
2294 536 2449 611 εὗρε,
2494 544 2704 611 »-φησί.
2762 540 3101 606 Ἐπεκάθητο
3134 540 3188 593 δὲ
3228 540 3410 602 αὑτοῖς
3441 543 3473 608 ἡ
3512 542 3723 613 Ῥαχὴλ,

465 630 729 697 Quaenam
766 631 933 701 igitur
957 630 1153 685 horum
1180 631 1319 685 ratio
1343 630 1467 685 est?
1493 629 1772 685 [dolorum
1814 631 2055 685 sublatio

466 738 576 777 non
600 732 723 777 erat
761 738 901 792 opus
940 720 1234 793 Synagogm
1274 722 1614 787 Iudaeorum,
1653 738 1835 793 neque
1860 739 2055 779 eorum

467 817 561 886 qui
602 817 657 871 in
700 817 1024 871 servitutem
1053 816 1167 870 nati
1195 823 1358 879 sunt;
1410 816 1508 872 sed
1550 816 1790 887 junioris
1814 817 2052 883 Rachel,

468 907 573 962 hoc
597 918 711 972 est,
752 908 1012 963 Ecclesiae
1043 908 1188 963 idola
1245 923 1413 961 manu
1457 907 1603 962 facta
1636 907 1938 978 ignominia
1972 908 2055 961 af-

469 999 736 1065 ﬁcientis,
768 1018 831 1057 ac
864 1009 1075 1081 tantum
1105 1008 1215 1057 non
1246 1001 1531 1072 implentis
1559 1001 1614 1055 in
1662 1000 1729 1056 iis
1771 1000 1919 1071 quod
1956 1016 2056 1070 per

477 1105 663 1144 vocem
702 1091 985 1160 propheta:
1025 1091 1236 1146 dictum
1292 1099 1377 1146 est
1420 1109 1432 1143 :
1481 1110 1500 1141 ι
1538 1091 1608 1145 Et
1644 1090 1864 1145 auferes
1911 1089 2057 1145 idola

387 1191 393 1197 ‘
467 1182 847 1252 deargentata,
878 1191 936 1238 et
967 1182 1236 1239 deaurata
1279 1183 1644 1247 comminues,
1680 1189 1739 1237 et
1766 1183 2057 1253 disperges

466 1273 611 1328 sicut
635 1289 831 1343 aquam
878 1282 1261 1333 menstruam,
1308 1284 1364 1329 et
1411 1275 1553 1328 sicut
1576 1285 1793 1329 stercus
1831 1274 2057 1345 abjicies

465 1381 530 1421 ea
560 1366 628 1419 ⁵³.
655 1386 673 1416 ι
705 1367 999 1436 Postquam
1025 1382 1159 1421 vero
1182 1382 1292 1420 non
1313 1375 1444 1420 sunt
1468 1366 1675 1420 inventi
1702 1381 1733 1420 a
1756 1365 1945 1421 Laban
1977 1367 2056 1421 dii

467 1457 662 1528 ipsius,
694 1457 763 1511 de
791 1456 1134 1512 conﬁcienda
1153 1473 1287 1526 pace
1309 1472 1434 1511 eum
1468 1456 1637 1513 Jacob
1663 1456 1794 1527 egit.
1821 1457 2057 1513 Mundus

465 1547 614 1602 enim
664 1561 790 1601 cum
821 1562 931 1600 non
969 1546 1206 1616 amplius
1230 1545 1430 1600 habeat
1467 1546 1590 1600 falsi
1620 1546 1862 1601 nominis
1900 1547 2052 1613 deos,

466 1637 678 1691 amicus
706 1636 859 1691 erit:
896 1642 952 1689 at
990 1634 1177 1705 potius
1213 1642 1300 1691 est
1345 1634 1569 1690 Christo
1607 1635 1720 1706 jam
1760 1636 1910 1705 pacis
1932 1636 2056 1692 vin-

466 1728 675 1784 culum.
717 1727 838 1797 lpse
885 1742 1017 1782 vero
1047 1742 1266 1783 rursum
1313 1735 1398 1782 est
1429 1727 1570 1797 lapis
1603 1728 2054 1797 probatissimus,

466 1819 764 1888 angularis,
792 1818 1089 1888 pretiosus,
1126 1818 1220 1889 qui
1249 1818 1303 1873 in
1335 1826 1501 1889 caput
1524 1819 1729 1890 anguli,
1760 1827 1818 1874 et
1847 1819 1903 1874 in
1933 1819 2060 1875 fun-

465 1886 725 1966 damento
740 1886 873 1966 Sion
899 1911 1115 1980 positus
1140 1886 1227 1966 est
1251 1912 1318 1965 °°.
1353 1930 1371 1963 ι
1403 1886 1804 1978 Statuitenim,
1848 1914 2051 1983 inquit,
2090 1886 2132 1940 Β

463 2002 632 2057 Jacob
668 2002 934 2073 lapidem,
984 2023 1005 2056 ι
1051 2004 1109 2059 in
1144 2011 1331 2076 typum
1355 2003 1583 2060 Christi.
1623 2005 2055 2063 Accumulantur

464 2102 650 2149 autem
682 2096 848 2150 etiam
884 2096 978 2152 alii
1029 2096 1243 2167 lapides
1278 2104 1596 2151 sanctorum
1633 2098 2005 2167 apostolorum
2034 2138 2051 2164 ,

463 2186 583 2241 sive
609 2202 801 2242 eorum
831 2189 927 2258 qui
967 2204 1066 2259 per
1093 2188 1256 2245 ﬁdem
1282 2176 1563 2259 justiﬁ'eati
1590 2196 1739 2257 sunt,
1766 2197 1824 2244 et
1845 2191 2054 2247 sancti-

467 2278 613 2334 ﬁcati
634 2280 852 2350 spiritu,
880 2280 1292 2352 pmﬁgurantes
1318 2282 1598 2353 eleganter
1629 2298 1958 2338 concursum
1984 2283 2056 2338 ad

466 2370 769 2427 Christum.
792 2373 927 2428 Nam
951 2373 1019 2429 de
1037 2373 1241 2430 sanctis
1277 2375 1541 2444 apostolis
1556 2375 1916 2446 propheticus
1933 2391 2054 2431 ser-

470 2477 563 2518 mo
584 2464 693 2519 ait:
720 2483 743 2515 4
772 2464 909 2531 Quia
925 2465 1136 2535 lapides
1187 2467 1362 2521 sancti
1403 2466 1703 2521 volvuntur
1740 2481 1909 2537 super
1945 2474 2057 2522 ter-

470 2572 588 2612 ram
605 2557 673 2614 σι.
701 2577 721 2610 ι
755 2558 1085 2616 Universum
1105 2559 1256 2615 enim
1276 2559 1469 2615 orbem
1502 2567 1775 2617 terrarum
1799 2575 2058 2631 peragra—

470 2658 602 2705 runt
626 2650 803 2706 sancti
847 2652 1133 2722 discipuli,
1171 2652 1533 2724 Evangelium
1556 2654 1821 2724 gentibus
1846 2654 2055 2724 praedi-

470 2751 681 2799 cantes.
717 2743 947 2814 Sapiens
980 2760 1113 2800 vero
1155 2745 1360 2800 Paulus
1384 2745 1455 2800 ad
1493 2761 1612 2811 eos,
1640 2746 1735 2816 qui
1769 2761 1869 2815 per
1892 2745 2056 2801 ﬁdem

467 2835 749 2906 iustiﬁcati
774 2845 923 2901 sunt,
951 2837 1145 2893 scribit
1165 2837 1358 2893 dicens
1384 2855 1397 2891 :
1435 2857 1453 2890 ι
1508 2838 1569 2892 ln
1622 2854 1734 2909 quo
1752 2846 1810 2893 et
1832 2854 1932 2895 vos
1959 2854 2057 2894 co-

470 2924 818 2980 :ediﬁeamiui
837 2926 893 2981 in
916 2926 1290 2981 habitaculum
1309 2927 1404 2982 Dei
1431 2927 1487 2981 in
1506 2926 1717 2998 Spiritu
1739 2937 1930 2984 saneto
1952 2928 2050 2982 ⁸³.»

468 3016 672 3072 Vocata
696 3020 880 3088 itaque
903 3029 989 3074 est
1011 3020 1254 3090 lapidum
1278 3021 1622 3076 coacervatio
1643 3020 1893 3076 Tumulus
1916 3024 2061 3077 testi-

471 3112 634 3165 monii
658 3127 688 3165 a
719 3111 905 3167 Laban
933 3130 946 3164 :
973 3111 1196 3168 divinus
1223 3128 1354 3167 vero
1377 3112 1548 3169 Jacob
1564 3113 1633 3168 ad
1662 3114 1840 3184 majus
1856 3116 2060 3170 multo-

469 3218 578 3271 que
601 3202 916 3270 sublimius,
943 3205 1051 3260 hoc
1071 3214 1176 3269 est,
1207 3205 1275 3260 ad
1298 3204 1579 3261 Christum
1599 3221 1825 3261 sensum
1850 3206 2021 3262 refert
2044 3246 2059 3271 ,

473 3293 759 3349 Tumulum
791 3298 936 3350 testis
987 3298 1290 3367 appellans.
1321 3296 1500 3368 Caput
1534 3298 1685 3353 enim
1712 3298 2063 3353 credentium

472 3385 591 3455 ipse
621 3395 705 3442 est
740 3386 1015 3443 Christus.
1042 3387 1201 3454 Quod
1235 3403 1369 3442 vero
1399 3387 1633 3442 salvanti
1659 3402 1791 3443 suos
1812 3387 2063 3442 omnium

474 3475 749 3531 Salvatori
779 3475 1026 3542 Christo,
1070 3476 1228 3548 157
1266 3484 1323 3531 et
1363 3492 1431 3531 ex
1470 3475 1749 3530 mundana
1793 3476 2065 3547 pravitate

471 3570 756 3636 educenti,
783 3572 1105 3643 angelorum
1127 3568 1424 3624 multitudo
1448 3570 1521 3623 sit
1546 3568 1800 3624 adfutura
1817 3570 2067 3626 serviens

474 3662 496 3736 (
529 3662 883 3720 manifestum
924 3677 1056 3718 vero
1108 3662 1257 3732 quod
1288 3671 1347 3718 et
1387 3662 1736 3733 designatum
1766 3662 1870 3732 ipsi
1899 3662 2065 3717 mini-

470 3755 708 3810 sterium
726 3752 1077 3825 exsequens),
1102 3753 1260 3809 facile
1283 3753 1409 3823 quis
1424 3754 1592 3809 etiam
1612 3769 1680 3809 ex
1708 3754 1777 3809 iis
1801 3769 1926 3826 qua:
1965 3754 2067 3810 ad—

466 3847 759 3921 jiciuntur,
801 3862 995 3903 rursus
1043 3846 1332 3918 intelligat.
1377 3846 1707 3903 Discedente
1753 3848 1903 3901 enim
1952 3848 2067 3919 jam

476 3939 687 4005 Laban,
721 3948 780 3995 et
824 3938 1051 4009 paciﬁce
1071 3938 1298 3994 domum
1331 3938 1596 3994 redeunte
1616 3978 1632 4004 ,
1659 3957 1677 3989 ι
1723 3937 2064 4008 Suspiciens,

478 4031 679 4101 inquit,
706 4030 875 4088 Jacob
897 4031 1035 4086 vidit
1052 4038 1229 4088 castra
1247 4031 1342 4087 Dei
1366 4036 1776 4095 castrametata,
1796 4039 1853 4086 et
1873 4031 2068 4086 obvia-

478 4133 684 4180 verunt
703 4124 755 4179 ei
788 4124 966 4195 angeli
1005 4124 1125 4179 Dei.
1173 4123 1320 4178 Dixit
1350 4132 1536 4179 autem
1564 4122 1735 4178 Jacob
1771 4122 1906 4177 visis
1941 4123 2065 4178 eis:

472 4219 672 4274 Castra
703 4217 801 4272 Dei
844 4216 978 4283 ista,
1016 4225 1075 4273 et
1104 4216 1320 4272 vocavit
1366 4231 1572 4272 nomen
1618 4215 1727 4271 loci
1769 4214 1941 4274 illius.
1963 4213 2069 4270 Ca-

2160 631 2605 706 προφασιζομὲνη
2632 636 2699 687 τὰ
2728 634 2852 687 κατ’
2882 634 3125 702 ἐθισμόν.
3164 632 3231 685 Τί
3266 627 3365 709 οὗν⁶
3385 634 3412 684 6
3439 633 3621 701 λόγος;
3654 636 3723 689 Οὐ

2160 725 2258 794 τῆς
2296 725 2566 779 Ἰουδαίων
2594 722 2945 793 Συναγωγῆς,
2970 724 3084 777 ἀλλ’
3114 722 3233 777 οὐδὲ
3258 722 3366 776 τῶν
3397 724 3475 786 εἰς
3495 723 3726 790 δἰυλείας

2157 816 2543 887 γεγενημένων
2579 815 2924 887 κατόρθωσις
2960 812 3029 887 ἦν
3068 818 3101 887 ἡ
3140 816 3249 869 τῶν
3282 814 3516 868 εἰδώλων
3543 816 3725 870 καθαί-

2160 922 2310 976 ρεσις
2328 924 2340 937 ·
2370 906 2509 960 ἀλλά
2529 906 2630 977 τῆς
2653 905 2892 977 νεώττης
2931 905 3155 978 Ῥαχὴλ,
3181 905 3443 968 τουτέστι,
3473 906 3573 975 τῆς
3611 906 3726 960 Ἑκο

2159 999 2390 1070 κλησίας
2421 999 2615 1071 ἀτιμίᾳ
2642 1017 2706 1053 πε
2718 1000 3047 1071 ριϐαλούσης
3066 999 3135 1053 τὰ
3157 997 3511 1070 χειροποίητα
3532 1014 3545 1028 ·
3572 998 3725 1067 μόνον
3760 1057 3774 1073 δ

2155 1090 2213 1143 δὲ
2243 1091 2363 1162 οὑχί
2390 1092 2485 1144 καὶ
2511 1092 2830 1163 πληρούσης
2855 1093 2944 1145 ἐπ’
2968 1092 3153 1151 αὐτοῖς
3178 1089 3238 1142 τὸ
3258 1089 3346 1141 διὰ
3366 1088 3465 1158 τῆς
3488 1087 3577 1141 τοῦ
3600 1106 3725 1160 προ-

2158 1181 2331 1252 φήτου
2375 1183 2559 1253 φωνῆς
2600 1181 2928 1254 εἰρημένον
2969 1200 2989 1235 ι
3040 1181 3151 1235 Καὶ
3194 1181 3407 1250 agapen;
3437 1180 3504 1234 τὰ
3543 1181 3726 1237 εἴδωλα

2157 1272 2227 1325 τά
2274 1265 2780 1346 περιηργυρωμένα
2804 1312 2820 1339 ,
2864 1274 2961 1327 καὶ
3001 1272 3526 1345 περικεχρυσωμένα
3563 1271 3728 1328 λεπτά

2158 1366 2442 1435 ποιήσεις,
2473 1367 2569 1419 καὶ
2606 1365 2898 1437 λικμήσεις
2941 1365 3076 1419 ὡσεὶ
3105 1362 3251 1434 ὕδωρ
3278 1361 3726 1433 ἀποκαθημένης,

2160 1456 2253 1512 καί
2288 1457 2363 1522 ὡς
2394 1457 2597 1528 κόπρον
2641 1456 2803 1521 ὣσεις
2827 1457 2990 1512 αὐτά.
3027 1476 3046 1509 ι
3100 1455 3321 1527 Ἐπειδὴ
3351 1455 3451 1525 οὐχ
3477 1453 3726 1526 εὕρηνται

2158 1549 2312 1621 παρὰ
2335 1548 2431 1604 τοῦ
2455 1549 2644 1603 Λάϐαν
2671 1551 2721 1603 οἰ
2746 1549 2911 1604 αὐτοῦ
2939 1549 3074 1614 θεοὶ,
3100 1548 3200 1612 τάς
3231 1549 3312 1611 εἰς
3344 1547 3566 1619 εἰρήνην
3593 1563 3726 1617 συμ·

2159 1641 2404 1705 ϐιϐἀσεις
2432 1640 2607 1695 ἐποίει
2631 1641 2692 1694 τὸ
2717 1641 2903 1695 λοιπὸν
2929 1641 3066 1713 πρὸς
3092 1641 3182 1694 τὸν
3201 1638 3488 1692 θεσπέσιον
3521 1637 3729 1695 Ἰακώϐ.

2159 1734 2274 1785 Οὐκ
2296 1731 2378 1785 ἔτι
2402 1730 2513 1803 γὰρ
2540 1728 2683 1803 ἔχων
2701 1734 2732 1786 6
2765 1732 2971 1801 κόσμος
2993 1732 3120 1795 τοὺς
3148 1729 3536 1801 ψευδωνύμους
3561 1729 3728 1794 Θεοὺς,

2159 1822 2311 1892 φίλος
2343 1822 2525 1877 ἔσται’
2570 1823 2773 1894 μᾶλλον
2803 1823 2861 1877 δὲ
2891 1824 3114 1891 γέγονεν
3140 1820 3362 1893 Χριστῷ
3385 1821 3489 1891 ήδη
3524 1822 3618 1875 καί
3639 1823 3730 1890 τῆς

2160 1918 2384 1990 εἰρήνης
2409 1918 2439 1971 6
2477 1916 2797 1987 σύνδεσμος.
2831 1916 3005 1981 Αὐτός
3032 1917 3156 1971 ἐστι
3195 1915 3358 1972 πάλιν
3382 1918 3412 1970 6
3447 1911 3731 1983 εὐδοκιμώ-

2158 2024 2320 2071 τατος
2337 2007 2504 2074 λίθος,
2527 2010 2556 2062 ό
2586 2006 2903 2079 πολυτελὴς,
2936 2009 2966 2061 6
2993 2007 3413 2078 ἀκρογωνιαῖος,
3444 2008 3474 2059 6
3503 2005 3728 2072 ἔντιμος,

2159 2101 2188 2155 6
2231 2101 2313 2164 εἰς
2358 2098 2602 2171 κεφαλὴν
2653 2100 2897 2169 γωνίας,
2938 2100 3037 2154 καὶ
3088 2101 3169 2165 εἰς
3217 2099 3287 2154 τὰ
3320 2096 3548 2169 θεμέλια
3584 2095 3729 2150 Σιών.

2166 2211 2187 2244 ι
2231 2192 2466 2261 Ἔστησε
2501 2191 2649 2262 γὰρ,
2681 2190 3096 2263 φησίνι,’ἰακὼϐ
3138 2190 3367 2262 στήλην,
3406 2208 3425 2240 ι
3465 2190 3545 2251 εἰς
3575 2188 3732 2241 τύπον

2160 2284 2421 2356 Χριστοῦ.
2471 2282 2918 2355 Συσσωρεύονται
2964 2283 3023 2338 δὲ
3076 2283 3172 2338 καὶ
3223 2281 3408 2353 ἕτεροι
3462 2280 3598 2334 λίθοι
3634 2278 3733 2332 τῶν

2162 2376 2333 2444 ἁγίων
2355 2375 2693 2440 ἀποστόλων,
2716 2376 2838 2446 ήτοι
2859 2374 2969 2428 τῶν
2996 2377 3054 2430 ὲν
3074 2374 3256 2429 πίστει
3285 2372 3733 2442 δεδικαιωμένων,

2161 2470 2256 2524 καί⁸
2265 2467 2613 2542 ἡγιασμένων
2625 2469 2683 2521 ὲν
2700 2466 3275 2538 πνεύματι,προανατυ
3283 2464 3510 2530 ποῦντες
3521 2463 3738 2527 ἀστείως

2159 2562 2258 2634 τὴν
2288 2565 2381 2617 ἐπὶ
2412 2565 2632 2638 Χριστῷ
2660 2567 2983 2638 συνδρομήν.
3020 2565 3155 2637 Περί
3185 2563 3284 2636 μὲν
3309 2561 3423 2634 γάρ
3452 2560 3559 2614 τῶν
3579 2559 3736 2626 ἁγίων

2160 2657 2473 2711 ἀποστόλων
2490 2658 2826 2728 προφητικὸς
2849 2658 2952 2729 ἔφη
2981 2657 3142 2727 λόγος
3166 2671 3179 2685 '
3211 2674 3231 2709 ι
3267 2656 3421 2709 Διότι
3439 2653 3578 2707 λίθοι
3606 2652 3738 2719 ἆγιοι

2164 2748 2437 2803 κυλίονται
2462 2749 2557 2803 ἐπὶ
2574 2751 2673 2821 τῆς
2688 2750 2814 2819 γῆς.
2847 2768 2867 2802 ι
2887 2749 3081 2822 Διέδρα
3089 2765 3187 2820 μον
3212 2750 3322 2819 γὰρ
3348 2747 3451 2818 τὴν
3465 2745 3738 2815 σύμπασαν

2163 2840 2269 2912 γῆν
2299 2842 2348 2896 οἰ
2376 2840 2655 2896 θεσπέσιοι
2687 2842 2951 2914 μαθηταὶ,
2976 2841 3037 2894 τὸ
3053 2838 3422 2908 εῦαγγελικδν
3444 2839 3555 2899 τοῖς
3580 2834 3741 2888 ἔθνεσι

2163 2932 2570 3004 διακομίζοντες
2589 2935 2872 3006 κήρυγμα.
2897 2933 3044 3005 Πρὸς
3069 2932 3128 2986 δὲ
3156 2932 3283 2996 τοὺς
3314 2932 3381 2985 ὲν
3403 2930 3581 2984 πίστει
3609 2924 3739 2980 δεδιο

2166 3027 2507 3099 καιωμένους
2558 3029 2586 3082 ό
2616 3027 2778 3097 σοφὸς
2801 3026 3110 3082 ἐπιστέλλει
3135 3024 3352 3089 Παῦλος
3381 3040 3393 3051 ο
3427 3043 3446 3076 ι
3469 3024 3555 3076 Ἐν
3588 3013 3629 3088 ᾧ
3656 3018 3739 3071 καί

2166 3118 2324 3189 ὑμεῖς
2372 3117 2840 3189 συνοικοδομεῖσθε
2875 3118 2957 3181 είς
2998 3116 3322 3176 κατοίκησιν
3365 3113 3459 3168 τοῦ
3506 3110 3636 3166 Θεοῦ
3685 3109 3738 3159 ἐν

2169 3209 2451 3281 Πνεῦματι
2493 3208 2655 3281 ἁγίῳ.
2715 3227 2735 3262 ι
2788 3208 3068 3279 Κέκληται
3123 3207 3303 3260 τοίνυν
3350 3208 3385 3278 ἡ
3436 3204 3543 3259 τῶν
3588 3201 3738 3255 λίθων

2164 3299 2434 3369 ἀθροισις,
2479 3299 2705 3365 Βουνός
2730 3298 3062 3367 μαρτυρίας
3115 3295 3269 3367 παρά
3321 3312 3388 3365 γε
3433 3293 3513 3364 τῷ
3545 3291 3739 3353 Λάϐανν

2162 3394 2194 3447 6
2224 3391 2281 3446 δὲ
2301 3391 2597 3456 ’θεσπέσιος
2639 3390 2834 3453 Ἰακὼϐ
2862 3389 2956 3444 ἐπὶ
2977 3389 3036 3442 τὸ
3056 3388 3136 3442 ἔτι
3168 3386 3357 3459 μεῖζόν
3383 3404 3443 3441 τε
3469 3386 3562 3441 καὶ
3585 3386 3741 3453 61:59-

2164 3483 2356 3556 τεροῦν
2382 3484 2756 3557 ἀσυγκρίτως,
2780 3483 3030 3537 τουτέστι
3056 3482 3310 3553 Χριστὸν,
3349 3478 3664 3550 ἀνακομίζει
3690 3472 3743 3528 τὸ

2166 3577 2368 3648 νόημα,
2404 3576 2640 3642 Βουνύς
2680 3576 2912 3647 μάρτυς
2954 3574 3231 3646 ὀνομάσας
3267 3572 3330 3627 τὸ
3368 3569 3738 3643 γεγενημένον.

2166 3669 2395 3741 Κεφαλὴ
2422 3669 2532 3741 γάρ
2558 3670 2665 3724 τῶν
2698 3669 3065 3724 πιστευόντων
3091 3667 3255 3731 αὐτὸς
3285 3667 3314 3720 6
3346 3664 3600 3738 Χριστός.
3630 3662 3743 3713 Ὀτι

2165 3760 2226 3815 δὲ
2260 3760 2485 3826 σώζοντι
2514 3761 2642 3826 τοὺς
2670 3761 2833 3825 ἰδίους
2864 3760 2942 3832 τῷ
2985 3759 3208 3814 πάντων
3240 3758 3458 3828 Σωτῆρι
3499 3753 3741 3826 Χριστῷ,

2169 3854 2264 3907 καὶ
2289 3853 2389 3925 τῆς
2412 3856 2470 3907 ὲν
2493 3852 2685 3924 κόσμῳ
2710 3853 2909 3917 κακίας
2942 3851 3217 3921 ὲξάγοντι,
3247 3850 3342 3904 καὶ
3378 3850 3412 3918 ἡ
3446 3848 3553 3901 τῶν
3588 3841 3744 3912 ἀγγέ-

2170 3946 2277 4002 λων
2334 3946 2606 4019 παρέσται
2654 3947 2865 4018 πληθὺς
2914 3943 3328 4017 λειτουργοῦσα,
3373 3941 3532 4014 δῆλον
3571 3938 3626 3991 δὲ
3670 3937 3745 3988 ὅτι

2171 4037 2267 4090 καὶ
2301 4035 2399 4107 τήν
2443 4036 2789 4108 τεταγμένην
2823 4037 3006 4101 αὐτοῖς
3043 4033 3445 4106 ἀποπληροῦσα
3486 4027 3744 4087 δουλείαν,

2168 4126 2445 4198 ἀναμάθοι
2472 4144 2555 4191 τις
2588 4127 2654 4181 ἂν
2678 4128 2917 4194 εὐκόλως
2943 4130 3038 4184 καὶ
3068 4128 3157 4183 διὰ
3178 4126 3348 4181 τῶνδε
3377 4123 3560 4178 πάλιν.
3601 4120 3745 4172 ‘Amo

2172 4218 2479 4290 χωροῦντος
2518 4219 2627 4291 γὰρ
2661 4220 2765 4291 ήδη
2804 4220 2899 4274 τοῦ
2937 4220 3146 4283 Δάϐαν,
3213 4217 3400 4272 οἴκαδέ
3446 4233 3505 4269 τε
3562 4212 3746 4266 ὑπονο-

478 4319 593 4365 slra
627 4310 692 4363 ⁸³.
730 4328 749 4362 ι
784 4308 1062 4379 Scriptum
1078 4315 1164 4364 est
1190 4315 1376 4363 autem
1407 4325 1420 4362 :
1462 4305 1614 4378 quod
1660 4325 1679 4358 ι
1709 4313 2060 4362 castrameta-

2173 4309 2425 4377 στοῦντος
2475 4312 2795 4383 εἰρηνικῶς,
2844 4330 2865 4364 ι
2905 4310 3267 4381 Ἀναϐλέψας,
3322 4309 3511 4380 φησὶν,
3568 4295 3750 4356 Ἰακωϐ

479 4402 632 4458 hitur
674 4402 904 4473 angelus
936 4400 1151 4457 Domini
1195 4399 1255 4454 in
1301 4399 1539 4455 circuitu
1585 4397 1898 4453 timentium
1920 4412 2060 4463 eum,

2174 4396 2283 4456 εἶδε
2323 4401 2672 4474 παρεμϐολὴν
2705 4400 3253 4475 παρεμϐεϐληκυῖαν,
3289 4398 3387 4453 καὶ
3421 4394 3749 4464 συνήντησαν

477 4503 539 4550 et
562 4501 811 4564 proteget
848 4493 1029 4549 eos“.
1059 4512 1077 4545 ι
1108 4493 1177 4547 Et
1193 4506 1386 4548 rursus
1413 4509 1426 4545 :
1457 4509 1477 4543 ι
1508 4476 1735 4562 Angelis
1765 4490 1882 4547 suis
1920 4506 2060 4546 man-

2176 4494 2327 4564 αὑτῷ
2359 4495 2410 4548 οἱ
2438 4494 2661 4563 ἄγγελοι
2700 4492 2796 4547 τοῦ
2842 4493 3002 4547 Θεοῦ.
3050 4488 3189 4546 Εἷπε
3232 4491 3291 4544 δὲ
3333 4485 3560 4552 Ἰακὼϐ,
3600 4479 3750 4553 ήνίκα

481 4588 636 4643 davit
656 4586 727 4641 de
757 4596 832 4651 te,
860 4594 921 4640 ut
940 4584 1257 4640 custodiant
1283 4585 1408 4640 tein
1432 4584 1692 4639 omnibus
1710 4583 1820 4638 viis
1841 4582 2060 4638 tuis“.r

2178 4584 2286 4641 εἶδε
2316 4586 2538 4651 αὐτούς’
2575 4586 2904 4659 Παρεμϐολὴ
2934 4585 3071 4639 Θεοῦ
3115 4582 3280 4654 αῦτη,
3312 4582 3408 4636 καὶ
3453 4576 3673 4632 ἐκάλεσε
3695 4568 3751 4622 τὸ

485 4679 673 4735 Salvat
694 4686 878 4733 autem
902 4692 1096 4733 omnes
1114 4684 1366 4735 amantes
1393 4677 1573 4746 ipsum
1596 4675 1863 4731 Dominus
1885 4682 2060 4729 noster

2181 4677 2362 4747 ὄνομα
2400 4675 2497 4730 τοῦ
2534 4677 2725 4741 τόπου,
2757 4674 3133 4749 Παρεμϐολαί.
3168 4694 3187 4725 ι
3228 4673 3543 4744 Γέγραπται
3592 4664 3646 4718 δὲ
3677 4662 3752 4713 ὅτι

481 4774 645 4835 Jesus
674 4770 951 4835 Christus,
1006 4784 1104 4839 per
1128 4784 1294 4839 quem
1344 4778 1405 4825 et
1434 4784 1562 4825 eum
1586 4784 1698 4839 quo
1730 4768 1845 4823 Deo
1866 4781 1933 4822 ac
1969 4766 2060 4821 Pa-

2188 4789 2208 4821 ι
2244 4768 2595 4841 Παρεμϐαλεί
2621 4768 2851 4839 ἄγγελος
2876 4767 3083 4839 Κυρίου
3119 4764 3304 4835 κύκλῳ
3339 4762 3448 4816 τῶν
3494 4750 3751 4828 φοϐουμέ-

487 4865 556 4921 tri
586 4863 761 4937 gloria
785 4876 910 4918 cum
934 4868 1127 4918 sancto
1160 4859 1373 4931 Spiritu
1403 4860 1460 4916 in
1484 4860 1686 4916 smcula
1711 4858 2060 4915 saeculorum.

2182 4875 2289 4913 νων
2311 4860 2496 4923 αὑτὸν,
2513 4860 2608 4914 καί⁵
2628 4860 2850 4931 ῥύσεται
2876 4857 3094 4922 αὐτούς.
3109 4878 3127 4911 ι
3157 4857 3264 4911 Καὶ
3289 4854 3473 4912 πάλιν,
3493 4852 3575 4904 ὅτι
3598 4866 3614 4898 ι
3640 4843 3755 4901 Τοῖς

485 4935 684 5017 Amen.
2181 4952 2436 5022 ἀγγέλοις
2474 4952 2641 5007 αὐτοῦ
2674 4954 2974 5007 ἐντελεῖται
3011 4951 3143 5022 περί
3175 4947 3269 5004 σοῦ
3309 4944 3406 5000 τοῦ
3441 4935 3754 5009 διαφυλάξαι

488 5069 548 5107 σε
583 5055 642 5106 ὲν
690 5053 895 5113 πάσαις
936 5049 1061 5109 ταῖς
1099 5047 1242 5112 ὁδοῖς
1287 5062 1404 5101 σου.
1452 5063 1475 5098 ι
1546 5041 1719 5107 Σὼζει
1755 5042 1821 5115 δὴ
1859 5042 2109 5106 ἅπαντας
2146 5047 2274 5109 τοὺς
2309 5045 2641 5113 ἀγαπῶντας
2680 5045 2843 5099 αὐτὸν
2871 5046 2899 5098 6
2928 5042 3135 5114 Κύριος
3165 5037 3323 5110 ἡμῶν
3366 5031 3571 5105 Ἰησοῦς
3632 5026 3752 5093 Χρι·

489 5153 614 5217 στός
633 5171 646 5185 ο
678 5154 747 5206 δι’
784 5146 847 5206 οῦ
894 5152 990 5206 καὶ
1033 5146 1152 5223 μεθ’
1195 5141 1258 5203 οῦ
1286 5144 1366 5218 τῷ
1392 5143 1514 5215 Θεῷ
1548 5143 1643 5198 καὶ
1670 5141 1849 5213 Πατρὶ
1872 5143 1906 5212 ὴ
1942 5139 2070 5206 δόξα
2106 5142 2225 5214 ἅμα
2250 5141 2329 5212 τῷ
2351 5144 2493 5215 ἁγίῳ
2517 5144 2799 5215 Πνεύματι
2832 5143 2915 5204 εἰς
2947 5141 3075 5203 τοὺς
3112 5137 3315 5198 αἰῶνας
3338 5132 3449 5186 τῶν
3507 5123 3713 5181 αἰώνων
3739 5152 3753 5167 ο

502 5251 556 5312 Ἀ
569 5251 699 5327 μήνο

462 5336 475 5345 ’
570 5318 581 5327 Υ
632 5318 642 5324 ⁷
987 5342 1228 5395 Amulius
1275 5342 1340 5395 de
1389 5339 1574 5395 Jacob.
2633 5328 2764 5381 Ἔτι
2794 5322 3057 5395 περὶτοῦ
3098 5318 3323 5378 Ἰακώϐ·

565 5459 612 5515 ί.
638 5459 761 5514 Non
791 5463 979 5511 carent
998 5454 1358 5511 admiratione
1400 5466 1581 5507 mores
1600 5459 1913 5506 sanctorum
1933 5446 2060 5517 aput

2258 5448 2331 5496 α’.
2361 5441 2476 5494 Οὐκ
2501 5438 2856 5510 ἀθαύμαστος
2892 5436 2990 5509 μὲν
3012 5435 3121 5489 τῶν
3149 5433 3322 5503 ἀγίων
3347 5432 3377 5485 6
3397 5428 3597 5517 τρόπρς
3618 5428 3757 5517 παρὰ

495 5568 590 5611 eos
613 5552 705 5624 qui
735 5558 883 5604 recte
916 5548 1078 5603 vitam
1103 5547 1393 5602 instituere
1415 5544 1610 5598 volunt
1639 5560 1653 5595 :
1682 5543 1804 5597 laus
1829 5556 1963 5595 vero
1995 5540 2060 5609 ip-

2190 5548 2256 5601 γε
2292 5533 2408 5595 τοῖς
2436 5529 2636 5602 ἄριστα
2673 5526 2823 5598 βιοῦν
2858 5525 3158 5598 ᾑρημένοις
3182 5541 3196 5556 ’
3241 5522 3302 5575 τὸ
3328 5520 3387 5573 δὲ
3417 5519 3515 5589 τῆς
3547 5511 3755 5624 ἐκείνων

499 5659 554 5700 sc.
565 5606 687 5701 rain
708 5642 834 5696 vitae
858 5653 1077 5696 omnem
1093 5637 1398 5692 orationem
1421 5640 1661 5703 superat.
1681 5631 1872 5686 Fuerit
1897 5637 2060 5685 auten

2193 5622 2473 5685 πολιτείας
2492 5620 2715 5685 εὐκλεὲς
2744 5619 2896 5689 παρά
2928 5618 3026 5689 μὲν
3054 5615 3256 5679 παντὸς
3275 5613 3556 5684 οἰχήσεται
3584 5606 3751 5671 λόγου·

987 5342 1228 5415 Amplius
1275 5342 1340 5395 de
1389 5339 1574 5395 Jacob.

571 5819 617 5850 "’
660 5820 763 5876 lsa.
799 5834 921 5879 xxx,
962 5817 1051 5870 2‘2.
1125 5815 1170 5847 “
1192 5815 1395 5883 Ephes.
1434 5810 1615 5873 11,20;
1644 5810 1745 5883 ls_a_.
1774 5824 1954 5873 ττι-ιιι,
1994 5807 2075 5862 l6.
2153 5805 2193 5833 “
2238 5804 2465 5859 Zachar.
2513 5819 2585 5868 ις,
2630 5802 2711 5857 16.
2791 5802 2834 5832 ⁶²
2871 5800 3072 5871 Ephcs.
3102 5815 3210 5864 xxi,
3240 5795 3293 5850 2.
3374 5790 3575 5847 “Cncn.
3600 5796 3751 5846 xu".

493 5882 558 5953 ’1,
599 5890 653 5947 2.
733 5890 777 5921 ⁸⁸
812 5890 950 5946 I’sal.
988 5902 1171 5951 sum,
1201 5879 1254 5939 8:
1329 5885 1373 5916 ⁵⁵
1399 5884 1540 5938 l‘sal.
1572 5898 1654 5947 λε,
1692 5879 1773 5935 ll.

2814 6083 2849 6103 ἢ
