4034 6454
248 426 406 485 253.

1302 421 1834 481 GLAPHYRORUM
1870 425 1940 481 ΙΝ
1977 426 2282 484 GENESIM
2320 429 2454 486 LIB.
2494 432 2560 488 ν.

3464 438 3575 497 254

251 539 487 594 Γένοιτο
537 538 588 594 δ’
636 537 705 592 ἂν
745 537 862 601 τοῖς
910 535 1158 591 ἐθέλουσι
1216 536 1466 592 εὐσεϐεῖν
1516 534 1871 605 ὑποτύπωσις

1999 544 2065 610 is,
2108 546 2203 616 qui
2227 546 2318 618 pie
2346 549 2534 605 vivere
2559 549 2753 604 volunt
2776 548 3070 620 pulchrum
3095 552 3399 623 exemplar,
3437 569 3575 623 quov

250 632 448 705 ἀγαθὴ
467 673 484 693 ,
514 632 579 686 τὸ
605 632 730 686 τίνα
778 630 888 703 χρὴ
917 629 1123 701 τρόπον
1152 632 1275 708 κατ’
1310 630 1442 684 εὐθὺ
1481 631 1748 702 φέρεσθαι
1779 632 1874 687 τοῦ

250 726 477 792 εἰκότος
505 727 606 782 καὶ
631 725 958 788 ἁνδάνοντος
995 722 1151 795 Θεῷ,
1187 724 1556 797 διατρανοῦσα
1590 727 1871 791 ποικίλως.

250 819 484 891 Χρῆναι
513 819 625 891 γὰρ
664 816 848 887 ἔγωγὲ
887 834 1072 888 φημι,
1115 817 1320 888 μᾶλλον
1358 818 1418 871 δὲ
1450 817 1544 872 καὶ
1581 818 1745 883 αὐτὸς
1776 820 1876 890 τῆς

252 910 635 966 θεοπνεύστου
704 910 931 983 Γραφῆς
982 911 1011 964 6
1065 909 1225 980 λόγος
1249 951 1265 975 ,
1322 910 1433 964 τῶν
1499 911 1876 983 ἀρχαιοτέρων

258 1005 433 1075 ἁγίων
471 1003 930 1077 ἀναθεωροῦντας
964 1002 1142 1075 ὀρθῶς
1176 1003 1279 1075 τὴν
1321 1002 1555 1059 ἑκϐασιν
1605 1005 1704 1075 τῆς
1742 1004 1876 1058 ἀνα·

262 1095 511 1169 στροφῆς
544 1094 839 1165 μιμεῖσθαι
892 1093 992 1164 τὴν
1024 1094 1246 1146 πίστιν
1300 1093 1461 1165 μόνον
1508 1093 1565 1148 δὲ
1608 1094 1729 1164 οὐχὶ
1782 1093 1877 1148 καὶ

259 1188 382 1241 κατ’
435 1187 593 1257 ἴχνος
647 1185 792 1240 ἰέναι
838 1186 942 1256 τῆς
993 1185 1224 1256 ἐνούσης
1271 1187 1459 1251 αὐτοῖς
1492 1186 1718 1257 ἀρετῆς.
1765 1185 1877 1239 Καὶ

255 1279 370 1351 γάρ
416 1282 545 1334 ἐστι
590 1277 703 1333 τῶν
751 1278 993 1343 ἀτόπων,
1045 1279 1175 1342 τοὺς
1236 1278 1337 1350 μὲν
1376 1279 1494 1333 ὅσοι
1533 1278 1741 1351 τεχνῶν
1783 1296 1878 1349 γε-

253 1373 488 1443 γόνασιν
538 1372 914 1444 ἐπιστήμονες
971 1370 1080 1426 τῶν
1147 1364 1447 1442 βασιλικῶν
1479 1414 1494 1438 ,
1553 1370 1877 1443 καθηγητὰς

252 1469 338 1532 εἰς
378 1465 552 1520 τοῦτο
596 1463 880 1521 ποιεῖσθαι
924 1466 1055 1529 τοὺς
1110 1465 1219 1538 πρὸ
1273 1464 1478 1528 αὐτῶν,
1530 1465 1627 1519 καὶ
1676 1464 1876 1536 ζηλοῦν

252 1557 589 1628 ιπείγεσθαι
606 1560 737 1622 τοὺς
763 1558 850 1612 ὅτι
867 1557 934 1629 δὴ
956 1557 1196 1630 μάλιστα
1216 1557 1280 1611 τὸ
1301 1558 1547 1622 ἐπιεικὲς
1570 1559 1629 1612 ὲν
1649 1557 1878 1619 ταύταις

1977 654 2106 694 nam
2134 640 2302 696 modo
2341 651 2597 713 oporteat
2625 644 2697 700 ad
2720 643 2778 699 id
2801 644 2951 714 quod
2990 644 3199 699 bonum
3231 654 3319 701 est
3350 647 3575 717 Deoque

1977 734 2202 805 placens
2224 743 2375 791 recta
2397 737 2757 804 contendere,
2777 738 2930 794 varie
2951 739 3272 809 explanans.
3291 739 3404 809 Ego
3425 741 3575 796 enim

1976 834 2235 896 oportere
2270 830 2530 886 existimo
2571 831 2649 902 (at
2671 832 2859 902 potius
2902 832 3021 903 ipse
3059 847 3232 890 saeue
3272 832 3578 904 Scriptura:

1977 918 2183 992 sermo)
2209 929 2461 977 veterum
2485 931 2801 978 sanctorum
2841 924 3280 979 conversationis
3315 935 3578 983 eventum

1979 1021 2131 1069 recte
2164 1015 2627 1085 contemplantes,
2658 1015 2822 1071 ﬁdem
2851 1016 3076 1080 imitari,
3107 1032 3172 1072 ac
3208 1023 3424 1072 tantum
3464 1033 3579 1072 non

1976 1105 2202 1162 virtutis
2231 1122 2340 1176 qua
2363 1107 2579 1177 praediti
2607 1108 2855 1173 fuerunt,
2887 1108 3137 1179 vestigiis
3171 1116 3428 1179 prompte
3467 1108 3583 1163 ala-

1976 1199 2256 1270 criterque
2276 1199 2553 1256 insistere.
2578 1199 2897 1255 Absurdum
2918 1201 3066 1257 enim
3101 1216 3226 1256 cum
3252 1201 3449 1273 primis
3469 1209 3576 1267 est,

1977 1303 2077 1344 eos
2098 1289 2194 1359 qui
2224 1289 2427 1345 artium
2457 1290 2734 1361 regiarum
2754 1290 2921 1361 periti
2957 1299 3108 1357 sunt,
3142 1294 3435 1363 magistros
3469 1292 3577 1349 sibi

1977 1395 2313 1451 proponere,
2331 1380 2428 1451 qui
2446 1388 2575 1438 ante
2604 1382 2756 1453 ipsos
2779 1382 3026 1450 fuerunt,
3047 1383 3367 1455 imitarique
3389 1385 3578 1440 conari

1976 1486 2096 1537 eos,
2131 1473 2227 1542 qui
2261 1472 2317 1527 in
2345 1487 2414 1528 eo
2435 1474 3038 1544 genereexcelluerint,
3077 1489 3182 1529 nos
3207 1489 3344 1530 vero
3373 1475 3582 1545 quibus

1978 1564 2246 1620 virtutem
2264 1577 2529 1620 exercere
2549 1565 2897 1636 propositum
2921 1573 3027 1630 est,
3057 1579 3170 1622 non
3209 1565 3417 1622 mentis
3443 1581 3581 1621 ocu-

251 1648 656 1722 ηκριδωκότας
681 1664 695 1677 ’
733 1650 890 1721 ἡμᾶς
930 1648 990 1703 δὲ
1029 1648 1269 1714 αὐτοὺς,
1309 1644 1393 1714 οἷς
1423 1649 1486 1703 τὸ
1508 1648 1811 1721 κατορθοῦν
1848 1648 1879 1701 6

1991 1656 2049 1711 lis
2069 1654 2407 1722 adnitentes,
2430 1663 2684 1712 veterum
2711 1664 2936 1728 patrum
2958 1657 3048 1729 pie
3070 1658 3217 1715 facta
3270 1657 3581 1724 ruminare,

253 1741 471 1806 σκοπὸς
504 1743 608 1814 τὴν
635 1740 865 1814 ἀρετὴν,
897 1741 974 1812 μὴ
1006 1741 1129 1813 οὐχὶ
1154 1741 1255 1812 τῆς
1279 1740 1525 1807 διανοίας
1552 1741 1646 1796 τὸν
1674 1740 1879 1812 ὀφθαλ-

1991 1755 2038 1802 et
2058 1761 2129 1802 ex
2151 1746 2221 1803 iis
2242 1763 2462 1804 sumere
2493 1762 2560 1804 ea
2583 1764 2685 1819 per
2698 1764 2822 1820 qua:
2852 1750 2979 1821 quis
3000 1751 3147 1822 apud
3170 1752 3345 1807 Deum
3375 1750 3583 1821 proba-

255 1834 360 1907 μὸν
405 1834 789 1907 ὲνερείδοντας
836 1836 958 1899 ταῖς
981 1834 1093 1889 τῶν
1135 1835 1513 1908 ἀρχαιοτέρων
1543 1835 1876 1900 ὲπιεικείαις

1991 1837 2235 1895 tissimus
2265 1838 2484 1904 evadat,
2524 1846 2839 1911 sanctaque
2882 1841 3012 1897 vitae
3054 1842 3291 1912 peritam
3337 1854 3583 1897 mentem

252 1928 683 2000 ἀναμάττεσθαι
732 1926 943 1999 τρόπον
994 1926 1121 1982 τινά
1170 1929 1304 1999 παρ’
1355 1928 1539 1982 αὐτῶν
1581 1928 1650 1983 τὰ
1692 1928 1760 1983 δι’
1802 1921 1878 1984 ὧν

1991 1947 2144 1990 suam
2176 1930 2399 1988 elﬁeiat.
2435 1895 2787 2002 Proponattir
2837 1933 3024 2005 itaque
3043 1895 3205 1999 nobis
3220 1934 3587 1990 nihilominus

255 2020 322 2076 ἂν
340 2020 524 2076 ἕσοιτό
540 2038 627 2085 τις
653 2022 810 2094 παρά
839 2020 962 2091 Θεῷ
986 2018 1388 2091 δοκιμώτατος,
1403 2020 1622 2091 καὶτῆς
1644 2021 1883 2090 εὐαγοῦς

1991 2023 2209 2080 divinus
2254 2021 2446 2088 Jacob,
2503 2022 2665 2094 158
2727 2022 3278 2095 irreprehensibilem
3321 2024 3583 2096 quidem,

262 2113 544 2177 πολιτείας
573 2115 777 2185 ὲπιστή
788 2130 930 2183 μονα
967 2112 1063 2167 τὸν
1086 2114 1288 2168 οἰκεῖον
1318 2113 1484 2178 αὐτὸς
1509 2114 1882 2187 ἀπεργάσοιτο

1991 2114 2166 2187 quoad
2188 2113 2307 2170 ﬁeri
2336 2120 2540 2184 potest,
2555 2114 2655 2178 illi,
2677 2114 2923 2184 inquam,
2946 2115 3182 2187 tempori
3204 2114 3589 2171 accommoda-

263 2207 404 2263 νοῦν.
441 2206 775 2278 Προκείσθω
800 2206 867 2278 δὴ
890 2201 986 2260 οὖν
1028 2206 1245 2271 οὐδενὸς
1275 2199 1439 2277 ἦττον
1463 2208 1598 2279 ἡμῖν
1622 2208 1650 2260 6
1682 2206 1881 2261 θεσπέ-

1991 2212 2098 2262 tam
2121 2206 2270 2261 viam
2316 2204 2603 2272 incedens,
2641 2206 2700 2261 in
2739 2205 2870 2262 vitae
2914 2221 3030 2262 suae
3062 2206 3586 2273 administratione;

257 2316 375 2365 om;
411 2298 644 2361 Ἰακὼϐ,
669 2298 1081 2370 ἀνεπίπληκτον
1106 2299 1207 2370 μὲν
1225 2297 1302 2363 ὡς
1322 2299 1440 2371 ἐνῇ,
1477 2299 1574 2353 καὶ
1592 2298 1672 2371 τῷ
1701 2299 1884 2371 καιρῷ

1991 2298 2296 2370 adjutorem
2335 2313 2473 2353 vero
2514 2304 2574 2352 et
2614 2297 2938 2368 praefectum
2976 2298 3371 2355 universorum
3413 2299 3590 2355 Deum

254 2393 590 2465 πρέπουσαν
629 2390 710 2463 τῷ
761 2391 1021 2463 τηνικάδε
1064 2392 1213 2464 φημὶ
1256 2390 1375 2447 ὁδὸν
1413 2391 1743 2464 διαστείχων
1777 2393 1877 2464 τὴν

1991 2389 2226 2454 habens,
2260 2404 2662 2460 nonnunquam
2683 2389 2909 2462 quidem
2931 2405 3059 2449 eum
3085 2391 3145 2446 in
3174 2391 3397 2447 labores
3433 2390 3589 2447 utili-

253 2487 334 2552 ὡς
352 2485 416 2543 ἐν
441 2503 511 2556 γε
535 2484 788 2557 πολιτεία
815 2483 991 2554 ζωῆς,
1025 2483 1379 2556 συλλήπτορα
1407 2484 1464 2538 δὲ
1488 2485 1584 2540 καὶ
1607 2502 1883 2558 προεστη-

1991 2489 2070 2539 ter
2094 2482 2342 2539 incidere
2375 2483 2648 2540 sinentem
2667 2482 2870 2555 (neque
2888 2482 3038 2539 enim
3061 2484 3353 2555 quisquam
3375 2484 3586 2555 absque

254 2580 400 2635 κότα
446 2579 542 2633 τὸν
576 2577 690 2632 τῶν
726 2577 868 2631 ὅλων
905 2575 1045 2648 ἔχων
1078 2575 1245 2641 Θεὸν,
1288 2576 1475 2641 πόνοις
1520 2577 1618 2648 μὲν
1645 2576 1765 2632 ἐσθ’
1791 2578 1883 2631 ὅτε

1991 2580 2190 2635 sudore
2227 2578 2451 2634 virtutis
2466 2578 2699 2650 gloriam
2732 2577 3168 2650 consequatur),
3207 2587 3335 2649 post
3370 2578 3588 2634 exerci-

254 2673 587 2745 περιτυχεῖν
626 2668 853 2740 ἐφιέντα
896 2668 1208 2742 χρησίμως·
1275 2669 1338 2723 οὒ
1376 2668 1487 2739 γὰρ
1520 2669 1587 2724 ἂν
1626 2669 1886 2741 ἀνιδρωτὶ

253 2762 685 2835 κατακτήσαιτό
725 2780 811 2827 τις
836 2761 908 2816 τὰ
932 2763 1015 2825 είς
1048 2761 1253 2834 ἀρετὴν
1285 2762 1588 2835 αὐχήματα
1618 2779 1632 2794 σ
1663 2761 1803 2833 μετά
1827 2761 1886 2816 δέ

254 2875 323 2929 γε
358 2857 433 2912 τὰ
464 2857 850 2929 γυμνάσματα
882 2853 1256 2926 στεφανοῦντα
1284 2857 1406 2918 ταῖς
1436 2853 1757 2925 εὐθυμίαις,
1791 2855 1887 2910 καὶ

254 2944 351 3005 οἷά
382 2967 514 3004 τινα
541 2949 652 3003 τῶν
680 2949 826 3018 ἄγαν
854 2946 1300 3001 εὐσθενεστάτων
1332 2946 1655 3014 ἀγωνιστῶν
1684 2950 1752 3019 τῇ
1777 2946 1886 3000 τῶν

254 3043 448 3100 ἄθλων
480 3030 835 3115 ἀμεριλαφεία
858 3038 1388 3105 καταπλουτίζοντα.
1431 3040 1526 3112 Μὴ
1570 3038 1682 3112 γὰρ
1723 3039 1889 3113 εἴπῃς

254 3136 414 3193 κατά
446 3136 685 3191 σαυτόν·
733 3134 878 3190 ’Δνθ’
914 3135 1038 3188 ὅτου
1072 3134 1148 3205 μὴ
1195 3133 1397 3187 ἄπονον
1444 3132 1704 3205 ἐδωρεῖτο
1752 3131 1888 3197 Θεὸς

1987 2667 2064 2723 tia
2087 2682 2220 2723 vero
2240 2668 2444 2739 gaudio
2473 2676 2855 2735 coronantem,
2880 2686 2946 2726 ac
2970 2670 3144 2726 veluti
3167 2669 3465 2740 quemdam
3499 2684 3589 2725 ro-

1985 2758 2370 2816 bustissimum
2388 2761 2631 2834 pugilem
2653 2761 3010 2832 praemiorum
3032 2763 3273 2819 utilitate
3296 2762 3588 2818 ditantem.

1985 2852 2179 2923 Neque
2202 2869 2336 2909 vero
2362 2854 2573 2910 dixeris
2597 2854 2744 2927 apud
2771 2862 2822 2911 te
2848 2873 2862 2909 :
2886 2854 3000 2911 Cur
3028 2870 3142 2910 non
3164 2856 3373 2925 absque
3402 2855 3595 2911 labore

1988 2946 2222 3018 largitus
2259 2954 2344 3003 est
2386 2947 2534 3003 Deus
2585 2948 2795 3004 sanctis
2843 2947 2899 3003 id
2949 2947 3099 3019 quod
3154 2949 3397 3004 delectat
3424 2956 3594 3018 atque

1988 3037 2297 3092 exhilarat?
2346 3037 2464 3094 Hoc
2484 3038 2634 3092 enim
2679 3046 2803 3093 erat
2843 3037 3237 3094 inexercitatos
3288 3037 3496 3102 sinere,
3538 3045 3597 3093 et

1988 3145 2341 3201 nequaquam
2369 3130 2452 3186 eis
2470 3130 2784 3186 mercedem
2808 3130 3054 3197 virtutis,
3082 3130 3346 3186 nimirum
3375 3140 3436 3185 ut
3454 3130 3597 3185 bene

253 3235 383 3297 τοῖς
431 3230 615 3300 ἁγίοις
654 3229 719 3283 τὸ
762 3227 1193 3300 κατευφραίνειν
1232 3226 1411 3293 εἱδός;
1444 3224 1617 3279 Τοῦτο
1659 3225 1770 3297 γὰρ
1817 3220 1886 3298 ἦν

1991 3224 2065 3280 sit
2090 3223 2337 3279 tribuere
2381 3240 2395 3276 :
2425 3222 2522 3279 sed
2550 3224 2738 3293 potius
2776 3223 3143 3289 voluntatem,
3178 3224 3340 3295 cujus
3370 3223 3597 3295 pericu-

255 3322 667 3396 ἁγυμνάστους
715 3322 854 3392 ὲᾷν,
892 3323 988 3374 καὶ
1033 3318 1240 3388 ἥκιστα
1302 3317 1401 3388 μὲν
1458 3313 1650 3386 μισθὸν
1684 3312 1890 3386 ἀρετῆς

253 3416 576 3487 ἀπονέμειν
607 3414 797 3477 αὐτοῖς
830 3412 893 3467 τὸ
922 3406 982 3465 εὖ
1026 3409 1162 3464 εἶναι
1193 3408 1357 3479 τυχόν
1381 3422 1396 3439 ·
1431 3405 1798 3461 ἀϐασανίστου
1833 3403 1891 3457 δὲ

261 3507 479 3581 μᾶλλον
528 3503 864 3575 θελημάτων
909 3499 1087 3573 ῥοπῆς
1129 3497 1406 3552 ποιεῖσθαι
1453 3494 1669 3567 καρπὸν
1707 3492 1767 3545 τὸ
1802 3490 1889 3544 ἐπ’

254 3604 460 3666 αὐτοῖς
489 3586 725 3671 εὐμενὲέ
744 3640 760 3663 ,
792 3598 892 3652 καὶ
919 3598 1019 3667 τὴν
1043 3591 1309 3665 λαμπράν
1342 3607 1405 3643 τε
1434 3587 1533 3643 καὶ
1563 3585 1891 3655 ἀξιόληπτον

255 3699 377 3752 τῶν
420 3692 796 3767 χαρισμάτων
833 3689 1171 3762 φιλοτιμίαν.
1222 3682 1376 3740 Ἔδει
1404 3682 1463 3736 δὲ
1501 3682 1706 3754 μᾶλλον
1742 3679 1892 3733 εὐδο-

256 3788 575 3861 κιμοῦντας
595 3785 858 3857 ὁρᾶσθαι,
887 3783 980 3837 καὶ
1018 3782 1206 3854 ἔργοις
1234 3780 1422 3844 αὐτοῖς
1446 3777 1633 3844 ἀξίους
1652 3788 1891 3847 προανα-

258 3881 567 3953 φαίνεσθαι
596 3878 708 3932 τῶν
736 3878 891 3950 παρὰ
915 3874 1053 3931 θεοῦ
1085 3891 1098 3906 ’
1125 3872 1456 3947 προκεῖσθαι
1482 3870 1538 3924 δὲ
1574 3868 1724 3923 ὥσπε
1733 3885 1766 3939 ρ
1797 3866 1892 3919 καὶ

256 3979 382 4040 τοῖς
419 3974 545 4047 μετ’
580 3971 786 4036 αὐτοὺς
821 3972 904 4035 είς
932 3968 1289 4043 παράδειγμὰ
1317 3983 1379 4019 τε
1409 3965 1505 4019 καὶ
1534 3961 1891 4018 ὑποτύπωτιν

259 4068 488 4142 ἐναργῆ
527 4065 625 4121 τοῦ
671 4065 787 4119 δεῖν
836 4062 1060 4118 ἑλέσθαι
1116 4059 1585 4134 φιλεργεστάτους
1625 4054 1891 4113 εἶναικαὶ

262 4160 590 4225 νεανικοὺς,
621 4156 945 4220 ἐννοοῦντας
973 4157 1057 4211 ὅτι
1082 4157 1197 4219 τοῖς
1232 4153 1331 4226 μὲν
1361 4150 1753 4220 ἀταλαίπωρον
1794 4146 1890 4201 καὶ

180 4294 181 4297 η
257 4250 740 4323 κατεγνωσμένον
794 4246 1066 4304 διαὸιοῦσι
1122 4245 1292 4317 ζωὴν,
1341 4242 1519 4306 οὐδεὶς
1565 4241 1632 4297 ἂν
1679 4241 1892 4310 γένοιτο

268 4348 503 4421 μισθὸς,
524 4344 717 4415 ἕψεται
757 4342 817 4397 δὲ
862 4342 1084 4401 πάντως
1123 4338 1194 4393 τὰ
1223 4337 1445 4392 πάντων
1469 4334 1749 4405 ἐξαίρετα,
1776 4333 1892 4396 τοῖς

268 4439 358 4493 ὅτι
416 4437 668 4509 μάλιστα
714 4432 1182 4504 φιλοπονωτὰτοις
1212 4469 1228 4493 ,
1277 4429 1374 4484 καὶ
1418 4425 1622 4499 ἱδρῶτα
1667 4424 1762 4476 τὸν
1800 4422 1891 4477 ἐπ’

262 4532 506 4600 ἀγαθοῖς
557 4528 673 4584 τῶν
720 4526 959 4601 ἡδίστων
1010 4524 1123 4578 τῶν
1174 4524 1233 4577 ἐν
1281 4520 1382 4593 βίῳ
1439 4516 1888 4590 προτετιμηκόσι.

1991 3316 2109 3372 lum
2140 3314 2347 3371 factum
2375 3330 2485 3371 non
2510 3326 2679 3381 esset,
2706 3316 3095 3372 benevolentia
3124 3332 3225 3371 sua
3259 3316 3599 3387 splendidise

1992 3422 2101 3480 que
2141 3415 2198 3463 et
2231 3408 2572 3464 admirandis
2608 3408 2897 3465 beneﬁciis
2940 3409 3247 3466 cumulare.
3296 3408 3602 3481 Oportebat

1991 3516 2125 3555 vero
2147 3501 2332 3571 potius
2369 3516 2466 3556 eos
2515 3501 2673 3572 prius
2702 3500 2969 3572 probatos
2997 3501 3196 3568 videri,
3238 3510 3295 3557 et
3332 3501 3602 3573 operibus

1992 3595 2127 3666 ipsis
2152 3594 2349 3666 dignos
2371 3593 2577 3649 divinis
2608 3592 2893 3651 beneﬂciis
2912 3594 3176 3666 judicari,
3206 3610 3270 3648 ac
3295 3594 3468 3650 veluti
3487 3610 3603 3657 ma-

1990 3686 2193 3742 nifesto
2230 3685 2485 3756 exemplo
2507 3684 2745 3755 posteris
2772 3685 3032 3757 proponi,
3076 3701 3176 3742 eos
3209 3686 3466 3743 laborare
3514 3686 3602 3741 vi-

1992 3781 2283 3850 riliterque
2302 3794 2419 3833 rem
2451 3794 2648 3849 gerere
2685 3777 2913 3844 debere,
2946 3778 3319 3852 intelligentes
3340 3779 3485 3851 quod
3512 3780 3603 3849 iis,

1991 3872 2087 3943 qui
2121 3870 2394 3944 ignaviam
2419 3885 2484 3925 ac
2515 3869 2813 3926 vecordem
2840 3871 3012 3926 vitam
3057 3872 3397 3944 transigunt,
3448 3871 3606 3928 nulla

1992 3965 2175 4021 danda
2221 3963 2294 4020 sit
2330 3979 2547 4020 merces
2581 3982 2595 4018 :
2630 3964 2818 4019 omnia
2865 3979 3000 4021 vero
3057 3964 3263 4021 eximia
3289 3966 3481 4037 deberi
3508 3965 3601 4031 iis,

1992 4054 2199 4126 quibus
2227 4052 2389 4109 labor
2419 4052 2577 4108 cordi
2615 4060 2720 4119 est,
2751 4053 2960 4124 quique
2992 4055 3254 4111 sudorem
3297 4072 3399 4127 pro
3436 4056 3604 4112 rebus

1993 4148 2176 4213 bonis,
2219 4145 2454 4204 summis
2502 4147 2671 4219 hujus
2711 4147 2840 4203 vita:
2888 4147 3107 4204 deliciis
3151 4150 3476 4220 praeferunt.
3526 4150 3606 4205 Ita

1993 4238 2221 4310 quidam
2257 4238 2569 4309 sapientum
2594 4239 2735 4297 dixit
2784 4257 2798 4294 :
2851 4259 2871 4292 ι
2900 4240 3039 4307 Fili,
3098 4243 3144 4298 si
3198 4244 3507 4301 accesseris
3535 4245 3605 4301 ad

1993 4330 2351 4387 serviendum
2374 4332 2632 4398 Domino,
2658 4347 2907 4402 praepara
2926 4335 3168 4390 animam
3198 4343 3348 4391 tuam
3385 4337 3456 4392 ad
3482 4347 3574 4394 ten
3592 4370 3606 4380 -

1994 4423 2284 4487 tationem,
2311 4421 2489 4493 dirige
2538 4438 2638 4477 cor
2686 4430 2863 4490 tuum,
2914 4434 2973 4480 et
3015 4427 3229 4483 sustine
3274 4428 3340 4483 ⁸⁸.
3378 4448 3396 4480 ι
3449 4430 3607 4485 Parit

1993 4515 2143 4570 enim
2176 4533 2194 4567 ι
2228 4516 2521 4572 tolerantia
2551 4516 2965 4588 probationem,
2990 4519 3249 4590 probatio
3278 4536 3411 4576 vero
3427 4537 3606 4592 spem,

265 4626 434 4681 Οῦτω
462 4642 551 4689 τις
577 4622 789 4693 ἔφασκε
818 4618 929 4674 τῶν
959 4616 1141 4688 σοφῶν
1161 4633 1173 4646 ·
1211 4634 1231 4667 ι
1266 4614 1491 4678 Τέκνον,
1522 4612 1572 4666 εί
1606 4611 1886 4684 προσέρχῃ

1997 4624 2125 4680 spes
2140 4624 2275 4665 vero
2300 4625 2411 4665 non
2443 4611 2751 4675 erubescit,
2780 4628 2799 4664 ›
2831 4611 2977 4668 sicut
2999 4612 3271 4685 scriptum
3293 4620 3380 4671 est
3401 4615 3469 4670 ⁸⁷.
3506 4613 3611 4673 Se-

265 4717 556 4773 δουλςύειν
592 4715 672 4788 τῷ
720 4712 954 4785 Κυρίῳ,
986 4709 1287 4780 ὲτοίμασον
1319 4706 1420 4777 τὴν
1453 4704 1638 4777 ψυχήν
1686 4721 1783 4758 σου
1813 4705 1886 4767 εἰς

2001 4718 2238 4774 quemur
2265 4702 2454 4774 itaque
2478 4705 2831 4775 propositum
2864 4720 3116 4777 scopum.

268 4814 620 4890 πειρασμὸν,
693 4811 925 4867 εὔθυνον
999 4807 1100 4880 τὴν
1136 4805 1372 4878 καρδίαν
1433 4820 1551 4866 σου,
1585 4800 1681 4856 καὶ
1721 4799 2089 4871 καρτὲρησον.
2137 4818 2154 4852 ι
2208 4798 2397 4854 Τίκτει
2438 4799 2538 4871 μὲν
2581 4800 2688 4872 γὰρ
2723 4819 2742 4853 ι
2789 4802 2824 4874 ή
2865 4802 3121 4876 ὑπομονὴ
3156 4802 3482 4877 δοκιμὴν,ἠ
3553 4802 3611 4867 δὲ

267 4912 480 4983 δοκιμὴ
510 4906 740 4962 ἐλπίδα·
775 4906 810 4977 ὴ
841 4903 900 4957 δὲ
929 4901 1088 4965 ἐλπὶς
1143 4899 1205 4953 οὐ
1233 4894 1617 4968 καταισχύνει,
1653 4913 1673 4947 ι
1710 4892 1853 4948 κατὰ
1916 4893 1979 4947 τὸ
2015 4892 2430 4965 γεγραμμένον.
2499 4893 2782 4966 Ἔψόμεθα
2849 4894 2910 4949 δὲ
2966 4894 3032 4969 δὴ
3101 4894 3181 4966 τῷ
3251 4894 3611 4967 προκειμένῳ

271 5006 495 5077 σκοπῷ.

344 5106 411 5176 β’.
466 5099 633 5158 Μετά
684 5098 785 5171 τὴν
826 5094 925 5153 τοῦ
962 5094 1154 5151 Λάϐαν
1198 5093 1382 5147 τοίνυν
1418 5087 1772 5162 ἀποχώρησιν
1801 5084 1901 5158 τὴν

272 5200 339 5253 ἐκ
364 5195 468 5252 τοῦ
500 5195 672 5266 ὅρους
702 5189 919 5244 Γαλαὰδ
941 5231 957 5255 ,
987 5189 1068 5252 εἰς
1100 5185 1203 5256 τὴν
1244 5179 1581 5251 ὲνεγκοῦσαν
1613 5178 1900 5248 ἠπείγετο,

272 5293 373 5346 καὶ
406 5284 767 5344 διασπεύδειν
802 5281 1000 5355 ἤθελεν
1035 5282 1064 5334 ὁ
1095 5276 1389 5338 θεσπέσιος
1431 5269 1650 5327 Ἰακώϐ.
1696 5268 1873 5341 ’Δπηλ

271 5383 564 5455 λαγμένος
596 5378 656 5433 δὲ
691 5377 848 5449 μόλις
883 5375 985 5444 τῆς
1009 5371 1198 5428 Λάὸαν
1230 5367 1446 5439 ἐφόδου,
1495 5364 1594 5419 καὶ
1630 5360 1872 5416 ἁναπνεύ

276 5497 378 5544 σας
408 5477 595 5549 βραχῦ
621 5515 638 5539 ,
673 5470 1087 5542 χαλεπωτέροις
1122 5465 1286 5528 εὐθὺς
1312 5460 1636 5533 περιπίπτει
1655 5456 1894 5527 δείμασι.

226 5580 235 5587 ’
286 5570 522 5642 Ἐπειδὴ
554 5565 670 5639 γὰρ
703 5565 815 5619 ἔδει
847 5562 952 5632 τῆς
984 5558 1409 5627 Μεσοποτομίας
1433 5553 1764 5624 ἀπαίροντα,
1800 5551 1897 5605 καὶ

276 5664 359 5728 εἰς
389 5662 499 5734 γῆν
553 5657 786 5714 Χαναὰν
815 5653 1220 5725 ἀποτρέχοντα.
1263 5649 1354 5703 διὰ
1397 5646 1571 5718 μέσης
1611 5645 1753 5698 ίέναι
1799 5643 1899 5734 τῆς

275 5732 473 5831 Σηεὶρ,
504 5756 564 5809 ἑν
675 5747 1007 5821 κατῴκησεν
1048 5743 1243 5811 Ἡσαῦ,
1275 5739 1531 5813 περιδεὴς
1554 5737 1612 5792 δὲ
1640 5738 1781 5806 ἄγαν
1810 5732 1899 5809 ἦν.

2076 5081 2133 5136 2.
2171 5080 2306 5137 Post
2350 5078 2663 5136 discessum
2707 5076 2919 5136 Labani
2962 5092 3031 5132 ex
3059 5081 3248 5130 monte
3289 5069 3516 5138 Galaad,
3543 5069 3613 5133 ad

2003 5174 2578 5249 patriam'contendit,
2616 5182 2673 5228 et
2700 5178 3038 5245 praevertere
3072 5168 3272 5225 beatus
3299 5165 3473 5223 Jacob
3512 5180 3617 5220 vo—.

2002 5268 2128 5324 luit.
2169 5268 2433 5341 Vigvero
2458 5267 2730 5324 liberatus
2752 5265 2822 5320 ab
2860 5263 3072 5319 insultu
3108 5261 3321 5327 Laban,
3368 5273 3617 5333 cumquo

2002 5361 2233 5419 vixdum
2256 5361 2610 5432 respirasset,
2637 5360 2693 5415 in
2712 5360 2818 5415 alia
2846 5357 3034 5415 statim
3058 5356 3317 5430 graviora
3366 5354 3617 5425 pericula
3656 5384 3667 5391 υ

2007 5455 2224 5512 incidit.
2267 5456 2407 5513 Cum
2458 5454 2610 5511 enim
2654 5461 2942 5521 oporteret
2987 5466 3116 5508 eum
3148 5466 3181 5506 a
3218 5444 3616 5518 Mesopotamia

2006 5548 2385 5606 discedentem
2406 5589 2420 5614 ,
2443 5556 2500 5625 et
2532 5547 2590 5602 in
2633 5554 2834 5604 terram
2870 5546 3133 5604 Chanaan
3165 5543 3469 5614 fugientem
3514 5551 3620 5606 per

2009 5642 2255 5698 medium
2283 5649 2443 5698 terra:
2468 5641 2591 5701 Seir
2616 5642 2897 5706 incedere,
2919 5640 2974 5695 in
3000 5655 3109 5711 qua
3136 5632 3423 5692 habitabat
3448 5628 3614 5690 Esau,

2014 5734 2266 5808 trepidus
2288 5734 2587 5793 admodum
2613 5734 2737 5793 fuit.
2766 5736 2958 5807 Neque
2984 5733 3132 5790 enim
3165 5724 3485 5802 ignorabat,
3503 5731 3621 5794 quo

350 5940 398 5973 “
424 5935 604 5997 Eccli.
628 5951 689 6002 tt,
727 5932 778 5988 ι.
860 5930 1104 6002 ’τηῐίοπμ
1136 5944 1189 5995 v,
1215 5926 1268 5993 4,
1289 5925 1358 5992 .‘i;
1387 5922 1528 5985 Psal.
1555 5937 1697 5988 xxiv,
1723 5920 1813 5975 20.
