4034 6462
529 441 639 499 155
1587 437 1643 493 S.
1683 433 1962 493 CYRlLLl
1996 429 2472 489 ALEXANDle
2500 428 2801 487 ARCHIEP
3640 430 3663 457 ‘
3696 430 3791 489 256

530 562 691 627 pacto
716 568 843 610 eum
872 550 1197 610 oﬂ‘endisset
1220 551 1293 608 ob
1331 550 1776 607 benedictionem
1802 559 1859 605 et
1903 550 2093 620 primo-

2219 544 2296 600 Οὐ
2326 545 2437 618 γὰρ
2462 544 2991 617 ὴγνόειλελυπηκως
3018 545 3119 616 τῆς
3146 561 3208 598 τε
3237 542 3489 612 εὐλογίας
3505 544 3684 613 ἕνεκα,
3707 552 3793 604 καὶ

528 643 713 717 genita
740 642 1023 714 subrepta.
1054 640 1304 709 Quonam
1328 655 1464 695 vero
1488 639 1653 694 modo
1684 640 1834 694 hunc
1867 639 2093 694 doloren

2222 636 2402 691 αὐτῶν
2428 637 2486 691 δὲ
2511 636 2622 692 τῶν
2655 637 3061 708 πρωτοτοκίων.
3106 638 3243 691 Τίνα
3270 636 3328 691 δὲ
3369 638 3562 708 τρόπον
3583 640 3677 711 τὴν
3705 643 3793 695 ἐπὶ

525 735 817 800 amoverit,
851 743 1016 805 atque
1038 732 1107 788 ad
1130 744 1375 787 amorem
1399 731 1909 801 humanitatemque
1932 730 2093 786 tradu

2221 728 2435 793 τούτοις
2448 728 2630 800 λύπην
2650 727 3061 792 ἀπεσκευάζετο
3082 768 3098 793 ,
3117 729 3307 791 καὶείς
3322 727 3543 798 ἀγάπην
3558 730 3649 782 καὶ
3669 731 3794 802 ἡμε-

529 827 939 892 xe‘ritfratrem,
976 841 1087 897 quo
1119 832 1282 897 pacto
1304 839 1418 879 non
1461 824 1691 895 dignum
1724 823 1893 879 fuerit
1924 823 2093 879 videh

2222 819 2427 891 ρότητα
2442 818 2676 889 καθίστη
2695 818 2787 872 τὸν
2812 818 3062 888 ἀδελφὸν,
3093 817 3214 881 πῶς
3233 818 3336 870 οὐκ
3363 816 3510 883 ἄξιον
3538 818 3679 881 ἰδεῖν,
3709 821 3793 873 καὶ

524 928 581 974 et
605 919 829 974 mirari?
848 918 1127 989 Scriptum
1147 916 1317 988 igitur
1339 923 1462 972 est:
1493 935 1512 968 ι
1547 916 1695 972 Misit
1717 925 1905 971 autem
1948 915 2093 971 Iacol

2220 910 2361 981 πρός
2383 927 2447 979 γε
2471 909 2648 982 τούτῳ
2682 909 2997 981 θαυμάσαις
3027 908 3346 981 Γέγραπται
3390 906 3571 962 τοίνυν
3593 924 3606 938 ·
3636 927 3655 960 ι
3675 910 3791 964 Ἀπ-

523 1012 749 1067 nuntios
773 1020 900 1067 ante
940 1026 1000 1066 se
1037 1010 1110 1066 ad
1163 1010 1311 1065 Esau
1356 1008 1584 1064 fratrem
1607 1025 1769 1064 suum
1812 1009 1868 1063 in
1912 1017 2093 1064 terran

2220 1002 2425 1056 ἐστειλε
2437 1002 2493 1056 δὲ
2506 1000 2704 1056 Ἰακὼϐ
2715 1002 2980 1071 ἀγγέλους
2992 1001 3303 1074 ἔμπροσθεν
3313 1000 3477 1055 αὐτοῦ
3490 1002 3622 1074 πρὸς
3635 996 3791 1058 Ἡσαῦ

524 1100 669 1167 Scir,
693 1102 750 1157 in
775 1100 1057 1171 regionem
1084 1099 1281 1165 Edom,
1330 1098 1493 1169 159
1524 1105 1583 1154 et
1607 1097 1868 1169 pmcepit
1895 1099 1998 1162 eis,
2028 1097 2093 1152 di-

2221 1091 2314 1145 τὸν
2344 1090 2572 1160 ἀδελφὸν
2599 1090 2767 1146 αὐτοῦ
2804 1094 2886 1157 είς
2918 1093 3025 1163 γῆν
3056 1092 3244 1163 Σηεὶρ,
3277 1093 3359 1157 είς
3386 1094 3570 1163 χώραν
3603 1091 3787 1164 Ἐδὼμ,

521 1208 656 1249 cens
679 1212 692 1247 :
715 1193 808 1249 Sic
830 1192 1031 1248 dicetis
1050 1192 1277 1247 domino
1296 1207 1422 1247 meo
1445 1191 1591 1246 Esau
1616 1208 1630 1244 :
1658 1190 1749 1246 Sic
1769 1189 1908 1245 dixit
1922 1205 2093 1245 servu:

2222 1184 2316 1238 καὶ
2339 1184 2647 1239 ἐνετείλατο
2682 1185 2887 1250 αὐτοῖς,
2909 1185 3103 1254 λέγων’
3124 1184 3311 1249 Οὕτως
3339 1186 3511 1255 ὲρείτε
3532 1185 3606 1256 τῷ
3631 1186 3791 1257 κυρίῳ
3823 1224 3832 1233 ,

522 1293 652 1340 tuus
676 1285 845 1341 Iacob
887 1284 1065 1341 :Cum
1093 1284 1283 1339 Laban
1322 1283 1589 1347 habitavi,
1621 1289 1679 1337 et
1706 1289 1954 1337 moratus
1992 1298 2093 1336 sun

2223 1294 2327 1348 μου
2369 1277 2541 1333 Ἠσαῦ
2566 1294 2582 1310 ⁶
2609 1277 2797 1344 Οὕτως
2820 1278 2967 1347 λέγει
3016 1280 3046 1333 ό
3090 1281 3223 1344 παῖς
3253 1297 3347 1334 σου
3391 1278 3616 1333 Ἰακώϐ·
3650 1278 3791 1339 Μετὰ
3828 1272 3847 1286 ”

522 1392 697 1446 usque
713 1392 862 1431 nunc
888 1393 901 1430 :
924 1384 980 1431 et
998 1375 1226 1431 fuerunt
1257 1374 1391 1429 mihi
1408 1374 1599 1437 boves,
1622 1381 1679 1428 et
1702 1373 1863 1439 asini,
1884 1379 1942 1428 et
1960 1388 2093 1429 oves

2222 1369 2409 1425 Λάϐαν
2458 1370 2788 1444 παρῴκησα,
2835 1372 2931 1426 καὶ
2986 1372 3242 1444 ὲχρόνισα
3284 1372 3391 1435 ἕως
3419 1360 3514 1424 τού
3553 1372 3662 1425 νῦν·
3707 1374 3791 1426 καὶ

521 1477 577 1522 et
604 1469 749 1523 servi
783 1476 838 1523 et
859 1468 1092 1524 ancillae.
1117 1467 1187 1523 Et
1214 1466 1341 1521 misi
1364 1465 1590 1521 domino
1620 1480 1746 1520 meo
1786 1465 1932 1520 Esau
1966 1480 2093 1519 nun-

2220 1465 2470 1534 ἐγένοντό
2500 1482 2592 1536 μοι
2616 1464 2759 1535 βόες,
2793 1463 2890 1518 καὶ
2914 1464 3048 1527 δνοι,
3082 1464 3175 1518 καὶ
3208 1462 3477 1536 πρόϐατα,
3508 1463 3600 1517 καὶ
3618 1463 3790 1526 παῖδες

524 1560 683 1624 tiare,
709 1568 772 1614 ut
804 1559 1049 1614 inveniat
1071 1575 1267 1614 servus
1290 1567 1421 1612 tuus
1451 1558 1684 1628 gratiam
1711 1571 1898 1612 coram
1932 1565 2003 1612 te.
2048 1557 2089 1611 E

2217 1558 2313 1611 καὶ
2342 1555 2647 1611 παιδίσκαι.
2689 1558 2799 1611 Kal
2848 1557 3147 1611 ἀπέστειλα
3195 1557 3448 1627 ἀγγεῖλαι
3496 1555 3573 1627 τῷ
3628 1556 3788 1628 κυρίῳ

522 1650 732 1705 reversi
758 1661 889 1705 sunt
908 1650 1090 1704 nuntii
1115 1649 1183 1704 ad
1200 1648 1391 1713 Iacob,
1433 1647 1685 1702 dicentes
1715 1664 1727 1699 :
1754 1646 2021 1702 Venimus
2043 1663 2093 1702 at

2220 1669 2320 1722 μου
2359 1649 2555 1715 Ἠσαῦ,
2588 1650 2678 1705 ἵνα
2707 1649 2845 1722 εὐρῃ
2879 1651 2907 1704 ὁ
2943 1652 3072 1714 παῖς
3098 1667 3192 1705 σου
3233 1650 3395 1722 χάριν
3422 1649 3657 1703 ἐναντίον
3684 1665 3784 1704 σου.

521 1738 748 1795 fratrem
781 1747 936 1795 tuum
965 1740 1132 1805 Esau,
1157 1746 1214 1793 et
1244 1752 1374 1793 ecce
1399 1737 1515 1807 ipse
1546 1737 1700 1791 venit
1725 1736 1781 1791 in
1819 1751 2093 1791 occursun

2214 1742 2327 1796 Kal
2355 1739 2709 1813 ἀπέστρεψαν
2743 1741 2795 1793 οί
2842 1740 3067 1810 ἄγγελοι
3114 1740 3252 1812 πρὸς
3290 1738 3510 1805 Ἰακὼϐ,
3535 1738 3784 1808 λέγοντες·

521 1832 786 1896 tuum,'et
816 1830 1203 1901 quadringenti
1227 1829 1332 1884 viri
1368 1844 1494 1883 cum
1542 1843 1629 1884 eo.
1678 1827 1890 1884 Timuit
1927 1837 2093 1884 auten

2219 1831 2495 1902 Ἥλθομεν
2517 1833 2654 1906 πρὸς
2669 1832 2761 1886 τὸν
2776 1831 3007 1901 ἀδελφόν
3028 1849 3122 1885 σου
3152 1831 3349 1898 Ἠσαῦ,
3372 1835 3465 1886 καὶ
3487 1831 3695 1903 ἔρχεται
3716 1832 3785 1896 είς

515 1895 690 1980 Iacth
708 1895 888 1989 valde,
921 1932 978 1979 et
998 1895 1159 1993 inops
1184 1921 1402 1978 consilii
1428 1922 1550 1977 fuit.
1586 1922 1655 1977 Et
1684 1921 1874 1977 divisit
1926 1937 2093 1993 popu-

2218 1895 2573 1997 συνάντησιν,
2627 1895 2725 1979 καὶ
2780 1895 3124 1997 τετρακόσιοι
3181 1895 3373 1997 ἄνδρες
3438 1895 3583 1996 μετ’..
3614 1895 3781 1980 αὐτοῦ.

517 2016 629 2069 lum
670 2016 915 2086 quicum
940 2030 1028 2080 eo,
1065 2023 1123 2071 et
1147 2015 1319 2069 boves
1342 2024 1399 2069 et
1437 2029 1572 2069 oves
1599 2014 1656 2069 in
1692 2014 1830 2069 duas
1876 2020 2093 2070 turmas.

2212 2017 2489 2091 Ἐφοϐήθη
2516 2019 2574 2073 δὲ
2601 2017 2801 2073 Ἰακὼϐ
2826 2019 3051 2091 σφόδρα,
3087 2018 3183 2074 καὶ
3210 2020 3493 2089 ὴπορεῖτο.
3524 2019 3628 2073 Kal
3643 2016 3785 2071 διεῖλε

514 2113 572 2160 et
589 2106 727 2161 dixit
755 2106 925 2162 Iacob
959 2125 971 2161 :
1002 2105 1060 2163 Si
1093 2107 1313 2161 venerit
1348 2107 1494 2161 Esau
1527 2105 1597 2161 ad
1646 2114 1885 2160 turmam
1918 2122 2093 2162 unam.

2209 2110 2302 2164 τὸν
2324 2109 2455 2164 λαὸν
2488 2110 2581 2165 τὸν
2617 2111 2739 2183 μεθ’
2763 2110 2983 2175 ἑαυτοῦ,
3012 2109 3255 2174 καὶτοὺς
3279 2109 3433 2179 βόας,
3454 2109 3548 2163 xal
3576 2108 3641 2162 τὰ
3668 2108 3785 2179 πρός

514 2203 571 2249 et
597 2196 937 2265 percusserit
973 2211 1118 2263 eam,
1143 2197 1251 2252 erit
1270 2204 1452 2251 turma
1477 2195 1719 2252 secunda
1759 2205 1819 2251 ut
1842 2197 2093 2253 salvetur.

2211 2203 2351 2259 ϐατα
2372 2205 2451 2268 είς
2469 2203 2563 2259 δύο
2584 2203 2955 2278 παρεμϐολάς.
2979 2204 3089 2259 Καὶ
3106 2199 3260 2258 εἶπεν
3286 2202 3503 2257 Ἰακώϐ·
3530 2202 3649 2257 Ἐὰν
3672 2200 3784 2273 ἔλθῃ

454 2280 461 2291 ’
515 2285 665 2341 Dixit
707 2293 892 2341 autem
916 2285 1087 2341 Iacob
1122 2286 1308 2341 :Deus
1358 2286 1533 2356 patris
1564 2285 1673 2340 mei
1728 2286 2029 2353 Abraham,
2053 2300 2093 2345 e1

2223 2293 2394 2348 Ἠσαῦ
2428 2296 2510 2358 είς
2547 2294 2901 2367 παρεμϐολὴν
2924 2295 3073 2367 μίαν,
3100 2295 3194 2349 καὶ
3214 2293 3428 2367 ἐκκόψῃ
3450 2292 3634 2364 αὐτὴν,
3651 2292 3783 2345 ἔσται

517 2379 666 2433 Deus
709 2378 886 2449 patris
919 2379 1029 2433 mei
1062 2378 1235 2445 Isaac,
1275 2378 1528 2444 Domine,
1563 2380 1659 2450 qui
1690 2379 1878 2435 dixisti
1918 2381 2055 2436 mihi
2090 2401 2093 2434 :

2208 2385 2244 2457 ἡ
2300 2384 2624 2457 παρεμϐολὴ
2679 2386 2714 2458 ἡ
2749 2384 2978 2457 δευτέρα
3027 2384 3109 2450 είς
3143 2384 3205 2439 τὸ
3254 2383 3545 2449 σώζεσθαι.
3578 2380 3702 2436 Elite
3734 2381 3783 2435 δὲ

2222 2476 2438 2530 Ἰακώϐ·
2485 2478 2543 2532 '0
2569 2476 2704 2542 Θεδς
2727 2476 2824 2532 τοῦ
2851 2476 3057 2549 πατρός
3077 2494 3179 2550 μου
3210 2476 3496 2549 Ἀϐραὰμ,
3519 2475 3650 2530 καὶὸ
3668 2473 3780 2537 Θεὸς

2206 2565 2303 2621 τοῦ
2326 2567 2533 2640 πατρός
2564 2586 2666 2640 μου
2683 2568 2895 2635 Ἰσαὰκ,
2921 2568 3121 2641 Κύριε,
3139 2569 3167 2623 ὁ
3182 2567 3354 2622 εἰπών
3377 2585 3488 2639 μοι,
3510 2566 3781 2637 Ἀπότρεχε

2207 2660 2290 2725 είς
2318 2660 2416 2732 τὴν
2464 2661 2570 2732 γῆν
2615 2661 2718 2733 τῆς
2771 2659 3044 2731 γενέσεώς
3074 2678 3191 2725 σου.
3239 2663 3335 2716 καὶ
3374 2657 3434 2716 εὖ
3480 2677 3538 2714 σε
3571 2660 3777 2729 ποιήσω,

2210 2751 2517 2809 ίκανούσθω
2567 2770 2657 2826 μοι
2694 2753 2802 2809 ἀπὸ
2824 2754 3004 2819 πάσης
3029 2752 3405 2826 δικαιοσύνης,
3435 2755 3528 2808 καὶ
3564 2753 3666 2806 ἀπὸ
3693 2750 3782 2804 πά·-

2210 2863 2310 2917 σης
2345 2845 2629 2919 ἀληθείας,
2660 2841 2729 2919 ἦς
2755 2845 3024 2910 ἐποίησας
3047 2844 3127 2917 τῷ
3160 2845 3313 2900 παιδί
3349 2863 3465 2900 σου.
3485 2846 3573 2899 Ἑν
3592 2842 3693 2914 γάρ
3722 2841 3780 2913 τῇ

2209 2939 2392 3011 ῥάϐδῳ
2433 2956 2535 3010 μου
2575 2937 2750 3009 ταύτῃ
2776 2937 2966 3009 διέϐην
2997 2940 3089 2994 τὸν
3128 2938 3432 3011 Ἰορδάνην,
3481 2937 3595 2993 νυνὶ
3623 2936 3675 2991 δὲ
3703 2935 3780 3006 γέν

516 2469 817 2525 Revertere
843 2469 901 2525 in
917 2478 1121 2525 terram
1145 2470 1453 2526 nativitatis
1476 2478 1604 2537 tuae,
1631 2482 1693 2527 ut
1722 2472 1863 2528 bene
1891 2473 1991 2530 tibi
2021 2474 2106 2529 fa-

513 2559 689 2627 ciam;
723 2560 957 2617 suﬂlciat
977 2561 1112 2617 mihi
1140 2563 1210 2617 ab
1231 2563 1384 2617 omni
1405 2563 1642 2635 justitia,
1669 2565 1819 2621 etab
1842 2566 1994 2622 omni
2014 2582 2110 2623 ve-

466 2676 479 2686 ι
513 2652 699 2719 ritate,
725 2668 890 2725 quam
910 2653 1088 2710 fecisti
1119 2670 1281 2711 servo
1334 2662 1451 2711 tuo.
1492 2656 1553 2711 ln
1582 2657 1737 2729 virga
1770 2658 1921 2714 enim
1983 2675 2105 2715 mea

513 2745 617 2801 hac
647 2747 873 2803 transivi
903 2747 1221 2815 Iordanem,
1262 2764 1412 2806 nunc
1438 2757 1621 2805 autem
1652 2749 1831 2806 factus
1880 2766 2002 2807 sum
2050 2752 2106 2807 in

510 2840 651 2895 duas
676 2849 903 2897 turmas.
928 2841 1076 2898 Erue
1089 2858 1177 2897 me
1194 2842 1264 2898 de
1283 2858 1449 2898 manu
1474 2843 1664 2899 fratris
1688 2843 1819 2909 mei,
1845 2843 1913 2900 de
1939 2860 2105 2901 manu

510 2931 690 3000 Esau;
712 2933 843 3005 quia
878 2933 1045 2989 timeo
1078 2951 1181 3006 ego
1208 2950 1359 3000 eum,
1396 2951 1468 2991 ne
1489 2935 1633 2991 forte
1658 2937 1889 2994 veniens
1908 2952 2106 3008 percu-

509 3026 609 3084 tiat
630 3044 738 3094 me,
779 3037 836 3085 et
872 3038 1107 3085 matrem
1144 3047 1312 3102 super
1347 3030 1509 3088 filios.
1538 3030 1620 3087 Tu
1652 3040 1839 3087 autem
1870 3030 2058 3088 dixisti
2087 3049 2093 3086 :

2205 3048 2339 3100 γονα
2371 3031 2452 3095 είς
2483 3030 2578 3084 δύο
2605 3030 2983 3104 παρεμϐολάς.
3012 3028 3248 3103 ⁸Ἑξελοῦ
3287 3049 3361 3104 με
3390 3033 3454 3086 ὲκ
3492 3030 3664 3104 χειρὸς
3699 3028 3778 3083 τοῦ

508 3119 653 3175 Bene
672 3119 773 3176 tibi
804 3119 1023 3187 faciam,
1053 3131 1110 3178 et
1133 3136 1335 3192 ponam
1366 3137 1557 3178 semen
1596 3134 1755 3180 tuum
1796 3124 1941 3179 sicut
1976 3139 2093 3180 are-

2205 3120 2437 3192 ἀδελφοῦ
2462 3140 2565 3195 μου
2601 3118 2798 3189 Ἡσαῦ,
2820 3124 2904 3178 δτι
2931 3121 3203 3195 φοϐοῦμαι
3232 3123 3349 3194 ἐγὼ
3367 3124 3549 3190 αὐτὸν,
3574 3126 3642 3195 μή
3668 3138 3778 3176 ποτε

506 3230 636 3268 nam
665 3214 857 3280 maris,
901 3230 1025 3285 quae
1049 3196 1187 3270 'non
1231 3216 1621 3271 numerabitur
1647 3231 1762 3287 prae
1787 3215 2093 3272 multitudi-

2207 3211 2378 3267 ὲλθὼν
2405 3212 2623 3288 πατάξῃ
2677 3231 2771 3287 με,
2803 3215 2899 3269 καὶ
2948 3215 3164 3288 μητέρα
3212 3214 3306 3268 ἐπὶ
3365 3214 3592 3278 τέκνοις.
3633 3215 3697 3267 Σὺ
3731 3213 3780 3266 δὲ

507 3323 577 3362 ne
616 3307 681 3362 “.
715 3329 734 3359 ι
762 3307 1026 3379 lntelligis
1042 3324 1151 3380 quo
1169 3317 1331 3379 pacto
1359 3324 1417 3365 se
1447 3308 1651 3365 blande
1669 3309 1917 3366 insinuat
1942 3308 2093 3364 fratri

2206 3300 2369 3369 εἴπας
2392 3320 2409 3338 ο
2438 3304 2638 3371 Καλῶς
2665 3322 2726 3360 σε
2747 3307 2979 3379 ποιήσω,
3000 3308 3095 3362 καὶ
3117 3307 3270 3379 θήσω
3290 3307 3360 3361 τὸ
3381 3305 3597 3377 σπέρμα
3616 3321 3699 3358 σου
3717 3302 3780 3366 ὡς

2204 3398 2305 3471 τὴν
2327 3396 2513 3469 ἄμμον
2538 3398 2639 3471 τῆς
2660 3398 2961 3472 θαλάσσης,
2989 3400 3085 3455 καὶ
3110 3401 3212 3454 οὐκ
3228 3399 3663 3472 άριθμηθήσεται
3686 3395 3779 3448 ἀπὸ

2203 3492 2300 3547 τοῦ
2330 3494 2594 3567 πλήθους.
2631 3512 2650 3547 ι
2684 3495 2897 3558 Συνιείς
2930 3495 3082 3558 ὅπως
3106 3494 3404 3567 ὑποτρέχει
3426 3494 3677 3558 θωπικῶς
3699 3488 3776 3545 τὸν

2214 3585 2410 3652 Ἠσαῦ,
2446 3588 2608 3659 μόνον
2642 3586 2701 3641 δὲ
2744 3586 2865 3657 οὐχὶ
2896 3586 3204 3659 περισαίνει
3248 3585 3646 3660 λελυπημένον,
3695 3582 3777 3638 καὶ

2204 3676 2570 3731 ὐποκλέπτειν
2629 3679 2890 3749 πειρᾶται
2944 3677 3033 3731 διά
3083 3694 3147 3747 γε
3191 3677 3287 3732 τοῦ
3343 3679 3690 3751 χρηστοεπεῖν
3724 3670 3778 3727 τδ

2200 3769 2444 3840 ἀκρατὲς
2466 3768 2568 3840 τῆς
2596 3767 2789 3844 ὀργῆς.
2830 3769 3026 3823 Καίτοι
3047 3768 3156 3842 γὰρ
3182 3770 3244 3823 τὸ
3290 3771 3350 3825 ὲν
3376 3769 3620 3842 ἀμείνοσι
3652 3762 3775 3820 εἶναι

2198 3858 2383 3931 λαχὼν
2436 3860 2529 3914 διὰ
2573 3861 2673 3931 τὴν
2703 3860 2797 3915 τοῦ
2844 3858 3051 3933 πατρὸς
3102 3860 3379 3930 εὐλογίαν,
3434 3860 3527 3915 καὶ
3575 3862 3638 3929 τῇ
3682 3856 3775 3911 τῶν

2198 3952 2565 4023 πρωτοτόκων
2618 3951 2747 4026 δόξῃ
2806 3952 3263 4025 προκεκριμένος,
3326 3955 3423 4007 καὶ
3470 3954 3601 4006 Θεὸν
3650 3950 3775 4022 έχων

2196 4041 2483 4110 ἐπαρωγὸν
2511 4040 2867 4112 καθυφίκοιτο
2898 4042 3278 4114 άγιοπρεπῶς,
3312 4043 3487 4099 ἐκεῖνό
3518 4060 3618 4097 που
3653 4041 3775 4095 πάν-

2193 4151 2305 4198 τως
2341 4132 2642 4207 κατορθοῦν
2676 4135 2977 4207 ᾑρημένοςο
3012 4154 3031 4188 ι
3068 4134 3132 4189 Ei
3153 4136 3401 4203 δυνατὸν,
3442 4137 3504 4191 τὸ
3535 4133 3593 4201 ἐξ
3635 4131 3772 4204 ὑμῶν

2196 4226 2337 4298 μετά
2389 4225 2609 4281 πάντων
2653 4226 2962 4299 ἀνθρώπων
3016 4228 3352 4301 εἰρηνεύετε.
3397 4248 3417 4283 ι
3473 4229 3641 4297 Λόγος
3687 4223 3772 4295 μὲν

2191 4319 2301 4391 γάρ
2326 4318 2441 4373 ἔσθ’
2481 4320 2569 4374 ὅτε
2602 4318 2698 4373 καὶ
2726 4320 2937 4392 τραχὺς
2961 4320 3055 4373 καί¹
3084 4321 3322 4393 ἀνάντης
3352 4322 3448 4376 καὶ
3492 4316 3772 4392 ὑπεροψίας

506 3398 674 3463 Esau,
720 3413 786 3454 ac
826 3405 1039 3453 tantum
1078 3414 1190 3454 non
1224 3399 1367 3454 irato
1413 3399 1696 3465 adulatur,
1738 3408 1794 3455 et
1832 3399 2106 3455 blandilo—

504 3491 639 3562 quio
674 3491 768 3546 irae
792 3490 967 3562 ipsius
988 3491 1392 3547 vehementiam
1417 3493 1670 3565 mitigare
1712 3500 1961 3548 conatur.
1993 3493 2101 3549 Ta-

504 3582 668 3639 metsi
705 3581 853 3638 enim
884 3583 1138 3653 superior
1157 3594 1298 3650 erat,
1341 3584 1413 3639 ob
1435 3583 1882 3640 benedictionem
1904 3585 2099 3657 patris,

502 3680 560 3727 et
609 3674 680 3729 ob
713 3672 1208 3744 primogenitorum
1260 3674 1512 3746 gloriam,
1545 3674 1831 3746 Deumque
1863 3676 2100 3731 auxilia-

502 3774 681 3821 torem
723 3764 982 3830 habebat,
1036 3765 1315 3821 submittit
1371 3781 1452 3832 se,
1500 3765 1637 3825 illud
1673 3767 1903 3825 omnino
1949 3768 2099 3841 quod

502 3864 724 3914 sanctos
761 3856 921 3913 decet
949 3867 1213 3929 praestare
1246 3857 1476 3931 cupiens
1518 3876 1533 3913 :
1582 3878 1601 3911 ι
1646 3857 1704 3914 Si
1737 3857 1856 3915 fleri
1892 3869 2095 3931 potest,

500 3948 648 4019 quod
677 3957 851 4004 estex
876 3947 1056 4013 vobis,
1091 3962 1219 4003 cum
1252 3947 1514 4003 omnibus
1541 3947 1863 4006 hominibus
1902 3966 2096 4021 pacem

499 4038 700 4097 habete
730 4040 798 4096 ".
832 4060 851 4093 ι
898 4039 1095 4096 Sermo.
1115 4040 1265 4094 enim
1296 4055 1694 4114 nonnunquam
1714 4058 1897 4113 asper,
1929 4053 2096 4115 atque

498 4133 825 4206 arrogantia
858 4134 1055 4205 plenus
1105 4132 1472 4189 intolerabilis
1509 4135 1846 4205 quihusdam
1885 4145 1988 4191 est.
2022 4136 2095 4193 Ut

496 4240 634 4281 vero
663 4227 885 4297 sapiens
901 4223 1289 4281 Partemiastes
1326 4224 1403 4279 ait
1439 4242 1452 4279 :
1495 4245 1513 4277 ι
1550 4226 1859 4298 Responsio
1909 4227 2094 4284 mollis

496 4335 563 4377 ac
582 4320 856 4376 submissa
886 4319 1087 4377 avertit
1132 4317 1270 4374 iram
1295 4319 1362 4375 ".
1397 4339 1416 4372 ›
1444 4320 1616 4375 Porro
1651 4319 1778 4375 vide
1821 4320 2089 4377 artiﬁcio-

495 4427 613 4467 sam
626 4410 761 4481 justi
786 4410 1068 4480 pietatem.
1094 4409 1261 4465 Mittit
1285 4410 1435 4465 enim
1460 4408 1686 4465 nuntios
1728 4425 1920 4480 pacem
1981 4427 2080 4482 pe-

2197 4407 2444 4480 ῑμπλεως
2473 4409 2747 4482 ἀφόρητος
2770 4409 2925 4465 ἔσται
2958 4410 3121 4467 τισίν.
3159 4408 3248 4475 Ὠς
3275 4413 3335 4467 δὲ
3382 4412 3544 4483 σοφὸς
3580 4410 3769 4481 ἔγραφε

496 4510 699 4567 tentes,
735 4501 1234 4572 blandissimosque
1266 4501 1334 4557 ad
1356 4502 1497 4557 Esau
1529 4517 1818 4557 sermones
1845 4502 2087 4559 transfe-

2197 4500 2626 4573 Παροιμιαστὴς,
2675 4500 3023 4575 «Ἀπόκρισις
3047 4503 3432 4560 ὐποπίπτουσα
3459 4500 3768 4572 ἀποστρέφει

496 4601 705 4657 rentes,
753 4593 1069 4664 passimque
1115 4593 1302 4649 dicere
1342 4593 1607 4667 przecepit
1651 4610 1666 4646 :
1715 4611 1734 4643 ι
1786 4593 1915 4649 Πωο
1952 4594 2088 4649 dicit

2197 4587 2386 4660 θυμόν.
2404 4584 2449 4644 ἰ
2488 4591 2600 4645 Καί
2634 4608 2728 4663 μοι
2761 4592 2927 4663 βλέπε
2950 4593 3046 4648 τοῦ
3075 4593 3284 4650 δικαίου
3306 4598 3368 4651 τὸ
3396 4598 3477 4661 είς
3506 4593 3768 4650 εὐσέϐειαν

495 4700 693 4742 servus
724 4692 853 4741 tuus
881 4684 1049 4741 Iacob
1077 4685 1145 4742 ".
1185 4705 1203 4737 ι
1242 4685 1364 4755 Ipse
1397 4701 1532 4740 vero
1578 4700 1803 4739 rursum
1847 4685 1915 4739 ad
1966 4702 2091 4756 pre—

2197 4682 2460 4753 εὐτεχνές.
2523 4684 2869 4738 Ἀποστέλλει
2932 4686 3032 4757 μὲν
3080 4687 3190 4760 γὰρ
3241 4689 3513 4760 ἀγγέλους
3562 4689 3766 4757 εἰρήνην

493 4775 733 4833 candum
788 4790 847 4833 se
893 4777 1147 4842 confert,
1197 4777 1596 4847 auxiliumque,
1669 4777 1818 4847 quod
1869 4793 2089 4848 semper

2197 4775 2536 4847 αἰτήσοντας,
2568 4777 2661 4830 καὶ
2687 4779 3147 4850 τρυφερωτάτους
3177 4782 3310 4852 πρὸς
3342 4783 3436 4836 τὸν
3470 4779 3637 4836 Ἥσαῦ
3661 4779 3765 4833 δια-

492 4875 696 4940 pmsto
742 4876 827 4925 est
871 4868 939 4924 ad
988 4867 1333 4930 salvandum,
1392 4867 1714 4937 implorans,
1745 4884 1855 4924 non
1883 4881 2082 4926 cessat.

2197 4866 2518 4937 κομίσοντας
2547 4867 2763 4937 λόγους·
2789 4869 2903 4925 άνω
2935 4887 2994 4923 τε
3012 4871 3121 4942 γάρ
3148 4873 3243 4925 καὶ
3272 4872 3423 4927 κάτω
3445 4871 3762 4944 προστέταχε

489 4960 792 5018 Conﬁrmat
809 4971 997 5018 autem
1012 4959 1161 5030 quod
1179 4959 1586 5031 praeteritorum
1604 4961 1944 5031 experientia
1966 4979 2087 5018 cer-

2197 4959 2390 5029 λέγειν·
2429 4977 2448 5011 ι
2481 4959 2622 5014 Τάδε
2651 4961 2852 5031 λέγειὸ
2884 4964 3013 5026 παῖς
3032 4979 3125 5016 σου
3147 4964 3175 5015 ὁ
3200 4963 3419 5019 Ἰακώϐ.
3456 4984 3474 5017 ι
3507 4964 3760 5035 Τρέπεται

491 5060 601 5109 tam
625 5054 677 5109 ei
711 5053 779 5108 de
796 5051 1000 5108 futuris
1021 5067 1174 5121 spem
1208 5051 1472 5121 praebeat,
1495 5050 1688 5107 dicens
1721 5071 1733 5107 :
1773 5053 1933 5123 160
1970 5073 1989 5104 ι
2022 5055 2084 5110 ln

489 5147 640 5217 virga
662 5162 784 5202 mea
804 5147 909 5201 hac
930 5144 1159 5200 transivi
1179 5144 1497 5210 Iordanem,
1522 5160 1674 5201 nunc
1704 5155 1887 5201 autem
1907 5146 2086 5204 factus

488 5252 610 5291 sum
651 5237 707 5291 in
732 5236 872 5291 duas
927 5242 1137 5290 turmas
1165 5236 1233 5289 τ’.
1271 5254 1289 5286 ι
1336 5233 1426 5290 Ait
1460 5235 1611 5290 enim
1641 5252 1654 5289 :
1687 5234 1842 5291 Hanc
1908 5235 2079 5291 solam

489 5328 701 5384 habens
729 5343 761 5382 e
790 5325 955 5381 domo
980 5325 1211 5396 virgam,
1245 5324 1475 5380 transivi
1515 5324 1836 5391 Iordanem,
1876 5335 2080 5397 tuaque

486 5420 845 5491 benignitate,
861 5418 1113 5482 Domine,
1133 5416 1308 5473 factus
1325 5433 1444 5473 sum
1473 5418 1733 5474 dominus
1749 5420 2071 5475 multorum.

490 5512 762 5568 Docemur
788 5525 920 5565 vero
948 5509 1115 5565 etiam
1141 5525 1207 5565 ex
1248 5508 1336 5565 his
1382 5510 1545 5566 mites
1579 5525 1644 5565 ac
1673 5510 1934 5580 pacificos
1978 5528 2080 5568 nos

488 5619 608 5659 esse
650 5601 877 5669 debere,
909 5602 1169 5673 omnique
1214 5603 1429 5658 ratione
1493 5618 1713 5667 curare,
1760 5613 1822 5658 ut
1870 5603 2077 5675 absque

487 5710 669 5766 pugna
686 5693 856 5752 vitam
885 5695 1268 5770 transigamus.
1302 5716 1320 5748 ι
1362 5695 1599 5752 Servum
1623 5697 1773 5751 enim
1830 5697 2072 5764 Domini,

557 5888 767 5948 “Gen.
805 5907 969 5959 xxxii,
1001 5891 1157 5948 5-12.
1235 5892 1277 5925 ⁵³
1314 5893 1474 5950 Rom.
1518 5910 1612 5964 xu,
1661 5892 1743 5949 l8.
1830 5896 1874 5927 ⁷⁸
1916 5896 2077 5952 Prov.
2139 5912 2227 5966 xv,
2297 5896 2341 5952 l.

2186 5050 2242 5105 δὲ
2276 5051 2438 5106 πάλιν
2467 5052 2630 5117 αὐτὸς
2650 5053 2731 5117 είς
2760 5053 2946 5125 εὐχάς,
2973 5055 3069 5108 καὶ
3096 5054 3196 5127 τὴν
3222 5057 3312 5110 ἀεὶ
3349 5055 3623 5121 σώζουσαν
3656 5055 3761 5103 ἐπι-

2187 5144 2414 5216 κουρίαν
2435 5145 2616 5199 αὐτῶν
2652 5147 2715 5199 οὐ
2761 5145 3133 5218 διαλιμπάνει.
3163 5148 3427 5220 Ἐμπεδοῖ
3464 5150 3542 5215 δὲ,
3568 5148 3647 5201 ὅτι
3669 5143 3759 5214 τὴν

2188 5238 2267 5301 είς
2298 5237 2357 5291 τὸ
2383 5237 2584 5308 μᾶλλον
2607 5238 2799 5294 ἐλπίδα
2826 5239 2935 5293 τῶν
2967 5240 3070 5312 ἤδη
3101 5241 3513 5314 παρῳχηκότων
3549 5241 3580 5312 ἠ
3608 5239 3756 5306 πεῖρα

2187 5328 2455 5395 διεσάφει,
2500 5329 2696 5397 λέγων·
2744 5349 2763 5381 ι
2799 5331 2891 5384 Ἐν
2921 5334 2987 5403 τῇ
3036 5330 3218 5404 ῥάϐδῳ
3264 5349 3367 5403 μου
3401 5332 3571 5405 ταύτῃ
3586 5328 3753 5398 διέϐην

2185 5420 2277 5474 τὸν
2307 5420 2604 5493 Ἰορδάνην,
2628 5420 2748 5474 νυνὶ
2768 5421 2825 5474 δὲ
2861 5422 3064 5493 γέγονα
3095 5425 3175 5489 είς
3202 5424 3297 5478 δύο
3333 5424 3689 5496 παρεμϐολάς.
3727 5437 3743 5470 ι

2188 5512 2336 5583 Ἔφη
2368 5512 2499 5586 γὰρ,
2521 5514 2604 5566 ὅτι
2624 5512 2804 5585 Αὐτὴν
2832 5515 3001 5586 μόνην
3026 5515 3125 5587 τὴν
3155 5515 3369 5571 οίκοθεν
3395 5516 3534 5587 ἔχων
3568 5512 3745 5586 ῥάϐδον

2181 5604 2368 5677 διέϐην
2398 5604 2487 5660 τὸν
2540 5606 2836 5677 Ἰορδάνην,
2870 5608 2966 5663 καὶ
3004 5608 3215 5665 πολλῶν
3246 5611 3451 5680 γέγονα
3477 5608 3741 5673 δεσπότης,
3790 5600 3801 5603 ”

2181 5696 2244 5751 τὸ
2273 5698 2363 5752 σὸν
2398 5697 2537 5769 ἔχων
2559 5698 2808 5770 εὐμενὲς,
2834 5693 2881 5754 ὦ
2908 5700 3173 5758 Δέσποτα.
3220 5702 3493 5775 Εἰσόμεθα
3526 5701 3608 5757 διά
3632 5694 3745 5752 τού-

2423 5898 2473 5930 ⁷¹
2546 5897 2680 5955 Gen.
2734 5915 2899 5967 xxx",
2933 5899 2983 5955 3.
3066 5902 3109 5935 ⁷³
3151 5901 3284 5958 ibid.
3325 5902 3405 5957 10.
