4034 6448
256 301 368 360 25Ἰ

1323 303 1861 367 ειΑΡιιγιιοιιυΜ
1891 308 1960 366 ΙΝ
1996 310 2298 372 GENESIM
2339 316 2469 374 LIB.
2512 319 2577 374 V.

3479 321 3587 378 258

254 437 372 472 των
403 417 596 474 τοίνυν
631 417 725 472 καὶ
758 418 944 490 ήμετς,
978 418 1062 473 ὅτι
1099 420 1309 491 πράους
1325 419 1466 476 εἶναι
1493 422 1574 477 δεῖ
1602 425 1696 478 καὶ
1729 426 1874 498 είρη-

1985 431 2189 503 inquit,
2241 450 2354 491 non
2382 446 2602 507 oportet
2644 451 2910 510 pugnare,
2937 438 3034 494 sed
3075 437 3266 494 mitem
3308 454 3430 497 esse
3453 457 3584 512 erga
3623 447 3627 450 ’

256 511 477 575 νικοὺς,
529 510 625 563 καὶ
649 509 740 563 διὰ
797 510 1004 575 παντὸς
1039 511 1313 584 θηρᾶσθαι
1346 514 1553 585 τρόπου
1596 516 1656 570 τὺ
1691 517 1882 589 διαζῇν

254 603 468 674 ἀμαχί.
529 620 550 655 ι
587 601 788 655 Δοῦλον
845 602 957 672 γὰρ
1003 602 1238 674 Κυρίου,
1274 605 1463 676 φησὶν,
1503 609 1565 661 ού
1599 609 1680 661 δεῖ
1710 610 1883 681 μάχε-

255 696 411 761 σθαι,
445 696 566 749 ἀλλ’
615 697 782 766 ήπιον
817 691 962 750 εἶναι
1005 696 1147 768 πρὸς
1175 697 1408 762 πάντας,
1448 717 1466 751 ι
1512 701 1658 754 κατὰ
1688 702 1749 755 τὸ
1787 720 1882 772 γε-

251 789 617 862 γραμμένον.
655 789 1103 861 Ἀποκεχρῆσθαι
1138 791 1238 860 μὲν
1262 791 1368 864 γὰρ
1400 791 1492 847 καὶ
1517 795 1635 857 ταῖς
1670 794 1884 866 ἀνθρω-

253 880 454 945 πίναις
485 881 640 953 ἡμᾶς
671 881 977 951 εύτεχνίαις
1011 883 1092 945 είς
1116 882 1180 935 τὸ
1223 882 1455 950 ἀγαθὸν,
1505 883 1567 937 τὸ
1616 886 1881 958 ἀπεῖργον

253 973 434 1038 οὗδὲν,
468 974 562 1043 εἴη
578 973 623 1026 δ’
646 973 736 1040 ἂν,
764 969 945 1044 οἶμαι,
965 972 1075 1027 τῶν
1094 973 1214 1028 λίαν
1234 975 1667 1048 ἐπαινουμένων.
1687 979 1880 1048 Ζητεῖν

259 1066 317 1120 δὲ
367 1068 626 1137 ἀνάγκη,
668 1067 776 1120 κᾶν
832 1067 882 1120 εί
933 1066 1092 1121 τοῦτο
1133 1067 1344 1138 γένοιτο
1378 1072 1508 1142 παρ’
1543 1069 1722 1141 ἡμῶν,
1781 1070 1880 1143 τὴν

259 1159 415 1228 παρά
472 1159 615 1212 Θεοῦ
666 1160 948 1230 φροντίδα,
989 1162 1086 1214 καὶ
1137 1163 1238 1232 τὴν
1287 1162 1495 1218 ἀνωθεν
1531 1164 1876 1235 ἐπικουρίαν,

260 1271 280 1305 ι
309 1253 374 1306 οὐ
434 1254 780 1323 φρονοῦντας
833 1253 902 1307 τὰ
950 1253 1152 1326 ὑψηλά·
1201 1274 1220 1306 ι
1271 1255 1769 1327 διενθυμουμένους
1821 1255 1879 1310 δὲ

255 1347 468 1418 μᾶλλον
503 1348 566 1401 τὸ
607 1349 1002 1419 γεγραμμένον
1028 1366 1042 1381 ’
1087 1367 1105 1400 ι
1143 1346 1292 1419 Ὀσῳ
1327 1349 1498 1421 μέγας
1524 1348 1595 1416 εἶ,
1634 1350 1878 1422 τοσούτῳ

248 1439 522 1496 ταπεινοῦ
551 1441 802 1506 σεαυτὸν,
822 1441 918 1495 καὶ
943 1441 1125 1496 ἔναντι
1153 1442 1360 1513 Κυρίου
1383 1443 1640 1515 εὑρήσεις
1658 1445 1871 1516 χάριν.»

249 1533 420 1588 οὕτω
446 1537 673 1606 φρονεῖν
703 1551 764 1587 τε
791 1535 886 1588 καὶ
909 1534 1043 1606 δρᾷν
1077 1534 1347 1605 ᾑρημένοι
1388 1535 1456 1590 τά
1479 1539 1544 1589 ὲκ
1587 1537 1684 1608 τῆς
1720 1539 1877 1609 εἰρή-

250 1646 356 1699 νης
385 1627 771 1700 κερδανοῦμεν
803 1625 1009 1696 ἀγαθὰ,
1043 1628 1141 1682 καὶ
1160 1628 1290 1692 τοὺς
1319 1627 1442 1682 καθ’
1469 1629 1628 1701 ήμῶν
1663 1630 1880 1702 ἀγριαί-

247 1738 452 1785 νοντας
480 1722 561 1784 είς
601 1721 925 1792 ἡμερότητα
969 1719 1437 1791 μεταστρέψομεν.
1479 1738 1499 1773 ι
1536 1720 1716 1792 Θῆρες
1764 1723 1876 1794 γάρ

247 1814 466 1884 ἄγριοι,
505 1813 696 1883 φησὶν,
750 1810 1132 1884 είρηνεύσουσί
1166 1829 1270 1868 σοι.
1304 1831 1324 1864 ›
1386 1813 1559 1868 Τοῦτο
1589 1814 1874 1886 πέπρακεν

249 1907 482 1962 Ἰακώϐ.
518 1907 595 1959 Οὐ
621 1905 732 1976 γὰρ
758 1905 944 1976 μόνοις
975 1905 1067 1959 τὸν
1093 1904 1320 1975 ἀδελφὺν
1345 1906 1598 1977 αἱμύλοις
1624 1908 1718 1962 καὶ
1738 1909 1874 1962 ἀττα-

250 2001 366 2065 λοῖς
395 1999 822 2070 ἐκμειλίσσεται
851 1998 1053 2068 λόγοις,
1100 1999 1236 2054 ἀλλὰ
1259 1999 1357 2052 καὶΙ
1385 1999 1577 2066 ξενίων
1629 2002 1725 2054 καὶ
1763 2001 1873 2055 τῶν

257 2094 427 2147 ὅντων
477 2093 726 2145 ἐποιεῖτο
771 2090 1056 2156 κοινωνὸν,
1090 2091 1287 2162 μερίδα
1310 2091 1697 2165 λιπαρωτάτην
1739 2082 1874 2146 ἀπο-

260 2185 438 2255 νέμων
504 2183 682 2254 αύτῷ,
725 2183 984 2254 πρόϐατά
1039 2200 1098 2236 τε
1148 2184 1244 2238 καὶ
1294 2183 1445 2254 βόας,
1485 2181 1649 2254 αῐγάς
1674 2203 1734 2238 τε
1777 2186 1873 2241 καὶ

252 2279 432 2341 ὅνους,
475 2278 767 2349 καμήλους
800 2278 897 2331 καὶ
927 2276 1180 2348 μόσχους.
1213 2277 1498 2349 Κρείττων
1539 2278 1647 2349 γὰρ
1678 2281 1870 2352 είρήνη

249 2372 588 2443 χρημάτων,
621 2371 717 2425 καὶ
764 2371 1108 2442 προοιχέσθω
1147 2370 1330 2440 φιλίας
1359 2374 1458 2442 τῆς
1489 2374 1568 2436 εἰς
1603 2371 1868 2441 ἀδελφοὺς

249 2463 361 2516 τῶν
387 2463 753 2535 προσκαίρων
783 2465 816 2534 ή
842 2465 1060 2533 κτῆσις.
1091 2463 1204 2518 Καὶ
1242 2463 1373 2532 γοῦν
1411 2465 1604 2518 ἐδεδίει
1639 2465 1762 2536 μὲν,
1795 2467 1870 2530 ὼς

251 2558 414 2626 ἔφην,
448 2559 479 2610 ὁ
502 2556 797 2619 θεσπέσιος
815 2555 1032 2622 Ἰακὼϐ,
1063 2557 1156 2610 τὸν
1185 2556 1414 2626 ἀδελφὸν
1449 2558 1645 2623 Ἡσαῦ,
1679 2561 1772 2614 καὶ
1794 2559 1870 2624 ὡς

250 2647 462 2700 αὐτίκα
490 2647 557 2718 δὴ
592 2646 742 2718 μάλα
768 2645 836 2700 τὰ
867 2647 927 2712 ἐξ
957 2647 1130 2718 ὀργῆς
1156 2649 1499 2719 πεισόμενος,
1531 2649 1739 2720 ἄθυμος
1776 2646 1864 2722 ἦν,

249 2740 347 2793 καὶ
395 2739 598 2809 φθόνον
633 2742 891 2812 πατήσας
915 2741 1007 2794 τὸν
1039 2741 1096 2794 ὲν
1141 2740 1341 2810 ἀρχαῖς
1384 2741 1618 2812 περιέφυ
1640 2742 1731 2795 τὸν
1763 2743 1870 2797 Ἰα-

250 2833 396 2898 κὼϐ,
452 2836 553 2887 καὶ
605 2834 705 2887 σὺν
743 2832 1006 2905 δακρύοις
1054 2831 1354 2902 ἠσπάζετο,
1385 2835 1610 2898 καὶτοῖς
1652 2834 1869 2905 φύσεως

249 2923 444 2993 νόμοις
486 2925 553 2977 τὸ
603 2923 892 2995 βραδύνειν
918 2923 1176 2978 δύνασθαι
1203 2926 1273 2978 τὰ
1303 2926 1384 2988 είς
1414 2925 1637 2996 ἀγάπην
1671 2927 1864 2981 ἐδίδου.

249 3017 584 3090 Γέγραπται
614 3017 750 3088 γὰρ,
781 3018 866 3070 ὅτι
927 3033 946 3067 ι
994 3017 1103 3070 Καὶ
1144 3016 1517 3088 προσδραμὼν
1575 3017 1748 3072 Ἠσαῦ
1787 3021 1870 3083 εὶς

250 3112 591 3183 συνάντησιν
620 3110 794 3181 αὐτῷ,
826 3111 923 3165 καὶ
953 3109 1266 3182 περιλαϐὼν
1287 3110 1450 3164 αὑτὸν
1492 3112 1738 3182 ἐφίλησε,
1774 3112 1868 3165 καὶ

247 3204 608 3276 προσέπεσεν
636 3203 733 3256 ἐπὶ
779 3202 874 3256 τὸν
905 3203 1172 3274 τράχηλον
1221 3200 1412 3266 αὐτοῦ,
1469 3203 1564 3256 καὶ
1598 3203 1870 3258 ἔκλαυσαν

246 3298 588 3368 ἀμφότεροι.
623 3315 642 3348 ι
679 3295 791 3350 Καὶ
819 3298 993 3350 ταῦτα
1013 3298 1076 3366 δὴ
1101 3296 1281 3350 πάντα
1306 3294 1375 3347 τὰ
1403 3295 1710 3367 πραότητος
1735 3313 1871 3350 κατ-

244 3390 586 3464 ορθώματα,
626 3389 842 3462 καρπὸς
890 3389 1184 3461 ὑφειμένου
1210 3388 1302 3442 καὶ
1330 3388 1710 3460 ἀφιλοκόμπου
1739 3406 1872 3459 (ppo-

247 3487 526 3556 νήματος,
581 3484 680 3536 καὶ
730 3483 905 3546 ξένιον
935 3481 1227 3553 εὐμενείας
1275 3481 1412 3535 Θεοῦ
1449 3484 1563 3545 τοῖς
1613 3482 1870 3550 ἀγαπῶσι

249 3575 449 3641 αὐτὸν,
479 3573 918 3644 καταφιλοῦντος
965 3571 1028 3625 τὸ
1057 3573 1308 3636 ἄναντες,
1350 3570 1449 3624 καὶ
1477 3570 1872 3626 καταλιαίνον-

1987 538 2182 580 omnes
2200 527 2269 593 ⁷³,
2300 547 2318 580 ι
2378 529 2524 584 sicut
2576 531 2846 601 scriptum
2873 538 2978 586 est.
3018 530 3168 586 Nihil
3207 530 3358 586 enim
3403 531 3590 586 obstat

1985 617 2284 696 quominus
2330 634 2433 675 nos
2463 620 2631 676 etiam
2662 620 2920 676 humanis
2957 621 3315 678 adminiculis
3355 623 3425 676 ad
3484 622 3588 677 bo~

1983 719 2119 759 num
2170 714 2424 776 utamur;
2461 711 2574 766 imo
2608 727 2740 767 vero
2791 714 3070 772 laudabile
3110 715 3168 770 in
3216 716 3432 786 primis.
3475 717 3586 772 lm-

1983 798 2252 867 ploranda
2283 815 2418 855 vero
2449 811 2536 858 est
2553 805 2781 861 omnino
2817 806 3056 878 (etiamsi
3084 807 3190 863 hoc
3215 824 3248 862 a
3273 809 3438 863 nobis
3467 808 3584 880 ﬁat)

1981 890 2082 945 Dei
2109 907 2265 958 cura,
2289 909 2703 966 supernumque
2739 899 3028 965 auxilium,
3077 919 3097 951 ι
3133 915 3246 954 non
3286 901 3396 956 alta
3436 901 3586 973 cogi-

1983 983 2242 1050 tando";
2272 1005 2289 1036 ι
2310 985 2448 1040 illud
2471 1003 2624 1052 vero,
2657 989 2807 1059 quod
2832 991 3104 1060 scriptum
3140 999 3248 1056 est,
3289 992 3581 1047 nobiscum

1982 1076 2293 1145 reputando
2315 1097 2334 1128 ι
2363 1095 2375 1132 :
2405 1077 2624 1144 Quanto
2655 1082 2832 1152 major
2867 1097 2950 1147 es,
2984 1092 3137 1138 tanto
3171 1084 3501 1140 submissius
3527 1094 3583 1138 te

1977 1183 2158 1238 geras,
2198 1180 2255 1224 et
2287 1169 2538 1226 invenies
2558 1173 2788 1244 gratiam
2809 1189 2988 1230 coram
3015 1177 3128 1231 Deo
3145 1178 3212 1230 ".
3253 1198 3272 1230 ι
3319 1178 3397 1233 Ita
3431 1179 3579 1234 enim

1982 1260 2288 1331 cogitantes
2324 1281 2389 1320 ac
2425 1264 2713 1332 facientes,
2741 1267 2886 1323 bona
2915 1284 3040 1338 quae
3070 1285 3140 1323 ex
3183 1283 3320 1340 pace
3353 1271 3581 1341 profici-

1981 1362 2217 1409 scuntur
2244 1355 2682 1425 lucrifaciemus,
2722 1367 2780 1415 et
2799 1375 2896 1415 eos
2912 1360 3006 1431 qui
3033 1361 3298 1417 adversus
3314 1378 3416 1418 nos
3431 1363 3580 1419 fero-

1982 1445 2159 1512 ciunt,
2192 1447 2261 1502 ad
2297 1448 2698 1521 benignitatem
2725 1451 3102 1508 traducemus.
3151 1473 3172 1505 ι
3213 1455 3409 1510 Bestiae
3432 1457 3582 1510 enim

1979 1536 2132 1604 ferae,
2163 1541 2360 1610 inquit,
2394 1542 2636 1613 pacifica
2658 1551 2825 1598 erunt
2860 1545 2961 1600 tibi
2993 1546 3060 1600 ⁷⁸.
3101 1565 3120 1597 ›
3156 1547 3274 1602 Hoc
3321 1523 3584 1618 praestitit

1977 1629 2168 1686 Jacob.
2193 1632 2383 1704 Neque
2409 1634 2558 1689 enim
2596 1636 2776 1690 solum
2809 1637 3074 1693 mollibus
3111 1654 3177 1694 ac
3209 1640 3428 1696 blandis
3452 1655 3580 1696 vcr-

1979 1722 2066 1778 bis
2089 1723 2318 1779 fratrem
2345 1726 2636 1796 mitigavit,
2665 1727 2760 1782 sed
2790 1727 2960 1782 etiam
3007 1725 3339 1786 muneribus
3383 1747 3579 1802 prose-

1909 1793 1950 1848 B
1982 1824 2146 1870 cutus
2164 1823 2268 1881 est,
2300 1824 2357 1871 et
2377 1793 2697 1872 facultatum
2735 1833 2961 1874 suarum
2991 1821 3316 1891 participem
3351 1793 3538 1878 effecit
3563 1863 3580 1888 ,

1981 1909 2154 1978 magis
2186 1908 2426 1978 opimam
2449 1918 2663 1980 partem
2687 1910 2791 1980 ipsi
2827 1912 3100 1977 tribuens,
3142 1928 3274 1969 oves
3299 1923 3355 1969 et
3384 1914 3578 1981 boves,

1980 2013 2176 2070 capras
2197 2008 2254 2055 et
2279 2000 2486 2064 asinos,
2522 2008 2580 2056 et
2613 2002 2858 2056 camelos
2897 2010 2954 2056 et
2991 2002 3216 2060 vitulos.
3263 2003 3459 2058 Melior
3494 2014 3583 2062 est

1979 2095 2128 2148 enim
2155 2110 2262 2165 pax
2294 2094 2524 2160 divitiis,
2556 2103 2614 2150 et
2641 2095 3104 2164 temporariorum
3150 2096 3425 2151 bonorum
3447 2113 3580 2167 pos-

1979 2187 2152 2242 sessio
2175 2187 2352 2242 amori
2379 2187 2626 2243 fraterno
2651 2195 2737 2242 est
2765 2187 3168 2258 postponenda.
3201 2189 3374 2244 Porro
3394 2191 3583 2246 timuit

1979 2279 2227 2352 quidem,
2293 2280 2518 2346 utdixi,
2570 2281 2796 2336 divinus
2822 2280 2994 2337 Jacob
3045 2280 3272 2336 fratrem
3318 2281 3485 2346 Esau,
3513 2298 3582 2338 ac

1981 2373 2140 2443 quasi
2169 2373 2394 2444 jamjam
2441 2373 2583 2429 iram
2615 2373 2791 2444 ipsius
2823 2382 3180 2443 experturus,
3216 2373 3392 2428 tristis
3435 2384 3577 2430 erat.

1978 2451 2073 2519 Ille
2111 2481 2244 2519 vero
2261 2465 2473 2536 abjecta
2501 2473 2688 2521 vetere
2713 2463 2922 2520 invidia
2942 2467 3231 2536 amplexus
3254 2477 3340 2521 est
3382 2467 3576 2532 Jacob,

1979 2566 2037 2613 et
2067 2573 2193 2612 cum
2218 2558 2481 2630 lacrymis
2501 2558 2785 2613 osculatus
2823 2566 2927 2624 est,
2959 2567 3014 2612 et
3036 2567 3249 2613 natura:
3271 2558 3486 2628 legibus
3508 2559 3579 2614 ad

1979 2665 2225 2704 amorem
2254 2650 2689 2720 provocantibus
2716 2649 2904 2705 cessit.
2942 2649 3222 2720 Scriptum
3254 2660 3339 2705 est
3372 2651 3520 2706 enim
3561 2669 3575 2706 :

1986 2760 2004 2794 ι
2044 2742 2113 2796 Ει
2151 2757 2448 2798 accurrens
2484 2744 2629 2798 Esau
2667 2743 2720 2797 in
2766 2758 3060 2798 occursum
3116 2743 3188 2809 ei,
3235 2744 3580 2813 amplexatus

1977 2841 2065 2887 est
2103 2848 2253 2898 eum,
2295 2842 2350 2887 et
2378 2833 2579 2888 cecidit
2619 2849 2788 2903 super
2825 2833 3030 2888 collum
3069 2833 3263 2903 ipsius,
3308 2844 3366 2888 et
3405 2835 3576 2890 ﬂeve-

1980 2931 2109 2978 runt
2137 2926 2299 2980 ambo
2326 2927 2393 2978 ⁷⁷.
2427 2945 2444 2976 ›
2472 2928 2651 2994 Atque
2682 2926 2800 2980 haec
2827 2925 3052 2995 quidem
3093 2926 3279 2982 omnia
3314 2943 3576 2984 mansue-

1981 3018 2188 3073 tudinis
2233 3033 2423 3088 opera,
2487 3024 2619 3072 sunt
2668 3016 2883 3072 fructus
2923 3017 3184 3071 submissi
3237 3017 3578 3088 minimeque

1977 3109 2107 3163 elati
2135 3109 2324 3174 animi,
2349 3118 2404 3164 et
2434 3123 2638 3162 munus
2653 3107 3010 3178 benignitatis
3049 3107 3168 3174 Dei,
3222 3107 3318 3178 qui
3349 3109 3580 3163 amanti-

1977 3202 2083 3256 bus
2112 3202 2313 3271 ipsum,
2341 3199 2586 3256 difﬁcilia
2615 3207 2782 3269 atque
2819 3198 2995 3254 ardua
3040 3199 3273 3265 emollit,
3323 3200 3578 3272 leviaque

1977 3291 2165 3357 efﬁcit,
2216 3293 2526 3364 gaudioque
2551 3293 2730 3363 replet
2752 3307 2848 3346 eos
2874 3291 2968 3362 qui
3001 3292 3105 3362 ipsi
3135 3292 3416 3349 adhaerere
3439 3309 3576 3349 con-

1977 3385 2233 3440 tendunt.
2269 3383 2545 3441 Caeterum
2568 3384 2943 3439 necessarium
2971 3399 3092 3440 esse
3123 3385 3364 3440 arbitror
3389 3402 3579 3443 narra-

1979 3477 2186 3532 tionem
2211 3476 2281 3531 ad
2302 3476 2646 3546 Spiritualem
2672 3476 3197 3546 contemplationem
3225 3477 3530 3533 transferre
3560 3495 3575 3534 :

1977 3576 2142 3637 atque
2171 3583 2269 3637 age
2294 3567 2546 3622 dicamus
2568 3581 2882 3622 sermonem
2914 3567 2983 3622 ab
3028 3567 3191 3622 initio
3237 3576 3574 3626 retexentes.

245 3687 347 3732 τος
390 3668 460 3721 τὸ
502 3667 706 3740 τραχὺ,
759 3666 858 3721 καὶ
901 3667 1024 3728 ταῖς
1081 3663 1373 3735 εὐθυμίαις
1414 3663 1872 3728 καταπιαίνοντος

1986 3663 2142 3733 161
2161 3662 2240 3716 Ita
2264 3663 2415 3717 enim
2457 3662 2724 3719 studiosis
2769 3662 2976 3720 Christi
3000 3664 3325 3737 mysterium
3340 3666 3578 3724 manife-

245 3778 383 3823 τους
425 3758 580 3828 αὐτῷ
614 3755 977 3831 προσκεῖσθαι
1003 3755 1428 3820 σπουδάζοντας.
1453 3755 1594 3809 Ἀλλ’
1619 3749 1776 3825 οἶμαι
1809 3754 1874 3824 δὴ

1985 3765 2131 3810 stum
2157 3755 2346 3810 fuerit.

245 3854 366 3908 δεῖν
402 3855 488 3918 εἰς
525 3852 767 3925 θεωρίαν
804 3851 1188 3922 πνευματικὴν
1227 3851 1360 3922 ἡμῖν
1431 3851 1908 3920 μεταπλὰττεσθαι
1947 3851 2008 3905 τὸ
2039 3852 2307 3923 διήγημα.
2349 3851 2459 3906 Καὶ
2487 3851 2619 3924 φέρε
2649 3852 2714 3926 δὴ
2743 3852 2992 3924 λέγωμεν
3019 3855 3211 3911 ἀνόπιν
3265 3858 3456 3924 ἰόντες,
3483 3861 3578 3914 καὶ

246 3952 335 4014 είς
383 3949 568 4020 ἀρχὴν
623 3949 1019 4022 ἀνατρέχοντες
1057 3946 1152 4002 τοῦ
1211 3946 1411 4012 παντὸς
1456 3947 1636 4017 λόγου.
1690 3948 1869 4018 Σαφὲς
1907 3948 2018 4025 γὰρ
2043 3947 2107 4002 ἂν
2131 3950 2340 4019 γένοιτο
2368 3951 2483 4014 τοῖς
2537 3950 2942 4022 χρηστομαθεῖν
3003 3953 3301 4024 ᾑρημένοις
3337 3955 3400 4009 τὸ
3437 3958 3576 4029 Χρι-

249 4046 388 4102 στοῦ
428 4046 757 4117 μυστήριον.

322 4143 400 4213 γ’.
412 4141 671 4196 Φονῶντα
681 4142 863 4196 τοίνυν
878 4141 970 4195 τὸν
983 4141 1216 4211 ἀδελφὸν
1241 4143 1334 4195 καὶ
1352 4140 1634 4213 θηριωδῶς
1655 4142 1871 4213 ἀγριαί-

2055 4139 2108 4194 5.
2139 4140 2387 4194 Fratrem
2410 4137 2596 4205 itaque
2622 4145 2859 4192 mortem
2889 4137 2990 4208 ipsi
3017 4137 3449 4207 machinantem,
3489 4149 3575 4195 at-

251 4253 421 4292 νοντα
451 4233 694 4299 δεδειὼς,
743 4235 820 4298 ὡς
852 4233 1102 4299 εἰκότως,
1133 4237 1162 4288 ὁ
1191 4232 1478 4297 θεσπέσιος
1522 4233 1742 4299 Ἰακὼϐ,
1776 4234 1874 4304 τὴν

1979 4245 2087 4301 que
2105 4231 2279 4284 instar
2299 4228 2498 4282 bellua:
2521 4227 2806 4298 cujusdam
2829 4227 3190 4284 ferocientem
3213 4238 3489 4297 metuens,
3516 4243 3578 4289 ut

252 4332 336 4394 είς
361 4327 602 4400 Χαρράν
625 4344 687 4380 τε
718 4326 814 4380 καὶ
838 4325 1027 4380 Λάϐαν
1061 4325 1376 4396 ἀποδημίαν
1413 4324 1715 4388 ἐστέλλετο,
1749 4342 1871 4378 συνο

1978 4339 2079 4393 par
2100 4332 2242 4390 erat,
2273 4325 2446 4380 Jacob
2476 4323 2878 4394 profectionem
2916 4322 2985 4376 ad
3005 4320 3253 4378 Charran
3283 4333 3341 4380 et
3383 4325 3575 4381 Laban

250 4421 545 4483 αινοῦντος
569 4417 721 4489 αὐτῷ
751 4418 852 4490 τὴν
881 4417 1201 4489 ἀποδρομὴν
1227 4415 1322 4470 τοῦ
1366 4415 1606 4487 πατρὸς,
1628 4418 1874 4469 τουτέστι

1978 4416 2238 4482 instituit,
2267 4415 2609 4487 approbante
2640 4413 2814 4484 ipsius
2841 4412 3146 4469 discessum
3161 4423 3335 4486 patre,
3365 4417 3470 4473 hoc
3491 4427 3576 4474 est

246 4513 353 4569 τοῦ
394 4512 610 4566 Ἰσαάκ.
669 4509 880 4564 Ἐδόκει
926 4509 1037 4580 γὰρ
1067 4505 1172 4562 ὧδε
1217 4505 1710 4579 παρακρούσασθαι
1765 4506 1874 4560 δεῖν

1980 4508 2148 4564 Isaac.
2179 4509 2258 4564 Ita
2281 4509 2431 4564 enim
2457 4507 2752 4564 videbatur
2777 4504 3137 4562 submoturus
3187 4525 3218 4562 a
3265 4525 3324 4566 se
3367 4511 3574 4566 rabiosi

374 4564 766 4676 λελυπημένου
783 4604 884 4674 τὴν
916 4564 1126 4672 έφόδον.
1169 4564 1500 4672 Ἀφιγμένος
1529 4600 1594 4671 δὴ
1622 4596 1714 4655 οὖν
1740 4601 1874 4671 πρὸς

1981 4601 2222 4656 hominis
2249 4601 2507 4656 insultus.
2536 4599 2674 4656 Cum
2702 4599 2887 4670 itaque
2907 4600 3251 4670 pervenisset
3272 4602 3338 4658 ad
3363 4603 3572 4672 Laban,

250 4697 478 4762 Δάϐαν,
501 4696 870 4768 ἐμνηστεύετο
903 4697 1002 4765 μὲν
1040 4695 1141 4759 τὰς
1175 4693 1271 4748 τοῦ
1311 4693 1506 4771 ἀνδρὸς
1544 4693 1874 4767 θυγατέρας,

249 4794 428 4847 Λείαν
444 4808 504 4844 τε
530 4791 676 4862 φημὶ
704 4790 800 4844 καὶ
826 4787 1051 4860 Ῥαχὴλ,
1088 4789 1184 4842 καὶ
1212 4786 1278 4858 δὴ
1311 4789 1407 4842 καὶ
1439 4787 1647 4841 τέκνων
1676 4786 1876 4840 ἐπλού-

251 4904 339 4941 τει
369 4884 568 4956 γονὴν,
601 4883 697 4938 καὶ
723 4882 1060 4954 θρεμμάτων
1096 4881 1324 4951 ἀγέλας,
1357 4882 1452 4934 καὶ
1495 4880 1633 4950 πρὸς
1665 4880 1878 4944 τούτοις

249 4977 339 5032 ἔτι
372 4977 480 5048 τὴν
512 4974 710 5048 ἑτέραν
732 4973 946 5030 οὐσίαν.
984 4973 1204 5045 Ἐπειδὴ
1243 4973 1300 5026 δὲ
1318 4969 1454 5046 ἧκεν
1479 4973 1560 5036 εἰς
1593 4971 1752 5027 τοῦτο
1770 4971 1879 5026 λοι·

251 5070 362 5124 πὸν
384 5069 668 5135 εὐθυνίας,
701 5065 851 5124 οἷκον
868 5068 1000 5122 ἴδιον
1018 5068 1107 5139 ἔχε
1117 5085 1164 5122 ιν
1190 5067 1508 5131 ἐσκέπτετο,
1529 5066 1623 5119 καὶ
1647 5063 1873 5135 ἀπαίρει

255 5165 363 5237 μὲν
387 5162 492 5233 τῆς
525 5161 755 5233 Χαρῤἀν
780 5160 876 5243 καί
907 5160 1003 5232 τῆς
1021 5160 1210 5215 Λάϐαν
1237 5157 1446 5222 ἑστίας,
1479 5156 1614 5229 ὁμοῦ
1639 5159 1750 5221 τοῖς
1771 5173 1874 5209 πε·-

252 5253 647 5328 πορισμένοις,
674 5251 768 5307 καὶ
795 5251 904 5324 μὴν
925 5251 1020 5304 καὶ
1050 5252 1193 5323 μερὰ
1210 5251 1488 5320 γυναικῶν
1523 5249 1618 5303 καὶ
1643 5249 1870 5303 τέκνων.

252 5348 566 5410 Διὼκοντος
587 5345 647 5398 δὲ
666 5343 761 5399 τοῦ
802 5343 1012 5410 Λάϐαν,
1041 5342 1489 5415 κατελαμϐάνετο
1515 5343 1638 5413 μὲν,
1662 5339 1872 5395 συνετί-

253 5440 338 5494 θει
372 5440 433 5494 δὲ
464 5439 536 5492 τὰ
562 5437 700 5508 πρὸς
729 5437 978 5508 εἰρήνην,
1025 5434 1118 5488 καὶ
1159 5433 1261 5504 τῆς
1305 5433 1528 5502 ἀγάπης
1556 5432 1648 5486 τὸν
1683 5431 1870 5485 σύνδε-

254 5551 399 5605 σμον
441 5530 702 5585 ἐϐεϐαίου
760 5527 1002 5601 Χριστός
1071 5526 1460 5598 Ἀνεστηλοῦτο
1504 5525 1614 5597 γὰρ
1659 5527 1688 5579 ό
1727 5525 1874 5590 λίθος

252 5630 331 5690 εἰς
367 5626 546 5680 τύπον
572 5621 763 5680 αὐτοῦ.
791 5617 926 5698 Εἶτα
958 5620 1100 5693 μετὰ
1126 5618 1288 5674 τοῦτο
1311 5617 1668 5690 μεταθέοντπ
1691 5616 1875 5672 οἴκαδε

1981 4694 2137 4748 duxit
2168 4693 2320 4750 illius
2351 4693 2512 4759 filias,
2555 4692 2711 4747 Liam
2737 4690 3002 4746 nimirum
3037 4700 3096 4747 et
3123 4693 3362 4760 Rachel,
3402 4695 3574 4752 filios-

1981 4805 2091 4860 que
2128 4797 2325 4844 nactus
2343 4795 2450 4852 est,
2469 4795 2524 4841 et
2547 4801 2810 4858 pecorum
2828 4800 3041 4858 greges,
3069 4801 3134 4842 ac
3161 4795 3423 4856 praeterea
3441 4790 3575 4845 alias

1979 4878 2150 4933 etiam
2205 4876 2518 4930 facultates.
2575 4874 2716 4930 Cum
2757 4883 2944 4931 autem
2986 4874 3055 4930 ad
3119 4884 3328 4930 tantam
3386 4893 3574 4933 rerum

1980 4967 2319 5024 afﬂuentiam
2372 4967 3058 5039 pervenisset,‘propriam
3097 4966 3323 5022 domum
3368 4969 3575 5028 habere

1981 5060 2217 5126 curavit,
2275 5076 2340 5114 ac
2374 5059 2611 5115 discedit
2657 5059 2883 5129 quidem
2921 5073 2953 5113 e
2992 5056 3261 5124 Charran,
3328 5068 3494 5130 atque
3543 5078 3575 5119 a

1981 5152 2147 5208 domo
2171 5151 2359 5207 Laban
2384 5168 2511 5206 cum
2548 5151 2618 5206 iis
2643 5167 2768 5220 qua:
2822 5149 3178 5221 acquisierat,
3235 5159 3401 5223 atque
3435 5171 3574 5211 uxo-

1981 5245 2136 5300 ribus
2183 5253 2240 5299 et
2268 5243 2416 5299 ﬁliis.
2471 5243 2848 5312 Pcrsequente
2892 5256 3026 5297 vero
3060 5241 3270 5310 Laban,
3321 5260 3574 5317 compre-

1981 5339 2192 5395 hensus
2213 5335 2439 5406 quidem
2469 5343 2573 5401 est,
2610 5335 2914 5406 composita
2939 5343 3123 5392 autem
3150 5353 3241 5394 res
3262 5346 3346 5394 est
3367 5339 3436 5395 ad
3482 5356 3578 5412 pa—

1981 5445 2140 5502 cem,
2188 5428 2503 5498 amorisque
2547 5426 2832 5482 vinculum
2883 5427 3232 5484 confirmavit
3296 5429 3582 5491 Christus.

1981 5523 2215 5580 Erectus
2241 5521 2391 5576 enim
2414 5529 2499 5576 est
2528 5520 2669 5592 lapis
2693 5520 2748 5574 in
2777 5530 2970 5592 typum
3002 5521 3198 5592 ipsius.
3225 5523 3421 5579 Postea
3442 5539 3576 5579 vero

1983 5633 2108 5673 cum
2139 5617 2253 5689 jam
2278 5614 2467 5670 Laban
2497 5613 2723 5670 domum
2747 5614 3025 5682 rediisset,
3059 5631 3250 5688 pacem
3269 5617 3433 5671 etiam
3452 5615 3576 5670 iniit

326 5813 376 5849 ⁷³
402 5813 447 5871 li
473 5813 619 5872 Tim.
651 5829 710 5878 ιι,
743 5812 832 5866 24.
913 5810 959 5842 7‘
999 5809 1156 5866 Rom.
1191 5825 1320 5877 χχιι,
1353 5809 1438 5864 16.
1517 5809 1562 5840 ⁷⁸
1588 5807 1756 5864 Eccli.
1795 5823 1874 5879 ιιι,

1978 5824 2015 5879 ης
2046 5805 2248 5883 Philip.
2288 5823 2346 5875 ιι,
2384 5807 2435 5862 ὅ.
2512 5805 2683 5864 "Job
2707 5823 2759 5874 v,
2786 5805 2876 5864 22.
2956 5808 2999 5840 ⁷⁷
3041 5808 3178 5862 Gen.
3223 5820 3412 5869 χχχιιι,
3441 5802 3494 5856 4.
