  <div class='ocr_page' id='page_1' title='image "/cluster/home/n/w/nwhite01/storage/ocr_20150623/69:no.2/coo.31924054869734/137.png"; bbox 0 0 4034 6464; ppageno 0'>
   <div class='ocr_carea' id='block_1_1' title="bbox 534 304 2127 379">
    <p class='ocr_par' dir='ltr' id='par_1_1' title="bbox 534 312 2127 379">
     <span class='ocr_line' id='line_1_1' title="bbox 534 312 2127 379; baseline -0.008 -1"><span class='ocrx_word' id='word_1_1' title='bbox 534 323 641 379; x_wconf 63' lang='grc'><strong>959</strong></span> <span class='ocrx_word' id='word_1_2' title='bbox 1566 318 1623 374; x_wconf 92' lang='lat' dir='ltr'><strong>S.</strong></span> <span class='ocrx_word' id='word_1_3' title='bbox 1664 313 1941 373; x_wconf 77' lang='lat' dir='ltr'><strong>CYRILH</strong></span> <span class='ocrx_word' id='word_1_4' title='bbox 1980 312 2127 368; x_wconf 82' lang='lat' dir='ltr'><strong>ALE&#39;.</strong></span> 
     </span>
    </p>
   </div>
   <div class='ocr_carea' id='block_1_2' title="bbox 2182 304 3775 379">
    <p class='ocr_par' dir='ltr' id='par_1_2' title="bbox 2182 304 3775 367">
     <span class='ocr_line' id='line_1_2' title="bbox 2182 304 3775 367; baseline -0.002 -2"><span class='ocrx_word' id='word_1_5' title='bbox 2182 308 2455 367; x_wconf 71' lang='lat' dir='ltr'><strong>ANDRINI</strong></span> <span class='ocrx_word' id='word_1_6' title='bbox 2493 304 2813 363; x_wconf 77' lang='lat' dir='ltr'><strong>ABCHlEP.</strong></span> <span class='ocrx_word' id='word_1_7' title='bbox 3687 307 3775 365; x_wconf 75' lang='grc' dir='ltr'><strong>Ξ).όο</strong></span> 
     </span>
    </p>
   </div>
   <div class='ocr_carea' id='block_1_3' title="bbox 534 414 2127 504">
    <p class='ocr_par' dir='ltr' id='par_1_3' title="bbox 534 424 2126 504">
     <span class='ocr_line' id='line_1_3' title="bbox 534 424 2126 504; baseline -0.008 -13"><span class='ocrx_word' id='word_1_8' title='bbox 534 451 665 491; x_wconf 84' lang='lat' dir='ltr'><strong>cum</strong></span> <span class='ocrx_word' id='word_1_9' title='bbox 689 433 861 489; x_wconf 84' lang='lat' dir='ltr'><strong>veteri</strong></span> <span class='ocrx_word' id='word_1_10' title='bbox 884 433 1064 499; x_wconf 83' lang='lat' dir='ltr'><strong>hoste,</strong></span> <span class='ocrx_word' id='word_1_11' title='bbox 1086 432 1182 504; x_wconf 88' lang='lat' dir='ltr'><strong>qui</strong></span> <span class='ocrx_word' id='word_1_12' title='bbox 1208 431 1383 504; x_wconf 83' lang='lat' dir='ltr'><strong>ipsius</strong></span> <span class='ocrx_word' id='word_1_13' title='bbox 1432 430 1558 486; x_wconf 55' lang='lat' dir='ltr'><strong>vitae</strong></span> <span class='ocrx_word' id='word_1_14' title='bbox 1588 430 1846 485; x_wconf 74' lang='lat' dir='ltr'><strong>ferociter</strong></span> <span class='ocrx_word' id='word_1_15' title='bbox 1894 424 2126 482; x_wconf 86' lang='lat' dir='ltr'><strong>insidia-</strong></span> 
     </span>
    </p>
   </div>
   <div class='ocr_carea' id='block_1_4' title="bbox 2182 414 3775 504">
    <p class='ocr_par' dir='ltr' id='par_1_4' title="bbox 2182 414 3775 490">
     <span class='ocr_line' id='line_1_4' title="bbox 2182 414 3775 490; baseline -0.004 -12"><span class='ocrx_word' id='word_1_16' title='bbox 2182 438 2199 484; x_wconf 64' lang='grc' dir='ltr'><strong>ι</strong></span> <span class='ocrx_word' id='word_1_17' title='bbox 2229 421 2415 477; x_wconf 73' lang='grc' dir='ltr'>λοιπὸν</span> <span class='ocrx_word' id='word_1_18' title='bbox 2453 422 2550 476; x_wconf 78' lang='grc' dir='ltr'>καὶ</span> <span class='ocrx_word' id='word_1_19' title='bbox 2583 417 2945 490; x_wconf 81' lang='grc' dir='ltr'><strong>ἀποιχομένου</strong></span> <span class='ocrx_word' id='word_1_20' title='bbox 2992 414 3087 470; x_wconf 80' lang='grc' dir='ltr'><strong>τοῦ</strong></span> <span class='ocrx_word' id='word_1_21' title='bbox 3113 414 3323 478; x_wconf 76' lang='grc' dir='ltr'>Λάϐαν,</span> <span class='ocrx_word' id='word_1_22' title='bbox 3357 414 3683 486; x_wconf 76' lang='grc' dir='ltr'>συμδέδηκεν</span> <span class='ocrx_word' id='word_1_23' title='bbox 3708 423 3775 485; x_wconf 82' lang='grc' dir='ltr'><strong>εἰς</strong></span> 
     </span>
    </p>
   </div>
   <div class='ocr_carea' id='block_1_5' title="bbox 539 506 2132 597">
    <p class='ocr_par' dir='ltr' id='par_1_5' title="bbox 539 521 2124 597">
     <span class='ocr_line' id='line_1_5' title="bbox 539 521 2124 597; baseline -0.007 -13"><span class='ocrx_word' id='word_1_24' title='bbox 539 529 721 593; x_wconf 71' lang='grc' dir='ltr'>Ιιιιιιπ,</span> <span class='ocrx_word' id='word_1_25' title='bbox 761 527 929 592; x_wconf 83' lang='lat' dir='ltr'><strong>Esau,</strong></span> <span class='ocrx_word' id='word_1_26' title='bbox 963 527 1210 597; x_wconf 90' lang='lat' dir='ltr'><strong>inquam.</strong></span> <span class='ocrx_word' id='word_1_27' title='bbox 1235 524 1481 582; x_wconf 87' lang='lat' dir='ltr'><strong>Osculati</strong></span> <span class='ocrx_word' id='word_1_28' title='bbox 1504 525 1654 579; x_wconf 89' lang='lat' dir='ltr'><strong>enim</strong></span> <span class='ocrx_word' id='word_1_29' title='bbox 1684 531 1815 577; x_wconf 90' lang='lat' dir='ltr'><strong>sunt</strong></span> <span class='ocrx_word' id='word_1_30' title='bbox 1866 521 2124 584; x_wconf 83' lang='lat' dir='ltr'><strong>invicem,</strong></span> 
     </span>
    </p>
   </div>
   <div class='ocr_carea' id='block_1_6' title="bbox 2363 506 3956 597">
    <p class='ocr_par' dir='ltr' id='par_1_6' title="bbox 2363 506 3949 583">
     <span class='ocr_line' id='line_1_6' title="bbox 2363 506 3949 583; baseline 0.001 -18"><span class='ocrx_word' id='word_1_31' title='bbox 2363 529 2456 583; x_wconf 80' lang='grc' dir='ltr'><strong>νην</strong></span> <span class='ocrx_word' id='word_1_32' title='bbox 2494 512 2590 567; x_wconf 75' lang='grc' dir='ltr'>καὶ</span> <span class='ocrx_word' id='word_1_33' title='bbox 2621 510 2770 580; x_wconf 83' lang='grc' dir='ltr'><strong>αὑτῷ</strong></span> <span class='ocrx_word' id='word_1_34' title='bbox 2788 507 2868 579; x_wconf 83' lang='grc' dir='ltr'><strong>τῷ</strong></span> <span class='ocrx_word' id='word_1_35' title='bbox 2894 508 3061 563; x_wconf 78' lang='grc' dir='ltr'>πάλαι</span> <span class='ocrx_word' id='word_1_36' title='bbox 3086 507 3318 577; x_wconf 79' lang='grc' dir='ltr'>φονῶντι</span> <span class='ocrx_word' id='word_1_37' title='bbox 3339 506 3433 560; x_wconf 74' lang='grc' dir='ltr'>καὶ</span> <span class='ocrx_word' id='word_1_38' title='bbox 3453 508 3777 578; x_wconf 78' lang='grc' dir='ltr'>ἀγριαίνοντι,</span> <span class='ocrx_word' id='word_1_39' title='bbox 3834 572 3839 577; x_wconf 90' lang='lat'><strong><em>_</em></strong></span> <span class='ocrx_word' id='word_1_40' title='bbox 3942 538 3949 565; x_wconf 84' lang='lat'>:</span> 
     </span>
    </p>
   </div>
   <div class='ocr_carea' id='block_1_7' title="bbox 540 597 2133 688">
    <p class='ocr_par' dir='ltr' id='par_1_7' title="bbox 540 615 2127 688">
     <span class='ocr_line' id='line_1_7' title="bbox 540 615 2127 688; baseline -0.005 -16"><span class='ocrx_word' id='word_1_41' title='bbox 540 626 847 688; x_wconf 86' lang='lat' dir='ltr'><strong>spontaneo</strong></span> <span class='ocrx_word' id='word_1_42' title='bbox 877 615 1282 687; x_wconf 88' lang='lat' dir='ltr'><strong>quodammodo</strong></span> <span class='ocrx_word' id='word_1_43' title='bbox 1308 615 1366 669; x_wconf 88' lang='lat' dir='ltr'><strong>in</strong></span> <span class='ocrx_word' id='word_1_44' title='bbox 1400 623 1656 669; x_wconf 91' lang='lat' dir='ltr'><strong>mutuum</strong></span> <span class='ocrx_word' id='word_1_45' title='bbox 1711 627 1961 667; x_wconf 81' lang='lat' dir='ltr'><strong>amorem</strong></span> <span class='ocrx_word' id='word_1_46' title='bbox 1990 624 2127 665; x_wconf 79' lang='lat' dir='ltr'><strong>con-</strong></span> 
     </span>
    </p>
   </div>
   <div class='ocr_carea' id='block_1_8' title="bbox 2186 597 3779 688">
    <p class='ocr_par' dir='ltr' id='par_1_8' title="bbox 2227 597 3779 671">
     <span class='ocr_line' id='line_1_8' title="bbox 2227 597 3779 671; baseline -0.005 -9"><span class='ocrx_word' id='word_1_47' title='bbox 2227 605 2507 662; x_wconf 83' lang='grc' dir='ltr'>τουτέστιν</span> <span class='ocrx_word' id='word_1_48' title='bbox 2531 599 2729 658; x_wconf 81' lang='grc' dir='ltr'>Ἠσαῦ.</span> <span class='ocrx_word' id='word_1_49' title='bbox 2750 600 3183 671; x_wconf 79' lang='grc' dir='ltr'>Κατησπάςοντο</span> <span class='ocrx_word' id='word_1_50' title='bbox 3203 598 3313 668; x_wconf 77' lang='grc' dir='ltr'>γὰρ</span> <span class='ocrx_word' id='word_1_51' title='bbox 3334 597 3605 668; x_wconf 78' lang='grc' dir='ltr'><strong>ἀλλήλους,</strong></span> <span class='ocrx_word' id='word_1_52' title='bbox 3630 618 3779 657; x_wconf 85' lang='grc' dir='ltr'>κατα-</span> 
     </span>
    </p>
   </div>
   <div class='ocr_carea' id='block_1_9' title="bbox 540 689 2133 779">
    <p class='ocr_par' dir='ltr' id='par_1_9' title="bbox 540 702 2131 779">
     <span class='ocr_line' id='line_1_9' title="bbox 540 702 2131 779; baseline -0.006 -14"><span class='ocrx_word' id='word_1_53' title='bbox 540 725 710 765; x_wconf 83' lang='lat' dir='ltr'><strong>cursu</strong></span> <span class='ocrx_word' id='word_1_54' title='bbox 745 709 1085 779; x_wconf 68' lang='lat' dir='ltr'><strong>praeteritum</strong></span> <span class='ocrx_word' id='word_1_55' title='bbox 1110 720 1408 763; x_wconf 67' lang='lat' dir='ltr'><strong>maerorem</strong></span> <span class='ocrx_word' id='word_1_56' title='bbox 1428 705 1806 760; x_wconf 84' lang='lat' dir='ltr'><strong>oblitterante.</strong></span> <span class='ocrx_word' id='word_1_57' title='bbox 1833 703 1895 758; x_wconf 88' lang='lat' dir='ltr'><strong>ln</strong></span> <span class='ocrx_word' id='word_1_58' title='bbox 1921 702 2009 756; x_wconf 87' lang='lat' dir='ltr'><strong>his</strong></span> <span class='ocrx_word' id='word_1_59' title='bbox 2030 702 2131 756; x_wconf 88' lang='lat' dir='ltr'><strong>ita-</strong></span> 
     </span>
    </p>
   </div>
   <div class='ocr_carea' id='block_1_10' title="bbox 2188 689 3781 779">
    <p class='ocr_par' dir='ltr' id='par_1_10' title="bbox 2229 689 3781 772">
     <span class='ocr_line' id='line_1_10' title="bbox 2229 689 3781 772; baseline -0.005 -19"><span class='ocrx_word' id='word_1_60' title='bbox 2229 697 2533 772; x_wconf 84' lang='grc' dir='ltr'>χωννύντες</span> <span class='ocrx_word' id='word_1_61' title='bbox 2554 695 2758 767; x_wconf 78' lang='grc' dir='ltr'>τρόπον</span> <span class='ocrx_word' id='word_1_62' title='bbox 2785 692 2908 747; x_wconf 83' lang='grc' dir='ltr'>τινὰ</span> <span class='ocrx_word' id='word_1_63' title='bbox 2937 694 3058 755; x_wconf 85' lang='grc' dir='ltr'>ταῖς</span> <span class='ocrx_word' id='word_1_64' title='bbox 3098 693 3180 754; x_wconf 84' lang='grc' dir='ltr'><strong>είς</strong></span> <span class='ocrx_word' id='word_1_65' title='bbox 3219 689 3562 762; x_wconf 81' lang='grc' dir='ltr'>φιλαλληλίαν</span> <span class='ocrx_word' id='word_1_66' title='bbox 3585 692 3781 764; x_wconf 86' lang='grc' dir='ltr'>συνδρο-</span> 
     </span>
    </p>
   </div>
   <div class='ocr_carea' id='block_1_11' title="bbox 539 783 2132 870">
    <p class='ocr_par' dir='ltr' id='par_1_11' title="bbox 539 793 2130 870">
     <span class='ocr_line' id='line_1_11' title="bbox 539 793 2130 870; baseline -0.003 -16"><span class='ocrx_word' id='word_1_67' title='bbox 539 815 648 870; x_wconf 90' lang='lat' dir='ltr'><strong>que</strong></span> <span class='ocrx_word' id='word_1_68' title='bbox 668 800 838 854; x_wconf 93' lang='lat' dir='ltr'><strong>totius</strong></span> <span class='ocrx_word' id='word_1_69' title='bbox 851 798 1097 853; x_wconf 75' lang='lat' dir='ltr'><strong>historia:</strong></span> <span class='ocrx_word' id='word_1_70' title='bbox 1114 811 1299 852; x_wconf 85' lang='lat' dir='ltr'><strong>sermo</strong></span> <span class='ocrx_word' id='word_1_71' title='bbox 1315 804 1402 852; x_wconf 89' lang='lat' dir='ltr'><strong>est</strong></span> <span class='ocrx_word' id='word_1_72' title='bbox 1412 805 1796 867; x_wconf 81' lang='lat' dir='ltr'><strong>consumptus.</strong></span> <span class='ocrx_word' id='word_1_73' title='bbox 1817 793 2130 849; x_wconf 77' lang='lat' dir='ltr'><strong>Meminisse</strong></span> 
     </span>
    </p>
   </div>
   <div class='ocr_carea' id='block_1_12' title="bbox 2189 783 3782 870">
    <p class='ocr_par' dir='ltr' id='par_1_12' title="bbox 2232 783 3782 864">
     <span class='ocr_line' id='line_1_12' title="bbox 2232 783 3782 864; baseline -0.004 -17"><span class='ocrx_word' id='word_1_74' title='bbox 2232 796 2383 864; x_wconf 90' lang='grc' dir='ltr'>μαῖς,</span> <span class='ocrx_word' id='word_1_75' title='bbox 2414 790 2516 861; x_wconf 79' lang='grc' dir='ltr'>τὴν</span> <span class='ocrx_word' id='word_1_76' title='bbox 2565 788 2661 842; x_wconf 74' lang='grc' dir='ltr'><strong>ἐπὶ</strong></span> <span class='ocrx_word' id='word_1_77' title='bbox 2692 789 2807 851; x_wconf 81' lang='grc' dir='ltr'>τοῖς</span> <span class='ocrx_word' id='word_1_78' title='bbox 2847 786 3085 856; x_wconf 82' lang='grc' dir='ltr'><strong>φθάσασι</strong></span> <span class='ocrx_word' id='word_1_79' title='bbox 3116 783 3440 854; x_wconf 79' lang='grc' dir='ltr'><strong>δυσθυμίαν.</strong></span> <span class='ocrx_word' id='word_1_80' title='bbox 3488 784 3573 838; x_wconf 86' lang='grc' dir='ltr'><strong>Ἐν</strong></span> <span class='ocrx_word' id='word_1_81' title='bbox 3597 785 3782 853; x_wconf 78' lang='grc' dir='ltr'><strong>τούτοις</strong></span> 
     </span>
    </p>
   </div>
   <div class='ocr_carea' id='block_1_13' title="bbox 542 876 2135 960">
    <p class='ocr_par' dir='ltr' id='par_1_13' title="bbox 542 884 2132 960">
     <span class='ocr_line' id='line_1_13' title="bbox 542 884 2132 960; baseline -0.004 -15"><span class='ocrx_word' id='word_1_82' title='bbox 542 906 672 945; x_wconf 90' lang='lat' dir='ltr'><strong>vero</strong></span> <span class='ocrx_word' id='word_1_83' title='bbox 698 896 936 960; x_wconf 87' lang='lat' dir='ltr'><strong>oportet,</strong></span> <span class='ocrx_word' id='word_1_84' title='bbox 964 889 1134 945; x_wconf 83' lang='lat' dir='ltr'><strong>Jacob</strong></span> <span class='ocrx_word' id='word_1_85' title='bbox 1168 888 1375 944; x_wconf 87' lang='lat' dir='ltr'><strong>Christi</strong></span> <span class='ocrx_word' id='word_1_86' title='bbox 1418 904 1712 959; x_wconf 80' lang='lat' dir='ltr'><strong>personam</strong></span> <span class='ocrx_word' id='word_1_87' title='bbox 1754 903 1785 942; x_wconf 89' lang='lat' dir='ltr'><strong>a</strong></span> <span class='ocrx_word' id='word_1_88' title='bbox 1834 886 1997 941; x_wconf 89' lang='lat' dir='ltr'><strong>nobis</strong></span> <span class='ocrx_word' id='word_1_89' title='bbox 2033 884 2132 939; x_wconf 79' lang='lat' dir='ltr'><strong>tri-</strong></span> 
     </span>
    </p>
   </div>
   <div class='ocr_carea' id='block_1_14' title="bbox 2191 876 3784 960">
    <p class='ocr_par' dir='ltr' id='par_1_14' title="bbox 2233 876 3784 957">
     <span class='ocr_line' id='line_1_14' title="bbox 2233 876 3784 957; baseline -0.012 -18"><span class='ocrx_word' id='word_1_90' title='bbox 2233 885 2333 957; x_wconf 79' lang='grc' dir='ltr'>μὲν</span> <span class='ocrx_word' id='word_1_91' title='bbox 2357 886 2386 938; x_wconf 92' lang='lat'><strong>6</strong></span> <span class='ocrx_word' id='word_1_92' title='bbox 2424 883 2647 953; x_wconf 83' lang='grc' dir='ltr'><strong>σύμπας</strong></span> <span class='ocrx_word' id='word_1_93' title='bbox 2670 880 2770 949; x_wconf 80' lang='grc' dir='ltr'>τῆς</span> <span class='ocrx_word' id='word_1_94' title='bbox 2808 878 3050 949; x_wconf 81' lang='grc' dir='ltr'><strong>ἱστορίας</strong></span> <span class='ocrx_word' id='word_1_95' title='bbox 3084 876 3456 948; x_wconf 79' lang='grc' dir='ltr'><strong>διεπεραίνετο</strong></span> <span class='ocrx_word' id='word_1_96' title='bbox 3499 876 3665 946; x_wconf 82' lang='grc' dir='ltr'><strong>λόγος,</strong></span> <span class='ocrx_word' id='word_1_97' title='bbox 3702 896 3784 950; x_wconf 80' lang='grc' dir='ltr'>με-</span> 
     </span>
    </p>
   </div>
   <div class='ocr_carea' id='block_1_15' title="bbox 543 966 2136 1053">
    <p class='ocr_par' dir='ltr' id='par_1_15' title="bbox 543 979 2132 1053">
     <span class='ocr_line' id='line_1_15' title="bbox 543 979 2132 1053; baseline -0.004 -16"><span class='ocrx_word' id='word_1_98' title='bbox 543 983 729 1037; x_wconf 80' lang='lat' dir='ltr'><strong>butam</strong></span> <span class='ocrx_word' id='word_1_99' title='bbox 763 996 905 1047; x_wconf 89' lang='lat' dir='ltr'><strong>esse,</strong></span> <span class='ocrx_word' id='word_1_100' title='bbox 958 997 1360 1053; x_wconf 83' lang='lat' dir='ltr'><strong>nonnunquam</strong></span> <span class='ocrx_word' id='word_1_101' title='bbox 1408 981 1580 1037; x_wconf 88' lang='lat' dir='ltr'><strong>etiam</strong></span> <span class='ocrx_word' id='word_1_102' title='bbox 1630 995 1825 1036; x_wconf 85' lang='lat' dir='ltr'><strong>eorum</strong></span> <span class='ocrx_word' id='word_1_103' title='bbox 1882 979 1979 1049; x_wconf 86' lang='lat' dir='ltr'><strong>qui</strong></span> <span class='ocrx_word' id='word_1_104' title='bbox 2034 993 2132 1048; x_wconf 91' lang='lat' dir='ltr'><strong>per</strong></span> 
     </span>
    </p>
   </div>
   <div class='ocr_carea' id='block_1_16' title="bbox 2190 966 3783 1053">
    <p class='ocr_par' dir='ltr' id='par_1_16' title="bbox 2234 966 3783 1050">
     <span class='ocr_line' id='line_1_16' title="bbox 2234 966 3783 1050; baseline -0.005 -19"><span class='ocrx_word' id='word_1_105' title='bbox 2234 975 2488 1050; x_wconf 85' lang='grc' dir='ltr'>μνήμεθα</span> <span class='ocrx_word' id='word_1_106' title='bbox 2522 975 2579 1028; x_wconf 79' lang='grc' dir='ltr'>δὲ</span> <span class='ocrx_word' id='word_1_107' title='bbox 2615 974 2710 1027; x_wconf 76' lang='grc' dir='ltr'>καὶ</span> <span class='ocrx_word' id='word_1_108' title='bbox 2756 974 2917 1042; x_wconf 77' lang='grc' dir='ltr'>ἡμεῖς</span> <span class='ocrx_word' id='word_1_109' title='bbox 2947 969 3027 1041; x_wconf 83' lang='grc' dir='ltr'><strong>τῷ</strong></span> <span class='ocrx_word' id='word_1_110' title='bbox 3062 969 3161 1041; x_wconf 81' lang='grc' dir='ltr'>μὲν</span> <span class='ocrx_word' id='word_1_111' title='bbox 3208 966 3401 1023; x_wconf 76' lang='grc' dir='ltr'>Ἰακὼϐ</span> <span class='ocrx_word' id='word_1_112' title='bbox 3440 967 3500 1021; x_wconf 79' lang='grc' dir='ltr'>τὸ</span> <span class='ocrx_word' id='word_1_113' title='bbox 3525 969 3677 1022; x_wconf 80' lang='grc' dir='ltr'>αὑτοῦ</span> <span class='ocrx_word' id='word_1_114' title='bbox 3704 970 3783 1024; x_wconf 84' lang='grc' dir='ltr'>τοῦ</span> 
     </span>
    </p>
   </div>
   <div class='ocr_carea' id='block_1_17' title="bbox 542 1060 2135 1144">
    <p class='ocr_par' dir='ltr' id='par_1_17' title="bbox 542 1070 2131 1144">
     <span class='ocr_line' id='line_1_17' title="bbox 542 1070 2131 1144; baseline -0.001 -18"><span class='ocrx_word' id='word_1_115' title='bbox 542 1074 1012 1144; x_wconf 83' lang='lat' dir='ltr'><strong>ﬁdemjustiﬁcati</strong></span> <span class='ocrx_word' id='word_1_116' title='bbox 1074 1081 1222 1128; x_wconf 89' lang='lat' dir='ltr'><strong>sunt.</strong></span> <span class='ocrx_word' id='word_1_117' title='bbox 1280 1073 1425 1128; x_wconf 85' lang='lat' dir='ltr'><strong>Esau</strong></span> <span class='ocrx_word' id='word_1_118' title='bbox 1459 1082 1646 1128; x_wconf 90' lang='lat' dir='ltr'><strong>autem</strong></span> <span class='ocrx_word' id='word_1_119' title='bbox 1692 1072 1956 1142; x_wconf 86' lang='lat' dir='ltr'><strong>populum</strong></span> <span class='ocrx_word' id='word_1_120' title='bbox 2020 1070 2131 1125; x_wconf 89' lang='lat' dir='ltr'><strong>cir-</strong></span> 
     </span>
    </p>
   </div>
   <div class='ocr_carea' id='block_1_18' title="bbox 2192 1060 3785 1144">
    <p class='ocr_par' dir='ltr' id='par_1_18' title="bbox 2228 1060 3785 1143">
     <span class='ocr_line' id='line_1_18' title="bbox 2228 1060 3785 1143; baseline -0.006 -17"><span class='ocrx_word' id='word_1_121' title='bbox 2228 1068 2469 1143; x_wconf 82' lang='grc' dir='ltr'>Χριστοῦ</span> <span class='ocrx_word' id='word_1_122' title='bbox 2495 1066 2807 1138; x_wconf 83' lang='grc' dir='ltr'>περιθέντες</span> <span class='ocrx_word' id='word_1_123' title='bbox 2837 1063 3148 1135; x_wconf 72' lang='grc' dir='ltr'>πρόσωπον,</span> <span class='ocrx_word' id='word_1_124' title='bbox 3190 1062 3272 1124; x_wconf 87' lang='grc' dir='ltr'><strong>είς</strong></span> <span class='ocrx_word' id='word_1_125' title='bbox 3299 1060 3356 1113; x_wconf 83' lang='grc' dir='ltr'><strong>δέ</strong></span> <span class='ocrx_word' id='word_1_126' title='bbox 3375 1077 3475 1114; x_wconf 88' lang='grc' dir='ltr'><strong>που</strong></span> <span class='ocrx_word' id='word_1_127' title='bbox 3506 1062 3596 1114; x_wconf 80' lang='grc' dir='ltr'>καὶ</span> <span class='ocrx_word' id='word_1_128' title='bbox 3613 1061 3669 1114; x_wconf 84' lang='grc' dir='ltr'>τὸ</span> <span class='ocrx_word' id='word_1_129' title='bbox 3693 1062 3785 1117; x_wconf 82' lang='grc' dir='ltr'><strong>τῶν</strong></span> 
     </span>
    </p>
   </div>
   <div class='ocr_carea' id='block_1_19' title="bbox 540 1149 2133 1235">
    <p class='ocr_par' dir='ltr' id='par_1_19' title="bbox 540 1162 2133 1235">
     <span class='ocr_line' id='line_1_19' title="bbox 540 1162 2133 1235; baseline -0.002 -16"><span class='ocrx_word' id='word_1_130' title='bbox 540 1165 845 1219; x_wconf 84' lang='lat' dir='ltr'><strong>cumcisum</strong></span> <span class='ocrx_word' id='word_1_131' title='bbox 866 1171 923 1217; x_wconf 90' lang='lat' dir='ltr'><strong>et</strong></span> <span class='ocrx_word' id='word_1_132' title='bbox 972 1163 1077 1219; x_wconf 88' lang='lat' dir='ltr'><strong>sub</strong></span> <span class='ocrx_word' id='word_1_133' title='bbox 1123 1163 1242 1235; x_wconf 89' lang='lat' dir='ltr'><strong>lege</strong></span> <span class='ocrx_word' id='word_1_134' title='bbox 1267 1180 1380 1234; x_wconf 71' lang='lat' dir='ltr'><strong>prae</strong></span> <span class='ocrx_word' id='word_1_135' title='bbox 1408 1179 1468 1219; x_wconf 87' lang='lat' dir='ltr'><strong>se</strong></span> <span class='ocrx_word' id='word_1_136' title='bbox 1487 1163 1635 1219; x_wconf 83' lang='lat' dir='ltr'><strong>ferre</strong></span> <span class='ocrx_word' id='word_1_137' title='bbox 1663 1162 1904 1221; x_wconf 79' lang='lat' dir='ltr'><strong>diximus</strong></span> <span class='ocrx_word' id='word_1_138' title='bbox 1930 1176 1942 1214; x_wconf 91' lang='lat'><strong>:</strong></span> <span class='ocrx_word' id='word_1_139' title='bbox 1966 1162 2133 1232; x_wconf 85' lang='lat' dir='ltr'><strong>idque</strong></span> 
     </span>
    </p>
   </div>
   <div class='ocr_carea' id='block_1_20' title="bbox 2191 1149 3784 1235">
    <p class='ocr_par' dir='ltr' id='par_1_20' title="bbox 2231 1149 3784 1224">
     <span class='ocr_line' id='line_1_20' title="bbox 2231 1149 3784 1224; baseline -0.008 -8"><span class='ocrx_word' id='word_1_140' title='bbox 2231 1163 2290 1216; x_wconf 69' lang='grc' dir='ltr'>ὲν</span> <span class='ocrx_word' id='word_1_141' title='bbox 2313 1160 2489 1215; x_wconf 79' lang='grc' dir='ltr'>πίστει</span> <span class='ocrx_word' id='word_1_142' title='bbox 2508 1154 2967 1224; x_wconf 87' lang='grc' dir='ltr'>δεδικαιωμένων.</span> <span class='ocrx_word' id='word_1_143' title='bbox 2994 1152 3098 1205; x_wconf 75' lang='grc' dir='ltr'><strong>Τὸν</strong></span> <span class='ocrx_word' id='word_1_144' title='bbox 3130 1150 3188 1205; x_wconf 79' lang='grc' dir='ltr'><strong>δέ</strong></span> <span class='ocrx_word' id='word_1_145' title='bbox 3212 1166 3277 1219; x_wconf 83' lang='grc' dir='ltr'><strong>γε</strong></span> <span class='ocrx_word' id='word_1_146' title='bbox 3318 1149 3487 1204; x_wconf 83' lang='grc' dir='ltr'>Ἡσαῦ</span> <span class='ocrx_word' id='word_1_147' title='bbox 3507 1150 3784 1204; x_wconf 73' lang='grc' dir='ltr'>ἀνατυπςῦν</span> 
     </span>
    </p>
   </div>
   <div class='ocr_carea' id='block_1_21' title="bbox 540 1241 2133 1324">
    <p class='ocr_par' dir='ltr' id='par_1_21' title="bbox 540 1252 2133 1324">
     <span class='ocr_line' id='line_1_21' title="bbox 540 1252 2133 1324; baseline 0.001 -18"><span class='ocrx_word' id='word_1_148' title='bbox 540 1252 836 1324; x_wconf 66' lang='lat' dir='ltr'><strong>praecipue,</strong></span> <span class='ocrx_word' id='word_1_149' title='bbox 859 1253 990 1323; x_wconf 90' lang='lat' dir='ltr'><strong>quia</strong></span> <span class='ocrx_word' id='word_1_150' title='bbox 1028 1253 1415 1309; x_wconf 85' lang='lat' dir='ltr'><strong>universorum</strong></span> <span class='ocrx_word' id='word_1_151' title='bbox 1468 1253 1735 1308; x_wconf 88' lang='lat' dir='ltr'><strong>Dominus</strong></span> <span class='ocrx_word' id='word_1_152' title='bbox 1784 1253 1950 1317; x_wconf 86' lang='lat' dir='ltr'><strong>Deus,</strong></span> <span class='ocrx_word' id='word_1_153' title='bbox 2005 1268 2133 1307; x_wconf 89' lang='lat' dir='ltr'><strong>cum</strong></span> 
     </span>
    </p>
   </div>
   <div class='ocr_carea' id='block_1_22' title="bbox 2193 1241 3786 1324">
    <p class='ocr_par' dir='ltr' id='par_1_22' title="bbox 2232 1241 3786 1324">
     <span class='ocr_line' id='line_1_22' title="bbox 2232 1241 3786 1324; baseline -0.01 -15"><span class='ocrx_word' id='word_1_154' title='bbox 2232 1246 2559 1324; x_wconf 73' lang='grc' dir='ltr'>ἔφαμενἐφ⁹</span> <span class='ocrx_word' id='word_1_155' title='bbox 2608 1246 2788 1318; x_wconf 75' lang='grc' dir='ltr'>ἑαυτῷ</span> <span class='ocrx_word' id='word_1_156' title='bbox 2834 1246 2927 1300; x_wconf 80' lang='grc' dir='ltr'>τὸν</span> <span class='ocrx_word' id='word_1_157' title='bbox 2962 1246 3027 1298; x_wconf 79' lang='grc' dir='ltr'>ὲκ</span> <span class='ocrx_word' id='word_1_158' title='bbox 3078 1241 3379 1313; x_wconf 79' lang='grc' dir='ltr'>περιτομῆς</span> <span class='ocrx_word' id='word_1_159' title='bbox 3421 1242 3514 1294; x_wconf 76' lang='grc' dir='ltr'>καὶ</span> <span class='ocrx_word' id='word_1_160' title='bbox 3558 1243 3612 1294; x_wconf 71' lang='grc' dir='ltr'>ὲν</span> <span class='ocrx_word' id='word_1_161' title='bbox 3657 1241 3786 1314; x_wconf 81' lang='grc' dir='ltr'>νόμῳ</span> 
     </span>
    </p>
   </div>
   <div class='ocr_carea' id='block_1_23' title="bbox 541 1333 2134 1414">
    <p class='ocr_par' dir='ltr' id='par_1_23' title="bbox 541 1341 2128 1414">
     <span class='ocr_line' id='line_1_23' title="bbox 541 1341 2128 1414; baseline -0.001 -16"><span class='ocrx_word' id='word_1_162' title='bbox 541 1344 723 1399; x_wconf 88' lang='lat' dir='ltr'><strong>adhuc</strong></span> <span class='ocrx_word' id='word_1_163' title='bbox 742 1350 902 1398; x_wconf 86' lang='lat' dir='ltr'><strong>utero</strong></span> <span class='ocrx_word' id='word_1_164' title='bbox 925 1349 1166 1413; x_wconf 79' lang='lat' dir='ltr'><strong>gestaret</strong></span> <span class='ocrx_word' id='word_1_165' title='bbox 1187 1343 1452 1414; x_wconf 86' lang='lat' dir='ltr'><strong>gemellos</strong></span> <span class='ocrx_word' id='word_1_166' title='bbox 1474 1342 1747 1409; x_wconf 80' lang='lat' dir='ltr'><strong>Rebecca,</strong></span> <span class='ocrx_word' id='word_1_167' title='bbox 1779 1341 1860 1396; x_wconf 91' lang='lat' dir='ltr'><strong>illi</strong></span> <span class='ocrx_word' id='word_1_168' title='bbox 1887 1342 2071 1412; x_wconf 88' lang='lat' dir='ltr'><strong>inquit</strong></span> <span class='ocrx_word' id='word_1_169' title='bbox 2115 1359 2128 1397; x_wconf 92' lang='lat'><strong>:</strong></span> 
     </span>
    </p>
   </div>
   <div class='ocr_carea' id='block_1_24' title="bbox 2192 1333 3785 1414">
    <p class='ocr_par' dir='ltr' id='par_1_24' title="bbox 2232 1333 3785 1414">
     <span class='ocr_line' id='line_1_24' title="bbox 2232 1333 3785 1414; baseline -0.008 -15"><span class='ocrx_word' id='word_1_170' title='bbox 2232 1346 2360 1401; x_wconf 88' lang='grc' dir='ltr'>λαόν</span> <span class='ocrx_word' id='word_1_171' title='bbox 2380 1361 2395 1376; x_wconf 76' lang='grc' dir='ltr'><strong>ο</strong></span> <span class='ocrx_word' id='word_1_172' title='bbox 2421 1341 2635 1414; x_wconf 81' lang='grc' dir='ltr'>μάλισθ’</span> <span class='ocrx_word' id='word_1_173' title='bbox 2660 1342 2743 1395; x_wconf 82' lang='grc' dir='ltr'>ὅτι</span> <span class='ocrx_word' id='word_1_174' title='bbox 2775 1338 2869 1393; x_wconf 72' lang='grc' dir='ltr'>καὶ</span> <span class='ocrx_word' id='word_1_175' title='bbox 2896 1337 3059 1401; x_wconf 82' lang='grc' dir='ltr'>αὐτὸς</span> <span class='ocrx_word' id='word_1_176' title='bbox 3090 1337 3121 1389; x_wconf 88' lang='grc' dir='ltr'><strong>ό</strong></span> <span class='ocrx_word' id='word_1_177' title='bbox 3147 1334 3367 1389; x_wconf 78' lang='grc' dir='ltr'>πάντων</span> <span class='ocrx_word' id='word_1_178' title='bbox 3392 1334 3655 1403; x_wconf 74' lang='grc' dir='ltr'><strong>Δεσπότης</strong></span> <span class='ocrx_word' id='word_1_179' title='bbox 3671 1333 3785 1398; x_wconf 78' lang='grc' dir='ltr'>Θεὸς</span> 
     </span>
    </p>
   </div>
   <div class='ocr_carea' id='block_1_25' title="bbox 551 1425 2144 1508">
    <p class='ocr_par' dir='ltr' id='par_1_25' title="bbox 551 1436 2133 1508">
     <span class='ocr_line' id='line_1_25' title="bbox 551 1436 2133 1508; baseline 0.001 -19"><span class='ocrx_word' id='word_1_180' title='bbox 551 1457 570 1489; x_wconf 76' lang='grc' dir='ltr'><strong>ι</strong></span> <span class='ocrx_word' id='word_1_181' title='bbox 608 1437 740 1493; x_wconf 71' lang='grc' dir='ltr'><strong>Ι)υώ</strong></span> <span class='ocrx_word' id='word_1_182' title='bbox 769 1443 983 1507; x_wconf 82' lang='lat' dir='ltr'><strong>gentes,</strong></span> <span class='ocrx_word' id='word_1_183' title='bbox 1018 1444 1077 1492; x_wconf 93' lang='lat' dir='ltr'><strong>et</strong></span> <span class='ocrx_word' id='word_1_184' title='bbox 1099 1437 1210 1492; x_wconf 90' lang='lat' dir='ltr'><strong>duo</strong></span> <span class='ocrx_word' id='word_1_185' title='bbox 1250 1437 1440 1508; x_wconf 90' lang='lat' dir='ltr'><strong>populi</strong></span> <span class='ocrx_word' id='word_1_186' title='bbox 1483 1443 1763 1493; x_wconf 82' lang='lat' dir='ltr'><strong>exventre</strong></span> <span class='ocrx_word' id='word_1_187' title='bbox 1816 1444 1912 1492; x_wconf 92' lang='lat' dir='ltr'><strong>tuo</strong></span> <span class='ocrx_word' id='word_1_188' title='bbox 1943 1436 2133 1492; x_wconf 88' lang='lat' dir='ltr'><strong>orien-</strong></span> 
     </span>
    </p>
   </div>
   <div class='ocr_carea' id='block_1_26' title="bbox 2193 1425 3786 1508">
    <p class='ocr_par' dir='ltr' id='par_1_26' title="bbox 2235 1425 3786 1505">
     <span class='ocr_line' id='line_1_26' title="bbox 2235 1425 3786 1505; baseline -0.009 -12"><span class='ocrx_word' id='word_1_189' title='bbox 2235 1440 2293 1493; x_wconf 79' lang='grc' dir='ltr'>ἑν</span> <span class='ocrx_word' id='word_1_190' title='bbox 2319 1437 2506 1491; x_wconf 81' lang='grc' dir='ltr'>ὠδῖσιν</span> <span class='ocrx_word' id='word_1_191' title='bbox 2552 1434 2634 1489; x_wconf 69' lang='grc' dir='ltr'>ἔτι</span> <span class='ocrx_word' id='word_1_192' title='bbox 2664 1432 2764 1505; x_wconf 81' lang='grc' dir='ltr'>τὴν</span> <span class='ocrx_word' id='word_1_193' title='bbox 2795 1430 2905 1485; x_wconf 87' lang='grc' dir='ltr'><strong>τῶν</strong></span> <span class='ocrx_word' id='word_1_194' title='bbox 2947 1428 3247 1484; x_wconf 79' lang='grc' dir='ltr'>νεανίσκων</span> <span class='ocrx_word' id='word_1_195' title='bbox 3290 1425 3487 1498; x_wconf 74' lang='grc' dir='ltr'>ἐχούσῃ</span> <span class='ocrx_word' id='word_1_196' title='bbox 3523 1426 3698 1489; x_wconf 80' lang='grc' dir='ltr'>δυάδα,</span> <span class='ocrx_word' id='word_1_197' title='bbox 3729 1428 3786 1498; x_wconf 79' lang='grc' dir='ltr'>τῇ</span> 
     </span>
    </p>
   </div>
   <div class='ocr_carea' id='block_1_27' title="bbox 546 1516 2139 1599">
    <p class='ocr_par' dir='ltr' id='par_1_27' title="bbox 546 1527 2136 1599">
     <span class='ocr_line' id='line_1_27' title="bbox 546 1527 2136 1599; baseline 0.001 -17"><span class='ocrx_word' id='word_1_198' title='bbox 546 1536 655 1592; x_wconf 92' lang='lat' dir='ltr'><strong>tur,</strong></span> <span class='ocrx_word' id='word_1_199' title='bbox 683 1536 740 1582; x_wconf 92' lang='lat' dir='ltr'><strong>et</strong></span> <span class='ocrx_word' id='word_1_200' title='bbox 770 1528 1006 1597; x_wconf 88' lang='lat' dir='ltr'><strong>populus</strong></span> <span class='ocrx_word' id='word_1_201' title='bbox 1025 1527 1290 1597; x_wconf 89' lang='lat' dir='ltr'><strong>populum</strong></span> <span class='ocrx_word' id='word_1_202' title='bbox 1313 1527 1619 1599; x_wconf 84' lang='lat' dir='ltr'><strong>superabit,</strong></span> <span class='ocrx_word' id='word_1_203' title='bbox 1648 1535 1705 1583; x_wconf 91' lang='lat' dir='ltr'><strong>et</strong></span> <span class='ocrx_word' id='word_1_204' title='bbox 1728 1527 1904 1599; x_wconf 86' lang='lat' dir='ltr'><strong>major</strong></span> <span class='ocrx_word' id='word_1_205' title='bbox 1928 1527 2136 1583; x_wconf 79' lang='lat' dir='ltr'><strong>serviet</strong></span> 
     </span>
    </p>
   </div>
   <div class='ocr_carea' id='block_1_28' title="bbox 2192 1516 3785 1599">
    <p class='ocr_par' dir='ltr' id='par_1_28' title="bbox 2246 1516 3785 1597">
     <span class='ocr_line' id='line_1_28' title="bbox 2246 1516 3785 1597; baseline -0.009 -15"><span class='ocrx_word' id='word_1_206' title='bbox 2246 1527 2515 1597; x_wconf 71' lang='grc' dir='ltr'>Ῥεϐέκκα</span> <span class='ocrx_word' id='word_1_207' title='bbox 2539 1524 2707 1596; x_wconf 82' lang='grc' dir='ltr'>φησί·</span> <span class='ocrx_word' id='word_1_208' title='bbox 2753 1542 2772 1576; x_wconf 84' lang='grc' dir='ltr'><strong>ι</strong></span> <span class='ocrx_word' id='word_1_209' title='bbox 2801 1521 2906 1575; x_wconf 83' lang='grc' dir='ltr'><strong>Δύο</strong></span> <span class='ocrx_word' id='word_1_210' title='bbox 2942 1520 3069 1591; x_wconf 76' lang='grc' dir='ltr'>ἔθνη</span> <span class='ocrx_word' id='word_1_211' title='bbox 3102 1521 3196 1574; x_wconf 88' lang='grc' dir='ltr'><strong>καί</strong></span> <span class='ocrx_word' id='word_1_212' title='bbox 3230 1519 3325 1572; x_wconf 80' lang='grc' dir='ltr'>δύο</span> <span class='ocrx_word' id='word_1_213' title='bbox 3361 1517 3477 1570; x_wconf 78' lang='grc' dir='ltr'>λαοὶ</span> <span class='ocrx_word' id='word_1_214' title='bbox 3506 1518 3567 1571; x_wconf 79' lang='grc' dir='ltr'>ἐκ</span> <span class='ocrx_word' id='word_1_215' title='bbox 3608 1516 3785 1581; x_wconf 76' lang='grc' dir='ltr'>κοιλίας</span> 
     </span>
    </p>
   </div>
   <div class='ocr_carea' id='block_1_29' title="bbox 543 1609 2136 1689">
    <p class='ocr_par' dir='ltr' id='par_1_29' title="bbox 543 1616 2134 1689">
     <span class='ocr_line' id='line_1_29' title="bbox 543 1616 2134 1689; baseline -0.002 -14"><span class='ocrx_word' id='word_1_216' title='bbox 543 1618 747 1675; x_wconf 90' lang='lat' dir='ltr'><strong>minori</strong></span> <span class='ocrx_word' id='word_1_217' title='bbox 768 1616 837 1674; x_wconf 73' lang='grc'><strong>⁷⁸.</strong></span> <span class='ocrx_word' id='word_1_218' title='bbox 861 1637 880 1670; x_wconf 74' lang='grc' dir='ltr'><strong>ι</strong></span> <span class='ocrx_word' id='word_1_219' title='bbox 919 1617 1077 1684; x_wconf 86' lang='lat' dir='ltr'><strong>Quod</strong></span> <span class='ocrx_word' id='word_1_220' title='bbox 1097 1618 1320 1689; x_wconf 87' lang='lat' dir='ltr'><strong>quidem</strong></span> <span class='ocrx_word' id='word_1_221' title='bbox 1352 1617 1662 1688; x_wconf 81' lang='lat' dir='ltr'><strong>perfectum</strong></span> <span class='ocrx_word' id='word_1_222' title='bbox 1694 1626 1780 1674; x_wconf 90' lang='lat' dir='ltr'><strong>est</strong></span> <span class='ocrx_word' id='word_1_223' title='bbox 1834 1634 1935 1688; x_wconf 90' lang='lat' dir='ltr'><strong>per</strong></span> <span class='ocrx_word' id='word_1_224' title='bbox 1969 1617 2134 1674; x_wconf 86' lang='lat' dir='ltr'><strong>Chri-</strong></span> 
     </span>
    </p>
   </div>
   <div class='ocr_carea' id='block_1_30' title="bbox 2194 1609 3787 1689">
    <p class='ocr_par' dir='ltr' id='par_1_30' title="bbox 2238 1609 3787 1689">
     <span class='ocr_line' id='line_1_30' title="bbox 2238 1609 3787 1689; baseline -0.008 -14"><span class='ocrx_word' id='word_1_225' title='bbox 2238 1638 2332 1677; x_wconf 92' lang='grc' dir='ltr'><strong>σου</strong></span> <span class='ocrx_word' id='word_1_226' title='bbox 2370 1617 2854 1689; x_wconf 82' lang='grc' dir='ltr'>διασταλήσονται,</span> <span class='ocrx_word' id='word_1_227' title='bbox 2910 1615 3006 1669; x_wconf 75' lang='grc' dir='ltr'>καὶ</span> <span class='ocrx_word' id='word_1_228' title='bbox 3065 1611 3193 1676; x_wconf 82' lang='grc' dir='ltr'>λαὸς</span> <span class='ocrx_word' id='word_1_229' title='bbox 3241 1610 3373 1665; x_wconf 78' lang='grc' dir='ltr'>λαοῦ</span> <span class='ocrx_word' id='word_1_230' title='bbox 3415 1609 3674 1681; x_wconf 78' lang='grc' dir='ltr'>ὑπερέξει,</span> <span class='ocrx_word' id='word_1_231' title='bbox 3708 1609 3787 1663; x_wconf 81' lang='grc' dir='ltr'>καὶ</span> 
     </span>
    </p>
   </div>
   <div class='ocr_carea' id='block_1_31' title="bbox 544 1701 2137 1786">
    <p class='ocr_par' dir='ltr' id='par_1_31' title="bbox 544 1709 2137 1781">
     <span class='ocr_line' id='line_1_31' title="bbox 544 1709 2137 1781; baseline 0.001 -16"><span class='ocrx_word' id='word_1_232' title='bbox 544 1719 710 1766; x_wconf 84' lang='lat' dir='ltr'><strong>stum.</strong></span> <span class='ocrx_word' id='word_1_233' title='bbox 737 1709 903 1765; x_wconf 87' lang='lat' dir='ltr'><strong>Primi</strong></span> <span class='ocrx_word' id='word_1_234' title='bbox 930 1711 1078 1765; x_wconf 88' lang='lat' dir='ltr'><strong>enim</strong></span> <span class='ocrx_word' id='word_1_235' title='bbox 1123 1710 1457 1767; x_wconf 79' lang='lat' dir='ltr'><strong>exsistentes</strong></span> <span class='ocrx_word' id='word_1_236' title='bbox 1490 1711 1757 1781; x_wconf 87' lang='lat' dir='ltr'><strong>temporis</strong></span> <span class='ocrx_word' id='word_1_237' title='bbox 1806 1711 2021 1766; x_wconf 88' lang='lat' dir='ltr'><strong>ratione</strong></span> <span class='ocrx_word' id='word_1_238' title='bbox 2058 1711 2137 1766; x_wconf 84' lang='lat' dir='ltr'><strong>ls-</strong></span> 
     </span>
    </p>
   </div>
   <div class='ocr_carea' id='block_1_32' title="bbox 2189 1701 3782 1786">
    <p class='ocr_par' dir='ltr' id='par_1_32' title="bbox 2236 1701 3782 1786">
     <span class='ocr_line' id='line_1_32' title="bbox 2236 1701 3782 1786; baseline -0.01 -17"><span class='ocrx_word' id='word_1_239' title='bbox 2236 1716 2266 1769; x_wconf 84' lang='lat'><strong>6</strong></span> <span class='ocrx_word' id='word_1_240' title='bbox 2300 1714 2503 1786; x_wconf 76' lang='grc' dir='ltr'>μείζων</span> <span class='ocrx_word' id='word_1_241' title='bbox 2524 1710 2802 1765; x_wconf 78' lang='grc' dir='ltr'>δουλεύσει</span> <span class='ocrx_word' id='word_1_242' title='bbox 2821 1707 2900 1780; x_wconf 80' lang='grc' dir='ltr'>τῷ</span> <span class='ocrx_word' id='word_1_243' title='bbox 2926 1707 3194 1762; x_wconf 72' lang='grc' dir='ltr'>ἐλάσσονι.</span> <span class='ocrx_word' id='word_1_244' title='bbox 3226 1725 3247 1760; x_wconf 74' lang='grc' dir='ltr'><strong>ι</strong></span> <span class='ocrx_word' id='word_1_245' title='bbox 3291 1706 3359 1758; x_wconf 80' lang='grc' dir='ltr'>Ὀ</span> <span class='ocrx_word' id='word_1_246' title='bbox 3386 1704 3451 1775; x_wconf 87' lang='grc' dir='ltr'>δὴ</span> <span class='ocrx_word' id='word_1_247' title='bbox 3481 1705 3574 1758; x_wconf 69' lang='grc' dir='ltr'>καὶ</span> <span class='ocrx_word' id='word_1_248' title='bbox 3604 1701 3782 1756; x_wconf 85' lang='grc' dir='ltr'>τετέλε-</span> 
     </span>
    </p>
   </div>
   <div class='ocr_carea' id='block_1_33' title="bbox 546 1786 2139 1876">
    <p class='ocr_par' dir='ltr' id='par_1_33' title="bbox 546 1802 2135 1876">
     <span class='ocr_line' id='line_1_33' title="bbox 546 1802 2135 1876; baseline 0.001 -18"><span class='ocrx_word' id='word_1_249' title='bbox 546 1803 773 1867; x_wconf 70' lang='lat' dir='ltr'><strong>raelitze,</strong></span> <span class='ocrx_word' id='word_1_250' title='bbox 834 1802 1069 1873; x_wconf 86' lang='lat' dir='ltr'><strong>ideoque</strong></span> <span class='ocrx_word' id='word_1_251' title='bbox 1121 1804 1303 1859; x_wconf 79' lang='lat' dir='ltr'><strong>vocati</strong></span> <span class='ocrx_word' id='word_1_252' title='bbox 1353 1803 1731 1876; x_wconf 89' lang='lat' dir='ltr'><strong>primogeniti,</strong></span> <span class='ocrx_word' id='word_1_253' title='bbox 1801 1804 2135 1874; x_wconf 84' lang='lat' dir='ltr'><strong>posteriores</strong></span> 
     </span>
    </p>
   </div>
   <div class='ocr_carea' id='block_1_34' title="bbox 2192 1786 3785 1876">
    <p class='ocr_par' dir='ltr' id='par_1_34' title="bbox 2192 1786 3785 1876">
     <span class='ocr_line' id='line_1_34' title="bbox 2192 1786 3785 1876; baseline -0.009 -15"><span class='ocrx_word' id='word_1_254' title='bbox 2192 1786 2211 1840; x_wconf 54' lang='grc' dir='ltr'><strong>δ</strong></span> <span class='ocrx_word' id='word_1_255' title='bbox 2241 1822 2363 1861; x_wconf 90' lang='grc' dir='ltr'>σται</span> <span class='ocrx_word' id='word_1_256' title='bbox 2385 1805 2473 1859; x_wconf 83' lang='grc' dir='ltr'>διὰ</span> <span class='ocrx_word' id='word_1_257' title='bbox 2494 1802 2753 1876; x_wconf 76' lang='grc' dir='ltr'>Χριστοῦ.</span> <span class='ocrx_word' id='word_1_258' title='bbox 2777 1800 2990 1873; x_wconf 84' lang='grc' dir='ltr'>Πρῶτοι</span> <span class='ocrx_word' id='word_1_259' title='bbox 3015 1799 3124 1870; x_wconf 83' lang='grc' dir='ltr'>γὰρ</span> <span class='ocrx_word' id='word_1_260' title='bbox 3151 1798 3305 1862; x_wconf 75' lang='grc' dir='ltr'>ὄντες</span> <span class='ocrx_word' id='word_1_261' title='bbox 3340 1799 3415 1860; x_wconf 84' lang='grc' dir='ltr'>ὼς</span> <span class='ocrx_word' id='word_1_262' title='bbox 3451 1795 3587 1850; x_wconf 72' lang='grc' dir='ltr'>κατὰ</span> <span class='ocrx_word' id='word_1_263' title='bbox 3623 1795 3785 1865; x_wconf 87' lang='grc' dir='ltr'>χρόνον</span> 
     </span>
    </p>
   </div>
   <div class='ocr_carea' id='block_1_35' title="bbox 544 1887 2137 1967">
    <p class='ocr_par' dir='ltr' id='par_1_35' title="bbox 544 1894 2137 1966">
     <span class='ocr_line' id='line_1_35' title="bbox 544 1894 2137 1966; baseline 0.001 -17"><span class='ocrx_word' id='word_1_264' title='bbox 544 1894 673 1950; x_wconf 76' lang='lat' dir='ltr'><strong>facti</strong></span> <span class='ocrx_word' id='word_1_265' title='bbox 705 1902 853 1959; x_wconf 88' lang='lat' dir='ltr'><strong>sunt,</strong></span> <span class='ocrx_word' id='word_1_266' title='bbox 876 1902 933 1949; x_wconf 88' lang='lat' dir='ltr'><strong>et</strong></span> <span class='ocrx_word' id='word_1_267' title='bbox 954 1910 986 1949; x_wconf 91' lang='lat' dir='ltr'><strong>a</strong></span> <span class='ocrx_word' id='word_1_268' title='bbox 1006 1903 1160 1965; x_wconf 88' lang='lat' dir='ltr'><strong>tergo</strong></span> <span class='ocrx_word' id='word_1_269' title='bbox 1182 1895 1351 1965; x_wconf 88' lang='lat' dir='ltr'><strong>positi</strong></span> <span class='ocrx_word' id='word_1_270' title='bbox 1375 1896 1446 1951; x_wconf 89' lang='lat' dir='ltr'><strong>iis</strong></span> <span class='ocrx_word' id='word_1_271' title='bbox 1459 1896 1556 1966; x_wconf 86' lang='lat' dir='ltr'><strong>qui</strong></span> <span class='ocrx_word' id='word_1_272' title='bbox 1576 1910 1678 1966; x_wconf 91' lang='lat' dir='ltr'><strong>per</strong></span> <span class='ocrx_word' id='word_1_273' title='bbox 1699 1894 1864 1951; x_wconf 79' lang='lat' dir='ltr'><strong>ﬁdem</strong></span> <span class='ocrx_word' id='word_1_274' title='bbox 1900 1897 1955 1951; x_wconf 93' lang='lat' dir='ltr'><strong>in</strong></span> <span class='ocrx_word' id='word_1_275' title='bbox 1980 1895 2137 1952; x_wconf 89' lang='lat' dir='ltr'><strong>Chri-</strong></span> 
     </span>
    </p>
   </div>
   <div class='ocr_carea' id='block_1_36' title="bbox 2189 1887 3782 1967">
    <p class='ocr_par' dir='ltr' id='par_1_36' title="bbox 2237 1887 3782 1967">
     <span class='ocr_line' id='line_1_36' title="bbox 2237 1887 3782 1967; baseline -0.009 -14"><span class='ocrx_word' id='word_1_276' title='bbox 2237 1900 2286 1953; x_wconf 84' lang='lat' dir='ltr'><strong>oi</strong></span> <span class='ocrx_word' id='word_1_277' title='bbox 2316 1896 2375 1965; x_wconf 72' lang='grc' dir='ltr'>ὲξ</span> <span class='ocrx_word' id='word_1_278' title='bbox 2418 1895 2656 1967; x_wconf 77' lang='grc' dir='ltr'>Ἰσραὴλ,</span> <span class='ocrx_word' id='word_1_279' title='bbox 2712 1892 3099 1965; x_wconf 76' lang='grc' dir='ltr'>ὠνομασμένοι</span> <span class='ocrx_word' id='word_1_280' title='bbox 3126 1890 3216 1944; x_wconf 83' lang='grc' dir='ltr'><strong>διὰ</strong></span> <span class='ocrx_word' id='word_1_281' title='bbox 3254 1888 3417 1943; x_wconf 82' lang='grc' dir='ltr'>τοῦτο</span> <span class='ocrx_word' id='word_1_282' title='bbox 3466 1887 3782 1960; x_wconf 85' lang='grc' dir='ltr'>πρωτότοκοι,</span> 
     </span>
    </p>
   </div>
   <div class='ocr_carea' id='block_1_37' title="bbox 545 1975 2138 2057">
    <p class='ocr_par' dir='ltr' id='par_1_37' title="bbox 545 1984 2134 2057">
     <span class='ocr_line' id='line_1_37' title="bbox 545 1984 2134 2057; baseline 0 -17"><span class='ocrx_word' id='word_1_283' title='bbox 545 1994 650 2050; x_wconf 86' lang='lat' dir='ltr'><strong>sto,</strong></span> <span class='ocrx_word' id='word_1_284' title='bbox 691 1986 787 2055; x_wconf 90' lang='lat' dir='ltr'><strong>qui</strong></span> <span class='ocrx_word' id='word_1_285' title='bbox 823 1993 880 2039; x_wconf 90' lang='lat' dir='ltr'><strong>et</strong></span> <span class='ocrx_word' id='word_1_286' title='bbox 925 1985 1281 2056; x_wconf 88' lang='lat' dir='ltr'><strong>primogeniti</strong></span> <span class='ocrx_word' id='word_1_287' title='bbox 1324 1985 1555 2057; x_wconf 75' lang='lat' dir='ltr'><strong>gloriam</strong></span> <span class='ocrx_word' id='word_1_288' title='bbox 1604 1984 1716 2040; x_wconf 84' lang='lat' dir='ltr'><strong>sibi</strong></span> <span class='ocrx_word' id='word_1_289' title='bbox 1760 1985 2134 2051; x_wconf 79' lang='lat' dir='ltr'><strong>vindicarunt,</strong></span> 
     </span>
    </p>
   </div>
   <div class='ocr_carea' id='block_1_38' title="bbox 2194 1975 3787 2057">
    <p class='ocr_par' dir='ltr' id='par_1_38' title="bbox 2239 1975 3787 2057">
     <span class='ocr_line' id='line_1_38' title="bbox 2239 1975 3787 2057; baseline -0.01 -13"><span class='ocrx_word' id='word_1_290' title='bbox 2239 1989 2468 2045; x_wconf 83' lang='grc' dir='ltr'>κατόπιν</span> <span class='ocrx_word' id='word_1_291' title='bbox 2499 1987 2780 2057; x_wconf 85' lang='grc' dir='ltr'>γεγόνασι,</span> <span class='ocrx_word' id='word_1_292' title='bbox 2831 1983 2927 2037; x_wconf 75' lang='grc' dir='ltr'>καὶ</span> <span class='ocrx_word' id='word_1_293' title='bbox 2963 1984 3044 2046; x_wconf 86' lang='grc' dir='ltr'><strong>είς</strong></span> <span class='ocrx_word' id='word_1_294' title='bbox 3087 1981 3256 2036; x_wconf 89' lang='grc' dir='ltr'>νῶτον</span> <span class='ocrx_word' id='word_1_295' title='bbox 3286 1979 3554 2033; x_wconf 80' lang='grc' dir='ltr'>τέθεινται</span> <span class='ocrx_word' id='word_1_296' title='bbox 3592 1977 3692 2031; x_wconf 89' lang='grc' dir='ltr'><strong>τῶν</strong></span> <span class='ocrx_word' id='word_1_297' title='bbox 3716 1975 3787 2030; x_wconf 80' lang='grc' dir='ltr'><strong>διὰ</strong></span> 
     </span>
    </p>
   </div>
   <div class='ocr_carea' id='block_1_39' title="bbox 546 2071 2139 2149">
    <p class='ocr_par' dir='ltr' id='par_1_39' title="bbox 546 2074 2136 2147">
     <span class='ocr_line' id='line_1_39' title="bbox 546 2074 2136 2147; baseline -0.001 -16"><span class='ocrx_word' id='word_1_298' title='bbox 546 2085 773 2147; x_wconf 76' lang='lat' dir='ltr'><strong>prepter</strong></span> <span class='ocrx_word' id='word_1_299' title='bbox 797 2090 926 2131; x_wconf 91' lang='lat' dir='ltr'><strong>eum</strong></span> <span class='ocrx_word' id='word_1_300' title='bbox 954 2074 1050 2145; x_wconf 89' lang='lat' dir='ltr'><strong>qui</strong></span> <span class='ocrx_word' id='word_1_301' title='bbox 1082 2074 1139 2129; x_wconf 92' lang='lat' dir='ltr'><strong>in</strong></span> <span class='ocrx_word' id='word_1_302' title='bbox 1168 2075 1306 2145; x_wconf 87' lang='lat' dir='ltr'><strong>ipsis</strong></span> <span class='ocrx_word' id='word_1_303' title='bbox 1335 2084 1422 2132; x_wconf 92' lang='lat' dir='ltr'><strong>est</strong></span> <span class='ocrx_word' id='word_1_304' title='bbox 1447 2075 1873 2147; x_wconf 88' lang='lat' dir='ltr'><strong>primogenitus,</strong></span> <span class='ocrx_word' id='word_1_305' title='bbox 1919 2077 2136 2131; x_wconf 85' lang='lat' dir='ltr'><strong>tametsi</strong></span> 
     </span>
    </p>
   </div>
   <div class='ocr_carea' id='block_1_40' title="bbox 2192 2071 3785 2149">
    <p class='ocr_par' dir='ltr' id='par_1_40' title="bbox 2238 2071 3785 2149">
     <span class='ocr_line' id='line_1_40' title="bbox 2238 2071 3785 2149; baseline -0.008 -15"><span class='ocrx_word' id='word_1_306' title='bbox 2238 2082 2475 2145; x_wconf 81' lang='grc' dir='ltr'>πίστεως</span> <span class='ocrx_word' id='word_1_307' title='bbox 2502 2082 2562 2133; x_wconf 81' lang='grc' dir='ltr'>ὲν</span> <span class='ocrx_word' id='word_1_308' title='bbox 2592 2075 2833 2149; x_wconf 81' lang='grc' dir='ltr'>Χριστῷ,</span> <span class='ocrx_word' id='word_1_309' title='bbox 2863 2074 2913 2128; x_wconf 82' lang='grc' dir='ltr'>οἳ</span> <span class='ocrx_word' id='word_1_310' title='bbox 2955 2075 3050 2128; x_wconf 78' lang='grc' dir='ltr'>καὶ</span> <span class='ocrx_word' id='word_1_311' title='bbox 3076 2072 3175 2143; x_wconf 89' lang='grc' dir='ltr'>τὴν</span> <span class='ocrx_word' id='word_1_312' title='bbox 3204 2072 3300 2126; x_wconf 77' lang='grc' dir='ltr'><strong>τοῦ</strong></span> <span class='ocrx_word' id='word_1_313' title='bbox 3345 2071 3676 2144; x_wconf 83' lang='grc' dir='ltr'>πρωτοτόκου</span> <span class='ocrx_word' id='word_1_314' title='bbox 3709 2085 3785 2121; x_wconf 85' lang='grc' dir='ltr'>κε-</span> 
     </span>
    </p>
   </div>
   <div class='ocr_carea' id='block_1_41' title="bbox 546 2163 2139 2247">
    <p class='ocr_par' dir='ltr' id='par_1_41' title="bbox 546 2167 2139 2241">
     <span class='ocr_line' id='line_1_41' title="bbox 546 2167 2139 2241; baseline -0.001 -17"><span class='ocrx_word' id='word_1_315' title='bbox 546 2170 621 2225; x_wconf 88' lang='lat' dir='ltr'><strong>sit</strong></span> <span class='ocrx_word' id='word_1_316' title='bbox 640 2168 979 2241; x_wconf 77' lang='lat' dir='ltr'><strong>unigenitus,</strong></span> <span class='ocrx_word' id='word_1_317' title='bbox 1002 2168 1094 2222; x_wconf 89' lang='lat' dir='ltr'><strong>cui</strong></span> <span class='ocrx_word' id='word_1_318' title='bbox 1131 2168 1300 2222; x_wconf 89' lang='lat' dir='ltr'><strong>etiam</strong></span> <span class='ocrx_word' id='word_1_319' title='bbox 1343 2167 1658 2226; x_wconf 87' lang='lat' dir='ltr'><strong>conformes</strong></span> <span class='ocrx_word' id='word_1_320' title='bbox 1691 2168 1823 2225; x_wconf 87' lang='lat' dir='ltr'><strong>facti</strong></span> <span class='ocrx_word' id='word_1_321' title='bbox 1877 2177 2009 2223; x_wconf 87' lang='lat' dir='ltr'><strong>sunt</strong></span> <span class='ocrx_word' id='word_1_322' title='bbox 2038 2184 2139 2239; x_wconf 88' lang='lat' dir='ltr'><strong>per</strong></span> 
     </span>
    </p>
   </div>
   <div class='ocr_carea' id='block_1_42' title="bbox 2191 2163 3784 2247">
    <p class='ocr_par' dir='ltr' id='par_1_42' title="bbox 2239 2163 3784 2247">
     <span class='ocr_line' id='line_1_42' title="bbox 2239 2163 3784 2247; baseline -0.012 -17"><span class='ocrx_word' id='word_1_323' title='bbox 2239 2173 2689 2247; x_wconf 83' lang='grc' dir='ltr'>κληρονομήκασι</span> <span class='ocrx_word' id='word_1_324' title='bbox 2717 2170 2899 2236; x_wconf 79' lang='grc' dir='ltr'>δόξαν,</span> <span class='ocrx_word' id='word_1_325' title='bbox 2921 2168 3010 2222; x_wconf 79' lang='grc' dir='ltr'>διὰ</span> <span class='ocrx_word' id='word_1_326' title='bbox 3043 2168 3134 2220; x_wconf 74' lang='grc' dir='ltr'>τὸν</span> <span class='ocrx_word' id='word_1_327' title='bbox 3156 2166 3215 2219; x_wconf 77' lang='grc' dir='ltr'>ὲν</span> <span class='ocrx_word' id='word_1_328' title='bbox 3241 2165 3427 2228; x_wconf 73' lang='grc' dir='ltr'>αὐτοῖς</span> <span class='ocrx_word' id='word_1_329' title='bbox 3461 2163 3784 2235; x_wconf 81' lang='grc' dir='ltr'>πρωτότοκον,</span> 
     </span>
    </p>
   </div>
   <div class='ocr_carea' id='block_1_43' title="bbox 542 2250 2135 2333">
    <p class='ocr_par' dir='ltr' id='par_1_43' title="bbox 542 2261 2135 2333">
     <span class='ocr_line' id='line_1_43' title="bbox 542 2261 2135 2333; baseline 0.002 -17"><span class='ocrx_word' id='word_1_330' title='bbox 542 2262 826 2333; x_wconf 82' lang='lat' dir='ltr'><strong>spiritum,</strong></span> <span class='ocrx_word' id='word_1_331' title='bbox 871 2261 1140 2316; x_wconf 84' lang='lat' dir='ltr'><strong>habentes</strong></span> <span class='ocrx_word' id='word_1_332' title='bbox 1187 2262 1667 2332; x_wconf 85' lang='lat' dir='ltr'><strong>regenerationem</strong></span> <span class='ocrx_word' id='word_1_333' title='bbox 1716 2264 1775 2319; x_wconf 91' lang='lat' dir='ltr'><strong>in</strong></span> <span class='ocrx_word' id='word_1_334' title='bbox 1826 2264 2135 2319; x_wconf 85' lang='lat' dir='ltr'><strong>sanctiﬁca-</strong></span> 
     </span>
    </p>
   </div>
   <div class='ocr_carea' id='block_1_44' title="bbox 2189 2250 3782 2333">
    <p class='ocr_par' dir='ltr' id='par_1_44' title="bbox 2240 2250 3782 2333">
     <span class='ocr_line' id='line_1_44' title="bbox 2240 2250 3782 2333; baseline -0.011 -14"><span class='ocrx_word' id='word_1_335' title='bbox 2240 2267 2291 2320; x_wconf 89' lang='grc' dir='ltr'><strong>εί</strong></span> <span class='ocrx_word' id='word_1_336' title='bbox 2328 2265 2421 2318; x_wconf 77' lang='grc' dir='ltr'>καὶ</span> <span class='ocrx_word' id='word_1_337' title='bbox 2472 2264 2588 2317; x_wconf 74' lang='grc' dir='ltr'>ἔστι</span> <span class='ocrx_word' id='word_1_338' title='bbox 2619 2261 2929 2333; x_wconf 80' lang='grc' dir='ltr'>μονογενὴς,</span> <span class='ocrx_word' id='word_1_339' title='bbox 2977 2250 3023 2324; x_wconf 77' lang='grc' dir='ltr'><strong>ᾧ</strong></span> <span class='ocrx_word' id='word_1_340' title='bbox 3061 2256 3156 2310; x_wconf 77' lang='grc' dir='ltr'>καὶ</span> <span class='ocrx_word' id='word_1_341' title='bbox 3195 2255 3509 2327; x_wconf 67' lang='grc' dir='ltr'>σύμμορφοι</span> <span class='ocrx_word' id='word_1_342' title='bbox 3545 2251 3782 2321; x_wconf 79' lang='grc' dir='ltr'>γεγόνασι,</span> 
     </span>
    </p>
   </div>
   <div class='ocr_carea' id='block_1_45' title="bbox 544 2341 2137 2429">
    <p class='ocr_par' dir='ltr' id='par_1_45' title="bbox 544 2354 2137 2427">
     <span class='ocr_line' id='line_1_45' title="bbox 544 2354 2137 2427; baseline 0 -17"><span class='ocrx_word' id='word_1_343' title='bbox 544 2355 757 2410; x_wconf 76' lang='lat' dir='ltr'><strong>tionem</strong></span> <span class='ocrx_word' id='word_1_344' title='bbox 784 2362 950 2424; x_wconf 88' lang='lat' dir='ltr'><strong>atque</strong></span> <span class='ocrx_word' id='word_1_345' title='bbox 973 2354 1466 2425; x_wconf 88' lang='lat' dir='ltr'><strong>incorruptionem.</strong></span> <span class='ocrx_word' id='word_1_346' title='bbox 1488 2356 1701 2411; x_wconf 84' lang='lat' dir='ltr'><strong>Invidia</strong></span> <span class='ocrx_word' id='word_1_347' title='bbox 1717 2356 1903 2427; x_wconf 82' lang='lat' dir='ltr'><strong>itaque</strong></span> <span class='ocrx_word' id='word_1_348' title='bbox 1930 2354 2137 2411; x_wconf 78' lang='lat' dir='ltr'><strong>inﬂam-</strong></span> 
     </span>
    </p>
   </div>
   <div class='ocr_carea' id='block_1_46' title="bbox 2196 2341 3789 2429">
    <p class='ocr_par' dir='ltr' id='par_1_46' title="bbox 2239 2341 3789 2429">
     <span class='ocr_line' id='line_1_46' title="bbox 2239 2341 3789 2429; baseline -0.01 -20"><span class='ocrx_word' id='word_1_349' title='bbox 2239 2356 2342 2429; x_wconf 76' lang='grc' dir='ltr'>τὴν</span> <span class='ocrx_word' id='word_1_350' title='bbox 2390 2352 2481 2408; x_wconf 85' lang='grc' dir='ltr'>διὰ</span> <span class='ocrx_word' id='word_1_351' title='bbox 2516 2351 2827 2423; x_wconf 85' lang='grc' dir='ltr'>πνεύματος</span> <span class='ocrx_word' id='word_1_352' title='bbox 2871 2350 3231 2418; x_wconf 82' lang='grc' dir='ltr'>ἀναγέννησιν</span> <span class='ocrx_word' id='word_1_353' title='bbox 3264 2345 3481 2416; x_wconf 76' lang='grc' dir='ltr'>ἔχοντες</span> <span class='ocrx_word' id='word_1_354' title='bbox 3508 2343 3583 2407; x_wconf 82' lang='grc' dir='ltr'><strong>είς</strong></span> <span class='ocrx_word' id='word_1_355' title='bbox 3611 2341 3789 2411; x_wconf 71' lang='grc' dir='ltr'>ἀφθαρ-</span> 
     </span>
    </p>
   </div>
   <div class='ocr_carea' id='block_1_47' title="bbox 549 2435 2142 2524">
    <p class='ocr_par' dir='ltr' id='par_1_47' title="bbox 549 2446 2138 2518">
     <span class='ocr_line' id='line_1_47' title="bbox 549 2446 2138 2518; baseline 0.001 -18"><span class='ocrx_word' id='word_1_356' title='bbox 549 2454 732 2500; x_wconf 88' lang='lat' dir='ltr'><strong>matus</strong></span> <span class='ocrx_word' id='word_1_357' title='bbox 757 2446 923 2511; x_wconf 87' lang='lat' dir='ltr'><strong>Esau,</strong></span> <span class='ocrx_word' id='word_1_358' title='bbox 956 2446 1064 2502; x_wconf 90' lang='lat' dir='ltr'><strong>hoc</strong></span> <span class='ocrx_word' id='word_1_359' title='bbox 1099 2455 1186 2502; x_wconf 91' lang='lat' dir='ltr'><strong>est</strong></span> <span class='ocrx_word' id='word_1_360' title='bbox 1219 2446 1384 2501; x_wconf 84' lang='lat' dir='ltr'><strong>Israel</strong></span> <span class='ocrx_word' id='word_1_361' title='bbox 1405 2486 1421 2512; x_wconf 95' lang='lat'><strong>,</strong></span> <span class='ocrx_word' id='word_1_362' title='bbox 1461 2455 1794 2518; x_wconf 86' lang='lat' dir='ltr'><strong>persecutus</strong></span> <span class='ocrx_word' id='word_1_363' title='bbox 1836 2456 1921 2502; x_wconf 89' lang='lat' dir='ltr'><strong>est</strong></span> <span class='ocrx_word' id='word_1_364' title='bbox 1948 2446 2138 2513; x_wconf 73' lang='lat' dir='ltr'><strong>Iacob,</strong></span> 
     </span>
    </p>
   </div>
   <div class='ocr_carea' id='block_1_48' title="bbox 2195 2435 3788 2524">
    <p class='ocr_par' dir='ltr' id='par_1_48' title="bbox 2244 2435 3788 2524">
     <span class='ocr_line' id='line_1_48' title="bbox 2244 2435 3788 2524; baseline -0.01 -22"><span class='ocrx_word' id='word_1_365' title='bbox 2244 2450 2365 2504; x_wconf 87' lang='grc' dir='ltr'>σίαν</span> <span class='ocrx_word' id='word_1_366' title='bbox 2413 2463 2475 2501; x_wconf 84' lang='grc' dir='ltr'><strong>τε</strong></span> <span class='ocrx_word' id='word_1_367' title='bbox 2515 2446 2608 2501; x_wconf 82' lang='grc' dir='ltr'>καὶ</span> <span class='ocrx_word' id='word_1_368' title='bbox 2656 2444 2950 2514; x_wconf 85' lang='grc' dir='ltr'>ἁγιασμόν.</span> <span class='ocrx_word' id='word_1_369' title='bbox 3010 2440 3192 2509; x_wconf 80' lang='grc' dir='ltr'>Φθόνῳ</span> <span class='ocrx_word' id='word_1_370' title='bbox 3239 2437 3336 2494; x_wconf 85' lang='grc' dir='ltr'>οὖν</span> <span class='ocrx_word' id='word_1_371' title='bbox 3378 2435 3788 2524; x_wconf 76' lang='grc' dir='ltr'>διακεκαυμένος,</span> 
     </span>
    </p>
   </div>
   <div class='ocr_carea' id='block_1_49' title="bbox 543 2528 2136 2609">
    <p class='ocr_par' dir='ltr' id='par_1_49' title="bbox 543 2538 2136 2609">
     <span class='ocr_line' id='line_1_49' title="bbox 543 2538 2136 2609; baseline 0 -15"><span class='ocrx_word' id='word_1_372' title='bbox 543 2538 853 2603; x_wconf 79' lang='lat' dir='ltr'><strong>Christum,</strong></span> <span class='ocrx_word' id='word_1_373' title='bbox 887 2538 1133 2609; x_wconf 88' lang='lat' dir='ltr'><strong>inquam.</strong></span> <span class='ocrx_word' id='word_1_374' title='bbox 1157 2538 1489 2595; x_wconf 79' lang='lat' dir='ltr'><strong>Indiﬂ‘erens</strong></span> <span class='ocrx_word' id='word_1_375' title='bbox 1516 2554 1671 2606; x_wconf 90' lang='lat' dir='ltr'><strong>vero,</strong></span> <span class='ocrx_word' id='word_1_376' title='bbox 1694 2548 1758 2595; x_wconf 90' lang='lat' dir='ltr'><strong>ut</strong></span> <span class='ocrx_word' id='word_1_377' title='bbox 1782 2539 1918 2606; x_wconf 78' lang='lat' dir='ltr'><strong>dixi,</strong></span> <span class='ocrx_word' id='word_1_378' title='bbox 1957 2538 2017 2594; x_wconf 89' lang='lat' dir='ltr'><strong>in</strong></span> <span class='ocrx_word' id='word_1_379' title='bbox 2054 2538 2136 2594; x_wconf 83' lang='lat' dir='ltr'><strong>his</strong></span> 
     </span>
    </p>
   </div>
   <div class='ocr_carea' id='block_1_50' title="bbox 2196 2528 3789 2609">
    <p class='ocr_par' dir='ltr' id='par_1_50' title="bbox 2255 2528 3789 2608">
     <span class='ocr_line' id='line_1_50' title="bbox 2255 2528 3789 2608; baseline -0.009 -12"><span class='ocrx_word' id='word_1_380' title='bbox 2255 2542 2448 2608; x_wconf 77' lang='grc' dir='ltr'>Ἡσαῦ,</span> <span class='ocrx_word' id='word_1_381' title='bbox 2486 2538 2813 2594; x_wconf 86' lang='grc' dir='ltr'>τουτέστινό</span> <span class='ocrx_word' id='word_1_382' title='bbox 2849 2533 3086 2608; x_wconf 83' lang='grc' dir='ltr'>Ἰσραὴλ,</span> <span class='ocrx_word' id='word_1_383' title='bbox 3126 2533 3319 2586; x_wconf 72' lang='grc' dir='ltr'>ἐδίωκε</span> <span class='ocrx_word' id='word_1_384' title='bbox 3344 2533 3437 2586; x_wconf 81' lang='grc' dir='ltr'>τὸν</span> <span class='ocrx_word' id='word_1_385' title='bbox 3480 2528 3679 2594; x_wconf 77' lang='grc' dir='ltr'>Ἰακὼϐ,</span> <span class='ocrx_word' id='word_1_386' title='bbox 3705 2544 3789 2597; x_wconf 82' lang='grc' dir='ltr'>φη-</span> 
     </span>
    </p>
   </div>
   <div class='ocr_carea' id='block_1_51' title="bbox 550 2617 2143 2707">
    <p class='ocr_par' dir='ltr' id='par_1_51' title="bbox 550 2627 2143 2699">
     <span class='ocr_line' id='line_1_51' title="bbox 550 2627 2143 2699; baseline 0.003 -18"><span class='ocrx_word' id='word_1_387' title='bbox 550 2627 712 2682; x_wconf 84' lang='lat' dir='ltr'><strong>nobis</strong></span> <span class='ocrx_word' id='word_1_388' title='bbox 752 2635 844 2683; x_wconf 90' lang='lat' dir='ltr'><strong>est</strong></span> <span class='ocrx_word' id='word_1_389' title='bbox 884 2642 1089 2693; x_wconf 89' lang='lat' dir='ltr'><strong>sermo,</strong></span> <span class='ocrx_word' id='word_1_390' title='bbox 1153 2643 1373 2699; x_wconf 88' lang='lat' dir='ltr'><strong>semper</strong></span> <span class='ocrx_word' id='word_1_391' title='bbox 1417 2628 1682 2684; x_wconf 90' lang='lat' dir='ltr'><strong>decorum</strong></span> <span class='ocrx_word' id='word_1_392' title='bbox 1715 2630 2039 2695; x_wconf 83' lang='lat' dir='ltr'><strong>observans,</strong></span> <span class='ocrx_word' id='word_1_393' title='bbox 2078 2646 2143 2687; x_wconf 91' lang='lat' dir='ltr'><strong>ac</strong></span> 
     </span>
    </p>
   </div>
   <div class='ocr_carea' id='block_1_52' title="bbox 2196 2617 3789 2707">
    <p class='ocr_par' dir='ltr' id='par_1_52' title="bbox 2248 2617 3789 2707">
     <span class='ocr_line' id='line_1_52' title="bbox 2248 2617 3789 2707; baseline -0.012 -18"><span class='ocrx_word' id='word_1_394' title='bbox 2248 2635 2308 2707; x_wconf 72' lang='grc' dir='ltr'>μὶ</span> <span class='ocrx_word' id='word_1_395' title='bbox 2344 2634 2409 2706; x_wconf 79' lang='grc' dir='ltr'>δὴ</span> <span class='ocrx_word' id='word_1_396' title='bbox 2455 2633 2548 2687; x_wconf 77' lang='grc' dir='ltr'>τὸν</span> <span class='ocrx_word' id='word_1_397' title='bbox 2578 2630 2833 2703; x_wconf 80' lang='grc' dir='ltr'>Χριστόν.</span> <span class='ocrx_word' id='word_1_398' title='bbox 2880 2628 3190 2698; x_wconf 82' lang='grc' dir='ltr'>Ἀδιαφορεῖ</span> <span class='ocrx_word' id='word_1_399' title='bbox 3217 2627 3294 2691; x_wconf 72' lang='grc' dir='ltr'>δὲ,</span> <span class='ocrx_word' id='word_1_400' title='bbox 3328 2627 3405 2690; x_wconf 81' lang='grc' dir='ltr'>ὡς</span> <span class='ocrx_word' id='word_1_401' title='bbox 3434 2625 3586 2695; x_wconf 76' lang='grc' dir='ltr'>ἔφην,</span> <span class='ocrx_word' id='word_1_402' title='bbox 3611 2625 3665 2676; x_wconf 81' lang='grc' dir='ltr'>ὲν</span> <span class='ocrx_word' id='word_1_403' title='bbox 3694 2617 3789 2673; x_wconf 77' lang='grc' dir='ltr'>τού-</span> 
     </span>
    </p>
   </div>
   <div class='ocr_carea' id='block_1_53' title="bbox 546 2710 2139 2799">
    <p class='ocr_par' dir='ltr' id='par_1_53' title="bbox 546 2718 2139 2792">
     <span class='ocr_line' id='line_1_53' title="bbox 546 2718 2139 2792; baseline 0.003 -19"><span class='ocrx_word' id='word_1_404' title='bbox 546 2718 786 2773; x_wconf 82' lang='lat' dir='ltr'><strong>subinde</strong></span> <span class='ocrx_word' id='word_1_405' title='bbox 820 2718 1045 2789; x_wconf 86' lang='lat' dir='ltr'><strong>quidem</strong></span> <span class='ocrx_word' id='word_1_406' title='bbox 1068 2718 1136 2773; x_wconf 91' lang='lat' dir='ltr'><strong>ad</strong></span> <span class='ocrx_word' id='word_1_407' title='bbox 1175 2718 1457 2775; x_wconf 87' lang='lat' dir='ltr'><strong>Christum</strong></span> <span class='ocrx_word' id='word_1_408' title='bbox 1480 2720 1728 2777; x_wconf 79' lang='lat' dir='ltr'><strong>referens</strong></span> <span class='ocrx_word' id='word_1_409' title='bbox 1761 2722 1918 2792; x_wconf 77' lang='lat'><strong>162</strong></span> <span class='ocrx_word' id='word_1_410' title='bbox 1939 2722 2139 2790; x_wconf 75' lang='lat' dir='ltr'><strong>Iacob;</strong></span> 
     </span>
    </p>
   </div>
   <div class='ocr_carea' id='block_1_54' title="bbox 2193 2710 3786 2799">
    <p class='ocr_par' dir='ltr' id='par_1_54' title="bbox 2242 2710 3786 2799">
     <span class='ocr_line' id='line_1_54' title="bbox 2242 2710 3786 2799; baseline -0.013 -17"><span class='ocrx_word' id='word_1_411' title='bbox 2242 2745 2358 2792; x_wconf 88' lang='grc' dir='ltr'>τοις</span> <span class='ocrx_word' id='word_1_412' title='bbox 2405 2728 2538 2799; x_wconf 73' lang='grc' dir='ltr'>ἡμῖν</span> <span class='ocrx_word' id='word_1_413' title='bbox 2575 2728 2604 2780; x_wconf 98' lang='lat'><strong>6</strong></span> <span class='ocrx_word' id='word_1_414' title='bbox 2653 2725 2832 2793; x_wconf 83' lang='grc' dir='ltr'>λόγος,</span> <span class='ocrx_word' id='word_1_415' title='bbox 2886 2722 2948 2775; x_wconf 78' lang='grc' dir='ltr'>τὸ</span> <span class='ocrx_word' id='word_1_416' title='bbox 2995 2720 3205 2793; x_wconf 79' lang='grc' dir='ltr'>πρέπον</span> <span class='ocrx_word' id='word_1_417' title='bbox 3230 2720 3319 2773; x_wconf 71' lang='grc' dir='ltr'><strong>ἀεὶ</strong></span> <span class='ocrx_word' id='word_1_418' title='bbox 3352 2717 3673 2790; x_wconf 82' lang='grc' dir='ltr'>θηρώμενος,</span> <span class='ocrx_word' id='word_1_419' title='bbox 3713 2710 3786 2765; x_wconf 72' lang='grc' dir='ltr'>καὶ</span> 
     </span>
    </p>
   </div>
   <div class='ocr_carea' id='block_1_55' title="bbox 548 2802 2141 2890">
    <p class='ocr_par' dir='ltr' id='par_1_55' title="bbox 548 2812 2141 2885">
     <span class='ocr_line' id='line_1_55' title="bbox 548 2812 2141 2885; baseline 0.003 -19"><span class='ocrx_word' id='word_1_420' title='bbox 548 2812 787 2867; x_wconf 87' lang='lat' dir='ltr'><strong>subinde</strong></span> <span class='ocrx_word' id='word_1_421' title='bbox 813 2828 947 2868; x_wconf 89' lang='lat' dir='ltr'><strong>vero</strong></span> <span class='ocrx_word' id='word_1_422' title='bbox 977 2812 1046 2867; x_wconf 87' lang='lat' dir='ltr'><strong>ad</strong></span> <span class='ocrx_word' id='word_1_423' title='bbox 1077 2828 1282 2867; x_wconf 86' lang='lat' dir='ltr'><strong>novum</strong></span> <span class='ocrx_word' id='word_1_424' title='bbox 1308 2828 1376 2868; x_wconf 90' lang='lat' dir='ltr'><strong>ae</strong></span> <span class='ocrx_word' id='word_1_425' title='bbox 1403 2812 1620 2870; x_wconf 85' lang='lat' dir='ltr'><strong>ﬁdelem</strong></span> <span class='ocrx_word' id='word_1_426' title='bbox 1650 2816 1935 2885; x_wconf 89' lang='lat' dir='ltr'><strong>populum.</strong></span> <span class='ocrx_word' id='word_1_427' title='bbox 1965 2816 2141 2871; x_wconf 79' lang='lat' dir='ltr'><strong>Vexa-</strong></span> 
     </span>
    </p>
   </div>
   <div class='ocr_carea' id='block_1_56' title="bbox 2193 2802 3786 2890">
    <p class='ocr_par' dir='ltr' id='par_1_56' title="bbox 2244 2802 3786 2890">
     <span class='ocr_line' id='line_1_56' title="bbox 2244 2802 3786 2890; baseline -0.012 -17"><span class='ocrx_word' id='word_1_428' title='bbox 2244 2821 2375 2873; x_wconf 83' lang='grc' dir='ltr'>ποτὲ</span> <span class='ocrx_word' id='word_1_429' title='bbox 2399 2819 2497 2890; x_wconf 77' lang='grc' dir='ltr'>μὲν</span> <span class='ocrx_word' id='word_1_430' title='bbox 2527 2819 2608 2880; x_wconf 87' lang='grc' dir='ltr'><strong>είς</strong></span> <span class='ocrx_word' id='word_1_431' title='bbox 2638 2815 2873 2887; x_wconf 76' lang='grc' dir='ltr'>Χριστὸν</span> <span class='ocrx_word' id='word_1_432' title='bbox 2905 2812 3195 2884; x_wconf 71' lang='grc' dir='ltr'>ἀναφέρων</span> <span class='ocrx_word' id='word_1_433' title='bbox 3220 2813 3312 2866; x_wconf 79' lang='grc' dir='ltr'>τὸν</span> <span class='ocrx_word' id='word_1_434' title='bbox 3356 2806 3580 2871; x_wconf 79' lang='grc' dir='ltr'>Ἰακὼϐ,</span> <span class='ocrx_word' id='word_1_435' title='bbox 3607 2805 3721 2859; x_wconf 77' lang='grc' dir='ltr'>ποτὲ</span> <span class='ocrx_word' id='word_1_436' title='bbox 3743 2802 3786 2855; x_wconf 73' lang='grc' dir='ltr'>δὲ</span> 
     </span>
    </p>
   </div>
   <div class='ocr_carea' id='block_1_57' title="bbox 552 2894 2145 2979">
    <p class='ocr_par' dir='ltr' id='par_1_57' title="bbox 552 2905 2145 2979">
     <span class='ocr_line' id='line_1_57' title="bbox 552 2905 2145 2979; baseline 0.002 -19"><span class='ocrx_word' id='word_1_437' title='bbox 552 2916 642 2961; x_wconf 67' lang='lat' dir='ltr'><strong>tus</strong></span> <span class='ocrx_word' id='word_1_438' title='bbox 664 2906 854 2975; x_wconf 81' lang='lat' dir='ltr'><strong>itaque</strong></span> <span class='ocrx_word' id='word_1_439' title='bbox 893 2905 1302 2976; x_wconf 89' lang='lat' dir='ltr'><strong>quodammodo</strong></span> <span class='ocrx_word' id='word_1_440' title='bbox 1329 2914 1387 2961; x_wconf 90' lang='lat' dir='ltr'><strong>et</strong></span> <span class='ocrx_word' id='word_1_441' title='bbox 1413 2906 1610 2962; x_wconf 87' lang='lat' dir='ltr'><strong>nolens</strong></span> <span class='ocrx_word' id='word_1_442' title='bbox 1629 2907 1884 2964; x_wconf 82' lang='lat' dir='ltr'><strong>Christus</strong></span> <span class='ocrx_word' id='word_1_443' title='bbox 1917 2908 1974 2963; x_wconf 91' lang='lat' dir='ltr'><strong>in</strong></span> <span class='ocrx_word' id='word_1_444' title='bbox 2006 2923 2145 2979; x_wconf 84' lang='lat' dir='ltr'><strong>gen-</strong></span> 
     </span>
    </p>
   </div>
   <div class='ocr_carea' id='block_1_58' title="bbox 2194 2894 3787 2979">
    <p class='ocr_par' dir='ltr' id='par_1_58' title="bbox 2244 2894 3787 2973">
     <span class='ocr_line' id='line_1_58' title="bbox 2244 2894 3787 2973; baseline -0.011 -11"><span class='ocrx_word' id='word_1_445' title='bbox 2244 2911 2324 2973; x_wconf 85' lang='grc' dir='ltr'><strong>είς</strong></span> <span class='ocrx_word' id='word_1_446' title='bbox 2352 2907 2445 2961; x_wconf 80' lang='grc' dir='ltr'>τὸν</span> <span class='ocrx_word' id='word_1_447' title='bbox 2490 2906 2610 2961; x_wconf 89' lang='grc' dir='ltr'>νέον</span> <span class='ocrx_word' id='word_1_448' title='bbox 2647 2909 2706 2960; x_wconf 81' lang='grc' dir='ltr'>ἐν</span> <span class='ocrx_word' id='word_1_449' title='bbox 2739 2905 2920 2958; x_wconf 84' lang='grc' dir='ltr'>πίστει</span> <span class='ocrx_word' id='word_1_450' title='bbox 2961 2902 3109 2958; x_wconf 82' lang='grc' dir='ltr'>λαόν.</span> <span class='ocrx_word' id='word_1_451' title='bbox 3151 2901 3523 2973; x_wconf 85' lang='grc' dir='ltr'>Δεδιωγμένος</span> <span class='ocrx_word' id='word_1_452' title='bbox 3546 2899 3599 2952; x_wconf 80' lang='grc' dir='ltr'>δὲ</span> <span class='ocrx_word' id='word_1_453' title='bbox 3620 2894 3787 2967; x_wconf 83' lang='grc' dir='ltr'>τρόπον</span> 
     </span>
    </p>
   </div>
   <div class='ocr_carea' id='block_1_59' title="bbox 552 2987 2145 3070">
    <p class='ocr_par' dir='ltr' id='par_1_59' title="bbox 552 2997 2144 3070">
     <span class='ocr_line' id='line_1_59' title="bbox 552 2997 2144 3070; baseline 0.003 -20"><span class='ocrx_word' id='word_1_454' title='bbox 552 2998 690 3051; x_wconf 84' lang='lat' dir='ltr'><strong>tium</strong></span> <span class='ocrx_word' id='word_1_455' title='bbox 724 2997 1003 3068; x_wconf 83' lang='lat' dir='ltr'><strong>regionem</strong></span> <span class='ocrx_word' id='word_1_456' title='bbox 1027 2997 1186 3061; x_wconf 90' lang='lat' dir='ltr'><strong>abiit,</strong></span> <span class='ocrx_word' id='word_1_457' title='bbox 1229 3006 1418 3068; x_wconf 89' lang='lat' dir='ltr'><strong>aperte</strong></span> <span class='ocrx_word' id='word_1_458' title='bbox 1457 2999 1745 3055; x_wconf 86' lang='lat' dir='ltr'><strong>clamans:</strong></span> <span class='ocrx_word' id='word_1_459' title='bbox 1797 3019 1815 3052; x_wconf 86' lang='grc' dir='ltr'><strong>ι</strong></span> <span class='ocrx_word' id='word_1_460' title='bbox 1867 3000 2144 3070; x_wconf 88' lang='lat' dir='ltr'><strong>Dereliqui</strong></span> 
     </span>
    </p>
   </div>
   <div class='ocr_carea' id='block_1_60' title="bbox 2193 2987 3786 3070">
    <p class='ocr_par' dir='ltr' id='par_1_60' title="bbox 2243 2987 3786 3070">
     <span class='ocr_line' id='line_1_60' title="bbox 2243 2987 3786 3070; baseline -0.012 -14"><span class='ocrx_word' id='word_1_461' title='bbox 2243 3001 2368 3056; x_wconf 82' lang='grc' dir='ltr'>τινὰ</span> <span class='ocrx_word' id='word_1_462' title='bbox 2403 3001 2500 3055; x_wconf 78' lang='grc' dir='ltr'>καὶ</span> <span class='ocrx_word' id='word_1_463' title='bbox 2525 3000 2624 3070; x_wconf 84' lang='grc' dir='ltr'><strong>οὐχ</strong></span> <span class='ocrx_word' id='word_1_464' title='bbox 2656 2997 2797 3053; x_wconf 80' lang='grc' dir='ltr'>ἑκὼν</span> <span class='ocrx_word' id='word_1_465' title='bbox 2833 2999 2862 3050; x_wconf 81' lang='grc' dir='ltr'><strong>ό</strong></span> <span class='ocrx_word' id='word_1_466' title='bbox 2884 2996 3117 3067; x_wconf 76' lang='grc' dir='ltr'>Χριστὸς</span> <span class='ocrx_word' id='word_1_467' title='bbox 3144 2996 3222 3059; x_wconf 82' lang='grc' dir='ltr'><strong>εἰς</strong></span> <span class='ocrx_word' id='word_1_468' title='bbox 3254 2994 3356 3066; x_wconf 73' lang='grc' dir='ltr'>τὴν</span> <span class='ocrx_word' id='word_1_469' title='bbox 3385 2992 3492 3046; x_wconf 88' lang='grc' dir='ltr'><strong>τῶν</strong></span> <span class='ocrx_word' id='word_1_470' title='bbox 3518 2988 3674 3043; x_wconf 82' lang='grc' dir='ltr'>ἐθνῶν</span> <span class='ocrx_word' id='word_1_471' title='bbox 3706 2987 3786 3039; x_wconf 81' lang='grc' dir='ltr'><strong>ἀπ·</strong></span> 
     </span>
    </p>
   </div>
   <div class='ocr_carea' id='block_1_61' title="bbox 549 3082 2142 3182">
    <p class='ocr_par' dir='ltr' id='par_1_61' title="bbox 549 3087 2138 3159">
     <span class='ocr_line' id='line_1_61' title="bbox 549 3087 2138 3159; baseline 0.002 -17"><span class='ocrx_word' id='word_1_472' title='bbox 549 3088 777 3142; x_wconf 84' lang='lat' dir='ltr'><strong>domum</strong></span> <span class='ocrx_word' id='word_1_473' title='bbox 822 3103 1036 3159; x_wconf 80' lang='lat' dir='ltr'><strong>meam,</strong></span> <span class='ocrx_word' id='word_1_474' title='bbox 1087 3087 1274 3143; x_wconf 89' lang='lat' dir='ltr'><strong>dimisi</strong></span> <span class='ocrx_word' id='word_1_475' title='bbox 1319 3089 1696 3145; x_wconf 59' lang='lat' dir='ltr'><strong>hatreditatem</strong></span> <span class='ocrx_word' id='word_1_476' title='bbox 1739 3106 1956 3156; x_wconf 89' lang='lat' dir='ltr'><strong>meam,</strong></span> <span class='ocrx_word' id='word_1_477' title='bbox 2009 3090 2138 3145; x_wconf 90' lang='lat' dir='ltr'><strong>dedi</strong></span> 
     </span>
    </p>
   </div>
   <div class='ocr_carea' id='block_1_62' title="bbox 2199 3082 3792 3182">
    <p class='ocr_par' dir='ltr' id='par_1_62' title="bbox 2199 3082 3792 3179">
     <span class='ocr_line' id='line_1_62' title="bbox 2199 3082 3792 3179; baseline -0.013 -27"><span class='ocrx_word' id='word_1_478' title='bbox 2199 3126 2209 3179; x_wconf 57' lang='grc' dir='ltr'>ς</span> <span class='ocrx_word' id='word_1_479' title='bbox 2245 3098 2488 3168; x_wconf 82' lang='grc' dir='ltr'>εδήμησε</span> <span class='ocrx_word' id='word_1_480' title='bbox 2516 3095 2723 3166; x_wconf 82' lang='grc' dir='ltr'>χώραν,</span> <span class='ocrx_word' id='word_1_481' title='bbox 2744 3090 3041 3164; x_wconf 78' lang='grc' dir='ltr'>διαρρήδην</span> <span class='ocrx_word' id='word_1_482' title='bbox 3069 3086 3486 3160; x_wconf 60' lang='grc' dir='ltr'>ἀνακεκραγιίκ·</span> <span class='ocrx_word' id='word_1_483' title='bbox 3518 3104 3535 3137; x_wconf 88' lang='grc' dir='ltr'><strong>ι</strong></span> <span class='ocrx_word' id='word_1_484' title='bbox 3568 3082 3792 3152; x_wconf 75' lang='grc' dir='ltr'>Ἑγκαταρ</span> 
     </span>
    </p>
   </div>
   <div class='ocr_carea' id='block_1_63' title="bbox 548 3177 2141 3256">
    <p class='ocr_par' dir='ltr' id='par_1_63' title="bbox 548 3177 2136 3250">
     <span class='ocr_line' id='line_1_63' title="bbox 548 3177 2136 3250; baseline 0.001 -18"><span class='ocrx_word' id='word_1_485' title='bbox 548 3178 812 3232; x_wconf 84' lang='lat' dir='ltr'><strong>dilectam</strong></span> <span class='ocrx_word' id='word_1_486' title='bbox 835 3178 1074 3232; x_wconf 89' lang='lat' dir='ltr'><strong>animam</strong></span> <span class='ocrx_word' id='word_1_487' title='bbox 1104 3192 1282 3232; x_wconf 91' lang='lat' dir='ltr'><strong>meam</strong></span> <span class='ocrx_word' id='word_1_488' title='bbox 1304 3177 1361 3231; x_wconf 91' lang='lat' dir='ltr'><strong>in</strong></span> <span class='ocrx_word' id='word_1_489' title='bbox 1392 3194 1589 3233; x_wconf 86' lang='lat' dir='ltr'><strong>manus</strong></span> <span class='ocrx_word' id='word_1_490' title='bbox 1620 3178 1973 3234; x_wconf 88' lang='lat' dir='ltr'><strong>inimicorum</strong></span> <span class='ocrx_word' id='word_1_491' title='bbox 1995 3181 2136 3250; x_wconf 88' lang='lat' dir='ltr'><strong>ejus.</strong></span> 
     </span>
    </p>
   </div>
   <div class='ocr_carea' id='block_1_64' title="bbox 2196 3177 3789 3256">
    <p class='ocr_par' dir='ltr' id='par_1_64' title="bbox 2199 3177 3789 3256">
     <span class='ocr_line' id='line_1_64' title="bbox 2199 3177 3789 3256; baseline -0.013 -12"><span class='ocrx_word' id='word_1_492' title='bbox 2199 3177 2208 3179; x_wconf 12' lang='grc' dir='ltr'><strong>ἡ</strong></span> <span class='ocrx_word' id='word_1_493' title='bbox 2245 3190 2469 3244; x_wconf 86' lang='grc' dir='ltr'>λέλοιπα</span> <span class='ocrx_word' id='word_1_494' title='bbox 2501 3188 2595 3241; x_wconf 80' lang='grc' dir='ltr'><strong>τὸν</strong></span> <span class='ocrx_word' id='word_1_495' title='bbox 2617 3183 2764 3240; x_wconf 77' lang='grc' dir='ltr'>οἶκόν</span> <span class='ocrx_word' id='word_1_496' title='bbox 2803 3201 2928 3256; x_wconf 89' lang='grc' dir='ltr'>μου,</span> <span class='ocrx_word' id='word_1_497' title='bbox 2950 3183 3142 3254; x_wconf 78' lang='grc' dir='ltr'>ἀφῆκα</span> <span class='ocrx_word' id='word_1_498' title='bbox 3181 3182 3281 3253; x_wconf 79' lang='grc' dir='ltr'>τὴν</span> <span class='ocrx_word' id='word_1_499' title='bbox 3314 3177 3664 3252; x_wconf 75' lang='grc' dir='ltr'>κληρονομίαν</span> <span class='ocrx_word' id='word_1_500' title='bbox 3688 3188 3789 3243; x_wconf 86' lang='grc' dir='ltr'>μου,</span> 
     </span>
    </p>
   </div>
   <div class='ocr_carea' id='block_1_65' title="bbox 553 3262 2146 3351">
    <p class='ocr_par' dir='ltr' id='par_1_65' title="bbox 553 3269 2139 3340">
     <span class='ocr_line' id='line_1_65' title="bbox 553 3269 2139 3340; baseline 0 -15"><span class='ocrx_word' id='word_1_501' title='bbox 553 3269 718 3325; x_wconf 75' lang='lat' dir='ltr'><strong>Facta</strong></span> <span class='ocrx_word' id='word_1_502' title='bbox 755 3278 843 3324; x_wconf 87' lang='lat' dir='ltr'><strong>est</strong></span> <span class='ocrx_word' id='word_1_503' title='bbox 888 3269 1184 3325; x_wconf 60' lang='lat' dir='ltr'><strong>hareditas</strong></span> <span class='ocrx_word' id='word_1_504' title='bbox 1231 3284 1352 3324; x_wconf 90' lang='lat' dir='ltr'><strong>mea</strong></span> <span class='ocrx_word' id='word_1_505' title='bbox 1380 3269 1516 3323; x_wconf 91' lang='lat' dir='ltr'><strong>mihi</strong></span> <span class='ocrx_word' id='word_1_506' title='bbox 1541 3270 1699 3340; x_wconf 82' lang='lat' dir='ltr'><strong>quasi</strong></span> <span class='ocrx_word' id='word_1_507' title='bbox 1748 3271 1836 3324; x_wconf 90' lang='lat' dir='ltr'><strong>leo</strong></span> <span class='ocrx_word' id='word_1_508' title='bbox 1872 3271 1928 3325; x_wconf 90' lang='lat' dir='ltr'><strong>in</strong></span> <span class='ocrx_word' id='word_1_509' title='bbox 1982 3270 2139 3325; x_wconf 84' lang='lat' dir='ltr'><strong>silva;</strong></span> 
     </span>
    </p>
   </div>
   <div class='ocr_carea' id='block_1_66' title="bbox 2196 3262 3789 3351">
    <p class='ocr_par' dir='ltr' id='par_1_66' title="bbox 2244 3262 3789 3351">
     <span class='ocr_line' id='line_1_66' title="bbox 2244 3262 3789 3351; baseline -0.014 -16"><span class='ocrx_word' id='word_1_510' title='bbox 2244 3283 2419 3335; x_wconf 72' lang='grc' dir='ltr'>ἔδωκα</span> <span class='ocrx_word' id='word_1_511' title='bbox 2447 3280 2546 3351; x_wconf 81' lang='grc' dir='ltr'>τὴν</span> <span class='ocrx_word' id='word_1_512' title='bbox 2576 3277 2944 3349; x_wconf 75' lang='grc' dir='ltr'>ἠγαπημένην</span> <span class='ocrx_word' id='word_1_513' title='bbox 2973 3275 3152 3347; x_wconf 80' lang='grc' dir='ltr'>ψυχήν</span> <span class='ocrx_word' id='word_1_514' title='bbox 3184 3290 3289 3345; x_wconf 88' lang='grc' dir='ltr'><strong>μου</strong></span> <span class='ocrx_word' id='word_1_515' title='bbox 3319 3275 3399 3337; x_wconf 82' lang='grc' dir='ltr'><strong>είς</strong></span> <span class='ocrx_word' id='word_1_516' title='bbox 3415 3272 3596 3341; x_wconf 80' lang='grc' dir='ltr'>χεῖρας</span> <span class='ocrx_word' id='word_1_517' title='bbox 3614 3262 3789 3336; x_wconf 68' lang='grc' dir='ltr'>ἐχθρῶν</span> 
     </span>
    </p>
   </div>
   <div class='ocr_carea' id='block_1_67' title="bbox 553 3355 2146 3445">
    <p class='ocr_par' dir='ltr' id='par_1_67' title="bbox 553 3361 2134 3428">
     <span class='ocr_line' id='line_1_67' title="bbox 553 3361 2134 3428; baseline -0.001 -12"><span class='ocrx_word' id='word_1_518' title='bbox 553 3361 715 3416; x_wconf 82' lang='lat' dir='ltr'><strong>Dedit</strong></span> <span class='ocrx_word' id='word_1_519' title='bbox 741 3369 933 3416; x_wconf 89' lang='lat' dir='ltr'><strong>contra</strong></span> <span class='ocrx_word' id='word_1_520' title='bbox 961 3376 1049 3416; x_wconf 89' lang='lat' dir='ltr'><strong>me</strong></span> <span class='ocrx_word' id='word_1_521' title='bbox 1077 3376 1272 3416; x_wconf 88' lang='lat' dir='ltr'><strong>vocem</strong></span> <span class='ocrx_word' id='word_1_522' title='bbox 1293 3376 1448 3416; x_wconf 91' lang='lat' dir='ltr'><strong>suam</strong></span> <span class='ocrx_word' id='word_1_523' title='bbox 1477 3378 1492 3428; x_wconf 89' lang='lat'><strong>;</strong></span> <span class='ocrx_word' id='word_1_524' title='bbox 1521 3361 1649 3417; x_wconf 91' lang='lat' dir='ltr'><strong>ideo</strong></span> <span class='ocrx_word' id='word_1_525' title='bbox 1678 3362 1828 3416; x_wconf 87' lang='lat' dir='ltr'><strong>odivi</strong></span> <span class='ocrx_word' id='word_1_526' title='bbox 1864 3377 1987 3416; x_wconf 90' lang='lat' dir='ltr'><strong>eam</strong></span> <span class='ocrx_word' id='word_1_527' title='bbox 2013 3364 2080 3417; x_wconf 80' lang='grc'><strong>⁷³.</strong></span> <span class='ocrx_word' id='word_1_528' title='bbox 2116 3382 2134 3414; x_wconf 73' lang='grc' dir='ltr'><strong>ι</strong></span> 
     </span>
    </p>
   </div>
   <div class='ocr_carea' id='block_1_68' title="bbox 2199 3355 3792 3445">
    <p class='ocr_par' dir='ltr' id='par_1_68' title="bbox 2244 3355 3792 3445">
     <span class='ocr_line' id='line_1_68' title="bbox 2244 3355 3792 3445; baseline -0.016 -15"><span class='ocrx_word' id='word_1_529' title='bbox 2244 3374 2435 3445; x_wconf 76' lang='grc' dir='ltr'>αὐτῆς.</span> <span class='ocrx_word' id='word_1_530' title='bbox 2481 3372 2838 3444; x_wconf 75' lang='grc' dir='ltr'>Ἐγεννήθηὴ</span> <span class='ocrx_word' id='word_1_531' title='bbox 2882 3367 3217 3441; x_wconf 80' lang='grc' dir='ltr'>κληρονομία</span> <span class='ocrx_word' id='word_1_532' title='bbox 3281 3382 3384 3436; x_wconf 91' lang='grc' dir='ltr'><strong>μου</strong></span> <span class='ocrx_word' id='word_1_533' title='bbox 3429 3361 3550 3433; x_wconf 73' lang='grc' dir='ltr'>ἐμοὶ</span> <span class='ocrx_word' id='word_1_534' title='bbox 3583 3360 3651 3421; x_wconf 83' lang='grc' dir='ltr'>ὡς</span> <span class='ocrx_word' id='word_1_535' title='bbox 3679 3355 3792 3409; x_wconf 76' lang='grc' dir='ltr'>λέων</span> 
     </span>
    </p>
   </div>
   <div class='ocr_carea' id='block_1_69' title="bbox 552 3446 2145 3537">
    <p class='ocr_par' dir='ltr' id='par_1_69' title="bbox 552 3453 2142 3524">
     <span class='ocr_line' id='line_1_69' title="bbox 552 3453 2142 3524; baseline 0 -15"><span class='ocrx_word' id='word_1_536' title='bbox 552 3454 826 3509; x_wconf 63' lang='lat' dir='ltr'><strong>Caeterum</strong></span> <span class='ocrx_word' id='word_1_537' title='bbox 858 3453 1025 3508; x_wconf 89' lang='lat' dir='ltr'><strong>etiam</strong></span> <span class='ocrx_word' id='word_1_538' title='bbox 1051 3453 1380 3510; x_wconf 75' lang='lat' dir='ltr'><strong>mulieribus</strong></span> <span class='ocrx_word' id='word_1_539' title='bbox 1420 3454 1476 3508; x_wconf 90' lang='lat' dir='ltr'><strong>in</strong></span> <span class='ocrx_word' id='word_1_540' title='bbox 1515 3455 1678 3509; x_wconf 87' lang='lat' dir='ltr'><strong>horto</strong></span> <span class='ocrx_word' id='word_1_541' title='bbox 1714 3462 1840 3524; x_wconf 89' lang='lat' dir='ltr'><strong>post</strong></span> <span class='ocrx_word' id='word_1_542' title='bbox 1890 3470 2142 3510; x_wconf 89' lang='lat' dir='ltr'><strong>resurre-</strong></span> 
     </span>
    </p>
   </div>
   <div class='ocr_carea' id='block_1_70' title="bbox 2202 3446 3795 3537">
    <p class='ocr_par' dir='ltr' id='par_1_70' title="bbox 2244 3446 3795 3537">
     <span class='ocr_line' id='line_1_70' title="bbox 2244 3446 3795 3537; baseline -0.016 -16"><span class='ocrx_word' id='word_1_543' title='bbox 2244 3471 2303 3521; x_wconf 79' lang='grc' dir='ltr'>ὲν</span> <span class='ocrx_word' id='word_1_544' title='bbox 2329 3465 2541 3537; x_wconf 82' lang='grc' dir='ltr'>δρυμῷ.</span> <span class='ocrx_word' id='word_1_545' title='bbox 2574 3464 2814 3517; x_wconf 84' lang='grc' dir='ltr'>Ἔδωκεν</span> <span class='ocrx_word' id='word_1_546' title='bbox 2875 3461 2961 3516; x_wconf 69' lang='grc' dir='ltr'><strong>ἐπ’</strong></span> <span class='ocrx_word' id='word_1_547' title='bbox 3000 3460 3102 3530; x_wconf 73' lang='grc' dir='ltr'><strong>ἐμὲ</strong></span> <span class='ocrx_word' id='word_1_548' title='bbox 3138 3457 3238 3529; x_wconf 77' lang='grc' dir='ltr'>τὴν</span> <span class='ocrx_word' id='word_1_549' title='bbox 3272 3454 3457 3527; x_wconf 80' lang='grc' dir='ltr'>φωνὴν</span> <span class='ocrx_word' id='word_1_550' title='bbox 3500 3450 3682 3517; x_wconf 81' lang='grc' dir='ltr'>αὐτῆς,</span> <span class='ocrx_word' id='word_1_551' title='bbox 3721 3446 3795 3498; x_wconf 78' lang='grc' dir='ltr'>διὰ</span> 
     </span>
    </p>
   </div>
   <div class='ocr_carea' id='block_1_71' title="bbox 550 3539 2143 3627">
    <p class='ocr_par' dir='ltr' id='par_1_71' title="bbox 550 3545 2142 3617">
     <span class='ocr_line' id='line_1_71' title="bbox 550 3545 2142 3617; baseline 0.001 -18"><span class='ocrx_word' id='word_1_552' title='bbox 550 3547 797 3601; x_wconf 65' lang='lat' dir='ltr'><strong>caionem</strong></span> <span class='ocrx_word' id='word_1_553' title='bbox 840 3561 873 3599; x_wconf 91' lang='lat' dir='ltr'><strong>a</strong></span> <span class='ocrx_word' id='word_1_554' title='bbox 925 3546 1160 3600; x_wconf 87' lang='lat' dir='ltr'><strong>mortuis</strong></span> <span class='ocrx_word' id='word_1_555' title='bbox 1205 3560 1308 3615; x_wconf 89' lang='lat' dir='ltr'><strong>pro</strong></span> <span class='ocrx_word' id='word_1_556' title='bbox 1359 3560 1461 3600; x_wconf 91' lang='lat' dir='ltr'><strong>sua</strong></span> <span class='ocrx_word' id='word_1_557' title='bbox 1505 3545 1848 3616; x_wconf 84' lang='lat' dir='ltr'><strong>benignitate</strong></span> <span class='ocrx_word' id='word_1_558' title='bbox 1900 3547 2142 3617; x_wconf 89' lang='lat' dir='ltr'><strong>seipsum</strong></span> 
     </span>
    </p>
   </div>
   <div class='ocr_carea' id='block_1_72' title="bbox 2202 3539 3795 3627">
    <p class='ocr_par' dir='ltr' id='par_1_72' title="bbox 2244 3539 3795 3627">
     <span class='ocr_line' id='line_1_72' title="bbox 2244 3539 3795 3627; baseline -0.014 -15"><span class='ocrx_word' id='word_1_559' title='bbox 2244 3558 2401 3613; x_wconf 74' lang='grc' dir='ltr'>τοῦτο</span> <span class='ocrx_word' id='word_1_560' title='bbox 2440 3557 2680 3627; x_wconf 79' lang='grc' dir='ltr'>ἐμίσησα</span> <span class='ocrx_word' id='word_1_561' title='bbox 2706 3556 2900 3624; x_wconf 80' lang='grc' dir='ltr'>αὐτήν.</span> <span class='ocrx_word' id='word_1_562' title='bbox 2940 3572 2959 3603; x_wconf 70' lang='grc' dir='ltr'><strong>ι</strong></span> <span class='ocrx_word' id='word_1_563' title='bbox 2999 3550 3159 3605; x_wconf 83' lang='grc' dir='ltr'>Ἀλλὰ</span> <span class='ocrx_word' id='word_1_564' title='bbox 3193 3551 3291 3601; x_wconf 72' lang='grc' dir='ltr'>καὶ</span> <span class='ocrx_word' id='word_1_565' title='bbox 3336 3549 3455 3611; x_wconf 84' lang='grc' dir='ltr'>ταῖς</span> <span class='ocrx_word' id='word_1_566' title='bbox 3485 3546 3539 3597; x_wconf 81' lang='grc' dir='ltr'>ὲν</span> <span class='ocrx_word' id='word_1_567' title='bbox 3553 3541 3628 3612; x_wconf 81' lang='grc' dir='ltr'>τῷ</span> <span class='ocrx_word' id='word_1_568' title='bbox 3660 3539 3795 3627; x_wconf 67' lang='grc' dir='ltr'>κήπῳ</span> 
     </span>
    </p>
   </div>
   <div class='ocr_carea' id='block_1_73' title="bbox 554 3625 2147 3717">
    <p class='ocr_par' dir='ltr' id='par_1_73' title="bbox 554 3637 2139 3704">
     <span class='ocr_line' id='line_1_73' title="bbox 554 3637 2139 3704; baseline -0.001 -10"><span class='ocrx_word' id='word_1_569' title='bbox 554 3638 948 3701; x_wconf 80' lang='lat' dir='ltr'><strong>manifestavit,</strong></span> <span class='ocrx_word' id='word_1_570' title='bbox 968 3637 1161 3692; x_wconf 89' lang='lat' dir='ltr'><strong>dicens</strong></span> <span class='ocrx_word' id='word_1_571' title='bbox 1183 3637 1395 3702; x_wconf 83' lang='lat' dir='ltr'><strong>:Abite,</strong></span> <span class='ocrx_word' id='word_1_572' title='bbox 1411 3638 1664 3692; x_wconf 84' lang='lat' dir='ltr'><strong>nuntiate</strong></span> <span class='ocrx_word' id='word_1_573' title='bbox 1690 3637 1957 3693; x_wconf 81' lang='lat' dir='ltr'><strong>fratribus</strong></span> <span class='ocrx_word' id='word_1_574' title='bbox 1982 3638 2139 3704; x_wconf 88' lang='lat' dir='ltr'><strong>meis,</strong></span> 
     </span>
    </p>
   </div>
   <div class='ocr_carea' id='block_1_74' title="bbox 2203 3625 3796 3717">
    <p class='ocr_par' dir='ltr' id='par_1_74' title="bbox 2244 3625 3796 3717">
     <span class='ocr_line' id='line_1_74' title="bbox 2244 3625 3796 3717; baseline -0.008 -17"><span class='ocrx_word' id='word_1_575' title='bbox 2244 3625 2484 3717; x_wconf 56' lang='grc' dir='ltr'>γυναιξί</span> <span class='ocrx_word' id='word_1_576' title='bbox 2511 3625 2649 3717; x_wconf 76' lang='grc' dir='ltr'>μετὰ</span> <span class='ocrx_word' id='word_1_577' title='bbox 2687 3646 2786 3716; x_wconf 76' lang='grc' dir='ltr'>τὴν</span> <span class='ocrx_word' id='word_1_578' title='bbox 2846 3646 2912 3697; x_wconf 79' lang='grc' dir='ltr'>ὲκ</span> <span class='ocrx_word' id='word_1_579' title='bbox 2957 3641 3169 3711; x_wconf 84' lang='grc' dir='ltr'>νεκρῶν</span> <span class='ocrx_word' id='word_1_580' title='bbox 3199 3639 3497 3693; x_wconf 79' lang='grc' dir='ltr'>ἀνάστασιν</span> <span class='ocrx_word' id='word_1_581' title='bbox 3524 3632 3581 3697; x_wconf 75' lang='grc' dir='ltr'>ἐξ</span> <span class='ocrx_word' id='word_1_582' title='bbox 3624 3625 3796 3717; x_wconf 61' lang='grc' dir='ltr'>ἡμερᾷ-</span> 
     </span>
    </p>
   </div>
   <div class='ocr_carea' id='block_1_75' title="bbox 557 3716 2150 3813">
    <p class='ocr_par' dir='ltr' id='par_1_75' title="bbox 557 3727 2141 3793">
     <span class='ocr_line' id='line_1_75' title="bbox 557 3727 2141 3793; baseline -0.001 -8"><span class='ocrx_word' id='word_1_583' title='bbox 557 3740 618 3785; x_wconf 85' lang='lat' dir='ltr'><strong>ut</strong></span> <span class='ocrx_word' id='word_1_584' title='bbox 645 3731 844 3785; x_wconf 86' lang='lat' dir='ltr'><strong>abeant</strong></span> <span class='ocrx_word' id='word_1_585' title='bbox 887 3729 945 3783; x_wconf 89' lang='lat' dir='ltr'><strong>in</strong></span> <span class='ocrx_word' id='word_1_586' title='bbox 972 3727 1272 3793; x_wconf 77' lang='lat' dir='ltr'><strong>Galilaeam,</strong></span> <span class='ocrx_word' id='word_1_587' title='bbox 1314 3728 1392 3782; x_wconf 91' lang='lat' dir='ltr'><strong>ibi</strong></span> <span class='ocrx_word' id='word_1_588' title='bbox 1425 3744 1511 3783; x_wconf 91' lang='lat' dir='ltr'><strong>me</strong></span> <span class='ocrx_word' id='word_1_589' title='bbox 1533 3727 1804 3783; x_wconf 87' lang='lat' dir='ltr'><strong>videbunt</strong></span> <span class='ocrx_word' id='word_1_590' title='bbox 1827 3727 1898 3781; x_wconf 81' lang='grc' dir='ltr'><strong>⁸ο.</strong></span> <span class='ocrx_word' id='word_1_591' title='bbox 1940 3749 1957 3780; x_wconf 73' lang='grc' dir='ltr'><strong>ι</strong></span> <span class='ocrx_word' id='word_1_592' title='bbox 2005 3730 2141 3784; x_wconf 86' lang='lat' dir='ltr'><strong>Pro-</strong></span> 
     </span>
    </p>
   </div>
   <div class='ocr_carea' id='block_1_76' title="bbox 2202 3716 3795 3813">
    <p class='ocr_par' dir='ltr' id='par_1_76' title="bbox 2244 3716 3795 3813">
     <span class='ocr_line' id='line_1_76' title="bbox 2244 3716 3795 3813; baseline -0.016 -18"><span class='ocrx_word' id='word_1_593' title='bbox 2244 3758 2405 3813; x_wconf 90' lang='grc' dir='ltr'>τητος</span> <span class='ocrx_word' id='word_1_594' title='bbox 2434 3716 2526 3793; x_wconf 61' lang='grc' dir='ltr'><strong>καί</strong></span> <span class='ocrx_word' id='word_1_595' title='bbox 2560 3732 2970 3808; x_wconf 72' lang='grc' dir='ltr'>φιλανθρωπίας</span> <span class='ocrx_word' id='word_1_596' title='bbox 2994 3731 3186 3787; x_wconf 79' lang='grc' dir='ltr'>ἑαυτὸν</span> <span class='ocrx_word' id='word_1_597' title='bbox 3220 3728 3437 3800; x_wconf 73' lang='grc' dir='ltr'>ἐμφανῆ</span> <span class='ocrx_word' id='word_1_598' title='bbox 3466 3724 3701 3790; x_wconf 83' lang='grc' dir='ltr'>καθίστη,</span> <span class='ocrx_word' id='word_1_599' title='bbox 3726 3716 3795 3813; x_wconf 43' lang='lat' dir='ltr'><strong>it-</strong></span> 
     </span>
    </p>
   </div>
   <div class='ocr_carea' id='block_1_77' title="bbox 554 3807 2147 3903">
    <p class='ocr_par' dir='ltr' id='par_1_77' title="bbox 554 3820 2141 3892">
     <span class='ocr_line' id='line_1_77' title="bbox 554 3820 2141 3892; baseline -0.001 -14"><span class='ocrx_word' id='word_1_600' title='bbox 554 3823 731 3878; x_wconf 76' lang='lat' dir='ltr'><strong>fcctus</strong></span> <span class='ocrx_word' id='word_1_601' title='bbox 784 3821 1055 3892; x_wconf 72' lang='lat' dir='ltr'><strong>igiturin</strong></span> <span class='ocrx_word' id='word_1_602' title='bbox 1085 3820 1385 3885; x_wconf 70' lang='lat' dir='ltr'><strong>Galilaeam,</strong></span> <span class='ocrx_word' id='word_1_603' title='bbox 1436 3827 1496 3875; x_wconf 92' lang='lat' dir='ltr'><strong>ut</strong></span> <span class='ocrx_word' id='word_1_604' title='bbox 1535 3826 1593 3874; x_wconf 91' lang='lat' dir='ltr'><strong>et</strong></span> <span class='ocrx_word' id='word_1_605' title='bbox 1635 3820 1832 3876; x_wconf 90' lang='lat' dir='ltr'><strong>beatus</strong></span> <span class='ocrx_word' id='word_1_606' title='bbox 1887 3821 2056 3877; x_wconf 83' lang='lat' dir='ltr'><strong>Jacob</strong></span> <span class='ocrx_word' id='word_1_607' title='bbox 2085 3822 2141 3876; x_wconf 93' lang='lat' dir='ltr'><strong>in</strong></span> 
     </span>
    </p>
   </div>
   <div class='ocr_carea' id='block_1_78' title="bbox 2200 3807 3793 3903">
    <p class='ocr_par' dir='ltr' id='par_1_78' title="bbox 2246 3807 3793 3903">
     <span class='ocr_line' id='line_1_78' title="bbox 2246 3807 3793 3903; baseline -0.021 -11"><span class='ocrx_word' id='word_1_608' title='bbox 2246 3807 2378 3903; x_wconf 69' lang='grc' dir='ltr'>τῶν·</span> <span class='ocrx_word' id='word_1_609' title='bbox 2417 3852 2435 3883; x_wconf 81' lang='grc' dir='ltr'><strong>ι</strong></span> <span class='ocrx_word' id='word_1_610' title='bbox 2484 3807 3170 3898; x_wconf 81' lang='grc' dir='ltr'>’Υπάγετε,ἀπαγγείλατε</span> <span class='ocrx_word' id='word_1_611' title='bbox 3189 3825 3302 3885; x_wconf 80' lang='grc' dir='ltr'>τοῖς</span> <span class='ocrx_word' id='word_1_612' title='bbox 3325 3819 3568 3888; x_wconf 76' lang='grc' dir='ltr'>ἀδελφοῖς</span> <span class='ocrx_word' id='word_1_613' title='bbox 3599 3807 3793 3884; x_wconf 84' lang='grc' dir='ltr'>μου,ἴνα</span> 
     </span>
    </p>
   </div>
   <div class='ocr_carea' id='block_1_79' title="bbox 553 3908 2146 3993">
    <p class='ocr_par' dir='ltr' id='par_1_79' title="bbox 553 3908 2141 3981">
     <span class='ocr_line' id='line_1_79' title="bbox 553 3908 2141 3981; baseline -0.001 -13"><span class='ocrx_word' id='word_1_614' title='bbox 553 3910 824 3976; x_wconf 79' lang='lat' dir='ltr'><strong>Charran,</strong></span> <span class='ocrx_word' id='word_1_615' title='bbox 854 3910 1005 3981; x_wconf 85' lang='lat' dir='ltr'><strong>pavit</strong></span> <span class='ocrx_word' id='word_1_616' title='bbox 1024 3925 1157 3965; x_wconf 88' lang='lat' dir='ltr'><strong>oves</strong></span> <span class='ocrx_word' id='word_1_617' title='bbox 1186 3908 1397 3973; x_wconf 89' lang='lat' dir='ltr'><strong>Laban,</strong></span> <span class='ocrx_word' id='word_1_618' title='bbox 1440 3909 1548 3965; x_wconf 89' lang='lat' dir='ltr'><strong>hoc</strong></span> <span class='ocrx_word' id='word_1_619' title='bbox 1574 3916 1661 3964; x_wconf 88' lang='lat' dir='ltr'><strong>est</strong></span> <span class='ocrx_word' id='word_1_620' title='bbox 1689 3911 1901 3975; x_wconf 89' lang='lat' dir='ltr'><strong>mundi,</strong></span> <span class='ocrx_word' id='word_1_621' title='bbox 1923 3911 2020 3981; x_wconf 92' lang='lat' dir='ltr'><strong>qui</strong></span> <span class='ocrx_word' id='word_1_622' title='bbox 2047 3927 2141 3966; x_wconf 92' lang='lat' dir='ltr'><strong>co-</strong></span> 
     </span>
    </p>
   </div>
   <div class='ocr_carea' id='block_1_80' title="bbox 2196 3908 3789 3993">
    <p class='ocr_par' dir='ltr' id='par_1_80' title="bbox 2246 3911 3789 3993">
     <span class='ocr_line' id='line_1_80' title="bbox 2246 3911 3789 3993; baseline -0.014 -10"><span class='ocrx_word' id='word_1_623' title='bbox 2246 3927 2558 3983; x_wconf 82' lang='grc' dir='ltr'>ἀπέλθωσιν</span> <span class='ocrx_word' id='word_1_624' title='bbox 2611 3926 2691 3987; x_wconf 86' lang='grc' dir='ltr'>εἰς</span> <span class='ocrx_word' id='word_1_625' title='bbox 2720 3921 2818 3993; x_wconf 82' lang='grc' dir='ltr'>τὴν</span> <span class='ocrx_word' id='word_1_626' title='bbox 2862 3919 3174 3983; x_wconf 86' lang='grc' dir='ltr'>Γαλιλαίαν,</span> <span class='ocrx_word' id='word_1_627' title='bbox 3215 3918 3380 3972; x_wconf 77' lang='grc' dir='ltr'>κάκεῖ</span> <span class='ocrx_word' id='word_1_628' title='bbox 3409 3931 3475 3985; x_wconf 87' lang='grc' dir='ltr'><strong>με</strong></span> <span class='ocrx_word' id='word_1_629' title='bbox 3528 3911 3789 3981; x_wconf 46' lang='lat' dir='ltr'><strong>bimum</strong></span> 
     </span>
    </p>
   </div>
   <div class='ocr_carea' id='block_1_81' title="bbox 556 3961 2149 4090">
    <p class='ocr_par' dir='ltr' id='par_1_81' title="bbox 556 3961 2141 4071">
     <span class='ocr_line' id='line_1_81' title="bbox 556 3961 2141 4071; baseline 0 -14"><span class='ocrx_word' id='word_1_630' title='bbox 556 4002 704 4057; x_wconf 83' lang='lat' dir='ltr'><strong>lebat</strong></span> <span class='ocrx_word' id='word_1_631' title='bbox 735 3961 1037 4067; x_wconf 50' lang='lat' dir='ltr'><strong>crealturas,</strong></span> <span class='ocrx_word' id='word_1_632' title='bbox 1080 4009 1244 4071; x_wconf 90' lang='lat' dir='ltr'><strong>atque</strong></span> <span class='ocrx_word' id='word_1_633' title='bbox 1266 4001 1513 4065; x_wconf 88' lang='lat' dir='ltr'><strong>errabat,</strong></span> <span class='ocrx_word' id='word_1_634' title='bbox 1539 4001 1755 4057; x_wconf 88' lang='lat' dir='ltr'><strong>sicutet</strong></span> <span class='ocrx_word' id='word_1_635' title='bbox 1781 3961 1985 4057; x_wconf 64' lang='lat' dir='ltr'><strong>Laban.</strong></span> <span class='ocrx_word' id='word_1_636' title='bbox 2003 4003 2141 4059; x_wconf 91' lang='lat' dir='ltr'><strong>Cum</strong></span> 
     </span>
    </p>
   </div>
   <div class='ocr_carea' id='block_1_82' title="bbox 2364 3961 3957 4090">
    <p class='ocr_par' dir='ltr' id='par_1_82' title="bbox 2364 3961 3957 4090">
     <span class='ocr_line' id='line_1_82' title="bbox 2364 3961 3957 3985; baseline -0.013 -4"><span class='ocrx_word' id='word_1_637' title='bbox 2364 3961 2557 3981; x_wconf 70' lang='grc' dir='ltr'>ηυιυυιν</span> <span class='ocrx_word' id='word_1_638' title='bbox 2611 3961 2659 3977; x_wconf 68' lang='grc' dir='ltr'><strong>ς.</strong></span> <span class='ocrx_word' id='word_1_639' title='bbox 2731 3961 2769 3977; x_wconf 75' lang='grc' dir='ltr'><strong>ι..</strong></span> <span class='ocrx_word' id='word_1_640' title='bbox 2799 3961 2816 3975; x_wconf 68' lang='grc' dir='ltr'><strong>ι</strong></span> <span class='ocrx_word' id='word_1_641' title='bbox 2862 3961 3174 3983; x_wconf 74' lang='grc' dir='ltr'><strong>-..η........,,</strong></span> <span class='ocrx_word' id='word_1_642' title='bbox 3217 3961 3376 3972; x_wconf 53' lang='grc' dir='ltr'><strong>πη---</strong></span> <span class='ocrx_word' id='word_1_643' title='bbox 3409 3961 3474 3985; x_wconf 59' lang='grc' dir='ltr'><strong>Γ-</strong></span> <span class='ocrx_word' id='word_1_644' title='bbox 3535 3961 3639 3981; x_wconf 46' lang='grc' dir='ltr'><strong>,Γ</strong></span> 
     </span>
     <span class='ocr_line' id='line_1_83' title="bbox 2371 3961 3957 4090; baseline -0.015 -18"><span class='ocrx_word' id='word_1_645' title='bbox 2371 4019 2591 4090; x_wconf 88' lang='grc' dir='ltr'>ιγμένος</span> <span class='ocrx_word' id='word_1_646' title='bbox 2638 3961 2704 4085; x_wconf 57' lang='lat'><strong>6;)</strong></span> <span class='ocrx_word' id='word_1_647' title='bbox 2738 3961 2831 4068; x_wconf 62' lang='grc' dir='ltr'><strong>οθν</strong></span> <span class='ocrx_word' id='word_1_648' title='bbox 2857 4013 2937 4076; x_wconf 85' lang='grc' dir='ltr'><strong>εἰς</strong></span> <span class='ocrx_word' id='word_1_649' title='bbox 2980 4010 3079 4082; x_wconf 81' lang='grc' dir='ltr'><strong>τὴν</strong></span> <span class='ocrx_word' id='word_1_650' title='bbox 3122 4008 3432 4073; x_wconf 85' lang='grc' dir='ltr'>Γαλιλαίαν,</span> <span class='ocrx_word' id='word_1_651' title='bbox 3477 4000 3617 4058; x_wconf 79' lang='grc' dir='ltr'>καθὰ</span> <span class='ocrx_word' id='word_1_652' title='bbox 3654 3993 3796 4090; x_wconf 62' lang='grc' dir='ltr'>καὶὸ</span> <span class='ocrx_word' id='word_1_653' title='bbox 3895 4053 3899 4058; x_wconf 70' lang='grc'><strong>,</strong></span> 
     </span>
    </p>
   </div>
   <div class='ocr_carea' id='block_1_83' title="bbox 553 4087 2146 4175">
    <p class='ocr_par' dir='ltr' id='par_1_83' title="bbox 553 4090 2144 4164">
     <span class='ocr_line' id='line_1_84' title="bbox 553 4090 2144 4164; baseline 0.001 -17"><span class='ocrx_word' id='word_1_654' title='bbox 553 4091 704 4147; x_wconf 89' lang='lat' dir='ltr'><strong>enim</strong></span> <span class='ocrx_word' id='word_1_655' title='bbox 732 4091 808 4146; x_wconf 90' lang='lat' dir='ltr'><strong>ibi</strong></span> <span class='ocrx_word' id='word_1_656' title='bbox 839 4100 1005 4157; x_wconf 89' lang='lat' dir='ltr'><strong>esset,</strong></span> <span class='ocrx_word' id='word_1_657' title='bbox 1042 4091 1213 4147; x_wconf 88' lang='lat' dir='ltr'><strong>veluti</strong></span> <span class='ocrx_word' id='word_1_658' title='bbox 1239 4106 1475 4161; x_wconf 87' lang='lat' dir='ltr'><strong>sponsus</strong></span> <span class='ocrx_word' id='word_1_659' title='bbox 1501 4090 1774 4162; x_wconf 88' lang='lat' dir='ltr'><strong>quispiam</strong></span> <span class='ocrx_word' id='word_1_660' title='bbox 1819 4094 2144 4164; x_wconf 86' lang='lat' dir='ltr'><strong>spiritaliter</strong></span> 
     </span>
    </p>
   </div>
   <div class='ocr_carea' id='block_1_84' title="bbox 2203 4087 3796 4175">
    <p class='ocr_par' dir='ltr' id='par_1_84' title="bbox 2246 4087 3796 4175">
     <span class='ocr_line' id='line_1_85' title="bbox 2246 4087 3796 4175; baseline -0.018 -8"><span class='ocrx_word' id='word_1_661' title='bbox 2246 4087 2532 4173; x_wconf 70' lang='grc' dir='ltr'>θεσπέσιος</span> <span class='ocrx_word' id='word_1_662' title='bbox 2578 4106 2771 4163; x_wconf 82' lang='grc' dir='ltr'>Ἰακὼὸ</span> <span class='ocrx_word' id='word_1_663' title='bbox 2797 4108 2877 4170; x_wconf 86' lang='grc' dir='ltr'>εἰς</span> <span class='ocrx_word' id='word_1_664' title='bbox 2905 4103 3153 4175; x_wconf 73' lang='grc' dir='ltr'>Χαρρὰν,</span> <span class='ocrx_word' id='word_1_665' title='bbox 3194 4101 3479 4172; x_wconf 67' lang='grc' dir='ltr'>ἐποίμαινε</span> <span class='ocrx_word' id='word_1_666' title='bbox 3516 4095 3582 4149; x_wconf 78' lang='grc' dir='ltr'>τὰ</span> <span class='ocrx_word' id='word_1_667' title='bbox 3616 4087 3796 4160; x_wconf 76' lang='grc' dir='ltr'>πρόϐα-</span> 
     </span>
    </p>
   </div>
   <div class='ocr_carea' id='block_1_85' title="bbox 558 4178 2151 4266">
    <p class='ocr_par' dir='ltr' id='par_1_85' title="bbox 558 4182 2146 4254">
     <span class='ocr_line' id='line_1_86' title="bbox 558 4182 2146 4254; baseline 0.003 -17"><span class='ocrx_word' id='word_1_668' title='bbox 558 4183 615 4238; x_wconf 84' lang='lat' dir='ltr'><strong>in</strong></span> <span class='ocrx_word' id='word_1_669' title='bbox 636 4182 859 4237; x_wconf 90' lang='lat' dir='ltr'><strong>domum</strong></span> <span class='ocrx_word' id='word_1_670' title='bbox 901 4198 1057 4238; x_wconf 87' lang='lat' dir='ltr'><strong>suam</strong></span> <span class='ocrx_word' id='word_1_671' title='bbox 1102 4182 1409 4238; x_wconf 91' lang='lat' dir='ltr'><strong>introducit</strong></span> <span class='ocrx_word' id='word_1_672' title='bbox 1450 4182 1717 4254; x_wconf 85' lang='lat' dir='ltr'><strong>virginem</strong></span> <span class='ocrx_word' id='word_1_673' title='bbox 1763 4193 1990 4250; x_wconf 89' lang='lat' dir='ltr'><strong>castam,</strong></span> <span class='ocrx_word' id='word_1_674' title='bbox 2042 4187 2146 4241; x_wconf 86' lang='lat' dir='ltr'><strong>Ec-</strong></span> 
     </span>
    </p>
   </div>
   <div class='ocr_carea' id='block_1_86' title="bbox 2202 4178 3795 4266">
    <p class='ocr_par' dir='ltr' id='par_1_86' title="bbox 2246 4178 3795 4266">
     <span class='ocr_line' id='line_1_87' title="bbox 2246 4178 3795 4266; baseline -0.017 -7"><span class='ocrx_word' id='word_1_675' title='bbox 2246 4221 2316 4260; x_wconf 86' lang='grc' dir='ltr'><strong>τα</strong></span> <span class='ocrx_word' id='word_1_676' title='bbox 2347 4202 2555 4266; x_wconf 78' lang='grc' dir='ltr'>Δάὸαν,</span> <span class='ocrx_word' id='word_1_677' title='bbox 2586 4199 2833 4254; x_wconf 84' lang='grc' dir='ltr'>τουτέστι</span> <span class='ocrx_word' id='word_1_678' title='bbox 2864 4195 2960 4249; x_wconf 79' lang='grc' dir='ltr'>τοῦ</span> <span class='ocrx_word' id='word_1_679' title='bbox 2991 4194 3219 4265; x_wconf 85' lang='grc' dir='ltr'>κόσμου,</span> <span class='ocrx_word' id='word_1_680' title='bbox 3253 4192 3351 4247; x_wconf 81' lang='grc' dir='ltr'>τοῦ</span> <span class='ocrx_word' id='word_1_681' title='bbox 3378 4193 3443 4261; x_wconf 76' lang='grc' dir='ltr'>τῇ</span> <span class='ocrx_word' id='word_1_682' title='bbox 3478 4186 3647 4242; x_wconf 86' lang='grc' dir='ltr'>κτίσει</span> <span class='ocrx_word' id='word_1_683' title='bbox 3667 4178 3795 4234; x_wconf 80' lang='grc' dir='ltr'>λελα·</span> 
     </span>
    </p>
   </div>
   <div class='ocr_carea' id='block_1_87' title="bbox 555 4272 2148 4367">
    <p class='ocr_par' dir='ltr' id='par_1_87' title="bbox 555 4274 2143 4346">
     <span class='ocr_line' id='line_1_88' title="bbox 555 4274 2143 4346; baseline 0.003 -17"><span class='ocrx_word' id='word_1_684' title='bbox 555 4274 779 4329; x_wconf 87' lang='lat' dir='ltr'><strong>clesiam</strong></span> <span class='ocrx_word' id='word_1_685' title='bbox 801 4290 871 4329; x_wconf 79' lang='lat' dir='ltr'><strong>ex</strong></span> <span class='ocrx_word' id='word_1_686' title='bbox 894 4276 1172 4346; x_wconf 80' lang='lat' dir='ltr'><strong>gentibus,</strong></span> <span class='ocrx_word' id='word_1_687' title='bbox 1204 4275 1309 4330; x_wconf 90' lang='lat' dir='ltr'><strong>hoc</strong></span> <span class='ocrx_word' id='word_1_688' title='bbox 1341 4283 1427 4330; x_wconf 89' lang='lat' dir='ltr'><strong>est</strong></span> <span class='ocrx_word' id='word_1_689' title='bbox 1459 4276 1687 4341; x_wconf 81' lang='lat' dir='ltr'><strong>Rachel,</strong></span> <span class='ocrx_word' id='word_1_690' title='bbox 1730 4276 2000 4333; x_wconf 87' lang='lat' dir='ltr'><strong>inducens</strong></span> <span class='ocrx_word' id='word_1_691' title='bbox 2034 4294 2143 4333; x_wconf 86' lang='lat' dir='ltr'><strong>una</strong></span> 
     </span>
    </p>
   </div>
   <div class='ocr_carea' id='block_1_88' title="bbox 2200 4272 3793 4367">
    <p class='ocr_par' dir='ltr' id='par_1_88' title="bbox 2243 4272 3793 4367">
     <span class='ocr_line' id='line_1_89' title="bbox 2243 4272 3793 4367; baseline -0.017 -16"><span class='ocrx_word' id='word_1_692' title='bbox 2243 4296 2555 4367; x_wconf 78' lang='grc' dir='ltr'>τρευκότος,</span> <span class='ocrx_word' id='word_1_693' title='bbox 2607 4292 2703 4346; x_wconf 77' lang='grc' dir='ltr'>καὶ</span> <span class='ocrx_word' id='word_1_694' title='bbox 2760 4285 3204 4358; x_wconf 79' lang='grc' dir='ltr'>πεπλανημένον,</span> <span class='ocrx_word' id='word_1_695' title='bbox 3251 4283 3394 4338; x_wconf 82' lang='grc' dir='ltr'>καθὰ</span> <span class='ocrx_word' id='word_1_696' title='bbox 3438 4281 3535 4335; x_wconf 75' lang='grc' dir='ltr'>καὶ</span> <span class='ocrx_word' id='word_1_697' title='bbox 3558 4279 3586 4330; x_wconf 91' lang='grc' dir='ltr'><strong>ό</strong></span> <span class='ocrx_word' id='word_1_698' title='bbox 3616 4272 3793 4367; x_wconf 43' lang='grc' dir='ltr'>Λάδην.</span> 
     </span>
    </p>
   </div>
   <div class='ocr_carea' id='block_1_89' title="bbox 554 4359 2147 4455">
    <p class='ocr_par' dir='ltr' id='par_1_89' title="bbox 554 4367 2142 4440">
     <span class='ocr_line' id='line_1_90' title="bbox 554 4367 2142 4440; baseline 0.003 -18"><span class='ocrx_word' id='word_1_699' title='bbox 554 4383 681 4422; x_wconf 89' lang='lat' dir='ltr'><strong>cum</strong></span> <span class='ocrx_word' id='word_1_700' title='bbox 700 4367 818 4437; x_wconf 88' lang='lat' dir='ltr'><strong>ipsa</strong></span> <span class='ocrx_word' id='word_1_701' title='bbox 844 4367 1010 4423; x_wconf 88' lang='lat' dir='ltr'><strong>etiam</strong></span> <span class='ocrx_word' id='word_1_702' title='bbox 1042 4384 1165 4424; x_wconf 87' lang='lat' dir='ltr'><strong>eam</strong></span> <span class='ocrx_word' id='word_1_703' title='bbox 1199 4384 1322 4439; x_wconf 64' lang='lat' dir='ltr'><strong>quas</strong></span> <span class='ocrx_word' id='word_1_704' title='bbox 1344 4377 1504 4423; x_wconf 85' lang='lat' dir='ltr'><strong>antea</strong></span> <span class='ocrx_word' id='word_1_705' title='bbox 1538 4383 1637 4438; x_wconf 91' lang='lat' dir='ltr'><strong>per</strong></span> <span class='ocrx_word' id='word_1_706' title='bbox 1660 4368 1836 4439; x_wconf 84' lang='lat' dir='ltr'><strong>legem</strong></span> <span class='ocrx_word' id='word_1_707' title='bbox 1864 4369 1968 4440; x_wconf 90' lang='lat' dir='ltr'><strong>ipsi</strong></span> <span class='ocrx_word' id='word_1_708' title='bbox 2006 4377 2142 4426; x_wconf 77' lang='lat' dir='ltr'><strong>Con-</strong></span> 
     </span>
    </p>
   </div>
   <div class='ocr_carea' id='block_1_90' title="bbox 2202 4359 3795 4455">
    <p class='ocr_par' dir='ltr' id='par_1_90' title="bbox 2260 4359 3795 4455">
     <span class='ocr_line' id='line_1_91' title="bbox 2260 4359 3795 4455; baseline -0.015 -11"><span class='ocrx_word' id='word_1_709' title='bbox 2260 4359 2411 4443; x_wconf 70' lang='grc' dir='ltr'>’ίίκεῐ</span> <span class='ocrx_word' id='word_1_710' title='bbox 2438 4382 2701 4455; x_wconf 85' lang='grc' dir='ltr'>γεγονὼς,</span> <span class='ocrx_word' id='word_1_711' title='bbox 2727 4376 2817 4437; x_wconf 75' lang='grc' dir='ltr'><strong>οἶά</strong></span> <span class='ocrx_word' id='word_1_712' title='bbox 2844 4370 2930 4445; x_wconf 77' lang='grc' dir='ltr'><strong>τις</strong></span> <span class='ocrx_word' id='word_1_713' title='bbox 2971 4378 3206 4449; x_wconf 82' lang='grc' dir='ltr'>νυμφίος</span> <span class='ocrx_word' id='word_1_714' title='bbox 3241 4372 3589 4437; x_wconf 74' lang='grc' dir='ltr'>είσοικίξεται</span> <span class='ocrx_word' id='word_1_715' title='bbox 3619 4359 3795 4433; x_wconf 81' lang='grc' dir='ltr'>νοητῶς</span> 
     </span>
    </p>
   </div>
   <div class='ocr_carea' id='block_1_91' title="bbox 547 4456 2140 4551">
    <p class='ocr_par' dir='ltr' id='par_1_91' title="bbox 547 4459 2140 4535">
     <span class='ocr_line' id='line_1_92' title="bbox 547 4459 2140 4535; baseline 0.001 -22"><span class='ocrx_word' id='word_1_716' title='bbox 547 4462 739 4531; x_wconf 86' lang='lat' dir='ltr'><strong>juncta</strong></span> <span class='ocrx_word' id='word_1_717' title='bbox 768 4459 1246 4535; x_wconf 68' lang='lat' dir='ltr'><strong>erat,Judaeorum</strong></span> <span class='ocrx_word' id='word_1_718' title='bbox 1287 4460 1625 4531; x_wconf 83' lang='lat' dir='ltr'><strong>Synagogam</strong></span> <span class='ocrx_word' id='word_1_719' title='bbox 1666 4461 1825 4530; x_wconf 84' lang='lat' dir='ltr'><strong>cujus</strong></span> <span class='ocrx_word' id='word_1_720' title='bbox 1861 4468 2021 4533; x_wconf 81' lang='lat' dir='ltr'><strong>typus</strong></span> <span class='ocrx_word' id='word_1_721' title='bbox 2062 4470 2140 4515; x_wconf 89' lang='lat' dir='ltr'><strong>est</strong></span> 
     </span>
    </p>
   </div>
   <div class='ocr_carea' id='block_1_92' title="bbox 2203 4456 3796 4551">
    <p class='ocr_par' dir='ltr' id='par_1_92' title="bbox 2203 4456 3796 4551">
     <span class='ocr_line' id='line_1_93' title="bbox 2203 4456 3796 4551; baseline -0.018 -18"><span class='ocrx_word' id='word_1_722' title='bbox 2203 4467 2222 4509; x_wconf 67' lang='grc' dir='ltr'><strong>δ</strong></span> <span class='ocrx_word' id='word_1_723' title='bbox 2253 4477 2518 4551; x_wconf 76' lang='grc' dir='ltr'>παρθένον</span> <span class='ocrx_word' id='word_1_724' title='bbox 2541 4474 2733 4546; x_wconf 84' lang='grc' dir='ltr'>ἁγνὴν,</span> <span class='ocrx_word' id='word_1_725' title='bbox 2764 4473 2862 4544; x_wconf 83' lang='grc' dir='ltr'>τὴν</span> <span class='ocrx_word' id='word_1_726' title='bbox 2889 4470 2950 4536; x_wconf 76' lang='grc' dir='ltr'><strong>ἐξ</strong></span> <span class='ocrx_word' id='word_1_727' title='bbox 2988 4469 3159 4525; x_wconf 74' lang='grc' dir='ltr'>ἐθνῶν</span> <span class='ocrx_word' id='word_1_728' title='bbox 3211 4465 3559 4535; x_wconf 86' lang='grc' dir='ltr'>Ἐκκλησίαν,</span> <span class='ocrx_word' id='word_1_729' title='bbox 3583 4456 3796 4514; x_wconf 77' lang='grc' dir='ltr'>τουτέστι</span> 
     </span>
    </p>
   </div>
   <div class='ocr_carea' id='block_1_93' title="bbox 555 4549 2148 4639">
    <p class='ocr_par' dir='ltr' id='par_1_93' title="bbox 555 4549 2143 4623">
     <span class='ocr_line' id='line_1_94' title="bbox 555 4549 2143 4623; baseline 0.002 -19"><span class='ocrx_word' id='word_1_730' title='bbox 555 4550 673 4605; x_wconf 89' lang='lat' dir='ltr'><strong>Lia.</strong></span> <span class='ocrx_word' id='word_1_731' title='bbox 711 4568 728 4601; x_wconf 88' lang='grc' dir='ltr'><strong>ι</strong></span> <span class='ocrx_word' id='word_1_732' title='bbox 752 4549 983 4605; x_wconf 66' lang='lat' dir='ltr'><strong>Salvete:</strong></span> <span class='ocrx_word' id='word_1_733' title='bbox 1009 4552 1159 4604; x_wconf 89' lang='lat' dir='ltr'><strong>enim</strong></span> <span class='ocrx_word' id='word_1_734' title='bbox 1195 4559 1326 4606; x_wconf 89' lang='lat' dir='ltr'><strong>sunt</strong></span> <span class='ocrx_word' id='word_1_735' title='bbox 1355 4551 1605 4621; x_wconf 78' lang='lat' dir='ltr'><strong>reliquize</strong></span> <span class='ocrx_word' id='word_1_736' title='bbox 1632 4550 1801 4606; x_wconf 84' lang='lat' dir='ltr'><strong>Israel</strong></span> <span class='ocrx_word' id='word_1_737' title='bbox 1829 4552 1896 4617; x_wconf 70' lang='grc' dir='ltr'>εί,</span> <span class='ocrx_word' id='word_1_738' title='bbox 1927 4572 1945 4604; x_wconf 76' lang='grc' dir='ltr'><strong>ι</strong></span> <span class='ocrx_word' id='word_1_739' title='bbox 1987 4553 2143 4623; x_wconf 74' lang='lat' dir='ltr'><strong>juxta</strong></span> 
     </span>
    </p>
   </div>
   <div class='ocr_carea' id='block_1_94' title="bbox 2202 4549 3795 4639">
    <p class='ocr_par' dir='ltr' id='par_1_94' title="bbox 2263 4549 3795 4639">
     <span class='ocr_line' id='line_1_95' title="bbox 2263 4549 3795 4639; baseline -0.015 -15"><span class='ocrx_word' id='word_1_740' title='bbox 2263 4549 2487 4639; x_wconf 81' lang='grc' dir='ltr'>Ῥαχὴλ,</span> <span class='ocrx_word' id='word_1_741' title='bbox 2511 4564 2850 4633; x_wconf 80' lang='grc' dir='ltr'>συνεισάγων</span> <span class='ocrx_word' id='word_1_742' title='bbox 2872 4564 3009 4634; x_wconf 76' lang='grc' dir='ltr'>αὐτῇ</span> <span class='ocrx_word' id='word_1_743' title='bbox 3038 4561 3134 4616; x_wconf 73' lang='grc' dir='ltr'>καὶ</span> <span class='ocrx_word' id='word_1_744' title='bbox 3160 4559 3259 4631; x_wconf 80' lang='grc' dir='ltr'>τὴν</span> <span class='ocrx_word' id='word_1_745' title='bbox 3285 4559 3386 4630; x_wconf 76' lang='grc' dir='ltr'>ἤδη</span> <span class='ocrx_word' id='word_1_746' title='bbox 3404 4556 3490 4611; x_wconf 85' lang='grc' dir='ltr'>διὰ</span> <span class='ocrx_word' id='word_1_747' title='bbox 3505 4554 3659 4624; x_wconf 82' lang='grc' dir='ltr'>νόμου</span> <span class='ocrx_word' id='word_1_748' title='bbox 3685 4560 3795 4615; x_wconf 77' lang='grc' dir='ltr'>προ-</span> 
     </span>
    </p>
   </div>
   <div class='ocr_carea' id='block_1_95' title="bbox 556 4641 2149 4731">
    <p class='ocr_par' dir='ltr' id='par_1_95' title="bbox 556 4642 2144 4712">
     <span class='ocr_line' id='line_1_96' title="bbox 556 4642 2144 4712; baseline 0.004 -18"><span class='ocrx_word' id='word_1_749' title='bbox 556 4642 843 4712; x_wconf 71' lang='lat' dir='ltr'><strong>propheta:</strong></span> <span class='ocrx_word' id='word_1_750' title='bbox 884 4657 1106 4709; x_wconf 73' lang='lat' dir='ltr'><strong>vocem,</strong></span> <span class='ocrx_word' id='word_1_751' title='bbox 1148 4642 1366 4698; x_wconf 88' lang='lat' dir='ltr'><strong>etiamsi</strong></span> <span class='ocrx_word' id='word_1_752' title='bbox 1415 4658 1527 4697; x_wconf 90' lang='lat' dir='ltr'><strong>non</strong></span> <span class='ocrx_word' id='word_1_753' title='bbox 1560 4642 1817 4697; x_wconf 85' lang='lat' dir='ltr'><strong>universa</strong></span> <span class='ocrx_word' id='word_1_754' title='bbox 1846 4644 2144 4700; x_wconf 90' lang='lat' dir='ltr'><strong>multitudo</strong></span> 
     </span>
    </p>
   </div>
   <div class='ocr_carea' id='block_1_96' title="bbox 2199 4641 3792 4731">
    <p class='ocr_par' dir='ltr' id='par_1_96' title="bbox 2250 4641 3792 4731">
     <span class='ocr_line' id='line_1_97' title="bbox 2250 4641 3792 4731; baseline -0.012 -15"><span class='ocrx_word' id='word_1_755' title='bbox 2250 4659 2697 4731; x_wconf 81' lang='grc' dir='ltr'>κατεζευγμένην</span> <span class='ocrx_word' id='word_1_756' title='bbox 2723 4657 2896 4728; x_wconf 83' lang='grc' dir='ltr'>αὐτῷ,</span> <span class='ocrx_word' id='word_1_757' title='bbox 2923 4657 3023 4727; x_wconf 73' lang='grc' dir='ltr'>τὴν</span> <span class='ocrx_word' id='word_1_758' title='bbox 3047 4654 3156 4709; x_wconf 90' lang='grc' dir='ltr'><strong>τῶν</strong></span> <span class='ocrx_word' id='word_1_759' title='bbox 3192 4652 3462 4707; x_wconf 86' lang='grc' dir='ltr'>Ἰουδαίων</span> <span class='ocrx_word' id='word_1_760' title='bbox 3479 4641 3792 4712; x_wconf 77' lang='grc' dir='ltr'>Συναγωγὴνι</span> 
     </span>
    </p>
   </div>
   <div class='ocr_carea' id='block_1_97' title="bbox 555 4731 2148 4824">
    <p class='ocr_par' dir='ltr' id='par_1_97' title="bbox 555 4731 2139 4805">
     <span class='ocr_line' id='line_1_98' title="bbox 555 4731 2139 4805; baseline 0.004 -21"><span class='ocrx_word' id='word_1_761' title='bbox 555 4732 789 4803; x_wconf 85' lang='lat' dir='ltr'><strong>gratiam</strong></span> <span class='ocrx_word' id='word_1_762' title='bbox 830 4732 887 4805; x_wconf 88' lang='lat' dir='ltr'><strong>in</strong></span> <span class='ocrx_word' id='word_1_763' title='bbox 914 4731 1135 4788; x_wconf 87' lang='lat' dir='ltr'><strong>Christo</strong></span> <span class='ocrx_word' id='word_1_764' title='bbox 1178 4749 1279 4804; x_wconf 89' lang='lat' dir='ltr'><strong>per</strong></span> <span class='ocrx_word' id='word_1_765' title='bbox 1329 4733 1491 4788; x_wconf 83' lang='lat' dir='ltr'><strong>ﬁdem</strong></span> <span class='ocrx_word' id='word_1_766' title='bbox 1535 4733 1593 4787; x_wconf 88' lang='lat' dir='ltr'><strong>in</strong></span> <span class='ocrx_word' id='word_1_767' title='bbox 1633 4734 1811 4803; x_wconf 80' lang='lat' dir='ltr'><strong>pretio</strong></span> <span class='ocrx_word' id='word_1_768' title='bbox 1863 4735 2139 4791; x_wconf 83' lang='lat' dir='ltr'><strong>habuerit.</strong></span> 
     </span>
    </p>
   </div>
   <div class='ocr_carea' id='block_1_98' title="bbox 2201 4731 3794 4824">
    <p class='ocr_par' dir='ltr' id='par_1_98' title="bbox 2248 4737 3794 4824">
     <span class='ocr_line' id='line_1_99' title="bbox 2248 4737 3794 4824; baseline -0.021 -7"><span class='ocrx_word' id='word_1_769' title='bbox 2248 4750 2317 4824; x_wconf 81' lang='grc' dir='ltr'><strong>ἦς</strong></span> <span class='ocrx_word' id='word_1_770' title='bbox 2350 4752 2521 4815; x_wconf 76' lang='grc' dir='ltr'>τύπος</span> <span class='ocrx_word' id='word_1_771' title='bbox 2571 4752 2604 4820; x_wconf 79' lang='grc' dir='ltr'><strong>ἡ</strong></span> <span class='ocrx_word' id='word_1_772' title='bbox 2640 4749 2794 4804; x_wconf 79' lang='grc' dir='ltr'>Λεία.</span> <span class='ocrx_word' id='word_1_773' title='bbox 2853 4767 2874 4801; x_wconf 88' lang='grc'>‹</span> <span class='ocrx_word' id='word_1_774' title='bbox 2911 4748 3188 4801; x_wconf 82' lang='grc' dir='ltr'>Σέσωσται</span> <span class='ocrx_word' id='word_1_775' title='bbox 3223 4745 3332 4816; x_wconf 84' lang='grc' dir='ltr'><strong>γὰρ</strong></span> <span class='ocrx_word' id='word_1_776' title='bbox 3374 4743 3435 4797; x_wconf 84' lang='grc' dir='ltr'>τὸ</span> <span class='ocrx_word' id='word_1_777' title='bbox 3480 4737 3794 4824; x_wconf 55' lang='grc' dir='ltr'>κατάλειμμσ</span> 
     </span>
    </p>
   </div>
   <div class='ocr_carea' id='block_1_99' title="bbox 555 4820 2148 4914">
    <p class='ocr_par' dir='ltr' id='par_1_99' title="bbox 555 4822 2142 4895">
     <span class='ocr_line' id='line_1_100' title="bbox 555 4822 2142 4895; baseline 0.003 -18"><span class='ocrx_word' id='word_1_778' title='bbox 555 4822 823 4879; x_wconf 86' lang='lat' dir='ltr'><strong>Ostensus</strong></span> <span class='ocrx_word' id='word_1_779' title='bbox 856 4825 1043 4894; x_wconf 86' lang='lat' dir='ltr'><strong>itaque</strong></span> <span class='ocrx_word' id='word_1_780' title='bbox 1090 4840 1327 4895; x_wconf 90' lang='lat' dir='ltr'><strong>sponsus</strong></span> <span class='ocrx_word' id='word_1_781' title='bbox 1378 4824 1639 4895; x_wconf 85' lang='lat' dir='ltr'><strong>gentibus</strong></span> <span class='ocrx_word' id='word_1_782' title='bbox 1684 4823 1958 4891; x_wconf 84' lang='lat' dir='ltr'><strong>Christus,</strong></span> <span class='ocrx_word' id='word_1_783' title='bbox 2016 4842 2142 4882; x_wconf 90' lang='lat' dir='ltr'><strong>cum</strong></span> 
     </span>
    </p>
   </div>
   <div class='ocr_carea' id='block_1_100' title="bbox 2200 4820 3793 4914">
    <p class='ocr_par' dir='ltr' id='par_1_100' title="bbox 2248 4820 3793 4914">
     <span class='ocr_line' id='line_1_101' title="bbox 2248 4820 3793 4914; baseline -0.013 -17"><span class='ocrx_word' id='word_1_784' title='bbox 2248 4820 2345 4899; x_wconf 75' lang='grc' dir='ltr'>τοῦ</span> <span class='ocrx_word' id='word_1_785' title='bbox 2391 4843 2631 4914; x_wconf 82' lang='grc' dir='ltr'>Ἰσραὴλ,</span> <span class='ocrx_word' id='word_1_786' title='bbox 2668 4861 2687 4894; x_wconf 79' lang='grc' dir='ltr'><strong>ι</strong></span> <span class='ocrx_word' id='word_1_787' title='bbox 2726 4841 2871 4896; x_wconf 85' lang='grc' dir='ltr'>κατὰ</span> <span class='ocrx_word' id='word_1_788' title='bbox 2912 4839 3009 4911; x_wconf 81' lang='grc' dir='ltr'>τὴν</span> <span class='ocrx_word' id='word_1_789' title='bbox 3052 4836 3148 4892; x_wconf 79' lang='grc' dir='ltr'>τοῦ</span> <span class='ocrx_word' id='word_1_790' title='bbox 3198 4838 3478 4907; x_wconf 74' lang='grc' dir='ltr'>προφήτου</span> <span class='ocrx_word' id='word_1_791' title='bbox 3527 4829 3714 4903; x_wconf 73' lang='grc' dir='ltr'>φωνὴν,</span> <span class='ocrx_word' id='word_1_792' title='bbox 3750 4820 3793 4914; x_wconf 7' lang='grc' dir='ltr'><strong>,εἰ</strong></span> 
     </span>
    </p>
   </div>
   <div class='ocr_carea' id='block_1_101' title="bbox 554 4913 2147 5005">
    <p class='ocr_par' dir='ltr' id='par_1_101' title="bbox 554 4916 2145 4987">
     <span class='ocr_line' id='line_1_102' title="bbox 554 4916 2145 4987; baseline 0.002 -16"><span class='ocrx_word' id='word_1_793' title='bbox 554 4916 993 4986; x_wconf 89' lang='lat' dir='ltr'><strong>quamplurimos</strong></span> <span class='ocrx_word' id='word_1_794' title='bbox 1033 4924 1414 4986; x_wconf 86' lang='lat' dir='ltr'><strong>regenerasset</strong></span> <span class='ocrx_word' id='word_1_795' title='bbox 1442 4918 1615 4987; x_wconf 86' lang='lat' dir='ltr'><strong>gratia</strong></span> <span class='ocrx_word' id='word_1_796' title='bbox 1645 4918 1702 4972; x_wconf 91' lang='lat' dir='ltr'><strong>in</strong></span> <span class='ocrx_word' id='word_1_797' title='bbox 1733 4917 2052 4973; x_wconf 84' lang='lat' dir='ltr'><strong>ﬁliationem</strong></span> <span class='ocrx_word' id='word_1_798' title='bbox 2087 4921 2145 4974; x_wconf 92' lang='lat' dir='ltr'><strong>in</strong></span> 
     </span>
    </p>
   </div>
   <div class='ocr_carea' id='block_1_102' title="bbox 2201 4913 3794 5005">
    <p class='ocr_par' dir='ltr' id='par_1_102' title="bbox 2249 4913 3794 5005">
     <span class='ocr_line' id='line_1_103' title="bbox 2249 4913 3794 5005; baseline -0.013 -16"><span class='ocrx_word' id='word_1_799' title='bbox 2249 4936 2345 4989; x_wconf 75' lang='grc' dir='ltr'>καὶ</span> <span class='ocrx_word' id='word_1_800' title='bbox 2399 4913 2478 5005; x_wconf 11' lang='grc' dir='ltr'><strong>μὴν</strong></span> <span class='ocrx_word' id='word_1_801' title='bbox 2527 4934 2678 4987; x_wconf 77' lang='grc' dir='ltr'>πᾶσα</span> <span class='ocrx_word' id='word_1_802' title='bbox 2729 4932 2892 5002; x_wconf 82' lang='grc' dir='ltr'>τυχὸν</span> <span class='ocrx_word' id='word_1_803' title='bbox 2921 4933 2955 4999; x_wconf 82' lang='grc' dir='ltr'><strong>ἡ</strong></span> <span class='ocrx_word' id='word_1_804' title='bbox 2998 4929 3208 4999; x_wconf 76' lang='grc' dir='ltr'>πληθὺς</span> <span class='ocrx_word' id='word_1_805' title='bbox 3236 4927 3337 4999; x_wconf 86' lang='grc' dir='ltr'>τὴν</span> <span class='ocrx_word' id='word_1_806' title='bbox 3372 4927 3462 4980; x_wconf 82' lang='grc' dir='ltr'>διὰ</span> <span class='ocrx_word' id='word_1_807' title='bbox 3496 4924 3713 4979; x_wconf 82' lang='grc' dir='ltr'>πίστεως</span> <span class='ocrx_word' id='word_1_808' title='bbox 3744 4913 3794 5005; x_wconf 49' lang='grc' dir='ltr'>ἓν</span> 
     </span>
    </p>
   </div>
   <div class='ocr_carea' id='block_1_103' title="bbox 553 5000 2146 5099">
    <p class='ocr_par' dir='ltr' id='par_1_103' title="bbox 553 5008 2146 5079">
     <span class='ocr_line' id='line_1_104' title="bbox 553 5008 2146 5079; baseline 0.002 -15"><span class='ocrx_word' id='word_1_809' title='bbox 553 5009 773 5079; x_wconf 85' lang='lat' dir='ltr'><strong>spiritu,</strong></span> <span class='ocrx_word' id='word_1_810' title='bbox 804 5016 861 5064; x_wconf 87' lang='lat' dir='ltr'><strong>et</strong></span> <span class='ocrx_word' id='word_1_811' title='bbox 886 5008 1237 5065; x_wconf 90' lang='lat' dir='ltr'><strong>rationalium</strong></span> <span class='ocrx_word' id='word_1_812' title='bbox 1280 5024 1545 5079; x_wconf 88' lang='lat' dir='ltr'><strong>pecorum</strong></span> <span class='ocrx_word' id='word_1_813' title='bbox 1574 5010 2033 5067; x_wconf 87' lang='lat' dir='ltr'><strong>innumerabilem</strong></span> <span class='ocrx_word' id='word_1_814' title='bbox 2057 5028 2146 5068; x_wconf 91' lang='lat' dir='ltr'><strong>re-</strong></span> 
     </span>
    </p>
   </div>
   <div class='ocr_carea' id='block_1_104' title="bbox 2199 5000 3792 5099">
    <p class='ocr_par' dir='ltr' id='par_1_104' title="bbox 2248 5000 3792 5099">
     <span class='ocr_line' id='line_1_105' title="bbox 2248 5000 3792 5099; baseline -0.018 -9"><span class='ocrx_word' id='word_1_815' title='bbox 2248 5000 2473 5099; x_wconf 65' lang='grc' dir='ltr'>Χριστῷ</span> <span class='ocrx_word' id='word_1_816' title='bbox 2525 5000 3025 5096; x_wconf 24' lang='grc' dir='ltr'>τετίμηκεηχάριν.</span> <span class='ocrx_word' id='word_1_817' title='bbox 3090 5017 3562 5089; x_wconf 80' lang='grc' dir='ltr'>Ἀναδεδειγμένος</span> <span class='ocrx_word' id='word_1_818' title='bbox 3614 5010 3674 5080; x_wconf 82' lang='grc' dir='ltr'>δὴ</span> <span class='ocrx_word' id='word_1_819' title='bbox 3716 5000 3792 5099; x_wconf 54' lang='grc' dir='ltr'>οἶξν</span> 
     </span>
    </p>
   </div>
   <div class='ocr_carea' id='block_1_105' title="bbox 555 5096 2148 5194">
    <p class='ocr_par' dir='ltr' id='par_1_105' title="bbox 555 5122 2146 5194">
     <span class='ocr_line' id='line_1_106' title="bbox 555 5122 2146 5194; baseline 0.004 -19"><span class='ocrx_word' id='word_1_820' title='bbox 555 5135 686 5175; x_wconf 87' lang='lat' dir='ltr'><strong>vera</strong></span> <span class='ocrx_word' id='word_1_821' title='bbox 712 5122 1124 5178; x_wconf 87' lang='lat' dir='ltr'><strong>multitudinem</strong></span> <span class='ocrx_word' id='word_1_822' title='bbox 1142 5132 1548 5194; x_wconf 83' lang='lat' dir='ltr'><strong>congregasset,</strong></span> <span class='ocrx_word' id='word_1_823' title='bbox 1567 5135 1895 5194; x_wconf 88' lang='lat' dir='ltr'><strong>persecutus</strong></span> <span class='ocrx_word' id='word_1_824' title='bbox 1916 5135 2001 5181; x_wconf 89' lang='lat' dir='ltr'><strong>est</strong></span> <span class='ocrx_word' id='word_1_825' title='bbox 2017 5142 2146 5181; x_wconf 90' lang='lat' dir='ltr'><strong>eum</strong></span> 
     </span>
    </p>
   </div>
   <div class='ocr_carea' id='block_1_106' title="bbox 2200 5096 3793 5194">
    <p class='ocr_par' dir='ltr' id='par_1_106' title="bbox 2246 5096 3793 5194">
     <span class='ocr_line' id='line_1_107' title="bbox 2246 5096 3793 5194; baseline -0.009 -22"><span class='ocrx_word' id='word_1_826' title='bbox 2246 5122 2277 5173; x_wconf 88' lang='lat'><strong>6</strong></span> <span class='ocrx_word' id='word_1_827' title='bbox 2290 5096 2523 5190; x_wconf 83' lang='grc' dir='ltr'>νυμφίος</span> <span class='ocrx_word' id='word_1_828' title='bbox 2540 5116 2694 5188; x_wconf 81' lang='grc' dir='ltr'>παρὰ</span> <span class='ocrx_word' id='word_1_829' title='bbox 2711 5118 2824 5179; x_wconf 83' lang='grc' dir='ltr'>τοῖς</span> <span class='ocrx_word' id='word_1_830' title='bbox 2849 5115 3060 5169; x_wconf 77' lang='grc' dir='ltr'>ἔθνεσιν</span> <span class='ocrx_word' id='word_1_831' title='bbox 3083 5116 3111 5168; x_wconf 92' lang='lat'><strong>6</strong></span> <span class='ocrx_word' id='word_1_832' title='bbox 3127 5111 3385 5186; x_wconf 82' lang='grc' dir='ltr'>Χριστὸς,</span> <span class='ocrx_word' id='word_1_833' title='bbox 3416 5109 3508 5163; x_wconf 85' lang='grc' dir='ltr'>καὶ</span> <span class='ocrx_word' id='word_1_834' title='bbox 3533 5096 3793 5194; x_wconf 49' lang='grc' dir='ltr'>ἀναγεννή-</span> 
     </span>
    </p>
   </div>
   <div class='ocr_carea' id='block_1_107' title="bbox 556 5185 2149 5288">
    <p class='ocr_par' dir='ltr' id='par_1_107' title="bbox 556 5212 2145 5288">
     <span class='ocr_line' id='line_1_108' title="bbox 556 5212 2145 5288; baseline 0.005 -23"><span class='ocrx_word' id='word_1_835' title='bbox 556 5212 817 5267; x_wconf 88' lang='lat' dir='ltr'><strong>mundus.</strong></span> <span class='ocrx_word' id='word_1_836' title='bbox 868 5214 1268 5286; x_wconf 81' lang='lat' dir='ltr'><strong>Repugnarunt</strong></span> <span class='ocrx_word' id='word_1_837' title='bbox 1314 5216 1464 5269; x_wconf 90' lang='lat' dir='ltr'><strong>enim</strong></span> <span class='ocrx_word' id='word_1_838' title='bbox 1521 5231 1906 5286; x_wconf 66' lang='lat' dir='ltr'><strong>smpenumero</strong></span> <span class='ocrx_word' id='word_1_839' title='bbox 1955 5219 2145 5288; x_wconf 65' lang='lat' dir='ltr'><strong>gloria:</strong></span> 
     </span>
    </p>
   </div>
   <div class='ocr_carea' id='block_1_108' title="bbox 2200 5185 3793 5288">
    <p class='ocr_par' dir='ltr' id='par_1_108' title="bbox 2249 5185 3793 5288">
     <span class='ocr_line' id='line_1_109' title="bbox 2249 5185 3793 5288; baseline -0.017 -18"><span class='ocrx_word' id='word_1_840' title='bbox 2249 5185 2449 5282; x_wconf 83' lang='grc' dir='ltr'><strong>σας</strong></span> <span class='ocrx_word' id='word_1_841' title='bbox 2474 5185 2658 5281; x_wconf 81' lang='grc' dir='ltr'>χάριτι</span> <span class='ocrx_word' id='word_1_842' title='bbox 2698 5206 2987 5270; x_wconf 85' lang='grc' dir='ltr'>πλείστους</span> <span class='ocrx_word' id='word_1_843' title='bbox 3008 5208 3167 5269; x_wconf 82' lang='grc' dir='ltr'>ὅσους</span> <span class='ocrx_word' id='word_1_844' title='bbox 3184 5185 3277 5269; x_wconf 80' lang='grc' dir='ltr'><strong>είς</strong></span> <span class='ocrx_word' id='word_1_845' title='bbox 3303 5199 3566 5256; x_wconf 74' lang='grc' dir='ltr'>υἱοθεσίαν</span> <span class='ocrx_word' id='word_1_846' title='bbox 3589 5200 3642 5250; x_wconf 78' lang='grc' dir='ltr'>ἐν</span> 
     </span>
    </p>
   </div>
   <div class='ocr_carea' id='block_1_109' title="bbox 552 5281 2145 5378">
    <p class='ocr_par' dir='ltr' id='par_1_109' title="bbox 552 5301 2138 5378">
     <span class='ocr_line' id='line_1_110' title="bbox 552 5301 2138 5378; baseline 0.004 -21"><span class='ocrx_word' id='word_1_847' title='bbox 552 5301 765 5358; x_wconf 84' lang='lat' dir='ltr'><strong>Christi</strong></span> <span class='ocrx_word' id='word_1_848' title='bbox 783 5304 1006 5373; x_wconf 89' lang='lat' dir='ltr'><strong>quidam</strong></span> <span class='ocrx_word' id='word_1_849' title='bbox 1031 5319 1251 5370; x_wconf 89' lang='lat' dir='ltr'><strong>eorum,</strong></span> <span class='ocrx_word' id='word_1_850' title='bbox 1275 5307 1370 5375; x_wconf 88' lang='lat' dir='ltr'><strong>qui</strong></span> <span class='ocrx_word' id='word_1_851' title='bbox 1396 5306 1452 5360; x_wconf 90' lang='lat' dir='ltr'><strong>in</strong></span> <span class='ocrx_word' id='word_1_852' title='bbox 1473 5307 1682 5362; x_wconf 90' lang='lat' dir='ltr'><strong>mundo</strong></span> <span class='ocrx_word' id='word_1_853' title='bbox 1718 5308 1932 5378; x_wconf 81' lang='lat' dir='ltr'><strong>magnis</strong></span> <span class='ocrx_word' id='word_1_854' title='bbox 1960 5310 2138 5363; x_wconf 89' lang='lat' dir='ltr'><strong>hono-</strong></span> 
     </span>
    </p>
   </div>
   <div class='ocr_carea' id='block_1_110' title="bbox 2198 5281 3791 5378">
    <p class='ocr_par' dir='ltr' id='par_1_110' title="bbox 2249 5281 3791 5375">
     <span class='ocr_line' id='line_1_111' title="bbox 2249 5281 3791 5375; baseline -0.007 -17"><span class='ocrx_word' id='word_1_855' title='bbox 2249 5321 2402 5375; x_wconf 90' lang='grc' dir='ltr'>ματι,</span> <span class='ocrx_word' id='word_1_856' title='bbox 2426 5281 2523 5357; x_wconf 74' lang='grc' dir='ltr'>καὶ</span> <span class='ocrx_word' id='word_1_857' title='bbox 2555 5301 2888 5372; x_wconf 81' lang='grc' dir='ltr'>θρεμμάτων</span> <span class='ocrx_word' id='word_1_858' title='bbox 2913 5298 3145 5368; x_wconf 83' lang='grc' dir='ltr'>λογικῶν</span> <span class='ocrx_word' id='word_1_859' title='bbox 3181 5297 3281 5350; x_wconf 83' lang='grc' dir='ltr'>οὐκ</span> <span class='ocrx_word' id='word_1_860' title='bbox 3307 5292 3661 5365; x_wconf 77' lang='grc' dir='ltr'>εὐαρίθμητον</span> <span class='ocrx_word' id='word_1_861' title='bbox 3681 5281 3791 5347; x_wconf 78' lang='grc' dir='ltr'><strong>ἀλη·</strong></span> 
     </span>
    </p>
   </div>
   <div class='ocr_carea' id='block_1_111' title="bbox 557 5378 2150 5467">
    <p class='ocr_par' dir='ltr' id='par_1_111' title="bbox 557 5393 2137 5466">
     <span class='ocr_line' id='line_1_112' title="bbox 557 5393 2137 5466; baseline 0.004 -20"><span class='ocrx_word' id='word_1_862' title='bbox 557 5393 715 5449; x_wconf 90' lang='lat' dir='ltr'><strong>ribus</strong></span> <span class='ocrx_word' id='word_1_863' title='bbox 754 5410 1078 5463; x_wconf 85' lang='lat' dir='ltr'><strong>summaque</strong></span> <span class='ocrx_word' id='word_1_864' title='bbox 1102 5396 1349 5464; x_wconf 90' lang='lat' dir='ltr'><strong>potentia</strong></span> <span class='ocrx_word' id='word_1_865' title='bbox 1382 5397 1598 5466; x_wconf 79' lang='lat' dir='ltr'><strong>praediti</strong></span> <span class='ocrx_word' id='word_1_866' title='bbox 1626 5406 1804 5453; x_wconf 88' lang='lat' dir='ltr'><strong>erant.</strong></span> <span class='ocrx_word' id='word_1_867' title='bbox 1831 5398 1939 5454; x_wconf 87' lang='lat' dir='ltr'><strong>Sed</strong></span> <span class='ocrx_word' id='word_1_868' title='bbox 1970 5400 2137 5454; x_wconf 88' lang='lat' dir='ltr'><strong>etiam</strong></span> 
     </span>
    </p>
   </div>
   <div class='ocr_carea' id='block_1_112' title="bbox 2195 5378 3788 5467">
    <p class='ocr_par' dir='ltr' id='par_1_112' title="bbox 2247 5378 3788 5467">
     <span class='ocr_line' id='line_1_113' title="bbox 2247 5378 3788 5467; baseline -0.022 -5"><span class='ocrx_word' id='word_1_869' title='bbox 2247 5396 2357 5460; x_wconf 81' lang='grc' dir='ltr'><strong>θῶς</strong></span> <span class='ocrx_word' id='word_1_870' title='bbox 2405 5394 2666 5467; x_wconf 83' lang='grc' dir='ltr'>ἀθροίσας</span> <span class='ocrx_word' id='word_1_871' title='bbox 2713 5392 2938 5463; x_wconf 75' lang='grc' dir='ltr'>ἀγέλην,</span> <span class='ocrx_word' id='word_1_872' title='bbox 2993 5388 3225 5460; x_wconf 75' lang='grc' dir='ltr'>ἐδιώχθη</span> <span class='ocrx_word' id='word_1_873' title='bbox 3265 5387 3421 5458; x_wconf 79' lang='grc' dir='ltr'>παρὰ</span> <span class='ocrx_word' id='word_1_874' title='bbox 3469 5383 3560 5437; x_wconf 82' lang='grc' dir='ltr'>τοῦ</span> <span class='ocrx_word' id='word_1_875' title='bbox 3592 5378 3788 5444; x_wconf 75' lang='grc' dir='ltr'>κόσμον-</span> 
     </span>
    </p>
   </div>
   <div class='ocr_carea' id='block_1_113' title="bbox 558 5468 2151 5562">
    <p class='ocr_par' dir='ltr' id='par_1_113' title="bbox 558 5485 2138 5562">
     <span class='ocr_line' id='line_1_114' title="bbox 558 5485 2138 5562; baseline 0.003 -21"><span class='ocrx_word' id='word_1_876' title='bbox 558 5485 707 5542; x_wconf 86' lang='lat' dir='ltr'><strong>hunc</strong></span> <span class='ocrx_word' id='word_1_877' title='bbox 752 5486 993 5556; x_wconf 86' lang='lat' dir='ltr'><strong>placavit</strong></span> <span class='ocrx_word' id='word_1_878' title='bbox 1026 5487 1213 5541; x_wconf 86' lang='lat' dir='ltr'><strong>divina</strong></span> <span class='ocrx_word' id='word_1_879' title='bbox 1244 5488 1439 5557; x_wconf 89' lang='lat' dir='ltr'><strong>gratia.</strong></span> <span class='ocrx_word' id='word_1_880' title='bbox 1480 5489 1715 5546; x_wconf 83' lang='lat' dir='ltr'><strong>Mundus</strong></span> <span class='ocrx_word' id='word_1_881' title='bbox 1762 5507 1896 5547; x_wconf 81' lang='lat' dir='ltr'><strong>vero</strong></span> <span class='ocrx_word' id='word_1_882' title='bbox 1947 5507 2138 5562; x_wconf 86' lang='lat' dir='ltr'><strong>pacem</strong></span> 
     </span>
    </p>
   </div>
   <div class='ocr_carea' id='block_1_114' title="bbox 2197 5468 3790 5562">
    <p class='ocr_par' dir='ltr' id='par_1_114' title="bbox 2246 5468 3790 5558">
     <span class='ocr_line' id='line_1_115' title="bbox 2246 5468 3790 5558; baseline -0.009 -15"><span class='ocrx_word' id='word_1_883' title='bbox 2246 5488 2674 5558; x_wconf 81' lang='grc' dir='ltr'>Πεπολεμήκασι</span> <span class='ocrx_word' id='word_1_884' title='bbox 2706 5488 2817 5556; x_wconf 84' lang='grc' dir='ltr'>γὰρ</span> <span class='ocrx_word' id='word_1_885' title='bbox 2848 5488 2913 5557; x_wconf 82' lang='grc' dir='ltr'>τῇ</span> <span class='ocrx_word' id='word_1_886' title='bbox 2955 5484 3084 5557; x_wconf 79' lang='grc' dir='ltr'>δόξῃ</span> <span class='ocrx_word' id='word_1_887' title='bbox 3128 5480 3370 5554; x_wconf 83' lang='grc' dir='ltr'>Χριστοῦ</span> <span class='ocrx_word' id='word_1_888' title='bbox 3405 5477 3515 5532; x_wconf 87' lang='grc' dir='ltr'><strong>τῶν</strong></span> <span class='ocrx_word' id='word_1_889' title='bbox 3544 5475 3601 5526; x_wconf 80' lang='grc' dir='ltr'>ἑν</span> <span class='ocrx_word' id='word_1_890' title='bbox 3629 5468 3790 5534; x_wconf 73' lang='grc' dir='ltr'>κόσμῳ</span> 
     </span>
    </p>
   </div>
   <div class='ocr_carea' id='block_1_115' title="bbox 557 5567 2150 5650">
    <p class='ocr_par' dir='ltr' id='par_1_115' title="bbox 557 5576 2142 5647">
     <span class='ocr_line' id='line_1_116' title="bbox 557 5576 2142 5647; baseline 0.005 -16"><span class='ocrx_word' id='word_1_891' title='bbox 557 5591 683 5633; x_wconf 82' lang='lat' dir='ltr'><strong>cum</strong></span> <span class='ocrx_word' id='word_1_892' title='bbox 711 5576 934 5633; x_wconf 76' lang='lat' dir='ltr'><strong>Christo</strong></span> <span class='ocrx_word' id='word_1_893' title='bbox 960 5577 1108 5643; x_wconf 88' lang='lat' dir='ltr'><strong>iniit,</strong></span> <span class='ocrx_word' id='word_1_894' title='bbox 1138 5578 1603 5647; x_wconf 86' lang='lat' dir='ltr'><strong>quemadmodum</strong></span> <span class='ocrx_word' id='word_1_895' title='bbox 1624 5592 1681 5637; x_wconf 90' lang='lat' dir='ltr'><strong>et</strong></span> <span class='ocrx_word' id='word_1_896' title='bbox 1703 5582 1889 5637; x_wconf 89' lang='lat' dir='ltr'><strong>Laban</strong></span> <span class='ocrx_word' id='word_1_897' title='bbox 1905 5598 2030 5639; x_wconf 91' lang='lat' dir='ltr'><strong>cum</strong></span> <span class='ocrx_word' id='word_1_898' title='bbox 2053 5583 2142 5639; x_wconf 82' lang='lat' dir='ltr'><strong>Ja-</strong></span> 
     </span>
    </p>
   </div>
   <div class='ocr_carea' id='block_1_116' title="bbox 2196 5567 3789 5650">
    <p class='ocr_par' dir='ltr' id='par_1_116' title="bbox 2246 5567 3789 5650">
     <span class='ocr_line' id='line_1_117' title="bbox 2246 5567 3789 5650; baseline -0.016 -14"><span class='ocrx_word' id='word_1_899' title='bbox 2246 5580 2391 5646; x_wconf 84' lang='grc' dir='ltr'>τινὲς</span> <span class='ocrx_word' id='word_1_900' title='bbox 2417 5580 2516 5645; x_wconf 85' lang='grc' dir='ltr'><strong>τὰς</strong></span> <span class='ocrx_word' id='word_1_901' title='bbox 2567 5580 2859 5650; x_wconf 82' lang='grc' dir='ltr'>ὐπερτὰτω</span> <span class='ocrx_word' id='word_1_902' title='bbox 2902 5578 3072 5649; x_wconf 81' lang='grc' dir='ltr'>τιμὰς</span> <span class='ocrx_word' id='word_1_903' title='bbox 3110 5576 3408 5647; x_wconf 85' lang='grc' dir='ltr'>ἀνειμένοι,</span> <span class='ocrx_word' id='word_1_904' title='bbox 3460 5570 3550 5625; x_wconf 80' lang='grc' dir='ltr'>καὶ</span> <span class='ocrx_word' id='word_1_905' title='bbox 3585 5567 3789 5620; x_wconf 69' lang='grc' dir='ltr'>δυσκατ-</span> 
     </span>
    </p>
   </div>
   <div class='ocr_carea' id='block_1_117' title="bbox 630 5759 3676 5847">
    <p class='ocr_par' dir='ltr' id='par_1_117' title="bbox 630 5759 3676 5847">
     <span class='ocr_line' id='line_1_118' title="bbox 630 5759 3676 5847; baseline 0 -29"><span class='ocrx_word' id='word_1_906' title='bbox 630 5759 676 5795; x_wconf 76' lang='grc'><strong>⁷⁸</strong></span> <span class='ocrx_word' id='word_1_907' title='bbox 704 5761 840 5818; x_wconf 84' lang='lat' dir='ltr'><strong>Cen.</strong></span> <span class='ocrx_word' id='word_1_908' title='bbox 877 5781 998 5835; x_wconf 74' lang='lat' dir='ltr'><strong>xxv,</strong></span> <span class='ocrx_word' id='word_1_909' title='bbox 1026 5767 1114 5821; x_wconf 76' lang='lat'><strong>25.</strong></span> <span class='ocrx_word' id='word_1_910' title='bbox 1194 5769 1239 5801; x_wconf 73' lang='grc'><strong>⁷³</strong></span> <span class='ocrx_word' id='word_1_911' title='bbox 1269 5770 1473 5828; x_wconf 78' lang='lat' dir='ltr'><strong>Jerem.</strong></span> <span class='ocrx_word' id='word_1_912' title='bbox 1518 5790 1611 5842; x_wconf 77' lang='lat' dir='ltr'><strong>xu,</strong></span> <span class='ocrx_word' id='word_1_913' title='bbox 1642 5777 1693 5830; x_wconf 89' lang='lat'><strong>7.</strong></span> <span class='ocrx_word' id='word_1_914' title='bbox 1775 5778 1820 5812; x_wconf 78' lang='grc' dir='ltr'><strong>³ο</strong></span> <span class='ocrx_word' id='word_1_915' title='bbox 1841 5779 2033 5836; x_wconf 81' lang='lat' dir='ltr'><strong>Matth.</strong></span> <span class='ocrx_word' id='word_1_916' title='bbox 2065 5798 2248 5847; x_wconf 74' lang='lat' dir='ltr'><strong>xxvni,</strong></span> <span class='ocrx_word' id='word_1_917' title='bbox 2278 5780 2367 5837; x_wconf 83' lang='lat' dir='ltr'><strong>lO.</strong></span> <span class='ocrx_word' id='word_1_918' title='bbox 2459 5777 2503 5811; x_wconf 84' lang='grc'>⁸¹</span> <span class='ocrx_word' id='word_1_919' title='bbox 2529 5778 2710 5835; x_wconf 84' lang='lat' dir='ltr'><strong>Judic.</strong></span> <span class='ocrx_word' id='word_1_920' title='bbox 2736 5779 2915 5845; x_wconf 68' lang='lat' dir='ltr'><strong>v,13;</strong></span> <span class='ocrx_word' id='word_1_921' title='bbox 2942 5778 3041 5833; x_wconf 85' lang='lat' dir='ltr'><strong>lsa.</strong></span> <span class='ocrx_word' id='word_1_922' title='bbox 3085 5794 3138 5843; x_wconf 65' lang='grc' dir='ltr'><strong>κ,</strong></span> <span class='ocrx_word' id='word_1_923' title='bbox 3170 5774 3240 5831; x_wconf 65' lang='grc'><strong>22</strong></span> <span class='ocrx_word' id='word_1_924' title='bbox 3268 5791 3282 5842; x_wconf 88' lang='lat'><strong>;</strong></span> <span class='ocrx_word' id='word_1_925' title='bbox 3320 5774 3478 5828; x_wconf 83' lang='lat' dir='ltr'><strong>Rom.</strong></span> <span class='ocrx_word' id='word_1_926' title='bbox 3502 5782 3571 5830; x_wconf 77' lang='lat' dir='ltr'><strong>ix,</strong></span> <span class='ocrx_word' id='word_1_927' title='bbox 3597 5760 3676 5815; x_wconf 68' lang='lat'><strong>27-</strong></span> 
     </span>
    </p>
   </div>
  </div>
