4034 6454
270 329 376 381 τοι

1292 323 1821 382 GLAPHYRORUM
1863 325 1930 382 IN
1970 324 2274 382 GENESIM
2307 324 2436 381 LIB.
2484 325 2544 380 ν.

3482 323 3596 382 282

271 447 591 513 αγὼνιστον
616 444 709 498 ὲπί
742 444 849 513 γῆς
887 443 1189 514 έσχηκότες
1225 444 1325 516 τὴν
1359 442 1701 499 δυναστείαν.
1740 444 1892 499 Ἀλλᾶ

2008 444 2134 500 cob.
2172 445 2393 501 Ultimis
2420 460 2554 500 vero
2577 442 2925 515 temporibus
2953 441 3220 501 Dominus
3255 451 3446 499 noster
3497 444 3594 499 Je-

276 539 377 591 καὶ
412 534 615 591 τούτου
645 540 678 606 ἡ
718 535 841 590 θεία
869 534 1229 608 δεδυσὼπηκε
1265 537 1446 608 χάρις.
1475 537 1681 611 Συνέϐη
1712 537 1771 592 δὲ
1802 538 1897 593 καὶ

272 632 306 685 6
339 627 558 700 κόσμος
593 629 674 690 εἰς
696 627 929 699 εἰρήνην
949 626 1198 699 Χριστῷ,
1239 627 1386 682 καθὰ
1410 629 1506 682 καὶ
1528 630 1556 682 6
1578 629 1765 684 Λάϐαν
1817 628 1897 700 τῷ

288 721 521 776 Ἰακώϐ.
557 720 701 774 Ἀλλ’
754 721 813 773 ὲν
864 720 1119 792 ὑστέροις
1156 723 1373 792 καιροῖς
1425 723 1455 775 6
1500 722 1706 794 Κύριος
1739 722 1897 793 ἡμῶν

290 813 513 882 Ἰησοῦς
560 812 799 885 Χριστὸς
849 812 946 867 καὶ⁸
994 812 1159 867 αὑτὸν
1209 814 1556 869 οἰκειώσεται
1600 814 1694 869 τὸν
1730 814 1896 869 πάλαι

275 902 527 975 διώκτην
572 904 814 975 Ἰσραὴλ,
847 904 1103 975 καθάπερ
1135 905 1330 976 ἀμέλει
1376 906 1474 961 καὶ
1518 909 1548 961 6
1575 906 1775 962 Ἰακὼὸ
1802 906 1896 962 τὸν

290 996 501 1063 Ἡσαῦ,
534 996 679 1068 μετὰ
702 997 802 1069 τὴν
825 998 892 1050 ὲκ
920 998 1022 1069 τῆς
1042 999 1273 1071 Χαρρὰν
1311 1000 1570 1054 ἐπάνοδον
1595 1000 1894 1069 ἠσπάζετο.

283 1089 411 1143 Ὅτι
443 1088 561 1161 γὰρ
605 1089 1019 1160 εἰσδεχθὴσεται
1066 1090 1206 1161 μετὰ
1259 1092 1484 1162 καιροὺς
1529 1092 1625 1146 καὶ
1660 1091 1825 1156 αὐτὸς
1869 1093 1899 1146 6

283 1180 514 1252 Ἰσραὴλ
546 1184 629 1245 εἰς
660 1183 949 1254 ἀγάπησιν
996 1183 1098 1256 τὴν
1123 1182 1217 1236 ἐπὶ
1248 1183 1473 1255 Χριστῷ
1518 1183 1607 1239 διὰ
1633 1184 1894 1252 πίστεως,

280 1274 678 1345 ινδοιάσαιμεν
726 1274 796 1329 ἂν
844 1274 1050 1345 ἥκιστά
1095 1292 1160 1345 γε
1212 1278 1323 1339 τοῖς
1373 1276 1473 1347 τῆς
1534 1275 1896 1333 θεοπνεύστου

282 1365 325 1418 Γ
333 1366 525 1436 paeni];
560 1366 804 1431 εἴκοντες
839 1366 1044 1435 λόγοις.
1081 1368 1227 1440 Ἔφη
1257 1369 1365 1441 γάρ
1404 1386 1506 1423 που
1540 1370 1608 1423 δι’
1630 1369 1751 1434 ἑνὸς
1789 1349 1931 1424 τῶν’

283 1458 467 1526 ἁγίων
499 1458 802 1529 προφητῶν
828 1459 857 1511 6
882 1458 993 1513 τῶν
1020 1458 1160 1513 ὅλων
1207 1460 1509 1531 Δεσπότης·
1541 1480 1561 1514 ι
1593 1462 1739 1516 Διότι
1762 1460 1898 1533 ἡμέο

282 1572 391 1627 ρας
414 1554 625 1618 πολλὰς
650 1554 966 1609 καθίσονται
990 1556 1041 1608 οἰ
1076 1556 1182 1610 υίοὶ
1214 1554 1456 1627 Ἰσραὴλ,
1488 1558 1589 1611 οὐκ
1616 1557 1769 1620 ὄντος
1799 1557 1894 1627 βα-

282 1648 513 1712 σιλέως,
545 1646 667 1701 οὐδὲ
696 1646 852 1711 ὄντος
889 1645 1174 1719 ἄρχοντος,
1202 1648 1303 1701 οὐκ
1336 1645 1504 1718 οὔσης
1530 1647 1740 1712 θυσίας,
1775 1647 1898 1703 οὐδὲ

278 1740 439 1802 ὄντος
470 1739 886 1808 θυσιαστηρίου,
922 1737 1051 1792 οὔτε
1093 1739 1389 1811 ἰερατείας,
1425 1739 1550 1795 οὔτε
1573 1740 1771 1813 δήλων,
1804 1740 1897 1796 καὶ

1998 552 2096 593 sus
2133 537 2392 593 Christus
2418 538 2588 594 etiam
2622 547 2871 593 veterem
2898 542 3314 606 persecutorem
3335 535 3594 593 Israetem

1998 630 2106 687 sibi
2129 630 2470 694 conciliabit,
2495 628 2963 701 quemadmodum
2988 637 3045 683 ct
3067 628 3237 683 Jacob
3266 628 3434 693 Esau,
3470 639 3596 694 post

1996 721 2240 777 reditum
2272 736 2343 775 ex
2362 721 2634 787 Cbarran,
2655 720 2937 776 osculatus
2965 726 3073 781 est.
3088 718 3246 785 Quod
3266 719 3415 774 enim
3449 736 3593 775 rect-

1998 813 2235 884 piendus
2266 812 2339 868 sit
2371 828 2634 869 successu
2666 811 2932 883 temporis
2950 811 3121 866 etiam
3151 810 3268 881 ipse
3322 812 3486 868 Israel
3521 813 3594 873 ad
3690 824 3699 827 '

1999 905 2351 961 dilectionem
2407 905 2464 960 in
2514 904 2737 961 Christo
2786 920 2887 975 per
2934 903 3118 969 tidem,
3152 919 3318 959 nemo
3369 905 3595 975 quidem

1999 999 2290 1067 dubitarit,
2340 1015 2511 1055 sacrae
2555 998 2856 1068 Scriptura:
2905 997 3242 1053 auscultans.
3300 995 3394 1051 Ait
3441 997 3594 1053 enim

1999 1093 2206 1149 alicubi
2273 1091 2664 1149 universorum
2730 1089 2997 1145 Dominus
3058 1106 3156 1159 per
3223 1105 3415 1146 vocem
3482 1105 3595 1146 cu-

1995 1183 2220 1256 jusdam
2267 1182 2604 1254 pr0pbet2e:
2664 1201 2682 1234 ι
2737 1179 2879 1247 Quia
2936 1180 3135 1236 diebus
3180 1182 3373 1238 multis
3430 1183 3594 1239 sede-

1999 1277 2144 1333 bunt
2165 1276 2266 1331 ﬁlii
2297 1276 2462 1333 Israel
2485 1291 2597 1331 non
2616 1275 2917 1330 exsistentc
2942 1290 3091 1345 rege,
3112 1290 3293 1346 neque
3320 1277 3593 1347 principe,

2005 1370 2163 1441 163
2187 1384 2385 1439 neque.
2408 1369 2707 1425 exsistente
2748 1367 3040 1433 sacriﬁcio,
3076 1383 3257 1438 neque
3293 1370 3595 1425 exsistente

2000 1463 2183 1527 altari,
2218 1477 2402 1532 neque
2436 1460 2768 1525 sacerdotio,
2804 1475 2983 1531 neque
3023 1459 3466 1517 manifestatione
3494 1479 3506 1515 :
3537 1470 3597 1517 et

2000 1562 2127 1625 post
2152 1554 2271 1610 haec
2300 1562 2657 1610 revertentur
2690 1551 2789 1608 lilii
2825 1552 3013 1617 Israel,
3048 1559 3104 1608 et
3130 1561 3378 1623 quatrent
3405 1554 3595 1610 Domi—

1999 1662 2135 1702 num
2161 1646 2334 1702 Deum
2374 1659 2558 1711 suum,
2605 1654 2663 1700 et
2693 1643 2867 1700 David
2910 1658 3097 1715 regem
3135 1658 3321 1711 suum,
3364 1655 3422 1702 et
3467 1661 3595 1717 spe-

2000 1739 2203 1794 rabunt
2246 1739 2301 1793 in
2350 1738 2587 1794 Domino
2622 1745 2681 1795 et
2720 1737 2775 1793 in
2818 1737 2983 1793 bonis
3022 1738 3143 1808 ejus
3197 1736 3252 1792 in
3294 1738 3598 1794 novissimo

283 1830 432 1902 μετὰ
483 1829 661 1884 ταῦτα
690 1804 1118 1902 ἐπιστρέφουσιν
1148 1804 1207 1885 οἰ
1235 1830 1344 1885 υἱοὶ
1375 1804 1742 1906 Ἰσραὴλίκαὶ
1760 1804 1892 1886 *ἐπι-

1997 1827 2215 1885 dierum
2238 1827 2306 1883 ⁸⁸.
2340 1848 2358 1880 ι
2425 1828 2730 1901 Colligente
2789 1828 2939 1885 enim
2992 1804 3177 1887 adhuc
3228 1845 3295 1886 ex
3337 1829 3598 1901 gentibus

280 1925 598 1995 ζητήσουσι
622 1922 829 1996 Κύριον
850 1924 943 1978 τὸν
967 1924 1101 1978 Θεὸν
1132 1924 1336 1992 αὐτῶν,
1374 1925 1470 1980 καὶ
1490 1926 1655 1982 Δαόὶδ
1683 1926 1778 1980 τὸν
1806 1926 1897 1999 βα-

282 2018 440 2071 σιλέα
479 2016 720 2083 ἑαυτῶν,
750 2018 847 2071 καὶ
872 2016 1189 2072 ὲλπίσονται
1216 2017 1313 2072 ἐπὶ
1334 2016 1414 2090 τῷ
1446 2018 1659 2090 Κυρίῳ,
1675 2021 1770 2072 καὶ
1801 2018 1897 2072 ἐπὶ

283 2113 395 2173 τοῖς
427 2108 669 2178 ἀγαθοῖς
698 2108 865 2164 αὑτοῦ
888 2110 977 2164 ἐπ’
998 2110 1232 2181 ἐσχάτου
1267 2109 1516 2182 ἡμερῶν.
1554 2128 1573 2163 ›
1601 2110 1895 2180 Συλλέγον-

284 2220 374 2268 τος
410 2203 529 2273 γὰρ
560 2203 646 2257 ἔτι
675 2205 805 2267 τοὺς
834 2202 894 2270 ἐξ
945 2202 1120 2258 ἐθνῶν
1141 2203 1582 2268 πεπιστευκότας
1613 2203 1709 2258 τοῦ
1757 2204 1891 2259 πάν-

276 2314 389 2350 των
454 2296 623 2368 ἡμῶν
663 2297 923 2368 Σωτῆρος
973 2295 1241 2369 Χριστοῦ,
1294 2296 1658 2368 κατηρέμησέ
1709 2314 1828 2360 πως
1868 2299 1897 2350 6

289 2390 540 2461 Ἰσραὴλ,
557 2390 623 2443 οὐ
642 2390 807 2460 νόμον
829 2388 970 2460 έχων
1002 2389 1113 2444 τῶν
1134 2389 1431 2462 πρακτέων
1451 2390 1542 2443 τὸν
1563 2389 1892 2462 βραϐευτὴν,

273 2484 342 2539 οὗ
365 2482 452 2555 τῷ
483 2481 622 2554 θείῳ
646 2482 1027 2556 θυσιαστηρίῳ
1056 2482 1126 2536 τὰ
1146 2482 1516 2554 νενομισμένα
1543 2482 1892 2554 προσφέρων·

275 2577 606 2648 περιμένων
621 2575 703 2641 δὲ,
723 2575 916 2647 ῶσπερ
944 2579 1007 2628 ἐκ
1034 2574 1133 2646 τῆς
1154 2574 1264 2629 τῶν
1297 2574 1467 2630 ἐθνῶν
1487 2574 1733 2647 κλήσεως
1761 2576 1895 2629 ὑπο-

278 2671 599 2741 στρέφοντα
624 2667 889 2740 Χριστὸν,
921 2668 1017 2722 ἐπὶ
1060 2666 1121 2722 τὸ
1150 2669 1351 2739 χρῆναι
1386 2667 1572 2722 λοιπὸν
1601 2669 1698 2722 καὶ
1732 2668 1897 2722 αὑτὸν

272 2763 368 2817 διὰ
397 2762 647 2825 πίστεως
688 2760 1113 2827 εἰσοικίσασθαι,
1137 2761 1232 2814 καὶ
1258 2759 1334 2833 τῷ
1369 2760 1469 2832 τῆς
1503 2761 1726 2834 ἀγάπης
1747 2762 1896 2832 νόμῳ

277 2856 579 2928 ρ’νονουχὶ
614 2856 711 2908 καὶ
737 2853 1005 2925 συνθῆσαι
1034 2855 1151 2917 τοῖς
1185 2853 1388 2918 ἄλλοις.
1430 2855 1716 2926 Ἐπιτήρει
1761 2856 1892 2925 γὰρ,

273 2951 359 3004 ὅτι
391 2949 609 3021 χαίρων
645 2948 742 3002 ἐπὶ
769 2947 982 3002 τέκνων
1011 2950 1220 3016 γοναῖς,
1266 2946 1362 3002 καὶ
1393 2946 1618 3011 πολλαῖς
1647 2947 1895 3019 θρεμμά-

274 3059 387 3096 των
419 3042 677 3111 ἀγέλαις,
734 3040 1071 3113 ὑποστρέφει
1126 3039 1343 3112 μὲν’ὲκ
1395 3041 1626 3114 Χαρρὰν
1671 3039 1891 3108 Ἰακὼϐ,

273 3136 565 3208 ἐκδέχεται
612 3135 669 3190 δὲ
698 3135 843 3190 οὕτω
862 3134 1050 3189 λοιπὸν
1081 3136 1176 3190 καὶ
1203 3135 1367 3189 αὐτὸν
1388 3137 1465 3199 εἰς
1499 3136 1783 3208 ἀγάπησιν
1800 3135 1893 3189 τὸν

283 3230 490 3285 Ἡσαῦ.
556 3229 915 3301 Ἑπιστρέψει
947 3230 1132 3284 τοίνυν
1172 3228 1316 3285 κατὰ
1350 3230 1581 3300 καιροὺς
1622 3229 1761 3301 μετὰ
1790 3230 1891 3302 τὴν

270 3325 386 3378 τῶν
413 3322 593 3377 ἐθνῶν
623 3323 818 3392 κλῆσιν
849 3325 878 3377 6
907 3321 1148 3394 Ἰσραὴλ,
1170 3323 1265 3376 καὶ
1295 3321 1460 3376 αὑτὸν
1480 3321 1538 3375 δὲ
1559 3321 1651 3376 τὸν
1672 3323 1729 3376 ὲν
1752 3322 1891 3394 Χριι-

273 3418 393 3490 στῷ
425 3415 662 3472 πλοῦτον
688 3415 983 3488 θαυμάσει.
1023 3416 1244 3471 Ἔνεστι
1264 3415 1377 3487 γὰρ
1401 3413 1637 3480 εὐκόλως
1664 3415 1752 3470 διὰ
1782 3415 1893 3469 τῶν

272 3512 580 3585 ίστορικῶς
597 3508 1015 3582 πεπραγμένων
1044 3509 1139 3563 καὶ⁸
1166 3507 1326 3562 τοῦτο
1354 3507 1489 3562 αὐτὸ
1513 3511 1624 3573 τοῖς
1646 3507 1889 3562 ἐθέλουσι

273 3604 602 3676 καταθρείν.
643 3601 995 3657 Ἀπέστειλεν
1025 3600 1224 3655 Ἰακὼὸ
1269 3600 1421 3666 ξένια
1452 3600 1531 3673 τῷ
1573 3599 1745 3656 Ἠσαῦ
1790 3618 1892 3672 με-

268 3698 525 3762 τατιθεὶς
557 3699 638 3761 είς
672 3696 979 3769 ἀγάπησιν,
1022 3695 1119 3749 καὶ
1149 3696 1270 3758 ταῖς
1306 3692 1419 3748 τῶν
1465 3693 1655 3765 δώρων
1682 3692 1890 3763 φιλοτι-

272 3790 455 3861 μίαις.
513 3785 964 3861 Πφσαπέστειλε
1010 3785 1071 3841 δὲ
1117 3786 1216 3841 καὶ
1258 3784 1527 3855 ἀγγέλους
1574 3787 1890 3860 εἰρηνικοὺς

270 3884 415 3954 πρὸς
440 3881 617 3935 αὑτὸν
652 3878 900 3950 ἐρῶντας
946 3877 1163 3947 λόγους.
1195 3878 1308 3931 Καὶ
1348 3877 1431 3931 ὅτι
1467 3877 1761 3950 παρέσται,
1794 3876 1890 3930 καὶ

266 3976 373 4030 οὐκ
402 3976 485 4038 εἰς
533 3971 759 4045 μακρὰν
791 3969 865 4024 τὰ
903 3972 984 4035 εἰς
1013 3970 1198 4042 φιλίαν
1231 3968 1414 4024 αὐτῶν
1450 3970 1886 4041 καταστήσοντα,

265 4069 512 4140 ἐναργὲς
541 4064 911 4137 ἁποπεραίνει
942 4062 1087 4118 κατὰ
1115 4062 1344 4135 καιροὺς
1376 4063 1472 4118 καὶ
1504 4060 1667 4116 τοῦτο
1699 4064 1728 4116 6
1750 4064 1887 4135 Χρι-

269 4162 421 4226 συός.
457 4160 609 4230 Ἔφη
642 4158 758 4229 γάρ
790 4174 896 4210 που
923 4157 1062 4227 πρὸς
1098 4155 1395 4220 Ἰουδαίους
1422 4154 1511 4210 διὰ
1532 4155 1718 4227 φωνῆς
1751 4172 1889 4225 προ-

265 4254 470 4323 φῐίτουυ
510 4268 532 4303 σ
563 4250 676 4305 Καὶ
710 4249 844 4313 ἰδοὺ,
901 4245 1014 4316 ἐγὼ
1064 4246 1352 4301 ἀποστελῶ
1402 4246 1530 4318 ὑμῖν
1568 4246 1755 4300 Ἠλίαν
1797 4248 1888 4300 τίον

263 4344 572 4415 Θεσϐίτην,
606 4342 740 4415 πρὶν
780 4340 958 4395 ἐλθεῖν
1000 4339 1100 4414 τὴν
1149 4339 1366 4413 ἡμέραν
1407 4338 1619 4415 Κυρίου
1657 4338 1757 4409 τὴν
1794 4356 1890 4409 με·

263 4439 447 4510 γαλην
483 4438 584 4491 καὶ
612 4436 883 4507 ἐπιφανῆ.
913 4436 1011 4499 Ὃς
1038 4434 1489 4503 ἀποκαταστήσει
1522 4430 1752 4504 καρδίαν
1778 4448 1887 4485 πα-

1996 1918 2289 1976 credentes
2328 1921 2578 1975 omnium
2610 1926 2864 1975 nostrum
2896 1919 3182 1978 Salvatore
3213 1920 3458 1987 Christo,
3495 1921 3596 1977 de-

1997 2021 2182 2069 sertus
2217 2020 2306 2069 est
2342 2012 2752 2084 quodammodo
2789 2013 2978 2079 Israel,
3006 2030 3119 2069 non
3150 2014 3328 2085 legem
3361 2014 3592 2083 habens,

1995 2103 2381 2161 faciendorum
2419 2105 2768 2175 magistrum,
2792 2121 2903 2161 non
2943 2105 3132 2162 divino
3161 2106 3318 2162 altari
3349 2123 3473 2177 quae
3512 2108 3596 2164 le-

1995 2195 2159 2267 gibus
2196 2196 2406 2252 sancita
2437 2203 2589 2261 sunt,
2629 2194 2903 2263 oﬂ‘erens;
2945 2202 3273 2266 exspectans
3295 2211 3430 2252 vero
3454 2212 3595 2268 quo-

1996 2287 2294 2345 dammodo
2327 2303 2395 2351 ex
2433 2287 2680 2359 gentium
2709 2287 2999 2345 vocatione
3032 2297 3404 2345 revertentem
3432 2288 3597 2346 Chri-

1996 2388 2267 2447 stum,,ut
2298 2381 2479 2453 ipsum
2509 2381 2674 2437 etiam
2699 2382 2962 2452 deinceps
2993 2397 3093 2452 per
3131 2380 3296 2437 ﬁdem
3340 2383 3596 2440 introdu-

1997 2483 2105 2543 cat,
2133 2482 2191 2529 ct
2219 2474 2536 2530 dilectionis
2577 2476 2699 2545 lege
2737 2484 2955 2530 tantum
2985 2490 3096 2530 non
3132 2475 3256 2530 aliis
3283 2487 3592 2534 connectat.

1995 2565 2390 2621 Animadverte
2418 2564 2569 2620 enim
2599 2564 2748 2636 quod
2789 2564 3037 2636 gaudens
3060 2564 3130 2619 de
3156 2563 3398 2622 ﬁliorum
3427 2583 3595 2638 gene-

1997 2660 2246 2727 ratione,
2295 2659 2476 2730 deque
2545 2658 2736 2715 multis
2793 2674 3059 2729 pecorum
3105 2659 3401 2731 gregibus,
3454 2662 3597 2716 redit

1995 2753 2221 2824 quidem
2258 2768 2325 2807 ex
2358 2750 2606 2808 Charran
2643 2751 2836 2815 Iacob,
2879 2752 3091 2822 recepit
3122 2768 3257 2809 vero
3300 2753 3406 2809 hoc
3434 2764 3597 2823 pacto

1995 2846 2258 2917 deinceps
2283 2847 2338 2900 in
2367 2845 2668 2901 amicitiam
2709 2860 2864 2901 suam
2893 2845 3061 2900 Esau.
3092 2845 3462 2902 Convertetur
3488 2847 3595 2903 ita-

1994 2953 2104 3009 que
2142 2938 2477 2994 succcdcnte
2512 2946 2759 3007 tempore
2797 2937 2967 2994 Israel
2998 2946 3118 3007 post
3155 2939 3403 3010 gentium
3432 2955 3595 2995 voca-

1997 3030 2225 3097 tionem,
2267 3029 2525 3100 ipsasque
2563 3026 2620 3082 in
2665 3026 2889 3084 Christo
2936 3028 3161 3085 divitias
3205 3028 3592 3084 admirabitur.

1996 3123 2179 3179 Facile
2212 3123 2364 3179 enim
2403 3121 2575 3177 fuerit
2608 3128 2665 3175 et
2701 3119 2807 3176 hoc
2834 3137 2903 3177 ex
2930 3120 2999 3177 iis
3022 3138 3146 3193 qua:
3174 3122 3437 3179 historice
3473 3131 3594 3178 aeta

1996 3222 2148 3279 sunt,
2182 3212 2512 3285 intelligere.
2546 3211 2694 3268 Misit
2725 3212 2897 3269 Jacob
2929 3212 2996 3269 ad
3026 3214 3172 3270 Esau
3201 3230 3449 3280 munera,
3477 3215 3594 3286 ipsa

1994 3307 2161 3363 etiam
2204 3320 2500 3361 munerum
2553 3304 2961 3377 magniﬁcentia
3006 3307 3076 3362 ad
3128 3322 3372 3362 amorem
3418 3317 3595 3363 trans-

1995 3400 2197 3456 ferens.
2224 3398 2372 3454 Misit
2393 3398 2561 3454 etiam
2590 3398 2837 3466 nuntios,
2859 3398 2955 3469 qui
2982 3398 3226 3471 pacificis
3251 3400 3435 3456 verbis
3466 3416 3594 3456 eum

1994 3490 2411 3562 compellarent.
2447 3489 2606 3557 Quod
2646 3505 2780 3545 vero
2819 3490 3078 3547 adfutura
3116 3492 3230 3547 sint
3264 3508 3445 3563 neque
3481 3504 3594 3550 tar-

1994 3583 2195 3638 datura
2237 3597 2304 3636 ea
2345 3597 2469 3652 quae
2503 3597 2601 3638 eos
2639 3582 2707 3638 ad
2743 3582 3045 3638 amicitiam
3075 3599 3413 3641 conversum
3443 3596 3595 3652 sunt,

1992 3672 2250 3730 Christus
2305 3672 2423 3744 ipse
2471 3682 2785 3745 opportune
2840 3674 3194 3731 manifestum
3250 3677 3400 3732 facit.
3452 3678 3598 3735 Dicit

1993 3765 2142 3821 enim
2169 3764 2376 3821 alicubi
2395 3765 2464 3821 ad
2487 3766 2707 3823 Iudaeos
2726 3783 2825 3836 per
2843 3783 3035 3823 vocem
3051 3768 3339 3839 prophetae
3364 3788 3377 3823 :
3407 3789 3425 3822 ι
3451 3769 3597 3826 Ecce
3696 3810 3708 3821 .

1993 3874 2097 3931 ego
2136 3858 2352 3914 mittam
2391 3859 2551 3915 vobis
2585 3859 2763 3914 Eliam
2794 3858 3138 3928 Thcsbitem,
3166 3869 3464 3932 antequam
3496 3878 3594 3919 ve—

1993 3952 2112 4008 niat
2137 3952 2258 4008 dies
2285 3952 2504 4008 Domini
2548 3967 2743 4023 magna
2780 3959 2838 4007 et
2874 3952 3123 4008 illustris.
3163 3950 3267 4020 Qui
3307 3963 3595 4010 convertet

1993 4061 2091 4103 cor
2124 4047 2298 4119 patris
2347 4046 2416 4102 ad
2447 4045 2644 4112 lilium,
2672 4055 2729 4103 et
2762 4061 2857 4102 cor
2884 4046 3126 4101 hominis
3169 4046 3238 4101 ad
3279 4047 3590 4117 proximum

1992 4155 2178 4205 suum,
2220 4155 2291 4195 ne
2343 4137 2489 4194 forte
2536 4136 2769 4193 veniens
2815 4138 3125 4207 percutiam
3179 4147 3383 4193 terram
3439 4138 3595 4209 peni-

1993 4241 2083 4291 tus
2110 4233 2177 4287 ⁸³.
2212 4253 2230 4285 ι
2275 4232 2369 4288 Ille
2410 4247 2538 4287 cum
2578 4231 2817 4297 venerit,
2859 4231 3107 4299 reducet,
3146 4239 3205 4286 ut
3236 4247 3334 4301 par
3356 4242 3460 4298 est,
3503 4232 3591 4287 in-

1994 4324 2335 4381 tractabilem
2367 4322 2649 4388 Israelem,
2683 4330 2740 4375 et
2768 4337 2799 4376 a
2826 4321 3002 4377 veteri
3044 4322 3124 4376 ira
3169 4322 3428 4387 abducet,
3454 4323 3592 4378 ami-

1992 4454 2232 4509 cumque
2280 4436 2476 4492 reddet
2521 4445 2579 4492 et
2621 4436 2911 4506 paciﬁcum
2949 4435 3192 4501 Christo,
3226 4444 3440 4492 tantum
3478 4454 3589 4494 non

260 4533 398 4604 τρδις
426 4529 572 4602 πρὸς
600 4528 738 4595 υἱδν,
756 4528 854 4582 καὶ
880 4526 1112 4599 καρδίαν
1141 4525 1435 4599 ἀνθρώπου
1465 4525 1604 4598 πρὸς
1634 4524 1726 4579 τὸν
1754 4523 1890 4593 πλη-

1995 4529 2288 4605 prteseutia
2312 4529 2612 4585 ostendens
2633 4528 2809 4600 ipsius
2832 4526 3182 4584 liberalitatis
3206 4544 3457 4597 munera,
3483 4530 3590 4587 hoc

262 4627 383 4679 σίον
401 4622 602 4690 αὑτοῦ,
636 4622 712 4695 μὴ
742 4620 916 4677 ἐλθὼν
947 4620 1178 4687 πατάξω
1202 4619 1303 4691 τὴν
1326 4619 1431 4690 γῆν
1459 4618 1650 4690 ἄρδην.
1666 4636 1686 4670 ι
1706 4617 1884 4670 Ἐκεῖ-

263 4736 357 4781 νος
388 4716 569 4771 ἐλθὼν
603 4713 858 4787 ἐντρέψει
895 4730 1002 4785 μου
1025 4711 1245 4768 κατὰτὸ
1273 4711 1420 4775 εἰκὸς
1443 4710 1535 4765 τὸν
1560 4708 1883 4779 δυσάγωγον

261 4810 517 4883 Ἰσραὴλ,
551 4810 863 4879 ἀποστήσει
894 4806 996 4876 τῆς
1025 4805 1259 4878 ἀρχαίας
1288 4804 1481 4876 ὀργῆς,
1521 4803 1674 4875 φίλον
1708 4821 1882 4859 κατα-

263 4904 542 4957 σκευάσει
598 4902 695 4955 καὶ
742 4897 1025 4971 εἰρηνικὸν
1053 4896 1131 4968 τῷ
1168 4896 1414 4970 Χριστῷ,
1444 4898 1734 4968 μονονουχί
1786 4898 1883 4950 καὶ

262 4996 519 5068 παρόντα
559 4993 829 5047 δεικνύων
881 4990 983 5060 τῆς
1038 4990 1171 5061 παρ’
1220 4987 1389 5043 αὑτοῦ
1448 4988 1764 5060 φιλοτιμίας
1810 4988 1881 5043 τὰ

262 5072 441 5158 ξένια,
504 5088 781 5152 τουτέστι,
831 5086 931 5157 τὴν
969 5084 1079 5139 τῶν
1136 5083 1506 5153 πιστευόντων
1557 5082 1768 5138 ἐλπίδα.
1808 5084 1881 5138 Οὐ

174 5210 209 5229 .,
258 5183 373 5256 γὰρ
412 5182 499 5245 εἰς
535 5180 716 5251 μῆκος
754 5178 843 5243 Δἑτι.
877 5176 1088 5250 καιρῶν
1119 5176 1188 5231 τὰ
1218 5176 1320 5246 τῆς
1364 5175 1704 5245 ἐπαγγελίας
1737 5177 1889 5248 οἰχή-

261 5294 421 5330 σεται
437 5276 559 5337 τοῖς
573 5270 832 5343 τηνικάδε
853 5269 1226 5337 πιστεύουσιν,
1246 5268 1382 5323 ἀλλὰ
1401 5269 1599 5338 γείτων
1622 5271 1654 5340 ή
1683 5269 1884 5341 δωρεά,

1991 4634 2099 4691 est,
2123 4623 2468 4680 credentium
2505 4639 2681 4694 spem.
2706 4623 2896 4694 Neque
2919 4622 3067 4678 enim
3101 4623 3157 4677 in
3183 4622 3587 4695 longitudinem

1994 4714 2263 4786 temporis
2300 4714 2692 4786 prorogabitur
2730 4713 3117 4786 promissionis
3146 4712 3360 4770 fructus
3391 4714 3460 4771 iis
3491 4717 3587 4786 qui

1991 4818 2125 4865 tunc
2149 4807 2505 4875 crediderint,
2534 4808 2630 4865 sed
2669 4808 2981 4880 pr0pinqua
3007 4808 3115 4863 erit
3140 4807 3454 4873 retributio,
3490 4808 3589 4864 ob-

1988 4902 2190 4972 viaque
2233 4901 2432 4972 gratia,
2471 4901 2680 4957 abolito
2718 4900 2943 4972 quidem
2984 4900 3169 4956 statim
3203 4899 3319 4954 lilio
3350 4900 3582 4969 peccati,

1991 4993 2365 5051 descendente
2390 5009 2523 5050 vero
2561 5009 2687 5049 cum
2727 4994 2935 5065 angelis
2958 5010 3025 5050 ex
3050 4994 3190 5049 cwlo
3213 4994 3459 5048 omnium
3486 5009 3594 5048 no-

1992 5098 2168 5144 strum
2189 5087 2469 5142 Salvatore
2494 5086 2737 5152 Christo,
2759 5102 2859 5157 per
2880 5102 3048 5157 quem
3087 5094 3143 5141 et
3170 5101 3295 5141 cum
3321 5101 3433 5157 quo
3470 5086 3587 5157 glo-

1989 5180 2072 5235 ria
2095 5180 2247 5235 Patri
2276 5195 2403 5236 cum
2431 5190 2624 5237 sancto
2665 5181 2876 5252 Spiritu
2912 5180 2970 5235 in
3001 5179 3200 5237 saecula
3231 5179 3584 5236 mulorum.

1990 5273 2189 5328 Amen.

262 5373 357 5427 aut
390 5368 543 5424 κατὰ
585 5367 755 5431 πόδας
778 5367 815 5435 ἡ
846 5365 1030 5438 χάρις.
1071 5362 1543 5435 Καταργουμένου
1579 5362 1679 5432 μὲν
1713 5364 1877 5429 εὐθὺς
1913 5364 2010 5419 τοῦ
2077 5366 2177 5437 τῆς
2208 5365 2489 5435 ἁμαρτίας
2514 5366 2675 5432 ουὶοὖ,
2741 5367 3182 5438 καταφοιτῶντος
3211 5366 3270 5421 δὲ
3298 5364 3434 5437 μετὰ
3472 5366 3587 5420 τῶν

256 5465 441 5535 ἀίίων
468 5461 731 5531 ἀγγέλων
758 5459 823 5524 ἐξ
849 5456 1085 5530 οὐρανοῦ
1123 5456 1219 5512 τοῦ
1251 5456 1471 5512 πάντων
1526 5454 1689 5526 ἡμῶν
1723 5458 1982 5529 Σωτῆρος
2044 5457 2304 5530 Χριστοῦ,
2353 5458 2421 5514 δι’
2461 5454 2524 5516 οὗ
2574 5460 2672 5516 καὶ
2736 5460 2858 5532 μεθ’
2900 5452 2963 5516 οὗ
3002 5459 3083 5533 τῷ
3120 5460 3299 5534 Πατρὶ
3450 5454 3585 5522 δόξα

259 5565 359 5619 σὺν
396 5561 551 5631 ἁγίῳ
592 5555 885 5627 Πνεύματι
925 5556 1007 5619 εἰς
1048 5554 1179 5618 τοὺς
1222 5551 1426 5615 αἰῶνας
1476 5549 1584 5606 τῶν
1636 5550 1873 5612 αἰώνων,
1914 5553 2116 5626 Ἀμήν.

366 5815 416 5847 ⁸³
451 5813 493 5866 ll
528 5812 693 5871 Pera.
727 5828 821 5879 xv,
854 5807 949 5874 55;
976 5807 1121 5863 Osee
1150 5821 1226 5873 Ill,
1272 5804 1319 5872 4,
1353 5806 1402 5861 5.
1480 5804 1523 5835 ⁸³
1555 5802 1787 5860 Malaeh.
1819 5821 1888 5869 ιγ,
1940 5804 1994 5869 ὅ,
2040 5805 2094 5859 6.
