4034 6460
504 310 616 370 263

951 418 1114 493 ια
1149 419 1331 474 Adhuc
1367 421 1431 474 de
1465 418 1648 474 Iacob.

1545 308 1602 366 S.
1636 306 1917 364 CYRlLLl
1955 302 2428 362 ALEXANDRINI
2458 302 2755 360 ARCHIEP

3670 313 3766 372 26!

2632 415 2764 467 Ἔτι
2801 410 2935 480 περὶ
2971 411 3078 466 τοῦ
3131 410 3357 467 Ἰακώϐ.

578 531 632 585 1.
672 528 849 600 Lapsa
877 528 1102 600 quidem
1133 541 1219 585 est
1252 531 1490 584 humana
1524 538 1726 585 natura
1757 504 1870 598 per.
1896 542 2092 598 pecca-

2273 532 2341 582 a'.
2416 523 2718 595 Κατῴχετο
2773 523 2874 596 μέν
2913 524 2948 593 ἡ
2991 523 3282 595 ἀνθρώπου
3325 524 3486 594 φύσις
3539 526 3624 581 διά
3674 530 3764 601 τῆς

507 632 626 678 tum
667 622 722 677 in
756 629 1011 676 mortem.
1043 620 1182 677 Cum
1206 637 1337 677 vero
1364 622 1418 676 in
1454 623 1776 676 universum
1813 622 1880 676 ab
1905 637 1974 677 eo
1997 621 2092 691 qui

507 716 718 771 salvare
741 715 912 778 novit,
931 715 1206 769 alienatus
1223 723 1389 778 esset,
1408 715 1742 784 mancipium
1761 724 1976 769 tantum
1989 728 2100 767 non

504 818 591 860 est
629 805 879 868 effectus,
906 805 1001 874 qui
1044 805 1111 858 ad
1152 805 1396 859 divinam
1439 805 1732 876 imaginem
1757 804 1932 860 factus
1955 813 2094 870 erat,

505 897 937 967 gravissimeque
981 896 1268 952 servitutis
1299 897 1546 967 pondere
1589 913 1906 968 oppressus.
1950 897 2095 952 Sub-

505 989 644 1044 didit
679 988 824 1043 enim
853 988 1126 1043 cervicem
1154 988 1374 1043 etiamsi
1404 1005 1514 1043 non
1537 990 1717 1044 libens
1742 1000 1972 1060 tyranno
1995 988 2095 1044 Sa-

505 1086 664 1142 tanae,
689 1077 783 1147 qui
833 1093 943 1148 prae
991 1077 1201 1148 ingenti
1230 1079 1490 1149 superbia
1520 1079 1803 1150 (arrogans
1829 1079 1978 1133 enim
2005 1095 2098 1134 su-

503 1184 600 1241 pra
635 1169 860 1224 modum
889 1177 975 1224 est
1002 1169 1234 1239 spiritus
1265 1170 1462 1240 malus)
1503 1170 1765 1226 adversus
1796 1186 2008 1236 omnes,
2035 1179 2098 1226 ut

501 1261 745 1316 breviter
777 1262 979 1326 dicam,
1025 1262 1286 1317 mortales
1325 1262 1614 1317 libidinem
1654 1276 1810 1318 suam
1849 1263 2098 1318 exercuit

503 1350 734 1407 dicens:
769 1371 787 1404 ι
820 1352 1247 1422 Apprehendam
1285 1353 1478 1408 orbem
1518 1359 1790 1408 terrarum
1829 1369 1995 1408 manu
2034 1364 2098 1409 ut

503 1441 700 1496 nidum
744 1442 1048 1512 pullorum,
1073 1451 1130 1497 et
1161 1451 1420 1513 tanquam
1452 1458 1554 1499 ova
1588 1442 1852 1498 derelicta
1883 1443 2093 1509 tollam,

504 1543 561 1590 et
582 1549 693 1589 non
715 1543 801 1590 est
823 1535 919 1604 qui
943 1534 1170 1607 effugiat
1201 1551 1308 1602 me,
1333 1545 1428 1591 aut
1445 1535 1787 1592 contradicat
1810 1535 1947 1591 mihi
1973 1536 2040 1590 “.
2069 1553 2088 1588 ι

505 1626 776 1698 Regnavit
801 1629 950 1682 enim
976 1644 1075 1699 pro
1109 1643 1208 1684 sua
1233 1627 1483 1694 libidine,
1510 1635 1572 1683 ut
1595 1628 1730 1695 dixi,
1757 1636 2097 1700 vocatusque

505 1727 590 1774 est
613 1720 758 1773 Deus
794 1720 957 1790 hujus
990 1721 1197 1775 saeculi.
1232 1719 1497 1775 Adoravit
1529 1719 1677 1776 enim
1715 1720 1896 1791 ipsum
1937 1736 2096 1777 mun-

504 1811 629 1878 dus,
674 1812 956 1883 coluitque
982 1821 1289 1868 creaturam
1331 1812 1505 1882 magis
1545 1828 1710 1883 quam
1751 1813 2090 1870 Creatorem.

503 1903 799 1973 Postquam
826 1919 959 1959 vero
991 1904 1047 1958 in
1072 1911 1282 1958 tantam
1313 1904 1594 1959 miseriam
1633 1900 1903 1960 adductos
1939 1921 2094 1961 com-

501 1997 793 2053 miseratus
822 2005 907 2053 est
929 1997 1095 2064 Deus,
1124 1998 1426 2052 missurum
1463 2012 1523 2053 se
1548 1998 1710 2056 nobis
1739 2013 1807 2054 ex
1836 1999 1978 2055 ccelo
2007 1999 2097 2054 Fi-

501 2087 636 2142 lium
668 2103 829 2143 suum
853 2088 1129 2160 promisit,
1170 2089 1267 2159 qui
1299 2089 1543 2145 hominis
1578 2100 1831 2146 naturam
1858 2090 2096 2161 pristino

501 2178 668 2233 statui
707 2179 1048 2235 restitueret.
1095 2199 1113 2232 ι
1141 2181 1293 2236 Nova
1336 2181 1612 2252 siquidem
1653 2190 1908 2238 creatura
1950 2183 2094 2239 facta

501 2275 587 2323 est
617 2269 671 2322 in
695 2267 938 2335 Christo,
965 2289 982 2322 ι
1016 2272 1169 2343 juxta
1207 2270 1524 2342 Scripturas
1555 2271 1624 2326 ⁸⁸.
1668 2272 2095 2329 Transvectorcs

501 2368 688 2414 autem
731 2361 1008 2416 bonorum
1059 2363 1128 2416 ad
1171 2378 1273 2418 nos
1316 2379 1633 2420 sermonum
1680 2365 1908 2420 fuerunt
1947 2365 2094 2422 beati

501 2453 802 2522 propheta,
860 2473 879 2505 ι
917 2452 1021 2520 Qui
1057 2453 1126 2510 de
1167 2455 1354 2510 futura
1383 2457 1438 2511 in
1461 2457 1624 2512 nobis
1651 2458 1824 2528 gratia
1854 2459 2134 2530 prophe-_

501 2555 778 2612 taverunt,
815 2556 1128 2603 scrutantes
1151 2549 1208 2602 in
1235 2550 1382 2620 quod
1412 2558 1508 2606 aut
1540 2551 1701 2621 quale
1728 2559 1948 2623 tempus
1973 2568 2092 2608 ma-

500 2639 793 2694 nifestatus
825 2641 898 2696 sit
933 2641 989 2695 in
1023 2641 1156 2712 ipsis
1181 2643 1411 2712 spiritus
1449 2643 1678 2711 Christi,
1717 2646 2094 2715 pramuntians

497 2745 594 2787 eas
625 2748 747 2802 quae
790 2732 845 2788 in
886 2733 1109 2789 Christo
1152 2742 1281 2790 sunt
1321 2736 1606 2807 passiones
1653 2746 1710 2793 et
1753 2741 2094 2809 posteriores

499 2821 699 2892 glorias
729 2843 740 2876 :
773 2825 975 2894 quibus
1007 2827 1306 2882 revelatum
1339 2837 1425 2883 est
1455 2831 1605 2900 quod
1641 2848 1752 2887 non
1799 2833 1904 2888 sibi
1932 2835 2088 2906 ipsis,

499 2915 597 2969 sed
635 2917 795 2972 nobis
837 2933 900 2973 ea
942 2917 1496 2977 administrabant“.
1534 2943 1552 2974 ι
1598 2923 1679 2978 lta
1717 2925 1866 2980 enim
1898 2927 2094 2982 scribit

498 3006 798 3063 Salvatoris
844 3009 1172 3080 discipulus.
1219 3011 1386 3084 Atqui
1435 3015 1645 3071 multus
1690 3016 1915 3087 quidem
1959 3019 2094 3089 ipsis

2201 619 2477 692 ἁμαρτίας
2519 620 2598 681 είς
2631 617 2882 672 θάνατον.
2933 616 3151 688 Ἐπειδὴ
3179 617 3235 670 δὲ
3267 619 3348 681 είς
3368 618 3517 674 ﬁat-av
3551 621 3643 675 τοῦ
3669 626 3766 677 σώ-

2199 713 2312 776 ζειν
2337 711 2539 774 εἰδότος
2566 707 2987 778 ἀπενοσφίζετο,
3021 711 3308 780 μονονουχὶ
3338 711 3431 763 καὶ
3452 711 3769 784 δορύληπτος

2193 799 2264 874 ἦν
2295 805 2324 857 6
2353 804 2472 856 κατ’
2523 801 2709 855 είκόνα
2750 801 2851 872 τὴν
2884 799 3036 854 θείαν
3075 802 3638 872 τετεχνουργημένος,
3682 809 3770 861 καὶ

2196 893 2276 965 τῷ
2300 894 2398 964 τῆς
2425 892 2670 955 δουλείας
2695 889 2851 960 ἄχθει
2880 889 3322 960 κατεφορτίζετο.
3369 891 3639 946 ’Υπετίθει
3665 895 3766 967 γὰρ

2199 987 2264 1057 δὴ
2301 985 2398 1040 καὶ
2425 987 2525 1055 οὐχ
2558 984 2699 1039 ἑκὼν
2730 985 2830 1054 τὴν
2852 983 3058 1054 αὐχένα
3087 982 3166 1053 τῷ
3193 985 3645 1055 πλεονεκτήσαντι
3672 989 3772 1042 Σαο

2198 1080 2357 1149 τανᾷ,
2385 1077 2444 1141 ὃς
2477 1078 2573 1131 καὶ
2602 1079 2667 1130 ἐκ
2699 1075 2902 1145 πολλῆς
2935 1074 3055 1129 λίαν
3084 1076 3187 1146 τῆς
3216 1077 3530 1148 ἀγερωχίας
3576 1080 3772 1153 (ὑπέρ.

2199 1185 2338 1240 οφρυ
2371 1169 2479 1240 γὰρ
2505 1168 2566 1221 τὸ
2598 1167 2815 1239 πνεῦμα
2839 1169 2900 1220 τὸ
2931 1168 3212 1239 πονηρὸν),
3245 1169 3521 1235 ἁπάντων,
3559 1171 3632 1236 ὡς
3655 1173 3773 1236 ἔπος

2200 1263 2396 1326 εἰπεῖν,
2418 1261 2528 1315 τῶν
2557 1262 2651 1313 ἐπὶ
2676 1262 2772 1331 τῆς
2806 1260 2911 1329 γῆς
2937 1260 3394 1331 κατεθρασύνετο,
3419 1260 3610 1330 λέγων·
3640 1265 3774 1337 «Τὴν

2197 1354 2524 1425 οἰκουμένην
2557 1353 2686 1422 ὃλην
2714 1352 3100 1424 καταλήψομαι
3132 1357 3198 1424 τῇ
3229 1354 3376 1425 χειρὶ
3412 1353 3504 1418 ’ὡς
3544 1357 3772 1423 νοσσιὰν,

2194 1445 2290 1498 καὶ
2324 1444 2403 1507 ὡς
2446 1443 2930 1514 καταλελειμμένα
2973 1441 3057 1496 ὠά
3098 1441 3238 1513 ἀρῶ,
3273 1443 3369 1496 καὶ
3405 1444 3508 1496 οὐκ
3554 1443 3696 1498 ἐστιν
3721 1445 3775 1510 ὃς

2193 1535 2544 1606 διαφεύξεταί
2588 1553 2677 1608 με,
2727 1536 2760 1608 ἢ
2795 1535 3041 1590 ἀντείπει
3089 1552 3200 1607 μοι.
3237 1555 3257 1588 ι
3290 1535 3652 1590 Βεὸασίλευκε
3676 1539 3775 1610 γὰρ

2195 1628 2260 1682 ἐκ
2289 1628 2609 1694 πλεονεξίας
2631 1668 2646 1692 ,
2678 1627 2754 1692 ὡς
2796 1627 2954 1698 ἐφην,
3010 1627 3108 1681 καὶ
3165 1627 3486 1698 ὠνόμασται
3533 1628 3662 1694 Θεὸς
3688 1631 3774 1684 τοῦ

2198 1719 2394 1782 αἰῶνος
2437 1719 2652 1774 τούτου.
2703 1717 3129 1790 Προσκεκύνηκε
3164 1717 3274 1789 γὰρ
3304 1720 3332 1772 6
3369 1717 3574 1788 κόσμος
3617 1718 3773 1786 αὐτῷ,

2197 1814 2294 1866 καὶ
2321 1811 2649 1883 λελάτρευκε
2677 1814 2744 1884 τῇ
2774 1810 2951 1865 κτίσει
2985 1810 3136 1882 παρὰ
3161 1810 3254 1864 τὸν
3282 1809 3568 1864 κτίσαντα.
3606 1812 3774 1866 Ἐπει-

2195 1903 2260 1975 δὴ
2287 1903 2346 1957 δὲ
2371 1905 2466 1958 καὶ
2485 1905 2566 1968 είς
2591 1903 2752 1957 τοῦτο
2791 1901 3192 1972 ἐνηνεγμένους
3239 1901 3618 1984 ταλαιπωρίας
3657 1919 3775 1955 κατ-

2195 1997 2347 2069 ηλέει
2381 1996 2538 2062 Θεὸς,
2584 1995 2940 2050 ἀποστέλλειν
2994 1995 3125 2066 ἡμῖν
3151 1994 3241 2048 τὸν
3293 1993 3426 2048 Υίδν
3465 1995 3524 2061 ἐξ
3559 1993 3773 2066 ούρανοῦ

2195 2089 2588 2161 ἐπηγγέλλετο,
2610 2087 2709 2160 τὴν
2735 2086 3026 2161 ἀνθρώπου
3055 2087 3218 2156 φύσιν
3245 2087 3656 2156 ἀνακομίσαντα
3680 2087 3773 2141 πά-

2195 2182 2281 2236 λιν
2329 2183 2408 2246 είς
2455 2183 2593 2252 ὅπερ
2634 2177 2706 2252 ἦν
2755 2183 2814 2236 ἐν
2860 2182 3080 2252 ἀρχαῖς.
3133 2199 3152 2232 ι
3204 2179 3386 2252 Καινὴ
3431 2181 3605 2244 κτίσις
3635 2180 3699 2233 τὰ
3722 2181 3774 2232 tv

2197 2273 2440 2347 Χριστῷ,
2481 2294 2500 2328 ι
2537 2275 2682 2330 κατὰ
2733 2274 2832 2340 τάς
2891 2274 3141 2346 Γραφάς.
3190 2274 3556 2344 Διακομισταὶ
3584 2273 3639 2326 δὲ
3672 2273 3772 2328 τῶν

2196 2373 2276 2434 είς
2318 2372 2468 2442 ἡμᾶς
2507 2367 2730 2437 ἀγαθῶν
2755 2368 2930 2438 λόγων
2955 2368 3247 2438 γεγόνασιν
3277 2370 3327 2422 οἱ
3360 2367 3621 2439 μακάριοι
3646 2383 3770 2438 προ-

2197 2463 2386 2535 φῆται,
2420 2481 2438 2514 ι
2481 2462 2655 2533 ’Υπὲρ
2679 2461 2779 2532 τῆς
2813 2463 2891 2524 είς
2937 2462 3084 2533 ἡμᾶς
3114 2461 3336 2534 χάριτος
3371 2459 3770 2532 προφητεύσαν-

2194 2575 2309 2623 τες,
2343 2555 2674 2628 ἐρευνῶντες
2701 2558 2782 2620 είς
2817 2555 2944 2609 τίνα
2975 2555 3071 2608 καὶ
3103 2556 3255 2608 ποῖον
3286 2553 3483 2624 καιρὸν
3511 2552 3692 2625 ἐδήλου
3718 2550 3772 2604 τὸ

2197 2652 2254 2703 ἐν
2279 2649 2462 2712 αὐτοῖς
2488 2647 2707 2719 πνεῦμα
2735 2645 2996 2719 Χριστοῦ,
3029 2644 3590 2718 προμαρτυρούμενον
3616 2644 3679 2697 τά
3701 2645 3770 2706 εἰς

2195 2741 2430 2813 Χριστὸν
2469 2742 2793 2811 παθήματα,
2834 2738 3054 2802 καὶτὰς
3097 2737 3234 2809 μετά
3273 2738 3452 2791 ταῦτα
3479 2738 3652 2804 δόξας,
3699 2730 3771 2797 οἷς

2195 2833 2579 2905 ἀπεκαλύφθη,
2607 2834 2689 2886 ὅτι
2717 2833 2815 2903 οὐχ
2844 2832 3080 2894 ἑαυτοῖς,
3125 2832 3256 2903 ἡμῖν
3288 2830 3347 2885 δὲ
3374 2831 3652 2902 διηκόνουν
3682 2828 3770 2881 αὐ·

2194 2928 2281 2981 τά.
2347 2947 2365 2980 ι
2419 2927 2625 2998 Γράφει
2657 2925 2768 2996 γὰρ
2805 2924 2980 2988 οὓτως
3029 2923 3127 2976 τοῦ
3164 2923 3423 2994 Σωτῆρος
3461 2923 3489 2974 6
3521 2921 3768 2993 μαθητής.

2194 3020 2306 3076 Καὶ
2344 3019 2514 3084 πολὺς
2563 3018 2662 3090 μὲν
2695 3020 2724 3071 6
2763 3015 2893 3087 παρ’
2928 3017 3114 3079 αὐτοῖς
3155 3015 3282 3088 περὶ
3325 3016 3432 3086 τῆς
3472 3011 3567 3068 τοῦ
3607 3013 3771 3080 Σωτῆ-

498 3098 568 3154 de
605 3099 908 3156 Salvatoris
949 3103 1123 3158 nostri
1175 3104 1557 3161 incarnatione
1599 3123 1779 3163 sermo
1816 3119 1900 3165 est
1932 3111 2090 3166 habi-

2199 3129 2292 3187 ρος
2323 3110 2482 3182 ἡμῶν
2519 3109 2991 3181 ἐνανθρωπήσεως
3023 3107 3203 3176 λόγος,
3238 3105 3337 3161 καλ⁵
3376 3107 3459 3160 ὅτι
3499 3105 3637 3160 κατά
3664 3120 3774 3157 και-

501 3202 609 3258 tus,
651 3192 908 3262 quodque
938 3208 1200 3250 successu
1238 3198 1504 3268 temporis
1542 3197 1862 3270 redemptor
1892 3211 2091 3257 ventu-

499 3300 594 3338 rus
626 3293 792 3338 esset.
824 3285 973 3340 Nihil
1007 3301 1139 3341 vero
1178 3287 1423 3346 obfuerit
1455 3292 1720 3347 nonnulla
1756 3293 1812 3346 in
1846 3293 2090 3348 medium
2127 3329 2138 3340 -

499 3375 700 3433 aﬂ'erre
751 3376 819 3430 ad
873 3378 1157 3434 meliorem
1217 3381 1594 3438 studiosorum
1642 3385 2086 3442 instructionem.

497 3465 803 3522 Conveniat
828 3484 961 3524 vero
990 3486 1107 3526 rem
1142 3471 1284 3527 hanc
1320 3474 1378 3528 in
1417 3475 1750 3531 calumniam
1774 3477 2089 3533 Iudaeorum

499 3559 719 3628 populis
743 3567 1002 3627 statuere,
1030 3571 1092 3617 ut
1118 3579 1185 3617 ex
1213 3564 1348 3635 ipsis
1377 3566 1546 3622 rebus
1566 3567 1754 3622 videre
1775 3569 1924 3624 licet.
1951 3569 2088 3625 Cum

498 3645 647 3698 enim
686 3661 753 3700 ex
792 3648 1129 3717 propheticis
1171 3653 1524 3709 sermonibus
1568 3655 1826 3727 colligere
1867 3668 2091 3728 possent

501 3733 799 3790 Salvatoris
826 3738 1142 3808 adventum,
1177 3758 1240 3798 ac
1265 3745 1449 3814 potius
1483 3761 1551 3800 ex
1589 3747 1704 3818 ipsa
1735 3749 1869 3819 legis
1893 3751 2088 3806 umbra

501 3823 556 3878 id
585 3827 972 3898 intelligentes,
999 3832 1187 3887 miseri
1210 3835 1572 3903 pertinaciter
1603 3849 1978 3910 repugnarunt
2001 3843 2088 3898 di-

499 3918 642 3974 vinis
658 3922 914 3987 oraculis,
946 3933 1111 3994 atque
1135 3926 1274 3982 adeo
1298 3927 1401 3998 ipsi
1421 3927 1660 3996 Christo,
1681 3934 1917 4000 tametsi,
1941 3935 2086 4005 quod

498 4011 717 4081 sapiens
743 4014 948 4070 Paulus
987 4017 1149 4072 nobis
1189 4019 1286 4084 ait,
1326 4039 1343 4071 ι
1373 4019 1604 4077 Caecitas
1624 4039 1690 4078 ex
1715 4035 1869 4095 parte
1898 4027 2087 4084 lsracli

499 4103 700 4158 accidit
715 4105 781 4138 ⁸⁶⁶
797 4147 812 4171 ,
851 4116 913 4161 ιιι
931 4108 1184 4164 videntes
1199 4126 1309 4165 non
1334 4112 1576 4180 videant,
1595 4123 1649 4170 et
1665 4117 1954 4174 audientes
1977 4137 2086 4176 non

498 4195 742 4262 audiant,
759 4215 940 4269 neque
962 4201 1362 4272 intelligant";
1385 4224 1404 4257 ι
1437 4209 1901 4277 quemadmodum
1920 4213 2086 4268 etiam

498 4287 616 4356 ipse
640 4288 889 4344 Salvator
911 4291 1006 4345 ait.
1027 4292 1116 4347 Ait
1133 4309 1284 4364 ergo,
1310 4305 1364 4351 at
1382 4299 1566 4368 potius
1584 4299 1739 4371 165
1755 4301 2088 4360 Emmanue-

495 4379 603 4435 lem
626 4381 804 4451 ipsum
823 4383 991 4439 Isaias
1017 4385 1070 4439 in
1090 4385 1312 4458 scriptis
1328 4390 1441 4445 suis
1456 4400 1642 4462 aperte
1661 4393 1978 4464 loquentem
1996 4396 2088 4451 in—

2199 3204 2326 3276 ροὺς
2355 3202 2606 3273 ἀφίξεται
2629 3201 2942 3272 λυτρωτής.
2972 3200 3118 3272 Πρὸς
3147 3197 3455 3270 εὐμάθειαν
3481 3198 3538 3251 δέ
3569 3197 3672 3250 τῶν
3697 3197 3774 3248 tv-

2192 3295 2534 3366 τευξομένων
2599 3293 2758 3363 ὀλίγα
2790 3310 2898 3364 περ
2941 3294 3184 3360 ἐνεγκεῖν
3234 3291 3296 3344 τὸ
3356 3291 3561 3345 λυποῦν
3613 3289 3768 3343 οὐδέν.

2206 3387 2519 3459 Ἐπίκλημα
2544 3387 2600 3440 δὲ
2636 3387 2750 3448 τοῖς
2785 3385 3051 3439 Ἰουδαίων
3075 3384 3268 3457 δήμοις
3297 3383 3362 3437 τὸ
3396 3385 3584 3456 χρῆμα
3614 3383 3770 3436 ποιεῖ-

2197 3480 2320 3534 σθαι
2356 3481 2556 3551 πρέποι
2585 3478 2670 3538 ἂν,
2699 3481 2776 3542 ὼς
2808 3475 3066 3542 ἐξαύτῶν
3093 3476 3270 3532 ἔνεστι
3303 3477 3414 3531 τῶν
3446 3475 3770 3548 πραγμάτων

2196 3571 2342 3624 ίδεῖν.
2397 3571 2589 3624 Χαίτοι
2618 3570 2728 3641 γὰρ
2758 3569 2877 3623 ἐνδν
2907 3571 2972 3622 ἐκ
3009 3570 3369 3641 προφητικῶν
3406 3569 3500 3623 τοῦ
3537 3567 3770 3638 Σωτῆρος

2195 3662 2538 3732 καταθρῆσαι
2575 3660 2751 3728 λόγων
2801 3660 2902 3732 τὴν
2941 3661 3146 3730 ἄφιξιν,
3186 3662 3392 3732 μᾶλλον
3419 3662 3476 3716 δέ
3507 3661 3644 3731 τάχα
3676 3676 3770 3713 που

2195 3755 2290 3808 καὶ
2314 3754 2586 3817 συνιέντες
2623 3755 2672 3806 oi
2706 3753 2937 3817 τάλανες
2976 3754 3070 3807 καὶ
3096 3753 3157 3819 ἐξ
3189 3753 3366 3825 αὐτῆς
3397 3754 3500 3825 τῆς
3535 3756 3591 3807 ἐν
3636 3753 3770 3822 νόμῳ

2195 3849 2375 3910 σκιᾶς,
2425 3845 2783 3917 ἀντεφέροντο
2832 3845 3154 3914 δυστρόπως
3203 3848 3319 3909 τοῖς
3369 3845 3554 3900 θεόθεν
3582 3855 3772 3914 κεχρη-

2193 3935 2615 4008 σμῳδημένοις,
2660 3936 2756 3990 καὶ
2821 3935 2975 4008 αὐτῷ
3026 3935 3106 4008 τῷ
3159 3936 3408 4009 Χριστῷ,
3449 3937 3482 4009 ἢ
3522 3937 3616 3992 καὶ
3647 3937 3772 4006 ὅπερ

2199 4031 2303 4100 ἔφη
2339 4028 2553 4094 Παῦλος
2581 4030 2716 4100 ἡμῖν
2761 4030 2791 4083 6
2835 4030 3032 4101 σοφός’
3076 4047 3095 4082 ι
3137 4029 3424 4102 Πὼρωσιζ
3453 4030 3560 4084 ἀπὸ
3591 4029 3772 4101 μέρους

2191 4122 2386 4192 γέγονε
2418 4119 2498 4192 τῷ
2543 4120 2782 4192 Ἰσραὴλ,
2819 4121 2908 4174 ἵνα
2939 4120 3233 4192 βλέποντες
3263 4123 3342 4194 μὴ
3379 4121 3650 4192 βλέπωσι,
3685 4119 3771 4172 καὶ

2191 4194 2482 4276 ἀκούοντες
2531 4211 2606 4284 μὴ
2656 4211 2952 4279 ἀκούσωσι,
2993 4213 3128 4284 μηδὲ
3164 4214 3410 4268 συνιῶσι.
3453 4233 3472 4267 ι
3507 4212 3662 4268 Καθὰ
3689 4210 3773 4265 καὶ⁸

2192 4306 2356 4369 αὐτὸς
2394 4305 2616 4381 εἴρηκεν
2645 4308 2672 4360 6
2710 4308 2923 4379 Σωτήρ.
2965 4307 3111 4378 Ἔφη
3130 4307 3344 4381 τοίνυν,
3385 4307 3586 4378 μᾶλλον
3612 4306 3666 4360 δέ
3689 4304 3773 4358 καὶ

2191 4397 2355 4452 αὐτὸν
2401 4377 2536 4469 ἡμῖν
2582 4377 2938 4467 εἰσκεκόμικε
2977 4399 3070 4452 τὸν
3102 4377 3487 4469 ίῖΕμμανουὴλ
3529 4401 3586 4452 ἐν
3630 4396 3772 4458 ἰδίαις

496 4470 650 4527 ducit
678 4491 691 4528 :
725 4473 994 4545 «Spiritus
1012 4455 1226 4533 Domini
1250 4496 1418 4551 super
1447 4455 1556 4549 me,
1577 4455 1917 4555 cujus-causa
1931 4489 2089 4544 unxit

2200 4455 2547 4563 συγγραίέαῖς
2588 4491 2618 4543 6
2669 4455 2959 4555 θεσπέσιος
3001 4455 3254 4556 Ἡσαΐας.
3278 4455 3512 4561 λέγοντα
3566 4455 3769 4559 σαφῶξ

495 4579 604 4630 me,
623 4565 1004 4636 evangelizare
1038 4572 1379 4642 pauperibus
1409 4574 1562 4629 misit
1593 4591 1704 4642 me,
1739 4593 1935 4636 sanare
1955 4595 2089 4636 con-

497 4656 659 4713 tritos
691 4657 883 4723 corde,
909 4662 1210 4730 praedicare
1233 4665 1466 4734 captivis
1484 4667 1889 4738 remissionem,
1911 4658 1967 4730 et
1983 4690 2086 4732 caa-

493 4748 574 4804 cis
598 4751 779 4807 visum
817 4768 833 4805 :
873 4767 1070 4808 vocare
1092 4769 1299 4810 annum
1326 4757 1544 4816 Domini
1569 4765 1994 4833 acceptabilem,
2030 4779 2088 4823 et

492 4839 638 4897 diem
682 4843 1072 4906 retributionis
1095 4843 1164 4906 ⁸³.
1204 4871 1222 4903 ι
1255 4852 1382 4908 Haec
1406 4853 1553 4908 enim
1583 4853 1812 4913 fuerunt
1847 4859 2083 4918 illustria

493 4932 756 4992 adventus
797 4935 946 4997 illius
971 4958 1160 5012 opera.
1191 4942 1360 5000 Oseas
1383 4961 1515 5000 vero
1539 4961 1760 5002 rursum
1783 4949 1984 5008 alicubi
2013 4954 2082 5010 de

498 5034 616 5105 ipso
642 5034 875 5104 loquens
905 5053 918 5088 :
952 5055 972 5088 ι
1009 5035 1078 5090 Et
1106 5037 1588 5108 congregabuntur
1612 5039 1711 5096 ﬁlii
1733 5041 1873 5099 Juda
1899 5055 1956 5101 et
1983 5046 2079 5102 lilii

495 5124 664 5180 Israel
699 5123 884 5188 simul,
910 5133 965 5180 et
1003 5133 1211 5196 ponent
1250 5125 1357 5182 sibi
1399 5128 1766 5200 principatum
1797 5149 2005 5203 unum;
2031 5148 2088 5195 et

495 5216 797 5274 ascendent
831 5216 900 5271 de
942 5227 1112 5283 terra,
1143 5218 1405 5289 quoniam
1452 5236 1684 5294 magnus
1725 5224 1848 5282 dies
1897 5229 2085 5286 Jezra—

497 5308 586 5363 hel
611 5305 677 5362 ³’.
712 5328 730 5360 ι
765 5307 1165 5378 Quamplurimi
1211 5311 1359 5366 enim
1402 5327 1501 5383 per
1535 5323 1782 5386 tempora
1808 5319 1954 5390 apud
1985 5322 2084 5376 Ju-

496 5399 644 5455 daos
684 5399 949 5471 praefecti,
980 5402 1112 5456 solis
1151 5402 1312 5458 labiis
1341 5405 1731 5462 universorum
1774 5410 1948 5466 Deum
1993 5428 2088 5469 co-

499 5490 613 5548 lere
638 5491 930 5547 suadentes
977 5502 1033 5549 et
1058 5493 1320 5551 docentes
1341 5495 1642 5565 doctrinas,
1666 5511 1941 5573 praecepta
1968 5519 2086 5560 om-

565 5679 610 5759 a-t
632 5678 735 5737 19³,
766 5697 822 5745 χ’
850 5681 937 5759 μ,
984 5683 1144 5759 Δξι-ιιῐ
1167 5684 1366 5759 Cor._v_.
1402 5686 1488 5756 l7;
1521 5689 1787 5759 Galatvl,
1814 5694 1899 5751 l5.

497 5745 542 5780 ⁸³
571 5749 674 5806 lsa.
712 5767 818 5818 ut,
854 5753 905 5805 l.
983 5753 1027 5786 "
1056 5753 1193 5811 Osee
1225 5771 1263 5821 ι,
1299 5756 1385 5811 ll.

1973 5696 2018 5729 ³⁸
2051 5695 2242 5753 lPetr.
2275 5697 2317 5762 l,
2344 5695 2530 5752 10-12.
2608 5695 2655 5728 "
2686 5700 2700 5719 ⁶
2739 5697 2899 5754 Rom.
2931 5711 3004 5762 ιι,
3047 5691 3138 5748 25.

2203 4603 2222 4637 ι
2263 4583 2488 4656 Πνεῦμα
2513 4585 2718 4656 Κυρίου
2749 4587 2834 4638 ἐπ’
2869 4586 2994 4656 ἐμὲ,
3021 4580 3082 4640 οῦ
3109 4585 3321 4639 εἵνεκεν
3349 4586 3537 4658 ἐχρισέ
3570 4601 3659 4656 με,
3691 4582 3773 4635 εύ-

2193 4676 2588 4744 αγγελίσασθαι
2624 4678 2864 4746 πτωχοῖς
2905 4677 3220 4730 ἀπέσταλκέ
3251 4695 3342 4748 με,
3371 4677 3626 4731 ἰάσασθαι
3655 4674 3772 4735 τοὺς

2193 4769 2690 4841 συντετριμμένους
2720 4771 2822 4842 τὴν
2855 4769 3109 4842 καρδίαν,
3155 4769 3396 4841 κηρύξαι
3420 4769 3772 4841 αἰχμαλώτοις

2189 4862 2408 4930 ἄφεσιν,
2439 4861 2534 4915 καὶ
2559 4862 2780 4932 τυφλοῖς
2809 4862 3124 4932 ἀνάϐλεψιν,
3143 4863 3375 4916 καλέσαι
3397 4861 3640 4916 ἐνιαυτὸν
3666 4861 3770 4913 Κυ-

2195 4955 2310 5026 ρίου
2339 4954 2546 5017 δεκτὸν,
2571 4955 2667 5009 καί
2694 4957 2904 5028 ἡμέραν
2937 4955 3375 5018 ἀνταποδόσεως.
3408 4974 3427 5006 ι
3459 4951 3644 5009 Ταῦτα
3671 4947 3772 5020 γὰρ

2189 5045 2382 5116 γέγονε
2433 5049 2502 5100 τά
2547 5047 2776 5120 λαμπρά
2833 5049 2934 5121 τῆς
2972 5048 3269 5120 ἐπιδημίας
3302 5047 3471 5102 αὑτοῦ
3504 5041 3770 5118 κατορθώ-

2191 5158 2358 5213 ματα.
2410 5141 2570 5212 Ὦσηέ
2610 5142 2666 5195 δέ
2698 5141 2863 5197 πάλιν
2903 5141 3010 5212 ἔφη
3054 5157 3159 5194 που
3202 5141 3336 5212 περὶ
3361 5139 3567 5194 αὐτοῦ·
3612 5156 3631 5189 ι
3671 5129 3770 5190 Καὶ

2188 5232 2622 5304 συναχθήσονται
2666 5233 2776 5286 υἱοὶ
2831 5232 3029 5298 Ἰούδα,
3057 5233 3154 5286 καὶ
3191 5232 3301 5285 uici.
3344 5229 3564 5301 Ἰσραὴλ
3600 5227 3689 5282 ἐπὶ
3713 5224 3768 5277 τὸ

2185 5323 2340 5388 αὐτὸ,
2376 5323 2472 5377 καὶ
2505 5323 2764 5396 θήσονται
2810 5324 3023 5387 ἑαυτοῖς
3062 5321 3238 5394 ἀρχὴν
3276 5321 3429 5391 μίαν,
3462 5320 3557 5374 καὶ
3576 5314 3766 5385 ἀνασήο

2187 5429 2372 5467 σονται
2399 5414 2465 5468 ἐκ
2483 5413 2583 5484 τῆς
2601 5415 2725 5484 γῆς,
2747 5414 2830 5466 ὅτι
2853 5411 3067 5484 μεγάλη
3093 5413 3127 5483 ἡ
3147 5410 3335 5484 ἡμέρα
3357 5410 3455 5465 τοῦ
3481 5406 3760 5480 Ίεζραήλδ

2185 5503 2436 5558 Πλεῖστοι
2477 5503 2581 5575 μὲν
2635 5504 2748 5576 γὰρ
2789 5503 2905 5557 ὅσοι
2955 5502 3099 5557 κατά
3149 5502 3382 5572 καιροὺς
3411 5503 3460 5555 oi
3487 5499 3634 5572 παρά
3662 5495 3763 5559 τοῖς

3242 5691 3288 5724 ⁸⁷
3322 5692 3514 5749 Matth.
3535 5702 3648 5752 xm,
3682 5682 3754 5738 l3.
