4034 6480
478 367 582 421 9.67
802 424 805 427 ν
1481 364 1538 419 S.
1565 364 1839 421 CYlllLLl
1878 366 2071 423 ALEX

2132 367 2353 422 SDBIM
2393 368 2717 426 ARCHIEP.
3626 379 3725 439 2E8

475 488 625 545 enim
655 486 979 559 debuissent
1015 487 1246 557 gratiam
1283 501 1381 557 per
1415 484 1578 542 ﬁdem
1614 486 1918 557 suscipere,
1945 494 2065 541 tan-

2132 487 2218 546 λδὲ
2267 489 2361 542 καὶ
2410 488 2508 561 τὴν
2544 488 2901 562 Ἰερουσαλὴμ
2950 491 2980 544 6
3020 492 3304 562 προφήτης
3344 492 3631 565 Ἱερεμίας,
3657 501 3725 564 ὡς

474 594 642 651 quam
672 579 817 634 viam
852 580 1147 635 salutarem
1179 578 1290 633 Deo
1323 584 1690 647 repugnantes
1731 575 2063 646 deprehensi

2162 581 2410 642 ἀνοσίαν,
2441 580 2519 645 ὼς
2551 582 3028 652 Κυριοκτόνον,ὼς
3057 583 3304 654 βέϐηλον,
3329 584 3405 649 ὡς
3431 587 3723 658 ἀχάριστον.

472 676 624 728 sunt.
638 669 907 737 Quocirca
925 670 1172 725 omnium
1194 669 1387 738 Opifex
1402 667 1794 741 (unigenitum.
1813 667 2036 737 inquam
2047 709 2060 735 ,

2167 672 2312 742 Ἔφη
2340 671 2447 744 γὰρ
2495 671 2667 726 οὗτοι)⁸
2711 694 2729 725 ι
2772 673 2999 745 Πνεῦμα
3050 675 3158 746 πρὸ
3212 675 3504 746 προσώπου
3551 680 3721 750 ἡμῶν,

475 763 572 818 Dei
596 762 883 831 Verbum),
913 762 1211 817 demittens
1228 761 1482 831 seipsum
1513 759 1583 815 ad
1607 759 2061 826 exinanitionem,

2162 764 2400 836 Χριστὸς
2447 764 2672 836 Κύριος,
2706 766 3013 838 συνελήφθη
3043 768 3102 822 ὲν
3135 770 3255 831 ταῖς
3297 767 3609 840 διαφθοραῖς
3639 775 3725 825 αῦ-

475 863 675 911 unetus
716 862 801 910 est
835 869 866 908 a
898 854 1081 917 Patre,
1110 852 1398 922 iactusque
1428 858 1489 906 ut
1515 866 1618 907 nos
1637 854 1680 905 ⁸.
1718 850 2063 906 Exinanitio-

2160 852 2292 919 τῶν,
2310 848 2370 909 οὗ
2400 854 2654 924 εῐπαμεν·
2685 854 2775 909 Ἐν
2798 858 2866 926 τῇ
2898 856 3030 927 σκιᾷ
3050 856 3215 909 αὐτοῦ
3243 857 3520 927 ζησόμεθα
3540 860 3597 911 ὲν
3622 864 3725 923 τοῖς

474 946 561 1001 nis
602 959 736 1000 vero
775 958 976 1015 scopus
1021 943 1112 998 hic
1156 942 1280 1008 fuit,
1309 942 1521 998 salvere
1550 956 1649 996 eos
1683 942 1780 1013 qui
1813 941 1871 996 in
1902 941 2064 996 terris

2162 944 2361 998 ιθνεσι.
2415 963 2435 997 ι
2487 945 2617 999 Δέον
2659 944 2767 1017 γὰρ
2801 946 3020 1000 ἑλέσθαι
3050 947 3147 1019 τὴν
3176 947 3264 1001 διὰ
3295 947 3529 1012 πίστεως
3556 950 3726 1021 χάριν,

472 1047 762 1093 versantur
789 1055 801 1090 :
827 1034 974 1106 quod
1000 1045 1057 1091 et
1080 1034 1353 1106 propheta
1375 1032 1683 1103 Sophonias
1707 1041 1941 1088 testatus
1956 1040 2059 1098 est,

2276 1036 2396 1090 ὁδὸν
2439 1037 2727 1108 σωτήρων,
2768 1037 3167 1109 θεομαχοῦντες
3200 1038 3502 1108 ἡλίσκοντο.
3531 1041 3727 1093 Οὐκοῦν
3829 1041 3832 1045 ⁷

471 1130 703 1187 dicens:
743 1149 761 1181 ι
796 1128 985 1185 Gaude
1026 1127 1208 1191 valde,
1251 1126 1362 1181 lilia
1411 1126 1585 1193 Sion;
1637 1124 1910 1195 praedicti,
1953 1125 2063 1181 ﬁlia

2161 1130 2189 1180 6
2212 1123 2333 1198 ’μὲν
2374 1126 2483 1182 τῶν
2530 1126 2668 1181 ὅλων
2734 1128 3123 1200 Γενεσιουργὸς
3146 1172 3159 1195 ,
3209 1129 3238 1180 6
3298 1129 3587 1200 μονογενὴς
3637 1132 3728 1184 τοῦ

470 1221 812 1288 Jerusalem;
855 1219 1070 1277 exsulta
1108 1226 1165 1273 et
1202 1217 1466 1273 deliciare
1495 1232 1563 1271 ex
1602 1224 1718 1270 toto
1750 1213 1917 1271 corde
1945 1223 2059 1281 tuo,

2161 1216 2299 1272 Θεοῦ
2337 1218 2532 1287 Λόγος,
2585 1218 2795 1283 καθιεὶς
2835 1219 3027 1272 ἑαυτὸν
3059 1220 3140 1282 είς
3182 1221 3433 1283 κένωσιν,
3461 1220 3727 1292 κέχρισται

459 1314 582 1368 lilia
621 1312 949 1369 Jerusalem.
976 1308 1221 1366 Abstulit
1262 1308 1530 1363 Dominus
1563 1306 1883 1377 iniquitates
1917 1314 2052 1372 tuas.

2162 1310 2314 1382 παρὰ
2341 1311 2438 1366 τοῦ
2467 1311 2702 1383 Πατρὸς,
2741 1311 2837 1367 καὶ
2862 1311 3054 1381 γέγονε
3082 1311 3207 1366 καθ’
3236 1313 3403 1384 ἡμᾶς.
3441 1315 3551 1367 Καὶ
3584 1316 3612 1368 6
3636 1318 3726 1388 τῆς

472 1400 704 1456 redemit
736 1408 787 1454 te
819 1398 887 1455 de
927 1415 1093 1454 manu
1128 1397 1477 1452 inimicorum
1521 1405 1763 1451 tuorum.
1791 1396 2062 1466 Regnabit

2168 1403 2455 1467 κενώσεως
2489 1403 2717 1469 σκοπὸς,
2742 1404 2820 1467 είς
2841 1403 2902 1456 τὸ
2928 1402 3191 1458 διασῶσαι
3218 1406 3345 1469 τοὺς
3373 1405 3465 1459 ἐπὶ
3488 1406 3584 1477 τῆς
3613 1407 3732 1479 γῆς.

471 1490 985 1550 Dominuslsraeliu
1000 1489 1184 1545 incdio
1198 1489 1301 1554 tui,
1314 1503 1424 1542 non
1438 1486 1651 1543 videbis
1666 1486 1809 1541 mala
1825 1487 1968 1542 ultra
1982 1488 2021 1542 '.
2035 1506 2053 1539 ι

2161 1492 2272 1546 Kal
2291 1492 2422 1562 γοῦν
2450 1496 2478 1547 ό
2508 1499 2794 1565 προφήτης
2832 1494 3093 1563 Σοφονίας
3121 1495 3525 1567 εὐηγγελίζετο,
3546 1497 3726 1572 λέγων·

469 1583 578 1653 lpsi
603 1598 753 1648 vero,
779 1580 1161 1637 inobedieatcs
1192 1588 1357 1650 atque
1380 1578 1772 1645 intractabiles,
1789 1585 1847 1634 et
1865 1577 2060 1635 eil'reni

2168 1601 2186 1633 ι
2232 1584 2405 1654 Χαῖρε
2450 1584 2655 1655 σφόδρα
2678 1624 2694 1650 ,
2743 1582 2984 1655 θύγατερ
3014 1583 3178 1649 Σιὼν,
3206 1586 3471 1658 κήρυσσε,
3506 1587 3732 1663 θύγατερ

470 1674 699 1732 audacia
720 1675 961 1747 praediti,
993 1673 1327 1730 contumelia
1368 1673 1547 1743 ipsum
1579 1671 1907 1739 ail‘ecerunt,
1938 1681 2059 1753 tur-

2173 1674 2552 1748 Ἰερουσαλὴμ,
2582 1676 2876 1748 εὐφραίνου
2899 1677 2994 1730 καὶ
3023 1678 3374 1752 κατατέρπου
3403 1682 3461 1749 ἐξ
3486 1683 3610 1755 ὅλης
3637 1687 3731 1756 τῆς

468 1766 694 1837 pissima
721 1781 952 1838 quaeque
981 1764 1168 1820 animo
1194 1762 1587 1834 concipientes,
1616 1770 1673 1817 et
1705 1761 1886 1832 reipsa
1917 1777 2058 1833 prae-

2162 1768 2390 1841 καρδίας
2424 1785 2542 1834 σου,
2575 1767 2815 1840 θύγατερ
2848 1769 3228 1843 Ἰερουσαλήμ.
3268 1774 3514 1845 Περιείλε
3541 1775 3732 1847 Κύριος

469 1866 696 1914 stantes.
722 1857 1092 1926 Quamobrem
1130 1855 1461 1911 delictorum
1497 1869 1725 1909 suorum
1750 1869 1942 1925 paenae
1965 1869 2060 1910 ex—

2157 1859 2226 1914 τὰ
2259 1858 2574 1930 ἀδικήματα
2604 1876 2719 1925 σου,
2747 1859 3082 1931 λελύτρωταί
3126 1881 3187 1916 σε
3218 1866 3283 1919 ἑκ
3320 1865 3503 1938 χειρὸς
3534 1845 3731 1939 ἐχθρῶν

469 1950 773 2005 solverunt.
801 1948 926 2005 Mali
954 1949 1103 2003 enim
1136 1946 1278 2002 male
1310 1945 1615 2017 perierunt.
1641 1946 1915 2002 Caterum
1945 1962 2056 2003 non

2163 1969 2279 2008 σου.
2315 1951 2633 2005 Βασιλεύσει
2681 1951 2888 2025 Κύριος
2947 1954 3164 2027 Ἰσραὴλ
3208 1957 3268 2010 ὲν
3313 1959 3471 2029 μέσῳ
3499 1974 3610 2026 σου,
3638 1959 3732 2012 οὐκ

469 2043 526 2095 in
545 2041 881 2097 universum.
904 2037 1332 2097 Misericordiam
1351 2038 1499 2093 enim
1517 2037 1801 2093 consecuti
1819 2045 1968 2104 sunt,
1995 2046 2055 2094 et

2230 2060 2277 2096 ει
2310 2043 2457 2099 κακὰ
2487 2044 2588 2099 οὐκ
2618 2042 2752 2098 ἔτι.»
2772 2043 2838 2098 Οἱ
2862 2045 2919 2100 δὲ
2948 2047 3194 2113 ἀπειθεῖς
3219 2051 3314 2104 καὶ
3337 2048 3617 2119 ἄτεγκτοι,
3646 2051 3733 2102 καὶ
3814 2060 3823 2068 “

466 2134 703 2207 reliquiae
727 2134 952 2190 saluata:
977 2142 1100 2188 sunt
1126 2130 1169 2199 ⁸,
1189 2130 1345 2203 1'67
1360 2132 1514 2201 juxta
1540 2130 1825 2201 prophetat
1836 2146 2048 2187 vocem.

2174 2133 2321 2206 πέρα
2358 2134 2562 2198 παντὶς
2618 2134 2789 2201 ἰόντες
2838 2136 3106 2209 θράσους,
3156 2142 3624 2214 πεπαρφνήκασιν
3658 2142 3733 2204 είς

465 2232 627 2286 αὐτὸν
654 2231 725 2286 τὰ
754 2231 974 2286 πάντων
998 2231 1274 2301 αἴσχιστα,
1313 2226 1406 2281 καὶ
1466 2226 1703 2299 δρῶντες
1733 2227 1973 2293 εὐκόλως
2028 2229 2125 2284 καὶ
2165 2230 2551 2302 βουλευόμενοι
2593 2232 3016 2305 προαλέστερον.
3064 2233 3355 2308 Τοιγάρτοι
3402 2238 3500 2291 καὶ
3538 2237 3732 2292 ἑκτετί·

465 2342 598 2381 κασι
630 2325 731 2398 μιν
749 2325 859 2381 τῶν
883 2322 1375 2396 πλημμελημάτων
1404 2322 1502 2384 τὰς
1530 2322 1707 2386 δίκας.
1738 2321 1919 2376 Κακοὶ
1946 2322 2057 2396 γὰρ
2093 2324 2284 2390 κακῶς
2302 2324 2636 2381 ἀπολώλασι.
2658 2325 2806 2399 Πλὴν
2829 2328 2930 2382 οὐκ
2969 2329 3049 2392 είς
3070 2321 3236 2385 εἶπαν.
3274 2328 3563 2401 Ἠλέηνται
3610 2329 3731 2400 γὰρ,

465 2420 557 2474 καὶ
583 2420 891 2476 σέσωσται
918 2417 985 2473 τὸ
1030 2415 1424 2487 κατάλημμα,
1470 2416 1615 2472 κατὰ
1659 2416 1759 2488 τὴν
1791 2415 1888 2469 τοῦ
1912 2418 2196 2491 προφήτου
2224 2421 2430 2492 φωνήν.

533 2516 588 2571 Ξ.
619 2514 778 2583 Quod
809 2514 977 2586 igitur
1005 2513 1121 2568 haec
1150 2512 1226 2568 ita
1258 2527 1318 2568 se
1350 2510 1609 2566 habitura
1648 2520 2063 2583 essenttempo-

2232 2514 2299 2586 β’.
2330 2516 2453 2569 Ὅτι
2482 2515 2661 2571 τοίνυν
2681 2514 2856 2571 ταῦτα
2877 2516 3064 2571 τοῦτον
3095 2517 3208 2585 ἕξει
3253 2517 3350 2571 τὸν
3374 2516 3579 2590 τρόπον
3604 2516 3734 2572 κατὰ

463 2611 543 2684 ris
568 2623 849 2671 successu,
886 2605 1111 2661 divinus
1134 2603 1304 2660 Iacob
1337 2603 1569 2659 edoctus
1598 2610 1704 2668 est,
1730 2603 1842 2659 Deo
1872 2604 1927 2659 id
1946 2604 2056 2661 ele-

2166 2607 2418 2679 καιροὺς.
2464 2609 2493 2662 6
2527 2606 2811 2672 θεσπέσιος
2864 2607 3058 2662 Ἰακὼϐ
3110 2608 3447 2678 ἐδιδάσκιτο,
3501 2608 3636 2664 Θεοῦ
3678 2609 3737 2662 τὸ

460 2711 656 2774 ganter
703 2699 996 2772 eﬂigiante.
1030 2697 1151 2765 Quo
1197 2708 1380 2754 autem
1431 2698 1617 2763 modo,
1658 2697 1859 2765 dicam,
1888 2699 2053 2770 ipsius

2158 2694 2345 2767 χρῆμα
2372 2695 2801 2768 διαμορφοῦντος
2827 2697 3079 2763 ἀστείως.
3102 2699 3214 2754 Kal
3250 2700 3430 2767 ὅπως,
3459 2701 3590 2774 ἐρῶ,
3620 2702 3735 2755 ανα-

462 2811 631 2852 sacrze
653 2794 958 2864 Scriptura:
1003 2801 1211 2848 textum
1274 2790 1575 2848 ascribens.
1603 2790 1682 2846 lta
1718 2806 1852 2847 vero
1877 2806 1937 2847 se
1963 2791 2055 2847 ha-

2155 2787 2328 2853 τιθεὶς
2372 2786 2431 2842 δὲ
2458 2786 2772 2858 ἀναγκαίως
2797 2787 2866 2843 τὰ
2891 2787 2951 2856 ἐξ
2984 2789 3147 2859 ἱερῶν
3171 2792 3329 2863 Γραμ
3350 2792 3542 2864 μάτων
3586 2809 3598 2820 ·
3632 2791 3733 2861 ἔχει

460 2891 556 2946 bet
586 2905 600 2942 :
643 2906 662 2940 ι
689 2886 932 2958 Surgens
958 2894 1145 2941 autem
1179 2891 1339 2939 nocte
1378 2884 1489 2946 illa,
1516 2882 1727 2954 accepit
1744 2882 1883 2939 duas
1911 2897 2048 2940 uxo-

2152 2878 2212 2934 δὲ
2251 2878 2456 2944 οὕτως·
2495 2897 2515 2931 ι
2568 2877 2832 2943 Ἀναστὰς
2875 2879 2933 2933 δὲ
2963 2881 3062 2951 τὴν
3094 2883 3264 2936 νύκτα
3298 2884 3548 2956 ἐκείνην,
3585 2883 3734 2937 ἔλαϐε

461 2995 570 3047 res,
592 2990 651 3038 et
677 2980 815 3037 duas
832 2979 1081 3045 ancillas,
1097 2987 1155 3035 et
1176 2976 1429 3034 undecim
1447 2975 1590 3032 ﬁlios
1615 2990 1764 3043 suos,
1787 2984 1846 3032 et
1867 2984 2047 3033 trans-

2155 2971 2254 3035 τὰς
2280 2971 2375 3025 δύο
2402 2973 2691 3041 γυναῖκας,
2726 2972 2823 3027 καὶ
2850 2973 2948 3037 τὰς
2975 2973 3070 3027 δύο
3110 2975 3420 3041 παιδίσκας,
3450 2978 3542 3031 καὶ
3563 2978 3630 3030 τὰ
3655 2976 3731 3029 ἕνη

462 3075 561 3130 ivit
598 3071 888 3129 transitum
933 3068 1178 3144 (vadum)
1212 3068 1441 3134 Iaboch,
1493 3077 1550 3124 et
1605 3067 1881 3139 accipiens
1927 3082 2046 3134 eos,

2154 3061 2286 3116 δεκα
2308 3063 2493 3118 παιδία
2507 3062 2953 3137 αὐτοῦ,καὶδιέϐη
2970 3065 3068 3137 τὴν
3088 3066 3342 3123 διάϐασιν
3359 3068 3456 3123 τοῦ
3473 3067 3730 3145 Ἰαϐὼ[χ],

461 3164 717 3222 transivit
745 3172 1069 3229 torrentem,
1088 3170 1145 3218 et
1172 3160 1417 3216 traduxit
1442 3161 1629 3216 omnia
1653 3175 1773 3216 sua.
1799 3159 2051 3219 Belictus

2154 3153 2250 3207 καὶ
2280 3153 2473 3209 ἔλαϐεν
2515 3156 2747 3222 αὐτοὺς,
2781 3157 2878 3210 καὶ
2915 3157 3068 3228 διέϐη
3109 3157 3202 3212 τὸν
3242 3159 3615 3232 χειμάρρουν,
3647 3161 3733 3214 καὶ

459 3262 545 3311 est
574 3264 759 3311 autem
792 3253 963 3311 Iacob
989 3253 1158 3317 solus,
1185 3259 1243 3307 et
1269 3251 1584 3307 luctabatur
1618 3250 1785 3306 homo
1807 3264 1934 3305 cum
1962 3263 2050 3317 eo,

2155 3242 2428 3298 διεϐίϐασε
2470 3245 2649 3299 πάντα
2691 3244 2762 3299 τὰ
2804 3245 2992 3301 αὑτοῦ.
3037 3246 3373 3320 ’Υπελείφθη
3423 3248 3483 3303 δὲ
3549 3246 3734 3304 Ἰακὼϐ

462 3364 635 3420 usque
673 3347 744 3404 ad
778 3361 958 3403 mane.
1000 3345 1152 3401 Vidit
1184 3352 1369 3400 autem
1415 3342 1565 3414 quod
1608 3357 1736 3398 eum
1788 3356 2055 3414 superare

2158 3333 2339 3405 μόνος,
2370 3334 2467 3389 καὶ
2483 3335 2745 3391 ὲπάλαιεν
2773 3334 3058 3407 ἄνθρωπος
3082 3336 3200 3408 μετ’
3218 3335 3413 3403 αὑτοῦ,
3442 3336 3549 3402 ἓως
3574 3339 3732 3409 πρωϊ.

459 3455 570 3494 non
614 3445 820 3510 posset,
845 3446 903 3493 et
931 3436 1109 3507 tetigit
1154 3435 1501 3490 latitudinem
1544 3433 1773 3490 femoris
1816 3434 1956 3506 ejus,
1997 3442 2052 3489 et

2154 3421 2276 3481 Είδε
2321 3425 2378 3480 δὲ
2398 3469 2413 3495 ,
2451 3428 2534 3482 ὅτι
2571 3427 2633 3481 οὗ
2664 3426 2888 3483 δύναται
2921 3428 3058 3500 πρὸς
3086 3428 3270 3495 αὐτὸν,
3314 3429 3413 3484 καὶ
3445 3428 3623 3499 ἥψατο
3644 3427 3733 3481 τοῦ

457 3532 728 3588 emarcuit
771 3529 1010 3586 latitudo
1054 3528 1281 3584 femoris
1333 3526 1522 3593 Iacob,
1575 3541 1701 3582 cum
1746 3527 2050 3582 luctaretur

2154 3519 2393 3586 πλάτους
2417 3519 2512 3575 τοῦ
2552 3518 2731 3592 μηροῦ
2756 3519 2943 3587 αὐτοῦ,
2980 3520 3076 3575 καὶ
3110 3521 3387 3591 ἐνάρκησε
3438 3523 3502 3576 τὸ
3527 3520 3733 3582 πλάτος

458 3626 575 3695 ipse
597 3637 724 3678 cum
740 3637 833 3678 eo.
865 3622 936 3678 Et
961 3620 1102 3677 dixit
1122 3621 1175 3677 ei
1200 3639 1213 3675 :
1237 3620 1463 3676 Dimitte
1486 3633 1603 3687 me;
1628 3619 1876 3675 ascendit
1901 3619 2050 3675 enim

2151 3612 2246 3670 τοῦ
2289 3615 2469 3689 μηροῦ
2524 3613 2742 3681 Ἰακὼϐ,
2780 3616 2838 3670 ὲν
2881 3614 2958 3686 τῷ
2999 3613 3250 3669 παλαίειν
3298 3615 3467 3669 αὑτὸν
3503 3614 3619 3687 μετ’
3642 3614 3732 3668 αῦ-

455 3715 765 3772 diluculum
800 3731 816 3780 ;
852 3714 943 3769 ille
996 3721 1183 3768 autem
1230 3711 1371 3767 dixit
1407 3730 1421 3766 :
1461 3711 1580 3767 Non
1643 3710 1917 3766 dimittam
1972 3720 2046 3778 te,

2149 3707 2266 3764 τοῦ.
2304 3708 2416 3762 Kal
2445 3699 2600 3761 εἶπεν
2637 3705 2808 3778 αὗτῷο
2851 3705 3194 3761 Ἀπόστειλόν
3223 3723 3314 3777 με·
3355 3707 3530 3780 ἀνέϐη
3555 3706 3664 3778 γὰρ
3706 3707 3735 3759 6

455 3808 562 3863 nisi
591 3806 727 3862 mihi
750 3805 1119 3865 benedixeris.
1142 3804 1289 3860 Dixit
1314 3812 1497 3860 autem
1524 3804 1600 3859 illi
1632 3822 1644 3858 :
1672 3802 1830 3871 Quod
1845 3819 2048 3860 nomen

2149 3800 2365 3873 ῦρθρος.
2410 3801 2471 3855 '0
2504 3800 2562 3855 δὲ
2612 3796 2795 3854 εἷπενο
2829 3798 2906 3854 Οὐ
2952 3800 3027 3872 μή
3074 3817 3133 3854 σε
3181 3798 3515 3865 ἀποστείλω,
3549 3799 3643 3854 ἐὰν
3661 3800 3730 3870 μή

454 3898 715 3966 tibi?Qui
760 3896 1063 3969 respondit,
1111 3895 1298 3953 Iacob.
1356 3896 1505 3950 Dixit
1538 3903 1725 3950 autem
1779 3894 2047 3951 illi:Non

2152 3906 2220 3960 με
2253 3889 2574 3962 εὐλογήσῃς.
2597 3887 2733 3944 Eius
2752 3890 2807 3944 δὶ
2829 3889 2979 3961 αὐτῷ
2996 3912 3012 3925 ·
3042 3890 3108 3944 Τί
3132 3891 3194 3944 τὸ
3213 3890 3393 3963 δνομὰ
3423 3891 3522 3946 σού
3556 3893 3729 3953 iactv;

453 3990 742 4047 vocabitur
774 3990 918 4045 ultra
954 4002 1158 4045 nomen
1203 3998 1357 4044 tuum
1390 3986 1579 4053 Iacob,
1607 3986 1706 4043 sed
1751 3987 1916 4043 Israel
1940 3988 2046 4043 erit

2162 3982 2220 4036 ὐ
2236 3982 2294 4036 δὲ
2324 3977 2499 4037 εἶπεν
2541 3981 2754 4038 Ἰακώϐ.
2784 3982 2897 4037 Kal
2918 3979 3073 4037 εἷπεν
3102 3982 3271 4055 αὐτῷ*
3295 3985 3379 4039 οὐ
3405 3983 3730 4056 κληθήσεται

453 4095 655 4136 nomen
680 4088 858 4145 tuum,
877 4076 1137 4149 quoniam
1164 4073 1497 4147 praevaluisti
1526 4088 1652 4129 cum
1691 4073 1825 4137 Deo,
1848 4080 2045 4128 etcum

2146 4074 2228 4128 ἔτι
2253 4075 2314 4128 τὸ
2340 4074 2513 4146 ὄνομά
2528 4091 2620 4129 σου
2659 4073 2872 4142 Ἰακὼϐ,
2903 4075 3016 4130 ἀλλ’
3046 4076 3258 4148 Ἰσραη)
3295 4077 3454 4132 ἔσται
3477 4077 3540 4131 τὸ
3567 4076 3732 4146 δνομά

450 4170 770 4227 hominibus
799 4177 1012 4241 potens.
1053 4165 1414 4237 Interrogavit
1441 4173 1626 4220 autem
1655 4162 1845 4229 Iacob,
1872 4172 1930 4218 et
1955 4163 2043 4218 di-

2148 4184 2264 4234 σου,
2297 4167 2380 4221 ὅτι
2408 4166 2696 4238 ὲνίσχυσας
2728 4167 2867 4238 μετὰ
2897 4166 2994 4221 τοῦ
3028 4165 3185 4236 Θεοῦ,
3216 4168 3313 4222 καὶ
3353 4167 3499 4240 μετὰ
3525 4166 3730 4237 ἀνθρὼ-

449 4264 569 4318 xit:
595 4258 780 4317 Indica
817 4258 957 4313 mihi
994 4270 1199 4311 nomen
1234 4262 1415 4311 tuum.
1455 4253 1525 4308 Et
1560 4253 1681 4309 ait:
1713 4250 1896 4319 Quare
1937 4250 2042 4306 hoc

2144 4274 2264 4313 πων
2290 4258 2538 4323 δυνατός.
2581 4257 2864 4330 Ἦρώτησε
2890 4259 2948 4313 δὲ
2985 4257 3201 4326 Ἰακὼϐ,
3235 4259 3335 4314 καὶ
3368 4255 3528 4314 εἶπεν
3550 4276 3564 4289 ⁸
3609 4260 3730 4312 Ἀπ-

449 4356 757 4424 interrogas
792 4361 860 4407 stu
891 4364 1093 4406 nomen
1128 4347 1354 4405 meum?
1384 4346 1456 4403 Et
1477 4344 1766 4402 benedixit
1804 4344 1861 4399 ei
1894 4343 2039 4409 illic;

2145 4350 2398 4421 άγγειλόν
2427 4366 2517 4422 μοι
2545 4350 2607 4406 τὺ
2630 4350 2803 4422 δνομά
2829 4367 2944 4406 σου.
2975 4351 3084 4404 Kal
3101 4345 3256 4405 εἶπεν
3282 4367 3298 4383 ο
3337 4351 3462 4407 Ἵνα
3489 4351 3546 4406 τί
3579 4349 3731 4404 τοῦτο

447 4451 505 4498 et
524 4441 742 4498 vocavit
780 4454 980 4495 nomen
1015 4437 1123 4494 loci
1146 4436 1318 4502 illius,
1359 4434 1550 4491 Facies
1592 4432 1715 4492 Dei.
1743 4433 1868 4490 Vidi
1892 4433 2040 4489 enim

2142 4443 2353 4514 ἐρωτᾷς
2373 4443 2439 4497 σὺ
2469 4442 2531 4497 τὸ
2555 4440 2726 4512 δνομά
2760 4456 2862 4514 μου
2887 4458 2902 4507 ;
2927 4440 3040 4496 Kal
3072 4441 3382 4514 ηὑλόγησεν
3414 4443 3583 4499 αὐτὸν
3598 4444 3729 4501 lxii,

402 4569 411 4578 -
447 4536 622 4590 Deum
645 4532 786 4588 facie
808 4529 1115 4595 adfaciem,
1147 4537 1206 4583 et
1226 4527 1375 4584 salva
1408 4526 1548 4582 facta
1577 4536 1663 4582 est
1689 4527 1870 4582 anima
1895 4542 1995 4582 me:

2144 4533 2240 4588 καὶ
2264 4532 2522 4588 ἐκάλεσεν
2557 4532 2753 4588 Ἰακὼϐ
2773 4533 2837 4588 τὸ
2862 4533 3033 4605 ὄνομα
3052 4531 3147 4587 τοῦ
3175 4534 3348 4588 τόπου
3372 4535 3612 4597 ἐκείνου,
3646 4531 3730 4605 ES-

447 4625 616 4681 Ortus
639 4630 825 4679 autem
853 4630 938 4677 est
950 4621 1033 4676 sol
1065 4620 1140 4686 ei,
1160 4618 1382 4690 quando
1407 4619 1678 4690 preteriit
1707 4618 1879 4675 facies
1903 4618 2037 4674 Dei:

2142 4622 2232 4687 δος
2254 4623 2411 4677 Θεοῦ.
2443 4620 2597 4679 Εἶδον
2626 4624 2737 4696 γὰρ
2761 4622 2894 4677 Θεὸν
2921 4622 3215 4694 πρόσωπον
3245 4624 3393 4697 πρὸς
3418 4625 3729 4695 πρόσωπον,

448 4715 571 4783 ipse
610 4722 794 4768 autem
833 4710 1178 4768 claudicabat
1234 4708 1441 4765 femore
1491 4725 1595 4766 suo
1620 4711 1662 4764 ⁸.
1693 4727 1710 4761 ι
1763 4708 2041 4765 Transivit

2143 4714 2236 4769 καὶ
2265 4714 2443 4787 ἐσώθη
2489 4733 2590 4787 μου
2625 4718 2660 4788 ἡ
2694 4716 2864 4788 ψυχή.
2913 4716 3175 4770 Ἀνέτειλε
3204 4717 3265 4771 δὲ
3306 4717 3466 4788 αὐτῷ
3498 4720 3527 4771 6
3559 4716 3726 4787 ἥλιος,

444 4804 676 4869 Iaboch,
702 4803 818 4860 sive
858 4811 1179 4869 torrentem,
1222 4802 1446 4857 divinus
1471 4801 1660 4865 Iacob,
1699 4810 1756 4855 et
1798 4800 2037 4857 traduin

2140 4807 2302 4877 ⁴ἡνίκα
2342 4807 2618 4879 παρῆλθεν
2647 4808 2810 4863 αὑτὸν
2835 4808 2897 4861 τὸ
2932 4802 3073 4872 εῒδος
3115 4808 3210 4862 τοῦ
3250 4807 3416 4863 Θεοῦ.
3464 4808 3638 4871 Αὐτὸς
3677 4806 3730 4859 δὲ

445 4898 630 4955 omnia
658 4913 777 4964 sua,
801 4904 965 4967 atque
984 4896 1104 4967 ipse
1136 4894 1402 4951 remansit
1424 4894 1594 4949 solus.
1626 4891 1769 4958 Quid
1793 4908 1926 4948 vero
1951 4909 2038 4950 res

2140 4898 2409 4965 ὲπέσκαζε
2443 4899 2522 4971 τῷ
2563 4901 2723 4972 μηρῷ
2759 4900 2947 4956 αὐτοῦ.
2989 4919 3007 4952 ι
3042 4899 3329 4955 Διεϐίϐασε
3370 4901 3466 4956 τὸν
3518 4900 3727 4969 Ἰαόὼχ.

446 4991 550 5047 sibi
575 4989 730 5053 velit,
769 5003 881 5059 quo
929 4996 1091 5058 pacto
1113 5000 1227 5041 non
1254 4998 1437 5055 operae
1478 4983 1720 5054 pretium
1757 4983 1928 5039 fuerit
1948 4985 2036 5039 vi-

2138 4989 2256 5061 ἦτοι
2283 4989 2375 5044 τδν
2415 4989 2771 5063 χειμάρρουν,
2809 4993 2840 5045 6
2868 4991 3155 5057 θεσπέσιος
3204 4991 3411 5046 Ἰακὼϐ
3445 4993 3628 5046 πάντα
3666 4993 3729 5043 τὰ

446 5078 608 5135 dere?
633 5080 746 5152 Age
774 5078 978 5148 itaque,
995 5090 1215 5132 causam
1236 5074 1673 5145 contemplemur
1702 5090 1715 5126 :
1749 5072 1864 5143 ipsa
1884 5073 2035 5130 enim
2140 5081 2327 5146 αὑτοῦ,
2363 5084 2457 5137 καὶ
2496 5082 2660 5148 αὐτὸς
2679 5082 3073 5156 ἀπομεμένηκε
3111 5083 3292 5155 μόνος,
3323 5080 3464 5138 Εἶτα
3501 5085 3563 5137 νδ
3597 5082 3731 5153 χρῆ-

446 5170 711 5226 orationis
736 5168 909 5225 series
928 5183 1032 5224 nos
1059 5167 1127 5223 ad
1160 5164 1429 5236 spiritalia
1466 5163 1722 5221 deducet.

2141 5192 2239 5245 μα,
2272 5173 2392 5239 πῶς
2428 5174 2529 5230 οὐκ
2575 5175 2725 5242 ἄξιον
2756 5176 2921 5241 ίδετν;
2966 5175 3104 5246 Φέρε
3139 5171 3234 5228 οὖν
3282 5175 3732 5247 καταθρήσωμεν

2135 5266 2234 5337 τὴν
2266 5266 2463 5321 αἰτίαν.
2510 5267 2648 5321 Κατ’
2678 5265 2810 5321 εὐθὺ
2849 5264 2960 5336 γὰρ
2995 5260 3151 5330 οὗτος
3190 5267 3221 5319 6
3257 5263 3427 5334 λόγος
3463 5268 3596 5336 ἡμῖν
3623 5262 3729 5317 τῶν

2136 5357 2522 5429 πνευματικῶν
2543 5359 2846 5428 οἰχήσεται.

512 5447 564 5503 5.
598 5446 876 5502 Habitavit
894 5444 950 5499 in
974 5445 1149 5500 Edom
1183 5454 1241 5500 et
1265 5443 1386 5501 Seir
1409 5446 1575 5510 Esau,
1601 5444 2027 5515 dominatusque

2180 5453 2272 5517 γ’.
2310 5446 2400 5501 Ἐν
2414 5446 2593 5520 Ἔδὼμ
2617 5451 2711 5502 καὶ
2738 5447 2876 5520 Σητρ
2901 5448 3224 5521 κατῴκησεν
3248 5447 3458 5515 Ἡσαῦ,
3484 5450 3583 5503 καὶ
3607 5463 3724 5501 κατ-

443 5546 526 5592 est
574 5547 735 5593 terra:
775 5544 835 5591 et
884 5534 1205 5605 regionibus
1253 5549 1374 5604 quae
1402 5534 1573 5591 Iacob
1622 5534 1858 5590 subditae
1909 5550 2021 5590 non

2133 5539 2354 5611 εκράτει
2409 5539 2510 5610 τῆς
2552 5539 2674 5610 γῆς,
2714 5541 2811 5595 καὶ
2850 5540 2911 5595 ἐν
2957 5539 3303 5604 δυναστείαις
3358 5535 3433 5612 ἦν
3470 5541 3595 5606 ταῖς
3630 5539 3726 5591 οὐκ

441 5640 615 5685 erant.
648 5629 940 5699 Postquam
965 5642 1096 5682 vero
1126 5627 1510 5696 Mewpotamia
1547 5636 1603 5682 et
1628 5628 1791 5683 domo
1817 5627 2020 5682 Labani

2132 5628 2271 5701 ὑπὲρ
2295 5632 2450 5701 χεῖρα
2482 5630 2583 5700 τὴν
2617 5627 2832 5684 Ἰακώϐ.
2874 5629 3090 5703 Ἐπειδὴ
3119 5631 3175 5686 δὲ
3201 5630 3307 5701 τῆς
3325 5631 3443 5685 τῶν
3466 5629 3724 5701 ποταμῶν

508 5810 530 5840 ⁸
564 5808 761 5882 Philip.
788 5825 843 5878 ιι,
878 5811 927 5864 7.
1005 5813 1025 5844 ³
1056 5810 1298 5883 Sophon.
1321 5827 1398 5876 ιιι,
1440 5812 1522 5877 ιιι,
1559 5811 1639 5866 i5.
1718 5810 1935 5901 *Iudic.
1971 5828 2023 5878 v,
2061 5811 2101 5865 l1

2061 5811 2165 5878 i3;
2191 5811 2291 5867 lsa.
2326 5827 2378 5879 ι,
2415 5811 2513 5879 22;
2542 5811 2703 5867 Rom.
2730 5827 2804 5879 ix,
2829 5812 2921 5867 ‘27.
2984 5810 3020 5861 .'
3058 5810 3192 5869 Gen.
3219 5826 3396 5883 xxxn,
3420 5810 3619 5867 22-51.
