4034 6454
327 342 443 399 263

1379 338 1903 398 GLAPIIYRORUM
1945 341 2013 398 IN
2052 341 2356 401 GENESIM
2394 344 2525 401 LIB.
2570 336 2633 402 ιν.

3550 350 3657 408 9.70

326 457 628 530 ἀπαίροντο
698 458 875 529 μέσης
935 459 1028 512 καὶ
1071 458 1167 528 τῆς
1214 456 1308 510 τοῦ
1362 457 1552 511 Λάὸαν
1589 456 1807 521 ἑστίας,
1846 456 1942 509 καὶ

2046 458 2396 524 excessisset,
2453 456 2705 529 atquein
2755 457 2997 528 patrium
3045 459 3409 518 contenderet
3451 465 3657 532 solum,

326 554 411 616 είς
437 550 542 623 τὴν
577 550 846 621 πατρῴαν
878 549 1061 604 ἐλθεῖν
1084 549 1460 604 διασπεύδοντι
1492 550 1619 621 γῆν,
1651 549 1804 603 πᾶσά
1823 566 1942 613 πως

242 680 265 699 ρ
323 639 395 714 ἦν
429 643 656 713 ἀνάγκη
696 642 767 696 δι’
819 640 1001 712 Ἐδὼμ
1032 641 1305 696 ποιεῖσθαι
1348 643 1448 714 τὴν
1490 642 1832 715 ἀποδρομὴν,
1864 646 1943 697 οἱ·

326 734 799 807 κονομικωτάτως
847 734 968 788 λίαν
1006 736 1106 805 τὴν
1144 735 1282 805 πρὸς
1314 735 1406 789 τὸν
1444 734 1673 805 ἀδελφὸν
1719 737 1942 808 εἰρήνην

324 826 640 897 ἠσπάζετο,
682 825 781 881 καὶ
800 825 868 897 δὴ
897 826 991 880 καὶ
1019 824 1287 894 ἀγγέλους
1329 822 1507 891 ξενίας
1535 824 1652 894 ἆμα
1684 825 1944 897 λαμπράς

326 916 687 991 προδαδίζειν
737 914 927 981 εἶπεν,
981 918 1065 971 ὅτι
1120 918 1217 972 καὶ
1252 917 1417 982 αὐτὸς
1466 917 1737 988 ὀψόμενος
1782 916 1941 988 ἥξει,

330 1011 630 1084 προσερῶν
659 1026 718 1064 τε
744 1010 865 1080 ἅμα
899 1015 1382 1081 προκαταμήνυειν
1410 1008 1629 1062 ἐκέλευε
1655 1008 1849 1081 δώροις
1883 1026 1945 1063 τε

326 1102 425 1158 καὶ
449 1103 643 1171 λόγοις
675 1102 961 1157 τιθάσσων
992 1102 1287 1171 ἀποῳαίνει
1328 1100 1425 1156 τὸν
1466 1101 1638 1155 πάλαι
1676 1100 1928 1171 φονῶντα

327 1198 427 1252 καὶ
447 1196 832 1268 ἀγριαίνοντα.
877 1195 1096 1267 Ἐπειδὴ
1124 1196 1182 1249 δὲ
1200 1195 1456 1267 παρῆσαν
1487 1196 1541 1248 οί
1570 1194 1946 1267 προεσταλμέυο

328 1307 413 1344 νοι
439 1329 457 1356 ,
507 1286 801 1358 λέγοντες·
844 1309 863 1340 ι
919 1288 1198 1359 Ἤλθομεν
1249 1288 1388 1359 πρὸς
1433 1287 1527 1342 τὸν
1572 1287 1804 1358 ἀδελφόν
1851 1304 1946 1341 σου

340 1381 541 1443 Ἠσαῦ,
572 1382 672 1437 καὶ
722 1382 833 1436 ἰδοὺ
875 1382 1040 1447 αὐτὸς
1079 1381 1302 1454 ἔρχεταί
1353 1398 1437 1435 σοι
1478 1383 1560 1446 εἰς
1595 1384 1945 1454 συνάντησιν,

326 1476 426 1528 καὶ
461 1473 511 1528 υ⁸
540 1474 739 1546 ἄνδρες
774 1476 892 1544 μετ’
922 1473 1090 1530 αὐτοῦ
1111 1491 1123 1504 ·
1176 1493 1195 1524 ι
1244 1474 1503 1546 περιδεὴς
1549 1474 1608 1528 δὲ
1643 1469 1710 1545 ἦν
1746 1473 1889 1543 ἄγαν
1921 1474 1949 1526 ὀ

326 1565 628 1630 θεσπέσιος
679 1564 880 1620 Ἰακώϐ
907 1581 923 1597 ο
945 1567 1008 1620 οὐ
1044 1565 1153 1636 γὰρ
1186 1564 1328 1636 ἔχων
1366 1565 1562 1619 εἰδέναι
1605 1563 1792 1633 σαφῶς
1845 1579 1948 1617 πο-

323 1659 476 1730 τέρῳ
502 1658 571 1729 δὴ
596 1657 738 1728 φίλῳ
769 1660 865 1711 καὶ
895 1657 1159 1730 είρηνικῷ
1187 1656 1591 1729 περιτεὼξεται,
1626 1656 1659 1728 ἢ
1694 1656 1771 1720 ὡς
1794 1655 1947 1710 οὐδὲν

326 1746 499 1824 ἧττον
530 1749 936 1821 ὰνεπτοημένῳ
981 1748 1120 1821 πρὸς
1158 1749 1222 1802 τὸ
1265 1748 1416 1821 αὐτῷ
1450 1748 1681 1819 σύνηθες
1720 1747 1945 1820 Θράσος,

2044 564 2272 607 necesse
2303 551 2464 621 plane
2514 561 2637 606 erat
2676 565 2778 621 per
2821 550 2994 606 Edom
3041 551 3147 606 iter
3189 550 3391 608 facere.
3437 554 3660 627 Optimo

2046 642 2216 713 igitur
2246 642 2481 698 consilio
2502 657 2693 715 pacem
2723 656 2849 698 eum
2899 642 3068 698 fratre
3106 645 3321 710 ambiit,
3358 655 3416 701 ct
3446 650 3661 704 nuntiis

2046 749 2157 789 una
2182 749 2309 788 cum
2336 735 2640 805 splendidis
2684 735 3012 791 muneribus
3042 737 3239 805 punire
3277 738 3467 809 jussis,
3509 742 3659 811 quod

2047 825 2165 897 ipse
2196 840 2325 881 eum
2351 826 2575 882 visurus
2595 837 2651 883 et
2675 828 3107 898 compellaturus
3132 830 3373 897 veniret,
3402 828 3663 902 praeiudi-

2047 931 2174 971 care
2192 915 2374 987 jussit,
2408 916 2681 987 donisque
2707 925 2764 972 et
2808 916 2995 973 verbis
3026 928 3275 975 veterem
3308 921 3524 978 hostem
3575 924 3660 979 fc-

2048 1009 2354 1064 rocientem
2379 1008 2563 1063 adhuc
2592 1009 2811 1079 placare
2846 1011 3150 1067 contendit.
3186 1012 3325 1069 Cum
3350 1031 3486 1071 vero
3508 1018 3659 1074 redi-

2047 1098 2223 1155 issent
2247 1100 2455 1166 nuntii,
2481 1100 2733 1156 dicentes
2770 1119 2782 1154 :
2823 1120 2841 1152 ι
2882 1102 3046 1174 168
3079 1105 3285 1162 lvimus
3310 1107 3379 1162 ad
3432 1108 3659 1165 fratrem

2050 1202 2206 1247 tuum
2226 1193 2392 1258 Esau',
2417 1202 2476 1249 et
2501 1208 2632 1248 ecce
2679 1192 2796 1264 ipse
2828 1196 2983 1251 venit
3012 1196 3111 1251 tibi
3158 1197 3214 1253 in
3243 1215 3558 1268 occursum,
3607 1215 3663 1258 et

2049 1283 2442 1355 quadringenti
2472 1283 2577 1339 viri
2610 1300 2738 1340 cum
2777 1299 2846 1340 eo
2878 1283 2924 1351 ⁸,
2964 1304 2982 1336 ι
3014 1289 3308 1357 perculsus
3341 1300 3428 1346 est
3452 1293 3661 1364 ingenti
3720 1272 3731 1281 ’

2048 1376 2248 1431 timore
2270 1375 2441 1432 Iacob
2473 1393 2485 1429 :
2514 1378 2722 1448 quippe
2747 1377 2844 1447 qui
2875 1378 3221 1448 eXploratum
3267 1397 3380 1438 non
3430 1384 3665 1440 haberet

2050 1481 2119 1521 an
2147 1482 2274 1521 eum
2305 1468 2545 1523 amicum
2577 1479 2637 1524 et
2680 1469 2973 1541 pacificum
3004 1480 3153 1527 esset
3195 1473 3546 1543 offensurus;
3581 1492 3662 1532 an

2050 1574 2187 1615 vero
2210 1559 2575 1616 nihilominus
2594 1561 2756 1616 solita
2775 1562 2880 1632 ipsi
2902 1564 2984 1619 ira
3012 1575 3178 1635 atque
3207 1566 3509 1623 invidentia
3536 1582 3664 1638 per-

2049 1652 2245 1718 citum,
2297 1652 2610 1724 damnaque
2657 1654 2996 1710 molientem.
3034 1677 3051 1706 ε
3090 1657 3421 1715 Transmisit
3475 1659 3661 1730 itaque

2048 1744 2218 1801 Iacob
2267 1747 2451 1801 omnia
2476 1761 2596 1813 sua,
2647 1756 2705 1803 ct
2727 1749 2993 1805 remansit
3020 1751 3173 1806 solus
3192 1752 3212 1783 ⁷
3243 1771 3255 1805 :
3296 1771 3314 1802 ι
3351 1752 3447 1818 ita,
3477 1761 3540 1808 ut
3567 1768 3669 1817 aro,

326 1846 425 1899 καὶ
444 1843 518 1897 τὰ
545 1845 613 1898 ὲκ
648 1842 848 1914 φθόνου
877 1843 1013 1915 δρᾷν
1041 1842 1326 1915 ᾑρημένῳ·
1371 1861 1388 1894 ι
1418 1843 1736 1897 Διεδίσασεν
1766 1844 1796 1896 ὁ
1841 1842 1946 1895 Ἰαο

2049 1838 2250 1905 bitror,
2280 1855 2467 1896 secum
2496 1849 2764 1907 statuens,
2812 1842 2962 1913 quod
2992 1846 3039 1901 si
3066 1859 3193 1899 eum
3225 1844 3441 1900 facilem
3468 1861 3533 1903 ac
3557 1847 3661 1903 be—

327 1934 447 1991 κέὶιϐ
504 1937 693 1991 πάντα
738 1935 810 1990 τὰ
859 1934 1061 1999 αὑτοῦ,
1113 1936 1207 1989 καὶ
1255 1935 1649 2008 ὰπμεμένηκε
1699 1934 1880 2005 μόνοςο
1915 1952 1934 1986 ι

327 2031 531 2094 εκεῖ-ιο,
582 2024 745 2099 οἶμαί
766 2045 895 2096 που,
928 2026 1149 2091 πάντως
1196 2026 1322 2081 καθ’
1348 2027 1541 2083 ἑαυτὸν
1579 2025 1937 2098 ἐννενοηκὼς,

329 2122 402 2185 ὡς
430 2123 482 2176 εί
521 2121 626 2192 μὲν
665 2120 862 2191 ὀφθείη
909 2120 1149 2192 χρηστός
1206 2137 1268 2173 τε
1322 2122 1418 2174 καὶ
1458 2121 1654 2193 πρᾶος,
1704 2119 1940 2190 χαλεπὸν

326 2215 475 2270 οὐδὲν
500 2213 762 2286 παρεῖναί
791 2228 853 2267 τε
891 2215 987 2268 καὶ
1010 2212 1784 2286 προσειπεῖν,δια6ι6ασῦέντα
1825 2212 1938 2266 πά-

322 2309 409 2361 λιν
424 2306 638 2377 γύναιά
659 2323 722 2360 τε
751 2308 848 2360 καὶ
881 2306 1070 2362 τέκνα.
1090 2307 1153 2360 Εἰ
1175 2306 1233 2360 δὲ
1255 2308 1380 2377 ἥκοι
1413 2305 1648 2378 σκληρὸς
1689 2305 1785 2361 καὶ
1809 2305 1941 2359 δυσ-

322 2417 443 2473 ερις
473 2399 579 2466 ἔτι,
611 2399 714 2453 καὶ
750 2398 844 2453 τοῦ
896 2399 1066 2471 φονᾷν
1101 2398 1207 2452 οὐκ
1235 2398 1498 2469 ἀμείνων,
1546 2398 1797 2466 φείσεται
1838 2397 1938 2468 μὲν

326 2492 565 2562 νηπίων,
594 2491 777 2545 καὶτὸ
808 2490 920 2545 τῶν
945 2490 1188 2560 γυναίων
1219 2489 1433 2559 ἐλεήσει
1466 2490 1723 2562 δάκρυον·
1770 2506 1941 2544 καταέ

322 2585 511 2640 λαϐὼν
561 2585 622 2639 δὲ
663 2584 826 2656 μόνον
874 2583 1343 2655 αὑτὸν,ἐκπλήσει
1392 2582 1461 2638 τὰ
1508 2584 1574 2637 ὲκ
1623 2583 1817 2655 θυμοῦ,
1844 2586 1938 2639 καὶ

321 2677 588 2750 ἀποχρῶν
622 2676 779 2733 ἔσται
819 2677 961 2749 πρὸς
990 2678 1221 2749 ἄρκεσιν
1253 2676 1406 2748 αὐτῷ
1433 2677 1529 2731 τοῦ
1568 2678 1937 2749 λελυπηκότος

321 2774 354 2827 ό
389 2774 650 2837 θάνατος.
682 2771 831 2844 Πλὴν
863 2772 949 2826 δτι
979 2771 1074 2826 καὶ
1113 2772 1328 2836 ἐλπίδος
1362 2771 1623 2827 ἐπέκεινα
1659 2771 1817 2825 τοῦτο
1847 2773 1939 2826 αὖ·

322 2865 405 2937 τῷ
436 2864 760 2937 προῦἐσηκε
824 2864 1057 2935 δυνάμει
1109 2863 1282 2932 Θεοῦ,
1336 2864 1413 2928 ὼς
1474 2864 1783 2933 φθάσαντες
1833 2860 1936 2933 ήδη

325 2958 694 3030 προείπομεν.
752 2977 770 3010 ι
834 2956 1190 3012 Ἦσπάσαντο
1236 2957 1347 3029 γὰρ
1394 2955 1680 3029 ἀλλήλους.
1726 2974 1744 3006 ι
1802 2956 1936 3012 Ἀπὸ

325 3052 512 3106 τοίνυν
545 3049 642 3104 τοῦ
676 3048 1108 3121 συμϐεϐηκότος,
1142 3049 1237 3103 τοῦ
1260 3049 1564 3121 μυστηρίου
1588 3050 1687 3118 τὴν
1703 3047 1935 3119 δυνάμιν

325 3141 676 3197 ἐπαιδεύετο.
706 3139 893 3211 Πῶς,ἢ
922 3140 1045 3195 τίνα
1070 3140 1292 3213 τρόπον,
1321 3141 1432 3213 ἐρῶ
1458 3140 1522 3213 δὴ
1547 3141 1728 3195 πάλιν.
1759 3139 1936 3195 Διεϐί-

324 3235 466 3292 ϐασε
502 3235 605 3306 μὲν
635 3234 748 3305 γὰρ
779 3196 962 3289 πάντα
996 3196 1164 3289 αὑτοῦ
1192 3196 1291 3289 τὸν
1313 3196 1676 3309 χειμάρρουν.
1718 3233 1936 3306 Ἐπειδὴ
1966 3196 2008 3256 C

324 3329 383 3384 δὲ
405 3327 811 3400 άπομεμὲνηκε
843 3326 1026 3400 μόνος,
1065 3326 1329 3384 ὲπάλαιεν
1361 3327 1651 3401 ἅνθρωπος
1690 3330 1808 3400 μετ’
1839 3330 1940 3384 αῦ-

324 3422 425 3476 τοῦ
463 3422 573 3486 ἕως
614 3422 783 3493 πρωϊ.
832 3421 938 3474 Τὸν
988 3421 1091 3492 μὲν
1137 3417 1234 3476 οὖν
1275 3421 1722 3496 προσπαλαίοντά
1753 3440 1938 3495 φαμεν

326 3510 489 3579 ἀγιον
522 3508 783 3579 ἄγγελον,
817 3507 990 3563 τύπον
1023 3510 1265 3583 Χριστοῦ
1296 3511 1390 3565 τοῦ
1429 3512 1550 3567 καθ’
1578 3515 1729 3585 ἡμᾶς
1757 3513 1846 3567 διὰ
1877 3516 1939 3568 τὸ

325 3598 700 3672 ἀνθρώπινον.
734 3600 861 3654 Ὅτι
904 3599 961 3653 δὲ
997 3600 1072 3673 μὴ
1120 3601 1215 3655 καὶ
1248 3601 1413 3667 αὐτὸς
1442 3606 1556 3668 τοῖς
1587 3604 1765 3669 ἄλλοις
1801 3604 1937 3676 ὁμοῦ

324 3692 485 3764 διέϐη
518 3692 614 3748 τὸν
640 3692 1002 3766 χειμάρρουν,
1037 3694 1160 3765 ἦτοι
1185 3695 1282 3750 τὸν
1307 3694 1524 3768 Ἰαῦὼχ,
1544 3697 1604 3762 ὃς
1632 3699 1937 3770 ἑρμηνεύε-

323 3801 421 3840 ται
449 3784 640 3853 πάλη,
678 3785 905 3854 γέγονεν
938 3785 1126 3850 αὐτοῖς
1164 3790 1201 3859 η
1246 3787 1483 3843 δοκοῦσα
1518 3789 1689 3862 μάχη.
1725 3792 1839 3845 Καὶ
1854 3791 1938 3856 τίς

325 3877 395 3932 ἂν
422 3880 598 3933 νοοῖτο
631 3877 800 3932 πάλιν
826 3879 856 3932 ό
883 3877 1040 3932 τοῦδε
1062 3878 1243 3947 λόγος,
1273 3880 1395 3951 ἤτοι
1425 3880 1552 3945 νοῦς
1582 3884 1613 3936 ὁ
1638 3883 1933 3949 ἐσωτάτως

326 3969 479 4042 Πρὸς
520 3968 624 4041 μὲν
673 3968 785 4040 γὰρ
816 3967 945 4031 τοὺς
977 3967 1356 4033 διαϐαίνοντας
1398 3969 1490 4024 τὸν
1534 3969 1840 4041 Ἰορδάνην,
1874 3962 1937 4024 οὗ

325 4065 427 4120 καὶ
448 4067 535 4129 είς
573 4064 748 4119 τύπον
775 4064 806 4117 ὁ
853 4062 1066 4135 Ἰαδὼχ,
1097 4063 1161 4117 οὐ
1191 4063 1414 4118 παλαίει
1441 4065 1697 4136 Χριστὸς,
1719 4064 1841 4119 οὐδὲ
1879 4067 1939 4119 ὲν

322 4156 481 4224 τάξει
506 4156 786 4227 πολεμίων
820 4155 853 4227 ἢ
901 4154 1218 4210 ἀντιπάλων
1244 4156 1483 4209 ποιεῖται
1520 4154 1648 4220 τοὺς
1674 4154 1744 4208 τὰ
1769 4154 1937 4209 αὐτοῦ

324 4246 613 4318 τιμῶντας
644 4248 945 4319 μυστήρια.
983 4245 1252 4311 Διασὼζει
1276 4245 1334 4300 δὲ
1371 4245 1574 4318 μᾶλλον
1606 4247 1703 4302 καὶ
1729 4262 1940 4318 νενικηι

324 4338 495 4404 κότας
504 4337 600 4391 τὸν
617 4338 843 4409 κόσμον,
854 4337 935 4401 ὠς
949 4339 1006 4391 ὲν
1026 4337 1175 4409 μάχῃ
1186 4340 1278 4410 τῇ,
1292 4336 1648 4410 φημὶ,νοητῇ,
1663 4340 1937 4410 στεφανοῖ,

325 4414 426 4486 καὶ
479 4433 607 4496 ταῖς
657 4430 926 4485 ἀνωτάτω
962 4430 1393 4502 καταφαιδρύνει
1444 4434 1655 4503 τιμαῖς.
1699 4432 1851 4505 Πάλη
1881 4432 1940 4486 δὲ

2048 1934 2279 2005 nignum
2304 1929 2677 2006 experiretur,
2698 1951 3050 2007 nequaquam
3072 1936 3291 1993 diﬁicile
3311 1938 3450 2003 fore,
3476 1938 3659 2010 ipsum

2049 2028 2202 2085 adire
2226 2037 2393 2100 atque
2421 2030 2648 2101 alloqui,
2682 2046 2995 2101 uxoresque
3027 2038 3083 2085 et
3115 2030 3257 2086 filios
3284 2046 3565 2089 revocare.
3599 2032 3659 2089 Si

2048 2136 2182 2178 vero
2212 2123 2427 2195 rigidus
2477 2123 2662 2179 adhuc
2689 2133 2746 2179 et
2771 2122 2939 2179 caedis
2968 2131 3238 2195 appetens
3264 2125 3500 2189 veniret,
3526 2141 3659 2197 par-

2048 2222 2201 2271 ceret
2233 2216 2457 2287 quidem
2483 2217 2693 2287 pueris,
2723 2217 3089 2287 femineisque
3114 2216 3372 2289 lacrymis
3395 2217 3463 2273 ad
3488 2217 3658 2274 mise-

2047 2307 2342 2363 ricordiam
2384 2316 2741 2365 moveretur:
2771 2309 2891 2381 ipso
2917 2324 3052 2364 vero
3086 2310 3487 2380 comprehenso
3519 2311 3658 2366 iram

2046 2412 2199 2455 Suam
2238 2400 2506 2472 expleret,
2537 2402 2798 2473 quodque
2826 2402 2946 2474 ejus
2975 2400 3069 2474 qui
3119 2403 3302 2474 ipsum
3351 2402 3661 2460 oﬁ‘enderat

2044 2506 2214 2558 mors,
2241 2491 2388 2547 illius
2410 2492 2655 2548 furorem
2678 2493 2998 2566 mitigatura
3018 2503 3182 2549 esset.
3211 2493 3483 2550 Caeterum
3509 2495 3657 2565 quod

2044 2581 2161 2637 haec
2178 2583 2361 2637 omnia
2389 2582 2513 2654 ipsi,
2542 2583 2655 2639 Deo
2679 2585 2929 2656 juvante,
2967 2584 3166 2640 melius
3189 2599 3354 2655 quam
3372 2583 3658 2641 existima-4

2046 2680 2148 2742 rat,
2198 2678 2591 2744 successerint,
2634 2678 2746 2750 jam
2803 2678 3063 2734 diximus.
3127 2697 3146 2730 ι
3208 2678 3453 2734 Osculati
3505 2679 3659 2735 enim

2044 2770 2172 2825 Sunt
2213 2784 2271 2825 se
2300 2770 2537 2826 invicem
2563 2769 2608 2825 ⁸.
2642 2790 2661 2823 ›
2694 2772 2776 2828 Ex
2801 2772 2908 2827 hoc
2956 2771 3126 2843 igitur
3155 2782 3359 2828 eventu
3408 2774 3659 2846 mysterii

2044 2864 2153 2918 vim
2170 2863 2516 2919 edoctusest.
2541 2864 2791 2931 Quanam
2809 2880 2943 2921 vero
2964 2865 3201 2931 ratione,
3229 2865 3429 2921 dicam.
3456 2866 3663 2921 Trans-

2044 2952 2196 3007 misit
2245 2952 2470 3023 quidem
2516 2953 2702 3010 omnia
2757 2968 2857 3010 sua
2918 2962 3221 3011 torrentem
3253 2975 3266 3010 :
3293 2971 3421 3011 cum
3468 2964 3656 3012 autem

2044 3044 2339 3100 mansisset
2365 3046 2538 3111 solus,
2568 3046 2809 3101 luctatus
2838 3054 2920 3102 est
2963 3062 3089 3103 cum
3119 3047 3238 3119 ipso
3280 3048 3448 3103 homo
3478 3062 3657 3121 usque

2043 3126 2123 3194 adi
2160 3155 2339 3195 mane.
2392 3137 2657 3194 Sanctum
2700 3139 2889 3210 itaque
2937 3141 3192 3212 angelum
3238 3141 3652 3205 colluctantem,

2043 3232 2282 3290 dicimus
2305 3247 2426 3290 esse
2464 3230 2652 3306 typum
2697 3224 2927 3302 Christi,
2959 3236 3114 3308 juxta
3140 3251 3202 3291 ac
3230 3252 3332 3292 nos
3364 3236 3493 3293 facti
3523 3248 3657 3309 pro-'

2043 3332 2168 3399 pter
2193 3327 2624 3394 humanitatem,
2657 3326 2815 3395 Quod
2840 3342 2975 3384 vero
3008 3329 3123 3400 ipse
3168 3345 3517 3400 nequaquam
3545 3338 3657 3386 una

2043 3435 2170 3476 cum
2196 3421 2321 3475 aliis
2348 3419 2633 3476 transierit
2677 3428 2980 3477 torrentem
3016 3421 3130 3476 sive
3171 3421 3402 3489 Iabocb,
3441 3423 3536 3494 qui
3566 3423 3654 3480 in:

2044 3518 2380 3582 terpretatur
2427 3509 2591 3577 lucta,
2632 3509 2775 3566 facta
2808 3516 2895 3567 est
2938 3511 3073 3583 ipsis
3127 3511 3245 3567 haec
3282 3527 3406 3583 qua:
3432 3514 3657 3571 videtur

2042 3619 2247 3676 pugna.
2274 3603 2537 3672 Quaenam
2562 3621 2697 3661 vero
2723 3620 2949 3662 rursum
2986 3604 3153 3678 hujus
3186 3606 3267 3662 rei
3297 3607 3438 3663 ratio
3486 3609 3658 3666 fuerit

2042 3705 2139 3751 aut
2165 3695 2404 3752 interior
2454 3696 2687 3753 sensus?
2737 3695 2877 3753 Cum
2920 3696 2990 3752 iis
3043 3698 3191 3753 enim
3220 3699 3316 3770 qui
3366 3706 3658 3758 transeunt

2042 3785 2364 3852 Iordanem,
2417 3787 2576 3859 cujus
2618 3800 2783 3860 typus
2840 3795 2927 3844 est
2973 3787 3207 3858 Iaboch,
3253 3805 3367 3846 non
3412 3790 3657 3847 luctatur

2041 3880 2319 3948 Christus,
2362 3896 2543 3952 neque
2596 3881 2721 3936 loco
2776 3881 3021 3936 hostium
3068 3890 3164 3937 aut
3205 3881 3655 3939 adversariorum

2043 3973 2213 4030 habet
2244 3990 2341 4030 eos
2386 3972 2481 4045 qui
2523 3972 2699 4045 ipsius
2748 3973 3011 4046 mysteria
3053 3982 3414 4030 venerantur.
3469 3974 3657 4034 Salvat

2042 4083 2175 4123 vero
2197 4065 2406 4138 potius,
2433 4075 2490 4122 et
2516 4066 2754 4123 victores
2778 4066 2972 4121 mundi
2997 4065 3226 4122 eﬂ'cctos
3259 4066 3343 4138 (ut
3386 4067 3443 4123 in
3482 4065 3654 4141 Spiri-

2042 4158 2139 4215 tali
2166 4148 2439 4214 nimirum
2471 4156 2674 4231 pugna)
2711 4167 2963 4225 coronat,
2996 4172 3061 4214 ac
3095 4159 3373 4230 supremis
3421 4155 3655 4233 honori-

2040 4251 2147 4307 bus
2162 4259 2412 4307 exornat.
2440 4250 2653 4306 Nomen
2669 4267 2802 4306 vero
2817 4251 3032 4307 ﬂumini
3056 4262 3139 4307 est
3159 4253 3328 4308 lucta.
3359 4271 3380 4304 ι
3400 4253 3653 4326 Regnum

2040 4341 2189 4398 enim
2205 4342 2473 4397 caelorum
2497 4342 2605 4395 vim
2624 4341 2853 4412 patitur,
2869 4340 3169 4398 et-violenti
3187 4344 3613 4414 rapiuntillud’.
3629 4368 3645 4396 ι
3744 4412 3753 4418 ,

2040 4431 2110 4487 Ει
2137 4448 2149 4484 :
2188 4450 2205 4481 ι
2238 4430 2483 4502 Angusta
2508 4429 2806 4484 admodum
2828 4438 2912 4484 est
2928 4430 3015 4484 via
3037 4444 3161 4500 quae
3189 4430 3345 4486 ducit
3364 4430 3433 4485 ad
3458 4430 3651 4491 vitam.

322 4523 502 4595 ὄνομα
531 4522 610 4594 τῷ
640 4522 926 4595 ποταμῷ.ι
948 4522 1158 4596 Βιαστὴ
1185 4526 1293 4598 γάρ
1319 4526 1470 4579 ἐστιν
1495 4526 1529 4597 ἡ
1559 4523 1809 4595 βασιλεία
1825 4523 1937 4579 τῶν

2044 4523 2313 4596 paucique
2338 4530 2468 4577 sunt
2505 4521 2599 4593 qui
2625 4521 2917 4577 inveniunt
2948 4521 3097 4577 illam
3138 4522 3203 4577 '°.
3247 4542 3266 4573 ι
3298 4521 3456 4591 Quod
3482 4522 3656 4594 igitur

321 4615 702 4689 οὐρανῶν,καὶ
732 4615 952 4687 βιασταὶ
979 4617 1321 4690 ἁρπάζουσιν
1337 4619 1532 4692 αὐτήν.
1549 4621 1741 4685 ιΚαὶ,ι
1765 4620 1936 4693 Στενὴ

322 4710 454 4763 ὶίαν
511 4710 548 4779 ἡ
576 4708 744 4779 πύλη,
771 4709 870 4763 καὶ
891 4709 1231 4783 τεθλιμμένη
1262 4714 1296 4784 η
1321 4710 1440 4776 ὁδὸς
1466 4713 1499 4784 ἡ
1527 4712 1814 4782 ἀπάγουσα
1854 4715 1937 4778 εἰς

320 4800 426 4873 τὴν
448 4800 619 4872 ζωὴν,
641 4802 736 4854 καὶ
751 4800 924 4870 ὀλίγοι
942 4802 1082 4855 εἰσιν
1100 4803 1153 4856 ot
1171 4802 1520 4876 εὑρίσκοντες
1544 4805 1739 4876 αὐτήν.
1782 4806 1938 4859 »Ὅτι

318 4894 511 4948 τοίνυν
549 4893 777 4963 ἔμελλον
809 4892 979 4966 [cliti
1019 4893 1218 4949 Ἰακὼϐ
1246 4896 1498 4968 ἐσόμενοι
1519 4897 1663 4951 κατά
1687 4899 1936 4970 καιροὺς,

318 4984 453 5040 οὔτε
482 4985 847 5058 διαϐήσεσθαι
875 4986 968 5041 τὸν
1000 4987 1295 5061 Ἰορδάνην,
1322 4988 1707 5062 τουτέστι,τὴν
1724 4990 1815 5045 διὰ
1838 4989 1934 5045 τοῦ

319 5081 489 5151 ἁγίου
514 5079 899 5151 βαπτίσματος
931 5080 1113 5154 χάριν,
1134 5083 1230 5137 καὶ
1262 5082 1495 5148 ἀνοσίως
1524 5084 1812 5155 ἀτιμάσαι,
1839 5086 1934 5139 καὶ

317 5171 494 5228 αὐτὸν
553 5170 612 5225 δὲ
660 5171 849 5227 λοιπὸν
900 5172 1200 5229 ἀντίπαλον
1236 5172 1381 5242 ἕξειν
1415 5175 1510 5230 τὸν
1547 5175 1931 5249 Ἐμμανουὴλ,

317 5263 598 5337 ὑπεδήλου
643 5263 705 5318 τὸ
759 5265 1005 5334 γεγονός.
1045 5266 1169 5321 ’Ότι
1207 5266 1319 5340 γὰρ
1359 5268 1409 5321 οἱ
1447 5269 1525 5340 μὴ
1562 5267 1833 5340 τιμῶντες
1866 5269 1932 5340 τῇ

317 5356 513 5410 πίστει
575 5356 1144 5429 καταλογισθήσονται
1206 5360 1386 5431 πάντη
1444 5376 1506 5413 τε
1564 5361 1659 5413 καὶ
1711 5359 1931 5425 πάντως

312 5451 401 5513 είς
428 5447 1282 5523 ἀνθεστηκότας,πληροφορήσει
1297 5450 1474 5522 λέγων
1495 5451 1657 5515 αὐτὸς
1672 5452 1699 5505 ὁ
1712 5451 1927 5522 Σωτήρ·

320 5560 342 5593 σ
390 5538 458 5593 ⁸0
493 5539 571 5611 μὴ
589 5538 666 5594 ὥν
693 5542 814 5611 μετ’
847 5540 1007 5611 ἐμοῦ,
1039 5542 1161 5596 κατ’
1189 5543 1327 5615 ἐμοῦ
1367 5546 1538 5599 ἐστιν.
1565 5562 1585 5596 ι
1630 5542 1793 5599 Ἀλλὰ
1812 5544 1931 5616 μετ’

313 5630 494 5686 αὐτοῦ
522 5632 621 5701 μὲν
648 5626 762 5685 εἷεν
784 5633 833 5686 οί
865 5634 1323 5701 πεπιστευκότες.
1373 5635 1603 5708 Ἀληθὲς
1632 5635 1689 5688 δὲ
1727 5636 1809 5691 ὅτι
1836 5636 1931 5690 καὶ

344 5778 353 5785 ·
390 5754 417 5785 ⁸
442 5751 583 5810 Gen.
617 5769 785 5819 ιιιιι,
814 5752 867 5808 6.
982 5754 1002 5786 ⁷
1042 5754 1183 5814 Ibid.
1231 5758 1319 5813 25.

315 5823 363 5861 "
405 5822 549 5882 Gen.
592 5840 761 5891 xxxu,
799 5824 893 5893 24,
922 5822 1015 5881 25.

1433 5760 1459 5792 ⁸
1485 5758 1639 5815 Gen.‘
1660 5773 1846 5823 ιιιιιιιι,
1877 5759 1929 5812 ό.
2009 5759 2029 5789 ⁸
2062 5756 2253 5812 Matth.
2283 5771 2358 5822 ιιι,
2412 5754 2497 5841 i2.
2579 5754 2622 5786 ¹⁰
2648 5750 2840 5808 Matth.
2863 5767 2958 5819 vn,
2991 5752 3078 5809 14.

2040 4614 2247 4689 posteri
2281 4614 2451 4671 Iacob
2489 4629 2747 4670 successu
2803 4614 3089 4687 temporis,
3145 4630 3326 4686 neque
3354 4614 3650 4671 Iordanem

2043 4706 2331 4762 transituri
2362 4713 2549 4762 essent
2585 4705 2713 4778 (hoc
2746 4712 2832 4760 est
2862 4720 2963 4776 per
2984 4705 3217 4776 gratiam
3266 4704 3438 4762 sancti
3468 4705 3651 4778 bapti-

2044 4798 2257 4872 smatis)
2303 4799 2587 4870 impieque
2643 4797 2959 4870 despecturi
2990 4802 3199 4865 essent,
3253 4806 3420 4870 atque
3467 4799 3648 4870 ipsum

2042 4891 2396 4965 postmodum
2451 4890 2869 4947 Emmanuelem
2921 4890 3307 4946 adversarium
3380 4889 3647 4961 habituri,

2044 5001 2133 5040 res
2185 4985 2304 5041 haec
2349 4983 2698 5055 signiﬁcavit.
2736 4982 2894 5050 Quod
2934 4983 3083 5037 enim
3137 4982 3176 5037 ii
3203 4982 3298 5053 qui
3337 4980 3501 5037 ﬁdem
3537 4999 3651 5039 non

2043 5078 2253 5141 colunt,
2305 5077 2495 5133 hostes
2530 5077 2587 5131 in
2635 5076 2959 5131 universum
2997 5073 3161 5144 169
3195 5073 3459 5129 censendi
3515 5075 3649 5138 sim.

2045 5170 2296 5226 Salvator
2341 5170 2459 5241 ipse
2512 5174 2768 5233 testatur,
2820 5166 3048 5222 dicens:
3086 5185 3104 5218 ι
3135 5165 3240 5234 Qui
3268 5182 3377 5222 non
3410 5176 3495 5224 est
3530 5186 3651 5227 me-

2043 5275 2191 5327 cum,
2223 5271 2416 5317 contra
2464 5273 2554 5315 me
2591 5267 2677 5314 est
2707 5258 2803 5311 “.i
2867 5256 3035 5329 Atqui
3070 5272 3199 5314 cum
3242 5258 3364 5330 ipso
3396 5263 3649 5333 suntqui

2040 5352 2145 5424 ipsi
2170 5351 2364 5408 confisi
2401 5361 2550 5406 sunt.
2587 5347 2748 5418 Quod
2778 5365 2914 5406 vero
2944 5352 3287 5408 contrarium
3321 5368 3517 5410 verum
3552 5357 3647 5416 sit.

2040 5463 2151 5519 quo
2178 5455 2338 5519 pacto
2367 5443 2597 5499 dubium
2618 5460 2740 5501 esse
2773 5445 2993 5516 potest?
3021 5444 3296 5503 Ceterum
3327 5466 3345 5499 ι
3380 5447 3650 5505 Luctatus

2039 5550 2144 5606 cst,
2179 5560 2197 5591 ι
2216 5538 2417 5609 inquit,
2445 5555 2463 5587 ι
2487 5536 2656 5592 homo
2687 5550 2812 5592 cum
2833 5536 3002 5593 Iacob
3030 5554 3205 5609 usque
3232 5538 3297 5594 ad
3328 5553 3520 5604 mane;
3556 5541 3645 5594 vi-

2042 5636 2233 5705 ditque
2256 5631 2405 5704 quod
2440 5615 2552 5687 non
2582 5638 2771 5702 posset
2804 5629 2985 5702 ipsum
3013 5646 3276 5703 superare
3306 5631 3366 5683 ".
3403 5650 3421 5682 ι
3469 5630 3645 5686 Audis

3195 5751 3235 5784 ¹¹
3274 5749 3409 5808 Luc.
3444 5766 3518 5833 si,
