4034 6458
475 301 578 357 ιῖι

1506 302 1561 361 3.
1605 299 1879 361 CYRILLI
1920 304 2395 364 ALEXANDRIM
2431 313 2753 373 ABClllEi‘.

3631 336 3731 395 ιιι

475 433 585 487 quo
609 426 771 489 pacto
809 428 972 475 nocte
1013 418 1161 475 lucta
1200 418 1388 475 habita
1410 420 1519 479 sit?
1546 420 1850 477 Procubuit
1882 430 2047 478 auten

2170 426 2232 482 τὺ
2258 427 2516 499 ἔμπαλιν,
2533 435 2651 499 πῶς
2679 436 2745 490 ἂν
2769 438 3059 496 ἐνδοιάσειέ
3080 459 3164 507 τις
3185 460 3198 510 ;
3233 443 3382 516 Πλὴν
3398 464 3418 498 ι
3455 447 3720 521 Ἐπάλαιε,

477 510 761 581 victusque
821 518 906 567 est
964 510 1061 581 qui
1112 512 1471 583 impomibilia
1528 511 1793 578 tentabat,
1845 513 2068 584 Deoque

472 603 839 673 omnipotenti
894 618 1197 674 repugnare
1234 603 1473 669 volebat,
1522 604 1974 674 superioremque
2008 619 2068 660 se

471 694 707 750 evadere
745 708 905 765 posse
942 694 1184 763 putabat.
1217 694 1352 759 Hoc,
1396 703 1457 750 ut
1495 693 1755 761 arbitror,
1786 710 1870 749 est
1921 695 2067 765 quod

470 796 528 843 et
571 788 793 847 divinus
846 786 1018 843 David
1048 786 1117 841 de
1165 786 1432 842 lsraelitis
1472 787 1641 852 canit,
1689 786 1839 857 quod
1878 788 2065 857 gravia

469 889 636 951 atque
677 879 935 934 immania
969 877 1236 933 adversus
1268 894 1428 934 suum
1466 880 1711 949 ipson
1743 888 1909 949 caput
1943 888 2065 937 ten-

470 972 661 1035 tarint,
688 968 946 1025 nedicam
975 967 1258 1025 Christum
1291 987 1303 1021 :
1347 988 1364 1020 ι
1405 967 1802 1039 Cogitaverunl
1833 970 2064 1027 consilia

468 1076 589 1131 quae
613 1074 723 1114 non
750 1068 1048 1129 potuerunt
1072 1058 1321 1114 stabilire
1347 1059 1411 1112 ⁸³.
1455 1078 1473 1111 ι
1508 1060 1855 1131 Repugnavit
1878 1061 2063 1131 itaque

465 1149 634 1207 Israel
665 1149 883 1205 Christo
909 1149 965 1204 in
1004 1149 1248 1205 tenebris
1277 1150 1631 1215 constitutus,
1657 1150 1762 1205 hoc
1787 1159 1890 1216 est,
1917 1150 2062 1205 divi-

466 1258 593 1296 nam
619 1240 674 1297 in
710 1248 896 1296 mente
925 1239 1105 1295 lucem
1136 1253 1249 1294 non
1293 1238 1524 1304 habens,
1554 1254 1734 1308 neque
1767 1239 2060 1309 splenden-

466 1340 578 1389 tem
600 1331 770 1395 diem,
822 1345 1004 1400 neque
1036 1328 1328 1384 luciferum
1367 1328 1691 1398 spiritaliter
1736 1328 1792 1385 in
1824 1329 2061 1385 creden-

466 1423 604 1479 tium
642 1421 905 1479 cordibus
935 1420 1292 1475 exorientem.
1340 1419 1648 1475 Permansit
1685 1419 1832 1474 enim
1879 1421 2061 1477 incre-

461 1516 651 1580 dulus,
683 1522 868 1585 atque,
899 1522 961 1568 ut
1004 1512 1183 1582 inquit
1214 1510 1513 1581 propheta:
1545 1528 1565 1561 ι
1604 1509 2062 1580 Exspectantibus

462 1609 603 1681 ipsis
627 1608 828 1672 lucem,
852 1606 1009 1661 facta:
1034 1613 1164 1659 sunt
1189 1604 1320 1674 ipsis
1347 1601 1587 1657 tenebrae
1614 1619 1626 1655 :
1681 1610 2061 1673 exspectantes

2170 522 2325 591 φησι,
2359 524 2500 593 μετὰ
2525 527 2717 582 Ἰακὼὸ
2755 533 2783 585 ό
2813 531 3098 605 ἄνθρωπος
3125 536 3231 598 ἕως
3280 537 3449 609 πρωῒ,
3474 542 3565 595 καὶ
3592 539 3724 601 εἶδεν

2170 613 2250 666 ὅτι
2281 616 2342 667 οὐ
2365 616 2588 672 δύναται
2620 621 2759 691 πρὸς
2780 622 2964 681 αὐτόν.
2992 644 3012 677 ι
3051 626 3313 691 Ἀκούεις,
3342 629 3488 692 ὅπως
3509 633 3563 685 ἐν
3580 638 3727 690 νυκτὶ
3794 682 3803 689 .

2169 705 2393 775 γέγονεν
2433 711 2466 780 ἡ
2505 711 2648 783 πάλη
2682 730 2696 777 ;
2751 714 3041 788 Ἠλέγχετο
3070 718 3127 772 δὲ
3174 719 3391 773 πίπτων
3428 723 3523 776 καὶ
3573 728 3726 781 Vindi-

2169 816 2352 867 μενος,
2386 802 2469 855 ὅτι
2493 803 2563 856 τὰ
2599 806 2867 877 ἀνέφικτα
2885 809 3089 877 ἐζήτει,
3117 809 3410 881 θεομαχεῖν
3440 815 3723 884 ᾑρημένος,

2168 892 2261 945 καὶ
2285 910 2349 945 πε
2361 894 2709 963 ρισσεύεσθαι
2739 898 2837 951 τοῦ
2866 900 3355 971 πάντα³ίσχύοντος
3382 902 3725 974 Θεοῦ.Τοῦτο,

2165 975 2341 1052 οἶμαι,
2384 985 2552 1049 ἐστὶν,
2589 988 2727 1057 ὅπερ
2756 988 2862 1060 ἔφη
2890 989 3109 1060 ψάλλων
3134 992 3229 1046 καὶ
3265 994 3292 1044 ὁ
3318 992 3597 1058 θεσπέσιος
3625 997 3725 1051 Δα-

2166 1072 2252 1128 σὶδ
2281 1076 2412 1144 περὶ
2443 1077 2554 1129 τῶν
2577 1078 2636 1145 ἐξ
2676 1077 2928 1151 Ἰσραὴλ,
2951 1080 3202 1135 ὃτιδεινά
3233 1082 3376 1135 κατὰ
3398 1083 3495 1152 τῆς
3526 1084 3729 1143 ἑαυτῶν

2166 1167 2407 1239 κεφαλῆς
2434 1169 2781 1233 ἐσκέπτοντο,
2810 1172 2898 1225 ἵνα
2933 1172 3007 1243 μὴ
3038 1172 3250 1244 λέγοιμι
3286 1172 3541 1245 Χριστοῦ·
3585 1195 3607 1228 ι
3640 1180 3725 1231 Δις

2163 1257 2477 1326 ελογίσαντο
2491 1260 2683 1331 βουλὴν
2707 1263 2773 1334 ἢν
2783 1263 2844 1316 οὺ
2868 1262 2943 1334 μὴ
2960 1263 3219 1318 δύνωνται
3242 1265 3458 1334 στῆσαι..
3492 1283 3511 1316 ι
3566 1267 3726 1337 Ἐμα-

2162 1351 2389 1422 χαίσατο
2414 1354 2588 1407 τοίνυν
2609 1357 2638 1408 ό
2678 1354 2895 1427 Ἰσραὴλ
2913 1356 2992 1426 τῷ
3023 1357 3264 1428 Χριστῷ,
3289 1358 3345 1409 ὲν
3372 1359 3546 1427 σκότῳ
3576 1373 3726 1425 γεγο-

2162 1441 2288 1506 νὼς,
2306 1445 2575 1510 τουτέστι,
2593 1447 2683 1499 τὸν
2715 1446 2858 1501 θεῖον
2881 1449 3005 1502 νοῦν
3034 1452 3114 1511 είς
3134 1448 3415 1520 φωτισμὸν
3443 1449 3544 1505 οὐκ
3574 1449 3726 1519 ἔχων,

2161 1530 2290 1585 οὔτε
2327 1534 2435 1604 μὴν
2470 1535 2569 1606 τὴν
2609 1537 3012 1606 διαυγάζουσαν
3044 1540 3260 1609 ἡμέραν
3283 1580 3298 1603 ,
3343 1537 3466 1593 οὔτε
3509 1539 3600 1592 τὸν
3639 1543 3727 1595 ἀν-

2164 1624 2381 1696 ίσχοντα
2422 1628 2622 1698 νοητὼς
2661 1632 2936 1702 ἑωσφόρον
2977 1634 3037 1685 ὲν
3073 1634 3195 1695 ταῖς
3226 1630 3336 1686 τῶν
3369 1632 3727 1686 πιστευόντων

462 1701 833 1773 splendorem,
875 1698 934 1755 in
986 1696 1220 1767 caligine
1245 1695 1594 1751 ambulamnt
1635 1693 1698 1748 “.
1739 1712 1759 1746 ι
1785 1693 2047 1751 Caeterum

2160 1693 2434 1789 καρδίαις.
2465 1693 2856 1795 Δίαμεμένηκέ
2877 1693 3269 1795 γὰρκὰπειθῆς,
3299 1724 3397 1779 καὶ
3436 1724 3512 1787 ὼς
3542 1725 3573 1777 ὀ
3602 1740 3728 1794 προσ

460 1766 686 1847 divinus
703 1788 904 1845 Paulus
925 1787 996 1841 iis
1014 1766 1115 1857 qui
1142 1801 1239 1856 per
1264 1784 1428 1841 (idem
1452 1783 1734 1856 justiﬁcati
1758 1795 1905 1854 sunt,
1930 1787 2057 1842 illu-
2091 1766 2132 1827 Β

459 1882 927 1951 minationernque
950 1895 1050 1950 per
1076 1878 1343 1950 Spiritum
1364 1877 1570 1948 adepti,
1597 1878 1810 1945 scribit,
1829 1878 2053 1935 dicens:

458 1974 581 2035 Non
601 1990 795 2033 sumus
816 1973 1016 2037 noctis,
1040 1986 1221 2042 neque
1248 1970 1622 2037 tenebrarum,
1652 1970 1748 2026 sed
1788 1969 1885 2026 ﬁlii
1915 1970 2057 2027 lucis

459 2079 517 2126 et
553 2068 662 2125 diei
697 2068 760 2123 ".
794 2086 811 2118 ι
860 2064 1019 2132 Quod
1049 2078 1185 2119 vero
1220 2062 1535 2119 Iudaeorum
1566 2062 1845 2133 imperitia
1884 2077 2053 2133 supe-

458 2160 634 2216 riores
659 2157 789 2219 facti
815 2157 949 2223 sint,
980 2154 1481 2225 convenientesque
1505 2154 1639 2224 ipsis
1660 2154 1918 2209 tenebras
1943 2153 2056 2209 dis-

454 2251 753 2315 cusserint,
790 2264 855 2303 ac
895 2247 1284 2318 praeterierint,
1317 2245 1589 2317 signiﬁcat
1619 2245 1846 2301 dicens:
1885 2264 1903 2297 ι
1932 2245 2052 2301 Nox

455 2341 759 2415 praeessit,
797 2340 917 2395 dies
960 2347 1143 2395 autem
1190 2337 1669 2409 appropinquavit.
1716 2335 2053 2409 Abjiciamus

454 2435 627 2506 igitur
645 2449 814 2504 opera
859 2431 1233 2496 tenebrarum,
1260 2439 1318 2485 et
1367 2429 1663 2484 induamur
1710 2444 1861 2484 arma
1889 2429 2051 2496 lucis,

453 2525 624 2581 veluti
650 2524 706 2579 in
733 2523 845 2588 die,
870 2523 1134 2578 decenter
1171 2521 1517 2577 ambulemus
1540 2521 1604 2575 ³⁸.
1637 2540 1656 2573 ι
1695 2520 1913 2576 Fideles
1946 2521 2050 2577 ita-

452 2630 562 2686 que
592 2616 650 2670 in
664 2615 760 2671 die
777 2623 1069 2671 versantur
1095 2631 1108 2667 :
1128 2612 1396 2669 increduli
1441 2627 1595 2678 vero,
1623 2611 1797 2668 veluti
1813 2612 1870 2667 in
1885 2622 2050 2668 nocte

451 2717 509 2763 et
536 2707 800 2771 tenebris,
834 2715 1141 2777 repugnant
1162 2704 1403 2761 Christo.
1430 2703 1545 2759 Hoc
1571 2704 1823 2761 fecerunt
1841 2704 2050 2775 posteri

450 2799 640 2856 Iacob.
660 2797 932 2854 Caeterum
951 2796 1242 2853 inferiores
1257 2796 1503 2862 fuerunt,
1524 2797 1875 2867 superatique
1895 2804 2046 2864 sunt,

450 2906 634 2961 neque
679 2899 828 2946 recte
869 2888 1166 2945 succedere
1199 2888 1401 2945 valent.
1452 2907 1469 2939 ι
1511 2887 1716 2959 Tetigit
1744 2888 1916 2955 enim,
1959 2887 2048 2944 in-

449 2978 589 3047 quit,
624 2976 788 3032 homo
821 2977 1037 3032 luctans
1065 2991 1191 3030 cum
1222 2976 1390 3033 Jacob
1425 2976 1774 3033 latitudinem
1819 2976 2049 3033 femoris

2159 1808 2339 1880 φήτης
2362 1811 2554 1881 φησὶν,
2590 1832 2610 1865 ι
2661 1813 3100 1886 ’Υπομεινάντων
3133 1815 3315 1870 αὐτῶν
3348 1815 3488 1882 φῶς.
3520 1814 3729 1883 ἐγένετο

2159 1901 2342 1964 αὐτοῖς
2377 1903 2598 1967 σκότος’
2635 1906 2920 1975 μείναντες
2952 1907 3150 1977 αὐγὴν,
3180 1910 3236 1963 ἰν
3264 1907 3444 1977 ἀωρίᾳ
3471 1905 3727 1977 περιεπά-

2154 2008 2347 2063 τησαν.
2393 2012 2413 2045 ι
2466 1994 2605 2049 ’Δλλ“
2634 1997 2727 2066 ὂγε
2755 1996 3042 2063 θεσπέσιος
3068 1997 3299 2061 Παῦλος.
3331 2001 3448 2062 τοῖς
3473 1999 3531 2050 ὲν
3555 1996 3726 2050 πίστει

2155 2082 2622 2157 δεδικαιωμένοις,
2650 2089 2746 2143 καὶ
2783 2090 2877 2144 τὸν
2908 2090 2997 2146 διὰ
3028 2083 3350 2161 Πνεύματος
3394 2088 3718 2160 πλουτισμὸν

2156 2176 2663 2249 έκπεπλουτηκόσιν
2716 2182 3059 2248 ἐπιστέλλει,
3113 2182 3308 2252 λέγων’
3350 2202 3371 2237 ε
3417 2183 3529 2237 οὐκ
3567 2181 3724 2252 ἐσμὲν

2154 2265 2371 2329 νυκτὸς,
2399 2267 2522 2320 οὐδὲ
2554 2268 2803 2335 σκότους,
2838 2271 2953 2323 ἀλλ’
2981 2272 3090 2325 υἱοὶ
3118 2272 3297 2340 φωτὸς
3324 2273 3419 2327 καὶ
3447 2271 3672 2342 ἡμέρας.
3699 2287 3717 2320 ι

2157 2357 2279 2410 Ὅτι
2317 2357 2376 2411 δὲ
2414 2358 2670 2429 ἀμείνους
2708 2361 2812 2431 τῆς
2849 2354 3118 2416 Ἰουδαίων
3159 2361 3407 2433 ἀμαθίας
3454 2362 3720 2431 γεγόνασι.

2153 2444 2247 2499 καὶ
2275 2445 2366 2500 τὸν
2406 2447 2639 2513 ἐκείνοις
2677 2450 2959 2522 πρέποντα
2990 2452 3314 2523 παρήλασαν
3350 2454 3542 2506 σκότον
3572 2493 3589 2518 ,
3622 2451 3721 2504 ὑπο

2152 2538 2340 2610 εδήλου
2371 2540 2709 2613 προστιθείς·
2751 2561 2770 2595 ι
2809 2543 2874 2596 Ἦ
2898 2543 2997 2608 νὺξ
3025 2543 3354 2614 προέκοψεν,
3387 2546 3421 2614 ἡ
3455 2543 3512 2601 δὲ
3552 2543 3724 2614 ἡμέρα

2151 2631 2403 2700 ἤγγικεν.
2447 2632 2806 2704 Ἀποθώμεθα
2836 2630 2929 2689 οὖν
2956 2636 3023 2689 τὰ
3055 2634 3193 2706 ἔργα
3221 2635 3317 2688 τοῦ
3354 2635 3609 2698 σκότους,
3637 2632 3723 2688 καὶ

2150 2719 2503 2793 ἐνδυσώμεθα
2526 2722 2594 2776 τὰ
2613 2723 2752 2777 ὅπλα
2778 2723 2873 2778 τοῦ
2900 2727 3097 2793 φωτός
3123 2725 3200 2790 ὡς
3238 2726 3295 2778 ὲν
3318 2725 3526 2797 ἡμέρα,
3543 2724 3724 2795 εὐσχησ

2153 2813 2329 2887 μόνως
2360 2817 2850 2887 περιπατήσωμεν.
2898 2836 2918 2867 ι
2955 2815 3191 2881 Οὐκοῦν,
3223 2818 3282 2871 ἐν
3323 2817 3513 2888 ἡμέρα
3542 2816 3638 2887 μὲν
3676 2815 3722 2869 οι

2151 2906 2572 2973 πιστεύσαντες,
2616 2910 2663 2961 el
2709 2908 2765 2961 δὲ
2807 2907 3052 2971 ἀπειθεῖς
3098 2908 3174 2972 ὡς
3214 2908 3275 2960 ὲν
3318 2911 3479 2962 νυκτὶ
3534 2907 3625 2962 καὶ
3670 2909 3723 2960 ἑν

2153 2998 2329 3068 σκότῳ
2377 2999 2642 3068 μάχονται
2687 2997 2765 3069 τῷ
2799 2997 3041 3069 Χριστῷ.
3084 2996 3257 3051 Τοῦτο
3301 2997 3648 3069 πεπράκασιν
3671 2994 3715 3048 ei

447 3068 646 3139 ipsius,
687 3077 744 3123 et
769 3068 1042 3122 emarcuit
1072 3067 1307 3122 latitudo
1337 3068 1563 3124 femoris
1593 3068 1764 3125 Jacob
1804 3084 1930 3125 cum
1957 3069 2046 3124 lu-

2149 3089 2210 3155 έξ
2261 3067 2490 3153 Ἰακὼϐ,
2532 3090 2673 3160 πλὴν
2722 3067 3060 3158 ἧσθενήκασι
3110 3089 3207 3143 καὶ
3253 3067 3603 3159 νενίκήνται,
3636 3084 3724 3140 καὶ

446 3168 693 3219 ctaretur
722 3175 847 3215 cum
888 3160 1008 3230 ipso
1039 3160 1100 3213 ’⁷.
1139 3178 1157 3210 ι
1181 3158 1321 3225 Quid
1352 3176 1483 3216 vero
1506 3161 1598 3216 hic
1627 3161 2048 3233 intelligendum

447 3252 542 3320 sit,
583 3268 681 3325 age
726 3268 827 3322 pro
851 3267 918 3307 eo
944 3267 1007 3307 ac
1046 3251 1166 3307 ﬁeri
1218 3261 1400 3323 potest
1424 3252 1693 3308 dicamus.
1744 3253 1946 3309 Femur
1989 3255 2048 3311 in

446 3342 621 3400 sacris
639 3343 865 3398 Litteris
895 3353 955 3398 ut
978 3344 1275 3414 plurimum
1323 3353 1508 3414 partes
1536 3344 1605 3399 ad
1639 3345 2046 3416 generationem

446 3436 789 3491 necessarias
834 3434 1127 3506 signiﬁcat,
1186 3434 1469 3506 ipsamque
1512 3434 1668 3498 adeo,
1705 3451 1828 3505 quae
1872 3436 2045 3497 veluti

443 3540 516 3582 ex
540 3526 648 3581 hoc
704 3526 782 3592 (it,
837 3525 1271 3599 generationem.
1328 3525 1546 3582 Femori
1590 3528 1738 3584 enim
1786 3530 2045 3589 omnibus

444 3615 695 3672 membra
723 3615 1113 3688 proliﬁcationi
1162 3625 1289 3686 apta
1315 3616 1587 3688 adjacent.
1632 3619 1845 3676 Idcirco
1875 3622 2043 3678 etiam

445 3705 644 3762 beatus
667 3707 968 3771 Abraham,
993 3707 1214 3776 quando
1236 3722 1457 3763 servum
1479 3724 1639 3765 suum
1682 3726 1906 3768 uxorem
1929 3712 2042 3771 ﬁlio

444 3813 548 3855 suo
570 3797 721 3853 Isaac
743 3797 1107 3868 quaesiturum
1138 3798 1195 3853 in
1218 3799 1660 3871 Mesopotamiam
1683 3802 1843 3874 17o
1866 3806 2038 3872 misit,

438 3888 630 3962 jurare
676 3889 860 3963 jussit,
909 3888 985 3944 ita
1036 3889 1272 3945 dicens:
1332 3909 1350 3941 ι
1415 3891 1564 3947 Pone
1608 3908 1832 3948 manum
1888 3904 2040 3953 tuam

442 3995 613 4051 super
634 3979 817 4036 femur
856 3995 1043 4036 meum
1084 3981 1146 4049 ⁸⁸,
1182 4002 1199 4034 ι
1232 3981 1468 4048 honest,
1525 3983 1652 4055 jura
1706 4000 1804 4056 per
1840 3986 2037 4055 Deum,

441 4069 612 4125 etiam
648 4084 750 4147 per
781 4083 877 4125 eos
902 4070 997 4141 qui
1021 4069 1191 4127 futuri
1217 4079 1345 4126 sunt
1366 4086 1433 4125 ex
1462 4087 1551 4127 me
1580 4081 1638 4128 et
1657 4073 1867 4130 semine
1890 4075 2040 4133 heri-

440 4159 503 4217 li.
535 4159 737 4217 Femur
768 4161 955 4232 itaque
992 4176 1089 4216 eos
1115 4161 1210 4231 qui
1235 4177 1303 4217 ex
1325 4161 1534 4217 femore
1556 4163 1835 4232 oriuntur,
1863 4166 2037 4237 signi-

442 4250 591 4308 ﬁcat.
660 4250 944 4308 Emarcuit
1022 4252 1191 4325 igitur
1243 4253 1425 4309 femur
1479 4253 1669 4312 Iacob.
1745 4254 2037 4315 Claudica-

438 4360 639 4419 verunt
661 4349 809 4406 enim
833 4348 929 4419 qui
955 4364 1024 4404 ex
1042 4348 1251 4404 femore
1283 4349 1455 4421 ipsius
1478 4349 1584 4405 orti
1616 4360 1768 4416 sunt,
1795 4352 1903 4411 hoc
1926 4364 2032 4422 cst,

2148 3178 2460 3250 ὀρθοποδεῖν
2499 3179 2600 3232 οὐκ
2628 3178 2862 3249 ἔχουσιν.
2902 3198 2919 3229 ι
2960 3178 3177 3248 Ἥψατο
3211 3197 3230 3229 ι
3276 3177 3658 3249 γὰρ,ιφησὶν,
3696 3176 3726 3229 6

2148 3269 2391 3324 παλαίων
2420 3269 2707 3342 ἄνθρωπος
2749 3269 2891 3339 μετὰ
2939 3269 3034 3325 τοῦ
3125 3267 3320 3325 Ἰακὼϐ
3360 3267 3456 3324 τοῦ
3499 3269 3724 3331 πλάτους

2144 3360 2239 3416 τοῦ
2271 3360 2450 3433 μηροῦ
2483 3359 2669 3426 αὑτοῦ,
2704 3361 2800 3414 καὶ
2837 3360 3113 3432 ὲνάρκησε
3153 3360 3218 3414 τὸ
3255 3360 3464 3422 πλάτος
3491 3358 3585 3414 τοῦ
3617 3373 3719 3430 μη-

2149 3451 2243 3522 ροῦ
2288 3451 2487 3505 Ἰακὼϐ
2520 3451 2578 3506 ὲν
2610 3449 2689 3521 τῷ
2722 3450 2973 3507 παλαίειν
3014 3450 3180 3506 αὑτὸν
3227 3451 3347 3522 μετ’
3376 3450 3570 3508 αὑτοῦ.
3606 3468 3626 3501 ι
3657 3447 3718 3502 Τί

2141 3541 2202 3595 δὲ
2232 3541 2295 3614 δὴ
2330 3541 2440 3613 ἄρα
2479 3541 2777 3597 κάντεῦθεν
2809 3543 3105 3614 εἰσόμεθα,
3148 3543 3282 3614 φέρε
3324 3543 3594 3613 λέγωμεν.
3636 3541 3719 3605 Ὡς

2141 3631 2199 3689 δὲ
2224 3636 2252 3687 ό
2280 3634 2454 3705 μηρὸς
2484 3634 2560 3699 ὡς
2598 3635 2803 3689 ἐπίπαν
2835 3636 2988 3706 παρά
3018 3651 3083 3704 γε
3111 3638 3178 3707 τῇ
3213 3634 3562 3707 θεοπνεύστῳ
3586 3635 3716 3705 Γρα-

2142 3727 2217 3796 φῇ
2248 3724 2318 3779 τὰ
2349 3728 2429 3792 είς
2460 3726 2669 3783 τέκνων
2705 3726 2871 3798 γονὴν
2898 3729 3177 3796 ἀναγκαῖα
3213 3726 3309 3781 τοῦ
3343 3727 3594 3799 σώματος
3627 3725 3716 3778 ὑπ·

2140 3819 2397 3889 εμφαίνει
2436 3819 2625 3891 μόρια,
2666 3819 2761 3873 καὶ
2790 3818 2964 3889 αὐτὴν
2997 3818 3057 3871 δέ
3086 3818 3274 3875 λοιπὸν
3321 3818 3401 3884 ὡς
3434 3820 3503 3872 ὲκ
3529 3816 3716 3873 τούτου

2138 3911 2237 3980 τὴν
2280 3911 2464 3982 γονήν.
2514 3911 2650 3983 Περϊ
2696 3912 2907 3983 μηροὺς
2948 3911 3059 3983 γὰρ
3103 3911 3279 3973 ἅπασι
3314 3911 3385 3966 τὰ
3429 3908 3717 3978 παιδογόνα

2138 4004 2319 4057 κεῖται
2344 4002 2508 4073 μέλη.
2543 4004 2654 4057 Καὶ
2682 4003 2812 4071 γοῦν
2840 4005 2870 4057 ὁ
2901 4004 3173 4075 μακάριος
3209 4002 3488 4073 Ἀϐραὰμ,
3523 4002 3613 4055 ὅτε
3632 3999 3716 4054 τὸν

2137 4092 2363 4163 γνήσιον
2400 4093 2621 4164 οἰκέτην
2663 4097 2899 4163 γυναικα
2935 4093 3246 4165 ληψόμενον
3288 4093 3372 4165 τῷ
3417 4090 3604 4148 Ἰσαὰκ
3639 4089 3715 4157 είς

2134 4183 2236 4255 τὴν
2260 4184 2367 4241 τῶν
2388 4184 2649 4256 ποταμῶν
2671 4184 2949 4255 ἐξέπεμψε
2970 4185 3167 4256 μέσην,
3185 4184 3413 4256 ὀμνύειν
3444 4183 3713 4251 ἐκέλευεν,

2135 4274 2279 4339 ρῦτω
2320 4276 2517 4346 λέγων’
2565 4297 2587 4331 ι
2634 4278 2738 4341 et;
2783 4279 2884 4350 τὴν
2928 4277 3090 4350 χεῖρά
3131 4295 3226 4339 σου
3273 4277 3383 4333 ὑπὸ
3413 4279 3508 4332 τὸν
3548 4273 3721 4346 μηρόν

2140 4385 2241 4438 μου
2266 4387 2278 4400 ·
2317 4387 2336 4420 ι
2370 4368 2642 4435 τουτέστι,
2678 4368 2914 4439 "omne;
2945 4367 3087 4431 κατὰ
3116 4366 3277 4434 Θεοῦ,
3307 4369 3406 4424 καὶ
3446 4366 3586 4422 κατά
3611 4362 3716 4421 τῶν

437 4440 533 4509 qui
558 4455 628 4495 ex
647 4439 836 4499 Israel.
865 4440 1156 4507 Testisque
1178 4447 1265 4495 est
1288 4439 1405 4513 ipse
1425 4440 1695 4509 Salvator,
1719 4460 1819 4514 per
1841 4461 2033 4502 vocem

2148 4458 2411 4527 ἐσομένων
2454 4459 2516 4524 ἐξ
2560 4458 2733 4531 ἐμοῦ,
2778 4460 2872 4516 καὶ
2917 4461 3085 4531 γονῆς
3120 4460 3221 4531 τῆς
3263 4458 3616 4526 δεσποτικῆς.
3658 4452 3716 4507 '0

438 4531 609 4587 David
632 4532 709 4587 ita
738 4532 974 4593 dicens:
1017 4549 1037 4582 ι
1068 4530 1193 4585 Filii
1240 4531 1408 4586 alieni
1448 4531 1732 4591 inveterati
1782 4546 1933 4603 sunt,
1972 4548 2030 4594 et

395 4649 404 4658 -
439 4622 897 4681 claudicavorunt
929 4637 962 4676 a
989 4620 1205 4681 semitis
1257 4622 1373 4678 suis
1404 4624 1468 4676 ".
1504 4644 1522 4674 ι
1562 4625 1721 4697 Quod
1747 4644 1879 4683 νει-ο
1919 4631 2030 4700 ερί..

440 4713 697 4775 ritualem
737 4712 1197 4769 claudicationem
1232 4729 1424 4783 passus
1466 4715 1540 4771 sit
1584 4718 1777 4783 lsracl,
1811 4722 2030 4791 sapiens

437 4802 604 4859 etiam
627 4800 836 4859 Paulus
862 4801 1035 4857 novit.
1064 4800 1270 4858 Scribit
1290 4803 1474 4873 itaque
1498 4806 1665 4863 etiam
1702 4809 1818 4879 ipse
1844 4828 1857 4863 :
1890 4830 1906 4862 ι
1937 4812 2027 4866 ld-

435 4895 585 4950 circo
622 4908 818 4957 manus
847 4895 1101 4953 remissas
1127 4902 1183 4952 et
1207 4911 1383 4967 genua
1416 4899 1686 4956 dissoluta
1722 4901 1940 4971 erigite,
1971 4912 2029 4958 ct

434 4984 657 5040 semitas
685 4994 861 5041 rectas
899 4984 1058 5041 facite
1088 4986 1323 5056 pedibus
1349 4991 1548 5046 vestris
1565 4992 1634 5057 '°,
1671 5010 1688 5042 ι
1718 5008 1787 5048 ne
1812 4993 2023 5048 claudi-

434 5073 581 5128 catio
606 5074 954 5147 detorqueat,
980 5085 1207 5133 curetur
1227 5087 1417 5134 autem
1435 5082 1639 5153 potius.
1658 5081 1866 5139 Medela
1892 5100 2024 5139 vero

433 5162 814 5233 hujuscemodi
874 5165 1301 5223 claudicationis
1351 5184 1464 5224 non
1520 5171 1682 5229 aliter
1726 5171 1819 5227 ﬁat
1855 5190 2021 5244 quam

430 5270 534 5327 per
558 5257 729 5313 solam
779 5259 835 5314 in
878 5257 1158 5315 Christum
1199 5261 1362 5317 ﬁdem
1413 5270 1470 5321 et
1502 5262 1874 5321 dilectionem.
1905 5266 2020 5341 Qui

432 5354 614 5404 autem
642 5348 805 5405 (idem
833 5365 943 5405 non
971 5362 1355 5423 susceperunt,
1389 5366 1708 5413 manserunt
1725 5357 1780 5413 in
1806 5359 2019 5415 claudi-

432 5438 646 5494 ratione
680 5447 738 5496 et
775 5440 830 5494 in
866 5455 1094 5495 excessu
1135 5442 1336 5505 morbi,
1378 5444 1534 5517 juxta
1563 5446 1710 5503 beati
1735 5446 1891 5505 Pauli
1920 5466 2017 5507 vo-

504 5639 549 5710 ‘f
573 5639 713 5710 Psal.
754 5656 844 5705 xx,
866 5641 948 5699 12.
1027 5643 1071 5675 ¹δ
1101 5643 1202 5705 lsa.
1230 5661 1335 5710 ιιι,
1366 5646 1420 5702 9.

460 5708 636 5766 "Psal
688 5725 814 5781 xvn,
844 5712 930 5768 46.
1009 5715 1055 5747 ’θ
1084 5714 1252 5771 Hebr.
1289 5708 1382 5785 xit,
1436 5709 1520 5787 i2,
1561 5716 1650 5776 l5.

2134 4553 2308 4624 μηρὸς
2333 4548 2427 4607 οὖν
2447 4589 2464 4617 ,
2494 4552 2625 4615 τοὺς
2654 4553 2723 4606 ἐκ
2770 4552 2962 4624 μηρῶν
3002 4552 3353 4623 σημαίνεται.
3418 4548 3717 4620 Ἐνάρκησι

2130 4643 2310 4698 τοίνυν
2364 4644 2393 4697 ὁ
2420 4643 2593 4714 μηρὸς
2634 4642 2851 4698 Ἰακώϐ.
2916 4641 3226 4712 Ἐχώλαναν
3280 4638 3393 4711 γάρ
3426 4640 3476 4692 oi
3522 4639 3586 4691 ἐκ
3609 4633 3713 4688 τῶν

2134 4734 2326 4804 μηρῶν
2366 4733 2533 4788 αὑτοῦ
2566 4734 2887 4803 γεγονότες,
2925 4733 3208 4788 τουτέστιν
3228 4772 3245 4796 ,
3276 4734 3327 4786 οὶ
3359 4730 3421 4801 ἐξ
3472 4724 3711 4800 Ἰσραήλ.

2132 4823 2240 4876 Καὶ
2280 4822 2493 4894 μάρτυς
2528 4824 2693 4889 αὐτὸς
2729 4826 2759 4879 ό
2803 4824 2996 4896 Σωτὴρ
3031 4824 3121 4879 διὰ
3159 4822 3347 4894 φωνῆς
3388 4819 3486 4874 τοῦ
3530 4812 3708 4876 Δαὸὶδ,

2131 4911 2278 4967 οὕτω
2309 4913 2502 4983 λέγων·
2547 4897 2587 4968 ι⁸
2623 4915 2745 4969 Υἱοὶ
2784 4915 3059 4988 ἀλλότριοι
3098 4912 3402 4986 ὲψεύσαντό
3445 4925 3557 4983 μοι·
3608 4905 3711 4960 υἱοὶ

2131 5002 2402 5074 ἀλλότριοι
2430 5002 2878 5075 έπαλαιώθησαν,
2905 5007 3000 5061 καὶ
3023 5004 3306 5078 ὲχὼλαναν
3329 5003 3441 5057 ἀπὸ
3465 5001 3574 5055 τῶν
3600 4995 3710 5069 τρί-

2131 5093 2244 5147 ϐων
2286 5096 2486 5151 αὐτῶν.
2542 5115 2560 5147 ι
2595 5098 2718 5153 Ὀτι
2771 5099 2829 5154 δὲ
2869 5099 3155 5170 χωλότητα
3194 5097 3398 5168 νοητὴν
3434 5089 3708 5164 ὑπομεμέο

2129 5200 2294 5254 νηκεν
2345 5187 2373 5239 ό
2439 5187 2687 5259 Ἰσραὴλ,
2737 5190 2834 5244 καὶ
2864 5192 2894 5243 ό
2941 5189 3105 5259 σοφὸς
3153 5188 3430 5263 ⁴ιγπίστατο
3478 5183 3702 5242 Παῦλος.

2128 5276 2336 5348 Γράφει
2366 5277 2495 5346 γοῦν
2540 5281 2635 5335 καὶ
2664 5281 2849 5345 αὐτός’
2886 5301 2905 5333 ι
2943 5281 3039 5337 Διὸ
3064 5280 3165 5346 τὰς
3208 5278 3555 5351 παρειμένας
3599 5273 3710 5346 χεῖσ-

2128 5384 2249 5438 ραςι
2277 5370 2371 5423 καὶ
2404 5370 2472 5425 τὰ
2503 5371 2926 5443 παραλελυμένα
2957 5372 3164 5441 γόνατα
3199 5368 3583 5443 ἀνορθώσατε,
3614 5368 3704 5414 καὶ
3813 5379 3822 5387 ·

2124 5458 2348 5530 τροχιὰς
2389 5460 2556 5533 ὀρθὰς
2604 5464 2870 5533 ποιήσατε
2908 5466 3023 5529 τοῖς
3057 5463 3215 5516 ποσὶν
3240 5460 3422 5533 ὑμῶν,
3458 5476 3479 5510 ο
3515 5457 3602 5511 ἵνα
3630 5446 3705 5521 μὴ

1522 5650 1626 5746 ηιξ
1639 5650 1829 5712 Thess.
1854 5673 1905 5724 ν,
1930 5660 1982 5717 5.

2148 5665 2282 5723 lem.
2308 5685 2423 5738 ιω,
2462 5672 2545 5729 12.
2598 5675 2836 5738 ,⁸⁷.(;οιι.
2861 5692 3027 5746 nni.
3066 5676 3159 5733 25.
3238 5676 3284 5709 ¹⁶
3316 5673 3458 5731 Gen.
3481 5686 3623 5739 xm,
3644 5665 3693 5724 2.
