4034 6486
490 449 599 509 $75

1522 454 1581 513 5.
1621 449 1900 512 CYRILLI
1938 455 2412 512 ALEXANDRINI
2449 458 2766 515 ARCHIEP.

3637 463 3735 518 278

488 568 579 631 δὲ,
622 566 716 620 καὶ
751 566 977 637 γέγονεν
1023 565 1171 638 αὐτῷ
1217 567 1317 639 τῆς
1363 568 1616 637 εὐλογίας
1654 571 1684 623 ό
1748 571 1983 643 τρόπος,
2012 574 2042 625 ό
2080 572 2144 637 ἐξ
2180 572 2447 644 ὀνόματος
2494 573 2590 629 τοῦ
2634 575 2854 646 πρώτου
2902 573 3034 645 πρὸς
3073 574 3262 645 ἕτερον
3304 573 3726 645 ημεταϐιίῗασμός.

496 683 511 713 ι
546 662 621 716 Οὐ
651 662 983 734 κληθήσεται
1013 663 1142 736 γάρ,
1174 664 1358 734 φησὶν,
1386 662 1467 718 ἔτι
1491 665 1554 718 τὸ
1581 664 1755 737 ὄνομα
1783 683 1878 720 σου
1922 666 2140 734 Ἰακὼϐ,
2164 668 2568 740 ἀλλ’ἢἸσραὴλ
2590 669 2743 724 ἔσται
2775 669 2836 722 τὸ
2863 669 3039 740 ὅνομά
3053 686 3168 724 σου·
3202 690 3220 721 ι
3252 668 3368 740 [τοῦ
3398 670 3493 737 μὲν
3531 670 3731 742 Ἰακὼϐ)

488 754 851 824 σημαίνοντος
880 755 989 809 τόν
1014 752 1415 826 πτερνίζοντα,
1443 755 1725 821 τουτέστι,
1748 756 1840 811 τὸν
1861 757 2096 829 εὐδρανῆ
2126 759 2221 812 καὶ
2258 760 2521 830 νηφάλιον
2537 762 2617 823 είς
2648 760 2709 814 τὸ
2736 759 2998 815 δύνασθαι
3025 760 3325 832 κατορθοῦν
3359 759 3396 813 ἃ.
3426 759 3529 813 δεῖ·
3553 760 3643 813 τοῦ
3678 764 3730 815 δὲ

500 847 717 918 Ἰσραὴλ
743 848 868 902 νοῦν
898 847 1127 917 δρῶντα
1158 847 1307 903 Θεὸν
1346 849 1810 922 έρμηνευομένου.
1848 853 1947 914 Τίς
1976 846 2070 904 οὖν
2106 854 2135 905 ό
2173 852 2353 923 λόγος,
2385 853 2519 925 φέρε
2546 854 2612 925 δὴ
2671 854 2942 927 λέγωμεν,
2981 853 3155 925 βραχύ
3186 851 3286 923 τὴν
3321 853 3592 921 ἀφήγησιν
3620 853 3734 907 ἀνόο

485 958 579 992 πιν
617 939 1090 1011 ἀνασειράζοντες.

555 1036 611 1090 ι.
653 1035 823 1091 Iacob
869 1036 1015 1092 lucta
1065 1037 1246 1094 vietus
1290 1039 1627 1110 Iemorisque
1678 1048 1962 1112 stuporem
2015 1040 2069 1096 in

2245 1034 2309 1091 δ’.
2347 1032 2629 1098 Παλαίσας
2660 1034 2689 1086 ό
2728 1031 2924 1088 Ἰακὼϐ
2956 1032 3052 1086 καὶ
3096 1031 3479 1103 νενικημένος,
3507 1034 3600 1087 καὶ
3640 1051 3734 1089 παι-

486 1128 733 1185 tenebris
784 1144 999 1200 passus,
1056 1130 1269 1186 detinet
1318 1132 1621 1189 luctantem
1670 1142 1763 1187 ut-
1786 1133 2066 1203 paciﬁcus,

485 1220 809 1289 splendente
834 1223 945 1292 jam
974 1223 1120 1288 luce,
1150 1223 1404 1295 factoque
1433 1224 1698 1291 diluculo,
1737 1233 2069 1296 coactusque

485 1326 619 1366 vero
647 1319 735 1366 est
759 1312 1091 1368 benedicere
1118 1330 1266 1369 eum.
1311 1316 1482 1371 Porro
1526 1316 1852 1373 benedictus
1902 1318 2069 1373 etiam

484 1402 590 1465 est,
636 1403 1056 1472 cognominatus
1092 1404 1364 1474 siquidem
1396 1413 1481 1460 est
1519 1405 1703 1461 Israel.
1741 1408 2071 1478 Repugnans

485 1490 635 1545 enim
680 1490 848 1548 Israel
896 1492 1265 1559 Emmanueli,
1310 1505 1371 1550 ut
1421 1496 1736 1553 incredulus
1782 1507 1838 1553 et
1879 1498 2072 1555 inobe-

486 1581 666 1646 diens,
712 1590 972 1639 caeterum
1017 1585 1188 1641 veluti
1232 1585 1289 1639 in
1335 1585 1642 1657 ignorantia
1694 1598 1751 1644 et
1804 1591 2066 1658 tenebris,

485 1672 776 1744 imperitiae
811 1675 1075 1731 nimirum
1119 1675 1404 1747 (obduruit
1444 1679 1641 1750 enim),
1663 1683 1918 1752 cognovit
1949 1683 2069 1737 vix-

486 1766 619 1820 dum
654 1767 838 1822 oriens
865 1767 1033 1823 etiam
1084 1769 1190 1839 ipsi
1229 1770 1287 1824 in
1338 1780 1522 1844 mente
1569 1772 1816 1829 divinum
1861 1774 2064 1830 lumen.

484 1857 817 1914 Benedictus
845 1858 994 1915 enim
1029 1871 1116 1915 est
1135 1877 1167 1915 a
1191 1860 1434 1927 Christo,
1462 1864 1679 1920 etiamsi
1706 1881 1817 1920 non
1849 1867 2073 1922 univer-

484 1962 581 2003 sus
618 1946 872 2013 fortasse,
904 1949 1062 2020 172
1093 1959 1242 2007 certe
1272 1951 1328 2005 in
1355 1961 1512 2022 parte
1535 1953 1773 2023 quadam
1800 1953 2065 2010 ﬁdelium.

491 2053 509 2082 ε
551 2033 729 2089 Facta:
766 2036 917 2091 enim
966 2046 1094 2092 sunt
1135 2040 1381 2109 reliquiae
1414 2043 1717 2097 secundum
1740 2044 2066 2101 electionem

480 2127 671 2197 gratia:
721 2128 908 2184 Israeli
960 2128 1133 2199 (juxta
1162 2130 1214 2184 id
1241 2132 1389 2200 quod
1412 2134 1678 2204 scriptum
1700 2143 1786 2190 est
1813 2136 1903 2206 ").
1930 2138 2068 2193 Cre-

486 2216 858 2290 dideruntque
896 2220 1210 2278 Iudaeorum
1248 2237 1358 2279 non
1393 2226 1553 2294 pauci
1578 2242 1810 2283 numero
1831 2227 1912 2295 ³¹;
1953 2249 1972 2281 ι
2004 2246 2069 2285 ae

484 2324 600 2393 prae
644 2310 767 2366 aliis
802 2311 973 2368 divini
1009 2313 1285 2385 discipuli,
1308 2317 1403 2385 qui
1429 2317 1655 2387 quidem
1675 2319 1845 2375 Iacob
1867 2336 1979 2391 pne
2007 2336 2067 2377 se

2171 1124 2280 1180 θὼν
2307 1128 2364 1179 ὲν
2399 1126 2577 1197 σκότῳ
2612 1123 2713 1195 τὴν
2738 1125 3034 1197 νάρκωσιν,
3066 1126 3165 1196 τὴν
3195 1126 3255 1179 ὲν
3289 1124 3450 1196 μηρῷ
3481 1124 3730 1196 δηλονότι,
3764 1164 3769 1168 -

2168 1218 2358 1272 λοιπὸν
2378 1218 2660 1288 ἀντέχεται
2685 1217 2781 1271 τοῦ
2811 1217 3134 1281 παλαίοντος
3161 1216 3239 1280 ὡς
3260 1216 3572 1289 εἰρηνικῶς,
3596 1218 3732 1272 btuu-

2169 1309 2428 1378 γάζοντος
2465 1308 2677 1377 φωτὸς,
2716 1309 2812 1362 καὶ
2851 1307 3052 1380 Ερθρου
3078 1308 3263 1363 λοιπὸν
3297 1309 3399 1380 ἢδη
3439 1310 3731 1378 γεγονότος·

2169 1399 2482 1466 ἐξεϐιάζετο
2506 1401 2565 1454 δὲ
2609 1400 2797 1471 ὥσπερ
2823 1401 2904 1463 είς
2928 1401 3184 1468 εὐλογίας
3210 1400 3375 1455 αὐτὸν
3395 1438 3411 1463 ,
3443 1401 3538 1454 καὶ
3561 1401 3623 1472 δὴ
3650 1403 3736 1456 καὶ

2169 1493 2488 1565 ηὐλόγηται·
2520 1494 2934 1564 μετωνόμασται
2969 1494 3080 1562 γὰρ
3122 1493 3359 1564 Ἰσραήλ.
3408 1493 3735 1562 ’Δντεξάγων

2169 1585 2280 1655 γὰρ
2322 1585 2513 1656 ὥσπερ
2559 1585 2589 1635 ό
2642 1585 2856 1656 Ἰσραὴλ
2905 1584 2984 1655 τῷ
3036 1584 3387 1655 Ἐμμανουήλ
3429 1584 3491 1638 τδ
3528 1584 3737 1648 ἀπειθὲς

2170 1677 2266 1731 καὶ
2311 1676 2657 1743 δυσάγωγον,
2700 1676 2843 1743 πλὴν
2866 1674 2942 1737 ὡς
2982 1676 3039 1726 ἐν
3078 1675 3271 1745 ἀγνοίᾳ
3303 1674 3402 1727 καὶ
3434 1673 3607 1745 σκότῳ
3626 1715 3639 1739 ,
3665 1674 3739 1743 τῷ

2168 1769 2267 1838 τῆς
2305 1767 2562 1837 ἀμαθίας,
2606 1768 2770 1838 φημί.
2800 1765 3112 1836 Πεπώρωτο
3154 1768 3283 1838 γάρ·
3330 1766 3546 1835 ἐπέγνω
3596 1766 3739 1838 μόλις

2169 1860 2479 1929 ἀνίσχοντος
2523 1860 2618 1912 καὶ
2658 1858 2808 1929 αὐτῷ
2851 1858 2993 1912 κατὰ
3037 1857 3163 1911 νοῦν
3205 1858 3304 1911 τοῦ
3352 1858 3502 1911 θείου
3550 1858 3737 1927 φωτός.

2170 1951 2481 2021 Ηύλόγηταί
2510 1966 2568 2003 τε
2594 1950 2744 2019 παρά
2781 1949 3040 2021 Χριστοῦ,
3072 1951 3121 2003 εί
3144 1949 3242 2002 καὶ
3280 1950 3355 2021 μὴ
3383 1950 3530 2013 ἄπας
3565 1950 3740 2020 τυχὸν,

2166 2040 2281 2094 ἀλλ’
2317 2037 2411 2094 οῦν
2443 2042 2503 2094 ἐν
2531 2040 2696 2111 μοίρᾳ
2716 2040 2824 2094 τινὶ
2849 2040 2961 2093 τῶν
3005 2042 3476 2094 πεπιστευκότων.
3513 2060 3530 2093 ι
3557 2041 3741 2108 Γέγονε

2168 2132 2277 2203 γὰρ
2303 2133 2508 2203 λεῖμμα.
2534 2135 2652 2186 κατ’
2684 2130 2913 2203 ἐκλογὴν
2943 2132 3162 2203 χάριτος
3192 2151 3211 2183 ι
3248 2130 3326 2201 τῷ
3342 2130 3582 2203 Ἰσραὴλ,
3611 2129 3745 2184 κατά

2167 2225 2229 2278 τὸ
2273 2225 2691 2296 γεγραμμένον,
2739 2226 2833 2278 καὶ
2881 2224 3282 2278 πεπιστεύκασι
3309 2223 3426 2276 τῶν
3479 2222 3742 2277 Ἰουδαίων

2167 2315 2267 2367 οὐκ
2307 2314 2478 2383 ὀλίγοι
2505 2314 2598 2367 τὸν
2635 2314 2889 2385 ἀριθμόν.
2946 2314 3058 2367 Καὶ
3088 2314 3194 2385 πρό
3227 2329 3293 2381 γε
3356 2312 3466 2366 τῶν
3498 2312 3670 2367 ἄλλων
3693 2312 3741 2363 oi

484 2401 759 2470 ferebant,
815 2405 975 2477 legali
1021 2407 1216 2464 robore
1260 2411 1508 2479 praediti,
1553 2428 1618 2467 ac
1663 2414 2068 2484 quodammodo

2171 2408 2448 2480 θεσπέσιοι
2484 2406 2744 2478 μαθηταὶ,
2773 2408 2823 2460 οἳ
2853 2406 2982 2460 ποτὲ
3018 2406 3117 2477 μὲν
3141 2401 3283 2477 ἦσαν
3320 2403 3537 2477 Ἰακῲϐ,
3564 2405 3624 2457 τὸ
3683 2406 3755 2456 ἀ-

486 2493 921 2563 supplantantes,
946 2513 1406 2571 summopereque
1429 2502 1767 2561 detestantes
1790 2507 1964 2562 Deum
1988 2507 2073 2565 of-

482 2586 731 2644 fendere.
790 2589 1308 2661 Irreprehensihiles
1365 2594 1516 2651 enim
1567 2606 1728 2653 erant
1766 2600 2073 2656 secundum

480 2680 753 2750 justitiam
794 2698 917 2753 qua:
952 2692 1037 2740 est
1061 2683 1115 2739 in
1138 2685 1258 2758 lege
1289 2704 1303 2741 :
1332 2687 1461 2744 facti
1494 2698 1680 2747 autem
1727 2701 1857 2748 sunt
1879 2703 2069 2764 postea

483 2774 651 2829 etiam
698 2774 885 2841 Israel,
932 2776 1038 2832 hoc
1080 2785 1186 2843 est,
1228 2781 1478 2836 translati
1523 2792 1653 2839 sunt
1701 2784 1962 2856 deinceps
2008 2789 2068 2842 in

485 2872 725 2919 mentem
747 2864 1023 2922 videntem
1039 2868 1232 2923 Deum.
1251 2869 1592 2941 Cognoscere
1607 2875 2067 2945 enimChristum,

485 2956 740 3024 quisnam
776 2958 870 3023 sit,
908 2968 967 3014 et
999 2960 1164 3025 unde,
1203 2976 1267 3016 ac
1304 2966 1583 3033 quomodo
1610 2967 1790 3024 factus
1817 2971 1891 3024 sit
1912 2971 2069 3042 juxta

485 3061 550 3101 ac
588 3062 712 3113 nos,
750 3057 810 3103 et
844 3049 1122 3119 quodnam
1145 3051 1312 3108 fuerit
1335 3056 1455 3126 ejus
1475 3042 1870 3116 incarnationis
1889 3064 2071 3118 consi-

483 3136 641 3205 lium,
685 3138 792 3194 hoc
833 3158 954 3198 esse
989 3151 1172 3200 statuo
1211 3163 1402 3202 verum
1445 3149 1543 3204 Dei
1581 3158 1837 3220 aspectus
1880 3152 2068 3209 lumen

484 3239 671 3287 mente
711 3235 1014 3305 suscipere.
1047 3238 1205 3305 Quod
1230 3257 1361 3295 vero
1391 3243 1561 3312 major
1586 3252 1750 3314 atque
1774 3245 1985 3312 utilior,
2012 3256 2072 3303 et

486 3322 995 3394 incomparabiliter
1038 3330 1234 3385 melior
1276 3332 1348 3386 sit
1398 3334 1508 3389 vita
1553 3332 1713 3405 legali
1740 3335 1982 3406 cognitio
1998 3337 2069 3393 de

485 3411 619 3480 Deo,
679 3414 912 3485 ipsemet
951 3427 1185 3474 testatur
1230 3439 1329 3492 per
1354 3425 1651 3494 quemdam
1673 3427 2067 3497 prophetarum

484 3506 564 3562 ita
613 3504 841 3562 dicens:
889 3528 906 3560 ι
937 3509 1076 3575 Quia
1115 3511 1552 3569 misericordiam
1593 3518 1739 3584 volo,
1767 3526 1955 3574 etnon
1980 3536 2070 3575 sa-

485 3591 780 3659 criﬁcium,
803 3604 859 3650 et
883 3599 1251 3668 cognitionem
1279 3603 1375 3659 Dei
1413 3606 1585 3676 magis
1617 3622 1781 3677 quam
1804 3608 2067 3665 holocau-

2170 2498 2364 2568 δρανὲς
2412 2498 2629 2569 ἔχοντες
2675 2500 2735 2551 ἐν
2777 2498 2962 2569 νόμῳ,
2993 2499 3090 2551 καὶ
3134 2497 3300 2551 οἱονεὶ
3347 2494 3747 2569 πτερνίζοντες,

2172 2591 2598 2664 περιπνεύοντές
2627 2608 2688 2644 τε
2726 2591 2943 2661 γοργῶς
2964 2628 2979 2654 ,
3018 2591 3112 2643 καὶ
3143 2591 3226 2643 ὅτι
3273 2589 3515 2660 μάλιστα
3551 2584 3745 2658 παραι-

2168 2683 2422 2755 τούμενοι
2454 2685 2516 2737 τὸ
2550 2683 2914 2756 προσκρούειν
2943 2681 3084 2753 Θεῷ.
3121 2683 3439 2753 ’Λμεμπτοι
3469 2679 3581 2751 γὰρ
3613 2675 3744 2750 ἦσαν

2169 2776 2315 2831 κατά
2339 2776 2687 2847 δικαιοσύνην
2714 2775 2813 2847 τὴν
2838 2777 2896 2828 ὲν
2926 2773 3007 2844 τῷ
3038 2773 3210 2844 νόμῳ.
3243 2772 3513 2840 Γεγόνασι
3532 2771 3589 2823 δὲ
3620 2768 3748 2839 μετὰ

2167 2868 2328 2923 τοῦτο
2369 2868 2464 2923 καὶ
2505 2866 2752 2938 Ἰσραὴλ,
2785 2865 3068 2928 τουτέστι,
3104 2863 3637 2935 μετακεχωρήκασιν
3672 2858 3755 2921 είς·

2169 2963 2295 3019 νοῦν
2323 2963 2538 3035 όρῶντα
2564 2961 2696 3016 Θεὸν
2710 2960 2918 3014 λοιπόν.
2944 2959 3017 3012 Τὸ
3039 2960 3150 3029 γὰρ
3170 2957 3375 3011 εἰδέναι
3409 2951 3750 3027 Χριστόν,τίς

2168 3056 2233 3127 δὴ
2260 3057 2388 3127 ἄρα,
2423 3057 2516 3109 καὶ
2547 3053 2712 3107 πόθεν
2741 3054 2935 3121 γέγονε
2977 3050 3099 3104 καθ’
3130 3051 3299 3121 ἡμᾶς,
3334 3048 3371 3120 ἢ
3414 3052 3569 3110 ποῖος
3607 3043 3751 3114 αὐτῷ

2170 3150 2269 3220 τῆς
2307 3146 2444 3218 μετά
2480 3144 2684 3217 σαρκὸς
2719 3144 3037 3212 οίκονομίας
3074 3143 3103 3195 ό
3145 3141 3373 3211 τρόπος·
3410 3140 3576 3194 τοῦτο
3621 3134 3752 3191 εἷναί

2171 3256 2243 3310 φη
2254 3238 2440 3309 μι,τ’ῆς
2456 3235 2688 3309 ἀληθοῦς
2703 3233 3037 3306 θεοπτ[ε]ίας
3049 3231 3109 3285 τὸ
3125 3232 3241 3302 φῶς
3255 3230 3606 3299 εἰσδέξασθαι
3622 3227 3755 3282 κατὰ

2169 3331 2316 3386 νοῦν.
2347 3332 2470 3384 ’Ὁτι
2493 3329 2551 3382 δὲ
2582 3328 2808 3398 μείζων,
2840 3328 2934 3380 καὶ
2963 3324 3384 3397 προφερεστέρα
3403 3365 3421 3391 ,
3466 3324 3564 3377 καὶ
3592 3323 3757 3389 ἀσυγ-

2170 3423 2373 3494 κρίτως
2421 3421 2665 3492 ἀμείνων
2694 3419 2794 3489 τῆς
2822 3420 2879 3473 ὲν
2912 3418 3062 3488 νόμῳ
3089 3415 3370 3479 πολιτείας
3399 3416 3435 3485 ἡ
3465 3415 3597 3485 περὶ
3626 3410 3758 3466 Θεοῦ

2167 3515 2411 3584 γνῶσις,
2461 3513 2870 3583 πληροφορήσει
2915 3509 3094 3576 λέγων
3143 3507 3307 3571 αὐτὸς
3371 3507 3443 3560 δι’
3487 3506 3608 3570 ἐνὸς
3654 3502 3761 3559 τῶν

2170 3605 2500 3678 προφητῶν·
2538 3621 2557 3655 ι
2614 3603 2738 3656 Ὅτι
2773 3601 2923 3654 ἔλεον
2956 3599 3123 3664 θέλω,
3152 3600 3245 3653 καὶ
3288 3600 3355 3651 οὐ
3411 3597 3640 3652 θυσίαν·
3678 3594 3763 3648 καὶ

486 3690 722 3737 stomata
757 3685 821 3739 ³³.
858 3706 876 3737 ι
909 3686 1052 3753 Quin
1083 3699 1139 3745 et
1169 3693 1369 3749 Paulus
1403 3704 1592 3752 natum
1619 3698 1843 3767 quidem
1886 3716 1946 3756 se
1990 3703 2069 3757 ait

2171 3697 2466 3766 ἐπίγνωσιν
2498 3694 2634 3749 Θεοῦ
2664 3735 2679 3760 ,
2713 3693 2747 3764 ἢ
2795 3690 3244 3761 ὁλοκαυτώματα.
3287 3708 3309 3740 ι
3370 3691 3486 3788 Kal.
3534 3687 3764 3788 Παῦλος,

495 3793 513 3822 ι
535 3775 974 3848 juxtajustitiam
999 3798 1121 3852 quae
1142 3793 1227 3839 est
1251 3784 1307 3840 in
1328 3786 1445 3859 lege
1469 3789 1532 3855 ”,
1566 3809 1584 3840 ι
1614 3790 1881 3848 illustrem
1903 3802 2068 3866 atque

2176 3790 2252 3853 ὡς
2278 3787 2542 3857 γεγένητο
2582 3783 2681 3855 μὲν
2722 3800 2741 3834 ι
2769 3781 2913 3836 κατὰ
2937 3779 3288 3851 δικαιοσύνην
3320 3781 3424 3851 τὴν
3464 3780 3525 3830 ἐν
3549 3778 3719 3846 νόμῳ,
3740 3793 3759 3825 ο

487 3870 1055 3944 irreprehensibilem,
1113 3897 1130 3931 ι
1169 3881 1509 3940 existimasse
1554 3900 1686 3941 vero
1735 3889 1919 3943 omnia
1953 3889 2071 3945 haec

487 3958 882 4019 detrimentum
940 3974 1165 4039 propter
1213 3973 1681 4041 prmeminentiam
1740 3979 2071 4049 cognitionis

484 4049 694 4106 Christi
734 4053 800 4108 ³⁸.
843 4074 862 4107 ι
905 4055 1061 4123 Quod
1083 4075 1213 4115 vero
1246 4063 1462 4119 sincera
1484 4067 1725 4138 cognitio
1753 4068 1822 4124 de
1849 4070 2071 4127 Christo

486 4144 836 4212 praestantior
889 4147 961 4202 sit
996 4151 1288 4220 splendore
1325 4170 1575 4225 operum,
1617 4159 1821 4216 Paulus
1851 4178 2069 4219 rursum

486 4234 751 4323 declarat,
780 4238 849 4292 ad
874 4240 1223 4301 Timotheum
1251 4247 1519 4313 scribens,
1556 4266 1722 4320 quem
1749 4253 1816 4308 ad
1850 4254 2071 4323 pietatis

484 4320 810 4385 exercitium
832 4331 1084 4389 hortatur
1109 4352 1122 4389 :
1154 4355 1172 4387 ι
1189 4336 1488 4409 Corporale
1514 4343 1662 4397 enim
1684 4320 2062 4411 exercitium,»

480 4418 684 4489 inquit,
718 4441 734 4472 ι
761 4423 830 4477 ad
854 4439 1030 4494 pauca
1046 4429 1179 4484 utile
1200 4440 1304 4485 est.
1329 4432 1512 4489 Pietas
1534 4450 1665 4490 vero
1688 4436 1757 4490 ad
1781 4438 1964 4493 omnia
1985 4447 2072 4494 est

484 4510 657 4575 utilis,
706 4513 1127 4581 promissionem
1166 4521 1380 4578 habens
1412 4525 1540 4580 vitae
1565 4540 1687 4596 quae
1714 4543 1863 4584 nunc
1886 4537 1988 4596 est,
2013 4538 2071 4586 et

482 4600 686 4657 futura:
729 4603 793 4657 ³⁸.
825 4623 844 4655 ι
877 4605 1351 4672 Quemadmodum
1388 4617 1534 4671 enim
1570 4616 1820 4674 Salvator
1846 4621 1962 4690 ipse
1995 4622 2072 4677 ait

484 4695 554 4750 ad
589 4694 812 4754 Patrem
837 4699 1118 4759 caelestem
1145 4720 1158 4756 :
1192 4723 1211 4754 ι
1243 4705 1368 4761 Haec
1399 4718 1483 4764 est
1504 4710 1616 4764 vita
1633 4722 1859 4775 aeterna,
1886 4720 1947 4766 ut
1972 4729 2069 4769 co-

483 4802 749 4860 gnoscant
791 4800 845 4850 te
877 4796 1054 4851 solum
1101 4812 1294 4853 verum
1340 4799 1533 4867 Deum,
1575 4810 1631 4858 et
1682 4820 1846 4874 quem
1870 4807 2069 4862 misisti

481 4881 671 4939 Jesum
715 4884 997 4943 Christum
1047 4889 1111 4944 ⁸⁷.
1151 4910 1169 4941 ι
1209 4889 1500 4959 Quocirca,
1526 4895 1740 4951 etiamsi
1781 4898 1907 4967 quis
1953 4899 2068 4953 for-

484 4984 629 5031 tasse
659 4976 829 5033 Jaeob
866 4980 957 5045 sit,
998 4981 1103 5036 hoc
1135 4991 1238 5046 est,
1266 4984 1310 5038 si
1338 4985 1689 5055 supplantare
1713 4988 1910 5056 valeat,
1945 4993 2068 5061 pul-

2174 3880 2427 3953 λαμπρός
2452 3894 2513 3931 τε
2539 3878 2633 3930 καὶ
2661 3877 2966 3947 ἄμεμπτος·
3009 3893 3027 3925 ι
3074 3874 3322 3955 ᾞγεῖται
3351 3872 3413 3926 δί
3444 3871 3516 3926 τά
3546 3867 3767 3924 τοιαῦτα

2175 3970 2492 4045 ζημίαν,διά
2518 3968 2580 4021 τὸ
2608 3967 2876 4040 ὑπερέχον
2901 3966 2997 4034 τῆς
3027 3963 3282 4033 γνώσεως
3305 3963 3408 4016 τοῦ
3445 3958 3711 4034 Χριστοῦ.
3742 3974 3759 4007 ι

2176 4067 2299 4120 Ὅτι
2331 4064 2388 4117 δέ
2410 4065 2527 4115 ἐστι
2567 4059 2662 4115 καὶ
2692 4060 2793 4130 τῆς
2822 4060 2879 4111 ὲν
2912 4058 3095 4129 ἔργοις
3115 4054 3511 4125 φαιδρότητος,
3535 4055 3594 4105 ὲν
3615 4049 3769 4121 ἀμεί-

2173 4158 2372 4228 νοσινή
2404 4154 2791 4225 ἀκιϐδήλευτος
2825 4149 3027 4219 γνῶσις
3055 4147 3183 4217 περὶ
3208 4146 3484 4218 Χριστοῦ,
3516 4142 3771 4215 σαφηνιεῖ

2171 4249 2237 4321 δὴ
2276 4247 2437 4302 πάλιν
2472 4245 2725 4316 Τιμοθέῳ
2770 4241 2998 4315 γράφων
3030 4241 3059 4292 ὁ
3094 4239 3309 4303 Παῦλος
3330 4280 3347 4306 ,
3385 4234 3771 4310 γυμνάζεσθαι

2174 4344 2336 4398 αὐτὸν
2366 4341 2503 4414 πρὸς
2523 4338 2825 4394 εὐσέϐειαν·
2864 4354 2885 4388 ι
2927 4336 2995 4389 Ἦ
3021 4334 3131 4406 γὰρ
3154 4332 3459 4403 σωματικὴ
3492 4329 3772 4403 γυμνασία

2175 4435 2312 4507 πρὸς
2360 4433 2538 4502 ὀλίγον
2578 4430 2727 4484 ἐστὶν
2776 4425 3073 4496 ὠφέλιμος,
3124 4425 3161 4495 ἡ
3209 4423 3269 4476 δὲ
3320 4422 3592 4477 εὐσέϐεια
3640 4420 3773 4491 πρὸς
3842 4438 3852 4445 δ

2174 4526 2351 4580 πάντα
2394 4520 2671 4592 ὠφέλιμός
2733 4519 2916 4581 εστιν,
2970 4514 3312 4583 ἐπαγγελίαν
3367 4513 3585 4584 ἔχουσα
3633 4510 3775 4581 ζωῆς

2174 4620 2296 4690 τῆς⁴
2327 4618 2422 4673 νῦν
2454 4617 2550 4670 καὶ
2591 4615 2699 4684 τῆς
2733 4611 3056 4684 μελλούσης.
3090 4629 3110 4662 ι
3150 4609 3238 4674 Ὠς
3265 4610 3383 4682 γὰρ
3425 4610 3599 4673 αὐτὸς
3628 4607 3777 4678 είρηο

2174 4731 2269 4769 κεν
2295 4715 2323 4766 ὁ
2347 4710 2537 4780 Σωτὴρ
2568 4705 2705 4778 πρὸς
2727 4706 2819 4759 τὸν
2852 4707 2911 4758 ὲν
2955 4704 3205 4774 οὐρανοῖς
3250 4703 3515 4774 Πατέρα,
3563 4723 3583 4754 ι
3630 4700 3774 4769 Αὕτη

2175 4804 2325 4859 ἐστὶν
2360 4803 2393 4871 ἡ
2435 4798 2653 4860 αἰώνιος
2696 4795 2810 4866 ζωὴ
2832 4834 2847 4859 ,
2879 4793 2967 4847 ἵνα
2992 4791 3309 4862 γινώσκωσί
3364 4808 3430 4846 σε
3474 4792 3572 4846 τὸν
3621 4789 3779 4861 μόνον

2174 4895 2427 4966 ἀληθινὸν
2448 4890 2607 4955 Θεὸν,
2622 4890 2717 4943 καὶ
2741 4888 2800 4940 ὃν
2833 4885 3164 4946 ἀπέστειλας
3206 4884 3432 4952 Ἰησοῦν
3457 4881 3723 4953 Χριστόν.
3758 4897 3775 4930 ο

2177 4987 2385 5045 Οὐκοῦν
2430 4985 2533 5038 κᾶν
2567 4983 2618 5035 ετ
2652 4997 2734 5043 τις
2762 4978 2848 5049 εἴη
2894 4975 3079 5047 τυχὸν,
3100 4974 3323 5040 Ἰακὼϐ,
3372 4974 3704 5036 τουτέστιν,
3734 4970 3781 5023 εἰ

483 5068 727 5139 chreque
746 5087 812 5127 ac
829 5072 1049 5128 fortiter
1062 5074 1308 5147 eﬂ‘ugere
1323 5093 1486 5133 omne
1504 5078 1558 5133 id
1585 5080 1731 5148 quod
1749 5060 2069 5138 destruendi

2177 5076 2485 5151 πτερνίζειν
2522 5074 2760 5139 δύναιτο,
2800 5071 2896 5124 καὶ
2949 5067 3363 5138 διαδιδράσκειν
3400 5067 3648 5129 ἀστείως
3692 5060 3781 5117 καὶ

482 5159 594 5214 τίω
633 5161 817 5227 habet,
854 5173 1019 5234 atque
1055 5167 1123 5221 ad
1155 5178 1439 5238 peccatum
1478 5171 1651 5237 ducit,
1696 5173 1947 5242 proﬁciet
1976 5192 2074 5245 per

481 5249 786 5318 Christum,
827 5256 992 5309 etiam
1031 5258 1099 5312 ad
1137 5260 1378 5317 divinam
1405 5263 1794 5335 cognitionem.
1837 5269 2071 5323 Vocabi—

485 5350 574 5396 tur
596 5353 783 5397 autem
816 5345 981 5400 etiam
1005 5347 1189 5417 Israel,
1217 5350 1323 5407 hoc
1350 5362 1455 5419 est,
1496 5353 1665 5409 Deum
1693 5358 1889 5411 videns.
1916 5358 2071 5413 Tune

484 5432 707 5488 demum
746 5436 891 5491 inter
912 5438 1162 5496 homines
1180 5444 1288 5498 erit
1310 5454 1505 5514 potens
1530 5448 1923 5504 corroboratus
1944 5464 2069 5505 cum

484 5522 616 5580 Deo.
666 5525 852 5596 Neque
901 5530 1047 5586 enim
1098 5536 1301 5590 mentis
1352 5536 1640 5593 imbecillas
1690 5540 1856 5595 fuerit
1895 5542 2067 5597 Deum

487 5630 646 5672 nosse
687 5620 1169 5692 eugriitionemque
1208 5625 1277 5681 de
1311 5641 1377 5681 eo
1416 5628 1688 5699 accipere,
1739 5633 1955 5688 tametsi
2011 5633 2068 5686 in

487 5709 710 5773 speculo
760 5720 923 5782 atque
972 5715 1259 5786 aenigmate
1312 5719 1493 5777 videat
1546 5723 1633 5787 ";
1675 5724 1768 5777 sed
1815 5725 1935 5795 ejus
1970 5720 2065 5793 qui

2172 5169 2434 5232 νεανικῶς
2467 5168 2577 5220 πᾶν
2611 5165 2751 5235 ὅπερ
2782 5161 2899 5214 ἐστὶ
2925 5158 3229 5231 παραλύειν
3257 5158 3415 5224 είδδς
3448 5158 3548 5212 καὶ
3582 5153 3782 5211 καλοῦν

2174 5266 2253 5328 εἰς
2293 5258 2598 5333 ἁμαρτίαν,
2636 5251 3033 5326 προκόψει’διὰ
3077 5250 3326 5320 Χριστοῦ
3374 5252 3482 5305 καὶ
3545 5253 3629 5313 εἰς
3663 5247 3783 5301 σύν-

2174 5374 2289 5410 εσιν
2337 5350 2671 5423 ἀγιοπρεπῆ.
2724 5344 3070 5416 Κεκλήσεται
3112 5343 3169 5395 δὲ
3209 5343 3311 5395 καὶ
3358 5341 3628 5414 Ἰσραὴλ,
3665 5354 3784 5393 του-

2172 5448 2342 5511 τέστι,
2371 5443 2520 5498 Θεὸν
2549 5437 2721 5509 ὀρῶν.
2742 5436 2876 5489 Τότε
2904 5435 2989 5498 δὴ,
3015 5435 3135 5487 τότε
3164 5433 3262 5486 καὶ
3298 5433 3454 5503 μετὰ
3475 5431 3783 5503 ἀνθρώπων

2175 5539 2330 5592 ἔσται
2348 5534 2591 5595 δυνατὸς,
2622 5528 2913 5599 ἐνισχῦσας
2957 5525 3094 5596 μετὰ
3130 5522 3295 5576 Θεοῦ.
3318 5526 3422 5577 -οὐ
3460 5524 3575 5597 γὰρ
3608 5517 3699 5576 οὖν
3725 5518 3783 5571 τὸ

2176 5629 2371 5683 ἀναλκι
2398 5620 2924 5695 κατηρῤωστηκότος
2955 5617 3116 5690 ἔργον
3142 5616 3209 5669 ἂν
3232 5615 3468 5681 γένοιτο
3500 5618 3564 5669 τὸ
3591 5614 3783 5667 εἰδέναι

2174 5722 2336 5785 Θεὸν,
2391 5719 2484 5773 καὶ
2526 5715 2624 5785 τὴν
2666 5713 2753 5766 ἐπ’
2800 5710 2951 5780 αὐτῷ
2984 5708 3185 5778 γνῶσιν
3231 5707 3427 5774 ἑλεῖν,
3483 5708 3537 5760 εί
3590 5704 3687 5760 καὶ
3728 5701 3784 5754 ἓν

479 5852 518 5933 -Ι
552 5826 771 5930 "-Ronl.
794 5831 943 5933 lviii.
1029 5832 1071 5863 ³³
1256 5854 1379 5905 xm,
1414 5838 1493 5894 152.
1575 5840 1619 5871 ³³
1644 5840 1802 5909 Osce,
1833 5859 1905 5906 γι,
1931 5843 1980 5896 6.
2056 5841 2069 5873 ³

2171 5840 2339 5910 'hilip.
2386 5855 2462 5903 ιιι,
2495 5836 2546 5892 ϐ.
2627 5836 2668 5869 ³⁸
2697 5832 2836 5888 Ibid.
2866 5832 2915 5884 8.
2978 5829 3022 5860 ’“
3054 5829 3073 5884 I
3115 5827 3259 5883 Tim.
3317 5845 3395 5898 Iv,
3427 5832 3481 5885 8.
3526 5828 3595 5863 ’³⁷
3626 5829 3783 5883 Idan.

504 5903 542 5969 ι,
580 5898 634 5955 ὗ.
713 5898 757 5930 τ’
794 5899 815 5956 I
854 5903 1114 5971 COI'.XIII,
1147 5904 1233 5959 I2.

1506 5973 1611 5994 Ἴδαν
