  <div class='ocr_page' id='page_1' title='image "/cluster/home/n/w/nwhite01/storage/ocr_20150623/69:no.2/coo.31924054869734/146.png"; bbox 0 0 4034 6456; ppageno 0'>
   <div class='ocr_carea' id='block_1_1' title="bbox 349 359 470 413">
    <p class='ocr_par' dir='ltr' id='par_1_1' title="bbox 349 359 470 413">
     <span class='ocr_line' id='line_1_1' title="bbox 349 359 470 413; baseline 0 0"><span class='ocrx_word' id='word_1_1' title='bbox 349 359 470 413; x_wconf 65' lang='grc' dir='ltr'><strong>Ξῗτ</strong></span> 
     </span>
    </p>
   </div>
   <div class='ocr_carea' id='block_1_2' title="bbox 1377 359 2628 419">
    <p class='ocr_par' dir='ltr' id='par_1_2' title="bbox 1377 359 2628 419">
     <span class='ocr_line' id='line_1_2' title="bbox 1377 359 2628 419; baseline -0.001 -3"><span class='ocrx_word' id='word_1_2' title='bbox 1377 359 1904 418; x_wconf 71' lang='grc' dir='ltr'><strong>ΟῙΑΡΗΥΒΟΒΠΜ</strong></span> <span class='ocrx_word' id='word_1_3' title='bbox 1945 361 2013 417; x_wconf 84' lang='grc' dir='ltr'><strong>ΙΝ</strong></span> <span class='ocrx_word' id='word_1_4' title='bbox 2051 361 2353 419; x_wconf 67' lang='grc' dir='ltr'><strong>ΟΕΝΕΞΙΜ</strong></span> <span class='ocrx_word' id='word_1_5' title='bbox 2396 365 2523 419; x_wconf 83' lang='lat' dir='ltr'><strong>LIB.</strong></span> <span class='ocrx_word' id='word_1_6' title='bbox 2568 364 2628 417; x_wconf 63' lang='grc' dir='ltr'>Υ.</span> 
     </span>
    </p>
   </div>
   <div class='ocr_carea' id='block_1_3' title="bbox 3581 366 3693 417">
    <p class='ocr_par' dir='ltr' id='par_1_3' title="bbox 3581 366 3693 417">
     <span class='ocr_line' id='line_1_3' title="bbox 3581 366 3693 417; baseline 0 -1"><span class='ocrx_word' id='word_1_7' title='bbox 3581 366 3693 417; x_wconf 72' lang='grc' dir='ltr'><strong>ετε</strong></span> 
     </span>
    </p>
   </div>
   <div class='ocr_carea' id='block_1_4' title="bbox 357 479 1965 559">
    <p class='ocr_par' dir='ltr' id='par_1_4' title="bbox 357 479 1965 556">
     <span class='ocr_line' id='line_1_4' title="bbox 357 479 1965 556; baseline 0.003 -24"><span class='ocrx_word' id='word_1_8' title='bbox 357 481 629 552; x_wconf 70' lang='grc' dir='ltr'>ἐσόπτρῳ</span> <span class='ocrx_word' id='word_1_9' title='bbox 704 479 894 551; x_wconf 78' lang='grc' dir='ltr'><strong>βλέποι</strong></span> <span class='ocrx_word' id='word_1_10' title='bbox 966 482 1063 535; x_wconf 76' lang='grc' dir='ltr'>καὶ</span> <span class='ocrx_word' id='word_1_11' title='bbox 1117 482 1422 554; x_wconf 84' lang='grc' dir='ltr'>αἰνίγματι·</span> <span class='ocrx_word' id='word_1_12' title='bbox 1480 485 1620 539; x_wconf 83' lang='grc' dir='ltr'><strong>ἀλλά</strong></span> <span class='ocrx_word' id='word_1_13' title='bbox 1673 485 1768 539; x_wconf 90' lang='grc' dir='ltr'><strong>τοῦ</strong></span> <span class='ocrx_word' id='word_1_14' title='bbox 1835 485 1965 556; x_wconf 80' lang='grc' dir='ltr'>πρὸς</span> 
     </span>
    </p>
   </div>
   <div class='ocr_carea' id='block_1_5' title="bbox 2069 479 3692 559">
    <p class='ocr_par' dir='ltr' id='par_1_5' title="bbox 2074 486 3692 559">
     <span class='ocr_line' id='line_1_5' title="bbox 2074 486 3692 559; baseline 0.002 -18"><span class='ocrx_word' id='word_1_15' title='bbox 2074 486 2144 541; x_wconf 89' lang='lat' dir='ltr'><strong>ad</strong></span> <span class='ocrx_word' id='word_1_16' title='bbox 2197 487 2340 543; x_wconf 86' lang='lat' dir='ltr'><strong>hanc</strong></span> <span class='ocrx_word' id='word_1_17' title='bbox 2387 489 2604 544; x_wconf 82' lang='lat' dir='ltr'><strong>roboris</strong></span> <span class='ocrx_word' id='word_1_18' title='bbox 2636 490 3014 559; x_wconf 62' lang='lat' dir='ltr'><strong>praestantiam</strong></span> <span class='ocrx_word' id='word_1_19' title='bbox 3041 489 3112 544; x_wconf 89' lang='lat' dir='ltr'><strong>sit</strong></span> <span class='ocrx_word' id='word_1_20' title='bbox 3141 488 3462 559; x_wconf 87' lang='lat' dir='ltr'><strong>perductus,</strong></span> <span class='ocrx_word' id='word_1_21' title='bbox 3489 499 3548 543; x_wconf 92' lang='lat' dir='ltr'><strong>ut</strong></span> <span class='ocrx_word' id='word_1_22' title='bbox 3571 507 3692 544; x_wconf 81' lang='lat' dir='ltr'><strong>car-</strong></span> 
     </span>
    </p>
   </div>
   <div class='ocr_carea' id='block_1_6' title="bbox 356 572 1973 648">
    <p class='ocr_par' dir='ltr' id='par_1_6' title="bbox 356 572 1973 648">
     <span class='ocr_line' id='line_1_6' title="bbox 356 572 1973 648; baseline 0.003 -23"><span class='ocrx_word' id='word_1_23' title='bbox 356 573 533 627; x_wconf 86' lang='grc' dir='ltr'>τοῦτο</span> <span class='ocrx_word' id='word_1_24' title='bbox 585 572 776 626; x_wconf 85' lang='grc' dir='ltr'>λοιπὸν</span> <span class='ocrx_word' id='word_1_25' title='bbox 823 573 1115 638; x_wconf 75' lang='grc' dir='ltr'><strong>ἀσθενείας</strong></span> <span class='ocrx_word' id='word_1_26' title='bbox 1167 577 1570 648; x_wconf 74' lang='grc' dir='ltr'>ἐνηνεγμένου,</span> <span class='ocrx_word' id='word_1_27' title='bbox 1622 577 1700 641; x_wconf 76' lang='grc' dir='ltr'>ὡς</span> <span class='ocrx_word' id='word_1_28' title='bbox 1761 578 1827 629; x_wconf 82' lang='grc' dir='ltr'>δι’</span> <span class='ocrx_word' id='word_1_29' title='bbox 1886 579 1973 630; x_wconf 67' lang='grc' dir='ltr'><strong>οὐν</strong></span> 
     </span>
    </p>
   </div>
   <div class='ocr_carea' id='block_1_7' title="bbox 355 663 1972 736">
    <p class='ocr_par' dir='ltr' id='par_1_7' title="bbox 355 663 1972 736">
     <span class='ocr_line' id='line_1_7' title="bbox 355 663 1972 736; baseline 0.002 -19"><span class='ocrx_word' id='word_1_30' title='bbox 355 665 520 728; x_wconf 80' lang='grc' dir='ltr'>δενὸς</span> <span class='ocrx_word' id='word_1_31' title='bbox 556 664 658 734; x_wconf 79' lang='grc' dir='ltr'>μὲν</span> <span class='ocrx_word' id='word_1_32' title='bbox 694 663 972 720; x_wconf 79' lang='grc' dir='ltr'>ποιεῖσθαι</span> <span class='ocrx_word' id='word_1_33' title='bbox 1001 664 1162 734; x_wconf 84' lang='grc' dir='ltr'>λόγου</span> <span class='ocrx_word' id='word_1_34' title='bbox 1191 667 1259 720; x_wconf 78' lang='grc' dir='ltr'><strong>τὰ</strong></span> <span class='ocrx_word' id='word_1_35' title='bbox 1290 668 1532 736; x_wconf 78' lang='grc' dir='ltr'><strong>σαρκικὰ</strong></span> <span class='ocrx_word' id='word_1_36' title='bbox 1562 669 1658 722; x_wconf 67' lang='grc' dir='ltr'>καὶ</span> <span class='ocrx_word' id='word_1_37' title='bbox 1679 668 1972 736; x_wconf 78' lang='grc' dir='ltr'>ὲγκόσμια·</span> 
     </span>
    </p>
   </div>
   <div class='ocr_carea' id='block_1_8' title="bbox 356 755 1976 832">
    <p class='ocr_par' dir='ltr' id='par_1_8' title="bbox 356 755 1976 832">
     <span class='ocr_line' id='line_1_8' title="bbox 356 755 1976 832; baseline 0.003 -25"><span class='ocrx_word' id='word_1_38' title='bbox 356 756 557 827; x_wconf 74' lang='grc' dir='ltr'>γοργῷ</span> <span class='ocrx_word' id='word_1_39' title='bbox 586 756 644 808; x_wconf 80' lang='grc' dir='ltr'>δὲ</span> <span class='ocrx_word' id='word_1_40' title='bbox 681 755 876 827; x_wconf 79' lang='grc' dir='ltr'>ὥσπερ</span> <span class='ocrx_word' id='word_1_41' title='bbox 914 757 1011 810; x_wconf 79' lang='grc' dir='ltr'><strong>καὶ</strong></span> <span class='ocrx_word' id='word_1_42' title='bbox 1038 756 1332 830; x_wconf 80' lang='grc' dir='ltr'>ἁκαοέκτῳ</span> <span class='ocrx_word' id='word_1_43' title='bbox 1373 760 1690 830; x_wconf 77' lang='grc' dir='ltr'><strong>φρονήματι</strong></span> <span class='ocrx_word' id='word_1_44' title='bbox 1737 760 1976 832; x_wconf 77' lang='grc' dir='ltr'><strong>διᾴττειν</strong></span> 
     </span>
    </p>
   </div>
   <div class='ocr_carea' id='block_1_9' title="bbox 355 845 1975 920">
    <p class='ocr_par' dir='ltr' id='par_1_9' title="bbox 355 845 1975 920">
     <span class='ocr_line' id='line_1_9' title="bbox 355 845 1975 920; baseline 0.004 -20"><span class='ocrx_word' id='word_1_45' title='bbox 355 847 632 901; x_wconf 76' lang='grc' dir='ltr'>δύνασθαι</span> <span class='ocrx_word' id='word_1_46' title='bbox 664 847 803 919; x_wconf 82' lang='grc' dir='ltr'>πρὸς</span> <span class='ocrx_word' id='word_1_47' title='bbox 847 847 909 900; x_wconf 86' lang='grc' dir='ltr'><strong>τὸ</strong></span> <span class='ocrx_word' id='word_1_48' title='bbox 943 847 1022 920; x_wconf 82' lang='grc' dir='ltr'>τῷ</span> <span class='ocrx_word' id='word_1_49' title='bbox 1062 849 1184 919; x_wconf 82' lang='grc' dir='ltr'>Θεῷ</span> <span class='ocrx_word' id='word_1_50' title='bbox 1232 851 1426 904; x_wconf 81' lang='grc' dir='ltr'><strong>δοκοῦν</strong></span> <span class='ocrx_word' id='word_1_51' title='bbox 1449 869 1461 881; x_wconf 67' lang='grc'><strong><em>⁸</em></strong></span> <span class='ocrx_word' id='word_1_52' title='bbox 1509 853 1594 905; x_wconf 81' lang='grc' dir='ltr'>ὅτι</span> <span class='ocrx_word' id='word_1_53' title='bbox 1624 845 1780 915; x_wconf 78' lang='grc' dir='ltr'>οὗτος</span> <span class='ocrx_word' id='word_1_54' title='bbox 1819 852 1975 906; x_wconf 80' lang='grc' dir='ltr'>ἔσται</span> 
     </span>
    </p>
   </div>
   <div class='ocr_carea' id='block_1_10' title="bbox 353 939 1968 1015">
    <p class='ocr_par' dir='ltr' id='par_1_10' title="bbox 353 939 1968 1015">
     <span class='ocr_line' id='line_1_10' title="bbox 353 939 1968 1015; baseline 0.002 -21"><span class='ocrx_word' id='word_1_55' title='bbox 353 941 595 1004; x_wconf 78' lang='grc' dir='ltr'>δυνατὸς</span> <span class='ocrx_word' id='word_1_56' title='bbox 645 942 705 993; x_wconf 86' lang='grc' dir='ltr'>ὲν</span> <span class='ocrx_word' id='word_1_57' title='bbox 751 939 1084 1012; x_wconf 81' lang='grc' dir='ltr'>ἀνθρώποις,</span> <span class='ocrx_word' id='word_1_58' title='bbox 1137 942 1233 996; x_wconf 73' lang='grc' dir='ltr'>καὶ</span> <span class='ocrx_word' id='word_1_59' title='bbox 1287 943 1560 1015; x_wconf 82' lang='grc' dir='ltr'>ὲνισχύσει</span> <span class='ocrx_word' id='word_1_60' title='bbox 1615 943 1758 1015; x_wconf 75' lang='grc' dir='ltr'>μετὰ</span> <span class='ocrx_word' id='word_1_61' title='bbox 1813 944 1968 998; x_wconf 82' lang='grc' dir='ltr'>Θεοῦ.</span> 
     </span>
    </p>
   </div>
   <div class='ocr_carea' id='block_1_11' title="bbox 353 1031 1974 1106">
    <p class='ocr_par' dir='ltr' id='par_1_11' title="bbox 353 1031 1974 1106">
     <span class='ocr_line' id='line_1_11' title="bbox 353 1031 1974 1106; baseline 0.004 -22"><span class='ocrx_word' id='word_1_62' title='bbox 353 1031 585 1087; x_wconf 75' lang='grc' dir='ltr'>οὐκοῦν</span> <span class='ocrx_word' id='word_1_63' title='bbox 621 1031 928 1103; x_wconf 82' lang='grc' dir='ltr'>ηὐλόγηται</span> <span class='ocrx_word' id='word_1_64' title='bbox 967 1033 1068 1103; x_wconf 78' lang='grc' dir='ltr'><strong>μὲν</strong></span> <span class='ocrx_word' id='word_1_65' title='bbox 1098 1035 1127 1087; x_wconf 98' lang='lat'><strong>6</strong></span> <span class='ocrx_word' id='word_1_66' title='bbox 1156 1033 1446 1099; x_wconf 77' lang='grc' dir='ltr'><strong>θεσπέσιος</strong></span> <span class='ocrx_word' id='word_1_67' title='bbox 1473 1035 1693 1100; x_wconf 75' lang='grc' dir='ltr'>Ἰακὼϐ,</span> <span class='ocrx_word' id='word_1_68' title='bbox 1718 1035 1974 1106; x_wconf 88' lang='grc' dir='ltr'>προσελι-</span> 
     </span>
    </p>
   </div>
   <div class='ocr_carea' id='block_1_12' title="bbox 357 1126 1976 1199">
    <p class='ocr_par' dir='ltr' id='par_1_12' title="bbox 357 1126 1976 1199">
     <span class='ocr_line' id='line_1_12' title="bbox 357 1126 1976 1199; baseline 0.002 -20"><span class='ocrx_word' id='word_1_69' title='bbox 357 1126 538 1197; x_wconf 80' lang='grc' dir='ltr'><strong>πάρει</strong></span> <span class='ocrx_word' id='word_1_70' title='bbox 568 1127 627 1179; x_wconf 78' lang='grc' dir='ltr'>δὲ</span> <span class='ocrx_word' id='word_1_71' title='bbox 659 1126 857 1193; x_wconf 81' lang='grc' dir='ltr'>λέγων·</span> <span class='ocrx_word' id='word_1_72' title='bbox 904 1145 922 1178; x_wconf 80' lang='grc' dir='ltr'><strong>ι</strong></span> <span class='ocrx_word' id='word_1_73' title='bbox 956 1127 1308 1196; x_wconf 75' lang='grc' dir='ltr'>Ἀνάγγειλόν</span> <span class='ocrx_word' id='word_1_74' title='bbox 1352 1146 1442 1199; x_wconf 89' lang='grc' dir='ltr'><strong>μοι</strong></span> <span class='ocrx_word' id='word_1_75' title='bbox 1483 1128 1661 1198; x_wconf 76' lang='grc' dir='ltr'>ὄνομα</span> <span class='ocrx_word' id='word_1_76' title='bbox 1693 1146 1811 1182; x_wconf 86' lang='grc' dir='ltr'>σου.</span> <span class='ocrx_word' id='word_1_77' title='bbox 1863 1130 1976 1182; x_wconf 72' lang='grc' dir='ltr'><strong>Καὶ</strong></span> 
     </span>
    </p>
   </div>
   <div class='ocr_carea' id='block_1_13' title="bbox 353 1213 1968 1293">
    <p class='ocr_par' dir='ltr' id='par_1_13' title="bbox 353 1213 1968 1293">
     <span class='ocr_line' id='line_1_13' title="bbox 353 1213 1968 1293; baseline 0.001 -23"><span class='ocrx_word' id='word_1_78' title='bbox 353 1213 513 1280; x_wconf 75' lang='grc' dir='ltr'>εἶπε,</span> <span class='ocrx_word' id='word_1_79' title='bbox 539 1219 708 1288; x_wconf 82' lang='grc' dir='ltr'>φησίν</span> <span class='ocrx_word' id='word_1_80' title='bbox 726 1235 740 1247; x_wconf 85' lang='grc'><strong>·</strong></span> <span class='ocrx_word' id='word_1_81' title='bbox 774 1218 892 1272; x_wconf 88' lang='grc' dir='ltr'><strong>Ἱνα</strong></span> <span class='ocrx_word' id='word_1_82' title='bbox 914 1219 967 1272; x_wconf 88' lang='grc' dir='ltr'><strong>τί</strong></span> <span class='ocrx_word' id='word_1_83' title='bbox 996 1219 1158 1273; x_wconf 87' lang='grc' dir='ltr'>τοῦτο</span> <span class='ocrx_word' id='word_1_84' title='bbox 1184 1221 1396 1292; x_wconf 75' lang='grc' dir='ltr'>ἐρωτᾷς</span> <span class='ocrx_word' id='word_1_85' title='bbox 1415 1221 1480 1274; x_wconf 82' lang='grc' dir='ltr'>σὺ</span> <span class='ocrx_word' id='word_1_86' title='bbox 1509 1221 1572 1275; x_wconf 85' lang='grc' dir='ltr'><strong>τὸ</strong></span> <span class='ocrx_word' id='word_1_87' title='bbox 1597 1221 1774 1293; x_wconf 73' lang='grc' dir='ltr'>ὄνομά</span> <span class='ocrx_word' id='word_1_88' title='bbox 1801 1239 1902 1292; x_wconf 89' lang='grc' dir='ltr'><strong>μου</strong></span> <span class='ocrx_word' id='word_1_89' title='bbox 1922 1238 1968 1286; x_wconf 81' lang='grc' dir='ltr'>;ι</span> 
     </span>
    </p>
   </div>
   <div class='ocr_carea' id='block_1_14' title="bbox 353 1310 1974 1384">
    <p class='ocr_par' dir='ltr' id='par_1_14' title="bbox 353 1310 1974 1384">
     <span class='ocr_line' id='line_1_14' title="bbox 353 1310 1974 1384; baseline 0.004 -24"><span class='ocrx_word' id='word_1_90' title='bbox 353 1311 480 1364; x_wconf 81' lang='grc' dir='ltr'>Οὐκ</span> <span class='ocrx_word' id='word_1_91' title='bbox 526 1310 870 1380; x_wconf 71' lang='grc' dir='ltr'>ἀπαγγέλλει</span> <span class='ocrx_word' id='word_1_92' title='bbox 916 1311 977 1365; x_wconf 82' lang='grc' dir='ltr'>δὲ</span> <span class='ocrx_word' id='word_1_93' title='bbox 1011 1310 1256 1382; x_wconf 76' lang='grc' dir='ltr'>τοῦνομα</span> <span class='ocrx_word' id='word_1_94' title='bbox 1293 1312 1447 1378; x_wconf 78' lang='grc' dir='ltr'>Θεὸς,</span> <span class='ocrx_word' id='word_1_95' title='bbox 1495 1313 1579 1367; x_wconf 83' lang='grc' dir='ltr'>ὃτι</span> <span class='ocrx_word' id='word_1_96' title='bbox 1627 1314 1769 1368; x_wconf 87' lang='grc' dir='ltr'>κατὰ</span> <span class='ocrx_word' id='word_1_97' title='bbox 1810 1315 1974 1384; x_wconf 83' lang='grc' dir='ltr'>φύσιν</span> 
     </span>
    </p>
   </div>
   <div class='ocr_carea' id='block_1_15' title="bbox 353 1403 1975 1480">
    <p class='ocr_par' dir='ltr' id='par_1_15' title="bbox 353 1403 1975 1480">
     <span class='ocr_line' id='line_1_15' title="bbox 353 1403 1975 1480; baseline 0.003 -25"><span class='ocrx_word' id='word_1_98' title='bbox 353 1404 503 1467; x_wconf 71' lang='grc' dir='ltr'>ἐστὶ,</span> <span class='ocrx_word' id='word_1_99' title='bbox 542 1405 642 1456; x_wconf 69' lang='grc' dir='ltr'>καὶ</span> <span class='ocrx_word' id='word_1_100' title='bbox 687 1403 777 1457; x_wconf 89' lang='grc' dir='ltr'><strong>διά</strong></span> <span class='ocrx_word' id='word_1_101' title='bbox 821 1403 1016 1457; x_wconf 76' lang='grc' dir='ltr'>τοῦτου</span> <span class='ocrx_word' id='word_1_102' title='bbox 1066 1404 1304 1468; x_wconf 80' lang='grc' dir='ltr'>δεικνύς.</span> <span class='ocrx_word' id='word_1_103' title='bbox 1360 1407 1572 1477; x_wconf 86' lang='grc' dir='ltr'>Ὄνομα</span> <span class='ocrx_word' id='word_1_104' title='bbox 1621 1407 1722 1478; x_wconf 81' lang='grc' dir='ltr'>μὲν</span> <span class='ocrx_word' id='word_1_105' title='bbox 1764 1407 1874 1480; x_wconf 85' lang='grc' dir='ltr'>γὰρ</span> <span class='ocrx_word' id='word_1_106' title='bbox 1897 1407 1975 1471; x_wconf 85' lang='grc' dir='ltr'>ὡς</span> 
     </span>
    </p>
   </div>
   <div class='ocr_carea' id='block_1_16' title="bbox 352 1493 1974 1571">
    <p class='ocr_par' dir='ltr' id='par_1_16' title="bbox 352 1493 1974 1571">
     <span class='ocr_line' id='line_1_16' title="bbox 352 1493 1974 1571; baseline 0.001 -21"><span class='ocrx_word' id='word_1_107' title='bbox 352 1495 646 1567; x_wconf 79' lang='grc' dir='ltr'><strong>ἀνθρώπῳ</strong></span> <span class='ocrx_word' id='word_1_108' title='bbox 670 1496 834 1567; x_wconf 79' lang='grc' dir='ltr'>τυχὸν</span> <span class='ocrx_word' id='word_1_109' title='bbox 861 1496 1046 1560; x_wconf 86' lang='grc' dir='ltr'>ίδικῶς</span> <span class='ocrx_word' id='word_1_110' title='bbox 1075 1497 1231 1551; x_wconf 82' lang='grc' dir='ltr'>οὐδὲν</span> <span class='ocrx_word' id='word_1_111' title='bbox 1259 1499 1326 1552; x_wconf 78' lang='grc' dir='ltr'>ἂν</span> <span class='ocrx_word' id='word_1_112' title='bbox 1350 1499 1435 1571; x_wconf 75' lang='grc' dir='ltr'>εἴη</span> <span class='ocrx_word' id='word_1_113' title='bbox 1463 1497 1608 1570; x_wconf 85' lang='grc' dir='ltr'><strong>Θεῷ·</strong></span> <span class='ocrx_word' id='word_1_114' title='bbox 1647 1499 1789 1571; x_wconf 82' lang='grc' dir='ltr'>πλὴν</span> <span class='ocrx_word' id='word_1_115' title='bbox 1808 1501 1868 1566; x_wconf 75' lang='grc' dir='ltr'><strong>ἐξ</strong></span> <span class='ocrx_word' id='word_1_116' title='bbox 1897 1493 1974 1554; x_wconf 80' lang='grc' dir='ltr'>ὧν</span> 
     </span>
    </p>
   </div>
   <div class='ocr_carea' id='block_1_17' title="bbox 352 1584 1974 1663">
    <p class='ocr_par' dir='ltr' id='par_1_17' title="bbox 352 1584 1974 1663">
     <span class='ocr_line' id='line_1_17' title="bbox 352 1584 1974 1663; baseline 0.002 -21"><span class='ocrx_word' id='word_1_117' title='bbox 352 1584 506 1642; x_wconf 76' lang='grc' dir='ltr'>εἶναι</span> <span class='ocrx_word' id='word_1_118' title='bbox 545 1590 770 1658; x_wconf 82' lang='grc' dir='ltr'>πέφυκε</span> <span class='ocrx_word' id='word_1_119' title='bbox 817 1587 1110 1660; x_wconf 78' lang='grc' dir='ltr'><strong>πολλαχῶς</strong></span> <span class='ocrx_word' id='word_1_120' title='bbox 1147 1590 1499 1662; x_wconf 77' lang='grc' dir='ltr'>ὀνομάζεται.</span> <span class='ocrx_word' id='word_1_121' title='bbox 1533 1589 1664 1658; x_wconf 67' lang='grc' dir='ltr'><strong>Φῶς</strong></span> <span class='ocrx_word' id='word_1_122' title='bbox 1695 1592 1828 1663; x_wconf 80' lang='grc' dir='ltr'>γὰρ,</span> <span class='ocrx_word' id='word_1_123' title='bbox 1880 1593 1974 1646; x_wconf 76' lang='grc' dir='ltr'><strong>καὶ</strong></span> 
     </span>
    </p>
   </div>
   <div class='ocr_carea' id='block_1_18' title="bbox 351 1680 1971 1752">
    <p class='ocr_par' dir='ltr' id='par_1_18' title="bbox 351 1680 1971 1752">
     <span class='ocr_line' id='line_1_18' title="bbox 351 1680 1971 1752; baseline 0.001 -17"><span class='ocrx_word' id='word_1_124' title='bbox 351 1680 496 1750; x_wconf 72' lang='grc' dir='ltr'><strong>ζωὴ,</strong></span> <span class='ocrx_word' id='word_1_125' title='bbox 518 1680 616 1734; x_wconf 71' lang='grc' dir='ltr'>καὶ</span> <span class='ocrx_word' id='word_1_126' title='bbox 630 1680 914 1750; x_wconf 75' lang='grc' dir='ltr'>δύναμις,</span> <span class='ocrx_word' id='word_1_127' title='bbox 945 1682 1040 1734; x_wconf 81' lang='grc' dir='ltr'>καὶ</span> <span class='ocrx_word' id='word_1_128' title='bbox 1059 1680 1334 1748; x_wconf 74' lang='grc' dir='ltr'>ἀλήθεια,</span> <span class='ocrx_word' id='word_1_129' title='bbox 1360 1683 1720 1752; x_wconf 76' lang='grc' dir='ltr'>μονογενὴς,</span> <span class='ocrx_word' id='word_1_130' title='bbox 1747 1684 1842 1738; x_wconf 78' lang='grc' dir='ltr'>καὶ</span> <span class='ocrx_word' id='word_1_131' title='bbox 1855 1684 1971 1739; x_wconf 74' lang='grc' dir='ltr'><strong>ἁπ-</strong></span> 
     </span>
    </p>
   </div>
   <div class='ocr_carea' id='block_1_19' title="bbox 350 1774 1965 1847">
    <p class='ocr_par' dir='ltr' id='par_1_19' title="bbox 350 1774 1965 1847">
     <span class='ocr_line' id='line_1_19' title="bbox 350 1774 1965 1847; baseline 0.006 -22"><span class='ocrx_word' id='word_1_132' title='bbox 350 1776 676 1846; x_wconf 76' lang='grc' dir='ltr'>σύγασμα,</span> <span class='ocrx_word' id='word_1_133' title='bbox 709 1774 806 1826; x_wconf 77' lang='grc' dir='ltr'>καὶ</span> <span class='ocrx_word' id='word_1_134' title='bbox 831 1774 1145 1845; x_wconf 78' lang='grc' dir='ltr'>χαρακτὴρ</span> <span class='ocrx_word' id='word_1_135' title='bbox 1175 1775 1282 1830; x_wconf 80' lang='grc' dir='ltr'><strong>τοῦ</strong></span> <span class='ocrx_word' id='word_1_136' title='bbox 1310 1775 1748 1846; x_wconf 75' lang='grc' dir='ltr'><strong>γεννήσαντος,</strong></span> <span class='ocrx_word' id='word_1_137' title='bbox 1768 1779 1965 1847; x_wconf 74' lang='grc' dir='ltr'>ἕλεος,</span> 
     </span>
    </p>
   </div>
   <div class='ocr_carea' id='block_1_20' title="bbox 352 1855 2044 1938">
    <p class='ocr_par' dir='ltr' id='par_1_20' title="bbox 352 1855 2044 1938">
     <span class='ocr_line' id='line_1_20' title="bbox 352 1855 2044 1938; baseline 0.002 -18"><span class='ocrx_word' id='word_1_138' title='bbox 352 1869 450 1920; x_wconf 72' lang='grc' dir='ltr'>καὶ</span> <span class='ocrx_word' id='word_1_139' title='bbox 513 1867 731 1936; x_wconf 63' lang='grc' dir='ltr'>σοφία,</span> <span class='ocrx_word' id='word_1_140' title='bbox 787 1867 884 1920; x_wconf 56' lang='grc' dir='ltr'><strong>καὶ¹</strong></span> <span class='ocrx_word' id='word_1_141' title='bbox 941 1865 1323 1935; x_wconf 75' lang='grc' dir='ltr'><strong>δικαιοσύνη,</strong></span> <span class='ocrx_word' id='word_1_142' title='bbox 1371 1868 1468 1921; x_wconf 75' lang='grc' dir='ltr'>καὶ</span> <span class='ocrx_word' id='word_1_143' title='bbox 1516 1868 1963 1938; x_wconf 72' lang='grc' dir='ltr'><strong>ἀπολύτρωσις.</strong></span> <span class='ocrx_word' id='word_1_144' title='bbox 2000 1855 2044 1912; x_wconf 75' lang='grc' dir='ltr'><strong><em>Β</em></strong></span> 
     </span>
    </p>
   </div>
   <div class='ocr_carea' id='block_1_21' title="bbox 353 1957 1972 2031">
    <p class='ocr_par' dir='ltr' id='par_1_21' title="bbox 353 1957 1972 2031">
     <span class='ocr_line' id='line_1_21' title="bbox 353 1957 1972 2031; baseline 0.004 -20"><span class='ocrx_word' id='word_1_145' title='bbox 353 1959 578 2022; x_wconf 79' lang='grc' dir='ltr'>Συνιεὶς</span> <span class='ocrx_word' id='word_1_146' title='bbox 602 1957 660 2011; x_wconf 73' lang='grc' dir='ltr'>δὲ</span> <span class='ocrx_word' id='word_1_147' title='bbox 682 1957 748 2029; x_wconf 77' lang='grc' dir='ltr'>δὴ</span> <span class='ocrx_word' id='word_1_148' title='bbox 786 1957 955 2012; x_wconf 81' lang='grc' dir='ltr'>πάλιν</span> <span class='ocrx_word' id='word_1_149' title='bbox 981 1959 1012 2012; x_wconf 88' lang='lat'><strong>6</strong></span> <span class='ocrx_word' id='word_1_150' title='bbox 1035 1960 1310 2031; x_wconf 80' lang='grc' dir='ltr'>μακάριος</span> <span class='ocrx_word' id='word_1_151' title='bbox 1354 1959 1578 2025; x_wconf 78' lang='grc' dir='ltr'>Ἰακὼϐ,</span> <span class='ocrx_word' id='word_1_152' title='bbox 1611 1962 1694 2016; x_wconf 79' lang='grc' dir='ltr'>ὅτι</span> <span class='ocrx_word' id='word_1_153' title='bbox 1734 1961 1870 2028; x_wconf 83' lang='grc' dir='ltr'>Θεὸς</span> <span class='ocrx_word' id='word_1_154' title='bbox 1902 1963 1972 2018; x_wconf 79' lang='grc' dir='ltr'><strong>ἂν</strong></span> 
     </span>
    </p>
   </div>
   <div class='ocr_carea' id='block_1_22' title="bbox 352 2044 1973 2122">
    <p class='ocr_par' dir='ltr' id='par_1_22' title="bbox 352 2044 1973 2122">
     <span class='ocr_line' id='line_1_22' title="bbox 352 2044 1973 2122; baseline 0.005 -20"><span class='ocrx_word' id='word_1_155' title='bbox 352 2051 438 2120; x_wconf 76' lang='grc' dir='ltr'>εἴη</span> <span class='ocrx_word' id='word_1_156' title='bbox 461 2049 680 2112; x_wconf 79' lang='grc' dir='ltr'>λοιπὸν,</span> <span class='ocrx_word' id='word_1_157' title='bbox 697 2044 742 2117; x_wconf 82' lang='grc' dir='ltr'>ᾧ</span> <span class='ocrx_word' id='word_1_158' title='bbox 763 2050 935 2120; x_wconf 74' lang='grc' dir='ltr'>μηδὲν</span> <span class='ocrx_word' id='word_1_159' title='bbox 962 2050 1138 2118; x_wconf 77' lang='grc' dir='ltr'>ὄνομα</span> <span class='ocrx_word' id='word_1_160' title='bbox 1169 2052 1494 2122; x_wconf 80' lang='grc' dir='ltr'>προσκέοιτο</span> <span class='ocrx_word' id='word_1_161' title='bbox 1517 2053 1584 2106; x_wconf 84' lang='grc' dir='ltr'><strong>ἂν</strong></span> <span class='ocrx_word' id='word_1_162' title='bbox 1613 2053 1819 2118; x_wconf 81' lang='grc' dir='ltr'>ἰδικῶς,</span> <span class='ocrx_word' id='word_1_163' title='bbox 1847 2054 1973 2110; x_wconf 74' lang='grc' dir='ltr'><strong>ἑκά-</strong></span> 
     </span>
    </p>
   </div>
   <div class='ocr_carea' id='block_1_23' title="bbox 355 2138 1970 2214">
    <p class='ocr_par' dir='ltr' id='par_1_23' title="bbox 355 2138 1970 2214">
     <span class='ocr_line' id='line_1_23' title="bbox 355 2138 1970 2214; baseline 0.002 -19"><span class='ocrx_word' id='word_1_164' title='bbox 355 2143 477 2195; x_wconf 85' lang='grc' dir='ltr'>λεσε</span> <span class='ocrx_word' id='word_1_165' title='bbox 512 2142 780 2214; x_wconf 70' lang='grc' dir='ltr'>τὸόνομα</span> <span class='ocrx_word' id='word_1_166' title='bbox 820 2141 916 2196; x_wconf 82' lang='grc' dir='ltr'><strong>τοῦ</strong></span> <span class='ocrx_word' id='word_1_167' title='bbox 943 2142 1114 2196; x_wconf 83' lang='grc' dir='ltr'>τόπου</span> <span class='ocrx_word' id='word_1_168' title='bbox 1141 2144 1378 2209; x_wconf 75' lang='grc' dir='ltr'>ἐκείνου,</span> <span class='ocrx_word' id='word_1_169' title='bbox 1410 2163 1428 2196; x_wconf 80' lang='grc' dir='ltr'><strong>ι</strong></span> <span class='ocrx_word' id='word_1_170' title='bbox 1451 2138 1606 2208; x_wconf 73' lang='grc' dir='ltr'>Εἶδος</span> <span class='ocrx_word' id='word_1_171' title='bbox 1639 2144 1799 2198; x_wconf 87' lang='grc' dir='ltr'>Θεοῦ.</span> <span class='ocrx_word' id='word_1_172' title='bbox 1817 2140 1970 2200; x_wconf 83' lang='grc' dir='ltr'>Εἶδον</span> 
     </span>
    </p>
   </div>
   <div class='ocr_carea' id='block_1_24' title="bbox 352 2235 1968 2309">
    <p class='ocr_par' dir='ltr' id='par_1_24' title="bbox 352 2235 1968 2309">
     <span class='ocr_line' id='line_1_24' title="bbox 352 2235 1968 2309; baseline 0.004 -21"><span class='ocrx_word' id='word_1_173' title='bbox 352 2235 462 2307; x_wconf 73' lang='grc' dir='ltr'><strong>γὰρ</strong></span> <span class='ocrx_word' id='word_1_174' title='bbox 494 2235 635 2289; x_wconf 79' lang='grc' dir='ltr'>Θεὸν</span> <span class='ocrx_word' id='word_1_175' title='bbox 664 2237 961 2309; x_wconf 83' lang='grc' dir='ltr'>πρόσωπον</span> <span class='ocrx_word' id='word_1_176' title='bbox 987 2236 1126 2307; x_wconf 87' lang='grc' dir='ltr'>πρὸς</span> <span class='ocrx_word' id='word_1_177' title='bbox 1160 2237 1476 2306; x_wconf 86' lang='grc' dir='ltr'>πρόσωπον,</span> <span class='ocrx_word' id='word_1_178' title='bbox 1511 2240 1667 2309; x_wconf 70' lang='grc' dir='ltr'>φησι,</span> <span class='ocrx_word' id='word_1_179' title='bbox 1703 2241 1800 2294; x_wconf 72' lang='grc' dir='ltr'>καὶ</span> <span class='ocrx_word' id='word_1_180' title='bbox 1827 2241 1968 2295; x_wconf 68' lang='grc' dir='ltr'><strong>ἰσώ-</strong></span> 
     </span>
    </p>
   </div>
   <div class='ocr_carea' id='block_1_25' title="bbox 353 2326 1966 2406">
    <p class='ocr_par' dir='ltr' id='par_1_25' title="bbox 353 2326 1966 2406">
     <span class='ocr_line' id='line_1_25' title="bbox 353 2326 1966 2406; baseline 0.002 -24"><span class='ocrx_word' id='word_1_181' title='bbox 353 2330 420 2399; x_wconf 83' lang='grc' dir='ltr'>θη</span> <span class='ocrx_word' id='word_1_182' title='bbox 443 2331 480 2400; x_wconf 79' lang='grc' dir='ltr'><strong>ἡ</strong></span> <span class='ocrx_word' id='word_1_183' title='bbox 501 2329 655 2400; x_wconf 69' lang='grc' dir='ltr'>ψυχή</span> <span class='ocrx_word' id='word_1_184' title='bbox 684 2347 811 2401; x_wconf 86' lang='grc' dir='ltr'>μου,</span> <span class='ocrx_word' id='word_1_185' title='bbox 834 2349 852 2380; x_wconf 80' lang='grc' dir='ltr'><strong>ι</strong></span> <span class='ocrx_word' id='word_1_186' title='bbox 889 2329 1082 2400; x_wconf 79' lang='grc' dir='ltr'>Ἀθρει</span> <span class='ocrx_word' id='word_1_187' title='bbox 1101 2329 1168 2402; x_wconf 82' lang='grc' dir='ltr'>δὴ</span> <span class='ocrx_word' id='word_1_188' title='bbox 1184 2326 1278 2385; x_wconf 78' lang='grc' dir='ltr'>οὖν</span> <span class='ocrx_word' id='word_1_189' title='bbox 1296 2331 1448 2394; x_wconf 79' lang='grc' dir='ltr'>ὅπως</span> <span class='ocrx_word' id='word_1_190' title='bbox 1476 2332 1701 2401; x_wconf 83' lang='grc' dir='ltr'>γέγονεν</span> <span class='ocrx_word' id='word_1_191' title='bbox 1725 2334 1966 2406; x_wconf 79' lang='grc' dir='ltr'>Ἰσραὴλ,</span> 
     </span>
    </p>
   </div>
   <div class='ocr_carea' id='block_1_26' title="bbox 351 2419 1965 2498">
    <p class='ocr_par' dir='ltr' id='par_1_26' title="bbox 351 2419 1965 2498">
     <span class='ocr_line' id='line_1_26' title="bbox 351 2419 1965 2498; baseline 0.004 -27"><span class='ocrx_word' id='word_1_192' title='bbox 351 2419 631 2482; x_wconf 82' lang='grc' dir='ltr'>τουτέστι,</span> <span class='ocrx_word' id='word_1_193' title='bbox 664 2419 818 2474; x_wconf 83' lang='grc' dir='ltr'><strong>Θεὸν</strong></span> <span class='ocrx_word' id='word_1_194' title='bbox 845 2420 1024 2489; x_wconf 80' lang='grc' dir='ltr'>ὀρῶν.</span> <span class='ocrx_word' id='word_1_195' title='bbox 1046 2421 1365 2492; x_wconf 79' lang='grc' dir='ltr'><strong>Ἀνθρώπου</strong></span> <span class='ocrx_word' id='word_1_196' title='bbox 1391 2423 1741 2488; x_wconf 78' lang='grc' dir='ltr'>παλαίοντος,</span> <span class='ocrx_word' id='word_1_197' title='bbox 1794 2425 1965 2498; x_wconf 78' lang='grc' dir='ltr'>ἑώρα,</span> 
     </span>
    </p>
   </div>
   <div class='ocr_carea' id='block_1_27' title="bbox 349 2513 1966 2588">
    <p class='ocr_par' dir='ltr' id='par_1_27' title="bbox 349 2513 1966 2588">
     <span class='ocr_line' id='line_1_27' title="bbox 349 2513 1966 2588; baseline 0.006 -23"><span class='ocrx_word' id='word_1_198' title='bbox 349 2513 514 2583; x_wconf 67' lang='grc' dir='ltr'>φησι,</span> <span class='ocrx_word' id='word_1_199' title='bbox 560 2513 651 2567; x_wconf 81' lang='grc' dir='ltr'><strong>τὸν</strong></span> <span class='ocrx_word' id='word_1_200' title='bbox 690 2514 826 2570; x_wconf 79' lang='grc' dir='ltr'>Θεὸν</span> <span class='ocrx_word' id='word_1_201' title='bbox 860 2515 1158 2588; x_wconf 83' lang='grc' dir='ltr'>πρόσωπον</span> <span class='ocrx_word' id='word_1_202' title='bbox 1190 2516 1332 2588; x_wconf 89' lang='grc' dir='ltr'>πρὸς</span> <span class='ocrx_word' id='word_1_203' title='bbox 1378 2519 1690 2588; x_wconf 87' lang='grc' dir='ltr'>πρόσωπον,</span> <span class='ocrx_word' id='word_1_204' title='bbox 1742 2520 1839 2574; x_wconf 74' lang='grc' dir='ltr'>καὶ</span> <span class='ocrx_word' id='word_1_205' title='bbox 1874 2537 1966 2574; x_wconf 84' lang='grc' dir='ltr'>σε·</span> 
     </span>
    </p>
   </div>
   <div class='ocr_carea' id='block_1_28' title="bbox 355 2605 1964 2685">
    <p class='ocr_par' dir='ltr' id='par_1_28' title="bbox 355 2605 1964 2685">
     <span class='ocr_line' id='line_1_28' title="bbox 355 2605 1964 2685; baseline 0.006 -27"><span class='ocrx_word' id='word_1_206' title='bbox 355 2605 574 2659; x_wconf 81' lang='grc' dir='ltr'>σῶσοαι</span> <span class='ocrx_word' id='word_1_207' title='bbox 634 2607 737 2677; x_wconf 83' lang='grc' dir='ltr'><strong>τὴν</strong></span> <span class='ocrx_word' id='word_1_208' title='bbox 785 2607 984 2662; x_wconf 72' lang='grc' dir='ltr'>ἑαυτοῦ</span> <span class='ocrx_word' id='word_1_209' title='bbox 1033 2607 1236 2681; x_wconf 75' lang='grc' dir='ltr'>ψυχήν.</span> <span class='ocrx_word' id='word_1_210' title='bbox 1278 2609 1344 2664; x_wconf 87' lang='grc' dir='ltr'><strong>Ἦ</strong></span> <span class='ocrx_word' id='word_1_211' title='bbox 1396 2610 1507 2682; x_wconf 85' lang='grc' dir='ltr'><strong>γάρ</strong></span> <span class='ocrx_word' id='word_1_212' title='bbox 1561 2629 1644 2665; x_wconf 88' lang='grc' dir='ltr'><strong>τοι</strong></span> <span class='ocrx_word' id='word_1_213' title='bbox 1687 2611 1891 2682; x_wconf 84' lang='grc' dir='ltr'>γνῶσις</span> <span class='ocrx_word' id='word_1_214' title='bbox 1931 2615 1964 2685; x_wconf 83' lang='grc' dir='ltr'>ἡ</span> 
     </span>
    </p>
   </div>
   <div class='ocr_carea' id='block_1_29' title="bbox 352 2697 1966 2774">
    <p class='ocr_par' dir='ltr' id='par_1_29' title="bbox 352 2697 1966 2774">
     <span class='ocr_line' id='line_1_29' title="bbox 352 2697 1966 2774; baseline 0.006 -26"><span class='ocrx_word' id='word_1_215' title='bbox 352 2697 448 2749; x_wconf 75' lang='grc' dir='ltr'><strong>ἐπὶ</strong></span> <span class='ocrx_word' id='word_1_216' title='bbox 483 2698 735 2769; x_wconf 80' lang='grc' dir='ltr'>Χριστῷ,</span> <span class='ocrx_word' id='word_1_217' title='bbox 781 2699 978 2771; x_wconf 80' lang='grc' dir='ltr'>χρῆμά</span> <span class='ocrx_word' id='word_1_218' title='bbox 1011 2700 1132 2752; x_wconf 80' lang='grc' dir='ltr'>ἐστι</span> <span class='ocrx_word' id='word_1_219' title='bbox 1191 2701 1483 2773; x_wconf 86' lang='grc' dir='ltr'>σωτήριον.</span> <span class='ocrx_word' id='word_1_220' title='bbox 1540 2700 1675 2766; x_wconf 79' lang='grc' dir='ltr'>Θεὸς</span> <span class='ocrx_word' id='word_1_221' title='bbox 1719 2698 1815 2756; x_wconf 86' lang='grc' dir='ltr'><strong>οῦν</strong></span> <span class='ocrx_word' id='word_1_222' title='bbox 1855 2704 1966 2774; x_wconf 81' lang='grc' dir='ltr'><strong>ἀρα</strong></span> 
     </span>
    </p>
   </div>
   <div class='ocr_carea' id='block_1_30' title="bbox 352 2790 1965 2868">
    <p class='ocr_par' dir='ltr' id='par_1_30' title="bbox 352 2790 1965 2868">
     <span class='ocr_line' id='line_1_30' title="bbox 352 2790 1965 2868; baseline 0.004 -24"><span class='ocrx_word' id='word_1_223' title='bbox 352 2791 450 2844; x_wconf 77' lang='grc' dir='ltr'>καὶ</span> <span class='ocrx_word' id='word_1_224' title='bbox 473 2790 618 2861; x_wconf 80' lang='grc' dir='ltr'><strong>μετά</strong></span> <span class='ocrx_word' id='word_1_225' title='bbox 654 2792 862 2863; x_wconf 83' lang='grc' dir='ltr'>σαρκὸς</span> <span class='ocrx_word' id='word_1_226' title='bbox 890 2794 920 2846; x_wconf 91' lang='lat'><strong>6</strong></span> <span class='ocrx_word' id='word_1_227' title='bbox 941 2792 1136 2863; x_wconf 85' lang='grc' dir='ltr'><strong>Λόγος.</strong></span> <span class='ocrx_word' id='word_1_228' title='bbox 1165 2793 1302 2847; x_wconf 80' lang='grc' dir='ltr'>Θεὸν</span> <span class='ocrx_word' id='word_1_229' title='bbox 1326 2793 1436 2866; x_wconf 85' lang='grc' dir='ltr'><strong>γὰρ</strong></span> <span class='ocrx_word' id='word_1_230' title='bbox 1474 2795 1785 2867; x_wconf 80' lang='grc' dir='ltr'>ἑωρακέναι</span> <span class='ocrx_word' id='word_1_231' title='bbox 1826 2798 1965 2868; x_wconf 77' lang='grc' dir='ltr'>φησι</span> 
     </span>
    </p>
   </div>
   <div class='ocr_carea' id='block_1_31' title="bbox 352 2883 1959 2958">
    <p class='ocr_par' dir='ltr' id='par_1_31' title="bbox 352 2883 1959 2958">
     <span class='ocr_line' id='line_1_31' title="bbox 352 2883 1959 2958; baseline 0.005 -22"><span class='ocrx_word' id='word_1_232' title='bbox 352 2883 653 2954; x_wconf 85' lang='grc' dir='ltr'>πρόσωπον</span> <span class='ocrx_word' id='word_1_233' title='bbox 709 2883 850 2956; x_wconf 88' lang='grc' dir='ltr'>πρὸς</span> <span class='ocrx_word' id='word_1_234' title='bbox 902 2883 1200 2956; x_wconf 84' lang='grc' dir='ltr'>πρόσωπον</span> <span class='ocrx_word' id='word_1_235' title='bbox 1251 2887 1280 2939; x_wconf 90' lang='lat'><strong>6</strong></span> <span class='ocrx_word' id='word_1_236' title='bbox 1337 2885 1686 2958; x_wconf 80' lang='grc' dir='ltr'>πατριάρχης</span> <span class='ocrx_word' id='word_1_237' title='bbox 1739 2887 1959 2946; x_wconf 81' lang='grc' dir='ltr'>Ἰακώϐ.</span> 
     </span>
    </p>
   </div>
   <div class='ocr_carea' id='block_1_32' title="bbox 349 2974 1963 3051">
    <p class='ocr_par' dir='ltr' id='par_1_32' title="bbox 349 2974 1963 3051">
     <span class='ocr_line' id='line_1_32' title="bbox 349 2974 1963 3051; baseline 0.003 -22"><span class='ocrx_word' id='word_1_238' title='bbox 349 2974 778 3039; x_wconf 73' lang='grc' dir='ltr'>’Δνατείλαντος</span> <span class='ocrx_word' id='word_1_239' title='bbox 800 2976 856 3030; x_wconf 78' lang='grc' dir='ltr'>δὲ</span> <span class='ocrx_word' id='word_1_240' title='bbox 882 2976 979 3030; x_wconf 89' lang='grc' dir='ltr'><strong>τοῦ</strong></span> <span class='ocrx_word' id='word_1_241' title='bbox 1011 2977 1189 3048; x_wconf 80' lang='grc' dir='ltr'>ἡλίου,</span> <span class='ocrx_word' id='word_1_242' title='bbox 1215 2999 1232 3028; x_wconf 71' lang='grc' dir='ltr'><strong>ε</strong></span> <span class='ocrx_word' id='word_1_243' title='bbox 1256 2977 1530 3051; x_wconf 82' lang='grc' dir='ltr'>Παρῆλθε,</span> <span class='ocrx_word' id='word_1_244' title='bbox 1559 2980 1716 3048; x_wconf 71' lang='grc' dir='ltr'>φησι,</span> <span class='ocrx_word' id='word_1_245' title='bbox 1747 2980 1809 3034; x_wconf 85' lang='grc' dir='ltr'><strong>τὸ</strong></span> <span class='ocrx_word' id='word_1_246' title='bbox 1824 2977 1963 3046; x_wconf 71' lang='grc' dir='ltr'>εἶδος</span> 
     </span>
    </p>
   </div>
   <div class='ocr_carea' id='block_1_33' title="bbox 350 3067 1962 3146">
    <p class='ocr_par' dir='ltr' id='par_1_33' title="bbox 350 3067 1962 3146">
     <span class='ocr_line' id='line_1_33' title="bbox 350 3067 1962 3146; baseline 0.004 -25"><span class='ocrx_word' id='word_1_247' title='bbox 350 3067 451 3122; x_wconf 86' lang='grc' dir='ltr'><strong>τοῦ</strong></span> <span class='ocrx_word' id='word_1_248' title='bbox 492 3068 635 3123; x_wconf 90' lang='grc' dir='ltr'>Θεοῦ</span> <span class='ocrx_word' id='word_1_249' title='bbox 657 3086 669 3099; x_wconf 89' lang='grc'><strong>·</strong></span> <span class='ocrx_word' id='word_1_250' title='bbox 719 3069 886 3133; x_wconf 82' lang='grc' dir='ltr'>αὐτὸς</span> <span class='ocrx_word' id='word_1_251' title='bbox 929 3069 988 3124; x_wconf 78' lang='grc' dir='ltr'>δὲ</span> <span class='ocrx_word' id='word_1_252' title='bbox 1025 3069 1305 3135; x_wconf 79' lang='grc' dir='ltr'>ὲπέσκαζε</span> <span class='ocrx_word' id='word_1_253' title='bbox 1341 3071 1420 3144; x_wconf 82' lang='grc' dir='ltr'>τῷ</span> <span class='ocrx_word' id='word_1_254' title='bbox 1458 3071 1639 3144; x_wconf 83' lang='grc' dir='ltr'><strong>μηρῷ.</strong></span> <span class='ocrx_word' id='word_1_255' title='bbox 1669 3093 1688 3126; x_wconf 72' lang='grc' dir='ltr'><strong>ι</strong></span> <span class='ocrx_word' id='word_1_256' title='bbox 1737 3074 1828 3139; x_wconf 81' lang='grc' dir='ltr'>Ὠς</span> <span class='ocrx_word' id='word_1_257' title='bbox 1851 3075 1962 3146; x_wconf 91' lang='grc' dir='ltr'><strong>γάρ</strong></span> 
     </span>
    </p>
   </div>
   <div class='ocr_carea' id='block_1_34' title="bbox 349 3160 2035 3262">
    <p class='ocr_par' dir='ltr' id='par_1_34' title="bbox 349 3160 2035 3262">
     <span class='ocr_line' id='line_1_34' title="bbox 349 3160 2035 3262; baseline 0.001 -46"><span class='ocrx_word' id='word_1_258' title='bbox 349 3160 497 3234; x_wconf 69' lang='grc' dir='ltr'>ἔφην</span> <span class='ocrx_word' id='word_1_259' title='bbox 544 3161 672 3233; x_wconf 73' lang='grc' dir='ltr'>ἠδη,</span> <span class='ocrx_word' id='word_1_260' title='bbox 711 3161 1148 3233; x_wconf 78' lang='grc' dir='ltr'><strong>πεφωτισμένων</strong></span> <span class='ocrx_word' id='word_1_261' title='bbox 1180 3163 1292 3217; x_wconf 83' lang='grc' dir='ltr'><strong>τῶν</strong></span> <span class='ocrx_word' id='word_1_262' title='bbox 1333 3163 1627 3262; x_wconf 64' lang='grc' dir='ltr'>Ἰουδαίων,</span> <span class='ocrx_word' id='word_1_263' title='bbox 1677 3163 1962 3218; x_wconf 82' lang='grc' dir='ltr'>πέπαυται</span> <span class='ocrx_word' id='word_1_264' title='bbox 1992 3203 2035 3262; x_wconf 75' lang='lat' dir='ltr'>c</span> 
     </span>
    </p>
   </div>
   <div class='ocr_carea' id='block_1_35' title="bbox 353 3250 1963 3326">
    <p class='ocr_par' dir='ltr' id='par_1_35' title="bbox 353 3250 1963 3326">
     <span class='ocr_line' id='line_1_35' title="bbox 353 3250 1963 3326; baseline 0.004 -20"><span class='ocrx_word' id='word_1_265' title='bbox 353 3253 460 3326; x_wconf 75' lang='grc' dir='ltr'><strong>μὲν</strong></span> <span class='ocrx_word' id='word_1_266' title='bbox 494 3255 530 3326; x_wconf 78' lang='grc' dir='ltr'>ἡ</span> <span class='ocrx_word' id='word_1_267' title='bbox 580 3254 750 3325; x_wconf 83' lang='grc' dir='ltr'>πάλη.</span> <span class='ocrx_word' id='word_1_268' title='bbox 799 3253 1099 3326; x_wconf 82' lang='grc' dir='ltr'>Παρήλασε</span> <span class='ocrx_word' id='word_1_269' title='bbox 1143 3255 1202 3308; x_wconf 85' lang='grc' dir='ltr'>δὲ</span> <span class='ocrx_word' id='word_1_270' title='bbox 1249 3255 1345 3310; x_wconf 70' lang='grc' dir='ltr'>καὶ</span> <span class='ocrx_word' id='word_1_271' title='bbox 1376 3255 1440 3308; x_wconf 88' lang='grc' dir='ltr'><strong>τὸ</strong></span> <span class='ocrx_word' id='word_1_272' title='bbox 1473 3250 1613 3319; x_wconf 86' lang='grc' dir='ltr'>εἶδος</span> <span class='ocrx_word' id='word_1_273' title='bbox 1665 3255 1765 3309; x_wconf 90' lang='grc' dir='ltr'><strong>τοῦ</strong></span> <span class='ocrx_word' id='word_1_274' title='bbox 1803 3256 1963 3324; x_wconf 82' lang='grc' dir='ltr'>Θεοῦ,</span> 
     </span>
    </p>
   </div>
   <div class='ocr_carea' id='block_1_36' title="bbox 349 3345 1966 3420">
    <p class='ocr_par' dir='ltr' id='par_1_36' title="bbox 349 3345 1966 3420">
     <span class='ocr_line' id='line_1_36' title="bbox 349 3345 1966 3420; baseline 0.001 -19"><span class='ocrx_word' id='word_1_275' title='bbox 349 3345 662 3412; x_wconf 71' lang='grc' dir='ltr'>τουτέστιν,</span> <span class='ocrx_word' id='word_1_276' title='bbox 697 3346 1048 3418; x_wconf 80' lang='grc' dir='ltr'>ἀναϐέϐηκεν</span> <span class='ocrx_word' id='word_1_277' title='bbox 1094 3349 1176 3411; x_wconf 84' lang='grc' dir='ltr'><strong>είς</strong></span> <span class='ocrx_word' id='word_1_278' title='bbox 1211 3347 1480 3419; x_wconf 84' lang='grc' dir='ltr'>οὐρανοὺς</span> <span class='ocrx_word' id='word_1_279' title='bbox 1504 3350 1534 3402; x_wconf 88' lang='grc' dir='ltr'>ὁ</span> <span class='ocrx_word' id='word_1_280' title='bbox 1559 3349 1813 3420; x_wconf 82' lang='grc' dir='ltr'>Χριστός.</span> <span class='ocrx_word' id='word_1_281' title='bbox 1852 3349 1966 3404; x_wconf 77' lang='grc' dir='ltr'>Οὐκ</span> 
     </span>
    </p>
   </div>
   <div class='ocr_carea' id='block_1_37' title="bbox 349 3438 1966 3514">
    <p class='ocr_par' dir='ltr' id='par_1_37' title="bbox 349 3438 1966 3514">
     <span class='ocr_line' id='line_1_37' title="bbox 349 3438 1966 3514; baseline 0 -19"><span class='ocrx_word' id='word_1_282' title='bbox 349 3439 712 3512; x_wconf 83' lang='grc' dir='ltr'>ἀπήλλακται</span> <span class='ocrx_word' id='word_1_283' title='bbox 743 3439 803 3492; x_wconf 75' lang='grc' dir='ltr'>δὲ</span> <span class='ocrx_word' id='word_1_284' title='bbox 848 3438 1158 3510; x_wconf 80' lang='grc' dir='ltr'>χωλότητος</span> <span class='ocrx_word' id='word_1_285' title='bbox 1187 3441 1217 3492; x_wconf 89' lang='lat'><strong>6</strong></span> <span class='ocrx_word' id='word_1_286' title='bbox 1251 3439 1495 3511; x_wconf 83' lang='grc' dir='ltr'>Ἰσραήλ.</span> <span class='ocrx_word' id='word_1_287' title='bbox 1543 3439 1820 3495; x_wconf 85' lang='grc' dir='ltr'>Σέσωσται</span> <span class='ocrx_word' id='word_1_288' title='bbox 1856 3441 1966 3514; x_wconf 67' lang='grc' dir='ltr'><strong>γὰρ</strong></span> 
     </span>
    </p>
   </div>
   <div class='ocr_carea' id='block_1_38' title="bbox 349 3522 1964 3605">
    <p class='ocr_par' dir='ltr' id='par_1_38' title="bbox 349 3522 1964 3605">
     <span class='ocr_line' id='line_1_38' title="bbox 349 3522 1964 3605; baseline 0.001 -17"><span class='ocrx_word' id='word_1_289' title='bbox 349 3533 454 3605; x_wconf 71' lang='grc' dir='ltr'>οὐχ</span> <span class='ocrx_word' id='word_1_290' title='bbox 498 3533 668 3596; x_wconf 76' lang='grc' dir='ltr'>ἅπας.</span> <span class='ocrx_word' id='word_1_291' title='bbox 713 3533 921 3604; x_wconf 81' lang='grc' dir='ltr'>Πάσχει</span> <span class='ocrx_word' id='word_1_292' title='bbox 955 3532 1013 3586; x_wconf 76' lang='grc' dir='ltr'>δὲ</span> <span class='ocrx_word' id='word_1_293' title='bbox 1050 3532 1244 3604; x_wconf 81' lang='grc' dir='ltr'>ὥσπερ</span> <span class='ocrx_word' id='word_1_294' title='bbox 1299 3522 1388 3588; x_wconf 67' lang='grc' dir='ltr'>διὰ</span> <span class='ocrx_word' id='word_1_295' title='bbox 1431 3532 1542 3587; x_wconf 82' lang='grc' dir='ltr'><strong>τῶν</strong></span> <span class='ocrx_word' id='word_1_296' title='bbox 1587 3534 1964 3589; x_wconf 85' lang='grc' dir='ltr'>ἀπειθούντων</span> 
     </span>
    </p>
   </div>
   <div class='ocr_carea' id='block_1_39' title="bbox 351 3622 1966 3695">
    <p class='ocr_par' dir='ltr' id='par_1_39' title="bbox 351 3622 1966 3695">
     <span class='ocr_line' id='line_1_39' title="bbox 351 3622 1966 3695; baseline 0.001 -19"><span class='ocrx_word' id='word_1_297' title='bbox 351 3625 450 3678; x_wconf 73' lang='grc' dir='ltr'><strong>ἐπὶ</strong></span> <span class='ocrx_word' id='word_1_298' title='bbox 485 3623 547 3677; x_wconf 86' lang='grc' dir='ltr'><strong>τὸ</strong></span> <span class='ocrx_word' id='word_1_299' title='bbox 577 3624 652 3695; x_wconf 83' lang='grc' dir='ltr'>μὴ</span> <span class='ocrx_word' id='word_1_300' title='bbox 703 3625 784 3687; x_wconf 75' lang='grc' dir='ltr'><strong>εἰς</strong></span> <span class='ocrx_word' id='word_1_301' title='bbox 829 3623 978 3677; x_wconf 81' lang='grc' dir='ltr'>ἀπαν</span> <span class='ocrx_word' id='word_1_302' title='bbox 1015 3622 1353 3695; x_wconf 78' lang='grc' dir='ltr'>ὀρθοποδεῖν.</span> <span class='ocrx_word' id='word_1_303' title='bbox 1390 3623 1823 3694; x_wconf 81' lang='grc' dir='ltr'>Μετωνόμασται</span> <span class='ocrx_word' id='word_1_304' title='bbox 1852 3625 1966 3678; x_wconf 72' lang='grc' dir='ltr'>τοίο</span> 
     </span>
    </p>
   </div>
   <div class='ocr_carea' id='block_1_40' title="bbox 349 3715 1963 3789">
    <p class='ocr_par' dir='ltr' id='par_1_40' title="bbox 349 3715 1963 3789">
     <span class='ocr_line' id='line_1_40' title="bbox 349 3715 1963 3789; baseline 0 -19"><span class='ocrx_word' id='word_1_305' title='bbox 349 3735 450 3771; x_wconf 78' lang='grc' dir='ltr'><strong>νυν</strong></span> <span class='ocrx_word' id='word_1_306' title='bbox 495 3715 737 3788; x_wconf 76' lang='grc' dir='ltr'>Ἰσραὴλ,</span> <span class='ocrx_word' id='word_1_307' title='bbox 771 3715 867 3770; x_wconf 75' lang='grc' dir='ltr'><strong>καὶ</strong></span> <span class='ocrx_word' id='word_1_308' title='bbox 892 3716 975 3780; x_wconf 82' lang='grc' dir='ltr'><strong>είς</strong></span> <span class='ocrx_word' id='word_1_309' title='bbox 1010 3715 1138 3770; x_wconf 83' lang='grc' dir='ltr'>νοῦν</span> <span class='ocrx_word' id='word_1_310' title='bbox 1168 3715 1381 3787; x_wconf 81' lang='grc' dir='ltr'>ὁρῶντα</span> <span class='ocrx_word' id='word_1_311' title='bbox 1409 3715 1546 3770; x_wconf 82' lang='grc' dir='ltr'>Θεὸν</span> <span class='ocrx_word' id='word_1_312' title='bbox 1576 3716 1607 3770; x_wconf 89' lang='lat'><strong>6</strong></span> <span class='ocrx_word' id='word_1_313' title='bbox 1635 3716 1963 3789; x_wconf 85' lang='grc' dir='ltr'>πτερνιστὴς</span> 
     </span>
    </p>
   </div>
   <div class='ocr_carea' id='block_1_41' title="bbox 352 3808 1964 3883">
    <p class='ocr_par' dir='ltr' id='par_1_41' title="bbox 352 3808 1964 3883">
     <span class='ocr_line' id='line_1_41' title="bbox 352 3808 1964 3883; baseline 0.002 -19"><span class='ocrx_word' id='word_1_314' title='bbox 352 3810 764 3883; x_wconf 57' lang='grc' dir='ltr'>μτεγράτετο.</span> <span class='ocrx_word' id='word_1_315' title='bbox 815 3810 927 3864; x_wconf 77' lang='grc' dir='ltr'>Καὶ</span> <span class='ocrx_word' id='word_1_316' title='bbox 967 3809 1021 3863; x_wconf 91' lang='grc' dir='ltr'><strong>τί</strong></span> <span class='ocrx_word' id='word_1_317' title='bbox 1057 3808 1198 3880; x_wconf 83' lang='grc' dir='ltr'><strong>μετά</strong></span> <span class='ocrx_word' id='word_1_318' title='bbox 1228 3808 1392 3865; x_wconf 85' lang='grc' dir='ltr'>τοῦτο</span> <span class='ocrx_word' id='word_1_319' title='bbox 1433 3810 1630 3877; x_wconf 83' lang='grc' dir='ltr'>πάλιν;</span> <span class='ocrx_word' id='word_1_320' title='bbox 1663 3831 1681 3864; x_wconf 76' lang='grc' dir='ltr'><strong>ι</strong></span> <span class='ocrx_word' id='word_1_321' title='bbox 1707 3813 1818 3867; x_wconf 74' lang='grc' dir='ltr'><strong>Καὶ</strong></span> <span class='ocrx_word' id='word_1_322' title='bbox 1861 3815 1964 3868; x_wconf 87' lang='grc' dir='ltr'><strong>Ἰα-</strong></span> 
     </span>
    </p>
   </div>
   <div class='ocr_carea' id='block_1_42' title="bbox 348 3903 1964 3976">
    <p class='ocr_par' dir='ltr' id='par_1_42' title="bbox 348 3903 1964 3976">
     <span class='ocr_line' id='line_1_42' title="bbox 348 3903 1964 3976; baseline 0.002 -19"><span class='ocrx_word' id='word_1_323' title='bbox 348 3903 476 3957; x_wconf 83' lang='grc' dir='ltr'>κὼϐ</span> <span class='ocrx_word' id='word_1_324' title='bbox 509 3904 763 3974; x_wconf 76' lang='grc' dir='ltr'>ἀπαίρει,</span> <span class='ocrx_word' id='word_1_325' title='bbox 797 3903 987 3974; x_wconf 71' lang='grc' dir='ltr'>φησιν,</span> <span class='ocrx_word' id='word_1_326' title='bbox 1030 3905 1112 3966; x_wconf 82' lang='grc' dir='ltr'><strong>είς</strong></span> <span class='ocrx_word' id='word_1_327' title='bbox 1147 3903 1376 3975; x_wconf 68' lang='grc' dir='ltr'>σκηνὰς,</span> <span class='ocrx_word' id='word_1_328' title='bbox 1409 3905 1505 3958; x_wconf 80' lang='grc' dir='ltr'>καὶ</span> <span class='ocrx_word' id='word_1_329' title='bbox 1546 3904 1807 3976; x_wconf 65' lang='grc' dir='ltr'>ἐποίησεν</span> <span class='ocrx_word' id='word_1_330' title='bbox 1836 3908 1964 3961; x_wconf 76' lang='grc' dir='ltr'>έαυ·</span> 
     </span>
    </p>
   </div>
   <div class='ocr_carea' id='block_1_43' title="bbox 346 3995 1959 4070">
    <p class='ocr_par' dir='ltr' id='par_1_43' title="bbox 346 3995 1959 4070">
     <span class='ocr_line' id='line_1_43' title="bbox 346 3995 1959 4070; baseline 0.002 -20"><span class='ocrx_word' id='word_1_331' title='bbox 346 3997 433 4069; x_wconf 83' lang='grc' dir='ltr'><strong>τῷ</strong></span> <span class='ocrx_word' id='word_1_332' title='bbox 461 3996 668 4060; x_wconf 82' lang='grc' dir='ltr'>οίκίας,</span> <span class='ocrx_word' id='word_1_333' title='bbox 711 3995 807 4049; x_wconf 79' lang='grc' dir='ltr'>καὶ</span> <span class='ocrx_word' id='word_1_334' title='bbox 854 3996 970 4060; x_wconf 75' lang='grc' dir='ltr'>τοῖς</span> <span class='ocrx_word' id='word_1_335' title='bbox 1015 3995 1274 4068; x_wconf 81' lang='grc' dir='ltr'>κτήνεσιν</span> <span class='ocrx_word' id='word_1_336' title='bbox 1315 3996 1514 4050; x_wconf 79' lang='grc' dir='ltr'>ἑαυτοῦ</span> <span class='ocrx_word' id='word_1_337' title='bbox 1563 3999 1790 4069; x_wconf 74' lang='grc' dir='ltr'>ἐποίησε</span> <span class='ocrx_word' id='word_1_338' title='bbox 1823 4017 1959 4070; x_wconf 87' lang='grc' dir='ltr'>σκη-</span> 
     </span>
    </p>
   </div>
   <div class='ocr_carea' id='block_1_44' title="bbox 346 4088 1954 4162">
    <p class='ocr_par' dir='ltr' id='par_1_44' title="bbox 346 4088 1954 4162">
     <span class='ocr_line' id='line_1_44' title="bbox 346 4088 1954 4162; baseline 0.002 -18"><span class='ocrx_word' id='word_1_339' title='bbox 346 4091 474 4154; x_wconf 77' lang='grc' dir='ltr'>νάς.</span> <span class='ocrx_word' id='word_1_340' title='bbox 505 4089 608 4143; x_wconf 86' lang='grc' dir='ltr'>Διά</span> <span class='ocrx_word' id='word_1_341' title='bbox 633 4088 794 4142; x_wconf 85' lang='grc' dir='ltr'>τοῦτο</span> <span class='ocrx_word' id='word_1_342' title='bbox 831 4088 1062 4144; x_wconf 76' lang='grc' dir='ltr'>ἐκάλεσε</span> <span class='ocrx_word' id='word_1_343' title='bbox 1095 4088 1157 4142; x_wconf 90' lang='grc' dir='ltr'><strong>τὸ</strong></span> <span class='ocrx_word' id='word_1_344' title='bbox 1191 4088 1365 4162; x_wconf 74' lang='grc' dir='ltr'>ὄνομα</span> <span class='ocrx_word' id='word_1_345' title='bbox 1403 4089 1499 4144; x_wconf 91' lang='grc' dir='ltr'><strong>τοῦ</strong></span> <span class='ocrx_word' id='word_1_346' title='bbox 1514 4091 1684 4145; x_wconf 80' lang='grc' dir='ltr'>τόπου</span> <span class='ocrx_word' id='word_1_347' title='bbox 1714 4093 1954 4159; x_wconf 77' lang='grc' dir='ltr'>ἐκείνου,</span> 
     </span>
    </p>
   </div>
   <div class='ocr_carea' id='block_1_45' title="bbox 348 4180 1956 4258">
    <p class='ocr_par' dir='ltr' id='par_1_45' title="bbox 348 4180 1956 4258">
     <span class='ocr_line' id='line_1_45' title="bbox 348 4180 1956 4258; baseline 0.002 -21"><span class='ocrx_word' id='word_1_348' title='bbox 348 4182 590 4252; x_wconf 83' lang='grc' dir='ltr'>Σκηναί.</span> <span class='ocrx_word' id='word_1_349' title='bbox 623 4201 642 4234; x_wconf 79' lang='grc' dir='ltr'><strong>ι</strong></span> <span class='ocrx_word' id='word_1_350' title='bbox 707 4182 959 4247; x_wconf 79' lang='grc' dir='ltr'>Ἀκούεις</span> <span class='ocrx_word' id='word_1_351' title='bbox 1013 4180 1163 4246; x_wconf 79' lang='grc' dir='ltr'>ὅπως</span> <span class='ocrx_word' id='word_1_352' title='bbox 1215 4181 1544 4255; x_wconf 78' lang='grc' dir='ltr'>κατῴκησεν</span> <span class='ocrx_word' id='word_1_353' title='bbox 1595 4184 1656 4238; x_wconf 73' lang='grc' dir='ltr'><strong>ἑν</strong></span> <span class='ocrx_word' id='word_1_354' title='bbox 1711 4189 1956 4258; x_wconf 82' lang='grc' dir='ltr'>σκηναῖς.</span> 
     </span>
    </p>
   </div>
   <div class='ocr_carea' id='block_1_46' title="bbox 346 4273 1960 4348">
    <p class='ocr_par' dir='ltr' id='par_1_46' title="bbox 346 4273 1960 4348">
     <span class='ocr_line' id='line_1_46' title="bbox 346 4273 1960 4348; baseline 0.002 -20"><span class='ocrx_word' id='word_1_355' title='bbox 346 4276 596 4347; x_wconf 80' lang='grc' dir='ltr'>Σημεϊον</span> <span class='ocrx_word' id='word_1_356' title='bbox 622 4275 670 4328; x_wconf 85' lang='lat'><strong>6&#39;</strong></span> <span class='ocrx_word' id='word_1_357' title='bbox 703 4273 772 4329; x_wconf 83' lang='grc' dir='ltr'><strong>ἂν</strong></span> <span class='ocrx_word' id='word_1_358' title='bbox 818 4274 1032 4345; x_wconf 84' lang='grc' dir='ltr'>γένοιτο</span> <span class='ocrx_word' id='word_1_359' title='bbox 1057 4275 1152 4329; x_wconf 80' lang='grc' dir='ltr'>καὶ</span> <span class='ocrx_word' id='word_1_360' title='bbox 1186 4274 1349 4329; x_wconf 87' lang='grc' dir='ltr'>τοῦτο</span> <span class='ocrx_word' id='word_1_361' title='bbox 1405 4276 1578 4346; x_wconf 73' lang='grc' dir='ltr'>σαφὲς</span> <span class='ocrx_word' id='word_1_362' title='bbox 1623 4277 1725 4348; x_wconf 85' lang='grc' dir='ltr'>τῆς</span> <span class='ocrx_word' id='word_1_363' title='bbox 1774 4279 1854 4342; x_wconf 86' lang='grc' dir='ltr'><strong>είς</strong></span> <span class='ocrx_word' id='word_1_364' title='bbox 1898 4281 1960 4333; x_wconf 91' lang='grc' dir='ltr'><strong>τὸ</strong></span> 
     </span>
    </p>
   </div>
   <div class='ocr_carea' id='block_1_47' title="bbox 347 4367 1958 4440">
    <p class='ocr_par' dir='ltr' id='par_1_47' title="bbox 347 4367 1958 4440">
     <span class='ocr_line' id='line_1_47' title="bbox 347 4367 1958 4440; baseline 0 -16"><span class='ocrx_word' id='word_1_365' title='bbox 347 4369 585 4439; x_wconf 74' lang='grc' dir='ltr'>ἄμεινον</span> <span class='ocrx_word' id='word_1_366' title='bbox 617 4367 970 4440; x_wconf 61' lang='grc' dir='ltr'>μεταδρομηῖκ</span> <span class='ocrx_word' id='word_1_367' title='bbox 997 4367 1098 4439; x_wconf 80' lang='grc' dir='ltr'>τῆς</span> <span class='ocrx_word' id='word_1_368' title='bbox 1136 4368 1218 4432; x_wconf 77' lang='grc' dir='ltr'>εἰς</span> <span class='ocrx_word' id='word_1_369' title='bbox 1254 4367 1474 4440; x_wconf 79' lang='grc' dir='ltr'>Ἰσραὴλ</span> <span class='ocrx_word' id='word_1_370' title='bbox 1516 4368 1778 4432; x_wconf 79' lang='grc' dir='ltr'>διανοίας.</span> <span class='ocrx_word' id='word_1_371' title='bbox 1815 4371 1958 4439; x_wconf 86' lang='grc' dir='ltr'>Σκη-</span> 
     </span>
    </p>
   </div>
   <div class='ocr_carea' id='block_1_48' title="bbox 347 4455 1957 4530">
    <p class='ocr_par' dir='ltr' id='par_1_48' title="bbox 347 4455 1957 4530">
     <span class='ocr_line' id='line_1_48' title="bbox 347 4455 1957 4530; baseline 0.003 -19"><span class='ocrx_word' id='word_1_372' title='bbox 347 4458 658 4527; x_wconf 84' lang='grc' dir='ltr'>νοποιήσας</span> <span class='ocrx_word' id='word_1_373' title='bbox 695 4455 804 4529; x_wconf 82' lang='grc' dir='ltr'><strong>γὰρ</strong></span> <span class='ocrx_word' id='word_1_374' title='bbox 859 4457 982 4529; x_wconf 75' lang='grc' dir='ltr'>ήδη,</span> <span class='ocrx_word' id='word_1_375' title='bbox 1012 4459 1107 4512; x_wconf 80' lang='grc' dir='ltr'><strong>καὶ</strong></span> <span class='ocrx_word' id='word_1_376' title='bbox 1153 4457 1478 4530; x_wconf 82' lang='grc' dir='ltr'>κατῴκησεν</span> <span class='ocrx_word' id='word_1_377' title='bbox 1505 4459 1564 4512; x_wconf 81' lang='grc' dir='ltr'><strong>ὲν</strong></span> <span class='ocrx_word' id='word_1_378' title='bbox 1594 4458 1807 4525; x_wconf 78' lang='grc' dir='ltr'>αὐταῖς.</span> <span class='ocrx_word' id='word_1_379' title='bbox 1845 4461 1957 4516; x_wconf 87' lang='grc' dir='ltr'>Νοῦ</span> 
     </span>
    </p>
   </div>
   <div class='ocr_carea' id='block_1_49' title="bbox 2078 580 3688 653">
    <p class='ocr_par' dir='ltr' id='par_1_49' title="bbox 2078 580 3688 653">
     <span class='ocr_line' id='line_1_49' title="bbox 2078 580 3688 653; baseline 0.002 -21"><span class='ocrx_word' id='word_1_380' title='bbox 2078 580 2226 635; x_wconf 88' lang='lat' dir='ltr'><strong>nalia</strong></span> <span class='ocrx_word' id='word_1_381' title='bbox 2250 596 2315 635; x_wconf 91' lang='lat' dir='ltr'><strong>ac</strong></span> <span class='ocrx_word' id='word_1_382' title='bbox 2362 583 2641 638; x_wconf 91' lang='lat' dir='ltr'><strong>mundana</strong></span> <span class='ocrx_word' id='word_1_383' title='bbox 2673 583 2879 637; x_wconf 85' lang='lat' dir='ltr'><strong>nullius</strong></span> <span class='ocrx_word' id='word_1_384' title='bbox 2905 581 3066 652; x_wconf 86' lang='lat' dir='ltr'><strong>plane</strong></span> <span class='ocrx_word' id='word_1_385' title='bbox 3094 581 3278 648; x_wconf 88' lang='lat' dir='ltr'><strong>faciat,</strong></span> <span class='ocrx_word' id='word_1_386' title='bbox 3317 581 3474 653; x_wconf 78' lang='lat'><strong>173</strong></span> <span class='ocrx_word' id='word_1_387' title='bbox 3505 582 3688 652; x_wconf 77' lang='lat' dir='ltr'><strong>potius</strong></span> 
     </span>
    </p>
   </div>
   <div class='ocr_carea' id='block_1_50' title="bbox 2077 671 3688 744">
    <p class='ocr_par' dir='ltr' id='par_1_50' title="bbox 2077 671 3688 744">
     <span class='ocr_line' id='line_1_50' title="bbox 2077 671 3688 744; baseline 0.003 -19"><span class='ocrx_word' id='word_1_388' title='bbox 2077 671 2205 726; x_wconf 90' lang='lat' dir='ltr'><strong>forti</strong></span> <span class='ocrx_word' id='word_1_389' title='bbox 2244 682 2410 742; x_wconf 88' lang='lat' dir='ltr'><strong>atque</strong></span> <span class='ocrx_word' id='word_1_390' title='bbox 2441 673 2718 730; x_wconf 85' lang='lat' dir='ltr'><strong>indefesso</strong></span> <span class='ocrx_word' id='word_1_391' title='bbox 2744 676 2950 740; x_wconf 89' lang='lat' dir='ltr'><strong>animo,</strong></span> <span class='ocrx_word' id='word_1_392' title='bbox 2993 674 3062 729; x_wconf 94' lang='lat' dir='ltr'><strong>ad</strong></span> <span class='ocrx_word' id='word_1_393' title='bbox 3089 691 3154 730; x_wconf 88' lang='lat' dir='ltr'><strong>ea</strong></span> <span class='ocrx_word' id='word_1_394' title='bbox 3179 690 3301 744; x_wconf 69' lang='lat' dir='ltr'><strong>quae</strong></span> <span class='ocrx_word' id='word_1_395' title='bbox 3332 675 3445 730; x_wconf 92' lang='lat' dir='ltr'><strong>Deo</strong></span> <span class='ocrx_word' id='word_1_396' title='bbox 3469 675 3688 744; x_wconf 84' lang='lat' dir='ltr'><strong>placent</strong></span> 
     </span>
    </p>
   </div>
   <div class='ocr_carea' id='block_1_51' title="bbox 2077 767 3684 839">
    <p class='ocr_par' dir='ltr' id='par_1_51' title="bbox 2077 767 3684 839">
     <span class='ocr_line' id='line_1_51' title="bbox 2077 767 3684 839; baseline 0.002 -20"><span class='ocrx_word' id='word_1_397' title='bbox 2077 767 2412 833; x_wconf 78' lang='lat' dir='ltr'><strong>contendat;</strong></span> <span class='ocrx_word' id='word_1_398' title='bbox 2456 768 2549 824; x_wconf 89' lang='lat' dir='ltr'><strong>hic</strong></span> <span class='ocrx_word' id='word_1_399' title='bbox 2591 777 2789 839; x_wconf 85' lang='lat' dir='ltr'><strong>potens</strong></span> <span class='ocrx_word' id='word_1_400' title='bbox 2814 769 2922 824; x_wconf 88' lang='lat' dir='ltr'><strong>erit</strong></span> <span class='ocrx_word' id='word_1_401' title='bbox 2947 769 3001 824; x_wconf 92' lang='lat' dir='ltr'><strong>in</strong></span> <span class='ocrx_word' id='word_1_402' title='bbox 3026 769 3368 836; x_wconf 85' lang='lat' dir='ltr'><strong>hominibus,</strong></span> <span class='ocrx_word' id='word_1_403' title='bbox 3402 776 3460 824; x_wconf 87' lang='lat' dir='ltr'><strong>et</strong></span> <span class='ocrx_word' id='word_1_404' title='bbox 3486 784 3684 823; x_wconf 83' lang='lat' dir='ltr'><strong>corro-</strong></span> 
     </span>
    </p>
   </div>
   <div class='ocr_carea' id='block_1_52' title="bbox 2077 856 3690 930">
    <p class='ocr_par' dir='ltr' id='par_1_52' title="bbox 2077 856 3690 930">
     <span class='ocr_line' id='line_1_52' title="bbox 2077 856 3690 930; baseline 0.003 -20"><span class='ocrx_word' id='word_1_405' title='bbox 2077 856 2364 912; x_wconf 86' lang='lat' dir='ltr'><strong>borabitur</strong></span> <span class='ocrx_word' id='word_1_406' title='bbox 2387 874 2513 913; x_wconf 88' lang='lat' dir='ltr'><strong>cum</strong></span> <span class='ocrx_word' id='word_1_407' title='bbox 2539 860 2670 914; x_wconf 89' lang='lat' dir='ltr'><strong>Deo.</strong></span> <span class='ocrx_word' id='word_1_408' title='bbox 2697 860 2967 927; x_wconf 81' lang='lat' dir='ltr'><strong>Quocirca</strong></span> <span class='ocrx_word' id='word_1_409' title='bbox 2995 861 3323 916; x_wconf 81' lang='lat' dir='ltr'><strong>benedictus</strong></span> <span class='ocrx_word' id='word_1_410' title='bbox 3347 861 3575 930; x_wconf 85' lang='lat' dir='ltr'><strong>quidem</strong></span> <span class='ocrx_word' id='word_1_411' title='bbox 3601 872 3690 916; x_wconf 87' lang='lat' dir='ltr'><strong>est</strong></span> 
     </span>
    </p>
   </div>
   <div class='ocr_carea' id='block_1_53' title="bbox 2077 943 3733 1024">
    <p class='ocr_par' dir='ltr' id='par_1_53' title="bbox 2077 943 3733 1024">
     <span class='ocr_line' id='line_1_53' title="bbox 2077 943 3733 1024; baseline 0.004 -22"><span class='ocrx_word' id='word_1_412' title='bbox 2077 947 2300 1004; x_wconf 86' lang='lat' dir='ltr'><strong>divinus</strong></span> <span class='ocrx_word' id='word_1_413' title='bbox 2342 949 2534 1017; x_wconf 88' lang='lat' dir='ltr'><strong>Jacob,</strong></span> <span class='ocrx_word' id='word_1_414' title='bbox 2581 951 2784 1008; x_wconf 82' lang='lat' dir='ltr'><strong>obnixe</strong></span> <span class='ocrx_word' id='word_1_415' title='bbox 2817 969 2948 1008; x_wconf 90' lang='lat' dir='ltr'><strong>vero</strong></span> <span class='ocrx_word' id='word_1_416' title='bbox 2979 954 3228 1024; x_wconf 80' lang='lat' dir='ltr'><strong>rogabat,</strong></span> <span class='ocrx_word' id='word_1_417' title='bbox 3265 954 3456 1008; x_wconf 88' lang='lat' dir='ltr'><strong>dicens</strong></span> <span class='ocrx_word' id='word_1_418' title='bbox 3487 972 3498 1007; x_wconf 91' lang='lat'><strong>:</strong></span> <span class='ocrx_word' id='word_1_419' title='bbox 3543 974 3560 1003; x_wconf 79' lang='grc' dir='ltr'><strong>ι</strong></span> <span class='ocrx_word' id='word_1_420' title='bbox 3598 954 3688 1008; x_wconf 90' lang='lat' dir='ltr'><strong>In-</strong></span> <span class='ocrx_word' id='word_1_421' title='bbox 3728 943 3733 948; x_wconf 61' lang='grc'><em>’</em></span> 
     </span>
    </p>
   </div>
   <div class='ocr_carea' id='block_1_54' title="bbox 2075 1041 3727 1118">
    <p class='ocr_par' dir='ltr' id='par_1_54' title="bbox 2075 1041 3727 1118">
     <span class='ocr_line' id='line_1_54' title="bbox 2075 1041 3727 1118; baseline 0.004 -23"><span class='ocrx_word' id='word_1_422' title='bbox 2075 1041 2199 1096; x_wconf 90' lang='lat' dir='ltr'><strong>dica</strong></span> <span class='ocrx_word' id='word_1_423' title='bbox 2239 1042 2376 1096; x_wconf 85' lang='lat' dir='ltr'><strong>mihi</strong></span> <span class='ocrx_word' id='word_1_424' title='bbox 2413 1059 2618 1099; x_wconf 86' lang='lat' dir='ltr'><strong>nomen</strong></span> <span class='ocrx_word' id='word_1_425' title='bbox 2659 1055 2838 1100; x_wconf 91' lang='lat' dir='ltr'><strong>tuum.</strong></span> <span class='ocrx_word' id='word_1_426' title='bbox 2882 1047 2952 1101; x_wconf 88' lang='lat' dir='ltr'><strong>Et</strong></span> <span class='ocrx_word' id='word_1_427' title='bbox 2983 1047 3140 1111; x_wconf 72' lang='lat' dir='ltr'><strong>divit,</strong></span> <span class='ocrx_word' id='word_1_428' title='bbox 3175 1047 3355 1118; x_wconf 85' lang='lat' dir='ltr'><strong>inquit</strong></span> <span class='ocrx_word' id='word_1_429' title='bbox 3384 1065 3396 1100; x_wconf 92' lang='lat'>:</span> <span class='ocrx_word' id='word_1_430' title='bbox 3421 1047 3604 1114; x_wconf 80' lang='lat' dir='ltr'><strong>Quare</strong></span> <span class='ocrx_word' id='word_1_431' title='bbox 3629 1057 3687 1100; x_wconf 89' lang='lat' dir='ltr'><strong>tu</strong></span> <span class='ocrx_word' id='word_1_432' title='bbox 3721 1098 3727 1101; x_wconf 86' lang='lat'>_</span> 
     </span>
    </p>
   </div>
   <div class='ocr_carea' id='block_1_55' title="bbox 2077 1132 3688 1210">
    <p class='ocr_par' dir='ltr' id='par_1_55' title="bbox 2077 1132 3688 1210">
     <span class='ocr_line' id='line_1_55' title="bbox 2077 1132 3688 1210; baseline 0.004 -23"><span class='ocrx_word' id='word_1_433' title='bbox 2077 1132 2397 1206; x_wconf 77' lang='lat' dir='ltr'><strong>interrogas</strong></span> <span class='ocrx_word' id='word_1_434' title='bbox 2418 1135 2526 1192; x_wconf 90' lang='lat' dir='ltr'><strong>hoc</strong></span> <span class='ocrx_word' id='word_1_435' title='bbox 2552 1151 2754 1192; x_wconf 86' lang='lat' dir='ltr'><strong>nomen</strong></span> <span class='ocrx_word' id='word_1_436' title='bbox 2780 1153 2964 1193; x_wconf 89' lang='lat' dir='ltr'><strong>meum</strong></span> <span class='ocrx_word' id='word_1_437' title='bbox 2985 1141 3028 1172; x_wconf 79' lang='grc'>³³</span> <span class='ocrx_word' id='word_1_438' title='bbox 3055 1141 3077 1193; x_wconf 90' lang='lat'><strong>?</strong></span> <span class='ocrx_word' id='word_1_439' title='bbox 3107 1162 3123 1190; x_wconf 80' lang='grc' dir='ltr'><strong>ι</strong></span> <span class='ocrx_word' id='word_1_440' title='bbox 3160 1141 3304 1196; x_wconf 86' lang='lat' dir='ltr'><strong>Deus</strong></span> <span class='ocrx_word' id='word_1_441' title='bbox 3339 1157 3540 1210; x_wconf 79' lang='lat' dir='ltr'><strong>nomen</strong></span> <span class='ocrx_word' id='word_1_442' title='bbox 3576 1157 3688 1195; x_wconf 87' lang='lat' dir='ltr'><strong>non</strong></span> 
     </span>
    </p>
   </div>
   <div class='ocr_carea' id='block_1_56' title="bbox 2075 1227 3763 1302">
    <p class='ocr_par' dir='ltr' id='par_1_56' title="bbox 2075 1227 3763 1302">
     <span class='ocr_line' id='line_1_56' title="bbox 2075 1227 3763 1302; baseline 0.004 -20"><span class='ocrx_word' id='word_1_443' title='bbox 2075 1227 2352 1294; x_wconf 87' lang='lat' dir='ltr'><strong>enuntiat,</strong></span> <span class='ocrx_word' id='word_1_444' title='bbox 2384 1227 2534 1299; x_wconf 89' lang='lat' dir='ltr'><strong>quod</strong></span> <span class='ocrx_word' id='word_1_445' title='bbox 2567 1230 2876 1286; x_wconf 84' lang='lat' dir='ltr'><strong>secundum</strong></span> <span class='ocrx_word' id='word_1_446' title='bbox 2917 1241 3175 1286; x_wconf 89' lang='lat' dir='ltr'><strong>naturam</strong></span> <span class='ocrx_word' id='word_1_447' title='bbox 3219 1232 3291 1288; x_wconf 85' lang='lat' dir='ltr'><strong>sit</strong></span> <span class='ocrx_word' id='word_1_448' title='bbox 3318 1249 3418 1302; x_wconf 89' lang='lat' dir='ltr'><strong>per</strong></span> <span class='ocrx_word' id='word_1_449' title='bbox 3445 1233 3552 1288; x_wconf 88' lang='lat' dir='ltr'><strong>hoc</strong></span> <span class='ocrx_word' id='word_1_450' title='bbox 3594 1233 3692 1288; x_wconf 89' lang='lat' dir='ltr'><strong>de-</strong></span> <span class='ocrx_word' id='word_1_451' title='bbox 3756 1232 3763 1240; x_wconf 85' lang='grc'><em>’</em></span> 
     </span>
    </p>
   </div>
   <div class='ocr_carea' id='block_1_57' title="bbox 2076 1319 3763 1393">
    <p class='ocr_par' dir='ltr' id='par_1_57' title="bbox 2076 1319 3763 1393">
     <span class='ocr_line' id='line_1_57' title="bbox 2076 1319 3763 1393; baseline 0.002 -20"><span class='ocrx_word' id='word_1_452' title='bbox 2076 1319 2312 1374; x_wconf 89' lang='lat' dir='ltr'><strong>clarans.</strong></span> <span class='ocrx_word' id='word_1_453' title='bbox 2351 1320 2565 1376; x_wconf 85' lang='lat' dir='ltr'><strong>Nomen</strong></span> <span class='ocrx_word' id='word_1_454' title='bbox 2605 1321 2757 1376; x_wconf 90' lang='lat' dir='ltr'><strong>enim</strong></span> <span class='ocrx_word' id='word_1_455' title='bbox 2792 1322 2926 1388; x_wconf 90' lang='lat' dir='ltr'><strong>Deo,</strong></span> <span class='ocrx_word' id='word_1_456' title='bbox 2953 1322 3424 1393; x_wconf 83' lang='lat' dir='ltr'><strong>quemadmodum</strong></span> <span class='ocrx_word' id='word_1_457' title='bbox 3451 1325 3688 1391; x_wconf 88' lang='lat' dir='ltr'><strong>homini,</strong></span> <span class='ocrx_word' id='word_1_458' title='bbox 3761 1320 3763 1323; x_wconf 81' lang='grc'><em>’</em></span> 
     </span>
    </p>
   </div>
   <div class='ocr_carea' id='block_1_58' title="bbox 2076 1411 3690 1490">
    <p class='ocr_par' dir='ltr' id='par_1_58' title="bbox 2076 1411 3690 1490">
     <span class='ocr_line' id='line_1_58' title="bbox 2076 1411 3690 1490; baseline 0.006 -24"><span class='ocrx_word' id='word_1_459' title='bbox 2076 1411 2312 1468; x_wconf 82' lang='lat' dir='ltr'><strong>fortasse</strong></span> <span class='ocrx_word' id='word_1_460' title='bbox 2330 1414 2693 1484; x_wconf 79' lang='lat' dir='ltr'><strong>peculiariter</strong></span> <span class='ocrx_word' id='word_1_461' title='bbox 2715 1413 2931 1470; x_wconf 84' lang='lat' dir='ltr'><strong>nullum</strong></span> <span class='ocrx_word' id='word_1_462' title='bbox 2953 1425 3037 1472; x_wconf 90' lang='lat' dir='ltr'><strong>est</strong></span> <span class='ocrx_word' id='word_1_463' title='bbox 3057 1434 3071 1482; x_wconf 89' lang='lat'><strong>;</strong></span> <span class='ocrx_word' id='word_1_464' title='bbox 3099 1426 3360 1472; x_wconf 72' lang='lat' dir='ltr'><strong>caeterum</strong></span> <span class='ocrx_word' id='word_1_465' title='bbox 3385 1419 3542 1474; x_wconf 77' lang='lat' dir='ltr'><strong>exiis</strong></span> <span class='ocrx_word' id='word_1_466' title='bbox 3564 1436 3690 1490; x_wconf 80' lang='lat' dir='ltr'><strong>qua:</strong></span> 
     </span>
    </p>
   </div>
   <div class='ocr_carea' id='block_1_59' title="bbox 2076 1506 3690 1575">
    <p class='ocr_par' dir='ltr' id='par_1_59' title="bbox 2076 1506 3690 1575">
     <span class='ocr_line' id='line_1_59' title="bbox 2076 1506 3690 1575; baseline 0.002 -15"><span class='ocrx_word' id='word_1_467' title='bbox 2076 1516 2270 1575; x_wconf 86' lang='lat' dir='ltr'><strong>suapte</strong></span> <span class='ocrx_word' id='word_1_468' title='bbox 2305 1513 2506 1562; x_wconf 89' lang='lat' dir='ltr'><strong>natura</strong></span> <span class='ocrx_word' id='word_1_469' title='bbox 2529 1515 2635 1573; x_wconf 89' lang='lat' dir='ltr'><strong>est,</strong></span> <span class='ocrx_word' id='word_1_470' title='bbox 2672 1506 3037 1562; x_wconf 86' lang='lat' dir='ltr'><strong>multifariam</strong></span> <span class='ocrx_word' id='word_1_471' title='bbox 3082 1508 3426 1562; x_wconf 85' lang='lat' dir='ltr'><strong>nominatur.</strong></span> <span class='ocrx_word' id='word_1_472' title='bbox 3486 1509 3690 1564; x_wconf 81' lang='lat' dir='ltr'><strong>Lumen</strong></span> 
     </span>
    </p>
   </div>
   <div class='ocr_carea' id='block_1_60' title="bbox 2073 1595 3690 1671">
    <p class='ocr_par' dir='ltr' id='par_1_60' title="bbox 2073 1595 3690 1671">
     <span class='ocr_line' id='line_1_60' title="bbox 2073 1595 3690 1671; baseline 0.004 -23"><span class='ocrx_word' id='word_1_473' title='bbox 2073 1595 2224 1649; x_wconf 84' lang='lat' dir='ltr'><strong>enim</strong></span> <span class='ocrx_word' id='word_1_474' title='bbox 2278 1605 2335 1652; x_wconf 90' lang='lat' dir='ltr'><strong>et</strong></span> <span class='ocrx_word' id='word_1_475' title='bbox 2362 1598 2493 1662; x_wconf 82' lang='lat' dir='ltr'><strong>vita,</strong></span> <span class='ocrx_word' id='word_1_476' title='bbox 2535 1606 2591 1653; x_wconf 89' lang='lat' dir='ltr'><strong>et</strong></span> <span class='ocrx_word' id='word_1_477' title='bbox 2639 1599 2897 1668; x_wconf 78' lang='lat' dir='ltr'><strong>potentia,</strong></span> <span class='ocrx_word' id='word_1_478' title='bbox 2951 1605 3007 1653; x_wconf 90' lang='lat' dir='ltr'><strong>et</strong></span> <span class='ocrx_word' id='word_1_479' title='bbox 3032 1599 3250 1664; x_wconf 72' lang='lat' dir='ltr'><strong>veritas,</strong></span> <span class='ocrx_word' id='word_1_480' title='bbox 3278 1600 3600 1671; x_wconf 76' lang='lat' dir='ltr'><strong>unigenitua,</strong></span> <span class='ocrx_word' id='word_1_481' title='bbox 3633 1607 3690 1655; x_wconf 86' lang='lat' dir='ltr'><strong>et</strong></span> 
     </span>
    </p>
   </div>
   <div class='ocr_carea' id='block_1_61' title="bbox 2072 1682 3688 1754">
    <p class='ocr_par' dir='ltr' id='par_1_61' title="bbox 2072 1682 3688 1754">
     <span class='ocr_line' id='line_1_61' title="bbox 2072 1682 3688 1754; baseline 0.006 -17"><span class='ocrx_word' id='word_1_482' title='bbox 2072 1682 2346 1754; x_wconf 73' lang='lat' dir='ltr'><strong>splendor,</strong></span> <span class='ocrx_word' id='word_1_483' title='bbox 2402 1701 2468 1741; x_wconf 90' lang='lat' dir='ltr'><strong>ac</strong></span> <span class='ocrx_word' id='word_1_484' title='bbox 2520 1687 2800 1741; x_wconf 75' lang='lat' dir='ltr'><strong>character</strong></span> <span class='ocrx_word' id='word_1_485' title='bbox 2843 1686 3048 1752; x_wconf 77' lang='lat' dir='ltr'><strong>Patris,</strong></span> <span class='ocrx_word' id='word_1_486' title='bbox 3093 1689 3480 1754; x_wconf 76' lang='lat' dir='ltr'><strong>misericordia,</strong></span> <span class='ocrx_word' id='word_1_487' title='bbox 3511 1699 3569 1745; x_wconf 90' lang='lat' dir='ltr'><strong>et</strong></span> <span class='ocrx_word' id='word_1_488' title='bbox 3591 1711 3688 1746; x_wconf 71' lang='lat' dir='ltr'><strong>sa-</strong></span> 
     </span>
    </p>
   </div>
   <div class='ocr_carea' id='block_1_62' title="bbox 2075 1775 3688 1851">
    <p class='ocr_par' dir='ltr' id='par_1_62' title="bbox 2075 1775 3688 1851">
     <span class='ocr_line' id='line_1_62' title="bbox 2075 1775 3688 1851; baseline 0.006 -23"><span class='ocrx_word' id='word_1_489' title='bbox 2075 1775 2296 1844; x_wconf 81' lang='lat' dir='ltr'><strong>pientia,</strong></span> <span class='ocrx_word' id='word_1_490' title='bbox 2354 1785 2413 1832; x_wconf 88' lang='lat' dir='ltr'><strong>et</strong></span> <span class='ocrx_word' id='word_1_491' title='bbox 2449 1777 2685 1847; x_wconf 79' lang='lat' dir='ltr'><strong>jmtitia,</strong></span> <span class='ocrx_word' id='word_1_492' title='bbox 2743 1785 2801 1833; x_wconf 91' lang='lat' dir='ltr'><strong>et</strong></span> <span class='ocrx_word' id='word_1_493' title='bbox 2839 1778 3150 1849; x_wconf 72' lang='lat' dir='ltr'><strong>redemptio.</strong></span> <span class='ocrx_word' id='word_1_494' title='bbox 3197 1778 3515 1851; x_wconf 79' lang='lat' dir='ltr'><strong>Intelligens</strong></span> <span class='ocrx_word' id='word_1_495' title='bbox 3554 1797 3688 1836; x_wconf 87' lang='lat' dir='ltr'><strong>vero</strong></span> 
     </span>
    </p>
   </div>
   <div class='ocr_carea' id='block_1_63' title="bbox 2073 1869 3687 1942">
    <p class='ocr_par' dir='ltr' id='par_1_63' title="bbox 2073 1869 3687 1942">
     <span class='ocr_line' id='line_1_63' title="bbox 2073 1869 3687 1942; baseline 0.004 -20"><span class='ocrx_word' id='word_1_496' title='bbox 2073 1883 2300 1924; x_wconf 83' lang='lat' dir='ltr'><strong>rursum</strong></span> <span class='ocrx_word' id='word_1_497' title='bbox 2345 1869 2547 1925; x_wconf 85' lang='lat' dir='ltr'><strong>beatus</strong></span> <span class='ocrx_word' id='word_1_498' title='bbox 2584 1869 2776 1936; x_wconf 86' lang='lat' dir='ltr'><strong>Jacob,</strong></span> <span class='ocrx_word' id='word_1_499' title='bbox 2803 1871 2951 1942; x_wconf 91' lang='lat' dir='ltr'><strong>quod</strong></span> <span class='ocrx_word' id='word_1_500' title='bbox 2992 1871 3140 1928; x_wconf 86' lang='lat' dir='ltr'><strong>Deus</strong></span> <span class='ocrx_word' id='word_1_501' title='bbox 3164 1881 3328 1937; x_wconf 86' lang='lat' dir='ltr'><strong>esset,</strong></span> <span class='ocrx_word' id='word_1_502' title='bbox 3353 1873 3444 1928; x_wconf 89' lang='lat' dir='ltr'><strong>cui</strong></span> <span class='ocrx_word' id='word_1_503' title='bbox 3469 1874 3687 1928; x_wconf 89' lang='lat' dir='ltr'><strong>nullum</strong></span> 
     </span>
    </p>
   </div>
   <div class='ocr_carea' id='block_1_64' title="bbox 2072 1959 3686 2031">
    <p class='ocr_par' dir='ltr' id='par_1_64' title="bbox 2072 1959 3686 2031">
     <span class='ocr_line' id='line_1_64' title="bbox 2072 1959 3686 2031; baseline 0.002 -19"><span class='ocrx_word' id='word_1_504' title='bbox 2072 1959 2361 2030; x_wconf 86' lang='lat' dir='ltr'><strong>proprium</strong></span> <span class='ocrx_word' id='word_1_505' title='bbox 2391 1975 2596 2016; x_wconf 87' lang='lat' dir='ltr'><strong>nomen</strong></span> <span class='ocrx_word' id='word_1_506' title='bbox 2621 1959 2826 2015; x_wconf 77' lang='lat' dir='ltr'><strong>ascribi</strong></span> <span class='ocrx_word' id='word_1_507' title='bbox 2855 1968 3061 2031; x_wconf 83' lang='lat' dir='ltr'><strong>potest,</strong></span> <span class='ocrx_word' id='word_1_508' title='bbox 3101 1962 3322 2016; x_wconf 85' lang='lat' dir='ltr'><strong>vocavit</strong></span> <span class='ocrx_word' id='word_1_509' title='bbox 3347 1977 3551 2017; x_wconf 89' lang='lat' dir='ltr'><strong>nomen</strong></span> <span class='ocrx_word' id='word_1_510' title='bbox 3571 1961 3686 2016; x_wconf 88' lang='lat' dir='ltr'><strong>loci</strong></span> 
     </span>
    </p>
   </div>
   <div class='ocr_carea' id='block_1_65' title="bbox 2074 2052 3684 2117">
    <p class='ocr_par' dir='ltr' id='par_1_65' title="bbox 2074 2052 3684 2117">
     <span class='ocr_line' id='line_1_65' title="bbox 2074 2052 3684 2117; baseline 0.001 -12"><span class='ocrx_word' id='word_1_511' title='bbox 2074 2052 2240 2117; x_wconf 90' lang='lat' dir='ltr'><strong>illius,</strong></span> <span class='ocrx_word' id='word_1_512' title='bbox 2267 2072 2285 2104; x_wconf 74' lang='grc' dir='ltr'><strong>ι</strong></span> <span class='ocrx_word' id='word_1_513' title='bbox 2314 2052 2505 2108; x_wconf 82' lang='lat' dir='ltr'><strong>Facies</strong></span> <span class='ocrx_word' id='word_1_514' title='bbox 2526 2053 2646 2109; x_wconf 88' lang='lat' dir='ltr'><strong>Dei.</strong></span> <span class='ocrx_word' id='word_1_515' title='bbox 2680 2053 2804 2109; x_wconf 82' lang='lat' dir='ltr'><strong>Vidi</strong></span> <span class='ocrx_word' id='word_1_516' title='bbox 2825 2053 2978 2110; x_wconf 89' lang='lat' dir='ltr'><strong>enim</strong></span> <span class='ocrx_word' id='word_1_517' title='bbox 2997 2053 3171 2108; x_wconf 86' lang='lat' dir='ltr'><strong>Deum</strong></span> <span class='ocrx_word' id='word_1_518' title='bbox 3199 2053 3342 2108; x_wconf 91' lang='lat' dir='ltr'><strong>facie</strong></span> <span class='ocrx_word' id='word_1_519' title='bbox 3368 2054 3436 2108; x_wconf 88' lang='lat' dir='ltr'><strong>ad</strong></span> <span class='ocrx_word' id='word_1_520' title='bbox 3465 2053 3684 2116; x_wconf 81' lang='lat' dir='ltr'><strong>faciem,</strong></span> 
     </span>
    </p>
   </div>
   <div class='ocr_carea' id='block_1_66' title="bbox 2073 2142 3684 2213">
    <p class='ocr_par' dir='ltr' id='par_1_66' title="bbox 2073 2142 3684 2213">
     <span class='ocr_line' id='line_1_66' title="bbox 2073 2142 3684 2213; baseline -0.001 -16"><span class='ocrx_word' id='word_1_521' title='bbox 2073 2143 2275 2213; x_wconf 86' lang='lat' dir='ltr'><strong>inquit,</strong></span> <span class='ocrx_word' id='word_1_522' title='bbox 2311 2152 2370 2198; x_wconf 90' lang='lat' dir='ltr'><strong>et</strong></span> <span class='ocrx_word' id='word_1_523' title='bbox 2404 2143 2554 2198; x_wconf 89' lang='lat' dir='ltr'><strong>salva</strong></span> <span class='ocrx_word' id='word_1_524' title='bbox 2580 2142 2723 2198; x_wconf 87' lang='lat' dir='ltr'><strong>facta</strong></span> <span class='ocrx_word' id='word_1_525' title='bbox 2747 2151 2835 2199; x_wconf 90' lang='lat' dir='ltr'><strong>est</strong></span> <span class='ocrx_word' id='word_1_526' title='bbox 2860 2143 3046 2197; x_wconf 89' lang='lat' dir='ltr'><strong>anima</strong></span> <span class='ocrx_word' id='word_1_527' title='bbox 3085 2157 3207 2198; x_wconf 85' lang='lat' dir='ltr'><strong>mea</strong></span> <span class='ocrx_word' id='word_1_528' title='bbox 3243 2143 3306 2196; x_wconf 71' lang='grc' dir='ltr'><strong>⁸ο.</strong></span> <span class='ocrx_word' id='word_1_529' title='bbox 3342 2163 3358 2193; x_wconf 78' lang='grc' dir='ltr'><strong>ι</strong></span> <span class='ocrx_word' id='word_1_530' title='bbox 3411 2143 3545 2198; x_wconf 73' lang='lat' dir='ltr'><strong>Vide</strong></span> <span class='ocrx_word' id='word_1_531' title='bbox 3579 2143 3684 2196; x_wconf 87' lang='lat' dir='ltr'><strong>ita-</strong></span> 
     </span>
    </p>
   </div>
   <div class='ocr_carea' id='block_1_67' title="bbox 2071 2233 3685 2305">
    <p class='ocr_par' dir='ltr' id='par_1_67' title="bbox 2071 2233 3685 2305">
     <span class='ocr_line' id='line_1_67' title="bbox 2071 2233 3685 2305; baseline -0.001 -16"><span class='ocrx_word' id='word_1_532' title='bbox 2071 2249 2180 2304; x_wconf 89' lang='lat' dir='ltr'><strong>que</strong></span> <span class='ocrx_word' id='word_1_533' title='bbox 2216 2249 2330 2305; x_wconf 92' lang='lat' dir='ltr'><strong>quo</strong></span> <span class='ocrx_word' id='word_1_534' title='bbox 2376 2242 2538 2304; x_wconf 89' lang='lat' dir='ltr'><strong>pacto</strong></span> <span class='ocrx_word' id='word_1_535' title='bbox 2575 2234 2754 2290; x_wconf 89' lang='lat' dir='ltr'><strong>factus</strong></span> <span class='ocrx_word' id='word_1_536' title='bbox 2799 2234 2876 2289; x_wconf 91' lang='lat' dir='ltr'><strong>sit</strong></span> <span class='ocrx_word' id='word_1_537' title='bbox 2923 2233 3118 2299; x_wconf 87' lang='lat' dir='ltr'><strong>Israel,</strong></span> <span class='ocrx_word' id='word_1_538' title='bbox 3157 2233 3263 2288; x_wconf 89' lang='lat' dir='ltr'><strong>hoc</strong></span> <span class='ocrx_word' id='word_1_539' title='bbox 3307 2243 3415 2298; x_wconf 89' lang='lat' dir='ltr'><strong>est,</strong></span> <span class='ocrx_word' id='word_1_540' title='bbox 3484 2234 3685 2288; x_wconf 85' lang='lat' dir='ltr'><strong>videns</strong></span> 
     </span>
    </p>
   </div>
   <div class='ocr_carea' id='block_1_68' title="bbox 2071 2326 3682 2396">
    <p class='ocr_par' dir='ltr' id='par_1_68' title="bbox 2071 2326 3682 2396">
     <span class='ocr_line' id='line_1_68' title="bbox 2071 2326 3682 2396; baseline -0.001 -14"><span class='ocrx_word' id='word_1_541' title='bbox 2071 2327 2265 2382; x_wconf 88' lang='lat' dir='ltr'><strong>Deum.</strong></span> <span class='ocrx_word' id='word_1_542' title='bbox 2289 2327 2558 2383; x_wconf 87' lang='lat' dir='ltr'><strong>Luctante</strong></span> <span class='ocrx_word' id='word_1_543' title='bbox 2581 2327 2806 2383; x_wconf 86' lang='lat' dir='ltr'><strong>homine</strong></span> <span class='ocrx_word' id='word_1_544' title='bbox 2827 2326 3035 2382; x_wconf 82' lang='lat' dir='ltr'><strong>vidisse</strong></span> <span class='ocrx_word' id='word_1_545' title='bbox 3061 2342 3120 2382; x_wconf 92' lang='lat' dir='ltr'><strong>se</strong></span> <span class='ocrx_word' id='word_1_546' title='bbox 3165 2326 3349 2396; x_wconf 89' lang='lat' dir='ltr'><strong>inquit</strong></span> <span class='ocrx_word' id='word_1_547' title='bbox 3399 2327 3573 2382; x_wconf 88' lang='lat' dir='ltr'><strong>Deum</strong></span> <span class='ocrx_word' id='word_1_548' title='bbox 3599 2326 3682 2381; x_wconf 87' lang='lat' dir='ltr'><strong>fa-</strong></span> 
     </span>
    </p>
   </div>
   <div class='ocr_carea' id='block_1_69' title="bbox 2070 2419 3684 2491">
    <p class='ocr_par' dir='ltr' id='par_1_69' title="bbox 2070 2419 3684 2491">
     <span class='ocr_line' id='line_1_69' title="bbox 2070 2419 3684 2491; baseline -0.001 -15"><span class='ocrx_word' id='word_1_549' title='bbox 2070 2422 2157 2477; x_wconf 90' lang='lat' dir='ltr'><strong>cie</strong></span> <span class='ocrx_word' id='word_1_550' title='bbox 2183 2421 2254 2476; x_wconf 89' lang='lat' dir='ltr'><strong>ad</strong></span> <span class='ocrx_word' id='word_1_551' title='bbox 2278 2421 2500 2487; x_wconf 82' lang='lat' dir='ltr'><strong>faciem,</strong></span> <span class='ocrx_word' id='word_1_552' title='bbox 2537 2429 2596 2477; x_wconf 89' lang='lat' dir='ltr'><strong>et</strong></span> <span class='ocrx_word' id='word_1_553' title='bbox 2617 2421 2824 2477; x_wconf 87' lang='lat' dir='ltr'><strong>salvam</strong></span> <span class='ocrx_word' id='word_1_554' title='bbox 2861 2419 3061 2476; x_wconf 86' lang='lat' dir='ltr'><strong>factam</strong></span> <span class='ocrx_word' id='word_1_555' title='bbox 3086 2420 3263 2491; x_wconf 86' lang='lat' dir='ltr'><strong>ipsius</strong></span> <span class='ocrx_word' id='word_1_556' title='bbox 3287 2421 3548 2474; x_wconf 86' lang='lat' dir='ltr'><strong>animam.</strong></span> <span class='ocrx_word' id='word_1_557' title='bbox 3579 2419 3684 2475; x_wconf 78' lang='lat' dir='ltr'><strong>Go-</strong></span> 
     </span>
    </p>
   </div>
   <div class='ocr_carea' id='block_1_70' title="bbox 2069 2513 3681 2586">
    <p class='ocr_par' dir='ltr' id='par_1_70' title="bbox 2069 2513 3681 2586">
     <span class='ocr_line' id='line_1_70' title="bbox 2069 2513 3681 2586; baseline 0 -18"><span class='ocrx_word' id='word_1_558' title='bbox 2069 2513 2246 2585; x_wconf 78' lang='lat' dir='ltr'><strong>gnitio</strong></span> <span class='ocrx_word' id='word_1_559' title='bbox 2273 2514 2425 2570; x_wconf 89' lang='lat' dir='ltr'><strong>enim</strong></span> <span class='ocrx_word' id='word_1_560' title='bbox 2456 2515 2526 2570; x_wconf 89' lang='lat' dir='ltr'><strong>de</strong></span> <span class='ocrx_word' id='word_1_561' title='bbox 2556 2515 2803 2579; x_wconf 87' lang='lat' dir='ltr'><strong>Christo,</strong></span> <span class='ocrx_word' id='word_1_562' title='bbox 2847 2514 3108 2570; x_wconf 88' lang='lat' dir='ltr'><strong>salutaris</strong></span> <span class='ocrx_word' id='word_1_563' title='bbox 3140 2530 3231 2570; x_wconf 91' lang='lat' dir='ltr'><strong>res</strong></span> <span class='ocrx_word' id='word_1_564' title='bbox 3260 2525 3365 2570; x_wconf 88' lang='lat' dir='ltr'><strong>est.</strong></span> <span class='ocrx_word' id='word_1_565' title='bbox 3392 2515 3540 2570; x_wconf 84' lang='lat' dir='ltr'><strong>Deus</strong></span> <span class='ocrx_word' id='word_1_566' title='bbox 3577 2514 3681 2586; x_wconf 79' lang='lat' dir='ltr'><strong>igi-</strong></span> 
     </span>
    </p>
   </div>
   <div class='ocr_carea' id='block_1_71' title="bbox 2071 2608 3679 2666">
    <p class='ocr_par' dir='ltr' id='par_1_71' title="bbox 2071 2608 3679 2666">
     <span class='ocr_line' id='line_1_71' title="bbox 2071 2608 3679 2666; baseline -0.001 -2"><span class='ocrx_word' id='word_1_567' title='bbox 2071 2619 2162 2664; x_wconf 88' lang='lat' dir='ltr'><strong>tur</strong></span> <span class='ocrx_word' id='word_1_568' title='bbox 2203 2608 2373 2664; x_wconf 88' lang='lat' dir='ltr'><strong>etiam</strong></span> <span class='ocrx_word' id='word_1_569' title='bbox 2421 2609 2665 2664; x_wconf 80' lang='lat' dir='ltr'><strong>Verbum</strong></span> <span class='ocrx_word' id='word_1_570' title='bbox 2710 2609 3078 2666; x_wconf 88' lang='lat' dir='ltr'><strong>incarnatum.</strong></span> <span class='ocrx_word' id='word_1_571' title='bbox 3112 2610 3286 2665; x_wconf 88' lang='lat' dir='ltr'><strong>Deum</strong></span> <span class='ocrx_word' id='word_1_572' title='bbox 3327 2609 3477 2664; x_wconf 88' lang='lat' dir='ltr'><strong>enim</strong></span> <span class='ocrx_word' id='word_1_573' title='bbox 3502 2625 3560 2664; x_wconf 91' lang='lat' dir='ltr'><strong>se</strong></span> <span class='ocrx_word' id='word_1_574' title='bbox 3592 2609 3679 2663; x_wconf 83' lang='lat' dir='ltr'><strong>vi-</strong></span> 
     </span>
    </p>
   </div>
   <div class='ocr_carea' id='block_1_72' title="bbox 2068 2703 3680 2776">
    <p class='ocr_par' dir='ltr' id='par_1_72' title="bbox 2068 2703 3680 2776">
     <span class='ocr_line' id='line_1_72' title="bbox 2068 2703 3680 2776; baseline 0.001 -18"><span class='ocrx_word' id='word_1_575' title='bbox 2068 2703 2218 2759; x_wconf 88' lang='lat' dir='ltr'><strong>disse</strong></span> <span class='ocrx_word' id='word_1_576' title='bbox 2253 2703 2332 2758; x_wconf 86' lang='lat' dir='ltr'><strong>ait</strong></span> <span class='ocrx_word' id='word_1_577' title='bbox 2371 2703 2514 2760; x_wconf 84' lang='lat' dir='ltr'><strong>facie</strong></span> <span class='ocrx_word' id='word_1_578' title='bbox 2562 2703 2632 2759; x_wconf 92' lang='lat' dir='ltr'><strong>ad</strong></span> <span class='ocrx_word' id='word_1_579' title='bbox 2658 2703 2854 2760; x_wconf 84' lang='lat' dir='ltr'><strong>faciem</strong></span> <span class='ocrx_word' id='word_1_580' title='bbox 2881 2705 3199 2776; x_wconf 84' lang='lat' dir='ltr'><strong>patriarcha</strong></span> <span class='ocrx_word' id='word_1_581' title='bbox 3231 2704 3422 2759; x_wconf 82' lang='lat' dir='ltr'><strong>Jacob.</strong></span> <span class='ocrx_word' id='word_1_582' title='bbox 3448 2703 3680 2760; x_wconf 82' lang='lat' dir='ltr'><strong>Oriente</strong></span> 
     </span>
    </p>
   </div>
   <div class='ocr_carea' id='block_1_73' title="bbox 2067 2797 3680 2869">
    <p class='ocr_par' dir='ltr' id='par_1_73' title="bbox 2067 2797 3680 2869">
     <span class='ocr_line' id='line_1_73' title="bbox 2067 2797 3680 2869; baseline -0.001 -19"><span class='ocrx_word' id='word_1_583' title='bbox 2067 2804 2253 2852; x_wconf 87' lang='lat' dir='ltr'><strong>autem</strong></span> <span class='ocrx_word' id='word_1_584' title='bbox 2280 2797 2418 2862; x_wconf 91' lang='lat' dir='ltr'><strong>sole,</strong></span> <span class='ocrx_word' id='word_1_585' title='bbox 2454 2816 2474 2849; x_wconf 83' lang='grc'><strong><em>‹</em></strong></span> <span class='ocrx_word' id='word_1_586' title='bbox 2507 2797 2798 2868; x_wconf 70' lang='lat' dir='ltr'><strong>praateriit,</strong></span> <span class='ocrx_word' id='word_1_587' title='bbox 2829 2798 3034 2869; x_wconf 86' lang='lat' dir='ltr'><strong>inquit,</strong></span> <span class='ocrx_word' id='word_1_588' title='bbox 3059 2797 3229 2853; x_wconf 84' lang='lat' dir='ltr'><strong>facies</strong></span> <span class='ocrx_word' id='word_1_589' title='bbox 3251 2797 3370 2863; x_wconf 91' lang='lat' dir='ltr'><strong>Dei,</strong></span> <span class='ocrx_word' id='word_1_590' title='bbox 3401 2797 3518 2866; x_wconf 91' lang='lat' dir='ltr'><strong>ipse</strong></span> <span class='ocrx_word' id='word_1_591' title='bbox 3540 2812 3680 2850; x_wconf 84' lang='lat' dir='ltr'><strong>vero</strong></span> 
     </span>
    </p>
   </div>
   <div class='ocr_carea' id='block_1_74' title="bbox 2066 2883 3675 2952">
    <p class='ocr_par' dir='ltr' id='par_1_74' title="bbox 2066 2883 3675 2952">
     <span class='ocr_line' id='line_1_74' title="bbox 2066 2883 3675 2952; baseline 0.001 -13"><span class='ocrx_word' id='word_1_592' title='bbox 2066 2885 2412 2942; x_wconf 85' lang='lat' dir='ltr'><strong>claudicabat</strong></span> <span class='ocrx_word' id='word_1_593' title='bbox 2444 2883 2654 2942; x_wconf 88' lang='lat' dir='ltr'><strong>femore</strong></span> <span class='ocrx_word' id='word_1_594' title='bbox 2688 2900 2789 2940; x_wconf 87' lang='lat' dir='ltr'><strong>suo</strong></span> <span class='ocrx_word' id='word_1_595' title='bbox 2816 2887 2883 2939; x_wconf 75' lang='grc' dir='ltr'><strong>δι.</strong></span> <span class='ocrx_word' id='word_1_596' title='bbox 2921 2906 2941 2938; x_wconf 78' lang='grc' dir='ltr'><strong>ι</strong></span> <span class='ocrx_word' id='word_1_597' title='bbox 2979 2887 3139 2952; x_wconf 89' lang='lat' dir='ltr'><strong>Nam,</strong></span> <span class='ocrx_word' id='word_1_598' title='bbox 3173 2897 3235 2943; x_wconf 90' lang='lat' dir='ltr'><strong>ut</strong></span> <span class='ocrx_word' id='word_1_599' title='bbox 3257 2886 3422 2942; x_wconf 90' lang='lat' dir='ltr'><strong>modo</strong></span> <span class='ocrx_word' id='word_1_600' title='bbox 3444 2886 3578 2948; x_wconf 84' lang='lat' dir='ltr'><strong>dixi,</strong></span> <span class='ocrx_word' id='word_1_601' title='bbox 3607 2886 3675 2940; x_wconf 92' lang='lat' dir='ltr'><strong>il-</strong></span> 
     </span>
    </p>
   </div>
   <div class='ocr_carea' id='block_1_75' title="bbox 2065 2974 3678 3048">
    <p class='ocr_par' dir='ltr' id='par_1_75' title="bbox 2065 2974 3678 3048">
     <span class='ocr_line' id='line_1_75' title="bbox 2065 2974 3678 3048; baseline 0.003 -19"><span class='ocrx_word' id='word_1_602' title='bbox 2065 2974 2349 3031; x_wconf 88' lang='lat' dir='ltr'><strong>luminatis</strong></span> <span class='ocrx_word' id='word_1_603' title='bbox 2389 2976 2616 3040; x_wconf 70' lang='lat' dir='ltr'><strong>Iudaeis,</strong></span> <span class='ocrx_word' id='word_1_604' title='bbox 2668 2977 2907 3033; x_wconf 84' lang='lat' dir='ltr'><strong>cessavit</strong></span> <span class='ocrx_word' id='word_1_605' title='bbox 2944 2978 3170 3048; x_wconf 89' lang='lat' dir='ltr'><strong>quidem</strong></span> <span class='ocrx_word' id='word_1_606' title='bbox 3199 2980 3368 3034; x_wconf 87' lang='lat' dir='ltr'><strong>lucta.</strong></span> <span class='ocrx_word' id='word_1_607' title='bbox 3401 2979 3678 3034; x_wconf 70' lang='lat' dir='ltr'><strong>I’rzeteriit</strong></span> 
     </span>
    </p>
   </div>
   <div class='ocr_carea' id='block_1_76' title="bbox 2065 3069 3676 3134">
    <p class='ocr_par' dir='ltr' id='par_1_76' title="bbox 2065 3069 3676 3134">
     <span class='ocr_line' id='line_1_76' title="bbox 2065 3069 3676 3134; baseline 0.002 -12"><span class='ocrx_word' id='word_1_608' title='bbox 2065 3075 2252 3124; x_wconf 82' lang='lat' dir='ltr'><strong>autem</strong></span> <span class='ocrx_word' id='word_1_609' title='bbox 2292 3070 2460 3124; x_wconf 87' lang='lat' dir='ltr'><strong>etiam</strong></span> <span class='ocrx_word' id='word_1_610' title='bbox 2498 3069 2668 3125; x_wconf 87' lang='lat' dir='ltr'><strong>facies</strong></span> <span class='ocrx_word' id='word_1_611' title='bbox 2697 3070 2818 3134; x_wconf 88' lang='lat' dir='ltr'><strong>Dei,</strong></span> <span class='ocrx_word' id='word_1_612' title='bbox 2861 3071 2968 3125; x_wconf 89' lang='lat' dir='ltr'><strong>hoc</strong></span> <span class='ocrx_word' id='word_1_613' title='bbox 3002 3078 3109 3134; x_wconf 90' lang='lat' dir='ltr'><strong>est,</strong></span> <span class='ocrx_word' id='word_1_614' title='bbox 3149 3070 3400 3124; x_wconf 65' lang='lat' dir='ltr'><strong>aswndit</strong></span> <span class='ocrx_word' id='word_1_615' title='bbox 3428 3071 3481 3124; x_wconf 87' lang='lat' dir='ltr'><strong>in</strong></span> <span class='ocrx_word' id='word_1_616' title='bbox 3504 3071 3676 3126; x_wconf 56' lang='lat' dir='ltr'><strong>catlos</strong></span> 
     </span>
    </p>
   </div>
   <div class='ocr_carea' id='block_1_77' title="bbox 2067 3161 3674 3219">
    <p class='ocr_par' dir='ltr' id='par_1_77' title="bbox 2067 3161 3674 3219">
     <span class='ocr_line' id='line_1_77' title="bbox 2067 3161 3674 3219; baseline 0.001 -3"><span class='ocrx_word' id='word_1_617' title='bbox 2067 3161 2361 3217; x_wconf 83' lang='lat' dir='ltr'><strong>Christus:</strong></span> <span class='ocrx_word' id='word_1_618' title='bbox 2399 3161 2567 3218; x_wconf 89' lang='lat' dir='ltr'><strong>Israel</strong></span> <span class='ocrx_word' id='word_1_619' title='bbox 2605 3178 2738 3218; x_wconf 90' lang='lat' dir='ltr'><strong>vero</strong></span> <span class='ocrx_word' id='word_1_620' title='bbox 2769 3178 2801 3217; x_wconf 92' lang='lat' dir='ltr'><strong>a</strong></span> <span class='ocrx_word' id='word_1_621' title='bbox 2832 3163 3238 3218; x_wconf 86' lang='lat' dir='ltr'><strong>claudicatione</strong></span> <span class='ocrx_word' id='word_1_622' title='bbox 3261 3163 3535 3218; x_wconf 86' lang='lat' dir='ltr'><strong>liberatus</strong></span> <span class='ocrx_word' id='word_1_623' title='bbox 3562 3180 3674 3219; x_wconf 90' lang='lat' dir='ltr'><strong>non</strong></span> 
     </span>
    </p>
   </div>
   <div class='ocr_carea' id='block_1_78' title="bbox 2067 3248 3674 3320">
    <p class='ocr_par' dir='ltr' id='par_1_78' title="bbox 2067 3248 3674 3320">
     <span class='ocr_line' id='line_1_78' title="bbox 2067 3248 3674 3320; baseline 0.004 -17"><span class='ocrx_word' id='word_1_624' title='bbox 2067 3257 2172 3304; x_wconf 89' lang='lat' dir='ltr'><strong>est.</strong></span> <span class='ocrx_word' id='word_1_625' title='bbox 2194 3248 2386 3320; x_wconf 83' lang='lat' dir='ltr'><strong>Neque</strong></span> <span class='ocrx_word' id='word_1_626' title='bbox 2409 3253 2570 3306; x_wconf 17' lang='lat' dir='ltr'><strong>enim.</strong></span> <span class='ocrx_word' id='word_1_627' title='bbox 2589 3252 2884 3308; x_wconf 86' lang='lat' dir='ltr'><strong>universus</strong></span> <span class='ocrx_word' id='word_1_628' title='bbox 2919 3254 3165 3308; x_wconf 73' lang='lat' dir='ltr'><strong>salvatus</strong></span> <span class='ocrx_word' id='word_1_629' title='bbox 3194 3265 3301 3309; x_wconf 88' lang='lat' dir='ltr'><strong>est.</strong></span> <span class='ocrx_word' id='word_1_630' title='bbox 3338 3254 3552 3309; x_wconf 84' lang='lat' dir='ltr'><strong>Patitur</strong></span> <span class='ocrx_word' id='word_1_631' title='bbox 3571 3270 3674 3310; x_wconf 86' lang='lat' dir='ltr'><strong>au-</strong></span> 
     </span>
    </p>
   </div>
   <div class='ocr_carea' id='block_1_79' title="bbox 2069 3343 3671 3416">
    <p class='ocr_par' dir='ltr' id='par_1_79' title="bbox 2069 3343 3671 3416">
     <span class='ocr_line' id='line_1_79' title="bbox 2069 3343 3671 3416; baseline 0.003 -19"><span class='ocrx_word' id='word_1_632' title='bbox 2069 3352 2179 3398; x_wconf 89' lang='lat' dir='ltr'><strong>tem</strong></span> <span class='ocrx_word' id='word_1_633' title='bbox 2221 3343 2630 3413; x_wconf 89' lang='lat' dir='ltr'><strong>quodammodo</strong></span> <span class='ocrx_word' id='word_1_634' title='bbox 2675 3354 2902 3416; x_wconf 88' lang='lat' dir='ltr'><strong>propter</strong></span> <span class='ocrx_word' id='word_1_635' title='bbox 2937 3345 3256 3402; x_wconf 88' lang='lat' dir='ltr'><strong>incredulos</strong></span> <span class='ocrx_word' id='word_1_636' title='bbox 3297 3347 3503 3411; x_wconf 86' lang='lat' dir='ltr'><strong>adhuc,</strong></span> <span class='ocrx_word' id='word_1_637' title='bbox 3561 3363 3671 3402; x_wconf 84' lang='lat' dir='ltr'><strong>non</strong></span> 
     </span>
    </p>
   </div>
   <div class='ocr_carea' id='block_1_80' title="bbox 2069 3435 3673 3511">
    <p class='ocr_par' dir='ltr' id='par_1_80' title="bbox 2069 3435 3673 3511">
     <span class='ocr_line' id='line_1_80' title="bbox 2069 3435 3673 3511; baseline 0.003 -24"><span class='ocrx_word' id='word_1_638' title='bbox 2069 3435 2125 3488; x_wconf 92' lang='lat' dir='ltr'><strong>in</strong></span> <span class='ocrx_word' id='word_1_639' title='bbox 2166 3435 2489 3490; x_wconf 83' lang='lat' dir='ltr'><strong>universum</strong></span> <span class='ocrx_word' id='word_1_640' title='bbox 2536 3444 2688 3492; x_wconf 88' lang='lat' dir='ltr'><strong>recte</strong></span> <span class='ocrx_word' id='word_1_641' title='bbox 2730 3436 3025 3494; x_wconf 87' lang='lat' dir='ltr'><strong>incedere.’</strong></span> <span class='ocrx_word' id='word_1_642' title='bbox 3046 3437 3481 3509; x_wconf 80' lang='lat' dir='ltr'><strong>Cognominatus</strong></span> <span class='ocrx_word' id='word_1_643' title='bbox 3503 3439 3673 3511; x_wconf 71' lang='lat' dir='ltr'><strong>igitur</strong></span> 
     </span>
    </p>
   </div>
   <div class='ocr_carea' id='block_1_81' title="bbox 2065 3526 3671 3598">
    <p class='ocr_par' dir='ltr' id='par_1_81' title="bbox 2065 3526 3671 3598">
     <span class='ocr_line' id='line_1_81' title="bbox 2065 3526 3671 3598; baseline 0.004 -19"><span class='ocrx_word' id='word_1_644' title='bbox 2065 3534 2152 3580; x_wconf 84' lang='lat' dir='ltr'><strong>est</strong></span> <span class='ocrx_word' id='word_1_645' title='bbox 2181 3526 2372 3593; x_wconf 87' lang='lat' dir='ltr'><strong>Israel,</strong></span> <span class='ocrx_word' id='word_1_646' title='bbox 2413 3537 2468 3584; x_wconf 88' lang='lat' dir='ltr'><strong>et</strong></span> <span class='ocrx_word' id='word_1_647' title='bbox 2497 3529 2883 3598; x_wconf 87' lang='lat' dir='ltr'><strong>supplantator</strong></span> <span class='ocrx_word' id='word_1_648' title='bbox 2903 3531 3204 3586; x_wconf 86' lang='lat' dir='ltr'><strong>translatus</strong></span> <span class='ocrx_word' id='word_1_649' title='bbox 3226 3540 3314 3586; x_wconf 89' lang='lat' dir='ltr'><strong>est</strong></span> <span class='ocrx_word' id='word_1_650' title='bbox 3337 3531 3391 3584; x_wconf 90' lang='lat' dir='ltr'><strong>in</strong></span> <span class='ocrx_word' id='word_1_651' title='bbox 3429 3540 3671 3587; x_wconf 85' lang='lat' dir='ltr'><strong>mentem</strong></span> 
     </span>
    </p>
   </div>
   <div class='ocr_carea' id='block_1_82' title="bbox 2067 3619 3666 3693">
    <p class='ocr_par' dir='ltr' id='par_1_82' title="bbox 2067 3619 3666 3693">
     <span class='ocr_line' id='line_1_82' title="bbox 2067 3619 3666 3693; baseline 0.007 -22"><span class='ocrx_word' id='word_1_652' title='bbox 2067 3619 2348 3675; x_wconf 88' lang='lat' dir='ltr'><strong>videntem</strong></span> <span class='ocrx_word' id='word_1_653' title='bbox 2389 3620 2586 3675; x_wconf 88' lang='lat' dir='ltr'><strong>Deum.</strong></span> <span class='ocrx_word' id='word_1_654' title='bbox 2623 3620 2765 3688; x_wconf 85' lang='lat' dir='ltr'><strong>Quid</strong></span> <span class='ocrx_word' id='word_1_655' title='bbox 2793 3638 2928 3678; x_wconf 85' lang='lat' dir='ltr'><strong>vero</strong></span> <span class='ocrx_word' id='word_1_656' title='bbox 2949 3622 3262 3693; x_wconf 88' lang='lat' dir='ltr'><strong>deinceps?</strong></span> <span class='ocrx_word' id='word_1_657' title='bbox 3312 3643 3330 3675; x_wconf 71' lang='grc' dir='ltr'><strong>ι</strong></span> <span class='ocrx_word' id='word_1_658' title='bbox 3369 3623 3438 3678; x_wconf 86' lang='grc' dir='ltr'>Ει</span> <span class='ocrx_word' id='word_1_659' title='bbox 3475 3623 3666 3688; x_wconf 70' lang='lat' dir='ltr'><strong>Iacob,</strong></span> 
     </span>
    </p>
   </div>
   <div class='ocr_carea' id='block_1_83' title="bbox 2067 3711 3671 3785">
    <p class='ocr_par' dir='ltr' id='par_1_83' title="bbox 2067 3711 3671 3785">
     <span class='ocr_line' id='line_1_83' title="bbox 2067 3711 3671 3785; baseline 0.003 -19"><span class='ocrx_word' id='word_1_660' title='bbox 2067 3712 2269 3782; x_wconf 86' lang='lat' dir='ltr'><strong>inquit,</strong></span> <span class='ocrx_word' id='word_1_661' title='bbox 2301 3711 2539 3785; x_wconf 79' lang='lat' dir='ltr'><strong>discedit</strong></span> <span class='ocrx_word' id='word_1_662' title='bbox 2575 3712 2631 3768; x_wconf 93' lang='lat' dir='ltr'><strong>in</strong></span> <span class='ocrx_word' id='word_1_663' title='bbox 2658 3714 3039 3780; x_wconf 89' lang='lat' dir='ltr'><strong>tabernacula,</strong></span> <span class='ocrx_word' id='word_1_664' title='bbox 3061 3724 3120 3770; x_wconf 93' lang='lat' dir='ltr'><strong>et</strong></span> <span class='ocrx_word' id='word_1_665' title='bbox 3142 3715 3275 3770; x_wconf 90' lang='lat' dir='ltr'><strong>fecit</strong></span> <span class='ocrx_word' id='word_1_666' title='bbox 3295 3715 3402 3770; x_wconf 88' lang='lat' dir='ltr'><strong>sibi</strong></span> <span class='ocrx_word' id='word_1_667' title='bbox 3430 3715 3540 3771; x_wconf 87' lang='lat' dir='ltr'><strong>illic</strong></span> <span class='ocrx_word' id='word_1_668' title='bbox 3565 3717 3671 3771; x_wconf 86' lang='lat' dir='ltr'><strong>do-</strong></span> 
     </span>
    </p>
   </div>
   <div class='ocr_carea' id='block_1_84' title="bbox 2067 3806 3668 3879">
    <p class='ocr_par' dir='ltr' id='par_1_84' title="bbox 2067 3806 3668 3879">
     <span class='ocr_line' id='line_1_84' title="bbox 2067 3806 3668 3879; baseline 0.001 -19"><span class='ocrx_word' id='word_1_669' title='bbox 2067 3820 2206 3870; x_wconf 89' lang='lat' dir='ltr'><strong>mos,</strong></span> <span class='ocrx_word' id='word_1_670' title='bbox 2234 3813 2292 3861; x_wconf 90' lang='lat' dir='ltr'><strong>et</strong></span> <span class='ocrx_word' id='word_1_671' title='bbox 2325 3806 2622 3876; x_wconf 85' lang='lat' dir='ltr'><strong>pecoribus</strong></span> <span class='ocrx_word' id='word_1_672' title='bbox 2656 3807 2774 3862; x_wconf 90' lang='lat' dir='ltr'><strong>suis</strong></span> <span class='ocrx_word' id='word_1_673' title='bbox 2816 3807 2952 3862; x_wconf 88' lang='lat' dir='ltr'><strong>fecit</strong></span> <span class='ocrx_word' id='word_1_674' title='bbox 3004 3807 3402 3863; x_wconf 42' lang='lat' dir='ltr'><strong>tabernaculaa</strong></span> <span class='ocrx_word' id='word_1_675' title='bbox 3434 3809 3668 3879; x_wconf 86' lang='lat' dir='ltr'><strong>Propter</strong></span> 
     </span>
    </p>
   </div>
   <div class='ocr_carea' id='block_1_85' title="bbox 2066 3897 3668 3956">
    <p class='ocr_par' dir='ltr' id='par_1_85' title="bbox 2066 3897 3668 3956">
     <span class='ocr_line' id='line_1_85' title="bbox 2066 3897 3668 3956; baseline 0.002 -4"><span class='ocrx_word' id='word_1_676' title='bbox 2066 3898 2172 3954; x_wconf 90' lang='lat' dir='ltr'><strong>hoc</strong></span> <span class='ocrx_word' id='word_1_677' title='bbox 2207 3897 2423 3954; x_wconf 84' lang='lat' dir='ltr'><strong>vocavit</strong></span> <span class='ocrx_word' id='word_1_678' title='bbox 2462 3914 2664 3954; x_wconf 88' lang='lat' dir='ltr'><strong>nomen</strong></span> <span class='ocrx_word' id='word_1_679' title='bbox 2692 3899 2798 3955; x_wconf 85' lang='lat' dir='ltr'><strong>loci</strong></span> <span class='ocrx_word' id='word_1_680' title='bbox 2833 3899 2983 3956; x_wconf 88' lang='lat' dir='ltr'><strong>illius</strong></span> <span class='ocrx_word' id='word_1_681' title='bbox 3006 3899 3384 3955; x_wconf 87' lang='lat' dir='ltr'><strong>Tabernacula</strong></span> <span class='ocrx_word' id='word_1_682' title='bbox 3407 3903 3472 3955; x_wconf 73' lang='grc' dir='ltr'><strong>δ’.</strong></span> <span class='ocrx_word' id='word_1_683' title='bbox 3507 3920 3524 3951; x_wconf 84' lang='grc' dir='ltr'><strong>ι</strong></span> <span class='ocrx_word' id='word_1_684' title='bbox 3553 3901 3668 3956; x_wconf 79' lang='lat' dir='ltr'><strong>Au-</strong></span> 
     </span>
    </p>
   </div>
   <div class='ocr_carea' id='block_1_86' title="bbox 2065 3993 3668 4065">
    <p class='ocr_par' dir='ltr' id='par_1_86' title="bbox 2065 3993 3668 4065">
     <span class='ocr_line' id='line_1_86' title="bbox 2065 3993 3668 4065; baseline -0.002 -17"><span class='ocrx_word' id='word_1_685' title='bbox 2065 3993 2152 4049; x_wconf 88' lang='lat' dir='ltr'><strong>dis</strong></span> <span class='ocrx_word' id='word_1_686' title='bbox 2195 4009 2306 4063; x_wconf 91' lang='lat' dir='ltr'><strong>quo</strong></span> <span class='ocrx_word' id='word_1_687' title='bbox 2354 4002 2516 4062; x_wconf 89' lang='lat' dir='ltr'><strong>pacto</strong></span> <span class='ocrx_word' id='word_1_688' title='bbox 2557 3994 2828 4049; x_wconf 85' lang='lat' dir='ltr'><strong>habitavit</strong></span> <span class='ocrx_word' id='word_1_689' title='bbox 2874 3994 2932 4049; x_wconf 90' lang='lat' dir='ltr'><strong>in</strong></span> <span class='ocrx_word' id='word_1_690' title='bbox 2973 3993 3246 4050; x_wconf 80' lang='lat' dir='ltr'><strong>tentoriis.</strong></span> <span class='ocrx_word' id='word_1_691' title='bbox 3284 3994 3510 4065; x_wconf 78' lang='lat' dir='ltr'><strong>Signum</strong></span> <span class='ocrx_word' id='word_1_692' title='bbox 3535 4009 3668 4049; x_wconf 78' lang='lat' dir='ltr'><strong>vero</strong></span> 
     </span>
    </p>
   </div>
   <div class='ocr_carea' id='block_1_87' title="bbox 2065 4087 3665 4152">
    <p class='ocr_par' dir='ltr' id='par_1_87' title="bbox 2065 4087 3665 4152">
     <span class='ocr_line' id='line_1_87' title="bbox 2065 4087 3665 4152; baseline -0.001 -10"><span class='ocrx_word' id='word_1_693' title='bbox 2065 4087 2234 4144; x_wconf 88' lang='lat' dir='ltr'><strong>fuerit</strong></span> <span class='ocrx_word' id='word_1_694' title='bbox 2271 4088 2442 4144; x_wconf 87' lang='lat' dir='ltr'><strong>etiam</strong></span> <span class='ocrx_word' id='word_1_695' title='bbox 2498 4088 2603 4143; x_wconf 88' lang='lat' dir='ltr'><strong>hoc</strong></span> <span class='ocrx_word' id='word_1_696' title='bbox 2656 4087 3037 4152; x_wconf 89' lang='lat' dir='ltr'><strong>manifestum,</strong></span> <span class='ocrx_word' id='word_1_697' title='bbox 3084 4095 3326 4142; x_wconf 87' lang='lat' dir='ltr'><strong>mentem</strong></span> <span class='ocrx_word' id='word_1_698' title='bbox 3370 4087 3556 4143; x_wconf 88' lang='lat' dir='ltr'><strong>Israeli</strong></span> <span class='ocrx_word' id='word_1_699' title='bbox 3611 4090 3665 4142; x_wconf 85' lang='lat' dir='ltr'><strong>in</strong></span> 
     </span>
    </p>
   </div>
   <div class='ocr_carea' id='block_1_88' title="bbox 2065 4179 3669 4245">
    <p class='ocr_par' dir='ltr' id='par_1_88' title="bbox 2065 4179 3669 4245">
     <span class='ocr_line' id='line_1_88' title="bbox 2065 4179 3669 4245; baseline 0.001 -12"><span class='ocrx_word' id='word_1_700' title='bbox 2065 4179 2264 4234; x_wconf 88' lang='lat' dir='ltr'><strong>melius</strong></span> <span class='ocrx_word' id='word_1_701' title='bbox 2308 4179 2618 4235; x_wconf 83' lang='lat' dir='ltr'><strong>transferri.</strong></span> <span class='ocrx_word' id='word_1_702' title='bbox 2683 4179 2970 4235; x_wconf 72' lang='lat' dir='ltr'><strong>Exstrnxit</strong></span> <span class='ocrx_word' id='word_1_703' title='bbox 3011 4179 3161 4234; x_wconf 77' lang='lat' dir='ltr'><strong>enim</strong></span> <span class='ocrx_word' id='word_1_704' title='bbox 3198 4179 3574 4245; x_wconf 85' lang='lat' dir='ltr'><strong>tabernacula,</strong></span> <span class='ocrx_word' id='word_1_705' title='bbox 3611 4189 3669 4234; x_wconf 85' lang='lat' dir='ltr'><strong>ot</strong></span> 
     </span>
    </p>
   </div>
   <div class='ocr_carea' id='block_1_89' title="bbox 2064 4270 3666 4344">
    <p class='ocr_par' dir='ltr' id='par_1_89' title="bbox 2064 4270 3666 4344">
     <span class='ocr_line' id='line_1_89' title="bbox 2064 4270 3666 4344; baseline 0.002 -19"><span class='ocrx_word' id='word_1_706' title='bbox 2064 4270 2337 4327; x_wconf 84' lang='lat' dir='ltr'><strong>habitavit</strong></span> <span class='ocrx_word' id='word_1_707' title='bbox 2357 4272 2412 4326; x_wconf 91' lang='lat' dir='ltr'><strong>in</strong></span> <span class='ocrx_word' id='word_1_708' title='bbox 2435 4271 2538 4328; x_wconf 90' lang='lat' dir='ltr'><strong>eis.</strong></span> <span class='ocrx_word' id='word_1_709' title='bbox 2566 4272 2766 4328; x_wconf 83' lang='lat' dir='ltr'><strong>Mentis</strong></span> <span class='ocrx_word' id='word_1_710' title='bbox 2789 4274 2941 4328; x_wconf 83' lang='lat' dir='ltr'><strong>enim</strong></span> <span class='ocrx_word' id='word_1_711' title='bbox 2959 4273 3070 4344; x_wconf 82' lang='lat' dir='ltr'><strong>jam</strong></span> <span class='ocrx_word' id='word_1_712' title='bbox 3097 4273 3400 4338; x_wconf 86' lang='lat' dir='ltr'><strong>cernentis,</strong></span> <span class='ocrx_word' id='word_1_713' title='bbox 3431 4289 3666 4344; x_wconf 68' lang='lat' dir='ltr'><strong>qumque</strong></span> 
     </span>
    </p>
   </div>
   <div class='ocr_carea' id='block_1_90' title="bbox 2064 4363 3664 4435">
    <p class='ocr_par' dir='ltr' id='par_1_90' title="bbox 2064 4363 3664 4435">
     <span class='ocr_line' id='line_1_90' title="bbox 2064 4363 3664 4435; baseline 0.001 -17"><span class='ocrx_word' id='word_1_714' title='bbox 2064 4363 2162 4418; x_wconf 90' lang='lat' dir='ltr'><strong>Dei</strong></span> <span class='ocrx_word' id='word_1_715' title='bbox 2205 4373 2429 4433; x_wconf 89' lang='lat' dir='ltr'><strong>aspectu</strong></span> <span class='ocrx_word' id='word_1_716' title='bbox 2462 4363 2626 4435; x_wconf 75' lang='lat' dir='ltr'><strong>digna</strong></span> <span class='ocrx_word' id='word_1_717' title='bbox 2675 4363 2864 4418; x_wconf 86' lang='lat' dir='ltr'><strong>habita</strong></span> <span class='ocrx_word' id='word_1_718' title='bbox 2903 4363 2993 4427; x_wconf 91' lang='lat' dir='ltr'><strong>sit,</strong></span> <span class='ocrx_word' id='word_1_719' title='bbox 3024 4371 3081 4418; x_wconf 88' lang='lat' dir='ltr'><strong>et</strong></span> <span class='ocrx_word' id='word_1_720' title='bbox 3105 4379 3204 4434; x_wconf 88' lang='lat' dir='ltr'><strong>per</strong></span> <span class='ocrx_word' id='word_1_721' title='bbox 3235 4364 3574 4420; x_wconf 86' lang='lat' dir='ltr'><strong>incrementa</strong></span> <span class='ocrx_word' id='word_1_722' title='bbox 3608 4366 3664 4420; x_wconf 89' lang='lat' dir='ltr'><strong>in</strong></span> 
     </span>
    </p>
   </div>
   <div class='ocr_carea' id='block_1_91' title="bbox 2065 4454 3664 4526">
    <p class='ocr_par' dir='ltr' id='par_1_91' title="bbox 2065 4454 3664 4526">
     <span class='ocr_line' id='line_1_91' title="bbox 2065 4454 3664 4526; baseline 0.001 -18"><span class='ocrx_word' id='word_1_723' title='bbox 2065 4454 2265 4509; x_wconf 85' lang='lat' dir='ltr'><strong>melius</strong></span> <span class='ocrx_word' id='word_1_724' title='bbox 2303 4455 2372 4510; x_wconf 88' lang='lat' dir='ltr'><strong>ad</strong></span> <span class='ocrx_word' id='word_1_725' title='bbox 2410 4456 2810 4526; x_wconf 86' lang='lat' dir='ltr'><strong>perfectionem</strong></span> <span class='ocrx_word' id='word_1_726' title='bbox 2839 4456 3147 4522; x_wconf 88' lang='lat' dir='ltr'><strong>contendit,</strong></span> <span class='ocrx_word' id='word_1_727' title='bbox 3181 4455 3458 4526; x_wconf 89' lang='lat' dir='ltr'><strong>pretiosus</strong></span> <span class='ocrx_word' id='word_1_728' title='bbox 3484 4474 3515 4512; x_wconf 90' lang='lat' dir='ltr'><strong>a</strong></span> <span class='ocrx_word' id='word_1_729' title='bbox 3554 4458 3664 4512; x_wconf 77' lang='lat' dir='ltr'><strong>Deo</strong></span> 
     </span>
    </p>
   </div>
   <div class='ocr_carea' id='block_1_92' title="bbox 349 4547 1965 4624">
    <p class='ocr_par' dir='ltr' id='par_1_92' title="bbox 349 4547 1964 4624">
     <span class='ocr_line' id='line_1_92' title="bbox 349 4547 1964 4624; baseline 0.004 -23"><span class='ocrx_word' id='word_1_730' title='bbox 349 4549 469 4620; x_wconf 83' lang='grc' dir='ltr'>γὰρ</span> <span class='ocrx_word' id='word_1_731' title='bbox 483 4547 585 4620; x_wconf 67' lang='grc' dir='ltr'>ἤδη</span> <span class='ocrx_word' id='word_1_732' title='bbox 611 4548 904 4620; x_wconf 81' lang='grc' dir='ltr'>βλέποντος</span> <span class='ocrx_word' id='word_1_733' title='bbox 921 4550 1018 4604; x_wconf 74' lang='grc' dir='ltr'>καὶ</span> <span class='ocrx_word' id='word_1_734' title='bbox 1037 4549 1378 4624; x_wconf 85' lang='grc' dir='ltr'>θεοπτ[ε]ίας</span> <span class='ocrx_word' id='word_1_735' title='bbox 1395 4549 1830 4623; x_wconf 71' lang='grc' dir='ltr'>ἠξιωμένου,κα“ι</span> <span class='ocrx_word' id='word_1_736' title='bbox 1845 4556 1964 4619; x_wconf 84' lang='grc' dir='ltr'>ταῖς</span> 
     </span>
    </p>
   </div>
   <div class='ocr_carea' id='block_1_93' title="bbox 2069 4547 3663 4624">
    <p class='ocr_par' dir='ltr' id='par_1_93' title="bbox 2069 4548 3663 4622">
     <span class='ocr_line' id='line_1_93' title="bbox 2069 4548 3663 4622; baseline 0.001 -20"><span class='ocrx_word' id='word_1_737' title='bbox 2069 4548 2288 4604; x_wconf 88' lang='lat' dir='ltr'><strong>fructus</strong></span> <span class='ocrx_word' id='word_1_738' title='bbox 2326 4559 2432 4615; x_wconf 88' lang='lat' dir='ltr'><strong>est,</strong></span> <span class='ocrx_word' id='word_1_739' title='bbox 2484 4549 2646 4622; x_wconf 64' lang='grc'><strong>174</strong></span> <span class='ocrx_word' id='word_1_740' title='bbox 2684 4564 2772 4606; x_wconf 89' lang='lat' dir='ltr'><strong>res</strong></span> <span class='ocrx_word' id='word_1_741' title='bbox 2803 4549 3114 4606; x_wconf 90' lang='lat' dir='ltr'><strong>mundanas</strong></span> <span class='ocrx_word' id='word_1_742' title='bbox 3142 4549 3350 4606; x_wconf 86' lang='lat' dir='ltr'><strong>nullius</strong></span> <span class='ocrx_word' id='word_1_743' title='bbox 3376 4550 3539 4621; x_wconf 91' lang='lat' dir='ltr'><strong>plane</strong></span> <span class='ocrx_word' id='word_1_744' title='bbox 3582 4551 3663 4604; x_wconf 89' lang='lat' dir='ltr'><strong>fa-</strong></span> 
     </span>
    </p>
   </div>
   <div class='ocr_carea' id='block_1_94' title="bbox 350 4640 1962 4717">
    <p class='ocr_par' dir='ltr' id='par_1_94' title="bbox 350 4640 1962 4717">
     <span class='ocr_line' id='line_1_94' title="bbox 350 4640 1962 4717; baseline 0.002 -23"><span class='ocrx_word' id='word_1_745' title='bbox 350 4643 438 4707; x_wconf 84' lang='grc' dir='ltr'><strong>είς</strong></span> <span class='ocrx_word' id='word_1_746' title='bbox 471 4641 534 4694; x_wconf 83' lang='grc' dir='ltr'><strong>τὸ</strong></span> <span class='ocrx_word' id='word_1_747' title='bbox 557 4640 784 4710; x_wconf 73' lang='grc' dir='ltr'>ἄμεινον</span> <span class='ocrx_word' id='word_1_748' title='bbox 820 4640 1126 4696; x_wconf 84' lang='grc' dir='ltr'>ὲπιδόσεσιν</span> <span class='ocrx_word' id='word_1_749' title='bbox 1168 4644 1249 4706; x_wconf 85' lang='grc' dir='ltr'><strong>είς</strong></span> <span class='ocrx_word' id='word_1_750' title='bbox 1293 4641 1612 4715; x_wconf 83' lang='grc' dir='ltr'>τελειότητα</span> <span class='ocrx_word' id='word_1_751' title='bbox 1641 4642 1962 4717; x_wconf 79' lang='grc' dir='ltr'>τεθραμμέο</span> 
     </span>
    </p>
   </div>
   <div class='ocr_carea' id='block_1_95' title="bbox 346 4733 1965 4811">
    <p class='ocr_par' dir='ltr' id='par_1_95' title="bbox 346 4733 1965 4811">
     <span class='ocr_line' id='line_1_95' title="bbox 346 4733 1965 4811; baseline 0.004 -25"><span class='ocrx_word' id='word_1_752' title='bbox 346 4751 449 4786; x_wconf 87' lang='grc' dir='ltr'><strong>νου</strong></span> <span class='ocrx_word' id='word_1_753' title='bbox 478 4750 542 4787; x_wconf 89' lang='grc' dir='ltr'><strong>τε</strong></span> <span class='ocrx_word' id='word_1_754' title='bbox 579 4733 678 4786; x_wconf 69' lang='grc' dir='ltr'>καὶ·</span> <span class='ocrx_word' id='word_1_755' title='bbox 699 4733 1044 4800; x_wconf 82' lang='grc' dir='ltr'>ἀναοέοντος,</span> <span class='ocrx_word' id='word_1_756' title='bbox 1074 4735 1288 4805; x_wconf 88' lang='grc' dir='ltr'>καρπὸς</span> <span class='ocrx_word' id='word_1_757' title='bbox 1317 4734 1383 4791; x_wconf 77' lang='grc' dir='ltr'>ἂν</span> <span class='ocrx_word' id='word_1_758' title='bbox 1422 4737 1637 4806; x_wconf 84' lang='grc' dir='ltr'>γένοιτο</span> <span class='ocrx_word' id='word_1_759' title='bbox 1669 4737 1823 4808; x_wconf 80' lang='grc' dir='ltr'>παρὰ</span> <span class='ocrx_word' id='word_1_760' title='bbox 1843 4738 1965 4811; x_wconf 85' lang='grc' dir='ltr'>Θεῷ</span> 
     </span>
    </p>
   </div>
   <div class='ocr_carea' id='block_1_96' title="bbox 345 4824 1963 4897">
    <p class='ocr_par' dir='ltr' id='par_1_96' title="bbox 345 4824 1963 4897">
     <span class='ocr_line' id='line_1_96' title="bbox 345 4824 1963 4897; baseline 0.002 -18"><span class='ocrx_word' id='word_1_761' title='bbox 345 4825 559 4896; x_wconf 84' lang='grc' dir='ltr'>τίμιος,</span> <span class='ocrx_word' id='word_1_762' title='bbox 581 4825 644 4878; x_wconf 89' lang='grc' dir='ltr'><strong>τὸ</strong></span> <span class='ocrx_word' id='word_1_763' title='bbox 684 4824 752 4879; x_wconf 82' lang='grc' dir='ltr'>δι’</span> <span class='ocrx_word' id='word_1_764' title='bbox 788 4825 1008 4888; x_wconf 79' lang='grc' dir='ltr'>οὐδενὸς</span> <span class='ocrx_word' id='word_1_765' title='bbox 1047 4826 1146 4897; x_wconf 77' lang='grc' dir='ltr'><strong>μὲν</strong></span> <span class='ocrx_word' id='word_1_766' title='bbox 1197 4825 1280 4880; x_wconf 82' lang='grc' dir='ltr'>ἔτι</span> <span class='ocrx_word' id='word_1_767' title='bbox 1309 4827 1583 4881; x_wconf 82' lang='grc' dir='ltr'>ποιεῖσθαι</span> <span class='ocrx_word' id='word_1_768' title='bbox 1622 4827 1781 4897; x_wconf 87' lang='grc' dir='ltr'>λόγου</span> <span class='ocrx_word' id='word_1_769' title='bbox 1811 4828 1881 4882; x_wconf 78' lang='grc' dir='ltr'><strong>τά</strong></span> <span class='ocrx_word' id='word_1_770' title='bbox 1905 4831 1963 4883; x_wconf 82' lang='grc' dir='ltr'><strong>ὲν</strong></span> 
     </span>
    </p>
   </div>
   <div class='ocr_carea' id='block_1_97' title="bbox 343 4916 1963 4991">
    <p class='ocr_par' dir='ltr' id='par_1_97' title="bbox 343 4916 1963 4991">
     <span class='ocr_line' id='line_1_97' title="bbox 343 4916 1963 4991; baseline 0.002 -20"><span class='ocrx_word' id='word_1_771' title='bbox 343 4918 495 4989; x_wconf 85' lang='grc' dir='ltr'>τῷδε</span> <span class='ocrx_word' id='word_1_772' title='bbox 545 4916 622 4989; x_wconf 78' lang='grc' dir='ltr'><strong>τῷ</strong></span> <span class='ocrx_word' id='word_1_773' title='bbox 671 4919 866 4989; x_wconf 82' lang='grc' dir='ltr'>κόσμῳ</span> <span class='ocrx_word' id='word_1_774' title='bbox 917 4918 1245 4990; x_wconf 84' lang='grc' dir='ltr'>πράγματα,</span> <span class='ocrx_word' id='word_1_775' title='bbox 1293 4919 1593 4991; x_wconf 85' lang='grc' dir='ltr'>παροικίαν</span> <span class='ocrx_word' id='word_1_776' title='bbox 1654 4920 1712 4974; x_wconf 85' lang='grc' dir='ltr'>δὲ</span> <span class='ocrx_word' id='word_1_777' title='bbox 1761 4920 1963 4991; x_wconf 84' lang='grc' dir='ltr'>μᾶλλον</span> 
     </span>
    </p>
   </div>
   <div class='ocr_carea' id='block_1_98' title="bbox 342 5006 1961 5085">
    <p class='ocr_par' dir='ltr' id='par_1_98' title="bbox 342 5006 1961 5085">
     <span class='ocr_line' id='line_1_98' title="bbox 342 5006 1961 5085; baseline 0.004 -23"><span class='ocrx_word' id='word_1_778' title='bbox 342 5010 567 5063; x_wconf 66' lang='grc' dir='ltr'>οἴεσθαι</span> <span class='ocrx_word' id='word_1_779' title='bbox 594 5009 697 5082; x_wconf 82' lang='grc' dir='ltr'><strong>τὴν</strong></span> <span class='ocrx_word' id='word_1_780' title='bbox 739 5012 798 5064; x_wconf 83' lang='grc' dir='ltr'><strong>ὲν</strong></span> <span class='ocrx_word' id='word_1_781' title='bbox 841 5009 1062 5081; x_wconf 84' lang='grc' dir='ltr'>σώματι</span> <span class='ocrx_word' id='word_1_782' title='bbox 1107 5010 1274 5082; x_wconf 78' lang='grc' dir='ltr'>ζωήν.</span> <span class='ocrx_word' id='word_1_783' title='bbox 1304 5011 1448 5076; x_wconf 87' lang='grc' dir='ltr'>Νοῦς</span> <span class='ocrx_word' id='word_1_784' title='bbox 1478 5012 1587 5085; x_wconf 79' lang='grc' dir='ltr'><strong>γὰρ</strong></span> <span class='ocrx_word' id='word_1_785' title='bbox 1626 5006 1782 5078; x_wconf 71' lang='grc' dir='ltr'>οὗτος</span> <span class='ocrx_word' id='word_1_786' title='bbox 1807 5015 1961 5083; x_wconf 81' lang='grc' dir='ltr'>ἅγιο-</span> 
     </span>
    </p>
   </div>
   <div class='ocr_carea' id='block_1_99' title="bbox 346 5101 1958 5178">
    <p class='ocr_par' dir='ltr' id='par_1_99' title="bbox 346 5101 1958 5178">
     <span class='ocr_line' id='line_1_99' title="bbox 346 5101 1958 5178; baseline 0.001 -20"><span class='ocrx_word' id='word_1_787' title='bbox 346 5101 579 5171; x_wconf 77' lang='grc' dir='ltr'>πρεπὴς</span> <span class='ocrx_word' id='word_1_788' title='bbox 618 5102 714 5154; x_wconf 74' lang='grc' dir='ltr'>καὶ</span> <span class='ocrx_word' id='word_1_789' title='bbox 763 5101 1042 5165; x_wconf 83' lang='grc' dir='ltr'>πολιτείας</span> <span class='ocrx_word' id='word_1_790' title='bbox 1093 5103 1376 5175; x_wconf 80' lang='grc' dir='ltr'>ὲξαιρέτου</span> <span class='ocrx_word' id='word_1_791' title='bbox 1427 5107 1525 5159; x_wconf 79' lang='grc' dir='ltr'>καὶ</span> <span class='ocrx_word' id='word_1_792' title='bbox 1567 5105 1958 5178; x_wconf 81' lang='grc' dir='ltr'>ἀνῳκισμένης</span> 
     </span>
    </p>
   </div>
   <div class='ocr_carea' id='block_1_100' title="bbox 350 5191 1962 5264">
    <p class='ocr_par' dir='ltr' id='par_1_100' title="bbox 350 5191 1962 5264">
     <span class='ocr_line' id='line_1_100' title="bbox 350 5191 1962 5264; baseline 0.006 -21"><span class='ocrx_word' id='word_1_793' title='bbox 350 5194 592 5263; x_wconf 82' lang='grc' dir='ltr'>μήνυσις</span> <span class='ocrx_word' id='word_1_794' title='bbox 645 5191 902 5264; x_wconf 82' lang='grc' dir='ltr'>ἀκριϐής.</span> <span class='ocrx_word' id='word_1_795' title='bbox 957 5193 1174 5248; x_wconf 87' lang='grc' dir='ltr'>Πείθοιο</span> <span class='ocrx_word' id='word_1_796' title='bbox 1226 5194 1364 5251; x_wconf 78' lang='grc' dir='ltr'>δ’ἂν</span> <span class='ocrx_word' id='word_1_797' title='bbox 1419 5197 1501 5260; x_wconf 85' lang='grc' dir='ltr'><strong>είς</strong></span> <span class='ocrx_word' id='word_1_798' title='bbox 1553 5197 1715 5252; x_wconf 87' lang='grc' dir='ltr'>τοῦτο</span> <span class='ocrx_word' id='word_1_799' title='bbox 1770 5198 1962 5253; x_wconf 85' lang='grc' dir='ltr'>λοιπὸν</span> 
     </span>
    </p>
   </div>
   <div class='ocr_carea' id='block_1_101' title="bbox 345 5285 1956 5362">
    <p class='ocr_par' dir='ltr' id='par_1_101' title="bbox 345 5285 1956 5362">
     <span class='ocr_line' id='line_1_101' title="bbox 345 5285 1956 5362; baseline 0.004 -25"><span class='ocrx_word' id='word_1_800' title='bbox 345 5285 638 5356; x_wconf 83' lang='grc' dir='ltr'>ὑπεροχῆς</span> <span class='ocrx_word' id='word_1_801' title='bbox 685 5287 996 5358; x_wconf 82' lang='grc' dir='ltr'>ἀφιγμένου</span> <span class='ocrx_word' id='word_1_802' title='bbox 1047 5289 1142 5342; x_wconf 75' lang='grc' dir='ltr'>καὶ</span> <span class='ocrx_word' id='word_1_803' title='bbox 1193 5289 1491 5360; x_wconf 80' lang='grc' dir='ltr'>ψάλλοντος</span> <span class='ocrx_word' id='word_1_804' title='bbox 1540 5290 1635 5344; x_wconf 86' lang='grc' dir='ltr'><strong>τοῦ</strong></span> <span class='ocrx_word' id='word_1_805' title='bbox 1685 5293 1956 5362; x_wconf 87' lang='grc' dir='ltr'>μακαρίου</span> 
     </span>
    </p>
   </div>
   <div class='ocr_carea' id='block_1_102' title="bbox 348 5379 1960 5455">
    <p class='ocr_par' dir='ltr' id='par_1_102' title="bbox 348 5379 1960 5455">
     <span class='ocr_line' id='line_1_102' title="bbox 348 5379 1960 5455; baseline -0.004 6"><span class='ocrx_word' id='word_1_806' title='bbox 348 5379 542 5434; x_wconf 50' lang='lat' dir='ltr'><strong>Acs“.</strong></span> <span class='ocrx_word' id='word_1_807' title='bbox 587 5398 605 5430; x_wconf 83' lang='lat'>‘</span> <span class='ocrx_word' id='word_1_808' title='bbox 633 5381 794 5444; x_wconf 62' lang='grc' dir='ltr'><strong>’Ᾱνες</strong></span> <span class='ocrx_word' id='word_1_809' title='bbox 821 5398 934 5451; x_wconf 60' lang='grc' dir='ltr'><strong>μοι’</strong></span> <span class='ocrx_word' id='word_1_810' title='bbox 970 5382 1054 5436; x_wconf 66' lang='grc' dir='ltr'><strong>δτι</strong></span> <span class='ocrx_word' id='word_1_811' title='bbox 1102 5382 1370 5453; x_wconf 73' lang='grc' dir='ltr'><strong>πάροικος</strong></span> <span class='ocrx_word' id='word_1_812' title='bbox 1397 5381 1511 5451; x_wconf 62' lang='grc' dir='ltr'><strong>ὲγώ</strong></span> <span class='ocrx_word' id='word_1_813' title='bbox 1539 5385 1655 5454; x_wconf 85' lang='grc' dir='ltr'>εἰμι</span> <span class='ocrx_word' id='word_1_814' title='bbox 1700 5386 1758 5437; x_wconf 82' lang='grc' dir='ltr'><strong>ὲν</strong></span> <span class='ocrx_word' id='word_1_815' title='bbox 1789 5385 1855 5455; x_wconf 70' lang='grc' dir='ltr'>τῇ</span> <span class='ocrx_word' id='word_1_816' title='bbox 1889 5386 1960 5454; x_wconf 80' lang='grc' dir='ltr'>γῇ</span> 
     </span>
    </p>
   </div>
   <div class='ocr_carea' id='block_1_103' title="bbox 346 5472 1955 5548">
    <p class='ocr_par' dir='ltr' id='par_1_103' title="bbox 346 5472 1955 5548">
     <span class='ocr_line' id='line_1_103' title="bbox 346 5472 1955 5548; baseline 0.001 -22"><span class='ocrx_word' id='word_1_817' title='bbox 346 5474 452 5527; x_wconf 73' lang='grc' dir='ltr'>καὶ</span> <span class='ocrx_word' id='word_1_818' title='bbox 503 5472 913 5544; x_wconf 80' lang='grc' dir='ltr'>παρεπίδημος,</span> <span class='ocrx_word' id='word_1_819' title='bbox 945 5473 1131 5538; x_wconf 82' lang='grc' dir='ltr'>καθὼς</span> <span class='ocrx_word' id='word_1_820' title='bbox 1166 5475 1370 5539; x_wconf 78' lang='grc' dir='ltr'>πάντες</span> <span class='ocrx_word' id='word_1_821' title='bbox 1417 5477 1467 5528; x_wconf 82' lang='lat' dir='ltr'><strong>ot</strong></span> <span class='ocrx_word' id='word_1_822' title='bbox 1511 5477 1754 5544; x_wconf 77' lang='grc' dir='ltr'>πατέρες</span> <span class='ocrx_word' id='word_1_823' title='bbox 1789 5494 1910 5548; x_wconf 81' lang='grc' dir='ltr'>μου.</span> <span class='ocrx_word' id='word_1_824' title='bbox 1939 5497 1955 5526; x_wconf 80' lang='grc' dir='ltr'><strong>ι</strong></span> 
     </span>
    </p>
   </div>
   <div class='ocr_carea' id='block_1_104' title="bbox 345 5563 1960 5639">
    <p class='ocr_par' dir='ltr' id='par_1_104' title="bbox 345 5563 1960 5639">
     <span class='ocr_line' id='line_1_104' title="bbox 345 5563 1960 5639; baseline 0.002 -21"><span class='ocrx_word' id='word_1_825' title='bbox 345 5564 566 5636; x_wconf 71' lang='grc' dir='ltr'>Γράφει</span> <span class='ocrx_word' id='word_1_826' title='bbox 603 5563 660 5618; x_wconf 82' lang='grc' dir='ltr'>δὲ</span> <span class='ocrx_word' id='word_1_827' title='bbox 715 5564 812 5617; x_wconf 77' lang='grc' dir='ltr'>καὶ</span> <span class='ocrx_word' id='word_1_828' title='bbox 872 5567 902 5617; x_wconf 91' lang='lat'><strong>6</strong></span> <span class='ocrx_word' id='word_1_829' title='bbox 955 5565 1178 5628; x_wconf 82' lang='grc' dir='ltr'>Παῦλος</span> <span class='ocrx_word' id='word_1_830' title='bbox 1223 5568 1336 5631; x_wconf 82' lang='grc' dir='ltr'>τοῖς</span> <span class='ocrx_word' id='word_1_831' title='bbox 1386 5569 1468 5631; x_wconf 84' lang='grc' dir='ltr'><strong>είς</strong></span> <span class='ocrx_word' id='word_1_832' title='bbox 1516 5566 1713 5639; x_wconf 85' lang='grc' dir='ltr'>μέτρον</span> <span class='ocrx_word' id='word_1_833' title='bbox 1745 5569 1960 5639; x_wconf 77' lang='grc' dir='ltr'>ἡλικίας</span> 
     </span>
    </p>
   </div>
   <div class='ocr_carea' id='block_1_105' title="bbox 350 5655 1960 5732">
    <p class='ocr_par' dir='ltr' id='par_1_105' title="bbox 350 5655 1960 5732">
     <span class='ocr_line' id='line_1_105' title="bbox 350 5655 1960 5732; baseline 0.002 -21"><span class='ocrx_word' id='word_1_834' title='bbox 350 5655 552 5724; x_wconf 69' lang='grc' dir='ltr'>ἥκουσι</span> <span class='ocrx_word' id='word_1_835' title='bbox 594 5656 687 5711; x_wconf 86' lang='grc' dir='ltr'><strong>τοῦ</strong></span> <span class='ocrx_word' id='word_1_836' title='bbox 732 5656 1106 5729; x_wconf 80' lang='grc' dir='ltr'>πληρώματος</span> <span class='ocrx_word' id='word_1_837' title='bbox 1151 5657 1242 5722; x_wconf 82' lang='grc' dir='ltr'><strong>τοῦ</strong></span> <span class='ocrx_word' id='word_1_838' title='bbox 1273 5658 1536 5730; x_wconf 81' lang='grc' dir='ltr'>Χριστοῦ,</span> <span class='ocrx_word' id='word_1_839' title='bbox 1565 5662 1659 5714; x_wconf 70' lang='grc' dir='ltr'><strong>καὶ</strong></span> <span class='ocrx_word' id='word_1_840' title='bbox 1689 5663 1764 5724; x_wconf 82' lang='grc' dir='ltr'><strong>εἰς</strong></span> <span class='ocrx_word' id='word_1_841' title='bbox 1789 5660 1960 5732; x_wconf 78' lang='grc' dir='ltr'>ἄνδρα</span> 
     </span>
    </p>
   </div>
   <div class='ocr_carea' id='block_1_106' title="bbox 427 5839 1928 5901">
    <p class='ocr_par' dir='ltr' id='par_1_106' title="bbox 427 5839 1928 5901">
     <span class='ocr_line' id='line_1_106' title="bbox 427 5839 1928 5901; baseline 0.006 -8"><span class='ocrx_word' id='word_1_842' title='bbox 427 5839 634 5894; x_wconf 77' lang='lat' dir='ltr'><strong>&quot;Gen.</strong></span> <span class='ocrx_word' id='word_1_843' title='bbox 683 5843 962 5901; x_wconf 73' lang='lat' dir='ltr'><strong>xxxn.29.</strong></span> <span class='ocrx_word' id='word_1_844' title='bbox 1044 5845 1087 5874; x_wconf 80' lang='lat'><strong>&quot;&quot;</strong></span> <span class='ocrx_word' id='word_1_845' title='bbox 1119 5844 1255 5900; x_wconf 89' lang='lat' dir='ltr'><strong>Ibid.</strong></span> <span class='ocrx_word' id='word_1_846' title='bbox 1287 5843 1373 5900; x_wconf 71' lang='grc' dir='ltr'><strong>ὅθ.</strong></span> <span class='ocrx_word' id='word_1_847' title='bbox 1455 5847 1491 5876; x_wconf 66' lang='grc'><strong>³⁸</strong></span> <span class='ocrx_word' id='word_1_848' title='bbox 1535 5846 1675 5901; x_wconf 77' lang='lat' dir='ltr'><strong>Ibid.</strong></span> <span class='ocrx_word' id='word_1_849' title='bbox 1721 5849 1777 5901; x_wconf 72' lang='lat'><strong>3|</strong></span> <span class='ocrx_word' id='word_1_850' title='bbox 1885 5850 1928 5879; x_wconf 63' lang='grc' dir='ltr'>δ’</span> 
     </span>
    </p>
   </div>
   <div class='ocr_carea' id='block_1_107' title="bbox 1953 5852 2417 5913">
    <p class='ocr_par' dir='ltr' id='par_1_107' title="bbox 1953 5852 2417 5913">
     <span class='ocr_line' id='line_1_107' title="bbox 1953 5852 2417 5913; baseline 0.004 -11"><span class='ocrx_word' id='word_1_851' title='bbox 1953 5852 2086 5904; x_wconf 57' lang='lat' dir='ltr'><strong>Gen.</strong></span> <span class='ocrx_word' id='word_1_852' title='bbox 2134 5868 2314 5913; x_wconf 62' lang='lat' dir='ltr'><strong>“uti,</strong></span> <span class='ocrx_word' id='word_1_853' title='bbox 2361 5852 2417 5904; x_wconf 82' lang='lat' dir='ltr'><strong>I7</strong></span> 
     </span>
    </p>
   </div>
   <div class='ocr_carea' id='block_1_108' title="bbox 2065 4643 3663 4715">
    <p class='ocr_par' dir='ltr' id='par_1_108' title="bbox 2065 4643 3663 4715">
     <span class='ocr_line' id='line_1_108' title="bbox 2065 4643 3663 4715; baseline 0 -17"><span class='ocrx_word' id='word_1_854' title='bbox 2065 4659 2211 4705; x_wconf 87' lang='lat' dir='ltr'><strong>cere,</strong></span> <span class='ocrx_word' id='word_1_855' title='bbox 2255 4652 2311 4698; x_wconf 90' lang='lat' dir='ltr'><strong>at</strong></span> <span class='ocrx_word' id='word_1_856' title='bbox 2352 4644 2535 4714; x_wconf 81' lang='lat' dir='ltr'><strong>potius</strong></span> <span class='ocrx_word' id='word_1_857' title='bbox 2582 4643 2752 4698; x_wconf 86' lang='lat' dir='ltr'><strong>vitam</strong></span> <span class='ocrx_word' id='word_1_858' title='bbox 2798 4643 2854 4697; x_wconf 93' lang='lat' dir='ltr'><strong>in</strong></span> <span class='ocrx_word' id='word_1_859' title='bbox 2900 4658 3130 4714; x_wconf 91' lang='lat' dir='ltr'><strong>corpore</strong></span> <span class='ocrx_word' id='word_1_860' title='bbox 3164 4643 3663 4715; x_wconf 74' lang='lat' dir='ltr'><strong>peregrinationem</strong></span> 
     </span>
    </p>
   </div>
   <div class='ocr_carea' id='block_1_109' title="bbox 2063 4733 3664 4826">
    <p class='ocr_par' dir='ltr' id='par_1_109' title="bbox 2063 4733 3664 4826">
     <span class='ocr_line' id='line_1_109' title="bbox 2063 4733 3664 4826; baseline -0.001 -37"><span class='ocrx_word' id='word_1_861' title='bbox 2063 4734 2404 4790; x_wconf 78' lang='lat' dir='ltr'><strong>existimare.</strong></span> <span class='ocrx_word' id='word_1_862' title='bbox 2454 4735 2531 4826; x_wconf 39' lang='lat' dir='ltr'><strong>E‘a</strong></span> <span class='ocrx_word' id='word_1_863' title='bbox 2581 4735 2730 4790; x_wconf 88' lang='lat' dir='ltr'><strong>enim</strong></span> <span class='ocrx_word' id='word_1_864' title='bbox 2774 4749 2932 4789; x_wconf 90' lang='lat' dir='ltr'><strong>mens</strong></span> <span class='ocrx_word' id='word_1_865' title='bbox 2971 4734 3159 4790; x_wconf 88' lang='lat' dir='ltr'><strong>divina</strong></span> <span class='ocrx_word' id='word_1_866' title='bbox 3193 4743 3300 4798; x_wconf 91' lang='lat' dir='ltr'><strong>est,</strong></span> <span class='ocrx_word' id='word_1_867' title='bbox 3338 4733 3664 4805; x_wconf 63' lang='lat' dir='ltr'><strong>exuuiaeque</strong></span> 
     </span>
    </p>
   </div>
   <div class='ocr_carea' id='block_1_110' title="bbox 2065 4826 3663 4898">
    <p class='ocr_par' dir='ltr' id='par_1_110' title="bbox 2065 4826 3663 4898">
     <span class='ocr_line' id='line_1_110' title="bbox 2065 4826 3663 4898; baseline -0.003 -15"><span class='ocrx_word' id='word_1_868' title='bbox 2065 4829 2191 4883; x_wconf 68' lang='lat' dir='ltr'><strong>vitae</strong></span> <span class='ocrx_word' id='word_1_869' title='bbox 2221 4828 2574 4884; x_wconf 90' lang='lat' dir='ltr'><strong>manifestum</strong></span> <span class='ocrx_word' id='word_1_870' title='bbox 2609 4827 2681 4883; x_wconf 89' lang='lat' dir='ltr'><strong>de</strong></span> <span class='ocrx_word' id='word_1_871' title='bbox 2717 4842 2776 4883; x_wconf 89' lang='lat' dir='ltr'><strong>se</strong></span> <span class='ocrx_word' id='word_1_872' title='bbox 2802 4828 3082 4898; x_wconf 80' lang='lat' dir='ltr'><strong>specimen</strong></span> <span class='ocrx_word' id='word_1_873' title='bbox 3109 4827 3335 4898; x_wconf 82' lang='lat' dir='ltr'><strong>praebet.</strong></span> <span class='ocrx_word' id='word_1_874' title='bbox 3361 4826 3502 4880; x_wconf 82' lang='lat' dir='ltr'><strong>Audi</strong></span> <span class='ocrx_word' id='word_1_875' title='bbox 3531 4841 3663 4880; x_wconf 82' lang='lat' dir='ltr'><strong>vero</strong></span> 
     </span>
    </p>
   </div>
   <div class='ocr_carea' id='block_1_111' title="bbox 2065 4917 3661 4988">
    <p class='ocr_par' dir='ltr' id='par_1_111' title="bbox 2065 4917 3661 4988">
     <span class='ocr_line' id='line_1_111' title="bbox 2065 4917 3661 4988; baseline -0.004 -11"><span class='ocrx_word' id='word_1_876' title='bbox 2065 4921 2288 4977; x_wconf 85' lang='lat' dir='ltr'><strong>beatum</strong></span> <span class='ocrx_word' id='word_1_877' title='bbox 2319 4921 2487 4978; x_wconf 87' lang='lat' dir='ltr'><strong>David</strong></span> <span class='ocrx_word' id='word_1_878' title='bbox 2509 4920 2580 4975; x_wconf 90' lang='lat' dir='ltr'><strong>ad</strong></span> <span class='ocrx_word' id='word_1_879' title='bbox 2606 4919 2749 4975; x_wconf 88' lang='lat' dir='ltr'><strong>hanc</strong></span> <span class='ocrx_word' id='word_1_880' title='bbox 2771 4919 3158 4974; x_wconf 83' lang='lat' dir='ltr'><strong>excellentiam</strong></span> <span class='ocrx_word' id='word_1_881' title='bbox 3187 4917 3539 4988; x_wconf 80' lang='lat' dir='ltr'><strong>perductum,</strong></span> <span class='ocrx_word' id='word_1_882' title='bbox 3575 4917 3661 4970; x_wconf 86' lang='lat' dir='ltr'><strong>di-</strong></span> 
     </span>
    </p>
   </div>
   <div class='ocr_carea' id='block_1_112' title="bbox 2067 5009 3662 5080">
    <p class='ocr_par' dir='ltr' id='par_1_112' title="bbox 2067 5009 3662 5080">
     <span class='ocr_line' id='line_1_112' title="bbox 2067 5009 3662 5080; baseline -0.004 -10"><span class='ocrx_word' id='word_1_883' title='bbox 2067 5025 2286 5071; x_wconf 83' lang='lat' dir='ltr'><strong>centem</strong></span> <span class='ocrx_word' id='word_1_884' title='bbox 2313 5033 2326 5070; x_wconf 90' lang='lat'>:</span> <span class='ocrx_word' id='word_1_885' title='bbox 2374 5035 2392 5066; x_wconf 77' lang='grc' dir='ltr'><strong>ι</strong></span> <span class='ocrx_word' id='word_1_886' title='bbox 2424 5014 2666 5070; x_wconf 83' lang='lat' dir='ltr'><strong>Remitte</strong></span> <span class='ocrx_word' id='word_1_887' title='bbox 2713 5013 2872 5075; x_wconf 86' lang='lat' dir='ltr'><strong>mihi,</strong></span> <span class='ocrx_word' id='word_1_888' title='bbox 2916 5010 3059 5080; x_wconf 87' lang='lat' dir='ltr'><strong>quia.</strong></span> <span class='ocrx_word' id='word_1_889' title='bbox 3087 5010 3298 5064; x_wconf 80' lang='lat' dir='ltr'><strong>advena</strong></span> <span class='ocrx_word' id='word_1_890' title='bbox 3327 5024 3428 5080; x_wconf 82' lang='lat' dir='ltr'><strong>ego</strong></span> <span class='ocrx_word' id='word_1_891' title='bbox 3451 5025 3573 5062; x_wconf 88' lang='lat' dir='ltr'><strong>sum</strong></span> <span class='ocrx_word' id='word_1_892' title='bbox 3607 5009 3662 5063; x_wconf 87' lang='lat' dir='ltr'><strong>in</strong></span> 
     </span>
    </p>
   </div>
   <div class='ocr_carea' id='block_1_113' title="bbox 2069 5099 3654 5176">
    <p class='ocr_par' dir='ltr' id='par_1_113' title="bbox 2069 5099 3654 5176">
     <span class='ocr_line' id='line_1_113' title="bbox 2069 5099 3654 5176; baseline -0.004 -18"><span class='ocrx_word' id='word_1_893' title='bbox 2069 5113 2239 5170; x_wconf 90' lang='lat' dir='ltr'><strong>terra,</strong></span> <span class='ocrx_word' id='word_1_894' title='bbox 2291 5113 2349 5161; x_wconf 89' lang='lat' dir='ltr'><strong>et</strong></span> <span class='ocrx_word' id='word_1_895' title='bbox 2389 5105 2736 5176; x_wconf 80' lang='lat' dir='ltr'><strong>peregrinus,</strong></span> <span class='ocrx_word' id='word_1_896' title='bbox 2786 5103 2940 5158; x_wconf 78' lang='lat' dir='ltr'><strong>sicut</strong></span> <span class='ocrx_word' id='word_1_897' title='bbox 2973 5116 3166 5156; x_wconf 89' lang='lat' dir='ltr'><strong>omnes</strong></span> <span class='ocrx_word' id='word_1_898' title='bbox 3203 5109 3388 5171; x_wconf 89' lang='lat' dir='ltr'><strong>patres</strong></span> <span class='ocrx_word' id='word_1_899' title='bbox 3404 5099 3518 5155; x_wconf 85' lang='lat' dir='ltr'><strong>mei</strong></span> <span class='ocrx_word' id='word_1_900' title='bbox 3541 5101 3604 5154; x_wconf 67' lang='grc'><strong>⁵³.</strong></span> <span class='ocrx_word' id='word_1_901' title='bbox 3638 5123 3654 5152; x_wconf 71' lang='grc' dir='ltr'><strong>ι</strong></span> 
     </span>
    </p>
   </div>
   <div class='ocr_carea' id='block_1_114' title="bbox 2067 5193 3661 5263">
    <p class='ocr_par' dir='ltr' id='par_1_114' title="bbox 2067 5193 3661 5263">
     <span class='ocr_line' id='line_1_114' title="bbox 2067 5193 3661 5263; baseline -0.003 -11"><span class='ocrx_word' id='word_1_902' title='bbox 2067 5197 2276 5252; x_wconf 88' lang='lat' dir='ltr'><strong>Scribit</strong></span> <span class='ocrx_word' id='word_1_903' title='bbox 2325 5212 2459 5253; x_wconf 84' lang='lat' dir='ltr'><strong>vero</strong></span> <span class='ocrx_word' id='word_1_904' title='bbox 2500 5195 2667 5250; x_wconf 88' lang='lat' dir='ltr'><strong>etiam</strong></span> <span class='ocrx_word' id='word_1_905' title='bbox 2719 5195 2940 5260; x_wconf 84' lang='lat' dir='ltr'><strong>Paulus,</strong></span> <span class='ocrx_word' id='word_1_906' title='bbox 2994 5193 3064 5251; x_wconf 84' lang='lat' dir='ltr'><strong>iis</strong></span> <span class='ocrx_word' id='word_1_907' title='bbox 3096 5193 3194 5263; x_wconf 88' lang='lat' dir='ltr'><strong>qui</strong></span> <span class='ocrx_word' id='word_1_908' title='bbox 3235 5193 3304 5249; x_wconf 90' lang='lat' dir='ltr'><strong>ad</strong></span> <span class='ocrx_word' id='word_1_909' title='bbox 3343 5208 3661 5249; x_wconf 88' lang='lat' dir='ltr'><strong>mensuram</strong></span> 
     </span>
    </p>
   </div>
   <div class='ocr_carea' id='block_1_115' title="bbox 2065 5283 3660 5357">
    <p class='ocr_par' dir='ltr' id='par_1_115' title="bbox 2065 5283 3660 5357">
     <span class='ocr_line' id='line_1_115' title="bbox 2065 5283 3660 5357; baseline -0.003 -13"><span class='ocrx_word' id='word_1_910' title='bbox 2065 5290 2244 5344; x_wconf 73' lang='lat' dir='ltr'><strong>aetatis</strong></span> <span class='ocrx_word' id='word_1_911' title='bbox 2292 5286 2549 5342; x_wconf 87' lang='lat' dir='ltr'><strong>venerint</strong></span> <span class='ocrx_word' id='word_1_912' title='bbox 2581 5283 2944 5355; x_wconf 86' lang='lat' dir='ltr'><strong>plenitudinis</strong></span> <span class='ocrx_word' id='word_1_913' title='bbox 2989 5284 3218 5349; x_wconf 83' lang='lat' dir='ltr'><strong>Christi,</strong></span> <span class='ocrx_word' id='word_1_914' title='bbox 3258 5285 3464 5357; x_wconf 88' lang='lat' dir='ltr'><strong>quique</strong></span> <span class='ocrx_word' id='word_1_915' title='bbox 3498 5285 3554 5340; x_wconf 87' lang='lat' dir='ltr'><strong>in</strong></span> <span class='ocrx_word' id='word_1_916' title='bbox 3577 5286 3660 5340; x_wconf 73' lang='lat' dir='ltr'><strong>vi—</strong></span> 
     </span>
    </p>
   </div>
   <div class='ocr_carea' id='block_1_116' title="bbox 2066 5374 3660 5450">
    <p class='ocr_par' dir='ltr' id='par_1_116' title="bbox 2066 5374 3660 5450">
     <span class='ocr_line' id='line_1_116' title="bbox 2066 5374 3660 5450; baseline -0.003 -16"><span class='ocrx_word' id='word_1_917' title='bbox 2066 5395 2189 5435; x_wconf 82' lang='lat' dir='ltr'><strong>rum</strong></span> <span class='ocrx_word' id='word_1_918' title='bbox 2223 5378 2530 5450; x_wconf 86' lang='lat' dir='ltr'><strong>perfectum</strong></span> <span class='ocrx_word' id='word_1_919' title='bbox 2564 5375 2882 5433; x_wconf 85' lang='lat' dir='ltr'><strong>evaserint:</strong></span> <span class='ocrx_word' id='word_1_920' title='bbox 2916 5395 2934 5426; x_wconf 78' lang='grc' dir='ltr'><strong>ι</strong></span> <span class='ocrx_word' id='word_1_921' title='bbox 2962 5374 3084 5432; x_wconf 83' lang='lat' dir='ltr'><strong>Non</strong></span> <span class='ocrx_word' id='word_1_922' title='bbox 3118 5375 3388 5432; x_wconf 86' lang='lat' dir='ltr'><strong>habemus</strong></span> <span class='ocrx_word' id='word_1_923' title='bbox 3426 5375 3517 5431; x_wconf 90' lang='lat' dir='ltr'><strong>hic</strong></span> <span class='ocrx_word' id='word_1_924' title='bbox 3543 5391 3660 5430; x_wconf 86' lang='lat' dir='ltr'><strong>ma-</strong></span> 
     </span>
    </p>
   </div>
   <div class='ocr_carea' id='block_1_117' title="bbox 2065 5466 3658 5540">
    <p class='ocr_par' dir='ltr' id='par_1_117' title="bbox 2065 5466 3658 5540">
     <span class='ocr_line' id='line_1_117' title="bbox 2065 5466 3658 5540; baseline -0.006 -12"><span class='ocrx_word' id='word_1_925' title='bbox 2065 5479 2288 5528; x_wconf 91' lang='lat' dir='ltr'><strong>nentem</strong></span> <span class='ocrx_word' id='word_1_926' title='bbox 2310 5469 2615 5530; x_wconf 87' lang='lat' dir='ltr'><strong>civitatem.</strong></span> <span class='ocrx_word' id='word_1_927' title='bbox 2648 5468 2745 5525; x_wconf 88' lang='lat' dir='ltr'><strong>sed</strong></span> <span class='ocrx_word' id='word_1_928' title='bbox 2765 5468 3010 5525; x_wconf 88' lang='lat' dir='ltr'><strong>futuram</strong></span> <span class='ocrx_word' id='word_1_929' title='bbox 3037 5469 3370 5540; x_wconf 89' lang='lat' dir='ltr'><strong>inquirimus</strong></span> <span class='ocrx_word' id='word_1_930' title='bbox 3403 5466 3467 5533; x_wconf 69' lang='lat'><strong>“,</strong></span> <span class='ocrx_word' id='word_1_931' title='bbox 3505 5485 3521 5519; x_wconf 69' lang='grc' dir='ltr'><strong>ι</strong></span> <span class='ocrx_word' id='word_1_932' title='bbox 3559 5484 3658 5519; x_wconf 82' lang='lat' dir='ltr'><strong>cu-</strong></span> 
     </span>
    </p>
   </div>
   <div class='ocr_carea' id='block_1_118' title="bbox 2061 5557 3658 5635">
    <p class='ocr_par' dir='ltr' id='par_1_118' title="bbox 2061 5557 3658 5635">
     <span class='ocr_line' id='line_1_118' title="bbox 2061 5557 3658 5635; baseline -0.004 -15"><span class='ocrx_word' id='word_1_933' title='bbox 2061 5567 2151 5635; x_wconf 80' lang='lat' dir='ltr'><strong>jus</strong></span> <span class='ocrx_word' id='word_1_934' title='bbox 2201 5562 2387 5633; x_wconf 82' lang='lat' dir='ltr'><strong>opifex</strong></span> <span class='ocrx_word' id='word_1_935' title='bbox 2426 5572 2484 5618; x_wconf 87' lang='lat' dir='ltr'><strong>et</strong></span> <span class='ocrx_word' id='word_1_936' title='bbox 2520 5561 2750 5616; x_wconf 86' lang='lat' dir='ltr'><strong>molitor</strong></span> <span class='ocrx_word' id='word_1_937' title='bbox 2784 5569 2873 5616; x_wconf 90' lang='lat' dir='ltr'><strong>est</strong></span> <span class='ocrx_word' id='word_1_938' title='bbox 2923 5561 3087 5617; x_wconf 91' lang='lat' dir='ltr'><strong>Deus.</strong></span> <span class='ocrx_word' id='word_1_939' title='bbox 3134 5560 3304 5617; x_wconf 75' lang='lat' dir='ltr'><strong>Iacob</strong></span> <span class='ocrx_word' id='word_1_940' title='bbox 3332 5561 3516 5627; x_wconf 87' lang='lat' dir='ltr'><strong>itaque</strong></span> <span class='ocrx_word' id='word_1_941' title='bbox 3542 5557 3658 5613; x_wconf 75' lang='lat' dir='ltr'><strong>sive</strong></span> 
     </span>
    </p>
   </div>
   <div class='ocr_carea' id='block_1_119' title="bbox 2068 5647 3658 5722">
    <p class='ocr_par' dir='ltr' id='par_1_119' title="bbox 2068 5647 3658 5722">
     <span class='ocr_line' id='line_1_119' title="bbox 2068 5647 3658 5722; baseline -0.008 -8"><span class='ocrx_word' id='word_1_942' title='bbox 2068 5660 2233 5714; x_wconf 79' lang='lat' dir='ltr'><strong>Israel</strong></span> <span class='ocrx_word' id='word_1_943' title='bbox 2273 5658 2326 5712; x_wconf 89' lang='lat' dir='ltr'><strong>in</strong></span> <span class='ocrx_word' id='word_1_944' title='bbox 2361 5655 2735 5712; x_wconf 78' lang='lat' dir='ltr'><strong>tabernaculis</strong></span> <span class='ocrx_word' id='word_1_945' title='bbox 2759 5655 3034 5717; x_wconf 84' lang='lat' dir='ltr'><strong>habitans,</strong></span> <span class='ocrx_word' id='word_1_946' title='bbox 3068 5653 3282 5722; x_wconf 79' lang='lat' dir='ltr'><strong>signum</strong></span> <span class='ocrx_word' id='word_1_947' title='bbox 3315 5649 3537 5704; x_wconf 70' lang='lat' dir='ltr'><strong>minime</strong></span> <span class='ocrx_word' id='word_1_948' title='bbox 3562 5647 3658 5702; x_wconf 45' lang='lat' dir='ltr'><strong>ob.</strong></span> 
     </span>
    </p>
   </div>
   <div class='ocr_carea' id='block_1_120' title="bbox 2487 5833 3653 5904">
    <p class='ocr_par' dir='ltr' id='par_1_120' title="bbox 2487 5833 3653 5904">
     <span class='ocr_line' id='line_1_120' title="bbox 2487 5833 3653 5904; baseline -0.015 0"><span class='ocrx_word' id='word_1_949' title='bbox 2487 5849 2522 5879; x_wconf 73' lang='grc'><em>’³</em></span> <span class='ocrx_word' id='word_1_950' title='bbox 2547 5848 2688 5904; x_wconf 60' lang='grc' dir='ltr'>Γεμίιῑ.</span> <span class='ocrx_word' id='word_1_951' title='bbox 2732 5861 2951 5903; x_wconf 65' lang='lat' dir='ltr'><strong>XXXVIII.</strong></span> <span class='ocrx_word' id='word_1_952' title='bbox 2987 5844 3064 5897; x_wconf 82' lang='grc'><strong>15.</strong></span> <span class='ocrx_word' id='word_1_953' title='bbox 3151 5840 3188 5870; x_wconf 66' lang='grc'><strong>’³³</strong></span> <span class='ocrx_word' id='word_1_954' title='bbox 3227 5838 3391 5894; x_wconf 71' lang='lat' dir='ltr'><strong>IIebr.</strong></span> <span class='ocrx_word' id='word_1_955' title='bbox 3422 5851 3536 5897; x_wconf 76' lang='lat' dir='ltr'><strong>xm,</strong></span> <span class='ocrx_word' id='word_1_956' title='bbox 3569 5833 3653 5887; x_wconf 67' lang='lat' dir='ltr'><strong>ii.</strong></span> 
     </span>
    </p>
   </div>
  </div>
