4034 6452
194 366 279 431 εει
1177 358 1708 422 cupnvnonuu
1740 357 1810 419 IN
1846 360 2153 421 usuusu
2190 358 2319 423 Lis.
2363 331 2430 421 vI

199 494 237 547 εί
264 486 515 551 λαϐόντες
545 480 845 560 μάχαιραν,
874 483 933 538 ἰν
961 484 1206 555 μαχαίρᾳ
1254 482 1607 540 ἀπολοῦνται.
1632 501 1656 535 s
1690 482 1768 537 Οὐ

1874 484 2022 540 enim
2060 484 2263 557 gladiis
2303 485 2508 541 armari
2533 482 2798 541 convenit
2829 496 2952 549 nos,
2982 484 3077 554 qui
3112 482 3182 539 ad
3208 482 3472 555 pietatem

200 584 290 655 γάρ
317 597 397 635 τοι
432 576 728 651 μαχαίραις
757 574 1139 644 ἐξοπλίζεσθαι
1168 575 1290 630 κατ’
1316 574 1533 647 ἐχθρῶν
1563 574 1766 647 πρέποι

197 676 249 730 ιν
280 672 445 745 ἡμᾶς,
488 669 612 731 τοὺς
658 669 761 737 τῆς
803 667 887 731 είς
934 664 1070 721 Θεὸν
1119 663 1405 729 εὐσεϐείας
1435 663 1768 741 ὑπεραθλείν

196 763 513 838 ᾑρημένους
580 760 698 815 ἀλλ’
720 753 863 814 εἶναι
895 758 998 829 μὲν
1044 757 1365 830 τληπαθεῖς,
1404 758 1502 812 καὶ
1546 758 1595 810 εί
1642 755 1769 809 διώ-

196 876 294 912 κειν
326 852 530 909 ἓλοιντό
574 869 741 918 τινες,
785 852 1029 920 εὐλογεῖν
1056 850 1113 904 δὲ
1159 848 1621 922 λοιδορουμένους,
1661 848 1765 903 πά·

197 963 396 1021 οχοντας
435 947 513 1017 μὴ
539 946 796 1015 ἀπηχεῖν,
831 943 1187 1017 παραδιδόναι
1218 942 1275 996 δὲ
1318 940 1519 1013 μᾶλλον
1544 939 1624 1012 τῷ
1646 941 1769 1013 κρί-

201 1058 316 1095 νοντι
342 1038 586 1101 δικαίως.
616 1036 1085 1108 Παραφυλακτέον
1123 1037 1182 1091 δὲ
1228 1038 1343 1099 τοῖς
1386 1032 1766 1107 παραιτουμέ-

202 1151 289 1198 νοις
315 1131 411 1204 τὴν
443 1130 826 1206 καταφθορὰν,
852 1130 914 1184 τὸ
969 1130 1046 1203 μὴ
1094 1128 1477 1201 ὲξοιχήσεσθαί
1529 1144 1622 1181 ποι
1665 1127 1768 1196 τῆς

202 1220 427 1294 πατρῴας
456 1221 690 1293 σκηνῆς,
715 1220 990 1280 τουτέστι,
1027 1221 1124 1274 τοῦ
1159 1221 1311 1275 οῖκου
1350 1218 1446 1273 τοῦ
1474 1216 1635 1281 Θεοῦ,
1661 1235 1769 1289 μη-

196 1316 242 1369 δὲ
260 1317 366 1379 ταῖς
402 1312 514 1366 τῶν
563 1312 905 1382 ἀλλοφύλων,
930 1313 1052 1384 ἦτοι
1072 1314 1192 1376 ταῖς
1222 1312 1331 1366 τῶν
1363 1310 1764 1382 ἐτεροφρόνων,

199 1403 528 1477 προσϐάλλειν
565 1402 813 1472 ἀγέλαις.
865 1401 1190 1468 Ἑξελθοῦσα
1213 1401 1323 1473 γὰρ
1350 1400 1484 1454 Δίνα
1518 1400 1619 1471 τῆς
1657 1416 1767 1453 πα-

196 1494 350 1568 τρῴας
369 1494 602 1564 σκηνῆς,
640 1496 723 1556 είς
756 1489 909 1548 οἶκον
943 1492 1229 1566 ἀπηνέχθη
1262 1492 1456 1565 Σιχὲμ.
1497 1491 1637 1545 Ἀλλ’
1665 1491 1768 1546 οὐκ

106 1648 121 1671 ς
196 1590 251 1642 ἂν
282 1586 500 1658 ὑϐρίσθη
534 1586 673 1640 ποτὲ
695 1588 810 1650 τοῖς
839 1584 933 1640 τοῦ
975 1583 1185 1656 πατρὸς
1214 1583 1512 1655 δωματίοις
1537 1580 1768 1654 ἐμφιλο-

193 1676 432 1750 χωροῦσα,
464 1678 560 1729 καὶ
595 1678 829 1750 σκηναῖς
857 1675 1031 1745 ἀγίων
1062 1675 1474 1747 ὶνδιαιτωμένη.
1511 1673 1637 1728 ’Ότι
1658 1671 1769 1746 γάρ

194 1769 243 1822 τὸ
271 1769 441 1841 χρῆμα
472 1767 667 1832 καλὸν,
705 1768 797 1823 καὶ
826 1769 906 1832 εἰς
933 1768 1120 1840 ὄνησιν
1149 1768 1250 1823 οὐκ
1293 1766 1604 1831 ἀσυντελὲς,
1633 1768 1768 1823 ἀνα·

197 1831 601 1931 πείσει’-ψάλλων
704 1860 978 1932 μακάριος
1017 1831 1202 1916 λασίδ·
1239 1859 1425 1915 «Μίαν
1471 1858 1769 1932 ᾐτησάμην
1801 1831 1846 1891 Β

198 1952 322 2025 παρὰ
355 1954 582 2024 Κυρίου,
617 1952 827 2025 ταύτην
867 1952 1114 2024 ζητήσω,
1150 1950 1246 2006 τοῦ
1277 1954 1555 2006 κατοικεῖν
1612 1968 1681 2022 με
1707 1952 1767 2005 ἂν

202 2047 306 2117 οἴκῳ
338 2047 534 2116 Κυρίου
578 2047 770 2109 πάσας
800 2046 901 2111 τὰς
930 2045 1145 2119 ἡμέρας
1201 2045 1306 2116 τῆς
1334 2043 1481 2116 ζωῆς
1515 2062 1642 2115 μου,
1672 2043 1765 2099 τοῦ

206 2139 387 2210 θεωρεῖν
411 2156 479 2209 με
525 2138 638 2210 τὴν
690 2138 1033 2210 τερπνότητα
1059 2138 1292 2209 Κυρίου,
1320 2138 1415 2192 καὶ
1441 2137 1772 2194 ἐπισκέπτε-

204 2230 301 2285 σθαι
328 2231 407 2284 τὸν
443 2232 575 2285 ναὸν
638 2230 733 2285 τὸν
787 2230 944 2300 ἅγιον
996 2230 1184 2286 αὑτοῦ.
1220 2230 1346 2284 Ὀτι
1380 2228 1586 2300 ἔκρυψέ
1609 2245 1677 2300 με
1710 2230 1769 2281 ὲν

201 2326 346 2394 σκηνῇ
386 2323 573 2389 αὐτοῦ,
613 2325 676 2377 ἐν
701 2324 892 2398 ἡμέρᾳ
923 2323 1111 2378 κακῶν
1146 2340 1247 2395 μου
1292 2322 1565 2376 ἐσκέπασέ
1611 2338 1679 2393 με
1709 2318 1783 2377 ιν

195 2414 460 2487 ἀποκρύφῳ
483 2416 586 2485 τῆς
646 2416 854 2487 σκηνῆς
895 2416 1124 2473 αὐτοῦ.»
1168 2415 1408 2486 Περιδεᾶ
1439 2414 1623 2468 τοίνυν
1676 2414 1769 2469 καὶ¹

196 2508 369 2581 ἄθυμον
398 2508 672 2578 γεγονότα
723 2507 922 2579 κομιδῇ
959 2507 1053 2562 τὸν
1087 2505 1308 2572 Ἰακὼϐ,
1343 2506 1603 2577 ἀπαίρειν
1651 2505 1772 2561 ἐκέ-

199 2601 327 2657 λευσε
352 2602 496 2666 Θεός.
539 2604 710 2673 Ἔχει
747 2602 806 2656 δὲ
834 2601 1041 2667 οὕτως·
1081 2620 1101 2654 ι
1124 2596 1263 2655 Είπε
1306 2599 1363 2653 δὲ
1394 2601 1422 2653 ὁ
1459 2597 1593 2662 Θεὸς
1633 2597 1770 2669 πρὸς

205 2690 402 2746 Ἰακώϐ*
440 2693 719 2757 Ἀναστὰς
771 2692 1005 2764 ἀνάϐηθι
1051 2694 1132 2756 είς
1182 2691 1275 2745 τὸν
1325 2689 1490 2745 τόπον
1541 2687 1769 2760 Βαιθὴλ,

196 2783 272 2837 καὶ
300 2784 426 2838 οἴκει
471 2788 616 2848 ἐκεῖ,
658 2784 755 2837 καὶ
788 2783 1030 2854 ’ποίησον
1085 2784 1205 2837 ἐκεῖ
1246 2780 1642 2852 θυσιαστήριον
1690 2780 1771 2851 τῷ

195 2875 291 2946 Θεῷ
304 2875 373 2949 τῷ
388 2876 607 2946 ὀφθέντι
627 2892 733 2939 σοι,
760 2876 820 2928 ὲν
848 2873 927 2945 τῷ
946 2872 1367 2945 ἀποδιδράσκειν
1386 2888 1445 2926 σε
1474 2871 1582 2925 ἀπὸ
1608 2887 1773 2942 προσ-

193 2968 316 3024 ώπου
343 2969 504 3024 Ἡσαῦ
525 2968 633 3023 τοῦ
666 2968 900 3053 ἀδελφοῦ
924 2985 1042 3023 σου.
1060 2965 1198 3022 Eine
1224 2968 1281 3023 δὲ
1315 2964 1511 3022 Ἰακὼὸ
1535 2966 1614 3039 τῷ
1636 2966 1773 3038 οἴκῳ

193 3060 351 3127 αὑτοῦ,
379 3061 466 3116 καὶ
490 3064 635 3117 πᾶσι
665 3063 781 3126 τοῖς
813 3059 930 3131 μετ’
964 3060 1153 3114 αὐτοῦ·
1184 3061 1391 3131 Ἀρατε
1446 3060 1573 3122 τοὺς
1615 3058 1773 3122 θεοὺς

1869 576 1929 632 in
1973 577 2148 633 Deum
2192 577 2604 643 contendimus,
2646 577 2746 633 sed
2784 578 2971 648 potius
3018 590 3142 635 esse
3176 577 3469 648 patientes,

1864 669 2087 726 etiamsi
2128 670 2385 726 nonnulli
2441 684 2547 726 nos
2597 670 2861 741 persequi
2903 670 3098 735 velint,
3136 668 3474 727 benedicere

1867 776 2004 818 vero
2026 761 2481 818 conviciantibus
2508 779 2524 816 :
2551 762 2849 833 patientes,
2871 761 3173 833 nequidem
3197 776 3469 826 mussare,

1868 852 2089 908 tradere
2111 859 2298 907 autem
2325 852 2513 922 potius
2529 852 2798 923 iudicanti
2814 852 2983 924 iuste.
3001 849 3320 907 Cavendum
3336 865 3472 908 vero

1866 954 1954 1001 est
2000 945 2071 1000 iis
2111 943 2209 1014 qui
2250 944 2542 1000 interitum
2570 944 2749 1000 vitare
2777 944 2972 1007 velint,
3009 958 3082 999 ne
3137 950 3370 1014 paterno
3392 952 3474 1000 ta—

1869 1036 2196 1102 bernaculo,
2234 1036 2343 1093 hoc
2363 1044 2471 1102 est,
2493 1037 2660 1092 domo
2694 1036 2792 1093 Dei
2823 1036 3203 1108 egrediantur,
3232 1050 3373 1091 neve
3403 1034 3470 1091 ad

1868 1129 2305 1202 alienigenarum
2343 1128 2461 1184 sive
2503 1128 2895 1184 haereticorum
2944 1143 3139 1199 greges
3183 1127 3469 1183 accedant.

1868 1221 2105 1294 Egressi!
2120 1224 2271 1279 enim
2294 1223 2431 1278 Dina
2449 1237 2483 1277 e
2508 1222 2868 1277 tabernaculo
2889 1229 3142 1291 paterno,
3166 1221 3222 1276 in
3246 1221 3472 1276 domum

1869 1314 2092 1371 Sichem
2115 1314 2297 1370 ablata
2318 1321 2423 1370 est.
2448 1313 2743 1383 Nunquam
2762 1326 2898 1367 vero
2919 1311 3255 1367 contumelia
3275 1312 3473 1368 ,σθω

1867 1403 2087 1472 luisset,
2108 1404 2433 1477 si‘paternis
2454 1396 2672 1460 aedibus
2693 1403 2971 1468 haesisset,
2991 1413 3051 1459 et
3079 1404 3135 1458 in
3155 1404 3361 1459 sanctis
3388 1413 3472 1459 ta-

1869 1498 2189 1555 bernaculis
2206 1498 2427 1555 assidue
2440 1494 2658 1553 versata
2668 1496 2885 1552 fuisset.
2902 1495 3061 1563 Quod
3078 1495 3228 1551 enim
3244 1495 3476 1565 pulchra

1870 1591 2279 1661 utilissimaque
2316 1605 2383 1645 ea
2417 1604 2511 1644 res
2558 1588 2631 1645 sit
2661 1588 2861 1644 beatus
2890 1587 3063 1643 David
3097 1586 3364 1653 declarat,
3399 1586 3475 1642 ita

1869 1698 2077 1741 alens
2108 1700 2123 1736 :
2161 1701 2182 1735 ι
2211 1681 2388 1739 Unam
2412 1681 2547 1752 petii
2574 1697 2605 1737 a
2633 1681 2890 1746 Domino,
2911 1680 3057 1736 hanc
3077 1679 3381 1749 requiram,
3412 1684 3477 1734 ut

1870 1777 2119 1834 habitem
2141 1776 2199 1831 in
2232 1776 2401 1831 domo
2423 1773 2641 1830 Domini
2669 1774 2933 1829 omnibus
2951 1773 3151 1828 diebus
3166 1771 3295 1827 vita
3313 1785 3473 1836 meae,

1871 1880 1936 1928 ut
1966 1870 2186 1935 videam
2216 1870 2559 1941 voluptatem
2586 1867 2828 1925 Domini.
2854 1874 2915 1922 et
2946 1866 3162 1921 visitem
3203 1864 3475 1934 templum

1870 1971 2122 2021 sanctum
2162 1964 2304 2034 eius.
2342 1962 2506 2034 176
2532 1960 2674 2029 Quia
2718 1958 3014 2016 abscondit
3058 1973 3150 2013 me
3184 1958 3242 2012 in
3290 1956 3477 2011 taber-

1868 2056 2070 2113 naculo
2095 2070 2217 2121 suo,
2254 2054 2313 2109 in
2343 2053 2435 2109 die
2465 2053 2738 2108 malorum
2758 2065 3012 2106 meorum
3036 2048 3281 2121 protexit
3301 2063 3389 2103 me
3418 2046 3474 2109 in

1868 2144 2146 2217 profundo
2189 2143 2533 2199 tabernaculi
2572 2142 2662 2196 sui
2697 2140 2766 2195 “.
2816 2159 2834 2191 ι
2880 2138 3163 2193 Timidum
3203 2138 3392 2207 itaque
3418 2144 3477 2191 et

1870 2244 2131 2293 mustum
2173 2233 2335 2290 valde
2369 2231 2632 2288 eﬂ‘ectum
2669 2229 2863 2296 Iacob,
2915 2231 3063 2285 Deus
3086 2227 3477 2300 proiicisciju-

1868 2329 1987 2385 hct.
2014 2328 2096 2383 ita
2118 2343 2256 2383 vero
2283 2325 2454 2381 habet
2478 2344 2491 2379 :
2540 2343 2561 2377 ι
2585 2324 2738 2379 Dixit
2769 2331 2956 2378 autem
2992 2322 3141 2376 Deus
3172 2320 3239 2375 ad
3264 2318 3473 2375 Iacob:

1872 2422 2116 2494 Surgens
2168 2420 2408 2477 ascende
2461 2418 2519 2473 in
2558 2416 2747 2473 locum
2784 2415 2999 2479 Bethel,
3033 2421 3091 2469 et
3115 2412 3305 2468 habita
3342 2410 3476 2478 illic,

1871 2523 1929 2572 et
1965 2515 2051 2571 t'ac
2078 2513 2156 2569 ibi
2189 2514 2365 2568 altare
2401 2513 2537 2577 Deo,
2575 2511 2673 2581 qui
2697 2507 2955 2580 apparuit
2974 2506 3077 2563 tibi
3106 2520 3233 2562 cum
3262 2505 3479 2575 fugeres

1871 2624 1904 2664 a
1946 2608 2092 2664 faeie
2138 2606 2287 2663 Esau
2329 2605 2520 2661 fratris
2560 2604 2663 2658 tui.
2704 2601 2855 2657 Dixit
2880 2608 3067 2655 autem
3093 2597 3264 2655 Iacob
3288 2595 3479 2651 domui

1870 2716 2006 2767 sum,
2042 2707 2101 2757 et
2130 2699 2392 2756 erunibus
2424 2696 2521 2769 qui
2550 2710 2678 2752 cum
2704 2709 2774 2750 eo
2803 2711 2817 2747 :
2854 2692 3056 2748 Tollite
3091 2690 3228 2745 deos
3270 2688 3480 2743 alienos

1872 2794 1944 2850 de
1977 2793 2165 2849 medio
2184 2799 2459 2855 vestrum,
2484 2799 2543 2845 et
2579 2786 2950 2850 mundamini,
2985 2792 3041 2840 et
3062 2788 3273 2838 mutate
3296 2790 3482 2836 vestes

1872 2890 2107 2947 vestras,
2154 2890 2213 2937 et
2249 2889 2545 2952 surgentes
2576 2876 2942 2933 asoendamus
2979 2873 3037 2929 in
3063 2873 3277 2938 Betbel,
3300 2880 3364 2927 et
3393 2869 3482 2926 fa-

1866 2976 2095 3032 ciamus
2118 2973 2198 3030 ibi
2238 2974 2413 3029 altare
2444 2973 2580 3036 Deo,
2619 2970 2714 3042 qui
2734 2966 3025 3025 exaudivit
3052 2982 3143 3020 me
3165 2966 3223 3019 in
3257 2965 3346 3020 die
3379 2964 3482 3020 tria

1872 3066 2199 3131 bulationis,
2231 3065 2328 3136 qui
2358 3064 2465 3119 fuit
2506 3076 2726 3118 meeum
2764 3070 2829 3117 et
2866 3058 3101 3113 salvavit
3145 3070 3235 3111 me
3279 3057 3336 3110 in
3390 3055 3482 3110 via

193 3156 301 3219 τοὺς
334 3155 654 3227 ἀλλοτρίους
691 3156 759 3208 ὲκ
803 3155 971 3226 μέσου
1014 3152 1193 3225 ὑμῶν,
1227 3154 1326 3207 καὶ
1370 3150 1768 3224 καθαρίσθητε,

1874 3176 1987 3233 qua
2017 3157 2320 3216 ambulavi.
2356 3156 2427 3212 Et
2460 3155 2741 3212 dederunt
2772 3155 2942 3211 Iacob
2968 3154 3106 3209 deos
3142 3151 3352 3206 alienos
3383 3145 3483 3220 qui

193 3247 271 3301 tui
295 3245 546 3313 ἀλλάξατε
578 3247 687 3310 τὰς
719 3245 912 3309 στολὰς
939 3245 1117 3317 ὑμῶν,
1149 3246 1244 3300 καὶ
1272 3244 1607 3308 ἀναστάντες
1629 3244 1764 3298 ἀνα-

193 3336 351 3409 δῶμεν
380 3338 721 3412 εὶςΒαιθὴλ,
745 3338 843 3392 καὶ
874 3339 1195 3410 ποιήσωμεν
1224 3337 1343 3390 ἐκεῖ
1376 3335 1767 3406 θυσιαστήριον

191 3432 257 3503 τῷ
281 3432 389 3501 Θεῷ
428 3433 507 3504 τῷ
550 3429 933 3487 ἐπακούσαντί
966 3448 1060 3503 μοι
1110 3432 1171 3485 ὲν
1198 3429 1389 3502 ἡμέρᾳ
1425 3427 1680 3498 θλίψεως,
1704 3428 1769 3492 ὃς

192 3517 250 3593 ἦν
277 3527 383 3595 μετ’
413 3525 569 3596 ἐμοῦ,
604 3524 708 3578 καὶ
736 3522 964 3577 διεσωσά
1009 3539 1078 3593 με
1123 3523 1182 3575 ὲν
1214 3523 1284 3592 τῇ
1340 3518 1447 3590 ὁδῷ
1540 3517 1771 3591 ἐπορεύ-

196 3616 296 3688 θην.
328 3618 431 3672 Καὶ
472 3618 691 3672 ἔδωκαν
720 3615 799 3686 τῷ
840 3614 1037 3669 Ἰακὼὸ
1067 3615 1196 3679 τοὺς
1250 3614 1408 3676 θεοὺς
1448 3611 1771 3684 ἀλλοτρίους

196 3708 236 3760 οῖ
260 3702 382 3779 ἦσαν
416 3710 474 3761 ὲν
496 3711 620 3771 ταῖς
652 3707 842 3780 χερσὶν
876 3706 1079 3772 αὐτῶν,
1104 3706 1203 3761 καὶ
1232 3704 1305 3760 τὰ
1341 3704 1542 3759 ἐνώτια
1593 3705 1665 3760 τὰ
1710 3706 1769 3761 ὲν

197 3802 289 3864 τοῖς
313 3802 436 3857 ὠσὶν
473 3801 687 3867 αὐτῶν,
720 3800 818 3855 καὶ
864 3799 1214 3872 κατέκρυψεν
1255 3796 1400 3853 αὑτά
1441 3795 1641 3851 Ἰακὼϐ
1665 3796 1775 3850 ὑπὸ

200 3892 278 3964 τὴν
297 3892 596 3964 τερέϐινθον
643 3891 745 3964 τὴν
772 3892 833 3946 ἐν
864 3891 1137 3963 Σικίμοις,
1179 3892 1276 3946 καὶ
1305 3889 1601 3945 ἀπώλεσαν
1630 3888 1771 3944 αὐτὰ

200 3983 285 4048 ἓως
314 3986 404 4056 τῆς
432 3987 683 4058 σήμερον
714 3984 952 4056 ἡμέρας.
977 4004 998 4036 ι
1032 3982 1373 4055 Προσεκάλει
1428 3982 1530 4054 μὲν
1578 3981 1644 4053 δὴ
1681 3981 1773 4036 τὸν

202 4069 375 4127 δίκαιον
399 4075 476 4140 είς
496 4073 715 4146 Βαιθὴλ
739 4073 850 4128 ἀπὸ
879 4073 1126 4145 Σικίμων
1156 4076 1185 4129 ὁ
1209 4071 1322 4127 τῶν
1349 4072 1488 4127 ὅλων
1517 4072 1673 4137 Θεὸς.
1713 4071 1773 4125 '0

200 4161 246 4216 δὲ
267 4160 325 4236 ἦν
354 4167 449 4221 οὐκ
490 4166 757 4238 ἀπειθὴς.
796 4161 934 4221 Εἶτα
962 4163 1204 4235 γεγονὼς
1246 4166 1306 4218 ὲν
1343 4163 1528 4229 Λουζά
1553 4163 1643 4218 διὰ
1673 4163 1773 4235 μέ-

204 4272 299 4317 σου,
326 4259 414 4311 xa).
432 4255 783 4330 θεοπτ[ε]ίας
802 4255 1129 4337 ἠξιωμένος.
1156 4254 1253 4309 καλ⁷
1276 4255 1360 4308 ὅτι
1381 4253 1595 4307 πολλῶν
1622 4251 1774 4307 locus

202 4348 358 4419 πατὴρ
387 4349 554 4403 ἐθνῶν
577 4352 707 4413 ταῖς
732 4347 1090 4417 ἀπαγγελίαις
1110 4345 1544 4418 ἐμπεδούμενος,
1566 4364 1585 4397 ι
1600 4345 1778 4398 Ἀνει-

204 4457 274 4496 etv
296 4446 366 4507 εἰς
390 4444 615 4515 Βαιθὴλ,
652 4442 748 4495 καὶ
774 4440 1006 4511 ἔστησεν
1025 4441 1165 4505 ἐκεῖ,
1188 4439 1375 4512 φησὶν,
1418 4437 1618 4494 Ἰακὼὸ
1649 4438 1778 4510 στή-

1868 3263 2030 3311 crant
2062 3252 2122 3307 in
2156 3251 2417 3306 manibus
2461 3249 2733 3320 ipsorum,
2774 3255 2833 3302 et
2870 3247 3097 3301 inaures
3126 3259 3251 3314 quae
3299 3242 3354 3297 in
3387 3256 3484 3297 au-

1870 3346 2029 3402 ribus
2060 3344 2331 3415 ipsorum,
2377 3347 2436 3396 et
2464 3339 2759 3396 abscondit
2804 3354 2871 3395 ea
2904 3338 3077 3395 Iacob
3099 3337 3205 3392 sub
3231 3335 3482 3391 terebin-

1871 3438 1971 3493 tho
2025 3451 2149 3507 qua
2182 3437 2241 3492 in
2272 3432 2559 3499 Sicbimis,
2580 3441 2649 3489 et
2670 3430 2917 3503 perdidit
2955 3445 3020 3486 ea
3058 3444 3232 3500 usque
3282 3429 3338 3483 in
3386 3428 3488 3484 ho-

1872 3529 2130 3586 diernum
2165 3526 2316 3583 diem
2350 3526 2421 3580 ⁸³.
2461 3545 2480 3578 ›
2527 3524 2839 3580 Advoeavit
2883 3522 3112 3594 quidem
3143 3523 3355 3592 justum
3389 3518 3484 3575 Ia-

1873 3621 1979 3677 cob
2016 3620 2075 3675 in
2116 3618 2309 3675 Bethel
2328 3632 2399 3673 ex
2431 3615 2697 3672 Sicbimis
2714 3615 2865 3670 Deus
2892 3613 3068 3669 totius
3088 3611 3356 3668 universi.
3379 3609 3486 3677 Qui

1872 3712 2101 3785 quidem
2145 3712 2253 3783 ipsi
2285 3724 2499 3766 morem
2553 3707 2746 3779 gessit.
2801 3704 3013 3763 Deinde
3075 3719 3201 3761 eum
3241 3703 3488 3759 venisset

1874 3805 1931 3861 in
1955 3804 2126 3869 Luna,
2156 3803 2457 3874 diviuoque
2478 3809 2706 3873 aspectu
2728 3800 2935 3872 dignus
2974 3799 3219 3863 habitus,
3251 3804 3308 3852 et
3336 3795 3487 3867 quod

1875 3904 2037 3968 pater
2075 3896 2304 3952 futurus
2342 3903 2492 3950 esset
2532 3892 2835 3948 multarum
2870 3890 3118 3963 gentium
3156 3887 3484 3960 promissio-

1877 3989 2046 4045 nibus
2071 3986 2456 4052 conﬁrmatus,
2490 4004 2509 4037 ι
2539 3980 2789 4040 ascendit
2812 3983 2869 4037 in
2892 3982 3106 4037 Bethel.
3129 3980 3197 4035 Et
3219 3979 3430 4044 statuit,
3458 3998 3479 4031 ι

1879 4080 2083 4152 inquit,
2131 4100 2151 4131 ι
2180 4079 2258 4135 ibi
2301 4078 2472 4135 Iacob
2511 4077 2742 4133 titulum
2795 4076 2854 4131 in
2882 4075 3007 4131 loco
3042 4075 3099 4129 in
3132 4088 3243 4142 quo
3268 4073 3489 4128 locutus

1877 4181 1965 4229 est
2007 4187 2135 4227 cum
2175 4187 2244 4227 eo
2288 4172 2457 4234 Deus,
2494 4171 2718 4226 titulum
2749 4168 3052 4240 lapideum,
3091 4174 3148 4222 et
3170 4166 3488 4235 fecitsuper

1878 4280 2008 4322 eum
2036 4265 2301 4329 ﬁbameu,
2322 4271 2381 4319 et
2404 4263 2607 4321 en‘udit
2639 4274 2809 4334 super
2838 4275 2969 4317 eum
3004 4260 3210 4322 oleum,
3248 4266 3305 4312 et
3329 4271 3489 4311 voca-

1877 4359 1961 4415 vit
1988 4358 2159 4415 Iacob
2185 4370 2391 4413 nomen
2418 4356 2529 4411 loci
2556 4354 2725 4419 illius,
2765 4353 2821 4408 in
2851 4368 2962 4423 quo
2994 4352 3215 4406 locutus
3238 4349 3290 4403 ei
3318 4349 3486 4413 Deus,

1882 4449 2076 4509 Bethel
2128 4449 2195 4503 '°.
2230 4467 2249 4499 ›
2301 4446 2471 4503 Multa
2509 4453 2855 4502 concurrunt
2878 4444 3029 4499 haud
3061 4442 3297 4497 obscura
3323 4456 3490 4512 argu-

202 4530 286 4604 λην
318 4537 370 4589 ὲν
396 4537 474 4607 τῷ
504 4536 666 4608 τόπῳ
712 4527 759 4602 ᾧ
790 4534 1020 4604 ἔλάλησε
1055 4532 1175 4604 μετ’
1199 4531 1365 4587 αὐτοῦ
1390 4534 1418 4585 ό
1456 4531 1610 4598 Θεὸς,
1647 4531 1776 4600 στή‹

1886 4553 2072 4601 menta
2121 4557 2225 4598 cur
2301 4555 2563 4596 reversus
2612 4539 2686 4594 sit
2733 4537 2904 4595 Iacob
2951 4537 3006 4592 in
3044 4544 3248 4591 terram
3296 4531 3486 4597 Israel,

204 4626 287 4698 λην
312 4629 533 4701 λιθίνην,
580 4631 682 4685 καὶ
726 4627 986 4681 ἔσπεισεν
1033 4628 1122 4680 ire?
1149 4626 1323 4698 αὐτὴν
1378 4624 1637 4697 σπονδὴν,
1685 4624 1782 4680 καὶ

206 4720 403 4792 ἐπέχεεν
451 4724 535 4776 ἐπ’
563 4720 741 4791 αὐτὴν
800 4719 1002 4772 ἔλαιον.
1048 4718 1160 4773 Καὶ
1189 4719 1452 4773 ἐκάλεσεν
1487 4715 1686 4772 Ἰακὼϐ
1720 4715 1781 4769 τὸ

206 4810 351 4880 δνομα
403 4814 497 4868 τοῦ
531 4813 707 4869 τόπου
767 4813 826 4865 εν
866 4805 913 4879 ᾧ
942 4811 1177 4882 ἐλάλησε
1208 4812 1331 4883 μετ’
1363 4808 1531 4866 αὑτοῦ
1562 4811 1592 4862 ὁ
1621 4809 1777 4876 Θεὸς,

211 4901 438 4976 Βαιθήλ.»
505 4900 691 4958 Πολλά
739 4901 885 4958 κατά
937 4903 1136 4957 ταυτὸν
1194 4904 1276 4967 εἰς
1344 4898 1623 4969 ἀπόδειξιν
1677 4902 1779 4955 οὐκ

209 4994 474 5068 ἀσυμφανῆ
516 4996 613 5051 τοῦ
654 4993 1133 5068 μετατετραιρέναι
1166 4994 1259 5048 τὸν
1308 4992 1508 5048 Ἰακὼϐ
1558 4995 1641 5058 εἰς
1672 4994 1776 5065 γῆν

219 5083 430 5158 Ἰσραὴλ,
455 5089 551 5142 καὶ
592 5090 676 5151 είς
701 5088 763 5141 τὸ
806 5087 1035 5158 ἄμεινον
1061 5086 1412 5160 ἀσυγκρίτως
1442 5086 1775 5158 μεταφοίτη-

213 5190 282 5229 σιν
302 5178 451 5234 ἑλεῖν.
479 5177 792 5251 Κατῴκησε
818 5179 919 5249 μὲν
942 5178 1051 5251 γάρ
1073 5179 1131 5232 ὲν
1166 5179 1415 5248 σκηναῖς,
1436 5179 1465 5231 ὁ
1496 5175 1558 5231 τὸ
1577 5178 1776 5249 πάροι-

213 5283 292 5321 nov
328 5273 382 5325 tv
411 5272 608 5345 κόσμῳ
647 5270 759 5326 τῶν
789 5271 965 5341 ἁγίων
1021 5270 1082 5324 τὸ
1136 5268 1296 5339 γένος
1362 5268 1650 5341 μονονουχὶ
1685 5269 1778 5323 διὰ

214 5359 342 5415 τοῦδε
360 5364 748 5429 καταδεικνύς.
776 5360 914 5420 Εἶτα
946 5359 1154 5435 μεταξὺ
1186 5361 1257 5414 τά
1296 5360 1396 5415 ἐπὶ
1436 5362 1504 5431 τῇ
1550 5359 1785 5431 θυγατρὶ

220 5454 574 5529 Mm
620 5457 832 5524 παθὼν,
887 5456 984 5511 καὶ
1028 5454 1407 5525 λελυπημένος
1442 5453 1511 5508 οὐ
1544 5453 1786 5525 μετρίως

218 5548 311 5610 τοῖς
340 5550 582 5617 ἀγεννῶς
643 5550 986 5623 ἡττωμένοις
1048 5548 1157 5603 ὑπὸ
1203 5546 1405 5620 θυμοῦ,
1433 5545 1662 5619 Συμεών
1693 5563 1778 5613 τε,

221 5641 454 5709 φημὶ,καὶ
474 5641 1534 5714 Λευῒ,ιπετίμαδεινῶς,ἀγιοπρεπὶςὸτι
1552 5638 1663 5714 [τὸ]
1687 5642 1785 5695 ἀν.-

1883 4643 2050 4705 atque
2090 4635 2146 4689 in
2190 4631 2703 4703 incomparabiliter
2742 4629 3031 4685 meliorem
3076 4634 3280 4682 statum
3312 4635 3493 4681 trans-

1880 4728 2048 4783 latus.
2086 4725 2368 4782 Habitavit
2391 4724 2542 4779 enim
2587 4723 2644 4778 in
2681 4721 3101 4779 tabernaculis:
3132 4719 3488 4791 peregrinum

1883 4819 2161 4894 siquidem
2202 4833 2327 4877 esse
2384 4819 2439 4874 in
2468 4825 2637 4884 terra,
2673 4831 2853 4889 genus
2885 4820 3204 4871 sanctorum
3244 4826 3344 4882 per
3384 4809 3492 4866 hoc

1884 4920 2101 4967 tantum
2151 4926 2265 4967 non
2321 4908 2629 4965 declarans.
2680 4906 2954 4962 Praeterea
3004 4904 3076 4959 ob
3121 4902 3246 4957 illia:
3299 4916 3490 4956 casum

1884 5020 2149 5068 moerens,
2190 5016 2373 5073 neque
2420 5000 2781 5057 mediocriter
2819 5011 3123 5053 succensus
3161 4994 3290 5049 ﬁliis
3327 4993 3491 5066 dege-

1887 5095 2006 5150 neri
2041 5094 2124 5150 ira
2160 5093 2345 5157 victis,
2376 5090 2645 5156 Simeoni,
2688 5089 2935 5160 inquam,
2972 5094 3030 5141 et
3064 5084 3220 5150 Levi,
3250 5083 3488 5157 graviter

1884 5201 1983 5242 eos
2034 5185 2309 5257 obiurgat,
2353 5183 2676 5254 patientiam
2721 5178 3181 5248 tolerantiamque
3213 5176 3271 5231 in
3305 5183 3481 5232 tenta-

1886 5274 2134 5332 tionibus
2170 5273 2377 5329 sanctis
2421 5272 2721 5330 convenire
2761 5270 2947 5341 reipsa
2977 5268 3139 5324 nobis
3169 5267 3494 5323 ostendens.

1886 5370 2185 5440 Postquam
2237 5380 2374 5421 vero
2410 5376 2642 5421 vocatus
2682 5373 2770 5420 est
2797 5379 2829 5419 a
2875 5362 3010 5430 Deo,
3041 5359 3401 5430 ascenditque
3429 5357 3484 5413 in

1886 5460 2101 5525 Bethel,
2122 5459 2231 5515 hoc
2248 5465 2354 5524 est,
2372 5458 2437 5513 in
2470 5457 2699 5513 domum
2735 5457 2858 5522 Dei,
2893 5455 3000 5512 hoc
3026 5453 3177 5511 enim
3213 5452 3480 5522 interpre-

1889 5557 2037 5607 tatur
2074 5549 2288 5615 Bethel,
2341 5547 2615 5606 sacriﬁcat
2658 5548 2792 5614 Deo,
2841 5556 2897 5603 et
2926 5546 3191 5619 princeps
3226 5559 3291 5600 ac
3316 5537 3478 5611 magi-

1889 5648 2005 5697 ster
2054 5654 2337 5697 sacrorum
2386 5640 2719 5696 declaratur.
2768 5637 2890 5706 Quo
2912 5637 3061 5693 enim
3082 5642 3241 5707 pacto
3262 5632 3486 5686 domum

282 5819 320 5852 δ’
342 5823 473 5879 Psal.
502 5842 645 5895 xxvi,
673 5828 722 5894 ί,
755 5827 805 5883 5.
889 5827 934 5861 δ’
955 5826 1092 5883 Gen.
1120 5843 1281 5892 xxxv,
1314 5827 1422 5882 iui.
1500 5826 1546 5859 "
1574 5824 1712 5881 Ibid.
1742 5784 1934 5881 iii-i5.
