4034 6458
229 436 338 492 235

1253 438 1780 500 GLAPHYRORUM
1817 440 1887 500 IN
1926 442 2231 501 GENESIM
2271 442 2402 500 LIB.
2444 440 2532 499 Vl.

3450 435 3555 494 9.86
3592 404 3600 412 ’

235 548 543 618 συμφανής
568 566 580 578 ·
608 548 734 601 ἐπεί
755 566 841 603 τοι
864 552 931 620 τῇ
965 549 1085 623 θείᾳ
1125 553 1613 626 καταλαμπόμενοι
1646 556 1853 629 χάριτι,

1978 559 2173 630 ibsque
2213 558 2449 614 labore:
2488 554 2939 628 quandoquidem
2985 552 3173 609 divina
3213 550 3392 624 gratia
3424 549 3557 607 illu-

238 641 399 710 σοφοὶ
424 641 528 695 καὶ
548 641 833 712 ’ἀγχίνοοι,
866 643 1110 715 νομικῶν
1128 661 1189 699 τε
1216 646 1310 701 καὶ
1331 648 1693 719 προφητικῶν
1721 664 1855 718 συγ-

238 732 601 803 γραμμάτων
630 733 772 786 εἰσιν
802 734 1194 806 ἐπιστήμονες.
1218 737 1333 791 Καὶ
1353 737 1485 808 γοῦν
1508 739 1537 791 ό
1564 736 1856 804 θεσπέσιος

238 825 474 895 Πέτρος,
509 827 541 878 ό
596 825 860 898 προῦχων
916 829 977 883 ἐν
1020 830 1311 900 μαθηταῖς,
1371 832 1466 885 καὶ
1509 832 1620 886 τῶν
1679 832 1857 888 ἄλλων

241 918 694 987 ὑπερκείμενοςν
755 919 1033 990 ὡμολόγει
1089 922 1188 994 μὲν
1245 922 1346 995 τὴν
1407 924 1594 978 πίστιν
1653 924 1863 998 ὀρθῶςτ

241 1012 410 1078 ﬁmus
462 1009 526 1062 δὲ
574 1011 731 1082 παρά
764 1010 1030 1083 Χριστοῦο
1071 1031 1091 1064 ι
1118 1012 1410 1085 Μακάριος
1440 1009 1511 1081 εἷ,
1530 1015 1714 1086 Σίμων
1742 1016 1859 1088 Bap

254 1104 429 1165 Ἰωνᾶ,
466 1102 556 1156 ὅτι
595 1102 738 1173 σὰρξ
761 1104 858 1156 καὶ
880 1098 1023 1176 αἷμα
1047 1105 1150 1158 οὐκ
1181 1105 1505 1176 ἀπεκάλυψέ
1543 1124 1660 1173 σοι,
1689 1106 1805 1163 ἀλλ’
1830 1112 1889 1164 ό·

244 1197 439 1267 Πατήρ
476 1212 587 1267 μου
634 1196 665 1248 ὁ
710 1197 771 1250 ἐν
815 1199 932 1260 τοῖς
959 1199 1229 1270 οὐρανοῖς.
1271 1217 1292 1252 ι
1325 1201 1700 1271 Μυσταγωγεϊ
1749 1203 1860 1275 γὰρ

242 1288 392 1358 ἡμᾶς
423 1290 457 1341 δ
480 1288 623 1352 Θεὸς
659 1288 757 1343 καὶ
800 1289 995 1361 Πατὴρ
1023 1289 1116 1345 τὸν
1148 1292 1236 1361 ἐφ’
1270 1290 1389 1362 Υίῷ
1418 1292 1611 1361 λόγον’
1649 1292 1863 1348 ἀνασώ-

240 1381 325 1443 ζει
352 1397 419 1435 τε
447 1379 605 1434 οὕτω
635 1380 826 1435 λοιπὸν
852 1381 929 1445 ὡς
964 1383 1180 1455 Σωτῆρι
1214 1383 1592 1457 καὶΛυτρωτῇ
1626 1403 1863 1457 προσκο-

247 1472 425 1542 μίζων
466 1473 648 1544 αὐτῷ.
685 1493 705 1525 ι
741 1472 934 1539 Οὐδεὶς
962 1474 1074 1545 γὰρ
1106 1476 1329 1548 ἔρχεται
1372 1476 1511 1549 πρός
1545 1494 1636 1548 με,
1669 1478 1858 1547 φησιν,

241 1566 339 1619 ἐὰν
366 1566 450 1639 μὴ
480 1568 514 1621 ό
547 1567 748 1639 Πατήρ
783 1584 888 1638 μου
932 1568 962 1622 ὀ
1000 1569 1227 1641 πέμψας
1263 1587 1333 1640 με
1376 1569 1585 1644 ἑλκύσῃ
1611 1572 1799 1627 αὐτόν.
1837 1591 1857 1625 ›

246 1660 367 1714 ἰνα
395 1659 591 1714 τοίνυν
626 1659 717 1715 διὰ
765 1659 971 1733 πάσης,
1012 1660 1091 1726 ὡς
1141 1661 1274 1727 ἔπος
1317 1665 1514 1729 εἰπεῖν,
1557 1663 1657 1736 τῆς
1699 1665 1865 1734 ἁγίας

245 1752 481 1825 Γραφῆς
506 1753 627 1814 ,τὸν
672 1753 763 1808 ἐπ’
795 1754 949 1825 αὐτῷ
998 1749 1276 1820 σύνιέντες
1315 1756 1496 1825 λόγον,
1519 1758 1613 1812 καὶ
1645 1758 1864 1830 ἀπλανῆ

239 1846 345 1917 τὴν
367 1846 563 1901 πίστιν
592 1846 970 1915 συλλέγοντες,
998 1846 1076 1919 μὴ
1104 1849 1229 1913 ταῖς
1260 1848 1561 1920 ἐπαράτοις
1587 1849 1866 1921 διψυχίαις

247 1939 546 2009 σειομένην
597 1937 793 2009 ῶσπερ
833 1937 930 1992 καὶ
994 1939 1456 2011 καταμεθύουσαν
1517 1940 1734 2013 ἔχωμεν
1768 1941 1867 2012 τὴν

250 2031 486 2103 καρδίαν
511 2047 527 2062 ·
570 2032 713 2103 μηδὲ
742 2034 856 2096 τοῖς
905 2031 966 2098 ἐξ
1003 2032 1248 2103 ἀμαθίας
1278 2035 1709 2106 περιπίπτοντες
1740 2035 1871 2089 κλό-

254 2137 361 2183 vet:
381 2137 398 2152 ·
422 2121 622 2176 λοιπὸν
644 2123 941 2195 ἀκούωμεν
967 2123 1218 2192 λέγοντος
1243 2123 1381 2180 Θεοῦ
1404 2125 1494 2179 διά
1518 2124 1709 2195 φωνῆς
1735 2141 1871 2198 προ-

252 2212 460 2284 φητῶψ
500 2233 521 2266 ι
557 2213 893 2286 Ἠγάπησαν
940 2218 1112 2269 κινεῖν
1162 2215 1332 2280 πόδας
1376 2215 1580 2285 αὐτῶν,
1633 2217 1729 2271 καὶ
1769 2216 1872 2271 οὐκ

244 2304 570 2376 ἐφείσαντο,
603 2307 701 2360 x23.
749 2308 779 2360 ό
822 2307 959 2371 Θεὸς
1003 2308 1107 2361 οὐκ
1155 2307 1464 2380 ηὐδόκησεν
1504 2310 1563 2363 ἐν
1596 2309 1801 2372 αὐτοῖς.
1845 2326 1864 2360 ι

246 2397 529 2470 Ταύτῃτοι
560 2397 653 2452 διά
707 2399 921 2469 μυρίων
969 2400 1112 2453 ὄσων
1165 2399 1393 2455 είκόνων
1444 2401 1595 2471 ἡμᾶς
1640 2400 1872 2473 ἐμπεδοῖ

245 2490 388 2561 πρὸς
409 2490 517 2563 τὴν
542 2488 831 2561 ἀλήθειαν,
854 2490 950 2544 καὶ
965 2491 1069 2561 τὴν
1093 2491 1180 2544 ἐπ’
1202 2490 1353 2562 αὐτῷ
1374 2491 1561 2546 πίστιν
1580 2493 1873 2565 χρησίμως

247 2575 710 2654 προκατεσάλεῖεο
731 2582 798 2635 τὰ
818 2582 960 2638 κατά
983 2583 1178 2654 καιρὸν
1200 2599 1264 2636 συ
1272 2583 1591 2655 μϐαίνοντα,
1608 2582 1872 2657 λαμπρὰς

244 2675 446 2748 ῶσπερ
490 2675 777 2740 ἀνατιθεὶς
826 2675 927 2746 τῆς
980 2677 1070 2730 ἐπ’
1123 2676 1275 2747 αὑτῷ
1323 2677 1584 2746 γνώσεως
1626 2677 1868 2742 εἰκόνας.

250 2767 495 2842 Ἰδωμεν
524 2770 711 2824 τοίνυν
743 2769 840 2823 καὶ
869 2772 928 2823 ἐν
966 2773 1081 2834 τοῖς
1113 2769 1257 2824 κατά
1290 2768 1383 2824 τὸν
1424 2770 1715 2826 θεσπέσιον
1757 2772 1872 2826 Ἰω-

248 2859 386 2931 σὴφ,
411 2861 464 2913 εί
503 2859 606 2932 μὴ,
642 2860 782 2930 ὅπερ
826 2859 988 2931 ἔφην,
1011 2858 1214 2930 ἀληθὲς
1247 2859 1315 2914 ἀν
1367 2859 1455 2932 εἴη
1494 2862 1679 2916 πάλιν.
1716 2862 1872 2934 Ἔχει

246 2952 307 3008 δὲ
344 2950 530 3017 οὕτως
567 2952 639 3006 τὰ
670 2954 759 3007 ἐπ’
795 2951 966 3024 αὐτῷ·
1008 2970 1028 3004 ι
1075 2948 1248 3008 Αὗται
1292 2952 1351 3008 δέ
1395 2957 1452 3008 at
1485 2954 1734 3025 γενέσεις
1768 2957 1874 3010 Ἰα-

249 3043 395 3097 κώὸ·
441 3042 654 3114 Ἰωσὴφ
702 3042 982 3098 δεκαεπτά
1035 3042 1175 3098 ἐτῶν
1251 3043 1519 3114 γεγονὼς,
1565 3045 1872 3116 ποιμαίνων

246 3135 321 3210 ἦν
357 3138 506 3210 μετὰ
536 3136 651 3191 τῶν
689 3136 942 3207 ἀδελφῶν
971 3137 1137 3193 αὐτοῦ
1170 3140 1241 3193 τὰ
1285 3137 1559 3212 πρόϐατα,
1607 3142 1729 3202 νέος
1770 3137 1867 3204 ὢν,

1960 652 2120 708 strati
2133 652 2412 723 sapientes
2425 658 2591 722 atque
2610 648 2890 714 industrii,
2905 646 3069 717 etjqui
3085 645 3339 717 legalium
3352 642 3559 714 pariter

1958 756 2015 802 et
2061 745 2521 817 propheticorum
2555 741 2892 812 scriptorum
2927 747 3058 793 sunt
3088 736 3276 808 periti.
3310 732 3468 792 Unde
3496 744 3555 792 et

1959 837 2184 894 divinus
2205 838 2406 892 Petrus
2420 832 2679 903 princeps
2702 830 3122 901 discipulorum,
3138 827 3372 897 aliisque
3398 825 3560 898 longe

1959 931 2239 1004 superior,
2266 931 2553 1001 professus
2575 931 2800 1004 quidem
2824 940 2910 987 est
2939 931 3105 986 ﬁdem
3141 938 3321 994 recte;
3346 923 3562 983 audivit

1959 1001 2096 1081 vero
2119 1039 2150 1078 a
2182 1022 2407 1081 Christo
2434 1043 2447 1078 :
2488 1046 2506 1077 ι
2531 1001 2730 1081 Beatus
2761 1040 2843 1089 es,
2873 1022 3062 1079 Simon
3099 1019 3395 1086 Bar—Iona,
3427 1016 3559 1088 quia
3651 1001 3654 1004 ’

1962 1133 2093 1174 caro
2120 1125 2177 1172 et
2214 1116 2441 1190 sanguis
2464 1134 2579 1172 non
2602 1117 2870 1173 revelavit
2903 1115 3030 1179 tibi,
3070 1113 3167 1169 sed
3197 1113 3361 1168 Pater
3403 1125 3562 1165 meus

1962 1211 2058 1282 qui
2090 1218 2176 1265 est
2219 1210 2276 1265 in
2323 1210 2479 1265 caelis
2517 1209 2583 1264 ⁵⁸.
2621 1229 2639 1262 ι
2692 1208 2928 1265 Instruit
2968 1207 3115 1262 enim
3160 1220 3264 1259 nos
3310 1202 3457 1258 Deus
3497 1215 3563 1256 ac

1964 1300 2127 1357 Pater
2156 1315 2412 1356 sermone
2431 1300 2499 1356 de
2519 1299 2683 1367 Filio,
2706 1309 2874 1370 atque
2902 1299 2980 1353 ita
3003 1297 3298 1359 instaurat,
3320 1293 3563 1348 oﬁ‘erens

1963 1408 2068 1448 nos
2090 1392 2195 1464 ipsi
2218 1401 2279 1449 ut
2300 1392 2572 1448 Salvatori
2597 1399 2761 1463 atque
2779 1387 3161 1460 Redemptori.
3189 1405 3206 1438 ι
3223 1384 3397 1441 Nemo
3413 1382 3563 1439 enim

1964 1484 2118 1539 venit
2141 1483 2210 1539 ad
2245 1499 2356 1547 me,
2383 1481 2587 1553 inquit,
2603 1483 2720 1538 nisi
2751 1481 2914 1537 Pater
2942 1494 3113 1535 meus
3152 1476 3248 1548 qui
3286 1474 3440 1531 misit
3476 1487 3565 1527 me

1967 1576 2154 1631 trahat
2181 1590 2310 1630 eum
2336 1573 2435 1628 ⁵⁷.»
2461 1572 2533 1631 Ut
2563 1572 2752 1643 itaque
2773 1588 2873 1643 per
2896 1584 3143 1634 omnem,
3166 1575 3231 1623 ut
3258 1568 3333 1621 ita
3356 1563 3563 1630 dicam,

1967 1682 2179 1723 sacram
2205 1666 2572 1738 Scripturam,
2598 1678 2913 1721 sermonem
2936 1662 3004 1718 de
3024 1661 3146 1732 ipso
3168 1657 3563 1728 intelligentes,

1968 1773 2033 1815 ac
2079 1758 2354 1814 sinceram
2424 1756 2590 1812 ﬁdem
2649 1755 2994 1827 colligentes,
3052 1768 3166 1808 non
3250 1746 3567 1806 detestabili

1969 1852 2140 1907 animi
2180 1848 2506 1922 duplicitate
2534 1848 2800 1905 vacillans
2827 1844 3236 1919 quodammodo
3266 1853 3324 1898 et
3345 1841 3567 1898 ebrium

1971 1957 2069 1999 cor
2090 1943 2415 2007 habeamus,
2441 1956 2623 2012 neque
2661 1938 2988 2013 ignorantiae
3016 1935 3238 1994 turbine
3261 1933 3565 2005 rapiamur,

1972 2036 2266 2091 audiamus
2279 2034 2453 2090 Deum
2471 2049 2571 2105 per
2601 2048 2793 2089 vocem
2821 2030 3223 2102 prophetarum
3248 2025 3525 2082 dicentem
3550 2039 3565 2075 :

1980 2148 1998 2182 ι
2025 2128 2352 2184 Dite-xerunt
2386 2139 2615 2181 movere
2661 2123 2832 2195 pedes
2870 2138 3021 2188 suos,
3059 2116 3116 2176 et
3159 2135 3270 2175 non
3302 2130 3569 2189 peperce-

1970 2230 2124 2286 runt,
2154 2228 2211 2275 et
2234 2220 2383 2275 Deus
2418 2233 2529 2274 non
2554 2216 2890 2287 complacuit
2912 2214 3018 2270 sibi
3043 2213 3099 2268 in
3123 2213 3206 2269 eis
3229 2213 3327 2265 ⁵⁸.»
3354 2208 3571 2264 idcirco

1971 2326 2072 2383 per
2110 2308 2546 2366 innumerabiles
2575 2305 2843 2376 imagines
2866 2318 2930 2358 ac
2954 2300 3157 2373 ﬁguras
3193 2314 3294 2354 nos
3327 2295 3395 2351 ad
3420 2292 3570 2350 veri-

1970 2412 2143 2460 tatem
2167 2401 2485 2465 conﬁrmat,
2506 2401 2781 2471 ﬁdemque
2802 2398 2858 2453 in
2882 2397 3065 2468 ipsum
3088 2392 3303 2449 utiliter
3324 2393 3572 2461 praestat,

1971 2514 2038 2554 ea
2069 2513 2193 2568 quae
2226 2513 2328 2568 per
2368 2507 2589 2568 tempus
2618 2496 2968 2559 acciderunt,
3011 2491 3195 2549 claros
3237 2483 3576 2559 cognitionis

1972 2591 2041 2645 de
2076 2590 2196 2662 ipso
2238 2598 2400 2663 typos
2439 2589 2809 2644 constituens.
2841 2584 3145 2642 Videamus
3181 2579 3368 2649 itaque
3408 2573 3577 2629 etiam

1974 2685 2031 2739 in
2056 2685 2124 2740 iis
2165 2700 2289 2754 quae
2328 2682 2520 2737 divino
2554 2678 2758 2750 Ioseph
2793 2680 3122 2739 evenerunt,
3167 2686 3237 2726 an
3284 2684 3406 2740 qua:
3461 2663 3577 2721 dixi

1970 2792 2102 2833 vera
2120 2791 2316 2831 rursus
2338 2781 2659 2846 appareant.
2683 2773 2765 2828 Ita
2785 2786 2920 2827 vero
2943 2769 3154 2824 habent
3180 2783 3194 2819 :
3221 2783 3239 2815 ι
3265 2762 3361 2817 Hae
3389 2769 3577 2821 autem

1972 2875 2103 2923 sunt
2132 2866 2523 2940 generationes
2568 2863 2760 2920 Iacob.
2799 2860 3003 2931 Ioseph
3038 2872 3166 2915 cum
3203 2862 3353 2910 esset
3384 2846 3575 2906 anno-

1974 2977 2097 3017 rum
2113 2958 2532 3031 septemdecim,
2556 2955 2814 3027 pascebat
2834 2967 2968 3009 oves
2992 2964 3121 3006 cum
3145 2945 3414 3003 fratribus
3438 2941 3578 3007 suis,

1973 3030 2250 3108 exsistens
2274 3049 2501 3123 juvenis
2527 3064 2652 3104 cum
2678 3046 2807 3103 ﬁliis
2832 3045 3018 3108 Ballaa,
3058 3050 3263 3097 etcum
3296 3035 3427 3091 ﬁliis
3453 3030 3580 3090 Zel-

1974 3147 2120 3217 phae,
2149 3142 2312 3216 179
2334 3157 2572 3199 uxorum
2606 3138 2780 3211 patris
2811 3137 2918 3193 sui.
2945 3134 3145 3191 Attulit
3175 3140 3361 3186 autem
3374 3124 3581 3217 Ioseph

253 3231 405 3302 μετά
432 3230 551 3284 τῶν
590 3230 727 3284 υἱῶν
771 3229 1006 3297 Βάλλας,
1039 3233 1137 3286 καὶ
1163 3231 1305 3302 μετὰ
1354 3232 1464 3286 τῶν
1505 3232 1638 3286 υίῶν
1663 3231 1873 3302 Ζελφᾶς

1978 3216 2323 3308 νὶιυρθτίυῐη
2370 3234 2576 3291 malum
2621 3231 2691 3287 ad
2727 3229 2900 3286 Israel
2938 3236 3156 3299 patrem
3189 3237 3375 3280 suum.
3410 3216 3581 3275 Iacob

252 3324 369 3379 τῶν
425 3323 711 3394 γυναικῶν
761 3324 861 3378 τοῦ
919 3326 1129 3396 πατρὸς
1188 3323 1376 3380 αὐτοῦ.
1437 3326 1763 3397 Κατήνεγκε
1816 3326 1873 3380 δὲ

1978 3307 2160 3388 autern
2183 3326 2446 3399 diligebat
2472 3324 2678 3394 Ioseph
2702 3337 2871 3392 supra
2891 3333 3087 3374 omnes
3109 3315 3254 3370 ﬁlios
3274 3326 3427 3373 suos,
3448 3307 3584 3379 quia

263 3416 477 3490 Ἰωσὴφ
505 3417 678 3488 ψόγον
704 3418 945 3489 πονηρὸν
974 3418 1114 3490 πρὸς
1152 3417 1376 3492 Ἰσραὴλ
1401 3419 1497 3475 τὸν
1528 3419 1747 3491 πατέρα
1777 3420 1873 3473 αὐ-

253 3509 380 3563 τοῦ.
431 3509 637 3563 Ἰακὼό
659 3509 717 3564 δὲ
750 3512 945 3581 ἠγάπα
977 3509 1069 3564 τὸν
1108 3509 1311 3582 Ἰωσὴφ
1341 3510 1494 3583 παρὰ
1515 3510 1727 3575 πάντας
1750 3512 1879 3576 τοὺς

257 3603 418 3665 υἱοὺς
456 3598 652 3666 αὐτοῦ,
698 3601 783 3655 ὅτι
829 3600 945 3664 υίὸς
980 3602 1168 3673 γήρως
1208 3597 1277 3674 ἦν
1310 3600 1482 3673 αὐτῷ.
1526 3602 1783 3674 Ἐποίησε
1821 3601 1880 3656 δὲ

256 3696 418 3768 αὐτῷ
442 3696 655 3767 χιτῶνα
693 3694 957 3749 ποικίλον.
997 3695 1220 3759 ’ἰδόντες
1252 3695 1309 3749 δὲ
1347 3695 1398 3749 οἱ
1438 3695 1663 3765 ἀδελφοὶ
1690 3695 1878 3761 αὑτοῦ,

1977 3424 2126 3479 ﬁlius
2175 3420 2485 3479 senectutis
2535 3423 2657 3473 erat
2695 3415 2768 3470 ei.
2814 3412 2972 3469 Fecit
3013 3417 3200 3465 autem
3243 3406 3294 3462 ei
3337 3401 3583 3459 tunicam

1975 3516 2206 3571 variam.
2237 3513 2501 3570 Videntes
2523 3524 2658 3566 vero
2680 3507 2883 3563 fratres
2916 3506 3040 3581 ejus
3091 3501 3244 3573 quod
3276 3512 3403 3555 eum
3434 3510 3588 3553 ama-

1979 3617 2065 3665 ret
2081 3616 2238 3679 pater
2255 3622 2367 3678 prze
2387 3604 2650 3661 omnibus
2670 3600 2800 3655 ﬁliis
2820 3598 2954 3665 suis,
2975 3597 3216 3653 oderunt
3233 3609 3385 3660 eum,
3402 3602 3585 3661 neque

1979 3706 2239 3771 poterant
2269 3697 2321 3752 ei
2360 3695 2515 3767 loqui
2547 3691 2851 3765 quidquam
2875 3688 3170 3762 paciﬁcum
3190 3686 3259 3741 5’.
3290 3703 3309 3737 ι

256 3791 346 3844 ὅτι
375 3791 408 3843 ό
445 3789 637 3861 πατὴρ
670 3790 839 3844 αὐτὸν
873 3788 1022 3860 φιλεῖ
1044 3792 1109 3843 ἐκ
1143 3789 1363 3844 πάντων
1392 3787 1503 3843 τῶν
1535 3787 1668 3843 υἱῶν
1696 3787 1883 3857 αὑτοῦ,
1923 3791 2196 3865 ἐμίσησαν
2255 3788 2442 3857 αὑτὸν,
2467 3787 2561 3843 καὶ
2589 3786 2690 3841 οὐκ
2728 3784 2983 3841 ἐδύναντο
3013 3780 3196 3835 λαλεῖν
3253 3774 3406 3846 αὐτῷ
3436 3771 3588 3827 οὐδὲν

257 3887 574 3959 εἰρηνικόν.
602 3906 620 3940 t

334 3980 409 4052 β’.
454 3979 764 4052 Πεποίηται
800 3979 901 4050 μὲν
933 3981 1042 4052 γὰρ
1073 3982 1103 4034 ό
1138 3979 1233 4034 τοῦ
1265 3981 1472 4052 βιϐλίου
1499 3983 1875 4055 συγγραφεὺς,

257 4077 376 4129 τῶν
406 4073 466 4141 ἐξ
504 4072 676 4126 Ἥσαῦ
708 4074 1012 4142 γεγονότων
1045 4073 1430 4146 ἀπαρίθμησιν
1460 4074 1685 4147 ἀκριϐῆ.
1719 4074 1879 4138 Τίνες

258 4169 376 4239 γὰρ
416 4165 587 4221 τίνων
616 4165 912 4235 ἐξέφυσαν,
946 4167 1042 4221 καὶ
1072 4167 1196 4220 ὅποι
1223 4166 1355 4221 ποτὲ
1383 4167 1487 4239 γῆς
1515 4167 1742 4221 ἕκαστοι
1781 4167 1879 4220 αὐ-

258 4259 376 4312 τῶν
406 4258 793 4328 κατῳκήκασι,
836 4257 933 4312 καὶ
977 4257 1078 4328 τὴν
1110 4257 1252 4313 κατὰ
1284 4259 1448 4314 τίνων
1489 4259 1736 4330 διέλαχον
1774 4259 1877 4328 ἀρ-

259 4351 397 4423 χὴν,
459 4350 523 4404 τὸ
558 4350 703 4422 ἱερὸν
737 4344 887 4421 ήμᾶς
937 4348 1142 4416 ἐδίδαξε
1186 4351 1465 4423 Γράμμα·
1516 4350 1761 4421 γενναῖόν
1811 4366 1877 4420 γε

266 4444 383 4516 μὴν
420 4442 600 4510 οὐδὲν,
634 4442 751 4497 ἀλλ’
792 4441 914 4497 οὐδὲ
963 4444 1186 4515 μνήμης
1231 4441 1381 4508 ἀξιον
1420 4444 1767 4516 πεπραχότας
1792 4462 1876 4498 τι·-

262 4538 380 4599 νός.
417 4536 725 4608 Μονονουχὶ
748 4535 808 4590 δὲ
834 4536 1212 4607 παρανήχεται
1240 4538 1368 4601 τοὺς
1395 4537 1820 4608 ὠνομασμένους
1848 4539 1879 4592 ό

2055 3975 2109 4029 2.
2150 3973 2309 4029 Fecit
2331 3969 2712 4043 scriptorlibri
2733 3977 2981 4045 apertam
3003 3962 3587 4023 commemorationem

1983 4082 2178 4123 eorum
2204 4066 2300 4137 qui
2341 4080 2411 4121 ex
2447 4066 2593 4121 Esau
2623 4064 2736 4119 orti
2765 4070 2917 4119 sunt.
2951 4059 3057 4127 Qui
3094 4057 3244 4115 enim
3277 4072 3347 4113 ex
3383 4055 3590 4126 quibus

1984 4159 2101 4214 nati
2140 4159 2271 4223 sint,
2309 4165 2367 4213 et
2408 4171 2576 4227 quam
2602 4155 2841 4226 quisque
2880 4151 3163 4224 regionem
3201 4147 3485 4213 habitarit,
3525 4160 3591 4200 ac

1985 4251 2193 4323 quibus
2217 4249 2528 4320 imperarit,
2561 4262 2721 4304 sacra
2762 4245 3050 4315 Scriptura
3074 4258 3177 4298 nos
3202 4241 3393 4296 docuit
3417 4257 3430 4292 :
3460 4253 3588 4293 cum

1990 4343 2216 4399 interim
2264 4340 2405 4395 nihil
2451 4340 2779 4412 praeclarum
2822 4352 3005 4406 neque
3051 4332 3323 4390 memoria
3359 4330 3589 4402 dignum

1987 4435 2282 4509 quisquam
2298 4449 2493 4492 eorum
2512 4430 2765 4503 gesserit.
2784 4428 2981 4484 Ferme
3000 4426 3184 4495 itaque
3200 4438 3394 4479 eorum
3411 4420 3592 4477 nomi-

1987 4545 2057 4585 na
2079 4542 2264 4583 sermo
2288 4523 2578 4597 praeteriit,
2596 4529 2763 4591 atque
2785 4518 2852 4574 ad
2874 4516 3123 4572 divinum
3144 4514 3350 4585 Ioseph
3372 4529 3430 4569 se
3453 4528 3589 4568 con«

264 4631 454 4700 λόγος,
479 4601 738 4702 καταίρει
762 4628 820 4682 δὲ
855 4601 1172 4699 ῶσπερ-ἐπὶ
1194 4628 1290 4683 τὸν
1323 4601 1873 4702 θεσπέσιοννἸωσήφ·

1984 4619 2115 4685 fert,
2137 4617 2319 4690 deque
2353 4615 2421 4671 iis
2446 4613 2541 4686 qui
2567 4629 2637 4669 cx
2660 4609 2929 4681 sanguine
2957 4605 3130 4663 Iacob
3163 4612 3314 4669 sunt,
3338 4601 3589 4674 splendi-

265 4729 367 4781 καὶ
417 4723 551 4787 τοὺς
594 4721 654 4790 ἐξ
696 4723 932 4794 αἵματος
972 4719 1169 4775 Ἰακὼϐ
1215 4710 1487 4794 λαμπρὸν
1522 4722 1759 4776 ποιεῖται
1805 4721 1889 4776 δι-

214 4847 221 4855 -
266 4820 497 4889 ήγημα.
522 4813 815 4877 Νεώτατος
841 4812 943 4882 μὲν
985 4807 1078 4866 οὖν
1107 4811 1219 4865 τῶν
1245 4811 1422 4867 ἄλλων
1455 4814 1483 4867 ὁ
1527 4813 1729 4886 Ἰωσὴφ
1766 4817 1889 4887 (ἑπ-

264 4908 581 4969 τακαίδεκα
614 4905 726 4977 γὰρ
753 4900 823 4977 ἧν
846 4903 1030 4975 ἐτῶν),
1065 4905 1288 4976 ίδρῶτός
1320 4922 1384 4974 γε
1423 4905 1532 4979 μὴν
1569 4905 1671 4959 οὐκ
1695 4906 1889 4977 ἠμέλει

268 4998 606 5074 ποιμενικοῦ
634 5014 647 5027 ⁸
680 5000 793 5062 τοῖς
814 4997 873 5051 δὲ
898 4997 1081 5061 ἄλλοις
1105 4997 1362 5069 ἀδελφοῖς
1388 4998 1595 5071 ἀναμὶξ
1616 4999 1733 5053 τῶν
1756 4999 1890 5054 ἰσων

264 5099 483 5168 ἥπτετο
521 5091 983 5163 σπουδασμάτων,
1017 5089 1080 5144 οὐ
1120 5092 1222 5162 τὴν
1253 5092 1364 5154 τοῖς
1397 5092 1455 5145 ἐν
1490 5090 1603 5165 ἥϐῃ
1632 5090 1879 5163 θυμηρε-

238 5202 251 5209 ‘
270 5187 487 5256 στάτην
519 5184 617 5238 καὶ
650 5182 738 5236 ἀεί
771 5198 887 5245 πως
913 5182 1190 5254 προσφιλῆ
1218 5182 1504 5255 ῥᾳστώνην
1534 5184 1889 5258 τετιμηκώςοη

265 5281 330 5334 οὐ
362 5277 466 5348 τὴν
500 5275 753 5347 πρόωρον
797 5272 894 5330 τοῦ
943 5270 1059 5344 βίου
1110 5275 1372 5347 φροντίδα
1422 5276 1881 5347 παραιτούμενος,

266 5370 396 5425 οὐδὲ
425 5368 490 5421 τὺ
525 5364 773 5421 ἀνεῖσθαι
825 5364 1028 5435 μᾶλλον
1064 5364 1369 5436 ἠγαπηκὼς
1393 5402 1410 5427 ,
1464 5367 1560 5419 ἆτε
1605 5365 1670 5435 δὴ
1704 5366 1801 5419 καὶ
1830 5367 1889 5417 ὲν

273 5460 598 5535 μειρακίοις
631 5458 714 5511 ἔτι
742 5454 931 5512 τελῶν·
974 5456 1092 5511 ἀλλ’
1122 5452 1210 5510 οἷα
1250 5455 1589 5528 πρεσδύτης,
1633 5458 1692 5511 ἐν
1736 5458 1890 5529 εὑδίᾳ

276 5558 381 5628 μὲν
408 5555 515 5626 ἤδη
548 5551 830 5622 λογισμῶν
860 5549 1121 5619 γεγονὼς,
1140 5549 1234 5603 καὶ
1264 5547 1355 5601 τὸν
1395 5547 1521 5603 νοῦν
1546 5548 1688 5619 ἔχων
1714 5543 1773 5602 εὖ
1798 5547 1890 5618 βε-

274 5646 493 5717 ϐηκότα
520 5662 532 5674 ·
570 5642 747 5711 πολιῷ
782 5658 840 5694 τε
874 5641 953 5711 τῷ
988 5641 1132 5709 λόγῳ
1167 5640 1472 5713 χρώμενος,
1502 5641 1597 5694 καὶ
1635 5639 1735 5711 τῆς
1764 5640 1887 5691 ἐσο-

279 5742 454 5810 μένης
482 5734 874 5807 λαμπρότητος
910 5733 1335 5805 προαναφαίνων
1375 5733 1436 5786 τὸ
1475 5731 1689 5799 κάλλος,
1723 5729 1886 5785 ἐθαυ-

1987 4711 2115 4767 dam
2168 4709 2550 4766 narrationem
2598 4701 2862 4759 instituit.
2921 4699 3183 4756 Minimus
3228 4697 3418 4766 itaque
3457 4701 3589 4748 natu

1990 4803 2135 4859 inter
2150 4801 2293 4858 ﬁlios
2308 4798 2536 4869 Ioseph.
2560 4792 2958 4867 septemdecim
2974 4791 3125 4848 enim
3149 4796 3272 4844 erat
3290 4776 3589 4851 annorum,

1989 4894 2240 4949 laborem
2267 4887 2621 4963 pastoritium
2650 4901 2760 4940 non
2799 4881 3152 4947 detrectavit,
3184 4878 3283 4933 sed
3317 4891 3426 4932 una
3464 4890 3591 4931 cum

1989 4988 2113 5046 aliis
2156 4986 2422 5042 fratribus
2457 4982 2653 5038 iisdem
2703 4976 2904 5036 studiis
2950 4974 3203 5038 vacabat,
3246 4986 3357 5026 non
3388 4969 3588 5034 otium,

1989 5096 2100 5155 quo
2128 5081 2390 5153 juventus
2435 5072 2712 5146 imprimis
2741 5070 3070 5132 delectatur,
3100 5072 3339 5127 sectans,
3367 5077 3477 5117 non
3508 5060 3591 5117 in-

1992 5152 2385 5244 tempestivum
2434 5179 2740 5239 parumque
2782 5168 2971 5231 aptum
2995 5156 3143 5213 aetati
3194 5171 3307 5210 sua:
3341 5152 3590 5209 laborem

1994 5264 2431 5335 subterfugiens,
2454 5274 2637 5330 neque
2662 5270 2858 5311 vacare
2882 5252 3168 5314 adamans,
3195 5256 3387 5320 utpote
3411 5246 3596 5303 adhuc

1995 5359 2295 5433 pueritiam
2336 5369 2526 5425 agens,
2558 5350 2655 5406 sed
2686 5346 2857 5411 veluti
2889 5360 3078 5410 senex,
3103 5355 3159 5400 et
3198 5342 3594 5414 cogitationqu

1995 5449 2335 5524 praestantia,
2380 5443 2693 5515 mentisque
2736 5441 2937 5496 robore
2979 5437 3266 5509 praeditus,
3318 5451 3384 5490 ac
3434 5433 3594 5489 senili

1998 5542 2212 5598 ratione
2246 5548 2442 5602 utens,
2486 5535 2770 5605 futurique
2811 5530 3123 5605 splendoris
3157 5527 3595 5600 pulcherrimum

1997 5634 2279 5707 specimen
2301 5631 2494 5694 edens,
2520 5627 2717 5682 merito
2741 5626 2903 5681 beato
2930 5620 3419 5689 amantissimoqtm
3449 5611 3598 5685 patri

1997 5727 2419 5783 admirationem
2473 5721 2558 5777 sui
2599 5718 2931 5783 concitavit,
2975 5724 3031 5773 et
3075 5714 3143 5769 ad
3200 5711 3464 5783 majorem
3507 5705 3595 5762 sui

354 5926 401 5960 “
423 5925 623 5984 Matth.
658 5940 765 5994 1m,
804 5924 884 5978 l7.
971 5924 1011 5953 ⁸⁷
1042 5923 1199 5978 Ioan.
1234 5922 1410 5992 γυίὶ.
1492 5922 1535 5951 ⁵³
1562 5921 1765 5987 Ietgcm.
1800 5936 1907 5990 xxv,
1946 5917 2025 5973 10.
2093 5919 2135 5949 ⁵³
2173 5916 2310 5972 Gen.
2341 5928 2540 5984 “xm,
2582 5911 2702 5966 “2‘4.
