4034 6466
506 390 609 448 28⁸1

1534 392 1591 449 S.
1633 394 1906 451 CYRlLLl
1944 388 2416 467 ALEXANDRINI
2456 389 2773 449 ABCHIEP.

3651 408 3743 466 188

510 518 753 561 amorem
781 519 845 563 ac
870 521 1058 564 curam
1081 504 1422 578 provocavit.
1447 528 1463 558 ι
1481 506 1614 562 Erat
1634 509 1784 563 enim
1814 507 1973 578 ipsi,»
1997 506 2083 561 ln-

2208 504 2393 570 ιάζετο
2424 505 2525 573 μὲν
2571 506 2796 569 εἰκότως
2839 503 2993 575 ποιρά
3026 521 3087 574 γε
3118 505 3197 576 τῷ
3234 508 3482 581 μακαρίῳ
3533 514 3621 568 καί
3669 536 3745 589 φι.

510 596 651 668 quit,
676 616 694 649 ι
713 597 881 653 etiam
908 596 1053 654 ﬁlius
1075 596 1377 654 senectutis
1400 597 1464 652 “.
1480 616 1497 647 ι
1515 596 1679 667 Atqui
1704 597 1968 670 quidnam
1984 596 2092 651 hoc

510 686 631 742 est?
653 686 899 743 Affectus
925 689 1040 744 sive
1068 685 1460 758 dispositiones
1497 702 1620 758 qua:
1652 687 1708 742 in
1746 687 1909 743 nobis
1941 694 2089 754 sunt,

511 778 690 834 oratio
713 786 900 834 nostra
928 778 1236 850 investigat.
1257 778 1556 835 Parentum
1572 778 1720 833 enim
1739 794 1870 850 erga
1887 778 2093 833 liberos

511 886 667 928 amor
710 871 937 942 a-qualis
979 872 1036 927 in
1088 873 1411 928 universum
1449 862 1731 926 nonnullis
1769 881 1875 936 est,
1915 885 2093 941 neque

453 1022 459 1033 ,
513 961 625 1017 ulla
657 962 873 1017 ratione
893 961 1197 1032 inaequalis.
1224 961 1461 1031 Superat
1483 968 1669 1016 autem
1689 976 2089 1031 saepenumero,

512 1060 569 1108 et
605 1054 717 1107 vim
743 1054 910 1110 infert
935 1054 1103 1109 menti
1141 1062 1359 1116 natura,
1384 1051 1724 1123 persuadens
1756 1052 1879 1107 aliis
1906 1063 1967 1106 ut
1991 1052 2095 1106 ali-

513 1142 645 1214 quid
683 1144 919 1215 amplius
944 1144 1320 1215 egentioribus
1342 1145 1664 1214 largiantur,
1687 1152 1877 1214 utpote
1901 1145 1997 1214 qui
2039 1144 2097 1199 in

515 1249 581 1288 eo
605 1243 751 1290 statu
780 1236 890 1291 sint
937 1246 1000 1290 ut
1040 1236 1246 1307 majore
1284 1250 1418 1290 cura
1441 1236 1735 1307 indigeant.
1761 1235 1937 1291 Aliter
1965 1251 2097 1291 vero

517 1324 579 1379 ﬁt
622 1342 1019 1397 nonnunquam
1066 1334 1127 1381 ut
1190 1326 1414 1397 quidam
1463 1336 1721 1398 parentes
1767 1327 1971 1383 amoris
2009 1327 2098 1384 sui

517 1416 910 1471 abundantiam
934 1419 990 1472 in
1014 1418 1238 1474 ultimos
1269 1418 1367 1473 abs
1390 1433 1450 1474 se
1478 1427 1636 1473 natos
1664 1418 1970 1483 conferant,
1996 1434 2099 1475 an-

523 1506 784 1562 teriorem
835 1523 1080 1563 amorem
1124 1509 1426 1580 posteriore
1478 1509 1883 1579 quodammodo
1928 1510 1984 1565 in
2041 1526 2100 1566 se

519 1598 786 1668 rapiente.
808 1599 1081 1655 Novitatis
1109 1600 1257 1655 enim
1278 1609 1542 1670 appetens
1558 1609 1641 1656 est
1658 1601 1899 1656 humana
1922 1616 2097 1668 mens,

521 1696 691 1758 atque
715 1705 906 1743 eorum
935 1690 1159 1761 quidem
1188 1692 1280 1761 qui
1299 1691 1454 1763 prius
1473 1691 1588 1747 nati
1615 1700 1765 1756 sunt,
1790 1692 2100 1749 satietatem

521 1792 631 1831 non
659 1778 848 1849 abjicit
874 1797 887 1833 :
909 1796 1099 1835 eorum
1126 1797 1258 1836 vero
1281 1783 1376 1852 qui
1400 1783 1649 1837 nondum
1679 1783 1814 1849 nati,
1841 1792 1939 1838 aut
1962 1784 2101 1839 alio-

519 1863 614 1931 qui
650 1879 841 1920 recens
880 1867 1133 1937 acquisiti
1179 1877 1327 1935 sunt,
1364 1870 1638 1942 potiorem
1677 1886 1866 1927 curam
1908 1872 2093 1939 habet,

524 1951 685 2023 180
705 1962 761 2008 et
790 1956 1121 2014 ferventiore
1148 1975 1245 2015 eos
1270 1975 1458 2015 amore
1488 1963 1859 2033 prosequitur.
1881 1964 2100 2019 Amavit

520 2043 704 2113 itaque
728 2061 840 2115 pne
876 2047 998 2103 aliis
1038 2048 1262 2106 divinus
1299 2040 1470 2108 Jaeob
1494 2051 1720 2123 Joseph,
1754 2075 1772 2106 ι
1798 2057 1926 2126 quia
1954 2055 2100 2114 ﬁlius

518 2135 821 2189 senectutis
860 2135 963 2205 ipsi
1003 2146 1142 2194 erat.
1174 2159 1192 2190 ι
1234 2139 1533 2197 Sciendum
1571 2152 1755 2198 autem
1806 2157 1887 2202 est
1924 2147 2092 2217 quod,

518 2226 624 2281 etsi
645 2225 801 2282 Liam
825 2244 1053 2284 uxorem
1080 2230 1297 2287 duxerit
1321 2232 1376 2288 in
1405 2232 1669 2301 Cbarran,
1696 2237 1896 2292 amavit
1931 2239 2096 2296 etiam

523 2313 750 2380 Rachel,
786 2334 908 2388 quae
944 2319 1245 2391 Josephum
1288 2325 1528 2396 peperit,
1573 2335 1629 2381 et
1666 2328 1783 2398 jam
1811 2328 2096 2395 moritura,

520 2407 825 2480 Benjamin.
875 2410 954 2466 Ad
1002 2413 1108 2469 hoc
1154 2414 1412 2481 dicimus,
1461 2419 1652 2474 ambos
1696 2420 1920 2489 quidem
1962 2419 2103 2477 ﬁlios

522 2495 695 2552 fuisse
719 2501 1047 2568 senectutis;
1080 2504 1280 2561 bonam
1309 2522 1437 2562 vero
1465 2508 1664 2580 Joseph
1692 2509 1951 2575 indolem,
1970 2526 2105 2580 qua-

520 2585 631 2643 lem
649 2591 831 2644 caeteri
853 2607 1045 2649 omnes
1060 2610 1171 2650 non
1192 2594 1488 2663 habebant,
1510 2598 1564 2653 in
1581 2614 1743 2654 causa
1760 2599 1947 2662 fuisse,
1966 2610 2027 2655 ut
2044 2601 2099 2656 in

523 2677 675 2736 hunc
707 2696 819 2751 pra:
848 2683 971 2739 aliis
1004 2688 1353 2755 potissimum
1398 2705 1565 2745 senex
1597 2707 1904 2762 propensus
1937 2691 2095 2749 foret.

524 2769 604 2827 Ita
631 2774 779 2827 enim
808 2774 911 2831 sibi
937 2791 1290 2847 persuaserat
1310 2780 1557 2839 futurum
1585 2798 1713 2838 eum
1730 2784 2105 2841 verisimiliter

526 2862 877 2935 splendidum
918 2877 1083 2939 atque
1127 2870 1434 2940 illustrem;
1463 2863 1666 2947 quippe
1706 2876 1823 2947 qui,
1859 2876 2107 2949 neglecta

520 2952 830 3024 juventutis
870 2958 1115 3025 lascivia,
1160 2961 1341 3016 virum
1365 2962 1481 3034 jam
1531 2964 1839 3035 perfectum
1878 2982 1997 3037 prae
2048 2982 2107 3022 se

525 3044 757 3113 ferebat,
788 3065 896 3120 quo
920 3058 1081 3121 pacto
1103 3068 1214 3108 non
1247 3053 1607 3110 admirandus
1632 3057 1736 3110 sit?
1756 3056 1957 3113 Beatus
1976 3072 2109 3111 vero

2190 594 2468 668 λοστόργῳ
2500 596 2692 667 πατρὶ,
2716 596 2942 665 ἀγάπης
2962 611 3022 651 τε
3049 596 3145 650 καὶ
3170 596 3382 666 φειδοῦς
3407 599 3744 674 διαφερόντως

2192 686 2430 757 ἠξιοῦτο.
2473 706 2491 739 ι
2529 682 2637 741 Ἦν
2670 686 2775 760 γὰρ
2808 686 2980 758 αὐτῷ,
3019 688 3174 758 φησὶ,
3207 689 3304 742 καὶ
3352 691 3536 762 γήρως
3574 696 3696 760 υἱός.
3726 719 3742 751 ι

2191 780 2305 835 Καὶ
2329 781 2383 834 τί
2420 780 2580 835 τοῦτό
2616 782 2767 847 ton;
2814 782 2927 845 Τὰς
2974 784 3032 836 ὲν
3070 783 3208 852 ἡμῖν
3256 782 3521 849 διαθέσεις
3558 789 3586 841 ό
3609 788 3747 857 λόγος

2194 874 2328 946 ημῖν
2352 871 2817 942 πολυπραγμονεῖ.
2859 874 2924 926 Δί
2956 872 3056 943 μὲν
3093 871 3203 943 γάρ
3233 874 3328 927 ἰπὶ
3362 876 3516 928 παισὶ
3538 877 3639 929 τῶν
3662 895 3749 946 γε.

2194 961 2537 1032 γεννηκότων
2565 960 2958 1031 φιλοστοργία,
2996 960 3106 1017 ἴσαι
3147 980 3209 1017 τε
3238 963 3320 1025 είς
3356 962 3502 1015 ἅπαν
3530 967 3671 1036 παρά
3696 970 3750 1034 γέ

2193 1071 2328 1116 τισι,
2352 1053 2446 1106 καὶ
2475 1051 2595 1106 κατ’
2633 1051 2826 1107 οὐδένα
2865 1052 3065 1123 τρόπον
3085 1054 3143 1106 ιν
3162 1052 3358 1123 μείοσι.
3383 1052 3687 1110 Πλεονεκτεῖ
3701 1059 3751 1112 δὲ

2197 1144 2458 1208 πολλάκις
2486 1145 2580 1199 καὶ
2612 1142 3002 1210 καταϐιάζεται
3033 1144 3125 1198 τὸν
3166 1142 3291 1198 νοῦν
3332 1147 3365 1215 ἡ
3411 1146 3588 1214 φύσις,
3628 1149 3752 1202 ἀπο.

2198 1237 2382 1308 νεῖμαί
2419 1255 2472 1290 τι
2504 1237 2680 1308 βραχὺ
2710 1235 2864 1306 παρά
2887 1238 3012 1300 τοὺς
3042 1235 3238 1299 ἀλλους
3270 1236 3636 1304 συμπείθουσα
3656 1242 3754 1302 τοῖς

2202 1327 2682 1399 καταδεεστέρως,
2727 1328 2823 1381 ars
2870 1326 2936 1398 δὴ
2981 1328 3077 1383 καὶ
3128 1328 3467 1397 ὑπάρχουσιν
3516 1330 3572 1382 εν
3615 1330 3758 1402 χρεία

2201 1416 2415 1487 φειδοῦς
2441 1418 2540 1488 τῆς
2580 1418 3057 1489 προύργιαιτέρας.
3090 1417 3298 1481 Ἄλλως
3330 1434 3390 1470 τε
3431 1418 3630 1472 πολλῶν
3653 1419 3754 1473 ἐσθ’

2200 1509 2289 1563 ὅτε
2313 1508 2745 1579 γεγεννημένων,
2770 1507 3069 1579 καταλήγει
3099 1526 3237 1573 πως,
3261 1509 3359 1563 καὶ
3384 1509 3462 1580 τῷ
3484 1509 3757 1581 τελευταίῳ

2201 1600 2387 1656 λοιπὸν
2432 1599 2781 1673 ἐνορμίζεται
2832 1600 2931 1671 τῆς
2977 1601 3199 1671 ἀγάπης
3244 1605 3306 1655 τὸ
3358 1603 3627 1673 περιττὸν,
3671 1604 3758 1673 τὴν

2200 1693 2295 1747 ἀπί
2318 1695 2433 1756 τοῖς
2464 1692 2798 1765 προλαϐοῦσι
2835 1691 3239 1769 φιλοστοργίαν,
3285 1694 3384 1751 τοῦ
3432 1697 3549 1766 μετ’
3583 1697 3759 1762 αὐτοὺς

2205 1786 2287 1848 είς
2312 1784 2500 1837 ἔαυτόν
2532 1801 2649 1847 πως
2673 1782 3033 1858 ἁρπάζοντος.
3058 1782 3373 1847 Φιλόκαινος
3396 1785 3505 1856 γὰρ
3521 1786 3551 1841 ό
3566 1785 3762 1857 ἀνθρώ.

2207 1892 2361 1953 πινος
2386 1874 2531 1938 νοῦς,
2558 1875 2653 1928 καὶ
2682 1874 2791 1927 τῶν
2812 1874 2913 1945 μὲν
2937 1874 3038 1946 ήδη
3069 1875 3483 1945 προγεγονότων
3509 1877 3597 1930 τὸν
3624 1878 3765 1948 κόρον

2208 1968 2308 2023 οὐκ
2344 1966 2682 2023 ἀποσείεται⁶
2736 1966 2850 2021 τῶν
2893 1966 2951 2021 δὲ
2981 1966 3136 2022 οὔπω
3166 1969 3473 2039 παρόντων.
3506 1968 3537 2038 ἢ
3566 1969 3656 2023 καὶ
3680 1970 3766 2040 ἀρ-

2208 2061 2338 2124 τίως
2368 2060 2788 2132 πεπορισμένων
2829 2062 3208 2132 μεταποιεῖται
3248 2060 3393 2125 λίαν,
3434 2061 3528 2115 καὶ
3558 2062 3768 2129 ἀκμαιο-

2210 2150 2376 2223 τέραν
2402 2152 2488 2204 ἐπ’
2537 2151 2716 2215 αὐτοῖς
2746 2150 2844 2221 τὴν
2876 2150 3173 2222 ἐπιθυμίαν
3210 2150 3533 2221 εἰσδέχεται.
3572 2151 3769 2219 Ἥγάπα

2211 2243 2393 2298 τοίνυν
2436 2242 2586 2313 παρά
2627 2242 2754 2306 τοὺς
2796 2240 2992 2305 ἄλλους
3047 2240 3139 2296 τδν
3178 2240 3381 2313 Ἰωσὴφ
3428 2241 3459 2294 ό
3504 2240 3768 2302 θεσπέσιος

2209 2331 2434 2396 Ἰακὼϐ,
2461 2350 2482 2385 ι
2507 2331 2632 2387 Ὀτι
2662 2331 2849 2401 γήρως
2876 2327 2989 2391 υίὸς
3026 2322 3092 2398 ἦν
3124 2324 3294 2397 αὐτῷ.
3332 2343 3353 2378 ι
3394 2324 3472 2394 (1)
3500 2323 3688 2377 ’ἰστέον
3719 2327 3766 2373 δι

2210 2428 2313 2492 δτι,
2348 2425 2523 2479 καίτοι
2563 2424 2662 2494 τὴν
2688 2410 2852 2477 Λείαν
2888 2418 3432 2492 προεισοικισάμενος
3457 2418 3515 2471 ὲν
3543 2415 3766 2487 Χαρρὰν,

2209 2517 2463 2591 luditque
2491 2515 2587 2586 τὴν
2616 2511 2842 2584 Ῥαχὴλ,
2869 2512 2904 2582 ἢ
2933 2512 3024 2565 τὸν
3052 2510 3249 2578 Ἰωσὴφ
3274 2509 3554 2569 ὲκτέτοκε,
3586 2508 3673 2559 καὶ
3691 2522 3768 2558 τεο

2208 2609 2453 2664 leonina
2469 2607 2558 2661 τὸν
2582 2604 2856 2670 Βενιαμίν.
2884 2602 3027 2673 Πρὸς
3045 2601 3107 2671 δὴ
3121 2598 3280 2653 τοῦτό
3310 2616 3513 2670 φαμεν,
3528 2600 3609 2653 ὅτι
3626 2599 3773 2665 ἄμφω

2217 2694 2316 2769 μὶν
2342 2695 2513 2766 ἧστην
2540 2695 2726 2764 γήρως
2759 2690 2879 2745 υἱώ.
2924 2690 2998 2743 Τὸ
3051 2690 3109 2745 δέ
3156 2707 3221 2759 γε
3262 2689 3363 2743 τοῦ
3408 2688 3605 2757 Ἰωσὴφ
3656 2686 3774 2755 πρὸς

2214 2786 2324 2839 πᾶν
2351 2782 2531 2837 ὁτιοῦν
2572 2783 2767 2851 εὐφυὲς
2793 2781 2895 2834 οὐκ
2931 2779 3044 2833 ἴσον
3078 2781 3161 2849 ἐφ’
3195 2778 3438 2834 ἅπασιν·
3478 2774 3773 2848 ἑτεροκλινῆ

2213 2875 2271 2930 δὲ
2308 2874 2499 2947 ὥσπερ
2543 2873 2639 2928 καὶ
2687 2873 2774 2928 ἐπ’
2814 2871 2978 2927 αὑτὸν
3029 2870 3326 2927 νενευκότα
3377 2866 3658 2936 παρέδειξε
3699 2863 3776 2918 τὸν

2216 2965 2547 3039 πρεσὸύτην.
2581 2962 2916 3031 Διελογίζετο
2949 2961 3057 3033 γάρ
3095 2977 3221 3025 που,
3261 2960 3412 3013 κα.τά
3435 2960 3495 3013 τὸ
3528 2956 3688 3021 εἰκὸς,
3714 2953 3777 3016 ὡς

2217 3058 2369 3113 ἔσται
2398 3056 2646 3128 λαμπρὸς
2674 3055 2770 3109 καὶ
2797 3055 3062 3125 ἀοίδιμος.
3097 3054 3206 3107 Καὶ
3226 3055 3254 3107 ὀ
3284 3053 3398 3107 τῶν
3422 3052 3523 3121 τῆς
3552 3050 3780 3115 νεότητος

528 3134 699 3192 .lacob
753 3139 809 3193 in
856 3140 976 3211 ipso
1024 3144 1198 3214 magis
1244 3160 1408 3214 quam
1449 3145 1507 3199 in
1561 3146 1683 3201 aliis
1733 3148 1860 3202 novi
1908 3147 2102 3217 aliquid

2221 3149 2609 3222 σκιρτημάτων
2640 3149 2699 3203 οὐ
2728 3144 3124 3219 πεφροντικὼς,
3159 3147 3237 3210 είς
3272 3144 3448 3215 ἄνδρα
3487 3142 3586 3214 ἤδη
3608 3139 3777 3202 τελῶν.

526 3228 732 3286 eii'ecit.
759 3230 1022 3289 Tunicam
1047 3235 1195 3290 enim
1220 3237 1270 3291 ei
1298 3240 1641 3309 comparavit
1669 3239 1899 3304 variam,
1934 3249 1989 3294 et
2013 3241 2111 3297 de-

530 3321 863 3377 centissimis
902 3325 1153 3380 vestibus
1193 3328 1430 3381 ornavit.
1464 3325 1609 3393 Quid
1657 3314 1823 3399 igitur
1856 3329 1962 3385 hoc
2008 3330 2114 3385 sibi

525 3408 686 3463 volt?
706 3409 1055 3466 Exstimulati
1083 3420 1212 3468 sunt
1234 3415 1301 3468 ad
1325 3414 1463 3470 iram
1492 3415 1587 3471 ﬁlii
1606 3417 1826 3488 Zelphae
1850 3426 1907 3473 et
1931 3420 2111 3484 Ballm,

529 3500 852 3571 pariterque
886 3502 940 3557 in
975 3503 1279 3558 absurdum
1322 3505 1485 3575 plane
1534 3524 1829 3563 maerorem
1874 3510 2113 3583 abrepti,

532 3589 906 3663 invidiamque
954 3594 1217 3651 adversus
1261 3595 1670 3653 adolescentem
1720 3611 2113 3674 conceperunt,

531 3682 700 3738 etiam
730 3684 769 3737 ii
793 3684 888 3753 qui
918 3699 985 3739 ex
1011 3685 1183 3742 libera
1209 3687 1325 3743 nati
1353 3697 1529 3756 erant,
1556 3689 1652 3746 Lia
1677 3693 1937 3747 nimirum
1966 3712 1979 3748 :
2005 3710 2116 3751 non

534 3772 683 3842 quod
721 3773 839 3843 ipse
864 3789 959 3829 eos
990 3776 1096 3830 ulla
1121 3775 1321 3847 injuria
1354 3779 1621 3846 aﬂ'ecerit,
1652 3782 1747 3837 sed
1786 3782 1952 3853 patris
1988 3800 2116 3856 erga

534 3876 662 3917 eum
679 3878 853 3929 amor,
877 3865 1131 3937 bonaque
1154 3869 1311 3939 pueri
1337 3868 1550 3926 indoles
1565 3872 1780 3944 injustm
1802 3873 2117 3930 invidentia

531 3951 782 4011 ﬂammas
826 3956 961 4027 ipsis
1002 3959 1247 4026 immisit,
1289 3960 1599 4034 linguaeque
1645 3965 1943 4021 virulentia
1988 3982 2116 4022 eum

534 4042 892 4115 lmpetebant,
905 4048 1278 4105 conviciantes
1296 4059 1351 4107 et
1370 4053 1770 4110 calumniantes
1794 4071 1859 4110 ea
1885 4071 1982 4126 per
1998 4072 2119 4127 qua;

534 4149 637 4206 par
659 4145 779 4192 erat
808 4140 1068 4210 juvenem
1105 4143 1347 4199 inimicis
1384 4145 1683 4215 opprobrio
1719 4162 1859 4202 esse.
1890 4146 2025 4212 Hoc.
2059 4157 2120 4203 ut

425 4310 433 4325 '
532 4226 798 4293 arbitror,
822 4238 908 4286 est
932 4249 944 4285 :
976 4251 995 4284 ι
1019 4233 1409 4290 Etatlulerunt
1425 4235 1630 4308 Ioseph
1652 4238 1993 4309 vituperium
2013 4256 2121 4297 ma-

2218 3238 2335 3303 πῶς
2366 3238 2465 3291 οὐκ
2515 3236 2582 3291 ἂν
2630 3236 2837 3305 γένοιτο
2887 3232 3515 3304 τῶντεθαυμασμὲνων;
3564 3233 3781 3286 Κεκαιν-

2216 3325 2457 3398 ούργηκε
2511 3325 2565 3377 δέ
2618 3341 2668 3377 τι
2752 3323 2906 3394 παρὰ
2946 3324 3072 3387 τοὺς
3106 3322 3298 3386 ἄλλους
3337 3324 3427 3379 ἐπ’
3460 3322 3606 3391 αὑτῷ
3651 3317 3784 3374 καὶὸ

2221 3416 2490 3489 μακάριος
2520 3413 2741 3468 Ἰακώϐ·
2769 3413 2973 3486 χιτῶνά
2998 3431 3057 3468 τε
3093 3412 3203 3484 γὰρ
3234 3412 3522 3482 ὲξυφαίνει
3541 3410 3785 3466 ποικίλον,

2218 3505 2314 3558 καὶ
2360 3503 2666 3574 ἐσθήμασιν
2715 3502 2878 3574 ἐτίμα
2922 3503 3034 3566 τοῖς
3087 3503 3579 3574 ὲκπρεπεστάτοις.
3616 3500 3677 3553 Τί
3706 3493 3788 3551 οὖν

2217 3593 2507 3659 δντεῦθεν;
2542 3592 2926 3664 Κατεθήγοντο
2956 3592 3092 3664 πρὸς
3140 3592 3311 3664 ὀργὰς
3360 3595 3413 3647 oi
3457 3592 3563 3648 ἀπὸ
3593 3589 3786 3658 Ζελφᾶς

2217 3704 2277 3743 τε
2307 3685 2402 3741 καὶ
2430 3686 2659 3751 Βάλλας,
2689 3683 3182 3753 συναπεκομίζοντο
3210 3684 3267 3737 δὲ
3289 3684 3505 3749 τούτοις
3530 3686 3608 3747 είς
3630 3681 3789 3748 λύπην

2219 3777 2625 3847 ἑκτοπωτὰτην,
2661 3772 2873 3830 καὶτὸν
2913 3774 3004 3827 ἐπὶ
3031 3770 3111 3842 τῷ
3143 3768 3418 3844 μειρακίῳ
3462 3773 3645 3826 λοιπὸν
3686 3771 3789 3823 ela-

2219 3869 2464 3939 εδέχοντο
2512 3867 2727 3937 φθόνον,
2754 3867 2803 3920 οί
2848 3866 2912 3918 ἐκ
2939 3863 3040 3933 τῆς
3077 3862 3391 3933 ἐλευθέρας,
3432 3862 3575 3934 φημὶ
3610 3860 3671 3926 δὴ
3702 3856 3793 3925 τῆς

2219 3958 2403 4023 Λείας.
2440 3956 2646 4012 Ἢδίκτι
2698 3956 2797 4027 μὲν
2828 3955 2938 4027 γὰρ
2974 3955 3172 4018 αὐτοὺς
3210 3954 3241 4006 ό
3278 3953 3502 4015 νεανίας
3542 3949 3721 4007 οὐδέν·
3762 3948 3793 4016 ὴ

2219 4052 2277 4106 δὲ
2304 4051 2397 4105 τοῦ
2428 4049 2635 4123 πατρὸς
2668 4049 2945 4119 ἀγάπησις
2983 4046 3075 4101 καὶ
3108 4046 3169 4100 τδ
3199 4045 3293 4099 τοῦ
3343 4045 3540 4108 παιδὸς
3589 4040 3791 4112 εὐφυὲς.

2219 4142 2319 4215 τῆς
2352 4141 2539 4196 ἀδίκου
2588 4138 2886 4211 βασκανίας
2932 4137 3117 4200 αὐτοῖς
3162 4133 3392 4189 ἐνετίθει
3428 4134 3489 4188 τὸ
3518 4132 3661 4204 πῦρ·
3708 4129 3794 4182 καὶ

2219 4235 2332 4297 τοῖς
2358 4231 2466 4287 ἀπὸ
2503 4230 2751 4301 γλώττης
2806 4226 3194 4300 κατηκόντιζον
3240 4227 3400 4291 τέως.
3446 4221 3797 4293 διαλοιδορού-

531 4316 646 4373 lum
663 4320 731 4375 ad
746 4321 909 4377 lsrael
930 4331 1140 4394 patrem
1156 4342 1338 4382 suum.
1353 4327 1645 4393 :Quoeirca
1665 4329 1836 4384 veluti
1854 4330 2102 4400 prmludi:

2225 4323 2376 4396 μενοί
2425 4341 2544 4388 πως
2592 4325 2684 4377 καὶ
2721 4320 3091 4392 διασύροντες,
3135 4318 3219 4389 ἐφ’
3270 4313 3353 4381 οἷς
3407 4313 3478 4389 ἦν
3525 4317 3670 4378 εἰκὸς
3714 4312 3797 4368 τὸν

532 4411 781 4482 quaedam
836 4422 893 4469 et
946 4418 1208 4486 primitiae
1252 4419 1550 4490 impiorum
1588 4420 1948 4476 consiliorum
1987 4421 2102 4492 ipsi:

2222 4415 2423 4489 ἔφηϐον
2443 4415 2544 4489 ἥδη
2564 4412 3023 4478 κατονειδίζεσθαι
3042 4412 3173 4483 παρ’
3188 4401 3795 4483 ἐχθρῶν.Τοῦτο,οἷμαι,

532 4503 758 4561 fuerunt
779 4509 1031 4564 convicia
1062 4519 1226 4581 atque
1255 4512 1554 4583 opprobria
1577 4512 1805 4568 eﬁ‘renis
1829 4513 2031 4586 lingua:
2051 4530 2102 4571 ei

2224 4508 2342 4563 ἐστὶ
2373 4507 2456 4573 τὸ,
2516 4527 2533 4559 ι
2577 4506 2939 4576 Κατήνεγκαν
2988 4502 3047 4557 δὲ
3096 4502 3295 4573 Ἰωσὴφ
3349 4501 3521 4572 ψόγον
3576 4493 3798 4586 πονηρὸν

536 4595 741 4650 invidia
763 4599 1029 4667 profecta.
1050 4600 1175 4656 liazc
1194 4617 1326 4657 vero
1350 4602 1417 4657 ad
1442 4604 1663 4674 gravius
1685 4603 1871 4657 odium
1897 4584 2102 4661 aﬁccens:

2225 4595 2363 4667 πρὸς
2395 4594 2612 4665 Ἰσραὴλ
2646 4593 2737 4646 τον
2776 4592 2992 4664 πατέρα
3039 4590 3238 4645 αὐτῶν.
3276 4609 3294 4641 ι
3348 4589 3561 4644 Οὐκοῦν
3583 4584 3801 4658 ὀικροϐο⁹

535 4693 641 4750 est,
666 4686 1045 4758 hujuscemodi
1086 4691 1153 4749 de
1194 4707 1380 4748 causa.
1416 4693 1565 4749 Deus
1602 4694 1751 4749 enim
1789 4693 2102 4750 adolescent

2221 4686 2405 4758 λισμοὶ
2431 4685 2527 4757 μὲν
2554 4685 2742 4757 ὥσπερ
2764 4683 2872 4738 τῶν
2901 4683 3130 4737 ἀνοσίων
3153 4683 3494 4754 σκεμμάτων
3524 4679 3800 4750 γεγόνασιν

537 4778 695 4849 prius
719 4779 1009 4847 indicarat,
1042 4780 1222 4853 ipsum
1259 4799 1518 4840 successu
1548 4786 1817 4856 temporis
1853 4786 2102 4842 illustren

2219 4778 2486 4853 ἀπαρχαὶ,
2511 4775 2822 4846 φιλοψογίαι
2843 4793 2903 4829 τε
2934 4776 3029 4830 καὶ
3053 4774 3370 4846 σκώμματα
3411 4774 3483 4827 τὰ
3510 4773 3619 4828 ἀπὸ
3642 4769 3803 4841 γλώτ-

538 4880 702 4940 atque
726 4870 1026 4941 gloriosum
1057 4872 1194 4939 fore,
1226 4863 1600 4946 fratribusque
1624 4877 1739 4932 suis
1774 4878 2102 4949 praestantio

2217 4885 2320 4940 της
2408 4865 2738 4937 ἀχαλινώτου
2834 4865 2928 4919 καὶ
3001 4864 3181 4937 φθόνῳ
3263 4862 3456 4917 λοιπὸν
3520 4859 3802 4931 ὑπηρετεῖν

539 4976 678 5028 rem,
692 4971 750 5018 et
763 4963 995 5020 summis
1014 4965 1319 5023 honoribus
1340 4967 1650 5024 ornandum
1668 4984 1814 5026 esse.
1825 4968 1957 5037 Quae
1975 4976 2102 5025 certi

2220 4959 2581 5031 τεταγμένης.
2631 4958 2937 5013 Ἀνεκαίετο
2985 4956 3043 5010 δὲ
3084 4956 3153 5011 τὰ
3198 4957 3333 5026 πρὸς
3375 4953 3583 5027 ἔχθραν
3632 4950 3802 5011 αὐτοῖς

540 5058 862 5123 provocatio
909 5057 1315 5115 adolescentem
1375 5059 1444 5115 ad
1497 5060 1722 5116 virtutis
1774 5060 2102 5116 desideriun

2220 5052 2607 5123 ἓντονωτέραν,
2640 5052 2706 5105 ἑκ
2732 5049 2949 5104 τοιᾶσδέ
2992 5065 3134 5112 τινος
3179 5049 3395 5114 αἰτίαςο
3450 5047 3528 5119 τῷ
3568 5046 3664 5117 μὲν
3704 5043 3802 5111 γὰρ

542 5144 794 5200 acuebat.
855 5137 1325 5214 Quemadmodum
1382 5150 1532 5207 enim
1593 5151 1910 5223 paedotribae
1935 5192 1949 5216 ,
1999 5167 2102 5206 cun

2224 5145 2409 5217 νεανίᾳ
2444 5143 2837 5216 προαναφαίνει
2883 5143 3037 5207 Θεὸς,
3082 5142 3160 5206 ὡς
3210 5141 3364 5195 ἔσται
3412 5141 3557 5195 κατὰ
3590 5136 3804 5210 καιροὺς

540 5233 774 5304 juvenes
812 5249 1148 5312 perungunt,
1176 5243 1392 5300 animos
1428 5243 1663 5311 addunt,
1704 5252 1875 5316 utque
1905 5242 2102 5298 labore:

2223 5239 2475 5317 λαμπρὸς
2494 5238 2590 5293 καὶ
2612 5236 2974 5300 ἀπόϐλεπτος,
3004 5234 3101 5291 καὶ
3140 5233 3250 5287 τῶν
3291 5233 3547 5302 ἀδελφῶν
3571 5234 3629 5286 ὲν
3658 5227 3803 5300 ἀμείο

540 5325 762 5383 fortiter
785 5330 1038 5398 tolerent,
1064 5334 1319 5401 suadent,
1352 5336 1577 5408 praemia
1602 5336 1739 5408 ipsis
1761 5334 2099 5406 explicantes

2231 5349 2369 5391 νοσι,
2400 5331 2497 5386 καὶ
2526 5331 2647 5395 ταῖς
2701 5331 2779 5394 εἰς
2813 5327 2969 5398 λῆξιν
3017 5327 3288 5390 εὗκλείαις
3342 5324 3801 5398 κατεστεμμένος.

546 5433 669 5488 qua:
682 5421 1046 5476 certaminum
1066 5425 1305 5495 prazl'ecti
1325 5443 1421 5482 sua
1439 5427 1770 5484 liberalitate
1787 5435 2100 5500 proponunt

2232 5421 2541 5493 Πρόκλησις
2572 5419 2648 5485 δὲ,
2694 5415 2868 5489 οἶμαι,
2898 5416 2958 5471 τὸ
2992 5416 3269 5488 δρώμενον
3314 5412 3415 5488 ἦν,
3459 5414 3712 5469 ἀκονῶσα

546 5517 918 5578 spectatorum
941 5513 1185 5586 denique
1208 5515 1415 5572 faustas
1447 5499 1867 5576 acclamationes
1901 5519 2102 5573 laudes

2235 5512 2518 5585 μειράκιον
2546 5513 2624 5575 είς
2666 5509 2853 5579 ἔφεσιν
2888 5508 3109 5580 ἀρετῆς.
3147 5507 3356 5577 Ὅνπερ
3396 5506 3509 5578 γὰρ
3542 5504 3734 5576 τρόπον
3754 5499 3805 5586 οἱ

549 5615 658 5672 que
686 5612 742 5658 et
772 5585 1108 5675 applausust
1139 5609 1212 5665 ita
1239 5612 1404 5667 etiam
1439 5612 1606 5679 Deus,
1651 5629 1775 5668 cum
1812 5612 1963 5668 videt
2000 5612 2102 5667 ani

2220 5600 2574 5675 ’παιδοτρίϐαι
2609 5599 2736 5663 τοὺς
2755 5598 2909 5660 νέους
2934 5596 3265 5665 ἀλείφοντες,
3292 5593 3676 5662 παραθήγουσι
3711 5585 3804 5652 μὲν

621 5702 669 5735 ⁸⁸
703 5702 837 5759 Gen.
865 5715 1073 5764 xxxv",
1098 5701 1132 5755 5

622 5795 699 5865 (l)
735 5792 937 5865 Suppie
956 5810 1016 5848 ex
1044 5794 1231 5850 codice
1258 5791 1555 5865 llarlaeano
1579 5808 1591 5843 :
1635 5784 1998 5865 Ἀλλ’,ρῖμαῃ
2017 5804 2102 5865 ..τι

2208 5789 2287 5851 ob;
2328 5788 2485 5843 τοῦτο
2526 5789 2655 5861 ἐρεῖ,
2672 5784 2785 5847 πῶς
2824 5780 2888 5837 ἂν
2922 5783 3094 5838 νοοῖτο
3118 5779 3300 5850 γήρως
3321 5775 3441 5838 υἱὸς
3471 5777 3501 5827 ό
3522 5769 3791 5829 θεσπέσιος

564 5859 781 5937 Ἰωσὴφ,
819 5859 994 5918 καίτοι
1028 5866 1141 5935 μετ’
1177 5863 1336 5917 αὐτὸν
1368 5861 1650 5929 γεγονότος
1676 5859 1771 5911 τοῦ
1798 5859 2076 5927 Βενιαμίν.
