4034 6448
217 313 328 398 ναί

1217 331 1742 414 (ΠΑΡΙΙἹΒΟΒΙΞΜ
1782 331 1847 387 IN
1888 331 2190 389 GENESIM
2231 333 2359 390 LIB.
2406 335 2491 390 Vl.

3390 338 3497 399 290

220 462 290 524 τίς
307 457 672 528 εὑτολμότατα
700 455 876 526 τολμή
886 472 1051 526 ματα,
1081 457 1174 510 καὶ
1196 458 1257 509 τὸ
1282 456 1556 526 τληπαθὲς
1578 453 1774 508 ὲλέσθα

1903 467 2047 506 mam
2093 453 2237 508 bona
2273 452 2459 508 indole
2485 451 2827 523 probataque
2877 459 2933 505 et
2985 451 3142 524 181
3174 451 3495 526 incorrupta

219 552 368 623 τιμᾷν
396 546 858 611 άναπείθουσιςτόι
879 549 942 617 γέ
954 565 1020 619 ρα
1046 545 1535 620 προαγορεύοντες,
1555 545 1590 599 ξι
1611 548 1678 617 τῇ
1701 544 1792 598 mg

219 645 358 715 νικᾷν
388 641 669 694 συνθέουσι
697 640 827 711 δόξῃ
858 641 913 694 αἱ
940 640 1048 694 τῶν
1072 639 1556 708 ἀγωνοθετούντων
1587 636 1792 707 φιλοτι-

223 737 345 808 μίαι,
379 733 482 798 τὰς
504 733 655 805 παρὰ
679 732 791 785 τῶν
826 732 1118 804 Θεωμένων
1154 732 1453 803 εὐφημίας,
1481 731 1608 792 τοὺς
1633 727 1792 783 ὲπαί-

219 841 346 890 νους,
379 823 508 885 τοὺς
540 822 788 892 κρότους·
829 821 981 875 οὕτω
1012 821 1106 876 καὶ
1132 824 1160 876 ό
1190 821 1298 874 τῶν
1327 820 1463 874 ὅλων
1483 818 1636 882 θεὸς,
1665 818 1793 872 ὅταν

220 915 289 983 ιδῃ
334 913 511 983 ψυχὴν
560 913 776 982 εὐφυᾶ,
825 912 1036 984 δοκίμῳ
1087 929 1149 966 τε
1202 913 1298 966 καὶ
1344 911 1620 982 ἀκιὸδήλῳ
1672 909 1791 964 δια-

221 1007 514 1079 πρέπουσαν
554 1003 653 1074 νῷ,
685 1004 783 1058 καὶ
826 1005 964 1075 πρὸς
1006 1005 1115 1058 πᾶν
1151 1005 1264 1058 τῶν
1295 1004 1535 1076 ἀρίστων
1566 1001 1793 1071 ἔχουσαν

221 1097 534 1169 ἐπιτηδείως,
587 1097 745 1151 καλεῖ
784 1096 848 1168 δὴ
892 1097 1014 1151 τότε
1055 1097 1192 1170 πρδς
1220 1096 1279 1150 τὸ
1313 1095 1446 1168 δρᾷν
1479 1094 1696 1148 ἑλέσθαι
1730 1093 1793 1148 τὸ

222 1189 426 1258 ἀγαθόν·
478 1187 918 1259 προαναδεικνὺς
954 1187 1024 1241 τὰ
1065 1187 1323 1257 ἐσόμενα.
1369 1185 1466 1238 καὶ
1511 1182 1793 1246 διανιστόις

217 1279 549 1351 οίκονομικῶς
603 1281 687 1344 εἰς
741 1279 1073 1350 προθυμίαν,
1123 1278 1280 1348 δῆλον
1324 1278 1382 1332 δὲ
1435 1277 1516 1330 ὅτι
1555 1277 1654 1347 τὴν
1704 1277 1790 1328 ἐπ’

215 1375 429 1444 ἀρεταῖς.
461 1373 692 1443 Ὄραμα
723 1370 902 1424 τοίνυν
926 1371 1022 1423 καὶ
1046 1371 1196 1442 ὁμφὴ
1220 1387 1304 1432 τις
1334 1365 1542 1424 ἄνωθεν
1571 1365 1787 1436 ἐπεφοί-

213 1465 323 1535 me
357 1480 483 1516 ποτε
531 1463 614 1535 τῷ
654 1463 782 1535 νέῳ,
825 1463 968 1533 φημὶ
1002 1461 1066 1532 δὴ
1100 1461 1178 1532 τῷ
1216 1461 1443 1532 Ἰωσήφ·
1473 1463 1502 1514 ό
1534 1459 1613 1525 δὲ,
1635 1455 1790 1528 οἶμαί

215 1573 321 1619 που,
347 1553 640 1623 Θαυμάσας
688 1553 1040 1608 ἀνεκοινοῦτο
1068 1556 1180 1616 τοῖς
1223 1552 1496 1621 ἀδελφοῖς,
1530 1551 1674 1604 οὕτω
1706 1549 1790 1602 λέ-

214 1665 334 1715 γων·
373 1667 391 1698 ι
441 1645 747 1700 Ἀκούσατε
783 1647 878 1700 τοῦ
922 1646 1176 1701 ἐνυπνίου
1206 1645 1399 1699 τούτου
1439 1639 1499 1699 οὗ
1535 1643 1788 1698 ἐνυπνιά-

214 1741 349 1811 σθηνο
381 1740 556 1811 ᾯμην
603 1740 756 1811 ἡμᾶς
806 1737 1091 1809 δεσμεύειν
1120 1738 1412 1809 δράγματα
1438 1738 1495 1788 ἐν
1529 1735 1677 1806 μέσῳ
1709 1733 1788 1804 τῷ

1899 553 2081 600 mente
2116 545 2426 615 praeditam,
2464 553 2629 614 alque
2664 544 2731 599 ad
2759 559 2978 600 omnem
3003 545 3266 599 virtutem
3288 547 3494 617 optime

1898 645 2294 705 comparatam,
2322 643 2439 690 tum
2465 633 2690 692 demum
2720 643 2879 690 vocat
2900 635 2966 690 ad
2991 636 3199 690 bonum
3224 647 3494 706 praestan-

1896 727 2050 792 dum,
2068 737 2498 797 praemonstrans
2509 728 2716 794 futura,
2732 728 3088 798 excitatisque
3104 730 3247 786 miro
3257 730 3494 786 artificio

1896 819 1964 874 ad
2001 819 2236 874 virtutes
2267 819 2525 876 alacriter
2550 820 2982 891 amplectendas.
3011 819 3164 875 Visio
3208 819 3395 891 itaque
3436 829 3494 876 et

1896 927 2000 966 vox
2016 912 2264 983 quaedam
2281 912 2501 968 cmlitus
2517 913 2710 984 juveni
2724 912 2944 975 accidit,
2957 912 3221 982 Josepho,
3239 913 3486 982 inquam;

1895 1004 2079 1075 qui,ut
2105 1004 3017 1070 reor,admiratus,communicavit
3035 1005 3090 1061 id
3108 1005 3396 1070 fratribus;
3415 1006 3488 1060 ita

1893 1095 2123 1151 dicens:
2159 1116 2176 1148 ι
2207 1097 2407 1152 Audite
2439 1099 2715 1151 somnium
2759 1113 2942 1152 meum
2985 1097 3133 1168 quod
3167 1096 3438 1152 somniavi
3470 1113 3482 1150 :

1893 1190 2160 1247 Putabam
2201 1206 2304 1245 nos
2348 1190 2517 1262 ligare
2561 1191 2875 1260 manipulos
2919 1190 2974 1244 in
3020 1190 3204 1245 medio
3245 1205 3396 1261 agro,
3431 1197 3488 1244 et

1893 1280 2136 1336 surrexit
2160 1296 2319 1336 meus
2361 1281 2678 1350 manipulus
2719 1288 2776 1335 et
2819 1289 3038 1335 erectus
3075 1289 3191 1346 est;
3231 1279 3484 1336 conversi

1892 1385 2078 1430 autem
2117 1375 2386 1446 manipuli
2411 1376 2577 1430 vestri
2607 1375 2976 1429 adoraverunt
3003 1389 3185 1429 meum
3229 1375 3484 1444 manipu-

1891 1468 2026 1523 lum.
2059 1468 2327 1523 Dixerunt
2349 1476 2532 1523 autem
2552 1467 2620 1523 rei
2646 1468 2846 1522 fratres
2877 1468 2998 1537 ejus
3029 1484 3040 1519 :
3071 1466 3350 1536 Numquid
3393 1483 3482 1523 reo

1891 1575 2066 1629 gnans
2096 1558 2353 1630 regnabis
2375 1573 2543 1628 super
2567 1572 2688 1620 nos,
2722 1564 2816 1611 aut
2837 1556 3131 1610 dominans
3157 1555 3483 1612 dominabe-

1891 1651 1970 1705 ris
2005 1649 2202 1704 nobis?
2226 1650 2294 1705 Et
2330 1648 2668 1704 addiderunt
2690 1647 2873 1702 adhuc
2914 1646 3043 1700 odio
3085 1646 3292 1700 habere
3324 1661 3477 1711 eum,

1890 1751 2119 1813 propter
2143 1742 2356 1797 somnia
2380 1741 2500 1811 ejus
2525 1748 2582 1794 et
2620 1737 2789 1794 verba
2811 1737 2876 1790 ⁶¹.
2909 1757 2928 1788 ι
2961 1736 3098 1790 Vide
3144 1735 3330 1805 itaque
3369 1749 3482 1805 quo

212 1833 372 1902 πεδίῳ,
401 1833 490 1885 καὶ
513 1832 725 1903 ἀνέστη
748 1832 811 1886 τὸ
832 1831 966 1903 ἐμὸν
988 1832 1212 1903 δράγμα
1234 1831 1328 1886 καὶ
1345 1827 1598 1898 ὼρθώθη·
1627 1844 1692 1879 πε
1701 1842 1774 1898 ριε

1885 1844 2046 1905 pacto
2095 1836 2152 1890 in
2203 1834 2272 1890 iis
2315 1840 2528 1889 crescat
2570 1831 2798 1896 invidia,
2845 1846 2911 1885 ac
2955 1828 3128 1884 veluti
3175 1827 3480 1882 fomentum

213 1926 487 1997 στραφέντα
511 1925 573 1978 δὲ
607 1926 681 1979 τὰ
706 1925 997 1998 δράγματα
1035 1923 1214 1994 ὑμῶν,
1251 1921 1672 1995 προσεκύνησαν
1705 1918 1783 1991 τῷ

217 2020 312 2091 ἐμῷ
337 2018 630 2088 δράγματι.
663 2013 837 2071 Εἶπον
863 2018 921 2070 δὲ
942 2016 1091 2088 αὑτῷ
1122 2017 1174 2068 oi
1206 2013 1426 2084 ἀδελφοί
1447 2029 1459 2044 ·
1493 2012 1586 2082 Μὴ
1631 2011 1784 2081 βασι-

219 2115 354 2169 λεύων
377 2113 724 2184 βασιλεύσεις
769 2112 853 2182 ἐφ’
889 2113 1058 2182 ἡμᾶς,
1095 2108 1428 2180 ἢκυριεύων
1471 2105 1783 2178 κυριεύσεις

218 2206 366 2276 ἡμῶνς
400 2205 505 2259 Καὶ
538 2203 883 2276 προσέθεντο
907 2203 989 2256 ἔτι
1023 2204 1203 2274 μισεῖν
1232 2201 1419 2261 αὐτὸν,
1445 2199 1632 2252 ἕνεκεν
1670 2196 1780 2250 τῶν

213 2297 438 2351 ἐνυπνίων
476 2295 682 2361 αὐτοῦ,
715 2296 811 2350 καὶ
856 2297 1047 2349 ἕνεκεν
1088 2293 1196 2347 τῶν
1230 2292 1494 2365 ῥημάτων
1522 2287 1709 2344 αὐτοῦ.
1754 2308 1772 2340 ι

213 2387 372 2462 ’Δθρει
407 2391 468 2462 δὴ
492 2386 623 2458 ρῦν,
657 2391 741 2462 ὅτ)
790 2389 927 2461 πρὸς
955 2387 1197 2442 ἐπίδοσιν
1236 2387 1417 2448 αὐτοῖς
1442 2383 1512 2437 τὰ
1538 2383 1636 2454 τῆς
1679 2381 1777 2452 βα-

211 2483 400 2547 σκανίας
435 2484 673 2554 οἴχεται,
725 2482 822 2536 καὶ
862 2482 1073 2554 τροφὴν
1105 2481 1297 2549 ὥσπερ
1337 2479 1460 2530 τινὰ
1499 2475 1777 2530 ποιοῦνται

209 2575 270 2644 τῷ
297 2574 457 2646 φθόνῳ
529 2574 606 2629 τὰ
652 2577 717 2628 ὲκ
765 2572 876 2626 τῶν
907 2571 1176 2627 ἐνυπνίων
1230 2567 1664 2639 ὑποδηλοῦμενα.
1713 2569 1777 2620 Οί

205 2668 292 2739 γὰρ
318 2669 441 2730 ὅλως
467 2669 565 2740 τὴν
603 2667 788 2738 ἀρχὴν
825 2667 886 2720 οὐ
930 2666 1168 2737 μετρίως
1198 2662 1778 2734 ἀσχάλλοντεςβιαφει-

210 2761 377 2830 ρόντως
410 2762 486 2814 ὅτι
530 2761 828 2830 τετίμητο,
878 2757 996 2822 πῶς
1034 2756 1100 2811 ἂν
1127 2757 1306 2810 οἰστὸν
1337 2757 1667 2828 ἐποιήσαντο
1715 2755 1776 2810 τὸ

207 2850 388 2903 ἑλέσθαι
415 2850 506 2903 καὶ
531 2851 897 2921 προσκυνεῖν,
927 2849 1020 2901 καὶ
1049 2846 1202 2912 τάξιν
1233 2845 1382 2918 αὐτῷ
1409 2846 1648 2917 τηρῆσαι
1675 2845 1776 2918 τὴν

207 2934 290 2994 ὧδε
310 2943 500 3014 σεπτὴν
525 2941 630 2995 καὶ
659 2941 794 2994 πολὺ
821 2940 942 2994 λίαν
971 2938 1395 3012 ὑπερηρμένηνς
1423 2939 1569 3009 Πλὴν
1599 2940 1776 2992 ἐκεῖνο

206 3035 329 3100 ἄξιον
366 3036 508 3100 ίδεῖν,
553 3034 683 3099 πῶς
712 3034 802 3088 ἀεὶ
834 3036 862 3087 ό
896 3032 1089 3104 φθόνος
1138 3033 1362 3087 ἀνοσίαν
1403 3031 1515 3101 ἔχει
1548 3030 1648 3101 τὴν
1679 3028 1774 3098 ,ξφ-

203 3135 319 3203 οδον,
347 3139 433 3190 καὶ
453 3137 542 3191 διὰ
559 3135 680 3189 τῶν
712 3131 1088 3204 ἴσων,ἒρχεται
1123 3125 1330 3180 κακῶν.
1364 3123 1684 3193 Εὑρήσομεν
1713 3121 1770 3175 δὲ

1885 1927 2163 1998 quoddam
2199 1927 2277 1980 illi
2315 1926 2598 1997 praebeant
2633 1940 2698 1980 ea
2728 1939 2850 1995 quae
2874 1938 2973 1993 per
2998 1921 3277 1976 somnium
3305 1919 3480 1990 signi-

1883 2019 2138 2076 ficantur.
2176 2019 2282 2087 Qui
2314 2019 2462 2074 enim
2506 2017 2664 2072 initio
2700 2015 2986 2088 aegerrime
3039 2013 3292 2068 ferebant
3329 2010 3479 2083 quod

1883 2108 2098 2172 honore
2126 2107 2460 2172 adiceretur,
2486 2123 2727 2178 quonam
2773 2113 2934 2177 pacto
2969 2103 3257 2160 tolerabile
3285 2103 3479 2158 existi-

1883 2201 2085 2256 maturi
2122 2210 2282 2258 erant
2312 2201 2492 2272 ipsum
2529 2199 2744 2254 adorari
2782 2207 2947 2267 atque
2986 2197 3041 2250 in
3081 2196 3221 2250 adeo
3252 2195 3477 2250 sublimi

1882 2291 2150 2364 dignitate
2216 2289 2704 2346 constituendum?
2760 2287 3034 2344 Caeterum
3096 2287 3232 2342 illud
3293 2302 3479 2357 operae

1880 2384 2122 2456 pretium
2146 2392 2232 2439 est
2256 2383 2468 2446 videre,
2497 2400 2607 2453 quo
2631 2391 2793 2453 pacto
2817 2381 3024 2436 invidia
3053 2380 3285 2450 impium
3325 2395 3475 2434 sem-

1878 2491 1979 2545 per
2004 2475 2311 2546 ingressum
2351 2475 2537 2539 habet,
2565 2483 2621 2529 et
2646 2489 2745 2544 per
2771 2471 2999 2541 azqualia
3034 2471 3174 2525 mala
3200 2470 3473 2540 procedit.

1879 2568 2233 2624 Inveniemus
2264 2577 2449 2624 autem
2479 2568 2629 2623 illam
2648 2583 2769 2622 esse
2796 2566 2967 2621 feram
3008 2579 3228 2628 caecam,
3252 2564 3476 2636 Deoque

1879 2670 2300 2732 repugnantem.
2328 2660 2722 2716 Animadverte
2744 2659 2918 2722 enim,
2943 2673 3069 2712 eum
3097 2657 3244 2711 Deus
3269 2655 3474 2727 Joseph

1877 2753 2276 2821 praenuntiaret
2313 2751 2513 2808 futurae
2535 2750 2722 2821 gloriae
2761 2748 3106 2820 dignitatem,
3142 2763 3206 2803 ac
3245 2762 3473 2805 necesse

1876 2852 2024 2898 esset
2065 2844 2216 2913 ipsos
2253 2844 2328 2901 ita
2371 2857 2560 2898 secum
2588 2843 2854 2912 cogitare,
2899 2849 3163 2910 certoque
3203 2848 3472 2908 statuere,

1878 2936 2051 2989 Deum
2093 2942 2243 2990 recte
2275 2935 2617 3005 judicantcm
2654 2949 3007 3003 nequaquam
3048 2935 3470 2990 immerentibus

1877 3041 2122 3081 summos
2142 3027 2381 3082 honores
2405 3026 2717 3081 delaturum
2740 3042 2755 3091 ;
2797 3025 3022 3091 deinde,
3049 3041 3173 3082 cum
3200 3043 3302 3097 par
3323 3034 3476 3084 esset

1876 3133 1972 3173 eos
2010 3119 2183 3174 laetari
2210 3119 2282 3174 ob
2307 3118 2555 3184 fratrem,
2591 3118 2680 3174 cui
2723 3118 3063 3187 amplissima
3101 3134 3229 3189 spes
3265 3133 3470 3190 prope.

201 3228 371 3298 τυφλόν
395 3246 453 3282 τε
475 3231 568 3282 καὶ
589 3227 872 3298 Θεομάχον
899 3227 982 3280 ὅτι
1025 3222 1264 3294 μάλιστα
1283 3216 1344 3270 τὸ
1373 3215 1580 3287 θηρίον.
1621 3215 1770 3268 Ἑπι-

1879 3211 2003 3275 sita,
2040 3219 2096 3265 et
2125 3210 2310 3268 divina
2346 3211 2631 3266 voluntate
2670 3185 2976 3265 honoratus
3020 3185 3163 3274 erat,
3191 3185 3298 3268 hoe
3337 3185 3470 3281 qui-

202 3323 332 3392 τήρει
357 3323 477 3393 γὰρ,
514 3324 674 3386 ὅπως
703 3318 841 3374 Θεοῦ
867 3314 1332 3390 προαγγέλλοντος
1356 3307 1432 3378 τῷ
1449 3308 1650 3379 Ἰωσὴφ
1670 3307 1770 3380 τὴν

206 3415 286 3486 τῆς
334 3418 591 3488 ἐσομένης
660 3412 916 3476 εὐκλείας
969 3408 1354 3479 λαμπρότητα,
1410 3404 1528 3458 δέον
1593 3404 1771 3456 ἐκεῖνο

200 3506 570 3579 διενθυμεῖσθαι
604 3505 804 3576 σαφῶς
826 3545 841 3570 ,
873 3505 947 3567 ῶς
977 3504 1080 3557 οὐκ
1109 3501 1175 3556 ἂν
1205 3502 1233 3554 6
1257 3499 1326 3554 τὰ
1347 3497 1530 3553 δίκαια
1567 3495 1770 3568 κρίνων

202 3597 310 3664 Θεὸς
332 3601 590 3654 ἐποίσειεν
619 3598 690 3653 ἂν
719 3600 835 3661 τοῖς
872 3598 971 3667 οὑχ
1004 3595 1147 3649 ἑλεῖν
1175 3593 1350 3658 ἀξίοις
1377 3591 1474 3657 τὰς
1507 3590 1770 3644 ἀνωτάτω

203 3694 357 3761 τιμάς,
399 3691 513 3748 εἶτα
535 3693 754 3766 χαίρειν
775 3693 862 3746 ἐπ’
883 3689 1100 3760 ἀδελφῷ
1127 3686 1564 3757 διαφανεστάτην
1591 3684 1768 3756 ἔχοντι

203 3785 284 3854 τὴν
321 3787 499 3841 ἐλπίδα
541 3788 645 3841 καὶ
681 3785 805 3856 θείᾳ
847 3785 1015 3857 ψήφῳ
1058 3780 1441 3852 τετιμημένῳο
1480 3775 1638 3830 τοῦτο
1669 3775 1769 3846 μὲν

204 3876 251 3927 οὐ
275 3875 600 3946 δεδράκασιν,
654 3875 946 3946 ἁδρότερον
982 3873 1040 3926 δὲ
1083 3870 1178 3924 τοῦ
1221 3869 1416 3940 φθόνου
1452 3865 1766 3922 διανιστῶσι

203 3964 251 4018 τό
275 3967 495 4039 κέντρον,
525 3969 624 4022 καὶ
661 3967 845 4038 Θηρῶν
873 3965 1030 4036 δίκην
1066 3961 1536 4035 ἐπιμεμανήκασι,
1575 3974 1768 4029 μονον-

203 4061 298 4131 ουχῖ⁵
337 4063 424 4116 καὶ
469 4061 837 4132 ἐπιτιμῶντες
884 4057 1005 4131 Θεῷ
1036 4057 1114 4129 τῷ
1154 4056 1252 4127 τὴν
1278 4054 1435 4120 δόξαν
1469 4053 1765 4123 ὑπισχνου-

206 4150 343 4223 μένῳ,
365 4153 453 4206 καὶ
477 4155 557 4207 ὃτι
582 4153 882 4224 περίοπτος
905 4151 1062 4205 ἔσται
1084 4147 1570 4220 προαναφαίνοντι.
1597 4144 1767 4198 Τοῦτο

202 4247 392 4309 γεγονὸς
422 4245 732 4317 εὑρήσομεν
775 4244 869 4298 ἐπί
905 4261 964 4297 τε
1003 4244 1142 4296 Κάῖν
1176 4242 1270 4295 καὶ
1311 4239 1499 4293 Ἀδελ.
1547 4235 1767 4309 Ἐπειδὴ

205 4331 289 4404 γὰρ
308 4337 333 4389 6
350 4336 450 4390 τῶν
471 4338 608 4391 ὅλων
631 4337 768 4402 Θεὸς
789 4335 887 4408 τὴν
912 4334 1081 4389 ’Ἅϐελ
1109 4333 1301 4388 θυσίαν
1324 4332 1562 4387 ἐπαίνων
1586 4327 1764 4400 ἠξίου,

201 4423 278 4477 καὶ
300 4426 400 4498 πῦρ
427 4428 641 4492 καθιεὶς
668 4425 992 4498 οὐρανόθεν,
1023 4425 1238 4497 ἐδέχετο
1278 4422 1375 4494 τὴν
1399 4420 1762 4494 δωροφορίανς

1875 3303 2001 3357 dem
2045 3318 2154 3358 non
2201 3302 2470 3368 fecerunt,
2518 3311 2575 3358 at
2615 3303 2800 3373 potius
2847 3302 3033 3358 aerius
3078 3302 3144 3356 ad
3205 3303 3471 3360 invidiam

1873 3393 2318 3459 exstimulantur,
2363 3403 2527 3466 atque
2568 3395 2742 3449 instar
2795 3393 3039 3450 ferarum
3099 3394 3467 3460 insanierunt,

1874 3496 2088 3544 tantum
2113 3502 2222 3541 non
2246 3494 2636 3542 succensentes
2661 3487 2792 3550 Deo,
2815 3487 2909 3556 qui
2929 3485 3033 3556 ipsi
3051 3502 3178 3540 eum
3198 3486 3468 3540 honorem

1873 3579 2221 3650 promiserat,
2243 3579 2502 3650 quodque
2528 3577 2874 3633 admirabilis
2897 3578 3118 3634 futurus
3137 3587 3305 3643 esset,
3329 3594 3470 3648 prmo

1872 3667 2165 3726 indicarat.
2193 3669 2309 3724 lloc
2331 3669 2510 3740 ipsum
2537 3669 2604 3724 de
2627 3670 2764 3726 Cain
2803 3678 2859 3724 et
2898 3669 3031 3724 Abel
3075 3668 3278 3724 factum
3311 3668 3466 3723 inve-

1871 3762 2110 3818 niemus.
2160 3761 2300 3815 Cum
2350 3759 2500 3814 enim
2543 3761 2691 3816 Deus
2747 3760 3080 3815 sacrificium
3140 3758 3326 3812 Abelis
3367 3774 3467 3830 ap-

1871 3854 2169 3928 probaret,
2219 3852 2575 3922 demissoque
2640 3853 2763 3923 igne
2826 3852 3080 3914 cmlitus,
3128 3851 3466 3906 oblationem

1872 3948 2229 4018 suscepisset,
2276 3956 2331 4001 et
2367 3945 2526 4002 Caini
2581 3943 2916 3999 sacriﬁcium
2969 3950 3257 3999 aversatus
3297 3951 3467 4007 esset,

1870 4040 2346 4110 sanguinolentam
2358 4037 2542 4092 statim
2562 4036 2824 4091 invidiam
2841 4035 3113 4105 concepit,
3128 4041 3183 4089 et
3200 4033 3467 4090 adversus

1869 4147 2166 4201 supernam
2203 4129 2546 4185 voluntatem
2581 4126 2858 4201 propriam
2886 4124 3294 4195 quodammodo
3324 4125 3464 4180 iram

1869 4225 1927 4280 in
1967 4224 2144 4280 aciem
2190 4223 2456 4286 educens,
2493 4221 2620 4277 dolo
2666 4220 2894 4276 fratrem
2935 4219 3256 4291 aggreditur
3301 4226 3466 4288 atque

1870 4317 2151 4375 interficit.
2177 4317 2407 4388 Semper
2432 4315 2580 4371 enim
2605 4315 2662 4370 in
2686 4314 2792 4368 hoc
2815 4312 3021 4368 desinit
3049 4313 3208 4382 182
3233 4311 3462 4366 invidia.

1868 4409 2139 4467 Cancrum
2166 4408 2431 4479 quidnam
2456 4407 2542 4463 hEB
2566 4405 2807 4460 visiones
2845 4401 3196 4474 significent?
3218 4401 3468 4473 Manipu—

202 4516 256 4584 τῇ
280 4492 538 4573 τοῦ-Καῒν
575 4520 642 4574 οὐ
675 4492 1236 4590 προσεσχηκώς-τὸν
1268 4492 1558 4589 μιαιφόνον
1601 4511 1764 4578 εὐθὺς

1878 4504 1985 4560 lum
2011 4500 2235 4572 quidem
2261 4501 2318 4556 in
2354 4500 2572 4570 signum
2596 4496 2864 4567 temporis
2903 4495 3260 4564 accipiemus.
3286 4492 3466 4549 Unius

203 4607 466 4680 είσεδέχετο
486 4611 704 4680 φθόνον,
725 4611 822 4664 καὶ
844 4613 968 4675 ταῖς
987 4609 1195 4664 ἄνωθεν
1216 4608 1418 4682 ψήφοις
1441 4608 1541 4678 τὴν
1556 4605 1764 4661 οἰκείαν

204 4695 362 4772 ὥσπερ
395 4702 705 4772 ἀντεξάγων
735 4703 929 4776 ὀργὴν,
960 4701 1098 4774 δόλῳ
1147 4701 1360 4774 μέτεισι
1391 4701 1483 4756 τὸν
1511 4700 1761 4770 ἀδελφὸν,

205 4791 282 4842 καὶ
307 4792 365 4862 δὴ
390 4795 480 4847 καὶ
514 4795 774 4849 διόλλυσι.
816 4793 1138 4865 Καταλήγει
1168 4793 1278 4865 γάρ
1305 4809 1422 4858 πως
1451 4794 1514 4871 ἐν
1550 4791 1763 4854 τούτοις

206 4879 413 4947 ὑφθόνος
443 4885 548 4940 ἀεί.
600 4884 762 4938 Ἀλλὰ
789 4885 874 4948 τίς
908 4885 975 4938 ἂν
1023 4885 1235 4954 γένοιτο
1268 4883 1378 4938 τῶν
1406 4882 1703 4955 δραμάτων
1733 4884 1762 4935 6

207 4970 332 5041 ισῦς;
360 4975 586 5045 Δράγμα
631 4976 688 5032 δὲ
725 4976 835 5048 γὰρ
862 4977 942 5040 είς
969 4974 1163 5048 καιροῦ
1207 4977 1431 5046 σημεῖον
1463 4972 1762 5046 παραδεξό-

210 5060 341 5126 μεθα.
366 5064 433 5117 Τό
466 5082 528 5134 γε
565 5065 672 5137 μὴν
703 5067 760 5118 ὲν
789 5064 917 5138 δόξῃ
950 5063 1250 5136 περιφανὲς
1276 5065 1311 5134 ἡ
1334 5061 1428 5116 τοῦ
1451 5061 1567 5125 ἑνὸς
1603 5061 1773 5131 ἔγερ-.

209 5166 274 5214 σις
304 5153 660 5227 ὑπεμφήνειεν
694 5157 916 5214 άν.”οτι
947 5156 1130 5210 τοίνυν
1161 5152 1284 5226 ἣξει
1311 5153 1526 5225 καιρὸς,
1549 5151 1672 5205 καθ’
1700 5151 1760 5205 ὃν

209 5241 333 5298 ἔσται
359 5249 450 5318 μὲν
478 5248 706 5321 εὐκλεὴς
745 5252 774 5304 6
804 5248 1093 5312 θεσπέσιος
1134 5245 1352 5318 Ἰωσὴφ,
1400 5247 1758 5300 ὑποπεσεῖται

210 5334 254 5388 ει
291 5336 463 5413 ὥσπερ
505 5341 654 5412 αὑτῷ
706 5344 802 5398 καὶ
853 5341 1290 5413 ὑπενεχθήσεται
1335 5339 1429 5393 καὶ
1473 5338 1612 5410 αὑτὴ
1649 5337 1758 5392 τῶν

213 5426 419 5500 ἀδελφῶν
460 5435 492 5503 ἠ
529 5434 756 5507 πληθὺς,
808 5433 1200 5506 προῦπέδειξεν
1235 5430 1658 5505 αἰνιγματωδῶς
1697 5430 1758 5486 τὸ

211 5514 347 5569 αὐτοῦ
399 5518 616 5592 δράγμα
660 5524 809 5596 παρὰ
840 5524 950 5578 τῶν
993 5524 1200 5597 ἑτέρων
1253 5522 1756 5596 προσκυνούμενονκ

223 5607 336 5662 Ἀλλ’
359 5612 414 5664 οὐ
448 5614 610 5685 μέχρι
645 5616 849 5673 τούτων
883 5618 962 5690 τῷ
1001 5617 1203 5690 Ἰωσὴφ
1228 5617 1297 5672 τὰ
1321 5617 1580 5672 ἐνύπνια·
1619 5616 1755 5672 ἀλλά

274 5798 311 5830 ⁸³
335 5799 461 5858 Gen.
487 5819 685 5874 xxxv",
711 5805 826 5867 6-8.

1870 4609 2003 4650 vero
2025 4591 2293 4664 manipuli
2317 4590 2526 4646 erectio
2550 4587 2858 4660 gloriosum
2884 4586 3066 4658 ipsum
3097 4584 3348 4640 futurum
3375 4583 3464 4638 in-

1869 4687 2155 4749 dicaverit.
2194 4684 2350 4752 Quod
2390 4684 2558 4755 igitur
2589 4689 2887 4738 venturum
2917 4687 3065 4735 esset
3106 4686 3323 4750 tempus
3354 4692 3468 4748 quo.

1867 4777 2071 4849 Ioseph
2101 4778 2157 4834 in
2185 4791 2404 4834 summo
2430 4775 2644 4830 honore
2674 4788 2739 4830 ac
2774 4771 3042 4843 dignitate
3071 4775 3220 4825 esset
3261 4766 3467 4824 consti-

1869 4872 2130 4937 tuendus,
2176 4869 2437 4942 quodque
2495 4865 2598 4938 ipsi
2647 4862 2995 4940 subjicienda
3049 4869 3199 4917 esset
3247 4859 3460 4934 reliqua

1865 4965 2101 5020 fratrum
2134 4958 2702 5031 multitudo,figurate
2734 4953 3178 5026 praemonstravit
3205 4949 3460 5019 manipu-

1869 5055 1956 5110 lus
1979 5055 2156 5126 ipsius
2180 5051 2249 5110 ab
2274 5051 2399 5107 aliis
2418 5049 2701 5106 adoratus.
2717 5045 2990 5100 Caeterum
3017 5057 3126 5096 non
3149 5041 3256 5126 hoc
3280 5039 3462 5100 solum

1867 5124 2208 5204 insomnium
2231 5144 2473 5216 Josepho
2507 5139 2729 5202 accidit,
2756 5136 2855 5193 sed
2881 5133 3033 5190 aliud
3065 5124 3231 5188 etiam
3262 5131 3330 5186 ad
3353 5130 3462 5187 hoc

1867 5257 2028 5298 usum
2043 5239 2226 5295 denuo
2237 5237 2403 5294 beato
2417 5233 2564 5308 patri
2581 5249 2644 5290 ac
2661 5230 2926 5288 fratribus
2943 5226 3208 5283 narravit.
3224 5224 3422 5288 «Vidit,
3438 5243 3455 5278 ι

1865 5335 2040 5400 enim,
2071 5330 2276 5402 inquit,
2315 5349 2332 5381 ι
2362 5339 2419 5385 et
2467 5328 2705 5385 alterum
2756 5324 3058 5386 somnium,
3107 5327 3165 5376 et
3215 5319 3464 5380 narravit

1867 5428 2003 5486 illud
2030 5426 2174 5498 patri
2199 5440 2301 5480 suo
2334 5432 2390 5478 et
2421 5421 2686 5476 fratribus
2715 5420 2852 5484 Suis,
2890 5424 2947 5474 et
2976 5414 3152 5471 dixit:
3182 5409 3460 5469 Somniavl

1865 5538 1995 5579 ecce
2021 5519 2297 5576 somnium
2329 5517 2596 5578 alterum;
2620 5513 2766 5569 sicut
2789 5513 2943 5568 solet
2971 5511 3099 5564 luna
3123 5515 3180 5563 et
3203 5504 3462 5562 undecim

1867 5615 2042 5672 stella:
2068 5612 2376 5671 adorabant
2399 5625 2509 5666 me.
2534 5608 2604 5664 Et
2631 5606 2938 5677 increpavit
2966 5619 3092 5660 eum
3127 5609 3284 5673 pater
3304 5608 3460 5661 sum.
