4034 6462
571 349 672 406 9.91
1634 348 1689 402 S.
1729 343 2008 402 CYRILLI
2040 338 2512 397 ALEXANDRINI
2551 336 2870 395 ARCliiEP.
3703 343 3793 399 992

569 475 627 522 et
657 464 864 521 dixitei
906 482 917 518 :
959 463 1102 531 Quid
1148 462 1422 519 somnium
1472 463 1576 518 hoc
1645 463 1791 533 quod
1838 459 2156 517 somniasti?

2199 462 2230 521 Α
2256 476 2311 511 τι
2340 458 2435 511 καὶ
2467 458 2655 527 ἕτερον
2689 457 2781 509 ἐπὶ
2813 454 2946 524 τῷδε
2971 452 3318 523 τεθεαμένος,
3348 453 3627 522 ἀφηγεῖται
3655 460 3792 512 πάλιν

570 557 848 627 Numquid
883 558 1170 612 venientes
1184 559 1472 614 veniemus
1500 570 1623 628 ego,
1652 565 1709 611 et
1746 564 1924 611 mater
1954 564 2069 619 tua,
2100 562 2156 609 et

2258 550 2421 615 αὐτοῦ
2476 549 2610 620 πέρι
2637 548 2715 617 τῷ
2769 546 3027 619 μακαρίῳ
3078 545 3245 615 πατρὶ
3293 544 3524 609 καὶτοῖς
3552 547 3791 617 ἀδελφοῖς.

570 648 770 704 fratres
793 650 891 712 tui,
920 648 987 703 ad
1014 648 1353 704 adorandum
1387 660 1440 705 te
1474 664 1641 720 super
1674 648 1914 704 terram?
1937 647 2157 703 Invide-

2264 660 2284 694 ι
2318 637 2441 695 Εἶδε
2470 640 2601 711 γὰρ,
2635 639 2821 709 φησιν,
2861 636 3115 690 ἐνύπνιον
3163 636 3369 706 ἕτερον,
3411 638 3504 690 καὶ⁸
3533 637 3796 710 διηγήσατο

574 749 706 794 runt
730 747 913 793 autem
952 738 1007 794 ei
1042 738 1245 794 fratres
1279 742 1419 811 ejus,
1453 747 1510 795 at
1554 748 1710 811 pater
1755 740 1876 810 ejus
1918 737 2157 794 servavit

2258 737 2392 792 αὐτὸ
2427 736 2505 806 τῷ
2546 736 2713 805 πατρὶ
2759 730 2924 787 αὑτοῦ
2956 731 3051 784 καὶ
3094 731 3209 791 τοῖς
3239 728 3484 798 ἀδελφοῖς
3513 731 3685 793 αὐτοῦ,
3718 738 3795 787 καὶ

574 830 805 885 verbum
833 828 1286 886 ".oArtiﬁciosus
1313 846 1505 894 senex,
1532 840 1845 901 etsuperna
1862 830 2157 901 prudentia

2258 823 2413 881 εἶπεν
2436 845 2448 857 ·
2492 826 2623 879 Ἰδοὺ
2658 824 3070 893 ἐνυπνιασάμην
3098 822 3348 897 ἐνύπνιον
3385 820 3584 892 ἕτερον’
3616 823 3798 887 Ὥσπερ

573 920 868 976 excellens.
895 920 1155 991 intelligit
1182 922 1331 976 enim
1358 922 1637 976 visionum
1672 922 1783 976 vim
1812 939 1825 975 :
1854 921 2158 991 increpavit

2259 923 2287 975 6
2328 920 2477 991 ἥλιος
2524 919 2674 989 καὶὴ
2722 917 2919 987 σελήνη
2952 915 3049 970 καὶ
3075 913 3268 968 ἐνδεκα
3307 913 3531 983 ἀστέρες
3563 916 3799 985 προσεκύ-

574 1019 758 1065 autem
799 1010 999 1075 tilium,
1027 1011 1219 1067 dicens
1245 1030 1258 1065 :
1292 1032 1310 1064 ι
1338 1012 1619 1082 Numquid
1652 1012 1938 1068 venientes
1964 1012 2156 1067 venie-

2259 1030 2383 1067 vouv
2413 1030 2502 1084 με.
2534 1012 2646 1066 Καὶ
2682 1009 3015 1080 ἐπετίμησεν
3059 1007 3208 1078 αὐτῷ
3234 1009 3263 1060 ό
3297 1006 3476 1076 πατὴρ
3518 1007 3691 1071 αὑτοῦ,
3724 1012 3799 1061 καὶ

575 1118 700 1158 mus
729 1118 852 1174 ego,
877 1112 932 1158 et
961 1108 1272 1171 materitua,
1298 1113 1354 1160 et
1379 1105 1577 1159 fratres
1600 1104 1699 1169 tui,
1728 1104 1795 1159 ad
1815 1103 2157 1159 adorandum

2261 1099 2413 1158 εἶπεν
2460 1102 2638 1174 αὐτῷ’
2682 1102 2749 1154 Τί
2780 1102 2843 1154 τὸ
2881 1099 3130 1154 ἐνύπνιον
3176 1098 3335 1152 τοῦτο
3383 1096 3411 1149 δ
3441 1098 3797 1168 ἐνυπνιάσθηςς

579 1199 630 1246 te
656 1206 823 1261 super
849 1198 1090 1247 terram?
1115 1213 1133 1244 ι
1164 1193 1231 1249 Ει
1259 1194 1384 1263 quis
1415 1192 1699 1248 advertat?
1732 1201 1793 1247 ut
1831 1191 2054 1262 sapiens
2092 1207 2158 1246 ac

2259 1191 2409 1266 Ἀρά
2430 1212 2494 1261 γε
2522 1193 2765 1256 ἐλθόντες
2788 1189 3121 1261 ἐλευσόμεθα
3143 1188 3253 1258 ἐγώ
3277 1206 3334 1242 τε
3365 1188 3505 1259 καὶὴ
3530 1190 3699 1259 μήτηρ
3721 1205 3799 1243 σου

576 1282 890 1337 necessaria
932 1282 1236 1353 increpatio
1262 1282 1529 1338 adhibita.
1558 1282 1813 1338 Occurrit
1852 1282 2002 1337 enim
2038 1282 2155 1337 ele-

2263 1289 2355 1343 καὶ
2371 1290 2418 1341 οἱ
2435 1287 2650 1355 ἀδελφοί
2672 1302 2767 1339 σου
2783 1282 3162 1355 προσκυνῆσαί
3181 1299 3263 1336 σοι
3282 1282 3375 1335 ἐπὶ
3395 1281 3491 1353 τὴν
3506 1281 3634 1352 γῆν;
3668 1281 3799 1352 Ἐζή-

577 1383 769 1443 ganter
790 1373 1132 1429 audientium
1158 1375 1467 1438 invidiaet
1487 1374 1656 1428 nimia
1679 1373 2012 1429 confidentia
2033 1387 2159 1444 per-

2259 1379 2440 1433 λωσαν
2468 1377 2524 1431 δὲ
2557 1376 2721 1431 αὐτὸν
2760 1377 2808 1429 oi
2842 1375 3062 1445 ἀδελφοὶ
3091 1372 3278 1438 αὑτοῦ,
3307 1375 3336 1427 6
3368 1372 3423 1426 δέ
3458 1372 3631 1444 πατὴρ
3660 1371 3797 1425 αὑτοῦ

578 1464 762 1519 fusum
791 1466 1050 1535 juvenem
1092 1466 1390 1535 compescit
1416 1480 1481 1520 ac
1506 1473 1795 1535 temperat,
1823 1462 2001 1534 neque
2027 1463 2159 1519 sinit

2259 1470 2493 1541 διετήρει
2518 1468 2579 1521 τὸ
2599 1470 2770 1540 ῥῆμα.
2816 1484 2834 1517 ι
2867 1464 3140 1536 Εὑτεχνὴς
3167 1465 3197 1517 6
3229 1461 3557 1534 πρεσϐύτης,
3588 1462 3676 1514 καὶ
3701 1463 3800 1523 ταῖς

580 1555 984 1611 adolescentem
1032 1556 1435 1611 insomniorum
1480 1571 1577 1626 spe
1620 1556 1821 1610 fratres
1851 1555 2154 1625 despicere,

2260 1560 2521 1615 ἀνωτάτω
2544 1557 2854 1630 διαπρεπὴς
2882 1557 3201 1627 ἀγχινοίαις.
3233 1554 3455 1624 Συνίησι
3477 1554 3572 1624 μὲν
3598 1552 3694 1624 γὰρ
3713 1553 3802 1605 τῶν

580 1661 761 1715 neque
801 1646 1066 1701 honorem
1099 1647 1242 1716 patri
1280 1647 1528 1702 debitum
1572 1649 1739 1704 stulte
1781 1656 2155 1713 contemnere,

2259 1652 2550 1724 ὁραμάτων
2564 1652 2663 1723 τὴν
2696 1650 2925 1720 δύναμιν
2947 1667 2959 1681 ι
2978 1648 3218 1718 ἐπετίμα
3252 1646 3311 1701 δέ
3327 1645 3405 1716 τῷ
3424 1644 3591 1708 παιδὶ,
3621 1643 3799 1711 λέγων·

582 1736 1020 1807 intempestivam
1061 1738 1260 1793 futura:
1297 1739 1579 1809 dignitatis
1620 1740 1999 1796 excellentiam
2051 1741 2157 1796 sibi

2267 1763 2286 1797 ι
2321 1741 2469 1815 *Δρά
2495 1761 2558 1813 γε
2592 1743 2835 1807 ἐλθόντες
2864 1739 3197 1812 ἐλευσόμεθα
3228 1736 3339 1808 ἐγώ
3372 1755 3432 1791 τε
3462 1737 3556 1790 καὶ
3587 1739 3611 1808 ἡ
3652 1736 3802 1807 μήτηρ

580 1829 903 1899 arrogando.
930 1829 1067 1884 Vide
1094 1830 1242 1886 enim
1278 1845 1389 1900 quo
1430 1838 1589 1901 pacto
1627 1830 1908 1903 ingeniose
1949 1833 2159 1887 insom-

2205 1814 2234 1869 Β
2264 1851 2358 1889 σου
2381 1814 2475 1889 καὶ
2495 1835 2545 1887 oi
2562 1832 2779 1905 ἀδελφοί
2804 1849 2897 1886 σου
2915 1829 3287 1905 προσκυνῆσαί
3311 1846 3395 1883 σοι
3416 1828 3508 1882 ἐπὶ
3527 1827 3619 1899 τὴν
3638 1826 3731 1898 γῆν
3748 1843 3759 1890 ;
3786 1849 3798 1877 ι

578 1919 800 1973 niorum
828 1922 941 1974 vim
973 1921 1042 1975 ad
1090 1929 1305 1975 certum
1354 1936 1636 1992 egressum
1682 1922 1899 1994 redigit.
1946 1923 2160 1979 Mortua

2263 1925 2374 1978 Kal
2420 1923 2505 1987 τίς
2546 1923 2612 1977 ἂν
2644 1924 2849 1989 νοοῖτο;
2892 1920 3056 1991 σοφὸς
3095 1919 3153 1974 δὲ
3181 1920 3331 1983 ὅπως
3356 1919 3450 1973 καὶ
3479 1918 3750 1986 ἀναγκαῖος
3781 1920 3804 1971 ὁ

577 2008 728 2063 enim
760 2011 873 2081 jam
912 2010 1139 2077 Rachel,
1181 2028 1305 2083 qua:
1333 2014 1634 2085 Josephum
1660 2015 1915 2085 peperit:
1949 2014 2160 2071 «Num-

2262 2014 2362 2085 τῆς
2394 2013 2763 2085 ἐπιτιμήσεως
2808 2012 3029 2084 τρόπος.
3093 2009 3415 2065 Ἀνακόπτει
3458 2009 3554 2079 μὲν
3601 2009 3701 2080 γὰρ
3731 2007 3803 2060 εὐ-

579 2100 714 2169 quid
740 2116 862 2171 ego,
887 2102 1084 2172 inquit,
1103 2112 1159 2158 et
1183 2113 1358 2159 mater
1386 2113 1479 2160 tua
1504 2105 1857 2161 adorabimus
1881 2105 2162 2162 tebFecit

2264 2104 2416 2174 φυῶς
2450 2103 2558 2157 τῶν
2580 2102 2946 2175 ἀκροωμένων
2974 2100 3068 2155 τὸν
3098 2100 3314 2172 φθόνον,
3357 2099 3451 2154 καὶ
3487 2099 3667 2171 θράσει
3694 2099 3803 2167 ἀφο-

581 2203 767 2249 autem
804 2195 879 2261 id,
904 2203 965 2249 ut
1003 2195 1166 2251 modo
1190 2196 1325 2262 dixi,
1350 2205 1411 2251 ut
1436 2198 1697 2268 juvenilis
1727 2198 1928 2254 mentis
1962 2197 2161 2256 fastum

2267 2199 2415 2269 ρήτῳ
2446 2195 2537 2250 τὸν
2569 2195 2852 2250 νεανίσκον
2884 2193 3286 2264 καταχεόμενον
3315 2192 3618 2247 τιθασσεύει
3649 2189 3806 2244 λοιπὸν

581 2282 940 2355 infringeret,
985 2294 1042 2341 et
1091 2288 1418 2341 concitatam
1463 2289 1577 2359 jam
1614 2288 1671 2344 in
1712 2290 1892 2360 ipsum
1931 2289 2162 2347 fratrum

2263 2289 2462 2364 τρόπον
2483 2287 2625 2351 τινὰ,
2652 2288 2746 2341 καὶ
2773 2285 2929 2340 καλεῖ
2958 2285 3096 2357 πρὸς
3118 2285 3179 2338 τὸ
3206 2285 3416 2356 ἥμερον
3437 2302 3452 2317 ο
3485 2285 3582 2339 οὐκ
3608 2285 3666 2355 ἐᾷ
3690 2283 3740 2338 δέ
3758 2282 3804 2335 τὸ

585 2375 852 2431 invidiam
915 2380 1144 2447 sopiret.
1194 2378 1567 2436 Nihilominus
1631 2389 1815 2436 tamen
1877 2390 2163 2452 exspectat

2267 2380 2550 2451 μειράκιον
2577 2382 2642 2451 τῇ
2667 2378 2778 2431 τῶν
2816 2378 3077 2431 ἐνυπνίων
3111 2377 3288 2431 ἐλπίδι
3323 2374 3803 2441 καταλαζονεύεσθαι

582 2467 749 2521 etiam
775 2467 891 2537 ipse
920 2483 1037 2524 rem
1060 2468 1135 2524 ita
1167 2479 1510 2525 eventuram.
1541 2470 1927 2525 Audivitenim
1950 2488 2161 2543 nequa-

2262 2474 2372 2529 τῶν
2400 2473 2666 2542 ἀδελφῶν,
2704 2472 2819 2526 ἀλλ’
2848 2472 2968 2526 οὐδὲ
2996 2471 3098 2541 τῆς
3124 2472 3205 2536 είς
3234 2471 3453 2545 πατέρα
3487 2473 3645 2543 τιμῆς
3672 2470 3803 2525 6605-

583 2572 749 2629 quam
773 2558 1051 2629 languide,
1074 2560 1169 2616 sed
1194 2576 1299 2616 nec
1327 2561 1627 2618 obliviosos
1654 2562 1835 2618 reddit
1857 2578 2158 2629 sermones,

2263 2565 2369 2628 λως
2396 2563 2698 2633 ὀλιγωρεῖν,
2740 2560 3023 2633 μονονουχὶ
3047 2562 3143 2617 καὶ
3174 2563 3424 2633 πρόωρον
3454 2564 3549 2633 τῆς
3576 2563 3804 2634 ἐσομένης

583 2649 803 2704 tametsi
840 2649 921 2705 rei
967 2649 1268 2705 vanitatem
1321 2653 1620 2707 incusaret.
1662 2672 1681 2704 ι
1724 2652 1975 2709 Servavit
2013 2654 2159 2709 enim

2263 2656 2641 2727 λαμπρότητος
2663 2655 2759 2725 τὴν
2783 2654 3057 2725 ὑπεροχὴν
3086 2654 3356 2726 ἁρπάζειν
3387 2657 3444 2708 ἐν
3475 2653 3662 2725 ἐαυτῷ.
3686 2655 3804 2725 Ὅρα

580 2738 754 2812 ipsos,
785 2761 804 2796 ι
835 2743 1032 2813 inquit,
1057 2743 1299 2799 confisus
1322 2743 1583 2800 nimirum
1632 2745 1889 2801 celeriter
1911 2745 1964 2800 id
1992 2746 2161 2816 perli-

2264 2749 2373 2821 γὰρ
2401 2748 2552 2810 ὅπως
2582 2745 2925 2819 περιίστησιν
2964 2745 3180 2815 εὐφυῶς
3208 2749 3289 2811 είς
3314 2746 3538 2801 ἔκϐασιν
3572 2746 3664 2799 οὐκ
3682 2744 3802 2798 ἐνδε-

580 2835 859 2893 eiendum.
905 2834 975 2889 At
1003 2848 1138 2889 vero
1166 2840 1290 2905 post
1330 2835 1489 2906 183
1531 2834 1930 2891 insomniorum
1963 2853 2160 2892 narra-

2264 2840 2502 2913 χομένην
2529 2839 2636 2893 τῶν
2665 2840 2957 2913 ὁραμάτων
2977 2839 3075 2909 τὴν
3107 2839 3355 2909 δύναμιν.
3391 2837 3690 2906 Τεθνεώσης
3716 2836 3804 2905 γὰρ

582 2927 790 2983 tionem
820 2944 838 2977 ι
861 2923 1117 2981 abierunt
1146 2924 1373 2995 quidem
1415 2924 1634 2990 fratres,
1659 2943 1768 2982 una
1807 2941 1932 2982 cum
1972 2937 2161 2999 pasto-

2264 2934 2365 3005 ηδη
2403 2935 2503 3004 τῆς
2535 2916 2755 3004 Ῥαχὴλ,
2785 2932 2820 3003 ἡ
2847 2934 2939 2986 τδν
2976 2931 3176 3001 Ἰωσὴφ
3207 2929 3494 2998 ικτέτοκε,
3532 2948 3551 2981 ι
3589 2928 3672 2999 Μὴ
3696 2925 3803 2994 ἐγὼ.

580 3018 737 3073 ribus
776 3015 845 3072 ad
884 3015 1221 3087 pascendum
1257 3015 1314 3070 in
1346 3014 1567 3071 Siehem
1607 3017 1673 3071 “.
1703 3037 1720 3069 ι
1750 3017 1958 3074 Deinde
1991 3034 2162 3089 parvo

2266 3024 2421 3094 φησὶ,
2450 3023 2543 3076 καὶ
2573 3024 2608 3094 ἡ
2642 3025 2824 3094 μήτηρ
2857 3038 2952 3075 σου
2980 3020 3435 3092 προσκυνήσομέν
3462 3035 3573 3085 σοις
3615 3036 3633 3069 ι
3664 3015 3805 3086 Ἔδρι

580 3114 705 3177 post
725 3106 910 3175 elapso
942 3113 1189 3175 tempore
1213 3105 1386 3160 mittit
1417 3113 1575 3177 pater
1600 3106 1859 3177 juvenem
1892 3108 2159 3177 quaesitu-

2213 3148 2232 3206 :
2266 3115 2322 3168 δὲ
2351 3113 2526 3179 τοῦτο,
2554 3113 2807 3184 καθάπερ
2848 3112 2983 3185 ἔφην
3014 3111 3236 3184 ἀρτίως,
3271 3111 3370 3165 καὶ
3404 3111 3499 3182 τῆς
3528 3110 3618 3164 τοῦ
3657 3107 3806 3163 νισινί-

579 3212 705 3253 rum
737 3196 973 3252 fratres:
1008 3216 1026 3247 ι
1055 3196 1335 3267 Numquid
1374 3196 1574 3252 fratres
1600 3198 1678 3253 tui
1722 3208 1956 3268 pascunt
1978 3200 2035 3254 in
2073 3199 2162 3255 Si-

2214 3196 2231 3206 ’
2268 3223 2399 3261 σκου
2431 3203 2626 3275 φρενὸς
2659 3203 2984 3273 κατασύρων
3011 3202 3102 3255 τὸν
3126 3202 3311 3270 ὄγκον,
3345 3201 3439 3255 καὶ
3465 3201 3572 3255 τῶν
3597 3197 3807 3266 ἀδελφῶν

579 3290 777 3346 ehem?
802 3288 962 3354 Veni,
1002 3289 1216 3343 mittam
1252 3296 1308 3343 te
1346 3288 1414 3343 ad
1454 3304 1569 3343 eos.
1607 3289 1675 3344 Et
1715 3290 1855 3345 dixit
1893 3290 1985 3346 ei:
2020 3291 2162 3346 Ecce

2264 3301 2356 3352 τὸν
2410 3297 2781 3369 ἐγηγερμένον
2845 3297 2932 3349 ἐπ’
2988 3295 3152 3349 αὑτὸν
3211 3292 3563 3353 κατευνάζων
3624 3291 3806 3361 φθόνον.

580 3396 705 3452 ego.
741 3379 896 3435 Dixit
942 3389 1128 3435 autem
1175 3380 1227 3435 ei
1272 3380 1479 3435 lsraei:
1534 3381 1753 3437 Vadens
1787 3381 1913 3437 vide
1958 3383 2004 3437 si
2044 3383 2162 3438 sani

2267 3388 2526 3442 Ἕσεσθαί
2547 3405 2610 3456 γε
2646 3386 2751 3458 μὴν
2776 3385 3049 3458 προσδοκᾷ
3072 3385 3132 3439 τὸ
3162 3385 3354 3455 χρῆμα
3381 3384 3562 3448 αὑτός.
3610 3382 3808 3452 ’Δκήιωε

580 3468 712 3528 sunt
759 3471 959 3526 fratres
1009 3472 1120 3533 tui,
1169 3481 1225 3527 et
1278 3487 1428 3538 oves,
1471 3481 1527 3529 et
1569 3473 1823 3528 renuntia
1864 3472 2000 3526 mihi
2031 3472 2097 3526 “.
2134 3490 2154 3526 ι

2263 3481 2372 3551 γὰρ
2400 3480 2460 3532 οὐ
2509 3478 2824 3551 παρέργως,
2857 3477 2970 3531 ἀλλ’
3011 3476 3134 3530 οὐδὲ
3181 3476 3357 3547 λήθης
3389 3476 3572 3541 ἀξίους
3606 3475 3814 3527 ποιεῖται

581 3562 993 3632 Promptissimc
1024 3563 1189 3634 igitur
1217 3580 1276 3620 se
1297 3564 1503 3620 iturum
1529 3564 1823 3635 promittit,
1851 3580 1914 3619 ac
1936 3565 2160 3635 quidem

2261 3572 2388 3634 τοὺς
2419 3570 2632 3641 λόγους,
2684 3572 2732 3622 εί
2779 3570 2871 3622 καὶ
2910 3568 2972 3622 τὸ
3017 3570 3223 3622 εἰκαῖον
3279 3568 3460 3622 αὐτῶν
3509 3566 3807 3636 κατέγραφε.

579 3654 969 3726 proficiscitur,
994 3655 1355 3726 discessitque
1386 3672 1417 3711 e
1445 3657 1585 3711 valle
1608 3656 1885 3711 Chebron.
1911 3655 2161 3727 Cumque

2268 3685 2288 3718 ι
2327 3664 2610 3734 Τετήρηκε
2653 3661 2763 3732 γὰρ
2794 3662 3013 3723 αὐτοὺς,
3055 3679 3073 3712 ι
3107 3660 3189 3713 ὃτι
3222 3662 3317 3714 καὶ
3343 3662 3424 3724 είς
3470 3659 3640 3730 πέρας
3665 3654 3808 3724 ἐκθή·

579 3745 943 3817 percurrisset
969 3754 1134 3801 totam
1163 3747 1539 3813 solitudinem,
1564 3748 1762 3803 obvius
1784 3748 2007 3818 quidam
2031 3763 2158 3802 eum

2264 3773 2449 3811 σονται
2489 3754 2629 3826 τάχα
2681 3771 2785 3807 που
2815 3750 3191 3825 τεθαρρηκώς.
3231 3751 3389 3806 Μετά
3423 3750 3479 3804 δέ
3508 3767 3568 3817 γε
3602 3748 3685 3818 τὴν
3720 3745 3808 3798 τῶν

579 3837 812 3910 rogavit,
854 3851 1020 3909 quam
1052 3838 1124 3895 ob
1168 3854 1413 3903 causam,
1452 3840 1619 3905 unde,
1661 3856 1791 3910 quo,
1826 3849 1883 3896 et
1917 3841 1983 3896 ad
2020 3856 2159 3911 quos

2263 3848 2528 3902 ἐνυπνίων
2572 3847 2879 3917 ἀφήγησιν,
2948 3864 2966 3896 ι
3034 3843 3343 3914 Ἀπῴχοντο
3398 3843 3498 3914 μέν
3540 3844 3586 3895 οἱ
3621 3836 3810 3906 ἀδελφοὶ

579 3931 707 3987 iret.
738 3949 757 3982 ι
786 3929 889 3997 Qui
925 3932 1111 3987 statim
1147 3931 1432 4003 respondit
1457 3950 1469 3984 :
1497 3932 1719 3988 Fratres
1749 3948 1903 3989 meos
1932 3948 2153 4003 quaero;

2258 3945 2373 4006 τοῖς
2399 3940 2665 4004 αἰπολίοις
2691 3937 2828 4010 ὁμοῦ
2857 3937 3184 4009 κατανέμειν
3216 3938 3275 3992 ἐν
3307 3936 3499 4008 Σιχέμ.
3536 3954 3555 3989 ι
3588 3928 3711 3987 Εἶτα
3734 3946 3809 4000 9t-

580 4022 763 4080 indiea
802 4022 939 4079 mihi
981 4020 1075 4077 ubi
1115 4033 1368 4092 pascunt.
1414 4022 1565 4078 Dixit
1609 4033 1790 4079 autem
1834 4025 1887 4080 ei
1926 4025 2093 4081 homo
2140 4044 2153 4079 :

2261 4032 2392 4105 κροῦ
2428 4032 2517 4087 διὰ
2567 4032 2730 4101 μέσου
2785 4030 3151 4103 παραθέοντος
3188 4029 3407 4100 χρόνου,
3451 4026 3735 4100 προτρέπει
3762 4020 3812 4071 τὸ

578 4114 944 4172 Recesserunt
976 4114 1108 4169 hinc
1139 4132 1152 4168 :
1187 4116 1373 4171 audivi
1409 4116 1558 4171 enim
1597 4132 1693 4173 eos
1730 4116 2018 4174 dicentes:
2053 4117 2155 4172 Ea-

2264 4125 2547 4197 μειράκιον
2587 4126 2616 4177 ό
2639 4122 2821 4194 πατὴρ
2861 4120 3294 4191 ἐπισκεψόμενον
3343 4119 3478 4174 ίέναι
3522 4117 3645 4179 τοὺς
3678 4110 3806 4167 ἀδελο

576 4220 701 4260 mus
729 4205 784 4259 in
822 4204 1078 4260 Dothaim
1110 4205 1175 4259 “.
1211 4226 1230 4257 ι
1257 4206 1378 4274 Quo
1401 4223 1528 4263 cum
1560 4209 1930 4284 pervenisset,
1971 4208 2155 4278 inopi-

2261 4215 2415 4285 φούς.
2462 4234 2479 4266 ι
2528 4213 2663 4284 Οὐχὶ
2712 4212 2842 4285 γὰρ,
2892 4212 3077 4283 φησὶν,
3135 4211 3184 4264 oi
3220 4209 3439 4279 ἀδελφοί
3490 4224 3582 4261 σου
3612 4201 3810 4272 ποιμαί-

575 4306 706 4354 nato
741 4297 1149 4354 circumventus
1202 4308 1305 4355 est.
1352 4300 1671 4372 Opportune
1722 4302 1873 4356 enim
1924 4301 2153 4367 invidia,

2260 4326 2441 4365 νουσιν
2471 4309 2529 4363 ἐν
2560 4307 2765 4378 Σιχέμς
2811 4303 2982 4376 Δεῦρο
3014 4301 3300 4358 ἀποστελῶ
3333 4318 3393 4355 σε
3438 4301 3573 4372 πρὸς
3616 4294 3808 4354 αὐτούς.

574 4390 723 4460 quod
761 4390 891 4444 oiim
924 4391 1212 4460 cogitarat,
1237 4391 1443 4448 effecit.
1481 4390 1794 4448 interﬁcere
1829 4394 1996 4464 igitur
2022 4407 2151 4448 eum

2258 4402 2369 4456 Kal.
2404 4395 2557 4454 εἶπεν
2594 4398 2763 4468 αὐτῷ’
2802 4397 2935 4451 Ἰδοὺ
2961 4395 3092 4465 ἐγώ.
3128 4390 3264 4448 Εἷπε
3311 4392 3370 4446 δέ
3398 4392 3546 4465 αὐτῷ
3591 4387 3807 4461 Ἰσραήλ·

574 4482 805 4539 omnino
834 4484 1130 4554 cupiebant
1158 4483 1255 4539 lilii
1304 4484 1652 4550 ancillarum,
1678 4484 1864 4549 Balia,
1896 4484 2144 4554 inquam,

2218 4508 2226 4547 l
2253 4490 2547 4565 Πορευθεὶς
2604 4488 2679 4542 ἴδε
2724 4490 2772 4541 εί
2817 4486 3150 4557 ὑγιαίνουσιν
3181 4486 3231 4539 oi
3262 4484 3483 4553 ἀδελφοί
3512 4499 3603 4536 σου
3640 4478 3725 4534 καὶ
3756 4475 3811 4526 τά

575 4584 634 4628 et
671 4573 910 4643 Zelphzn.
939 4573 1207 4629 Dixerunt
1246 4574 1437 4629 enim:
1477 4593 1493 4625 ι
1521 4574 1661 4629 Ecce
1699 4574 2003 4630 somniator
2055 4574 2148 4629 ille

2254 4584 2525 4658 πρόϐατα,
2569 4581 2664 4636 καὶ
2696 4578 3016 4648 ἀνάγγειλόν
3064 4596 3171 4650 μοι.
3213 4597 3231 4630 ι
3290 4575 3679 4650 Προθυμότατα
3728 4568 3809 4637 μέν

575 4664 747 4719 venit.
770 4663 928 4719 Nunc
945 4679 1078 4735 ergo
1100 4664 1363 4730 accedite,
1380 4664 1694 4721 occidamus
1722 4681 1872 4731 eum,
1897 4673 1953 4720 et
1984 4665 2153 4736 proji-

2256 4674 2350 4733 οὖν
2400 4675 2537 4730 ἰέναι
2587 4670 3119 4739 κατεπαγγέλλεται,
3183 4670 3279 4724 καὶ
3332 4668 3397 4741 δὴ
3445 4667 3540 4721 καὶ
3587 4660 3807 4730 ἀπαίρεις

573 4756 784 4813 ciamus
802 4771 928 4813 eum
947 4756 1002 4811 in
1028 4770 1193 4811 unam
1214 4756 1596 4822 cisternarum,
1611 4756 1927 4813 etdicemus
1943 4774 1957 4810 :
1974 4755 2156 4812 Bestia

2259 4771 2354 4824 καὶ
2400 4763 2829 4836 ἀποκεχώρηκεν
2865 4765 2929 4816 ἐκ
2967 4761 3069 4831 τῆς
3119 4761 3363 4824 κοιλάδος
3404 4754 3647 4830 Χεϐρών.
3703 4753 3809 4805 Ἐκ-

574 4850 718 4907 mala
744 4849 1031 4907 devoravit
1055 4864 1214 4914 eum;
1237 4854 1295 4903 et
1316 4847 1627 4904 videbimus
1649 4848 1779 4918 quid
1804 4848 1915 4905 sint
1942 4848 2156 4904 somnia

2255 4858 2561 4934 περιθέοντι
2597 4856 2655 4910 δὲ
2702 4854 2800 4926 τὴν
2841 4853 3064 4927 ἔρημον,
3113 4852 3218 4923 ἔφη
3267 4868 3353 4915 τις
3397 4846 3696 4923 περιτυχὼν
3736 4840 3808 4908 ἐφ’

571 4967 709 5038 ejus.
740 4964 986 5022 Audiens
1007 4980 1141 5021 vero
1167 4962 1385 5027 Ruben,
1407 4962 1637 5019 abstulit
1659 4977 1787 5017 eum
1814 4961 1881 5017 de
1900 4960 2159 5016 manibus

2254 4957 2362 5026 ὅτῳ
2388 4970 2447 5006 τε
2471 4953 2617 5024 ἥκοι,
2651 4950 2744 5004 καὶ
2768 4949 2889 5003 ὅποι
2918 4948 3069 5010 ποτε,
3109 4948 3206 5000 καὶ
3230 4947 3322 5000 ἐπὶ
3347 4946 3500 5009 τίνας
3526 4944 3678 4998 ἵεται.
3706 4956 3722 4989 ι
3760 4934 3809 5039 :0

572 5069 787 5119 eorum,
815 5054 1006 5111 dicens
1032 5072 1044 5108 :
1077 5053 1197 5111 Non
1235 5052 1613 5122 percutiamus
1644 5066 1770 5105 eum
1806 5052 1862 5106 in
1889 5051 2150 5105 animam.

2252 5046 2311 5099 δέ
2358 5044 2496 5117 πρὸς
2551 5040 2725 5095 ταῦτα
2774 5039 2966 5103 εὐθύς·
3016 5038 3157 5102 Τοὺς
3207 5037 3475 5107 ἀδελφούς
3512 5052 3610 5106 μου
3658 5031 3805 5122 ζητῶ.

572 5145 721 5199 Dixit
755 5154 935 5200 autem
974 5146 1056 5203 eis
1091 5120 1323 5201 Ruben:
1359 5144 1438 5200 Ne
1466 5143 1766 5199 eﬂ‘undatis
1797 5143 2154 5215 sanguinem;

2255 5133 2590 5204 ἀπάγγειλόν
2613 5149 2702 5203 μοι
2732 5131 2834 5185 ποῦ
2869 5131 3177 5202 βόσκουσιν.
3203 5127 3339 5184 Εἷπε
3369 5128 3427 5182 δὲ
3450 5125 3616 5197 αὐτῷ,
3645 5120 3803 5215 φησὶγ.

573 5238 825 5309 pmjieite
842 5253 968 5292 eum
990 5239 1044 5292 in
1065 5254 1228 5292 unam
1253 5237 1619 5293 cisternarum
1638 5235 1855 5300 harum,
1882 5251 2002 5306 qua:
2026 5245 2154 5290 sunt

2255 5232 2284 5283 6
2317 5229 2621 5298 ἄνθρωπος,
2651 5223 2967 5293 ἀπήρκασιν
3005 5220 3272 5276 ἐντεῦθεν.
3308 5224 3556 5275 Ἤκουσα
3599 5217 3700 5309 γὰρ
3727 5210 3806 5309 αὐῖ

573 5299 629 5384 in
661 5299 980 5394 solitudine,
1007 5344 1229 5387 manum
1253 5337 1439 5385 autem
1461 5344 1531 5384 ne
1557 5327 1857 5382 intuieritis
2004 5327 2156 5383 Dixit

2251 5320 2359 5374 τῶν
2406 5320 2701 5389 λεγόντωνο
2756 5314 3119 5388 Πορευθῶμεν
3172 5316 3249 5380 είς
3309 5313 3533 5382 Δοθαῖμ.
3572 5327 3591 5360 ›
3629 5300 3697 5360 Οὖ
3727 5299 3806 5355 καὶ

571 5429 755 5476 autem
808 5419 889 5473 sic
938 5428 1000 5473 ut
1043 5420 1284 5488 eriperet
1323 5434 1449 5474 eum
1501 5419 1570 5473 de
1618 5419 1875 5474 manibus
1938 5434 2152 5483 eorum,

2252 5415 2576 5487 ἀφιγμένος,
2606 5414 2885 5484 ἀδοκήτως
2908 5408 3320 5464 ἐπεϐουλεύετο.
3361 5406 3483 5459 Ἐπὶ
3506 5396 3691 5489 κίκιροὗ
3714 5393 3806 5489 τδρ

570 5518 627 5567 ct
679 5507 934 5564 redderet
989 5485 1306 5577 eum—patri
1340 5523 1440 5561 suo
1467 5507 1531 5561 “.
1567 5526 1584 5557 ι
1634 5508 1913 5563 Exuentcs
1970 5508 2155 5579 itaque

2255 5485 2444 5579 ὥσπερ
2469 5509 2497 5561 6
2525 5507 2716 5576 φθόνος
2743 5505 2805 5560 τὸ
2838 5504 3006 5558 πάλαι
3037 5501 3227 5557 δοκοῦν
3260 5486 3565 5571 εἰργάζετο.
3599 5485 3804 5579 Διαχρής

571 5601 770 5673 Joseph
832 5607 982 5654 veste
1057 5597 1246 5663 varia,
1320 5599 1662 5654 demiserunt
1722 5600 1777 5653 in
1837 5599 2154 5664 cisternam,

2257 5600 2456 5654 σασθαι
2506 5599 2604 5670 μὲν
2648 5593 2739 5652 οὖν
2790 5598 2869 5661 εἰς
2920 5595 3065 5650 ἅπαν
3118 5591 3427 5662 ἐπεθύμουν
3460 5584 3615 5643 αὑτὸν
3646 5582 3688 5631 οἱ
3715 5569 3806 5631 ἀπὺ

637 5786 680 5815 ⁶¹
711 5782 846 5839 Gen.
883 5799 1074 5853 xxxvii,
1108 5781 1253 5839 9-H.
1332 5784 1377 5815 ⁸³
1402 5783 1537 5838 Ibid.
1567 5784 1648 5838 l2.
1719 5786 1761 5815 "
1786 5784 1922 5839 ibid.
1951 5785 2031 5852 l3,
2080 5786 2160 5840 14.

1623 5787 1648 5838 i.
1719 5786 1761 5815 "
1786 5784 1922 5839 ibid.
1951 5785 2031 5852 l3,
2080 5786 2160 5840 il.
2244 5788 2288 5821 ⁸⁵
2313 5785 2450 5842 ibid.
2484 5786 2659 5839 15-17.
2722 5783 2929 5839 “ibid.
2965 5782 3147 5840 iii-22.
3210 5782 3216 5795 ’
