4034 6462
183 354 297 411 293
1235 353 1761 412 GLAPIIYRORUM
1800 356 1868 412 IN
1907 356 2209 414 GENESIM
2253 358 2380 414 LIB.
2428 360 2513 415 Vl.
3406 366 3506 423 ΞΜ

187 466 417 528 Βάλλας
463 481 522 518 τε
579 464 672 517 καὶ
720 464 933 534 Ζελφᾶς
983 463 1091 520 τῶν
1133 464 1515 537 θεραπαινῶν·
1565 467 1802 538 ἔφασκον

1909 486 2018 525 non
2049 481 2352 537 mortuum,
2378 473 2475 527 sed
2513 480 2574 526 ut
2611 472 2946 528 moriturum
2985 490 3096 530 non
3141 477 3315 531 multo
3355 487 3497 546 post.

193 558 306 628 γάρ
332 575 344 585 ·
390 577 411 608 ε
447 556 586 610 Ἰδοὺ
617 559 646 610 ὁ
679 557 1046 628 ἐνυπνιαστὴς
1079 557 1285 622 ἐκεῖνος
1314 558 1554 629 ἔρχεται.
1587 559 1700 612 Νῦν
1719 556 1802 613 οὖν

1915 560 2214 630 Postquam
2237 570 2422 616 autem
2449 562 2738 618 lsmaelita:
2761 563 2989 634 quidam
3011 573 3353 620 mercatores
3385 581 3504 620 aro-

183 651 377 713 δεῦτε,
416 651 842 721 ἀποκτείνωμεν
889 651 1073 715 αὑτὸν,
1111 651 1205 704 καὶ
1242 651 1491 722 ῥίψωμεν
1531 651 1692 706 αὑτὸν
1726 654 1802 720 ἐρ’

1914 662 2124 706 matnm
2151 653 2204 706 in
2229 653 2520 725 {Egyptum
2545 655 3053 726 proﬁciscerentur,
3075 658 3341 715 suadente
3365 658 3506 713 Juda

182 745 280 795 ἕνα
308 741 434 794 τῶν
466 741 713 805 λάκκων,
740 741 836 795 καὶ
868 740 1108 812 ἐροῦμεν
1133 759 1146 773 ο
1172 742 1376 813 Θηρίον
1408 744 1646 814 πονηρὸν
1675 762 1802 798 κατ-

1914 744 2126 815 (aperte
2169 746 2319 804 enim
2359 747 2636 801 clamabat
2686 764 2797 802 non
2837 748 3204 804 occidendum
3237 765 3361 805 esse
3399 749 3508 803 frn-

181 835 402 902 ἐφαγεν
448 835 648 888 αὐτόν’
702 835 798 888 καὶ
847 834 1094 904 ὀψόμεθα
1150 835 1204 888 τί
1255 834 1410 888 ἐσται
1463 835 1534 889 τά
1581 837 1802 890 ἐνύπνια

1912 837 2100 910 trem),
2134 838 2506 894 vendiderunt
2545 855 2674 894 eum
2713 842 3062 912 emptoribus
3087 842 3268 912 pretio
3310 842 3506 912 viginti

181 925 379 980 αὐτοῦ.
426 925 705 988 ’Δκούσας
733 925 790 978 δὲ
823 925 1100 996 Ῥουϐεὶμ,
1138 926 1374 993 ἐξείλετο
1412 925 1576 980 αὐτὸν
1607 929 1671 980 ἐκ
1698 927 1802 979 τῶν

1908 946 2227 996 aureorum,
2269 931 2604 1001 ablatusque
2661 942 2747 988 est
2800 936 2855 988 in
2914 935 3212 1006 Egyptum
3270 935 3501 1005 Ioseph.

189 1017 392 1090 χειρῶν
418 1017 635 1082 αὐτῶν,
661 1017 944 1085 λέγωνοοῦ
969 1015 1283 1088 πατάξομεν
1315 1017 1479 1070 αὐτὸν
1503 1018 1580 1078 είς
1605 1015 1802 1087 ψυχήν.

1908 1019 2104 1074 Ruben
2130 1035 2282 1085 vero,
2303 1020 2525 1090 ignarus
2546 1022 2710 1093 hujus
2726 1025 2828 1088 rei,
2849 1025 3159 1080 acccssitad
3181 1026 3502 1081 cisternam.

193 1107 329 1164 Εἷπε
359 1110 421 1164 δὲ
451 1109 940 1180 αὐτοῖςῬουσείμ·
973 1109 1065 1180 Μὴ
1095 1107 1327 1179 ἐκχέητε
1355 1102 1518 1180 αἷμα,
1555 1109 1802 1180 ἐμ6ἀ[λ]-

1905 1108 2042 1166 Cum
2069 1119 2253 1166 autem
2282 1112 2510 1167 fratrem
2547 1127 2657 1167 non
2697 1115 3027 1180 offenderet,
3057 1124 3339 1170 mortuum
3378 1132 3502 1172 cre-

189 1206 303 1258 λετε
348 1203 528 1258 αὑτὸν
577 1205 661 1266 είς
716 1203 813 1257 ἕνα
843 1203 952 1256 τῶν
996 1203 1219 1257 λάκκων
1267 1201 1472 1256 τούτων
1505 1203 1613 1256 τῶν
1647 1206 1706 1256 ἐν
1737 1205 1802 1274 τῇ

1905 1203 2066 1268 dens,
2097 1204 2249 1274 rupit
2285 1205 2613 1260 vestimenta
2649 1222 2769 1271 sua,
2798 1208 3167 1262 calumniatur
3203 1208 3403 1264 fratres
3435 1209 3504 1264 de

185 1300 405 1369 ἐρήμῳ,
449 1299 618 1369 χεῖρα
652 1296 710 1350 δὲ
761 1297 837 1367 μὴ
868 1296 1204 1366 ἐπενέγκητε
1253 1295 1424 1366 αὐτῷ.
1461 1291 1602 1350 Εἷπε
1635 1296 1691 1348 δέ
1714 1293 1805 1348 οῦ-

181 1409 314 1452 τως,
336 1391 502 1452 ὅπως
527 1388 788 1461 ἐξέληται
811 1388 978 1442 αὐτὸν
1011 1390 1074 1441 ἐκ
1105 1387 1215 1442 τῶν
1244 1387 1447 1459 χειρῶν
1476 1387 1678 1450 αὐτῶν,
1707 1387 1802 1440 καὶ

179 1479 372 1549 ἀποδῴ
417 1480 594 1532 αὐτὸν
629 1478 710 1550 τῷ
751 1479 923 1550 πατρὶ
962 1478 1148 1532 αὑτοῦ.
1191 1498 1211 1530 ι
1247 1479 1352 1532 Τὸν
1384 1478 1585 1550 χιτῶνα
1617 1478 1682 1550 δὴ
1709 1475 1802 1532 οῦν

177 1571 525 1640 ἀφελόμενοι
584 1572 678 1624 τὸν
731 1571 1002 1630 ποικίλον.
1061 1570 1325 1624 καθίεσαν
1371 1573 1454 1634 είς
1500 1569 1701 1624 λάκκον
1738 1571 1798 1623 οὐ

177 1664 466 1717 τεθνεῶτα
508 1667 606 1718 τὸν
675 1663 896 1735 Ἰωσὴφ,
960 1662 1102 1735 πλὴν
1146 1662 1220 1727 ὡς
1270 1664 1662 1734 τεθνηξόμενον
1705 1663 1801 1716 καὶ

176 1756 283 1808 οὐκ
317 1758 402 1820 εἰς
429 1756 686 1827 μακράν.
736 1755 958 1828 Ἐπειδὴ
981 1756 1038 1809 δὲ
1075 1755 1420 1827 Ἰσμαηλῖταί
1449 1773 1614 1822 τινες,
1651 1757 1798 1827 ἀρωο

1902 1293 2165 1362 Josepho,
2203 1294 2435 1350 dicens:
2469 1314 2488 1346 ι
2517 1296 2663 1350 Puer
2704 1312 2814 1350 non
2855 1306 2940 1352 est
2984 1297 3041 1352 in
3085 1298 3364 1365 cisterna;
3401 1314 3504 1368 ego

1904 1390 2088 1437 autem
2115 1399 2226 1452 quo
2255 1383 2348 1438 ibo
2371 1383 2553 1440 adhuc
2576 1385 2657 1438 ‘7?
2693 1404 2711 1436 ι
2743 1386 2822 1440 Ac
2849 1387 2897 1441 si
2922 1387 3135 1443 diceret
3161 1405 3174 1440 ε
3200 1386 3320 1454 Quo
3344 1400 3504 1458 pacto

1908 1473 2071 1546 184
2098 1485 2346 1530 revertar
2378 1475 2446 1530 ad
2481 1485 2716 1546 patrem,
2744 1487 2840 1532 aut
2870 1495 2982 1548 quo
3015 1488 3177 1548 pacto
3203 1481 3430 1534 omnino
3458 1482 3505 1536 is

1903 1581 2005 1622 nos
2031 1566 2307 1632 admittet,
2337 1568 2547 1639 absque
2582 1570 2702 1638 ejus
2729 1569 2932 1624 dilecto
2957 1570 3106 1625 ﬁlio?
3138 1569 3280 1636 Quid
3318 1580 3504 1627 autem

1902 1659 2150 1715 dicemus
2179 1661 2230 1716 ei
2267 1676 2500 1731 puerum
2539 1663 2848 1732 repetenti?
2880 1663 2986 1732 Ipsi
3011 1679 3144 1718 vero
3168 1673 3376 1718 vestem
3405 1680 3501 1718 va-

1902 1750 2039 1804 riam
2065 1750 2332 1822 sanguine
2356 1752 2584 1822 caprino
2619 1754 2953 1822 polluentes,
2979 1754 3304 1810 obtulerunt
3328 1756 3497 1826 patri,

183 1851 378 1919 μάτων
409 1849 685 1921 ἔμποροι,
745 1848 886 1918 πρὸς
947 1849 1046 1920 τὴν
1106 1849 1422 1917 Αἰγυπτίων
1484 1849 1797 1919 ἠπείγοντο,

1904 1841 2285 1898 fraudulenter
2308 1843 2589 1910 acdolose,
2605 1845 2795 1900 ebrios
2813 1861 3101 1901 sermones
3125 1847 3498 1902 commentiti.

183 1941 671 2014 συμϐουλεύοντος
712 1941 887 1996 Ἰούδα
931 1940 1032 2013 (μὴ
1061 1941 1169 2012 γὰρ
1201 1941 1266 2014 δὴ
1301 1941 1501 2012 χρῆναι
1531 1941 1800 1994 διολλύναι

183 2037 276 2089 τὸν
306 2034 545 2102 ἀδελφὸν
586 2035 957 2104 ἀνεκεκράγει
993 2032 1226 2105 σαφῶς).
1281 2033 1802 2106 ἀπημπολήκασιτὺ

195 2128 481 2198 μειράκιον
515 2124 926 2196 καταθεμένοις
959 2125 1102 2197 ὑπὲρ
1129 2124 1295 2180 αὑτοῦ
1325 2129 1436 2189 τοῖς
1466 2124 1800 2197 ἐκπρίασθαι

189 2220 563 2290 βουληθεῖσιν,
620 2219 796 2272 εἴκοσι
841 2217 1101 2290 χρυσοῦς.
1161 2218 1272 2272 Καὶ
1318 2218 1664 2290 ἀπεκομίσθη
1699 2217 1800 2288 μὲν

183 2318 263 2378 είς
301 2317 598 2383 Αἴγυπτον
651 2313 872 2383 Ἰωσήφ.
913 2311 1172 2382 Ῥονϐεἱμ
1202 2311 1261 2365 δὲ
1293 2311 1454 2366 πάλιν
1481 2312 1542 2365 τὸ
1577 2312 1800 2381 γεγονὸς

179 2409 281 2460 οὐκ
318 2407 511 2470 εἰδὼς,
564 2406 803 2476 ἀφίκετο
832 2405 931 2475 μὲν
972 2405 1065 2459 ἐπὶ
1104 2403 1202 2457 τὸν
1235 2404 1454 2458 λάκκον.
1500 2404 1722 2476 Ἐπειδὴ
1744 2404 1801 2458 δὲ

180 2500 241 2553 τὸ
279 2500 587 2572 παιδάριον
621 2499 683 2552 οὐ
721 2497 996 2562 τεθέαται,
1040 2495 1516 2552 κεκινδυνευκέναι
1547 2497 1797 2568 νομίσας,

183 2595 610 2664 περιρρήγνυσι
665 2592 766 2663 μὲν
829 2590 891 2644 τὸ
948 2589 1186 2661 ίμάτιον,
1241 2588 1523 2661 ἐπίκλημα
1575 2589 1633 2643 δὲ
1688 2592 1802 2654 τοῖς

181 2683 370 2748 ἄλλοις
406 2685 659 2738 ἐποιεῖτο
698 2681 792 2736 τδν
827 2682 1046 2753 Ἰωσὴφ,
1088 2680 1232 2736 οὕτω
1259 2681 1464 2751 λέγων·
1497 2699 1515 2733 ι
1572 2681 1647 2734 Τὸ
1675 2699 1803 2736 παι-

181 2776 377 2848 δάριον
423 2777 532 2830 οὐκ
579 2775 758 2829 ἔστιν’
811 2773 927 2843 ἐγὼ
960 2773 1019 2828 δὲ
1075 2771 1181 2827 ποῦ
1235 2772 1576 2846 πορεύσομαι
1618 2772 1730 2841 Eu;
1776 2791 1796 2826 ι

183 2869 502 2940 Μονονουχὶ
561 2867 672 2938 γάρ
709 2883 880 2938 φησιο
933 2866 1061 2930 Πῶς
1098 2865 1164 2920 ἂν
1203 2865 1611 2937 ὑποστρέψαιμι
1665 2865 1803 2937 πρὸς

181 2961 273 3014 τὸν
315 2961 572 3030 πατέρα,
608 2959 640 3030 ἢ
667 2959 787 3022 πῶς
807 2958 874 3013 ἂν
901 2958 1038 3023 ὅλως
1065 2956 1425 3030 προσδέξαιτο
1456 2957 1548 3010 τὸν
1579 2960 1801 3028 ἠγαπη-

182 3055 354 3122 μένον
387 3053 497 3106 οὐκ
523 3051 752 3122 ἔχοντας
775 3067 790 3117 ;
817 3051 870 3104 τί
901 3051 956 3104 δὲ
981 3050 1046 3123 δὴ
1078 3052 1174 3104 καὶ
1203 3049 1440 3121 ἐροῦμεν
1477 3049 1800 3103 ἀπαιτοῦντι

179 3149 256 3218 τῷ
282 3149 468 3220 πατρὶ
485 3147 552 3201 τὸ
575 3145 868 3216 παιδάριον
888 3163 904 3213 ;
935 3147 996 3199 Οί
1015 3144 1072 3198 δὲ
1093 3145 1184 3198 τὸν
1214 3143 1418 3216 χιτῶνα
1440 3143 1531 3196 τὸν
1559 3142 1803 3196 ποικίλον

1903 1932 2226 1998 Hancenim
2251 1935 2587 2000 invenimus,
2617 1937 2772 1991 aiunt
2801 1956 2812 1990 :
2848 1956 2864 1988 ι
2902 1952 3091 2002 nosce,
3119 1938 3166 1992 si
3194 1937 3380 1994 tunica
3403 1937 3502 1992 ﬁlii

1901 2023 1982 2077 tui
2019 2031 2124 2087 est,
2175 2039 2242 2078 an
2282 2039 2396 2078 non
2419 2022 2487 2078 ⁸⁸.
2529 2044 2547 2075 ι
2585 2024 2770 2080 Plorat
2813 2033 3001 2080 autem
3041 2035 3219 2096 pater,
3250 2027 3501 2082 invidia:-

1901 2129 2009 2183 qne
2042 2113 2283 2169 ﬁliorum
2318 2122 2376 2169 et
2413 2115 2709 2185 impiorum
2749 2117 3109 2172 consiliorum
3147 2119 3356 2175 inscius
3387 2120 3501 2176 cla-

1902 2205 2074 2261 mavit
2119 2205 2311 2260 dicens
2349 2223 2362 2261 :
2397 2225 2414 2257 ι
2454 2206 2593 2262 Fera
2631 2208 2774 2262 mala
2812 2208 3100 2264 devoravit
3138 2211 3342 2281 Ioseph
3371 2212 3447 2277 ⁶⁹;
3479 2232 3498 2261 ν

1901 2296 2333 2366 maestitiamque
2364 2296 2436 2350 ob
2465 2295 2563 2352 filii
2592 2298 2680 2352 sui
2711 2298 3084 2353 calamitatem
3115 2299 3254 2354 adeo
3275 2315 3504 2370 gravem

1901 2387 2179 2458 concepit,
2206 2396 2267 2442 ut
2293 2388 2443 2444 nulla
2466 2389 2680 2445 ratione
2708 2390 2882 2460 sopiri
2907 2400 3002 2446 aut
3025 2391 3262 2463 mitigari
3293 2402 3500 2464 posset.

1910 2497 1929 2534 ι
1963 2479 2154 2548 Neque
2176 2479 2325 2534 enim
2350 2479 2592 2545 volebat,
2619 2481 2821 2552 inquit,
2846 2481 3140 2538 admittere
3165 2484 3512 2540 consolatio—_

1901 2583 2055 2634 nem,
2103 2569 2297 2626 dicens
2325 2589 2336 2624 :
2364 2569 2507 2638 Quia
2545 2571 2877 2627 descendam
2903 2574 2970 2629 ad
3012 2573 3187 2630 ﬁlium
3207 2590 3392 2630 meum
3423 2575 3506 2629 lu-

1902 2677 2039 2733 gens
2056 2661 2486 2717 ininfernum".
2513 2683 2530 2714 ι
2555 2663 2826 2720 Perducto
2852 2666 3036 2735 itaque
3048 2667 3115 2720 ad
3136 2666 3301 2721 ﬁnem
3325 2667 3503 2722 histo-

1903 2753 1999 2809 ria:
2023 2760 2199 2820 textu,
2229 2771 2387 2812 mens
2413 2771 2608 2811 rursus
2635 2757 2702 2811 ad
2733 2758 3056 2813 interiorem
3097 2759 3504 2830 indagationem

1905 2859 1965 2900 se
2026 2844 2323 2901 conferet:
2366 2863 2430 2902 ac
2496 2847 2668 2903 veluti
2732 2847 2944 2904 umbris
3001 2849 3337 2919 quibusdam
3372 2865 3502 2906 sen-

1905 2934 2134 2999 sualiter
2192 2936 2374 2999 factis,
2426 2937 2612 2992 vivum
2645 2939 2897 2994 veritatis
2931 2942 3174 2996 colorem
3209 2940 3503 3006 inducens,

1905 3028 2086 3097 quoad
2109 3029 2230 3100 ejus
2267 3027 2386 3082 ﬁeri
2427 3028 2651 3099 poterit,
2689 3030 3204 3099 prastantissimam
3243 3032 3504 3102 spiritua-

1905 3119 1976 3174 lis
1994 3120 2479 3192 contemplationis
2502 3121 2978 3190 pulchritudinem
3003 3122 3074 3177 ob
3102 3123 3294 3178 oculos
3314 3133 3502 3194 ponet.

177 3245 342 3312 αἰγὸς
384 3242 590 3312 αἵματι
614 3240 1069 3303 καταδεύσαντες,
1101 3237 1496 3312 προσεκόμιζον
1529 3237 1606 3308 τῷ
1646 3237 1846 3308 πατρὶ,
1885 3237 2023 3308 δόλῳ
2052 3238 2148 3292 καὶ⁸
2175 3238 2362 3310 ἀπάτῃ
2388 3238 2690 3310 μεθύοντας
2713 3239 3001 3306 συνθέντες
3041 3240 3253 3310 λόγους.
3299 3239 3502 3294 Τοῦτον

177 3341 290 3412 γαρ
325 3339 607 3411 εὕρομεν,
657 3336 861 3406 φασίνς
918 3330 1182 3405 ἐπίγνωθι
1242 3338 1291 3389 εί
1347 3333 1514 3405 χιτὼν
1553 3332 1649 3387 τοῦ
1680 3331 1799 3386 υίοῦ
1841 3331 1934 3386 σού
1969 3335 2118 3386 ἐστιν
2173 3333 2206 3404 ἢ
2241 3332 2324 3388 οῦ.
2380 3352 2398 3385 ι
2448 3333 2798 3406 Κατοιμώζει
2861 3335 2917 3388 δέ
2950 3337 2978 3388 ὁ
3010 3335 3213 3405 πατὴρ,
3243 3334 3338 3389 καὶ
3365 3334 3508 3403 τάχα

179 3453 282 3488 που
315 3433 429 3503 τῆς
451 3431 568 3485 τῶν
593 3431 729 3485 υἱῶν
751 3429 1075 3500 βασκανίας,
1099 3432 1194 3484 καὶ
1249 3430 1482 3484 ἀνοσίων
1540 3431 1876 3500 σκεμμάτων
1909 3429 2333 3500 κατεκεκράγει,
2374 3428 2584 3498 λέγων·
2628 3449 2646 3482 ι
2693 3430 2895 3500 Θηρίον
2948 3431 3185 3502 πονηρὸν
3229 3429 3507 3499 κατέφαγε

178 3525 272 3576 τὸν
317 3523 561 3592 Ἰωσήφ.
598 3539 617 3572 ι
661 3519 1036 3575 Δυσεύναστόν
1062 3538 1122 3575 τε
1152 3520 1249 3576 καὶ
1277 3520 1635 3592 ἀνουθέτητον
1661 3519 1964 3584 παντελῶς,
1988 3521 2084 3574 καὶ
2106 3521 2198 3574 ἐπὶ
2227 3523 2292 3591 τῇ
2341 3519 2432 3574 τοῦ
2499 3520 2689 3585 παιδὸς
2751 3523 3008 3594 συμφορᾷ
3069 3523 3168 3593 τὴν
3202 3521 3509 3590 δυσθυμίαν

179 3615 434 3686 ἐδέχετο.
468 3631 488 3666 ι
519 3613 598 3668 Οὐ
621 3611 731 3682 γὰρ
757 3611 939 3683 ἦθελε,
972 3611 1126 3683 φησι,
1155 3610 1580 3683 παρακληθῆναι
1603 3610 1796 3677 λέγων,
1840 3611 1919 3665 ὅτι
1949 3611 2351 3683 Κατασήσομαι
2380 3610 2518 3680 πρὸς
2539 3609 2629 3673 τὸν
2651 3611 2766 3666 υἱόν
2791 3629 2890 3683 μου
2913 3611 3127 3666 πενθῶν
3185 3614 3266 3676 είς
3303 3613 3451 3685 ᾅδου.
3486 3635 3501 3663 ι

193 3706 619 3778 Ἔκίεὸηκάτος
655 3705 721 3776 δὴ
751 3699 846 3757 οὖν
884 3705 965 3768 είς
991 3703 1168 3776 πέρας
1188 3703 1284 3758 τοῦ
1313 3705 1412 3775 τῆς
1452 3705 1693 3776 ἱστορίας
1731 3704 1912 3773 λόγου,
1959 3706 2348 3777 μετοιχήσεται
2420 3704 2584 3760 πάλιν
2625 3706 2653 3758 ὁ
2719 3705 2846 3771 νοῦς
2913 3706 3025 3759 τῶν
3073 3707 3332 3760 ἐσωτάτω
3372 3709 3508 3780 πρὸς

185 3807 450 3872 ἔρευναν.
478 3801 596 3855 Καὶ
616 3795 708 3853 οἶά
741 3816 848 3854 τισι
875 3799 1052 3861 σκιαῖς
1080 3800 1194 3861 τοῖς
1214 3797 1487 3869 αἰσθητῶς
1525 3798 1806 3867 γεγονόσιν
1844 3798 2304 3869 ἐπιχρωματίζων
2349 3799 2448 3870 τὴν
2495 3797 2780 3870 ἀλήθειαν,
2850 3798 3127 3870 εὐπρεπὲς
3198 3799 3274 3862 ῶς
3320 3799 3398 3852 ἐνι
3451 3800 3510 3853 τὸ

181 3898 286 3968 τῆς
314 3892 570 3964 θεωρίας
598 3889 978 3962 ἀπεργάζεται
1010 3888 1224 3952 κάλλος.

256 3994 333 4057 τ’.
378 3985 590 4038 Τέτοκε
617 3984 799 4036 τοίνυν
827 3981 919 4034 τὸν
951 3981 1151 4057 Ἰωσὴφ
1180 3982 1213 4052 ἡ
1241 3980 1482 4054 νεωτέρα
1519 3982 1740 4054 Ῥαχὴλ,
1771 3983 1802 4053 ἡ

1978 3978 2032 4032 5.
2076 3977 2299 4047 Peperit
2347 3978 2532 4048 itaque
2572 3975 2873 4046 Josephum
2904 3973 3096 4046 junior
3138 3974 3342 4030 Rachel
3381 3974 3507 4045 pul-

188 4055 336 4149 κα.λὴ
364 4077 450 4148 τῷ
485 4076 645 4140 εῖδει,
684 4073 779 4128 καὶ
818 4055 1101 4146 λαμπραῖς
1144 4073 1410 4146 ὀμμάτων
1455 4074 1636 4146 βολαῖς
1666 4075 1802 4128 ἀπο-

1907 4069 2040 4125 chra
2082 4078 2346 4140 aspectu,
2389 4077 2444 4122 et
2491 4066 2798 4139 splendidis
2840 4065 3130 4120 oculorum
3175 4064 3348 4120 radiis
3389 4080 3512 4136 gra-

188 4170 501 4225 στίλὸουσα
543 4167 607 4221 τὸ
648 4166 909 4238 ἐπίχαριο
968 4165 1148 4220 καίτοι
1193 4165 1298 4236 τῆς
1340 4165 1506 4229 Λείας
1545 4166 1644 4237 οὐχ
1703 4156 1802 4218 ὧδε

1907 4164 2041 4217 tiam
2089 4163 2358 4232 spirans:
2402 4160 2498 4214 Lia
2550 4176 2686 4214 vero
2744 4175 2854 4213 non
2906 4158 3060 4212 it‘em.
3099 4157 3379 4229 Scriptum
3426 4168 3511 4215 est

184 4263 459 4335 ἐχούσης.
500 4260 708 4323 Πάθεν;
741 4257 1058 4328 Γέγραπται
1089 4255 1221 4326 γάρ,
1255 4255 1338 4309 ὅτι
1372 4257 1421 4310 οἱ
1455 4257 1555 4326 μὲν
1598 4274 1616 4308 ι
1673 4257 1803 4324 Ὀφ-

185 4355 403 4424 θαλμοὶ
438 4350 612 4414 Λείας
641 4348 926 4410 ἀσθενεῖς’
979 4345 1181 4418 Ῥαχὴλ
1206 4346 1262 4400 δὲ
1283 4341 1352 4417 ἦν
1383 4345 1520 4417 καλὴ
1561 4345 1638 4418 τῷ
1675 4346 1805 4398 εἴδει

184 4449 290 4504 καὶ
314 4445 509 4517 ὡραία
532 4446 600 4514 τῇ
629 4441 753 4510 ὄψει
778 4439 1006 4512 σφόδρα.
1048 4457 1067 4491 ι
1109 4439 1269 4493 Ἀλλὰ
1290 4439 1456 4493 Λείαν
1492 4438 1590 4509 μὲν
1619 4437 1805 4506 ἐλέγο-

187 4555 298 4611 μεν
331 4537 438 4608 τὴν
485 4531 597 4586 τῶν
637 4530 911 4585 Ἰουδαίων
955 4529 1190 4600 μητέρα,
1213 4529 1486 4595 τουτέστι,
1527 4529 1628 4600 τὴν
1671 4528 1805 4580 Συν-

186 4629 433 4700 αγωγήν
455 4643 470 4657 ο
504 4626 606 4688 τὰς
642 4623 735 4678 ἐπὶ
759 4622 938 4693 τούτῳ
979 4623 1203 4686 πίστεις
1235 4621 1587 4690 συλλέγοντες
1617 4619 1727 4674 ἀπό
1747 4635 1805 4673 τε

186 4722 306 4775 τῶν
353 4715 664 4788 ὀφθαλμῶν
717 4715 814 4768 καὶ
863 4713 966 4783 τῆς
1017 4711 1113 4766 τοῦ
1163 4712 1429 4782 ὀνόματος
1484 4709 1802 4782 ἑρμηνείας.

203 4791 490 4880 ἰὶκαλλὴς
519 4807 629 4879 γάρ
658 4806 829 4868 ὅντως
855 4805 950 4858 καὶ
981 4805 1118 4860 πολὺ
1157 4803 1391 4858 νοσοῦσα
1413 4803 1476 4856 τὸ
1499 4804 1804 4875 ἄρρωστον,

194 4906 229 4974 η
298 4904 417 4956 ἔσω
460 4917 526 4952 τε
569 4898 665 4952 καὶ
711 4899 794 4962 εἰς
835 4895 960 4953 νοῦν
1002 4896 1192 4968 ὅρασις
1232 4895 1332 4967 τῆς
1375 4895 1646 4950 Ἰουδαίων
1670 4898 1806 4950 Συνο-

195 4993 449 5064 αγωγῆς.
494 5009 513 5040 ι
540 4989 844 5059 Ὀφθαλμοὶ
875 4988 983 5060 γὰρ
1016 4989 1219 5053 αὐτοῖς,
1247 4988 1342 5041 καὶ
1374 4989 1436 5042 οὐ
1462 4987 1743 5058 βλέπουσι,
1783 5009 1802 5042 ι

196 5094 342 5140 κατὰ
367 5087 472 5156 τὴν
499 5082 594 5137 τοῦ
631 5084 915 5153 προφήτου
957 5083 1164 5152 φωνήν.
1192 5082 1266 5134 Οὐ
1291 5082 1402 5152 γὰρ
1430 5081 1704 5149 ἐγνώκασι
1742 5085 1808 5136 τὰ

195 5181 474 5240 Μωσέως,
504 5175 631 5230 οῦτε
675 5175 784 5246 μὴν
831 5174 1122 5243 γεγόνασιν
1160 5167 1262 5226 οἷοί
1305 5190 1364 5225 τε
1400 5174 1694 5245 καταθρείν
1740 5175 1808 5228 τά

199 5272 251 5323 ἐν
277 5269 434 5341 αὐτῷ
481 5269 782 5340 μυστήρια,
805 5267 871 5320 δι’
895 5262 970 5319 ὧν
1011 5265 1366 5338 πολυτρόπως
1395 5267 1424 5319 ὁ
1459 5266 1807 5338 Ἐμμανουὴλ

199 5362 607 5434 κατεγράφετο.
653 5357 1048 5430 Ἐρμηνεύεται
1085 5357 1141 5410 δὲ
1162 5357 1317 5421 Λεία,
1345 5356 1637 5421 κοπιῶσα,
1663 5359 1806 5414 καθὰ

202 5453 288 5505 κιὶ
340 5455 401 5505 ἐν
462 5451 676 5522 ἑτέροις
722 5451 1049 5521 είρήκαμεν.
1099 5449 1416 5525 Κεκοπίακε
1470 5449 1649 5520 γάρή
1696 5452 1805 5505 τῶν

211 5543 489 5597 Ἰουδαίων
528 5541 851 5613 Συναγωγή,
879 5541 1048 5613 βραδὺ
1074 5543 1167 5596 καὶ⁵
1205 5541 1486 5595 δύσοιστον
1515 5542 1676 5613 ἄχθος
1715 5545 1806 5597 τὸν

199 5634 281 5688 διὰ
325 5634 584 5697 Μωσέως
628 5632 828 5704 ἔχουσα
854 5633 1039 5704 νόμον.
1076 5633 1367 5704 Τοιγάρτοι
1393 5636 1486 5687 καὶ
1508 5637 1535 5688 ὁ
1569 5637 1804 5707 Χριστὸς

267 5750 310 5778 ⁸⁷
344 5748 492 5804 Gen.
546 5765 746 5814 xxxv",
779 5749 882 5814 ἓξ),
933 5749 1020 5804 50.
1130 5747 1174 5780 ⁸⁸
1199 5748 1337 5804 Ibid.
1381 5749 1471 5805 52.

203 5819 404 5876 Jerem.
439 5838 492 5887 v,
527 5819 617 5874 Ἡ.

1570 5751 1615 5782 ⁶⁹
1656 5751 1794 5807 Ibid.
1835 5753 1923 5807 55.

1907 4255 2057 4309 enim
2102 4255 2252 4324 quod
2286 4273 2303 4306 ι
2335 4253 2482 4308 oculi
2519 4253 2629 4307 Lia:
2666 4251 2893 4306 inﬁrmi.
2924 4249 3132 4306 Rachel
3173 4259 3360 4305 autem
3389 4259 3509 4303 erat

1907 4349 2142 4420 pulchra
2192 4357 2420 4418 aspectu
2464 4353 2521 4402 et
2546 4345 2785 4400 formosa
2824 4344 2963 4399 faeie
2997 4343 3157 4398 valde
3181 4345 3248 4396 ⁷¹.
3281 4362 3300 4394 ι
3341 4342 3508 4413 Atqui

1911 4439 2068 4495 Liam
2095 4438 2339 4494 diximus
2366 4436 2822 4492 esseJudaeorum
2843 4439 3096 4498 matrem,
3120 4433 3227 4487 hoc
3252 4439 3338 4488 est
3367 4431 3509 4504 Syn«

1909 4548 2171 4605 agogam;
2232 4531 2618 4603 probationem
2646 4529 2813 4599 hujus
2846 4526 2926 4582 rei
2961 4533 3246 4581 sumentes
3270 4524 3340 4580 ab
3371 4539 3506 4579 ocu-

1907 4626 2000 4690 lis,
2032 4634 2091 4681 et
2131 4639 2162 4680 a
2207 4622 2452 4678 nominis
2504 4620 2987 4692 interpretatione.
3044 4617 3318 4674 Deformis
3360 4619 3510 4674 enim

1909 4734 2125 4784 revera,
2154 4718 2438 4788 multaque
2469 4714 2788 4770 inﬁrmitate
2811 4714 3026 4768 laborat
3059 4712 3315 4779 interior,
3343 4720 3512 4783 atque
3586 4781 3594 4793 ’

1909 4810 1979 4866 ad
2017 4819 2261 4866 mentem
2309 4809 2598 4880 pertinens
2643 4806 2960 4862 Iudaeorum
3008 4804 3307 4876 Synagogze
3349 4818 3511 4874 aspe-

1910 4912 2053 4960 ctus.
2101 4922 2119 4954 ι
2153 4901 2356 4959 Oculos
2387 4900 2536 4957 enim
2574 4899 2812 4963 habent,
2837 4905 2893 4951 et
2918 4912 3029 4950 non
3059 4897 3267 4960 vident,
3301 4914 3319 4945 ι
3356 4895 3513 4964 juxta

1909 4994 2196 5066 prophetae
2253 5007 2446 5048 vocem
2473 4992 2540 5044 τ’.
2583 4989 2773 5058 Neque
2823 4987 2972 5041 enim
3022 4990 3401 5054 cognoverunt
3448 4998 3512 5038 ea

1910 5103 2035 5158 quae
2062 5102 2093 5140 a
2121 5086 2269 5140 Mose
2303 5085 2508 5154 scripta
2543 5089 2692 5144 sunt,
2720 5094 2900 5147 neque
2928 5091 3090 5146 pares
3122 5075 3351 5130 fuerunt
3382 5089 3512 5129 eon-

1911 5177 2221 5235 sidcrandis
2243 5175 2524 5248 mysteriis
2569 5188 2690 5242 quae
2724 5171 2780 5224 in
2812 5170 2945 5239 ipsis
2977 5167 3357 5231 continentur,
3412 5183 3514 5238 per

1912 5289 2034 5344 qua:
2072 5269 2428 5326 multifariam
2463 5265 2790 5323 Emmanuel
2825 5263 3183 5318 describitur.
3227 5261 3513 5333 Interpre-

1843 5339 1883 5394 ί)
1912 5339 2064 5422 tatur
2117 5371 2301 5418 autem
2348 5361 2476 5425 Lia,
2525 5359 2796 5420 laborans,
2833 5353 3299 5426 quemadmodum
3344 5355 3512 5410 etiam

1913 5459 2038 5514 aliis
2083 5457 2137 5511 in
2190 5455 2328 5510 locis
2365 5453 2624 5509 diximus.
2658 5449 2954 5506 Laboravit
3003 5450 3149 5504 enim
3193 5449 3512 5505 Iudaeorum

1913 5547 2198 5620 Synagoga
2235 5544 2386 5616 gravi
2417 5552 2582 5612 atque
2615 5539 2951 5596 intolerabili
2989 5555 3177 5606 onere,
3207 5540 3381 5610 legem
3415 5551 3510 5606 per

1912 5640 2101 5695 Mosen
2135 5637 2438 5693 sustinens.
2472 5635 2684 5691 Idcirco
2708 5633 2878 5688 etiam
2901 5631 3157 5687 Christus
3181 5640 3239 5684 ut
3261 5629 3509 5684 laboran-

2003 5755 2048 5786 "°
2078 5753 2214 5808 Ibid.
2246 5751 2334 5807 35.
2411 5752 2453 5784 '“
2483 5751 2619 5808 Gen.
2646 5765 2784 5815 xm,
2823 5749 2906 5804 l7.
2986 5748 3029 5778 τί
3071 5744 3213 5801 Psal.
3255 5753 3403 5806 cxnt,
3445 5738 3510 5812 ὗς
