4034 6466
226 436 304 495 2θῖ
1209 427 1741 484 GLAPHYRORLM
1783 427 1848 482 ΙΝ
1891 425 2194 482 GENESIM
2237 426 2366 481 LIB.
2407 425 2494 481 Vl.

3407 429 3516 487 398

226 558 303 615 τοῦ
342 557 615 626 γεγονόσιν
665 552 1041 618 ἀνάπτοντες,
1087 545 1200 606 οἷον
1233 553 1409 624 Maiam
1460 552 1559 604 καὶ
1594 551 1804 623 προφή.

1910 549 2066 605 ﬁcari
2096 549 2560 605 existimabimus.
2596 549 2885 605 Describet
2913 549 3063 606 enim
3095 553 3259 609 nobis
3279 552 3512 612 fortasse

223 667 358 716 ταις·
383 643 836 711 ἐκϐασανίζοντες
861 644 918 699 δὲ
947 645 1056 698 τῶν
1087 645 1498 716 γεγραμμένων
1525 645 1624 714 τὴν
1639 642 1800 696 δύνα-

226 764 319 818 μιν,
346 739 639 814 οἰησόμεθα
663 757 716 793 τι
755 741 849 794 καὶ
874 739 1063 812 ἕτερον
1086 738 1185 792 διᾶι-
1222 737 1417 792 τούτου
1447 736 1802 808 κατασημαί-

222 839 400 893 νεσθαι.
441 832 806 905 Καταγράψει
858 833 967 904 γάρ
1007 849 1126 897 πως
1180 834 1314 902 ἡμῖν
1357 831 1454 884 καὶ
1499 831 1631 883 αὐτὸ
1659 831 1800 900 τάχα

223 953 303 990 που
333 934 428 1004 τῆς
464 931 605 1003 μετὰ
634 929 839 1002 σαρκὸς
866 929 1182 1000 οἰκονομίας
1211 928 1274 980 τὸ
1300 926 1437 998 βαθὺ
1475 927 1796 997 μυστήριον,

1910 642 2310 698 incarnationis
2343 643 2515 698 altum
2552 643 2877 715 mysterium
2905 645 3071 701 etiam
3105 662 3379 704 annorum
3409 665 3514 705 nu-

1910 751 2116 790 merus.
2164 735 2223 790 ld
2274 737 2438 791 modo
2483 736 2672 806 aliquo
2724 737 2950 808 planum
2992 739 3196 807 facere,
3242 751 3513 814 quantum

1908 830 2059 894 licet,
2101 829 2450 895 conabimur,
2492 838 2554 884 ut
2584 831 2755 887 etiam
2793 833 2850 887 in
2897 834 3023 891 aliis
3061 835 3307 893 diximus
3350 837 3512 906 locis,

1909 939 2181 996 quantum
2217 925 2592 980 commemini.

227 1032 295 1085 iu".
324 1032 350 1083 6
376 1027 481 1082 τῶν
511 1026 647 1080 ἐτῶν
680 1025 938 1099 ἀριθμός.
976 1026 1089 1078 Καὶ
1116 1023 1243 1078 τίνα
1296 1023 1360 1094 δὴ
1392 1023 1617 1097 τρόπον,
1660 1023 1986 1093 διατρανοῦν
2030 1022 2107 1086 ὡς
2155 1023 2233 1074 Ενι
2275 1022 2646 1093 πειράσομαιο
2704 1024 2782 1088 ὼς
2829 1026 2937 1098 γὰρ
3007 1026 3146 1100 {grav
3184 1030 3286 1102 ἤδη
3328 1033 3422 1084 καὶ
3457 1033 3546 1084 ὲν;

227 1124 415 1194 ἑτέροις·
451 1120 810 1191 μεμνήσομαι
835 1117 965 1190 γάρ.

275 1216 324 1269 δ’.
371 1211 531 1276 Ἐθος
562 1213 628 1282 τῇ
662 1209 784 1283 θείᾳ
821 1208 1040 1281 Γραφῇ,
1091 1207 1220 1272 τοὺς
1250 1206 1444 1262 ἀνόπιν
1488 1205 1666 1267 ἰόντας
1693 1204 1803 1259 τῶν

222 1302 456 1377 ἀριθμῶν,
506 1299 650 1372 μετὰ
693 1300 794 1368 τὴν
825 1299 1011 1360 αὐτοῖς
1046 1297 1394 1367 τεταγμένην
1428 1293 1798 1365 ἐκπλήρωσιν,

219 1397 524 1466 τελειότητος
589 1391 869 1446 ποιεῖσθαι
909 1390 1179 1462 σύμϐολα.
1236 1384 1365 1442 Οἷόν
1397 1388 1449 1441 τί
1489 1403 1666 1458 φημι·
1696 1386 1802 1439 Τὸν

217 1492 326 1544 δέκα
355 1490 506 1559 εἴπερ
543 1503 634 1549 τις
666 1486 1118 1557 ἁναμετρήσαιτο
1139 1484 1234 1536 καὶ
1262 1481 1624 1554 ὕπερτρέχειν
1659 1479 1799 1533 ζέλοι-

215 1605 282 1652 το,
317 1583 466 1638 πάλιν
503 1582 568 1633 ὲκ
621 1580 849 1652 μονάδος
904 1577 1152 1650 ἄρξεται,
1193 1577 1447 1648 καθάπερ
1505 1577 1586 1639 εἰς
1646 1576 1800 1638 τέλος

217 1680 457 1751 κατσίρων
480 1675 672 1729 αὐτόν.
709 1673 946 1744 Ὁμοίως
984 1672 1078 1725 ἐπί
1109 1671 1210 1741 τῆς
1243 1669 1572 1743 ἑϐδομάδος..
1608 1669 1802 1740 ’Λρξά.

219 1789 351 1844 μενος
405 1767 511 1839 γὰρ
549 1768 623 1819 ἐκ
668 1763 894 1837 πρώτης
919 1804 933 1828 ,
975 1762 1152 1816 ἄνεισι
1199 1761 1299 1832 μὲν
1348 1758 1546 1832 ἐφεξῆς
1579 1761 1671 1813 ἐπὶ
1702 1761 1800 1831 τὴν

217 1870 418 1940 ἑὸδόμην
440 1884 454 1897 ·
510 1861 639 1920 εἶτα
683 1862 1059 1924 κατακλείσας
1106 1862 1186 1924 εἰς
1217 1859 1372 1923 τέλος
1401 1859 1493 1911 τὸν
1525 1858 1633 1911 τῶν
1664 1859 1799 1929 ἡμεο
1834 1840 1875 1894 Β

220 1963 310 2034 ρῶν
346 1959 591 2034 ἀριθμὸν,
633 1957 899 2026 ἐπανήξει
935 1954 1100 2008 πάλιν
1141 1953 1234 2008 ἐπὶ
1278 1953 1379 2025 τὴν
1414 1951 1656 2024 πρώτην.
1701 1952 1803 2004 Τε-

217 2055 450 2126 λειότητος
497 2048 595 2106 οὖν
647 2052 759 2122 ἄρα
810 2049 1072 2122 ταύτῃ-τοι
1130 2049 1369 2100 ποιεῖται
1428 2047 1633 2115 σημεῖα
1674 2045 1802 2107 rei};

225 2145 305 2204 ὧδε
333 2149 538 2220 ἔχοντας
588 2146 709 2198 τῶν
759 2143 1013 2215 ἀριθμῶν
1062 2143 1091 2194 6
1137 2141 1283 2213 ἱερὸς
1316 2143 1447 2212 ἡμῖν
1479 2142 1658 2209 λόγος.
1691 2138 1800 2192 Καὶ

221 2245 322 2314 γοῦν
348 2245 405 2314 τῇ
435 2241 540 2294 τῶν
563 2239 860 2293 ταλάντων
893 2237 1151 2306 διανομῇ,
1185 2235 1276 2289 τὸν
1300 2231 1380 2300 εἰς
1411 2233 1565 2306 λῆξιν
1593 2234 1801 2304 ἥκοντα

216 2336 459 2410 φιλεργίας
502 2335 614 2404 τῆς
647 2336 792 2386 κατά
815 2330 973 2393 Θεὸν,
1011 2329 1148 2383 δέκα
1181 2329 1346 2400 φησὶν
1378 2327 1667 2398 εἰληφέναι
1703 2326 1800 2380 τά·
1829 2327 1834 2353 ⁵

215 2433 379 2491 λαντα,
404 2429 491 2483 καὶ
534 2430 653 2502 μὴν
699 2427 795 2481 καὶ
830 2427 1019 2480 ἐπάνω
1049 2423 1328 2478 τεθεῖσθαι
1369 2423 1582 2476 πόλεων
1623 2422 1756 2475 δέκα
1783 2436 1796 2449 ’

213 2523 392 2581 ὅτιτῶν
423 2524 848 2596 εὐδοκιμήσεων
876 2520 1180 2591 τελειότητι
1210 2519 1389 2588 πάντη
1423 2535 1481 2571 τε
1524 2517 1620 2571 καὶ
1665 2520 1801 2571 πάνθ

212 2637 298 2684 τως
325 2618 668 2690 ἰσομοιρήσει
712 2613 782 2668 τὰ
818 2613 979 2686 γέρα,
1027 2613 1116 2666 διὰ
1146 2612 1340 2666 τούτου
1376 2610 1738 2676 καταδεικνὺς
1774 2614 1802 2666 6

211 2710 385 2766 τούτων
415 2711 736 2783 διανομεὺς,
771 2705 1022 2760 τουτέστι
1060 2706 1299 2777 Χριστός
1323 2721 1335 2733 ”
1368 2705 1602 2777 Στεῖραν
1634 2704 1691 2758 δέ
1736 2722 1799 2773 γε

210 2807 360 2858 τεκεῖν
396 2805 553 2868 ἑπτὰ,
586 2802 707 2856 τῶν
739 2802 914 2871 ἁγίων
940 2819 1022 2864 τις
1061 2799 1189 2870 ἔφη,
1222 2796 1286 2851 τὸ
1318 2796 1473 2851 ἑπτά
1503 2813 1608 2850 που
1632 2797 1802 2861 τιθεὶς
1832 2813 1833 2817 ‘

210 2898 312 2950 ἀντὶ
342 2896 429 2951 τοῦ
460 2895 700 2960 πολλὰ,
735 2895 831 2948 καὶ
868 2896 968 2948 ὅσα
1012 2894 1176 2964 τυχὸν
1212 2894 1292 2956 εἰς
1324 2893 1530 2948 τέλειον
1565 2893 1801 2966 ἀριθμὸν

210 2991 592 3058 καταλογισθείε
603 3010 633 3041 ν
647 2988 714 3042 ἂν
728 2987 834 3042 ὑπὸ
851 3006 947 3042 του
963 2987 1067 3040 τῶν
1081 2985 1230 3060 ἁ[να]
1249 2991 1468 3060 μετρεῖν
1480 2989 1590 3060 ρη
1600 2988 1798 3059 μένων.

210 3081 356 3135 Ὅταν
386 3083 560 3136 τοίνυν
601 3079 836 3150 λέγηται
883 3080 1013 3148 περὶ
1061 3075 1153 3131 τοῦ
1203 3079 1423 3149 Ἰωσὴφ,
1447 3080 1528 3133 ὅτι
1562 3075 1630 3151 ἦν
1663 3079 1800 3134 ἑτῶν

207 3176 317 3230 δέκα
347 3176 434 3230 καὶ
458 3176 630 3241 ἑπτὰ,
663 3173 1042 3228 συντεθεῖσθαι
1065 3172 1312 3241 δώσομεν
1336 3173 1426 3225 τὸν
1441 3173 1800 3244 Ἑμμανουὴλ

207 3271 271 3334 είς
301 3269 387 3324 ἕνα
412 3269 660 3341 Χριστὸν
692 3267 786 3322 καὶ
815 3266 942 3319 Υίὸν
985 3268 1049 3318 ἐκ
1074 3265 1220 3318 δυοῖν
1260 3265 1513 3329 τελείοιν,
1545 3265 1799 3337 θεότητός

207 3380 255 3415 τε
275 3365 360 3416 καὶ
391 3361 844 3434 ἁνθρωπότητος.
883 3358 958 3411 Οὐ
1000 3358 1111 3428 γάρ
1149 3375 1231 3410 τοι
1280 3355 1707 3426 παραδεξόμεθα
1738 3355 1800 3408 τό

205 3472 299 3510 τισι
323 3457 532 3519 δοκοῦν,
561 3455 844 3525 οἰομένοις
873 3454 954 3507 ὃτι
982 3452 1160 3523 ψυχῆς
1183 3452 1409 3521 λογικῆς
1432 3452 1460 3504 6
1483 3452 1624 3515 Οεῖος
1657 3453 1801 3505 έκεῖ-

207 3565 282 3612 νος
307 3549 573 3602 κεκένωτο
608 3547 764 3610 ναὸς,
798 3545 857 3598 ὃν
986 3545 1086 3615 τῆς
1122 3543 1284 3612 ἁγίας
1315 3542 1596 3615 Παρθένου
1631 3543 1800 3613 πεφό-

209 3658 356 3714 ρηκεν
382 3644 409 3696 6
435 3641 568 3704 Θεὸς
608 3640 808 3708 Λόγος.
847 3637 991 3690 Ἀλλ’
1029 3636 1222 3708 ὥσπερ
1251 3631 1320 3707 ἦν
1353 3635 1559 3699 τέλειος
1595 3637 1652 3689 ἐν
1684 3636 1802 3689 θεό-

208 3751 346 3807 τητι,
404 3734 549 3789 οὕτω
603 3735 705 3787 καὶ
765 3734 822 3784 ἐν
890 3729 1310 3801 ἁνθρωπότητι,
1379 3728 1519 3799 πλὴν
1573 3730 1652 3792 είς
1705 3727 1800 3779 ἕνα

211 3831 543 3902 συγκείμενος
619 3827 953 3898 ἀπορῤήτως
1012 3841 1072 3876 τε
1137 3822 1231 3876 καὶ
1279 3821 1420 3893 ὑπὲρ
1453 3820 1598 3875 νοῦν.
1653 3820 1800 3873 Οὐκο

209 3923 288 3978 οὖν
343 3923 602 3995 σημαίνει
676 3920 776 3991 μὲν
859 3917 923 3971 τὸ
1001 3917 1210 3969 τέλειον
1283 3915 1340 3967 ἐν
1411 3915 1628 3983 θεότητι
1707 3912 1802 3964 καὶ

211 4017 566 4072 ὑπαινίττεταί
633 4032 756 4078 πως
821 4013 955 4084 ἡμῖν
1001 4012 1029 4064 6
1104 4009 1237 4063 δέκα
1291 4005 1549 4080 ἀριθμός.
1609 4006 1682 4059 Τὸ
1744 4005 1801 4058 δὲ

209 4108 358 4174 οὕτως
389 4110 532 4182 ἔχον,
579 4111 642 4162 ὲν
699 4103 1084 4176 ἁνθρωπὸτητι
1122 4103 1286 4157 πάλιν
1318 4103 1695 4174 ὑπεμιρήνειεν
1736 4101 1802 4154 ἂν

213 4202 403 4267 ὸέπτά,
457 4199 956 4272 μειονεκτούμενος
999 4200 1098 4269 μὲν
1146 4197 1221 4260 ὼς
1257 4197 1316 4249 ἐν
1358 4195 1549 4266 Τριάδι
1578 4194 1673 4247 τοῦ
1717 4193 1804 4246 δέο

210 4313 289 4361 κα,
321 4294 759 4367 ὲπενηνεγμένος
788 4292 846 4345 δὲ
879 4289 1029 4360 αὐτῴ
1064 4290 1158 4342 καὶ
1188 4289 1355 4342 οἱονεὶ
1385 4288 1800 4359 προσκείμενος.

209 4388 347 4443 Μετὰ
378 4391 486 4460 γάρ
517 4406 606 4441 τοι
639 4386 732 4439 τὸν
763 4383 892 4438 δέκα
933 4382 1166 4455 ἀριθμὸν
1195 4381 1545 4454 συμϐέϐηκεν
1574 4383 1602 4434 6
1641 4381 1800 4433 ἑπτά.

218 4479 296 4534 Ἔν
329 4483 572 4553 ὑπεροχῇ
613 4479 675 4532 δὲ
718 4473 952 4549 Τριὰδος
980 4517 994 4538 ,
1052 4476 1301 4528 τουτέστι
1347 4473 1639 4546 Θεότητος,
1680 4474 1708 4525 6
1740 4474 1804 4525 ἐκ

1981 1203 2034 1256 4.
2077 1200 2230 1256 Solet
2266 1216 2422 1257 sacra
2465 1200 2752 1272 Scriptura
2794 1220 3058 1262 numeros
3089 1217 3240 1266 retro
3278 1212 3510 1272 descen-

1907 1293 2124 1359 dentes,
2169 1300 2293 1362 post
2331 1308 2430 1347 eos
2461 1294 2572 1363 jam
2617 1294 2869 1364 expletos
2907 1307 2963 1352 et
3007 1298 3291 1364 decursos.
3326 1309 3510 1377 perie-

1907 1387 2110 1443 ctionis
2153 1387 2495 1442 constituere
2539 1388 2712 1442 veluti
2761 1389 3029 1461 symbola.
3071 1394 3239 1450 Verbi
3286 1403 3462 1470 gratia
3499 1426 3509 1459 :

1908 1479 2201 1534 denarium
2244 1479 2289 1533 si
2330 1479 2457 1550 quis
2501 1476 2851 1546 remetiatur,
2886 1489 2945 1537 et
2983 1500 3314 1555 percurrere
3357 1494 3511 1557 velit,

1907 1570 2111 1625 iterum
2162 1570 2231 1624 ah
2284 1585 2396 1624 uno
2446 1570 2753 1637 inchoabit,
2794 1573 2950 1629 velut
2991 1577 3057 1630 ad
3114 1577 3278 1634 ﬁnem
3340 1598 3515 1654 usque

1909 1664 2093 1735 ipsum
2148 1665 2512 1720 deducturus.
2561 1665 2624 1719 in
2674 1669 2991 1736 septenario
3041 1671 3174 1726 item
3231 1673 3541 1733 similiter.-

1909 1758 2240 1828 Auspicatus
2282 1758 2432 1812 enim
2475 1757 2545 1812 ab
2585 1759 2821 1825 unitate,
2859 1761 3124 1834 deinceps
3151 1765 3219 1820 ad
3254 1776 3513 1838 septena-

1905 1853 2050 1908 rium
2091 1853 2386 1924 pervenit;
2428 1854 2496 1908 ad
2542 1853 2708 1908 linem
2751 1871 2926 1926 usque
2967 1873 3248 1926 emensus,
3287 1864 3382 1933 qui
3431 1875 3517 1921 est

1905 1953 2116 2016 septem
2151 1945 2370 2000 dierum
2406 1960 2694 2012 numerus,
2733 1949 2880 2003 redit
2912 1949 3114 2006 deinde
3151 1953 3218 2006 ad
3248 1955 3512 2024 primum.

1906 2036 2090 2093 Sacrae
2134 2038 2360 2095 Litterae
2402 2039 2590 2110 itaque
2640 2041 3030 2112 hujuscemodi
3073 2061 3341 2104 numeros
3384 2065 3512 2121 per-

1907 2131 2165 2187 fectionis
2199 2131 2356 2202 signa
2389 2131 2622 2186 faciunt.
2655 2133 2828 2203 Igitur
2864 2135 2918 2189 in
2949 2137 3283 2193 talentorum
3321 2141 3515 2197 distri-

1905 2223 2136 2279 butione
2173 2225 2240 2281 ad
2276 2232 2485 2281 sortem
2519 2225 2930 2282 hmreditariam
2961 2230 3276 2286 venientem
3311 2233 3519 2289 seduli—

1905 2316 2035 2371 tatis
2075 2332 2204 2388 erga
2233 2317 2430 2382 Deum,
2463 2316 2654 2373 decem
2694 2321 2973 2390 accepisse
3006 2323 3209 2378 talenta
3245 2325 3320 2379 ait
3349 2324 3418 2392 ³⁸,
3457 2343 3510 2383 et

1906 2419 2058 2466 retro
2077 2401 2245 2467 urbes
2265 2411 2459 2468 decem
2472 2413 2523 2467 ei
2545 2413 2800 2480 datasW,
2815 2415 2963 2485 qucd
2977 2415 3046 2471 ad
3072 2418 3312 2474 nominis
3332 2420 3520 2492 splen-

1906 2505 2098 2561 dorem
2129 2506 2459 2577 perfectioui
2489 2508 2642 2562 omni
2671 2515 2727 2563 et
2753 2509 2960 2581 ubique
2992 2513 3218 2581 prremia
3245 2513 3514 2586 adapten-

1907 2605 2019 2652 tur.
2065 2599 2171 2653 Per
2203 2599 2320 2654 haec
2356 2600 2607 2656 ostendit
2639 2595 2984 2658 'distributor
3009 2604 3235 2672 horum,
3272 2608 3378 2664 hoc
3407 2622 3512 2677 est,

1904 2693 2182 2762 Christus,
2211 2697 2457 2753 sterilem
2494 2707 2706 2770 septem
2747 2701 3052 2772 peperisse,
3081 2713 3144 2758 ut
3183 2706 3259 2760 ait
3292 2721 3514 2765 sancto—

1907 2806 2029 2844 rum
2068 2791 2374 2862 qniSpiam,
2406 2803 2607 2864 septem
2648 2809 2862 2865 ponens
2899 2812 3000 2866 pro
3035 2797 3238 2865 multis,
3275 2817 3330 2856 et
3362 2819 3514 2872 qua:-

1906 2901 2126 2956 cunque
2170 2886 2500 2955 obveniuut,
2543 2889 2610 2945 ad
2659 2891 2966 2961 perfectum
3014 2897 3262 2952 revocari
3309 2909 3516 2968 queant

1906 2996 2225 3046 numerum,
2257 2981 2338 3036 sic
2364 2982 2513 3038 dicta
2543 2985 2908 3042 remetiendo.
2934 2986 3072 3042 Cum
3103 2990 3288 3061 itaque
3322 2992 3390 3048 de
3418 2993 3514 3048 Jo—

1907 3073 2042 3144 seph
2073 3073 2312 3141 dicatur,
2347 3090 2621 3131 annorum
2653 3076 2820 3134 fuisse
2857 3081 3274 3150 septemdecim,
3305 3090 3513 3142 consti—

1828 3196 1873 3258 C
1909 3174 2064 3221 tuere
2109 3166 2364 3223 videatur
2421 3185 2485 3224 ac
2548 3170 2756 3227 referre
2807 3173 3226 3232 Emmauuclem
3287 3178 3340 3232 in
3403 3196 3518 3236 uno

1905 3260 2130 3316 Christo
2171 3278 2236 3318 ac
2262 3263 2425 3329 Filio,
2456 3279 2486 3318 e
2521 3264 2741 3321 duobus
2779 3267 3110 3337 perfectum,
3141 3271 3431 3330 divinitate
3463 3285 3513 3330 et

1896 3353 2276 3411 humanitate.
2303 3356 2422 3411 Non
2451 3358 2601 3412 enim
2630 3359 2953 3430 recipimus,
2981 3363 3130 3433 quod
3162 3364 3389 3436 quidam
3423 3383 3514 3423 as-

1907 3458 2119 3514 serunt,
2146 3447 2396 3504 divinum
2432 3450 2568 3505 illud
2607 3453 2704 3507 Dei
2741 3455 3006 3524 templum
3048 3458 3230 3512 anima
3268 3460 3516 3518 caruisse

1908 3541 2188 3607 rationali,
2223 3543 2370 3612 quod
2399 3560 2428 3598 e
2462 3555 2652 3600 sancta
2676 3546 2902 3618 Virgine
2935 3549 3082 3603 Deus
3110 3550 3354 3606 Verbum
3382 3569 3515 3623 pro-

1907 3633 2053 3688 tulit.
2084 3633 2191 3689 Sed
2224 3645 2286 3689 ut
2317 3636 2371 3690 iu
2402 3637 2609 3693 deitate
2643 3639 2923 3709 perfectus
2945 3652 3085 3708 erat,
3119 3643 3197 3699 sic
3232 3655 3286 3700 et
3321 3645 3373 3700 in
3408 3647 3511 3701 hu—

1908 3743 2069 3782 mana
2105 3727 2209 3784 fuit
2248 3739 2478 3793 natura,
2515 3748 2662 3787 unus
2705 3741 2886 3788 tamen
2924 3736 3198 3792 exsistcns
3247 3738 3514 3796 iuetl‘abi'tl

1908 3822 2366 3894 intellectumque
2405 3815 2703 3896 superante
2734 3826 2920 3882 modo.
2954 3829 3213 3902 Designat
3249 3832 3433 3904 itaque
3459 3843 3517 3889 ct

1910 3917 2157 3972 involute
2209 3917 2372 3972 nobis
2417 3919 2693 3991 signiﬁcat
2749 3922 3150 3992 perlectionem
3205 3925 3260 3980 in
3309 3927 3515 3982 deitate

1909 4009 2172 4066 denarius
2226 4027 2516 4067 numerus.
2570 4013 2730 4081 Quod
2789 4031 2916 4071 cum
2977 4017 3051 4072 ita
3106 4017 3204 4084 sit,
3257 4030 3515 4091 septena--

1910 4101 2030 4157 rius
2091 4104 2337 4159 vicissim
2403 4105 2808 4162 humanitatem
2866 4108 3033 4164 nobis
3092 4111 3372 4177 exhibeat,
3419 4117 3514 4185 qui

1910 4195 2113 4250 minor.
2153 4205 2237 4252 est
2297 4197 2526 4251 denario
2586 4199 2681 4268 qui
2743 4199 2798 4253 in
2864 4200 3134 4257 Triuitate
3198 4204 3358 4275 187
3407 4217 3512 4270 est,

1909 4297 1967 4342 et
2023 4288 2154 4343 huic
2206 4290 2455 4346 inclusus
2505 4301 2562 4345 et
2607 4292 2760 4346 velut
2813 4294 3111 4364 subjectus.
3167 4296 3296 4351 Post
3341 4297 3514 4352 dena-

1911 4381 2054 4436 rium
2124 4383 2272 4436 enim
2331 4385 2681 4453 septenarius
2734 4386 2956 4440 accidit.
3019 4389 3077 4441 In
3125 4392 3515 4460 exsuperantia

1911 4493 2044 4530 vero
2110 4485 2165 4548 et
2227 4477 2567 4534 sublimitate
2625 4479 2952 4545 Trinitatis,
3018 4481 3124 4536 hoc
3189 4492 3273 4539 est
3343 4485 3518 4541 deita-

209 4574 404 4645 Πατρὸς
436 4574 572 4636 Θεὸς
623 4570 827 4638 Λόγος·
867 4572 923 4622 ἐν
957 4567 1216 4640 ὑφιζήσει
1253 4567 1308 4620 δὲ
1345 4567 1406 4620 τὸ
1437 4564 1800 4637 ἀνθρώπινον,

1913 4567 2002 4632 tis,
2031 4567 2125 4638 qui
2153 4583 2219 4622 cx
2249 4569 2410 4624 Patre
2432 4570 2577 4626 Deus
2599 4571 2842 4626 Verbum
2873 4593 2883 4626 :
2907 4575 2962 4629 in
2989 4576 3359 4635 submissione
3383 4597 3517 4637 vero

212 4669 290 4721 καὶ
317 4667 447 4721 Θεοῦ
479 4667 644 4737 δόξης
668 4666 727 4717 ὲν
760 4661 958 4734 μείοσι.
992 4660 1101 4714 Καὶ
1127 4661 1155 4712 ὁ
1188 4659 1287 4731 μὲν
1317 4658 1449 4722 Θεὸς
1478 4658 1652 4726 Λόγος
1677 4659 1808 4709 νοεῖ-

211 4777 288 4813 ται
335 4759 551 4833 προὼν,
617 4754 959 4828 προσγέγονε
1007 4752 1064 4805 δὲ
1115 4749 1266 4822 αὐτῷ
1324 4749 1387 4803 τὸ
1439 4747 1804 4823 ἀνθρώπινον.

212 4853 404 4907 Οὐκοῦν
432 4849 759 4920 ἀναγκαίως
787 4845 1155 4920 προτέτακται
1195 4845 1294 4915 μὲν
1328 4845 1357 4896 6
1382 4843 1515 4898 δέκα
1548 4843 1805 4916 ἀριθμὸς,

213 4944 555 5016 ἐπενηνεκταί
592 4959 657 5011 γε
697 4940 805 5012 μὴν
850 4941 878 4993 6
921 4938 1082 4992 ἑπτά.
1140 4958 1156 4988 ι
1206 4936 1405 5009 Ἰωσὴφ
1455 4936 1586 5008 γὰρ,
1620 4938 1808 5008 φησὶν,

213 5033 329 5088 δέκα
358 5037 450 5090 καὶ
482 5035 628 5087 ἑπτὰ
653 5028 720 5103 ἦν
761 5030 922 5084 ἐτῶν.
954 5051 971 5082 ι
1007 5029 1199 5103 Ἀθρει
1226 5029 1290 5101 δή
1329 5047 1421 5100 μοι
1466 5030 1602 5100 πρὸς
1637 5030 1812 5105 τούτῳ

215 5126 266 5178 τὸ
300 5127 640 5200 πρόσκαιρόν
687 5143 746 5178 τε
797 5124 891 5178 καὶ
928 5123 1188 5194 ἄναρχον,
1220 5122 1295 5185 ὡς
1326 5120 1382 5175 ἕν
1423 5139 1484 5192 γε
1509 5124 1573 5194 δὴ
1607 5122 1808 5196 χρόνῳ,

216 5224 365 5291 φημὶ,
417 5219 516 5276 τοῦ
564 5217 946 5290 Ἐμμανουήλ.
995 5217 1194 5286 Γέγονε
1235 5216 1332 5287 μὲν
1392 5215 1499 5286 γὰρ
1531 5217 1669 5270 ἐτῶν
1708 5219 1814 5272 ἁπ-

215 5312 497 5386 αρὶθμησις
525 5313 604 5376 ὡς
638 5313 698 5366 ἐν
730 5309 903 5363 εἰκόνι
931 5307 1225 5380 τῷἿωσήφ
1249 5325 1262 5338 ·
1288 5306 1402 5360 ἀλλ’
1439 5309 1808 5380 ὲπενήνεκται

215 5406 266 5458 τὸ
296 5427 312 5459 ι
349 5407 435 5478 ἦν.
490 5427 509 5459 ι
551 5394 837 5475 Κέκληται
880 5403 978 5472 μὲν
1027 5401 1138 5475 γὰρ
1173 5403 1253 5464 εἰς
1293 5402 1508 5470 γένεσιν
1545 5401 1642 5473 τὴν
1680 5402 1785 5458 καθ

217 5497 349 5568 ἡμᾶς
376 5499 704 5569 νοουμένην,
737 5498 928 5560 καὶεξς
963 5495 1102 5548 ἐτῶν
1134 5493 1368 5568 ἀριθμὸν
1393 5494 1479 5548 διὰ
1513 5496 1570 5548 τὸ
1593 5495 1807 5568 ἀνθρὼο

214 5603 378 5655 τῆνον,
412 5595 600 5647 καίτοι
627 5591 757 5652 Θεὸς
800 5589 876 5644 ὢν
907 5592 935 5642 6
959 5589 1148 5658 Λόγος.
1185 5586 1331 5642 Ἀλλ’
1363 5587 1552 5660 ἕψεται
1588 5591 1808 5656 πάντως

211 5683 267 5737 τὸ
304 5705 322 5738 ι
345 5682 410 5758 ἦν
432 5707 453 5738 ι
487 5684 660 5755 αίτῷ.
684 5686 910 5738 Nostra:
929 5683 1037 5752 γὰρ
1063 5682 1158 5736 καί
1176 5681 1325 5735 ἔστιν
1353 5681 1572 5752 ἀληθῶς
1588 5682 1666 5753 τῷ
1688 5683 1808 5754 Θεῷ

218 5782 299 5832 καὶ
360 5779 539 5834 Ila-ro!
595 5777 898 5840 συναϊδιος,
946 5775 1064 5838 καὶ,
1115 5776 1190 5838 ὡς
1231 5777 1258 5827 ὁ
1307 5773 1594 5840 Θεσπέσιός
1642 5793 1809 5849 φησιν

284 5962 329 5994 ⁸⁸
355 5967 701 6033 Matth.xxv,
731 5968 922 6023 14-29.
1003 5969 1068 6000 ³⁸⁸
1105 5969 1237 6026 Luc.
1278 5987 1385 6040 six,
1434 5971 1519 6028 17.

533 6063 808 6124 ΡΑτιιοι..
843 6063 960 6125 Gn.
1016 6063 1221 6126 LXIX.

1911 4671 1994 4716 est
2023 4661 2267 4716 humana
2307 4663 2556 4720 conditio
2586 4673 2642 4722 et
2679 4665 2778 4721 Dei
2805 4667 2979 4738 gloria
3021 4670 3222 4726 minor.
3259 4671 3329 4728 Et
3372 4673 3519 4729 Deus

1911 4755 2138 4827 quidem
2179 4757 2423 4815 Verbum
2466 4760 2792 4834 intelligitur
2828 4763 3231 4835 prteexsistere,
3275 4765 3516 4822 humana

1911 4866 2046 4906 vero
2084 4851 2137 4906 in
2171 4852 2265 4907 illo
2295 4862 2495 4910 natura
2525 4857 2822 4913 subsecuta
2849 4867 2950 4913 est.
2979 4858 3349 4927 Quamobrem
3373 4877 3514 4931 pra:-

1912 4942 2060 4997 cedit
2091 4945 2406 5001 necessario
2435 4945 2700 5005 denarius
2723 4965 3019 5015 numerus;
3049 4949 3304 5020 sequitur
3332 4960 3517 5023 septe-

1911 5035 2124 5090 narius.
2162 5056 2179 5087 ‹
2209 5036 2411 5109 Joseph
2443 5039 2629 5110 itaque
2659 5039 2852 5096 decem
2891 5048 2948 5095 et
2992 5050 3203 5111 septem
3245 5058 3519 5100 annorum

1911 5137 2084 5183 erat.)
2115 5128 2417 5186 Considera
2449 5133 2584 5187 mihi
2612 5133 2680 5187 ad
2706 5133 2824 5188 hac
2849 5133 3244 5206 temporarium
3277 5143 3334 5189 ct
3368 5139 3525 5208 prin-

1911 5221 2058 5291 cipio
2082 5237 2299 5287 carens,
2327 5233 2387 5277 ut
2409 5225 2504 5294 qui
2549 5225 2605 5277 in
2643 5232 2892 5295 tempore
2935 5224 3059 5289 fuit,
3088 5225 3264 5296 ipsius
3296 5227 3526 5284 Emma-

1913 5314 2116 5370 nuelis.
2144 5315 2271 5372 Fuit
2299 5317 2447 5372 enim
2479 5333 2753 5373 annorum
2793 5321 3167 5386 enumeratio,
3197 5331 3259 5378 ut
3289 5324 3346 5379 iu
3382 5323 3524 5381 ima-

1914 5407 2039 5477 gine
2063 5423 2159 5462 seu
2186 5407 2378 5480 ﬁgura,
2400 5411 2453 5465 in
2481 5410 2744 5483 Josepho.
2772 5414 2842 5468 At
2868 5414 3118 5470 additum
3140 5425 3246 5482 est,
3271 5437 3288 5466 ‹
3316 5427 3461 5483 erat;
3500 5440 3516 5470 ι

1915 5512 2146 5556 vocatus
2163 5513 2245 5558 est
2266 5505 2413 5559 enim
2443 5507 2510 5560 ad
2541 5510 2959 5577 generationem
2983 5509 3290 5565 secundum
3313 5527 3416 5565 nos
3441 5512 3524 5585 inf

1918 5593 2220 5660 tellectam,
2267 5607 2325 5652 et
2371 5599 2441 5653 ad
2488 5616 2784 5656 numerum
2837 5619 3110 5658 annorum
3159 5603 3522 5658 humanitatis

1915 5700 2102 5752 causa,
2134 5689 2236 5744 etsi
2266 5699 2416 5747 esset
2437 5693 2585 5751 Deus
2609 5693 2876 5760 Verbum,
2900 5695 2999 5752 sed
3031 5697 3092 5750 τὸ
3121 5715 3147 5747 τ
3170 5703 3312 5757 erat.
3348 5716 3367 5746 ι
3404 5697 3523 5756 ὀπι-

1918 5777 2050 5831 nino
2087 5778 2163 5834 illi
2194 5783 2488 5852 _convenit.
2519 5783 2850 5858 lntelligitur
2882 5785 3052 5850 enim,
3092 5794 3286 5853 estque
3331 5801 3535 5844 revera

3032 6053 3104 6115 10
