4034 6460
515 407 626 466 239

1545 409 1608 468 'S.
1652 410 1928 467 CYRILIJ
1971 409 2442 465 ALEXANDRINI
2482 411 2800 468 ARCHIEP.

3653 425 3766 482 ’300

521 522 636 579 Deo
665 531 721 577 et
747 519 893 577 Patri
918 529 1226 579 coaeternus
1251 541 1262 577 :
1289 532 1458 594 utque
1484 521 1704 578 divinus
1732 524 1810 578 ait
1830 523 2096 579 Joannes:

2226 521 2501 590 Ἰωάννης,
2534 544 2554 575 ς
2601 525 2690 577 Ἐν
2728 526 2869 596 ἀρχῇ
2904 519 2971 596 ἦν
3004 526 3032 578 6
3067 526 3238 595 Λόγος
3259 568 3274 591 ,
3309 529 3400 581 καὶ
3445 531 3472 583 6
3517 531 3680 602 Λόγος
3705 532 3767 608 ἦν

529 632 546 662 ι
589 612 649 668 In
677 613 956 684 principio
998 623 1118 669 erat
1144 615 1407 681 Verbum,
1433 625 1489 670 et
1514 614 1758 669 Verbum
1802 623 1924 670 erat
1962 614 2106 685 apud

517 700 713 769 Deum,
745 715 803 758 et
839 703 984 758 Deus
1017 712 1138 758 erat
1160 703 1402 760 Verbum
1427 702 1494 759 ⁸⁷.
1528 723 1546 755 ι
1583 704 1773 760 Dicam
1813 705 1981 776 igitur
2007 705 2105 759 de-

516 809 631 849 nuo
667 811 680 848 :
718 795 922 865 Joseph
959 797 1144 866 itaque
1191 796 1584 866 septemdecim
1626 812 1896 851 annorum
1935 797 2108 866 patris

515 884 600 937 sui
627 900 818 956 greges
848 887 999 955 pavit
1019 902 1145 941 cum
1177 887 1300 942 aliis
1322 887 1584 943 fratribus
1607 888 1826 957 Zelphm
1847 897 1903 942 et
1923 889 2103 952 Ballae,

514 973 622 1029 hoc
651 983 755 1039 est,
780 976 1104 1031 ancillarum
1129 977 1276 1033 ﬁliis.
1304 978 1548 1035 Verbum
1571 979 1721 1034 enim
1751 980 1846 1035 Dei
1874 995 2003 1033 caro
2022 980 2104 1034 fa-

495 762 514 803 λ

515 1073 666 1118 ctum
682 1065 999 1121 Iudaeorum
1021 1069 1299 1139 regionem
1325 1086 1544 1125 sursum
1570 1071 1828 1126 deorsum
1853 1087 2106 1141 peragra-

513 1156 615 1222 vit,
642 1159 971 1230 recolligens
993 1161 1402 1231 quodammodo
1425 1164 1490 1217 ad
1514 1178 1758 1218 amorem
1781 1179 1909 1234 erga
1932 1165 2104 1218 Deum

515 1263 580 1304 ac
609 1250 826 1306 Patrem
843 1267 976 1307 oves
1000 1253 1247 1322 perditas
1269 1254 1466 1309 domus
1492 1255 1678 1308 Israel.
1699 1255 1855 1319 Nam,
1887 1263 1949 1310 ut
1977 1255 2106 1310 bea-

517 1351 606 1396 tus
638 1343 843 1398 Paulus
881 1345 1075 1399 scribit
1100 1363 1112 1398 :
1153 1365 1172 1398 ι
1202 1347 1349 1400 Deus
1371 1355 1488 1400 erat
1515 1346 1570 1400 in
1592 1346 1812 1402 Christo
1836 1348 2102 1404 mundum

514 1432 621 1488 sibi
648 1433 751 1503 ipsi
781 1434 1085 1490 concilians
1106 1433 1173 1490 ⁸⁸.
1211 1455 1230 1487 ι
1261 1436 1416 1491 Pavit
1439 1436 1624 1505 itaque
1647 1437 1969 1492 Emmanuel
1994 1453 2103 1493 una

515 1540 643 1580 cum
671 1526 740 1580 iis
761 1526 855 1595 qui
881 1526 938 1580 in
967 1527 1290 1582 servitutem
1313 1527 1427 1582 nati
1454 1535 1632 1592 erant,
1655 1529 1861 1598 quique
1881 1544 1949 1583 ex
1969 1529 2105 1584 dua-

515 1619 622 1674 bus
653 1619 867 1674 ancillis
901 1619 1150 1688 spurium
1173 1618 1509 1689 minimeque
1533 1620 1772 1674 liberum
1799 1629 1983 1675 ortum
2011 1636 2104 1676 na-

509 1710 591 1765 cti
619 1718 796 1764 erant.
829 1709 963 1764 Nam
989 1717 1114 1779 post
1138 1725 1366 1780 regnum
1386 1711 1700 1776 Jeroboam,
1727 1712 2105 1770 discesserunt

512 1801 584 1856 ab
609 1801 916 1857 Jerusalem
948 1801 1139 1856 decem
1167 1801 1373 1868 tribus;
1409 1802 1672 1858 abierunt
1704 1813 1886 1859 autem
1917 1813 1973 1860 et
2004 1807 2103 1861 ha-

513 1896 830 1956 bitaverunt
871 1895 928 1950 in
972 1895 1238 1962 Samaria,
1268 1897 1633 1953 transferente
1674 1914 1742 1954 eo
1782 1899 2096 1955 Jeroboam.
2135 1869 2174 1927 Β

510 1988 785 2043 Errarunt
809 1988 980 2054 enim,
1018 1988 1428 2058 adoraruntque
1469 1989 1581 2044 illic
1629 1990 1834 2046 vitulos
1879 2007 2097 2047 aureos.

511 2081 666 2137 Unde
706 2089 763 2136 et
794 2097 892 2151 per
926 2096 1116 2137 vocem
1161 2084 1416 2139 Ezechiel
1449 2084 1620 2140 veluti
1654 2085 1791 2140 duas
1838 2086 2102 2142 mulieres

511 2173 838 2228 fornicarias
867 2174 1116 2244 increpat
1144 2175 1288 2230 Deus
1327 2175 1400 2230 ita
1425 2176 1616 2231 dicens
1655 2194 1669 2231 :
1717 2195 1736 2228 ι
1772 2177 1873 2233 Fili
1918 2177 2100 2233 homi-

511 2265 621 2330 nis,
650 2265 773 2320 duae
801 2265 1062 2320 mulieres
1101 2276 1259 2322 erant
1298 2266 1424 2322 ﬁlia:
1456 2268 1648 2323 matris
1683 2268 1870 2334 unius,
1897 2277 1954 2324 et
1984 2269 2099 2324 for-

511 2358 710 2413 nicata:
741 2363 872 2411 sunt
901 2358 971 2428 in.
990 2351 1251 2429 Egypto;
1291 2358 1344 2412 in
1377 2360 1668 2430 juventute
1696 2375 1793 2415 sua
1818 2360 2100 2418 fornicata:

511 2457 660 2513 sunt,
688 2448 800 2504 illic
831 2449 1154 2504 ceciderunt
1183 2450 1351 2505 ubera
1379 2467 1592 2518 earum,
1630 2462 1688 2508 et
1712 2453 1826 2508 illic
1855 2453 2065 2525 devirgi
2085 2484 2099 2496 -

511 2551 655 2598 nata
693 2550 840 2607 sunt,
865 2549 921 2597 et
947 2543 1168 2597 nomina
1191 2558 1382 2598 earum
1409 2542 1562 2599 Oolla
1591 2546 1800 2612 senior,
1827 2555 1884 2601 et
1905 2545 2100 2602 Ooliba

505 2635 695 2705 junior
719 2650 875 2689 soror
906 2637 1046 2706 ejus,
1075 2645 1132 2691 et
1153 2636 1308 2692 facta:
1341 2646 1470 2692 sunt
1491 2639 1647 2703 mihi,
1679 2645 1735 2694 et
1765 2649 2100 2708 pepererunt

510 2730 653 2785 ﬁlios
695 2741 752 2784 et
795 2729 967 2795 filias,
1011 2737 1067 2784 et
1112 2729 1336 2784 nomina
1393 2731 1556 2800 188
1587 2745 1813 2797 earum,
1850 2731 2098 2788 Samaria

508 2821 684 2889 Oolla,
718 2830 774 2878 et
794 2823 1101 2878 Jerusalem
1124 2821 1318 2878 Ooliba
1353 2823 1419 2875 θ’.
1454 2841 1470 2873 ι
1502 2822 1661 2877 Pavit
1694 2823 1877 2894 itaque
1907 2839 2098 2894 greges

509 2917 675 2970 homo
705 2914 884 2970 factus
909 2915 1100 2980 Filius,
1136 2931 1246 2970 una
1271 2930 1396 2970 cum
1424 2915 1491 2968 iis
1515 2915 1609 2984 qui
1647 2930 1714 2969 ex
1738 2915 2004 2971 servitute
2041 2924 2100 2972 et

509 3009 870 3064 fornicatione
913 3009 1085 3078 geniti
1128 3016 1275 3063 sunt.
1329 3009 1508 3063 Duces
1552 3008 1700 3062 enim
1743 3016 1872 3062 sunt
1915 3009 2097 3065 adhuc

507 3101 900 3164 Israelitarum,
936 3100 1138 3170 legales
1173 3099 1438 3170 pmfecti,
1475 3099 1708 3154 docente
1745 3100 1951 3171 alioqui
1982 3102 2096 3172 jam

2211 615 2347 684 πρὸς
2381 615 2472 668 τὸν
2503 615 2659 680 Θεὸν,
2687 618 2780 670 καὶ
2817 616 2950 679 Θεὸς
2978 613 3044 686 ἦν
3086 618 3115 668 6
3157 619 3346 686 Λόγος.
3382 638 3400 670 ι
3444 621 3644 676 Οὐκοῦν
3669 629 3771 698 ἐρῶ

2208 705 2481 771 εἰσαῦθιςο
2515 707 2658 762 Δέκα
2701 707 2800 778 μὲν
2838 709 2932 761 καὶ
2977 708 3116 762 ἐπτά
3149 709 3287 763 ἐτῶν
3318 705 3387 781 ἦν
3425 712 3614 784 Ἰωσὴφ
3641 717 3667 768 6
3691 716 3769 770 θε-

2211 796 2456 860 σπέσιος,
2484 799 2584 860 τάς
2605 797 2661 851 δὲ
2689 797 2784 851 τοῦ
2816 799 3022 872 πατρὸς
3044 799 3245 868 ἀγέλας
3266 795 3639 873 συνεποίμαινε
3665 810 3768 872 τοῖς

2209 887 2481 956 ἀδελφοῖς,
2516 891 2629 954 τοῖς
2664 891 2773 944 ἀπὸ
2802 891 3033 960 Ζελφᾶς,
3062 894 3234 962 φημὶ,
3267 895 3361 948 καὶ
3384 895 3606 962 Βάλλας,
3629 916 3769 952 τουτο

2207 980 2345 1046 ἐστι,
2371 984 2481 1044 τοῖς
2501 984 2565 1035 ἐκ
2595 983 2651 1036 θε
2663 985 2958 1054 ραπαινῶν.
3011 985 3255 1054 Γεγονὼς
3294 986 3403 1058 γὰρ
3449 989 3721 1059 ἄνθρωπος
3745 995 3772 1048 6

2208 1072 2272 1124 ἐκ
2302 1072 2436 1125 Θεοῦ
2469 1074 2663 1142 Λόγος,
2698 1075 2796 1145 τὴν
2824 1077 2930 1130 τῶν
2973 1077 3242 1131 Ἰουδαίων
3283 1079 3396 1132 ἀνω
3423 1097 3480 1133 τε
3511 1082 3600 1134 καὶ
3631 1083 3770 1138 κάτω

2209 1163 2453 1230 περιέθει
2499 1165 2702 1233 χώραν.
2771 1168 3106 1238 συναγείρων
3151 1167 3342 1240 ὥσπερ
3385 1172 3462 1233 είς
3504 1173 3770 1241 ἀγάπησιν

2207 1254 2304 1323 τὴν
2336 1255 2470 1326 πρὸς
2488 1255 2618 1308 Θεὸν
2647 1259 2742 1309 καὶ
2765 1258 2984 1328 Πατέρα
3025 1259 3340 1313 ἀπολωλότα
3370 1262 3612 1331 πρόϐατα
3632 1265 3770 1320 οίκου

2220 1347 2458 1417 Ἰσραήλ.
2499 1349 2587 1411 Ὠς
2613 1350 2722 1420 γὰρ
2755 1351 2783 1402 6
2821 1353 3092 1421 μακάριος
3133 1353 3334 1423 γράφει
3356 1354 3586 1419 Παῦλος,
3613 1376 3631 1408 ι
3650 1357 3771 1420 Θεὸς

2203 1433 2272 1510 ἦν
2303 1441 2360 1493 ἐν
2389 1441 2632 1512 Χριστῷ,
2658 1443 2862 1512 κόσμον
2894 1443 3075 1513 ἑαυτῷ
3100 1445 3517 1500 καταλλάσσων.
3557 1450 3771 1504 ι’Ἑποί-

2207 1547 2365 1601 μαινε
2401 1531 2580 1585 τοίνυν
2618 1534 2731 1595 τοῖς
2762 1534 2841 1596 είς
2868 1533 3111 1587 δουλείαν
3140 1535 3561 1608 γεγεννημένοις
3592 1541 3618 1591 6
3653 1539 3770 1609 Ἐμ-

2208 1622 2468 1693 μανουὴλ,
2494 1622 2589 1676 καὶ
2621 1625 2732 1686 τοῖς
2767 1624 2929 1676 οίονεί
2963 1642 3080 1686 πως
3111 1626 3174 1677 ἐκ
3212 1625 3305 1679 δύο
3343 1627 3659 1692 παιδισκῶν,
3693 1631 3771 1683 νό-

2205 1713 2327 1783 θην,
2360 1715 2454 1768 καὶ
2499 1716 2598 1768 οὐκ
2650 1715 2937 1786 ἐλευθέραν
2959 1716 3183 1786 λαχοῦσι
3223 1716 3321 1789 τὴν
3350 1719 3584 1786 γένεσιν.
3624 1722 3767 1774 Μετὰ

2204 1806 2314 1877 γάρ
2342 1823 2424 1860 τοι
2450 1807 2548 1877 τὴν
2579 1806 2672 1860 τοῦ
2717 1806 3000 1878 Ἱεροϐοὰμ
3034 1808 3328 1878 βασιλείαν,
3354 1811 3648 1883 ξάπήρκασι
3679 1813 3766 1882 μὲν

2204 1900 2302 1968 τῆς
2363 1898 2714 1971 Ἰερουσαλὴμ
2761 1901 2817 1953 αἱ
2862 1899 2995 1954 δέκα
3035 1901 3217 1971 φυλαὶ,
3251 1904 3560 1973 κατῴχοντο
3591 1904 3643 1957 δὲ
3683 1907 3766 1956 καὶ

2203 1991 2588 2060 κατῳκήκασιν
2644 1991 2703 2044 ἐν
2751 1993 2818 2061 τῇ
2864 1991 3182 2063 Σαμαρείᾳ,
3239 1993 3646 2065 παραφέροντος
3696 1997 3767 2058 εἰς

2202 2082 2359 2136 τοῦτο
2389 2082 2484 2135 τοῦ
2542 2081 2842 2153 Ἰεροόοάμ.
2880 2083 3262 2144 Πεπλάνηνται
3303 2084 3362 2137 δὲ
3415 2086 3505 2137 καὶ
3550 2102 3768 2156 προσκε-

2201 2175 2471 2245 κυνήκασι
2517 2176 2636 2238 ταῖς
2683 2173 2950 2244 δαμάλεσι
2998 2176 3120 2237 ταῖς
3169 2177 3402 2245 χρυσαῖς
3446 2177 3579 2228 ἐκεῖ.
3617 2175 3766 2229 Ὅθεν

2201 2270 2297 2324 καὶ
2329 2269 2418 2322 διά
2456 2268 2642 2338 φωνῆς
2677 2267 2934 2340 Ἰεζεκιὴλ
2956 2309 2970 2333 ,
3003 2268 3080 2332 ὡς
3109 2267 3201 2322 δύο
3218 2272 3487 2337 γυναῖκας
3513 2272 3765 2339 ἐκπεπορ-

2199 2364 2464 2434 νευμένας
2494 2363 2789 2433 κατῃτιᾶτο
2819 2359 2974 2425 Θεὸς,
3000 2361 3144 2414 οὕτω
3169 2361 3365 2429 λέγων·
3399 2381 3418 2413 ι
3449 2362 3545 2415 Υἱέ
3569 2359 3763 2434 ἀνθρώ.

2199 2470 2327 2520 που,
2362 2453 2456 2507 δύο
2487 2457 2740 2524 γυναῖκες
2758 2449 2899 2524 ἦσαν
2941 2453 3242 2524 Θυγατέρες
3273 2453 3480 2524 μητρὸς
3513 2455 3658 2526 μιᾶς,
3683 2453 3765 2506 καὶ

2199 2545 2595 2617 ἐξεπόρνευσαν
2652 2548 2710 2599 ἐν
2747 2549 2812 2616 τῇ
2847 2545 3132 2615 Αἰγύπτῳ,
3165 2549 3221 2597 ἑν
3255 2547 3321 2615 τῇ
3359 2545 3569 2616 νεότητι
3602 2544 3764 2597 αὐτῶν

2198 2640 2534 2712 ἐπόρνευσαν
2555 2680 2569 2702 ,
2603 2640 2696 2693 καὶ
2744 2639 2934 2692 ἔπεσον
2965 2640 3014 2691 οἱ
3050 2641 3244 2708 μαστοὶ
3296 2639 3498 2693 αὐτῶν.
3535 2639 3674 2692 Ἐκεῖ
3697 2639 3764 2692 δι-

2197 2729 2694 2803 επαρθενεύθησαν.
2729 2731 2809 2783 Τά
2852 2731 2907 2783 δὲ
2955 2731 3196 2800 ὀνόματα
3250 2730 3458 2794 αὐτῶν,
3518 2730 3694 2784 Ὀόλλα
3734 2731 3761 2799 ἡ

2199 2823 2568 2894 πρεσσυτὲρα,
2595 2824 2689 2876 καὶ
2731 2823 2944 2875 Ὀολίϐα
2975 2823 3008 2893 ἡ
3038 2821 3242 2892 ἀδελφὴ
3274 2823 3467 2893 αὐτῆς.
3519 2822 3622 2874 Καὶ
3657 2819 3763 2888 ἐγέ-

2197 2915 2349 2970 νοντό
2381 2933 2492 2986 μοι,
2522 2916 2616 2968 καὶ
2671 2913 2854 2966 ἔτεκον
2889 2913 3036 2976 υἱοὺς
3081 2913 3172 2966 καὶ
3220 2912 3527 2983 θυγατέρας
3549 2928 3562 2942 ο
3587 2912 3675 2964 καὶ
3705 2908 3764 2962 τὰ

2197 3008 2436 3078 ὀνόματα
2462 3007 2663 3073 αὐτῶν,
2695 3005 3026 3076 Σαμάρειαή
3063 3004 3271 3071 Ὀόλλα,
3301 3006 3399 3058 καὶ
3429 3002 3762 3076 Ἰερουσαλὴμ

2199 3103 2232 3170 ἡ
2267 3098 2534 3152 Ὀολίὸα.ι
2567 3100 2961 3168 Συνεποίμαινε
3004 3098 3182 3150 τοίνυν
3214 3096 3339 3150 καθ’
3367 3099 3511 3168 ἡμᾶς
3547 3093 3760 3165 γεγονὼς

503 3205 671 3264 atque
695 3194 1001 3267 instruente
1029 3192 1248 3246 Christo
1269 3206 1365 3245 eos
1387 3192 1481 3261 qui
1502 3191 1572 3245 ad
1595 3191 1776 3262 ipsum
1798 3191 2088 3258 accedunt,

2198 3193 2224 3245 6
2255 3191 2380 3254 Υἱὸς
2399 3193 2510 3253 τοῖς
2534 3192 2597 3242 ἐκ
2623 3191 2864 3253 δουλείας
2887 3192 2999 3261 ἅμα
3029 3191 3121 3243 καὶ
3149 3191 3212 3243 ἐκ
3241 3191 3500 3260 πορνείας
3528 3202 3762 3256 γεγεννη-

503 3298 562 3342 ut
591 3288 658 3342 ad
687 3287 938 3343 veritatis
958 3287 1101 3340 viam
1133 3285 1463 3348 deducente,
1493 3302 1612 3355 quae
1636 3285 1859 3356 quidem
1893 3285 1982 3339 via
2013 3285 2094 3355 ip-

504 3389 680 3435 semet
717 3388 820 3434 est.
848 3379 1062 3434 Idcirco
1094 3378 1261 3432 etiam
1299 3377 1439 3431 dixit
1475 3395 1487 3430 :
1525 3396 1540 3428 ι
1573 3377 1684 3446 Ego
1712 3392 1832 3431 sum
1855 3376 1944 3429 via
1968 3376 2032 3428 ὀ.
2067 3395 2084 3427 ι

503 3473 772 3529 (Σωιοιπυιιι
803 3473 1010 3528 Scribze
1041 3480 1098 3526 et
1123 3471 1381 3526 Pharisaei
1417 3469 1765 3540 legisperitiae
1796 3469 1956 3525 laude
1997 3485 2090 3524 ce-

502 3565 703 3628 lebres,
735 3571 1007 3634 paverunt
1033 3563 1088 3618 in
1118 3564 1372 3626 tribulos,
1403 3562 1458 3616 in
1485 3563 1689 3632 spinas,
1726 3560 1780 3614 in
1820 3575 2088 3626 errorem,

502 3657 558 3711 in
583 3654 860 3711 doctrinas
889 3661 945 3709 et
981 3661 1251 3723 praecepta
1282 3653 1566 3706 hominum
1597 3671 1610 3705 :
1639 3652 1728 3706 hic
1750 3667 1882 3705 vero
1906 3651 1957 3704 in
1988 3651 2088 3706 b0-

501 3761 628 3800 nam
663 3752 944 3815 pasturam
981 3752 1038 3798 et
1077 3743 1248 3796 veluti
1290 3742 1347 3796 in
1389 3742 1617 3796 herbam
1660 3742 2088 3808 ﬂoridissimam,

487 3837 830 3908 evangelicae
855 3836 1116 3890 nimirum
1139 3834 1442 3904 disciplina:
1465 3834 1891 3904 pulcherrimam
1915 3833 2093 3888 admi-

503 3928 842 3997 rabilemque
863 3926 1254 3997 cognitionem.
1277 3925 1454 3996 Atque
1478 3925 1554 3978 illi
1579 3925 1800 3995 quidem
1819 3933 1978 3978 erant
1995 3941 2092 3996 pa-

499 4034 680 4076 Stores
703 4019 843 4089 pigri
871 4035 936 4074 ac
961 4017 1242 4083 vecordes,
1269 4033 1331 4072 ac
1351 4026 1617 4088 praaterea
1635 4025 1951 4088 aeceptores
1971 4034 2092 4072 mu-

500 4126 720 4174 nerum,
755 4125 1077 4180 summeque
1100 4111 1296 4165 attenti
1333 4110 1401 4165 ad
1439 4116 1708 4179 quaestum
1743 4109 2088 4175 faciendum,

510 4225 526 4252 ι
559 4201 909 4258 comedentes
943 4203 1048 4266 lac,
1069 4202 1216 4257 molli
1239 4203 1362 4256 lana
1395 4202 1602 4267 induti,
1631 4211 1687 4257 et
1714 4203 1915 4273 pingue
1944 4218 2092 4256 mac-

500 4295 764 4360 tantes‘",
802 4314 820 4346 ι
838 4295 994 4366 juxta
1025 4295 1306 4365 propheta:
1323 4310 1514 4350 vocem
1543 4313 1555 4348 :
1587 4294 1915 4350 mercenarii
1935 4302 1991 4348 et
2012 4294 2089 4350 fa-

2199 3283 2396 3354 μένοις.
2423 3282 2806 3354 Καθηγοῦίνται
2834 3281 2943 3352 γὰρ
2983 3281 3062 3333 ἔτι
3087 3281 3195 3334 τῶν
3218 3282 3277 3346 ἐξ
3318 3281 3536 3353 Ἰσραὴλ
3567 3282 3613 3333 oi
3637 3276 3762 3332 κατά

2194 3373 2357 3444 νόμον
2398 3372 2836 3442 προεστηκότες,
2910 3371 3088 3424 καίτοι
3146 3371 3492 3434 διδάσκοντος
3541 3371 3636 3438 ἤδη
3680 3366 3760 3419 καὶ

2197 3461 2683 3535 μυσταγωγοῦντος
2712 3462 2948 3534 Χριστοῦ
2975 3463 3097 3524 τοὺς
3123 3463 3451 3533 προσιόντας
3486 3459 3648 3528 αὐτῷ.
3681 3455 3763 3510 καὶ

2191 3559 2270 3620 εἰς
2300 3556 2396 3626 τὴν
2423 3557 2520 3626 τῆς
2547 3554 2804 3626 ἀληθείας
2832 3552 3262 3623 ἀποκομίζοντος
3303 3555 3513 3626 τρίϐον.
3548 3551 3687 3620 Αὕτη
3713 3547 3761 3601 δὲ

2191 3641 2260 3716 ἦν
2295 3645 2477 3708 αὑτός.
2531 3645 2823 3714 Τοιγάρτοι
2866 3643 2961 3695 καὶ
3009 3643 3269 3711 ἔφασκεν·
3315 3663 3333 3695 ι
3398 3641 3539 3711 Ἐγώ
3574 3642 3680 3710 εἰμι
3727 3639 3757 3708 ἡ

2191 3738 2329 3801 ὁδός,
2378 3755 2397 3790 ι
2451 3735 2589 3788 Ἀλλ’
2621 3737 2670 3788 oi
2716 3737 2814 3807 μὲν
2853 3735 3206 3806 Γραμματεῖς
3237 3737 3332 3789 καὶ
3368 3735 3642 3806 Φαρισαῖοι
3678 3727 3759 3782 καὶ

2191 3829 2291 3900 τὴν
2337 3829 2435 3899 τῆς
2480 3826 2799 3905 νομοθεσίας
2839 3826 3053 3898 ἔχοντες
3098 3827 3276 3892 δόξαν,
3329 3827 3652 3881 κατέὅοσκον
3691 3822 3759 3884 είς

2192 3919 2499 3992 τριϐόλους,
2529 3921 2608 3982 είς
2649 3919 2914 3983 ἀκάνθας,
2957 3921 3038 3982 είς
3079 3919 3368 3989 πλάνησιν,
3416 3919 3495 3981 είς
3531 3916 3759 3968 διδασκα-

2191 4011 2312 4074 λίας
2341 4011 2435 4064 καὶ
2459 4010 2773 4083 ἐντάλματα
2802 4011 2899 4064 ἀνθ
2911 4011 3107 4081 ρώπων
3125 4029 3136 4042 ε
3170 4013 3198 4064 ὁ
3228 4011 3284 4063 δέ
3326 4013 3406 4072 είς
3447 4009 3612 4080 νομὴν
3639 4007 3758 4072 ἀγα·

2193 4103 2315 4176 θὴν,
2360 4103 2456 4157 καὶ
2504 4103 2584 4166 είς
2629 4104 2767 4156 πόαν
2799 4102 2986 4175 ὥσπερ
3013 4102 3436 4172 εὐανθεστάτην,
3471 4101 3578 4153 τῶν
3613 4099 3759 4163 εὐαγ-

2193 4193 2428 4264 γελικῶν
2485 4195 2871 4266 παιδευμάτων
2931 4195 3032 4266 τὴν
3069 4195 3245 4261 εὐφυᾶ
3309 4195 3403 4246 καὶ
3453 4188 3758 4259 άξιάγαστον

2194 4286 2417 4357 γνῶσιν.
2465 4287 2574 4341 Καὶ
2607 4289 2655 4340 oi
2697 4288 2796 4358 μὲν
2840 4283 2980 4357 ἦσαν
3017 4287 3276 4354 ποιμένες
3319 4282 3550 4358 ρᾴθυμοί
3593 4297 3648 4333 τε
3678 4276 3759 4329 καὶ

496 4385 694 4448 stuosi,
715 4385 1036 4456 nullumque
1055 4387 1213 4455 plane
1240 4400 1342 4456 pro
1363 4385 1560 4439 ovibus
1582 4384 1824 4438 laborem
1850 4383 2093 4439 subeun-

2198 4381 2668 4445 ἀναπεπτωκότες.
2699 4381 2792 4434 καὶ
2832 4379 2969 4451 πρός
2994 4397 3056 4448 γε
3090 4379 3320 4442 τούτοις,
3355 4375 3651 4449 λημμάτων
3678 4372 3759 4440 ἠτ-

497 4485 579 4528 tes
605 4493 616 4526 :
646 4473 738 4528 hic
763 4481 947 4528 autem
971 4481 1090 4528 erat
1115 4482 1302 4543 pastor
1325 4473 1524 4536 bonus,
1558 4491 1576 4523 ι
1602 4472 1839 4527 animam
1870 4488 2084 4542 ponens

497 4580 597 4632 pro
641 4563 840 4617 ovibus
871 4563 938 4615 θ’.
983 4582 1001 4613 ι
1029 4563 1299 4617 Craterum
1342 4561 1804 4632 quemadmodum
1835 4561 1930 4615 filii
1959 4561 2082 4615 Zel-

497 4655 619 4724 pha:
650 4661 705 4706 et
741 4651 902 4707 Ballaa
934 4653 1292 4722 opprobrium
1332 4654 1534 4708 malum
1569 4654 1951 4724 excogitarunt
1983 4651 2082 4707 ad-

489 4760 692 4799 wrsus
729 4743 962 4814 Joseph,
1012 4743 1086 4797 ita
1134 4743 1299 4798 etiam
1344 4744 1636 4816 impiorum
1680 4745 2083 4798 Pharisaeorum

494 4836 864 4908 perditissima
889 4836 1183 4891 multitudo
1210 4837 1582 4892 Emmanuelis
1620 4837 1847 4908 gloriam
1886 4835 2088 4890 calum-

497 4928 637 4982 niari
670 4928 827 4982 veriti
853 4944 961 4982 non
989 4937 1134 4994 sunt,
1159 4928 1561 4984 Samaritanum
1586 4944 1650 4984 ac
1669 4927 1781 4982 vini
1807 4936 2080 4997 potorem,

495 5023 826 5076 utznmonium
874 5023 1168 5078 habentem
1209 5023 1277 5088 ”,
1324 5034 1380 5077 et
1421 5038 1524 5093 ope
1568 5020 1878 5076 Beelzebub
1925 5021 2082 5093 adju-

498 5128 612 5170 tum
657 5119 830 5172 malos
870 5118 1098 5188 spiritus
1133 5133 1198 5171 ex
1233 5116 1466 5171 infirmis
1499 5115 1826 5186 corporibus
1854 5115 2082 5186 ejicien-

498 5217 606 5262 tem
639 5208 805 5279 impie
840 5217 1098 5264 vocantes
1121 5209 1187 5260 9‘.
1214 5209 1426 5263 Idcirco
1452 5224 1551 5279 per
1576 5223 1767 5262 vocem
1801 5207 2084 5277 propheta:

496 5303 762 5360 adversus
795 5304 1108 5360 Judzeorum
1143 5304 1602 5368 maledicentiam,
1642 5301 1968 5357 exclamavit
1997 5299 2084 5354 di-

497 5410 630 5452 cens
655 5395 888 5465 ipsemet
915 5394 1237 5450 Emmanuel
1267 5413 1279 5449 :
1318 5415 1335 5445 ι
1368 5395 1460 5450 Vae
1500 5393 1652 5465 ipsis,
1700 5393 1960 5464 quoniam
1997 5407 2085 5445 re-

496 5494 786 5543 cesserunt
805 5501 834 5539 a
859 5503 965 5541 me.
990 5487 1169 5542 Miseri
1199 5497 1347 5550 sunt,
1375 5487 1633 5558 quoniam
1659 5485 1824 5556 impie
1853 5493 2087 5556 egerunt

497 5579 555 5634 in
583 5595 690 5633 me.
717 5579 829 5651 Ego
860 5581 1066 5636 redemi
1096 5598 1191 5637 eos
1218 5601 1230 5634 ε
1260 5583 1361 5652 ipsi
1394 5591 1577 5636 autem
1603 5580 1772 5635 locuti
1799 5587 1927 5634 sunt
1951 5594 2085 5633 con-

551 5777 595 5809 "
616 5781 771 5836 101m.
825 5799 863 5844 ι,
902 5785 953 5844 1,

494 5867 564 5920 ξι,
602 5846 678 5904 Η.
793 5852 837 5884 ’⁸
871 5854 1027 5908 Joan.
1071 5871 1181 5918 vm,
1210 5857 1314 5920 48;
1353 5856 1541 5910 Matth.
1569 5873 1638 5920 τι,
1671 5847 1753 5908 1ἐ).

1031 5783 1078 5814 ⁸⁸
1110 5785 1150 5838 ΙΙ
1177 5784 1284 5839 Cor
1337 5785 1500 5847 v.19.
1579 5787 1624 5818 "
1653 5785 1853 5858 E'zech.
1889 5803 2041 5850 xxm,
2078 5787 2198 5841 2-4.
2301 5787 2339 5818 ’ί

1071 5871 1181 5911 vm.
1210 5857 1275 5909 48
1302 5872 1314 5911 :
1353 5856 1541 5910 Matth.
1569 5873 1638 5911 τι,
1671 5857 1753 5908 li).
1860 5858 1903 5889 "
1927 5859 2115 5911 Matth.
2146 5873 2237 5911 xtl.
2272 5857 2339 5910 Ξῖ

1927 5868 2115 5912 Matth.
2146 5873 2237 5923 xu,
2272 5868 2360 5910 21.

2189 4473 2445 4544 τώμενοι,
2503 4472 2596 4525 καὶ
2647 4471 3021 4543 φιλοκέρδειαν
3064 4471 3349 4534 νοσοῦντες
3401 4469 3659 4540 ἐσχάτην·
3705 4459 3758 4514 τὺ

2193 4582 2214 4616 ι
2259 4564 2401 4632 γάλα
2441 4563 2837 4628 κατεσθίοντες,
2884 4564 2953 4616 τὰ
2997 4563 3119 4634 ἔρια
3169 4561 3644 4631 περιϐαλλόμενοι.
3674 4551 3757 4607 καὶ

2189 4657 2250 4709 τὸ
2271 4657 2417 4727 παχὺ
2447 4657 2768 4725 σφάζοντες,
2811 4675 2829 4708 ι
2870 4655 3011 4708 κατά
3060 4655 3157 4726 τὴν
3193 4655 3286 4706 τοῦ
3340 4653 3614 4725 προφήτου
3655 4665 3755 4717 φω-

2191 4749 2321 4820 νήνο
2365 4747 2625 4818 μισθωτοὶ
2661 4748 2754 4800 καλ¹
2809 4747 3099 4818 ἀγέρωχοι,
3145 4746 3238 4798 καὶ
3275 4745 3460 4811 ὀλίγου
3503 4735 3756 4797 παντελῶς

2193 4837 2468 4902 ἀξιοῦντες
2499 4837 2660 4906 λόγου
2707 4839 2767 4891 τὸ
2823 4857 2840 4888 ι
2880 4839 3076 4910 χρῆναι
3108 4839 3290 4890 πονεῖν
3327 4836 3466 4906 ὑπὲρ
3501 4831 3608 4886 τῶν
3639 4844 3760 4897 προ·

2191 4928 2390 4983 ϐάτων.
2433 4949 2452 4981 ι
2472 4928 2613 4981 Ἀλλ’
2643 4927 2832 5000 ὥσπερ
2863 4931 2912 4981 oi
2941 4928 3050 4982 ἀπὸ
3092 4927 3302 4996 Ζελφᾶς
3329 4942 3388 4978 τε
3425 4925 3516 4978 καί
3546 4917 3754 4977 Βάλλας,

2189 5020 2355 5090 ψόγον
2396 5019 2629 5092 πονηρὸν
2656 5020 2970 5089 κατήγαγον
3009 5019 3101 5071 ἐπὶ
3130 5017 3220 5070 τὸν
3266 5015 3485 5085 Ἰωσὴφ,
3513 5011 3647 5064 οὕτω
3677 5001 3752 5059 xc!

2190 5113 2298 5167 τῶν
2348 5111 2579 5165 ἀνοσίων
2633 5110 2946 5182 Φαρισαίων
2998 5111 3031 5182 ἡ
3088 5109 3513 5181 δυστροπωτάτη
3566 5097 3756 5170 πληθὺς

2188 5203 2579 5275 διαϐεϐλήκασι
2631 5204 2724 5256 τὸν
2797 5201 3147 5272 Ἐμμανουὴλ
3185 5243 3199 5268 ,
3265 5203 3362 5254 καὶ
3423 5190 3754 5263 συκοφαντεῖν

2189 5298 2514 5369 ἀπετόλμων
2546 5295 2644 5367 τὴν
2671 5295 2830 5360 δόξαν
2864 5295 3054 5348 αὑτοῦ·
3092 5293 3465 5365 Σαμαρείτην,
3513 5288 3602 5341 καὶ
3632 5285 3753 5336 οἰνο-

2192 5391 2381 5460 πότην,
2436 5391 2530 5442 καὶ
2565 5389 2906 5459 δαιμονῶντα
2954 5387 3090 5458 πρὸς
3141 5386 3374 5449 τούτοις,
3419 5383 3510 5436 καὶ
3531 5379 3641 5439 ταῖς
3671 5387 3750 5425 του

2191 5483 2519 5547 Βεελζεϐοὺλ
2553 5484 2852 5552 ἐνεργείαις
2879 5479 3340 5550 ἐπικουρούμενον
3368 5477 3448 5538 εἷς
3464 5491 3524 5538 γε
3544 5471 3599 5522 τξ,
3619 5466 3749 5521 δύνα-

2195 5575 2338 5640 σθαι,
2366 5576 2526 5647 φημὶ,
2557 5575 2628 5629 τὰ
2647 5575 2856 5646 πονηρά
2879 5574 2985 5626 τῶν
3005 5570 3442 5644 ὴρρωστηκότων
3470 5559 3750 5630 ἐξελαύνειν

3539 5773 3580 5806 91
3609 5759 3744 5822 Σοιη,

2301 5787 2347 5818 ⁹⁰
2388 5787 2544 5842 Joan.
2582 5803 2690 5852 xlv,
2723 5787 2776 5842 6.
2871 5789 2911 5820 "
2945 5785 3148 5841 Ezech.
3193 5780 3451 5847 xxxrv,5.
