4034 6446
267 378 376 431 501

1291 365 1820 427 GLAPHYRORUM
1861 365 1927 421 IN
1970 365 2273 422 GENESlM
2315 365 2446 420 [ΑΒ.
2490 363 2578 419 Vl.

3491 352 3597 412 301

270 494 603 565 πνεύματα,
635 491 916 555 δυσσεὸὦς
946 490 1327 562 ὀνομάζοντες.
1356 490 1650 562 Τοιγάρτοι
1675 489 1772 543 καὶ
1804 485 1893 540 διὰ

2016 499 2081 539 ra
2123 499 2210 539 me
2238 481 2526 538 mendacia
2553 482 2620 534 ⁸³.
2655 499 2673 530 ι
2703 480 2771 534 Ει
2799 492 3019 533 rursum
3050 495 3060 531 :
3095 498 3111 530 ι
3141 475 3353 533 Cadent
3394 477 3450 532 in
3477 477 3596 549 δια-η

277 583 482 654 φωνῆς
536 584 822 655 προφήτου
875 582 976 653 τῆς
1025 581 1132 634 τῶν
1177 582 1450 636 Ἰουδαίων
1492 579 1898 653 ἀθυροστομίας

271 675 705 748 κατεκεκράγει
756 674 936 743 λέγων
975 673 1138 738 αὐτὸς
1173 678 1201 728 ὀ
1255 675 1636 747 Ἐμμανουήλ·
1699 693 1717 726 ι
1761 674 1898 727 Οὐαὶ

268 769 494 832 αὐτοῖς,
527 770 612 823 ὅτι
641 769 1008 841 ἀπεπήδησαν
1043 769 1136 822 ἀπ’
1160 769 1316 841 ἐμοῦ.
1355 769 1590 824 Δείλαιοί
1618 771 1778 845 είσιν,
1815 769 1898 822 ὅτι

270 861 569 933 ἠσέϐησαν
614 865 696 926 είς
753 862 874 933 ἐμέ.
931 861 1077 932 Ἐγὼ
1125 862 1180 916 δὲ
1227 861 1630 934 ἐλυτρωσάμην
1666 861 1894 929 αὐτούς’

270 954 441 1007 αὐτοὶ
469 954 528 1008 δέ
557 954 942 1026 κατελάλησαν
973 955 1140 1028 ψευδῆ
1174 956 1296 1011 κατ’
1326 956 1483 1028 ἐμοῦ.
1526 976 1544 1010 ι
1573 958 1681 1010 Καὶ
1713 957 1898 1010 πάλιν

279 1067 296 1097 ι
327 1046 651 1102 Πεσοῦνται
680 1051 738 1101 ἐν
769 1051 1018 1122 ῥομφαίᾳ
1048 1051 1099 1103 οἱ
1127 1051 1390 1121 ἄρχοντες
1417 1049 1617 1116 αὐτῶν,
1648 1051 1713 1104 δι’
1739 1053 1900 1104 άπαι-

273 1137 510 1191 δευσίαν
543 1139 796 1208 γλώττης
850 1139 1054 1194 αὐτῶν.
1101 1159 1119 1193 ι
1143 1141 1522 1212 ⁵Πεφλυὸιρηκε
1553 1141 1731 1195 τοίνυν
1758 1139 1902 1195 κατά

274 1231 534 1302 Χριστοῦ
566 1231 677 1286 τῶν
708 1233 1024 1303 Φαρισαίων
1068 1233 1130 1287 τὺ
1169 1237 1377 1303 στῖφος,
1415 1234 1476 1287 τὸ
1503 1234 1677 1306 Θρασύ
1708 1251 1764 1287 τε
1806 1235 1900 1288 καὶ

271 1323 671 1394 ἀνελεύθερον.
706 1327 819 1379 Καὶ
852 1325 1035 1389 τοῦτο,
1067 1323 1247 1398 οἶμαι,
1291 1329 1409 1382 ἐστὶ
1451 1329 1512 1382 τὺ
1549 1331 1900 1398 κατενεγκεῖν

276 1417 417 1478 τοὺς
466 1417 736 1486 ἀδελφοὺς
765 1418 936 1488 ψόγον
976 1418 1216 1490 πονηρὸν
1263 1421 1404 1475 κατά
1441 1420 1666 1491 Ἰωσήφ.
1697 1439 1715 1470 ι
1758 1419 1898 1472 Ἀλλ’

277 1506 574 1574 ἠγαπᾶτο,
630 1508 819 1577 φησὶν,
856 1507 1012 1578 παρά
1042 1507 1138 1561 τοῦ
1175 1509 1404 1580 πατρὸς,
1444 1509 1525 1562 ὅτι
1563 1509 1676 1573 υίδῖ
1710 1509 1901 1580 γήρως

275 1594 350 1671 ἦν
394 1599 571 1671 αὐτῷ.
614 1619 634 1652 ι
675 1600 943 1668 Γεγόνασι
981 1601 1079 1672 μὲν
1113 1601 1224 1672 γάρ
1259 1603 1354 1656 καὶ
1394 1601 1572 1673 ἕτεροι
1622 1602 1899 1672 ποιμένες,

281 1693 450 1746 καλοί
504 1711 567 1746 τε
628 1693 724 1747 καὶ
760 1693 978 1762 ἁγαθοὶ,
1033 1694 1142 1764 πρὸ
1187 1694 1290 1764 τῆς
1337 1694 1432 1748 τοῦ
1458 1696 1712 1768 Σωτῆρος
1743 1695 1903 1768 ἡμῶν

283 1783 630 1848 ἀναδείξεως
658 1783 760 1850 τῆς
793 1784 852 1836 ἐν
883 1784 1073 1855 κόσμῳ
1105 1786 1200 1838 καὶ
1223 1785 1361 1855 μετά
1391 1786 1596 1858 σαρκός
1617 1805 1629 1816 ·
1670 1787 1766 1840 καὶ
1797 1787 1904 1858 πρό

284 1893 351 1946 γε
407 1876 522 1929 τῶν
569 1876 748 1930 ἄλλων
791 1879 1003 1948 Μωσῆς
1030 1880 1058 1932 ὁ
1084 1877 1394 1944 Θεσπέσιος,
1441 1881 1536 1934 καὶ
1574 1881 1622 1934 oi
1664 1880 1903 1951 καθεξῆς

285 1968 391 2031 τὰς
429 1967 665 2035 λογικὰς
719 1967 928 2036 ἀγέλας
968 1969 1465 2041 διαποιμαίνοντες.
1525 1970 1673 2042 Πλὴν
1713 1971 1906 2041 διαφε-

293 2061 502 2132 ρόντως
535 2060 796 2132 ἠγάπησε
825 2061 920 2115 τὸν
949 2061 1079 2115 Υίὸν
1096 2066 1124 2117 ὁ
1150 2065 1362 2136 Πατὴρ,
1385 2063 1564 2118 καίτοι
1592 2065 1905 2120 τελευταῖον

293 2155 419 2207 ὂντα
463 2154 613 2223 μετά
648 2155 778 2217 τοὺς
811 2155 1031 2220 ἄλλους,
1078 2157 1173 2210 καὶ⁸
1206 2158 1263 2210 ἐν
1300 2159 1553 2230 ἐσχάτοις
1583 2159 1679 2214 τοῦ
1711 2160 1906 2223 αἰῶνος

290 2246 570 2315 γεγονότα
602 2249 841 2317 καιροῖς.
885 2247 1147 2318 Ἀρμόσει
1183 2249 1284 2320 μὲν
1320 2245 1413 2304 οὖν
1445 2249 1524 2320 τῷ
1565 2249 1764 2306 Ἰακὼϐ
1791 2251 1905 2304 υἱόν

288 2345 486 2412 γήρως
527 2339 678 2410 ἐχειν
731 2341 826 2394 τὸν
885 2341 1108 2413 Ἰωσήφ.
1141 2342 1275 2407 Θεὸς
1308 2344 1364 2398 δέ
1393 2345 1638 2416 ἀγήρως,
1667 2345 1906 2417 ἀναρχός

289 2451 352 2488 τε
383 2435 484 2489 καὶ
515 2433 783 2506 ἀναυξὴς,
805 2434 900 2488 καὶ
938 2435 1025 2488 ἀεὶ
1056 2436 1391 2500 παντέλειος.
1423 2436 1694 2512 Ταύτῃτοι
1727 2438 1908 2507 σοφῶς

293 2528 398 2599 τῆς
433 2526 533 2581 τοῦ
565 2528 876 2598 πρέποντος
917 2527 1094 2600 θήρας
1136 2529 1486 2602 ἀφαμαρτεῖν
1527 2532 1629 2586 οὐκ
1662 2530 1910 2600 ἐφιέντες

293 2619 392 2673 τὸν
418 2619 604 2687 λόγον,
641 2618 828 2690 γήρως
869 2619 1060 2690 ὥσπερ
1086 2619 1200 2674 υἱὸν
1230 2622 1594 2692 γεγεννῆσθαί
1623 2639 1806 2695 φαμεν
1831 2622 1910 2694 τῷ

295 2709 423 2780 Θεῷ
457 2709 558 2762 καὶ
591 2709 772 2780 Πατρὶ
793 2707 885 2764 τὸν
935 2710 1312 2782 Ἐμμανουήλ.
1353 2711 1430 2777 ὡς
1465 2714 1523 2766 ἐν
1562 2713 1777 2784 χρόνοις
1812 2730 1908 2782 γε-

296 2801 503 2869 γονότα
558 2803 674 2864 τοῖς
716 2801 1056 2866 τελευταίοις
1107 2801 1204 2856 τοῦ
1249 2803 1470 2869 αίῶνος,
1523 2804 1769 2876 δηλονότι
1813 2804 1908 2860 τοῦ

298 2895 632 2959 ἐνεστῶτος,
677 2896 771 2949 καὶ
802 2895 925 2948 ἐπεί
947 2911 1028 2948 τοι
1063 2897 1179 2965 μετ’
1208 2895 1370 2948 αὐτὸν
1388 2897 1574 2968 ἕτερος
1603 2896 1794 2960 οὐδείς.
1833 2898 1908 2951 Οὐ

300 2989 417 3059 γὰρ
464 2988 525 3040 ἐν
575 2987 750 3058 ἑτέρῳ
793 2986 1066 3047 σώζεσθαι
1099 2987 1514 3058 προσδοκῶμεν.
1567 2989 1816 3058 Ἀρκέσει
1846 2989 1910 3060 δὴ

305 3080 496 3150 μόνος,
553 3081 635 3133 ὅτι
678 3080 816 3150 μηδὲ
877 3080 935 3131 ἐν
986 3079 1132 3151 ἄλλῳ
1174 3081 1386 3133 κεῖσθαί
1439 3098 1620 3152 φαμεν
1664 3081 1762 3153 τὴν
1814 3081 1910 3136 τοῦ

2002 578 2094 632 dio
2120 578 2401 648 principes
2423 590 2639 641 eorum,
2667 581 2894 645 propter
2917 571 3250 643 imperitiam
3279 570 3479 642 lingua:
3506 586 3600 625 eo-

2003 688 2126 728 rum
2145 674 2210 726 “.
2233 671 2431 742 ilmpie
2459 671 2628 741 igitur
2653 669 2872 723 loeutus
2897 674 2982 721 est
3007 663 3272 719 adversus
3288 662 3596 728 Christum,

2002 766 2182 822 audax
2224 774 2387 835 atque
2423 763 2717 834 impudens
2753 759 3156 816 Pharisaeorum
3196 765 3392 813 coetus.
3423 756 3601 828 Atque

2001 859 2129 923 hoc,
2160 865 2222 912 ut
2254 858 2518 921 arbitror,
2546 864 2650 921 est,
2685 854 2883 909 fratres
2904 852 3208 908 obtendere
3238 850 3602 921 opprobrium

2001 952 2210 1007 malum
2241 951 2509 1006 adversus
2544 949 2767 1018 Joseph.
2801 967 2820 1000 ‹
2859 949 3030 1002 Porro
3066 946 3302 1001 dilectus
3331 952 3472 1006 erat,
3513 943 3601 998 in-

2001 1045 2143 1116 quit,
2175 1059 2205 1098 a
2235 1052 2410 1114 patre,
2437 1042 2568 1112 quia
2599 1040 2743 1094 ﬁlius
2772 1038 3073 1093 senectutis
3098 1044 3219 1091 erat
3247 1035 3373 1106 ipsi.
3408 1054 3425 1086 ι
3457 1035 3602 1090 Fue-

2001 1144 2136 1193 runt
2167 1136 2316 1190 enim
2358 1135 2528 1188 etiam
2573 1132 2667 1186 alii
2711 1139 2961 1201 pastores
3002 1129 3163 1200 probi
3207 1145 3271 1183 ac
3304 1128 3436 1183 boni
3475 1137 3606 1183 ante

2004 1228 2309 1285 Saivatoris
2333 1226 2512 1282 nostri
2537 1225 2596 1280 in
2615 1223 2884 1278 mundum
2904 1238 3004 1293 per
3025 1236 3246 1277 carnem
3269 1221 3602 1286 adventum;

2001 1332 2170 1394 atque
2195 1323 2342 1378 inter
2372 1319 2512 1375 alios
2528 1317 2752 1374 divinus
2769 1317 3002 1390 Moyses,
3027 1315 3233 1386 quique
3251 1313 3414 1384 189
3452 1312 3607 1368 dein-

2003 1435 2136 1490 ceps
2167 1417 2466 1473 rationales
2488 1428 2684 1487 greges
2711 1420 3006 1485 paverunt.
3029 1409 3304 1467 Caeterum
3327 1407 3607 1478 praecipuo

2003 1509 2243 1581 quodam
2281 1524 2469 1563 amore
2493 1513 2825 1578 prosecutus
2847 1511 2932 1560 est
2965 1503 3139 1558 ﬁlium
3173 1509 3352 1572 pater,
3389 1499 3612 1555 etiamsi

2003 1602 2342 1658 novissimus
2388 1599 2558 1655 fuerit
2601 1606 2726 1669 post
2763 1598 2921 1662 alios,
2963 1603 3022 1651 et
3064 1595 3122 1668 in
3171 1592 3383 1648 ultimis
3423 1591 3610 1671 saeculi

2006 1695 2372 1765 temporibus.
2417 1691 2723 1748 Conveniet
2763 1691 2952 1760 itaque
2991 1687 3162 1744 Jacob
3192 1687 3366 1741 ﬁlium
3403 1684 3611 1740 habere

2006 1787 2310 1844 senectutis
2331 1785 2560 1855 Ioseph.
2587 1784 2735 1839 Deus
2762 1790 2950 1839 autem
2980 1796 3265 1851 nunquam
3292 1779 3535 1834 senescit
3554 1785 3612 1831 et

2005 1876 2284 1948 principio
2321 1884 2495 1938 caret,
2522 1889 2702 1945 neque
2738 1873 3080 1928 incrementa
3117 1871 3341 1942 accipit,
3377 1879 3434 1925 et
3463 1885 3610 1925 sem-

2006 1986 2107 2042 per
2131 1979 2218 2026 est
2254 1971 2518 2027 omnibus
2545 1969 2796 2041 partibus
2820 1968 3280 2039 perfectissimus.
3317 1965 3610 2033 Quocirca,

2006 2079 2078 2119 ne
2120 2079 2304 2120 sermo
2348 2081 2379 2120 a
2422 2074 2575 2120 recto
2623 2063 2877 2128 aberret,
2915 2063 3153 2119 dicimus
3194 2061 3612 2118 Emmanuelem

2007 2157 2413 2227 quodammodo
2445 2157 2647 2212 Filium
2689 2157 2994 2231 senectutis
3034 2156 3184 2211 Patri
3218 2155 3517 2220 exstitisse,
3545 2169 3612 2208 eo

2009 2249 2156 2319 quod
2186 2250 2242 2304 in
2267 2250 2478 2306 ultimis
2504 2250 2691 2305 saeculi
2725 2249 3071 2320 temporibus
3096 2247 3436 2319 apparuerit,
3474 2263 3616 2318 prte-

2009 2343 2185 2399 sentis
2208 2344 2496 2411 nimirum,
2521 2352 2578 2399 et
2605 2346 2736 2415 quia
2776 2352 2900 2416 post
2926 2343 3106 2414 ipsum
3131 2343 3276 2398 alius
3292 2358 3475 2398 nemo.
3503 2342 3611 2397 Ne-

2009 2451 2118 2506 que
2141 2437 2290 2492 enim
2315 2437 2369 2492 in
2390 2438 2500 2492 alio
2520 2438 2718 2493 salvari
2740 2444 3128 2507 exspectamus
3148 2435 3219 2489 "'.
3251 2434 3464 2490 Sufﬁcit
3481 2451 3617 2490 vero

2009 2529 2186 2595 solus,
2213 2529 2344 2601 quia
2379 2546 2562 2601 neque
2597 2530 2652 2585 in
2685 2531 2795 2586 alio
2823 2532 2987 2586 sitam
3014 2545 3138 2586 esse
3161 2529 3401 2585 dicimus
3423 2529 3615 2584 mundi

2009 2624 2248 2679 salutem
2295 2639 2361 2680 ac
2385 2625 2576 2679 vitam.
2604 2624 2725 2695 ipse
2751 2624 2936 2695 itaque
2963 2639 3064 2679 nos
3095 2625 3152 2679 in
3177 2623 3377 2680 secula
3406 2630 3615 2694 pascet,

1993 2707 2162 2786 'juxta
2186 2715 2488 2772 Psalmistae
2504 2731 2698 2772 vocem
2719 2716 2790 2783 ’³,
2811 2715 3132 2787 subditique
3175 2717 3387 2771 erimus
3407 2715 3513 2787 ipsi
3537 2715 3620 2771 di-

2011 2807 2179 2873 lecto,
2207 2807 2302 2877 qui
2332 2808 2592 2879 apparuit
2612 2808 2839 2878 quidem
2862 2808 2920 2863 in
2951 2807 3165 2863 ultimis
3188 2809 3374 2864 saaculi
3405 2817 3620 2879 tempo—

2013 2899 2192 2964 ribus,
2222 2908 2281 2954 ut
2315 2901 2482 2955 modo
2517 2901 2656 2965 dixi,
2694 2916 2862 2956 carne
2902 2910 3203 2971 assumpta,
3229 2901 3626 2971 praeexistebat

2013 2999 2198 3046 autem
2213 3001 2274 3046 ut
2287 2988 2454 3048 Deus.
2467 2993 2714 3048 Dicimus
2725 2993 2873 3048 enim
2885 3009 3013 3048 eum
3024 3008 3146 3048 esse
3163 2998 3500 3048 coaeternum
3521 2993 3624 3048 Pa-

2017 3084 2109 3137 tri.
2135 3084 2406 3151 Quocirca
2425 3085 2664 3141 dilectus
2688 3085 2914 3155 quidem
2935 3093 3022 3141 est
3045 3102 3074 3141 a
3099 3092 3259 3156 patre
3284 3086 3620 3140 excellenter

301 3171 519 3241 κόσμου
572 3171 852 3241 σωτηρίαν
913 3170 1007 3223 καὶ
1051 3169 1220 3242 ζωήν.
1281 3171 1455 3235 Αὐτὸς
1499 3167 1593 3226 οὖν
1633 3174 1784 3243 ἡμᾶς
1833 3175 1912 3236 είς

2016 3179 2238 3249 Joseph.
2271 3180 2492 3235 Vestem
2524 3187 2709 3235 autem
2746 3180 2850 3250 ipsi
2873 3180 3029 3234 dedit
3053 3180 3285 3246 variam,
3311 3181 3486 3235 veluti
3509 3181 3625 3235 exi-

302 3262 520 3326 αίῶνας
556 3265 840 3332 ποιμανεῖ,
884 3261 1026 3316 κατὰ
1052 3262 1150 3333 τὴν
1205 3262 1303 3316 τοῦ
1343 3262 1655 3328 Ψάλλοντος
1705 3264 1912 3334 φωνὴν,

301 3359 406 3413 καὶ
447 3357 545 3411 ὑπ’
607 3357 762 3428 αὐτῷ
815 3356 1115 3427 κεισόμεοα
1173 3356 1251 3427 τῷ
1311 3359 1608 3434 ἀγαπητῷ,
1649 3359 1916 3430 πεφηνότι

308 3451 412 3522 μὲν
465 3453 524 3505 ἐν
577 3451 830 3521 ἐσχάτοις
875 3449 971 3504 τοῦ
1002 3450 1199 3514 αἰῶνος
1243 3454 1474 3522 καιροῖς,
1503 3450 1756 3522 καθάπερ
1781 3450 1917 3520 ἔφην

303 3544 558 3615 ἀρτίως,
613 3543 749 3614 μετά
799 3543 1036 3614 σαρκὸς,
1095 3543 1537 3613 προῦφεστηκότι
1572 3542 1630 3596 δὲ
1671 3544 1745 3607 ὠς
1774 3542 1913 3614 Θεῷκ

304 3637 500 3707 Φαμὲν
520 3635 634 3706 γὰρ
657 3631 801 3689 εἶναι
819 3635 898 3704 τῷ
921 3635 1096 3706 Πατρὶ
1121 3634 1410 3688 συναῖδιον.
1431 3635 1642 3688 Οὐκοῦν
1663 3638 1919 3706 ἠγαπᾶτο

311 3731 419 3801 μὲν
445 3728 604 3800 παρὰ
627 3728 723 3781 τοῦ
749 3729 958 3800 πατρὸς
986 3727 1352 3797 διαφερὸντως
1385 3730 1414 3780 ὁ
1457 3729 1656 3800 Ἰωσήφ
1677 3747 1688 3758 ⁸
1714 3728 1920 3800 χιτῶνα

307 3824 370 3878 δὲ
407 3822 565 3893 αὐτῷ
625 3822 874 3878 ποικίλον
930 3821 1124 3889 ἐδίδου,
1162 3823 1332 3893 γέρας
1370 3822 1561 3892 ὥσπερ
1613 3823 1918 3895 ἐξαίρετον,

307 3918 413 3972 καὶ
466 3917 571 3987 τῆς
609 3915 844 3987 ἐνούσης
897 3916 1285 3989 φιλοστοργίας
1335 3916 1568 3987 μήνυσιν
1611 3917 1818 3990 ἐναργῆ
1858 3917 1921 3970 τὸ

307 4013 512 4083 χρῆμα
541 4009 736 4074 τιθείς.
755 4005 977 4081 Ἀλλ’ἧν
999 4011 1093 4064 καὶ
1117 4010 1278 4064 τοῦτο
1299 4013 1412 4072 τοῖς
1438 4010 1690 4080 ἀδελφοῖς
1713 4010 1922 4080 βασκαο

308 4105 439 4169 νίας
488 4105 794 4178 ἐρέθισμα,
833 4105 930 4157 καὶ
969 4103 1168 4173 φθόνου
1212 4103 1526 4176 πρόφασις·
1585 4103 1771 4166 καοὼς
1827 4106 1923 4158 καὶ

310 4197 453 4254 αὐτὸ
504 4196 618 4251 τῶν
667 4197 1014 4270 πραγμάτων
1061 4196 1262 4261 διδάξει
1309 4195 1370 4250 τὸ
1419 4195 1615 4268 πέρας.
1660 4194 1926 4266 Ἐπεμαί-

309 4307 475 4344 νοντο
505 4288 564 4343 δὲ
606 4288 706 4343 καὶ
740 4288 790 4343 οἱ
828 4290 1114 4359 Φαρισαῖοι
1154 4287 1234 4358 τῷ
1267 4286 1643 4357 ἠγαπημένῳ,
1675 4286 1924 4340 τουτέστι

266 4406 272 4440 ;
311 4380 571 4453 Χριστῷ,
603 4380 695 4434 διά
727 4398 821 4448 ,τοι
856 4381 918 4434 τὸ
957 4381 1110 4452 παρὰ
1139 4379 1276 4435 Θεοῦ
1313 4380 1406 4434 καὶ
1446 4379 1664 4452 Πατρδς
1689 4377 1927 4432 ποικιλό-

268 4457 525 4563 ξτροπόν
556 4491 682 4527 τινα
724 4473 1142 4563 κατημφιέσθαι
1186 4473 1369 4538 δόξαν.
1426 4471 1790 4544 Τεθαύμαστο
1815 4470 1926 4541 γὰρ

2021 3272 2195 3327 mium
2225 3271 2434 3328 donum
2468 3283 2525 3329 et
2565 3272 2914 3328 manifestum
2951 3272 3178 3338 amoris,
3205 3288 3316 3344 quo
3336 3289 3463 3329 eum
3497 3289 3620 3344 pro-

2021 3364 2379 3434 sequebatur,
2406 3374 2816 3435 argumentum.
2854 3363 3128 3420 Caeterum
3165 3373 3285 3420 erat
3323 3365 3491 3420 etiam
3518 3366 3623 3422 hoc

2020 3456 2289 3512 fratribus
2320 3456 2636 3512 invidentia:
2659 3457 3068 3512 irritamentum
3111 3467 3276 3523 atque
3299 3458 3411 3513 odii
3433 3472 3619 3517 causn.

2021 3548 2490 3620 quemadmodum
2516 3548 2596 3602 rei
2630 3550 2812 3604 exitus
2844 3549 3168 3605 declarabit.
3193 3549 3423 3604 Accensi
3455 3549 3622 3603 etiam

2022 3650 2156 3697 sunt
2190 3642 2271 3697 ira
2299 3642 2565 3698 adversus
2601 3643 2887 3707 dilectum,
2917 3643 3024 3699 hoc
3043 3652 3128 3697 est
3153 3640 3454 3705 Christum,
3479 3642 3623 3696 Pha-

2023 3733 2190 3798 rismi,
2228 3732 2355 3788 ideo
2398 3733 2547 3804 quod
2582 3749 2612 3788 a
2646 3731 2762 3788 Deo
2795 3747 2858 3788 ac
2902 3733 3063 3788 Patre
3095 3729 3420 3786 multiformi
3452 3730 3624 3800 gloria

2023 3827 2252 3884 indutus
2271 3826 2462 3882 fuerit.
2491 3827 2680 3883 Multis
2697 3827 2847 3882 enim
2869 3841 3062 3881 revera
3083 3823 3263 3880 modis
3281 3822 3626 3878 admirabilis

2025 3921 2150 3986 fuit,
2199 3921 2398 3992 partim
2439 3921 2666 3992 quidem
2710 3929 2773 3975 ut
2814 3918 3122 3983 viviﬁcans,
3162 3917 3363 3988 partim
3397 3931 3532 3972 vero
3566 3926 3628 3971 ut

2023 4014 2140 4078 lux,
2159 4023 2215 4070 et
2238 4014 2553 4069 illuminare
2574 4014 2762 4068 valens
2779 4027 2878 4068 eos
2897 4011 2991 4082 qui
3015 4012 3070 4065 in
3096 4010 3362 4074 tenebris,
3386 4016 3447 4064 ut
3466 4023 3627 4064 mun-

2025 4107 2164 4162 dans
2193 4107 2465 4177 leprosos,
2500 4106 2887 4176 suscitansque
2923 4103 3184 4159 facillime
3213 4103 3382 4158 etiam
3415 4102 3629 4158 olentes

2027 4209 2300 4265 mortuos,
2334 4207 2398 4254 ut
2431 4199 2608 4253 maria
2634 4199 2948 4267 increpans,
2977 4205 3146 4266 atque
3172 4195 3310 4266 ipsis
3346 4211 3448 4252 sua
3469 4203 3626 4268 pote-

2027 4298 2170 4348 state
2196 4291 2459 4347 ﬂuctibus
2484 4296 2692 4346 vectus.
2722 4288 2937 4345 Idcirco
2960 4286 3137 4343 Judaei
3165 4286 3406 4342 subinde
3435 4287 3630 4358 inopes

2029 4381 2245 4438 consilii
2279 4381 2610 4451 invidiaque
2639 4378 2876 4434 ﬂammis
2897 4386 3264 4434 exaestuantes
3293 4379 3439 4434 inter
3461 4395 3524 4436 se
3546 4379 3630 4436 di-

2031 4476 2232 4532 cebant
2259 4493 2271 4528 :
2307 4494 2325 4525 ι
2356 4474 2500 4542 Quid
2525 4473 2796 4530 facimus?
2818 4471 2946 4542 quia
2971 4471 3138 4527 homo
3162 4472 3253 4528 hic
3280 4474 3452 4529 multa
3475 4474 3628 4546 signa

277 4555 468 4652 ξγατὰ
482 4565 734 4630 πολλοὺς,
751 4562 930 4636 οἶμαι,
956 4566 1214 4638 τρόπους
1243 4566 1404 4621 τοῦτο
1422 4566 1520 4638 μὲν
1545 4565 1624 4630 ὡς
1644 4563 1908 4629 ζωοποιὺς

2036 4567 2169 4623 facit
2207 4567 2274 4622 ”.
2308 4586 2327 4619 ι
2357 4565 2519 4623 Varia
2553 4566 2741 4637 itaque
2771 4564 2942 4620 vestis
2975 4572 3134 4637 typus
3171 4575 3255 4623 est
3277 4568 3632 4624 multiformis

314 4656 482 4712 τοῦτο
512 4659 572 4712 δὲ
599 4659 674 4722 ὡς
728 4658 846 4729 φῶς
886 4661 981 4714 καὶ
1033 4660 1434 4730 καταφωτίξειν
1463 4657 1574 4726 οἷός
1601 4677 1660 4715 τε
1691 4661 1818 4723 τοὺς
1867 4660 1926 4712 ἐν

317 4752 537 4822 σκότῳ,
590 4751 668 4816 ὡς
712 4753 950 4825 λεπροὺς
998 4753 1346 4827 καθαρίζων,
1404 4755 1501 4809 καὶ
1539 4754 1772 4826 νεκροὺς
1823 4748 1926 4808 κᾶν

313 4845 424 4916 ἤδη
499 4846 878 4910 δυσαιδοῦντας
926 4848 1105 4919 ῥᾷστα
1163 4849 1398 4920 ἐγείρων
1423 4885 1439 4913 ,
1496 4847 1572 4912 ὡς
1629 4845 1928 4910 θαλάσσαις

311 4937 624 5007 ἐπιτιμῶν,
669 4941 764 4994 καὶ
806 4941 994 5006 αὐτοῖς
1033 4941 1123 4994 ἐπ’
1151 4941 1405 5009 ἐξουσίας
1437 4939 1808 5013 ἐποχούμενος
1828 4938 1930 4994 κὺ-

317 5044 482 5100 μασι.
545 5029 661 5084 Καὶ
708 5029 844 5098 γοῦν
885 5031 984 5103 ήδη
1025 5049 1147 5096 πως
1211 5033 1452 5086 Ἰουδαῖοι
1505 5031 1926 5104 διηπορηκότες,

314 5121 417 5174 καὶ
445 5119 532 5189 τῷ
566 5120 666 5189 τῆς
698 5120 998 5190 βασκανίας
1033 5124 1169 5194 πυρὶ
1201 5122 1389 5176 λοιπὸν
1429 5124 1723 5194 ἀφορήτως
1755 5139 1924 5176 καταο

312 5212 676 5284 τρυχόμενοι.
715 5213 853 5283 πρὸς
892 5214 1160 5285 ἀλλήλους
1208 5215 1415 5284 ἔλεγον·
1455 5234 1476 5266 ς
1521 5215 1588 5268 Τί
1619 5211 1928 5286 ¹τιοιοῦμενς

311 5305 402 5360 ὅτι
438 5299 600 5369 οὗτος
634 5306 666 5362 ὁ
717 5305 1006 5378 ἄνθρωπος
1039 5307 1212 5362 πολλὰ
1243 5312 1447 5380 σημεῖα
1476 5310 1639 5362 ποεεῐε
1684 5327 1705 5360 ι
1738 5309 1922 5378 Αἴνιγ-

316 5414 400 5468 μια
431 5396 501 5469 δὴ
520 5394 616 5452 οὖν
630 5400 661 5453 ὁ
681 5398 1055 5471 παμποίκιλος
1075 5401 1210 5471 ἡμῖν
1236 5399 1406 5470 χιτών
1435 5403 1553 5454 ἐστι
1582 5401 1684 5472 τῆς
1705 5401 1925 5456 πολυειο

309 5487 445 5556 δοῦς
492 5491 768 5556 εὐκλείας,
813 5495 880 5563 ῆν
914 5493 945 5545 ό
975 5492 1112 5556 Θεὸς
1148 5495 1243 5547 καὶ
1273 5492 1470 5565 Πατὴρ
1505 5493 1812 5565 περιθεῖναι
1839 5493 1926 5546 λέ-

309 5597 478 5653 γεται
500 5582 577 5653 τῷ
611 5583 726 5653 Υίῴ
755 5583 880 5636 καθ’
907 5585 1059 5654 ἡμεῖς
1104 5583 1384 5655 γενομένῳ
1411 5581 1499 5637 διὰ
1543 5585 1605 5637 τὸ
1645 5583 1927 5656 ἀνθρώπι-

315 5694 427 5735 νον.
471 5677 624 5730 Ἐπεὶ
671 5677 736 5731 τό
770 5694 835 5746 γε
881 5672 1018 5749 ἧκον
1053 5679 1134 5740 εἰς
1160 5676 1296 5730 ίδίαν
1323 5676 1507 5746 φύσιν,
1534 5677 1698 5742 αὑτός
1723 5678 1872 5730 ἐστιν
1897 5679 1926 5731 ὁ

395 5863 445 5897 ⁸⁸
471 5863 608 5919 Osee
636 5878 731 5929 vn,
773 5861 864 5917 13.

969 5861 1016 5894 ⁸⁸
1042 5860 1180 5917 ibid.
1225 5861 1310 5918 16.
1393 5859 1438 5897 ³⁷
1462 5863 1584 5919 Act.
1614 5877 1688 5930 tv,
1719 5861 1805 5915 12.
1881 5861 1928 5894 ”
1947 5861 2090 5918 Psal.
2127 5876 2290 5927 xu'u,
2325 5859 2410 5917 15.

2030 4661 2240 4734 glorise,
2267 4676 2374 4732 qua
2399 4661 2546 4716 Deus
2569 4674 2634 4715 ac
2656 4659 2819 4716 Pater
2842 4657 3026 4715 induit
3048 4659 3271 4725 Filium,
3296 4660 3461 4717 nobis
3481 4661 3632 4716 simi-

2030 4754 2140 4810 lem
2172 4753 2380 4810 factum
2414 4759 2644 4825 propter
2678 4753 3102 4810 humanitatem.
3139 4752 3424 4826 Siquidem
3461 4768 3633 4826 quan-

2032 4857 2151 4906 tum
2189 4848 2258 4905 ad
2296 4849 2576 4920 prepriam
2613 4847 2791 4919 ipsius
2827 4854 3086 4902 naturam
3133 4847 3352 4912 attinet,
3396 4846 3514 4918 ipse
3550 4853 3635 4902 est

2031 4937 2304 4998 Dominus
2349 4941 2575 5012 κίοι-ξω,
2621 4940 2880 5006 tametsi,
2936 4947 3162 5012 propter
3207 4939 3632 4996 similitudinem

2036 5048 2204 5106 quam
2219 5033 2511 5089 nobiscum
2533 5032 2943 5097 habet,dicat:¢
2958 5033 3143 5095 Pater,
3169 5029 3409 5087 clariﬁca
3435 5031 3632 5088 Filium

2037 5135 2195 5182 tuum
2231 5127 2270 5180 ¹.
2301 5145 2320 5178 ι
2349 5125 2446 5180 His
2475 5125 2643 5195 igitur
2678 5123 2748 5177 de
2768 5124 2957 5178 causis
2991 5136 3130 5194 quas
3158 5121 3436 5188 recensui,
3463 5122 3634 5179 exsti-

2037 5219 2231 5275 mulati
2263 5226 2396 5273 sunt
2413 5217 2480 5272 ad
2501 5217 2638 5272 iram
2666 5224 2831 5287 atque
2861 5215 3126 5271 invidiam
3150 5213 3246 5270 ﬁlii
3271 5214 3596 5272 ancillarum
3621 5235 3634 5280 ;

2037 5319 2303 5384 praeterea
2335 5310 2392 5366 in
2413 5309 2790 5381 suspicionem
2825 5309 3146 5366 inciderunt-
3179 5323 3248 5364 οι
3287 5307 3488 5366 somnii
3511 5323 3638 5366 nan-

2028 5404 2266 5458 ratione.
2287 5401 2878 5472 190Praenoscentes
2891 5402 3041 5457 enim
3056 5401 3187 5474 quia
3212 5416 3476 5459 successu
3499 5407 3638 5458 ιεω-

2027 5495 2184 5567 poris
2210 5493 2381 5549 futuri
2406 5501 2592 5549 essent
2616 5494 2825 5549 subditi
2844 5492 3024 5560 fratri,
3055 5509 3296 5564 eumque
3325 5493 3638 5557 adoratam,

2031 5588 2216 5658 ipsum
2243 5601 2380 5642 vero
2404 5587 2567 5657 longe
2591 5588 2941 5658 superiorem
2967 5586 3108 5651 fore,
3141 5584 3389 5656 atquein
3419 5591 3638 5639 tantum

2031 5681 2221 5752 gloriae
2252 5681 2531 5753 fastigium
2567 5681 2942 5747 evehendum,
2972 5686 3035 5734 ut
3057 5679 3129 5734 ab
3160 5677 3296 5748 ipsis
3332 5676 3502 5731 etiam
3538 5689 3640 5745 pa-

2490 5861 2534 5894 ”
2565 5858 2705 5916 Joan
2757 5875 2827 5927 Si,
2873 5860 2959 5914 47.
3043 5857 3382 5923 'Joan.xrn,
3409 5854 3459 5909 1.
