4034 6452
464 387 568 448 303

1492 390 1547 445 8.
1589 386 1863 445 CYRILLI
1903 387 2374 445 ALEXANDRIM
2414 391 2732 448 ARCHIEP.

3627 400 3726 455 304

466 506 718 563 rentibus
742 506 1088 573 adorantur,
1113 504 1439 562 fundebant
1474 504 1752 569 dentibus,
1779 512 1834 558 et
1865 504 1933 559 de
1965 504 2052 558 in-

2158 506 2255 577 τῆς
2282 506 2439 578 δόξης
2465 508 2667 578 Κύριος
2694 522 2708 537 '
2741 507 2845 562 κᾶν
2897 509 2944 560 εί
2997 508 3146 576 λέγοι
3179 502 3339 579 τυχὸν
3384 507 3739 584 οἰκονομικῶς

466 597 788 655 terﬁciendo
809 614 874 653 eo
891 598 1221 669 cOgitarunt.
1245 594 1569 650 Exacerbati
1587 608 1719 650 vero
1737 603 1869 650 sunt
1885 595 2051 650 etiam

461 686 659 751 Judaei,
686 702 863 756 neque
885 702 1081 757 parum
1104 685 1309 750 amicti,
1336 684 1705 757 intelligentes
1723 685 2054 743 Emmanue-

463 782 571 835 lem
601 780 750 849 ipsos
781 779 949 833 etiam
978 788 1197 833 sanctos
1225 787 1408 848 patres
1437 786 1847 848 superaturum,
1873 779 2052 850 quod-

461 887 569 941 que
598 871 667 926 ab
698 871 845 926 omni
894 871 1097 941 populo
1138 869 1452 925 adorandus
1477 878 1641 935 esset,
1669 870 1780 927 imo
1809 887 1941 928 vero
1982 872 2053 927 ab

464 965 725 1019 universa
756 970 921 1018 terra.
965 961 1143 1033 Atque
1172 963 1338 1033 hujus
1378 963 1458 1017 rei
1499 964 1706 1018 conscii
1745 962 2000 1018 dicebant
2033 981 2049 1019 :

468 1077 487 1137 ε
519 1056 619 1111 [lic
656 1062 741 1111 est
765 1055 940 1110 hazres
979 1073 992 1109 :
1023 1056 1228 1120 venite,
1268 1055 1585 1110 occidamus
1621 1070 1770 1121 eum,
1803 1064 1859 1110 et
1883 1071 2049 1112 occu-

461 1165 657 1219 pemus
683 1147 1063 1203 hzereditatem
1087 1148 1328 1217 ipsius’;
1358 1166 1376 1199 ι
1422 1147 1640 1202 dicente
1679 1149 1847 1203 etiam
1888 1149 2051 1203 beato

461 1240 634 1295 David
674 1238 972 1310 Unigenito
1004 1238 1291 1293 incarnato
1336 1256 1348 1291 :
1383 1255 1401 1288 ι
1433 1236 1637 1294 Omnes
1682 1247 1873 1310 gentes
1914 1255 2051 1309 quas

461 1331 642 1387 fecisti
669 1332 914 1396 venient,
940 1336 997 1386 et
1022 1330 1329 1385 adorabunt
1365 1344 1548 1384 coram
1592 1339 1665 1395 te,
1694 1330 1923 1383 Domine
1949 1332 1988 1395 ες
2025 1350 2042 1382 ι

462 1422 669 1478 alicubi
713 1437 848 1478 vero
901 1437 1126 1476 rursum
1175 1421 1343 1475 etiam
1393 1421 1637 1491 ipsorum
1677 1420 2050 1475 lsraelitarum

463 1513 731 1569 adversus
771 1512 1057 1569 Christum
1099 1511 1364 1567 invidiam
1407 1512 1742 1583 impiamque
1787 1512 1925 1568 iram
1977 1515 2050 1570 ob

2154 600 2242 655 διὰ
2270 604 2367 673 τὴν
2410 605 2549 675 πρὸς
2580 604 2726 675 ἡμᾶς
2772 604 3049 674 ὁμοίωσιν*
3085 622 3105 655 ι
3146 603 3363 676 Πάτερ,
3393 604 3610 671 δόξασόν
3637 624 3727 661 σου

2154 692 2249 745 τὸν
2285 692 2434 747 Υίόν.
2480 712 2499 744 ›
2532 692 2911 766 Παρεθήγοντο
2942 693 3008 766 δὴ
3036 688 3132 748 οὖν
3166 696 3245 756 είς
3273 694 3448 759 λύπας
3477 698 3525 749 οί
3554 699 3616 751 ὲκ
3645 698 3728 752 θε-
3766 703 3775 761 ξ

2155 784 2458 853 ραπαινῶν,
2488 786 2571 854 ἐφ’
2599 780 2678 848 οἷς
2700 765 2837 857 ἔφην
2867 785 3090 855 ἀρτίως.
3125 786 3236 840 Καὶ
3260 787 3397 858 πρός
3426 805 3488 857 γε
3519 791 3582 860 δὴ
3610 788 3727 844 τού-
3764 765 3774 800 δ

2154 892 2284 939 τοις,
2317 874 2549 929 ὕποπτοι
2594 876 2850 945 γεγόνασι
2883 875 2971 931 διά
3001 877 3102 951 τὴν
3161 877 3270 931 τῶν
3313 880 3578 935 ἐνυπνίων
3627 884 3729 952 ἀφ-
3772 866 3784 893 ”

2155 968 2377 1038 ήγησιν.
2401 968 3131 1042 Προαναμανθάνοντεςγάρ,
3150 970 3225 1035 ὡς
3237 972 3392 1026 αὐτοί⁵
3411 973 3506 1044 μὲν
3527 972 3727 1030 ἔσονται

2154 1060 2297 1114 κατὰ
2343 1062 2572 1131 καιροὺς
2624 1061 2732 1115 ὑπὸ
2777 1062 2967 1127 πόδας,
3017 1063 3113 1117 καὶ
3168 1065 3543 1136 προσκυνηταί
3581 1080 3596 1096 ⁸
3623 1064 3726 1120 ὁδὶ

2152 1148 2273 1202 λίαν
2311 1149 2375 1221 δὴ
2417 1150 2824 1222 ὑπερκείσεται,
2860 1154 2952 1206 καὶ
2987 1153 3068 1217 είς
3108 1152 3269 1207 τοῦτο
3308 1154 3468 1225 δόξης
3509 1157 3728 1228 ἀναδρα-

2156 1244 2337 1312 μεῖται
2366 1242 2573 1308 λοιπὸν,
2615 1243 2692 1308 ὡς
2726 1245 2822 1298 καὶ
2849 1246 3035 1310 αὐτοῖς
3077 1245 3334 1314 γενέσθαι
3362 1251 3727 1320 προσκυνητδν

2150 1337 2264 1397 τοῖς
2288 1335 2676 1404 γεγεννηκόσιν
2704 1352 2719 1366 ο
2773 1336 3058 1409 έπέτριζον
3105 1338 3206 1408 ἤδη
3239 1334 3370 1401 τνδς
3401 1338 3619 1404 ὀδόντας
3640 1341 3730 1395 αὐ-

2151 1425 2280 1490 τῶν,
2312 1426 2405 1480 καὶ¹
2435 1424 2536 1490 τὰς
2568 1429 2667 1481 ἐπὶ
2702 1427 2763 1481 τὸ
2790 1428 2988 1499 χρῆναι
3036 1430 3207 1500 φονᾷν
3249 1428 3578 1500 είσεδέχοντο
3605 1432 3729 1500 γνὼ-

2156 1535 2283 1588 μας.
2312 1517 2700 1589 Παρωξύνοντο
2739 1519 2796 1573 δὲ
2831 1521 2925 1573 καὶ
2948 1521 2998 1573 ot
3026 1521 3291 1587 Ἰουδαῖοι,
3316 1521 3424 1583 καὶ.⁴
3441 1521 3727 1594 λελύπηντο

462 1605 654 1660 oeulos
680 1612 918 1675 ponente
967 1613 1132 1675 atque
1157 1604 1373 1658 dicente
1402 1621 1414 1657 :
1445 1622 1466 1655 ι
1492 1604 1757 1659 Dominus
1779 1605 2046 1675 regnavit,

2153 1608 2213 1660 οὐ
2244 1608 2482 1678 μικρῶς,
2516 1609 2881 1680 μανθάνοντες
2907 1611 3100 1665 ὄτικαὶ
3132 1611 3329 1676 αὐτοὺς
3354 1612 3726 1684 ὑπερκείσεται

464 1695 776 1751 irascantur
800 1695 987 1767 populi
1012 1695 1054 1747 ⁵.
1085 1713 1102 1745 ι
1133 1693 1279 1749 Satis
1312 1693 1497 1764 itaque
1528 1693 1739 1748 crudeli
1773 1703 1937 1764 atque
1961 1696 2049 1749 in-

2153 1700 2278 1762 τοὺς
2309 1699 2496 1768 ἁγίους
2522 1701 2819 1772 Πατέραςό
2842 1702 3212 1774 Ἐμμανουὴλ,
3239 1703 3334 1758 καὶ
3363 1703 3728 1775 προσκυνητδς

463 1784 673 1841 domita
703 1786 1019 1841 Judaeorum
1054 1785 1262 1839 invidia
1294 1796 1535 1850 ostensa,
1560 1793 1869 1855 opportune
1896 1786 2049 1842 dica-

2156 1789 2309 1843 έσται
2339 1793 2505 1847 παντὶ
2537 1793 2615 1865 τῷ
2661 1793 2796 1865 λαῷ,
2831 1794 3031 1865 μᾶλλον
3059 1796 3117 1849 δὲ
3162 1797 3353 1867 ἁπάσῃ
3383 1798 3449 1867 τῇ
3491 1797 3582 1867 γῇ.
3624 1795 3727 1848 Καὶ

464 1892 586 1932 mus
627 1877 993 1933 intolerabilia
1032 1882 1089 1931 et
1117 1876 1536 1947 sanguinolenta
1569 1876 1836 1942 facinora,
1871 1877 2050 1932 unde-

2153 1883 2311 1937 τοῦτο
2343 1888 2616 1950 συνιέντες
2648 1886 2886 1955 ἔφασκον
2910 1904 2922 1919 ο
2951 1881 3119 1951 Οὗτός
3144 1889 3294 1941 ἐστιν
3324 1890 3353 1942 ό
3382 1887 3724 1958 κληρονόμος,

462 1983 679 2039 quaque
708 1969 995 2024 historiam
1031 1978 1325 2033 sectantes,
1355 1975 1522 2039 atque
1557 1968 1613 2023 in
1645 1967 1824 2037 ipsum
1863 1969 2047 2024 incar-

2153 1969 2304 2023 δεῦτε
2335 1969 2741 2043 ἀποκτείνωμεν
2761 1972 2944 2040 αὐτὸν,
2972 1974 3066 2027 καὶ
3093 1974 3459 2046 κατάσχωμεν
3484 1976 3581 2048 τὴν
3603 1978 3723 2048 κλη-

462 2059 701 2114 nationis
717 2060 997 2131 Unigeniti
1014 2074 1241 2132 scopum
1269 2066 1638 2113 recurrentes.
1655 2059 1889 2114 Deducit
1902 2059 2052 2115 enim

2155 2062 2410 2132 ρονομίαν
2431 2061 2617 2114 αὐτοῦ·
2652 2082 2671 2114 ι
2707 2063 2883 2117 καίτοι
2904 2063 2999 2116 τοῦ
3026 2064 3296 2135 μακαρίου
3316 2065 3483 2119 Δαὸὶδ
3501 2066 3723 2135 ἀναφαν-

461 2167 568 2207 nos
591 2166 659 2207 eo
689 2164 889 2208 sermo.

2153 2153 2237 2207 δὺν
2283 2135 2534 2222 λέγοντος
2562 2154 3010 2228 ένηνθρωπηκότι
3040 2157 3118 2228 τῷ
3142 2159 3461 2227 Μονογενεί·
3496 2177 3515 2210 ι
3551 2157 3725 2211 Πάντα

460 2244 531 2296 τὰ
578 2242 705 2314 ἔθνη
754 2244 857 2297 ὅσα
895 2244 1178 2315 ἐποίησας,
1210 2243 1400 2314 ἥξουσι
1440 2245 1535 2298 καὶ
1577 2243 2050 2314 προσκυνήσουσιν
2088 2243 2318 2300 ἐνώπιόν
2360 2262 2477 2311 σου,
2544 2244 2721 2318 Κύριε
2753 2261 2768 2275 ο
2811 2265 2830 2299 ι
2876 2247 3067 2302 ἄλλοτε
3099 2247 3144 2301 δ”
3173 2246 3242 2302 αὖ
3267 2249 3365 2303 καὶ
3390 2247 3567 2302 αὐτῶν
3625 2245 3726 2300 τῶν

464 2336 525 2402 ἐξ
567 2334 784 2408 Ἰσραὴλ
821 2334 912 2390 τὸν
940 2337 1035 2391 ἐπὶ
1065 2334 1285 2409 Χριστῷ
1329 2336 1522 2405 φθόνον
1570 2336 1665 2390 καὶ
1726 2336 1827 2406 τὴν
1890 2336 2110 2390 ἀνοσίαν
2149 2337 2317 2409 ὀργὴν
2347 2340 2633 2409 καταφανῆ
2677 2338 2920 2404 τιθέντος
2950 2341 3043 2393 καὶ
3068 2339 3338 2410 λέγοντος·
3387 2359 3406 2393 ι
3444 2340 3505 2394 '0
3534 2338 3724 2410 Κύριος

466 2428 841 2495 ἐϐασίλευσεν,
869 2431 1279 2502 ὀργιζὲσθωσαν
1320 2431 1459 2485 λαοί.
1495 2450 1514 2483 ι
1558 2428 1950 2501 Ἀποχρώντως
1981 2428 2047 2501 δὴ
2083 2425 2175 2485 οὖν
2207 2432 2299 2484 τὸν
2340 2432 2523 2503 ἀπηνῆ
2593 2433 2686 2485 καὶ
2732 2432 3026 2487 ἀτίθασσον
3064 2432 3173 2489 τῶν
3222 2432 3495 2488 Ἰουδαίων
3563 2446 3716 2485 κατα-

465 2518 739 2585 δείξαντες
765 2520 981 2590 φθόνον,
1013 2522 1104 2573 ὲπὶ
1148 2520 1339 2591 καιροῦ
1377 2521 1629 2591 λέγωμεν
1653 2520 1722 2573 τὰ
1748 2516 2012 2572 δύσοιστά
2039 2536 2100 2573 τε
2139 2521 2232 2574 καὶ
2265 2524 2526 2592 μιαιφόνα
2563 2522 2912 2593 τολμήματα,
2945 2527 3193 2596 πανταχῆ
3239 2524 3331 2579 τὸν
3363 2527 3462 2596 τῆς
3500 2524 3722 2594 ἱστορίας

468 2611 891 2682 παραθλίσοντες
926 2611 1103 2680 λόγον,
1133 2613 1227 2665 καὶ
1259 2613 1339 2676 είς
1366 2611 1528 2665 αὑτὸν
1561 2612 1661 2681 τῆς
1698 2611 2167 2695 ὲνανθρωπήσεως
2196 2611 2290 2664 τοῦ
2359 2612 2700 2683 Μονογενοῦς
2747 2614 3066 2681 ἀναθέοντες
3131 2618 3222 2671 τὸν
3286 2618 3510 2672 σκοπόν.
3580 2617 3724 2670 Ἀναο

468 2704 685 2773 κομίζει
724 2703 832 2775 γὰρ
866 2696 1025 2765 αὖθις
1050 2703 1133 2765 είς
1156 2701 1313 2756 τοῦτο
1347 2703 1497 2772 ἡμᾶς
1526 2703 1556 2753 ό
1586 2701 1762 2769 λόγος.

535 2798 588 2853 5.
609 2796 808 2867 Ioseph
830 2796 1049 2867 quidem
1077 2796 1253 2866 patris
1276 2795 1360 2850 sui
1381 2795 1536 2865 jussu
1566 2794 1621 2850 in
1644 2794 1862 2852 Sichem
1886 2794 2054 2865 proﬁ—

463 2890 713 2954 ciscitur,
739 2888 1116 2944 sciscitaturus
1147 2903 1216 2941 an
1243 2886 1482 2951 valeant,
1514 2894 1681 2956 atque
1707 2886 1801 2941 ubi
1830 2894 1888 2941 et
1909 2896 2055 2957 quo-'

2232 2802 2293 2847 ε’.
2340 2794 2499 2847 Ίέναι
2536 2795 2636 2866 μὲν
2669 2796 2778 2869 γάρ
2807 2799 2864 2850 ὲν
2894 2799 3065 2870 Σιχὲμ
3090 2800 3180 2853 τὸν
3207 2799 3498 2857 θεσπέσιον
3541 2801 3721 2877 Ἰωσὴφ

2158 2887 2220 2939 τὸ
2246 2884 2338 2939 τοῦ
2380 2886 2584 2956 πατρὸς
2611 2889 2893 2943 ἀναπείθει
2919 2891 3254 2962 πρόσταγμα
3277 2935 3290 2958 ,
3325 2895 3488 2965 ειπερ
3513 2896 3646 2949 εἰσὶν
3670 2900 3721 2950 ἐν

464 2981 631 3035 modo
656 2987 882 3052 pascant
923 2979 1142 3034 fratres.
1187 2979 1307 3049 Ipse
1333 2993 1465 3033 vero
1495 2977 1632 3044 abit,
1671 2992 1737 3033 ac
1766 2976 2052 3033 difficulter

2159 2977 2504 3047 εὖρωστίαις,
2538 2980 2632 3032 καὶ
2671 2980 2795 3033 ὅποι
2816 2981 2947 3034 ποτὲ
2978 2983 3073 3036 καὶ
3115 2985 3237 3038 τίνα
3282 2986 3351 3057 δὴ
3388 2988 3582 3058 τρόπον
3619 2990 3723 3042 δια·

466 3087 564 3129 eos
595 3072 825 3136 invenit,
861 3087 971 3126 non
1010 3070 1233 3140 quidem
1268 3069 1324 3123 in
1352 3069 1592 3129 Sichem.
1625 3077 1683 3123 at
1708 3070 1891 3140 potius
1916 3085 2047 3139 pro-

466 3168 641 3222 fectos
668 3166 725 3219 in
752 3165 1036 3220 Dothaim.
1081 3162 1256 3217 Simul
1290 3170 1456 3232 atque
1488 3177 1624 3218 vero
1661 3162 2050 3218 adventantem

467 3255 769 3327 conspicati
797 3263 944 3320 sunt,
966 3254 1217 3309 odiosum
1244 3253 1379 3323 ipsis
1401 3260 1458 3307 et
1486 3266 1710 3323 gravem
1734 3251 1937 3317 rident,
1962 3252 2050 3307 di-

467 3356 655 3404 centes
679 3367 691 3400 :
727 3367 744 3398 ι
771 3347 911 3402 Ecce
931 3346 1233 3400 somniator
1254 3344 1344 3398 ille
1368 3343 1518 3397 venit
1539 3343 1581 3395 '.
1611 3361 1631 3393 ι
1651 3341 1905 3412 Cumque
1923 3357 2050 3397 eum

469 3438 782 3494 interﬁcere
811 3435 1150 3499 statuissent,
1182 3433 1439 3504 prohibet
1473 3432 1687 3487 Ruben.
1714 3432 2052 3487 Dimiserunt

467 3530 653 3599 itaque
685 3528 741 3581 in
774 3534 937 3580 unam
973 3525 1290 3585 cisternam,
1314 3521 1604 3576 consilium
1637 3520 1829 3575 Ruben
1859 3536 2051 3591 asper-

467 3627 683 3675 nantes.
728 3618 916 3686 Neque
957 3615 1130 3669 multo
1156 3621 1300 3683 post,
1328 3612 1586 3667 eductum
1623 3613 1883 3683 juvenem
1909 3628 1940 3668 ο
1967 3613 2049 3667 ci-

467 3719 659 3767 sterna
694 3708 1062 3763 vendiderunt
1093 3704 1384 3759 lsmaelitis
1420 3704 1477 3759 in
1507 3703 1797 3775 Egyptum
1828 3703 2049 3774 proﬁci-

467 3802 772 3857 scentibus.
808 3800 1001 3854 Ruben
1036 3813 1168 3854 vero
1197 3812 1322 3852 cum
1347 3797 1411 3851 ad
1444 3797 1735 3852 cisternam
1761 3797 2046 3863 rediisset,‘

465 3909 650 3965 neque
709 3893 970 3964 juvenem
1018 3891 1314 3961 reperisset
1341 3930 1355 3954 ,
1419 3898 1696 3943 mortuum
1754 3890 1867 3960 jam
1925 3900 2047 3944 cre-

435 3984 611 4041 ‘dens
680 3992 843 4053 atque
912 3982 981 4036 ab
1037 3981 1220 4051 impiis
1301 3980 1589 4036 homicidis
1658 3979 2049 4043 interfectum,

470 4074 856 4134 moleStissime
898 4072 952 4127 id
989 4074 1128 4128 tulit.
1170 4072 1238 4126 Et
1274 4071 1474 4141 Ioseph
1517 4069 1740 4140 quidem
1780 4068 2051 4125 abductus

463 4178 551 4227 est
588 4171 642 4225 in
685 4168 996 4240 Egyptum.
1037 4166 1197 4220 Pater
1229 4178 1358 4219 vero
1401 4162 1557 4227 luxit,
1592 4162 1879 4230 multoque
1909 4167 2049 4215 tem-

469 4278 608 4333 pore
675 4261 1082 4316 mmstissimam
1156 4257 1324 4311 vitam
1393 4255 1521 4325 egit.
1600 4252 1796 4310 Missus
1866 4259 2049 4311 autem

467 4363 554 4411 est
606 4371 641 4410 a
697 4355 810 4410 Deo
868 4368 933 4408 ae
968 4353 1128 4408 Patre
1176 4351 1294 4420 ipse
1336 4347 1600 4403 Dominus
1649 4354 1837 4401 noster
1893 4345 2054 4401 Jesus

469 4447 724 4503 Christus
754 4486 768 4512 ,
850 4452 914 4500 ut
976 4442 1285 4513 exploraret
1377 4437 1651 4494 lsraelitas
1722 4452 1795 4491 an
1871 4436 2054 4492 adhue

472 4538 632 4608 191
646 4536 879 4593 sanitate
893 4532 1109 4604 pmditi
1134 4539 1338 4595 essent,
1359 4526 1716 4585 intellectuali
1740 4526 2003 4583 nimirum
2034 4542 2049 4580 :
2094 4526 2099 4532 ’

472 4628 715 4696 itemque
767 4641 835 4680 an
885 4638 1018 4679 oves
1056 4623 1190 4692 ipsis
1223 4619 1527 4679 commissae
1550 4617 1606 4672 in
1633 4617 1795 4675 bonis
1835 4616 2054 4688 pascuis

468 4726 845 4791 versarentur,
878 4729 1057 4785 neque
1081 4720 1366 4784 pastorum
1394 4725 1527 4764 cura
1540 4708 1821 4771 destitutae
1846 4715 2051 4765 essent.

466 4809 742 4883 Caeterum
772 4807 969 4863 fratres
1002 4805 1212 4865 inventi
1246 4809 1395 4868 sunt,
1438 4801 1633 4855 nonin
1674 4800 1915 4865 Sichem,
1956 4800 2053 4857 sed

470 4905 530 4958 in
589 4900 864 4958 Dothaim.
907 4898 1124 4955 Sichem
1168 4896 1560 4966 interpretatur
1609 4894 1901 4947 humerus.‘
1941 4891 2055 4947 Hoc

472 4999 654 5049 autem
687 4990 995 5047 membrum
1015 4988 1232 5059 signum
1258 4993 1344 5042 est
1374 4983 1689 5056 diligentiae.
1721 4982 1885 5047 Sacra
1906 4980 2054 5036 enim

472 5083 754 5155 Scriptura
780 5081 1056 5139 interdum
1083 5094 1185 5151 pro
1214 5078 1432 5141 robore,
1466 5074 1744 5130 interdum
1772 5089 1872 5144 pro
1889 5089 2055 5144 opere

466 5178 621 5235 hunc
659 5183 846 5247 typum
889 5180 1138 5243 usurpat,
1177 5178 1240 5226 ut
1286 5168 1417 5225 illud
1451 5187 1464 5222 :
1503 5187 1521 5221 ι
1551 5168 1629 5223 Da
1678 5181 1773 5221 eor
1802 5174 1964 5234 tuum
1996 5165 2054 5219 in

468 5269 735 5323 humeros
760 5268 802 5333 ⁸,
834 5287 853 5318 ι
874 5266 980 5320 hoc
994 5272 1101 5329 est,
1137 5263 1194 5318 in
1220 5261 1462 5319 studium
1490 5258 1775 5331 operandi.
1802 5257 2054 5314 Dothaim

456 5367 656 5416 autem
696 5359 1093 5428 interpretatur
1128 5355 1343 5424 defectio
1374 5370 1587 5423 magna.
1622 5351 1881 5408 Israelita
1925 5366 2056 5421 ergo

471 5450 801 5522 deprehensi
852 5456 1002 5513 sunt,
1042 5444 1419 5515 nonvquidem
1456 5444 1648 5499 dantes
1680 5457 1903 5514 operam
1940 5442 2055 5497 vir-

472 5546 597 5609 tuti,
624 5530 806 5613 usque
837 5541 906 5597 iis
938 5556 1060 5611 quae
1096 5542 1182 5594 lex
1217 5537 1433 5608 probat,
1466 5536 1562 5592 sed
1593 5536 1649 5591 in
1673 5551 1869 5606 magna
1890 5534 2056 5605 justi-

472 5636 561 5692 tize
590 5643 753 5703 atque
787 5633 923 5707 adeo
958 5631 1155 5701 omnis,
1187 5628 1463 5699 aequitatis
1507 5627 1832 5685 defectione.
1868 5627 2056 5697 Neque

543 5818 565 5851 ³
588 5815 753 5873 Marc.
781 5830 875 5880 xu,
912 5815 963 5869 7.
1044 5813 1067 5845 ³
1095 5811 1236 5867 Psal.
1261 5824 1450 5872 ωιτν,
1491 5807 1541 5862 9.
1620 5807 1641 5841 ⁸
1674 5806 1814 5862 Psal.
1840 5822 2017 5871 πενίη,

2178 5810 2199 5841 ⁸
2233 5808 2367 5864 Gen.
2403 5824 2601 5876 xxxvii,
2634 5806 2722 5863 20.

2155 3067 2538 3138 ποιμαίνουσιν
2592 3069 3001 3143 ὲποπτεύσηται
3057 3073 3186 3136 τοὺς
3224 3074 3512 3145 ἀδελφούς.
3572 3080 3624 3133 '0
3672 3080 3722 3133 Bt

2153 3157 2339 3212 ἄπεισι
2370 3160 2491 3230 μὲν,
2520 3160 2768 3232 εὑρίσκει
2796 3161 2852 3215 δὲ
2886 3163 3061 3233 μόλις,
3087 3164 3290 3235 ἥκιστα
3325 3168 3428 3238 μὲν
3457 3170 3514 3222 έν
3542 3170 3717 3241 Σιχὲμ,

2154 3253 2577 3323 κατοιχομένους
2635 3254 2694 3308 δὲ
2743 3254 2945 3325 μᾶλλον
3003 3258 3083 3320 είς
3128 3257 3358 3329 Δοθαῖμ.
3422 3260 3509 3326 Ὠς
3567 3260 3621 3315 δὲ
3660 3264 3717 3334 δὴ

2155 3344 2447 3415 προσιόντα
2473 3345 2779 3412 τεθέανται,
2816 3347 3012 3419 πικρὸν
3057 3348 3154 3403 καὶ
3184 3351 3409 3423 ἀπηχθη
3421 3354 3577 3423 μένον
3612 3372 3719 3425 μει-
3740 3398 3751 3407 ν

2151 3434 2328 3500 διῶσι,
2357 3436 2627 3506 λέγοντες·
2672 3458 2692 3491 ι
2736 3439 2844 3493 Ἴδε
2872 3439 2902 3491 ό
2939 3441 3304 3513 ὲνυπνιαστὴς
3343 3444 3548 3511 ἐκεῖνος
3572 3446 3718 3517 ἔρχε-

2151 3542 2263 3578 ται.
2300 3546 2318 3577 ι
2356 3528 2765 3599 Διαχρήσασθαι
2794 3528 2851 3583 δὲ
2881 3529 3257 3605 βουλομένους,
3286 3535 3545 3606 ἀπείργει
3577 3536 3668 3607 μὲν
3694 3537 3717 3587 ό

2164 3618 2422 3689 Ῥουῦείμ
2445 3637 2459 3653 ο
2497 3621 2756 3675 καθίεσαν
2778 3621 2823 3675 δ’
2843 3618 2936 3676 οὖν
2973 3625 3053 3687 εἰς
3085 3624 3182 3678 ἕνα
3218 3628 3332 3681 τῶν
3367 3627 3600 3692 λάκκων,
3631 3628 3716 3681 καὶ

2151 3711 2252 3781 τῆς
2281 3711 2375 3764 τοῦ
2422 3711 2679 3782 Ῥουόεὶμ
2719 3713 3034 3784 συμϐουλῆς
3074 3714 3465 3787 ἀλογήσαντες.
3500 3719 3630 3774 Μετ’
3661 3719 3715 3771 οὗ

2156 3803 2291 3856 πολὺ
2326 3802 2390 3856 δὲ
2428 3804 2522 3857 τοῦ
2558 3804 2764 3858 λάκκου
2800 3806 2893 3860 τὸν
2917 3808 3135 3862 νεανίαν
3161 3809 3587 3882 ἀνιμησάμενοι,
3614 3814 3715 3874 τοῖς

2166 3895 2536 3967 Ἰσμαηλίταις
2587 3897 2851 3952 ἀπέδοντο
2899 3899 3323 3955 καταϐαίνουσιν
3374 3905 3456 3968 είς
3494 3903 3592 3974 τὴν
3626 3905 3715 3956 Αί-

2152 3988 2418 4054 γυπτίων.
2475 3987 2883 4061 Ὑπονοστήσας
2915 4008 2980 4060 γε
3021 3992 3130 4063 μὴν
3187 3994 3281 4047 ἐπὶ
3320 3994 3412 4049 τὸν
3462 3996 3655 4050 λάκκον
3691 3996 3715 4046 ό
3776 4060 3779 4063 ἰ

2165 4078 2447 4149 Ῥουσεὶμ,
2480 4075 2602 4134 εἶτα
2630 4081 2693 4134 τὸ
2726 4082 3014 4153 μειράκιον
3045 4084 3143 4154 οὐχ
3177 4085 3377 4157 εὑρὼν,
3415 4086 3714 4141 ὲκτεθνάναι

2152 4167 2209 4221 δὲ
2234 4168 2335 4240 ἤδη
2366 4169 2595 4239 νομίσας
2614 4210 2630 4235 ,
2667 4170 2829 4243 ἔργον
2871 4188 2932 4225 τε
2961 4171 3215 4240 γενέσθαι
3255 4177 3357 4245 τῆς
3383 4176 3494 4229 τῶν
3527 4173 3716 4246 φονῶν-

2154 4275 2261 4312 των
2324 4260 2711 4333 ἀνοσιότητος,
2765 4262 3166 4336 δεδυσφόρηκεν
3210 4266 3279 4318 οὐ
3348 4266 3560 4339 μικρόν.
3614 4266 3717 4319 Καὶ

2084 4328 2129 4383 Ῐ)
2158 4348 2505 4422 ἀπεκομίσθη
2556 4328 2655 4422 μὲν
2697 4328 2914 4425 Ἰωσὴφ
2937 4328 3388 4424 είς-Αἴγυπτον·
3427 4328 3713 4427 τεθρήνηκι

2153 4442 2213 4495 δὲ
2239 4443 2269 4495 ό
2308 4443 2511 4516 πατὴρ,
2542 4445 2636 4497 καὶ
2666 4445 2828 4516 μέχρι
2870 4445 3068 4500 πολλοῦ
3098 4449 3459 4519 κατοιμώζων
3482 4447 3709 4503 διετέλει.

2166 4534 2473 4605 ’Δπεστάλη
2502 4534 2561 4587 δὲ
2603 4535 2755 4606 παρά
2785 4535 2879 4589 τοῦ
2904 4535 3042 4590 Θεοῦ
3075 4539 3170 4591 καὶ
3207 4540 3421 4611 Πατρὸς
3449 4539 3541 4593 καὶ
3568 4535 3715 4598 αὐτὸς

2154 4627 2182 4677 ὁ
2220 4624 2425 4696 Κύριος
2444 4625 2603 4697 ἡμῶν
2642 4628 2850 4699 Ἰησοῦς
2873 4630 3124 4700 Χριστὸς,
3149 4631 3579 4702 ἐπισκεψόμενος
3601 4629 3716 4688 τοὺς

2155 4715 2217 4782 ἐξ
2269 4717 2509 4789 Ἰσραὴλ,
2547 4720 2597 4772 εί
2638 4719 2976 4774 διατελοῦσιν
3006 4722 3067 4773 ἐν
3102 4722 3461 4792 εὐρωστίαις,
3485 4721 3638 4791 δῆλον
3664 4719 3714 4770 δὲ

2154 4809 2372 4874 ὃτιταῐς
2394 4812 2646 4881 νοηταῖς,
2694 4812 2789 4864 καὶ
2829 4813 3218 4883 είμεμένηκεν
3262 4815 3322 4867 ὲν
3358 4813 3509 4885 καλῷ
3535 4810 3603 4866 τὰ
3632 4808 3714 4863 ὑπ’

2152 4901 2357 4965 αὐτοὺς
2383 4900 2703 4973 θρέμματα,
2738 4902 2841 4972 τῆς
2861 4903 2970 4961 τῶν
2998 4904 3274 4974 ποιμένων
3297 4898 3593 4966 ἐπιεικείας
3624 4901 3715 4953 οὐκ

2156 4990 2628 5061 ἀπομοιρήσαντα.
2670 4991 2821 5044 Ἀλλ’.
2849 4990 3110 5064 εὕρηνται
3144 4994 3242 5065 μὲν
3291 4994 3392 5049 οὐκ
3438 4994 3496 5048 ἑν
3534 4990 3711 5062 Σιχὲμ,
3810 5043 3828 5067 ο

2156 5081 2270 5135 ἀλλ’
2318 5083 2379 5136 ὲν
2414 5082 2644 5153 Δοθαῖμ.
2696 5084 2760 5136 Ἦ
2805 5084 2977 5154 Σιχὲμ
3017 5079 3177 5154 ὦμος
3216 5085 3592 5156 ἑρμηνεύεται.
3622 5081 3713 5149 Σηδ

2156 5175 2311 5244 μεῖον
2334 5173 2380 5226 δ’
2415 5174 2481 5228 ἂν
2514 5175 2725 5243 γένοιτο
2753 5176 3041 5248 φιλεργίας
3066 5177 3128 5231 τὸ
3162 5178 3344 5248 μέλος.
3377 5174 3712 5232 Κατείθισται

2156 5265 2265 5335 γάρ
2311 5280 2425 5329 πως
2442 5296 2449 5317 ς
2480 5269 2514 5338 ή
2563 5266 2919 5331 θεόπνευστος
2950 5268 3177 5339 Γραφὴ,
3221 5267 3354 5322 ποτὲ
3402 5269 3499 5340 μὲν
3553 5266 3708 5335 ἰσχὺνι

2158 5358 2290 5410 ποτὲ
2321 5356 2378 5410 δὲ
2431 5358 2511 5420 είς
2552 5356 2718 5428 ἔργου
2753 5358 2924 5414 τύπον
2966 5358 3237 5415 ποιεῖσθαι
3272 5361 3367 5415 τὸν
3403 5353 3568 5431 ὦμον.
3596 5349 3711 5432 ϐίον

2156 5449 2334 5503 ἐκεῖνό
2359 5464 2540 5521 φαμεν
2561 5450 2645 5518 τδ,
2675 5470 2693 5504 ι
2723 5452 2823 5516 Δὸς
2842 5453 3070 5524 καρδίαν
3103 5470 3197 5507 σου
3225 5456 3304 5516 εἰς
3330 5455 3455 5516 τοὺς
3477 5451 3668 5521 ὤμους,
3688 5462 3705 5494 ν

2159 5542 2454 5606 τουτέστιν,
2495 5544 2576 5607 είς
2607 5543 2911 5615 φιλεργίαν.
2932 5544 3139 5616 Δοθατμ
3163 5546 3221 5600 δὲ
3245 5545 3425 5611 πάλιν,
3458 5543 3710 5608 ἔκλειψις

2158 5635 2355 5702 ἱκανή.
2395 5636 2829 5709 Κατελήφθησαν
2870 5638 3050 5691 τοίνυν
3084 5641 3131 5692 οί
3178 5639 3237 5706 ἐξ
3282 5638 3514 5710 Ἰσραὴλ,
3535 5634 3627 5689 οὐκ
3660 5632 3710 5683 ιν

2801 5812 2821 5844 ⁸
2846 5810 3049 5869 Jerem.
3094 5828 3237 5877 xxxi,
3266 5809 3349 5870 Si,
