4034 6450
268 428 273 429 ί
327 356 439 415 se:

1362 358 1890 420 GLAPHYRORUM
1930 363 2001 421 IN
2040 364 2346 423 GENESIM
2389 367 2520 423 LIB.
2562 368 2652 423 Ἣ.

3558 375 3666 431 506

328 466 654 556 φιλεργίαις
681 466 836 531 ὄντες
872 468 995 532 ταῖς
1018 468 1099 533 εἰς
1133 468 1368 544 ἀρετὴν,
1405 469 1530 528 οὔτε
1567 473 1676 547 μὴν
1707 474 1764 529 ὲν
1799 475 1946 530 εὗδο-

2062 479 2201 535 enim
2229 489 2352 537 erat
2400 500 2419 533 ι
2463 481 2550 536 vel
2600 497 2745 537 unus
2778 481 2982 555 justus,
3022 498 3123 550 nec
3157 490 3277 539 erat
3327 484 3424 556 qui
3458 483 3668 541 faceret

327 555 603 631 κιμήξεσι
654 561 778 624 ταῖς
830 559 978 616 κατά
1032 561 1125 618 τόν
1175 564 1370 635 νόμον,
1422 564 1540 619 ἀλλ’
1600 567 1658 620 ὲν
1699 565 1944 637 ἐκλείψει

327 652 530 724 πολλῇ,
564 652 922 727 δικαιοσύνης
953 654 1198 727 δηλονότι
1235 659 1331 712 καὶ
1366 658 1587 731 ἀπάσης
1616 660 1942 725 ἐπιεικείας.

328 744 405 798 οὐ
432 744 552 814 γὰρ
573 738 643 816 ἦν
680 764 699 796 ι
734 743 948 811 δίκαιος
990 747 1113 802 οὐδὲ
1141 743 1242 817 εἷς,
1275 750 1377 804 οὐκ
1404 745 1474 823 ἦν
1505 750 1677 806 ποιῶν
1710 752 1947 825 χρηστόσ

326 854 505 908 τητα,
535 837 642 891 οὐκ
681 833 752 912 ἦν
792 840 900 905 ἕως
934 841 1056 906 ἑνός
1082 856 1098 873 ·
1135 860 1156 893 ι
1189 842 1330 908 ἀλλ’,
1368 842 1445 908 ὡς
1474 842 1610 909 Θεός
1648 845 1753 900 πού
1807 863 1943 918 φησι

326 928 417 985 διὰ
447 932 553 1004 τῆς
583 933 682 988 τοῦ
715 935 1005 1006 προφήτου
1037 934 1248 1006 φωνῆς,
1282 936 1452 1009 μόνην
1482 936 1635 1010 αὐτῷ
1664 938 1946 1011 προσῆγον

326 1025 430 1096 τὴν
462 1024 579 1080 ἀπὸ
602 1025 854 1096 γλώττης
885 1027 1077 1100 τιμὴν,
1107 1029 1199 1084 τὸν
1230 1029 1355 1084 νοῦν
1399 1030 1629 1100 ἑτέρωθι
1668 1031 1947 1104 μεταστήο

331 1137 559 1187 σαντες,
585 1122 686 1176 καὶ
722 1121 819 1177 τοῦ
857 1124 1057 1201 χρῆναι
1089 1122 1336 1196 πληροῦν
1361 1123 1431 1177 τά
1458 1124 1827 1197 νενομισμένα
1858 1125 1948 1180 διά

328 1214 625 1284 Μωσέως,
662 1217 857 1290 πόῤῥω
901 1233 1005 1272 που
1055 1218 1506 1290 μετοικισάμενοι
1552 1220 1651 1292 τὴν
1690 1219 1942 1293 καρδίαν.

331 1308 712 1379 Βροσέκειντο
729 1310 842 1381 γάρ
861 1309 1055 1381 μόναις
1066 1310 1465 1379 διδασκαλίαις,
1496 1312 1590 1366 καὶ
1613 1312 1946 1385 ὲντάλμασιν

329 1398 676 1473 ἀνθρώπων.
739 1401 884 1457 Ἀλλ’
940 1402 1263 1473 ἐπέγνωσαν
1335 1404 1434 1476 μὲν
1500 1405 1749 1478 παρόντα
1807 1405 1947 1477 μετά

2049 566 2279 647 bonum,
2299 584 2368 626 ne
2402 585 2550 626 unus
2577 570 2803 642 quidem
2838 572 2881 627 '.
2925 591 2942 624 ι
2972 570 3081 636 Sed
3113 574 3257 631 sicut
3280 575 3426 633 Deus
3461 574 3668 634 alicubi

2049 674 2150 730 per
2174 674 2367 716 vocem
2388 661 2676 733 propheta:
2714 663 2810 731 ait,
2852 662 3228 722 exhibuerunt
3254 667 3308 723 ei
3346 668 3527 726 solum
3563 667 3667 724 ho-

2048 766 2244 808 norem
2288 753 2497 826 lingua,
2531 764 2720 813 mente
2748 755 2970 822 interim
3012 760 3233 827 remoti,
3267 769 3325 819 et
3365 761 3563 834 procul
3600 759 3668 818 ab

2049 845 2373 917 impletione
2422 863 2615 905 eorum
2656 866 2778 923 quae
2802 867 2902 923 per
2930 852 3153 926 Moysen
3190 849 3464 929 praecepta
3512 863 3665 927 sunt,

2049 939 2317 996 cordibus
2372 949 2503 998 sunt
2539 943 2830 1001 alienati".
2875 946 3278 1005 lncumhebant
3331 951 3483 1009 enim
3530 950 3668 1009 solis

2050 1032 2319 1090 doctrinis
2330 1042 2387 1091 et
2399 1036 2676 1093 mandatis
2692 1036 3003 1096 hominum.
3027 1040 3201 1097 Porro
3212 1052 3517 1115 cognorunt
3541 1046 3670 1117 qui-

2049 1124 2175 1182 dem
2210 1126 2616 1201 intolligibilem
2640 1140 2697 1185 et
2728 1131 2996 1188 dilectum
3026 1134 3229 1207 Joscph
3253 1135 3308 1189 in
3326 1152 3493 1192 carne
3519 1153 3665 1209 prte-

2052 1225 2292 1273 sentem.
2315 1218 2408 1274 Ait
2441 1219 2591 1275 enim
2612 1220 2813 1277 beatus
2842 1221 3084 1279 Joannes
3113 1225 3471 1296 evangelista,
3515 1228 3665 1298 quod

2059 1328 2077 1361 ι
2112 1309 2273 1366 multi
2303 1311 2529 1382 quidem
2563 1328 2631 1368 ex
2669 1313 3016 1386 principibus
3043 1315 3402 1373 crediderunt
3432 1319 3491 1372 in
3536 1335 3666 1374 eum

2049 1406 2149 1462 sed
2171 1416 2401 1479 propter
2422 1407 2733 1465 Pharisaeos
2760 1420 2875 1465 non
2898 1408 3310 1465 confitebantur
3334 1412 3375 1466 ’.
3412 1430 3429 1463 ›
3454 1397 3668 1470 Idcirco

331 1492 549 1566 σαρκὸς
594 1494 689 1547 τὸν
738 1495 1124 1567 ἠγαπημένον,
1166 1495 1262 1551 τὸν
1302 1496 1494 1568 νοητὸν
1535 1498 1758 1571 Ἰωσήφ.
1800 1498 1945 1571 Ἔφη

2062 1501 2110 1555 in
2143 1516 2271 1556 eum
2327 1517 2490 1572 quem
2516 1503 2628 1574 jam
2681 1511 3075 1574 cognoverant,
3124 1504 3446 1561 debacchati
3514 1513 3665 1559 sunt.

331 1585 447 1658 γὰρ
478 1587 510 1640 6
551 1585 835 1660 μακάριος
876 1586 1278 1662 εὐαγγελιστὴς
1336 1589 1615 1663 Ἰωάννης,
1649 1591 1801 1656 ὅπως
1847 1590 1949 1662 μέν

2062 1589 2389 1647 Deciderunt
2410 1593 2585 1659 enim,
2600 1600 2657 1649 et
2681 1594 2738 1648 in
2762 1594 3100 1666 profundum
3122 1604 3287 1668 atque
3308 1596 3666 1653 tenebrosum

332 1694 416 1730 τοι
449 1676 550 1730 καὶ
597 1695 618 1730 ι
651 1678 718 1731 ὲκ
762 1678 875 1733 τῶν
931 1680 1213 1752 ἀρχόντων
1263 1682 1452 1737 πολλοὶ
1492 1683 1830 1739 ἐπίστευσαν
1867 1685 1951 1749 εἰς

2062 1685 2249 1743 mortis
2279 1684 2628 1754 barathrum,
2666 1687 2773 1743 hoc
2805 1699 2910 1757 est,
2940 1690 2997 1744 in
3023 1689 3300 1745 infernum
3339 1705 3438 1747 seu
3466 1691 3521 1745 in
3551 1689 3666 1746 fos-

332 1770 529 1839 αὑτὸν,
566 1771 710 1826 ἀλλὰ
746 1772 839 1826 διὰ
868 1774 996 1840 τοὺς
1039 1776 1369 1848 Φαρισαίους
1410 1777 1512 1849 οὐχ
1549 1776 1890 1849 ὡμολόγουν.
1924 1796 1942 1830 ι

2062 1794 2172 1835 sam
2201 1780 2500 1851 quamdam
2533 1784 2912 1854 conjecerunt.
2942 1784 3022 1841 lta
3056 1783 3203 1839 enim
3244 1783 3469 1839 divinus
3492 1784 3664 1839 David

344 1864 710 1935 Ἐπιγνόντες
740 1865 921 1922 τοίνυν
968 1872 1439 1951 πεπαρφνήκασιν
1470 1873 1550 1937 εἰς
1584 1873 1772 1928 αὐτόν.
1812 1873 1951 1929 Ἀπ-

2062 1868 2236 1942 ipsum
2267 1871 2431 1927 nobis
2463 1871 2761 1944 descripsit
2794 1873 3030 1943 loquens
3055 1872 3124 1927 ad
3160 1873 3382 1928 Patrem
3405 1879 3462 1927 et
3491 1871 3666 1926 Deum

333 1958 600 2013 εκτόνασι
619 1960 753 2033 γὰρ,
779 1961 877 2015 καὶ
900 1961 1093 2036 ὥσπερ
1117 1964 1200 2029 εἰς
1227 1981 1351 2020 τινα
1379 1965 1586 2020 λάκκον
1615 1965 1869 2037 καθῆκαν
1899 1968 1948 2020 οἰ

2062 1964 2338 2021 εωιεειοηι
2366 1964 2526 2036 quasi
2554 1965 2609 2020 in
2636 1981 2874 2036 persona
2900 1965 3144 2021 Christi:
3181 1983 3198 2015 ι
3235 1962 3489 2029 Domine,
3523 1962 3664 2018 edu-

337 2051 569 2107 δείλαιοι
593 2095 610 2121 ,
641 2055 707 2109 τὸ
746 2054 886 2127 βαθὺ
929 2057 1027 2110 καὶ
1059 2056 1335 2114 σκοτεινὸν
1378 2058 1473 2113 τοῦ
1514 2058 1749 2114 θανάτου
1781 2058 1950 2133 βάρα-

344 2147 491 2218 θρον,
512 2147 772 2203 τουτέστι
806 2148 900 2202 τὸν
930 2149 1091 2223 ᾅδην.
1136 2149 1296 2207 Οὕτω
1336 2152 1449 2226 γὰρ
1487 2156 1624 2227 ἡμῖν
1657 2154 1824 2209 αὑτὸν
1856 2157 1952 2209 καὶ

339 2241 365 2291 ό
394 2237 698 2305 Θεσπέσιος
735 2240 911 2294 Δαϐἰδ.
935 2244 1310 2315 κατεσήμαινε
1339 2244 1518 2315 λέγων
1552 2245 1629 2310 ὡς
1694 2246 1831 2320 πρὸς
1860 2248 1952 2302 τὸν

338 2333 394 2386 ιν
416 2333 683 2404 οὐρανοῖς
708 2332 931 2406 Πατέρα
959 2336 1057 2390 καὶ
1087 2336 1243 2402 Θεὸν,
1271 2337 1346 2403 ὡς
1378 2339 1443 2392 ὲκ
1474 2336 1771 2411 προσώπου
1812 2340 1953 2412 Χρι-

341 2426 495 2481 στοῦ·
546 2446 567 2480 ι
619 2425 822 2500 Κύριε,
860 2428 1141 2500 ἀνήγαγες
1188 2428 1249 2497 ἐξ
1295 2428 1425 2503 ᾅδου
1465 2430 1567 2502 τὴν
1603 2431 1788 2503 ψυχήν
1824 2449 1951 2504 μου.

340 2518 566 2583 ἕσωσάς
619 2535 690 2591 με
726 2517 838 2573 ἀπὸ
870 2518 984 2573 τῶν
1023 2519 1473 2576 καταϐαινόντων
1518 2523 1599 2587 εἰς
1647 2522 1874 2577 λάκκον.
1929 2541 1947 2574 ι

346 2611 543 2683 ’Δθρει
584 2611 647 2666 δέ
694 2629 788 2684 μοι
828 2612 941 2667 τῶν
986 2613 1151 2685 ἱερῶν
1177 2614 1562 2687 ,Γραμμάτων
1608 2616 1708 2689 τὴν
1771 2609 1951 2689 ἰσχὺν,

342 2704 437 2757 καὶ
469 2703 536 2757 τὸ
578 2704 719 2759 πολὺ
759 2704 882 2760 λίαν
916 2704 1291 2779 ἀπεξεσμένον
1327 2709 1408 2773 εἰς
1438 2708 1500 2762 τὸ
1527 2709 1779 2781 ἀκριϐές·
1821 2731 1839 2764 ι
1893 2712 1951 2765 Ὀ

343 2798 584 2867 λάκκος,
615 2800 774 2871 φησὶ,
800 2799 991 2865 κενὸς,
1018 2799 1164 2873 ὕδωρ
1208 2801 1309 2854 οὐκ
1342 2796 1522 2873 εῖχεν,
1564 2822 1581 2855 ι
1627 2803 1716 2858 ἵνα
1763 2787 1957 2872 σαξρῶς

344 2897 441 2949 καὶ
476 2893 737 2965 ἐναργῶς
774 2896 804 2949 6
830 2894 985 2964 ᾅδης
1012 2896 1146 2967 ἡμῖν
1178 2895 1267 2949 διὰ
1306 2895 1501 2951 τούτου
1530 2900 1955 2972 κατασημαίνη-

344 3004 457 3042 ται.
489 2987 610 3043 Καὶ
639 2986 767 3042 τίνα
785 2987 1022 3059 τρόπον,
1051 2986 1184 3060 ὲρῶ·
1219 2985 1366 3061 ὓδωρ
1406 2990 1505 3061 μὲν
1538 2991 1650 3064 γάρ
1683 2991 1957 3065 σύμϐολον

344 3079 412 3137 ἂν
453 3081 546 3153 εἰη
594 3078 768 3152 ζωῆς,
818 3081 897 3144 ὡς
940 3080 1229 3147 ζωοποιόν.
1273 3101 1292 3135 ι
1333 3083 1522 3155 Ὕδωρ
1573 3085 1631 3139 δὲ
1664 3086 1767 3140 οὐκ
1816 3081 1958 3141 εἷναί

348 3191 521 3245 φησιν
559 3174 622 3229 ὲν
652 3173 733 3243 τῷ
761 3172 975 3246 λάκκῳ.
1022 3192 1040 3226 ι
1081 3174 1231 3282 Τῶνν
1247 3175 1373 3249 γάρ-
1390 3175 1537 3250 ζωῆς
1570 3179 1959 3253 ὲστερημένων
1986 3223 2030 3282 c

347 3268 511 3321 νοοῖτ*
553 3264 623 3320 ἂν
668 3265 900 3331 εἰκότως
942 3268 971 3322 6
1011 3266 1147 3340 ᾅδης
1181 3263 1330 3335 οἰκός
1368 3288 1429 3325 τε
1472 3272 1568 3326 καὶ
1608 3273 1955 3346 ἐνδιαίτημα.

346 3361 502 3434 Πλὴν
548 3358 889 3433 ἀνεϐιϐάσθη
939 3361 1002 3415 τὸ
1047 3362 1361 3436 παιδάριον.
1414 3364 1646 3422 ’Δνεϐίω
1698 3368 1757 3422 δὲ
1797 3370 1902 3423 καὶ.⁴
1930 3371 1961 3423 6

352 3453 596 3527 Χριστὸς
630 3455 695 3507 ὲκ
732 3455 970 3525 νεκρῶν.
1011 3455 1089 3509 Ub
1131 3456 1243 3526 γὰρ
1269 3456 1463 3528 γέγονε
1493 3458 1575 3532 τῷ
1605 3450 1796 3532 λάκκῳ
1822 3462 1959 3517 κάτ-

352 3567 499 3622 οχος.
549 3547 689 3604 Οὐδὲ
742 3548 1059 3621 μεμένηκεν
1079 3554 1109 3608 6
1126 3553 1364 3625 Χριστὸς
1396 3556 1478 3620 εἰς
1503 3556 1654 3630 ᾅδου,
1682 3560 1961 3618 κεκένωκε

349 3642 406 3695 δὲ
445 3641 658 3714 μᾶλλον
686 3642 871 3698 αὐτόν.
899 3662 918 3696 ι
946 3644 1093 3715 Ἔφη
1120 3645 1229 3717 γὰρ
1256 3650 1369 3713 τοῖς
1394 3650 1453 3703 ὲν
1481 3649 1728 3721 δεσμοῖς·
1774 3653 1961 3721 Ἐξέλ-
2006 3636 2009 3641 ’

352 3736 500 3790 θετε.
547 3752 566 3787 ι
611 3735 833 3809 Ἐπειδὴ
870 3735 929 3790 δὲ
966 3737 1339 3810 ἀνεϐιϐάσθη,
1367 3741 1463 3796 καί.
1490 3743 1591 3797 οὐκ
1631 3746 1714 3810 εἰς
1742 3747 1964 3820 μακρὰν

353 3831 382 3881 6
424 3827 724 3894 θεσπέσιος
781 3830 985 3903 Ἰωσὴφ
1043 3831 1289 3904 ἀπῆλθεν
1338 3835 1421 3899 εἰς
1473 3835 1575 3909 τὴν
1619 3838 1962 3909 Αἰγυπτίων,

358 3923 759 3997 ιιπριαμένων
784 3924 949 3979 αύτδν
970 3926 1080 3980 τῶν
1119 3928 1480 4001 Ἰσμαηλιτῶν
1508 3947 1522 3963 ·
1554 3927 1698 4004 ἦσαν
1732 3935 1791 3989 δὲ
1815 3938 1966 4007 ἀρω-

356 4017 555 4089 μάτων
602 4017 861 4090 ἔμποροι.
913 4019 1143 4073 Ἀνεϐίω
1186 4019 1288 4092 μὲν
1332 4008 1443 4095 γὰρ
1486 4025 1581 4079 καί
1625 4027 1655 4079 6
1702 4027 1964 4101 Χριστὸς,

352 4109 454 4162 καὶ
504 4109 857 4182 ἀναϐέϐηκεν
907 4113 972 4165 ὲκ
1008 4111 1100 4166 τοῦ
1141 4112 1372 4169 λάκκου.
1406 4117 1868 4192 Μεταπεφοίτηκε
1908 4123 1965 4178 δὲ

353 4204 458 4274 τὴν
521 4202 792 4259 Ἰουδαίαν
854 4206 1018 4274 ἀφεὶς
1078 4207 1160 4272 εἰς
1209 4207 1313 4281 τὴν
1364 4208 1477 4264 τῶν
1524 4211 1696 4267 ἐθνῶν
1743 4214 1962 4287 χώραν·

356 4294 781 4367 περιφερόντων
858 4297 1023 4351 αὑτὸν
1103 4298 1216 4354 τῶν
1288 4302 1499 4373 νοητῶν
1572 4303 1963 4378 Ἰσμαηλιτῶν,

351 4385 611 4438 τουτέστι
632 4426 646 4448 ,
672 4385 784 4441 τῶν
815 4388 873 4441 ὲν
894 4388 1113 4459 ὑπακοῇ
1142 4389 1302 4444 Θεοῦ·
1336 4390 1705 4466 ἑρμηνεύεται
1734 4397 1847 4470 γάρ
1881 4398 1969 4453 οῦ-

352 4496 469 4543 τως
501 4480 537 4552 ή
584 4478 754 4547 λέξις.
788 4481 949 4547 Ἰῖίνες
993 4481 1039 4536 δ’
1069 4482 1135 4538 ἂν
1180 4480 1294 4539 εἷεν
1327 4488 1377 4541 οἰ
1420 4489 1650 4559 τοιοίδε;
1706 4492 1876 4548 Πάλιν
1916 4496 1965 4550 οἰ

2052 2056 2183 2112 xisti
2204 2058 2444 2113 animam
2465 2074 2644 2114 meam
2663 2074 2729 2113 ex
2750 2057 2968 2113 inferno
2993 2075 3004 2111 :
3027 2055 3259 2113 servasti
3283 2071 3368 2109 me
3389 2070 3419 2109 a
3439 2053 3669 2111 descen-

2055 2148 2318 2207 dentibus
2354 2151 2415 2206 in
2454 2150 2638 2207 lacum
2664 2152 2731 2217 ¹⁰,
2778 2170 2796 2203 ι
2839 2166 2937 2206 seu
2981 2149 3037 2204 in
3070 2147 3295 2203 fossam.
3340 2145 3446 2202 ilic
3478 2155 3664 2202 autem

2055 2242 2193 2299 mihi
2220 2243 2600 2300 animadverte
2636 2259 2918 2300 sacrarum
2965 2242 3311 2298 Litterarum
3342 2239 3452 2295 vim
3498 2246 3667 2311 atque

2056 2337 2451 2409 praestantiam.
2511 2357 2527 2391 ι
2585 2338 2784 2404 Fossa,
2850 2335 3065 2408 inquit,
3126 2340 3250 2390 erat
3301 2347 3512 2398 vacua,
3560 2345 3667 2386 nec

2057 2428 2513 2503 habebataquam
2538 2432 2602 2497 η,
2637 2450 2654 2483 ι
2693 2440 2754 2487 ut
2778 2430 2858 2487 sic
2886 2428 3051 2486 nobis
3079 2426 3368 2484 evidenter
3402 2432 3458 2481 et
3478 2432 3669 2496 aperte

2056 2524 2301 2594 infernus
2328 2524 2670 2595 designetur.
2709 2522 2828 2592 Qua
2865 2537 2998 2579 vero
3036 2521 3251 2577 ratione
3281 2518 3482 2576 dicam.
3509 2515 3668 2589 Sym-

2059 2617 2249 2673 bolum
2292 2618 2442 2674 enim
2494 2618 2624 2673 vitae
2660 2612 2762 2673 ~est
2818 2631 2982 2687 aqua,
3039 2623 3315 2686 tanquam.
3356 2608 3663 2667 viviﬁcans.

2068 2730 2086 2763 ι
2118 2711 2240 2767 Non
2268 2719 2408 2777 erat,
2446 2709 2648 2783 inquit,
2685 2710 2906 2782 aquain
2937 2709 3117 2765 fossa:
3151 2728 3168 2761 ι
3197 2704 3471 2777 siquidem
3493 2702 3667 2758 infer-

2060 2819 2167 2859 nus
2192 2804 2394 2859 merito
2422 2818 2617 2859 eorum
2663 2804 2759 2874 qui
2794 2803 2903 2861 vita
2930 2801 3133 2874 privati
3175 2806 3324 2865 sunt,
3363 2804 3421 2853 et
3469 2796 3669 2852 domus

2059 2905 2116 2955 et
2166 2897 2382 2953 mansio
2426 2897 2643 2953 censeri
2681 2896 2864 2955 debet.
2903 2896 3113 2951 Verum
3164 2890 3430 2965 parvulus
3457 2905 3488 2945 e
3520 2887 3670 2945 fossa

2062 2986 2327 3043 reductus
2374 2988 2580 3045 cst..Et
2621 2986 2879 3044 Christus
2922 2985 3123 3043 revixit
3156 3000 3187 3039 a
3244 2981 3517 3041 mortuis:
3553 2996 3670 3038 non

2062 3080 2211 3135 enim
2242 3079 2425 3151 potuit
2448 3080 2724 3138 contineri
2754 3096 2783 3134 a
2817 3078 2995 3137 fossas
3010 3079 3126 3134 Nec
3140 3077 3395 3134 Christus
3412 3090 3673 3148 perman-

2062 3175 2136 3233 sit
2171 3174 2227 3235 in
2260 3174 2497 3243 inferno,
2534 3175 2697 3249 192
2716 3175 2811 3232 sed
2839 3175 3026 3247 potius
3046 3173 3305 3241 exhausit
3331 3187 3479 3227 eum.
3521 3189 3539 3223 ι
3580 3170 3671 3228 Ait

2065 3267 2215 3323 enim
2255 3267 2365 3323 illis
2390 3268 2485 3339 qui
2537 3268 2594 3322 in
2646 3268 2884 3323 vinculis
2945 3274 3124 3332 erant,
3159 3264 3501 3338 Egredimini
3548 3265 3611 3318 ".
3644 3283 3662 3315 ι

2067 3361 2365 3432 Postquam
2426 3376 2558 3417 vero
2605 3359 2826 3416 divinus
2875 3358 3080 3429 Joseph
3108 3367 3194 3414 est
3224 3357 3479 3425 eductus,
3520 3357 3671 3412 haud

2069 3453 2233 3525 longo
2254 3462 2498 3525 tempore
2523 3454 2832 3525 interjecto,
2864 3452 2921 3507 in
2942 3451 3235 3525 Egyptum
3266 3451 3425 3516 abiit,
3451 3457 3673 3522 emptus

2070 3547 2140 3602 ab
2167 3546 2487 3614 lsmaelitis;
2513 3546 2569 3601 hi
2595 3553 2781 3602 autem
2800 3553 2961 3601 erant
2981 3553 3317 3601 mercatores
3337 3549 3668 3627 aromatum.

2069 3639 2207 3695 Nam
2229 3648 2285 3695 et
2310 3639 2566 3697 Christus
2592 3639 2810 3706 revixit,
2846 3646 2903 3694 et
2933 3654 3002 3695 ex
3028 3637 3172 3695 fossa
3191 3638 3463 3705 ascendit,
3487 3644 3673 3694 trans-

2071 3734 2173 3791 ivit
2205 3750 2341 3791 vero
2361 3736 2552 3792 relicta
2577 3734 2768 3792 Iudaea
2797 3734 2854 3790 in
2881 3735 3163 3807 regionem
3178 3732 3446 3806 gentium,
3480 3729 3535 3787 in
3562 3746 3675 3801 qua

2072 3828 2362 3886 Ismaelitm
2402 3828 2797 3901 intelligibiles,
2828 3829 2935 3884 hoc
2956 3835 3062 3894 est,
3086 3827 3239 3885 dicto
3257 3827 3357 3883 Dei
3379 3824 3674 3881 audientes

2075 3919 2174 3993 (ita
2208 3920 2358 3976 enim
2393 3920 2565 3976 dictio
2597 3920 2715 3976 haec
2738 3917 3082 3991 exponitur),
3108 3918 3295 3988 ipsum
3328 3929 3517 3972 sealm
3565 3913 3673 3969 du-

2073 4021 2226 4070 cunt.
2256 4011 2326 4068 At
2348 4014 2575 4084 quinam
2599 4021 2729 4069 sunt
2766 4012 2906 4068 tales
2930 4010 3258 4067 lsmaelitae?
3282 4010 3499 4078 Rursus
3523 4007 3675 4065 beati

2073 4107 2333 4179 discipuli
2366 4107 2463 4179 qui
2493 4107 2857 4180 praebuerunt
2877 4120 3044 4161 aures
3062 4103 3334 4160 institutis
3358 4101 3587 4166 Christi,
3618 4106 3676 4156 et

2073 4198 2332 4270 primitiae
2355 4198 2485 4255 facti
2526 4208 2656 4255 sunt
2682 4212 2877 4255 eorum
2910 4197 3007 4269 qui
3056 4195 3418 4267 acquiescunt
3449 4192 3508 4249 in
3538 4192 3677 4249 obe-

2075 4293 2284 4355 dientia
2338 4300 2395 4349 et
2439 4292 2547 4349 ﬁde
2588 4293 2875 4364 gloriaque
2919 4305 3043 4361 quae
3070 4288 3302 4361 legalem
3349 4296 3576 4359 superat
3608 4287 3673 4341 ⁸³.

2075 4385 2271 4442 Merito
2295 4385 2444 4441 enim
2485 4385 2624 4442 tales
2653 4383 2915 4441 censendi
2952 4390 3087 4439 sunt
3121 4389 3428 4438 aromatum
3458 4397 3674 4437 merca.

2074 4485 2243 4548 tores,
2292 4477 2387 4550 qui
2434 4476 2643 4534 Christi
2689 4470 3017 4550 mysterium
3067 4474 3323 4532 reddunt
3357 4472 3672 4537 odoratum,

355 4570 629 4643 μακάριοι
656 4571 922 4644 μαθηταὶ,
947 4574 1011 4628 τὺ
1035 4571 1129 4641 οῦς
1153 4577 1449 4646 ὑποθέντες
1480 4584 1592 4648 τοῖς
1615 4583 1705 4639 διὰ
1724 4585 1957 4660 Χριστοῦ

2074 4573 2356 4644 totiusque
2379 4572 2601 4628 virtutis
2617 4570 2796 4627 ideam
2818 4570 2876 4626 in
2900 4569 3017 4626 suis
3044 4568 3335 4625 animabus
3359 4566 3675 4625 luculenter

354 4661 722 4734 παιδεύμασι,
754 4666 852 4719 καὶ
885 4666 1114 4741 ἀπαρχὴ
1148 4671 1441 4740 γεγονότες
1462 4672 1574 4727 τῶν
1608 4674 1964 4749 εὐδοκιμούν-

352 4775 468 4813 των
514 4760 577 4814 tv
624 4759 842 4833 ὑπακοῇ
887 4761 987 4817 καί
1035 4762 1254 4830 πίστει,
1304 4766 1401 4821 καὶ
1442 4770 1557 4834 τοῖς
1606 4770 1749 4844 ὑπὲρ
1800 4772 1967 4845 νόμον

351 4851 705 4923 αὐχήμασιν.
740 4853 805 4907 Οἱ
848 4853 959 4926 γὰρ
1014 4855 1210 4910 τοιοίδε
1255 4858 1450 4913 νοοῖντ’
1495 4860 1563 4915 ἀν
1605 4862 1832 4929 εἰκότως
1871 4866 1968 4920 καὶ

349 4941 676 5016 ἀρωμάτων
712 4942 980 5018 ἔμποροι,
1015 4946 1079 5001 τὸ
1120 4948 1360 5033 Χριστοῦ
1399 4953 1701 5025 μυστήριον
1735 4957 1966 5014 εὐωδιά-

349 5035 578 5100 ζοντες,
627 5034 722 5088 καὶ
763 5036 987 5109 ἀπάσης
1034 5038 1239 5111 ἀρετῆς
1276 5040 1421 5096 ἰδέαν
1456 5045 1514 5098 έν
1557 5046 1719 5111 ἰδίαις
1756 5047 1959 5120 ψυχαῖς

229 5122 245 5137 ⁸
347 5127 802 5198 ἀναματτόμενοι
840 5130 1098 5199 γενικῶς.
1124 5125 1397 5191 Οῦτοιτὸν
1428 5137 1639 5210 Ἰ-ησοῦν
1668 5140 1962 5215 ἐξεπρίαν-

345 5238 413 5275 το
455 5220 663 5291 τρόπον
701 5222 861 5289 τινα,
910 5225 1093 5280 πάντα
1142 5229 1241 5300 μὲν
1298 5229 1534 5300 ἀφέντες
1593 5233 1662 5289 τὰ
1716 5236 1774 5290 ἐν
1813 5235 1965 5308 νόμῳ

347 5310 612 5384 λαμπρὰ,
645 5312 740 5366 τὸν
770 5311 871 5369 ἕνα
901 5313 960 5368 δὲ
1007 5316 1104 5370 καὶ
1150 5335 1169 5369 ι
1209 5317 1513 5390 πολύτιμον
1560 5338 1578 5372 ι
1611 5322 1966 5395 ἐμπορευσά-

350 5420 513 5474 μενοι
551 5422 573 5454 ι
620 5405 997 5477 μαργαρίτην,
1037 5425 1055 5457 ι
1102 5407 1244 5463 κατὰ
1290 5409 1388 5482 τὴν
1419 5409 1586 5465 αὐτοῦ
1619 5412 1717 5467 τοῦ
1776 5413 1967 5485 Σωτῆ-

349 5515 451 5570 ρος
499 5497 847 5570 παραϐολήν.
902 5491 1067 5555 Οὗτοι
1111 5503 1227 5567 τοῖς
1274 5501 1455 5559 ἔθνεσι
1507 5504 1830 5577 διεκόμισαν
1871 5508 1965 5562 τὸν

345 5587 618 5662 Χριστὸν,
661 5590 1080 5663 ἱερουργοῦντες
1112 5594 1171 5648 τὸ
1197 5594 1555 5666 Εὐαγγέλιον,
1595 5600 1688 5654 καὶ
1718 5600 1823 5655 ἀνὰ
1858 5603 1964 5654 πᾶ-

2070 4664 2408 4737 exprimunt.
2452 4664 2520 4720 Hi
2553 4672 2811 4736 emerunt
2848 4661 3255 4734 quodammodo
3275 4661 3486 4729 Jesu‘m,
3540 4661 3672 4717 reli-

2066 4760 2280 4831 ctisque
2305 4760 2587 4821 omnibus.
2619 4774 2741 4831 quae
2760 4759 2817 4815 in
2852 4759 2973 4830 lege
2998 4756 3286 4830 splendida
3327 4764 3477 4821 sunt,
3519 4769 3674 4812 com-

2066 4859 2335 4926 pararunt
2371 4852 2479 4909 sibi
2502 4854 2647 4910 hanc
2674 4866 2840 4910 unam
2874 4870 2893 4904 ι
2933 4852 3234 4923 pretiosam
3253 4848 3625 4920 margaritam,
3647 4866 3665 4898 ι

2062 4947 2219 5020 juxta
2235 4944 2537 5003 Saivatoris
2548 4945 2725 5000 nostri
2750 4943 3067 5015 parabolam
3085 4943 3147 4997 ιδ.
3165 4940 3255 5006 Hi,
3271 4939 3517 5010 inquam,
3542 4952 3675 5009 gen-

2066 5040 2220 5097 tibus
2259 5040 2583 5097 obtulerunt
2604 5038 2907 5104 Christum,
2942 5035 3393 5092 administrantes
3418 5032 3674 5106 Evange-

2067 5137 2230 5199 lium,
2260 5140 2317 5188 et
2341 5146 2440 5202 per
2481 5130 2802 5186 universum
2829 5139 3106 5184 terrarum
3140 5125 3332 5181 orbem
3358 5123 3674 5198 pradican-

2074 5235 2160 5283 tes
2192 5224 2500 5287 Christum,
2533 5229 2794 5292 tanquam
2824 5220 2997 5275 Deum
3019 5226 3089 5273 et.
3111 5216 3429 5285 Dominum,
3462 5226 3520 5274 et
3554 5226 3677 5275 tan-

2070 5333 2235 5390 quam
2259 5316 2501 5388 lapidem
2529 5317 2790 5381 electum,
2825 5314 3183 5391 reprobatum
3213 5312 3439 5386 quidem
3465 5328 3497 5369 a
3534 5314 3675 5386 legis

2067 5421 2124 5470 et
2176 5411 2470 5468 mundanae
2502 5410 2785 5482 sapientiae
2830 5394 3151 5468 architectis
3179 5429 3191 5466 :
3223 5410 3318 5467 sed
3347 5411 3584 5467 electum
3614 5417 3675 5466 et

2069 5507 2375 5578 pretiosum
2405 5504 2553 5576 apud
2580 5506 2776 5571 Deum,
2806 5513 2862 5561 et
2892 5505 3121 5578 incaput
3146 5502 3667 5577 angulipositum".

2068 5600 2342 5657 Caeterum
2379 5599 2573 5655 Ruben
2600 5599 2890 5670 prohibuit
2912 5598 3112 5656 fratres
3137 5615 3166 5654 a
3203 5598 3349 5653 caede
3405 5596 3473 5651 Et
3500 5594 3672 5649 Judas

426 5797 451 5827 ⁷
487 5797 625 5872 Ρεὲις
658 5814 773 5872 illi,
796 5797 846 5872 ,ὅ
875 5816 999 5864 ἶιην
1028 5799 1083 5854 4-
1124 5801 1146 5832 ⁸
1173 5800 1279 5856 Ῑςὶιο
1302 5819 1449 5865 ΗΠ,
1480 5804 1565 5870 15;
1596 5804 1787 5860 Matth.
1825 5823 1910 5870 xv,
1934 5806 2002 5871 8;
2038 5807 2203 5865 Marc.
2234 5808 2400 5868 γωδ.
2441 5810 2460 5843 ⁵
2485 5809 2643 5866 Joan.
2675 5824 2770 5872 Ill,
2802 5807 2888 5863 62.
2945 5808 2988 5840 ⁸ο
3014 5806 3153 5861 Psal.
3191 5821 3334 5871 xxiv,
3357 5802 3409 5858 ιι.
3452 5800 3492 5832 "
3526 5795 3667 5857 Gen.

351 5883 525 5935 xxvii,
552 5868 642 5925 24.
728 5869 900 5925 "lsa.
940 5872 1159 5940 xux,9.
1242 5872 1347 5929 "ll
1377 5868 1571 5933 Thess.
1611 5891 1672 5947 ιι,
1705 5877 1785 5932 12.
1872 5868 1910 5911 ιί
1949 5879 1957 5934 Σ

2064 5879 2141 5935 th.
2173 5896 2289 5948 xm,
2317 5881 2399 5939 46.
2446 5946 2458 5955 ε
2487 5882 2529 5913 ’⁵
2550 5880 2701 5961 ‘Psal.
2739 5868 2900 5945 exvit,
2931 5878 3031 5936 22.
