4034 6452
366 307 482 365 309

1390 309 1919 371 GLAPHYRORUM
1956 315 2024 371 IN
2064 315 2371 375 GENESIM
2413 317 2542 375 LIB.
2588 317 2679 377 Vl.

3583 319 3690 379 m

366 430 567 485 ιτικεν
598 428 750 496 υίδν,
785 429 879 484 καὶ
913 428 1146 485 ικάλεσε
1175 428 1235 485 τὸ
1266 429 1442 503 δνομα
1472 430 1641 487 αὑτοῦ
1685 433 1818 505 Ἤρ.
1865 433 1972 488 Καὶ

2082 433 2248 503 Saba,
2278 444 2335 491 et
2375 436 2592 509 accepit
2637 450 2783 504 eam,
2823 444 2882 493 et
2929 437 3215 509 ingressus
3257 445 3345 494 est
3387 437 3457 495 ad
3480 439 3703 511 ipsam;

366 520 727 576 συλλαϐοῦσα
757 520 940 588 πάλιν,
968 519 1158 576 ἔτεκεν
1181 522 1317 588 υίὸν,
1342 523 1435 577 καὶ
1458 521 1690 577 ἐκάλεσε
1718 524 1779 577 τὸ
1806 524 1981 595 ὄνομα

362 612 540 669 αὐτοῦ
577 614 783 670 Δύνᾶν.
830 613 945 668 Kal.
984 614 1292 687 προσθεῖσα
1311 658 1326 682 ,
1367 614 1449 670 ἐτι
1479 614 1667 670 ἔτεκεν
1699 617 1815 671 υίδν
1834 655 1851 681 ,
1883 616 1979 670 καὶ

362 704 607 758 ἐκάλεσε
654 704 719 760 τὸ
746 704 939 785 ’ὄνομα
973 705 1141 761 αὐτοῦ
1182 706 1406 780 Σηλώμ.
1443 725 1461 760 ι
1508 707 1707 773 Παῖδες
1752 708 1853 780 μὲν
1882 703 1978 763 οὖν

360 792 517 854 οὗτοι
562 798 829 868 γεγόνασι
881 798 963 871 τῷ
1019 800 1197 874 Ἰούδᾳ
1260 804 1432 875 τρεῖς.
1494 801 1716 874 Ἐπειδὴ
1777 801 1837 857 δὲ
1895 803 1978 866 είς

358 891 511 963 ἥϐην
541 887 684 964 ἧκον
718 893 768 947 οί
807 893 1053 959 νεανίαι,
1084 893 1301 965 δέχεται
1344 893 1444 967 τὴν
1484 893 1715 968 Θάμαρ,
1761 894 1861 950 καὶ
1898 892 1977 965 τῷ

360 983 717 1055 πρωτοτόκῳ
788 985 1296 1058 συγκαθείργνυσι,
1354 986 1643 1051 τουτέστι,
1692 985 1773 1058 τῷ
1841 986 1972 1057 Ἤρ.

382 1075 623 1148 Ἐπειδὴ
647 1076 705 1131 δὲ
733 1072 805 1150 ἧν
835 1078 1075 1150 πονηρὸς
1120 1079 1179 1133 ἐν
1208 1078 1510 1151 ὀφθαλμοῖς
1545 1079 1640 1133 τοῦ
1667 1078 1830 1148 Θεοῦ,
1868 1078 1975 1151 πρὸ

357 1169 583 1225 παίδων
621 1169 793 1243 γονῆς
825 1170 939 1226 τῶν
987 1171 1112 1226 καθ’
1154 1173 1307 1243 ἡμᾶς
1336 1172 1734 1243 ἀπηλλάττετο.
1782 1190 1802 1226 ι
1847 1173 1977 1225 Ἀπ-

355 1264 583 1317 έκτεινε
616 1264 749 1334 γάρ,
782 1263 973 1335 φησὶν,
1003 1264 1170 1319 αὐτὸν
1199 1265 1229 1318 6
1249 1263 1404 1329 Θεός.
1437 1283 1456 1317 ι
1496 1262 1632 1320 Εἶτα
1663 1264 1973 1337 προτρέπει

354 1355 456 1409 τὸν
483 1356 675 1410 Δύνᾶν
695 1357 725 1410 6
759 1358 946 1429 πατὴρ
965 1398 981 1423 ,
1019 1359 1087 1430 τῇ
1124 1354 1221 1411 τοῦ
1253 1356 1489 1428 ἀδελφοῦ
1532 1355 1973 1427 συγκατευνάζε-

358 1443 492 1499 σθαι
524 1447 788 1516 γυναικὶ,
830 1446 927 1501 καὶ
975 1448 1284 1520 ἀναστῆσαι
1331 1447 1558 1521 σπέρμα
1601 1446 1681 1518 τῷ
1722 1463 1973 1518 κατοιχο-

358 1537 535 1610 μένῳ.
565 1536 635 1593 '0
666 1537 747 1604 δὲ,
778 1538 1015 1610 ἐπείπερ
1044 1539 1145 1592 οὐκ
1188 1537 1356 1593 αὑτοῦ
1390 1556 1557 1610 φησιν
1587 1536 1816 1613 ἔμελλεν
1850 1536 1973 1592 ἔσε-

354 1628 488 1684 σθαι
545 1629 612 1684 τὸ
668 1628 1056 1700 γεννώμενον,
1105 1629 1200 1685 τὸν
1261 1628 1484 1685 συνόδου
1549 1629 1714 1701 νόμον
1763 1629 1967 1700 ⁴ίγδίκει,

355 1723 655 1793 διαταχέων
689 1725 772 1786 είς
806 1725 943 1794 γῆν,
979 1723 1076 1777 καὶ
1107 1723 1231 1794 οὐχὶ
1263 1721 1466 1795 μᾶλλον
1497 1722 1669 1777 ἐδίδου
1697 1723 1797 1794 τὴν
1831 1739 1969 1777 σπο-

2081 543 2319 599 cumque
2334 526 2702 601 concepisset,
2718 530 2936 602 peperit
2953 528 3160 596 ﬁlium,
3173 538 3235 586 et
3247 530 3464 586 vocavit
3485 546 3703 589 nomen.

2079 619 2200 690 ejus
2216 619 2348 675 Her.
2367 620 2437 675 Et
2454 637 2646 677 rursus
2666 619 2940 692 concepit,
2960 619 3287 693 peperitque
3307 620 3504 685 ﬁlium,
3523 636 3705 692 quem.

2078 712 2296 766 vocavit
2333 712 2554 768 Aunan.
2597 713 2667 769 Et
2696 712 2880 769 adhuc
2914 712 3132 784 peperit
3161 712 3357 779 ﬁlium,
3401 713 3561 785 cujus
3584 727 3690 769 no-

2079 819 2207 860 men
2238 804 2424 861 Sclom
2475 806 2540 860 ιτ.
2577 825 2595 859 ι
2640 807 2787 879 Ergo
2814 805 2870 861 hi
2900 816 3018 863 tres
3059 804 3159 860 ﬁlii
3204 814 3336 861 sunt
3363 807 3481 862 nati
3509 804 3687 863 ludat.
3717 810 3728 875 ἶ

2082 896 2244 970 195I
2285 896 2584 969 Postquam
2627 909 2814 955 autem
2853 899 3236 956 adolescentes
3290 910 3570 957 venerunt
3619 898 3691 956 ad

2074 988 2450 1060 pubertatem,
2501 989 2673 1046 Judas
2720 990 2964 1046 Thamar
3009 991 3384 1063 primogenita
3432 1007 3555 1059 suo,
3583 990 3692 1048 hoc

2075 1089 2180 1147 est,
2207 1079 2339 1147 Her,
2377 1081 2680 1153 copulavit.
2709 1080 2851 1137 Cum
2872 1089 3059 1137 autem
3083 1090 3233 1139 esset
3258 1083 3443 1138 malus
3470 1083 3528 1138 in
3556 1098 3693 1138 ocu-

2073 1166 2145 1229 lis
2182 1174 2303 1241 Dei,
2353 1175 2527 1230 orbus
2570 1173 2830 1232 decessit.
2865 1194 2883 1228 ι
2913 1174 3129 1232 Occidit
3180 1176 3351 1242 enim,
3383 1176 3481 1244 ait,
3529 1176 3690 1231 illum

2075 1267 2304 1324 Deus“.
2335 1287 2355 1323 ι
2413 1268 2623 1325 Deinde
2684 1267 2942 1325 hortatur
2977 1272 3220 1337 Aunan,
3283 1278 3346 1326 ut
3385 1286 3517 1326 cum
3573 1269 3689 1326 fra-

2073 1360 2177 1416 tris
2204 1376 2376 1417 uxore
2399 1361 2754 1429 concumbat,
2804 1362 3149 1433 suscitetque
3184 1378 3379 1420 semen
3425 1362 3691 1419 defuncto

2071 1449 2248 1508 fratri.
2285 1453 2394 1510 Sed
2433 1453 2528 1511 hic
2564 1470 2694 1510 cum
2743 1454 2961 1513 diceret
3010 1470 3125 1511 non
3180 1455 3302 1511 fore
3344 1471 3507 1512 suum
3539 1455 3688 1526 quod

2071 1554 2415 1612 nasceretur,
2456 1546 2687 1604 violavit
2742 1547 2922 1619 legem
2975 1547 3332 1620 procreandi,
3396 1546 3690 1603 effundens

2071 1651 2262 1694 semen
2297 1637 2359 1693 in
2387 1644 2595 1695 terram
2620 1657 2634 1694 :
2659 1654 2767 1696 nec
2790 1638 2873 1696 illi
2900 1639 3218 1711 impertitus
3242 1648 3350 1696 est.
3379 1639 3686 1697 Confestim

2072 1729 2242 1802 igitur
2294 1731 2465 1805 periit
2516 1732 2684 1789 etiam
2721 1733 2827 1791 iste
2871 1748 2941 1789 ex
2996 1733 3187 1790 divina
3224 1733 3328 1791 ira.
3364 1732 3484 1803 Quo
3512 1736 3682 1800 facto.

359 1814 484 1885 ράν.
512 1792 810 1869 ίΔιόλλυται
843 1792 902 1868 δὲ
946 1814 1043 1868 καὶ
1074 1792 1235 1879 οὗτος
1261 1792 1425 1879 εὐθὺς
1467 1813 1535 1868 ὲκ
1578 1811 1731 1878 θείας
1754 1792 1966 1886 ήδργῆς.

2075 1792 2313 1881 timebat
2325 1825 2589 1898 deinceps
2617 1826 2790 1884 Iudas
2817 1827 2871 1884 ei
2899 1828 3124 1886 tertium
3143 1828 3340 1895 ﬁlium,
3365 1792 3572 1896 gelom,
3599 1792 3684 1886 in:

357 1900 437 1963 Οῦ
485 1908 826 1979 γεγονότος,
867 1906 1059 1962 ἐδεδίει
1096 1908 1288 1963 λοιπὸν
1320 1909 1350 1962 ό
1396 1905 1602 1971 Ἰούδας
1642 1906 1736 1961 τὸν
1781 1906 1966 1978 τρίτον

356 2004 498 2075 αὐτῇ
539 2001 994 2072 συγκατοικίζειν
1029 2001 1168 2067 υἱὸν,
1214 2001 1359 2074 φημὶ
1384 2000 1448 2071 δὴ
1477 1999 1569 2054 τὸν
1598 1998 1825 2072 Σηλώμ.
1857 1998 1969 2054 Καὶ

364 2096 466 2152 τῶν
494 2099 581 2162 εἰς
631 2097 795 2151 τοῦτο
837 2097 1111 2167 δειμάτων
1145 2098 1179 2168 ὴ
1220 2096 1496 2170 πρόφασις
1530 2090 1622 2170 ἦν,
1666 2115 1684 2149 ι
1721 2094 1813 2167 Μὴ
1860 2094 1970 2167 ἄρα

365 2203 477 2250 πως
525 2184 630 2239 καὶ
681 2184 848 2250 αύτδς
898 2184 1195 2249 ἀπόλοιτο,
1255 2203 1275 2238 ι
1336 2184 1524 2257 φησίν.
1585 2186 1857 2240 Ἐποιεῖτο
1910 2184 1969 2240 δὲ

356 2277 564 2350 σκῆψιν
603 2276 703 2331 τοῦ
738 2276 816 2351 μὴ
849 2278 1051 2350 χρῆναι
1086 2276 1334 2349 πληροῦν
1379 2279 1472 2331 τὸν
1517 2277 1728 2349 γάμον,
1771 2278 1833 2332 τὸ
1868 2278 1969 2350 τῆς

353 2370 448 2425 τοῦ
480 2371 685 2436 παιδὸς
714 2371 938 2443 ἡλικίας
985 2371 1185 2443 κομιδῇ
1234 2368 1430 2443 βραχύ.
1465 2366 1600 2425 Eine
1631 2371 1775 2444 γὰρ,
1811 2371 1967 2444 φησὶ,

351 2469 422 2540 τῇ
448 2466 650 2541 νύμφῃ
679 2464 872 2521 αὐτοῦ’
911 2484 929 2516 ι
956 2465 1143 2518 Κάθου
1184 2464 1333 2536 χήρα
1366 2465 1427 2518 ὲν
1465 2462 1543 2535 τῷ
1572 2462 1710 2535 οἴκῳ
1738 2462 1834 2518 τοῦ
1861 2481 1970 2519 πα·

354 2562 487 2634 τρός
534 2578 667 2625 σου,
712 2559 821 2624 ἕως
856 2559 1031 2630 μέγας
1064 2557 1296 2630 γένηται
1331 2556 1533 2629 Σηλὼμ
1556 2557 1585 2611 6
1629 2557 1744 2622 υίός
1778 2574 1902 2629 μου.
1941 2576 1963 2611 ι

354 2655 497 2712 Eis-rs
527 2648 644 2728 γάρ
665 2670 678 2684 ’
720 2674 739 2706 ι
776 2654 869 2726 Μή
914 2669 1050 2707 ποτε
1079 2651 1334 2725 ἀποθάνῃ
1364 2651 1459 2705 καὶ
1487 2642 1671 2717 οὗτος,
1701 2650 1896 2723 ὥσπερ
1918 2650 1968 2706 οί

353 2748 583 2818 ἀδελφοὶ
612 2744 806 2801 αὑτοῦ.
836 2764 856 2797 ›
906 2741 1251 2798 Ἀπελθοῦσα
1283 2743 1340 2797 δὲ
1373 2742 1574 2815 Θάμαρ
1613 2742 1873 2815 ἐκάθητο,
1909 2743 1968 2797 ὲν

354 2842 430 2915 τῷ
457 2845 599 2914 οἴκῳ
634 2839 730 2894 τοῦ
770 2839 984 2911 πατρὸς
1023 2836 1221 2909 αὐτῆς.
1254 2831 1391 2890 Εἶτα
1431 2834 1628 2908 καιροῦ
1655 2835 1977 2906 διαγεγονό-

355 2955 473 3003 τος,
508 2931 920 3005 δεδυσφόρηκεν
963 2934 996 3004 ή
1043 2930 1247 3003 Θάμαρ
1283 2929 1380 2983 ἐπὶ
1401 2929 1479 3001 τῷ
1530 2927 1830 3000 μελλησμῷ
1868 2927 1965 2983 τσῦ

354 3027 564 3099 γάμου.
605 3025 833 3097 Συνίησι
867 3023 925 3077 δὲ
960 3022 1065 3095 ἤδη
1100 3038 1239 3087 πως,
1273 3020 1348 3086 ὡς
1388 3020 1492 3074 οὐκ
1528 3019 1595 3075 ἂν
1637 3020 1775 3075 οίσει
1826 3019 1967 3092 πρὸς

356 3114 538 3190 πέρας
561 3119 707 3191 αὐτῇ
734 3117 797 3172 τὸ
828 3114 1244 3187 ἐπηγγελμένον
1267 3116 1296 3169 6
1329 3112 1625 3186 κηδεστής.
1649 3112 1967 3185 Σκήπτεται

354 3212 648 3283 δὲμᾶλλον
690 3208 968 3274 ἀνατιθεὶς
1002 3209 1084 3272 είς
1125 3206 1429 3279 ὑπέρθεσιν
1470 3206 1568 3259 καὶ
1612 3205 1696 3269 είς
1738 3204 1967 3270 ἐλπίδας

354 3306 461 3361 οὐκ
504 3303 779 3377 ἐσομένας
807 3318 867 3356 το
903 3298 1303 3375 προσδοκηθέν.
1336 3299 1450 3354 Καὶ
1476 3298 1543 3352 ιτί
1585 3296 1651 3370 δὴ
1693 3296 1803 3371 ἄρα
1831 3298 1971 3372 πρὸς

355 3401 524 3456 τοῦτο
576 3399 894 3472 μηχανᾶται
937 3396 1160 3463 λοιπόν;
1217 3413 1237 3447 ι
1293 3391 1646 3464 Ἀπηγγέλη,
1701 3391 1869 3462 φησὶ,
1900 3393 1969 3464 τῇ

355 3495 568 3566 Θάμαρ
607 3495 678 3565 τῇ
716 3489 908 3564 νύμφῃ
945 3488 1133 3556 αὐτοῦ,
1171 3487 1449 3556 λέγοντες·
1492 3485 1627 3542 Ἰδοὺ
1650 3486 1678 3540 6
1708 3484 1971 3558 πενθερός

360 3605 456 3645 σου
487 3585 781 3643 ἀναϐαίνει
813 3586 896 3648 είς
921 3581 1116 3655 Θαμνὰ
1158 3584 1344 3654 κεῖραι
1389 3578 1462 3635 τὰ
1491 3578 1743 3652 πρόϐατα
1774 3575 1965 3633 αὐτοῦ.

357 3682 472 3739 Καὶ
525 3678 894 3755 περιελομένη
956 3675 1026 3731 τὰ
1071 3675 1270 3748 ἱμάτια
1328 3673 1432 3746 τῆς
1491 3672 1815 3746 χηρεύσεως
1870 3672 1969 3743 ἀφ’

357 3777 588 3847 ἑαυτῆς,
601 3773 874 3847 περιεδάλ
887 3769 966 3846 [λ]
982 3787 1071 3825 ετο
1084 3767 1395 3841 θὲριστρον,
1414 3767 1511 3821 καὶ
1527 3765 1968 3835 ὲκαλλωπίσατο,

356 3874 459 3927 καὶ
503 3870 751 3938 ἐκάθητο
803 3867 943 3940 πρὸς
986 3866 1107 3930 ταῖς
1150 3861 1352 3927 πύλαις
1397 3858 1602 3925 Αίνὰν,
1647 3858 1682 3931 ἦ
1723 3859 1873 3913 ἐστιν
1911 3858 1970 3911 ὲν

356 3964 593 4038 παρόδῳ
625 3959 844 4034 Θαμνά.
897 3955 1021 4013 Εἷδε
1054 3958 1166 4029 γὰρ
1212 3955 1295 4010 ὅτι
1332 3953 1510 4027 μέγας
1535 3953 1761 4023 γέγονεν
1797 3952 1825 4006 6
1854 3950 1972 4015 υίὸς

355 4055 535 4115 αὑτοῦ
582 4051 813 4126 Σηλὼμ,
864 4048 1032 4115 αὐτὸς
1082 4048 1140 4102 δὲ
1185 4047 1288 4101 οὐκ
1340 4045 1547 4099 ἔδωκεν
1595 4043 1770 4116 αὐτὴν
1818 4040 1970 4115 αὑτῷ

355 4151 625 4222 γυναῖκα.
666 4148 778 4218 καὶ
832 4143 958 4200 ίδὼν
1003 4142 1178 4215 αὐτὴν
1221 4142 1252 4196 6
1305 4136 1549 4203 Ἰούδας,
1583 4134 1764 4204 ἔδοξεν
1795 4135 1969 4209 αὐτὴν

357 4246 578 4317 πόρνην
612 4237 775 4297 εῖναι.
809 4235 1251 4305 Κατεκαλύψατο
1283 4231 1394 4304 γάρ
1430 4230 1493 4317 τὸ
1537 4229 1831 4302 πρόσωπον
1869 4227 1971 4282 αύ-

357 4316 486 4407 τῆς,
530 4332 632 4389 καὶ
681 4332 783 4386 οὐκ
816 4328 1039 4397 ἐπέγνω
1083 4323 1279 4397 αὐτήν.
1325 4340 1344 4374 ι
1396 4316 1529 4373 Εἶτα
1578 4317 1972 4390 συνηρπάζετο

360 4432 508 4507 πρὸς
544 4428 868 4501 ἐπιθυμίαν·
898 4423 1144 4481 αίτοῦντι
1175 4424 1233 4478 δὲ
1257 4423 1336 4496 τῷ
1369 4421 1581 4494 γυναίῳ
1615 4417 1969 4492 μισθώματα,

2072 1931 2261 1988 quam,
2313 1917 2637 1992 adjungere.
2683 1918 2865 1991 Atque
2911 1920 3032 1977 haec
3070 1929 3191 1978 erat
3230 1928 3413 1978 metus
3440 1923 3678 1981 occasio.

2070 2010 2337 2067 Aitenim
2371 2017 2554 2069 textus
2586 2029 2601 2067 :
2639 2032 2659 2066 ι
2683 2011 2991 2085 Nequando
3014 2022 3075 2071 et
3113 2015 3208 2071 hic
3241 2016 3525 2087 dispereat
3553 2016 3619 2072 ¹⁹.
3657 2037 3677 2070 ο

2073 2097 2183 2154 Sed
2225 2100 2344 2172 ipse
2380 2103 2684 2174 quominus
2738 2104 3043 2162 conﬁceret
3083 2107 3332 2177 nuptias,
3384 2107 3685 2164 excusabat

2070 2197 2233 2268 pueri
2257 2204 2500 2264 atatem,
2526 2196 2678 2268 quod
2704 2197 2922 2254 scilicet
2947 2198 2994 2253 is
3016 2197 3188 2255 nimis
3209 2202 3480 2270 parvulus
3536 2205 3687 2257 esset

2071 2294 2130 2343 et
2156 2286 2380 2357 ineptus
2404 2286 2476 2342 ad
2518 2287 2862 2358 conjugium.
2887 2287 3130 2359 Ideoque
3168 2287 3310 2344 dixit
3346 2289 3417 2345 ad
3445 2289 3688 2347 Thamar

2070 2395 2274 2436 nurum
2303 2395 2462 2436 suam
2497 2397 2512 2435 :
2551 2398 2572 2433 ι
2610 2379 2746 2436 Esto
2777 2381 2944 2436 vidua
2968 2381 3025 2436 in
3056 2381 3221 2438 domo
3250 2382 3426 2454 patris
3456 2381 3561 2449 tui,
3582 2382 3687 2440 do-

2070 2486 2177 2529 nec
2221 2472 2496 2544 pubescat
2532 2471 2680 2530 ﬁlius
2729 2489 2891 2530 meus
2943 2472 3130 2531 Selom
3159 2476 3228 2530 ".
3264 2494 3283 2527 ι
3309 2474 3459 2531 Dixit
3491 2474 3675 2533 enim:

2078 2583 2099 2618 ι
2128 2564 2436 2636 Nequando
2459 2564 2737 2621 moriatur
2762 2573 2819 2621 et
2841 2564 2957 2632 ille,
3005 2565 3151 2623 sicut
3177 2565 3377 2623 fratres
3408 2566 3531 2639 ejus
3552 2566 3620 2621 “.
3657 2585 3678 2618 ι

2069 2656 2330 2729 Digressa
2366 2665 2553 2714 autem
2595 2658 2839 2715 Thamar
2874 2658 3020 2715 sedit
3060 2658 3119 2715 in
3148 2658 3315 2714 domo
3363 2659 3538 2730 patris
3573 2659 3682 2718 sui.

2068 2749 2254 2807 Medio
2284 2757 2411 2820 pOSt
2459 2759 2712 2822 tempore
2738 2766 2885 2824 aegre
2920 2751 3052 2808 tulit
3080 2767 3291 2808 moram
3336 2752 3687 2825 nuptiarum.

2069 2840 2334 2915 Intelligit
2353 2841 2504 2898 enim
2542 2859 2613 2899 ex
2634 2850 2816 2923 parte,
2841 2843 2991 2915 quod
3021 2858 3181 2900 socer
3202 2859 3316 2900 non
3339 2844 3410 2900 sit
3443 2845 3685 2916 promis—

2071 2949 2195 2990 sum
2218 2934 2322 3007 ipsi
2349 2934 2725 3006 praestiturus,
2750 2933 2850 2992 sed
2882 2942 3097 2992 tantum
3130 2944 3399 3007 praetextu
3423 2936 3682 3009 qu0piam

2072 3033 2283 3090 utatur,
2317 3042 2430 3099 quo
2454 3042 2572 3083 rem
2598 3026 2820 3083 diﬁ'erat
2857 3035 3026 3098 atque
3053 3027 3446 3099 procrastinet,
3484 3028 3685 3100 ipsam-

1993 3138 2044 3204 ο
2071 3134 2180 3190 que
2206 3119 2355 3174 inani
2385 3134 2482 3192 spe
2524 3120 2693 3176 iactet
2727 3126 2784 3176 et
2836 3119 3257 3176 circumveniat.
3295 3118 3366 3176 At
3409 3120 3543 3191 quid
3566 3120 3700 3191 ipsa.

2075 3212 2343 3284 deinceps
2374 3220 2571 3269 contra
2593 3212 2702 3269 hoc
2734 3214 3125 3270 machinatur?
3169 3234 3188 3268 ι
3230 3214 3559 3272 Nuntiatum
3575 3222 3695 3281 est,.

2073 3306 2172 3373 ait,
2200 3304 2442 3361 Thamar
2487 3305 2655 3363 nurui
2699 3322 2858 3378 ejus:
2890 3306 3035 3364 Ecce
3057 3323 3218 3366 socer
3255 3314 3388 3364 tuus
3433 3308 3689 3365 ascendit

2072 3397 2131 3454 in
2156 3396 2407 3454 Thamna
2430 3395 2503 3452 ad
2531 3395 2840 3453 tondendas
2864 3412 2997 3454 oves
3020 3412 3167 3453 suas.
3194 3397 3263 3454 Et
3286 3397 3556 3470 depositis
3577 3413 3609 3453 a
3624 3411 3688 3457 se

2072 3488 2425 3546 vestimentis
2442 3488 2750 3556 viduitatis,
2781 3486 2964 3545 induit
2997 3504 3057 3546 se
3088 3489 3373 3556 theristro,
3396 3499 3453 3547 et
3489 3499 3694 3561 ostena

2073 3581 2242 3640 debat
2279 3581 2756 3655 pulchritudinem
2788 3598 2966 3650 suam,
3011 3581 3351 3654 sedebatque
3378 3582 3449 3638 ad
3493 3590 3685 3655 portas

2072 3676 2286 3745 Aenan,
2318 3693 2442 3749 qua:
2470 3685 2558 3734 est
2581 3677 2641 3735 in
2667 3676 2757 3733 via
2776 3676 2847 3733 ad
2874 3677 3145 3734 Thamna.
3173 3676 3324 3735 Vidit
3354 3676 3505 3734 enim
3534 3676 3685 3749 quod

2073 3770 2223 3828 ﬁlius
2244 3772 2365 3844 ejus
2403 3769 2587 3827 Selom
2608 3768 2836 3843 grandis
2862 3771 2977 3844 jam
3002 3769 3183 3827 factus
3203 3777 3371 3833 esset.
3406 3768 3524 3842 ipse
3548 3786 3685 3827 vero

2072 3877 2187 3918 non
2211 3862 2372 3918 daret
2403 3876 2529 3919 eam
2566 3860 2673 3933 ipsi
2706 3876 2958 3917 uxorem.
2994 3860 3065 3918 Et
3089 3859 3210 3917 visa
3244 3875 3309 3916 ea
3333 3860 3506 3918 Judas
3528 3857 3685 3916 arbi-

2072 3959 2253 4011 tratus
2300 3960 2388 4010 est
2433 3961 2681 4011 scortum
2728 3968 2872 4010 esse.
2921 3950 3224 4010 Obtexerat
3276 3953 3427 4010 enim
3481 3952 3685 4011 faciem

2072 4063 2252 4115 suam,
2294 4063 2478 4119 neque
2520 4046 2783 4120 cognovit
2812 4062 2937 4103 eam
2981 4048 3113 4102 “.1
3145 4045 3358 4103 Deinde
3401 4046 3698 4104 desiderio

2072 4143 2194 4214 ejus
2239 4141 2583 4213 rapiebatur.
2620 4139 2837 4197 Mulieri
2864 4146 3052 4195 autem
3081 4139 3296 4212 petenti
3341 4138 3682 4205 mercedem,

2071 4233 2368 4306 pollicetur
2394 4249 2454 4289 se
2477 4232 2780 4289 missurum
2806 4232 3048 4298 haedum,
3078 4232 3416 4303 arrhamque
3442 4234 3684 4305 promis-

2072 4324 2505 4398 sionisexigenti
2531 4324 2686 4381 dedit
2713 4324 2995 4391 baculum,
3031 4325 3298 4381 annulum
3329 4333 3389 4380 et
3452 4326 3682 4396 monile.

2070 4418 2180 4474 hoc
2205 4427 2312 4485 est,
2335 4427 2724 4474 ornamentum
2755 4415 3032 4488 quoddam
3058 4417 3208 4475 circa
3231 4418 3455 4475 collum.
3483 4417 3689 4476 Existi-

360 4524 611 4599 πέμψειν
658 4522 850 4596 ἔριφον
894 4517 1268 4592 ἐπηγγέλλετο
1283 4557 1313 4599 ,_
1345 4515 1537 4590 ὅμηρά
1579 4531 1644 4569 τε
1668 4513 1767 4585 τῆς
1795 4513 1972 4580 ἑπαγ-

2076 4511 2310 4566 maverit
2332 4517 2519 4568 autem
2552 4509 2853 4581 quispiam,
2885 4523 3070 4582 neque
3099 4508 3201 4567 abs
3232 4525 3317 4580 re,
3364 4510 3564 4569 Judam
3593 4518 3685 4569 ut-

358 4592 561 4690 γελίας
592 4592 848 4687 αίτούσῃ,
878 4612 1066 4669 δίδωσι
1099 4612 1202 4683 τὴν
1236 4592 1469 4683 ῥάϐδον,
1508 4610 1607 4666 καὶ
1635 4608 1728 4665 τὸν
1768 4605 1973 4661 δακτύ-

361 4713 508 4779 λιον,
552 4707 650 4765 καὶ
695 4707 787 4761 τὸν
832 4704 1128 4778 ὁρμίσκον
1173 4703 1428 4758 τουτέστι
1453 4700 1723 4773 κόσμημά
1766 4717 1819 4754 τι
1864 4697 1976 4752 τῶν

355 4804 500 4878 περὶ
534 4801 635 4875 τὴν
664 4800 813 4872 δέριν
845 4796 1084 4870 (οίηθείη
1116 4796 1159 4850 δ’
1194 4796 1260 4852 ἄν
1294 4813 1401 4860 τις,
1426 4795 1524 4850 καὶ
1550 4793 1697 4865 μάλα
1724 4791 1981 4856 είκότως,

362 4905 471 4958 ἅτε
503 4896 569 4968 δὴ
605 4894 878 4950 Χαλδαῖον
921 4893 1054 4956 ὄντα
1088 4888 1182 4943 τὸν
1220 4888 1447 4953 Ἰούδαν,
1503 4885 1677 4971 μὴοὲν
1728 4883 1977 4957 ῥᾳθυμίᾳ

361 4988 636 5062 γενέσθαι
675 4985 772 5041 τοῦ
790 4982 1216 5041 κατακλίνεσθαι
1250 4978 1472 5052 φιλεῖν)·
1509 4978 1833 5050 φιλόκοσμοι
1863 4975 1974 5049 γὰρ

362 5087 418 5142 οἱ
453 5084 740 5145 Χαλδαῖοι,
760 5078 953 5153 χρυσῷ
977 5079 1035 5133 δὲ
1061 5078 1159 5132 καὶ
1171 5079 1371 5150 χεῖρας
1393 5076 1489 5130 καὶ
1517 5074 1668 5147 δέριν
1694 5072 1980 5144 καταλαμ-

332 5179 644 5265 δπρύνουσι
661 5218 676 5243 ,
702 5176 800 5231 καὶ
823 5173 996 5246 αὐτὴν
1031 5173 1089 5226 δὲ
1114 5171 1278 5245 τρίχα
1314 5167 1698 5265 στεφανοῦσινΔ
1718 5165 1835 5265 ἐσθ’
1865 5167 1978 5221 ὅτε.

330 5258 345 5313 ί
362 5272 719 5343 Νενόμισται
748 5269 806 5322 δὲ
835 5266 931 5321 καὶ
956 5264 1116 5318 τοῦτο
1149 5264 1282 5336 παρ’
1318 5262 1502 5324 αὐτοῖς
1549 5259 1646 5313 καὶ
1675 5258 1983 5330 άνδροπρε-

365 5365 512 5430 πὲς,
569 5359 868 5433 γνώρισμά
909 5375 970 5412 τε
1025 5357 1125 5426 τῆς
1173 5354 1437 5410 ἀνωτάτω
1467 5350 1659 5405 λοιπὸν
1699 5348 1984 5419 εὐγενείας

366 5457 473 5515 καὶ
500 5455 615 5511 τῶν
641 5457 722 5519 είς
748 5452 1004 5525 ἀνδρείαν
1031 5449 1274 5505 ἐπαίνων
1309 5447 1413 5501 οὐκ
1439 5442 1725 5516 ἁμοιροῦν.
1762 5442 1985 5497 Τούτων

366 5550 434 5607 δὲ
465 5541 574 5605 ὧδε
594 5544 1030 5617 τετελεσμένων,
1060 5540 1234 5614 ᾤχετο
1277 5538 1376 5612 μὲν
1414 5540 1444 5593 6
1486 5537 1687 5601 Ἰούδας
1722 5529 1884 5608 οἷπερ
1915 5528 1985 5607 ἦν

370 5647 440 5702 ιν
464 5643 669 5716 ἀρχαῖς
694 5641 723 5695 6
757 5638 963 5703 σκοπὸς
987 5635 1158 5708 αὐτῷ.
1196 5635 1260 5688 Ἦ
1282 5633 1338 5688 δὲ
1364 5632 1500 5705 πρὸς
1525 5630 1623 5707 τὴν
1656 5628 1750 5685 τοῦ
1777 5626 1987 5701 πατρὸς

454 5832 495 5863 ³⁷
526 5828 662 5888 Gen.
705 5841 933 5895 xuvm,
962 5822 1079 5880 1-5.
1162 5821 1203 5853 “'
1229 5818 1367 5876 Ibid.
1398 5818 1479 5874 IO.

1647 5817 1689 5907 ξ’
1738 5815 1879 5872 ibid.
1928 5814 2035 5885 n._

2078 4611 2210 4676 pote
2238 4601 2580 4671 Chaldaeum,
2604 4618 2802 4659 eorum
2844 4619 2970 4676 quae
2999 4601 3069 4660 ad
3093 4612 3353 4661 ornatum
3379 4607 3687 4678 pertinent,

2084 4695 2313 4752 minime
2343 4696 2715 4768 negligentem
2762 4695 2954 4753 fuisse.
2983 4695 3127 4754 Sunt
3150 4698 3299 4754 enim
3324 4699 3485 4771 politi
3519 4698 3687 4758 Chal-

2083 4786 2187 4843 daei
2212 4794 2269 4843 et
2283 4798 2516 4843 ornatus
2540 4795 2811 4854 amantes,
2830 4788 3035 4860 quippe
3057 4789 3262 4861 quibus
3284 4806 3482 4847 manus
3504 4799 3561 4848 et
3575 4793 3692 4849 col-

2082 4879 2197 4936 lum
2217 4896 2437 4952 semper
2453 4881 2885 4952 sintsplendida,
2913 4881 3073 4954 195
3101 4883 3310 4955 quique
3342 4883 3495 4954 ipsos
3518 4884 3690 4941 etiam

2081 4973 2310 5046 capillos
2321 4976 2484 5031 sertis
2510 4974 2810 5031 redimiant
2832 4992 2846 5028 :
2871 4974 3145 5045 siquidem
3166 4976 3273 5032 hoc
3295 4976 3441 5048 apud
3463 4992 3560 5034 eos
3582 4994 3690 5036 usu

2085 5078 2374 5140 receptum
2395 5076 2501 5134 est,
2523 5077 2581 5123 et
2606 5067 2743 5123 viris
2767 5066 3018 5138 dignum,
3059 5075 3224 5139 atque
3247 5065 3385 5123 adeo
3408 5084 3690 5126 summum

2087 5160 2397 5217 nobilitatis
2437 5159 2673 5231 insigne,
2735 5174 2917 5229 neque
2965 5174 2999 5214 a
3042 5157 3385 5217 fortitudinis
3430 5160 3692 5219 laudibus

2090 5254 2336 5309 alienum
2371 5261 2653 5308 censetur.
2704 5249 2801 5305 [iis
2850 5258 3038 5307 autem
3089 5250 3169 5308 ita
3207 5254 3469 5326 peractis,
3510 5257 3694 5329 pergit

2082 5344 2255 5401 Judas
2275 5344 2329 5398 in
2360 5357 2490 5398 eum
2514 5341 2721 5407 locum,
2746 5356 2913 5412 quem
2937 5342 3045 5399 sibi
3063 5343 3178 5416 jam
3202 5344 3363 5402 initio
3381 5362 3692 5418 proposue-

2084 5446 2190 5495 rat.
2219 5438 2341 5510 Ipsa
2375 5452 2511 5493 vero
2562 5435 2632 5491 ad
2670 5436 2847 5508 patris
2891 5436 3121 5494 domum
3154 5439 3567 5508 revertebatur,
3594 5456 3692 5512 Spe

2084 5532 2229 5589 bona
2249 5538 2436 5588 erecta
2462 5528 2612 5602 quod
2651 5537 2800 5585 esset
2829 5530 3083 5602 gravida.
3131 5530 3289 5602 Quod
3339 5533 3434 5589 ubi
3469 5533 3695 5588 rescivit

2084 5625 2276 5692 Iudas,
2299 5621 2660 5680 occidendam
2684 5637 2807 5678 esse
2832 5623 2928 5690 ait,
2950 5631 3208 5695 tanquam
3233 5624 3559 5682 adulteram.
3582 5622 3706 5685 Sedt

2089 5813 2134 5847 '°
2176 5810 2315 5869 Ibid.
2366 5812 2435 5886 ,θ’
2465 5809 2604 5867 Ibid.
2683 5811 2726 5842 ¹¹
2761 5806 2899 5864 Ibid.
2935 5805 3124 5863 15-15..
