4034 6460
488 317 587 376 3H

1494 314 1557 380 S.
1597 324 1872 381 CYRILLI
1911 324 2383 385 ALEXANDRINI
2422 331 2742 389 ARCHIEP.

3681 342 3785 399 3i!

486 458 615 501 eum
639 446 754 518 jam
794 448 850 505 in
874 453 1138 507 extremis
1172 458 1340 516 esset,
1373 450 1618 507 ostendit
1648 452 1700 507 ei
1738 450 1998 508 baculum
2032 464 2081 508 el

2194 455 2379 510 ἑστίαν
2413 456 2789 530 ἀνεκομίζετο,
2823 459 2917 513 καὶ
2947 459 3011 531 δὴ
3048 459 3142 515 καὶ
3164 459 3221 513 ὲν
3260 459 3408 531 καλῷ
3438 461 3538 532 τῆς
3576 461 3785 531 ἐλπίδος

486 535 723 608 reliqua,
751 539 985 598 dicens:
1028 561 1047 594 ι
1080 542 1156 597 Ex
1197 542 1292 597 illo
1317 541 1540 596 homine
1584 542 1745 613 cuius
1767 542 1886 597 haec
1932 550 2083 609 sunt,

484 643 618 699 gero
662 637 902 687 uterum.
940 632 1009 687 Et
1053 632 1537 705 dixit:Cognosce
1564 633 1850 705 cuiusnam
1893 635 1964 690 sit
1992 635 2086 692 hic

419 716 745 805 'annulus,
792 732 849 779 et
891 726 1115 793 monile,
1161 734 1218 782 et
1257 727 1493 782 baculus
1526 727 1651 781 iste.
1692 725 1863 782 Judas
1900 735 2086 783 autem

485 815 742 886 cognovit
770 824 825 871 et
871 816 1010 872 dixit
1035 837 1048 873 :
1077 819 1317 873 Thamar
1348 818 1648 890 justiﬁcata
1693 829 1779 874 est
1826 835 1940 890 prae
1974 836 2083 876 me.

476 903 663 971 Quare
696 922 805 963 non
831 907 957 964 dedi
981 925 1103 965 eam
1136 909 1250 965 filio
1298 924 1424 965 meo
1455 909 1680 965 Selom?
1704 925 1808 966 nec
1852 910 2088 980 amplius

483 999 685 1071 adjecit
713 1008 773 1056 ut
807 1013 1171 1075 cognosceret
1194 1019 1337 1059 eam.
1388 1003 1610 1058 Accidit
1644 1011 1829 1058 autem
1863 1002 2086 1072 quando

481 1090 719 1162 peperit,
747 1101 803 1147 et
824 1093 1030 1163 gemini
1057 1102 1218 1148 erant
1245 1093 1302 1148 in
1326 1101 1486 1148 utero
1508 1094 1646 1165 ejus.
1671 1091 1921 1162 Cumque
1942 1101 2089 1148 esset

482 1183 540 1236 in
563 1192 747 1254 partu,
780 1202 928 1242 unus
961 1188 1161 1243 e’xtulit
1198 1203 1422 1242 manum
1462 1203 1637 1243 suam.
1673 1186 1952 1243 Obstetrix
1990 1205 2088 1243 au-

482 1287 596 1330 tem
617 1287 847 1349 accepto
880 1280 1131 1345 coccino,
1168 1280 1360 1352 ligavit
1381 1295 1510 1335 eum
1547 1280 1605 1334 in
1639 1295 1860 1335 manum
1888 1280 2081 1350 ipsius,

483 1364 716 1423 dicens:
741 1368 849 1424 lste
877 1369 1197 1443 egredietur
1221 1369 1395 1441 prior.
1437 1369 1508 1425 At
1536 1369 1630 1425 ubi
1664 1386 1889 1426 manum
1913 1380 2085 1448 retra-

483 1456 585 1523 xit,
616 1458 766 1515 illico
796 1475 1055 1533 egressus
1079 1470 1165 1517 est
1198 1462 1371 1517 frater
1397 1463 1537 1533 ejus.
1578 1462 1656 1518 Ea
1690 1473 1874 1519 autem
1902 1464 2039 1520 dixit
2067 1482 2079 1518 :

481 1548 664 1616 Quare
688 1560 919 1623 propter
945 1560 999 1609 te
1033 1554 1345 1625 interrupta
1370 1563 1455 1611 est
1472 1554 1753 1619 maceria?
1774 1555 1845 1614 Et
1865 1558 2085 1612 vocavit

483 1656 685 1699 nomen
725 1644 865 1716 ejus,
895 1645 1123 1702 Phares.
1170 1646 1366 1711 Postea
1390 1656 1447 1703 et
1472 1648 1645 1703 frater
1673 1650 1798 1720 ejus
1828 1665 2083 1721 egressus

483 1739 589 1797 est,
615 1732 671 1787 in
695 1735 853 1805 cujus
876 1751 1041 1791 manu
1067 1745 1185 1792 erat
1207 1738 1518 1804 coccinum,
1552 1745 1609 1794 et
1630 1740 1850 1794 vocavit
1876 1724 2078 1796 nomen

2194 543 2264 620 ἦν
2291 548 2636 621 κυοφοροῦσα
2676 550 2881 606 λοιπόν.
2923 548 3141 626 Ἐπειδὴ
3183 552 3240 607 δὲ
3271 551 3430 607 τοῦτο
3458 554 3780 627 μεμάθηκεν

2193 637 2222 691 6
2272 638 2497 705 Ἰούδας,
2527 639 2784 694 τεθνάναι
2822 642 2933 697 δεῖν
2967 642 3071 715 ἔφη
3101 642 3162 699 τὸ
3192 642 3415 714 γύναιον
3463 645 3542 709 ὡς
3572 663 3778 719 πεπορ-

2192 728 2471 801 νευμένον.
2517 731 2606 795 Ὠς
2643 731 2699 784 δὲ
2745 726 2816 803 ἦν
2862 734 2921 784 ἐν
2958 733 3231 804 ἐσχάτοις,
3279 733 3604 803 παρέδειξεν
3638 736 3781 804 αύτῷ

2188 821 2290 892 τὴν
2324 821 2522 893 ῥάϐδον
2552 824 2647 877 καὶ
2670 821 2737 876 τὰ
2763 822 2948 888 λοιπά,
2977 823 3232 894 λέγουσα·
3269 844 3288 877 ι
3330 824 3427 879 Ἐκ
3448 823 3543 877 τοῦ
3580 825 3780 896 ἀνθρώ-

2190 931 2295 968 που
2332 907 2544 979 οὗτινος
2584 914 2760 970 ταῦτὰ
2792 917 2963 981 ἐστιν,
3005 916 3116 986 ἐγὼ
3152 918 3211 971 ἐν
3258 917 3462 988 γαστρὶ
3501 916 3632 987 ἔχω.
3670 920 3776 974 Καὶ

2188 1000 2363 1059 εἶπεν·
2409 1005 2704 1075 Ἐπίγνωοι
2728 1008 2871 1071 τίνος
2908 1010 2936 1062 6
2963 1007 3269 1076 δακτύλιος,
3309 1011 3404 1063 καὶ
3434 1011 3463 1063 6
3493 1011 3773 1080 όρμίσκος,

2188 1097 2281 1150 καὶ
2323 1099 2356 1169 ἡ
2396 1097 2590 1169 ῥάϐδος
2628 1098 2792 1171 αῦτη.
2847 1100 3097 1171 Ἐπέγνω
3145 1100 3202 1153 δὲ
3247 1082 3454 1164 ’Ῐούδας
3496 1103 3592 1154 καὶ
3636 1098 3772 1165 εἷπε,

2186 1185 2532 1242 δεδικαίωται
2554 1188 2754 1260 Θάμαρ
2782 1189 2815 1259 ἢ
2860 1188 2990 1258 ἐγώ.
3018 1182 3093 1242 Ob
3133 1188 3302 1242 ἓνεκα
3330 1187 3433 1242 οὐκ
3464 1186 3644 1240 ἔδωκα
3678 1189 3773 1242 αύ-

2186 1278 2286 1351 τὴν
2320 1278 2523 1351 Σηλὼμ
2544 1280 2623 1351 τῷ
2654 1280 2757 1351 υίῷ
2790 1297 2929 1350 μου;
2962 1281 3076 1334 Καὶ
3103 1280 3165 1333 ού
3198 1280 3501 1352 προσέθετο
3530 1279 3610 1333 ἔτι
3636 1278 3773 1348 γνῶ-

2186 1388 2272 1427 ναι
2315 1372 2509 1444 αὐτήν.
2559 1372 2808 1442 Ἐγένετο
2863 1372 2950 1438 δὲ,
2985 1372 3181 1445 φησὶν,
3209 1373 3380 1445 ἡνίκα
3418 1373 3632 1433 ἔτικτε.
3684 1373 3773 1427 καὶ

2184 1466 2311 1538 τῇδε
2334 1461 2402 1538 ἦν
2428 1466 2629 1537 δίδυμα
2668 1467 2726 1521 ὲν
2764 1467 2831 1538 τῇ
2865 1465 3066 1538 γαστρὶ
3106 1465 3301 1536 αὐτῆς.
3340 1464 3597 1533 Ἐγένετο
3629 1464 3686 1518 δὲ
3717 1465 3771 1518 ἐν

2182 1559 2262 1627 τῷ
2291 1558 2499 1613 τίκτειν
2529 1557 2736 1630 αὐτὴν,
2775 1558 2803 1611 6
2836 1552 2917 1622 εἷς
2953 1558 3327 1630 προεξὴνεγκε
3358 1556 3459 1628 τὴν
3491 1559 3650 1628 χεῖρα
3683 1557 3771 1610 αύο
3832 1597 3837 1603 .

2181 1650 2299 1706 τοῦ.
2324 1650 2581 1704 Λαϐοῦσα
2598 1650 2654 1704 δὲ
2685 1653 2716 1721 ὴ
2751 1651 2908 1721 μαῖα,
2937 1649 3128 1721 ἔδησεν
3160 1649 3253 1702 ἐπὶ
3278 1649 3381 1720 τὴν
3420 1651 3583 1720 χεῖρα
3610 1648 3768 1701 αὑτοῦ

2185 1743 2470 1812 κόκκινον,
2500 1742 2765 1813 λέγουσα·
2797 1734 2961 1807 Οὗτος
3004 1740 3347 1808 ἐξελεύσεται
3382 1741 3666 1813 πρότερος·
3699 1741 3768 1804 ὡς

480 1825 602 1894 ejus
621 1825 757 1882 Zara
782 1828 851 1884 ".
886 1848 905 1880 ι
941 1830 1121 1900 Atque
1173 1829 1290 1885 haec
1311 1830 1536 1901 quidem
1564 1833 1992 1888 commemoravi
2017 1848 2081 1888 ex

2185 1834 2243 1889 δὲ
2282 1836 2659 1907 ὲπισυνήγαγε
2695 1834 2793 1907 τὴν
2830 1836 3009 1907 χεῖρα,
3043 1834 3207 1899 εὐθὺς
3227 1832 3456 1904 ἐξῆλθεν
3494 1835 3522 1887 ὁ
3553 1832 3768 1901 ἁδελφὸς

482 1917 686 1973 littera.
720 1918 926 1975 Sensus
941 1927 1127 1976 autem
1167 1937 1381 1989 eorum,
1424 1939 1547 1994 quae
1585 1922 1743 1979 utilia
1767 1933 1919 1988 sunt,
1949 1926 2081 1981 abs-

483 2020 671 2066 trusus
714 2019 819 2078 est,
846 2028 1012 2083 quem
1062 2022 1119 2070 et
1147 2014 1413 2071 brevibus
1442 2015 1721 2086 quomodo
1747 2031 1804 2071 se
1856 2016 2078 2084 habeat,

476 2121 761 2164 eruemus.

2184 1928 2371 1984 αὐτοῦ.
2415 1929 2481 1982 Ἠ
2512 1926 2568 1984 δὲ
2595 1924 2738 1981 εἶπε·
2781 1927 2847 1981 Τί
2883 1927 3111 1998 διεκόπη
3141 1927 3229 1981 διὰ
3259 1928 3317 1981 σὲ
3351 1926 3641 1998 φραγμός;
3666 1924 3766 1977 Καὶ

2185 2021 2414 2076 ἐκάλεσε
2436 2021 2497 2073 τὸ
2528 2020 2699 2090 ὄνομα
2719 2019 2908 2084 αὑτοῦ,
2938 2020 3133 2088 Φαρές.
3169 2017 3326 2073 Μετὰ
3358 2017 3523 2070 τοῦτο
3556 2014 3766 2085 ἐξῆλθεν

2180 2115 2213 2173 ὁ
2242 2113 2468 2183 ἀδελφὸς
2510 2112 2678 2168 αὐτοῦ
2703 2154 2717 2173 ,
2764 2113 2847 2182 ἐφ’
2886 2105 2962 2180 ᾧν
2995 2106 3065 2182 ἦν
3105 2114 3161 2163 ἐν
3201 2112 3267 2182 τῇ
3308 2110 3459 2182 χειρὶ
3509 2106 3669 2163 αὐτοῦ
3711 2105 3766 2158 τὸ

480 2197 760 2254 κόκκινον·
801 2201 897 2255 καὶ
929 2201 1160 2256 ἐκάλεσε
1195 2202 1256 2257 τὸ
1294 2202 1468 2275 ὄνομα
1502 2203 1691 2269 αὐτοῦ,
1733 2205 1905 2275 Ζαρᾶ.
1945 2224 1964 2256 ι
2009 2205 2121 2259 Καὶ
2157 2205 2315 2259 ταυτὶ
2374 2206 2472 2277 μὲν
2502 2204 2638 2276 ἔφην
2669 2205 2778 2258 ἀπό
2810 2222 2875 2274 γε
2912 2203 3006 2258 τοῦ
3044 2203 3399 2276 γράμματος.
3439 2198 3763 2273 Κεκρυμμέ-

479 2308 571 2357 νος
604 2291 662 2345 δὲ
700 2277 863 2349 πάλίν
892 2295 1001 2350 τῶν
1035 2296 1351 2365 ἀναγκαίων
1390 2298 1418 2351 6
1455 2295 1601 2360 νοῦς.
1646 2298 1745 2351 Ὃν
1783 2296 1879 2351 καὶ¹
1908 2297 2058 2360 ὅπως
2095 2296 2162 2352 ἂν
2190 2298 2325 2367 ἔχοι,
2364 2295 2800 2366 διασκεψόμεοα,
2830 2295 2925 2348 καὶ
2954 2294 3056 2346 ούκ
3093 2296 3174 2357 εἰς
3205 2291 3455 2363 μακράν,

550 2383 605 2439 2.
627 2384 905 2454 Imprimis
926 2385 1095 2458 igitur
1132 2386 1267 2441 illud
1309 2386 1606 2443 dicendum
1644 2394 1730 2442 est
1767 2386 1939 2458 quod,
1979 2387 2085 2443 etsi

478 2473 592 2528 sint
612 2475 862 2545 quaedam
885 2492 1137 2546 personae
1171 2477 1436 2549 insignes,
1467 2493 1590 2548 qua:
1614 2478 1821 2547 aliquid
1851 2493 1965 2532 non
1985 2474 2083 2532 ad-

481 2566 705 2622 modum
764 2568 996 2624 honeste
1052 2571 1285 2641 gessisse
1335 2569 1845 2640 deprehendantur,
1900 2577 2083 2624 tamen

478 2673 606 2714 cum
641 2660 787 2715 Deus
810 2676 909 2732 per
921 2661 1021 2717 has
1045 2662 1253 2732 aliquid
1282 2661 1430 2733 quod
1452 2662 1520 2717 ad
1550 2662 1783 2718 salutem
1804 2663 2080 2733 expediat,

476 2754 537 2808 in
573 2769 728 2811 sacra
758 2755 1045 2827 Scriptura
1066 2756 1490 2821 subministrat,
1523 2757 1853 2827 repellamus
1884 2759 2077 2827 procul

479 2862 511 2901 ει
537 2847 701 2904 nobis
723 2847 777 2903 id
810 2849 959 2919 quod
994 2848 1277 2905 oﬂendere
1303 2849 1479 2920 possit
1510 2867 1523 2903 :
1561 2849 1607 2904 si
1648 2850 1810 2905 modo
1855 2850 2075 2919 sapien-

476 2937 556 2995 I'a
579 2947 635 2996 et
653 2939 964 2998 intellectus
986 2942 1148 2998 nobis
1167 2957 1314 2997 curae
1340 2943 1469 3009 sint,
1502 2957 1680 3011 neque
1700 2942 1861 3013 plane
1885 2957 2076 2996 eorum

481 3047 602 3105 quae
632 3033 703 3091 ad
734 3049 851 3089 rem
886 3044 1133 3090 nostram
1164 3042 1435 3105 spectant,
1472 3033 1647 3106 ignari
1691 3033 1882 3089 simus.
1914 3032 2077 3104 Cogi-

485 3135 659 3180 temus
688 3127 836 3183 enim
867 3127 1015 3198 quod
1054 3137 1109 3183 et
1140 3128 1334 3184 beatus
1375 3129 1643 3199 propheta
1678 3124 1846 3183 Oseas
1875 3128 2076 3182 mulie-

2257 2387 2320 2456 β’.
2363 2386 2579 2458 Χρῆναι
2613 2386 2670 2440 δὲ
2700 2383 2854 2456 οἶμαι
2883 2386 2978 2439 καὶ
3007 2385 3113 2458 πρό
3150 2401 3215 2451 γε
3248 2383 3358 2436 τῶν
3399 2383 3574 2438 ἄλλων
3602 2383 3764 2436 έκεῖνο

2181 2480 2378 2543 εἰπεῖν,
2415 2478 2497 2532 ὅτι
2546 2477 2652 2532 κᾶν
2692 2479 2740 2531 εί
2769 2476 3013 2547 γένοιντό
3058 2494 3176 2540 πως
3204 2478 3261 2529 ὲν
3295 2480 3417 2541 τοῖς
3463 2476 3525 2529 ού
3571 2476 3762 2545 σφόδρα

2184 2572 2398 2640 σεμνοῖς
2426 2570 2476 2623 οἱ
2518 2569 2677 2635 δόξαν
2725 2569 2942 2642 ἔχοντες
2987 2569 3085 2640 τὴν
3125 2567 3364 2639 διαφανῆ
3431 2569 3584 2638 παρά
3610 2584 3668 2636 γε
3700 2569 3757 2639 τῇ

2183 2661 2529 2733 θεοπνεύστῳ
2558 2643 2776 2734 Γραφῇ,
2810 2661 2948 2717 Θεοῦ
2972 2679 3026 2716 τι
3050 2662 3159 2714 τῶν
3192 2660 3513 2729 ἀναγκαίων
3544 2660 3620 2723 είς
3646 2658 3757 2729 θνη-

2184 2773 2268 2809 σιν
2303 2750 2361 2807 εῦ
2395 2755 2541 2826 μάλα
2567 2754 2962 2826 διοικουμένου,
2993 2753 3307 2824 διωσόμεθά
3337 2771 3428 2806 ποι
3462 2753 3671 2824 μακρὰν
3701 2751 3755 2803 τὸ

2181 2849 2246 2901 ὲκ
2279 2845 2372 2901 τοῦ
2413 2845 2861 2912 σκανδαλίζεσθαι
2885 2842 3111 2918 βλάϐος·
3144 2849 3192 2899 εἰ
3216 2844 3280 2899 ὲν
3306 2846 3455 2916 λόγῳ
3478 2842 3756 2914 ποιούμεθα

2181 2941 2242 2996 τὸ
2285 2937 2425 2995 εἶναι
2471 2941 2626 3011 σοφοὶ
2674 2943 2770 2995 καὶ
2813 2942 3086 3013 άγχίνοοι,
3135 2924 3226 2995 καὶ
3264 2939 3376 2993 τῶν
3416 2935 3754 3008 οἰκονομικῶς

2180 3035 2585 3108 χρειωδέστατα
2610 3033 2903 3108 δρωμένων
2927 3035 3027 3089 ούκ
3050 3035 3316 3106 άνεπιστή
3328 3051 3506 3104 μονες.
3547 3027 3755 3084 Ἔννοῶ-

2185 3144 2283 3197 μεν
2307 3125 2434 3194 γὰρ,
2463 3125 2545 3181 ὅτι
2564 3125 2659 3178 καὶ
2687 3127 2715 3179 6
2740 3124 3011 3197 μακάριος
3031 3125 3316 3195 προφήτης
3353 3122 3510 3191 Ὠσηὲ
3539 3120 3753 3188 γυναῖκα

485 3234 597 3273 rem
644 3220 993 3277 meretricem
1028 3221 1133 3276 sibi
1161 3221 1508 3286 conduxerit,
1552 3236 1731 3290 neque
1769 3220 1906 3275 adeo
1937 3219 2078 3275 infa-

2185 3220 2285 3291 μὲν
2319 3220 2527 3292 πόρνην
2556 3217 2735 3291 ἐαυτῷ
2761 3216 3167 3290 ςιατεμισθοῦτό
3198 3233 3355 3281 ποτε,
3402 3213 3603 3268 καὶτὸν
3627 3211 3753 3265 οὕτω

456 3323 600 3364 -ιιιθε
636 3312 858 3381 nuptias
884 3311 1173 3375 recusarit,
1222 3321 1278 3367 et
1308 3312 1547 3367 ﬁliorum
1574 3311 1888 3367 odiosorum
1918 3320 2074 3382 pater

484 3406 709 3455 vocatus
726 3396 841 3467 ‘sit;
871 3416 1109 3472 quorum
1141 3402 1364 3458 nomina
1392 3401 1614 3456 fuerunt
1656 3420 1668 3455 :
1709 3421 1725 3453 ι
1757 3401 1876 3455 Non
1901 3417 2076 3473 popu-

479 3493 570 3547 lus
600 3507 787 3559 meus;
813 3513 831 3545 ι
862 3501 939 3559 et,
967 3513 986 3545 ‹
1021 3493 1142 3549 Νοιι
1173 3493 1608 3548 misericordiam
1643 3503 1935 3548 consecuta
1950 3493 2014 3548 ’⁸,
2048 3513 2066 3546 ι

484 3583 692 3656 Ecquid
716 3586 828 3641 sibi
857 3586 975 3641 vult
999 3586 1118 3642 haec
1148 3586 1278 3640 res?
1303 3585 1533 3641 Edicere
1548 3601 1659 3641 non
1681 3585 2070 3641 reformidabo.

482 3676 618 3731 Nam
640 3683 994 3747 posteaquam
1026 3677 1103 3732 illi
1129 3677 1222 3747 qui
1271 3676 1473 3734 summi
1509 3685 1565 3733 et
1610 3678 1887 3749 principes
1919 3687 2076 3733 erant

482 3768 540 3823 in
588 3767 785 3832 Israel,
844 3768 1282 3824 adversabantur
1330 3769 1619 3840 praeconiis
1657 3770 2073 3840 prophetarum,

440 3882 463 3901 ι
484 3860 846 3931 ingratusque
874 3860 956 3915 eis
976 3870 1096 3917 erat
1125 3877 1306 3917 sermo
1349 3861 1569 3917 divinus
1588 3905 1602 3928 ,
1657 3860 1817 3933 196
1842 3862 2079 3916 faciebat

487 3952 766 4008 interdum
788 3952 932 4007 Deus
960 3967 1059 4024 per
1082 3967 1213 4006 suos
1253 3960 1473 4007 sanctos
1498 3952 1768 4022 ejusmodi
1804 3970 1816 4005 :
1846 3958 1906 4007 ut
1925 3954 2077 4008 scili-

486 4057 577 4105 cet
601 4063 669 4103 ει
703 4047 790 4103 bis
829 4063 950 4119 qua:
996 4046 1236 4110 ﬁebant,
1266 4047 1453 4102 futura
1494 4047 1916 4119 prospicientes,
1955 4057 2077 4104 tan-

485 4159 650 4217 quam
693 4144 749 4198 in
787 4143 968 4198 tabula
1009 4140 1294 4213 splendide
1326 4149 1381 4197 ct
1428 4155 1687 4211 expresse
1731 4140 1967 4214 depicta,
2010 4141 2079 4197 ad

487 4236 573 4294 sui
597 4235 870 4293 commodi
896 4233 1308 4307 inquisitionem
1335 4233 1549 4288 animos
1568 4242 1975 4299 converterent,
1994 4243 2079 4291 at-

486 4344 596 4400 que
642 4318 777 4384 illud
807 4326 955 4398 quod
988 4325 1132 4381 foret
1177 4324 1423 4379 salutare
1462 4324 1613 4379 omni
1662 4324 1848 4379 studio
1887 4341 2073 4395 perse-

486 4427 809 4492 querentur,
845 4417 1100 4488 idemque
1146 4424 1203 4470 et
1251 4414 1374 4470 aliis
1422 4413 1734 4469 faciendum
1782 4415 2082 4484 persuade-

2177 3312 2605 3385 διαϐεϐλημένον
2635 3311 2695 3366 ού
2736 3313 3032 3383 παρῃτεῖτο
3071 3311 3272 3381 γάμον,
3299 3308 3398 3365 καὶ
3425 3307 3623 3359 τέκνων
3653 3303 3749 3356 ἀπ⁴

2177 3403 2508 3475 ηχθημένων
2557 3403 2938 3476 κεχρημάτικε
3000 3402 3222 3473 πατήρ·
3277 3395 3363 3463 οἷς
3393 3394 3462 3469 ἦν
3489 3397 3746 3465 ὀνόματα·

2184 3517 2201 3549 ι
2246 3499 2319 3550 Οὔ
2350 3497 2478 3561 λαός
2503 3478 2665 3567 μου,
2721 3517 2740 3551 ι
2779 3497 2910 3559 καὶ.
2961 3515 2981 3549 ι
3025 3498 3140 3550 Οὐκ
3179 3496 3486 3569 ἠλεημένη.
3526 3513 3543 3546 ι
3574 3486 3751 3545 Καὶτί

2178 3590 2237 3642 τὸ
2280 3589 2471 3661 χρῆμα
2518 3589 2615 3643 καὶ
2679 3590 2773 3642 ἐπὶ
2813 3589 2957 3642 τίσιν
3004 3588 3330 3657 ἐπράττετο,
3398 3587 3618 3641 διειπεῖν
3661 3579 3751 3635 οὔκ

2179 3682 2509 3754 ὁκνὴσομεν.
2553 3679 2772 3752 Ἐπειδὴ
2800 3680 2911 3753 γὰρ
2941 3685 3054 3744 τοῖς
3088 3684 3198 3734 τῶν
3229 3678 3524 3751 προφητῶν
3554 3671 3743 3746 κηρύγ-

2183 3792 2348 3846 μασιν
2378 3774 2734 3848 ἀντεφέροντο
2757 3774 2865 3828 τῶν
2886 3774 2944 3841 ἐξ
2979 3774 3197 3845 Ἰσραὴλ
3229 3776 3277 3827 οί
3311 3773 3593 3834 δοκοῦντες
3626 3762 3753 3821 εἶναι

2181 3865 2669 3936 περιφανέστατοι,
2715 3864 2806 3919 καὶ
2835 3864 3216 3933 ἀπαράδεκτος
3245 3865 3433 3927 αὐτοῖς
3475 3862 3503 3914 6
3529 3860 3664 3921 θεῖος
3688 3853 3749 3925 ἦν

2180 3956 2339 4025 λόγος
2363 3974 2376 3988 ·
2411 3957 2713 4028 ἐπράττετο
2755 3956 2843 4010 διὰ
2882 3956 2991 4010 τῶν
3027 3956 3198 4025 ἁγίων
3237 3959 3422 4011 ἐκεῖνα
3462 3954 3597 4009 κατὰ
3635 3966 3749 4003 και-

2185 4046 2330 4117 ροὺς,
2364 4045 2449 4100 ἵνα
2484 4045 2585 4101 κᾶν
2622 4046 2753 4114 γοῦν
2789 4048 2847 4099 ὲν
2874 4045 3056 4110 αὐτοῖς
3085 4048 3197 4111 τοῖς
3227 4045 3525 4119 δρωμένοις
3551 4041 3614 4097 τὰ
3638 4035 3744 4093 ὲσό·

2186 4156 2322 4211 μενα
2378 4137 2667 4210 βλέποντες
2712 4137 2965 4210 καθάπερ
3012 4140 3069 4191 ὲν
3113 4137 3304 4193 πίνακι
3356 4135 3619 4209 λαμπρῶς
3665 4130 3748 4186 καὶ

2182 4229 2486 4300 ἀναφανδὸν
2514 4229 2885 4301 γεγραμμένα
2906 4269 2920 4292 ,
2966 4228 3104 4300 πρὸς
3131 4222 3242 4301 τὴν
3267 4227 3364 4282 τοῦ
3398 4226 3749 4298 συμφέροντος

2182 4320 2401 4392 εὕρεσιν
2453 4320 2740 4374 καταθεῖεν
2791 4319 2882 4372 τὺν
2925 4320 3074 4385 νοῦν,
3113 4320 3209 4373 καὶ
3255 4319 3393 4392 πρός
3437 4335 3500 4387 γε
3541 4314 3600 4369 τὺ
3648 4310 3747 4365 δεῖν

2184 4413 2403 4469 ἑλέσθαι
2440 4414 2502 4467 τὸ
2540 4412 2786 4484 ὠφελοῦν
2825 4413 2978 4467 αύτοί
3024 4430 3081 4465 τε
3126 4413 3598 4483 μεταφοιτήσειαν,
3630 4404 3744 4459 ἀνα-

488 4522 630 4568 rent.
674 4511 973 4566 Discebant
1011 4508 1162 4564 enim
1214 4508 1348 4563 hinc
1396 4506 1544 4578 quod
1587 4506 1700 4563 sint
1744 4506 1919 4562 futuri
1970 4522 2081 4563 non

2187 4508 2424 4561 πείθοιεν
2452 4508 2509 4561 δὲ
2536 4507 2634 4561 καὶ
2665 4507 2908 4579 ἑτέρους.
2941 4505 3278 4578 Ἑμάνθανον
3305 4506 3435 4577 γὰρ,
3465 4506 3545 4558 ὅτι
3575 4499 3664 4554 καὶ
3691 4494 3745 4547 οὐ

488 4604 744 4674 populus,
802 4610 859 4658 et
890 4601 1036 4656 inter
1096 4615 1192 4656 eos
1243 4600 1445 4671 quibus
1490 4599 1886 4655 misericordiae
1935 4599 2081 4656 fores

2185 4600 2314 4664 λαὸς
2335 4600 2548 4654 ἔσονται
2568 4598 2709 4654 κατὰ
2731 4571 2978 4671 καιροὺς,
3002 4571 3096 4651 καὶ
3120 4599 3176 4651 ὲν
3193 4600 3306 4663 τοῖς
3317 4571 3428 4650 ὀὐκ
3449 4595 3577 4665 ¹ίιλεη
3585 4589 3747 4661 μένοις

490 4698 693 4752 clausae
726 4703 857 4751 sunt
895 4694 1246 4750 numerandi.
1280 4693 1564 4765 Siquidem
1588 4693 1711 4749 duri
1742 4700 1800 4747 et
1830 4694 2082 4749 immori-

491 4788 607 4863 geri
632 4787 877 4844 fuerunt.
901 4786 983 4842 An
1014 4800 1127 4842 non
1180 4795 1237 4842 et
1263 4786 1466 4842 talibus
1497 4786 1707 4840 morbis
1736 4786 2080 4853 laborarunt,

492 4891 657 4951 atque
708 4879 953 4950 undique
989 4877 1164 4934 ferme
1218 4877 1463 4948 coarguti
1508 4877 1670 4932 sunt?
1718 4878 1889 4933 Porro
1936 4879 2084 4949 quod

490 4973 759 5044 propheta
786 4970 1186 5028 cohabitaverit
1209 4986 1334 5027 cum
1359 4978 1540 5026 scorto
1555 4971 1622 5039 ’⁵,
1647 4978 1807 5045 typus
1828 4982 1947 5027 erat
1965 4971 2085 5038 Dei,

492 5064 587 5134 qui
626 5064 794 5120 veluti
835 5079 959 5120 cum
1002 5064 1294 5120 meretrice
1345 5063 1581 5135 quadam
1610 5062 2089 5137 impurissimaque

492 5155 745 5219 muliere,
782 5152 1097 5209 Iudaeorum
1118 5153 1327 5209 scilicet
1351 5152 1653 5226 Synagoga,
1677 5154 1965 5226 copulatus
1983 5162 2087 5222 est,

494 5264 563 5304 ex
582 5264 690 5318 qua
718 5262 939 5319 gravem
971 5247 1210 5304 ﬁliorum
1229 5249 1640 5320 generationem
1664 5249 1894 5320 accepit.
1920 5249 2090 5305 Intel-

496 5342 731 5414 ligentes
760 5338 946 5408 itaque
969 5354 1117 5394 nunc
1144 5339 1317 5394 divini
1354 5340 1570 5396 consilii
1596 5341 1711 5396 suis
1750 5341 2094 5412 temporibus

498 5433 768 5489 rationem
792 5437 954 5500 atque
976 5431 1463 5501 dispensationem,
1488 5448 1833 5503 nequaquam
1857 5434 2095 5504 amplius

498 5522 886 5581 damnabimus
947 5523 1336 5578 seortationem
1376 5524 1615 5579 Thamar
1658 5535 1715 5580 et
1768 5525 1942 5591 Jud:e,
1995 5526 2092 5581 sed

501 5618 688 5690 potius
716 5618 863 5671 hunc.
887 5631 1240 5687 congressum
1282 5616 1531 5671 dicemus
1555 5615 1724 5671 fuisse
1746 5632 1814 5672 ex
1854 5618 1949 5673 Dei
1976 5619 2092 5674 dis-

573 5796 619 5828 “
653 5794 789 5854 Gen.
825 5814 1044 5865 xxxvm,
1076 5797 1271 5854 εδ-δο.
1346 5798 1387 5829 ’⁸
1420 5796 1557 5852 Osee
1593 5814 1629 5864 ι,
1657 5796 1770 5851 ’ὶ-ϐ.

1853 5800 1898 5830 ’⁸
1936 5800 2070 5856 ibid.
2106 5803 2153 5857 1.

2191 4692 2671 4760 κατατετάξονται,
2726 4690 2955 4762 σκληροί
3003 4707 3062 4744 τε
3095 4691 3189 4744 καὶ
3233 4690 3538 4760 ὰφιλήκοοι,
3583 4680 3672 4734 καὶ¹
3699 4674 3745 4728 τί

2191 4791 2297 4860 γάρ
2347 4786 2470 4856 οὐχὶ
2526 4786 2637 4839 τῶν
2686 4785 2944 4867 τοιούτων
2992 4784 3414 4857 ἡρρωστ-ηκότες
3465 4776 3552 4831 καὶ
3599 4771 3743 4843 μέχρι

2188 4878 2388 4944 παντὸς
2416 4877 2858 4949 ἐξεληλεγμένοις
2888 4877 2961 4930 Τὸ
2988 4876 3046 4929 δέ
3080 4893 3142 4945 γε
3168 4879 3235 4947 τῇ
3263 4875 3434 4944 πόρνῃ
3465 4876 3744 4943 συγκατηυ-

2188 4971 2371 5025 λίσθαι
2390 4970 2550 5040 τυχὸν
2577 4970 2668 5024 τὸν
2698 4971 3004 5042 προφήτην,
3031 4969 3204 5033 τύπος
3229 4964 3297 5040 ἦν
3323 4968 3428 5039 ἄρα
3456 4959 3604 5025 Θεοῦ,
3625 4952 3741 5009 καθ-

2190 5068 2335 5137 άπερ
2367 5065 2476 5118 τινὶ
2506 5064 2680 5135 πόρνῃ
2719 5063 2817 5117 καὶ
2869 5063 3239 5134 μυσαρωτάτῃ
3289 5057 3507 5128 γυναικὶ
3540 5054 3603 5123 τῇ

2204 5136 2471 5211 Ἰουδαίων
2500 5156 2797 5227 Συναγωγῇ
2844 5155 3224 5226 συνῳκηκότος
3259 5153 3457 5224 τρόπον
3492 5142 3631 5207 τινὰ,
3661 5136 3742 5192 καὶ

2193 5247 2399 5302 παίδων
2414 5247 2627 5316 γένεσιν
2651 5247 2748 5318 τὴν
2765 5244 3163 5316 ἀπηχθημένην
3179 5245 3273 5298 ἀπ’
3299 5238 3466 5310 αὐτῆς
3492 5232 3739 5304 ἑλομένου·

2203 5339 2544 5403 Ἐννοοῦντες
2585 5335 2678 5394 οὖν
2732 5339 2841 5411 ἄρα
2881 5342 2977 5409 τῆς
3012 5338 3155 5393 κατὰ
3203 5334 3425 5408 καιροὺς
3458 5319 3739 5416 οίκονομίαξ

2189 5436 2315 5498 τοὺς
2348 5433 2616 5507 τρόπους,
2658 5431 2829 5502 ψόγου
2876 5432 2971 5486 καὶ
3004 5431 3277 5500 καταϐοῆς
3317 5426 3414 5496 τῆς
3459 5418 3547 5474 ἐπί
3574 5430 3633 5507 γε
3669 5423 3735 5476 τῳ

2192 5528 2508 5602 πορνεῦσαι,
2572 5528 2736 5599 φημὶ.
2785 5526 2955 5599 αὑτήν
2990 5544 3048 5581 τε
3091 5526 3190 5595 τὴν
3218 5523 3412 5593 Θάμαρ
3451 5515 3539 5570 καὶ
3576 5506 3734 5602 μέντξι

2191 5591 2287 5674 καί
2318 5620 2408 5673 τὸν
2468 5591 2669 5673 Ἰούδαν
2714 5591 2939 5684 εἰκότως
2982 5591 3393 5687 ἀπαλλάξομεν·
3446 5601 3644 5661 σύνοδον
3682 5591 3733 5647 δδ
