  <div class='ocr_page' id='page_1' title='image "/cluster/home/n/w/nwhite01/storage/ocr_20150623/69:no.2/coo.31924054869734/164.png"; bbox 0 0 4034 6460; ppageno 0'>
   <div class='ocr_carea' id='block_1_1' title="bbox 261 343 374 401">
    <p class='ocr_par' dir='ltr' id='par_1_1' title="bbox 261 343 374 401">
     <span class='ocr_line' id='line_1_1' title="bbox 261 343 374 401; baseline 0 0"><span class='ocrx_word' id='word_1_1' title='bbox 261 343 374 401; x_wconf 66' lang='grc' dir='ltr'><strong>ιιι</strong></span> 
     </span>
    </p>
   </div>
   <div class='ocr_carea' id='block_1_2' title="bbox 1279 350 2555 424">
    <p class='ocr_par' dir='ltr' id='par_1_2' title="bbox 1279 350 2555 424">
     <span class='ocr_line' id='line_1_2' title="bbox 1279 350 2555 424; baseline 0.014 -18"><span class='ocrx_word' id='word_1_2' title='bbox 1279 350 1805 412; x_wconf 64' lang='grc' dir='ltr'>αιΑιιιιιιιοιιωι</span> <span class='ocrx_word' id='word_1_3' title='bbox 1846 357 1913 412; x_wconf 78' lang='lat' dir='ltr'><strong>IN</strong></span> <span class='ocrx_word' id='word_1_4' title='bbox 1950 357 2254 418; x_wconf 78' lang='lat' dir='ltr'><strong>GENESIM</strong></span> <span class='ocrx_word' id='word_1_5' title='bbox 2294 366 2423 422; x_wconf 81' lang='lat' dir='ltr'><strong>LIB.</strong></span> <span class='ocrx_word' id='word_1_6' title='bbox 2467 366 2555 424; x_wconf 77' lang='lat' dir='ltr'><strong>Vl.</strong></span> 
     </span>
    </p>
   </div>
   <div class='ocr_carea' id='block_1_3' title="bbox 3465 374 3566 437">
    <p class='ocr_par' dir='ltr' id='par_1_3' title="bbox 3465 374 3566 437">
     <span class='ocr_line' id='line_1_3' title="bbox 3465 374 3566 437; baseline 0.02 -2"><span class='ocrx_word' id='word_1_7' title='bbox 3465 374 3566 437; x_wconf 67' lang='grc'><strong>314</strong></span> 
     </span>
    </p>
   </div>
   <div class='ocr_carea' id='block_1_4' title="bbox 263 457 1870 555">
    <p class='ocr_par' dir='ltr' id='par_1_4' title="bbox 263 457 1866 543">
     <span class='ocr_line' id='line_1_4' title="bbox 263 457 1866 543; baseline 0.007 -30"><span class='ocrx_word' id='word_1_8' title='bbox 263 457 475 532; x_wconf 68' lang='grc' dir='ltr'>μᾶλλον</span> <span class='ocrx_word' id='word_1_9' title='bbox 524 462 883 535; x_wconf 74' lang='grc' dir='ltr'>οίκονομικὴν</span> <span class='ocrx_word' id='word_1_10' title='bbox 932 464 1194 533; x_wconf 65' lang='grc' dir='ltr'>γενέσθαι</span> <span class='ocrx_word' id='word_1_11' title='bbox 1235 468 1440 538; x_wconf 73' lang='grc' dir='ltr'>φαμέν.</span> <span class='ocrx_word' id='word_1_12' title='bbox 1502 470 1568 523; x_wconf 84' lang='grc' dir='ltr'><strong>Ἥ</strong></span> <span class='ocrx_word' id='word_1_13' title='bbox 1611 472 1711 541; x_wconf 79' lang='grc' dir='ltr'>μὲν</span> <span class='ocrx_word' id='word_1_14' title='bbox 1757 472 1866 543; x_wconf 84' lang='grc' dir='ltr'><strong>γὰρ</strong></span> 
     </span>
    </p>
   </div>
   <div class='ocr_carea' id='block_1_5' title="bbox 1974 457 3562 555">
    <p class='ocr_par' dir='ltr' id='par_1_5' title="bbox 1974 480 3562 555">
     <span class='ocr_line' id='line_1_5' title="bbox 1974 480 3562 555; baseline 0.01 -23"><span class='ocrx_word' id='word_1_15' title='bbox 1974 480 2317 548; x_wconf 77' lang='lat' dir='ltr'><strong>pensatione.</strong></span> <span class='ocrx_word' id='word_1_16' title='bbox 2353 482 2489 538; x_wconf 85' lang='lat' dir='ltr'><strong>Nam</strong></span> <span class='ocrx_word' id='word_1_17' title='bbox 2511 484 2601 540; x_wconf 87' lang='lat' dir='ltr'><strong>illa</strong></span> <span class='ocrx_word' id='word_1_18' title='bbox 2635 486 2860 555; x_wconf 83' lang='lat' dir='ltr'><strong>quidem</strong></span> <span class='ocrx_word' id='word_1_19' title='bbox 2904 488 3255 546; x_wconf 75' lang='lat' dir='ltr'><strong>desiderabat</strong></span> <span class='ocrx_word' id='word_1_20' title='bbox 3275 504 3466 547; x_wconf 82' lang='lat' dir='ltr'><strong>semen</strong></span> <span class='ocrx_word' id='word_1_21' title='bbox 3500 495 3562 548; x_wconf 84' lang='lat' dir='ltr'><strong>ti-</strong></span> 
     </span>
    </p>
   </div>
   <div class='ocr_carea' id='block_1_6' title="bbox 259 549 1873 634">
    <p class='ocr_par' dir='ltr' id='par_1_6' title="bbox 259 549 1873 634">
     <span class='ocr_line' id='line_1_6' title="bbox 259 549 1873 634; baseline 0.007 -29"><span class='ocrx_word' id='word_1_22' title='bbox 259 549 540 622; x_wconf 62' lang='grc' dir='ltr'>ἐπεθύμει</span> <span class='ocrx_word' id='word_1_23' title='bbox 570 553 742 625; x_wconf 78' lang='grc' dir='ltr'>γονῆς</span> <span class='ocrx_word' id='word_1_24' title='bbox 768 554 1089 627; x_wconf 72' lang='grc' dir='ltr'>ἐλευθέρας,</span> <span class='ocrx_word' id='word_1_25' title='bbox 1112 556 1209 610; x_wconf 82' lang='grc' dir='ltr'>τοῦ</span> <span class='ocrx_word' id='word_1_26' title='bbox 1239 558 1382 612; x_wconf 84' lang='grc' dir='ltr'>κατὰ</span> <span class='ocrx_word' id='word_1_27' title='bbox 1424 559 1592 631; x_wconf 86' lang='grc' dir='ltr'>νόμον</span> <span class='ocrx_word' id='word_1_28' title='bbox 1626 577 1873 634; x_wconf 77' lang='grc' dir='ltr'>συνῳκη-</span> 
     </span>
    </p>
   </div>
   <div class='ocr_carea' id='block_1_7' title="bbox 257 643 1874 728">
    <p class='ocr_par' dir='ltr' id='par_1_7' title="bbox 257 643 1874 728">
     <span class='ocr_line' id='line_1_7' title="bbox 257 643 1874 728; baseline 0.008 -33"><span class='ocrx_word' id='word_1_29' title='bbox 257 643 423 706; x_wconf 80' lang='grc' dir='ltr'><strong>κότος</strong></span> <span class='ocrx_word' id='word_1_30' title='bbox 464 644 815 716; x_wconf 72' lang='grc' dir='ltr'>ὲστερημὲνη</span> <span class='ocrx_word' id='word_1_31' title='bbox 841 661 859 679; x_wconf 81' lang='lat'>&#39;</span> <span class='ocrx_word' id='word_1_32' title='bbox 907 648 938 700; x_wconf 91' lang='lat'><strong>6</strong></span> <span class='ocrx_word' id='word_1_33' title='bbox 978 648 1035 702; x_wconf 80' lang='grc' dir='ltr'>δὲ</span> <span class='ocrx_word' id='word_1_34' title='bbox 1076 645 1146 720; x_wconf 82' lang='grc' dir='ltr'>ἦν</span> <span class='ocrx_word' id='word_1_35' title='bbox 1188 649 1290 721; x_wconf 74' lang='grc' dir='ltr'><strong>ήδη</strong></span> <span class='ocrx_word' id='word_1_36' title='bbox 1339 669 1457 715; x_wconf 84' lang='grc' dir='ltr'><strong>πως</strong></span> <span class='ocrx_word' id='word_1_37' title='bbox 1486 653 1588 728; x_wconf 74' lang='grc' dir='ltr'>οὐκ</span> <span class='ocrx_word' id='word_1_38' title='bbox 1623 654 1683 708; x_wconf 74' lang='grc' dir='ltr'>ἐν</span> <span class='ocrx_word' id='word_1_39' title='bbox 1721 656 1874 728; x_wconf 78' lang='grc' dir='ltr'>αἰτίᾳ</span> 
     </span>
    </p>
   </div>
   <div class='ocr_carea' id='block_1_8' title="bbox 257 734 1951 818">
    <p class='ocr_par' dir='ltr' id='par_1_8' title="bbox 257 734 1951 818">
     <span class='ocr_line' id='line_1_8' title="bbox 257 734 1951 818; baseline 0.009 -31"><span class='ocrx_word' id='word_1_40' title='bbox 257 734 436 807; x_wconf 78' lang='grc' dir='ltr'>πολλῇ</span> <span class='ocrx_word' id='word_1_41' title='bbox 467 734 564 790; x_wconf 80' lang='grc' dir='ltr'>τοῦ</span> <span class='ocrx_word' id='word_1_42' title='bbox 591 737 707 798; x_wconf 75' lang='grc' dir='ltr'>καὶ,</span> <span class='ocrx_word' id='word_1_43' title='bbox 727 739 889 811; x_wconf 72' lang='grc' dir='ltr'>εἴπερ</span> <span class='ocrx_word' id='word_1_44' title='bbox 912 740 1110 807; x_wconf 66' lang='grc' dir='ltr'>ἕλοιτο,</span> <span class='ocrx_word' id='word_1_45' title='bbox 1139 743 1414 797; x_wconf 81' lang='grc' dir='ltr'><strong>συνελθεῖν</strong></span> <span class='ocrx_word' id='word_1_46' title='bbox 1435 746 1619 818; x_wconf 70' lang='grc' dir='ltr'>ξτέρᾳ,</span> <span class='ocrx_word' id='word_1_47' title='bbox 1644 749 1873 803; x_wconf 76' lang='grc' dir='ltr'>τεθνεώ-</span> <span class='ocrx_word' id='word_1_48' title='bbox 1942 742 1951 759; x_wconf 69' lang='grc'><em>“</em></span> 
     </span>
    </p>
   </div>
   <div class='ocr_carea' id='block_1_9' title="bbox 258 827 1873 910">
    <p class='ocr_par' dir='ltr' id='par_1_9' title="bbox 258 827 1873 910">
     <span class='ocr_line' id='line_1_9' title="bbox 258 827 1873 910; baseline 0.01 -31"><span class='ocrx_word' id='word_1_49' title='bbox 258 844 361 897; x_wconf 85' lang='grc' dir='ltr'>σης</span> <span class='ocrx_word' id='word_1_50' title='bbox 390 827 549 898; x_wconf 73' lang='grc' dir='ltr'>αὐτῷ</span> <span class='ocrx_word' id='word_1_51' title='bbox 570 830 670 900; x_wconf 84' lang='grc' dir='ltr'>τῆς</span> <span class='ocrx_word' id='word_1_52' title='bbox 697 829 946 901; x_wconf 85' lang='grc' dir='ltr'>πρώτης.</span> <span class='ocrx_word' id='word_1_53' title='bbox 972 833 1279 898; x_wconf 82' lang='grc' dir='ltr'>Κοινωνίας</span> <span class='ocrx_word' id='word_1_54' title='bbox 1297 835 1353 888; x_wconf 86' lang='grc' dir='ltr'>δὲ</span> <span class='ocrx_word' id='word_1_55' title='bbox 1376 838 1475 908; x_wconf 84' lang='grc' dir='ltr'>τῆς</span> <span class='ocrx_word' id='word_1_56' title='bbox 1494 840 1873 910; x_wconf 81' lang='grc' dir='ltr'><strong>πνευματικῆς</strong></span> 
     </span>
    </p>
   </div>
   <div class='ocr_carea' id='block_1_10' title="bbox 262 921 1872 997">
    <p class='ocr_par' dir='ltr' id='par_1_10' title="bbox 262 921 1872 997">
     <span class='ocr_line' id='line_1_10' title="bbox 262 921 1872 997; baseline 0.009 -24"><span class='ocrx_word' id='word_1_57' title='bbox 262 922 358 973; x_wconf 80' lang='grc' dir='ltr'>καὶ</span> <span class='ocrx_word' id='word_1_58' title='bbox 396 921 515 992; x_wconf 79' lang='grc' dir='ltr'>μὴν</span> <span class='ocrx_word' id='word_1_59' title='bbox 555 923 651 976; x_wconf 75' lang='grc' dir='ltr'>καὶ</span> <span class='ocrx_word' id='word_1_60' title='bbox 695 923 858 979; x_wconf 82' lang='grc' dir='ltr'>τόκου</span> <span class='ocrx_word' id='word_1_61' title='bbox 889 924 983 978; x_wconf 79' lang='grc' dir='ltr'><strong>τοῦ</strong></span> <span class='ocrx_word' id='word_1_62' title='bbox 1016 926 1212 997; x_wconf 78' lang='grc' dir='ltr'><strong>νοητοῦ</strong></span> <span class='ocrx_word' id='word_1_63' title='bbox 1255 927 1475 993; x_wconf 85' lang='grc' dir='ltr'>σύνοδός</span> <span class='ocrx_word' id='word_1_64' title='bbox 1517 949 1610 985; x_wconf 83' lang='grc' dir='ltr'><strong>ποι</strong></span> <span class='ocrx_word' id='word_1_65' title='bbox 1651 933 1872 997; x_wconf 84' lang='grc' dir='ltr'>πάντως</span> 
     </span>
    </p>
   </div>
   <div class='ocr_carea' id='block_1_11' title="bbox 263 1013 1869 1096">
    <p class='ocr_par' dir='ltr' id='par_1_11' title="bbox 263 1013 1869 1096">
     <span class='ocr_line' id='line_1_11' title="bbox 263 1013 1869 1096; baseline 0.012 -33"><span class='ocrx_word' id='word_1_66' title='bbox 263 1013 394 1083; x_wconf 62' lang='grc' dir='ltr'>ἡμῖν</span> <span class='ocrx_word' id='word_1_67' title='bbox 433 1014 536 1067; x_wconf 70' lang='grc' dir='ltr'>καὶ</span> <span class='ocrx_word' id='word_1_68' title='bbox 578 1014 843 1083; x_wconf 80' lang='grc' dir='ltr'>ἀπότεξις</span> <span class='ocrx_word' id='word_1_69' title='bbox 888 1020 1180 1090; x_wconf 84' lang='grc' dir='ltr'><strong>σωματικὴ</strong></span> <span class='ocrx_word' id='word_1_70' title='bbox 1227 1024 1638 1094; x_wconf 67' lang='grc' dir='ltr'>καταγράψειεν</span> <span class='ocrx_word' id='word_1_71' title='bbox 1683 1026 1750 1080; x_wconf 81' lang='grc' dir='ltr'>ἂν</span> <span class='ocrx_word' id='word_1_72' title='bbox 1784 1029 1869 1096; x_wconf 74' lang='grc' dir='ltr'><strong>ἐφ’</strong></span> 
     </span>
    </p>
   </div>
   <div class='ocr_carea' id='block_1_12' title="bbox 263 1106 1870 1189">
    <p class='ocr_par' dir='ltr' id='par_1_12' title="bbox 263 1106 1870 1189">
     <span class='ocr_line' id='line_1_12' title="bbox 263 1106 1870 1189; baseline 0.008 -31"><span class='ocrx_word' id='word_1_73' title='bbox 263 1106 469 1176; x_wconf 76' lang='grc' dir='ltr'>ἑαυτῆς</span> <span class='ocrx_word' id='word_1_74' title='bbox 518 1108 651 1171; x_wconf 85' lang='grc' dir='ltr'>τοὺς</span> <span class='ocrx_word' id='word_1_75' title='bbox 695 1110 926 1173; x_wconf 87' lang='grc' dir='ltr'>τύπους.</span> <span class='ocrx_word' id='word_1_76' title='bbox 966 1112 1426 1186; x_wconf 78' lang='grc' dir='ltr'>Χειραγωγηθείη</span> <span class='ocrx_word' id='word_1_77' title='bbox 1472 1116 1583 1189; x_wconf 75' lang='grc' dir='ltr'>γὰρ</span> <span class='ocrx_word' id='word_1_78' title='bbox 1626 1110 1728 1171; x_wconf 82' lang='grc' dir='ltr'>ὧδε</span> <span class='ocrx_word' id='word_1_79' title='bbox 1773 1118 1870 1171; x_wconf 79' lang='grc' dir='ltr'>καὶ</span> 
     </span>
    </p>
   </div>
   <div class='ocr_carea' id='block_1_13' title="bbox 257 1199 1868 1283">
    <p class='ocr_par' dir='ltr' id='par_1_13' title="bbox 257 1199 1868 1283">
     <span class='ocr_line' id='line_1_13' title="bbox 257 1199 1868 1283; baseline 0.009 -32"><span class='ocrx_word' id='word_1_80' title='bbox 257 1201 353 1270; x_wconf 75' lang='grc' dir='ltr'><strong>οὐχ</strong></span> <span class='ocrx_word' id='word_1_81' title='bbox 400 1199 620 1271; x_wconf 76' lang='grc' dir='ltr'>ἑτέρως</span> <span class='ocrx_word' id='word_1_82' title='bbox 652 1199 720 1255; x_wconf 80' lang='grc' dir='ltr'>ἂν</span> <span class='ocrx_word' id='word_1_83' title='bbox 764 1203 971 1273; x_wconf 79' lang='grc' dir='ltr'>μᾶλλον</span> <span class='ocrx_word' id='word_1_84' title='bbox 1014 1205 1108 1259; x_wconf 79' lang='grc' dir='ltr'><strong>ἐπὶ</strong></span> <span class='ocrx_word' id='word_1_85' title='bbox 1136 1206 1200 1261; x_wconf 87' lang='grc' dir='ltr'>τὸ</span> <span class='ocrx_word' id='word_1_86' title='bbox 1231 1206 1432 1278; x_wconf 78' lang='grc' dir='ltr'>ἀληθὲς</span> <span class='ocrx_word' id='word_1_87' title='bbox 1463 1211 1492 1264; x_wconf 91' lang='lat'><strong>6</strong></span> <span class='ocrx_word' id='word_1_88' title='bbox 1530 1210 1868 1283; x_wconf 78' lang='grc' dir='ltr'>ἀνθρώπινος</span> 
     </span>
    </p>
   </div>
   <div class='ocr_carea' id='block_1_14' title="bbox 253 1309 405 1357">
    <p class='ocr_par' dir='ltr' id='par_1_14' title="bbox 253 1309 405 1357">
     <span class='ocr_line' id='line_1_14' title="bbox 253 1309 405 1357; baseline 0.007 -12"><span class='ocrx_word' id='word_1_89' title='bbox 253 1309 405 1357; x_wconf 81' lang='grc' dir='ltr'>νιυς.</span> 
     </span>
    </p>
   </div>
   <div class='ocr_carea' id='block_1_15' title="bbox 320 1385 1869 1467">
    <p class='ocr_par' dir='ltr' id='par_1_15' title="bbox 320 1385 1869 1467">
     <span class='ocr_line' id='line_1_15' title="bbox 320 1385 1869 1467; baseline 0.006 -28"><span class='ocrx_word' id='word_1_90' title='bbox 320 1391 393 1453; x_wconf 64' lang='grc' dir='ltr'><strong>τ.</strong></span> <span class='ocrx_word' id='word_1_91' title='bbox 444 1385 824 1457; x_wconf 76' lang='grc' dir='ltr'>Καταὸέὸηκε</span> <span class='ocrx_word' id='word_1_92' title='bbox 854 1388 1038 1443; x_wconf 79' lang='grc' dir='ltr'>τοίνυν</span> <span class='ocrx_word' id='word_1_93' title='bbox 1078 1390 1283 1455; x_wconf 81' lang='grc' dir='ltr'>Ἰούδας</span> <span class='ocrx_word' id='word_1_94' title='bbox 1304 1432 1319 1456; x_wconf 95' lang='grc'><strong>,</strong></span> <span class='ocrx_word' id='word_1_95' title='bbox 1349 1392 1444 1446; x_wconf 69' lang='grc' dir='ltr'>καὶ</span> <span class='ocrx_word' id='word_1_96' title='bbox 1471 1393 1702 1463; x_wconf 77' lang='grc' dir='ltr'>ἀφίκετο</span> <span class='ocrx_word' id='word_1_97' title='bbox 1730 1395 1869 1467; x_wconf 80' lang='grc' dir='ltr'>πρὸς</span> 
     </span>
    </p>
   </div>
   <div class='ocr_carea' id='block_1_16' title="bbox 251 1476 1870 1554">
    <p class='ocr_par' dir='ltr' id='par_1_16' title="bbox 251 1476 1870 1554">
     <span class='ocr_line' id='line_1_16' title="bbox 251 1476 1870 1554; baseline 0.007 -25"><span class='ocrx_word' id='word_1_98' title='bbox 251 1477 577 1549; x_wconf 72' lang='grc' dir='ltr'>ἄνθρωπον,</span> <span class='ocrx_word' id='word_1_99' title='bbox 619 1476 666 1549; x_wconf 79' lang='grc' dir='ltr'>ᾧ</span> <span class='ocrx_word' id='word_1_100' title='bbox 700 1482 878 1552; x_wconf 78' lang='grc' dir='ltr'>ὃνομα</span> <span class='ocrx_word' id='word_1_101' title='bbox 909 1483 1084 1554; x_wconf 85' lang='grc' dir='ltr'>Ἷρας.</span> <span class='ocrx_word' id='word_1_102' title='bbox 1126 1485 1360 1549; x_wconf 78' lang='grc' dir='ltr'>Αίπόλος</span> <span class='ocrx_word' id='word_1_103' title='bbox 1398 1486 1454 1539; x_wconf 79' lang='grc' dir='ltr'>δὲ</span> <span class='ocrx_word' id='word_1_104' title='bbox 1485 1481 1642 1551; x_wconf 75' lang='grc' dir='ltr'>οὗτος</span> <span class='ocrx_word' id='word_1_105' title='bbox 1670 1489 1763 1541; x_wconf 76' lang='grc' dir='ltr'>καὶ</span> <span class='ocrx_word' id='word_1_106' title='bbox 1788 1505 1870 1541; x_wconf 82' lang='grc' dir='ltr'>τε·</span> 
     </span>
    </p>
   </div>
   <div class='ocr_carea' id='block_1_17' title="bbox 252 1571 1868 1651">
    <p class='ocr_par' dir='ltr' id='par_1_17' title="bbox 252 1571 1868 1651">
     <span class='ocr_line' id='line_1_17' title="bbox 252 1571 1868 1651; baseline 0.006 -26"><span class='ocrx_word' id='word_1_107' title='bbox 252 1571 454 1641; x_wconf 81' lang='grc' dir='ltr'>χνὶτης</span> <span class='ocrx_word' id='word_1_108' title='bbox 469 1572 541 1625; x_wconf 77' lang='grc' dir='ltr'>τὰ</span> <span class='ocrx_word' id='word_1_109' title='bbox 569 1575 889 1643; x_wconf 84' lang='grc' dir='ltr'>ποιμενικά.</span> <span class='ocrx_word' id='word_1_110' title='bbox 922 1576 1035 1630; x_wconf 73' lang='grc' dir='ltr'><strong>Καὶ</strong></span> <span class='ocrx_word' id='word_1_111' title='bbox 1051 1576 1149 1647; x_wconf 83' lang='grc' dir='ltr'>τὴν</span> <span class='ocrx_word' id='word_1_112' title='bbox 1173 1576 1355 1631; x_wconf 77' lang='grc' dir='ltr'>Σαϐᾶν</span> <span class='ocrx_word' id='word_1_113' title='bbox 1385 1578 1569 1631; x_wconf 75' lang='grc' dir='ltr'>ἐκεῖσε</span> <span class='ocrx_word' id='word_1_114' title='bbox 1593 1578 1868 1651; x_wconf 80' lang='grc' dir='ltr'>θεασάμε-</span> 
     </span>
    </p>
   </div>
   <div class='ocr_carea' id='block_1_18' title="bbox 250 1664 1869 1744">
    <p class='ocr_par' dir='ltr' id='par_1_18' title="bbox 250 1664 1869 1744">
     <span class='ocr_line' id='line_1_18' title="bbox 250 1664 1869 1744; baseline 0.007 -30"><span class='ocrx_word' id='word_1_115' title='bbox 250 1678 365 1727; x_wconf 76' lang='grc' dir='ltr'>νος,</span> <span class='ocrx_word' id='word_1_116' title='bbox 411 1664 658 1718; x_wconf 76' lang='grc' dir='ltr'>ἐποιεῖτο</span> <span class='ocrx_word' id='word_1_117' title='bbox 709 1665 810 1735; x_wconf 82' lang='grc' dir='ltr'>μὲν</span> <span class='ocrx_word' id='word_1_118' title='bbox 832 1665 1082 1721; x_wconf 79' lang='grc' dir='ltr'>σύνοικον</span> <span class='ocrx_word' id='word_1_119' title='bbox 1101 1708 1116 1732; x_wconf 96' lang='grc'><strong>,</strong></span> <span class='ocrx_word' id='word_1_120' title='bbox 1150 1668 1361 1740; x_wconf 77' lang='grc' dir='ltr'>μητέρα</span> <span class='ocrx_word' id='word_1_121' title='bbox 1380 1668 1437 1723; x_wconf 78' lang='grc' dir='ltr'>δὲ</span> <span class='ocrx_word' id='word_1_122' title='bbox 1465 1670 1558 1723; x_wconf 79' lang='grc' dir='ltr'><strong>καὶ</strong></span> <span class='ocrx_word' id='word_1_123' title='bbox 1574 1671 1740 1744; x_wconf 83' lang='grc' dir='ltr'><strong>τριῶν</strong></span> <span class='ocrx_word' id='word_1_124' title='bbox 1763 1673 1869 1725; x_wconf 81' lang='grc' dir='ltr'><strong>ἀπ·</strong></span> 
     </span>
    </p>
   </div>
   <div class='ocr_carea' id='block_1_19' title="bbox 250 1753 1864 1836">
    <p class='ocr_par' dir='ltr' id='par_1_19' title="bbox 250 1753 1864 1836">
     <span class='ocr_line' id='line_1_19' title="bbox 250 1753 1864 1836; baseline 0.007 -29"><span class='ocrx_word' id='word_1_125' title='bbox 250 1753 428 1821; x_wconf 72' lang='grc' dir='ltr'>ἑδειξε</span> <span class='ocrx_word' id='word_1_126' title='bbox 466 1758 685 1812; x_wconf 80' lang='grc' dir='ltr'>τέκνων</span> <span class='ocrx_word' id='word_1_127' title='bbox 709 1774 725 1789; x_wconf 89' lang='grc'><strong>·</strong></span> <span class='ocrx_word' id='word_1_128' title='bbox 765 1760 876 1831; x_wconf 84' lang='grc' dir='ltr'>Ἤρ</span> <span class='ocrx_word' id='word_1_129' title='bbox 904 1760 969 1832; x_wconf 86' lang='grc' dir='ltr'>δὴ</span> <span class='ocrx_word' id='word_1_130' title='bbox 998 1761 1142 1829; x_wconf 80' lang='grc' dir='ltr'>λέγω</span> <span class='ocrx_word' id='word_1_131' title='bbox 1166 1762 1259 1825; x_wconf 73' lang='grc' dir='ltr'>καὶ</span> <span class='ocrx_word' id='word_1_132' title='bbox 1291 1762 1492 1827; x_wconf 83' lang='grc' dir='ltr'>Αὐνᾶν,</span> <span class='ocrx_word' id='word_1_133' title='bbox 1551 1764 1649 1817; x_wconf 75' lang='grc' dir='ltr'>καὶ</span> <span class='ocrx_word' id='word_1_134' title='bbox 1680 1764 1864 1836; x_wconf 75' lang='grc' dir='ltr'>μέντοι</span> 
     </span>
    </p>
   </div>
   <div class='ocr_carea' id='block_1_20' title="bbox 1976 571 3568 657">
    <p class='ocr_par' dir='ltr' id='par_1_20' title="bbox 1976 571 3568 657">
     <span class='ocr_line' id='line_1_20' title="bbox 1976 571 3568 657; baseline 0.01 -32"><span class='ocrx_word' id='word_1_135' title='bbox 1976 571 2193 637; x_wconf 87' lang='lat' dir='ltr'><strong>herum,</strong></span> <span class='ocrx_word' id='word_1_136' title='bbox 2225 575 2418 630; x_wconf 86' lang='lat' dir='ltr'><strong>orbata</strong></span> <span class='ocrx_word' id='word_1_137' title='bbox 2441 592 2509 632; x_wconf 91' lang='lat' dir='ltr'><strong>eo</strong></span> <span class='ocrx_word' id='word_1_138' title='bbox 2540 578 2634 647; x_wconf 88' lang='lat' dir='ltr'><strong>qui</strong></span> <span class='ocrx_word' id='word_1_139' title='bbox 2677 578 2783 633; x_wconf 85' lang='lat' dir='ltr'><strong>sibi</strong></span> <span class='ocrx_word' id='word_1_140' title='bbox 2835 579 3080 650; x_wconf 80' lang='lat' dir='ltr'><strong>legitime</strong></span> <span class='ocrx_word' id='word_1_141' title='bbox 3121 581 3303 639; x_wconf 82' lang='lat' dir='ltr'><strong>fuerat</strong></span> <span class='ocrx_word' id='word_1_142' title='bbox 3332 588 3568 657; x_wconf 83' lang='lat' dir='ltr'><strong>conjun-</strong></span> 
     </span>
    </p>
   </div>
   <div class='ocr_carea' id='block_1_21' title="bbox 1975 665 3571 745">
    <p class='ocr_par' dir='ltr' id='par_1_21' title="bbox 1975 665 3571 745">
     <span class='ocr_line' id='line_1_21' title="bbox 1975 665 3571 745; baseline 0.009 -27"><span class='ocrx_word' id='word_1_143' title='bbox 1975 672 2138 720; x_wconf 87' lang='lat' dir='ltr'><strong>ctus:</strong></span> <span class='ocrx_word' id='word_1_144' title='bbox 2171 665 2262 721; x_wconf 89' lang='lat' dir='ltr'><strong>hic</strong></span> <span class='ocrx_word' id='word_1_145' title='bbox 2291 682 2424 723; x_wconf 88' lang='lat' dir='ltr'><strong>vero</strong></span> <span class='ocrx_word' id='word_1_146' title='bbox 2458 668 2517 724; x_wconf 89' lang='lat' dir='ltr'><strong>in</strong></span> <span class='ocrx_word' id='word_1_147' title='bbox 2550 670 2656 725; x_wconf 85' lang='lat' dir='ltr'><strong>levi</strong></span> <span class='ocrx_word' id='word_1_148' title='bbox 2690 672 2851 742; x_wconf 87' lang='lat' dir='ltr'><strong>culpa</strong></span> <span class='ocrx_word' id='word_1_149' title='bbox 2876 671 3000 739; x_wconf 79' lang='lat' dir='ltr'><strong>fuit,</strong></span> <span class='ocrx_word' id='word_1_150' title='bbox 3035 682 3097 728; x_wconf 90' lang='lat' dir='ltr'><strong>ut</strong></span> <span class='ocrx_word' id='word_1_151' title='bbox 3116 675 3211 745; x_wconf 86' lang='lat' dir='ltr'><strong>qui</strong></span> <span class='ocrx_word' id='word_1_152' title='bbox 3235 692 3296 732; x_wconf 91' lang='lat' dir='ltr'><strong>se</strong></span> <span class='ocrx_word' id='word_1_153' title='bbox 3335 683 3571 732; x_wconf 87' lang='lat' dir='ltr'><strong>commi-</strong></span> 
     </span>
    </p>
   </div>
   <div class='ocr_carea' id='block_1_22' title="bbox 1975 758 3568 837">
    <p class='ocr_par' dir='ltr' id='par_1_22' title="bbox 1975 758 3568 837">
     <span class='ocr_line' id='line_1_22' title="bbox 1975 758 3568 837; baseline 0.007 -25"><span class='ocrx_word' id='word_1_154' title='bbox 1975 758 2187 812; x_wconf 88' lang='lat' dir='ltr'><strong>scuerit</strong></span> <span class='ocrx_word' id='word_1_155' title='bbox 2229 773 2355 812; x_wconf 92' lang='lat' dir='ltr'><strong>cum</strong></span> <span class='ocrx_word' id='word_1_156' title='bbox 2404 760 2598 825; x_wconf 89' lang='lat' dir='ltr'><strong>libera,</strong></span> <span class='ocrx_word' id='word_1_157' title='bbox 2635 762 2807 831; x_wconf 83' lang='lat' dir='ltr'><strong>priori</strong></span> <span class='ocrx_word' id='word_1_158' title='bbox 2846 779 3020 819; x_wconf 82' lang='lat' dir='ltr'><strong>uxore</strong></span> <span class='ocrx_word' id='word_1_159' title='bbox 3051 765 3160 820; x_wconf 87' lang='lat' dir='ltr'><strong>sibi</strong></span> <span class='ocrx_word' id='word_1_160' title='bbox 3186 767 3298 837; x_wconf 84' lang='lat' dir='ltr'><strong>jam</strong></span> <span class='ocrx_word' id='word_1_161' title='bbox 3327 778 3568 823; x_wconf 88' lang='lat' dir='ltr'><strong>mortua.</strong></span> 
     </span>
    </p>
   </div>
   <div class='ocr_carea' id='block_1_23' title="bbox 1979 849 3567 930">
    <p class='ocr_par' dir='ltr' id='par_1_23' title="bbox 1979 849 3567 930">
     <span class='ocr_line' id='line_1_23' title="bbox 1979 849 3567 930; baseline 0.009 -28"><span class='ocrx_word' id='word_1_162' title='bbox 1979 849 2161 921; x_wconf 74' lang='lat' dir='ltr'><strong>Typos</strong></span> <span class='ocrx_word' id='word_1_163' title='bbox 2193 860 2381 905; x_wconf 87' lang='lat' dir='ltr'><strong>autem</strong></span> <span class='ocrx_word' id='word_1_164' title='bbox 2422 854 2829 924; x_wconf 87' lang='lat' dir='ltr'><strong>conjunctionis</strong></span> <span class='ocrx_word' id='word_1_165' title='bbox 2854 857 3178 927; x_wconf 90' lang='lat' dir='ltr'><strong>spiritualis,</strong></span> <span class='ocrx_word' id='word_1_166' title='bbox 3205 867 3262 914; x_wconf 87' lang='lat' dir='ltr'><strong>et</strong></span> <span class='ocrx_word' id='word_1_167' title='bbox 3281 862 3567 930; x_wconf 84' lang='lat' dir='ltr'><strong>partusin-</strong></span> 
     </span>
    </p>
   </div>
   <div class='ocr_carea' id='block_1_24' title="bbox 1973 942 3570 1023">
    <p class='ocr_par' dir='ltr' id='par_1_24' title="bbox 1973 942 3570 1023">
     <span class='ocr_line' id='line_1_24' title="bbox 1973 942 3570 1023; baseline 0.008 -28"><span class='ocrx_word' id='word_1_168' title='bbox 1973 942 2308 997; x_wconf 88' lang='lat' dir='ltr'><strong>tellectualis</strong></span> <span class='ocrx_word' id='word_1_169' title='bbox 2332 957 2433 1013; x_wconf 90' lang='lat' dir='ltr'><strong>per</strong></span> <span class='ocrx_word' id='word_1_170' title='bbox 2462 959 2521 998; x_wconf 90' lang='lat' dir='ltr'><strong>se</strong></span> <span class='ocrx_word' id='word_1_171' title='bbox 2566 946 2727 1001; x_wconf 89' lang='lat' dir='ltr'><strong>nobis</strong></span> <span class='ocrx_word' id='word_1_172' title='bbox 2741 946 3097 1023; x_wconf 76' lang='lat' dir='ltr'><strong>descripserit</strong></span> <span class='ocrx_word' id='word_1_173' title='bbox 3130 951 3234 1006; x_wconf 87' lang='lat' dir='ltr'><strong>ista</strong></span> <span class='ocrx_word' id='word_1_174' title='bbox 3253 953 3570 1023; x_wconf 80' lang='lat' dir='ltr'><strong>conjunctio</strong></span> 
     </span>
    </p>
   </div>
   <div class='ocr_carea' id='block_1_25' title="bbox 1972 1034 3568 1105">
    <p class='ocr_par' dir='ltr' id='par_1_25' title="bbox 1972 1034 3568 1105">
     <span class='ocr_line' id='line_1_25' title="bbox 1972 1034 3568 1105; baseline 0.007 -18"><span class='ocrx_word' id='word_1_175' title='bbox 1972 1042 2028 1089; x_wconf 90' lang='lat' dir='ltr'><strong>et</strong></span> <span class='ocrx_word' id='word_1_176' title='bbox 2058 1034 2341 1105; x_wconf 78' lang='lat' dir='ltr'><strong>generatio</strong></span> <span class='ocrx_word' id='word_1_177' title='bbox 2402 1037 2726 1105; x_wconf 76' lang='lat' dir='ltr'><strong>corporalis.</strong></span> <span class='ocrx_word' id='word_1_178' title='bbox 2768 1038 2928 1093; x_wconf 85' lang='lat' dir='ltr'><strong>Nulla</strong></span> <span class='ocrx_word' id='word_1_179' title='bbox 2974 1041 3126 1095; x_wconf 91' lang='lat' dir='ltr'><strong>enim</strong></span> <span class='ocrx_word' id='word_1_180' title='bbox 3176 1042 3284 1096; x_wconf 85' lang='lat' dir='ltr'><strong>alia</strong></span> <span class='ocrx_word' id='word_1_181' title='bbox 3353 1043 3568 1105; x_wconf 81' lang='lat' dir='ltr'><strong>ratione</strong></span> 
     </span>
    </p>
   </div>
   <div class='ocr_carea' id='block_1_26' title="bbox 1971 1126 3568 1205">
    <p class='ocr_par' dir='ltr' id='par_1_26' title="bbox 1971 1126 3568 1205">
     <span class='ocr_line' id='line_1_26' title="bbox 1971 1126 3568 1205; baseline 0.006 -25"><span class='ocrx_word' id='word_1_182' title='bbox 1971 1140 2130 1181; x_wconf 89' lang='lat' dir='ltr'><strong>mens</strong></span> <span class='ocrx_word' id='word_1_183' title='bbox 2163 1126 2403 1181; x_wconf 88' lang='lat' dir='ltr'><strong>humana</strong></span> <span class='ocrx_word' id='word_1_184' title='bbox 2432 1128 2776 1184; x_wconf 88' lang='lat' dir='ltr'><strong>commodius</strong></span> <span class='ocrx_word' id='word_1_185' title='bbox 2810 1130 2879 1184; x_wconf 90' lang='lat' dir='ltr'><strong>ad</strong></span> <span class='ocrx_word' id='word_1_186' title='bbox 2905 1132 3197 1189; x_wconf 72' lang='lat' dir='ltr'><strong>veritatem</strong></span> <span class='ocrx_word' id='word_1_187' title='bbox 3219 1133 3419 1189; x_wconf 90' lang='lat' dir='ltr'><strong>deduci</strong></span> <span class='ocrx_word' id='word_1_188' title='bbox 3465 1149 3568 1205; x_wconf 79' lang='lat' dir='ltr'><strong>po-</strong></span> 
     </span>
    </p>
   </div>
   <div class='ocr_carea' id='block_1_27' title="bbox 1972 1225 3058 1272">
    <p class='ocr_par' dir='ltr' id='par_1_27' title="bbox 1972 1225 3058 1272">
     <span class='ocr_line' id='line_1_27' title="bbox 1972 1225 3058 1272; baseline 0.01 -1"><span class='ocrx_word' id='word_1_189' title='bbox 1972 1225 2099 1272; x_wconf 87' lang='lat' dir='ltr'><strong>test.</strong></span> <span class='ocrx_word' id='word_1_190' title='bbox 3042 1230 3058 1247; x_wconf 87' lang='lat'>‘</span> 
     </span>
    </p>
   </div>
   <div class='ocr_carea' id='block_1_28' title="bbox 2040 1392 3566 1467">
    <p class='ocr_par' dir='ltr' id='par_1_28' title="bbox 2040 1392 3566 1467">
     <span class='ocr_line' id='line_1_28' title="bbox 2040 1392 3566 1467; baseline 0.005 -21"><span class='ocrx_word' id='word_1_191' title='bbox 2040 1392 2093 1447; x_wconf 80' lang='lat'><strong>5.</strong></span> <span class='ocrx_word' id='word_1_192' title='bbox 2121 1392 2417 1449; x_wconf 87' lang='lat' dir='ltr'><strong>Descendit</strong></span> <span class='ocrx_word' id='word_1_193' title='bbox 2443 1392 2614 1465; x_wconf 79' lang='lat' dir='ltr'><strong>igitur</strong></span> <span class='ocrx_word' id='word_1_194' title='bbox 2647 1394 2837 1461; x_wconf 86' lang='lat' dir='ltr'><strong>Judas,</strong></span> <span class='ocrx_word' id='word_1_195' title='bbox 2878 1405 2936 1451; x_wconf 89' lang='lat' dir='ltr'><strong>et</strong></span> <span class='ocrx_word' id='word_1_196' title='bbox 2955 1397 3183 1453; x_wconf 84' lang='lat' dir='ltr'><strong>divertit</strong></span> <span class='ocrx_word' id='word_1_197' title='bbox 3208 1398 3355 1467; x_wconf 86' lang='lat' dir='ltr'><strong>apud</strong></span> <span class='ocrx_word' id='word_1_198' title='bbox 3386 1399 3566 1453; x_wconf 84' lang='lat' dir='ltr'><strong>homi-</strong></span> 
     </span>
    </p>
   </div>
   <div class='ocr_carea' id='block_1_29' title="bbox 1969 1484 3567 1559">
    <p class='ocr_par' dir='ltr' id='par_1_29' title="bbox 1969 1484 3567 1559">
     <span class='ocr_line' id='line_1_29' title="bbox 1969 1484 3567 1559; baseline 0.002 -20"><span class='ocrx_word' id='word_1_199' title='bbox 1969 1498 2122 1549; x_wconf 87' lang='lat' dir='ltr'><strong>nem,</strong></span> <span class='ocrx_word' id='word_1_200' title='bbox 2163 1485 2254 1540; x_wconf 88' lang='lat' dir='ltr'><strong>cui</strong></span> <span class='ocrx_word' id='word_1_201' title='bbox 2283 1499 2487 1539; x_wconf 86' lang='lat' dir='ltr'><strong>nomen</strong></span> <span class='ocrx_word' id='word_1_202' title='bbox 2512 1484 2666 1539; x_wconf 88' lang='lat' dir='ltr'><strong>Hira.</strong></span> <span class='ocrx_word' id='word_1_203' title='bbox 2715 1485 2842 1541; x_wconf 86' lang='lat' dir='ltr'><strong>Fuit</strong></span> <span class='ocrx_word' id='word_1_204' title='bbox 2882 1496 3068 1542; x_wconf 90' lang='lat' dir='ltr'><strong>autem</strong></span> <span class='ocrx_word' id='word_1_205' title='bbox 3127 1503 3419 1557; x_wconf 87' lang='lat' dir='ltr'><strong>caprarum</strong></span> <span class='ocrx_word' id='word_1_206' title='bbox 3472 1504 3567 1559; x_wconf 88' lang='lat' dir='ltr'><strong>pa-</strong></span> 
     </span>
    </p>
   </div>
   <div class='ocr_carea' id='block_1_30' title="bbox 1970 1576 3563 1649">
    <p class='ocr_par' dir='ltr' id='par_1_30' title="bbox 1970 1576 3563 1649">
     <span class='ocr_line' id='line_1_30' title="bbox 1970 1576 3563 1649; baseline 0.004 -20"><span class='ocrx_word' id='word_1_207' title='bbox 1970 1583 2108 1641; x_wconf 91' lang='lat' dir='ltr'><strong>stor,</strong></span> <span class='ocrx_word' id='word_1_208' title='bbox 2133 1577 2458 1646; x_wconf 88' lang='lat' dir='ltr'><strong>peritusque</strong></span> <span class='ocrx_word' id='word_1_209' title='bbox 2483 1576 2562 1631; x_wconf 85' lang='lat' dir='ltr'><strong>rei</strong></span> <span class='ocrx_word' id='word_1_210' title='bbox 2588 1578 2900 1647; x_wconf 89' lang='lat' dir='ltr'><strong>pastoralis.</strong></span> <span class='ocrx_word' id='word_1_211' title='bbox 2921 1578 3115 1649; x_wconf 88' lang='lat' dir='ltr'><strong>Ibique</strong></span> <span class='ocrx_word' id='word_1_212' title='bbox 3147 1578 3346 1634; x_wconf 88' lang='lat' dir='ltr'><strong>Sabam</strong></span> <span class='ocrx_word' id='word_1_213' title='bbox 3385 1581 3563 1647; x_wconf 78' lang='lat' dir='ltr'><strong>visam</strong></span> 
     </span>
    </p>
   </div>
   <div class='ocr_carea' id='block_1_31' title="bbox 1969 1666 3564 1740">
    <p class='ocr_par' dir='ltr' id='par_1_31' title="bbox 1969 1666 3564 1740">
     <span class='ocr_line' id='line_1_31' title="bbox 1969 1666 3564 1740; baseline 0.004 -19"><span class='ocrx_word' id='word_1_214' title='bbox 1969 1666 2128 1721; x_wconf 79' lang='lat' dir='ltr'><strong>duxit</strong></span> <span class='ocrx_word' id='word_1_215' title='bbox 2157 1667 2215 1721; x_wconf 91' lang='lat' dir='ltr'><strong>in</strong></span> <span class='ocrx_word' id='word_1_216' title='bbox 2237 1681 2487 1733; x_wconf 85' lang='lat' dir='ltr'><strong>uxorem,</strong></span> <span class='ocrx_word' id='word_1_217' title='bbox 2520 1681 2584 1722; x_wconf 91' lang='lat' dir='ltr'><strong>ac</strong></span> <span class='ocrx_word' id='word_1_218' title='bbox 2611 1667 2777 1722; x_wconf 88' lang='lat' dir='ltr'><strong>trium</strong></span> <span class='ocrx_word' id='word_1_219' title='bbox 2808 1667 3050 1724; x_wconf 90' lang='lat' dir='ltr'><strong>ﬁliorum</strong></span> <span class='ocrx_word' id='word_1_220' title='bbox 3078 1678 3314 1725; x_wconf 90' lang='lat' dir='ltr'><strong>matrem</strong></span> <span class='ocrx_word' id='word_1_221' title='bbox 3344 1670 3564 1740; x_wconf 77' lang='lat' dir='ltr'><strong>eﬂecit;</strong></span> 
     </span>
    </p>
   </div>
   <div class='ocr_carea' id='block_1_32' title="bbox 1968 1759 3570 1834">
    <p class='ocr_par' dir='ltr' id='par_1_32' title="bbox 1968 1759 3570 1834">
     <span class='ocr_line' id='line_1_32' title="bbox 1968 1759 3570 1834; baseline 0.003 -19"><span class='ocrx_word' id='word_1_222' title='bbox 1968 1760 2229 1815; x_wconf 90' lang='lat' dir='ltr'><strong>nimirum</strong></span> <span class='ocrx_word' id='word_1_223' title='bbox 2245 1760 2377 1826; x_wconf 92' lang='lat' dir='ltr'><strong>Her,</strong></span> <span class='ocrx_word' id='word_1_224' title='bbox 2404 1762 2600 1815; x_wconf 83' lang='lat' dir='ltr'><strong>Aunan</strong></span> <span class='ocrx_word' id='word_1_225' title='bbox 2621 1769 2678 1816; x_wconf 92' lang='lat' dir='ltr'><strong>et</strong></span> <span class='ocrx_word' id='word_1_226' title='bbox 2708 1759 2913 1816; x_wconf 87' lang='lat' dir='ltr'><strong>Selom.</strong></span> <span class='ocrx_word' id='word_1_227' title='bbox 2936 1762 3017 1816; x_wconf 76' lang='lat' dir='ltr'><strong>Ex</strong></span> <span class='ocrx_word' id='word_1_228' title='bbox 3051 1762 3138 1818; x_wconf 89' lang='lat' dir='ltr'><strong>his</strong></span> <span class='ocrx_word' id='word_1_229' title='bbox 3171 1762 3282 1818; x_wconf 85' lang='lat' dir='ltr'><strong>Her</strong></span> <span class='ocrx_word' id='word_1_230' title='bbox 3296 1763 3570 1834; x_wconf 88' lang='lat' dir='ltr'><strong>signiﬁcat</strong></span> 
     </span>
    </p>
   </div>
   <div class='ocr_carea' id='block_1_33' title="bbox 253 1825 1870 1927">
    <p class='ocr_par' dir='ltr' id='par_1_33' title="bbox 253 1825 1866 1926">
     <span class='ocr_line' id='line_1_33' title="bbox 253 1825 1866 1926; baseline 0.007 -28"><span class='ocrx_word' id='word_1_231' title='bbox 253 1845 349 1899; x_wconf 76' lang='grc' dir='ltr'>καὶ</span> <span class='ocrx_word' id='word_1_232' title='bbox 378 1847 613 1919; x_wconf 79' lang='grc' dir='ltr'>Σηλώμ.</span> <span class='ocrx_word' id='word_1_233' title='bbox 660 1850 772 1904; x_wconf 77' lang='grc' dir='ltr'><strong>Καὶ</strong></span> <span class='ocrx_word' id='word_1_234' title='bbox 809 1825 854 1903; x_wconf 70' lang='grc' dir='ltr'>δ’</span> <span class='ocrx_word' id='word_1_235' title='bbox 882 1825 984 1921; x_wconf 79' lang='grc' dir='ltr'>μὲν</span> <span class='ocrx_word' id='word_1_236' title='bbox 1031 1825 1142 1926; x_wconf 67' lang='grc' dir='ltr'>Ἤρ</span> <span class='ocrx_word' id='word_1_237' title='bbox 1188 1825 1549 1923; x_wconf 78' lang='grc' dir='ltr'>δερμάτινος</span> <span class='ocrx_word' id='word_1_238' title='bbox 1572 1898 1587 1921; x_wconf 93' lang='grc'><strong>,</strong></span> <span class='ocrx_word' id='word_1_239' title='bbox 1617 1825 1866 1911; x_wconf 72' lang='grc' dir='ltr'>τουτέστι</span> 
     </span>
    </p>
   </div>
   <div class='ocr_carea' id='block_1_34' title="bbox 1974 1825 3567 1927">
    <p class='ocr_par' dir='ltr' id='par_1_34' title="bbox 1974 1825 3567 1927">
     <span class='ocr_line' id='line_1_34' title="bbox 1974 1825 3567 1927; baseline 0.006 -22"><span class='ocrx_word' id='word_1_240' title='bbox 1974 1851 2245 1923; x_wconf 70' lang='lat' dir='ltr'><strong>pellicem,</strong></span> <span class='ocrx_word' id='word_1_241' title='bbox 2303 1851 2413 1906; x_wconf 85' lang='lat' dir='ltr'><strong>hoc</strong></span> <span class='ocrx_word' id='word_1_242' title='bbox 2451 1860 2537 1908; x_wconf 87' lang='lat' dir='ltr'><strong>est</strong></span> <span class='ocrx_word' id='word_1_243' title='bbox 2572 1851 2843 1920; x_wconf 77' lang='lat' dir='ltr'><strong>carnalis;</strong></span> <span class='ocrx_word' id='word_1_244' title='bbox 2877 1854 3073 1909; x_wconf 85' lang='lat' dir='ltr'><strong>Aunan</strong></span> <span class='ocrx_word' id='word_1_245' title='bbox 3119 1870 3276 1920; x_wconf 87' lang='lat' dir='ltr'><strong>vero,</strong></span> <span class='ocrx_word' id='word_1_246' title='bbox 3322 1825 3567 1927; x_wconf 63' lang='lat' dir='ltr'><strong>stupidus</strong></span> 
     </span>
    </p>
   </div>
   <div class='ocr_carea' id='block_1_35' title="bbox 253 1937 1870 2018">
    <p class='ocr_par' dir='ltr' id='par_1_35' title="bbox 253 1937 1870 2018">
     <span class='ocr_line' id='line_1_35' title="bbox 253 1937 1870 2018; baseline 0.007 -26"><span class='ocrx_word' id='word_1_247' title='bbox 253 1937 559 2008; x_wconf 80' lang='grc' dir='ltr'>σάρκινος</span> <span class='ocrx_word' id='word_1_248' title='bbox 581 1981 598 2005; x_wconf 95' lang='grc'><strong>,</strong></span> <span class='ocrx_word' id='word_1_249' title='bbox 662 1942 1028 2014; x_wconf 76' lang='grc' dir='ltr'><strong>ἑρμηνεύεται</strong></span> <span class='ocrx_word' id='word_1_250' title='bbox 1047 1961 1062 1976; x_wconf 74' lang='grc' dir='ltr'><strong>ο</strong></span> <span class='ocrx_word' id='word_1_251' title='bbox 1129 1947 1458 2018; x_wconf 71' lang='grc' dir='ltr'>πεπληγὼς</span> <span class='ocrx_word' id='word_1_252' title='bbox 1506 1948 1563 2003; x_wconf 76' lang='grc' dir='ltr'>δὲ</span> <span class='ocrx_word' id='word_1_253' title='bbox 1614 1949 1870 2018; x_wconf 78' lang='grc' dir='ltr'>καρδίαν</span> 
     </span>
    </p>
   </div>
   <div class='ocr_carea' id='block_1_36' title="bbox 259 2032 1869 2113">
    <p class='ocr_par' dir='ltr' id='par_1_36' title="bbox 259 2032 1869 2113">
     <span class='ocr_line' id='line_1_36' title="bbox 259 2032 1869 2113; baseline 0.006 -30"><span class='ocrx_word' id='word_1_254' title='bbox 259 2032 470 2086; x_wconf 75' lang='grc' dir='ltr'>Αύνᾶν·</span> <span class='ocrx_word' id='word_1_255' title='bbox 501 2033 874 2113; x_wconf 65' lang='grc' dir='ltr'>ἐκσπαιζμύς</span> <span class='ocrx_word' id='word_1_256' title='bbox 915 2034 974 2089; x_wconf 73' lang='grc' dir='ltr'>δὲ</span> <span class='ocrx_word' id='word_1_257' title='bbox 1014 2037 1042 2089; x_wconf 97' lang='lat'><strong>6</strong></span> <span class='ocrx_word' id='word_1_258' title='bbox 1081 2036 1297 2109; x_wconf 77' lang='grc' dir='ltr'><strong>τρίτος,</strong></span> <span class='ocrx_word' id='word_1_259' title='bbox 1347 2039 1517 2111; x_wconf 76' lang='grc' dir='ltr'>ἡγουν</span> <span class='ocrx_word' id='word_1_260' title='bbox 1562 2042 1869 2108; x_wconf 69' lang='grc' dir='ltr'>ὑπόλυσις</span> 
     </span>
    </p>
   </div>
   <div class='ocr_carea' id='block_1_37' title="bbox 263 2123 1868 2203">
    <p class='ocr_par' dir='ltr' id='par_1_37' title="bbox 263 2123 1868 2203">
     <span class='ocr_line' id='line_1_37' title="bbox 263 2123 1868 2203; baseline 0.007 -27"><span class='ocrx_word' id='word_1_261' title='bbox 263 2123 355 2177; x_wconf 68' lang='grc' dir='ltr'>καὶ</span> <span class='ocrx_word' id='word_1_262' title='bbox 367 2123 745 2195; x_wconf 74' lang='grc' dir='ltr'>είρήνευσις.</span> <span class='ocrx_word' id='word_1_263' title='bbox 757 2127 1122 2201; x_wconf 78' lang='grc' dir='ltr'>Καταὸἐϐηκε</span> <span class='ocrx_word' id='word_1_264' title='bbox 1150 2129 1208 2182; x_wconf 87' lang='grc' dir='ltr'>δὲ</span> <span class='ocrx_word' id='word_1_265' title='bbox 1229 2131 1321 2184; x_wconf 74' lang='grc' dir='ltr'>καὶ</span> <span class='ocrx_word' id='word_1_266' title='bbox 1337 2132 1395 2198; x_wconf 80' lang='grc' dir='ltr'><strong>ἐξ</strong></span> <span class='ocrx_word' id='word_1_267' title='bbox 1411 2130 1676 2203; x_wconf 79' lang='grc' dir='ltr'>οὐρανῶν,</span> <span class='ocrx_word' id='word_1_268' title='bbox 1694 2132 1868 2188; x_wconf 85' lang='grc' dir='ltr'>καθά-</span> 
     </span>
    </p>
   </div>
   <div class='ocr_carea' id='block_1_38' title="bbox 262 2217 1868 2294">
    <p class='ocr_par' dir='ltr' id='par_1_38' title="bbox 262 2217 1868 2294">
     <span class='ocr_line' id='line_1_38' title="bbox 262 2217 1868 2294; baseline 0.006 -24"><span class='ocrx_word' id='word_1_269' title='bbox 262 2233 364 2288; x_wconf 74' lang='grc' dir='ltr'><strong>περ</strong></span> <span class='ocrx_word' id='word_1_270' title='bbox 387 2217 461 2272; x_wconf 76' lang='grc' dir='ltr'>ἐκ</span> <span class='ocrx_word' id='word_1_271' title='bbox 503 2236 659 2283; x_wconf 88' lang='grc' dir='ltr'>τινος</span> <span class='ocrx_word' id='word_1_272' title='bbox 694 2220 858 2290; x_wconf 78' lang='grc' dir='ltr'>ἁγίας</span> <span class='ocrx_word' id='word_1_273' title='bbox 890 2222 1019 2292; x_wconf 75' lang='grc' dir='ltr'>γῆς,</span> <span class='ocrx_word' id='word_1_274' title='bbox 1061 2223 1091 2275; x_wconf 93' lang='lat'><strong>6</strong></span> <span class='ocrx_word' id='word_1_275' title='bbox 1126 2225 1426 2294; x_wconf 85' lang='grc' dir='ltr'>μονογενὴς</span> <span class='ocrx_word' id='word_1_276' title='bbox 1457 2224 1552 2278; x_wconf 80' lang='grc' dir='ltr'><strong>τοῦ</strong></span> <span class='ocrx_word' id='word_1_277' title='bbox 1577 2225 1714 2279; x_wconf 80' lang='grc' dir='ltr'>Θεοῦ</span> <span class='ocrx_word' id='word_1_278' title='bbox 1759 2224 1868 2280; x_wconf 81' lang='lat' dir='ltr'><strong>A6-</strong></span> 
     </span>
    </p>
   </div>
   <div class='ocr_carea' id='block_1_39' title="bbox 252 2312 1913 2388">
    <p class='ocr_par' dir='ltr' id='par_1_39' title="bbox 252 2312 1913 2388">
     <span class='ocr_line' id='line_1_39' title="bbox 252 2312 1913 2388; baseline 0.006 -25"><span class='ocrx_word' id='word_1_279' title='bbox 252 2326 366 2377; x_wconf 84' lang='grc' dir='ltr'>γος,</span> <span class='ocrx_word' id='word_1_280' title='bbox 407 2312 444 2364; x_wconf 86' lang='lat'><strong>6</strong></span> <span class='ocrx_word' id='word_1_281' title='bbox 494 2312 722 2383; x_wconf 80' lang='grc' dir='ltr'>ἀληθῶς</span> <span class='ocrx_word' id='word_1_282' title='bbox 755 2315 1132 2387; x_wconf 81' lang='grc' dir='ltr'>ὑμνούμενος,</span> <span class='ocrx_word' id='word_1_283' title='bbox 1175 2318 1272 2371; x_wconf 78' lang='grc' dir='ltr'>καὶ</span> <span class='ocrx_word' id='word_1_284' title='bbox 1309 2318 1408 2388; x_wconf 79' lang='grc' dir='ltr'><strong>τῆς</strong></span> <span class='ocrx_word' id='word_1_285' title='bbox 1461 2318 1738 2388; x_wconf 80' lang='grc' dir='ltr'>βασιλείας</span> <span class='ocrx_word' id='word_1_286' title='bbox 1759 2317 1865 2386; x_wconf 73' lang='grc' dir='ltr'>τὴν</span> <span class='ocrx_word' id='word_1_287' title='bbox 1898 2336 1913 2349; x_wconf 72' lang='grc' dir='ltr'><strong><em>ο</em></strong></span> 
     </span>
    </p>
   </div>
   <div class='ocr_carea' id='block_1_40' title="bbox 249 2398 1869 2480">
    <p class='ocr_par' dir='ltr' id='par_1_40' title="bbox 249 2398 1869 2480">
     <span class='ocr_line' id='line_1_40' title="bbox 249 2398 1869 2480; baseline 0.007 -29"><span class='ocrx_word' id='word_1_288' title='bbox 249 2398 416 2466; x_wconf 74' lang='grc' dir='ltr'>δόξαν</span> <span class='ocrx_word' id='word_1_289' title='bbox 449 2402 707 2470; x_wconf 78' lang='grc' dir='ltr'>φυσικῶς</span> <span class='ocrx_word' id='word_1_290' title='bbox 736 2404 1075 2475; x_wconf 83' lang='grc' dir='ltr'>ἀνημμένος.</span> <span class='ocrx_word' id='word_1_291' title='bbox 1114 2406 1279 2462; x_wconf 82' lang='grc' dir='ltr'>Τουτὶ</span> <span class='ocrx_word' id='word_1_292' title='bbox 1309 2408 1418 2480; x_wconf 81' lang='grc' dir='ltr'><strong>γὰρ</strong></span> <span class='ocrx_word' id='word_1_293' title='bbox 1443 2409 1576 2480; x_wconf 83' lang='grc' dir='ltr'>ἡμῖν</span> <span class='ocrx_word' id='word_1_294' title='bbox 1597 2409 1659 2463; x_wconf 81' lang='grc' dir='ltr'>τὸ</span> <span class='ocrx_word' id='word_1_295' title='bbox 1696 2407 1869 2463; x_wconf 84' lang='grc' dir='ltr'>Ἰούδα</span> 
     </span>
    </p>
   </div>
   <div class='ocr_carea' id='block_1_41' title="bbox 252 2495 1868 2574">
    <p class='ocr_par' dir='ltr' id='par_1_41' title="bbox 252 2495 1868 2574">
     <span class='ocr_line' id='line_1_41' title="bbox 252 2495 1868 2574; baseline 0.007 -29"><span class='ocrx_word' id='word_1_296' title='bbox 252 2495 564 2564; x_wconf 77' lang='grc' dir='ltr'>πρόσωπον</span> <span class='ocrx_word' id='word_1_297' title='bbox 592 2496 973 2568; x_wconf 82' lang='grc' dir='ltr'>ύπεμφήνειεν</span> <span class='ocrx_word' id='word_1_298' title='bbox 999 2500 1094 2553; x_wconf 78' lang='grc' dir='ltr'><strong>ἄν’</strong></span> <span class='ocrx_word' id='word_1_299' title='bbox 1142 2500 1385 2555; x_wconf 72' lang='grc' dir='ltr'>αἴγεσιν</span> <span class='ocrx_word' id='word_1_300' title='bbox 1429 2502 1530 2573; x_wconf 82' lang='grc' dir='ltr'>μὲν</span> <span class='ocrx_word' id='word_1_301' title='bbox 1557 2501 1666 2574; x_wconf 80' lang='grc' dir='ltr'>γὰρ</span> <span class='ocrx_word' id='word_1_302' title='bbox 1696 2504 1729 2573; x_wconf 78' lang='grc' dir='ltr'><strong>ἡ</strong></span> <span class='ocrx_word' id='word_1_303' title='bbox 1770 2501 1868 2557; x_wconf 80' lang='grc' dir='ltr'>τοῦ</span> 
     </span>
    </p>
   </div>
   <div class='ocr_carea' id='block_1_42' title="bbox 249 2582 1867 2661">
    <p class='ocr_par' dir='ltr' id='par_1_42' title="bbox 249 2582 1867 2661">
     <span class='ocr_line' id='line_1_42' title="bbox 249 2582 1867 2661; baseline 0.007 -27"><span class='ocrx_word' id='word_1_304' title='bbox 249 2582 533 2653; x_wconf 76' lang='grc' dir='ltr'>ὀνόματος</span> <span class='ocrx_word' id='word_1_305' title='bbox 562 2586 814 2656; x_wconf 69' lang='grc' dir='ltr'>σημασία</span> <span class='ocrx_word' id='word_1_306' title='bbox 830 2587 1000 2658; x_wconf 82' lang='grc' dir='ltr'>δηλοῖ.</span> <span class='ocrx_word' id='word_1_307' title='bbox 1025 2588 1439 2661; x_wconf 85' lang='grc' dir='ltr'>Βασιλικωτάτη</span> <span class='ocrx_word' id='word_1_308' title='bbox 1464 2591 1522 2644; x_wconf 80' lang='grc' dir='ltr'>δὲ</span> <span class='ocrx_word' id='word_1_309' title='bbox 1542 2591 1650 2644; x_wconf 83' lang='grc' dir='ltr'>τῶν</span> <span class='ocrx_word' id='word_1_310' title='bbox 1670 2591 1867 2659; x_wconf 84' lang='grc' dir='ltr'>ἄλλων,</span> 
     </span>
    </p>
   </div>
   <div class='ocr_carea' id='block_1_43' title="bbox 250 2675 1868 2755">
    <p class='ocr_par' dir='ltr' id='par_1_43' title="bbox 250 2675 1868 2755">
     <span class='ocr_line' id='line_1_43' title="bbox 250 2675 1868 2755; baseline 0.006 -28"><span class='ocrx_word' id='word_1_311' title='bbox 250 2675 345 2728; x_wconf 73' lang='grc' dir='ltr'>καὶ</span> <span class='ocrx_word' id='word_1_312' title='bbox 380 2677 450 2729; x_wconf 80' lang='grc' dir='ltr'>ὲν</span> <span class='ocrx_word' id='word_1_313' title='bbox 494 2679 622 2739; x_wconf 84' lang='grc' dir='ltr'>ταῖς</span> <span class='ocrx_word' id='word_1_314' title='bbox 661 2680 744 2742; x_wconf 84' lang='grc' dir='ltr'><strong>είς</strong></span> <span class='ocrx_word' id='word_1_315' title='bbox 781 2678 956 2752; x_wconf 76' lang='grc' dir='ltr'>ἄκρον</span> <span class='ocrx_word' id='word_1_316' title='bbox 996 2680 1296 2753; x_wconf 76' lang='grc' dir='ltr'>ὑπεροχαῖς</span> <span class='ocrx_word' id='word_1_317' title='bbox 1329 2684 1362 2755; x_wconf 81' lang='grc' dir='ltr'><strong>ἡ</strong></span> <span class='ocrx_word' id='word_1_318' title='bbox 1410 2682 1581 2737; x_wconf 79' lang='grc' dir='ltr'>’ἰούδα</span> <span class='ocrx_word' id='word_1_319' title='bbox 1622 2684 1868 2738; x_wconf 86' lang='grc' dir='ltr'>τέθειται</span> 
     </span>
    </p>
   </div>
   <div class='ocr_carea' id='block_1_44' title="bbox 251 2768 1866 2847">
    <p class='ocr_par' dir='ltr' id='par_1_44' title="bbox 251 2768 1866 2847">
     <span class='ocr_line' id='line_1_44' title="bbox 251 2768 1866 2847; baseline 0.007 -28"><span class='ocrx_word' id='word_1_320' title='bbox 251 2768 431 2839; x_wconf 73' lang='grc' dir='ltr'>φυλή.</span> <span class='ocrx_word' id='word_1_321' title='bbox 486 2769 787 2842; x_wconf 82' lang='grc' dir='ltr'>Τοιγάρτοι</span> <span class='ocrx_word' id='word_1_322' title='bbox 811 2773 909 2827; x_wconf 72' lang='grc' dir='ltr'>καὶ</span> <span class='ocrx_word' id='word_1_323' title='bbox 957 2774 986 2826; x_wconf 89' lang='lat'><strong>6</strong></span> <span class='ocrx_word' id='word_1_324' title='bbox 1030 2774 1320 2839; x_wconf 81' lang='grc' dir='ltr'>θεσπέσιος</span> <span class='ocrx_word' id='word_1_325' title='bbox 1373 2775 1592 2842; x_wconf 80' lang='grc' dir='ltr'>Ἰακὼϐ,</span> <span class='ocrx_word' id='word_1_326' title='bbox 1632 2776 1731 2847; x_wconf 83' lang='grc' dir='ltr'>τὴν</span> <span class='ocrx_word' id='word_1_327' title='bbox 1776 2777 1866 2831; x_wconf 77' lang='grc' dir='ltr'><strong>ἐπ’</strong></span> 
     </span>
    </p>
   </div>
   <div class='ocr_carea' id='block_1_45' title="bbox 249 2860 1867 2940">
    <p class='ocr_par' dir='ltr' id='par_1_45' title="bbox 249 2860 1867 2940">
     <span class='ocr_line' id='line_1_45' title="bbox 249 2860 1867 2940; baseline 0.005 -25"><span class='ocrx_word' id='word_1_328' title='bbox 249 2860 406 2934; x_wconf 74' lang='grc' dir='ltr'><strong>οὗτῷ</strong></span> <span class='ocrx_word' id='word_1_329' title='bbox 457 2863 794 2934; x_wconf 74' lang='grc' dir='ltr'>’ποιούμενος</span> <span class='ocrx_word' id='word_1_330' title='bbox 828 2865 1102 2935; x_wconf 76' lang='grc' dir='ltr'>εὐλογίαν,</span> <span class='ocrx_word' id='word_1_331' title='bbox 1149 2867 1321 2921; x_wconf 82' lang='grc' dir='ltr'>Ἰούδα</span> <span class='ocrx_word' id='word_1_332' title='bbox 1352 2870 1509 2940; x_wconf 76' lang='grc' dir='ltr'>φησὶ,</span> <span class='ocrx_word' id='word_1_333' title='bbox 1549 2887 1568 2921; x_wconf 83' lang='grc' dir='ltr'><strong>ι</strong></span> <span class='ocrx_word' id='word_1_334' title='bbox 1617 2870 1685 2922; x_wconf 78' lang='grc' dir='ltr'><strong>Σὲ</strong></span> <span class='ocrx_word' id='word_1_335' title='bbox 1716 2871 1867 2925; x_wconf 81' lang='grc' dir='ltr'>αἰνέ-</span> 
     </span>
    </p>
   </div>
   <div class='ocr_carea' id='block_1_46' title="bbox 250 2956 1869 3031">
    <p class='ocr_par' dir='ltr' id='par_1_46' title="bbox 250 2956 1869 3031">
     <span class='ocr_line' id='line_1_46' title="bbox 250 2956 1869 3031; baseline 0.006 -25"><span class='ocrx_word' id='word_1_336' title='bbox 250 2972 462 3009; x_wconf 77' lang='grc' dir='ltr'>εαισαν</span> <span class='ocrx_word' id='word_1_337' title='bbox 488 2956 541 3008; x_wconf 81' lang='lat' dir='ltr'><strong>oi</strong></span> <span class='ocrx_word' id='word_1_338' title='bbox 576 2957 795 3021; x_wconf 73' lang='grc' dir='ltr'>ἀδελφοί</span> <span class='ocrx_word' id='word_1_339' title='bbox 835 2974 953 3011; x_wconf 89' lang='grc' dir='ltr'>σου.</span> <span class='ocrx_word' id='word_1_340' title='bbox 1000 2978 1018 3010; x_wconf 78' lang='grc' dir='ltr'><strong>ι</strong></span> <span class='ocrx_word' id='word_1_341' title='bbox 1063 2960 1475 3031; x_wconf 82' lang='grc' dir='ltr'>Μεμαρτύρηκε</span> <span class='ocrx_word' id='word_1_342' title='bbox 1498 2962 1554 3014; x_wconf 82' lang='grc' dir='ltr'>δὲ</span> <span class='ocrx_word' id='word_1_343' title='bbox 1587 2962 1681 3015; x_wconf 63' lang='grc' dir='ltr'><strong>κα)⁸</strong></span> <span class='ocrx_word' id='word_1_344' title='bbox 1721 2965 1749 3016; x_wconf 90' lang='lat'><strong>6</strong></span> <span class='ocrx_word' id='word_1_345' title='bbox 1777 2980 1869 3015; x_wconf 81' lang='grc' dir='ltr'>σο·-</span> 
     </span>
    </p>
   </div>
   <div class='ocr_carea' id='block_1_47' title="bbox 242 3045 1869 3126">
    <p class='ocr_par' dir='ltr' id='par_1_47' title="bbox 242 3045 1869 3126">
     <span class='ocr_line' id='line_1_47' title="bbox 242 3045 1869 3126; baseline 0.005 -26"><span class='ocrx_word' id='word_1_346' title='bbox 242 3045 517 3117; x_wconf 70' lang='grc' dir='ltr'>φώτατος</span> <span class='ocrx_word' id='word_1_347' title='bbox 552 3048 788 3113; x_wconf 75' lang='grc' dir='ltr'>Παῦλος,</span> <span class='ocrx_word' id='word_1_348' title='bbox 819 3049 896 3113; x_wconf 82' lang='grc' dir='ltr'>ὡς</span> <span class='ocrx_word' id='word_1_349' title='bbox 929 3053 995 3104; x_wconf 85' lang='grc' dir='ltr'>ἐκ</span> <span class='ocrx_word' id='word_1_350' title='bbox 1020 3052 1118 3122; x_wconf 77' lang='grc' dir='ltr'>τῆς</span> <span class='ocrx_word' id='word_1_351' title='bbox 1135 3052 1304 3105; x_wconf 81' lang='grc' dir='ltr'>’ἰούδα</span> <span class='ocrx_word' id='word_1_352' title='bbox 1330 3052 1504 3124; x_wconf 80' lang='grc' dir='ltr'>φυλῆς</span> <span class='ocrx_word' id='word_1_353' title='bbox 1536 3054 1707 3122; x_wconf 77' lang='grc' dir='ltr'>ἀνέφυ</span> <span class='ocrx_word' id='word_1_354' title='bbox 1732 3056 1869 3126; x_wconf 85' lang='grc' dir='ltr'>Χρι-</span> 
     </span>
    </p>
   </div>
   <div class='ocr_carea' id='block_1_48' title="bbox 1972 1934 3566 2013">
    <p class='ocr_par' dir='ltr' id='par_1_48' title="bbox 1972 1934 3566 2013">
     <span class='ocr_line' id='line_1_48' title="bbox 1972 1934 3566 2013; baseline 0.004 -17"><span class='ocrx_word' id='word_1_355' title='bbox 1972 1941 2088 1996; x_wconf 85' lang='lat' dir='ltr'><strong>sive</strong></span> <span class='ocrx_word' id='word_1_356' title='bbox 2118 1940 2386 2013; x_wconf 81' lang='lat' dir='ltr'><strong>perculsus</strong></span> <span class='ocrx_word' id='word_1_357' title='bbox 2417 1942 2607 2006; x_wconf 88' lang='lat' dir='ltr'><strong>corde;</strong></span> <span class='ocrx_word' id='word_1_358' title='bbox 2637 1943 2833 1997; x_wconf 89' lang='lat' dir='ltr'><strong>tertius</strong></span> <span class='ocrx_word' id='word_1_359' title='bbox 2860 1952 3068 2010; x_wconf 87' lang='lat' dir='ltr'><strong>autem,</strong></span> <span class='ocrx_word' id='word_1_360' title='bbox 3110 1934 3308 2000; x_wconf 68' lang='lat' dir='ltr'><strong>cuuisio</strong></span> <span class='ocrx_word' id='word_1_361' title='bbox 3339 1947 3457 2003; x_wconf 88' lang='lat' dir='ltr'><strong>sive</strong></span> <span class='ocrx_word' id='word_1_362' title='bbox 3481 1948 3566 2002; x_wconf 83' lang='lat' dir='ltr'><strong>di-</strong></span> 
     </span>
    </p>
   </div>
   <div class='ocr_carea' id='block_1_49' title="bbox 1971 2033 3571 2105">
    <p class='ocr_par' dir='ltr' id='par_1_49' title="bbox 1971 2033 3571 2105">
     <span class='ocr_line' id='line_1_49' title="bbox 1971 2033 3571 2105; baseline 0.004 -16"><span class='ocrx_word' id='word_1_363' title='bbox 1971 2035 2151 2089; x_wconf 78' lang='lat' dir='ltr'><strong>missio</strong></span> <span class='ocrx_word' id='word_1_364' title='bbox 2182 2042 2240 2089; x_wconf 91' lang='lat' dir='ltr'><strong>et</strong></span> <span class='ocrx_word' id='word_1_365' title='bbox 2270 2033 2594 2105; x_wconf 73' lang='lat' dir='ltr'><strong>paciﬁcatio.</strong></span> <span class='ocrx_word' id='word_1_366' title='bbox 2630 2035 2805 2089; x_wconf 88' lang='lat' dir='ltr'><strong>Porro</strong></span> <span class='ocrx_word' id='word_1_367' title='bbox 2842 2050 2874 2089; x_wconf 89' lang='lat' dir='ltr'><strong>e</strong></span> <span class='ocrx_word' id='word_1_368' title='bbox 2912 2035 3069 2091; x_wconf 72' lang='lat' dir='ltr'><strong>cosiis</strong></span> <span class='ocrx_word' id='word_1_369' title='bbox 3087 2038 3256 2092; x_wconf 89' lang='lat' dir='ltr'><strong>etiam</strong></span> <span class='ocrx_word' id='word_1_370' title='bbox 3278 2037 3571 2097; x_wconf 87' lang='lat' dir='ltr'><strong>descendit</strong></span> 
     </span>
    </p>
   </div>
   <div class='ocr_carea' id='block_1_50' title="bbox 1972 2124 3568 2197">
    <p class='ocr_par' dir='ltr' id='par_1_50' title="bbox 1972 2124 3568 2197">
     <span class='ocr_line' id='line_1_50' title="bbox 1972 2124 3568 2197; baseline 0.003 -17"><span class='ocrx_word' id='word_1_371' title='bbox 1972 2134 2235 2195; x_wconf 91' lang='lat' dir='ltr'><strong>tanquam</strong></span> <span class='ocrx_word' id='word_1_372' title='bbox 2272 2140 2304 2180; x_wconf 91' lang='lat' dir='ltr'><strong>e</strong></span> <span class='ocrx_word' id='word_1_373' title='bbox 2352 2132 2543 2180; x_wconf 82' lang='lat' dir='ltr'><strong>sancta</strong></span> <span class='ocrx_word' id='word_1_374' title='bbox 2577 2124 2816 2196; x_wconf 89' lang='lat' dir='ltr'><strong>quadam</strong></span> <span class='ocrx_word' id='word_1_375' title='bbox 2857 2134 3009 2180; x_wconf 88' lang='lat' dir='ltr'><strong>terra</strong></span> <span class='ocrx_word' id='word_1_376' title='bbox 3062 2126 3414 2197; x_wconf 89' lang='lat' dir='ltr'><strong>unigenitum</strong></span> <span class='ocrx_word' id='word_1_377' title='bbox 3466 2128 3568 2185; x_wconf 88' lang='lat' dir='ltr'><strong>Dei</strong></span> 
     </span>
    </p>
   </div>
   <div class='ocr_carea' id='block_1_51' title="bbox 1968 2217 3569 2290">
    <p class='ocr_par' dir='ltr' id='par_1_51' title="bbox 1968 2217 3569 2290">
     <span class='ocr_line' id='line_1_51' title="bbox 1968 2217 3569 2290; baseline 0.001 -16"><span class='ocrx_word' id='word_1_378' title='bbox 1968 2218 2235 2283; x_wconf 80' lang='lat' dir='ltr'><strong>Verbum,</strong></span> <span class='ocrx_word' id='word_1_379' title='bbox 2271 2217 2369 2289; x_wconf 89' lang='lat' dir='ltr'><strong>qui</strong></span> <span class='ocrx_word' id='word_1_380' title='bbox 2398 2217 2571 2276; x_wconf 86' lang='lat' dir='ltr'><strong>Filius</strong></span> <span class='ocrx_word' id='word_1_381' title='bbox 2593 2232 2724 2273; x_wconf 89' lang='lat' dir='ltr'><strong>vere</strong></span> <span class='ocrx_word' id='word_1_382' title='bbox 2748 2218 2984 2273; x_wconf 89' lang='lat' dir='ltr'><strong>celebris</strong></span> <span class='ocrx_word' id='word_1_383' title='bbox 3009 2226 3113 2284; x_wconf 89' lang='lat' dir='ltr'><strong>est,</strong></span> <span class='ocrx_word' id='word_1_384' title='bbox 3161 2219 3380 2290; x_wconf 87' lang='lat' dir='ltr'><strong>sibique</strong></span> <span class='ocrx_word' id='word_1_385' title='bbox 3406 2229 3569 2277; x_wconf 88' lang='lat' dir='ltr'><strong>natu-</strong></span> 
     </span>
    </p>
   </div>
   <div class='ocr_carea' id='block_1_52' title="bbox 1969 2310 3568 2383">
    <p class='ocr_par' dir='ltr' id='par_1_52' title="bbox 1969 2310 3568 2383">
     <span class='ocr_line' id='line_1_52' title="bbox 1969 2310 3568 2383; baseline 0.003 -17"><span class='ocrx_word' id='word_1_386' title='bbox 1969 2312 2161 2367; x_wconf 90' lang='lat' dir='ltr'><strong>raliter</strong></span> <span class='ocrx_word' id='word_1_387' title='bbox 2200 2311 2518 2383; x_wconf 86' lang='lat' dir='ltr'><strong>adjunctam</strong></span> <span class='ocrx_word' id='word_1_388' title='bbox 2551 2311 2723 2367; x_wconf 86' lang='lat' dir='ltr'><strong>habet</strong></span> <span class='ocrx_word' id='word_1_389' title='bbox 2756 2310 2912 2383; x_wconf 84' lang='lat' dir='ltr'><strong>regni</strong></span> <span class='ocrx_word' id='word_1_390' title='bbox 2935 2312 3300 2383; x_wconf 89' lang='lat' dir='ltr'><strong>majestatem.</strong></span> <span class='ocrx_word' id='word_1_391' title='bbox 3330 2313 3392 2369; x_wconf 87' lang='lat' dir='ltr'><strong>Id</strong></span> <span class='ocrx_word' id='word_1_392' title='bbox 3416 2313 3568 2370; x_wconf 88' lang='lat' dir='ltr'><strong>enim</strong></span> 
     </span>
    </p>
   </div>
   <div class='ocr_carea' id='block_1_53' title="bbox 1967 2402 3569 2475">
    <p class='ocr_par' dir='ltr' id='par_1_53' title="bbox 1967 2402 3569 2475">
     <span class='ocr_line' id='line_1_53' title="bbox 1967 2402 3569 2475; baseline 0.001 -16"><span class='ocrx_word' id='word_1_393' title='bbox 1967 2404 2133 2459; x_wconf 88' lang='lat' dir='ltr'><strong>nobis</strong></span> <span class='ocrx_word' id='word_1_394' title='bbox 2156 2418 2399 2475; x_wconf 87' lang='lat' dir='ltr'><strong>persona</strong></span> <span class='ocrx_word' id='word_1_395' title='bbox 2428 2402 2586 2459; x_wconf 67' lang='lat' dir='ltr'><strong>ludas</strong></span> <span class='ocrx_word' id='word_1_396' title='bbox 2626 2411 3006 2473; x_wconf 65' lang='lat' dir='ltr'><strong>repraesentat,</strong></span> <span class='ocrx_word' id='word_1_397' title='bbox 3042 2403 3319 2474; x_wconf 88' lang='lat' dir='ltr'><strong>siquidem</strong></span> <span class='ocrx_word' id='word_1_398' title='bbox 3363 2418 3569 2461; x_wconf 88' lang='lat' dir='ltr'><strong>nomen</strong></span> 
     </span>
    </p>
   </div>
   <div class='ocr_carea' id='block_1_54' title="bbox 1966 2493 3570 2566">
    <p class='ocr_par' dir='ltr' id='par_1_54' title="bbox 1966 2493 3570 2566">
     <span class='ocr_line' id='line_1_54' title="bbox 1966 2493 3570 2566; baseline 0.003 -16"><span class='ocrx_word' id='word_1_399' title='bbox 1966 2495 2142 2566; x_wconf 88' lang='lat' dir='ltr'><strong>ipsius</strong></span> <span class='ocrx_word' id='word_1_400' title='bbox 2157 2494 2426 2566; x_wconf 86' lang='lat' dir='ltr'><strong>signiﬁcat</strong></span> <span class='ocrx_word' id='word_1_401' title='bbox 2448 2494 2680 2561; x_wconf 81' lang='lat' dir='ltr'><strong>laudem,</strong></span> <span class='ocrx_word' id='word_1_402' title='bbox 2693 2511 2790 2551; x_wconf 88' lang='lat' dir='ltr'><strong>seu</strong></span> <span class='ocrx_word' id='word_1_403' title='bbox 2806 2493 3228 2551; x_wconf 78' lang='lat' dir='ltr'><strong>celebrationem.</strong></span> <span class='ocrx_word' id='word_1_404' title='bbox 3247 2496 3453 2554; x_wconf 87' lang='lat' dir='ltr'><strong>Tribus</strong></span> <span class='ocrx_word' id='word_1_405' title='bbox 3468 2513 3570 2554; x_wconf 79' lang='lat' dir='ltr'><strong>au-</strong></span> 
     </span>
    </p>
   </div>
   <div class='ocr_carea' id='block_1_55' title="bbox 1968 2587 3565 2660">
    <p class='ocr_par' dir='ltr' id='par_1_55' title="bbox 1968 2587 3565 2660">
     <span class='ocr_line' id='line_1_55' title="bbox 1968 2587 3565 2660; baseline 0.001 -16"><span class='ocrx_word' id='word_1_406' title='bbox 1968 2596 2079 2644; x_wconf 90' lang='lat' dir='ltr'><strong>tem</strong></span> <span class='ocrx_word' id='word_1_407' title='bbox 2096 2589 2250 2645; x_wconf 71' lang='lat' dir='ltr'><strong>Iuda:</strong></span> <span class='ocrx_word' id='word_1_408' title='bbox 2263 2604 2377 2659; x_wconf 64' lang='lat' dir='ltr'><strong>prae</strong></span> <span class='ocrx_word' id='word_1_409' title='bbox 2393 2588 2518 2644; x_wconf 89' lang='lat' dir='ltr'><strong>aliis</strong></span> <span class='ocrx_word' id='word_1_410' title='bbox 2536 2587 2795 2660; x_wconf 88' lang='lat' dir='ltr'><strong>insignita</strong></span> <span class='ocrx_word' id='word_1_411' title='bbox 2810 2588 3188 2644; x_wconf 80' lang='lat' dir='ltr'><strong>fuit&#39;tribubus</strong></span> <span class='ocrx_word' id='word_1_412' title='bbox 3203 2589 3415 2646; x_wconf 89' lang='lat' dir='ltr'><strong>honore</strong></span> <span class='ocrx_word' id='word_1_413' title='bbox 3434 2590 3565 2647; x_wconf 88' lang='lat' dir='ltr'><strong>etin</strong></span> 
     </span>
    </p>
   </div>
   <div class='ocr_carea' id='block_1_56' title="bbox 1966 2678 3567 2751">
    <p class='ocr_par' dir='ltr' id='par_1_56' title="bbox 1966 2678 3567 2751">
     <span class='ocr_line' id='line_1_56' title="bbox 1966 2678 3567 2751; baseline 0 -14"><span class='ocrx_word' id='word_1_414' title='bbox 1966 2695 2226 2751; x_wconf 88' lang='lat' dir='ltr'><strong>suprema</strong></span> <span class='ocrx_word' id='word_1_415' title='bbox 2245 2678 2568 2735; x_wconf 78' lang='lat' dir='ltr'><strong>excellentia</strong></span> <span class='ocrx_word' id='word_1_416' title='bbox 2589 2680 2789 2749; x_wconf 89' lang='lat' dir='ltr'><strong>posita.</strong></span> <span class='ocrx_word' id='word_1_417' title='bbox 2808 2680 2963 2736; x_wconf 90' lang='lat' dir='ltr'><strong>Unde</strong></span> <span class='ocrx_word' id='word_1_418' title='bbox 2980 2680 3203 2735; x_wconf 86' lang='lat' dir='ltr'><strong>divinus</strong></span> <span class='ocrx_word' id='word_1_419' title='bbox 3216 2680 3407 2747; x_wconf 84' lang='lat' dir='ltr'><strong>Jacob,</strong></span> <span class='ocrx_word' id='word_1_420' title='bbox 3427 2681 3567 2737; x_wconf 86' lang='lat' dir='ltr'><strong>dans</strong></span> 
     </span>
    </p>
   </div>
   <div class='ocr_carea' id='block_1_57' title="bbox 1968 2768 3557 2839">
    <p class='ocr_par' dir='ltr' id='par_1_57' title="bbox 1968 2768 3557 2839">
     <span class='ocr_line' id='line_1_57' title="bbox 1968 2768 3557 2839; baseline -0.001 -9"><span class='ocrx_word' id='word_1_421' title='bbox 1968 2773 2599 2839; x_wconf 68' lang='lat' dir='ltr'><strong>benedictionemludae,</strong></span> <span class='ocrx_word' id='word_1_422' title='bbox 2621 2774 2698 2828; x_wconf 88' lang='lat' dir='ltr'><strong>ait</strong></span> <span class='ocrx_word' id='word_1_423' title='bbox 2721 2792 2733 2827; x_wconf 86' lang='lat'><strong>:</strong></span> <span class='ocrx_word' id='word_1_424' title='bbox 2760 2794 2778 2824; x_wconf 78' lang='grc' dir='ltr'><strong>ι</strong></span> <span class='ocrx_word' id='word_1_425' title='bbox 2804 2775 2880 2829; x_wconf 87' lang='lat' dir='ltr'><strong>Te</strong></span> <span class='ocrx_word' id='word_1_426' title='bbox 2895 2768 3335 2831; x_wconf 85' lang='lat' dir='ltr'><strong>laudentfratres</strong></span> <span class='ocrx_word' id='word_1_427' title='bbox 3354 2775 3435 2830; x_wconf 94' lang='lat' dir='ltr'><strong>tui</strong></span> <span class='ocrx_word' id='word_1_428' title='bbox 3457 2774 3524 2829; x_wconf 78' lang='lat'><strong>“.</strong></span> <span class='ocrx_word' id='word_1_429' title='bbox 3538 2793 3557 2827; x_wconf 78' lang='grc' dir='ltr'><strong>ι</strong></span> 
     </span>
    </p>
   </div>
   <div class='ocr_carea' id='block_1_58' title="bbox 1974 2864 3563 2941">
    <p class='ocr_par' dir='ltr' id='par_1_58' title="bbox 1974 2864 3563 2941">
     <span class='ocr_line' id='line_1_58' title="bbox 1974 2864 3563 2941; baseline 0.002 -21"><span class='ocrx_word' id='word_1_430' title='bbox 1974 2865 2132 2935; x_wconf 80' lang='lat'><strong>197</strong></span> <span class='ocrx_word' id='word_1_431' title='bbox 2155 2864 2321 2934; x_wconf 87' lang='lat' dir='ltr'><strong>Atqui</strong></span> <span class='ocrx_word' id='word_1_432' title='bbox 2343 2865 2783 2935; x_wconf 85' lang='lat' dir='ltr'><strong>sapientissimus</strong></span> <span class='ocrx_word' id='word_1_433' title='bbox 2800 2868 3003 2923; x_wconf 81' lang='lat' dir='ltr'><strong>Paulus</strong></span> <span class='ocrx_word' id='word_1_434' title='bbox 3016 2869 3186 2923; x_wconf 90' lang='lat' dir='ltr'><strong>etiam</strong></span> <span class='ocrx_word' id='word_1_435' title='bbox 3209 2876 3442 2941; x_wconf 88' lang='lat' dir='ltr'><strong>testatus</strong></span> <span class='ocrx_word' id='word_1_436' title='bbox 3456 2875 3563 2934; x_wconf 88' lang='lat' dir='ltr'><strong>est,</strong></span> 
     </span>
    </p>
   </div>
   <div class='ocr_carea' id='block_1_59' title="bbox 1970 2957 3568 3029">
    <p class='ocr_par' dir='ltr' id='par_1_59' title="bbox 1970 2957 3568 3029">
     <span class='ocr_line' id='line_1_59' title="bbox 1970 2957 3568 3029; baseline 0.002 -18"><span class='ocrx_word' id='word_1_437' title='bbox 1970 2958 2116 3029; x_wconf 91' lang='lat' dir='ltr'><strong>quod</strong></span> <span class='ocrx_word' id='word_1_438' title='bbox 2148 2973 2217 3012; x_wconf 73' lang='lat' dir='ltr'><strong>ex</strong></span> <span class='ocrx_word' id='word_1_439' title='bbox 2236 2958 2387 3013; x_wconf 87' lang='lat' dir='ltr'><strong>tribu</strong></span> <span class='ocrx_word' id='word_1_440' title='bbox 2427 2957 2568 3014; x_wconf 86' lang='lat' dir='ltr'><strong>Juda</strong></span> <span class='ocrx_word' id='word_1_441' title='bbox 2596 2959 2845 3014; x_wconf 90' lang='lat' dir='ltr'><strong>oriturus</strong></span> <span class='ocrx_word' id='word_1_442' title='bbox 2873 2960 2945 3015; x_wconf 87' lang='lat' dir='ltr'><strong>sit</strong></span> <span class='ocrx_word' id='word_1_443' title='bbox 2976 2959 3251 3026; x_wconf 88' lang='lat' dir='ltr'><strong>Christus,</strong></span> <span class='ocrx_word' id='word_1_444' title='bbox 3277 2960 3423 3015; x_wconf 86' lang='lat' dir='ltr'><strong>ultra</strong></span> <span class='ocrx_word' id='word_1_445' title='bbox 3448 2974 3568 3014; x_wconf 90' lang='lat' dir='ltr'><strong>om-</strong></span> 
     </span>
    </p>
   </div>
   <div class='ocr_carea' id='block_1_60' title="bbox 1968 3049 3564 3121">
    <p class='ocr_par' dir='ltr' id='par_1_60' title="bbox 1968 3049 3564 3121">
     <span class='ocr_line' id='line_1_60' title="bbox 1968 3049 3564 3121; baseline 0.001 -17"><span class='ocrx_word' id='word_1_446' title='bbox 1968 3065 2072 3105; x_wconf 90' lang='lat' dir='ltr'><strong>nes</strong></span> <span class='ocrx_word' id='word_1_447' title='bbox 2108 3056 2392 3105; x_wconf 87' lang='lat' dir='ltr'><strong>creaturas</strong></span> <span class='ocrx_word' id='word_1_448' title='bbox 2418 3049 2868 3105; x_wconf 81' lang='lat' dir='ltr'><strong>celebrandus&quot;.</strong></span> <span class='ocrx_word' id='word_1_449' title='bbox 2900 3051 3403 3121; x_wconf 86' lang='lat' dir='ltr'><strong>Descendititaque</strong></span> <span class='ocrx_word' id='word_1_450' title='bbox 3436 3050 3564 3106; x_wconf 86' lang='lat' dir='ltr'><strong>uni-</strong></span> 
     </span>
    </p>
   </div>
   <div class='ocr_carea' id='block_1_61' title="bbox 248 3141 1870 3227">
    <p class='ocr_par' dir='ltr' id='par_1_61' title="bbox 248 3141 1864 3216">
     <span class='ocr_line' id='line_1_61' title="bbox 248 3141 1864 3216; baseline 0.002 -20"><span class='ocrx_word' id='word_1_451' title='bbox 248 3144 378 3206; x_wconf 84' lang='grc' dir='ltr'>στὸς</span> <span class='ocrx_word' id='word_1_452' title='bbox 402 3184 421 3206; x_wconf 93' lang='grc'><strong>,</strong></span> <span class='ocrx_word' id='word_1_453' title='bbox 460 3144 493 3197; x_wconf 88' lang='grc' dir='ltr'><strong>ὀ</strong></span> <span class='ocrx_word' id='word_1_454' title='bbox 526 3141 682 3215; x_wconf 82' lang='grc' dir='ltr'>παρὰ</span> <span class='ocrx_word' id='word_1_455' title='bbox 714 3143 901 3215; x_wconf 76' lang='grc' dir='ltr'>πάσης</span> <span class='ocrx_word' id='word_1_456' title='bbox 943 3143 1171 3209; x_wconf 80' lang='grc' dir='ltr'>κτίσεως</span> <span class='ocrx_word' id='word_1_457' title='bbox 1206 3145 1569 3216; x_wconf 76' lang='grc' dir='ltr'>ὑμνούμενος.</span> <span class='ocrx_word' id='word_1_458' title='bbox 1617 3146 1864 3200; x_wconf 79' lang='grc' dir='ltr'><strong>Καταὸέ-</strong></span> 
     </span>
    </p>
   </div>
   <div class='ocr_carea' id='block_1_62' title="bbox 1974 3141 3567 3227">
    <p class='ocr_par' dir='ltr' id='par_1_62' title="bbox 1974 3143 3567 3216">
     <span class='ocr_line' id='line_1_62' title="bbox 1974 3143 3567 3216; baseline 0.002 -16"><span class='ocrx_word' id='word_1_459' title='bbox 1974 3145 2190 3216; x_wconf 88' lang='lat' dir='ltr'><strong>genitus</strong></span> <span class='ocrx_word' id='word_1_460' title='bbox 2217 3144 2315 3199; x_wconf 90' lang='lat' dir='ltr'><strong>Dei</strong></span> <span class='ocrx_word' id='word_1_461' title='bbox 2341 3143 2534 3209; x_wconf 89' lang='lat' dir='ltr'><strong>Filius,</strong></span> <span class='ocrx_word' id='word_1_462' title='bbox 2577 3152 2635 3200; x_wconf 91' lang='lat' dir='ltr'><strong>et</strong></span> <span class='ocrx_word' id='word_1_463' title='bbox 2663 3145 2838 3200; x_wconf 83' lang='lat' dir='ltr'><strong>exivit</strong></span> <span class='ocrx_word' id='word_1_464' title='bbox 2885 3160 2986 3216; x_wconf 92' lang='lat' dir='ltr'><strong>per</strong></span> <span class='ocrx_word' id='word_1_465' title='bbox 3029 3145 3312 3201; x_wconf 91' lang='lat' dir='ltr'><strong>desertum</strong></span> <span class='ocrx_word' id='word_1_466' title='bbox 3345 3146 3567 3203; x_wconf 82' lang='lat' dir='ltr'><strong>Madian</strong></span> 
     </span>
    </p>
   </div>
   <div class='ocr_carea' id='block_1_63' title="bbox 245 3236 1863 3309">
    <p class='ocr_par' dir='ltr' id='par_1_63' title="bbox 245 3236 1863 3309">
     <span class='ocr_line' id='line_1_63' title="bbox 245 3236 1863 3309; baseline 0.004 -22"><span class='ocrx_word' id='word_1_467' title='bbox 245 3236 390 3303; x_wconf 77' lang='grc' dir='ltr'>δηκε</span> <span class='ocrx_word' id='word_1_468' title='bbox 443 3236 636 3290; x_wconf 86' lang='grc' dir='ltr'>τοίνυν</span> <span class='ocrx_word' id='word_1_469' title='bbox 672 3239 701 3290; x_wconf 87' lang='lat'><strong>6</strong></span> <span class='ocrx_word' id='word_1_470' title='bbox 745 3237 1043 3309; x_wconf 80' lang='grc' dir='ltr'>μονογενὴς</span> <span class='ocrx_word' id='word_1_471' title='bbox 1078 3236 1177 3291; x_wconf 82' lang='grc' dir='ltr'><strong>τοῦ</strong></span> <span class='ocrx_word' id='word_1_472' title='bbox 1214 3236 1353 3293; x_wconf 80' lang='grc' dir='ltr'>Θεοῦ</span> <span class='ocrx_word' id='word_1_473' title='bbox 1393 3239 1589 3308; x_wconf 87' lang='grc' dir='ltr'>Λόγος,</span> <span class='ocrx_word' id='word_1_474' title='bbox 1623 3239 1719 3293; x_wconf 79' lang='grc' dir='ltr'>καὶ</span> <span class='ocrx_word' id='word_1_475' title='bbox 1763 3242 1863 3294; x_wconf 71' lang='grc' dir='ltr'><strong>ἐπι</strong></span> 
     </span>
    </p>
   </div>
   <div class='ocr_carea' id='block_1_64' title="bbox 244 3328 1863 3401">
    <p class='ocr_par' dir='ltr' id='par_1_64' title="bbox 244 3328 1863 3401">
     <span class='ocr_line' id='line_1_64' title="bbox 244 3328 1863 3401; baseline 0.002 -19"><span class='ocrx_word' id='word_1_476' title='bbox 244 3328 526 3400; x_wconf 66' lang='grc' dir='ltr'>ι’,τοίτησε</span> <span class='ocrx_word' id='word_1_477' title='bbox 556 3328 658 3399; x_wconf 83' lang='grc' dir='ltr'>μὲν</span> <span class='ocrx_word' id='word_1_478' title='bbox 685 3331 753 3400; x_wconf 84' lang='grc' dir='ltr'>τῇ</span> <span class='ocrx_word' id='word_1_479' title='bbox 791 3330 985 3401; x_wconf 75' lang='grc' dir='ltr'>ἐρήμῳ</span> <span class='ocrx_word' id='word_1_480' title='bbox 1022 3328 1250 3400; x_wconf 70' lang='grc' dir='ltr'>Μαδιὰμ</span> <span class='ocrx_word' id='word_1_481' title='bbox 1277 3329 1718 3399; x_wconf 77' lang='grc' dir='ltr'>διαποιμαίνοντι</span> <span class='ocrx_word' id='word_1_482' title='bbox 1741 3330 1863 3386; x_wconf 85' lang='grc' dir='ltr'>τότε</span> 
     </span>
    </p>
   </div>
   <div class='ocr_carea' id='block_1_65' title="bbox 244 3418 1865 3495">
    <p class='ocr_par' dir='ltr' id='par_1_65' title="bbox 244 3418 1865 3495">
     <span class='ocr_line' id='line_1_65' title="bbox 244 3418 1865 3495; baseline 0.001 -21"><span class='ocrx_word' id='word_1_483' title='bbox 244 3420 326 3490; x_wconf 78' lang='grc' dir='ltr'>τῷ</span> <span class='ocrx_word' id='word_1_484' title='bbox 365 3420 645 3492; x_wconf 78' lang='grc' dir='ltr'>μακαρίῳ</span> <span class='ocrx_word' id='word_1_485' title='bbox 666 3422 880 3479; x_wconf 73' lang='grc' dir='ltr'>Μωσεῖ.</span> <span class='ocrx_word' id='word_1_486' title='bbox 918 3421 1094 3492; x_wconf 81' lang='grc' dir='ltr'>Ὠφθη</span> <span class='ocrx_word' id='word_1_487' title='bbox 1127 3420 1237 3493; x_wconf 83' lang='grc' dir='ltr'><strong>γὰρ</strong></span> <span class='ocrx_word' id='word_1_488' title='bbox 1269 3418 1418 3489; x_wconf 81' lang='grc' dir='ltr'><strong>αὐτῷ</strong></span> <span class='ocrx_word' id='word_1_489' title='bbox 1445 3425 1500 3475; x_wconf 83' lang='grc' dir='ltr'>ὲν</span> <span class='ocrx_word' id='word_1_490' title='bbox 1534 3422 1665 3477; x_wconf 83' lang='grc' dir='ltr'>εἴδει</span> <span class='ocrx_word' id='word_1_491' title='bbox 1691 3423 1865 3495; x_wconf 83' lang='grc' dir='ltr'>πυρὸς</span> 
     </span>
    </p>
   </div>
   <div class='ocr_carea' id='block_1_66' title="bbox 246 3511 1863 3584">
    <p class='ocr_par' dir='ltr' id='par_1_66' title="bbox 246 3511 1863 3584">
     <span class='ocr_line' id='line_1_66' title="bbox 246 3511 1863 3584; baseline 0.002 -18"><span class='ocrx_word' id='word_1_492' title='bbox 246 3514 309 3566; x_wconf 72' lang='grc' dir='ltr'><strong>ιν</strong></span> <span class='ocrx_word' id='word_1_493' title='bbox 338 3516 408 3584; x_wconf 84' lang='grc' dir='ltr'>τῇ</span> <span class='ocrx_word' id='word_1_494' title='bbox 457 3511 634 3582; x_wconf 85' lang='grc' dir='ltr'>βάτῳ,</span> <span class='ocrx_word' id='word_1_495' title='bbox 668 3513 761 3565; x_wconf 75' lang='grc' dir='ltr'>καὶ</span> <span class='ocrx_word' id='word_1_496' title='bbox 784 3512 1035 3584; x_wconf 77' lang='grc' dir='ltr'>συνήφθη</span> <span class='ocrx_word' id='word_1_497' title='bbox 1063 3513 1265 3584; x_wconf 79' lang='grc' dir='ltr'>τρόπον</span> <span class='ocrx_word' id='word_1_498' title='bbox 1292 3515 1416 3568; x_wconf 76' lang='grc' dir='ltr'>τινὰ</span> <span class='ocrx_word' id='word_1_499' title='bbox 1445 3514 1513 3569; x_wconf 73' lang='grc' dir='ltr'><strong>δι’</strong></span> <span class='ocrx_word' id='word_1_500' title='bbox 1536 3515 1724 3579; x_wconf 79' lang='grc' dir='ltr'>αὐτοῦ,</span> <span class='ocrx_word' id='word_1_501' title='bbox 1761 3533 1863 3570; x_wconf 69' lang='grc' dir='ltr'>και</span> 
     </span>
    </p>
   </div>
   <div class='ocr_carea' id='block_1_67' title="bbox 248 3603 1865 3677">
    <p class='ocr_par' dir='ltr' id='par_1_67' title="bbox 248 3603 1865 3677">
     <span class='ocr_line' id='line_1_67' title="bbox 248 3603 1865 3677; baseline 0.001 -18"><span class='ocrx_word' id='word_1_502' title='bbox 248 3605 436 3677; x_wconf 77' lang='grc' dir='ltr'>θάπερ</span> <span class='ocrx_word' id='word_1_503' title='bbox 462 3603 760 3675; x_wconf 68' lang='grc' dir='ltr'>ἀλλοφύλῳ</span> <span class='ocrx_word' id='word_1_504' title='bbox 784 3604 1068 3675; x_wconf 74' lang='grc' dir='ltr'>Χαναναία</span> <span class='ocrx_word' id='word_1_505' title='bbox 1088 3604 1329 3672; x_wconf 80' lang='grc' dir='ltr'>γυναικὶ,</span> <span class='ocrx_word' id='word_1_506' title='bbox 1352 3606 1419 3673; x_wconf 84' lang='grc' dir='ltr'>τῇ</span> <span class='ocrx_word' id='word_1_507' title='bbox 1443 3606 1563 3661; x_wconf 83' lang='grc' dir='ltr'>κατ’</span> <span class='ocrx_word' id='word_1_508' title='bbox 1588 3605 1865 3674; x_wconf 78' lang='grc' dir='ltr'>Αἴγυπτον</span> 
     </span>
    </p>
   </div>
   <div class='ocr_carea' id='block_1_68' title="bbox 250 3695 1867 3768">
    <p class='ocr_par' dir='ltr' id='par_1_68' title="bbox 250 3695 1867 3768">
     <span class='ocr_line' id='line_1_68' title="bbox 250 3695 1867 3768; baseline 0.001 -17"><span class='ocrx_word' id='word_1_509' title='bbox 250 3698 571 3768; x_wconf 74' lang='grc' dir='ltr'>Συναγωγῇ</span> <span class='ocrx_word' id='word_1_510' title='bbox 610 3695 721 3750; x_wconf 84' lang='grc' dir='ltr'>τῶν</span> <span class='ocrx_word' id='word_1_511' title='bbox 755 3695 890 3750; x_wconf 83' lang='grc' dir='ltr'>υίῶν</span> <span class='ocrx_word' id='word_1_512' title='bbox 936 3696 1187 3768; x_wconf 80' lang='grc' dir='ltr'>Ἰσραήλ’</span> <span class='ocrx_word' id='word_1_513' title='bbox 1228 3695 1483 3768; x_wconf 72' lang='grc' dir='ltr'>καθάπερ</span> <span class='ocrx_word' id='word_1_514' title='bbox 1531 3696 1723 3768; x_wconf 77' lang='grc' dir='ltr'>ἀμέλει</span> <span class='ocrx_word' id='word_1_515' title='bbox 1772 3699 1867 3752; x_wconf 77' lang='grc' dir='ltr'>καὶ</span> 
     </span>
    </p>
   </div>
   <div class='ocr_carea' id='block_1_69' title="bbox 248 3789 1867 3862">
    <p class='ocr_par' dir='ltr' id='par_1_69' title="bbox 248 3789 1867 3862">
     <span class='ocr_line' id='line_1_69' title="bbox 248 3789 1867 3862; baseline -0.009 -16"><span class='ocrx_word' id='word_1_516' title='bbox 248 3793 279 3845; x_wconf 88' lang='lat'><strong>6</strong></span> <span class='ocrx_word' id='word_1_517' title='bbox 323 3791 545 3855; x_wconf 83' lang='grc' dir='ltr'>Ἰούδας</span> <span class='ocrx_word' id='word_1_518' title='bbox 573 3790 666 3844; x_wconf 80' lang='grc' dir='ltr'><strong>διὰ</strong></span> <span class='ocrx_word' id='word_1_519' title='bbox 693 3789 789 3844; x_wconf 79' lang='grc' dir='ltr'>τοῦ</span> <span class='ocrx_word' id='word_1_520' title='bbox 816 3789 1201 3860; x_wconf 85' lang='grc' dir='ltr'>ποιμαίνοντος</span> <span class='ocrx_word' id='word_1_521' title='bbox 1250 3792 1318 3862; x_wconf 83' lang='grc' dir='ltr'><strong>τῇ</strong></span> <span class='ocrx_word' id='word_1_522' title='bbox 1354 3790 1504 3860; x_wconf 75' lang='grc' dir='ltr'>Σαϐᾷ</span> <span class='ocrx_word' id='word_1_523' title='bbox 1529 3830 1544 3855; x_wconf 91' lang='grc'><strong>,</strong></span> <span class='ocrx_word' id='word_1_524' title='bbox 1577 3791 1609 3862; x_wconf 77' lang='grc' dir='ltr'>ἢ</span> <span class='ocrx_word' id='word_1_525' title='bbox 1640 3791 1867 3862; x_wconf 73' lang='grc' dir='ltr'>διερμη-</span> 
     </span>
    </p>
   </div>
   <div class='ocr_carea' id='block_1_70' title="bbox 250 3872 1867 3955">
    <p class='ocr_par' dir='ltr' id='par_1_70' title="bbox 250 3872 1867 3955">
     <span class='ocr_line' id='line_1_70' title="bbox 250 3872 1867 3955; baseline -0.001 -16"><span class='ocrx_word' id='word_1_526' title='bbox 250 3884 486 3939; x_wconf 84' lang='grc' dir='ltr'>νεύεται</span> <span class='ocrx_word' id='word_1_527' title='bbox 533 3883 781 3952; x_wconf 68' lang='grc' dir='ltr'>ὕψωσΙς</span> <span class='ocrx_word' id='word_1_528' title='bbox 829 3899 890 3935; x_wconf 86' lang='grc' dir='ltr'><strong>τε</strong></span> <span class='ocrx_word' id='word_1_529' title='bbox 936 3882 1031 3936; x_wconf 76' lang='grc' dir='ltr'>καὶ</span> <span class='ocrx_word' id='word_1_530' title='bbox 1067 3882 1349 3950; x_wconf 78' lang='grc' dir='ltr'>ἔπαρσις.</span> <span class='ocrx_word' id='word_1_531' title='bbox 1388 3872 1717 3954; x_wconf 68' lang='grc' dir='ltr'>Κεκλημένὴ</span> <span class='ocrx_word' id='word_1_532' title='bbox 1758 3885 1867 3955; x_wconf 79' lang='grc' dir='ltr'>γὰρ</span> 
     </span>
    </p>
   </div>
   <div class='ocr_carea' id='block_1_71' title="bbox 249 3975 1869 4051">
    <p class='ocr_par' dir='ltr' id='par_1_71' title="bbox 249 3975 1869 4051">
     <span class='ocr_line' id='line_1_71' title="bbox 249 3975 1869 4051; baseline -0.002 -17"><span class='ocrx_word' id='word_1_533' title='bbox 249 3979 457 4051; x_wconf 79' lang='grc' dir='ltr'>ὥσπερ</span> <span class='ocrx_word' id='word_1_534' title='bbox 491 3981 577 4043; x_wconf 78' lang='grc' dir='ltr'>εἰς</span> <span class='ocrx_word' id='word_1_535' title='bbox 602 3978 916 4049; x_wconf 75' lang='grc' dir='ltr'>οἰκειότητα</span> <span class='ocrx_word' id='word_1_536' title='bbox 948 3977 1048 4048; x_wconf 84' lang='grc' dir='ltr'>τὴν</span> <span class='ocrx_word' id='word_1_537' title='bbox 1076 3976 1153 4040; x_wconf 84' lang='grc' dir='ltr'>ὡς</span> <span class='ocrx_word' id='word_1_538' title='bbox 1188 3975 1326 4047; x_wconf 74' lang='grc' dir='ltr'>πρὸς</span> <span class='ocrx_word' id='word_1_539' title='bbox 1348 3975 1481 4029; x_wconf 74' lang='grc' dir='ltr'>Θεὸν</span> <span class='ocrx_word' id='word_1_540' title='bbox 1517 3977 1549 4045; x_wconf 80' lang='grc' dir='ltr'>ἡ</span> <span class='ocrx_word' id='word_1_541' title='bbox 1584 3975 1693 4030; x_wconf 85' lang='grc' dir='ltr'>τῶν</span> <span class='ocrx_word' id='word_1_542' title='bbox 1736 3977 1869 4030; x_wconf 59' lang='grc' dir='ltr'>Ἴου.</span> 
     </span>
    </p>
   </div>
   <div class='ocr_carea' id='block_1_72' title="bbox 250 4064 1865 4142">
    <p class='ocr_par' dir='ltr' id='par_1_72' title="bbox 250 4064 1865 4142">
     <span class='ocr_line' id='line_1_72' title="bbox 250 4064 1865 4142; baseline -0.003 -13"><span class='ocrx_word' id='word_1_543' title='bbox 250 4073 428 4128; x_wconf 75' lang='grc' dir='ltr'>δαίων</span> <span class='ocrx_word' id='word_1_544' title='bbox 453 4070 791 4141; x_wconf 82' lang='grc' dir='ltr'>Συναγωγὴ,</span> <span class='ocrx_word' id='word_1_545' title='bbox 818 4070 1077 4142; x_wconf 83' lang='grc' dir='ltr'>χθαμαλὴ</span> <span class='ocrx_word' id='word_1_546' title='bbox 1116 4069 1218 4141; x_wconf 82' lang='grc' dir='ltr'>μὲν</span> <span class='ocrx_word' id='word_1_547' title='bbox 1243 4064 1313 4140; x_wconf 81' lang='grc' dir='ltr'>ἦν</span> <span class='ocrx_word' id='word_1_548' title='bbox 1344 4069 1529 4124; x_wconf 80' lang='grc' dir='ltr'>οὐκέτι</span> <span class='ocrx_word' id='word_1_549' title='bbox 1556 4070 1653 4124; x_wconf 75' lang='grc' dir='ltr'>καὶ</span> <span class='ocrx_word' id='word_1_550' title='bbox 1685 4087 1865 4124; x_wconf 85' lang='grc' dir='ltr'>πεπα-</span> 
     </span>
    </p>
   </div>
   <div class='ocr_carea' id='block_1_73' title="bbox 250 4162 1865 4237">
    <p class='ocr_par' dir='ltr' id='par_1_73' title="bbox 250 4162 1865 4237">
     <span class='ocr_line' id='line_1_73' title="bbox 250 4162 1865 4237; baseline -0.001 -19"><span class='ocrx_word' id='word_1_551' title='bbox 250 4166 506 4237; x_wconf 76' lang='grc' dir='ltr'>τημινη,</span> <span class='ocrx_word' id='word_1_552' title='bbox 538 4164 637 4217; x_wconf 70' lang='grc' dir='ltr'>καὶ</span> <span class='ocrx_word' id='word_1_553' title='bbox 666 4163 729 4217; x_wconf 80' lang='grc' dir='ltr'>τὸ</span> <span class='ocrx_word' id='word_1_554' title='bbox 766 4167 865 4234; x_wconf 83' lang='grc' dir='ltr'>τῆς</span> <span class='ocrx_word' id='word_1_555' title='bbox 897 4162 1146 4226; x_wconf 83' lang='grc' dir='ltr'>δουλείας</span> <span class='ocrx_word' id='word_1_556' title='bbox 1177 4162 1374 4233; x_wconf 79' lang='grc' dir='ltr'>ἔχουσα</span> <span class='ocrx_word' id='word_1_557' title='bbox 1416 4162 1865 4234; x_wconf 78' lang='grc' dir='ltr'>σμικροπρεπὲς,</span> 
     </span>
    </p>
   </div>
   <div class='ocr_carea' id='block_1_74' title="bbox 252 4254 1866 4331">
    <p class='ocr_par' dir='ltr' id='par_1_74' title="bbox 252 4254 1866 4331">
     <span class='ocr_line' id='line_1_74' title="bbox 252 4254 1866 4331; baseline -0.004 -18"><span class='ocrx_word' id='word_1_558' title='bbox 252 4259 446 4331; x_wconf 52' lang='lat' dir='ltr'><strong>enim”;</strong></span> <span class='ocrx_word' id='word_1_559' title='bbox 482 4258 543 4312; x_wconf 80' lang='grc' dir='ltr'>δὲ</span> <span class='ocrx_word' id='word_1_560' title='bbox 566 4257 762 4327; x_wconf 77' lang='grc' dir='ltr'>γέγονε</span> <span class='ocrx_word' id='word_1_561' title='bbox 789 4259 886 4311; x_wconf 78' lang='grc' dir='ltr'>καὶ</span> <span class='ocrx_word' id='word_1_562' title='bbox 922 4256 1213 4325; x_wconf 78' lang='grc' dir='ltr'>διαφανής.</span> <span class='ocrx_word' id='word_1_563' title='bbox 1255 4254 1607 4327; x_wconf 87' lang='grc' dir='ltr'>Λελύτρωται</span> <span class='ocrx_word' id='word_1_564' title='bbox 1641 4256 1753 4327; x_wconf 80' lang='grc' dir='ltr'><strong>γὰρ</strong></span> <span class='ocrx_word' id='word_1_565' title='bbox 1788 4255 1866 4320; x_wconf 83' lang='grc' dir='ltr'>ὡς</span> 
     </span>
    </p>
   </div>
   <div class='ocr_carea' id='block_1_75' title="bbox 254 4346 1864 4423">
    <p class='ocr_par' dir='ltr' id='par_1_75' title="bbox 254 4346 1864 4423">
     <span class='ocr_line' id='line_1_75' title="bbox 254 4346 1864 4423; baseline -0.002 -17"><span class='ocrx_word' id='word_1_566' title='bbox 254 4355 320 4406; x_wconf 67' lang='grc' dir='ltr'>ἑκ</span> <span class='ocrx_word' id='word_1_567' title='bbox 340 4350 599 4423; x_wconf 85' lang='grc' dir='ltr'>καμίνου</span> <span class='ocrx_word' id='word_1_568' title='bbox 633 4350 883 4421; x_wconf 81' lang='grc' dir='ltr'>σιδηρᾶς,</span> <span class='ocrx_word' id='word_1_569' title='bbox 916 4350 1012 4403; x_wconf 69' lang='grc' dir='ltr'>καὶ</span> <span class='ocrx_word' id='word_1_570' title='bbox 1042 4348 1104 4413; x_wconf 77' lang='grc' dir='ltr'>ἐξ</span> <span class='ocrx_word' id='word_1_571' title='bbox 1128 4346 1281 4402; x_wconf 86' lang='grc' dir='ltr'>οῐκου</span> <span class='ocrx_word' id='word_1_572' title='bbox 1304 4348 1552 4412; x_wconf 83' lang='grc' dir='ltr'>δουλείας</span> <span class='ocrx_word' id='word_1_573' title='bbox 1576 4388 1591 4412; x_wconf 91' lang='grc'><strong>,</strong></span> <span class='ocrx_word' id='word_1_574' title='bbox 1626 4348 1770 4403; x_wconf 86' lang='grc' dir='ltr'>κατὰ</span> <span class='ocrx_word' id='word_1_575' title='bbox 1804 4348 1864 4403; x_wconf 84' lang='grc' dir='ltr'><strong>τδ</strong></span> 
     </span>
    </p>
   </div>
   <div class='ocr_carea' id='block_1_76' title="bbox 253 4438 1868 4518">
    <p class='ocr_par' dir='ltr' id='par_1_76' title="bbox 253 4438 1868 4518">
     <span class='ocr_line' id='line_1_76' title="bbox 253 4438 1868 4518; baseline -0.002 -22"><span class='ocrx_word' id='word_1_576' title='bbox 253 4442 681 4518; x_wconf 71' lang='grc' dir='ltr'>γεγραμμένον.</span> <span class='ocrx_word' id='word_1_577' title='bbox 698 4438 832 4496; x_wconf 76' lang='grc' dir='ltr'>Εἶτα</span> <span class='ocrx_word' id='word_1_578' title='bbox 854 4442 952 4511; x_wconf 84' lang='grc' dir='ltr'>τῆς</span> <span class='ocrx_word' id='word_1_579' title='bbox 965 4444 1023 4495; x_wconf 83' lang='grc' dir='ltr'>ὲν</span> <span class='ocrx_word' id='word_1_580' title='bbox 1037 4440 1299 4511; x_wconf 77' lang='grc' dir='ltr'>Αἰγύπτῳ</span> <span class='ocrx_word' id='word_1_581' title='bbox 1314 4440 1652 4511; x_wconf 84' lang='grc' dir='ltr'>Συναγωγῆς</span> <span class='ocrx_word' id='word_1_582' title='bbox 1674 4442 1772 4512; x_wconf 80' lang='grc' dir='ltr'>τῆς</span> <span class='ocrx_word' id='word_1_583' title='bbox 1791 4442 1868 4506; x_wconf 83' lang='grc' dir='ltr'>ὡς</span> 
     </span>
    </p>
   </div>
   <div class='ocr_carea' id='block_1_77' title="bbox 1971 3235 3569 3308">
    <p class='ocr_par' dir='ltr' id='par_1_77' title="bbox 1971 3235 3569 3308">
     <span class='ocr_line' id='line_1_77' title="bbox 1971 3235 3569 3308; baseline 0 -16"><span class='ocrx_word' id='word_1_584' title='bbox 1971 3237 2041 3292; x_wconf 84' lang='lat' dir='ltr'><strong>ad</strong></span> <span class='ocrx_word' id='word_1_585' title='bbox 2071 3236 2297 3292; x_wconf 88' lang='lat' dir='ltr'><strong>beatum</strong></span> <span class='ocrx_word' id='word_1_586' title='bbox 2316 3235 2573 3308; x_wconf 82' lang='lat' dir='ltr'><strong>Moysen,</strong></span> <span class='ocrx_word' id='word_1_587' title='bbox 2612 3243 2746 3291; x_wconf 90' lang='lat' dir='ltr'><strong>tunc</strong></span> <span class='ocrx_word' id='word_1_588' title='bbox 2788 3235 2866 3291; x_wconf 91' lang='lat' dir='ltr'><strong>ibi</strong></span> <span class='ocrx_word' id='word_1_589' title='bbox 2909 3244 3246 3306; x_wconf 89' lang='lat' dir='ltr'><strong>pascentem.</strong></span> <span class='ocrx_word' id='word_1_590' title='bbox 3294 3235 3569 3308; x_wconf 80' lang='lat' dir='ltr'><strong>Apparuit</strong></span> 
     </span>
    </p>
   </div>
   <div class='ocr_carea' id='block_1_78' title="bbox 1970 3326 3569 3400">
    <p class='ocr_par' dir='ltr' id='par_1_78' title="bbox 1970 3326 3569 3400">
     <span class='ocr_line' id='line_1_78' title="bbox 1970 3326 3569 3400; baseline 0.001 -16"><span class='ocrx_word' id='word_1_591' title='bbox 1970 3327 2120 3385; x_wconf 89' lang='lat' dir='ltr'><strong>enim</strong></span> <span class='ocrx_word' id='word_1_592' title='bbox 2144 3328 2248 3399; x_wconf 90' lang='lat' dir='ltr'><strong>ipsi</strong></span> <span class='ocrx_word' id='word_1_593' title='bbox 2286 3327 2342 3383; x_wconf 90' lang='lat' dir='ltr'><strong>in</strong></span> <span class='ocrx_word' id='word_1_594' title='bbox 2397 3327 2582 3398; x_wconf 88' lang='lat' dir='ltr'><strong>specie</strong></span> <span class='ocrx_word' id='word_1_595' title='bbox 2626 3327 2769 3399; x_wconf 86' lang='lat' dir='ltr'><strong>ignis</strong></span> <span class='ocrx_word' id='word_1_596' title='bbox 2815 3328 2872 3383; x_wconf 88' lang='lat' dir='ltr'><strong>in</strong></span> <span class='ocrx_word' id='word_1_597' title='bbox 2894 3328 3037 3383; x_wconf 87' lang='lat' dir='ltr'><strong>rubo</strong></span> <span class='ocrx_word' id='word_1_598' title='bbox 3067 3326 3135 3394; x_wconf 75' lang='lat'><strong>&quot;,</strong></span> <span class='ocrx_word' id='word_1_599' title='bbox 3177 3336 3235 3384; x_wconf 89' lang='lat' dir='ltr'><strong>et</strong></span> <span class='ocrx_word' id='word_1_600' title='bbox 3267 3328 3432 3383; x_wconf 90' lang='lat' dir='ltr'><strong>simul</strong></span> <span class='ocrx_word' id='word_1_601' title='bbox 3463 3343 3569 3400; x_wconf 79' lang='lat' dir='ltr'><strong>per</strong></span> 
     </span>
    </p>
   </div>
   <div class='ocr_carea' id='block_1_79' title="bbox 1972 3421 3569 3495">
    <p class='ocr_par' dir='ltr' id='par_1_79' title="bbox 1972 3421 3569 3495">
     <span class='ocr_line' id='line_1_79' title="bbox 1972 3421 3569 3495; baseline -0.001 -16"><span class='ocrx_word' id='word_1_602' title='bbox 1972 3423 2154 3494; x_wconf 87' lang='lat' dir='ltr'><strong>ipsum</strong></span> <span class='ocrx_word' id='word_1_603' title='bbox 2178 3424 2507 3494; x_wconf 89' lang='lat' dir='ltr'><strong>conjunctus</strong></span> <span class='ocrx_word' id='word_1_604' title='bbox 2516 3431 2603 3479; x_wconf 92' lang='lat' dir='ltr'><strong>est</strong></span> <span class='ocrx_word' id='word_1_605' title='bbox 2617 3422 3025 3493; x_wconf 84' lang='lat' dir='ltr'><strong>quodammodo</strong></span> <span class='ocrx_word' id='word_1_606' title='bbox 3040 3422 3337 3495; x_wconf 82' lang='lat' dir='ltr'><strong>Synagogae</strong></span> <span class='ocrx_word' id='word_1_607' title='bbox 3349 3421 3569 3478; x_wconf 87' lang='lat' dir='ltr'><strong>Israeli-</strong></span> 
     </span>
    </p>
   </div>
   <div class='ocr_carea' id='block_1_80' title="bbox 1971 3513 3570 3587">
    <p class='ocr_par' dir='ltr' id='par_1_80' title="bbox 1971 3513 3570 3587">
     <span class='ocr_line' id='line_1_80' title="bbox 1971 3513 3570 3587; baseline -0.001 -16"><span class='ocrx_word' id='word_1_608' title='bbox 1971 3523 2151 3571; x_wconf 89' lang='lat' dir='ltr'><strong>tarum</strong></span> <span class='ocrx_word' id='word_1_609' title='bbox 2181 3515 2238 3571; x_wconf 89' lang='lat' dir='ltr'><strong>in</strong></span> <span class='ocrx_word' id='word_1_610' title='bbox 2259 3513 2523 3587; x_wconf 68' lang='lat' dir='ltr'><strong>Egypto;</strong></span> <span class='ocrx_word' id='word_1_611' title='bbox 2547 3523 2805 3586; x_wconf 86' lang='lat' dir='ltr'><strong>tanquam</strong></span> <span class='ocrx_word' id='word_1_612' title='bbox 2828 3515 3149 3587; x_wconf 72' lang='lat' dir='ltr'><strong>alienigena:</strong></span> <span class='ocrx_word' id='word_1_613' title='bbox 3173 3523 3230 3570; x_wconf 89' lang='lat' dir='ltr'><strong>et</strong></span> <span class='ocrx_word' id='word_1_614' title='bbox 3246 3513 3570 3569; x_wconf 67' lang='lat' dir='ltr'><strong>Cbananaae</strong></span> 
     </span>
    </p>
   </div>
   <div class='ocr_carea' id='block_1_81' title="bbox 1972 3598 3571 3679">
    <p class='ocr_par' dir='ltr' id='par_1_81' title="bbox 1972 3598 3571 3679">
     <span class='ocr_line' id='line_1_81' title="bbox 1972 3598 3571 3679; baseline -0.004 -15"><span class='ocrx_word' id='word_1_615' title='bbox 1972 3609 2228 3674; x_wconf 89' lang='lat' dir='ltr'><strong>mulieri,</strong></span> <span class='ocrx_word' id='word_1_616' title='bbox 2269 3598 2736 3679; x_wconf 71' lang='lat' dir='ltr'><strong>quemadmodum</strong></span> <span class='ocrx_word' id='word_1_617' title='bbox 2760 3617 2818 3665; x_wconf 90' lang='lat' dir='ltr'><strong>et</strong></span> <span class='ocrx_word' id='word_1_618' title='bbox 2842 3608 3015 3665; x_wconf 74' lang='lat' dir='ltr'><strong>Iudas</strong></span> <span class='ocrx_word' id='word_1_619' title='bbox 3042 3624 3140 3678; x_wconf 89' lang='lat' dir='ltr'><strong>per</strong></span> <span class='ocrx_word' id='word_1_620' title='bbox 3167 3613 3445 3678; x_wconf 86' lang='lat' dir='ltr'><strong>pastorem</strong></span> <span class='ocrx_word' id='word_1_621' title='bbox 3474 3619 3571 3676; x_wconf 91' lang='lat' dir='ltr'><strong>ap-</strong></span> 
     </span>
    </p>
   </div>
   <div class='ocr_carea' id='block_1_82' title="bbox 1972 3695 3544 3772">
    <p class='ocr_par' dir='ltr' id='par_1_82' title="bbox 1972 3695 3544 3772">
     <span class='ocr_line' id='line_1_82' title="bbox 1972 3695 3544 3772; baseline -0.003 -16"><span class='ocrx_word' id='word_1_622' title='bbox 1972 3702 2155 3772; x_wconf 88' lang='lat' dir='ltr'><strong>paruit</strong></span> <span class='ocrx_word' id='word_1_623' title='bbox 2183 3701 2288 3771; x_wconf 92' lang='lat' dir='ltr'><strong>ipsi</strong></span> <span class='ocrx_word' id='word_1_624' title='bbox 2312 3700 2490 3767; x_wconf 63' lang='lat' dir='ltr'><strong>Sebaa,</strong></span> <span class='ocrx_word' id='word_1_625' title='bbox 2519 3716 2642 3771; x_wconf 62' lang='lat' dir='ltr'><strong>qua:</strong></span> <span class='ocrx_word' id='word_1_626' title='bbox 2658 3701 3052 3771; x_wconf 85' lang='lat' dir='ltr'><strong>interpretatur</strong></span> <span class='ocrx_word' id='word_1_627' title='bbox 3080 3699 3306 3754; x_wconf 84' lang='lat' dir='ltr'><strong>altitudo</strong></span> <span class='ocrx_word' id='word_1_628' title='bbox 3331 3713 3431 3754; x_wconf 91' lang='lat' dir='ltr'><strong>seu</strong></span> <span class='ocrx_word' id='word_1_629' title='bbox 3458 3695 3544 3751; x_wconf 80' lang='lat' dir='ltr'><strong>eia</strong></span> 
     </span>
    </p>
   </div>
   <div class='ocr_carea' id='block_1_83' title="bbox 1973 3788 3568 3865">
    <p class='ocr_par' dir='ltr' id='par_1_83' title="bbox 1973 3788 3568 3865">
     <span class='ocr_line' id='line_1_83' title="bbox 1973 3788 3568 3865; baseline -0.003 -16"><span class='ocrx_word' id='word_1_630' title='bbox 1973 3796 2066 3850; x_wconf 79' lang='lat' dir='ltr'><strong>tio.</strong></span> <span class='ocrx_word' id='word_1_631' title='bbox 2116 3793 2256 3849; x_wconf 88' lang='lat' dir='ltr'><strong>Nam</strong></span> <span class='ocrx_word' id='word_1_632' title='bbox 2301 3793 2621 3850; x_wconf 63' lang='lat' dir='ltr'><strong>Iudaeorum</strong></span> <span class='ocrx_word' id='word_1_633' title='bbox 2664 3792 2946 3865; x_wconf 80' lang='lat' dir='ltr'><strong>Synagoga</strong></span> <span class='ocrx_word' id='word_1_634' title='bbox 2972 3792 3145 3848; x_wconf 89' lang='lat' dir='ltr'><strong>veluti</strong></span> <span class='ocrx_word' id='word_1_635' title='bbox 3171 3790 3230 3846; x_wconf 89' lang='lat' dir='ltr'><strong>in</strong></span> <span class='ocrx_word' id='word_1_636' title='bbox 3269 3788 3568 3846; x_wconf 87' lang='lat' dir='ltr'><strong>amicitiam</strong></span> 
     </span>
    </p>
   </div>
   <div class='ocr_carea' id='block_1_84' title="bbox 1972 3885 3571 3957">
    <p class='ocr_par' dir='ltr' id='par_1_84' title="bbox 1972 3885 3571 3957">
     <span class='ocr_line' id='line_1_84' title="bbox 1972 3885 3571 3957; baseline -0.003 -14"><span class='ocrx_word' id='word_1_637' title='bbox 1972 3888 2274 3944; x_wconf 85' lang='lat' dir='ltr'><strong>Deivocata</strong></span> <span class='ocrx_word' id='word_1_638' title='bbox 2290 3894 2396 3950; x_wconf 88' lang='lat' dir='ltr'><strong>est,</strong></span> <span class='ocrx_word' id='word_1_639' title='bbox 2422 3902 2604 3957; x_wconf 90' lang='lat' dir='ltr'><strong>neque</strong></span> <span class='ocrx_word' id='word_1_640' title='bbox 2632 3886 2869 3957; x_wconf 91' lang='lat' dir='ltr'><strong>amplius</strong></span> <span class='ocrx_word' id='word_1_641' title='bbox 2882 3894 3003 3941; x_wconf 90' lang='lat' dir='ltr'><strong>erat</strong></span> <span class='ocrx_word' id='word_1_642' title='bbox 3026 3886 3241 3956; x_wconf 84' lang='lat' dir='ltr'><strong>abjecta</strong></span> <span class='ocrx_word' id='word_1_643' title='bbox 3267 3893 3326 3940; x_wconf 88' lang='lat' dir='ltr'><strong>et</strong></span> <span class='ocrx_word' id='word_1_644' title='bbox 3352 3885 3571 3955; x_wconf 83' lang='lat' dir='ltr'><strong>procul-</strong></span> 
     </span>
    </p>
   </div>
   <div class='ocr_carea' id='block_1_85' title="bbox 1974 3976 3567 4050">
    <p class='ocr_par' dir='ltr' id='par_1_85' title="bbox 1974 3976 3567 4050">
     <span class='ocr_line' id='line_1_85' title="bbox 1974 3976 3567 4050; baseline -0.003 -15"><span class='ocrx_word' id='word_1_645' title='bbox 1974 3989 2116 4045; x_wconf 89' lang='lat' dir='ltr'><strong>cata,</strong></span> <span class='ocrx_word' id='word_1_646' title='bbox 2151 3979 2542 4050; x_wconf 87' lang='lat' dir='ltr'><strong>sordidamque</strong></span> <span class='ocrx_word' id='word_1_647' title='bbox 2560 3994 2847 4034; x_wconf 82' lang='lat' dir='ltr'><strong>servorum</strong></span> <span class='ocrx_word' id='word_1_648' title='bbox 2868 3978 3240 4033; x_wconf 89' lang='lat' dir='ltr'><strong>conditionem</strong></span> <span class='ocrx_word' id='word_1_649' title='bbox 3267 3976 3567 4041; x_wconf 87' lang='lat' dir='ltr'><strong>sustinens,</strong></span> 
     </span>
    </p>
   </div>
   <div class='ocr_carea' id='block_1_86' title="bbox 1975 4067 3570 4139">
    <p class='ocr_par' dir='ltr' id='par_1_86' title="bbox 1975 4067 3570 4139">
     <span class='ocr_line' id='line_1_86' title="bbox 1975 4067 3570 4139; baseline -0.003 -13"><span class='ocrx_word' id='word_1_650' title='bbox 1975 4071 2072 4127; x_wconf 91' lang='lat' dir='ltr'><strong>sed</strong></span> <span class='ocrx_word' id='word_1_651' title='bbox 2091 4071 2331 4125; x_wconf 75' lang='lat' dir='ltr'><strong>exaltata</strong></span> <span class='ocrx_word' id='word_1_652' title='bbox 2370 4077 2536 4139; x_wconf 87' lang='lat' dir='ltr'><strong>atque</strong></span> <span class='ocrx_word' id='word_1_653' title='bbox 2569 4068 2823 4125; x_wconf 88' lang='lat' dir='ltr'><strong>illustris.</strong></span> <span class='ocrx_word' id='word_1_654' title='bbox 2859 4068 3063 4139; x_wconf 80' lang='lat' dir='ltr'><strong>Erepta</strong></span> <span class='ocrx_word' id='word_1_655' title='bbox 3102 4067 3251 4123; x_wconf 89' lang='lat' dir='ltr'><strong>enim</strong></span> <span class='ocrx_word' id='word_1_656' title='bbox 3277 4075 3416 4132; x_wconf 88' lang='lat' dir='ltr'><strong>erat,</strong></span> <span class='ocrx_word' id='word_1_657' title='bbox 3454 4074 3570 4122; x_wconf 84' lang='lat' dir='ltr'><strong>tan-</strong></span> 
     </span>
    </p>
   </div>
   <div class='ocr_carea' id='block_1_87' title="bbox 1974 4157 3573 4235">
    <p class='ocr_par' dir='ltr' id='par_1_87' title="bbox 1974 4157 3573 4235">
     <span class='ocr_line' id='line_1_87' title="bbox 1974 4157 3573 4235; baseline -0.005 -16"><span class='ocrx_word' id='word_1_658' title='bbox 1974 4179 2140 4235; x_wconf 89' lang='lat' dir='ltr'><strong>quam</strong></span> <span class='ocrx_word' id='word_1_659' title='bbox 2167 4179 2236 4219; x_wconf 77' lang='lat' dir='ltr'><strong>ex</strong></span> <span class='ocrx_word' id='word_1_660' title='bbox 2260 4162 2479 4219; x_wconf 80' lang='lat' dir='ltr'><strong>fornace</strong></span> <span class='ocrx_word' id='word_1_661' title='bbox 2516 4162 2695 4217; x_wconf 80' lang='lat' dir='ltr'><strong>ferrea</strong></span> <span class='ocrx_word' id='word_1_662' title='bbox 2739 4168 2879 4217; x_wconf 82' lang='lat' dir='ltr'><strong>etex</strong></span> <span class='ocrx_word' id='word_1_663' title='bbox 2900 4160 3065 4215; x_wconf 89' lang='lat' dir='ltr'><strong>domo</strong></span> <span class='ocrx_word' id='word_1_664' title='bbox 3096 4158 3401 4223; x_wconf 88' lang='lat' dir='ltr'><strong>servitutis,</strong></span> <span class='ocrx_word' id='word_1_665' title='bbox 3428 4157 3573 4213; x_wconf 89' lang='lat' dir='ltr'><strong>sicut</strong></span> 
     </span>
    </p>
   </div>
   <div class='ocr_carea' id='block_1_88' title="bbox 1973 4247 3571 4326">
    <p class='ocr_par' dir='ltr' id='par_1_88' title="bbox 1973 4247 3571 4326">
     <span class='ocr_line' id='line_1_88' title="bbox 1973 4247 3571 4326; baseline -0.004 -16"><span class='ocrx_word' id='word_1_666' title='bbox 1973 4255 2240 4326; x_wconf 87' lang='lat' dir='ltr'><strong>scriptum</strong></span> <span class='ocrx_word' id='word_1_667' title='bbox 2287 4263 2373 4310; x_wconf 91' lang='lat' dir='ltr'><strong>est</strong></span> <span class='ocrx_word' id='word_1_668' title='bbox 2418 4257 2483 4306; x_wconf 71' lang='lat'><strong>’9.</strong></span> <span class='ocrx_word' id='word_1_669' title='bbox 2510 4254 2705 4309; x_wconf 85' lang='lat' dir='ltr'><strong>Postea</strong></span> <span class='ocrx_word' id='word_1_670' title='bbox 2733 4267 2867 4308; x_wconf 88' lang='lat' dir='ltr'><strong>vero</strong></span> <span class='ocrx_word' id='word_1_671' title='bbox 2890 4251 3020 4307; x_wconf 81' lang='lat' dir='ltr'><strong>huic</strong></span> <span class='ocrx_word' id='word_1_672' title='bbox 3063 4251 3359 4322; x_wconf 73' lang='lat' dir='ltr'><strong>Synagogte</strong></span> <span class='ocrx_word' id='word_1_673' title='bbox 3398 4247 3571 4304; x_wconf 74' lang='lat' dir='ltr'><strong>velut!</strong></span> 
     </span>
    </p>
   </div>
   <div class='ocr_carea' id='block_1_89' title="bbox 1974 4338 3571 4418">
    <p class='ocr_par' dir='ltr' id='par_1_89' title="bbox 1974 4338 3571 4418">
     <span class='ocr_line' id='line_1_89' title="bbox 1974 4338 3571 4418; baseline -0.007 -15"><span class='ocrx_word' id='word_1_674' title='bbox 1974 4347 2317 4418; x_wconf 70' lang='lat' dir='ltr'><strong>alienigenae,</strong></span> <span class='ocrx_word' id='word_1_675' title='bbox 2351 4353 2408 4401; x_wconf 91' lang='lat' dir='ltr'><strong>et</strong></span> <span class='ocrx_word' id='word_1_676' title='bbox 2436 4344 2581 4399; x_wconf 91' lang='lat' dir='ltr'><strong>idola</strong></span> <span class='ocrx_word' id='word_1_677' title='bbox 2609 4343 2834 4409; x_wconf 90' lang='lat' dir='ltr'><strong>colenti,</strong></span> <span class='ocrx_word' id='word_1_678' title='bbox 2876 4342 3096 4397; x_wconf 88' lang='lat' dir='ltr'><strong>tandem</strong></span> <span class='ocrx_word' id='word_1_679' title='bbox 3130 4349 3242 4395; x_wconf 84' lang='lat' dir='ltr'><strong>tres</strong></span> <span class='ocrx_word' id='word_1_680' title='bbox 3278 4338 3393 4393; x_wconf 91' lang='lat' dir='ltr'><strong>nati</strong></span> <span class='ocrx_word' id='word_1_681' title='bbox 3441 4348 3571 4393; x_wconf 88' lang='lat' dir='ltr'><strong>sunt</strong></span> 
     </span>
    </p>
   </div>
   <div class='ocr_carea' id='block_1_90' title="bbox 1974 4432 3571 4512">
    <p class='ocr_par' dir='ltr' id='par_1_90' title="bbox 1974 4432 3571 4512">
     <span class='ocr_line' id='line_1_90' title="bbox 1974 4432 3571 4512; baseline -0.004 -17"><span class='ocrx_word' id='word_1_682' title='bbox 1974 4438 2185 4512; x_wconf 88' lang='lat' dir='ltr'><strong>populi,</strong></span> <span class='ocrx_word' id='word_1_683' title='bbox 2225 4438 2547 4508; x_wconf 89' lang='lat' dir='ltr'><strong>supplentes</strong></span> <span class='ocrx_word' id='word_1_684' title='bbox 2572 4438 2685 4491; x_wconf 89' lang='lat' dir='ltr'><strong>Deo</strong></span> <span class='ocrx_word' id='word_1_685' title='bbox 2700 4435 2953 4490; x_wconf 89' lang='lat' dir='ltr'><strong>ordinem</strong></span> <span class='ocrx_word' id='word_1_686' title='bbox 2988 4432 3251 4497; x_wconf 78' lang='lat' dir='ltr'><strong>ﬁliorum,</strong></span> <span class='ocrx_word' id='word_1_687' title='bbox 3285 4438 3343 4487; x_wconf 87' lang='lat' dir='ltr'><strong>et</strong></span> <span class='ocrx_word' id='word_1_688' title='bbox 3369 4447 3435 4488; x_wconf 84' lang='lat' dir='ltr'><strong>ex</strong></span> <span class='ocrx_word' id='word_1_689' title='bbox 3461 4445 3571 4488; x_wconf 80' lang='lat' dir='ltr'><strong>una</strong></span> 
     </span>
    </p>
   </div>
   <div class='ocr_carea' id='block_1_91' title="bbox 253 4525 1870 4606">
    <p class='ocr_par' dir='ltr' id='par_1_91' title="bbox 253 4532 1866 4606">
     <span class='ocr_line' id='line_1_91' title="bbox 253 4532 1866 4606; baseline -0.004 -13"><span class='ocrx_word' id='word_1_690' title='bbox 253 4536 576 4606; x_wconf 69' lang='grc' dir='ltr'>ἀλλοφύλου</span> <span class='ocrx_word' id='word_1_691' title='bbox 603 4552 663 4588; x_wconf 87' lang='grc' dir='ltr'><strong>τε</strong></span> <span class='ocrx_word' id='word_1_692' title='bbox 700 4534 796 4588; x_wconf 78' lang='grc' dir='ltr'>καὶ</span> <span class='ocrx_word' id='word_1_693' title='bbox 820 4532 1320 4605; x_wconf 82' lang='grc' dir='ltr'>είδωλολατρούσης</span> <span class='ocrx_word' id='word_1_694' title='bbox 1351 4535 1486 4587; x_wconf 79' lang='grc' dir='ltr'>ποτὲ</span> <span class='ocrx_word' id='word_1_695' title='bbox 1515 4537 1667 4606; x_wconf 84' lang='grc' dir='ltr'>τρεῖς</span> <span class='ocrx_word' id='word_1_696' title='bbox 1701 4534 1866 4604; x_wconf 86' lang='grc' dir='ltr'>γεγό-</span> 
     </span>
    </p>
   </div>
   <div class='ocr_carea' id='block_1_92' title="bbox 1974 4525 3571 4606">
    <p class='ocr_par' dir='ltr' id='par_1_92' title="bbox 1974 4525 3571 4600">
     <span class='ocr_line' id='line_1_92' title="bbox 1974 4525 3571 4600; baseline -0.004 -16"><span class='ocrx_word' id='word_1_697' title='bbox 1974 4529 2198 4600; x_wconf 87' lang='lat' dir='ltr'><strong>quidem</strong></span> <span class='ocrx_word' id='word_1_698' title='bbox 2231 4537 2409 4583; x_wconf 90' lang='lat' dir='ltr'><strong>matre</strong></span> <span class='ocrx_word' id='word_1_699' title='bbox 2435 4527 2627 4600; x_wconf 80' lang='lat' dir='ltr'><strong>geniti,</strong></span> <span class='ocrx_word' id='word_1_700' title='bbox 2660 4526 2757 4581; x_wconf 91' lang='lat' dir='ltr'><strong>sed</strong></span> <span class='ocrx_word' id='word_1_701' title='bbox 2804 4533 3052 4596; x_wconf 89' lang='lat' dir='ltr'><strong>tempore</strong></span> <span class='ocrx_word' id='word_1_702' title='bbox 3084 4525 3274 4595; x_wconf 87' lang='lat' dir='ltr'><strong>partiti</strong></span> <span class='ocrx_word' id='word_1_703' title='bbox 3307 4531 3437 4579; x_wconf 90' lang='lat' dir='ltr'><strong>sunt</strong></span> <span class='ocrx_word' id='word_1_704' title='bbox 3474 4539 3571 4595; x_wconf 82' lang='lat' dir='ltr'><strong>ge-</strong></span> 
     </span>
    </p>
   </div>
   <div class='ocr_carea' id='block_1_93' title="bbox 256 4625 1869 4699">
    <p class='ocr_par' dir='ltr' id='par_1_93' title="bbox 256 4625 1869 4699">
     <span class='ocr_line' id='line_1_93' title="bbox 256 4625 1869 4699; baseline -0.002 -15"><span class='ocrx_word' id='word_1_705' title='bbox 256 4646 388 4685; x_wconf 88' lang='grc' dir='ltr'>νασι</span> <span class='ocrx_word' id='word_1_706' title='bbox 423 4628 575 4693; x_wconf 72' lang='grc' dir='ltr'>λαοὶ,</span> <span class='ocrx_word' id='word_1_707' title='bbox 609 4627 711 4698; x_wconf 80' lang='grc' dir='ltr'>τὴν</span> <span class='ocrx_word' id='word_1_708' title='bbox 742 4625 875 4680; x_wconf 83' lang='grc' dir='ltr'>υίῶν</span> <span class='ocrx_word' id='word_1_709' title='bbox 909 4625 1063 4693; x_wconf 80' lang='grc' dir='ltr'>τάξιν</span> <span class='ocrx_word' id='word_1_710' title='bbox 1090 4626 1539 4697; x_wconf 81' lang='grc' dir='ltr'>ἀποπληροῦντες</span> <span class='ocrx_word' id='word_1_711' title='bbox 1577 4627 1698 4699; x_wconf 79' lang='grc' dir='ltr'>Θεῷ</span> <span class='ocrx_word' id='word_1_712' title='bbox 1721 4671 1734 4693; x_wconf 96' lang='grc'><strong>,</strong></span> <span class='ocrx_word' id='word_1_713' title='bbox 1776 4628 1869 4682; x_wconf 70' lang='grc' dir='ltr'>καὶ</span> 
     </span>
    </p>
   </div>
   <div class='ocr_carea' id='block_1_94' title="bbox 263 4718 1871 4797">
    <p class='ocr_par' dir='ltr' id='par_1_94' title="bbox 263 4718 1871 4797">
     <span class='ocr_line' id='line_1_94' title="bbox 263 4718 1871 4797; baseline -0.002 -21"><span class='ocrx_word' id='word_1_714' title='bbox 263 4726 399 4797; x_wconf 67' lang='grc' dir='ltr'>μιᾶς</span> <span class='ocrx_word' id='word_1_715' title='bbox 441 4722 548 4794; x_wconf 82' lang='grc' dir='ltr'>μὲν</span> <span class='ocrx_word' id='word_1_716' title='bbox 581 4720 776 4791; x_wconf 79' lang='grc' dir='ltr'>ὥσπερ</span> <span class='ocrx_word' id='word_1_717' title='bbox 816 4718 1193 4788; x_wconf 82' lang='grc' dir='ltr'>ὲκπεφυκότες</span> <span class='ocrx_word' id='word_1_718' title='bbox 1223 4719 1464 4790; x_wconf 77' lang='grc' dir='ltr'>μητρὸς,</span> <span class='ocrx_word' id='word_1_719' title='bbox 1511 4720 1871 4790; x_wconf 76' lang='grc' dir='ltr'>μερισάμενοι</span> 
     </span>
    </p>
   </div>
   <div class='ocr_carea' id='block_1_95' title="bbox 257 4809 1874 4885">
    <p class='ocr_par' dir='ltr' id='par_1_95' title="bbox 257 4809 1874 4885">
     <span class='ocr_line' id='line_1_95' title="bbox 257 4809 1874 4885; baseline 0 -20"><span class='ocrx_word' id='word_1_720' title='bbox 257 4815 318 4871; x_wconf 78' lang='grc' dir='ltr'>δὲ</span> <span class='ocrx_word' id='word_1_721' title='bbox 355 4816 467 4885; x_wconf 74' lang='grc' dir='ltr'>τὴν</span> <span class='ocrx_word' id='word_1_722' title='bbox 507 4815 567 4866; x_wconf 70' lang='grc' dir='ltr'>ὲν</span> <span class='ocrx_word' id='word_1_723' title='bbox 605 4812 785 4884; x_wconf 82' lang='grc' dir='ltr'>χρόνῳ</span> <span class='ocrx_word' id='word_1_724' title='bbox 804 4809 1041 4879; x_wconf 78' lang='grc' dir='ltr'>γένεσιν.</span> <span class='ocrx_word' id='word_1_725' title='bbox 1059 4811 1172 4864; x_wconf 78' lang='grc' dir='ltr'><strong>Καὶ</strong></span> <span class='ocrx_word' id='word_1_726' title='bbox 1197 4810 1320 4863; x_wconf 87' lang='grc' dir='ltr'>τίνα</span> <span class='ocrx_word' id='word_1_727' title='bbox 1354 4810 1420 4883; x_wconf 84' lang='grc' dir='ltr'>δὴ</span> <span class='ocrx_word' id='word_1_728' title='bbox 1452 4812 1676 4880; x_wconf 86' lang='grc' dir='ltr'>τρόπον,</span> <span class='ocrx_word' id='word_1_729' title='bbox 1712 4810 1874 4883; x_wconf 83' lang='grc' dir='ltr'><strong>ὲροῦ-</strong></span> 
     </span>
    </p>
   </div>
   <div class='ocr_carea' id='block_1_96' title="bbox 266 4897 1873 4979">
    <p class='ocr_par' dir='ltr' id='par_1_96' title="bbox 266 4897 1873 4979">
     <span class='ocr_line' id='line_1_96' title="bbox 266 4897 1873 4979; baseline -0.005 -17"><span class='ocrx_word' id='word_1_730' title='bbox 266 4925 368 4979; x_wconf 72' lang='grc' dir='ltr'><strong>μιν</strong></span> <span class='ocrx_word' id='word_1_731' title='bbox 401 4908 512 4962; x_wconf 72' lang='grc' dir='ltr'>οὐκ</span> <span class='ocrx_word' id='word_1_732' title='bbox 535 4906 618 4968; x_wconf 81' lang='grc' dir='ltr'><strong>είς</strong></span> <span class='ocrx_word' id='word_1_733' title='bbox 646 4904 886 4976; x_wconf 80' lang='grc' dir='ltr'>μακράν.</span> <span class='ocrx_word' id='word_1_734' title='bbox 914 4897 1049 4957; x_wconf 75' lang='grc' dir='ltr'>Εἶτα</span> <span class='ocrx_word' id='word_1_735' title='bbox 1070 4902 1173 4973; x_wconf 79' lang='grc' dir='ltr'>τὴν</span> <span class='ocrx_word' id='word_1_736' title='bbox 1203 4900 1403 4973; x_wconf 81' lang='grc' dir='ltr'>Θάμαρ</span> <span class='ocrx_word' id='word_1_737' title='bbox 1430 4900 1634 4973; x_wconf 84' lang='grc' dir='ltr'>πρώτῳ</span> <span class='ocrx_word' id='word_1_738' title='bbox 1667 4901 1767 4972; x_wconf 84' lang='grc' dir='ltr'>μὲν</span> <span class='ocrx_word' id='word_1_739' title='bbox 1794 4901 1873 4971; x_wconf 84' lang='grc' dir='ltr'>τῷ</span> 
     </span>
    </p>
   </div>
   <div class='ocr_carea' id='block_1_97' title="bbox 268 4993 1876 5075">
    <p class='ocr_par' dir='ltr' id='par_1_97' title="bbox 268 4993 1876 5075">
     <span class='ocr_line' id='line_1_97' title="bbox 268 4993 1876 5075; baseline -0.005 -19"><span class='ocrx_word' id='word_1_740' title='bbox 268 5003 414 5075; x_wconf 83' lang='grc' dir='ltr'>Ἦρ,</span> <span class='ocrx_word' id='word_1_741' title='bbox 451 5000 514 5063; x_wconf 74' lang='grc' dir='ltr'>ὃς</span> <span class='ocrx_word' id='word_1_742' title='bbox 543 4994 616 5070; x_wconf 77' lang='grc' dir='ltr'>ἦν</span> <span class='ocrx_word' id='word_1_743' title='bbox 653 4996 1002 5069; x_wconf 83' lang='grc' dir='ltr'>πρωτότοκος</span> <span class='ocrx_word' id='word_1_744' title='bbox 1026 5036 1042 5060; x_wconf 96' lang='grc'><strong>,</strong></span> <span class='ocrx_word' id='word_1_745' title='bbox 1074 4993 1314 5066; x_wconf 80' lang='grc' dir='ltr'>συνῆψεν</span> <span class='ocrx_word' id='word_1_746' title='bbox 1370 4994 1592 5059; x_wconf 83' lang='grc' dir='ltr'>Ἰούδας.</span> <span class='ocrx_word' id='word_1_747' title='bbox 1638 4994 1793 5048; x_wconf 82' lang='grc' dir='ltr'>Ἐπεὶ</span> <span class='ocrx_word' id='word_1_748' title='bbox 1818 4994 1876 5048; x_wconf 79' lang='grc' dir='ltr'>δὲ</span> 
     </span>
    </p>
   </div>
   <div class='ocr_carea' id='block_1_98' title="bbox 265 5086 1877 5164">
    <p class='ocr_par' dir='ltr' id='par_1_98' title="bbox 265 5086 1877 5164">
     <span class='ocr_line' id='line_1_98' title="bbox 265 5086 1877 5164; baseline -0.004 -17"><span class='ocrx_word' id='word_1_749' title='bbox 265 5092 516 5164; x_wconf 77' lang='grc' dir='ltr'>πονηρὸν</span> <span class='ocrx_word' id='word_1_750' title='bbox 553 5089 687 5143; x_wconf 76' lang='grc' dir='ltr'>ὄντα</span> <span class='ocrx_word' id='word_1_751' title='bbox 717 5088 944 5142; x_wconf 81' lang='grc' dir='ltr'>διώλεσε</span> <span class='ocrx_word' id='word_1_752' title='bbox 990 5087 1121 5153; x_wconf 81' lang='grc' dir='ltr'>Θεὸς</span> <span class='ocrx_word' id='word_1_753' title='bbox 1146 5127 1163 5150; x_wconf 94' lang='grc'><strong>,</strong></span> <span class='ocrx_word' id='word_1_754' title='bbox 1205 5086 1515 5157; x_wconf 82' lang='grc' dir='ltr'>διαδέχεται</span> <span class='ocrx_word' id='word_1_755' title='bbox 1554 5088 1648 5140; x_wconf 84' lang='grc' dir='ltr'>τὸν</span> <span class='ocrx_word' id='word_1_756' title='bbox 1695 5087 1877 5157; x_wconf 85' lang='grc' dir='ltr'>γάμον</span> 
     </span>
    </p>
   </div>
   <div class='ocr_carea' id='block_1_99' title="bbox 266 5177 1878 5253">
    <p class='ocr_par' dir='ltr' id='par_1_99' title="bbox 266 5177 1878 5253">
     <span class='ocr_line' id='line_1_99' title="bbox 266 5177 1878 5253; baseline -0.003 -15"><span class='ocrx_word' id='word_1_757' title='bbox 266 5184 438 5249; x_wconf 73' lang='grc' dir='ltr'>εὐθὺς</span> <span class='ocrx_word' id='word_1_758' title='bbox 471 5185 502 5237; x_wconf 88' lang='grc' dir='ltr'><strong>ό</strong></span> <span class='ocrx_word' id='word_1_759' title='bbox 541 5183 747 5244; x_wconf 77' lang='grc' dir='ltr'>Δύνᾶν,</span> <span class='ocrx_word' id='word_1_760' title='bbox 782 5180 842 5245; x_wconf 80' lang='grc' dir='ltr'>ὃς</span> <span class='ocrx_word' id='word_1_761' title='bbox 870 5177 941 5253; x_wconf 76' lang='grc' dir='ltr'><strong>ἢν</strong></span> <span class='ocrx_word' id='word_1_762' title='bbox 967 5181 1063 5235; x_wconf 80' lang='grc' dir='ltr'>καὶ</span> <span class='ocrx_word' id='word_1_763' title='bbox 1100 5178 1315 5248; x_wconf 83' lang='grc' dir='ltr'>γενέσει</span> <span class='ocrx_word' id='word_1_764' title='bbox 1348 5180 1442 5233; x_wconf 72' lang='grc' dir='ltr'>καὶ</span> <span class='ocrx_word' id='word_1_765' title='bbox 1470 5178 1649 5251; x_wconf 84' lang='grc' dir='ltr'>χρόνῳ</span> <span class='ocrx_word' id='word_1_766' title='bbox 1690 5178 1878 5233; x_wconf 80' lang='grc' dir='ltr'>δεύτε-</span> 
     </span>
    </p>
   </div>
   <div class='ocr_carea' id='block_1_100' title="bbox 272 5271 1878 5346">
    <p class='ocr_par' dir='ltr' id='par_1_100' title="bbox 272 5271 1878 5346">
     <span class='ocr_line' id='line_1_100' title="bbox 272 5271 1878 5346; baseline -0.005 -15"><span class='ocrx_word' id='word_1_767' title='bbox 272 5293 389 5346; x_wconf 82' lang='grc' dir='ltr'>ρος.</span> <span class='ocrx_word' id='word_1_768' title='bbox 435 5276 499 5329; x_wconf 82' lang='grc'><strong>’0</strong></span> <span class='ocrx_word' id='word_1_769' title='bbox 539 5275 599 5329; x_wconf 76' lang='grc' dir='ltr'>δὲ</span> <span class='ocrx_word' id='word_1_770' title='bbox 633 5273 870 5346; x_wconf 67' lang='grc' dir='ltr'>ἐπείπερ</span> <span class='ocrx_word' id='word_1_771' title='bbox 911 5274 1015 5327; x_wconf 82' lang='grc' dir='ltr'>οὐκ</span> <span class='ocrx_word' id='word_1_772' title='bbox 1048 5271 1240 5344; x_wconf 61' lang='grc' dir='ltr'><strong>⁴ἤθελεν</strong></span> <span class='ocrx_word' id='word_1_773' title='bbox 1283 5272 1495 5342; x_wconf 75' lang='grc' dir='ltr'>ἐγεῖραι</span> <span class='ocrx_word' id='word_1_774' title='bbox 1539 5271 1761 5343; x_wconf 84' lang='grc' dir='ltr'>σπέρμα</span> <span class='ocrx_word' id='word_1_775' title='bbox 1800 5271 1878 5343; x_wconf 84' lang='grc' dir='ltr'><strong>τῷ</strong></span> 
     </span>
    </p>
   </div>
   <div class='ocr_carea' id='block_1_101' title="bbox 270 5360 1878 5435">
    <p class='ocr_par' dir='ltr' id='par_1_101' title="bbox 270 5360 1878 5435">
     <span class='ocr_line' id='line_1_101' title="bbox 270 5360 1878 5435; baseline -0.002 -16"><span class='ocrx_word' id='word_1_776' title='bbox 270 5364 518 5435; x_wconf 77' lang='grc' dir='ltr'>ἀδελφῷ,</span> <span class='ocrx_word' id='word_1_777' title='bbox 541 5364 916 5418; x_wconf 84' lang='grc' dir='ltr'>συνδιόλλυται</span> <span class='ocrx_word' id='word_1_778' title='bbox 942 5361 1022 5433; x_wconf 84' lang='grc' dir='ltr'>τῷ</span> <span class='ocrx_word' id='word_1_779' title='bbox 1047 5361 1273 5433; x_wconf 76' lang='grc' dir='ltr'>πρώτῳ,</span> <span class='ocrx_word' id='word_1_780' title='bbox 1312 5360 1463 5423; x_wconf 85' lang='grc' dir='ltr'>θείας</span> <span class='ocrx_word' id='word_1_781' title='bbox 1485 5361 1579 5415; x_wconf 64' lang='grc' dir='ltr'><strong>καὶ¹</strong></span> <span class='ocrx_word' id='word_1_782' title='bbox 1606 5361 1768 5415; x_wconf 83' lang='grc' dir='ltr'>αὐτὸν</span> <span class='ocrx_word' id='word_1_783' title='bbox 1797 5364 1878 5425; x_wconf 85' lang='grc' dir='ltr'><strong>είς</strong></span> 
     </span>
    </p>
   </div>
   <div class='ocr_carea' id='block_1_102' title="bbox 269 5449 1874 5528">
    <p class='ocr_par' dir='ltr' id='par_1_102' title="bbox 269 5449 1874 5528">
     <span class='ocr_line' id='line_1_102' title="bbox 269 5449 1874 5528; baseline -0.004 -15"><span class='ocrx_word' id='word_1_784' title='bbox 269 5459 438 5513; x_wconf 76' lang='grc' dir='ltr'>τοῦτο</span> <span class='ocrx_word' id='word_1_785' title='bbox 456 5457 872 5527; x_wconf 80' lang='grc' dir='ltr'>ὑπενεγκούσης</span> <span class='ocrx_word' id='word_1_786' title='bbox 889 5454 1081 5528; x_wconf 78' lang='grc' dir='ltr'>ὀργῆς.</span> <span class='ocrx_word' id='word_1_787' title='bbox 1108 5449 1243 5508; x_wconf 84' lang='grc' dir='ltr'>Εῐτα</span> <span class='ocrx_word' id='word_1_788' title='bbox 1258 5454 1351 5508; x_wconf 83' lang='grc' dir='ltr'>τὸν</span> <span class='ocrx_word' id='word_1_789' title='bbox 1373 5453 1579 5526; x_wconf 80' lang='grc' dir='ltr'>τρίτον,</span> <span class='ocrx_word' id='word_1_790' title='bbox 1607 5456 1874 5521; x_wconf 86' lang='grc' dir='ltr'>τουτέστι,</span> 
     </span>
    </p>
   </div>
   <div class='ocr_carea' id='block_1_103' title="bbox 274 5545 1876 5622">
    <p class='ocr_par' dir='ltr' id='par_1_103' title="bbox 274 5545 1876 5622">
     <span class='ocr_line' id='line_1_103' title="bbox 274 5545 1876 5622; baseline -0.002 -18"><span class='ocrx_word' id='word_1_791' title='bbox 274 5551 368 5604; x_wconf 72' lang='grc' dir='ltr'><strong>τὸν</strong></span> <span class='ocrx_word' id='word_1_792' title='bbox 406 5550 613 5621; x_wconf 80' lang='grc' dir='ltr'>Σηλὼμ</span> <span class='ocrx_word' id='word_1_793' title='bbox 632 5590 647 5610; x_wconf 85' lang='grc'><strong>.</strong></span> <span class='ocrx_word' id='word_1_794' title='bbox 678 5550 780 5604; x_wconf 69' lang='grc' dir='ltr'>οὐκ</span> <span class='ocrx_word' id='word_1_795' title='bbox 803 5549 1026 5622; x_wconf 75' lang='grc' dir='ltr'>ἐφίησιν</span> <span class='ocrx_word' id='word_1_796' title='bbox 1051 5548 1079 5600; x_wconf 90' lang='lat'><strong>6</strong></span> <span class='ocrx_word' id='word_1_797' title='bbox 1118 5547 1302 5619; x_wconf 81' lang='grc' dir='ltr'>πατὴρ</span> <span class='ocrx_word' id='word_1_798' title='bbox 1336 5546 1750 5617; x_wconf 85' lang='grc' dir='ltr'>μεταποιεῖσθαι</span> <span class='ocrx_word' id='word_1_799' title='bbox 1780 5545 1876 5600; x_wconf 82' lang='grc' dir='ltr'>τοῦ</span> 
     </span>
    </p>
   </div>
   <div class='ocr_carea' id='block_1_104' title="bbox 280 5637 1874 5716">
    <p class='ocr_par' dir='ltr' id='par_1_104' title="bbox 280 5637 1874 5716">
     <span class='ocr_line' id='line_1_104' title="bbox 280 5637 1874 5716; baseline -0.004 -18"><span class='ocrx_word' id='word_1_800' title='bbox 280 5646 497 5714; x_wconf 78' lang='grc' dir='ltr'>γάμου,</span> <span class='ocrx_word' id='word_1_801' title='bbox 545 5642 622 5716; x_wconf 81' lang='grc' dir='ltr'>μὴ</span> <span class='ocrx_word' id='word_1_802' title='bbox 662 5644 773 5715; x_wconf 78' lang='grc' dir='ltr'>ἄρα</span> <span class='ocrx_word' id='word_1_803' title='bbox 826 5644 940 5705; x_wconf 78' lang='grc' dir='ltr'>τοῖς</span> <span class='ocrx_word' id='word_1_804' title='bbox 977 5640 1216 5712; x_wconf 81' lang='grc' dir='ltr'>πρώτοις</span> <span class='ocrx_word' id='word_1_805' title='bbox 1258 5638 1631 5708; x_wconf 70' lang='grc' dir='ltr'>συναπόληται</span> <span class='ocrx_word' id='word_1_806' title='bbox 1664 5637 1874 5702; x_wconf 83' lang='grc' dir='ltr'>δεδιώς.</span> 
     </span>
    </p>
   </div>
   <div class='ocr_carea' id='block_1_105' title="bbox 354 5811 2113 5886">
    <p class='ocr_par' dir='ltr' id='par_1_105' title="bbox 354 5811 2113 5886">
     <span class='ocr_line' id='line_1_105' title="bbox 354 5811 2113 5886; baseline -0.004 -8"><span class='ocrx_word' id='word_1_807' title='bbox 354 5811 403 5841; x_wconf 82' lang='grc'><strong><em>²⁶</em></strong></span> <span class='ocrx_word' id='word_1_808' title='bbox 443 5822 608 5878; x_wconf 85' lang='lat' dir='ltr'><strong>Hebr.</strong></span> <span class='ocrx_word' id='word_1_809' title='bbox 649 5839 719 5886; x_wconf 73' lang='lat' dir='ltr'><strong>vr,</strong></span> <span class='ocrx_word' id='word_1_810' title='bbox 756 5822 809 5875; x_wconf 83' lang='lat'><strong>&#39;7.</strong></span> <span class='ocrx_word' id='word_1_811' title='bbox 891 5822 934 5853; x_wconf 84' lang='lat'><strong>&quot;</strong></span> <span class='ocrx_word' id='word_1_812' title='bbox 968 5820 1133 5877; x_wconf 72' lang='lat' dir='ltr'><strong>llelir.</strong></span> <span class='ocrx_word' id='word_1_813' title='bbox 1169 5836 1260 5885; x_wconf 73' lang='grc' dir='ltr'>γιι,</span> <span class='ocrx_word' id='word_1_814' title='bbox 1317 5820 1395 5874; x_wconf 74' lang='grc' dir='ltr'><strong>Η.</strong></span> <span class='ocrx_word' id='word_1_815' title='bbox 1475 5819 1517 5849; x_wconf 63' lang='grc'><strong>’³</strong></span> <span class='ocrx_word' id='word_1_816' title='bbox 1560 5818 1730 5873; x_wconf 79' lang='lat' dir='ltr'><strong>Exod.</strong></span> <span class='ocrx_word' id='word_1_817' title='bbox 1788 5834 1863 5885; x_wconf 85' lang='grc' dir='ltr'>ιιι,</span> <span class='ocrx_word' id='word_1_818' title='bbox 1912 5817 2113 5885; x_wconf 81' lang='lat' dir='ltr'><strong>iseqq.</strong></span> 
     </span>
    </p>
   </div>
   <div class='ocr_carea' id='block_1_106' title="bbox 1971 4616 3569 4688">
    <p class='ocr_par' dir='ltr' id='par_1_106' title="bbox 1971 4616 3569 4688">
     <span class='ocr_line' id='line_1_106' title="bbox 1971 4616 3569 4688; baseline -0.006 -7"><span class='ocrx_word' id='word_1_819' title='bbox 1971 4623 2341 4681; x_wconf 89' lang='lat' dir='ltr'><strong>nerationem.</strong></span> <span class='ocrx_word' id='word_1_820' title='bbox 2402 4620 2523 4688; x_wconf 86' lang='lat' dir='ltr'><strong>Quo</strong></span> <span class='ocrx_word' id='word_1_821' title='bbox 2567 4627 2754 4675; x_wconf 88' lang='lat' dir='ltr'><strong>autem</strong></span> <span class='ocrx_word' id='word_1_822' title='bbox 2790 4618 2955 4674; x_wconf 90' lang='lat' dir='ltr'><strong>modo</strong></span> <span class='ocrx_word' id='word_1_823' title='bbox 3005 4618 3249 4673; x_wconf 80' lang='lat' dir='ltr'><strong>breviter</strong></span> <span class='ocrx_word' id='word_1_824' title='bbox 3298 4616 3569 4673; x_wconf 83' lang='lat' dir='ltr'><strong>dicemus.</strong></span> 
     </span>
    </p>
   </div>
   <div class='ocr_carea' id='block_1_107' title="bbox 1972 4706 3571 4784">
    <p class='ocr_par' dir='ltr' id='par_1_107' title="bbox 1972 4706 3571 4784">
     <span class='ocr_line' id='line_1_107' title="bbox 1972 4706 3571 4784; baseline -0.008 -11"><span class='ocrx_word' id='word_1_825' title='bbox 1972 4716 2111 4773; x_wconf 87' lang='lat' dir='ltr'><strong>Nam</strong></span> <span class='ocrx_word' id='word_1_826' title='bbox 2136 4713 2308 4770; x_wconf 74' lang='lat' dir='ltr'><strong>ludas</strong></span> <span class='ocrx_word' id='word_1_827' title='bbox 2356 4711 2607 4784; x_wconf 71' lang='lat' dir='ltr'><strong>adiunxit</strong></span> <span class='ocrx_word' id='word_1_828' title='bbox 2633 4710 2860 4782; x_wconf 90' lang='lat' dir='ltr'><strong>quidem</strong></span> <span class='ocrx_word' id='word_1_829' title='bbox 2894 4709 3135 4766; x_wconf 84' lang='lat' dir='ltr'><strong>Thamar</strong></span> <span class='ocrx_word' id='word_1_830' title='bbox 3157 4708 3286 4764; x_wconf 90' lang='lat' dir='ltr'><strong>&#39;ﬁlio</strong></span> <span class='ocrx_word' id='word_1_831' title='bbox 3315 4724 3445 4773; x_wconf 90' lang='lat' dir='ltr'><strong>suo,</strong></span> <span class='ocrx_word' id='word_1_832' title='bbox 3475 4706 3571 4779; x_wconf 84' lang='lat' dir='ltr'><strong>qui</strong></span> 
     </span>
    </p>
   </div>
   <div class='ocr_carea' id='block_1_108' title="bbox 1973 4798 3575 4879">
    <p class='ocr_par' dir='ltr' id='par_1_108' title="bbox 1973 4798 3575 4879">
     <span class='ocr_line' id='line_1_108' title="bbox 1973 4798 3575 4879; baseline -0.007 -14"><span class='ocrx_word' id='word_1_833' title='bbox 1973 4815 2093 4866; x_wconf 89' lang='lat' dir='ltr'><strong>erat</strong></span> <span class='ocrx_word' id='word_1_834' title='bbox 2113 4805 2517 4879; x_wconf 85' lang='lat' dir='ltr'><strong>primogenitus</strong></span> <span class='ocrx_word' id='word_1_835' title='bbox 2550 4821 2565 4859; x_wconf 88' lang='lat'><strong>:</strong></span> <span class='ocrx_word' id='word_1_836' title='bbox 2602 4804 2698 4876; x_wconf 90' lang='lat' dir='ltr'><strong>qui</strong></span> <span class='ocrx_word' id='word_1_837' title='bbox 2731 4819 2858 4860; x_wconf 90' lang='lat' dir='ltr'><strong>cum</strong></span> <span class='ocrx_word' id='word_1_838' title='bbox 2896 4811 3043 4861; x_wconf 89' lang='lat' dir='ltr'><strong>esset</strong></span> <span class='ocrx_word' id='word_1_839' title='bbox 3089 4803 3291 4868; x_wconf 86' lang='lat' dir='ltr'><strong>malus,</strong></span> <span class='ocrx_word' id='word_1_840' title='bbox 3331 4798 3575 4872; x_wconf 82' lang='lat' dir='ltr'><strong>perdidit</strong></span> 
     </span>
    </p>
   </div>
   <div class='ocr_carea' id='block_1_109' title="bbox 1975 4893 3575 4967">
    <p class='ocr_par' dir='ltr' id='par_1_109' title="bbox 1975 4893 3575 4967">
     <span class='ocr_line' id='line_1_109' title="bbox 1975 4893 3575 4967; baseline -0.007 -8"><span class='ocrx_word' id='word_1_841' title='bbox 1975 4917 2106 4959; x_wconf 86' lang='lat' dir='ltr'><strong>eum</strong></span> <span class='ocrx_word' id='word_1_842' title='bbox 2126 4901 2293 4956; x_wconf 91' lang='lat' dir='ltr'><strong>Deus.</strong></span> <span class='ocrx_word' id='word_1_843' title='bbox 2322 4898 2466 4955; x_wconf 82' lang='lat' dir='ltr'><strong>Huic</strong></span> <span class='ocrx_word' id='word_1_844' title='bbox 2506 4897 2774 4955; x_wconf 90' lang='lat' dir='ltr'><strong>continuo</strong></span> <span class='ocrx_word' id='word_1_845' title='bbox 2822 4895 2879 4952; x_wconf 91' lang='lat' dir='ltr'><strong>in</strong></span> <span class='ocrx_word' id='word_1_846' title='bbox 2926 4894 3137 4967; x_wconf 88' lang='lat' dir='ltr'><strong>nuptiis</strong></span> <span class='ocrx_word' id='word_1_847' title='bbox 3169 4893 3419 4950; x_wconf 87' lang='lat' dir='ltr'><strong>succedit</strong></span> <span class='ocrx_word' id='word_1_848' title='bbox 3461 4895 3575 4948; x_wconf 85' lang='lat' dir='ltr'><strong>Au-</strong></span> 
     </span>
    </p>
   </div>
   <div class='ocr_carea' id='block_1_110' title="bbox 1977 4985 3574 5063">
    <p class='ocr_par' dir='ltr' id='par_1_110' title="bbox 1977 4985 3574 5063">
     <span class='ocr_line' id='line_1_110' title="bbox 1977 4985 3574 5063; baseline -0.006 -15"><span class='ocrx_word' id='word_1_849' title='bbox 1977 5010 2109 5059; x_wconf 89' lang='lat' dir='ltr'><strong>nan,</strong></span> <span class='ocrx_word' id='word_1_850' title='bbox 2141 4992 2238 5063; x_wconf 91' lang='lat' dir='ltr'><strong>qui</strong></span> <span class='ocrx_word' id='word_1_851' title='bbox 2263 4998 2384 5047; x_wconf 87' lang='lat' dir='ltr'><strong>crat</strong></span> <span class='ocrx_word' id='word_1_852' title='bbox 2425 5000 2584 5047; x_wconf 93' lang='lat' dir='ltr'><strong>ortus</strong></span> <span class='ocrx_word' id='word_1_853' title='bbox 2627 4997 2878 5061; x_wconf 80' lang='lat' dir='ltr'><strong>tempore</strong></span> <span class='ocrx_word' id='word_1_854' title='bbox 2929 4986 3211 5043; x_wconf 89' lang='lat' dir='ltr'><strong>secundus</strong></span> <span class='ocrx_word' id='word_1_855' title='bbox 3246 5004 3258 5039; x_wconf 91' lang='lat'>:</span> <span class='ocrx_word' id='word_1_856' title='bbox 3294 4985 3386 5039; x_wconf 90' lang='lat' dir='ltr'><strong>hic</strong></span> <span class='ocrx_word' id='word_1_857' title='bbox 3437 4997 3574 5040; x_wconf 85' lang='lat' dir='ltr'><strong>vero</strong></span> 
     </span>
    </p>
   </div>
   <div class='ocr_carea' id='block_1_111' title="bbox 1974 5077 3573 5156">
    <p class='ocr_par' dir='ltr' id='par_1_111' title="bbox 1974 5077 3573 5156">
     <span class='ocr_line' id='line_1_111' title="bbox 1974 5077 3573 5156; baseline -0.004 -15"><span class='ocrx_word' id='word_1_858' title='bbox 1974 5085 2104 5156; x_wconf 89' lang='lat' dir='ltr'><strong>quia</strong></span> <span class='ocrx_word' id='word_1_859' title='bbox 2130 5083 2309 5140; x_wconf 90' lang='lat' dir='ltr'><strong>noluit</strong></span> <span class='ocrx_word' id='word_1_860' title='bbox 2337 5084 2609 5139; x_wconf 88' lang='lat' dir='ltr'><strong>suscitare</strong></span> <span class='ocrx_word' id='word_1_861' title='bbox 2653 5097 2841 5138; x_wconf 91' lang='lat' dir='ltr'><strong>semen</strong></span> <span class='ocrx_word' id='word_1_862' title='bbox 2868 5080 3026 5135; x_wconf 78' lang='lat' dir='ltr'><strong>fratri</strong></span> <span class='ocrx_word' id='word_1_863' title='bbox 3054 5095 3176 5144; x_wconf 91' lang='lat' dir='ltr'><strong>suo,</strong></span> <span class='ocrx_word' id='word_1_864' title='bbox 3217 5078 3382 5133; x_wconf 88' lang='lat' dir='ltr'><strong>simili</strong></span> <span class='ocrx_word' id='word_1_865' title='bbox 3407 5077 3573 5134; x_wconf 87' lang='lat' dir='ltr'><strong>modo</strong></span> 
     </span>
    </p>
   </div>
   <div class='ocr_carea' id='block_1_112' title="bbox 1975 5171 3567 5249">
    <p class='ocr_par' dir='ltr' id='par_1_112' title="bbox 1975 5171 3567 5249">
     <span class='ocr_line' id='line_1_112' title="bbox 1975 5171 3567 5249; baseline -0.003 -16"><span class='ocrx_word' id='word_1_866' title='bbox 1975 5186 2039 5233; x_wconf 91' lang='lat' dir='ltr'><strong>ut</strong></span> <span class='ocrx_word' id='word_1_867' title='bbox 2053 5177 2266 5249; x_wconf 86' lang='lat' dir='ltr'><strong>primus</strong></span> <span class='ocrx_word' id='word_1_868' title='bbox 2282 5175 2513 5241; x_wconf 91' lang='lat' dir='ltr'><strong>interiit,</strong></span> <span class='ocrx_word' id='word_1_869' title='bbox 2534 5176 2616 5230; x_wconf 89' lang='lat' dir='ltr'><strong>ira</strong></span> <span class='ocrx_word' id='word_1_870' title='bbox 2632 5174 2816 5229; x_wconf 85' lang='lat' dir='ltr'><strong>divina</strong></span> <span class='ocrx_word' id='word_1_871' title='bbox 2830 5174 2994 5229; x_wconf 89' lang='lat' dir='ltr'><strong>etiam</strong></span> <span class='ocrx_word' id='word_1_872' title='bbox 3015 5173 3191 5244; x_wconf 86' lang='lat' dir='ltr'><strong>ipsum</strong></span> <span class='ocrx_word' id='word_1_873' title='bbox 3210 5171 3567 5242; x_wconf 88' lang='lat' dir='ltr'><strong>corripiente.</strong></span> 
     </span>
    </p>
   </div>
   <div class='ocr_carea' id='block_1_113' title="bbox 1978 5264 3574 5338">
    <p class='ocr_par' dir='ltr' id='par_1_113' title="bbox 1978 5264 3574 5338">
     <span class='ocr_line' id='line_1_113' title="bbox 1978 5264 3574 5338; baseline -0.002 -12"><span class='ocrx_word' id='word_1_874' title='bbox 1978 5269 2228 5326; x_wconf 90' lang='lat' dir='ltr'><strong>Tertium</strong></span> <span class='ocrx_word' id='word_1_875' title='bbox 2252 5277 2460 5335; x_wconf 87' lang='lat' dir='ltr'><strong>autem,</strong></span> <span class='ocrx_word' id='word_1_876' title='bbox 2493 5268 2602 5323; x_wconf 92' lang='lat' dir='ltr'><strong>hoc</strong></span> <span class='ocrx_word' id='word_1_877' title='bbox 2624 5274 2712 5323; x_wconf 90' lang='lat' dir='ltr'><strong>est</strong></span> <span class='ocrx_word' id='word_1_878' title='bbox 2740 5266 2944 5330; x_wconf 88' lang='lat' dir='ltr'><strong>Selom,</strong></span> <span class='ocrx_word' id='word_1_879' title='bbox 2972 5280 3084 5320; x_wconf 91' lang='lat' dir='ltr'><strong>non</strong></span> <span class='ocrx_word' id='word_1_880' title='bbox 3122 5264 3395 5336; x_wconf 83' lang='lat' dir='ltr'><strong>permittit</strong></span> <span class='ocrx_word' id='word_1_881' title='bbox 3416 5273 3574 5338; x_wconf 82' lang='lat' dir='ltr'><strong>pater</strong></span> 
     </span>
    </p>
   </div>
   <div class='ocr_carea' id='block_1_114' title="bbox 1983 5358 3577 5443">
    <p class='ocr_par' dir='ltr' id='par_1_114' title="bbox 1983 5358 3577 5443">
     <span class='ocr_line' id='line_1_114' title="bbox 1983 5358 3577 5443; baseline -0.003 -23"><span class='ocrx_word' id='word_1_882' title='bbox 1983 5365 2126 5421; x_wconf 85' lang='lat' dir='ltr'><strong>inire</strong></span> <span class='ocrx_word' id='word_1_883' title='bbox 2166 5363 2424 5433; x_wconf 89' lang='lat' dir='ltr'><strong>nuptias,</strong></span> <span class='ocrx_word' id='word_1_884' title='bbox 2458 5362 2673 5443; x_wconf 80' lang='lat' dir='ltr'><strong>veritus</strong></span> <span class='ocrx_word' id='word_1_885' title='bbox 2712 5377 2783 5417; x_wconf 91' lang='lat' dir='ltr'><strong>ne</strong></span> <span class='ocrx_word' id='word_1_886' title='bbox 2827 5359 2969 5415; x_wconf 77' lang='lat' dir='ltr'><strong>forte</strong></span> <span class='ocrx_word' id='word_1_887' title='bbox 2997 5367 3058 5415; x_wconf 88' lang='lat' dir='ltr'><strong>ut</strong></span> <span class='ocrx_word' id='word_1_888' title='bbox 3098 5359 3264 5431; x_wconf 87' lang='lat' dir='ltr'><strong>primi</strong></span> <span class='ocrx_word' id='word_1_889' title='bbox 3294 5358 3577 5417; x_wconf 85' lang='lat' dir='ltr'><strong>interiret.</strong></span> 
     </span>
    </p>
   </div>
   <div class='ocr_carea' id='block_1_115' title="bbox 1984 5453 3575 5526">
    <p class='ocr_par' dir='ltr' id='par_1_115' title="bbox 1984 5453 3575 5526">
     <span class='ocr_line' id='line_1_115' title="bbox 1984 5453 3575 5526; baseline -0.002 -15"><span class='ocrx_word' id='word_1_890' title='bbox 1984 5455 2199 5526; x_wconf 86' lang='lat' dir='ltr'><strong>Ecquid</strong></span> <span class='ocrx_word' id='word_1_891' title='bbox 2225 5456 2344 5511; x_wconf 68' lang='lat' dir='ltr'><strong>haec</strong></span> <span class='ocrx_word' id='word_1_892' title='bbox 2370 5469 2460 5510; x_wconf 92' lang='lat' dir='ltr'><strong>res</strong></span> <span class='ocrx_word' id='word_1_893' title='bbox 2482 5453 2588 5510; x_wconf 89' lang='lat' dir='ltr'><strong>sibi</strong></span> <span class='ocrx_word' id='word_1_894' title='bbox 2612 5454 2729 5509; x_wconf 87' lang='lat' dir='ltr'><strong>vult</strong></span> <span class='ocrx_word' id='word_1_895' title='bbox 2750 5453 3020 5511; x_wconf 82' lang='lat' dir='ltr'><strong>?Edicere</strong></span> <span class='ocrx_word' id='word_1_896' title='bbox 3046 5454 3311 5520; x_wconf 91' lang='lat' dir='ltr'><strong>conabor,</strong></span> <span class='ocrx_word' id='word_1_897' title='bbox 3336 5453 3448 5509; x_wconf 84' lang='lat' dir='ltr'><strong>Deo</strong></span> <span class='ocrx_word' id='word_1_898' title='bbox 3474 5453 3541 5508; x_wconf 85' lang='lat' dir='ltr'><strong>ad</strong></span> <span class='ocrx_word' id='word_1_899' title='bbox 3560 5484 3575 5491; x_wconf 88' lang='lat'><strong><em>-</em></strong></span> 
     </span>
    </p>
   </div>
   <div class='ocr_carea' id='block_1_116' title="bbox 1977 5536 3579 5620">
    <p class='ocr_par' dir='ltr' id='par_1_116' title="bbox 1977 5536 3579 5620">
     <span class='ocr_line' id='line_1_116' title="bbox 1977 5536 3579 5620; baseline -0.002 -17"><span class='ocrx_word' id='word_1_900' title='bbox 1977 5550 2225 5620; x_wconf 83' lang='lat' dir='ltr'><strong>juvante.</strong></span> <span class='ocrx_word' id='word_1_901' title='bbox 2242 5546 2380 5602; x_wconf 85' lang='lat' dir='ltr'><strong>Nam</strong></span> <span class='ocrx_word' id='word_1_902' title='bbox 2404 5561 2530 5602; x_wconf 90' lang='lat' dir='ltr'><strong>cum</strong></span> <span class='ocrx_word' id='word_1_903' title='bbox 2546 5546 2693 5602; x_wconf 86' lang='lat' dir='ltr'><strong>Deus</strong></span> <span class='ocrx_word' id='word_1_904' title='bbox 2718 5544 3056 5618; x_wconf 84' lang='lat' dir='ltr'><strong>Synagogam</strong></span> <span class='ocrx_word' id='word_1_905' title='bbox 3082 5545 3313 5616; x_wconf 90' lang='lat' dir='ltr'><strong>primam</strong></span> <span class='ocrx_word' id='word_1_906' title='bbox 3337 5544 3393 5598; x_wconf 90' lang='lat' dir='ltr'><strong>in</strong></span> <span class='ocrx_word' id='word_1_907' title='bbox 3414 5536 3579 5614; x_wconf 57' lang='lat' dir='ltr'><strong>Eg}—</strong></span> 
     </span>
    </p>
   </div>
   <div class='ocr_carea' id='block_1_117' title="bbox 1982 5634 3576 5715">
    <p class='ocr_par' dir='ltr' id='par_1_117' title="bbox 1982 5634 3576 5715">
     <span class='ocr_line' id='line_1_117' title="bbox 1982 5634 3576 5715; baseline -0.004 -22"><span class='ocrx_word' id='word_1_908' title='bbox 1982 5648 2078 5709; x_wconf 85' lang='lat' dir='ltr'><strong>pto</strong></span> <span class='ocrx_word' id='word_1_909' title='bbox 2117 5636 2312 5710; x_wconf 87' lang='lat' dir='ltr'><strong>(quam</strong></span> <span class='ocrx_word' id='word_1_910' title='bbox 2360 5636 2723 5709; x_wconf 88' lang='lat' dir='ltr'><strong>alienigenam</strong></span> <span class='ocrx_word' id='word_1_911' title='bbox 2767 5653 2886 5694; x_wconf 88' lang='lat' dir='ltr'><strong>esse</strong></span> <span class='ocrx_word' id='word_1_912' title='bbox 2927 5636 3272 5700; x_wconf 82' lang='lat' dir='ltr'><strong>tradidimus,</strong></span> <span class='ocrx_word' id='word_1_913' title='bbox 3312 5649 3379 5688; x_wconf 90' lang='lat' dir='ltr'><strong>eo</strong></span> <span class='ocrx_word' id='word_1_914' title='bbox 3425 5634 3576 5715; x_wconf 75' lang='lat' dir='ltr'><strong>quod</strong></span> 
     </span>
    </p>
   </div>
   <div class='ocr_carea' id='block_1_118' title="bbox 2194 5817 2649 5882">
    <p class='ocr_par' dir='ltr' id='par_1_118' title="bbox 2194 5817 2649 5882">
     <span class='ocr_line' id='line_1_118' title="bbox 2194 5817 2649 5882; baseline -0.004 -9"><span class='ocrx_word' id='word_1_915' title='bbox 2194 5818 2239 5849; x_wconf 65' lang='grc' dir='ltr'>’θ</span> <span class='ocrx_word' id='word_1_916' title='bbox 2260 5817 2431 5874; x_wconf 78' lang='lat' dir='ltr'><strong>Exod.</strong></span> <span class='ocrx_word' id='word_1_917' title='bbox 2455 5834 2569 5882; x_wconf 78' lang='lat' dir='ltr'><strong>xm,</strong></span> <span class='ocrx_word' id='word_1_918' title='bbox 2597 5817 2649 5872; x_wconf 71' lang='grc' dir='ltr'><strong>ὅ.</strong></span> 
     </span>
    </p>
   </div>
  </div>
