4034 6460
541 326 644 386 3ίό

541 442 698 500 valde
729 443 963 500 barbara
977 454 1034 500 et
1059 444 1293 516 agrestis
1322 443 1500 514 esset)
1525 442 1594 497 ad
1626 455 1811 496 mores
1843 439 2130 494 instituta-

538 548 646 603 que
671 533 992 589 Graacorum
1018 535 1342 602 redegisset,
1387 545 1550 604 atque
1594 532 1649 586 in
1671 530 1904 586 formam
1941 531 2132 600 reipu-

539 625 698 682 blicae
729 643 829 697 per
869 627 1046 697 legem
1077 627 1382 697 coegisset,
1426 634 1540 679 tum
1589 639 1712 679 eam
1735 623 1894 694 quasi
1935 639 2134 678 novam

541 716 786 772 reddidit
811 718 1175 789 Synagogam,
1213 733 1278 773 ac
1307 717 1479 772 veluti
1512 715 1745 771 alteram
1780 723 1837 770 et
1859 715 2132 771 diversam

537 807 607 862 ab
659 809 776 878 ipsa
805 809 1000 878 prima.
1053 810 1232 880 Atque
1266 810 1383 866 haec
1429 817 1515 864 est
1560 808 1818 872 Thamar,
1872 816 1930 862 et
1973 808 2130 877 quasi

537 902 778 959 secunda
803 903 1103 973 Synagoga.
1133 902 1406 957 Caeterum
1431 900 1556 956 vide
1593 899 1967 970 quomodoex
1996 900 2131 970 ipsis

536 995 821 1049 nominum
849 995 1403 1066 interpretationibus
1436 994 1748 1050 inveniatur
1784 993 2124 1065 mysterium.

533 1084 672 1139 Nam
706 1086 946 1142 Thamar
980 1088 1277 1157 exponitur
1293 1087 1512 1156 defectio
1534 1093 1630 1140 aut
1662 1086 1897 1139 dimotio.
1940 1085 2127 1155 Siqui-

534 1177 659 1232 dem
703 1178 988 1249 Synagoga
1037 1179 1354 1234 Judaeorum
1381 1195 1571 1234 revera
1597 1179 1804 1233 dimota
1837 1187 1922 1232 est
1945 1188 2000 1233 et
2027 1178 2127 1233 de-

533 1270 682 1325 fecit.
723 1271 1053 1338 Quomodo?
1082 1272 1219 1338 Quia
1250 1289 1359 1326 non
1387 1273 1609 1326 omnino
1635 1271 1834 1326 mansit
1867 1270 2125 1326 immobi-

532 1365 622 1430 lis,
669 1381 851 1435 neque
894 1367 1260 1422 inconcussus
1305 1366 1487 1420 cultus
1529 1365 1753 1436 legalis,
1803 1364 1897 1419 sed
1959 1365 2127 1419 cessit

531 1455 944 1524 quodammodo
978 1499 992 1520 ,
1033 1466 1090 1511 et
1154 1457 1430 1526 spirituaii
1485 1457 1660 1511 cultui
1706 1457 1890 1511 locum
1946 1455 2120 1512 dedit.

533 1545 778 1602 Tandem
806 1565 938 1603 vero
963 1549 1172 1605 Christi
1201 1549 1482 1620 Synagoga
1527 1565 1623 1604 seu
1651 1549 2006 1618 congregatio
2039 1557 2125 1604 est

531 1637 872 1702 introducta,
900 1655 1023 1710 quae
1047 1641 1263 1694 incusat
1292 1639 1548 1710 primam,
1586 1639 1749 1710 198
1773 1640 1978 1710 quippe
2001 1655 2124 1710 quae

530 1743 640 1782 non
666 1731 891 1784 omnino
918 1741 1074 1785 vacet
1096 1731 1546 1801 reprehensione.
1571 1730 1826 1785 Christus
1861 1746 1992 1801 ergo
2022 1747 2120 1801 ap-

529 1821 876 1889 plicavitsibi
906 1823 1207 1878 Ecclesiam
1242 1839 1336 1878 seu
1385 1823 1658 1891 virginem
1702 1829 1907 1875 castam
1931 1822 1997 1887 ³⁰,
2028 1836 2126 1874 an-

529 1916 679 1988 tiqua
706 1919 808 1973 ista
836 1926 891 1973 et
923 1919 1100 1988 prima
1125 1915 1432 1986 repudiata.
1471 1914 1625 1970 Unde
1645 1914 1960 1969 Iudaeorum
1979 1913 2123 1985 Syn-

523 2023 693 2079 agoga
719 2011 919 2064 merito
949 2017 1216 2078 quantum
1253 2007 1319 2061 ad
1349 2007 1455 2061 hoc
1505 2015 1766 2061 censetur
1791 2005 2041 2060 defectus
2067 2013 2124 2061 et

524 2099 776 2155 dimotio.
827 2101 984 2167 Quod
1034 2109 1218 2154 autem
1274 2114 1438 2154 nemo
1487 2115 1558 2153 ex
1620 2098 1739 2168 lege
1791 2097 2124 2168 iustificetur

525 2193 672 2263 apud
700 2193 900 2258 Deum,
929 2209 1111 2262 neque
1150 2193 1206 2246 in
1241 2191 1523 2262 Synagoga
1549 2189 1861 2245 Iudaeorum
1887 2191 1958 2244 sit
1987 2190 2126 2244 divi-

524 2297 610 2337 nae
643 2282 796 2352 pacis
829 2280 1202 2351 participatio,
1246 2300 1263 2330 ε
1298 2280 1409 2334 Lex
1437 2280 1586 2333 enim
1615 2280 1748 2333 iram
1773 2281 2115 2349 operatur,'»

526 2373 671 2427 sicut
713 2373 983 2441 scriptum
1031 2371 1200 2433 est“,
1245 2370 1527 2425 notaverit
1555 2370 1793 2423 latenter
1843 2370 2124 2440 generatio

527 2463 765 2518 filiorum
801 2463 976 2525 Iudae,
999 2463 1092 2532 qui
1119 2462 1358 2515 Thamar
1382 2462 1663 2531 conjuncti
1694 2461 1941 2515 fuerunt.
1985 2461 2123 2516 Nam

527 2555 637 2611 Her
675 2555 1076 2625 primogenitus
1114 2563 1198 2608 est
1247 2554 1519 2624 pellicem,
1570 2554 1686 2608 sive
1744 2561 2008 2607 terrenus.
2054 2554 2125 2608 At

523 2649 785 2718 quoniam
819 2649 995 2701 malus
1027 2654 1168 2710 erat,
1211 2647 1335 2700 ideo
1365 2654 1542 2701 morte
1585 2647 1850 2701 multatus
1887 2655 1992 2701 est.
2020 2647 2126 2701 Po—

525 2741 688 2811 pulus
718 2742 863 2794 enim
889 2740 1124 2809 primus,
1160 2755 1352 2794 revera
1393 2739 1571 2793 malus
1605 2747 1685 2793 est
1722 2738 2120 2809 deprehensus,

521 2847 646 2886 cum
681 2840 1049 2886 murmuraret
1080 2840 1270 2885 contra
1317 2831 1510 2896 Deum,
1539 2840 1595 2884 et
1627 2830 1838 2885 diceret
1868 2848 1881 2883 :
1922 2850 1940 2881 ‹
1975 2831 2126 2886 Nun-

522 2924 652 2994 quid
681 2925 884 2994 poterit
911 2925 1055 2978 Deus
1094 2939 1288 2993 parare
1319 2939 1561 2977 mensam
1595 2924 1649 2977 in
1678 2923 1944 2978 deserto?
1978 2923 2127 2990 Quo-

521 3013 666 3067 niam
690 3014 962 3083 percussit
984 3022 1217 3084 petram,
1245 3022 1302 3068 et
1330 3013 1609 3068 ﬂuxerunt
1627 3029 1802 3083 aqua,
1831 3023 2123 3069 ettorrcn-

519 3115 603 3160 tes
647 3105 1074 3159 inundaverant.
1129 3105 1271 3160 Num
1305 3113 1361 3158 et
1385 3120 1582 3174 panem
1619 3105 1825 3172 poterit
1855 3105 1988 3159 dare
2006 3105 2112 3158 "‘3.

520 3194 636 3249 Imo
666 3211 799 3250 vero
827 3202 884 3250 et
919 3203 1276 3265 posteaquam
1330 3195 1431 3257 illi,
1459 3195 1554 3264 qui
1601 3193 1756 3249 missi
1781 3195 2004 3251 fuerant
2049 3196 2119 3251 ad

521 3295 723 3342 terram
751 3287 1137 3356 promissionis
1189 3286 1583 3356 explorandam
1609 3327 1623 3352 ,
1671 3287 1879 3340 reversi
1910 3295 2116 3352 essent,

519 3378 676 3446 quasi
711 3379 822 3447 jam
848 3379 1048 3448 perditi
1105 3377 1394 3448 pueriliter
1439 3376 1739 3447 ejulabant,
1785 3381 2120 3435 contumelia

520 3469 696 3533 illum,
719 3471 814 3538 qui
846 3470 1030 3524 omnia
1079 3479 1282 3540 potest,
1321 3483 1419 3523 sua
1472 3466 1851 3522 inobedientia
1873 3468 2113 3525 allicien-

521 3570 622 3617 tes.
658 3561 814 3618 Unde
837 3569 894 3616 et
916 3563 1218 3632 perierunt,
1252 3576 1431 3630 neque
1450 3561 1596 3616 ullus
1617 3577 1813 3617 eorum
1841 3563 2118 3633 ingressus

519 3661 603 3709 est
658 3663 861 3707 terram
908 3653 1333 3724 promissionis;
1371 3654 1467 3708 sed
1527 3673 1546 3706 ι
1580 3655 1827 3710 membra
1869 3655 2116 3726 ipsorum

521 3753 988 3815 computruerunt
1025 3747 1080 3800 in
1101 3747 1344 3810 deserto,
1381 3766 1399 3798 ι
1442 3747 1587 3802 sicut
1625 3747 1891 3817 scriptum
1939 3756 2024 3803 est
2047 3749 2112 3803 ³³.

521 3839 928 3910 Primogenitus
951 3840 1119 3910 igitur
1141 3839 1272 3903 Her,
1313 3839 1419 3893 hoc
1440 3848 1545 3903 est,
1579 3839 1683 3895 iste
1715 3841 2028 3894 malitiosus
2059 3852 2116 3896 et

521 3929 780 3994 carnalis,
823 3929 1078 4000 disperiit
1111 3930 1347 3999 primus,
1376 3931 1592 3985 nullum
1637 3930 1847 3986 habens
1893 3932 2116 4000 pietatis

522 4028 784 4083 fructum.
816 4027 928 4082 Hoc
954 4027 1103 4082 enim
1134 4027 1296 4082 nobis
1328 4027 1538 4081 orbitas
1570 4032 1633 4080 ut
1661 4025 1714 4079 in
1738 4025 1906 4096 ﬁgura
1932 4034 2116 4079 osten-

521 4119 615 4176 dat
640 4121 839 4175 denuo.
893 4119 1067 4176 Sensa
1109 4120 1255 4175 enim
1298 4119 1354 4174 in
1401 4119 1686 4174 intellectu
1739 4127 1802 4171 ut
1850 4115 2116 4187 imagines

520 4221 670 4268 sunt.
708 4212 916 4267 Deinde
963 4213 1113 4268 hunc
1142 4212 1396 4282 sequitur
1424 4209 1722 4274 secundus,
1752 4210 1858 4264 hoc
1877 4216 1981 4273 est,
2017 4224 2116 4279 po-

520 4305 683 4376 pulus
721 4314 844 4376 post
885 4304 1036 4360 hunc
1074 4312 1370 4375 generatus
1406 4311 1669 4372 tanquam
1709 4301 1854 4356 lilius
1887 4300 2113 4370 quidam

519 4395 640 4460 Dei,
666 4399 760 4468 qui
789 4398 1025 4452 redemit
1051 4405 1108 4452 et
1139 4396 1396 4451 liberavit
1417 4411 1448 4449 e
1476 4394 1643 4449 domo
1667 4393 1974 4449 servitutis.
2010 4393 2113 4448 Hic

519 4491 760 4561 papulus
792 4492 1007 4559 trajecit
1035 4489 1256 4559 quidem
1302 4487 1622 4550 Jordanem,
1665 4485 1806 4540 duce
1835 4485 2024 4548 Josua,
2060 4491 2117 4540 et

522 4581 869 4637 hrcreditavit
894 4589 1098 4634 terram
1132 4577 1554 4649 promissionis:
1588 4577 1684 4634 sed
1732 4586 1923 4646 postea
1954 4576 2122 4631 etiam

522 4672 588 4727 ad
608 4671 826 4743 judices
851 4672 1125 4741 pervenit,
1153 4680 1208 4725 at
1227 4670 1422 4725 incidit
1444 4677 1500 4722 ct
1519 4669 1636 4739 ipse
1665 4668 1720 4722 in
1747 4669 1844 4723 Dei
1870 4669 2123 4738 indigna-

521 4763 750 4818 tionem.
783 4763 916 4817 Erat
943 4762 1091 4816 cnim
1119 4776 1312 4816 revera
1346 4761 1561 4822 Aunan,
1594 4761 1699 4814 hoc
1725 4769 1827 4824 est,
1853 4759 2128 4830 perculsus

519 4857 695 4911 corde.
725 4856 954 4911 Deﬂexit
981 4856 1128 4911 enim
1156 4854 1394 4910 absurde
1430 4868 1493 4907 ac
1525 4854 1760 4923 turpiter
1791 4854 1858 4908 ad
1901 4855 2128 4923 plurali-

523 4959 690 5006 tatem
709 4951 961 5014 deorum,
1006 4951 1259 5020 neglecto
1299 4965 1364 5003 co
1393 4949 1486 5017 qui
1517 4963 1661 5002 unus
1696 4948 2020 5001 naturaliter
2059 4963 2122 5002 ac

520 5058 650 5097 Vere
666 5052 750 5098 est
768 5045 929 5098 Deus.
956 5043 1196 5112 Ideoque
1227 5051 1282 5096 et
1309 5041 1410 5095 iste
1431 5041 1613 5110 periit,
1637 5047 1688 5093 et
1727 5039 1951 5093 servivit
1985 5039 2120 5093 alie-

523 5133 756 5204 nigenis.
796 5135 872 5188 ita
909 5135 1056 5189 enim
1097 5151 1200 5189 nos
1244 5135 1406 5188 docet
1455 5133 1617 5197 liber,
1665 5133 1758 5202 qui
1795 5133 2118 5186 inscribitur

522 5224 799 5280 Judicum.
834 5227 902 5278 Et
926 5226 997 5279 ob
1029 5226 1136 5280 hoc
1165 5242 1384 5296 quoque
1412 5234 1666 5279 mortuus
1688 5233 1772 5279 est
1797 5226 1854 5279 in
1881 5224 2118 5279 orbitate

524 5313 851 5376 liberorum,
878 5314 1022 5369 sicut
1051 5325 1108 5369 et
1135 5316 1263 5380 Her,
1292 5327 1458 5388 atque
1485 5318 1539 5372 in
1569 5318 1802 5372 nihilum
1821 5359 1834 5380 ,
1863 5317 1971 5371 hoc
2011 5323 2114 5382 est,

527 5404 583 5460 in
609 5415 813 5459 terram
858 5406 1168 5460 seminavit.
1213 5407 1367 5462 Unde
1396 5425 1493 5478 par
1536 5418 1657 5464 erat
1707 5409 1860 5462 illum
1903 5407 2118 5462 nullum

527 5493 812 5564 percipere
879 5493 1165 5561 fructum,
1229 5506 1326 5551 aut
1389 5513 1576 5554 semen
1646 5499 1799 5553 fratri
1861 5514 1962 5553 suo
2021 5515 2119 5553 su-

527 5585 755 5641 scitare.
821 5583 1126 5640 Cunctatus
1189 5593 1274 5640 est
1353 5596 1536 5641 autem
1606 5587 1771 5642 etiam
1857 5587 2117 5650 medius,

597 5696 641 5728 ³⁸
663 5697 861 5768 Ephes.
891 5698 1052 5764 v,?.7.
1131 5699 1172 5731 ³¹
1195 5701 1352 5755 Rom.
1397 5717 1468 5766 Iv,
1513 5701 1595 5754 15.

1573 322 1631 380 8.
1671 319 1947 379 CYRILLI
1987 319 2462 378 ALEXANDBINI
2500 323 2822 380 ARCHIEP.

1677 5703 1717 5733 "
1753 5705 1892 5758 Psai.
1937 5719 2132 5765 Lxxvn,

3696 329 3787 386 516

2160 445 2204 502 Α
2235 442 2344 496 Καὶ
2374 443 2426 497 τί
2454 444 2518 514 δὴ
2552 443 2612 497 τὸ
2638 443 2849 515 χρῆμα,
2882 442 3112 497 διειπετν
3155 445 3486 515 πειράσομαι
3525 446 3783 514 σοφοῦντος

2237 535 2395 590 Θεοῦ.
2429 536 2541 607 Τὴν
2569 536 2677 607 γάρ
2707 552 2788 588 τοι
2819 534 3046 607 πρώτην
3072 552 3131 589 τε
3180 536 3274 590 καὶ
3304 538 3362 589 ἐν
3395 537 3648 610 Δίγύπτφ
3671 539 3786 592 Συν-

2235 627 2460 700 αγωγὴν
2480 671 2494 694 ,
2526 631 2592 700 ἦν
2623 627 2915 698 ἀλλόφυλον
2957 623 3095 683 εἶναι
3140 629 3473 698 δεδώκαμεν,
3505 629 3590 682 διά
3617 647 3692 682 τοι
3732 631 3784 685 τδ

2234 721 2352 775 λίαν
2382 720 2773 792 ἀπηγριῶσθαι
2804 719 2927 773 τότε
2979 721 3205 793 τρόποις
3232 737 3292 773 τε
3323 721 3418 774 καὶ
3469 719 3640 774 ἔθεσιν
3677 721 3782 776 Ἐλ-

2231 813 2492 884 ληνικοῖς,
2530 813 2981 884 μεταρῤυθμίσας
3019 813 3172 876 Θεὸς,
3205 811 3292 865 διὰ
3325 811 3592 876 πολιτείας
3621 814 3680 866 ἐκ
3709 814 3782 867 νό-

2235 920 2336 975 μου
2367 942 2380 963 ,
2417 902 2544 956 νέαν
2587 902 2775 974 ὥσπερ
2815 901 3063 966 ἀπέδειξε
3107 900 3438 972 Συναγωγὴν
3463 941 3478 966 ,
3509 903 3600 956 καὶ
3640 902 3783 956 οἱονεί

2231 1012 2350 1058 πως
2385 994 2580 1065 ἑτέραν
2632 995 2786 1066 παρά
2811 995 2913 1064 τὴν
2959 991 3206 1065 πρώτην.
3252 993 3362 1046 Καὶ
3401 992 3555 1046 τοῦτὸ
3592 994 3783 1065 ἐστινὴ

2228 1087 2445 1158 Θάμαρ.
2469 1088 2661 1158 Ἀθρει
2706 1089 2785 1153 δέ,
2831 1089 2981 1150 ὅπως
3022 1086 3115 1140 καὶ
3147 1087 3205 1138 ἐν
3236 1088 3357 1148 ταῖς
3396 1085 3502 1138 τῶν
3532 1084 3784 1154 ὀνομάτων

2229 1182 2550 1254 ἑρμηνείαις
2580 1181 2897 1253 εὑρίσκεται
2925 1180 2984 1234 τὸ
3018 1181 3338 1251 μυστήριον.
3383 1176 3782 1248 Διερμηνεύεται

2227 1275 2389 1345 γὰρὴ
2421 1274 2641 1344 Θάμαρ,
2661 1273 2954 1342 ἔκλειψις,
2984 1273 3017 1343 ἦ
3040 1272 3440 1339 σαλευομένη.
3480 1269 3782 1322 Σεσάλευται

2225 1365 2283 1418 δὲ
2309 1367 2402 1420 καὶ
2425 1365 2742 1420 ἐκλέλοιπεν
2759 1364 2977 1435 ἀληθῶς
3003 1367 3034 1434 ἠ
3060 1365 3170 1416 τῶν
3201 1362 3466 1416 Ἰουδαίων
3487 1363 3780 1431 Συναγωγή.

2225 1457 2399 1527 Πῶςῆ
2422 1458 2543 1510 τίνα
2572 1456 2772 1526 τρόπον
2795 1471 2810 1520 ;
2835 1456 2910 1507 υὺ
2931 1454 3040 1524 γὰρ
3071 1452 3383 1523 μεμένηκεν
3417 1450 3783 1512 ἀκατάσειστος

2225 1551 2305 1612 είς
2323 1549 2384 1602 τὸ
2404 1549 2664 1611 παντελὲς
2685 1550 2718 1620 ὴ
2741 1549 2886 1600 κατὰ
2906 1547 3071 1616 νόμον
3093 1545 3339 1616 λατρεία,
3371 1542 3782 1612 παρακεχώρηκε

2223 1641 2280 1694 δὲ
2326 1643 2390 1712 τῇ
2441 1643 2500 1694 ἐν
2547 1639 2842 1711 πνεύματι.
2892 1639 3003 1693 Καὶ
3044 1636 3402 1707 εἰσεκομίσθη
3437 1634 3617 1687 λοιπὸν
3651 1635 3682 1704 ἡ
3710 1632 3783 1686 διὰ

2223 1729 2485 1804 Χριστοῦ,
2518 1729 2901 1802 κατηγοροῦσα
2943 1730 3044 1800 τῆς
3075 1728 3322 1801 πρώτης,
3349 1727 3426 1799 ᾡς
3455 1728 3552 1780 οὐκ
3579 1725 3783 1796 ἐχούσης

2226 1825 2288 1878 τὸ
2315 1824 2628 1895 ἄμεμπτον.
2668 1823 2980 1894 Ἥρμόσατο
3015 1821 3071 1874 δέ
3098 1821 3192 1874 καὶ
3226 1822 3254 1872 ὁ
3282 1820 3518 1890 Χριστὸς
3541 1817 3635 1888 τὴν
3677 1817 3780 1868 Ἐκ-

2225 1917 2458 1986 κλησίαν
2486 1915 2740 1987 καθάπερ
2762 1914 2886 1968 τινὰ
2920 1913 3188 1984 παρθένον
3220 1912 3414 1982 ἁγνὴν,
3449 1910 3546 1981 τὴν
3574 1908 3783 1979 ἀρχαίαν

2225 2008 2440 2078 ἐκείνην
2466 2008 2562 2061 καὶ
2591 2006 2814 2078 πρώτην
2848 2006 3027 2075 ἀφείς.
3064 2003 3348 2072 Ἐκλειψις
3373 2001 3437 2072 δὴ
3465 1999 3557 2056 οὖν
3589 2000 3676 2054 καὶ
3699 2016 3782 2052 σα-

2225 2102 2491 2172 λευομένη
2527 2100 2786 2173 ταύτῃτοι
2834 2098 3062 2161 δικαίως
3087 2098 3121 2167 ἡ
3151 2097 3263 2150 τῶν
3314 2094 3583 2149 Ἰουδαίων
3610 2094 3783 2145 νοεῖται

2226 2195 2550 2265 Συναγωγή.
2581 2193 2704 2247 Ὅτι
2740 2192 2799 2245 δέ
2848 2191 3023 2253 οὐδεὶς
3057 2192 3116 2244 ἐν
3153 2189 3304 2260 νόμῳ
3334 2186 3634 2241 δικαιοῦται
3656 2182 3784 2254 παρὰ

2224 2286 2362 2357 Θεῷ,
2385 2286 2510 2340 οὔτε
2538 2287 2643 2357 μὴν
2667 2287 2724 2338 ἐν
2751 2286 2817 2355 τῇ
2839 2283 2946 2336 τῶν
2983 2281 3251 2337 Ἰουδαίων
3269 2281 3566 2350 Συναγωγῇ
3593 2277 3681 2346 τῆς
3706 2271 3782 2327 τοῦ

2224 2377 2358 2431 Θεοῦ
2387 2377 2754 2448 γαληνότητος
2786 2376 2818 2446 ἡ
2853 2374 3070 2446 μέθεξις
3085 2371 3154 2446 ἦν
3177 2373 3223 2447 (ι
3249 2374 3307 2427 '0
3324 2375 3440 2444 γὰρ
3461 2371 3618 2441 νόμος
3641 2366 3785 2439 ὀργὴν

2225 2468 2644 2541 κατεργάζεται,
2661 2487 2677 2519 ι
2699 2466 2840 2521 κατὰ
2858 2467 2920 2520 τὸ
2940 2463 3384 2537 γεγραμμένον),
3405 2463 3716 2534 ὑποφήνειεν
3732 2459 3786 2510 ἂν

2224 2561 2637 2634 αἰνιγματωδῶς
2661 2561 2770 2616 τῶν
2813 2560 2982 2614 Ἰούδα
3008 2559 3214 2612 παίδων
3243 2559 3277 2626 ὴ
3306 2557 3547 2625 γένεσις,
3577 2567 3786 2622 συνῳκη-

2226 2655 2400 2707 κὸτων
2436 2657 2503 2724 τῇ
2550 2653 2768 2726 Θάμαρ.
2809 2655 2918 2723 Ἥρ
2955 2653 3053 2723 μὲν
3090 2651 3202 2722 γὰρ
3244 2652 3274 2704 ὁ
3320 2646 3659 2722 πρωτότοκός
3685 2646 3779 2696 ἐστι

2225 2739 2608 2814 δερμάτινος,
2645 2745 2764 2815 ἦτοι
2795 2743 3024 2813 γήϊνος.
3073 2742 3340 2812 Ἐπείπερ
3366 2742 3421 2794 δὲ
3456 2737 3523 2810 ἦν
3554 2733 3780 2802 πονηρδςν

2226 2838 2440 2906 θανάτῳ
2475 2836 2887 2900 κατεδικάζετο.
2925 2835 3167 2906 Πονηρὸς
3204 2835 3260 2888 δέ
3292 2834 3437 2888 κατά
3474 2832 3535 2884 τὺ
3558 2825 3780 2898 ἀληθέςό

2226 2929 2443 2996 πρῶτος
2468 2927 2625 2999 ὢτθη
2649 2927 2799 2994 λαὸς,
2823 2927 3252 2996 καταγογγύζων
3289 2925 3429 2980 Θεοῦ
3461 2924 3553 2978 καὶ
3587 2921 3744 2988 λέγων
3763 2932 3774 2944 ·

2233 3040 2250 3073 ι
2293 3021 2385 3093 Μὴ
2413 3022 2703 3090 δυνήσεται
2735 3023 2764 3073 ὁ
2802 3020 2934 3084 Θεὸς
2963 3020 3250 3090 ἑτοιμάσαι
3273 3015 3552 3090 τράπεζαν
3590 3017 3643 3067 ἐν
3672 3011 3780 3085 ἐρή-

2148 3151 2190 3209 c
2231 3129 2346 3183 μῳ;
2386 3111 2541 3166 Ἐπεὶ
2563 3110 2804 3176 ἐπάταξε
2830 3111 3056 3181 πέτραν,
3083 3111 3178 3164 καὶ
3203 3111 3482 3184 ἐρρύησαν
3511 3107 3682 3209 ὕδατα,
3701 3103 3778 3156 καὶ

2222 3203 2513 3274 χείμαρροι
2569 3203 3039 3275 κατεκλύσθησαν,
3088 3204 3161 3273 μὴ
3211 3203 3311 3255 καὶ
3379 3203 3539 3272 ἄρτον
3586 3197 3777 3252 δύναται

2221 3295 2437 3359 δοῦναις
2479 3295 2641 3349 Ἀλλά
2683 3297 2778 3348 καὶ
2808 3297 2897 3350 ὅτε
2922 3296 3022 3366 τὴν
3049 3295 3156 3364 γῆν
3192 3295 3292 3365 τῆς
3332 3292 3654 3362 ἐπαγγελίας
3695 3305 3776 3342 κα-

2220 3387 2630 3456 τασκεψάμενοι
2675 3387 2932 3458 παρῆσαν
2960 3389 3008 3441 oi
3037 3388 3480 3458 ἀπεσταλμένοι,
3509 3387 3582 3449 ὡς
3606 3382 3778 3438 αὐτίκα

2220 3480 2284 3550 δὴ
2322 3479 2465 3551 μάλα
2511 3479 2872 3550 ἀπολούμενοι
2907 3479 3290 3551 μειρακιωδῶς
3322 3473 3780 3550 ὼλοφύροντο.τὸν

2223 3573 2402 3627 πάντα
2443 3571 2695 3643 ἰσχύοντα
2711 3572 2844 3625 Θεὸν
2866 3576 2985 3636 ταῖς
3008 3571 3317 3635 ἁπειθείαις
3340 3567 3776 3643 περιυϐρίζοντες·

2221 3663 2511 3735 Τοιγάρτοι
2551 3665 2649 3717 καὶ
2682 3663 2969 3720 διολώλασι
2993 3705 3008 3728 ,
3041 3665 3137 3718 καὶ
3165 3663 3463 3735 είσδέὸηκε
3500 3663 3596 3732 μὲν
3621 3659 3776 3718 οὐδεὶς

2219 3757 2298 3818 είς
2336 3755 2433 3824 τὴν
2457 3754 2560 3824 γῆν
2597 3754 2698 3824 τῆς
2723 3754 3078 3823 ἐπαγγελίας,
3137 3772 3157 3806 α
3195 3755 3458 3809 πέπτωκε
3492 3755 3546 3808 δὲ
3564 3754 3626 3806 τά
3649 3751 3779 3804 κῶλα

2219 3845 2399 3900 αὐτῶν
2427 3847 2485 3900 ἐν
2515 3849 2581 3917 τῇ
2605 3847 2819 3918 ἐρήμῳ,
2857 3867 2876 3900 ι
2905 3849 3050 3901 κατά
3076 3848 3138 3901 τὸ
3163 3849 3568 3919 γεγραμμένον.
3595 3843 3779 3900 Οὐκοῦν

2219 3936 2247 3987 ὁ
2274 3934 2618 4005 πρωτότοκος
2646 3935 2776 4004 Ἦρ,
2801 3935 3102 3999 τουτέστιν,
3139 3939 3168 3989 ὁ
3199 3937 3436 4007 πονηρός
3461 3953 3518 3989 τε
3545 3934 3634 3989 καὶ
3666 3947 3778 4001 σαρ-

2218 4025 2392 4090 κικδς,
2412 4025 2631 4080 διόλωλε
2651 4027 2886 4098 πρῶτος,
2903 4027 3116 4098 καρπὸν
3132 4027 3322 4082 οὐδένα
3347 4028 3483 4098 ἔχων
3504 4023 3775 4084 εὐσεϐείας.

2219 4118 2383 4171 Τουτὶ
2406 4118 2512 4188 γὰρ
2541 4118 2920 4189 ὑπεμφήνειεν
2949 4117 3016 4171 ἂν
3052 4119 3183 4188 ἡμῖν
3203 4117 3279 4181 ὡς
3306 4119 3364 4172 ἐν
3394 4117 3547 4188 τύπῳ
3577 4112 3775 4179 πάλινὴ

2217 4209 2447 4264 ἀπαιδία
2465 4226 2478 4240 °
2510 4211 2719 4273 είκόνες
2731 4210 2839 4282 γὰρ
2858 4209 3045 4281 ὥσπερ
3064 4209 3172 4263 τῶν
3189 4211 3250 4263 ἐν
3265 4212 3450 4281 νοήσει
3468 4208 3537 4262 τά
3551 4204 3775 4276 αἰσθητά.

2217 4301 2351 4356 Εἶτα
2385 4305 2505 4373 μετ’
2556 4304 2764 4356 ἐκεῖνον
2795 4301 3048 4374 δεύτερος
3087 4301 3279 4372 ὥσπερ
3321 4319 3408 4366 τις
3440 4301 3554 4364 υίὸς
3585 4298 3671 4353 τοῦ
3697 4297 3776 4348 λυ·

2217 4392 2574 4466 τρωσαμένου
2601 4392 2760 4455 Θεοῦ,
2789 4393 2884 4446 καὶ
2907 4392 2966 4457 ἐξ
2983 4393 3134 4446 οἴκου
3158 4393 3406 4457 δουλείας
3421 4385 3774 4459 ἐξαγαγόντος,

2152 4493 2192 4548 D
2219 4489 2247 4539 ὁ
2285 4488 2402 4557 μετ’
2436 4485 2678 4547 ἐκείνους
2698 4485 2857 4548 λαός·
2892 4484 2951 4546 ὃς
2979 4483 3301 4555 διεκομίσθη
3338 4483 3439 4554 μὲν
3475 4483 3565 4536 τὸν
3597 4475 3776 4547 Ἰορδά-

2221 4592 2320 4645 νην
2346 4617 2360 4641 ,
2395 4575 2831 4648 στρατηγοῦντος
2880 4573 3056 4646 Ἰησοῦ
3081 4616 3096 4640 ,
3127 4573 3576 4646 κεκληρονόμηκε
3613 4567 3667 4623 δέ
3695 4566 3777 4636 τὴν

2222 4669 2328 4738 γῆν
2355 4669 2456 4739 τῆς
2479 4668 2833 4737 ἐπαγγελίας.
2882 4667 3078 4735 Γέγονε
3103 4667 3161 4720 δέ
3206 4665 3346 4736 μετὰ
3391 4664 3548 4718 τοῦτο
3575 4659 3663 4714 καὶ
3690 4654 3778 4710 ὑπὸ

2221 4761 2435 4832 κριτὰς,
2471 4761 2586 4814 ἀλλ’
2617 4761 2986 4814 ὑποπέπτωκε
3014 4761 3107 4813 καὶ
3134 4759 3296 4822 αὐτὸς
3326 4757 3690 4826 ἀγανακτήσει
3721 4749 3775 4816 τῇ

2224 4853 2446 4908 ἄνωθεν.
2471 4849 2580 4906 Ἦν
2600 4853 2707 4924 γάρ
2729 4852 2947 4923 ἀληθῶς
2973 4853 3180 4912 Λὺνᾶν,
3204 4852 3454 4904 τουτέστι
3481 4841 3778 4911 πεπληγὼς

2227 4947 2499 5014 καρδίαν.
2533 4947 2834 5015 Ἐτράπετο
2861 4946 2970 5014 γὰρ
2995 4945 3242 5007 ἐκτόπως
3269 4947 3349 5006 είς
3380 4939 3680 4994 πολυθεῖαν.
3700 4931 3776 4986 τὸν

2225 5039 2322 5092 ἕνα
2362 5039 2455 5092 καὶ
2499 5038 2659 5107 φύσει
2712 5040 2802 5091 καλ¹
2849 5036 3068 5107 ἀληθῶς
3112 5032 3541 5095 καταλελοιπώς.
3587 5023 3776 5082 Οὐκοῦν

2225 5131 2320 5182 καὶ
2347 5130 2594 5184 ἀπώλετο
2622 5132 2717 5183 καὶ
2755 5129 3099 5182 δεδούλευκεν
3129 5127 3469 5196 ἀλλοφύλοις.
3500 5120 3660 5177 Ταυτὶ
3683 5115 3775 5185 γὰρ

2226 5225 2374 5294 ἡμᾶς
2411 5225 2445 5293 ἡ
2498 5223 2609 5276 τῶν
2661 5222 3011 5293 καλουμένων
3072 5219 3292 5291 Κριτῶν
3340 5218 3544 5282 ἐδίδαξε
3595 5211 3771 5285 βίϐλος.

2220 5315 2460 5387 Τέθνηκε
2489 5315 2670 5370 τοίνυν
2705 5317 2761 5367 ἐν
2792 5314 3022 5385 ἀπαιδίᾳ
3049 5313 3144 5367 καὶ
3191 5305 3348 5374 οὗτος
3373 5349 3389 5374 ,
3425 5307 3602 5368 καθὼς
3631 5297 3774 5387 mi}

2225 5404 2354 5474 Ἦρ,
2383 5383 2622 5474 σπείρων
2653 5405 2734 5466 είς
2756 5403 2930 5467 οὐδὲν,
2963 5383 3242 5454 τουτέστιν
3270 5401 3352 5462 εἰς
3384 5399 3510 5468 γῆν.
3549 5393 3698 5447 Ὅθεν
3717 5383 3773 5455 ἦν

2221 5495 2369 5558 εἰκὸς
2394 5497 2586 5549 οὐδένα
2611 5497 2828 5556 πάντως
2852 5493 3217 5563 ἀποκερδάναι
3237 5491 3470 5562 καρπὸν,
3501 5486 3532 5557 ἢ
3555 5484 3638 5538 καὶ
3661 5481 3771 5563 ἅναξ

2171 5639 2190 5655 θ
2221 5587 2446 5654 στῆσαι-
2474 5585 2696 5654 σπέρμα
2747 5582 2824 5653 τῷ
2859 5582 3076 5654 ἀδελφῷ
3124 5578 3312 5638 αὐτοῦ.
3365 5575 3683 5642 Κατώκνησε
3724 5562 3768 5616 δὲ

2182 5702 2267 5767 i9,
2313 5701 2398 5756 50.
2479 5702 2524 5734 ³³
2559 5703 2720 5756 Num.
2756 5719 2864 5768 xw,
2893 5701 2984 5756 Q5.

2157 1813 2196 1867 Β
