4034 6464
562 350 671 408 813

1592 339 1650 394 S.
1689 334 1971 393 CYPJLLI
2008 332 2481 391 ALEXANDRINI
2519 332 2844 390 ARCHIEP.
3713 348 3804 406 ωε)

563 480 694 522 tur:
728 462 989 518 baculum
1012 466 1222 521 autem,
1262 462 1321 512 et
1354 455 1646 519 annulum,
1701 462 1760 509 et
1791 452 1998 507 monile
2028 465 2149 507 eam

2256 450 2453 522 ῥάϐδον
2470 450 2550 518 δὲ,
2576 451 2672 504 καὶ
2688 450 2994 517 δακτύλιον,
3016 450 3109 504 καὶ
3138 450 3400 522 ὁρμίσκον
3422 454 3587 532 αὐτὴν
3613 457 3804 531 ἐφίησιν

562 557 691 612 sivit
752 555 991 621 habere,
1036 542 1251 608 haedum
1301 548 1470 605 etiam
1520 545 1807 618 proprium
1851 543 2153 599 missurum

565 648 912 719 promittens.
937 647 1225 716 Propriam
1253 642 1405 698 enim
1433 649 1598 710 atque
1636 638 1872 693 maxime
1899 650 2156 692 necessa-

565 740 702 795 riam
737 753 927 793 curam
963 750 1160 807 gerens
1185 732 1438 789 Christus
1458 729 1767 801 accipiendi
1792 728 2005 784 fructus
2036 727 2153 799 spi—

564 829 782 884 ritualis
816 826 1017 898 gregis,
1046 825 1314 889 ﬁdelium,
1348 825 1595 894 inquam,
1618 819 2153 877 etsanctilicatorum

562 920 621 976 in
661 919 893 989 spiritu,
926 916 1363 987 perfunctoriam
1394 914 1690 986 quamdam
1718 929 1902 983 neque
1927 911 2153 966 omnino

561 1010 898 1067 elaboratam
921 1008 1163 1064 initurus
1191 1016 1277 1063 est
1302 1022 1427 1062 eum
1452 1008 1735 1078 Synagoga
1757 1005 2073 1060 Iudaeorum
2096 1004 2152 1059 in

562 1102 759 1174 spiritu
786 1102 1135 1168 societatem;
1164 1108 1538 1173 praegnantem
1562 1114 1694 1153 vero
1720 1097 2149 1168 quodammodo,

560 1200 617 1247 et
646 1192 983 1247 fructuosam
1039 1205 1195 1246 suam
1240 1190 1568 1259 sapientiam
1612 1197 1697 1243 est
1743 1187 2148 1242 declaraturus.

560 1283 861 1338 Exhibebit
889 1291 1073 1338 autem
1119 1281 1172 1336 ei
1220 1282 1486 1351 seipsum,
1513 1279 1685 1335 veluti
1712 1288 1768 1335 et
1799 1279 1962 1334 nobis
1991 1279 2147 1349 ipsis,

562 1383 825 1444 tanquam
858 1373 1069 1444 virgam
1098 1372 1343 1438 virtutis,
1375 1379 1438 1425 ut
1467 1369 1759 1441 imaginem
1798 1379 1855 1424 et
1885 1369 2149 1423 similitu-

559 1467 747 1523 dinem
783 1466 880 1521 Dei
918 1481 983 1521 ac
1023 1464 1203 1519 Patris
1242 1462 1261 1535 (
1290 1462 1346 1517 id
1374 1462 1524 1518 enim
1565 1461 1907 1534 significatur
1930 1478 2031 1532 per
2053 1477 2151 1516 an-

560 1557 799 1624 nulum),
836 1557 969 1612 item
1011 1562 1074 1610 ut
1112 1555 1413 1609 formosum
1462 1553 1599 1607 facie
1630 1568 1743 1623 prae
1801 1552 1930 1607 filiis
1965 1551 2150 1607 homi-

558 1666 693 1706 num
713 1648 799 1703 ³⁸·.
824 1649 941 1704 Hoc
959 1648 1108 1703 enim
1136 1647 1381 1701 arbitror
1401 1644 1711 1716 significare
1729 1645 1954 1700 monile.
1974 1643 2149 1700 Omne

557 1743 705 1798 enim
738 1749 1019 1812 gestamen
1048 1738 1194 1808 quod
1228 1737 1360 1793 facit
1388 1737 1457 1792 ad
1495 1745 1774 1803 ornatum,
1809 1736 2023 1792 censeri
2047 1735 2147 1790 de-

557 1833 651 1889 bet
680 1832 897 1903 signum
930 1830 1382 1901 pulchritudinis.
1428 1829 1595 1883 Mittit
1635 1836 1821 1883 autem
1870 1828 1950 1882 illi
1976 1827 2145 1883 etiam

555 1924 796 1991 haedum,
822 1925 927 1978 hoc
951 1929 1055 1987 est,
1091 1932 1445 1993 peccatorum
1473 1920 1857 1977 remissionem
1888 1920 2145 1991 largitur.

555 2014 754 2070 Haedus
799 2014 948 2069 enim
997 2013 1306 2068 secundum
1338 2012 1515 2083 legem
1550 2028 1652 2083 pro
1682 2020 1913 2082 peccato
1941 2018 2148 2065 macta-

553 2106 739 2171 batur,
769 2116 828 2161 et
856 2105 1189 2160 delictorum
1222 2105 1607 2161 remissionem
1635 2103 1949 2158 adumbrat.
1974 2101 2151 2158 Caete—

554 2214 677 2253 rum
703 2197 945 2252 Thamar
960 2212 1073 2252 non
1102 2196 1399 2263 occiditur,
1427 2196 1532 2252 etsi
1560 2197 1673 2268 jam
1706 2195 1981 2252 sententia
2002 2210 2151 2249 mor-

554 2291 626 2345 tis
649 2291 758 2345 lata
793 2290 982 2355 fuerit,
1008 2296 1064 2344 et
1087 2298 1396 2346 extremum
1428 2289 1761 2360 supplicium
1789 2288 1846 2342 in
1872 2302 1994 2343 eam
2020 2302 2152 2343 con-

554 2383 810 2439 stitutum
839 2382 1100 2457 (Thamar
1137 2384 1287 2439 enim
1319 2383 1471 2439 velut
1502 2383 1753 2439 adultera
1781 2382 2149 2439 condemnata

544 2474 718 2546 erat).
768 2474 1022 2531 Salvatur
1054 2482 1239 2531 autem
1287 2485 1511 2532 ostenso
1569 2476 1801 2544 baculo,
1837 2476 2044 2532 annulo
2092 2484 2150 2532 et

555 2566 768 2632 monili,
816 2565 1179 2637 confessaque
1212 2574 1298 2621 est
1321 2568 1559 2639 ingenue
1589 2575 1647 2622 et
1684 2568 1882 2634 libere,
1907 2569 2053 2638 quod
2081 2585 2150 2625 ex

553 2659 694 2715 Juda
724 2658 795 2714 sit
827 2658 1073 2730 gravida,
1126 2667 1293 2728 atque
1326 2658 1500 2728 ipsius
1533 2657 1776 2713 fructum
1811 2665 2009 2730 gestet.
2037 2658 2147 2715 Sed

553 2762 611 2807 et
642 2751 895 2808 Christus
926 2767 1027 2806 suo
1050 2758 1302 2821 tempore
1330 2750 1592 2806 liberabit
1620 2749 1938 2807 Iudaeorum
1969 2748 2149 2823 Syna-

553 2858 785 2916 gogam,
836 2842 1137 2913 quominus
1181 2840 1465 2911 puniatur,
1515 2841 1797 2896 societatis
1841 2856 1970 2896 cum
2026 2840 2147 2911 ipso

555 2940 705 2995 initae
759 2938 1008 3011 symbola
1060 2955 1175 3010 pra:
1203 2954 1263 2994 se
1308 2938 1601 3004 ferentem,
1650 2937 2149 3010 ostendentemque

554 3027 843 3085 manifeste
869 3028 1017 3098 quod
1041 3044 1106 3083 ex
1132 3027 1252 3098 ipso
1278 3029 1598 3099 conceperit
1621 3070 1635 3093 ,
1666 3037 1724 3084 et
1745 3043 2033 3101 praegnans
2063 3028 2147 3084 ef-

552 3117 697 3173 fecta
722 3116 811 3173 sit.
830 3117 910 3172 Ita
934 3116 1082 3172 enim
1113 3116 1319 3172 alicubi
1348 3118 1516 3172 etiam
1556 3117 1593 3172 ii
1613 3117 1825 3183 dicunt,
1861 3118 1956 3188 qui
1983 3117 2146 3173 fidem
2174 3149 2217 3208 ο

554 3209 612 3264 in
675 3208 960 3265 Christum
1025 3208 1263 3278 amplexi
1311 3219 1494 3264 sunt:
1537 3227 1557 3260 ‹
1600 3210 1834 3279 Propter
1887 3211 2146 3266 timorem

550 3304 733 3382 tuum,
760 3296 991 3353 Domine
1014 3339 1030 3364 ,
1064 3296 1122 3351 in
1174 3305 1334 3353 utero
1367 3298 1746 3369 concepimus,
1771 3306 1828 3354 et
1851 3300 2149 3370 parturivi-

553 3378 699 3453 mus,
726 3396 783 3444 et
810 3378 1132 3459 peperimus
1162 3389 1423 3459 spiritum
1452 3390 1648 3445 salutis
1689 3400 1819 3458 tuae,
1855 3408 2021 3464 quem
2048 3409 2146 3465 ge-

552 3482 778 3538 nuimus
827 3498 996 3552 super
1035 3490 1242 3537 terram
1270 3482 1337 3535 ”.
1378 3501 1397 3534 ι
1440 3481 1683 3537 Thamar
1717 3490 1902 3539 autem
1930 3501 2058 3541 cum
2089 3494 2147 3543 et

554 3575 668 3645 ipsa
699 3591 799 3645 par
833 3574 1106 3629 infantum
1123 3574 1279 3644 201
1302 3574 1630 3645 parturiret,
1655 3577 1873 3646 peperit
1898 3578 2142 3635 tandem.

552 3665 761 3722 Deinde
784 3665 1188 3737 primogenitus
1213 3665 1436 3736 quidem
1462 3665 1667 3722 emittit
1690 3682 1935 3733 manum,
1959 3668 2055 3724 sed
2077 3685 2145 3724 eo

552 3755 621 3811 ad
659 3770 719 3811 se
740 3754 991 3810 eamdem
1020 3753 1338 3810 retrahente
1367 3753 1607 3828 (tametsi
1622 3755 1737 3826 jam
1765 3758 1993 3813 coccino
2023 3767 2145 3813 erat

551 3842 766 3916 ligata),
794 3843 1011 3916 prosilit
1048 3843 1346 3909 secundus,
1372 3844 1544 3900 veluti
1593 3860 1723 3917 sepe
1746 3845 1985 3917 quadam
2013 3862 2143 3918 per-

516 3936 746 4002 .fracta,
779 3944 944 4008 atque
987 3938 1061 3991 ita
1095 3937 1251 4008 prius
1292 3937 1580 4008 egreditur
1622 3940 1921 4010 posterior.
1955 3940 2145 3996 Potest

552 4034 736 4081 autem
767 4025 935 4081 etiam
952 4026 1060 4082 hoc
1083 4027 1244 4083 nobis
1262 4027 1411 4083 haud
1438 4029 1739 4085 obscurum
1762 4031 1979 4102 signum
1995 4046 2141 4100 esse,

552 4113 702 4184 quod
733 4123 926 4186 gentes
949 4117 1106 4187 prius
1138 4125 1347 4173 vocatae
1390 4116 1535 4185 sint,
1584 4135 1752 4190 quam
1783 4121 1879 4191 qui
1906 4138 1975 4178 ex
2014 4137 2142 4178 san-

550 4205 717 4276 guine
748 4207 916 4262 Israel
951 4224 964 4262 :
998 4215 1055 4263 et
1091 4208 1413 4280 dignitatem
1460 4211 1912 4285 primogenitum
1943 4229 2143 4271 conse-

553 4298 736 4355 cuturi
761 4300 980 4372 sintqui
1014 4301 1070 4357 in
1088 4301 1300 4359 ultimis
1324 4304 1671 4374 temporibus
1702 4289 1997 4378 eligentur.
2030 4308 2143 4363 F-u-

554 4399 739 4444 turum
771 4397 857 4446 est
880 4401 1064 4446 autem
1104 4394 1296 4462 procul
1321 4392 1513 4461 dubio,
1539 4403 1602 4450 ut
1627 4397 1795 4451 etiam
1832 4397 1950 4468 ipse
1972 4397 2141 4453 Israel

2259 541 2435 614 ἔχειν,
2473 542 2824 597 ἀποστέλλειν
2863 544 2955 596 καὶ
2978 542 3165 614 ἔριφον
3193 544 3634 616 ὑπισχνούμενος.
3670 551 3803 609 ’ἰδίαν

2255 637 2363 707 γὰρ
2401 634 2592 708 ὥσπερ
2629 635 2725 689 καὶ
2767 635 3207 707 ἀναγκαιοτάτην
3238 635 3376 707 ἔχων
3418 640 3661 710 φροντίδα
3688 643 3805 714 Χρι-

2256 727 2379 790 στὸς
2435 726 2497 780 τὸ
2520 726 2769 798 δέχεσθαι
2796 726 2924 792 τοὺς
2954 728 3203 798 καρποὺς
3233 727 3335 796 τῆς
3367 728 3584 800 λογικῆς
3610 733 3804 803 ἀγέλης,

2254 818 2410 889 δῆλον
2446 818 2504 872 δὲ
2533 819 2616 872 ὅτι
2653 817 2762 871 τῶν
2800 818 3244 872 πεπιστευκότων
3277 820 3368 873 καὶ
3399 822 3729 895 ἡγιασμένων
3759 828 3805 879 ἐν

2254 909 2550 981 πνεύματι,
2603 908 2905 980 παροδικὴν
2951 908 3140 981 ὥσπερ
3174 912 3293 964 τινὰ
3330 910 3424 965 καὶ
3462 913 3579 984 οὐχὶ
3619 915 3806 982 πάντως

2254 1002 2700 1074 ἐσπουδασμένην
2764 1003 3051 1075 ποιήσεται
3095 1002 3239 1056 κατὰ
3282 1006 3509 1077 καιροὺς
3553 1006 3645 1078 τὴν
3689 1010 3805 1076 πρὸς

2252 1094 2352 1166 τὴν
2372 1094 2483 1149 τῶν
2515 1094 2785 1148 Ἰουδαίων
2808 1094 3137 1165 Συναγωγὴν
3162 1096 3218 1149 ὲν
3242 1097 3510 1166 πνεύματι
3531 1102 3802 1156 κοινωνίαν·

2252 1185 2531 1256 ἔγκαρπον
2563 1185 2619 1238 δὲ
2649 1184 2840 1256 ὥσπερ
2869 1186 3159 1257 ἀποφανεῖ,
3178 1186 3274 1258 τὴν
3303 1188 3428 1258 παρ’
3452 1188 3610 1242 αὑτοῦ
3643 1193 3805 1260 σοφίαν

2252 1275 2963 1348 ὠδίνουσαν.Παραθήσεται
2988 1277 3045 1330 δὲ
3069 1275 3258 1348 ῶσπερ
3281 1280 3471 1332 ἑαυτὸν
3494 1281 3644 1353 αὐτῇ,
3664 1283 3806 1339 καϐά-

2251 1384 2359 1440 περ
2388 1369 2482 1422 καὶ
2513 1369 2648 1439 ἡμῖν
2677 1367 2882 1435 αὐτοῖς,
2910 1369 2986 1433 ὡς
3009 1370 3203 1441 ῥάϐδον
3226 1370 3528 1437 δυνάμεως,
3552 1372 3624 1437 ὡς
3650 1376 3807 1430 εἰκόνα

2252 1461 2349 1515 καὶ
2388 1460 2648 1532 ὁμοίωσιν
2689 1459 2783 1514 τοῦ
2809 1459 2945 1515 Θεοῦ
2971 1461 3068 1515 καὶ
3098 1462 3310 1532 Πατρός
3353 1460 3532 1533 (τοῦτο
3555 1463 3657 1536 γὰρ
3681 1468 3705 1519 6
3729 1466 3807 1521 δα-

2252 1551 2512 1624 κτύλιος),
2541 1553 2618 1616 ὡς
2644 1552 2845 1625 ὡραῖον
2879 1553 3065 1607 κάλλει
3092 1555 3243 1625 παρὰ
3265 1554 3393 1618 τοὺς
3426 1556 3572 1620 υἱοὺς
3600 1557 3700 1611 τῶν
3728 1560 3805 1613 ἁν-

2252 1643 2507 1717 Θρώπων.
2534 1645 2698 1698 Τουτὶ
2718 1646 2826 1718 γὰρ
2846 1642 2998 1718 οἶμαι
3019 1645 3214 1717 δηλοῦν
3229 1647 3321 1700 τὸν
3338 1650 3615 1718 ὁρμίσκον.
3636 1649 3805 1717 Σκεῦος

2253 1738 2361 1809 γὰρ
2393 1739 2540 1793 ἅπαν
2566 1739 2627 1791 τὸ
2658 1738 2844 1793 τελοῦν
2878 1740 2957 1803 είς
2985 1739 3272 1810 κόσμημα,
3307 1738 3535 1805 κάλλους
3570 1739 3632 1794 ἂν
3662 1745 3806 1796 νοοῖτο

2255 1831 2500 1900 σημεῖον.
2551 1828 2897 1899 Ἀποστέλλει
2929 1829 2987 1884 δὲ
3020 1830 3158 1901 αὐτῇ
3186 1831 3278 1883 καὶ
3311 1830 3401 1884 τὸν
3432 1831 3638 1902 ἔριφον,
3675 1850 3805 1886 τουτ-

2251 1918 2369 1973 έστι
2391 1958 2406 1985 ,
2438 1919 2548 1972 τῶν
2587 1920 2997 1992 ἡμαρτημένων
3028 1922 3299 1993 χαριεῖται
3320 1920 3418 1993 τὴν
3441 1922 3644 1992 ἄφεσιν.
3674 1924 3805 1994 Ἐρι-

2252 2029 2351 2081 φος
2383 2011 2492 2084 γὰρ
2522 2014 2664 2068 κατὰ
2702 2013 2865 2084 νόμον
2905 2014 3046 2086 ὑπὲρ
3090 2014 3372 2085 ἁμαρτίας
3409 2015 3689 2083 ἐσφάζετο,
3730 2017 3805 2069 καὶ

2251 2104 2743 2176 πλημμελημάτων
2788 2104 2983 2176 ἄφεσιν
3020 2106 3420 2160 ὑπαινίττεται.
3453 2105 3680 2173 Σώζεται
3708 2107 3803 2179 δὲή

2250 2195 2474 2267 Θάμαρ,
2508 2197 2688 2250 καίτοι
2716 2196 2895 2269 ψῆφον
2934 2196 3178 2253 λαϐοῦσα
3206 2199 3443 2253 θανάτου
3461 2238 3476 2263 ,
3506 2199 3601 2253 καὶ
3627 2202 3806 2263 ποιναῖς

2249 2287 2372 2348 ταῖς
2405 2286 2664 2356 ἐσχάταις
2705 2285 3119 2359 ὑπενηνεγμένη
3154 2286 3365 2342 λοιπόν.
3411 2288 3805 2343 Καταδεδὶκαστο

2249 2376 2358 2448 γὰρ
2390 2378 2423 2448 ἡ
2469 2376 2668 2448 Θάμαρ
2696 2376 2774 2441 ὡς
2811 2377 3249 2451 πεπορνευμένη.
3297 2378 3537 2445 Σώζεται
3574 2381 3627 2434 δὲ
3661 2381 3801 2452 ὅμως·

2251 2468 2500 2536 ὑπέδειξε
2536 2469 2644 2540 γὰρ
2672 2469 2774 2540 τὴν
2806 2470 3037 2541 ῥάϐδον,
3075 2471 3166 2525 τὸν
3195 2471 3484 2525 δακτύλιόν
3519 2489 3579 2527 τε
3620 2472 3805 2525 καὶτὸν

2251 2561 2537 2633 ὁρμίσκον.
2573 2559 2958 2631 Διωμολόγηκέ
2986 2580 3051 2617 τε
3091 2563 3279 2633 σαφῶς
3322 2563 3398 2628 ὼς
3436 2563 3805 2635 κεκυοφόρηκεν

2250 2653 2311 2718 ἐξ
2348 2652 2557 2716 Ἰούδα,
2598 2651 2695 2706 καὶ
2732 2652 2824 2706 τὸν
2866 2652 3033 2707 αὐτοῦ
3080 2653 3293 2724 καρπὸν
3335 2652 3470 2725 ἔχοι.
3520 2651 3804 2717 ’Λπαλλὰξει

2248 2746 2427 2800 δὲ“καὶ
2457 2745 2628 2817 αὐτὴν
2654 2745 2750 2799 τοῦ
2781 2747 3106 2811 κολάζεσθαι
3135 2748 3246 2801 δεῖν
3278 2748 3382 2820 τὴν
3421 2748 3529 2802 τῶν
3572 2747 3803 2802 Ἰουδαὶων

2251 2839 2585 2912 Συναγωγὴν
2610 2841 2754 2895 κατὰ
2783 2843 3009 2915 καιροὺς
3036 2844 3065 2896 6
3097 2841 3361 2914 Χριστὸς,
3389 2844 3487 2914 τῆς
3517 2843 3644 2915 πρὸς
3669 2839 3805 2896 αὐτὸν

2251 2932 2539 2996 κοινωνίας
2570 2932 2639 2987 τὰ
2677 2932 2924 3004 σύμϐολα
2965 2933 3262 3005 φέρουσαν,
3312 2935 3411 2989 καὶ
3451 2936 3530 2989 ὅτι
3578 2931 3807 3001 κεκυοφό-

2254 3040 2388 3096 ρηκε
2419 3023 2489 3078 τὰ
2525 3023 2691 3078 αὑτοῦ
2721 3025 3073 3079 δεικνύουσαν
3104 3025 3380 3097 ἐναργῶς.
3422 3024 3573 3080 Οὕτω
3600 3026 3698 3096 γάρ
3724 3040 3807 3077 που

2251 3115 2346 3169 καὶ
2376 3115 2530 3169 αὐτοί
2565 3134 2751 3187 φασιν,
2789 3118 2838 3169 οἱ
2862 3115 2952 3170 διὰ
2978 3117 3078 3188 τῆς
3115 3118 3193 3182 εἰς
3220 3117 3466 3188 Χριστὸν
3492 3118 3711 3179 πίστεως
3732 3116 3807 3167 εὐ·
3908 3164 3911 3167 ,

2249 3208 2494 3280 δοκιμεῖν
2526 3208 2795 3282 ᾑρημένοι
2817 3224 2831 3239 ⁸
2872 3228 2892 3262 ι
2929 3208 3027 3263 Διὰ
3066 3210 3156 3264 τὸν
3186 3211 3355 3280 ερόϐον
3388 3230 3502 3273 σου,
3534 3210 3723 3281 Κύριε,
3761 3210 3806 3259 ὲν

2246 3300 2451 3373 γαστρὶ
2498 3301 2804 3372 ἐλάϐομεν,
2852 3302 2949 3355 καὶ
3000 3301 3386 3375 ὼδινήσαμεν,
3438 3303 3531 3357 καὶ
3581 3303 3805 3369 ὲτέκομεν

2248 3393 2468 3465 πνεῦμα
2502 3394 2783 3466 σωτηρίας
2814 3412 2909 3448 σου
2928 3434 2943 3459 ,
2984 3392 3014 3448 δ
3043 3395 3360 3467 ὲκυήσαμεν
3393 3396 3486 3448 ἐπὶ
3521 3394 3617 3463 τῆς
3646 3391 3755 3461 γῆς-
3785 3408 3800 3438 ν

2246 3484 2446 3558 Θάμαρ
2485 3485 2542 3539 δὲ
2580 3485 2849 3558 ξυνωρίδα
2896 3486 3112 3559 βρεφῶν
3159 3486 3457 3551 ὠδίνουσα,
3506 3485 3634 3556 πρὸς
3682 3478 3806 3549 αὒτῷ

2246 3576 2438 3647 γέγονε
2477 3576 2555 3648 τῷ
2583 3577 2727 3648 τόκῳ
2760 3576 2966 3633 λοιπόν.
3006 3572 3142 3632 Εἶτα
3176 3576 3403 3646 καθίησι
3432 3574 3533 3646 μὲν
3570 3577 3597 3627 6
3628 3568 3808 3641 πρωτό-

2243 3685 2403 3733 τοκος
2425 3670 2524 3742 τὴν
2556 3673 2717 3741 χεῖρα
2738 3687 2752 3703 ο
2779 3669 3195 3739 συνενεγκόντος
3224 3667 3283 3721 δὲ
3311 3662 3379 3722 αὖ
3410 3667 3545 3739 πρὸς
3562 3666 3620 3718 τδ
3646 3663 3806 3717 ἀνόπιν

2245 3763 2448 3836 αὐτὴν,
2492 3763 2671 3819 καίτοι
2712 3762 2974 3835 σπαρτίον
3018 3763 3119 3834 ἤδη
3167 3759 3442 3817 λαϐοῦσαν
3472 3760 3533 3813 τδ
3564 3757 3804 3815 κόκκινον,

2247 3851 2662 3925 προεκθρὼσκει
2685 3853 2746 3922 τὸ
2777 3851 3053 3923 δεύτερον,
3082 3848 3173 3905 οἷά
3201 3867 3347 3914 τινος
3377 3847 3627 3921 φραγμοῦ
3650 3847 3805 3898 διακεε

2245 3930 2545 4010 κόμμένου,
2568 3935 2691 3995 εἶτα
2730 3940 2975 3994 κάτεισιν
3005 3940 3033 3993 ό
3071 3940 3311 4011 πρῶτος,
3359 3938 3584 4002 λοῖσθος.
3624 3935 3806 3988 Γένοιτο

2241 4028 2288 4083 δ’
2320 4028 2388 4084 ἂν
2431 4030 2527 4085 καὶ
2574 4029 2736 4085 τοῦτο
2780 4032 3009 4102 σημεῖον
3048 4031 3150 4085 οὐκ
3191 4030 3514 4101 ἀσυμφανὲς
3563 4030 3685 4100 ἡμῖν
3728 4022 3804 4078 τοῦ

2244 4122 2651 4193 προκεκλῆσθαι
2679 4123 2751 4179 τά
2779 4123 2905 4194 ἔθνη
2933 4123 3042 4178 τῶν
3070 4122 3133 4190 ἐξ
3174 4125 3411 4196 αἵματος
3458 4120 3683 4194 Ἰσραὴλ,
3727 4117 3804 4170 καὶ

2240 4209 2343 4281 τὴν
2366 4209 2464 4264 τοῦ
2486 4203 2836 4283 πρωτοτόκου
2860 4210 3018 4279 δόξαν
3047 4213 3186 4267 ἑλεῖν
3204 4216 3332 4279 τοὺς
3356 4215 3417 4268 ὲν
3444 4212 3679 4283 ὑστέροις
3702 4225 3806 4263 και·

2244 4304 2360 4375 ροῖς
2393 4302 2879 4375 ὲκτετιμημὲνους.
2922 4304 3155 4376 Ἕψεται
3176 4306 3231 4360 δὲ
3269 4306 3354 4360 ὅτι
3391 4306 3486 4360 καὶ
3519 4303 3691 4366 αὐτὸς,
3721 4299 3804 4352 οὐκ

2240 4392 2568 4465 ἀμφίλογον,
2588 4394 2689 4465 τὴν
2732 4394 2972 4466 Χριστοῦ
3016 4395 3210 4450 θυσίαν
3236 4395 3698 4466 καταδεξάμενος·
3733 4387 3804 4442 αῖ·

548 4478 756 4537 Christi
800 4481 1442 4556 sacrificium‘suscipiat.
1471 4484 1607 4540 Nam
1633 4488 1923 4544 coccinum
1954 4496 2039 4544 est
2060 4497 2141 4563 ty-

2251 4502 2420 4557 ματος
2443 4484 2555 4558 γὰρ
2578 4486 2674 4541 τοῦ
2718 4484 2876 4557 ᾶγίου
2902 4486 3074 4552 τύπος
3104 4487 3173 4543 ἂν
3206 4489 3291 4561 εῐη
3325 4489 3388 4543 τδ
3424 4488 3683 4543 κόκκινον.
3724 4479 3804 4541 Τίς

551 4584 657 4639 pus
679 4569 821 4626 sacri
853 4570 1153 4641 sanguinis.
1182 4571 1317 4640 Quis
1346 4574 1515 4646 igitur
1535 4584 1620 4631 est
1641 4576 1735 4647 qui
1775 4576 2140 4635 interstitium

552 4663 809 4717 macerie
843 4661 1174 4733 disrupit“,
1228 4672 1395 4735 atque
1444 4667 1502 4726 in
1553 4666 1735 4723 locum
1788 4670 2143 4742 primogeniti

553 4752 772 4809 vocavit
805 4753 1131 4822 secundum,
1180 4757 1487 4827 postposito
1518 4758 1741 4828 primo?
1783 4759 1984 4817 Annon
2028 4778 2146 4818 ma-

554 4844 816 4900 nifestum
868 4851 954 4900 est
1006 4844 1152 4917 quod
1203 4844 1459 4903 Christus
1494 4845 1705 4903 Iesus?
1738 4864 1838 4920 per
1872 4865 2036 4920 quem
2085 4861 2143 4908 et

553 4948 681 4989 cum
710 4950 822 5006 quo
849 4934 922 4990 sit
950 4934 1121 5006 gloria
1147 4935 1261 4992 Deo
1280 4952 1346 4992 ac
1374 4937 1522 4993 Patri
1548 4953 1676 4993 cum
1704 4936 1914 5010 Spiritu
1950 4950 2141 4997 sancto

552 5021 608 5077 in
638 5024 837 5080 saecula
860 5022 1207 5081 saeculorum.
1254 5023 1451 5079 Amen.

1084 5158 1270 5214 Adhuc
1283 5159 1349 5214 de
1366 5158 1607 5230 Josepho.

512 5312 515 5313 ν
628 5265 708 5321 Ad
748 5267 1018 5337 reliquam
1067 5270 1316 5327 historia:
1355 5279 1569 5342 partem
1597 5270 1665 5327 de
1697 5271 1959 5342 Josepho,
1984 5272 2143 5343 cujus

555 5358 714 5429 prius
749 5356 981 5414 fecimus
1006 5362 1365 5417 .mentionem
1388 5403 1403 5427 ,
1438 5363 1781 5420 redeundum
1826 5363 1991 5419 nobis
2034 5375 2137 5421 est.

512 5492 515 5497 .
559 5450 843 5522 Siquidem
868 5452 980 5523 jam
1003 5453 1073 5508 ad
1114 5453 1278 5510 ﬁnem
1323 5456 1575 5511 debitum
1613 5457 1883 5528 perducta
1922 5466 2007 5513 est
2051 5458 2144 5512 illa

510 5586 517 5593 .
556 5557 683 5618 qua
710 5542 943 5599 interim
973 5545 1177 5601 accidit
1215 5547 1283 5602 de
1312 5548 1550 5604 Thamar
1587 5559 1645 5604 et
1665 5549 1825 5605 Juda.
1855 5550 1991 5605 Nam
2017 5566 2143 5605 eum

561 5631 811 5687 divinum
843 5631 1044 5704 Ioseph
1085 5637 1527 5692 transtulerimus
1555 5638 1623 5693 ad
1655 5654 1950 5709 personam
1981 5637 2143 5695 Chri-

2243 4573 2339 4633 οὗν
2365 4579 2483 4651 ’ἄρα
2517 4579 2667 4636 ἐστὶν
2701 4582 2731 4635 ό
2757 4580 2819 4635 τδ
2851 4580 3169 4653 μεσότοιχον
3206 4581 3303 4636 τοῦ
3351 4578 3605 4655 φραγμοῦ
3637 4574 3800 4635 λύσας.

2244 4670 2339 4723 καὶ
2364 4671 2422 4722 ὲν
2444 4670 2597 4736 τάξει
2621 4672 2721 4744 μὲν
2742 4673 3091 4746 πρωτοτόκου
3127 4673 3418 4744 κεκληκὼς
3443 4674 3533 4728 τὸν
3555 4670 3799 4750 δεύτερον,

2247 4763 2479 4818 κατόπιν
2505 4763 2560 4818 δὲ
2593 4763 2709 4829 θεὶς
2733 4766 2827 4820 τὸν
2856 4765 3107 4836 πρῶτον;
3153 4767 3224 4820 Ἢ
3257 4767 3416 4838 δῆλον
3447 4767 3528 4820 ὅτι
3559 4760 3799 4836 Χριστός·

2248 4853 2315 4908 δι’
2363 4847 2426 4909 οὗ
2460 4854 2554 4909 καὶ
2591 4855 2711 4927 μεθ’
2750 4850 2813 4911 οὗ
2852 4858 2887 4931 ή
2929 4857 3058 4923 δόξα
3090 4855 3168 4929 τῷ
3213 4857 3332 4928 Θεῷ
3374 4858 3469 4912 καὶ
3515 4852 3679 4924 Πατρὶ
3721 4850 3800 4902 σὺν

2251 4947 2389 5018 ἁγίῳ
2415 4946 2691 5019 Πνεύματι
2719 4950 2800 5014 εἰς
2824 4950 2950 5016 τοὺς
2977 4951 3182 5016 αἰῶνας
3212 4949 3323 5005 τῶν
3358 4949 3588 5005 αἰώνων.
3631 4942 3797 5013 ’Λμήνο

2676 5166 2809 5221 Ἔτι
2852 5165 2985 5238 περὶ
3012 5167 3119 5224 τοῦ
3169 5167 3415 5239 Ἰωσήφ.

2333 5281 2455 5334 Ἐπὶ
2486 5281 2552 5335 τὰ
2576 5281 2738 5336 λοιπὰ
2771 5283 2878 5337 τῶν
2901 5283 3077 5352 λόγων
3104 5274 3369 5350 ίτέον,’ὧν
3395 5282 3496 5353 ήδη
3528 5276 3800 5349 φθάσαντας

2253 5374 2622 5445 πεποιήμεθα.
2656 5376 2905 5446 περὶτοῦ
2951 5377 3172 5449 Ἰωσήφο
3204 5376 3286 5439 εἰς
3310 5374 3463 5437 τέλος
3498 5372 3626 5443 ἡμῖν
3662 5358 3800 5437 ἡκού-

2253 5478 2354 5533 σης
2382 5462 2442 5516 τδ
2462 5464 2601 5535 αὐτῇ
2635 5465 2842 5536 πρέπον
2869 5466 2967 5538 ἤδη
3002 5466 3101 5536 τῆς
3133 5464 3337 5538 μεταξὺ
3369 5450 3798 5535 παρεισκεκριμέ-

2251 5568 2346 5622 νης
2367 5552 2626 5626 ἱστορίας,
2657 5554 2756 5624 τῆς
2788 5554 3029 5626 περὶτοῦ
3069 5556 3259 5621 Ἰούδα,
3294 5554 3470 5625 φημὶ,
3502 5548 3593 5606 καὶ
3642 5542 3798 5615 μέντοι

2252 5644 2347 5698 καὶ
2395 5645 2491 5715 τῆς
2532 5645 2748 5719 Θάμαρ.
2790 5648 3203 5713 Μεταϐαὶιόντες
3237 5647 3345 5719 γάρ
3382 5647 3461 5709 εἰς
3500 5643 3558 5696 τὸ
3592 5626 3796 5711 Χριστοῦ

573 5778 577 5782 ’
639 5784 703 5818 u-
734 5788 874 5844 p53],
912 5803 1050 5857 μιν,
1082 5791 1133 5846 3,
1216 5791 1258 5823 ³⁹
1289 5792 1391 5847 lsa.
1428 5806 1550 5857 xxv,
1576 5791 1666 5847 26.
1750 5791 1791 5823 ‘°
1816 5791 2018 5862 Ephcs.
2057 5811 2113 5861 ιι,
2153 5796 2235 5851 Η.
