4034 6452
193 379 291 441 3’11

1208 336 1741 432 GLAPuvnonnn
1786 376 1850 427 is
1891 342 2196 428 θεραπείῃ
2237 376 2369 428 ιω.
2415 376 2506 429 v1.

3415 379 3533 438 rm

196 497 509 570 πρόσωπον
538 494 632 549 τὸν
654 493 946 549 θεσπέσιον
988 460 1211 565 Ἰωσὴφ,
1232 492 1609 565 ὲμὸεὸλῆσθαι
1635 493 1735 564 μὲν
1762 494 1814 545 ὲν

1924 490 2019 557 sti,
2060 491 2376 562 conjectum
2402 489 2630 561 quidem
2674 490 2732 546 in
2785 491 2989 549 fossam
3022 510 3054 550 a
3084 494 3353 553 fratribus
3384 497 3532 555 dixi-

193 591 269 661 τῷ
298 588 508 658 λάκκῳ
557 586 714 659 παρά
760 585 874 639 τῶν
918 583 1169 653 ἀδελφῶν
1222 584 1506 657 ἐλέγομενσ
1550 586 1817 640 ἀνακεκοο

194 680 396 752 pictius
431 679 490 735 δὲ
521 675 590 734 αὖ
625 680 723 734 καὶ
748 677 1216 751 καταπεπράσθαι
1249 681 1363 743 τοῖς
1409 677 1813 748 Ἰσμαηλίταις,

191 776 241 831 οἱ
270 777 375 829 xa‘t
406 775 733 847 ἀρωμάτων
762 774 875 829 τῶν
906 773 1289 845 εὐοσμοτάτων
1316 771 1548 846 ἔμποροί
1588 789 1647 825 τε
1675 766 1818 843 ἦσαν

193 867 435 930 καὶτοῖς
462 867 571 920 οὐκ
595 866 784 939 ἔχουσι
813 864 1183 937 διακομισταί.
1231 865 1621 936 Ἀπενηνέχθαι
1651 881 1712 918 τε
1748 863 1817 917 δι’

198 957 429 1011 ὶκείνων
469 957 642 1011 αὐτὸν
685 958 768 1021 είς
812 955 914 1028 τὴν
954 956 1309 1025 Αἰγυπτίων,
1366 955 1702 1027 προσθέντες
1748 955 1820 1007 ει-

206 1048 481 1120 ρήκαμιν.
523 1046 605 1114 (1)
630 1046 757 1099 Ὅτι
784 1043 977 1109 καθεὶς
1001 1044 1194 1099 ἑαυτὸν
1215 1043 1296 1107 είς
1318 1042 1550 1096 κένωσιν
1574 1042 1602 1093 ό
1635 1042 1809 1114 Μονο-

201 1139 379 1210 γενὴς,
408 1140 512 1193 καὶ⁵
545 1140 605 1195 ἐν
635 1140 749 1203 τοῖς
777 1137 903 1192 καθ’
930 1139 1078 1209 ἡμᾶς
1108 1134 1369 1207 γεγονώςο
1387 1130 1812 1206 κεχρηματικὼς

199 1229 285 1283 καὶ
311 1228 560 1299 ἀδελφὸς
591 1233 710 1295 τοίς
732 1232 825 1285 ἐπὶ
852 1230 956 1303 τῆς
990 1230 1115 1303 γῆς,
1147 1232 1241 1285 καὶ
1273 1231 1378 1304 πρό
1406 1248 1470 1300 γε
1503 1231 1614 1287 τῶν
1640 1231 1818 1287 ἄλλων

194 1323 300 1384 τοῖς
335 1322 401 1388 ἔξ
427 1322 678 1394 Ἰσραὴλ,
712 1321 943 1378 θάνατον
975 1324 1260 1395 ὑπέμεινε,
1292 1325 1387 1378 καὶ
1416 1325 1612 1397 ἀνέτλη
1650 1342 1814 1380 στου.)⁶

193 1413 306 1483 ρον,
332 1413 711 1484 καταϐέϐηκέ
736 1432 798 1469 τε
826 1416 908 1480 είς
937 1415 1086 1488 ᾆδον,
1117 1408 1179 1469 οὗ
1212 1416 1306 1469 καὶ
1328 1417 1409 1481 είς
1441 1415 1611 1472 τύπον
1631 1418 1659 1470 ὁ
1686 1417 1820 1473 λάκ-

189 1521 302 1569 κος.
336 1506 502 1577 Πλὴν
528 1506 736 1560 ἀνεϐίω
766 1508 954 1570 πάλιν,
985 1508 1078 1561 καὶ
1104 1507 1215 1562 τῶν
1240 1507 1299 1574 ἐξ
1329 1507 1563 1580 αἵματος
1597 1509 1818 1582 Ἰσραὴλ

194 1598 636 1668 ἀπενοσφίζετο.
680 1599 906 1654 Δέδοται
955 1599 1015 1652 δὲ
1062 1599 1255 1672 ὥσπερ
1300 1604 1413 1665 τοῖς
1459 1600 1570 1655 τῶν
1610 1601 1817 1671 νοητῶν

189 1689 519 1763 ἀρωμάτων
550 1692 856 1762 ἐμπόροις,
885 1692 1170 1760 mortem;
1207 1695 1321 1756 τοῖς
1368 1693 1547 1763 ἁγίοις
1578 1694 1817 1748 ἀποστό-

187 1786 326 1849 λοις,
363 1785 418 1839 οἳ
467 1784 536 1839 τδ
584 1786 756 1840 αὑτοῦ
791 1784 967 1858 μῦρον
1008 1786 1423 1853 εὐωδιάζοντες,
1465 1789 1546 1852 είς
1583 1788 1685 1860 τὴν
1706 1787 1817 1843 τῶν

1923 598 2070 649 mus,
2101 582 2197 638 sed
2222 582 2428 638 iterum
2450 590 2764 639 extractum
2788 592 2845 640 et
2866 587 3154 643 venditum
3193 587 3492 646 Ismaelitis
3511 632 3528 655 ,

1923 675 2020 745 qui
2050 674 2571 731 odoratissimorum
2602 686 2915 735 aromatum
2954 690 3116 737 erant
3144 690 3487 740 mercatores
3512 725 3528 749 ,

1923 775 2091 837 atque
2131 767 2202 822 ad
2245 782 2344 823 eos
2369 807 2384 833 ,
2439 769 2535 838 qui
2580 769 2691 825 illis
2718 771 3017 840 carebant,
3053 776 3528 845 transportabant.

1924 859 2133 915 Deinde
2162 859 2345 929 ipsum
2376 875 2476 930 per
2518 860 2622 917 hos
2649 861 2954 919 abductum
2996 864 3054 920 in
3097 864 3393 939 [Egyptum
3427 869 3528 925 ad—

1924 948 2123 1007 dentes
2142 950 2560 1021 explicavimus.
2603 951 2745 1008 Cum
2796 955 2947 1010 enim
2987 956 3322 1029 Unigenitus
3347 961 3531 1017 demi-

1924 1040 2088 1096 sisset
2113 1041 2358 1112 seipsum
2383 1042 2441 1097 in
2471 1043 2905 1102 exinanitionem
2935 1049 3004 1114 “,
3048 1050 3328 1123 homoque
3350 1053 3532 1109 factus

1923 1140 2094 1200 esset,
2122 1150 2186 1189 ac
2213 1144 2447 1192 vocatus
2473 1136 2644 1193 frater
2666 1153 2862 1194 eorum
2887 1142 2985 1212 qui
3022 1143 3081 1198 in
3107 1145 3274 1200 terris
3298 1146 3528 1217 degunt,

1923 1240 2039 1295 prae
2066 1225 2191 1280 aliis
2214 1227 2479 1284 sustinuit
2519 1237 2754 1285 mortem
2780 1231 2852 1286 ab
2878 1232 3145 1289 Israelitis
3169 1235 3273 1305 ipsi
3298 1236 3528 1301 illatam,

1924 1330 2263 1387 crucemque
2298 1319 2566 1389 suscepit,
2591 1335 2657 1375 ac
2682 1320 2975 1377 descendit
3005 1323 3061 1379 in
3085 1324 3386 1392 infernum,
3429 1343 3531 1384 cu-

1918 1406 2011 1477 jus
2032 1416 2222 1479 typum
2240 1424 2353 1479 prae
2376 1425 2436 1465 se
2464 1409 2574 1465 fert
2603 1411 2775 1467 lacus.
2809 1412 3087 1471 Caeterum
3114 1417 3347 1485 revixit,
3377 1427 3436 1475 et
3459 1420 3532 1476 ab

1924 1500 1996 1556 iis
2021 1503 2116 1572 qui
2145 1502 2213 1558 de
2250 1505 2518 1576 sanguine
2560 1501 2725 1560 Israel
2769 1518 2949 1573 erant,
2986 1513 3240 1569 secessit.
3268 1514 3533 1570 Traditus

1925 1604 2112 1652 autem
2154 1605 2260 1665 est,
2295 1600 2454 1669 quasi
2488 1599 2862 1670 spiritualium
2907 1613 3220 1660 aromatum
3249 1616 3529 1664 mercato-

1927 1691 2106 1756 ribus,
2139 1691 2246 1747 hoc
2265 1700 2371 1758 est,
2396 1694 2606 1749 sanctis
2637 1693 2924 1763 apostolis,
2953 1696 3052 1766 qui
3074 1696 3251 1766 ipsius
3277 1715 3532 1770 unguen-

1925 1788 2043 1837 tum
2067 1783 2384 1840 redolentes
2406 1783 2462 1838 in
2479 1786 2730 1856 gentium
2757 1787 3041 1858 regionem
3071 1791 3530 1862 commigrarunt,

188 1877 361 1930 ἐθνῶν
399 1876 680 1946 ἀφίκοντο
714 1877 924 1949 χώραν,
955 1876 1044 1930 διὰ
1073 1875 1183 1935 τῶν
1207 1877 1581 1947 εὐαγγελικῶν
1611 1895 1814 1950 κηρυγ-

1922 1890 2023 1945 per
2036 1875 2353 1946 evangelica
2387 1878 2664 1947 praeconia
2690 1878 3078 1950 ignorantibus
3102 1897 3232 1937 eum
3262 1883 3359 1953 qui
3385 1884 3534 1939 servi

203 1970 391 2042 μάτων
426 1972 549 2033 τοῖς
583 1970 688 2024 οὐκ
721 1969 922 2023 εἰδόσιν
957 1970 1119 2025 αὑτὸν
1158 1969 1558 2041 ἀποφέροντες,
1593 1970 1693 2042 τὴν
1721 1969 1818 2024 τοῦ

198 2059 379 2114 δούλου
440 2060 673 2132 μορφὴν
723 2059 1131 2133 περικείμενον.
1191 2059 1551 2132 Κηρύσσεται
1592 2061 1703 2132 γὰρ
1749 2059 1818 2115 δι’

204 2154 344 2224 ημᾶς
366 2154 426 2206 ἐν
454 2153 637 2224 σαρκὶ
665 2151 932 2223 γεγονὼς,
958 2154 1054 2208 καὶ
1081 2154 1141 2208 ὲν
1169 2156 1236 2226 τῇ
1264 2152 1359 2208 τοῦ
1389 2153 1578 2208 δούλου
1610 2155 1817 2226 μορφῇ.

199 2245 381 2311 Τοῦτο,
404 2240 599 2317 οἶμαι,
632 2246 753 2299 ἐστὶ
782 2245 844 2299 τὸ
870 2245 1238 2319 ἀπενεχθῆναι
1266 2246 1359 2301 τὸν
1391 2246 1590 2318 Ἰωσὴφ
1606 2246 1694 2300 διὰ
1709 2247 1820 2313 τῶν

205 2338 581 2411 Ἰσμαηλιτῶν
609 2340 692 2404 είς
719 2339 1019 2409 Αἴγυπτον.
1052 2339 1117 2393 Τί
1140 2335 1234 2394 οὖν
1263 2339 1371 2411 ἄρα
1395 2339 1600 2410 συνέϐη
1622 2338 1820 2394 παθεῖν

190 2431 305 2483 ἐκεῖ
330 2446 433 2499 γεγ
447 2430 640 2494 ονὸτα,
678 2432 735 2485 τί
778 2430 835 2484 δὲ
866 2430 976 2485 ἔδει
1015 2431 1154 2503 πρὸς
1190 2433 1349 2486 τοῦτο
1379 2431 1577 2503 δράσαι
1600 2471 1615 2495 ,
1645 2448 1819 2486 κατα-

191 2523 442 2595 θρῶμεν,
478 2525 531 2578 ει
564 2523 735 2579 δοκεῖ.
784 2524 909 2579 Ἔτι
953 2524 1052 2595 μὲν
1078 2524 1206 2595 ,γὰρ
1237 2525 1356 2589 νέος
1391 2524 1467 2578 ὢν
1500 2525 1597 2582 καὶ
1627 2528 1687 2580 ὲν
1718 2528 1819 2597 ὲφ-

187 2616 341 2688 ηϐοις
374 2616 592 2682 τελῶν,
625 2617 785 2672 ἐνίκα
800 2617 904 2689 τῆς
924 2618 1232 2688 Αἰγυπτίας
1261 2619 1322 2672 τὸ
1353 2620 1602 2689 ἀσελγὲς,
1631 2638 1822 2692 μονον-

186 2710 302 2782 ουχὶ
334 2711 439 2765 καὶ
475 2711 583 2766 σὺν
615 2709 708 2784 βίᾳ
733 2710 905 2783 πολλῇ
942 2711 1359 2783 κατωθούμενος
1382 2713 1464 2777 εἴς
1493 2731 1557 2784 γε
1585 2715 1644 2768 τὸ
1666 2714 1821 2786 Θελῆ-

185 2821 273 2858 σαι
308 2805 458 2878 δρᾷν
484 2804 524 2860 ἃ.
555 2805 633 2876 μὴ
662 2805 843 2877 θέμις.
882 2807 944 2861 Ἡ
970 2805 1070 2877 μὲν
1096 2806 1205 2878 γὰρ
1230 2806 1435 2876 ἐξῆπτο
1451 2808 1561 2862 τῶν
1588 2808 1819 2880 ἱματίων

184 2896 351 2967 ἀπρίξ
388 2914 465 2950 τε
506 2897 608 2950 καὶ
637 2896 895 2965 ἀναιδῶς,
928 2897 1020 2953 καὶ
1050 2899 1132 2961 είς
1178 2898 1503 2970 ἀνεθέλητον
1541 2899 1821 2970 ἁμαρτίαν

183 2991 241 3043 οὐ
281 2991 546 3064 μετρίως
583 2990 965 3055 κατεϐιάζετο.
1017 2991 1077 3045 '0
1112 2990 1170 3045 δὲ
1213 2992 1308 3045 καὶ
1341 2991 1475 3046 αὐτὸ
1508 2991 1571 3046 τὸ
1605 2992 1819 3063 ἱμάτιον

181 3086 365 3155 ἀφεὶς,
408 3083 728 3156 μαχλώσης
754 3085 956 3156 ἀγρίας
994 3083 1393 3157 ἀπηλλάττετο,
1414 3084 1511 3153 καὶ
1541 3085 1819 3146 ἀνάλωτος

177 3172 245 3250 ἦν
286 3177 368 3250 τῷ
405 3177 612 3235 πάθει.
665 3177 1152 3249 Σεσυκοφάντηται
1175 3179 1233 3233 δὲ
1270 3178 1413 3250 μετά
1442 3178 1624 3247 τοῦτο,
1657 3196 1811 3251 περι-

1922 1966 2156 2023 formam
2187 1970 2437 2039 accepit,
2462 1970 2783 2028 offerentes.
2819 1973 3166 2030 Pmdicatur
3206 1975 3359 2030 enim
3405 1990 3537 2047 pro-

1921 2069 2047 2132 pter
2074 2077 2180 2117 nos
2212 2064 2375 2133 202
2399 2063 2619 2121 venisse
2660 2066 2720 2121 in
2762 2082 2963 2134 carne,
2996 2068 3348 2141 formamque
3378 2072 3530 2127 servi

1916 2155 2222 2226 accepisse.
2245 2156 2328 2222 ld,
2355 2156 2622 2225 arbitror,
2638 2167 2724 2215 est
2749 2159 2900 2230 quod
2921 2160 3124 2231 Josepb
3143 2163 3217 2218 sit
3236 2163 3306 2218 ab
3324 2163 3533 2220 Ismae-

1911 2245 2037 2321 litis
2063 2246 2122 2301 in
2148 2246 2448 2319 (Egyptum
2486 2248 2799 2305 traductus.
2826 2248 2973 2317 Quid
2997 2251 3167 2322 igitur
3187 2251 3241 2308 ei
3275 2252 3372 2308 ubi
3400 2254 3534 2311 illuc

1908 2339 2186 2406 _venisset,
2220 2340 2511 2407 acciderit,
2535 2330 2635 2396 aut
2657 2342 2795 2412 quid
2821 2342 2893 2397 ad
2917 2343 3024 2399 hoc
3050 2340 3372 2401 faciendum
3402 2344 3529 2411 fuit,

1921 2430 2364 2497 consideremus,
2393 2431 2440 2487 si
2468 2432 2709 2487 videtur.
2737 2432 2878 2489 Cum
2915 2435 3066 2490 enim
3097 2434 3282 2491 adhuc
3313 2437 3535 2507 juvenis

1925 2529 1984 2576 et
2016 2522 2074 2577 in
2092 2523 2328 2594 ephebis
2364 2531 2532 2590 esset,
2565 2522 2835 2597 Egyptiae
2882 2514 3138 2582 mulieris
3167 2527 3532 2598 petulantiam

1923 2617 2230 2688 superavit,
2276 2617 2495 2673 etiamsi
2527 2634 2723 2689 magna
2773 2618 2828 2674 vi
2867 2620 3282 2690 propellebatur
3328 2622 3397 2677 ad
3454 2622 3531 2688 id,

1923 2708 2073 2779 quod
2107 2708 2191 2765 fas
2216 2725 2328 2764 non
2360 2716 2467 2777 est,
2501 2711 2984 2767 committendum.
3013 2712 3151 2767 Nam
3186 2713 3307 2769 haec
3330 2714 3536 2771 mulier

1923 2804 2201 2860 consertis
2231 2805 2492 2861 manibus
2532 2805 2889 2876 impudenter
2924 2806 3002 2861 illi
3031 2815 3244 2863 vestem
3269 2807 3530 2874 detraxit,

1922 2905 2091 2966 atque
2119 2895 2260 2952 adeo
2307 2897 2549 2952 invitum
2590 2898 2660 2953 ad
2709 2898 3055 2968 peccandum
3112 2899 3395 2970 adigebat.
3434 2900 3532 2956 Ille

1920 3002 2055 3042 vero
2089 2987 2287 3044 relicto
2308 2988 2478 3058 pallio
2507 2987 2813 3059 effugiebat
2839 3004 2870 3044 a
2897 3004 3102 3045 vesana
3120 2991 3378 3046 mulieris
3401 2992 3532 3047 libi-

1912 3078 2073 3146 dine,
2104 3095 2287 3151 neque
2326 3086 2547 3151 poterat
2569 3080 2679 3135 ulla
2725 3079 2820 3135 tali
2858 3079 3158 3137 affectione
3201 3084 3530 3153 expugnari.

1920 3173 2232 3228 Accusatus
2263 3188 2399 3228 vero
2432 3172 2636 3228 deinde
2678 3179 2764 3228 est
2809 3173 2916 3228 hac
2944 3172 3013 3229 de
3058 3189 3248 3239 causa,
3296 3176 3532 3231 muliere

179 3272 499 3341 τρέποντες
529 3269 616 3332 εἰς
658 3268 824 3322 αὑτὸν
853 3267 947 3323 τοῦ
981 3268 1206 3338 γυναίου
1244 3269 1312 3323 τὰ
1340 3269 1703 3341 ἐγκλήματα,
1752 3272 1812 3325 ἐν

1919 3264 2135 3335 culpam
2168 3265 2226 3319 in
2270 3264 2456 3335 ipsum
2504 3273 2884 3335 retorquente.
2937 3265 3062 3336 Ipse
3101 3274 3287 3321 autem
3332 3265 3391 3321 in
3440 3266 3532 3321 illa

179 3358 389 3423 αίτίαρς
431 3358 808 3430 αἱσχρότητος
854 3358 885 3411 ό
925 3356 1159 3428 σώφρων
1188 3374 1248 3410 τε
1293 3357 1389 3411 καὶ
1429 3356 1814 3429 φιλελεύθερος

178 3445 266 3525 ἦν.
300 3450 469 3524 Πλὴν
504 3450 734 3522 ἐκράτει
764 3450 864 3505 τοῦ
895 3449 1301 3521 δεσμωτηρίου,
1334 3449 1489 3520 φησί.
1530 3449 1725 3519 Γέγονε
1758 3450 1814 3503 δὲ

179 3544 273 3597 καὶ
304 3547 366 3596 ὲν
394 3544 525 3606 τοῖς
555 3540 772 3595 ἔθνεσιν
800 3541 829 3593 ὁ
858 3539 1116 3612 Χριστὸς,
1137 3540 1212 3605 ὡς
1239 3540 1298 3594 ὲν
1320 3538 1621 3612 προσώπῳ,
1643 3542 1812 3611 φημὶ,

180 3635 285 3688 τῶν
325 3633 517 3703 ἁγίων
566 3631 924 3696 ἀποστόλων,
957 3632 1007 3686 οἳ
1058 3630 1153 3686 καὶ
1198 3630 1268 3685 τὰ
1317 3630 1595 3705 στίγματα
1645 3631 1812 3686 αὐτοῦ

183 3728 524 3801 περιφέρειν
560 3724 801 3795 ἔφασκον
825 3726 880 3779 ἐν
914 3725 1028 3796 ἰδίῳ
1058 3723 1293 3795 σώματι.
1328 3724 1681 3798 Παρῃτοῦντο
1714 3725 1812 3796 μὲν

181 3821 291 3892 γὰρ
323 3816 861 3891 συσχηματίξεσθαι
892 3820 1006 3880 τοῖς
1034 3816 1104 3871 τὰ
1130 3818 1188 3870 ἐν
1223 3816 1417 3886 κόσμῳ
1448 3819 1666 3888 φρονεῖν
1698 3816 1815 3870 ἐλο-

186 3912 393 3983 μένοις,
446 3910 734 3964 ἀπωτάτω
756 3908 813 3962 δὲ
845 3904 985 3980 ἦσαν
1017 3906 1299 3979 σαρκικῶν
1332 3906 1662 3979 ἐπιθυμιῶν.
1689 3908 1813 3961 Τοι-

183 4004 367 4057 ουτοσὶ
388 4002 518 4073 γὰρ
543 4001 633 4055 ἀεὶ
655 4001 685 4053 ὁ
703 4000 815 4055 τῶν
842 3999 1013 4068 ἁγίων
1042 3998 1176 4071 βίος.
1220 3997 1361 4052 Ἀλλ’
1389 3999 1814 4054 ἐπεϐουλεύοντο

182 4094 268 4151 διά
304 4095 520 4160 τοῦτο,
561 4094 660 4149 καὶ
697 4093 762 4165 δὴ
814 4093 910 4147 καὶ
959 4091 1463 4164 συκοφαντούμενοι
1509 4094 1662 4165 παρὰ
1704 4093 1812 4146 τῶν

184 4188 470 4243 είωθότων
513 4165 776 4256 ἡγεῖσθαι
824 4184 1121 4255 φορτικοὺς
1165 4181 1297 4246 τοὺς
1339 4183 1399 4235 ἐν
1440 4182 1665 4254 Χριστῷ
1711 4181 1812 4254 ζῇν

183 4283 525 4346 ἐθέλοντας,
590 4278 925 4351 πειρασμοῖς
981 4273 1479 4346 περιπεπτώκασι,
1531 4273 1810 4351 δεσμῶται

183 4376 474 4448 γεγόνασι.
504 4374 659 4450 Πλὴν
688 4375 1001 4448 ἐμέμνηντο
1029 4371 1267 4446 Χριστοῦ
1297 4373 1567 4443 λέγοντος*
1605 4368 1630 4422 ι’
1652 4370 1716 4424 Εἰ
1735 4371 1802 4424 ὲκ

182 4468 275 4523 τοῦ
314 4470 542 4541 κόσμου
573 4464 696 4539 ἦτε,
730 4468 758 4520 ὁ
791 4467 996 4538 κόσμος
1034 4466 1099 4520 ἂν
1128 4465 1190 4520 τὸ
1231 4463 1363 4518 [διον
1393 4463 1588 4533 ὲφίλει·
1612 4461 1800 4534 ἐπειδὴ

182 4560 238 4614 δὲ
273 4565 339 4616 ἐκ
377 4559 484 4615 τοῦ
519 4560 730 4628 κόσμου
768 4559 870 4612 οὐκ
902 4557 1057 4621 ἐστὲ,
1094 4557 1183 4610 διὰ
1213 4554 1372 4610 τοῦτο
1414 4556 1564 4625 μισεῖ
1596 4554 1741 4626 ὑμᾶς
1772 4554 1802 4607 ὁ

183 4611 440 4722 ἐλάιλόξῖ
462 4611 497 4702 -ι
520 4611 780 4718 καθάπερ
800 4646 994 4718 ἀμέλει
1017 4611 1108 4699 καὶ
1128 4643 1222 4698 τὸν
1257 4611 1455 4716 Ἰωσὴφ
1482 4646 1515 4716 ὴ
1544 4611 1811 4718 μαγλῶσα
1841 4611 1887 4667 D

185 4745 344 4816 γυνή.
393 4743 557 4814 Πλὴν
589 4742 687 4796 καὶ
730 4743 788 4794 ὲν
837 4739 1025 4803 αὐτοῖς
1057 4737 1424 4793 ὲπλατύνοντο
1455 4740 1568 4802 τοῖς
1602 4738 1809 4802 πόνοις,

187 4834 283 4906 τῆς
314 4835 419 4890 τοῦ
457 4833 601 4888 Θεοῦ
647 4833 875 4907 χάριτος
915 4831 1301 4911 ἐξημεροὺσης
1341 4831 1572 4898 αὐτοὺς,
1617 4830 1711 4897 οὒς
1742 4827 1810 4903 ἦν

192 4931 434 5001 μάλιστα
487 4927 846 4999 διαπονήσειν
896 4926 1065 4991 εἰκός.
1123 4924 1492 4995 Ἐπεγάννυτο
1537 4925 1682 4997 γὰρ,
1734 4925 1811 4991 ὡς

189 5018 413 5097 εφηῆσδ
449 5018 811 5093 δεσμοφύλαξ
848 5016 931 5091 τῷ
969 5018 1194 5090 Ἰωσήφ.
1226 5013 1362 5071 Εἶτα
1392 5016 1499 5071 τῶν
1538 5014 1813 5089 εὐνούχων

189 5112 283 5169 τοῦ
304 5112 526 5188 Φαραὼ
546 5156 560 5181 ,
589 5111 686 5167 τοῦ
722 5129 781 5166 τε
812 5110 1076 5183 οἰνοχόου,
1107 5110 1277 5182 φημὶ,
1320 5109 1416 5163 καὶ
1450 5108 1680 5182 προσέτι
1714 5108 1808 5164 τοῦ

195 5206 504 5274 σιτοποιοῦ,
535 5206 873 5277 δεδεμένων,
904 5204 1154 5274 διεσάφει
1184 5204 1253 5258 τὰ
1275 5203 1551 5272 ὀνείρατα.
1581 5203 1694 5258 Καὶ
1722 5202 1815 5259 διὰ

194 5302 375 5372 τοῦτο,
405 5303 572 5375 φησι,
598 5302 628 5355 ό
657 5297 946 5364 θεσπέσιος
987 5299 1190 5371 Ἰωσὴφ
1217 5298 1278 5352 οὐ
1310 5298 1545 5370 μετρίως
1570 5295 1813 5370 ἐθαυμά-

199 5392 319 5457 ζετο
342 5412 359 5428 ο
390 5389 857 5455 ὲνυπνιασθέντος
880 5390 937 5444 δὲ
966 5389 1061 5446 καὶ
1090 5386 1256 5445 αὐτοῦ
1285 5386 1380 5443 τοῦ
1402 5385 1604 5461 Φαραὼ
1624 5389 1725 5460 τήν
1750 5404 1821 5445 τε

199 5485 466 5557 ἐσομένην
495 5485 598 5539 οὐκ
627 5486 708 5548 εἰς
742 5482 965 5555 μακρὰν
996 5481 1307 5554 εὐκαρπίαν
1355 5482 1445 5535 καὶ
1470 5481 1562 5535 τὸν
1599 5482 1664 5534 ἔκ
1715 5476 1810 5534 τοῦ

198 5577 358 5650 λιμοῦ
386 5579 552 5634 πόνον
572 5619 587 5645 ,
626 5577 703 5642 ὡς
737 5580 796 5632 ὲν
837 5576 994 5649 βουσῖ⁵
1030 5579 1128 5650 μὲν
1163 5578 1427 5649 πρότερον
1454 5574 1602 5628 πίοσί
1632 5592 1689 5628 τε
1718 5576 1813 5630 καὶ

202 5667 450 5746 ισχναῖς,
479 5671 557 5735 ὡς
587 5672 648 5724 ὲν
677 5670 948 5742 ἁστάχυσι
979 5669 1036 5723 δὲ
1069 5669 1209 5741 μετά
1243 5668 1402 5722 τοῦτο
1437 5666 1773 5734 τεθεαμένου
1797 5684 1808 5697 ·

1920 3355 2286 3427 turpitudinis
2317 3357 2671 3412 accusatione
2720 3372 2995 3412 summam
3039 3355 3367 3412 modestiam
3411 3371 3532 3412 ma-

1919 3448 2449 3521 gnanimitatemque
2478 3464 2596 3519 prae
2637 3464 2696 3504 se
2742 3449 2890 3504 tulit.
2923 3447 3202 3504 Caeterum
3233 3449 3290 3503 in
3340 3464 3533 3505 carce-

1918 3557 2038 3597 rem
2080 3542 2368 3612 conjectus
2411 3540 2520 3597 fuit
2545 3542 2611 3594 “.
2658 3542 2832 3596 Porro
2855 3539 3120 3596 Christus
3159 3540 3330 3596 etiam
3380 3540 3531 3596 inter

1917 3641 2111 3711 gentes
2143 3633 2268 3701 fuit,
2312 3634 2581 3689 nimirum
2614 3634 2784 3689 veluti
2824 3633 2881 3689 in
2920 3618 3162 3704 persbna
3204 3643 3526 3691 sanctorum

1917 3708 2316 3800 apostolorum,
2345 3727 2442 3798 qui
2478 3735 2535 3782 et
2568 3727 2691 3799 ejus
2727 3725 3022 3783 cicatrices
3073 3726 3442 3786 circumferre
3471 3729 3529 3785 in
3595 3762 3601 3765 -

1917 3802 2021 3895 suo
2050 3821 2300 3892 ipsorum
2346 3835 2583 3890 corpore
2611 3819 3014 3890 praedicabant.
3055 3820 3334 3877 Nolebant
3372 3824 3527 3880 enim

1918 3930 1978 3981 se
2001 3914 2428 3970 accommodare
2442 3914 2574 3982 illis,
2591 3915 2687 3985 qui
2712 3914 2991 3970 mundana
3005 3924 3282 3986 saperent,
3300 3918 3397 3973 sed
3410 3919 3532 3974 lon-

1915 4008 2139 4081 gissime
2169 4008 2452 4063 aberanta
2473 4008 2793 4063 carnalibus
2834 4009 3325 4080 concupiscentiis.
3363 4009 3531 4083 Ejus-

1916 4100 2068 4156 modi
2106 4100 2257 4174 cnim
2292 4115 2512 4170 semper
2554 4108 2643 4154 est
2697 4108 3019 4155 sanctorum
3075 4101 3209 4157 vita.
3252 4100 3529 4158 Caeterum

1915 4178 2060 4259 hanc
2080 4192 2159 4248 ob
2181 4207 2300 4248 rem
2330 4191 2546 4247 insidiae
2571 4192 2655 4247 eis
2685 4191 3080 4258 tendebantur,
3116 4194 3529 4266 calumniisque

1915 4284 2164 4355 oppressi
2186 4283 2256 4339 ab
2273 4283 2415 4351 istis,
2442 4283 2536 4354 qui
2561 4294 2975 4340 consueverunt
2997 4284 3313 4343 Christiane
3335 4287 3530 4357 vivere

1912 4379 2164 4435 volentes
2189 4372 2397 4433 habere
2429 4392 2531 4447 pro
2575 4377 2912 4442 maledictis,
2943 4378 3002 4433 in
3029 4379 3368 4435 tentationes
3398 4396 3527 4451 gra-

1913 4469 2169 4526 vissimas
2208 4469 2531 4531 inciderunt
2584 4467 2904 4539 captivique
2926 4467 3080 4525 ducti
3119 4479 3268 4525 sunt.
3306 4470 3415 4527 Sed
3443 4479 3527 4533 ta-.

1916 4576 2047 4625 men
2078 4576 2301 4632 semper
2325 4559 2596 4616 memoria
2634 4558 2907 4616 tenebant
2939 4569 2999 4616 et
3043 4576 3156 4631 prae
3187 4562 3371 4618 oculis
3390 4563 3526 4618 illud

1915 4651 2125 4710 Christi
2154 4669 2168 4706 :
2205 4671 2223 4703 ι
2254 4650 2312 4707 Si
2336 4667 2414 4721 ex
2439 4649 2650 4706 mundo
2670 4650 2888 4718 essetis,
2928 4652 3170 4708 mundus
3193 4653 3342 4725 quod
3363 4670 3527 4710 suum

1910 4754 1998 4801 est
2018 4742 2295 4816 diligeret.
2328 4742 2606 4811 Quoniam
2641 4751 2827 4799 autem
2863 4759 2976 4800 non
3017 4745 3154 4800 estis
3174 4744 3244 4802 dc
3281 4745 3527 4814 mundo,

1913 4840 2124 4895 idcirco
2160 4854 2263 4893 vos
2298 4837 2544 4893 mundus
2572 4837 2704 4893 odio
2732 4840 3174 4909 prosequitur”;
3206 4859 3224 4891 ι
3268 4840 3414 4901 sicut
3440 4854 3529 4897 re-

1912 4916 2043 4989 vera
2086 4939 2144 4987 et
2190 4931 2493 5001 Josephum
2534 4931 2640 4986 ista
2689 4930 2987 4987 libidinosa
3040 4933 3260 4987 mulier.
3292 4934 3533 4989 Verum,

1913 5025 2205 5081 enimvero
2270 5023 2439 5079 etiam
2509 5024 2565 5079 in
2607 5023 2742 5094 ipsis
2780 5023 3070 5081 laboribus
3125 5025 3533 5093 dilatabantur,

1918 5117 2094 5189 gratia
2134 5117 2233 5172 Dei
2260 5116 2580 5173 emolliente
2609 5131 2740 5183 eos,
2784 5132 2927 5186 quos
2969 5133 3070 5188 par
3100 5126 3225 5173 erat
3252 5119 3520 5175 maximo-

1921 5224 2052 5285 pere
2097 5209 2373 5265 laborare.
2404 5208 2724 5265 Laetabatur
2752 5209 2904 5265 enim
2937 5218 3127 5266 custos
3156 5211 3404 5267 carceris
3423 5253 3437 5277 ,
3466 5224 3537 5285 ut

1920 5286 2243 5372 dixi,super
2261 5299 2527 5375 Josepho.
2548 5298 2760 5356 Deinde
2786 5300 3097 5358 enuntiavit
3108 5303 3330 5387 somnia
3351 5319 3529 5381 eunu-

1921 5392 2153 5448 chorum
2177 5391 2484 5447 Pharaonis
2501 5432 2515 5456 ,
2539 5390 2850 5461 pincernae,
2898 5393 3122 5465 inquam
3146 5436 3160 5461 ,
3197 5405 3253 5451 ct
3275 5397 3529 5468 pistoris,

1922 5482 2021 5554 Qui
2039 5481 2213 5536 vincti
2251 5491 2433 5537 erant.
2470 5481 2588 5549 Qua
2614 5482 2684 5538 de
2714 5500 2881 5542 causa
2915 5486 3140 5543 divinus
3156 5487 3396 5560 Ioseph,
3427 5492 3525 5555 ait,

1921 5576 1979 5631 in
2015 5590 2231 5631 summa
2256 5583 2379 5630 erat
2405 5575 2797 5633 admiratione.
2839 5579 2980 5636 Cum
3004 5590 3189 5637 autem
3214 5583 3384 5639 etiam
3405 5583 3526 5655 ipse

1922 5669 2136 5724 Pharao
2163 5667 2495 5725 somniasset
2527 5658 2770 5726 futuram
2806 5689 2916 5728 non
2943 5674 3119 5729 multo
3155 5683 3281 5746 post
3327 5675 3526 5747 iugem

304 5816 351 5846 ³⁸
378 5815 611 5889 Philipp.
652 5832 715 5881 ιι,
741 5816 793 5870 7.
867 5816 911 5848 ⁸³
942 5813 1078 5870 Gen.
1120 5826 1309 5876 χχχιι,
1349 5810 1503 5867 1-25.
1581 5810 1628 5843 ⁵³
1651 5808 1813 5867 Joan.
1856 5826 1945 5877 xv,
1980 5812 2066 5867 l9.

307 5908 387 5971 (ι)
424 5892 611 5966 Codex
642 5907 961 5963 llarheanus
983 5906 1129 5962 addit
1168 5923 1182 5959 :
1214 5899 1344 5959 Εῐτα
1372 5904 1453 5958 ὅτι
1482 5902 1612 5958 ποτέ
1646 5904 1761 5959 ἔστι
1787 5921 1814 5959 τ

1919 5904 2068 5960 ιιόνδε
2102 5904 2177 5959 διε
2188 5922 2357 5977 ρμηνε
2368 5905 2552 5972 ύοντες
2586 5905 2961 5972 ἐδιδάσκομεν.
