4034 6462
552 376 667 433 ’3ὶῦ

1583 368 1640 423 s.
1682 363 1960 423 mnu.”
2002 361 2475 420 ALEXANDRINI
2514 326 2837 427 Auernae.

3737 369 3830 435 $25

563 507 671 552 tem
737 492 1087 551 sterilitatem
1140 499 1196 543 (ι
1244 491 1513 561 insignem
1564 501 1631 540 ex
1686 485 1831 541 fame
1880 484 2153 548 laborem,

2264 483 2370 537 τῶν
2406 501 2466 538 τε
2520 487 2578 540 ἐν
2619 487 2886 561 Αἰγύπτῳ
2928 488 3113 559 σοφῶν
3146 491 3302 545 οὐδὲν
3363 490 3594 562 ἐχόντων
3644 495 3827 565 εἰπεῖν,

562 601 719 658 pnus
763 584 991 655 quidem
1035 580 1096 638 in
1151 584 1330 637 bobus
1375 579 1674 651 pinguibus
1705 586 1765 632 et
1808 574 2153 641 maeilentis,

563 688 753 753 postea
780 694 916 735 vero
940 688 990 733 et
1025 678 1077 732 in
1121 676 1291 746 spicis
1324 673 1600 745 ejusmodi
1630 672 1901 740 vidisset;
1932 671 2157 742 sapien-

564 771 714 827 tibus
746 770 971 826 interim
999 766 1220 839 Egypti
1269 765 1407 820 nihil
1452 764 1770 819 valentibus
1797 763 2006 828 dicere,
2036 762 2157 833 pla-

563 877 741 933 neque
770 860 1199 932 desperantibus
1218 857 1286 912 de
1307 871 1505 912 eorum
1533 871 1657 926 quae
1679 870 1779 926 per
1801 855 2017 911 somnia
2042 854 2161 909 haec

563 964 827 1009 eventura
886 950 1365 1024 significabantur,
1412 946 1789 1004 declarationc
1835 946 2160 1018 praeclarum

562 1048 667 1119 ipsi
689 1047 965 1102 tributum
994 1054 1082 1101 est
1103 1046 1513 1109 testimonium,
1538 1041 1685 1112 quod
1720 1040 1934 1096 scilicet
1961 1039 2044 1094 eis
2062 1055 2161 1094 ex-

562 1139 833 1209 plicandis
858 1154 956 1209 par
986 1146 1152 1192 esset.
1180 1136 1342 1206 203
1363 1133 1865 1206 Aggressusitaquc
1882 1130 2160 1201 patefacit.

561 1227 881 1282 Admiratus
907 1227 1096 1296 itaque
1115 1226 1351 1287 Pharao.
1381 1225 1819 1294 dispensatorem
1841 1229 2005 1291 atque
2027 1220 2165 1276 adeo

561 1319 869 1392 principem
895 1319 1067 1373 totius
1087 1319 1243 1388 regni
1265 1316 1349 1371 sui
1373 1332 1499 1371 eum
1528 1314 1822 1371 constituit
1845 1313 1907 1365 ”.
1936 1314 2074 1368 Nam
2107 1321 2165 1368 et

556 1411 851 1476 Christus,
885 1419 945 1465 ut
986 1411 1152 1465 modo
1176 1410 1310 1475 dixi,
1359 1408 1805 1481 persecutionem
1848 1407 2166 1477 patiebatur

560 1503 723 1575 quasi
758 1504 816 1558 in
851 1518 1089 1574 persona
1139 1502 1540 1572 apostolorum.
1580 1499 1689 1555 Sed
1735 1499 1838 1563 illi,
1864 1497 1933 1553 de
1963 1498 2167 1568 quibus

564 1612 715 1651 nunc
767 1604 853 1650 est
890 1609 1103 1659 sermo,
1139 1608 1264 1648 cum
1324 1592 1382 1646 in
1433 1591 1572 1662 ipsis
1618 1590 2016 1647 afﬂictionibus
2047 1601 2167 1647 tan-

560 1704 732 1763 quam
781 1688 942 1743 valde
996 1687 1277 1758 sapientes
1321 1686 1613 1758 potuerint
1664 1686 1922 1741 abstrusa
1976 1684 2167 1741 multis

562 1800 791 1851 eruere,
819 1782 1100 1837 manifesti
1136 1781 1455 1852 cognitique
1498 1779 1627 1835 facti
1660 1788 1792 1835 sunt
1832 1779 2164 1851 quibusdam

563 1877 622 1933 in
668 1875 946 1933 mundana
976 1880 1251 1946 potestate
1281 1873 1620 1939 constitutis,
1655 1880 1821 1944 atque
1849 1872 1990 1928 adeo
2029 1873 2166 1943 ipsis

563 1969 789 2039 rcgihus
813 1975 996 2031 terrae,
1032 1967 1130 2036 qui
1147 1965 1439 2021 credentes
1471 1980 1570 2021 eos
1602 1964 1813 2020 habere
1848 1965 2164 2021 futurorum

561 2059 851 2116 scientiam
868 2074 938 2113 ex
958 2058 1056 2113 Dei
1081 2057 1419 2113 revelatione
1440 2057 1512 2111 in'
1529 2057 1751 2128 spiritu,
1770 2066 2168 2114 concesserunt

560 2152 700 2224 ipsis
733 2148 1275 2206 administrationem
1302 2156 1360 2204 et
1384 2148 1758 2221 principatum
1786 2150 2066 2222 gentium,
2104 2158 2169 2206 ut

561 2243 779 2301 scilicet
797 2243 1202 2299 distribuerent
1228 2241 1614 2297 laborantibus
1655 2241 1801 2297 fame
1827 2242 2163 2310 doctrinam,

562 2352 687 2409 quae
710 2336 778 2391 ad
822 2335 1193 2392 immortalem
1216 2335 1388 2390 vitam
1410 2341 1704 2399 sustentat,
1740 2335 1849 2390 hoc
1886 2343 1992 2401 est,
2025 2334 2167 2393 divi-

560 2445 699 2487 num
744 2445 809 2485 ac
849 2420 1132 2485 caelestem
1183 2442 1531 2492 sermonem,
1583 2426 2049 2499 disciplinamque
2094 2428 2163 2485 ad

561 2523 775 2595 optima
829 2535 1063 2592 qumque
1107 2518 1498 2574 deducentem.
1546 2517 1612 2573 Hi
1649 2518 2032 2590 acquisierunt
2079 2522 2166 2593 (ac

561 2615 749 2685 potius
771 2628 871 2684 per
897 2613 1046 2683 ipsos
1075 2609 1354 2678 Christus)
1386 2610 1500 2665 Deo
1528 2624 1593 2665 ac
1622 2610 1773 2665 Patri
1802 2612 2048 2683 gentium
2073 2630 2163 2669 re-

562 2704 805 2776 gionem,
849 2701 1319 2773 quemadmodum
1352 2709 1410 2756 et
1435 2700 1640 2771 Joseph
1688 2702 1983 2773 acquisivit
2018 2705 2163 2762 Pha-

561 2797 720 2851 raoni
746 2794 1061 2867 Egyptum.
1085 2793 1189 2851 Cui
1212 2794 1381 2849 etiam
1406 2793 1635 2848 fuerunt
1665 2793 1763 2849 ﬁlii
1786 2796 1917 2862 duo,
1946 2797 2164 2855 Manas-

561 2907 653 2948 ses
677 2900 733 2946 et
762 2890 1051 2961 Ephraim,
1081 2903 1150 2943 ex
1168 2895 1343 2942 matre
1377 2886 1619 2942 Aseneth
1653 2887 1974 2960 Putipharis
2016 2890 2126 2947 filia
2146 2934 2163 2960 ,

562 2983 657 3054 qui
696 2991 817 3037 erat
845 2980 1126 3036 sacerdos.
1160 2979 1228 3033 Et
1256 2979 1558 3050 exponitur
1590 2981 1816 3051 quidem
1850 2982 2161 3051 Manasses,

562 3077 755 3131 oblivio
779 3074 1055 3130 malorum
1099 3089 1219 3145 qua:
1253 3071 1560 3127 acciderunt
1578 3090 1596 3138 ;
1626 3073 1887 3143 Ephraim
1926 3091 2060 3131 vero
2085 3077 2164 3132 si-

2258 578 2645 650 ἅπειρηκὸτων
2691 582 2750 635 δέ
2792 582 3076 647 παντελῶς
3126 583 3267 657 πρὸς
3314 590 3376 637 το
3428 584 3685 641 δύνασθαι
3729 588 3830 646 δια-

2258 671 2492 740 τρανοῦν
2542 671 2613 726 τὰ
2661 675 2725 728 ἐκ
2763 674 2874 728 τῶν
2920 676 3215 748 ὁραμάτων
3269 676 3702 750 ύποδηλούμενα·
3748 698 3829 750 με.

2263 763 2612 837 μαρτύρηται
2669 768 2769 839 μὲν
2829 770 2996 835 αὐτὸς
3058 770 3135 833 ὡς
3201 764 3313 835 οἷός
3370 782 3433 826 τε
3496 773 3648 827 τοῦτο
3697 774 3827 848 aper

2262 857 2551 928 παρελθὼν
2584 860 2643 914 δέ
2680 861 2950 933 διεσάφει.
2989 865 3098 918 Καὶ
3129 864 3194 936 δὴ
3227 866 3320 919 καὶ
3363 865 3649 936 θαυμάσας
3682 868 3709 922 ὁ
3736 870 3829 925 Φα-

2264 948 2405 1021 ραὼ,
2438 952 2645 1023 ταμίαν
2690 955 2857 1008 αὐτὸν
2890 957 2984 1009 καὶ
3027 956 3333 1029 ἡγούμενον
3380 956 3475 1010 ἐπὶ
3522 955 3617 1029 τὴν
3658 958 3828 1016 ἑαυτοῦ

2263 1041 2588 1112 καθίστησιν
2622 1046 2819 1118 ἀρχὴν.
2865 1047 3149 1102 Ἐδιὼκετο
3201 1048 3305 1122 μέρ
3361 1050 3472 1119 γὰρ
3526 1053 3554 1104 ὁ
3600 1052 3836 1125 Χριστὸς,

2262 1135 2519 1209 καθάπερ
2548 1138 2687 1211 ἔφην
2736 1140 2961 1210 ἀρτίως,
3009 1141 3086 1206 ὡς
3132 1143 3191 1194 ἐν
3240 1141 3521 1215 προσώπῳ
3556 1142 3660 1197 τῶν
3686 1145 3834 1213 ἁγίων

2265 1228 2601 1284 ἀποστόλων.
2648 1231 2791 1285 Ἀλλ’
2823 1233 2882 1286 ἐν
2916 1233 3103 1298 αὐτοῖς
3128 1232 3280 1298 ὄντες
3308 1237 3421 1299 τοῖς
3448 1236 3635 1300 πόνοις
3656 1238 3829 1309 οἱπερὶ

2266 1314 2343 1376 ὧν
2371 1323 2400 1374 ὁ
2421 1322 2598 1391 λόγος,
2630 1323 2706 1387 ὡς
2735 1325 2895 1393 σοφοὶ
2922 1324 3043 1379 λίαν
3088 1327 3184 1380 καὶ
3213 1326 3284 1380 τὰ
3329 1326 3547 1392 πολλοῖς
3574 1330 3828 1401 ἀπόρρητα

2265 1413 2589 1485 διατρανοῦν
2625 1410 2833 1478 οἷοίτε.
2861 1417 3085 1490 φανεροὶ
3119 1418 3220 1490 μὲν
3246 1413 3389 1491 ἦσαν
3428 1422 3486 1472 ἐν
3527 1421 3712 1493 ἀρχαῖς
3739 1422 3826 1475 τῶν

2268 1507 2328 1558 ἐν
2360 1506 2552 1578 κόσμῳ
2590 1509 2756 1572 τισὶν,
2792 1504 2911 1562 εἶτα
2963 1509 3058 1562 καὶ
3093 1510 3277 1573 αὐτοῖς
3309 1514 3423 1575 τοῖς
3461 1511 3711 1583 κρατοῦσι
3747 1515 3827 1584 τῆς

2267 1595 2392 1663 γῆς,
2423 1596 2472 1649 οἳ
2508 1595 2605 1649 καὶ
2652 1595 3048 1661 πιστεύσαντες
3085 1598 3169 1650 ὅτι
3216 1598 3313 1651 καὶ
3349 1597 3520 1669 αὐτὴν
3549 1599 3718 1670 ἔγουσι
3741 1598 3825 1653 τῶν

2268 1684 2543 1755 ἐσομένων
2561 1683 2660 1756 τὴν
2688 1685 2912 1755 γνῶσινζ
2943 1684 3004 1752 ἐξ
3022 1687 3419 1756 ἀποκαλύψεως
3443 1687 3577 1741 Θεοῦ
3610 1690 3666 1741 ἐν
3687 1687 3825 1744 Πνεύο

2272 1794 2425 1849 ματι,
2450 1778 2772 1848 οἰκονόμους
2796 1781 2891 1834 καὶ
2919 1782 3189 1851 ἄρχοντας
3212 1780 3382 1835 ἐθνῶν
3403 1781 3644 1850 γίνεσθαι
3664 1793 3825 1852 συγκε-

2267 1870 2583 1943 χωρήκασι,
2612 1871 2890 1943 διανέμειν
2922 1889 2983 1925 τε
3006 1874 3121 1936 τοῖς
3155 1873 3215 1926 ἐν
3241 1872 3390 1944 λιμῷ
3436 1873 3771 1945 μαθημάτων,
3797 1870 3825 1927 ἃ

2267 1964 2362 2016 καὶ
2391 1964 2473 2027 είς
2507 1962 2653 2035 ζωὴν
2703 1964 2919 2035 συνέχει
2969 1965 3068 2036 τὴν
3109 1966 3416 2036 ἀκήρατον,
3481 1966 3713 2020 τουτέστι
3751 1964 3824 2019 τὸν

2268 2054 2413 2110 θεῖόν
2442 2071 2504 2109 τε
2534 2057 2630 2110 καὶ
2655 2056 2908 2131 οὐράνιον
2936 2057 3098 2128 λόγον
3118 2098 3132 2124 ,
3169 2057 3268 2113 καὶ
3298 2058 3399 2130 τὴν
3445 2060 3523 2123 εἰς
3550 2060 3652 2112 πᾶν
3678 2058 3825 2113 ὁτιοῦν

2264 2146 2378 2202 τῶν
2428 2147 2671 2219 ἀρίστων
2717 2149 3173 2220 ἀποκομίζουσαν
3220 2151 3523 2206 παίδευσιν.
3565 2144 3711 2205 Οὗτοι
3751 2152 3824 2205 καὶ

2267 2241 2698 2310 κατεκτήσαντο,
2753 2241 2953 2313 μᾶλλον
2980 2243 3037 2298 δὲ
3083 2243 3150 2297 δι’
3189 2243 3377 2299 αὐτῶν
3423 2247 3452 2298 ό
3488 2242 3726 2316 Χριστὸς,
3760 2241 3823 2313 τῷ

2266 2330 2387 2402 Θεῷ
2444 2332 2538 2386 καὶ
2590 2334 2769 2405 Πατρὶ
2806 2333 2905 2406 τὴν
2967 2335 3079 2389 τῶν
3129 2335 3304 2390 ἐθνῶν
3354 2334 3557 2408 χώραν,
3610 2335 3822 2406 καθάπερ

2265 2424 2459 2496 ἀμέλει
2482 2425 2578 2479 καὶ
2609 2426 2688 2498 τῷ
2725 2425 2929 2500 Φαραὼ
2949 2427 3048 2500 τὴν
3085 2428 3196 2482 τῶν
3226 2429 3545 2499 Αἰγυπτίων
3577 2430 3605 2484 ό
3636 2428 3818 2499 Ἰωσὴφ.

2265 2509 2312 2586 ᾧ
2340 2519 2436 2572 καὶ
2473 2519 2765 2588 γεγόνασιν
2798 2523 2907 2574 υἱοὶ
2951 2521 3067 2586 δύο,
3107 2521 3417 2595 Μανασσῆς
3457 2522 3550 2578 καὶ
3595 2518 3818 2592 Ἐφρατμν

2266 2612 2333 2664 ἐκ
2383 2610 2593 2683 μητρὸς
2638 2612 2856 2667 ’Δσενέθ
2901 2614 3001 2686 τῆς
3051 2615 3309 2688 Πετεφρῆ
3369 2614 3648 2689 θυγατρὸς,
3691 2610 3819 2687 ὖςῆν

2269 2701 2470 2773 ἱερεύς.
2499 2703 2608 2757 Καὶ
2642 2704 3011 2776 ἑρμηνεύεται
3045 2708 3144 2779 μὲν
3175 2708 3203 2760 ό
3227 2708 3547 2779 Μανασσῆς,
3566 2708 3709 2777 λήθη
3736 2723 3819 2761 κα-

2265 2793 2394 2849 κῶν
2423 2794 2547 2850 τῶν
2572 2800 3061 2869 συμϐεϐηκότων·
3094 2804 3183 2868 εις
3209 2802 3411 2872 αὔξην
3448 2820 3513 2857 τε
3538 2803 3628 2857 καί
3654 2801 3819 2856 ἐπίδο-

2266 2902 2374 2941 σιν
2402 2887 2522 2956 τὴν
2548 2890 2638 2957 εἷς
2684 2908 2751 2961 γε
2784 2891 2850 2945 τὸ
2899 2892 3165 2963 ἄμεινον,
3196 2895 3226 2947 ὁ
3265 2893 3527 2966 Ἐφραίμ.
3569 2892 3652 2959 Ἐξ
3695 2892 3817 2963 ἱερᾶς

2264 2982 2377 3053 γὰρ
2406 2981 2598 3057 ὥσπερ
2636 2984 2865 3057 μητρός,
2890 2988 3034 3057 φημὶ
3062 2988 3119 3042 δέ
3143 2989 3242 3061 τῆς
3275 2990 3621 3062 Ἑκκλησίας,
3649 2986 3817 3059 καρποὶ

2266 3075 2548 3143 γεγόνασι,
2578 3079 2673 3131 καὶ
2710 3078 2768 3131 ὲν
2795 3083 2930 3143 υἱοῖς
2960 3080 3097 3134 Θεοῦ
3136 3082 3224 3136 διὰ
3263 3084 3504 3148 πίστεως
3530 3084 3623 3156 τῆς
3642 3086 3693 3138 ἐν
3711 3084 3817 3154 Χρι-

561 3167 812 3241 gniﬁcat,
841 3173 1185 3238 augmentum
1221 3172 1270 3217 et
1294 3165 1677 3219 incrementum
1703 3166 1757 3219 in
1793 3165 2002 3221 melius.
2028 3167 2160 3222 Nam

2273 3165 2384 3236 στῷ
2417 3168 2865 3238 καταλογισθεῖεν
2919 3171 2986 3227 ἃν
3015 3176 3065 3227 οἱ
3118 3175 3175 3242 ἐξ
3226 3175 3398 3230 ἐθνῶν
3441 3176 3759 3247 κεκλημένοι,
3778 3173 3818 3227 οῖ

560 3258 780 3319 fructus
801 3258 1062 3313 Ecclesia:
1087 3262 1344 3326 tanquam
1371 3271 1438 3311 ex
1471 3270 1629 3311 sacra
1666 3266 1844 3311 matre
1867 3259 1980 3313 nati
2008 3267 2158 3327 sunt,

563 3360 731 3421 atque
763 3350 913 3403 inter
939 3347 1081 3401 filios
1126 3345 1224 3400 Dei
1258 3360 1359 3416 per
1384 3344 1549 3401 fidem
1573 3345 1630 3400 in
1652 3344 1935 3401 Christum
1962 3364 2162 3406 nume-

565 3443 679 3498 rari
706 3447 939 3513 possunt
971 3438 1074 3504 illi,
1102 3438 1198 3509 qui
1247 3454 1315 3493 ex
1337 3439 1598 3509 gentibus
1645 3437 1825 3492 vocati
1860 3447 2020 3504 sunt,
2064 3441 2161 3512 qui

564 3536 734 3591 etiam
784 3534 843 3588 in
885 3532 1220 3587 oblivionem
1254 3531 1485 3587 venient
1518 3530 1773 3585 laborum
1817 3537 1876 3585 et
1905 3531 2161 3590 aﬂlictio-

563 3642 722 3684 num.
753 3645 771 3677 ι
800 3623 1397 3688 Obliviscenturcnim,
1426 3622 1629 3692 inquit,
1655 3621 2162 3682 tribulationissuze

565 3720 779 3792 primae,
800 3733 980 3789 neque
1003 3716 1240 3787 amplius
1263 3714 1529 3771 ascendet
1551 3714 1671 3770 haec
1691 3713 1748 3768 in
1772 3730 1869 3770 cor
1889 3714 2157 3786 ipsorum.

565 3813 627 3869 In
654 3813 833 3882 capite
862 3811 1109 3880 ipsorum
1144 3816 1231 3863 est
1264 3807 1385 3861 laus
1414 3813 1471 3861 et
1498 3805 1828 3871 exsultatio,
1867 3813 1926 3862 et
1967 3807 2159 3867 laetitia

565 3902 948 3976 apprehendet
970 3917 1068 3957 eos
1085 3902 1156 3956 ".
1192 3919 1211 3952 ι
1242 3898 1546 3955 Facessivit
1567 3897 1750 3965 dolor,
1784 3899 2040 3969 tristitia,
2062 3918 2160 3958 an—

563 3996 799 4070 gustiae:
837 3995 1065 4051 venient
1095 3992 1267 4064 igitur
1311 4006 1415 4046 suo
1442 3998 1694 4062 tempore
1719 3990 1777 4047 in
1821 3993 2158 4052 oblivionem

561 4090 858 4155 malorum,
912 4086 1227 4157 facientque
1268 4099 1624 4156 progressus,
1683 4085 1752 4141 ad
1779 4085 1999 4144 dulcem
2039 4088 2159 4161 spei

561 4181 729 4237 linem
763 4177 1182 4236 contendentes.
1219 4174 1435 4247 Quippe
1475 4176 1571 4247 qui
1615 4176 1932 4248 migrabunt
1962 4194 1997 4235 e
2040 4186 2160 4237 ter.

559 4273 717 4330 renis
757 4270 827 4326 ad
856 4268 1103 4325 eualestia
1128 4308 1144 4333 ,
1192 4282 1222 4322 a
1265 4266 1619 4338 temporariis
1662 4267 1732 4323 ad
1758 4284 1825 4324 ea
1854 4284 1979 4341 qua
2001 4280 2160 4328 extra

530 4350 538 4432 ξ
559 4378 727 4420 omne
755 4368 975 4432 tempus
995 4360 1178 4431 posita
1201 4366 1353 4423 sunt,
1383 4374 1451 4413 ex
1475 4351 1843 4430 corruptione
1861 4359 1930 4418 ad
1968 4361 2159 4420 incor-

530 4410 1027 4543 {n-uptlbilitaiein,r
1043 4463 1110 4505 ex
1135 4448 1439 4520 ignominia
1463 4440 1533 4503 ad
1553 4410 1806 4520 gentiam,
1828 4465 1896 4507 ex
1919 4450 2160 4543 infirmi:

560 4640 718 4690 retur
736 4631 932 4697 fames,
953 4630 1368 4688 descenderunt
1389 4638 1447 4686 et
1465 4630 1564 4687 filii
1589 4632 1762 4689 Jacob
1777 4633 1836 4688 in
1857 4632 2155 4708 Egyptum

560 4725 631 4781 ad
664 4724 962 4780 emendum
1006 4722 1371 4778 frumentum.
1397 4723 1610 4780 Deinde
1645 4740 1773 4781 eum
1813 4724 2019 4797 Ioseph
2043 4726 2160 4783 fra-

559 4828 675 4875 tres
700 4817 890 4890 jocose
934 4815 1154 4872 luderet
1186 4813 1449 4889 (dicebat
1489 4817 1638 4873 enim
1672 4832 1772 4874 eos
1809 4833 2159 4891 nequaquam

559 4913 632 4969 ad
671 4910 1104 4983 comparandum
1129 4909 1494 4977 frumentum,
1527 4911 1624 4968 sed
1656 4912 1724 4968 ad
1762 4912 2158 4984 explorandam

558 5013 767 5061 terram
781 5001 1045 5072 venisse),
1058 5010 1384 5076 peteretque
1400 5002 1707 5074 Beniamin,
1730 5003 1826 5076 qui
1848 5013 1971 5061 erat
1988 5002 2162 5077 ipsius

557 5095 733 5151 frater
777 5094 1044 5152 minimus
1099 5104 1256 5159 natu,
1293 5094 1457 5168 205
1493 5104 1660 5166 atque
1710 5094 1946 5152 instaret
1990 5113 2062 5155 ne
2089 5099 2160 5155 ab

556 5185 831 5261 Egyptiis
857 5186 1213 5243 discederent
1254 5184 1515 5259 impuniti
1541 5228 1556 5250 ,
1601 5187 1711 5243 nisi
1752 5204 1879 5244 eum
1912 5188 2157 5250 adduca-

558 5310 687 5361 renl
727 5317 939 5369 secum,
963 5302 1056 5357 vix
1085 5302 1308 5359 tandem
1336 5304 1695 5376 permittente
1722 5315 1881 5375 patre
1922 5305 2155 5362 adduci-

559 5403 674 5452 tur.
705 5395 1070 5465 Posteaquam
1100 5404 1284 5451 autcm
1308 5413 1415 5452 una
1443 5413 1570 5453 eum
1595 5397 1767 5454 fratre
1793 5397 1969 5469 ipsius
1988 5412 2155 5454 vene-

560 5495 714 5552 runt,
755 5485 921 5542 domo
950 5501 1047 5541 sua
1085 5501 1183 5542 eos
1208 5487 1435 5558 excipit,
1459 5501 1622 5558 atque
1650 5503 1793 5553 aqua
1835 5488 1980 5543 lotos
2010 5500 2151 5558 pane

559 5584 619 5633 et
667 5579 799 5633 vino
851 5586 1061 5634 saturat
1082 5578 1148 5633 “.
1177 5578 1350 5635 Judaei
1381 5579 1552 5645 enim,
1579 5579 1823 5651 graviter
1863 5578 2046 5634 affecti
2093 5588 2152 5635 et

560 5672 823 5738 tanquam
848 5666 1181 5723 intolerabili
1216 5668 1357 5722 fame
1381 5673 1584 5738 pressi,
1615 5667 1949 5739 intelligihili
1980 5667 2145 5722 nimi-

2269 3259 2366 3313 καὶ
2383 3260 2461 3324 είς
2473 3260 2645 3334 λήθην
2664 3263 3044 3336 ἐνεχθήσονται
3068 3266 3179 3321 τῶν
3208 3268 3413 3324 πόνων.
3442 3290 3459 3322 ι
3481 3270 3816 3342 Ἐπιλήσοντιι

2268 3359 2399 3426 γὰρ,
2426 3355 2580 3424 φησι,
2604 3356 2703 3426 τὴν
2742 3356 2921 3427 θλίψιν
2947 3358 3130 3412 αὐτῶν
3164 3360 3262 3430 τὴν
3294 3362 3536 3435 πρώτην,
3565 3364 3649 3416 καί
3671 3362 3724 3415 οὐ
3757 3359 3817 3430 μὴ

2268 3435 2443 3518 ἀναΈῇ
2471 3447 2648 3501 αὐτῶν
2677 3448 2767 3501 ἐπὶ
2792 3449 2892 3521 τὴν
2925 3450 3177 3522 καρδίαν.
3216 3453 3346 3507 Ἐπὶ
3374 3455 3480 3525 γὰρ
3502 3453 3722 3524 κεφαλῆς
3739 3453 3818 3507 ei»

2266 3536 2377 3591 τῶν
2407 3539 2633 3604 αῐνεσις,
2667 3542 2761 3595 καὶ
2810 3541 3145 3614 ἀγαλλίαμα,
3187 3546 3280 3599 καὶ
3339 3546 3636 3619 εὐφροσύνη
3679 3562 3817 3600 κατα-

2267 3628 2502 3701 λήψεται
2542 3632 2761 3698 αύτούς.
2807 3652 2826 3685 ι
2868 3635 3105 3707 Ἀπέδρα
3155 3636 3355 3707 ὀδύνη,
3396 3637 3540 3709 λύπη
3599 3637 3686 3704 καὶ
3718 3653 3816 3691 στεο

2267 3723 2495 3795 ναγμός.
2515 3723 2744 3790 Ἦξουσι
2773 3725 2838 3800 δὴ
2858 3723 2951 3782 οὖν
2972 3729 3112 3783 κατὰ
3135 3728 3329 3801 καιρὸν
3355 3735 3435 3793 εἰς
3458 3731 3620 3805 λήθην
3643 3731 3817 3793 κακῶν,

2270 3814 2654 3887 βαδιοῦνταιδέ
2684 3820 2778 3873 καὶ
2805 3823 2887 3885 είς
2911 3819 3108 3893 αὔξην,
3126 3823 3219 3876 ἐπὶ
3244 3823 3309 3878 τὸ
3330 3826 3428 3898 τῆς
3454 3825 3655 3890 ἐλπίδος
3672 3824 3815 3895 γλυκὺ

2267 3909 2642 3983 διατρέχοντες
2672 3911 2866 3982 πέρας.
2899 3914 3333 3985 Μετοιχήσονται
3368 3918 3474 3989 γὰρ
3502 3919 3564 3972 ἐκ
3595 3917 3695 3972 τῶν
3717 3920 3813 3971 ἐπι·

2267 4001 2433 4072 γείων
2458 4004 2539 4067 εἰς
2569 4002 2638 4057 τὰ
2670 4003 2990 4077 ἐπουράνια,
3015 4004 3124 4059 ἀπὸ
3150 4006 3258 4061 τῶν
3281 4009 3341 4063 ἐν
3368 4010 3543 4082 χρόνῳ
3575 4024 3813 4081 μεμετρησ

2271 4095 2451 4168 μένων
2520 4097 2601 4160 είς
2668 4095 2739 4150 τὰ
2796 4098 3056 4153 ἐπέκεινα
3126 4102 3319 4173 χρόνου
3347 4112 3363 4131 ⁸
3417 4105 3481 4157 ἐκ
3518 4102 3709 4175 φθορᾶς
3749 4102 3813 4163 είς

2268 4186 2606 4261 ἀφθαρσίαν,
2632 4190 2713 4253 είς
2742 4187 2902 4255 δόξαν
2927 4191 2985 4258 ἐξ
3004 4192 3252 4263 ἀτιμίας,
3271 4192 3330 4259 ἐξ
3349 4193 3624 4257 ἀσθενείας
3649 4194 3719 4256 είς
3736 4188 3812 4244 δύο

2267 4298 2455 4352 ναμιν.
2503 4280 2857 4352 Ἐγκειμένου
2916 4279 2973 4336 δὲ
3020 4281 3100 4338 ἔτι
3148 4284 3243 4339 καὶ
3299 4286 3702 4358 παρατείνοντος
3736 4282 3810 4337 τοῦ

2266 4370 2454 4445 λιμοῦ,
2473 4372 2786 4444 κατέϐησαν
2807 4372 2859 4426 οἱ
2874 4371 2935 4439 ἐξ
2974 4371 3173 4428 Ἰακὼϐ
3188 4382 3273 4440 εις
3292 4377 3567 4446 Αἴγυπτον
3587 4372 3811 4449 πρίασθαι

2266 4464 2495 4536 τροφάς.
2533 4459 2666 4518 Εἶτα
2702 4463 2903 4537 μικροῦ
2953 4464 3159 4536 μεταξὺ
3212 4468 3621 4541 παρεισθὲοντος
3658 4467 3808 4533 λόγου.

559 4552 674 4601 tate
697 4543 767 4599 ad
799 4543 1127 4614 potentiam.
1153 4541 1292 4597 Cum
1315 4555 1454 4596 vero
1470 4542 1582 4612 jam
1611 4541 1823 4614 vigeret
1851 4549 1909 4598 et
1932 4528 2152 4616 ςτεωεί

2265 4528 2550 4631 μονονουχὶ
2592 4557 2650 4613 δέ
2702 4528 2818 4612 καὶ,
2865 4528 3220 4633 ἐναθύροντος
3277 4528 3463 4627 αὐτοῖς
3510 4528 3613 4616 τοῦ.
3647 4528 3809 4628 Ἰωίτὴφ

2265 4646 2504 4719 (ἔφασκε
2523 4648 2634 4721 γὰρ
2669 4649 2746 4716 ὡς
2775 4650 2977 4722 ἥκιστα
3007 4651 3107 4723 μὲν
3140 4653 3326 4710 σιτίων
3367 4654 3548 4718 ἕνεκα,
3579 4664 3809 4708 κατασκε-

2260 4737 2487 4811 ψόμενοι
2515 4739 2574 4794 δέ
2603 4740 2806 4813 μᾶλλον
2833 4742 3030 4815 ἥκουσι
3060 4743 3158 4816 τὴν
3190 4741 3808 4820 γῆν),προσαπαιτοῦνπις

2260 4828 2320 4886 δέ
2345 4831 2436 4886 τδν
2465 4832 2749 4905 Βενιαμὶν,
2772 4830 2834 4900 ὃς
2877 4828 2947 4907 ἦν
2988 4834 3215 4908 ἀδελφὸς
3248 4838 3397 4910 αύτῷ
3440 4839 3530 4894 καὶ
3559 4837 3804 4895 νεώτατος.

2261 4923 2618 4996 ἐνισταμένου
2651 4925 2708 4981 δέ
2739 4925 2822 4981 ὅτι
2869 4927 2972 4983 ούκ
3015 4927 3084 4983 ἂν
3127 4929 3235 5001 τῆς
3264 4930 3574 5001 Αἰγυπτίων
3617 4926 3806 4997 ἀζήμιοι

2260 5015 2653 5085 ἀπαλλάξειαν,
2675 5019 2723 5071 εί
2753 5019 2829 5091 μὴ
2868 5019 3190 5095 παροίσειαν
3220 5021 3281 5077 τὸ
3317 5022 3613 5095 μειράκιοψ
3645 5019 3804 5087 ἄγεται

2263 5109 2416 5183 μόλις
2466 5110 2689 5179 ἐφέντος
2720 5088 2905 5177 αύτοῖς
2949 5088 3054 5167 ’τοῦ
3101 5088 3330 5187 πατρόςξ
3372 5088 3578 5186 ’ἐπειδὴ
3613 5112 3664 5166 δὲ
3695 5103 3805 5175 ἧκον

2257 5200 2394 5273 ὁμοῦ
2425 5200 2502 5273 τῷ
2532 5202 2699 5269 παιδὶ,
2735 5203 2921 5259 λοιπὸν
2961 5204 3055 5259 ἐπὶ
3086 5206 3186 5279 τὴν
3221 5207 3407 5262 ἑστίαν
3452 5204 3644 5271 ἐκάλει,
3677 5200 3802 5254 ὕδατι

2256 5293 2315 5348 δέ
2360 5293 2810 5367 διανενιμμένους
2840 5297 3027 5369 ἄρτοις
3077 5316 3138 5354 τε
3175 5299 3270 5355 καὶ
3314 5299 3441 5370 οϊνῳ
3485 5290 3800 5363 κατεκορέννυ

2255 5385 2462 5442 λοιπόν.
2495 5386 2860 5459 Τεθλιμμένοι
2895 5388 3006 5462 γὰρ
3035 5389 3227 5465 ὥσπερ
3268 5392 3362 5447 καὶ
3400 5390 3644 5462 ἀφορήτῳ
3682 5377 3800 5450 λιμῷ

2259 5480 2706 5553 ἐκπεπιεσμένοι,
2732 5480 2894 5550 δῆλον
2919 5482 2977 5536 δὲ
3007 5485 3089 5537 ὅτι
3115 5484 3195 5555 τῷ
3220 5483 3414 5556 νοητῷ,
3446 5480 3579 5535 κατὰ
3609 5470 3797 5544 κῡιιίῖοίδς

2270 5571 2535 5637 Ἰουδαῖοι,
2566 5573 2667 5644 τὴν
2721 5571 2895 5645 ὀφρὺν
2939 5575 3170 5645 ἀφέντες
3208 5577 3305 5648 τὴν
3334 5574 3536 5646 ὑψηλὴν
3577 5570 3659 5623 καὶ
3687 5560 3794 5630 si“

2259 5681 2450 5737 WXW’
2492 5662 2715 5735 ἥξουσιν
2746 5663 2839 5718 ἐπὶ
2871 5664 3127 5736 Χριστὸν,
3162 5667 3263 5740 τῆς
3296 5667 3426 5738 παρ’
3453 5658 3607 5719 αὐτοῦ
3643 5653 3789 5725 fluxo-

637 5846 847 5905 “Gen.
893 5865 992 5917 χι..
1042 5866 1148 5905 xu.
1226 5851 1274 5884 "
1319 5851 1421 5909 lsa.
1464 5866 1585 5918 txv,
1614 5850 1701 5906 id.
1780 5850 1826 5884 “
1856 5851 1994 5909 Gen.
2028 5869 2157 5921 xtn,
2192 5869 2338 5910 nm.
