4034 6448
269 387 389 445 5‘25

1283 378 1808 438 GLAPHYRORUM
1849 379 1916 434 [Ν
1955 380 2258 435 ϐΕλΕδιΜ
2298 378 2426 433 LIB.
2470 377 2559 435 Ἦ.

3489 379 3595 437 526

271 525 438 580 μενοι
463 505 699 578 τροφῆς,
731 505 894 573 ἁγίας
927 519 988 558 τε
1017 503 1114 558 καὶ
1143 503 1550 572 πνευματικῆς,
1586 501 1751 571 φημὶ,
1793 499 1878 552 καΊ

1995 513 2141 560 rum,
2170 497 2391 552 tandem
2423 497 2665 552 demisso
2689 495 2989 567 supercilio
3016 503 3074 552 et
3097 494 3357 552 insolenti
3374 496 3594 569 jactan-

268 598 570 666 ζωοποιοῦ.
611 599 672 650 '0
705 599 764 650 δὲ
794 599 856 650 οὐ
913 593 1268 667 προσδέξεται
1317 593 1436 664 μὲν,
1478 591 1618 663 πλὴν
1663 593 1724 646 οὐ
1767 591 1888 661 δίχα

265 688 369 743 τοῦ
401 689 528 742 νέου
555 689 711 749 λαοῦ,
757 681 819 741 οῦ
857 687 952 755 καὶ
993 687 1072 745 είς
1111 683 1285 738 τύπον
1317 682 1401 755 εἴη
1443 681 1510 736 ἂν
1549 685 1578 736 6
1605 682 1884 752 Βενιαμίν.

281 780 576 844 Ἐλθόντες
612 781 669 834 δὲ
702 779 895 852 ῶσπερ
933 781 992 833 ὲν
1037 776 1311 850 ὁμοψυχίᾳ
1337 775 1431 830 καὶ
1468 777 1544 838 ὼς
1585 775 1642 827 ὲν
1693 773 1889 846 γνώμῃ

270 873 399 943 μιᾷ,
428 871 798 943 προσδέξεται
829 872 928 942 μὲν
970 871 1195 941 ἱλαρῶς,
1233 868 1459 922 εἰσοίσει
1500 868 1556 920 δὲ
1587 866 1777 936 ῶσπερ
1807 869 1887 930 εἰς

270 964 402 1018 ἴδιον
429 960 609 1029 οἷκον,
639 965 912 1024 τουτέστι.
944 964 1045 1035 τὴν
1090 960 1437 1032 Ἐκκλησίαν.
1464 955 1599 1015 Εἶτα
1626 959 1885 1028 διανίψων

271 1057 426 1110 ὕδατι
457 1056 720 1127 καθαρῷ,
757 1056 836 1127 τῷ
857 1057 956 1127 τῆς
993 1053 1420 1124 παλιγγενεσίας
1469 1051 1702 1124 λουτρῷ,
1734 1052 1885 1120 ἄρτῳ

265 1163 322 1200 τε
363 1145 466 1199 καὶΙ
490 1147 624 1217 οἴνῳ
647 1145 952 1216 διαθρέψει.
993 1143 1290 1206 Μυστικῶς
1327 1143 1356 1194 6
1401 1141 1579 1209 λόγος.
1608 1139 1755 1212 Πλὴν
1787 1142 1888 1194 κὰ-

263 1241 420 1291 κεῖνο
464 1238 608 1308 πρὸς
639 1238 815 1308 τούτῳ
843 1237 1125 1306 λέγωμεν
1180 1234 1582 1304 ἀνεγνωρίζετο
1623 1231 1722 1302 μὲν
1776 1232 1884 1304 γὰρ

258 1332 373 1393 τοῖς
405 1330 666 1398 ἀδελφοῖς
696 1333 726 1382 ὁ
769 1329 969 1401 Ἰωσὴφ
998 1329 1116 1398 ἅμα
1146 1327 1224 1397 τῷ
1250 1327 1507 1396 Βενιαμὶν
1535 1327 1882 1398 ἀφιγμένοις,

258 1421 354 1474 καὶ
389 1421 461 1493 δὴ
499 1422 596 1474 καὶ
629 1420 914 1492 τραπέζης
945 1421 1143 1483 αὐτοὺς
1170 1417 1347 1488 ἠξίου,
1379 1420 1633 1491 καθάπερ
1655 1419 1884 1489 ἔναγχος

257 1517 428 1587 ἔφην.
455 1516 574 1586 Κλῆ
583 1532 676 1584 ρον
697 1514 754 1567 δὲ
771 1514 966 1568 οὐδένα
986 1512 1133 1578 δοὺς,
1153 1513 1292 1576 ὅλως
1316 1513 1642 1584 ἀποτρέχειν
1663 1511 1881 1565 ἐκέλευε

255 1609 752 1680 κατακομιοῦντας
783 1608 920 1678 πρὸς
953 1607 1117 1660 αὐτὸν
1151 1605 1242 1658 τὸν
1271 1606 1503 1677 πατέρα,
1533 1605 1675 1676 φημὶ
1697 1603 1763 1675 δὴ
1788 1605 1882 1660 τὸν

268 1701 500 1754 ἰακώ6.
545 1698 770 1769 Ἐπειδὴ
815 1699 874 1752 δὲ
928 1697 1302 1768 καταϐέϐηκε,
1347 1697 1443 1750 καὶ
1485 1696 1589 1768 ήδη
1633 1695 1882 1766 παρόντα

253 1793 525 1848 τεθέαται
555 1796 672 1856 τοῖς
698 1793 912 1854 τέκνοις
942 1789 1103 1862 ὁμοῦ,
1121 1789 1244 1842 τότε
1272 1788 1356 1861 δὴ,
1381 1789 1502 1843 τότε
1523 1790 1622 1860 τὴν
1651 1787 1880 1842 ἁπασῶν

1991 590 2068 646 tia
2107 591 2333 646 venient
2357 591 2426 645 ad
2451 590 2731 646 Christum
2757 629 2772 655 ,
2823 590 2983 644 avide
3010 589 3080 646 ab
3118 589 3240 660 ipso
3269 588 3594 660 expetentes

1988 685 2209 751 cibum,
2263 686 2608 755 spiritualem
2646 685 2914 740 nimirum
2959 694 3018 740 et
3058 684 3456 740 vivificantem.
3497 685 3595 740 Ille

1987 796 2120 834 vero
2150 795 2263 834 non
2293 779 2526 850 recipiet
2557 795 2654 835 eos
2687 779 2805 835 sine
2836 794 2981 834 novo
2999 779 3224 849 populo,
3249 779 3410 848 cujus
3431 787 3597 848 typus

1987 882 2074 928 est
2093 874 2401 944 Beniamin.
2427 872 2565 928 Cum
2593 882 2778 927 autem
2813 872 3071 927 venerint
3095 879 3356 941 tanquam
3383 871 3438 924 in
3468 869 3596 923 uni.

1984 975 2097 1022 tate
2163 967 2394 1038 spiritus
2451 966 2599 1020 idem
2644 966 2988 1030 sentientes,
3022 965 3261 1034 benigne
3306 963 3594 1018 hilariter—

1987 1070 2095 1125 que
2121 1071 2218 1110 eos
2254 1054 2516 1124 excipiet,
2554 1055 2983 1124 introducetque
3020 1055 3194 1125 veluti
3222 1055 3278 1108 in
3313 1069 3469 1108 suam
3494 1053 3595 1107 do-

1986 1160 2174 1209 mum,
2209 1144 2316 1199 hoc
2337 1153 2442 1208 est,
2496 1144 2826 1198 Ecclesiam.
2891 1145 3098 1199 Deinde
3147 1145 3338 1200 lavans
3384 1144 3592 1198 munda

1986 1251 2148 1306 aqua,
2176 1237 2441 1290 nimirum
2473 1237 2694 1291 lavacro
2719 1237 3174 1307 regenerationis.
3207 1253 3349 1307 pane
3380 1244 3439 1292 et
3461 1237 3593 1292 vino

1984 1327 2256 1381 saturabit
2285 1330 2403 1382 eos.
2427 1327 2688 1398 Mysticus
2713 1343 2924 1383 sermo.
2951 1327 3224 1383 Caeterum
3255 1317 3393 1381 illud
3423 1327 3592 1382 etiam

1983 1419 2350 1490 adjiciamus,
2402 1421 2549 1490 quod
2595 1421 2871 1490 Josephus
2921 1421 3086 1475 simul
3133 1435 3199 1474 ac
3238 1419 3594 1474 adduxerunt

1982 1506 2291 1580 Benjamin,
2322 1510 2578 1580 cognitus
2609 1509 2682 1564 sit
2725 1525 2758 1564 a
2808 1510 2927 1565 suis
2967 1509 3254 1576 fratribus,
3287 1525 3592 1579 mensaque

1981 1615 2098 1664 eos,
2137 1609 2199 1656 ut
2240 1601 2405 1657 modo
2447 1602 2580 1666 dixi,
2627 1602 2907 1674 dignatus.
2937 1602 3085 1657 Nihil
3114 1611 3300 1656 autem
3329 1602 3413 1657 eis
3437 1601 3593 1657 dedit

1982 1693 2234 1749 muneris
2259 1734 2272 1759 ,
2309 1694 2407 1749 sed
2461 1710 2682 1750 rursum
2717 1694 3005 1750 discedere
3039 1695 3293 1765 jubebat,
3338 1703 3401 1749 ut
3433 1693 3502 1748 ad
3533 1709 3592 1748 se

1982 1795 2221 1856 patrem,
2247 1786 2443 1852 Jacob,
2468 1787 2715 1857 inquam,
2735 1787 3098 1842 adducerent.
3112 1787 3408 1857 Postquam
3424 1785 3593 1856 igitur

255 1885 502 1958 ἀρίστην
561 1885 834 1956 ἀπένειμε
878 1883 1006 1953 γῆν.
1056 1883 1290 1954 Σημεῖον
1337 1882 1381 1934 δ’
1423 1879 1490 1935 ἂν
1539 1881 1752 1950 γένοιτο
1786 1879 1878 1933 καὶ

1983 1877 2292 1943 descendit,
2352 1886 2410 1934 et
2442 1881 2556 1950 jam
2587 1887 2920 1950 prtesentem
2966 1881 3289 1956 conspexit,
3319 1897 3429 1936 una
3459 1895 3590 1936 cum

256 1980 424 2034 τοῦτο
445 1979 647 2050 σαφὲς,
665 1979 748 2033 ὅτι
766 1978 980 2044 δέξεται
1005 1978 1104 2049 μὲν
1131 1979 1158 2031 6
1179 1975 1413 2048 Χριστὸς
1437 1976 1562 2038 τοὺς
1587 1973 1645 2040 ἐξ
1659 1973 1880 2046 Ἰσραὴλ

263 2073 708 2147 ἐπιστρέφοντας
735 2073 792 2125 ἐν
827 2071 1080 2141 ἐσχάτοις
1119 2067 1214 2122 τοῦ
1258 2067 1456 2132 αἰῶνος
1485 2067 1716 2138 καιροῖς,
1754 2081 1882 2118 συν-

263 2165 416 2229 όντος
459 2165 655 2226 αὐτοῖς
711 2161 958 2234 δηλονότι
1006 2161 1151 2216 κατά
1193 2161 1396 2232 τρόπον
1438 2158 1751 2230 ὁμοψυχίας
1785 2156 1880 2210 καὶ

256 2255 350 2310 τοῦ
382 2255 516 2310 νέου
543 2254 700 2308 λαοῦ.
726 2253 900 2308 Τοῦτο
923 2253 1054 2322 γὰρ,
1080 2251 1156 2316 ὡς
1183 2251 1341 2322 ἔφην,
1367 2252 1396 2304 6
1420 2248 1702 2319 Βενιαμίν.
1731 2247 1878 2320 Πλὴν

251 2349 313 2402 οὐ
348 2349 485 2418 δίχα
523 2346 637 2402 τῶν
668 2347 841 2416 ἁγίων
881 2345 1149 2418 Πατὲρων
1179 2347 1208 2398 6
1247 2346 1304 2397 ὲν
1345 2343 1557 2397 ἐλπίσιν
1582 2343 1712 2414 ἡμῖν
1745 2341 1880 2395 ἀπο-

249 2437 554 2508 δοθήσεται
581 2436 1028 2508 κλῆρος.”Ωσπερ
1057 2434 1166 2506 γὰρ
1198 2435 1373 2500 αὐτοὶ,
1406 2433 1583 2488 καίτοι
1610 2433 1751 2485 κατά
1788 2431 1880 2486 πί-

251 2545 371 2580 στιν
414 2526 826 2591 ἀποθανόντες,
875 2525 952 2589 ῶς
998 2524 1128 2595 γοῦν
1171 2527 1198 2578 ὁ
1259 2523 1426 2594 σοφὸς
1483 2522 1587 2595 ἔφη
1639 2521 1876 2587 Παῦλος,

255 2640 274 2672 ι
305 2623 429 2676 Οὐκ
488 2618 826 2689 ἐκομίσαντο
871 2619 972 2688 τὴν
1010 2617 1368 2686 ἐπαγγελίαν,
1415 2615 1508 2670 τοῦ
1554 2615 1713 2682 Θεοῦ,
1746 2616 1878 2688 περὶ

246 2713 417 2784 ἡμῶν
445 2712 703 2785 κρεῖττόν
729 2729 780 2766 τι
809 2710 1286 2784 προϐλεψαμένου,
1309 2708 1397 2764 ἵνα
1425 2710 1498 2782 μὴ
1523 2710 1694 2780 χωρὶς
1719 2708 1876 2781 ἡμῶν

247 2803 660 2858 τελειωθῶσινο
705 2820 726 2854 ›
767 2800 914 2855 οὕτω
952 2803 1047 2855 καὶ
1093 2803 1255 2872 ἡμεῖς
1304 2799 1710 2871 περιμενοῦμεν
1750 2800 1876 2864 τοὺς

249 2896 546 2967 Ματέρας,
594 2895 682 2948 ἴνα
723 2893 799 2966 μὴ
829 2894 1002 2968 χωρὶς
1043 2893 1226 2948 αὐτῶν
1259 2892 1654 2964 τελειωθῶμεν.
1707 2891 1874 2963 Ὁμοῦ

240 2987 564 3060 τοιγαροῦν
593 2991 708 3051 τοῖς
768 2987 945 3056 ἁγίοις
995 2986 1301 3058 ΙΙατράσιν,
1352 2987 1402 3038 οἱ
1434 2986 1640 3057 πρῶτοί
1677 3003 1737 3040 τε
1780 2986 1876 3040 καὶ

247 3083 420 3148 μέσοι
453 3080 554 3135 καὶ
592 3081 899 3133 τελευταῖοι
929 3079 1071 3145 λαοὶ,
1100 3079 1192 3132 τὸν
1235 3078 1459 3148 ἄριστόν
1497 3095 1556 3132 τε
1584 3079 1678 3132 καὶ
1709 3079 1874 3132 ἀνεκ-

244 3174 489 3244 πλέιτον
538 3173 640 3242 τῆς
685 3172 794 3225 τῶν
839 3169 1087 3244 οὐρανῶν
1140 3169 1420 3241 βασιλείας
1479 3169 1875 3242 ἀποληψόμεοα

1981 1970 2176 2026 liberis
2197 1979 2255 2026 et
2295 1971 2501 2026 familia
2528 2013 2542 2037 ,
2584 1980 2718 2027 tunc
2761 1972 2983 2028 demum
3019 1973 3215 2028 tribuit
3254 1974 3338 2029 eis
3382 1982 3590 2028 terram

1981 2065 2233 2119 omnium
2265 2064 2532 2135 optimam
2558 2065 2625 2120 δ’.
2653 2064 2810 2132 Quod
2848 2081 2980 2120 sane
3025 2066 3258 2122 evidens
3295 2083 3594 2138 argumen-

1982 2161 2100 2210 tum
2148 2171 2269 2210 esse
2297 2164 2501 2226 potest,
2529 2157 2698 2212 etiam
2721 2157 3024 2219 lsraelitas,
3058 2158 3114 2212 in
3138 2159 3458 2216 novissimis
3485 2176 3589 2216 se-

1980 2245 2090 2300 culi
2111 2247 2456 2317 temporibus
2480 2256 2843 2313 revertentes,
2871 2265 2902 2303 a
2935 2247 3158 2304 Christo
3181 2259 3470 2322 acceptum
3495 2251 3588 2317 iri,

1980 2338 2240 2394 videlicet
2266 2340 2488 2410 quando
2516 2340 2900 2396 consenserint
2931 2357 3058 2396 cum
3094 2357 3240 2397 novo
3280 2343 3508 2414 populo.
3537 2344 3592 2400 ls

1978 2431 2128 2488 enim
2172 2441 2277 2498 est,
2312 2441 2374 2487 ut
2403 2432 2538 2496 dixi,
2561 2433 2869 2505 Beniamin.
2895 2434 3068 2490 Porro
3097 2434 3396 2492 haereditas
3422 2453 3590 2508 quam

1979 2539 2266 2594 speramus
2285 2565 2299 2589 ,
2325 2540 2438 2579 non
2465 2525 2689 2579 dabitur
2717 2525 2881 2580 nobis
2922 2525 3134 2594 absque
3163 2528 3373 2582 sanctis
3407 2528 3590 2596 patri.
3623 2574 3625 2577 .

1978 2615 2103 2672 bus.
2133 2616 2608 2684 Quemadmodum
2640 2617 2790 2673 enim
2825 2617 2992 2672 etiam
3021 2617 3058 2672 ii
3086 2619 3185 2689 qui
3212 2619 3266 2676 in
3300 2618 3408 2674 fide
3435 2635 3593 2674 mor-

1979 2710 2057 2765 tui
2087 2718 2254 2776 sunt,
2297 2718 2360 2764 ut
2397 2710 2617 2780 sapiens
2639 2711 2847 2765 Paulus
2904 2710 3124 2780 inquit,
3163 2732 3180 2762 ι
3222 2728 3332 2767 non
3356 2727 3592 2782 accepe—

1979 2809 2111 2858 runt
2139 2803 2652 2874 repromissionem,
2683 2804 2796 2858 Deo
2829 2818 2932 2874 pro
2956 2804 3118 2859 nobis
3151 2805 3352 2859 melius
3377 2803 3591 2875 aliquid

1977 2893 2332 2965 providente,
2363 2904 2423 2949 ut
2445 2911 2555 2948 non
2580 2895 2698 2950 sine
2724 2895 2889 2949 nobis
2912 2903 3436 2950 consummarentur
3460 2894 3528 2962 ⁸⁸;
3564 2915 3582 2947 ι

1977 2985 2056 3041 ita
2099 2986 2267 3041 etiam
2313 3001 2415 3040 nos
2454 2986 2902 3056 exspectabimus
2938 2995 3150 3056 patres,
3191 3002 3261 3041 ne
3301 2986 3422 3042 sine
3453 2987 3594 3058 ipsis

1976 3077 2354 3150 perficiamur.
2385 3079 2503 3134 Una
2519 3079 2666 3134 enim
2691 3095 2756 3134 ac
2781 3080 2991 3150 pariter
3013 3094 3139 3134 cum
3167 3081 3376 3134 sanctis
3409 3081 3589 3152 patri-

1977 3171 2084 3227 bus
2114 3172 2278 3242 primi
2311 3179 2367 3227 et
2393 3172 2561 3227 medii
2603 3179 2660 3227 et
2692 3173 2870 3228 ultimi
2901 3173 3089 3243 populi
3118 3214 3132 3238 ,
3161 3174 3429 3243 optimam
3460 3173 3589 3228 nul—

244 3268 468 3338 γλῆρον
505 3266 564 3317 ὲν
596 3263 854 3336 Χριστῷ·
896 3263 962 3318 δι’
1008 3257 1070 3319 οὐ
1111 3265 1208 3318 καὶ
1257 3263 1376 3334 μεθ’
1409 3258 1470 3318 οὐ
1513 3263 1590 3336 τῷ
1625 3263 1744 3334 Θεῷ
1781 3266 1875 3318 καὶ

1981 3263 2140 3334 laque
2164 3279 2330 3318 manu
2368 3263 2590 3328 factam,
2617 3273 2714 3318 aut
2756 3263 3080 3333 acquisitam
3126 3263 3281 3332 regni
3321 3263 3590 3318 caelorum

247 3359 442 3431 Ηατρὶ
475 3358 508 3428 ἡ
539 3356 668 3423 δόξα
711 3358 809 3411 σὺν
841 3356 982 3428 ἁγίῳ
1030 3355 1314 3427 Πνεύματι
1357 3358 1437 3420 είς
1479 3357 1604 3420 τοὺς
1645 3356 1871 3420 αἰῶνας.

257 3453 317 3504 Ἀ
328 3453 474 3522 μήν.

245 3669 396 3738 Περὶ
451 3668 566 3724 τοῦ
630 3669 859 3740 Ἰωσὴφ
899 3670 997 3725 καὶ
1032 3669 1156 3724 τῶν
1195 3670 1344 3727 υἱῶν
1392 3670 1578 3726 αὐτοῦ
1633 3671 1878 3742 Ἐφρατμ

841 3763 942 3817 καὶ
973 3763 1310 3833 Μανασσῆ.

326 3915 360 3951 α
384 3937 399 3949 .
452 3915 472 3947 ι
504 3897 669 3950 Πᾶσα
708 3896 808 3966 μὲν
841 3895 988 3960 δόσις
1020 3896 1224 3968 ἀγαθὴ,
1254 3895 1352 3950 καὶ
1393 3898 1498 3951 πᾶν
1523 3897 1757 3970 δώρημα
1784 3897 1874 3951 τέο

243 3989 396 4042 λειον
433 3987 648 4042 ἄνωθέν
695 3989 814 4040 ἐστι
865 3989 1198 4043 καταϐαῖνον
1249 3991 1315 4043 ὲκ
1369 3988 1463 4042 τοῦ
1504 3990 1720 4061 Πατρὸς
1765 3989 1876 4044 τῶν

247 4083 481 4149 φώτων.
519 4097 538 4129 ι
569 4077 743 4134 Οὐδὲν
769 4079 828 4132 δὲ
861 4075 1001 4133 εἷναί
1044 4097 1188 4151 φημι
1221 4078 1332 4134 τῶν
1364 4079 1508 4135 οὕτω
1539 4081 1754 4135 σεπτῶν
1781 4081 1876 4136 καὶ

244 4170 627 4244 ἐξῃρημένων
661 4170 904 4238 ἀγαθῶν,
933 4171 964 4224 6
1001 4172 1076 4243 μὴ
1102 4171 1190 4225 διὰ
1214 4172 1456 4244 Χριστοῦ
1489 4190 1550 4226 κε
1563 4172 1873 4244 ρδαίνομεν.

250 4282 270 4315 σ
310 4264 530 4332 Γέγονε
578 4262 730 4335 γάρ.,
759 4264 914 4335 φησὶ,
963 4265 1195 4335 μεσίτης
1233 4263 1370 4319 Θεοῦ
1401 4266 1498 4319 καὶ
1549 4265 1872 4338 ἀνθρώπων,

244 4356 342 4408 καὶ
371 4353 628 4408 διἀὐτοῦ
649 4355 751 4426 τὴν
773 4358 1146 4426 προσαγωγὴν
1173 4358 1491 4428 ἐσχήκαμεν
1513 4359 1570 4412 ὲν
1595 4359 1676 4412 ἑνὶ
1700 4359 1874 4412 Πνεῦ-

249 4465 390 4518 ματι
423 4446 569 4518 πρὸς
597 4447 691 4501 τὸν
728 4448 788 4500 ὲν
829 4447 1082 4520 οὐρανοῖς
1122 4448 1340 4519 Πατέρα
1376 4451 1472 4503 καὶ
1503 4450 1660 4506 Θεόν.
1700 4469 1718 4502 ι
1752 4453 1874 4506 Τοι-

244 4541 458 4611 γάρτοι
488 4540 589 4594 καὶ
613 4538 879 4607 ἔφασκενο
921 4557 940 4590 ι
981 4537 1171 4602 Οὐδεὶς
1201 4537 1422 4610 ἔρχεται
1455 4541 1608 4612 πρὸς
1637 4541 1728 4594 τὸν
1759 4543 1873 4595 Πα-

1977 3356 2362 3411 Ιιωτεάἱιιιιεηι
2407 3355 2746 3426 accipiemus
2795 3357 2850 3409 in
2885 3355 3127 3421 Christo,
3177 3372 3282 3427 per
3324 3371 3488 3426 quem
3535 3363 3592 3412 et

1977 3464 2104 3505 cum
2131 3466 2242 3520 quo
2275 3450 2349 3505 sit
2373 3451 2486 3505 Deo
2519 3458 2575 3505 et
2604 3450 2750 3504 Patri
2771 3450 2948 3521 gloria
2985 3465 3112 3504 cum
3143 3458 3337 3506 sancto
3368 3448 3589 3520 Spiritu

1977 3540 2036 3596 in
2068 3543 2269 3597 saecula
2293 3542 2646 3598 seculorum.
2672 3541 2871 3596 Amen.

1978 3675 2142 3746 205
2198 3675 2277 3730 De
2315 3674 2542 3747 Josepho
2586 3683 2636 3729 et
2667 3674 2797 3745 ﬁliis
2848 3676 3014 3746 ipsius
3067 3675 3328 3747 Ephraim
3389 3684 3438 3730 et
3467 3675 3592 3731 Μα-

2686 3785 2863 3822 nasse.
3345 3807 3352 3812 .

2051 3899 2102 3952 l.
2142 3918 2159 3949 ι
2193 3895 2368 3954 Omne
2402 3898 2594 3954 datum
2618 3898 2911 3969 optimum,
2939 3907 3176 3954 etomne
3205 3899 3412 3953 donum
3454 3915 3588 3970 per-

1975 3989 2181 4046 fectum
2205 3990 2496 4046 descendit
2522 4007 2552 4045 a
2581 3992 2745 4047 Patre
2768 3991 3042 4046 luminum
3066 3991 3131 4046 δ’.
3170 4011 3188 4044 ι
3209 3992 3431 4048 Nullum
3457 4009 3592 4051 vero

1976 4083 2117 4138 adeo
2159 4081 2535 4160 pretiosorum
2582 4091 2749 4153 atque
2779 4083 3112 4139 eximiorum
3152 4083 3428 4140 bonorum
3467 4101 3591 4142 esse

1975 4190 2199 4242 censeo,
2226 4174 2376 4245 quod
2398 4191 2507 4230 non
2537 4190 2947 4246 consequamur
2970 4191 3070 4246 per
3095 4175 3403 4232 Christum.
3437 4198 3455 4228 ι
3483 4179 3588 4233 Fa-

1975 4275 2099 4322 ctus
2123 4274 2209 4321 est
2234 4266 2384 4321 enim
2424 4264 2698 4321 mediator
2737 4266 2834 4322 Dei
2859 4275 2917 4322 et
2945 4267 3238 4322 hominum
3283 4268 3351 4322 '°.
3394 4269 3463 4322 Et
3490 4284 3591 4339 per

1974 4359 2156 4430 ipsum
2188 4374 2470 4415 accessum
2485 4357 2757 4412 habemus
2789 4358 2844 4411 in
2887 4372 2999 4411 uno
3031 4356 3242 4428 Spiritu
3299 4357 3369 4412 ad
3410 4358 3589 4413 Deum

1973 4459 2032 4508 et
2067 4453 2286 4507 Patrem
2307 4450 2588 4505 caelestem
2613 4449 2680 4502 ³⁸.
2713 4467 2730 4500 ι
2767 4447 2926 4504 Unde
2952 4456 3010 4503 et
3035 4447 3154 4518 ipse
3178 4449 3322 4503 dixit
3349 4466 3363 4502 :
3404 4468 3422 4501 ι
3476 4449 3587 4505 Ne-

1977 4561 2068 4600 mo
2093 4544 2247 4600 venit
2277 4543 2346 4598 ad
2372 4544 2590 4599 Patrem
2620 4541 2726 4596 nisi
2753 4557 2854 4612 per
2877 4557 2967 4598 me
2997 4542 3064 4594 5'.
3115 4560 3133 4594 ι
3171 4541 3232 4597 In
3271 4542 3393 4613 ipso
3435 4543 3586 4598 enim

243 4609 411 4704 τέρα,
455 4632 507 4683 εί
537 4631 614 4702 μὴ
670 4631 740 4684 δι’
781 4629 941 4701 ἐμοῦ.
976 4650 994 4683 ι
1035 4631 1124 4685 Ἐν
1176 4609 1326 4704 αὐτῷ
1373 4632 1432 4687 δὲ
1467 4609 1560 4686 καὶ
1607 4632 1676 4687 δι’
1703 4632 1872 4688 αὐτοῦ

1981 4645 2036 4695 et
2058 4653 2158 4710 per
2174 4637 2354 4708 ipsum
2380 4636 2564 4691 omnis
2607 4609 2798 4706 gratiae
2856 4634 3169 4706 plenitudo,
3205 4643 3262 4689 et
3292 4609 3588 4706 splendida

244 4727 360 4778 πᾶν
387 4723 679 4794 πλήρωμα
705 4722 929 4795 χάριτος
952 4724 1047 4778 καὶ
1074 4724 1401 4796 κληροδοσία
1423 4725 1672 4798 λαμπρά.
1703 4727 1872 4782 Πλού-

1981 4731 2295 4788 Ιιωῐοεᾶὶιιιε.
2337 4731 2484 4785 Deus
2531 4729 2679 4783 enim
2707 4728 2864 4784 dives
2916 4728 3225 4794 exsistens,
3267 4727 3448 4783 factus
3502 4737 3590 4784 est

247 4835 366 4881 σιος
413 4815 532 4888 γὰρ
560 4815 637 4870 ῶν
668 4817 697 4869 ὁ
729 4815 885 4883 Θεὸς,
917 4814 1234 4890 ὲτςτώχευσε
1279 4817 1538 4891 δι’ἡμᾶς,
1576 4820 1664 4875 ἵνα
1707 4822 1874 4894 ἡμεῖς

1981 4833 2208 4898 propter
2234 4839 2336 4879 nos
2370 4838 2601 4894 pauper,
2639 4828 2700 4876 ut
2732 4837 2834 4877 nos
2865 4821 3042 4893 ipsius
3081 4832 3409 4894 paupertate
3445 4823 3587 4878 dita-

243 4913 313 4981 τῇ
357 4908 540 4962 αὐτοῦ
593 4909 840 4981 πτωχείᾳ
896 4908 1319 4982 πλουτήσωμεν,
1372 4913 1466 4965 καὶ
1515 4915 1594 4979 είς
1628 4914 1729 4987 τὴν
1766 4916 1878 4972 τῶν

1981 4917 2248 4984 remur",
2268 4925 2440 4988 utque
2459 4915 2528 4970 ad
2557 4922 2877 4971 sanctorum
2915 4923 3132 4986 patrum
3161 4915 3396 4986 gloriam
3447 4932 3584 4972 con-

247 5004 437 5072 ἁγίων
471 5003 737 5073 Πατέρων
784 5000 1189 5072 ἀῦαφοιτῶντες
1225 5005 1404 5074 δόξαν,
1441 5007 1534 5060 καὶ
1564 5008 1662 5078 τῆς
1692 5009 1877 5075 αὐτοῖς

250 5097 337 5150 ὅτι
361 5096 609 5166 μάλιστα
633 5096 1102 5169 πρεπωδεστάτης
1126 5099 1344 5164 ἐλπίδος
1376 5102 1701 5174 μεταλαχεῖν
1727 5103 1878 5174 ἰσχύ-

253 5207 476 5260 σωμεν.
504 5189 615 5242 Θέα
641 5190 696 5243 δὲ
719 5188 894 5261 ἀληθῆ
916 5191 1007 5244 τὸν
1031 5192 1124 5244 ἐπὶ
1149 5191 1360 5257 τούτοις
1382 5193 1684 5263 λόγον,τοῖς
1713 5197 1879 5268 ἱεροῖς

255 5281 298 5334 Γ
305 5285 603 5353 ράμμασιν
633 5283 796 5346 ἐνιεὶς
825 5283 919 5336 τὸν
963 5283 1064 5355 τῆς
1104 5283 1346 5349 διανοίας
1384 5286 1684 5357 ὀφθαλμόν.
1719 5289 1872 5360 Ἔχει

254 5377 371 5447 γὰρ
395 5369 503 5429 ὦδε
527 5374 691 5429 πάλιν
711 5391 724 5405 ’
756 5393 776 5427 ι
819 5373 1072 5444 Ἐγένετο
1095 5376 1152 5430 δὲ
1179 5377 1319 5448 μετά
1341 5378 1408 5432 τά
1431 5382 1654 5451 ῥήματα
1673 5379 1871 5447 ταῦτα,

256 5469 358 5521 καὶ
385 5467 667 5539 ἀνηγγέλη
690 5465 770 5538 τῷ
809 5466 1029 5538 Ἰωσὴφ,
1051 5468 1135 5521 ὅτι
1163 5470 1192 5522 6
1226 5468 1410 5540 πατὴρ
1443 5469 1610 5522 αὐτοῦ
1639 5469 1874 5540 ἐνοχλεῖ·

1977 5007 2292 5074 tendentes,
2312 5009 2478 5064 etiam
2511 5024 2667 5080 spem
2700 5008 2836 5080 ipsis
2860 5008 3023 5080 longe
3044 5006 3424 5078 dignissimam
3451 5023 3586 5064 con-

1978 5103 2134 5176 sequi
2159 5117 2469 5175 possemus.
2501 5100 2628 5156 lla:c
2654 5111 2840 5156 autem
2865 5101 2939 5156 ita
2965 5117 3024 5155 se
3057 5099 3266 5155 habere
3290 5100 3453 5156 facile
3483 5115 3582 5158 co-

1977 5210 2232 5268 gnosces,
2259 5194 2305 5250 si
2333 5192 2536 5248 mentis
2555 5193 2717 5248 oculo
2749 5208 2936 5247 sacras
2968 5191 3210 5248 Litteras
3244 5195 3585 5266 contemple-

1977 5285 2075 5339 ris.
2119 5282 2359 5338 Itaenim
2385 5281 2594 5337 habent
2627 5299 2638 5335 :
2681 5300 2700 5332 ι
2739 5281 2970 5338 Factum
2996 5291 3280 5338 estautem
3317 5295 3442 5354 post
3467 5284 3588 5342 hinc

1976 5376 2170 5440 verba,
2196 5386 2253 5430 et
2292 5373 2606 5429 nuntiatum
2648 5382 2733 5430 est
2754 5374 3020 5444 Josepho,
3079 5375 3227 5447 quod
3267 5386 3426 5446 pater
3463 5377 3586 5448 ejus

1977 5469 2223 5542 graviter
2248 5474 2560 5538 aegrotaret.
2592 5465 2660 5520 Et
2711 5467 2954 5537 acceptis
2985 5467 3204 5524 duobus
3256 5468 3384 5524 filiis
3445 5469 3580 5536 suis,

256 5575 371 5613 ται.
419 5560 531 5612 Καὶ
565 5557 861 5614 ἀναλαϐὼν
891 5561 1020 5625 τοὺς
1059 5560 1154 5614 δύο
1197 5561 1348 5623 υίούς
1400 5561 1565 5615 αὐτοῦ
1612 5561 1704 5616 τὸν
1749 5562 1872 5616 Μα-

259 5652 439 5724 νασσῆ
476 5654 572 5708 καὶ
607 5653 704 5707 τὸν
745 5651 1010 5727 Ἐφρατμ,
1042 5649 1174 5726 ἦλθε
1214 5653 1351 5726 πρὸς
1403 5654 1620 5709 Ἰακώϐ.
1662 5655 1873 5725 ’Λπηγ-

1977 5564 2226 5618 Manasse
2252 5569 2308 5616 et
2343 5559 2628 5631 Epliraim,
2650 5559 2804 5640 venit
2843 5560 2909 5615 ad
2937 5561 3228 5616 Jacobnm.
3268 5561 3580 5615 Annuntia-

1977 5663 2181 5710 verunt
2231 5662 2418 5708 autem
2456 5650 2666 5707 Iacobo
2718 5650 2968 5706 dicentes
3007 5669 3019 5704 :
3058 5651 3195 5705 Ecce
3245 5649 3394 5704 filius
3452 5657 3582 5705 tuus

283 5878 286 5879 ν
337 5815 383 5845 ⁸⁷
417 5815 552 5872 Gen.
589 5832 915 5872 XLIV-XLVII.
997 5816 1042 5850 ⁸³
1069 5817 1239 5874 Hebr.
1268 5835 1342 5886 ιι,
1377 5817 1465 5873 59.
1545 5819 1590 5850 ⁸ο
1622 5818 1737 5874 Jac.
1775 5833 1811 5884 ι,
1843 5818 1878 5872 l‘

265 5881 314 5916 ⁸³
349 5884 392 5941 ll
433 5887 559 5944 Cor.
605 5904 720 5954 vm,
767 5889 822 5942 9.

2007 5819 2054 5852 '°
2085 5818 2102 5871 l
2133 5818 2276 5872 Tim.
2308 5833 2365 5882 ιι,
2395 5816 2446 5871 5.
2531 5814 2574 5900 ’ἢ
2609 5813 2814 5884 Ephes.
2850 5830 2908 5881 ιι,
2944 5812 3032 5868 i8.
3111 5813 3158 5844 "
3188 5811 3345 5866 Joan.
3381 5824 3489 5876 xlv,
3523 5806 3577 5866 6.
