4034 6462
485 390 588 451 527

1523 389 1580 446 S.
1623 386 1898 444 CYRILLI
1941 380 2413 440 ALEXANDle
2454 378 2775 436 ARCHIEP.

3659 379 3754 438 598

483 503 685 579 Joseph
714 504 866 562 venit
885 505 952 561 ad
981 512 1066 573 te;
1093 512 1150 561 et
1174 503 1516 560 confortatus
1540 505 1706 560 Israel
1728 501 1976 574 erigebat
2013 513 2072 554 se

2192 496 2310 567 τέλη
2332 494 2390 549 δὲ
2414 494 2493 567 τῷ
2532 493 2747 560 Ἰακὼϐ,
2777 492 3028 562 λέγοντες
3049 509 3062 522 ·
3099 492 3230 547 Ἰδοὺ
3258 492 3287 545 ὁ
3319 492 3435 554 uid;
3461 508 3554 545 σου
3571 493 3751 568 Ἰωσὴφ

485 601 543 656 in
569 602 731 665 lecto,
756 606 812 654 et
837 599 975 654 dixit
996 599 1060 654 ad
1085 599 1384 670 Josephum
1409 617 1421 652 :
1446 599 1595 653 Deus
1613 613 1774 653 meus
1821 592 2077 667 apparuit

2192 587 2400 660 ἔρχεται
2441 587 2580 660 πρὸς
2631 587 2693 640 σέ
2718 602 2735 617 ο
2774 587 2871 639 καὶ
2918 583 3212 655 ἐνισχῦσας
3256 584 3476 656 Ἰσραὴλ
3519 586 3754 642 ἐκάθισεν

485 692 622 747 mihi
650 691 707 746 in
736 691 883 746 Luza
901 691 957 745 in
978 690 1259 755 Chanaan,
1285 690 1677 760 benedixitque
1698 688 1858 753 mihi,
1899 694 1956 741 et
1995 685 2078 740 di-

486 784 567 839 xit
594 782 661 837 ad
684 797 806 836 me:
848 781 992 836 Ecce
1013 796 1117 852 ego
1156 780 1369 852 augebo
1398 790 1475 846 te,
1508 789 1565 835 et
1592 777 1972 850 multiplicabo
2001 786 2076 841 te,

488 874 758 930 etfaciam
784 881 839 927 te
863 874 920 927 in
949 874 1406 943 congregationes
1430 873 1701 945 gentium,
1727 880 1784 926 et
1804 870 1950 925 dabo
1979 868 2080 923 tibi

489 972 694 1020 terram
734 965 898 1030 hanc,
920 972 985 1019 et
1003 964 1200 1019 semini
1230 974 1327 1020 tuo
1358 973 1485 1035 post
1514 973 1568 1019 te
1590 964 1646 1018 in
1676 963 2081 1035 possessionem

486 1067 773 1112 aeternam.
817 1058 978 1117 Nunc
1006 1057 1176 1127 igitur
1237 1057 1317 1111 illi
1372 1058 1484 1112 duo
1524 1056 1642 1121 ﬁlii,
1669 1056 1766 1126 qui
1809 1056 1927 1110 nati
1953 1060 2083 1109 sunt

488 1150 588 1204 tibi
612 1152 665 1206 in
708 1149 961 1221 lEgypto,
1005 1158 1303 1220 antequam
1367 1164 1469 1221 ego
1503 1150 1571 1205 ad
1599 1158 1651 1204 te
1693 1150 1805 1204 huc
1831 1147 2080 1203 venerim

488 1243 546 1299 in
573 1242 890 1315 Egyptum,
915 1242 1023 1297 mei
1044 1251 1195 1307 sunt,
1224 1242 1485 1312 Ephraim
1536 1249 1592 1297 et
1639 1240 1909 1304 Manassc,
1941 1239 2083 1293 sicut

490 1334 687 1390 Ruben
711 1344 767 1390 et
798 1335 1022 1390 Simeon
1053 1335 1163 1389 mei
1187 1346 1374 1390 erunt.
1423 1333 1530 1401 Qui
1577 1341 1761 1388 autem
1814 1340 1937 1404 post
1980 1347 2082 1387 na-

490 1436 716 1482 scentur
740 1426 840 1481 tibi
868 1427 947 1481 tui
968 1434 1162 1491 erunt,
1204 1425 1652 1497 quandoquidem
1681 1433 1737 1479 et
1763 1425 1820 1479 hi
1859 1424 2085 1480 nomine

488 1516 722 1571 fratrum
761 1533 988 1572 suorum
1033 1518 1382 1573 vocabuntur
1417 1517 1473 1571 in
1513 1517 1734 1571 illorum
1787 1516 2084 1571 haeredita-

491 1610 659 1667 tibus.
688 1610 919 1677 Quando
953 1619 1138 1666 autem
1170 1626 1271 1682 ego
1290 1610 1640 1667 discedebam
1678 1626 1746 1665 ex
1774 1610 2085 1680 Mesopota-

491 1702 600 1757 mia
636 1702 828 1774 Syriae,
868 1714 1086 1757 mortua
1117 1710 1205 1758 est
1236 1703 1442 1758 Rachel
1476 1712 1656 1759 mater
1694 1709 1791 1758 tua
1847 1702 1906 1756 in
1939 1710 2087 1757 terra

489 1793 768 1861 Chanaan,
804 1811 891 1852 me
921 1796 1399 1867 appropinquante
1416 1797 1484 1851 ad
1505 1796 1929 1868 hippodromum
1945 1796 2090 1852 Cha-

491 1888 700 1942 brathae
733 1897 914 1951 terrae,
963 1903 1064 1958 per
1098 1903 1264 1958 quam
1296 1888 1409 1943 itur
1440 1889 1498 1943 in
1561 1898 1768 1943 terram
1801 1889 2084 1961 Ephraue,

491 1985 657 2048 atque
701 1978 931 2049 sepelivi
960 1995 1082 2033 eam
1116 1979 1173 2033 in
1199 1980 1288 2034 via
1318 1980 1692 2050 hippodromi.
1739 1979 1861 2050 Ipsa
1899 1989 2087 2035 autem

490 2080 576 2128 est
609 2073 930 2127 Bcthlehem
962 2072 1030 2126 ".
1071 2091 1089 2125 ι
1141 2072 1645 2143 Pervenitquidem
1675 2073 1846 2129 Jacob
1884 2074 1954 2128 ad
2001 2088 2087 2129 se-

490 2171 770 2219 nectutem
821 2164 1047 2229 bonam,
1092 2173 1156 2219 ut
1188 2165 1455 2235 scriptum
1512 2174 1596 2221 est
1628 2183 1642 2220 :
1679 2165 1776 2221 sed
1825 2165 2085 2237 quoniam

490 2255 597 2324 iam
626 2271 691 2310 ex
732 2255 992 2310 humanis
1016 2255 1184 2311 rebus
1215 2257 1506 2326 migrabat,
1546 2257 1880 2313 benedicere
1940 2257 2091 2329 cogi-

491 2347 643 2401 tabat
678 2347 806 2402 ﬁliis
837 2347 1077 2417 Ioseph;
1120 2350 1284 2419 206
1318 2349 1412 2418 qui
1440 2363 1564 2403 cum
1589 2357 1776 2403 essent
1811 2365 1879 2402 ex
1911 2356 2089 2404 matre

491 2438 823 2507 alienigena,
874 2438 1115 2493 Aseneth
1148 2437 1258 2493 ﬁlia
1293 2439 1595 2494 sacerdotis
1652 2439 1991 2510 Putipharze,
2019 2454 2089 2494 ne

492 2527 618 2596 quis
648 2527 791 2583 forte
822 2528 1193 2583 lsraelitarum
1223 2543 1321 2584 eos
1372 2529 1812 2595 abominaretur,
1842 2537 2092 2600 putaret-

491 2635 598 2689 que
631 2621 780 2691 ipsos
816 2630 1135 2676 extraneum
1165 2637 1229 2677 ac
1248 2622 1526 2677 diversum
1557 2638 1731 2693 genus
1765 2637 1921 2690 esse;
1962 2623 2090 2679 ideo

492 2712 796 2781 prudenter
833 2712 1092 2784 bonoque
1142 2713 1377 2769 consilio
1430 2714 1653 2769 divinus
1696 2714 1867 2770 Jacob
1930 2714 2089 2770 Jose-

491 2803 662 2874 phum
709 2805 958 2876 aliosque
980 2806 1182 2861 fratres
1219 2816 1453 2862 conatur
1491 2807 1711 2873 docere,
1745 2808 1915 2879 quod,
1952 2808 2093 2864 divi-

490 2898 579 2953 nis
611 2897 851 2953 oratulis
878 2898 1141 2963 monitus,
1177 2914 1369 2953 omnes
1389 2899 1483 2969 qui
1514 2914 1581 2954 ex
1616 2900 1752 2970 ipsis
1790 2901 1905 2955 nati
1936 2909 2088 2967 sunt,

483 2987 595 3043 siJi
646 2990 924 3059 mancipet
960 2997 1017 3044 et
1058 2990 1180 3045 loco
1221 2989 1459 3045 ﬁliorum
1495 2991 1715 3047 habeat.
1760 2992 1851 3048 Ait
1887 2993 2036 3048 enim
2073 3010 2087 3048 :

502 3100 519 3131 ι
552 3081 815 3151 Apparuit
848 3083 985 3137 mihi
1012 3083 1161 3138 Deus
1189 3084 1247 3138 in
1288 3093 1439 3139 terra
1467 3084 1748 3152 Chanaan,
1798 3106 1817 3139 ι
1859 3103 2090 3158 expres-

2180 680 2275 734 ἐπὶ
2304 680 2404 752 τὴν
2433 679 2642 749 κλίνην.
2673 679 2782 733 Καὶ
2805 675 2960 732 εἶπεν
2994 677 3189 733 Ἰακὼϐ
3211 676 3291 749 τῷ
3324 677 3542 747 Ἰωσήφ·
3558 678 3615 732 '0
3634 679 3755 743 Θεός

2184 791 2287 846 μου
2314 774 2472 845 ὤφθη
2506 791 2597 845 μοι
2629 775 2687 829 ἐν
2714 772 2897 845 Λουζᾷ
2923 773 2982 825 ἐν
3012 776 3083 844 γῇ
3109 771 3353 836 Χαναὰν,
3387 773 3483 825 καὶ
3509 772 3754 843 εὐλόγησέ

2186 886 2274 940 με,
2301 870 2394 923 καὶ
2430 863 2551 921 εἶπέ
2581 883 2703 937 μοι’
2746 866 2879 920 Ἰδοὺ
2911 862 3020 930 ἐγὼ
3052 865 3275 937 αὐξήσω
3304 881 3361 917 σε
3394 864 3489 917 καλ⁸
3519 864 3756 936 πληθυνῶ

2184 978 2265 1026 σε,
2299 963 2393 1015 καὶ
2431 961 2646 1032 ποιήσω
2689 976 2750 1012 σε
2778 961 2858 1023 εἰς
2897 958 3222 1029 συναγωγὰς
3259 957 3451 1022 ἐθνῶν,
3487 958 3581 1011 καὶ
3614 956 3758 1013 δώσω

2185 1066 2269 1104 σοι
2298 1051 2398 1121 τὴν
2423 1052 2527 1120 γῆν
2549 1049 2776 1121 ταύτην,
2800 1050 2897 1103 καὶ
2921 1049 3001 1121 τῷ
3021 1047 3297 1121 σπέρματί
3323 1066 3418 1103 σου
3447 1048 3584 1120 μετά
3609 1048 3665 1103 σὲ
3686 1052 3758 1114 είς

2184 1143 2518 1214 κατάσχεσιν
2539 1142 2778 1197 αἰώνιον.
2806 1142 2924 1196 Νῦν
2951 1138 3049 1196 οῦν
3077 1144 3127 1195 oi
3148 1141 3244 1195 δύο
3270 1158 3364 1195 σου
3395 1142 3519 1207 uio‘t,
3547 1142 3595 1195 οἰ
3619 1144 3759 1210 γενόο

2188 1235 2340 1307 μενοι
2374 1252 2456 1289 σοι
2482 1236 2541 1289 ἐν
2566 1238 2638 1308 γῇ
2671 1236 2952 1305 Αἰγύπτῳ,
2983 1234 3091 1307 πρὸ
3122 1234 3217 1288 τοῦ
3249 1252 3317 1305 με
3353 1233 3528 1288 ἐλθεῖν
3555 1234 3683 1305 πρὸς
3705 1237 3759 1289 σε

2185 1330 2267 1391 είς
2312 1328 2609 1397 Αἴγυπτον,
2660 1328 2784 1400 ἐμοί
2836 1331 2996 1395 εἰσιν,
3043 1327 3289 1399 Ἐφραῒμ
3335 1327 3431 1382 καὶ
3454 1328 3754 1399 Μανασσῆς,

2186 1418 2263 1482 ὼς
2300 1419 2562 1490 Ῥουϐεὶμ
2594 1421 2690 1473 καὶ
2715 1418 2943 1491 Συμεὼν
2980 1420 3193 1473 ἔσονταί
3225 1435 3335 1490 μοι.
3375 1420 3459 1474 Τά
3483 1420 3540 1473 δὲ
3558 1420 3758 1489 ἔκγονα,

2186 1510 2223 1564 ἃ
2252 1510 2347 1565 ἐὰν
2373 1512 2646 1585 γεννήσῃς
2677 1511 2817 1582 μετὰ
2830 1513 3027 1579 ταῦτα,
3062 1515 3146 1566 σοὶ
3176 1512 3413 1577 ἔσονται,
3437 1514 3527 1567 ἐπὶ
3562 1513 3637 1584 τῷ
3658 1515 3760 1568 ὀνό-

2192 1620 2325 1674 ματι
2358 1603 2469 1656 τῶν
2490 1604 2733 1674 ἀδελφῶν
2758 1604 2940 1657 αὐτῶν
2957 1605 3324 1677 κληθήσονται
3344 1607 3403 1659 ἐν
3420 1609 3533 1670 τοῖς
3557 1607 3760 1660 ἐκείνων

2190 1694 2437 1766 κλήροις.
2478 1693 2620 1764 Ἐγὼ
2651 1697 2717 1766 δὴ
2744 1696 2911 1769 ἡνίκα
2941 1697 3195 1769 ἠρχόμην
3226 1698 3292 1751 ἐκ
3321 1698 3423 1767 τῆς
3455 1699 3754 1753 Macronem.

2195 1787 2323 1859 μίας
2349 1788 2449 1859 τῆς
2477 1788 2696 1861 Συρίας,
2720 1789 2964 1843 ἀπέθανε
2999 1790 3201 1861 Ῥαχὴλ
3224 1792 3257 1862 ἡ
3291 1792 3478 1862 μήτηρ
3502 1809 3594 1843 σου
3615 1792 3668 1844 ὲν
3696 1794 3756 1864 γῇ

2189 1880 2431 1946 Χαναὰν,
2470 1880 2786 1949 ἐγγίζοντός
2827 1899 2929 1953 μου
2968 1883 3112 1937 κατά
3152 1882 3245 1937 τὸν
3285 1884 3643 1975 ἰππόδρομονχ
3662 1885 3760 1939 Χα-

2189 1972 2373 2044 δραθᾶ
2401 1972 2502 2043 τῆς
2547 1973 2653 2045 γῆς
2692 1973 2787 2027 τοῦ
2820 1974 2998 2028 ἐλθεῖν
3022 1977 3102 2039 εἰς
3116 1975 3220 2046 γῆν
3245 1972 3761 2047 Ἐφραθᾶααὶκας-

2188 2063 2376 2136 ώρυξα
2409 2065 2581 2136 αὐτὴν
2614 2068 2673 2118 ἐν
2711 2069 2780 2138 τῇ
2812 2066 2919 2138 ὁδῷ
2944 2066 3040 2121 τοῦ
3071 2068 3438 2141 ἱπποδρόμου.
3485 2069 3628 2141 Αὕτη
3660 2069 3758 2123 ἐστί

2189 2156 2463 2228 Βηθλεέμ.
2502 2177 2522 2210 ι
2579 2157 2912 2230 Ἑτέθραπτο
2947 2160 3048 2231 μὲν
3087 2160 3195 2233 γὰρ
3222 2163 3250 2215 ό
3280 2161 3554 2233 μακάριος
3587 2162 3762 2217 Ἰακὼϐ

2190 2250 2248 2303 ἐν
2279 2251 2436 2322 γήρει
2462 2248 2633 2320 καλῷ,
2658 2250 2797 2304 κατά
2819 2251 2879 2304 τὸ
2903 2253 3308 2324 γεγραμμένον.
3356 2255 3569 2326 Ἐπειδὴ
3594 2254 3646 2308 δέ
3668 2271 3759 2308 των

2190 2342 2313 2398 καθ’
2346 2344 2493 2415 ἡμᾶς
2523 2342 2793 2415 ἀπεδήμει
2822 2346 3186 2417 πραγμάτων,
3220 2344 3468 2415 εὐλογεῖν
3492 2346 3759 2406 ἐσκέπτετο

2189 2433 2316 2497 τοὺς
2340 2432 2401 2501 ἐξ
2442 2432 2667 2504 Ἰωσήφ·
2718 2435 2768 2489 οἳ
2814 2434 3045 2507 ἐπείπερ
3086 2432 3227 2506 ἦσαν
3269 2436 3336 2490 ἐκ
3377 2435 3578 2509 μητρὸς
3618 2435 3757 2490 Mo-

2190 2523 2406 2594 γενοῦς,
2441 2525 2540 2598 τῆς
2581 2526 2800 2580 Ἀσενὲθ
2836 2527 3109 2599 θυγατρὸς
3148 2528 3343 2599 ἱερέως
3373 2529 3468 2582 τοῦ
3495 2528 3755 2600 Πετεφρῆ,

2192 2617 2280 2675 ίνα
2324 2620 2486 2691 μήτις
2524 2620 2724 2683 αὐτοὺς
2767 2621 3241 2692 καταμυσάττοιτο
3284 2621 3396 2675 τῶν
3440 2622 3499 2688 ἐξ
3547 2622 3754 2693 Ἰσραὴλ,

2191 2707 2426 2778 ἐκφυλόν
2455 2725 2514 2762 τε
2566 2711 2661 2763 καὶ
2701 2710 2907 2764 ὀθνεῖον
2954 2712 3143 2783 ἡγοῖτο
3183 2711 3245 2764 τὸ
3298 2712 3473 2781 γένος,
3516 2712 3683 2782 σοφῶς
3707 2728 3757 2763 τι

2191 2801 2287 2855 καὶ
2335 2801 2694 2873 οἰκονομικῶς
2727 2803 2755 2857 ό
2798 2802 3089 2870 θεσπέσιος
3139 2805 3339 2859 Ἰακὼϐ
3398 2807 3557 2859 αὐτόν
3589 2823 3643 2858 τε
3680 2804 3757 2858 τὸν

2202 2894 2404 2966 Ἰωσὴφ
2436 2897 2524 2951 καὶ
2562 2897 2784 2970 ἐτέρους
2819 2899 2971 2962 υἱοὺς
3005 2900 3359 2972 είσπειρᾶται
3388 2899 3671 2963 διδάσκειν,
3689 2899 3758 2952 ὅτι

2192 2989 2312 3051 ταῖς
2341 2986 2513 3053 θείαις
2540 2990 2806 3061 ἑπόμενος
2845 2990 3069 3062 ψήφοις,
3090 2992 3303 3057 πάντας
3335 2992 3621 3047 οἰκειοῦται
3653 2993 3760 3053 τοὺς

2194 3076 2254 3145 ἐξ
2280 3080 2461 3135 αὐτῶν
2490 3081 2805 3151 γεγονότας.
2843 3101 2862 3132 ι
2895 3083 3074 3154 Ὠφθη
3099 3085 3208 3154 γάρ
3239 3102 3354 3156 μοι,
3387 3086 3568 3156 φησὶν,
3589 3087 3616 3138 ὁ
3647 3084 3760 3146 Θεὸς

493 3186 663 3244 seque
687 3173 820 3228 mihi
862 3175 1118 3245 promisit
1145 3191 1233 3230 me
1266 3174 1381 3230 fore
1408 3183 1621 3245 patrem
1657 3177 2089 3247 quamplurima-

2196 3173 2253 3227 ἐν
2286 3175 2356 3245 γῇ
2390 3173 2636 3240 Χαναὰν,
2674 3194 2692 3227 ι
2728 3176 2821 3229 καί⁸
2871 3176 2954 3229 ὅτι
2996 3176 3267 3232 πλείστων
3302 3178 3401 3249 μὲν
3430 3180 3566 3232 ὅσων
3591 3176 3760 3247 ἔσομαι

495 3281 616 3319 rum
681 3265 1033 3335 populorum,
1096 3280 1296 3336 meque
1336 3266 1676 3321 dilatandam
1733 3267 1788 3322 in
1821 3276 2013 3338 gentes
2039 3277 2096 3325 et

494 3354 739 3424 gentium
774 3354 1250 3425 congregationes.
1286 3355 1392 3409 Per
1423 3353 1530 3409 hoc
1560 3340 1834 3425 igitur'eis
1869 3373 2096 3427 persua-

494 3445 589 3498 det
623 3455 681 3498 ut
718 3445 891 3499 Deum
918 3444 1139 3499 sincera
1184 3453 1371 3499 mente
1403 3445 1700 3501 honorent.
1728 3448 1900 3503 Docet
1938 3449 2095 3506 insu-

494 3550 596 3605 per
660 3542 722 3588 ut
785 3534 1131 3605 propinquos
1165 3549 1269 3603 pro
1326 3533 1594 3591 fratribus
1658 3538 1775 3593 suis
1812 3548 2092 3610 reputent,

496 3626 672 3685 multo
710 3625 883 3696 magis
951 3626 1097 3691 illos,
1154 3625 1248 3695 qui
1298 3640 1367 3680 ex
1425 3625 1561 3696 ipsis
1629 3629 1736 3682 orti
1798 3639 1960 3695 sunt,
2010 3639 2095 3686 ta-

496 3718 658 3773 metsi
694 3718 839 3772 forte
868 3733 937 3771 ex
972 3724 1148 3771 matre
1202 3717 1507 3788 alienigena
1538 3718 1648 3774 sint
1674 3723 1967 3789 procreati.
2086 3706 2091 3709 l

564 3807 620 3861 2.
649 3805 900 3862 Breviter
930 3806 1118 3875 itaque
1158 3806 1401 3861 historiae
1441 3816 1590 3862 textu
1630 3810 1926 3880 explicato,
1960 3812 2095 3869 illud

496 3898 754 3959 dicimus,
790 3897 939 3968 quod
973 3907 1029 3952 et
1068 3913 1169 3953 nos
1203 3898 1307 3953 ﬁde
1330 3899 1617 3970 justiﬁcati
1654 3902 1783 3958 facti
1810 3919 2008 3960 sumus
2037 3906 2096 3961 in

496 3991 721 4048 Christo
757 3991 853 4045 lilii
896 3989 1117 4061 quidem
1154 3992 1272 4057 Dei,
1319 4000 1377 4047 et
1405 3991 1696 4049 domestici
1748 4005 2094 4064 sanctorum,

497 4083 778 4140 mediante
824 4082 963 4153 ipso,
999 4091 1054 4138 et
1101 4099 1201 4155 per
1242 4084 1488 4156 seipsum
1528 4102 1632 4141 nos
1663 4089 1959 4157 copulante
1988 4089 2094 4145 sibi

499 4186 556 4233 et
583 4177 751 4241 Patri,
783 4175 1064 4246 choroque
1102 4187 1458 4233 sanctorum:
1490 4179 1958 4252 quemadmodum
1980 4182 2097 4238 fere

500 4269 670 4324 etiam
721 4269 925 4340 Joseph
980 4270 1364 4340 interpositus,
1398 4273 1575 4343 patris
1604 4272 1692 4327 sui
1740 4273 1881 4329 ﬁlios
1913 4273 2098 4331 effecit

499 4363 764 4435 Ephraim
813 4373 871 4419 et
927 4363 1235 4429 Manassen,
1274 4373 1331 4420 et
1380 4367 1822 4436 patriarcharum
1851 4370 2098 4443 catalogo

474 4442 487 4509 ἰ
519 4458 708 4511 ιεοτίιή
749 4478 762 4513 :
807 4478 824 4507 ι
862 4457 1024 4512 Nunc
1077 4461 1251 4522 enim,
1299 4457 1400 4525 ait,
1460 4458 1571 4513 duo
1609 4459 1706 4515 ﬁlii
1732 4461 1812 4516 tui
1850 4461 1947 4532 qui
1980 4460 2097 4516 nati

2197 3266 2344 3321 λαῶν
2376 3268 2579 3340 πατὴρ,
2609 3268 3124 3342 κατευρυνθήσομαι
3171 3272 3228 3325 δὲ
3276 3273 3373 3328 καὶ
3423 3275 3502 3337 εἰς
3538 3272 3654 3343 ἔθνη
3681 3271 3761 3325 καὶ

2199 3360 2523 3428 συναγωγὰς
2546 3359 2737 3427 ἐθνῶν,
2764 3364 3066 3432 ἀναφανδὸν
3083 3366 3447 3437 ἐπηγγέλλετο
3503 3369 3588 3420 Ἐν
3605 3364 3761 3436 ταυτῷ

2195 3450 2262 3520 δὴ
2284 3449 2399 3517 οὖν,
2426 3452 2523 3506 καὶ
2550 3453 2683 3507 Θεὸν
2723 3455 3009 3510 ἀναπείθει
3040 3460 3209 3530 τιμᾷν
3251 3463 3378 3524 ταῖς
3409 3462 3489 3525 είς
3528 3458 3762 3527 ἀλήθειαν

2196 3542 2398 3608 δόξαις.
2439 3546 2548 3598 Καὶ
2579 3544 2814 3610 οἰκείους
2859 3549 3115 3619 ἡγεῖσθαι
3160 3551 3405 3606 διδάσκει
3457 3553 3580 3614 τοὺς
3622 3553 3761 3621 ἀγχι-

2199 3637 2512 3705 στεύοντας,
2548 3640 2751 3710 μᾶλλον
2777 3641 2836 3695 δέ
2867 3643 2994 3705 τοὺς
3022 3644 3083 3710 ἐξ
3113 3644 3296 3699 αὐτῶν
3329 3646 3651 3716 ἀναφύντας,
3675 3641 3762 3696 κᾶν

2197 3732 2247 3784 εἰ
2279 3730 2540 3799 γεγόνασι
2571 3732 2735 3803 τυχὸν
2763 3733 2829 3786 ὲκ
2872 3734 3082 3806 μητρὸς
3105 3735 3453 3805 ἀλλογενοῦς.

2270 3822 2338 3893 β’·
2369 3823 2556 3896 Βραχὺ
2584 3824 2653 3892 ἰδὲ
2692 3825 2792 3897 τῆς
2829 3827 3075 3897 ἱστορίας
3114 3828 3178 3881 τὸ
3205 3831 3381 3902 πάχος
3427 3828 3761 3894 ἐκϐαίνοντες,

2198 3915 2377 3969 ἐκεῖνό
2407 3931 2610 3986 φαμεν·
2637 3917 2795 3972 Οὕτω
2817 3919 2911 3972 καὶ
2943 3922 3106 3992 ἡμεῖς
3137 3922 3189 3975 oi
3218 3924 3277 3977 ἐν
3310 3925 3488 3977 πίστει
3515 3922 3764 3977 δεδικαιω-

2201 4006 2354 4078 μένοι
2383 4009 2690 4080 γεγόναμεν
2742 4011 2798 4063 ἐν
2832 4004 3084 4081 Χριστῷ,
3121 4012 3258 4067 Θεοῦ
3298 4015 3396 4086 μὲν
3442 4016 3565 4078 uici,
3590 4012 3689 4068 τῶν
3713 3998 3763 4064 δέ

2201 4098 2372 4164 ἁγίων
2408 4100 2617 4164 οἰκεῖοι,
2670 4101 3052 4171 μεσιτεύοντος
3103 4105 3292 4175 αὑτοῦ,
3347 4108 3443 4162 κα)⁸
3488 4107 3554 4160 δι’
3590 4101 3760 4160 ἑαυτοῦ

2203 4190 2512 4255 συνδέοντος
2535 4191 2687 4264 αὐτῷ
2718 4211 2777 4246 τε
2810 4196 2902 4248 καὶ
2928 4195 3007 4267 τῷ
3037 4197 3213 4270 Hae-pl
3235 4199 3332 4254 καὶ
3359 4202 3469 4264 τοῖς
3487 4199 3591 4253 τῶν
3614 4194 3762 4265 ἁγίων

2199 4286 2415 4354 χοροῑςο
2454 4282 2706 4355 καθάπερ
2758 4286 2956 4356 ἀμέλει
2987 4288 3081 4343 καὶ
3123 4290 3346 4362 Ἰωσὴφ,
3397 4292 3556 4346 οἱονεὶ
3582 4287 3763 4360 μεταξὺ

2200 4372 2474 4442 κείμενος,
2533 4372 2683 4437 υίοὺς
2736 4374 2840 4444 μὲν
2897 4376 3070 4432 ἐποίει
3129 4379 3225 4433 τοῦ
3280 4382 3410 4435 ἰδίου
3460 4380 3653 4452 πατρὸς
3687 4376 3763 4430 τὸν

2214 4460 2455 4532 Ἐφραίμ
2483 4463 2576 4516 καὶ
2609 4464 2902 4536 Μανασσῆ,
2934 4468 3310 4549 ἐγγράφεσθαι
3334 4472 3389 4526 δὲ
3425 4474 3517 4527 καὶ
3537 4467 3676 4540 αὐτῷ
3698 4464 3763 4536 τῷ

503 4556 635 4603 sunt
661 4548 757 4603 tibi
780 4548 833 4602 in
855 4548 1109 4618 Aigypto,
1126 4549 1232 4602 mei
1251 4557 1401 4615 sunt,
1430 4549 1692 4620 Ephraim
1714 4559 1771 4607 et
1786 4551 2089 4619 Manasses,

2203 4553 2490 4625 καταλόγῳ
2527 4554 2635 4608 τῶν
2672 4537 3057 4632 πατριοιρχῶνί⁴
3108 4537 3135 4613 ι.
3176 4563 3293 4619 Νῦν
3338 4564 3465 4634 γὰρ,
3521 4537 3692 4635 φησὶν.
3721 4558 3763 4610 οι

505 4639 651 4693 sicut
692 4640 889 4694 Ruben
938 4648 995 4695 et
1042 4642 1268 4698 Simeon
1322 4650 1489 4697 erunt
1537 4644 1668 4710 mei,
1703 4662 1723 4694 ι
1765 4643 1871 4699 hoc
1895 4652 2003 4712 est,
2039 4646 2089 4702 in

2202 4641 2300 4697 δύο
2349 4661 2444 4698 σου
2484 4646 2589 4699 uici
2632 4649 2683 4701 οί
2734 4650 3021 4719 γενόμενοί
3073 4669 3154 4707 σοι
3212 4656 3271 4709 ἐν
3324 4654 3601 4727 Αἰγύπτῳ,
3654 4647 3762 4723 ἐμοί

505 4730 890 4803 primogenitis
917 4742 1214 4803 ponentur,
1242 4743 1407 4807 atque
1437 4736 1810 4807 adjungentur
1833 4737 1962 4804 illis,
2004 4738 2089 4810 qui

2203 4735 2360 4831 εἰσιν,
2407 4738 2647 4831 ἶΕφραῖμ
2675 4744 2772 4795 καὶ
2803 4744 3129 4815 Μανασσῆς,
3153 4747 3231 4809 ὡς
3279 4748 3532 4831 Ῥουσεεὶμ
3564 4744 3652 4800 καὶ
3678 4742 3762 4795 Συ·

505 4840 573 4878 ex
592 4824 909 4881 obedientia
944 4834 1091 4881 sunt.
1120 4828 1256 4882 Nam
1293 4827 1490 4883 Ruben
1514 4829 2089 4901 eratprimogenitus:

2208 4827 2354 4900 μεὼν
2400 4826 2616 4885 ἔσονται
2669 4833 2809 4905 ἐμοί.
2844 4854 2863 4888 ι
2922 4836 3256 4905 Τουτέστιν,
3308 4841 3369 4893 ἐν
3427 4824 3762 4909 πρωτοτόκοις

506 4924 561 4970 et
592 4916 832 4989 Symeon
857 4921 1155 4990 exponitur
1175 4919 1489 4975 obedientia.
1520 4919 1671 4974 Facti
1701 4935 1894 4977 sumus
1914 4932 2089 4979 autem

2204 4920 2444 4990 ἔσονται,
2480 4925 2897 4991 συντετάξονται
2937 4928 2993 4982 δὲ
3027 4929 3123 4985 καὶ
3172 4931 3286 4995 τοῖς
3332 4930 3390 4985 ὲν
3412 4930 3637 4999 ὑπακοῇ.
3669 4921 3760 4978 Ἦν

506 5001 674 5068 etnos
705 5012 881 5067 ultimi
904 5029 1003 5084 per
1032 5012 1195 5068 ﬁdem
1225 5013 1385 5083 primi
1406 5010 1473 5078 ⁸⁸,
1505 5019 1564 5066 et
1583 5013 1821 5084 populus
1849 5016 2089 5085 gentium

2206 5010 2308 5081 μὲν
2337 5012 2447 5084 γὰρ
2488 5016 2834 5084 πρωτότοκος
2883 5016 3159 5091 Ῥουὸείμη
3209 5019 3474 5089 ’Υπακοὴ
3516 5019 3570 5074 δὲ
3620 5014 3760 5071 πάλιν

509 5100 858 5162 ἣωτεὰίιογὶι
882 5107 1111 5179 gloriam
1147 5103 1527 5178 primOgeniti.
1548 5102 1823 5159 Caeterum
1858 5105 1965 5162 hoc
1991 5107 2089 5162 ho-

2205 5106 2233 5157 ὁ
2264 5103 2489 5176 Συμεὼν
2516 5107 2902 5179 ἑρμηνεύεται.
2934 5111 3248 5184 Γεγόναμεν
3278 5114 3336 5169 δὲ
3360 5114 3451 5169 διὰ
3478 5113 3692 5174 πίστεως
3714 5108 3759 5161 σει

508 5214 647 5253 nore
672 5199 853 5255 allecti
878 5207 1008 5254 sunt
1031 5210 1257 5272 propter
1279 5196 1655 5255 obedientiam
1682 5207 1739 5253 et
1764 5195 1949 5254 ﬁdem.
2019 5201 2089 5255 Ita

2204 5193 2453 5265 ἔσχατοι
2488 5199 2726 5269 πρῶτοι,
2756 5202 2852 5255 καὶ
2878 5203 2975 5276 τὴν
3005 5205 3100 5260 τοῦ
3127 5208 3470 5277 πρωτοτόκου
3490 5206 3637 5272 δόξαν
3666 5204 3693 5256 ὁ
3710 5199 3760 5264 ἐξ

507 5287 655 5344 enim
679 5289 933 5345 Christus
961 5289 1078 5361 ipse
1104 5299 1336 5346 testatus
1361 5298 1447 5346 est
1468 5289 1536 5346 de
1566 5289 1668 5356 eis,
1696 5287 1916 5346 dicens:
1946 5310 1965 5343 ι
1989 5288 2089 5348 Ρο-

2205 5285 2377 5339 ἐθνῶν
2417 5286 2773 5361 ἐκληρώσατο
2790 5292 2940 5357 λαός.
2974 5295 3309 5369 Τετίμηνται
3344 5298 3407 5359 δὲ
3450 5298 3514 5352 δι’
3542 5292 3759 5363 ὑπακοὴν

509 5382 673 5451 pulus
706 5396 868 5452 quem
902 5397 1013 5436 non
1040 5382 1293 5452 cognovi,
1322 5383 1548 5438 servivit
1592 5382 1753 5449 mihi,
1789 5384 1845 5438 in
1906 5384 2089 5439 auditu

2205 5379 2299 5432 καὶ
2332 5379 2667 5439 εὐπείθειαν.
2698 5384 2873 5450 Αὐτὸς
2902 5386 3013 5460 γὰρ
3057 5391 3245 5456 αὐτοῖς
3298 5388 3702 5462 μεμαρτύρηκεν
3736 5383 3761 5433 ὁ

510 5469 665 5524 auris
682 5469 926 5525 obedivit
966 5471 1102 5525 mihi
1136 5472 1203 5527 ⁵⁸.
1255 5492 1273 5524 ι
1312 5473 1429 5528 Etsi
1458 5474 1607 5528 enim
1628 5489 1696 5528 ex
1719 5484 1897 5529 matre
1943 5475 2089 5545 quasi

2203 5473 2461 5544 Χριστὸς,
2486 5474 2630 5530 οὕτω
2650 5477 2844 5547 λέγων·
2880 5498 2899 5531 ι
2929 5482 3075 5546 Λαὸς
3105 5482 3165 5537 ὃν
3193 5484 3292 5538 οὐκ
3315 5484 3486 5553 ἔγνων
3510 5472 3758 5534 ὲδούλευσέ

510 5561 818 5633 alienigena
848 5564 965 5619 nati
989 5580 1200 5630 sumus,
1241 5582 1308 5621 eo
1334 5564 1481 5636 quod
1515 5565 1762 5620 Ecclesia
1802 5580 1871 5621 ex
1921 5566 2089 5637 genti-

2206 5583 2317 5638 μοι,
2353 5570 2433 5632 είς
2465 5568 2635 5641 ἀκοὴν
2686 5569 2845 5624 ὠτίου
2914 5573 3192 5646 ὑπήκουσέ
3247 5593 3370 5647 μου.
3402 5594 3422 5627 ι
3464 5574 3525 5628 Εἰ
3551 5571 3651 5642 γὰρ
3680 5566 3757 5620 καὶ

511 5652 617 5709 bus
639 5664 831 5710 vocata
859 5656 952 5723 sit,
978 5657 1211 5713 suiIiciet
1248 5666 1430 5712 tamen
1449 5658 1610 5713 nobis
1634 5659 1960 5714 Emmanuel
1979 5676 2089 5715 me-

2202 5661 2508 5731 γεγόναμεν
2567 5665 2632 5717 ἐκ
2687 5665 2895 5736 μητρὸς
2947 5665 3138 5740 ὥσπερ
3200 5665 3539 5737 ἐτερογενοῦς
3581 5661 3660 5715 διὰ
3706 5658 3759 5709 τὸ

586 5841 634 5877 ³⁸
664 5843 799 5901 Gen.
834 5862 1016 5914 xum,
1058 5848 1172 5902 l-‘i.
1251 5850 1295 5883 ⁸³
1330 5850 1521 5906 Matth.
1557 5868 1667 5919 xu,
1704 5850 1790 5906 50.
1869 5850 1913 5884 "
1939 5848 2081 5904 Psal.
2119 5863 2251 5918 ml,
2281 5849 2371 5907 46.
