4034 6462
243 425 329 485 555

1202 417 1727 476 GLAPllYROltUM
1769 418 1833 471 IN
1875 417 2178 472 GENESIM
2221 417 2350 473 LIB.
2392 419 2481 474 Ἣ.

3384 425 3490 481 3-35

245 543 382 609 ἔδειξὲ
417 560 499 614 μοι
540 541 567 594 ὁ
599 540 729 604 Θεὸς
763 540 856 593 καὶ
902 539 961 592 τὸ
993 538 1217 611 σπέρμα
1266 555 1384 592 σου.
1423 556 1442 589 ›
1481 538 1648 591 Ὅσον
1695 535 1793 608 μὲν

1917 543 2104 589 aceret
2133 543 2406 591 mortuus.
2433 535 2708 593 Caeterum
2757 554 2869 592 non
2892 537 3019 593 sivit
3053 554 3202 605 eum,
3231 537 3326 611 qui
3366 543 3492 597 vitae

243 642 331 710 γὶιρ
359 632 482 709 ἧκεν
527 635 605 698 εἰς
660 632 972 698 Ἰουδαίους,
1029 634 1056 686 ὁ
1099 631 1293 703 Πατὴρ
1345 630 1638 702 ἐστέρηται
1699 629 1792 682 τοῦ

246 730 368 785 Υἱοῦ.
394 727 672 799 Οἰηθέντες
700 725 811 797 γὰρ
834 726 916 780 ὅτι
947 725 1180 797 κάτοχος
1203 724 1356 778 ἔσται
1389 727 1509 788 ταῖς
1537 722 1629 776 τοῦ
1665 722 1793 794 eam

243 827 428 886 πύλαις,
451 822 541 874 καὶ
563 822 672 883 τοῖς
693 820 876 884 ἄλλοις
903 819 1042 890 ὁμοῦ
1069 818 1309 873 κείσεται
1334 816 1546 889 νεκρὸς,
1579 815 1796 887 Θανάτῳ

243 915 686 986 περιϐεὸλὴκασιν.
737 912 878 965 Ἀλλ’
922 913 1024 965 οὐκ
1074 909 1352 981 ἐνεδέχετο
1383 909 1601 979 Θανάτῳ
1640 925 1795 980 περι-

243 1005 498 1077 εεελῆσθαι
541 1004 634 1057 τὸν
687 1003 788 1073 τῆς
830 1002 978 1073 ζωῆς
1022 1003 1284 1073 ἀρχηγόν.
1325 1001 1535 1055 Οὐκοῦν
1571 999 1792 1063 ἀνεϐίω,

246 1099 314 1151 zz".
336 1097 486 1150 πάλιν
524 1095 687 1149 αὐτὸν
719 1096 748 1148 ὁ
781 1093 972 1164 Πατὴρ
1004 1094 1278 1154 τεθέαται,
1311 1093 1404 1147 καὶ
1443 1091 1502 1145 τὸ
1531 1090 1591 1156 ἐξ
1629 1089 1796 1144 αὑτοῦ

241 1191 282 1244 δὲ
302 1190 380 1243 καὶ
398 1189 454 1241 ὲν
479 1186 628 1258 αὐτῷ
659 1186 837 1256 γένος,
861 1187 1017 1256 δῆλον
1043 1186 1101 1239 δὲ
1122 1187 1203 1239 ὅτι
1223 1183 1794 1250 τοὺςπιστεύσαντας,

245 1275 270 1334 ι’
293 1282 343 1336 τὸ
376 1279 518 1344 ἔθνος
555 1280 616 1332 τὸ
643 1281 820 1348 ἅγιον,
850 1281 910 1333 τὸ
936 1276 1208 1350 βασίλειον
1247 1278 1568 1351 ἱεράτευμα,
1595 1275 1688 1329 τὸν
1719 1277 1798 1338 εἰς

239 1373 546 1447 πριποὶησιν
584 1373 736 1427 λαόν.
781 1393 799 1425 ι
858 1366 954 1434 Οἷς
997 1372 1093 1424 καὶ
1135 1371 1300 1434 αὐτὸς
1344 1371 1372 1424 ὁ
1417 1369 1652 1441 Χριστὸς
1679 1369 1800 1421 ὲττιυ

237 1469 483 1537 γάννυται,
525 1465 724 1534 λέγων·
764 1476 783 1516 ι
836 1461 969 1518 Ἰδοὺ
1017 1461 1128 1531 ἐγὼ
1159 1463 1256 1518 καὶ
1287 1461 1358 1516 τὰ
1395 1459 1604 1524 παιδία,
1641 1457 1676 1513 ἆ
1708 1476 1800 1528 μοι

236 1560 455 1614 ἔδωκενό
487 1557 640 1621 Θεός.
689 1576 707 1609 ι
760 1556 875 1609 Καλ⁵
908 1555 1280 1626 προσεκόμιζε
1331 1554 1431 1624 μὲν
1478 1552 1676 1624 Ἰωσὴφ
1723 1550 1801 1622 τῷ

124 1693 132 1706 .
237 1652 402 1722 πατρί·
433 1652 479 1704 οἱ
506 1650 563 1703 δὲ
594 1647 990 1720 προσεκύνουν.
1024 1642 1156 1700 Εἶτα
1185 1644 1279 1700 τοῦ
1308 1645 1407 1717 μὲν
1427 1646 1716 1715 Μανασσῆ,
1742 1644 1802 1707 ὃς

235 1739 289 1814 ἦν
311 1741 660 1812 πρωτότοκος,
689 1739 928 1803 ἑστῶτος
961 1739 1042 1802 εἰς
1072 1737 1268 1803 δεξιὸν,
1299 1735 1392 1792 τοῦ
1424 1736 1482 1790 δὲ
1526 1735 1798 1789 νεωτάτου

246 1833 450 1906 Ἐφραίμ
477 1834 557 1896 εἰς
594 1831 912 1902 εὐὼν·.›μον’
943 1827 1295 1903 παραλλάξας
1328 1829 1512 1892 αὐτοῖς
1550 1828 1651 1892 τὰς
1689 1829 1803 1898 χεῖ-

1896 637 2090 683 auctor
2109 639 2214 694 est,
2240 630 2436 686 mortis
2458 632 2697 687 vinculis
2715 631 3009 688 contineri.
3035 631 3255 688 Revixit
3281 635 3490 706 itaque,

1896 728 1953 772 et
1978 719 2141 774 Pater
2168 736 2294 774 eum
2327 737 2522 777 rursus
2552 722 2860 794 conspexit,
2912 733 3078 796 atque
3104 725 3244 781 adeo
3290 743 3490 800 proge-

1898 809 2044 865 niem
2080 828 2149 867 ex.
2192 812 2312 884 ipso
2355 816 2412 869 et
2449 813 2506 868 in
2567 813 2709 886 ipso,
2747 814 3012 871 nimirum
3056 817 3370 883 credenteS,
3397 820 3492 890 qui

1899 913 2026 958 sunt
2068 923 2085 955 ι
2129 921 2266 976 gens
2293 914 2503 973 sancta,
2531 907 2714 978 regale
2750 909 3144 978 sacerdotium,
3173 913 3414 983 pOpulus
3437 913 3492 968 in

1899 998 2323 1068 acquisitionem
2349 1001 2414 1054 ⁶⁷.
2451 1020 2467 1052 ι
2509 1001 2586 1054 De
2611 999 2815 1070 quibus
2839 1011 2895 1058 et
2936 1008 3050 1072 ipse
3066 1003 3320 1062 Christus
3340 1004 3493 1065 laeta-

1902 1099 2013 1157 tur,
2038 1091 2228 1148 dicens
2257 1111 2268 1146 :
2319 1112 2337 1145 ι
2377 1087 2519 1149 Ecce
2543 1105 2646 1165 ego
2676 1103 2733 1148 et
2777 1096 2936 1166 ‘pueri
2981 1097 3112 1161 mei,
3143 1113 3284 1168 quos
3344 1095 3496 1154 dedit

1901 1184 2038 1238 mihi
2071 1185 2218 1240 Deus
2243 1183 2308 1239 ⁵⁸.
2346 1205 2364 1236 ι
2425 1186 2628 1256 Joseph
2666 1194 2852 1241 autem
2907 1187 3138 1244 adduxit
3170 1204 3266 1244 eos
3286 1189 3354 1245 ad
3395 1205 3496 1260 pa-

1902 1281 2062 1342 trem,
2092 1285 2149 1331 et
2180 1275 2259 1330 illi
2297 1276 2671 1332 adoravcrunt
2693 1293 2844 1332 eum.
2877 1278 3087 1334 Deinde
3113 1280 3382 1347 Manasse,
3401 1283 3496 1352 qui

1900 1377 2020 1422 erat
2036 1367 2454 1440 primogenitus,
2471 1369 2737 1424 collocato
2755 1368 2823 1425 ad
2845 1369 3148 1436 dexteram,
3164 1379 3219 1426 et
3235 1372 3496 1442 Ephraim

1902 1468 2034 1514 natu
2063 1461 2278 1515 minore
2312 1461 2380 1516 ad
2413 1461 2717 1526 sinistram,
2752 1461 2922 1518 Jacob
2979 1466 3310 1532 permutatis
3367 1465 3500 1536 ipsis

1903 1570 2101 1610 manus
2123 1555 2376 1626 imponit.
2424 1555 2728 1610 Honoravit
2764 1557 2914 1611 enim
2951 1558 3214 1628 Ephraim
3271 1559 3500 1630 imposi-

1905 1645 2053 1702 tione
2076 1662 2273 1701 manus
2299 1647 2573 1701 dexterae:
2599 1647 2846 1701 Manasse
2881 1656 3088 1716 autem,
3117 1651 3274 1721 quasi
3297 1667 3493 1708 secunv

1905 1735 1992 1791 dis
2034 1746 2090 1792 ct
2119 1737 2526 1807 posterioribus
2569 1737 2850 1808 dignatus,
2886 1740 3167 1796 sinistram
3197 1742 3248 1796 ei
3276 1759 3501 1806 manum

1907 1829 2161 1898 imponit.
2201 1829 2379 1899 Atque
2407 1829 2484 1884 ita
2521 1830 2788 1901 Ephraim
2832 1832 2892 1886 lit
2915 1832 3324 1894 benedictionis
3345 1836 3503 1906 prin-

238 1945 317 1999 ρας
342 1927 520 1999 ἔθηκεν
548 1928 576 1980 ό
621 1924 847 1989 Ἰακὼϐ,
890 1926 984 1978 καὶ
1028 1923 1120 1977 τὸν
1164 1923 1265 1993 μὲν
1313 1921 1552 1993 Ἐφραῖμ
1600 1923 1667 1992 τῇ
1699 1919 1801 1990 τῆς

1914 1938 2057 1992 ceps.
2101 1922 2353 1993 Suscepti
2402 1924 2552 1978 enim
2585 1941 2778 1981 sumus
2823 1927 2881 1982 in
2919 1928 3168 1983 cultores
3209 1929 3398 1999 primi,
3449 1941 3501 1985 ct

236 2022 380 2087 δεξιάς
403 2021 697 2091 τετίμηκεν
727 2017 993 2080 ὲπιθέσει,
1020 2013 1342 2086 δευτερείων
1373 2014 1432 2068 δὲ
1477 2015 1580 2086 ἤδη
1610 2013 1800 2086 ὥσπερ

241 2115 357 2187 ἠξίου
383 2115 466 2168 τὸν
496 2113 799 2183 Μανασσῆ,
829 2115 989 2182 χεῖρα
1023 2109 1148 2174 δοὺς
1177 2109 1330 2180 αὐτῷ
1357 2108 1456 2179 τὴν
1498 2106 1798 2178 εὐώνυμον,

241 2207 349 2262 οὕτω
381 2225 435 2260 τε
479 2208 577 2277 τῆς
626 2208 713 2268 εἰς
758 2204 958 2268 αὐτοὺς
1001 2203 1253 2267 εὐλογίας
1309 2202 1560 2274 ἄρχεται.
1616 2199 1804 2253 Είσδε-

235 2300 434 2371 δέγμεθα
463 2300 570 2372 γάρ
595 2300 685 2362 είς
727 2297 1114 2368 προσκυνητὰς
1137 2297 1191 2349 οἵ
1205 2313 1261 2348 τε
1300 2295 1531 2367 πρῶτοι,
1561 2293 1655 2347 καὶ
1683 2294 1800 2364 μετ’

232 2393 438 2456 ἐκείνους
477 2391 619 2453 λαοὶ,
663 2389 1152 2462 προσκομιζόντων
1188 2389 1336 2460 ἡμᾶς
1362 2387 1422 2440 οὑ
1461 2384 1709 2448 Μωσέως
1740 2383 1800 2436 οὐ

233 2483 517 2556 προφητῶν*
573 2482 886 2554 ἀργότερος
931 2482 1042 2551 γὰρ
1101 2481 1182 2542 εἰς
1232 2477 1510 2549 σωτηρίαν
1558 2478 1587 2530 ὁ
1617 2477 1798 2548 νόμος·

233 2574 327 2627 ἀλλ’
367 2573 524 2628 αὑτοῦ
560 2572 664 2627 τοῦ
712 2571 870 2626 Υἱοῦο
929 2589 948 2622 ι
987 2572 1064 2624 Δι’
1105 2569 1271 2624 αὑτοῦ
1308 2588 1328 2623 ι
1362 2569 1494 2640 γὰρ,
1527 2566 1604 2630 ὼς
1642 2565 1803 2637 ἔφην,

237 2668 350 2740 «τὴν
397 2665 774 2737 προσαγωγὴν
806 2665 1144 2735 ἐσχήκαμεν.
1195 2683 1213 2715 ι
1248 2661 1358 2714 Καὶ
1399 2656 1469 2730 ἦν
1523 2659 1622 2731 μὲν
1656 2657 1808 2729 αὐτῷ

232 2761 402 2824 σκοπὸς
429 2761 525 2832 τῆς
551 2759 617 2826 ἐξ
659 2757 835 2814 ἐθνῶν
877 2756 1096 2827 ἀγέλης
1124 2753 1390 2826 προτάξαι
1429 2751 1520 2807 τὸν
1563 2750 1804 2824 Ἰσραήλ.

232 2853 310 2916 Εἰς
353 2851 520 2918 δεξιὸν
567 2850 687 2923 γὰρ
736 2849 871 2912 ἔστη
924 2849 1016 2903 τὸν
1051 2847 1324 2918 Μανασσῆ
1368 2842 1463 2900 τοῦ
1511 2844 1720 2919 πατρὸς
1781 2847 1809 2898 ὀ

240 2943 434 3017 Ἰωσήφ.
482 2944 712 3015 Ἐπειδὴ
753 2943 815 2997 δὲ
858 2942 1002 3014 πέρα
1035 2940 1199 3010 λόγου
1232 2939 1698 3010 δεδυσσεϐήκασιν
1729 2939 1809 3001 εἰς

230 3037 390 3103 αὑτὸν,
427 3035 844 3110 προτετίμηκεν
871 3036 900 3088 ὁ
943 3032 1132 3105 Πατὴρ
1163 3035 1290 3098 τοὺς
1320 3034 1379 3086 ἐν
1419 3031 1596 3104 χρόνῳ
1624 3029 1810 3084 δευτέ-

230 3147 358 3199 ρους,
378 3131 624 3184 τουτέστι
650 3128 727 3182 τά
753 3126 902 3197 ἔθνη.
937 3145 954 3178 ι
986 3127 1096 3182 Καὶ
1111 3126 1371 3195 γεγόνασι
1391 3124 1491 3196 μὲν
1517 3125 1566 3177 οἱ
1589 3123 1808 3193 ἔσχατοι

228 3221 431 3294 πρῶτοι,
458 3224 552 3278 καὶ
577 3224 629 3277 οἱ
659 3221 874 3293 πρῶτοι
895 3220 1135 3291 ἔσχατοι.
1167 3239 1188 3272 ι
1216 3217 1577 3288 Ηὺλόγηκεδὲ
1611 3214 1810 3270 Ἰακὼϐ

1907 2013 2398 2084 postillospOpuli,
2428 2015 2836 2073 addueentibus
2887 2031 2992 2076 nos
3029 2035 3142 2074 non
3182 2015 3352 2085 Mose,
3392 2039 3502 2079 non

1909 2105 2194 2174 prophetis
2221 2106 2310 2176 (ad
2348 2107 2580 2162 salutem
2617 2108 2765 2162 enim
2792 2107 3188 2167 conferendam
3229 2128 3340 2167 non
3371 2114 3504 2169 satis

1911 2206 2038 2267 apta
2064 2197 2165 2251 fuit
2187 2197 2320 2268 lex),
2349 2199 2447 2253 sed
2485 2200 2604 2272 ipso
2625 2201 2723 2254 Dei
2750 2201 2922 2256 Filio:
2951 2221 2968 2253 ι
3000 2203 3104 2259 Per
3123 2204 3306 2274 ipsum
3333 2203 3505 2268 enim,

1913 2296 1974 2344 ut
2023 2287 2179 2354 dixi,
2214 2283 2531 2348 'aecessum
2585 2293 2883 2349 habuimus
2943 2295 3008 2349 “9.
3075 2315 3092 2346 ι
3169 2296 3348 2367 Atque
3389 2307 3504 2351 erat

1911 2382 2134 2454 quidem
2193 2385 2319 2456 ejus
2364 2399 2565 2456 scapus
2623 2394 2790 2457 atque
2838 2387 3206 2459 propositum,
3272 2395 3334 2442 ut
3388 2403 3498 2459 gre-

1911 2477 1964 2547 gi
2038 2477 2287 2548 gentium
2374 2479 2660 2549 prmferret
2725 2481 2981 2536 lsraelem
3046 2482 3163 2552 (ad
3225 2481 3509 2537 dexteram

1911 2571 2062 2625 enim
2115 2571 2289 2641 patris
2314 2571 2680 2627 collocaverat
2725 2573 2930 2644 Joscph
2978 2573 3312 2645 Manassen).
3349 2575 3509 2646 210

1910 2661 2184 2718 Craterum
2217 2663 2290 2718 ob
2323 2663 2591 2736 insignem
2615 2680 2812 2720 eorum
2851 2665 2907 2721 in
2941 2666 3121 2737 ipsum
3148 2667 3516 2738 impietatem,

1914 2758 2079 2813 Pater
2110 2753 2254 2822 illos,
2301 2757 2397 2828 qui
2441 2764 2687 2828 tempore
2719 2765 2878 2813 erant
2911 2758 3271 2829 posteriores,
3305 2761 3413 2817 hoc
3429 2773 3517 2813 est

1915 2859 2139 2921 gentes,
2182 2851 2500 2922 anteposuit
2542 2869 2554 2904 :
2597 2858 2764 2922 atque
2815 2851 2896 2908 sie
2950 2873 2966 2904 ι
3002 2851 3183 2908 ultimi
3209 2853 3337 2909 facti
3385 2864 3517 2908 sunt

1918 2942 2102 3013 primi,
2149 2952 2206 2999 et
2229 2943 2392 3014 primi
2436 2944 2616 3008 ultimi
2649 2944 2715 3000 ὀ.
2767 2966 2785 2997 ι
2819 2945 2996 3001 Porro
3018 2947 3189 3003 Jacob
3232 2947 3517 3003 benedixit

1917 3035 2363 3100 adolescentulis,
2399 3036 2572 3090 Deum
2633 3038 2938 3107 appellans,
2992 3039 3086 3108 qui
3132 3039 3411 3105 enutriat;
3461 3050 3516 3094 et

1917 3129 2197 3198 angelum,-
2218 3129 2312 3199 qui
2333 3127 2550 3196 liberet,
2570 3129 2682 3186 Deo
2698 3147 2762 3186 ac
2779 3127 2928 3186 Patri
2957 3131 3011 3186 in
3030 3132 3353 3188 universum
3377 3147 3515 3187 con-

1913 3221 2154 3293 iungens
2209 3222 2430 3289 Filium,
2483 3223 2578 3294 qui
2623 3231 2680 3279 et
2721 3241 2818 3294 per
2868 3240 3060 3279 vocem
3114 3225 3517 3295 prophetarum

230 3316 288 3368 τὰ
325 3317 602 3387 μειράκια,
649 3315 789 3370 Θεὸν
830 3314 1117 3386 ὀνομάζων
1145 3312 1236 3368 τὸν
1281 3311 1556 3384 τρέφοντα
1587 3311 1684 3365 καὶ
1709 3309 1822 3382 ἄγε,

1926 3334 1945 3366 ι
1975 3315 2158 3386 magni
2183 3317 2404 3371 consilii
2428 3317 2672 3388 Angelus
2703 3316 2747 3348 '”
2781 3338 2798 3369 ι
2828 3317 3158 3387 appellatur.
3195 3315 3388 3373 Omnis
3421 3316 3518 3388 igi-

230 3411 367 3478 γελον
401 3411 491 3464 τὸν
533 3411 810 3482 ῥυόμενον
837 3400 1034 3473 ἀύτὸν,
1066 3405 1148 3478 τῷ
1187 3405 1309 3476 Θεῷ
1347 3405 1445 3459 καὶ
1484 3404 1664 3475 Πατρὶ
1689 3419 1817 3456 συν·

225 3504 393 3558 άῇων
416 3507 495 3570 είς
521 3505 676 3560 ἃπαν
707 3503 799 3556 τὸν
843 3501 1004 3565 Υίὸν,
1033 3500 1093 3564 ὃς
1126 3499 1222 3554 καί¹
1253 3499 1342 3552 διὰ
1378 3497 1566 3567 φωνῆς
1599 3513 1816 3568 προφηι

227 3596 322 3648 τῶν
341 3613 358 3646 ι
383 3596 628 3668 μεγάλης
661 3593 862 3666 βουλῆς
886 3591 1153 3662 ΙἈγγελος
1177 3610 1197 3644 ι
1227 3588 1580 3661 ὀνομάζεται.
1603 3585 1816 3642 υύκοῦν

230 3691 360 3743 πάσα
383 3692 565 3764 χάρις,
603 3689 709 3744 καὶ
737 3687 957 3758 ἁπάσης
989 3687 1070 3748 εἰς
1107 3685 1260 3757 ἡμᾶς
1285 3683 1538 3752 εὐλογίας
1568 3683 1662 3736 καὶ
1688 3682 1812 3735 ὲπιο

230 3784 436 3854 κουρίας
476 3783 714 3855 τρόττος.
755 3781 958 3851 γένοιτ’
981 3779 1047 3833 ἂν
1077 3779 1177 3848 οὐχ
1214 3779 1440 3849 ἑτέρως,
1471 3776 1614 3848 πλὴν
1638 3776 1721 3829 ὅτι
1745 3775 1812 3829 δι’

232 3875 342 3930 Υἱοῦ
368 3877 518 3948 παρὰ
547 3875 647 3929 τοῦ
696 3873 933 3944 Πατρός.
986 3872 1098 3926 Ka‘t
1127 3869 1258 3940 γοῦν
1287 3871 1317 3923 ὁ
1347 3867 1639 3932 θεσπέσιος
1671 3866 1818 3921 Παῦ-

229 3968 324 4034 ‘Aog,
363 3986 381 4022 ι
406 3971 584 4040 Χάρις
630 3965 767 4039 ὑμῖν
791 3965 885 4021 καὶ
904 3965 1132 4036 εἰρήνη,
1161 3964 1349 4034 φησιν,
1383 3961 1494 4016 ἀπὸ
1540 3958 1680 4014 Θεοῦ
1719 3958 1818 4015 καὶ

231 4062 421 4134 Πατρὸς
451 4059 612 4132 ἡμῶν
641 4061 741 4115 καὶ
776 4057 984 4130 Κυρίου
1023 4056 1196 4129 Ἰησοῦ
1231 4052 1493 4127 Χριστοῦ.
1527 4072 1546 4106 ι
1590 4050 1818 4126 Ἀσκάλ-

230 4148 301 4202 λει
323 4169 382 4220 γε
419 4152 528 4224 μὴν
557 4154 589 4206 ὀ
619 4150 916 4213 θεσπέσιος
978 4149 1180 4219 Ἰωσὴφ
1219 4147 1454 4202 κατόπιν
1504 4145 1698 4219 ὥσπερ
1722 4145 1817 4200 τοῦ

230 4245 336 4299 νέου
373 4245 703 4316 τεθειμένον
731 4242 858 4298 ἰδὼν
877 4244 972 4298 τὸν
997 4243 1370 4314 πρωτότοκον.
1413 4239 1547 4296 Εἶτα
1581 4240 1678 4294 τοῦ
1711 4257 1817 4310 μυ-

233 4339 434 4410 οτηρίου
478 4340 582 4412 τὴν
603 4336 840 4408 δύναμιν
879 4335 1213 4407 διεσάφησεν
1258 4336 1288 4388 ὁ
1337 4334 1525 4404 πατὴρ
1597 4331 1776 4400 λέγων
1799 4341 1818 4362 ν

233 4447 250 4480 ι
285 4433 386 4485 Καὶ
410 4427 567 4496 οὗτος
597 4431 758 4485 ἔσται
802 4430 884 4493 εἰς
922 4428 1072 4495 λαὸν,
1105 4430 1201 4482 καὶ
1231 4421 1387 4490 οὗτος
1433 4425 1814 4496 ὑψωθήσεταιο

230 4521 331 4576 ἀλλ’
357 4525 383 4577 ὁ
409 4525 644 4595 ἁδελφὸς
675 4523 848 4578 αὐτοῦ
873 4525 901 4576 6
927 4520 1195 4593 νεώτερος
1220 4518 1424 4592 μείζων
1450 4517 1616 4572 αὐτοῦ
1640 4518 1816 4585 ἔσται,

1921 3416 2011 3461 tur
2030 3408 2226 3477 gratia,
2251 3408 2546 3479 omnisque
2577 3424 2708 3480 erga
2744 3422 2846 3464 nos
2879 3406 3292 3464 benedictionis
3333 3417 3390 3464 et
3417 3426 3518 3464 au-

1921 3499 2039 3554 xilii
2061 3499 2280 3565 modus,
2306 3501 2461 3555 nullo
2499 3501 2611 3558 alio
2635 3510 2798 3572 pacto
2824 3499 2985 3555 nobis
3023 3500 3308 3566 obveniat,
3352 3517 3519 3573 quam

1924 3605 2024 3663 per
2069 3593 2269 3649 Filium
2301 3609 2332 3648 ο
2388 3594 2574 3650 Patre.
2625 3594 2837 3651 Idcirco
2894 3599 2951 3650 et
2997 3595 3222 3650 divinus
3263 3593 3467 3651 Paulus
3503 3614 3517 3649 :

1935 3706 1953 3739 ι
1984 3685 2172 3743 Gratia
2188 3688 2347 3742 Vobis
2366 3695 2425 3744 et
2454 3702 2580 3759 pax,
2613 3687 2816 3759 inquit,
2845 3703 2875 3743 a
2899 3685 3010 3743 Deo
3028 3690 3190 3744 Patre
3219 3697 3436 3754 nostro,
3465 3696 3522 3743 et

1925 3778 2159 3833 Domino
2182 3778 2313 3834 Jesu
2329 3778 2633 3834 Christo".
2677 3795 2694 3830 ν
2726 3778 2953 3834 Moleste
2979 3787 3164 3834 autem
3190 3778 3296 3837 fert
3314 3779 3520 3848 Ioseph

1920 3869 2120 3926 videns
2160 3873 2425 3942 majorem
2450 3876 2583 3926 natu
2623 3871 2864 3942 positum
2905 3871 2961 3925 in
3011 3871 3208 3926 ordine
3233 3871 3518 3926 inferiore.

1923 3963 2030 4020 Sed
2079 3964 2191 4018 vim
2221 3964 2468 4036 mysterii
2495 3964 2864 4036 patefaciebat
2908 3971 3086 4036 pater,
3138 3965 3371 4021 dicens:
3403 3984 3422 4016 ι
3454 3965 3524 4020 Et

1923 4056 2015 4111 hic
2055 4056 2163 4112 erit
2191 4057 2250 4112 in
2298 4059 2586 4130 populum,
2641 4063 2698 4114 et
2747 4059 2840 4114 hic
2891 4054 3229 4114 exaltabitur
3270 4074 3283 4113 ε
3327 4070 3522 4114 verum

1921 4148 2092 4203 {mter
2139 4149 2315 4219 ipsius
2347 4155 2481 4205 natu
2526 4150 2711 4206 minor
2755 4149 2866 4205 erit
2928 4163 2996 4206 eo
3021 4152 3218 4222 major,
3253 4159 3310 4205 et
3331 4165 3522 4206 semen

1921 4242 2043 4311 ejus
2093 4241 2422 4296 dilatabitur
2471 4241 2524 4294 in
2575 4240 2991 4296 multitudinem
3054 4240 3304 4311 gentium
3365 4241 3433 4297 ".
3497 4260 3515 4291 ι

1922 4329 2133 4386 Deinde
2162 4331 2327 4400 paulo
2350 4337 2508 4400 post:
2543 4347 2560 4381 ι
2597 4331 2667 4384 Et
2707 4331 2914 4400 posuit,
2945 4331 3040 4395 ait,
3086 4329 3350 4399 Ephraim
3391 4338 3523 4384 ante

1923 4426 2212 4481 Manassen
2235 4423 2301 4477 ".
2331 4444 2348 4474 ι
2379 4421 2657 4490 Quantum
2684 4423 2833 4476 enim
2863 4423 2930 4477 ad
2951 4421 3159 4478 Christi
3177 4423 3520 4478 voluntatem

1922 4519 2140 4583 attinet,
2165 4525 2317 4572 certe
2341 4516 2509 4572 Israel
2536 4530 2649 4570 non
2670 4514 2877 4570 excidit
2902 4514 3125 4586 propria
3151 4514 3344 4587 gloria.
3380 4514 3523 4573 Hinc

229 4615 312 4668 καὶ
331 4615 388 4670 τὸ
414 4617 645 4690 σπέρμα
672 4613 842 4671 αὐτοῦ
863 4614 1017 4668 ἔσται
1045 4615 1126 4678 si;
1159 4610 1364 4684 πλῆθος
1398 4612 1591 4666 ἐθνῶν.
1629 4631 1649 4665 ι
1683 4608 1820 4666 Εἶτα

1924 4610 2129 4668 alicubi
2147 4611 2326 4682 palam
2349 4610 2520 4666 edicit
2546 4626 2560 4663 :
2594 4623 2612 4660 ι
2640 4609 2763 4664 Non
2784 4619 2905 4664 sum
2926 4610 3149 4673 missus,
3173 4607 3280 4663 uisi
3306 4608 3374 4663 ad
3391 4623 3524 4665 oves

233 4710 338 4778 μεθ’
374 4712 560 4783 ἕτερα,
607 4730 628 4764 ι
675 4710 788 4764 Καὶ
835 4708 1026 4781 ἔθηκε,
1077 4708 1229 4780 φησι,
1282 4707 1372 4761 τὸν
1428 4704 1669 4778 Ἐφρατμ
1719 4705 1818 4776 ἔμ-

231 4803 419 4874 προσθε
455 4805 556 4859 τοῦ
600 4802 896 4872 Μανασσῆ.
939 4822 958 4854 ο
996 4801 1162 4856 Ὅσον
1196 4801 1294 4870 μὲν
1334 4799 1445 4870 γὰρ
1468 4794 1605 4871 ἧκεν
1643 4801 1724 4864 εἰς
1757 4798 1818 4851 τὸ

230 4896 401 4952 δοκοῦν
433 4897 514 4970 τῷ
563 4895 816 4969 Χριστῷ,
869 4895 971 4948 οὐκ
1022 4893 1088 4948 ἃν
1135 4891 1414 4947 ἅπώλισθε
1457 4891 1559 4960 τῆς
1607 4889 1816 4952 οἰκείας

229 4989 421 5063 δόξηςό
462 4989 714 5064 Ἰσραήλ.
752 4989 861 5042 Ka‘t
903 4983 1036 5055 γοῦν
1063 4986 1304 5056 ἔφασκεν
1339 4982 1603 5053 ὲνοιργῶςο
1642 5001 1660 5033 ι
1703 4982 1818 5035 Οὐκ

231 5083 526 5155 ἀπεστάλην
562 5083 616 5136 εὶ
654 5082 730 5154 μὴ
753 5082 832 5144 εἰς
861 5079 931 5132 τὰ
952 5073 1205 5150 πρόϐατα
1226 5075 1295 5130 τὰ
1317 5074 1637 5129 ἀπολωλότα
1664 5073 1816 5126 οἷκον

243 5175 467 5248 Ἰσραήλ.
503 5195 522 5229 ι
567 5173 792 5245 Ἐπειδὴ
827 5172 884 5227 δὲ
919 5169 1276 5242 ππὼρωται,
1311 5166 1456 5222 κατὰ
1481 5165 1546 5220 τὸ
1571 5181 1819 5237 γεγραμ-

235 5271 399 5335 μένον,
441 5271 538 5324 καὶ
564 5268 670 5340 τὴν
708 5266 807 5322 τοῦ
837 5263 1133 5326 καλοῦντος
1182 5263 1262 5326 είς
1312 5259 1590 5332 σωτηρίαν
1621 5258 1824 5330 κλῆσιν·

233 5361 592 5436 περιυϐρίζων
667 5361 979 5432 μεμένηκεν
1045 5354 1307 5426 ἀπειθὴς,
1370 5351 1609 5406 τέθειται
1680 5349 1820 5422 πρὸς

235 5454 519 5525 εὐώνυμον,
566 5453 633 5508 τὸ
689 5457 840 5525 μεῖον
893 5449 1034 5521 ἔχων
1086 5449 1143 5501 ὲν
1188 5447 1336 5516 δόξῃ.
1376 5445 1486 5498 Καὶ
1516 5443 1819 5510 εὐλογεῖται

235 5540 323 5609 μὲν
347 5545 436 5597 καὶ
466 5541 703 5613 ὑψοῦται
740 5541 840 5596 καὶ
877 5539 1062 5602 αὐτὸς,
1093 5537 1168 5600 ὡς
1199 5535 1256 5589 ἐν
1290 5553 1353 5603 γε
1377 5533 1454 5605 τῷ
1485 5532 1822 5602 σεσωσμὲνῳ

237 5639 399 5710 μέρει·
442 5641 539 5693 κει)⁸
571 5637 735 5710 τοῦτό
759 5641 879 5692 ἐστι
916 5635 977 5689 τὸ
1006 5633 1379 5704 κατάλειμμα,
1418 5627 1560 5682 κατὰ
1594 5627 1692 5700 τὴν
1727 5626 1818 5680 τοῦ

300 5826 340 5855 "
380 5825 399 5879 1
433 5825 587 5880 Petr.
625 5839 692 5888 tt,
733 5825 786 5880 9.

239 5894 276 5924 "
312 5896 441 5951 Cen.
479 5911 667 5960 νηπίη,
700 5896 780 5951 19.
857 5897 900 5927 ⁷³
942 5894 1078 5950 ibid.
1105 5892 1193 5947 νο.

863 5826 905 5854 ⁶⁶¹
941 5822 1084 5879 Gen.
1119 5837 1302 5878 xavm.
1337 5818 1391 5874 9.
1472 5817 1516 5848 °°
1549 5817 1712 5872 Rom.
1747 5832 1797 5881 ν,
1827 5815 1882 5869 2.
1959 5815 2006 5844 ⁷ο
2040 5813 2232 5868 Matth.
2275 5830 2385 5882 nux,
2424 5812 2512 5867 50.

1276 5891 1322 5922 ⁷⁸
1350 5888 1640 5954 Matth.xv,
1668 5887 1760 5940 Ἡ».
1837 5887 1884 5920 ’⁸
1914 5887 2020 5942 lsa.
2056 5903 2108 5944 ι.
2138 5885 2227 5938 22.

1925 4703 2178 4779 perditas
2203 4703 2403 4759 domus
2421 4701 2642 4757 lsr‘aelis
2664 4699 2730 4755 ⁷⁵.
2768 4717 2786 4753 ι
2831 4701 3130 4772 Postquam
3160 4715 3296 4756 vero
3319 4700 3522 4771 depre-

1928 4797 2252 4860 hensusest,
2279 4794 2426 4850 sicut
2451 4793 2722 4864 scriptum
2778 4798 2884 4857 est,
2931 4792 3198 4847 adversus
3234 4791 3375 4863 ejus,
3424 4790 3520 4862 qui

1921 4889 2154 4946 salutem
2182 4887 2472 4943 oﬂ’erebat.
2500 4886 2844 4942 vocationem
2873 4885 3328 4949 contumeliosus,
3358 4892 3522 4953 atque

1924 4981 2282 5040 refraetarius
2325 4991 2382 5037 et
2427 4979 2774 5044 inobediens,
2833 4987 2950 5034 tum
2997 4979 3297 5035 translatus
3337 4978 3520 5033 estad

1923 5074 2231 5140 sinistram,
2261 5071 2514 5128 inferiori
2537 5071 2592 5126 in
2630 5071 2804 5142 gloria
2832 5070 3172 5126 conditione.
3221 5070 3521 5126 Verumta-
3616 5060 3636 5074 ”

1926 5180 2054 5220 men
2075 5173 2132 5219 et
2149 5164 2268 5234 ipse
2291 5161 2645 5218 benedicitur
2677 5169 2734 5216 et
2749 5162 3046 5227 exaltatur,
3085 5159 3259 5217 veluti
3285 5161 3341 5218 in
3358 5171 3520 5233 parte

1926 5269 2049 5328 qua:
2071 5257 2281 5312 salvata
2303 5261 2408 5310 est.
2433 5253 2614 5326 Atque
2643 5255 2728 5312 hze
2759 5263 2888 5310 sunt
2911 5255 3185 5326 reliquiae,
3215 5254 3370 5329 juxta
3419 5271 3520 5310 vo-

1923 5365 2045 5406 cem
2085 5347 2391 5420 prOphetze,
2434 5365 2451 5397 ι
2496 5347 2717 5401 salvatae
2753 5348 2820 5400 ".
2851 5366 2870 5399 ι
2912 5346 3188 5404 Caeterum
3219 5348 3380 5420 longe
3423 5364 3520 5404 su-

1924 5447 2083 5512 perat
2107 5440 2250 5495 hanc
2266 5432 2522 5493 Ecclesia
2557 5437 2827 5508 gentium,
2853 5447 3019 5510 atque
3043 5440 3100 5494 in
3134 5441 3520 5512 congregatio-

1923 5551 2024 5591 nes
2045 5533 2379 5604 populorum
2407 5531 2688 5595 dilatatur,
2712 5531 2996 5603 majorque
3026 5539 3110 5588 est
3131 5549 3294 5603 quam
3329 5531 3520 5599 Israel,

1926 5643 2053 5683 cum
2082 5625 2312 5681 excedat
2336 5625 2728 5681 innumerabili
2759 5625 3103 5684 credentium
3140 5623 3518 5683 multitudine.

2614 5814 2654 5845 τ’
2689 5811 2792 5868 lsa.
2827 5828 2901 5878 ιχ,
2930 5810 2980 5866 1.
3084 5813 3128 5844 τ’
3164 5810 3363 5881 Ephes.
3397 5823 3434 5874 ι,
3460 5807 3518 5867 2.
