4034 6462
537 371 643 425 533

1538 364 1590 417 S.
1636 362 1908 417 CYRIIJJ
1949 361 2422 417 ALEXANDRINI
2459 363 2779 419 ARClIIEP.
3687 375 3776 430 ἐδδ

533 485 667 540 Nam
693 492 965 555 quatenus
989 481 1056 536 ad
1081 478 1590 541 sanctiiicationeni,
1621 492 1724 529 una
1757 490 1819 529 ac
1847 475 1962 544 pari
1997 491 2116 545 gra-

2224 477 2500 546 προφήτου
2560 477 2764 547 φωνήν·
2814 475 3133 545 ὑπέρκειται
3180 475 3236 528 δὲ
3295 475 3413 530 λίαν
3449 481 3474 532 ὁ
3518 481 3572 546 ἐξ
3610 484 3774 545 ἐθνῶν.

536 575 610 630 tia
633 573 952 644 locupletati
977 580 1124 636 sunt,
1155 580 1209 625 et
1229 569 1321 640 qui
1350 584 1415 622 ex
1443 567 1626 633 Israel,
1653 566 1818 636 etqui
1845 582 1912 620 ex
1937 567 2118 636 genti-

536 668 641 721 bus
671 664 1049 728 crediderunt,
1082 671 1246 731 alque
1291 658 1575 732 justiﬁcati
1608 666 1734 712 sunt
1759 657 1814 711 in
1853 656 2074 712 Christo
2103 676 2113 709 :

536 773 634 826 per
663 771 827 826 quem
879 764 934 808 et
983 769 1106 807 cum
1145 768 1254 822 quo
1301 753 1370 806 sit
1395 752 1506 805 Deo
1542 758 1596 804 et
1618 749 1769 804 Patri
1795 749 1967 820 gloria
1989 764 2114 803 cum

533 858 723 903 sancto
748 848 955 920 Spiritu
989 846 1044 900 in
1070 845 1266 899 saecula
1302 843 1649 900 saeculorum.
1671 840 1862 894 Amen.
1941 909 1946 912 _

2227 565 2318 619 καὶ
2349 569 2427 632 εἰς
2469 567 2791 636 συναγωγὰς
2835 566 2981 620 λαῶν
3013 568 3422 640 κατευρύνεται,
3464 572 3553 624 καὶ
3601 575 3778 642 μείζων

2223 658 2341 710 ἐστὶ
2398 658 2492 711 τοῦ
2569 659 2787 730 Ἰσραὴλ
2837 661 2902 731 τῇ
2949 659 3058 712 τῶν
3117 661 3518 714 πιστευσάντων
3581 665 3779 737 ἀμέτρῳ

2222 749 2426 820 πληθύῖ
2479 753 2802 822 ποιούμενος
2847 753 2946 824 τὴν
2982 753 3258 825 ὑπεροχήν
3280 773 3293 785 ·
3330 755 3427 826 μιᾷ
3456 756 3558 826 γὰρ
3588 745 3674 809 καὶ
3705 759 3778 828 ἴσῃ

2219 842 2402 913 χάριτι
2428 842 2854 914 κατεστέμμεθα
2885 843 3020 916 πρὸς
3055 844 3328 915 ἁγιασμδν
3360 845 3481 898 οἵτε
3503 846 3559 911 ἐξ
3591 847 3777 919 Ἰσραὴλ

534 937 626 988 καὶ
677 935 775 1006 μέν
805 951 886 988 τοι
941 933 1032 986 καὶ
1078 934 1127 986 oi
1168 931 1228 997 ἐξ
1291 930 1461 984 ὲθνῶν
1505 929 1920 993 πιστεύσαντες,
1993 928 2086 980 καὶ
2135 929 2194 981 ὲν
2233 931 2275 981 Χ
2289 929 2454 1000 ριστῷ
2478 930 2914 1002 δεδικαιωμένοιο
2949 933 3017 987 δι’
3040 928 3100 987 οὗ
3121 935 3216 988 καὶ
3244 935 3362 1004 μεθ’
3391 928 3450 989 οὗ
3476 937 3550 1005 τῷ
3575 937 3684 1009 Θεῷ
3703 942 3781 993 καὶ

535 1025 706 1096 [largi
749 1025 782 1094 ἡ
814 1023 941 1089 δόξα
985 1023 1082 1077 σὺν
1127 1022 1267 1094 ἁγίῳ
1302 1021 1589 1092 Πνεύματι·
1620 1021 1700 1083 εις
1738 1020 1864 1082 τοὺς
1913 1019 2115 1082 αἰῶνας
2152 1019 2260 1071 τῶν
2295 1020 2532 1074 αἰώνων.
2583 1022 2776 1094 Ἀμήν.

584 1218 1133 1246 W;

1821 1235 1924 1242 ..νὴ
1937 1234 2474 1242 --.-,..ο--ο..--.--.-.

1073 1378 1864 1496 ΓΑΑΦΥΡΩΝ
1932 1381 2171 1492 ΕΙΣ
2255 1384 2570 1496 ΤΗΝ
2638 1384 3282 1502 ΓΕΝΕΣΙΝ
3376 1350 3378 1352 ’

2929 1225 3757 1255 w

2479 1237 2894 1248 .——_—_—__—..

1909 1608 2347 1694 ΒΙΒΛΙΟΝ
2425 1613 2484 1694 Ζ
2505 1609 2548 1692 ’.

756 1926 1678 2023 GLAPHYRORUM
1760 1931 1880 2019 IN
1929 1927 2459 2019 GENESIM
2515 1931 2872 2022 LIBER
2949 1933 3590 2026 SEPTIMUS.
3650 1942 3654 1947 ’

600 2222 758 2294 211
798 2223 871 2278 De
907 2226 1254 2281 benedictione
1295 2227 1564 2282 duodecim
1606 2231 2056 2299 patriarcharum.

599 2336 810 2408 Scopus
823 2339 1045 2410 quidem
1065 2350 1229 2411 atque
1249 2343 1564 2396 institutum
1586 2344 1872 2414 praesentis
1900 2360 2114 2410 sermo-

528 2427 614 2482 nis
637 2435 724 2482 est
751 2444 974 2483 narrare
1006 2445 1070 2484 ea
1097 2445 1219 2500 qua:
1243 2429 1412 2485 Jacob
1436 2431 1564 2487 ﬁliis
1590 2448 1659 2487 ex
1692 2448 1750 2487 se
1781 2433 1927 2488 natis
1953 2448 2121 2489 even-

529 2533 652 2576 tura
688 2523 960 2591 praedixit.
1005 2523 1113 2578 Sed
1151 2525 1306 2593 prius
1337 2523 1495 2594 quasi
1530 2533 1896 2593 contestatur,
1919 2527 2118 2582 diﬂici-

527 2611 634 2666 lem
667 2612 966 2668 admodum
1001 2630 1122 2670 esse
1153 2616 1429 2671 dictorum
1466 2633 1710 2681 sensum,
1745 2634 1925 2688 neque
1954 2620 2117 2690 vulgo

525 2705 772 2768 obvium,
817 2707 911 2760 sed
961 2707 1273 2761 abstrusam
1309 2707 1714 2778 obscuramque
1761 2709 2116 2780 signiﬁcatio-

526 2812 650 2851 nem
692 2797 744 2850 in
781 2813 838 2852 se
879 2797 1101 2852 habere.
1143 2799 1452 2860 Immistum
1490 2815 1622 2854 vero
1650 2810 1735 2856 est
1773 2801 2116 2858 benedictio-

528 2889 616 2943 nis
647 2889 831 2951 modo,
869 2889 921 2943 id
963 2890 1109 2959 quod
1134 2906 1245 2946 non
1276 2891 1351 2945 ita
1375 2906 1434 2946 se
1465 2891 1653 2957 habet,
1684 2903 1741 2949 et
1763 2895 1910 2964 quod
1937 2897 2118 2952 adhuc

526 2980 612 3035 his
656 2979 930 3034 diﬂicilius
979 2990 1081 3036 est.
1124 2981 1403 3038 Promittit
1434 2984 1658 3052 quidem
1701 2984 1924 3042 divinus
1947 2987 2116 3043 Iacob

529 3071 825 3142 praedicere
852 3072 977 3127 (iliis
996 3089 1119 3143 qua:
1169 3074 1468 3130 novissime
1503 3086 1770 3130 eventura
1801 3077 1948 3143 sint;
1987 3079 2117 3135 facit

527 3159 659 3220 Vero
692 3165 1100 3234 prtetcritorum
1137 3166 1494 3231 mentionem,
1533 3175 1588 3222 et
1626 3177 1912 3236 peccatum
1954 3172 2115 3225 meti-

530 3268 638 3322 tur,
689 3258 929 3328 primum
978 3260 1204 3330 quidem
1254 3259 1426 3330 ipsius
1477 3260 1693 3326 Ruben,
1746 3278 1812 3318 ac
1847 3273 1973 3332 post
2012 3265 2115 3319 hoc

529 3351 804 3406 Simeonis
838 3359 895 3406 et
927 3351 1081 3406 Levi.
1123 3351 1258 3418 Quis
1297 3368 1430 3407 vero
1455 3352 1640 3408 dicere
1665 3355 1866 3410 audeat
1886 3371 2007 3410 esse
2035 3358 2116 3411 le-

527 3441 779 3509 gitimum
818 3441 1182 3496 benedicendi
1215 3443 1441 3498 modum
1478 3445 1880 3512 praeteritorum
1919 3463 2113 3516 pecca-

529 3545 710 3588 torum
755 3535 1394 3591 commemorationem?
1443 3535 1638 3590 Annon
1681 3539 1726 3593 is
1769 3539 2004 3595 mendax
2060 3550 2117 3595 et

527 3643 558 3681 a
597 3635 744 3681 recta
780 3627 991 3680 ratione
1025 3626 1242 3682 alienus
1278 3627 1593 3684 habeatur?
1619 3629 1900 3686 Obscurus
1934 3632 2118 3702 itaque

529 3717 826 3772 admodum
871 3727 957 3772 est
983 3732 1182 3787 capere
1221 3719 1538 3776 volentibus
1579 3721 1680 3776 hac
1719 3723 1787 3777 de
1830 3737 1889 3778 re
1913 3739 2116 3780 sermo.

528 3809 672 3876 Quid
711 3825 842 3879 ergo
877 3809 1145 3874 dicemus,
1187 3810 1516 3867 adhibentes
1551 3813 1932 3883 probationem
1967 3815 2119 3872 hisce

531 3919 561 3955 a
617 3901 776 3955 nobis
825 3901 1122 3971 propositis
1181 3903 1581 3959 commodam?
1630 3905 1768 3972 Quia
1823 3906 2118 3977 explicatio

532 3993 705 4063 ipsius
756 3993 1058 4062 pr0phetiae
1107 3995 1222 4048 sive
1275 3996 1652 4065 prmdictionis
1688 3998 1916 4054 omnino
1959 4000 2119 4055 nobis

532 4084 844 4140 introducet
890 4092 1076 4154 typum
1135 4083 1430 4158 Synagogae
1486 4087 1824 4152 Judaaorum,
1886 4098 2000 4154 aut,
2059 4099 2120 4146 ut

528 4177 844 4231 summatim
873 4175 1071 4242 dicam,
1110 4178 1278 4233 totius
1301 4179 1538 4248 generis,
1565 4188 1727 4248 atque
1761 4180 1899 4235 adeo
1923 4196 2115 4236 eorum

525 4286 648 4340 quae
680 4271 1113 4342 uniuscujusque
1152 4272 1333 4327 tribus
1372 4283 1520 4338 sunt,
1556 4273 1864 4343 qualisnam
1905 4275 1994 4328 illa
2033 4276 2119 4329 fu—

527 4371 649 4416 tura
701 4362 774 4415 sit
817 4377 919 4416 suo
957 4372 1226 4432 tempore,
1269 4377 1338 4416 an
1379 4361 1710 4428 damnanda,
1749 4378 1817 4417 an
1842 4380 1872 4418 e
1898 4363 2118 4420 diverso

525 4455 877 4524 approbanda
905 4474 916 4509 :
948 4455 1078 4508 item
1106 4454 1406 4525 quomodo,
1436 4463 1534 4508 aut
1589 4455 1642 4509 in
1672 4456 1875 4525 quibus
1929 4456 2114 4521 fuerit,

525 4553 582 4598 et
620 4558 731 4613 quo
769 4543 860 4598 illa
893 4535 1358 4614 quae'secundum
1397 4544 1512 4614 ipsa
1539 4554 1669 4600 sunt
1698 4546 1951 4601 evadant.
1984 4549 2118 4605 Vide

526 4640 708 4686 autem
743 4649 853 4702 quo
888 4641 1048 4702 pacto
1079 4633 1202 4688 aliis
1223 4632 1471 4704 quidem,
1495 4649 1563 4689 ex
1597 4635 1666 4689 iis
1685 4652 1806 4705 qua:
1832 4638 1944 4706 jam
1976 4638 2117 4693 facta

527 4733 677 4789 sunt,
713 4723 899 4782 futura
931 4724 1217 4790 describit,
1256 4726 1383 4782 aliis
1417 4742 1548 4781 vero
1583 4742 1651 4781 ex
1686 4728 1801 4798 ipsa
1830 4731 2116 4786 nominum

527 4817 897 4876 declaratione
935 4817 1050 4876 sive
1094 4818 1551 4888 interpretatione
1602 4818 1916 4874 futurorum
1953 4838 2117 4878 even-

2380 2237 2517 2306 Περὶ
2547 2236 2656 2306 τῆς
2689 2239 2971 2305 εὐλογίας
3009 2234 3123 2288 τῶν·
3155 2237 3229 2300 ιβ’
3261 2235 3652 2304 πατριαρχὼι·.

2293 2351 2500 2416 Σκοπὸς
2520 2352 2616 2421 μὲν
2633 2350 2710 2422 τῷ
2733 2349 2877 2420 λόγῳ
2895 2349 2955 2402 τὸ
2977 2348 3374 2420 ἀφηγήσασθαι
3393 2350 3502 2402 δεῖν
3529 2349 3632 2401 τῶν
3655 2351 3785 2418 εἰρη-

2223 2445 2400 2513 μένων
2426 2443 2632 2495 ἒκαστα
2665 2439 2817 2507 παρὰ
2845 2438 2937 2492 τοῦ
2963 2438 3307 2510 προπάτορος
3351 2437 3542 2492 Ἰακὼϐ
3580 2439 3679 2489 τῶν
3703 2441 3782 2489 ἐκ·

2219 2533 2542 2604 ϐησομένων
2575 2531 2716 2585 κατὰ
2738 2531 2960 2599 καιροὺς
2985 2530 3080 2582 ἐπὶ
3119 2530 3230 2592 τοῖς
3261 2529 3321 2593 ἐξ
3348 2528 3513 2581 αὑτοῦ
3535 2527 3784 2596 γεγονόσιν

2219 2627 2370 2688 υἱοῖς.
2425 2624 2972 2695 Προδιαμαρτύρεται
3004 2623 3060 2676 δὲ
3089 2623 3278 2689 ὥσπερ
3312 2626 3490 2676 ἐκεῖνο
3523 2620 3695 2690 σαφῶς
3721 2621 3782 2680 ὼς

2217 2717 2539 2786 δυσέφικτος
2573 2716 2668 2786 μὲν
2700 2715 2894 2786 κομιδῇ
2928 2715 3037 2768 τῶν
3067 2714 3377 2785 εἰρημένων
3401 2715 3430 2766 ὀ
3450 2712 3591 2779 νοῦς,
3619 2710 3705 2766 καὶ
3732 2711 3782 2760 οὗ

2220 2808 2453 2878 βάσιμος
2479 2810 2593 2870 τοῖς
2628 2807 2846 2872 πολλοῖς
2868 2846 2882 2872 ,
2911 2807 3320 2878 αἰνιγματώδης
3350 2807 3407 2860 δὲ
3442 2807 3534 2862 καὶ
3560 2807 3784 2875 ἀσυμφα-

2219 2901 2318 2971 νὴς
2333 2899 2431 2970 τὴν
2450 2899 2704 2969 δήλωσιν.
2726 2899 3008 2970 Μέμικται
3026 2899 3084 2953 δὲ
3106 2898 3185 2968 τῷ
3207 2897 3311 2968 τῆς
3332 2897 3581 2966 εὐλογίας
3604 2897 3783 2967 τρόπῳ,

2218 2994 2278 3048 τὺ
2307 2995 2380 3066 μὴ
2410 2993 2583 3057 οὕτως
2607 2993 2750 3064 ἔχον,
2780 2994 2873 3048 καὶ
2894 2993 2955 3046 τδ
2987 2992 3068 3046 ἔτι
3092 2993 3304 3046 τούτων
3337 2993 3780 3064 δυσεφικτότερον.

2231 3081 2655 3152 Ἐπαγγέλλεται
2691 3083 2790 3152 μὲν
2822 3083 2930 3153 γὰρ
2964 3083 2993 3134 ὁ
3025 3082 3315 3146 Θεσπέσιος
3353 3081 3547 3137 Ἰακὼϐ
3575 3095 3786 3152 προαγο-

2221 3173 2397 3246 ρεύειν
2426 3178 2538 3238 τοῖς
2576 3175 2786 3238 τέκνοις
2819 3174 2888 3228 τὰ
2919 3175 2977 3227 ὲν
3007 3175 3259 3245 ἐσχάτοις
3285 3191 3300 3206 ⁶
3339 3174 3574 3229 ποιεῖταί
3602 3190 3660 3240 γε
3692 3171 3784 3242 μὴν

2217 3264 2324 3318 τῶν
2370 3262 2778 3335 παρῳχηκότων
2819 3263 2920 3332 τὴν
2974 3264 3216 3333 μνήμην,
3270 3263 3368 3316 καὶ
3428 3257 3782 3332 πλημμέλεια-ο

2218 3356 2538 3428 ἀναμετρεῖ,
2569 3354 2796 3426 πρώτην
2829 3355 2927 3424 μὲν
2954 3354 3054 3425 τὴν
3080 3354 3175 3407 τοῦ
3223 3353 3518 3422 Ῥουδεὶμ,
3552 3347 3665 3406 εἶτα
3688 3349 3769 3416 γει-

2219 3467 2348 3504 τονα
2376 3449 2539 3512 εὐθὺς
2575 3448 2670 3502 καὶ
2706 3447 2824 3518 μετ’
2863 3447 3104 3516 ἐκείνην,
3139 3447 3239 3518 τὴν
3271 3446 3500 3518 Συμεὼν
3530 3445 3621 3499 καὶ
3655 3441 3784 3496 Asti.

2222 3536 2353 3596 Εἶτα
2383 3539 2466 3603 τις
2510 3540 2540 3592 δ
2579 3540 2746 3608 φάναι
2778 3537 3020 3608 θαρῤὦν,
3066 3539 3141 3602 ὡς
3185 3539 3446 3606 εὐλογίας
3488 3539 3624 3592 τισὶν
3656 3535 3785 3587 ἔσται

2223 3630 2446 3702 τρόπος,
2477 3631 2512 3700 ή
2543 3628 2654 3698 τῷν
2688 3629 2790 3699 ήδη
2821 3630 3321 3701 προεπταισμένων
3347 3631 3678 3700 ἀνάμνησις,
3708 3626 3787 3678 καὶ

2223 3725 2324 3776 οὐκ
2357 3723 2424 3778 ἂν
2462 3725 2634 3776 νοοῖτο
2663 3720 3004 3792 ψευὸοεπὴς,
3049 3721 3143 3774 καὶ
3180 3721 3274 3774 τοῦ
3311 3721 3641 3792 καθήκοντος
3674 3717 3788 3782 ὲξιὲμ

2223 3813 2370 3868 καλε
2403 3813 2494 3867 νοῦ
2515 3830 2530 3879 ;
2554 3813 2732 3876 Βαθὺς
2753 3809 2847 3866 οὖν
2867 3812 2977 3884 ἄρα
3001 3813 3094 3865 καὶ
3121 3813 3182 3865 οὺ
3205 3813 3329 3866 λίαν
3355 3813 3669 3884 ἐκκείμενος
3693 3809 3788 3864 τοῖς

2221 3905 2362 3959 ἑλεῖν
2390 3902 2667 3957 ὶθέλουσιν
2706 3906 2734 3957 ὁ
2762 3903 2858 3956 ἰπὶ
2885 3902 3024 3973 τῷδε
3053 3902 3230 3971 λόγος.
3263 3903 3331 3956 Τί
3373 3899 3468 3958 οὖν
3498 3905 3604 3973 ἄρα
3632 3899 3788 3970 φαμὲν

2223 3996 2322 4068 τὴν
2345 3993 2700 4066 ὲνδιεὶιομένην
2723 3995 2832 4056 τοῖς
2857 3993 3237 4062 προκειμένοις
3257 4011 3271 4060 ;
3302 3991 3381 4065 (Ι)
3409 3993 3480 4046 Ἦ
3499 3992 3592 4046 καὶ
3615 3987 3777 4052 συλλή-

2225 4087 2358 4154 ὁδην
2379 4088 2554 4141 εἰπεῖν
2581 4083 2782 4147 παντὸς
2803 4083 2896 4136 τοῦ
2915 4083 3124 4152 γένους,
3153 4084 3276 4154 ἦτοι
3294 4084 3406 4138 τῶν
3429 4084 3671 4142 ἑκάστοις
3699 4085 3782 4147 qr.»

2220 4175 2317 4246 λῆς
2344 4173 2536 4240 τύπον,
2567 4175 2750 4238 ὁποῖός
2781 4190 2867 4236 τις
2914 4173 3068 4252 ἔσται
3099 4173 3241 4226 κατὰ
3287 4174 3518 4244 καιροὺς
3537 4209 3550 4234 ,
3580 4168 3670 4224 καί
3701 4183 3786 4217 κι-

2218 4267 2629 4341 ταῤῥηθήσεται
2656 4266 2753 4336 μὲν
2781 4265 2874 4319 ὲπι
2911 4282 3073 4329 τισιν,
3114 4265 3472 4337 εὐδοκιμήσει
3497 4265 3553 4318 δὲ
3581 4265 3732 4322 ὅπως,
3760 4259 3786 4326 ἦ

2221 4365 2316 4416 καὶ
2362 4361 2421 4414 ἂν
2467 4360 2610 4413 τίσιν
2660 4359 2815 4412 ἐσται
2849 4359 3032 4427 τυχὸν,
3070 4360 3165 4412 καὶ
3203 4361 3440 4428 ὅποιπερ
3476 4354 3653 4411 ἄν’τὰ
3686 4352 3788 4404 κατ’

2221 4453 2392 4523 αὐτὴν
2441 4451 2905 4523 ἑκτελευτήσειεψ
2948 4452 3219 4521 εἰσκομιεῖ
3269 4468 3376 4503 που
3422 4451 3636 4509 πάντως
3679 4442 3791 4535 ἡμῖν

2219 4547 2321 4616 τῆς
2384 4546 2722 4616 προφητείας
2771 4546 2804 4614 ἡ
2858 4544 3158 4614 ἀφήγησις.
3211 4543 3407 4614 ’Λθρει
3448 4542 3506 4595 δὲ
3547 4541 3686 4599 ὅπως
3720 4537 3787 4587 οἱς

2225 4640 2324 4709 μὲν
2351 4638 2458 4693 ἀπὸ
2489 4637 2597 4690 τῶν
2630 4636 2730 4708 ήδη
2771 4635 3156 4706 γεγενημένων
3194 4635 3261 4689 τὰ
3297 4635 3366 4688 ’ὲν
3412 4633 3654 4704 ὑστέροις
3694 4624 3790 4678 ia!)-

2226 4746 2363 4800 μενα
2401 4731 2714 4799 ζωγραφεῖ,
2763 4728 2972 4798 ἑτέροις
3021 4727 3078 4780 δὲ
3133 4723 3198 4782 αὖ
3237 4728 3339 4795 τὴν
3379 4725 3490 4779 τῶν
3535 4721 3789 4792 ὀνομάτων

2221 4822 2517 4890 ἀφήγησιν,
2553 4820 2671 4888 ἢτοι
2709 4818 2805 4888 τὴν
2837 4817 3156 4889 ἑρμηνείαν,
3207 4819 3447 4886 μήνυσιν
3476 4814 3660 4882 ὥσπερ
3687 4809 3790 4861 τινὰ

529 4916 642 4960 tum
699 4906 960 4965 declarat.
1016 4906 1294 4979 Scriptum
1347 4916 1437 4963 est
1484 4909 1650 4978 igitur
1686 4909 1806 4964 sic:
1845 4931 1862 4960 ι
1895 4912 2116 4968 V'ocavit

2222 4914 2458 4964 ποιεῖται
2483 4909 2593 4962 τῶν
2628 4909 2928 4978 ἐσομένων,
2959 4909 3056 4966 καὶ
3088 4908 3237 4977 σαφῆ
3271 4905 3670 4978 προανέῶειξιν.
3710 4900 3742 4951 Γ
3746 4899 3790 4948 έ-

527 5005 708 5053 autem
745 4998 915 5054 Iacob
940 4999 1079 5054 ﬁlios
1108 5015 1258 5062 suos,
1288 5007 1344 5053 et
1367 4999 1506 5056 dixit
1535 5017 1546 5052 :
1589 4999 2028 5072 Congregamini,
2057 5015 2117 5059 ut

527 5095 847 5147 annuntiem
883 5093 1041 5148 vobis
1081 5093 1216 5162 quid
1249 5093 1463 5148 accidet
1503 5093 1658 5147 vobis
1708 5093 1762 5148 in
1800 5096 2115 5153 novissimis

529 5180 741 5236 diebus.
762 5182 1209 5253 Congregamini,
1241 5193 1296 5239 et
1322 5185 1528 5246 audite,
1568 5184 1662 5241 ﬁlii
1695 5185 1896 5251 Jacob;
1926 5188 2114 5244 audite

529 5274 784 5327 Israelem
820 5284 1034 5347 patrem
1065 5285 1307 5334 vestrum
1344 5279 1412 5332 ⁷⁷.
1465 5303 1479 5329 ι

1059 5479 1220 5547 212
1258 5477 1336 5532 οε
1379 5479 1580 5536 Ruben.

607 5609 630 5641 ιι
654 5587 848 5644 Ruben
875 5591 1275 5662 primogenitus
1306 5608 1480 5659 meus,
1509 5604 1563 5648 tu
1599 5613 1657 5650 es
1681 5596 1945 5650 fortitudo
1970 5611 2110 5660 mea,

621 5749 663 5777 ⁷⁷
688 5745 822 5812 Gen.
858 5760 1003 5809 ma,
1033 5745 1080 5806 l,
1109 5741 1162 5800 2.

2223 5020 2468 5077 γραπται
2488 5003 2668 5056 τοίνυν
2695 5002 2811 5054 ὡδί·
2847 5020 2864 5054 ι
2909 5003 3165 5056 Ἐκάλεσε
3194 5001 3250 5054 δὲ
3289 4999 3489 5055 Ἰακὼὸ
3518 5000 3640 5061 τοὺς
3663 4993 3789 5052 υἱοὺς

2223 5096 2410 5161 αὐτοῦ,
2450 5097 2543 5150 καὶ
2587 5091 2708 5148 εἷπε
2737 5111 2748 5124 ⁶
2792 5094 3106 5167 Συνάχθητε
3133 5095 3219 5148 ἵνα
3252 5093 3578 5163 ἀπαγγείλω
3608 5090 3725 5158 ὑμῖν
3746 5083 3788 5134 τί

2221 5190 2526 5258 ἀπαντήσει
2572 5188 2702 5258 ὑμῖν
2743 5188 2828 5240 ἐπ’
2860 5185 3090 5256 ἐσχάτου
3137 5186 3244 5239 τῶν
3286 5186 3535 5257 ἡμερῶν.
3603 5175 3787 5248 ’Δθροί-

2225 5279 2388 5349 σθητε
2418 5281 2510 5333 καὶ
2549 5278 2842 5340 ἀκούσατε,
2874 5279 2979 5330 υἱοὶ
3016 5277 3236 5330 Ἰακώϐ·
3275 5275 3552 5330 ἀκούσατε
3600 5266 3786 5338 Ἰσρίῆλ

2222 5372 2316 5427 τοῦ
2349 5370 2552 5442 πατῴς
2583 5370 2751 5440 ὑμῶν.
2796 5389 2811 5419 ι

2793 5482 2929 5547 Περὶ
2985 5480 3276 5547 Ῥουϐεἱμ.

2300 5614 2317 5646 ι
2370 5593 2624 5663 Ῥουδεὶμ
2673 5591 3022 5663 πρωτότοκός
3073 5608 3212 5661 μου,
3265 5589 3333 5642 σῖ,
3385 5587 3539 5658 ἰσχύς
3582 5599 3677 5654 μου
3709 5578 3785 5632 καὶ

618 5841 694 5908 [1)
725 5837 924 5908 Supple
959 5853 1023 5892 ex
1049 5835 1169 5890 cod.
1211 5831 1892 5902 llarheianoﬁswpﬁpaaw
1919 5833 2116 5904 ὲπιριπ

2221 5850 2328 5897 ντες
2356 5833 2606 5906 βάσανον,
2631 5833 2710 5886 ὅτι
2741 5835 2836 5905 τῆς
2879 5830 3148 5887 Ἰουδαίων
3173 5827 3526 5900 Συναγωγῆς,
3549 5824 3668 5896 ή....
