4034 6490
210 493 283 547 .m
1133 482 1663 540 GLAPIIYROBUM
1703 483 1770 539 IN
1811 484 2119 543 GENESIM
2159 489 2295 547 us.
2334 454 2447 547 in.

3323 500 3430 556 538

206 605 312 681 ἀρχὴ
346 600 525 656 τέκνων
571 614 705 670 μου,
752 597 991 669 σκληρὸς
1023 597 1285 671 φέρεσθαι
1332 598 1427 652 καὶ
1476 598 1727 671 σκληρῶς

1832 610 1888 656 et
1923 606 2261 677 principium
2298 608 2605 666 liberorum
2630 626 2905 681 meorum,
2930 594 3171 671 diﬁicilis
3199 616 3431 673 toleratu

205 698 405 766 αὐθάδης.
446 690 761 763 Ἐξὺδρισας
791 691 868 756 ὡς
893 690 1057 764 ὕδωρ,
1091 690 1168 763 μὴ
1199 690 1451 765 ὲκζέσῃς.
1509 692 1734 763 ’Δνέσης

202 792 283 861 γὰρ
306 787 384 841 ἐπὶ
420 782 512 856 τὴν
542 782 734 853 κοίτην
775 781 871 836 τοῦ
919 781 1128 854 πατρός
1164 799 1260 836 σου
1281 823 1297 847 ,
1328 783 1452 837 τότε
1500 782 1733 854 ἐμίανας

199 883 271 954 τὴν
310 875 571 950 στρωμνὴν
602 868 665 930 οὗ
716 874 941 946 ἀνέσης.
987 894 1007 927 ›
1057 873 1308 944 Κέκλοφε
1361 875 1460 946 μὲν
1499 870 1597 930 οὖν
1641 875 1733 930 τὸν

199 974 267 1031 τοῦ
287 971 465 1043 πατρὸς
503 969 685 1039 γάμον
715 972 744 1025 ό
782 968 1060 1041 Ῥουσείμ·
1094 968 1210 1041 ἥλω
1238 986 1298 1024 τε
1330 970 1431 1024 οὐκ
1472 971 1732 1043 ἁσυμφα-

201 1070 292 1131 νὼς,
318 1061 570 1135 δεδρακὼς
595 1062 631 1118 ἃ.
654 1062 732 1135 μὴ
755 1061 919 1132 θέμις
936 1104 948 1123 .
979 1062 1073 1116 καὶ
1100 1062 1176 1126 ὡς
1199 1062 1436 1135 πονηρὸν
1457 1063 1519 1117 τὸ
1542 1064 1733 1135 χρῆμα

205 1160 269 1213 καὶ
304 1156 477 1218 αὐταῖς
517 1157 642 1219 ταῖς
691 1154 750 1221 ἐξ
805 1153 1007 1208 Ἰακὼὸ
1062 1154 1453 1220 κατεδικὰζετο
1505 1155 1729 1227 ψήφοις.

205 1247 434 1318 (Πονηρὸν
453 1245 583 1317 γὰρ,
605 1247 795 1317 φησιν,
817 1246 996 1318 ἐφάνη
1025 1246 1258 1300 ἐνώπιον
1297 1245 1517 1301 Ἰακώϐ.
1548 1266 1562 1301 ι
1589 1246 1732 1300 Ἀλλ’

197 1342 237 1397 οὔ
261 1359 302 1395 τι
330 1357 420 1395 που
454 1339 512 1393 τὸ
553 1338 656 1411 ἤδη
703 1339 1038 1412 παρῳχηκὺς
1082 1339 1159 1404 ὡς
1206 1340 1265 1393 ὲν
1295 1341 1547 1410 ἐσχάτοις
1580 1339 1730 1394 ἔσται

191 1436 353 1505 καιροῖς
395 1433 796 1504 ὑποσοπήσειεν
843 1432 910 1487 ἂν
960 1429 1115 1504 οἶμαί
1163 1450 1268 1496 τις.
1331 1431 1572 1487 Ἥλίθιον
1627 1432 1731 1505 γὰρ

187 1527 339 1599 κομιδῇ
364 1526 419 1579 τὸ
444 1525 573 1597 τῇδε
603 1527 768 1580 νοεῖν.
804 1510 1297 1589 Μέταπλάττοντες
1326 1525 1383 1579 δὲ
1412 1524 1605 1596 ὥσπερ
1632 1525 1732 1595 τῆς

182 1618 503 1691 πλημμελείας
531 1618 629 1673 τὸν
654 1617 845 1683 τύπον,
870 1618 963 1674 ὲπί
988 1636 1042 1673 τι
1069 1618 1182 1672 τῶν
1203 1618 1481 1684 ἐοικότων,
1516 1618 1615 1691 τὴν
1635 1617 1730 1673 τοῦ

182 1711 472 1783 πρωτοτόκου
513 1711 692 1775 λαοῦ,
726 1711 876 1783 φημὶ
906 1710 970 1784 δὴ
1016 1710 1113 1766 τοῦ
1166 1711 1405 1784 Ἰσραὴλ,
1454 1711 1732 1783 ἁμαρτίαν

177 1804 407 1877 ίψίμεθα·
452 1802 684 1873 γύναιον
729 1805 829 1875 μὲν
863 1803 972 1875 γὰρ
1000 1797 1092 1858 οἷά
1132 1822 1184 1858 τι
1219 1804 1319 1876 τὴν
1364 1804 1421 1872 ἐξ
1450 1803 1730 1873 Αἰγύπτου

181 1895 449 1968 συναγωγὴν
490 1895 888 1967 προσηγάγετο
925 1897 954 1950 ὁ
984 1896 1147 1962 Θεὸς,
1199 1897 1289 1951 διά
1326 1914 1408 1951 τοι
1445 1896 1545 1962 τῆς
1588 1895 1730 1951 κατά

1835 704 1892 750 et
1930 695 2069 753 dure
2110 699 2496 757 intractabilis.
2522 701 2877 761 Redundavit
2898 705 3156 777 superbia
3182 719 3276 764 tua
3311 717 3434 764 tan-

1835 803 2001 858 quam
2042 806 2206 861 aqua,
2251 809 2322 848 ne
2364 793 2714 852 ell‘erbueris.
2748 796 3061 856 Ascendisti
3084 801 3233 856 enim
3268 818 3435 875 super

1835 881 2020 938 cubile
2063 883 2237 954 patris
2287 885 2389 951 tui,
2435 895 2491 943 et
2529 889 2818 946 maculasti
2869 900 3102 948 stratum
3133 894 3256 966 eius
3291 896 3358 949 ⁷⁸.
3407 915 3425 947 ι

1834 970 1970 1027 Nam
2012 973 2207 1030 Ruben
2243 975 2385 1031 clam
2430 977 2734 1036 violaverat
2766 983 2991 1053 nuptias
3026 994 3305 1055 paternas,
3330 986 3430 1043 dc-

1833 1065 2252 1138 prehensusque
2287 1077 2372 1124 est
2411 1071 2592 1140 palam
2632 1073 2998 1142 commisisse,
3041 1092 3163 1147 quae
3197 1076 3279 1134 fas
3319 1094 3431 1135 non

1834 1166 1938 1214 est.
1974 1159 2131 1216 Unde
2167 1169 2224 1216 et
2269 1161 2338 1217 ah
2389 1163 2510 1233 ipso
2549 1163 2721 1220 Iacob
2766 1164 3034 1238 ﬂagitiosa
3071 1185 3161 1225 res
3186 1171 3433 1242 judicata

1833 1260 1938 1307 est.
1977 1252 2069 1307 Ait
2104 1253 2254 1309 enim
2294 1272 2307 1310 :
2352 1276 2369 1307 ι
2401 1256 2675 1328 Apparuit
2704 1258 2911 1314 malum
2937 1260 2992 1315 in
3020 1273 3318 1336 conspectu
3344 1265 3433 1323 Ja-

1834 1343 1939 1400 cob
1969 1346 2035 1401 ⁷⁹.
2072 1367 2090 1399 ι
2137 1346 2413 1405 Caeterum
2446 1350 2594 1420 quod
2614 1352 2726 1423 jam
2755 1353 3097 1423 praeteritum
3118 1365 3221 1421 est,
3244 1373 3430 1424 nemo,

1833 1437 2097 1507 arbitror,
2140 1447 2400 1513 tanquam
2556 1444 2767 1501 ultimis
2805 1446 3149 1516 temporibus
3182 1448 3432 1507 futurum

1832 1531 2185 1588 existimarit.
2225 1533 2549 1592 Absurdum
2590 1537 2740 1593 enim
2789 1538 2961 1595 fuerit
2995 1539 3071 1596 ita
3110 1540 3337 1598 sentire.
3362 1542 3435 1598 At

1832 1621 1879 1678 si
1904 1624 2302 1683 transferamus
2327 1635 2515 1698 typum
2536 1628 2723 1686 delicti
2747 1631 2816 1687 ad
2840 1633 3049 1704 aliquid
3074 1633 3255 1690 simile
3276 1628 3429 1701 huic,

1834 1725 1951 1772 tum
1990 1727 2275 1789 peccatum
2310 1720 2473 1791 primi
2506 1722 2720 1792 populi,
2752 1723 2972 1781 lsraelis
3024 1726 3272 1795 inquam,
3308 1744 3432 1787 cer-

1833 1824 2049 1866 nemus.
2091 1810 2237 1868 Deus
2275 1813 2425 1867 enim
2463 1811 2803 1887 Synagogam
2835 1816 3007 1873 veluti
3034 1833 3262 1874 uxorem
3289 1819 3431 1875 edu-

1834 1901 1914 1956 xit
1946 1917 2014 1957 ex
2039 1900 2295 1976 Egypto,
2327 1919 2429 1976 per
2465 1904 2897 1964 intellectualem
2918 1908 3060 1981 legis
3085 1910 3428 1968 societatem.

178 1988 308 2059 νόμον
333 1989 514 2058 νοητῆς
542 1986 863 2051 κοινωνίας.
887 1985 1153 2059 Προσίετο
1177 1986 1309 2058 γὰρ,
1333 1986 1428 2041 καὶ
1452 1982 1605 2055 ἠξίου
1631 1984 1728 2055 μὲν

1833 1991 2072 2048 Admisit
2105 1972 2256 2049 enim
2282 1972 2426 2060 eam,
2457 2001 2515 2050 et
2536 1994 2912 2052 familiaritate
2930 1972 3431 2070 coniunctioneque

181 2080 472 2152 οἰκειότητος,
503 2078 797 2152 ἐγκαρπόν
820 2095 879 2133 τε
907 2077 1051 2133 οὕτω
1073 2079 1168 2133 καὶ
1194 2078 1402 2134 τέκνων
1423 2077 1589 2133 ἐτίθει
1621 2094 1728 2150 μη-

182 2172 298 2243 τέρα,
324 2171 599 2243 μονονουχὶ
637 2169 1140 2243 νυμφαγωγοῢντος
1174 2171 1345 2245 αὐτὴν
1386 2170 1481 2225 τοῦ
1528 2170 1730 2224 παντό-

180 2280 256 2330 ceu
277 2263 507 2330 Μωσέως,
541 2265 652 2318 καὶ
683 2265 784 2335 τῆς
819 2263 1116 2334 συναφείας
1141 2264 1233 2318 τὸν
1261 2265 1464 2336 τρόπον
1500 2263 1731 2336 μεσολα-

173 2355 361 2411 σούντων
398 2357 675 2426 ἀγγέλων.
728 2356 869 2411 Ἀλλ’
926 2359 960 2428 ἡ
1003 2357 1138 2428 πρὸς
1187 2357 1349 2412 τοῦτο
1388 2358 1540 2430 παρὰ
1591 2356 1728 2412 Θεοῦ

170 2450 514 2520 παρενεχθεῖσα
560 2450 876 2520 Συναγωγή
900 2448 993 2503 τὸν
1020 2449 1121 2521 τῆς
1155 2450 1513 2523 γνησιότητος
1540 2448 1730 2504 ἐλύπει

169 2540 314 2612 νόμον.
360 2542 749 2615 συναπτομένη
797 2543 999 2613 τρόπον
1034 2543 1156 2597 τινὰ
1202 2545 1316 2607 τοῖς
1350 2542 1446 2597 τοῦ
1478 2560 1729 2616 γεγαμη-

167 2634 290 2698 κότος
332 2636 474 2702 υίοῐς,
502 2634 612 2690 καὶ
638 2636 733 2689 ὑπ’
769 2636 956 2701 αὐτοῖς
993 2635 1358 2708 πορνεΰουσα,
1390 2637 1482 2692 καὶ
1520 2654 1728 2708 καρπο-

166 2722 361 2798 φοροῦσα
387 2725 483 2797 μὲν
510 2726 711 2780 οὐκέτι
740 2724 819 2797 τῷ
851 2725 937 2779 διὰ
969 2725 1136 2797 νόμου
1169 2725 1514 2797 συνῳκηκότι
1536 2768 1551 2793 ,
1591 2726 1727 2781 ὑπο-

165 2818 359 2890 φέρουσα
395 2818 449 2873 δΞ
478 2819 695 2890 μᾶλλον
720 2819 815 2873 τὸν
849 2819 982 2875 ἴδιον
1014 2819 1140 2875 νοῦν
1169 2823 1295 2900 τοῖς.
1321 2820 1526 2893 ἐτέρων
1554 2838 1726 2895 σπερ·

164 2914 427 2983 μιτισμοτς,
457 2913 632 2985 δῆλον
661 2913 718 2967 δὲ
742 2913 824 2967 ὅτι
861 2914 1072 2984 νοητοῖς
1110 2912 1206 2966 καὶ
1234 2915 1349 2977 τοῖς
1374 2912 1517 2968 κατὰ
1549 2913 1728 2987 μάθη-

162 3021 226 3058 σιν
248 3003 393 3075 λέγω.
440 3003 824 3076 Ἀτιμάξουσα
857 3004 966 3077 γὰρ
997 3004 1074 3070 ὡς
1101 3004 1271 3059 ἕωλον
1303 3004 1365 3059 τὸ
1402 3006 1726 3079 προκεῖσθαι

157 3093 277 3167 Θεῷ,
323 3095 453 3169 πρὸς
489 3094 820 3166 ἐντάλματα
864 3096 962 3150 καὶ
1011 3094 1366 3160 διδασκαλίας
1421 3094 1727 3168 ἀνθρώπων

155 3186 405 3258 ἐτράπετο,
433 3189 531 3244 καὶ
566 3187 926 3259 μαθημάτων
963 3187 1072 3242 τῶν
1108 3186 1321 3242 ἄνωθεν
1368 3187 1687 3262 ἀλογήσασα
1708 3231 1723 3254 ,

159 3279 200 3334 τὸ
234 3279 410 3337 δοκοῦν
452 3281 655 3346 ἁπλῶς
700 3281 941 3373 ἐποιεῖτο
984 3282 1171 3353 νόμον.
1226 3279 1522 3353 Τοιγάρτοι
1567 3282 1661 3336 καὶ
1694 3281 1724 3335 ό
1753 3314 1795 3373 C

152 3375 400 3446 προφήτης
429 3375 703 3440 Ἡσαΐας,
731 3392 749 3426 ι
779 3372 905 3439 Πῶς
927 3374 1168 3444 ἐγένετο,
1191 3373 1346 3446 φησὶ,
1373 3375 1548 3447 πόρνη
1571 3375 1725 3440 πόλις

153 3469 288 3541 πιστὴ
315 3467 469 3535 Σιὼν,
506 3469 738 3542 πλήρης
762 3467 1034 3542 κρίσεωςς
1071 3470 1131 3523 ὲν
1232 3469 1551 3541 δικαιοσύνη
1582 3473 1725 3525 ἐκοι-

154 3560 275 3634 μήθη
309 3562 364 3616 ὲν
391 3552 552 3635 αὐτῇ,
588 3559 697 3616 νῦν
738 3560 796 3616 δὲ
828 3560 1107 3632 φονευταί.
1150 3561 1226 3615 Τὸ
1258 3560 1526 3634 ἀργύριον
1571 3560 1725 3633 ὑμῶν

150 3652 390 3726 ἀδόκιμον.
415 3657 480 3710 Ol
502 3653 758 3726 κάπηλοι
784 3670 879 3707 σου
915 3652 1172 3726 μίσγουσι
1199 3653 1292 3708 τὸν
1321 3648 1464 3709 οἶνον
1488 3654 1661 3709 ὕδατι.
1700 3674 1719 3707 ι

157 3742 426 3817 Ἐκοιμήθη
462 3747 565 3819 μὲν
598 3745 718 3818 γὰρ
748 3747 881 3817 παρ’
921 3746 1059 3818 αὐτῇ
1078 3789 1093 3815 ,
1126 3746 1221 3800 καὶ
1251 3745 1549 3801 κατέλυσεν
1583 3748 1615 3817 ἡ
1646 3746 1724 3800 δι-

154 3833 375 3910 καιοσύνη
391 3878 406 3897 .
432 3837 693 3890 τουτέστι
727 3833 882 3898 Θεός.
936 3834 1076 3888 Ἀλλ’
1100 3834 1408 3904 εἰσεδέξατο
1435 3836 1727 3908 φονευτὰς,

152 3931 492 4001 μοιχωμένους
513 3973 527 3993 ,
561 3930 664 3985 καὶ
698 3929 969 4000 φθόρους,
1007 3932 1134 3995 τοὺς
1165 3931 1431 4003 ἀργύριον
1469 3932 1609 4005 αὐτῇ
1643 3931 1719 3985 δι-

150 4019 308 4086 δόντας
330 4023 616 4096 ἀδόκιμον,
650 4023 750 4079 καὶ
783 4022 1195 4095 ἀναμιγνύντας
1239 4022 1330 4077 τὸν
1364 4017 1508 4078 οἶνον
1538 4025 1722 4080 ¹ἱίδατι.

158 4114 409 4187 ’Δδόκιμος
454 4119 570 4191 γὰρ
614 4116 847 4188 ἀληθῶς
889 4118 918 4171 ὁ
958 4116 1118 4187 λόγος
1160 4116 1272 4171 τῶν
1318 4117 1725 4172 ἀναπειθόντων

146 4205 291 4279 αὐτὴν
312 4209 531 4266 ἑλέσθαι
566 4212 745 4283 τιμᾷν
783 4208 1136 4274 διδασκαλίας
1166 4210 1261 4264 καὶ
1288 4209 1603 4281 ἐντάλματα
1634 4212 1726 4265 άν-

142 4299 366 4369 θρώπων.
395 4305 890 4377 Κεκαπηλευμένη
930 4304 986 4359 δὲ
1012 4303 1204 4376 ὥσπερ
1231 4303 1329 4359 καὶ
1358 4303 1454 4358 τοῦ
1481 4304 1726 4375 χείρονος

141 4392 224 4446 οὐκ
235 4395 576 4469 ἀσυμμιγὴς,
600 4400 636 4469 ἡ
663 4398 799 4470 παρ’
816 4397 1045 4452 ἐκείνων
1067 4398 1368 4469 ἀφήγησις.
1392 4395 1565 4449 Τοῦτο
1593 4395 1722 4466 rip.

137 4480 290 4556 οἶμαι,
310 4488 425 4544 ἐστὶ
442 4491 507 4545 τὸ
531 4491 642 4546 ἀνα
652 4506 720 4562 με
730 4489 1115 4562 μίχθαιλέγειν
1139 4488 1232 4544 τὸν
1256 4483 1398 4544 οἶνον
1415 4482 1722 4542 ὕδατι.”οτι

137 4574 184 4626 δὲ
204 4576 260 4630 τὸ
288 4581 477 4653 χρῆμα
518 4582 620 4637 τὸν
653 4581 763 4635 τῶν
791 4580 932 4636 ὅλων
959 4579 1151 4635 ἐλύπει
1190 4579 1345 4643 Θεὸν,
1394 4579 1489 4633 καὶ
1522 4579 1595 4643 ὠς
1629 4594 1722 4631 πε-

1834 2084 2090 2158 dignatus
2125 2093 2230 2152 est,
2267 2093 2432 2158 atque
2486 2087 2568 2143 sic
2606 2087 2896 2145 fecundam
2928 2097 2985 2145 et
3021 2097 3253 2146 matrem
3286 2089 3431 2147 ﬁlio-
3538 2079 3543 2083 ᾗ

1835 2191 1957 2230 rum
1991 2175 2196 2242 eﬂ‘ecit,
2234 2177 2490 2248 pronubo
2513 2178 2924 2249 quodammodo
2952 2179 3122 2245 Mose,
3156 2189 3323 2251 atque
3361 2181 3429 2237 ad

1832 2264 2073 2337 conjugii
2127 2264 2352 2321 modum
2403 2266 2906 2325 intervenientibus
2949 2270 3178 2342 angelis.
3224 2271 3431 2328 Verum

1833 2358 1956 2424 ista,
1996 2374 2119 2429 quae
2151 2358 2218 2414 ad
2256 2359 2362 2414 hoc
2396 2376 2427 2415 a
2458 2360 2571 2416 Deo
2611 2361 2849 2418 adducta
2883 2371 2967 2418 est
3000 2362 3304 2436 Synagoga,
3340 2382 3430 2423 τε·-

1832 2448 2057 2519 pudiata
2082 2465 2211 2505 vera
2240 2466 2304 2505 ac
2324 2450 2539 2506 sincera
2562 2450 2702 2522 lege,
2743 2451 3000 2522 copulata
3036 2458 3122 2507 est
3158 2452 3429 2522 quodam-

1833 2544 1998 2600 modo
2036 2543 2164 2600 ﬁliis
2204 2543 2399 2614 ipsius,
2436 2552 2494 2599 et
2531 2542 2839 2598 adulterata
2869 2558 2996 2598 eum
3026 2543 3149 2611 eis;
3180 2559 3282 2599 nee
3308 2560 3429 2617 ante

1832 2635 1980 2707 plius
2028 2636 2103 2703 ei,
2154 2635 2251 2706 qui
2298 2635 2578 2707 legitimus
2620 2634 2852 2691 maritus
2886 2643 3026 2701 erat,
3050 2634 3427 2701 fructiﬁcavit,

1832 2727 1930 2783 sed
1987 2735 2232 2784 mentem
2290 2743 2447 2784 suam
2511 2726 2747 2782 aliorum
2805 2725 3114 2782 seminibus
3168 2727 3426 2799 subjecit,

1831 2817 2213 2889 Spiritualibus
2236 2817 2522 2885 nimirum,
2555 2832 2788 2888 qumque
2820 2816 2890 2873 ad
2917 2816 3226 2873 doctrinam
3253 2821 3429 2890 perti-

1830 2916 1985 2965 nent.
2026 2908 2348 2981 Despiciens
2391 2909 2542 2973 enim
2592 2919 2653 2965 ut
2700 2925 2904 2966 vanum
2957 2910 3072 2966 Deo
3122 2911 3424 2979 adhaerere,

1831 3003 2108 3058 convertit
2144 3016 2205 3058 se
2248 3002 2318 3058 ad
2365 3001 2624 3058 mandata
2669 3011 2726 3058 et
2775 3002 3059 3059 doctrinas
3113 3003 3425 3072 hominum,

1830 3096 2152 3152 coelestibus
2193 3096 2485 3168 praeceptis
2524 3094 2850 3167 repudiatis,
2893 3096 3042 3167 quod
3074 3096 3180 3168 ipsi
3210 3098 3427 3155 arride-

1830 3187 1927 3243 bat
1965 3187 2146 3243 solum
2188 3186 2417 3243 faciens.
2456 3185 2599 3242 Hine
2631 3193 2686 3242 ct
2710 3187 2978 3258 propheta
3011 3187 3180 3243 lsaias
3209 3207 3221 3244 :
3256 3211 3273 3243 ι
3307 3190 3430 3260 Quo

1829 3290 2010 3350 pacto,
2073 3279 2270 3350 inquit,
2331 3278 2474 3334 facta
2534 3286 2620 3334 est
2675 3279 2942 3335 meretrix
3011 3281 3206 3337 civitas
3251 3280 3430 3341 ﬁdelis

1828 3371 1983 3438 Sion,
2023 3371 2187 3443 plena
2219 3370 2416 3443 iudicii
2443 3411 2458 3438 ,
2490 3371 2545 3425 in
2589 3385 2698 3441 qua
2719 3371 2934 3444 justitia
2958 3372 3170 3444 quievit
3204 3376 3260 3430 in
3286 3376 3425 3447 ipsa,

1827 3480 1978 3521 nunc
2017 3464 2348 3521 homicidae?
2373 3462 2679 3536 Argentum
2718 3472 2968 3521 vestrum
3006 3474 3094 3523 est
3145 3468 3428 3526 adultera-

1829 3567 1967 3614 tum.
1991 3556 2282 3629 Caupones
2308 3556 2388 3612 tui
2414 3555 2648 3611 miscent
2683 3555 2878 3611 vinum
2919 3572 3061 3628 aqua
3095 3557 3164 3613 ⁸ο.
3198 3578 3216 3613 ι
3256 3557 3426 3628 Quie-

1828 3651 1907 3706 vit
1942 3651 2092 3707 enim
2140 3649 2197 3705 in
2237 3648 2355 3720 ipsa
2404 3656 2571 3718 atque
2623 3647 2927 3718 hospitium
2957 3647 3153 3705 habuit
3188 3651 3424 3724 iustitia,

1828 3744 1936 3801 hoc
1979 3751 2065 3799 est
2112 3742 2278 3797 Deus.
2322 3739 2431 3796 Sed
2475 3738 2699 3795 admisit
2742 3739 3075 3816 homicidas,
3123 3741 3425 3810 adulteros,

1828 3844 2206 3907 corruptores,
2249 3832 2345 3904 qui
2397 3832 2646 3904 praebent
2681 3842 2971 3905 argentum
3008 3836 3332 3906 reprobum,
3372 3846 3431 3895 et

1827 3924 2064 3981 miscent
2113 3926 2303 3980 vinum
2348 3942 2512 3998 aqua.
2559 3925 2845 3999 Siquidem
2889 3927 3164 3999 reprobus
3200 3927 3430 3983 omnino

1827 4024 1914 4073 est
1950 4032 2146 4072 eorum
2193 4032 2400 4083 sermo,
2441 4018 2538 4089 qui
2579 4018 2919 4090 persuadent
2955 4018 3060 4091 ipsi
3094 4027 3154 4075 ut
3186 4027 3432 4076 sectetur

1827 4107 2114 4164 doctrinas
2143 4114 2202 4163 et
2234 4108 2495 4164 mandata
2536 4109 2848 4167 hominum.
2893 4108 3216 4168 Adulterata
3261 4112 3430 4169 etiam

1826 4207 1930 4266 est,
1982 4189 2170 4270 neque.
2215 4200 2381 4273 213
2428 4202 2718 4272 pravitatis
2766 4203 3000 4259 mistura
3043 4212 3195 4260 caret
3235 4220 3428 4261 eorum

1827 4293 2096 4350 doctrina.
2140 4292 2201 4350 Id
2243 4295 2415 4361 enim,
2457 4296 2722 4363 arbitror,
2753 4305 2838 4352 cst
2884 4297 3034 4367 quod
3067 4297 3203 4353 dicit
3230 4314 3429 4369 aquam

1825 4388 1959 4443 vino
1996 4387 2238 4442 mistam.
2266 4386 2425 4455 Quod
2464 4404 2594 4444 vero
2620 4388 2727 4445 hoc
2762 4389 2941 4445 Deum
2980 4390 3151 4446 totius
3183 4391 3427 4448 universi

1826 4480 1968 4535 male
2004 4478 2284 4544 habuerit,
2311 4479 2572 4551 quodque
2599 4480 2797 4536 merito
2831 4480 3139 4537 Jerusalem
3164 4490 3429 4554 tanquam

1828 4572 2139 4628 adulteram
2182 4571 2478 4639 accusarit,
2525 4571 2655 4628 audi
2701 4587 2769 4628 ex
2816 4571 2922 4628 hoc
2967 4573 3112 4629 clare
3153 4572 3301 4644 quod
3331 4589 3432 4646 per

136 4672 494 4744 πορνευμένην
538 4673 778 4736 εἰκότως
827 4672 1128 4744 κατῃτιᾶτο
1172 4669 1274 4743 τὴν
1331 4667 1719 4742 Ἰερουσαλὴμ,

1829 4680 2020 4722 vocem
2056 4656 2308 4722 Ieremia;
2351 4664 2530 4721 dixit:
2574 4684 2592 4717 ι
2620 4664 2766 4721 Leva
2799 4665 2989 4721 oculos
3028 4676 3153 4722 tuos
3187 4666 3244 4721 in
3277 4666 3427 4723 dire-

137 4757 278 4814 άκουε
300 4762 494 4834 σαφῶς
521 4765 620 4819 ὁτὲ
651 4766 753 4837 μὲν
773 4763 1029 4833 λέγοντος
1055 4762 1145 4817 διὰ
1173 4764 1275 4836 τῆς
1313 4760 1583 4835 Ἰερεμίου
1615 4778 1728 4830 φω·

136 4849 245 4919 νῆζ⁶
278 4873 295 4907 ι
334 4851 517 4930 ’Δρον
548 4859 639 4923 είς
667 4843 887 4911 εὐθεῖαν
929 4855 1023 4911 τὸν
1048 4854 1331 4927 ὀφθαλμόν
1362 4871 1457 4909 σου
1477 4895 1491 4919 ,
1520 4854 1616 4908 καὶ
1649 4853 1729 4908 ίδε

140 4943 221 4995 τοῦ
280 4947 621 5022 ἐξεφύρθης.
686 4950 811 5004 Ἐπὶ
845 4951 966 5023 ταῖς
1040 4948 1183 5013 ὁδοῖς
1240 4947 1505 5011 ὲκάθισας
1536 4945 1730 5011 αὑταῖς

132 5034 244 5092 ὡσεὶ
276 5041 493 5114 κορώνη
541 5044 951 5115 ἠρημουμένη,
985 5043 1081 5098 καὶ
1127 5042 1363 5114 ἑμίανας
1390 5039 1490 5112 τὴν
1530 5037 1636 5110 γῆν
1669 5040 1728 5094 ιν

134 5130 234 5193 ταῖς
264 5135 518 5203 πορνίαις
569 5152 696 5198 σου,
724 5136 822 5190 καὶ
864 5134 1025 5208 ἔσχες
1066 5133 1333 5206 ποιμένας
1376 5131 1607 5196 πολλοὺς
1642 5131 1725 5195 τις

133 5220 445 5299 πρόσκομμα
472 5229 718 5299 σεαυτῇ.
751 5228 917 5297 Ὄφις
942 5227 1151 5299 πόρνης
1168 5224 1387 5295 ἐγένετό
1410 5242 1514 5285 σοι,
1543 5223 1722 5294 ὰπηνο

134 5315 481 5391 αισχύντησας
534 5319 688 5393 πρὸς
719 5321 950 5386 πάντας
984 5321 1083 5392 οὐχ
1108 5320 1186 5385 ὡς
1213 5318 1461 5373 σύνοικόν
1492 5333 1561 5389 με
1587 5315 1723 5371 ἑκά-

135 5398 288 5472 λισας,
311 5412 406 5465 καὶ
435 5411 669 5483 πατέρα
696 5412 791 5467 καὶ
819 5412 1065 5484 ἀρχηγὸν
1085 5411 1189 5484 τῆς
1213 5409 1512 5482 παρθενίας
1546 5422 1662 5461 σαν
1700 5425 1719 5459 ι

135 5498 208 5550 καὶ
231 5497 386 5569 αὖθις
423 5505 522 5559 ὁτὲ
569 5503 634 5558 δὲ
668 5498 756 5561 αὗ·
804 5524 824 5558 ι
877 5506 1004 5560 Ἐὰν
1039 5503 1410 5578 ὲξαποστέλλῃ
1453 5501 1593 5573 ἀνὴρ
1628 5498 1725 5572 τὴν

129 5596 336 5655 γυναῖκα
362 5596 573 5665 αὐτοῦ,
624 5599 720 5652 καὶ
753 5597 964 5670 ἀπέλθῃ
993 5597 1090 5653 ἀπ’
1134 5596 1332 5663 αὐτοῦ,
1378 5594 1472 5650 καὶ
1495 5593 1725 5664 γένηται

130 5680 264 5755 ἀνδβι
320 5689 539 5762 ἑτέρῳ,
602 5689 683 5762 μὴ
728 5692 1168 5763 ἀνακάμπτουσα
1216 5688 1536 5762 ἀνακάμψει
1587 5684 1726 5757 πρὸς

131 5774 273 5832 αἱτδν
333 5780 447 5849 Eu;
512 5783 597 5838 Οὐ
666 5783 988 5856 μιαινομένη
1050 5783 1415 5855 μιανθήσεται
1484 5782 1517 5850 ἡ
1585 5777 1723 5848 γυνὴ

190 5898 231 5929 ⁷⁸
259 5900 399 5957 Gen.
436 5921 589 5969 xm,
622 5905 682 5968 3,
712 5906 760 5960 ί.
840 5908 884 5937 ⁷⁵³
915 5906 1051 5963 Gen.
1093 5920 1217 5971 xw,
1256 5906 1343 5962 56.

1423 5907 1464 5937 πθ
1498 5905 1599 5958 lsa.
1635 5919 1671 5965 ι,
1710 5897 1802 5966 21,
1838 5897 1927 5950 ἦ.

1824 4767 1997 4823 ctum,
2027 4765 2085 4813 et
2109 4756 2237 4813 vide
2265 4757 2359 4812 ubi
2390 4765 2669 4829 prostrata
2691 4757 2787 4813 sis.
2823 4757 2882 4813 ιιι
2908 4757 3016 4813 viis
3038 4757 3173 4830 ipsis
3197 4758 3431 4816 sedebas

1827 4860 2086 4924 tanquam
2104 4851 2296 4906 cornix
2314 4850 2580 4917 desolata,
2602 4863 2659 4907 et
2674 4850 2920 4922 polluisti
2940 4858 3144 4906 terram
3166 4852 3222 4908 in
3251 4851 3428 4908 forni-

1824 4943 2139 5002 cationibus
2157 4943 2356 5009 tuis,et
2370 4942 2615 4999 habuisti
2633 4950 2885 5015 pastores
2918 4943 3123 4999 multos
3158 4944 3215 4999 in
3244 4943 3426 5013 oﬂ‘cn-

1824 5036 2037 5093 sionem
2050 5035 2172 5091 tibi.
2195 5035 2386 5092 Facies
2401 5036 2572 5092 scorti
2588 5035 2732 5091 facta
2747 5045 2831 5093 est
2846 5035 2965 5091 tibi.
2986 5036 3206 5093 Desiisti
3220 5036 3428 5092 erube-

1824 5145 1981 5187 scere
2010 5129 2079 5185 ad
2097 5144 2311 5195 omnes,
2327 5129 2647 5186 necvocasti
2666 5145 2753 5184 me
2770 5129 3226 5185 contubernalem
3243 5138 3424 5195 tuum,

1823 5238 1950 5280 cum
1968 5223 2071 5279 sim
2089 5230 2146 5279 et
2161 5231 2316 5294 pater
2330 5228 2387 5277 et
2401 5221 2513 5276 dux
2529 5210 2862 5293 virginitatis
2879 5229 2986 5278 tua:
3003 5222 3069 5276 ⁸⁸.
3084 5240 3101 5274 ι
3127 5222 3262 5279 ltem
3285 5241 3299 5279 :
3326 5243 3343 5275 ι
3369 5223 3428 5280 Si

1824 5315 2098 5373 dimiserit
2112 5314 2198 5372 vir
2214 5329 2441 5369 uxorem
2456 5329 2634 5379 suam,
2653 5324 2708 5369 et
2724 5330 2945 5388 egressa
2961 5316 3252 5388 copuletur
3266 5318 3428 5381 alteri

1823 5409 1967 5476 viro,
2001 5424 2135 5463 num
2163 5417 2449 5462 revertens
2480 5414 2794 5464 revertetur
2823 5408 2890 5464 ad
2935 5410 3115 5480 ipsum
3142 5411 3429 5483 amplius?
3490 5441 3508 5499 ξι

1825 5499 2018 5557 Nonne
2039 5496 2340 5571 polluendo
2364 5497 2646 5569 polluetur
2677 5499 2877 5555 mulier
2895 5500 2998 5557 ista
3017 5500 3040 5557 ?
3062 5502 3130 5558 Et
3165 5510 3221 5557 tu
3250 5502 3427 5558 fomi-

1829 5597 1949 5644 cata
1978 5602 2042 5643 es
2063 5586 2120 5641 in
2150 5585 2341 5642 multis
2374 5586 2710 5657 pastoribus,
2742 5599 2800 5645 et
2831 5599 3013 5648 tamen
3039 5592 3213 5648 audes
3244 5591 3313 5647 ad
3337 5607 3426 5649 me

1828 5680 2080 5738 reverti?
2105 5679 2243 5736 dicit
2261 5678 2527 5736 Dominus
2540 5680 2611 5735 ".
2633 5699 2651 5731 ι
2677 5681 2852 5739 Porro
2872 5683 3020 5740 hunc
3038 5682 3428 5740 fornicationis

1829 5772 2054 5829 modum
2075 5773 2193 5844 ipse
2215 5771 2382 5827 etiam
2408 5770 2661 5828 Salvator
2681 5774 2843 5831 nobis
2863 5784 3052 5847 aperte
3074 5773 3427 5831 monstravit.

2008 5897 2047 5925 θ’
2085 5894 2291 5952 Jerem.
2320 5911 2397 5959 ιιι,
2446 5893 2499 5957 2,
2533 5893 2586 5948 5.
2663 5895 2887 5963 ’ἷϋιίόι
2912 5895 2963 5948 1.
