4034 6464
187 496 281 550 341

1195 493 1723 550 ειΑΡιιγιιοιιυιι
1765 496 1828 550 IN
1870 496 2171 554 GENI‘JSIM
2213 500 2340 554 LIB.
2386 501 2494 557 VII.

3381 475 3485 558 ιιι

183 615 323 676 σθαι,
364 611 460 663 καὶ
488 607 734 679 σκληρὸς
764 605 1028 677 αὐθάδης,
1052 607 1352 673 τουτέστιν,
1383 610 1780 684 ἁμεταποίητος

1892 615 2147 671 Christus
2189 614 2303 689 ipse
2338 633 2348 666 :
2392 632 2409 663 ι
2437 611 2632 680 Quem,
2679 612 2776 676 ait,
2821 614 3214 684 prophetarum
3247 631 3359 672 non
3399 619 3488 674 in-

177 707 263 760 καὶ
276 700 676 771 ἁκαμπὴς,καὶ
694 701 914 772 ἄγριος,
931 698 1339 764 ὲπελευστικός.
1358 703 1654 785 Ὀρμητίαι
1677 704 1788 776 γὰρ

173 799 217 850 οἱ
254 795 502 850 Ἰουδαῖοι
530 792 676 847 κατὰ
703 793 766 845 τὸ
781 791 984 864 ἀληθὲς
1001 793 1096 845 καὶ
1115 793 1252 846 πολῦ
1276 793 1396 846 λίαν
1419 793 1645 867 ὲξὴνιοι.
1671 798 1792 851 Τοι-

172 885 358 955 γάρτοι
380 882 614 946 δικαίως
635 881 919 936 ἀκούουσι⁸
934 901 951 934 ι
976 881 1456 955 Σκληροτράχηλοι
1479 885 1577 939 καὶ
1596 888 1788 961 ἀπερί-

174 993 358 1047 τμητοι
392 975 651 1046 καρδίαις
681 975 776 1029 καὶ
803 977 914 1038 τοῖς
937 974 1094 1039 ὠσὶν,
1121 977 1280 1047 ὑμεῖς
1306 977 1386 1032 ἀεὶ
1414 978 1489 1049 τῷ
1510 979 1789 1051 Πνεῦματι

178 1065 393 1138 τῷὰγίῳ
410 1067 798 1121 ἀντιπίπτετε.
816 1087 833 1117 ι
852 1069 961 1120 Καὶ
976 1067 1134 1131 αὐτὸς
1154 1067 1210 1121 δὲ
1229 1070 1257 1122 6
1277 1069 1534 1141 Χριστός·
1553 1089 1572 1124 ι
1593 1071 1746 1135 Τίνα,
1763 1094 1782 1126 ι

180 1161 295 1232 φησί
321 1179 455 1220 που.
483 1180 503 1212 ι
530 1160 644 1214 τῶν
669 1159 970 1235 προφητῶν
997 1165 1096 1214 οὐκ
1129 1161 1460 1217 ἀπέκτειναν
1481 1165 1529 1218 οί
1553 1165 1788 1235 πατέρες

178 1251 345 1324 ὐμῶνς
378 1253 500 1307 Καὶ
543 1253 706 1324 ὑμεῖς
747 1251 1108 1324 ἐπληρώσατε
1137 1253 1198 1307 τὸ
1237 1254 1438 1327 μέτρον
1475 1256 1586 1310 τῶν
1619 1258 1794 1312 πατέ-

179 1364 279 1416 ρων
311 1343 502 1414 ὑμῶν.
532 1363 552 1396 ι
577 1343 795 1417 ’ἰταμὸς
815 1339 908 1398 οὖν
943 1345 1055 1418 ἄρα
1087 1345 1184 1399 καὶ
1221 1347 1464 1420 προαλὴς
1482 1349 1563 1412 είς
1591 1350 1781 1421 ὀργὰς,

169 1437 253 1491 καὶ
282 1438 580 1492 δύσοιστον
609 1437 750 1508 ἔχων
779 1439 878 1510 τὴν
910 1437 1101 1508 ἔσοδον
1127 1439 1155 1492 6
1187 1438 1425 1512 Ἰσραὴλ,
1445 1443 1541 1494 καὶ
1562 1440 1781 1513 ἐξυϐρί-

164 1534 272 1596 ζων
316 1532 397 1595 ὡς
443 1530 636 1604 ὕδωρ,
677 1532 984 1596 τουτέστιν,
1035 1533 1312 1605 ἀφόρητον
1354 1535 1493 1606 ἔχων
1520 1534 1617 1606 τὴν
1661 1534 1781 1589 καθ’

160 1619 229 1676 ὧν
257 1623 323 1677 ἂν
349 1622 540 1676 ’έλοιτο
564 1623 944 1694 καταδρομήν.
973 1624 1237 1678 Τοιαῦται
1266 1626 1376 1696 γάρ
1407 1625 1522 1690 πώς
1550 1627 1690 1680 είσιν
1717 1627 1774 1680 at

159 1717 262 1771 τῶν
287 1716 515 1772 ὑδάτων
543 1717 733 1789 φοραί.
788 1737 807 1769 ι
837 1717 1001 1772 Ἀλλὰ
1035 1721 1110 1792 μὴ
1136 1720 1392 1795 ἐκζέσῃς,
1426 1740 1444 1773 ι
1483 1723 1639 1794 φησί.
1671 1724 1781 1776 Καὶ

158 1810 208 1863 τί
236 1809 300 1880 δὴ
325 1807 500 1862 τοῦτό
527 1810 678 1873 tam;
715 1807 788 1862 Τὸ
829 1809 1019 1874 ὲκζέον
1047 1809 1192 1880 ὕδωρ
1222 1810 1336 1864 ἄνω
1378 1828 1482 1865 που
1526 1813 1776 1884 φέρεται,

158 1902 261 1956 τῶν
298 1901 561 1973 λεϐήτων
586 1901 1014 1974 ὑπερχεόμενον,
1055 1904 1148 1957 καὶ
1187 1904 1334 1958 δοκεῖ
1355 1922 1474 1970 πως
1513 1901 1656 1960 εἶναι
1686 1909 1779 1962 καὶ

1899 707 2237 762 terfecerunt
2267 693 2450 778 patres
2479 706 2649 761 vestri
2679 706 2702 760 τ
2741 705 2809 761 Ει
2839 721 2938 762 vos
2973 707 3301 778 implevistis
3336 726 3491 767 men-

1896 816 2080 856 suram
2114 808 2333 871 patrum
2356 809 2664 856 vestrorum
2694 802 2762 855 ⁹¹.
2793 821 2810 852 ι
2850 799 3100 873 Prmceps
3124 801 3289 873 igitur
3311 815 3396 860 est
3429 805 3486 861 in

1895 893 2028 959 iras,
2087 902 2143 948 et
2192 902 2509 961 contumax,
2554 903 2719 965 atque
2766 895 3100 950 intolerabili
3143 896 3354 968 impetu
3394 914 3486 954 ra-

1894 986 2044 1054 pitur
2089 985 2276 1051 Israel,
2331 996 2498 1057 atque
2547 985 2864 1042 redundans
2915 994 2976 1041 ut
3025 1004 3185 1058 aqua,
3239 988 3343 1044 hoc
3375 997 3482 1054 est,
3569 1007 3578 1012 “

1891 1075 2115 1131 immani
2151 1077 2204 1132 in
2234 1092 2297 1132 ea
2337 1093 2458 1147 quae
2485 1077 2601 1132 vult
2651 1077 2860 1146 impetu
2910 1077 3106 1133 fertur.
3157 1079 3482 1152 Huiusmodi

1889 1170 2036 1224 enim
2084 1179 2169 1226 est
2207 1185 2361 1240 aqum
2408 1171 2686 1226 currentis
2726 1171 2982 1242 impetus.
3024 1191 3041 1224 ι
3077 1172 3185 1228 Sed
3215 1189 3282 1229 ne
3315 1174 3484 1230 εποι-

1889 1261 2097 1328 bueris,
2142 1282 2158 1314 ι
2218 1263 2416 1333 inquit.
2457 1263 2670 1334 Ecquid
2705 1263 2812 1319 hoc
2865 1264 3000 1319 est?
3054 1267 3209 1334 Aqua
3248 1265 3482 1320 eﬂ'erve-

1888 1371 2049 1410 scens
2095 1370 2316 1411 sursum
2369 1341 2546 1412 fertur
2597 1357 2669 1428 in,
2699 1356 2997 1423 lebetibus,
3047 1356 3367 1419 diffundens
3400 1373 3483 1420 se,

1887 1447 1962 1502 ita
2015 1456 2076 1502 ut
2132 1449 2305 1504 multa
2357 1465 2477 1504 esse
2527 1450 2802 1504 videatur.
2858 1449 3047 1519 Itaque
3101 1457 3392 1520 postquam
3431 1449 3482 1504 ei

1885 1555 2041 1608 aqua:
2081 1539 2348 1610 impetum
2394 1541 2610 1606 tribuit,
2652 1540 2900 1612 persistit
2937 1540 2992 1594 in
3031 1540 3378 1611 metaphora,
3426 1549 3483 1594 et

1883 1633 1980 1697 ait,
2043 1650 2061 1683 ι
2103 1648 2173 1687 ne
2211 1632 2560 1699 ctl'erbueris,
2600 1652 2618 1685 ι
2672 1632 2779 1688 hoc
2820 1640 2925 1696 est,
2973 1647 3044 1699 ne
3091 1631 3374 1687 extollaris
3425 1631 3479 1685 in

1883 1723 2316 1780 multitudinem.
2361 1725 2622 1781 Israelita
2662 1724 2810 1779 enim
2842 1740 2942 1795 per
2977 1722 3140 1786 ﬁdem
3177 1725 3232 1778 in
3258 1721 3480 1779 Christo

1877 1817 2164 1889 justificati
2197 1818 2339 1873 bene
2366 1817 2743 1874 numerabiles
2785 1825 2915 1873 sunt
2947 1823 3199 1888 respectu
3225 1817 3476 1872 multitu-

1883 1910 2028 1966 dinis
2066 1912 2334 1983 gentium.
2381 1911 2543 1981 215
2589 1910 2798 1966 Deinde
2839 1925 3060 1965 causam
3110 1910 3274 1965 affert
3330 1907 3498 1964 illius

159 1993 308 2049 πολύ.
326 1992 564 2065 Ἐπειδὴ
589 1994 771 2048 τοίνυν
799 1994 993 2059 ὓδατος
1015 1995 1164 2067 αὐτῷ
1186 1996 1565 2069 περιτέθεικεν
1578 2000 1778 2072 ὁρμὴν,

1883 2003 2031 2075 quod
2065 2003 2351 2070 acciderit,
2381 2011 2436 2058 et
2457 2003 2535 2057 ait
2568 2021 2580 2057 :
2623 2021 2639 2052 ι
2668 2001 2982 2057 Ascendisti
3006 2000 3154 2057 enim
3178 2001 3234 2056 in
3273 1999 3476 2056 lectum

162 2088 408 2157 ἐπιμένει
438 2091 507 2160 τῇ
553 2087 647 2143 τοῦ
693 2087 854 2157 λόγου
887 2089 1210 2160 μεταφορᾷ,
1246 2091 1342 2145 καί
1390 2106 1558 2162 φησι·
1617 2110 1636 2144 ι
1684 2091 1777 2164 Μὴ

161 2177 382 2250 ικζέσης
407 2219 424 2243 ,
461 2197 480 2229 ι
526 2178 555 2232 δ
588 2178 739 2243 ἐστι,
783 2178 858 2250 μὴ
903 2179 1223 2253 ὑπεραρθῇς
1253 2183 1333 2244 είς
1365 2181 1606 2250 πλῆθος,
1641 2181 1777 2254 μηδὲ

155 2269 324 2337 γένοιο
371 2267 577 2333 πολύς.
623 2270 1001 2342 Εὐαρίθμητοι
1055 2273 1167 2344 γὰρ
1210 2272 1286 2336 ὡς
1346 2273 1484 2342 πρὶς
1526 2273 1626 2345 τὴν
1669 2272 1778 2326 τῶν

163 2362 442 2435 Ἑλλήνων
499 2363 716 2435 πληθὺν
765 2366 814 2417 οξ
853 2363 911 2431 ἐξ
955 2363 1188 2434 αἵματος
1230 2365 1451 2436 Ἰσραὴλ
1493 2366 1776 2420 ἀνασεσω-

154 2457 335 2526 σμένοι
383 2457 484 2510 διὰ
519 2458 762 2522 πίστεως
801 2457 901 2528 τῆς
935 2458 993 2509 ἐν
1025 2457 1268 2529 Χριστῷ.
1303 2454 1435 2511 Εἶτα
1467 2459 1565 2528 τὴν
1595 2459 1775 2512 αἰτίαν

145 2552 403 2624 ἐπιφέρει
458 2550 558 2604 τοῦ
613 2551 1081 2622 συμϐησομένου,
1128 2551 1224 2604 καί
1279 2568 1435 2622 φησι·
1477 2571 1494 2602 ι
1549 2551 1776 2623 Ἀνέὸης

145 2646 246 2714 γὰρ
310 2642 418 2696 ἐπὶ
478 2642 675 2712 κοίτην
732 2642 938 2715 πατρός
997 2660 1135 2708 σου,
1197 2645 1319 2696 τότε
1384 2643 1618 2713 ὲμίανας
1678 2643 1774 2715 τὴν

144 2735 445 2807 στρωμνὴν
516 2729 578 2790 οῦ
627 2735 851 2806 ἁνέὸης.
911 2755 930 2786 ι
1005 2735 1090 2799 Ὠς
1152 2734 1261 2808 γὰρ
1325 2735 1425 2808 ἤδη
1488 2737 1774 2806 προεῖπον,

140 2829 318 2882 οὐκέτι
348 2829 468 2900 μὲν
503 2827 575 2881 τὰ
612 2831 670 2882 ἐν
700 2829 852 2900 νόμῳ
891 2827 1307 2899 διερευνώμενοι
1352 2828 1445 2881 καὶ
1477 2831 1591 2892 τοῖς
1635 2827 1776 2881 ἀνω-

141 2916 227 2970 θεν
282 2917 511 2986 λογίοις
557 2919 652 2971 καὶ
715 2920 827 2982 τοῖς
889 2917 1195 2988 ἀνθρώπων
1266 2918 1608 2988 ἐντάλμασι,
1674 2917 1774 2988 τῆς

152 3011 240 3064 ἐπὶ
292 3010 543 3083 Χριστῷ
597 3009 856 3080 γνώσεως
897 3009 1154 3083 ταύτῃτοι
1193 3009 1628 3081 διημαρτήκασι.
1676 3010 1774 3062 Διὰ

1881 2095 2055 2167 patris
2090 2098 2190 2160 tui,
2217 2104 2348 2164 tunc
2374 2093 2619 2166 polluisti
2640 2102 2875 2150 stratum
2901 2094 3020 2165 ejus
3044 2093 3100 2147 in
3122 2092 3269 2162 quod
3290 2107 3480 2147 ascen—

1881 2189 2030 2245 disti.
2094 2207 2112 2240 ι
2163 2188 2320 2252 Nam,
2375 2196 2436 2242 ut
2500 2186 2667 2242 modo
2708 2185 2845 2250 dixi,
2895 2201 3022 2242 cum
3079 2201 3189 2243 non
3243 2184 3480 2254 amplius

1880 2295 2094 2346 eorum,
2153 2295 2274 2350 quae
2333 2279 2387 2332 in
2421 2278 2540 2348 lege
2569 2277 2946 2341 continentur,
2978 2291 3166 2344 curam
3203 2283 3476 2346 gererent,

1880 2389 2062 2444 neque
2108 2371 2364 2443 supernis
2415 2371 2584 2425 rebus
2636 2368 3043 2434 incumberent,
3097 2376 3153 2423 et
3187 2366 3482 2438 praeceptis

1881 2459 2191 2525 hominum,
2230 2459 2354 2514 ideo
2386 2475 2416 2513 a
2457 2458 2772 2530 cognitione
2806 2457 3012 2514 Christi
3055 2458 3475 2514 aberraverunt.

1879 2551 2117 2624 Ideoque
2165 2551 2334 2606 etiam
2383 2550 2499 2621 ipse
2537 2550 2652 2604 ait:
2705 2570 2726 2602 ‹
2761 2549 3100 2606 Scrutamini
3141 2547 3475 2619 Scripturas,

1878 2644 2008 2714 quia
2043 2661 2141 2698 vos
2168 2643 2372 2714 putatis
2407 2643 2463 2697 in
2496 2643 2630 2714 ipsis
2659 2643 2827 2698 vitam
2864 2650 3128 2698 aeternam
3154 2643 3380 2697 habere.
3410 2639 3478 2694 Et

1880 2737 1984 2792 illae
2014 2743 2144 2791 sunt
2169 2751 2290 2806 quas
2320 2734 2686 2790 testiﬁcantur
2712 2733 2780 2789 de
2808 2751 2918 2800 me,
2953 2749 3056 2789 nec
3088 2735 3256 2790 vultis
3284 2736 3476 2791 venire

1877 2828 1945 2883 ad
1971 2843 2079 2890 me,
2099 2827 2347 2882 utvitam
2377 2825 2631 2881 habeatis
2652 2826 2824 2880 "'93.:
2856 2825 2925 2881 Et
2955 2841 3186 2890 rursus:
3215 2846 3246 2876 -‹
3269 2825 3326 2882 Si
3348 2843 3473 2884 cre—

1876 2919 2084 2975 deretis
2129 2917 2286 2983 Mosi,
2325 2916 2629 2971 crederetis
2667 2923 2725 2971 et
2765 2916 2945 2970 mihi:
2975 2915 3043 2970 de
3079 2932 3166 2971 me
3195 2917 3344 2976 enim
3383 2917 3490 2974 ille'

1877 3010 2099 3080 scripsit
2137 3009 2206 3064 ".
2249 3028 2266 3062 ι
2313 3007 2623 3063 Accusabat
2659 3015 2844 3062 autem
2878 3008 3238 3063 vehementer
3262 3010 3471 3080 princi-

133 3102 287 3156 τοῦτο
330 3103 444 3155 καὶ
489 3102 654 3164 αὑτός
699 3118 888 3172 φησιν·
945 3120 963 3153 ι
1027 3101 1321 3172 Ἐρευνᾶτε
1368 3098 1468 3163 τὰς
1512 3100 1770 3172 Γραφὰς,

1883 3115 1973 3170 pes
2001 3099 2340 3163 Judaeorum,
2369 3097 2444 3152 ita
2484 3096 2713 3152 dicens:
2763 3115 2781 3148 ι
2818 3097 2912 3153 Vas
2956 3098 3135 3163 vobis,
3163 3097 3375 3155 Scriba
3416 3108 3474 3154 et

130 3195 204 3247 δτι
246 3195 430 3264 ὑμεῖς
471 3193 685 3246 δοκεῖτε
721 3194 779 3245 ἐν
809 3193 1003 3256 αὑταῖς
1032 3191 1179 3266 ζωὴν
1205 3192 1424 3246 αἰώνιον
1455 3190 1620 3262 ἔχειν.
1657 3193 1768 3247 Καὶ

1883 3189 2136 3246 Pharisaei
2166 3187 2482 3259 hypocritse,
2506 3187 2638 3256 quia
2655 3186 2913 3243 clauditis
2945 3202 3175 3258 regnum
3206 3188 3472 3244 caelorum

132 3287 346 3341 ἐκεῖναί
381 3288 538 3338 εἰσιν
573 3287 629 3339 αί
667 3284 1044 3358 μαρτυροῦσαι
1079 3285 1209 3357 περ)¹
1255 3285 1423 3357 ἐμοῦ,
1462 3287 1554 3339 καὶ
1581 3288 1640 3339 οὐ
1675 3287 1766 3341 θέ-

1883 3299 2062 3338 coram
2098 3281 2438 3336 hominibus.
2487 3281 2598 3337 Vos
2635 3282 2783 3336 enim
2831 3297 2942 3336 non
2989 3270 3336 3347 introitis,vet
3377 3284 3472 3353 qui

131 3378 247 3431 λετε
281 3377 484 3430 ἐλθεῖν
520 3376 662 3446 πρός
696 3393 786 3447 με,
836 3376 924 3429 ἵνα
958 3377 1102 3446 ζωὴν
1137 3375 1316 3447 ἔχητε.
1357 3395 1375 3428 ι
1426 3378 1532 3430 Καὶ
1568 3376 1761 3431 πάλιν·

1883 3377 2160 3430 introeunt
2194 3373 2502 3444 prohibetis
2534 3373 2602 3429 ⁸³.
2642 3394 2660 3427 ι
2697 3375 2767 3430 Ει
2811 3389 3004 3430 rursus
3036 3391 3051 3429 :
3104 3394 3122 3426 ι
3147 3345 3246 3431 Ἴσι
3291 3345 3472 3440 vobis,

136 3490 152 3524 ι
186 3471 248 3524 Εἰ
277 3468 634 3528 ἐπιστεύετε¹
654 3470 862 3534 Μωσεῖ,
884 3469 1201 3522 ἐπιστεύετε
1232 3467 1297 3523 ἂν
1326 3468 1471 3540 ἐμοί·
1504 3469 1633 3541 περὶ
1655 3470 1764 3544 γὰρ

1883 3469 2082 3524 Scriba:
2119 3479 2174 3524 et
2209 3468 2474 3524 Pharisaei
2508 3467 2835 3540 hypocrita,
2882 3469 2977 3538 qui
3024 3468 3274 3523 circuitis
3323 3483 3474 3524 mare

129 3563 263 3633 ἐμοῦ
299 3565 535 3625 ἐκεῖνος
576 3560 837 3632 ἔγραψεν.
874 3581 891 3612 ι
937 3561 1235 3632 Ἐπῃτιᾶτο
1268 3560 1325 3614 δὲ
1358 3560 1479 3614 λίαν
1516 3562 1608 3612 καὶ
1637 3562 1766 3623 τοὺς

1883 3574 1929 3618 et
1968 3561 2202 3627 aridam,
2235 3570 2298 3616 ut
2332 3561 2546 3617 faciatis
2577 3578 2750 3617 unum
2781 3561 3122 3635 proselytum
3163 3579 3176 3615 :
3219 3561 3314 3632 qui
3346 3577 3473 3617 curn

69 3672 72 3676 '
128 3655 236 3708 τῶν
279 3654 578 3710 Ἰουδαίων
609 3651 951 3724 καθηγητὰς,
991 3651 1136 3705 οὕτω
1163 3651 1360 3720 λέγων·
1399 3671 1417 3702 ι
1447 3652 1584 3706 Οὐαὶ
1612 3652 1763 3722 ὑμῖν,

1883 3654 2052 3709 iactus
2096 3653 2285 3716 fuerit,
2343 3653 2559 3709 eﬂicitis
2603 3670 2732 3709 eum
2785 3653 2957 3709 ﬁlium
3007 3654 3272 3725 gehennae
3306 3653 3475 3725 duplo

130 3745 516 3818 Γραμματεῖς
567 3747 662 3798 καὶ
709 3747 994 3816 Φαρισαῖοι
1042 3745 1376 3816 ὑποκριταὶ,
1423 3745 1504 3798 δτι
1557 3744 1768 3798 κλείετε

1883 3747 2139 3818 majorem
2179 3763 2344 3817 quam
2382 3763 2481 3803 vos
2517 3747 2652 3803 estis
2680 3747 2748 3803 ".
2781 3767 2799 3799 ι
2827 3747 2947 3802 Non
2982 3754 3165 3802 autem
3203 3748 3475 3818 potuisset

129 3842 227 3911 τὴν
265 3838 576 3910 βασιλείαν
610 3838 720 3891 τῶν
763 3837 1014 3910 οὐρανῶν
1041 3837 1359 3909 ἔμπροσθεν
1399 3836 1510 3890 τῶν
1558 3834 1766 3907 ἀνθρώ-

1883 3837 2026 3894 ﬁlius
2071 3840 2338 3910 gehenna:
2387 3841 2528 3904 ﬁeri,
2570 3839 2674 3895 nisi
2717 3839 3115 3895 fornicatorum
3147 3841 3474 3896 commentis

131 3949 268 3985 πων,
315 3933 533 3998 ’Υμεῖς
570 3931 680 4002 γὰρ
701 3932 800 3982 οὐκ
835 3930 1172 4002 εἰσέρχεσθε,
1209 3926 1330 3981 οῦτε
1367 3928 1494 3990 τοὺς
1525 3928 1771 3998 εἰσερχο-

1883 3931 2075 3987 l‘uisset
2110 3932 2379 3987 imbutus.
2412 3933 2557 4003 Ergo
2592 3931 2853 3987 Israelita:
2890 3932 3261 3987 ascenderunt
3300 3934 3355 3988 in
3390 3931 3472 3988 Ie-

136 4024 334 4095 μένους
369 4023 580 4092 ἀφίετε
611 4021 900 4076 εἰσελθεῖν.
934 4040 953 4072 ι
1001 4022 1112 4074 Καὶ
1157 4020 1346 4073 πάλιν·
1387 4038 1405 4070 ι
1439 4019 1578 4074 Οὐαὶ
1619 4019 1769 4090 ὑμῖν,

1883 4031 2024 4077 ctum
2054 4024 2248 4094 patris,
2284 4031 2643 4095 aspernantes
2671 4023 2894 4094 quidem
2926 4023 3253 4095 legislatoris
3275 4025 3471 4080 volun-

130 4119 514 4191 Γραμματεῖς
551 4117 647 4171 καὶ
673 4118 960 4186 Φαρισαῖοι
991 4113 1322 4185 ὑποκριταὶ,
1359 4113 1440 4166 δτι
1473 4111 1769 4182 περιάγετε

1883 4123 2063 4180 tatem,
2113 4124 2176 4170 ut
2206 4131 2402 4170 vanam
2431 4132 2445 4182 ;
2480 4130 2610 4170 suos
2643 4124 2826 4170 autem
2861 4129 3146 4171 sermones
3188 4115 3474 4187 discipulis

127 4211 226 4284 τὴν
255 4211 566 4266 Θάλασσαν
591 4210 685 4263 καὶ
710 4210 809 4280 τὴν
837 4207 1008 4280 ξηρὰν
1036 4207 1264 4277 ποιῆσαι
1285 4205 1383 4258 ’ἐνα
1407 4204 1766 4275 προσήλυτον.

1883 4207 1988 4262 suis
2023 4207 2369 4263 inculcantes
2412 4215 2470 4263 et
2509 4207 2874 4262 immunditize
2913 4207 3126 4262 semina
3171 4207 3304 4278 ipsis
3373 4209 3469 4261 im-

126 4305 238 4360 Kal.
266 4307 411 4359 ὅταν
440 4303 677 4374 γένηται
702 4344 716 4364 ,
749 4304 953 4354 ποιεῖτε
983 4299 1146 4354 αὑτὸν
1178 4299 1294 4352 υἱὸν
1331 4297 1558 4366 γεέννης
1587 4295 1768 4349 διπλό-
1868 4296 2172 4354 mittentes.
3155 4345 3160 4348 _

124 4413 287 4469 τερον
340 4396 538 4468 ὑμῶν.
595 4415 613 4447 ι
678 4393 822 4448 Ἀλλ’
867 4394 969 4447 οὐκ
1009 4393 1074 4447 ἂν
1121 4392 1342 4460 ἐγένετο
1387 4389 1614 4459 γεέννης
1652 4388 1788 4453 υίὸς,
1832 4391 1882 4443 εί
1926 4389 2000 4463 μὴ
2047 4393 2159 4454 τοῖς
2187 4390 2297 4444 τῶν
2342 4391 2696 4462 μοιχωμένων
2737 4391 3038 4463 προσετέθη
3071 4392 3268 4460 λόγοις.
3319 4391 3472 4444 Ἀνα-

123 4494 413 4564 6ε6ήκασι
462 4492 647 4544 τοίνυν
698 4493 789 4544 ἐπὶ
835 4490 1023 4561 κοίτην
1073 4489 1277 4560 πατρὸς
1321 4487 1370 4539 οἱ
1417 4484 1475 4552 ἐξ
1529 4486 1762 4555 αἵματος
1800 4487 2040 4560 Ἰσραήλο
2114 4487 2530 4559 παρωθούμενοι
2568 4488 2666 4558 μὲν
2710 4487 2772 4541 τὸ
2833 4487 2912 4560 τῷ
2949 4489 3220 4562 νομοθέτῃ
3257 4488 3467 4554 δοκοῦν,

125 4591 201 4654 ὡς
237 4590 446 4644 ἕωλον·
496 4589 626 4652 τοὺς
656 4587 817 4650 ἰδίους
848 4585 905 4638 δὲ
949 4588 1065 4650 τοῖς
1099 4585 1510 4657 παιδευομένοις
1553 4583 1921 4656 εἰσκρίνοντες
1957 4584 2166 4655 λόγους,
2201 4586 2296 4639 καὶ
2347 4583 2693 4657 ἀκαθαρσίας
2755 4587 2937 4651 αὐτοῖς
3001 4587 3236 4652 ἐνιέντες
3298 4588 3467 4659 σπέρ-

132 4701 304 4752 ματα.

588 4801 728 4867 Περὶ
755 4800 1005 4869 Συμεὼν
1028 4800 1126 4855 καὶ
1157 4801 1325 4855 Λευτ.

2370 4796 2449 4851 De
2486 4795 2732 4853 Simeone
2764 4806 2812 4851 et
2845 4798 2988 4853 Levi.

200 4915 274 4968 α’.
319 4934 341 4966 ι
389 4911 634 4983 Συμεὼν
664 4914 760 4968 καὶ
805 4913 940 4968 Λευῒ
977 4914 1202 4984 ἀδελφοὶ
1251 4914 1610 4969 συνετέλεσαν
1649 4915 1770 4968 ἁδι-

1934 4910 1987 4964 1.
2020 4929 2038 4962 ι
2079 4910 2305 4966 Simeon
2337 4919 2392 4966 et
2420 4909 2554 4966 Levi
2573 4910 2774 4967 fratres
2809 4915 3465 4970 consummaveruntini-

127 5007 256 5060 κίαν
287 5007 358 5072 ἐξ
394 5007 676 5078 αἱρέσεως
704 5008 911 5062 αὐτῶν.
946 5009 1041 5073 Είς
1077 5007 1274 5078 βουλὴν
1303 5007 1488 5062 αὐτῶν
1517 5008 1592 5080 μὴ
1621 5006 1766 5061 ἔλθοι

1883 5002 2136 5072 [nitatem
2168 5002 2442 5073 propositi
2466 5000 2572 5057 sui.
2603 5000 2804 5058 Anima
2831 5019 2951 5058 mea
2979 5019 3094 5058 non
3119 5003 3466 5076 ingrediatur

127 5103 159 5171 ὴ
198 5101 363 5173 ψυχή
413 5117 545 5171 μου,
577 5101 676 5154 καὶ
701 5103 880 5172 ὲπὶτῇ
911 5103 1171 5156 συστάσει
1211 5100 1393 5156 αὐτῶν
1439 5100 1514 5173 μὴ
1555 5099 1767 5170 έρείσαι.

1886 5109 1919 5148 n
1946 5092 2240 5149 consilium
2265 5109 2483 5149 eorum.
2511 5093 2571 5148 In
2599 5101 2746 5148 cmtu
2782 5093 3027 5163 ipsorum
3062 5110 3173 5149 non
3205 5095 3465 5152 dicentur

125 5193 196 5247 τὰ
229 5194 440 5266 ἤπατά
478 5210 607 5264 μου,
649 5194 731 5247 δτι
789 5194 848 5246 ὲν
885 5194 962 5264 τῷ
1017 5193 1178 5265 θυμῷ
1215 5194 1396 5248 αὐτῶν
1435 5193 1767 5248 ἀπέκτειναν

1883 5187 2122 5244 ιιὼιὶιῐιὶο
2147 5203 2290 5253 mea,
2316 5188 2444 5257 quia
2482 5187 2538 5242 in
2573 5186 2760 5241 furore
2790 5203 2891 5242 suo
2920 5187 3322 5244 interfecerunt
3357 5188 3463 5245 ho-

127 5285 498 5357 ἁνθρὼπους.
527 5285 624 5339 καὶ
640 5287 700 5339 ὲν
720 5287 788 5356 τῇ
818 5285 1086 5357 ἐπιθυμίᾳ
1108 5283 1289 5338 αὐτῶν
1319 5283 1762 5355 ὲνευροκόπησαν

1883 5279 2082 5345 mines,
2124 5287 2182 5334 et
2229 5279 2286 5333 in
2337 5277 2787 5347 concupiscentia
2842 5294 2941 5333 sua
2985 5280 3465 5339 subnervaveruut

132 5374 363 5446 ταῦρον.
399 5376 845 5450 Ἐπικατάρατος
873 5378 901 5430 6
931 5375 1104 5448 θυμὸς
1145 5375 1347 5443 αὐτῶν,
1377 5376 1458 5428 ὅτι
1498 5374 1762 5446 αὐθάδης,

1883 5383 2115 5428 :aurum.
2158 5371 2481 5426 Maledictus
2513 5371 2665 5426 furor
2697 5387 2915 5437 eorum,
2942 5373 3070 5443 quia
3105 5377 3380 5446 pertinax,
3407 5385 3464 5432 et
3550 5436 3552 5438 τ

133 5469 228 5522 καὶ
251 5472 290 5540 ἡ
324 5469 500 5540 μῆνις
514 5469 719 5532 αὐτῶν,
744 5471 828 5523 ὅτι
858 5469 1225 5542 ἐσκληρύνθη.
1259 5467 1539 5540 Διαμεριῶ
1566 5468 1764 5530 αὐτοὺς

1893 5481 1953 5519 ra
1976 5479 2171 5519 eorum
2196 5461 2326 5532 quia
2355 5461 2610 5516 indurata
2637 5471 2741 5516 est.
2772 5462 3022 5517 Dividam
3055 5479 3152 5519 eos
3183 5464 3236 5519 in
3266 5465 3458 5530 Jacob.

127 5560 450 5627 ἔν’ῑακὼό,
489 5563 588 5615 καὶ
620 5562 903 5631 δισσπερῶ
932 5563 1134 5627 αὐτοὺς
1183 5560 1520 5638 ἐνῘΙσραήλ.
1572 5579 1590 5612 ι
1635 5561 1762 5612 Ἐκ-

1883 5565 1922 5613 at
1945 5556 2255 5628 dispergam
2279 5570 2377 5610 eos
2402 5554 2458 5608 in
2481 5551 2648 5608 Israel
2685 5553 2751 5607 ⁸⁷.
2786 5573 2803 5606 ι
2837 5555 2973 5612 Nam
3002 5571 3125 5611 cum
3152 5556 3458 5614 Jerusalem

127 5657 607 5727 πεπορνευμένης
639 5659 741 5727 τῆς
785 5657 1167 5730 Ἰερουσαλὴμ,
1201 5656 1296 5710 καὶ
1327 5655 1563 5719 ἀνοσίοις
1594 5671 1764 5726 φενα-

1883 5650 2258 5715 brnicaretur,
2283 5655 2635 5718 mentemque
2657 5649 2957 5721 subjiceret
2977 5651 3162 5721 impiis
3181 5651 3456 5706 illusioni-

129 5752 369 5818 κισμοῖς
398 5748 507 5802 τῶν
523 5749 1027 5822 ἑτεροδιδασκαλεῖν
1050 5749 1321 5804 εἰωθότων
1351 5746 1761 5817 ὑπενεγκοὺσης

1883 5759 1969 5798 JUS
1991 5757 2206 5808 eorum,
2233 5741 2328 5812 qui
2361 5740 2580 5796 diversa
2603 5755 2633 5797 a
2661 5741 2780 5813 lege
2801 5741 2901 5799 Dei
2925 5742 3125 5798 docere
3149 5757 3468 5804 consueve—,

202 5913 246 5940 “
284 5911 483 5966 Matth.
510 5930 664 5979 xxm,
696 5913 785 5967 52.
865 5915 1169 5976 "-"Joan,
1195 5928 1243 5980 ιν,
1279 5915 1367 5970 59.
1446 5915 1491 5944 ⁹⁸
1530 5914 1663 5968 ibid.
1709 5911 1777 5966 46

1909 5910 1953 5941 ’³
1991 5907 2178 5962 Matth.
2232 5923 2382 5973 χχιιι,
2413 5907 2497 5962 I3.
2610 5906 2654 5938 ³⁸
2682 5905 2820 5962 ibid.
2857 5908 2942 5961 15.
3041 5906 3086 5936 ⁸⁷
3112 5903 3250 5959 ch.
3304 5917 3445 5967 xm,

131 5977 250 6034 37.
