4034 6506
524 459 659 525 ,5ιῦ

558 580 709 636 runt,
729 570 853 642 jure
878 571 1086 643 optimo
1111 572 1181 628 iis
1226 572 1469 630 oﬂ‘ensus
1491 558 1612 631 erat
1639 576 1802 652 Deus,
1827 590 1925 646 per
1947 590 2136 631 vocem
2172 582 2209 635 Α

556 662 707 741 Isaia:
731 670 922 733 aperte
948 664 1141 721 dicens
1167 683 1180 719 :
1218 684 1236 717 ι
1271 666 1514 738 Populus
1535 667 1640 723 iste
1662 667 1824 723 labiis
1848 683 1934 723 me
1959 668 2135 723 hono-

556 761 663 819 rat,
712 769 809 810 cor
833 762 1022 811 autem
1050 772 1242 813 eorum
1278 759 1469 830 procul
1493 767 1579 817 est
1597 776 1628 815 a
1651 776 1757 815 me.
1787 762 2013 817 Frustra
2041 776 2135 815 co-

519 909 523 915 .
555 844 677 898 lunt
699 860 809 911 me,
834 842 1098 902 docentes
1136 847 1418 905 doctrinas
1448 850 1615 923 216
1643 860 1699 907 et
1729 862 2001 922 pracepta
2041 849 2140 904 ho-

520 922 523 929 ’
557 934 768 990 minum
793 935 858 990 ’⁸.
895 955 914 989 ι
960 937 1257 1009 Postquam
1286 956 1420 997 vero
1459 940 1602 996 Deus
1635 957 1700 997 ac
1730 941 1894 998 Pater
1917 942 2137 1013 excogi-

557 1026 691 1082 tavit
714 1042 826 1098 quo
848 1038 1009 1100 pacto
1034 1029 1193 1087 istam
1223 1032 1509 1102 profanam
1531 1032 1834 1091 Jerusalem
1855 1034 2140 1090 erroribus

554 1128 610 1172 ct
634 1121 890 1176 vecordia
921 1123 1279 1179 temulentam
1318 1124 1376 1179 in
1411 1125 1607 1181 melius
1640 1126 1953 1192 reduceret,
1990 1127 2140 1182 misit

555 1208 757 1266 Filium
798 1228 960 1271 suum
996 1231 1029 1270 c
1065 1216 1220 1272 caelis
1250 1216 1453 1272 factum
1484 1225 1543 1274 ut
1569 1234 1690 1285 nos,
1715 1219 1820 1275 hoc
1843 1228 1929 1276 est
1957 1221 2138 1275 homi-

557 1300 704 1370 nem,
754 1313 835 1371 ut,
857 1306 1119 1375 quoniam
1176 1308 1431 1365 desiisset
1483 1310 1776 1367 multitudo
1822 1320 2139 1369 sanctorum

554 1395 952 1466 prophetarum
1005 1397 1223 1455 infectis
1271 1401 1439 1457 rebus
1479 1401 1760 1473 (dicebant
1807 1405 1955 1460 enim
2007 1421 2138 1476 pro-

556 1485 740 1556 pheta
764 1504 777 1542 :
812 1489 1092 1557 «Domine,
1117 1492 1242 1562 quis
1266 1492 1504 1553 credidit
1530 1493 1742 1550 auditui
1772 1497 2137 1567 nostro”?i),

556 1577 643 1633 vel
686 1578 866 1649 ipsum
906 1580 1126 1649 Filium,
1172 1583 1218 1639 si
1255 1586 1490 1650 veniret,
1529 1587 1895 1657 susciperent.
1936 1592 2138 1646 Verum

558 1674 647 1730 isti
669 1689 738 1730 eo
768 1677 1022 1733 amentia:
1044 1687 1338 1745 venerunt,
1365 1688 1427 1735 ut
1459 1666 1719 1750 putarent
1748 1698 1806 1738 se
1836 1698 1997 1753 posse
2028 1664 2151 1739 Do;

558 1766 813 1823 minicam
847 1767 1225 1825 haereditatem
1254 1772 1465 1839 tollere,
1491 1773 1535 1828 si
1566 1773 1729 1830 modo
1766 1782 1986 1832 sanctos
2017 1784 2138 1831 tru-

1583 464 1639 519 S.
1680 464 1955 520 CYRILLI
1996 462 2465 519 ALEkXNDRlNI
2510 463 2827 519 ARCHIEP.

3688 468 3775 528 lii

2239 572 2331 627 τὸν
2370 573 2514 637 νοῦν,
2550 574 2872 645 ἐχαλέπαινε
2930 567 3028 642 μὲν
3057 571 3278 635 εἰκότως
3312 572 3340 623 6
3370 572 3471 626 τῶν
3498 572 3625 628 ὅλων
3643 577 3777 643 Θεδς,

2241 666 2446 736 {pacate
2484 665 2541 720 δὲ
2576 666 2664 720 διὰ
2719 667 2902 736 φωνῆς
2965 665 3186 718 Ἡσαΐου
3255 663 3347 717 καὶ
3407 664 3543 737 μάλα
3598 669 3779 739 σαφῶς·

2247 777 2263 807 ι
2313 757 2374 810 Ὀ
2406 756 2533 820 λαὸς
2583 749 2739 820 οὗτος
2765 757 2878 819 τοῖς
2913 753 3114 826 χείλεσί
3155 770 3222 825 με
3274 755 3425 825 τιμᾷ,
3459 756 3492 827 ἡ
3525 756 3577 809 δὲ
3613 757 3781 829 καρδία

2241 846 2419 901 αὐτῶν
2458 847 2647 920 πόρρω
2685 847 2879 918 ἀπέχει
2927 847 3023 899 ἀπ’
3072 845 3228 916 ἐμοῦ.
3269 845 3459 917 Ματην
3488 846 3540 899 δὲ
3569 848 3785 902 σέδονταί

2245 951 2335 1004 με,
2376 933 2717 1000 διδάσκοντες
2742 935 3090 999 διδασκαλίας
3121 934 3433 1005 ἐντάλματα
3462 935 3779 1008 ἀνθρώπων..

2241 1026 2463 1099 Ἐπειδὴ
2501 1027 2557 1081 δὲ
2588 1031 2709 1093 ταῖς
2733 1030 2812 1093 είς
2843 1027 2999 1082 τοῦτο
3032 1029 3381 1099 παραφοραῖς
3430 1045 3486 1081 τε
3524 1030 3610 1082 καὶ⁵
3646 1030 3779 1101 ρᾳθυ-

2246 1119 2395 1190 μίαις
2433 1120 2596 1174 οἱονεί
2641 1138 2757 1186 πως
2795 1119 3246 1192 καταμεθύουσαν
3300 1118 3399 1191 τὴν
3439 1118 3652 1191 βέϐηλον
3709 1123 3776 1176 Ίε-

2245 1211 2527 1284 ρουσαλὴμ
2553 1214 2982 1284 μεταρυθμίζειν
3020 1213 3115 1266 ἐπὶ
3152 1212 3211 1267 τὸ
3245 1211 3465 1283 ἄμεινον
3501 1214 3528 1266 6
3555 1212 3680 1277 Θεὸς
3713 1216 3790 1267 καὶ

2244 1305 2435 1376 Πατὴρ
2474 1306 2791 1369 ἐσκέπτετο,
2832 1305 3121 1375 πέπομφεν
3181 1303 3241 1369 ἐξ
3278 1302 3506 1376 οὐρανοῦ
3543 1303 3629 1358 τὸν
3682 1304 3790 1358 ίδιον

2244 1398 2371 1451 Υἰδν
2403 1397 2523 1452 καθ’
2556 1399 2706 1469 ἡμᾶς
2757 1398 3040 1467 γεγονότα,
3079 1397 3381 1462 τουτέστιν,
3422 1394 3709 1466 ἄνθρωπον·
3736 1391 3791 1443 ἶν’

2244 1489 2475 1560 ἐπείπερ
2503 1488 2589 1541 ἐπ’
2621 1487 2906 1559 ἀνηνύτοις
2938 1488 3313 1558 πράγμασινή
3351 1485 3458 1540 τῶν
3497 1487 3658 1555 ἀγίων
3685 1502 3791 1557 προ-

2244 1584 2428 1655 φητῶν
2476 1581 2740 1636 κατέλυσε
2771 1582 2999 1652 πληθύς·
3053 1581 3293 1652 ἔφασκον
3319 1578 3449 1651 γάρ·
3478 1598 3497 1630 ε
3526 1578 3710 1652 Κύριε.
3728 1579 3794 1641 τίς

2242 1676 2529 1730 ἐπίστευσε
2557 1677 2623 1747 τῇ
2643 1675 2779 1745 ἁκοῇ
2795 1672 2980 1744 ἡμῶνς
3006 1693 3024 1724 ›
3052 1672 3156 1727 κᾶν
3179 1671 3311 1740 γοῦν
3322 1671 3485 1727 αὐτὸν
3500 1672 3692 1742 ἥκοντα
3707 1671 3790 1725 λοι-

2246 1766 2345 1820 πὸν
2365 1765 2712 1836 έντρέποιντο
2725 1763 2813 1818 τὸν
2824 1763 2972 1818 Υίόν.
2992 1763 3052 1817 Οἱ
3073 1763 3128 1816 δὲ
3150 1763 3246 1816 καὶ
3261 1765 3343 1826 είς
3354 1761 3512 1816 τοῦτο
3526 1762 3799 1832 καθήκονιο

555 1858 831 1927 riderent;
893 1870 1059 1933 atque
1119 1863 1257 1919 adeo
1317 1881 1511 1920 omnes
1579 1866 1877 1938 impietatis
1935 1870 2140 1940 gradus

2243 1855 2584 1922 δυσϐουλίας,
2624 1855 2764 1910 ὥστε
2802 1853 3010 1909 οἴεσθαι
3037 1854 3132 1908 καὶ
3161 1854 3366 1926 κλῆρον
3392 1852 3532 1907 ἑλεῖν
3565 1852 3798 1908 δῦνασθαι

553 1953 788 2021 egressi,
836 1954 892 2008 in
938 1954 1119 2024 ipsum
1169 1956 1337 2011 etiam
1392 1956 1589 2012 Filium
1644 1934 1884 2016 absurde
1932 1961 2136 2017 invecti

2248 1948 2338 2001 τον
2366 1947 2700 2006 δεσποτικὸν,
2748 1946 3110 2009 ἀπεκτονότες
3146 1944 3204 1998 δὲ
3231 1945 3360 2008 τοὺς
3402 1943 3610 2013 ἁγίους,
3640 1944 3799 1998 δυσσε-

552 2049 702 2098 sunt.
746 2062 763 2094 ι
793 2043 1063 2099 Dixerunt
1084 2044 1231 2100 enim
1261 2044 1406 2117 apud
1430 2062 1487 2102 se
1515 2065 1528 2101 :
1556 2047 1656 2104 Hic
1681 2057 1764 2104 est
1791 2049 1969 2105 haeres
2007 2069 2018 2103 :
2047 2066 2140 2105 ve-

554 2134 692 2200 nite,
719 2133 1117 2192 interﬁciamus
1138 2152 1287 2203 eum,
1315 2148 1373 2193 et
1401 2126 1736 2210 occupemus
1760 2140 2139 2195 hmreditatem

552 2224 672 2296 ejus
698 2227 737 2278 ‘.
771 2243 789 2276 ι
831 2224 947 2281 imo
970 2242 1102 2282 vero
1125 2241 1235 2282 non
1266 2226 1572 2284 sufﬁciebat
1606 2229 1716 2284 illis
1743 2245 1811 2284 eo
1840 2229 2139 2299 impietatis

553 2317 910 2385 processisse,
935 2317 1030 2373 sed
1072 2319 1276 2375 sanctis
1311 2320 1596 2391 prophetis
1618 2321 1940 2392 adjecerunt
1969 2331 2025 2377 et
2050 2339 2137 2378 se-

553 2406 785 2473 cundos,
805 2419 1045 2473 sanctos,
1068 2410 1316 2481 inquam,
1334 2413 1632 2482 apostolos,
1654 2429 1889 2483 quorum
1916 2417 2137 2485 sangui-

552 2515 680 2556 nem
715 2500 906 2556 itidem
938 2501 1275 2559 eﬂ‘uderunt.
1310 2504 1595 2575 Ejusmodi
1633 2505 1779 2561 enim
1810 2522 2029 2561 sensum
2061 2509 2141 2578 gi-

552 2590 670 2659 gnit
717 2592 880 2647 nobis
929 2594 1239 2664 praeposita:
1286 2596 1591 2667 prophetiae
1639 2612 1858 2667 scopas.
1908 2598 2140 2654 Videtur

549 2684 701 2739 cnim
747 2684 968 2740 divinus
1019 2685 1189 2743 Jacob
1232 2700 1448 2753 eorum,
1481 2703 1602 2757 qua:
1649 2688 1703 2741 in
1742 2687 1961 2743 Sicimis
2019 2697 2139 2743 acta

551 2785 700 2843 sunt,
727 2779 927 2834 iterum
966 2779 1304 2834 meminisse.
1334 2780 1415 2835 Ita
1440 2791 1623 2835 autem
1660 2797 1853 2836 revera
1888 2798 1945 2836 se
1974 2782 2140 2838 habet

550 2868 725 2924 sancti
764 2884 939 2925 mens.
977 2869 1114 2925 Nam
1161 2871 1440 2940 quomodo
1483 2871 1538 2926 id
1595 2872 1740 2942 quod
1778 2873 1887 2942 jam
1933 2872 2139 2927 factum

549 2968 692 3027 erat,
729 2968 988 3032 tanquam
1017 2978 1120 3019 suo
1148 2970 1394 3034 tempore
1425 2963 1672 3019 futurum
1707 2965 1833 3036 quis
1868 2966 2141 3036 accipiat?

548 3053 629 3110 Ex
651 3068 718 3108 eo
741 3053 909 3125 igitur
943 3054 1094 3125 quod
1124 3054 1180 3110 in
1208 3054 1428 3111 Sicimis
1460 3057 1666 3116 factum
1702 3059 1826 3125 fuit,
1854 3059 1920 3115 ad
1954 3077 2138 3131 aequa-

548 3146 657 3203 lem
684 3145 897 3215 peccati
921 3146 1147 3202 modum
1173 3147 1345 3205 refert
1365 3164 1431 3205 ea
1453 3166 1576 3220 quae
1601 3151 1656 3205 in
1679 3150 1898 3206 Christo
1926 3162 2140 3221 patrata

548 3238 698 3296 sunt,
725 3237 787 3286 ut
827 3240 977 3288 certe
1014 3242 1071 3289 et
1103 3235 1160 3291 in
1196 3236 1565 3309 primogenito
1607 3238 1821 3294 Ruben.
1861 3239 1965 3294 Sed
2005 3243 2136 3310 quid
2167 3285 2205 3336 Ο

547 3321 947 3379 commiserunt
971 3325 1025 3378 in
1056 3324 1278 3382 Sicimis
1304 3327 1525 3383 Simeon
1559 3337 1614 3384 et
1638 3329 1809 3385 Levi?
1839 3332 1974 3387 Dina
2007 3334 2135 3389 Levi

546 3421 605 3471 et
650 3412 927 3472 Simeonis
966 3432 1147 3483 soror,
1197 3421 1448 3489 paternis
1498 3423 1753 3479 tentoriis
1787 3440 2027 3495 egressa,
2076 3437 2137 3483 ut

548 3505 760 3575 puellas
795 3506 915 3578 ejus
959 3508 1202 3579 regionis
1230 3504 1520 3582 aspiceret,
1553 3529 1583 3568 a
1625 3512 1843 3570 Sichem
1882 3516 2135 3574 Emmore

548 3603 799 3667 stuprata
835 3606 940 3660 est,
968 3599 1284 3671 virginitate
1327 3602 1527 3658 ablata.
1560 3604 1641 3659 liii
1682 3614 1866 3663 autem
1905 3609 2023 3665 hoc‘
2049 3609 2136 3664 in-

548 3686 869 3758 dignissime
906 3690 1168 3757 ferentes,
1201 3708 1267 3749 ac
1311 3692 1715 3752 fraudulentam
1759 3698 1893 3770 ipsis
1931 3701 2136 3756 caedem

548 3779 953 3848 machinantes,
978 3786 1387 3854 persuadebant
1420 3794 1479 3842 ut
1513 3790 1715 3845 avitam
1746 3792 1991 3863 ipsorum
2026 3796 2137 3850 cir-

548 3871 942 3930 cumcisionem
978 3877 1324 3948 susciperent
1359 3887 1524 3950 atque
1561 3883 1957 3954 observarent;
1990 3888 2137 3959 quod

548 3963 593 4018 si
634 3962 816 4022 facere
861 3982 971 4023 non
1012 3981 1351 4038 recusarent,
1384 3990 1586 4046 genere
1628 3979 1953 4050 conjunctos
1997 3982 2134 4038 fore.

547 4059 669 4126 Quo
700 4056 846 4116 facto
878 4077 975 4118 eos
1010 4062 1411 4135 imprudentes,
1437 4086 1502 4126 ac
1531 4070 1670 4126 nihil
1708 4074 1815 4129 tale
1850 4076 2138 4145 suspican—

549 4157 652 4211 tes,
679 4151 1024 4221 occiderunt,
1059 4156 1309 4216 arbitrati
1350 4161 1456 4219 hoc
1484 4161 1619 4234 ipsis
1648 4164 1714 4219 ad
1758 4165 2139 4225 defensionem

546 4242 910 4302 auﬁecturum
946 4247 991 4304 si
1029 4248 1283 4308 dicerent
1316 4271 1328 4307 :
1369 4273 1387 4305 ι
1419 4254 1500 4310 An
1529 4264 1589 4311 ut
1616 4265 1799 4312 scorto
1839 4258 2139 4315 abutentur

546 4349 739 4392 sorore
766 4346 954 4395 nostra
982 4341 1041 4394 ’ί
1076 4362 1092 4394 ι

617 4613 671 4667 2.
713 4615 887 4671 Porro
932 4619 1180 4675 eundum
1237 4624 1400 4679 nobis
1446 4635 1531 4681 est
1560 4626 1629 4683 ad
1679 4629 1756 4695 id,
1813 4633 1959 4701 quod
2010 4634 2139 4690 huic
2174 4626 2215 4678 Ι)

548 4706 829 4773 convenit,
857 4716 1022 4780 atque
1053 4710 1196 4769 hanc
1234 4719 1779 4787 commentationem,
1804 4724 1984 4793 quoad
2021 4728 2142 4798 ejus

549 4796 670 4852 fieri
718 4799 944 4869 poterit,
985 4802 1216 4873 pulchre
1259 4807 1736 4885 qoncinnabimus,
1774 4796 2141 4889 undequaque

548 4905 611 4945 ea
633 4904 757 4962 quae
781 4890 850 4947 ad
873 4894 993 4965 ejus
1022 4895 1453 4957 declarationem
1478 4904 1757 4973 pertinere
1782 4907 2137 4977 videbuntiir,

548 4981 880 5055 colligentes.
918 4987 1115 5060 Ampio
1136 4990 1320 5062 itaque
1343 5009 1600 5052 sermone
1622 4997 1689 5053 de
1712 4998 1881 5055 Jacob
1903 5002 2137 5073 egimus,

551 5081 831 5147 totamque
871 5080 991 5151 ejus
1036 5082 1161 5137 vitae
1186 5085 1475 5142 orationem
1522 5104 1713 5145 sumus
1755 5095 2055 5162 prosecuti,
2084 5102 2137 5150 et

551 5181 688 5235 quas
709 5168 933 5239 quidem
960 5170 1183 5229 duxerit
1210 5191 1432 5244 uxores,
1466 5180 1628 5251 217
1652 5191 1709 5237 et
1737 5194 1872 5253 quot
1900 5184 2138 5243 ﬁliorum

552 5266 707 5326 pater
740 5258 911 5315 fuerit
944 5262 1196 5320 effectus.
1236 5266 1484 5326 Diximus
1521 5271 1668 5327 enim
1711 5274 1857 5343 quod
1898 5276 2136 5346 primum

550 5349 962 5420 duxeritLiam,
986 5353 1225 5413 ﬁliarum
1242 5358 1429 5418 Lahan
1448 5372 1578 5419 natu
1603 5367 1916 5433 maximam,
1941 5368 2139 5425 deinde

552 5439 782 5498 alteram
834 5444 982 5500 haud
1033 5450 1208 5505 multo
1243 5463 1367 5522 post
1410 5464 1542 5511 natu
1591 5458 1873 5513 minimam
1914 5461 2137 5518 Rachel.

552 5531 908 5626 Assemimus
950 5548 1134 5595 autem
1173 5544 1316 5613 quod
1343 5546 1687 5618 Lia'quidem
1716 5551 1787 5607 sit
1810 5562 1970 5623 typus
2003 5553 2141 5626 Syn-

553 5635 736 5694 agoga:
778 5624 1041 5697 Iudaicae,
1076 5629 1277 5687 Rachel
1306 5649 1434 5690 vero
1454 5634 1715 5693 Ecclesiae
1750 5639 2016 5710 gentium.
2045 5624 2143 5695 Lia

557 5716 701 5771 enim
730 5720 1025 5790 exponitur
1060 5724 1331 5790 laborans,
1365 5726 1568 5799 quippe
1606 5744 1728 5800 qua:
1766 5729 1930 5802 lippis
1968 5740 2023 5787 et
2056 5732 2144 5788 in-
2176 5736 2205 5751 “

649 5831 694 5869 ’³
730 5837 828 5894 isa.
863 5858 1005 5907 xm,
1046 5844 1131 5899 15.

1233 5846 1277 5878 ”
1310 5846 1415 5902 lsa.
1450 5860 1559 5907 Lm.
1588 5845 1649 5910 l;
1683 5845 1839 5911 Joan,
1869 5862 1962 5913 xu,
1988 5848 2084 5917 38;
2118 5849 2280 5910 Rom,
2306 5868 2353 5916 ιι,
2388 5850 2468 5905 16.

2242 2040 2392 2103 ϐείας
2416 2056 2474 2093 τε
2495 2041 2595 2111 τῆς
2613 2041 2692 2103 εἰς
2730 2040 2896 2110 ἄκρον
2932 2038 3099 2102 ἰόντες
3128 2037 3413 2101 ἐπέκεινα,
3447 2038 3539 2090 καὶ
3563 2037 3640 2100 εἰς
3664 2036 3801 2090 αὐτὸν

2182 2140 2185 2141 ⁷
2239 2134 2487 2197 ἐκτόπως
2551 2133 2983 2204 πεπαρῳνήκασι
3024 2131 3113 2185 τὸν
3153 2131 3302 2185 Υἱόν.
3352 2149 3371 2182 ε
3420 2126 3587 2186 Εἶπον
3626 2129 3726 2201 γὰρ
3757 2131 3802 2183 ὲν

2240 2229 2472 2291 ἑαυτοῖςο
2515 2220 2683 2289 Οὗτός
2722 2227 2868 2279 ἐστιν
2903 2225 2931 2278 6
2973 2224 3336 2297 κληρονόμος,
3377 2223 3533 2279 δεῦτε
3574 2222 3804 2277 ἀποκτεί-

2239 2333 2421 2389 νωμεν
2460 2315 2644 2381 αὐτὸν,
2687 2316 2783 2369 καὶ
2811 2316 3173 2387 κατάσχωμεν
3210 2315 3311 2386 τὴν
3343 2313 3701 2387 κληρονομίαν
3724 2311 3805 2366 αὒ-

2239 2408 2354 2463 τοῦ.
2392 2427 2409 2459 ι
2435 2407 2548 2460 Καὶ
2585 2406 2646 2460 οὐ
2684 2406 2851 2479 μέχρι
2890 2406 3098 2460 τούτων
3140 2405 3209 2459 τὰ
3238 2406 3348 2476 τῆς
3386 2404 3701 2469 δυσσεϐείας
3726 2403 3806 2457 αὑ-

2238 2504 2370 2568 τοῖς,
2401 2499 2538 2555 ἀλλὰ
2587 2500 2696 2571 γὰρ
2750 2501 2866 2563 τοῖς
2918 2498 3094 2568 ἁγίοις
3150 2499 3464 2570 προφήταις
3504 2497 3809 2571 προσέθεσαν

2239 2595 2365 2659 τοὺς
2396 2592 2706 2664 δευτέρους,
2748 2593 2875 2655 τοὺς
2913 2591 3102 2659 ἁγίους
3140 2591 3487 2661 ἀποστόλους
3527 2590 3685 2661 φημί,
3711 2587 3811 2641 οὐδὲ

2239 2685 2417 2741 αὐτῶν
2462 2685 2709 2755 αἱμάτων
2738 2683 2818 2737 ἔτι
2867 2684 3190 2754 φειδόμενοι.
3236 2682 3526 2737 Τοιουτονί
3555 2700 3670 2736 τινα
3709 2677 3813 2733 νοῦν

2237 2781 2265 2832 6
2290 2777 2390 2849 τῆς
2422 2774 2793 2847 προκειμένης
2845 2775 2975 2845 ἡμῖν
3025 2772 3372 2845 προφητείας
3410 2773 3589 2827 ὠδίνει
3620 2770 3810 2833 σκοπός.

2243 2872 2429 2925 Ἕοικε
2465 2869 2565 2941 μὲν
2603 2867 2713 2939 γὰρ
2750 2869 2778 2920 6
2806 2865 3091 2927 θεσπέσιος
3121 2862 3328 2918 ’ἰακὼό
3362 2866 3474 2919 τῶν
3505 2866 3561 2918 ὲν
3598 2862 3813 2933 Σικίμοις

2242 2962 2646 3034 πεπραγμένων
2689 2958 3094 3031 διαμεμνῆσθαι
3158 2958 3347 3014 πάλιν.
3395 2960 3554 3030 Ἔχει
3595 2957 3651 3011 δὲ
3695 2955 3817 3008 οὕτω

2240 3054 2381 3107 κατά
2433 3053 2697 3126 ἀλήθειαν
2725 3052 2755 3107 6
2787 3052 2881 3105 τοῦ
2940 3052 3153 3106 δικαίου
3196 3051 3430 3117 σκοπός·
3469 3052 3588 3116 πῶς
3630 3049 3730 3121 γὰρ
3766 3046 3816 3100 τδ

2239 3149 2340 3221 ἤδη
2381 3146 2748 3217 γεγενημένον
2787 3144 2862 3207 ὡς
2912 3143 3171 3214 ἐσόμενον
3211 3142 3363 3199 κατά
3395 3144 3628 3215 καιροὺς
3663 3156 3819 3211 παρα-

2240 3241 2452 3309 δέξαιτό
2468 3240 2531 3295 ἄν
2552 3257 2635 3304 τις
2656 3256 2670 3304 ;
2688 3236 2897 3293 Οὐκοῦν
2930 3236 3038 3291 ἀπὸ
3062 3235 3157 3290 τοῦ
3181 3237 3480 3306 γεγονότος
3495 3237 3552 3290 ὲν
3582 3233 3819 3303 Σικίμοις,

2245 3333 2338 3386 ἐπὶ
2370 3331 2459 3386 τὸν
2493 3330 2606 3385 ἴσον
2639 3332 2737 3400 τῆς
2771 3330 3047 3401 ἁμαρτίας
3097 3329 3305 3400 τρόπον
3361 3330 3626 3400 ἀναφέρει
3662 3326 3724 3379 τά
3750 3325 3823 3377 ἐπὶ

2244 3423 2485 3496 Χριστῷ,
2542 3422 2796 3494 καθάπερ
2851 3421 3044 3492 ἀμέλει
3094 3422 3188 3476 καὶ
3238 3421 3339 3476 ἐπὶ
3391 3419 3473 3492 τῷ
3522 3417 3823 3492 πρωτοτόκῳ

2254 3517 2529 3589 Ῥουϐείμ.
2570 3517 2635 3570 Τί
2665 3515 2845 3570 τοίνυν
2877 3515 3225 3586 πεπράκασιν
3247 3516 3310 3571 ὲν
3337 3516 3596 3583 Σικίμοις
3629 3510 3827 3578 Συμεὼν

2243 3609 2336 3662 καὶ
2365 3606 2532 3674 Λευί;
2557 3607 2687 3660 Δίνα
2713 3605 2810 3677 μὲν
2831 3606 2940 3678 γὰρ
2969 3606 3003 3677 ἡ
3041 3603 3173 3660 Λευί
3201 3621 3265 3659 τε
3308 3607 3411 3660 καὶ
3449 3603 3680 3675 Συμεὼν
3697 3599 3827 3654 ἀδελ-

2243 3701 2318 3773 φὴ
2350 3700 2451 3772 τῆς
2474 3699 2568 3753 τοῦ
2599 3698 2802 3771 πατρὸς
2832 3697 3007 3764 esse“
3034 3686 3266 3770 σκηνῆς,
3308 3698 3414 3762 τάς
3446 3700 3558 3754 τῶν
3575 3693 3832 3767 ἐγχωρίων

2243 3794 2484 3866 ὀψομένη
2512 3792 2840 3862 θυγατέρας·
2871 3790 3043 3861 Σιχὲμ
3074 3790 3129 3843 δὲ
3173 3790 3357 3862 αὐτὴν
3390 3793 3422 3846 6
3468 3789 3684 3861 Ἐμμδρ
3705 3784 3831 3838 ἐϐιά-

2244 3889 2387 3955 ζετο.
2431 3885 2863 3958 Διεπαρθένευσε
2918 3885 3028 3953 γὰρ
3074 3883 3273 3953 αὐτήν.
3323 3884 3395 3938 Οἱ
3430 3884 3490 3938 δὲ
3536 3882 3672 3956 πρὸς
3699 3876 3836 3947 τοςῖιτο

2243 3978 2626 4052 ἀσχάλλοντες,
2651 3977 2859 4032 καὶτὸν
2891 3976 2949 4044 ἐξ
2980 3974 3196 4047 ἀπάτης
3231 3976 3420 4047 αὐτῆς
3458 3969 3833 4047 ὲκμηχανώμε·

2243 4089 2323 4125 νοι
2357 4071 2554 4141 φόνον,
2603 4066 2997 4141 προανέπειθον
3049 4068 3147 4138 μὲν
3189 4065 3300 4140 τὴν
3335 4065 3625 4137 πατρικὴν
3679 4061 3838 4118 αὐτοῖς

2243 4162 2559 4219 συνελέσθαι
2578 4161 2902 4234 περιτομὴν,
2925 4160 3001 4224 ὼς
3023 4159 3325 4229 ἐσομένους
3358 4158 3572 4213 αὐτίκα
3602 4156 3693 4211 καὶ
3715 4150 3837 4206 κατᾶ

2241 4259 2398 4328 γένος
2424 4255 2680 4320 οἰκείους,
2706 4254 2756 4307 εί
2782 4252 2940 4306 τοῦτο
2959 4251 3092 4323 δρᾷν
3122 4250 3365 4305 ἕλοιντο.
3401 4247 3763 4321 Πεπραχότας
3786 4256 3839 4308 γε

2244 4349 2351 4421 μὴν
2388 4347 2754 4404 ἀπεκτόνασιν
2809 4344 3107 4415 ἀδοκήτως*
3141 4342 3507 4415 ἀποχρήσειν
3556 4340 3740 4399 αὐτοῖς
3775 4334 3841 4393 εἰς

2242 4442 2536 4511 ἀπολογίαν
2566 4439 2829 4512 οίομενοι,
2865 4436 2924 4493 τὸ
2948 4436 3013 4507 δὴ
3036 4436 3239 4507 χρῆναι
3273 4436 3498 4505 λέγειν·
3520 4454 3540 4487 ι
3564 4432 3702 4491 Ἀλλ’
3733 4426 3844 4482 ὠσεὶ

2244 4539 2417 4609 πόρνῃ
2437 4535 2729 4607 χρήσονται
2759 4533 2825 4603 τῇ
2854 4529 3059 4601 ἀδελφῇ
3078 4527 3275 4600 ὴμῶν;
3334 4549 3354 4581 ›

2317 4630 2383 4700 β’.
2416 4626 2576 4683 Ἰτέον
2599 4625 2663 4697 δὴ
2701 4620 2795 4678 οὖν
2826 4623 2921 4677 ἐπὶ
2954 4622 3017 4676 τὸ
3050 4620 3228 4692 τούτῳ
3255 4621 3327 4695 δὴ
3359 4619 3717 4696 προσεοικὸς,
3746 4616 3848 4670 “ml

2240 4722 2304 4792 δὴ
2331 4718 2731 4786 διαπλάττομεν
2754 4715 2828 4779 ὡς
2859 4713 2961 4779 ἔνι,
2997 4713 3178 4776 καλῶς
3214 4713 3285 4767 τὸ
3312 4713 3620 4786 θεώρημα,
3644 4710 3712 4763 τά
3746 4723 3849 4759 συν-

2239 4811 2498 4868 τελοῦντα
2527 4806 3022 4882 πρὺςΠδιασάφησιν
3057 4806 3423 4877 πανταχόθεν
3466 4802 3848 4878 ὲρανιζόμενοι.

2242 4907 2375 4961 “Are
2419 4903 2597 4957 τοίνυν
2617 4902 2711 4956 τὸν
2744 4901 2838 4954 ἐπὶ
2860 4898 2938 4972 τῷ
2962 4898 3161 4954 Ἰακὼϐ
3195 4900 3660 4971 κατευρύνοντες
3690 4894 3850 4960 λόγον.

2241 5002 2390 5062 ὅπως
2427 5015 2487 5051 τε
2526 4997 2621 5052 καὶ
2648 4996 2771 5052 τίνα
2801 4995 3002 5067 τρόπον
3028 4994 3160 5048 ἐϐίω
3195 4993 3568 5067 διηγήμεθα,
3601 4992 3696 5047 καὶ
3721 4987 3854 5045 τινας

2250 5090 2348 5160 μὲν
2376 5087 2706 5159 είσῳκίσατο
2731 5084 3029 5155 γυναικῶν.
3054 5083 3273 5138 τέκνων
3306 5085 3372 5139 δὲ
3408 5086 3563 5139 δσων
3586 5074 3850 5147 ἀνεδείχθη

2250 5183 2454 5254 πατήρ.
2487 5179 2785 5252 Ἐλέγομεν
2831 5178 2913 5233 ὅτι
2954 5178 3198 5249 ἠγάγετο
3258 5179 3371 5249 μὲν
3426 5178 3535 5252 τὴν
3571 5176 3736 5233 Λείαν
3763 5168 3855 5225 τῶν

2250 5276 2343 5330 τοῦ
2376 5274 2564 5330 Λάόαν
2592 5272 2907 5345 θυγατέρων
2923 5271 3022 5343 τὴν
3058 5271 3500 5344 πρεσϐυτάτην,
3538 5261 3855 5340 δευτέρανδὲ

2249 5369 2364 5443 μετ’
2414 5364 2652 5435 εκείνην,
2698 5363 2795 5417 καὶ
2843 5363 2945 5417 οὐκ
3001 5364 3082 5427 είς
3138 5363 3384 5435 μακρὰν
3448 5362 3554 5433 τὴν
3605 5356 3861 5422 νεωτάτην

2253 5459 2477 5532 Ῥαχὴλ.
2526 5453 2986 5526 Διεδεῦαιούμεθα
3033 5454 3089 5508 δὲ
3126 5455 3212 5508 ὃτι
3251 5457 3405 5512 Λεία
3451 5458 3558 5527 μὲν
3601 5457 3679 5516 είς
3709 5449 3860 5504 τύπον

2244 5557 2375 5627 ἡμῖν
2404 5554 2504 5623 τῆς
2537 5547 2807 5604 Ἰουδαίων
2826 5548 2978 5602 ἔσται
3003 5548 3378 5622 Συναγωγῆς,
3396 5547 3612 5621 Ῥαχὴλ
3631 5540 3794 5611 δδτῆς
3810 5534 3861 5600 ἐξ

2246 5645 2416 5700 ἐθνῶν
2470 5640 2817 5712 Ἐκκλησίας.
2851 5641 3007 5694 Ἐπεί
3055 5656 3135 5692 τοι
3169 5640 3325 5696 Λεία
3378 5644 3485 5713 μιν
3515 5634 3860 5713 ἑρμηνεύεται

2246 5734 2539 5792 κοπιῶσα.
2567 5731 2978 5803 ἀσθενεστέροις
3000 5732 3056 5786 δὲ
3083 5731 3177 5785 καὶ
3205 5733 3654 5805 ἀκαλλεστέροις
3680 5723 3861 5798 εχρῆτο

2551 5851 2563 5879 ¹
2598 5848 2788 5906 Matth.
2815 5865 2926 5911 xxi,
2954 5848 3041 5905 58.
3118 5848 3135 5876 ⁹
3168 5845 3325 5903 Cen.
3366 5864 3542 5902 χχχιι·
3610 5843 3749 5900 ιω.
