  <div class='ocr_page' id='page_1' title='image "/cluster/home/n/w/nwhite01/storage/ocr_20150623/69:no.2/coo.31924054869734/180.png"; bbox 0 0 4034 6494; ppageno 0'>
   <div class='ocr_carea' id='block_1_1' title="bbox 314 455 422 509">
    <p class='ocr_par' dir='ltr' id='par_1_1' title="bbox 314 455 422 509">
     <span class='ocr_line' id='line_1_1' title="bbox 314 455 422 509; baseline -0.019 0"><span class='ocrx_word' id='word_1_1' title='bbox 314 455 422 509; x_wconf 64' lang='grc' dir='ltr'>δίοῗὶ</span> 
     </span>
    </p>
   </div>
   <div class='ocr_carea' id='block_1_2' title="bbox 1321 452 2620 516">
    <p class='ocr_par' dir='ltr' id='par_1_2' title="bbox 1321 452 2620 516">
     <span class='ocr_line' id='line_1_2' title="bbox 1321 452 2620 516; baseline 0.007 -10"><span class='ocrx_word' id='word_1_2' title='bbox 1321 452 1847 513; x_wconf 73' lang='lat' dir='ltr'><strong>CLAPiiYBORUM</strong></span> <span class='ocrx_word' id='word_1_3' title='bbox 1888 459 1955 513; x_wconf 72' lang='lat' dir='ltr'><strong>XN</strong></span> <span class='ocrx_word' id='word_1_4' title='bbox 1994 460 2299 516; x_wconf 70' lang='lat' dir='ltr'><strong>CENESIM</strong></span> <span class='ocrx_word' id='word_1_5' title='bbox 2337 460 2466 515; x_wconf 84' lang='lat' dir='ltr'><strong>LIB.</strong></span> <span class='ocrx_word' id='word_1_6' title='bbox 2512 462 2620 515; x_wconf 77' lang='lat' dir='ltr'><strong>V11.</strong></span> 
     </span>
    </p>
   </div>
   <div class='ocr_carea' id='block_1_3' title="bbox 3516 466 3625 522">
    <p class='ocr_par' dir='ltr' id='par_1_3' title="bbox 3516 466 3625 522">
     <span class='ocr_line' id='line_1_3' title="bbox 3516 466 3625 522; baseline -0.009 0"><span class='ocrx_word' id='word_1_7' title='bbox 3516 466 3625 522; x_wconf 59' lang='lat' dir='ltr'><strong>Elii</strong></span> 
     </span>
    </p>
   </div>
   <div class='ocr_carea' id='block_1_4' title="bbox 311 558 1930 639">
    <p class='ocr_par' dir='ltr' id='par_1_4' title="bbox 311 564 1918 639">
     <span class='ocr_line' id='line_1_4' title="bbox 311 564 1918 639; baseline -0.003 -14"><span class='ocrx_word' id='word_1_8' title='bbox 311 576 426 636; x_wconf 73' lang='grc' dir='ltr'>τοῖς</span> <span class='ocrx_word' id='word_1_9' title='bbox 466 569 798 639; x_wconf 67' lang='grc' dir='ltr'>ὀφθαλμοῖς.</span> <span class='ocrx_word' id='word_1_10' title='bbox 832 566 1099 636; x_wconf 78' lang='grc' dir='ltr'>Κέκμηκε</span> <span class='ocrx_word' id='word_1_11' title='bbox 1140 564 1198 617; x_wconf 74' lang='grc' dir='ltr'>δὲ</span> <span class='ocrx_word' id='word_1_12' title='bbox 1242 565 1362 621; x_wconf 87' lang='grc' dir='ltr'>λίαν</span> <span class='ocrx_word' id='word_1_13' title='bbox 1404 567 1436 637; x_wconf 77' lang='grc' dir='ltr'><strong>ἡ</strong></span> <span class='ocrx_word' id='word_1_14' title='bbox 1483 567 1591 619; x_wconf 81' lang='grc' dir='ltr'>τῶν</span> <span class='ocrx_word' id='word_1_15' title='bbox 1647 566 1918 622; x_wconf 74' lang='grc' dir='ltr'><strong>Ἰουδαίων</strong></span> 
     </span>
    </p>
   </div>
   <div class='ocr_carea' id='block_1_5' title="bbox 2033 558 3625 639">
    <p class='ocr_par' dir='ltr' id='par_1_5' title="bbox 2033 558 3625 637">
     <span class='ocr_line' id='line_1_5' title="bbox 2033 558 3625 637; baseline 0.007 -11"><span class='ocrx_word' id='word_1_16' title='bbox 2033 572 2364 629; x_wconf 74' lang='lat' dir='ltr'><strong>firmioribus</strong></span> <span class='ocrx_word' id='word_1_17' title='bbox 2404 575 2580 629; x_wconf 88' lang='lat' dir='ltr'><strong>oculis</strong></span> <span class='ocrx_word' id='word_1_18' title='bbox 2612 585 2882 629; x_wconf 84' lang='lat' dir='ltr'><strong>uteretur.</strong></span> <span class='ocrx_word' id='word_1_19' title='bbox 2927 576 3092 630; x_wconf 71' lang='lat' dir='ltr'><strong>Valde</strong></span> <span class='ocrx_word' id='word_1_20' title='bbox 3131 558 3316 633; x_wconf 60' lang='lat' dir='ltr'><strong>autem</strong></span> <span class='ocrx_word' id='word_1_21' title='bbox 3353 580 3625 637; x_wconf 76' lang='lat' dir='ltr'><strong>laboravit</strong></span> 
     </span>
    </p>
   </div>
   <div class='ocr_carea' id='block_1_6' title="bbox 313 658 1924 733">
    <p class='ocr_par' dir='ltr' id='par_1_6' title="bbox 313 658 1924 733">
     <span class='ocr_line' id='line_1_6' title="bbox 313 658 1924 733; baseline 0.001 -17"><span class='ocrx_word' id='word_1_22' title='bbox 313 661 632 731; x_wconf 77' lang='grc' dir='ltr'>Συναγωγή</span> <span class='ocrx_word' id='word_1_23' title='bbox 663 661 814 731; x_wconf 82' lang='grc' dir='ltr'>νόμῳ</span> <span class='ocrx_word' id='word_1_24' title='bbox 842 659 917 730; x_wconf 89' lang='grc' dir='ltr'><strong>τῷ</strong></span> <span class='ocrx_word' id='word_1_25' title='bbox 951 658 1041 714; x_wconf 71' lang='grc' dir='ltr'><strong>διὰ</strong></span> <span class='ocrx_word' id='word_1_26' title='bbox 1076 658 1322 724; x_wconf 77' lang='grc' dir='ltr'><strong>Μωσέως</strong></span> <span class='ocrx_word' id='word_1_27' title='bbox 1358 660 1801 733; x_wconf 82' lang='grc' dir='ltr'>κατηχθισμένη,</span> <span class='ocrx_word' id='word_1_28' title='bbox 1831 664 1924 717; x_wconf 77' lang='grc' dir='ltr'>καὶ</span> 
     </span>
    </p>
   </div>
   <div class='ocr_carea' id='block_1_7' title="bbox 312 749 1924 824">
    <p class='ocr_par' dir='ltr' id='par_1_7' title="bbox 312 749 1924 824">
     <span class='ocr_line' id='line_1_7' title="bbox 312 749 1924 824; baseline -0.001 -15"><span class='ocrx_word' id='word_1_29' title='bbox 312 754 413 809; x_wconf 76' lang='grc' dir='ltr'>οὐκ</span> <span class='ocrx_word' id='word_1_30' title='bbox 444 750 769 806; x_wconf 64' lang='grc' dir='ltr'>εὐώενὲσιν</span> <span class='ocrx_word' id='word_1_31' title='bbox 795 749 1095 820; x_wconf 60' lang='grc' dir='ltr'>ὀφθαλμοῖς</span> <span class='ocrx_word' id='word_1_32' title='bbox 1114 750 1250 820; x_wconf 77' lang='grc' dir='ltr'>πρὸς</span> <span class='ocrx_word' id='word_1_33' title='bbox 1274 750 1333 804; x_wconf 76' lang='grc' dir='ltr'>τὸ</span> <span class='ocrx_word' id='word_1_34' title='bbox 1363 750 1456 805; x_wconf 75' lang='grc' dir='ltr'>τοῦ</span> <span class='ocrx_word' id='word_1_35' title='bbox 1480 752 1734 824; x_wconf 75' lang='grc' dir='ltr'><strong>Σωτῆρος</strong></span> <span class='ocrx_word' id='word_1_36' title='bbox 1762 752 1924 823; x_wconf 75' lang='grc' dir='ltr'>ἡμῶν</span> 
     </span>
    </p>
   </div>
   <div class='ocr_carea' id='block_1_8' title="bbox 314 837 1923 917">
    <p class='ocr_par' dir='ltr' id='par_1_8' title="bbox 314 837 1923 917">
     <span class='ocr_line' id='line_1_8' title="bbox 314 837 1923 917; baseline -0.001 -17"><span class='ocrx_word' id='word_1_37' title='bbox 314 844 498 917; x_wconf 75' lang='grc' dir='ltr'>ὁρῶσα</span> <span class='ocrx_word' id='word_1_38' title='bbox 532 843 862 914; x_wconf 80' lang='grc' dir='ltr'>μυστήριον.</span> <span class='ocrx_word' id='word_1_39' title='bbox 917 838 1119 913; x_wconf 79' lang='grc' dir='ltr'>Ῥαχὴλ</span> <span class='ocrx_word' id='word_1_40' title='bbox 1167 841 1223 894; x_wconf 83' lang='grc' dir='ltr'>δὲ</span> <span class='ocrx_word' id='word_1_41' title='bbox 1267 837 1334 911; x_wconf 80' lang='grc' dir='ltr'>ἦν</span> <span class='ocrx_word' id='word_1_42' title='bbox 1359 842 1501 915; x_wconf 82' lang='grc' dir='ltr'>καλὴ</span> <span class='ocrx_word' id='word_1_43' title='bbox 1540 844 1617 915; x_wconf 88' lang='grc' dir='ltr'><strong>τῷ</strong></span> <span class='ocrx_word' id='word_1_44' title='bbox 1651 845 1783 899; x_wconf 72' lang='grc' dir='ltr'>εῖδει</span> <span class='ocrx_word' id='word_1_45' title='bbox 1811 847 1923 917; x_wconf 21' lang='grc' dir='ltr'>’καὶ</span> 
     </span>
    </p>
   </div>
   <div class='ocr_carea' id='block_1_9' title="bbox 313 914 1923 1009">
    <p class='ocr_par' dir='ltr' id='par_1_9' title="bbox 313 914 1923 1009">
     <span class='ocr_line' id='line_1_9' title="bbox 313 914 1923 1009; baseline 0.001 -20"><span class='ocrx_word' id='word_1_46' title='bbox 313 914 491 1009; x_wconf 63' lang='lat' dir='ltr'><strong>digni:</strong></span> <span class='ocrx_word' id='word_1_47' title='bbox 534 932 769 1005; x_wconf 70' lang='grc' dir='ltr'>σφόδρα.</span> <span class='ocrx_word' id='word_1_48' title='bbox 828 933 1286 1005; x_wconf 83' lang='grc' dir='ltr'>Ἐκπρεπεστάτη</span> <span class='ocrx_word' id='word_1_49' title='bbox 1314 935 1372 988; x_wconf 82' lang='grc' dir='ltr'>δὲ</span> <span class='ocrx_word' id='word_1_50' title='bbox 1412 914 1532 989; x_wconf 79' lang='grc' dir='ltr'>λίαν</span> <span class='ocrx_word' id='word_1_51' title='bbox 1664 938 1722 1004; x_wconf 76' lang='grc' dir='ltr'>ἐξ</span> <span class='ocrx_word' id='word_1_52' title='bbox 1754 914 1923 990; x_wconf 78' lang='grc' dir='ltr'>ἐθνῶν</span> 
     </span>
    </p>
   </div>
   <div class='ocr_carea' id='block_1_10' title="bbox 313 1018 1925 1102">
    <p class='ocr_par' dir='ltr' id='par_1_10' title="bbox 313 1018 1925 1102">
     <span class='ocr_line' id='line_1_10' title="bbox 313 1018 1925 1102; baseline 0.001 -21"><span class='ocrx_word' id='word_1_53' title='bbox 313 1025 643 1098; x_wconf 80' lang='grc' dir='ltr'>Ἐκκλησία.</span> <span class='ocrx_word' id='word_1_54' title='bbox 672 1027 841 1091; x_wconf 84' lang='grc' dir='ltr'>Λείας</span> <span class='ocrx_word' id='word_1_55' title='bbox 878 1027 942 1098; x_wconf 83' lang='grc' dir='ltr'>δὴ</span> <span class='ocrx_word' id='word_1_56' title='bbox 971 1021 1065 1081; x_wconf 74' lang='grc' dir='ltr'>οὖν</span> <span class='ocrx_word' id='word_1_57' title='bbox 1107 1026 1397 1082; x_wconf 81' lang='grc' dir='ltr'>τελευταία</span> <span class='ocrx_word' id='word_1_58' title='bbox 1426 1018 1675 1102; x_wconf 73' lang='grc' dir='ltr'>θυγάτηρ</span> <span class='ocrx_word' id='word_1_59' title='bbox 1702 1030 1925 1099; x_wconf 84' lang='grc' dir='ltr'>γέγονεν</span> 
     </span>
    </p>
   </div>
   <div class='ocr_carea' id='block_1_11' title="bbox 314 1117 1922 1193">
    <p class='ocr_par' dir='ltr' id='par_1_11' title="bbox 314 1117 1922 1193">
     <span class='ocr_line' id='line_1_11' title="bbox 314 1117 1922 1193; baseline 0.003 -21"><span class='ocrx_word' id='word_1_60' title='bbox 314 1123 344 1191; x_wconf 73' lang='grc' dir='ltr'>ἡ</span> <span class='ocrx_word' id='word_1_61' title='bbox 369 1119 521 1173; x_wconf 82' lang='grc' dir='ltr'>Δίνα.</span> <span class='ocrx_word' id='word_1_62' title='bbox 557 1117 747 1182; x_wconf 77' lang='grc' dir='ltr'>Τόπος</span> <span class='ocrx_word' id='word_1_63' title='bbox 773 1119 817 1172; x_wconf 86' lang='grc' dir='ltr'>δ’</span> <span class='ocrx_word' id='word_1_64' title='bbox 847 1118 912 1173; x_wconf 85' lang='grc' dir='ltr'><strong>ἃν</strong></span> <span class='ocrx_word' id='word_1_65' title='bbox 936 1120 1149 1187; x_wconf 79' lang='grc' dir='ltr'>γένοιτο</span> <span class='ocrx_word' id='word_1_66' title='bbox 1189 1121 1283 1175; x_wconf 79' lang='grc' dir='ltr'><strong>καὶ</strong></span> <span class='ocrx_word' id='word_1_67' title='bbox 1311 1121 1452 1192; x_wconf 77' lang='grc' dir='ltr'>αὕτη</span> <span class='ocrx_word' id='word_1_68' title='bbox 1473 1122 1576 1193; x_wconf 85' lang='grc' dir='ltr'>τῆς</span> <span class='ocrx_word' id='word_1_69' title='bbox 1604 1125 1669 1177; x_wconf 79' lang='grc' dir='ltr'><strong>ἐκ</strong></span> <span class='ocrx_word' id='word_1_70' title='bbox 1704 1140 1922 1193; x_wconf 78' lang='grc' dir='ltr'>περιτο-</span> 
     </span>
    </p>
   </div>
   <div class='ocr_carea' id='block_1_12' title="bbox 315 1207 1921 1284">
    <p class='ocr_par' dir='ltr' id='par_1_12' title="bbox 315 1207 1921 1284">
     <span class='ocr_line' id='line_1_12' title="bbox 315 1207 1921 1284; baseline 0.002 -22"><span class='ocrx_word' id='word_1_71' title='bbox 315 1212 419 1281; x_wconf 82' lang='grc' dir='ltr'>μῆς</span> <span class='ocrx_word' id='word_1_72' title='bbox 436 1207 715 1280; x_wconf 69' lang='grc' dir='ltr'>πληθύος,</span> <span class='ocrx_word' id='word_1_73' title='bbox 739 1209 774 1281; x_wconf 72' lang='grc' dir='ltr'><strong>ἦ</strong></span> <span class='ocrx_word' id='word_1_74' title='bbox 805 1209 899 1263; x_wconf 54' lang='grc' dir='ltr'><strong>καὶ⁵</strong></span> <span class='ocrx_word' id='word_1_75' title='bbox 940 1213 999 1265; x_wconf 79' lang='grc' dir='ltr'><strong>ἐν</strong></span> <span class='ocrx_word' id='word_1_76' title='bbox 1028 1211 1243 1282; x_wconf 80' lang='grc' dir='ltr'><strong>χρόνοις</strong></span> <span class='ocrx_word' id='word_1_77' title='bbox 1283 1212 1479 1280; x_wconf 76' lang='grc' dir='ltr'>γέγονε</span> <span class='ocrx_word' id='word_1_78' title='bbox 1507 1215 1621 1277; x_wconf 87' lang='grc' dir='ltr'>τοῖς</span> <span class='ocrx_word' id='word_1_79' title='bbox 1647 1213 1921 1284; x_wconf 76' lang='grc' dir='ltr'><strong>ἐσχάτοις,</strong></span> 
     </span>
    </p>
   </div>
   <div class='ocr_carea' id='block_1_13' title="bbox 313 1299 1921 1374">
    <p class='ocr_par' dir='ltr' id='par_1_13' title="bbox 313 1299 1921 1374">
     <span class='ocr_line' id='line_1_13' title="bbox 313 1299 1921 1374; baseline 0.002 -20"><span class='ocrx_word' id='word_1_80' title='bbox 313 1301 434 1355; x_wconf 76' lang='grc' dir='ltr'>καθ’</span> <span class='ocrx_word' id='word_1_81' title='bbox 461 1299 563 1365; x_wconf 77' lang='grc' dir='ltr'><strong>οὓς</strong></span> <span class='ocrx_word' id='word_1_82' title='bbox 616 1300 1046 1373; x_wconf 73' lang='grc' dir='ltr'>ἐνηνθρώπησεν</span> <span class='ocrx_word' id='word_1_83' title='bbox 1073 1303 1102 1355; x_wconf 85' lang='grc' dir='ltr'><strong>ὁ</strong></span> <span class='ocrx_word' id='word_1_84' title='bbox 1130 1302 1466 1372; x_wconf 75' lang='grc' dir='ltr'>Μονογενὴς.</span> <span class='ocrx_word' id='word_1_85' title='bbox 1503 1304 1634 1359; x_wconf 85' lang='grc' dir='ltr'>Ὅτε</span> <span class='ocrx_word' id='word_1_86' title='bbox 1671 1305 1848 1359; x_wconf 90' lang='grc' dir='ltr'>τοίνυν</span> <span class='ocrx_word' id='word_1_87' title='bbox 1888 1306 1921 1374; x_wconf 78' lang='grc' dir='ltr'>ἠ</span> 
     </span>
    </p>
   </div>
   <div class='ocr_carea' id='block_1_14' title="bbox 314 1394 1924 1471">
    <p class='ocr_par' dir='ltr' id='par_1_14' title="bbox 314 1394 1924 1471">
     <span class='ocr_line' id='line_1_14' title="bbox 314 1394 1924 1471; baseline 0.001 -24"><span class='ocrx_word' id='word_1_88' title='bbox 314 1394 417 1448; x_wconf 82' lang='grc' dir='ltr'>τῶν</span> <span class='ocrx_word' id='word_1_89' title='bbox 440 1394 509 1447; x_wconf 75' lang='grc' dir='ltr'><strong>ἐκ</strong></span> <span class='ocrx_word' id='word_1_90' title='bbox 545 1394 861 1466; x_wconf 78' lang='grc' dir='ltr'>περιτομῆς</span> <span class='ocrx_word' id='word_1_91' title='bbox 878 1394 1163 1450; x_wconf 87' lang='grc' dir='ltr'>τελευταία</span> <span class='ocrx_word' id='word_1_92' title='bbox 1187 1395 1418 1471; x_wconf 79' lang='grc' dir='ltr'>πληθὺς.</span> <span class='ocrx_word' id='word_1_93' title='bbox 1449 1395 1552 1463; x_wconf 77' lang='grc' dir='ltr'><strong>ἔξω</strong></span> <span class='ocrx_word' id='word_1_94' title='bbox 1572 1396 1743 1468; x_wconf 75' lang='grc' dir='ltr'>βραχὺ</span> <span class='ocrx_word' id='word_1_95' title='bbox 1769 1413 1924 1466; x_wconf 77' lang='grc' dir='ltr'>γενο-</span> 
     </span>
    </p>
   </div>
   <div class='ocr_carea' id='block_1_15' title="bbox 316 1483 1925 1556">
    <p class='ocr_par' dir='ltr' id='par_1_15' title="bbox 316 1483 1925 1556">
     <span class='ocr_line' id='line_1_15' title="bbox 316 1483 1925 1556; baseline 0.002 -19"><span class='ocrx_word' id='word_1_96' title='bbox 316 1484 450 1555; x_wconf 77' lang='grc' dir='ltr'>μένη</span> <span class='ocrx_word' id='word_1_97' title='bbox 476 1485 588 1554; x_wconf 75' lang='grc' dir='ltr'>τῆς</span> <span class='ocrx_word' id='word_1_98' title='bbox 623 1483 893 1556; x_wconf 80' lang='grc' dir='ltr'>πατρῴας</span> <span class='ocrx_word' id='word_1_99' title='bbox 941 1485 1171 1556; x_wconf 73' lang='grc' dir='ltr'>σκηνῆς,</span> <span class='ocrx_word' id='word_1_100' title='bbox 1207 1485 1476 1549; x_wconf 84' lang='grc' dir='ltr'>τουτέστι,</span> <span class='ocrx_word' id='word_1_101' title='bbox 1513 1487 1621 1539; x_wconf 83' lang='grc' dir='ltr'>τῶν</span> <span class='ocrx_word' id='word_1_102' title='bbox 1654 1486 1797 1541; x_wconf 79' lang='grc' dir='ltr'>κατὰ</span> <span class='ocrx_word' id='word_1_103' title='bbox 1832 1488 1925 1541; x_wconf 83' lang='grc' dir='ltr'>τὸν</span> 
     </span>
    </p>
   </div>
   <div class='ocr_carea' id='block_1_16' title="bbox 315 1572 1925 1649">
    <p class='ocr_par' dir='ltr' id='par_1_16' title="bbox 315 1572 1925 1649">
     <span class='ocr_line' id='line_1_16' title="bbox 315 1572 1925 1649; baseline 0.001 -22"><span class='ocrx_word' id='word_1_104' title='bbox 315 1575 475 1644; x_wconf 79' lang='grc' dir='ltr'>νόμον</span> <span class='ocrx_word' id='word_1_105' title='bbox 500 1572 670 1642; x_wconf 79' lang='grc' dir='ltr'>ἐθῶν,</span> <span class='ocrx_word' id='word_1_106' title='bbox 714 1577 826 1635; x_wconf 84' lang='grc' dir='ltr'>τοῖς</span> <span class='ocrx_word' id='word_1_107' title='bbox 857 1575 1148 1648; x_wconf 75' lang='grc' dir='ltr'><strong>ἐγχωρίοις</strong></span> <span class='ocrx_word' id='word_1_108' title='bbox 1191 1575 1578 1649; x_wconf 75' lang='grc' dir='ltr'>προσέϐαλλεν·</span> <span class='ocrx_word' id='word_1_109' title='bbox 1619 1576 1789 1647; x_wconf 75' lang='grc' dir='ltr'>ἤγουν</span> <span class='ocrx_word' id='word_1_110' title='bbox 1827 1578 1925 1629; x_wconf 81' lang='grc' dir='ltr'>ἐπ-</span> 
     </span>
    </p>
   </div>
   <div class='ocr_carea' id='block_1_17' title="bbox 314 1666 1915 1739">
    <p class='ocr_par' dir='ltr' id='par_1_17' title="bbox 314 1666 1915 1739">
     <span class='ocr_line' id='line_1_17' title="bbox 314 1666 1915 1739; baseline 0.001 -20"><span class='ocrx_word' id='word_1_111' title='bbox 314 1668 579 1737; x_wconf 78' lang='grc' dir='ltr'>εμίσγετο</span> <span class='ocrx_word' id='word_1_112' title='bbox 596 1666 746 1722; x_wconf 75' lang='grc' dir='ltr'>κατὰ</span> <span class='ocrx_word' id='word_1_113' title='bbox 776 1666 1037 1739; x_wconf 84' lang='grc' dir='ltr'>μάθησιν,</span> <span class='ocrx_word' id='word_1_114' title='bbox 1073 1667 1219 1736; x_wconf 84' lang='grc' dir='ltr'>λέγω</span> <span class='ocrx_word' id='word_1_115' title='bbox 1238 1667 1301 1739; x_wconf 84' lang='grc' dir='ltr'>δὴ</span> <span class='ocrx_word' id='word_1_116' title='bbox 1332 1671 1447 1733; x_wconf 86' lang='grc' dir='ltr'>τοῖς</span> <span class='ocrx_word' id='word_1_117' title='bbox 1486 1669 1663 1738; x_wconf 80' lang='grc' dir='ltr'><strong>ἁγίοις</strong></span> <span class='ocrx_word' id='word_1_118' title='bbox 1688 1669 1915 1723; x_wconf 56' lang='grc' dir='ltr'>ἅποστόυ</span> 
     </span>
    </p>
   </div>
   <div class='ocr_carea' id='block_1_18' title="bbox 316 1759 1924 1833">
    <p class='ocr_par' dir='ltr' id='par_1_18' title="bbox 316 1759 1924 1833">
     <span class='ocr_line' id='line_1_18' title="bbox 316 1759 1924 1833; baseline 0.001 -20"><span class='ocrx_word' id='word_1_119' title='bbox 316 1760 444 1826; x_wconf 75' lang='grc' dir='ltr'>λοις,</span> <span class='ocrx_word' id='word_1_120' title='bbox 471 1761 578 1815; x_wconf 75' lang='grc' dir='ltr'><strong>οὐκ</strong></span> <span class='ocrx_word' id='word_1_121' title='bbox 610 1759 697 1814; x_wconf 74' lang='grc' dir='ltr'>ἔτι</span> <span class='ocrx_word' id='word_1_122' title='bbox 741 1760 840 1832; x_wconf 85' lang='grc' dir='ltr'>μὲν</span> <span class='ocrx_word' id='word_1_123' title='bbox 874 1760 1049 1826; x_wconf 82' lang='grc' dir='ltr'>ζῶσιν</span> <span class='ocrx_word' id='word_1_124' title='bbox 1095 1760 1429 1825; x_wconf 78' lang='grc' dir='ltr'><strong>Ἰουδαϊκῶς,</strong></span> <span class='ocrx_word' id='word_1_125' title='bbox 1466 1763 1524 1815; x_wconf 77' lang='grc' dir='ltr'><strong>ἐν</strong></span> <span class='ocrx_word' id='word_1_126' title='bbox 1572 1762 1841 1833; x_wconf 75' lang='grc' dir='ltr'><strong>ὑπολήψει</strong></span> <span class='ocrx_word' id='word_1_127' title='bbox 1867 1762 1924 1816; x_wconf 82' lang='grc' dir='ltr'>δὲ</span> 
     </span>
    </p>
   </div>
   <div class='ocr_carea' id='block_1_19' title="bbox 314 1851 1925 1925">
    <p class='ocr_par' dir='ltr' id='par_1_19' title="bbox 314 1851 1925 1925">
     <span class='ocr_line' id='line_1_19' title="bbox 314 1851 1925 1925; baseline 0.002 -20"><span class='ocrx_word' id='word_1_128' title='bbox 314 1852 500 1925; x_wconf 79' lang='grc' dir='ltr'>ὥσπερ</span> <span class='ocrx_word' id='word_1_129' title='bbox 533 1853 797 1922; x_wconf 82' lang='grc' dir='ltr'>γεγονόσι</span> <span class='ocrx_word' id='word_1_130' title='bbox 814 1851 923 1906; x_wconf 70' lang='grc' dir='ltr'>τῶν</span> <span class='ocrx_word' id='word_1_131' title='bbox 942 1852 1299 1924; x_wconf 78' lang='grc' dir='ltr'><strong>ἑτερογενῶν·</strong></span> <span class='ocrx_word' id='word_1_132' title='bbox 1324 1853 1444 1907; x_wconf 88' lang='grc' dir='ltr'>τότε</span> <span class='ocrx_word' id='word_1_133' title='bbox 1461 1852 1550 1920; x_wconf 83' lang='grc' dir='ltr'>δὴ,</span> <span class='ocrx_word' id='word_1_134' title='bbox 1580 1855 1702 1907; x_wconf 86' lang='grc' dir='ltr'>τότε</span> <span class='ocrx_word' id='word_1_135' title='bbox 1719 1854 1925 1925; x_wconf 84' lang='grc' dir='ltr'>νοητῷς</span> 
     </span>
    </p>
   </div>
   <div class='ocr_carea' id='block_1_20' title="bbox 2027 665 3627 742">
    <p class='ocr_par' dir='ltr' id='par_1_20' title="bbox 2027 665 3627 742">
     <span class='ocr_line' id='line_1_20' title="bbox 2027 665 3627 742; baseline -0.001 -20"><span class='ocrx_word' id='word_1_136' title='bbox 2027 665 2346 722; x_wconf 66' lang='grc' dir='ltr'>,Ιιιάαεοτιιω</span> <span class='ocrx_word' id='word_1_137' title='bbox 2385 665 2690 737; x_wconf 78' lang='lat' dir='ltr'><strong>Synagoga,</strong></span> <span class='ocrx_word' id='word_1_138' title='bbox 2726 665 2961 721; x_wconf 80' lang='lat' dir='ltr'><strong>Mosaiea</strong></span> <span class='ocrx_word' id='word_1_139' title='bbox 3000 668 3117 740; x_wconf 76' lang='lat' dir='ltr'><strong>lege</strong></span> <span class='ocrx_word' id='word_1_140' title='bbox 3158 680 3407 736; x_wconf 88' lang='lat' dir='ltr'><strong>onerata,</strong></span> <span class='ocrx_word' id='word_1_141' title='bbox 3444 688 3627 742; x_wconf 74' lang='lat' dir='ltr'><strong>neque</strong></span> 
     </span>
    </p>
   </div>
   <div class='ocr_carea' id='block_1_21' title="bbox 2026 754 3620 829">
    <p class='ocr_par' dir='ltr' id='par_1_21' title="bbox 2026 754 3620 829">
     <span class='ocr_line' id='line_1_21' title="bbox 2026 754 3620 829; baseline 0.005 -19"><span class='ocrx_word' id='word_1_142' title='bbox 2026 755 2204 810; x_wconf 88' lang='lat' dir='ltr'><strong>acutis</strong></span> <span class='ocrx_word' id='word_1_143' title='bbox 2238 755 2416 811; x_wconf 90' lang='lat' dir='ltr'><strong>oculis</strong></span> <span class='ocrx_word' id='word_1_144' title='bbox 2452 754 2755 812; x_wconf 81' lang='lat' dir='ltr'><strong>Saivatoris</strong></span> <span class='ocrx_word' id='word_1_145' title='bbox 2795 757 2971 812; x_wconf 90' lang='lat' dir='ltr'><strong>nostri</strong></span> <span class='ocrx_word' id='word_1_146' title='bbox 3014 760 3339 829; x_wconf 80' lang='lat' dir='ltr'><strong>mysterium</strong></span> <span class='ocrx_word' id='word_1_147' title='bbox 3378 762 3620 819; x_wconf 82' lang='lat' dir='ltr'><strong>intuens.</strong></span> 
     </span>
    </p>
   </div>
   <div class='ocr_carea' id='block_1_22' title="bbox 2029 850 3621 922">
    <p class='ocr_par' dir='ltr' id='par_1_22' title="bbox 2029 850 3621 922">
     <span class='ocr_line' id='line_1_22' title="bbox 2029 850 3621 922; baseline 0.004 -16"><span class='ocrx_word' id='word_1_148' title='bbox 2029 850 2234 906; x_wconf 80' lang='lat' dir='ltr'><strong>Rachel</strong></span> <span class='ocrx_word' id='word_1_149' title='bbox 2276 858 2462 906; x_wconf 86' lang='lat' dir='ltr'><strong>autem</strong></span> <span class='ocrx_word' id='word_1_150' title='bbox 2501 861 2621 907; x_wconf 83' lang='lat' dir='ltr'><strong>eral.</strong></span> <span class='ocrx_word' id='word_1_151' title='bbox 2660 852 2890 922; x_wconf 89' lang='lat' dir='ltr'><strong>pulchra</strong></span> <span class='ocrx_word' id='word_1_152' title='bbox 2935 852 3074 908; x_wconf 81' lang='lat' dir='ltr'><strong>facie</strong></span> <span class='ocrx_word' id='word_1_153' title='bbox 3113 862 3169 908; x_wconf 89' lang='lat' dir='ltr'><strong>et</strong></span> <span class='ocrx_word' id='word_1_154' title='bbox 3209 855 3410 911; x_wconf 87' lang='lat' dir='ltr'><strong>decora</strong></span> <span class='ocrx_word' id='word_1_155' title='bbox 3442 856 3621 913; x_wconf 68' lang='lat' dir='ltr'><strong>valde,</strong></span> 
     </span>
    </p>
   </div>
   <div class='ocr_carea' id='block_1_23' title="bbox 2026 944 3623 1019">
    <p class='ocr_par' dir='ltr' id='par_1_23' title="bbox 2026 944 3623 1019">
     <span class='ocr_line' id='line_1_23' title="bbox 2026 944 3623 1019; baseline 0.003 -20"><span class='ocrx_word' id='word_1_156' title='bbox 2026 944 2447 1015; x_wconf 80' lang='lat' dir='ltr'><strong>Elegantissima</strong></span> <span class='ocrx_word' id='word_1_157' title='bbox 2470 960 2603 1001; x_wconf 84' lang='lat' dir='ltr'><strong>vero</strong></span> <span class='ocrx_word' id='word_1_158' title='bbox 2631 955 2822 1011; x_wconf 87' lang='lat' dir='ltr'><strong>estea,</strong></span> <span class='ocrx_word' id='word_1_159' title='bbox 2841 962 2964 1017; x_wconf 61' lang='lat' dir='ltr'><strong>quas</strong></span> <span class='ocrx_word' id='word_1_160' title='bbox 2997 962 3062 1001; x_wconf 80' lang='lat' dir='ltr'><strong>ex</strong></span> <span class='ocrx_word' id='word_1_161' title='bbox 3093 948 3350 1019; x_wconf 79' lang='lat' dir='ltr'><strong>gentibus</strong></span> <span class='ocrx_word' id='word_1_162' title='bbox 3384 958 3623 1014; x_wconf 79' lang='lat' dir='ltr'><strong>constat,</strong></span> 
     </span>
    </p>
   </div>
   <div class='ocr_carea' id='block_1_24' title="bbox 2029 1036 3624 1113">
    <p class='ocr_par' dir='ltr' id='par_1_24' title="bbox 2029 1036 3624 1113">
     <span class='ocr_line' id='line_1_24' title="bbox 2029 1036 3624 1113; baseline 0.003 -21"><span class='ocrx_word' id='word_1_163' title='bbox 2029 1037 2296 1094; x_wconf 82' lang='lat' dir='ltr'><strong>Ecclesia.</strong></span> <span class='ocrx_word' id='word_1_164' title='bbox 2324 1036 2437 1113; x_wconf 52' lang='lat' dir='ltr'><strong>Liaﬁ:</strong></span> <span class='ocrx_word' id='word_1_165' title='bbox 2470 1037 2640 1108; x_wconf 81' lang='lat' dir='ltr'><strong>igitur</strong></span> <span class='ocrx_word' id='word_1_166' title='bbox 2671 1038 2865 1092; x_wconf 90' lang='lat' dir='ltr'><strong>ultimo</strong></span> <span class='ocrx_word' id='word_1_167' title='bbox 2898 1039 3022 1093; x_wconf 90' lang='lat' dir='ltr'><strong>loco</strong></span> <span class='ocrx_word' id='word_1_168' title='bbox 3055 1049 3182 1093; x_wconf 89' lang='lat' dir='ltr'><strong>nata</strong></span> <span class='ocrx_word' id='word_1_169' title='bbox 3216 1047 3299 1095; x_wconf 90' lang='lat' dir='ltr'><strong>est</strong></span> <span class='ocrx_word' id='word_1_170' title='bbox 3328 1039 3437 1096; x_wconf 85' lang='lat' dir='ltr'><strong>ﬁlia</strong></span> <span class='ocrx_word' id='word_1_171' title='bbox 3462 1042 3624 1103; x_wconf 84' lang='lat' dir='ltr'><strong>Dina.</strong></span> 
     </span>
    </p>
   </div>
   <div class='ocr_carea' id='block_1_25' title="bbox 2026 1127 3628 1198">
    <p class='ocr_par' dir='ltr' id='par_1_25' title="bbox 2026 1127 3628 1198">
     <span class='ocr_line' id='line_1_25' title="bbox 2026 1127 3628 1198; baseline 0.001 -15"><span class='ocrx_word' id='word_1_172' title='bbox 2026 1144 2148 1198; x_wconf 79' lang='lat' dir='ltr'><strong>quae</strong></span> <span class='ocrx_word' id='word_1_173' title='bbox 2180 1137 2236 1182; x_wconf 88' lang='lat' dir='ltr'><strong>et</strong></span> <span class='ocrx_word' id='word_1_174' title='bbox 2263 1127 2380 1197; x_wconf 89' lang='lat' dir='ltr'><strong>ipsa</strong></span> <span class='ocrx_word' id='word_1_175' title='bbox 2417 1134 2598 1196; x_wconf 86' lang='lat' dir='ltr'><strong>potest</strong></span> <span class='ocrx_word' id='word_1_176' title='bbox 2626 1141 2750 1181; x_wconf 88' lang='lat' dir='ltr'><strong>esse</strong></span> <span class='ocrx_word' id='word_1_177' title='bbox 2784 1134 2945 1197; x_wconf 83' lang='lat' dir='ltr'><strong>typus</strong></span> <span class='ocrx_word' id='word_1_178' title='bbox 2976 1128 3351 1183; x_wconf 80' lang='lat' dir='ltr'><strong>multitudinis</strong></span> <span class='ocrx_word' id='word_1_179' title='bbox 3386 1129 3628 1184; x_wconf 87' lang='lat' dir='ltr'><strong>circnm-</strong></span> 
     </span>
    </p>
   </div>
   <div class='ocr_carea' id='block_1_26' title="bbox 2027 1218 3624 1289">
    <p class='ocr_par' dir='ltr' id='par_1_26' title="bbox 2027 1218 3624 1289">
     <span class='ocr_line' id='line_1_26' title="bbox 2027 1218 3624 1289; baseline -0.001 -13"><span class='ocrx_word' id='word_1_180' title='bbox 2027 1221 2292 1284; x_wconf 86' lang='lat' dir='ltr'><strong>cisorum,</strong></span> <span class='ocrx_word' id='word_1_181' title='bbox 2333 1231 2391 1274; x_wconf 88' lang='lat' dir='ltr'><strong>ut</strong></span> <span class='ocrx_word' id='word_1_182' title='bbox 2427 1234 2551 1289; x_wconf 66' lang='lat' dir='ltr'><strong>qum</strong></span> <span class='ocrx_word' id='word_1_183' title='bbox 2586 1226 2713 1273; x_wconf 87' lang='lat' dir='ltr'><strong>nata</strong></span> <span class='ocrx_word' id='word_1_184' title='bbox 2750 1218 2825 1272; x_wconf 85' lang='lat' dir='ltr'><strong>sit</strong></span> <span class='ocrx_word' id='word_1_185' title='bbox 2860 1218 2918 1271; x_wconf 90' lang='lat' dir='ltr'><strong>in</strong></span> <span class='ocrx_word' id='word_1_186' title='bbox 2959 1218 3222 1274; x_wconf 81' lang='lat' dir='ltr'><strong>extremis</strong></span> <span class='ocrx_word' id='word_1_187' title='bbox 3255 1219 3624 1288; x_wconf 85' lang='lat' dir='ltr'><strong>temporibus,</strong></span> 
     </span>
    </p>
   </div>
   <div class='ocr_carea' id='block_1_27' title="bbox 2025 1310 3624 1382">
    <p class='ocr_par' dir='ltr' id='par_1_27' title="bbox 2025 1310 3624 1382">
     <span class='ocr_line' id='line_1_27' title="bbox 2025 1310 3624 1382; baseline 0.001 -16"><span class='ocrx_word' id='word_1_188' title='bbox 2025 1312 2252 1382; x_wconf 85' lang='lat' dir='ltr'><strong>quando</strong></span> <span class='ocrx_word' id='word_1_189' title='bbox 2301 1312 2629 1382; x_wconf 79' lang='lat' dir='ltr'><strong>Unigenitus</strong></span> <span class='ocrx_word' id='word_1_190' title='bbox 2676 1310 2842 1365; x_wconf 90' lang='lat' dir='ltr'><strong>homo</strong></span> <span class='ocrx_word' id='word_1_191' title='bbox 2883 1318 2969 1365; x_wconf 86' lang='lat' dir='ltr'><strong>est</strong></span> <span class='ocrx_word' id='word_1_192' title='bbox 3018 1310 3215 1365; x_wconf 83' lang='lat' dir='ltr'><strong>factus.</strong></span> <span class='ocrx_word' id='word_1_193' title='bbox 3259 1310 3398 1367; x_wconf 87' lang='lat' dir='ltr'><strong>Cum</strong></span> <span class='ocrx_word' id='word_1_194' title='bbox 3436 1312 3624 1382; x_wconf 77' lang='lat' dir='ltr'><strong>itaque</strong></span> 
     </span>
    </p>
   </div>
   <div class='ocr_carea' id='block_1_28' title="bbox 2029 1402 3625 1474">
    <p class='ocr_par' dir='ltr' id='par_1_28' title="bbox 2029 1402 3625 1474">
     <span class='ocr_line' id='line_1_28' title="bbox 2029 1402 3625 1474; baseline -0.001 -15"><span class='ocrx_word' id='word_1_195' title='bbox 2029 1404 2221 1460; x_wconf 89' lang='lat' dir='ltr'><strong>ultima</strong></span> <span class='ocrx_word' id='word_1_196' title='bbox 2248 1403 2705 1459; x_wconf 86' lang='lat' dir='ltr'><strong>circumcisorum</strong></span> <span class='ocrx_word' id='word_1_197' title='bbox 2744 1402 3063 1466; x_wconf 86' lang='lat' dir='ltr'><strong>multitudo,</strong></span> <span class='ocrx_word' id='word_1_198' title='bbox 3090 1403 3374 1472; x_wconf 86' lang='lat' dir='ltr'><strong>paululum</strong></span> <span class='ocrx_word' id='word_1_199' title='bbox 3403 1420 3625 1474; x_wconf 82' lang='lat' dir='ltr'><strong>egressa</strong></span> 
     </span>
    </p>
   </div>
   <div class='ocr_carea' id='block_1_29' title="bbox 2027 1494 3624 1565">
    <p class='ocr_par' dir='ltr' id='par_1_29' title="bbox 2027 1494 3624 1565">
     <span class='ocr_line' id='line_1_29' title="bbox 2027 1494 3624 1565; baseline -0.001 -14"><span class='ocrx_word' id='word_1_200' title='bbox 2027 1496 2196 1552; x_wconf 81' lang='lat' dir='ltr'><strong>fuerit</strong></span> <span class='ocrx_word' id='word_1_201' title='bbox 2224 1512 2255 1550; x_wconf 92' lang='lat' dir='ltr'><strong>e</strong></span> <span class='ocrx_word' id='word_1_202' title='bbox 2281 1495 2480 1550; x_wconf 77' lang='lat' dir='ltr'><strong>castris</strong></span> <span class='ocrx_word' id='word_1_203' title='bbox 2513 1494 2779 1564; x_wconf 78' lang='lat' dir='ltr'><strong>paternis,</strong></span> <span class='ocrx_word' id='word_1_204' title='bbox 2808 1494 2912 1548; x_wconf 84' lang='lat' dir='ltr'><strong>hoc</strong></span> <span class='ocrx_word' id='word_1_205' title='bbox 2937 1503 3041 1559; x_wconf 89' lang='lat' dir='ltr'><strong>est,</strong></span> <span class='ocrx_word' id='word_1_206' title='bbox 3070 1494 3140 1549; x_wconf 86' lang='lat' dir='ltr'><strong>ab</strong></span> <span class='ocrx_word' id='word_1_207' title='bbox 3173 1495 3443 1549; x_wconf 86' lang='lat' dir='ltr'><strong>institutis</strong></span> <span class='ocrx_word' id='word_1_208' title='bbox 3477 1496 3624 1565; x_wconf 84' lang='lat' dir='ltr'><strong>lcga-</strong></span> 
     </span>
    </p>
   </div>
   <div class='ocr_carea' id='block_1_30' title="bbox 2025 1588 3623 1660">
    <p class='ocr_par' dir='ltr' id='par_1_30' title="bbox 2025 1588 3623 1660">
     <span class='ocr_line' id='line_1_30' title="bbox 2025 1588 3623 1660; baseline -0.003 -15"><span class='ocrx_word' id='word_1_209' title='bbox 2025 1590 2195 1654; x_wconf 87' lang='lat' dir='ltr'><strong>libus,</strong></span> <span class='ocrx_word' id='word_1_210' title='bbox 2232 1589 2427 1645; x_wconf 89' lang='lat' dir='ltr'><strong>incidit</strong></span> <span class='ocrx_word' id='word_1_211' title='bbox 2468 1589 2524 1643; x_wconf 88' lang='lat' dir='ltr'><strong>iu</strong></span> <span class='ocrx_word' id='word_1_212' title='bbox 2570 1588 2877 1660; x_wconf 77' lang='lat' dir='ltr'><strong>indigenas,</strong></span> <span class='ocrx_word' id='word_1_213' title='bbox 2910 1596 3011 1642; x_wconf 85' lang='lat' dir='ltr'><strong>aut</strong></span> <span class='ocrx_word' id='word_1_214' title='bbox 3049 1589 3338 1643; x_wconf 84' lang='lat' dir='ltr'><strong>commista</strong></span> <span class='ocrx_word' id='word_1_215' title='bbox 3378 1595 3462 1643; x_wconf 83' lang='lat' dir='ltr'><strong>est</strong></span> <span class='ocrx_word' id='word_1_216' title='bbox 3497 1603 3623 1642; x_wconf 85' lang='lat' dir='ltr'><strong>eum</strong></span> 
     </span>
    </p>
   </div>
   <div class='ocr_carea' id='block_1_31' title="bbox 2027 1678 3623 1756">
    <p class='ocr_par' dir='ltr' id='par_1_31' title="bbox 2027 1678 3623 1756">
     <span class='ocr_line' id='line_1_31' title="bbox 2027 1678 3623 1756; baseline -0.004 -20"><span class='ocrx_word' id='word_1_217' title='bbox 2027 1681 2281 1737; x_wconf 84' lang='lat' dir='ltr'><strong>doctrina</strong></span> <span class='ocrx_word' id='word_1_218' title='bbox 2317 1688 2637 1735; x_wconf 86' lang='lat' dir='ltr'><strong>sanctorum</strong></span> <span class='ocrx_word' id='word_1_219' title='bbox 2672 1680 3075 1750; x_wconf 79' lang='lat' dir='ltr'><strong>apostolorum,</strong></span> <span class='ocrx_word' id='word_1_220' title='bbox 3112 1679 3207 1756; x_wconf 87' lang='lat' dir='ltr'><strong>qui</strong></span> <span class='ocrx_word' id='word_1_221' title='bbox 3256 1694 3368 1733; x_wconf 86' lang='lat' dir='ltr'><strong>non</strong></span> <span class='ocrx_word' id='word_1_222' title='bbox 3399 1678 3623 1756; x_wconf 71' lang='lat' dir='ltr'><strong>quidem</strong></span> 
     </span>
    </p>
   </div>
   <div class='ocr_carea' id='block_1_32' title="bbox 2026 1754 3624 1844">
    <p class='ocr_par' dir='ltr' id='par_1_32' title="bbox 2026 1754 3624 1844">
     <span class='ocr_line' id='line_1_32' title="bbox 2026 1754 3624 1844; baseline -0.006 -13"><span class='ocrx_word' id='word_1_223' title='bbox 2026 1773 2268 1844; x_wconf 83' lang='lat' dir='ltr'><strong>amplius</strong></span> <span class='ocrx_word' id='word_1_224' title='bbox 2300 1772 2561 1828; x_wconf 85' lang='lat' dir='ltr'><strong>vivebant</strong></span> <span class='ocrx_word' id='word_1_225' title='bbox 2588 1770 2837 1836; x_wconf 85' lang='lat' dir='ltr'><strong>Judaice,</strong></span> <span class='ocrx_word' id='word_1_226' title='bbox 2862 1770 2957 1828; x_wconf 87' lang='lat' dir='ltr'><strong>sed</strong></span> <span class='ocrx_word' id='word_1_227' title='bbox 2989 1754 3342 1825; x_wconf 64' lang='lat' dir='ltr'><strong>habébantur</strong></span> <span class='ocrx_word' id='word_1_228' title='bbox 3362 1754 3465 1840; x_wconf 86' lang='lat' dir='ltr'><strong>pro</strong></span> <span class='ocrx_word' id='word_1_229' title='bbox 3488 1768 3624 1823; x_wconf 88' lang='lat' dir='ltr'><strong>alie—</strong></span> 
     </span>
    </p>
   </div>
   <div class='ocr_carea' id='block_1_33' title="bbox 2029 1860 3626 1934">
    <p class='ocr_par' dir='ltr' id='par_1_33' title="bbox 2029 1860 3626 1934">
     <span class='ocr_line' id='line_1_33' title="bbox 2029 1860 3626 1934; baseline -0.003 -16"><span class='ocrx_word' id='word_1_230' title='bbox 2029 1862 2265 1934; x_wconf 82' lang='lat' dir='ltr'><strong>nigenis.</strong></span> <span class='ocrx_word' id='word_1_231' title='bbox 2317 1862 2492 1928; x_wconf 85' lang='lat' dir='ltr'><strong>Tunc,</strong></span> <span class='ocrx_word' id='word_1_232' title='bbox 2532 1870 2686 1925; x_wconf 88' lang='lat' dir='ltr'><strong>tunc,</strong></span> <span class='ocrx_word' id='word_1_233' title='bbox 2716 1861 2962 1931; x_wconf 88' lang='lat' dir='ltr'><strong>inquam,</strong></span> <span class='ocrx_word' id='word_1_234' title='bbox 2991 1860 3222 1932; x_wconf 82' lang='lat' dir='ltr'><strong>mystice</strong></span> <span class='ocrx_word' id='word_1_235' title='bbox 3266 1865 3626 1929; x_wconf 84' lang='lat' dir='ltr'><strong>constuprata</strong></span> 
     </span>
    </p>
   </div>
   <div class='ocr_carea' id='block_1_34' title="bbox 316 1940 1930 2026">
    <p class='ocr_par' dir='ltr' id='par_1_34' title="bbox 316 1944 1923 2017">
     <span class='ocr_line' id='line_1_34' title="bbox 316 1944 1923 2017; baseline 0 -18"><span class='ocrx_word' id='word_1_236' title='bbox 316 1944 791 2016; x_wconf 77' lang='grc' dir='ltr'>διεπαρθενεύετο,</span> <span class='ocrx_word' id='word_1_237' title='bbox 817 1945 918 2016; x_wconf 81' lang='grc' dir='ltr'>τῆς</span> <span class='ocrx_word' id='word_1_238' title='bbox 961 1947 1018 2000; x_wconf 85' lang='grc' dir='ltr'><strong>ἐν</strong></span> <span class='ocrx_word' id='word_1_239' title='bbox 1052 1945 1273 2017; x_wconf 82' lang='grc' dir='ltr'>Χριστῷ</span> <span class='ocrx_word' id='word_1_240' title='bbox 1319 1945 1595 2011; x_wconf 84' lang='grc' dir='ltr'>πολιτείας</span> <span class='ocrx_word' id='word_1_241' title='bbox 1632 1946 1728 2001; x_wconf 76' lang='grc' dir='ltr'>καὶ</span> <span class='ocrx_word' id='word_1_242' title='bbox 1757 1948 1923 2016; x_wconf 78' lang='grc' dir='ltr'>εὐαγο</span> 
     </span>
    </p>
   </div>
   <div class='ocr_carea' id='block_1_35' title="bbox 2033 1940 3624 2026">
    <p class='ocr_par' dir='ltr' id='par_1_35' title="bbox 2033 1951 3624 2026">
     <span class='ocr_line' id='line_1_35' title="bbox 2033 1951 3624 2026; baseline -0.004 -16"><span class='ocrx_word' id='word_1_243' title='bbox 2033 1963 2132 2018; x_wconf 79' lang='lat' dir='ltr'><strong>est,</strong></span> <span class='ocrx_word' id='word_1_244' title='bbox 2173 1956 2292 2026; x_wconf 85' lang='lat' dir='ltr'><strong>ejus</strong></span> <span class='ocrx_word' id='word_1_245' title='bbox 2330 1970 2452 2024; x_wconf 78' lang='lat' dir='ltr'><strong>quae</strong></span> <span class='ocrx_word' id='word_1_246' title='bbox 2495 1953 2554 2008; x_wconf 92' lang='lat' dir='ltr'><strong>in</strong></span> <span class='ocrx_word' id='word_1_247' title='bbox 2584 1952 2807 2009; x_wconf 86' lang='lat' dir='ltr'><strong>Christo</strong></span> <span class='ocrx_word' id='word_1_248' title='bbox 2850 1962 2938 2008; x_wconf 88' lang='lat' dir='ltr'><strong>est</strong></span> <span class='ocrx_word' id='word_1_249' title='bbox 2983 1952 3191 2023; x_wconf 66' lang='lat' dir='ltr'><strong>politiie</strong></span> <span class='ocrx_word' id='word_1_250' title='bbox 3233 1959 3290 2006; x_wconf 89' lang='lat' dir='ltr'><strong>et</strong></span> <span class='ocrx_word' id='word_1_251' title='bbox 3340 1951 3624 2022; x_wconf 76' lang='lat' dir='ltr'><strong>Evangelii</strong></span> 
     </span>
    </p>
   </div>
   <div class='ocr_carea' id='block_1_36' title="bbox 315 2036 1924 2110">
    <p class='ocr_par' dir='ltr' id='par_1_36' title="bbox 315 2036 1924 2110">
     <span class='ocr_line' id='line_1_36' title="bbox 315 2036 1924 2110; baseline -0.002 -20"><span class='ocrx_word' id='word_1_252' title='bbox 315 2036 533 2107; x_wconf 79' lang='grc' dir='ltr'>γελικῆς</span> <span class='ocrx_word' id='word_1_253' title='bbox 587 2036 669 2090; x_wconf 80' lang='grc' dir='ltr'>τὰ</span> <span class='ocrx_word' id='word_1_254' title='bbox 724 2036 1018 2108; x_wconf 79' lang='grc' dir='ltr'>σπέρματα</span> <span class='ocrx_word' id='word_1_255' title='bbox 1070 2038 1201 2110; x_wconf 83' lang='grc' dir='ltr'>παρ’</span> <span class='ocrx_word' id='word_1_256' title='bbox 1235 2037 1418 2091; x_wconf 74' lang='grc' dir='ltr'>αὐτῶν</span> <span class='ocrx_word' id='word_1_257' title='bbox 1454 2038 1740 2110; x_wconf 78' lang='grc' dir='ltr'>δεχομένη.</span> <span class='ocrx_word' id='word_1_258' title='bbox 1782 2038 1924 2090; x_wconf 56' lang='grc' dir='ltr'>’Λλὶε</span> 
     </span>
    </p>
   </div>
   <div class='ocr_carea' id='block_1_37' title="bbox 264 2129 1925 2206">
    <p class='ocr_par' dir='ltr' id='par_1_37' title="bbox 264 2129 1925 2206">
     <span class='ocr_line' id='line_1_37' title="bbox 264 2129 1925 2206; baseline -0.002 -19"><span class='ocrx_word' id='word_1_259' title='bbox 264 2173 271 2179; x_wconf 87' lang='grc'><strong><em>.</em></strong></span> <span class='ocrx_word' id='word_1_260' title='bbox 316 2131 666 2206; x_wconf 56' lang='grc' dir='ltr'>ἡγανάκτοῳν</span> <span class='ocrx_word' id='word_1_261' title='bbox 697 2131 835 2203; x_wconf 75' lang='grc' dir='ltr'>πρὸς</span> <span class='ocrx_word' id='word_1_262' title='bbox 856 2129 1013 2185; x_wconf 75' lang='grc' dir='ltr'>τοῦτο</span> <span class='ocrx_word' id='word_1_263' title='bbox 1038 2131 1148 2185; x_wconf 78' lang='grc' dir='ltr'>τῶν</span> <span class='ocrx_word' id='word_1_264' title='bbox 1180 2129 1377 2186; x_wconf 79' lang='grc' dir='ltr'>Ἰακὼϐ</span> <span class='ocrx_word' id='word_1_265' title='bbox 1412 2132 1619 2185; x_wconf 81' lang='grc' dir='ltr'><strong>παίδων</strong></span> <span class='ocrx_word' id='word_1_266' title='bbox 1651 2131 1796 2195; x_wconf 83' lang='grc' dir='ltr'>τινὲς</span> <span class='ocrx_word' id='word_1_267' title='bbox 1826 2131 1925 2183; x_wconf 82' lang='grc' dir='ltr'><strong>Συ-</strong></span> 
     </span>
    </p>
   </div>
   <div class='ocr_carea' id='block_1_38' title="bbox 318 2220 1926 2293">
    <p class='ocr_par' dir='ltr' id='par_1_38' title="bbox 318 2220 1926 2293">
     <span class='ocr_line' id='line_1_38' title="bbox 318 2220 1926 2293; baseline 0 -17"><span class='ocrx_word' id='word_1_268' title='bbox 318 2222 454 2292; x_wconf 80' lang='grc' dir='ltr'>μεὼν</span> <span class='ocrx_word' id='word_1_269' title='bbox 493 2224 592 2277; x_wconf 73' lang='grc' dir='ltr'>καὶ</span> <span class='ocrx_word' id='word_1_270' title='bbox 632 2224 785 2284; x_wconf 75' lang='grc' dir='ltr'>Λευὶ,</span> <span class='ocrx_word' id='word_1_271' title='bbox 809 2220 1112 2285; x_wconf 77' lang='grc' dir='ltr'><strong>τουτέστιν,</strong></span> <span class='ocrx_word' id='word_1_272' title='bbox 1146 2222 1279 2275; x_wconf 80' lang='grc' dir='ltr'>οἵτε</span> <span class='ocrx_word' id='word_1_273' title='bbox 1311 2223 1370 2276; x_wconf 75' lang='grc' dir='ltr'><strong>ἐν</strong></span> <span class='ocrx_word' id='word_1_274' title='bbox 1402 2220 1660 2293; x_wconf 77' lang='grc' dir='ltr'>ὑπηκόων</span> <span class='ocrx_word' id='word_1_275' title='bbox 1686 2220 1926 2292; x_wconf 84' lang='grc' dir='ltr'>κείμενοι</span> 
     </span>
    </p>
   </div>
   <div class='ocr_carea' id='block_1_39' title="bbox 317 2310 1921 2384">
    <p class='ocr_par' dir='ltr' id='par_1_39' title="bbox 317 2310 1921 2384">
     <span class='ocr_line' id='line_1_39' title="bbox 317 2310 1921 2384; baseline 0.001 -18"><span class='ocrx_word' id='word_1_276' title='bbox 317 2314 480 2381; x_wconf 68' lang='grc' dir='ltr'>τὶξει,</span> <span class='ocrx_word' id='word_1_277' title='bbox 524 2316 636 2368; x_wconf 69' lang='grc' dir='ltr'>καὶ</span> <span class='ocrx_word' id='word_1_278' title='bbox 668 2314 767 2367; x_wconf 76' lang='grc' dir='ltr'>σὺν</span> <span class='ocrx_word' id='word_1_279' title='bbox 801 2314 989 2378; x_wconf 85' lang='grc' dir='ltr'>αὐτοῖς</span> <span class='ocrx_word' id='word_1_280' title='bbox 1027 2315 1084 2367; x_wconf 75' lang='grc' dir='ltr'><strong>τὸ</strong></span> <span class='ocrx_word' id='word_1_281' title='bbox 1113 2314 1154 2366; x_wconf 85' lang='grc' dir='ltr'><strong>ίε</strong></span> <span class='ocrx_word' id='word_1_282' title='bbox 1167 2313 1257 2384; x_wconf 66' lang='grc' dir='ltr'><strong>ρδν</strong></span> <span class='ocrx_word' id='word_1_283' title='bbox 1279 2313 1374 2366; x_wconf 71' lang='grc' dir='ltr'>καὶ</span> <span class='ocrx_word' id='word_1_284' title='bbox 1402 2312 1706 2366; x_wconf 85' lang='grc' dir='ltr'>ἀπόλεκτον</span> <span class='ocrx_word' id='word_1_285' title='bbox 1744 2310 1921 2382; x_wconf 81' lang='grc' dir='ltr'>γένος.</span> 
     </span>
    </p>
   </div>
   <div class='ocr_carea' id='block_1_40' title="bbox 326 2402 1926 2479">
    <p class='ocr_par' dir='ltr' id='par_1_40' title="bbox 326 2402 1926 2479">
     <span class='ocr_line' id='line_1_40' title="bbox 326 2402 1926 2479; baseline -0.001 -21"><span class='ocrx_word' id='word_1_286' title='bbox 326 2405 731 2479; x_wconf 78' lang='grc' dir='ltr'>Ἐρμηνεύεται</span> <span class='ocrx_word' id='word_1_287' title='bbox 791 2406 892 2477; x_wconf 73' lang='grc' dir='ltr'>μὲν</span> <span class='ocrx_word' id='word_1_288' title='bbox 943 2405 1053 2477; x_wconf 78' lang='grc' dir='ltr'><strong>γὰρ</strong></span> <span class='ocrx_word' id='word_1_289' title='bbox 1097 2405 1324 2477; x_wconf 83' lang='grc' dir='ltr'>Συμεὼν</span> <span class='ocrx_word' id='word_1_290' title='bbox 1382 2404 1644 2474; x_wconf 78' lang='grc' dir='ltr'>ὑπακοή·</span> <span class='ocrx_word' id='word_1_291' title='bbox 1687 2404 1818 2459; x_wconf 71' lang='grc' dir='ltr'>Λευὶ</span> <span class='ocrx_word' id='word_1_292' title='bbox 1868 2402 1926 2457; x_wconf 80' lang='grc' dir='ltr'>δὲ</span> 
     </span>
    </p>
   </div>
   <div class='ocr_carea' id='block_1_41' title="bbox 318 2496 1926 2569">
    <p class='ocr_par' dir='ltr' id='par_1_41' title="bbox 318 2496 1926 2569">
     <span class='ocr_line' id='line_1_41' title="bbox 318 2496 1926 2569; baseline -0.002 -17"><span class='ocrx_word' id='word_1_293' title='bbox 318 2499 849 2569; x_wconf 69' lang='grc' dir='ltr'>τροσειλημμένος</span> <span class='ocrx_word' id='word_1_294' title='bbox 887 2499 919 2569; x_wconf 75' lang='grc' dir='ltr'>ἢ</span> <span class='ocrx_word' id='word_1_295' title='bbox 951 2498 1313 2563; x_wconf 74' lang='grc' dir='ltr'>ιὶπόλεκτος.</span> <span class='ocrx_word' id='word_1_296' title='bbox 1356 2498 1481 2551; x_wconf 86' lang='grc' dir='ltr'><strong>Ὅτι</strong></span> <span class='ocrx_word' id='word_1_297' title='bbox 1505 2496 1562 2551; x_wconf 81' lang='grc' dir='ltr'>δὲ</span> <span class='ocrx_word' id='word_1_298' title='bbox 1601 2500 1713 2561; x_wconf 88' lang='grc' dir='ltr'>τοῖς</span> <span class='ocrx_word' id='word_1_299' title='bbox 1749 2497 1926 2565; x_wconf 81' lang='grc' dir='ltr'>ἁγίοις</span> 
     </span>
    </p>
   </div>
   <div class='ocr_carea' id='block_1_42' title="bbox 317 2589 1928 2662">
    <p class='ocr_par' dir='ltr' id='par_1_42' title="bbox 317 2589 1928 2662">
     <span class='ocr_line' id='line_1_42' title="bbox 317 2589 1928 2662; baseline -0.001 -19"><span class='ocrx_word' id='word_1_300' title='bbox 317 2591 641 2656; x_wconf 52' lang='grc' dir='ltr'>ἀποστόλοις</span> <span class='ocrx_word' id='word_1_301' title='bbox 683 2589 989 2661; x_wconf 75' lang='grc' dir='ltr'>ἐπεφύοντο</span> <span class='ocrx_word' id='word_1_302' title='bbox 1037 2590 1226 2661; x_wconf 77' lang='grc' dir='ltr'>δεινῶς</span> <span class='ocrx_word' id='word_1_303' title='bbox 1262 2591 1312 2645; x_wconf 86' lang='grc' dir='ltr'>οἱ</span> <span class='ocrx_word' id='word_1_304' title='bbox 1340 2589 1440 2661; x_wconf 77' lang='grc' dir='ltr'><strong>τῆς</strong></span> <span class='ocrx_word' id='word_1_305' title='bbox 1469 2589 1610 2644; x_wconf 80' lang='grc' dir='ltr'>κατὰ</span> <span class='ocrx_word' id='word_1_306' title='bbox 1654 2590 1818 2662; x_wconf 87' lang='grc' dir='ltr'>νόμον</span> <span class='ocrx_word' id='word_1_307' title='bbox 1854 2590 1928 2642; x_wconf 79' lang='grc' dir='ltr'><strong>ἱε-</strong></span> 
     </span>
    </p>
   </div>
   <div class='ocr_carea' id='block_1_43' title="bbox 321 2681 1926 2758">
    <p class='ocr_par' dir='ltr' id='par_1_43' title="bbox 321 2681 1926 2758">
     <span class='ocr_line' id='line_1_43' title="bbox 321 2681 1926 2758; baseline -0.003 -18"><span class='ocrx_word' id='word_1_308' title='bbox 321 2684 542 2758; x_wconf 65' lang='grc' dir='ltr'>ρόσύνης</span> <span class='ocrx_word' id='word_1_309' title='bbox 575 2684 848 2756; x_wconf 77' lang='grc' dir='ltr'><strong>λαχόντες</strong></span> <span class='ocrx_word' id='word_1_310' title='bbox 883 2684 955 2737; x_wconf 75' lang='grc' dir='ltr'><strong>τὰ</strong></span> <span class='ocrx_word' id='word_1_311' title='bbox 1010 2683 1330 2755; x_wconf 76' lang='grc' dir='ltr'><strong>αὐχήματα,</strong></span> <span class='ocrx_word' id='word_1_312' title='bbox 1364 2681 1698 2737; x_wconf 78' lang='grc' dir='ltr'>συνθεόντων</span> <span class='ocrx_word' id='word_1_313' title='bbox 1741 2683 1926 2745; x_wconf 79' lang='grc' dir='ltr'>αὐτοῖς</span> 
     </span>
    </p>
   </div>
   <div class='ocr_carea' id='block_1_44' title="bbox 319 2773 1927 2847">
    <p class='ocr_par' dir='ltr' id='par_1_44' title="bbox 319 2773 1927 2847">
     <span class='ocr_line' id='line_1_44' title="bbox 319 2773 1927 2847; baseline -0.001 -17"><span class='ocrx_word' id='word_1_314' title='bbox 319 2779 405 2832; x_wconf 68' lang='grc' dir='ltr'>καὶ</span> <span class='ocrx_word' id='word_1_315' title='bbox 430 2777 611 2841; x_wconf 78' lang='grc' dir='ltr'>λαῶν,</span> <span class='ocrx_word' id='word_1_316' title='bbox 644 2776 757 2841; x_wconf 77' lang='grc' dir='ltr'><strong>πῶς</strong></span> <span class='ocrx_word' id='word_1_317' title='bbox 791 2775 938 2829; x_wconf 77' lang='grc' dir='ltr'>ἔστιν</span> <span class='ocrx_word' id='word_1_318' title='bbox 963 2775 1325 2846; x_wconf 60' lang='grc' dir='ltr'>ἁμφιὸάλλειν</span> <span class='ocrx_word' id='word_1_319' title='bbox 1342 2791 1356 2842; x_wconf 91' lang='grc'><strong>;</strong></span> <span class='ocrx_word' id='word_1_320' title='bbox 1375 2773 1699 2847; x_wconf 77' lang='grc' dir='ltr'>Ἐπέτριζον</span> <span class='ocrx_word' id='word_1_321' title='bbox 1727 2773 1783 2828; x_wconf 86' lang='grc' dir='ltr'><strong>δέ</strong></span> <span class='ocrx_word' id='word_1_322' title='bbox 1802 2774 1927 2838; x_wconf 74' lang='grc' dir='ltr'>τοὺς</span> 
     </span>
    </p>
   </div>
   <div class='ocr_carea' id='block_1_45' title="bbox 318 2865 1928 2938">
    <p class='ocr_par' dir='ltr' id='par_1_45' title="bbox 318 2865 1928 2938">
     <span class='ocr_line' id='line_1_45' title="bbox 318 2865 1928 2938; baseline -0.004 -17"><span class='ocrx_word' id='word_1_323' title='bbox 318 2869 551 2934; x_wconf 68' lang='grc' dir='ltr'>ὀδόντας.</span> <span class='ocrx_word' id='word_1_324' title='bbox 600 2869 717 2923; x_wconf 84' lang='grc' dir='ltr'>τῶν</span> <span class='ocrx_word' id='word_1_325' title='bbox 766 2870 858 2922; x_wconf 84' lang='grc' dir='ltr'><strong>ὑπ’</strong></span> <span class='ocrx_word' id='word_1_326' title='bbox 894 2869 1080 2933; x_wconf 73' lang='grc' dir='ltr'>αὐτοῖς</span> <span class='ocrx_word' id='word_1_327' title='bbox 1121 2867 1421 2937; x_wconf 76' lang='grc' dir='ltr'>γεγονότων</span> <span class='ocrx_word' id='word_1_328' title='bbox 1466 2866 1567 2938; x_wconf 82' lang='grc' dir='ltr'>τὴν</span> <span class='ocrx_word' id='word_1_329' title='bbox 1592 2865 1928 2938; x_wconf 67' lang='grc' dir='ltr'>ὲπιστροερὴν</span> 
     </span>
    </p>
   </div>
   <div class='ocr_carea' id='block_1_46' title="bbox 318 2954 1928 3034">
    <p class='ocr_par' dir='ltr' id='par_1_46' title="bbox 318 2954 1928 3034">
     <span class='ocr_line' id='line_1_46' title="bbox 318 2954 1928 3034; baseline -0.003 -18"><span class='ocrx_word' id='word_1_330' title='bbox 318 2961 678 3034; x_wconf 75' lang='grc' dir='ltr'>καταφθορὰν</span> <span class='ocrx_word' id='word_1_331' title='bbox 718 2961 1103 3031; x_wconf 80' lang='grc' dir='ltr'>ὀνομάζοντες,</span> <span class='ocrx_word' id='word_1_332' title='bbox 1129 2960 1226 3014; x_wconf 72' lang='grc' dir='ltr'>καὶ</span> <span class='ocrx_word' id='word_1_333' title='bbox 1255 2954 1343 3015; x_wconf 75' lang='grc' dir='ltr'><strong>οἷά</strong></span> <span class='ocrx_word' id='word_1_334' title='bbox 1390 2978 1440 3013; x_wconf 90' lang='grc' dir='ltr'><strong>τι</strong></span> <span class='ocrx_word' id='word_1_335' title='bbox 1468 2959 1577 3013; x_wconf 82' lang='grc' dir='ltr'><strong>τῶν</strong></span> <span class='ocrx_word' id='word_1_336' title='bbox 1608 2959 1747 3028; x_wconf 80' lang='grc' dir='ltr'>ἄγαν</span> <span class='ocrx_word' id='word_1_337' title='bbox 1776 2958 1928 3012; x_wconf 80' lang='grc' dir='ltr'>ἐκτό-</span> 
     </span>
    </p>
   </div>
   <div class='ocr_carea' id='block_1_47' title="bbox 322 3052 1926 3128">
    <p class='ocr_par' dir='ltr' id='par_1_47' title="bbox 322 3052 1926 3128">
     <span class='ocr_line' id='line_1_47' title="bbox 322 3052 1926 3128; baseline -0.003 -18"><span class='ocrx_word' id='word_1_338' title='bbox 322 3074 433 3111; x_wconf 86' lang='grc' dir='ltr'><strong>πων</strong></span> <span class='ocrx_word' id='word_1_339' title='bbox 466 3056 840 3128; x_wconf 77' lang='grc' dir='ltr'>ἐπιφέροντες</span> <span class='ocrx_word' id='word_1_340' title='bbox 876 3053 1264 3127; x_wconf 78' lang='grc' dir='ltr'>ἐγκλημάτων·</span> <span class='ocrx_word' id='word_1_341' title='bbox 1290 3071 1307 3105; x_wconf 79' lang='grc' dir='ltr'><strong>ι</strong></span> <span class='ocrx_word' id='word_1_342' title='bbox 1338 3053 1472 3107; x_wconf 78' lang='grc' dir='ltr'>Ἰδοὺ</span> <span class='ocrx_word' id='word_1_343' title='bbox 1505 3054 1638 3125; x_wconf 76' lang='grc' dir='ltr'>γὰρ,</span> <span class='ocrx_word' id='word_1_344' title='bbox 1663 3052 1926 3122; x_wconf 81' lang='grc' dir='ltr'><strong>ἔφασκον,</strong></span> 
     </span>
    </p>
   </div>
   <div class='ocr_carea' id='block_1_48' title="bbox 323 3143 1922 3219">
    <p class='ocr_par' dir='ltr' id='par_1_48' title="bbox 323 3143 1922 3219">
     <span class='ocr_line' id='line_1_48' title="bbox 323 3143 1922 3219; baseline -0.003 -19"><span class='ocrx_word' id='word_1_345' title='bbox 323 3144 730 3219; x_wconf 76' lang='grc' dir='ltr'><strong>πεπληρώκατε</strong></span> <span class='ocrx_word' id='word_1_346' title='bbox 770 3145 869 3218; x_wconf 80' lang='grc' dir='ltr'>τὴν</span> <span class='ocrx_word' id='word_1_347' title='bbox 904 3144 1265 3217; x_wconf 85' lang='grc' dir='ltr'>Ἰερουσαλὴμ</span> <span class='ocrx_word' id='word_1_348' title='bbox 1292 3144 1394 3215; x_wconf 81' lang='grc' dir='ltr'>τῆς</span> <span class='ocrx_word' id='word_1_349' title='bbox 1428 3143 1656 3215; x_wconf 83' lang='grc' dir='ltr'><strong>διδαχῆς</strong></span> <span class='ocrx_word' id='word_1_350' title='bbox 1688 3143 1864 3214; x_wconf 81' lang='grc' dir='ltr'>ὑμῶν.</span> <span class='ocrx_word' id='word_1_351' title='bbox 1906 3163 1922 3195; x_wconf 75' lang='grc' dir='ltr'><strong>ι</strong></span> 
     </span>
    </p>
   </div>
   <div class='ocr_carea' id='block_1_49' title="bbox 332 3235 1929 3308">
    <p class='ocr_par' dir='ltr' id='par_1_49' title="bbox 332 3235 1929 3308">
     <span class='ocr_line' id='line_1_49' title="bbox 332 3235 1929 3308; baseline -0.003 -14"><span class='ocrx_word' id='word_1_352' title='bbox 332 3239 548 3308; x_wconf 79' lang='grc' dir='ltr'>Ἐπειδὴ</span> <span class='ocrx_word' id='word_1_353' title='bbox 589 3238 657 3293; x_wconf 76' lang='grc' dir='ltr'>δὲ</span> <span class='ocrx_word' id='word_1_354' title='bbox 707 3236 1097 3303; x_wconf 76' lang='grc' dir='ltr'>κατωνείδιζον</span> <span class='ocrx_word' id='word_1_355' title='bbox 1120 3236 1197 3301; x_wconf 86' lang='grc' dir='ltr'>ὡς</span> <span class='ocrx_word' id='word_1_356' title='bbox 1236 3237 1422 3291; x_wconf 79' lang='grc' dir='ltr'>οὐκέτι</span> <span class='ocrx_word' id='word_1_357' title='bbox 1456 3235 1665 3301; x_wconf 80' lang='grc' dir='ltr'>ζῶντας</span> <span class='ocrx_word' id='word_1_358' title='bbox 1704 3236 1929 3290; x_wconf 86' lang='grc' dir='ltr'>Ἰουδαῖ-</span> 
     </span>
    </p>
   </div>
   <div class='ocr_carea' id='block_1_50' title="bbox 325 3329 1926 3402">
    <p class='ocr_par' dir='ltr' id='par_1_50' title="bbox 325 3329 1926 3402">
     <span class='ocr_line' id='line_1_50' title="bbox 325 3329 1926 3402; baseline 0.002 -20"><span class='ocrx_word' id='word_1_359' title='bbox 325 3329 447 3393; x_wconf 80' lang='grc' dir='ltr'>κῶς.</span> <span class='ocrx_word' id='word_1_360' title='bbox 466 3330 782 3402; x_wconf 82' lang='grc' dir='ltr'>ἐμάνθανον</span> <span class='ocrx_word' id='word_1_361' title='bbox 805 3330 889 3384; x_wconf 86' lang='grc' dir='ltr'>ὅτι</span> <span class='ocrx_word' id='word_1_362' title='bbox 911 3330 1175 3402; x_wconf 87' lang='grc' dir='ltr'>τετίμητο</span> <span class='ocrx_word' id='word_1_363' title='bbox 1205 3330 1338 3402; x_wconf 79' lang='grc' dir='ltr'>παρ’</span> <span class='ocrx_word' id='word_1_364' title='bbox 1359 3331 1544 3394; x_wconf 81' lang='grc' dir='ltr'>αὐτοῖς</span> <span class='ocrx_word' id='word_1_365' title='bbox 1574 3330 1608 3401; x_wconf 79' lang='grc' dir='ltr'>ἡ</span> <span class='ocrx_word' id='word_1_366' title='bbox 1631 3330 1926 3402; x_wconf 77' lang='grc' dir='ltr'><strong>περιτομή⁶</strong></span> 
     </span>
    </p>
   </div>
   <div class='ocr_carea' id='block_1_51' title="bbox 324 3420 1932 3496">
    <p class='ocr_par' dir='ltr' id='par_1_51' title="bbox 324 3420 1932 3496">
     <span class='ocr_line' id='line_1_51' title="bbox 324 3420 1932 3496; baseline 0.001 -21"><span class='ocrx_word' id='word_1_367' title='bbox 324 3420 381 3476; x_wconf 64' lang='lat' dir='ltr'><strong>sb</strong></span> <span class='ocrx_word' id='word_1_368' title='bbox 404 3422 738 3494; x_wconf 77' lang='grc' dir='ltr'>διατειχίζον</span> <span class='ocrx_word' id='word_1_369' title='bbox 751 3423 809 3477; x_wconf 75' lang='grc' dir='ltr'>δὲ</span> <span class='ocrx_word' id='word_1_370' title='bbox 835 3422 975 3487; x_wconf 83' lang='grc' dir='ltr'>ὅλως</span> <span class='ocrx_word' id='word_1_371' title='bbox 1004 3423 1084 3487; x_wconf 85' lang='grc' dir='ltr'><strong>είς</strong></span> <span class='ocrx_word' id='word_1_372' title='bbox 1106 3422 1372 3495; x_wconf 70' lang='grc' dir='ltr'>διαφορὰν</span> <span class='ocrx_word' id='word_1_373' title='bbox 1389 3422 1561 3477; x_wconf 81' lang='grc' dir='ltr'>οὐδέν·</span> <span class='ocrx_word' id='word_1_374' title='bbox 1581 3424 1739 3496; x_wconf 71' lang='grc' dir='ltr'>εἴπερ</span> <span class='ocrx_word' id='word_1_375' title='bbox 1760 3423 1932 3477; x_wconf 75' lang='grc' dir='ltr'>ἕλοιν-</span> 
     </span>
    </p>
   </div>
   <div class='ocr_carea' id='block_1_52' title="bbox 326 3512 1934 3586">
    <p class='ocr_par' dir='ltr' id='par_1_52' title="bbox 326 3512 1934 3586">
     <span class='ocr_line' id='line_1_52' title="bbox 326 3512 1934 3586; baseline 0.001 -21"><span class='ocrx_word' id='word_1_376' title='bbox 326 3531 382 3567; x_wconf 79' lang='grc' dir='ltr'><strong>το</strong></span> <span class='ocrx_word' id='word_1_377' title='bbox 417 3515 557 3568; x_wconf 88' lang='grc' dir='ltr'>νοεῖν</span> <span class='ocrx_word' id='word_1_378' title='bbox 585 3514 665 3567; x_wconf 80' lang='grc' dir='ltr'>τὰ</span> <span class='ocrx_word' id='word_1_379' title='bbox 700 3513 946 3579; x_wconf 79' lang='grc' dir='ltr'>Μωσέως</span> <span class='ocrx_word' id='word_1_380' title='bbox 977 3512 1100 3568; x_wconf 80' lang='grc' dir='ltr'>καθ’</span> <span class='ocrx_word' id='word_1_381' title='bbox 1127 3513 1187 3567; x_wconf 87' lang='grc' dir='ltr'>ὂν</span> <span class='ocrx_word' id='word_1_382' title='bbox 1218 3513 1326 3567; x_wconf 79' lang='grc' dir='ltr'>ἔδει</span> <span class='ocrx_word' id='word_1_383' title='bbox 1357 3515 1579 3586; x_wconf 81' lang='grc' dir='ltr'>τρόπον.</span> <span class='ocrx_word' id='word_1_384' title='bbox 1614 3533 1631 3567; x_wconf 80' lang='grc' dir='ltr'><strong>ι</strong></span> <span class='ocrx_word' id='word_1_385' title='bbox 1667 3515 1741 3569; x_wconf 73' lang='grc' dir='ltr'><strong>Οὐ</strong></span> <span class='ocrx_word' id='word_1_386' title='bbox 1770 3514 1880 3586; x_wconf 79' lang='grc' dir='ltr'><strong>γὰρ</strong></span> <span class='ocrx_word' id='word_1_387' title='bbox 1905 3515 1934 3567; x_wconf 86' lang='grc' dir='ltr'>ὁ</span> 
     </span>
    </p>
   </div>
   <div class='ocr_carea' id='block_1_53' title="bbox 328 3605 1934 3680">
    <p class='ocr_par' dir='ltr' id='par_1_53' title="bbox 328 3605 1934 3680">
     <span class='ocr_line' id='line_1_53' title="bbox 328 3605 1934 3680; baseline 0.001 -22"><span class='ocrx_word' id='word_1_388' title='bbox 328 3610 381 3659; x_wconf 72' lang='grc' dir='ltr'>ἐν</span> <span class='ocrx_word' id='word_1_389' title='bbox 403 3605 481 3678; x_wconf 87' lang='grc' dir='ltr'><strong>τῷ</strong></span> <span class='ocrx_word' id='word_1_390' title='bbox 537 3605 792 3679; x_wconf 78' lang='grc' dir='ltr'>φανερῷ,</span> <span class='ocrx_word' id='word_1_391' title='bbox 825 3606 982 3678; x_wconf 59' lang='grc' dir='ltr'>φησὶ,</span> <span class='ocrx_word' id='word_1_392' title='bbox 1029 3606 1290 3671; x_wconf 83' lang='grc' dir='ltr'>Ἰουδαῖός</span> <span class='ocrx_word' id='word_1_393' title='bbox 1346 3608 1514 3673; x_wconf 82' lang='grc' dir='ltr'>ἐστιν,</span> <span class='ocrx_word' id='word_1_394' title='bbox 1551 3606 1672 3661; x_wconf 77' lang='grc' dir='ltr'>οὐδὲ</span> <span class='ocrx_word' id='word_1_395' title='bbox 1703 3609 1735 3680; x_wconf 82' lang='grc' dir='ltr'><strong>ή</strong></span> <span class='ocrx_word' id='word_1_396' title='bbox 1772 3608 1829 3660; x_wconf 80' lang='grc' dir='ltr'>ὲν</span> <span class='ocrx_word' id='word_1_397' title='bbox 1856 3605 1934 3678; x_wconf 86' lang='grc' dir='ltr'><strong>τῷ</strong></span> 
     </span>
    </p>
   </div>
   <div class='ocr_carea' id='block_1_54' title="bbox 329 3697 1935 3773">
    <p class='ocr_par' dir='ltr' id='par_1_54' title="bbox 329 3697 1935 3773">
     <span class='ocr_line' id='line_1_54' title="bbox 329 3697 1935 3773; baseline -0.001 -19"><span class='ocrx_word' id='word_1_398' title='bbox 329 3700 540 3773; x_wconf 72' lang='grc' dir='ltr'>φανερῷ</span> <span class='ocrx_word' id='word_1_399' title='bbox 607 3701 667 3752; x_wconf 85' lang='grc' dir='ltr'><strong>ἐν</strong></span> <span class='ocrx_word' id='word_1_400' title='bbox 717 3699 883 3769; x_wconf 79' lang='grc' dir='ltr'>σαρκὶ</span> <span class='ocrx_word' id='word_1_401' title='bbox 941 3699 1237 3770; x_wconf 76' lang='grc' dir='ltr'>περιτομή·</span> <span class='ocrx_word' id='word_1_402' title='bbox 1298 3697 1414 3752; x_wconf 85' lang='grc' dir='ltr'>ἀλλ’</span> <span class='ocrx_word' id='word_1_403' title='bbox 1442 3699 1471 3751; x_wconf 86' lang='grc' dir='ltr'>ὀ</span> <span class='ocrx_word' id='word_1_404' title='bbox 1502 3701 1558 3752; x_wconf 76' lang='grc' dir='ltr'><strong>ἐν</strong></span> <span class='ocrx_word' id='word_1_405' title='bbox 1585 3698 1665 3771; x_wconf 88' lang='grc' dir='ltr'><strong>τῷ</strong></span> <span class='ocrx_word' id='word_1_406' title='bbox 1707 3698 1935 3770; x_wconf 80' lang='grc' dir='ltr'>κρυπτῷ</span> 
     </span>
    </p>
   </div>
   <div class='ocr_carea' id='block_1_55' title="bbox 328 3789 1934 3863">
    <p class='ocr_par' dir='ltr' id='par_1_55' title="bbox 328 3789 1934 3863">
     <span class='ocr_line' id='line_1_55' title="bbox 328 3789 1934 3863; baseline 0.001 -19"><span class='ocrx_word' id='word_1_407' title='bbox 328 3792 602 3857; x_wconf 77' lang='grc' dir='ltr'>Ἰουδαῖος,</span> <span class='ocrx_word' id='word_1_408' title='bbox 662 3793 758 3847; x_wconf 78' lang='grc' dir='ltr'>καὶ</span> <span class='ocrx_word' id='word_1_409' title='bbox 809 3789 1084 3863; x_wconf 76' lang='grc' dir='ltr'>περιτομὴ</span> <span class='ocrx_word' id='word_1_410' title='bbox 1141 3789 1370 3860; x_wconf 80' lang='grc' dir='ltr'>καρδίας</span> <span class='ocrx_word' id='word_1_411' title='bbox 1422 3792 1481 3845; x_wconf 83' lang='grc' dir='ltr'><strong>ἐν</strong></span> <span class='ocrx_word' id='word_1_412' title='bbox 1531 3790 1827 3861; x_wconf 81' lang='grc' dir='ltr'>πνεύματι,</span> <span class='ocrx_word' id='word_1_413' title='bbox 1873 3792 1934 3845; x_wconf 77' lang='grc' dir='ltr'>οὐ</span> 
     </span>
    </p>
   </div>
   <div class='ocr_carea' id='block_1_56' title="bbox 331 3882 1937 3957">
    <p class='ocr_par' dir='ltr' id='par_1_56' title="bbox 331 3882 1937 3957">
     <span class='ocr_line' id='line_1_56' title="bbox 331 3882 1937 3957; baseline 0.003 -23"><span class='ocrx_word' id='word_1_414' title='bbox 331 3883 643 3957; x_wconf 71' lang='grc' dir='ltr'>γράμματι.</span> <span class='ocrx_word' id='word_1_415' title='bbox 690 3902 710 3937; x_wconf 75' lang='grc' dir='ltr'><strong>ι</strong></span> <span class='ocrx_word' id='word_1_416' title='bbox 750 3885 914 3956; x_wconf 78' lang='grc' dir='ltr'>Ὁρᾷς</span> <span class='ocrx_word' id='word_1_417' title='bbox 941 3885 1092 3948; x_wconf 80' lang='grc' dir='ltr'>ὅπως</span> <span class='ocrx_word' id='word_1_418' title='bbox 1119 3886 1169 3937; x_wconf 79' lang='lat' dir='ltr'><strong>oi</strong></span> <span class='ocrx_word' id='word_1_419' title='bbox 1197 3883 1354 3950; x_wconf 81' lang='grc' dir='ltr'>δόξαν</span> <span class='ocrx_word' id='word_1_420' title='bbox 1383 3882 1601 3955; x_wconf 76' lang='grc' dir='ltr'>ἔχοντες</span> <span class='ocrx_word' id='word_1_421' title='bbox 1630 3883 1937 3952; x_wconf 78' lang='grc' dir='ltr'>ἀλλογενῶν</span> 
     </span>
    </p>
   </div>
   <div class='ocr_carea' id='block_1_57' title="bbox 335 3975 1935 4051">
    <p class='ocr_par' dir='ltr' id='par_1_57' title="bbox 335 3975 1935 4051">
     <span class='ocr_line' id='line_1_57' title="bbox 335 3975 1935 4051; baseline 0.001 -23"><span class='ocrx_word' id='word_1_422' title='bbox 335 3977 869 4051; x_wconf 76' lang='grc' dir='ltr'>συνεσχηματίζοντο</span> <span class='ocrx_word' id='word_1_423' title='bbox 913 3979 1026 4042; x_wconf 86' lang='grc' dir='ltr'>τοῖς</span> <span class='ocrx_word' id='word_1_424' title='bbox 1056 3976 1351 4039; x_wconf 77' lang='grc' dir='ltr'>Ἰουδαίοις,</span> <span class='ocrx_word' id='word_1_425' title='bbox 1398 3975 1497 4048; x_wconf 75' lang='grc' dir='ltr'>τὴν</span> <span class='ocrx_word' id='word_1_426' title='bbox 1549 3979 1608 4030; x_wconf 83' lang='grc' dir='ltr'><strong>ἐν</strong></span> <span class='ocrx_word' id='word_1_427' title='bbox 1663 3977 1935 4048; x_wconf 84' lang='grc' dir='ltr'>πνεύματι</span> 
     </span>
    </p>
   </div>
   <div class='ocr_carea' id='block_1_58' title="bbox 335 4069 1937 4143">
    <p class='ocr_par' dir='ltr' id='par_1_58' title="bbox 335 4069 1937 4143">
     <span class='ocr_line' id='line_1_58' title="bbox 335 4069 1937 4143; baseline -0.013 -21"><span class='ocrx_word' id='word_1_428' title='bbox 335 4070 658 4142; x_wconf 77' lang='grc' dir='ltr'>περιτομὴν,</span> <span class='ocrx_word' id='word_1_429' title='bbox 691 4071 788 4124; x_wconf 69' lang='grc' dir='ltr'>καιι</span> <span class='ocrx_word' id='word_1_430' title='bbox 815 4070 906 4124; x_wconf 80' lang='grc' dir='ltr'>τὸν</span> <span class='ocrx_word' id='word_1_431' title='bbox 942 4072 998 4124; x_wconf 79' lang='grc' dir='ltr'><strong>ἐν</strong></span> <span class='ocrx_word' id='word_1_432' title='bbox 1028 4070 1104 4141; x_wconf 89' lang='grc' dir='ltr'><strong>τῷ</strong></span> <span class='ocrx_word' id='word_1_433' title='bbox 1134 4069 1364 4142; x_wconf 83' lang='grc' dir='ltr'>κρυπτῷ</span> <span class='ocrx_word' id='word_1_434' title='bbox 1391 4071 1782 4143; x_wconf 78' lang='grc' dir='ltr'>περιφέροντες</span> <span class='ocrx_word' id='word_1_435' title='bbox 1804 4071 1937 4124; x_wconf 70' lang='grc' dir='ltr'><strong>νιου,</strong></span> 
     </span>
    </p>
   </div>
   <div class='ocr_carea' id='block_1_59' title="bbox 334 4161 1940 4235">
    <p class='ocr_par' dir='ltr' id='par_1_59' title="bbox 334 4161 1940 4235">
     <span class='ocr_line' id='line_1_59' title="bbox 334 4161 1940 4235; baseline 0.001 -22"><span class='ocrx_word' id='word_1_436' title='bbox 334 4161 491 4217; x_wconf 74' lang='grc' dir='ltr'>διῖον.</span> <span class='ocrx_word' id='word_1_437' title='bbox 531 4161 701 4217; x_wconf 68' lang='grc' dir='ltr'>Ἀλλὰ</span> <span class='ocrx_word' id='word_1_438' title='bbox 732 4163 823 4216; x_wconf 72' lang='grc' dir='ltr'>καὶ</span> <span class='ocrx_word' id='word_1_439' title='bbox 844 4162 1018 4226; x_wconf 75' lang='grc' dir='ltr'>οὕτως</span> <span class='ocrx_word' id='word_1_440' title='bbox 1041 4163 1374 4217; x_wconf 84' lang='grc' dir='ltr'>ἀπεκτόνασι</span> <span class='ocrx_word' id='word_1_441' title='bbox 1387 4162 1777 4235; x_wconf 76' lang='grc' dir='ltr'>προανελόντες</span> <span class='ocrx_word' id='word_1_442' title='bbox 1809 4171 1940 4235; x_wconf 67' lang='grc' dir='ltr'>προέ</span> 
     </span>
    </p>
   </div>
   <div class='ocr_carea' id='block_1_60' title="bbox 338 4253 1939 4327">
    <p class='ocr_par' dir='ltr' id='par_1_60' title="bbox 338 4253 1939 4327">
     <span class='ocr_line' id='line_1_60' title="bbox 338 4253 1939 4327; baseline -0.001 -18"><span class='ocrx_word' id='word_1_443' title='bbox 338 4253 528 4326; x_wconf 72' lang='grc' dir='ltr'>φῆτας,</span> <span class='ocrx_word' id='word_1_444' title='bbox 563 4255 665 4309; x_wconf 78' lang='grc' dir='ltr'>καὶ</span> <span class='ocrx_word' id='word_1_445' title='bbox 700 4254 963 4309; x_wconf 75' lang='grc' dir='ltr'>αὑτὸνδὲ</span> <span class='ocrx_word' id='word_1_446' title='bbox 1002 4255 1094 4309; x_wconf 78' lang='grc' dir='ltr'>τὸν</span> <span class='ocrx_word' id='word_1_447' title='bbox 1143 4254 1522 4327; x_wconf 83' lang='grc' dir='ltr'>Ἐμμανουήλ.</span> <span class='ocrx_word' id='word_1_448' title='bbox 1573 4253 1939 4308; x_wconf 83' lang='grc' dir='ltr'>Συνετέλεσαν</span> 
     </span>
    </p>
   </div>
   <div class='ocr_carea' id='block_1_61' title="bbox 337 4343 1939 4416">
    <p class='ocr_par' dir='ltr' id='par_1_61' title="bbox 337 4343 1939 4416">
     <span class='ocr_line' id='line_1_61' title="bbox 337 4343 1939 4416; baseline 0.001 -21"><span class='ocrx_word' id='word_1_449' title='bbox 337 4344 526 4413; x_wconf 74' lang='grc' dir='ltr'>τοίνυν,</span> <span class='ocrx_word' id='word_1_450' title='bbox 561 4345 760 4416; x_wconf 77' lang='grc' dir='ltr'>φησὶν,</span> <span class='ocrx_word' id='word_1_451' title='bbox 820 4344 1038 4399; x_wconf 81' lang='grc' dir='ltr'>ἀδικίαν</span> <span class='ocrx_word' id='word_1_452' title='bbox 1077 4343 1301 4413; x_wconf 87' lang='grc' dir='ltr'>Συμεὼν</span> <span class='ocrx_word' id='word_1_453' title='bbox 1337 4345 1433 4399; x_wconf 74' lang='grc' dir='ltr'>καὶ</span> <span class='ocrx_word' id='word_1_454' title='bbox 1484 4343 1641 4408; x_wconf 78' lang='grc' dir='ltr'>Λευὶ,</span> <span class='ocrx_word' id='word_1_455' title='bbox 1678 4343 1738 4410; x_wconf 80' lang='grc' dir='ltr'>ἐξ</span> <span class='ocrx_word' id='word_1_456' title='bbox 1788 4343 1939 4415; x_wconf 77' lang='grc' dir='ltr'>αίρέο</span> 
     </span>
    </p>
   </div>
   <div class='ocr_carea' id='block_1_62' title="bbox 340 4436 1940 4510">
    <p class='ocr_par' dir='ltr' id='par_1_62' title="bbox 340 4436 1940 4510">
     <span class='ocr_line' id='line_1_62' title="bbox 340 4436 1940 4510; baseline 0 -21"><span class='ocrx_word' id='word_1_457' title='bbox 340 4452 468 4502; x_wconf 85' lang='grc' dir='ltr'>σεως</span> <span class='ocrx_word' id='word_1_458' title='bbox 522 4437 733 4493; x_wconf 73' lang='grc' dir='ltr'>αὐτῶνσ</span> <span class='ocrx_word' id='word_1_459' title='bbox 793 4438 1272 4509; x_wconf 73' lang='grc' dir='ltr'>συμπεφωνήκασι</span> <span class='ocrx_word' id='word_1_460' title='bbox 1320 4436 1430 4510; x_wconf 80' lang='grc' dir='ltr'>γὰρ</span> <span class='ocrx_word' id='word_1_461' title='bbox 1479 4438 1575 4491; x_wconf 65' lang='grc' dir='ltr'><strong>καῖ⁹</strong></span> <span class='ocrx_word' id='word_1_462' title='bbox 1632 4436 1940 4509; x_wconf 75' lang='grc' dir='ltr'>συνέδησαν</span> 
     </span>
    </p>
   </div>
   <div class='ocr_carea' id='block_1_63' title="bbox 340 4526 1940 4603">
    <p class='ocr_par' dir='ltr' id='par_1_63' title="bbox 340 4526 1940 4603">
     <span class='ocr_line' id='line_1_63' title="bbox 340 4526 1940 4603; baseline 0 -22"><span class='ocrx_word' id='word_1_463' title='bbox 340 4527 580 4602; x_wconf 73' lang='grc' dir='ltr'>αλλήλοις</span> <span class='ocrx_word' id='word_1_464' title='bbox 611 4531 693 4595; x_wconf 76' lang='grc' dir='ltr'><strong>είς</strong></span> <span class='ocrx_word' id='word_1_465' title='bbox 706 4532 807 4603; x_wconf 78' lang='grc' dir='ltr'>τὴν</span> <span class='ocrx_word' id='word_1_466' title='bbox 837 4528 980 4582; x_wconf 84' lang='grc' dir='ltr'>κατὰ</span> <span class='ocrx_word' id='word_1_467' title='bbox 1000 4528 1110 4583; x_wconf 83' lang='grc' dir='ltr'><strong>τῶν</strong></span> <span class='ocrx_word' id='word_1_468' title='bbox 1136 4529 1308 4599; x_wconf 78' lang='grc' dir='ltr'>ἁγίων</span> <span class='ocrx_word' id='word_1_469' title='bbox 1335 4528 1551 4583; x_wconf 78' lang='grc' dir='ltr'>ἀδικίαν</span> <span class='ocrx_word' id='word_1_470' title='bbox 1570 4528 1598 4583; x_wconf 85' lang='grc' dir='ltr'><strong>ὅ</strong></span> <span class='ocrx_word' id='word_1_471' title='bbox 1621 4546 1680 4581; x_wconf 86' lang='grc' dir='ltr'><strong>τε</strong></span> <span class='ocrx_word' id='word_1_472' title='bbox 1712 4526 1940 4599; x_wconf 86' lang='grc' dir='ltr'>Συμεὼν</span> 
     </span>
    </p>
   </div>
   <div class='ocr_carea' id='block_1_64' title="bbox 2028 2044 3630 2117">
    <p class='ocr_par' dir='ltr' id='par_1_64' title="bbox 2028 2044 3630 2117">
     <span class='ocr_line' id='line_1_64' title="bbox 2028 2044 3630 2117; baseline -0.004 -15"><span class='ocrx_word' id='word_1_473' title='bbox 2028 2049 2238 2102; x_wconf 85' lang='lat' dir='ltr'><strong>semine</strong></span> <span class='ocrx_word' id='word_1_474' title='bbox 2282 2046 2351 2102; x_wconf 84' lang='lat' dir='ltr'><strong>ab</strong></span> <span class='ocrx_word' id='word_1_475' title='bbox 2395 2047 2531 2117; x_wconf 87' lang='lat' dir='ltr'><strong>ipsis</strong></span> <span class='ocrx_word' id='word_1_476' title='bbox 2578 2053 2832 2116; x_wconf 87' lang='lat' dir='ltr'><strong>recepto;</strong></span> <span class='ocrx_word' id='word_1_477' title='bbox 2871 2045 2968 2100; x_wconf 87' lang='lat' dir='ltr'><strong>sed</strong></span> <span class='ocrx_word' id='word_1_478' title='bbox 3009 2045 3083 2100; x_wconf 89' lang='lat' dir='ltr'><strong>ob</strong></span> <span class='ocrx_word' id='word_1_479' title='bbox 3121 2045 3228 2099; x_wconf 86' lang='lat' dir='ltr'><strong>hoc</strong></span> <span class='ocrx_word' id='word_1_480' title='bbox 3268 2044 3630 2099; x_wconf 79' lang='lat' dir='ltr'><strong>vehementer</strong></span> 
     </span>
    </p>
   </div>
   <div class='ocr_carea' id='block_1_65' title="bbox 2027 2136 3625 2210">
    <p class='ocr_par' dir='ltr' id='par_1_65' title="bbox 2027 2136 3625 2210">
     <span class='ocr_line' id='line_1_65' title="bbox 2027 2136 3625 2210; baseline -0.006 -13"><span class='ocrx_word' id='word_1_481' title='bbox 2027 2142 2508 2197; x_wconf 77' lang='lat' dir='ltr'><strong>exeandescebant</strong></span> <span class='ocrx_word' id='word_1_482' title='bbox 2542 2139 2767 2210; x_wconf 88' lang='lat' dir='ltr'><strong>quidam</strong></span> <span class='ocrx_word' id='word_1_483' title='bbox 2798 2154 2867 2194; x_wconf 78' lang='lat' dir='ltr'><strong>ex</strong></span> <span class='ocrx_word' id='word_1_484' title='bbox 2899 2138 3026 2193; x_wconf 84' lang='lat' dir='ltr'><strong>ﬁliis</strong></span> <span class='ocrx_word' id='word_1_485' title='bbox 3053 2138 3244 2199; x_wconf 81' lang='lat' dir='ltr'><strong>Jacob,</strong></span> <span class='ocrx_word' id='word_1_486' title='bbox 3272 2136 3499 2191; x_wconf 74' lang='lat' dir='ltr'><strong>Simeon</strong></span> <span class='ocrx_word' id='word_1_487' title='bbox 3537 2136 3625 2189; x_wconf 90' lang='lat' dir='ltr'><strong>ni-</strong></span> 
     </span>
    </p>
   </div>
   <div class='ocr_carea' id='block_1_66' title="bbox 2029 2226 3624 2299">
    <p class='ocr_par' dir='ltr' id='par_1_66' title="bbox 2029 2226 3624 2299">
     <span class='ocr_line' id='line_1_66' title="bbox 2029 2226 3624 2299; baseline -0.004 -14"><span class='ocrx_word' id='word_1_488' title='bbox 2029 2233 2233 2286; x_wconf 86' lang='lat' dir='ltr'><strong>mirum</strong></span> <span class='ocrx_word' id='word_1_489' title='bbox 2266 2241 2324 2287; x_wconf 88' lang='lat' dir='ltr'><strong>et</strong></span> <span class='ocrx_word' id='word_1_490' title='bbox 2355 2231 2511 2296; x_wconf 83' lang='lat' dir='ltr'><strong>Levi,</strong></span> <span class='ocrx_word' id='word_1_491' title='bbox 2541 2230 2648 2285; x_wconf 90' lang='lat' dir='ltr'><strong>hoc</strong></span> <span class='ocrx_word' id='word_1_492' title='bbox 2675 2237 2781 2294; x_wconf 90' lang='lat' dir='ltr'><strong>est,</strong></span> <span class='ocrx_word' id='word_1_493' title='bbox 2811 2227 2907 2299; x_wconf 88' lang='lat' dir='ltr'><strong>qui</strong></span> <span class='ocrx_word' id='word_1_494' title='bbox 2951 2229 3058 2299; x_wconf 86' lang='lat' dir='ltr'><strong>legi</strong></span> <span class='ocrx_word' id='word_1_495' title='bbox 3103 2226 3312 2283; x_wconf 83' lang='lat' dir='ltr'><strong>subditi</strong></span> <span class='ocrx_word' id='word_1_496' title='bbox 3355 2233 3537 2289; x_wconf 87' lang='lat' dir='ltr'><strong>erant,</strong></span> <span class='ocrx_word' id='word_1_497' title='bbox 3572 2233 3624 2279; x_wconf 89' lang='lat' dir='ltr'><strong>et</strong></span> 
     </span>
    </p>
   </div>
   <div class='ocr_carea' id='block_1_67' title="bbox 2028 2316 3626 2391">
    <p class='ocr_par' dir='ltr' id='par_1_67' title="bbox 2028 2316 3626 2391">
     <span class='ocr_line' id='line_1_67' title="bbox 2028 2316 3626 2391; baseline -0.004 -15"><span class='ocrx_word' id='word_1_498' title='bbox 2028 2339 2152 2377; x_wconf 83' lang='lat' dir='ltr'><strong>cum</strong></span> <span class='ocrx_word' id='word_1_499' title='bbox 2188 2322 2274 2376; x_wconf 87' lang='lat' dir='ltr'><strong>his</strong></span> <span class='ocrx_word' id='word_1_500' title='bbox 2305 2337 2524 2376; x_wconf 84' lang='lat' dir='ltr'><strong>sacrum</strong></span> <span class='ocrx_word' id='word_1_501' title='bbox 2555 2328 2721 2391; x_wconf 84' lang='lat' dir='ltr'><strong>atque</strong></span> <span class='ocrx_word' id='word_1_502' title='bbox 2751 2320 2991 2375; x_wconf 88' lang='lat' dir='ltr'><strong>electum</strong></span> <span class='ocrx_word' id='word_1_503' title='bbox 3016 2334 3210 2390; x_wconf 88' lang='lat' dir='ltr'><strong>genus.</strong></span> <span class='ocrx_word' id='word_1_504' title='bbox 3238 2318 3373 2373; x_wconf 86' lang='lat' dir='ltr'><strong>Nam</strong></span> <span class='ocrx_word' id='word_1_505' title='bbox 3401 2316 3626 2372; x_wconf 86' lang='lat' dir='ltr'><strong>Simeon</strong></span> 
     </span>
    </p>
   </div>
   <div class='ocr_carea' id='block_1_68' title="bbox 2027 2411 3633 2485">
    <p class='ocr_par' dir='ltr' id='par_1_68' title="bbox 2027 2411 3633 2485">
     <span class='ocr_line' id='line_1_68' title="bbox 2027 2411 3633 2485; baseline -0.006 -15"><span class='ocrx_word' id='word_1_506' title='bbox 2027 2413 2307 2485; x_wconf 80' lang='lat' dir='ltr'><strong>signiﬁcat</strong></span> <span class='ocrx_word' id='word_1_507' title='bbox 2364 2413 2753 2477; x_wconf 82' lang='lat' dir='ltr'><strong>obedientiam;</strong></span> <span class='ocrx_word' id='word_1_508' title='bbox 2808 2411 2941 2467; x_wconf 88' lang='lat' dir='ltr'><strong>Levi</strong></span> <span class='ocrx_word' id='word_1_509' title='bbox 3002 2417 3188 2467; x_wconf 85' lang='lat' dir='ltr'><strong>autem</strong></span> <span class='ocrx_word' id='word_1_510' title='bbox 3245 2416 3488 2480; x_wconf 76' lang='lat' dir='ltr'><strong>acceptus</strong></span> <span class='ocrx_word' id='word_1_511' title='bbox 3535 2416 3633 2462; x_wconf 87' lang='lat' dir='ltr'><strong>aut</strong></span> 
     </span>
    </p>
   </div>
   <div class='ocr_carea' id='block_1_69' title="bbox 2028 2499 3630 2573">
    <p class='ocr_par' dir='ltr' id='par_1_69' title="bbox 2028 2499 3630 2573">
     <span class='ocr_line' id='line_1_69' title="bbox 2028 2499 3630 2573; baseline -0.004 -15"><span class='ocrx_word' id='word_1_512' title='bbox 2028 2505 2248 2565; x_wconf 71' lang='lat' dir='ltr'><strong>electus.</strong></span> <span class='ocrx_word' id='word_1_513' title='bbox 2276 2503 2431 2571; x_wconf 87' lang='lat' dir='ltr'><strong>Quod</strong></span> <span class='ocrx_word' id='word_1_514' title='bbox 2457 2512 2641 2559; x_wconf 88' lang='lat' dir='ltr'><strong>autem</strong></span> <span class='ocrx_word' id='word_1_515' title='bbox 2667 2504 2876 2559; x_wconf 85' lang='lat' dir='ltr'><strong>sanctis</strong></span> <span class='ocrx_word' id='word_1_516' title='bbox 2900 2501 3166 2573; x_wconf 75' lang='lat' dir='ltr'><strong>apostolis</strong></span> <span class='ocrx_word' id='word_1_517' title='bbox 3189 2500 3432 2572; x_wconf 83' lang='lat' dir='ltr'><strong>graviter</strong></span> <span class='ocrx_word' id='word_1_518' title='bbox 3453 2499 3630 2554; x_wconf 84' lang='lat' dir='ltr'><strong>insul—</strong></span> 
     </span>
    </p>
   </div>
   <div class='ocr_carea' id='block_1_70' title="bbox 2030 2591 3635 2667">
    <p class='ocr_par' dir='ltr' id='par_1_70' title="bbox 2030 2591 3635 2667">
     <span class='ocr_line' id='line_1_70' title="bbox 2030 2591 3635 2667; baseline -0.007 -13"><span class='ocrx_word' id='word_1_519' title='bbox 2030 2598 2200 2654; x_wconf 86' lang='lat' dir='ltr'><strong>tarint</strong></span> <span class='ocrx_word' id='word_1_520' title='bbox 2241 2597 2279 2652; x_wconf 90' lang='lat' dir='ltr'><strong>ii</strong></span> <span class='ocrx_word' id='word_1_521' title='bbox 2336 2596 2433 2667; x_wconf 88' lang='lat' dir='ltr'><strong>qui</strong></span> <span class='ocrx_word' id='word_1_522' title='bbox 2488 2594 2786 2651; x_wconf 88' lang='lat' dir='ltr'><strong>sacerdotii</strong></span> <span class='ocrx_word' id='word_1_523' title='bbox 2857 2594 3185 2665; x_wconf 84' lang='lat' dir='ltr'><strong>dignitatem</strong></span> <span class='ocrx_word' id='word_1_524' title='bbox 3235 2591 3419 2661; x_wconf 85' lang='lat' dir='ltr'><strong>adepti</strong></span> <span class='ocrx_word' id='word_1_525' title='bbox 3470 2595 3635 2646; x_wconf 88' lang='lat' dir='ltr'><strong>erant</strong></span> 
     </span>
    </p>
   </div>
   <div class='ocr_carea' id='block_1_71' title="bbox 2032 2682 3632 2759">
    <p class='ocr_par' dir='ltr' id='par_1_71' title="bbox 2032 2682 3632 2759">
     <span class='ocr_line' id='line_1_71' title="bbox 2032 2682 3632 2759; baseline -0.004 -16"><span class='ocrx_word' id='word_1_526' title='bbox 2032 2688 2273 2759; x_wconf 81' lang='lat' dir='ltr'><strong>(pOpulis</strong></span> <span class='ocrx_word' id='word_1_527' title='bbox 2302 2704 2406 2743; x_wconf 89' lang='lat' dir='ltr'><strong>una</strong></span> <span class='ocrx_word' id='word_1_528' title='bbox 2438 2703 2566 2744; x_wconf 90' lang='lat' dir='ltr'><strong>cum</strong></span> <span class='ocrx_word' id='word_1_529' title='bbox 2592 2686 2728 2758; x_wconf 85' lang='lat' dir='ltr'><strong>ipsis</strong></span> <span class='ocrx_word' id='word_1_530' title='bbox 2759 2683 3259 2756; x_wconf 85' lang='lat' dir='ltr'><strong>conspirantibus),</strong></span> <span class='ocrx_word' id='word_1_531' title='bbox 3279 2682 3487 2739; x_wconf 87' lang='lat' dir='ltr'><strong>nemini</strong></span> <span class='ocrx_word' id='word_1_532' title='bbox 3524 2682 3632 2736; x_wconf 86' lang='lat' dir='ltr'><strong>du-</strong></span> 
     </span>
    </p>
   </div>
   <div class='ocr_carea' id='block_1_72' title="bbox 2030 2774 3636 2851">
    <p class='ocr_par' dir='ltr' id='par_1_72' title="bbox 2030 2774 3636 2851">
     <span class='ocr_line' id='line_1_72' title="bbox 2030 2774 3636 2851; baseline -0.005 -16"><span class='ocrx_word' id='word_1_533' title='bbox 2030 2780 2183 2835; x_wconf 88' lang='lat' dir='ltr'><strong>bium</strong></span> <span class='ocrx_word' id='word_1_534' title='bbox 2210 2795 2333 2835; x_wconf 86' lang='lat' dir='ltr'><strong>esse</strong></span> <span class='ocrx_word' id='word_1_535' title='bbox 2367 2788 2572 2851; x_wconf 86' lang='lat' dir='ltr'><strong>potest.</strong></span> <span class='ocrx_word' id='word_1_536' title='bbox 2610 2777 2935 2833; x_wconf 86' lang='lat' dir='ltr'><strong>Stridebant</strong></span> <span class='ocrx_word' id='word_1_537' title='bbox 2967 2778 3117 2831; x_wconf 89' lang='lat' dir='ltr'><strong>enim</strong></span> <span class='ocrx_word' id='word_1_538' title='bbox 3151 2774 3415 2831; x_wconf 88' lang='lat' dir='ltr'><strong>dentibus</strong></span> <span class='ocrx_word' id='word_1_539' title='bbox 3437 2774 3636 2829; x_wconf 49' lang='lat' dir='ltr'><strong>advcrc</strong></span> 
     </span>
    </p>
   </div>
   <div class='ocr_carea' id='block_1_73' title="bbox 2030 2867 3633 2942">
    <p class='ocr_par' dir='ltr' id='par_1_73' title="bbox 2030 2867 3633 2942">
     <span class='ocr_line' id='line_1_73' title="bbox 2030 2867 3633 2942; baseline -0.005 -15"><span class='ocrx_word' id='word_1_540' title='bbox 2030 2888 2127 2927; x_wconf 89' lang='lat' dir='ltr'><strong>sus</strong></span> <span class='ocrx_word' id='word_1_541' title='bbox 2170 2887 2236 2926; x_wconf 86' lang='lat' dir='ltr'><strong>ea</strong></span> <span class='ocrx_word' id='word_1_542' title='bbox 2283 2888 2406 2942; x_wconf 69' lang='lat' dir='ltr'><strong>qua:</strong></span> <span class='ocrx_word' id='word_1_543' title='bbox 2451 2870 2730 2926; x_wconf 81' lang='lat' dir='ltr'><strong>faciebant</strong></span> <span class='ocrx_word' id='word_1_544' title='bbox 2787 2870 3045 2940; x_wconf 84' lang='lat' dir='ltr'><strong>apostoli,</strong></span> <span class='ocrx_word' id='word_1_545' title='bbox 3081 2876 3347 2923; x_wconf 81' lang='lat' dir='ltr'><strong>vocantes</strong></span> <span class='ocrx_word' id='word_1_546' title='bbox 3384 2867 3633 2939; x_wconf 83' lang='lat' dir='ltr'><strong>ipsorum</strong></span> 
     </span>
    </p>
   </div>
   <div class='ocr_carea' id='block_1_74' title="bbox 2030 2956 3635 3039">
    <p class='ocr_par' dir='ltr' id='par_1_74' title="bbox 2030 2956 3635 3039">
     <span class='ocr_line' id='line_1_74' title="bbox 2030 2956 3635 3039; baseline -0.006 -19"><span class='ocrx_word' id='word_1_547' title='bbox 2030 2965 2451 3039; x_wconf 63' lang='lat' dir='ltr'><strong>conversionem</strong></span> <span class='ocrx_word' id='word_1_548' title='bbox 2479 2962 2917 3033; x_wconf 88' lang='lat' dir='ltr'><strong>corruptionem,</strong></span> <span class='ocrx_word' id='word_1_549' title='bbox 2942 2975 3007 3016; x_wconf 89' lang='lat' dir='ltr'><strong>ac</strong></span> <span class='ocrx_word' id='word_1_550' title='bbox 3033 2972 3291 3030; x_wconf 85' lang='lat' dir='ltr'><strong>tanquam</strong></span> <span class='ocrx_word' id='word_1_551' title='bbox 3326 2973 3494 3030; x_wconf 84' lang='lat' dir='ltr'><strong>grave</strong></span> <span class='ocrx_word' id='word_1_552' title='bbox 3529 2956 3635 3012; x_wconf 81' lang='lat' dir='ltr'><strong>aii-</strong></span> 
     </span>
    </p>
   </div>
   <div class='ocr_carea' id='block_1_75' title="bbox 2031 3047 3637 3127">
    <p class='ocr_par' dir='ltr' id='par_1_75' title="bbox 2031 3047 3637 3127">
     <span class='ocr_line' id='line_1_75' title="bbox 2031 3047 3637 3127; baseline -0.006 -16"><span class='ocrx_word' id='word_1_553' title='bbox 2031 3055 2181 3127; x_wconf 89' lang='lat' dir='ltr'><strong>quod</strong></span> <span class='ocrx_word' id='word_1_554' title='bbox 2213 3055 2478 3127; x_wconf 82' lang='lat' dir='ltr'><strong>ﬂagitium</strong></span> <span class='ocrx_word' id='word_1_555' title='bbox 2514 3062 2878 3109; x_wconf 87' lang='lat' dir='ltr'><strong>accusantes:</strong></span> <span class='ocrx_word' id='word_1_556' title='bbox 2913 3071 2931 3104; x_wconf 78' lang='grc' dir='ltr'><strong>ι</strong></span> <span class='ocrx_word' id='word_1_557' title='bbox 2962 3052 3106 3107; x_wconf 89' lang='lat' dir='ltr'><strong>Ecce</strong></span> <span class='ocrx_word' id='word_1_558' title='bbox 3131 3049 3281 3106; x_wconf 88' lang='lat' dir='ltr'><strong>enim</strong></span> <span class='ocrx_word' id='word_1_559' title='bbox 3307 3047 3637 3120; x_wconf 83' lang='lat' dir='ltr'><strong>implevistis</strong></span> 
     </span>
    </p>
   </div>
   <div class='ocr_carea' id='block_1_76' title="bbox 2030 3141 3634 3214">
    <p class='ocr_par' dir='ltr' id='par_1_76' title="bbox 2030 3141 3634 3214">
     <span class='ocr_line' id='line_1_76' title="bbox 2030 3141 3634 3214; baseline -0.008 -8"><span class='ocrx_word' id='word_1_560' title='bbox 2030 3150 2336 3206; x_wconf 83' lang='lat' dir='ltr'><strong>Jerusalem</strong></span> <span class='ocrx_word' id='word_1_561' title='bbox 2357 3146 2615 3203; x_wconf 89' lang='lat' dir='ltr'><strong>doctrina</strong></span> <span class='ocrx_word' id='word_1_562' title='bbox 2636 3154 2818 3201; x_wconf 87' lang='lat' dir='ltr'><strong>vestra</strong></span> <span class='ocrx_word' id='word_1_563' title='bbox 2837 3145 2879 3211; x_wconf 86' lang='grc'>³,</span> <span class='ocrx_word' id='word_1_564' title='bbox 2914 3165 2931 3197; x_wconf 71' lang='grc' dir='ltr'><strong>ι</strong></span> <span class='ocrx_word' id='word_1_565' title='bbox 2963 3142 3308 3214; x_wconf 89' lang='lat' dir='ltr'><strong>inquiebant.</strong></span> <span class='ocrx_word' id='word_1_566' title='bbox 3336 3141 3634 3210; x_wconf 82' lang='lat' dir='ltr'><strong>Postquam</strong></span> 
     </span>
    </p>
   </div>
   <div class='ocr_carea' id='block_1_77' title="bbox 1983 3232 3638 3314">
    <p class='ocr_par' dir='ltr' id='par_1_77' title="bbox 1983 3232 3638 3314">
     <span class='ocr_line' id='line_1_77' title="bbox 1983 3232 3638 3314; baseline -0.007 -18"><span class='ocrx_word' id='word_1_567' title='bbox 1983 3297 1998 3314; x_wconf 57' lang='grc'><em>,</em></span> <span class='ocrx_word' id='word_1_568' title='bbox 2032 3256 2167 3296; x_wconf 86' lang='lat' dir='ltr'><strong>vero</strong></span> <span class='ocrx_word' id='word_1_569' title='bbox 2205 3239 2617 3311; x_wconf 74' lang='lat' dir='ltr'><strong>exprobrarunt</strong></span> <span class='ocrx_word' id='word_1_570' title='bbox 2647 3238 2749 3303; x_wconf 89' lang='lat' dir='ltr'><strong>eis,</strong></span> <span class='ocrx_word' id='word_1_571' title='bbox 2781 3237 2930 3309; x_wconf 89' lang='lat' dir='ltr'><strong>quod</strong></span> <span class='ocrx_word' id='word_1_572' title='bbox 2966 3252 3078 3291; x_wconf 88' lang='lat' dir='ltr'><strong>non</strong></span> <span class='ocrx_word' id='word_1_573' title='bbox 3115 3233 3353 3304; x_wconf 86' lang='lat' dir='ltr'><strong>amplius</strong></span> <span class='ocrx_word' id='word_1_574' title='bbox 3387 3232 3638 3287; x_wconf 81' lang='lat' dir='ltr'><strong>viverent</strong></span> 
     </span>
    </p>
   </div>
   <div class='ocr_carea' id='block_1_78' title="bbox 2034 3322 3638 3398">
    <p class='ocr_par' dir='ltr' id='par_1_78' title="bbox 2034 3322 3638 3398">
     <span class='ocr_line' id='line_1_78' title="bbox 2034 3322 3638 3398; baseline -0.007 -10"><span class='ocrx_word' id='word_1_575' title='bbox 2034 3331 2285 3398; x_wconf 88' lang='lat' dir='ltr'><strong>Judaice,</strong></span> <span class='ocrx_word' id='word_1_576' title='bbox 2318 3340 2434 3387; x_wconf 91' lang='lat' dir='ltr'><strong>tum</strong></span> <span class='ocrx_word' id='word_1_577' title='bbox 2469 3328 2787 3386; x_wconf 89' lang='lat' dir='ltr'><strong>didicerunt</strong></span> <span class='ocrx_word' id='word_1_578' title='bbox 2824 3329 2931 3385; x_wconf 90' lang='lat' dir='ltr'><strong>coli</strong></span> <span class='ocrx_word' id='word_1_579' title='bbox 2969 3328 3039 3384; x_wconf 90' lang='lat' dir='ltr'><strong>ab</strong></span> <span class='ocrx_word' id='word_1_580' title='bbox 3078 3325 3216 3397; x_wconf 90' lang='lat' dir='ltr'><strong>ipsis</strong></span> <span class='ocrx_word' id='word_1_581' title='bbox 3252 3322 3638 3381; x_wconf 87' lang='lat' dir='ltr'><strong>circumcisio-</strong></span> 
     </span>
    </p>
   </div>
   <div class='ocr_carea' id='block_1_79' title="bbox 2036 3416 3638 3494">
    <p class='ocr_par' dir='ltr' id='par_1_79' title="bbox 2036 3416 3638 3494">
     <span class='ocr_line' id='line_1_79' title="bbox 2036 3416 3638 3494; baseline -0.005 -15"><span class='ocrx_word' id='word_1_582' title='bbox 2036 3440 2184 3489; x_wconf 90' lang='lat' dir='ltr'><strong>nem,</strong></span> <span class='ocrx_word' id='word_1_583' title='bbox 2214 3439 2394 3494; x_wconf 88' lang='lat' dir='ltr'><strong>neque</strong></span> <span class='ocrx_word' id='word_1_584' title='bbox 2417 3422 2721 3493; x_wconf 88' lang='lat' dir='ltr'><strong>quidquam</strong></span> <span class='ocrx_word' id='word_1_585' title='bbox 2747 3421 2976 3476; x_wconf 85' lang='lat' dir='ltr'><strong>omnino</strong></span> <span class='ocrx_word' id='word_1_586' title='bbox 3010 3434 3133 3475; x_wconf 88' lang='lat' dir='ltr'><strong>esse</strong></span> <span class='ocrx_word' id='word_1_587' title='bbox 3168 3416 3314 3489; x_wconf 89' lang='lat' dir='ltr'><strong>quod</strong></span> <span class='ocrx_word' id='word_1_588' title='bbox 3350 3416 3638 3472; x_wconf 87' lang='lat' dir='ltr'><strong>discerne-</strong></span> 
     </span>
    </p>
   </div>
   <div class='ocr_carea' id='block_1_80' title="bbox 2037 3510 3641 3588">
    <p class='ocr_par' dir='ltr' id='par_1_80' title="bbox 2037 3510 3641 3588">
     <span class='ocr_line' id='line_1_80' title="bbox 2037 3510 3641 3588; baseline -0.004 -18"><span class='ocrx_word' id='word_1_589' title='bbox 2037 3524 2122 3573; x_wconf 88' lang='lat' dir='ltr'><strong>ret</strong></span> <span class='ocrx_word' id='word_1_590' title='bbox 2145 3532 2242 3572; x_wconf 90' lang='lat' dir='ltr'><strong>eos</strong></span> <span class='ocrx_word' id='word_1_591' title='bbox 2264 3533 2295 3571; x_wconf 91' lang='lat' dir='ltr'><strong>a</strong></span> <span class='ocrx_word' id='word_1_592' title='bbox 2318 3517 2598 3588; x_wconf 81' lang='lat' dir='ltr'><strong>gentibus,</strong></span> <span class='ocrx_word' id='word_1_593' title='bbox 2624 3515 2898 3586; x_wconf 88' lang='lat' dir='ltr'><strong>siquidem</strong></span> <span class='ocrx_word' id='word_1_594' title='bbox 2923 3514 3131 3569; x_wconf 88' lang='lat' dir='ltr'><strong>vellent</strong></span> <span class='ocrx_word' id='word_1_595' title='bbox 3151 3528 3219 3568; x_wconf 92' lang='lat' dir='ltr'><strong>eo</strong></span> <span class='ocrx_word' id='word_1_596' title='bbox 3238 3527 3350 3582; x_wconf 89' lang='lat' dir='ltr'><strong>quo</strong></span> <span class='ocrx_word' id='word_1_597' title='bbox 3372 3510 3641 3565; x_wconf 83' lang='lat' dir='ltr'><strong>deberent</strong></span> 
     </span>
    </p>
   </div>
   <div class='ocr_carea' id='block_1_81' title="bbox 2037 3603 3640 3680">
    <p class='ocr_par' dir='ltr' id='par_1_81' title="bbox 2037 3603 3640 3680">
     <span class='ocr_line' id='line_1_81' title="bbox 2037 3603 3640 3680; baseline -0.006 -15"><span class='ocrx_word' id='word_1_598' title='bbox 2037 3625 2201 3665; x_wconf 89' lang='lat' dir='ltr'><strong>sensu</strong></span> <span class='ocrx_word' id='word_1_599' title='bbox 2233 3609 2438 3665; x_wconf 86' lang='lat' dir='ltr'><strong>Mosem</strong></span> <span class='ocrx_word' id='word_1_600' title='bbox 2472 3609 2801 3680; x_wconf 80' lang='lat' dir='ltr'><strong>intelligere.</strong></span> <span class='ocrx_word' id='word_1_601' title='bbox 2837 3628 2855 3660; x_wconf 82' lang='grc' dir='ltr'><strong>ι</strong></span> <span class='ocrx_word' id='word_1_602' title='bbox 2885 3607 3078 3678; x_wconf 89' lang='lat' dir='ltr'><strong>Neque</strong></span> <span class='ocrx_word' id='word_1_603' title='bbox 3107 3606 3256 3661; x_wconf 89' lang='lat' dir='ltr'><strong>enim</strong></span> <span class='ocrx_word' id='word_1_604' title='bbox 3284 3603 3379 3675; x_wconf 89' lang='lat' dir='ltr'><strong>qui</strong></span> <span class='ocrx_word' id='word_1_605' title='bbox 3417 3604 3475 3657; x_wconf 91' lang='lat' dir='ltr'><strong>in</strong></span> <span class='ocrx_word' id='word_1_606' title='bbox 3517 3616 3640 3657; x_wconf 89' lang='lat' dir='ltr'><strong>ma-</strong></span> 
     </span>
    </p>
   </div>
   <div class='ocr_carea' id='block_1_82' title="bbox 2036 3693 3641 3771">
    <p class='ocr_par' dir='ltr' id='par_1_82' title="bbox 2036 3693 3641 3771">
     <span class='ocr_line' id='line_1_82' title="bbox 2036 3693 3641 3771; baseline -0.005 -16"><span class='ocrx_word' id='word_1_607' title='bbox 2036 3701 2262 3767; x_wconf 78' lang='lat' dir='ltr'><strong>nifesto,</strong></span> <span class='ocrx_word' id='word_1_608' title='bbox 2289 3700 2488 3771; x_wconf 88' lang='lat' dir='ltr'><strong>inquit,</strong></span> <span class='ocrx_word' id='word_1_609' title='bbox 2517 3701 2742 3759; x_wconf 72' lang='lat' dir='ltr'><strong>Iudaeus</strong></span> <span class='ocrx_word' id='word_1_610' title='bbox 2769 3708 2872 3766; x_wconf 89' lang='lat' dir='ltr'><strong>est,</strong></span> <span class='ocrx_word' id='word_1_611' title='bbox 2897 3714 3079 3769; x_wconf 89' lang='lat' dir='ltr'><strong>neque</strong></span> <span class='ocrx_word' id='word_1_612' title='bbox 3112 3711 3176 3752; x_wconf 89' lang='lat' dir='ltr'><strong>ea</strong></span> <span class='ocrx_word' id='word_1_613' title='bbox 3205 3712 3329 3767; x_wconf 71' lang='lat' dir='ltr'><strong>qua:</strong></span> <span class='ocrx_word' id='word_1_614' title='bbox 3368 3696 3425 3749; x_wconf 89' lang='lat' dir='ltr'><strong>in</strong></span> <span class='ocrx_word' id='word_1_615' title='bbox 3460 3693 3641 3749; x_wconf 88' lang='lat' dir='ltr'><strong>mani-</strong></span> 
     </span>
    </p>
   </div>
   <div class='ocr_carea' id='block_1_83' title="bbox 2039 3787 3641 3861">
    <p class='ocr_par' dir='ltr' id='par_1_83' title="bbox 2039 3787 3641 3861">
     <span class='ocr_line' id='line_1_83' title="bbox 2039 3787 3641 3861; baseline -0.004 -11"><span class='ocrx_word' id='word_1_616' title='bbox 2039 3796 2181 3850; x_wconf 78' lang='lat' dir='ltr'><strong>festo</strong></span> <span class='ocrx_word' id='word_1_617' title='bbox 2210 3794 2264 3850; x_wconf 90' lang='lat' dir='ltr'><strong>in</strong></span> <span class='ocrx_word' id='word_1_618' title='bbox 2297 3811 2464 3851; x_wconf 90' lang='lat' dir='ltr'><strong>carne</strong></span> <span class='ocrx_word' id='word_1_619' title='bbox 2502 3803 2589 3849; x_wconf 84' lang='lat' dir='ltr'><strong>est</strong></span> <span class='ocrx_word' id='word_1_620' title='bbox 2633 3793 3007 3858; x_wconf 82' lang='lat' dir='ltr'><strong>circumcisio,</strong></span> <span class='ocrx_word' id='word_1_621' title='bbox 3039 3792 3136 3847; x_wconf 87' lang='lat' dir='ltr'><strong>sed</strong></span> <span class='ocrx_word' id='word_1_622' title='bbox 3180 3791 3276 3861; x_wconf 88' lang='lat' dir='ltr'><strong>qui</strong></span> <span class='ocrx_word' id='word_1_623' title='bbox 3322 3791 3380 3844; x_wconf 89' lang='lat' dir='ltr'><strong>in</strong></span> <span class='ocrx_word' id='word_1_624' title='bbox 3422 3787 3641 3844; x_wconf 89' lang='lat' dir='ltr'><strong>occulto</strong></span> 
     </span>
    </p>
   </div>
   <div class='ocr_carea' id='block_1_84' title="bbox 2038 3878 3639 3954">
    <p class='ocr_par' dir='ltr' id='par_1_84' title="bbox 2038 3878 3639 3954">
     <span class='ocr_line' id='line_1_84' title="bbox 2038 3878 3639 3954; baseline -0.004 -12"><span class='ocrx_word' id='word_1_625' title='bbox 2038 3894 2123 3942; x_wconf 87' lang='lat' dir='ltr'><strong>est</strong></span> <span class='ocrx_word' id='word_1_626' title='bbox 2146 3885 2393 3949; x_wconf 71' lang='lat' dir='ltr'><strong>Judaeus,</strong></span> <span class='ocrx_word' id='word_1_627' title='bbox 2424 3892 2479 3940; x_wconf 90' lang='lat' dir='ltr'><strong>et</strong></span> <span class='ocrx_word' id='word_1_628' title='bbox 2510 3885 2865 3941; x_wconf 89' lang='lat' dir='ltr'><strong>circumcisio</strong></span> <span class='ocrx_word' id='word_1_629' title='bbox 2901 3884 3069 3954; x_wconf 74' lang='lat'><strong>218</strong></span> <span class='ocrx_word' id='word_1_630' title='bbox 3102 3882 3291 3939; x_wconf 89' lang='lat' dir='ltr'><strong>cordis</strong></span> <span class='ocrx_word' id='word_1_631' title='bbox 3328 3880 3382 3936; x_wconf 88' lang='lat' dir='ltr'><strong>in</strong></span> <span class='ocrx_word' id='word_1_632' title='bbox 3414 3878 3639 3950; x_wconf 83' lang='lat' dir='ltr'><strong>spiritu,</strong></span> 
     </span>
    </p>
   </div>
   <div class='ocr_carea' id='block_1_85' title="bbox 2039 3970 3642 4046">
    <p class='ocr_par' dir='ltr' id='par_1_85' title="bbox 2039 3970 3642 4046">
     <span class='ocr_line' id='line_1_85' title="bbox 2039 3970 3642 4046; baseline -0.006 -12"><span class='ocrx_word' id='word_1_633' title='bbox 2039 3994 2151 4034; x_wconf 90' lang='lat' dir='ltr'><strong>non</strong></span> <span class='ocrx_word' id='word_1_634' title='bbox 2193 3978 2248 4033; x_wconf 91' lang='lat' dir='ltr'><strong>in</strong></span> <span class='ocrx_word' id='word_1_635' title='bbox 2291 3977 2478 4033; x_wconf 84' lang='lat' dir='ltr'><strong>littera</strong></span> <span class='ocrx_word' id='word_1_636' title='bbox 2510 3977 2549 4031; x_wconf 69' lang='lat'><strong>‘.</strong></span> <span class='ocrx_word' id='word_1_637' title='bbox 2580 3996 2598 4029; x_wconf 77' lang='grc' dir='ltr'><strong>ι</strong></span> <span class='ocrx_word' id='word_1_638' title='bbox 2632 3976 2798 4032; x_wconf 80' lang='lat' dir='ltr'><strong>Vides</strong></span> <span class='ocrx_word' id='word_1_639' title='bbox 2829 3973 3110 4046; x_wconf 90' lang='lat' dir='ltr'><strong>quomodo</strong></span> <span class='ocrx_word' id='word_1_640' title='bbox 3166 3972 3244 4027; x_wconf 89' lang='lat' dir='ltr'><strong>illi</strong></span> <span class='ocrx_word' id='word_1_641' title='bbox 3285 3971 3383 4042; x_wconf 89' lang='lat' dir='ltr'><strong>qui</strong></span> <span class='ocrx_word' id='word_1_642' title='bbox 3419 3970 3642 4041; x_wconf 81' lang='lat' dir='ltr'><strong>opinio-</strong></span> 
     </span>
    </p>
   </div>
   <div class='ocr_carea' id='block_1_86' title="bbox 2034 4062 3640 4140">
    <p class='ocr_par' dir='ltr' id='par_1_86' title="bbox 2034 4062 3640 4140">
     <span class='ocr_line' id='line_1_86' title="bbox 2034 4062 3640 4140; baseline -0.004 -15"><span class='ocrx_word' id='word_1_643' title='bbox 2034 4087 2167 4126; x_wconf 89' lang='lat' dir='ltr'><strong>nem</strong></span> <span class='ocrx_word' id='word_1_644' title='bbox 2214 4070 2493 4127; x_wconf 83' lang='lat' dir='ltr'><strong>habebant</strong></span> <span class='ocrx_word' id='word_1_645' title='bbox 2539 4068 2996 4140; x_wconf 85' lang='lat' dir='ltr'><strong>alienigenarum,</strong></span> <span class='ocrx_word' id='word_1_646' title='bbox 3030 4064 3358 4123; x_wconf 81' lang='lat' dir='ltr'><strong>conformati</strong></span> <span class='ocrx_word' id='word_1_647' title='bbox 3397 4063 3508 4119; x_wconf 89' lang='lat' dir='ltr'><strong>sint</strong></span> <span class='ocrx_word' id='word_1_648' title='bbox 3540 4062 3640 4119; x_wconf 81' lang='lat' dir='ltr'><strong>Ju—</strong></span> 
     </span>
    </p>
   </div>
   <div class='ocr_carea' id='block_1_87' title="bbox 2040 4155 3640 4230">
    <p class='ocr_par' dir='ltr' id='par_1_87' title="bbox 2040 4155 3640 4230">
     <span class='ocr_line' id='line_1_87' title="bbox 2040 4155 3640 4230; baseline -0.006 -11"><span class='ocrx_word' id='word_1_649' title='bbox 2040 4163 2195 4229; x_wconf 67' lang='lat' dir='ltr'><strong>daeis,</strong></span> <span class='ocrx_word' id='word_1_650' title='bbox 2238 4162 2367 4218; x_wconf 86' lang='lat' dir='ltr'><strong>dum</strong></span> <span class='ocrx_word' id='word_1_651' title='bbox 2417 4161 2898 4217; x_wconf 89' lang='lat' dir='ltr'><strong>circumeisionem</strong></span> <span class='ocrx_word' id='word_1_652' title='bbox 2929 4159 3257 4230; x_wconf 85' lang='lat' dir='ltr'><strong>spiritalem,</strong></span> <span class='ocrx_word' id='word_1_653' title='bbox 3292 4165 3349 4213; x_wconf 91' lang='lat' dir='ltr'><strong>et</strong></span> <span class='ocrx_word' id='word_1_654' title='bbox 3388 4155 3640 4214; x_wconf 64' lang='lat' dir='ltr'><strong>Judaeum</strong></span> 
     </span>
    </p>
   </div>
   <div class='ocr_carea' id='block_1_88' title="bbox 2042 4248 3639 4319">
    <p class='ocr_par' dir='ltr' id='par_1_88' title="bbox 2042 4248 3639 4319">
     <span class='ocr_line' id='line_1_88' title="bbox 2042 4248 3639 4319; baseline -0.004 -10"><span class='ocrx_word' id='word_1_655' title='bbox 2042 4255 2097 4309; x_wconf 89' lang='lat' dir='ltr'><strong>in</strong></span> <span class='ocrx_word' id='word_1_656' title='bbox 2143 4255 2364 4310; x_wconf 89' lang='lat' dir='ltr'><strong>occulto</strong></span> <span class='ocrx_word' id='word_1_657' title='bbox 2408 4253 2899 4312; x_wconf 81' lang='lat' dir='ltr'><strong>circumferebant.</strong></span> <span class='ocrx_word' id='word_1_658' title='bbox 2954 4253 3156 4307; x_wconf 78' lang='lat' dir='ltr'><strong>Verum</strong></span> <span class='ocrx_word' id='word_1_659' title='bbox 3202 4251 3370 4305; x_wconf 83' lang='lat' dir='ltr'><strong>etiam</strong></span> <span class='ocrx_word' id='word_1_660' title='bbox 3417 4249 3522 4319; x_wconf 90' lang='lat' dir='ltr'><strong>ipsi</strong></span> <span class='ocrx_word' id='word_1_661' title='bbox 3567 4248 3639 4304; x_wconf 87' lang='lat' dir='ltr'><strong>ita</strong></span> 
     </span>
    </p>
   </div>
   <div class='ocr_carea' id='block_1_89' title="bbox 2043 4342 3636 4416">
    <p class='ocr_par' dir='ltr' id='par_1_89' title="bbox 2043 4342 3636 4416">
     <span class='ocr_line' id='line_1_89' title="bbox 2043 4342 3636 4416; baseline -0.004 -14"><span class='ocrx_word' id='word_1_662' title='bbox 2043 4347 2175 4403; x_wconf 91' lang='lat' dir='ltr'><strong>olim</strong></span> <span class='ocrx_word' id='word_1_663' title='bbox 2217 4346 2571 4401; x_wconf 84' lang='lat' dir='ltr'><strong>trucidabant</strong></span> <span class='ocrx_word' id='word_1_664' title='bbox 2606 4345 2927 4416; x_wconf 86' lang='lat' dir='ltr'><strong>prophetas,</strong></span> <span class='ocrx_word' id='word_1_665' title='bbox 2954 4344 3066 4398; x_wconf 86' lang='lat' dir='ltr'><strong>imo</strong></span> <span class='ocrx_word' id='word_1_666' title='bbox 3105 4345 3273 4398; x_wconf 87' lang='lat' dir='ltr'><strong>etiam</strong></span> <span class='ocrx_word' id='word_1_667' title='bbox 3309 4342 3636 4398; x_wconf 86' lang='lat' dir='ltr'><strong>Emmanue-</strong></span> 
     </span>
    </p>
   </div>
   <div class='ocr_carea' id='block_1_90' title="bbox 2040 4431 3640 4506">
    <p class='ocr_par' dir='ltr' id='par_1_90' title="bbox 2040 4431 3640 4506">
     <span class='ocr_line' id='line_1_90' title="bbox 2040 4431 3640 4506; baseline -0.006 -10"><span class='ocrx_word' id='word_1_668' title='bbox 2040 4441 2171 4498; x_wconf 92' lang='lat' dir='ltr'><strong>lem.</strong></span> <span class='ocrx_word' id='word_1_669' title='bbox 2216 4440 2757 4496; x_wconf 88' lang='lat' dir='ltr'><strong>Consummaverunt</strong></span> <span class='ocrx_word' id='word_1_670' title='bbox 2800 4435 2968 4506; x_wconf 84' lang='lat' dir='ltr'><strong>igitur</strong></span> <span class='ocrx_word' id='word_1_671' title='bbox 3016 4434 3366 4504; x_wconf 83' lang='lat' dir='ltr'><strong>iniquitatem</strong></span> <span class='ocrx_word' id='word_1_672' title='bbox 3414 4431 3640 4487; x_wconf 84' lang='lat' dir='ltr'><strong>Simeon</strong></span> 
     </span>
    </p>
   </div>
   <div class='ocr_carea' id='block_1_91' title="bbox 2042 4525 3642 4602">
    <p class='ocr_par' dir='ltr' id='par_1_91' title="bbox 2042 4525 3642 4602">
     <span class='ocr_line' id='line_1_91' title="bbox 2042 4525 3642 4602; baseline -0.007 -12"><span class='ocrx_word' id='word_1_673' title='bbox 2042 4542 2099 4590; x_wconf 89' lang='lat' dir='ltr'><strong>et</strong></span> <span class='ocrx_word' id='word_1_674' title='bbox 2135 4533 2291 4596; x_wconf 85' lang='lat' dir='ltr'><strong>Levi,</strong></span> <span class='ocrx_word' id='word_1_675' title='bbox 2335 4546 2400 4587; x_wconf 88' lang='lat' dir='ltr'><strong>ac</strong></span> <span class='ocrx_word' id='word_1_676' title='bbox 2447 4531 2672 4602; x_wconf 87' lang='lat' dir='ltr'><strong>quidem</strong></span> <span class='ocrx_word' id='word_1_677' title='bbox 2732 4547 2832 4586; x_wconf 88' lang='lat' dir='ltr'><strong>sua</strong></span> <span class='ocrx_word' id='word_1_678' title='bbox 2876 4530 3182 4585; x_wconf 83' lang='lat' dir='ltr'><strong>voluntate.</strong></span> <span class='ocrx_word' id='word_1_679' title='bbox 3238 4525 3642 4596; x_wconf 84' lang='lat' dir='ltr'><strong>Conspirarunt</strong></span> 
     </span>
    </p>
   </div>
   <div class='ocr_carea' id='block_1_92' title="bbox 342 4614 1930 4698">
    <p class='ocr_par' dir='ltr' id='par_1_92' title="bbox 342 4619 1930 4694">
     <span class='ocr_line' id='line_1_92' title="bbox 342 4619 1930 4694; baseline -0.002 -20"><span class='ocrx_word' id='word_1_680' title='bbox 342 4622 428 4675; x_wconf 77' lang='grc' dir='ltr'>καὶ</span> <span class='ocrx_word' id='word_1_681' title='bbox 466 4624 564 4694; x_wconf 79' lang='grc' dir='ltr'>μέν</span> <span class='ocrx_word' id='word_1_682' title='bbox 594 4641 678 4679; x_wconf 84' lang='grc' dir='ltr'><strong>τοι</strong></span> <span class='ocrx_word' id='word_1_683' title='bbox 704 4624 799 4678; x_wconf 75' lang='grc' dir='ltr'>καὶ</span> <span class='ocrx_word' id='word_1_684' title='bbox 847 4624 876 4676; x_wconf 86' lang='grc' dir='ltr'>ὁ</span> <span class='ocrx_word' id='word_1_685' title='bbox 902 4622 1054 4685; x_wconf 70' lang='grc' dir='ltr'>Λευὶ,</span> <span class='ocrx_word' id='word_1_686' title='bbox 1091 4621 1339 4675; x_wconf 83' lang='grc' dir='ltr'>τουτέστι</span> <span class='ocrx_word' id='word_1_687' title='bbox 1370 4619 1492 4674; x_wconf 88' lang='grc' dir='ltr'>λαοί</span> <span class='ocrx_word' id='word_1_688' title='bbox 1540 4635 1598 4672; x_wconf 87' lang='grc' dir='ltr'><strong>τε</strong></span> <span class='ocrx_word' id='word_1_689' title='bbox 1634 4620 1726 4673; x_wconf 72' lang='grc' dir='ltr'>καὶ</span> <span class='ocrx_word' id='word_1_690' title='bbox 1751 4620 1930 4689; x_wconf 82' lang='grc' dir='ltr'>ἱερεῖς.</span> 
     </span>
    </p>
   </div>
   <div class='ocr_carea' id='block_1_93' title="bbox 2033 4614 3643 4698">
    <p class='ocr_par' dir='ltr' id='par_1_93' title="bbox 2044 4614 3643 4690">
     <span class='ocr_line' id='line_1_93' title="bbox 2044 4614 3643 4690; baseline -0.008 -9"><span class='ocrx_word' id='word_1_691' title='bbox 2044 4626 2193 4681; x_wconf 90' lang='lat' dir='ltr'><strong>enim</strong></span> <span class='ocrx_word' id='word_1_692' title='bbox 2227 4632 2284 4681; x_wconf 89' lang='lat' dir='ltr'><strong>et</strong></span> <span class='ocrx_word' id='word_1_693' title='bbox 2316 4632 2698 4678; x_wconf 84' lang='lat' dir='ltr'><strong>convenerunt</strong></span> <span class='ocrx_word' id='word_1_694' title='bbox 2743 4621 2888 4677; x_wconf 85' lang='lat' dir='ltr'><strong>inter</strong></span> <span class='ocrx_word' id='word_1_695' title='bbox 2931 4635 2990 4675; x_wconf 90' lang='lat' dir='ltr'><strong>se</strong></span> <span class='ocrx_word' id='word_1_696' title='bbox 3035 4618 3103 4674; x_wconf 89' lang='lat' dir='ltr'><strong>ad</strong></span> <span class='ocrx_word' id='word_1_697' title='bbox 3142 4617 3401 4690; x_wconf 85' lang='lat' dir='ltr'><strong>injuriam</strong></span> <span class='ocrx_word' id='word_1_698' title='bbox 3435 4614 3643 4670; x_wconf 85' lang='lat' dir='ltr'><strong>sanctis</strong></span> 
     </span>
    </p>
   </div>
   <div class='ocr_carea' id='block_1_94' title="bbox 344 4710 1941 4789">
    <p class='ocr_par' dir='ltr' id='par_1_94' title="bbox 344 4710 1941 4789">
     <span class='ocr_line' id='line_1_94' title="bbox 344 4710 1941 4789; baseline -0.001 -24"><span class='ocrx_word' id='word_1_699' title='bbox 344 4714 413 4768; x_wconf 81' lang='grc' dir='ltr'><strong>τὸ</strong></span> <span class='ocrx_word' id='word_1_700' title='bbox 439 4716 496 4770; x_wconf 77' lang='grc' dir='ltr'>δὲ</span> <span class='ocrx_word' id='word_1_701' title='bbox 523 4716 585 4783; x_wconf 71' lang='grc' dir='ltr'>ἐξ</span> <span class='ocrx_word' id='word_1_702' title='bbox 613 4716 883 4789; x_wconf 83' lang='grc' dir='ltr'>αἱρέσεως</span> <span class='ocrx_word' id='word_1_703' title='bbox 918 4711 1122 4778; x_wconf 69' lang='grc' dir='ltr'>αὐτῶν,</span> <span class='ocrx_word' id='word_1_704' title='bbox 1171 4713 1293 4767; x_wconf 70' lang='grc' dir='ltr'>ἀντὶ</span> <span class='ocrx_word' id='word_1_705' title='bbox 1337 4711 1430 4766; x_wconf 81' lang='grc' dir='ltr'><strong>τοῦ</strong></span> <span class='ocrx_word' id='word_1_706' title='bbox 1461 4710 1604 4766; x_wconf 81' lang='grc' dir='ltr'>κατὰ</span> <span class='ocrx_word' id='word_1_707' title='bbox 1626 4710 1816 4781; x_wconf 64' lang='grc' dir='ltr'>σκέψιν</span> <span class='ocrx_word' id='word_1_708' title='bbox 1846 4710 1941 4764; x_wconf 73' lang='grc' dir='ltr'>καὶ</span> 
     </span>
    </p>
   </div>
   <div class='ocr_carea' id='block_1_95' title="bbox 346 4802 1939 4881">
    <p class='ocr_par' dir='ltr' id='par_1_95' title="bbox 346 4802 1939 4881">
     <span class='ocr_line' id='line_1_95' title="bbox 346 4802 1939 4881; baseline -0.004 -19"><span class='ocrx_word' id='word_1_709' title='bbox 346 4808 614 4881; x_wconf 72' lang='grc' dir='ltr'>βούλησιν.</span> <span class='ocrx_word' id='word_1_710' title='bbox 640 4810 716 4863; x_wconf 80' lang='grc' dir='ltr'><strong>Οὐ</strong></span> <span class='ocrx_word' id='word_1_711' title='bbox 754 4808 865 4881; x_wconf 83' lang='grc' dir='ltr'><strong>γὰρ</strong></span> <span class='ocrx_word' id='word_1_712' title='bbox 899 4807 963 4861; x_wconf 71' lang='grc' dir='ltr'><strong>ἐκ</strong></span> <span class='ocrx_word' id='word_1_713' title='bbox 990 4824 1056 4876; x_wconf 86' lang='grc' dir='ltr'><strong>γε</strong></span> <span class='ocrx_word' id='word_1_714' title='bbox 1093 4803 1189 4860; x_wconf 74' lang='grc' dir='ltr'><strong>τοῦ</strong></span> <span class='ocrx_word' id='word_1_715' title='bbox 1211 4804 1627 4877; x_wconf 74' lang='grc' dir='ltr'>συμϐεϐηκότος</span> <span class='ocrx_word' id='word_1_716' title='bbox 1653 4802 1842 4867; x_wconf 81' lang='grc' dir='ltr'>ἁπλῶς</span> <span class='ocrx_word' id='word_1_717' title='bbox 1870 4802 1939 4856; x_wconf 64' lang='grc' dir='ltr'>τὰ</span> 
     </span>
    </p>
   </div>
   <div class='ocr_carea' id='block_1_96' title="bbox 343 4893 1939 4967">
    <p class='ocr_par' dir='ltr' id='par_1_96' title="bbox 343 4893 1939 4967">
     <span class='ocr_line' id='line_1_96' title="bbox 343 4893 1939 4967; baseline -0.005 -13"><span class='ocrx_word' id='word_1_718' title='bbox 343 4901 483 4956; x_wconf 78' lang='grc' dir='ltr'>δεινὰ</span> <span class='ocrx_word' id='word_1_719' title='bbox 532 4901 643 4955; x_wconf 82' lang='grc' dir='ltr'><strong>τῶν</strong></span> <span class='ocrx_word' id='word_1_720' title='bbox 689 4897 1043 4955; x_wconf 83' lang='grc' dir='ltr'>πεπονθότων</span> <span class='ocrx_word' id='word_1_721' title='bbox 1107 4895 1579 4967; x_wconf 78' lang='grc' dir='ltr'>κατεσχεδιάζετο,</span> <span class='ocrx_word' id='word_1_722' title='bbox 1647 4893 1764 4949; x_wconf 81' lang='grc' dir='ltr'>ἀλλ’</span> <span class='ocrx_word' id='word_1_723' title='bbox 1816 4894 1939 4949; x_wconf 76' lang='grc' dir='ltr'>οὐδὲ</span> 
     </span>
    </p>
   </div>
   <div class='ocr_carea' id='block_1_97' title="bbox 345 4986 1940 5066">
    <p class='ocr_par' dir='ltr' id='par_1_97' title="bbox 345 4986 1940 5066">
     <span class='ocr_line' id='line_1_97' title="bbox 345 4986 1940 5066; baseline -0.006 -17"><span class='ocrx_word' id='word_1_724' title='bbox 345 4993 752 5066; x_wconf 73' lang='grc' dir='ltr'>ἀπροϐούλευτα</span> <span class='ocrx_word' id='word_1_725' title='bbox 783 4989 856 5045; x_wconf 77' lang='grc' dir='ltr'><strong>τὰ</strong></span> <span class='ocrx_word' id='word_1_726' title='bbox 892 4989 1224 5062; x_wconf 79' lang='grc' dir='ltr'>τολμήματα</span> <span class='ocrx_word' id='word_1_727' title='bbox 1269 4988 1365 5042; x_wconf 77' lang='grc' dir='ltr'>καὶ</span> <span class='ocrx_word' id='word_1_728' title='bbox 1415 4987 1477 5042; x_wconf 80' lang='grc' dir='ltr'>τὸ</span> <span class='ocrx_word' id='word_1_729' title='bbox 1530 4987 1758 5041; x_wconf 78' lang='grc' dir='ltr'>ἔκτοπον</span> <span class='ocrx_word' id='word_1_730' title='bbox 1806 4986 1940 5058; x_wconf 84' lang='grc' dir='ltr'>θρά-</span> 
     </span>
    </p>
   </div>
   <div class='ocr_carea' id='block_1_98' title="bbox 348 5079 1939 5155">
    <p class='ocr_par' dir='ltr' id='par_1_98' title="bbox 348 5079 1939 5155">
     <span class='ocr_line' id='line_1_98' title="bbox 348 5079 1939 5155; baseline -0.004 -17"><span class='ocrx_word' id='word_1_731' title='bbox 348 5102 453 5150; x_wconf 75' lang='grc' dir='ltr'>σοςο</span> <span class='ocrx_word' id='word_1_732' title='bbox 487 5085 604 5140; x_wconf 84' lang='grc' dir='ltr'>ἀλλ’</span> <span class='ocrx_word' id='word_1_733' title='bbox 636 5088 703 5141; x_wconf 74' lang='grc' dir='ltr'><strong>ἐκ</strong></span> <span class='ocrx_word' id='word_1_734' title='bbox 735 5082 1033 5155; x_wconf 85' lang='grc' dir='ltr'>συνεδρίων</span> <span class='ocrx_word' id='word_1_735' title='bbox 1071 5079 1254 5137; x_wconf 76' lang='grc' dir='ltr'>αὐτῶν</span> <span class='ocrx_word' id='word_1_736' title='bbox 1284 5080 1377 5135; x_wconf 67' lang='grc' dir='ltr'>ἐπὶ</span> <span class='ocrx_word' id='word_1_737' title='bbox 1404 5079 1465 5133; x_wconf 80' lang='grc' dir='ltr'>τὸ</span> <span class='ocrx_word' id='word_1_738' title='bbox 1493 5080 1627 5152; x_wconf 77' lang='grc' dir='ltr'>δρᾷν</span> <span class='ocrx_word' id='word_1_739' title='bbox 1657 5079 1826 5151; x_wconf 63' lang='grc' dir='ltr'><strong>⁴ᾔεσαν</strong></span> <span class='ocrx_word' id='word_1_740' title='bbox 1873 5079 1939 5133; x_wconf 78' lang='grc' dir='ltr'><strong>τὰ</strong></span> 
     </span>
    </p>
   </div>
   <div class='ocr_carea' id='block_1_99' title="bbox 350 5166 1936 5243">
    <p class='ocr_par' dir='ltr' id='par_1_99' title="bbox 350 5166 1936 5243">
     <span class='ocr_line' id='line_1_99' title="bbox 350 5166 1936 5243; baseline -0.003 -15"><span class='ocrx_word' id='word_1_741' title='bbox 350 5174 539 5241; x_wconf 77' lang='grc' dir='ltr'>παντὸς</span> <span class='ocrx_word' id='word_1_742' title='bbox 562 5177 822 5231; x_wconf 81' lang='grc' dir='ltr'>ἐπέκεινα</span> <span class='ocrx_word' id='word_1_743' title='bbox 852 5172 1047 5229; x_wconf 74' lang='grc' dir='ltr'>κακοῦ.</span> <span class='ocrx_word' id='word_1_744' title='bbox 1082 5172 1442 5243; x_wconf 84' lang='grc' dir='ltr'>Παραιτεῖται</span> <span class='ocrx_word' id='word_1_745' title='bbox 1470 5170 1534 5242; x_wconf 82' lang='grc' dir='ltr'>δὴ</span> <span class='ocrx_word' id='word_1_746' title='bbox 1553 5166 1645 5226; x_wconf 78' lang='grc' dir='ltr'>οὖν</span> <span class='ocrx_word' id='word_1_747' title='bbox 1676 5173 1704 5225; x_wconf 86' lang='grc' dir='ltr'><strong>ό</strong></span> <span class='ocrx_word' id='word_1_748' title='bbox 1735 5170 1936 5225; x_wconf 80' lang='grc' dir='ltr'>θεσπέ-</span> 
     </span>
    </p>
   </div>
   <div class='ocr_carea' id='block_1_100' title="bbox 351 5263 1939 5340">
    <p class='ocr_par' dir='ltr' id='par_1_100' title="bbox 351 5263 1939 5340">
     <span class='ocr_line' id='line_1_100' title="bbox 351 5263 1939 5340; baseline -0.003 -19"><span class='ocrx_word' id='word_1_749' title='bbox 351 5283 456 5332; x_wconf 86' lang='grc' dir='ltr'>σιος</span> <span class='ocrx_word' id='word_1_750' title='bbox 484 5267 685 5323; x_wconf 74' lang='grc' dir='ltr'>Ἰακὼϐ</span> <span class='ocrx_word' id='word_1_751' title='bbox 706 5269 806 5340; x_wconf 83' lang='grc' dir='ltr'>τὴν</span> <span class='ocrx_word' id='word_1_752' title='bbox 832 5267 926 5322; x_wconf 71' lang='grc' dir='ltr'>ἐπὶ</span> <span class='ocrx_word' id='word_1_753' title='bbox 947 5264 1087 5338; x_wconf 87' lang='grc' dir='ltr'>τῷδε</span> <span class='ocrx_word' id='word_1_754' title='bbox 1113 5263 1385 5329; x_wconf 78' lang='grc' dir='ltr'>σύνθεσιν,</span> <span class='ocrx_word' id='word_1_755' title='bbox 1411 5264 1512 5329; x_wconf 78' lang='grc' dir='ltr'><strong>τὰς</strong></span> <span class='ocrx_word' id='word_1_756' title='bbox 1546 5263 1939 5327; x_wconf 79' lang='grc' dir='ltr'>κοινοόουλίας,</span> 
     </span>
    </p>
   </div>
   <div class='ocr_carea' id='block_1_101' title="bbox 352 5358 1942 5434">
    <p class='ocr_par' dir='ltr' id='par_1_101' title="bbox 352 5358 1942 5434">
     <span class='ocr_line' id='line_1_101' title="bbox 352 5358 1942 5434; baseline 0.004 -24"><span class='ocrx_word' id='word_1_757' title='bbox 352 5359 441 5431; x_wconf 76' lang='grc' dir='ltr'>τὴν</span> <span class='ocrx_word' id='word_1_758' title='bbox 471 5361 681 5433; x_wconf 68' lang='grc' dir='ltr'>σκέψιν.</span> <span class='ocrx_word' id='word_1_759' title='bbox 713 5382 730 5415; x_wconf 78' lang='grc' dir='ltr'><strong>ι</strong></span> <span class='ocrx_word' id='word_1_760' title='bbox 757 5360 852 5433; x_wconf 83' lang='grc' dir='ltr'><strong>Μὴ</strong></span> <span class='ocrx_word' id='word_1_761' title='bbox 875 5361 984 5434; x_wconf 79' lang='grc' dir='ltr'>γὰρ</span> <span class='ocrx_word' id='word_1_762' title='bbox 1013 5362 1269 5426; x_wconf 80' lang='grc' dir='ltr'>εἰσέλθοι,</span> <span class='ocrx_word' id='word_1_763' title='bbox 1291 5361 1528 5433; x_wconf 77' lang='grc' dir='ltr'>φησὶν,ή</span> <span class='ocrx_word' id='word_1_764' title='bbox 1559 5358 1704 5430; x_wconf 64' lang='grc' dir='ltr'>ψυχή</span> <span class='ocrx_word' id='word_1_765' title='bbox 1727 5375 1830 5430; x_wconf 79' lang='grc' dir='ltr'><strong>μου</strong></span> <span class='ocrx_word' id='word_1_766' title='bbox 1861 5359 1942 5423; x_wconf 68' lang='grc' dir='ltr'>εἰς</span> 
     </span>
    </p>
   </div>
   <div class='ocr_carea' id='block_1_102' title="bbox 355 5449 1943 5541">
    <p class='ocr_par' dir='ltr' id='par_1_102' title="bbox 355 5449 1943 5541">
     <span class='ocr_line' id='line_1_102' title="bbox 355 5449 1943 5541; baseline 0.001 -38"><span class='ocrx_word' id='word_1_767' title='bbox 355 5449 539 5523; x_wconf 79' lang='grc' dir='ltr'>βουλὴν</span> <span class='ocrx_word' id='word_1_768' title='bbox 559 5454 759 5521; x_wconf 77' lang='grc' dir='ltr'>αὖτῶν,</span> <span class='ocrx_word' id='word_1_769' title='bbox 788 5457 886 5509; x_wconf 68' lang='grc' dir='ltr'>καὶ</span> <span class='ocrx_word' id='word_1_770' title='bbox 914 5454 1010 5509; x_wconf 73' lang='grc' dir='ltr'>ἐπὶ</span> <span class='ocrx_word' id='word_1_771' title='bbox 1031 5457 1098 5527; x_wconf 80' lang='grc' dir='ltr'><strong>τῇ</strong></span> <span class='ocrx_word' id='word_1_772' title='bbox 1133 5455 1394 5509; x_wconf 79' lang='grc' dir='ltr'>συστάσει</span> <span class='ocrx_word' id='word_1_773' title='bbox 1423 5453 1604 5541; x_wconf 67' lang='grc' dir='ltr'>αὐτῶν</span> <span class='ocrx_word' id='word_1_774' title='bbox 1636 5451 1710 5525; x_wconf 76' lang='grc' dir='ltr'>μὴ</span> <span class='ocrx_word' id='word_1_775' title='bbox 1735 5453 1943 5524; x_wconf 80' lang='grc' dir='ltr'>ἐρεῖται</span> 
     </span>
    </p>
   </div>
   <div class='ocr_carea' id='block_1_103' title="bbox 357 5540 1942 5622">
    <p class='ocr_par' dir='ltr' id='par_1_103' title="bbox 357 5540 1942 5622">
     <span class='ocr_line' id='line_1_103' title="bbox 357 5540 1942 5622; baseline 0.004 -27"><span class='ocrx_word' id='word_1_776' title='bbox 357 5540 418 5596; x_wconf 75' lang='grc' dir='ltr'><strong>τὰ</strong></span> <span class='ocrx_word' id='word_1_777' title='bbox 443 5543 626 5615; x_wconf 53' lang='lat' dir='ltr'><strong>ama</strong></span> <span class='ocrx_word' id='word_1_778' title='bbox 654 5564 777 5619; x_wconf 87' lang='grc' dir='ltr'>μου.</span> <span class='ocrx_word' id='word_1_779' title='bbox 807 5566 826 5600; x_wconf 72' lang='grc' dir='ltr'><strong>ι</strong></span> <span class='ocrx_word' id='word_1_780' title='bbox 858 5548 1091 5620; x_wconf 88' lang='grc' dir='ltr'>Ὅμοιον</span> <span class='ocrx_word' id='word_1_781' title='bbox 1122 5546 1230 5622; x_wconf 84' lang='grc' dir='ltr'><strong>γὰρ</strong></span> <span class='ocrx_word' id='word_1_782' title='bbox 1255 5547 1331 5612; x_wconf 85' lang='grc' dir='ltr'>ὡς</span> <span class='ocrx_word' id='word_1_783' title='bbox 1369 5540 1622 5617; x_wconf 78' lang='grc' dir='ltr'>είλέγοιο</span> <span class='ocrx_word' id='word_1_784' title='bbox 1660 5548 1797 5620; x_wconf 83' lang='grc' dir='ltr'>μήτε</span> <span class='ocrx_word' id='word_1_785' title='bbox 1829 5550 1942 5611; x_wconf 86' lang='grc' dir='ltr'>τοῖς</span> 
     </span>
    </p>
   </div>
   <div class='ocr_carea' id='block_1_104' title="bbox 358 5631 1944 5710">
    <p class='ocr_par' dir='ltr' id='par_1_104' title="bbox 358 5631 1944 5710">
     <span class='ocr_line' id='line_1_104' title="bbox 358 5631 1944 5710; baseline -0.004 -13"><span class='ocrx_word' id='word_1_786' title='bbox 358 5631 449 5702; x_wconf 73' lang='grc' dir='ltr'><strong>τῆς</strong></span> <span class='ocrx_word' id='word_1_787' title='bbox 470 5633 703 5703; x_wconf 83' lang='grc' dir='ltr'>διανοίας</span> <span class='ocrx_word' id='word_1_788' title='bbox 730 5637 976 5710; x_wconf 71' lang='grc' dir='ltr'>ὄμμασιν</span> <span class='ocrx_word' id='word_1_789' title='bbox 999 5637 1374 5710; x_wconf 76' lang='grc' dir='ltr'>ὲνατενίσαιμί</span> <span class='ocrx_word' id='word_1_790' title='bbox 1406 5655 1537 5692; x_wconf 82' lang='grc' dir='ltr'>ποτε</span> <span class='ocrx_word' id='word_1_791' title='bbox 1561 5639 1681 5701; x_wconf 83' lang='grc' dir='ltr'>ταῖς</span> <span class='ocrx_word' id='word_1_792' title='bbox 1704 5637 1944 5691; x_wconf 82' lang='grc' dir='ltr'>τοιαῖσδε</span> 
     </span>
    </p>
   </div>
   <div class='ocr_carea' id='block_1_105' title="bbox 364 5722 1943 5806">
    <p class='ocr_par' dir='ltr' id='par_1_105' title="bbox 364 5722 1943 5806">
     <span class='ocr_line' id='line_1_105' title="bbox 364 5722 1943 5806; baseline 0.004 -29"><span class='ocrx_word' id='word_1_793' title='bbox 364 5722 589 5793; x_wconf 75' lang='grc' dir='ltr'>βουλαῖς,</span> <span class='ocrx_word' id='word_1_794' title='bbox 642 5732 779 5803; x_wconf 76' lang='grc' dir='ltr'>μήτε</span> <span class='ocrx_word' id='word_1_795' title='bbox 815 5731 923 5805; x_wconf 76' lang='grc' dir='ltr'>μὴν</span> <span class='ocrx_word' id='word_1_796' title='bbox 958 5726 1037 5796; x_wconf 63' lang='lat' dir='ltr'><strong>te;</strong></span> <span class='ocrx_word' id='word_1_797' title='bbox 1069 5731 1299 5806; x_wconf 84' lang='grc' dir='ltr'>καρδίαν</span> <span class='ocrx_word' id='word_1_798' title='bbox 1345 5731 1482 5795; x_wconf 77' lang='grc' dir='ltr'>ὅλως</span> <span class='ocrx_word' id='word_1_799' title='bbox 1527 5729 1943 5804; x_wconf 79' lang='grc' dir='ltr'>παραδεξαίμην</span> 
     </span>
    </p>
   </div>
   <div class='ocr_carea' id='block_1_106' title="bbox 457 5899 1342 5973">
    <p class='ocr_par' dir='ltr' id='par_1_106' title="bbox 457 5899 1342 5973">
     <span class='ocr_line' id='line_1_106' title="bbox 457 5899 1342 5973; baseline 0.006 -14"><span class='ocrx_word' id='word_1_800' title='bbox 457 5899 477 5931; x_wconf 86' lang='grc'><em>³</em></span> <span class='ocrx_word' id='word_1_801' title='bbox 500 5900 615 5961; x_wconf 73' lang='lat' dir='ltr'><strong>Act.</strong></span> <span class='ocrx_word' id='word_1_802' title='bbox 648 5922 722 5973; x_wconf 82' lang='lat' dir='ltr'><strong>tv,</strong></span> <span class='ocrx_word' id='word_1_803' title='bbox 760 5905 843 5962; x_wconf 80' lang='lat' dir='ltr'><strong>l6.</strong></span> <span class='ocrx_word' id='word_1_804' title='bbox 954 5907 969 5937; x_wconf 73' lang='grc'><strong>⁷⁵</strong></span> <span class='ocrx_word' id='word_1_805' title='bbox 1006 5907 1167 5968; x_wconf 80' lang='lat' dir='ltr'><strong>Rom.</strong></span> <span class='ocrx_word' id='word_1_806' title='bbox 1198 5924 1256 5973; x_wconf 80' lang='grc' dir='ltr'><strong>ιι,</strong></span> <span class='ocrx_word' id='word_1_807' title='bbox 1287 5906 1342 5965; x_wconf 88' lang='lat'><strong>8.</strong></span> 
     </span>
    </p>
   </div>
   <div class='ocr_carea' id='block_1_107' title="bbox 2043 4708 3642 4782">
    <p class='ocr_par' dir='ltr' id='par_1_107' title="bbox 2043 4708 3642 4782">
     <span class='ocr_line' id='line_1_107' title="bbox 2043 4708 3642 4782; baseline -0.006 -10"><span class='ocrx_word' id='word_1_808' title='bbox 2043 4714 2387 4773; x_wconf 80' lang='lat' dir='ltr'><strong>inferendam</strong></span> <span class='ocrx_word' id='word_1_809' title='bbox 2424 4713 2647 4772; x_wconf 87' lang='lat' dir='ltr'><strong>Simeon</strong></span> <span class='ocrx_word' id='word_1_810' title='bbox 2686 4723 2743 4770; x_wconf 89' lang='lat' dir='ltr'><strong>et</strong></span> <span class='ocrx_word' id='word_1_811' title='bbox 2781 4713 2935 4775; x_wconf 84' lang='lat' dir='ltr'><strong>Levi.</strong></span> <span class='ocrx_word' id='word_1_812' title='bbox 2974 4714 3080 4768; x_wconf 91' lang='lat' dir='ltr'><strong>hoc</strong></span> <span class='ocrx_word' id='word_1_813' title='bbox 3112 4721 3216 4774; x_wconf 86' lang='lat' dir='ltr'><strong>est,</strong></span> <span class='ocrx_word' id='word_1_814' title='bbox 3242 4708 3432 4782; x_wconf 90' lang='lat' dir='ltr'><strong>populi</strong></span> <span class='ocrx_word' id='word_1_815' title='bbox 3463 4716 3521 4764; x_wconf 87' lang='lat' dir='ltr'><strong>et</strong></span> <span class='ocrx_word' id='word_1_816' title='bbox 3553 4724 3642 4763; x_wconf 73' lang='lat' dir='ltr'><strong>sa—</strong></span> 
     </span>
    </p>
   </div>
   <div class='ocr_carea' id='block_1_108' title="bbox 2041 4802 3642 4869">
    <p class='ocr_par' dir='ltr' id='par_1_108' title="bbox 2041 4802 3642 4869">
     <span class='ocr_line' id='line_1_108' title="bbox 2041 4802 3642 4869; baseline -0.007 -4"><span class='ocrx_word' id='word_1_817' title='bbox 2041 4809 2318 4866; x_wconf 89' lang='lat' dir='ltr'><strong>cerdotes.</strong></span> <span class='ocrx_word' id='word_1_818' title='bbox 2358 4807 2531 4862; x_wconf 88' lang='lat' dir='ltr'><strong>Porro</strong></span> <span class='ocrx_word' id='word_1_819' title='bbox 2564 4825 2581 4858; x_wconf 83' lang='grc' dir='ltr'><strong>ι</strong></span> <span class='ocrx_word' id='word_1_820' title='bbox 2612 4822 2711 4862; x_wconf 89' lang='lat' dir='ltr'><strong>sua</strong></span> <span class='ocrx_word' id='word_1_821' title='bbox 2736 4805 3039 4869; x_wconf 75' lang='lat' dir='ltr'><strong>voluntate,</strong></span> <span class='ocrx_word' id='word_1_822' title='bbox 3074 4823 3090 4855; x_wconf 84' lang='grc'><strong>›</strong></span> <span class='ocrx_word' id='word_1_823' title='bbox 3128 4802 3376 4858; x_wconf 82' lang='lat' dir='ltr'><strong>additum</strong></span> <span class='ocrx_word' id='word_1_824' title='bbox 3407 4808 3511 4864; x_wconf 86' lang='lat' dir='ltr'><strong>est,</strong></span> <span class='ocrx_word' id='word_1_825' title='bbox 3542 4814 3642 4868; x_wconf 88' lang='lat' dir='ltr'><strong>pro</strong></span> 
     </span>
    </p>
   </div>
   <div class='ocr_carea' id='block_1_109' title="bbox 2041 4893 3642 4977">
    <p class='ocr_par' dir='ltr' id='par_1_109' title="bbox 2041 4893 3642 4977">
     <span class='ocr_line' id='line_1_109' title="bbox 2041 4893 3642 4977; baseline -0.008 -19"><span class='ocrx_word' id='word_1_826' title='bbox 2041 4918 2110 4959; x_wconf 93' lang='lat' dir='ltr'><strong>eo</strong></span> <span class='ocrx_word' id='word_1_827' title='bbox 2135 4902 2282 4974; x_wconf 87' lang='lat' dir='ltr'><strong>quod</strong></span> <span class='ocrx_word' id='word_1_828' title='bbox 2320 4909 2426 4966; x_wconf 86' lang='lat' dir='ltr'><strong>est,</strong></span> <span class='ocrx_word' id='word_1_829' title='bbox 2454 4899 2637 4956; x_wconf 88' lang='lat' dir='ltr'><strong>dedita</strong></span> <span class='ocrx_word' id='word_1_830' title='bbox 2658 4914 2835 4977; x_wconf 76' lang='lat' dir='ltr'><strong>ppera</strong></span> <span class='ocrx_word' id='word_1_831' title='bbox 2861 4909 2918 4954; x_wconf 87' lang='lat' dir='ltr'><strong>et</strong></span> <span class='ocrx_word' id='word_1_832' title='bbox 2952 4896 3224 4953; x_wconf 88' lang='lat' dir='ltr'><strong>consulto.</strong></span> <span class='ocrx_word' id='word_1_833' title='bbox 3253 4895 3372 4950; x_wconf 76' lang='lat' dir='ltr'><strong>Non</strong></span> <span class='ocrx_word' id='word_1_834' title='bbox 3399 4893 3546 4949; x_wconf 88' lang='lat' dir='ltr'><strong>enim</strong></span> <span class='ocrx_word' id='word_1_835' title='bbox 3575 4908 3642 4947; x_wconf 76' lang='lat' dir='ltr'><strong>ex</strong></span> 
     </span>
    </p>
   </div>
   <div class='ocr_carea' id='block_1_110' title="bbox 2045 4986 3644 5057">
    <p class='ocr_par' dir='ltr' id='par_1_110' title="bbox 2045 4986 3644 5057">
     <span class='ocr_line' id='line_1_110' title="bbox 2045 4986 3644 5057; baseline -0.006 -5"><span class='ocrx_word' id='word_1_836' title='bbox 2045 5012 2173 5052; x_wconf 85' lang='lat' dir='ltr'><strong>casu</strong></span> <span class='ocrx_word' id='word_1_837' title='bbox 2218 4995 2448 5051; x_wconf 83' lang='lat' dir='ltr'><strong>fortuito</strong></span> <span class='ocrx_word' id='word_1_838' title='bbox 2500 4986 2618 5049; x_wconf 73' lang='lat' dir='ltr'><strong>haec</strong></span> <span class='ocrx_word' id='word_1_839' title='bbox 2665 4994 2808 5048; x_wconf 86' lang='lat' dir='ltr'><strong>mala</strong></span> <span class='ocrx_word' id='word_1_840' title='bbox 2856 4992 3238 5055; x_wconf 85' lang='lat' dir='ltr'><strong>obvenerunt,</strong></span> <span class='ocrx_word' id='word_1_841' title='bbox 3287 5001 3469 5057; x_wconf 85' lang='lat' dir='ltr'><strong>neque</strong></span> <span class='ocrx_word' id='word_1_842' title='bbox 3522 4987 3644 5042; x_wconf 83' lang='lat' dir='ltr'><strong>sine</strong></span> 
     </span>
    </p>
   </div>
   <div class='ocr_carea' id='block_1_111' title="bbox 2042 5078 3641 5155">
    <p class='ocr_par' dir='ltr' id='par_1_111' title="bbox 2042 5078 3641 5155">
     <span class='ocr_line' id='line_1_111' title="bbox 2042 5078 3641 5155; baseline -0.007 -12"><span class='ocrx_word' id='word_1_843' title='bbox 2042 5087 2444 5143; x_wconf 88' lang='lat' dir='ltr'><strong>deliberatione</strong></span> <span class='ocrx_word' id='word_1_844' title='bbox 2473 5084 2612 5141; x_wconf 88' lang='lat' dir='ltr'><strong>adeo</strong></span> <span class='ocrx_word' id='word_1_845' title='bbox 2645 5083 2888 5139; x_wconf 78' lang='lat' dir='ltr'><strong>nefarios</strong></span> <span class='ocrx_word' id='word_1_846' title='bbox 2921 5090 3155 5155; x_wconf 80' lang='lat' dir='ltr'><strong>conatus</strong></span> <span class='ocrx_word' id='word_1_847' title='bbox 3185 5078 3427 5150; x_wconf 82' lang='lat' dir='ltr'><strong>aggressi</strong></span> <span class='ocrx_word' id='word_1_848' title='bbox 3462 5086 3593 5133; x_wconf 90' lang='lat' dir='ltr'><strong>sunt</strong></span> <span class='ocrx_word' id='word_1_849' title='bbox 3626 5094 3641 5132; x_wconf 90' lang='lat'><strong>:</strong></span> 
     </span>
    </p>
   </div>
   <div class='ocr_carea' id='block_1_112' title="bbox 2043 5171 3645 5243">
    <p class='ocr_par' dir='ltr' id='par_1_112' title="bbox 2043 5171 3645 5243">
     <span class='ocr_line' id='line_1_112' title="bbox 2043 5171 3645 5243; baseline -0.006 -6"><span class='ocrx_word' id='word_1_850' title='bbox 2043 5180 2140 5237; x_wconf 87' lang='lat' dir='ltr'><strong>sed</strong></span> <span class='ocrx_word' id='word_1_851' title='bbox 2172 5180 2362 5236; x_wconf 88' lang='lat' dir='ltr'><strong>habito</strong></span> <span class='ocrx_word' id='word_1_852' title='bbox 2400 5179 2547 5234; x_wconf 88' lang='lat' dir='ltr'><strong>inter</strong></span> <span class='ocrx_word' id='word_1_853' title='bbox 2581 5194 2638 5233; x_wconf 90' lang='lat' dir='ltr'><strong>se</strong></span> <span class='ocrx_word' id='word_1_854' title='bbox 2675 5177 2908 5233; x_wconf 87' lang='lat' dir='ltr'><strong>consilio</strong></span> <span class='ocrx_word' id='word_1_855' title='bbox 2945 5174 3012 5230; x_wconf 88' lang='lat' dir='ltr'><strong>ad</strong></span> <span class='ocrx_word' id='word_1_856' title='bbox 3052 5182 3299 5231; x_wconf 77' lang='lat' dir='ltr'><strong>extrema</strong></span> <span class='ocrx_word' id='word_1_857' title='bbox 3335 5171 3542 5243; x_wconf 84' lang='lat' dir='ltr'><strong>ﬂagitia</strong></span> <span class='ocrx_word' id='word_1_858' title='bbox 3585 5187 3645 5228; x_wconf 86' lang='lat' dir='ltr'><strong>se</strong></span> 
     </span>
    </p>
   </div>
   <div class='ocr_carea' id='block_1_113' title="bbox 2042 5262 3645 5337">
    <p class='ocr_par' dir='ltr' id='par_1_113' title="bbox 2042 5262 3645 5337">
     <span class='ocr_line' id='line_1_113' title="bbox 2042 5262 3645 5337; baseline -0.006 -10"><span class='ocrx_word' id='word_1_859' title='bbox 2042 5271 2416 5327; x_wconf 88' lang='lat' dir='ltr'><strong>contulerunt.</strong></span> <span class='ocrx_word' id='word_1_860' title='bbox 2455 5270 2771 5326; x_wconf 87' lang='lat' dir='ltr'><strong>Detestatur</strong></span> <span class='ocrx_word' id='word_1_861' title='bbox 2814 5267 2999 5337; x_wconf 89' lang='lat' dir='ltr'><strong>itaque</strong></span> <span class='ocrx_word' id='word_1_862' title='bbox 3039 5266 3261 5321; x_wconf 79' lang='lat' dir='ltr'><strong>divinus</strong></span> <span class='ocrx_word' id='word_1_863' title='bbox 3295 5262 3466 5320; x_wconf 87' lang='lat' dir='ltr'><strong>Jacob</strong></span> <span class='ocrx_word' id='word_1_864' title='bbox 3506 5262 3645 5317; x_wconf 89' lang='lat' dir='ltr'><strong>isto-</strong></span> 
     </span>
    </p>
   </div>
   <div class='ocr_carea' id='block_1_114' title="bbox 2045 5357 3646 5429">
    <p class='ocr_par' dir='ltr' id='par_1_114' title="bbox 2045 5357 3646 5429">
     <span class='ocr_line' id='line_1_114' title="bbox 2045 5357 3646 5429; baseline -0.004 -13"><span class='ocrx_word' id='word_1_865' title='bbox 2045 5378 2167 5417; x_wconf 91' lang='lat' dir='ltr'><strong>rum</strong></span> <span class='ocrx_word' id='word_1_866' title='bbox 2200 5377 2554 5427; x_wconf 86' lang='lat' dir='ltr'><strong>consensum,</strong></span> <span class='ocrx_word' id='word_1_867' title='bbox 2587 5360 3257 5429; x_wconf 84' lang='lat' dir='ltr'><strong>communicationemque</strong></span> <span class='ocrx_word' id='word_1_868' title='bbox 3282 5357 3646 5413; x_wconf 88' lang='lat' dir='ltr'><strong>consiliorum</strong></span> 
     </span>
    </p>
   </div>
   <div class='ocr_carea' id='block_1_115' title="bbox 2046 5449 3645 5526">
    <p class='ocr_par' dir='ltr' id='par_1_115' title="bbox 2046 5449 3645 5526">
     <span class='ocr_line' id='line_1_115' title="bbox 2046 5449 3645 5526; baseline -0.004 -16"><span class='ocrx_word' id='word_1_869' title='bbox 2046 5463 2103 5510; x_wconf 92' lang='lat' dir='ltr'><strong>et</strong></span> <span class='ocrx_word' id='word_1_870' title='bbox 2137 5456 2501 5526; x_wconf 88' lang='lat' dir='ltr'><strong>propositum.</strong></span> <span class='ocrx_word' id='word_1_871' title='bbox 2540 5474 2557 5506; x_wconf 77' lang='grc' dir='ltr'><strong>ι</strong></span> <span class='ocrx_word' id='word_1_872' title='bbox 2586 5454 2707 5511; x_wconf 88' lang='lat' dir='ltr'><strong>Non</strong></span> <span class='ocrx_word' id='word_1_873' title='bbox 2735 5454 2907 5519; x_wconf 88' lang='lat' dir='ltr'><strong>enim,</strong></span> <span class='ocrx_word' id='word_1_874' title='bbox 2946 5454 3042 5517; x_wconf 88' lang='lat' dir='ltr'><strong>ait,</strong></span> <span class='ocrx_word' id='word_1_875' title='bbox 3083 5451 3429 5524; x_wconf 84' lang='lat' dir='ltr'><strong>ingrediatur</strong></span> <span class='ocrx_word' id='word_1_876' title='bbox 3459 5449 3645 5506; x_wconf 86' lang='lat' dir='ltr'><strong>anima</strong></span> 
     </span>
    </p>
   </div>
   <div class='ocr_carea' id='block_1_116' title="bbox 2051 5546 3644 5604">
    <p class='ocr_par' dir='ltr' id='par_1_116' title="bbox 2051 5546 3644 5604">
     <span class='ocr_line' id='line_1_116' title="bbox 2051 5546 3644 5604; baseline -0.006 -1"><span class='ocrx_word' id='word_1_877' title='bbox 2051 5562 2173 5603; x_wconf 88' lang='lat' dir='ltr'><strong>mea</strong></span> <span class='ocrx_word' id='word_1_878' title='bbox 2217 5547 2272 5601; x_wconf 89' lang='lat' dir='ltr'><strong>in</strong></span> <span class='ocrx_word' id='word_1_879' title='bbox 2316 5546 2617 5602; x_wconf 89' lang='lat' dir='ltr'><strong>consilium</strong></span> <span class='ocrx_word' id='word_1_880' title='bbox 2660 5562 2880 5604; x_wconf 90' lang='lat' dir='ltr'><strong>eorum.</strong></span> <span class='ocrx_word' id='word_1_881' title='bbox 2917 5555 2973 5600; x_wconf 91' lang='lat' dir='ltr'><strong>ct</strong></span> <span class='ocrx_word' id='word_1_882' title='bbox 3023 5546 3078 5600; x_wconf 90' lang='lat' dir='ltr'><strong>in</strong></span> <span class='ocrx_word' id='word_1_883' title='bbox 3117 5553 3261 5601; x_wconf 73' lang='lat' dir='ltr'><strong>coetu</strong></span> <span class='ocrx_word' id='word_1_884' title='bbox 3307 5556 3500 5598; x_wconf 90' lang='lat' dir='ltr'><strong>eorum</strong></span> <span class='ocrx_word' id='word_1_885' title='bbox 3531 5554 3644 5595; x_wconf 91' lang='lat' dir='ltr'><strong>non</strong></span> 
     </span>
    </p>
   </div>
   <div class='ocr_carea' id='block_1_117' title="bbox 2052 5633 3640 5708">
    <p class='ocr_par' dir='ltr' id='par_1_117' title="bbox 2052 5633 3640 5708">
     <span class='ocr_line' id='line_1_117' title="bbox 2052 5633 3640 5708; baseline -0.009 -12"><span class='ocrx_word' id='word_1_886' title='bbox 2052 5641 2308 5708; x_wconf 86' lang='lat' dir='ltr'><strong>dicentur</strong></span> <span class='ocrx_word' id='word_1_887' title='bbox 2351 5640 2556 5696; x_wconf 76' lang='lat' dir='ltr'><strong>eximia</strong></span> <span class='ocrx_word' id='word_1_888' title='bbox 2600 5655 2744 5697; x_wconf 88' lang='lat' dir='ltr'><strong>mea.</strong></span> <span class='ocrx_word' id='word_1_889' title='bbox 2809 5660 2828 5692; x_wconf 70' lang='grc' dir='ltr'><strong>ι</strong></span> <span class='ocrx_word' id='word_1_890' title='bbox 2892 5639 3128 5696; x_wconf 85' lang='lat' dir='ltr'><strong>Perinde</strong></span> <span class='ocrx_word' id='word_1_891' title='bbox 3173 5652 3238 5692; x_wconf 90' lang='lat' dir='ltr'><strong>ac</strong></span> <span class='ocrx_word' id='word_1_892' title='bbox 3284 5636 3329 5691; x_wconf 84' lang='lat' dir='ltr'><strong>si</strong></span> <span class='ocrx_word' id='word_1_893' title='bbox 3378 5633 3591 5688; x_wconf 82' lang='lat' dir='ltr'><strong>diceret</strong></span> <span class='ocrx_word' id='word_1_894' title='bbox 3627 5645 3640 5659; x_wconf 83' lang='lat'><strong>-</strong></span> 
     </span>
    </p>
   </div>
   <div class='ocr_carea' id='block_1_118' title="bbox 2053 5723 3641 5805">
    <p class='ocr_par' dir='ltr' id='par_1_118' title="bbox 2053 5723 3641 5805">
     <span class='ocr_line' id='line_1_118' title="bbox 2053 5723 3641 5805; baseline -0.011 -16"><span class='ocrx_word' id='word_1_895' title='bbox 2053 5734 2277 5789; x_wconf 76' lang='lat' dir='ltr'><strong>Avertat</strong></span> <span class='ocrx_word' id='word_1_896' title='bbox 2303 5734 2470 5799; x_wconf 83' lang='lat' dir='ltr'><strong>Deus,</strong></span> <span class='ocrx_word' id='word_1_897' title='bbox 2499 5748 2567 5788; x_wconf 82' lang='lat' dir='ltr'><strong>ne</strong></span> <span class='ocrx_word' id='word_1_898' title='bbox 2603 5733 2822 5805; x_wconf 83' lang='lat' dir='ltr'><strong>quando</strong></span> <span class='ocrx_word' id='word_1_899' title='bbox 2851 5732 2993 5788; x_wconf 83' lang='lat' dir='ltr'><strong>oculi</strong></span> <span class='ocrx_word' id='word_1_900' title='bbox 3036 5729 3346 5786; x_wconf 83' lang='lat' dir='ltr'><strong>intellectus</strong></span> <span class='ocrx_word' id='word_1_901' title='bbox 3377 5723 3481 5779; x_wconf 81' lang='lat' dir='ltr'><strong>mei</strong></span> <span class='ocrx_word' id='word_1_902' title='bbox 3518 5737 3641 5781; x_wconf 76' lang='lat' dir='ltr'><strong>ver-.-</strong></span> 
     </span>
    </p>
   </div>
  </div>
