4034 6536
362 483 469 537 547

1355 479 1410 536 S.
1453 480 1729 535 CYKILLI
1770 479 2243 534 ALEXANDRINI
2284 478 2603 535 ARCHIEP.

3572 468 3685 522 343

365 605 497 667 gant
518 596 574 651 in
600 596 728 651 talia
753 596 1005 661 consilia,
1036 607 1131 652 aut
1158 614 1254 653 cor
1288 614 1471 653 meum
1504 599 1739 655 subeant
1764 599 1955 655 istius-
1987 636 1996 662 ι

2082 599 2282 653 πώποτε
2306 598 2375 653 τὰ
2411 597 2740 669 παγχάλεπα
2776 597 2928 651 ταυτῖ
2954 595 3062 649 τῶν
3093 591 3472 665 ἠσεϐηκότων
3499 586 3686 656 σκέμ-

367 687 518 742 modi
562 686 742 756 impia:
785 688 1239 743 machinationes.
1282 689 1371 746 Sic
1397 699 1454 745 et
1492 692 1661 746 Isaias
1690 692 1955 762 propheta

369 775 538 832 deﬂet
561 778 794 847 populos
823 777 1161 843 Judworum,
1190 778 1383 835 dicens
1412 800 1425 834 :
1460 802 1477 832 ι
1514 781 1605 837 Vae
1642 783 1839 837 anima:
1878 784 1960 855 ip-

371 882 580 933 sorum,
619 870 749 938 quia
793 869 1039 925 inierunt
1079 873 1284 926 malum
1321 874 1613 929 consilium
1648 883 1840 930 contra
1873 892 1961 933 se-

373 959 553 1031 ipsos,
608 959 902 1016 dicentes:
947 961 1267 1032 Ligabimus
1317 964 1566 1034 justum,
1616 967 1747 1036 quia
1801 970 1960 1025 nobis

373 1051 696 1106 commodus
724 1068 834 1106 non
864 1062 949 1107 est
973 1054 1093 1107 ³⁸⁸.»
1127 1055 1316 1110 Psallit
1345 1057 1511 1111 etiam
1536 1057 1707 1112 David
1736 1077 1748 1112 :
1781 1074 1799 1109 ι
1822 1061 1959 1115 Βραι-

376 1149 465 1195 tus
493 1139 578 1194 vir
607 1141 702 1210 qui
730 1157 843 1197 non
873 1142 1012 1197 abiit
1048 1144 1104 1198 in
1140 1146 1431 1201 consilium
1466 1149 1781 1218 impiorum,
1822 1161 1879 1205 et
1906 1153 1961 1208 in

374 1230 464 1285 via
506 1240 860 1301 peccatorum
906 1250 1018 1289 non
1063 1237 1217 1291 stetit
1251 1239 1290 1292 ".
1328 1258 1346 1291 ι
1387 1239 1453 1294 Et
1489 1258 1707 1296 rursum
1749 1260 1760 1296 :
1810 1264 1828 1295 ‹
1857 1243 1960 1300 Odi

375 1319 667 1376 ecclesiam
699 1323 1147 1395 malignantium,
1193 1334 1252 1381 et
1309 1343 1436 1383 cum
1477 1330 1661 1399 impiis
1708 1348 1825 1403 non
1878 1349 1964 1388 se—

376 1408 521 1465 debo
542 1410 584 1465 ⁸.
617 1430 636 1463 ι
677 1412 924 1468 Discedit
951 1415 1137 1485 itaque
1162 1414 1359 1472 beatus
1388 1418 1557 1474 Jacob
1583 1436 1613 1474 a
1644 1422 1962 1478 Iudaeorum

378 1505 900 1572 consultationibus,
934 1516 992 1564 et
1030 1509 1186 1565 addit
1204 1527 1425 1567 causam
1458 1531 1470 1566 :
1512 1537 1528 1564 ‹
1557 1513 1716 1581 Quia,
1762 1517 1961 1586 inquit,

380 1596 657 1653 in‘l‘urore
692 1613 793 1654 suo
828 1599 1230 1658 interfecerunt
1260 1604 1533 1672 homines,
1561 1615 1618 1663 et
1647 1608 1699 1663 i-n
1734 1609 1964 1665 libidine

380 1706 480 1745 sua
511 1702 919 1749 enervaverunt
955 1702 1195 1750 taurum.
1247 1715 1266 1748 ι
1310 1695 1646 1755 Occiderunt
1683 1703 1852 1770 enim,
1904 1713 1967 1761 ut

380 1778 518 1843 dixi,
540 1788 765 1836 sanctos
787 1781 993 1839 furiosa
1024 1784 1107 1838 ira
1132 1785 1276 1855 rapti
1298 1786 1367 1842 ad
1394 1789 1658 1845 saevitiam
1689 1801 1854 1863 atque
1878 1793 1966 1849 in-

382 1871 812 1940 humanitatem;
866 1889 1104 1945 cumque
1154 1877 1343 1933 miseri
1391 1882 1562 1937 semel
1612 1882 1669 1937 in
1723 1896 1964 1941 mentem

382 1977 537 2017 suam
573 1963 927 2021 admisissent
950 1967 1274 2023 effrenatam
1301 1976 1359 2024 et
1385 1974 1731 2028 temerariam
1757 1990 1975 2031 concu-.
1997 1957 2037 2011 Β

380 2052 741 2121 piscentiam,
785 2065 1199 2112 enervaverunt
1238 2068 1493 2125 taurum,
1535 2062 1641 2118 hoc
1682 2075 1768 2122 est
1803 2064 1967 2121 Chri-

381 2151 549 2198 stum.
573 2142 704 2210 Quie
723 2154 907 2201 autem
932 2148 1006 2203 sit
1022 2149 1127 2204 ista
1153 2154 1625 2223 concupiscentia,
1647 2164 1809 2212 antea
1828 2157 1972 2212 dixi-

383 2248 527 2288 mus.
572 2236 709 2291 Nam
747 2237 842 2293 ubi
883 2242 1270 2311 cognovissent
1318 2244 1466 2314 quod
1508 2245 1552 2300 is
1587 2254 1735 2303 esset
1768 2248 1966 2315 hazres,

383 2327 823 2396 concupiverunt
850 2330 973 2400 ejus
1004 2331 1401 2390 hereditatem.

454 2521 509 2576 3.
554 2523 664 2578 Sed
689 2525 816 2581 vide
848 2542 1012 2597 quam
1053 2540 1311 2587 accurate
1344 2532 1574 2589 historia
1606 2536 1816 2607 singula
1843 2552 1971 2607 per-

388 2618 610 2668 tractet.
639 2615 775 2670 Nam
815 2619 1139 2676 occiderunt
1163 2623 1385 2693 quidem
1420 2623 1693 2692 homines,
1722 2626 1818 2682 sed
1856 2635 1975 2682 tau-

388 2719 513 2757 rum
549 2719 971 2766 enervaverunt.
1011 2710 1149 2779 Quia
1192 2723 1415 2772 sanctos
1455 2716 1680 2787 quidem
1726 2718 1973 2776 tradide-

387 2803 517 2849 runt
550 2798 735 2863 morti,
772 2801 822 2869 2
842 2800 939 2872 [9
967 2804 1061 2874 qui
1090 2813 1145 2860 et
1173 2816 1600 2875 permanserunt
1628 2810 1852 2877 mortui,
1876 2826 1973 2866 ex-

385 2895 698 2954 spectantes
723 2897 939 2962 tempus
959 2894 1384 2950 resurrectionis
1408 2914 1420 2950 :
1441 2896 1536 2952 sed
1555 2904 1815 2968 tanquam
1833 2899 1978 2955 vitu-

385 2978 475 3034 lus
517 2981 739 3050 quidam
784 2986 854 3039 ab
897 2987 1079 3056 aquila
1121 2998 1418 3044 enervatus
1460 2990 1663 3046 cecidit
1705 2992 1977 3062 quodam-

387 3069 555 3124 modo
578 3071 634 3124 in
657 3080 864 3127 terram
887 3074 1162 3142 Christus,
1186 3078 1485 3149 volensque
1509 3095 1610 3150 pro
1640 3080 1804 3136 nobis
1831 3097 1981 3136 mor-

389 3169 499 3216 tem
535 3177 831 3234 perpessus
867 3175 984 3233 est;
1035 3184 1144 3224 non
1188 3178 1373 3226 tamen
1420 3188 1450 3225 a
1497 3180 1676 3228 morte
1720 3172 1980 3229 detentus

388 3252 513 3317 fuit,
545 3255 657 3309 imo
685 3271 817 3311 vero
847 3258 977 3314 licet
1002 3260 1171 3315 veluti
1213 3263 1380 3318 homo
1419 3272 1673 3319 mortuus
1700 3265 1794 3330 sit,
1820 3280 1978 3319 man—

389 3345 463 3399 sit
510 3352 695 3401 tamen
746 3348 907 3404 vivus
954 3351 1011 3405 in
1063 3352 1247 3408 divina
1290 3366 1509 3410 natura.
1555 3356 1773 3413 Taurus
1813 3357 1981 3428 igitur

388 3436 660 3504 Christus,
687 3440 815 3509 quia
846 3441 1289 3499 robustissimum
1318 3448 1519 3501 animal
1538 3457 1641 3515 est,
1665 3458 1829 3520 atque
1851 3452 1979 3505 item

391 3546 594 3600 purum
628 3534 1167 3606 sanctissimumque.
1190 3538 1361 3593 Filius
1387 3549 1572 3594 autem
1599 3550 1683 3596 est
1711 3542 1984 3599 Dominus

391 3622 738 3681 fortitudinis
772 3634 827 3682 et
866 3628 1147 3697 potentiae,
1185 3630 1280 3699 qui
1326 3645 1437 3685 non
1479 3633 1753 3688 commisit
1793 3650 1987 3704 pecca-

392 3726 512 3771 tum
534 3718 650 3783 9'”,
681 3719 794 3773 imo
819 3737 954 3775 vero
981 3723 1222 3792 seipsum
1255 3724 1457 3779 obtulit
1476 3742 1573 3795 pro
1591 3727 1751 3783 nobis
1778 3728 1829 3782 in
1847 3729 1984 3784 odo-

395 3822 515 3861 rem
561 3811 851 3865 suavitatis
884 3813 998 3867 Deo
1038 3829 1100 3869 ac
1133 3815 1283 3870 Patri
1319 3816 1376 3870 η.
1442 3818 1685 3874 Audiant
1721 3820 1889 3890 igitur
1929 3821 1986 3875 lii

394 3899 492 3980 qui
554 3900 705 3956 hunc
763 3903 903 3959 adeo
956 3916 1207 3961 sanctum
1252 3914 1470 3963 taurum
1523 3922 1981 3968 enervaverunt:

404 4012 425 4042 ι
461 3993 788 4052 Maledictus
831 3998 989 4054 furor
1032 4001 1298 4071 ipsorum,
1333 4005 1463 4075 quia
1509 4008 1783 4076 pertinax,
1813 4016 1868 4063 et
1906 4007 1988 4063 ira

397 4084 643 4154 ipsorum
672 4089 800 4158 quia
836 4090 1107 4148 induruit.
1160 4114 1177 4146 ι
1234 4093 1339 4151 Sed
1369 4097 1502 4167 quid
1544 4098 1616 4153 ob
1645 4100 1753 4155 hoc
1783 4101 1865 4155 eis
1894 4116 1989 4156 ac-

397 4178 569 4232 cidit?
594 4180 767 4250 Ejecti
809 4191 940 4238 sunt
972 4201 1003 4241 e
1037 4187 1152 4242 suis
1186 4187 1431 4258 ipsorum
1470 4190 1746 4258 domibus,
1773 4193 1992 4251 exsule-,-

400 4281 639 4341 runtque
677 4290 744 4330 ex
780 4278 977 4347 patria,
1008 4279 1257 4352 dissipati
1303 4283 1453 4348 sunt,
1485 4292 1539 4337 et
1572 4283 1701 4339 facti
1743 4293 1990 4341 extorres

400 4370 567 4434 atque
616 4365 858 4434 advena,
896 4377 952 4425 et
1004 4371 1071 4426 ad
1126 4388 1395 4439 summam
1454 4374 1696 4443 inopiam
1758 4376 1987 4431 redacti.

400 4454 604 4512 Verum
635 4461 782 4515 enim
810 4471 894 4517 est
921 4464 1090 4534 quod,
1128 4465 1271 4521 sicut
1306 4467 1424 4523 avis
1454 4484 1582 4522 cum
1619 4467 1922 4523 evolaverit
1958 4484 1991 4524 e

401 4548 536 4604 nido
567 4565 700 4617 suo,
742 4553 818 4609 ita
852 4555 926 4610 sit
967 4557 1133 4611 etiam
1185 4559 1350 4613 homo
1390 4559 1484 4629 qui
1528 4576 1557 4614 a
1590 4561 1830 4631 propriis
1857 4561 1992 4616 locis

2062 708 2229 763 ματα.
2258 689 2418 744 Οῦτω
2451 689 2544 744 καὶ
2570 688 2599 741 6
2632 688 2914 761 προφήτης
2960 686 3188 749 Ἡσαΐας
3216 684 3355 746 τοὺς
3392 679 3516 732 τῶν
3541 678 3687 730 ἰου-

2057 784 2225 838 δαίων
2245 782 2453 855 δήμους
2482 780 2778 845 ταλανίζει,
2814 779 3009 847 λέγων·
3043 797 3061 831 ι
3109 776 3246 831 Οὐαὶ
3277 776 3353 846 τῇ
3389 771 3550 842 ψυχῇ
3584 768 3686 822 αὐ-

2058 876 2189 944 τῶν,
2219 874 2355 929 διότι
2378 874 2756 947 βεϐούλευνται
2777 873 2976 944 βουλὴν
3003 869 3271 941 πονηρὰν,
3305 862 3685 923 καθ’ὲαυτῶν

2060 968 2329 1032 εἰπόντες,
2363 970 2629 1038 Δήσωμεν
2658 966 2750 1019 τὸν
2770 965 3003 1027 δίκαιον,
3038 965 3119 1018 ὅτι
3144 961 3513 1034 δύσχρηστος
3546 956 3685 1027 ἡμῖν

2060 1062 2196 1115 ἐστι.
2234 1079 2252 1112 ι
2280 1059 2488 1113 Ψάλλει
2510 1059 2566 1112 δὲ
2600 1058 2694 1113 καὶ
2731 1061 2759 1112 ό
2788 1057 2972 1111 Δαϐίδο
3018 1076 3037 1108 ι
3070 1053 3371 1123 Μακάριος
3412 1049 3565 1121 ἀνὴρ
3623 1047 3684 1110 ὃς

2060 1152 2161 1207 οὐκ
2183 1150 2455 1222 ἐπορεύθη
2485 1152 2542 1204 ὲν
2570 1149 2733 1220 βουλῇ
2764 1149 3000 1211 ἀσεόὦν,
3038 1147 3133 1202 καὶ
3172 1147 3229 1199 ὲν
3252 1143 3371 1213 ὁδῷ
3405 1144 3684 1212 ἁμαρτω-

2061 1242 2170 1296 λῶν
2207 1243 2310 1296 οὐκ
2353 1242 2506 1312 ἔστη.
2540 1260 2559 1293 ι
2616 1242 2728 1296 Καὶ
2758 1241 2941 1295 πάλιν·
2979 1257 2998 1291 ι
3030 1237 3309 1309 Ἐμίσησα
3362 1232 3685 1302 ἐκκλησίαν

2063 1333 2537 1406 πονηρευομένων,
2579 1333 2675 1387 καὶ
2723 1332 2860 1403 μετά
2890 1330 3102 1385 ἀσεϐῶν
3131 1329 3195 1383 οὐ
3246 1327 3329 1399 μὴ
3364 1324 3612 1380 καθίσω.
3658 1342 3678 1375 ι

2076 1426 2374 1496 Ἀποφοιτᾷ
2404 1424 2694 1495 τοιγαροῦν
2721 1428 2750 1479 ό
2802 1423 3087 1485 θεσπέσιος
3131 1417 3332 1474 Ἰακὼϐ
3362 1417 3483 1470 τῶν
3543 1416 3679 1469 ’1ου-

2062 1518 2266 1573 δαῖκῶν
2303 1517 2655 1589 σκεμμάτων·
2711 1516 2955 1584 ἐπιλέγει
2982 1515 3039 1568 δὲ
3067 1514 3165 1578 τὰς
3188 1511 3408 1574 αἰτίας,
3434 1508 3536 1563 καί
3569 1525 3677 1579 φη-

2066 1628 2170 1669 σιν,
2202 1630 2221 1663 ‹
2263 1610 2386 1664 Ὀτι
2417 1611 2474 1662 ὲν
2503 1607 2580 1680 τῷ
2622 1606 2779 1679 θυμῷ
2825 1605 3005 1660 αὐτῶν
3060 1604 3403 1659 ἀπέκτειναν
3456 1599 3675 1671 ἀνθρώ-

2066 1718 2225 1768 πους,
2259 1702 2352 1755 καὶ⁸
2370 1704 2428 1755 ὲν
2456 1702 2522 1771 τῇ
2551 1699 2817 1772 ἐπιθυμίᾳ
2843 1697 3020 1753 αὐτῶν
3056 1695 3526 1768 ὲνευροκόπησαν
3547 1690 3683 1744 ταῦο

2069 1811 2181 1868 ρον.
2233 1810 2253 1847 ι
2288 1794 2650 1848 Ἀπεκτόνασι
2682 1793 2782 1864 μὲν
2805 1790 2914 1864 γὰρ
2942 1791 3153 1860 ἁγίους,
3179 1789 3256 1853 ὡς
3275 1787 3450 1859 ἔφην,
3475 1783 3685 1856 ἀνοσίῳ

2068 1883 2225 1956 θυμῷ
2250 1885 2386 1955 πρὸς
2411 1884 2672 1957 ὠμότητα
2692 1884 2783 1937 καὶ
2812 1881 3210 1955 ἀπανθρωπίαν
3239 1875 3679 1951 στρατηγούμε-

2067 1995 2168 2043 νοι,
2200 1978 2460 2050 ἀνήνυτον
2492 1978 2549 2032 δὲ
2588 1978 2682 2031 καὶ
2730 1975 3153 2030 ἀκατάσκεπτον
3184 1970 3501 2043 ἐπιθυμίαν
3534 1984 3677 2021 παν-

2068 2066 2239 2132 τελῶς
2277 2069 2359 2133 είς
2390 2067 2515 2123 νοῦν
2543 2067 2756 2132 ἑλόντες
2810 2068 2858 2120 οι
2909 2064 3159 2129 τάλανες,
3209 2059 3677 2132 ὲνευροκόπησαν

2069 2159 2304 2232 ταῦρον,
2363 2159 2610 2214 τουτέστι
2666 2159 2921 2230 Χριστόν.
2983 2156 3094 2212 Καὶ
3144 2153 3235 2219 τίς.
3280 2154 3319 2226 ἡ
3377 2149 3674 2220 ἐπιθυμία.

2072 2252 2437 2324 προλαϐόντες
2475 2253 2796 2322 εἰρήκαμεν.
2841 2246 3251 2318 Ἐπεγνωκότες
3293 2245 3403 2318 μὲν
3448 2243 3564 2314 γάρ
3597 2242 3676 2295 ὅτι

2072 2344 2405 2415 κληρονόμος
2434 2342 2603 2408 ἐστὶν,
2626 2340 2979 2412 ἐπεθύμησαν
3005 2337 3149 2411 ἔχειν
3172 2336 3273 2409 τὴν
3296 2331 3679 2407 κληρονομίαν

2074 2434 2263 2491 αὐτοῦ.

2144 2535 2215 2600 γ’.
2249 2527 2358 2584 Καὶ
2395 2528 2498 2600 δρα
2529 2524 2624 2580 τοῦ
2670 2524 2830 2595 λόγου
2870 2523 2970 2595 τὴν
3001 2523 3354 2593 ὲπιτήρησιν.
3411 2513 3675 2571 Ἀπεκτό-

2075 2638 2199 2677 νασι
2249 2619 2349 2692 μὲν
2381 2619 2492 2691 γάρ
2529 2618 2656 2682 τούς
2708 2615 3053 2688 ἀνθρώπους,
3112 2610 3573 2683 ἑνευροκόπησαν
3620 2607 3675 2659 δὲ

2075 2714 2166 2769 τὸν
2195 2712 2417 2786 ταῦρον.
2467 2710 2696 2782 Θανάτῳ
2741 2708 2839 2780 μὲν
2895 2705 3003 2776 γὰρ
3051 2701 3501 2776 περιδεδλήκασι
3552 2697 3675 2761 τοὺς

2078 2807 2288 2877 ἁγίους,
2316 2807 2407 2860 καὶ
2440 2804 2783 2876 μεμενήκασι
2814 2798 3001 2869 νεκροὶ
3045 2795 3137 2850 τὸν
3174 2795 3277 2865 τῆς
3313 2792 3673 2892 ἀναστάσεως

2078 2899 2268 2973 καιρὸν
2294 2896 2703 2971 περιμένοντες.
2741 2893 2885 2947 Ἀλλ’
2908 2887 2999 2945 οἷά
3029 2906 3112 2985 τις
3138 2888 3347 2985 μόσχος
3382 2886 3492 2985 ὑπὸ
3518 2885 3673 2985 ἀετοῦ

2079 2988 2600 3060 νευροκοπούμενος,
2633 2984 2850 3038 ὤκλασε
2899 2982 2998 3054 μὲν
3040 2980 3201 3034 οίονεί
3236 2995 3362 3041 πως
3392 2978 3475 3040 είς
3510 2976 3614 3044 γῆν
3646 2976 3673 3024 ὁ

2080 3081 2335 3155 Χριστὸς,
2360 3080 2504 3134 ἑκὼν
2531 3077 2829 3149 ὑπομείνας
2875 3074 2966 3128 τὸν
3006 3071 3357 3144 τῆςσαρκδς
3400 3068 3630 3123 θάνατον
3654 3081 3668 3095 ο

2083 3176 2221 3257 πλὴν
2250 3175 2312 3228 οὐ
2346 3172 2536 3242 γέγονε
2561 3170 2638 3242 τῷ
2669 3169 2885 3239 θανάτῳ
2916 3168 3151 3259 κάτοχος
3160 3158 3190 3194 ’ν
3217 3161 3428 3259 ἀλλ’-εί
3463 3159 3559 3259 καὶ
3585 3158 3671 3259 γί-

2083 3252 2208 3337 γονε
2236 3264 2427 3337 νεκρὸς
2452 3263 2527 3326 ὡς
2559 3260 2866 3333 ἄνθρωπος,
2899 3256 3296 3330 άπομεμένηκε
3345 3252 3460 3319 ζῶν
3484 3253 3549 3323 τῇ
3575 3252 3673 3318 τῆς

2084 3360 2337 3431 θεότητος
2367 3358 2548 3429 φύσει.
2587 3355 2800 3427 Ταῦρος
2830 3353 2886 3408 δὲ
2911 3353 2940 3406 6
2973 3348 3209 3423 Χριστός
3232 3365 3246 3379 ⁸
3282 3346 3538 3409 εὐσθενὲς
3565 3342 3671 3413 γὰρ

2083 3454 2165 3508 ὅτι
2201 3453 2436 3524 μάλιστα
2467 3450 2524 3504 τὸ
2556 3450 2713 3515 ζῶον,
2738 3446 2977 3516 καθαρόν
3002 3462 3060 3499 τε
3087 3444 3181 3497 καὶ
3208 3441 3534 3513 ἱερώτατον.
3563 3435 3672 3490 Κύ-

2088 3560 2201 3618 ριος
2223 3544 2279 3598 δὲ
2304 3545 2411 3600 τῶν
2441 3542 2722 3612 δυνάμεων
2742 3542 2770 3594 6
2796 3540 2944 3606 Υἱὸς,
2975 3537 3033 3602 ὃς
3063 3537 3125 3591 οὐ
3158 3535 3467 3605 πεποίηκεν
3493 3533 3668 3601 ἀμαρ-

2085 3639 2227 3702 τίαν,
2271 3635 2462 3690 ὲαυτδν
2512 3634 2569 3689 δὲ
2629 3632 2830 3704 μᾶλλον
2886 3630 3153 3701 ἀνέθηκεν
3204 3628 3348 3698 ὑπὲρ
3398 3624 3555 3697 ἡμῶν
3594 3623 3670 3684 είς

2086 3727 2262 3797 ὀσμὴν
2320 3724 2547 3787 εὐωδίας
2600 3722 2678 3794 τῷ
2731 3721 2851 3793 Θεῷ
2906 3720 3001 3775 καὶ
3056 3720 3251 3790 Πατρί.
3301 3715 3669 3816 Ἀκουέἷωσαν

2086 3819 2265 3872 τοίνυν
2291 3816 2341 3873 οἱ
2376 3816 2463 3871 τὸν
2494 3816 2634 3870 οὕτω
2673 3815 2868 3868 σεπτὸν
2896 3812 3403 3884 νευροκοπήσαντες
3434 3812 3665 3875 ταῦρον’

2095 3930 2114 3964 ι
2156 3909 2585 3980 Ἐπικατάρατος
2610 3908 2639 3961 6
2666 3906 2837 3978 θυμὸς
2864 3903 3064 3970 αὐτῶν,
3099 3904 3180 3957 ὅτι
3206 3902 3447 3971 αὐθάδης
3472 3916 3485 3929 ο
3519 3899 3608 3951 καὶ
3637 3894 3671 3961 ἡ

2093 3986 2252 4073 μῆνις
2287 4001 2488 4065 αὐτῶν,
2517 4000 2598 4052 δτι
2641 3997 3005 4068 ὲσκληρύνθη.
3049 4016 3068 4047 ι
3111 3994 3176 4047 Τί
3209 3994 3273 4064 δὴ
3312 3988 3407 4047 οὖν
3440 3995 3548 4060 ἄρα
3579 4005 3670 4039 πε-

2091 4093 2389 4158 πόνθασινς
2436 4090 2729 4162 Ἐξῴχοντο
2760 4090 2859 4161 τῆς
2893 4088 3122 4155 ἑαυτῶν,
3159 4087 3254 4140 καὶ
3285 4082 3669 4139 ἀπολελοίπασι

2095 4186 2195 4257 μὲν
2220 4186 2317 4255 τὴν
2361 4183 2717 4252 ἐνεγκοῦσανθ
2766 4179 3140 4252 διεσπάρησαν
3186 4178 3242 4232 δὲ
3287 4177 3382 4232 καὶ
3420 4174 3667 4245 γεγόνασι

2092 4276 2369 4348 πανταχοῦ
2403 4276 2563 4344 ξένοι,
2595 4275 2689 4329 καὶ
2718 4273 2980 4344 ἐπήλυδες
3018 4273 3111 4326 καὶ
3144 4272 3430 4342 περιδεεῖς.
3460 4263 3665 4333 Ἀληθὶς

2093 4372 2201 4443 γὰρ
2234 4371 2314 4424 ὅτι
2343 4370 2533 4441 ὥσπερ
2567 4369 2745 4441 δρνιον
2777 4369 2904 4422 ὃταν
2933 4365 3246 4436 ὲκπετασθῇ
3272 4365 3373 4452 τῆς
3412 4362 3543 4423 ἰδίας
3572 4373 3666 4452 κα-

2092 4460 2232 4524 λιᾶς,
2265 4459 2407 4513 οῦτω
2459 4460 2552 4514 καὶ
2599 4456 2884 4529 ἄνθρωπος
2933 4456 3061 4509 ὅταν
3120 4451 3404 4521 ὲκσπασθῇ
3456 4452 3519 4503 ἐκ
3564 4460 3665 4496 τινν

2099 4553 2245 4607 ἰδίων
2278 4552 2477 4606 τόπων.
2500 4552 2897 4624 Προσεπειπεϊν
2931 4547 2988 4601 δὲ
3013 4545 3169 4618 οἶμαι
3195 4546 3416 4599 κάκεῖνο
3444 4539 3664 4611 πρέπονι

402 4642 625 4699 avulsus
647 4653 749 4700 est.
777 4646 948 4702 Porro
982 4649 1117 4702 illud
1155 4652 1319 4705 etiam
1358 4652 1729 4722 adjiciendum
1766 4669 1987 4720 censeo,

2096 4647 2176 4702 ὅτι
2210 4647 2322 4710 τοῖς
2371 4644 2471 4716 μὲν
2531 4643 2621 4698 τὸν
2674 4642 2877 4714 ταῦρον
2911 4640 3377 4713 νευροκοπήσασιν
3415 4636 3493 4697 είς
3535 4627 3665 4725 ἀρὰν

404 4735 552 4804 quod
579 4734 648 4790 iis
674 4737 900 4806 quidem
939 4739 1033 4809 qui
1070 4747 1289 4795 taurum
1326 4752 1750 4808 enervaverunt,
1781 4759 1871 4799 res
1897 4760 1989 4800 cc-

405 4826 500 4883 det
526 4826 581 4883 in
605 4831 1051 4887 maledictionem
1076 4850 1088 4886 :
1120 4834 1189 4888 iis
1212 4850 1345 4888 vero
1374 4837 1468 4905 qui
1498 4835 1796 4903 doluerint,
1828 4837 1992 4892 adeo-

405 4935 511 4988 que
538 4936 700 4991 grave
725 4922 935 4979 crimen
956 4940 987 4978 a
1009 4939 1067 4980 se
1091 4927 1418 4992 amovet-intr,
1445 4931 1550 4983 erit
1575 4930 1630 4983 in
1655 4929 1990 5000 redemptio-

405 5024 554 5074 nem,
578 5013 1070 5085 purgationemque
1107 5024 1158 5070 et
1190 5026 1538 5086 peccatorum
1586 5021 1987 5076 remissionem.

408 5100 769 5170 chericmus
816 5114 999 5160 autem
1055 5105 1223 5161 etiam
1270 5107 1374 5163 hoc
1419 5125 1517 5179 per
1559 5110 1693 5180 legis
1739 5111 1991 5166 umbram

409 5181 765 5261 descriptum.
805 5196 885 5251 lta
925 5215 1054 5253 vero
1081 5198 1247 5255 habet
1277 5199 1331 5254 in
1360 5201 1793 5257 Dcutcrouomio
1828 5220 1840 5254 :
1875 5221 1893 5253 ‹
1934 5201 1991 5256 Si

411 5281 694 5336 inventum
744 5284 912 5340 fuerit
956 5289 1191 5345 cadaver
1232 5292 1475 5349 hominis
1513 5293 1679 5348 occisi
1721 5292 1777 5347 in
1823 5301 1989 5359 terra,

409 5387 575 5440 quam
615 5373 880 5429 Dominus
909 5377 1051 5430 Deus
1078 5385 1204 5433 tuus
1230 5379 1324 5435 dat
1349 5381 1445 5435 tibi
1480 5381 1533 5435 in
1562 5381 1989 5451 possessionem,

406 5462 594 5532 jacens
637 5463 692 5517 in
733 5478 948 5533 campo,
981 5474 1037 5519 et
1066 5482 1174 5521 non
1204 5470 1561 5540 cognoverint
1586 5486 1711 5526 eum
1741 5469 1834 5540 qui
1871 5485 1995 5540 per-

411 5555 585 5611 cussit
636 5556 826 5620 illum,
881 5558 1196 5628 egredietur
1236 5568 1460 5617 senatus
1503 5570 1653 5626 tuus,
1689 5571 1745 5617 et
1779 5560 1996 5632 judiccs

417 5651 518 5713 tui,
543 5659 601 5707 et
641 5651 940 5706 metientur
973 5651 1041 5707 ad
1078 5653 1243 5709 urbes
1271 5655 1364 5727 qui
1399 5655 1453 5709 in
1494 5656 1729 5710 circuitu
1770 5654 1949 5709 necati
1978 5673 1990 5706 :

415 5751 472 5797 ct
510 5745 617 5799 erit
650 5745 783 5800 urbs
816 5745 1122 5817 propinqua
1162 5756 1376 5814 necato,
1414 5756 1469 5801 et
1507 5747 1738 5817 accipiet
1771 5756 1995 5801 senatus

488 5927 682 5982 "‘lsa.
721 5943 799 5991 ιιι,
828 5927 879 5981 9.
960 5929 976 5955 τ
1012 5926 1155 5981 l‘sal.
1198 5942 1234 5991 ι,
1277 5927 1325 5979 l.

2095 4722 2261 4791 ἔσται¹
2289 4736 2349 4790 τὸ
2394 4735 2615 4808 χρῆμαο
2653 4737 2768 4797 τοῖς
2806 4748 2872 4802 γε
2917 4730 3025 4802 μὴν
3075 4727 3433 4800 ὲπηλγηκόσι,
3482 4721 3572 4774 καὶ
3609 4716 3664 4770 τὸ

2094 4832 2237 4888 οῦτω
2269 4832 2442 4887 δεινὸν
2493 4828 2908 4899 ἀποσειομένοις
2959 4825 3234 4895 ἔγκλημα,
3282 4821 3475 4915 λύτρον
3518 4815 3661 4915 ἔσται

2096 4920 2189 4980 καὶ
2228 4924 2495 4997 κάθαρσις
2523 4923 2619 4975 καὶ
2648 4919 2935 4993 ἁμαρτιῶν
2956 4916 3237 4980 ἀπόθεσις.
3273 4912 3586 5013 Ιξὺρὴσομῗ

2093 5017 2181 5071 διὰ
2209 5015 2308 5086 τῆς
2336 4995 2393 5068 ὲν
2425 5013 2577 5084 νόμῳ
2608 5012 2786 5076 σκιᾶς,
2809 5011 2947 5082 ὅπερ
2974 5007 3110 5079 ἔφην
3139 5004 3495 5096 γραφόμενον.

2093 5111 2202 5182 γὰρ
2244 5081 2418 5171 οὕτως
2461 5081 2521 5161 ὲν
2548 5081 2642 5175 *τῷ
2691 5081 3118 5174 Δευτερονομίῳ·
3155 5117 3173 5150 ‹
3213 5096 3339 5194 :Eav
3384 5092 3440 5146 δὲ
3476 5081 3659 5194 εαιξξεθῇ

2093 5178 2437 5274 τραυματίας
2486 5199 2544 5251 ὲν
2572 5199 2641 5268 τῇ
2670 5198 2765 5268 γῇ,
2800 5195 2868 5266 ἦν
2902 5192 3107 5295 ιξύριος
3141 5191 3189 5290 ὁ..
3208 5178 3656 5295 ΘεόΞΙσουῌδΞδωρξ

2098 5266 2181 5345 σοι
2213 5266 2642 5362 κληρονομῆσαι,
2676 5266 2984 5347 πεπτωκὼς
3022 5282 3080 5335 ὲν
3119 5277 3198 5349 τῷ
3244 5275 3429 5346 πεδίῳ,
3459 5266 3547 5324 καὶ
3567 5266 3656 5316 οὐκ

2095 5384 2267 5438 οἴδασι
2294 5361 2386 5435 τὸν
2413 5378 2747 5444 πατάξαντα,
2792 5373 3136 5442 ἐξελεύσεται
3177 5371 3212 5441 ἠ
3256 5361 3504 5455 γερονσία
3538 5368 3652 5455 ξουσ

2098 5471 2193 5526 καλ⁸
2217 5472 2264 5523 οἱ
2295 5467 2477 5540 κριταί
2514 5483 2628 5534 σου,
2656 5465 2748 5519 καὶ
2782 5463 3212 5534 ὲκμετρήσουσιν
3245 5456 3336 5510 ἐπὶ
3359 5453 3453 5552 τὰς
3490 5445 3652 5552 ξδλειξ

2100 5559 2199 5623 τὰς
2248 5527 2431 5629 κύκλῳ
2467 5555 2562 5611 τοῦ
2613 5553 2974 5627 τραυματῑου,
3027 5550 3121 5604 καὶ
3160 5548 3312 5601 ἔσται
3355 5544 3389 5613 ἡ
3439 5527 3650 5629 πόλις

2102 5617 2414 5719 ἐγγίζουσέ
2438 5646 2516 5717 τῷ
2551 5617 2877 5718 τραῦμάτίᾳ.
2925 5617 3035 5695 Καὶ
3073 5639 3301 5712 λήψεται
3347 5617 3655 5729 ὴ-γερςυσξστ

2100 5742 2197 5811 τῆς
2223 5739 2429 5802 πόλεως
2458 5737 2669 5806 ἐκείνης
2695 5733 2925 5804 δάμαλιν
2949 5733 3010 5785 ἐκ
3035 5731 3192 5794 βοῶν,
3216 5729 3335 5799 ἥτις
3355 5722 3449 5777 οὐκ
3487 5722 3651 5785 εῖρῖα’

1403 5927 1421 5955 '
1449 5925 1589 5979 Psal.
1636 5940 1759 5990 xxv,
1782 5923 1836 5977 5.
1914 5922 2007 5954 ’⁸⁸⁸
2035 5921 2050 5975 1
2078 5922 2225 5976 I'etr.
2255 5919 2417 5983 ",21'3.
2501 5918 2535 5947 “
2564 5916 2765 5985 EpEiizs.
2808 5914 2937 5975 T,2.
