4034 6514
337 457 439 515 3L9

1353 451 1874 511 GLAPHYRORUM
1918 457 1984 510 1N
2025 456 2329 516 CENESlM
2373 458 2502 514 LIB.
2547 459 2657 514 VH.

3543 463 3647 517 330

339 592 476 639 παι,
509 574 609 626 καὶ
641 573 778 644 ἥτις
799 571 910 642 οὐχ’
930 571 1146 626 εἵλκυσε
1181 570 1345 640 ζυγόν
1369 587 1382 600 ·
1423 573 1516 628 καὶ
1545 574 1942 628 καταϐιδάσου-

2055 577 2211 631 urbis
2253 577 2481 632 vitulam
2524 593 2589 631 ex
2644 577 2843 640 bobus,
2879 592 3000 647 quae
3045 591 3155 629 non
3193 583 3276 630 est
3321 587 3649 644 operata,et

339 685 416 720 σιν
445 669 478 736 ἠ
507 665 790 735 γερουσία
823 665 924 735 τῆς
967 664 1176 728 πόλεως
1219 665 1439 736 ἐκείνης
1475 666 1575 736 τὴν
1606 665 1840 736 δάμαλιν
1868 668 1950 729 εἰς

337 761 600 828 φάραγγα
642 761 936 829 τραχεῖαν,
975 758 1098 828 ἥτις
1145 758 1246 810 οὐκ
1290 758 1599 829 εἴργασται,
1642 758 1762 813 οὐδὲ
1797 760 1952 812 σπεί-

338 867 508 924 ρεται,
558 850 660 902 καὶ
712 853 1184 920 νευροκοπήσουτι
1222 833 1320 918 την
1371 849 1603 918 δάμαλιν
1649 850 1706 903 ἐν
1745 852 1812 920 τῇ
1848 850 1950 918 φά-

338 959 519 1016 ραγγι,
562 945 666 996 καὶ
709 941 1174 1012 προσελεύσονται
1214 943 1264 995 οἱ
1307 944 1472 1014 ἱερεῖς
1503 944 1553 995 οε
1589 943 1834 1007 Λευῖται,
1865 943 1948 996 ὅτι

335 1035 529 1098 αὐτοὺς
559 1034 877 1099 ἐπελέξατο
921 1033 1128 1105 Κύριος
1160 1037 1190 1087 ό
1219 1033 1351 1097 Θεός
1397 1051 1489 1086 σου
1538 1033 1948 1105 παρεστηκέναι

335 1125 499 1198 αὐτῷ,
529 1127 634 1180 καὶ
674 1128 928 1196 εὐλογεῖν
973 1129 1066 1181 ἐπὶ
1115 1127 1192 1199 τῷ
1223 1129 1451 1198 ὀνόματι
1495 1128 1686 1194 αὐτοῦ,
1729 1129 1824 1182 καὶ
1856 1129 1952 1181 ἐπὶ

332 1220 404 1292 τῷ
436 1219 679 1290 στόματι
723 1219 910 1274 αὐτῶν
954 1220 1109 1274 ἔσται
1163 1222 1314 1274 πᾶσα
1357 1221 1639 1290 ἀντιλογία
1671 1222 1764 1275 καὶ
1797 1223 1948 1274 πᾶσα

335 1313 460 1385 ἁφή.
507 1312 626 1365 Καὶ
669 1314 830 1366 πᾶσα
860 1315 894 1384 ἠ
929 1313 1190 1385 γερουσία
1230 1313 1335 1384 τῆς
1385 1314 1593 1376 πόλεως
1633 1313 1872 1384 ἐκείνης,
1898 1315 1950 1367 οἱ

333 1403 648 1474 ἐγγίζοντες
678 1405 765 1476 τῷ
795 1407 1134 1477 τραυματίᾳ,
1175 1405 1423 1476 νίψονται
1470 1407 1568 1470 τὰς
1614 1408 1806 1477 χεῖρας
1855 1407 1950 1459 ἐπὶ

332 1497 424 1568 τὴν
467 1495 731 1566 κεφαλὴν
775 1497 881 1566 τῆς
926 1497 1217 1568 δαμάλεως
1257 1497 1358 1568 τῆς
1399 1497 1948 1568 νενευροκοπημένης

333 1590 389 1641 ἐν
419 1591 484 1660 τῇ
513 1589 801 1659 φάραγγι,
831 1592 928 1643 καὶ
949 1590 1345 1661 ἀποκριθέντες
1383 1590 1600 1660 ἐροῦσιν
1621 1605 1635 1620 ·
1667 1591 1736 1643 Αἱ
1762 1593 1947 1661 χεῖρες

333 1681 483 1752 ἡμῶν
515 1681 621 1734 οὐκ
671 1681 904 1752 ἐξέχεαν
935 1681 997 1735 τὸ
1043 1677 1185 1752 αἷμα
1226 1683 1405 1746 τοῦτο,
1441 1684 1534 1737 καὶ
1577 1684 1628 1736 οἱ
1673 1681 1948 1754 ὀφθαλμοὶ

333 1772 482 1844 ἡμῶν
525 1775 630 1843 οὐχ
661 1774 1006 1845 ἑωράκασιν.
1040 1774 1228 1838 Ἴλεως
1250 1775 1432 1844 γενοῦ,
1470 1777 1668 1849 Κύριε,
1714 1777 1793 1849 τῷ
1832 1779 1948 1850 λαῷ

335 1881 423 1918 σου
466 1865 719 1937 Ἰσραὴλ,
769 1865 867 1930 οὓς
899 1866 1195 1939 ὲλυτρὼσω
1236 1871 1300 1922 ἐκ
1360 1871 1463 1939 γῆς
1509 1871 1813 1940 Αἰγύπτου,
1858 1873 1944 1924 ἵνα

2053 686 2175 740 quae
2222 687 2334 726 non
2385 671 2548 725 traxit
2588 673 2814 741 jugum;
2859 678 2915 725 et
2956 669 3192 727 deducet
3236 678 3462 723 senatus
3493 670 3648 725 urbis

2053 765 2200 818 illius
2220 763 2452 818 vitulam
2480 764 2534 818 in
2558 764 2756 818 vallem
2787 779 3060 834 asperam,
3085 778 3208 832 qua:
3231 777 3339 816 non
3369 770 3454 816 est
3475 762 3645 828 culta,

2051 871 2231 924 neque
2255 855 2583 920 seminatur,
2608 863 2665 910 et
2689 855 2937 910 incident
2959 869 3161 910 nervos
3186 854 3371 909 vitula:
3401 854 3454 908 in
3480 854 3646 910 valle.

2049 949 2119 1004 Et
2142 949 2409 1004 accedent
2435 948 2753 1004 sacerdotes
2781 949 3006 1012 Levitze,
3037 947 3298 1017 quoniam
3329 947 3452 1000 illos
3479 946 3646 1017 elegit

2049 1041 2316 1096 Dominus
2350 1041 2497 1098 Deus
2535 1050 2662 1096 tuus
2696 1050 2756 1095 ut
2791 1048 2975 1097 astcnt
3005 1041 3105 1104 illi,
3128 1048 3186 1094 et
3217 1038 3551 1094 benedicant
3587 1038 3643 1093 in

2049 1134 2276 1188 nomine
2309 1133 2450 1203 ejus,
2481 1141 2540 1188 et
2583 1133 2640 1188 in
2681 1148 2776 1188 ore
2813 1133 3032 1188 iilorum
3069 1130 3180 1187 erit
3217 1130 3400 1185 omnis
3426 1139 3648 1184 contro-

2047 1226 2252 1292 versia,
2278 1234 2336 1281 et
2377 1225 2560 1281 omnis
2601 1226 2776 1296 lepra.
2818 1225 2887 1280 Et
2923 1224 3104 1280 omnis
3144 1233 3371 1279 senatus
3405 1223 3648 1278 civitatis

2049 1319 2219 1384 illius,
2260 1319 2358 1389 qui
2399 1319 2634 1388 proximi
2682 1326 2813 1374 sunt
2865 1326 3090 1383 necato,
3136 1316 3404 1374 lavabunt
3451 1332 3649 1370 manus

2048 1428 2178 1467 suas
2198 1427 2365 1482 super
2385 1420 2551 1481 caput
2574 1411 2761 1466 vitulxe
2781 1425 3059 1480 percussae
3080 1409 3136 1463 in
3159 1409 3322 1472 valle,
3345 1416 3402 1462 et
3421 1423 3649 1477 respon-

2048 1504 2245 1559 dentes
2273 1503 2463 1560 dicent
2490 1523 2502 1556 :
2533 1503 2699 1573 220
2734 1502 2928 1559 Manus
2961 1511 3167 1557 nostrae
3194 1516 3304 1555 non
3329 1499 3649 1555 effuderunt

2047 1599 2373 1669 sanguinem
2421 1598 2608 1662 hunc,
2672 1603 2726 1652 et
2771 1595 2919 1650 oculi
2963 1594 3141 1649 nostri
3208 1608 3320 1646 non
3363 1591 3646 1645 viderunt.

2047 1691 2332 1761 PrOpitius
2374 1700 2494 1746 esto
2539 1689 2744 1759 populo
2785 1696 2882 1743 tuo
2928 1686 3120 1751 Israel,
3161 1700 3325 1755 quem
3363 1682 3648 1738 redemisti

2047 1783 2115 1838 de
2142 1792 2288 1838 terra
2310 1783 2554 1854 (Egypti,
2577 1789 2636 1836 ut
2660 1796 2769 1836 non
2796 1780 2869 1835 sit
2895 1779 3119 1849 sanguis
3148 1778 3416 1834 innocens
3451 1774 3508 1837 in
3545 1789 3647 1844 po-

2047 1877 2178 1946 pulo
2208 1885 2304 1930 tuo
2327 1875 2519 1939 Israel,
2547 1884 2604 1929 et
2631 1873 2916 1929 auferetur
2940 1872 3009 1926 ab
3035 1871 3102 1926 iis
3127 1879 3315 1924 reatus
3341 1868 3644 1938 sanguinis.

339 1961 406 2029 μὴ
430 1959 662 2030 γένηται
719 1955 865 2031 αἷμα
897 1961 1139 2015 ἀναίτιον
1174 1963 1234 2016 ὲν
1281 1963 1360 2034 τῷ
1412 1963 1526 2035 λαῷ
1562 1983 1657 2019 σου
1702 1965 1940 2038 Ἰσραὴλ,

2052 1969 2131 2023 Tu
2162 1978 2346 2024 autem
2377 1967 2598 2022 auferes
2638 1965 2966 2036 sanguinem
3003 1964 3355 2020 innocentem
3389 1976 3458 2015 ex
3489 1959 3649 2015 vobis

337 2050 421 2102 καὶ
457 2049 896 2120 ἐξιλασοήσεται
927 2052 1112 2116 αὐτοῖς
1151 2054 1212 2108 τὸ
1254 2049 1418 2126 αἷμα.
1449 2057 1521 2109 Σὺ
1559 2057 1615 2110 δὲ
1646 2056 1860 2129 ἐξαρεῖς
1885 2058 1946 2112 τὸ

337 2138 461 2213 αἷμα
501 2143 563 2196 τὸ
594 2145 852 2198 ἀναίτιον
892 2145 952 2210 ἐξ
982 2146 1137 2217 ὑμῶν
1175 2147 1378 2203 αὐτῶν.
1408 2168 1425 2199 ι
1478 2148 1619 2202 Ἀλλ’
1656 2150 1946 2222 εἰρήσεται

334 2236 422 2303 μὲν
453 2234 598 2288 κατὰ
647 2236 888 2308 καιροὺς
923 2239 1004 2301 είς
1043 2238 1254 2293 ἕκαστα
1304 2239 1538 2305 λεπτῶς,
1587 2239 1729 2312 πλὴν
1768 2241 1946 2296 ἐκεῖνό

332 2343 522 2396 φαμεν.
573 2327 758 2391 Σύνες
791 2331 940 2393 ὅπως
966 2331 1193 2396 ἑαυτοὺς
1233 2331 1638 2387 ἀπαλλάττουσί
1663 2350 1810 2398 τινες
1837 2333 1947 2386 τῶν

332 2422 410 2488 ἄξι’
440 2421 637 2490 αἵματι
694 2425 1214 2496 κατηγορημάτων,
1250 2427 1639 2498 ἀνατυπούσης
1678 2429 1814 2497 ἡμῖν
1845 2427 1945 2498 τῆς

331 2513 608 2583 δαμάλεως
659 2517 758 2584 ἐφ’
798 2517 966 2588 ἑαυτῇ
1016 2518 1106 2570 τὸν
1149 2519 1524 2591 Ἐμμανουήλ.
1570 2520 1784 2590 Χρῆναι
1834 2519 1943 2592 γὰρ

329 2602 472 2674 οἶμαι
502 2607 615 2659 δεῖν
644 2609 885 2672 ἑαυτοὺς
914 2610 1364 2675 ἁπαλλόιττοντας
1402 2612 1586 2680 λέγειν
1606 2629 1621 2644 ο
1650 2613 1717 2665 Ai
1756 2615 1940 2684 χεῖρες

331 2699 482 2770 ἡμῶν
513 2701 617 2754 οὐκ
651 2701 885 2773 ἐξέχεαν
935 2702 998 2756 τὸ
1049 2696 1189 2772 αἷμα
1227 2702 1405 2757 τοῦτο.
1451 2703 1593 2758 Ἀλλ’
1645 2705 1672 2759 ὅ
1720 2721 1784 2773 γε
1833 2703 1944 2757 τῶν

339 2790 610 2847 Ἰουδαίων
640 2794 824 2866 δῆμος
849 2795 970 2866 οὐχὶ
990 2795 1150 2849 τοῦτό
1178 2813 1313 2850 ποτε
1336 2797 1722 2870 διακεκραγὼς
1743 2798 1946 2852 ἁλώσε-

331 2900 433 2939 ται.
465 2886 865 2958 Τετολμήκασι
911 2888 968 2941 δὲ
1011 2888 1214 2958 μᾶλλον
1259 2876 1435 2943 εἰπεῖν
1477 2891 1943 2963 νευροκοποῦντες

333 2979 420 3032 τὸν
454 2980 686 3051 μόσχον,
715 3001 732 3033 ι
754 2981 820 3034 Δί
847 2984 1030 3052 χεῖρες
1051 2981 1210 3053 ⁴ἡμῶν
1232 2982 1454 3052 ἐξέχεαν
1481 2983 1540 3038 τὸ
1558 2979 1696 3056 αἷμα
1713 2984 1890 3038 τοῦτο.
1917 3002 1937 3036 ι

334 3074 553 3146 Ἕτερον
580 3074 722 3144 γὰρ,
748 3071 921 3144 οἶμαι,
956 3074 1110 3148 παρὰ
1131 3074 1288 3129 τοῦτό
1309 3077 1455 3129 ἐστιν
1486 3077 1638 3130 οὐδὲν
1667 3077 1728 3130 τὸ
1749 3077 1945 3130 ἁσυνέ-

332 3180 434 3226 τως
465 3165 642 3218 εἰπεῖν
670 3166 771 3217 ἐπὶ
813 3164 1060 3236 Χριστῷ
1105 3183 1124 3217 ι
1156 3166 1230 3220 Τὸ
1257 3161 1398 3238 αἷμα
1429 3167 1595 3221 αὐτοῦ
1631 3169 1716 3239 ἐφ’
1768 3171 1938 3240 ἡμᾶς,

335 3254 423 3309 καὶ
454 3257 545 3309 ἐπὶ
575 3256 648 3311 τὰ
681 3257 854 3311 τέκνα
889 3259 1067 3329 ἡμῶν.
1094 3279 1112 3312 ι

869 3396 1010 3465 Περὶ
1035 3396 1144 3451 τοῦ
1185 3397 1408 3452 Ἰούδα.

405 3530 423 3561 ι
467 3511 664 3576 Ἰούδα,
717 3512 777 3565 σὲ
811 3511 1124 3566 αἰνέσουσιν
1153 3513 1204 3566 οἱ
1235 3512 1455 3583 ἀδελφοί
1485 3531 1601 3567 σου.
1649 3514 1716 3568 Δί
1758 3513 1940 3586 χεῖρές

337 3620 425 3656 σου
465 3606 557 3658 ἐπὶ
590 3606 775 3659 νώτου
819 3604 928 3658 τῶν
962 3605 1175 3676 ἐχθρῶν
1210 3623 1327 3660 σου.
1361 3607 1815 3677 Προσκυνὴσουσί
1856 3625 1940 3661 σοι

335 3697 380 3748 οἱ
417 3697 519 3750 υἱοὶ
551 3698 647 3751 τοῦ
692 3698 902 3770 πατρός
948 3715 1065 3754 σου.
1099 3697 1350 3768 Σκύμνος
1381 3697 1597 3762 λέοντος
1637 3698 1834 3754 Ἰούδα’
1874 3701 1940 3752 ὲκ

339 3786 584 3857 βλαστοῦ,
618 3789 709 3844 υἱὲ
760 3807 885 3860 μου,
922 3790 1146 3858 ἁνέὅης,
1185 3789 1482 3845 ἀναπεσὼν
1521 3791 1826 3862 ἐκοιμήθης
1864 3791 1941 3854 ὼς

336 3879 485 3942 λέων,
508 3882 606 3936 καλ⁸
635 3882 717 3945 ὡς
756 3880 1016 3952 σκύμνος.
1051 3883 1148 3946 Τίς
1183 3884 1367 3954 ἐγερεῖ
1394 3883 1592 3949 αὑτὸν;
1619 3884 1735 3936 υὺκ
1762 3884 1942 3938 ὲκλεί·

335 3972 419 4042 ψει
450 3974 637 4046 ἄρχων
667 3975 730 4042 ἐξ
784 3974 976 4039 Ἰούδα,
1019 3977 1116 4030 καὶ
1152 3976 1458 4048 ἡγούμενος
1490 3979 1554 4031 ὲκ
1593 3978 1705 4032 τῶν
1747 3977 1942 4048 μηρῶν

337 4067 515 4132 αὐτοῦ,
545 4069 656 4132 ἕως
683 4067 750 4121 ἂν
779 4067 909 4140 ἔλθῃ
937 4068 1007 4122 τὰ
1039 4069 1382 4139 ἀποκείμενα
1417 4070 1590 4140 αὐτῷ.
1625 4073 1737 4125 Καὶ
1773 4070 1940 4138 αὐτὸς

340 4160 634 4230 προσδοκία
661 4161 859 4217 ἐθνῶν.
890 4161 1186 4233 Δεσμεύων
1210 4162 1349 4234 πρὸς
1382 4162 1630 4232 ἄμπελον
1651 4165 1741 4218 τὸν
1757 4165 1941 4219 πῶλον

339 4253 515 4319 αὑτοῦ,
549 4255 648 4310 καὶ
673 4258 742 4326 τῇ
773 4255 917 4309 ἕλικι
948 4255 1039 4310 τὸν
1065 4255 1244 4309 πῶλον
1279 4257 1380 4326 τῆς
1410 4255 1533 4310 ὄνου
1566 4256 1756 4313 αὐτοῦ.
1797 4258 1942 4312 Πλυ‹⁵

339 4346 414 4396 νεῖ
436 4346 492 4400 ὲν
520 4346 655 4418 οἴνῳ
679 4345 779 4418 τὴν
803 4348 998 4420 στολὴν
1016 4347 1203 4412 αὑτοῦ,
1230 4349 1326 4401 καὶ
1352 4350 1412 4404 ὲν
1436 4349 1632 4420 αἵματι
1659 4350 1939 4420 σταφυλῆς

341 4435 432 4508 τὴν
474 4438 775 4510 περιϐολὴν
819 4440 1009 4494 αὐτοῦ.
1060 4440 1310 4512 Χαροποὶ
1353 4443 1400 4494 οἱ
1448 4440 1721 4512 ὀφθαλμοὶ
1769 4442 1936 4495 αὑτοῦ

341 4526 440 4582 ἀπὸ
461 4529 629 4597 οἴνου,
659 4533 757 4585 καὶ
780 4532 970 4585 λευκοὶ
996 4533 1049 4586 οἱ
1081 4533 1295 4597 ὀδόντες
1317 4532 1485 4587 αὑτοῦ
1518 4532 1551 4605 ἢ
1582 4533 1746 4603 γάλα.
1783 4554 1799 4584 ι
1833 4535 1937 4588 Σαη

2050 2063 2186 2133 ipsis
2207 2061 2342 2115 "'".
2365 2081 2383 2112 ι
2405 2062 2610 2117 Verum
2636 2059 2741 2114 etsi
2759 2059 2827 2114 de
2852 2057 3004 2112 hisce
3029 2055 3262 2126 singulis
3275 2069 3380 2110 suo
3397 2063 3648 2122 tempore

2049 2154 2346 2210 dicendum
2392 2152 2466 2207 sit
2500 2161 2780 2214 accurate,
2808 2149 2945 2204 illud
2982 2155 3168 2204 tamen
3199 2162 3352 2203 nunc
3387 2145 3647 2200 admone-

2047 2263 2192 2312 mus,
2214 2256 2270 2302 et
2290 2246 2545 2301 dicimus.
2565 2243 2834 2314 lntelligis
2852 2257 2963 2312 quo
2985 2249 3148 2311 pacto
3173 2239 3386 2309 seipsos
3406 2238 3648 2294 liberem

2047 2338 2301 2393 nonnulli
2341 2336 2411 2390 ab
2441 2335 2796 2391 accusatione
2823 2332 2929 2388 fusi
2953 2331 3243 2402 sanguinis
3266 2345 3367 2399 per
3389 2328 3644 2390 vitulam,

2047 2447 2171 2502 qua:
2193 2430 2489 2485 adumbrat
2513 2427 2952 2483 Emmanuelem.
2989 2424 3222 2494 Oportet
3255 2423 3403 2478 enim
3435 2437 3552 2486 eos,
3587 2430 3649 2474 ut

2046 2525 2308 2588 arbitror,
2335 2522 2560 2594 quando
2600 2537 2660 2576 se
2705 2525 2991 2583 excusant,
3021 2517 3096 2572 ita
3130 2516 3316 2572 dicere
3353 2533 3366 2568 :
3408 2533 3425 2564 ι
3455 2514 3648 2568 Manus

2047 2628 2252 2672 nostra:
2279 2632 2390 2669 non
2417 2614 2738 2670 eﬁ‘uderunt
2777 2613 2927 2666 hunc
2963 2609 3310 2680 sanguinem.
3344 2626 3362 2659 ι
3402 2606 3644 2662 Verum-

2046 2709 2332 2766 enimvero
2377 2708 2642 2778 populum
2666 2706 2986 2762 Iudaeorum
3011 2717 3295 2772 nunquam
3330 2699 3438 2755 hoc
3465 2697 3646 2754 excla-

2047 2815 2225 2855 masse
2251 2799 2516 2869 reperies,
2541 2797 2672 2867 quin
2699 2795 2901 2866 potius,
2924 2801 3216 2863 postquam
3244 2798 3465 2845 laurum
3487 2803 3647 2844 ener-

2045 2899 2266 2957 varnnt,
2292 2890 2411 2945 ausi
2433 2896 2571 2944 'sunt
2599 2889 2827 2957 insuper
2865 2885 3052 2940 dicere
3083 2901 3097 2938 :
3147 2903 3163 2932 ι
3193 2883 3406 2937 Nostrae
3447 2895 3646 2935 manus

2046 2983 2367 3038 effuderunt
2417 2982 2569 3035 hunc
2624 2979 2972 3048 sanguinem.
3010 2995 3029 3026 ι
3083 2974 3233 3030 Nihil
3286 2973 3437 3028 enim
3492 2972 3643 3026 aliud

2047 3091 2214 3146 quam
2257 3075 2365 3129 hoc
2399 3082 2505 3138 est,
2532 3071 2681 3144 quod
2712 3071 2968 3140 imperite
3007 3069 3075 3123 de
3098 3067 3320 3122 Christo
3341 3065 3641 3138 dixerunt:

2055 3187 2072 3218 ι
2120 3168 2356 3237 Sanguis
2415 3168 2537 3239 ejus
2596 3180 2763 3234 super
2802 3178 2932 3227 nos,
2983 3171 3042 3216 et
3099 3175 3268 3230 super
3324 3157 3467 3212 ﬁlios
3527 3172 3644 3211 no-

1968 3290 2015 3353 C
2048 3267 2192 3314 stros
2218 3259 2279 3310 ”.
2319 3278 2335 3308 ι

2714 3391 2792 3444 De
2811 3391 2975 3446 Iuda.

2123 3505 2318 3572 (Iuda,
2347 3514 2398 3561 te
2419 3503 2726 3560 laudabunt
2776 3503 2976 3557 fratres
3016 3502 3114 3556 tui.
3157 3501 3351 3556 Manus
3396 3507 3502 3553 tua:
3546 3514 3642 3552 su-

2040 3618 2140 3673 per
2183 3600 2411 3655 dorsum
2438 3598 2794 3652 inimicorum
2829 3605 3074 3660 tuorum,
3101 3594 3414 3650 adorabunt
3466 3600 3515 3645 te.
3544 3592 3640 3646 filii

2039 3695 2215 3766 patris
2246 3693 2346 3748 tui.
2373 3691 2605 3747 Catulus
2627 3690 2804 3746 leonis
2823 3690 2985 3745 Juda.
3026 3691 3103 3744 Ex
3133 3689 3405 3761 germine,
3437 3686 3510 3742 fili
3540 3686 3640 3750 ini,

2039 3787 2363 3849 ascendisti,
2410 3785 2748 3841 recumbens
2787 3784 3100 3839 dormivisti
3132 3790 3192 3836 ut
3241 3783 3352 3846 leo,
3394 3787 3450 3833 et
3498 3780 3643 3838 sicut

2040 3881 2260 3936 catulus
2309 3879 2510 3944 leonis,
2559 3878 2686 3948 quis
2738 3875 3218 3932 suscitabiteum?
3262 3874 3384 3929 Non
3419 3872 3643 3927 deficiet

2042 3975 2304 4045 princeps
2325 3988 2395 4029 ex
2423 3972 2586 4038 Juda,
2626 3981 2682 4026 et
2704 3971 2816 4026 dux
2842 3971 2911 4026 de
2949 3969 3261 4025 femoribus
3286 3969 3429 4039 ejus,
3465 3965 3642 4020 donec

2039 4066 2265 4122 veniant
2306 4066 2550 4135 reposita
2595 4065 2667 4119 ei.
2707 4065 2777 4120 Et
2811 4065 2928 4134 ipse
2970 4061 3314 4133 exspectatio
3368 4059 3637 4129 gentium.

2038 4159 2242 4230 Ligans
2264 4157 2334 4212 ad
2355 4157 2574 4212 vineam
2600 4157 2815 4227 pullum
2845 4171 3029 4219 suum,
3049 4163 3106 4209 et
3139 4152 3402 4223 pampino
3427 4149 3638 4220 pullum

2039 4253 2207 4306 asinze
2230 4266 2362 4306 suae.
2392 4249 2622 4306 Lavabit
2646 4249 2701 4302 in
2730 4248 2860 4302 vino
2885 4247 3083 4302 stolam
3114 4261 3293 4310 suam,
3321 4253 3378 4299 et
3428 4243 3483 4296 in
3509 4257 3638 4296 san-

2038 4343 2205 4414 guine
2226 4340 2582 4411 uveepallium
2605 4356 2788 4396 suum.
2805 4340 3028 4395 Pulchri
3045 4339 3190 4393 oculi
3216 4339 3336 4408 ejus
3355 4351 3465 4408 prae
3485 4334 3637 4399 vino,

2038 4443 2096 4492 et
2128 4431 2372 4487 albiores
2417 4431 2614 4486 dentes
2659 4430 2781 4501 ejus
2811 4417 2978 4499 quam
3036 4427 3122 4481 lac
3149 4426 3213 4480 “‘.
3246 4445 3262 4476 ι
3305 4423 3640 4492 Pchpicnus

2038 4522 2338 4577 admodum
2361 4529 2448 4576 est
2484 4522 2540 4575 in
2583 4520 2674 4575 his
2714 4516 3122 4574 benedictionis
3164 4514 3381 4579 modus,
3431 4513 3638 4582 quippe

343 4620 440 4691 φὴς
469 4620 528 4677 εὖ
563 4625 714 4695 μάλα
743 4625 844 4696 τῆς
888 4625 1144 4694 εὐλογίας
1191 4628 1326 4699 ἡμῖν
1361 4626 1420 4680 ἕν
1459 4644 1523 4696 γε
1547 4628 1787 4681 τουτοισὶ
1812 4628 1934 4682 δια-

2045 4615 2135 4686 qui
2159 4615 2510 4670 auditoribus
2539 4613 2891 4684 prephetiam
2914 4611 2982 4666 de
3030 4608 3410 4665 incarnatione
3445 4605 3636 4663 Salva--

344 4713 582 4780 φαίνεται
605 4718 639 4770 ὅ
666 4717 891 4787 τρόπος,
929 4719 1030 4789 τῆς
1048 4719 1144 4772 τοῦ
1167 4718 1426 4791 Σωτῆρος
1441 4721 1474 4791 ἡ
1487 4719 1602 4790 μῶν
1621 4720 1938 4791 οἰκονομίας

344 4802 436 4876 τὴν
468 4807 876 4880 προαγόρευσιν
922 4811 1038 4872 τοῖς
1082 4810 1466 4882 ἀκροωμένοις
1508 4809 1938 4881 εἰσκεκομικώς.

345 4896 857 4965 Προκαταὸἁλλεται
903 4901 961 4954 δὲ
996 4901 1187 4973 ὥσπερ
1219 4904 1344 4965 ταῖς
1383 4901 1686 4972 εὐφημίαις
1739 4901 1937 4971 ἀρχὴν,

345 4989 436 5059 τήν
460 5009 517 5046 τε
541 4991 634 5046 τοῦ
667 4992 936 5064 ὀνόματος
969 4994 1271 5064 σημασίαν,
1305 4993 1396 5049 καὶ
1433 4995 1532 5064 μέν
1557 5011 1643 5047 τοι
1675 4993 1737 5046 τὸ
1769 4987 1938 5064 προῦ-

346 5097 432 5150 χον
457 5085 512 5138 ἐν
544 5084 676 5158 δόξῃ
716 5087 870 5158 παρὰ
919 5085 1018 5150 τὰς
1051 5086 1254 5157 ἐτέρας
1301 5091 1399 5158 τῆς
1442 5087 1614 5140 Ἰούδα
1646 5086 1839 5155 φυλῆς.
1876 5085 1939 5138 Εἰ

348 5174 448 5247 γὰρ
471 5177 532 5251 δή
563 5197 647 5244 τις
676 5179 854 5234 ἕλοιτο
881 5180 1207 5250 δωτρανοῦν
1244 5180 1337 5233 τὸν
1387 5181 1560 5234 Ἰούδα
1597 5179 1781 5248 φωνὴν
1817 5179 1938 5250 ἦτοι

346 5267 593 5341 τοῦνομα,
635 5271 1086 5344 διερμηνεύσειεν
1138 5272 1204 5326 ἂν
1238 5270 1432 5338 αἶνον,
1481 5273 1516 5344 ἢ
1567 5273 1858 5341 ὕμνησιν,
1901 5271 1936 5342 ἦ

349 5360 736 5434 ὑμνούμενον.
774 5368 933 5438 Ἔχει
967 5368 1023 5422 δὲ
1072 5369 1101 5422 ό
1145 5366 1306 5436 λόγος
1355 5367 1456 5436 τὴν
1505 5364 1810 5435 ἀναφορὰν,
1859 5365 1940 5424 εἰς

349 5452 432 5503 τὸν
468 5456 530 5509 ἐκ
560 5441 661 5529 τῆς
702 5460 876 5514 Ἰούδα
921 5460 1097 5532 φυλῆς
1137 5460 1232 5514 τὸν
1259 5459 1404 5514 κατὰ
1447 5459 1645 5530 σάρκα·
1674 5456 1931 5529 Χριστόν.

353 5541 555 5617 “tenve
585 5551 696 5625 γὰρ
731 5553 790 5621 ἐξ
835 5552 1029 5618 Ἰούδα,
1061 5553 1156 5608 καὶ
1198 5551 1419 5616 Ἰεσσαὶ,
1451 5552 1545 5605 καὶ
1567 5550 1754 5611 Δαϐἱδ,
1789 5549 1933 5620 καὶή

356 5639 481 5705 πρὸς
498 5643 586 5716 τὴν
609 5646 708 5716 τῆς
732 5649 936 5720 σαρκὸς
959 5648 1173 5716 γένεσιν
1193 5645 1616 5718 παραληφθεῖσα
1631 5643 1930 5716 Παρθένοῖ-

355 5730 769 5810 Προαναθρήσας
808 5741 872 5812 δὴ
915 5736 1008 5795 οὖν
1051 5741 1078 5793 ὁ
1127 5743 1417 5814 προφήτης
1469 5741 1550 5803 εἰς
1592 5739 1683 5794 τὸν
1729 5741 1795 5792 ἐκ
1835 5736 1932 5798 τῆς

430 5916 532 5950 ¹²·¹³
557 5922 853 5992 Deut.x:<t,
884 5924 992 5979 1-9.
1078 5924 1337 5980 “Matth.
1380 5939 1544 5992 nm,
1583 5923 1671 5979 ‘25.

2040 4709 2178 4766 toris
2202 4709 2380 4765 nostri
2403 4724 2668 4780 expresse
2700 4705 3098 4762 introduxerit.
3144 4701 3509 4758 Pnemittitur
3535 4712 3635 4751 au-

2035 4811 2149 4858 tem
2183 4802 2370 4857 statim
2399 4800 2560 4855 initio
2602 4798 3015 4855 benedictionis
3062 4793 3306 4852 nominis
3345 4790 3521 4862 ipsius
3557 4788 3636 4843 si-

2035 4893 2340 4968 gnificatio,
2377 4892 2644 4964 quodque
2666 4892 2848 4948 tribus
2877 4889 3019 4946 Juda
3075 4886 3265 4960 gloriae
3315 4880 3634 4955 praestantia

2036 4988 2280 5059 reliquas
2305 4987 2622 5043 antecellat.
2653 4981 2710 5042 Si
2742 4985 2870 5057 quis
2898 4983 3046 5040 enim
3094 4995 3297 5036 nomen
3356 4975 3512 5031 Juda:
3547 4974 3635 5028 in-

2038 5090 2398 5155 terpretetur,
2419 5083 2698 5156 significat
2725 5081 2940 5136 laudem
2973 5094 3071 5134 seu
3101 5074 3515 5130 celebrationem
3541 5077 3635 5122 aut

2037 5179 2382 5235 celebratinn.
2442 5181 2546 5234 llic
2603 5186 2790 5233 autem
2842 5189 3025 5231 sermo
3074 5169 3272 5227 referri
3345 5167 3508 5224 debet
3565 5164 3636 5220 ad

2035 5273 2344 5338 Christum,
2380 5273 2474 5343 qui
2521 5287 2652 5327 sane
2697 5276 2882 5324 estex
2932 5267 3081 5322 tribu
3141 5263 3283 5320 Juda
3327 5260 3632 5330 secundum

2038 5383 2280 5424 carnem.
2312 5367 2488 5422 Natus
2519 5373 2605 5420 est
2648 5363 2800 5418 enim
2835 5379 2904 5417 ex
2955 5360 3119 5426 Juda,
3166 5359 3322 5416 Jesse
3350 5365 3409 5412 et
3435 5353 3629 5418 David,

2039 5470 2206 5530 atque
2263 5475 2328 5517 ea
2375 5474 2500 5530 quae
2553 5458 2620 5514 ad
2668 5459 2812 5514 hanc
2843 5455 3030 5512 carnis
3073 5453 3488 5527 generationem
3543 5464 3630 5506 as-

2042 5561 2263 5624 Sumpta
2291 5563 2378 5610 est
2399 5554 2584 5625 Virgo.
2610 5551 2747 5608 Cum
2775 5551 2943 5624 igitur
2971 5548 3243 5620 propheta
3297 5545 3630 5616 respexisset

2041 5647 2201 5716 221
2239 5648 2295 5702 in
2319 5648 2495 5711 illum,
2525 5647 2620 5719 qui
2642 5654 2729 5704 est
2757 5662 2824 5702 ex
2854 5644 3004 5700 tribu
3030 5642 3171 5698 Juda
3195 5640 3477 5694 oriturus:
3523 5635 3627 5689 γε·

2041 5755 2162 5793 rum
2182 5750 2288 5806 est,
2320 5740 2522 5812 inquit,
2547 5740 2644 5796 tibi
2677 5753 2900 5804 nomen,
2930 5735 3076 5792 sicut
3094 5732 3279 5802 etipsa
3312 5742 3501 5785 rerum
3544 5723 3622 5779 vis

1755 5924 1795 5955 "
1834 5925 1970 5988 Gen.
2013 5942 2154 5993 xm,
2197 5925 2344 5980 8-H.
