4034 6482
428 424 526 480 ὖῗὶι

1426 419 1482 475 3.
1522 414 1800 475 CYRILLI
1838 405 2312 470 ALEXANDMNI
2351 409 2673 467 ARCHIEP.

3602 407 3698 463 355

431 537 693 595 deciaret.
721 534 805 592 Tu
854 537 1004 592 enim
1035 536 1400 592 celebrandus
1432 552 1494 593 es
1520 537 1745 606 Deoque
1812 547 2002 589 conve-

2130 527 2301 583 ’ἰούδα
2333 528 2529 598 φυλῆς,
2548 525 2748 596 ἀληθὲς
2776 523 2953 596 διιομὰ
2976 540 3081 585 σοι,
3107 520 3261 591 φησὶ,
3281 520 3422 576 καθὰ
3447 523 3540 576 καί
3567 522 3694 588 αύτὴ

433 633 680 687 nientem
710 630 941 701 gloriam
1003 629 1330 700 reportabis.
1373 629 1660 700 Siquidem
1694 627 1902 683 nemini
1939 626 2017 679 al-

436 723 540 777 teri
573 721 830 792 congruit
860 720 1119 775 laudibus
1156 735 1221 776 ac
1268 720 1443 791 gloria
1476 720 1688 783 efferri,
1712 733 1879 789 quam
1913 717 2017 772 soli

431 818 561 870 rere
598 813 887 869 exsistenti
932 820 991 868 et
1034 813 1256 884 cognito
1285 813 1417 868 Deo.
1450 812 1587 868 Nam
1614 812 1721 867 etsi
1748 818 1912 866 natus
1943 809 2019 865 sis

432 906 618 969 homo,
655 912 713 959 et
746 903 983 973 teipsmn
1013 904 1413 970 exinaniveris,
1449 913 1633 960 tamen
1665 901 2016 974 cognosceris

433 1004 657 1051 sanctus
708 1004 766 1050 et
813 997 1207 1066 sempiternus.
1268 995 1492 1052 Fratres
1540 1003 1725 1049 autem
1786 999 2013 1064 prepter

429 1082 726 1136 humanam
766 1091 1021 1137 naturam
1056 1097 1171 1138 non
1205 1090 1468 1154 tanquam
1515 1082 2013 1138 homini’adhmre-

428 1172 586 1237 bunt,
618 1173 714 1228 sed
746 1173 898 1228 inter
939 1173 1145 1229 fratres
1174 1175 1418 1244 positum
1466 1174 1830 1230 celebrabant
1860 1172 2014 1227 velut

428 1262 740 1329 Dominum,
760 1263 1226 1335 gloriﬁcabuntut
1257 1273 1587 1331 creatorem,
1616 1272 1673 1320 et
1697 1279 2012 1343 quanquam

426 1354 572 1409 inter
609 1370 708 1411 eos
742 1364 1058 1422 censeatur,
1101 1368 1344 1428 quantus
1378 1358 1435 1412 in
1469 1358 1740 1414 creaturis
1777 1364 1883 1422 est,
1915 1373 2012 1412 co-

424 1454 692 1516 gnoscent
715 1457 899 1503 tamen
947 1464 1076 1503 eum
1116 1448 1289 1504 totius
1328 1448 1572 1505 universi
1602 1450 1895 1505 Dominum
1947 1465 2013 1504 ac

425 1535 792 1607 RegemJicet
817 1538 994 1595 forma
1023 1542 1168 1596 servi
1199 1549 1544 1611 coopertum.
1564 1542 1836 1597 Praeterea
1860 1541 2008 1611 quod

423 1639 789 1699 superaturus
830 1632 904 1687 sit
951 1647 1145 1688 omnes
1179 1633 1276 1703 qui
1306 1632 1410 1703 ipsi
1449 1633 1777 1698 restiterint,
1819 1632 2010 1688 facile-

422 1733 531 1789 que
562 1719 743 1775 victor
802 1735 1071 1776 evasurus
1106 1721 1434 1777 Emmanuel
1472 1710 1722 1777 omnium
1750 1722 2007 1777 inimico-

424 1825 567 1877 rum,
603 1811 1069 1883 prazsigniﬁcavit,
1111 1813 1333 1869 dicens:
1382 1813 1612 1869 «Manus
1640 1822 1748 1869 tua:
1778 1814 1835 1867 in
1856 1820 2008 1885 tergo

2119 621 2231 673 τῶν
2265 619 2607 691 πραγμάτων
2636 619 2670 687 ἡ
2699 616 2930 686 δύναμις
2968 612 3252 684 ὲνδείξειεν
3301 611 3389 669 ἄν.
3422 613 3564 687 Ἔσῃ
3596 616 3699 690 γὰρ

2119 711 2508 783 {inaurea-atat
2532 710 2634 781 τὴν
2658 708 2736 779 τῷ
2761 706 2882 778 Θεῷ
2901 706 3222 778 πρέπουσαν
3245 704 3497 769 ἀποίσεις
3525 705 3696 772 δόξαν.

2130 803 2397 877 Ἀρμόσει,
2433 802 2543 874 γὰρ
2574 801 2640 856 ἂν
2681 802 2779 873 οὐχ
2813 800 2988 871 ἑτέρῳ
3023 798 3086 852 τὸ
3131 796 3533 864 δοξολογεῖσθαι
3573 803 3697 872 πρέ-

2118 914 2264 962 πειν,
2314 897 2457 968 πλὴν
2497 897 2579 949 ὅτι
2627 895 2775 966 μόνῳ
2824 893 2904 965 τῷ
2969 909 3037 962 γε
3081 890 3299 961 ἀληθῶς
3341 892 3460 947 ὕντι
3503 910 3562 946 τε
3610 902 3698 948 καὶ

2118 987 2447 1058 ἐγνωσμένῳ
2489 986 2739 1057 ΘεῷμΕί
2774 984 2884 1055 γὰρ
2930 984 3185 1055 πέφηνας
3237 979 3548 1053 ἄνθρωπος,
3606 985 3697 1038 καὶ

2117 1078 2432 1142 κεκένωκας
2450 1075 2665 1141 ἑαυτὸν,
2695 1075 2811 1129 ἀλλ’
2838 1071 2934 1128 οὖν
2962 1071 3061 1145 ἔσῃ
3087 1066 3367 1142 γνώριμος
3389 1071 3586 1135 σεπτδς
3609 1075 3697 1127 καὶ

2115 1170 2380 1240 ἀοίδιμος.
2420 1169 2484 1223 Οἱ
2530 1168 2587 1221 δὲ
2627 1165 2848 1237 ἀδελφοὶ
2880 1165 2970 1220 διὰ
3011 1166 3072 1218 τὸ
3111 1162 3453 1237 ἀνθρώπινον
3497 1164 3594 1234 οὐχ
3625 1164 3694 1228 ὼς

2116 1259 2391 1332 ἀνθρώπῳ
2431 1258 2873 1330 προσκείσονται,
2921 1256 3037 1310 ἀλλ’
3074 1257 3133 1309 ἑν
3175 1255 3442 1325 ἀδελφοῖς·
3476 1253 3695 1310 τεθέντα

2116 1353 2620 1425 κατακροτήσουσιν
2653 1349 2730 1413 ὡς
2773 1348 3073 1417 Δεσπότην,
3127 1347 3469 1418 ὑμνήσουσιν
3501 1346 3576 1411 ὡς
3599 1346 3693 1418 δη-

2117 1444 2399 1517 μιουργὸν,
2450 1443 2629 1499 καίτοι
2661 1442 2924 1498 τελοῦντα
2949 1443 3065 1516 μετ’
3101 1442 3281 1497 αὐτῶν
3316 1444 3376 1496 ὲν
3407 1441 3695 1513 κτίσμασιν

2113 1534 2508 1605 ἐπιγνώσονται
2564 1534 2655 1587 τὸν
2704 1533 2814 1588 τῶν
2864 1534 3003 1588 ὅλων
3055 1533 3282 1606 βασιλέα
3334 1534 3434 1588 καὶ⁵
3472 1533 3693 1607 Κύριον,

2113 1627 2292 1681 καίτοι
2316 1629 2382 1697 τῇ
2410 1624 2504 1679 τοῦ
2540 1624 2728 1680 δούλου
2759 1628 2942 1697 μορφῇ
2973 1624 3469 1696 κατεσκιασμένον.
3501 1625 3621 1678 Ὀτι
3641 1625 3696 1679 δὲ

2112 1718 2371 1789 ἁπάντων
2396 1717 2661 1789 κρατήσει
2685 1716 2796 1769 τῶν
2818 1715 3257 1788 ἀνθεστηκότων.
3287 1716 3387 1770 καὶ
3417 1714 3694 1787 περιέσται

2113 1788 2313 1877 ῥᾲδίως
2343 1805 2373 1858 ὁ
2412 1788 2761 1877 Ἐμμανουὴλ
2779 1805 2886 1860 τῶν
2922 1804 3154 1877 ἐχθρῶν,
3194 1804 3591 1877 προανεφιὶωει,
3614 1805 3695 1860 λέ-

420 1901 661 1956 hostium
706 1909 950 1957 tuorum.
994 1922 1012 1954 ι
1054 1902 1205 1957 Idem
1235 1904 1405 1958 etiam
1450 1904 1706 1959 ('hristus
1765 1905 1881 1974 ipse
1913 1920 2002 1975 per

2113 1909 2257 1961 γων·
2305 1912 2323 1943 ι
2362 1893 2430 1946 Ai
2461 1893 2646 1964 χεῖρές
2677 1910 2769 1946 σου
2812 1894 2906 1947 ἐπὶ
2934 1893 3107 1948 νώτου
3140 1893 3248 1949 τῶν
3280 1894 3498 1966 ἐχθρῶν
3528 1912 3637 1949 σου.
3670 1914 3687 1946 ο

420 2005 621 2046 vocem
687 1991 915 2047 Davidis
962 1992 1121 2062 prius
1157 1993 1385 2048 oraculo
1434 1993 1629 2048 edixit.
1678 1993 1764 2048 Ait
1806 1994 2003 2049 enim:

424 2081 604 2149 «Quia
656 2097 958 2154 persequar
1011 2083 1199 2139 hostes
1250 2100 1439 2150 meos;
1489 2093 1546 2140 et
1591 2084 2004 2155 apprehendam

414 2187 530 2237 eos,
564 2180 621 2228 et
652 2188 765 2228 non
790 2181 1061 2238 revertar,
1106 2174 1285 2229 donec
1324 2175 1602 2231 deﬁciant.
1653 2175 2004 2247 Confringam

415 2261 590 2323 istos,
644 2276 748 2317 nec
824 2270 1088 2332 poterunt
1159 2271 1305 2319 stare
1353 2282 1365 2317 :
1406 2264 1605 2320 cadent
1670 2265 1775 2320 sub
1839 2264 2007 2334 pedes

415 2370 568 2411 meos
594 2355 659 2409 “.
695 2373 714 2407 ι
762 2355 934 2411 Recte
966 2371 1098 2427 ergo
1134 2356 1244 2410 ait:
1272 2376 1290 2406 ‹
1315 2355 1376 2410 ln
1407 2362 1559 2427 tergo
1584 2356 2007 2413 hostiunterunt

414 2459 615 2500 ntanus
630 2447 752 2516 ejus
775 2463 791 2512 ;
817 2466 836 2497 ι
868 2446 1074 2517 quippe
1109 2447 1205 2516 qui
1222 2447 1528 2502 insectetur
1556 2462 1621 2503 ac
1643 2446 1796 2517 fuget
1819 2445 2005 2515 potius

415 2551 579 2605 quam
626 2535 821 2608 fugiat,
859 2546 916 2593 et
970 2538 1143 2609 magis
1178 2537 1457 2607 percutiat
1505 2553 1673 2608 quam
1732 2538 1998 2592 eaedatur.

418 2627 617 2683 Verum
639 2629 787 2684 enim
806 2641 893 2685 est
915 2631 1049 2685 illud
1075 2630 1224 2700 quod
1250 2630 1305 2685 in
1332 2630 1477 2686 libro
1520 2631 1869 2685 Psalmorum
1903 2630 1998 2685 de-

412 2724 701 2773 cantatur:
746 2718 937 2774 (Nihil
964 2719 1219 2789 proﬁciet
1254 2719 1517 2774 inimicus
1543 2719 1599 2773 in
1636 2736 1724 2783 eo,
1762 2729 1820 2774 et
1857 2718 2003 2774 ﬁlius

413 2806 724 2877 iniquitatis
775 2823 887 2862 non
935 2809 1176 2878 amplius
1224 2807 1451 2864 nocebit
1478 2808 1530 2863 ei
1567 2808 1702 2861 ‘7'”.
1730 2828 1748 2859 ι
1781 2808 1917 2863 Nam
1952 2808 1998 2863 si

413 2897 532 2969 ipse
558 2898 721 2955 nobis
749 2899 845 2955 dat
880 2909 941 2956 ut
968 2900 1208 2971 pedibus
1251 2910 1602 2956 conteremus
1631 2907 1921 2970 serpentes
1945 2908 2001 2955 et

411 2990 752 3062 scorpiones,
807 3008 1142 3064 omnemque
1191 2993 1459 3049 virtutem
1512 2993 1724 3048 inimici
1782 2994 1846 3058 ι’,
1886 3009 1998 3064 quo

411 3091 570 3153 pacto
602 3099 713 3139 non
745 3099 972 3141 necesse
1004 3085 1176 3142 fuerit
1227 3086 1502 3150 conﬁteri,
1564 3086 1713 3156 quod
1738 3086 1854 3156 ipse
1885 3102 1999 3156 prae

410 3173 570 3229 nobis
588 3175 791 3231 habeat
815 3176 919 3231 sub
956 3178 1215 3233 manibus
1264 3177 1381 3233 suis
1406 3193 1504 3233 eos
1530 3177 1625 3248 qui
1684 3178 1881 3232 volunt
1910 3194 1998 3233 re-

410 3281 674 3339 pugnare,
722 3284 955 3338 seseque
1014 3270 1182 3340 impie
1243 3269 1546 3325 extollere?
1601 3267 1758 3335 Quod
1808 3277 1995 3323 autem
2024 3259 2066 3315 C

408 3359 597 3430 fugere
623 3360 854 3424 nesciat,
885 3359 982 3416 sed
1014 3362 1198 3430 potius
1223 3359 1502 3429 persequi,
1531 3369 1588 3414 et
1635 3375 1998 3430 quoscunque

409 3449 647 3505 voluerit
696 3466 983 3521 superare,
1012 3460 1069 3506 et
1095 3452 1319 3521 quidem
1354 3451 1563 3521 absque
1596 3451 1787 3507 labore
1832 3452 1998 3514 (vicit

408 3540 555 3596 enim
596 3541 865 3595 mundum
896 3539 987 3611 ’0),
1024 3539 1473 3611 praesigniﬁcavit
1528 3540 1751 3596 divinus
1803 3541 1994 3605 Jacob,

405 3630 628 3685 dicens:
677 3629 915 3685 «Manus
970 3640 1078 3687 tuae
1145 3644 1312 3701 supra
1365 3632 1590 3687 dorsum
1645 3633 1996 3688 inimicorum

407 3728 652 3783 tuorum,
703 3727 760 3775 et
790 3719 1101 3774 adorabunt
1148 3728 1197 3775 te
1242 3720 1335 3776 filii
1374 3723 1548 3791 patris
1578 3722 1676 3776 tui.
1705 3742 1722 3773 ι
1754 3723 1821 3777 Et
1850 3724 1996 3793 quod

407 3810 610 3865 iterum
639 3808 981 3883 intelligatur
1003 3811 1301 3868 discrimen
1343 3814 1575 3868 fratrum
1628 3814 1993 3879 laudantium,

403 3910 458 3956 et
492 3900 733 3958 filiorum
753 3904 1058 3974 patris,qui
1098 3905 1456 3961 adorantibus
1489 3907 1769 3977 conjuncti
1801 3910 1998 3962 erunt?

407 3993 618 4047 Annon
642 4008 826 4063 operae
844 3994 1083 4065 pretium
1101 3995 1345 4065 estquod
1363 3995 1419 4050 in
1439 3995 1683 4051 medium
1710 3996 1999 4052 atl‘eratur?

405 4082 693 4154 Ascriptus
707 4084 892 4155 itaque
906 4095 990 4141 est
1007 4086 1062 4140 in
1086 4094 1293 4156 patrem
1309 4085 1534 4142 Christo
1552 4085 1751 4142 beatus
1766 4086 1999 4157 Joseph,‘

404 4177 623 4233 etiamsi
659 4192 855 4233 revera
887 4186 1044 4249 pater
1083 4195 1191 4234 non
1242 4186 1410 4235 esset.
1445 4180 1618 4235 Erant
1667 4189 1849 4235 autem
1890 4180 1994 4251 ipsi

403 4271 500 4326 filii
529 4279 587 4326 et
609 4269 734 4327 ﬂlite
787 4288 856 4327 ex
886 4272 1084 4344 primis
1112 4274 1342 4344 nuptiis.
1369 4272 1509 4329 Cum
1552 4273 1714 4343 222
1742 4289 1875 4328 vero
1903 4289 1993 4329 es-

401 4371 527 4419 sent
550 4364 808 4421 nonnihil
841 4364 1065 4423 Christo
1123 4365 1446 4431 familiares,
1505 4366 1760 4423 videntes
1809 4366 1992 4438 ipsum

403 4456 668 4513 miracula
693 4458 880 4523 edere,
935 4474 1119 4530 neque
1175 4459 1414 4513 multum
1460 4458 1729 4529 legalibus
1781 4474 1992 4530 praece-

2110 1981 2280 2036 Τοῦτο
2312 1982 2406 2036 καὶ
2434 1983 2597 2047 αὐτὸς
2617 1982 2706 2057 διὰ
2733 1984 2919 2055 φωνῆς
2939 1985 3033 2040 τοῦ
3061 1984 3226 2040 Δασὶδ
3255 1985 3693 2058 προκεχρησμῴ·

2107 2072 2271 2142 δηκεν
2304 2074 2332 2127 ὁ
2361 2073 2616 2144 Χριστός.
2653 2075 2797 2146 Ἔφη
2823 2074 2956 2145 γάρ’
2996 2096 3015 2128 ι
3051 2075 3173 2130 ’Ότι
3215 2075 3538 2143 καταδιώξω
3576 2078 3691 2140 τοὺς

2108 2164 2336 2239 ἐχθρούς
2395 2183 2521 2237 μου,
2574 2167 2671 2221 καὶ
2727 2167 3118 2241 καταλήψομαι
3173 2170 3399 2235 αὐτοὺς,
3465 2171 3558 2224 καί
3599 2171 3691 2224 οὐκ

2106 2258 2631 2330 ἀποστραφήσομαι,
2674 2260 2781 2325 ἕως
2821 2258 2887 2314 ἂν
2926 2260 3249 2316 ἐκλίπωσιν.
3297 2260 3572 2332 Ἐκθλίψω
3604 2262 3691 2316 αύ-

2105 2350 2252 2415 τοὺς,
2306 2350 2400 2404 καὶ
2444 2351 2506 2404 οὐ
2554 2350 2630 2423 μὴ
2659 2350 2926 2406 δύνωνται
2974 2353 3202 2424 στῆναι·
3261 2353 3559 2408 πεσοῦνται
3595 2354 3689 2407 ὑπὸ

2104 2441 2227 2505 τοὺς
2272 2442 2440 2506 πόδας
2480 2459 2605 2513 μου.
2643 2462 2661 2495 ι
2704 2442 2916 2498 Οὒκοῦν
2956 2462 2974 2495 ι
3015 2446 3109 2499 ἐπὶ
3144 2445 3316 2499 νώτου
3344 2446 3454 2499 τῶν
3487 2444 3687 2525 ἐχθρῶν

2105 2537 2162 2590 αἱ
2194 2538 2375 2606 χεῖρες
2416 2534 2649 2599 ἔσονται,
2702 2554 2721 2587 ι
2774 2535 2961 2605 φησὶν,
2990 2535 3063 2597 ὡς
3089 2535 3385 2605 διώκοντος
3424 2536 3621 2609 μᾶλλον
3653 2536 3681 2607 ἢ

2106 2628 2428 2696 φεύγοντος·
2472 2627 2569 2697 οὐχ
2612 2628 2687 2690 ὡς
2738 2625 3114 2696 πληττομένου
3167 2627 3405 2698 μᾶλλον,
3454 2626 3565 2681 ἀλλ’
3614 2627 3682 2691 ὡς

2104 2718 2270 2773 αὑτοῦ
2314 2718 2728 2783 καταπαίοντος.
2774 2718 2999 2790 Ἀληθὲς
3036 2720 3145 2793 γὰρ
3178 2721 3239 2774 τὸ
3279 2721 3339 2774 ἐν
3389 2719 3555 2792 βίϐλῳ
3583 2719 3681 2774 τῶν

2102 2813 2351 2884 Ψαλμῶν
2385 2813 2742 2884 ὑμνούμενον,
2782 2813 2865 2866 ὅτι
2902 2834 2919 2865 ι
2957 2814 3069 2867 Οὐκ
3102 2812 3380 2885 ὠφελήσει
3419 2813 3603 2885 ἐχθρὸς
3628 2815 3679 2866 ἐν

2099 2905 2269 2976 αὐτῷ,
2318 2908 2413 2961 καὶ
2445 2904 2559 2968 υίὸς
2600 2904 2833 2974 ἀνομίας
2864 2905 2925 2959 οὗ
2976 2903 3275 2975 προσθήσει
3313 2904 3407 2959 τοῦ
3444 2904 3680 2960 κακῶσαι

2100 2996 2282 3049 αὐτόν.
2324 3016 2343 3047 ι
2380 2996 2443 3049 Εἰ
2471 2995 2579 3066 γὰρ
2597 2994 2692 3048 καὶ
2720 2995 2883 3058 αὐτὸς
2906 2995 3121 3049 δίδωσιν
3135 2997 3267 3067 ἡμῖν
3291 2998 3483 3050 πατεῖν
3508 2996 3680 3051 ἐπάνω

2100 3086 2279 3158 ὄφεων
2309 3088 2402 3141 καὶ
2436 3086 2734 3156 σκορπίων,
2758 3087 2851 3140 καὶ
2878 3088 2971 3139 ἐπὶ
2998 3087 3179 3141 πᾶσαν
3217 3086 3318 3158 τὴν
3351 3085 3677 3159 δυνάμιντού

2100 3179 2319 3251 ἐχθροῦ,
2355 3177 2474 3242 πῶς
2507 3178 2608 3231 οὐκ
2637 3178 2936 3246 ἀναγκαῖον
2970 3177 3250 3249 ὁμολογεῖν
3280 3179 3365 3233 ὃτι
3401 3179 3506 3250 πρὸ
3535 3178 3677 3249 ἡμῶν

2102 3271 2263 3336 αὐτὸς
2313 3270 2419 3325 ὑπὸ
2456 3272 2647 3340 χεῖρας
2700 3270 2992 3341 κειμένους
3038 3268 3151 3335 ἔξει
3193 3270 3325 3335 τοὺς
3375 3269 3674 3339 ἁντεξάγειν

2100 3362 2408 3425 ἐθέλοντας,
2442 3361 2537 3415 καὶ⁵
2566 3360 2799 3422 ἀνοσίως
2828 3362 3315 3433 ἀντεγειρομένους
3335 3383 3348 3429 ;
3370 3363 3491 3419 Ὅτι
3511 3360 3675 3416 τοίνυν

2100 3452 2161 3506 τὸ
2193 3451 2417 3522 φεύγειν
2445 3451 2545 3505 ούκ
2571 3447 2699 3515 οἶδε,
2748 3449 2969 3505 διώκειν
3009 3451 3065 3504 δὲ
3109 3450 3335 3523 μᾶλλον,
3374 3452 3467 3507 καὶ
3502 3445 3575 3506 ὧν
3615 3450 3674 3503 ἂν

2103 3543 2345 3617 βούλοιτο
2374 3546 2615 3614 κρατεῖν,
2653 3543 2745 3596 καὶ
2790 3541 2949 3596 τοῦτο
2984 3544 3245 3614 ἀμογητῦ
3290 3546 3539 3614 νενίκηκε
3575 3542 3675 3612 γὰρ

2098 3640 2189 3692 τὸν
2234 3639 2459 3708 κόσμον·
2509 3636 3049 3708 προκαταμεμήνυκε
3098 3634 3273 3703 λέγων
3328 3634 3356 3686 ὁ
3404 3633 3674 3693 θεσπέσιος

2111 3729 2329 3783 ἰακώ6’
2366 3729 2464 3781 «Αἱ
2493 3726 2670 3799 χεῖρές
2713 3742 2806 3779 σου
2853 3726 2947 3779 ἐπὶ
2979 3725 3149 3779 νώτου
3180 3725 3287 3779 τῶν
3326 3726 3532 3797 ἐχθρῶν
3564 3741 3669 3786 σου,

2099 3821 2193 3874 καὶ
2224 3818 2664 3891 προσκυνήσουσί
2695 3836 2776 3873 σοι
2808 3819 2857 3871 οἱ
2887 3818 2993 3872 υἱοὶ
3014 3817 3108 3872 τοῦ
3134 3819 3341 3891 πατρός
3369 3835 3486 3872 σου.
3522 3837 3539 3870 ι
3572 3815 3674 3870 Καὶ

2097 3910 2181 3973 τίς
2218 3908 2285 3964 ἂν
2325 3911 2500 3963 νοοῖτο
2539 3907 2700 3962 πάλιν
2731 3907 3024 3981 ήδιαφορὰ
3053 3908 3161 3963 τῶν
3191 3908 3484 3964 αἰνούντων
3526 3907 3665 3962 ἁδελ-

2099 3999 2235 4069 φῶν,
2264 4000 2358 4052 καὶ
2394 3997 2500 4052 τῶν
2528 3996 2623 4051 τοῦ
2650 3998 2857 4070 πατρὸς
2899 3997 3052 4062 υἱῶν,
3075 3999 3125 4052 οἳ
3157 4002 3269 4064 τοῖς
3307 3995 3661 4071 προσκυνοῦσι

2099 4090 2545 4156 συντετάξονται;
2575 4090 2699 4153 Πῶς
2727 4090 2827 4143 οὐκ
2855 4091 3155 4159 ἀναγκαῖον
3174 4092 3383 4157 είπεῖνς
3418 4088 3670 4161 Ἐπεγρά-

2099 4200 2229 4255 φετο
2248 4183 2423 4237 τοίνυν
2452 4184 2532 4246 είς
2559 4180 2772 4253 πατέρα
2792 4180 2869 4252 τῷ
2888 4181 3109 4254 Χριστῷ
3127 4173 3304 4237 καίτοι
3332 4185 3473 4251 πατὴ
3481 4200 3511 4253 ρ
3530 4182 3662 4236 κατα

2095 4273 2351 4345 ἀλήθειαν
2378 4273 2479 4327 οὐκ
2505 4271 2581 4326 ὢν
2603 4272 2631 4326 ὁ
2662 4270 2933 4344 μακάριος
2967 4272 3191 4343 Ἰωσήφ.
3225 4268 3408 4327 *Ησαν
3438 4273 3493 4327 δὲ
3532 4269 3668 4338 αὐτῷ

2094 4366 2199 4419 υἱοὶ
2249 4367 2344 4419 καὶ
2388 4364 2691 4436 θυγατέρες
2723 4365 2789 4418 ὲκ
2824 4364 3055 4436 πρώτων
3079 4365 3296 4435 γάμων.
3358 4362 3570 4435 Ἐπειδὴ
3613 4361 3666 4416 δὲ

2092 4454 2234 4530 ἦσαν
2274 4458 2416 4529 τάχα
2459 4473 2564 4510 που
2617 4456 2712 4512 καὶ
2741 4457 3011 4512 συνέστιοι
3063 4456 3140 4528 τῷ
3186 4458 3428 4530 Χριστῷ,
3469 4459 3657 4528 σημεῖα

402 4549 511 4618 ptis
538 4558 827 4620 parentem
851 4549 924 4605 ob
950 4550 1207 4606 ciborum
1238 4551 1695 4617 indiﬁerentiam,
1731 4552 1992 4623 quodque

2104 4548 2353 4602 ποιοῦντα
2397 4547 2708 4618 βλέποντες,
2764 4548 2857 4601 καὶ
2901 4548 2962 4601 ού
3013 4549 3219 4621 σφόδρα
3269 4553 3383 4613 τοῖς
3436 4550 3663 4620 νομικοῖς

401 4643 643 4712 quietem
669 4644 726 4698 in
748 4642 991 4700 Sabbato
1022 4658 1135 4699 non
1166 4658 1503 4715 magnopere
1533 4645 1775 4712 coleret;
1835 4646 1991 4701 dice-

404 4734 496 4789 bat
519 4735 704 4790 enim:
741 4735 901 4791 «Non
927 4736 1075 4807 quod
1103 4735 1415 4807 ingreditur
1440 4738 1497 4793 in
1535 4754 1619 4804 os,
1667 4739 1992 4812 coinquinat

404 4827 684 4883 hominem
709 4830 858 4896 ²¹⁶²¹;
890 4847 910 4880 ι
947 4828 1170 4899 etquod
1193 4829 1637 4903 Filius_hominis
1665 4831 1737 4886 sit
1762 4831 1991 4889 Sabbati

403 4919 668 4976 Dominus
706 4921 787 4989 ¹³;
817 4920 944 4977 ideo
979 4920 1124 4977 inter
1162 4936 1221 4977 se
1264 4921 1688 4987 dissentiebant,
1726 4939 1907 4994 neque
1936 4925 1990 4980 ei

401 5007 648 5064 debitum
701 5011 971 5066 honorem
998 5011 1345 5078 deferebant,
1400 5013 1607 5084 quippe
1638 5013 1733 5083 qui
1767 5014 1991 5071 videre-

405 5109 495 5155 tur
526 5117 720 5171 parum
750 5103 939 5160 dextre
973 5106 1181 5160 sentire
1207 5105 1277 5161 de
1311 5105 1449 5177 lege.
1485 5106 1598 5161 Nec
1656 5116 1837 5161 tamen
1876 5106 1989 5164 fer-

406 5207 463 5246 re
495 5200 748 5261 poterant
775 5203 837 5249 ut
859 5197 1029 5251 homo
1085 5195 1225 5254 adeo
1283 5198 1586 5267 praeclarus
1641 5198 1696 5253 in
1752 5199 1994 5255 obscuro

403 5284 666 5339 latitaret.
691 5284 859 5342 Unde
899 5303 1253 5347 accesserunt
1302 5291 1371 5346 ad
1401 5308 1527 5348 cum
1570 5291 1876 5357 interdum,
1905 5293 1992 5347 di-

404 5385 627 5432 centes:
673 5376 776 5432 cSi
833 5379 1107 5450 ejusmodi
1162 5383 1320 5447 facis,
1377 5384 1669 5440 manifesta
1703 5392 1754 5440 te
1810 5385 1993 5456 ipsum

407 5467 632 5522 mundo.
663 5467 861 5524 Nullus
885 5471 1033 5524 enim
1062 5470 1118 5525 in
1174 5475 1394 5529 occulto
1429 5475 1563 5531 facit
1590 5476 1914 5547 quidquam,
1945 5476 2001 5531 si.

405 5565 614 5626 quaerat
642 5558 758 5630 ipse
793 5559 1117 5617 manifestus
1152 5562 1271 5617 ﬁeri
1300 5562 1365 5618 ".
1389 5583 1405 5615 ι
1437 5564 1785 5634 Evangelista
1807 5573 1992 5620 autem

485 5699 527 5728 “
562 5698 702 5752 Psal.
746 5716 874 5756 γένη.
908 5699 994 5752 43.
1077 5703 1190 5732 "'"
1225 5704 1365 5758 Psnl.
1409 5720 1659 5765 nurui,
1686 5704 1773 5758 ‘23.

413 5768 461 5801 ’³
494 5769 682 5825 ἒιῖειιὶι.
728 5789 819 5828 XII,
856 5772 906 5825 δ’.
1014 5773 1053 5802 ¹’¹
1092 5774 1245 5828 Jnan,
1284 5791 1375 5835 γη,
1412 5774 1464 5838 3’
1504 5776 1548 5826 ί,

1886 5705 1923 5735 ¹⁹
1950 5702 2085 5758 Luc.
2120 5717 2176 5767 τ,
2223 5699 2306 5752 l9.

2096 4640 2317 4695 εἴκοντα
2351 4640 2583 4711 νεύμασι
2618 4639 2710 4693 διά
2758 4657 2843 4694 τοι
2887 4638 2949 4693 τὸ
2996 4640 3076 4703 εἰς
3113 4642 3321 4713 τροφὰς
3367 4640 3660 4711 ἀδιάφορον,

2094 4733 2190 4788 καὶ
2223 4732 2285 4786 τὸ
2338 4732 2414 4803 μὴ
2457 4733 2576 4786 λίαν
2628 4731 2847 4786 ἑλέσθαι
2900 4734 3068 4804 τιμᾷν
3119 4734 3219 4803 τὴν
3273 4735 3333 4786 εν
3385 4732 3662 4788 Σαδόάτοις

2093 4824 2312 4896 ἀργίαν
2362 4824 2571 4893 ἔφασκε
2604 4825 2736 4895 γάρ’
2794 4843 2814 4875 ι
2868 4824 2943 4877 Οὐ
2983 4823 3045 4877 τὸ
3088 4823 3465 4896 εἰσερχόμενον
3500 4823 3576 4885 εἰς
3606 4818 3661 4871 τὸ

2096 4918 2270 4989 στόμα
2300 4917 2471 4970 κοινοῖ
2496 4916 2586 4969 τὸν
2617 4915 2928 4985 ἄνθρωπονο
2963 4934 2982 4966 ι
3023 4915 3116 4969 καὶ
3140 4915 3221 4969 ὅτι
3256 4934 3280 4967 ι
3319 4913 3516 4986 Κύριός
3554 4912 3660 4964 ἐστι

2094 5012 2187 5065 τοῦ
2221 5010 2502 5065 Σασϐἁτου
2546 5011 2574 5062 ό
2605 5008 2731 5072 Yth;
2772 5006 2868 5063 τοῦ
2920 5007 3233 5080 ἀνθρώπουσ
3287 5027 3306 5060 ι
3364 5004 3659 5078 ἐμερίζοντο

2099 5106 2164 5175 τῇ
2193 5100 2409 5175 γνώμῃ,
2442 5101 2535 5155 καὶ
2564 5098 2688 5153 οὔτε
2719 5100 2886 5171 τιμᾷν
2910 5099 3221 5171 ὀλοτρόπως
3252 5099 3459 5172 sum»,
3492 5094 3575 5150 διά
3600 5110 3656 5160 γε

2093 5196 2155 5249 τὸ
2181 5195 2359 5249 δοκεῖν
2388 5194 2488 5247 οὐκ
2531 5192 2909 5263 ἀπλημμελῶς
2942 5191 3087 5262 ἔχειν
3120 5190 3272 5263 αὐτῷ
3302 5191 3372 5245 τὰ
3414 5187 3538 5259 περὶ
3573 5184 3655 5238 τὸν

2091 5285 2272 5353 νόμον,
2302 5281 2426 5336 οὔτε
2470 5283 2575 5354 μὴν
2623 5281 2976 5352 ἀθαύμαστον
3014 5284 3111 5354 ὲᾷν
3157 5280 3344 5350 ἡξίουν
3397 5279 3484 5333 τὸν
3526 5274 3657 5329 οὕτω

2092 5374 2364 5447 λαμπρόν.
2403 5375 2514 5429 Ka‘t
2555 5374 2685 5445 γοῦν
2731 5373 3045 5445 προσῄεσαν
3074 5374 3224 5444 αὑτῷ
3259 5361 3406 5426 ’πο-σε’
3424 5371 3653 5437 λέγοντες

2092 5468 2371 5540 ὲναργῶςα
2413 5486 2431 5519 ι
2475 5467 2535 5520 Ei
2561 5466 2737 5520 ταῦτα
2766 5468 2960 5530 ποιεῖς,
2993 5467 3310 5537 φανέρωσον
3347 5459 3561 5517 σεαυτδν
3582 5453 3651 5523 τῷ

2093 5560 2305 5631 κόσμῳ.
2356 5560 2545 5624 Οὐδεὶς
2577 5560 2686 5630 γάρ
2727 5575 2777 5611 τι
2808 5560 2865 5612 ἐν
2901 5556 3131 5630 κρυπτῷ
3180 5557 3340 5619 ποιεῖ,
3382 5553 3471 5607 καῖ⁹
3513 5548 3650 5618 ζητεῖ

2412 5699 2455 5728 ²⁰
2497 5697 2655 5753 Joan.
2690 5712 2795 5759 xvi,
2831 5694 2920 5749 53.
2998 5695 3142 5765 3""
3177 5692 3363 5749 Matth.
3426 5703 3508 5750 xv,
3568 5680 3643 5736 ll.
