  <div class='ocr_page' id='page_1' title='image "/cluster/home/n/w/nwhite01/storage/ocr_20150623/69:no.2/coo.31924054869734/184.png"; bbox 0 0 4034 6454; ppageno 0'>
   <div class='ocr_carea' id='block_1_1' title="bbox 300 370 415 429">
    <p class='ocr_par' dir='ltr' id='par_1_1' title="bbox 300 370 415 429">
     <span class='ocr_line' id='line_1_1' title="bbox 300 370 415 429; baseline -0.017 1"><span class='ocrx_word' id='word_1_1' title='bbox 300 370 415 429; x_wconf 77' lang='grc'><strong>353</strong></span> 
     </span>
    </p>
   </div>
   <div class='ocr_carea' id='block_1_2' title="bbox 1322 360 2621 424">
    <p class='ocr_par' dir='ltr' id='par_1_2' title="bbox 1322 360 2621 424">
     <span class='ocr_line' id='line_1_2' title="bbox 1322 360 2621 424; baseline 0.002 -5"><span class='ocrx_word' id='word_1_2' title='bbox 1322 360 1847 421; x_wconf 67' lang='lat' dir='ltr'><strong>GLAPHYRORUM</strong></span> <span class='ocrx_word' id='word_1_3' title='bbox 1890 361 1955 417; x_wconf 71' lang='lat' dir='ltr'><strong>IN</strong></span> <span class='ocrx_word' id='word_1_4' title='bbox 1996 362 2297 421; x_wconf 74' lang='lat' dir='ltr'><strong>GENESIM</strong></span> <span class='ocrx_word' id='word_1_5' title='bbox 2339 365 2467 421; x_wconf 87' lang='lat' dir='ltr'><strong>LIB.</strong></span> <span class='ocrx_word' id='word_1_6' title='bbox 2510 367 2621 424; x_wconf 76' lang='lat' dir='ltr'><strong>VII.</strong></span> 
     </span>
    </p>
   </div>
   <div class='ocr_carea' id='block_1_3' title="bbox 3505 373 3615 434">
    <p class='ocr_par' dir='ltr' id='par_1_3' title="bbox 3505 373 3615 434">
     <span class='ocr_line' id='line_1_3' title="bbox 3505 373 3615 434; baseline 0.027 -4"><span class='ocrx_word' id='word_1_7' title='bbox 3505 373 3615 434; x_wconf 70' lang='grc'><strong>534</strong></span> 
     </span>
    </p>
   </div>
   <div class='ocr_carea' id='block_1_4' title="bbox 297 475 1926 558">
    <p class='ocr_par' dir='ltr' id='par_1_4' title="bbox 297 475 1921 558">
     <span class='ocr_line' id='line_1_4' title="bbox 297 475 1921 558; baseline -0.008 -15"><span class='ocrx_word' id='word_1_8' title='bbox 297 489 477 553; x_wconf 73' lang='grc' dir='ltr'>αὐτὸς</span> <span class='ocrx_word' id='word_1_9' title='bbox 508 490 567 541; x_wconf 77' lang='grc' dir='ltr'>ὲν</span> <span class='ocrx_word' id='word_1_10' title='bbox 610 482 900 558; x_wconf 67' lang='grc' dir='ltr'>παρρησίᾳ</span> <span class='ocrx_word' id='word_1_11' title='bbox 934 475 1096 537; x_wconf 78' lang='grc' dir='ltr'>εἶναι.</span> <span class='ocrx_word' id='word_1_12' title='bbox 1140 499 1157 532; x_wconf 74' lang='grc' dir='ltr'><strong>ι</strong></span> <span class='ocrx_word' id='word_1_13' title='bbox 1198 479 1517 552; x_wconf 75' lang='grc' dir='ltr'>Προσέθηκε</span> <span class='ocrx_word' id='word_1_14' title='bbox 1556 478 1614 533; x_wconf 80' lang='grc' dir='ltr'>δὲ</span> <span class='ocrx_word' id='word_1_15' title='bbox 1651 478 1863 541; x_wconf 76' lang='grc' dir='ltr'><strong>τούτοις</strong></span> <span class='ocrx_word' id='word_1_16' title='bbox 1893 478 1921 531; x_wconf 99' lang='lat'><strong>6</strong></span> 
     </span>
    </p>
   </div>
   <div class='ocr_carea' id='block_1_5' title="bbox 2030 475 3613 558">
    <p class='ocr_par' dir='ltr' id='par_1_5' title="bbox 2030 479 3613 557">
     <span class='ocr_line' id='line_1_5' title="bbox 2030 479 3613 557; baseline 0.008 -23"><span class='ocrx_word' id='word_1_17' title='bbox 2030 479 2238 535; x_wconf 78' lang='lat' dir='ltr'><strong>addidit</strong></span> <span class='ocrx_word' id='word_1_18' title='bbox 2262 480 2378 537; x_wconf 90' lang='lat' dir='ltr'><strong>his:</strong></span> <span class='ocrx_word' id='word_1_19' title='bbox 2426 502 2444 535; x_wconf 82' lang='grc' dir='ltr'><strong>ι</strong></span> <span class='ocrx_word' id='word_1_20' title='bbox 2477 482 2615 549; x_wconf 82' lang='lat' dir='ltr'><strong>Quia</strong></span> <span class='ocrx_word' id='word_1_21' title='bbox 2661 498 2765 539; x_wconf 90' lang='lat' dir='ltr'><strong>nec</strong></span> <span class='ocrx_word' id='word_1_22' title='bbox 2807 483 3007 539; x_wconf 84' lang='lat' dir='ltr'><strong>iratres</strong></span> <span class='ocrx_word' id='word_1_23' title='bbox 3045 487 3167 557; x_wconf 84' lang='lat' dir='ltr'><strong>ejus</strong></span> <span class='ocrx_word' id='word_1_24' title='bbox 3204 488 3504 545; x_wconf 87' lang='lat' dir='ltr'><strong>credebant</strong></span> <span class='ocrx_word' id='word_1_25' title='bbox 3558 492 3613 548; x_wconf 87' lang='lat' dir='ltr'><strong>iu</strong></span> 
     </span>
    </p>
   </div>
   <div class='ocr_carea' id='block_1_6' title="bbox 299 571 1922 650">
    <p class='ocr_par' dir='ltr' id='par_1_6' title="bbox 299 571 1922 650">
     <span class='ocr_line' id='line_1_6' title="bbox 299 571 1922 650; baseline -0.009 -13"><span class='ocrx_word' id='word_1_26' title='bbox 299 579 714 649; x_wconf 75' lang='grc' dir='ltr'>εὐαγγελιστής</span> <span class='ocrx_word' id='word_1_27' title='bbox 736 594 748 605; x_wconf 91' lang='grc'><strong>·</strong></span> <span class='ocrx_word' id='word_1_28' title='bbox 780 596 800 629; x_wconf 74' lang='grc' dir='ltr'><strong>ι</strong></span> <span class='ocrx_word' id='word_1_29' title='bbox 834 574 972 629; x_wconf 74' lang='grc' dir='ltr'><strong>Οὐδὲ</strong></span> <span class='ocrx_word' id='word_1_30' title='bbox 1004 573 1114 647; x_wconf 82' lang='grc' dir='ltr'>γὰρ</span> <span class='ocrx_word' id='word_1_31' title='bbox 1133 575 1181 628; x_wconf 91' lang='grc' dir='ltr'>οἱ</span> <span class='ocrx_word' id='word_1_32' title='bbox 1209 573 1429 643; x_wconf 73' lang='grc' dir='ltr'>ἀδελφοὶ</span> <span class='ocrx_word' id='word_1_33' title='bbox 1450 571 1619 626; x_wconf 77' lang='grc' dir='ltr'>αὐτοῦ</span> <span class='ocrx_word' id='word_1_34' title='bbox 1636 571 1922 650; x_wconf 69' lang='grc' dir='ltr'>ἐπίστευον</span> 
     </span>
    </p>
   </div>
   <div class='ocr_carea' id='block_1_7' title="bbox 298 663 1907 735">
    <p class='ocr_par' dir='ltr' id='par_1_7' title="bbox 298 663 1907 735">
     <span class='ocr_line' id='line_1_7' title="bbox 298 663 1907 735; baseline -0.008 -8"><span class='ocrx_word' id='word_1_35' title='bbox 298 674 386 735; x_wconf 79' lang='grc' dir='ltr'><strong>είς</strong></span> <span class='ocrx_word' id='word_1_36' title='bbox 440 671 628 727; x_wconf 82' lang='grc' dir='ltr'>αὐτόν.</span> <span class='ocrx_word' id='word_1_37' title='bbox 684 688 702 722; x_wconf 75' lang='grc' dir='ltr'><strong>ι</strong></span> <span class='ocrx_word' id='word_1_38' title='bbox 777 668 919 723; x_wconf 77' lang='grc' dir='ltr'>Ἀλλ’</span> <span class='ocrx_word' id='word_1_39' title='bbox 958 669 1007 722; x_wconf 88' lang='grc' dir='ltr'><strong>οί</strong></span> <span class='ocrx_word' id='word_1_40' title='bbox 1055 666 1231 722; x_wconf 77' lang='grc' dir='ltr'>ταῦτα</span> <span class='ocrx_word' id='word_1_41' title='bbox 1277 665 1530 735; x_wconf 81' lang='grc' dir='ltr'>λέγοντες</span> <span class='ocrx_word' id='word_1_42' title='bbox 1576 664 1636 716; x_wconf 85' lang='grc' dir='ltr'><strong>ὲν</strong></span> <span class='ocrx_word' id='word_1_43' title='bbox 1688 663 1907 735; x_wconf 79' lang='grc' dir='ltr'><strong>ἀρχαῖς,</strong></span> 
     </span>
    </p>
   </div>
   <div class='ocr_carea' id='block_1_8' title="bbox 296 755 1921 838">
    <p class='ocr_par' dir='ltr' id='par_1_8' title="bbox 296 755 1921 838">
     <span class='ocr_line' id='line_1_8' title="bbox 296 755 1921 838; baseline -0.006 -19"><span class='ocrx_word' id='word_1_44' title='bbox 296 765 599 838; x_wconf 76' lang='grc' dir='ltr'>προῖόντος</span> <span class='ocrx_word' id='word_1_45' title='bbox 621 761 721 816; x_wconf 75' lang='grc' dir='ltr'>τοῦ</span> <span class='ocrx_word' id='word_1_46' title='bbox 748 761 944 833; x_wconf 87' lang='grc' dir='ltr'>χρόνου</span> <span class='ocrx_word' id='word_1_47' title='bbox 968 758 1425 815; x_wconf 76' lang='grc' dir='ltr'>πεπιστεύκασιν.</span> <span class='ocrx_word' id='word_1_48' title='bbox 1451 755 1921 828; x_wconf 75' lang='grc' dir='ltr'>Πεπληροφὸρηνο</span> 
     </span>
    </p>
   </div>
   <div class='ocr_carea' id='block_1_9' title="bbox 297 847 1921 928">
    <p class='ocr_par' dir='ltr' id='par_1_9' title="bbox 297 847 1921 928">
     <span class='ocr_line' id='line_1_9' title="bbox 297 847 1921 928; baseline -0.008 -16"><span class='ocrx_word' id='word_1_49' title='bbox 297 877 401 915; x_wconf 84' lang='grc' dir='ltr'><strong>ται</strong></span> <span class='ocrx_word' id='word_1_50' title='bbox 435 857 553 928; x_wconf 74' lang='grc' dir='ltr'>γὰρ</span> <span class='ocrx_word' id='word_1_51' title='bbox 588 857 671 911; x_wconf 83' lang='grc' dir='ltr'><strong>ὅτι</strong></span> <span class='ocrx_word' id='word_1_52' title='bbox 703 855 803 909; x_wconf 83' lang='grc' dir='ltr'>καὶ</span> <span class='ocrx_word' id='word_1_53' title='bbox 825 852 960 918; x_wconf 77' lang='grc' dir='ltr'>Θεὸς</span> <span class='ocrx_word' id='word_1_54' title='bbox 976 851 1120 906; x_wconf 86' lang='grc' dir='ltr'><strong>κατά</strong></span> <span class='ocrx_word' id='word_1_55' title='bbox 1152 850 1314 921; x_wconf 81' lang='grc' dir='ltr'>φύσιν</span> <span class='ocrx_word' id='word_1_56' title='bbox 1335 850 1478 911; x_wconf 75' lang='grc' dir='ltr'>ἐστὶ,</span> <span class='ocrx_word' id='word_1_57' title='bbox 1500 848 1596 903; x_wconf 78' lang='grc' dir='ltr'><strong>καὶ</strong></span> <span class='ocrx_word' id='word_1_58' title='bbox 1624 848 1674 901; x_wconf 83' lang='grc' dir='ltr'><strong>εί</strong></span> <span class='ocrx_word' id='word_1_59' title='bbox 1696 847 1921 917; x_wconf 81' lang='grc' dir='ltr'>γέγονεν</span> 
     </span>
    </p>
   </div>
   <div class='ocr_carea' id='block_1_10' title="bbox 296 929 1921 1021">
    <p class='ocr_par' dir='ltr' id='par_1_10' title="bbox 296 929 1921 1021">
     <span class='ocr_line' id='line_1_10' title="bbox 296 929 1921 1021; baseline -0.009 -19"><span class='ocrx_word' id='word_1_60' title='bbox 296 953 359 1005; x_wconf 79' lang='grc' dir='ltr'>ὲν</span> <span class='ocrx_word' id='word_1_61' title='bbox 411 948 606 1021; x_wconf 69' lang='grc' dir='ltr'>σαρκὶ,</span> <span class='ocrx_word' id='word_1_62' title='bbox 643 947 739 1000; x_wconf 80' lang='grc' dir='ltr'>καὶ</span> <span class='ocrx_word' id='word_1_63' title='bbox 774 944 1021 1015; x_wconf 76' lang='grc' dir='ltr'><strong>πέφηνεν</strong></span> <span class='ocrx_word' id='word_1_64' title='bbox 1065 939 1379 1012; x_wconf 76' lang='grc' dir='ltr'>ἄνθρωπος.</span> <span class='ocrx_word' id='word_1_65' title='bbox 1418 937 1594 992; x_wconf 77' lang='grc' dir='ltr'>Τοῦτό</span> <span class='ocrx_word' id='word_1_66' title='bbox 1628 953 1711 990; x_wconf 88' lang='grc' dir='ltr'><strong>τοι</strong></span> <span class='ocrx_word' id='word_1_67' title='bbox 1765 929 1862 990; x_wconf 50' lang='grc' dir='ltr'><strong>καὶ¹</strong></span> <span class='ocrx_word' id='word_1_68' title='bbox 1892 935 1921 989; x_wconf 93' lang='lat'><strong>6</strong></span> 
     </span>
    </p>
   </div>
   <div class='ocr_carea' id='block_1_11' title="bbox 300 1028 1923 1114">
    <p class='ocr_par' dir='ltr' id='par_1_11' title="bbox 300 1028 1923 1114">
     <span class='ocr_line' id='line_1_11' title="bbox 300 1028 1923 1114; baseline -0.01 -17"><span class='ocrx_word' id='word_1_69' title='bbox 300 1042 586 1114; x_wconf 79' lang='grc' dir='ltr'>μακάριος</span> <span class='ocrx_word' id='word_1_70' title='bbox 611 1039 901 1112; x_wconf 81' lang='grc' dir='ltr'><strong>προφήτης</strong></span> <span class='ocrx_word' id='word_1_71' title='bbox 946 1034 1235 1109; x_wconf 81' lang='grc' dir='ltr'>Ἱερεμίας,</span> <span class='ocrx_word' id='word_1_72' title='bbox 1271 1030 1639 1105; x_wconf 83' lang='grc' dir='ltr'>προεγνωκὼς</span> <span class='ocrx_word' id='word_1_73' title='bbox 1669 1031 1727 1082; x_wconf 82' lang='grc' dir='ltr'>ὲν</span> <span class='ocrx_word' id='word_1_74' title='bbox 1757 1028 1923 1083; x_wconf 83' lang='grc' dir='ltr'>πνεύ-</span> 
     </span>
    </p>
   </div>
   <div class='ocr_carea' id='block_1_12' title="bbox 300 1122 1921 1208">
    <p class='ocr_par' dir='ltr' id='par_1_12' title="bbox 300 1122 1921 1208">
     <span class='ocr_line' id='line_1_12' title="bbox 300 1122 1921 1208; baseline -0.01 -17"><span class='ocrx_word' id='word_1_75' title='bbox 300 1154 466 1208; x_wconf 80' lang='grc' dir='ltr'>ματι,</span> <span class='ocrx_word' id='word_1_76' title='bbox 500 1135 642 1208; x_wconf 74' lang='grc' dir='ltr'>πρὸς</span> <span class='ocrx_word' id='word_1_77' title='bbox 666 1133 836 1188; x_wconf 78' lang='grc' dir='ltr'>αὐτόν</span> <span class='ocrx_word' id='word_1_78' title='bbox 870 1148 1005 1204; x_wconf 79' lang='grc' dir='ltr'>φησι</span> <span class='ocrx_word' id='word_1_79' title='bbox 1040 1131 1134 1184; x_wconf 77' lang='grc' dir='ltr'>τὸν</span> <span class='ocrx_word' id='word_1_80' title='bbox 1177 1126 1541 1200; x_wconf 74' lang='grc' dir='ltr'>Ἐμμανουήλ</span> <span class='ocrx_word' id='word_1_81' title='bbox 1567 1145 1579 1156; x_wconf 92' lang='grc'>·</span> <span class='ocrx_word' id='word_1_82' title='bbox 1624 1145 1642 1176; x_wconf 79' lang='grc' dir='ltr'><strong>ι</strong></span> <span class='ocrx_word' id='word_1_83' title='bbox 1675 1126 1796 1179; x_wconf 73' lang='grc' dir='ltr'>Ὀτι</span> <span class='ocrx_word' id='word_1_84' title='bbox 1826 1122 1921 1176; x_wconf 74' lang='grc' dir='ltr'><strong>καὶ</strong></span> 
     </span>
    </p>
   </div>
   <div class='ocr_carea' id='block_1_13' title="bbox 295 1210 1911 1298">
    <p class='ocr_par' dir='ltr' id='par_1_13' title="bbox 295 1210 1911 1298">
     <span class='ocr_line' id='line_1_13' title="bbox 295 1210 1911 1298; baseline -0.009 -16"><span class='ocrx_word' id='word_1_85' title='bbox 295 1230 349 1282; x_wconf 73' lang='lat' dir='ltr'><strong>ei</strong></span> <span class='ocrx_word' id='word_1_86' title='bbox 375 1227 611 1298; x_wconf 78' lang='grc' dir='ltr'>ἀδελφοί</span> <span class='ocrx_word' id='word_1_87' title='bbox 642 1244 760 1291; x_wconf 87' lang='grc' dir='ltr'>σου,</span> <span class='ocrx_word' id='word_1_88' title='bbox 779 1226 875 1280; x_wconf 69' lang='grc' dir='ltr'><strong>καὶ</strong></span> <span class='ocrx_word' id='word_1_89' title='bbox 902 1228 931 1280; x_wconf 90' lang='lat'><strong>6</strong></span> <span class='ocrx_word' id='word_1_90' title='bbox 955 1221 1106 1288; x_wconf 75' lang='grc' dir='ltr'>οἶκος</span> <span class='ocrx_word' id='word_1_91' title='bbox 1140 1222 1234 1276; x_wconf 77' lang='grc' dir='ltr'><strong>τοῦ</strong></span> <span class='ocrx_word' id='word_1_92' title='bbox 1257 1221 1467 1291; x_wconf 72' lang='grc' dir='ltr'>πατρός</span> <span class='ocrx_word' id='word_1_93' title='bbox 1491 1237 1608 1282; x_wconf 81' lang='grc' dir='ltr'>σου,</span> <span class='ocrx_word' id='word_1_94' title='bbox 1639 1218 1736 1272; x_wconf 70' lang='grc' dir='ltr'><strong>καὶ</strong></span> <span class='ocrx_word' id='word_1_95' title='bbox 1762 1210 1911 1271; x_wconf 73' lang='grc' dir='ltr'>οὗτοι</span> 
     </span>
    </p>
   </div>
   <div class='ocr_carea' id='block_1_14' title="bbox 297 1312 1916 1393">
    <p class='ocr_par' dir='ltr' id='par_1_14' title="bbox 297 1312 1916 1393">
     <span class='ocr_line' id='line_1_14' title="bbox 297 1312 1916 1393; baseline -0.009 -17"><span class='ocrx_word' id='word_1_96' title='bbox 297 1321 594 1393; x_wconf 54' lang='lat' dir='ltr'><strong>ﬂos-:1}st</strong></span> <span class='ocrx_word' id='word_1_97' title='bbox 620 1337 704 1385; x_wconf 89' lang='grc' dir='ltr'><strong>σε,</strong></span> <span class='ocrx_word' id='word_1_98' title='bbox 746 1321 842 1375; x_wconf 76' lang='grc' dir='ltr'><strong>καὶ</strong></span> <span class='ocrx_word' id='word_1_99' title='bbox 874 1319 1033 1374; x_wconf 69' lang='grc' dir='ltr'>αὐτοὶ</span> <span class='ocrx_word' id='word_1_100' title='bbox 1071 1316 1309 1387; x_wconf 77' lang='grc' dir='ltr'>ὲὸὀησαν</span> <span class='ocrx_word' id='word_1_101' title='bbox 1348 1315 1415 1367; x_wconf 82' lang='grc' dir='ltr'>ὲκ</span> <span class='ocrx_word' id='word_1_102' title='bbox 1446 1313 1558 1368; x_wconf 84' lang='grc' dir='ltr'>τῶν</span> <span class='ocrx_word' id='word_1_103' title='bbox 1584 1312 1764 1366; x_wconf 79' lang='grc' dir='ltr'>ὀπίσω</span> <span class='ocrx_word' id='word_1_104' title='bbox 1799 1325 1916 1363; x_wconf 91' lang='grc' dir='ltr'>σου.</span> 
     </span>
    </p>
   </div>
   <div class='ocr_carea' id='block_1_15' title="bbox 309 1402 1918 1483">
    <p class='ocr_par' dir='ltr' id='par_1_15' title="bbox 309 1402 1918 1483">
     <span class='ocr_line' id='line_1_15' title="bbox 309 1402 1918 1483; baseline -0.006 -18"><span class='ocrx_word' id='word_1_105' title='bbox 309 1411 836 1483; x_wconf 75' lang='grc' dir='ltr'>Ἐπισυνήχθησαν,</span> <span class='ocrx_word' id='word_1_106' title='bbox 873 1411 949 1483; x_wconf 82' lang='grc' dir='ltr'>μὴ</span> <span class='ocrx_word' id='word_1_107' title='bbox 981 1407 1286 1481; x_wconf 76' lang='grc' dir='ltr'><strong>πιστεύσῃς</strong></span> <span class='ocrx_word' id='word_1_108' title='bbox 1318 1408 1399 1470; x_wconf 83' lang='grc' dir='ltr'><strong>είς</strong></span> <span class='ocrx_word' id='word_1_109' title='bbox 1438 1405 1660 1471; x_wconf 82' lang='grc' dir='ltr'>αὐτοὺς,</span> <span class='ocrx_word' id='word_1_110' title='bbox 1703 1405 1788 1457; x_wconf 77' lang='grc' dir='ltr'>ὅτι</span> <span class='ocrx_word' id='word_1_111' title='bbox 1820 1402 1918 1455; x_wconf 70' lang='grc' dir='ltr'>λαο</span> 
     </span>
    </p>
   </div>
   <div class='ocr_carea' id='block_1_16' title="bbox 295 1493 1920 1577">
    <p class='ocr_par' dir='ltr' id='par_1_16' title="bbox 295 1493 1920 1577">
     <span class='ocr_line' id='line_1_16' title="bbox 295 1493 1920 1577; baseline -0.009 -17"><span class='ocrx_word' id='word_1_112' title='bbox 295 1508 537 1577; x_wconf 72' lang='grc' dir='ltr'>λήσουσι</span> <span class='ocrx_word' id='word_1_113' title='bbox 589 1505 730 1577; x_wconf 80' lang='grc' dir='ltr'>πρὸς</span> <span class='ocrx_word' id='word_1_114' title='bbox 771 1505 831 1558; x_wconf 78' lang='grc' dir='ltr'>σὲ</span> <span class='ocrx_word' id='word_1_115' title='bbox 866 1503 1037 1558; x_wconf 79' lang='grc' dir='ltr'>κακά.</span> <span class='ocrx_word' id='word_1_116' title='bbox 1079 1520 1098 1552; x_wconf 72' lang='grc' dir='ltr'><strong>ι</strong></span> <span class='ocrx_word' id='word_1_117' title='bbox 1137 1501 1200 1554; x_wconf 82' lang='grc' dir='ltr'><strong>Οἱ</strong></span> <span class='ocrx_word' id='word_1_118' title='bbox 1243 1498 1355 1571; x_wconf 73' lang='grc' dir='ltr'><strong>γὰρ</strong></span> <span class='ocrx_word' id='word_1_119' title='bbox 1398 1497 1571 1553; x_wconf 84' lang='grc' dir='ltr'>πάλαι</span> <span class='ocrx_word' id='word_1_120' title='bbox 1596 1496 1711 1560; x_wconf 82' lang='grc' dir='ltr'>τοῖς</span> <span class='ocrx_word' id='word_1_121' title='bbox 1737 1493 1920 1556; x_wconf 77' lang='grc' dir='ltr'>ἄλλοις</span> 
     </span>
    </p>
   </div>
   <div class='ocr_carea' id='block_1_17' title="bbox 297 1588 1916 1678">
    <p class='ocr_par' dir='ltr' id='par_1_17' title="bbox 297 1588 1916 1678">
     <span class='ocr_line' id='line_1_17' title="bbox 297 1588 1916 1678; baseline -0.014 -16"><span class='ocrx_word' id='word_1_122' title='bbox 297 1605 446 1678; x_wconf 79' lang='grc' dir='ltr'>ὁμοῦ</span> <span class='ocrx_word' id='word_1_123' title='bbox 478 1592 1174 1672; x_wconf 77' lang='grc' dir='ltr'>κατακεκραγότεςαύτοῦ,</span> <span class='ocrx_word' id='word_1_124' title='bbox 1197 1591 1610 1663; x_wconf 79' lang='grc' dir='ltr'><strong>συνηνέχθησαν</strong></span> <span class='ocrx_word' id='word_1_125' title='bbox 1627 1590 1685 1642; x_wconf 83' lang='grc' dir='ltr'><strong>ὲν</strong></span> <span class='ocrx_word' id='word_1_126' title='bbox 1712 1588 1916 1650; x_wconf 77' lang='grc' dir='ltr'><strong>πίστει,</strong></span> 
     </span>
    </p>
   </div>
   <div class='ocr_carea' id='block_1_18' title="bbox 298 1680 1911 1771">
    <p class='ocr_par' dir='ltr' id='par_1_18' title="bbox 298 1680 1911 1771">
     <span class='ocr_line' id='line_1_18' title="bbox 298 1680 1911 1771; baseline -0.011 -21"><span class='ocrx_word' id='word_1_127' title='bbox 298 1697 526 1771; x_wconf 77' lang='grc' dir='ltr'>χρηστά</span> <span class='ocrx_word' id='word_1_128' title='bbox 546 1692 883 1764; x_wconf 81' lang='grc' dir='ltr'>λελαλήκασι</span> <span class='ocrx_word' id='word_1_129' title='bbox 910 1686 1042 1760; x_wconf 76' lang='grc' dir='ltr'>περὶ</span> <span class='ocrx_word' id='word_1_130' title='bbox 1071 1683 1261 1740; x_wconf 74' lang='grc' dir='ltr'>αὑτοῦ.</span> <span class='ocrx_word' id='word_1_131' title='bbox 1304 1681 1567 1747; x_wconf 79' lang='grc' dir='ltr'>Ἰάκωϐος</span> <span class='ocrx_word' id='word_1_132' title='bbox 1589 1680 1723 1750; x_wconf 81' lang='grc' dir='ltr'>γοῦν</span> <span class='ocrx_word' id='word_1_133' title='bbox 1746 1680 1776 1733; x_wconf 92' lang='lat'><strong>6</strong></span> <span class='ocrx_word' id='word_1_134' title='bbox 1807 1694 1911 1749; x_wconf 65' lang='grc' dir='ltr'>μαι</span> 
     </span>
    </p>
   </div>
   <div class='ocr_carea' id='block_1_19' title="bbox 300 1770 1917 1863">
    <p class='ocr_par' dir='ltr' id='par_1_19' title="bbox 300 1770 1917 1863">
     <span class='ocr_line' id='line_1_19' title="bbox 300 1770 1917 1863; baseline -0.013 -18"><span class='ocrx_word' id='word_1_135' title='bbox 300 1770 504 1863; x_wconf 78' lang='grc' dir='ltr'>κάριος</span> <span class='ocrx_word' id='word_1_136' title='bbox 534 1790 658 1852; x_wconf 79' lang='grc' dir='ltr'>ταῖς</span> <span class='ocrx_word' id='word_1_137' title='bbox 687 1784 899 1840; x_wconf 82' lang='grc' dir='ltr'>δώδεκα</span> <span class='ocrx_word' id='word_1_138' title='bbox 932 1780 1126 1852; x_wconf 81' lang='grc' dir='ltr'>φυλαῖς</span> <span class='ocrx_word' id='word_1_139' title='bbox 1152 1776 1460 1832; x_wconf 75' lang='grc' dir='ltr'><strong>ἐπιστέλλει</strong></span> <span class='ocrx_word' id='word_1_140' title='bbox 1492 1775 1690 1844; x_wconf 77' lang='grc' dir='ltr'>λέγων·</span> <span class='ocrx_word' id='word_1_141' title='bbox 1741 1792 1759 1825; x_wconf 79' lang='grc' dir='ltr'><strong>ι</strong></span> <span class='ocrx_word' id='word_1_142' title='bbox 1808 1770 1917 1827; x_wconf 76' lang='grc' dir='ltr'><strong>Ἰά-</strong></span> 
     </span>
    </p>
   </div>
   <div class='ocr_carea' id='block_1_20' title="bbox 301 1864 1912 1948">
    <p class='ocr_par' dir='ltr' id='par_1_20' title="bbox 301 1864 1912 1948">
     <span class='ocr_line' id='line_1_20' title="bbox 301 1864 1912 1948; baseline -0.014 -9"><span class='ocrx_word' id='word_1_143' title='bbox 301 1884 487 1947; x_wconf 76' lang='grc' dir='ltr'>κωϐος</span> <span class='ocrx_word' id='word_1_144' title='bbox 534 1880 674 1937; x_wconf 74' lang='grc' dir='ltr'>Θεοῦ</span> <span class='ocrx_word' id='word_1_145' title='bbox 716 1879 811 1933; x_wconf 69' lang='grc' dir='ltr'>καὶ</span> <span class='ocrx_word' id='word_1_146' title='bbox 858 1874 1070 1948; x_wconf 80' lang='grc' dir='ltr'>Κυρίου</span> <span class='ocrx_word' id='word_1_147' title='bbox 1137 1870 1316 1944; x_wconf 85' lang='grc' dir='ltr'>Ἰησοῦ</span> <span class='ocrx_word' id='word_1_148' title='bbox 1360 1867 1604 1943; x_wconf 76' lang='grc' dir='ltr'>Χριστοῦ</span> <span class='ocrx_word' id='word_1_149' title='bbox 1648 1864 1856 1928; x_wconf 80' lang='grc' dir='ltr'>δοῦλος.</span> <span class='ocrx_word' id='word_1_150' title='bbox 1893 1882 1912 1915; x_wconf 72' lang='grc' dir='ltr'><strong>ι</strong></span> 
     </span>
    </p>
   </div>
   <div class='ocr_carea' id='block_1_21' title="bbox 301 1958 1922 2030">
    <p class='ocr_par' dir='ltr' id='par_1_21' title="bbox 301 1958 1922 2030">
     <span class='ocr_line' id='line_1_21' title="bbox 301 1958 1922 2030; baseline -0.01 0"><span class='ocrx_word' id='word_1_151' title='bbox 301 1974 525 2029; x_wconf 74' lang='grc' dir='ltr'>Οὐκοῦν</span> <span class='ocrx_word' id='word_1_152' title='bbox 560 1972 871 2028; x_wconf 80' lang='grc' dir='ltr'>αίνέσουσιν</span> <span class='ocrx_word' id='word_1_153' title='bbox 903 1967 979 2030; x_wconf 85' lang='grc' dir='ltr'>ὡς</span> <span class='ocrx_word' id='word_1_154' title='bbox 1007 1964 1143 2019; x_wconf 83' lang='grc' dir='ltr'>Θεὸν</span> <span class='ocrx_word' id='word_1_155' title='bbox 1191 1965 1287 2018; x_wconf 75' lang='grc' dir='ltr'>καὶ</span> <span class='ocrx_word' id='word_1_156' title='bbox 1320 1965 1369 2017; x_wconf 80' lang='grc' dir='ltr'>οἱ</span> <span class='ocrx_word' id='word_1_157' title='bbox 1399 1961 1490 2016; x_wconf 84' lang='grc' dir='ltr'><strong>διὰ</strong></span> <span class='ocrx_word' id='word_1_158' title='bbox 1530 1961 1769 2024; x_wconf 79' lang='grc' dir='ltr'>πίστεως</span> <span class='ocrx_word' id='word_1_159' title='bbox 1825 1958 1922 2014; x_wconf 78' lang='grc' dir='ltr'>καὶ</span> 
     </span>
    </p>
   </div>
   <div class='ocr_carea' id='block_1_22' title="bbox 306 2051 1917 2139">
    <p class='ocr_par' dir='ltr' id='par_1_22' title="bbox 306 2051 1917 2139">
     <span class='ocr_line' id='line_1_22' title="bbox 306 2051 1917 2139; baseline -0.012 -16"><span class='ocrx_word' id='word_1_160' title='bbox 306 2064 592 2139; x_wconf 61' lang='grc' dir='ltr'>ἑγιασμοῦ</span> <span class='ocrx_word' id='word_1_161' title='bbox 634 2062 731 2119; x_wconf 78' lang='grc' dir='ltr'>τοῦ</span> <span class='ocrx_word' id='word_1_162' title='bbox 792 2062 879 2116; x_wconf 73' lang='grc' dir='ltr'><strong>διὰ</strong></span> <span class='ocrx_word' id='word_1_163' title='bbox 927 2060 1164 2123; x_wconf 79' lang='grc' dir='ltr'>πίστεως</span> <span class='ocrx_word' id='word_1_164' title='bbox 1202 2055 1536 2128; x_wconf 79' lang='grc' dir='ltr'><strong>κεκλημένοι</strong></span> <span class='ocrx_word' id='word_1_165' title='bbox 1572 2053 1714 2126; x_wconf 84' lang='grc' dir='ltr'>πρὸς</span> <span class='ocrx_word' id='word_1_166' title='bbox 1759 2051 1917 2107; x_wconf 77' lang='grc' dir='ltr'>ἁδελ-</span> 
     </span>
    </p>
   </div>
   <div class='ocr_carea' id='block_1_23' title="bbox 309 2141 1919 2233">
    <p class='ocr_par' dir='ltr' id='par_1_23' title="bbox 309 2141 1919 2233">
     <span class='ocr_line' id='line_1_23' title="bbox 309 2141 1919 2233; baseline -0.013 -18"><span class='ocrx_word' id='word_1_167' title='bbox 309 2160 553 2233; x_wconf 75' lang='grc' dir='ltr'>φΰτητα·</span> <span class='ocrx_word' id='word_1_168' title='bbox 586 2156 1037 2231; x_wconf 80' lang='grc' dir='ltr'>προσκυνήσουσι</span> <span class='ocrx_word' id='word_1_169' title='bbox 1082 2150 1141 2206; x_wconf 84' lang='grc' dir='ltr'>δὲ</span> <span class='ocrx_word' id='word_1_170' title='bbox 1185 2148 1339 2203; x_wconf 75' lang='grc' dir='ltr'>οὐδὲν</span> <span class='ocrx_word' id='word_1_171' title='bbox 1386 2142 1552 2221; x_wconf 84' lang='grc' dir='ltr'>ἦττον</span> <span class='ocrx_word' id='word_1_172' title='bbox 1590 2144 1687 2199; x_wconf 78' lang='grc' dir='ltr'><strong>καὶ</strong></span> <span class='ocrx_word' id='word_1_173' title='bbox 1729 2144 1781 2197; x_wconf 81' lang='lat' dir='ltr'><strong>oi.</strong></span> <span class='ocrx_word' id='word_1_174' title='bbox 1824 2141 1919 2197; x_wconf 80' lang='grc' dir='ltr'>τοῦ</span> 
     </span>
    </p>
   </div>
   <div class='ocr_carea' id='block_1_24' title="bbox 303 2233 1920 2327">
    <p class='ocr_par' dir='ltr' id='par_1_24' title="bbox 303 2233 1920 2327">
     <span class='ocr_line' id='line_1_24' title="bbox 303 2233 1920 2327; baseline -0.014 -18"><span class='ocrx_word' id='word_1_175' title='bbox 303 2252 520 2327; x_wconf 75' lang='grc' dir='ltr'>πατρὸς</span> <span class='ocrx_word' id='word_1_176' title='bbox 552 2250 685 2305; x_wconf 79' lang='grc' dir='ltr'>υἱοί.</span> <span class='ocrx_word' id='word_1_177' title='bbox 723 2247 1003 2320; x_wconf 77' lang='grc' dir='ltr'><strong>Πρόδηλον</strong></span> <span class='ocrx_word' id='word_1_178' title='bbox 1023 2245 1080 2299; x_wconf 78' lang='grc' dir='ltr'>δὲ</span> <span class='ocrx_word' id='word_1_179' title='bbox 1110 2246 1195 2299; x_wconf 80' lang='grc' dir='ltr'>ὅτι</span> <span class='ocrx_word' id='word_1_180' title='bbox 1214 2244 1266 2296; x_wconf 78' lang='grc' dir='ltr'>οξ</span> <span class='ocrx_word' id='word_1_181' title='bbox 1296 2236 1736 2313; x_wconf 77' lang='grc' dir='ltr'>προσκυνοῦντες</span> <span class='ocrx_word' id='word_1_182' title='bbox 1772 2233 1920 2289; x_wconf 77' lang='grc' dir='ltr'>αἰνέ-</span> 
     </span>
    </p>
   </div>
   <div class='ocr_carea' id='block_1_25' title="bbox 304 2324 1921 2409">
    <p class='ocr_par' dir='ltr' id='par_1_25' title="bbox 304 2324 1921 2409">
     <span class='ocr_line' id='line_1_25' title="bbox 304 2324 1921 2409; baseline -0.014 -8"><span class='ocrx_word' id='word_1_183' title='bbox 304 2361 492 2409; x_wconf 85' lang='grc' dir='ltr'>σουσι,</span> <span class='ocrx_word' id='word_1_184' title='bbox 524 2343 621 2397; x_wconf 66' lang='grc' dir='ltr'><strong>καὶ</strong></span> <span class='ocrx_word' id='word_1_185' title='bbox 654 2343 706 2396; x_wconf 88' lang='grc' dir='ltr'>οἱ</span> <span class='ocrx_word' id='word_1_186' title='bbox 736 2341 830 2396; x_wconf 84' lang='grc' dir='ltr'><strong>τὸν</strong></span> <span class='ocrx_word' id='word_1_187' title='bbox 861 2337 1013 2394; x_wconf 77' lang='grc' dir='ltr'>αἶνον</span> <span class='ocrx_word' id='word_1_188' title='bbox 1035 2336 1377 2406; x_wconf 74' lang='grc' dir='ltr'><strong>ὑφαίνοντες,</strong></span> <span class='ocrx_word' id='word_1_189' title='bbox 1412 2330 1567 2386; x_wconf 74' lang='grc' dir='ltr'>οῦδὲν</span> <span class='ocrx_word' id='word_1_190' title='bbox 1582 2324 1746 2402; x_wconf 81' lang='grc' dir='ltr'>ἦττον</span> <span class='ocrx_word' id='word_1_191' title='bbox 1769 2326 1921 2381; x_wconf 75' lang='grc' dir='ltr'>ἔσονο</span> 
     </span>
    </p>
   </div>
   <div class='ocr_carea' id='block_1_26' title="bbox 299 2421 1909 2509">
    <p class='ocr_par' dir='ltr' id='par_1_26' title="bbox 299 2421 1909 2509">
     <span class='ocr_line' id='line_1_26' title="bbox 299 2421 1909 2509; baseline -0.013 -16"><span class='ocrx_word' id='word_1_192' title='bbox 299 2455 393 2493; x_wconf 75' lang='grc' dir='ltr'><strong>ται</strong></span> <span class='ocrx_word' id='word_1_193' title='bbox 432 2433 841 2509; x_wconf 83' lang='grc' dir='ltr'>προσκυνηταί.</span> <span class='ocrx_word' id='word_1_194' title='bbox 873 2432 984 2486; x_wconf 65' lang='grc' dir='ltr'><strong>Καὶ</strong></span> <span class='ocrx_word' id='word_1_195' title='bbox 1015 2430 1126 2500; x_wconf 80' lang='grc' dir='ltr'>γάρ</span> <span class='ocrx_word' id='word_1_196' title='bbox 1158 2430 1275 2481; x_wconf 78' lang='grc' dir='ltr'>ἐστι</span> <span class='ocrx_word' id='word_1_197' title='bbox 1308 2445 1326 2479; x_wconf 80' lang='grc' dir='ltr'><strong>ι</strong></span> <span class='ocrx_word' id='word_1_198' title='bbox 1372 2423 1613 2494; x_wconf 81' lang='grc' dir='ltr'>σκύμνος</span> <span class='ocrx_word' id='word_1_199' title='bbox 1640 2421 1855 2483; x_wconf 84' lang='grc' dir='ltr'>λέοντος</span> <span class='ocrx_word' id='word_1_200' title='bbox 1884 2437 1909 2509; x_wconf 50' lang='lat'><em>3</em></span> 
     </span>
    </p>
   </div>
   <div class='ocr_carea' id='block_1_27' title="bbox 301 2505 1920 2600">
    <p class='ocr_par' dir='ltr' id='par_1_27' title="bbox 301 2505 1920 2600">
     <span class='ocr_line' id='line_1_27' title="bbox 301 2505 1920 2600; baseline -0.014 -14"><span class='ocrx_word' id='word_1_201' title='bbox 301 2531 365 2597; x_wconf 72' lang='grc' dir='ltr'>ἐξ</span> <span class='ocrx_word' id='word_1_202' title='bbox 406 2505 593 2584; x_wconf 77' lang='grc' dir='ltr'>’ἰούδα</span> <span class='ocrx_word' id='word_1_203' title='bbox 619 2505 880 2600; x_wconf 76' lang='grc' dir='ltr'>Χριστὸς,</span> <span class='ocrx_word' id='word_1_204' title='bbox 910 2523 1040 2587; x_wconf 78' lang='grc' dir='ltr'>Υἱὸς</span> <span class='ocrx_word' id='word_1_205' title='bbox 1061 2521 1138 2575; x_wconf 85' lang='grc' dir='ltr'>ὢν</span> <span class='ocrx_word' id='word_1_206' title='bbox 1172 2519 1309 2575; x_wconf 76' lang='grc' dir='ltr'>Θεοῦ</span> <span class='ocrx_word' id='word_1_207' title='bbox 1341 2517 1521 2572; x_wconf 86' lang='grc' dir='ltr'>πάντα</span> <span class='ocrx_word' id='word_1_208' title='bbox 1551 2513 1851 2587; x_wconf 77' lang='grc' dir='ltr'>ἰσχύοντος,</span> <span class='ocrx_word' id='word_1_209' title='bbox 1875 2505 1920 2580; x_wconf 79' lang='grc' dir='ltr'>ᾧ</span> 
     </span>
    </p>
   </div>
   <div class='ocr_carea' id='block_1_28' title="bbox 300 2605 1919 2693">
    <p class='ocr_par' dir='ltr' id='par_1_28' title="bbox 300 2605 1919 2693">
     <span class='ocr_line' id='line_1_28' title="bbox 300 2605 1919 2693; baseline -0.013 -14"><span class='ocrx_word' id='word_1_210' title='bbox 300 2626 367 2677; x_wconf 62' lang='grc' dir='ltr'>τί)</span> <span class='ocrx_word' id='word_1_211' title='bbox 393 2621 583 2693; x_wconf 78' lang='grc' dir='ltr'>ἀμαχὶ</span> <span class='ocrx_word' id='word_1_212' title='bbox 615 2620 883 2693; x_wconf 75' lang='grc' dir='ltr'>πρόσεστι</span> <span class='ocrx_word' id='word_1_213' title='bbox 914 2616 1074 2687; x_wconf 74' lang='grc' dir='ltr'><strong>νικᾷ-ι</strong></span> <span class='ocrx_word' id='word_1_214' title='bbox 1106 2613 1204 2667; x_wconf 72' lang='grc' dir='ltr'><strong>καὶ</strong></span> <span class='ocrx_word' id='word_1_215' title='bbox 1234 2611 1297 2666; x_wconf 80' lang='grc' dir='ltr'>τὸ</span> <span class='ocrx_word' id='word_1_216' title='bbox 1347 2610 1496 2682; x_wconf 85' lang='grc' dir='ltr'>μόνῳ</span> <span class='ocrx_word' id='word_1_217' title='bbox 1523 2605 1788 2663; x_wconf 86' lang='grc' dir='ltr'>δύνασθαι</span> <span class='ocrx_word' id='word_1_218' title='bbox 1817 2621 1919 2660; x_wconf 74' lang='grc' dir='ltr'>καο</span> 
     </span>
    </p>
   </div>
   <div class='ocr_carea' id='block_1_29' title="bbox 301 2700 1919 2786">
    <p class='ocr_par' dir='ltr' id='par_1_29' title="bbox 301 2700 1919 2786">
     <span class='ocr_line' id='line_1_29' title="bbox 301 2700 1919 2786; baseline -0.014 -15"><span class='ocrx_word' id='word_1_219' title='bbox 301 2717 645 2786; x_wconf 76' lang='grc' dir='ltr'>ταπλὴττειν</span> <span class='ocrx_word' id='word_1_220' title='bbox 674 2712 822 2782; x_wconf 83' lang='grc' dir='ltr'>λόγῳ</span> <span class='ocrx_word' id='word_1_221' title='bbox 853 2711 981 2772; x_wconf 71' lang='grc' dir='ltr'>τοὺς</span> <span class='ocrx_word' id='word_1_222' title='bbox 1020 2703 1432 2777; x_wconf 82' lang='grc' dir='ltr'>ἀνθεστηκότας</span> <span class='ocrx_word' id='word_1_223' title='bbox 1453 2720 1465 2732; x_wconf 89' lang='grc'><strong>·</strong></span> <span class='ocrx_word' id='word_1_224' title='bbox 1500 2700 1579 2764; x_wconf 81' lang='grc' dir='ltr'><strong>ὡς</strong></span> <span class='ocrx_word' id='word_1_225' title='bbox 1608 2700 1720 2772; x_wconf 81' lang='grc' dir='ltr'>γάρ</span> <span class='ocrx_word' id='word_1_226' title='bbox 1750 2714 1919 2769; x_wconf 80' lang='grc' dir='ltr'>φησιν</span> 
     </span>
    </p>
   </div>
   <div class='ocr_carea' id='block_1_30' title="bbox 301 2789 1916 2883">
    <p class='ocr_par' dir='ltr' id='par_1_30' title="bbox 301 2789 1916 2883">
     <span class='ocr_line' id='line_1_30' title="bbox 301 2789 1916 2883; baseline -0.014 -19"><span class='ocrx_word' id='word_1_227' title='bbox 301 2815 333 2864; x_wconf 91' lang='lat'><strong>6</strong></span> <span class='ocrx_word' id='word_1_228' title='bbox 378 2810 680 2883; x_wconf 76' lang='grc' dir='ltr'>προφήτης</span> <span class='ocrx_word' id='word_1_229' title='bbox 700 2824 714 2837; x_wconf 75' lang='grc'><em>’</em></span> <span class='ocrx_word' id='word_1_230' title='bbox 755 2825 773 2857; x_wconf 75' lang='grc' dir='ltr'><strong>ι</strong></span> <span class='ocrx_word' id='word_1_231' title='bbox 813 2803 969 2859; x_wconf 81' lang='grc' dir='ltr'><strong>Λέων</strong></span> <span class='ocrx_word' id='word_1_232' title='bbox 1005 2799 1314 2875; x_wconf 80' lang='grc' dir='ltr'>ἐρεύξεται,</span> <span class='ocrx_word' id='word_1_233' title='bbox 1345 2797 1441 2851; x_wconf 73' lang='grc' dir='ltr'>καὶ</span> <span class='ocrx_word' id='word_1_234' title='bbox 1474 2795 1560 2857; x_wconf 86' lang='grc' dir='ltr'><strong>τίς</strong></span> <span class='ocrx_word' id='word_1_235' title='bbox 1581 2794 1644 2847; x_wconf 87' lang='grc' dir='ltr'><strong>ού</strong></span> <span class='ocrx_word' id='word_1_236' title='bbox 1670 2789 1916 2863; x_wconf 80' lang='grc' dir='ltr'>φοϐηθή-</span> 
     </span>
    </p>
   </div>
   <div class='ocr_carea' id='block_1_31' title="bbox 302 2882 1920 2970">
    <p class='ocr_par' dir='ltr' id='par_1_31' title="bbox 302 2882 1920 2970">
     <span class='ocr_line' id='line_1_31' title="bbox 302 2882 1920 2970; baseline -0.015 -13"><span class='ocrx_word' id='word_1_237' title='bbox 302 2882 504 2969; x_wconf 63' lang='lat' dir='ltr'><strong>astat;</strong></span> <span class='ocrx_word' id='word_1_238' title='bbox 546 2919 567 2953; x_wconf 73' lang='grc' dir='ltr'><strong>ι</strong></span> <span class='ocrx_word' id='word_1_239' title='bbox 611 2898 867 2970; x_wconf 86' lang='grc' dir='ltr'>Σκύμνος</span> <span class='ocrx_word' id='word_1_240' title='bbox 911 2890 1006 2950; x_wconf 82' lang='grc' dir='ltr'>οὖν</span> <span class='ocrx_word' id='word_1_241' title='bbox 1029 2893 1247 2955; x_wconf 86' lang='grc' dir='ltr'>λέοντος</span> <span class='ocrx_word' id='word_1_242' title='bbox 1274 2891 1303 2943; x_wconf 89' lang='lat'><strong>6</strong></span> <span class='ocrx_word' id='word_1_243' title='bbox 1343 2886 1618 2960; x_wconf 74' lang='grc' dir='ltr'>Χριστός·</span> <span class='ocrx_word' id='word_1_244' title='bbox 1667 2882 1920 2952; x_wconf 81' lang='grc' dir='ltr'>καθάπερ</span> 
     </span>
    </p>
   </div>
   <div class='ocr_carea' id='block_1_32' title="bbox 302 2974 1921 3069">
    <p class='ocr_par' dir='ltr' id='par_1_32' title="bbox 302 2974 1921 3069">
     <span class='ocr_line' id='line_1_32' title="bbox 302 2974 1921 3069; baseline -0.017 -17"><span class='ocrx_word' id='word_1_245' title='bbox 302 2998 418 3052; x_wconf 81' lang='grc' dir='ltr'>ἀπὸ</span> <span class='ocrx_word' id='word_1_246' title='bbox 450 2992 690 3069; x_wconf 78' lang='grc' dir='ltr'>βλαστοῦ</span> <span class='ocrx_word' id='word_1_247' title='bbox 737 2991 833 3046; x_wconf 77' lang='grc' dir='ltr'>καὶ</span> <span class='ocrx_word' id='word_1_248' title='bbox 877 2989 944 3043; x_wconf 67' lang='grc' dir='ltr'>ἐκ</span> <span class='ocrx_word' id='word_1_249' title='bbox 1009 2986 1166 3060; x_wconf 75' lang='grc' dir='ltr'>ῥίζης</span> <span class='ocrx_word' id='word_1_250' title='bbox 1214 2981 1474 3053; x_wconf 79' lang='grc' dir='ltr'>εὐγενοῦς</span> <span class='ocrx_word' id='word_1_251' title='bbox 1524 2977 1759 3047; x_wconf 76' lang='grc' dir='ltr'>ἀναφὺς,</span> <span class='ocrx_word' id='word_1_252' title='bbox 1816 2974 1921 3044; x_wconf 75' lang='grc' dir='ltr'><strong>τῆς</strong></span> 
     </span>
    </p>
   </div>
   <div class='ocr_carea' id='block_1_33' title="bbox 302 3067 1923 3161">
    <p class='ocr_par' dir='ltr' id='par_1_33' title="bbox 302 3067 1923 3161">
     <span class='ocr_line' id='line_1_33' title="bbox 302 3067 1923 3161; baseline -0.017 -14"><span class='ocrx_word' id='word_1_253' title='bbox 302 3067 473 3160; x_wconf 79' lang='grc' dir='ltr'>ἁγίας</span> <span class='ocrx_word' id='word_1_254' title='bbox 506 3085 817 3160; x_wconf 78' lang='grc' dir='ltr'>Παρθένου.</span> <span class='ocrx_word' id='word_1_255' title='bbox 846 3080 1091 3161; x_wconf 45' lang='grc' dir='ltr'>Καὶιγέιρ</span> <span class='ocrx_word' id='word_1_256' title='bbox 1123 3072 1275 3132; x_wconf 69' lang='grc' dir='ltr'>ἐστιν</span> <span class='ocrx_word' id='word_1_257' title='bbox 1299 3073 1463 3135; x_wconf 83' lang='grc' dir='ltr'>αὐτὸς</span> <span class='ocrx_word' id='word_1_258' title='bbox 1501 3090 1519 3123; x_wconf 78' lang='grc' dir='ltr'><strong>ι</strong></span> <span class='ocrx_word' id='word_1_259' title='bbox 1566 3072 1601 3142; x_wconf 81' lang='grc' dir='ltr'><strong>ἡ</strong></span> <span class='ocrx_word' id='word_1_260' title='bbox 1626 3071 1727 3140; x_wconf 81' lang='grc' dir='ltr'>τῆς</span> <span class='ocrx_word' id='word_1_261' title='bbox 1761 3067 1923 3161; x_wconf 80' lang='grc' dir='ltr'>δυνά-</span> 
     </span>
    </p>
   </div>
   <div class='ocr_carea' id='block_1_34' title="bbox 2027 572 3616 649">
    <p class='ocr_par' dir='ltr' id='par_1_34' title="bbox 2027 572 3616 649">
     <span class='ocr_line' id='line_1_34' title="bbox 2027 572 3616 649; baseline 0.01 -25"><span class='ocrx_word' id='word_1_262' title='bbox 2027 572 2206 641; x_wconf 88' lang='lat' dir='ltr'><strong>ipsum</strong></span> <span class='ocrx_word' id='word_1_263' title='bbox 2232 574 2296 627; x_wconf 82' lang='lat'><strong>&quot;.</strong></span> <span class='ocrx_word' id='word_1_264' title='bbox 2327 593 2345 625; x_wconf 74' lang='grc' dir='ltr'><strong>ι</strong></span> <span class='ocrx_word' id='word_1_265' title='bbox 2374 573 2649 630; x_wconf 84' lang='lat' dir='ltr'><strong>Caeterum</strong></span> <span class='ocrx_word' id='word_1_266' title='bbox 2674 576 2769 645; x_wconf 89' lang='lat' dir='ltr'><strong>qui</strong></span> <span class='ocrx_word' id='word_1_267' title='bbox 2794 577 2912 632; x_wconf 71' lang='lat' dir='ltr'><strong>brec</strong></span> <span class='ocrx_word' id='word_1_268' title='bbox 2960 576 3120 633; x_wconf 87' lang='lat' dir='ltr'><strong>initio</strong></span> <span class='ocrx_word' id='word_1_269' title='bbox 3148 579 3434 649; x_wconf 76' lang='lat' dir='ltr'><strong>dicebant,</strong></span> <span class='ocrx_word' id='word_1_270' title='bbox 3485 600 3616 640; x_wconf 61' lang='lat' dir='ltr'><strong>suco</strong></span> 
     </span>
    </p>
   </div>
   <div class='ocr_carea' id='block_1_35' title="bbox 2026 667 3615 736">
    <p class='ocr_par' dir='ltr' id='par_1_35' title="bbox 2026 667 3615 736">
     <span class='ocr_line' id='line_1_35' title="bbox 2026 667 3615 736; baseline 0.008 -18"><span class='ocrx_word' id='word_1_271' title='bbox 2026 679 2185 719; x_wconf 88' lang='lat' dir='ltr'><strong>cessu</strong></span> <span class='ocrx_word' id='word_1_272' title='bbox 2212 667 2479 736; x_wconf 85' lang='lat' dir='ltr'><strong>temporis</strong></span> <span class='ocrx_word' id='word_1_273' title='bbox 2512 667 2894 723; x_wconf 87' lang='lat' dir='ltr'><strong>crediderunt.</strong></span> <span class='ocrx_word' id='word_1_274' title='bbox 2946 669 3286 730; x_wconf 86' lang='lat' dir='ltr'><strong>Certissimis</strong></span> <span class='ocrx_word' id='word_1_275' title='bbox 3317 675 3468 731; x_wconf 90' lang='lat' dir='ltr'><strong>enim</strong></span> <span class='ocrx_word' id='word_1_276' title='bbox 3523 692 3615 732; x_wconf 85' lang='lat' dir='ltr'><strong>ar-</strong></span> 
     </span>
    </p>
   </div>
   <div class='ocr_carea' id='block_1_36' title="bbox 2023 758 3616 830">
    <p class='ocr_par' dir='ltr' id='par_1_36' title="bbox 2023 758 3616 830">
     <span class='ocr_line' id='line_1_36' title="bbox 2023 758 3616 830; baseline 0.008 -19"><span class='ocrx_word' id='word_1_277' title='bbox 2023 758 2302 827; x_wconf 89' lang='lat' dir='ltr'><strong>gumentis</strong></span> <span class='ocrx_word' id='word_1_278' title='bbox 2336 758 2483 814; x_wconf 91' lang='lat' dir='ltr'><strong>docti</strong></span> <span class='ocrx_word' id='word_1_279' title='bbox 2537 767 2667 814; x_wconf 88' lang='lat' dir='ltr'><strong>sunt</strong></span> <span class='ocrx_word' id='word_1_280' title='bbox 2698 760 2845 830; x_wconf 93' lang='lat' dir='ltr'><strong>quod</strong></span> <span class='ocrx_word' id='word_1_281' title='bbox 2890 761 3058 817; x_wconf 90' lang='lat' dir='ltr'><strong>etiam</strong></span> <span class='ocrx_word' id='word_1_282' title='bbox 3104 764 3253 821; x_wconf 86' lang='lat' dir='ltr'><strong>Deus</strong></span> <span class='ocrx_word' id='word_1_283' title='bbox 3309 768 3616 824; x_wconf 90' lang='lat' dir='ltr'><strong>secundum</strong></span> 
     </span>
    </p>
   </div>
   <div class='ocr_carea' id='block_1_37' title="bbox 2023 850 3614 916">
    <p class='ocr_par' dir='ltr' id='par_1_37' title="bbox 2023 850 3614 916">
     <span class='ocr_line' id='line_1_37' title="bbox 2023 850 3614 916; baseline 0.006 -13"><span class='ocrx_word' id='word_1_284' title='bbox 2023 856 2278 905; x_wconf 86' lang='lat' dir='ltr'><strong>naturam</strong></span> <span class='ocrx_word' id='word_1_285' title='bbox 2302 857 2472 916; x_wconf 83' lang='lat' dir='ltr'><strong>esset,</strong></span> <span class='ocrx_word' id='word_1_286' title='bbox 2523 851 2631 905; x_wconf 90' lang='lat' dir='ltr'><strong>etsi</strong></span> <span class='ocrx_word' id='word_1_287' title='bbox 2656 850 2834 907; x_wconf 84' lang='lat' dir='ltr'><strong>factus</strong></span> <span class='ocrx_word' id='word_1_288' title='bbox 2865 853 2919 907; x_wconf 92' lang='lat' dir='ltr'><strong>in</strong></span> <span class='ocrx_word' id='word_1_289' title='bbox 2955 870 3122 911; x_wconf 88' lang='lat' dir='ltr'><strong>carne</strong></span> <span class='ocrx_word' id='word_1_290' title='bbox 3149 865 3208 913; x_wconf 90' lang='lat' dir='ltr'><strong>et</strong></span> <span class='ocrx_word' id='word_1_291' title='bbox 3235 858 3403 915; x_wconf 86' lang='lat' dir='ltr'><strong>homo</strong></span> <span class='ocrx_word' id='word_1_292' title='bbox 3432 869 3614 916; x_wconf 87' lang='lat' dir='ltr'><strong>natus.</strong></span> 
     </span>
    </p>
   </div>
   <div class='ocr_carea' id='block_1_38' title="bbox 2025 941 3618 1044">
    <p class='ocr_par' dir='ltr' id='par_1_38' title="bbox 2025 941 3618 1044">
     <span class='ocr_line' id='line_1_38' title="bbox 2025 941 3618 1044; baseline 0.007 -47"><span class='ocrx_word' id='word_1_293' title='bbox 2025 941 2141 1044; x_wconf 57' lang='grc' dir='ltr'>μου</span> <span class='ocrx_word' id='word_1_294' title='bbox 2157 957 2290 1044; x_wconf 74' lang='lat' dir='ltr'><strong>sane</strong></span> <span class='ocrx_word' id='word_1_295' title='bbox 2318 942 2487 998; x_wconf 89' lang='lat' dir='ltr'><strong>etiam</strong></span> <span class='ocrx_word' id='word_1_296' title='bbox 2505 943 2703 1044; x_wconf 50' lang='lat' dir='ltr'><strong>brutus</strong></span> <span class='ocrx_word' id='word_1_297' title='bbox 2717 947 2990 1017; x_wconf 78' lang='lat' dir='ltr'><strong>propheta</strong></span> <span class='ocrx_word' id='word_1_298' title='bbox 3017 949 3284 1007; x_wconf 85' lang='lat' dir='ltr'><strong>Jeremias</strong></span> <span class='ocrx_word' id='word_1_299' title='bbox 3310 969 3438 1009; x_wconf 91' lang='lat' dir='ltr'><strong>cum</strong></span> <span class='ocrx_word' id='word_1_300' title='bbox 3461 954 3618 1025; x_wconf 83' lang='lat' dir='ltr'><strong>prius</strong></span> 
     </span>
    </p>
   </div>
   <div class='ocr_carea' id='block_1_39' title="bbox 2024 1032 3618 1108">
    <p class='ocr_par' dir='ltr' id='par_1_39' title="bbox 2024 1032 3618 1108">
     <span class='ocr_line' id='line_1_39' title="bbox 2024 1032 3618 1108; baseline 0.008 -22"><span class='ocrx_word' id='word_1_301' title='bbox 2024 1032 2081 1086; x_wconf 92' lang='lat' dir='ltr'><strong>in</strong></span> <span class='ocrx_word' id='word_1_302' title='bbox 2102 1032 2303 1102; x_wconf 91' lang='lat' dir='ltr'><strong>spiritu</strong></span> <span class='ocrx_word' id='word_1_303' title='bbox 2334 1033 2705 1105; x_wconf 75' lang='lat' dir='ltr'><strong>cognovisset,</strong></span> <span class='ocrx_word' id='word_1_304' title='bbox 2748 1037 2825 1091; x_wconf 90' lang='lat' dir='ltr'><strong>ita</strong></span> <span class='ocrx_word' id='word_1_305' title='bbox 2877 1037 3058 1108; x_wconf 90' lang='lat' dir='ltr'><strong>ipsum</strong></span> <span class='ocrx_word' id='word_1_306' title='bbox 3089 1040 3506 1097; x_wconf 88' lang='lat' dir='ltr'><strong>Emmanuelem</strong></span> <span class='ocrx_word' id='word_1_307' title='bbox 3533 1043 3618 1096; x_wconf 68' lang='lat' dir='ltr'><strong>ai-</strong></span> 
     </span>
    </p>
   </div>
   <div class='ocr_carea' id='block_1_40' title="bbox 2022 1123 3617 1203">
    <p class='ocr_par' dir='ltr' id='par_1_40' title="bbox 2022 1123 3617 1203">
     <span class='ocr_line' id='line_1_40' title="bbox 2022 1123 3617 1203; baseline 0.006 -25"><span class='ocrx_word' id='word_1_308' title='bbox 2022 1124 2311 1195; x_wconf 71' lang='lat' dir='ltr'><strong>loquitur;</strong></span> <span class='ocrx_word' id='word_1_309' title='bbox 2344 1144 2362 1177; x_wconf 80' lang='grc' dir='ltr'><strong>ι</strong></span> <span class='ocrx_word' id='word_1_310' title='bbox 2384 1123 2523 1193; x_wconf 85' lang='lat' dir='ltr'><strong>Quia</strong></span> <span class='ocrx_word' id='word_1_311' title='bbox 2550 1134 2608 1181; x_wconf 90' lang='lat' dir='ltr'><strong>et</strong></span> <span class='ocrx_word' id='word_1_312' title='bbox 2631 1126 2834 1184; x_wconf 89' lang='lat' dir='ltr'><strong>fratres</strong></span> <span class='ocrx_word' id='word_1_313' title='bbox 2857 1129 2960 1195; x_wconf 91' lang='lat' dir='ltr'><strong>tui,</strong></span> <span class='ocrx_word' id='word_1_314' title='bbox 2982 1140 3041 1186; x_wconf 90' lang='lat' dir='ltr'><strong>et</strong></span> <span class='ocrx_word' id='word_1_315' title='bbox 3070 1130 3287 1188; x_wconf 70' lang='lat' dir='ltr'><strong>domus,</strong></span> <span class='ocrx_word' id='word_1_316' title='bbox 3311 1133 3486 1203; x_wconf 83' lang='lat' dir='ltr'><strong>patris</strong></span> <span class='ocrx_word' id='word_1_317' title='bbox 3512 1135 3617 1197; x_wconf 88' lang='lat' dir='ltr'><strong>tui,</strong></span> 
     </span>
    </p>
   </div>
   <div class='ocr_carea' id='block_1_41' title="bbox 2022 1219 3618 1296">
    <p class='ocr_par' dir='ltr' id='par_1_41' title="bbox 2022 1219 3618 1296">
     <span class='ocr_line' id='line_1_41' title="bbox 2022 1219 3618 1296; baseline 0.004 -23"><span class='ocrx_word' id='word_1_318' title='bbox 2022 1229 2079 1274; x_wconf 89' lang='lat' dir='ltr'><strong>et</strong></span> <span class='ocrx_word' id='word_1_319' title='bbox 2120 1219 2177 1274; x_wconf 91' lang='lat' dir='ltr'><strong>hi</strong></span> <span class='ocrx_word' id='word_1_320' title='bbox 2208 1228 2259 1274; x_wconf 87' lang='lat' dir='ltr'><strong>te</strong></span> <span class='ocrx_word' id='word_1_321' title='bbox 2283 1221 2624 1292; x_wconf 87' lang='lat' dir='ltr'><strong>rejecerunt,</strong></span> <span class='ocrx_word' id='word_1_322' title='bbox 2659 1231 2716 1277; x_wconf 89' lang='lat' dir='ltr'><strong>et</strong></span> <span class='ocrx_word' id='word_1_323' title='bbox 2742 1233 2871 1279; x_wconf 88' lang='lat' dir='ltr'><strong>sunt</strong></span> <span class='ocrx_word' id='word_1_324' title='bbox 2919 1239 2987 1279; x_wconf 80' lang='lat' dir='ltr'><strong>ex</strong></span> <span class='ocrx_word' id='word_1_325' title='bbox 3021 1224 3110 1279; x_wconf 88' lang='lat' dir='ltr'><strong>his</strong></span> <span class='ocrx_word' id='word_1_326' title='bbox 3131 1225 3227 1296; x_wconf 88' lang='lat' dir='ltr'><strong>qui</strong></span> <span class='ocrx_word' id='word_1_327' title='bbox 3251 1234 3377 1296; x_wconf 87' lang='lat' dir='ltr'><strong>post</strong></span> <span class='ocrx_word' id='word_1_328' title='bbox 3425 1234 3477 1282; x_wconf 87' lang='lat' dir='ltr'><strong>te</strong></span> <span class='ocrx_word' id='word_1_329' title='bbox 3503 1226 3618 1283; x_wconf 84' lang='lat' dir='ltr'><strong>cla-</strong></span> 
     </span>
    </p>
   </div>
   <div class='ocr_carea' id='block_1_42' title="bbox 2023 1312 3618 1385">
    <p class='ocr_par' dir='ltr' id='par_1_42' title="bbox 2023 1312 3618 1385">
     <span class='ocr_line' id='line_1_42' title="bbox 2023 1312 3618 1385; baseline 0.005 -18"><span class='ocrx_word' id='word_1_330' title='bbox 2023 1321 2334 1368; x_wconf 81' lang='lat' dir='ltr'><strong>maverunt.</strong></span> <span class='ocrx_word' id='word_1_331' title='bbox 2369 1312 2698 1385; x_wconf 84' lang='lat' dir='ltr'><strong>Congregati</strong></span> <span class='ocrx_word' id='word_1_332' title='bbox 2748 1322 2901 1381; x_wconf 88' lang='lat' dir='ltr'><strong>sunt,</strong></span> <span class='ocrx_word' id='word_1_333' title='bbox 2937 1331 3007 1370; x_wconf 92' lang='lat' dir='ltr'><strong>ne</strong></span> <span class='ocrx_word' id='word_1_334' title='bbox 3042 1317 3356 1374; x_wconf 86' lang='lat' dir='ltr'><strong>credideris</strong></span> <span class='ocrx_word' id='word_1_335' title='bbox 3390 1318 3488 1374; x_wconf 91' lang='lat' dir='ltr'><strong>ulli</strong></span> <span class='ocrx_word' id='word_1_336' title='bbox 3518 1334 3618 1375; x_wconf 89' lang='lat' dir='ltr'><strong>eo-</strong></span> 
     </span>
    </p>
   </div>
   <div class='ocr_carea' id='block_1_43' title="bbox 2023 1398 3618 1476">
    <p class='ocr_par' dir='ltr' id='par_1_43' title="bbox 2023 1398 3618 1476">
     <span class='ocr_line' id='line_1_43' title="bbox 2023 1398 3618 1476; baseline 0.002 -17"><span class='ocrx_word' id='word_1_337' title='bbox 2023 1421 2169 1472; x_wconf 85' lang='lat' dir='ltr'><strong>rum,</strong></span> <span class='ocrx_word' id='word_1_338' title='bbox 2203 1405 2332 1476; x_wconf 85' lang='lat' dir='ltr'><strong>quia</strong></span> <span class='ocrx_word' id='word_1_339' title='bbox 2361 1398 2532 1461; x_wconf 83' lang='lat' dir='ltr'><strong>locuti</strong></span> <span class='ocrx_word' id='word_1_340' title='bbox 2572 1414 2702 1463; x_wconf 86' lang='lat' dir='ltr'><strong>sunt</strong></span> <span class='ocrx_word' id='word_1_341' title='bbox 2738 1406 3039 1463; x_wconf 82' lang='lat' dir='ltr'><strong>adversum</strong></span> <span class='ocrx_word' id='word_1_342' title='bbox 3091 1417 3144 1464; x_wconf 88' lang='lat' dir='ltr'><strong>te</strong></span> <span class='ocrx_word' id='word_1_343' title='bbox 3170 1410 3316 1464; x_wconf 89' lang='lat' dir='ltr'><strong>mala</strong></span> <span class='ocrx_word' id='word_1_344' title='bbox 3344 1410 3410 1465; x_wconf 82' lang='lat'><strong>“.</strong></span> <span class='ocrx_word' id='word_1_345' title='bbox 3438 1429 3457 1462; x_wconf 76' lang='grc' dir='ltr'><strong>ι</strong></span> <span class='ocrx_word' id='word_1_346' title='bbox 3481 1410 3618 1466; x_wconf 82' lang='lat' dir='ltr'><strong>Nam</strong></span> 
     </span>
    </p>
   </div>
   <div class='ocr_carea' id='block_1_44' title="bbox 2021 1500 3618 1570">
    <p class='ocr_par' dir='ltr' id='par_1_44' title="bbox 2021 1500 3618 1570">
     <span class='ocr_line' id='line_1_44' title="bbox 2021 1500 3618 1570; baseline 0.004 -17"><span class='ocrx_word' id='word_1_347' title='bbox 2021 1500 2114 1570; x_wconf 87' lang='lat' dir='ltr'><strong>qui</strong></span> <span class='ocrx_word' id='word_1_348' title='bbox 2151 1500 2282 1555; x_wconf 89' lang='lat' dir='ltr'><strong>olim</strong></span> <span class='ocrx_word' id='word_1_349' title='bbox 2314 1516 2423 1555; x_wconf 89' lang='lat' dir='ltr'><strong>una</strong></span> <span class='ocrx_word' id='word_1_350' title='bbox 2453 1500 2579 1556; x_wconf 88' lang='lat' dir='ltr'><strong>cum</strong></span> <span class='ocrx_word' id='word_1_351' title='bbox 2602 1501 2726 1555; x_wconf 89' lang='lat' dir='ltr'><strong>aliis</strong></span> <span class='ocrx_word' id='word_1_352' title='bbox 2759 1501 2809 1555; x_wconf 90' lang='lat' dir='ltr'><strong>ei</strong></span> <span class='ocrx_word' id='word_1_353' title='bbox 2847 1502 3249 1569; x_wconf 87' lang='lat' dir='ltr'><strong>reclamarunt,</strong></span> <span class='ocrx_word' id='word_1_354' title='bbox 3290 1519 3442 1559; x_wconf 88' lang='lat' dir='ltr'><strong>nunc</strong></span> <span class='ocrx_word' id='word_1_355' title='bbox 3482 1518 3618 1559; x_wconf 84' lang='lat' dir='ltr'><strong>con-</strong></span> 
     </span>
    </p>
   </div>
   <div class='ocr_carea' id='block_1_45' title="bbox 2021 1593 3621 1665">
    <p class='ocr_par' dir='ltr' id='par_1_45' title="bbox 2021 1593 3621 1665">
     <span class='ocr_line' id='line_1_45' title="bbox 2021 1593 3621 1665; baseline 0.001 -17"><span class='ocrx_word' id='word_1_356' title='bbox 2021 1594 2230 1665; x_wconf 83' lang='lat' dir='ltr'><strong>gregati</strong></span> <span class='ocrx_word' id='word_1_357' title='bbox 2258 1594 2316 1648; x_wconf 90' lang='lat' dir='ltr'><strong>in</strong></span> <span class='ocrx_word' id='word_1_358' title='bbox 2349 1593 2474 1660; x_wconf 82' lang='lat' dir='ltr'><strong>fide,</strong></span> <span class='ocrx_word' id='word_1_359' title='bbox 2502 1604 2558 1649; x_wconf 90' lang='lat' dir='ltr'><strong>et</strong></span> <span class='ocrx_word' id='word_1_360' title='bbox 2597 1595 2740 1651; x_wconf 89' lang='lat' dir='ltr'><strong>bona</strong></span> <span class='ocrx_word' id='word_1_361' title='bbox 2782 1595 2852 1651; x_wconf 90' lang='lat' dir='ltr'><strong>de</strong></span> <span class='ocrx_word' id='word_1_362' title='bbox 2911 1611 2980 1652; x_wconf 90' lang='lat' dir='ltr'><strong>eo</strong></span> <span class='ocrx_word' id='word_1_363' title='bbox 3038 1597 3218 1652; x_wconf 91' lang='lat' dir='ltr'><strong>locuti</strong></span> <span class='ocrx_word' id='word_1_364' title='bbox 3250 1604 3401 1654; x_wconf 90' lang='lat' dir='ltr'><strong>sunt.</strong></span> <span class='ocrx_word' id='word_1_365' title='bbox 3461 1595 3621 1655; x_wconf 86' lang='lat' dir='ltr'><strong>Unde</strong></span> 
     </span>
    </p>
   </div>
   <div class='ocr_carea' id='block_1_46' title="bbox 2022 1685 3617 1755">
    <p class='ocr_par' dir='ltr' id='par_1_46' title="bbox 2022 1685 3617 1755">
     <span class='ocr_line' id='line_1_46' title="bbox 2022 1685 3617 1755; baseline 0.003 -16"><span class='ocrx_word' id='word_1_366' title='bbox 2022 1685 2219 1741; x_wconf 86' lang='lat' dir='ltr'><strong>beatus</strong></span> <span class='ocrx_word' id='word_1_367' title='bbox 2249 1686 2493 1742; x_wconf 73' lang='lat' dir='ltr'><strong>Iacobus</strong></span> <span class='ocrx_word' id='word_1_368' title='bbox 2514 1686 2808 1742; x_wconf 82' lang='lat' dir='ltr'><strong>duodecim</strong></span> <span class='ocrx_word' id='word_1_369' title='bbox 2844 1688 3104 1745; x_wconf 87' lang='lat' dir='ltr'><strong>tribubus</strong></span> <span class='ocrx_word' id='word_1_370' title='bbox 3138 1689 3356 1755; x_wconf 88' lang='lat' dir='ltr'><strong>scribit,</strong></span> <span class='ocrx_word' id='word_1_371' title='bbox 3391 1689 3617 1746; x_wconf 80' lang='lat' dir='ltr'><strong>dicens:</strong></span> 
     </span>
    </p>
   </div>
   <div class='ocr_carea' id='block_1_47' title="bbox 2030 1782 3611 1841">
    <p class='ocr_par' dir='ltr' id='par_1_47' title="bbox 2030 1782 3611 1841">
     <span class='ocr_line' id='line_1_47' title="bbox 2030 1782 3611 1841; baseline 0.001 -7"><span class='ocrx_word' id='word_1_372' title='bbox 2030 1782 2311 1837; x_wconf 69' lang='lat' dir='ltr'><strong>«Iacobus</strong></span> <span class='ocrx_word' id='word_1_373' title='bbox 2339 1782 2436 1836; x_wconf 88' lang='lat' dir='ltr'><strong>Dei</strong></span> <span class='ocrx_word' id='word_1_374' title='bbox 2459 1791 2515 1837; x_wconf 91' lang='lat' dir='ltr'><strong>et</strong></span> <span class='ocrx_word' id='word_1_375' title='bbox 2556 1782 2776 1839; x_wconf 87' lang='lat' dir='ltr'><strong>Domini</strong></span> <span class='ocrx_word' id='word_1_376' title='bbox 2832 1784 2964 1839; x_wconf 80' lang='lat' dir='ltr'><strong>Jesu</strong></span> <span class='ocrx_word' id='word_1_377' title='bbox 3020 1783 3225 1840; x_wconf 84' lang='lat' dir='ltr'><strong>Christi</strong></span> <span class='ocrx_word' id='word_1_378' title='bbox 3278 1800 3473 1841; x_wconf 82' lang='lat' dir='ltr'><strong>servus</strong></span> <span class='ocrx_word' id='word_1_379' title='bbox 3498 1785 3566 1839; x_wconf 81' lang='lat'><strong>&quot;.</strong></span> <span class='ocrx_word' id='word_1_380' title='bbox 3594 1805 3611 1835; x_wconf 73' lang='grc' dir='ltr'><strong>ι</strong></span> 
     </span>
    </p>
   </div>
   <div class='ocr_carea' id='block_1_48' title="bbox 2023 1873 3619 1949">
    <p class='ocr_par' dir='ltr' id='par_1_48' title="bbox 2023 1873 3619 1949">
     <span class='ocr_line' id='line_1_48' title="bbox 2023 1873 3619 1949; baseline 0.003 -22"><span class='ocrx_word' id='word_1_381' title='bbox 2023 1873 2358 1929; x_wconf 87' lang='lat' dir='ltr'><strong>Laudabunt</strong></span> <span class='ocrx_word' id='word_1_382' title='bbox 2403 1874 2576 1946; x_wconf 89' lang='lat' dir='ltr'><strong>igitur</strong></span> <span class='ocrx_word' id='word_1_383' title='bbox 2606 1884 2668 1929; x_wconf 91' lang='lat' dir='ltr'><strong>ut</strong></span> <span class='ocrx_word' id='word_1_384' title='bbox 2694 1876 2867 1931; x_wconf 87' lang='lat' dir='ltr'><strong>Deum</strong></span> <span class='ocrx_word' id='word_1_385' title='bbox 2910 1878 3079 1933; x_wconf 89' lang='lat' dir='ltr'><strong>etiam</strong></span> <span class='ocrx_word' id='word_1_386' title='bbox 3114 1877 3152 1931; x_wconf 94' lang='lat' dir='ltr'><strong>ii</strong></span> <span class='ocrx_word' id='word_1_387' title='bbox 3183 1884 3279 1948; x_wconf 93' lang='lat' dir='ltr'><strong>qui</strong></span> <span class='ocrx_word' id='word_1_388' title='bbox 3308 1892 3410 1949; x_wconf 90' lang='lat' dir='ltr'><strong>per</strong></span> <span class='ocrx_word' id='word_1_389' title='bbox 3450 1876 3619 1932; x_wconf 81' lang='lat' dir='ltr'><strong>fidem</strong></span> 
     </span>
    </p>
   </div>
   <div class='ocr_carea' id='block_1_49' title="bbox 2020 1968 3615 2025">
    <p class='ocr_par' dir='ltr' id='par_1_49' title="bbox 2020 1968 3615 2025">
     <span class='ocr_line' id='line_1_49' title="bbox 2020 1968 3615 2025; baseline 0.001 -3"><span class='ocrx_word' id='word_1_390' title='bbox 2020 1974 2080 2022; x_wconf 89' lang='lat' dir='ltr'><strong>et</strong></span> <span class='ocrx_word' id='word_1_391' title='bbox 2106 1968 2603 2023; x_wconf 85' lang='lat' dir='ltr'><strong>sanetiiicationem</strong></span> <span class='ocrx_word' id='word_1_392' title='bbox 2647 1969 2830 2025; x_wconf 88' lang='lat' dir='ltr'><strong>vocati</strong></span> <span class='ocrx_word' id='word_1_393' title='bbox 2886 1977 3017 2024; x_wconf 92' lang='lat' dir='ltr'><strong>sunt</strong></span> <span class='ocrx_word' id='word_1_394' title='bbox 3062 1970 3132 2024; x_wconf 88' lang='lat' dir='ltr'><strong>ad</strong></span> <span class='ocrx_word' id='word_1_395' title='bbox 3177 1968 3615 2025; x_wconf 78' lang='lat' dir='ltr'><strong>fraternitatem:</strong></span> 
     </span>
    </p>
   </div>
   <div class='ocr_carea' id='block_1_50' title="bbox 2022 2059 3619 2133">
    <p class='ocr_par' dir='ltr' id='par_1_50' title="bbox 2022 2059 3619 2133">
     <span class='ocr_line' id='line_1_50' title="bbox 2022 2059 3619 2133; baseline 0.002 -18"><span class='ocrx_word' id='word_1_396' title='bbox 2022 2059 2339 2116; x_wconf 86' lang='lat' dir='ltr'><strong>adorabunt</strong></span> <span class='ocrx_word' id='word_1_397' title='bbox 2372 2077 2503 2117; x_wconf 79' lang='lat' dir='ltr'><strong>vero</strong></span> <span class='ocrx_word' id='word_1_398' title='bbox 2552 2062 2918 2119; x_wconf 84' lang='lat' dir='ltr'><strong>nihilominus</strong></span> <span class='ocrx_word' id='word_1_399' title='bbox 2947 2063 3117 2120; x_wconf 87' lang='lat' dir='ltr'><strong>etiam</strong></span> <span class='ocrx_word' id='word_1_400' title='bbox 3146 2062 3247 2118; x_wconf 85' lang='lat' dir='ltr'><strong>ﬁlii</strong></span> <span class='ocrx_word' id='word_1_401' title='bbox 3270 2062 3463 2133; x_wconf 86' lang='lat' dir='ltr'><strong>patris.</strong></span> <span class='ocrx_word' id='word_1_402' title='bbox 3501 2062 3619 2118; x_wconf 78' lang='lat' dir='ltr'><strong>Ma-</strong></span> 
     </span>
    </p>
   </div>
   <div class='ocr_carea' id='block_1_51' title="bbox 2022 2149 3621 2222">
    <p class='ocr_par' dir='ltr' id='par_1_51' title="bbox 2022 2149 3621 2222">
     <span class='ocr_line' id='line_1_51' title="bbox 2022 2149 3621 2222; baseline 0.003 -19"><span class='ocrx_word' id='word_1_403' title='bbox 2022 2149 2283 2206; x_wconf 89' lang='lat' dir='ltr'><strong>nifestum</strong></span> <span class='ocrx_word' id='word_1_404' title='bbox 2318 2159 2504 2205; x_wconf 87' lang='lat' dir='ltr'><strong>autem</strong></span> <span class='ocrx_word' id='word_1_405' title='bbox 2533 2163 2636 2216; x_wconf 90' lang='lat' dir='ltr'><strong>est,</strong></span> <span class='ocrx_word' id='word_1_406' title='bbox 2667 2152 2816 2222; x_wconf 86' lang='lat' dir='ltr'><strong>quod</strong></span> <span class='ocrx_word' id='word_1_407' title='bbox 2868 2153 3165 2208; x_wconf 88' lang='lat' dir='ltr'><strong>adorantes</strong></span> <span class='ocrx_word' id='word_1_408' title='bbox 3195 2152 3523 2218; x_wconf 67' lang='lat' dir='ltr'><strong>laudabunt,</strong></span> <span class='ocrx_word' id='word_1_409' title='bbox 3563 2160 3621 2208; x_wconf 80' lang='grc' dir='ltr'>ει</span> 
     </span>
    </p>
   </div>
   <div class='ocr_carea' id='block_1_52' title="bbox 2022 2241 3618 2312">
    <p class='ocr_par' dir='ltr' id='par_1_52' title="bbox 2022 2241 3618 2312">
     <span class='ocr_line' id='line_1_52' title="bbox 2022 2241 3618 2312; baseline 0 -16"><span class='ocrx_word' id='word_1_410' title='bbox 2022 2242 2117 2312; x_wconf 92' lang='lat' dir='ltr'><strong>qui</strong></span> <span class='ocrx_word' id='word_1_411' title='bbox 2139 2241 2401 2297; x_wconf 87' lang='lat' dir='ltr'><strong>laudibus</strong></span> <span class='ocrx_word' id='word_1_412' title='bbox 2434 2258 2561 2297; x_wconf 90' lang='lat' dir='ltr'><strong>eum</strong></span> <span class='ocrx_word' id='word_1_413' title='bbox 2595 2242 2905 2306; x_wconf 83' lang='lat' dir='ltr'><strong>celebrant,</strong></span> <span class='ocrx_word' id='word_1_414' title='bbox 2940 2242 3226 2297; x_wconf 81' lang='lat' dir='ltr'><strong>adoraturi</strong></span> <span class='ocrx_word' id='word_1_415' title='bbox 3255 2243 3424 2297; x_wconf 87' lang='lat' dir='ltr'><strong>etiam</strong></span> <span class='ocrx_word' id='word_1_416' title='bbox 3467 2251 3618 2298; x_wconf 80' lang='lat' dir='ltr'><strong>sunt.</strong></span> 
     </span>
    </p>
   </div>
   <div class='ocr_carea' id='block_1_53' title="bbox 2022 2332 3619 2405">
    <p class='ocr_par' dir='ltr' id='par_1_53' title="bbox 2022 2332 3619 2405">
     <span class='ocr_line' id='line_1_53' title="bbox 2022 2332 3619 2405; baseline -0.004 -14"><span class='ocrx_word' id='word_1_417' title='bbox 2022 2334 2311 2405; x_wconf 88' lang='lat' dir='ltr'><strong>Siquidem</strong></span> <span class='ocrx_word' id='word_1_418' title='bbox 2338 2354 2355 2384; x_wconf 79' lang='grc' dir='ltr'><strong>ι</strong></span> <span class='ocrx_word' id='word_1_419' title='bbox 2376 2335 2595 2390; x_wconf 89' lang='lat' dir='ltr'><strong>catulus</strong></span> <span class='ocrx_word' id='word_1_420' title='bbox 2606 2334 2784 2389; x_wconf 87' lang='lat' dir='ltr'><strong>leonis</strong></span> <span class='ocrx_word' id='word_1_421' title='bbox 2808 2354 2826 2385; x_wconf 79' lang='grc' dir='ltr'><strong>ι</strong></span> <span class='ocrx_word' id='word_1_422' title='bbox 2846 2343 2931 2389; x_wconf 87' lang='grc' dir='ltr'><strong>εει</strong></span> <span class='ocrx_word' id='word_1_423' title='bbox 2950 2332 3210 2389; x_wconf 85' lang='lat' dir='ltr'><strong>Christus</strong></span> <span class='ocrx_word' id='word_1_424' title='bbox 3221 2348 3289 2387; x_wconf 82' lang='lat' dir='ltr'><strong>ex</strong></span> <span class='ocrx_word' id='word_1_425' title='bbox 3303 2332 3467 2399; x_wconf 78' lang='lat' dir='ltr'><strong>Juda,</strong></span> <span class='ocrx_word' id='word_1_426' title='bbox 3492 2348 3619 2388; x_wconf 81' lang='lat' dir='ltr'><strong>cum</strong></span> 
     </span>
    </p>
   </div>
   <div class='ocr_carea' id='block_1_54' title="bbox 2021 2424 3625 2496">
    <p class='ocr_par' dir='ltr' id='par_1_54' title="bbox 2021 2424 3625 2496">
     <span class='ocr_line' id='line_1_54' title="bbox 2021 2424 3625 2496; baseline -0.001 -16"><span class='ocrx_word' id='word_1_427' title='bbox 2021 2424 2096 2481; x_wconf 90' lang='lat' dir='ltr'><strong>sit</strong></span> <span class='ocrx_word' id='word_1_428' title='bbox 2133 2424 2308 2479; x_wconf 87' lang='lat' dir='ltr'><strong>Filius</strong></span> <span class='ocrx_word' id='word_1_429' title='bbox 2332 2424 2429 2480; x_wconf 87' lang='lat' dir='ltr'><strong>Dei</strong></span> <span class='ocrx_word' id='word_1_430' title='bbox 2455 2425 2879 2495; x_wconf 85' lang='lat' dir='ltr'><strong>omnipotentis,</strong></span> <span class='ocrx_word' id='word_1_431' title='bbox 2911 2425 3008 2494; x_wconf 89' lang='lat' dir='ltr'><strong>qui</strong></span> <span class='ocrx_word' id='word_1_432' title='bbox 3034 2433 3092 2480; x_wconf 89' lang='lat' dir='ltr'><strong>et</strong></span> <span class='ocrx_word' id='word_1_433' title='bbox 3146 2424 3264 2480; x_wconf 88' lang='lat' dir='ltr'><strong>sine</strong></span> <span class='ocrx_word' id='word_1_434' title='bbox 3289 2440 3471 2496; x_wconf 86' lang='lat' dir='ltr'><strong>pugna</strong></span> <span class='ocrx_word' id='word_1_435' title='bbox 3503 2425 3625 2479; x_wconf 83' lang='lat' dir='ltr'><strong>vin-</strong></span> 
     </span>
    </p>
   </div>
   <div class='ocr_carea' id='block_1_55' title="bbox 2022 2518 3622 2589">
    <p class='ocr_par' dir='ltr' id='par_1_55' title="bbox 2022 2518 3622 2589">
     <span class='ocr_line' id='line_1_55' title="bbox 2022 2518 3622 2589; baseline -0.003 -16"><span class='ocrx_word' id='word_1_436' title='bbox 2022 2518 2120 2584; x_wconf 90' lang='lat' dir='ltr'><strong>cit,</strong></span> <span class='ocrx_word' id='word_1_437' title='bbox 2166 2525 2223 2572; x_wconf 92' lang='lat' dir='ltr'><strong>et</strong></span> <span class='ocrx_word' id='word_1_438' title='bbox 2264 2519 2386 2573; x_wconf 90' lang='lat' dir='ltr'><strong>solo</strong></span> <span class='ocrx_word' id='word_1_439' title='bbox 2427 2518 2603 2573; x_wconf 72' lang='lat' dir='ltr'><strong>verbo</strong></span> <span class='ocrx_word' id='word_1_440' title='bbox 2649 2525 2837 2589; x_wconf 86' lang='lat' dir='ltr'><strong>potest</strong></span> <span class='ocrx_word' id='word_1_441' title='bbox 2889 2518 3331 2589; x_wconf 76' lang='lat' dir='ltr'><strong>perterrefacere</strong></span> <span class='ocrx_word' id='word_1_442' title='bbox 3391 2531 3490 2576; x_wconf 89' lang='lat' dir='ltr'><strong>eos</strong></span> <span class='ocrx_word' id='word_1_443' title='bbox 3526 2518 3622 2586; x_wconf 85' lang='lat' dir='ltr'><strong>qui</strong></span> 
     </span>
    </p>
   </div>
   <div class='ocr_carea' id='block_1_56' title="bbox 2024 2609 3625 2682">
    <p class='ocr_par' dir='ltr' id='par_1_56' title="bbox 2024 2609 3625 2682">
     <span class='ocr_line' id='line_1_56' title="bbox 2024 2609 3625 2682; baseline -0.002 -17"><span class='ocrx_word' id='word_1_444' title='bbox 2024 2610 2130 2682; x_wconf 89' lang='lat' dir='ltr'><strong>ipsi</strong></span> <span class='ocrx_word' id='word_1_445' title='bbox 2160 2611 2450 2676; x_wconf 89' lang='lat' dir='ltr'><strong>resistunt,</strong></span> <span class='ocrx_word' id='word_1_446' title='bbox 2480 2609 2627 2667; x_wconf 87' lang='lat' dir='ltr'><strong>sicut</strong></span> <span class='ocrx_word' id='word_1_447' title='bbox 2668 2610 2939 2681; x_wconf 88' lang='lat' dir='ltr'><strong>propheta</strong></span> <span class='ocrx_word' id='word_1_448' title='bbox 2965 2609 3081 2664; x_wconf 60' lang='lat' dir='ltr'><strong>ait;</strong></span> <span class='ocrx_word' id='word_1_449' title='bbox 3130 2630 3146 2659; x_wconf 71' lang='grc' dir='ltr'><strong><em>ς</em></strong></span> <span class='ocrx_word' id='word_1_450' title='bbox 3172 2609 3285 2665; x_wconf 91' lang='lat' dir='ltr'><strong>Leo</strong></span> <span class='ocrx_word' id='word_1_451' title='bbox 3311 2609 3513 2680; x_wconf 88' lang='lat' dir='ltr'><strong>rugict,</strong></span> <span class='ocrx_word' id='word_1_452' title='bbox 3567 2617 3625 2663; x_wconf 81' lang='lat' dir='ltr'><strong>et</strong></span> 
     </span>
    </p>
   </div>
   <div class='ocr_carea' id='block_1_57' title="bbox 2022 2687 3624 2774">
    <p class='ocr_par' dir='ltr' id='par_1_57' title="bbox 2022 2687 3624 2774">
     <span class='ocr_line' id='line_1_57' title="bbox 2022 2687 3624 2774; baseline -0.002 -16"><span class='ocrx_word' id='word_1_453' title='bbox 2022 2687 2166 2774; x_wconf 44' lang='lat' dir='ltr'><strong>quis.</strong></span> <span class='ocrx_word' id='word_1_454' title='bbox 2202 2720 2313 2759; x_wconf 89' lang='lat' dir='ltr'><strong>non</strong></span> <span class='ocrx_word' id='word_1_455' title='bbox 2371 2703 2594 2759; x_wconf 83' lang='lat' dir='ltr'><strong>timebit</strong></span> <span class='ocrx_word' id='word_1_456' title='bbox 2627 2702 2711 2757; x_wconf 74' lang='grc'><strong>³⁸⁸2</strong></span> <span class='ocrx_word' id='word_1_457' title='bbox 2736 2723 2756 2755; x_wconf 85' lang='grc'><strong>›</strong></span> <span class='ocrx_word' id='word_1_458' title='bbox 2792 2701 3025 2758; x_wconf 85' lang='lat' dir='ltr'><strong>Catulus</strong></span> <span class='ocrx_word' id='word_1_459' title='bbox 3083 2703 3272 2772; x_wconf 85' lang='lat' dir='ltr'><strong>itaque</strong></span> <span class='ocrx_word' id='word_1_460' title='bbox 3316 2700 3496 2756; x_wconf 88' lang='lat' dir='ltr'><strong>leonis</strong></span> <span class='ocrx_word' id='word_1_461' title='bbox 3537 2711 3624 2756; x_wconf 88' lang='lat' dir='ltr'><strong>est</strong></span> 
     </span>
    </p>
   </div>
   <div class='ocr_carea' id='block_1_58' title="bbox 2022 2791 3623 2865">
    <p class='ocr_par' dir='ltr' id='par_1_58' title="bbox 2022 2791 3623 2865">
     <span class='ocr_line' id='line_1_58' title="bbox 2022 2791 3623 2865; baseline -0.004 -12"><span class='ocrx_word' id='word_1_462' title='bbox 2022 2796 2305 2861; x_wconf 88' lang='lat' dir='ltr'><strong>Christus,</strong></span> <span class='ocrx_word' id='word_1_463' title='bbox 2344 2796 2493 2851; x_wconf 88' lang='lat' dir='ltr'><strong>sicut</strong></span> <span class='ocrx_word' id='word_1_464' title='bbox 2547 2804 2605 2850; x_wconf 91' lang='lat' dir='ltr'><strong>et</strong></span> <span class='ocrx_word' id='word_1_465' title='bbox 2654 2811 2723 2849; x_wconf 80' lang='lat' dir='ltr'><strong>ex</strong></span> <span class='ocrx_word' id='word_1_466' title='bbox 2780 2793 3032 2865; x_wconf 81' lang='lat' dir='ltr'><strong>germine</strong></span> <span class='ocrx_word' id='word_1_467' title='bbox 3083 2802 3142 2848; x_wconf 90' lang='lat' dir='ltr'><strong>et</strong></span> <span class='ocrx_word' id='word_1_468' title='bbox 3212 2791 3391 2848; x_wconf 83' lang='lat' dir='ltr'><strong>nobili</strong></span> <span class='ocrx_word' id='word_1_469' title='bbox 3435 2791 3623 2847; x_wconf 85' lang='lat' dir='ltr'><strong>radice</strong></span> 
     </span>
    </p>
   </div>
   <div class='ocr_carea' id='block_1_59' title="bbox 2024 2884 3626 2958">
    <p class='ocr_par' dir='ltr' id='par_1_59' title="bbox 2024 2884 3626 2958">
     <span class='ocr_line' id='line_1_59' title="bbox 2024 2884 3626 2958; baseline -0.005 -12"><span class='ocrx_word' id='word_1_470' title='bbox 2024 2901 2183 2946; x_wconf 90' lang='lat' dir='ltr'><strong>ortus</strong></span> <span class='ocrx_word' id='word_1_471' title='bbox 2229 2897 2353 2955; x_wconf 87' lang='lat' dir='ltr'><strong>est,</strong></span> <span class='ocrx_word' id='word_1_472' title='bbox 2402 2904 2471 2944; x_wconf 77' lang='lat' dir='ltr'><strong>ex</strong></span> <span class='ocrx_word' id='word_1_473' title='bbox 2530 2896 2723 2943; x_wconf 87' lang='lat' dir='ltr'><strong>sancta</strong></span> <span class='ocrx_word' id='word_1_474' title='bbox 2775 2886 3023 2958; x_wconf 76' lang='lat' dir='ltr'><strong>Virgine.</strong></span> <span class='ocrx_word' id='word_1_475' title='bbox 3087 2885 3309 2941; x_wconf 81' lang='lat' dir='ltr'><strong>Etenim</strong></span> <span class='ocrx_word' id='word_1_476' title='bbox 3355 2884 3476 2955; x_wconf 90' lang='lat' dir='ltr'><strong>ipse</strong></span> <span class='ocrx_word' id='word_1_477' title='bbox 3537 2894 3626 2940; x_wconf 85' lang='lat' dir='ltr'><strong>est</strong></span> 
     </span>
    </p>
   </div>
   <div class='ocr_carea' id='block_1_60' title="bbox 2034 2975 3623 3055">
    <p class='ocr_par' dir='ltr' id='par_1_60' title="bbox 2034 2975 3623 3055">
     <span class='ocr_line' id='line_1_60' title="bbox 2034 2975 3623 3055; baseline -0.004 -18"><span class='ocrx_word' id='word_1_478' title='bbox 2034 2986 2217 3055; x_wconf 71' lang='lat' dir='ltr'><strong>«virga</strong></span> <span class='ocrx_word' id='word_1_479' title='bbox 2265 2982 2491 3037; x_wconf 81' lang='lat' dir='ltr'><strong>virtutis</strong></span> <span class='ocrx_word' id='word_1_480' title='bbox 2533 2983 2603 3044; x_wconf 75' lang='grc' dir='ltr'>ὀ,</span> <span class='ocrx_word' id='word_1_481' title='bbox 2634 3000 2653 3032; x_wconf 77' lang='grc' dir='ltr'><strong>ι</strong></span> <span class='ocrx_word' id='word_1_482' title='bbox 2692 2994 2860 3050; x_wconf 87' lang='lat' dir='ltr'><strong>quam</strong></span> <span class='ocrx_word' id='word_1_483' title='bbox 2908 2995 2977 3034; x_wconf 79' lang='lat' dir='ltr'><strong>ex</strong></span> <span class='ocrx_word' id='word_1_484' title='bbox 3024 2978 3161 3034; x_wconf 86' lang='lat' dir='ltr'><strong>Sion</strong></span> <span class='ocrx_word' id='word_1_485' title='bbox 3241 2976 3408 3033; x_wconf 87' lang='lat' dir='ltr'><strong>nobis</strong></span> <span class='ocrx_word' id='word_1_486' title='bbox 3464 2975 3623 3031; x_wconf 87' lang='lat' dir='ltr'><strong>misit</strong></span> 
     </span>
    </p>
   </div>
   <div class='ocr_carea' id='block_1_61' title="bbox 2025 3070 3626 3145">
    <p class='ocr_par' dir='ltr' id='par_1_61' title="bbox 2025 3070 3626 3145">
     <span class='ocr_line' id='line_1_61' title="bbox 2025 3070 3626 3145; baseline -0.005 -14"><span class='ocrx_word' id='word_1_487' title='bbox 2025 3078 2192 3141; x_wconf 87' lang='lat' dir='ltr'><strong>Deus,</strong></span> <span class='ocrx_word' id='word_1_488' title='bbox 2247 3089 2444 3145; x_wconf 89' lang='lat' dir='ltr'><strong>nempe</strong></span> <span class='ocrx_word' id='word_1_489' title='bbox 2473 3073 2729 3137; x_wconf 87' lang='lat' dir='ltr'><strong>baculus,</strong></span> <span class='ocrx_word' id='word_1_490' title='bbox 2753 3072 2848 3142; x_wconf 93' lang='lat' dir='ltr'><strong>qui</strong></span> <span class='ocrx_word' id='word_1_491' title='bbox 2864 3085 3060 3126; x_wconf 87' lang='lat' dir='ltr'><strong>omnes</strong></span> <span class='ocrx_word' id='word_1_492' title='bbox 3078 3070 3400 3125; x_wconf 88' lang='lat' dir='ltr'><strong>consolatur</strong></span> <span class='ocrx_word' id='word_1_493' title='bbox 3423 3076 3480 3125; x_wconf 91' lang='lat' dir='ltr'><strong>et</strong></span> <span class='ocrx_word' id='word_1_494' title='bbox 3500 3082 3626 3123; x_wconf 90' lang='lat' dir='ltr'><strong>sus-</strong></span> 
     </span>
    </p>
   </div>
   <div class='ocr_carea' id='block_1_62' title="bbox 306 3159 1926 3254">
    <p class='ocr_par' dir='ltr' id='par_1_62' title="bbox 306 3159 1915 3254">
     <span class='ocr_line' id='line_1_62' title="bbox 306 3159 1915 3254; baseline -0.014 -16"><span class='ocrx_word' id='word_1_495' title='bbox 306 3159 462 3254; x_wconf 76' lang='grc' dir='ltr'>μεως</span> <span class='ocrx_word' id='word_1_496' title='bbox 498 3180 723 3253; x_wconf 77' lang='grc' dir='ltr'>ῥάϐδος,</span> <span class='ocrx_word' id='word_1_497' title='bbox 767 3196 788 3229; x_wconf 69' lang='grc' dir='ltr'><strong>ι</strong></span> <span class='ocrx_word' id='word_1_498' title='bbox 824 3177 891 3248; x_wconf 73' lang='grc' dir='ltr'>ἧν</span> <span class='ocrx_word' id='word_1_499' title='bbox 925 3159 989 3229; x_wconf 74' lang='grc' dir='ltr'>ἐκ</span> <span class='ocrx_word' id='word_1_500' title='bbox 1019 3171 1160 3227; x_wconf 83' lang='grc' dir='ltr'><strong>Σιὼν</strong></span> <span class='ocrx_word' id='word_1_501' title='bbox 1190 3171 1325 3243; x_wconf 79' lang='grc' dir='ltr'><strong>ἡμῖν</strong></span> <span class='ocrx_word' id='word_1_502' title='bbox 1354 3163 1681 3222; x_wconf 76' lang='grc' dir='ltr'>ἀπέστειλεν</span> <span class='ocrx_word' id='word_1_503' title='bbox 1701 3163 1731 3216; x_wconf 92' lang='lat'><strong>6</strong></span> <span class='ocrx_word' id='word_1_504' title='bbox 1763 3159 1915 3222; x_wconf 80' lang='grc' dir='ltr'>Θεὸς.</span> 
     </span>
    </p>
   </div>
   <div class='ocr_carea' id='block_1_63' title="bbox 2030 3159 3629 3254">
    <p class='ocr_par' dir='ltr' id='par_1_63' title="bbox 2030 3160 3629 3240">
     <span class='ocr_line' id='line_1_63' title="bbox 2030 3160 3629 3240; baseline -0.008 -13"><span class='ocrx_word' id='word_1_505' title='bbox 2030 3179 2221 3236; x_wconf 87' lang='lat' dir='ltr'><strong>teutat,</strong></span> <span class='ocrx_word' id='word_1_506' title='bbox 2266 3190 2283 3221; x_wconf 76' lang='grc' dir='ltr'><strong>ι</strong></span> <span class='ocrx_word' id='word_1_507' title='bbox 2304 3169 2568 3240; x_wconf 76' lang='lat' dir='ltr'><strong>virgaque</strong></span> <span class='ocrx_word' id='word_1_508' title='bbox 2592 3166 2754 3236; x_wconf 79' lang='lat'><strong>223</strong></span> <span class='ocrx_word' id='word_1_509' title='bbox 2781 3162 3107 3220; x_wconf 87' lang='lat' dir='ltr'><strong>directionis</strong></span> <span class='ocrx_word' id='word_1_510' title='bbox 3122 3171 3179 3218; x_wconf 88' lang='lat' dir='ltr'><strong>et</strong></span> <span class='ocrx_word' id='word_1_511' title='bbox 3205 3160 3359 3232; x_wconf 82' lang='lat' dir='ltr'><strong>regni</strong></span> <span class='ocrx_word' id='word_1_512' title='bbox 3384 3161 3451 3226; x_wconf 88' lang='grc'><strong>³⁰,</strong></span> <span class='ocrx_word' id='word_1_513' title='bbox 3476 3174 3629 3231; x_wconf 69' lang='lat' dir='ltr'><strong>rqute</strong></span> 
     </span>
    </p>
   </div>
   <div class='ocr_carea' id='block_1_64' title="bbox 304 3253 1916 3347">
    <p class='ocr_par' dir='ltr' id='par_1_64' title="bbox 304 3253 1916 3347">
     <span class='ocr_line' id='line_1_64' title="bbox 304 3253 1916 3347; baseline -0.016 -17"><span class='ocrx_word' id='word_1_514' title='bbox 304 3280 339 3347; x_wconf 74' lang='grc' dir='ltr'><strong>ὴ</strong></span> <span class='ocrx_word' id='word_1_515' title='bbox 389 3274 607 3336; x_wconf 67' lang='grc' dir='ltr'>πάντας</span> <span class='ocrx_word' id='word_1_516' title='bbox 668 3266 1066 3343; x_wconf 73' lang='grc' dir='ltr'>παρακαλοῦσα</span> <span class='ocrx_word' id='word_1_517' title='bbox 1118 3265 1217 3319; x_wconf 72' lang='grc' dir='ltr'>καὶ</span> <span class='ocrx_word' id='word_1_518' title='bbox 1270 3262 1543 3332; x_wconf 78' lang='grc' dir='ltr'>ἀνέχουσα</span> <span class='ocrx_word' id='word_1_519' title='bbox 1603 3253 1876 3329; x_wconf 81' lang='grc' dir='ltr'>βακτηρία</span> <span class='ocrx_word' id='word_1_520' title='bbox 1901 3292 1916 3317; x_wconf 93' lang='grc'><strong>,</strong></span> 
     </span>
    </p>
   </div>
   <div class='ocr_carea' id='block_1_65' title="bbox 311 3345 1924 3441">
    <p class='ocr_par' dir='ltr' id='par_1_65' title="bbox 311 3345 1924 3441">
     <span class='ocr_line' id='line_1_65' title="bbox 311 3345 1924 3441; baseline -0.015 -18"><span class='ocrx_word' id='word_1_521' title='bbox 311 3345 337 3421; x_wconf 60' lang='grc' dir='ltr'><em>ἐ</em></span> <span class='ocrx_word' id='word_1_522' title='bbox 374 3371 410 3441; x_wconf 71' lang='grc' dir='ltr'>ἡ</span> <span class='ocrx_word' id='word_1_523' title='bbox 445 3364 752 3437; x_wconf 63' lang='lat' dir='ltr'><strong>assumo;</strong></span> <span class='ocrx_word' id='word_1_524' title='bbox 797 3378 857 3415; x_wconf 77' lang='grc' dir='ltr'><strong>τε</strong></span> <span class='ocrx_word' id='word_1_525' title='bbox 894 3360 989 3415; x_wconf 81' lang='grc' dir='ltr'>και</span> <span class='ocrx_word' id='word_1_526' title='bbox 1018 3356 1319 3429; x_wconf 80' lang='grc' dir='ltr'>βασιλείας,</span> <span class='ocrx_word' id='word_1_527' title='bbox 1359 3374 1377 3404; x_wconf 72' lang='grc' dir='ltr'><strong>ι</strong></span> <span class='ocrx_word' id='word_1_528' title='bbox 1429 3355 1463 3424; x_wconf 79' lang='grc' dir='ltr'>ἡ</span> <span class='ocrx_word' id='word_1_529' title='bbox 1488 3349 1666 3424; x_wconf 80' lang='grc' dir='ltr'>ὀρθῶς</span> <span class='ocrx_word' id='word_1_530' title='bbox 1707 3348 1806 3418; x_wconf 76' lang='grc' dir='ltr'>μὲν</span> <span class='ocrx_word' id='word_1_531' title='bbox 1828 3345 1924 3399; x_wconf 78' lang='grc' dir='ltr'>καὶ</span> 
     </span>
    </p>
   </div>
   <div class='ocr_carea' id='block_1_66' title="bbox 304 3441 1920 3535">
    <p class='ocr_par' dir='ltr' id='par_1_66' title="bbox 304 3441 1920 3535">
     <span class='ocr_line' id='line_1_66' title="bbox 304 3441 1920 3535; baseline -0.016 -18"><span class='ocrx_word' id='word_1_532' title='bbox 304 3463 510 3535; x_wconf 69' lang='grc' dir='ltr'>πράως</span> <span class='ocrx_word' id='word_1_533' title='bbox 564 3461 666 3522; x_wconf 78' lang='grc' dir='ltr'>τὰς</span> <span class='ocrx_word' id='word_1_534' title='bbox 729 3454 840 3510; x_wconf 82' lang='grc' dir='ltr'><strong>τῶν</strong></span> <span class='ocrx_word' id='word_1_535' title='bbox 909 3453 1085 3523; x_wconf 82' lang='grc' dir='ltr'>ἁγίων</span> <span class='ocrx_word' id='word_1_536' title='bbox 1153 3449 1357 3518; x_wconf 76' lang='grc' dir='ltr'>ἀγέλας</span> <span class='ocrx_word' id='word_1_537' title='bbox 1421 3441 1883 3513; x_wconf 83' lang='grc' dir='ltr'>διαποιμαίνουσα</span> <span class='ocrx_word' id='word_1_538' title='bbox 1904 3478 1920 3504; x_wconf 96' lang='grc'><strong>,</strong></span> 
     </span>
    </p>
   </div>
   <div class='ocr_carea' id='block_1_67' title="bbox 312 3535 1930 3624">
    <p class='ocr_par' dir='ltr' id='par_1_67' title="bbox 312 3535 1930 3624">
     <span class='ocr_line' id='line_1_67' title="bbox 312 3535 1930 3624; baseline -0.014 -16"><span class='ocrx_word' id='word_1_539' title='bbox 312 3576 335 3607; x_wconf 69' lang='grc'><strong>1</strong></span> <span class='ocrx_word' id='word_1_540' title='bbox 377 3548 754 3624; x_wconf 75' lang='grc' dir='ltr'>συντρίϐουσα</span> <span class='ocrx_word' id='word_1_541' title='bbox 795 3546 856 3601; x_wconf 79' lang='grc' dir='ltr'>δὲ</span> <span class='ocrx_word' id='word_1_542' title='bbox 886 3544 1143 3616; x_wconf 80' lang='grc' dir='ltr'>καθάπερ</span> <span class='ocrx_word' id='word_1_543' title='bbox 1174 3540 1371 3603; x_wconf 78' lang='grc' dir='ltr'>σκεῦος</span> <span class='ocrx_word' id='word_1_544' title='bbox 1411 3535 1704 3608; x_wconf 79' lang='grc' dir='ltr'>κεραμέως</span> <span class='ocrx_word' id='word_1_545' title='bbox 1740 3552 1761 3587; x_wconf 72' lang='grc' dir='ltr'><strong>ι</strong></span> <span class='ocrx_word' id='word_1_546' title='bbox 1796 3535 1930 3595; x_wconf 79' lang='grc' dir='ltr'>τοὺς</span> 
     </span>
    </p>
   </div>
   <div class='ocr_carea' id='block_1_68' title="bbox 309 3624 1927 3716">
    <p class='ocr_par' dir='ltr' id='par_1_68' title="bbox 309 3624 1927 3716">
     <span class='ocr_line' id='line_1_68' title="bbox 309 3624 1927 3716; baseline -0.016 -14"><span class='ocrx_word' id='word_1_547' title='bbox 309 3644 586 3716; x_wconf 76' lang='grc' dir='ltr'>ύπάὺτῷ</span> <span class='ocrx_word' id='word_1_548' title='bbox 622 3639 888 3714; x_wconf 70' lang='grc' dir='ltr'>νέμεσθαι</span> <span class='ocrx_word' id='word_1_549' title='bbox 921 3637 996 3710; x_wconf 85' lang='grc' dir='ltr'>μὴ</span> <span class='ocrx_word' id='word_1_550' title='bbox 1023 3635 1412 3707; x_wconf 81' lang='grc' dir='ltr'>ἀνεχομένους.</span> <span class='ocrx_word' id='word_1_551' title='bbox 1458 3628 1632 3692; x_wconf 78' lang='grc' dir='ltr'>Δύτὸς</span> <span class='ocrx_word' id='word_1_552' title='bbox 1669 3628 1703 3698; x_wconf 81' lang='grc' dir='ltr'><strong>ἡ</strong></span> <span class='ocrx_word' id='word_1_553' title='bbox 1730 3624 1927 3698; x_wconf 80' lang='grc' dir='ltr'>ράΰδος</span> 
     </span>
    </p>
   </div>
   <div class='ocr_carea' id='block_1_69' title="bbox 308 3717 1927 3811">
    <p class='ocr_par' dir='ltr' id='par_1_69' title="bbox 308 3717 1927 3811">
     <span class='ocr_line' id='line_1_69' title="bbox 308 3717 1927 3811; baseline -0.018 -14"><span class='ocrx_word' id='word_1_554' title='bbox 308 3742 343 3811; x_wconf 75' lang='grc' dir='ltr'><strong>ἠ</strong></span> <span class='ocrx_word' id='word_1_555' title='bbox 389 3734 632 3810; x_wconf 82' lang='grc' dir='ltr'>Ἀαρὼν,</span> <span class='ocrx_word' id='word_1_556' title='bbox 654 3736 689 3807; x_wconf 76' lang='grc' dir='ltr'><strong>η</strong></span> <span class='ocrx_word' id='word_1_557' title='bbox 718 3732 884 3787; x_wconf 84' lang='grc' dir='ltr'>τόπον</span> <span class='ocrx_word' id='word_1_558' title='bbox 911 3730 1112 3801; x_wconf 79' lang='grc' dir='ltr'>ἔχουσα</span> <span class='ocrx_word' id='word_1_559' title='bbox 1138 3727 1241 3798; x_wconf 84' lang='grc' dir='ltr'>τὴν</span> <span class='ocrx_word' id='word_1_560' title='bbox 1276 3724 1426 3780; x_wconf 86' lang='grc' dir='ltr'>θείαν</span> <span class='ocrx_word' id='word_1_561' title='bbox 1458 3719 1689 3792; x_wconf 79' lang='grc' dir='ltr'>σκηνὴν,</span> <span class='ocrx_word' id='word_1_562' title='bbox 1720 3718 1818 3772; x_wconf 63' lang='grc' dir='ltr'>καὶ</span> <span class='ocrx_word' id='word_1_563' title='bbox 1844 3717 1927 3780; x_wconf 85' lang='grc' dir='ltr'><strong>είς</strong></span> 
     </span>
    </p>
   </div>
   <div class='ocr_carea' id='block_1_70' title="bbox 307 3809 1929 3899">
    <p class='ocr_par' dir='ltr' id='par_1_70' title="bbox 307 3809 1929 3899">
     <span class='ocr_line' id='line_1_70' title="bbox 307 3809 1929 3899; baseline -0.017 -12"><span class='ocrx_word' id='word_1_564' title='bbox 307 3809 384 3887; x_wconf 69' lang='grc' dir='ltr'>τὰ</span> <span class='ocrx_word' id='word_1_565' title='bbox 433 3809 619 3899; x_wconf 74' lang='grc' dir='ltr'>’Δγια</span> <span class='ocrx_word' id='word_1_566' title='bbox 648 3825 761 3881; x_wconf 83' lang='grc' dir='ltr'>τῶν</span> <span class='ocrx_word' id='word_1_567' title='bbox 790 3822 964 3894; x_wconf 83' lang='grc' dir='ltr'>ἁγίων</span> <span class='ocrx_word' id='word_1_568' title='bbox 1002 3816 1458 3893; x_wconf 68' lang='grc' dir='ltr'>εἰσενηνεγμένη,</span> <span class='ocrx_word' id='word_1_569' title='bbox 1492 3815 1528 3884; x_wconf 84' lang='grc' dir='ltr'><strong>ἡ</strong></span> <span class='ocrx_word' id='word_1_570' title='bbox 1553 3880 1559 3886; x_wconf 28' lang='grc'><em>,</em></span> <span class='ocrx_word' id='word_1_571' title='bbox 1581 3809 1929 3881; x_wconf 78' lang='grc' dir='ltr'>ὲξανθήσασα</span> 
     </span>
    </p>
   </div>
   <div class='ocr_carea' id='block_1_71' title="bbox 309 3900 1952 3997">
    <p class='ocr_par' dir='ltr' id='par_1_71' title="bbox 309 3900 1952 3997">
     <span class='ocr_line' id='line_1_71' title="bbox 309 3900 1952 3997; baseline -0.016 -15"><span class='ocrx_word' id='word_1_572' title='bbox 309 3926 505 3997; x_wconf 76' lang='grc' dir='ltr'>κάρυα</span> <span class='ocrx_word' id='word_1_573' title='bbox 522 3939 540 3954; x_wconf 88' lang='grc'><strong>·</strong></span> <span class='ocrx_word' id='word_1_574' title='bbox 562 3923 705 3992; x_wconf 77' lang='grc' dir='ltr'>ὅπερ</span> <span class='ocrx_word' id='word_1_575' title='bbox 734 3917 887 3973; x_wconf 72' lang='grc' dir='ltr'>ἐστὶν</span> <span class='ocrx_word' id='word_1_576' title='bbox 911 3904 1268 3977; x_wconf 74' lang='grc' dir='ltr'>ἀναστάσεως</span> <span class='ocrx_word' id='word_1_577' title='bbox 1294 3908 1584 3982; x_wconf 77' lang='grc' dir='ltr'>σύμϐολον.</span> <span class='ocrx_word' id='word_1_578' title='bbox 1618 3903 1786 3959; x_wconf 85' lang='grc' dir='ltr'>Ξύλον</span> <span class='ocrx_word' id='word_1_579' title='bbox 1818 3900 1952 3991; x_wconf 41' lang='grc' dir='ltr'><strong>*τάκ</strong></span> 
     </span>
    </p>
   </div>
   <div class='ocr_carea' id='block_1_72' title="bbox 308 3986 1961 4088">
    <p class='ocr_par' dir='ltr' id='par_1_72' title="bbox 308 3986 1961 4088">
     <span class='ocr_line' id='line_1_72' title="bbox 308 3986 1961 4088; baseline -0.016 -14"><span class='ocrx_word' id='word_1_580' title='bbox 308 3986 479 4075; x_wconf 47' lang='grc' dir='ltr'>λεδ-ἑκ</span> <span class='ocrx_word' id='word_1_581' title='bbox 506 3986 744 4088; x_wconf 78' lang='grc' dir='ltr'>καρύας,</span> <span class='ocrx_word' id='word_1_582' title='bbox 784 4009 1027 4073; x_wconf 83' lang='grc' dir='ltr'>ἀῦπνίας</span> <span class='ocrx_word' id='word_1_583' title='bbox 1065 4006 1185 4061; x_wconf 77' lang='grc' dir='ltr'>ὲστί</span> <span class='ocrx_word' id='word_1_584' title='bbox 1220 4022 1338 4069; x_wconf 90' lang='grc' dir='ltr'><strong>πως</strong></span> <span class='ocrx_word' id='word_1_585' title='bbox 1378 3998 1761 4074; x_wconf 78' lang='grc' dir='ltr'>ὲμποιητικόν.</span> <span class='ocrx_word' id='word_1_586' title='bbox 1808 3986 1961 4049; x_wconf 47' lang='grc' dir='ltr'><strong>Ἐκδ</strong></span> 
     </span>
    </p>
   </div>
   <div class='ocr_carea' id='block_1_73' title="bbox 310 4093 1931 4184">
    <p class='ocr_par' dir='ltr' id='par_1_73' title="bbox 310 4093 1931 4184">
     <span class='ocr_line' id='line_1_73' title="bbox 310 4093 1931 4184; baseline -0.015 -17"><span class='ocrx_word' id='word_1_587' title='bbox 310 4113 614 4184; x_wconf 84' lang='grc' dir='ltr'>τετίμηται</span> <span class='ocrx_word' id='word_1_588' title='bbox 643 4106 703 4161; x_wconf 80' lang='grc' dir='ltr'>δὲ</span> <span class='ocrx_word' id='word_1_589' title='bbox 733 4105 797 4159; x_wconf 72' lang='grc' dir='ltr'><strong>τὸ</strong></span> <span class='ocrx_word' id='word_1_590' title='bbox 835 4106 938 4175; x_wconf 74' lang='grc' dir='ltr'><strong>τῆς</strong></span> <span class='ocrx_word' id='word_1_591' title='bbox 975 4100 1335 4162; x_wconf 83' lang='grc' dir='ltr'>ἀναστάσεως</span> <span class='ocrx_word' id='word_1_592' title='bbox 1367 4096 1670 4168; x_wconf 83' lang='grc' dir='ltr'>μυστήριον</span> <span class='ocrx_word' id='word_1_593' title='bbox 1710 4093 1769 4146; x_wconf 66' lang='grc' dir='ltr'><strong>ἐν</strong></span> <span class='ocrx_word' id='word_1_594' title='bbox 1809 4093 1931 4145; x_wconf 77' lang='grc' dir='ltr'><strong>Ἐκ-</strong></span> 
     </span>
    </p>
   </div>
   <div class='ocr_carea' id='block_1_74' title="bbox 314 4184 1931 4277">
    <p class='ocr_par' dir='ltr' id='par_1_74' title="bbox 314 4184 1931 4277">
     <span class='ocr_line' id='line_1_74' title="bbox 314 4184 1931 4277; baseline -0.014 -17"><span class='ocrx_word' id='word_1_595' title='bbox 314 4204 586 4277; x_wconf 81' lang='grc' dir='ltr'>κλησίαις</span> <span class='ocrx_word' id='word_1_596' title='bbox 638 4197 802 4255; x_wconf 71' lang='grc' dir='ltr'>Θεοῦ.</span> <span class='ocrx_word' id='word_1_597' title='bbox 843 4195 948 4252; x_wconf 86' lang='grc' dir='ltr'>Διά</span> <span class='ocrx_word' id='word_1_598' title='bbox 990 4193 1155 4249; x_wconf 76' lang='grc' dir='ltr'>τοῦτο</span> <span class='ocrx_word' id='word_1_599' title='bbox 1194 4193 1290 4247; x_wconf 80' lang='grc' dir='ltr'>καὶ</span> <span class='ocrx_word' id='word_1_600' title='bbox 1323 4191 1352 4244; x_wconf 89' lang='lat'><strong>6</strong></span> <span class='ocrx_word' id='word_1_601' title='bbox 1398 4188 1673 4261; x_wconf 84' lang='grc' dir='ltr'>μακάριος</span> <span class='ocrx_word' id='word_1_602' title='bbox 1736 4184 1931 4241; x_wconf 73' lang='grc' dir='ltr'>Ἰακὼϐ</span> 
     </span>
    </p>
   </div>
   <div class='ocr_carea' id='block_1_75' title="bbox 314 4279 1932 4366">
    <p class='ocr_par' dir='ltr' id='par_1_75' title="bbox 314 4279 1932 4366">
     <span class='ocr_line' id='line_1_75' title="bbox 314 4279 1932 4366; baseline -0.015 -10"><span class='ocrx_word' id='word_1_603' title='bbox 314 4286 617 4366; x_wconf 60' lang='grc' dir='ltr'><strong>βλαστὸν⁹¹</strong></span> <span class='ocrx_word' id='word_1_604' title='bbox 638 4293 943 4366; x_wconf 76' lang='grc' dir='ltr'>ὀνομάσας,</span> <span class='ocrx_word' id='word_1_605' title='bbox 979 4287 1144 4352; x_wconf 80' lang='grc' dir='ltr'>εὐθὺς</span> <span class='ocrx_word' id='word_1_606' title='bbox 1166 4284 1543 4358; x_wconf 15' lang='grc' dir='ltr'>διαμίἑμνηται</span> <span class='ocrx_word' id='word_1_607' title='bbox 1564 4280 1676 4336; x_wconf 85' lang='grc' dir='ltr'><strong>τῶν</strong></span> <span class='ocrx_word' id='word_1_608' title='bbox 1698 4281 1756 4333; x_wconf 76' lang='grc' dir='ltr'>ὲν</span> <span class='ocrx_word' id='word_1_609' title='bbox 1788 4279 1932 4333; x_wconf 76' lang='grc' dir='ltr'>τέλει</span> 
     </span>
    </p>
   </div>
   <div class='ocr_carea' id='block_1_76' title="bbox 314 4372 1934 4464">
    <p class='ocr_par' dir='ltr' id='par_1_76' title="bbox 314 4372 1934 4464">
     <span class='ocr_line' id='line_1_76' title="bbox 314 4372 1934 4464; baseline -0.003 -23"><span class='ocrx_word' id='word_1_610' title='bbox 314 4394 424 4464; x_wconf 79' lang='grc' dir='ltr'>τῆς</span> <span class='ocrx_word' id='word_1_611' title='bbox 470 4386 818 4459; x_wconf 69' lang='grc' dir='ltr'>οἰκονομίας,</span> <span class='ocrx_word' id='word_1_612' title='bbox 849 4382 947 4439; x_wconf 84' lang='grc' dir='ltr'><strong>καί</strong></span> <span class='ocrx_word' id='word_1_613' title='bbox 976 4396 1151 4453; x_wconf 83' lang='grc' dir='ltr'>φησι·</span> <span class='ocrx_word' id='word_1_614' title='bbox 1196 4397 1216 4431; x_wconf 73' lang='grc' dir='ltr'><strong>ι</strong></span> <span class='ocrx_word' id='word_1_615' title='bbox 1246 4375 1580 4435; x_wconf 68' lang='grc' dir='ltr'>,Ἆναπεσὼν</span> <span class='ocrx_word' id='word_1_616' title='bbox 1625 4372 1934 4445; x_wconf 70' lang='grc' dir='ltr'>ἐκοιμήθης</span> 
     </span>
    </p>
   </div>
   <div class='ocr_carea' id='block_1_77' title="bbox 316 4464 1935 4551">
    <p class='ocr_par' dir='ltr' id='par_1_77' title="bbox 316 4464 1935 4551">
     <span class='ocr_line' id='line_1_77' title="bbox 316 4464 1935 4551; baseline -0.014 -12"><span class='ocrx_word' id='word_1_617' title='bbox 316 4487 398 4551; x_wconf 80' lang='grc' dir='ltr'>ὡς</span> <span class='ocrx_word' id='word_1_618' title='bbox 431 4484 599 4547; x_wconf 81' lang='grc' dir='ltr'>λέων,</span> <span class='ocrx_word' id='word_1_619' title='bbox 628 4499 650 4533; x_wconf 73' lang='grc' dir='ltr'><strong>ι</strong></span> <span class='ocrx_word' id='word_1_620' title='bbox 686 4478 995 4541; x_wconf 78' lang='grc' dir='ltr'>τουτέστιν,</span> <span class='ocrx_word' id='word_1_621' title='bbox 1017 4474 1124 4528; x_wconf 71' lang='grc' dir='ltr'><strong>οὐκ</strong></span> <span class='ocrx_word' id='word_1_622' title='bbox 1157 4469 1461 4543; x_wconf 75' lang='grc' dir='ltr'>ἀϐούλητον</span> <span class='ocrx_word' id='word_1_623' title='bbox 1497 4468 1740 4538; x_wconf 80' lang='grc' dir='ltr'>ὑπέστης</span> <span class='ocrx_word' id='word_1_624' title='bbox 1769 4464 1935 4519; x_wconf 84' lang='grc' dir='ltr'>θάνα-</span> 
     </span>
    </p>
   </div>
   <div class='ocr_carea' id='block_1_78' title="bbox 320 4556 1932 4642">
    <p class='ocr_par' dir='ltr' id='par_1_78' title="bbox 320 4556 1932 4642">
     <span class='ocr_line' id='line_1_78' title="bbox 320 4556 1932 4642; baseline -0.016 -11"><span class='ocrx_word' id='word_1_625' title='bbox 320 4593 437 4642; x_wconf 81' lang='grc' dir='ltr'>τον,</span> <span class='ocrx_word' id='word_1_626' title='bbox 470 4572 617 4630; x_wconf 82' lang='grc' dir='ltr'><strong>ἀλλά</strong></span> <span class='ocrx_word' id='word_1_627' title='bbox 647 4568 741 4626; x_wconf 87' lang='grc' dir='ltr'><strong>καί</strong></span> <span class='ocrx_word' id='word_1_628' title='bbox 771 4585 856 4624; x_wconf 88' lang='grc' dir='ltr'><strong>τοι</strong></span> <span class='ocrx_word' id='word_1_629' title='bbox 884 4565 1098 4629; x_wconf 83' lang='grc' dir='ltr'>πάντας</span> <span class='ocrx_word' id='word_1_630' title='bbox 1142 4563 1287 4616; x_wconf 75' lang='grc' dir='ltr'>ἑλεῖν</span> <span class='ocrx_word' id='word_1_631' title='bbox 1330 4560 1407 4626; x_wconf 86' lang='grc' dir='ltr'>ὡς</span> <span class='ocrx_word' id='word_1_632' title='bbox 1441 4558 1580 4613; x_wconf 76' lang='grc' dir='ltr'>λέων</span> <span class='ocrx_word' id='word_1_633' title='bbox 1628 4556 1725 4612; x_wconf 77' lang='grc' dir='ltr'>καὶ</span> <span class='ocrx_word' id='word_1_634' title='bbox 1762 4571 1932 4611; x_wconf 82' lang='grc' dir='ltr'>κατα-</span> 
     </span>
    </p>
   </div>
   <div class='ocr_carea' id='block_1_79' title="bbox 2029 3255 3629 3332">
    <p class='ocr_par' dir='ltr' id='par_1_79' title="bbox 2029 3255 3629 3332">
     <span class='ocr_line' id='line_1_79' title="bbox 2029 3255 3629 3332; baseline -0.008 -13"><span class='ocrx_word' id='word_1_635' title='bbox 2029 3274 2179 3320; x_wconf 89' lang='lat' dir='ltr'><strong>recte</strong></span> <span class='ocrx_word' id='word_1_636' title='bbox 2203 3279 2268 3318; x_wconf 90' lang='lat' dir='ltr'><strong>ac</strong></span> <span class='ocrx_word' id='word_1_637' title='bbox 2298 3262 2537 3332; x_wconf 80' lang='lat' dir='ltr'><strong>benigne</strong></span> <span class='ocrx_word' id='word_1_638' title='bbox 2586 3273 2785 3331; x_wconf 86' lang='lat' dir='ltr'><strong>greges</strong></span> <span class='ocrx_word' id='word_1_639' title='bbox 2816 3265 3136 3312; x_wconf 90' lang='lat' dir='ltr'><strong>sanctorum</strong></span> <span class='ocrx_word' id='word_1_640' title='bbox 3164 3255 3363 3325; x_wconf 89' lang='lat' dir='ltr'><strong>pascit,</strong></span> <span class='ocrx_word' id='word_1_641' title='bbox 3406 3260 3575 3322; x_wconf 86' lang='lat' dir='ltr'><strong>atque</strong></span> <span class='ocrx_word' id='word_1_642' title='bbox 3595 3266 3629 3306; x_wconf 87' lang='lat' dir='ltr'><strong>e</strong></span> 
     </span>
    </p>
   </div>
   <div class='ocr_carea' id='block_1_80' title="bbox 2031 3345 3626 3423">
    <p class='ocr_par' dir='ltr' id='par_1_80' title="bbox 2031 3345 3626 3423">
     <span class='ocr_line' id='line_1_80' title="bbox 2031 3345 3626 3423; baseline -0.01 -10"><span class='ocrx_word' id='word_1_643' title='bbox 2031 3357 2254 3413; x_wconf 80' lang='lat' dir='ltr'><strong>diverso</strong></span> <span class='ocrx_word' id='word_1_644' title='bbox 2296 3373 2315 3406; x_wconf 79' lang='grc' dir='ltr'><strong>ι</strong></span> <span class='ocrx_word' id='word_1_645' title='bbox 2337 3351 2641 3423; x_wconf 79' lang='lat' dir='ltr'><strong>confringit</strong></span> <span class='ocrx_word' id='word_1_646' title='bbox 2675 3358 2939 3420; x_wconf 89' lang='lat' dir='ltr'><strong>tanquam</strong></span> <span class='ocrx_word' id='word_1_647' title='bbox 2980 3362 3079 3402; x_wconf 77' lang='lat' dir='ltr'><strong>vas</strong></span> <span class='ocrx_word' id='word_1_648' title='bbox 3110 3345 3262 3417; x_wconf 83' lang='lat' dir='ltr'><strong>ﬁguli</strong></span> <span class='ocrx_word' id='word_1_649' title='bbox 3293 3345 3337 3377; x_wconf 72' lang='lat'><strong>”</strong></span> <span class='ocrx_word' id='word_1_650' title='bbox 3364 3365 3383 3397; x_wconf 76' lang='grc' dir='ltr'><strong>ι</strong></span> <span class='ocrx_word' id='word_1_651' title='bbox 3414 3359 3512 3401; x_wconf 93' lang='lat' dir='ltr'><strong>eos</strong></span> <span class='ocrx_word' id='word_1_652' title='bbox 3533 3346 3626 3416; x_wconf 83' lang='lat' dir='ltr'><strong>qui</strong></span> 
     </span>
    </p>
   </div>
   <div class='ocr_carea' id='block_1_81' title="bbox 2028 3435 3629 3517">
    <p class='ocr_par' dir='ltr' id='par_1_81' title="bbox 2028 3435 3629 3517">
     <span class='ocr_line' id='line_1_81' title="bbox 2028 3435 3629 3517; baseline -0.009 -12"><span class='ocrx_word' id='word_1_653' title='bbox 2028 3464 2089 3505; x_wconf 89' lang='lat' dir='ltr'><strong>se</strong></span> <span class='ocrx_word' id='word_1_654' title='bbox 2122 3449 2193 3504; x_wconf 90' lang='lat' dir='ltr'><strong>ab</strong></span> <span class='ocrx_word' id='word_1_655' title='bbox 2224 3462 2338 3502; x_wconf 84' lang='lat' dir='ltr'><strong>uno</strong></span> <span class='ocrx_word' id='word_1_656' title='bbox 2362 3445 2515 3517; x_wconf 85' lang='lat' dir='ltr'><strong>pasci</strong></span> <span class='ocrx_word' id='word_1_657' title='bbox 2544 3459 2657 3500; x_wconf 87' lang='lat' dir='ltr'><strong>non</strong></span> <span class='ocrx_word' id='word_1_658' title='bbox 2704 3442 2911 3498; x_wconf 82' lang='lat' dir='ltr'><strong>ferunt.</strong></span> <span class='ocrx_word' id='word_1_659' title='bbox 2938 3440 3063 3511; x_wconf 87' lang='lat' dir='ltr'><strong>Ipse</strong></span> <span class='ocrx_word' id='word_1_660' title='bbox 3107 3438 3350 3508; x_wconf 89' lang='lat' dir='ltr'><strong>denique</strong></span> <span class='ocrx_word' id='word_1_661' title='bbox 3366 3446 3452 3493; x_wconf 89' lang='lat' dir='ltr'><strong>est</strong></span> <span class='ocrx_word' id='word_1_662' title='bbox 3476 3435 3629 3507; x_wconf 78' lang='lat' dir='ltr'><strong>virga</strong></span> 
     </span>
    </p>
   </div>
   <div class='ocr_carea' id='block_1_82' title="bbox 2031 3531 3631 3613">
    <p class='ocr_par' dir='ltr' id='par_1_82' title="bbox 2031 3531 3631 3613">
     <span class='ocr_line' id='line_1_82' title="bbox 2031 3531 3631 3613; baseline -0.009 -14"><span class='ocrx_word' id='word_1_663' title='bbox 2031 3546 2256 3610; x_wconf 86' lang='lat' dir='ltr'><strong>Aaron;</strong></span> <span class='ocrx_word' id='word_1_664' title='bbox 2285 3557 2409 3613; x_wconf 70' lang='lat' dir='ltr'><strong>qua:</strong></span> <span class='ocrx_word' id='word_1_665' title='bbox 2432 3539 2603 3595; x_wconf 87' lang='lat' dir='ltr'><strong>habet</strong></span> <span class='ocrx_word' id='word_1_666' title='bbox 2630 3538 2815 3593; x_wconf 90' lang='lat' dir='ltr'><strong>locum</strong></span> <span class='ocrx_word' id='word_1_667' title='bbox 2849 3535 2907 3590; x_wconf 89' lang='lat' dir='ltr'><strong>in</strong></span> <span class='ocrx_word' id='word_1_668' title='bbox 2941 3534 3136 3590; x_wconf 79' lang='lat' dir='ltr'><strong>divino</strong></span> <span class='ocrx_word' id='word_1_669' title='bbox 3160 3531 3426 3597; x_wconf 87' lang='lat' dir='ltr'><strong>tentorio,</strong></span> <span class='ocrx_word' id='word_1_670' title='bbox 3464 3540 3631 3600; x_wconf 87' lang='lat' dir='ltr'><strong>atque</strong></span> 
     </span>
    </p>
   </div>
   <div class='ocr_carea' id='block_1_83' title="bbox 2030 3624 3632 3697">
    <p class='ocr_par' dir='ltr' id='par_1_83' title="bbox 2030 3624 3632 3697">
     <span class='ocr_line' id='line_1_83' title="bbox 2030 3624 3632 3697; baseline -0.008 -6"><span class='ocrx_word' id='word_1_671' title='bbox 2030 3636 2087 3691; x_wconf 89' lang='lat' dir='ltr'><strong>in</strong></span> <span class='ocrx_word' id='word_1_672' title='bbox 2115 3634 2318 3691; x_wconf 85' lang='lat' dir='ltr'><strong>Sancta</strong></span> <span class='ocrx_word' id='word_1_673' title='bbox 2344 3640 2669 3689; x_wconf 84' lang='lat' dir='ltr'><strong>sanctorum</strong></span> <span class='ocrx_word' id='word_1_674' title='bbox 2701 3630 2853 3684; x_wconf 89' lang='lat' dir='ltr'><strong>illata</strong></span> <span class='ocrx_word' id='word_1_675' title='bbox 2891 3634 3001 3693; x_wconf 88' lang='lat' dir='ltr'><strong>est,</strong></span> <span class='ocrx_word' id='word_1_676' title='bbox 3033 3642 3157 3697; x_wconf 87' lang='lat' dir='ltr'><strong>quae</strong></span> <span class='ocrx_word' id='word_1_677' title='bbox 3200 3624 3434 3697; x_wconf 86' lang='lat' dir='ltr'><strong>protulit</strong></span> <span class='ocrx_word' id='word_1_678' title='bbox 3458 3638 3632 3680; x_wconf 78' lang='lat' dir='ltr'><strong>nuces</strong></span> 
     </span>
    </p>
   </div>
   <div class='ocr_carea' id='block_1_84' title="bbox 2030 3712 3628 3799">
    <p class='ocr_par' dir='ltr' id='par_1_84' title="bbox 2030 3712 3628 3799">
     <span class='ocr_line' id='line_1_84' title="bbox 2030 3712 3628 3799; baseline -0.01 -16"><span class='ocrx_word' id='word_1_679' title='bbox 2030 3725 2430 3799; x_wconf 80' lang='lat' dir='ltr'><strong>amygdalinas,</strong></span> <span class='ocrx_word' id='word_1_680' title='bbox 2458 3730 2515 3777; x_wconf 89' lang='lat' dir='ltr'><strong>et</strong></span> <span class='ocrx_word' id='word_1_681' title='bbox 2545 3730 2632 3777; x_wconf 91' lang='lat' dir='ltr'><strong>est</strong></span> <span class='ocrx_word' id='word_1_682' title='bbox 2688 3717 3121 3775; x_wconf 87' lang='lat' dir='ltr'><strong>resurrectionis</strong></span> <span class='ocrx_word' id='word_1_683' title='bbox 3153 3715 3487 3788; x_wconf 75' lang='lat' dir='ltr'><strong>symbolum.</strong></span> <span class='ocrx_word' id='word_1_684' title='bbox 3520 3712 3628 3768; x_wconf 73' lang='lat' dir='ltr'><strong>Hu-</strong></span> 
     </span>
    </p>
   </div>
   <div class='ocr_carea' id='block_1_85' title="bbox 2026 3807 3631 3896">
    <p class='ocr_par' dir='ltr' id='par_1_85' title="bbox 2026 3807 3631 3896">
     <span class='ocr_line' id='line_1_85' title="bbox 2026 3807 3631 3896; baseline -0.011 -19"><span class='ocrx_word' id='word_1_685' title='bbox 2026 3824 2120 3896; x_wconf 83' lang='lat' dir='ltr'><strong>jus</strong></span> <span class='ocrx_word' id='word_1_686' title='bbox 2143 3821 2292 3878; x_wconf 90' lang='lat' dir='ltr'><strong>enim</strong></span> <span class='ocrx_word' id='word_1_687' title='bbox 2317 3817 2538 3874; x_wconf 88' lang='lat' dir='ltr'><strong>arboris</strong></span> <span class='ocrx_word' id='word_1_688' title='bbox 2562 3816 2774 3887; x_wconf 88' lang='lat' dir='ltr'><strong>lignum</strong></span> <span class='ocrx_word' id='word_1_689' title='bbox 2798 3827 3059 3869; x_wconf 87' lang='lat' dir='ltr'><strong>somnum</strong></span> <span class='ocrx_word' id='word_1_690' title='bbox 3085 3819 3261 3876; x_wconf 90' lang='lat' dir='ltr'><strong>arcet,</strong></span> <span class='ocrx_word' id='word_1_691' title='bbox 3303 3808 3523 3880; x_wconf 81' lang='lat' dir='ltr'><strong>vigilias</strong></span> <span class='ocrx_word' id='word_1_692' title='bbox 3545 3807 3631 3861; x_wconf 80' lang='lat' dir='ltr'><strong>ef-</strong></span> 
     </span>
    </p>
   </div>
   <div class='ocr_carea' id='block_1_86' title="bbox 2031 3899 3633 3975">
    <p class='ocr_par' dir='ltr' id='par_1_86' title="bbox 2031 3899 3633 3975">
     <span class='ocr_line' id='line_1_86' title="bbox 2031 3899 3633 3975; baseline -0.01 -6"><span class='ocrx_word' id='word_1_693' title='bbox 2031 3914 2248 3970; x_wconf 80' lang='lat' dir='ltr'><strong>ﬁciens.</strong></span> <span class='ocrx_word' id='word_1_694' title='bbox 2272 3912 2420 3967; x_wconf 85' lang='lat' dir='ltr'><strong>Resu</strong></span> <span class='ocrx_word' id='word_1_695' title='bbox 2428 3904 2726 3964; x_wconf 88' lang='lat' dir='ltr'><strong>rrectionis</strong></span> <span class='ocrx_word' id='word_1_696' title='bbox 2741 3921 2808 3960; x_wconf 92' lang='lat' dir='ltr'><strong>au</strong></span> <span class='ocrx_word' id='word_1_697' title='bbox 2816 3914 2927 3961; x_wconf 86' lang='lat' dir='ltr'><strong>tem</strong></span> <span class='ocrx_word' id='word_1_698' title='bbox 2944 3902 3274 3975; x_wconf 77' lang='lat' dir='ltr'><strong>mysterium</strong></span> <span class='ocrx_word' id='word_1_699' title='bbox 3297 3901 3355 3956; x_wconf 90' lang='lat' dir='ltr'><strong>in</strong></span> <span class='ocrx_word' id='word_1_700' title='bbox 3370 3899 3633 3956; x_wconf 84' lang='lat' dir='ltr'><strong>Ecclesiis</strong></span> 
     </span>
    </p>
   </div>
   <div class='ocr_carea' id='block_1_87' title="bbox 2032 3988 3631 4077">
    <p class='ocr_par' dir='ltr' id='par_1_87' title="bbox 2032 3988 3631 4077">
     <span class='ocr_line' id='line_1_87' title="bbox 2032 3988 3631 4077; baseline -0.013 -16"><span class='ocrx_word' id='word_1_701' title='bbox 2032 4006 2131 4061; x_wconf 85' lang='lat' dir='ltr'><strong>Dei</strong></span> <span class='ocrx_word' id='word_1_702' title='bbox 2157 3998 2779 4077; x_wconf 74' lang='lat' dir='ltr'><strong>gloriosumadmodum</strong></span> <span class='ocrx_word' id='word_1_703' title='bbox 2806 4004 2911 4052; x_wconf 87' lang='lat' dir='ltr'><strong>est.</strong></span> <span class='ocrx_word' id='word_1_704' title='bbox 2945 3993 3192 4065; x_wconf 88' lang='lat' dir='ltr'><strong>Ideoque</strong></span> <span class='ocrx_word' id='word_1_705' title='bbox 3221 3992 3415 4047; x_wconf 84' lang='lat' dir='ltr'><strong>beatus</strong></span> <span class='ocrx_word' id='word_1_706' title='bbox 3438 3988 3631 4061; x_wconf 76' lang='lat' dir='ltr'><strong>Jacob,</strong></span> 
     </span>
    </p>
   </div>
   <div class='ocr_carea' id='block_1_88' title="bbox 2035 4086 3633 4168">
    <p class='ocr_par' dir='ltr' id='par_1_88' title="bbox 2035 4086 3633 4168">
     <span class='ocr_line' id='line_1_88' title="bbox 2035 4086 3633 4168; baseline -0.013 -13"><span class='ocrx_word' id='word_1_707' title='bbox 2035 4115 2163 4156; x_wconf 90' lang='lat' dir='ltr'><strong>cum</strong></span> <span class='ocrx_word' id='word_1_708' title='bbox 2191 4099 2374 4168; x_wconf 89' lang='lat' dir='ltr'><strong>ipsum</strong></span> <span class='ocrx_word' id='word_1_709' title='bbox 2400 4092 2747 4149; x_wconf 85' lang='lat' dir='ltr'><strong>nominasset</strong></span> <span class='ocrx_word' id='word_1_710' title='bbox 2773 4103 3010 4162; x_wconf 76' lang='lat' dir='ltr'><strong>germen,</strong></span> <span class='ocrx_word' id='word_1_711' title='bbox 3028 4086 3215 4143; x_wconf 87' lang='lat' dir='ltr'><strong>statim</strong></span> <span class='ocrx_word' id='word_1_712' title='bbox 3237 4090 3633 4141; x_wconf 83' lang='lat' dir='ltr'><strong>commemorat</strong></span> 
     </span>
    </p>
   </div>
   <div class='ocr_carea' id='block_1_89' title="bbox 2033 4179 3631 4257">
    <p class='ocr_par' dir='ltr' id='par_1_89' title="bbox 2033 4179 3631 4257">
     <span class='ocr_line' id='line_1_89' title="bbox 2033 4179 3631 4257; baseline -0.015 -7"><span class='ocrx_word' id='word_1_713' title='bbox 2033 4202 2239 4250; x_wconf 87' lang='lat' dir='ltr'><strong>statum</strong></span> <span class='ocrx_word' id='word_1_714' title='bbox 2288 4203 2480 4245; x_wconf 87' lang='lat' dir='ltr'><strong>rerum</strong></span> <span class='ocrx_word' id='word_1_715' title='bbox 2522 4186 2619 4257; x_wconf 84' lang='lat' dir='ltr'><strong>qui</strong></span> <span class='ocrx_word' id='word_1_716' title='bbox 2676 4183 2782 4240; x_wconf 89' lang='lat' dir='ltr'><strong>sub</strong></span> <span class='ocrx_word' id='word_1_717' title='bbox 2812 4183 2978 4236; x_wconf 83' lang='lat' dir='ltr'><strong>ﬁnem</strong></span> <span class='ocrx_word' id='word_1_718' title='bbox 3006 4179 3230 4234; x_wconf 89' lang='lat' dir='ltr'><strong>futurus</strong></span> <span class='ocrx_word' id='word_1_719' title='bbox 3270 4185 3415 4241; x_wconf 88' lang='lat' dir='ltr'><strong>erat,</strong></span> <span class='ocrx_word' id='word_1_720' title='bbox 3465 4185 3631 4244; x_wconf 81' lang='lat' dir='ltr'><strong>atque</strong></span> 
     </span>
    </p>
   </div>
   <div class='ocr_carea' id='block_1_90' title="bbox 2035 4266 3631 4341">
    <p class='ocr_par' dir='ltr' id='par_1_90' title="bbox 2035 4266 3631 4341">
     <span class='ocr_line' id='line_1_90' title="bbox 2035 4266 3631 4341; baseline -0.017 0"><span class='ocrx_word' id='word_1_721' title='bbox 2035 4286 2114 4341; x_wconf 87' lang='lat' dir='ltr'><strong>ait</strong></span> <span class='ocrx_word' id='word_1_722' title='bbox 2152 4304 2166 4339; x_wconf 90' lang='lat'><strong>:</strong></span> <span class='ocrx_word' id='word_1_723' title='bbox 2214 4302 2233 4335; x_wconf 78' lang='grc' dir='ltr'><strong>ι</strong></span> <span class='ocrx_word' id='word_1_724' title='bbox 2279 4279 2635 4337; x_wconf 86' lang='lat' dir='ltr'><strong>Recumbens</strong></span> <span class='ocrx_word' id='word_1_725' title='bbox 2678 4271 2996 4332; x_wconf 72' lang='lat' dir='ltr'><strong>dormivisti</strong></span> <span class='ocrx_word' id='word_1_726' title='bbox 3049 4278 3110 4325; x_wconf 90' lang='lat' dir='ltr'><strong>ut</strong></span> <span class='ocrx_word' id='word_1_727' title='bbox 3151 4270 3273 4335; x_wconf 83' lang='lat' dir='ltr'><strong>leo;</strong></span> <span class='ocrx_word' id='word_1_728' title='bbox 3322 4287 3342 4318; x_wconf 72' lang='grc' dir='ltr'><strong>ι</strong></span> <span class='ocrx_word' id='word_1_729' title='bbox 3385 4266 3493 4320; x_wconf 82' lang='lat' dir='ltr'><strong>hoc</strong></span> <span class='ocrx_word' id='word_1_730' title='bbox 3525 4272 3631 4325; x_wconf 87' lang='lat' dir='ltr'><strong>est,</strong></span> 
     </span>
    </p>
   </div>
   <div class='ocr_carea' id='block_1_91' title="bbox 2037 4352 3711 4447">
    <p class='ocr_par' dir='ltr' id='par_1_91' title="bbox 2037 4352 3711 4447">
     <span class='ocr_line' id='line_1_91' title="bbox 2037 4352 3711 4447; baseline -0.017 -12"><span class='ocrx_word' id='word_1_731' title='bbox 2037 4394 2149 4434; x_wconf 89' lang='lat' dir='ltr'><strong>non</strong></span> <span class='ocrx_word' id='word_1_732' title='bbox 2184 4384 2386 4447; x_wconf 78' lang='lat' dir='ltr'><strong>praeter</strong></span> <span class='ocrx_word' id='word_1_733' title='bbox 2426 4373 2774 4427; x_wconf 74' lang='lat' dir='ltr'><strong>voluntatem</strong></span> <span class='ocrx_word' id='word_1_734' title='bbox 2822 4362 3144 4422; x_wconf 88' lang='lat' dir='ltr'><strong>sustinuisti</strong></span> <span class='ocrx_word' id='word_1_735' title='bbox 3196 4368 3456 4423; x_wconf 85' lang='lat' dir='ltr'><strong>mortem,</strong></span> <span class='ocrx_word' id='word_1_736' title='bbox 3511 4355 3631 4415; x_wconf 85' lang='lat' dir='ltr'><strong>sed.</strong></span> <span class='ocrx_word' id='word_1_737' title='bbox 3707 4352 3711 4357; x_wconf 76' lang='grc'>’</span> 
     </span>
    </p>
   </div>
   <div class='ocr_carea' id='block_1_92' title="bbox 2034 4455 3628 4529">
    <p class='ocr_par' dir='ltr' id='par_1_92' title="bbox 2034 4455 3628 4529">
     <span class='ocr_line' id='line_1_92' title="bbox 2034 4455 3628 4529; baseline -0.016 -4"><span class='ocrx_word' id='word_1_738' title='bbox 2034 4467 2250 4525; x_wconf 87' lang='lat' dir='ltr'><strong>etiamsi</strong></span> <span class='ocrx_word' id='word_1_739' title='bbox 2274 4464 2536 4522; x_wconf 90' lang='lat' dir='ltr'><strong>omnibus</strong></span> <span class='ocrx_word' id='word_1_740' title='bbox 2556 4469 2620 4516; x_wconf 91' lang='lat' dir='ltr'><strong>ut</strong></span> <span class='ocrx_word' id='word_1_741' title='bbox 2647 4462 2736 4515; x_wconf 91' lang='lat' dir='ltr'><strong>lco</strong></span> <span class='ocrx_word' id='word_1_742' title='bbox 2763 4460 3041 4529; x_wconf 77' lang='lat' dir='ltr'><strong>pavorem</strong></span> <span class='ocrx_word' id='word_1_743' title='bbox 3076 4455 3326 4509; x_wconf 88' lang='lat' dir='ltr'><strong>incutere</strong></span> <span class='ocrx_word' id='word_1_744' title='bbox 3372 4455 3551 4520; x_wconf 88' lang='lat' dir='ltr'><strong>potes,</strong></span> <span class='ocrx_word' id='word_1_745' title='bbox 3575 4456 3628 4501; x_wconf 88' lang='lat' dir='ltr'><strong>et</strong></span> 
     </span>
    </p>
   </div>
   <div class='ocr_carea' id='block_1_93' title="bbox 2036 4541 3632 4620">
    <p class='ocr_par' dir='ltr' id='par_1_93' title="bbox 2036 4541 3632 4620">
     <span class='ocr_line' id='line_1_93' title="bbox 2036 4541 3632 4620; baseline -0.014 -2"><span class='ocrx_word' id='word_1_746' title='bbox 2036 4568 2365 4618; x_wconf 82' lang='lat' dir='ltr'><strong>venatorum</strong></span> <span class='ocrx_word' id='word_1_747' title='bbox 2391 4568 2590 4611; x_wconf 87' lang='lat' dir='ltr'><strong>manus</strong></span> <span class='ocrx_word' id='word_1_748' title='bbox 2612 4550 3020 4620; x_wconf 81' lang='lat' dir='ltr'><strong>subterfugere,</strong></span> <span class='ocrx_word' id='word_1_749' title='bbox 3047 4556 3144 4602; x_wconf 86' lang='lat' dir='ltr'><strong>tua</strong></span> <span class='ocrx_word' id='word_1_750' title='bbox 3163 4552 3362 4615; x_wconf 87' lang='lat' dir='ltr'><strong>sponte</strong></span> <span class='ocrx_word' id='word_1_751' title='bbox 3412 4551 3467 4599; x_wconf 87' lang='lat' dir='ltr'><strong>te</strong></span> <span class='ocrx_word' id='word_1_752' title='bbox 3497 4541 3632 4597; x_wconf 88' lang='lat' dir='ltr'><strong>sub-</strong></span> 
     </span>
    </p>
   </div>
   <div class='ocr_carea' id='block_1_94' title="bbox 322 4633 1926 4747">
    <p class='ocr_par' dir='ltr' id='par_1_94' title="bbox 322 4633 1926 4747">
     <span class='ocr_line' id='line_1_94' title="bbox 322 4633 1926 4747; baseline -0.014 -15"><span class='ocrx_word' id='word_1_753' title='bbox 322 4633 571 4747; x_wconf 74' lang='grc' dir='ltr'>πτοῆσαι</span> <span class='ocrx_word' id='word_1_754' title='bbox 599 4670 926 4744; x_wconf 81' lang='grc' dir='ltr'>δυνάμενος,</span> <span class='ocrx_word' id='word_1_755' title='bbox 942 4667 1041 4721; x_wconf 68' lang='grc' dir='ltr'>καὶ</span> <span class='ocrx_word' id='word_1_756' title='bbox 1070 4664 1174 4735; x_wconf 79' lang='grc' dir='ltr'>τῆς</span> <span class='ocrx_word' id='word_1_757' title='bbox 1199 4661 1309 4717; x_wconf 82' lang='grc' dir='ltr'>τῶν</span> <span class='ocrx_word' id='word_1_758' title='bbox 1333 4660 1680 4735; x_wconf 82' lang='grc' dir='ltr'>θηρευόντων</span> <span class='ocrx_word' id='word_1_759' title='bbox 1711 4655 1926 4712; x_wconf 80' lang='grc' dir='ltr'>ἐκδῦναι</span> 
     </span>
    </p>
   </div>
   <div class='ocr_carea' id='block_1_95' title="bbox 2030 4633 3632 4747">
    <p class='ocr_par' dir='ltr' id='par_1_95' title="bbox 2041 4633 3632 4720">
     <span class='ocr_line' id='line_1_95' title="bbox 2041 4633 3632 4720; baseline -0.014 -10"><span class='ocrx_word' id='word_1_760' title='bbox 2041 4652 2277 4709; x_wconf 89' lang='lat' dir='ltr'><strong>misisti:</strong></span> <span class='ocrx_word' id='word_1_761' title='bbox 2305 4663 2488 4720; x_wconf 89' lang='lat' dir='ltr'><strong>neque</strong></span> <span class='ocrx_word' id='word_1_762' title='bbox 2503 4654 2567 4702; x_wconf 89' lang='lat' dir='ltr'><strong>ut</strong></span> <span class='ocrx_word' id='word_1_763' title='bbox 2588 4645 2627 4700; x_wconf 92' lang='lat' dir='ltr'><strong>ii</strong></span> <span class='ocrx_word' id='word_1_764' title='bbox 2651 4644 2747 4716; x_wconf 94' lang='lat' dir='ltr'><strong>qui</strong></span> <span class='ocrx_word' id='word_1_765' title='bbox 2771 4650 2827 4699; x_wconf 87' lang='lat' dir='ltr'><strong>te</strong></span> <span class='ocrx_word' id='word_1_766' title='bbox 2855 4639 3255 4698; x_wconf 78' lang='lat' dir='ltr'><strong>crucifixerunt</strong></span> <span class='ocrx_word' id='word_1_767' title='bbox 3293 4633 3632 4708; x_wconf 82' lang='lat' dir='ltr'><strong>cogitabant,</strong></span> 
     </span>
    </p>
   </div>
   <div class='ocr_carea' id='block_1_96' title="bbox 322 4758 1937 4852">
    <p class='ocr_par' dir='ltr' id='par_1_96' title="bbox 322 4758 1937 4852">
     <span class='ocr_line' id='line_1_96' title="bbox 322 4758 1937 4852; baseline -0.014 -20"><span class='ocrx_word' id='word_1_768' title='bbox 322 4777 536 4852; x_wconf 78' lang='grc' dir='ltr'>χειρὸς,</span> <span class='ocrx_word' id='word_1_769' title='bbox 570 4770 859 4842; x_wconf 67' lang='grc' dir='ltr'>ἐθελοντὴς</span> <span class='ocrx_word' id='word_1_770' title='bbox 898 4767 1214 4837; x_wconf 85' lang='grc' dir='ltr'>ἀνεκλίθης,</span> <span class='ocrx_word' id='word_1_771' title='bbox 1247 4763 1343 4820; x_wconf 70' lang='grc' dir='ltr'>καὶ</span> <span class='ocrx_word' id='word_1_772' title='bbox 1367 4763 1448 4828; x_wconf 85' lang='grc' dir='ltr'><strong>οὐ,</strong></span> <span class='ocrx_word' id='word_1_773' title='bbox 1476 4760 1732 4831; x_wconf 79' lang='grc' dir='ltr'>καθάπερ</span> <span class='ocrx_word' id='word_1_774' title='bbox 1753 4758 1937 4833; x_wconf 82' lang='grc' dir='ltr'>ᾠήθη-</span> 
     </span>
    </p>
   </div>
   <div class='ocr_carea' id='block_1_97' title="bbox 300 4860 1937 4948">
    <p class='ocr_par' dir='ltr' id='par_1_97' title="bbox 300 4860 1937 4948">
     <span class='ocr_line' id='line_1_97' title="bbox 300 4860 1937 4948; baseline -0.015 -9"><span class='ocrx_word' id='word_1_775' title='bbox 300 4880 429 4939; x_wconf 80' lang='grc' dir='ltr'>”σαν</span> <span class='ocrx_word' id='word_1_776' title='bbox 489 4881 541 4935; x_wconf 75' lang='lat' dir='ltr'><strong>oi</strong></span> <span class='ocrx_word' id='word_1_777' title='bbox 588 4874 863 4948; x_wconf 81' lang='grc' dir='ltr'>σταυροῦν</span> <span class='ocrx_word' id='word_1_778' title='bbox 887 4871 1181 4946; x_wconf 69' lang='grc' dir='ltr'>ᾑρημένοι,</span> <span class='ocrx_word' id='word_1_779' title='bbox 1226 4868 1446 4940; x_wconf 84' lang='grc' dir='ltr'>θανάτῳ</span> <span class='ocrx_word' id='word_1_780' title='bbox 1498 4860 1937 4936; x_wconf 85' lang='grc' dir='ltr'>κατισχημένος,</span> 
     </span>
    </p>
   </div>
   <div class='ocr_carea' id='block_1_98' title="bbox 326 4963 1934 5049">
    <p class='ocr_par' dir='ltr' id='par_1_98' title="bbox 326 4963 1934 5049">
     <span class='ocr_line' id='line_1_98' title="bbox 326 4963 1934 5049; baseline -0.012 -11"><span class='ocrx_word' id='word_1_781' title='bbox 326 4982 445 5039; x_wconf 83' lang='grc' dir='ltr'>ἀλλ’</span> <span class='ocrx_word' id='word_1_782' title='bbox 487 4974 606 5034; x_wconf 77' lang='grc' dir='ltr'>οἷον</span> <span class='ocrx_word' id='word_1_783' title='bbox 637 4976 794 5049; x_wconf 77' lang='grc' dir='ltr'><strong>ὕπνῳ</strong></span> <span class='ocrx_word' id='word_1_784' title='bbox 816 4973 1199 5048; x_wconf 60' lang='grc' dir='ltr'>χρησάμενος,</span> <span class='ocrx_word' id='word_1_785' title='bbox 1238 4969 1335 5025; x_wconf 77' lang='grc' dir='ltr'><strong>καὶ</strong></span> <span class='ocrx_word' id='word_1_786' title='bbox 1374 4966 1706 5039; x_wconf 84' lang='grc' dir='ltr'>καταμύσας</span> <span class='ocrx_word' id='word_1_787' title='bbox 1734 4963 1934 5039; x_wconf 84' lang='grc' dir='ltr'>βραχύ.</span> 
     </span>
    </p>
   </div>
   <div class='ocr_carea' id='block_1_99' title="bbox 328 5064 1941 5150">
    <p class='ocr_par' dir='ltr' id='par_1_99' title="bbox 328 5064 1941 5150">
     <span class='ocr_line' id='line_1_99' title="bbox 328 5064 1941 5150; baseline -0.015 -9"><span class='ocrx_word' id='word_1_788' title='bbox 328 5085 427 5150; x_wconf 80' lang='grc' dir='ltr'>Τίς</span> <span class='ocrx_word' id='word_1_789' title='bbox 446 5078 547 5138; x_wconf 85' lang='grc' dir='ltr'><strong>οὖν</strong></span> <span class='ocrx_word' id='word_1_790' title='bbox 564 5078 732 5136; x_wconf 73' lang='grc' dir='ltr'>αὐτὸν</span> <span class='ocrx_word' id='word_1_791' title='bbox 751 5077 969 5148; x_wconf 49' lang='lat' dir='ltr'><strong>Erepsi;</strong></span> <span class='ocrx_word' id='word_1_792' title='bbox 988 5070 1146 5145; x_wconf 81' lang='grc' dir='ltr'>φησί.</span> <span class='ocrx_word' id='word_1_793' title='bbox 1174 5071 1406 5142; x_wconf 86' lang='grc' dir='ltr'>Ὅμοιον</span> <span class='ocrx_word' id='word_1_794' title='bbox 1436 5068 1511 5132; x_wconf 83' lang='grc' dir='ltr'>ὡς</span> <span class='ocrx_word' id='word_1_795' title='bbox 1540 5068 1591 5120; x_wconf 85' lang='grc' dir='ltr'><strong>εί</strong></span> <span class='ocrx_word' id='word_1_796' title='bbox 1616 5064 1787 5135; x_wconf 79' lang='grc' dir='ltr'>λέγοι,</span> <span class='ocrx_word' id='word_1_797' title='bbox 1807 5082 1941 5121; x_wconf 77' lang='grc' dir='ltr'>κατ-</span> 
     </span>
    </p>
   </div>
   <div class='ocr_carea' id='block_1_100' title="bbox 329 5170 1942 5262">
    <p class='ocr_par' dir='ltr' id='par_1_100' title="bbox 329 5170 1942 5262">
     <span class='ocr_line' id='line_1_100' title="bbox 329 5170 1942 5262; baseline -0.017 -14"><span class='ocrx_word' id='word_1_798' title='bbox 329 5190 525 5262; x_wconf 79' lang='grc' dir='ltr'>εκλίθη</span> <span class='ocrx_word' id='word_1_799' title='bbox 566 5186 668 5261; x_wconf 75' lang='grc' dir='ltr'>μὲν</span> <span class='ocrx_word' id='word_1_800' title='bbox 703 5180 871 5248; x_wconf 74' lang='grc' dir='ltr'>ἑκὼν,</span> <span class='ocrx_word' id='word_1_801' title='bbox 902 5177 1043 5250; x_wconf 77' lang='grc' dir='ltr'>πλὴν</span> <span class='ocrx_word' id='word_1_802' title='bbox 1067 5175 1129 5229; x_wconf 83' lang='grc' dir='ltr'><strong>οὐ</strong></span> <span class='ocrx_word' id='word_1_803' title='bbox 1162 5175 1263 5245; x_wconf 74' lang='grc' dir='ltr'><strong>τῆς</strong></span> <span class='ocrx_word' id='word_1_804' title='bbox 1293 5170 1426 5244; x_wconf 84' lang='grc' dir='ltr'>παρ’</span> <span class='ocrx_word' id='word_1_805' title='bbox 1452 5170 1643 5243; x_wconf 77' lang='grc' dir='ltr'>ἑτέρου</span> <span class='ocrx_word' id='word_1_806' title='bbox 1684 5170 1942 5242; x_wconf 81' lang='grc' dir='ltr'>δεήσεται</span> 
     </span>
    </p>
   </div>
   <div class='ocr_carea' id='block_1_101' title="bbox 334 5271 1943 5364">
    <p class='ocr_par' dir='ltr' id='par_1_101' title="bbox 334 5271 1943 5364">
     <span class='ocr_line' id='line_1_101' title="bbox 334 5271 1943 5364; baseline -0.016 -16"><span class='ocrx_word' id='word_1_807' title='bbox 334 5287 637 5364; x_wconf 78' lang='grc' dir='ltr'>συνεργίας</span> <span class='ocrx_word' id='word_1_808' title='bbox 681 5285 766 5350; x_wconf 74' lang='grc' dir='ltr'>εις</span> <span class='ocrx_word' id='word_1_809' title='bbox 793 5282 1118 5339; x_wconf 81' lang='grc' dir='ltr'>ἀνάστασιν.</span> <span class='ocrx_word' id='word_1_810' title='bbox 1171 5272 1467 5344; x_wconf 80' lang='grc' dir='ltr'>Παναλκὴς</span> <span class='ocrx_word' id='word_1_811' title='bbox 1507 5272 1619 5345; x_wconf 84' lang='grc' dir='ltr'>γὰρ</span> <span class='ocrx_word' id='word_1_812' title='bbox 1660 5271 1825 5335; x_wconf 82' lang='grc' dir='ltr'>αὐτὸς</span> <span class='ocrx_word' id='word_1_813' title='bbox 1868 5271 1943 5336; x_wconf 85' lang='grc' dir='ltr'>ὡς</span> 
     </span>
    </p>
   </div>
   <div class='ocr_carea' id='block_1_102' title="bbox 331 5370 1945 5462">
    <p class='ocr_par' dir='ltr' id='par_1_102' title="bbox 331 5370 1945 5462">
     <span class='ocr_line' id='line_1_102' title="bbox 331 5370 1945 5462; baseline -0.014 -17"><span class='ocrx_word' id='word_1_814' title='bbox 331 5392 570 5462; x_wconf 86' lang='grc' dir='ltr'>δύναμις</span> <span class='ocrx_word' id='word_1_815' title='bbox 603 5385 701 5441; x_wconf 74' lang='grc' dir='ltr'>τοῦ</span> <span class='ocrx_word' id='word_1_816' title='bbox 742 5383 962 5456; x_wconf 77' lang='grc' dir='ltr'>Πατρός</span> <span class='ocrx_word' id='word_1_817' title='bbox 980 5401 992 5413; x_wconf 88' lang='grc'><strong>·</strong></span> <span class='ocrx_word' id='word_1_818' title='bbox 1031 5383 1129 5437; x_wconf 78' lang='grc' dir='ltr'>καὶ</span> <span class='ocrx_word' id='word_1_819' title='bbox 1157 5380 1262 5435; x_wconf 82' lang='grc' dir='ltr'><strong>οὐκ</strong></span> <span class='ocrx_word' id='word_1_820' title='bbox 1287 5374 1566 5440; x_wconf 83' lang='grc' dir='ltr'>ἀνικάνως</span> <span class='ocrx_word' id='word_1_821' title='bbox 1592 5372 1756 5446; x_wconf 70' lang='grc' dir='ltr'>ἔχων,</span> <span class='ocrx_word' id='word_1_822' title='bbox 1779 5370 1860 5437; x_wconf 79' lang='grc' dir='ltr'><strong>είς</strong></span> <span class='ocrx_word' id='word_1_823' title='bbox 1881 5387 1945 5440; x_wconf 85' lang='grc' dir='ltr'><strong>γε</strong></span> 
     </span>
    </p>
   </div>
   <div class='ocr_carea' id='block_1_103' title="bbox 335 5472 1945 5559">
    <p class='ocr_par' dir='ltr' id='par_1_103' title="bbox 335 5472 1945 5559">
     <span class='ocr_line' id='line_1_103' title="bbox 335 5472 1945 5559; baseline -0.014 -12"><span class='ocrx_word' id='word_1_824' title='bbox 335 5493 397 5547; x_wconf 79' lang='grc' dir='ltr'>τὸ</span> <span class='ocrx_word' id='word_1_825' title='bbox 414 5489 711 5558; x_wconf 83' lang='grc' dir='ltr'>δύνασθαι,</span> <span class='ocrx_word' id='word_1_826' title='bbox 737 5488 836 5545; x_wconf 69' lang='grc' dir='ltr'><strong>καὶ</strong></span> <span class='ocrx_word' id='word_1_827' title='bbox 856 5485 1006 5559; x_wconf 76' lang='grc' dir='ltr'>μάλα</span> <span class='ocrx_word' id='word_1_828' title='bbox 1025 5482 1248 5557; x_wconf 71' lang='grc' dir='ltr'>ῥαδίως,</span> <span class='ocrx_word' id='word_1_829' title='bbox 1267 5479 1360 5534; x_wconf 81' lang='grc' dir='ltr'>τὸν</span> <span class='ocrx_word' id='word_1_830' title='bbox 1379 5474 1576 5533; x_wconf 72' lang='grc' dir='ltr'>ἑαυτοῦ</span> <span class='ocrx_word' id='word_1_831' title='bbox 1607 5472 1945 5545; x_wconf 76' lang='grc' dir='ltr'>ζωοποιῆσαι</span> 
     </span>
    </p>
   </div>
   <div class='ocr_carea' id='block_1_104' title="bbox 337 5575 1944 5658">
    <p class='ocr_par' dir='ltr' id='par_1_104' title="bbox 337 5575 1944 5658">
     <span class='ocr_line' id='line_1_104' title="bbox 337 5575 1944 5658; baseline -0.012 -10"><span class='ocrx_word' id='word_1_832' title='bbox 337 5595 491 5649; x_wconf 73' lang='grc' dir='ltr'>ναόν.</span> <span class='ocrx_word' id='word_1_833' title='bbox 541 5593 718 5650; x_wconf 74' lang='grc' dir='ltr'>Τοῦτό</span> <span class='ocrx_word' id='word_1_834' title='bbox 753 5610 839 5648; x_wconf 86' lang='grc' dir='ltr'><strong>τοι</strong></span> <span class='ocrx_word' id='word_1_835' title='bbox 871 5591 967 5647; x_wconf 79' lang='grc' dir='ltr'>καὶ</span> <span class='ocrx_word' id='word_1_836' title='bbox 999 5587 1239 5658; x_wconf 69' lang='grc' dir='ltr'>ἔφασκεν</span> <span class='ocrx_word' id='word_1_837' title='bbox 1287 5581 1563 5646; x_wconf 82' lang='grc' dir='ltr'>Ἰουδαίοις</span> <span class='ocrx_word' id='word_1_838' title='bbox 1598 5575 1944 5652; x_wconf 62' lang='grc' dir='ltr'>προσλαλῶν</span> 
     </span>
    </p>
   </div>
   <div class='ocr_carea' id='block_1_105' title="bbox 2043 4731 3635 4802">
    <p class='ocr_par' dir='ltr' id='par_1_105' title="bbox 2043 4731 3635 4802">
     <span class='ocr_line' id='line_1_105' title="bbox 2043 4731 3635 4802; baseline -0.013 1"><span class='ocrx_word' id='word_1_839' title='bbox 2043 4745 2242 4802; x_wconf 89' lang='lat' dir='ltr'><strong>mortis</strong></span> <span class='ocrx_word' id='word_1_840' title='bbox 2266 4741 2507 4799; x_wconf 84' lang='lat' dir='ltr'><strong>vinculis</strong></span> <span class='ocrx_word' id='word_1_841' title='bbox 2563 4739 2858 4802; x_wconf 89' lang='lat' dir='ltr'><strong>detentus;</strong></span> <span class='ocrx_word' id='word_1_842' title='bbox 2914 4732 3014 4790; x_wconf 90' lang='lat' dir='ltr'><strong>sed</strong></span> <span class='ocrx_word' id='word_1_843' title='bbox 3043 4731 3215 4789; x_wconf 80' lang='lat' dir='ltr'><strong>veluti</strong></span> <span class='ocrx_word' id='word_1_844' title='bbox 3245 4744 3442 4786; x_wconf 86' lang='lat' dir='ltr'><strong>somno</strong></span> <span class='ocrx_word' id='word_1_845' title='bbox 3481 4743 3635 4791; x_wconf 82' lang='lat' dir='ltr'><strong>usus,</strong></span> 
     </span>
    </p>
   </div>
   <div class='ocr_carea' id='block_1_106' title="bbox 2026 4818 3637 4911">
    <p class='ocr_par' dir='ltr' id='par_1_106' title="bbox 2026 4818 3637 4911">
     <span class='ocr_line' id='line_1_106' title="bbox 2026 4818 3637 4911; baseline -0.016 -14"><span class='ocrx_word' id='word_1_846' title='bbox 2026 4848 2210 4911; x_wconf 85' lang='lat' dir='ltr'><strong>atque</strong></span> <span class='ocrx_word' id='word_1_847' title='bbox 2237 4836 2438 4908; x_wconf 82' lang='lat' dir='ltr'><strong>exiguo</strong></span> <span class='ocrx_word' id='word_1_848' title='bbox 2465 4831 2735 4903; x_wconf 89' lang='lat' dir='ltr'><strong>temporis</strong></span> <span class='ocrx_word' id='word_1_849' title='bbox 2758 4826 2941 4899; x_wconf 85' lang='lat' dir='ltr'><strong>spatio</strong></span> <span class='ocrx_word' id='word_1_850' title='bbox 2986 4825 3247 4882; x_wconf 86' lang='lat' dir='ltr'><strong>occlusus</strong></span> <span class='ocrx_word' id='word_1_851' title='bbox 3275 4821 3452 4877; x_wconf 80' lang='lat' dir='ltr'><strong>fuisti.</strong></span> <span class='ocrx_word' id='word_1_852' title='bbox 3496 4818 3637 4885; x_wconf 81' lang='lat' dir='ltr'><strong>Quis</strong></span> 
     </span>
    </p>
   </div>
   <div class='ocr_carea' id='block_1_107' title="bbox 2043 4911 3635 5006">
    <p class='ocr_par' dir='ltr' id='par_1_107' title="bbox 2043 4911 3635 5006">
     <span class='ocr_line' id='line_1_107' title="bbox 2043 4911 3635 5006; baseline -0.017 -16"><span class='ocrx_word' id='word_1_853' title='bbox 2043 4934 2214 5006; x_wconf 87' lang='lat' dir='ltr'><strong>igitur</strong></span> <span class='ocrx_word' id='word_1_854' title='bbox 2240 4931 2425 5002; x_wconf 75' lang='lat' dir='ltr'><strong>ipsum</strong></span> <span class='ocrx_word' id='word_1_855' title='bbox 2447 4923 2758 4983; x_wconf 78' lang='lat' dir='ltr'><strong>excitabit?</strong></span> <span class='ocrx_word' id='word_1_856' title='bbox 2784 4921 3002 4991; x_wconf 89' lang='lat' dir='ltr'><strong>inquit;</strong></span> <span class='ocrx_word' id='word_1_857' title='bbox 3026 4917 3182 4989; x_wconf 90' lang='lat' dir='ltr'><strong>quasi</strong></span> <span class='ocrx_word' id='word_1_858' title='bbox 3223 4914 3405 4970; x_wconf 82' lang='lat' dir='ltr'><strong>dicat:</strong></span> <span class='ocrx_word' id='word_1_859' title='bbox 3455 4911 3635 4967; x_wconf 85' lang='lat' dir='ltr'><strong>Decu-</strong></span> 
     </span>
    </p>
   </div>
   <div class='ocr_carea' id='block_1_108' title="bbox 2047 5004 3627 5096">
    <p class='ocr_par' dir='ltr' id='par_1_108' title="bbox 2047 5004 3627 5096">
     <span class='ocr_line' id='line_1_108' title="bbox 2047 5004 3627 5096; baseline -0.016 -13"><span class='ocrx_word' id='word_1_860' title='bbox 2047 5004 2172 5083; x_wconf 74' lang='lat' dir='ltr'><strong>buit</strong></span> <span class='ocrx_word' id='word_1_861' title='bbox 2200 5023 2428 5096; x_wconf 90' lang='lat' dir='ltr'><strong>quidem</strong></span> <span class='ocrx_word' id='word_1_862' title='bbox 2442 5020 2657 5083; x_wconf 74' lang='lat' dir='ltr'><strong>volens,</strong></span> <span class='ocrx_word' id='word_1_863' title='bbox 2691 5017 2764 5071; x_wconf 86' lang='lat' dir='ltr'><strong>ita</strong></span> <span class='ocrx_word' id='word_1_864' title='bbox 2799 5023 2984 5069; x_wconf 85' lang='lat' dir='ltr'><strong>tamen</strong></span> <span class='ocrx_word' id='word_1_865' title='bbox 3003 5019 3065 5066; x_wconf 91' lang='lat' dir='ltr'><strong>ut</strong></span> <span class='ocrx_word' id='word_1_866' title='bbox 3100 5006 3315 5065; x_wconf 88' lang='lat' dir='ltr'><strong>nullius</strong></span> <span class='ocrx_word' id='word_1_867' title='bbox 3340 5019 3508 5075; x_wconf 90' lang='lat' dir='ltr'><strong>opera</strong></span> <span class='ocrx_word' id='word_1_868' title='bbox 3547 5004 3627 5058; x_wconf 83' lang='lat' dir='ltr'><strong>iu-</strong></span> 
     </span>
    </p>
   </div>
   <div class='ocr_carea' id='block_1_109' title="bbox 2049 5095 3636 5193">
    <p class='ocr_par' dir='ltr' id='par_1_109' title="bbox 2049 5095 3636 5193">
     <span class='ocr_line' id='line_1_109' title="bbox 2049 5095 3636 5193; baseline -0.017 -17"><span class='ocrx_word' id='word_1_869' title='bbox 2049 5118 2267 5192; x_wconf 86' lang='lat' dir='ltr'><strong>digeret</strong></span> <span class='ocrx_word' id='word_1_870' title='bbox 2287 5114 2359 5171; x_wconf 87' lang='lat' dir='ltr'><strong>ad</strong></span> <span class='ocrx_word' id='word_1_871' title='bbox 2390 5106 2797 5181; x_wconf 86' lang='lat' dir='ltr'><strong>resurgendum</strong></span> <span class='ocrx_word' id='word_1_872' title='bbox 2836 5101 3104 5193; x_wconf 24' lang='lat' dir='ltr'><strong>{quippe</strong></span> <span class='ocrx_word' id='word_1_873' title='bbox 3135 5096 3280 5193; x_wconf 59' lang='lat' dir='ltr'><strong>_qui_</strong></span> <span class='ocrx_word' id='word_1_874' title='bbox 3314 5095 3371 5150; x_wconf 91' lang='lat' dir='ltr'><strong>in</strong></span> <span class='ocrx_word' id='word_1_875' title='bbox 3394 5109 3455 5149; x_wconf 89' lang='lat' dir='ltr'><strong>se</strong></span> <span class='ocrx_word' id='word_1_876' title='bbox 3474 5109 3636 5193; x_wconf 64' lang='lat' dir='ltr'><strong>omne</strong></span> 
     </span>
    </p>
   </div>
   <div class='ocr_carea' id='block_1_110' title="bbox 2052 5186 3635 5268">
    <p class='ocr_par' dir='ltr' id='par_1_110' title="bbox 2052 5186 3635 5268">
     <span class='ocr_line' id='line_1_110' title="bbox 2052 5186 3635 5268; baseline -0.018 0"><span class='ocrx_word' id='word_1_877' title='bbox 2052 5186 2225 5267; x_wconf 80' lang='lat' dir='ltr'><strong>robur</strong></span> <span class='ocrx_word' id='word_1_878' title='bbox 2289 5205 2594 5268; x_wconf 86' lang='lat' dir='ltr'><strong>contineat,</strong></span> <span class='ocrx_word' id='word_1_879' title='bbox 2649 5186 2913 5268; x_wconf 79' lang='lat' dir='ltr'><strong>tanquam</strong></span> <span class='ocrx_word' id='word_1_880' title='bbox 2966 5192 3066 5249; x_wconf 90' lang='lat' dir='ltr'><strong>Dei</strong></span> <span class='ocrx_word' id='word_1_881' title='bbox 3134 5189 3316 5246; x_wconf 87' lang='lat' dir='ltr'><strong>Patris</strong></span> <span class='ocrx_word' id='word_1_882' title='bbox 3356 5186 3635 5259; x_wconf 88' lang='lat' dir='ltr'><strong>potentia:</strong></span> 
     </span>
    </p>
   </div>
   <div class='ocr_carea' id='block_1_111' title="bbox 2051 5280 3638 5376">
    <p class='ocr_par' dir='ltr' id='par_1_111' title="bbox 2051 5280 3638 5376">
     <span class='ocr_line' id='line_1_111' title="bbox 2051 5280 3638 5376; baseline -0.018 -14"><span class='ocrx_word' id='word_1_883' title='bbox 2051 5318 2233 5376; x_wconf 88' lang='lat' dir='ltr'><strong>neque</strong></span> <span class='ocrx_word' id='word_1_884' title='bbox 2277 5299 2582 5372; x_wconf 86' lang='lat' dir='ltr'><strong>quidquam</strong></span> <span class='ocrx_word' id='word_1_885' title='bbox 2640 5295 2699 5349; x_wconf 91' lang='lat' dir='ltr'><strong>in</strong></span> <span class='ocrx_word' id='word_1_886' title='bbox 2741 5291 2863 5362; x_wconf 86' lang='lat' dir='ltr'><strong>ipso</strong></span> <span class='ocrx_word' id='word_1_887' title='bbox 2912 5285 3296 5347; x_wconf 89' lang='lat' dir='ltr'><strong>desideratur,</strong></span> <span class='ocrx_word' id='word_1_888' title='bbox 3342 5280 3638 5353; x_wconf 82' lang='lat' dir='ltr'><strong>quominus</strong></span> 
     </span>
    </p>
   </div>
   <div class='ocr_carea' id='block_1_112' title="bbox 2046 5371 3637 5470">
    <p class='ocr_par' dir='ltr' id='par_1_112' title="bbox 2046 5371 3637 5470">
     <span class='ocr_line' id='line_1_112' title="bbox 2046 5371 3637 5470; baseline -0.019 -16"><span class='ocrx_word' id='word_1_889' title='bbox 2046 5371 2242 5470; x_wconf 76' lang='lat' dir='ltr'><strong>possit,</strong></span> <span class='ocrx_word' id='word_1_890' title='bbox 2283 5371 2342 5449; x_wconf 86' lang='lat' dir='ltr'><strong>et</strong></span> <span class='ocrx_word' id='word_1_891' title='bbox 2390 5389 2618 5461; x_wconf 84' lang='lat' dir='ltr'><strong>quidem</strong></span> <span class='ocrx_word' id='word_1_892' title='bbox 2675 5384 2840 5441; x_wconf 80' lang='lat' dir='ltr'><strong>facile</strong></span> <span class='ocrx_word' id='word_1_893' title='bbox 2875 5378 3197 5441; x_wconf 85' lang='lat' dir='ltr'><strong>admodum,</strong></span> <span class='ocrx_word' id='word_1_894' title='bbox 3245 5388 3415 5470; x_wconf 67' lang='lat' dir='ltr'><strong>suum</strong></span> <span class='ocrx_word' id='word_1_895' title='bbox 3466 5371 3637 5470; x_wconf 75' lang='lat' dir='ltr'><strong>ipsius</strong></span> 
     </span>
    </p>
   </div>
   <div class='ocr_carea' id='block_1_113' title="bbox 2051 5464 3689 5562">
    <p class='ocr_par' dir='ltr' id='par_1_113' title="bbox 2051 5464 3689 5562">
     <span class='ocr_line' id='line_1_113' title="bbox 2051 5464 3689 5562; baseline -0.02 -14"><span class='ocrx_word' id='word_1_896' title='bbox 2051 5464 2315 5562; x_wconf 74' lang='lat' dir='ltr'><strong>templum</strong></span> <span class='ocrx_word' id='word_1_897' title='bbox 2368 5482 2671 5540; x_wconf 81' lang='lat' dir='ltr'><strong>vivificare.</strong></span> <span class='ocrx_word' id='word_1_898' title='bbox 2735 5478 2947 5534; x_wconf 84' lang='lat' dir='ltr'><strong>Idcirco</strong></span> <span class='ocrx_word' id='word_1_899' title='bbox 2999 5473 3224 5531; x_wconf 89' lang='lat' dir='ltr'><strong>dicebat</strong></span> <span class='ocrx_word' id='word_1_900' title='bbox 3266 5467 3336 5525; x_wconf 92' lang='lat' dir='ltr'><strong>ad</strong></span> <span class='ocrx_word' id='word_1_901' title='bbox 3386 5464 3637 5562; x_wconf 35' lang='lat' dir='ltr'><strong>Iud-82::</strong></span> <span class='ocrx_word' id='word_1_902' title='bbox 3677 5496 3689 5510; x_wconf 79' lang='grc'><em>.</em></span> 
     </span>
    </p>
   </div>
   <div class='ocr_carea' id='block_1_114' title="bbox 2056 5554 3640 5649">
    <p class='ocr_par' dir='ltr' id='par_1_114' title="bbox 2056 5554 3640 5649">
     <span class='ocr_line' id='line_1_114' title="bbox 2056 5554 3640 5649; baseline -0.02 -10"><span class='ocrx_word' id='word_1_903' title='bbox 2056 5607 2073 5639; x_wconf 77' lang='lat'><strong><em>.</em></strong></span> <span class='ocrx_word' id='word_1_904' title='bbox 2093 5554 2303 5643; x_wconf 78' lang='lat' dir='ltr'><strong>Solvite</strong></span> <span class='ocrx_word' id='word_1_905' title='bbox 2336 5564 2602 5649; x_wconf 82' lang='lat' dir='ltr'><strong>templum</strong></span> <span class='ocrx_word' id='word_1_906' title='bbox 2629 5574 2756 5640; x_wconf 83' lang='lat' dir='ltr'><strong>hoc,</strong></span> <span class='ocrx_word' id='word_1_907' title='bbox 2785 5578 2843 5628; x_wconf 89' lang='lat' dir='ltr'><strong>et</strong></span> <span class='ocrx_word' id='word_1_908' title='bbox 2868 5570 2925 5626; x_wconf 89' lang='lat' dir='ltr'><strong>in</strong></span> <span class='ocrx_word' id='word_1_909' title='bbox 2950 5568 3130 5625; x_wconf 88' lang='lat' dir='ltr'><strong>tribus</strong></span> <span class='ocrx_word' id='word_1_910' title='bbox 3153 5563 3351 5620; x_wconf 90' lang='lat' dir='ltr'><strong>diebus</strong></span> <span class='ocrx_word' id='word_1_911' title='bbox 3387 5554 3640 5649; x_wconf 58' lang='lat' dir='ltr'><strong>excitabo</strong></span> 
     </span>
    </p>
   </div>
   <div class='ocr_carea' id='block_1_115' title="bbox 346 5638 1926 5758">
    <p class='ocr_par' dir='ltr' id='par_1_115' title="bbox 346 5681 1926 5758">
     <span class='ocr_line' id='line_1_115' title="bbox 346 5681 1926 5758; baseline -0.009 -10"><span class='ocrx_word' id='word_1_912' title='bbox 346 5717 366 5747; x_wconf 75' lang='grc' dir='ltr'><strong>ι</strong></span> <span class='ocrx_word' id='word_1_913' title='bbox 404 5696 625 5752; x_wconf 79' lang='grc' dir='ltr'>Λύσατε</span> <span class='ocrx_word' id='word_1_914' title='bbox 662 5696 758 5751; x_wconf 77' lang='grc' dir='ltr'>τὸν</span> <span class='ocrx_word' id='word_1_915' title='bbox 800 5694 929 5751; x_wconf 81' lang='grc' dir='ltr'>ναὸν</span> <span class='ocrx_word' id='word_1_916' title='bbox 972 5691 1187 5757; x_wconf 79' lang='grc' dir='ltr'>τοῦτον,</span> <span class='ocrx_word' id='word_1_917' title='bbox 1232 5687 1331 5743; x_wconf 69' lang='grc' dir='ltr'>καὶ</span> <span class='ocrx_word' id='word_1_918' title='bbox 1381 5687 1440 5742; x_wconf 74' lang='grc' dir='ltr'><strong>ὲν</strong></span> <span class='ocrx_word' id='word_1_919' title='bbox 1480 5683 1661 5758; x_wconf 76' lang='grc' dir='ltr'>τρισὶν</span> <span class='ocrx_word' id='word_1_920' title='bbox 1710 5681 1926 5754; x_wconf 63' lang='grc' dir='ltr'>ἡμέραιε</span> 
     </span>
    </p>
   </div>
   <div class='ocr_carea' id='block_1_116' title="bbox 2030 5638 3638 5758">
    <p class='ocr_par' dir='ltr' id='par_1_116' title="bbox 2052 5638 3638 5758">
     <span class='ocr_line' id='line_1_116' title="bbox 2052 5638 3638 5758; baseline -0.024 -22"><span class='ocrx_word' id='word_1_921' title='bbox 2215 5638 2352 5727; x_wconf 40' lang='grc' dir='ltr'><strong>θ’θ’.</strong></span> <span class='ocrx_word' id='word_1_922' title='bbox 2387 5683 2416 5724; x_wconf 69' lang='grc' dir='ltr'><strong>ἰ</strong></span> <span class='ocrx_word' id='word_1_923' title='bbox 2451 5638 2610 5738; x_wconf 54' lang='grc' dir='ltr'><strong>ῥυσὰ</strong></span> <span class='ocrx_word' id='word_1_924' title='bbox 2643 5638 2812 5738; x_wconf 81' lang='lat' dir='ltr'><strong>igitur</strong></span> <span class='ocrx_word' id='word_1_925' title='bbox 2840 5662 3051 5719; x_wconf 86' lang='lat' dir='ltr'><strong>nullius</strong></span> <span class='ocrx_word' id='word_1_926' title='bbox 3075 5652 3412 5713; x_wconf 84' lang='lat' dir='ltr'><strong>adminiculo</strong></span> <span class='ocrx_word' id='word_1_927' title='bbox 3436 5648 3504 5704; x_wconf 83' lang='lat' dir='ltr'><strong>ad</strong></span> <span class='ocrx_word' id='word_1_928' title='bbox 3534 5638 3638 5758; x_wconf 42' lang='lat' dir='ltr'><strong>ligo</strong></span> 
     </span>
    </p>
   </div>
   <div class='ocr_carea' id='block_1_117' title="bbox 414 5737 1926 5856">
    <p class='ocr_par' dir='ltr' id='par_1_117' title="bbox 414 5737 1908 5856">
     <span class='ocr_line' id='line_1_117' title="bbox 414 5737 1908 5856; baseline -0.013 -7"><span class='ocrx_word' id='word_1_929' title='bbox 501 5737 923 5856; x_wconf 48' lang='grc' dir='ltr'><strong>ιξξιῖι.’ξξι,’Ξί’</strong></span> <span class='ocrx_word' id='word_1_930' title='bbox 970 5737 1625 5856; x_wconf 45' lang='grc' dir='ltr'><strong>ἶσ⁷]ὲἰ-ξω’ξ”έιρξέ.ἰτ</strong></span> <span class='ocrx_word' id='word_1_931' title='bbox 1661 5737 1840 5834; x_wconf 49' lang='lat' dir='ltr'><strong>Iacob.</strong></span> <span class='ocrx_word' id='word_1_932' title='bbox 1869 5790 1908 5841; x_wconf 88' lang='grc' dir='ltr'>ι,</span> 
     </span>
    </p>
   </div>
   <div class='ocr_carea' id='block_1_118' title="bbox 2030 5737 3637 5856">
    <p class='ocr_par' dir='ltr' id='par_1_118' title="bbox 2085 5737 3637 5831">
     <span class='ocr_line' id='line_1_118' title="bbox 2085 5737 3637 5831; baseline -0.024 -2"><span class='ocrx_word' id='word_1_933' title='bbox 2085 5771 2130 5806; x_wconf 75' lang='grc'>’⁸</span> <span class='ocrx_word' id='word_1_934' title='bbox 2168 5772 2336 5828; x_wconf 81' lang='lat' dir='ltr'><strong>Amos</strong></span> <span class='ocrx_word' id='word_1_935' title='bbox 2370 5783 2446 5831; x_wconf 77' lang='lat' dir='ltr'><strong>tu.</strong></span> <span class='ocrx_word' id='word_1_936' title='bbox 2612 5737 2837 5817; x_wconf 12' lang='lat' dir='ltr'><strong>&quot;rPsal.</strong></span> <span class='ocrx_word' id='word_1_937' title='bbox 2882 5772 2989 5821; x_wconf 76' lang='grc' dir='ltr'>αι,</span> <span class='ocrx_word' id='word_1_938' title='bbox 3024 5753 3077 5808; x_wconf 66' lang='lat'><strong>2.</strong></span> <span class='ocrx_word' id='word_1_939' title='bbox 3161 5751 3204 5782; x_wconf 81' lang='lat'><strong>’°</strong></span> <span class='ocrx_word' id='word_1_940' title='bbox 3235 5745 3376 5804; x_wconf 85' lang='lat' dir='ltr'><strong>Psal.</strong></span> <span class='ocrx_word' id='word_1_941' title='bbox 3412 5758 3555 5805; x_wconf 77' lang='lat' dir='ltr'><strong>xm,</strong></span> <span class='ocrx_word' id='word_1_942' title='bbox 3584 5737 3637 5793; x_wconf 86' lang='lat'><strong>7.</strong></span> 
     </span>
    </p>
   </div>
   <div class='ocr_carea' id='block_1_119' title="bbox 342 5850 1403 5927">
    <p class='ocr_par' dir='ltr' id='par_1_119' title="bbox 342 5850 1403 5927">
     <span class='ocr_line' id='line_1_119' title="bbox 342 5850 1403 5927; baseline -0.014 -5"><span class='ocrx_word' id='word_1_943' title='bbox 342 5850 387 5883; x_wconf 81' lang='grc'><strong>³⁸</strong></span> <span class='ocrx_word' id='word_1_944' title='bbox 430 5863 574 5920; x_wconf 81' lang='lat' dir='ltr'><strong>Psal.</strong></span> <span class='ocrx_word' id='word_1_945' title='bbox 609 5880 668 5925; x_wconf 90' lang='grc' dir='ltr'><strong>ιι.</strong></span> <span class='ocrx_word' id='word_1_946' title='bbox 700 5850 788 5918; x_wconf 46' lang='grc'><strong>9(</strong></span> <span class='ocrx_word' id='word_1_947' title='bbox 863 5858 988 5900; x_wconf 84' lang='grc'>³¹-³³</span> <span class='ocrx_word' id='word_1_948' title='bbox 1018 5857 1177 5916; x_wconf 75' lang='lat' dir='ltr'><strong>Joan.</strong></span> <span class='ocrx_word' id='word_1_949' title='bbox 1219 5853 1403 5927; x_wconf 29' lang='lat' dir='ltr'><strong>u.~l9.</strong></span> 
     </span>
    </p>
   </div>
  </div>
