  <div class='ocr_page' id='page_1' title='image "/cluster/home/n/w/nwhite01/storage/ocr_20150623/69:no.2/coo.31924054869734/185.png"; bbox 0 0 4034 6456; ppageno 0'>
   <div class='ocr_carea' id='block_1_1' title="bbox 476 368 588 424">
    <p class='ocr_par' dir='ltr' id='par_1_1' title="bbox 476 368 588 424">
     <span class='ocr_line' id='line_1_1' title="bbox 476 368 588 424; baseline -0.018 -1"><span class='ocrx_word' id='word_1_1' title='bbox 476 368 588 424; x_wconf 70' lang='lat'><strong>355</strong></span> 
     </span>
    </p>
   </div>
   <div class='ocr_carea' id='block_1_2' title="bbox 1510 348 2752 411">
    <p class='ocr_par' dir='ltr' id='par_1_2' title="bbox 1510 348 2752 411">
     <span class='ocr_line' id='line_1_2' title="bbox 1510 348 2752 411; baseline -0.002 0"><span class='ocrx_word' id='word_1_2' title='bbox 1510 352 1567 411; x_wconf 71' lang='grc' dir='ltr'>Β.</span> <span class='ocrx_word' id='word_1_3' title='bbox 1607 351 1882 409; x_wconf 75' lang='lat' dir='ltr'><strong>CYRILLI</strong></span> <span class='ocrx_word' id='word_1_4' title='bbox 1920 348 2392 407; x_wconf 69' lang='lat' dir='ltr'><strong>ALEXANDRINI</strong></span> <span class='ocrx_word' id='word_1_5' title='bbox 2432 348 2752 409; x_wconf 71' lang='lat' dir='ltr'><strong>ARCIIIEP.</strong></span> 
     </span>
    </p>
   </div>
   <div class='ocr_carea' id='block_1_3' title="bbox 3625 362 3720 420">
    <p class='ocr_par' dir='ltr' id='par_1_3' title="bbox 3625 362 3720 420">
     <span class='ocr_line' id='line_1_3' title="bbox 3625 362 3720 420; baseline 0 0"><span class='ocrx_word' id='word_1_6' title='bbox 3625 362 3720 420; x_wconf 74' lang='lat'><strong>556</strong></span> 
     </span>
    </p>
   </div>
   <div class='ocr_carea' id='block_1_4' title="bbox 477 460 2060 551">
    <p class='ocr_par' dir='ltr' id='par_1_4' title="bbox 477 460 2058 542">
     <span class='ocr_line' id='line_1_4' title="bbox 477 460 2058 542; baseline -0.011 -7"><span class='ocrx_word' id='word_1_7' title='bbox 477 480 551 535; x_wconf 82' lang='lat' dir='ltr'><strong>sit</strong></span> <span class='ocrx_word' id='word_1_8' title='bbox 577 490 731 540; x_wconf 83' lang='lat' dir='ltr'><strong>usus,</strong></span> <span class='ocrx_word' id='word_1_9' title='bbox 771 471 869 528; x_wconf 81' lang='lat' dir='ltr'><strong>sed</strong></span> <span class='ocrx_word' id='word_1_10' title='bbox 896 472 1013 542; x_wconf 89' lang='lat' dir='ltr'><strong>ipse</strong></span> <span class='ocrx_word' id='word_1_11' title='bbox 1045 468 1197 525; x_wconf 89' lang='lat' dir='ltr'><strong>solus</strong></span> <span class='ocrx_word' id='word_1_12' title='bbox 1218 466 1520 529; x_wconf 69' lang='lat' dir='ltr'><strong>suffecerit,</strong></span> <span class='ocrx_word' id='word_1_13' title='bbox 1580 472 1843 535; x_wconf 82' lang='lat' dir='ltr'><strong>tanquam</strong></span> <span class='ocrx_word' id='word_1_14' title='bbox 1894 460 2058 519; x_wconf 72' lang='lat' dir='ltr'><strong>forti-</strong></span> 
     </span>
    </p>
   </div>
   <div class='ocr_carea' id='block_1_5' title="bbox 2161 460 3721 551">
    <p class='ocr_par' dir='ltr' id='par_1_5' title="bbox 2163 464 3721 551">
     <span class='ocr_line' id='line_1_5' title="bbox 2163 464 3721 551; baseline 0.003 -31"><span class='ocrx_word' id='word_1_15' title='bbox 2163 467 2340 537; x_wconf 70' lang='grc' dir='ltr'>ἐγερῶ</span> <span class='ocrx_word' id='word_1_16' title='bbox 2390 467 2573 522; x_wconf 83' lang='grc' dir='ltr'>αὐτόν.</span> <span class='ocrx_word' id='word_1_17' title='bbox 2619 486 2635 520; x_wconf 78' lang='grc' dir='ltr'><strong>ι</strong></span> <span class='ocrx_word' id='word_1_18' title='bbox 2672 464 2794 521; x_wconf 76' lang='grc' dir='ltr'>Ὅτι</span> <span class='ocrx_word' id='word_1_19' title='bbox 2824 469 3003 537; x_wconf 79' lang='grc' dir='ltr'>τοίνυν</span> <span class='ocrx_word' id='word_1_20' title='bbox 3045 468 3222 533; x_wconf 71' lang='grc' dir='ltr'>οὐδεὶς</span> <span class='ocrx_word' id='word_1_21' title='bbox 3247 470 3315 523; x_wconf 71' lang='grc' dir='ltr'><strong>ἂν</strong></span> <span class='ocrx_word' id='word_1_22' title='bbox 3356 471 3560 539; x_wconf 72' lang='grc' dir='ltr'>γένοιτο</span> <span class='ocrx_word' id='word_1_23' title='bbox 3598 483 3721 551; x_wconf 69' lang='grc' dir='ltr'>πρὸς</span> 
     </span>
    </p>
   </div>
   <div class='ocr_carea' id='block_1_6' title="bbox 478 554 2060 642">
    <p class='ocr_par' dir='ltr' id='par_1_6' title="bbox 478 554 2058 630">
     <span class='ocr_line' id='line_1_6' title="bbox 478 554 2058 630; baseline -0.009 -5"><span class='ocrx_word' id='word_1_24' title='bbox 478 568 615 625; x_wconf 97' lang='lat' dir='ltr'><strong>tudo</strong></span> <span class='ocrx_word' id='word_1_25' title='bbox 637 565 832 630; x_wconf 79' lang='lat' dir='ltr'><strong>Patris,</strong></span> <span class='ocrx_word' id='word_1_26' title='bbox 882 561 1033 617; x_wconf 91' lang='lat' dir='ltr'><strong>haud</strong></span> <span class='ocrx_word' id='word_1_27' title='bbox 1056 560 1293 615; x_wconf 83' lang='lat' dir='ltr'><strong>obscure</strong></span> <span class='ocrx_word' id='word_1_28' title='bbox 1313 554 1778 613; x_wconf 85' lang='lat' dir='ltr'><strong>demonstraverit</strong></span> <span class='ocrx_word' id='word_1_29' title='bbox 1809 554 2058 610; x_wconf 66' lang='lat' dir='ltr'><strong>historia</strong></span> 
     </span>
    </p>
   </div>
   <div class='ocr_carea' id='block_1_7' title="bbox 2161 554 3771 642">
    <p class='ocr_par' dir='ltr' id='par_1_7' title="bbox 2161 555 3771 642">
     <span class='ocr_line' id='line_1_7' title="bbox 2161 555 3771 642; baseline 0.009 -34"><span class='ocrx_word' id='word_1_30' title='bbox 2161 556 2317 610; x_wconf 80' lang='grc' dir='ltr'>τοῦτο</span> <span class='ocrx_word' id='word_1_31' title='bbox 2366 556 2518 629; x_wconf 80' lang='grc' dir='ltr'>αὐτῷ</span> <span class='ocrx_word' id='word_1_32' title='bbox 2567 555 2852 631; x_wconf 77' lang='grc' dir='ltr'>συνεργὸς,</span> <span class='ocrx_word' id='word_1_33' title='bbox 2901 558 3128 630; x_wconf 81' lang='grc' dir='ltr'><strong>ἀρκέσει</strong></span> <span class='ocrx_word' id='word_1_34' title='bbox 3170 559 3226 612; x_wconf 73' lang='grc' dir='ltr'>δὲ</span> <span class='ocrx_word' id='word_1_35' title='bbox 3257 560 3417 631; x_wconf 82' lang='grc' dir='ltr'><strong>μόνος</strong></span> <span class='ocrx_word' id='word_1_36' title='bbox 3454 563 3610 630; x_wconf 70' lang='grc' dir='ltr'>αὐτὸς</span> <span class='ocrx_word' id='word_1_37' title='bbox 3654 571 3723 634; x_wconf 72' lang='grc' dir='ltr'><strong>ὡς</strong></span> <span class='ocrx_word' id='word_1_38' title='bbox 3760 637 3771 642; x_wconf 91' lang='lat'><em>_</em></span> 
     </span>
    </p>
   </div>
   <div class='ocr_carea' id='block_1_8' title="bbox 479 645 2057 721">
    <p class='ocr_par' dir='ltr' id='par_1_8' title="bbox 479 645 2057 721">
     <span class='ocr_line' id='line_1_8' title="bbox 479 645 2057 721; baseline -0.01 -6"><span class='ocrx_word' id='word_1_39' title='bbox 479 667 682 715; x_wconf 80' lang='lat' dir='ltr'><strong>textus.</strong></span> <span class='ocrx_word' id='word_1_40' title='bbox 722 652 879 721; x_wconf 83' lang='lat' dir='ltr'><strong>Quod</strong></span> <span class='ocrx_word' id='word_1_41' title='bbox 908 665 1039 708; x_wconf 91' lang='lat' dir='ltr'><strong>vero</strong></span> <span class='ocrx_word' id='word_1_42' title='bbox 1071 650 1145 705; x_wconf 87' lang='lat' dir='ltr'><strong>sit</strong></span> <span class='ocrx_word' id='word_1_43' title='bbox 1199 649 1373 719; x_wconf 87' lang='lat' dir='ltr'><strong>ipsius</strong></span> <span class='ocrx_word' id='word_1_44' title='bbox 1400 645 1673 702; x_wconf 79' lang='lat' dir='ltr'><strong>adventus</strong></span> <span class='ocrx_word' id='word_1_45' title='bbox 1714 654 1934 716; x_wconf 84' lang='lat' dir='ltr'><strong>tempus</strong></span> <span class='ocrx_word' id='word_1_46' title='bbox 1964 659 2057 700; x_wconf 89' lang='lat' dir='ltr'><strong>os-</strong></span> 
     </span>
    </p>
   </div>
   <div class='ocr_carea' id='block_1_9' title="bbox 480 737 2062 813">
    <p class='ocr_par' dir='ltr' id='par_1_9' title="bbox 480 737 2062 813">
     <span class='ocr_line' id='line_1_9' title="bbox 480 737 2062 813; baseline -0.009 -7"><span class='ocrx_word' id='word_1_47' title='bbox 480 746 678 813; x_wconf 91' lang='lat' dir='ltr'><strong>tendit,</strong></span> <span class='ocrx_word' id='word_1_48' title='bbox 718 747 942 801; x_wconf 88' lang='lat' dir='ltr'><strong>dicens:</strong></span> <span class='ocrx_word' id='word_1_49' title='bbox 976 760 995 793; x_wconf 74' lang='grc' dir='ltr'>σ</span> <span class='ocrx_word' id='word_1_50' title='bbox 1018 742 1139 797; x_wconf 81' lang='lat' dir='ltr'><strong>Non</strong></span> <span class='ocrx_word' id='word_1_51' title='bbox 1167 737 1389 795; x_wconf 81' lang='lat' dir='ltr'><strong>deﬁciet</strong></span> <span class='ocrx_word' id='word_1_52' title='bbox 1422 740 1680 811; x_wconf 84' lang='lat' dir='ltr'><strong>princeps</strong></span> <span class='ocrx_word' id='word_1_53' title='bbox 1707 754 1775 793; x_wconf 80' lang='lat' dir='ltr'><strong>ex</strong></span> <span class='ocrx_word' id='word_1_54' title='bbox 1809 737 1970 804; x_wconf 85' lang='lat' dir='ltr'><strong>Juda,</strong></span> <span class='ocrx_word' id='word_1_55' title='bbox 2001 745 2062 794; x_wconf 93' lang='lat' dir='ltr'><strong>et</strong></span> 
     </span>
    </p>
   </div>
   <div class='ocr_carea' id='block_1_10' title="bbox 477 829 2060 906">
    <p class='ocr_par' dir='ltr' id='par_1_10' title="bbox 477 829 2060 906">
     <span class='ocr_line' id='line_1_10' title="bbox 477 829 2060 906; baseline -0.009 -8"><span class='ocrx_word' id='word_1_56' title='bbox 477 842 591 898; x_wconf 81' lang='lat' dir='ltr'><strong>dux</strong></span> <span class='ocrx_word' id='word_1_57' title='bbox 610 856 680 897; x_wconf 74' lang='lat' dir='ltr'><strong>ex</strong></span> <span class='ocrx_word' id='word_1_58' title='bbox 702 837 1007 895; x_wconf 80' lang='lat' dir='ltr'><strong>femoribus</strong></span> <span class='ocrx_word' id='word_1_59' title='bbox 1047 836 1186 906; x_wconf 83' lang='lat' dir='ltr'><strong>ejus,</strong></span> <span class='ocrx_word' id='word_1_60' title='bbox 1240 833 1419 888; x_wconf 89' lang='lat' dir='ltr'><strong>donec</strong></span> <span class='ocrx_word' id='word_1_61' title='bbox 1472 832 1661 887; x_wconf 75' lang='lat' dir='ltr'><strong>veniat</strong></span> <span class='ocrx_word' id='word_1_62' title='bbox 1706 831 1797 886; x_wconf 87' lang='lat' dir='ltr'><strong>cui</strong></span> <span class='ocrx_word' id='word_1_63' title='bbox 1842 829 2060 901; x_wconf 85' lang='lat' dir='ltr'><strong>reposi-</strong></span> 
     </span>
    </p>
   </div>
   <div class='ocr_carea' id='block_1_11' title="bbox 482 922 2062 998">
    <p class='ocr_par' dir='ltr' id='par_1_11' title="bbox 482 922 2062 998">
     <span class='ocr_line' id='line_1_11' title="bbox 482 922 2062 998; baseline -0.008 -9"><span class='ocrx_word' id='word_1_64' title='bbox 482 941 596 988; x_wconf 87' lang='lat' dir='ltr'><strong>tum</strong></span> <span class='ocrx_word' id='word_1_65' title='bbox 631 939 735 988; x_wconf 90' lang='lat' dir='ltr'><strong>est.</strong></span> <span class='ocrx_word' id='word_1_66' title='bbox 780 931 851 985; x_wconf 87' lang='lat' dir='ltr'><strong>Et</strong></span> <span class='ocrx_word' id='word_1_67' title='bbox 878 929 997 998; x_wconf 89' lang='lat' dir='ltr'><strong>ipse</strong></span> <span class='ocrx_word' id='word_1_68' title='bbox 1033 937 1121 981; x_wconf 88' lang='lat' dir='ltr'><strong>est</strong></span> <span class='ocrx_word' id='word_1_69' title='bbox 1165 924 1504 996; x_wconf 80' lang='lat' dir='ltr'><strong>exspectatio</strong></span> <span class='ocrx_word' id='word_1_70' title='bbox 1545 925 1814 995; x_wconf 73' lang='lat' dir='ltr'><strong>gentium.</strong></span> <span class='ocrx_word' id='word_1_71' title='bbox 1874 941 1893 974; x_wconf 77' lang='grc' dir='ltr'><strong>ι</strong></span> <span class='ocrx_word' id='word_1_72' title='bbox 1954 922 2062 977; x_wconf 78' lang='lat' dir='ltr'><strong>Re-</strong></span> 
     </span>
    </p>
   </div>
   <div class='ocr_carea' id='block_1_12' title="bbox 479 1013 2061 1097">
    <p class='ocr_par' dir='ltr' id='par_1_12' title="bbox 479 1013 2061 1097">
     <span class='ocr_line' id='line_1_12' title="bbox 479 1013 2061 1097; baseline -0.007 -17"><span class='ocrx_word' id='word_1_73' title='bbox 479 1034 716 1097; x_wconf 74' lang='lat' dir='ltr'><strong>gnarunt</strong></span> <span class='ocrx_word' id='word_1_74' title='bbox 745 1023 894 1078; x_wconf 87' lang='lat' dir='ltr'><strong>eniin</strong></span> <span class='ocrx_word' id='word_1_75' title='bbox 927 1020 1123 1086; x_wconf 66' lang='lat' dir='ltr'><strong>Judaei,</strong></span> <span class='ocrx_word' id='word_1_76' title='bbox 1170 1025 1227 1075; x_wconf 91' lang='lat' dir='ltr'><strong>et</strong></span> <span class='ocrx_word' id='word_1_77' title='bbox 1264 1032 1333 1072; x_wconf 78' lang='lat' dir='ltr'><strong>ex</strong></span> <span class='ocrx_word' id='word_1_78' title='bbox 1378 1017 1646 1087; x_wconf 81' lang='lat' dir='ltr'><strong>sanguine</strong></span> <span class='ocrx_word' id='word_1_79' title='bbox 1682 1015 1901 1070; x_wconf 87' lang='lat' dir='ltr'><strong>lsraelis</strong></span> <span class='ocrx_word' id='word_1_80' title='bbox 1937 1013 2061 1069; x_wconf 83' lang='lat' dir='ltr'><strong>fue-</strong></span> 
     </span>
    </p>
   </div>
   <div class='ocr_carea' id='block_1_13' title="bbox 480 1104 2058 1187">
    <p class='ocr_par' dir='ltr' id='par_1_13' title="bbox 480 1104 2058 1187">
     <span class='ocr_line' id='line_1_13' title="bbox 480 1104 2058 1187; baseline -0.008 -15"><span class='ocrx_word' id='word_1_81' title='bbox 480 1128 612 1172; x_wconf 91' lang='lat' dir='ltr'><strong>runt</strong></span> <span class='ocrx_word' id='word_1_82' title='bbox 636 1117 773 1187; x_wconf 90' lang='lat' dir='ltr'><strong>ipsis</strong></span> <span class='ocrx_word' id='word_1_83' title='bbox 804 1116 995 1179; x_wconf 89' lang='lat' dir='ltr'><strong>duces,</strong></span> <span class='ocrx_word' id='word_1_84' title='bbox 1018 1111 1197 1167; x_wconf 78' lang='lat' dir='ltr'><strong>donec</strong></span> <span class='ocrx_word' id='word_1_85' title='bbox 1256 1110 1523 1173; x_wconf 85' lang='lat' dir='ltr'><strong>Herodes,</strong></span> <span class='ocrx_word' id='word_1_86' title='bbox 1568 1106 1843 1177; x_wconf 76' lang='lat' dir='ltr'><strong>Antipatri</strong></span> <span class='ocrx_word' id='word_1_87' title='bbox 1893 1104 2058 1171; x_wconf 83' lang='lat' dir='ltr'><strong>ﬁlius,</strong></span> 
     </span>
    </p>
   </div>
   <div class='ocr_carea' id='block_1_14' title="bbox 478 1200 2058 1280">
    <p class='ocr_par' dir='ltr' id='par_1_14' title="bbox 478 1200 2058 1280">
     <span class='ocr_line' id='line_1_14' title="bbox 478 1200 2058 1280; baseline -0.008 -16"><span class='ocrx_word' id='word_1_88' title='bbox 478 1223 679 1280; x_wconf 75' lang='lat' dir='ltr'><strong>genere</strong></span> <span class='ocrx_word' id='word_1_89' title='bbox 708 1207 1054 1271; x_wconf 82' lang='lat' dir='ltr'><strong>Palaestinus,</strong></span> <span class='ocrx_word' id='word_1_90' title='bbox 1079 1203 1176 1275; x_wconf 88' lang='lat' dir='ltr'><strong>qui</strong></span> <span class='ocrx_word' id='word_1_91' title='bbox 1198 1202 1475 1258; x_wconf 87' lang='lat' dir='ltr'><strong>tetrarcba</strong></span> <span class='ocrx_word' id='word_1_92' title='bbox 1516 1200 1935 1272; x_wconf 78' lang='lat' dir='ltr'><strong>cognominatus</strong></span> <span class='ocrx_word' id='word_1_93' title='bbox 1951 1206 2058 1264; x_wconf 89' lang='lat' dir='ltr'><strong>est,</strong></span> 
     </span>
    </p>
   </div>
   <div class='ocr_carea' id='block_1_15' title="bbox 477 1292 2064 1370">
    <p class='ocr_par' dir='ltr' id='par_1_15' title="bbox 477 1292 2064 1370">
     <span class='ocr_line' id='line_1_15' title="bbox 477 1292 2064 1370; baseline -0.005 -17"><span class='ocrx_word' id='word_1_94' title='bbox 477 1299 772 1370; x_wconf 82' lang='lat' dir='ltr'><strong>acquisivit</strong></span> <span class='ocrx_word' id='word_1_95' title='bbox 808 1297 917 1352; x_wconf 84' lang='lat' dir='ltr'><strong>sibi</strong></span> <span class='ocrx_word' id='word_1_96' title='bbox 967 1310 1199 1367; x_wconf 76' lang='lat' dir='ltr'><strong>regnum</strong></span> <span class='ocrx_word' id='word_1_97' title='bbox 1227 1293 1331 1349; x_wconf 86' lang='lat' dir='ltr'><strong>sub</strong></span> <span class='ocrx_word' id='word_1_98' title='bbox 1371 1309 1481 1363; x_wconf 92' lang='lat' dir='ltr'><strong>quo</strong></span> <span class='ocrx_word' id='word_1_99' title='bbox 1523 1301 1580 1348; x_wconf 91' lang='lat' dir='ltr'><strong>et</strong></span> <span class='ocrx_word' id='word_1_100' title='bbox 1622 1292 1740 1361; x_wconf 89' lang='lat' dir='ltr'><strong>ipse</strong></span> <span class='ocrx_word' id='word_1_101' title='bbox 1781 1297 1947 1345; x_wconf 87' lang='lat' dir='ltr'><strong>natus</strong></span> <span class='ocrx_word' id='word_1_102' title='bbox 1977 1299 2064 1345; x_wconf 87' lang='lat' dir='ltr'><strong>est</strong></span> 
     </span>
    </p>
   </div>
   <div class='ocr_carea' id='block_1_16' title="bbox 477 1382 2062 1459">
    <p class='ocr_par' dir='ltr' id='par_1_16' title="bbox 477 1382 2062 1459">
     <span class='ocr_line' id='line_1_16' title="bbox 477 1382 2062 1459; baseline -0.006 -13"><span class='ocrx_word' id='word_1_103' title='bbox 477 1390 753 1455; x_wconf 84' lang='lat' dir='ltr'><strong>Christus,</strong></span> <span class='ocrx_word' id='word_1_104' title='bbox 787 1389 1181 1459; x_wconf 71' lang='lat' dir='ltr'><strong>«Exspectatio</strong></span> <span class='ocrx_word' id='word_1_105' title='bbox 1227 1386 1494 1458; x_wconf 79' lang='lat' dir='ltr'><strong>gentium.</strong></span> <span class='ocrx_word' id='word_1_106' title='bbox 1522 1404 1540 1437; x_wconf 78' lang='grc' dir='ltr'><strong>ι</strong></span> <span class='ocrx_word' id='word_1_107' title='bbox 1596 1382 1753 1451; x_wconf 89' lang='lat' dir='ltr'><strong>Quod</strong></span> <span class='ocrx_word' id='word_1_108' title='bbox 1802 1383 1953 1437; x_wconf 89' lang='lat' dir='ltr'><strong>enim</strong></span> <span class='ocrx_word' id='word_1_109' title='bbox 1994 1396 2062 1437; x_wconf 92' lang='lat' dir='ltr'><strong>eo</strong></span> 
     </span>
    </p>
   </div>
   <div class='ocr_carea' id='block_1_17' title="bbox 480 1478 2064 1553">
    <p class='ocr_par' dir='ltr' id='par_1_17' title="bbox 480 1478 2064 1553">
     <span class='ocr_line' id='line_1_17' title="bbox 480 1478 2064 1553; baseline -0.004 -18"><span class='ocrx_word' id='word_1_110' title='bbox 480 1489 611 1537; x_wconf 88' lang='lat' dir='ltr'><strong>nato</strong></span> <span class='ocrx_word' id='word_1_111' title='bbox 656 1482 903 1553; x_wconf 74' lang='lat' dir='ltr'><strong>gentium</strong></span> <span class='ocrx_word' id='word_1_112' title='bbox 942 1479 1242 1535; x_wconf 88' lang='lat' dir='ltr'><strong>multitudo</strong></span> <span class='ocrx_word' id='word_1_113' title='bbox 1287 1478 1359 1533; x_wconf 85' lang='lat' dir='ltr'><strong>sit</strong></span> <span class='ocrx_word' id='word_1_114' title='bbox 1392 1484 1627 1544; x_wconf 85' lang='lat' dir='ltr'><strong>servata,</strong></span> <span class='ocrx_word' id='word_1_115' title='bbox 1662 1490 1777 1531; x_wconf 93' lang='lat' dir='ltr'><strong>non</strong></span> <span class='ocrx_word' id='word_1_116' title='bbox 1814 1480 1900 1530; x_wconf 88' lang='lat' dir='ltr'><strong>est</strong></span> <span class='ocrx_word' id='word_1_117' title='bbox 1923 1488 2064 1546; x_wconf 86' lang='lat' dir='ltr'><strong>opus</strong></span> 
     </span>
    </p>
   </div>
   <div class='ocr_carea' id='block_1_18' title="bbox 479 1568 2063 1639">
    <p class='ocr_par' dir='ltr' id='par_1_18' title="bbox 479 1568 2063 1639">
     <span class='ocr_line' id='line_1_18' title="bbox 479 1568 2063 1639; baseline -0.004 -11"><span class='ocrx_word' id='word_1_118' title='bbox 479 1573 669 1628; x_wconf 88' lang='lat' dir='ltr'><strong>multis</strong></span> <span class='ocrx_word' id='word_1_119' title='bbox 718 1573 904 1629; x_wconf 82' lang='lat' dir='ltr'><strong>verbis</strong></span> <span class='ocrx_word' id='word_1_120' title='bbox 940 1573 1342 1635; x_wconf 86' lang='lat' dir='ltr'><strong>demonstrare,</strong></span> <span class='ocrx_word' id='word_1_121' title='bbox 1374 1584 1502 1625; x_wconf 91' lang='lat' dir='ltr'><strong>cum</strong></span> <span class='ocrx_word' id='word_1_122' title='bbox 1545 1584 1637 1623; x_wconf 90' lang='lat' dir='ltr'><strong>res</strong></span> <span class='ocrx_word' id='word_1_123' title='bbox 1678 1568 1796 1638; x_wconf 89' lang='lat' dir='ltr'><strong>ipsa</strong></span> <span class='ocrx_word' id='word_1_124' title='bbox 1854 1583 1955 1639; x_wconf 90' lang='lat' dir='ltr'><strong>per</strong></span> <span class='ocrx_word' id='word_1_125' title='bbox 2002 1581 2063 1623; x_wconf 87' lang='lat' dir='ltr'><strong>se</strong></span> 
     </span>
    </p>
   </div>
   <div class='ocr_carea' id='block_1_19' title="bbox 480 1659 2065 1735">
    <p class='ocr_par' dir='ltr' id='par_1_19' title="bbox 480 1659 2065 1735">
     <span class='ocr_line' id='line_1_19' title="bbox 480 1659 2065 1735; baseline -0.002 -17"><span class='ocrx_word' id='word_1_126' title='bbox 480 1666 754 1735; x_wconf 83' lang='lat' dir='ltr'><strong>loquatur.</strong></span> <span class='ocrx_word' id='word_1_127' title='bbox 813 1664 1205 1720; x_wconf 75' lang='lat' dir='ltr'><strong>Verumtamen</strong></span> <span class='ocrx_word' id='word_1_128' title='bbox 1247 1662 1395 1732; x_wconf 92' lang='lat' dir='ltr'><strong>quod</strong></span> <span class='ocrx_word' id='word_1_129' title='bbox 1456 1662 1611 1732; x_wconf 86' lang='lat' dir='ltr'><strong>prius</strong></span> <span class='ocrx_word' id='word_1_130' title='bbox 1666 1661 1943 1716; x_wconf 88' lang='lat' dir='ltr'><strong>admissus</strong></span> <span class='ocrx_word' id='word_1_131' title='bbox 1993 1659 2065 1715; x_wconf 87' lang='lat' dir='ltr'><strong>sit</strong></span> 
     </span>
    </p>
   </div>
   <div class='ocr_carea' id='block_1_20' title="bbox 479 1750 2063 1827">
    <p class='ocr_par' dir='ltr' id='par_1_20' title="bbox 479 1750 2063 1827">
     <span class='ocr_line' id='line_1_20' title="bbox 479 1750 2063 1827; baseline -0.004 -17"><span class='ocrx_word' id='word_1_132' title='bbox 479 1756 718 1827; x_wconf 90' lang='lat' dir='ltr'><strong>populus</strong></span> <span class='ocrx_word' id='word_1_133' title='bbox 743 1767 939 1811; x_wconf 84' lang='lat' dir='ltr'><strong>recens</strong></span> <span class='ocrx_word' id='word_1_134' title='bbox 970 1768 1070 1824; x_wconf 89' lang='lat' dir='ltr'><strong>per</strong></span> <span class='ocrx_word' id='word_1_135' title='bbox 1096 1752 1259 1808; x_wconf 84' lang='lat' dir='ltr'><strong>lldem</strong></span> <span class='ocrx_word' id='word_1_136' title='bbox 1281 1760 1444 1806; x_wconf 90' lang='lat' dir='ltr'><strong>natus</strong></span> <span class='ocrx_word' id='word_1_137' title='bbox 1466 1766 1532 1807; x_wconf 89' lang='lat' dir='ltr'><strong>ac</strong></span> <span class='ocrx_word' id='word_1_138' title='bbox 1577 1763 1774 1816; x_wconf 89' lang='lat' dir='ltr'><strong>novus,</strong></span> <span class='ocrx_word' id='word_1_139' title='bbox 1803 1750 2063 1821; x_wconf 80' lang='lat' dir='ltr'><strong>quodque</strong></span> 
     </span>
    </p>
   </div>
   <div class='ocr_carea' id='block_1_21' title="bbox 2162 648 3722 729">
    <p class='ocr_par' dir='ltr' id='par_1_21' title="bbox 2162 648 3722 729">
     <span class='ocr_line' id='line_1_21' title="bbox 2162 648 3722 729; baseline 0.006 -27"><span class='ocrx_word' id='word_1_140' title='bbox 2162 650 2315 718; x_wconf 72' lang='grc' dir='ltr'>ἰσχὺς</span> <span class='ocrx_word' id='word_1_141' title='bbox 2344 650 2439 702; x_wconf 88' lang='grc' dir='ltr'><strong>τοῦ</strong></span> <span class='ocrx_word' id='word_1_142' title='bbox 2465 648 2880 720; x_wconf 75' lang='grc' dir='ltr'><strong>γεγεννηκότος,</strong></span> <span class='ocrx_word' id='word_1_143' title='bbox 2919 649 3318 721; x_wconf 64' lang='grc' dir='ltr'>ὗπώηλιῦσειεν</span> <span class='ocrx_word' id='word_1_144' title='bbox 3341 653 3408 706; x_wconf 85' lang='grc' dir='ltr'><strong>ἂν</strong></span> <span class='ocrx_word' id='word_1_145' title='bbox 3434 654 3533 708; x_wconf 78' lang='grc' dir='ltr'><strong>οὐκ</strong></span> <span class='ocrx_word' id='word_1_146' title='bbox 3557 656 3722 729; x_wconf 71' lang='grc' dir='ltr'>ἁσυμε</span> 
     </span>
    </p>
   </div>
   <div class='ocr_carea' id='block_1_22' title="bbox 2159 738 3724 822">
    <p class='ocr_par' dir='ltr' id='par_1_22' title="bbox 2159 738 3724 822">
     <span class='ocr_line' id='line_1_22' title="bbox 2159 738 3724 822; baseline 0.003 -29"><span class='ocrx_word' id='word_1_147' title='bbox 2159 739 2345 808; x_wconf 87' lang='grc' dir='ltr'>φανῶς</span> <span class='ocrx_word' id='word_1_148' title='bbox 2368 742 2398 794; x_wconf 82' lang='grc' dir='ltr'><strong>ό</strong></span> <span class='ocrx_word' id='word_1_149' title='bbox 2456 738 2636 811; x_wconf 81' lang='grc' dir='ltr'><strong>λόγος.</strong></span> <span class='ocrx_word' id='word_1_150' title='bbox 2683 742 2849 795; x_wconf 76' lang='grc' dir='ltr'>Ἀλλὰ</span> <span class='ocrx_word' id='word_1_151' title='bbox 2877 742 2964 806; x_wconf 85' lang='grc' dir='ltr'><strong>τίς</strong></span> <span class='ocrx_word' id='word_1_152' title='bbox 3000 741 3071 814; x_wconf 75' lang='grc' dir='ltr'><strong>’δὴ</strong></span> <span class='ocrx_word' id='word_1_153' title='bbox 3108 743 3218 814; x_wconf 79' lang='grc' dir='ltr'><strong>ἄρα</strong></span> <span class='ocrx_word' id='word_1_154' title='bbox 3250 744 3344 798; x_wconf 72' lang='grc' dir='ltr'><strong>καὶ</strong></span> <span class='ocrx_word' id='word_1_155' title='bbox 3369 745 3399 798; x_wconf 80' lang='grc' dir='ltr'>ὁ</span> <span class='ocrx_word' id='word_1_156' title='bbox 3429 748 3524 818; x_wconf 82' lang='grc' dir='ltr'>τῆς</span> <span class='ocrx_word' id='word_1_157' title='bbox 3553 751 3724 822; x_wconf 48' lang='lat' dir='ltr'><strong>tmen.</strong></span> 
     </span>
    </p>
   </div>
   <div class='ocr_carea' id='block_1_23' title="bbox 2162 830 3720 912">
    <p class='ocr_par' dir='ltr' id='par_1_23' title="bbox 2162 830 3720 912">
     <span class='ocr_line' id='line_1_23' title="bbox 2162 830 3720 912; baseline 0.009 -29"><span class='ocrx_word' id='word_1_158' title='bbox 2162 831 2292 902; x_wconf 85' lang='grc' dir='ltr'>μίας</span> <span class='ocrx_word' id='word_1_159' title='bbox 2324 831 2476 884; x_wconf 77' lang='grc' dir='ltr'>ἔσται</span> <span class='ocrx_word' id='word_1_160' title='bbox 2493 832 2707 902; x_wconf 77' lang='grc' dir='ltr'>καιρὸς,</span> <span class='ocrx_word' id='word_1_161' title='bbox 2736 830 3027 903; x_wconf 76' lang='grc' dir='ltr'><strong>ἐμφανίζει</strong></span> <span class='ocrx_word' id='word_1_162' title='bbox 3054 833 3261 903; x_wconf 85' lang='grc' dir='ltr'>λέγων·</span> <span class='ocrx_word' id='word_1_163' title='bbox 3303 852 3323 887; x_wconf 77' lang='grc' dir='ltr'><strong>ε</strong></span> <span class='ocrx_word' id='word_1_164' title='bbox 3352 837 3467 890; x_wconf 75' lang='grc' dir='ltr'>Οὐκ</span> <span class='ocrx_word' id='word_1_165' title='bbox 3496 839 3720 912; x_wconf 73' lang='grc' dir='ltr'><strong>ἐκλείψει</strong></span> 
     </span>
    </p>
   </div>
   <div class='ocr_carea' id='block_1_24' title="bbox 2160 921 3726 1000">
    <p class='ocr_par' dir='ltr' id='par_1_24' title="bbox 2160 921 3726 1000">
     <span class='ocr_line' id='line_1_24' title="bbox 2160 921 3726 1000; baseline 0.007 -25"><span class='ocrx_word' id='word_1_166' title='bbox 2160 921 2344 994; x_wconf 81' lang='grc' dir='ltr'>ἄρχων</span> <span class='ocrx_word' id='word_1_167' title='bbox 2363 923 2425 988; x_wconf 79' lang='grc' dir='ltr'>ἐξ</span> <span class='ocrx_word' id='word_1_168' title='bbox 2465 922 2655 988; x_wconf 84' lang='grc' dir='ltr'><strong>Ἰούδα,</strong></span> <span class='ocrx_word' id='word_1_169' title='bbox 2674 925 2768 977; x_wconf 73' lang='grc' dir='ltr'>καὶ</span> <span class='ocrx_word' id='word_1_170' title='bbox 2795 923 3106 996; x_wconf 79' lang='grc' dir='ltr'>ἡγούμενος</span> <span class='ocrx_word' id='word_1_171' title='bbox 3123 928 3187 980; x_wconf 78' lang='grc' dir='ltr'>ὲκ</span> <span class='ocrx_word' id='word_1_172' title='bbox 3202 926 3314 980; x_wconf 82' lang='grc' dir='ltr'><strong>τῶν</strong></span> <span class='ocrx_word' id='word_1_173' title='bbox 3345 929 3535 1000; x_wconf 87' lang='grc' dir='ltr'>μηρῶν</span> <span class='ocrx_word' id='word_1_174' title='bbox 3550 933 3726 998; x_wconf 84' lang='grc' dir='ltr'>αὐτοῦ,</span> 
     </span>
    </p>
   </div>
   <div class='ocr_carea' id='block_1_25' title="bbox 2158 1003 3729 1094">
    <p class='ocr_par' dir='ltr' id='par_1_25' title="bbox 2158 1003 3729 1094">
     <span class='ocr_line' id='line_1_25' title="bbox 2158 1003 3729 1094; baseline 0.009 -26"><span class='ocrx_word' id='word_1_175' title='bbox 2158 1003 2266 1079; x_wconf 73' lang='grc' dir='ltr'>ἕως</span> <span class='ocrx_word' id='word_1_176' title='bbox 2310 1014 2376 1071; x_wconf 78' lang='grc' dir='ltr'><strong>ἂν</strong></span> <span class='ocrx_word' id='word_1_177' title='bbox 2425 1016 2558 1089; x_wconf 77' lang='grc' dir='ltr'>ἔλθῃ</span> <span class='ocrx_word' id='word_1_178' title='bbox 2607 1010 2654 1085; x_wconf 83' lang='grc' dir='ltr'><strong>ᾧ</strong></span> <span class='ocrx_word' id='word_1_179' title='bbox 2697 1018 3011 1073; x_wconf 85' lang='grc' dir='ltr'>ἀπόκειται.</span> <span class='ocrx_word' id='word_1_180' title='bbox 3064 1020 3175 1073; x_wconf 71' lang='grc' dir='ltr'>Καὶ</span> <span class='ocrx_word' id='word_1_181' title='bbox 3223 1021 3389 1085; x_wconf 73' lang='grc' dir='ltr'>αὐτὸς</span> <span class='ocrx_word' id='word_1_182' title='bbox 3450 1015 3729 1094; x_wconf 74' lang='grc' dir='ltr'><strong>προσδοκία</strong></span> 
     </span>
    </p>
   </div>
   <div class='ocr_carea' id='block_1_26' title="bbox 2160 1104 3730 1186">
    <p class='ocr_par' dir='ltr' id='par_1_26' title="bbox 2160 1104 3730 1186">
     <span class='ocr_line' id='line_1_26' title="bbox 2160 1104 3730 1186; baseline 0.007 -26"><span class='ocrx_word' id='word_1_183' title='bbox 2160 1107 2349 1163; x_wconf 80' lang='grc' dir='ltr'>ἐθνῶν.</span> <span class='ocrx_word' id='word_1_184' title='bbox 2398 1127 2417 1160; x_wconf 74' lang='grc' dir='ltr'><strong>ι</strong></span> <span class='ocrx_word' id='word_1_185' title='bbox 2461 1104 2674 1181; x_wconf 86' lang='grc' dir='ltr'>Ἦρχον</span> <span class='ocrx_word' id='word_1_186' title='bbox 2717 1111 2817 1180; x_wconf 64' lang='grc' dir='ltr'><strong>μὲν</strong></span> <span class='ocrx_word' id='word_1_187' title='bbox 2846 1108 2956 1182; x_wconf 85' lang='grc' dir='ltr'>γὰρ</span> <span class='ocrx_word' id='word_1_188' title='bbox 3003 1111 3263 1178; x_wconf 82' lang='grc' dir='ltr'>Ἰουδαῖοι,</span> <span class='ocrx_word' id='word_1_189' title='bbox 3295 1113 3390 1165; x_wconf 71' lang='grc' dir='ltr'><strong>καὶ</strong></span> <span class='ocrx_word' id='word_1_190' title='bbox 3421 1113 3478 1180; x_wconf 68' lang='grc' dir='ltr'><strong>ἐξ</strong></span> <span class='ocrx_word' id='word_1_191' title='bbox 3516 1116 3730 1186; x_wconf 76' lang='grc' dir='ltr'>αἵματος</span> 
     </span>
    </p>
   </div>
   <div class='ocr_carea' id='block_1_27' title="bbox 2173 1196 3731 1279">
    <p class='ocr_par' dir='ltr' id='par_1_27' title="bbox 2173 1196 3731 1279">
     <span class='ocr_line' id='line_1_27' title="bbox 2173 1196 3731 1279; baseline 0.007 -27"><span class='ocrx_word' id='word_1_192' title='bbox 2173 1198 2391 1272; x_wconf 75' lang='grc' dir='ltr'>Ἰσραὴλ</span> <span class='ocrx_word' id='word_1_193' title='bbox 2427 1196 2570 1271; x_wconf 77' lang='grc' dir='ltr'>ἦσαν</span> <span class='ocrx_word' id='word_1_194' title='bbox 2607 1204 2658 1255; x_wconf 77' lang='lat' dir='ltr'><strong>ot</strong></span> <span class='ocrx_word' id='word_1_195' title='bbox 2700 1204 2830 1273; x_wconf 86' lang='grc' dir='ltr'>παρ’</span> <span class='ocrx_word' id='word_1_196' title='bbox 2862 1203 3047 1267; x_wconf 80' lang='grc' dir='ltr'>αὐτοῖς</span> <span class='ocrx_word' id='word_1_197' title='bbox 3085 1203 3409 1276; x_wconf 77' lang='grc' dir='ltr'>ἡγούμενοι·</span> <span class='ocrx_word' id='word_1_198' title='bbox 3453 1206 3640 1279; x_wconf 77' lang='grc' dir='ltr'>μέχρις</span> <span class='ocrx_word' id='word_1_199' title='bbox 3671 1209 3731 1264; x_wconf 77' lang='grc' dir='ltr'><strong>ἂν</strong></span> 
     </span>
    </p>
   </div>
   <div class='ocr_carea' id='block_1_28' title="bbox 2172 1291 3731 1367">
    <p class='ocr_par' dir='ltr' id='par_1_28' title="bbox 2172 1291 3731 1367">
     <span class='ocr_line' id='line_1_28' title="bbox 2172 1291 3731 1367; baseline 0.005 -22"><span class='ocrx_word' id='word_1_200' title='bbox 2172 1291 2468 1363; x_wconf 80' lang='grc' dir='ltr'>Ἦρὼδηςό</span> <span class='ocrx_word' id='word_1_201' title='bbox 2523 1293 2887 1367; x_wconf 77' lang='grc' dir='ltr'><strong>Ἀντιπάτρου</strong></span> <span class='ocrx_word' id='word_1_202' title='bbox 2929 1297 3080 1359; x_wconf 83' lang='grc' dir='ltr'>παῖς,</span> <span class='ocrx_word' id='word_1_203' title='bbox 3108 1293 3469 1360; x_wconf 74' lang='grc' dir='ltr'>Παλαιστὶνὺς</span> <span class='ocrx_word' id='word_1_204' title='bbox 3516 1296 3608 1362; x_wconf 84' lang='grc' dir='ltr'><strong>ῶν,</strong></span> <span class='ocrx_word' id='word_1_205' title='bbox 3652 1317 3731 1353; x_wconf 77' lang='grc' dir='ltr'>τε·</span> 
     </span>
    </p>
   </div>
   <div class='ocr_carea' id='block_1_29' title="bbox 2161 1384 3726 1462">
    <p class='ocr_par' dir='ltr' id='par_1_29' title="bbox 2161 1384 3726 1462">
     <span class='ocr_line' id='line_1_29' title="bbox 2161 1384 3726 1462; baseline 0.01 -31"><span class='ocrx_word' id='word_1_206' title='bbox 2161 1384 2409 1455; x_wconf 82' lang='grc' dir='ltr'>τράρχης</span> <span class='ocrx_word' id='word_1_207' title='bbox 2440 1384 2779 1455; x_wconf 80' lang='grc' dir='ltr'>ὠνόμασται,</span> <span class='ocrx_word' id='word_1_208' title='bbox 2831 1386 2927 1440; x_wconf 87' lang='grc' dir='ltr'>καὶ</span> <span class='ocrx_word' id='word_1_209' title='bbox 2972 1388 3376 1457; x_wconf 83' lang='grc' dir='ltr'>μετεποιήσατο</span> <span class='ocrx_word' id='word_1_210' title='bbox 3410 1390 3509 1458; x_wconf 76' lang='grc' dir='ltr'>τῆς</span> <span class='ocrx_word' id='word_1_211' title='bbox 3533 1384 3726 1462; x_wconf 73' lang='grc' dir='ltr'><strong>ἀρχῆς·</strong></span> 
     </span>
    </p>
   </div>
   <div class='ocr_carea' id='block_1_30' title="bbox 2162 1470 3732 1552">
    <p class='ocr_par' dir='ltr' id='par_1_30' title="bbox 2162 1470 3732 1552">
     <span class='ocr_line' id='line_1_30' title="bbox 2162 1470 3732 1552; baseline 0.004 -25"><span class='ocrx_word' id='word_1_212' title='bbox 2162 1476 2250 1545; x_wconf 74' lang='grc' dir='ltr'><strong>ἐφ’</strong></span> <span class='ocrx_word' id='word_1_213' title='bbox 2278 1470 2340 1529; x_wconf 74' lang='grc' dir='ltr'>οὗ</span> <span class='ocrx_word' id='word_1_214' title='bbox 2369 1477 2463 1528; x_wconf 82' lang='grc' dir='ltr'>καὶ</span> <span class='ocrx_word' id='word_1_215' title='bbox 2492 1475 2654 1541; x_wconf 77' lang='grc' dir='ltr'>αὐτὸς</span> <span class='ocrx_word' id='word_1_216' title='bbox 2686 1477 3011 1548; x_wconf 71' lang='grc' dir='ltr'>γεγέννηται</span> <span class='ocrx_word' id='word_1_217' title='bbox 3040 1476 3296 1550; x_wconf 83' lang='grc' dir='ltr'>Χριστὸς,</span> <span class='ocrx_word' id='word_1_218' title='bbox 3336 1497 3357 1531; x_wconf 77' lang='grc' dir='ltr'><strong>ε</strong></span> <span class='ocrx_word' id='word_1_219' title='bbox 3386 1480 3419 1552; x_wconf 83' lang='grc' dir='ltr'><strong>ή</strong></span> <span class='ocrx_word' id='word_1_220' title='bbox 3445 1480 3553 1535; x_wconf 86' lang='grc' dir='ltr'><strong>τῶν</strong></span> <span class='ocrx_word' id='word_1_221' title='bbox 3576 1480 3732 1535; x_wconf 75' lang='grc' dir='ltr'>ἐθνῶν</span> 
     </span>
    </p>
   </div>
   <div class='ocr_carea' id='block_1_31' title="bbox 2163 1565 3734 1644">
    <p class='ocr_par' dir='ltr' id='par_1_31' title="bbox 2163 1565 3734 1644">
     <span class='ocr_line' id='line_1_31' title="bbox 2163 1565 3734 1644; baseline 0.004 -24"><span class='ocrx_word' id='word_1_222' title='bbox 2163 1565 2478 1638; x_wconf 87' lang='grc' dir='ltr'>προσδοκία.</span> <span class='ocrx_word' id='word_1_223' title='bbox 2518 1586 2536 1618; x_wconf 75' lang='grc' dir='ltr'><strong>ι</strong></span> <span class='ocrx_word' id='word_1_224' title='bbox 2575 1569 2701 1622; x_wconf 83' lang='grc' dir='ltr'>’Ότι</span> <span class='ocrx_word' id='word_1_225' title='bbox 2731 1568 2841 1640; x_wconf 68' lang='grc' dir='ltr'>γὰρ</span> <span class='ocrx_word' id='word_1_226' title='bbox 2892 1568 3162 1623; x_wconf 64' lang='grc' dir='ltr'>σέσωσται</span> <span class='ocrx_word' id='word_1_227' title='bbox 3193 1571 3227 1640; x_wconf 80' lang='grc' dir='ltr'>ἠ</span> <span class='ocrx_word' id='word_1_228' title='bbox 3262 1570 3373 1624; x_wconf 64' lang='grc' dir='ltr'><strong>¹ιηιῖιν</strong></span> <span class='ocrx_word' id='word_1_229' title='bbox 3410 1571 3578 1626; x_wconf 84' lang='grc' dir='ltr'>ὲθνῶν</span> <span class='ocrx_word' id='word_1_230' title='bbox 3611 1572 3734 1644; x_wconf 84' lang='grc' dir='ltr'>πλη-</span> 
     </span>
    </p>
   </div>
   <div class='ocr_carea' id='block_1_32' title="bbox 2164 1659 3733 1733">
    <p class='ocr_par' dir='ltr' id='par_1_32' title="bbox 2164 1659 3733 1733">
     <span class='ocr_line' id='line_1_32' title="bbox 2164 1659 3733 1733; baseline 0.003 -20"><span class='ocrx_word' id='word_1_231' title='bbox 2164 1660 2259 1723; x_wconf 75' lang='grc' dir='ltr'>Θὺς</span> <span class='ocrx_word' id='word_1_232' title='bbox 2289 1661 2642 1732; x_wconf 75' lang='grc' dir='ltr'>γεννηθέντος</span> <span class='ocrx_word' id='word_1_233' title='bbox 2674 1659 2862 1724; x_wconf 76' lang='grc' dir='ltr'>αὐτοῦ,</span> <span class='ocrx_word' id='word_1_234' title='bbox 2890 1659 3119 1733; x_wconf 80' lang='grc' dir='ltr'><strong>μακρῶν</strong></span> <span class='ocrx_word' id='word_1_235' title='bbox 3152 1661 3213 1714; x_wconf 77' lang='grc' dir='ltr'>οὐ</span> <span class='ocrx_word' id='word_1_236' title='bbox 3244 1661 3428 1733; x_wconf 80' lang='grc' dir='ltr'><strong>δεήσει</strong></span> <span class='ocrx_word' id='word_1_237' title='bbox 3458 1663 3590 1733; x_wconf 83' lang='grc' dir='ltr'>πρὸς</span> <span class='ocrx_word' id='word_1_238' title='bbox 3612 1663 3733 1717; x_wconf 72' lang='grc' dir='ltr'>ἁπόο</span> 
     </span>
    </p>
   </div>
   <div class='ocr_carea' id='block_1_33' title="bbox 2162 1746 3729 1822">
    <p class='ocr_par' dir='ltr' id='par_1_33' title="bbox 2162 1746 3729 1822">
     <span class='ocr_line' id='line_1_33' title="bbox 2162 1746 3729 1822; baseline 0.002 -20"><span class='ocrx_word' id='word_1_239' title='bbox 2162 1746 2327 1815; x_wconf 77' lang='grc' dir='ltr'>δειξιν</span> <span class='ocrx_word' id='word_1_240' title='bbox 2359 1750 2555 1820; x_wconf 87' lang='grc' dir='ltr'>λόγων,</span> <span class='ocrx_word' id='word_1_241' title='bbox 2589 1748 2754 1805; x_wconf 83' lang='grc' dir='ltr'>αὐτοῦ</span> <span class='ocrx_word' id='word_1_242' title='bbox 2786 1750 3220 1821; x_wconf 84' lang='grc' dir='ltr'>διακεκραγότος</span> <span class='ocrx_word' id='word_1_243' title='bbox 3261 1751 3362 1804; x_wconf 71' lang='grc' dir='ltr'><strong>⁴νοῦ</strong></span> <span class='ocrx_word' id='word_1_244' title='bbox 3402 1753 3729 1822; x_wconf 82' lang='grc' dir='ltr'>πράγματος.</span> 
     </span>
    </p>
   </div>
   <div class='ocr_carea' id='block_1_34' title="bbox 478 1835 2060 1916">
    <p class='ocr_par' dir='ltr' id='par_1_34' title="bbox 478 1841 2060 1916">
     <span class='ocr_line' id='line_1_34' title="bbox 478 1841 2060 1916; baseline -0.003 -16"><span class='ocrx_word' id='word_1_245' title='bbox 478 1854 601 1916; x_wconf 88' lang='lat' dir='ltr'><strong>post</strong></span> <span class='ocrx_word' id='word_1_246' title='bbox 627 1847 777 1904; x_wconf 88' lang='lat' dir='ltr'><strong>hunc</strong></span> <span class='ocrx_word' id='word_1_247' title='bbox 798 1847 1079 1904; x_wconf 86' lang='lat' dir='ltr'><strong>vocandus</strong></span> <span class='ocrx_word' id='word_1_248' title='bbox 1104 1846 1175 1902; x_wconf 90' lang='lat' dir='ltr'><strong>sit</strong></span> <span class='ocrx_word' id='word_1_249' title='bbox 1200 1844 1386 1910; x_wconf 83' lang='lat' dir='ltr'><strong>Israel,</strong></span> <span class='ocrx_word' id='word_1_250' title='bbox 1446 1843 1712 1898; x_wconf 89' lang='lat' dir='ltr'><strong>continuo</strong></span> <span class='ocrx_word' id='word_1_251' title='bbox 1736 1843 1950 1906; x_wconf 89' lang='lat' dir='ltr'><strong>docuit,</strong></span> <span class='ocrx_word' id='word_1_252' title='bbox 1980 1841 2060 1895; x_wconf 89' lang='lat' dir='ltr'><strong>di-</strong></span> 
     </span>
    </p>
   </div>
   <div class='ocr_carea' id='block_1_35' title="bbox 2161 1835 3731 1916">
    <p class='ocr_par' dir='ltr' id='par_1_35' title="bbox 2166 1841 3731 1916">
     <span class='ocr_line' id='line_1_35' title="bbox 2166 1841 3731 1916; baseline 0 -19"><span class='ocrx_word' id='word_1_253' title='bbox 2166 1842 2314 1914; x_wconf 75' lang='grc' dir='ltr'>Πλὴν</span> <span class='ocrx_word' id='word_1_254' title='bbox 2346 1843 2430 1897; x_wconf 82' lang='grc' dir='ltr'>ὅτι</span> <span class='ocrx_word' id='word_1_255' title='bbox 2465 1841 2870 1916; x_wconf 77' lang='grc' dir='ltr'>προεισέφρησε</span> <span class='ocrx_word' id='word_1_256' title='bbox 2905 1843 3003 1913; x_wconf 83' lang='grc' dir='ltr'><strong>μὲν</strong></span> <span class='ocrx_word' id='word_1_257' title='bbox 3042 1842 3130 1895; x_wconf 78' lang='grc' dir='ltr'><strong>διὰ</strong></span> <span class='ocrx_word' id='word_1_258' title='bbox 3164 1842 3405 1907; x_wconf 85' lang='grc' dir='ltr'>πίστεως</span> <span class='ocrx_word' id='word_1_259' title='bbox 3432 1845 3460 1896; x_wconf 88' lang='grc' dir='ltr'>ὁ</span> <span class='ocrx_word' id='word_1_260' title='bbox 3488 1844 3547 1908; x_wconf 63' lang='grc' dir='ltr'><strong>ἐξ</strong></span> <span class='ocrx_word' id='word_1_261' title='bbox 3578 1843 3731 1897; x_wconf 77' lang='grc' dir='ltr'>ἐθνῶν</span> 
     </span>
    </p>
   </div>
   <div class='ocr_carea' id='block_1_36' title="bbox 480 1934 2063 2010">
    <p class='ocr_par' dir='ltr' id='par_1_36' title="bbox 480 1934 2063 2010">
     <span class='ocr_line' id='line_1_36' title="bbox 480 1934 2063 2010; baseline -0.003 -15"><span class='ocrx_word' id='word_1_262' title='bbox 480 1955 650 1995; x_wconf 88' lang='lat' dir='ltr'><strong>cens:</strong></span> <span class='ocrx_word' id='word_1_263' title='bbox 693 1959 712 1991; x_wconf 75' lang='grc' dir='ltr'><strong>ι</strong></span> <span class='ocrx_word' id='word_1_264' title='bbox 761 1939 961 2010; x_wconf 77' lang='lat' dir='ltr'><strong>Ligans</strong></span> <span class='ocrx_word' id='word_1_265' title='bbox 1022 1939 1092 1993; x_wconf 89' lang='lat' dir='ltr'><strong>ad</strong></span> <span class='ocrx_word' id='word_1_266' title='bbox 1138 1939 1307 1992; x_wconf 90' lang='lat' dir='ltr'><strong>vitem</strong></span> <span class='ocrx_word' id='word_1_267' title='bbox 1355 1936 1570 2006; x_wconf 88' lang='lat' dir='ltr'><strong>pullum</strong></span> <span class='ocrx_word' id='word_1_268' title='bbox 1630 1950 1813 1989; x_wconf 89' lang='lat' dir='ltr'><strong>suum.</strong></span> <span class='ocrx_word' id='word_1_269' title='bbox 1861 1953 1880 1986; x_wconf 71' lang='grc' dir='ltr'><strong>ι</strong></span> <span class='ocrx_word' id='word_1_270' title='bbox 1923 1934 2063 1991; x_wconf 80' lang='lat' dir='ltr'><strong>Vitis</strong></span> 
     </span>
    </p>
   </div>
   <div class='ocr_carea' id='block_1_37' title="bbox 475 2026 2063 2097">
    <p class='ocr_par' dir='ltr' id='par_1_37' title="bbox 475 2026 2063 2097">
     <span class='ocr_line' id='line_1_37' title="bbox 475 2026 2063 2097; baseline -0.003 -11"><span class='ocrx_word' id='word_1_271' title='bbox 475 2031 625 2086; x_wconf 87' lang='lat' dir='ltr'><strong>enim</strong></span> <span class='ocrx_word' id='word_1_272' title='bbox 657 2031 749 2086; x_wconf 88' lang='lat' dir='ltr'><strong>illa</strong></span> <span class='ocrx_word' id='word_1_273' title='bbox 771 2046 923 2095; x_wconf 86' lang='lat' dir='ltr'><strong>vera,</strong></span> <span class='ocrx_word' id='word_1_274' title='bbox 951 2032 1057 2085; x_wconf 92' lang='lat' dir='ltr'><strong>hoc</strong></span> <span class='ocrx_word' id='word_1_275' title='bbox 1094 2039 1180 2085; x_wconf 90' lang='lat' dir='ltr'><strong>est</strong></span> <span class='ocrx_word' id='word_1_276' title='bbox 1201 2029 1479 2093; x_wconf 84' lang='lat' dir='ltr'><strong>Christus,</strong></span> <span class='ocrx_word' id='word_1_277' title='bbox 1510 2028 1668 2097; x_wconf 79' lang='lat' dir='ltr'><strong>quasi</strong></span> <span class='ocrx_word' id='word_1_278' title='bbox 1703 2028 1808 2082; x_wconf 86' lang='lat' dir='ltr'><strong>sibi</strong></span> <span class='ocrx_word' id='word_1_279' title='bbox 1836 2026 1942 2097; x_wconf 89' lang='lat' dir='ltr'><strong>ipsi</strong></span> <span class='ocrx_word' id='word_1_280' title='bbox 1964 2041 2063 2097; x_wconf 89' lang='lat' dir='ltr'><strong>per</strong></span> 
     </span>
    </p>
   </div>
   <div class='ocr_carea' id='block_1_38' title="bbox 477 2116 2060 2189">
    <p class='ocr_par' dir='ltr' id='par_1_38' title="bbox 477 2116 2060 2189">
     <span class='ocr_line' id='line_1_38' title="bbox 477 2116 2060 2189; baseline -0.003 -15"><span class='ocrx_word' id='word_1_281' title='bbox 477 2119 640 2174; x_wconf 82' lang='lat' dir='ltr'><strong>ﬁdem</strong></span> <span class='ocrx_word' id='word_1_282' title='bbox 667 2119 911 2189; x_wconf 78' lang='lat' dir='ltr'><strong>alligavit</strong></span> <span class='ocrx_word' id='word_1_283' title='bbox 948 2117 1113 2189; x_wconf 65' lang='grc'><strong>224</strong></span> <span class='ocrx_word' id='word_1_284' title='bbox 1158 2117 1423 2187; x_wconf 88' lang='lat' dir='ltr'><strong>populum</strong></span> <span class='ocrx_word' id='word_1_285' title='bbox 1470 2128 1539 2171; x_wconf 76' lang='lat' dir='ltr'><strong>ex</strong></span> <span class='ocrx_word' id='word_1_286' title='bbox 1584 2116 1863 2185; x_wconf 83' lang='lat' dir='ltr'><strong>gentibus,</strong></span> <span class='ocrx_word' id='word_1_287' title='bbox 1895 2130 2060 2186; x_wconf 89' lang='lat' dir='ltr'><strong>quem</strong></span> 
     </span>
    </p>
   </div>
   <div class='ocr_carea' id='block_1_39' title="bbox 477 2204 2060 2275">
    <p class='ocr_par' dir='ltr' id='par_1_39' title="bbox 477 2204 2060 2275">
     <span class='ocr_line' id='line_1_39' title="bbox 477 2204 2060 2275; baseline 0 -16"><span class='ocrx_word' id='word_1_288' title='bbox 477 2206 634 2275; x_wconf 89' lang='lat' dir='ltr'><strong>pullo</strong></span> <span class='ocrx_word' id='word_1_289' title='bbox 662 2215 969 2275; x_wconf 83' lang='lat' dir='ltr'><strong>comparat.</strong></span> <span class='ocrx_word' id='word_1_290' title='bbox 1012 2205 1173 2269; x_wconf 85' lang='lat' dir='ltr'><strong>Quod</strong></span> <span class='ocrx_word' id='word_1_291' title='bbox 1201 2213 1385 2259; x_wconf 86' lang='lat' dir='ltr'><strong>autem</strong></span> <span class='ocrx_word' id='word_1_292' title='bbox 1425 2204 1663 2275; x_wconf 82' lang='lat' dir='ltr'><strong>alligarit</strong></span> <span class='ocrx_word' id='word_1_293' title='bbox 1698 2207 1955 2275; x_wconf 89' lang='lat' dir='ltr'><strong>capreolo</strong></span> <span class='ocrx_word' id='word_1_294' title='bbox 1975 2205 2060 2260; x_wconf 87' lang='lat' dir='ltr'><strong>vi-</strong></span> 
     </span>
    </p>
   </div>
   <div class='ocr_carea' id='block_1_40' title="bbox 477 2296 2061 2368">
    <p class='ocr_par' dir='ltr' id='par_1_40' title="bbox 477 2296 2061 2368">
     <span class='ocr_line' id='line_1_40' title="bbox 477 2296 2061 2368; baseline 0 -16"><span class='ocrx_word' id='word_1_295' title='bbox 477 2297 567 2363; x_wconf 88' lang='lat' dir='ltr'><strong>tis,</strong></span> <span class='ocrx_word' id='word_1_296' title='bbox 608 2298 830 2361; x_wconf 84' lang='lat' dir='ltr'><strong>hocest,</strong></span> <span class='ocrx_word' id='word_1_297' title='bbox 857 2298 1151 2352; x_wconf 86' lang='lat' dir='ltr'><strong>dilectione</strong></span> <span class='ocrx_word' id='word_1_298' title='bbox 1190 2312 1308 2362; x_wconf 84' lang='lat' dir='ltr'><strong>sua,</strong></span> <span class='ocrx_word' id='word_1_299' title='bbox 1335 2296 1548 2367; x_wconf 91' lang='lat' dir='ltr'><strong>pullum</strong></span> <span class='ocrx_word' id='word_1_300' title='bbox 1573 2298 1760 2363; x_wconf 61' lang='lat' dir='ltr'><strong>asinae,</strong></span> <span class='ocrx_word' id='word_1_301' title='bbox 1796 2299 2061 2368; x_wconf 86' lang='lat' dir='ltr'><strong>populum</strong></span> 
     </span>
    </p>
   </div>
   <div class='ocr_carea' id='block_1_41' title="bbox 477 2387 2058 2459">
    <p class='ocr_par' dir='ltr' id='par_1_41' title="bbox 477 2387 2058 2459">
     <span class='ocr_line' id='line_1_41' title="bbox 477 2387 2058 2459; baseline 0.002 -18"><span class='ocrx_word' id='word_1_302' title='bbox 477 2388 726 2458; x_wconf 87' lang='lat' dir='ltr'><strong>inquam,</strong></span> <span class='ocrx_word' id='word_1_303' title='bbox 755 2390 850 2458; x_wconf 88' lang='lat' dir='ltr'><strong>qui</strong></span> <span class='ocrx_word' id='word_1_304' title='bbox 895 2387 1136 2443; x_wconf 90' lang='lat' dir='ltr'><strong>credidit</strong></span> <span class='ocrx_word' id='word_1_305' title='bbox 1175 2404 1245 2443; x_wconf 78' lang='lat' dir='ltr'><strong>ex</strong></span> <span class='ocrx_word' id='word_1_306' title='bbox 1266 2389 1448 2459; x_wconf 62' lang='lat' dir='ltr'><strong>prisca</strong></span> <span class='ocrx_word' id='word_1_307' title='bbox 1493 2388 1810 2444; x_wconf 68' lang='lat' dir='ltr'><strong>Judteorum</strong></span> <span class='ocrx_word' id='word_1_308' title='bbox 1858 2397 2058 2453; x_wconf 86' lang='lat' dir='ltr'><strong>matre,</strong></span> 
     </span>
    </p>
   </div>
   <div class='ocr_carea' id='block_1_42' title="bbox 475 2479 2060 2553">
    <p class='ocr_par' dir='ltr' id='par_1_42' title="bbox 475 2479 2060 2553">
     <span class='ocr_line' id='line_1_42' title="bbox 475 2479 2060 2553; baseline -0.002 -17"><span class='ocrx_word' id='word_1_309' title='bbox 475 2490 573 2537; x_wconf 89' lang='lat' dir='ltr'><strong>aut</strong></span> <span class='ocrx_word' id='word_1_310' title='bbox 600 2481 904 2553; x_wconf 78' lang='lat' dir='ltr'><strong>Synagoga,</strong></span> <span class='ocrx_word' id='word_1_311' title='bbox 930 2480 1207 2551; x_wconf 89' lang='lat' dir='ltr'><strong>quomodo</strong></span> <span class='ocrx_word' id='word_1_312' title='bbox 1232 2481 1358 2550; x_wconf 88' lang='lat' dir='ltr'><strong>quis</strong></span> <span class='ocrx_word' id='word_1_313' title='bbox 1400 2479 1754 2546; x_wconf 80' lang='lat' dir='ltr'><strong>dubitaverit,</strong></span> <span class='ocrx_word' id='word_1_314' title='bbox 1783 2494 1907 2534; x_wconf 92' lang='lat' dir='ltr'><strong>cum</strong></span> <span class='ocrx_word' id='word_1_315' title='bbox 1935 2480 2060 2534; x_wconf 92' lang='lat' dir='ltr'><strong>uni-</strong></span> 
     </span>
    </p>
   </div>
   <div class='ocr_carea' id='block_1_43' title="bbox 475 2565 2060 2641">
    <p class='ocr_par' dir='ltr' id='par_1_43' title="bbox 475 2565 2060 2641">
     <span class='ocr_line' id='line_1_43' title="bbox 475 2565 2060 2641; baseline -0.003 -13"><span class='ocrx_word' id='word_1_316' title='bbox 475 2589 652 2639; x_wconf 84' lang='lat' dir='ltr'><strong>versa,</strong></span> <span class='ocrx_word' id='word_1_317' title='bbox 675 2581 737 2629; x_wconf 92' lang='lat' dir='ltr'><strong>ut</strong></span> <span class='ocrx_word' id='word_1_318' title='bbox 758 2589 870 2628; x_wconf 92' lang='lat' dir='ltr'><strong>uno</strong></span> <span class='ocrx_word' id='word_1_319' title='bbox 897 2573 1069 2626; x_wconf 89' lang='lat' dir='ltr'><strong>verbo</strong></span> <span class='ocrx_word' id='word_1_320' title='bbox 1094 2572 1298 2635; x_wconf 88' lang='lat' dir='ltr'><strong>dicam,</strong></span> <span class='ocrx_word' id='word_1_321' title='bbox 1329 2585 1486 2626; x_wconf 89' lang='lat' dir='ltr'><strong>sacra</strong></span> <span class='ocrx_word' id='word_1_322' title='bbox 1520 2565 1803 2641; x_wconf 86' lang='lat' dir='ltr'><strong>Scriptura</strong></span> <span class='ocrx_word' id='word_1_323' title='bbox 1828 2579 2060 2626; x_wconf 89' lang='lat' dir='ltr'><strong>testetur</strong></span> 
     </span>
    </p>
   </div>
   <div class='ocr_carea' id='block_1_44' title="bbox 476 2652 2060 2735">
    <p class='ocr_par' dir='ltr' id='par_1_44' title="bbox 476 2652 2060 2735">
     <span class='ocr_line' id='line_1_44' title="bbox 476 2652 2060 2735; baseline -0.003 -17"><span class='ocrx_word' id='word_1_324' title='bbox 476 2663 583 2718; x_wconf 87' lang='lat' dir='ltr'><strong>hoc</strong></span> <span class='ocrx_word' id='word_1_325' title='bbox 637 2662 1007 2735; x_wconf 83' lang='lat' dir='ltr'><strong>mysterium?</strong></span> <span class='ocrx_word' id='word_1_326' title='bbox 1050 2660 1149 2716; x_wconf 89' lang='lat' dir='ltr'><strong>sed</strong></span> <span class='ocrx_word' id='word_1_327' title='bbox 1192 2660 1344 2731; x_wconf 92' lang='lat' dir='ltr'><strong>quod</strong></span> <span class='ocrx_word' id='word_1_328' title='bbox 1396 2658 1622 2730; x_wconf 88' lang='lat' dir='ltr'><strong>proprio</strong></span> <span class='ocrx_word' id='word_1_329' title='bbox 1668 2652 1935 2730; x_wconf 77' lang='lat' dir='ltr'><strong>sanguine</strong></span> <span class='ocrx_word' id='word_1_330' title='bbox 1987 2659 2060 2714; x_wconf 89' lang='lat' dir='ltr'><strong>sit</strong></span> 
     </span>
    </p>
   </div>
   <div class='ocr_carea' id='block_1_45' title="bbox 474 2750 2058 2825">
    <p class='ocr_par' dir='ltr' id='par_1_45' title="bbox 474 2750 2058 2825">
     <span class='ocr_line' id='line_1_45' title="bbox 474 2750 2058 2825; baseline -0.003 -15"><span class='ocrx_word' id='word_1_331' title='bbox 474 2756 824 2825; x_wconf 83' lang='lat' dir='ltr'><strong>suamipsius</strong></span> <span class='ocrx_word' id='word_1_332' title='bbox 853 2769 1078 2810; x_wconf 89' lang='lat' dir='ltr'><strong>carnem</strong></span> <span class='ocrx_word' id='word_1_333' title='bbox 1109 2753 1388 2807; x_wconf 88' lang='lat' dir='ltr'><strong>tincturus</strong></span> <span class='ocrx_word' id='word_1_334' title='bbox 1422 2751 1573 2820; x_wconf 77' lang='lat' dir='ltr'><strong>ligno</strong></span> <span class='ocrx_word' id='word_1_335' title='bbox 1610 2750 1804 2807; x_wconf 77' lang='lat' dir='ltr'><strong>allixus</strong></span> <span class='ocrx_word' id='word_1_336' title='bbox 1846 2767 1914 2806; x_wconf 87' lang='lat' dir='ltr'><strong>ac</strong></span> <span class='ocrx_word' id='word_1_337' title='bbox 1935 2753 2058 2806; x_wconf 87' lang='lat' dir='ltr'><strong>lan-</strong></span> 
     </span>
    </p>
   </div>
   <div class='ocr_carea' id='block_1_46' title="bbox 473 2842 2056 2919">
    <p class='ocr_par' dir='ltr' id='par_1_46' title="bbox 473 2842 2056 2919">
     <span class='ocr_line' id='line_1_46' title="bbox 473 2842 2056 2919; baseline -0.004 -16"><span class='ocrx_word' id='word_1_338' title='bbox 473 2862 570 2903; x_wconf 89' lang='lat' dir='ltr'><strong>cea</strong></span> <span class='ocrx_word' id='word_1_339' title='bbox 624 2845 958 2919; x_wconf 79' lang='lat' dir='ltr'><strong>perforatus,</strong></span> <span class='ocrx_word' id='word_1_340' title='bbox 997 2843 1245 2899; x_wconf 88' lang='lat' dir='ltr'><strong>ostendit</strong></span> <span class='ocrx_word' id='word_1_341' title='bbox 1284 2842 1375 2898; x_wconf 85' lang='lat' dir='ltr'><strong>his</strong></span> <span class='ocrx_word' id='word_1_342' title='bbox 1418 2842 1631 2896; x_wconf 79' lang='lat' dir='ltr'><strong>verbis:</strong></span> <span class='ocrx_word' id='word_1_343' title='bbox 1669 2860 1687 2893; x_wconf 78' lang='grc' dir='ltr'><strong>ι</strong></span> <span class='ocrx_word' id='word_1_344' title='bbox 1711 2842 1942 2897; x_wconf 84' lang='lat' dir='ltr'><strong>Lavabit</strong></span> <span class='ocrx_word' id='word_1_345' title='bbox 2002 2843 2056 2897; x_wconf 88' lang='lat' dir='ltr'><strong>in</strong></span> 
     </span>
    </p>
   </div>
   <div class='ocr_carea' id='block_1_47' title="bbox 474 2934 2057 3005">
    <p class='ocr_par' dir='ltr' id='par_1_47' title="bbox 474 2934 2057 3005">
     <span class='ocr_line' id='line_1_47' title="bbox 474 2934 2057 3005; baseline -0.004 -11"><span class='ocrx_word' id='word_1_346' title='bbox 474 2940 605 2994; x_wconf 84' lang='lat' dir='ltr'><strong>vino</strong></span> <span class='ocrx_word' id='word_1_347' title='bbox 660 2939 859 2993; x_wconf 76' lang='lat' dir='ltr'><strong>stolam</strong></span> <span class='ocrx_word' id='word_1_348' title='bbox 923 2950 1101 2999; x_wconf 89' lang='lat' dir='ltr'><strong>suam,</strong></span> <span class='ocrx_word' id='word_1_349' title='bbox 1163 2943 1222 2990; x_wconf 90' lang='lat' dir='ltr'><strong>et</strong></span> <span class='ocrx_word' id='word_1_350' title='bbox 1273 2936 1329 2989; x_wconf 90' lang='lat' dir='ltr'><strong>in</strong></span> <span class='ocrx_word' id='word_1_351' title='bbox 1368 2934 1635 3005; x_wconf 79' lang='lat' dir='ltr'><strong>sanguine</strong></span> <span class='ocrx_word' id='word_1_352' title='bbox 1674 2947 1793 2989; x_wconf 67' lang='lat' dir='ltr'><strong>uvae</strong></span> <span class='ocrx_word' id='word_1_353' title='bbox 1830 2934 2057 3003; x_wconf 87' lang='lat' dir='ltr'><strong>pallium</strong></span> 
     </span>
    </p>
   </div>
   <div class='ocr_carea' id='block_1_48' title="bbox 474 3026 2057 3086">
    <p class='ocr_par' dir='ltr' id='par_1_48' title="bbox 474 3026 2057 3086">
     <span class='ocr_line' id='line_1_48' title="bbox 474 3026 2057 3086; baseline -0.002 -1"><span class='ocrx_word' id='word_1_354' title='bbox 474 3045 656 3086; x_wconf 82' lang='lat' dir='ltr'><strong>suum.</strong></span> <span class='ocrx_word' id='word_1_355' title='bbox 707 3046 725 3080; x_wconf 77' lang='grc' dir='ltr'><strong>ι</strong></span> <span class='ocrx_word' id='word_1_356' title='bbox 770 3028 927 3084; x_wconf 86' lang='lat' dir='ltr'><strong>Unde</strong></span> <span class='ocrx_word' id='word_1_357' title='bbox 967 3036 1025 3084; x_wconf 89' lang='lat' dir='ltr'><strong>et</strong></span> <span class='ocrx_word' id='word_1_358' title='bbox 1078 3027 1303 3083; x_wconf 87' lang='lat' dir='ltr'><strong>divinus</strong></span> <span class='ocrx_word' id='word_1_359' title='bbox 1326 3027 1498 3083; x_wconf 86' lang='lat' dir='ltr'><strong>Isaias</strong></span> <span class='ocrx_word' id='word_1_360' title='bbox 1518 3040 1810 3081; x_wconf 83' lang='lat' dir='ltr'><strong>ascensum</strong></span> <span class='ocrx_word' id='word_1_361' title='bbox 1850 3026 2057 3082; x_wconf 88' lang='lat' dir='ltr'><strong>Christi</strong></span> 
     </span>
    </p>
   </div>
   <div class='ocr_carea' id='block_1_49' title="bbox 474 3120 2059 3190">
    <p class='ocr_par' dir='ltr' id='par_1_49' title="bbox 474 3120 2059 3190">
     <span class='ocr_line' id='line_1_49' title="bbox 474 3120 2059 3190; baseline -0.002 -14"><span class='ocrx_word' id='word_1_362' title='bbox 474 3121 541 3176; x_wconf 86' lang='lat' dir='ltr'><strong>ad</strong></span> <span class='ocrx_word' id='word_1_363' title='bbox 571 3121 743 3176; x_wconf 66' lang='lat' dir='ltr'><strong>caelos</strong></span> <span class='ocrx_word' id='word_1_364' title='bbox 771 3135 1063 3184; x_wconf 88' lang='lat' dir='ltr'><strong>enarrans,</strong></span> <span class='ocrx_word' id='word_1_365' title='bbox 1090 3120 1317 3190; x_wconf 75' lang='lat' dir='ltr'><strong>angelos</strong></span> <span class='ocrx_word' id='word_1_366' title='bbox 1342 3127 1437 3173; x_wconf 87' lang='lat' dir='ltr'><strong>aut</strong></span> <span class='ocrx_word' id='word_1_367' title='bbox 1456 3130 1724 3187; x_wconf 87' lang='lat' dir='ltr'><strong>supernas</strong></span> <span class='ocrx_word' id='word_1_368' title='bbox 1754 3125 2059 3189; x_wconf 84' lang='lat' dir='ltr'><strong>potestates</strong></span> 
     </span>
    </p>
   </div>
   <div class='ocr_carea' id='block_1_50' title="bbox 472 3300 2058 3371">
    <p class='ocr_par' dir='ltr' id='par_1_50' title="bbox 472 3300 2058 3371">
     <span class='ocr_line' id='line_1_50' title="bbox 472 3300 2058 3371; baseline -0.003 -11"><span class='ocrx_word' id='word_1_369' title='bbox 472 3305 629 3360; x_wconf 77' lang='lat' dir='ltr'><strong>venit</strong></span> <span class='ocrx_word' id='word_1_370' title='bbox 654 3318 723 3358; x_wconf 79' lang='lat' dir='ltr'><strong>ex</strong></span> <span class='ocrx_word' id='word_1_371' title='bbox 745 3303 960 3358; x_wconf 80' lang='lat' dir='ltr'><strong>Edom?</strong></span> <span class='ocrx_word' id='word_1_372' title='bbox 988 3301 1222 3357; x_wconf 80' lang='lat' dir='ltr'><strong>Rubedo</strong></span> <span class='ocrx_word' id='word_1_373' title='bbox 1244 3302 1302 3355; x_wconf 88' lang='lat' dir='ltr'><strong>in</strong></span> <span class='ocrx_word' id='word_1_374' title='bbox 1336 3300 1686 3356; x_wconf 72' lang='lat' dir='ltr'><strong>vestimentis</strong></span> <span class='ocrx_word' id='word_1_375' title='bbox 1709 3302 1831 3371; x_wconf 87' lang='lat' dir='ltr'><strong>ejus</strong></span> <span class='ocrx_word' id='word_1_376' title='bbox 1863 3316 1931 3355; x_wconf 77' lang='lat' dir='ltr'><strong>ex</strong></span> <span class='ocrx_word' id='word_1_377' title='bbox 1951 3301 2058 3356; x_wconf 89' lang='lat' dir='ltr'><strong>Bo-</strong></span> 
     </span>
    </p>
   </div>
   <div class='ocr_carea' id='block_1_51' title="bbox 472 3390 2059 3451">
    <p class='ocr_par' dir='ltr' id='par_1_51' title="bbox 472 3390 2059 3451">
     <span class='ocr_line' id='line_1_51' title="bbox 472 3390 2059 3451; baseline -0.001 -1"><span class='ocrx_word' id='word_1_378' title='bbox 472 3409 567 3451; x_wconf 80' lang='lat' dir='ltr'><strong>sor</strong></span> <span class='ocrx_word' id='word_1_379' title='bbox 594 3396 732 3450; x_wconf 70' lang='lat'><strong>“-&quot;.</strong></span> <span class='ocrx_word' id='word_1_380' title='bbox 765 3415 783 3447; x_wconf 73' lang='grc' dir='ltr'><strong>ι</strong></span> <span class='ocrx_word' id='word_1_381' title='bbox 813 3396 883 3451; x_wconf 85' lang='grc' dir='ltr'>Ει</span> <span class='ocrx_word' id='word_1_382' title='bbox 904 3409 1129 3449; x_wconf 88' lang='lat' dir='ltr'><strong>rursus:</strong></span> <span class='ocrx_word' id='word_1_383' title='bbox 1172 3412 1188 3444; x_wconf 78' lang='grc' dir='ltr'><strong>ι</strong></span> <span class='ocrx_word' id='word_1_384' title='bbox 1209 3390 1324 3448; x_wconf 81' lang='lat' dir='ltr'><strong>Cur</strong></span> <span class='ocrx_word' id='word_1_385' title='bbox 1356 3392 1527 3447; x_wconf 89' lang='lat' dir='ltr'><strong>rubra</strong></span> <span class='ocrx_word' id='word_1_386' title='bbox 1576 3400 1709 3447; x_wconf 87' lang='lat' dir='ltr'><strong>sunt</strong></span> <span class='ocrx_word' id='word_1_387' title='bbox 1734 3393 2059 3449; x_wconf 81' lang='lat' dir='ltr'><strong>vestimenta</strong></span> 
     </span>
    </p>
   </div>
   <div class='ocr_carea' id='block_1_52' title="bbox 479 3482 2060 3553">
    <p class='ocr_par' dir='ltr' id='par_1_52' title="bbox 479 3482 2060 3553">
     <span class='ocr_line' id='line_1_52' title="bbox 479 3482 2060 3553; baseline -0.001 -14"><span class='ocrx_word' id='word_1_388' title='bbox 479 3499 590 3553; x_wconf 79' lang='lat' dir='ltr'><strong>tua,</strong></span> <span class='ocrx_word' id='word_1_389' title='bbox 614 3497 675 3543; x_wconf 90' lang='lat' dir='ltr'><strong>et</strong></span> <span class='ocrx_word' id='word_1_390' title='bbox 718 3487 1044 3542; x_wconf 86' lang='lat' dir='ltr'><strong>indumenta</strong></span> <span class='ocrx_word' id='word_1_391' title='bbox 1088 3493 1182 3538; x_wconf 87' lang='lat' dir='ltr'><strong>tua</strong></span> <span class='ocrx_word' id='word_1_392' title='bbox 1220 3490 1483 3552; x_wconf 84' lang='lat' dir='ltr'><strong>tanquam</strong></span> <span class='ocrx_word' id='word_1_393' title='bbox 1513 3496 1581 3537; x_wconf 78' lang='lat' dir='ltr'><strong>ex</strong></span> <span class='ocrx_word' id='word_1_394' title='bbox 1623 3482 1837 3538; x_wconf 86' lang='lat' dir='ltr'><strong>calcato</strong></span> <span class='ocrx_word' id='word_1_395' title='bbox 1871 3492 2060 3538; x_wconf 87' lang='lat' dir='ltr'><strong>torcu-</strong></span> 
     </span>
    </p>
   </div>
   <div class='ocr_carea' id='block_1_53' title="bbox 474 3573 2058 3646">
    <p class='ocr_par' dir='ltr' id='par_1_53' title="bbox 474 3573 2058 3646">
     <span class='ocr_line' id='line_1_53' title="bbox 474 3573 2058 3646; baseline -0.003 -12"><span class='ocrx_word' id='word_1_396' title='bbox 474 3578 576 3634; x_wconf 80' lang='lat' dir='ltr'><strong>lari</strong></span> <span class='ocrx_word' id='word_1_397' title='bbox 607 3580 694 3633; x_wconf 74' lang='grc' dir='ltr'><strong>³θῖ</strong></span> <span class='ocrx_word' id='word_1_398' title='bbox 719 3598 738 3630; x_wconf 78' lang='grc' dir='ltr'><strong>ι</strong></span> <span class='ocrx_word' id='word_1_399' title='bbox 771 3580 944 3633; x_wconf 87' lang='lat' dir='ltr'><strong>Porro</strong></span> <span class='ocrx_word' id='word_1_400' title='bbox 965 3576 1115 3646; x_wconf 91' lang='lat' dir='ltr'><strong>quod</strong></span> <span class='ocrx_word' id='word_1_401' title='bbox 1143 3575 1249 3629; x_wconf 88' lang='lat' dir='ltr'><strong>etsi</strong></span> <span class='ocrx_word' id='word_1_402' title='bbox 1274 3580 1528 3629; x_wconf 86' lang='lat' dir='ltr'><strong>mortuus</strong></span> <span class='ocrx_word' id='word_1_403' title='bbox 1548 3573 1736 3639; x_wconf 82' lang='lat' dir='ltr'><strong>fuerit,</strong></span> <span class='ocrx_word' id='word_1_404' title='bbox 1761 3583 1818 3630; x_wconf 88' lang='lat' dir='ltr'><strong>et</strong></span> <span class='ocrx_word' id='word_1_405' title='bbox 1839 3574 2058 3630; x_wconf 67' lang='lat' dir='ltr'><strong>Iudaeo-</strong></span> 
     </span>
    </p>
   </div>
   <div class='ocr_carea' id='block_1_54' title="bbox 475 3665 2058 3741">
    <p class='ocr_par' dir='ltr' id='par_1_54' title="bbox 475 3665 2058 3741">
     <span class='ocr_line' id='line_1_54' title="bbox 475 3665 2058 3741; baseline -0.001 -18"><span class='ocrx_word' id='word_1_406' title='bbox 475 3685 599 3725; x_wconf 82' lang='lat' dir='ltr'><strong>rum</strong></span> <span class='ocrx_word' id='word_1_407' title='bbox 625 3684 926 3741; x_wconf 86' lang='lat' dir='ltr'><strong>perpessus</strong></span> <span class='ocrx_word' id='word_1_408' title='bbox 964 3669 1036 3723; x_wconf 89' lang='lat' dir='ltr'><strong>sit</strong></span> <span class='ocrx_word' id='word_1_409' title='bbox 1071 3665 1585 3731; x_wconf 87' lang='lat' dir='ltr'><strong>debacchationem,</strong></span> <span class='ocrx_word' id='word_1_410' title='bbox 1613 3666 1817 3737; x_wconf 85' lang='lat' dir='ltr'><strong>alapas,</strong></span> <span class='ocrx_word' id='word_1_411' title='bbox 1854 3682 2058 3738; x_wconf 85' lang='lat' dir='ltr'><strong>oppro-</strong></span> 
     </span>
    </p>
   </div>
   <div class='ocr_carea' id='block_1_55' title="bbox 474 3758 2059 3831">
    <p class='ocr_par' dir='ltr' id='par_1_55' title="bbox 474 3758 2059 3831">
     <span class='ocr_line' id='line_1_55' title="bbox 474 3758 2059 3831; baseline -0.001 -14"><span class='ocrx_word' id='word_1_412' title='bbox 474 3764 630 3819; x_wconf 86' lang='lat' dir='ltr'><strong>bria:</strong></span> <span class='ocrx_word' id='word_1_413' title='bbox 659 3769 844 3817; x_wconf 87' lang='lat' dir='ltr'><strong>tamen</strong></span> <span class='ocrx_word' id='word_1_414' title='bbox 889 3775 1005 3817; x_wconf 86' lang='lat' dir='ltr'><strong>non</strong></span> <span class='ocrx_word' id='word_1_415' title='bbox 1038 3759 1276 3816; x_wconf 87' lang='lat' dir='ltr'><strong>multum</strong></span> <span class='ocrx_word' id='word_1_416' title='bbox 1320 3773 1388 3813; x_wconf 88' lang='lat' dir='ltr'><strong>ea</strong></span> <span class='ocrx_word' id='word_1_417' title='bbox 1425 3758 1658 3823; x_wconf 88' lang='lat' dir='ltr'><strong>curarit,</strong></span> <span class='ocrx_word' id='word_1_418' title='bbox 1704 3774 1903 3829; x_wconf 84' lang='lat' dir='ltr'><strong>passus</strong></span> <span class='ocrx_word' id='word_1_419' title='bbox 1957 3775 2059 3831; x_wconf 89' lang='lat' dir='ltr'><strong>pro</strong></span> 
     </span>
    </p>
   </div>
   <div class='ocr_carea' id='block_1_56' title="bbox 472 3846 2057 3921">
    <p class='ocr_par' dir='ltr' id='par_1_56' title="bbox 472 3846 2057 3921">
     <span class='ocr_line' id='line_1_56' title="bbox 472 3846 2057 3921; baseline 0.001 -16"><span class='ocrx_word' id='word_1_420' title='bbox 472 3851 656 3917; x_wconf 87' lang='lat' dir='ltr'><strong>nobis,</strong></span> <span class='ocrx_word' id='word_1_421' title='bbox 692 3865 995 3921; x_wconf 86' lang='lat' dir='ltr'><strong>omnesque</strong></span> <span class='ocrx_word' id='word_1_422' title='bbox 1019 3850 1266 3913; x_wconf 80' lang='lat' dir='ltr'><strong>salvans;</strong></span> <span class='ocrx_word' id='word_1_423' title='bbox 1319 3846 1419 3903; x_wconf 87' lang='lat' dir='ltr'><strong>sed</strong></span> <span class='ocrx_word' id='word_1_424' title='bbox 1462 3847 1648 3918; x_wconf 88' lang='lat' dir='ltr'><strong>potius</strong></span> <span class='ocrx_word' id='word_1_425' title='bbox 1684 3863 1784 3918; x_wconf 89' lang='lat' dir='ltr'><strong>pro</strong></span> <span class='ocrx_word' id='word_1_426' title='bbox 1800 3849 2057 3919; x_wconf 77' lang='lat' dir='ltr'><strong>gratissi—</strong></span> 
     </span>
    </p>
   </div>
   <div class='ocr_carea' id='block_1_57' title="bbox 474 3937 2062 4012">
    <p class='ocr_par' dir='ltr' id='par_1_57' title="bbox 474 3937 2062 4012">
     <span class='ocr_line' id='line_1_57' title="bbox 474 3937 2062 4012; baseline 0 -16"><span class='ocrx_word' id='word_1_427' title='bbox 474 3943 597 4007; x_wconf 81' lang='lat' dir='ltr'><strong>mis,</strong></span> <span class='ocrx_word' id='word_1_428' title='bbox 632 3942 857 4012; x_wconf 84' lang='lat' dir='ltr'><strong>sibique</strong></span> <span class='ocrx_word' id='word_1_429' title='bbox 906 3939 1145 3996; x_wconf 85' lang='lat' dir='ltr'><strong>assuetis</strong></span> <span class='ocrx_word' id='word_1_430' title='bbox 1188 3937 1408 3995; x_wconf 87' lang='lat' dir='ltr'><strong>deliciis</strong></span> <span class='ocrx_word' id='word_1_431' title='bbox 1448 3938 1728 4005; x_wconf 87' lang='lat' dir='ltr'><strong>habuerit,</strong></span> <span class='ocrx_word' id='word_1_432' title='bbox 1762 3939 2062 3996; x_wconf 83' lang='lat' dir='ltr'><strong>declaravit</strong></span> 
     </span>
    </p>
   </div>
   <div class='ocr_carea' id='block_1_58' title="bbox 471 4030 2050 4091">
    <p class='ocr_par' dir='ltr' id='par_1_58' title="bbox 471 4030 2050 4091">
     <span class='ocr_line' id='line_1_58' title="bbox 471 4030 2050 4091; baseline -0.004 -1"><span class='ocrx_word' id='word_1_433' title='bbox 471 4034 645 4091; x_wconf 73' lang='lat' dir='ltr'><strong>.laeob</strong></span> <span class='ocrx_word' id='word_1_434' title='bbox 695 4034 785 4089; x_wconf 86' lang='lat' dir='ltr'><strong>his</strong></span> <span class='ocrx_word' id='word_1_435' title='bbox 821 4033 1041 4089; x_wconf 77' lang='lat' dir='ltr'><strong>verbis:</strong></span> <span class='ocrx_word' id='word_1_436' title='bbox 1084 4030 1363 4088; x_wconf 69' lang='lat' dir='ltr'><strong>«Gratiosi</strong></span> <span class='ocrx_word' id='word_1_437' title='bbox 1391 4030 1542 4087; x_wconf 87' lang='lat' dir='ltr'><strong>oculi</strong></span> <span class='ocrx_word' id='word_1_438' title='bbox 1580 4031 1665 4087; x_wconf 90' lang='lat' dir='ltr'><strong>tui</strong></span> <span class='ocrx_word' id='word_1_439' title='bbox 1704 4046 1775 4087; x_wconf 80' lang='lat' dir='ltr'><strong>ex</strong></span> <span class='ocrx_word' id='word_1_440' title='bbox 1824 4030 1977 4087; x_wconf 86' lang='lat' dir='ltr'><strong>vino.</strong></span> <span class='ocrx_word' id='word_1_441' title='bbox 2031 4050 2050 4084; x_wconf 78' lang='grc' dir='ltr'><strong>ι</strong></span> 
     </span>
    </p>
   </div>
   <div class='ocr_carea' id='block_1_59' title="bbox 472 4121 2055 4194">
    <p class='ocr_par' dir='ltr' id='par_1_59' title="bbox 472 4121 2055 4194">
     <span class='ocr_line' id='line_1_59' title="bbox 472 4121 2055 4194; baseline -0.003 -13"><span class='ocrx_word' id='word_1_442' title='bbox 472 4126 608 4181; x_wconf 80' lang='lat' dir='ltr'><strong>Nam</strong></span> <span class='ocrx_word' id='word_1_443' title='bbox 643 4140 714 4181; x_wconf 80' lang='lat' dir='ltr'><strong>ex</strong></span> <span class='ocrx_word' id='word_1_444' title='bbox 737 4124 847 4190; x_wconf 87' lang='lat' dir='ltr'><strong>his,</strong></span> <span class='ocrx_word' id='word_1_445' title='bbox 883 4132 946 4180; x_wconf 89' lang='lat' dir='ltr'><strong>ut</strong></span> <span class='ocrx_word' id='word_1_446' title='bbox 965 4124 1230 4190; x_wconf 86' lang='lat' dir='ltr'><strong>arbitror,</strong></span> <span class='ocrx_word' id='word_1_447' title='bbox 1257 4122 1492 4194; x_wconf 75' lang='lat' dir='ltr'><strong>intelligi</strong></span> <span class='ocrx_word' id='word_1_448' title='bbox 1544 4122 1712 4178; x_wconf 89' lang='lat' dir='ltr'><strong>debet</strong></span> <span class='ocrx_word' id='word_1_449' title='bbox 1725 4121 2055 4193; x_wconf 86' lang='lat' dir='ltr'><strong>jucundum,</strong></span> 
     </span>
    </p>
   </div>
   <div class='ocr_carea' id='block_1_60' title="bbox 472 4215 2060 4287">
    <p class='ocr_par' dir='ltr' id='par_1_60' title="bbox 472 4215 2060 4287">
     <span class='ocr_line' id='line_1_60' title="bbox 472 4215 2060 4287; baseline 0.001 -16"><span class='ocrx_word' id='word_1_450' title='bbox 472 4218 759 4274; x_wconf 77' lang='lat' dir='ltr'><strong>laetum&#39;et</strong></span> <span class='ocrx_word' id='word_1_451' title='bbox 806 4218 1007 4282; x_wconf 88' lang='lat' dir='ltr'><strong>hilare,</strong></span> <span class='ocrx_word' id='word_1_452' title='bbox 1056 4230 1171 4287; x_wconf 87' lang='lat' dir='ltr'><strong>quo</strong></span> <span class='ocrx_word' id='word_1_453' title='bbox 1220 4215 1413 4271; x_wconf 85' lang='lat' dir='ltr'><strong>divina</strong></span> <span class='ocrx_word' id='word_1_454' title='bbox 1446 4217 1625 4286; x_wconf 84' lang='lat' dir='ltr'><strong>ipsius</strong></span> <span class='ocrx_word' id='word_1_455' title='bbox 1659 4224 1865 4272; x_wconf 86' lang='lat' dir='ltr'><strong>natura</strong></span> <span class='ocrx_word' id='word_1_456' title='bbox 1919 4231 2060 4287; x_wconf 69' lang='lat' dir='ltr'><strong>pras-</strong></span> 
     </span>
    </p>
   </div>
   <div class='ocr_carea' id='block_1_61' title="bbox 470 4306 2056 4380">
    <p class='ocr_par' dir='ltr' id='par_1_61' title="bbox 470 4306 2056 4380">
     <span class='ocr_line' id='line_1_61' title="bbox 470 4306 2056 4380; baseline 0 -16"><span class='ocrx_word' id='word_1_457' title='bbox 470 4309 586 4365; x_wconf 84' lang='lat' dir='ltr'><strong>dita</strong></span> <span class='ocrx_word' id='word_1_458' title='bbox 645 4318 751 4366; x_wconf 80' lang='lat' dir='ltr'><strong>est.</strong></span> <span class='ocrx_word' id='word_1_459' title='bbox 808 4310 964 4365; x_wconf 77' lang='lat' dir='ltr'><strong>Mens</strong></span> <span class='ocrx_word' id='word_1_460' title='bbox 999 4323 1197 4364; x_wconf 83' lang='lat' dir='ltr'><strong>eorum</strong></span> <span class='ocrx_word' id='word_1_461' title='bbox 1235 4307 1334 4378; x_wconf 89' lang='lat' dir='ltr'><strong>qui</strong></span> <span class='ocrx_word' id='word_1_462' title='bbox 1385 4306 1581 4362; x_wconf 79' lang='lat' dir='ltr'><strong>vinum</strong></span> <span class='ocrx_word' id='word_1_463' title='bbox 1633 4306 1915 4374; x_wconf 88' lang='lat' dir='ltr'><strong>biberunt,</strong></span> <span class='ocrx_word' id='word_1_464' title='bbox 1964 4309 2056 4380; x_wconf 87' lang='lat' dir='ltr'><strong>ju-</strong></span> 
     </span>
    </p>
   </div>
   <div class='ocr_carea' id='block_1_62' title="bbox 469 4399 2057 4473">
    <p class='ocr_par' dir='ltr' id='par_1_62' title="bbox 469 4399 2057 4473">
     <span class='ocr_line' id='line_1_62' title="bbox 469 4399 2057 4473; baseline 0.001 -18"><span class='ocrx_word' id='word_1_465' title='bbox 469 4401 650 4456; x_wconf 87' lang='lat' dir='ltr'><strong>cunda</strong></span> <span class='ocrx_word' id='word_1_466' title='bbox 685 4401 798 4458; x_wconf 71' lang='lat' dir='ltr'><strong>fere</strong></span> <span class='ocrx_word' id='word_1_467' title='bbox 821 4416 946 4456; x_wconf 86' lang='lat' dir='ltr'><strong>esse</strong></span> <span class='ocrx_word' id='word_1_468' title='bbox 974 4400 1140 4467; x_wconf 86' lang='lat' dir='ltr'><strong>solet,</strong></span> <span class='ocrx_word' id='word_1_469' title='bbox 1199 4407 1256 4455; x_wconf 90' lang='lat' dir='ltr'><strong>et</strong></span> <span class='ocrx_word' id='word_1_470' title='bbox 1282 4399 1354 4455; x_wconf 92' lang='lat' dir='ltr'><strong>ab</strong></span> <span class='ocrx_word' id='word_1_471' title='bbox 1378 4400 1448 4455; x_wconf 87' lang='lat' dir='ltr'><strong>iis</strong></span> <span class='ocrx_word' id='word_1_472' title='bbox 1469 4415 1584 4470; x_wconf 77' lang='lat' dir='ltr'><strong>qua</strong></span> <span class='ocrx_word' id='word_1_473' title='bbox 1644 4400 1926 4457; x_wconf 88' lang='lat' dir='ltr'><strong>tristitiam</strong></span> <span class='ocrx_word' id='word_1_474' title='bbox 1971 4402 2057 4473; x_wconf 78' lang='lat' dir='ltr'><strong>gi-</strong></span> 
     </span>
    </p>
   </div>
   <div class='ocr_carea' id='block_1_63' title="bbox 2165 1933 3730 2007">
    <p class='ocr_par' dir='ltr' id='par_1_63' title="bbox 2165 1933 3730 2007">
     <span class='ocr_line' id='line_1_63' title="bbox 2165 1933 3730 2007; baseline 0 -17"><span class='ocrx_word' id='word_1_475' title='bbox 2165 1934 2461 2007; x_wconf 78' lang='grc' dir='ltr'>ἁρτιγενής</span> <span class='ocrx_word' id='word_1_476' title='bbox 2497 1951 2558 1989; x_wconf 85' lang='grc' dir='ltr'><strong>τε</strong></span> <span class='ocrx_word' id='word_1_477' title='bbox 2588 1933 2686 1990; x_wconf 70' lang='grc' dir='ltr'>καὶ</span> <span class='ocrx_word' id='word_1_478' title='bbox 2727 1935 2850 1999; x_wconf 85' lang='grc' dir='ltr'>νέος</span> <span class='ocrx_word' id='word_1_479' title='bbox 2891 1936 3041 2000; x_wconf 79' lang='grc' dir='ltr'>λαὸς,</span> <span class='ocrx_word' id='word_1_480' title='bbox 3069 1935 3493 2007; x_wconf 80' lang='grc' dir='ltr'>εἰσκληθήσεται</span> <span class='ocrx_word' id='word_1_481' title='bbox 3539 1936 3593 1990; x_wconf 74' lang='grc' dir='ltr'>δὲ</span> <span class='ocrx_word' id='word_1_482' title='bbox 3625 1937 3730 2007; x_wconf 81' lang='grc' dir='ltr'>μετ’</span> 
     </span>
    </p>
   </div>
   <div class='ocr_carea' id='block_1_64' title="bbox 2164 2028 3729 2101">
    <p class='ocr_par' dir='ltr' id='par_1_64' title="bbox 2164 2028 3729 2101">
     <span class='ocr_line' id='line_1_64' title="bbox 2164 2028 3729 2101; baseline 0 -19"><span class='ocrx_word' id='word_1_483' title='bbox 2164 2029 2328 2083; x_wconf 84' lang='grc' dir='ltr'>αὐτὸν</span> <span class='ocrx_word' id='word_1_484' title='bbox 2376 2030 2473 2083; x_wconf 75' lang='grc' dir='ltr'>καὶ</span> <span class='ocrx_word' id='word_1_485' title='bbox 2513 2032 2541 2084; x_wconf 87' lang='grc' dir='ltr'>ὁ</span> <span class='ocrx_word' id='word_1_486' title='bbox 2591 2030 2830 2101; x_wconf 81' lang='grc' dir='ltr'>Ἰσραὴλ,</span> <span class='ocrx_word' id='word_1_487' title='bbox 2879 2028 3083 2094; x_wconf 75' lang='grc' dir='ltr'>ἐδίδαξε</span> <span class='ocrx_word' id='word_1_488' title='bbox 3128 2030 3303 2098; x_wconf 80' lang='grc' dir='ltr'>λέγων</span> <span class='ocrx_word' id='word_1_489' title='bbox 3346 2029 3533 2093; x_wconf 75' lang='grc' dir='ltr'>εὐθύς·</span> <span class='ocrx_word' id='word_1_490' title='bbox 3585 2047 3604 2082; x_wconf 78' lang='grc' dir='ltr'><strong>ι</strong></span> <span class='ocrx_word' id='word_1_491' title='bbox 3642 2031 3729 2082; x_wconf 83' lang='grc' dir='ltr'><strong>Δε-</strong></span> 
     </span>
    </p>
   </div>
   <div class='ocr_carea' id='block_1_65' title="bbox 2167 2119 3731 2192">
    <p class='ocr_par' dir='ltr' id='par_1_65' title="bbox 2167 2119 3731 2192">
     <span class='ocr_line' id='line_1_65' title="bbox 2167 2119 3731 2192; baseline 0.002 -21"><span class='ocrx_word' id='word_1_492' title='bbox 2167 2120 2383 2190; x_wconf 78' lang='grc' dir='ltr'>σμεύων</span> <span class='ocrx_word' id='word_1_493' title='bbox 2406 2119 2544 2191; x_wconf 76' lang='grc' dir='ltr'>πρὸς</span> <span class='ocrx_word' id='word_1_494' title='bbox 2572 2120 2820 2192; x_wconf 69' lang='grc' dir='ltr'>ἄμπελον</span> <span class='ocrx_word' id='word_1_495' title='bbox 2850 2121 2943 2175; x_wconf 70' lang='grc' dir='ltr'>τὸν</span> <span class='ocrx_word' id='word_1_496' title='bbox 2977 2121 3157 2175; x_wconf 83' lang='grc' dir='ltr'>πῶλον</span> <span class='ocrx_word' id='word_1_497' title='bbox 3186 2120 3413 2176; x_wconf 76' lang='grc' dir='ltr'>αὐτοῦ.»</span> <span class='ocrx_word' id='word_1_498' title='bbox 3444 2121 3731 2192; x_wconf 64' lang='grc' dir='ltr'>Προσῶησε</span> 
     </span>
    </p>
   </div>
   <div class='ocr_carea' id='block_1_66' title="bbox 2164 2210 3730 2284">
    <p class='ocr_par' dir='ltr' id='par_1_66' title="bbox 2164 2210 3730 2284">
     <span class='ocr_line' id='line_1_66' title="bbox 2164 2210 3730 2284; baseline 0.001 -19"><span class='ocrx_word' id='word_1_499' title='bbox 2164 2211 2274 2282; x_wconf 75' lang='grc' dir='ltr'>γὰρ</span> <span class='ocrx_word' id='word_1_500' title='bbox 2302 2210 2492 2283; x_wconf 84' lang='grc' dir='ltr'>ῶσπερ</span> <span class='ocrx_word' id='word_1_501' title='bbox 2521 2211 2701 2284; x_wconf 79' lang='grc' dir='ltr'>ἐαυτῷ</span> <span class='ocrx_word' id='word_1_502' title='bbox 2716 2212 2806 2267; x_wconf 85' lang='grc' dir='ltr'>διὰ</span> <span class='ocrx_word' id='word_1_503' title='bbox 2824 2213 3087 2278; x_wconf 87' lang='grc' dir='ltr'>πίστεως,</span> <span class='ocrx_word' id='word_1_504' title='bbox 3114 2215 3147 2284; x_wconf 81' lang='grc' dir='ltr'>ἠ</span> <span class='ocrx_word' id='word_1_505' title='bbox 3171 2212 3419 2284; x_wconf 77' lang='grc' dir='ltr'>ἄμπελος</span> <span class='ocrx_word' id='word_1_506' title='bbox 3436 2214 3470 2283; x_wconf 83' lang='grc' dir='ltr'>ἡ</span> <span class='ocrx_word' id='word_1_507' title='bbox 3499 2211 3730 2284; x_wconf 68' lang='grc' dir='ltr'>ἀληθινὴ.</span> 
     </span>
    </p>
   </div>
   <div class='ocr_carea' id='block_1_67' title="bbox 2162 2301 3732 2374">
    <p class='ocr_par' dir='ltr' id='par_1_67' title="bbox 2162 2301 3732 2374">
     <span class='ocr_line' id='line_1_67' title="bbox 2162 2301 3732 2374; baseline 0.001 -18"><span class='ocrx_word' id='word_1_508' title='bbox 2162 2302 2408 2356; x_wconf 75' lang='grc' dir='ltr'><strong>τουτέστι</strong></span> <span class='ocrx_word' id='word_1_509' title='bbox 2441 2303 2697 2374; x_wconf 84' lang='grc' dir='ltr'>Χριστὸς,</span> <span class='ocrx_word' id='word_1_510' title='bbox 2729 2303 2824 2356; x_wconf 75' lang='grc' dir='ltr'><strong>τὸν</strong></span> <span class='ocrx_word' id='word_1_511' title='bbox 2857 2302 2918 2368; x_wconf 83' lang='grc' dir='ltr'>ἐξ</span> <span class='ocrx_word' id='word_1_512' title='bbox 2962 2302 3133 2358; x_wconf 80' lang='grc' dir='ltr'>ἐθνῶν</span> <span class='ocrx_word' id='word_1_513' title='bbox 3175 2302 3328 2372; x_wconf 80' lang='grc' dir='ltr'>λαὸν,</span> <span class='ocrx_word' id='word_1_514' title='bbox 3376 2302 3436 2358; x_wconf 81' lang='grc' dir='ltr'><strong>δν</strong></span> <span class='ocrx_word' id='word_1_515' title='bbox 3465 2302 3542 2374; x_wconf 85' lang='grc' dir='ltr'>τῷ</span> <span class='ocrx_word' id='word_1_516' title='bbox 3585 2301 3732 2374; x_wconf 73' lang='grc' dir='ltr'>πώλῳ</span> 
     </span>
    </p>
   </div>
   <div class='ocr_carea' id='block_1_68' title="bbox 2163 2393 3730 2466">
    <p class='ocr_par' dir='ltr' id='par_1_68' title="bbox 2163 2393 3730 2466">
     <span class='ocr_line' id='line_1_68' title="bbox 2163 2393 3730 2466; baseline 0.001 -19"><span class='ocrx_word' id='word_1_517' title='bbox 2163 2394 2511 2465; x_wconf 78' lang='grc' dir='ltr'><strong>παρεικάζει.</strong></span> <span class='ocrx_word' id='word_1_518' title='bbox 2540 2394 2846 2466; x_wconf 80' lang='grc' dir='ltr'>Προσέδησε</span> <span class='ocrx_word' id='word_1_519' title='bbox 2870 2393 2929 2449; x_wconf 68' lang='grc' dir='ltr'>δὲ</span> <span class='ocrx_word' id='word_1_520' title='bbox 2964 2395 3046 2449; x_wconf 84' lang='grc' dir='ltr'>ὅτι</span> <span class='ocrx_word' id='word_1_521' title='bbox 3073 2396 3139 2465; x_wconf 72' lang='grc' dir='ltr'>τῇ</span> <span class='ocrx_word' id='word_1_522' title='bbox 3170 2394 3313 2449; x_wconf 70' lang='grc' dir='ltr'>ἕλικι</span> <span class='ocrx_word' id='word_1_523' title='bbox 3350 2394 3452 2465; x_wconf 82' lang='grc' dir='ltr'>τῆς</span> <span class='ocrx_word' id='word_1_524' title='bbox 3479 2395 3730 2466; x_wconf 74' lang='grc' dir='ltr'>ἀμπέλου,</span> 
     </span>
    </p>
   </div>
   <div class='ocr_carea' id='block_1_69' title="bbox 2162 2484 3731 2558">
    <p class='ocr_par' dir='ltr' id='par_1_69' title="bbox 2162 2484 3731 2558">
     <span class='ocr_line' id='line_1_69' title="bbox 2162 2484 3731 2558; baseline -0.001 -18"><span class='ocrx_word' id='word_1_525' title='bbox 2162 2487 2466 2555; x_wconf 82' lang='grc' dir='ltr'><strong>τουτέστιν,</strong></span> <span class='ocrx_word' id='word_1_526' title='bbox 2487 2486 2676 2557; x_wconf 80' lang='grc' dir='ltr'>ἀγάπῃ</span> <span class='ocrx_word' id='word_1_527' title='bbox 2705 2489 2771 2557; x_wconf 80' lang='grc' dir='ltr'>τῇ</span> <span class='ocrx_word' id='word_1_528' title='bbox 2797 2487 2929 2558; x_wconf 81' lang='grc' dir='ltr'>παρ’</span> <span class='ocrx_word' id='word_1_529' title='bbox 2956 2484 3177 2551; x_wconf 74' lang='grc' dir='ltr'>ἑαυτοῦ,</span> <span class='ocrx_word' id='word_1_530' title='bbox 3196 2485 3287 2538; x_wconf 84' lang='grc' dir='ltr'><strong>τὸν</strong></span> <span class='ocrx_word' id='word_1_531' title='bbox 3312 2485 3494 2540; x_wconf 82' lang='grc' dir='ltr'>πῶλον</span> <span class='ocrx_word' id='word_1_532' title='bbox 3510 2485 3605 2557; x_wconf 73' lang='grc' dir='ltr'>τῆς</span> <span class='ocrx_word' id='word_1_533' title='bbox 3621 2484 3731 2538; x_wconf 76' lang='grc' dir='ltr'>δνου</span> 
     </span>
    </p>
   </div>
   <div class='ocr_carea' id='block_1_70' title="bbox 2164 2576 3731 2649">
    <p class='ocr_par' dir='ltr' id='par_1_70' title="bbox 2164 2576 3731 2649">
     <span class='ocr_line' id='line_1_70' title="bbox 2164 2576 3731 2649; baseline -0.001 -16"><span class='ocrx_word' id='word_1_534' title='bbox 2164 2578 2354 2645; x_wconf 83' lang='grc' dir='ltr'>αὐτοῦ,</span> <span class='ocrx_word' id='word_1_535' title='bbox 2378 2577 2520 2649; x_wconf 73' lang='grc' dir='ltr'>φημὶ</span> <span class='ocrx_word' id='word_1_536' title='bbox 2535 2577 2601 2649; x_wconf 83' lang='grc' dir='ltr'>δὴ</span> <span class='ocrx_word' id='word_1_537' title='bbox 2629 2576 2721 2630; x_wconf 84' lang='grc' dir='ltr'><strong>τὸν</strong></span> <span class='ocrx_word' id='word_1_538' title='bbox 2741 2579 2807 2631; x_wconf 84' lang='grc' dir='ltr'>ὲκ</span> <span class='ocrx_word' id='word_1_539' title='bbox 2826 2580 2928 2648; x_wconf 82' lang='grc' dir='ltr'>τῆς</span> <span class='ocrx_word' id='word_1_540' title='bbox 2956 2577 3325 2649; x_wconf 75' lang='grc' dir='ltr'><strong>ἀρχαιοτέρας</strong></span> <span class='ocrx_word' id='word_1_541' title='bbox 3350 2577 3452 2647; x_wconf 81' lang='grc' dir='ltr'>τῆς</span> <span class='ocrx_word' id='word_1_542' title='bbox 3483 2577 3731 2633; x_wconf 75' lang='grc' dir='ltr'><strong>Ἰουδαίων</strong></span> 
     </span>
    </p>
   </div>
   <div class='ocr_carea' id='block_1_71' title="bbox 2167 2670 3731 2744">
    <p class='ocr_par' dir='ltr' id='par_1_71' title="bbox 2167 2670 3731 2744">
     <span class='ocr_line' id='line_1_71' title="bbox 2167 2670 3731 2744; baseline -0.001 -19"><span class='ocrx_word' id='word_1_543' title='bbox 2167 2673 2396 2744; x_wconf 79' lang='grc' dir='ltr'>μητρὸς,</span> <span class='ocrx_word' id='word_1_544' title='bbox 2419 2672 2539 2744; x_wconf 73' lang='grc' dir='ltr'>ητοι</span> <span class='ocrx_word' id='word_1_545' title='bbox 2556 2671 2657 2740; x_wconf 79' lang='grc' dir='ltr'>τῆς</span> <span class='ocrx_word' id='word_1_546' title='bbox 2674 2671 3008 2741; x_wconf 78' lang='grc' dir='ltr'><strong>Συναγωγῆς</strong></span> <span class='ocrx_word' id='word_1_547' title='bbox 3031 2670 3446 2725; x_wconf 78' lang='grc' dir='ltr'><strong>πεπιστευκότα</strong></span> <span class='ocrx_word' id='word_1_548' title='bbox 3469 2670 3612 2736; x_wconf 77' lang='grc' dir='ltr'>λαδν,</span> <span class='ocrx_word' id='word_1_549' title='bbox 3631 2670 3731 2733; x_wconf 76' lang='grc' dir='ltr'><strong>πῶς</strong></span> 
     </span>
    </p>
   </div>
   <div class='ocr_carea' id='block_1_72' title="bbox 2164 2761 3733 2834">
    <p class='ocr_par' dir='ltr' id='par_1_72' title="bbox 2164 2761 3733 2834">
     <span class='ocr_line' id='line_1_72' title="bbox 2164 2761 3733 2834; baseline -0.003 -16"><span class='ocrx_word' id='word_1_550' title='bbox 2164 2765 2231 2819; x_wconf 86' lang='grc' dir='ltr'>ἂν</span> <span class='ocrx_word' id='word_1_551' title='bbox 2264 2761 2559 2818; x_wconf 71' lang='grc' dir='ltr'>ἐνδοιάσειέ</span> <span class='ocrx_word' id='word_1_552' title='bbox 2588 2779 2674 2827; x_wconf 86' lang='grc' dir='ltr'><strong>τις</strong></span> <span class='ocrx_word' id='word_1_553' title='bbox 2695 2801 2710 2827; x_wconf 91' lang='grc'><strong>,</strong></span> <span class='ocrx_word' id='word_1_554' title='bbox 2741 2762 2981 2834; x_wconf 81' lang='grc' dir='ltr'>ἁπάσης,</span> <span class='ocrx_word' id='word_1_555' title='bbox 3014 2762 3091 2827; x_wconf 85' lang='grc' dir='ltr'>ὡς</span> <span class='ocrx_word' id='word_1_556' title='bbox 3119 2762 3250 2825; x_wconf 73' lang='grc' dir='ltr'>ἔπος</span> <span class='ocrx_word' id='word_1_557' title='bbox 3274 2766 3478 2829; x_wconf 67' lang='grc' dir='ltr'>εἰπεῖν,</span> <span class='ocrx_word' id='word_1_558' title='bbox 3510 2762 3606 2832; x_wconf 75' lang='grc' dir='ltr'>τῆς</span> <span class='ocrx_word' id='word_1_559' title='bbox 3630 2762 3733 2816; x_wconf 78' lang='grc' dir='ltr'>θεο-</span> 
     </span>
    </p>
   </div>
   <div class='ocr_carea' id='block_1_73' title="bbox 2163 2853 3733 2929">
    <p class='ocr_par' dir='ltr' id='par_1_73' title="bbox 2163 2853 3733 2929">
     <span class='ocr_line' id='line_1_73' title="bbox 2163 2853 3733 2929; baseline -0.002 -20"><span class='ocrx_word' id='word_1_560' title='bbox 2163 2853 2429 2909; x_wconf 82' lang='grc' dir='ltr'>πνεὺστου</span> <span class='ocrx_word' id='word_1_561' title='bbox 2464 2855 2687 2927; x_wconf 81' lang='grc' dir='ltr'>Γραφῆς</span> <span class='ocrx_word' id='word_1_562' title='bbox 2711 2853 2984 2927; x_wconf 76' lang='grc' dir='ltr'>λαλούσης</span> <span class='ocrx_word' id='word_1_563' title='bbox 3010 2858 3143 2926; x_wconf 78' lang='grc' dir='ltr'>ἡμῖν</span> <span class='ocrx_word' id='word_1_564' title='bbox 3170 2855 3230 2909; x_wconf 87' lang='grc' dir='ltr'><strong>τδ</strong></span> <span class='ocrx_word' id='word_1_565' title='bbox 3263 2856 3600 2929; x_wconf 81' lang='grc' dir='ltr'>μυστήριον;</span> <span class='ocrx_word' id='word_1_566' title='bbox 3626 2854 3733 2910; x_wconf 84' lang='grc' dir='ltr'>Ὅτι</span> 
     </span>
    </p>
   </div>
   <div class='ocr_carea' id='block_1_74' title="bbox 2162 2944 3731 3017">
    <p class='ocr_par' dir='ltr' id='par_1_74' title="bbox 2162 2944 3731 3017">
     <span class='ocr_line' id='line_1_74' title="bbox 2162 2944 3731 3017; baseline -0.002 -18"><span class='ocrx_word' id='word_1_567' title='bbox 2162 2946 2218 2999; x_wconf 82' lang='grc' dir='ltr'>δὲ</span> <span class='ocrx_word' id='word_1_568' title='bbox 2248 2945 2474 3015; x_wconf 73' lang='grc' dir='ltr'>ἔμελλεν</span> <span class='ocrx_word' id='word_1_569' title='bbox 2508 2946 2704 3015; x_wconf 78' lang='grc' dir='ltr'>αἵματι</span> <span class='ocrx_word' id='word_1_570' title='bbox 2733 2944 2811 3016; x_wconf 81' lang='grc' dir='ltr'>τῷ</span> <span class='ocrx_word' id='word_1_571' title='bbox 2845 2944 2961 3016; x_wconf 75' lang='grc' dir='ltr'>ἰδίῳ</span> <span class='ocrx_word' id='word_1_572' title='bbox 2999 2946 3098 3017; x_wconf 81' lang='grc' dir='ltr'>τὴν</span> <span class='ocrx_word' id='word_1_573' title='bbox 3131 2945 3332 3000; x_wconf 69' lang='grc' dir='ltr'>ἑαυτοῦ</span> <span class='ocrx_word' id='word_1_574' title='bbox 3374 2944 3731 3015; x_wconf 76' lang='grc' dir='ltr'>καταφοινίξαι</span> 
     </span>
    </p>
   </div>
   <div class='ocr_carea' id='block_1_75' title="bbox 2168 3033 3729 3109">
    <p class='ocr_par' dir='ltr' id='par_1_75' title="bbox 2168 3033 3729 3109">
     <span class='ocr_line' id='line_1_75' title="bbox 2168 3033 3729 3109; baseline 0.001 -21"><span class='ocrx_word' id='word_1_575' title='bbox 2168 3036 2367 3106; x_wconf 76' lang='grc' dir='ltr'>σάρκα,</span> <span class='ocrx_word' id='word_1_576' title='bbox 2411 3034 2857 3107; x_wconf 77' lang='grc' dir='ltr'>προσηλούμενος</span> <span class='ocrx_word' id='word_1_577' title='bbox 2890 3033 2969 3106; x_wconf 82' lang='grc' dir='ltr'>τῷ</span> <span class='ocrx_word' id='word_1_578' title='bbox 3000 3035 3164 3108; x_wconf 79' lang='grc' dir='ltr'>ξύλῳ,</span> <span class='ocrx_word' id='word_1_579' title='bbox 3204 3037 3302 3090; x_wconf 77' lang='grc' dir='ltr'>καὶ</span> <span class='ocrx_word' id='word_1_580' title='bbox 3332 3040 3398 3108; x_wconf 78' lang='grc' dir='ltr'>τῇ</span> <span class='ocrx_word' id='word_1_581' title='bbox 3434 3037 3600 3109; x_wconf 79' lang='grc' dir='ltr'>λόγχῃ</span> <span class='ocrx_word' id='word_1_582' title='bbox 3625 3035 3729 3090; x_wconf 82' lang='grc' dir='ltr'>δια-</span> 
     </span>
    </p>
   </div>
   <div class='ocr_carea' id='block_1_76' title="bbox 2110 3126 3729 3200">
    <p class='ocr_par' dir='ltr' id='par_1_76' title="bbox 2110 3126 3729 3200">
     <span class='ocr_line' id='line_1_76' title="bbox 2110 3126 3729 3200; baseline 0 -22"><span class='ocrx_word' id='word_1_583' title='bbox 2110 3173 2130 3192; x_wconf 73' lang='grc'><strong>,</strong></span> <span class='ocrx_word' id='word_1_584' title='bbox 2166 3126 2521 3196; x_wconf 79' lang='grc' dir='ltr'>νενυγμένος,</span> <span class='ocrx_word' id='word_1_585' title='bbox 2553 3127 2838 3197; x_wconf 64' lang='grc' dir='ltr'>ἀνέφηνεν,</span> <span class='ocrx_word' id='word_1_586' title='bbox 2871 3126 3075 3181; x_wconf 68' lang='grc' dir='ltr'>εἰπών·</span> <span class='ocrx_word' id='word_1_587' title='bbox 3115 3147 3135 3181; x_wconf 79' lang='grc' dir='ltr'><strong>ι</strong></span> <span class='ocrx_word' id='word_1_588' title='bbox 3176 3129 3380 3183; x_wconf 78' lang='grc' dir='ltr'>Πλυνεῖ</span> <span class='ocrx_word' id='word_1_589' title='bbox 3409 3131 3467 3183; x_wconf 73' lang='grc' dir='ltr'>ἐν</span> <span class='ocrx_word' id='word_1_590' title='bbox 3499 3130 3621 3200; x_wconf 79' lang='grc' dir='ltr'>οῑνῳ</span> <span class='ocrx_word' id='word_1_591' title='bbox 3643 3127 3729 3200; x_wconf 72' lang='grc' dir='ltr'>τὴν</span> 
     </span>
    </p>
   </div>
   <div class='ocr_carea' id='block_1_77' title="bbox 476 3209 2130 3281">
    <p class='ocr_par' dir='ltr' id='par_1_77' title="bbox 476 3209 2130 3281">
     <span class='ocr_line' id='line_1_77' title="bbox 476 3209 2130 3281; baseline -0.003 -14"><span class='ocrx_word' id='word_1_592' title='bbox 476 3213 784 3267; x_wconf 75' lang='lat' dir='ltr'><strong>introduxit</strong></span> <span class='ocrx_word' id='word_1_593' title='bbox 832 3211 910 3265; x_wconf 89' lang='lat' dir='ltr'><strong>ita</strong></span> <span class='ocrx_word' id='word_1_594' title='bbox 957 3211 1139 3281; x_wconf 89' lang='lat' dir='ltr'><strong>ipsum</strong></span> <span class='ocrx_word' id='word_1_595' title='bbox 1188 3210 1417 3264; x_wconf 73' lang='lat' dir='ltr'><strong>aﬂ‘atos:</strong></span> <span class='ocrx_word' id='word_1_596' title='bbox 1466 3209 1644 3275; x_wconf 70' lang='lat' dir='ltr'><strong>«Quis</strong></span> <span class='ocrx_word' id='word_1_597' title='bbox 1689 3217 1777 3264; x_wconf 85' lang='lat' dir='ltr'><strong>est</strong></span> <span class='ocrx_word' id='word_1_598' title='bbox 1823 3209 1928 3264; x_wconf 82' lang='lat' dir='ltr'><strong>iste</strong></span> <span class='ocrx_word' id='word_1_599' title='bbox 1961 3209 2059 3279; x_wconf 89' lang='lat' dir='ltr'><strong>qui</strong></span> <span class='ocrx_word' id='word_1_600' title='bbox 2090 3209 2130 3228; x_wconf 90' lang='lat'><strong><em>&quot;</em></strong></span> 
     </span>
    </p>
   </div>
   <div class='ocr_carea' id='block_1_78' title="bbox 2165 3216 3732 3293">
    <p class='ocr_par' dir='ltr' id='par_1_78' title="bbox 2165 3216 3732 3293">
     <span class='ocr_line' id='line_1_78' title="bbox 2165 3216 3732 3293; baseline 0.001 -23"><span class='ocrx_word' id='word_1_601' title='bbox 2165 3218 2358 3289; x_wconf 81' lang='grc' dir='ltr'>στολὴν</span> <span class='ocrx_word' id='word_1_602' title='bbox 2387 3216 2577 3285; x_wconf 82' lang='grc' dir='ltr'>αὑτοῦ,</span> <span class='ocrx_word' id='word_1_603' title='bbox 2611 3217 2706 3272; x_wconf 74' lang='grc' dir='ltr'><strong>καὶ</strong></span> <span class='ocrx_word' id='word_1_604' title='bbox 2730 3220 2791 3272; x_wconf 80' lang='grc' dir='ltr'>ὲν</span> <span class='ocrx_word' id='word_1_605' title='bbox 2811 3218 3008 3289; x_wconf 79' lang='grc' dir='ltr'>αἵματι</span> <span class='ocrx_word' id='word_1_606' title='bbox 3026 3219 3307 3291; x_wconf 76' lang='grc' dir='ltr'>σταφυλῆς</span> <span class='ocrx_word' id='word_1_607' title='bbox 3333 3221 3434 3293; x_wconf 77' lang='grc' dir='ltr'><strong>τὴν</strong></span> <span class='ocrx_word' id='word_1_608' title='bbox 3457 3218 3732 3292; x_wconf 75' lang='grc' dir='ltr'>περιϐολὴν</span> 
     </span>
    </p>
   </div>
   <div class='ocr_carea' id='block_1_79' title="bbox 2161 3308 3732 3384">
    <p class='ocr_par' dir='ltr' id='par_1_79' title="bbox 2161 3308 3732 3384">
     <span class='ocr_line' id='line_1_79' title="bbox 2161 3308 3732 3384; baseline -0.001 -20"><span class='ocrx_word' id='word_1_609' title='bbox 2161 3308 2346 3364; x_wconf 82' lang='grc' dir='ltr'>αὐτοῦ.</span> <span class='ocrx_word' id='word_1_610' title='bbox 2385 3328 2403 3361; x_wconf 73' lang='grc' dir='ltr'><strong>ι</strong></span> <span class='ocrx_word' id='word_1_611' title='bbox 2436 3310 2548 3363; x_wconf 79' lang='grc' dir='ltr'><strong>Καὶ</strong></span> <span class='ocrx_word' id='word_1_612' title='bbox 2581 3308 2714 3378; x_wconf 89' lang='grc' dir='ltr'>γοῦν</span> <span class='ocrx_word' id='word_1_613' title='bbox 2749 3310 2777 3364; x_wconf 82' lang='grc' dir='ltr'><strong>δ</strong></span> <span class='ocrx_word' id='word_1_614' title='bbox 2812 3309 3102 3374; x_wconf 83' lang='grc' dir='ltr'>θεσπέσιος</span> <span class='ocrx_word' id='word_1_615' title='bbox 3139 3311 3394 3377; x_wconf 81' lang='grc' dir='ltr'>Ἡσαΐας,</span> <span class='ocrx_word' id='word_1_616' title='bbox 3426 3311 3523 3384; x_wconf 72' lang='grc' dir='ltr'><strong>τὴν</strong></span> <span class='ocrx_word' id='word_1_617' title='bbox 3552 3311 3627 3375; x_wconf 82' lang='grc' dir='ltr'>εἰς</span> <span class='ocrx_word' id='word_1_618' title='bbox 3650 3310 3732 3364; x_wconf 82' lang='grc' dir='ltr'>οὐο</span> 
     </span>
    </p>
   </div>
   <div class='ocr_carea' id='block_1_80' title="bbox 2165 3399 3733 3476">
    <p class='ocr_par' dir='ltr' id='par_1_80' title="bbox 2165 3399 3733 3476">
     <span class='ocr_line' id='line_1_80' title="bbox 2165 3399 3733 3476; baseline 0.001 -23"><span class='ocrx_word' id='word_1_619' title='bbox 2165 3401 2363 3473; x_wconf 62' lang='grc' dir='ltr'>ρανοξδς</span> <span class='ocrx_word' id='word_1_620' title='bbox 2398 3399 2760 3471; x_wconf 76' lang='grc' dir='ltr'>ἀναφοίτησιν</span> <span class='ocrx_word' id='word_1_621' title='bbox 2794 3401 2892 3455; x_wconf 85' lang='grc' dir='ltr'><strong>τοῦ</strong></span> <span class='ocrx_word' id='word_1_622' title='bbox 2929 3402 3168 3473; x_wconf 82' lang='grc' dir='ltr'>Χριστοῦ</span> <span class='ocrx_word' id='word_1_623' title='bbox 3201 3403 3581 3476; x_wconf 78' lang='grc' dir='ltr'>διηγούμενος,</span> <span class='ocrx_word' id='word_1_624' title='bbox 3620 3400 3733 3464; x_wconf 80' lang='grc' dir='ltr'>τοὺς</span> 
     </span>
    </p>
   </div>
   <div class='ocr_carea' id='block_1_81' title="bbox 2162 3491 3735 3567">
    <p class='ocr_par' dir='ltr' id='par_1_81' title="bbox 2162 3491 3735 3567">
     <span class='ocr_line' id='line_1_81' title="bbox 2162 3491 3735 3567; baseline 0.001 -23"><span class='ocrx_word' id='word_1_625' title='bbox 2162 3492 2352 3561; x_wconf 79' lang='grc' dir='ltr'>ἁγίους</span> <span class='ocrx_word' id='word_1_626' title='bbox 2383 3491 2586 3562; x_wconf 73' lang='grc' dir='ltr'>ἔφησεν</span> <span class='ocrx_word' id='word_1_627' title='bbox 2629 3492 2898 3562; x_wconf 73' lang='grc' dir='ltr'>ἀγγέλους</span> <span class='ocrx_word' id='word_1_628' title='bbox 2930 3496 3131 3561; x_wconf 75' lang='grc' dir='ltr'>εἰπεῖν,</span> <span class='ocrx_word' id='word_1_629' title='bbox 3159 3496 3282 3567; x_wconf 67' lang='grc' dir='ltr'>ἦτοι</span> <span class='ocrx_word' id='word_1_630' title='bbox 3323 3499 3423 3561; x_wconf 70' lang='grc' dir='ltr'>τὰς</span> <span class='ocrx_word' id='word_1_631' title='bbox 3456 3496 3568 3551; x_wconf 70' lang='grc' dir='ltr'>ἄνω</span> <span class='ocrx_word' id='word_1_632' title='bbox 3591 3492 3735 3550; x_wconf 76' lang='grc' dir='ltr'>δυνα-</span> 
     </span>
    </p>
   </div>
   <div class='ocr_carea' id='block_1_82' title="bbox 2165 3577 3734 3659">
    <p class='ocr_par' dir='ltr' id='par_1_82' title="bbox 2165 3577 3734 3659">
     <span class='ocr_line' id='line_1_82' title="bbox 2165 3577 3734 3659; baseline 0.001 -22"><span class='ocrx_word' id='word_1_633' title='bbox 2165 3597 2308 3654; x_wconf 81' lang='grc' dir='ltr'>μειςο</span> <span class='ocrx_word' id='word_1_634' title='bbox 2345 3602 2364 3633; x_wconf 76' lang='grc' dir='ltr'><strong>ι</strong></span> <span class='ocrx_word' id='word_1_635' title='bbox 2394 3583 2492 3647; x_wconf 88' lang='grc' dir='ltr'><strong>Τίς</strong></span> <span class='ocrx_word' id='word_1_636' title='bbox 2522 3577 2676 3648; x_wconf 77' lang='grc' dir='ltr'>οὗτος</span> <span class='ocrx_word' id='word_1_637' title='bbox 2706 3585 2735 3636; x_wconf 80' lang='grc' dir='ltr'><strong>ὁ</strong></span> <span class='ocrx_word' id='word_1_638' title='bbox 2765 3586 3214 3658; x_wconf 84' lang='grc' dir='ltr'>παραγενόμενος</span> <span class='ocrx_word' id='word_1_639' title='bbox 3236 3588 3299 3656; x_wconf 67' lang='grc' dir='ltr'><strong>εξ</strong></span> <span class='ocrx_word' id='word_1_640' title='bbox 3343 3587 3555 3659; x_wconf 82' lang='grc' dir='ltr'>Ἐδώμ;</span> <span class='ocrx_word' id='word_1_641' title='bbox 3593 3584 3734 3657; x_wconf 83' lang='grc' dir='ltr'><strong>Ἑρὺ-</strong></span> 
     </span>
    </p>
   </div>
   <div class='ocr_carea' id='block_1_83' title="bbox 2163 3674 3736 3750">
    <p class='ocr_par' dir='ltr' id='par_1_83' title="bbox 2163 3674 3736 3750">
     <span class='ocr_line' id='line_1_83' title="bbox 2163 3674 3736 3750; baseline 0.003 -23"><span class='ocrx_word' id='word_1_642' title='bbox 2163 3674 2353 3747; x_wconf 85' lang='grc' dir='ltr'>θρημα</span> <span class='ocrx_word' id='word_1_643' title='bbox 2387 3676 2619 3747; x_wconf 81' lang='grc' dir='ltr'>ἱματίων</span> <span class='ocrx_word' id='word_1_644' title='bbox 2646 3676 2812 3731; x_wconf 78' lang='grc' dir='ltr'>αὐτοῦ</span> <span class='ocrx_word' id='word_1_645' title='bbox 2845 3679 2912 3732; x_wconf 80' lang='grc' dir='ltr'>ὲκ</span> <span class='ocrx_word' id='word_1_646' title='bbox 2932 3679 3123 3750; x_wconf 77' lang='grc' dir='ltr'>Βοσὸρ.</span> <span class='ocrx_word' id='word_1_647' title='bbox 3162 3700 3181 3732; x_wconf 74' lang='grc' dir='ltr'><strong>ι</strong></span> <span class='ocrx_word' id='word_1_648' title='bbox 3216 3681 3332 3735; x_wconf 71' lang='grc' dir='ltr'><strong>Καὶ</strong></span> <span class='ocrx_word' id='word_1_649' title='bbox 3358 3681 3549 3736; x_wconf 76' lang='grc' dir='ltr'>πάλινο</span> <span class='ocrx_word' id='word_1_650' title='bbox 3576 3699 3594 3732; x_wconf 80' lang='grc' dir='ltr'><strong>ι</strong></span> <span class='ocrx_word' id='word_1_651' title='bbox 3631 3680 3736 3732; x_wconf 76' lang='grc' dir='ltr'>’ἱνα</span> 
     </span>
    </p>
   </div>
   <div class='ocr_carea' id='block_1_84' title="bbox 2160 3768 3731 3845">
    <p class='ocr_par' dir='ltr' id='par_1_84' title="bbox 2160 3768 3731 3845">
     <span class='ocr_line' id='line_1_84' title="bbox 2160 3768 3731 3845; baseline 0.003 -24"><span class='ocrx_word' id='word_1_652' title='bbox 2160 3768 2213 3821; x_wconf 84' lang='grc' dir='ltr'><strong>τί</strong></span> <span class='ocrx_word' id='word_1_653' title='bbox 2248 3784 2343 3822; x_wconf 88' lang='grc' dir='ltr'><strong>σου</strong></span> <span class='ocrx_word' id='word_1_654' title='bbox 2372 3768 2581 3841; x_wconf 67' lang='grc' dir='ltr'>ἐρυθρὰ</span> <span class='ocrx_word' id='word_1_655' title='bbox 2606 3770 2676 3824; x_wconf 77' lang='grc' dir='ltr'>τὰ</span> <span class='ocrx_word' id='word_1_656' title='bbox 2706 3770 2938 3840; x_wconf 81' lang='grc' dir='ltr'>ἱμάτια;</span> <span class='ocrx_word' id='word_1_657' title='bbox 2983 3774 3078 3826; x_wconf 78' lang='grc' dir='ltr'>καὶ</span> <span class='ocrx_word' id='word_1_658' title='bbox 3127 3773 3196 3826; x_wconf 83' lang='grc' dir='ltr'>τὰ</span> <span class='ocrx_word' id='word_1_659' title='bbox 3239 3773 3520 3845; x_wconf 66' lang='grc' dir='ltr'>ἑνδύματά</span> <span class='ocrx_word' id='word_1_660' title='bbox 3546 3788 3635 3827; x_wconf 84' lang='grc' dir='ltr'><strong>σου</strong></span> <span class='ocrx_word' id='word_1_661' title='bbox 3667 3771 3731 3834; x_wconf 76' lang='grc' dir='ltr'>ὡς</span> 
     </span>
    </p>
   </div>
   <div class='ocr_carea' id='block_1_85' title="bbox 2160 3858 3736 3935">
    <p class='ocr_par' dir='ltr' id='par_1_85' title="bbox 2160 3858 3736 3935">
     <span class='ocr_line' id='line_1_85' title="bbox 2160 3858 3736 3935; baseline 0.003 -23"><span class='ocrx_word' id='word_1_662' title='bbox 2160 3858 2270 3913; x_wconf 85' lang='grc' dir='ltr'><strong>ἀπὸ</strong></span> <span class='ocrx_word' id='word_1_663' title='bbox 2297 3859 2540 3929; x_wconf 86' lang='grc' dir='ltr'>πατητοῦ</span> <span class='ocrx_word' id='word_1_664' title='bbox 2568 3859 2733 3931; x_wconf 81' lang='grc' dir='ltr'>ληνοῦ</span> <span class='ocrx_word' id='word_1_665' title='bbox 2754 3902 2771 3916; x_wconf 92' lang='grc'><strong>.</strong></span> <span class='ocrx_word' id='word_1_666' title='bbox 2802 3882 2819 3916; x_wconf 78' lang='grc' dir='ltr'><strong>ι</strong></span> <span class='ocrx_word' id='word_1_667' title='bbox 2860 3862 2982 3917; x_wconf 85' lang='grc' dir='ltr'><strong>Ὅτι</strong></span> <span class='ocrx_word' id='word_1_668' title='bbox 3012 3862 3070 3917; x_wconf 74' lang='grc' dir='ltr'>δὲ</span> <span class='ocrx_word' id='word_1_669' title='bbox 3098 3863 3202 3919; x_wconf 69' lang='grc' dir='ltr'><strong>κᾶν</strong></span> <span class='ocrx_word' id='word_1_670' title='bbox 3236 3865 3287 3919; x_wconf 85' lang='grc' dir='ltr'><strong>εί</strong></span> <span class='ocrx_word' id='word_1_671' title='bbox 3322 3866 3547 3935; x_wconf 69' lang='grc' dir='ltr'>γέγονεν</span> <span class='ocrx_word' id='word_1_672' title='bbox 3574 3866 3632 3919; x_wconf 71' lang='grc' dir='ltr'>ιν</span> <span class='ocrx_word' id='word_1_673' title='bbox 3658 3880 3736 3919; x_wconf 83' lang='grc' dir='ltr'>νε·</span> 
     </span>
    </p>
   </div>
   <div class='ocr_carea' id='block_1_86' title="bbox 2161 3950 3733 4029">
    <p class='ocr_par' dir='ltr' id='par_1_86' title="bbox 2161 3950 3733 4029">
     <span class='ocr_line' id='line_1_86' title="bbox 2161 3950 3733 4029; baseline 0.004 -26"><span class='ocrx_word' id='word_1_674' title='bbox 2161 3951 2336 4021; x_wconf 85' lang='grc' dir='ltr'>κροῖς,</span> <span class='ocrx_word' id='word_1_675' title='bbox 2372 3950 2476 4005; x_wconf 74' lang='grc' dir='ltr'>κᾶν</span> <span class='ocrx_word' id='word_1_676' title='bbox 2506 3954 2557 4005; x_wconf 81' lang='grc' dir='ltr'><strong>εί</strong></span> <span class='ocrx_word' id='word_1_677' title='bbox 2585 3952 2687 4016; x_wconf 81' lang='grc' dir='ltr'>τὰς</span> <span class='ocrx_word' id='word_1_678' title='bbox 2723 3953 2833 4008; x_wconf 86' lang='grc' dir='ltr'><strong>τῶν</strong></span> <span class='ocrx_word' id='word_1_679' title='bbox 2883 3953 3153 4010; x_wconf 78' lang='grc' dir='ltr'>Ἰουδαίων</span> <span class='ocrx_word' id='word_1_680' title='bbox 3193 3959 3487 4029; x_wconf 80' lang='grc' dir='ltr'>παροινίας</span> <span class='ocrx_word' id='word_1_681' title='bbox 3530 3957 3733 4025; x_wconf 73' lang='grc' dir='ltr'>ἀνέτλη,</span> 
     </span>
    </p>
   </div>
   <div class='ocr_carea' id='block_1_87' title="bbox 2164 4042 3736 4122">
    <p class='ocr_par' dir='ltr' id='par_1_87' title="bbox 2164 4042 3736 4122">
     <span class='ocr_line' id='line_1_87' title="bbox 2164 4042 3736 4122; baseline 0.005 -26"><span class='ocrx_word' id='word_1_682' title='bbox 2164 4042 2488 4115; x_wconf 80' lang='grc' dir='ltr'>ῥαπίσματα</span> <span class='ocrx_word' id='word_1_683' title='bbox 2504 4044 2598 4098; x_wconf 80' lang='grc' dir='ltr'>καὶ</span> <span class='ocrx_word' id='word_1_684' title='bbox 2612 4044 2976 4116; x_wconf 82' lang='grc' dir='ltr'>ὀνειδισμοὺς,</span> <span class='ocrx_word' id='word_1_685' title='bbox 2995 4047 3056 4101; x_wconf 84' lang='grc' dir='ltr'><strong>οὐ</strong></span> <span class='ocrx_word' id='word_1_686' title='bbox 3081 4048 3251 4113; x_wconf 78' lang='grc' dir='ltr'>πολὺς</span> <span class='ocrx_word' id='word_1_687' title='bbox 3272 4051 3427 4122; x_wconf 83' lang='grc' dir='ltr'><strong>αὐτῷ</strong></span> <span class='ocrx_word' id='word_1_688' title='bbox 3453 4051 3561 4105; x_wconf 81' lang='grc' dir='ltr'><strong>τῶν</strong></span> <span class='ocrx_word' id='word_1_689' title='bbox 3578 4046 3736 4109; x_wconf 81' lang='grc' dir='ltr'>τοιού-</span> 
     </span>
    </p>
   </div>
   <div class='ocr_carea' id='block_1_88' title="bbox 2160 4131 3734 4208">
    <p class='ocr_par' dir='ltr' id='par_1_88' title="bbox 2160 4131 3734 4208">
     <span class='ocr_line' id='line_1_88' title="bbox 2160 4131 3734 4208; baseline 0.002 -23"><span class='ocrx_word' id='word_1_690' title='bbox 2160 4149 2269 4186; x_wconf 87' lang='grc' dir='ltr'><strong>των</strong></span> <span class='ocrx_word' id='word_1_691' title='bbox 2296 4133 2326 4185; x_wconf 83' lang='grc' dir='ltr'><strong>ὁ</strong></span> <span class='ocrx_word' id='word_1_692' title='bbox 2369 4131 2549 4201; x_wconf 83' lang='grc' dir='ltr'>λόγος,</span> <span class='ocrx_word' id='word_1_693' title='bbox 2595 4134 2894 4188; x_wconf 74' lang='grc' dir='ltr'>πεπονθότι</span> <span class='ocrx_word' id='word_1_694' title='bbox 2942 4136 3012 4189; x_wconf 77' lang='grc' dir='ltr'>δι’</span> <span class='ocrx_word' id='word_1_695' title='bbox 3059 4137 3230 4208; x_wconf 74' lang='grc' dir='ltr'>ἡμᾶς,</span> <span class='ocrx_word' id='word_1_696' title='bbox 3272 4139 3368 4192; x_wconf 79' lang='grc' dir='ltr'>καὶ</span> <span class='ocrx_word' id='word_1_697' title='bbox 3409 4136 3734 4192; x_wconf 76' lang='grc' dir='ltr'>ἀνασώσαντι</span> 
     </span>
    </p>
   </div>
   <div class='ocr_carea' id='block_1_89' title="bbox 2160 4224 3736 4300">
    <p class='ocr_par' dir='ltr' id='par_1_89' title="bbox 2160 4224 3736 4300">
     <span class='ocr_line' id='line_1_89' title="bbox 2160 4224 3736 4300; baseline 0.001 -22"><span class='ocrx_word' id='word_1_698' title='bbox 2160 4224 2262 4297; x_wconf 82' lang='grc' dir='ltr'><strong>τὴν</strong></span> <span class='ocrx_word' id='word_1_699' title='bbox 2290 4226 2380 4279; x_wconf 83' lang='grc' dir='ltr'><strong>ὑπ’</strong></span> <span class='ocrx_word' id='word_1_700' title='bbox 2406 4225 2638 4297; x_wconf 83' lang='grc' dir='ltr'>οὐρανόν</span> <span class='ocrx_word' id='word_1_701' title='bbox 2657 4243 2672 4259; x_wconf 76' lang='grc' dir='ltr'><strong>ο</strong></span> <span class='ocrx_word' id='word_1_702' title='bbox 2702 4228 2819 4281; x_wconf 65' lang='grc' dir='ltr'>ἔστι</span> <span class='ocrx_word' id='word_1_703' title='bbox 2849 4228 2906 4281; x_wconf 65' lang='grc' dir='ltr'>δὲ</span> <span class='ocrx_word' id='word_1_704' title='bbox 2936 4228 3136 4299; x_wconf 75' lang='grc' dir='ltr'>μᾶλλον</span> <span class='ocrx_word' id='word_1_705' title='bbox 3166 4232 3229 4286; x_wconf 71' lang='grc' dir='ltr'>ἐν</span> <span class='ocrx_word' id='word_1_706' title='bbox 3246 4234 3372 4296; x_wconf 82' lang='grc' dir='ltr'>ταῖς</span> <span class='ocrx_word' id='word_1_707' title='bbox 3401 4229 3551 4300; x_wconf 74' lang='grc' dir='ltr'>αὐτῷ</span> <span class='ocrx_word' id='word_1_708' title='bbox 3569 4228 3736 4299; x_wconf 83' lang='grc' dir='ltr'>φιλαι-</span> 
     </span>
    </p>
   </div>
   <div class='ocr_carea' id='block_1_90' title="bbox 2159 4315 3734 4393">
    <p class='ocr_par' dir='ltr' id='par_1_90' title="bbox 2159 4315 3734 4393">
     <span class='ocr_line' id='line_1_90' title="bbox 2159 4315 3734 4393; baseline 0.001 -25"><span class='ocrx_word' id='word_1_709' title='bbox 2159 4315 2352 4379; x_wconf 84' lang='grc' dir='ltr'>τάταις</span> <span class='ocrx_word' id='word_1_710' title='bbox 2398 4317 2488 4371; x_wconf 75' lang='grc' dir='ltr'>ἀεὶ</span> <span class='ocrx_word' id='word_1_711' title='bbox 2547 4319 2641 4371; x_wconf 73' lang='grc' dir='ltr'><strong>καὶ</strong></span> <span class='ocrx_word' id='word_1_712' title='bbox 2691 4318 2986 4390; x_wconf 78' lang='grc' dir='ltr'>συνήθεσιν</span> <span class='ocrx_word' id='word_1_713' title='bbox 3021 4321 3336 4393; x_wconf 68' lang='grc' dir='ltr'>εὐθυμίαις,</span> <span class='ocrx_word' id='word_1_714' title='bbox 3373 4318 3734 4393; x_wconf 79' lang='grc' dir='ltr'>παραδείξειεν</span> 
     </span>
    </p>
   </div>
   <div class='ocr_carea' id='block_1_91' title="bbox 2161 4407 3730 4486">
    <p class='ocr_par' dir='ltr' id='par_1_91' title="bbox 2161 4407 3730 4486">
     <span class='ocr_line' id='line_1_91' title="bbox 2161 4407 3730 4486; baseline -0.001 -24"><span class='ocrx_word' id='word_1_715' title='bbox 2161 4407 2228 4462; x_wconf 81' lang='grc' dir='ltr'><strong>ἂν</strong></span> <span class='ocrx_word' id='word_1_716' title='bbox 2256 4407 2447 4463; x_wconf 74' lang='grc' dir='ltr'>είπιίινο</span> <span class='ocrx_word' id='word_1_717' title='bbox 2484 4428 2502 4460; x_wconf 80' lang='grc' dir='ltr'><strong>ι</strong></span> <span class='ocrx_word' id='word_1_718' title='bbox 2539 4410 2789 4481; x_wconf 73' lang='grc' dir='ltr'>Χαροποὶ</span> <span class='ocrx_word' id='word_1_719' title='bbox 2816 4412 2867 4465; x_wconf 83' lang='grc' dir='ltr'><strong>οι</strong></span> <span class='ocrx_word' id='word_1_720' title='bbox 2895 4411 3169 4486; x_wconf 76' lang='grc' dir='ltr'>ὀφθαλμοὶ</span> <span class='ocrx_word' id='word_1_721' title='bbox 3193 4414 3363 4469; x_wconf 76' lang='grc' dir='ltr'>αὑτοῦ</span> <span class='ocrx_word' id='word_1_722' title='bbox 3386 4414 3498 4481; x_wconf 69' lang='grc' dir='ltr'><strong>ἀπὸ</strong></span> <span class='ocrx_word' id='word_1_723' title='bbox 3522 4412 3678 4467; x_wconf 85' lang='grc' dir='ltr'>οίνου.</span> <span class='ocrx_word' id='word_1_724' title='bbox 3713 4427 3730 4460; x_wconf 75' lang='grc' dir='ltr'><strong>ι</strong></span> 
     </span>
    </p>
   </div>
   <div class='ocr_carea' id='block_1_92' title="bbox 469 4489 2060 4578">
    <p class='ocr_par' dir='ltr' id='par_1_92' title="bbox 469 4489 2058 4562">
     <span class='ocr_line' id='line_1_92' title="bbox 469 4489 2058 4562; baseline 0.001 -15"><span class='ocrx_word' id='word_1_725' title='bbox 469 4500 679 4562; x_wconf 69' lang='lat' dir='ltr'><strong>guunt,</strong></span> <span class='ocrx_word' id='word_1_726' title='bbox 731 4505 1088 4560; x_wconf 86' lang='lat' dir='ltr'><strong>summopere</strong></span> <span class='ocrx_word' id='word_1_727' title='bbox 1151 4489 1437 4546; x_wconf 83' lang='lat' dir='ltr'><strong>abhorret.</strong></span> <span class='ocrx_word' id='word_1_728' title='bbox 1495 4490 1635 4546; x_wconf 86' lang='lat' dir='ltr'><strong>Cum</strong></span> <span class='ocrx_word' id='word_1_729' title='bbox 1698 4507 1832 4547; x_wconf 76' lang='lat' dir='ltr'><strong>vero</strong></span> <span class='ocrx_word' id='word_1_730' title='bbox 1876 4507 2058 4548; x_wconf 87' lang='lat' dir='ltr'><strong>sermo</strong></span> 
     </span>
    </p>
   </div>
   <div class='ocr_carea' id='block_1_93' title="bbox 2161 4489 3735 4578">
    <p class='ocr_par' dir='ltr' id='par_1_93' title="bbox 2161 4500 3735 4578">
     <span class='ocr_line' id='line_1_93' title="bbox 2161 4500 3735 4578; baseline 0.006 -25"><span class='ocrx_word' id='word_1_731' title='bbox 2161 4500 2397 4573; x_wconf 81' lang='grc' dir='ltr'>Νοηθείη</span> <span class='ocrx_word' id='word_1_732' title='bbox 2428 4501 2539 4569; x_wconf 81' lang='grc' dir='ltr'>γὰρ</span> <span class='ocrx_word' id='word_1_733' title='bbox 2578 4503 2645 4558; x_wconf 78' lang='grc' dir='ltr'>ἂν</span> <span class='ocrx_word' id='word_1_734' title='bbox 2683 4504 2741 4558; x_wconf 71' lang='grc' dir='ltr'><strong>ιν</strong></span> <span class='ocrx_word' id='word_1_735' title='bbox 2765 4504 3000 4574; x_wconf 75' lang='grc' dir='ltr'>τούτοις,</span> <span class='ocrx_word' id='word_1_736' title='bbox 3033 4506 3288 4578; x_wconf 72' lang='grc' dir='ltr'>καθάπερ</span> <span class='ocrx_word' id='word_1_737' title='bbox 3321 4505 3437 4576; x_wconf 62' lang='grc' dir='ltr'><strong>ἐγὼ</strong></span> <span class='ocrx_word' id='word_1_738' title='bbox 3473 4502 3643 4577; x_wconf 76' lang='grc' dir='ltr'>οἶμαι,</span> <span class='ocrx_word' id='word_1_739' title='bbox 3681 4501 3735 4557; x_wconf 80' lang='grc' dir='ltr'><strong>τδ</strong></span> 
     </span>
    </p>
   </div>
   <div class='ocr_carea' id='block_1_94' title="bbox 469 4574 2056 4649">
    <p class='ocr_par' dir='ltr' id='par_1_94' title="bbox 469 4574 2056 4649">
     <span class='ocr_line' id='line_1_94' title="bbox 469 4574 2056 4649; baseline 0.003 -14"><span class='ocrx_word' id='word_1_740' title='bbox 469 4578 879 4649; x_wconf 77' lang='lat' dir='ltr'><strong>quodammodo</strong></span> <span class='ocrx_word' id='word_1_741' title='bbox 899 4593 932 4633; x_wconf 83' lang='grc' dir='ltr'>ο</span> <span class='ocrx_word' id='word_1_742' title='bbox 968 4577 1231 4635; x_wconf 88' lang='lat' dir='ltr'><strong>dentibus</strong></span> <span class='ocrx_word' id='word_1_743' title='bbox 1253 4578 1537 4649; x_wconf 82' lang='lat' dir='ltr'><strong>procedat,</strong></span> <span class='ocrx_word' id='word_1_744' title='bbox 1567 4579 1694 4637; x_wconf 90' lang='lat' dir='ltr'><strong>ideo</strong></span> <span class='ocrx_word' id='word_1_745' title='bbox 1715 4589 1773 4637; x_wconf 92' lang='lat' dir='ltr'><strong>et</strong></span> <span class='ocrx_word' id='word_1_746' title='bbox 1805 4582 1907 4639; x_wconf 88' lang='lat' dir='ltr'><strong>hos</strong></span> <span class='ocrx_word' id='word_1_747' title='bbox 1934 4574 2056 4640; x_wconf 72' lang='lat' dir='ltr'><strong>esSe</strong></span> 
     </span>
    </p>
   </div>
   <div class='ocr_carea' id='block_1_95' title="bbox 471 4670 2056 4746">
    <p class='ocr_par' dir='ltr' id='par_1_95' title="bbox 471 4670 2056 4746">
     <span class='ocr_line' id='line_1_95' title="bbox 471 4670 2056 4746; baseline 0.005 -22"><span class='ocrx_word' id='word_1_748' title='bbox 471 4671 551 4726; x_wconf 87' lang='lat' dir='ltr'><strong>ait</strong></span> <span class='ocrx_word' id='word_1_749' title='bbox 582 4670 883 4736; x_wconf 79' lang='lat' dir='ltr'><strong>candidos,</strong></span> <span class='ocrx_word' id='word_1_750' title='bbox 908 4676 972 4725; x_wconf 86' lang='lat' dir='ltr'><strong>ut</strong></span> <span class='ocrx_word' id='word_1_751' title='bbox 993 4670 1088 4740; x_wconf 86' lang='lat' dir='ltr'><strong>qui</strong></span> <span class='ocrx_word' id='word_1_752' title='bbox 1117 4686 1430 4727; x_wconf 85' lang='lat' dir='ltr'><strong>sermonem</strong></span> <span class='ocrx_word' id='word_1_753' title='bbox 1461 4673 1763 4729; x_wconf 83' lang='lat' dir='ltr'><strong>candidum</strong></span> <span class='ocrx_word' id='word_1_754' title='bbox 1807 4690 1909 4746; x_wconf 88' lang='lat' dir='ltr'><strong>per</strong></span> <span class='ocrx_word' id='word_1_755' title='bbox 1946 4676 2056 4732; x_wconf 87' lang='lat' dir='ltr'><strong>lin-</strong></span> 
     </span>
    </p>
   </div>
   <div class='ocr_carea' id='block_1_96' title="bbox 469 4762 2055 4837">
    <p class='ocr_par' dir='ltr' id='par_1_96' title="bbox 469 4762 2055 4837">
     <span class='ocr_line' id='line_1_96' title="bbox 469 4762 2055 4837; baseline 0.006 -21"><span class='ocrx_word' id='word_1_756' title='bbox 469 4777 632 4833; x_wconf 82' lang='lat' dir='ltr'><strong>guam</strong></span> <span class='ocrx_word' id='word_1_757' title='bbox 658 4763 935 4818; x_wconf 81' lang='lat' dir='ltr'><strong>emittant.</strong></span> <span class='ocrx_word' id='word_1_758' title='bbox 960 4762 1218 4819; x_wconf 84' lang='lat' dir='ltr'><strong>Christus</strong></span> <span class='ocrx_word' id='word_1_759' title='bbox 1272 4764 1422 4823; x_wconf 80' lang='lat' dir='ltr'><strong>enim</strong></span> <span class='ocrx_word' id='word_1_760' title='bbox 1453 4780 1803 4837; x_wconf 82' lang='lat' dir='ltr'><strong>nequaquam</strong></span> <span class='ocrx_word' id='word_1_761' title='bbox 1840 4768 2055 4824; x_wconf 81' lang='lat' dir='ltr'><strong>vanilo-</strong></span> 
     </span>
    </p>
   </div>
   <div class='ocr_carea' id='block_1_97' title="bbox 469 4854 2057 4928">
    <p class='ocr_par' dir='ltr' id='par_1_97' title="bbox 469 4854 2057 4928">
     <span class='ocr_line' id='line_1_97' title="bbox 469 4854 2057 4928; baseline 0.007 -22"><span class='ocrx_word' id='word_1_762' title='bbox 469 4868 614 4924; x_wconf 85' lang='lat' dir='ltr'><strong>quus</strong></span> <span class='ocrx_word' id='word_1_763' title='bbox 668 4860 774 4918; x_wconf 87' lang='lat' dir='ltr'><strong>est,</strong></span> <span class='ocrx_word' id='word_1_764' title='bbox 830 4854 927 4909; x_wconf 85' lang='lat' dir='ltr'><strong>sed</strong></span> <span class='ocrx_word' id='word_1_765' title='bbox 978 4856 1162 4926; x_wconf 81' lang='lat' dir='ltr'><strong>potius</strong></span> <span class='ocrx_word' id='word_1_766' title='bbox 1217 4855 1515 4913; x_wconf 77' lang='lat' dir='ltr'><strong>veridicos.</strong></span> <span class='ocrx_word' id='word_1_767' title='bbox 1562 4857 1849 4928; x_wconf 87' lang='lat' dir='ltr'><strong>Siquidem</strong></span> <span class='ocrx_word' id='word_1_768' title='bbox 1893 4875 2057 4917; x_wconf 85' lang='lat' dir='ltr'><strong>omne</strong></span> 
     </span>
    </p>
   </div>
   <div class='ocr_carea' id='block_1_98' title="bbox 469 4945 2061 5018">
    <p class='ocr_par' dir='ltr' id='par_1_98' title="bbox 469 4945 2061 5018">
     <span class='ocr_line' id='line_1_98' title="bbox 469 4945 2061 5018; baseline 0.007 -20"><span class='ocrx_word' id='word_1_769' title='bbox 469 4945 619 5014; x_wconf 90' lang='lat' dir='ltr'><strong>quod</strong></span> <span class='ocrx_word' id='word_1_770' title='bbox 643 4945 891 5016; x_wconf 81' lang='lat' dir='ltr'><strong>loquitur</strong></span> <span class='ocrx_word' id='word_1_771' title='bbox 917 4955 1171 5003; x_wconf 84' lang='lat' dir='ltr'><strong>sanctum</strong></span> <span class='ocrx_word' id='word_1_772' title='bbox 1208 4954 1315 5012; x_wconf 90' lang='lat' dir='ltr'><strong>est,</strong></span> <span class='ocrx_word' id='word_1_773' title='bbox 1360 4956 1530 5018; x_wconf 89' lang='lat' dir='ltr'><strong>atque</strong></span> <span class='ocrx_word' id='word_1_774' title='bbox 1572 4949 1941 5009; x_wconf 87' lang='lat' dir='ltr'><strong>admiratione</strong></span> <span class='ocrx_word' id='word_1_775' title='bbox 1975 4952 2061 5008; x_wconf 90' lang='lat' dir='ltr'><strong>di-</strong></span> 
     </span>
    </p>
   </div>
   <div class='ocr_carea' id='block_1_99' title="bbox 471 5038 2056 5108">
    <p class='ocr_par' dir='ltr' id='par_1_99' title="bbox 471 5038 2056 5108">
     <span class='ocr_line' id='line_1_99' title="bbox 471 5038 2056 5108; baseline 0.006 -19"><span class='ocrx_word' id='word_1_776' title='bbox 471 5052 661 5106; x_wconf 78' lang='lat' dir='ltr'><strong>gnum,</strong></span> <span class='ocrx_word' id='word_1_777' title='bbox 692 5045 858 5108; x_wconf 83' lang='lat' dir='ltr'><strong>atque</strong></span> <span class='ocrx_word' id='word_1_778' title='bbox 911 5038 1052 5095; x_wconf 86' lang='lat' dir='ltr'><strong>adeo</strong></span> <span class='ocrx_word' id='word_1_779' title='bbox 1081 5038 1210 5103; x_wconf 86' lang='lat' dir='ltr'><strong>tale,</strong></span> <span class='ocrx_word' id='word_1_780' title='bbox 1251 5046 1315 5093; x_wconf 91' lang='lat' dir='ltr'><strong>ut</strong></span> <span class='ocrx_word' id='word_1_781' title='bbox 1344 5039 1540 5095; x_wconf 75' lang='lat' dir='ltr'><strong>anima:</strong></span> <span class='ocrx_word' id='word_1_782' title='bbox 1574 5052 1633 5096; x_wconf 91' lang='lat' dir='ltr'><strong>et</strong></span> <span class='ocrx_word' id='word_1_783' title='bbox 1681 5041 1857 5097; x_wconf 87' lang='lat' dir='ltr'><strong>menti</strong></span> <span class='ocrx_word' id='word_1_784' title='bbox 1893 5042 2056 5099; x_wconf 89' lang='lat' dir='ltr'><strong>audi-</strong></span> 
     </span>
    </p>
   </div>
   <div class='ocr_carea' id='block_1_100' title="bbox 475 5129 1728 5200">
    <p class='ocr_par' dir='ltr' id='par_1_100' title="bbox 475 5129 1728 5200">
     <span class='ocr_line' id='line_1_100' title="bbox 475 5129 1728 5200; baseline 0.006 -18"><span class='ocrx_word' id='word_1_785' title='bbox 475 5138 655 5182; x_wconf 78' lang='lat' dir='ltr'><strong>torum</strong></span> <span class='ocrx_word' id='word_1_786' title='bbox 692 5130 1201 5200; x_wconf 77' lang='lat' dir='ltr'><strong>splendidissimum</strong></span> <span class='ocrx_word' id='word_1_787' title='bbox 1230 5129 1423 5188; x_wconf 78' lang='lat' dir='ltr'><strong>lumen</strong></span> <span class='ocrx_word' id='word_1_788' title='bbox 1445 5131 1728 5189; x_wconf 81' lang='lat' dir='ltr'><strong>immittat.</strong></span> 
     </span>
    </p>
   </div>
   <div class='ocr_carea' id='block_1_101' title="bbox 2163 4591 3734 4669">
    <p class='ocr_par' dir='ltr' id='par_1_101' title="bbox 2163 4591 3734 4669">
     <span class='ocr_line' id='line_1_101' title="bbox 2163 4591 3734 4669; baseline 0.002 -25"><span class='ocrx_word' id='word_1_789' title='bbox 2163 4591 2329 4645; x_wconf 79' lang='grc' dir='ltr'>οἱονεὶ</span> <span class='ocrx_word' id='word_1_790' title='bbox 2358 4591 2694 4662; x_wconf 60' lang='grc' dir='ltr'>φιλομιῶς,</span> <span class='ocrx_word' id='word_1_791' title='bbox 2728 4595 2826 4649; x_wconf 75' lang='grc' dir='ltr'>καὶ</span> <span class='ocrx_word' id='word_1_792' title='bbox 2869 4595 2931 4649; x_wconf 77' lang='grc' dir='ltr'><strong>τὸ</strong></span> <span class='ocrx_word' id='word_1_793' title='bbox 2976 4598 3065 4651; x_wconf 81' lang='grc' dir='ltr'>ἀεί</span> <span class='ocrx_word' id='word_1_794' title='bbox 3112 4615 3231 4661; x_wconf 82' lang='grc' dir='ltr'><strong>πως</strong></span> <span class='ocrx_word' id='word_1_795' title='bbox 3271 4597 3512 4669; x_wconf 74' lang='grc' dir='ltr'>εὔθυμόν</span> <span class='ocrx_word' id='word_1_796' title='bbox 3554 4613 3611 4649; x_wconf 87' lang='grc' dir='ltr'><strong>τε</strong></span> <span class='ocrx_word' id='word_1_797' title='bbox 3651 4592 3734 4647; x_wconf 75' lang='grc' dir='ltr'><strong>καὶ</strong></span> 
     </span>
    </p>
   </div>
   <div class='ocr_carea' id='block_1_102' title="bbox 2166 4681 3736 4765">
    <p class='ocr_par' dir='ltr' id='par_1_102' title="bbox 2166 4681 3736 4765">
     <span class='ocr_line' id='line_1_102' title="bbox 2166 4681 3736 4765; baseline 0.008 -30"><span class='ocrx_word' id='word_1_798' title='bbox 2166 4681 2348 4754; x_wconf 78' lang='grc' dir='ltr'>ἱλαρὸν</span> <span class='ocrx_word' id='word_1_799' title='bbox 2379 4683 2478 4755; x_wconf 83' lang='grc' dir='ltr'>τῆς</span> <span class='ocrx_word' id='word_1_800' title='bbox 2499 4684 2755 4756; x_wconf 83' lang='grc' dir='ltr'>θεότητος</span> <span class='ocrx_word' id='word_1_801' title='bbox 2785 4687 2976 4743; x_wconf 84' lang='grc' dir='ltr'>αὑτοῦ.</span> <span class='ocrx_word' id='word_1_802' title='bbox 3018 4688 3224 4761; x_wconf 86' lang='grc' dir='ltr'>Ἰλαρὸς</span> <span class='ocrx_word' id='word_1_803' title='bbox 3241 4691 3354 4765; x_wconf 83' lang='grc' dir='ltr'>γάρ</span> <span class='ocrx_word' id='word_1_804' title='bbox 3379 4707 3500 4753; x_wconf 81' lang='grc' dir='ltr'><strong>πως</strong></span> <span class='ocrx_word' id='word_1_805' title='bbox 3529 4689 3613 4743; x_wconf 74' lang='grc' dir='ltr'><strong>ἀεὶ</strong></span> <span class='ocrx_word' id='word_1_806' title='bbox 3635 4686 3736 4747; x_wconf 77' lang='grc' dir='ltr'>τοῖς</span> 
     </span>
    </p>
   </div>
   <div class='ocr_carea' id='block_1_103' title="bbox 2164 4775 3734 4847">
    <p class='ocr_par' dir='ltr' id='par_1_103' title="bbox 2164 4775 3734 4847">
     <span class='ocr_line' id='line_1_103' title="bbox 2164 4775 3734 4847; baseline 0.001 -19"><span class='ocrx_word' id='word_1_807' title='bbox 2164 4775 2480 4830; x_wconf 83' lang='grc' dir='ltr'>πεπωκόσιν</span> <span class='ocrx_word' id='word_1_808' title='bbox 2507 4779 2535 4833; x_wconf 84' lang='grc' dir='ltr'><strong>ὁ</strong></span> <span class='ocrx_word' id='word_1_809' title='bbox 2564 4777 2709 4845; x_wconf 81' lang='grc' dir='ltr'>νοῦς,</span> <span class='ocrx_word' id='word_1_810' title='bbox 2741 4780 2839 4833; x_wconf 72' lang='grc' dir='ltr'><strong>καὶ</strong></span> <span class='ocrx_word' id='word_1_811' title='bbox 2866 4778 2976 4833; x_wconf 87' lang='grc' dir='ltr'><strong>τῶν</strong></span> <span class='ocrx_word' id='word_1_812' title='bbox 3004 4784 3345 4847; x_wconf 83' lang='grc' dir='ltr'>καταλυπεῑν</span> <span class='ocrx_word' id='word_1_813' title='bbox 3372 4781 3635 4837; x_wconf 79' lang='grc' dir='ltr'>εἰωθότων</span> <span class='ocrx_word' id='word_1_814' title='bbox 3661 4777 3734 4830; x_wconf 75' lang='grc' dir='ltr'><strong>ὅτι</strong></span> 
     </span>
    </p>
   </div>
   <div class='ocr_carea' id='block_1_104' title="bbox 2166 4867 3734 4946">
    <p class='ocr_par' dir='ltr' id='par_1_104' title="bbox 2166 4867 3734 4946">
     <span class='ocr_line' id='line_1_104' title="bbox 2166 4867 3734 4946; baseline 0.004 -26"><span class='ocrx_word' id='word_1_815' title='bbox 2166 4867 2404 4938; x_wconf 81' lang='grc' dir='ltr'>μάλιστα</span> <span class='ocrx_word' id='word_1_816' title='bbox 2431 4873 2867 4943; x_wconf 76' lang='grc' dir='ltr'>καταφρονητὴς.</span> <span class='ocrx_word' id='word_1_817' title='bbox 2904 4874 3123 4946; x_wconf 82' lang='grc' dir='ltr'>Ἐπειδὴ</span> <span class='ocrx_word' id='word_1_818' title='bbox 3150 4875 3205 4930; x_wconf 81' lang='grc' dir='ltr'><strong>δὲ</strong></span> <span class='ocrx_word' id='word_1_819' title='bbox 3236 4874 3296 4945; x_wconf 63' lang='grc' dir='ltr'>ἐξ</span> <span class='ocrx_word' id='word_1_820' title='bbox 3317 4875 3546 4930; x_wconf 74' lang='grc' dir='ltr'>ὀδόντων</span> <span class='ocrx_word' id='word_1_821' title='bbox 3563 4871 3734 4940; x_wconf 84' lang='grc' dir='ltr'>ῶσπερ</span> 
     </span>
    </p>
   </div>
   <div class='ocr_carea' id='block_1_105' title="bbox 2162 4956 3743 5038">
    <p class='ocr_par' dir='ltr' id='par_1_105' title="bbox 2162 4956 3743 5038">
     <span class='ocr_line' id='line_1_105' title="bbox 2162 4956 3743 5038; baseline 0.009 -27"><span class='ocrx_word' id='word_1_822' title='bbox 2162 4957 2411 5030; x_wconf 79' lang='grc' dir='ltr'>πρόεισιν</span> <span class='ocrx_word' id='word_1_823' title='bbox 2444 4962 2473 5016; x_wconf 82' lang='grc' dir='ltr'><strong>ό</strong></span> <span class='ocrx_word' id='word_1_824' title='bbox 2496 4961 2675 5032; x_wconf 84' lang='grc' dir='ltr'>λόγος,</span> <span class='ocrx_word' id='word_1_825' title='bbox 2706 4962 2933 5029; x_wconf 74' lang='grc' dir='ltr'>λευκοὺς</span> <span class='ocrx_word' id='word_1_826' title='bbox 2965 4959 3104 5020; x_wconf 79' lang='grc' dir='ltr'>εἶναι</span> <span class='ocrx_word' id='word_1_827' title='bbox 3144 4966 3239 5022; x_wconf 55' lang='grc' dir='ltr'><strong>καλ⁸</strong></span> <span class='ocrx_word' id='word_1_828' title='bbox 3270 4966 3471 5032; x_wconf 70' lang='grc' dir='ltr'>αὐτούς</span> <span class='ocrx_word' id='word_1_829' title='bbox 3497 4983 3645 5038; x_wconf 79' lang='grc' dir='ltr'>φησι,</span> <span class='ocrx_word' id='word_1_830' title='bbox 3667 4956 3743 5027; x_wconf 16' lang='grc' dir='ltr'>ὡς.</span> 
     </span>
    </p>
   </div>
   <div class='ocr_carea' id='block_1_106' title="bbox 2161 5049 3734 5130">
    <p class='ocr_par' dir='ltr' id='par_1_106' title="bbox 2161 5049 3734 5130">
     <span class='ocr_line' id='line_1_106' title="bbox 2161 5049 3734 5130; baseline 0.007 -26"><span class='ocrx_word' id='word_1_831' title='bbox 2161 5049 2400 5125; x_wconf 83' lang='grc' dir='ltr'>καθαρόν</span> <span class='ocrx_word' id='word_1_832' title='bbox 2433 5070 2491 5108; x_wconf 79' lang='grc' dir='ltr'><strong>τε</strong></span> <span class='ocrx_word' id='word_1_833' title='bbox 2530 5054 2626 5108; x_wconf 75' lang='grc' dir='ltr'>καὶ</span> <span class='ocrx_word' id='word_1_834' title='bbox 2678 5055 2939 5112; x_wconf 78' lang='grc' dir='ltr'>ἔκλευκον</span> <span class='ocrx_word' id='word_1_835' title='bbox 2980 5058 3073 5113; x_wconf 80' lang='grc' dir='ltr'>τὸν</span> <span class='ocrx_word' id='word_1_836' title='bbox 3125 5059 3233 5115; x_wconf 75' lang='grc' dir='ltr'><strong>ἀπὸ</strong></span> <span class='ocrx_word' id='word_1_837' title='bbox 3272 5060 3522 5130; x_wconf 81' lang='grc' dir='ltr'>γλώττης</span> <span class='ocrx_word' id='word_1_838' title='bbox 3572 5058 3734 5115; x_wconf 73' lang='grc' dir='ltr'>ἱέντας</span> 
     </span>
    </p>
   </div>
   <div class='ocr_carea' id='block_1_107' title="bbox 2161 5139 3781 5225">
    <p class='ocr_par' dir='ltr' id='par_1_107' title="bbox 2161 5139 3781 5225">
     <span class='ocr_line' id='line_1_107' title="bbox 2161 5139 3781 5225; baseline 0.008 -28"><span class='ocrx_word' id='word_1_839' title='bbox 2161 5139 2341 5210; x_wconf 84' lang='grc' dir='ltr'>λόγον.</span> <span class='ocrx_word' id='word_1_840' title='bbox 2400 5144 2785 5219; x_wconf 75' lang='grc' dir='ltr'>Ἀμαρτοεπὴς</span> <span class='ocrx_word' id='word_1_841' title='bbox 2838 5148 2947 5219; x_wconf 81' lang='grc' dir='ltr'>γὰρ</span> <span class='ocrx_word' id='word_1_842' title='bbox 3000 5148 3275 5223; x_wconf 73' lang='grc' dir='ltr'>οὐδαμῶς,</span> <span class='ocrx_word' id='word_1_843' title='bbox 3332 5144 3781 5225; x_wconf 59' lang='grc' dir='ltr'>εὐθυρήμωνδὲθ</span> 
     </span>
    </p>
   </div>
   <div class='ocr_carea' id='block_1_108' title="bbox 476 5219 3729 5319">
    <p class='ocr_par' dir='ltr' id='par_1_108' title="bbox 476 5219 3729 5319">
     <span class='ocr_line' id='line_1_108' title="bbox 476 5219 3729 5319; baseline 0.011 -48"><span class='ocrx_word' id='word_1_844' title='bbox 476 5219 674 5319; x_wconf 56' lang='grc' dir='ltr'>μαλλον</span> <span class='ocrx_word' id='word_1_845' title='bbox 700 5222 797 5319; x_wconf 74' lang='grc' dir='ltr'>καὶ</span> <span class='ocrx_word' id='word_1_846' title='bbox 828 5223 1036 5319; x_wconf 76' lang='grc' dir='ltr'>ἀληθὴς</span> <span class='ocrx_word' id='word_1_847' title='bbox 1068 5225 1102 5319; x_wconf 4' lang='grc' dir='ltr'>,ὁ</span> <span class='ocrx_word' id='word_1_848' title='bbox 1132 5224 1371 5319; x_wconf 83' lang='grc' dir='ltr'>Χριστός</span> <span class='ocrx_word' id='word_1_849' title='bbox 1392 5241 1405 5255; x_wconf 88' lang='grc'><strong>·</strong></span> <span class='ocrx_word' id='word_1_850' title='bbox 1430 5226 1530 5280; x_wconf 70' lang='grc' dir='ltr'>καὶ</span> <span class='ocrx_word' id='word_1_851' title='bbox 1567 5227 1700 5294; x_wconf 82' lang='grc' dir='ltr'>πᾶν,</span> <span class='ocrx_word' id='word_1_852' title='bbox 1733 5227 1801 5283; x_wconf 71' lang='grc' dir='ltr'><strong>εἷο</strong></span> <span class='ocrx_word' id='word_1_853' title='bbox 1847 5247 1900 5285; x_wconf 85' lang='grc' dir='ltr'><strong>τι</strong></span> <span class='ocrx_word' id='word_1_854' title='bbox 1961 5232 2277 5304; x_wconf 78' lang='grc' dir='ltr'>φθέγξαιτο,</span> <span class='ocrx_word' id='word_1_855' title='bbox 2308 5236 2467 5294; x_wconf 76' lang='grc' dir='ltr'>τοῦτο</span> <span class='ocrx_word' id='word_1_856' title='bbox 2528 5239 2681 5295; x_wconf 74' lang='grc' dir='ltr'>ιστιν</span> <span class='ocrx_word' id='word_1_857' title='bbox 2721 5242 3081 5317; x_wconf 79' lang='grc' dir='ltr'>ἁγιοπρεπὲς,</span> <span class='ocrx_word' id='word_1_858' title='bbox 3136 5219 3242 5302; x_wconf 68' lang='grc' dir='ltr'><strong>καὶ</strong></span> <span class='ocrx_word' id='word_1_859' title='bbox 3278 5219 3729 5319; x_wconf 50' lang='grc' dir='ltr'>τεθαυμασμένων</span> 
     </span>
    </p>
   </div>
   <div class='ocr_carea' id='block_1_109' title="bbox 470 5313 3157 5413">
    <p class='ocr_par' dir='ltr' id='par_1_109' title="bbox 470 5313 3157 5413">
     <span class='ocr_line' id='line_1_109' title="bbox 470 5313 3157 5413; baseline 0.012 -49"><span class='ocrx_word' id='word_1_860' title='bbox 470 5313 565 5365; x_wconf 76' lang='grc' dir='ltr'>καὶ</span> <span class='ocrx_word' id='word_1_861' title='bbox 605 5313 863 5386; x_wconf 82' lang='grc' dir='ltr'>πλείστην</span> <span class='ocrx_word' id='word_1_862' title='bbox 894 5316 1025 5387; x_wconf 80' lang='grc' dir='ltr'>ὅσην</span> <span class='ocrx_word' id='word_1_863' title='bbox 1060 5318 1328 5387; x_wconf 64' lang='grc' dir='ltr'>ἐμποιοῦν</span> <span class='ocrx_word' id='word_1_864' title='bbox 1364 5323 1499 5386; x_wconf 65' lang='grc' dir='ltr'><strong>τοῖς⁵</strong></span> <span class='ocrx_word' id='word_1_865' title='bbox 1525 5322 1903 5397; x_wconf 79' lang='grc' dir='ltr'>ἀκροωμένοις</span> <span class='ocrx_word' id='word_1_866' title='bbox 1950 5328 2051 5401; x_wconf 83' lang='grc' dir='ltr'><strong>τὴν</strong></span> <span class='ocrx_word' id='word_1_867' title='bbox 2089 5333 2169 5396; x_wconf 85' lang='grc' dir='ltr'><strong>είς</strong></span> <span class='ocrx_word' id='word_1_868' title='bbox 2199 5332 2380 5404; x_wconf 75' lang='grc' dir='ltr'>ψυχήν</span> <span class='ocrx_word' id='word_1_869' title='bbox 2408 5352 2466 5388; x_wconf 86' lang='grc' dir='ltr'><strong>τε</strong></span> <span class='ocrx_word' id='word_1_870' title='bbox 2494 5338 2587 5391; x_wconf 69' lang='grc' dir='ltr'>καὶ</span> <span class='ocrx_word' id='word_1_871' title='bbox 2618 5336 2747 5391; x_wconf 85' lang='grc' dir='ltr'>νοῦν</span> <span class='ocrx_word' id='word_1_872' title='bbox 2768 5313 3157 5413; x_wconf 79' lang='grc' dir='ltr'>λαμπρότητα.</span> 
     </span>
    </p>
   </div>
   <div class='ocr_carea' id='block_1_110' title="bbox 1076 5426 1448 5485">
    <p class='ocr_par' dir='ltr' id='par_1_110' title="bbox 1076 5426 1448 5485">
     <span class='ocr_line' id='line_1_110' title="bbox 1076 5426 1448 5485; baseline 0.013 -5"><span class='ocrx_word' id='word_1_873' title='bbox 1076 5426 1155 5480; x_wconf 83' lang='lat' dir='ltr'><strong>De</strong></span> <span class='ocrx_word' id='word_1_874' title='bbox 1186 5428 1448 5485; x_wconf 75' lang='grc' dir='ltr'>Ζοίηιίοιι.</span> 
     </span>
    </p>
   </div>
   <div class='ocr_carea' id='block_1_111' title="bbox 550 5514 2049 5601">
    <p class='ocr_par' dir='ltr' id='par_1_111' title="bbox 550 5514 2049 5601">
     <span class='ocr_line' id='line_1_111' title="bbox 550 5514 2049 5601; baseline 0.015 -36"><span class='ocrx_word' id='word_1_875' title='bbox 550 5534 568 5565; x_wconf 77' lang='grc' dir='ltr'><strong>ε</strong></span> <span class='ocrx_word' id='word_1_876' title='bbox 599 5514 848 5572; x_wconf 85' lang='lat' dir='ltr'><strong>Zabulon</strong></span> <span class='ocrx_word' id='word_1_877' title='bbox 898 5517 1229 5581; x_wconf 88' lang='lat' dir='ltr'><strong>maritimus,</strong></span> <span class='ocrx_word' id='word_1_878' title='bbox 1294 5520 1569 5577; x_wconf 87' lang='lat' dir='ltr'><strong>habitabit</strong></span> <span class='ocrx_word' id='word_1_879' title='bbox 1619 5534 1678 5581; x_wconf 84' lang='lat' dir='ltr'><strong>et</strong></span> <span class='ocrx_word' id='word_1_880' title='bbox 1724 5528 1843 5599; x_wconf 84' lang='lat' dir='ltr'><strong>ipse</strong></span> <span class='ocrx_word' id='word_1_881' title='bbox 1891 5528 2049 5601; x_wconf 63' lang='lat' dir='ltr'><strong>juxta</strong></span> 
     </span>
    </p>
   </div>
   <div class='ocr_carea' id='block_1_112' title="bbox 2623 5449 3277 5519">
    <p class='ocr_par' dir='ltr' id='par_1_112' title="bbox 2623 5449 3277 5519">
     <span class='ocr_line' id='line_1_112' title="bbox 2623 5449 3277 5519; baseline 0.009 -17"><span class='ocrx_word' id='word_1_882' title='bbox 2623 5450 2766 5519; x_wconf 81' lang='grc' dir='ltr'><strong>Περὶ</strong></span> <span class='ocrx_word' id='word_1_883' title='bbox 2788 5449 2896 5507; x_wconf 81' lang='grc' dir='ltr'><strong>τοῦ</strong></span> <span class='ocrx_word' id='word_1_884' title='bbox 2926 5451 3277 5510; x_wconf 62' lang='grc' dir='ltr'>Ζαϐουλὼν.</span> 
     </span>
    </p>
   </div>
   <div class='ocr_carea' id='block_1_113' title="bbox 2235 5535 3729 5618">
    <p class='ocr_par' dir='ltr' id='par_1_113' title="bbox 2235 5535 3729 5618">
     <span class='ocr_line' id='line_1_113' title="bbox 2235 5535 3729 5618; baseline 0.01 -32"><span class='ocrx_word' id='word_1_885' title='bbox 2235 5551 2255 5585; x_wconf 77' lang='grc' dir='ltr'><strong>ι</strong></span> <span class='ocrx_word' id='word_1_886' title='bbox 2294 5535 2584 5594; x_wconf 76' lang='grc' dir='ltr'>Ζαϐουλὼν</span> <span class='ocrx_word' id='word_1_887' title='bbox 2611 5541 2899 5613; x_wconf 73' lang='grc' dir='ltr'>παράλιος,</span> <span class='ocrx_word' id='word_1_888' title='bbox 2925 5548 3247 5618; x_wconf 71' lang='grc' dir='ltr'>κατοικήσει</span> <span class='ocrx_word' id='word_1_889' title='bbox 3289 5545 3388 5602; x_wconf 74' lang='grc' dir='ltr'>καὶ</span> <span class='ocrx_word' id='word_1_890' title='bbox 3416 5544 3575 5606; x_wconf 80' lang='grc' dir='ltr'>αὐτὸς</span> <span class='ocrx_word' id='word_1_891' title='bbox 3615 5537 3729 5610; x_wconf 75' lang='grc' dir='ltr'>παρ’</span> 
     </span>
    </p>
   </div>
   <div class='ocr_carea' id='block_1_114' title="bbox 472 5606 2060 5709">
    <p class='ocr_par' dir='ltr' id='par_1_114' title="bbox 472 5606 2041 5685">
     <span class='ocr_line' id='line_1_114' title="bbox 472 5606 2041 5685; baseline 0.013 -29"><span class='ocrx_word' id='word_1_892' title='bbox 472 5612 689 5673; x_wconf 81' lang='lat' dir='ltr'><strong>portum</strong></span> <span class='ocrx_word' id='word_1_893' title='bbox 740 5606 984 5672; x_wconf 82' lang='lat' dir='ltr'><strong>navium,</strong></span> <span class='ocrx_word' id='word_1_894' title='bbox 1032 5616 1089 5662; x_wconf 87' lang='lat' dir='ltr'><strong>et</strong></span> <span class='ocrx_word' id='word_1_895' title='bbox 1137 5610 1400 5666; x_wconf 83' lang='lat' dir='ltr'><strong>extendet</strong></span> <span class='ocrx_word' id='word_1_896' title='bbox 1426 5624 1490 5665; x_wconf 84' lang='lat' dir='ltr'><strong>se</strong></span> <span class='ocrx_word' id='word_1_897' title='bbox 1528 5629 1703 5685; x_wconf 87' lang='lat' dir='ltr'><strong>usque</strong></span> <span class='ocrx_word' id='word_1_898' title='bbox 1749 5618 1818 5673; x_wconf 88' lang='lat' dir='ltr'><strong>ad</strong></span> <span class='ocrx_word' id='word_1_899' title='bbox 1879 5616 2041 5676; x_wconf 78' lang='lat' dir='ltr'><strong>Sido-</strong></span> 
     </span>
    </p>
   </div>
   <div class='ocr_carea' id='block_1_115' title="bbox 2161 5606 3725 5709">
    <p class='ocr_par' dir='ltr' id='par_1_115' title="bbox 2161 5606 3725 5709">
     <span class='ocr_line' id='line_1_115' title="bbox 2161 5606 3725 5709; baseline 0.006 -25"><span class='ocrx_word' id='word_1_900' title='bbox 2161 5626 2324 5699; x_wconf 68' lang='grc' dir='ltr'>ὅρμον</span> <span class='ocrx_word' id='word_1_901' title='bbox 2348 5630 2571 5700; x_wconf 83' lang='grc' dir='ltr'>πλοίων,</span> <span class='ocrx_word' id='word_1_902' title='bbox 2597 5606 3011 5709; x_wconf 38' lang='grc' dir='ltr'>καὶ-παρατινεῐ</span> <span class='ocrx_word' id='word_1_903' title='bbox 3033 5606 3157 5705; x_wconf 49' lang='grc' dir='ltr'>ἓως.</span> <span class='ocrx_word' id='word_1_904' title='bbox 3173 5636 3426 5704; x_wconf 74' lang='grc' dir='ltr'>Σιδῶνος.</span> <span class='ocrx_word' id='word_1_905' title='bbox 3463 5657 3480 5689; x_wconf 79' lang='grc' dir='ltr'><strong>ι</strong></span> <span class='ocrx_word' id='word_1_906' title='bbox 3511 5606 3725 5691; x_wconf 40' lang='lat' dir='ltr'><strong>Wsci-</strong></span> 
     </span>
    </p>
   </div>
   <div class='ocr_carea' id='block_1_116' title="bbox 543 5777 1418 5852">
    <p class='ocr_par' dir='ltr' id='par_1_116' title="bbox 543 5777 1418 5852">
     <span class='ocr_line' id='line_1_116' title="bbox 543 5777 1418 5852; baseline 0.002 -14"><span class='ocrx_word' id='word_1_907' title='bbox 543 5777 659 5812; x_wconf 65' lang='lat'><strong>“&#39;”</strong></span> <span class='ocrx_word' id='word_1_908' title='bbox 692 5783 789 5839; x_wconf 85' lang='lat' dir='ltr'><strong>lsa.</strong></span> <span class='ocrx_word' id='word_1_909' title='bbox 822 5799 965 5852; x_wconf 76' lang='lat' dir='ltr'><strong>mu,</strong></span> <span class='ocrx_word' id='word_1_910' title='bbox 1002 5787 1052 5840; x_wconf 83' lang='lat' dir='ltr'><strong>l.</strong></span> <span class='ocrx_word' id='word_1_911' title='bbox 1131 5788 1173 5819; x_wconf 83' lang='grc'>³⁸</span> <span class='ocrx_word' id='word_1_912' title='bbox 1196 5786 1333 5842; x_wconf 87' lang='lat' dir='ltr'><strong>ibid.</strong></span> <span class='ocrx_word' id='word_1_913' title='bbox 1366 5787 1418 5840; x_wconf 71' lang='lat'><strong>9.</strong></span> 
     </span>
    </p>
   </div>
  </div>
