4034 6458
273 341 387 398 357

1290 341 1816 397 GLAPHYROBUM
1855 343 1921 398 ΙΝ
1962 344 2263 401 (ΒΕΜΞΞΙΜ
2306 346 2436 401 LIB.
2480 347 2591 407 VII.

3490 353 3601 413 5³ἱῖ

274 478 368 524 τες
407 459 517 532 ἠδη
558 459 925 531 προείπομεν,
955 459 1038 513 ὅτι
1068 458 1160 513 τὸν
1206 458 1305 529 τῆς
1356 461 1889 532 προκειμένηςήμῑν

1994 477 2122 516 nem
2160 462 2341 517 ³⁹”ι⁰.›
2399 462 2577 534 Supra
2620 462 2860 522 diximus
2909 467 3454 549 quodextendentes
3505 488 3595 526 ra-

270 552 629 625 προφητείας
672 550 1067 624 βασανίζοντες
1113 550 1294 621 λόγον,
1355 553 1452 607 καὶ
1487 553 1636 618 ὅπως
1665 554 1732 608 ἂν
1773 556 1890 625 ἔχοι

272 648 374 700 καὶ
435 645 853 717 διαπεραίνοιτο
900 645 1104 710 καλῶς,
1135 645 1426 717 καταθρεῖν
1470 646 1887 713 σπουδάζοντες,

268 734 441 789 τοῦτο
466 737 572 805 μὲν
595 735 671 800 ὡς
700 736 763 802 ἐξ
787 736 1108 806 ὁμοιότητος
1133 735 1243 790 τῶν
1265 736 1366 808 ήδη
1398 738 1888 809 προειργασμένων

273 827 629 898 πεποιῆσθαί
670 844 880 899 φαμεν,
906 827 1069 882 τοῦτο
1096 828 1153 882 δὲ
1198 830 1293 883 καὶ
1338 830 1398 897 ἐξ
1426 831 1599 902 αὐτῆς
1642 828 1701 887 εὖ
1744 833 1890 904 μάλα

270 919 376 991 τῆς
393 918 512 975 τῶν
536 920 825 991 ὀνομάτων
838 921 1161 995 ἑρμηνείας,
1180 923 1467 994 μονονουχὶ
1485 923 1891 997 πλαστουργούο

276 1028 468 1081 μενον,
502 1011 603 1064 καὶ
642 1012 743 1091 τὴν
784 1012 893 1065 τῶν
923 1013 1200 1084 ἐσομένων
1232 1013 1376 1067 ἰδέαν
1411 1017 1892 1093 προαναφαίνοντα

273 1104 605 1171 διαδείξειεν
621 1105 713 1173 ἂν,
729 1100 907 1176 οἶμαι,
924 1106 1010 1169 τὶς
1024 1105 1149 1160 νοῦν
1166 1106 1327 1178 ἔχων.
1342 1109 1406 1160 Ὃ
1424 1108 1487 1180 δὴ
1503 1109 1741 1179 μάλιστα
1757 1128 1889 1164 κατ-

273 1196 408 1250 ιδεῖν
446 1196 675 1262 ἐξέσται
721 1197 887 1251 πάλιν
923 1200 1017 1252 ὲπί
1060 1217 1122 1252 τε
1161 1200 1253 1253 τοῦ
1302 1201 1614 1267 Ζαϐουλὼν,
1649 1203 1744 1257 καὶ
1780 1202 1891 1258 τῶν

271 1287 509 1358 ἑφεξῆς.
545 1290 987 1362 Διερμηνεύεται
1027 1291 1139 1363 γὰρ
1166 1293 1378 1347 εὐωδία
1415 1310 1474 1347 τε
1509 1295 1606 1348 καὶ
1642 1296 1892 1366 εὐλογία

272 1382 439 1454 παρὰ
474 1399 546 1452 γε
574 1386 690 1446 τοῖς
728 1383 799 1437 τὰ
827 1382 1059 1438 τοιαῦτα
1081 1386 1410 1457 διατρανοῦν
1435 1382 1493 1441 εὖ
1528 1389 1676 1458 μάλα
1704 1406 1890 1444 κατει-

271 1474 590 1548 θισμένοις.
633 1476 1060 1550 Εὐλογημένους
1093 1479 1158 1553 δὴ
1208 1476 1302 1534 οὖν
1335 1497 1490 1544 τινας
1521 1482 1630 1553 ἄρα
1671 1481 1782 1536 τῶν
1833 1480 1894 1547 ἐξ

283 1566 523 1638 Ἰσραὴλ
546 1569 885 1639 εὑρήσομεν,
913 1570 1009 1622 καὶ
1030 1569 1129 1642 τὴν
1154 1572 1241 1642 ἐφ’
1271 1571 1445 1626 ἅπασι
1472 1575 1583 1636 τοῖς
1606 1573 1892 1630 ἁνδάνουσι

273 1661 398 1733 εεῴ
443 1662 670 1715 εὐοδίαν
706 1664 1163 1734 πεπλουτηκότας
1192 1677 1205 1693 ⁸
1245 1663 1384 1737 πλὴν
1414 1665 1495 1718 ὅτι
1528 1667 1653 1729 τοὺς
1686 1666 1773 1721 διὰ
1803 1668 1892 1720 πί-

276 1770 456 1816 στεως
499 1752 608 1823 τῆς
650 1755 732 1818 είς
764 1755 1005 1825 Χριστὸν
1046 1755 1528 1827 δεόικαιωμένους,
1562 1758 1658 1812 καὶ
1701 1762 1766 1832 τῇ
1796 1760 1890 1813 τοῦ

1998 552 2209 608 tionem
2256 556 2560 627 propositae
2624 556 2934 628 prophetiae
2965 599 2979 625 ,
3045 570 3102 614 et
3160 577 3271 631 quo
3322 570 3485 632 pacto
3535 576 3611 617 se.

1994 644 2196 701 habeat
2255 655 2420 717 atque
2488 661 2834 720 propagetur
2885 650 3220 724 investigare
3278 653 3593 719 studentes,

1992 737 2154 807 225
2176 740 2379 808 partim
2410 755 2477 795 ex
2500 741 2866 799 similitudine
2885 760 3078 800 eorum
3108 763 3230 817 qua:
3255 756 3382 804 ante
3406 756 3589 804 trans-
3662 741 3667 745 ’

1992 840 2115 885 acta
2154 838 2306 897 sunt,
2342 831 2463 889 ﬁeri
2499 833 2756 901 dicimus,
2783 837 2980 906 partim
3007 853 3076 893 ex
3099 839 3384 894 nominum
3420 839 3591 896 inter-

1991 925 2305 993 pretatione
2335 934 2546 980 tantum
2575 943 2686 981 non
2720 927 2924 999 eﬂingi,
2961 939 3016 984 et
3050 929 3364 986 futurorum
3401 931 3597 1002 imagi-

1994 1028 2120 1067 nem
2154 1015 2570 1083 przmnonstrari
2617 1034 2629 1069 :
2679 1027 2847 1087 prout
2884 1018 3047 1074 facile
3094 1021 3373 1075 notaverit
3416 1020 3599 1092 quivis

1993 1115 2179 1159 mente
2200 1105 2487 1175 praeditus.
2503 1106 2659 1173 Quod
2685 1108 2863 1178 ipsum
2892 1110 3079 1165 videre
3100 1111 3230 1166 licet
3246 1112 3299 1166 in
3324 1112 3594 1181 Zabulon,

1992 1203 2049 1248 et
2077 1196 2326 1266 reliquis.
2366 1196 2650 1269 Signiﬁcat
2680 1199 2828 1253 enim
2864 1202 3267 1271 prosperitatcm
3294 1202 3407 1258 sive
3437 1204 3595 1258 bene-

1992 1287 2275 1342 dictionem
2308 1289 2455 1360 apud
2481 1305 2599 1356 eos,
2633 1290 2730 1362 qui
2766 1291 3082 1363 huiusmodi
3116 1294 3382 1351 vocabula
3419 1296 3596 1351 inter—

1992 1383 2306 1443 pretantur.
2352 1377 2707 1436 Inveniemus
2749 1381 2938 1452 itaque
2986 1384 3282 1438 nonnullos
3324 1402 3392 1440 ex
3430 1387 3598 1442 Israel

1994 1467 2339 1536 benedictos,
2369 1480 2633 1543 recteque
2668 1475 2725 1529 in
2763 1476 3025 1531 omnibus
3066 1494 3187 1547 quae
3229 1478 3341 1533 Deo
3381 1480 3601 1550 placent

1994 1560 2348 1632 incedentes;
2378 1573 2641 1622 ueterum
2672 1584 2774 1639 per
2804 1568 2969 1633 ﬁdem
3000 1570 3057 1624 in
3085 1570 3368 1626 Christum
3390 1571 3598 1642 justiﬁ-

1993 1660 2164 1719 catos,
2202 1661 2259 1709 et
2299 1656 2475 1710 sancti
2516 1655 2756 1727 Spiritus
2786 1659 2961 1730 gratia
2999 1659 3340 1716 illustratus:
3369 1660 3508 1716 adeo
3538 1669 3601 1717 ut

1995 1740 2258 1816 deinceps
2285 1762 2412 1804 vere
2449 1749 2758 1805 exclamare
2791 1752 3005 1822 possint
3032 1771 3044 1805 :
3083 1772 3099 1802 ι
3132 1752 3410 1807 Benedicti
3438 1768 3540 1808 nos
3564 1770 3596 1809 a

275 1841 441 1912 ἁγίου
479 1841 812 1913 Πνεῦματος
848 1843 1381 1916 λελαμπρυσμένους
1418 1845 1636 1917 χάριτι·
1670 1847 1747 1911 ὡς
1792 1848 1888 1902 καὶ

1994 1838 2249 1905 Domino,
2295 1840 2390 1910 qui
2430 1840 2564 1896 fecit
2594 1842 2795 1899 cmlum
2822 1850 2878 1899 et
2919 1852 3122 1899 terram
3158 1845 3223 1898 ¹·¹.
3256 1864 3273 1896 ι
3305 1844 3425 1899 Iluc
3452 1861 3594 1916 qua-

280 1935 505 2008 ἰσχύσαι
539 1934 736 1988 λοιπὸν
765 1936 825 1989 οὐ
849 1934 1290 2005 ψευδοεποῦντας
1340 1938 1678 2008 ἀνακραγεῖν
1697 1953 1709 1967 '
1743 1957 1761 1991 ι
1787 1939 1892 1992 Εὐ-

276 2026 580 2098 Μγημένοι
610 2029 777 2098 ἡμεῖς
801 2027 880 2098 τῷ
909 2028 1103 2101 Κυρίῳ
1127 2029 1205 2100 τῷ
1224 2030 1518 2101 ’ποιήσαντι
1551 2030 1641 2084 τὸν
1663 2031 1892 2103 οὐρανὸν

283 2121 375 2174 καὶ
407 2121 514 2191 τὴν
548 2121 681 2193 γῆν.
720 2139 741 2172 ι
789 2120 1058 2193 ’Δρμόσαι
1083 2122 1127 2176 δ’
1160 2121 1228 2177 ἂν
1251 2118 1408 2194 οἶμαι
1439 2123 1534 2177 καὶ
1559 2125 1687 2196 περὶ
1712 2124 1892 2180 αὐτῶν

281 2209 368 2264 τὸν
420 2210 711 2283 μακάριον
761 2214 1055 2285 προφήτην
1125 2212 1354 2268 Ἡσαΐαν
1396 2216 1593 2270 εἰπεῖν·
1657 2234 1676 2269 ι
1746 2217 1893 2281 Ὁδὸς

276 2302 529 2358 εὐσεὸὦν
565 2302 760 2357 εὐθεῖα
787 2304 1027 2372 ἐγένετο,
1069 2305 1166 2359 καὶ
1194 2309 1693 2380 παρεσκευασμένη
1723 2310 1892 2381 neat;

266 2396 382 2451 τῶν
427 2396 706 2454 εὐσεϐῶν.
749 2397 817 2452 Ἦ
865 2398 976 2470 γὰρ
1005 2398 1124 2464 ὁδὸς
1163 2402 1374 2471 Κυρίου
1425 2402 1627 2471 κρίσις.
1686 2422 1707 2455 ι
1752 2404 1892 2468 Τοὺς

267 2482 378 2544 ὧδε
405 2489 711 2563 λαμπροὺς
743 2490 840 2544 καὶ
870 2491 1282 2564 εὐλογημένους
1310 2495 1391 2557 είς
1410 2494 1508 2567 τὴν
1532 2494 1684 2567 ἱεράν
1705 2512 1767 2549 τε
1798 2498 1892 2551 καὶ

268 2581 431 2634 θείαν
470 2580 650 2652 αὐλὴν
699 2581 1079 2634 εἰσκαλεῖσοαι
1127 2581 1497 2655 προστέταχεν
1542 2587 1570 2638 ὁ
1599 2583 1709 2639 τῶν
1755 2584 1892 2639 ὅλων

267 2672 430 2737 θεὸς,
481 2671 633 2726 οὕτω
685 2672 897 2743 λέγων·
935 2692 954 2724 ι
1009 2672 1287 2740 Ἀνοίξατε
1330 2674 1546 2739 τέύλαςο
1603 2675 1894 2731 εἰσελθέτω

268 2764 402 2829 ita“;
434 2765 741 2835 φυλάσσων
764 2766 1139 2840 δικαιοσύνην,
1172 2770 1270 2822 καὶ
1297 2769 1588 2838 φυλάσσων
1611 2770 1892 2842 ἀλήθειαν,

270 2858 828 2939 ἀντιλαμϐανόμενος
845 2859 1131 2932 ἀληθείας,
1152 2862 1248 2916 καὶ
1270 2861 1561 2933 φυλάσσων
1595 2864 1840 2935 εἰρήνην.
1868 2881 1889 2915 ι

284 2948 431 3006 Ἀλλ’
468 2946 562 3006 ἵνα
601 2951 680 3024 μὴ
708 2955 821 3017 τοῖς
847 2953 938 3006 διὰ
969 2953 1137 3025 μέσου
1173 2954 1497 3020 σκανδάλοις
1527 2955 1895 3026 προσπταίονο

268 3046 571 3111 τες,ὅκνον
597 3046 938 3112 εἰσδέξαιντο
958 3047 1049 3103 τὸν
1071 3050 1160 3102 ἐπ’
1184 3049 1433 3118 ἀγαθοῖς,
1466 3049 1678 3105 εὐοδίαν
1704 3049 1894 3123 ὥσπερ

270 3137 540 3209 γενέσθαι
577 3139 948 3212 προστέταχε,
973 3142 1067 3195 καὶ
1092 3142 1530 3208 καταφιλοῦσθαι
1554 3142 1653 3216 τὴν
1682 3143 1892 3214 εἰσδρο-

272 3227 414 3299 μὴν,
450 3226 603 3281 οὕτω
628 3228 811 3298 λέγων
834 3232 949 3294 τοῖς
971 3231 1148 3299 ἁγίοις
1180 3232 1486 3304 ίερουργοῖς
1504 3248 1517 3262 ·
1543 3252 1561 3283 σ
1584 3232 1888 3303 Πορεύεσθε

268 3318 367 3374 διὰ
391 3319 505 3373 τῶν
549 3320 744 3374 πυλῶν
780 3339 903 3394 μου,
945 3324 1041 3376 καὶ
1072 3324 1198 3388 τοὺς
1228 3323 1411 3387 λίθους
1444 3324 1544 3395 τῆς
1576 3324 1699 3379 ὁδοῦ
1731 3326 1890 3398 διαρ-

273 3412 504 3484 ρίψατε.
547 3433 568 3466 ι
602 3414 820 3468 Οὐκοῦν
841 3410 953 3468 εἷεν
977 3416 1045 3470 ἂν
1070 3417 1432 3489 εὐλογημένοι
1460 3435 1521 3472 τε
1552 3418 1647 3472 καὶ
1675 3418 1889 3475 εὐοδοῦ-

274 3522 460 3577 μενοι,
510 3504 617 3576 τὴν
671 3506 753 3571 εἰς
797 3507 1038 3579 Χριστὸν
1088 3509 1273 3564 πίστιν
1320 3510 1371 3564 0i
1427 3511 1790 3582 τετιμηκότες
1830 3509 1892 3576 ἐξ

286 3597 542 3671 Ἰσραήλ.
602 3599 979 3671 Κατοικήσειν
1031 3615 1096 3669 γε
1152 3600 1262 3672 μὴν
1310 3600 1511 3666 αὐτοὺς
1558 3604 1680 3674 ἢτοι
1725 3621 1745 3657 ι
1798 3603 1891 3658 τὸν

274 3691 579 3746 Ζαϐουλὼν
623 3691 728 3766 τὴν
766 3696 833 3766 τῇ
872 3692 1125 3769 θαλάσσῃ
1158 3695 1377 3763 γείτονα
1419 3692 1609 3768 χώραν
1650 3714 1670 3748 ι
1716 3696 1892 3750 διεϐε-

273 3783 509 3841 ϐαιοῦτο
542 3785 769 3856 σαφῶςτ
809 3787 988 3841 οἱονεί
1033 3805 1151 3852 πως
1180 3789 1360 3841 ἐκεῖνο
1392 3785 1592 3858 λέγων,
1643 3788 1728 3843 δτι
1777 3789 1892 3853 τοῖς

273 3877 496 3933 ἔθνεσιν
520 3877 732 3949 ἀναμὶξ
769 3876 924 3933 ἔσται
967 3878 1155 3934 λοιπὸν
1195 3883 1224 3934 ό
1261 3879 1503 3952 Ἰσραὴλ,
1544 3880 1643 3935 ατε
1681 3880 1749 3954 δὴ
1794 3883 1891 3937 καὶ

273 3971 359 4033 εἰς
388 3971 529 4041 μίαν
561 3971 806 4041 ποίμνην
829 3972 1315 4044 συνενηνεγμένων
1343 3972 1452 4026 τῶν
1474 3971 1569 4026 δύο
1594 3972 1760 4038 λαῶν,
1798 3974 1891 4027 καὶ

274 4055 384 4110 ὑπὸ
411 4058 579 4129 χεῖρα
601 4055 703 4128 τὴν
729 4056 849 4118 ἐνὸς
877 4056 971 4112 τοῦ
1000 4060 1143 4113 κατά
1171 4060 1333 4129 φύσιν
1351 4060 1559 4130 ἀγαθοῦ
1587 4063 1890 4131 γεγονότων

273 4144 708 4220 ἀρχιποιμένος,
736 4150 986 4204 τουτέστι
1021 4151 1281 4223 Χριστοῦ.
1316 4151 1440 4206 Ὅτι
1468 4152 1526 4206 δὲ
1564 4153 1625 4207 τὸ
1661 4155 1892 4225 αἴνιγμα

271 4236 508 4307 ἀληθδς,
537 4237 956 4312 πληροφορήσει
998 4241 1198 4314 ῥαδίως
1227 4243 1328 4313 τῆς
1358 4242 1720 4298 θεοπνεύστου
1756 4246 1893 4317 Γρα-

272 4332 388 4405 φῆς
414 4330 451 4388 ὃ
483 4332 671 4404 ὶὲόγος,
707 4338 818 4400 τοῖς
847 4334 905 4403 ἐξ
942 4336 1112 4390 ἐθνῶν
1142 4337 1432 4408 ἀπονέμων
1470 4337 1569 4411 τὴν
1599 4339 1891 4410 πρόσοικον

271 4427 342 4497 τῇ
375 4423 629 4497 θαλάττῃ
677 4424 886 4498 χώραν.
933 4426 1082 4497 Ἔφη
1121 4427 1230 4498 γὰρ
1262 4427 1469 4493 οὕτως·
1520 4446 1538 4479 ι
1577 4426 1743 4500 Χὼρα
1786 4430 1889 4483 Ζα-

1995 1930 2199 1995 drabit,
2244 1933 2506 2001 arbitror,
2538 1936 2706 1991 etiam
2733 1937 2867 1992 illud
2896 1938 3182 2009 propheta:
3218 1937 3371 1994 Isaia:
3398 1957 3412 1993 :
3445 1958 3463 1992 ι
3495 1939 3593 1996 Via

1994 2024 2213 2095 piorum
2240 2026 2384 2083 facta
2416 2036 2501 2082 est
2532 2038 2704 2093 recta,
2736 2037 2791 2085 et
2820 2030 2929 2086 iter
2956 2032 3176 2101 piorum
3210 2041 3465 2104 paratum
3488 2043 3593 2090 est.

1994 2119 2095 2175 Via
2127 2120 2278 2175 enim
2309 2123 2525 2177 Domini
2550 2123 2821 2194 judicium
2864 2125 2927 2178 δ’.
2963 2145 2979 2175 ι
3021 2124 3168 2181 Deus
3206 2135 3392 2180 autem
3432 2125 3597 2197 hujus

1994 2211 2241 2267 universi
2276 2214 2561 2284 praecepit,
2590 2221 2651 2269 ut
2676 2214 2755 2268 illi
2782 2216 2878 2286 qui
2906 2214 2981 2270 ita
3020 2216 3294 2286 splendidi
3330 2231 3395 2272 ac
3419 2216 3593 2272 bene-

1994 2301 2132 2358 dicti
2170 2311 2328 2369 sunt,
2367 2314 2638 2361 vocentur
2668 2306 2724 2360 in
2772 2322 2984 2361 sacram
3014 2314 3069 2362 et
3098 2307 3341 2361 divinam
3376 2308 3556 2363 aulam
3577 2349 3592 2373 ,

1995 2393 2231 2451 dicens:
2271 2415 2287 2447 ι
2328 2397 2556 2467 Aperite
2591 2406 2810 2468 portas;
2850 2398 3194 2469 ingrediatur
3219 2399 3459 2470 populus
3497 2415 3598 2455 cu-

1995 2487 2244 2543 stodiens
2252 2488 2546 2559 justitiam,
2562 2496 2618 2543 et
2633 2489 2952 2544 custodiens
2966 2489 3277 2553 veritatem,
3290 2490 3600 2560 apprehen-

1994 2577 2135 2633 dens
2154 2580 2464 2645 veritatem,
2483 2589 2540 2635 et
2558 2579 2879 2634 cus'todiens
2899 2596 3089 2650 pacem
3112 2581 3177 2633 ⁵³.
3210 2600 3228 2631 ι
3252 2579 3320 2635 At
3340 2596 3409 2635 ne
3426 2580 3601 2635 inter-

1994 2671 2349 2727 venientibus
2366 2672 2639 2727 scandalis
2660 2672 3032 2743 impingentes
3046 2673 3398 2729 retardentur
3418 2675 3475 2729 in
3495 2674 3602 2731 hac

1995 2781 2259 2835 prospera
2281 2766 2389 2830 via,
2404 2782 2524 2836 qum
2545 2760 2718 2820 tendit
2732 2765 2800 2819 ad
2822 2765 2986 2831 bona,
3002 2765 3282 2820 ordinavit
3298 2775 3358 2821 ut
3372 2766 3600 2837 planum

1993 2856 2244 2913 facerent
2270 2858 2504 2925 aditum,
2537 2858 2611 2913 ita
2643 2858 2712 2914 ad
2745 2866 2966 2914 sanctos
2986 2859 3312 2920 sacerdotes
3358 2861 3552 2918 dicens
3582 2878 3596 2916 :

2004 2968 2021 3000 ι
2053 2949 2408 3020 ingredimini
2433 2967 2532 3021 per
2550 2960 2740 3022 portas
2760 2967 2930 3017 meas,
2956 2959 3013 3006 et
3033 2952 3244 3023 lapides
3263 2970 3295 3010 e
3316 2954 3404 3008 via
3424 2954 3601 3011 dimo-

1996 3054 2119 3100 vete
2138 3045 2203 3098 ιθ.
2226 3044 2513 3100 iisraelita:
2538 3044 2705 3116 igitur
2720 3045 2814 3115 qui
2832 3046 3242 3115 amplectuntur
3258 3046 3424 3103 fidem
3439 3047 3602 3105 Chri-

1998 3138 2090 3203 sti,
2112 3143 2276 3192 erunt
2300 3137 2600 3202 benedicti,
2624 3151 2925 3208 omnesque
2945 3138 3188 3208 ipsorum
3209 3139 3457 3196 actiones
3471 3156 3600 3211 pro-

1996 3245 2158 3298 spere
2184 3228 2318 3300 ipsis
2338 3228 2659 3284 succedent.
2684 3229 2856 3284 Porro
2879 3226 3116 3284 ailirmat
3141 3238 3344 3298 textus,
3365 3247 3462 3287 eos
3483 3231 3602 3288 sive

2002 3342 2020 3373 ι
2042 3320 2290 3376 Zabulon
2315 3321 2594 3393 regionem
2615 3320 2946 3375 maritimam
2974 3340 2991 3373 ι
3010 3320 3442 3380 inhabitaturos.
3468 3325 3603 3381 Per-

1994 3410 2122 3468 inde
2168 3428 2233 3468 ac
2278 3412 2458 3478 dicat,
2491 3412 2659 3467 Israel
2705 3413 2936 3484 posthac
2975 3413 3374 3470 admiscebitur
3415 3417 3601 3488 genti-

1993 3504 2119 3571 bus,
2151 3514 2213 3560 ut
2242 3505 2317 3560 ita
2344 3505 2457 3561 duo
2497 3506 2687 3576 populi
2728 3516 3135 3579 congregemur
3179 3507 3236 3561 in
3269 3525 3442 3563 unum
3471 3524 3598 3581 gre-

1993 3611 2137 3668 gem,
2173 3604 2339 3667 atque
2372 3598 2465 3651 uni
2497 3605 2690 3667 suapte
2720 3605 2918 3652 natura
2951 3597 3098 3653 bono
3125 3614 3342 3654 summo
3364 3600 3596 3671 pastori,

1993 3687 2047 3742 id
2076 3695 2162 3743 est
2185 3686 2428 3753 Christo,
2458 3688 2845 3759 subjiciantur.
2880 3687 3037 3755 Quod
3067 3698 3249 3745 autem
3277 3689 3395 3746 haec
3423 3689 3599 3763 ﬁgura

1993 3780 2066 3836 sit
2108 3796 2260 3846 vera,
2298 3795 2467 3836 sacrre
2503 3779 2803 3852 Scriptura:
2846 3796 3029 3837 sermo
3069 3783 3391 3853 plenissime
3435 3785 3599 3840 nobis

1993 3872 2362 3938 conﬁrmarit,
2404 3889 2527 3943 qua:
2567 3875 2826 3945 gentibus
2868 3875 3148 3946 regionem
3184 3877 3321 3931 mari
3357 3877 3596 3934 vicinam

1993 3966 2254 4038 assignat.
2292 3966 2382 4020 Ait
2432 3967 2581 4021 enim
2632 3967 2712 4021 sic
2755 3984 2768 4020 :
2820 3985 2839 4017 ‹
2900 3966 3073 4038 Regio
3120 3966 3402 4034 Zabulon,
3446 3978 3594 4025 terra

1991 4056 2533 4130 Nephthalim'juxta
2567 4058 2710 4113 viam
2756 4059 2925 4114 maris
2947 4066 3003 4114 et
3048 4060 3263 4115 caeteris
3311 4060 3405 4130 qui
3446 4076 3598 4118 mare

1993 4152 2284 4216 accolunt,
2358 4150 2579 4206 Galilaea
2652 4151 2920 4221 gentium.
2976 4151 3222 4221 Populus
3280 4142 3650 4223 qui‘sedet'

1994 4242 2050 4297 in
2074 4243 2321 4298 tenebris
2337 4243 2477 4296 vidit
2500 4244 2686 4297 lumen
2714 4257 2972 4312 magnum
2991 4245 3057 4296 ”.
3087 4264 3104 4294 ι
3138 4243 3404 4316 Intelligis
3421 4261 3593 4312 nunc,

1993 4336 2273 4406 quomodo
2314 4336 2596 4406 regionem
2629 4332 2877 4389 Zabulon
2913 4334 3131 4390 vocavit
3163 4355 3180 4388 ι
3229 4343 3431 4391 terram
3457 4352 3594 4407 gen-

1997 4430 2156 4495 tium,
2199 4448 2216 4481 ›
2255 4444 2376 4499 qua:
2404 4435 2460 4483 et
2493 4429 2680 4483 lumen
2711 4440 2971 4498 magnum
3010 4427 3275 4483 viderunt
3301 4443 3400 4499 per
3427 4426 3594 4485 Chri-

274 4515 515 4584 εουλὼν,
548 4514 628 4589 γῆ
669 4517 994 4589 Νεφθαλεὶμ
1019 4519 1138 4572 ὁδὸν
1169 4519 1469 4593 θαλάσσης,
1501 4521 1595 4576 καὶ
1628 4523 1678 4575 οἱ
1708 4521 1887 4576 λοιποὶ

2000 4531 2167 4578 stum.
2196 4521 2361 4577 lsrael
2381 4534 2512 4592 ergo
2536 4535 2663 4575 cum
2687 4521 2946 4592 gentibus
2967 4520 3225 4576 habitans
3246 4520 3412 4593 226
3432 4521 3595 4575 simul

271 4612 324 4665 οἱ
360 4609 469 4683 τὴν
506 4609 791 4683 παραλίαν
818 4611 1119 4676 οἰκοῦντες,
1164 4612 1425 4668 Γαλιλαία
1455 4613 1561 4667 τῶν
1589 4613 1780 4670 ὲθνῶν.
1827 4616 1888 4670 '0

439 4701 472 4756 6
496 4702 814 4775 καθήμενος
847 4705 907 4757 ὲν
933 4704 1139 4771 σκότει,
1178 4704 1295 4775 φῶς
1320 4704 1397 4759 ἴδε
1432 4707 1596 4777 μέγα.
1638 4727 1657 4761 ›
1694 4708 1892 4780 Συνίης

328 4782 447 4869 ᾗ
501 4812 522 4847 ί
557 4792 750 4867 χώραν
781 4813 800 4847 ι
843 4795 1136 4851 Ζασουλὼν
1178 4815 1197 4849 ι
1235 4796 1332 4869 τὴν
1364 4798 1474 4852 τῶν
1520 4798 1690 4854 ἐθνῶν
1730 4820 1748 4854 ι
1787 4802 1897 4855 ἀπ-

521 4886 575 4942 σῖ
611 4887 709 4942 καὶ
741 4887 859 4958 φῶς
881 4887 1175 4945 τεθέανται
1203 4891 1366 4962 μέγα,
1400 4892 1560 4960 δῆλον
1591 4893 1648 4947 δὲ
1693 4895 1774 4947 ὅτι
1803 4892 1893 4948 διὰ

587 4978 1057 5053 Συμπφώτισται
1094 4982 1158 5055 δὴ
1189 4979 1284 5038 οὖν
1327 4990 1438 5049 τοῖς
1481 4986 1579 5058 τὴν
1613 4987 1889 5059 παραλίαν

273 5069 662 5137 κατοικοῦσιν,
692 5072 722 5125 ὁ
759 5072 1011 5140 σύνοικος
1071 5075 1309 5148 Ἰσραήλ.
1352 5077 1451 5141 Εἵη
1491 5077 1535 5130 δ’
1585 5077 1673 5142 ἂν,
1707 5073 1883 5148 οἶμαι,

269 5168 427 5221 τουτὶ
457 5164 527 5220 τὸ
564 5163 885 5221 εὐοδοῦσθαι
914 5166 1068 5239 παρὰ
1114 5167 1273 5222 Θεοῦ.
1310 5169 1433 5223 Ὀτι
1461 5171 1569 5241 γάρ
1606 5169 1684 5242 τῷ
1720 5171 1888 5242 φωτί-

273 5258 473 5323 ζεσθαι
501 5258 685 5331 πάντη
734 5276 797 5313 τε
832 5262 928 5313 καὶ
963 5261 1187 5327 πάντως
1229 5262 1416 5316 ἕποιτο
1451 5261 1517 5316 ἂν
1548 5263 1608 5316 τὸ
1639 5265 1734 5317 καὶ
1761 5265 1885 5317 εὐο-

272 5348 509 5406 δοῦσθαι
532 5351 687 5418 δεῖν,
720 5350 993 5424 εἰσόμεθα
1028 5353 1192 5408 πάλιν
1221 5354 1316 5408 τοῦ
1358 5356 1616 5426 Σωτῆρος
1637 5356 1887 5426 λέγοντος

271 5447 389 5512 τοῖς
426 5440 711 5501 Ἰουδαίων
736 5445 958 5519 δήμοις·
989 5466 1008 5498 ι
1035 5447 1182 5513 Ἕως
1206 5449 1266 5502 τὸ
1295 5448 1412 5519 φῶς
1440 5448 1611 5519 ἔχετε,
1649 5465 1890 5517 περιπα-

270 5542 420 5594 τεῖτε
453 5539 519 5593 ὲν
548 5537 629 5611 τῷ
652 5540 828 5608 φωτὶ,
870 5539 960 5594 ἴνα
990 5540 1064 5613 μὴ
1106 5541 1299 5596 σκοτία
1336 5542 1481 5613 ὑμᾶς
1522 5540 1830 5613 καταλάϐῃ.
1866 5560 1885 5593 ι

281 5632 344 5689 '0
369 5635 548 5690 πάλαι
578 5632 761 5689 τοίνυν
782 5633 914 5699 λαὸς
934 5635 1253 5707 καταμόνας
1270 5636 1458 5700 οἰκῶν,
1491 5638 1519 5691 ὁ
1542 5638 1655 5701 τοῖς
1679 5635 1890 5689 ἔθνεσιν

290 5732 293 5733 ν
345 5752 471 5785 ι’·δο
499 5752 639 5808 Gen.
676 5771 825 5819 xm,
870 5756 951 5811 l5.
1038 5758 1080 5789 “
1111 5757 1254 5812 Psal.
1290 5772 1439 5823 cxni,
1467 5757 1557 5812 25.

273 5824 320 5856 ⁸⁸
341 5825 513 5883 Joan.
548 5841 643 5887 Ill,
672 5826 770 5883 εει.
1062 5860 1069 5863 ι

272 4770 475 4991 ἦ

382 4962 415 4975 νγ
456 4944 459 4947 Ι

274 4979 318 4991 -
366 4982 375 4989 ρ
400 4980 475 4991 ιΑιι

1638 5758 1682 5789 ⁴⁵¹
1718 5756 1821 5814 Isa.
1867 5772 2011 5822 xxvi,
2043 5758 2093 5810 7.

1998 4630 2123 4672 cum
2154 4614 2289 4686 ipsis
2319 4629 2471 4670 mare
2496 4604 2894 4679 accolentibus,
2919 4613 3264 4669 illuminatus
3289 4621 3395 4669 est.
3417 4612 3476 4668 Id
3499 4629 3597 4669 au—

1996 4720 2105 4766 tem
2141 4717 2226 4764 est
2257 4722 2581 4778 prosperum
2619 4722 2650 4761 a
2692 4706 2805 4762 Deo
2833 4707 2941 4761 iter
2966 4706 3192 4761 habere.
3224 4705 3379 4772 Quod
3409 4715 3595 4762 autem

1992 4802 2458 4859 illuminationem
2485 4806 2755 4871 perpetuo
2787 4800 3085 4855 comitetur
3111 4814 3344 4870 prosper
3371 4812 3593 4855 succes-

1994 4907 2090 4948 sus
2125 4891 2362 4957 itineris,
2393 4890 2767 4961 intelligemus
2810 4905 3054 4955 rursum,
3088 4889 3307 4944 dieente
3332 4887 3603 4973 'Judaie‘g

1996 4986 2211 5042 nationi
2239 4985 2525 5042 Salvatore
2552 5002 2565 5037 :
2594 5004 2612 5036 ‹
2637 4984 2823 5039 Donec
2843 4983 3024 5040 lucem
3050 4981 3286 5047 habetis,
3314 4980 3594 5059 ambulate

1997 5077 2055 5133 in
2083 5078 2229 5144 luce,
2258 5094 2328 5134 ne
2360 5077 2603 5133 tenebrat:
2635 5091 2734 5131 vos
2767 5073 3240 5145 comprehendant
3270 5073 3336 5127 “.
3372 5093 3389 5125 ι
3424 5072 3599 5131 Vetus

1996 5170 2166 5243 igitur
2191 5169 2448 5241 populus,
2475 5167 2568 5238 qui
2599 5176 2850 5222 seorsum
2891 5164 3179 5228 habitavit,
3217 5164 3423 5234 quique
3456 5174 3591 5235 gen-

1996 5265 2146 5319 tibus
2177 5260 2473 5318 admiseeri
2515 5257 2827 5323 recusabat,
2875 5258 2956 5313 eis
2998 5257 3106 5311 erit
3149 5255 3589 5321 contubernalis,

1990 5374 2115 5413 cum
2156 5359 2267 5430 jam
2320 5355 2459 5410 nihil
2511 5354 2581 5408 sit
2635 5352 2785 5422 quod
2822 5366 2919 5406 eos
2963 5351 3247 5422 sejungat;
3293 5358 3588 5421 propterea

1989 5448 2139 5521 quod
2165 5445 2523 5503 interstitium
2548 5443 2801 5501 maceriae
2835 5442 2907 5497 sit
2934 5442 3203 5508 dirutum,
3231 5449 3287 5496 et
3318 5442 3408 5496 lex
3438 5454 3592 5494 man-
3696 5516 3702 5525 .

1990 5542 2247 5596 datorum
2280 5544 2566 5601 evacuata,
2594 5536 2814 5606 duoque
2840 5533 3028 5604 populi
3054 5533 3316 5602 deinceps
3338 5530 3395 5584 in
3416 5542 3591 5584 unum

1990 5649 2196 5690 novum
2229 5631 2509 5687 hominem
2541 5628 2746 5683 conditi
2775 5628 2885 5682 sint
2916 5627 2972 5681 in
3005 5624 3247 5689 Christo,
3278 5634 3378 5693 per
3410 5618 3589 5692 Spiri-

2207 5756 2251 5787 ⁵³
2285 5752 2420 5809 ibid.
2455 5752 2510 5806 2.
2591 5751 2634 5783 δ’*
2667 5751 2767 5805 lsa.
2804 5765 2931 5815 mm,
2967 5748 3053 5802 10.
3129 5747 3174 5779 ⁸⁵
3203 5746 3297 5801 lsa.
3337 5758 3413 5809 ιιι,
3448 5743 3499 5809 Ι,
3528 5739 3588 5796 9..
