4034 6458
498 361 608 416 35‘)

1534 344 1591 399 s.
1630 340 1905 399 CYRlLLl
1946 309 2778 393 ALEXANDRINI'Amzmer.
3651 325 3737 379 suo

500 513 648 559 tum,
681 518 695 548 ι
732 484 852 554 Erit
882 498 1089 552 autem,
1138 485 1340 556 inquit,
1393 483 1447 535 in
1498 480 1733 534 statione
1776 474 2021 536 navium,
2069 488 2086 521 ι

2217 465 2573 535 ὶναιξύρεσθαι
2607 457 3066 529 παραιτούμενος,
3098 457 3279 519 αὐτοῖς
3303 454 3451 509 ἔσται
3485 459 3744 525 συγχείτω.

400 564 403 571 ι
502 593 609 645 hoc
651 596 737 642 est
791 585 849 639 in
890 589 1076 653 portu,
1102 577 1361 632 videlicet
1389 579 1507 627 tuto
1546 580 1601 626 et
1636 567 1953 638 tranquillo,
1980 564 2098 634 spei

504 677 839 736 rudentibus
861 672 1084 730 Christo
1114 667 1473 739 acquiescens
1497 671 1662 732 atque
1687 661 1948 715 innitens.
1970 657 2100 711 Elu-

504 781 683 827 ctatus
713 768 864 823 enim
891 759 1294 835 quodammodo
1324 772 1355 812 e
1393 754 1716 828 gravissima
1774 754 2100 819 tempestate

506 860 738 931 recipiet
786 872 844 913 se
882 853 1103 910 tandem
1136 852 1192 905 in
1220 849 1449 922 gratiam
1476 845 1594 911 Dei,
1634 840 2099 914 quemadmodum

506 928 699 1008 revera
723 946 944 1004 olcades
976 945 1091 1001 sive
1110 956 1282 997 naves
1294 937 1568 995 onerariae
1597 937 1652 990 in
1676 943 1914 1005 portum.
1943 928 2098 997 Quod

503 1052 687 1098 autem
711 1040 994 1113 pertingat
1023 1056 1040 1088 ι
1071 1035 1139 1090 ad
1164 1033 1425 1089 Sidouem
1447 1043 1643 1100 usque,
1677 1046 1694 1079 ι
1725 1025 1946 1079 videtur
1970 1021 2098 1076 sub-

505 1112 772 1196 indicare,
798 1138 1010 1185 tantum
1035 1126 1273 1180 duorum
1298 1122 1630 1193 populorum
1660 1122 1992 1171 concursum
2014 1112 2097 1165 [ιι-

506 1240 716 1290 turum,
744 1232 806 1278 ut
830 1222 1093 1279 Israelita:
1117 1200 1224 1273 sint
1256 1213 1582 1285 complcturi
1621 1210 1784 1266 etiam
1824 1207 2097 1269 civitates,

508 1335 630 1389 qua:
654 1325 785 1372 sunt
813 1313 957 1385 apud
991 1313 1166 1367 Deum
1197 1307 1502 1378 culpabiles
1526 1310 1690 1374 atque
1722 1300 2010 1360 damnatae,
2034 1312 2102 1350 co

505 1388 654 1483 quod
702 1407 1045 1465 seduxerunt
1086 1403 1218 1457 olim
1268 1408 1435 1469 atque
1473 1398 1793 1452 averterunt
1831 1388 2101 1462 quodam-

507 1502 672 1559 modo
693 1494 817 1572 ejus
847 1498 1109 1554 cultores.
1144 1492 1223 1547 Ita
1250 1490 1397 1544 enim
1432 1484 1636 1541 alicubi
1680 1483 1757 1537 ait
1782 1496 1882 1552 per
1910 1492 2102 1533 vocem

510 1569 905 1663 prophetarum
949 1605 961 1639 :
1001 1605 1020 1636 ε
1051 1581 1264 1652 Ecquid
1290 1579 1447 1634 vobis
1485 1590 1724 1639 mecum,
1757 1573 1898 1644 Tyre
1928 1579 1984 1625 et
2014 1569 2102 1625 Si-

509 1684 641 1747 don,
673 1681 921 1750 adeoquc
953 1683 1066 1731 tota
1104 1672 1329 1729 Galilma
1371 1664 1842 1739 alienigenarum?
1868 1663 2009 1719 Num
2049 1669 2106 1716 et

509 1790 606 1830 vos
638 1770 967 1829 retaliabitis
999 1766 1158 1831 mihi,
1189 1772 1285 1818 aut
1313 1758 1733 1818 reminiscimini
1759 1755 1973 1827 injuriae
2009 1752 2106 1807 ad-

509 1880 703 1921 versus
735 1863 857 1917 me?
890 1862 1000 1931 Ego
1024 1866 1211 1913 autem
1250 1853 1518 1910 retaliabo
1548 1850 1707 1906 vobis
1732 1849 1844 1903 cito
1865 1854 1923 1902 et
1953 1844 2104 1899 velo-

511 1957 648 2011 citer
679 1954 736 2009 in
770 1952 949 2023 capita
978 1958 1182 2011 vestra,
1212 1962 1279 2002 eo
1309 1943 1458 2016 quod
1498 1947 1784 2013 argentum
1830 1952 2015 1993 meum
2050 1941 2108 1989 et

509 2054 706 2103 au‘rnm
734 2057 920 2099 meum
952 2038 1263 2110 accepistis,
1308 2045 1473 2105 atque
1507 2034 1681 2089 electa
1723 2046 1844 2086 mea
1887 2037 1943 2084 et
1984 2026 2107 2097 pul-

509 2140 646 2193 chra
668 2133 1007 2208 importastis
1031 2132 1088 2185 in
1110 2137 1294 2185 vestra
1316 2127 1564 2183 delubra.
1590 2125 1748 2189 Item,
1775 2122 1917 2177 ﬁlios
1940 2118 2108 2176 lsrael

510 2236 566 2283 et
591 2207 1099 2282 Judaevendidistis
1133 2218 1259 2274 ﬁliis
1284 2217 1624 2278 Graecorum,
1655 2222 1717 2268 ut
1757 2207 2109 2267 abduceretis

512 2334 609 2376 eos
637 2335 667 2374 a
690 2318 808 2373 suis
823 2315 1026 2371 finibus
1041 2312 1175 2366 "*3.
1190 2311 1355 2367 nVide
1372 2324 1503 2380 ergo
1517 2304 1793 2377 quomodo
1811 2303 1915 2357 illae
1935 2315 2112 2370 quon-

513 2410 639 2464 dam
681 2406 916 2479 grandes
954 2414 1010 2460 οι
1053 2402 1491 2459 bellicosissima:
1531 2398 1726 2462 urbes,
1772 2411 1895 2466 quae
1933 2406 2111 2448 causas

515 2503 741 2556 luerunt
760 2497 1091 2570 perditionis
1117 2494 1400 2558 lsraelitis,
1422 2507 1571 2547 nunc
1597 2496 1726 2545 sunt
1748 2486 1969 2542 eosdem
1992 2498 2112 2538 cre-

514 2591 708 2647 dentes
733 2589 803 2644 ab
835 2588 985 2644 omni
1023 2586 1227 2657 pai'ore
1252 2585 1461 2639 liberos
1492 2590 1815 2652 recepturze,
1841 2592 1967 2632 cum
1994 2576 2110 2630 Sal-

514 2689 672 2737 vator
700 2688 890 2736 noster
922 2680 1081 2735 Jesns
1119 2678 1374 2733 Christus
1409 2676 1548 2730 duos
1576 2674 1807 2745 populos
1838 2669 2108 2741 redegerit

516 2773 585 2828 ad
616 2773 881 2828 unitatem
912 2773 969 2826 in
1004 2786 1160 2841 pace,
1188 2778 1247 2825 et
1276 2768 1589 2825 dissolverit
1627 2764 1996 2828 inimicitiam,
2030 2761 2107 2817 si-
2150 2836 2153 2841 ἱ

519 2866 742 2936 mulque
773 2880 899 2920 cum
925 2862 1182 2933 gentibus
1206 2861 1464 2917 Israelem
1496 2861 1553 2915 in
1572 2859 1927 2915 dilectionem
1953 2868 2109 2911 suam

518 2956 882 3015 transtulerit.
907 2955 986 3010 lta
1014 2969 1168 3027 ergo,
1195 2970 1377 3026 neque
1404 2954 1514 3009 ulla
1546 2953 1651 3007 alia
1690 2950 1924 3014 ratione,
1958 2945 2109 3002 arbi-

520 3061 656 3117 tror,
681 3050 927 3106 Zabulon
960 3048 1298 3103 maritimum
1332 3047 1515 3103 locum
1541 3041 1895 3099 habitaverit.

2204 575 2320 621 κος,
2364 555 2678 616 διαστάντος
2730 551 2883 624 πρὸς
2910 548 3173 620 διαφορὰν
3210 548 3442 612 οὐδενός·
3479 548 3564 603 διά
3596 568 3651 604 τε
3693 554 3748 607 τδ

2202 648 2454 702 λελύσθαι
2489 644 2641 718 παρὰ
2669 641 2905 713 Χριστοῦ
2938 641 3001 695 τὸ
3035 639 3349 710 μεσότοιχον
3377 636 3469 694 τοῦ
3495 644 3747 712 φραγμοῦ,

2204 740 2298 793 καὶ
2322 738 2414 791 τὸν
2442 736 2604 806 νόμον
2637 735 2746 789 τῶν
2780 730 3009 787 ἐντολῶν
3031 730 3348 800 ἐνδείγμασι
3380 732 3750 803 κατηργῆσθαι,

2204 831 2442 895 καὶτοὺς
2478 830 2571 883 δύο
2601 828 2766 892 λαοὺς
2805 824 3061 880 ἐκθέσθαι
3107 824 3292 877 λοιπὸν
3335 824 3415 886 είς
3457 823 3547 876 ενα
3591 828 3753 880 καινξν

2202 925 2489 995 ἄνθρωπον
2528 923 2589 974 ὲν
2624 916 2847 991 Χριστῷ
2888 916 2977 971 διά
3022 915 3357 986 Πνεύματος.
3411 934 3431 965 ‹
3471 915 3651 969 Ἔσται
3684 918 3755 976 δὲ.

2204 1016 2360 1086 φησὶ,
2391 1014 2487 1068 καὶ
2533 1014 2660 1084 παρ’
2700 1012 2870 1081 ὅρμον
2920 1008 3146 1071 πλοίων,
3189 1028 3207 1059 ι
3255 1008 3550 1072 τουτέστιν,
3588 1006 3658 1071 ὼς
3707 1011 3756 1061 ὲν

2204 1108 2384 1179 λιμένι
2419 1106 2584 1177 τυχὸν
2604 1104 2859 1174 ἀσφαλεῖ,
2886 1103 2982 1156 καὶ
3026 1100 3289 1171 ἀκύμονι,
3318 1098 3413 1152 καὶ
3448 1100 3521 1161 εἰς
3543 1099 3756 1169 Χριστδν

2204 1201 2462 1254 ἀνάπτων
2488 1197 2590 1266 τῆς
2618 1196 2832 1260 ἐλπίδος
2856 1194 2925 1248 τὰ
2968 1194 3266 1264 πείσματα.
3313 1189 3409 1243 Ἐκ
3443 1188 3635 1259 πολλῆς
3663 1189 3758 1259 γὰρ

2204 1293 2396 1359 ῶσπερ
2444 1292 2817 1360 ἀποφοιτήσας
2858 1287 3047 1357 ζάλης,
3100 1282 3552 1355 ὲνορμισθὴσεται
3597 1281 3760 1335 λοιπὸν

2208 1388 2273 1456 τῇ
2301 1385 2430 1455 παρ’
2465 1382 2616 1452 αὐτῷ
2646 1382 2853 1452 χάριτι,
2871 1378 3123 1446 καθάπερ
3140 1373 3333 1446 ἀμέλει
3368 1373 3460 1427 καὶ
3484 1372 3539 1424 ὲν
3567 1371 3760 1444 λιμέσιν

2209 1478 2453 1542 ὁλκάδες.
2495 1476 2569 1529 Τὸ
2599 1475 2656 1528 δὲ
2693 1474 2758 1546 δὴ
2795 1473 2891 1526 καὶ
2937 1490 2955 1524 ι
3004 1468 3198 1541 μέχρις
3245 1465 3415 1536 αὐτῆς
3454 1485 3473 1516 ι
3528 1462 3764 1537 παρατεί-

2210 1570 2397 1624 νεσθαι
2433 1589 2452 1621 ι
2500 1568 2601 1638 τῆς
2624 1565 2856 1629 Σιδῶνος
2889 1584 2907 1617 ι
2939 1565 3134 1626 εἰπεῖν,
3166 1557 3470 1629 ὑποδηλοῦν
3495 1550 3661 1611 ἔοικεν
3694 1557 3764 1611 ὅτι

2207 1661 2445 1732 τοσαύτη
2474 1659 2612 1731 πρὸς
2635 1659 2831 1711 ἕνωσιν
2865 1652 3244 1725 πνευματικὴν
3269 1650 3541 1720 συνδρομὴ
3568 1648 3670 1701 τῶν
3688 1647 3766 1700 δύο

2209 1757 2498 1826 γενήσεται
2546 1750 2714 1815 λαῶν,
2757 1750 2833 1814 ὡς
2875 1749 3003 1812 τοῦς
3043 1747 3100 1813 ἐξ
3142 1744 3375 1815 αἵματος
3429 1740 3641 1812 Ἰσραὴλ
3686 1739 3769 1792 iui.

2210 1847 2381 1911 αὑτὰς
2411 1844 2692 1917 ἐμπλῆσαι
2713 1843 2814 1906 τὰς
2850 1841 3054 1903 πόλεις.
3086 1838 3183 1903 τὰς
3208 1841 3266 1891 ὲν
3300 1836 3471 1907 πολλῇ
3502 1834 3645 1905 παρά
3668 1833 3770 1901 Θεῷ

2213 1938 2591 2008 γεγενημένας
2642 1935 2791 2006 αἰτίᾳ
2836 1933 2929 1988 καὶ
2976 1931 3221 2003 διαϐολῇ,
3269 1928 3347 1985 ὡς
3398 1922 3770 1986 ἀποπλ.ανὼσ.ις

2214 2031 2343 2084 ποτὲ
2373 2029 2469 2083 καὶ
2500 2025 2907 2098 διαρπαζούσας
2940 2024 3143 2095 τρόπον
3170 2022 3291 2074 τινὰ
3318 2019 3447 2083 τοὺς
3474 2015 3774 2086 σεϐομένους

2212 2123 2397 2177 αὐτόν.
2438 2123 2583 2191 Ἔφη
2619 2119 2728 2190 γάρ
2776 2135 2879 2171 που
2923 2116 3011 2170 διὰ
3051 2115 3235 2184 φωνῆς
3266 2110 3597 2182 προφητῶν·
3631 2125 3649 2159 ι
3681 2107 3775 2160 Καὶ

2213 2215 2266 2267 τί
2292 2214 2450 2283 ὑμεῖς
2489 2213 2633 2283 ἐμοὶ,
2668 2210 2845 2280 Τύρος
2888 2209 2983 2263 καὶ
3013 2205 3203 2271 Σιδὼν,
3233 2204 3329 2259 καὶ
3356 2204 3507 2257 πᾶσα
3541 2198 3775 2255 Γαλιλαία

2216 2304 2560 2373 ἀλλοφύλωνς
2595 2303 2686 2373 Μὴ
2714 2300 3068 2369 ἀνταπόδομα,
3109 2297 3204 2351 καὶ
3234 2297 3394 2367 ὑμεῖς
3421 2289 3773 2348 ἀνταποδιδοτέ

2221 2413 2331 2468 μοι,
2367 2395 2398 2465 ἦ
2437 2394 2825 2465 μνησικακεῖτε
2855 2391 2950 2444 καὶ
2984 2391 3142 2460 ὑμεῖς
3171 2388 3257 2440 ἐπ’
3288 2385 3447 2455 spot;
3492 2382 3681 2449 Ὀξέως
3700 2380 3777 2433 καὶ

2215 2485 2427 2557 ταχέως
2459 2481 2829 2537 ἀνταποδώσω
2854 2480 2912 2535 τὸ
2942 2476 3290 2547 ἀνταπόδομα
3328 2473 3487 2545 ὑμῶν
3524 2472 3603 2536 είς
3628 2487 3778 2539 κεφα-

2217 2578 2315 2641 λὰς
2353 2575 2534 2646 ὑμῶν,
2574 2574 2691 2629 ἀνθ’
2725 2567 2800 2647 ὧν
2834 2573 2893 2626 τὸ
2931 2569 3197 2643 ἀργύριόν
3228 2585 3335 2639 μου
3368 2566 3553 2621 καὶτὸ
3581 2562 3778 2635 χρυσίον

2222 2687 2322 2740 μου
2350 2667 2593 2731 ἐλάϐετε,
2638 2666 2736 2719 καὶ
2766 2665 2837 2718 τὰ
2862 2663 3125 2716 ὲπίλεκτά
3159 2679 3262 2732 μου
3296 2660 3398 2714 καὶ
3425 2657 3498 2712 τά
3524 2655 3658 2712 καλὰ
3681 2656 3779 2708 είσ-

2217 2761 2487 2832 ηνὲγκατε
2539 2759 2617 2822 εἰς
2666 2756 2794 2820 τοὺς
2874 2756 3038 2819 ναοὺς
3097 2752 3272 2825 ὑμῶν.
3321 2751 3438 2805 Καὶ
3490 2750 3615 2812 τοῦς
3653 2746 3782 2807 uicit;

2231 2851 2403 2906 Ἰούδα
2449 2850 2542 2905 καὶ
2584 2850 2712 2913 τοὺς
2760 2849 2913 2911 υἱοὺς
2955 2845 3176 2920 Ἰσραὴλ
3208 2845 3485 2901 ἀπέδοσθε
3512 2844 3624 2906 τοῖς
3665 2840 3782 2900 υἱοῖς

2216 2945 2327 2997 τῶν
2367 2942 2661 3014 Ἑλλήνων,
2703 2941 2853 3003 ὅπως
2893 2936 3134 3010 ὲξὼσητε
3175 2937 3377 3000 αὐτοὺς
3407 2937 3476 2989 ἐκ
3508 2932 3614 2987 τῶν
3638 2930 3782 3004 όρίων

2221 3035 2425 3089 αὐτῶν.
2463 3054 2481 3086 ι
2520 3032 2712 3105 Ἀθρει
2754 3031 2817 3102 δὴ
2851 3026 2945 3085 οὖν
2980 3031 3127 3093 ὅπως
3166 3031 3222 3082 αἱ
3272 3028 3445 3082 πάλαι
3495 3024 3661 3081 δειναὶ
3701 3018 3781 3074 καὶ

520 3114 931 3215 πολεμιώταται
968 3142 1175 3207 πόλεις,
1209 3142 1305 3194 καὶ
1352 3137 1579 3209 ὀλέθρου
1650 3133 1902 3205 πρόξενοι
1947 3132 2059 3193 τοῖς
2125 3129 2185 3193 ἐξ
2235 3126 2486 3198 Ἰσραὴλ,
2541 3126 2740 3188 παντὸς
2791 3121 3420 3194 ἐλευθέρους-δείματος
3480 3114 3784 3182 εἰσδέξονται

517 3204 1571 3296 τοὺςιπεπιστευκότας,συνδέοντος-ὲν
1594 3204 1785 3297 εἰρήνῃ
1813 3221 1948 3293 πρὸς
1974 3218 2280 3291 ὁμοψυχίαν
2312 3220 2440 3282 τοὺς
2502 3217 2597 3271 δύο
2653 3217 2817 3279 λαοὺς
2858 3214 2951 3268 τοῦ
3019 3215 3274 3285 Σωτῆρος
3344 3210 3505 3282 ⁴ἡμῶν
3543 3204 3782 3278 Χριστοῦ,

522 3294 639 3380 xuii
664 3325 1035 3390 καταλύοντος
1200 3322 1298 3395 τὴν
1336 3322 1558 3393 ἔχθραν,
1607 3294 2116 3387 συγκατοικίζοντος
2153 3313 2210 3366 δὲ
2243 3317 2355 3376 τοῖς
2389 3312 2600 3366 ἔθνεσιν
2631 3314 2689 3364 ἐν
2752 3310 2943 3382 ἀγάπῃ
2981 3308 3073 3363 τὸν
3114 3307 3357 3378 Ἰσραὴλ.
3399 3300 3570 3375 Οἶμαι
3609 3302 3669 3371 δὴ
3707 3294 3787 3351 οὖν

520 3415 622 3473 ὦδὲ
663 3435 718 3472 τε
753 3419 847 3472 καὶ
875 3417 936 3471 οὑ
966 3416 1088 3470 καθ’
1115 3416 1304 3486 ἕτερον
1344 3414 1546 3485 τρόπον
1571 3411 1663 3465 τὸν
1695 3407 1980 3464 Ζαϐουλὼν
2022 3407 2371 3478 κατοικήσειν
2403 3404 2691 3476 παράλιον.

1152 3526 1227 3580 De
1257 3524 1499 3580 Isachar.

525 3696 529 3701 1
595 3623 758 3692 227
789 3641 806 3672 ι
837 3620 1058 3675 isachar
1085 3619 1290 3674 bonum
1312 3618 1648 3688 concupivit,
1676 3617 2028 3687 requiescens
2059 3618 2117 3672 in

528 3713 710 3769 medio
724 3709 1125 3767 haereditatum.
1143 3710 1212 3765 Et
1224 3707 1419 3763 videns
1431 3708 1699 3779 requiem,
1713 3708 1859 3777 quod
1877 3709 2020 3763 bona
2032 3724 2118 3763 es-

528 3811 633 3868 set,
652 3809 710 3857 et
728 3809 929 3856 terram
951 3799 1098 3871 quod
1114 3799 1353 3873 pinguis,
1373 3799 1628 3855 submisit
1643 3799 1934 3856 humerum
1956 3815 2118 3855 suum

526 3892 596 3948 ad
624 3891 1011 3957 laborandum,
1048 3899 1104 3945 et
1128 3890 1305 3953 factus
1337 3896 1423 3945 est
1450 3888 1536 3943 vir
1559 3890 1796 3961 agricola
1836 3891 1899 3943 δθ.
1946 3909 1963 3940 ι
2004 3890 2119 3945 Isa-

527 3983 663 4039 char
689 3996 883 4038 rursus
907 3979 1202 4051 exponitur
1232 3994 1447 4032 merces.
1483 3979 1672 4034 Potest
1703 3986 1908 4042 autem,
1942 3992 2119 4048 quan-

490 4104 495 4109 ι
530 4084 646 4130 tum
669 4072 737 4128 ad
761 4071 1004 4128 nominis
1026 4069 1503 4142 signiﬁcationem,
1534 4078 1697 4141 typus
1716 4076 1771 4124 et
1797 4067 1975 4139 imago
2000 4082 2121 4123 esse

528 4166 677 4221 haud
714 4165 950 4220 obscura
984 4164 1229 4227 illorum,
1258 4176 1381 4232 qua!
1412 4160 1533 4216 loco
1568 4161 1841 4216 mercedis
1863 4175 1895 4214 a
1919 4161 2031 4215 Deo
2059 4174 2123 4214 ac

527 4260 689 4316 Patre
716 4257 923 4313 tributa
948 4263 1078 4311 sunt
1097 4253 1339 4309 Christo.
1365 4253 1457 4306 Ait
1479 4252 1625 4308 enim
1648 4252 1818 4307 David
1847 4271 1860 4307 :
1887 4272 1905 4304 ι
1935 4252 2066 4307 Pete
2090 4267 2121 4306 a

530 4366 638 4417 me,
657 4358 713 4405 et
727 4349 871 4405 dabo
890 4348 987 4403 tibi
1012 4356 1203 4420 gentes
1220 4347 1602 4402 haereditatem
1623 4354 1797 4410 tuam,
1817 4354 1873 4401 et
1902 4360 2122 4416 posses-

530 4444 745 4499 sionem
762 4452 911 4497 tuam
929 4440 1197 4497 terminos
1213 4440 1452 4495 terrae".
1465 4439 1634 4494 rEtru
1643 4454 1792 4494 rsum
1814 4437 1960 4493 idem
1981 4437 2125 4511 psal-

529 4534 695 4591 lendo
733 4534 890 4604 quasi
927 4540 1320 4588 commemorat
1347 4548 1443 4587 eos
1482 4530 1577 4603 qui
1602 4531 1716 4587 dati
1746 4531 2121 4605 sunt‘Emma-

531 4625 724 4682 nueli:
760 4649 776 4676 ι
808 4625 948 4680 Ecce
982 4622 1278 4679 haereditas
1314 4621 1556 4686 Domini,
1592 4620 1711 4687 ﬁlii,
1750 4636 1963 4677 merces
2003 4620 2122 4675 fru-

532 4725 657 4772 ctus
677 4714 893 4770 ventris
913 4716 979 4769 ⁵¹.
1011 4735 1028 4766 ι
1059 4714 1164 4781 Qui
1187 4713 1338 4770 enim
1365 4711 1741 4774 crediderunt,
1772 4718 1887 4765 tum
1913 4726 1981 4765 ex
2003 4725 2128 4765 san-

2712 3521 2852 3589 Περὶ
2891 3519 2998 3573 τοῦ
3046 3518 3322 3588 ’Ῑσάχαμ

2298 3634 2315 3666 ι
2370 3612 2588 3683 Ὶσάχαρ
2639 3611 2700 3665 τὸ
2747 3611 2911 3665 καλὸν
2970 3610 3345 3680 ἐπεθύμησεν,
3399 3605 3793 3674 ἀναπαυόμενος

2217 3706 2323 3760 ἀνά
2353 3704 2518 3776 μέσον
2556 3703 2663 3757 τῶν
2699 3702 2937 3775 κλήρων.
2971 3702 3082 3755 Καὶ
3117 3700 3240 3755 ίδὼν
3273 3702 3376 3770 τὴν
3400 3701 3703 3754 ἀνάπαυσιν
3724 3696 3793 3748 ὅτι

2221 3797 2382 3866 καλὴ,
2412 3797 2506 3852 καὶ
2542 3795 2640 3866 τὴν
2668 3796 2771 3867 γῆν
2804 3797 2887 3849 ὅτι
2923 3794 3084 3859 πίων,
3117 3792 3367 3866 ὑπέθηκε
3399 3793 3493 3845 τὸν
3527 3784 3675 3861 ὦμον
3709 3785 3793 3842 αὑ-

2219 3886 2314 3942 τοῦ
2347 3891 2426 3953 είς
2454 3887 2517 3941 τὸ
2549 3890 2752 3953 πονεῖν,
2787 3888 2881 3940 καὶ
2907 3885 3141 3958 ἐγενήθη
3176 3884 3317 3956 ἀνὴρ
3346 3884 3615 3954 γεωργός.
3658 3901 3676 3933 ι
3700 3881 3795 3945 Μι-

2221 3983 2370 4048 σθὸς
2403 3981 2466 4052 δὴ
2502 3981 2664 4035 πάλιν
2694 3981 2722 4032 ό
2766 3981 2989 4050 Ἰσάχαρ
3012 3977 3408 4051 ἑρμηνεύεται.
3456 3977 3557 4048 Εῖη
3587 3975 3631 4030 δ’
3654 3973 3715 4028 ἂν
3731 3971 3796 4033 ὼς

2221 4071 2330 4124 ἀπό
2374 4088 2435 4140 γε
2473 4069 2566 4123 τοῦ
2611 4070 3014 4140 σημαινομένου
3062 4067 3231 4132 τύπος
3273 4062 3369 4123 οἷά
3406 4084 3493 4131 τις
3528 4064 3623 4119 καὶ
3653 4060 3798 4116 εἰκὼν

2222 4165 2322 4216 οὑκ
2360 4163 2690 4233 ἀσυμφανὴς
2731 4160 2838 4215 τῶν
2877 4161 2953 4224 ὡς
3003 4162 3060 4213 ὲν
3094 4158 3246 4224 τάξει
3285 4158 3489 4231 μισθοῦ
3528 4155 3677 4230 παρὰ
3717 4151 3798 4206 τοῦ

2224 4252 2360 4309 Θεοῦ
2399 4254 2492 4307 καὶ
2531 4252 2744 4323 Harpe;
2787 4251 3245 4322 ἀπονεμηθέντων
3285 4251 3552 4322 Χριστῷ·
3590 4267 3611 4301 ι
3651 4247 3799 4312 Αῖτη-

2226 4363 2319 4401 σαι
2349 4365 2367 4399 ι
2397 4345 2527 4417 γὰρ,
2556 4346 2720 4417 φησὶν
2748 4344 2777 4397 ὀ
2800 4343 2984 4404 Δάϐὶδ,
3016 4362 3034 4395 ι
3075 4345 3208 4413 παρ’
3232 4343 3399 4413 ἐμοῦ,
3422 4344 3520 4396 καὶ
3548 4340 3699 4395 δώσω
3729 4352 3800 4388 σοι

2224 4437 2352 4508 ἔθνη
2381 4438 2480 4507 τὴν
2528 4436 2894 4507 κληρονομίαν
2933 4452 3026 4488 σου
3048 4475 3062 4496 ,
3098 4435 3193 4488 καὶ
3222 4436 3325 4506 τὴν
3356 4432 3690 4504 κατάσχεσιν
3720 4444 3804 4481 σου

2224 4528 2291 4582 τά
2327 4528 2539 4599 πέρατα
2563 4532 2656 4598 τῆς
2691 4527 2817 4597 γῆς.
2861 4548 2878 4578 ι
2914 4528 3121 4581 Ψάλλει
3153 4527 3210 4580 δέ
3240 4543 3348 4579 που
3383 4527 3485 4580 καὶ
3515 4523 3674 4579 πάλιν
3692 4517 3805 4579 τοὺς

2224 4618 2507 4683 δοθέντας,
2560 4614 2716 4690 οἶμαί
2768 4636 2897 4676 που.
2950 4617 3027 4689 τῷ
3096 4617 3482 4690 Ἐμμανουὴλ,
3542 4608 3808 4687 μονονουχὶ

2226 4709 2581 4774 καταδεικνύς
2606 4726 2620 4740 °
2677 4730 2696 4763 ι
2746 4710 2878 4764 Ἰδοὺ
2919 4713 2952 4780 ἡ
2981 4710 3324 4781 κληρονομία
3352 4711 3589 4780 Κυρίου,
3626 4702 3725 4759 υἱοί
3743 4718 3753 4731 ·
3782 4701 3810 4752 ό

533 4808 699 4880 guine
739 4807 928 4872 'srael,
977 4814 1094 4861 tum
1133 4822 1203 4862 ex
1245 4802 1601 4859 multitudine
1644 4803 1836 4867 altera,
1878 4802 2114 4873 gentium

2230 4799 2419 4871 μισθὸς
2467 4800 2561 4854 τοῦ
2613 4799 2827 4873 καρποῦ
2871 4801 2972 4871 τῆς
3002 4800 3259 4872 γαστρός.
3324 4819 3345 4853 ι
3389 4800 3647 4854 Δέδονται
3703 4793 3808 4864 (ἀρ.

533 4900 818 4964 nimirum,
842 4907 973 4954 sunt
997 4898 1155 4969 quasi
1182 4911 1398 4951 merces
1419 4895 1531 4950 dati
1560 4872 1925 4950 Emmanueli.
1951 4894 2114 4949 Porro

2230 4893 2364 4964 φησι
2382 4933 2397 4956 ,
2427 4891 2507 4964 τῷ
2540 4872 2888 4965 Ἐμμανουὴλ
2917 4893 3109 4964 μισθὸς
3129 4888 3218 4947 οἷά
3246 4909 3334 4956 τις
3359 4894 3413 4947 οί
3465 4884 3810 4945 πεπιστευκόι

534 4994 722 5049 Jesum
771 4992 1069 5064 appellavit
1114 4989 1438 5055 Dominum,
1488 4995 1545 5043 et
1588 4986 1843 5043 eumdem
1886 4986 2128 5041 fructum

538 5084 748 5139 ventris
778 5082 982 5139 factum
1018 5081 1116 5148 ait,
1146 5087 1371 5152 propter
1398 5086 1645 5134 nostram
1683 5075 2125 5131 similitudinem.

538 5173 712 5228 Natus
742 5175 891 5228 enim
917 5181 1001 5228 est
1033 5190 1103 5228 ex
1130 5172 1383 5238 muliere,
1407 5181 1466 5227 et
1486 5170 1700 5226 fructus
1723 5166 1934 5223 ventris
1955 5166 2128 5237 virgi—

541 5264 682 5319 nalis
720 5263 1049 5319 declaratus.
1090 5264 1361 5332 Quocirca
1399 5263 1690 5319 crcdentes
1718 5258 1994 5315 lucrifecit
2023 5258 2129 5314 sibi

539 5353 795 5410 Christus
828 5371 841 5406 :
870 5354 941 5409 ob
972 5370 1111 5426 quos
1150 5355 1351 5412 alicubi
1398 5364 1454 5411 et
1492 5355 1770 5412 caelestem
1803 5352 2025 5407 Patrem
2065 5365 2131 5405 ac

544 5446 716 5502 Deum
755 5445 997 5501 affatur:
1032 5466 1049 5499 ι
1083 5446 1230 5514 Quos
1271 5446 1470 5503 dedisti
1501 5446 1637 5501 mihi
1664 5461 1732 5500 ex
1773 5442 2001 5506 mundo,
2047 5441 2127 5496 tui

544 5546 723 5602 erant,
768 5546 826 5592 et
862 5537 994 5594 mihi
1027 5552 1122 5594 eos
1159 5538 1359 5593 dedisti
1389 5538 1456 5591 ⁸³.
1504 5557 1522 5589 ι
1550 5537 1634 5591 llli
1678 5536 1846 5607 igitur
1872 5533 2127 5589 eximiam

546 5636 753 5684 sortem
775 5631 1143 5698 cxpetierunt,
1164 5630 1267 5685 hoc
1285 5638 1391 5694 est,
1410 5628 1775 5697 quodcunque
1792 5626 1897 5681 dici
1924 5635 2125 5695 potest,

618 5739 735 5772 ’Μ’
767 5742 883 5798 Joel
914 5759 993 5810 ιιι,
1030 5745 1141 5799 4-6.
1223 5743 1265 5775 ’δ’
1291 5742 1425 5799 Cen.
1459 5759 1602 5810 nix,
1639 5743 1723 5810 M,
1746 5743 1830 5798 15-

1908 5744 1952 5774 ⁵⁰
1977 5743 2120 5798 Psal.
2151 5759 2209 5812 ιι,
2235 5743 2286 5800 8.
2366 5746 2406 5780 ¹¹
2442 5746 2584 5802 Psal.
2618 5763 2795 5814 cnvr,
2824 5745 2877 5799 3.

2228 5001 2320 5048 τες
2357 4984 2466 5037 ἀπό
2502 5001 2563 5038 τε
2589 4984 2698 5038 τῶν
2740 4984 2799 5052 ἐξ
2828 4985 3064 5057 αἵματος
3103 4983 3349 5056 Ἰσραὴλ,
3377 4985 3478 5039 καὶ
3506 4984 3608 5054 τῆς
3632 4978 3809 5048 ἑτέρας

2231 5075 2492 5147 πληθύος,
2520 5078 2663 5148 φημὶ
2686 5076 2752 5149 δὴ
2781 5078 2880 5147 τῆς
2909 5075 2971 5141 ἐξ
2997 5076 3187 5131 ἐθνῶν.
3215 5076 3435 5148 Κύριον
3463 5075 3522 5130 δὲ
3553 5069 3809 5143 ὀνομάσας

2227 5166 2320 5220 τὸν
2365 5167 2605 5237 Ἰησοῦν,
2640 5168 2736 5221 καὶ
2760 5166 2974 5237 καρπὸν
3012 5166 3176 5221 αὑτὸν
3219 5166 3402 5237 ἔφησε
3449 5164 3701 5236 γενέσθαι
3725 5177 3810 5229 γα-

2232 5259 2412 5329 στρὸς,
2431 5258 2519 5315 διά
2536 5276 2619 5313 τοι
2636 5258 2734 5332 τὴν
2758 5258 2881 5313 καθ’
2897 5259 3046 5331 ἡμᾶς
3067 5257 3352 5329 ὁμοίωσιν.
3373 5257 3701 5327 Γεγιίννηται
3715 5248 3809 5318 γὰρ

2232 5354 2296 5406 ἑκ
2318 5352 2598 5421 γυναικὸς,
2632 5352 2725 5406 καὶ
2751 5351 2961 5422 καρπὸς
2987 5350 3179 5422 νηδύος
3211 5348 3440 5421 ἐδείχθη
3467 5338 3807 5419 παρθενικῆς-

2232 5444 2442 5499 Οὑκοῦν
2467 5445 2594 5508 τοὺς
2628 5442 2987 5507 πιστεύοντας
3019 5440 3484 5512 ἀπκεκέρδηκεν
3514 5441 3544 5492 ὁ
3573 5432 3808 5504 Χριστός.

2232 5535 2328 5589 καὶ
2362 5536 2492 5607 περὶ
2531 5536 2711 5591 αὐτῶν
2748 5536 2889 5606 τάχα
2918 5552 3021 5589 που
3050 5534 3187 5607 πρὸς
3210 5532 3308 5587 τὸν
3332 5534 3394 5585 ὲν
3438 5527 3686 5605 οὐρανοῖς
3716 5521 3815 5575 Πι·

2231 5628 2364 5699 τέρα
2398 5630 2491 5683 καὶ
2530 5628 2663 5682 Θεὸν
2702 5645 2838 5700 φησι
2860 5646 2873 5660 ·
2919 5646 2937 5679 ι
2966 5626 3075 5692 οὓς
3101 5626 3351 5690 δεδωκάς
3392 5642 3486 5696 μοι
3518 5624 3583 5676 ὲκ
3614 5615 3701 5672 τοῦ
3729 5608 3808 5665 κά·

2958 5745 3002 5776 ⁸¹
3047 5744 3204 5801 Joan.
3229 5757 3369 5810 xvu,
3403 5741 3459 5798 6.
