4034 6500
268 495 349 555 331
1221 487 1746 546 ςιΑΡΗΥιιοιιυΜ
1787 491 1805 545 l

1909 490 2198 548 SENESIM
2236 493 2368 548 LIB.
2413 493 2522 550 νη.

3398 495 3505 552 362

269 629 406 686 σμου,
443 609 519 662 σοι
548 602 702 678 ἦσαν,
741 605 835 658 καὶ
879 604 1007 675 ἐμοὶ
1046 603 1246 666 αὐτοὺς
1280 602 1545 668 δέδωκας.
1593 624 1611 656 ι
1648 602 1805 658 Οὗτοι

1910 615 1964 660 et
1985 616 2070 661 est
2087 622 2278 662 revera
2305 607 2592 672 eximium,
2611 607 2881 677 longeque
2905 607 3018 662 Deo
3035 607 3506 678 acceptissimum.

266 709 318 779 δὴ
344 700 426 759 οὖν
456 702 511 755 τὸ
544 699 700 753 καλὸν
731 696 1114 768 ἐπεθύμησαν,
1154 697 1401 751 τουτέστι
1436 699 1546 752 πᾶν
1579 689 1717 769 ὅπερ
1744 697 1810 751 ἂν

265 796 442 867 λέγοιτό
465 811 519 847 τε
565 792 657 846 καὶ
683 790 833 844 ἔστιν
870 789 1092 861 ἀληθῶς
1123 789 1428 861 ἐξαίρετον,
1467 790 1563 844 καὶ
1592 791 1700 844 τῶν
1729 791 1812 843 ὅτι

268 891 464 960 μάλιστα
500 885 767 958 φιλτάτων
800 883 942 955 Θεῷ.
997 883 1172 938 Τοῦτο
1203 883 1481 938 ποιοῦνται
1513 885 1644 955 περὶ
1686 884 1812 936 πολ-

267 982 375 1048 λοῦ,
409 980 495 1034 καὶ
541 974 846 1048 κατορθοῦν
890 974 1310 1041 σπουδάζουσιν,
1351 977 1429 1040 ὼς
1477 977 1544 1029 ὲκ
1567 975 1808 1040 διανοίας

266 1073 437 1144 ἀγαθῆς
476 1068 885 1139 ἀναφωνοῦντες
921 1067 1129 1138 λέγειν’
1173 1086 1192 1120 ι
1225 1069 1306 1121 Τά
1330 1070 1577 1141 κρίματα
1603 1069 1811 1139 Κυρίου

267 1165 470 1239 ἀληθινὰ,
498 1161 896 1232 δεδικαιωμένα
922 1162 1017 1215 ἐπὶ
1062 1159 1123 1214 τὸ
1147 1161 1306 1215 αύτὸ-
1333 1161 1646 1233 ὲπιθυμητὰ
1673 1163 1811 1233 ὑπὲρ

264 1258 443 1330 χρυσίον
459 1256 549 1310 καὶ
564 1254 708 1308 λίθον
725 1254 908 1323 τίμιον
935 1252 1155 1308 πολύν.»
1178 1253 1358 1307 Καλὸν
1375 1253 1431 1307 δὲ
1452 1253 1589 1326 πρὸς
1611 1254 1807 1325 τούτῳ,

260 1349 584 1419 τὸέπιθυμεῖν
617 1346 710 1400 ὑπ’
748 1345 899 1417 αὐτῷ
929 1345 1186 1414 γενέσθαι
1225 1345 1471 1418 Χριστῷ.
1516 1349 1584 1400 Ὃ
1619 1347 1682 1419 δὴ
1717 1348 1811 1400 καὶ

258 1444 464 1516 ήνύμφη
491 1441 652 1513 φησιν
676 1441 737 1492 ὲν
767 1439 849 1511 τῷ
882 1441 1126 1511 ’ᾼσματι
1151 1439 1264 1493 τῶν
1303 1439 1570 1512 ᾀσμάτων
1590 1458 1603 1472 ·
1645 1459 1664 1491 ι
1721 1439 1811 1494 Ἐν

255 1541 306 1610 τῇ
333 1538 443 1608 σκιᾷ
464 1533 624 1588 αὐτοῦ
654 1534 1004 1605 ἐπεθύμησα,
1031 1534 1128 1587 καὶ
1155 1533 1408 1588 ἐκάθισα.
1439 1554 1458 1588 ι
1496 1535 1555 1588 '0
1582 1534 1810 1607 γνώμης

253 1631 400 1684 τοίνυν
435 1631 509 1692 εἰς
536 1627 704 1682 τοῦτο
755 1629 1018 1699 προήκων
1051 1627 1179 1691 λαὸς
1209 1667 1225 1693 ,
1263 1628 1673 1698 κατασκέψεται
1707 1628 1808 1700 μὲν

253 1721 458 1794 ἀκριϐῶς
495 1723 617 1786 τοὺς
669 1721 800 1792 περὶ
841 1718 976 1774 Θεοῦ
1010 1720 1250 1792 κλήρους
1273 1761 1288 1786 ,
1321 1719 1573 1775 τουτέστι
1595 1763 1610 1787 ,
1641 1721 1709 1775 τά
1750 1723 1808 1775 ὲν

251 1816 426 1869 ἐλπίσιν
446 1814 619 1884 ἀγαθὰ
637 1816 756 1877 τοῖς
778 1811 1100 1866 εὐσεϐοῦσιν
1131 1812 1544 1884 ἐπηγγελμένα.
1571 1813 1710 1884 Περὶ
1731 1806 1808 1867 ὧν

253 1907 325 1961 καὶ
346 1907 370 1959 ὁ
395 1906 525 1970 θεῖος
551 1904 664 1976 ἔφη
691 1904 876 1958 Δαϐίδ⁸
906 1923 925 1956 ι
963 1905 1052 1958 Ἐν
1083 1906 1205 1967 ταῖς
1231 1904 1388 1976 χερσί
1417 1922 1511 1958 σου
1541 1906 1591 1958 οἱ
1610 1905 1807 1998 κλῆροί

253 2018 351 2074 μου.
369 2019 386 2052 ι
400 1997 707 2054 Καταλύσει
722 1997 780 2050 δὲ
801 1995 994 2068 ὥσπερ
1011 1997 1068 2048 ἐν
1082 1995 1290 2061 αὐτοῖς,
1309 1997 1403 2050 καὶ
1417 1981 1807 2052 ὲπαναπαύσὲ-
1841 1974 1883 2032 Β

253 2110 322 2148 ται
346 2093 507 2164 πάντη
541 2109 601 2145 τε
635 2091 740 2146 καὶ
785 2090 1028 2154 πάντως,
1066 2090 1150 2144 ὅτι
1185 2089 1437 2158 τεύξεται
1465 2090 1804 2162 προσδοκῶν.

265 2185 542 2249 Ἐπαινέσας
570 2183 638 2256 δὴ
671 2178 766 2238 οῦν
799 2183 900 2253 τὴν
930 2181 1128 2237 ἑαυτοῦ
1161 2181 1359 2253 βουλήν
1384 2199 1443 2236 τε
1475 2167 1572 2237 ’καὶ
1602 2184 1805 2256 κρίσιν,

254 2280 323 2333 καὶ
344 2279 394 2332 οὐ
424 2277 644 2350 μετρίου
679 2275 962 2348 θαύματος
989 2277 1094 2349 τὴν
1134 2275 1193 2330 ἐν
1227 2292 1292 2345 γε
1321 2275 1536 2340 τούτοις
1567 2275 1808 2342 ἀξιώσας

245 2372 528 2438 ἀνάπαυσιν,
569 2369 856 2433 τουτέστι,
887 2369 990 2441 τὴν
1023 2369 1105 2432 είς
1141 2367 1317 2422 αἰῶνα
1352 2369 1543 2440 τιμὴν,
1589 2367 1690 2440 τὴν
1727 2368 1806 2433 ὡς

244 2467 290 2518 ὲν
317 2464 552 2536 ἁγιασμῷ
600 2463 806 2535 τελείῳ
853 2463 1032 2533 ἔχοντι
1079 2461 1250 2534 ζωὴν,
1297 2461 1398 2533 τὴν
1441 2461 1806 2534 ἀτελεύτητον

240 2555 396 2623 δόξαν,
425 2555 520 2628 τὴν
558 2553 950 2624 ἀναπόϐλητον
988 2551 1289 2622 βασιλείαν,
1322 2553 1418 2606 καὶ
1447 2551 1552 2605 ὅσα
1581 2553 1680 2607 καὶ
1712 2553 1805 2608 νοῦ

241 2651 316 2703 καὶ
334 2647 564 2720 γλώττης
592 2647 889 2712 ἐπέκεινα,
918 2643 1204 2717 τληπαθής
1241 2642 1394 2698 ἔσται
1417 2643 1628 2700 λοιπόν.
1672 2644 1808 2701 Ἕω·

241 2741 392 2814 ρακὼς
411 2741 514 2814 γὰρ
548 2742 630 2796 ὅτι
675 2738 817 2794 πίων
849 2741 881 2810 ή
914 2737 1020 2809 γῆ,
1060 2756 1081 2789 ι
1123 2736 1215 2791 τὸν
1250 2730 1404 2808 ὦμον
1432 2736 1735 2806 ὑποθήσει,
1782 2755 1801 2789 ι

238 2835 366 2906 φησὶ,
393 2837 480 2889 καὶ
504 2833 797 2905 ἀγαπήσει
826 2831 919 2885 τὸν
966 2831 1148 2884 πόνον.
1186 2829 1418 2902 Δέχεται
1453 2829 1510 2884 δὲ
1538 2830 1602 2884 τὸ
1630 2831 1807 2902 παρά-

233 2925 402 2997 δειγμα
429 2926 579 2999 παρὰ
617 2923 738 2978 τῶν
771 2923 848 2986 ὡς
877 2921 1083 2992 ἄριστα
1125 2921 1388 2991 γηπονεῖν
1421 2918 1713 2984 εἰωθότων,
1753 2921 1804 2974 οἶ

234 3018 612 3092 φιλεργέστατοί
647 3017 718 3070 τέ
751 3018 860 3069 εἰσι
892 3015 986 3069 καὶ
1033 3011 1326 3084 σκαπάνης
1361 3010 1541 3081 φίλοι,
1570 3012 1662 3066 καὶ
1695 3012 1804 3084 μὴν

232 3108 309 3161 καὶ
353 3107 597 3180 ἀρότροις
648 3104 902 3176 ὲνιδροῦν
942 3101 1361 3168 σπουδάζουσιν,
1395 3104 1444 3155 εί
1482 3101 1547 3174 δή
1582 3102 1804 3172 πιείρας

228 3199 446 3255 λάϐοιντο
475 3204 600 3272 γῆς,
626 3197 968 3263 ἐννοοῦντες,
995 3191 1152 3267 οἶμαι
1177 3211 1302 3258 που,
1329 3195 1544 3266 καρπὸν
1575 3193 1667 3248 τὸν
1695 3196 1804 3265 ἀμ-

1917 698 1974 752 ld
2006 699 2155 753 enim
2179 700 2578 771 magnifaciunt
2605 708 2770 770 atque
2794 699 3072 771 praecipue
3094 710 3358 770 prastare
3378 719 3509 757 eon-

1917 791 2172 858 teudunt,
2197 802 2260 848 ut
2288 793 2504 849 scilicet
2535 809 2603 848 ex
2638 793 2784 848 bono
2807 793 2974 848 corde
3001 793 3394 860 exclamantes,
3420 795 3508 850 di-

1915 894 2044 939 cant
2069 903 2081 939 :
2117 905 2134 937 ι
2159 885 2378 942 Judicia
2397 887 2616 942 Domini
2641 901 2795 952 vera,
2815 885 3116 958 justifieata
3140 887 3196 942 in
3222 887 3464 958 idipsum
3491 929 3505 942 .

1912 976 2303 1034 desiderabilia
2321 994 2489 1050 super
2505 995 2702 1034 aurum
2717 988 2775 1034 et
2788 978 3027 1050 lapidem
3043 979 3351 1050 pretiosum
3369 981 3509 1035 mul—

1914 1077 2034 1125 tum
2058 1070 2122 1126 ⁸³.
2154 1091 2171 1122 ν
2199 1072 2531 1127 Praeclarum
2554 1072 2687 1127 item
2718 1086 2781 1126 ac
2803 1071 3009 1127 bonum
3033 1081 3120 1128 est
3141 1081 3400 1144 expetere
3447 1079 3510 1127 ut

1913 1165 2039 1233 quis
2063 1165 2134 1218 sit
2168 1164 2274 1218 sub
2308 1164 2552 1230 Christo,
2579 1165 2724 1219 sicut
2758 1173 2815 1219 et
2841 1180 3042 1234 sponsa
3077 1165 3157 1220 ait
3184 1165 3239 1220 in
3261 1164 3510 1221 Canticis

1914 1255 2253 1310 canticorum
2288 1276 2299 1310 :
2335 1277 2352 1308 ι
2400 1256 2516 1312 Sub
2554 1257 2751 1312 umbra
2781 1257 2955 1332 ipsius
2997 1257 3326 1323 desideravi,
3368 1258 3508 1313 etin

1911 1363 1977 1402 ea
2007 1349 2216 1404 sedi“.
2249 1369 2266 1401 ι
2297 1349 2540 1419 Populus
2578 1348 2746 1420 igitui'
2787 1349 2862 1404 ita
2902 1349 3134 1405 affectus
3191 1351 3509 1407 considerat

1911 1441 2159 1498 studiose
2218 1443 2568 1498 haereditates
2622 1458 2745 1514 quae
2788 1459 2819 1498 a
2864 1443 3096 1498 Domino
3141 1445 3506 1515 proveniunt,

1911 1532 2019 1590 hoc
2043 1544 2148 1602 est,
2185 1536 2330 1591 bona
2369 1537 2576 1591 sanctis
2605 1537 2899 1607 promissa,
2941 1551 3066 1607 qua:
3103 1535 3288 1592 adhuc
3327 1537 3384 1592 in
3410 1551 3509 1608 spe

1910 1626 2018 1682 sita
2041 1635 2172 1682 sunt
2197 1645 2211 1683 :
2238 1628 2306 1683 de
2329 1628 2534 1699 quibus
2555 1637 2612 1684 et
2634 1628 2858 1683 divinus
2876 1627 3049 1683 David
3076 1627 3330 1685 meminit
3356 1646 3369 1682 :
3403 1649 3421 1680 ι
3445 1628 3507 1683 In

1911 1722 2170 1778 manibus
2192 1723 2302 1778 tuis
2327 1732 2507 1778 sortes
2533 1737 2671 1777 meat
2697 1723 2766 1778 ⁸⁸,
2801 1742 2819 1774 ›
2849 1722 3297 1779 Commorabitur
3320 1730 3504 1777 autem

1909 1813 2318 1884 quodammodo
2353 1822 2410 1869 et
2454 1815 2811 1885 conquiescet
2858 1814 2915 1868 in
2955 1813 3058 1880 eis,
3107 1813 3238 1884 quia
3279 1828 3508 1885 compos

1911 1895 2023 1961 suae
2058 1906 2178 1977 spei
2219 1914 2305 1962 est
2333 1905 2572 1962 futurus.
2618 1905 2758 1962 Cum
2802 1906 2971 1978 igitur
3010 1908 3301 1978 probasset
3343 1925 3505 1964 suum

1911 1997 2202 2052 consilium
2221 2013 2287 2052 ac
2302 1996 2596 2069 judicium,
2617 2012 2800 2068 neque
2819 2013 3015 2068 parum
3037 1998 3342 2056 admiratus
3359 2006 3508 2056 esset

1910 2091 2155 2161 quietem
2201 2091 2259 2146 in
2298 2091 2408 2157 his,
2447 2089 2554 2145 hoc
2578 2097 2683 2156 est,
2716 2099 2987 2146 aeternum
3019 2091 3188 2161 228
3212 2091 3504 2158 honorem,

1909 2183 2080 2238 vitam
2112 2181 2356 2254 perfecte
2379 2179 2772 2236 sanctificatam
2789 2220 2804 2246 ,
2831 2181 3216 2236 incessabilem
3243 2180 3505 2253 gloriam,

1910 2290 2144 2346 regnum
2187 2274 2610 2345 sempiternum,
2636 2287 2701 2328 ac
2729 2288 3075 2344 quaecunque
3101 2288 3323 2328 omnem
3351 2289 3513 2329 mena

1909 2375 2021 2421 tem
2044 2381 2110 2421 ac
2130 2366 2375 2438 linguam
2410 2372 2695 2436 superant,
2720 2373 2838 2420 tum
2861 2365 3084 2420 demum
3108 2365 3286 2421 factus
3307 2374 3392 2421 est
3414 2381 3510 2437 pa-

1910 2460 2054 2515 tiens
2076 2459 2352 2514 laborum.
2389 2457 2533 2514 Cum
2567 2457 2719 2512 enim
2744 2456 2976 2512 vidisset
3002 2456 3150 2528 quod
3177 2465 3327 2513 terra
3360 2468 3508 2514 esset

1907 2552 2150 2624 pinguis,
2181 2552 2260 2606 ait
2300 2559 2504 2616 textus,
2553 2568 2572 2602 ι
2611 2548 2915 2606 Submittet
2956 2549 3255 2605 humerum
3290 2550 3358 2615 ⁸⁸,
3403 2569 3423 2602 ι
3452 2560 3509 2606 et

1907 2644 2116 2700 amabit
2136 2644 2403 2700 laborem.
2429 2643 2713 2698 Mutuatur
2731 2651 2918 2698 autem
2933 2643 3245 2713 exemplum
3267 2642 3338 2698 ab
3384 2643 3507 2700 istis

1906 2738 2002 2808 qui
2029 2747 2234 2794 terram
2265 2737 2451 2792 colere
2478 2742 2906 2801 consueverunt,
2933 2734 3029 2805 qui
3065 2742 3196 2790 sunt
3227 2735 3286 2790 in
3309 2736 3507 2807 primis

1907 2831 2192 2896 laboriosi,
2216 2837 2382 2900 atque
2407 2827 2788 2900 agricolationi
2812 2827 3006 2892 dediti,
3034 2833 3259 2898 totoque
3281 2835 3506 2898 pectore

1905 2924 2106 2980 aratris
2125 2924 2476 2989 incumbunt,
2500 2920 2723 2993 quando
2747 2921 2951 2992 pingue
2977 2920 3155 2976 solum
3178 2921 3324 2978 nacti
3347 2931 3498 2990 sunt,

1905 3018 2244 3088 uberemque
2267 3016 2509 3072 fructum
2539 3029 2598 3070 se
2621 3015 2751 3071 inde
2775 3022 3138 3085 pereepturos
3159 3014 3496 3089 intelligunt.

1904 3109 2246 3166 Adhortatur
2269 3116 2456 3165 autem
2483 3123 2586 3163 nos
2604 3107 2675 3163 ad
2696 3108 2804 3163 hoc
2825 3106 2994 3163 etiam
3013 3107 3284 3178 propheta
3304 3107 3496 3177 Oseas,

1904 3203 2133 3259 dicens:
2168 3222 2186 3256 ι
2219 3202 2500 3258 Seminate
2539 3201 2700 3257 vobis
2739 3199 2807 3256 ad
2844 3199 3136 3272 justitiam,
3163 3208 3222 3257 et
3258 3202 3502 3274 colligite

227 3293 430 3364 φιλαφῐμ
479 3294 574 3350 καὶ
592 3292 667 3347 τὰ
698 3291 757 3358 ἐξ
776 3291 946 3360 αὐτῆς
968 3288 1580 3359 ὲσόμενα.11αροτρύνει
1603 3287 1662 3342 δέ
1682 3306 1802 3354 πως

1909 3297 1962 3352 ἰη
1990 3297 2233 3352 fructum
2255 3295 2403 3350 vitae.
2429 3292 2730 3350 Accendite
2755 3293 2810 3348 in
2833 3292 2994 3348 vobis
3013 3290 3204 3347 lumen
3227 3291 3502 3363 cognitio-

225 3390 292 3452 είς
311 3387 456 3441 τοῦτο
481 3387 570 3442 καὶ
592 3389 622 3441 ό
646 3384 820 3455 σοφὸς
847 3384 996 3456 ἡμᾶς
1031 3382 1211 3453 Ὠσηὲ,
1239 3381 1414 3451 λέγων
1441 3398 1454 3412 ·
1481 3400 1501 3435 ι
1533 3384 1800 3456 Σπείρατε

1909 3389 2013 3444 nis.
2039 3388 2328 3459 Exquirite
2355 3385 2651 3442 Dominum
2679 3384 2857 3440 donec
2886 3384 3117 3440 veniant
3135 3383 3298 3440 vobis
3320 3383 3507 3456 fruges

224 3481 415 3543 ἑαυτοῖς
438 3480 520 3556 είς
539 3475 923 3546 δικαιοσύνην,
941 3473 1256 3548 τρυγήσατε
1281 3474 1362 3537 είς
1385 3475 1597 3545 καρπὸν
1622 3475 1767 3547 ζωῆς
1784 3495 1797 3509 ο

1909 3484 2132 3559 iustitiae
2171 3484 2240 3538 ³⁷.
2273 3501 2293 3536 ι
2327 3480 2529 3537 Paulus
2569 3493 2792 3550 quoque
2827 3476 3044 3533 fruetus
3081 3475 3312 3550 justitia:
3345 3477 3506 3533 nobis

224 3571 472 3638 φωτίσατε
517 3571 744 3632 ἑαυτοῖς
795 3567 912 3637 φῶς
962 3565 1243 3635 γνώσεως.
1294 3563 1668 3640 Ἐκζητήσατε
1708 3570 1802 3624 τὸν

1909 3586 2187 3650 precatur,
2210 3576 2434 3632 dicens:
2461 3593 2480 3626 ι
2500 3572 2607 3641 Qui
2635 3571 2951 3644 suppeditat
2974 3586 3164 3626 semen
3184 3569 3502 3636 seminanti,

226 3662 406 3734 Κύριον
430 3663 535 3728 ἕως
559 3655 624 3716 οὖ
662 3660 799 3731 ἔλθῃ
824 3657 1042 3732 γεν[ν]ή
1052 3676 1197 3730 ματα
1223 3658 1577 3731 δικαιοσύνης
1610 3661 1758 3733 ὑμῖν.
1775 3681 1795 3714 ›

1909 3682 1962 3728 et
1983 3685 2182 3744 panem
2205 3670 2260 3724 in
2284 3667 2494 3732 cibum,
2517 3663 2977 3736 suppeditabit,et
2999 3663 3392 3734 multiplicabit
3412 3677 3503 3718 se-

233 3754 515 3826 Ἔιεηύξατο
545 3755 605 3808 δὲ
646 3754 748 3808 καὶ
776 3755 806 3806 ό
833 3753 1124 3826 ,μακάριος
1163 3751 1376 3816 Παῦλος
1411 3753 1621 3806 είπὼν·
1666 3775 1684 3806 ι
1739 3756 1800 3809 '0

1909 3770 2150 3818 mentem
2168 3768 2431 3824 vestram,
2449 3755 2780 3827 augebitque
2803 3754 3019 3811 fruetus
3034 3755 3261 3828 iustitiae
3281 3762 3502 3822 vestrae,

221 3843 268 3898 δὲ
308 3845 650 3919 ἐπιχορηγῶν
689 3843 917 3916 σπέρμα
957 3843 1038 3914 τῷ
1077 3843 1356 3914 σπείροντι
1382 3843 1478 3898 καὶ
1513 3845 1678 3918 ἄρτον
1719 3849 1800 3913 εἰς

1909 3867 1971 3913 ut
1995 3857 2204 3926 ubique
2225 3867 2448 3909 omnem
2475 3848 2863 3907 sufﬁcientiam
2888 3848 3178 3916 habentes,
3209 3847 3505 3906 abundetis

223 3933 403 4006 βρῶσιν
427 3977 443 4004 ,
474 3937 790 4010 χορηγήσει
825 3935 922 3989 καὶ
954 3933 1219 4004 πληθυνεῖ
1258 3933 1350 3988 τὸν
1384 3937 1591 4011 σπόρον
1620 3941 1798 4012 ὑμῶν,

1909 3951 1965 4005 in
1999 3960 2165 4003 omne
2200 3958 2342 4014 opus
2367 3942 2579 3998 bonum
2616 3939 2684 3994 ⁸⁸.
2727 3958 2748 3993 ο

223 4031 300 4083 καὶ
317 4031 536 4104 αὐξήσει
565 4031 639 4087 τὰ
667 4029 1044 4104 γενῑν1ήιιατα
1065 4029 1165 4101 τῆς
1193 4029 1543 4104 δικαιοσύνης
1571 4035 1746 4108 ὑμῶν,
1789 4045 1878 4100 ἵνα
1916 4043 2151 4099 πάντοτε
2183 4039 2368 4092 πᾶσαν
2411 4035 2746 4107 αὐτάρκειαν
2779 4031 2995 4103 ἔχοντες
3027 4030 3393 4105 περισσεύητε
3423 4033 3504 4098 εἰς

219 4126 309 4180 πᾶν
328 4126 483 4200 ἔργον
506 4126 744 4197 ἀγαθόν.
781 4146 801 4178 ι

771 4241 908 4312 Περὶ
941 4241 1048 4296 τοῦ
1071 4241 1212 4298 Δάν.

281 4353 299 4386 ι
331 4336 432 4391 Δὰν
462 4338 648 4410 κρινεί
699 4334 796 4388 τὸν
823 4334 954 4388 λαὸν
988 4333 1177 4401 αὑτοῦ,
1214 4336 1349 4390 ὡσεὶ
1393 4338 1489 4389 καὶ
1530 4337 1629 4409 μία
1659 4341 1800 4415 quid;

214 4428 266 4484 tv
303 4429 537 4506 Ἰσραήλ·
579 4429 684 4483 καὶ
727 4427 1021 4500 γενηθήτω
1067 4426 1178 4482 Δὰν
1209 4428 1356 4499 ὄφις,
1382 4429 1467 4498 ἐφ’
1497 4430 1604 4502 ὁδῷ
1628 4433 1800 4502 ὲγκα-

214 4523 428 4594 θήμενος
465 4523 562 4576 ἐπὶ
619 4519 854 4594 τρίϐου,
901 4520 1118 4574 δάκνων
1165 4521 1408 4594 πτέρναν
1463 4521 1658 4588 ἵππου,
1705 4525 1800 4577 καὶ

2575 4235 2654 4291 De
2691 4235 2836 4290 Dan.

1983 4355 2001 4387 ‹
2031 4335 2148 4390 Dan
2174 4328 2448 4406 judicabit
2480 4326 2749 4398 populum
2782 4341 2966 4391 suum,
2997 4327 3142 4381 sicut
3166 4334 3223 4383 et
3251 4343 3362 4385 una
3398 4332 3501 4387 tri-

1905 4428 2009 4483 bus
2032 4426 2090 4482 in
2122 4423 2312 4489 lsrael,
2337 4428 2394 4478 et
2417 4419 2513 4475 fiat
2550 4420 2669 4474 Dan
2705 4418 2936 4474 coluber
2963 4418 3020 4473 in
3052 4419 3141 4474 via
3173 4420 3421 4479 insidens
3444 4425 3501 4481 in

1904 4521 2123 4585 semita,
2151 4515 2414 4572 mordens
2439 4513 2760 4570 caleaneum
2786 4510 2937 4582 equi,
2963 4518 3019 4566 et
3040 4511 3201 4569 cadet
3221 4529 3394 4586 eques
3418 4534 3504 4574 re-

215 4620 485 4674 metirato
515 4618 727 4680 ἱππεὺς
756 4617 837 4678 είς
858 4615 928 4670 τὰ
958 4614 1206 4681 ὀπίσθια,
1251 4616 1351 4689 τὴν
1385 4617 1662 4688 σωτηρίαν
1701 4635 1798 4672 πε-

1909 4624 2178 4679 trorsum;
2209 4610 2460 4666 Salutare
2501 4612 2829 4676 exspectans
2867 4604 3087 4660 Domini
3111 4606 3178 4660 ".
3213 4625 3231 4658 ›
3263 4607 3504 4669 Historia

214 4710 431 4781 ριμένων
470 4711 634 4784 παρὰ
666 4707 903 4782 Κυρίου.
940 4726 960 4760 ι
999 4706 1236 4763 Ἔπεται
1266 4708 1428 4764 πάλιν
1452 4715 1520 4785 τῇ
1552 4709 1648 4765 τοῦ
1680 4709 1798 4766 ὀνόο

1904 4720 2124 4761 rursum
2147 4700 2389 4758 nominis
2410 4695 2796 4772 etymologiam
2819 4694 3089 4765 sequitur.
3111 4695 3226 4752 Dan
3247 4699 3395 4754 enim
3418 4711 3505 4759 est

215 4818 364 4872 ματος
393 4801 738 4876 ἑτυμολογίᾳ
779 4803 808 4854 ὁ
834 4801 1014 4870 λόγος.
1050 4799 1277 4870 Κριτὴς
1304 4802 1416 4876 γὰρ
1442 4804 1563 4875 ήτοι
1595 4803 1800 4872 κρίσις

1909 4799 2085 4864 iudex,
2120 4803 2217 4852 aut
2238 4792 2522 4867 judicium.
2551 4790 2670 4845 Pra:
2711 4803 2770 4843 se
2814 4787 2924 4843 fert
2953 4795 3139 4844 autem
3170 4789 3262 4845 hic
3294 4791 3502 4863 glorio-

212 4897 368 4951 ὁΔὰν.
403 4896 712 4968 Ἐμφήνειε
732 4894 777 4949 δ’
808 4891 873 4947 ἂν
899 4892 976 4957 ὡς
1003 4893 1088 4962 ἐφ’
1114 4892 1294 4966 ἑαυτῷ
1325 4896 1421 4949 καὶ
1452 4889 1608 4958 οὗτος
1638 4894 1801 4951 πάλιν

212 4986 286 5042 τὸν
319 4989 521 5044 εὐκλεᾶ
549 4988 652 5042 καὶ
678 4985 977 5058 περίοπτον
1005 4984 1117 5040 τῶν
1144 4985 1315 5054 ἁγίων
1357 4987 1674 5042 ἀποστόλων
1704 5005 1799 5058 χο-

212 5083 320 5154 ρόψ
350 5085 399 5138 οἳ
435 5085 518 5147 είς
551 5080 739 5154 ἀρχὴν
771 5078 1047 5135 τέθεινται
1070 5079 1182 5134 τῶν
1212 5082 1680 5150 πεπιστευκότων,
1705 5083 1801 5138 καὶ

210 5177 263 5230 τὸ
289 5179 490 5250 κρίνειν
541 5175 766 5245 ἔλαχον,
812 5173 1225 5244 κατανέμοντος
1274 5174 1460 5238 αὐτοῖς
1493 5174 1556 5229 τὸ
1603 5174 1797 5246 χρῆμα

209 5267 447 5339 Χριστοῦ.
480 5269 601 5324 Καὶ
626 5265 762 5336 γοῦν
789 5266 818 5319 ό
848 5263 1142 5327 θεσπέσιος
1170 5263 1383 5329 Παῦλός
1413 5281 1546 5334 φησι
1567 5282 1579 5294 ·
1623 5285 1641 5318 ι
1681 5265 1796 5319 Οὐκ

209 5359 366 5416 οἴδατε
397 5363 481 5418 ὅτι
515 5357 796 5428 ἀγγέλους
846 5355 1167 5429 κρινοῦμεν,
1206 5357 1408 5429 μήτιγε
1443 5355 1712 5427 βιωτικά;
1772 5375 1790 5408 ι

211 5451 394 5525 Κριτής
426 5454 530 5524 μὲν
562 5446 667 5504 οῦν
689 5443 767 5514 εἷς
804 5450 900 5504 καὶ
947 5447 1250 5520 νομοθέτης
1280 5448 1422 5514 κατὰ
1445 5447 1544 5512 τὰς
1572 5448 1797 5519 Γραφὰς

208 5541 233 5593 ό
253 5542 503 5614 Χριστός.
533 5541 604 5596 Ei
625 5539 688 5595 δὲ
725 5538 1126 5612 πρεσϐεύουσιν
1152 5539 1291 5613 ὑπὲρ
1317 5538 1557 5611 Χριστοῦ
1583 5541 1632 5592 oi
1659 5541 1798 5594 άπό-

208 5635 386 5698 στολοι,
411 5635 508 5688 καὶ
530 5636 594 5687 ὲν
615 5632 802 5697 αὐτοῖς
821 5633 1060 5686 τέθειται
1076 5632 1178 5704 τῆς
1201 5632 1552 5705 καταλλαγῆς
1569 5634 1596 5688 ὁ
1616 5631 1794 5702 λόγος,

205 5723 342 5780 οὐδὲν
372 5727 434 5780 τὸ
461 5724 870 5799 παράδοξονιεί
896 5726 990 5780 καὶ
1014 5728 1222 5780 νοοῖντο
1249 5726 1439 5798 κριταὶ
1463 5724 1585 5780 καθ’
1611 5727 1799 5798 ὁμοιό-

1903 4905 2025 4946 sum
2088 4897 2253 4960 atque
2306 4882 2696 4940 admirabilem
2749 4889 3072 4937 sanctorum
3124 4884 3502 4953 apostolorum

1903 4983 2160 5046 chorum,
2187 4980 2283 5051 qui
2326 4978 2383 5032 in
2414 4975 2786 5049 principatum
2829 4972 3076 5030 ﬁdelium
3117 4983 3249 5029 sunt
3279 4975 3501 5035 ‘consti-

1905 5074 2031 5142 tuti,
2055 5083 2112 5132 et
2130 5073 2403 5148 judicium
2426 5067 2733 5132 consecuti,
2759 5063 3037 5124 tribuente
3059 5068 3167 5123 hoc
3187 5068 3322 5139 ipsis
3343 5069 3502 5132 Chri-

1903 5178 2011 5225 sto.
2060 5168 2201 5223 Hinc
2234 5173 2293 5220 et
2342 5161 2568 5218 divinus
2609 5160 2816 5215 Paulus
2856 5159 2935 5213 ait
2975 5176 2988 5213 :
3025 5177 3044 5210 ι
3077 5155 3316 5216 Nescitis
3358 5177 3503 5234 quo-

1905 5263 2054 5319 niam
2087 5260 2313 5332 angelos
2361 5256 2538 5312 simus
2581 5249 2905 5326 judicaturi,
2959 5265 3073 5310 non
3129 5257 3341 5308 tantum
3394 5270 3502 5310 sae-

1904 5353 2117 5412 cularia
2168 5352 2248 5405 “‘I
2292 5369 2311 5403 ι
2379 5348 2688 5416 Quocirca,
2737 5345 2870 5400 licet
2914 5359 3060 5400 unus
3095 5343 3268 5415 judex
3319 5354 3376 5402 et
3424 5347 3505 5404 le-

1902 5448 2130 5519 gislator
2149 5444 2240 5509 sit,
2261 5443 2417 5514 juxta
2441 5439 2756 5509 Scripturas
2779 5436 2872 5502 '°',
2891 5451 3091 5506 nempe
3119 5433 3396 5503 Christus,
3422 5446 3502 5494 ta-

1906 5555 2032 5595 men
2045 5545 2100 5593 et
2113 5533 2368 5608 apostoli,
2383 5533 2474 5604 qui
2489 5547 2590 5603 pro
2599 5530 2818 5587 Christo
2830 5527 2852 5582 f
2854 5528 3419 5602 ungunturlegatione
3432 5533 3471 5562 "
3482 5571 3498 5596 ,

1905 5642 1960 5687 et
1977 5631 2186 5703 quibus
2215 5625 2544 5684 commissus
2562 5634 2648 5680 est
2680 5621 3144 5679 reconciliationis
3161 5636 3366 5688 sermo,
3385 5638 3498 5678 non

1905 5725 2006 5781 abs
2026 5740 2088 5779 re
2111 5721 2341 5793 intelligi
2366 5718 2581 5791 possint
2604 5725 2663 5774 et
2692 5716 2797 5788 ipsi
2817 5715 3057 5789 judices,
3089 5715 3391 5773 secundum
3424 5717 3502 5771 si-

268 5861 310 5894 "
331 5862 475 5919 Psal.
509 5875 673 5927 xviii,
707 5861 792 5928 10,
824 5863 912 5916 H.
985 5861 1034 5895 ”
1054 5861 1214 5918 Cant.
1243 5879 1303 5922 ιι.
1337 5863 1391 5916 5.
1469 5863 1516 5895 ⁵⁸
1540 5862 1684 5919 Psal.
1706 5877 1805 5917 xxx

1909 5859 1958 5915 6.
2035 5859 2243 5915 "Gen.
2270 5875 2415 5918 xux.
2451 5857 2536 5911 15.
2615 5852 2852 5928 '_'_Osee,
2875 5870 2929 5919 χ,
2950 5853 3037 5907 12.
3117 5853 3164 5885 ⁵⁸
3197 5850 3241 5906 ιι
3264 5850 3392 5908 Cor.
3416 5867 3494 5918 ix,

211 5926 284 6002 to,
311 5933 396 5988 ιι.
475 5933 524 5966 ι’
547 5926 697 5989 Gen.
719 5926 862 5999 χιιι,
899 5934 1110 5999 16,17.

509 6031 792 6091 ΡΛτῐιοι..
837 6032 954 6092 Gn.
998 6031 1207 6093 LXIX.

1222 5936 1267 5965 ⁶⁰
1299 5933 1471 5990 lCor.
1507 5949 1579 6000 v1,
1611 5935 1665 5989 5.
1744 5925 1956 5988 ’νότια
1993 5947 2066 5996 Iv,
2103 5932 2188 5986 Ω.
2221 5932 2262 5962 ⁶¹
2302 5931 2343 5984 ιι
2375 5929 2501 5985 Cor.
2528 5945 2581 5992 ι’,
2615 5925 2704 5981 20.

3025 6014 3095 6077 12
