4060 6478
521 465 627 521 563

522 683 754 739 magnus
775 666 963 730 Isaias,
986 665 1343 720 introducens
1360 673 1418 719 et
1440 679 1668 735 regnum
1693 665 1900 720 Christi
1921 680 2095 736 angu-

521 769 689 824 stum,
703 766 761 813 et
774 756 1467 826 sanctorumapostclomm
1480 756 1745 811 illustrem
1757 756 2098 826 praedicatio-

520 866 647 907 nem
669 849 867 920 :229
885 849 1090 912 «Ecce,
1108 847 1383 919 inquiens,
1404 864 1507 903 rex
1533 850 1712 919 justus
1744 849 2015 919 regnabit,
2042 859 2100 905 et

521 941 799 1011 principes
821 955 946 995 cum
957 938 1168 1010 judicio
1182 948 1461 1010 praeerant
1474 941 1559 992 ⁸⁸⁸.
1581 958 1599 990 ι
1609 940 1746 995 Nam
1760 940 1892 995 olim
1908 940 2100 995 Hiero-

518 1035 744 1105 solymis
755 1032 1055 1103 regnabant
1066 1032 1289 1103 quidem
1308 1032 1385 1087 illi
1399 1032 1493 1102 qui
1522 1043 1760 1089 erantex
1772 1034 1917 1089 tribu
1927 1035 1955 1090 ι
1962 1035 2095 1102 uda;

518 1126 617 1182 sed
631 1126 725 1196 qui
739 1135 927 1181 sancto
947 1125 1299 1181 tabernaculo
1310 1116 1597 1194 praeerant,
1611 1133 1666 1181 et
1707 1126 2100 1183 sacerdotalem

520 1217 839 1289 dignitatem
856 1217 1198 1279 obtinebant,
1213 1216 1448 1271 ordinati
1464 1224 1622 1271 erant
1637 1216 1703 1271 ad
1719 1217 2095 1288 iudicandum.

527 1326 548 1360 ι
569 1307 737 1363 Labia
750 1307 898 1363 enim
916 1306 1217 1362 sacerdotis
1229 1306 1842 1377 custodiuntjudicium,
1858 1316 1915 1363 et
1925 1308 2098 1379 legem

520 1398 808 1468 requirent
821 1414 888 1453 ex
904 1412 999 1452 ore
1016 1397 1138 1467 ejus
1153 1398 1217 1450 θ’.
1244 1397 1565 1467 iPostquam
1590 1407 1773 1453 autem
1802 1399 1997 1454 umbra
2023 1400 2101 1454 le-

520 1490 606 1560 gis
625 1488 1028 1560 quodammodo
1046 1496 1327 1544 contracta
1346 1497 1451 1551 est,
1465 1497 1519 1544 et
1534 1490 1893 1545 verus-cultus
1912 1491 1966 1545 in
1990 1491 2102 1561 spi—

521 1579 629 1633 ritu
658 1578 917 1634 inductus
951 1593 1049 1648 per
1068 1578 1371 1644 Christum,
1400 1578 1805 1637 illustrioribus.
1818 1580 2100 1651 iudicibus

521 1669 803 1740 indigebat
829 1669 1086 1735 mundus,
1109 1670 1399 1739 vocatique
1421 1678 1551 1725 sunt
1574 1670 1644 1725 ad
1666 1671 1773 1727 hoc
1808 1671 1978 1727 divini
2016 1672 2101 1728 di-

521 1759 740 1828 scipuli,
756 1758 849 1828 qui
869 1758 1124 1829 legalium
1143 1758 1429 1814 doctorum
1452 1760 1634 1814 locum
1656 1761 1924 1816 subirent.
1938 1762 2100 1818 Unde

516 1851 922 1909 adJudaecrum
947 1862 1201 1916 matrem,
1222 1852 1329 1908 hoc
1344 1860 1429 1909 est
1448 1853 1517 1909 ad
1538 1854 1865 1918 Jerusalem,
1889 1856 2097 1911 dictum

517 1944 621 2000 fuit
644 1943 809 1999 a'Deo
829 1957 927 2013 per
948 1958 1137 1998 vocem
1160 1943 1497 1999 Psalmistaa:
1531 1963 1549 1997 ι
1580 1945 1686 2000 Pro
1713 1946 1961 2015 patribus
1981 1948 2097 2002 nati

520 2043 649 2088 sunt
680 2033 781 2087 tibi
803 2032 923 2098 lilii,
954 2051 974 2085 ι
1005 2032 1111 2087 hoc
1129 2041 1235 2096 est,
1261 2032 1379 2098 lilii,
1405 2033 1500 2102 qui
1526 2033 1623 2087 tibi
1651 2035 1743 2105 jus
1767 2034 1979 2101 dicunt,
2012 2036 2096 2091 lo-

519 2140 646 2180 cum
683 2132 900 2194 patrum
941 2123 1121 2179 sortiti
1161 2131 1312 2179 sunt.
1337 2124 1419 2179 Ad
1450 2125 1740 2185 Dominum
1777 2135 1961 2183 autem
1993 2143 2096 2187 no.

519 2224 693 2272 atrum
715 2216 902 2272 Iesum
924 2214 1205 2271 Christum
1233 2215 1312 2270 ait
1334 2231 1348 2269 :
1382 2235 1399 2267 ι
1435 2216 1751 2273 Constitues
1772 2234 1868 2274 eos
1889 2220 2097 2289 princi-

520 2322 617 2377 pes
647 2321 812 2376 super
842 2320 1063 2360 omnem
1096 2312 1294 2359 terram
1336 2304 1399 2359 ⁶³.
1432 2324 1451 2356 ι
1481 2304 1637 2371 Quod
1674 2317 1859 2363 autem
1894 2309 2000 2364 hoc
2026 2309 2098 2364 sit

518 2400 824 2470 impletum,
859 2405 917 2453 et
949 2396 1017 2451 ad
1043 2396 1627 2467 exitumperductum,
1665 2398 1825 2454 facile
1856 2400 1982 2469 quis
2012 2400 2096 2455 vi-

515 2492 679 2546 derit.
706 2490 989 2560 Principes
1008 2489 1155 2545 enim
1186 2504 1255 2543 ac
1284 2489 1501 2561 iudices
1533 2489 1872 2546 universales
1897 2491 2096 2548 habui-

516 2594 640 2636 mus
680 2588 898 2636 sanctos
947 2578 1281 2649 discipulos,
1329 2588 1565 2649 quorum
1608 2580 1861 2636 doctrina
1915 2582 2097 2653 ipsum

513 2672 717 2730 Christi
748 2671 1070 2743 mysterium
1093 2670 1421 2741 explicatum
1446 2670 1837 2742 est.Siquidem
1855 2673 1960 2744 ipsi
1980 2675 2095 2730 dis-

518 2774 841 2837 pensatores
880 2762 1150 2819 salutiferi
1188 2762 1378 2829 verbi,
1419 2772 1477 2818 et
1528 2779 1713 2818 rerum
1761 2765 2097 2835 agendarum

512 2867 794 2927 auctores;
820 2857 1024 2928 quippe
1046 2856 1141 2926 qui
1172 2854 1441 2926 quidquid
1466 2855 1662 2911 inutile
1703 2865 1789 2911 est
1829 2855 2095 2912 discenti-

513 2951 666 3016 bus,
688 2958 947 3020 tanquam
979 2948 1349 3004 adulterinum
1392 2956 1720 3015 secernunt,
1759 2954 1817 3004 et
1852 2947 2096 3003 vicissim

512 3041 659 3114 quod
692 3041 829 3096 utile
854 3050 960 3105 est,
987 3047 1048 3094 ut
1079 3039 1472 3109 amplectamur
1505 3045 1749 3094 monent.
1784 3038 1900 3095 Dan
1928 3038 2096 3109 igitur

511 3133 608 3198 ait,
638 3131 745 3187 hoc
768 3138 852 3195 est
877 3129 955 3183 illi
978 3128 1076 3199 qui
1115 3134 1268 3183 stato
1295 3135 1543 3199 tempore
1563 3128 1837 3199 eligentur
1859 3128 1927 3201 ad
1944 3129 2093 3200 judi-

511 3219 970 3291 candospopulos
990 3228 1046 3275 et
1064 3228 1275 3289 gentes,
1292 3219 1431 3274 adeo
1448 3226 1703 3289 potenter
1721 3219 2090 3290 imperabunt,

511 3321 569 3377 et
599 3327 727 3367 cum
752 3319 920 3371 :tanto
959 3310 1251 3380 splendore
1284 3325 1350 3365 ac
1380 3310 1574 3381 gloria,
1615 3319 1818 3380 quanta
1851 3326 1955 3364 una
1989 3312 2092 3364 tri-

512 3405 617 3463 bus
646 3420 716 3460 ex
751 3402 917 3460 Israel
940 3401 1206 3473 regnavit.
1231 3401 1419 3457 lnnuit
1450 3411 1634 3456 autem
1667 3402 1915 3467 omnino,
1940 3403 2093 3458 arbi-

512 3502 659 3569 tror,
688 3498 1007 3562 regnantem
1045 3490 1249 3545 tribum
1276 3490 1452 3555 Juda,
1497 3497 1556 3545 et
1582 3506 1705 3545 .non
1733 3491 1917 3545 aliam.
1960 3491 2094 3557 Quis

512 3586 661 3640 enim
687 3582 1026 3639 dubitaverit
1063 3583 1196 3653 quin
1222 3581 1300 3637 illi
1324 3582 1418 3653 qui
1469 3583 1632 3638 electi
1657 3592 1787 3638 sunt
1816 3583 2094 3654 principes

511 3675 725 3742 mundi,
751 3675 808 3729 in
836 3673 1074 3729 maximo
1097 3673 1207 3729 sint
1233 3674 1433 3744 pretio,
1456 3680 1621 3743 atque
1640 3689 1857 3729 summo
1881 3658 2097 3731 honore,

510 3766 1150 3840 prosequendiaC‘hristi
1175 3766 1511 3822 cultoribus?
1531 3766 1922 3825 Verumtamen
1944 3768 2091 3838 quod

510 3863 756 3932 ipsorum
777 3859 1070 3931 imperium
1101 3874 1212 3913 non
1236 3859 1308 3915 sit
1330 3859 1578 3929 futurum
1598 3875 1794 3931 expers
1815 3876 2090 3933 aerumnae

510 3970 666 4018 rum,
708 3952 995 4023 sedquod
1044 3952 1233 4008 multis
1268 3950 1885 4023 .innumerabilibusque
1932 3953 2090 4008 malis

508 4046 621 4102 sint
645 4044 914 4109 tentandi,
942 4059 1123 4114 neque
1152 4043 1432 4098 inventuri
1462 4043 1571 4098 sint
1595 4043 1932 4113 apostolatus
1957 4060 2087 4099 cur-

508 4151 630 4192 sum
657 4136 957 4191 immunem
977 4151 1042 4191 ac
1067 4135 1306 4190 liberum
1328 4151 1359 4190 a
1378 4135 1661 4205 periculis,
1685 4134 1857 4189 veluti
1881 4136 1937 4190 in
1960 4143 2088 4207 typo

506 4227 925 4292 demonstravit,
946 4226 1171 4289 dicens:
1206 4244 1224 4278 ι
1258 4225 1377 4283 Fiat
1396 4226 1532 4291 Dan,
1565 4246 1583 4278 ι
1610 4226 1716 4281 hoc
1736 4235 1840 4292 est,
1867 4226 2089 4282 futurus

504 4327 591 4376 est
616 4319 1378 4391 Danpopuluspersequens,
1414 4336 1432 4369 ι
1477 4325 1737 4387 tanquam
1766 4332 1993 4387 serpens
2029 4317 2089 4372 in

506 4411 595 4467 v'ia
651 4426 1029 4475 commorans,
1088 4412 1145 4467 in
1199 4410 1393 4464 semita
1454 4409 1712 4464 mordens
1767 4408 2086 4463 calcaneum

504 4503 634 4573 equi
662 4501 729 4568 °'*,
759 4522 777 4553 ι
806 4501 968 4571 230
990 4501 1095 4557 hoc
1115 4509 1218 4568 est,
1258 4500 1431 4556 ardua
1456 4508 1512 4555 et
1536 4499 1938 4570 inexplicabilia
1981 4499 2084 4555 do-

1515 458 1572 515 S.
1616 460 1889 515 CYRILLI
1930 460 2398 518 ALEXANDRINI
2434 460 2752 517 ARCHIEP.

426 612 439 624 κ
522 575 889 633 militudinem
903 572 1128 630 Christi.
1141 571 1399 627 inclamat
1413 580 1595 627 autem
1605 573 1738 628 alibi
1755 573 1917 629 nobis
1932 571 2092 628 etiam

2201 590 2338 644 τητα
2376 573 2469 627 τοῦ
2504 571 2763 645 Χριστοῦ.
2798 571 3139 644 Διακέκραγε
3170 572 3226 626 δέ
3270 590 3371 627 που
3409 573 3501 627 καὶ
3531 575 3560 627 ὁ
3600 575 3772 643 μέγας

3670 462 3771 517 364

2196 666 2330 735 ἡμῖν
2373 665 2629 729 Ἡσαΐας,
2667 665 2767 736 τήν
2808 681 2866 717 τε
2898 664 3062 717 αὐτοῦ
3102 664 3193 717 τοῦ
3224 663 3460 735 Χριστοῦ
3491 664 3771 735 θεοπρεπῆ

2200 755 2496 827 βασιλείαν,
2561 756 2653 809 καὶ
2701 756 2801 825 τὴν
2852 756 3032 809 αὐτῶν
3075 756 3185 808 τῶν
3237 756 3410 821 ἁγίων
3452 756 3769 811 ἀποστόλων

2198 848 2500 919 ἀνάρρησιν
2558 846 2779 917 ἐμφανῆ
2820 846 3116 910 καθιστάς·
3165 865 3185 898 ι
3242 846 3374 900 Ἰδοὺ
3421 847 3486 918 δὴ
3514 846 3770 916 βασιλεὺς

2196 939 2404 1004 δίκαιος
2434 939 2779 1010 βασιλεύσει,
2810 940 2905 993 καὶ
2933 939 3194 1009 ἄρχοντες
3233 938 3374 1008 μετὰ
3406 940 3642 1009 κρίσεως
3672 940 3777 1011 ἄρ-

2202 1027 2371 1096 ξουσι.
2413 1050 2433 1083 ι
2471 1031 2646 1085 Πάλαι
2676 1030 2773 1100 μὲν
2801 1030 2909 1101 γάρ
2935 1029 3248 1083 ἐϐασίλευον
3284 1030 3382 1100 τῆς
3420 1030 3776 1101 Ἰερουσαλὴμ

2197 1125 2248 1178 οἱ
2269 1126 2332 1178 ὲκ
2361 1124 2458 1194 τῆς
2493 1122 2660 1176 Ἰούδα
2685 1121 2855 1192 φυλῆς
2880 1138 2893 1150 ·
2929 1122 3223 1191 τετάχαντο
3246 1120 3303 1174 δὲ
3327 1121 3463 1192 πρὸς
3487 1122 3548 1175 τὸ
3568 1121 3776 1192 κρίνειν

2197 1219 2247 1270 cl
2279 1218 2344 1286 τῇ
2377 1215 2509 1286 ἁγίᾳ
2535 1216 2707 1284 σκηνῇ
2738 1212 3213 1284 προσεδρεύοντες,
3249 1214 3342 1266 καὶ
3370 1208 3460 1266 τδν
3490 1213 3590 1283 τῆς
3616 1216 3778 1284 ἱερω-

2201 1308 2366 1380 σύνης
2393 1308 2649 1378 λαχόντες
2681 1305 2884 1375 κλῆρον
2910 1322 2925 1338 ·
2975 1324 2995 1358 ι
3039 1305 3210 1375 Χείλη
3237 1305 3347 1377 γάρ
3372 1306 3566 1375 ἱερέως
3605 1303 3779 1374 φυλά-

2198 1400 2349 1467 ξεται
2376 1401 2574 1472 κρίσιν,
2605 1401 2699 1453 καὶ
2721 1400 2881 1468 νόμον
2902 1398 3288 1468 ἐκζητήσωσιν
3313 1400 3377 1451 ἐκ
3396 1398 3661 1468 πόματος
3678 1397 3780 1451 αὐ·-

2198 1493 2315 1547 τοῦ.
2355 1512 2374 1545 ι
2425 1491 2645 1561 Ἐπειδὴ
2670 1490 2726 1543 δὲ
2747 1491 2845 1561 τῆς
2866 1492 2925 1543 ὲν
2947 1490 3096 1559 νόμῳ
3118 1490 3276 1552 σκιᾶς
3289 1488 3459 1543 οίονεὶ
3491 1488 3781 1542 συνεσταλ-

2204 1578 2390 1650 μένης,
2421 1578 2515 1632 καὶ
2536 1579 2632 1649 τῆς
2651 1580 2709 1631 ὲν
2741 1577 3015 1647 πνεύματί
3037 1594 3097 1630 τε
3131 1577 3226 1631 καὶ
3251 1576 3486 1647 ἀληθοῦς
3518 1578 3777 1648 λατρείας

2199 1669 2691 1739 εἰσκεκομισμένης
2723 1668 2811 1722 διὰ
2836 1664 3105 1738 Χριστοῦ,
3134 1666 3531 1737 λαμπροτέρων
3560 1666 3665 1721 ἔδει
3698 1667 3778 1737 τῷ

2202 1761 2395 1832 κόσμῳ
2432 1760 2635 1831 κριτῶν
2665 1800 2683 1828 ,
2731 1761 3107 1830 είσκέκληνται
3143 1760 3278 1830 πρὸς
3320 1758 3478 1813 τοῦτο
3510 1758 3693 1812 λοιπὸν
3724 1760 3778 1812 oi

2201 1850 2479 1905 θεσπέσιοι
2504 1850 2765 1921 μαθηταὶ,
2784 1851 2878 1904 καὶ
2902 1853 2988 1914 είς
3015 1851 3105 1903 τὸν
3127 1850 3235 1904 τῶν
3265 1851 3407 1915 κατά
3442 1851 3605 1920 νόμον
3635 1850 3777 1904 καθ-

2128 1936 2172 1992 Β
2199 1938 2423 2014 ητγητῶν
2450 1945 2788 2015 εἰσέφρησαν
2810 1943 3033 2013 κλῆρον.
3068 1945 3355 2013 Τοιγάρτοι
3386 1943 3521 2013 πρὸς
3550 1943 3649 2013 μὲν
3675 1942 3777 2013 τὴν

2210 2038 2477 2093 Ἰουδαίων
2514 2036 2757 2109 μητέρα,
2792 2038 2937 2107 φημὶ
2980 2036 3044 2105 δὴ
3077 2034 3173 2105 τὴν
3222 2033 3601 2105 Ἰερουσαλὴμ,
3655 2033 3777 2087 ἐλέ-

2197 2145 2326 2196 γετο
2359 2128 2510 2199 παρά
2539 2126 2634 2180 τοῦ
2661 2126 2795 2179 Θεοῦ
2827 2124 2916 2179 διὰ
2950 2125 3048 2195 τῆς
3082 2125 3180 2179 τοῦ
3206 2125 3515 2189 Ψάλλοντος
3548 2125 3736 2194 φωνῆς
3758 2140 3775 2155 ο

2203 2238 2222 2270 ι
2267 2218 2412 2272 Ἀντὶ
2439 2218 2545 2271 τῶν
2570 2217 2818 2288 πατέρων
2849 2233 2943 2269 σου
2961 2215 3324 2288 ἐγεννήθησαν
3353 2216 3457 2269 υἱοί
3484 2232 3601 2275 σου,
3622 2232 3780 2268 »τους

2194 2312 2397 2374 τὲστιν,
2426 2311 2490 2364 υἱ
2529 2310 2613 2363 σοὶ
2639 2308 3070 2380 χρηματίζοντες
3094 2308 3224 2371 υἱοὶ,
3252 2307 3350 2378 τὴν
3378 2308 3488 2361 τῶν
3520 2310 3776 2377 πατέρων

2196 2404 2349 2471 τάξιν
2383 2403 2649 2474 διέλαχον.
2678 2402 2827 2473 Πρὸς
2847 2402 2906 2456 δέ
2929 2417 2993 2470 γε
3018 2401 3109 2455 τὸν
3137 2401 3341 2472 Κύριον
3372 2401 3530 2470 ἡμῶν
3565 2400 3776 2469 Ἰησοῦν

2196 2497 2460 2567 Χριστόν·
2494 2516 2519 2550 ι
2552 2497 2930 2564 Καταστήσεις
2956 2494 3153 2558 αὐτοὺς
3180 2494 3445 2565 ἄρχοντας
3470 2492 3568 2546 ἐπὶ
3592 2493 3777 2546 πᾶσαν

2196 2591 2296 2660 τὴν
2316 2589 2439 2659 γῆν.
2482 2609 2504 2642 ο
2547 2589 2613 2642 ’Ὀ
2643 2587 2705 2658 δὴ
2738 2587 2832 2641 καὶ
2858 2589 2938 2650 είς
2967 2586 3138 2657 πέρας
3163 2585 3521 2657 ὲνηνεγμένον
3562 2584 3661 2637 ἴδοι
3690 2601 3778 2649 τις

2197 2683 2281 2738 ἄν.
2315 2680 2617 2752 Ἀρχοντας
2646 2679 2756 2749 γὰρ
2783 2678 3145 2749 πεποιήμεθα,
3178 2678 3272 2732 καὶ
3300 2677 3495 2748 κριτὰς
3534 2677 3775 2748 ἐσχήκα-

2200 2790 2298 2845 μεν
2330 2770 2770 2840 οἰκούμενικοὺς,
2819 2768 2944 2832 τοὺς
2983 2769 3173 2836 ἁγίους
3225 2767 3491 2838 μαθητὰς,
3534 2760 3610 2821 ὧν
3650 2770 3776 2831 ταῖς

2197 2864 2496 2934 ὑποθήκαις
2525 2863 2622 2916 καὶ
2650 2861 2782 2914 αὐτὸ
2806 2860 2866 2913 τὸ
2894 2859 3130 2929 Χριστοῦ
3163 2859 3401 2912 λαλεῖται
3433 2859 3771 2929 μυστήριον,

2195 2956 2427 3023 ἐπείπερ
2459 2953 2596 3007 είσὶν
2626 2952 2781 3005 αὐτοὶ
2802 2951 2896 3005 καὶ
2924 2950 3119 3020 ταμίαι
3151 2949 3246 3003 τοῦ
3276 2948 3541 3013 σώζοντος
3573 2948 3734 3016 λόγου
3752 2986 3767 3008 .

2195 3044 2425 3099 καὶτῶν
2459 3042 2748 3115 πρακτέων
2788 3040 3098 3111 είσηγηταίσ
3133 3040 3195 3093 τὸ
3226 3039 3325 3109 μὲν
3354 3039 3477 3091 ὅσον
3516 3038 3634 3091 ἐστὶ
3658 3041 3773 3101 τοῖς

2197 3137 2607 3206 παιδευομένοις
2640 3132 2925 3197 ἀσυντελὲς
2954 3133 3031 3194 είς
3051 3131 3236 3202 ὄνησιν
3259 3130 3334 3194 ὼς
3360 3129 3614 3201 κίϐδηλον
3637 3129 3773 3185 άπο-
3821 3147 3825 3151 '

2197 3227 2475 3298 κρίνοντες
2499 3263 2515 3288 ,
2541 3222 2900 3278 εἰσποιεῖσθαι
2939 3239 3003 3290 γε
3041 3221 3145 3293 μὴν
3171 3221 3253 3274 ὅτι
3287 3221 3487 3292 πρέποι
3512 3220 3571 3273 τὸ
3597 3238 3777 3290 πεφυ-

2196 3318 2292 3381 κὸς
2327 3316 2556 3385 ὠφελεῖν
2589 3312 3065 3384 συμϐουλεύοντες.
3114 3311 3221 3367 Δάν
3250 3312 3428 3366 τοίνυν
3458 3311 3611 3383 φησὶ.
3647 3327 3777 3365 του-

2193 3409 2397 3471 τέστιν,
2432 3408 2593 3479 οἵπερ
2625 3407 2692 3461 ἂν
2719 3406 2857 3468 ὅλως
2900 3402 3332 3476 προχειρισθεῖεν
3360 3402 3504 3458 κατὰ
3543 3402 3776 3475 καιροὺς

2195 3498 2290 3553 ἐπὶ
2319 3497 2381 3551 τὸ
2419 3497 2626 3567 κρίνειν
2656 3494 2784 3564 ἔθνη
2812 3496 2905 3549 καὶ
2935 3494 3131 3559 λαοὺς,
3158 3492 3300 3546 οὕτω
3330 3491 3659 3563 κατάρξουσι
3681 3492 3778 3555 δυο

2192 3588 2370 3650 νατῶς
2386 3587 2479 3639 καὶ
2500 3587 2597 3639 σὺν
2610 3585 2829 3657 εὐκλείᾳ
2856 3584 3044 3655 πολλῇ,
3069 3582 3318 3655 καθάπερ
3340 3583 3530 3653 ἀμέλει
3554 3585 3649 3636 καὶ
3672 3583 3775 3654 μία

2193 3678 2331 3748 φυλὴ
2354 3676 2459 3730 τῶν
2481 3676 2541 3741 ἐξ
2573 3675 2806 3747 Ἰσραήλ.
2823 3677 2960 3745 Φησὶ
2974 3674 3055 3737 δὲ,
3070 3670 3243 3745 οἶμαι,
3268 3672 3364 3745 τὴν
3384 3672 3775 3745 βασιλεύουσαν

2192 3769 2289 3839 τὴν
2315 3767 2480 3822 Ἰούδα
2497 3768 2733 3831 πάντως,
2752 3768 2846 3820 καὶ
2856 3768 2954 3837 οὐχ
2970 3765 3313 3835 ὲτέραν.”οτι
3325 3765 3435 3835 γὰρ
3448 3765 3776 3835 ἐκτετίμην-

2189 3880 2302 3927 ται,
2333 3861 2427 3915 καὶ⁵
2454 3863 2533 3925 είς
2548 3862 2715 3931 ἄκρον
2732 3860 2927 3930 ἥκουσι
2944 3858 3125 3929 δόξης,
3150 3858 3306 3929 ,παρά
3324 3873 3389 3925 γε
3413 3859 3528 3921 τοῖς
3545 3856 3638 3909 τοῦ
3663 3857 3777 3910 Σω-

2190 3954 2354 4023 τῆρος
2370 3953 2794 4023 προσκυνηταῖς,
2824 3952 2874 4004 οἱ
2903 3950 3032 4019 παρ’
3059 3948 3223 4002 αὑτοῦ
3257 3947 3773 4020 προκεχειρισμένον.

2188 4044 2288 4115 τῆς
2312 4045 2402 4113 ὑφ’
2418 4044 2552 4114 ἡλίῳ
2565 4042 2896 4113 καθηγηταὶ,
2914 4040 3028 4103 πῶς
3043 4039 3190 4094 ἔστιν
3215 4039 3601 4111 ἀμφιδάλλειν;
3621 4039 3772 4112 Πλὴν

2188 4135 2346 4189 ὅτιτὸ
2368 4133 2556 4205 ἄρχειν
2582 4134 2765 4196 αὐτοῖς
2780 4134 2878 4188 οὐκ
2894 4133 3269 4205 ἀταλαίπωρον
3297 4132 3448 4186 ἔσται
3466 4130 3768 4196 παντελῶς,

2188 4224 2412 4297 ἔμελλον
2438 4225 2494 4277 δὲ
2523 4222 2731 4277 πολλῶν
2766 4224 2860 4278 καὶ
2897 4224 3284 4295 ἀναριθμήτων
3336 4221 3629 4295 πειρᾶσθαι
3667 4238 3770 4275 κα-

2188 4314 2904 4385 κῶνοπαρᾳποδισθήσονται
2923 4312 2977 4365 δὲ
3000 4314 3079 4365 ὅτι
3109 4313 3204 4366 καὶ
3230 4312 3328 4366 ούκ
3355 4312 3433 4375 είς
3452 4311 3770 4387 ἆπανεύρῆ-

2190 4424 2341 4461 σουσι
2361 4408 2459 4477 τῆς
2476 4406 2777 4474 ἀποστολῆς
2791 4407 2883 4459 τὸν
2905 4406 3101 4476 δρόμον
3128 4405 3387 4459 κινδύνων
3403 4403 3765 4479 ἀπηλλαγμέ-

2187 4515 2296 4565 νον,
2316 4498 2391 4562 ὡς
2415 4499 2471 4550 ἐν
2493 4498 2648 4569 τύπῳ
2678 4496 3118 4568 παραδείγματος
3146 4497 3533 4572 ὑπεμφήνειεν,
3570 4499 3765 4560 εἰπὼν,

504 4600 686 4665 gmata
728 4607 1057 4662 proponens.
1086 4588 1298 4645 Morsus
1341 4590 1488 4645 enim
1521 4589 1832 4661 viperarum
1859 4588 2089 4645 inevita-

2192 4590 2273 4643 ὅτι
2309 4608 2326 4641 ι
2366 4588 2658 4660 Γενηθήτω
2680 4589 2805 4643 Δάνδ
2839 4604 2866 4641 1
2890 4589 3010 4644 ἀντὶ
3054 4590 3169 4655 τοῦ,
3212 4592 3361 4645 ἔσται
3386 4591 3447 4645 τὸ
3479 4592 3583 4645 Δάν
3605 4594 3632 4644 ὁ
3656 4581 3768 4643 τῶν

506 4683 647 4740 biles
676 4681 1079 4756 quodammodo
1104 4687 1253 4746 sunt,
1285 4681 1499 4736 etiamsi
1524 4682 1579 4735 in
1608 4680 1786 4752 ipsum
1813 4680 1943 4735 [iant
1968 4681 2083 4736 cal-

504 4786 756 4829 caneum,
796 4789 812 4821 ι
842 4768 963 4841 ipse
985 4770 1154 4834 enim,
1178 4769 1275 4833 ait,
1303 4769 1618 4824 obscrvabit
1641 4776 1804 4840 caput
1828 4780 2006 4836 tuum,
2028 4780 2086 4826 et

505 4873 562 4921 tu
590 4862 909 4921 observabis
934 4863 1249 4917 calcaneum
1276 4861 1423 4916 illius
1445 4861 1512 4915 “.
1546 4881 1564 4913 ι
1590 4860 1671 4917 ita
1705 4862 1854 4916 enim
1881 4862 2083 4918 sanctis

502 4954 766 5026 apostolis
791 4961 918 5010 sunt
957 4953 1219 5019 insidiati,
1248 4961 1306 5008 ut
1345 4952 1511 5008 etiam
1550 4960 1785 5007 mortem
1819 4967 2083 5023 corpora—

502 5045 610 5101 lem
645 5045 779 5115 ipsis
811 5044 1119 5101 intulerint.
1145 5042 1301 5100 Unde
1343 5045 1448 5101 tale
1485 5042 1618 5115 quid
1657 5060 1753 5100 eos
1794 5059 2088 5115 perpessos

501 5148 621 5189 esse
645 5134 900 5202 dicimus,
927 5132 1235 5207 cujusmodi
1259 5140 1543 5205 pateretur
1572 5148 1763 5204 eques,
1787 5132 1832 5189 si
1866 5133 2086 5189 labente

503 5238 648 5295 equo
679 5223 873 5280 solutis
911 5226 1313 5295 posterioribus
1341 5225 1602 5296 pedibus,
1645 5224 1888 5279 insessor
1929 5222 2084 5293 supi-

509 5329 613 5368 nus
643 5315 699 5368 in
733 5323 930 5369 terram
963 5317 1229 5386 procidat,
1257 5323 1580 5387 exspectans
1611 5315 1704 5388 qui
1744 5331 1904 5387 opem
1944 5314 2085 5369 lerat

503 5419 567 5458 ac
593 5405 782 5460 salvet.
811 5404 1139 5477 Exspectant
1179 5418 1363 5462 autem
1403 5408 1568 5461 etiam
1609 5406 1783 5461 divini
1823 5406 2080 5476 discipuli

503 5502 873 5567 Opportunum
896 5511 1008 5553 suae
1039 5496 1223 5568 gloriae
1254 5506 1310 5552 et
1347 5498 1537 5552 salutis
1567 5509 1803 5568 tempus,
1837 5514 1947 5569 quo
1977 5512 2077 5551 vo-

500 5588 772 5645 cabuntur
806 5588 859 5643 in
904 5604 1126 5660 regnum
1165 5589 1547 5644 inconcussum
1586 5597 1747 5659 atque
1790 5591 2078 5659 sempiter-

504 5695 656 5748 num,
688 5681 1022 5738 acclamante
1063 5684 1144 5737 eis
1176 5682 1396 5760 Christo
1440 5699 1454 5735 :
1496 5701 1513 5732 ι
1543 5680 1756 5749 Venite,
1802 5680 2076 5738 benedicti

2185 4681 2499 4733 διωκόντων
2520 4680 2712 4751 δῆμος,
2754 4701 2773 4733 ι
2808 4680 2883 4745 ὡς
2925 4681 3051 4754 ὄφις
3112 4682 3169 4735 ὲν
3196 4680 3299 4753 ὀδῷ
3328 4682 3633 4753 καθήμενος
3671 4683 3768 4735 ἐπὶ

2185 4771 2372 4845 τρίϐου
2397 4771 2606 4825 δάκνων
2637 4771 2873 4845 πτέρναν
2900 4773 3091 4836 ἵππου,
3133 4791 3151 4825 ι
3179 4774 3460 4839 τουτέστι,
3495 4773 3643 4827 δεινὰ
3669 4775 3767 4828 καὶ

2186 4860 2403 4932 ἄφυκτα
2416 4861 2661 4934 δόγματα
2683 4863 2872 4928 διδούς.
2890 4865 3178 4935 Τοιγάρτοι
3198 4864 3304 4918 τῶν
3328 4866 3493 4936 ἔχεων
3508 4865 3765 4936 δήγματα

2185 4953 2556 5023 δυσδιάφυκτά
2577 4954 2692 5020 πῶς
2713 4957 2869 5020 εἰσιν,
2901 4959 2948 5009 εί
2974 4957 3066 5009 καὶ
3098 4957 3177 5021 είς
3199 4956 3368 5026 αὐτὴν
3396 4957 3634 5025 γένοιντο
3662 4956 3764 5027 τὴν

2187 5043 2447 5113 πτέρναν.
2492 5060 2510 5094 ι
2551 5045 2722 5108 Αὐτὸς
2748 5046 2855 5116 γάρ
2886 5060 2999 5104 σου.
3034 5045 3167 5116 φησὶ
3194 5085 3208 5111 ,
3238 5048 3468 5117 τηρήσει
3494 5047 3763 5116 κεφαλὴν,

2185 5135 2280 5189 καὶ
2310 5136 2375 5188 σὺ
2409 5137 2669 5208 τηρήσεις
2694 5135 2860 5190 αὐτοῦ
2899 5138 3184 5207 πτέρναν.»
3234 5135 3667 5191 Ἐπεϐούλευσαν
3705 5137 3763 5189 δὲ

2183 5226 2327 5280 οὕτω
2369 5227 2514 5290 τινὲς
2560 5229 2674 5291 τοῖς
2708 5227 2883 5296 ἁγίοις
2922 5228 3276 5293 ἀποστόλοις,
3323 5227 3398 5291 ὡς
3449 5228 3545 5282 καὶ
3595 5227 3762 5297 utith

2182 5319 2481 5388 ἐπαγαγεῖν
2498 5318 2588 5371 τὸν
2608 5317 2708 5390 τῆς
2729 5318 2927 5389 σαρκὸς
2950 5319 3197 5375 θάνατον.
3222 5321 3331 5373 Καὶ
3356 5321 3417 5389 δή
3444 5337 3500 5372 τι
3520 5318 3762 5373 τοιοῦτον

2185 5408 2486 5479 ὑποστῆναί
2518 5424 2698 5479 φαμεν
2725 5409 2941 5473 αὐτοὺς,
2979 5410 3162 5463 ὁποῖον
3204 5410 3270 5464 ἂν
3308 5412 3454 5483 πάθῃ
3488 5413 3647 5482 τυχὸν
3674 5415 3762 5464 ἰπ-

2186 5500 2342 5565 πεὺς,
2377 5501 2706 5563 ὀκλάσαντος
2744 5501 2912 5553 ἵππου
2933 5542 2946 5567 ,
2980 5503 3073 5554 καὶ
3103 5503 3295 5556 ἀνόπιν
3334 5502 3522 5577 ὥσπερ
3562 5506 3759 5575 ὑφιζηο

2187 5590 2363 5655 κότος.
2405 5591 2863 5662 Ὑπτιασθήσεται
2892 5591 2996 5663 γὰρ
3026 5594 3054 5646 ὁ
3077 5593 3364 5666 ἐπιϐάτης,
3401 5597 3495 5648 καὶ
3524 5598 3604 5661 είς
3630 5596 3754 5666 γῆν.

2186 5679 2359 5754 οἶμαι,
2433 5683 2637 5751 πεσὼν,
2668 5685 2951 5756 περιμενεῖ
2973 5685 3065 5740 τὸν
3103 5684 3363 5751 σώζοντα.
3397 5688 3757 5761 Περιμενοῦσι

577 5861 957 5931 “‘Isa.xxxn,
1004 5862 1092 5918 22.
1171 5864 1213 5896 ⁶²
1245 5862 1473 5917 Malach.
1522 5879 1580 5929 ιι,
1609 5865 1660 5918 7.
1739 5866 1783 5898 “
1820 5864 1960 5920 Psal.
2020 5880 2092 5919 xu

2201 5865 2286 5919 l7.
2347 5866 2415 5949 ξι
2435 5866 2571 5923 Gen.
2609 5882 2752 5936 nni,
2781 5832 2869 5921 l7.
2946 5866 2991 5900 "
3014 5867 3163 5926 Gen.’
3185 5886 3263 5938 ιιι,
3293 5871 3377 5927 15.
