4060 6478
356 432 472 489 365

1331 436 1855 492 GLAPIIYRORUM
1898 437 1963 491 IN
2005 436 2306 494 GENESIM
2347 441 2478 496 LIB.
2522 441 2632 498 VII.

3543 442 3652 499 366

355 545 421 602 δι
441 549 493 601 οἱ
527 547 812 602 θεσπέσιοι
841 550 1084 622 μαθηταὶ
1112 551 1204 604 τὸν
1233 552 1330 623 τῆς
1352 553 1564 608 ἑαυτῶν
1594 553 1754 624 δόξης
1776 571 1834 606 τε
1864 555 1960 608 καὶ

2066 555 2244 611 Patris
2265 557 2396 623 mei,
2426 559 2704 628 possidete
2737 577 2970 634 regnum
2997 563 3156 620 vobis
3177 579 3208 618 a
3231 563 3422 618 mundi
3451 566 3656 620 consti-

359 641 644 712 σωτηρίας
659 644 874 710 καιρὸν,
896 643 1018 697 καθ’
1035 644 1093 697 ὃν
1108 646 1555 717 είσκεκλήσονται
1579 649 1658 711 είς
1685 647 1961 718 βασιλείαν

355 734 672 806 ἀκλόνητον
722 737 817 790 καὶ
865 735 1111 804 αἰώνιον,
1164 738 1570 808 ὲπιφωνοῦντος
1632 741 1819 804 αὐτοῖς
1865 739 1960 794 τοῦ

355 825 606 898 Χριστοῦ
631 843 648 859 ο
685 847 704 880 ι
745 827 945 892 Δεῦτε,
985 830 1032 883 oi
1061 830 1422 900 εὐλογημένοι
1444 831 1538 886 τοῦ
1577 833 1793 904 Πατρός
1831 849 1958 902 μου,

356 918 818 992 κληρονομήσατε
845 921 944 993 τὴν
973 923 1381 995 ἡτοιμασμένην
1405 925 1532 995 ὑμῖν
1555 923 1835 994 βασιλείαν
1855 924 1964 978 ἀπὸ

351 1013 676 1084 καταϐολῆς
700 1015 795 1068 τοῦ
817 1015 1047 1087 κόσμου.
1083 1036 1102 1069 ι
1138 1016 1464 1071 Τετελέκασι
1494 1017 1604 1088 γὰρ
1625 1017 1715 1070 τὸν
1741 1017 1959 1088 δρόμον,

346 1109 700 1179 τετηρήκασι
732 1109 787 1162 δὲ
817 1109 914 1163 καὶ
951 1109 1050 1181 τὴν
1078 1109 1280 1165 πίστιν.
1327 1108 1538 1164 Οὐκοῦν
1577 1109 1669 1163 τὸν
1709 1109 1962 1180 ἀμάραν-

345 1216 447 1252 τον
504 1201 609 1270 τῆς
654 1200 814 1270 δόξης
868 1201 1301 1272 ἁποκομιοῦνται
1347 1201 1632 1270 στέφανον.
1685 1203 1749 1255 Εἰ
1795 1201 1852 1253 δὲ
1897 1200 1960 1270 δὴ

347 1289 608 1360 βούλοιτό
645 1309 733 1354 τις
777 1293 901 1363 οὐχὶ
947 1292 1026 1363 τῷ
1064 1293 1172 1348 Δὰν
1215 1292 1438 1346 ἔσεσθαί
1481 1309 1634 1356 τινας
1683 1292 1761 1356 ὡς
1808 1292 1964 1361 ὄφεις

346 1380 780 1450 ἐγκαθημένους
812 1381 938 1454 ὁδῷ,
971 1382 1086 1436 ἀλλ’
1112 1382 1276 1436 αὑτὸν
1299 1382 1508 1454 ἑτέροις
1544 1381 1963 1435 ἐπιϐουλεύσειν

347 1471 447 1523 τὸν
477 1471 618 1522 Δάν·
652 1472 833 1524 έκεῖνο
858 1471 1112 1544 ἐροῦμεν,
1142 1473 1225 1526 ὅτι
1257 1473 1318 1526 τὸ
1360 1472 1569 1543 κρίνειν
1602 1489 1658 1526 τε
1697 1472 1792 1526 καὶ
1823 1472 1961 1526 καθ-

347 1563 614 1632 ηγεῖσθαι
651 1564 798 1618 λαῶν
840 1565 1056 1636 ἔχοντες
1093 1567 1142 1620 οἱ
1184 1567 1535 1638 Γραμματεῖς
1571 1584 1632 1620 τε
1659 1567 1756 1620 καὶ
1795 1568 1962 1640 Φαρι-

349 1658 518 1716 σαῖοι,
551 1658 900 1728 πικροτάτων
921 1659 1095 1730 ἔχεων
1114 1660 1419 1730 ἐπεφύοντο
1440 1659 1598 1730 δίκην
1614 1659 1692 1730 τῷ
1713 1657 1957 1730 Χριστῷ,

349 1751 450 1803 καὶ
489 1751 657 1803 οἱονεί
680 1769 798 1815 πως
832 1753 1006 1806 ἱππέα
1038 1752 1128 1806 διὰ
1151 1752 1316 1824 ψιλῆς
1341 1770 1402 1806 τε
1423 1754 1518 1807 καὶ
1551 1753 1701 1816 λείας
1728 1753 1960 1825 ᾅττοντα

350 1841 570 1912 τρίϐου,
625 1841 873 1913 δήγμασι
904 1843 1358 1915 παρακόπτοντες
1393 1845 1623 1908 ἀνοσίως
1649 1845 1956 1913 ἡλίσκοντο.

2067 650 2280 706 tutione
2300 662 2550 720 paratum
2573 655 2637 708 °“.
2652 654 3150 714 »Consummarunt
3166 657 3314 712 enim
3331 673 3576 720 cursum,
3600 671 3657 712 ct

2066 739 2230 796 ﬁdem
2270 756 2596 811 servarunt,
2651 746 2887 818 ideoque
2929 765 3192 804 coronam
3236 748 3424 820 gloriae
3469 762 3659 819 repor-

2065 832 2262 890 tabunt
2294 835 2812 895 immarcescibilem
2839 842 2926 896 σε’.
2969 843 3164 908 Ροιτο,
3185 843 3232 898 si
3268 841 3394 913 quis
3415 849 3660 896 statuere

2063 927 2199 981 velit
2223 944 2336 982 non
2373 928 2592 985 futuros
2613 947 2736 987 csse
2772 935 2890 989 Dan
2917 935 3060 991 ullos
3088 945 3348 1006 tanquam
3373 942 3660 1005 serpentes

2065 1018 2372 1076 insidentes
2409 1022 2532 1087 viae,
2561 1024 2658 1078 sed
2699 1025 2878 1095 ipsum
2916 1028 3033 1083 Dan
3067 1028 3190 1084 aliis
3228 1029 3657 1092 insidiaturum,

2065 1119 2182 1167 tum
2213 1113 2350 1169 illud
2388 1115 2648 1182 dicimus,
2697 1119 2847 1188 quod
2892 1119 3100 1176 Scribe
3137 1130 3193 1176 et
3216 1121 3478 1177 Pharisaei
3505 1121 3658 1192 judi~

2063 1205 2213 1259 cium
2255 1207 2466 1276 pariter
2505 1217 2563 1263 et
2595 1209 2966 1281 principatum
3009 1212 3345 1279 obtinentes,
3377 1214 3548 1269 instar
3575 1225 3658 1270 te-

2064 1297 2419 1353 terrimarum
2457 1300 2778 1371 viperarum
2822 1303 3094 1360 irruerint
3135 1305 3190 1359 in
3237 1304 3552 1371 Christum,
3597 1322 3660 1362 ac

2065 1390 2225 1460 quasi
2244 1391 2489 1461 equitem
2516 1408 2616 1462 per
2641 1404 2932 1463 angustam
2953 1397 3313 1467 glabramquc
3337 1398 3480 1452 viam
3502 1398 3659 1453 festiv

2066 1491 2293 1538 nantem
2336 1483 2615 1540 morsibus
2635 1484 2880 1552 inﬂictis,
2905 1487 3075 1558 impie
3099 1489 3366 1560 ceperint.
3386 1488 3658 1546 Caeterum

2062 1573 2278 1629 etiamsi
2305 1591 2475 1645 eques
2509 1577 2793 1644 ceciderit,
2821 1579 3013 1634 volens
3049 1589 3282 1636 mortem
3315 1583 3496 1637 carnis
3529 1598 3658 1653 per-

2063 1680 2277 1736 pessus,
2313 1675 2496 1721 tamen
2537 1667 2741 1723 iterum
2781 1671 3096 1738 reviviscet,
3128 1673 3536 1730 constituturus
3556 1676 3660 1731 Pa-

2062 1768 2202 1814 trem
2229 1759 2538 1830 adjutorem
2577 1767 2743 1831 atque
2769 1763 3180 1833 opitulatorem.
3206 1765 3343 1820 Nam
3379 1783 3504 1822 cum
3543 1768 3661 1838 ipse.

2062 1849 2134 1904 sit
2163 1850 2261 1904 Dei
2286 1865 2349 1906 ac
2373 1851 2554 1906 Patris
2588 1853 2857 1922 potentia,
2887 1870 3048 1910 suum
3079 1855 3255 1926 ipsius
3279 1858 3544 1928 templum
3573 1861 3660 1913 vi-s

364 1934 507 1990 Ἀλλ’
541 1935 591 1987 εί
623 1937 717 1988 καὶ
749 1937 1043 1992 πέπτωκεν
1083 1938 1112 1990 ό
1147 1939 1378 2003 ἱππεὺς.
1409 1939 1694 2009 ἐθελοντὴς
1719 1938 1957 2003 ἀνατλὰς

2066 1941 2321 1998 viﬁcavit.
2362 1941 2603 2013 Ideoque
2643 1951 2700 1998 et
2726 1945 2971 2001 salvatus
3006 1947 3212 2003 dicitur
3238 1964 3269 2004 a
3293 1949 3478 2015 Patre,
3508 1950 3660 2021 peri-

352 2027 443 2080 τδν
471 2028 576 2098 τῆς
607 2029 812 2101 σαρκὸς
840 2031 1099 2084 θάνατον’
1129 2030 1246 2085 ἀλλ’
1285 2027 1379 2085 οὖν
1427 2034 1524 2084 καὶ
1550 2029 1920 2084 ἀναϐιώσεται
1941 2071 1957 2097 ,

354 2120 710 2193 συλλήπτορα
738 2123 832 2176 καὶ
879 2123 1171 2194 ἐπαρωγὸν
1207 2121 1534 2193 ποιούμενος
1575 2123 1668 2176 τὸν
1711 2122 1956 2195 Πατέρα.

353 2211 600 2283 Δύναμις
635 2213 747 2284 γὰρ
785 2212 862 2268 ὢν
890 2215 983 2269 τοῦ
1034 2215 1171 2269 θεοῦ
1207 2216 1304 2270 καὶ
1350 2214 1588 2286 Πατρὺς,
1627 2217 1656 2268 ό
1689 2215 1839 2282 Υἱὸς,
1867 2216 1961 2271 τὸν

355 2308 488 2361 ἴδιον
516 2309 682 2374 αὐτὸς
713 2308 1049 2382 ὲζωοποίησε
1095 2311 1242 2364 ναόν.
1277 2310 1547 2382 Ταύτῃ-τοι
1582 2309 1855 2363 σεσῶσθαι
1877 2309 1964 2364 λέ-

352 2417 512 2468 γεται
542 2400 698 2472 παρὰ
727 2401 820 2454 τοῦ
848 2403 1062 2472 Πατρὸς
1097 2399 1526 2464 κεκινδυνευκὼς
1547 2401 1624 2464 ὠς
1647 2400 1957 2474 ἄνθρωπος,

355 2493 539 2547 καίτοι
569 2495 715 2548 κατὰ
745 2493 910 2564 φύσιν
932 2496 1198 2570 ὑπάρχων
1217 2496 1374 2564 Θεὸς,
1401 2495 1499 2549 καὶ
1527 2494 1657 2567 ὃλην
1685 2495 1846 2557 αὐτὸς
1877 2497 1960 2560 είς

2059 2035 2200 2090 culis
2245 2041 2307 2090 ut
2347 2035 2515 2090 homo
2555 2035 2860 2107 subjectus,
2887 2055 3203 2111 quanquam
3233 2051 3428 2112 suapte
3462 2051 3661 2099 natura

2061 2128 2134 2182 sit
2153 2128 2319 2194 Dens,
2349 2135 2634 2199 totamque
2655 2128 2934 2185 visibilem
2957 2139 3123 2202 atque
3152 2134 3484 2189 invisibilem
3511 2150 3664 2190 crea—

2061 2227 2245 2277 turam
2271 2223 2329 2277 in
2360 2237 2463 2277 suo
2514 2230 2660 2277 statu
2695 2223 3009 2279 continens.
3039 2225 3154 2281 Hoc
3178 2227 3344 2282 modo
3372 2229 3660 2283 intellexe-

2061 2313 2141 2367 ris
2175 2312 2326 2383 quod
2363 2312 2526 2366 divus
2569 2311 2775 2366 Paulus
2819 2311 2952 2383 alibi
2999 2313 3070 2370 de
3106 2329 3176 2370 eo
3215 2317 3449 2372 scribit:
3479 2337 3498 2370 ι
3545 2318 3662 2374 Etsi

2067 2403 2217 2458 enim
2251 2402 2552 2458 cruciﬁxus
2583 2409 2670 2457 est
2705 2416 2775 2456 ex
2802 2400 3146 2472 inﬁrmitate,
3193 2404 3334 2461 vivit
3373 2412 3558 2463 tamen
3593 2421 3664 2463 ex

2065 2495 2313 2566 potentia
2339 2496 2438 2552 Dei
2468 2496 2533 2549 ⁸⁷.
2565 2513 2586 2548 ι

356 2589 416 2644 τὸ
445 2585 507 2644 εὖ
541 2587 688 2644 εἶναι
718 2585 964 2662 συνέχων
993 2592 1198 2663 όρατήν
1230 2609 1290 2644 τε
1347 2591 1444 2646 καὶ
1481 2590 1717 2662 ἀόρατον
1758 2590 1959 2646 κτίσιν.
1999 2589 2158 2646 Οὕτω
2182 2607 2284 2644 που
2311 2591 2516 2655 συνιεὶς
2541 2592 2636 2646 καὶ
2657 2595 2686 2648 ό
2716 2589 3002 2654 Θεσπέσιος
3024 2589 3260 2659 Παῦλος,
3300 2594 3434 2666 περὶ
3490 2589 3662 2650 αὐτοῦ

359 2702 516 2756 φησι·
548 2704 570 2736 ‹
596 2683 852 2757 Καὶδγὰρ
890 2685 940 2737 εί
968 2681 1291 2755 ἐσταυρώθη
1311 2683 1370 2751 ἐξ
1397 2681 1702 2750 ἀσθενείας,
1729 2682 1867 2737 ἀλλὰ
1898 2682 1964 2755 ζῇ
2006 2684 2069 2738 ὲκ
2095 2683 2380 2754 δυνάμεως
2403 2681 2561 2739 Θεοῦ.
2602 2703 2620 2737 ι

943 2801 1087 2871 Περὶ
1121 2802 1228 2856 τοῦ
1258 2801 1404 2856 ι’άδ.

443 2937 463 2970 ι
495 2918 608 2972 Γὰδ
635 2915 997 2989 πειρατήριον
1016 2914 1366 2987 πειρατεύσει
1392 2913 1745 2979 αὑτόν-αὐτὸς
1771 2914 1827 2969 δὲ
1849 2932 1966 2969 πει-

362 3012 621 3086 ρατεύσει
647 3011 813 3067 αὐτὸν
833 3011 978 3064 κατὰ
1007 3009 1231 3074 πόδας.»
1251 3010 1600 3081 Ἦρμήνευσε
1631 3008 1797 3062 πάλιν
1829 3009 1890 3062 τὸ
1913 3008 1966 3061 τί

361 3105 426 3160 ἄν
457 3105 706 3174 βούλοιτο
732 3101 929 3174 δηλοῦν
959 3103 988 3155 ό
1009 3102 1118 3156 Γάδ
1143 3101 1509 3170 ’πειρασμὸς
1535 3100 1667 3173 γὰρ,
1697 3101 1730 3173 ἢ
1763 3117 1964 3170 πειρα-

2735 2799 2817 2858 De
2847 2803 2984 2862 ϐοά.

2148 2934 2165 2965 ι
2204 2914 2320 2970 Gad
2358 2916 2590 2971 tentatio
2616 2917 2855 2972 tentabit
2889 2933 3038 2974 eum.
3070 2918 3191 2989 Ipse
3213 2923 3399 2974 autem
3427 2915 3664 2975 tentabit

2067 3022 2194 3060 eum
2217 3009 2371 3078 juxta
2401 3007 2572 3078 pedes
2605 3006 2670 3062 ⁸⁸.
2704 3027 2722 3060 ι
2751 3009 2961 3065 Iterum
2987 3010 3388 3081 interpretatus
3404 3017 3492 3065 est
3531 3009 3665 3080 quid

2067 3099 2175 3154 sibi
2203 3099 2339 3155 velit
2360 3101 2519 3172 231
2557 3116 2762 3157 nomen
2801 3101 2954 3168 Gad;
2992 3101 3266 3174 signiﬁcat
3299 3102 3450 3157 enim
3489 3108 3667 3156 tenta-

361 3199 592 3268 τήριον.
641 3197 850 3268 Πρέποι
884 3195 928 3248 δ’
959 3193 1047 3259 ἂν,
1066 3191 1354 3266 οἷμαι,καὶ
1382 3192 1474 3246 διὰ
1501 3193 1691 3246 τούτου
1728 3191 1962 3248 νοεῖσθαι

2073 3194 2291 3248 tionem.
2318 3193 2442 3248 Non
2471 3202 2656 3249 autem
2699 3195 2810 3250 erit
2847 3194 3140 3261 absonum,
3193 3203 3256 3250 ut
3303 3193 3566 3259 arbitror,
3619 3193 3666 3250 si

363 3292 452 3346 τὸν
474 3291 744 3361 θεοστυγῆ
761 3306 822 3342 τε
847 3287 944 3341 καὶ
965 3286 1206 3350 ἀλαζόνα
1235 3285 1343 3339 τῶν
1370 3285 1754 3357 Γραμματέων
1781 3301 1842 3337 τε
1866 3286 1961 3339 καὶ

361 3383 678 3456 Φαρισαίων
720 3381 913 3452 ἑσμόν·
965 3379 1015 3433 οἳ
1061 3379 1124 3432 τὸ
1168 3377 1310 3432 θεῖόν
1357 3395 1416 3432 τε
1465 3379 1560 3431 καὶ
1605 3377 1962 3447 εὐαγγελικὸν

365 3476 788 3550 παρωθούμενοι
815 3474 1100 3545 κήρυγμα,
1137 3471 1232 3526 καὶ
1261 3470 1371 3524 τῶν
1410 3471 1726 3539 ἀναγκαίων
1757 3470 1963 3542 τιμῶν-

358 3587 450 3636 τες
483 3572 566 3633 είς
607 3571 798 3639 δνησιν
849 3568 1002 3620 οὐδὲν
1023 3605 1038 3629 ,
1069 3565 1374 3637 ὲπέδρυχον
1416 3565 1544 3626 τοὺς
1578 3563 1794 3628 ὀδόντας
1827 3566 1962 3637 Χρι-

363 3663 494 3734 στῷ,
523 3649 838 3716 διδάσκοντι
874 3661 973 3731 μὲν
997 3659 1068 3712 τὰ
1099 3659 1242 3729 ὑπὲρ
1275 3658 1434 3712 σκιὰν
1471 3657 1566 3711 καὶ
1589 3658 1774 3728 νόμον,
1812 3658 1964 3711 εὐδο-

361 3755 617 3829 κιμοῦντι
644 3754 704 3807 δὲ
736 3753 860 3807 λίαν
889 3753 987 3806 καὶ
1014 3750 1490 3822 τεθαυμασμένῳ,
1523 3749 1962 3823 καταπλήττοντί

358 3866 420 3902 τε
460 3848 622 3902 οὐδὲν
659 3842 827 3918 ἦττον
870 3845 1000 3908 τοὺς
1046 3843 1155 3898 ἀνὰ
1197 3844 1381 3896 πᾶσαν
1443 3840 1544 3912 τὴν
1587 3842 1852 3896 Ἰουδαίαν
1891 3844 1960 3914 τῇ

359 3940 471 3994 τῶν
512 3936 1114 4010 τετερατουργημένων
1164 3932 1482 4004 ὑπερϐολῇ,
1522 3932 1618 3985 καὶ
1678 3935 1798 3996 ταῖς
1847 3935 1962 3986 είσ-

363 4035 606 4107 ηγήσεσι
657 4033 778 4094 ταῖς
826 4030 908 4094 είς
941 4029 1052 4082 πᾶν
1080 4026 1264 4082 ὁτιοῦν
1309 4027 1419 4079 τῶν
1450 4026 1800 4097 ἀρεσκόντων
1844 4024 1966 4096 Θεῷ

365 4124 784 4196 συνεισφέροντι
817 4122 888 4175 τὰ
922 4118 1224 4192 παράδοξα.
1258 4118 1371 4173 Καὶ
1399 4117 1531 4188 γοῦν
1552 4120 1664 4184 ὅτε,
1691 4118 1838 4173 κατὰ
1864 4118 1964 4190 τὴν

359 4218 457 4274 τοῦ
487 4217 782 4289 προφήτου
808 4211 1125 4284 φωνην,τὴν
1150 4209 1426 4281 Βηθανίαν
1446 4208 1964 4279 ἀφεὶς,είσέφρησεν

360 4312 442 4376 είς
485 4307 866 4381 Ἰεροσόλυμα,
909 4304 1073 4367 αὐτὸς
1100 4303 1280 4376 πραῢς
1323 4301 1678 4373 ἐπιϐεϐηκὼς
1707 4303 1800 4356 ἐπὶ
1827 4303 1964 4356 ὑπο-

362 4402 558 4470 ζύγιον
590 4401 690 4454 καὶ
721 4397 908 4452 πῶλον
937 4395 1088 4462 νέον,
1130 4394 1181 4447 ot
1213 4391 1314 4465 μὲν
1344 4390 1751 4464 προηγούμενοι
1781 4391 1967 4456 παῖδες

364 4492 750 4564 εὐφημοῦντες
789 4490 1052 4558 ἔφασκον·
1087 4505 1106 4538 ι
1129 4485 1362 4540 Ὡσαννὰ
1388 4484 1468 4556 τῷ
1503 4483 1605 4555 υἱῷ
1637 4483 1822 4538 Δαῦίδ.
1855 4483 1960 4536 Εὐο

2065 3301 2166 3356 per
2197 3285 2348 3347 hunc
2384 3285 2759 3358 intelligamus
2796 3287 2910 3343 Deo
2946 3287 3236 3344 adversam
3271 3293 3328 3342 et
3368 3285 3665 3358 superbam

2068 3378 2391 3433 Scribarum
2439 3386 2605 3449 atque
2655 3379 3062 3435 Pharisaeorum
3115 3379 3361 3450 turbam.
3402 3378 3497 3448 qui
3539 3393 3667 3434 cum

2066 3469 2316 3525 divinum
2351 3479 2518 3541 atque
2559 3471 2940 3542 evangelicum
2977 3471 3314 3543 prmconium
3341 3468 3453 3526 sint
3477 3485 3670 3541 asper-

2065 3564 2204 3630 nati,
2245 3579 2428 3635 neque
2466 3565 2770 3635 quidquam
2805 3581 2998 3622 eorum
3029 3580 3153 3636 quae
3192 3571 3323 3620 sunt
3351 3564 3669 3619 necessaria

2066 3656 2136 3711 ad
2186 3657 2423 3712 salutem
2466 3657 2767 3726 coluerint,
2816 3657 3128 3714 fremebant
3172 3655 3432 3712 dentibus
3476 3663 3670 3710 contra

2064 3748 2370 3816 Christum,
2397 3749 2690 3805 docentem
2720 3766 2843 3821 quae
2874 3749 3268 3806 excellentium
3298 3754 3458 3804 erant
3479 3747 3671 3820 ﬁguris

2065 3841 2227 3912 legis,
2268 3858 2652 3914 summamque
2683 3843 2756 3899 ob
2787 3843 3009 3915 egregia
3034 3841 3179 3898 facta
3213 3841 3436 3897 Iaudem
3471 3840 3669 3897 existi-

2066 3939 2480 4008 mationemque
2519 3945 2900 4000 consecutum,
2958 3945 3016 3991 et
3056 3935 3437 4006 prodigiorum
3483 3933 3669 3989 excel—

2066 4027 2238 4083 lentia
2313 4037 2488 4084 totam
2565 4027 2812 4085 Iudaeam
2857 4025 3449 4098 perterrefacientem,
3498 4031 3668 4094 atque

2066 4137 2178 4176 una
2203 4121 2474 4176 doctrina:
2492 4135 2687 4175 eorum
2717 4135 2840 4190 qua:
2865 4120 2980 4174 Deo
3009 4119 3066 4174 in
3091 4118 3286 4188 primis
3307 4117 3548 4190 placent,
3579 4116 3674 4170 in-o

2067 4212 2258 4267 audita
2302 4211 2572 4266 miracula
2611 4207 2985 4281 adjicientem.
3013 4207 3471 4285 Unde-quando,
3511 4207 3670 4278 juxta

2066 4317 2260 4358 vocem
2289 4302 2576 4374 prophetae
2605 4301 2675 4366 “,
2715 4301 2910 4356 relicta
2948 4298 3236 4364 Bethania,
3271 4299 3554 4370 ingressus
3583 4307 3670 4353 est

2069 4395 2502 4464 Hierosolymam
2521 4401 2848 4448 mansuetus
2867 4405 3169 4446 conscensa
3189 4391 3344 4446 asina
3367 4389 3665 4461 subjugali,

2070 4495 2129 4542 et
2172 4487 2328 4558 pullo
2377 4487 2519 4557 ejus,
2553 4485 2712 4556 pueri
2741 4484 2967 4555 quidem
3005 4488 3322 4554 praeeuntes
3355 4481 3618 4537 dicebant
3650 4499 3664 4534 :

359 4586 673 4659 λογημένος
699 4586 727 4637 ό
760 4580 1057 4654 ἐρχόμενος
1079 4580 1136 4632 ὲν
1168 4577 1398 4649 ὀνόματι
1425 4575 1658 4649 Κυρίου.
1701 4594 1720 4628 ι
1755 4575 1880 4628 Τῶν
1907 4573 1962 4628 δὲ

2077 4599 2096 4633 ι
2131 4581 2390 4637 Hosanna
2430 4579 2546 4634 filio
2570 4579 2763 4634 David.
2798 4575 3134 4633 Benedictus
3170 4575 3267 4646 qui
3295 4575 3452 4631 venit
3485 4573 3540 4629 in
3563 4590 3670 4628 no-

366 4679 710 4734 συνθεόντων
742 4675 888 4738 τινὲς
931 4672 1001 4726 τὰ
1035 4672 1230 4740 ἱμάτια
1269 4668 1720 4741 κατεστρώννυον
1749 4670 1808 4722 ὲν
1842 4667 1964 4730 ταῖς

361 4773 526 4836 ὁδοῖς,
559 4771 656 4824 καὶ
697 4768 800 4821 οὐκ
837 4765 1194 4837 ἀθαύμαστον
1235 4762 1519 4817 ἐποιοῦντο
1551 4762 1654 4832 τὴν
1687 4761 1962 4834 εἰσϐολήν-

361 4867 409 4919 οἱ
438 4865 500 4920 δὲ
546 4863 967 4934 διερρήγνυντο,
1010 4859 1107 4912 καὶ
1133 4857 1413 4930 δευτέροις
1433 4856 1530 4910 τοῦ
1566 4855 1762 4926 φθόνου
1795 4854 1966 4925 πλητ-

361 4959 586 5029 τόμενοι
621 4956 870 5024 κέντροις
888 4995 904 5020 ,
949 4950 1320 5022 προσελάλουν
1348 4950 1605 5020 ἀλλήλοις
1623 4991 1638 5016 ,
1682 4947 1968 5020 μονονουχὶ

360 5051 420 5104 δὲ
462 5050 557 5102 καὶ
615 5044 959 5120 κατῃτιῶντο
1010 5043 1305 5115 μέλλοντας
1350 5041 1431 5095 ἔτι
1481 5042 1612 5113 περὶ
1658 5041 1721 5095 τὺ
1768 5042 1965 5113 χρῆναι

363 5144 559 5213 φονᾷν.
598 5141 882 5209 Ἐφασκον
903 5137 1048 5208 γὰρ,
1081 5138 1165 5191 ὅτι
1204 5155 1223 5187 ι
1259 5135 1530 5206 Θεωρεῖτε
1574 5136 1657 5189 ὅτι
1691 5135 1792 5188 οὐκ
1820 5134 1968 5201 ὠφε-

364 5233 451 5286 λεῖ
503 5230 683 5285 οὐδέν.
717 5229 825 5283 Ἴδε
852 5231 882 5282 ό
922 5228 1134 5298 κόσμος
1178 5225 1301 5290 ὅλος
1363 5225 1541 5278 ὀπίσω
1588 5221 1758 5277 αὑτοῦ
1784 5223 1964 5295 ἀπῆλ-

363 5327 480 5382 θεν.
529 5344 548 5377 ι
591 5323 813 5393 Ἐπειδὴ
835 5321 893 5375 δὲ
918 5320 1018 5393 τὴν
1057 5321 1168 5374 τῶν
1200 5319 1302 5392 ἤδη
1338 5319 1788 5372 πεπιστευκότων
1827 5317 1966 5388 πλη-

364 5420 466 5476 θὺν
505 5417 806 5480 ἐδεδίεσαν,
837 5413 1042 5487 χειρῶν
1077 5413 1178 5485 μὲν
1217 5412 1358 5474 τέως
1406 5410 1702 5481 ἐφείδοντο,
1731 5413 1826 5463 καὶ⁹
1863 5410 1964 5480 τῆς

363 5517 445 5579 εις
475 5507 759 5586 προῦπτον
785 5507 1066 5577 ἐπιϐολῆς.
1100 5505 1219 5558 Ἵνα
1250 5502 1308 5556 δὲ
1329 5505 1445 5566 τοῖς
1476 5501 1767 5572 Ῥωμαίων
1794 5517 1966 5572 προσ-

364 5604 628 5677 κρούσειε
667 5601 1032 5673 στρατηγοῖς,
1065 5593 1445 5665 ἐπιπέμπουσί
1485 5609 1640 5656 τινας
1673 5591 1782 5646 τῶν
1820 5592 1968 5646 ἰδίων

369 5695 637 5771 μαθητῶν
679 5694 820 5766 μετὰ
861 5693 971 5746 τῶν
1005 5688 1365 5761 καλουμένων
1406 5686 1756 5759 Ἦρωδιανῶν
1781 5685 1969 5755 λέγον-

2071 4674 2221 4729 mine
2249 4672 2470 4728 Domini
2497 4672 2566 4726 ⁷⁸.
2605 4690 2625 4722 ν
2649 4669 2912 4726 Nonnulli
2938 4683 3075 4724 vero
3095 4683 3291 4724 eorum
3314 4667 3411 4739 qui
3439 4681 3671 4723 concur-

2071 4766 2288 4830 rebant,
2329 4766 2659 4821 vestimenta
2685 4779 2787 4820 sua
2821 4770 3138 4819 straverunt
3174 4763 3232 4818 in
3261 4762 3389 4828 viis,
3417 4761 3670 4818 celeber‘

2072 4855 2324 4929 rimeque
2368 4873 2498 4912 eum
2537 4863 2918 4926 exceperunt:
2961 4854 3214 4910 nonnulli
3251 4869 3385 4910 vero
3430 4854 3672 4908 disrum-

2071 4950 2368 5022 pebantur,
2419 4955 2478 5004 et
2513 4947 2804 5003 acerrimis
2843 4946 3064 5001 invidiae
3105 4945 3344 5000 stimulis
3388 4943 3668 5014 exagitati,

2072 5041 2534 5112 colloquebantur
2573 5040 2720 5094 inter
2758 5053 2838 5104 se,
2877 5047 3043 5108 atque
3087 5035 3420 5091 incusabant
3445 5051 3542 5090 eos
3573 5037 3670 5105 qui

2071 5134 2141 5189 ad
2183 5134 2365 5206 ipsum
2390 5130 2840 5188 interﬁciendum
2874 5129 3149 5184 tardiores
3167 5136 3388 5193 essent;
3413 5127 3674 5183 dicebant

2071 5225 2272 5281 enim:
2329 5243 2347 5276 ι
2405 5223 2619 5280 Videtis
2680 5221 2830 5293 quod
2881 5220 3023 5276 nihil
3065 5233 3299 5290 prorsus
3344 5219 3669 5290 proﬁciatis.

2073 5317 2217 5372 Ecce
2261 5323 2412 5371 totus
2458 5314 2700 5370 mundus
2748 5313 3001 5383 sequitur
3031 5327 3160 5367 eum
3201 5311 3270 5366 ".
3301 5331 3320 5365 ι
3355 5311 3497 5368 Cum
3538 5327 3674 5368 vero

2075 5408 2336 5463 timerent
2372 5405 2786 5463 multitudinem
2813 5421 3011 5462 eorum
3033 5407 3129 5478 qui
3154 5406 3268 5478 jam
3291 5405 3666 5467 crediderant.

2071 5501 2316 5570 primum
2364 5499 2590 5577 quidem
2618 5498 2974 5554 abstinebant
3013 5513 3233 5564 manus,
3279 5505 3338 5553 et
3391 5506 3670 5568 tempera-

2074 5593 2208 5648 bant
2247 5592 2351 5647 sibi
2399 5592 2468 5647 ab
2506 5601 2697 5662 aperta
2735 5591 2943 5648 Christi
2989 5591 3274 5648 invasione
3305 5607 3321 5658 ;
3366 5591 3463 5646 sed
3515 5599 3574 5644 ut
3613 5589 3669 5646 in

2074 5685 2436 5742 offensionem
2487 5686 2726 5741 militum
2775 5687 3151 5743 Romanorum
3200 5685 3533 5745 incurreret,
3563 5681 3671 5736 mi-

444 5857 494 5890 “
521 5856 716 5912 Matth.
768 5870 892 5918 xxv,
923 5852 1012 5908 5i.
1092 5851 1154 5882 “‘
1179 5849 1225 5906 I-I
1246 5847 1489 5904 Timoth.
1526 5863 1598 5913 iv,
1627 5847 1682 5918 Ἰ,
1721 5847 1998 5917 8ξ1Ροιτ.
2031 5863 2084 5914 v,
2119 5847 2171 5901 4.
2252 5847 2294 5878 θ’
2321 5846 2365 5902 II
2390 5845 2520 5904 Cor.
2550 5862 2664 5911 xm,
2705 5845 2757 5902 ι.
2834 5844 3214 5906 "Gemma,
3253 5839 3340 5895 {9.
3421 5837 3466 5870 θ’
3503 5834 3688 5895 Trach;

368 5943 450 5996 lx,
484 5927 548 5985 9.
619 5928 666 5960 7°
697 5917 892 5984 Matth.
927 5941 1038 5989 xxx,
1070 5923 1123 5977 9.
1215 5919 1472 5973 "Matth.
1512 5933 1586 5984 xl,
1631 5917 1717 5972 47.
