4060 6462
503 436 608 494 367

1533 434 1588 488 s.
1625 434 1898 489 CYRILLl
1937 435 2409 492 ALEXANDle
2437 405 2768 494 maxime.

3658 451 3758 506 568

503 563 698 609 serunt
742 553 1007 623 quosdam
1044 565 1270 606 suorum
1303 549 1702 619 discipulorum
1731 566 1856 606 cum
1889 550 1958 607 iis
1994 553 2087 622 qui

2193 570 2311 618 τας·
2356 576 2374 608 ι
2423 557 2754 625 Διδάσκαλε,
2801 560 3023 631 οίδαμεν
3062 562 3143 615 δτι
3201 563 3408 636 ἀληθὴς
3448 566 3529 628 ei,
3575 571 3663 622 καὶ
3703 587 3760 621 α-

504 655 775 702 vocantur
813 643 1134 706 Herodiani,
1178 651 1238 697 ut
1277 641 1525 696 dicerent
1564 640 1634 696 ad
1679 643 1892 713 ipsum:
1931 662 1948 694 ι
1978 643 2091 698 Ma—

504 739 695 810 gister,
719 738 923 794 scimus
948 735 1096 805 quod
1112 749 1280 789 verax
1305 733 1400 798 sis,
1423 749 1526 789 nec
1547 749 1710 788 cures
1727 750 2089 804 quemquam:

478 838 492 894 έ
506 847 684 902 neque
722 831 870 885 enim
917 828 1148 898 respicis
1187 842 1479 898 personam
1525 827 1833 881 hominum.
1869 826 2093 883 Licetne

504 923 638 978 dare
673 937 898 978 censum
911 919 1136 984 Caesari,
1169 935 1236 974 an
1256 919 1463 988 non,"’?
1496 939 1513 968 ›
1539 917 1647 973 Sed
1665 919 1812 972 illico
1828 933 2093 990 coargue-

503 1014 704 1070 bantur
733 1028 764 1067 a
792 1011 1012 1067 Christo
1038 1010 1258 1065 dicente
1284 1009 1418 1079 ipsis
1436 1017 1560 1078 post
1593 1010 1966 1065 ostensionem
1995 1010 2095 1067 de-

500 1107 644 1163 narii
683 1125 694 1160 :
747 1125 765 1158 ‹
804 1106 939 1162 Date
983 1120 1105 1174 quae
1138 1101 1370 1158 Caesaris
1407 1109 1556 1166 sunt,
1601 1100 1838 1167 Caesari;
1879 1109 1936 1157 et
1973 1113 2096 1173 qua:

502 1200 599 1255 Dei
629 1205 779 1262 sunt,
802 1198 916 1252 Deo
941 1197 1008 1250 ⁷³.
1049 1215 1065 1247 ι
1100 1195 1218 1262 Qua
1240 1193 1465 1264 quidem
1497 1193 1565 1249 de
1593 1209 1757 1248 causa
1791 1209 1916 1248 cum
1947 1195 2095 1264 ipsos

499 1290 710 1361 pudere
739 1289 824 1345 sui
855 1295 1158 1358 oporteret,
1184 1301 1355 1356 seque
1375 1285 1636 1355 deinceps
1657 1286 1726 1340 ab
1751 1301 1818 1340 eo
1833 1287 2095 1342 tentando

500 1382 786 1438 continere
833 1380 1134 1443 deberent,
1185 1393 1258 1432 en
1319 1378 1487 1433 etiam
1541 1378 1770 1434 alteram
1829 1379 2094 1435 adversus

500 1476 683 1546 ipsum
712 1471 1171 1528 machinabantur
1197 1471 1580 1526 tentationem.
1613 1471 1779 1528 Facto
1811 1473 1959 1528 enim
1992 1473 2092 1529 fla-

498 1565 642 1636 gello
671 1580 738 1620 ex
762 1563 915 1628 fune,
947 1577 1074 1618 cum
1097 1561 1328 1632 ejiceret
1347 1577 1378 1618 e
1405 1562 1612 1632 templo
1629 1563 1934 1619 vendentes
1962 1579 2095 1620 oves

498 1672 564 1712 ac
593 1657 783 1720 h‘oves,
811 1653 1041 1710 dicens:
1082 1671 1101 1704 ι
1130 1651 1357 1709 Auferte
1396 1652 1502 1708 ista
1544 1653 1676 1709 hinc
1711 1671 1724 1708 :
1769 1670 1840 1710 ne
1877 1653 2094 1711 faciatis

497 1747 724 1806 domum
755 1746 936 1802 Patris
969 1745 1099 1810 mei,
1124 1746 1351 1801 domum
1379 1746 1770 1818 negotiationis
1795 1748 1841 1778 ⁷⁵
1869 1764 1885 1814 ;
1922 1768 1940 1800 ι
1979 1757 2093 1803 tum

497 1840 611 1906 isti,
643 1839 866 1910 indigne
894 1839 1000 1894 hoc
1041 1837 1302 1904 ferentes,
1330 1846 1722 1894 accesserunt:
1765 1858 1782 1890 ι
1816 1839 1896 1894 Ex
1933 1839 2093 1910 cujus

499 1939 789 2003 potestate,
825 1930 1164 2000 inquientes,‘
1201 1931 1318 1986 haec
1349 1930 1486 1986 facis
1512 1932 1536 1985 ?
1569 1930 1774 2001 Ecquis
1800 1930 1954 1986 dedit
1986 1931 2085 1987 tibi

495 2024 643 2081 hanc
667 2030 996 2094 potestatem
1020 2023 1113 2076 7'?
1148 2042 1168 2074 ι
1198 2021 1343 2090 Quid
1369 2031 1556 2078 autem
1577 2022 1647 2077 ad
1668 2023 1771 2078 ista
1789 2022 2088 2079 Christus?

503 2135 523 2168 ι
544 2115 705 2188 232
727 2113 1085 2185 lnterrogabo
1099 2155 1114 2180 ,
1134 2115 1333 2184 inquit,
1347 2123 1515 2186 etego
1531 2130 1630 2170 vos
1661 2131 1815 2170 mum
1831 2115 2084 2171 verbum.

491 2204 670 2260 Dicite
682 2202 818 2258 mihi
837 2220 849 2256 :
869 2203 1146 2273 Baptisma
1157 2199 1384 2258 Joannis
1397 2204 1543 2259 unde
1559 2205 1752 2260 erat?e
1765 2206 1997 2271 caelone,
2017 2222 2086 2262 an

496 2296 817 2354 hominibus
834 2296 856 2351 ’ί
873 2295 939 2350 Hi
956 2304 1160 2360 autem,
1188 2296 1266 2351 ait
1293 2305 1496 2362 textus,
1513 2297 1828 2368 cogitabant
1853 2313 2040 2354 secum
2067 2315 2082 2365 ;

497 2389 551 2446 si
567 2389 892 2454 dixerimus,
927 2405 958 2444 e
995 2389 1158 2454 ccelo,
1188 2388 1337 2444 dicet
1364 2388 1564 2444 nobis:
1605 2388 1786 2456 Quare
1813 2405 1944 2461 ergo
1974 2405 2086 2448 non

497 2481 816 2538 credidistis
851 2480 964 2535 illi?
999 2479 1056 2536 Si
1087 2486 1274 2535 autem
1309 2480 1632 2548 dixerimus,
1661 2498 1729 2536 ex
1744 2481 2082 2549 hominibus,

496 2573 760 2628 timemus
798 2572 1052 2637 turbam;
1085 2585 1278 2626 omnes
1318 2572 1469 2626 enim
1505 2572 1786 2627 habebant
1816 2573 2086 2628 Joannem

495 2673 756 2734 tanquam
800 2661 1148 2733 prophetam,
1186 2676 1362 2731 eoque
1402 2661 1695 2723 dicebant:
1731 2662 2077 2716 Nescimus.»

493 2755 636 2824 Quid
654 2755 721 2810 ad
741 2756 857 2810 haec
871 2753 1157 2809 Christus?
1188 2773 1204 2804 ι
1229 2754 1418 2824 Neque
1429 2769 1551 2826 ego,
1571 2754 1770 2824 inquit,
1790 2755 1913 2810 dico
1928 2757 2086 2811 vobis

493 2865 565 2906 ex
588 2849 746 2921 cujus
779 2854 1053 2919 potestate
1080 2846 1197 2901 haec
1225 2846 1368 2901 facio
1401 2847 1467 2900 ".
1498 2865 1516 2898 ι
1540 2846 1796 2902 Tentatio
1821 2848 1988 2918 igitur
2002 2857 2087 2903 est

492 2940 634 3006 Gad,
677 2940 784 2994 hoc
823 2944 927 3003 est,
963 2936 1249 3003 Pharisaei,
1291 2937 1385 3007 qui
1419 2953 1636 3007 semper
1661 2947 1893 2995 tentant.
1925 2943 2084 2996 Atta-

496 3047 625 3087 men
642 3029 906 3087 continuo
930 3029 1131 3084 iterum
1155 3036 1440 3085 tentantur
1455 3039 1510 3086 et
1529 3030 1656 3102 ipsi.
1673 3031 1925 3088 Christus
1937 3035 2084 3089 enim

494 3124 586 3180 ille
613 3131 734 3178 erat
775 3118 892 3193 qui,
923 3121 1078 3192 iusta
1117 3135 1309 3175 vocem
1337 3121 1734 3194 prophetarum
1767 3125 1836 3190 ⁷⁷,
1882 3140 2083 3197 appre-

494 3214 690 3270 hendit
726 3214 1005 3284 sapientes
1045 3212 1102 3266 in
1140 3212 1432 3283 sapientia,
1469 3223 1526 3268 et
1551 3214 1924 3284 sepliislarum
1947 3232 2082 3272 con-

495 3305 617 3360 silia
643 3305 861 3377 egregie
881 3307 1165 3372 retorquet
1189 3301 1246 3355 in
1272 3303 1631 3373 quaestionem
1656 3305 2010 3359 contrariam.

1153 3414 1231 3470 De
1267 3416 1420 3470 Aser.

572 3531 590 3565 ι
627 3509 767 3564 Aser
813 3510 1033 3582 pinguis
1085 3509 1245 3581 panis
1285 3510 1424 3581 ejus,
1457 3516 1514 3564 et
1552 3508 1669 3579 ipse
1708 3509 1862 3564 dabit
1899 3511 2086 3566 cibum

492 3603 842 3676 principibus
873 3601 942 3657 ⁷⁸.
981 3621 999 3655 ι
1048 3603 1188 3657 Aser
1223 3615 1443 3656 rursum
1481 3600 1753 3673 significat
1781 3601 1994 3657 divitia.
2026 3603 2088 3658 ιιι

493 3697 646 3753 enim
675 3696 922 3752 declarat
955 3709 1178 3749 nomen.
1223 3693 1482 3749 Arbitror
1513 3701 1698 3748 autem
1739 3693 1872 3749 hinc
1919 3694 2085 3750 intel-

493 3789 589 3861 ligi
621 3802 784 3860 posse
820 3802 969 3852 eum,
1008 3804 1026 3838 ‹
1064 3786 1118 3840 in
1155 3801 1266 3856 quo
1291 3801 1483 3840 omnes
1511 3785 1756 3842 thesauri
1803 3786 2086 3856 sapientiae

491 3890 552 3936 et
581 3878 827 3938 scientiae
848 3887 978 3934 sunt
1012 3878 1285 3935 reconditi
1319 3878 1387 3943 7°,
1424 3898 1441 3930 ι
1482 3878 1588 3933 hoc
1629 3887 1735 3944 est,
1778 3879 2083 3946 Christum,

491 3973 590 4045 qui
617 3978 702 4028 est
740 3990 757 4023 ‹
782 3971 1078 4027 thesaurus
1113 3972 1170 4026 in
1203 3986 1334 4042 agro
1379 3971 1738 4026 absconditus
1771 3971 1839 4040 ⁸⁰,
1873 3991 1890 4024 ι
1941 3988 2086 4027 mar-

492 4063 668 4135 garita
701 4062 794 4117 illa
831 4062 1114 4133 pretiosa;
1155 4064 1363 4133 quique
1411 4061 1466 4116 in
1509 4079 1747 4134 persona
1798 4064 2084 4135 sapientiae

491 4155 942 4211 manifestissime
972 4154 1109 4210 dicit
1142 4172 1155 4208 :
1207 4174 1224 4206 ι
1252 4155 1468 4211 Divitiae
1487 4163 1544 4210 et
1569 4156 1743 4226 gloria
1767 4155 1902 4210 mihi
1930 4165 2082 4222 sunt,

489 4253 547 4299 et
568 4244 842 4316 possessio
882 4244 1188 4300 multorum
1240 4251 1408 4316 atque
1439 4246 1654 4316 justitia
1690 4246 1760 4300 ⁸¹.
1789 4265 1808 4298 ι
1855 4245 1977 4316 Ipse
1999 4255 2084 4302 est

489 4335 585 4406 qui
615 4335 803 4391 visitat
830 4344 1056 4402 terram,
1097 4336 1240 4391 sicut
1280 4337 1460 4407 inquit
1493 4337 1664 4393 David
1702 4356 1713 4392 :
1760 4357 1778 4391 ι
1813 4337 2082 4409 Multipli-

491 4427 628 4483 casti
667 4438 728 4482 ut
763 4427 939 4498 ipsam
977 4428 1187 4484 ditares
1229 4427 1299 4482 ⁸².
1331 4449 1348 4480 ι
1399 4428 1606 4485 Scribit
1639 4430 1785 4484 enim
1819 4431 1951 4486 alibi
1988 4447 2079 4487 sa-

492 4519 870 4590 pientissimus
899 4519 1102 4575 Paulus
1133 4520 1296 4575 nobis
1315 4521 1384 4579 dc
1410 4523 1590 4593 seipso
1615 4541 1627 4578 :
1667 4543 1686 4576 ι
1723 4523 1944 4580 Gratias
1977 4540 2078 4595 ago

2200 640 2351 709 μέλει
2380 659 2462 695 σοι
2494 646 2626 715 περὶ
2655 647 2889 712 οὐδενόςο
2933 649 2993 701 οὐ
3033 649 3143 722 γὰρ
3200 651 3418 721 βλέπεις
3465 657 3542 719 είς
3599 660 3758 728 πρόσ-

2195 747 2347 784 ωπον
2385 732 2716 804 ἀνθρώπων.
2748 737 2966 803 Ἔξεστι
3000 738 3182 793 δοῦναι
3228 743 3424 814 κῆνσον
3454 744 3762 818 Καίσαρι,ῆ

2195 822 2286 889 ob;
2328 843 2347 874 ι
2387 824 2526 878 Ἀλλ’
2562 827 2854 897 ἠλέγχοντο
2899 833 3264 904 παραχρῆμα,
3301 834 3549 903 λέγοντος
3589 839 3761 902 αὐτοῖς

2194 912 2288 966 τοῦ
2305 914 2349 967 Χ
2361 915 2568 985 ριστοῦ,
2601 917 2739 987 μετὰ
2756 919 2853 992 τὴν
2870 920 2977 974 τῶν
3004 923 3276 996 δηναρίων
3290 925 3504 991 δεῖξινί
3520 926 3764 986 Ἀπόδοτε

2197 1000 2267 1054 τὰ
2301 1003 2582 1076 Καίσαρος
2613 1007 2872 1079 Καίσαρι,
2915 1011 3008 1064 καὶ
3030 1012 3097 1065 τὰ
3124 1013 3219 1066 τοῦ
3250 1013 3386 1067 Θεοῦ
3419 1015 3496 1087 τῷ
3526 1017 3762 1089 Θεῷ.»οί

2191 1092 2251 1146 δὲ
2268 1093 2353 1164 δὴ,
2389 1096 2525 1168 πρὸς
2543 1098 2704 1152 τοῦτο
2729 1102 3158 1174 κατερυθριάσαι
3182 1105 3298 1160 δέον
3322 1107 3415 1160 καὶ
3441 1107 3760 1180 ἀποσχέσθαι

2193 1181 2377 1240 λοιπὸν
2401 1186 2498 1240 τοῦ
2535 1189 2818 1260 πειράζειν
2852 1192 3036 1261 αὐτὸν,
3075 1197 3271 1267 πεῖραν
3310 1197 3476 1250 αὑτοῦ
3511 1199 3763 1256 καθίεσαν

2195 1277 2291 1332 καὶ
2337 1278 2554 1349 ἑτέραν.
2603 1282 2845 1351 Ποιήσας
2879 1285 2978 1356 μὲν
3022 1284 3132 1357 γὰρ
3163 1287 3298 1341 ὡσεὶ
3339 1289 3663 1360 φραγέλλιον
3703 1293 3763 1347 ὲκ

2195 1373 2454 1442 σχοινίου,
2473 1373 2682 1439 πάντας
2702 1375 2953 1442 ἐξέϐαλεν
2981 1379 3046 1432 ἐκ
3067 1378 3162 1432 τοῦ
3197 1380 3343 1452 ἱεροῦ
3379 1383 3507 1446 τοὺς
3531 1383 3762 1440 πωλοῦνσ

2192 1481 2294 1527 τας
2323 1465 2393 1519 τὰ
2418 1466 2666 1536 πρόϐατα
2685 1467 2779 1521 καὶ
2807 1468 2904 1532 τὰς
2919 1467 3068 1538 βοῦς,
3097 1471 3296 1539 λέγων·
3331 1475 3570 1545 «Ἄρατε
3600 1477 3766 1534 ταῦτα

2194 1556 2469 1612 ἐντεῦθεν⁹
2497 1559 2588 1629 Μὴ
2613 1561 2817 1612 ποιεῖτε
2837 1560 2930 1614 τὸν
2950 1557 3098 1616 οἷκον
3121 1563 3216 1617 τοῦ
3242 1565 3460 1636 Πατρός
3485 1585 3606 1638 μου,
3627 1566 3762 1624 οἷκον

2193 1650 2482 1721 ἐμπορίου.
2513 1670 2530 1702 ι
2561 1654 2622 1705 Οἱ
2645 1651 2702 1705 δὲ
2724 1653 3160 1721 ἀγανακτοῦντες
3184 1657 3599 1728 παραγίνονταιο
3627 1681 3644 1713 ι
3682 1661 3761 1715 Ἐν

2193 1742 2326 1813 ποίᾳ
2371 1742 2591 1814 ἐξουσίᾳ
2629 1743 2801 1797 ταῦτα
2831 1749 3024 1814 ποιεῖς,
3074 1747 3169 1800 καὶ
3217 1748 3301 1813 τίς
3346 1749 3518 1804 ἔδωκέ
3562 1769 3642 1806 σοι
3672 1753 3760 1827 τὴν

2193 1831 2443 1899 ἐξουσίαν
2486 1835 2726 1906 ταύτηνς
2775 1855 2795 1886 ι
2831 1837 2898 1890 Τί
2939 1833 3032 1892 οὖν
3075 1839 3210 1908 πρὸς
3244 1839 3408 1895 τοῦτο
3445 1843 3474 1896 6
3505 1844 3756 1914 Χριστός;

2124 1913 2166 1967 Β
2201 1941 2219 1974 ι
2265 1925 2594 1996 Ἐρωτήσω,
2628 1928 2792 1997 φησὶ,
2827 1928 2983 1998 κάγὼ
3030 1930 3176 2002 ὑμᾶς
3221 1932 3409 2000 λόγον,
3443 1937 3537 1989 καὶ
3562 1913 3758 1991 Ῠεῐπατέ

2197 2033 2314 2086 μοι’
2353 2017 2426 2071 Τδ
2473 2017 2757 2090 βάπτισμα
2801 2019 3050 2075 Ἰωάννου
3097 2022 3261 2076 πόθεν
3296 2020 3392 2097 ἦνς
3430 2026 3489 2093 ἐξ
3521 2027 3758 2099 οὐρανοῦ,

2193 2107 2226 2178 ἢ
2260 2107 2320 2173 ἐξ
2347 2108 2681 2182 ἀνθρώπωνς
2724 2113 2787 2166 Οί
2825 2112 2884 2167 δὲ
2917 2113 3300 2183 διελογίζοντο,
3342 2119 3532 2189 φησὶν,
3564 2120 3618 2171 ὲν
3645 2121 3760 2172 ἐαυ-

2192 2202 2328 2267 τοτς,
2358 2202 2442 2255 ὅτι
2479 2203 2603 2257 Ἐὰν
2637 2203 2914 2274 εἴπωμεν,
2940 2204 2999 2270 ἐξ
3019 2205 3276 2278 οὐρανοῦ,
3308 2208 3430 2278 ὲρεϊ
3449 2209 3598 2280 ήμίν·
3623 2211 3760 2264 Διατί

2191 2288 2287 2345 οὖν
2328 2292 2430 2346 οὐκ
2476 2293 2834 2348 ἐπιστεύσατε
2881 2295 3067 2365 αὑτῷ;
3127 2297 3253 2351 Ἐὰν
3293 2298 3562 2370 εἴπωμεν,
3593 2299 3649 2365 ἐξ
3680 2301 3762 2355 ἀνα

2193 2383 2451 2454 θρώπων,
2481 2384 2795 2458 φοϐούμεθα
2824 2386 2916 2440 τὸν
2942 2387 3118 2458 ὄχλον.
3151 2389 3365 2454 Πάντες
3393 2390 3504 2464 γάρ
3541 2393 3615 2455 ὼς
3643 2409 3762 2465 προ-

2195 2478 2375 2549 φήτην
2403 2472 2548 2548 εἶχον
2584 2479 2676 2532 τὸν
2720 2480 2995 2551 Ἰωάννην.
3036 2482 3145 2534 Καὶ
3175 2481 3428 2551 λέγουσι,
3453 2477 3637 2554 φησίν·
3662 2483 3765 2538 Οὐκ

2193 2567 2439 2638 οἴδαμεν.
2473 2585 2492 2619 ι
2524 2568 2588 2621 Τί
2619 2564 2714 2622 οὖν
2740 2569 2879 2641 πρὸς
2907 2569 3084 2624 ταῦτα
3113 2571 3350 2642 Χριστός
3383 2588 3398 2639 ;
3449 2591 3466 2625 ι
3502 2573 3633 2627 Οὐδὲ
3665 2569 3764 2644 ἐγὼ

2193 2658 2336 2727 λέγω
2377 2660 2506 2731 ὑμῖν
2547 2662 2606 2716 ὲν
2649 2663 2781 2734 ποίᾳ.
2815 2663 3039 2736 ἐξουσίᾳ
3089 2665 3263 2719 ταῦτα
3304 2667 3476 2722 ποιῶ.
3519 2685 3538 2720 ι
3574 2665 3766 2722 Οὐκοῦν

2194 2753 2548 2824 πειρατήριον
2571 2756 2599 2808 6
2623 2754 2749 2822 Γὰδ,
2774 2757 3076 2822 τουτέστιν,
3102 2757 3152 2810 οἱ
3169 2757 3258 2812 ἀεὶ
3293 2760 3650 2832 πειράζοντες
3669 2761 3764 2813 Φα-

2198 2847 2418 2915 ρισαῖοι.
2445 2845 2591 2916 Πλὴν
2624 2847 3081 2918 ἀντεπειράζοντο
3109 2850 3448 2915 καταπόδας,
3476 2850 3755 2913 τουτέστιν,

2192 2937 2378 3000 εὐθύς.
2424 2938 2658 3010 Χριστὸς
2707 2939 2815 3011 γὰρ
2851 2935 2918 3010 ἦν
2961 2942 2988 2994 6
3027 2940 3171 2994 κατὰ
3211 2942 3313 3012 τὴν
3347 2943 3444 2996 τοῦ
3494 2943 3757 3015 προφήτου

2194 3030 2379 3100 φωνὴν
2404 3030 2771 3102 δρασσόμενος
2799 3035 2926 3098 τοὺς
2953 3034 3149 3103 σοφοὺς
3177 3035 3234 3088 ὲν
3265 3037 3337 3106 τῇ
3378 3037 3539 3108 σοφία
3571 3035 3754 3097 αὐτῶν,

2193 3118 2288 3172 καὶ
2320 3120 2419 3184 τὰς
2466 3119 2573 3175 τῶν
2613 3121 2966 3176 πολυπλόκων
3021 3122 3218 3193 βουλὰς
3251 3125 3520 3196 περιστὰς
3545 3124 3757 3186 ἀστείως

2194 3210 2272 3273 εἰς
2296 3210 2652 3282 ἀντίστροφον
2681 3211 2932 3285 ζήτησιν.

2707 3415 2849 3482 Περὶ
2888 3415 2993 3470 τοῦ
3053 3418 3260 3488 Ἀσήρ.

2268 3521 2285 3553 ι
2329 3502 2498 3575 Ἀσὴρ
2523 3503 2663 3558 πίων
2689 3505 2855 3558 αὑτοῦ
2891 3509 2919 3560 6
2953 3507 3140 3579 ἄρτος,
3167 3513 3262 3564 καὶ
3283 3513 3453 3579 αὐτὸς
3476 3513 3632 3568 δώσει
3655 3531 3762 3587 τρο-

2187 3594 2294 3666 φὴν
2336 3595 2587 3666 ἄρχουσι.
2643 3615 2662 3649 ι
2703 3597 2976 3666 Πλοῦτός
3018 3617 3101 3655 τοι
3141 3603 3302 3658 πάλιν
3340 3608 3369 3660 6
3420 3607 3606 3678 ’Λα-ηρ.
3642 3599 3758 3660 Ὧδε

2187 3686 2294 3757 γὰρ
2341 3685 2454 3756 ἔχει
2493 3686 2586 3740 τοῦ
2637 3689 3045 3760 σημαινομένου
3090 3693 3123 3762 ή
3169 3693 3430 3765 δήλωσις.
3465 3697 3562 3769 Εῖη
3601 3697 3642 3752 δ’
3679 3697 3757 3762 ἂν,

2187 3777 2341 3850 οἶμαί
2373 3796 2504 3845 που,
2554 3779 2835 3833 κάνταῦθα
2877 3777 3194 3853 νοούμενος,
3239 3804 3257 3836 ι
3289 3787 3352 3838 ὲν
3385 3780 3429 3856 ᾧ
3468 3789 3662 3852 πάντες
3688 3789 3759 3842 ει-

2188 3873 2272 3926 σ“ιν
2312 3873 2361 3924 οί
2402 3873 2672 3944 θησαυροὶ
2712 3873 2814 3944 τῆς
2868 3875 3062 3946 σοφίας
3099 3877 3195 3931 καὶ
3227 3878 3492 3946 γνώσεως
3531 3881 3762 3950 ἀπόκρυ-

2187 3980 2300 4030 φοι,
2339 3981 2356 4014 ι
2400 3961 2650 4016 τουτέστι
2676 3964 2936 4035 Χριστὸς,
2976 3985 2994 4018 ι
3044 3966 3072 4019 6
3099 3970 3158 4024 ὲν
3193 3969 3358 4042 ἀγρῷ
3397 3973 3758 4044 κρυπτόμενος

2186 4052 2497 4123 θησαυρὸς,
2535 4071 2554 4104 ι
2604 4054 2632 4105 6
2677 4053 3048 4127 πολυτίμητος
3092 4062 3466 4134 μαργαρίτης,
3514 4064 3542 4116 6
3574 4063 3664 4117 καὶ
3706 4064 3758 4116 ἐν

2185 4143 2462 4218 προσώπῳ
2486 4145 2583 4216 τῆς
2612 4145 2805 4216 σοφίας
2827 4146 3206 4217 ἐναργέστατα
3248 4150 3447 4222 λέγων’
3482 4176 3498 4206 ι
3535 4155 3756 4218 Πλοῦτος

2184 4237 2278 4292 καὶ
2306 4236 2436 4302 δόξα
2477 4238 2600 4308 ἐμοὶ
2632 4237 2899 4310 ὑπάρχει,
2941 4239 3034 4292 καὶ
3063 4241 3261 4311 κτῆσις
3292 4244 3536 4312 πολλῶν,
3571 4247 3661 4302 καὶ
3683 4245 3757 4299 δι-

2183 4329 2466 4400 καιοσύνη.
2505 4348 2525 4381 ι
2570 4329 2744 4394 Αὐτὸς
2777 4332 2806 4382 6
2836 4330 2936 4400 τὴν
2972 4331 3075 4400 γῆν
3111 4334 3589 4406 ἐπισκεψάμενος,
3625 4335 3758 4390 καθά

2183 4439 2348 4494 φησιν
2377 4423 2405 4475 6
2430 4422 2616 4476 Δοιϐίδ⁸
2648 4443 2666 4476 ι
2721 4422 3062 4496 Ἐπλήθυνας
3091 4425 3187 4478 τοῦ
3213 4427 3500 4484 πλουτίσαι
3529 4431 3712 4502 αὑτήν.
3735 4449 3752 4481 ι

2181 4515 2388 4586 Γράφει
2433 4514 2491 4568 δέ
2540 4532 2643 4569 που
2679 4515 2775 4568 καὶ
2817 4515 2845 4568 6
2885 4514 3200 4586 σοφώτατος
3226 4519 3442 4586 Παῦλος
3480 4525 3612 4593 ήμῖν
3640 4520 3758 4592 περὶ

492 4614 604 4668 Deo
669 4629 794 4669 meo
848 4613 1056 4682 ubique
1084 4612 1153 4668 de
1204 4614 1363 4670 vobis
1403 4625 1633 4687 propter
1684 4616 1915 4688 gloriam
1957 4617 2078 4685 Dei,

2187 4607 2369 4660 αὐτοῦ·
2395 4627 2413 4658 ι
2437 4607 2760 4678 Εὑχαριστῶ
2785 4607 2864 4679 τῷ
2894 4608 3013 4680 Θεῷ
3049 4627 3152 4679 μου
3179 4611 3417 4667 πάντοτε
3443 4614 3572 4685 περὶ
3591 4613 3756 4684 ὑμῶν,

489 4721 612 4776 qua:
645 4705 772 4760 data
796 4713 881 4760 est
911 4704 1073 4760 vobis
1106 4705 1164 4760 in
1201 4705 1422 4762 Christo
1456 4707 1589 4764 Jesu
1621 4727 1634 4763 :
1669 4709 1799 4778 quia
1838 4709 1896 4763 in
1927 4709 2080 4766 omni

493 4796 652 4852 ditati
713 4796 849 4852 estis
907 4795 966 4850 in
1025 4796 1166 4867 ipso,
1226 4795 1283 4852 in
1330 4799 1481 4853 omni
1515 4813 1774 4854 sermone
1804 4806 1862 4853 et
1892 4799 2082 4869 cogni-

489 4891 639 4945 tione
675 4889 743 4943 ⁸³.
772 4908 790 4941 ι
825 4888 963 4944 Nam
997 4889 1165 4955 Deus,
1206 4890 1312 4950 etsi
1357 4901 1551 4962 suapte
1577 4898 1777 4947 natura
1803 4891 1960 4947 dives
1984 4892 2077 4959 sit,

485 4997 696 5053 pauper
727 4996 839 5036 una
880 4981 1172 5038 nobiscum
1203 4991 1290 5038 est
1321 4982 1520 5048 factus,
1557 4991 1620 5038 ut
1649 4998 1754 5039 nos
1781 4999 1880 5054 per
1907 4983 2084 5054 ipsius

482 5081 868 5144 paupertatem
895 5074 1318 5132 ditesceremus.
1350 5077 1493 5132 Hinc
1524 5077 1710 5148 itaque
1742 5077 1968 5133 omnino
1993 5086 2082 5134 est

483 5171 541 5217 et
563 5161 722 5232 panis
749 5162 991 5232 pinguis,
1024 5164 1131 5220 hoc
1153 5173 1259 5231 est,
1281 5165 1444 5222 valde
1488 5166 1730 5235 opimus,
1757 5176 1816 5222 et
1833 5166 1904 5221 ad
1924 5167 2080 5222 alen-

483 5254 615 5310 dum
664 5253 1096 5310 efficacissimus.
1142 5257 1257 5312 Alit
1302 5259 1454 5314 enim
1495 5267 1553 5315 et
1579 5260 1792 5316 enutrit
1822 5275 1925 5315 nos
1955 5259 2080 5315 Sal-

479 5353 638 5400 vator
675 5351 866 5399 noster
903 5344 1066 5402 Jesus
1115 5346 1390 5416 Christus,
1436 5367 1546 5407 non
1588 5352 1850 5408 sensibile
1878 5367 2082 5410 manna

479 5435 757 5507 praebens,
789 5435 934 5490 sicut
954 5435 1083 5491 olim
1112 5437 1393 5508 lsraelitis,
1433 5442 1532 5496 sed
1573 5443 1818 5513 seipsum
1852 5445 1910 5498 in
1947 5444 2073 5498 ani-

479 5544 598 5584 mas
657 5526 904 5582 fidelium
958 5527 1263 5588 immittens
1310 5550 1411 5603 per
1471 5535 1736 5605 Spiritum
1795 5546 2066 5593 sanctum.

483 5620 638 5680 Unde
675 5629 734 5675 et
786 5619 1076 5677 dicebatur
1129 5627 1350 5696 populis
1393 5627 1710 5684 Judaaorum
1747 5648 1760 5684 :
1815 5650 1834 5682 ‹
1864 5631 2066 5699 Amen,

548 5735 596 5810 ζ’
623 5734 967 5810 Μοιιζιίχιῃ,
995 5737 1176 5803 16,17.
1255 5742 1301 5774 ⁷⁸
1340 5743 1504 5808 lbid.,
1531 5744 1622 5798 21.
1695 5745 1743 5777 ⁷⁸
1767 5745 1959 5801 Matth.
1989 5764 2097 5810 ΠΙ,
2141 5748 2228 5801 15.

2178 4701 2270 4753 ἐπὶ
2307 4702 2374 4771 τῇ
2409 4700 2595 4770 χάριτι
2633 4698 2728 4752 τοῦ
2761 4699 2898 4754 Θεοῦ
2930 4703 2998 4772 τῇ
3026 4701 3244 4777 δοθείσῃ
3292 4705 3425 4776 ὑμῖν
3460 4708 3518 4759 ἐν
3547 4703 3758 4778 Χριστῷ

2191 4792 2386 4863 Ἰησοῦ,
2419 4792 2502 4845 ὅτι
2537 4791 2596 4843 ὲν
2627 4790 2789 4843 παντὶ
2826 4790 3216 4862 ἐπλουτίσθητε
3247 4794 3307 4846 ὲν
3329 4795 3502 4865 αὐτῷ,
3522 4796 3580 4847 ὲν
3606 4793 3758 4846 παντὶ

2177 4883 2321 4954 λόγῳ
2353 4882 2450 4937 καὶ
2491 4881 2641 4953 πάσῃ
2685 4880 2907 4950 γνώσει.
2941 4900 2959 4933 ι
2992 4883 3418 4954 Συνεπτώχευσε
3447 4887 3559 4958 γὰρ
3610 4888 3754 4957 ἡμῖν,

2179 4975 2355 5031 καίτοι
2409 4974 2666 5039 πλούσιος
2717 4973 2795 5027 ὢν
2832 4977 2860 5030 6
2915 4975 3084 5041 Θεὸς,
3137 4978 3228 5032 ἵνα
3275 4981 3440 5049 ἡμεῖς
3485 4983 3552 5052 τῇ
3601 4976 3756 5034 αὑτοῦ

2178 5071 2428 5143 πτωχείᾳ
2460 5072 2876 5143 πλουτήσωμεν.
2901 5070 3090 5143 Τούτῳ
3137 5071 3202 5142 δὴ
3240 5071 3465 5137 πάντως
3516 5074 3634 5126 ἐστὶ
3667 5069 3755 5124 καὶ

2177 5164 2318 5220 πίων
2348 5166 2376 5217 6
2405 5165 2592 5233 ἄρτος,
2615 5165 2900 5229 τουτέστι,
2927 5163 3156 5236 λιπαρὸς
3185 5164 3326 5234 ἄγαν
3361 5166 3456 5218 καὶ
3485 5161 3755 5236 τροφιμώ-

2175 5276 2356 5322 τατος.
2401 5258 2606 5330 Τρέφει
2659 5257 2769 5328 γὰρ
2812 5259 2961 5329 ἡμᾶς
3001 5259 3030 5312 6
3085 5259 3291 5329 Κύριος
3335 5257 3494 5329 ἡμῶν
3555 5254 3755 5328 Ἰησοῦς

2176 5354 2444 5423 Χριστὸς,
2477 5353 2538 5406 οὐ
2575 5351 2751 5422 μάννα
2797 5351 2860 5404 τὸ
2888 5351 3149 5421 αἰσθητὸν
3193 5349 3440 5416 καθιεὶς,
3487 5349 3628 5405 καθὰ
3665 5346 3754 5400 καὶ

2181 5448 2352 5502 πάλαι
2379 5449 2488 5509 τοῖς
2509 5445 2568 5512 ἐξ
2587 5443 2823 5516 Ἰσραὴλ,
2849 5443 2966 5498 ἀλλ’
2983 5443 3322 5505 ἑαυτὸνταῖς
3342 5443 3452 5496 τῶν
3479 5439 3751 5497 πιστευόν-

2179 5554 2287 5592 των
2331 5535 2611 5600 ὲνοικίζων
2657 5534 2858 5604 ψυχαῖς
2900 5532 2992 5587 διὰ
3054 5533 3152 5587 τοῦ
3204 5531 3363 5601 ἁγίου
3422 5529 3747 5600 Πνεύματος.

2177 5631 2472 5702 Τοιγάρτοι
2490 5628 2586 5682 καὶ
2610 5625 2818 5696 ἔφασκε
2847 5629 2959 5691 τοῖς
2990 5626 3259 5703 Ἰουδαίων
3276 5625 3494 5697 δήμοις·
3529 5643 3548 5676 ι
3585 5618 3748 5690 Ἀμὴν

2305 5748 2350 5779 ⁷⁸
2375 5745 2542 5808 Ibid.,
2567 5742 2660 5796 25.
2736 5742 2782 5774 ⁷⁸
2815 5741 2978 5808 lbid.,
3001 5742 3195 5798 24-27.
3277 5741 3325 5773 ⁷⁷
3360 5740 3463 5795 Isa.
3492 5755 3634 5803 xxxx,

480 5802 863 5900 ξιίξιῃ·;“ινβοοι
1007 5802 1145 5868 Gen.
1181 5829 1324 5880 nix,
1357 5813 1445 5868 ‘20.
1492 5802 1571 5848 ’τ’
1601 5815 1809 5873 Coloss.
1841 5833 1898 5886 ιι,
1922 5817 1974 5872 5.
2026 5802 2087 5851 “⁸⁰

2187 5817 2324 5874 atth.
2364 5835 2478 5885 xm,
2510 5802 2598 5870 1H.
2674 5813 2719 5852 ⁸⁸
2750 5814 2911 5871 Prov.
2939 5802 3054 5883 vin,
3094 5814 3182 5872 18.
3246 5810 3293 5847 ⁸³
3323 5812 3469 5870 Psal.
3500 5802 3638 5878 uiv,
3659 5805 3746 5900 10.

477 5871 526 5907 ⁸³
558 5875 722 5930 'Cor.
758 5891 797 5944 ι,
836 5876 888 5943 4,
930 5876 983 5933 5.
