4060 6452
308 369 413 431 359

1277 356 1809 429 GLAPHYRORUM
1847 356 1916 414 1N
1957 356 2265 415 GENESIM
2304 356 2436 413 LIB.
2481 354 2593 411 νη.

3524 342 3634 413 δτθ

309 488 453 562 ἀμὴν
491 485 647 554 λέγω
675 482 827 555 ὑμῖν,
862 478 926 533 οὐ
961 476 1172 549 Μωσῆς
1198 476 1433 535 δέδωκεν
1469 476 1599 548 ὑμῖν
1631 476 1724 531 τὸν
1751 476 1919 548 ἄρτον

2032 490 2187 530 amen
2228 473 2359 529 dico
2387 471 2571 535 vobis,
2612 484 2724 525 non
2763 467 2946 524 loses
2969 458 3124 520 dedit
3152 460 3314 517 vobis
3340 474 3539 532 panem
3563 458 3634 516 de

310 584 371 637 lx
423 578 523 635 τοῦ
568 573 815 650 οὐρανοῦ
861 571 954 627 τὸν
999 569 1281 643 ἀληθινόν.
1337 570 1396 625 '0
1448 568 1559 642 γὰρ
1606 567 1773 642 άρτος
1821 566 1920 622 τοῦ

309 672 441 730 Θεοῦ
470 673 628 726 ἐστιν
672 670 702 723 ὁ
730 664 1082 722 καταϐαίνων
1121 664 1186 718 ὲκ
1213 661 1309 718 τοῦ
1341 662 1578 735 οὐρανοῦ
1597 704 1611 728 ,
1640 661 1737 717 καὶ
1772 660 1920 732 ζωὴν

310 767 486 829 διδους
506 763 591 836 τῷ
615 762 830 833 κόσμῳ.
870 779 888 813 ι
924 757 1045 815 Καὶ,
1069 757 1251 831 πάλιν·
1285 775 1305 809 ι
1351 754 1497 826 Ἑγώ
1535 758 1655 826 εἰμι
1687 756 1716 810 ὁ
1754 753 1920 827 άρτος

310 860 403 931 τῆς
437 857 615 929 ζωῆς.
664 875 685 909 ι
734 856 934 926 Ἀρτος
968 852 1027 906 δὲ
1052 849 1146 906 καὶ
1171 850 1379 921 ἑτέρως
1411 851 1616 904 νοεῖται
1646 846 1921 913 ζωοποιὸς

313 952 452 1011 κατά
482 969 539 1006 τι
567 950 688 1006 τῶν
710 946 1197 1022 άπορῥητοτέρων.
1239 944 1436 998 Δίδωσι
1465 943 1524 997 δὲ
1552 945 1668 1006 τοῖς
1689 942 1922 1016 ἄρχουσι

314 1039 536 1113 τροφήν.
564 1036 746 1107 Φαίην
782 1034 897 1107 γάρ
923 1031 991 1088 ἂν
1013 1075 1028 1099 ,
1068 1032 1152 1086 ὅτι
1180 1029 1376 1103 Θρόνοι
1396 1045 1455 1083 τε
1491 1027 1589 1083 καὶ
1620 1026 1921 1093 Ἐξουσίαι,

294 1132 504 1206 ,Ἆρχαὶ
542 1130 647 1186 καὶ
678 1128 982 1200 Δυνάμεις,
1010 1124 1241 1196 ἄγγελοι
1281 1122 1379 1178 καὶ
1409 1122 1778 1195 ἀρχάγγελοι,
1827 1119 1925 1175 καὶ

315 1229 461 1283 πᾶσα
507 1224 701 1289 κτίσις
733 1223 870 1293 άγία
889 1220 987 1276 καὶ
1014 1218 1234 1291 λογικὴ,
1278 1216 1487 1290 τροφὴν
1526 1219 1763 1271 ποιεῖται
1788 1215 1925 1286 Χρι-

317 1319 456 1377 στόν.
483 1317 603 1372 Καὶ
638 1316 720 1382 ὡς
755 1316 823 1372 ἂν
859 1313 1100 1371 νοεῖσθαι
1141 1311 1204 1366 τὺ
1254 1312 1448 1385 χρῆμα
1491 1308 1720 1383 πρέποι.
1761 1308 1926 1363 Ἀλλὰ

316 1414 545 1477 καὶτοῖς
573 1410 691 1466 τῶν
722 1410 816 1465 tari
852 1408 965 1480 γῆς
991 1407 1262 1479 ποιμνίων
1297 1405 1643 1477 καθηγηταῖς
1673 1402 1927 1475 διανέμει

315 1504 542 1579 τροφάς,
562 1503 735 1575 δῆλον
757 1502 815 1557 δὲ
839 1503 923 1557 ὅτι
946 1500 1047 1565 τὰς
1076 1497 1483 1573 πνευματικὰς,
1499 1498 1601 1570 τὴν
1619 1496 1729 1552 τῶν
1763 1495 1926 1551 θείων

318 1598 641 1671 μυστηρίων
671 1582 1048 1666 ἀποκάλυψιν,
1077 1594 1181 1666 τὴν
1205 1593 1432 1664 ἀπάσης
1457 1591 1667 1664 εἴδησιν
1696 1591 1925 1663 ἀρετῆς,

318 1692 401 1747 ίνα
453 1691 555 1747 καὶ
614 1689 783 1744 αὐτοὶ
852 1688 978 1753 τοὺς
1058 1686 1509 1759 ὑπεζευγμένους
1559 1680 1927 1757 άποτρέφοιεν

319 1784 472 1848 λαοὺς
527 1782 651 1846 τοῖς
709 1782 793 1845 είς
856 1779 1004 1851 ζωὴν
1056 1777 1422 1850 παιδεύμασι.
1472 1776 1771 1848 Τοιγάρτοι
1832 1775 1927 1830 καὶ

2025 567 2168 623 caelo
2196 581 2412 622 verum.
2447 563 2614 621 Panis
2647 561 2799 620 enim
2826 559 2926 616 Dei
2959 566 3047 615 est
3076 557 3169 612 ille
3223 554 3320 626 qui
3342 551 3636 610 descendit

2024 659 2095 716 de
2137 659 2301 725 cmlo,
2339 657 2587 716 etvitam
2612 655 2708 713 dat
2736 653 2948 710 mundo
2967 652 3035 707 ⁸⁸.
3065 671 3083 703 ι
3109 650 3180 705 Et
3199 647 3360 719 233
3395 660 3596 701 rursus
3616 661 3637 701 ι

2033 774 2052 807 ι
2081 754 2198 826 Ego
2233 768 2357 809 sum
2396 751 2558 823 panis
2590 748 2719 805 vitae
2750 747 2820 804 ⁸⁵,
2858 767 2876 800 ι
2910 747 3098 803 Potest
3119 750 3307 799 autem
3331 741 3502 796 etiam
3529 738 3635 794 ali-

2025 854 2114 904 ter
2156 844 2392 917 intelligi
2430 843 2591 915 panis
2623 840 2898 905 viviﬁcus,
2926 834 3232 894 occultiore
3261 831 3504 904 quadam
3542 844 3634 884 ra-

2028 939 2202 995 tione.
2254 938 2359 993 Dat
2384 943 2572 992 autem
2620 932 2970 1005 principibus
2997 930 3346 985 alimentum.
3388 922 3638 980 Dixerim

2025 1030 2172 1091 enim
2208 1026 2359 1099 quod
2383 1024 2595 1082 Throni
2619 1031 2679 1080 et
2698 1024 3030 1087 Potestates,
3056 1016 3410 1086 Principatus
3433 1020 3490 1069 et
3508 1010 3635 1069 Vir-

2028 1130 2199 1188 tutes,
2252 1118 2448 1191 Angeli
2496 1124 2556 1173 et
2598 1113 2954 1187 Archangeli,
2991 1112 3242 1181 adeoque
3266 1107 3450 1165 omnis
3475 1119 3635 1161 crea-

2030 1224 2156 1271 tura
2195 1221 2389 1269 sancta
2427 1218 2486 1266 et
2521 1208 2810 1265 rationalis
2849 1206 3036 1261 cibum
3084 1217 3251 1259 suum
3278 1199 3447 1256 faciat
3475 1196 3638 1254 Chri-

2028 1318 2197 1368 stum.
2239 1307 2448 1364 Verum
2484 1305 2604 1361 haec
2641 1318 2735 1360 res
2784 1308 2848 1357 ut
2882 1315 2984 1371 par
3023 1305 3112 1355 est
3161 1294 3394 1365 intelligi
3444 1291 3634 1349 debet.

2028 1404 2146 1459 lmo
2170 1417 2307 1458 vero
2335 1408 2393 1456 et
2410 1396 2764 1472 principibus
2790 1408 3018 1467 gregum
3048 1390 3107 1447 in
3151 1396 3301 1444 terra
3348 1384 3640 1443 distribuit

2029 1496 2315 1561 alimenta,
2354 1490 2626 1564 spiritalia
2661 1487 2951 1553 nimirum,
2985 1500 3053 1541 ac
3089 1481 3408 1542 divinorum
3431 1485 3639 1551 myste-

2030 1590 2245 1646 riorum
2280 1584 2682 1643 revelationem
2723 1581 3019 1651 omnisque
3061 1576 3290 1634 virtutis
3323 1571 3638 1636 scientiam,

2032 1691 2095 1740 ut
2127 1690 2185 1738 et
2219 1680 2327 1753 ipsi
2358 1677 2600 1750 populos
2631 1690 2746 1732 suae
2773 1673 2905 1731 ﬁdei
2932 1669 3262 1729 commissos
3292 1672 3522 1738 pascant
3543 1663 3643 1721 do-

2033 1778 2215 1836 ctrina
2245 1776 2315 1832 ad
2347 1774 2521 1831 vitam
2548 1770 2800 1828 salutari.
2833 1768 2975 1825 Hinc
3002 1766 3081 1825 ait
3111 1763 3180 1822 ad
3214 1763 3366 1835 ipsos
3394 1778 3408 1815 :
3445 1779 3465 1813 ι
3498 1756 3642 1815 Gra-

320 1875 447 1950 πρδς
475 1875 709 1939 αὐτοὺς,
744 1893 763 1927 ι
801 1849 1028 1946 Δωρεάν
1056 1849 1306 1939 ἐλάϐετε,
1325 1872 1484 1944 φησὶ,
1504 1869 1714 1943 δωρεὰν
1736 1869 1880 1924 δότε.
1902 1889 1921 1925 ι

2034 1874 2107 1931 tis
2135 1868 2450 1942 accepistis,
2488 1866 2665 1939 gratis
2693 1865 2822 1922 date
2848 1863 2914 1919 “.
2947 1882 2968 1915 ι
2996 1860 3137 1918 Item
3161 1866 3220 1915 et
3249 1855 3383 1914 alibi
3407 1873 3421 1911 :
3455 1873 3474 1906 ι
3504 1851 3645 1921 Quis

321 1970 423 2025 Καὶ
449 1970 561 2041 μὴν
590 1967 697 2023 καὶ
726 1964 980 2038 ἑτέρωθι·
1022 1985 1040 2020 ι
1078 1964 1178 2030 Τίς
1206 1965 1317 2037 ἄρα
1348 1965 1498 2020 ἐστὶν
1525 1965 1555 2018 ὁ
1584 1963 1776 2028 πιστὸς
1802 1962 1927 2019 δοῦ-

320 2064 398 2128 λος
451 2063 549 2118 καί⁵
598 2061 907 2133 φρόνιμος,
951 2060 1011 2113 ὃν
1072 2060 1411 2131 καταστήσει
1450 2061 1480 2114 ὁ
1519 2058 1730 2131 Κύριος
1756 2058 1927 2113 αὐτοῦ

325 2159 403 2214 tiri.
433 2157 535 2229 τῆς
565 2155 762 2218 οἰκίας
794 2152 990 2219 αὑτοῦ,
1016 2152 1132 2208 τοῦι
1153 2151 1342 2208 δοῦναι
1378 2153 1437 2208 ὲν
1467 2151 1651 2225 καιρῷ
1681 2151 1745 2206 τὸ
1785 2169 1928 2206 σιτοο

324 2250 566 2324 μέτριονς
617 2247 805 2319 Ἀμὴν
824 2246 974 2316 λέγω
1006 2246 1161 2317 ὑμῖνο
1196 2244 1474 2318 μακάριος
1502 2245 1531 2298 ὁ
1557 2243 1745 2309 δοῦλος
1777 2247 1925 2299 ἐκεῖ-

321 2362 419 2409 νος,
447 2344 505 2399 ὃν
539 2341 726 2397 ἐλθὼν
756 2344 785 2396 ὁ
815 2339 1022 2413 Κύριος
1046 2337 1216 2394 αὐτοῦ
1245 2339 1475 2412 εὑρήσει
1506 2337 1686 2400 οὕτως
1708 2339 1929 2395 ποιοῦν-

318 2454 399 2493 τα.
442 2437 621 2509 ’Δμὴν
654 2435 808 2505 λέγω
830 2434 988 2502 ὑμῖν,
1021 2434 1108 2489 ὅτι
1138 2432 1235 2487 ἐπὶ
1264 2433 1404 2487 πᾶσι
1436 2435 1552 2498 τοῖς
1580 2433 1928 2505 ὑπάρχουσιν

319 2528 474 2585 αὐτοῦ
504 2529 858 2600 καταστήσει
893 2527 1080 2583 αὐτόν.
1116 2545 1134 2578 ι
1171 2524 1348 2581 Τοῦτο
1371 2525 1663 2591 ποιοῦντας
1692 2528 1928 2600 εὑρήειο⁴

321 2640 415 2696 μεν
433 2623 563 2688 τοὺς
610 2621 732 2678 τῶν
772 2620 1119 2693 Ἑκκλησιῶν
1162 2618 1549 2686 διδασκάλους,
1575 2623 1671 2676 καὶ
1707 2621 1817 2694 πρό
1861 2638 1927 2691 γε

318 2717 378 2789 δή
411 2716 620 2772 τούτων
645 2716 783 2780 τοὺς
812 2716 1006 2785 ἁγίους
1032 2714 1389 2779 ἀποστόλους.
1426 2713 1768 2770 Ἐπιστὲλλει
1794 2714 1928 2785 γοῦν

316 2809 342 2861 ὁ
378 2810 661 2883 μακάριος
708 2808 924 2873 Παῦλός
968 2824 1141 2863 τισιν·
1198 2826 1217 2860 ι
1279 2806 1561 2863 Ἐπιποθῶ
1615 2807 1726 2882 γὰρ
1780 2809 1928 2881 ὑμᾶς

320 2903 477 2971 ιδείν,
510 2903 603 2959 ἵνα
638 2922 699 2959 τι
742 2902 961 2975 μεταδῶ
995 2903 1246 2975 χάρισμα
1277 2903 1408 2975 ὑμῖν
1439 2903 1814 2975 πνευματικῶ
1846 2905 1927 2968 είς

317 2997 375 3052 τὸ
414 2997 787 3071 στηριχθῆναι
827 2998 997 3070 ὑμᾶς.
1037 3014 1057 3049 ›
1106 2995 1574 3068 Παρακεκλῆσθαι
1610 2997 1669 3054 δὲ
1703 2998 1799 3052 καὶ
1828 2999 1928 3053 αὐ-

320 3092 398 3147 τοὶ
437 3090 667 3161 λέγουσι
709 3090 867 3164 παρὰ
906 3090 1068 3158 Θεοῦ,
1103 3092 1219 3154 τοῖς
1250 3089 1462 3145 άνωθεν
1515 3090 1745 3160 ἀγαθοῖς
1792 3090 1926 3149 ἁναο

2029 1975 2118 2025 est
2155 1963 2336 2021 ﬁdelis
2376 1975 2570 2018 servus
2610 1965 2669 2014 et
2704 1956 2975 2031 prudens,
3012 1968 3181 2026 quem
3212 1949 3519 2008 constituet
3538 1944 3642 2003 do-

2029 2062 2217 2121 minus
2260 2075 2432 2130 super
2466 2058 2697 2114 domum
2735 2067 2929 2119 suam,
2956 2056 3018 2106 ut
3050 2048 3211 2104 daret
3253 2053 3505 2114 tempore
3536 2054 3641 2117 op-

2030 2166 2276 2231 portuno
2300 2152 2677 2213 demensum?
2708 2149 2885 2206 Amen
2910 2145 3038 2201 dico
3068 2142 3249 2208 vobis,
3289 2138 3489 2196 beatus
3519 2149 3645 2191 ser-

2028 2265 2134 2306 vus
2175 2248 2290 2315 ille,
2336 2261 2507 2319 quem
2550 2242 2821 2301 Dominus
2849 2250 3111 2294 reversus
3142 2230 3422 2289 invenerit
3449 2226 3528 2283 ita
3557 2225 3642 2281 fa-

2030 2342 2294 2398 cientem.
2347 2339 2527 2395 Amen
2567 2336 2697 2393 dico
2733 2332 2918 2398 vobis,
2959 2326 3225 2401 quoniam
3261 2336 3433 2394 super
3455 2319 3639 2377 omnia

2030 2451 2131 2492 sua
2171 2433 2586 2490 constituturus
2617 2429 2690 2486 sit
2715 2426 2900 2499 ipsum
2937 2423 3006 2478 ⁸⁷.
3047 2441 3067 2475 ι
3100 2419 3219 2476 Ηοο
3245 2416 3431 2473 facere
3453 2411 3644 2470 cerni-

2030 2545 2157 2586 mus
2210 2528 2472 2585 doctores
2520 2522 2922 2586 Ecclesiarum,
2976 2524 3034 2573 et
3092 2520 3224 2570 ante
3283 2509 3389 2565 hos
3444 2505 3645 2571 fecisse

2030 2629 2255 2678 sanctos
2287 2619 2592 2692 apostolos.
2630 2613 2793 2672 Unde
2830 2612 3030 2668 beatus
3056 2605 3265 2664 Paulus
3299 2602 3377 2658 ita
3397 2598 3600 2657 scribit
3626 2612 3640 2651 :

2036 2736 2056 2769 ι
2085 2715 2265 2788 Cupio
2312 2729 2415 2770 vos
2463 2712 2678 2776 videre,
2734 2715 2796 2764 ut
2839 2703 3157 2777 impertiam
3199 2698 3360 2755 vobis
3406 2694 3644 2769 gratiam

2029 2787 2383 2882 spiritualem
2416 2808 2475 2863 in
2509 2806 2638 2871 hoc,
2677 2810 2740 2859 ut
2777 2816 2879 2858 vos
2915 2792 3323 2856 conﬁrmemini
3359 2789 3429 2846 ⁸⁸.
3463 2808 3482 2843 ι
3516 2787 3643 2857 Fir-

2028 2920 2178 2961 mam
2198 2903 2349 2960 enim
2375 2908 2435 2957 et
2453 2899 2559 2971 ipsi
2575 2898 2770 2954 dicunt
2793 2910 2852 2951 se
2882 2889 3325 2949 consolationem
3363 2880 3644 2954 accepisse

2029 3014 2060 3054 ιι
2092 2998 2227 3063 Deo,
2259 2996 2356 3067 qui
2388 2992 2628 3064 replevit
2658 3004 2756 3046 eos
2780 2986 3044 3044 omnibus
3072 2980 3237 3038 bonis
3271 2975 3552 3049 supernis,
3586 2979 3644 3029 et

2030 3088 2421 3162 spiritualibus
2458 3085 2623 3142 donis
2653 3082 2920 3155 opulente
2957 3075 3248 3135 saturavit.
3283 3071 3468 3141 Quare
3501 3068 3643 3126 Aser

318 3187 667 3259 πιμπλάντος
687 3160 888 3250 αὐτοὺς
904 3184 1173 3256 δηλονότι,
1209 3186 1307 3240 καὶ
1333 3186 1456 3251 ταῖς
1481 3184 1569 3241 διά
1598 3184 1922 3257 Πνεύματος

2032 3160 2118 3239 est
2138 3180 2418 3244 Christus,
2464 3185 2562 3234 aut
2599 3175 2639 3231 ii
2692 3173 2949 3246 quicum
2998 3167 3225 3226 Christo
3276 3160 3439 3219 dilati
3489 3165 3642 3224 sunt,

322 3278 609 3351 χορηγίαις
662 3277 944 3342 πλουσίως
992 3277 1474 3341 καταπιαίνοντος.
1522 3275 1693 3350 Ἀσὴρ
1732 3277 1797 3348 δὴ
1830 3273 1925 3333 οὖν

320 3370 424 3441 ἄρα
466 3372 747 3445 Χριστὸς,
778 3371 814 3443 ἢ
864 3372 915 3425 οί
956 3371 1195 3441 Χριστὸν
1241 3370 1682 3444 πλουτήσαντες,
1730 3367 1807 3427 ὧν
1858 3371 1926 3427 ἂν

318 3466 486 3520 νοοῖτο
515 3466 615 3521 καί⁵
659 3465 806 3519 πίων
836 3466 864 3518 ὁ
894 3464 1085 3537 ἄρτος.

768 3579 911 3650 Περὶ
940 3580 1049 3636 τοῦ
1081 3581 1453 3652 Νεφθαλείμ.

389 3694 408 3729 ι
452 3673 785 3746 Νεφθαλείμ
832 3674 1090 3746 στέλεχος
1140 3674 1459 3747 ἀνειμένον,
1521 3674 1802 3742 ἐπιδιδοὺς
1846 3677 1926 3750 τῷ

319 3767 679 3844 γεν[ν]ήματι
695 3767 918 3833 κάλλος.
948 3787 966 3820 ι
997 3768 1400 3842 Ἑφαρμόσειεν
1414 3767 1505 3835 ἂν,
1526 3765 1683 3841 οἶμαί
1710 3787 1814 3837 τις,
1831 3773 1927 3827 καὶ

319 3863 412 3916 οὐκ
440 3861 549 3917 ἀπὸ
590 3859 831 3929 σκοποῦ,
873 3860 971 3915 καὶ
1003 3860 1123 3915 τόδε
1157 3860 1239 3931 δή
1268 3861 1436 3916 πάλιν
1463 3860 1615 3935 αὑτῷ
1649 3879 1754 3916 που
1782 3863 1926 3935 τάχα

316 3950 389 4023 τῷ
415 3949 803 4024 Ἐμμανουὴλ,
822 3950 1046 4023 καὶμὴν
1074 3952 1126 4005 εί
1163 3949 1434 4022 βούλοιτο,
1463 3953 1560 4007 καί¹
1588 3953 1775 4020 αὐτοῖς
1811 3958 1926 4021 τοῖς

318 4045 372 4098 ὲν
408 4044 603 4099 πίστει
632 4043 1103 4116 δεδικαιωμένοις,
1139 4046 1237 4098 καὶ
1274 4045 1635 4117 ἡγιασμένοις
1664 4048 1724 4101 ὲν
1755 4048 1922 4103 πνεύ-

323 4154 466 4207 ματι.
525 4137 793 4208 Ἑλέγετο
841 4138 941 4210 μὲν
998 4137 1111 4211 γὰρ
1160 4138 1300 4209 πρὸς
1347 4139 1450 4210 τὴν
1498 4139 1608 4194 τῶν
1648 4140 1926 4196 Ἰουδαίων

324 4229 551 4303 μητέρα,
582 4230 737 4302 φημὶ
763 4229 831 4301 δή
862 4230 966 4302 τὴν
997 4229 1381 4303 Ἰερουσαλὴμ,
1405 4230 1497 4287 διὰ
1527 4230 1717 4304 φωνῆς
1759 4234 1926 4307 Ἰερε-

324 4319 461 4386 μίου·
500 4340 521 4374 ι
569 4320 804 4376 Ἐλαίαν
822 4319 1056 4394 ὡραίαν,
1099 4318 1322 4376 εὔσκιον
1361 4320 1442 4393 τῷ
1486 4323 1640 4390 εῖδει,
1692 4326 1924 4381 ἐκάλεσε

322 4411 518 4486 Κύριος
550 4412 622 4469 τδ
651 4412 830 4485 ὄνομά
870 4430 987 4468 σου.
1040 4414 1138 4478 Εἰς
1177 4414 1364 4486 φωνὴν
1406 4417 1714 4490 περιτομῆς
1752 4420 1925 4493 αὐτῆς

323 4504 527 4579 ἀνήφθη
562 4503 685 4576 πῦρ
729 4506 820 4560 ἐπ’
862 4506 1059 4577 αὑτήν.
1098 4506 1328 4580 Μεγάλη
1379 4510 1416 4580 ή
1462 4508 1644 4581 θλίψις
1688 4511 1783 4566 ἐπὶ
1839 4512 1920 4568 σέ.

336 4596 751 4671 Ἦχρειὼθησαν
783 4601 833 4655 οί
869 4599 1060 4655 κλάδοι
1084 4600 1279 4673 αὐτῆς,
1307 4602 1406 4656 καὶ
1443 4580 1651 4675 Κύριος
1679 4603 1792 4659 τῶν
1834 4604 1926 4659 δυο
1962 4580 2004 4637 D

323 4689 534 4761 νάμεων
555 4696 588 4748 ὁ
616 4693 1041 4767 καταφυτεύσας
1073 4711 1157 4761 σε,
1193 4694 1456 4769 ἐλάλησεν
1484 4696 1577 4751 ἐπὶ
1604 4696 1663 4751 σὲ
1693 4698 1861 4754 κακά.
1898 4719 1916 4751 ι

326 4783 448 4839 Ὅτε
495 4786 611 4859 γὰρ
658 4784 767 4840 ἔδει
819 4784 925 4858 τῆς
977 4785 1338 4861 καθηκούσης
1385 4787 1557 4861 αὐτὴν
1599 4791 1924 4863 ἐπιμελείας

323 4879 497 4949 τυχεῖν
538 4878 827 4952 (σημαίνει
861 4883 992 4952 γὰρ,
1011 4875 1380 4953 οἷμαι,τουτὶ,
1401 4884 1499 4937 καὶ
1525 4881 1716 4956 ἕτερον
1745 4883 1923 4949 οὐδὲν,

325 4970 356 5040 ἠ
394 4973 719 5045 περιτομὴ),
749 4971 878 5027 τότε
899 4975 997 5029 καὶ
1027 4974 1375 5046 ήχρειῶσθαι
1403 4976 1498 5030 καὶ
1527 4976 1927 5051 ἐμπεπρῆσθαί

328 5078 486 5134 φησιν
521 5066 720 5138 αὐτὴν,
758 5067 841 5120 ὅτι
878 5066 956 5141 μὴ
982 5067 1233 5139 παρόντα
1262 5068 1355 5121 τὸν
1387 5068 1638 5141 γεωργὸν
1668 5070 1927 5139 ἐπιγινώ-

330 5169 473 5211 σκειν
500 5157 682 5229 ἤθελε,
710 5159 823 5223 τὸν,
849 5150 937 5212 οἷά
964 5176 1070 5212 τινι
1100 5159 1347 5232 δρεπὰνῃ
1379 5163 1444 5232 τῇ
1476 5160 1796 5236 τομωτάτῃ,
1826 5161 1924 5230 ⁴τοῦ

331 5250 635 5322 πνεύματος
656 5252 916 5325 ἐνεργείᾳ
940 5252 1052 5307 τῶν
1091 5253 1333 5324 ἀχρείων
1367 5254 1519 5324 ἡμᾶς
1555 5254 1929 5311 ἀπαλλάττον-

329 5356 423 5407 τα,
467 5344 749 5409 τουτέστι,
775 5343 887 5398 τῶν
930 5344 1318 5415 γεωδεστέρων
1345 5346 1440 5399 καὶ
1489 5346 1804 5417 σαρκικῶν,
1836 5347 1925 5402 ἵνα

330 5431 425 5503 τὴν
464 5437 545 5500 τίς
580 5439 691 5492 πᾶν
740 5436 925 5492 ὁτιοῦν
967 5437 1079 5492 τῶν
1120 5436 1597 5512 τεθαυμασμένων
1630 5440 1817 5512 ἔφεσίν
1862 5440 1931 5497 τέ

334 5525 419 5578 καὶ
459 5527 774 5601 προθυμίαν
810 5529 1154 5601 ἑκτέκωμεν.
1194 5531 1355 5585 Ἔστι
1400 5532 1534 5602 γοῦν
1570 5533 1805 5589 ἀκοῦσαι
1834 5533 1925 5589 λι.

335 5632 511 5685 γοντος
540 5622 790 5697 ἐναργῶς
819 5623 916 5678 τοῦ
937 5624 1162 5681 πάντων
1187 5626 1222 5697 ή
1231 5624 1349 5697 μῶν
1370 5625 1631 5701 Σωτῆρος
1654 5627 1922 5701 Χριστοῦ

2035 3291 2273 3347 quorum
2297 3274 2458 3345 panis
2485 3286 2621 3327 vere
2649 3267 2871 3342 pinguis
2914 3261 3144 3335 intelligi
3171 3259 3359 3317 debet.

2589 3570 2668 3628 De
2705 3564 3070 3643 Nephthalim.

2115 3697 2133 3728 ι
2164 3671 2523 3747 Nephtbalim
2590 3676 2825 3731 truncus
2872 3663 3165 3725 remissus,
3215 3660 3355 3713 dans
3407 3651 3646 3728 gemini

2035 3786 2138 3831 suo
2182 3764 2660 3842 pulchritudinem
2691 3760 2760 3817 ⁸⁹.
2803 3778 2822 3812 ι
2872 3754 3031 3814 Haud
3064 3748 3437 3812 incommode.
3464 3756 3530 3803 ut
3551 3761 3646 3833 ar-

2035 3828 2237 3925 bitror,
2275 3849 2782 3912 accommodaverit
2815 3848 2943 3920 quis
2965 3846 3135 3903 etiam
3161 3842 3271 3899 hoc
3294 3853 3493 3897 rursus
3537 3828 3646 3909 ipsi

2034 3949 2410 4015 Emmanueli,
2449 3961 2690 4011 necnon,
2721 3942 2767 3999 si
2792 3942 2993 4014 placet,
3023 3938 3094 3995 iis
3119 3935 3216 4009 qui
3239 3951 3341 4008 per
3360 3932 3528 3989 ﬁdem
3549 3931 3645 4003 ju-

2035 4027 2259 4104 stilicati
2309 4050 2442 4099 sunt
2479 4036 2926 4107 sanctiﬁcatique
2959 4033 3018 4090 in
3061 4031 3285 4103 spiritu.
3342 4026 3647 4084 Dicebatur

2033 4139 2184 4221 enirn
2225 4135 2295 4192 ad
2328 4133 2649 4191 Iudaeorum
2697 4136 2954 4193 matrem,
3011 4121 3348 4187 Jerusalem,
3390 4118 3641 4189 inquam.

2034 4215 2136 4305 per
2184 4244 2379 4287 vocem
2421 4224 2720 4287 Jeremiie:
2778 4242 2795 4273 ι
2825 4219 3042 4276 Olivam
3090 4213 3276 4289 specie
3326 4211 3642 4285 pulchram,
3733 4211 3743 4223 '

2035 4304 2287 4398 Opacam,
2324 4321 2549 4379 vocavit
2581 4316 2852 4374 Dominus
2884 4326 3089 4367 nomen
3134 4318 3309 4364 tuum.
3342 4304 3425 4361 Ad
3449 4318 3644 4360 vocem

2034 4419 2212 4491 ipsius
2235 4410 2683 4472 circumcisionis
2705 4420 2976 4462 accensus
3001 4408 3088 4457 est
3109 4401 3254 4473 ignis
3278 4406 3472 4454 contra
3493 4412 3639 4453 eam.

2035 4488 2229 4584 Liagua
2261 4504 2549 4566 tribulatio
2576 4501 2687 4559 erit
2716 4500 2773 4555 in
2800 4506 2875 4553 te.
2911 4494 3146 4552 Inutiles
3177 4491 3309 4549 facti
3343 4496 3476 4546 sunt
3501 4488 3642 4544 rami

2034 4608 2176 4679 ejus,
2227 4612 2286 4660 et
2329 4599 2603 4658 Dominus
2649 4595 2923 4652 virtutum
2968 4597 3059 4647 est
3107 4587 3206 4661 qui
3252 4584 3528 4660 plantavit.
3565 4592 3639 4640 te.

2033 4675 2281 4755 Locutus
2326 4700 2413 4749 est
2459 4695 2655 4747 contra
2692 4693 2748 4742 te
2784 4683 2990 4740 malum
3037 4681 3107 4736 '°.
3142 4698 3160 4732 ι
3190 4676 3331 4735 Cum
3351 4677 3500 4734 enim
3533 4675 3641 4748 ipsi

2034 4804 2170 4848 cura
2201 4784 2543 4845 conveniens
2586 4786 2738 4837 esset
2777 4772 3094 4832 adhibenda
3138 4766 3306 4843 235
3347 4767 3425 4834 (id
3464 4765 3638 4835 enim,

2034 4892 2191 4956 puto,
2210 4890 2266 4938 et
2282 4878 2421 4935 nihil
2439 4873 2612 4939 aliud,
2635 4868 2909 4945 significat
2937 4867 3056 4938 ipsa
3078 4857 3479 4932 circumcisio),
3505 4872 3643 4913 tunc

2026 4949 2084 5032 et
2107 4972 2361 5030 inutilem
2390 4966 2590 5023 factam
2614 4971 2671 5018 et
2692 4958 3042 5017 combustam
3070 4967 3191 5009 eam
3221 4950 3320 5017 ait,
3349 4949 3481 5021 quia
3504 4962 3643 5020 pra:-

2029 5076 2244 5126 sentem
2299 5059 2599 5135 agricolam
2646 5051 2830 5111 noluit
2868 5059 3195 5122 agnoscere,
3235 5041 3333 5114 qui
3372 5048 3639 5113 tanquam

2029 5163 2166 5219 ialce
2220 5156 2540 5215 acutissima
2584 5165 2686 5222 per
2731 5146 2965 5219 spiritus
3021 5138 3323 5197 eiiicaciam
3356 5135 3426 5192 ab
3462 5134 3636 5191 inuti-

2026 5253 2176 5308 libus
2203 5266 2307 5305 nos
2329 5242 2629 5308 abscindit,
2654 5240 2764 5295 hoc
2782 5245 2890 5303 est,
2919 5250 2950 5290 a
2966 5231 3208 5290 terrenis
3223 5236 3280 5287 et
3297 5227 3636 5292 carnalibus,

2034 5355 2097 5403 ut
2120 5341 2463 5401 desiderium
2491 5334 2943 5401 alacritatemque
2960 5326 3029 5384 ad
3047 5342 3112 5382 ea
3130 5341 3255 5397 qua:
3269 5321 3639 5381 admiratione

2033 5441 2202 5514 digna
2236 5445 2387 5500 sunt,
2435 5429 2878 5501 conciperemus.
2920 5422 3000 5479 De
3024 5421 3131 5477 hoc
3156 5419 3327 5492 igitur
3354 5415 3487 5472 licet
3513 5413 3634 5470 Sal-

2033 5544 2284 5591 vatorem
2306 5528 2557 5585 omnium
2581 5531 2836 5578 nostrum
2873 5515 3069 5574 audire
3098 5512 3378 5570 dicentem
3405 5527 3418 5563 :
3470 5526 3488 5557 ι
3516 5504 3643 5577 Ego

2034 5643 2159 5685 sum
2197 5623 2330 5681 vitis
2362 5635 2515 5687 vera,
2549 5627 2605 5675 et
2624 5617 2791 5674 Pater
2819 5626 2978 5668 meus
3006 5606 3247 5684 agricola
3268 5611 3372 5660 cst.
3400 5599 3632 5656 Omnem

425 5794 901 5876 fimum-’22-
954 5804 1336 5876 ,”lbid.,55.
1413 5806 1459 5840 ιο
1497 5806 1693 5864 Matth.
1725 5824 1780 5876 ι,
1820 5807 1872 5865 8.
1952 5802 2511 5874 "Luc.xn,42-M.
2588 5796 2634 5831 ια
2668 5795 2827 5851 Rom.
2862 5807 2902 5859 ι,
2933 5788 3021 5844 ιι.
3099 5784 3298 5842 “Gen.
3348 5778 3632 5848 xux,‘2l.

400 5868 443 5901 ”
469 5870 666 5931 Jerem.
714 5868 787 5943 xi,
820 5875 909 5944 16,
940 5875 1027 5931 17.
