4060 6520
242 1274 263 1283 ν
363 1254 415 1307 ei
465 1252 748 1319 uniamur,
799 1268 864 1308 ac
913 1252 1086 1309 veluti
1122 1252 1457 1324 pinguedine
1488 1250 1558 1306 ab
1581 1252 1703 1321 ipso
1725 1257 1952 1319 accepta

350 388 452 461 δτι
1397 397 1454 453 S.
1494 394 1771 453 CYRIILI
1803 393 2277 449 ALEXANDRINI
2312 386 2632 450 ARCHIEP.
3564 374 3686 433 573

357 516 644 588 palmitem
668 513 766 585 qui
796 513 853 568 in
880 527 970 569 me
993 527 1107 568 non
1132 511 1242 567 fert
1264 510 1532 575 fructum,
1555 508 1723 571 tollit,
1749 514 1806 563 et
1831 521 1944 561 om-
1973 553 1976 563 .

2120 504 2266 575 Ἐγώ
2296 508 2413 577 ειμι
2447 507 2480 576 ἡ
2510 504 2753 576 ἄμπελος
2787 506 2820 573 ἡ
2849 497 3101 574 ἀληθινὴ,
3130 499 3226 556 καὶ
3244 501 3273 555 6
3301 495 3531 568 Πατήρ
3569 508 3689 565 μου

356 622 484 664 nem
514 606 611 677 qui
633 605 742 661 fert
767 605 1030 670 fructum,
1054 610 1272 674 purgat,
1304 610 1368 658 ut
1404 600 1646 657 fructum
1672 599 1942 671 producat

2106 598 2355 671 γεωργός
2388 600 2524 653 ἐστι.
2563 597 2679 652 Πᾶν
2709 596 2895 668 κλῆμα
2936 596 2995 650 ὲν
3024 597 3150 667 ἐμοὶ
3192 593 3267 666 μὴ
3306 591 3508 663 φέρον
3534 603 3690 659 καρ-

357 700 723 770 copiosiorem
766 700 833 752 ἰ.
869 718 888 748 ι
937 697 1075 752 Nam
1100 695 1367 750 Dominus
1388 703 1579 749 noster
1598 694 1759 749 Jesus
1778 692 1943 748 Chri-

2078 691 2170 758 ;δν,
2206 690 2350 761 αἴρει
2377 688 2533 743 αὐτό·
2576 689 2672 743 καὶ
2703 690 2814 741 πᾶν
2846 686 2907 740 τὸ
2937 686 3150 757 καρτὸν
3174 684 3351 754 φέρον
3390 677 3687 770 καθαίρει

358 768 479 848 stus
528 801 613 848 est
659 791 831 847 veluti
876 789 1033 844 radix
1072 789 1322 860 quaedam
1360 796 1419 844 et
1468 788 1642 859 stipes
1681 786 1812 843 vitis
1844 785 1944 841 ad-

2078 782 2214 846 ιὺτδ,
2257 782 2346 836 ίνα
2385 779 2597 852 καρπὸν
2638 778 2863 833 πλείονα
2901 777 3062 849 φέρῃ.
3105 796 3123 830 ι
3179 775 3340 839 Ῥίζα
3395 772 3515 843 μὲν
3561 768 3687 840 γὰρ

358 884 585 938 modum
629 882 986 938 exuberantis
1033 890 1203 951 atque
1246 887 1461 936 onustae
1505 879 1708 935 talibus
1746 877 1944 943 botris,

2078 871 2137 929 ἷά
2154 891 2261 941 τις,
2277 873 2628 946 καὶάμπέλου
2651 872 2900 944 στέλεχος
2922 868 3256 942 ὲμϐεϐοθρευ
3266 866 3459 939 μένης
3485 863 3689 930 ἀσφα-

360 975 456 1045 qui
495 974 563 1029 ad
606 974 907 1029 novitatem
941 973 1173 1044 spiritus
1204 980 1335 1029 sunt
1354 971 1603 1028 adducti.
1628 970 1740 1027 Nos
1762 977 1949 1026 autem

2078 966 2176 1031 ὣς,
2208 966 2316 1021 τῶν
2349 967 2430 1030 είς
2461 965 2760 1036 καινότητα
2784 964 2929 1034 ζωῆς
2954 961 3335 1033 ἐνηνεγμένων
3373 960 3409 1011 6
3452 954 3689 1027 Κύριος

363 1080 556 1122 sumus
610 1064 787 1120 instar
837 1065 1130 1136 palmitum
1173 1064 1232 1119 in
1285 1064 1500 1119 unitate
1558 1061 1788 1133 spiritus
1844 1059 1950 1130 ipsi

2078 1059 2210 1131 ςμῶν
2265 1058 2478 1131 Ἰησοῦς
2525 1057 2783 1129 Χριστός.
2821 1055 3132 1127 Κλημάτων
3176 1052 3235 1105 δὲ
3275 1051 3457 1121 δίκην
3502 1048 3686 1117 ἡμεῖς

365 1160 546 1231 agnati
567 1167 623 1214 et
651 1159 827 1224 insiti,
861 1175 989 1215 cum
1015 1158 1440 1232 intelligibiliter
1477 1172 1580 1228 per
1621 1155 1950 1213 charitatem

2078 1151 2176 1206 εαθ’
2200 1152 2396 1207 ἕνωσιν
2426 1151 2525 1224 τὴν
2552 1154 2609 1205 ὲν
2637 1150 2909 1221 πνεύματι
2940 1142 3437 1218 προσπεφύκαμέν
3475 1138 3687 1232 ᾖτε-καὶ

2053 1243 2425 1318 ἁπηρτήμεθα
2456 1242 2682 1315 νοητῶς,
2713 1242 2902 1312 ἀγάπῃ
2939 1242 3006 1311 τῇ
3040 1241 3121 1303 είς
3153 1235 3317 1291 αὐτὸν
3348 1230 3689 1298 συνδούμε-

2054 1354 2156 1400 νοι,
2186 1339 2281 1391 καὶ
2306 1336 2758 1398 ὲνσπαταλῶντες
2787 1334 3006 1403 πιότητι
3032 1333 3100 1403 τῇ
3139 1330 3271 1400 παρ’
3303 1323 3501 1381 αὐτοῦ
3520 1367 3538 1390 ,
3582 1322 3688 1377 καὶ

2052 1431 2123 1501 τῇ
2144 1428 2266 1501 θείᾳ
2288 1429 2615 1501 τρεφόμενοι
2640 1428 2824 1499 χάριτι
2852 1424 2990 1497 πρὸς
3006 1420 3405 1496 καρποφορίαν
3431 1416 3685 1489 ἀρετῆς.

364 1344 729 1410 luxuriantes,
780 1345 970 1401 divina
1017 1345 1193 1417 gratia
1228 1345 1440 1400 alamur
1482 1343 1548 1398 ad
1570 1340 1953 1398 fructificatio-

366 1451 493 1491 nem
534 1437 777 1492 virtutis.
816 1435 994 1492 Porro
1033 1451 1140 1491 una
1168 1449 1295 1490 cum
1318 1434 1458 1490 Filio
1478 1434 1645 1489 etiam
1669 1433 1832 1488 Pater
1853 1446 1952 1487 cu-

366 1541 487 1581 ram
533 1527 677 1598 gerit
720 1527 921 1583 nostri.
964 1527 1082 1582 Imo
1114 1540 1250 1582 vero
1284 1524 1635 1581 manifestum
1674 1532 1759 1580 est
1783 1524 1951 1594 quod,

368 1617 587 1673 etiamsi
629 1616 885 1674 Christus
924 1616 1265 1689 intelligatur
1304 1615 1455 1682 vitis,
1509 1616 1673 1672 Pater
1716 1616 1958 1687 agricola

370 1717 478 1776 est,
531 1725 697 1765 omne
738 1725 1140 1783 supervacuum
1188 1710 1248 1765 in
1289 1708 1513 1765 Christo
1548 1718 1861 1780 amputans,
1900 1718 1960 1766 et

373 1813 564 1853 curam
597 1799 868 1856 adhibens
916 1809 978 1856 ut
1001 1815 1166 1871 quam
1196 1796 1404 1872 optime
1440 1801 1769 1872 proveniant
1791 1803 1956 1871 bona,

2070 1519 2494 1574 Ἐπισκέπτεται
2521 1517 2579 1572 δὲ
2620 1518 2692 1571 τὰ
2723 1516 2846 1571 καθ’
2877 1515 3026 1588 ἡμᾶς
3061 1514 3158 1590 σὶρν
3196 1510 3322 1582 Υίῷ
3366 1509 3478 1563 καὶ
3508 1504 3696 1565 αὐτὸς

2059 1613 2090 1667 6
2119 1609 2491 1683 Πατήρ.Ἀλλ⁹
2523 1609 2640 1664 ἐστι
2679 1626 2782 1663 που
2818 1607 3005 1678 δῆλον,
3045 1607 3129 1661 ὅτι
3165 1604 3272 1659 κᾶν
3313 1604 3370 1656 εί
3415 1596 3689 1671 ἄμπελος

2061 1708 2236 1760 νοοῖτο
2260 1683 2530 1776 Χριστὸς,
2558 1703 2805 1775 γεωργὸς
2828 1701 2886 1756 δὲ
2917 1701 2945 1755 6
2974 1699 3201 1770 Πατὴρ,
3230 1698 3291 1751 ἑν
3331 1690 3590 1766 Χριστῷ
3619 1689 3690 1762 δὴ

2063 1797 2287 1861 πάντως
2320 1795 2383 1850 τὸ
2427 1797 2650 1867 ἀχρεῖον
2680 1795 2979 1865 ἀποκερεῖ,
3021 1791 3115 1845 καὶ
3174 1786 3485 1862 φροντίδος
3533 1782 3690 1849 ἀξιοῖ

374 1898 542 1962 atque
583 1892 642 1947 in
690 1892 812 1964 ipso
858 1863 1066 1965 queant
1096 1863 1460 1951 fructiﬁcare:
1481 1894 1620 1951 Cum
1650 1895 1838 1967 itaque
1863 1863 1961 1953 de;

2078 1889 2121 1944 τὸ
2149 1889 2227 1953 ὡς
2263 1863 2650 1961 ἄριστα-’ἔχειν
2690 1863 2992 1957 δυνάμενον
3030 1884 3123 1967 καὶ
3161 1876 3586 1954 καρποφοροῦν
3625 1878 3689 1931 ἐν

374 1982 582 2038 auisset
601 1983 917 2040 Iudaeorum
940 1992 1176 2042 matrem
1201 1987 1641 2058 praestantiorem
1667 1987 1869 2054 videri,
1902 1995 1962 2043 et

374 2086 497 2128 esse
518 2072 817 2129 famosam
836 2083 1002 2145 atque
1025 2089 1253 2146 opacam
1280 2076 1502 2142 olivam,
1527 2076 1670 2133 sicut
1691 2076 1961 2148 propheta

376 2162 494 2217 ait:
534 2172 654 2218 tum
690 2163 809 2235 ipsa
843 2165 1028 2236 periit,
1067 2164 1320 2237 ignisque
1342 2165 1400 2220 in
1421 2181 1486 2221 ea
1507 2181 1793 2222 accensus.
1821 2166 1963 2223 Hinc

375 2261 439 2307 et
479 2255 701 2325 sapiens
734 2256 977 2312 Joannes
1007 2274 1020 2310 :
1068 2275 1087 2307 ι
1112 2256 1234 2312 Iam
1263 2257 1476 2312 securis
1498 2256 1568 2312 ad
1600 2258 1844 2313 radicem
1870 2274 1962 2313 ar-

379 2342 533 2398 boris
571 2345 752 2414 posita
783 2354 889 2411 est,
916 2346 1113 2417 inquit.
1145 2346 1338 2403 Omnis
1367 2347 1534 2420 igitur
1554 2348 1721 2404 arbor
1743 2364 1856 2404 non
1879 2348 1964 2405 fa-

379 2431 536 2488 ciens
573 2431 812 2491 fructum
854 2435 1061 2492 bonum
1115 2436 1458 2493 exscinditur
1487 2447 1546 2494 et
1577 2439 1874 2512 conjicitur
1906 2441 1966 2496 in

381 2520 566 2592 ignem
597 2524 666 2579 ".
704 2544 724 2577 ι
769 2524 925 2592 Quod
963 2534 1148 2581 autem
1180 2527 1416 2583 celebris
1451 2528 1544 2584 illa
1568 2529 1700 2584 urbs
1722 2529 1777 2584 in
1800 2528 1966 2584 ﬁnem

387 2631 562 2686 usque
604 2619 970 2689 opprimenda
1016 2620 1089 2677 sit
1127 2621 1562 2687 calamitatibus,
1618 2623 1796 2679 multo
1839 2631 1968 2679 ante

384 2706 575 2764 docuit
612 2709 879 2779 propheta
920 2711 1233 2778 Zacharias,
1279 2712 1512 2769 dicens:
1548 2734 1566 2765 ι
1595 2714 1664 2768 Et
1685 2715 1794 2769 erit
1815 2714 1971 2786 plan-

385 2803 510 2852 ctus
555 2797 613 2852 in
650 2798 983 2867 Jerusalem,
1039 2802 1185 2858 sicut
1241 2804 1497 2874 planctus
1558 2805 1686 2860 mali
1742 2806 1966 2877 punici,

382 2886 533 2958 quod
556 2887 612 2943 in
634 2904 830 2961 campo
851 2892 1157 2949 succiditur
1188 2894 1258 2948 ”.
1293 2914 1312 2946 ι
1356 2895 1427 2950 Et
1461 2911 1659 2952 rursus
1690 2898 1863 2953 veluti
1900 2897 1971 2953 ad

384 2976 563 3049 ipsam
598 2982 715 3037 ait:
770 3001 788 3034 ι
819 2983 1051 3051 Libane,
1098 2985 1251 3056 aperi
1271 2994 1461 3056 portas
1494 2993 1635 3053 tuas,
1659 2996 1717 3043 et
1744 2987 1974 3043 devoret

386 3070 531 3141 ignis
557 3072 756 3128 cedros
785 3082 929 3130 tuos.
962 3076 1148 3132 Ululet
1175 3077 1361 3148 pinus,
1389 3093 1458 3134 eo
1482 3079 1629 3149 quod
1651 3080 1853 3136 cecidit
1878 3096 1971 3137 ce-

2061 1979 2236 2052 αὐτῷ.
2280 1960 2411 2035 Ὅτε
2441 1981 2623 2035 τοίνυν
2669 1979 2836 2050 ἐχρῆν
2869 1980 2925 2032 ὲν
2966 1960 3249 2048 ἀμείνοσιν
3292 1970 3557 2042 δρᾶσθαι
3585 1984 3688 2037 γε·

2060 2073 2372 2146 γενημένην
2429 2074 2530 2144 τὴν
2558 2072 2668 2126 τῶν
2708 2070 2977 2126 Ἰουδαίων
3007 2067 3253 2139 μητέρα,
3283 2063 3398 2135 τὴν
3450 2059 3690 2115 εὖσκιόν

2032 2184 2121 2226 ,τι
2156 2167 2255 2221 καὶ
2299 2165 2512 2238 ὡραίαν
2551 2163 2763 2230 ἐλαίαν,
2803 2163 2879 2226 ὡς
2908 2163 2936 2215 6
2972 2161 3262 2233 προφήτης
3314 2153 3507 2225 φησὶ,
3555 2150 3686 2204 τότε

2064 2256 2161 2313 καὶ
2210 2256 2490 2322 ἀπόλωλε,
2532 2256 2627 2309 καὶ
2668 2254 2884 2326 ἀνήφθη
2919 2251 3031 2322 πῦρ
3061 2252 3119 2304 ἐν
3150 2250 3317 2319 αὐτῇ.
3369 2243 3689 2315 Τοιγάρτοι

2064 2348 2206 2404 καὶὸ
2241 2346 2404 2417 σοφὸς
2453 2346 2726 2415 Ἰωάννης,
2768 2362 2787 2397 ι
2828 2342 2968 2410 Ἤδη
2994 2340 3050 2394 δὲ
3082 2340 3177 2393 καλ⁸
3198 2339 3234 2408 ἡ
3260 2336 3466 2407 ἀξίνη,
3517 2333 3685 2403 φησι,

2065 2440 2203 2513 πρὸς
2227 2438 2326 2510 τὴν
2357 2436 2517 2510 ῥίζαν
2547 2434 2656 2489 τῶν
2688 2433 2920 2505 δένδρων
2944 2433 3144 2485 κεῖται’
3174 2429 3284 2481 πᾶν
3316 2422 3419 2481 οὖν
3460 2423 3688 2495 δένδρον

2071 2534 2146 2607 μὴ
2190 2531 2378 2586 ποιοῦν
2423 2529 2637 2601 καρπὸν
2675 2527 2860 2591 καλὸν,
2894 2524 3253 2583 ἐκκόπτεται,
3296 2521 3408 2573 καὶ
3442 2520 3529 2582 είς
3571 2515 3687 2594 πῦρ

2071 2626 2348 2698 βάλλεται.
2388 2643 2409 2677 ›
2448 2624 2572 2677 Ὅτι
2604 2620 2661 2675 δὲ
2697 2618 2892 2691 ἔμελλε
2924 2620 3045 2681 ταῖς
3078 2617 3160 2679 είς
3205 2613 3373 2682 λῆξιν
3411 2608 3686 2680 ἡκούσαις

2070 2717 2241 2775 κακοῦ
2275 2714 2693 2787 περιπεσεῖσθαι
2736 2713 3046 2783 συμφοραῖς
3079 2711 3113 2779 ἠ
3156 2704 3461 2777 διαϐόητος
3496 2702 3676 2766 πόλις.

2073 2806 2650 2883 προανεχρησμῴδησε
2703 2804 2881 2874 λέγων
2930 2804 2959 2855 6
3013 2800 3304 2873 προφήτης
3365 2794 3678 2867 Ζαχαρίας-

2079 2925 2099 2958 ι
2139 2905 2250 2959 Καὶ
2277 2902 2427 2957 ἔσται
2458 2903 2487 2954 6
2525 2899 2758 2963 κοπετδς
2794 2900 2895 2970 τῆς
2932 2892 3294 2967 Ἰερουσαλὴμ
3327 2891 3412 2955 ὡς
3443 2887 3681 2950 κοπετδς

2077 2997 2277 3067 ῥοῶνος
2340 2998 2398 3049 tv
2443 2993 2612 3063 πεδίῳ
2674 2987 3105 3060 ὲκκοπτομένου.
3154 3004 3174 3037 ι
3218 2985 3338 3037 Καὶ
3387 2982 3562 3037 πάλιν
3605 2978 3682 3041 ὡς

2076 3090 2214 3162 πρὸς
2250 3090 2445 3159 αὐτήψ
2470 3107 2490 3141 ι
2521 3084 2816 3150 Διάνοιξον,
2847 3083 2876 3135 6
2899 3079 3153 3143 Λίϐανος,
3184 3076 3289 3140 τὰς
3331 3074 3517 3144 θύρας
3560 3087 3679 3136 σου,

388 3163 542 3219 drus.
577 3162 715 3231 Quia
749 3166 1011 3237 praecipui
1043 3177 1327 3239 magnates
1350 3169 1429 3224 tui
1454 3168 1511 3224 in
1536 3170 1839 3240 perniciem
1872 3170 1972 3226 de-

2078 3183 2176 3239 καὶ
2214 3179 2578 3250 καταφαγέτω
2608 3177 2721 3248 πῦρ
2757 3174 2857 3238 τὰς
2897 3172 3128 3244 κέδρους
3170 3185 3291 3222 σου.
3334 3162 3683 3270 Ῐρλολυζέτω

389 3264 682 3311 venerunt.
716 3257 957 3325 Ululate,
1006 3275 1247 3331 quercus
1305 3261 1502 3329 Basan,
1559 3262 1690 3332 quia
1730 3262 1977 3319 succisus

391 3353 478 3401 est
502 3347 674 3403 saltus
705 3349 954 3404 consitus
981 3349 1047 3405 οι.
1085 3369 1104 3402 ι
1147 3350 1390 3408 Libanus
1415 3356 1566 3408 enim
1596 3368 1755 3408 mons
1777 3361 1862 3408 est
1881 3368 1976 3408 ce-

394 3438 512 3495 dris
545 3439 806 3505 refertus,
847 3458 969 3512 qum
1001 3443 1132 3499 boni
1157 3444 1345 3501 odoris
1378 3454 1463 3501 est
1486 3445 1690 3516 planta,
1715 3446 1978 3516 pulchra-

394 3546 503 3601 que
528 3532 584 3586 in
609 3532 824 3603 primis.
849 3533 1059 3591 Libano
1073 3552 1205 3609 ergo
1224 3548 1508 3609 comparat
1524 3539 1977 3614 Hierosolymam,

392 3622 560 3697 235
607 3641 731 3696 quas
775 3642 908 3684 sane
951 3629 1334 3688 admirandam
1394 3633 1564 3689 habet
1630 3635 1982 3690 sacerdotum

395 3716 831 3788 multitudinem,
878 3730 1145 3792 quantum
1183 3722 1396 3785 scilicet
1429 3724 1500 3779 ad
1532 3723 1803 3780 honorem
1846 3725 1985 3796 legis

394 3809 612 3865 attinet.
658 3810 725 3866 Hi
769 3813 916 3868 enim
942 3813 1169 3870 fuerunt
1191 3814 1470 3885 praepositi
1500 3815 1688 3882 duces,
1725 3832 1790 3873 ac
1810 3817 1984 3873 veluti

398 3901 457 3956 in
500 3901 653 3959 silvis
684 3903 912 3960 robusta
932 3921 995 3962 ac
1018 3906 1277 3976 praecelsa
1300 3906 1466 3978 ligna,
1491 3907 1695 3978 quippe
1720 3908 1812 3979 qui
1847 3909 1985 3964 alios

398 4009 595 4050 omnes
636 3998 968 4052 auctoritate
1037 3998 1386 4065 antccellant,
1444 4000 1821 4070 populumque
1877 4000 1985 4056 sibi

399 4086 708 4158 subjectum
754 4088 915 4160 longe
960 4097 1241 4159 superent.
1284 4088 1555 4146 Caeterum
1603 4107 1865 4148 succensa
1903 4101 1988 4147 est

397 4177 724 4247 Jerusalem,
765 4181 873 4237 hoc
915 4189 1019 4247 est,
1059 4181 1343 4249 Libanus;
1394 4183 1490 4253 qui
1518 4199 1652 4239 vero
1691 4182 1748 4238 in
1773 4183 1890 4254 ipsa
1916 4183 1986 4239 il-

400 4272 606 4329 lustres
647 4289 713 4329 ac
753 4282 1082 4345 praestantes
1122 4282 1300 4342 erant,
1339 4275 1636 4347 gloriaque
1694 4276 1987 4331 altitudine

401 4365 732 4433 eminentes,
783 4366 1115 4437 planxerunt
1169 4382 1226 4423 se
1284 4367 1551 4434 invicem,
1611 4367 1871 4424 cadentes
1925 4383 1989 4423 ac

402 4468 729 4530 pereuntes:
756 4459 960 4532 quippe
986 4460 1081 4532 qui
1106 4461 1163 4516 in
1187 4461 1598 4518 robustissimos
1614 4461 1988 4521 Romanorum

2082 3275 2278 3342 πίτυς,
2319 3272 2454 3327 διότι
2480 3270 2741 3324 πέπτωκε
2783 3266 2999 3337 κέδρος.
3028 3264 3151 3317 Ὅτι
3204 3259 3474 3331 μεγάλως
3525 3269 3683 3326 μεγιο

2082 3371 2276 3431 στᾶνες
2315 3361 2793 3432 ἐταλαιπώρησαν,
2848 3352 3381 3425 ’ολολύξατε,δρύες
3434 3349 3540 3419 τῆς
3569 3347 3678 3399 Βα-

2083 3458 2385 3524 σανίτιδος,
2414 3457 2496 3510 ὅτι
2541 3449 2899 3520 κατεσπάσθη
2932 3450 2960 3503 6
2990 3444 3195 3517 δρυμὸς
3234 3444 3264 3497 6
3311 3441 3625 3512 σύμφυτος.
3656 3450 3677 3484 ›

2083 3551 2312 3616 Λίϐανος
2333 3547 2557 3622 μὲνγὰρ
2578 3545 2702 3618 δρος
2727 3543 2846 3597 ἐστὶ
2870 3543 2938 3613 τῇ
2970 3539 3148 3611 κέδρῳ
3189 3536 3541 3605 κατάκομον.
3587 3529 3683 3583 Εὐο

2083 3647 2217 3710 ὦδες
2232 3645 2287 3699 δὲ
2302 3621 2363 3697 τδ
2377 3641 2566 3713 φυτὸν,
2585 3639 2682 3694 καὶ
2703 3637 2813 3695 τῶν
2839 3636 2923 3691 ὅτι
2943 3632 3179 3705 μάλιστα
3198 3621 3682 3699 τεθαυμασμένων

2084 3744 2164 3805 εἰς
2180 3734 2618 3804 κάλλοςΛιϐάνῳ
2638 3730 2703 3799 δὴ
2718 3724 2810 3784 οὖν
2825 3723 3154 3799 παρεικάζει
3168 3722 3266 3794 τὴν
3289 3714 3611 3792 Ἱερουσαλὴ
3619 3730 3678 3784 μ,

2083 3834 2186 3888 οὐκ
2233 3828 2582 3900 ἀθαύμαστον
2632 3823 2862 3894 ἔχουσαν
2899 3818 2997 3891 τὴν
3047 3816 3158 3869 τῶν
3194 3815 3392 3888 ἱερέων
3433 3808 3679 3882 πληθὺν,

2084 3925 2144 3979 τό
2165 3941 2228 3994 γε
2257 3915 2414 3995 ἧκον,
2453 3917 2618 3989 φημὶ,
2653 3914 2789 3988 πρὸς
2820 3912 2919 3975 τὰς
2939 3913 3001 3965 ὲκ
3016 3909 3181 3980 νόμου
3212 3908 3405 3977 τιμάς.
3427 3903 3681 3995 Τέθειντο

2085 3992 2196 4089 γὰρ
2232 3992 2559 4086 ἡγούμενοι,
2593 4009 2690 4064 καὶ
2734 4002 2933 4079 οἷάπερ
2984 4007 3041 4058 ἐν
3070 4005 3297 4075 δρυμοῖς
3333 3998 3478 4071 ἀδρά
3504 4013 3562 4050 τε
3589 3992 3682 4048 καὶ

2087 4106 2544 4181 εὐθυμηκὲστατα
2572 4101 2722 4168 ξύλα,
2747 4100 2810 4154 τὸ
2837 4100 2944 4152 τῶν
2968 4097 3141 4152 ἄλλων
3168 4094 3431 4149 ἁπάντων
3462 4089 3679 4181 ἀνέχον-

2085 4218 2178 4266 τες
2209 4177 2429 4271 μὲτρον,
2459 4195 2552 4250 καὶ
2583 4192 2719 4246 πολὺ
2751 4190 2858 4245 τῶν
2896 4188 3001 4243 ὑπό
3038 4189 3197 4259 χεῖρα
3227 4184 3378 4239 λαῶν
3419 4177 3678 4252 ὑπερκεί-

2092 4310 2266 4367 μενοι.
2331 4288 2469 4343 Ἀλλ’
2516 4286 2904 4359 ὲμπέπρησται
2955 4280 3055 4352 μὲν
3112 4276 3508 4350 Ἰερουσαλὴμ,
3557 4288 3679 4324 του·

2088 4366 2291 4450 τέστιν,
2329 4384 2358 4436 6
2387 4378 2642 4442 Λίϐανος.
2671 4379 2733 4430 Οί
2758 4376 2816 4429 δὲ
2849 4375 2907 4428 ὲν
2933 4374 3070 4443 αὐτῇ
3097 4371 3365 4442 λαμπροὶ,
3400 4366 3497 4421 καὶ
3526 4379 3679 4436 περι-

2092 4478 2439 4548 φανέστατοι.
2464 4472 2558 4526 καὶ
2582 4470 2644 4524 τὸ
2670 4470 2729 4522 ὲν
2751 4465 3019 4528 εὐκλείαις
3046 4463 3260 4535 ἔχοντες
3282 4461 3449 4530 ὕψος,
3481 4456 3677 4526 τεθρηο

403 4549 574 4606 duces
594 4567 706 4605 non
736 4551 898 4607 aliter
941 4568 1106 4621 quam
1142 4553 1197 4607 in
1227 4552 1527 4625 lignatores
1550 4553 1816 4633 quosdam
1842 4552 1976 4607 inci-

2092 4572 2320 4642 νήκασιν
2369 4564 2660 4636 ἀλλήλους,
2708 4557 3000 4622 πίπτοντες
3042 4572 3104 4609 τε
3141 4555 3237 4608 καὶ¹
3284 4550 3674 4642 ἀπολλύμενοι.

402 4639 605 4696 derint.
636 4640 843 4696 Verum
878 4641 1145 4697 Dominus
1186 4651 1375 4700 noster
1402 4643 1562 4701 Jesus
1589 4643 1864 4708 Christus,
1889 4659 1988 4700 eo-

403 4745 528 4785 rum
554 4730 650 4801 qui
677 4731 804 4785 mali
838 4732 980 4787 male
1019 4733 1322 4803 perierunt,
1354 4743 1586 4789 truncus
1616 4738 1701 4787 est
1736 4731 1985 4787 effectus.

402 4821 617 4877 Gaudet
639 4821 786 4876 enim
815 4836 1033 4891 semper
1058 4822 1290 4878 infinitis
1313 4823 1486 4897 copiis
1518 4837 1740 4877 sursum
1778 4821 1986 4877 vehen-

404 4911 510 4977 dis,
551 4920 609 4969 et
645 4929 747 4984 per
781 4921 980 4982 totum,
1015 4923 1075 4969 ut
1110 4930 1222 4969 uno
1256 4913 1427 4969 verbo
1451 4913 1650 4980 dicam,
1673 4914 1866 4969 orbem
1900 4914 1986 4969 di-

403 5006 626 5065 latatur.
662 5003 819 5072 Quod
862 5006 1041 5078 ipsum
1072 5005 1513 5078 praesignificavit
1547 5006 1694 5061 Deus
1719 5007 1866 5061 clare
1888 5022 1988 5078 per

404 5111 596 5151 vocem
636 5095 945 5153 Ezechielis
978 5096 1054 5151 ita
1078 5095 1270 5151 dicens
1305 5112 1317 5149 :
1351 5115 1368 5146 ι
1398 5096 1469 5151 Ει
1496 5096 1761 5168 accipiam
1788 5112 1855 5151 ex
1876 5097 1990 5151 ele-

412 5186 515 5242 etls
549 5185 723 5251 cedri,
765 5202 834 5242 ex
871 5188 1188 5243 summitate
1220 5187 1405 5243 cordis
1439 5185 1687 5258 ipsorum
1735 5188 1988 5253 evellam,

405 5284 464 5332 et
494 5275 754 5348 plautaho
790 5277 844 5332 in
886 5286 1128 5334 montem
1155 5279 1347 5353 altum,
1371 5289 1428 5334 et
1456 5279 1784 5351 suspendam
1812 5280 1993 5353 ipsum

408 5370 466 5425 in
508 5378 752 5425 montem
785 5370 1078 5426 sublimem
1110 5370 1350 5426 Israelis.
1377 5373 1446 5428 Et
1468 5373 1750 5445 plantabo,
1776 5381 1833 5429 et
1857 5389 1989 5448 pro-

406 5460 574 5519 ducet
597 5478 843 5533 germen,
870 5461 1144 5532 facietque
1173 5462 1435 5531 fructum,
1456 5474 1511 5521 et
1536 5465 1643 5521 erit
1676 5466 1735 5520 in
1760 5463 1989 5521 cedrum

407 5571 683 5630 magnam,
718 5564 775 5610 et
806 5556 1054 5632 quiescet
1089 5557 1193 5612 sub
1225 5557 1340 5631 ipsa
1368 5559 1548 5615 omnis
1570 5558 1705 5625 fera,
1733 5567 1790 5614 et
1812 5560 1994 5614 omnis

410 5651 634 5704 Voluccr
661 5649 766 5705 sub
803 5649 999 5704 uinbra
1024 5651 1143 5722 ejus
1165 5651 1434 5721 quiescet.
1460 5650 1719 5706 Germina
1757 5652 1874 5722 ejus
1900 5667 1990 5707 re-

2093 4634 2187 4717 καὶ
2213 4661 2402 4729 ὥσπερ
2424 4634 2537 4708 τισὶ
2572 4651 2864 4724 δρυτόμοις
2900 4647 3293 4719 περιπεσόντες
3320 4634 3676 4729 εὐσθενεστα-

2090 4770 2204 4815 τοις
2225 4754 2335 4815 τοῖς
2349 4726 2634 4817 Ῥωμαίων
2657 4745 3000 4815 στρατηγοῖς.
3021 4740 3159 4794 Ἀλλ’
3177 4742 3204 4794 ὃ
3223 4755 3286 4807 γε
3304 4735 3509 4807 Κύριος
3526 4726 3677 4799 ἡμῶν

2103 4845 2310 4917 Ἰησοῦς
2339 4841 2594 4914 Χριστὸς,
2613 4839 2680 4892 δι’
2709 4831 2785 4892 ὧν
2822 4838 3020 4890 ἐκεῖνοι
3052 4832 3214 4887 κακοὶ
3242 4828 3430 4889 κακῶς
3463 4817 3673 4917 amoliti):

2091 4906 2237 4996 λασι.
2278 4906 2531 5001 στέλεχος
2559 4929 2779 4998 γέγονεν
2807 4922 3110 4995 ἀνειμένον.
3155 4916 3431 4990 Ἐντρυφᾷ
3452 4911 3562 4982 γὰρ
3592 4906 3677 5001 αεὶ

2088 5032 2209 5092 ταῖς
2239 4996 2637 5094 ἀωταλῆκτοις
2665 5021 2745 5082 είς
2780 5018 2842 5073 τὸ
2867 5017 2981 5071 ἄνω
3022 5014 3236 5085 φοραῖς,
3267 5008 3363 5064 καὶ
3402 5006 3561 5094 ὅλης,
3589 4996 3673 5094 ,ὡς

2091 5082 2219 5182 ἔπος
2242 5117 2438 5178 εἰπεῖν,
2465 5082 2564 5184 τῆς
2591 5082 2682 5165 ὑπ’
2713 5107 2944 5181 οὐρανὸν
2967 5082 3383 5173 κατευρύνεται.
3414 5093 3523 5149 Καὶ
3546 5082 3672 5184 atii—16

2091 5213 2157 5283 δὴ
2183 5180 2343 5265 τοῦτο
2375 5180 2753 5280 προανεφώνει
2784 5180 2981 5270 σαφῶς
3019 5200 3048 5251 6
3078 5197 3211 5259 Θεὸς
3243 5192 3331 5247 διὰ
3359 5185 3541 5283 φωνῆς
3583 5180 3670 5231 '15-

2093 5276 2282 5377 ζεχιὴλ
2311 5276 2453 5356 οὕτω
2474 5299 2667 5368 λέγων·
2702 5315 2722 5348 ι
2756 5296 2868 5350 Καὶ
2884 5294 3126 5365 λήψομαι
3159 5292 3224 5343 ἐκ
3246 5286 3355 5381 τῷν
3381 5276 3668 5381 ὲπιληὲκτων

2097 5360 2196 5467 ,ἑῆς
2222 5360 2437 5467 ³,έδροιὴ
2461 5395 2526 5447 ἐκ
2544 5360 2790 5462 ξορυφσῑκ
3074 5382 3255 5438 αὐτῶν
3284 5370 3544 5473 ἀποκνιῶ,

2099 5450 2493 5555 καταφυτεύσω
2511 5450 2625 5552 ἐγω
2645 5450 2880 5553 ἐπίδρος
2901 5450 3128 5552 ύψηλὸν,
3151 5475 3246 5531 καλ⁵
3267 5466 3528 5543 κρεμάσω
3542 5450 3665 5555 αὐτο

2098 5582 2158 5635 ὲν
2183 5542 2300 5651 ὄρει
2325 5542 2586 5651 μετεώρῷ
2615 5572 2709 5628 τοῦ
2743 5542 2979 5645 Ἰσραήλ.
2995 5542 3114 5624 ’Καὶ
3136 5558 3545 5651 καταφυτεύσω,
3575 5542 3662 5651 κήξ

2099 5635 2297 5741 ἐξοίσει
2325 5635 2563 5741 ’βλαστὸν
2584 5707 2597 5733 ,
2630 5667 2724 5721 καὶ
2754 5665 2879 5736 πτιιῆ
2888 5680 2969 5717 σει
3000 5661 3245 5734 καρπὸν,
3285 5654 3387 5713 καὶ
3425 5649 3572 5703 ἔσται
3595 5635 3667 5699 εις

480 5865 524 5900 ⁸⁸
574 5831 724 5923 ὤση.
749 5879 835 5929 xv,
870 5863 917 5927 l,
945 5861 999 5916 *2.
1073 5865 1119 5894 ⁰³
1162 5860 1353 5917 Matth.
1390 5877 1466 5926 ιιι,
1503 5860 1587 5915 l0.
1665 5860 1713 5891 ’³
1751 5859 1976 5915 Zachar.

2078 5876 2104 5923 :,
2130 5858 2208 5911 ll.
2288 5856 2329 5888 ’ν’
2371 5852 2598 5909 Zachar.
2639 5866 2709 5917 ιι,
2748 5847 2862 5902 1-5.
