4060 6436
294 309 394 368 373

1249 291 1777 352 GLAPHYBORUM
1819 292 1888 347 IN
1927 288 2234 349 GENESIM
2272 292 2404 349 Lm.
2448 250 2560 350 vn.

3472 286 3579 351 376

292 430 471 500 κέδρον
508 417 782 495 μεγάλην,
826 413 925 470 καὶ
963 411 1349 489 ἀναπαύσεται
1395 412 1659 467 ὑποκάτω
1704 408 1871 465 αὑτοῦ
1907 462 1908 467 η

2012 409 2302 476 timentur,
2333 418 2393 466 et
2428 410 2617 465 omnia
2654 409 2802 482 ligna
2839 410 3021 481 campi
3047 421 3380 482 cognoscent
3433 413 3581 483 quod

294 523 391 577 πᾶν
427 515 641 588 θηρίον,
674 510 773 566 καὶ
806 509 916 563 πᾶν
951 505 1199 561 πετεινὸν
1230 504 1337 559 ὑπὸ
1367 505 1467 575 τὴν
1503 508 1663 557 σκιὰν
1704 501 1874 557 αὐτοῦ

293 608 670 668 ἀναπαύσεται.
699 603 815 658 Καὶ
845 600 914 656 τὰ
943 599 1206 671 κλήματα
1232 596 1395 651 αὐτοῦ
1422 592 1877 665 ἀποκατασταθήο

294 720 453 765 σεται,
488 701 585 755 καὶ
611 697 916 768 γνώσονται
945 692 1124 747 πάντα
1154 691 1224 746 τά
1263 690 1395 757 ξύλα
1426 689 1520 744 τοῦ
1560 688 1767 752 πεδίου,
1793 688 1876 741 δτι

295 798 392 868 ὶγὼ
424 794 660 866 Κύριος,
708 793 739 846 ό
776 786 1054 844 ταπεινῶν
1090 785 1246 852 ξύλον
1290 784 1536 855 ὑψηλὸν,
1586 782 1681 836 καὶ
1725 778 1883 849 ὑψῶν

296 890 434 959 ξύλον
461 884 745 947 ταπεινὸν,
771 881 868 935 καλ⁸
890 879 1166 952 ξηραίνων
1188 875 1346 944 ξύλον
1372 874 1605 947 χλωρὸν,
1640 871 1735 927 καλ⁸
1757 872 1883 926 ἀνα·

297 981 490 1038 θάλλων
549 976 710 1044 ξύλον
762 974 945 1046 ξηρόν.
1016 970 1160 1041 Ἐγὼ
1210 969 1417 1040 Κύριος
1465 967 1740 1039 ἐλάλησα,
1786 964 1882 1019 καὶ

298 1072 516 1140 ποιήσω.
560 1087 582 1122 ι
628 1065 827 1137 Συνίης
856 1058 952 1117 οὖν
993 1063 1078 1117 ὅτι
1119 1060 1192 1114 τὰ
1237 1059 1497 1114 ἑπίλεκτα
1543 1056 1644 1127 τῆς
1690 1054 1883 1126 κέδρου

298 1164 483 1228 λαϐὼν,
514 1157 1007 1227 καταπεφύτευκεν
1051 1156 1185 1226 ἡμῖν
1231 1152 1295 1207 τὸ
1335 1151 1436 1223 τῆς
1470 1151 1618 1222 ζωῆς
1654 1148 1811 1216 ξύλον
1856 1146 1885 1200 ό

296 1260 412 1323 Θεὸς
441 1256 537 1311 καὶ
566 1252 781 1323 Πατὴρ,
809 1247 1058 1303 τουτέστι
1079 1244 1339 1318 Χριστόν.
1380 1242 1678 1297 Ἐπίλεκτα
1703 1240 1760 1294 δὲ
1785 1238 1886 1310 τῆς

299 1350 476 1419 κέδρου
501 1345 639 1416 φησὶ
671 1343 771 1415 τὴν
807 1340 978 1395 Ἰούδα
1006 1337 1203 1410 φυλὴν,
1227 1337 1326 1408 τὴν
1358 1331 1884 1406 κατάρχουσανκάεὶ,

302 1441 511 1499 καὶτῶν
536 1439 720 1495 ἄλλων
757 1434 1174 1505 εύκλεεστέραν·
1209 1432 1270 1498 ἐξ
1302 1424 1371 1503 ἧς
1407 1430 1579 1499 ἀνέφυ
1618 1428 1713 1481 καὶ
1758 1425 1890 1480 Ἰεσ-

303 1537 402 1601 σαὶ,
429 1534 523 1590 καὶ
547 1532 741 1596 Δαϐὶδ,
774 1530 867 1585 καὶ
900 1531 935 1599 ἡ
969 1528 1102 1598 ἀγία
1145 1524 1445 1597 Παρθένος,
1472 1524 1506 1595 ἢ
1534 1521 1629 1576 τὸν
1680 1517 1890 1592 Ἰησοῦν

303 1632 594 1686 ὲκτέτοκεν.
639 1627 769 1680 Ὅτι
813 1623 871 1676 δὲ
914 1621 1013 1676 καὶ
1056 1620 1149 1675 ἐπὶ
1191 1617 1350 1685 ξύλου
1402 1615 1779 1688 κεκρέμασται
1821 1610 1889 1665 δι’

306 1726 436 1797 ἡμᾶς
460 1721 520 1777 τδ
548 1722 618 1774 ὲκ
641 1719 750 1790 τῆς
792 1715 1097 1772 ἀπολέκτου
1121 1713 1315 1785 κέδρου
1346 1710 1573 1783 ληφθὲν,
1602 1708 1697 1764 καὶ
1725 1703 1896 1776 φυτόν

1981 518 2083 573 ego
2128 502 2409 558 Dominus.
2438 504 2563 567 sim,
2610 502 2706 574 qui
2757 502 3045 558 humiliem
3073 503 3283 574 lignum
3309 504 3503 567 altum,
3527 513 3585 559 et

1982 596 2218 651 exaltem
2253 596 2464 667 lignum
2504 596 2737 661 humile,
2773 596 3122 652 etexsiccem
3159 596 3581 668 lignumviride,

1984 700 2039 747 et
2070 690 2267 747 faciam
2300 691 2613 762 germinare
2638 690 2879 746 aridum.
2922 691 3038 763 Ego
3067 690 3335 745 Dominus
3369 689 3506 753 dixi,
3531 699 3588 744 et

1985 783 2185 840 faciam
2215 784 2283 838 ’⁵.
2319 802 2338 835 ι
2384 784 2741 855 lntelligisne
2763 799 2874 855 quo
2905 792 3067 854 pacto
3110 798 3179 838 ex
3202 783 3397 839 electis
3420 782 3587 852 lignis

1988 875 2142 932 cedri
2162 874 2430 946 plantarit
2451 874 2615 930 nobis
2637 875 2784 931 Deus
2807 882 2864 931 et
2885 875 3051 932 Pater
3073 874 3284 946 lignum
3306 874 3454 939 vitae,
3482 873 3589 928 hoc

1988 977 2094 1035 est,
2129 967 2447 1025 Christum?
2472 968 2664 1024 Electa
2706 978 2891 1024 autem
2927 968 3075 1040 ligna
3116 967 3270 1024 cedri
3305 974 3469 1023 vocat
3490 965 3590 1021 tri—

1990 1061 2125 1117 bum
2154 1059 2331 1124 Iudae,
2361 1074 2585 1129 semper
2610 1065 2954 1129 regnantem,
2980 1058 3216 1129 aliisque
3232 1057 3585 1122 nobiliorem;

1991 1169 2061 1210 ex
2114 1169 2222 1224 qua
2278 1151 2609 1223 prodierunt
2651 1150 2805 1207 Jesse
2836 1156 2907 1205 et'
2924 1150 3118 1216 David,
3160 1156 3589 1206 etsacrosancta

1991 1247 2180 1318 Virgo,
2233 1260 2358 1316 qua:
2410 1243 2646 1314 peperit
2665 1243 2877 1299 Iesum.
2918 1241 3089 1309 Quod
3125 1242 3413 1297 autemlin
3442 1242 3591 1312 ligno

1994 1347 2224 1410 propter
2254 1353 2359 1393 nos
2398 1350 2730 1405 suspensum
2765 1333 2937 1390 fuerit
2969 1333 3106 1392 illud
3130 1349 3203 1390 en
3218 1334 3392 1389 electa
3416 1333 3593 1387 cedro

1996 1441 2314 1504 sumptum,
2369 1427 2634 1500 quodque
2690 1426 3067 1499 pulcherrima
3130 1424 3593 1496 ﬂoridissimaquc

1996 1525 2166 1581 arbor
2207 1525 2300 1589 sits,
2348 1522 2611 1578 omnibus
2660 1528 3010 1592 compertum
3044 1527 3150 1576 est.
3187 1518 3299 1576 Nos
3327 1534 3462 1574 vero
3497 1517 3594 1589 qui

1999 1621 2131 1677 olim
2168 1620 2378 1675 fuimus
2408 1617 2561 1674 arida
2598 1624 2765 1686 atque
2797 1612 3122 1685 infrugifera
3155 1613 3323 1685 ligna,
3360 1627 3507 1667 nunc
3528 1626 3597 1666 ex

2000 1714 2100 1770 Dei
2136 1712 2417 1768 voluntate
2454 1709 2828 1774 reﬂoruimus,
2868 1707 3042 1762 aridis
3076 1706 3299 1762 interim
3327 1703 3483 1761 factis
3509 1714 3598 1759 at-

307 1788 407 1874 t'a'rt
425 1815 585 1871 καλόν
614 1831 681 1867 τε
705 1788 811 1866 καὶ
827 1806 1246 1870 εὐανθέστατον,
1279 1803 1399 1868 πῶς
1432 1801 1595 1857 ἐστιν.
1613 1795 1891 1871 ἀμφιϐάλ-

2012 1825 2107 1882 que
2145 1796 2437 1865 exsicca’tis
2468 1802 2878 1877 quodammodo
2914 1801 3037 1857 istis
3093 1801 3189 1871 qui
3224 1807 3388 1856 erant
3422 1799 3480 1855 in
3516 1799 3601 1855 vi-

307 1911 437 1974 λεινς
481 1902 1004 1973 Ἀνεὸλαστήσαμεν
1042 1898 1100 1951 δὲ
1127 1897 1221 1951 καὶ
1248 1897 1411 1968 ἡμεῖς
1449 1892 1540 1946 ea
1572 1889 1767 1961 βουλῆς
1796 1884 1902 1942 τοῦ

310 1999 522 2071 Πατρὸς,
552 1997 628 2050 τὰ
669 1994 844 2050 πάλαι
874 1990 1016 2064 ξηρά
1042 1991 1138 2045 καὶ
1164 1986 1381 2060 καρπὸν
1401 1985 1502 2039 οὐκ
1518 1983 1713 2055 ἔχοντα
1735 1979 1893 2046 ξύλα,

318 2094 470 2167 ξηρῶν
499 2090 813 2161 γεγονότων
843 2087 938 2142 καὶ
973 2083 1318 2139 αὑανθέντων
1368 2079 1574 2152 τρόπον
1618 2074 1745 2130 τινά
1784 2073 1895 2129 τῶν

316 2165 375 2249 ὡς
400 2186 452 2239 ἐν
472 2183 746 2255 ὑγρότητι
774 2181 869 2234 καὶ
893 2178 1006 2249 ζωῇ
1039 2175 1135 2230 τοῦ
1164 2174 1356 2245 νόμου,
1378 2171 1630 2225 τουτέστι
1649 2209 1663 2233 ,
1691 2167 1802 2221 τῶν
1837 2165 1898 2232 ἐξ

323 2276 536 2350 Ἰσραήλ.
582 2275 705 2329 Καὶ
744 2273 796 2327 οἱ
827 2271 927 2344 μὲν
949 2266 1091 2341 ἦσαν
1126 2267 1340 2339 ὑψηλοὶ,
1380 2261 1627 2319 ταπεινοὶ
1654 2261 1710 2315 δὲ
1734 2261 1899 2331 ἡμεῖς

313 2375 394 2428 καὶ
430 2369 896 2443 κατερῤιμμένοι.
947 2363 1088 2419 Ἀλλ’
1127 2361 1426 2433 ὑψώθημεν
1460 2360 1518 2413 ὲν
1546 2354 1771 2429 Χριστῷ
1810 2353 1899 2409 διὰ

313 2463 549 2526 πίστεως.
594 2462 666 2516 Οἱ
694 2459 753 2512 δὲ
790 2457 894 2528 τῆς
933 2452 1169 2526 ἀρχαίας
1211 2448 1547 2507 κατώλισθον
1578 2447 1768 2518 δόξης,
1803 2446 1900 2500 καὶ⁵

314 2556 550 2627 γεγόνασι
574 2549 855 2607 ταπεινοί.
882 2547 1016 2611 Θεὸς
1036 2540 1131 2601 οὖν
1158 2547 1309 2599 ἐστιν
1331 2547 1360 2598 ό
1379 2542 1488 2596 τῶν
1511 2540 1648 2595 ὅλων
1672 2538 1899 2610 Κύριος,

313 2653 341 2705 ὁ
359 2649 449 2703 καὶ
479 2647 634 2710 ἰδίοις
664 2644 905 2716 νεύμασι
936 2628 1209 2696 ταπεινῶν
1237 2638 1308 2692 τὰ
1337 2635 1540 2707 ὑψηλὰ,
1579 2634 1675 2688 καὶ
1699 2633 1901 2687 ἀνακο-

318 2743 472 2815 μίζων
492 2739 630 2811 ὑψοῦ
659 2738 732 2791 τά
760 2734 1019 2797 ταπεινὰ,
1052 2732 1147 2788 καὶ
1179 2730 1452 2805 ξηραίνων
1473 2726 1630 2796 ξύλον
1665 2724 1900 2798 χλωρὸν,

315 2814 401 2887 καὶ
422 2830 746 2885 ἀναϐάλλων
774 2827 931 2894 ξύλον
965 2823 1151 2895 ξηρόν.
1181 2823 1305 2876 Ὅτι
1332 2820 1441 2893 γάρ
1473 2819 1506 2892 ἢ
1536 2816 1781 2887 ἀκάνθης
1808 2814 1904 2869 καὶ

314 2925 546 2996 τριδόλου
579 2920 961 2991 διενεγκόντες
981 2919 1158 2985 οὐδὲν,
1189 2917 1238 2970 oi
1272 2917 1337 2969 ὲκ
1358 2913 1458 2984 τῆς
1499 2909 1735 2985 ἀρχαίας
1768 2910 1903 2964 Συνε-

317 3019 527 3089 αγωγῆς
568 3014 862 3089 μονονουχὶ
896 3012 993 3068 καὶ
1018 3012 1117 3083 τῆς
1147 3009 1311 3079 ἁγίας
1345 3006 1736 3077 ἀποκείρονται
1774 3002 1903 3073 γῆς.

319 3110 577 3179 amth
603 3109 665 3162 δὲ
693 3106 889 3177 ὥσπερ
926 3106 960 3176 ἡ
984 3105 1092 3157 τῶν
1123 3103 1182 3156 ὲν
1215 3101 1397 3155 πίστει
1420 3097 1651 3169 πληθὺς,
1678 3095 1907 3158 καὶτοῖς

316 3202 417 3258 τῶν
458 3202 698 3273 δένδρων
735 3196 1127 3270 εὐοσμοτάτοις
1164 3190 1598 3265 παρεικάζεται,
1649 3186 1911 3260 μαθήσῃ,

319 3295 554 3365 λέγοντος
584 3292 688 3348 τοῦ
731 3289 900 3345 Θεοῦ⁶
952 3308 971 3341 ι
1021 3288 1133 3342 Καὶ
1177 3286 1393 3357 ποιήσω
1439 3283 1539 3355 τὴν
1587 3281 1796 3353 ἔρημον
1833 3283 1912 3344 εἰς

322 3390 428 3460 ἕλη,
455 3390 549 3443 καὶ
575 3387 684 3459 τὴν
708 3385 817 3455 γῆν
862 3386 920 3437 ὲν
954 3382 1318 3454 ὑδραγωγοϊς.
1355 3378 1522 3450 Θήσω
1556 3378 1638 3437 είς
1677 3376 1778 3444 τὴν
1821 3372 1915 3427 ἆν-

324 3482 470 3554 υδρον
521 3480 628 3548 γῆν
688 3476 901 3548 κέδρον,
957 3474 1054 3529 καὶ
1100 3472 1309 3538 πύξον,
1356 3470 1477 3523 καῖ
1504 3466 1796 3539 μυρσίνην,
1822 3464 1917 3518 καὶ

325 3574 677 3645 κυπάρισσον,
723 3570 818 3624 καὶ
854 3567 1076 3639 λεύκην.
1128 3585 1148 3617 ι
1186 3564 1297 3620 Kal
1338 3562 1456 3635 μεθ’
1501 3562 1685 3631 ἓτερα’
1739 3579 1757 3611 ι
1803 3559 1916 3613 Καὶ

327 3667 466 3721 ἕσται
496 3667 617 3720 ἀντὶ
644 3665 751 3734 τῆς
782 3660 1004 3732 στοιῦἧς
1034 3659 1372 3731 ἀναϐήσεται
1405 3655 1766 3726 κυπάρισσος,
1796 3652 1921 3708 ἀντὶ

292 3766 295 3767 ⁷
330 3764 382 3819 δὲ
410 3764 509 3834 τῆς
538 3761 784 3833 κονύζης
822 3759 1158 3830 ἀναῦήσεται
1189 3757 1446 3829 μυρσίνη.
1500 3775 1519 3809 ι
1551 3754 1651 3810 Διά
1687 3754 1785 3825 μὲν
1810 3754 1922 3826 γάρ

331 3859 423 3930 τῆς
464 3856 659 3928 κέδρου
701 3855 921 3925 νοήσεις
959 3852 1061 3924 τὴν
1102 3853 1184 3914 είς
1224 3849 1538 3922 ἀφθαρσίαν
1582 3848 1775 3916 ἐλπίδα
1811 3846 1924 3901 τῶν

333 3949 803 4005 πεπιστευκότωνν
834 3945 1112 4019 σήπεσθαι
1151 3945 1265 4016 γὰρ
1309 3945 1411 3998 οὐκ
1453 3940 1593 3997 οἶδεν
1627 3944 1661 4014 ἡ
1708 3943 1921 4013 κέδρος.

333 4042 424 4097 Διά
452 4043 509 4096 δὲ
540 4043 642 4114 τῆς
680 4040 877 4107 πύξου,
916 4038 980 4092 τὸ
1013 4039 1152 4110 μήτε
1180 4038 1245 4090 ἐν
1273 4034 1569 4107 κουφότητι
1605 4035 1700 4090 νοῦ
1720 4076 1738 4103 ,
1788 4037 1927 4107 μήτε

338 4134 437 4205 μὴν
473 4136 532 4188 ὲν
578 4132 823 4205 ἐλαφρίᾳ
858 4130 1104 4203 φρενῶν,
1139 4129 1267 4195 τοὺς
1318 4130 1377 4183 ἐν
1416 4129 1639 4201 Χριστῷ
1687 4129 1929 4183 νοεῖσθαι

338 4226 556 4297 πρέπον.
591 4224 821 4279 Συνετοὶ
861 4224 972 4294 γὰρ
1006 4222 1281 4286 ἅπαντες,
1332 4220 1540 4276 ὲπείτοι
1577 4220 1705 4276 νοῦν
1741 4220 1929 4293 έχουσι

1977 1915 2132 1981 _gore
2167 1910 2224 1955 et
2259 1898 2372 1953 vita
2398 1896 2559 1968 legis,
2594 1894 2703 1949 hoc
2725 1901 2830 1958 est,
2856 1889 3140 1946 lsraelitis.
3172 1889 3351 1959 Atque
3377 1888 3433 1942 hi
3470 1887 3599 1957 qui;

2003 1994 2130 2050 dem
2161 1998 2322 2048 crant
2347 1988 2573 2052 excelsi,
2601 2001 2705 2041 nos
2734 2001 2868 2039 vero
2893 1982 3132 2038 humiles
3154 1989 3320 2051 atque
3350 1977 3552 2050 abjecti
3581 1996 3594 2032 :

2004 2086 2168 2158 236
2220 2084 2320 2141 sed
2364 2098 2514 2139 nunc
2558 2096 2660 2152 per
2682 2077 2847 2133 fidem
2872 2076 2929 2131 in
2959 2074 3244 2132 Christum
3274 2087 3377 2127 nos
3408 2084 3603 2127 sumus

2004 2177 2229 2235 exaltati
2252 2178 2334 2244 νος
2364 2176 2423 2231 hi
2449 2189 2580 2230 vero
2603 2170 2835 2244 pristina
2858 2169 3030 2240 gloria
3046 2165 3392 2230 exciderunt,
3417 2163 3607 2219 humi:-

2004 2269 2235 2339 liatiquc
2273 2274 2423 2323 sunt.
2463 2266 2612 2321 Deus
2645 2263 2815 2334 igitur
2840 2268 2926 2317 est
2953 2258 3123 2315 totius
3142 2255 3388 2312 universi
3420 2250 3607 2309 Domi-

2005 2376 2134 2426 nus,
2176 2360 2271 2431 qui
2311 2374 2414 2430 pro
2446 2371 2548 2411 suo
2575 2355 2849 2410 arbitratu
2888 2348 3147 2405 humiliat
3170 2344 3451 2408 sublimia,
3477 2341 3606 2414 qui-

2007 2470 2115 2525 que
2140 2453 2351 2524 abjecta
2390 2450 2445 2505 in
2481 2448 2653 2503 altum
2689 2443 2905 2501 extollit
2939 2460 2952 2496 :
2989 2441 3083 2513 qui
3123 2438 3365 2495 exsiccet
3395 2436 3604 2506 lignum

2008 2545 2206 2610 viride,
2258 2552 2314 2599 et
2370 2540 2682 2614 germinare
2727 2534 3121 2593 facitaridum.
3150 2533 3288 2588 Nam
3314 2528 3464 2601 quod
3516 2527 3607 2583 isti

2009 2640 2105 2711 qui
2152 2639 2379 2694 fuerunt
2413 2634 2480 2692 ex
2516 2632 2687 2688 veteri
2718 2631 3023 2703 Synagoga,
3050 2642 3178 2683 cum
3203 2623 3342 2679 nihil
3364 2620 3472 2677 nisi
3495 2621 3615 2687 spi-

2009 2749 2137 2788 nam
2165 2738 2222 2787 et
2265 2729 2533 2785 tribulum
2553 2722 2960 2796 produxerunt,
2987 2712 3385 2790 prepemodum
3409 2726 3438 2767 a
3463 2719 3616 2766 terra

2011 2834 2200 2881 sancta
2224 2823 2337 2879 sint
2359 2818 2531 2877 excisi
2566 2836 2580 2873 :
2606 2825 2660 2873 at
2687 2833 2717 2872 e
2742 2815 2966 2871 diverso
2997 2825 3141 2866 nova
3182 2806 3431 2863 fidelium
3464 2801 3613 2858 mul-

2013 2918 2194 2979 titudo
2215 2917 2446 2973 suborta
2473 2914 2565 2978 sit,
2590 2926 2712 2982 quae
2736 2904 3051 2965 suavissimi
3090 2901 3281 2959 odoris
3318 2896 3616 2954 arboribus

2014 3017 2387 3080 comparatur,
2417 3004 2600 3060 disces
2619 3000 2877 3073 protinus
2900 3013 2968 3053 ex
2991 2995 3126 3060 Deo,
3177 2991 3399 3046 dicente
3427 3005 3441 3041 :
3492 3005 3510 3037 ι
3547 2984 3625 3041 Et

2016 3105 2211 3161 faciam
2251 3103 2469 3158 deserta
2509 3099 2565 3153 in
2605 3106 2797 3167 stagna
2827 3102 2885 3149 et
2916 3100 3124 3151 terram
3173 3098 3440 3157 aquosam
3472 3098 3486 3136 :
3518 3093 3618 3151 po-

2016 3210 2144 3250 nam
2201 3193 2259 3248 in
2315 3200 2519 3247 terram
2560 3195 2809 3245 arentem
2845 3184 3098 3246 cedrum,
3155 3186 3213 3235 et
3265 3176 3500 3237 buxum,
3562 3178 3623 3227 et

2016 3296 2281 3361 myrtum,
2317 3295 2374 3341 et
2415 3297 2769 3357 cupressum,
2800 3289 2860 3335 et
2890 3274 3156 3349 populum
3179 3271 3249 3325 ’7.
3286 3288 3302 3321 δ
3352 3267 3420 3324 Et
3456 3263 3624 3336 paulo

2015 3392 2184 3456 post:
2223 3403 2240 3433 ι
2266 3382 2331 3437 Et
2378 3379 2487 3436 erit
2544 3388 2603 3433 ut
2637 3392 2738 3448 pro
2786 3372 2964 3430 stmba
3003 3373 3261 3439 exsurgat
3302 3375 3622 3434 cupressus,

2018 3453 2075 3533 et
2118 3490 2219 3547 pro
2264 3471 2533 3546 pulicaria
2585 3469 2757 3525 herba
2801 3472 3063 3535 exsurgat
3098 3466 3312 3533 myrtus
3354 3456 3425 3511 ⁸⁸.
3452 3473 3471 3507 ι
3518 3453 3630 3509 Pen

2018 3569 2251 3626 cedrum
2291 3567 2441 3623 enim
2481 3563 2756 3634 intelliges
2788 3574 2944 3631 spem
2982 3553 3333 3614 credentium
3358 3549 3417 3605 in
3454 3547 3623 3602 vitam

2020 3672 2303 3720 aeternam.
2335 3658 2552 3716 Cedrus
2586 3655 2736 3712 enim
2785 3667 2983 3723 expers
3017 3658 3103 3705 est
3144 3642 3474 3719 pulredinis.
3520 3639 3627 3695 Per

2022 3756 2233 3812 buxum
2302 3760 2522 3816 autem,
2578 3746 2726 3820 quod
2794 3744 2995 3800 levitas
3052 3756 3119 3797 ac
3163 3734 3368 3793 mentis
3431 3731 3627 3787 incon-

2020 3848 2227 3906 stantia
2287 3861 2319 3901 a
2377 3839 2712 3899 Christianis
2750 3837 2931 3893 aliena
2982 3848 3105 3889 esse
3153 3829 3374 3886 debeat.
3426 3822 3632 3879 Omnes

2025 3940 2176 4000 enim
2220 3938 2593 4009 intelligentes
2634 3939 2784 3995 sunt,
2824 3936 2887 3984 ut
2927 3926 3023 4009 qui
3066 3923 3351 3981 Christum
3390 3916 3633 3972 habeant

2030 4048 2187 4090 suam
2236 4038 2479 4086 mentem
2524 4036 2691 4096 atque
2739 4007 3102 4079 intelle'ctum.
3150 4016 3342 4070 Buxus
3372 4010 3522 4066 enim
3561 4007 3633 4061 li-

2032 4140 2197 4198 gnum
2237 4132 2323 4178 est
2358 4129 2730 4189 compactum,
2759 4114 3101 4182 multamque
3121 4108 3180 4162 in
3211 4102 3635 4161 sessoliditatem

2035 4192 2265 4275 habens.
2311 4216 2487 4270 Porro
2532 4226 2632 4281 per
2674 4215 2921 4280 myrtum
2964 4200 3305 4271 intelligitur
3342 4197 3503 4251 bona
3529 4192 3639 4253 fra~

338 4281 421 4372 τόν
446 4281 707 4388 Χριστόν.
735 4281 956 4372 Nae-rev
979 4318 1036 4372 δὲ
1065 4281 1313 4385 ξύλον-τὸ
1341 4315 1586 4383 πύξινον,
1612 4315 1706 4370 καὶ
1729 4281 1908 4389 πόλλὴε

2034 4309 2250 4385 grantia
2288 4307 2343 4361 in
2385 4300 2846 4363 sanctificatione,
2874 4306 2931 4353 et
2956 4288 3305 4365 perpetuam
3327 4284 3504 4358 gratia
3533 4281 3638 4337 flo-

340 4408 453 4481 έχον
478 4378 543 4464 έν
574 4409 764 4481 ἑαυτῷ
794 4412 895 4482 τὴν
918 4378 1222 4465 πύκνώσιν.
1251 4411 1351 4489 an:
1371 4378 1582 4482 ﬁssile
1602 4408 1832 4480 μύρτου,
1869 4378 1908 4462 τέ

2036 4378 2253 4462 riditas.
2294 4403 2363 4458 At
2388 4416 2488 4472 per
2517 4408 2872 4468 cupressum,
2901 4387 3138 4445 altitudo
3164 4393 3243 4441 et
3266 4385 3446 4439 bonus
3474 4378 3636 4435 odor.

342 4501 562 4574 εὔοσμον
593 4505 656 4557 ἐν
686 4503 969 4575 ἁγιασμῷ,
1005 4504 1100 4558 καὶ
1137 4504 1198 4557 τὸ
1230 4503 1480 4567 ἀειθαλὲς
1510 4505 1566 4556 ἐν
1597 4503 1803 4573 χάριτι.
1834 4502 1908 4556 Διί

2036 4498 2285 4557 Altitudo
2298 4470 2446 4552 enim
2471 4501 2576 4555 est,
2600 4490 2849 4558 inquam,
2877 4485 2934 4539 in
2961 4483 3264 4540 virtute,et
3294 4476 3350 4530 in
3373 4470 3646 4530 doctrinis

341 4594 397 4648 δέ
416 4573 478 4664 τε
499 4596 601 4667 τῆς
623 4573 1000 4667 κυπαρίσσου,
1026 4596 1087 4648 τὸ
1114 4594 1319 4667 ὑψηλὸν
1345 4595 1439 4648 και
1460 4593 1680 4658 εὐῶδες.
1699 4590 1908 4664 Ὑψηλδε

2046 4593 2288 4651 claritas.
2334 4590 2440 4644 Per
2481 4583 2749 4657 populum
2791 4594 2928 4636 vero
2950 4573 3299 4647 splendorem
3325 4575 3489 4667 atque
3515 4580 3644 4667 can-

343 4687 397 4742 δὲ
422 4656 568 4760 φημι
599 4691 747 4745 κατά
777 4656 843 4759 γε
890 4656 997 4760 τὴν
1020 4656 1225 4761 ἀρετὴν
1275 4691 1371 4745 καὶ
1400 4690 1464 4743 τὸ
1493 4690 1569 4752 ὡς
1607 4656 1665 4742 ὲν
1706 4656 1908 4760 δόγματι

2041 4688 2234 4743 dorem
2278 4656 2657 4750 intelligemus
2702 4672 2770 4729 ad
2817 4668 3112 4743 justitiam.
3160 4657 3448 4734 Splendidi
3493 4656 3644 4713 enim

348 4752 662 4853 περιφανές.
698 4752 802 4837 Διά
835 4781 892 4836 δὲ
923 4752 1026 4851 τῆς
1051 4752 1276 4855 λεύκής,
1304 4785 1366 4837 τὸ
1392 4784 1555 4837 οἱονεὶ
1590 4752 1843 4854 λαμπρόν
1884 4799 1908 4836 τ

2042 4785 2175 4836 sunt
2212 4771 2539 4835 Christiani,
2584 4773 2952 4825 coruscantes
3000 4760 3097 4816 Dei
3141 4756 3339 4831 gratia.
3391 4752 3647 4807 Truncus

349 4839 438 4927 ml
481 4839 746 4930 έκλεύκον
781 4878 862 4940 είς
905 4839 1279 4947 δικαιοσύνηνί
1332 4878 1595 4948 Λαμπροὶ
1635 4839 1764 4947 γιάρ⁸
1789 4876 1839 4929 οἱ
1887 4876 1908 4927 ὲ

2044 4868 2213 4940 igitur
2227 4874 2314 4921 est
2341 4859 2719 4930 Nepbthalim,
2744 4864 2843 4912 aut
2866 4852 3054 4925 potius
3079 4850 3196 4920 ipse
3215 4846 3495 4907 Christus,
3521 4839 3648 4911 qui-

348 4963 583 5037 Χριστῷ,
606 4969 677 5037 τῇ
703 4968 834 5039 παρ’
862 4965 1030 5021 αὐτοῦ
1060 4966 1551 5039 καταγλαῖζόμενοι
1583 4969 1787 5040 χάριτι.
1821 4968 1908 5021 Στέ

2045 4934 2154 5034 que
2195 4958 2419 5016 Christo
2459 4953 2574 5010 noti
2616 4958 2769 5007 sunt.
2814 4947 2954 5004 Cum
2999 4953 3184 5000 autem
3226 4937 3402 4995 dixit:
3453 4953 3471 4987 ι
3502 4934 3650 4991 Dens

350 5053 495 5127 λεχος
511 5057 576 5129 δὴ
599 5054 695 5112 οὖν
717 5059 1007 5128 ἀνειμένον
1028 5058 1367 5129 Νεφθαλεὶμ,
1392 5060 1423 5131 ἦ
1451 5061 1613 5124 αὐτὸς
1633 5061 1662 5114 ό
1688 5059 1944 5129 Χριστὸς,

351 5146 723 5224 ἢόίΧριστοῦ
750 5152 1041 5226 γνώριμοι.
1082 5154 1300 5224 Ἐπειδὴ
1323 5154 1378 5207 δέ
1401 5169 1555 5223 φησι·
1589 5174 1607 5205 ι
1648 5154 1949 5218 Ἐπιδιδοὺς

352 5240 752 5316 τῷγεννήματι
786 5246 1007 5310 κάλλος·
1059 5265 1078 5299 ι
1114 5245 1517 5319 ὑποδηλώσειεν
1552 5245 1643 5310 ἂν,
1684 5246 1760 5309 ὡς
1805 5239 1949 5314 ὲγῷέ

359 5349 473 5404 μαι,
488 5335 749 5410 ⁸τοιοῦτόν
785 5354 837 5392 τι
871 5337 1054 5393 πάλιν.
1105 5339 1194 5392 Ἐν
1224 5339 1421 5409 ἀρχαῖς
1470 5337 1568 5406 μὲν
1608 5337 1715 5405 γὰρ
1748 5339 1777 5389 ὁ
1816 5338 1951 5407 Χρι-

360 5427 498 5494 στὸς,
517 5429 583 5486 ὲν
612 5428 698 5501 τῷ
726 5430 849 5485 καθ’
883 5433 1034 5502 ἡμᾶς
1073 5429 1352 5503 ὁρώμενος
1383 5432 1663 5501 σχήματι,
1694 5432 1777 5484 ὅτι
1817 5430 1951 5495 Θεὸς

363 5520 498 5576 κατά
522 5538 689 5590 φυσιν
716 5523 855 5591 ἐστὶ,
889 5524 1054 5578 καὶεί
1085 5523 1280 5594 γέγονε
1294 5522 1451 5595 σὰρξ.
1478 5522 1580 5575 οὐκ
1610 5521 1950 5577 ἐπιστεύετο.

366 5612 470 5669 Καὶ
499 5617 632 5686 γοῦν
671 5618 1014 5675 λιθόλευστον
1041 5620 1141 5692 μὲν
1172 5621 1344 5672 ποιεῖν
1373 5620 1422 5671 οἱ
1464 5617 1706 5672 Ἰουδαῖοι
1734 5614 1957 5671 ἀπετόλο

2048 5031 2284 5128 germini
2328 5044 2804 5122 pulchritudinem
2829 5042 2898 5105 ’9,
2938 5058 2956 5091 ι
2991 5037 3099 5093 tale
3122 5031 3417 5105 quidpiam
3431 5042 3649 5093 rursus,

2052 5120 2111 5204 ut
2152 5120 2417 5207 arbitror,
2444 5135 2843 5197 subindicavit.
2868 5132 3008 5189 Cum
3034 5127 3187 5185 enim
3213 5124 3468 5182 Christus
3490 5120 3651 5176 initio

2051 5241 2109 5297 in
2142 5241 2385 5296 humana
2424 5244 2624 5293 natura
2647 5234 2960 5301 appareret,
2985 5237 3099 5278 non
3123 5217 3288 5275 facile
3313 5214 3652 5273 credebatur

2051 5341 2247 5404 suapte
2286 5337 2490 5386 natura
2529 5326 2673 5381 Deus
2705 5335 2849 5386 esse,
2887 5325 2947 5373 et
2982 5316 3161 5371 factus
3181 5324 3305 5370 esse
3337 5323 3489 5367 caro.
3511 5305 3654 5363 Hinc

2051 5437 2108 5484 et
2151 5403 2331 5482 .l‘udrei
2387 5419 2651 5476 volebant
2705 5429 2835 5471 eum
2896 5408 3166 5482 lapidare,
3208 5403 3539 5476 obiiciente:
3590 5409 3647 5456 et

2053 5517 2224 5590 quod,
2263 5527 2390 5569 cum
2452 5511 2619 5565 homo
2662 5513 2849 5571 esset,
2904 5506 3149 5572 seipsum
3202 5506 3388 5555 tamen
3430 5491 3656 5548 fecisset

2054 5613 2230 5668 Deum
2278 5607 2316 5660 ¹.
2360 5603 2504 5672 Quin
2548 5610 2605 5657 et
2636 5607 2855 5656 sanctos
2895 5594 3174 5667 apostolos
3209 5600 3502 5647 cernemus
3526 5597 3651 5639 eum

435 5729 719 5813 ἵμεροι).
760 5757 889 5805 xvn,
919 5740 1106 5796 22.24.
1185 5741 1231 5774 σο
1271 5740 1318 5795 ιι
1349 5738 1477 5797 Cor.
1502 5755 1574 5804 ιιι,
1608 5739 1659 5792 7.
1738 5738 1782 5771 οτ
1826 5737 1908 5792 [sa

2012 5736 2072 5801 si,
2106 5729 2190 5796 18,
2228 5726 2318 5782 19.
2391 5724 2439 5757 ’⁸
2480 5723 2584 5779 l‘sa.
2611 5738 2695 5788 LV,
2722 5718 2791 5775 15
2889 5716 2934 5748 9’
2973 5713 3110 5771 Gen.
3137 5726 3280 5775 χιιι,
3308 5707 3397 5763 24.
3454 5702 3652 5762 'Joan.

378 5812 428 5865 ι,
457 5801 649 5861 lii-'53.
