4060 6454
464 302 570 361 575
1487 311 1542 367 δ.
1583 315 1861 373 cmeLt
1899 313 2372 371 ALEXANDle
2403 311 2722 368 ARCHlEP.
3165 277 3171 282 ”
3627 315 3728 372 376

464 421 690 492 quidem
715 431 971 495 tanquam
1002 426 1376 498 prodigiorum
1399 429 1721 488 effectorem
1749 435 2047 489 admiratos

2153 449 2290 500 μων,
2315 431 2598 500 ἐπίκλημα
2623 428 2718 483 καὶ
2739 427 2964 500 γραφὴν
2991 424 3443 502 ἐπιρριπτοῦντες
3471 426 3630 499 αὐτῷ
3659 428 3735 484 τὸ.

465 514 633 571 fuisse
659 533 675 584 ;
712 533 821 573 non
849 526 1029 574 tamen
1055 521 1340 576 manifeste
1362 525 1683 595 mysterium
1708 527 1774 581 de
1799 526 1920 596 ipso
1953 525 2041 580 in—

2152 523 2306 576 ιὊτι
2324 524 2410 585 σὺ,
2432 521 2713 594 ἄνθρωπος
2725 520 2818 586 ὢν,
2841 523 3013 584 ποιεῖς
3033 518 3258 574 σεαυτὸν
3273 519 3428 573 Θεόν.
3458 538 3478 570 ι
3500 519 3754 590 Εὐρήσο-

466 608 766 664 lellexisse.
799 607 1069 675 Quocirca
1107 627 1230 666 cum
1262 614 1480 670 sedaret
1505 631 1678 682 mare,
1708 625 1765 673 et
1795 619 2040 687 impuro-

2148 632 2246 686 μεν
2260 614 2316 667 δὲ
2336 615 2431 667 καὶ
2453 615 2649 677 αὐτοὺς
2661 617 2786 676 τοὺς
2799 613 2988 683 ἁγίους
3001 611 3333 675 ἀποστόλους
3354 612 3743 679 κατατεθηπό-

465 714 587 752 rum
616 700 910 768 spirituum
935 702 1172 771 impetus
1195 704 1541 774 reprimeret,
1561 709 1875 779 cogitabant
1897 709 2039 763 intra

2143 722 2240 767 τας
2261 705 2358 776 μὲν
2383 704 2459 766 ὡς
2472 703 2853 775 τερατουργὸν,
2874 703 3014 772 πλὴν
3025 701 3178 756 οὔπω
3200 703 3386 770 σαφῶς
3405 700 3471 754 τὸ
3491 702 3626 772 περὶ
3639 702 3737 756 αὺ-

462 804 521 843 se
566 787 813 846 dicentes
839 808 851 843 :
904 811 922 841 ι
950 791 1138 858 Qualis
1171 801 1256 847 est
1297 795 1421 857 iste,
1446 797 1591 866 quod
1618 806 1674 852 et
1703 798 1861 868 237
1887 814 2039 854 mare

2139 797 2234 850 τοῦ
2260 796 2542 860 συνιέντας
2575 796 2890 867 μυστήριον.
2920 793 3210 866 Τοιγάρτοι
3229 790 3612 863 κατηυνάζετο
3637 793 3740 862 μὲν

459 887 518 932 et
553 881 702 936 venti
741 881 1002 937 obediant
1029 885 1162 938 ei’?
1201 905 1220 936 ι
1254 886 1487 942 Videsne
1510 890 1786 958 quomodo
1816 890 1868 944 id
1891 890 2038 960 quod

2140 893 2172 962 η
2201 889 2465 952 θάλασσα,
2496 888 2590 942 καὶ¹
2620 887 2946 956 πνευμάτων
2969 885 3176 957 ἀγρίων
3201 883 3544 938 άνεκόπτετο
3567 884 3732 955 φορὰ,

458 976 652 1040 suapte
682 980 878 1026 natura
903 982 1045 1039 erat,
1086 975 1193 1030 hoc
1225 987 1329 1040 est,
1373 978 1539 1045 Deus,
1564 981 1667 1035 etsi
1693 980 1871 1036 factus
1911 996 2038 1036 caro

2149 980 2376 1053 Χριστοῦ
2402 979 2652 1049 γενέσθαι
2686 978 3130 1049 προστάττοντος.
3168 977 3233 1029 Οἱ
3265 976 3340 1040 δὲ,
3373 975 3536 1046 φησὶ,
3565 976 3752 1029 διελο-

458 1057 645 1126 fuerit,
695 1063 940 1118 nondum
983 1071 1167 1120 tamen
1211 1065 1282 1120 ab
1313 1066 1396 1122 eis
1427 1069 1524 1137 qui
1579 1069 1636 1122 in
1677 1069 1884 1123 mundo
1909 1076 2039 1124 sunt

2137 1072 2351 1142 γίζοντο
2377 1073 2432 1124 ἐν
2462 1073 2674 1134 ἑαυτοῖς
2703 1069 2976 1138 λέγοντες·
3009 1087 3028 1119 ι
3069 1066 3319 1130 Ποταπός
3349 1068 3506 1119 ἐστιν
3551 1060 3729 1132 οὗτος,

458 1152 710 1222 cognitus
745 1153 838 1220 sit,
880 1170 1060 1225 neque
1113 1157 1344 1227 gloriam
1389 1158 1576 1213 divina
1615 1160 1900 1228 majestate
1948 1159 2036 1213 di-

2137 1166 2218 1220 ὅτι
2251 1165 2343 1217 καὶ
2360 1166 2394 1234 ἡ
2411 1163 2654 1218 θάλασσα
2669 1203 2683 1226 ,
2710 1163 2806 1216 καὶ
2825 1163 2874 1214 oi
2891 1162 3081 1230 ἄνεμοι
3098 1158 3472 1213 ὑπακούουσιν
3493 1157 3646 1228 αὐτῷ
3663 1174 3681 1226 ;
3699 1174 3719 1209 ι

454 1255 618 1310 gnam
655 1243 999 1300 obtinuerit?
1037 1246 1332 1317 Postquam
1356 1263 1491 1304 vero
1516 1249 1572 1302 in
1606 1249 1766 1304 nobis
1795 1249 2035 1320 cognitio

2149 1257 2311 1328 Ὁρᾷς
2327 1257 2498 1321 ὅπως,
2521 1255 2658 1325 ὅπερ
2681 1249 2750 1324 ἦν
2777 1253 2919 1308 κατὰ
2949 1252 3135 1322 φύσιν,
3169 1249 3420 1305 τουτέστι
3454 1248 3614 1312 Θεὸς,
3634 1252 3731 1304 καὶ

451 1334 574 1403 ejus
605 1336 901 1406 ampliores
931 1353 1256 1409 progressus
1283 1341 1433 1406 fecit,
1471 1351 1586 1396 tum
1609 1341 1828 1396 demum
1856 1343 2036 1397 credi-

2135 1348 2184 1401 εί
2223 1347 2412 1417 γέγονε
2438 1345 2594 1416 σὰρξ,
2630 1343 2785 1397 οὔπω
2813 1345 2925 1406 τοῖς
2954 1342 3095 1396 κατὰ
3121 1342 3324 1412 κόσμον
3367 1338 3724 1410 ἐγνωρίζετο,

453 1431 545 1479 tus
575 1433 660 1480 est
699 1435 892 1497 suapte
938 1437 1132 1484 natura
1169 1431 1315 1487 Deus
1343 1447 1465 1488 esse
1493 1451 1506 1486 :
1548 1451 1566 1484 ι
1594 1448 1865 1504 omneque
1891 1450 2034 1504 genu

2135 1439 2229 1492 καὶ
2257 1434 2327 1511 ἦν
2365 1441 2423 1491 ἐν
2459 1434 2636 1502 δόξαις
2683 1438 2805 1498 ταῖς
2851 1433 3003 1488 οὔπω
3039 1433 3356 1503 λαμπραῖς;
3397 1430 3627 1500 Ἐπειδὴ
3671 1430 3720 1484 δὲ

455 1513 559 1584 ipsi
608 1515 852 1572 ﬂectitur
895 1519 936 1585 ³,
970 1539 990 1572 ι
1048 1529 1164 1577 ιοῑο
1209 1523 1345 1578 orbe
1374 1523 1553 1593 ipsum
1586 1525 2032 1582 adorante.Cum

2133 1532 2270 1603 πρὸς
2304 1531 2544 1584 ἐπίδοσιν
2583 1528 2641 1581 ἐν
2675 1527 2864 1598 ὴμῖνή
2898 1525 3027 1595 περὶ
3059 1523 3224 1577 αὐτοῦ
3262 1522 3558 1593 κεχώρηκε
3585 1521 3719 1589 γνῶ-

451 1621 584 1677 ergo
621 1609 678 1664 in
715 1611 877 1666 nobis
917 1613 1158 1683 cognitio
1187 1614 1360 1684 ipsius
1396 1616 1462 1670 ad
1489 1616 1881 1686 perfectionem
1901 1633 2032 1688 per-

2134 1643 2238 1690 σις,
2281 1622 2573 1692 ἐπιστεύθη
2618 1618 2826 1682 λοιπὸν,
2875 1619 2958 1672 ὅτι
3004 1616 3138 1680 Θεὸς
3183 1615 3326 1670 κατὰ
3361 1614 3530 1684 φύσιν
3583 1615 3720 1676 ἐστὶ,

449 1697 616 1754 ducta
668 1699 858 1766 fuerit,
901 1709 1032 1758 tunc
1067 1705 1288 1760 demum
1326 1707 1607 1777 speciosus
1631 1724 1744 1778 pra:
1765 1708 1892 1764 ﬁliis
1926 1709 2031 1765 ho-

2138 1735 2156 1770 c
2197 1716 2293 1770 καὶ
2326 1713 2476 1785 αὐτῷ
2497 1715 2604 1767 πᾶν
2626 1711 2754 1781 γόνυ
2785 1711 3015 1781 κάμψει,
3053 1729 3073 1761 ι
3107 1707 3533 1779 προσκυνούσης
3563 1706 3721 1760 αὐτὸν

447 1789 660 1844 minum
688 1791 710 1822 ⁸
744 1794 1050 1862 apparebit,
1079 1803 1134 1848 et
1159 1810 1290 1850 vere
1319 1805 1702 1866 cognoscetur.
1721 1797 1791 1852 At
1822 1815 1955 1854 vero
1977 1799 2022 1854 si

2125 1810 2225 1879 τῆς
2269 1809 2360 1860 ὐπ’
2396 1803 2644 1876 οὐρανόν.
2691 1801 2900 1856 Οὐκοῦν
2941 1799 3239 1872 προϊούσης
3275 1800 3358 1863 είς
3399 1799 3719 1866 τελειότητα

447 1877 517 1932 de
569 1879 733 1935 nobis
778 1897 844 1936 ea
890 1883 1058 1938 verba
1097 1884 1492 1955 intelligantur,
1557 1906 1575 1938 ‹
1603 1888 1748 1943 Dans
1794 1888 2027 1958 germini

2124 1877 2224 1972 τῆς
2257 1898 2386 1965 περὶ
2417 1896 2583 1952 αὐτοῦ
2623 1894 2879 1964 γνώσεως
2913 1895 2970 1948 ἐν
2999 1895 3156 1964 ἡμῖν,
3189 1892 3392 1963 ὡραῖος
3423 1889 3503 1943 ῶν
3533 1889 3717 1942 κάλλει

443 1970 915 2039 pulchritudinem
962 2017 978 2041 ,
1014 1994 1034 2026 ι
1073 1991 1184 2030 non
1218 1977 1449 2032 obscura
1490 1978 1660 2032 fuerit
1688 1981 1846 2036 ratio.
1889 1981 2028 2036 Cum

2127 1970 2279 2063 παρὰ
2297 1991 2422 2052 τούς
2438 1989 2586 2050 υίούς
2610 1987 2718 2038 τῶν
2747 1982 3071 2056 ἀνθρώπων,
3103 1983 3224 2036 τότε
3254 1982 3344 2051 δὴ,
3382 1982 3509 2034 τότε
3545 1979 3713 2046 διαγι-

444 2062 593 2118 enim
629 2079 847 2134 semper
885 2066 1239 2136 proﬁciamus
1279 2069 1336 2124 in
1371 2070 1597 2136 virtute,
1625 2080 1790 2143 atque
1814 2073 1882 2128 ad
1911 2090 2029 2129 me-

2127 2062 2416 2137 νώσκεται.
2465 2079 2526 2131 Εί
2559 2077 2616 2131 δέ
2649 2076 2714 2148 δὴ
2760 2075 2854 2129 καὶ
2887 2075 2974 2143 ἐφ’
3015 2073 3175 2143 ἡμῶν
3224 2075 3400 2125 νοοῖτο
3443 2069 3608 2139 τυχὸν
3635 2069 3712 2135 τὸ,

442 2153 582 2209 liora
624 2157 1024 2214 contendamus
1063 2160 1131 2215 ad
1178 2161 1441 2216 ulteriora
1489 2179 1592 2218 nos
1647 2166 2027 2234 extendentes,

2135 2193 2156 2228 ι
2199 2170 2499 2233 Ἐπιδιδούς
2519 2169 2597 2239 τῷ
2631 2168 2933 2238 γεννήματι
2956 2165 3151 2228 κάλλος
3173 2205 3187 2228 ,
3220 2183 3238 2216 ι
3263 2164 3365 2216 οὐκ
3387 2159 3711 2230 άσυμφανὴς

437 2245 590 2316 juxta
630 2247 776 2302 beati
814 2250 972 2304 Pauli
1005 2266 1199 2308 vocem
1219 2253 1262 2318 ⁸,
1298 2255 1414 2307 thin
1443 2254 1694 2323 profecto
1717 2271 1932 2327 semper
1952 2259 2021 2313 ad

2129 2265 2158 2318 6
2183 2262 2362 2332 λόγος.
2389 2260 2802 2331 Προκόπτοντες
2829 2257 2936 2328 γὰρ
2959 2258 3047 2310 ἀεὶ
3070 2255 3211 2310 κατὰ
3233 2255 3464 2326 ἀρετὴν,
3491 2253 3588 2306 καὶ
3607 2250 3710 2304 τῶν

440 2338 910 2406 pulchritudinem
963 2344 1376 2414 progredimur,
1429 2345 1914 2414 pulchritudinem,
1941 2351 2023 2405 in-

2127 2353 2429 2427 άμεινόνων
2471 2349 2881 2420 ἐφικνούμενοι,
2933 2349 3052 2418 ἦτοι
3097 2349 3209 2410 τοῖς
3249 2343 3568 2417 ἔμπροσθεν
3612 2344 3707 2395 ἐπ-

441 2443 626 2498 quam,
645 2431 989 2501 spiritualem
1012 2452 1026 2501 ;
1050 2435 1124 2490 ita
1150 2443 1210 2489 ut
1232 2446 1288 2492 et
1309 2436 1470 2491 nobis
1486 2436 1595 2492 dici
1611 2440 1777 2508 possit
1804 2459 1816 2493 :
1845 2440 2020 2497 «Con-

2127 2443 2510 2512 εκτεινόμενοι,
2537 2438 2678 2493 κατὰ
2699 2439 2796 2509 τὴν
2817 2436 2911 2490 τοῦ
2938 2435 3209 2508 μακαρίου
3234 2434 3457 2488 Παύλου
3493 2431 3706 2502 φωνὴν,

440 2522 651 2592 cupivit
673 2539 770 2579 rex
797 2524 1053 2582 decorem
1087 2536 1242 2583 tuum
1269 2530 1310 2583 °.
1343 2548 1360 2581 ι

2125 2537 2204 2597 εἰς
2216 2533 2411 2594 κάλλος
2428 2531 2516 2585 del.
2533 2529 2594 2582 τὸ
2617 2530 3077 2601 περιφανέστερον
3095 2528 3227 2580 ἁναθ
3239 2525 3530 2598 ρώσκομεν
3545 2540 3558 2554 ⁸
3580 2523 3705 2577 κάλ-

439 2614 530 2680 λος
560 2616 617 2670 δέ
649 2633 789 2688 φημι
813 2618 877 2672 τὸ
935 2621 1319 2691 πνευματικὸν,
1353 2621 1438 2676 ἵνα
1468 2625 1564 2677 καὶ
1590 2627 1723 2696 ἡμῖν
1751 2625 1976 2696 λέγηται
2029 2625 2237 2681 λοιπόν·
2282 2645 2301 2678 ι
2361 2622 2740 2694 Ἐπεθύμησεν
2777 2623 2805 2675 6
2844 2621 3107 2684 Βασιλεὺς
3138 2619 3233 2673 τοῦ
3267 2619 3508 2682 κάλλους
3543 2634 3655 2671 σου.
3684 2636 3700 2669 ι

1049 2731 1128 2786 De
1153 2733 1397 2805 Iosepho.
2613 2739 2652 2788 Π

2613 2736 2753 2804 Περὶ
2803 2735 2911 2788 τοῦ
2973 2732 3206 2804 Ἰωσήφ.

515 2835 535 2868 ι
561 2817 733 2874 Filius
756 2829 952 2876 auctus
970 2821 1172 2893 Ioseph
1201 2824 1379 2879 :lilius
1405 2833 1618 2892 auctus,
1637 2826 2021 2886 desiderabilis

2195 2851 2213 2883 ι
2257 2830 2385 2894 Υἱὸς
2411 2829 2721 2899 ηὐξημένος
2762 2828 2960 2899 Ἰωσήφ
2983 2842 2997 2859 ο
3025 2826 3140 2890 υίὸς
3165 2824 3505 2895 ηὐξημένος,
3540 2825 3705 2895 ζηλω-

436 2905 584 2962 ﬁlius
605 2924 759 2965 meus
768 2911 978 2980 junior,
996 2913 1064 2967 ad
1088 2929 1176 2968 me
1210 2923 1512 2971 revertere.
1536 2916 1595 2970 In
1626 2933 1790 2986 quem
1822 2934 2022 2974 consu-

2114 2925 2216 2995 τὴς
2250 2922 2362 2986 υἱός
2396 2940 2496 2993 μου
2526 2920 2811 2983 νεώτατος,
2847 2919 2984 2990 πρός
3018 2936 3086 2988 με
3120 2918 3488 2989 άνάστρεψον.
3522 2919 3614 2980 Εἰς
3648 2917 3703 2970 ὃν

433 2998 612 3055 lentes
647 3002 938 3058 conviciati
968 3013 1116 3069 sunt,
1157 3003 1399 3059 insidiati
1435 3013 1564 3059 sunt
1602 3007 1654 3061 ei
1700 3007 1908 3063 domini
1935 3025 2021 3064 sa-

2114 3013 2582 3082 διασουλευόμενοι
2625 3010 2947 3081 ἐλοιδόρουν,
2980 3008 3076 3061 καὶ
3105 3009 3310 3077 ἐνεῖχον
3338 3006 3501 3077 αὐτῷ
3528 3005 3703 3077 κύριοι

433 3091 804 3162 gittationum,
836 3103 894 3150 et
919 3095 1143 3154 contriti
1181 3105 1311 3151 sunt
1341 3112 1466 3152 cum
1495 3097 1819 3154 fortitudine
1851 3116 2014 3156 arcus

2117 3102 2508 3173 τοξευμάτωνς
2539 3102 2634 3155 καὶ
2668 3099 2956 3171 συνετρίϐη
3007 3099 3145 3169 μετὰ
3191 3100 3439 3170 κράτους
3471 3099 3538 3151 τὰ
3579 3096 3701 3162 τόξα

432 3199 644 3250 eorum,
663 3194 720 3241 et
739 3186 993 3243 dissoluti
1027 3195 1156 3243 sunt
1194 3190 1352 3242 nervi
1376 3189 1728 3244 brachiorum
1756 3207 2018 3247 manuum

2121 3196 2301 3250 αὐτῶν
2320 3235 2334 3259 ,
2366 3196 2460 3248 καὶ
2488 3193 2710 3263 ἐξελύθη
2742 3191 2810 3245 τὰ
2839 3190 3005 3262 νεῦρα
3038 3191 3336 3262 βραχιόνων
3381 3189 3578 3262 χειρῶν
3604 3190 3697 3243 a6-

432 3290 626 3331 eorum
654 3293 754 3348 per
791 3294 1012 3333 manum
1037 3279 1277 3349 potentis
1298 3280 1488 3336 Jacob.
1519 3281 1650 3336 lnde
1690 3283 2018 3343 corrobora-

2118 3288 2225 3342 τῶν
2254 3288 2343 3341 διὰ
2372 3289 2528 3358 χεῖρα
2553 3285 2815 3340 δυνάστου
2867 3282 3081 3337 Ἰακώϐ.
3124 3280 3370 3336 Ἐκεῖθεν
3393 3283 3421 3335 6
3449 3280 3694 3351 κατισχύ-

433 3377 520 3420 tor
545 3368 712 3424 Israel
737 3385 768 3424 a
799 3370 914 3425 Deo
937 3370 1112 3440 patris
1143 3370 1249 3436 tui,
1271 3380 1328 3426 et
1361 3372 1572 3442 adjuvit
1592 3382 1644 3428 te
1664 3374 1810 3429 Deus
1839 3391 2014 3437 meus.

2121 3393 2218 3442 σας
2254 3377 2470 3449 Ἰσραὴλ
2497 3374 2649 3448 παρὰ
2667 3373 2803 3428 Θεοῦ
2828 3373 2921 3427 τοῦ
2946 3372 3152 3445 πατρός
3181 3390 3296 3427 σου’
3328 3374 3424 3428 καὶ
3442 3370 3692 3444 ἐϐοήθησε

431 3466 489 3512 et
515 3457 796 3515 benedixit
839 3461 941 3516 tibi
976 3462 1418 3518 benedictionem
1476 3464 1602 3520 caali
1642 3465 1901 3537 desuper,
1961 3477 2017 3522 et

2119 3486 2201 3522 σοι
2226 3472 2253 3523 ὀ
2281 3469 2411 3532 Θεὸς
2448 3470 2476 3521 6
2499 3468 2650 3537 ἐμὸς,
2684 3467 2778 3519 καὶ
2811 3464 3076 3534 εὐλογησέ
3107 3480 3164 3516 σε
3188 3462 3444 3532 εὐλογίαν
3470 3458 3691 3534 οὐρανοῦ

433 3549 870 3608 benedictionem
909 3561 1072 3610 terra:
1111 3555 1366 3611 habentis
1418 3557 1622 3622 omnia,
1651 3568 1877 3628 pmpter
1914 3560 2013 3615 be-

2114 3560 2354 3625 ᾶνωθεν,
2403 3560 2496 3612 καὶ
2541 3557 2792 3626 εὐλογίαν
2829 3558 2932 3627 γῆς
2978 3556 3210 3626 ἐχούσης
3259 3556 3463 3618 πάντα,
3515 3555 3691 3608 ἕνεκεν

430 3641 802 3698 nedictionem
845 3644 1075 3700 uberum
1115 3652 1172 3700 et
1194 3645 1390 3710 vulvas,
1427 3645 1870 3702 benedictionem
1912 3665 2010 3720 pa-

2113 3651 2364 3719 εὐλογίας
2405 3649 2627 3720 μαστῶν
2657 3648 2751 3702 καὶ
2799 3648 3036 3719 μήτρας,
3077 3647 3331 3714 εὐλογίας
3370 3645 3574 3717 πατρός
3602 3659 3687 3696 σου

431 3729 535 3784 tris
568 3731 648 3785 tui
689 3738 747 3787 et
788 3734 982 3788 matris
1025 3743 1152 3790 tute.
1188 3733 1540 3790 Confortatus
1565 3751 1625 3791 es
1649 3752 1816 3806 super
1841 3737 2010 3794 bene-

2112 3740 2207 3795 καὶ
2247 3739 2453 3811 μητρός
2491 3755 2606 3793 σου,
2658 3737 3064 3810 Ὑπερίσχυσας
3093 3737 3179 3790 ἐπ’
3214 3736 3491 3805 εὐλογίαις
3528 3733 3687 3801 ὀρέων

431 3820 701 3878 dictiones
723 3824 993 3879 montium
1018 3828 1314 3893 stabilium,
1346 3835 1403 3883 et
1444 3829 1498 3882 in
1529 3828 2011 3885 benedictionibus

2116 3831 2378 3901 μονίμων,
2410 3828 2504 3882 καὶ
2529 3829 2617 3880 ἐπ’
2657 3826 2930 3895 εὐλογίαις
2963 3825 3125 3880 θινῶν
3167 3825 3436 3890 αἰωνίων,
3469 3825 3525 3878 αῖ
3554 3823 3689 3875 ἔσον-

429 3909 658 3966 collium
693 3923 1044 3969 memorum.
1079 3916 1256 3971 Erunt
1299 3932 1466 3987 super
1497 3925 1661 3988 caput
1707 3918 1932 3988 Joseph,
1955 3928 2012 3975 et

2109 3937 2202 3974 ται
2227 3919 2319 3972 ἐπὶ
2342 3917 2586 3989 κεφαλὴν
2619 3915 2843 3989 Ἰωσὴφ,
2874 3917 2967 3971 καὶ
2999 3917 3093 3972 ἐπὶ
3133 3918 3382 3988 κορυφῆς
3403 3957 3418 3979 ,
3445 3910 3520 3971 ὧν
3555 3914 3686 3985 ἡγή-

429 4015 596 4070 snper
621 4000 882 4057 verticem
911 4004 1113 4074 quibus
1127 4005 1343 4076 praefuit
1372 4007 1600 4062 fratrum
1619 4009 1660 4060 ".
1701 4027 1718 4059 ι
1743 4008 1869 4063 Ηωο
1883 4025 2010 4078 pro-

2113 4027 2264 4074 σατο,
2299 4009 2568 4079 ἀδελφῶν.
2607 4028 2626 4061 ι
2684 4009 2802 4063 Ἐπ’
2850 4009 3010 4063 αὐτὸν
3047 4011 3177 4080 ἡμῖν
3221 4009 3388 4062 πάλιν
3427 4007 3516 4060 τὸν
3562 4005 3684 4072 Ἐμ-

429 4094 616 4164 phetia
645 4095 835 4152 itidem
873 4098 1050 4154 tendit
1071 4099 1141 4155 ad
1173 4101 1353 4171 ipsum
1390 4101 1803 4156 Emmanuelem
1840 4119 1852 4156 :
1882 4119 2006 4169 nec,

2114 4097 2352 4170 μανουὴλ
2384 4101 2412 4152 6
2437 4101 2536 4169 τῆς
2571 4098 2905 4168 προφητείας
2941 4097 3153 4168 διέρπει
3192 4097 3374 4164 λόγος.
3415 4095 3513 4166 Εἵη
3541 4095 3582 4146 δ’
3605 4093 3685 4157 ἂν,

427 4188 577 4258 quod
613 4188 704 4244 hic
727 4189 1085 4262 signiﬁcatur,
1120 4201 1300 4262 potest
1359 4192 1508 4247 aliud
1551 4191 1849 4262 quidquam
1886 4209 2010 4250 esse

2109 4185 2263 4261 οἶμαί
2310 4207 2437 4254 που,
2468 4189 2529 4244 τὸ
2567 4189 2895 4261 δηλούμενον
2930 4188 2989 4254 ἐξ
3023 4189 3196 4258 αὐτῆς
3240 4189 3431 4260 ἕτερον
3479 4182 3681 4251 οὐδὲνῆ

426 4296 592 4351 quam
616 4281 854 4353 idipsum
904 4284 1051 4354 quod
1087 4285 1432 4355 prazcedente
1470 4285 1652 4355 capite
1681 4285 1814 4349 dixi,
1852 4302 2010 4342 nem-

2110 4283 2248 4353 δπερ
2291 4281 2428 4351 ἔφην
2466 4281 2692 4350 ἀρτίως,
2737 4280 2818 4345 τὸ,
2851 4297 2870 4332 ι
2935 4280 3232 4341 Ἐπιδιδοὺς
3270 4278 3353 4350 τῷ
3396 4275 3682 4347 γεννήματι

427 4388 536 4442 pe:
580 4392 600 4425 ι
632 4373 778 4429 Dans
791 4375 1021 4446 germini
1043 4375 1510 4446 pulchritudinem
1531 4377 1570 4430 ¹¹.
1605 4396 1622 4428 ι
1655 4377 1790 4431 Nam
1819 4377 2005 4434 dicere

2110 4373 2329 4458 κάλλος.
2370 4392 2388 4424 ›
2427 4373 2501 4425 Τὸ
2525 4372 2634 4445 γὰρ
2667 4371 2937 4443 ηὐξῆσθαι
2971 4371 3152 4438 λέγειν
3180 4371 3364 4436 αὐτὸν,
3401 4370 3500 4439 τὴν
3531 4368 3606 4429 είς
3627 4362 3683 4458 τὸ

423 4481 551 4519 eum
573 4481 692 4522 esse
720 4475 966 4534 auctum,
999 4467 1266 4539 signiﬁcat
1307 4469 1531 4523 omnino
1569 4469 1714 4524 illam
1744 4485 1866 4539 quae
1923 4478 2006 4526 est

2078 4471 2084 4505 ⁵
2113 4465 2208 4518 ἀπ’
2235 4452 2410 4536 ἇρχῆς
2432 4465 2691 4528 ἐπίδοσιν,
2717 4465 2812 4518 καὶ
2836 4464 3136 4534 ἐπιδρομὴν
3158 4464 3260 4533 τῆς
3287 4461 3512 4531 ἐνούσης
3541 4452 3681 4522 αὑτῷ

425 4557 492 4610 ad
519 4557 573 4612 id
615 4557 761 4628 quod
788 4559 856 4613 ab
883 4559 1042 4613 initio
1079 4567 1232 4623 erat,
1268 4560 1708 4629 progressionem
1739 4561 2010 4616 naturali-

2111 4554 2361 4619 εὐκλείας
2395 4556 2671 4624 φυσικῶς,
2709 4555 3062 4627 διασημαίνει
3097 4555 3338 4620 πάντως,
3372 4553 3510 4608 κατά
3539 4566 3597 4618 γε
3626 4545 3681 4598 τδ

429 4657 511 4701 tcr
543 4646 859 4702 cxsistentis
879 4648 934 4701 in
967 4647 1086 4717 ipso
1115 4648 1319 4718 gloriae.
1357 4647 1492 4703 Cum
1522 4649 1668 4703 enim
1699 4650 2015 4721 unigenitus

2109 4646 2283 4717 ὀρθῶς
2318 4645 2460 4716 ἔχειν
2483 4646 2908 4718 ὑπειλημμένον.
2955 4645 3172 4716 Ἐπειδὴ
3199 4647 3306 4717 γὰρ
3335 4647 3364 4699 6
3398 4638 3679 4714 μονογενὴς

425 4738 521 4792 Dei
546 4737 739 4802 Filius,
759 4738 906 4792 Deus
937 4755 1003 4794 ex
1019 4739 1132 4793 Deo
1145 4740 1436 4805 exsistens,
1458 4740 1762 4796 exinanivit
1807 4751 2012 4796 semet-

2107 4736 2202 4790 τοῦ
2228 4735 2363 4789 Θεοῦ
2394 4736 2586 4805 Λόγος,
2613 4737 2746 4802 Θεὸς
2793 4737 3057 4809 ὑπάρχων
3095 4738 3186 4790 καὶ
3221 4739 3284 4790 ἐκ
3323 4733 3480 4798 Θεοῦ,
3526 4728 3675 4784 κεκέ-

426 4829 936 4898 ipsum,secundum
953 4829 1265 4900 Scripturas
1280 4833 1323 4897 ⁵,
1343 4831 1507 4902 238
1526 4832 1716 4887 volens
1746 4849 1803 4888 se
1831 4834 2012 4888 demi-

2109 4845 2281 4883 νωκεν
2306 4827 2517 4891 ἐαυτὸν,
2537 4829 2679 4883 κατὰ
2697 4829 2795 4892 τὰς
2819 4829 3059 4899 Γραφὰς,
3087 4827 3274 4891 καθεὶς
3303 4822 3576 4891 ἐθελοντὴς
3604 4819 3675 4878 εἰς

425 4923 573 4977 sitin
607 4922 663 4976 id
715 4923 863 4992 quod
885 4939 994 4978 non
1024 4933 1165 4987 erat,
1194 4932 1358 4993 atque
1386 4925 1529 4978 hanc
1554 4923 1872 4978 vilissimam
1890 4939 2010 4978 car-

2111 4923 2249 4994 ὄπερ
2283 4921 2383 4974 οὐκ
2419 4916 2508 4992 ἦν,
2535 4923 2630 4975 καὶ
2667 4923 2766 4993 τὴν
2794 4921 3352 4993 ἁδοξοτάτην,ταύτην
3384 4917 3556 4988 σάρκα
3580 4914 3677 4982 ὴμ-

424 5029 550 5069 ncm
572 5013 771 5079 induit,
806 5023 862 5071 et
896 5016 953 5070 in
976 5017 1119 5072 servi
1152 5015 1326 5071 forma
1351 5015 1624 5086 apparuit,
1664 5016 1841 5071 factus
1873 5015 2007 5071 obe-

2113 5014 2364 5086 πέσχετο,
2395 5015 2488 5067 καὶ
2515 5015 2572 5066 ἐν
2603 5017 2668 5084 τῇ
2697 5013 2790 5067 τοῦ
2821 5013 3006 5067 δούλου
3041 5014 3224 5084 μορφῇ
3267 5011 3493 5079 πέφηνε,
3529 5016 3675 5071 γεγοο

424 5106 582 5162 diens
615 5106 728 5162 Deo
753 5122 818 5163 ac
841 5108 990 5163 Patri
1013 5123 1186 5177 usque
1215 5108 1283 5162 ad
1331 5118 1565 5162 mortem
1589 5109 1658 5174 “';
1692 5107 1817 5162 ideo
1860 5123 2009 5162 nunc

2113 5104 2219 5170 νὼς
2250 5106 2491 5176 ὑπήκοος
2512 5104 2588 5175 τῷ
2617 5105 2736 5176 Θεῷ
2766 5107 2857 5160 καὶ
2889 5105 3066 5176 Ilath
3094 5105 3256 5176 μέχρι
3280 5101 3523 5155 θανάτου·
3553 5090 3673 5146 ταύ-

424 5198 628 5254 dicitur
648 5198 940 5264 exaltatus,
968 5208 1024 5255 et
1047 5215 1249 5254 nomen
1269 5199 1434 5270 (quod
1451 5199 1563 5269 jam
1601 5198 2006 5269 quodammodo

2105 5215 2257 5269 τῃτοι
2287 5196 2470 5250 λοιπὸν
2502 5197 2911 5268 ύπερυψοῦσθαι
2937 5196 3177 5266 λέγεται,
3212 5195 3306 5249 καὶ
3329 5194 3402 5254 ὼς
3427 5190 3522 5242 οὐκ
3545 5184 3673 5254 ἔχων

424 5307 535 5345 non
559 5291 799 5347 habebat
827 5293 898 5347 ob
926 5291 1346 5364 humanitatem)
1363 5293 1535 5349 veluti
1559 5292 1749 5363 gratiae
1771 5307 1836 5346 ac
1857 5307 2004 5346 mer-

2105 5289 2194 5344 διὰ
2224 5289 2286 5342 τὸ
2313 5289 2651 5360 ἀνθρώπινον
2695 5290 2994 5359 μονονουχὶ,
3027 5290 3122 5343 καὶ
3155 5289 3212 5341 ἐν
3255 5286 3472 5356 χάριτος
3502 5275 3668 5371 μοίρᾳ]

421 5383 572 5438 cedis
591 5384 714 5439 loco
747 5384 1043 5454 accepisse,
1063 5391 1121 5438 et
1144 5384 1365 5453 quidem
1397 5404 1414 5434 ι
1437 5400 1639 5440 nomen
1658 5400 1826 5455 super
1843 5398 2006 5440 omne

2105 5383 2286 5437 λαϐεῖν
2323 5401 2342 5432 ι
2364 5381 2424 5435 τὸ
2457 5381 2701 5453 ὄνοματὸ
2730 5382 2870 5453 ὑπὲρ
2887 5383 2992 5436 πᾶν
3017 5383 3208 5452 ὄνομα,
3234 5397 3253 5432 ι
3293 5375 3430 5433 κατὰ
3457 5371 3550 5441 τὴν
3586 5380 3668 5455 τοξι

419 5491 642 5542 nomen,
683 5495 702 5528 ι
740 5477 894 5550 juxta
926 5476 987 5530 Β.
1010 5476 1160 5532 Pauli
1187 5493 1377 5532 vocem
1399 5479 1461 5532 ¹¹.
1489 5478 1760 5535 ϐωιστιιιιι
1788 5493 2003 5542 revera.

2109 5473 2378 5547 μακαρίου
2410 5451 2624 5527 Παύλου
2654 5451 2857 5544 φωνήν.
2901 5473 3039 5526 Ἀλλ’
3161 5472 3221 5524 τὸ
3242 5471 3430 5543 χρῆμα
3460 5456 3592 5516 κατὰ
3617 5451 3669 5506 τὸ

483 5681 713 5764 :Matth.
742 5681 1388 5764 Vithﬁzijtlarc.'iyﬁdnﬂ:
1471 5682 1741 5764 :Philipp.
1775 5682 1938 5764 11,19.
2015 5680 2216 5764 :Bsal.
2243 5697 2385 5764 δεῖξιν,
2547 5679 2823 5764 ξρὴῖίίρρ.
2860 5695 2937 5744 m,
2976 5677 3155 5742 L5,”.
3238 5678 3257 5706 ‘
3280 5669 3560 5732 Psal.xm.
3583 5650 3663 5712 ην

424 5750 1023 5818 'Gcn.mx,22—26:
1079 5748 1407 5818 'lbid.,".’.l.
1475 5748 1942 5822 ’Philipp.ti,7.
2022 5751 2331 5818 '°lbid.,8.
2413 5748 2730 5815 “lbid.,9.
