4060 6518
279 416 367 473 377

1187 404 1715 464 GLAPHYRORUM
1753 403 1821 460 IN
1864 402 2169 459 GENESIM
2209 405 2337 460 LIB.
2380 405 2475 462 VII

3408 407 3521 465 378

273 530 453 603 ἀληθὲς,
478 525 533 580 οὐ
557 523 702 587 δόσις
737 520 813 587 ὡς
841 523 902 575 ὲν
942 520 1084 594 ἀρχῇ
1121 520 1231 576 τῶν
1251 511 1358 577 οὐκ
1408 523 1637 576 ὲνόντων
1667 518 1816 590 αὐτῷ

1922 521 2058 576 nihil
2095 522 2198 593 ipsi
2229 523 2420 578 datum
2463 532 2550 579 est
2589 538 2702 594 quo
2753 533 2916 580 antea
2954 486 3287 582 naturaliter
3310 528 3517 598 praedi-

271 622 493 697 φυσικῶς·
534 615 725 672 πολλοῦ
759 632 827 687 γε
871 617 966 670 καὶ
1018 616 1121 672 δεῖ.
1165 617 1360 671 Νοοῖτο
1404 616 1450 671 δ’
1491 615 1559 670 ἂν
1606 613 1808 686 μᾶλλον

269 713 570 784 ἀναφοίτησις
593 710 689 764 καὶ
717 707 999 780 ἀναδρομὴ
1030 708 1167 779 πρὸς
1208 708 1270 762 τὸ
1315 710 1374 762 ὲν
1408 708 1574 781 ἀρχῇ,
1603 707 1698 761 καί.
1720 706 1810 760 οὐ·

271 808 441 871 σιωδῶς
469 805 557 860 καὶ
593 803 985 873 ἁναποὸλήτως
1024 801 1273 873 ὑπάρχον
1308 801 1479 874 αὐτῷ.
1517 801 1808 873 Τοιγάρτοι

272 901 346 959 καὶ
366 898 571 967 ἔφασκε,
591 894 688 964 τῆς
711 891 1137 965 ἀνθρωπότητος
1163 891 1227 945 τὸ
1251 896 1669 965 σμικροπρεπὲς
1683 893 1811 945 ὑποο

272 994 342 1057 ὣς
378 986 734 1058 οἰκονομικῶς
794 1003 814 1038 ι
871 984 1085 1055 Πάτερ,
1113 982 1337 1049 δόξασόν
1392 1002 1461 1056 με
1496 987 1564 1057 τῇ
1613 978 1807 1057 δόξῃῇ

273 1079 383 1154 ιίχον
407 1079 504 1151 πρὸ
528 1075 618 1132 τοῦ
646 1077 738 1131 τὸν
766 1077 972 1147 κόσμον
999 1070 1140 1130 εἶναι
1173 1075 1326 1148 παρὰ
1351 1074 1454 1131 σοί.
1498 1095 1518 1128 ι
1563 1076 1676 1130 Ἀεὶ
1699 1076 1810 1148 γὰρ

276 1171 387 1247 ἦνιν
409 1171 524 1242 δόξῃ
544 1169 844 1241 θεοπρεπεῖ
869 1168 947 1241 τῷ
972 1170 1091 1241 ἰδίῳ
1117 1168 1486 1242 συνυπάρχων
1511 1168 1810 1242 Γεννήτορι

273 1264 352 1337 πρὸ
401 1261 589 1325 παντὸς
616 1261 816 1325 αἰῶνος
847 1261 943 1316 καὶ
971 1261 1168 1333 χρόνου
1200 1262 1294 1331 καὶ
1340 1259 1443 1331 τῆς
1470 1260 1567 1315 τοῦ
1599 1261 1809 1333 κόσμου

268 1357 545 1429 καταϐολῆς.
574 1355 761 1428 Αὔξην
794 1355 860 1428 δὴ
893 1351 989 1410 οὖν
1018 1356 1240 1427 νοητέον
1280 1355 1375 1409 ἐπὶ
1401 1354 1644 1427 Χριστοῦ
1664 1397 1680 1421 ,
1710 1355 1811 1427 τὴν

262 1453 341 1523 τῆς
368 1448 601 1512 εὐκλείας
637 1446 918 1512 ἐπίδοσιν,
967 1447 1035 1521 ἢν
1066 1447 1154 1501 ἀεί
1196 1464 1314 1509 πως
1363 1447 1669 1519 εὐρυτέραν
1715 1446 1812 1502 καὶ

261 1539 626 1613 ἰμφανεοτέραν
658 1538 775 1610 ἔχει
804 1536 972 1602 Θεόςο
1004 1537 1086 1592 ὅτι
1124 1535 1268 1591 κατὰ
1303 1534 1468 1605 φύσιν
1508 1536 1628 1591 ἐστὶ
1659 1535 1811 1608 παρὰ

254 1629 347 1687 τῶν
365 1631 417 1687 ὲν
442 1630 627 1702 κόσμῳ
660 1627 984 1700 νοούμενος,
1014 1628 1111 1681 καὶ
1143 1626 1220 1692 ὼς
1249 1625 1360 1682 τῶν
1391 1626 1529 1681 ὅλων
1576 1626 1808 1699 Κύριος,

259 1720 767 1794 svme
779 1738 843 1775 τε
861 1720 956 1775 atat
976 1738 1043 1774 συ
1052 1718 1405 1792 μπροσκυνού
1413 1736 1573 1791 μενος
1593 1719 1671 1792 τῷ
1691 1720 1814 1794 Θεῷ

255 1814 333 1873 καὶ
356 1813 529 1886 Πατρί.
548 1813 704 1887 Πλὴν
728 1815 895 1880 αὐτὸς
909 1816 1174 1887 ὑπάρχων
1201 1815 1311 1869 τῶν
1342 1812 1557 1870 αἰώνων
1586 1815 1616 1868 ό
1645 1830 1774 1885 ποιη
1790 1841 1811 1855 ο

1920 620 2009 669 tus
2045 628 2157 669 non
2179 613 2348 683 fuerit
2375 632 2388 668 :
2418 614 2579 687 longe
2607 614 2758 671 enim
2785 617 2962 684 abest,
3015 627 3076 673 ut
3095 618 3285 688 potius
3311 620 3519 675 intelli-

1917 704 2132 776 gendus
2160 707 2236 761 sit
2279 708 2491 763 reditus
2522 708 2749 779 quidam
2779 718 2948 779 atque
2968 725 3232 765 recursus
3262 711 3330 767 ad
3362 728 3518 767 suam

1916 794 1988 850 ab
2008 795 2169 852 initio
2188 797 2511 865 essentiam,
2546 808 2601 854 et
2634 799 2783 871 quod
2806 810 3071 872 perpetue
3094 811 3236 857 erat:
3271 803 3430 860 Unde
3463 813 3522 860 et

1919 888 2037 959 ipse
2057 904 2184 945 eum
2213 889 2469 947 humana:
2494 902 2709 951 naturae
2738 893 3108 950 humilitatem
3125 895 3323 951 divino
3337 897 3522 952 consi-

1916 982 1994 1037 lio
2045 983 2327 1049 subiisset,
2387 984 2567 1040 dixit:
2631 1005 2650 1038 ι
2680 987 2873 1051 Pater,
2920 987 3166 1058 gloriﬂca
3211 1003 3300 1043 me
3348 990 3521 1059 gloria

1905 1089 2083 1145 quam
2110 1074 2281 1131 habui
2317 1085 2612 1148 antequam
2639 1078 2733 1134 hie
2755 1079 2996 1135 mundus
3017 1088 3186 1145 esset,
3217 1080 3364 1151 apud
3386 1089 3461 1136 te.
3492 1098 3511 1132 ι

1919 1165 2150 1238 Semper
2198 1167 2346 1223 enim
2378 1178 2498 1226 erat
2553 1170 2610 1225 in
2640 1170 2815 1241 gloria
2851 1170 3058 1237 divina,
3112 1180 3176 1227 ut
3218 1173 3314 1244 qui
3354 1172 3528 1234 simul

1918 1256 2090 1313 fuerit
2121 1275 2248 1316 cum
2273 1275 2376 1317 suo
2394 1260 2656 1318 Genitore
2679 1268 2808 1317 ante
2846 1263 3035 1317 omnia
3064 1264 3286 1328 saecula,
3314 1272 3372 1318 et
3390 1271 3520 1319 ante

1918 1351 2111 1407 mundi
2155 1353 2516 1410 creationem.
2558 1352 2931 1426 Augmentum
2961 1355 3148 1426 itaque
3195 1355 3251 1410 in
3299 1355 3525 1413 Christo

1918 1444 2293 1517 intelligamus
2314 1462 2667 1523 progressum
2696 1447 2871 1519 ipsius
2893 1447 3104 1520 gloriae,
3137 1464 3303 1520 quam
3328 1449 3397 1505 de
3430 1450 3525 1507 die

1920 1537 1978 1593 in
1997 1536 2144 1593 diem
2174 1537 2361 1593 reddit
2390 1537 2718 1609 ampliorem
2746 1547 2915 1610 atque
2948 1539 3313 1596 illustriorem
3349 1539 3525 1603 Deus,

1919 1628 2049 1700 quia
2082 1627 2387 1684 secundum
2426 1636 2687 1684 naturam
2735 1637 2821 1684 est
2852 1628 2925 1684 ab
2969 1630 3041 1684 iis
3082 1629 3179 1699 qui
3222 1629 3281 1684 in
3314 1629 3532 1685 mundo

1920 1729 2051 1777 sunt
2093 1720 2370 1793 cognitus,
2397 1728 2455 1776 et
2483 1728 2747 1791 tanquam
2781 1720 2953 1777 totius
2979 1721 3224 1777 universi
3255 1721 3533 1777 Dominus

1920 1812 2087 1869 simul
2138 1827 2266 1868 cum
2307 1812 2422 1868 Deo
2459 1826 2526 1867 ae
2563 1811 2728 1867 Patre
2765 1810 3110 1891 gloriﬁcatus
3145 1821 3204 1867 et
3235 1812 3526 1868 adoratus.

258 1907 364 1978 τὴς,
413 1908 561 1962 νοοῖτ⁹
596 1907 671 1963 ἂν
707 1906 938 1972 εἰκότως
980 1907 1223 1977 γεγονὼς
1256 1909 1354 1963 καὶ
1390 1904 1680 1970 νεώτατος.
1712 1904 1816 1960 Ht-

1920 1905 2195 1963 Czeterum
2241 1906 2360 1978 ipse
2387 1920 2515 1962 eum
2553 1906 2628 1962 sit
2667 1904 2846 1962 factor
2881 1907 3237 1972 saeculorum,
3287 1905 3525 1978 intelligi

255 2016 366 2070 φηνε
385 1998 484 2071 γάρ
505 2002 562 2053 ὲν
593 2000 937 2066 τελευταίοις
961 2000 1055 2056 τοῦ
1089 2000 1285 2067 αἰῶνος
1312 2003 1529 2074 καιροῖς
1562 1999 1702 2073 μετὰ
1723 1998 1816 2054 τὸν

256 2093 342 2147 τῶν
364 2094 520 2161 ἁγίων
547 2094 856 2168 προφητῶν
889 2094 1093 2150 εὐκλεᾶ
1118 2112 1180 2150 τε
1221 2096 1320 2151 καὶ
1365 2096 1699 2166 άξιάγαστον
1725 2111 1819 2166 χο-

263 2184 349 2258 ρὸν,
368 2187 451 2241 καί
476 2187 827 2254 ἁπαξαπλῶς
860 2188 1002 2259 μετὰ
1028 2190 1237 2250 πάντας
1263 2190 1390 2255 τοὺς
1421 2189 1527 2262 πρὸ
1557 2190 1658 2260 τῆς
1695 2192 1819 2242 ἐπι-

260 2275 416 2347 δημίας
449 2277 522 2341 ὡς
561 2279 620 2331 ὲν
669 2276 804 2332 υἰῶν
834 2277 990 2346 τάξει
1018 2278 1440 2351 λελογισμένους
1479 2280 1549 2334 δι’
1586 2279 1812 2352 ἀρετήν.

251 2369 462 2440 Ζηλωτὸς
498 2370 555 2424 δὲ
590 2371 685 2426 δτι
732 2370 959 2441 γέγονεν
986 2373 1015 2428 ὁ
1071 2373 1457 2445 Ἐμμανουὴλ,
1497 2373 1617 2439 πῶς
1666 2373 1817 2428 ἐστιν

162 2479 167 2486 ’
249 2460 569 2530 ἀμφιδαλεῖν;
614 2461 791 2515 Ἀλλά
817 2460 1059 2534 ζηλωτὸς
1101 2464 1201 2534 μὲν
1228 2464 1428 2534 ἁγίοις,
1459 2464 1507 2519 οἳ
1530 2467 1643 2529 τοῖς
1675 2464 1817 2536 ἰχνε-

249 2569 318 2606 σιν
344 2552 495 2608 αὐτοῢ
533 2554 969 2610 κατακολουθεῖν
1000 2557 1420 2623 σπουδάζοντες,
1457 2559 1718 2629 καὶπρὸς
1753 2558 1816 2613 τὸ

246 2644 366 2700 θεῖον
390 2646 546 2700 αὐτοῦ
570 2646 792 2720 μορφού
801 2666 952 2719 μενοι
978 2649 1193 2715 κάλλος,
1222 2651 1384 2705 αὐτόν
1411 2669 1472 2705 τε
1498 2651 1815 2722 ποιούμενοι

245 2737 332 2791 τῶν
378 2739 665 2812 πρακτέων
714 2740 1086 2812 ὑπογραμμὸν
1110 2784 1123 2808 ,
1157 2741 1256 2814 τὴν
1302 2743 1532 2798 ἁπασῶν
1581 2744 1815 2815 ἀρίστην

242 2827 574 2899 ἀποφέρονται
613 2826 802 2896 δόξαν.
845 2831 1099 2903 Ζηλωτός
1142 2849 1206 2902 γε
1248 2834 1357 2905 μὴν
1393 2836 1488 2889 καί⁸
1528 2834 1652 2890 καθ’
1695 2835 1814 2889 Ets—

241 2936 320 2992 ρον
350 2920 413 2976 ἂν
440 2926 613 2979 νοοῖτο
664 2925 875 2996 τρόπον
914 2928 1027 2990 τοῖς
1069 2927 1173 2981 οὐκ
1211 2928 1434 3000 ἀγαπᾷν
1473 2928 1774 3001 ᾑρημένοις
1795 2968 1811 2995 ,

240 3015 361 3085 φημί
386 3015 442 3070 δὲ
476 3020 591 3083 τοῖς
630 3017 912 3073 Ἰουδαίων
944 3017 1309 3092 καθηγηταῖς,
1338 3020 1460 3091 ἦτοι
1481 3024 1595 3086 τοῖς
1619 3021 1810 3093 Γραμ-

237 3109 444 3179 passim
472 3111 568 3167 καὶ
607 3111 965 3182 Φαρισαίοις,
993 3110 1043 3166 οἳ
1072 3113 1267 3186 πικρὸν
1293 3113 1578 3179 ὠδίνοντες
1603 3115 1663 3167 ὲν
1685 3115 1811 3168 eau-

1918 2007 2098 2070 potest
2125 1998 2527 2055 convenienter
2540 1997 2720 2055 factus
2742 1998 2912 2055 etiam
2941 1998 3208 2055 minimus
3228 2007 3387 2055 natu.
3408 1998 3527 2070 Ap-

1920 2092 2111 2166 paruit
2134 2093 2286 2150 enim
2315 2093 2373 2148 in
2404 2091 2724 2148 novissimis
2750 2091 2937 2148 seculi
2982 2091 3348 2162 temporibus,
3400 2100 3536 2163 post

1917 2185 2220 2257 gloriosum
2245 2185 2401 2240 illum
2425 2192 2592 2256 atque
2615 2184 3002 2241 admirandum
3037 2192 3357 2240 sanctorum
3390 2199 3527 2255 pro-

1916 2278 2212 2348 phetarum
2254 2278 2510 2345 chorum,
2543 2286 2711 2349 atque
2747 2277 2887 2333 adeo
2909 2285 3035 2348 post
3055 2291 3251 2333 omnes
3270 2277 3365 2347 qui
3396 2291 3531 2332 ante

1878 2364 2097 2446 ‘ipsius
2139 2375 2440 2431 adventum
2496 2376 2553 2430 in
2593 2390 2832 2431 numero
2884 2375 3129 2432 ﬁliorum
3181 2384 3313 2431 sunt
3374 2375 3525 2431 censi

1917 2477 2147 2540 propter
2164 2469 2454 2525 virtutem.
2485 2467 2647 2536 Quod
2684 2484 2823 2525 vero
2853 2468 3200 2524 tumulandus
3239 2468 3408 2524 etiam
3454 2468 3530 2525 sit

1917 2561 2266 2625 Emmanuel,
2298 2577 2410 2632 quo
2434 2568 2597 2632 pacto
2619 2561 2746 2632 quis
2790 2561 3075 2632 ambigat?
3111 2559 3219 2617 Sed
3259 2561 3530 2616 aemulan-

1918 2657 2023 2713 dus
2060 2658 2284 2729 quidem
2323 2658 2533 2714 sanctis
2555 2658 2652 2729 qui
2676 2656 2856 2728 ipsius
2876 2655 3127 2729 vestigiis
3154 2656 3414 2712 insistere
3437 2655 3528 2711 ni-

1920 2757 2146 2816 tuntur;
2198 2755 2256 2805 et
2305 2764 2434 2804 eum
2472 2749 2543 2804 ad
2598 2749 2847 2804 divinam
2898 2748 3020 2820 ejus
3052 2746 3526 2818 pulchritudinem

1917 2841 2254 2908 formentur,
2310 2841 2606 2912 ipsumque
2659 2849 2907 2897 statuant
2958 2841 3241 2896 actionum
3299 2855 3528 2895 suarum

1916 2936 2219 3006 exemplar,
2252 2934 2482 3007 gloriam
2526 2934 2776 2990 omnium
2799 2934 3196 3005 amplissimam
3221 2940 3526 3003 reportant.

1918 3028 2108 3083 Potest
2132 3034 2321 3083 autem
2349 3025 2519 3082 etiam
2556 3023 2666 3079 alio
2704 3038 2872 3079 sensu
2911 3021 3259 3078 aemulandas
3292 3019 3530 3091 intelligi

1918 3120 1988 3175 ab
2014 3119 2157 3183 istis,
2182 3119 2279 3190 qui
2319 3117 2494 3189 ipsius
2519 3116 2871 3173 dilectionem
2902 3121 3209 3184 respuunt;
3235 3111 3362 3167 dico
3381 3125 3412 3166 a
3437 3111 3539 3168 Ju-

232 3203 329 3265 τοῖς
348 3202 521 3273 ζῆλον,
546 3204 643 3258 καὶ
679 3202 984 3273 βασκανίας
1010 3204 1269 3260 ὑπόθεσιν
1292 3206 1394 3278 τὴν
1424 3207 1812 3279 ἀπαράϐλητον

1920 3212 2169 3268 daeorum
2218 3211 2592 3283 principibus,
2638 3217 2696 3266 et
2746 3208 2958 3265 Scribis
2989 3222 3054 3263 ac
3092 3206 3407 3271 Pharisaeis,
3436 3204 3532 3276 qui

233 3257 380 3349 ιιιὲοέ
398 3257 1105 3370 ποιούμνοιδόξαν,κατά
1128 3257 1361 3363 suos;
1376 3257 1817 3370 pressis;
1842 3257 1886 3316 δ

228 3404 370 3452 κους.
398 3389 659 3463 Διανίστη
704 3390 804 3461 μὲν
832 3390 943 3463 γὰρ
973 3392 1099 3456 τοὺς
1126 3391 1399 3462 νεκροὺςό
1429 3390 1666 3463 Χριστὸς
1687 3391 1820 3446 ὀδω-

231 3478 368 3545 δότας
396 3481 494 3553 ἤδη
525 3483 623 3538 καὶ
650 3482 1117 3555 διεφθαρμένους,
1147 3483 1242 3538 καὶ
1269 3482 1436 3538 αὐτοῦ
1462 3483 1555 3538 τοῦ
1583 3483 1820 3539 θανάτου

231 3574 473 3642 κρείττων
492 3576 775 3645 ἐφαίνετο.
797 3577 859 3630 Oi
881 3576 1411 3648 δὲ,κατατεθηπέναι
1430 3577 1550 3632 δέον
1566 3578 1662 3633 καὶ
1682 3578 1821 3650 πρὸς

231 3664 284 3717 τὸ
304 3666 492 3739 χρῆναι
515 3666 811 3723 πιστεύειν
838 3667 1038 3734 ἵεσθαι,
1060 3667 1249 3724 λοιπὸν
1265 3669 1417 3724 οὐδὲν
1447 3671 1823 3737 ἐνδοιάζοντας

232 3755 323 3821 ἔτι,
345 3759 502 3814 τοῦτο
527 3761 633 3832 μὲν
654 3759 767 3815 οὐκ
791 3759 986 3832 ἔδρων,
1011 3760 1300 3816 ὲδάκνοντο
1323 3762 1381 3817 δὲ
1400 3762 1480 3834 τῷ
1500 3763 1706 3836 φθόνῳ,
1727 3764 1824 3820 καὶ

233 3851 416 3923 πικρὰς
443 3852 705 3924 ἐδέχοντο
736 3851 914 3917 λύπας
943 3853 1025 3918 εἰς
1049 3852 1195 3910 νοῦν.
1223 3854 1328 3909 Τὸν
1359 3856 1425 3909 ὲκ
1452 3855 1676 3929 γενετὴς
1708 3857 1826 3911 ἰᾶτο

228 3944 428 4012 τυφλὸν,
458 3948 559 4002 καὶ
587 3944 930 4018 ἁμαρτωλὸν
971 3946 1305 4002 ἀπεκάλουν.
1347 3949 1653 4019 Δαιμονίων
1687 3950 1827 4004 ἀκα-

231 4030 426 4106 θάρτων
477 4038 794 4108 ἠλαύνοντο
840 4037 1005 4110 στίφη
1026 4080 1042 4106 ,
1086 4038 1182 4093 καὶ
1237 4040 1478 4112 χορηγὸν
1525 4039 1677 4113 αὐτῷ
1723 4040 1827 4113 τῆς

226 4123 492 4198 δυνάμεως
511 4129 612 4183 τὸν
635 4126 976 4192 Βεελζεδοὺλ
1009 4128 1407 4200 κατεψεύδοντο
1426 4146 1441 4161 ο
1478 4129 1648 4196 λίθοις
1663 4130 1825 4186 wax-

226 4217 326 4286 λον,
370 4221 730 4277 ἀνοσιώτατα
782 4222 1055 4291 λέγοντες·
1117 4241 1136 4276 ι
1176 4225 1310 4296 Περὶ
1342 4223 1512 4279 καλοῦ
1546 4224 1709 4298 ἔργου
1765 4225 1828 4279 οὐ

224 4311 501 4387 λιθάζομέν
524 4333 626 4371 σε·
670 4316 817 4371 ἀλλὰ
840 4319 971 4388 περὶ
1002 4317 1374 4390 βλασφημίας,
1406 4319 1489 4374 ὄτι
1523 4319 1588 4373 σὺ
1618 4319 1829 4392 άνθρω·

224 4419 315 4469 me
339 4404 432 4471 ῶν,
452 4410 640 4474 ποιεῖς
672 4408 908 4464 σεαυτὸν
942 4408 1096 4464 Θεόν.
1131 4429 1150 4462 ι
1189 4401 1511 4484 Διὲπρίοντο
1554 4410 1828 4481 λέγοντεςν

226 4516 244 4549 ι
273 4490 439 4564 Οὗτός
456 4502 616 4556 ἔστιν
651 4502 686 4554 ὁ
725 4499 1085 4571 κληρονόμος’
1109 4498 1263 4554 δεῦτε
1289 4501 1703 4573 ἀποκτείνωμεν
1729 4505 1829 4557 αὐ-

1925 3306 2333 3362 amarulentum
2356 3305 2414 3359 in
2444 3320 2505 3361 se
2529 3302 2904 3375 parturientes
2926 3302 3128 3366 zelum,
3153 3307 3210 3354 et
3231 3315 3298 3356 ex
3318 3300 3532 3354 incom—

1924 3400 2160 3473 parabili
2197 3399 2373 3471 ipsius
2401 3399 2578 3471 gloria
2602 3396 2823 3453 invidite
2850 3395 3199 3451 occasionem
3224 3400 3535 3463 captantes,

1925 3491 2120 3547 multis
2171 3490 2519 3562 argumentis
2557 3486 3142 3559 deprehendebantur.
3192 3485 3330 3541 Nam
3368 3483 3533 3539 Chri-

1926 3588 2047 3639 stus
2057 3580 2284 3652 quidem
2305 3578 2598 3635 suscitavit
2612 3585 2868 3633 mortuos
2888 3576 3103 3631 olentes
3125 3590 3190 3631 ac
3213 3582 3543 3645 corruptos,

1925 3684 2097 3740 seque
2123 3679 2300 3724 morte
2341 3668 2460 3739 ipsa
2520 3665 2868 3739 superiorem
2916 3665 3241 3722 declaravit.
3296 3664 3365 3721 Hi
3401 3678 3539 3721 vero

1926 3777 2055 3820 cum
2084 3761 2411 3818 debuissent
2438 3762 2557 3818 haec
2586 3760 2877 3828 admirari,
2905 3768 2962 3816 et
2994 3759 3160 3815 ﬁdem
3200 3759 3285 3815 eis
3324 3757 3535 3830 absque

1928 3855 2040 3912 ulla
2056 3854 2404 3911 haesitatione
2419 3852 2857 3919 accommodare,
2880 3852 2988 3908 hoc
3006 3850 3230 3922 quidem
3263 3865 3377 3906 non
3397 3864 3538 3920 pra-

1930 3949 2194 4005 stite-runt
2248 3965 2262 4002 :
2308 3946 2446 4019 quin
2502 3946 2691 4019 potius
2727 3953 3057 4003 exarserunt
3098 3943 3265 4015 239
3303 3941 3534 4009 invidia,

1929 4041 2433 4111 acerbissitnosque
2457 4039 2681 4096 dolores
2714 4047 2907 4095 mente
2930 4043 3328 4108 conceperunt.
3360 4034 3538 4094 Sana-

1932 4134 2027 4191 bat
2052 4148 2258 4191 eaeam
2276 4133 2348 4188 ab
2372 4140 2534 4198 ortu;
2554 4132 2613 4187 hi
2640 4147 2775 4187 vero
2795 4140 3146 4203 peceatorem
3178 4128 3532 4185 vocabant“.

1931 4226 2256 4298 Expellebat
2312 4226 2561 4297 legiones
2623 4224 3041 4279 immundorum
3092 4222 3424 4293 spirituum;
3477 4237 3536 4278 et

1932 4319 2352 4376 mentiebantur
2423 4317 2634 4372 auxilio
2706 4315 3018 4372 Beelzebub
3065 4330 3132 4370 ea
3183 4323 3448 4385 praestare
3468 4314 3533 4379 “,

1932 4411 2325 4483 lapidibusque
2365 4424 2496 4466 eum
2555 4408 2916 4479 impetebant,
2966 4407 3292 4478 impiissime
3324 4406 3535 4464 vocife-

1934 4511 2166 4563 rantes:
2199 4521 2220 4555 ί
2258 4503 2336 4558 De
2382 4502 2530 4556 bono
2572 4516 2740 4572 opere
2792 4515 2905 4556 non
2948 4500 3260 4571 lapidamus
3308 4507 3397 4565 te,
3438 4500 3535 4556 sel

220 4591 620 4663 τόν.›Ζηλωτὸς
637 4588 743 4648 οὖν
766 4592 877 4665 ἄρα
901 4592 996 4646 καὶ
1020 4595 1131 4657 τοῖς
1152 4595 1333 4665 μισεῖν
1359 4593 1658 4665 ἑλομένοις,
1687 4595 1818 4668 πλὴν

1936 4603 2166 4667 propter
2187 4592 2485 4649 maledicta
2509 4599 2568 4649 et
2597 4590 2994 4663 blasphemias,
3021 4589 3152 4662 quia
3174 4595 3257 4657 tu,
3285 4605 3414 4647 cum
3460 4589 3537 4646 sis

218 4681 311 4736 οὐκ
341 4686 422 4748 εἰς
448 4684 605 4739 ἅπαν
648 4681 954 4754 ἁλώσιμος.
981 4683 1046 4737 Εἰ
1075 4682 1186 4755 γὰρ
1216 4682 1313 4737 καὶ
1344 4683 1543 4755 ἀνέτλη
1571 4685 1818 4759 σταυρὸν1

1936 4687 2126 4756 homo,
2158 4686 2364 4743 [aciste
2399 4685 2583 4757 ipsum
2606 4685 2782 4741 Deum
2808 4684 2874 4739 ’⁸.
2896 4703 2915 4736 ι
2948 4683 3286 4739 Fremebant
3312 4696 3537 4739 rursum

219 4775 323 4829 ἀλλ’
352 4776 429 4842 ὡς
462 4777 606 4843 Θεὸς
638 4776 870 4841 ἀνεϐίω,
911 4780 1164 4848 πατήσας
1190 4777 1281 4831 τὸν
1333 4776 1585 4843 θάνατον,
1637 4797 1818 4850 μονον·

1928 4781 2218 4838 dicentes:
2249 4779 2385 4836 «iste
2405 4779 2702 4844 esthaares;
2721 4775 3259 4843 venite,occidamus
3271 4790 3400 4832 eum
3418 4775 3484 4832 “.
3511 4793 3532 4828 ι

218 4865 325 4937 ουχὶ
368 4867 425 4923 δὲ
462 4869 569 4924 καὶ
599 4865 706 4924 τοῦ
738 4865 878 4922 Θεοῦ
910 4867 1007 4921 καὶ
1053 4867 1270 4939 Πατρὸς
1302 4867 1708 4938 ὲπιφωνοῦντος
1735 4871 1818 4924 καί

1926 4875 2074 4946 Ergo
2095 4882 2154 4930 et
2182 4873 2301 4944 ipse
2348 4870 2690 4928 aemulationi
2715 4869 2993 4927 obnoxius
3024 4867 3150 4933 fuit,
3179 4883 3381 4938 nempe
3400 4866 3540 4923 isto-

224 4954 492 5026 λέγοντος·
532 4978 555 5014 ι
597 4959 758 5033 Πρός
786 4977 860 5031 με
887 4959 1249 5031 άνάστρεψον.
1290 4980 1308 5013 ι
1355 4961 1692 5033 Ἀναὸἑὸηκε
1717 4962 1818 5035 γὰρ

1928 4982 2054 5023 rum
2082 4967 2178 5038 qui
2203 4965 2387 5037 ipsum
2421 4964 2553 5020 odio
2587 4969 2719 5019 sunt
2756 4962 3064 5032 prosecuti,
3116 4974 3231 5014 non
3276 4966 3456 5013 tamen
3481 4958 3541 5013 in

216 5050 286 5115 εἰς
306 5052 432 5117 τοὺς
455 5053 771 5127 οὐρανοὺς,
798 5052 892 5107 ἵνα
910 5052 1007 5108 καὶ
1042 5052 1255 5125 ἀκούσῃ
1279 5052 1554 5123 λέγοντοςο
1588 5074 1607 5107 ι
1640 5056 1818 5111 Κάθου

1932 5060 2256 5117 universum
2281 5059 2351 5115 ab
2389 5058 2526 5130 ipsis
2557 5057 2677 5128 capi
2714 5056 2916 5126 potuit.
2960 5054 3078 5110 Etsi
3118 5053 3268 5108 enim
3303 5051 3544 5108 subierit

217 5141 275 5195 ta
296 5143 489 5209 δεξιῶν
528 5162 674 5215 μου,
704 5143 813 5209 ἕως
848 5144 918 5200 ἂν
957 5143 1037 5199 θῶ
1067 5145 1194 5209 τοὺς
1232 5146 1465 5218 ἐχθρούς
1497 5164 1590 5201 σου
1622 5149 1818 5204 ὑποπό·

1934 5169 2183 5218 crucem,
2215 5151 2424 5208 tamen
2474 5159 2540 5205 ut
2593 5151 2742 5205 Deus
2795 5147 3027 5212 revixit,
3072 5153 3252 5201 morte
3305 5142 3544 5215 pedibus

215 5234 313 5292 διον
336 5237 449 5295 τῶν
473 5238 676 5294 ποδῶν
712 5254 834 5294 σου.
864 5256 884 5291 ι
916 5238 1040 5292 Ὀτι
1066 5237 1178 5311 γάρ
1208 5239 1662 5308 ὑποπεπτώκασι,
1706 5243 1818 5298 καί·

1932 5246 2272 5319 proeuleata,
2296 5246 2411 5300 Deo
2452 5259 2519 5299 ac
2561 5244 2723 5299 Patre
2771 5240 3106 5296 inelamante
3156 5252 3222 5293 ac
3265 5236 3487 5293 dicente
3526 5255 3539 5291 :

216 5344 289 5383 τοι
314 5332 589 5404 πλείστην
622 5331 769 5403 ὅσην
803 5330 906 5401 τὴν
933 5330 1056 5386 κατ’
1096 5330 1264 5385 αὑτοῦ
1290 5332 1491 5402 μανίαν
1518 5333 1818 5401 ὠδίνοντες,

1940 5359 1958 5392 ι
1992 5339 2296 5395 Revertere
2320 5336 2391 5392 ad
2438 5351 2527 5392 me
2550 5336 2617 5390 ".
2657 5332 3130 5390 ».Aseenditenim
3155 5331 3213 5387 in
3252 5331 3460 5397 caelos,
3484 5340 3544 5386 ut

222 5421 448 5494 ἐδίδαξεν
480 5423 712 5480 εἰπών’
746 5443 766 5478 ι
798 5425 894 5490 Εἰς
922 5424 982 5479 δν
1003 5425 1479 5499 διαδουλευόμενοι
1505 5429 1818 5502 ἐλοιδόρουν.

1942 5439 2000 5487 et
2052 5431 2274 5486 audiret
2314 5429 2594 5485 dicentem
2647 5427 2790 5483 sibi:
2842 5446 2858 5479 ι
2897 5425 3038 5483 Sede
3076 5440 3107 5479 a
3135 5423 3349 5479 dextris
3381 5424 3522 5478 meis

218 5517 301 5570 ul.
322 5517 536 5590 ἑνεῖχον
561 5514 735 5587 αὐτῷ
759 5515 948 5587 κύριοι
971 5517 1343 5587 τοξευμάτων.
1384 5540 1402 5574 ι
1440 5521 1700 5594 Συνέδρια
1726 5525 1818 5599 γὰρ

1942 5524 2122 5580 donec
2150 5536 2349 5594 ponam
2374 5519 2631 5576 inimicos
2662 5528 2787 5575 tuos
2829 5518 3132 5574 seabellum
3158 5516 3363 5588 pedum
3417 5522 3545 5568 tuo»

215 5609 638 5683 συναγείροντες
674 5607 1031 5665 ὲδουλεύοντο
1067 5611 1244 5684 πικρὰ
1286 5631 1304 5665 ι
1338 5612 1448 5669 τῶν
1481 5613 1818 5687 τοξευμάτωγ

1944 5632 2072 5672 rum
2094 5617 2159 5669 ’⁸.
2199 5634 2217 5668 ι
2262 5614 2402 5670 Nam
2452 5612 2599 5684 quod
2643 5611 3020 5684 prociderint,
3073 5609 3290 5671 tametsi
3327 5616 3546 5662 summa

282 5781 323 5864 ξ’
372 5784 541 5843 Joan.
591 5788 889 5864 _x_vu,__5._
957 5787 1017 5864 _”
1048 5787 1212 5864 ,Ιοιιιιἶ
1234 5805 1310 5857 ιι,
1342 5790 1364 5845 l
1398 5806 1554 5864 seqq.
1672 5792 1714 5825 ἰ
1741 5793 1913 5859 Matth
1968 5809 2063 5857 xu,
2104 5792 2175 5848 22
2214 5807 2369 5862 seqq.
2488 5791 2707 5847 "Joan.
2740 5805 2798 5856 ι,
2823 5788 2913 5843 33.
3028 5782 3282 5841 "Matth.
3335 5793 3421 5847 xx,
3448 5779 3543 5846 33.

2488 5793 2528 5824 "
2552 5791 2707 5847 Joan.
2740 5805 2798 5856 ι,
2823 5788 2913 5843 33.

221 5849 258 5881 "
278 5852 379 5911 lsa.
406 5873 557 5922 κων,
584 5858 688 5913 21.
742 5849 816 5890 “¹⁸
854 5857 995 5913 Psal.
1027 5875 1135 5925 cu,
1193 5859 1244 5914 l.

1672 5792 1714 5825 "‘
1741 5793 1913 5859 Matth
1968 5809 2063 5857 xu,
2104 5792 2175 5848 22
2214 5807 2369 5862 seqq.
