4060 6500
527 379 633 435 579

1564 368 1620 425 3.
1661 365 1941 422 CYRILLI
1982 360 2455 419 ALEXANDRINI
2496 362 2633 418 ΑΒΕ
2649 363 2828 419 HIEP.

3689 375 3779 434 580

525 491 794 547 adversus
843 489 1029 560 ipsum
1075 484 1286 542 insania
1332 482 1586 547 accensi,
1634 480 1825 537 docuit
1885 478 2119 534 dicens:

2230 478 2277 530 οί
2316 479 2516 549 κύριοι,
2553 496 2571 528 ι
2612 479 2911 545 τουτέστιν,
2952 478 3002 532 oi
3031 479 3140 533 τῶν
3168 479 3314 534 λαῶν
3337 483 3610 554 ἡγεμόνες,
3639 492 3682 542 οί
3707 494 3785 548 ιπ⁹

537 605 556 635 ι
584 584 645 638 In
674 598 840 653 quem
864 581 1217 636 consulentes
1258 575 1551 632 conviciati
1585 581 1736 638 sunt,
1778 581 1835 629 et
1872 571 2118 627 insidiati

528 685 661 732 sunt
708 676 759 731 ei
820 674 1030 731 domini
1076 670 1488 742 sagittationum
1526 669 1589 722 ¹⁹.
1636 687 1654 719 ι
1703 665 1920 721 Habilis
1968 664 2119 720 enim

526 768 795 831 consiliis,
843 765 1044 822 acerba
1096 762 1485 817 consultabant
1516 779 1533 810 ι
1572 757 1785 814 domini
1807 755 2115 827 sagittatio-

528 876 684 926 num,
728 881 746 912 ι
782 860 888 915 boc
914 867 1021 923 est,
1069 855 1349 927 principes
1388 852 1742 924 populorum,
1769 850 1865 921 qui
1888 864 2120 905 exacue-

529 954 665 1008 bant
708 952 979 1007 adversus
1017 964 1145 1004 eum
1196 947 1291 1016 qui
1330 961 1460 1001 eum
1501 944 1901 1006 vulnerarent,
1954 950 2119 1011 atque

532 1044 705 1098 instar
725 1042 1065 1112 spiculorum
1091 1038 1198 1109 ipsi
1230 1035 1384 1092 inﬁxi
1407 1042 1615 1098 essent,
1641 1043 1704 1090 ut
1735 1048 1859 1103 qua:
1892 1031 1974 1086 fas
2006 1045 2120 1086 non

529 1142 616 1192 est
638 1134 906 1189 adversus
932 1133 1115 1202 ipsum
1133 1129 1572 1192 committerent,
1588 1143 1654 1182 ac
1683 1124 1849 1180 modo
1873 1123 2119 1179 ferarum

531 1228 589 1281 in
632 1226 813 1295 ipsum
857 1229 1089 1279 ruerent
1132 1236 1197 1276 ac
1249 1220 1546 1276 ferrentur.
1583 1217 1856 1274 Caeterum
1897 1235 1915 1267 ι
1956 1230 2120 1270 arcus

530 1319 762 1373 istorum
795 1315 1020 1370 contriti
1054 1315 1284 1379 sunt'°,p
1320 1321 1376 1368 et
1404 1311 1655 1367 dissoluti
1680 1310 1836 1365 nervi
1862 1308 2120 1365 brachio-

529 1424 652 1465 rum
699 1423 894 1463 eorum
929 1423 1031 1478 per
1065 1422 1287 1462 manum
1314 1405 1558 1477 potentis
1604 1404 1806 1469 Jacob,
1851 1402 1959 1457 hoc
2011 1409 2117 1467 est,

528 1504 627 1559 Dei
649 1516 713 1557 ac
745 1502 941 1566 Patris,
969 1502 1064 1571 qui
1097 1510 1182 1555 est
1203 1499 1466 1554 Dominus
1488 1499 1779 1563 virtutum,
1803 1496 2009 1567 quique
2029 1510 2122 1549 or-

528 1594 742 1650 dinavit
788 1601 849 1649 ut
888 1593 1061 1647 Filius
1086 1593 1142 1647 in
1164 1592 1303 1648 coelo
1324 1600 1381 1646 et
1419 1591 1478 1645 in
1502 1598 1649 1645 terra
1671 1588 2116 1644 benediceretur.

529 1686 739 1741 Scribit
763 1685 911 1741 enim
938 1684 1163 1739 divinus
1183 1683 1388 1738 Paulus
1417 1682 1588 1752 quod,
1632 1698 1759 1738 cum
1778 1681 2123 1751 Primogeni—

528 1786 645 1832 tum
667 1775 886 1832 duxerit
923 1776 980 1830 in
1019 1774 1232 1838 orbem,
1270 1773 1346 1828 ita
1368 1773 1606 1829 dixerit:
1640 1792 1659 1824 ι
1683 1773 1752 1827 Et
1783 1771 2018 1827 adorent
2041 1770 2123 1840 ip-

528 1883 650 1924 sum
683 1882 876 1923 omnes
921 1867 1101 1937 angeli
1132 1866 1230 1921 Dei
1254 1866 1319 1919 “.
1358 1883 1377 1917 ›
1426 1865 1507 1920 lta
1530 1864 1703 1919 David
1757 1863 1888 1918 alibi
1937 1862 2074 1918 dicit
2105 1880 2119 1916 :
2157 1846 2198 1902 Β

535 1976 551 2008 ι
583 1955 775 2012 Omnis
827 1965 972 2011 terra
1009 1956 1204 2012 adoret
1229 1963 1304 2019 te,
1356 1962 1416 2010 et
1439 1955 1640 2025 psallat
1692 1954 1794 2009 tibi
1820 1954 1887 2008 ¹².
1916 1973 1934 2004 ι
1969 1953 2124 2008 lianc

523 2050 762 2109 dicimus
787 2049 934 2103 illam
961 2064 1259 2118 supernam
1278 2047 1743 2112 benedictionem,
1760 2055 1816 2102 et
1838 2046 1986 2101 illam
2001 2062 2125 2117 qua:

525 2143 759 2199 inferius
795 2142 853 2196 in
880 2151 1025 2197 terra
1071 2140 1257 2196 omnia
1293 2140 1564 2203 continet,
1625 2139 1734 2193 hoc
1783 2145 1889 2201 est,
1913 2138 1970 2192 in
2014 2153 2124 2208 qua

527 2242 755 2305 propter
796 2233 1081 2289 Christum
1130 2231 1315 2287 omnis
1349 2231 1572 2286 demum
1623 2231 1804 2285 virtus
1846 2228 2121 2293 consistit,

524 2324 971 2396 multiplicesque
1005 2324 1300 2379 admodum
1325 2324 1548 2394 pietatis
1574 2323 1631 2377 in
1670 2323 1840 2377 Deum
1887 2322 2118 2377 fructus.

525 2417 746 2473 Dictum
776 2424 862 2472 est
900 2416 1051 2471 enim
1087 2415 1155 2470 ad
1199 2416 1439 2471 Filium:
1474 2436 1491 2466 ι
1525 2413 1771 2470 Visitasti
1817 2410 2042 2478 terram,
2068 2420 2125 2468 et

526 2508 813 2564 inebriasti
835 2523 979 2573 eam,
1001 2514 1059 2562 et
1079 2507 1457 2577 multiplieasti
1482 2514 1544 2560 ut
1575 2506 1750 2577 ipsam
1776 2505 2063 2561 ditares”.
2096 2524 2116 2558 ›

525 2600 697 2655 Porro
719 2599 867 2669 quod
896 2600 949 2654 ei
975 2598 1106 2654 data
1128 2599 1201 2654 sit
1234 2607 1291 2654 et
1331 2596 1572 2669 superna
1592 2596 1928 2662 benedictio,
1969 2605 2027 2653 et
2057 2612 2123 2652 ea

524 2707 649 2761 qua:
672 2699 758 2746 est
782 2691 839 2745 in
865 2699 1010 2746 terra
1033 2706 1292 2761 expresse
1337 2690 1705 2745 conﬁrmatur
1741 2689 1830 2744 his
1881 2689 2070 2744 verbis
2105 2707 2119 2742 :

533 2802 552 2833 ε
582 2783 817 2855 Propter
850 2781 1299 2837 benedictionem
1323 2780 1557 2837 uberum
1585 2790 1642 2837 et
1664 2781 1861 2845 vulvae,
1897 2788 2125 2851 prapter

523 2873 972 2928 benedictionem
1010 2873 1185 2942 patris
1223 2881 1280 2927 et
1305 2870 1519 2932 matris.
1559 2879 1649 2926 etc
1667 2873 1732 2924 ⁸⁸.
1762 2889 1779 2921 ι
1813 2869 1890 2924 Ex
1918 2869 2125 2940 quibus

524 2965 712 3021 verbis
740 2973 930 3034 aperte
959 2972 1016 3019 et
1035 2963 1326 3020 evidenter
1352 2963 1634 3034 generatio
1661 2961 1826 3043 240
1842 2962 2125 3033 Unigeniti

524 3073 595 3113 ex
632 3058 745 3112 Deo
797 3066 852 3113 et
876 3057 1078 3123 Patre,
1141 3072 1362 3113 necnon
1405 3056 1691 3127 generatio
1727 3071 1828 3127 per
1877 3062 2123 3110 sanctam

523 3147 828 3220 Virginem,
852 3157 1126 3219 quatenus
1152 3149 1368 3205 scilicet
1407 3148 1736 3220 intelligitur
1776 3157 1833 3203 et
1870 3147 2124 3218 apparuit

523 3240 711 3306 homo,
753 3241 1084 3296 declaratur.
1111 3241 1248 3296 Nam
1278 3256 1406 3296 cum
1448 3249 1640 3310 suapte
1667 3246 1866 3294 natura
1892 3254 1955 3294 ac
1992 3254 2122 3296 vere

523 3333 697 3389 Filius
726 3335 822 3389 Dei
853 3344 911 3390 et
938 3335 1118 3390 Patris
1145 3342 1322 3400 esset,
1349 3344 1579 3405 propter
1602 3350 1704 3390 nos
1734 3333 1996 3390 sustinuit
2024 3351 2123 3404 per

523 3425 814 3483 mulierem
838 3441 903 3481 ac
922 3427 1141 3481 vulvam
1166 3427 1343 3491 nasci,
1384 3426 1664 3496 uberaque
1688 3442 1905 3497 sugere.
1930 3427 2122 3498 Neque

521 3519 693 3583 enim,
718 3526 780 3572 ut
801 3517 1027 3588 quidam
1042 3518 1258 3582 volunt,
1274 3517 1601 3588 imaginarie
1621 3517 1800 3574 factus
1826 3527 1913 3574 est
1930 3519 2121 3587 homo,

522 3611 623 3666 sed
654 3626 845 3667 revera
886 3611 1062 3666 nostri
1092 3611 1292 3666 similis
1318 3620 1405 3667 est
1424 3611 1678 3677 eﬂ‘ectus,
1727 3620 1943 3670 natura:
1973 3614 2124 3683 leges

522 3717 781 3773 sequens,
814 3712 872 3758 et
893 3704 1020 3758 cibo
1064 3712 1244 3770 utens,
1290 3705 1650 3776 etiamsijpse
1677 3706 1883 3777 alioqui
1912 3708 2123 3763 mundo

522 3795 692 3847 vitam
743 3794 1144 3864 suppeditaret.
1177 3796 1391 3851 idcirco
1437 3805 1494 3851 et
1521 3796 1581 3851 Β.
1625 3797 1812 3863 Isaias,
1859 3808 2123 3870 tanquam

523 3883 837 3940 certissimo
884 3894 1212 3957 argumento
1256 3888 1511 3957 probavit
1559 3904 1747 3943 veram
1781 3890 2003 3944 Domini
2030 3891 2121 3944 in~

523 3975 899 4031 mutationem
935 3992 1004 4032 ex
1026 3993 1095 4033 eo
1139 3979 1288 4048 quod
1320 3979 1602 4051 indigebat
1644 3981 1908 4037 alimento
1943 3982 2122 4038 infan-

525 4065 684 4128 tium,
721 4064 912 4121 dicens
938 4085 951 4120 :
989 4067 1283 4139 «Butyrum
1314 4076 1371 4123 et
1395 4070 1502 4126 mel
1533 4071 1787 4127 comedet
1805 4072 1871 4127 ".
1893 4092 1911 4124 ι
1940 4073 2118 4129 Bene-

522 4155 708 4212 dictus
730 4172 863 4229 ergo
886 4166 973 4213 est
993 4174 1160 4215 causa
1186 4161 1421 4216 uberum
1448 4170 1506 4217 et
1527 4162 1724 4218 vulvas.
1756 4163 1915 4229 Nam,
1941 4173 2003 4219 ut
2020 4181 2117 4220 su-

520 4262 621 4317 pra
659 4247 793 4312 dixi,
831 4259 1190 4320 posteaquam
1213 4250 1393 4307 l‘actus
1436 4260 1522 4307 est
1557 4252 1745 4319 homo,
1770 4262 1827 4309 et
1848 4254 2119 4312 obediens

520 4340 670 4396 Patri
696 4356 868 4411 usque
892 4341 962 4396 ad
989 4352 1250 4409 mortem,
1278 4344 1629 4400 haereditavit
1650 4346 1757 4400 sibi
1793 4361 1996 4402 nomen
2019 4363 2116 4402 su-

518 4447 621 4503 per
648 4448 813 4488 omne
846 4449 1051 4490 nomen
1077 4436 1145 4501 ",
1170 4443 1229 4490 et
1252 4435 1359 4505 ipsi
1393 4455 1412 4487 ι
1460 4435 1635 4491 Omne
1657 4452 1800 4507 genu
1834 4438 2112 4505 ﬂectetur,

2225 571 2374 639 αὐτῷ
2403 572 2817 643 παραθήγοντες
2849 573 2976 636 τοὺς
3000 575 3163 627 οἱονεὶ
3203 576 3676 646 τραυματίζοντας,
3701 589 3783 641 καὶ

2225 660 2426 714 ἁκίδων
2456 663 2513 714 ἐν
2535 662 2686 728 τάξει
2711 661 2996 731 μονονουχὶ
3022 661 3116 715 καὶ
3145 664 3609 736 ἐμπηγνυμένους,
3634 671 3783 727 διάτοι

2224 753 2285 807 τὸ
2327 753 2459 825 δρᾷν
2500 753 2535 808 ἃ
2572 752 2649 823 μὴ
2696 752 2852 823 θέμις
2882 755 3219 826 ἁποτολμᾷν,
3253 758 3348 811 καὶ
3381 757 3556 830 θηρῶν
3599 763 3782 835 ἀγρίων

2225 844 2588 916 ἐπιθρώσκειν
2619 845 2794 915 δίκην.
2844 844 2989 917 Πλὴν
3015 848 3305 917 συνετρίϐη
3343 849 3410 903 τὰ
3451 851 3576 917 τόξα
3606 857 3788 922 αὐτῶν,

2227 940 2322 993 καὶ
2354 937 2577 1008 ἐξελύθη
2622 938 2789 1009 νεῦρα
2837 938 3137 1010 βραχιόνων
3171 941 3352 995 αὐτῶν
3376 942 3464 997 διὰ
3510 948 3659 1018 χεῖρα
3682 949 3786 1003 δυν-

2228 1030 2392 1085 άστου
2440 1029 2654 1096 Ἰακὼϐ,
2702 1031 2970 1094 τουτέστι,
3018 1030 3116 1084 τοῦ
3156 1031 3295 1086 Θεοῦ
3344 1033 3447 1087 καὶ
3478 1036 3700 1106 Πατρὸς,
3739 1041 3788 1103 δς

2226 1127 2344 1178 ὲστι
2376 1124 2486 1178 τῶν
2515 1123 2799 1194 δυνάμεων
2831 1123 3060 1196 Κύριος,
3090 1124 3150 1189 ὃς
3178 1127 3272 1179 καὶ
3300 1126 3631 1196 εὐλογεῖσθαι
3667 1150 3790 1203 παρ-

2226 1215 2492 1271 εσκεύασε
2538 1216 2629 1269 τὸν
2669 1216 2799 1271 Υίδν
2826 1216 2884 1270 ἐν
2924 1234 2984 1271 τε
3017 1215 3236 1290 οὐρανῷ
3262 1218 3359 1272 καὶ
3408 1219 3505 1273 ἐπὶ
3552 1224 3646 1293 τῆς
3683 1225 3790 1292 γῆς.

2226 1312 2433 1380 Γράφει
2493 1310 2590 1382 μὲν
2641 1309 2750 1382 γὰρ
2794 1312 2822 1364 ὁ
2872 1309 3160 1374 θεσπέσιος
3204 1310 3420 1375 Παῦλος
3459 1328 3472 1341 ·
3524 1313 3685 1368 Ὅταν
3741 1316 3791 1368 δὲ

2227 1403 2498 1476 εἰσαγάγῃ
2532 1401 2624 1455 τὸν
2650 1401 2996 1474 πρωτότοκον
3024 1405 3105 1466 είς
3131 1401 3235 1474 τὴν
3255 1403 3610 1475 οἰκουμένην,
3638 1404 3791 1475 λέγει·

2235 1517 2255 1551 ι
2283 1498 2394 1553 Καὶ
2414 1498 2954 1569 προσκυνησάτωσαν
2975 1498 3125 1569 αὐτῷ
3146 1498 3349 1563 πάντες
3371 1499 3595 1569 ἄγγελοι
3607 1500 3751 1557 Θεοῦ.
3776 1523 3792 1554 ι

2224 1592 2431 1646 Φὰσκει
2487 1591 2545 1644 δέ
2590 1607 2693 1644 που
2724 1591 2821 1645 καὶ
2852 1592 2882 1644 ὁ
2926 1591 3101 1662 μέγας
3140 1592 3274 1663 ἡμῖν
3303 1591 3505 1645 Δαϐίδο
3541 1611 3563 1644 ι
3597 1593 3797 1664 Πᾶσαὴ

2227 1686 2299 1754 γῆ
2352 1683 2893 1756 προσκυνησάτωσαν
2951 1698 3055 1748 σοι,
3113 1684 3210 1737 καὶ
3266 1682 3598 1753 ψαλάτωσάν
3643 1703 3739 1739 σοι.
3779 1706 3797 1738 ι

2227 1777 2446 1847 Ταύτην
2473 1773 2612 1829 εἷναί
2638 1791 2821 1846 φαμεν
2851 1774 2948 1845 τὴν
2978 1775 3185 1829 ἄνωθεν
3211 1774 3491 1844 εὐλογίαν,
3518 1777 3613 1830 καὶ
3638 1776 3731 1847 τὴν
3752 1779 3803 1830 ὲν

2225 1873 2293 1942 τῇ
2323 1873 2394 1941 γῇ
2427 1869 2578 1922 κάτω
2617 1869 2718 1941 τὴν
2753 1868 2932 1922 πάντα
2962 1866 3212 1938 ἔχουσαν,
3242 1869 3551 1932 τουτέστιν,
3578 1872 3634 1923 ὲν
3729 1871 3804 1925 διὰ

2226 1961 2461 2034 Χριστὸν
2490 1962 2641 2015 πᾶσα
2667 1959 2857 2014 λοιπὸν
2886 1960 3077 2032 ἁρετὴ,
3112 1959 3206 2013 καὶ
3234 1959 3359 2013 λίαν
3391 1960 3724 2031 ἀμφιλαφεῖς
3763 1964 3806 2017 ot

2226 2057 2324 2125 τῆς
2369 2057 2448 2119 εἰς
2491 2053 2625 2108 Θεὸν
2672 2051 2952 2117 εὐσεϐείας
3001 2051 3225 2123 καρποί.
3285 2051 3528 2124 Εἴρηται
3569 2055 3679 2125 γάρ
3718 2069 3807 2107 που

2227 2149 2365 2220 πρὸς
2390 2148 2482 2203 τὸν
2524 2148 2673 2201 Υίόνο
2712 2167 2731 2200 ι
2784 2144 3105 2215 Ἐπεσκέψω
3141 2142 3241 2213 τὴν
3279 2145 3410 2216 γῆν,
3446 2145 3545 2199 καὶ
3590 2144 3810 2216 μεθύσας

2226 2240 2396 2311 αὐτὴν
2440 2239 2772 2308 ἐπλήθυνας,
2813 2237 2906 2290 τοῦ
2941 2234 3228 2290 πλουτίσαι
3261 2236 3463 2305 αὐτήν.
3515 2256 3537 2288 ι
3578 2235 3811 2290 Δεδόσθαι

2226 2348 2290 2401 γε
2325 2331 2429 2403 μὴν
2463 2330 2612 2402 αὑτῷ
2644 2332 2741 2402 τὴν
2781 2329 2987 2384 ἄνωθεν
3030 2329 3306 2398 εὐλογίαν,
3354 2328 3457 2382 καὶ
3514 2329 3695 2399 μέντοι
3725 2329 3812 2401 τὴν

2226 2424 2335 2477 ἀπὸ
2391 2423 2516 2493 γῆς,
2578 2420 2949 2476 διεϐεϐαιοῦτο
3003 2420 3208 2489 σαφῶς·
3254 2442 3272 2471 ι
3304 2419 3539 2473 Εἴνεκεν
3582 2420 3815 2487 εὐλογίας

2229 2513 2453 2585 μαστῶν
2487 2513 2581 2567 καὶ
2611 2514 2847 2585 μήτρας,
2882 2511 3137 2581 εὐλογίας
3170 2512 3382 2583 πατρὸς
3407 2513 3505 2565 καὶ
3528 2512 3759 2582 μητρός.
3793 2529 3810 2564 ι

2226 2609 2304 2661 Δι’
2331 2598 2393 2660 οὗ
2429 2604 2613 2675 σαφῶς
2660 2607 2754 2660 καὶ
2783 2605 3029 2677 ἐναργῶς
3059 2606 3093 2676 ἦ
3135 2622 3192 2659 τε
3221 2608 3286 2659 ἐκ
3325 2604 3470 2659 Θεοῦ
3500 2606 3599 2658 καὶ
3626 2603 3818 2676 Πατρὸς

2225 2702 2478 2771 γέννησις
2506 2698 2601 2753 τοῦ
2648 2699 3009 2769 Μονογενοῦς,
3044 2700 3138 2753 καὶ
3166 2700 3197 2770 ἡ
3230 2698 3325 2753 διὰ
3355 2699 3463 2769 τῆς
3493 2698 3659 2768 ἁγίας
3688 2699 3819 2768 "ap.

2226 2790 2381 2844 θένου
2428 2790 2774 2861 σημαίνεται,
2827 2790 2962 2843 καθὸ
3017 2792 3218 2843 νοεῖται
3276 2790 3383 2842 καὶ
3439 2790 3687 2860 πέφηνεν
3735 2788 3819 2842 ἄν·

2226 2879 2466 2952 θρωπος.
2504 2879 2631 2944 Υἱὸς
2660 2881 2769 2950 γὰρ
2809 2880 3070 2951 ὑπάρχων
3103 2878 3362 2946 φυσικῶς
3393 2895 3457 2931 τε
3486 2880 3583 2932 καὶ
3623 2876 3821 2950 ἀληθῶς

2225 2971 2318 3025 τοῦ
2370 2971 2508 3025 Θεοῦ
2558 2989 2619 3025 τε
2662 2972 2759 3026 καὶ
2798 2971 3031 3042 Πατρδς,
3062 2971 3129 3024 δι’
3176 2973 3336 3042 ἡμᾶς
3383 2972 3591 3041 ἀνέτλη
3622 2972 3717 3040 τὴν
3747 2969 3826 3024 διὰ

2225 3061 2481 3131 γυναικός
2516 3078 2576 3114 τε
2608 3061 2703 3114 καὶ
2740 3063 2955 3132 μήτρας
2982 3060 3257 3131 γέννησιν,
3280 3061 3383 3114 καὶ
3405 3061 3654 3132 μαστοὺς
3677 3057 3823 3129 τεθήο

2225 3153 2420 3208 λακεν.-
2438 3154 2514 3207 Οὐ
2548 3153 2658 3226 γάρ
2686 3171 2790 3219 τοι,
2826 3153 2969 3207 κατά
2995 3170 3168 3218 τινας,
3211 3152 3451 3224 δοκήσει
3491 3153 3719 3221 γέγονεν
3748 3147 3829 3204 ἂν·

2226 3248 2465 3320 θρωπος,
2495 3248 2612 3301 ἀλλ’
2632 3248 2706 3312 ὡς
2740 3246 2899 3301 τοῦτο
2921 3246 3064 3301 κατὰ
3085 3246 3354 3316 ἀλήθειαν
3382 3244 3673 3318 πεφηνὼς,
3706 3246 3828 3314 ὅπερ

2225 3340 2393 3411 ἐσμὲν
2421 3341 2515 3394 καὶ
2538 3342 2700 3412 ἡμεῖς
2741 3338 2968 3412 aii-coli],
3017 3341 3130 3402 τοῖς
3157 3339 3261 3408 τῆς
3302 3339 3540 3407 φύσεως
3581 3337 3832 3407 ἑπόμενος

2223 3433 2430 3504 νόμοις,
2460 3435 2556 3487 καὶ
2599 3433 2806 3505 τροφῆς
2833 3434 3116 3502 ἠνέσχετο,
3147 3430 3335 3484 καίτοι
3380 3431 3541 3502 ζωὴν
3574 3430 3738 3492 αὐτὸς
3762 3427 3831 3497 τῷ

2224 3527 2413 3597 κόσμῳ
2462 3524 2657 3589 διδούς.
2713 3525 2983 3599 Ταύτῃτοι
3039 3524 3137 3578 καὶ
3184 3525 3216 3576 ό
3272 3525 3569 3595 μακάριος
3618 3520 3836 3582 Ἡσαΐας

2226 3617 2459 3687 μήνυσιν
2507 3614 2700 3686 ὥσπερ
2740 3612 2864 3667 τινὰ
2901 3611 2997 3666 τοῦ
3038 3613 3183 3667 κατὰ
3224 3613 3515 3685 ἀλήθειαν
3570 3612 3832 3681 ὲνανθρω-

2224 3708 2394 3778 πῆσαι
2416 3705 2506 3760 τὸν
2527 3704 2754 3776 Κύριον,
2770 3705 2830 3758 τὸ
2849 3705 3131 3776 δεδεῆσθαι
3149 3705 3382 3775 τροφῆς
3396 3700 3835 3777 νηπιοπρεποῦς,

2222 3798 2457 3851 ἐποιεῖτο
2503 3796 2705 3865 λέγων⁹
2761 3815 2780 3847 ι
2833 3794 3101 3866 Βούτυρον
3159 3797 3256 3848 καὶ
3315 3797 3454 3867 μέλι
3519 3794 3774 3866 φάγεται,
3810 3807 3830 3842 ι

2223 3888 2531 3959 Ηύλόγηται
2555 3888 2735 3941 τοίνυν
2759 3888 2913 3940 ’ἐνεκε
2948 3887 3169 3955 μαστῶν
3193 3887 3298 3939 καὶ
3332 3891 3593 3960 μήτρας.
3629 3888 3719 3948 Ὠς
3738 3882 3837 3954 γὰρ

2221 3978 2359 4050 ἔφην
2381 3979 2611 4049 φθάσας,
2644 3978 2764 4031 ἐπεί
2785 3995 2866 4030 τοι
2896 3978 3119 4046 γέγονεν
3143 3976 3461 4048 ἄνθρωπος
3486 3980 3588 4032 καὶ
3613 3978 3840 4047 ὑπήκοος

2218 4069 2297 4141 τῷ
2319 4069 2515 4140 Πατρὶ,
2540 4067 3019 4140 κεκληρονόμηκεν
3040 4068 3214 4139 ὄνομα
3236 4068 3307 4122 τὸ
3329 4070 3446 4124 ὑπὲ
3455 4088 3491 4143 ρ
3516 4071 3632 4125 πᾶν
3658 4068 3838 4138 ovain,

2219 4159 2314 4212 καὶ
2338 4158 2486 4228 αὐτῷ
2520 4177 2538 4210 ι
2584 4158 2794 4228 κάμψει
2824 4159 2932 4211 πᾶν
2976 4157 3126 4226 γόνυ,
3165 4160 3569 4230 ἐπουρανίων,
3608 4160 3705 4214 καὶ
3733 4160 3844 4211 ἐπι-

2217 4251 2401 4320 γείων,
2448 4252 2542 4305 καὶ
2591 4250 2983 4320 καταχθονίων,
3025 4250 3468 4320 ὁμολογούντων
3522 4252 3611 4307 ὅτι
3646 4248 3843 4322 Κύρνος

2231 4337 2441 4414 Ἰησοῦς
2482 4343 2739 4413 Χριστὸς,
2773 4341 2854 4404 είς
2884 4340 3040 4405 δόξαν
3073 4339 3212 4394 Θεοῦ
3242 4344 3511 4415 Πατρός.
3550 4363 3570 4396 ι
3620 4342 3768 4411 Πλὴν
3798 4339 3843 4391 εί

2217 4437 2313 4489 καὶ
2346 4436 2553 4506 πέφηνε
2587 4434 2708 4489 καθ’
2755 4435 2922 4505 ἡμᾶς,
2961 4434 3076 4487 ἀλλ’
3110 4430 3206 4489 οὖν
3246 4437 3681 4509 ὑπερκείσεται
3720 4451 3847 4489 παν·

519 4523 833 4577 οωιεειὶιιιῐι
857 4564 872 4588 ,
923 4526 1275 4580 terrestrium
1311 4534 1370 4582 et
1416 4527 1782 4597 infernarum,
1812 4531 1906 4600 qui
1935 4531 2112 4586 conli-

2222 4528 2305 4592 τὸς
2328 4527 2506 4596 ἁγίου,
2533 4528 2627 4581 καὶ
2652 4526 3081 4597 ὑπερανεστήξει
3115 4526 3477 4599 θεοπρεπῶς
3505 4532 3624 4584 τῶν
3648 4527 3845 4584 ἄνωθεν

519 4624 710 4669 tentur
736 4616 885 4685 quod
930 4618 1200 4673 Dominus
1239 4619 1402 4674 Jesus
1441 4618 1696 4677 Christus
1734 4622 1809 4677 sit
1850 4623 1908 4678 in
1934 4623 2111 4694 gloria

490 4780 493 4784 Α
518 4707 617 4761 Dei
642 4707 823 4761 Patris
843 4710 908 4760 ⁸⁷.
946 4728 964 4760 ι
994 4709 1133 4763 Nam
1159 4710 1262 4764 etsi
1289 4712 1563 4779 apparuit,
1590 4712 1733 4766 sicut
1771 4729 1895 4781 nos,
1920 4715 2104 4782 homo,

517 4807 725 4864 tamen,
767 4806 830 4853 ut
850 4800 1016 4865 Deus,
1064 4810 1291 4871 superat
1327 4804 1582 4872 quemvis
1633 4815 1905 4872 sanctum,
1938 4808 2106 4864 etiam

518 4889 642 4944 illos
662 4890 758 4960 qui
775 4891 890 4960 jam
922 4891 1050 4947 inde
1073 4907 1103 4947 a
1128 4893 1430 4962 primordio
1456 4895 1649 4950 mundi
1673 4897 2025 4964 exstiterunt,
2048 4909 2106 4956 et

517 4980 711 5036 Patres
763 4990 893 5037 sunt
940 4983 1229 5039 nominati.
1300 4985 1383 5040 Ita
1439 4986 1588 5041 enim
1643 4989 1933 5046 Psalmista
1983 4992 2102 5047 ait:

527 5090 545 5122 ι
589 5071 858 5138 Quoniam
883 5076 1009 5143 quis
1031 5075 1089 5129 in
1110 5077 1358 5133 nubibus
1377 5078 1692 5147 mquabitur
1715 5081 1949 5137 Domino
1976 5101 1989 5137 :
2009 5094 2106 5139 aut

519 5160 646 5227 quis
685 5161 740 5215 ei
788 5162 988 5219 similis
1026 5165 1138 5219 erit
1181 5165 1329 5221 inter
1366 5164 1511 5222 ﬁlios
1558 5166 1659 5221 Dei
1686 5165 1732 5199 ³⁸
1759 5166 1783 5222 ?
1815 5188 1833 5246 ρ
1873 5169 1989 5225 Hoc
2047 5180 2106 5226 et

521 5248 716 5304 beatus
750 5251 918 5308 Jacob
963 5255 1127 5312 docet
1166 5259 1426 5325 praesenti
1469 5259 1593 5315 loco
1631 5259 1867 5317 dicens:
1920 5282 1938 5313 ι
1968 5261 2108 5328 Quia

523 5342 856 5410 praevaluisti
884 5345 941 5400 in
971 5346 1459 5405 benedictionibus
1492 5351 1765 5406 montium
1797 5352 2105 5419 llrmorum,

519 5442 578 5487 et
626 5433 849 5490 collium
895 5447 1233 5493 aeternorum
1262 5442 1326 5495 ”.
1363 5462 1381 5493 ι
1414 5442 1552 5498 Nam
1579 5453 1797 5500 montes
1846 5445 2103 5501 ﬁrmissi-

521 5536 661 5588 mos,
680 5523 922 5595 itemque
948 5528 1120 5582 colles
1136 5536 1373 5585 aeternos
1400 5542 1559 5589 vocat
1583 5543 1824 5601 sanctos,
1852 5546 2109 5606 propter-

2209 4621 2297 4675 ἔτι
2338 4621 2462 4674 κ’καὶ
2523 4618 2840 4690 ὀνομαστῶν
2902 4618 3171 4691 πατέρων.
3235 4622 3312 4675 "0
3371 4622 3496 4695 γὰρ
3542 4625 3574 4678 ὁ
3624 4620 3848 4675 unum

2222 4712 2414 4782 φησίν·
2455 4729 2473 4762 ι
2497 4711 2617 4763 Ὅτι
2647 4710 2731 4773 τίς
2761 4711 2819 4762 ὲν
2842 4709 3093 4778 νεφέλαις
3126 4709 3495 4783 ίσωθήσεται
3522 4712 3608 4783 τῷ
3630 4711 3844 4781 Κυρίῳς

2204 4801 2236 4870 ἦ
2267 4801 2351 4864 τίς
2382 4800 2778 4871 ὁμοιωθήσεται
2812 4799 2960 4870 αὺτῴ
2984 4801 3042 4851 ἐν
3084 4799 3227 4863 υἱοῖς
3263 4800 3465 4869 Θεοῦ;
3511 4822 3532 4856 ι
3572 4802 3735 4856 τοῦτο
3773 4799 3848 4853 διο

2201 4892 2387 4947 δάσκει
2413 4892 2584 4962 λέγων
2613 4895 2640 4946 ό
2671 4891 2938 4963 μακάριος
2976 4890 3168 4945 Ἰακώϐ
3188 4908 3205 4923 ο
3247 4912 3269 4945 ι
3299 4895 3441 4948 Ὅτι
3479 4896 3853 4967 ὑπερίσχυσας

2214 4986 2302 5038 ἐπ’
2336 4984 2607 5055 εὐλογίαις
2643 4984 2816 5056 ὀρέων
2863 4984 3106 5055 μονίμων
3150 4985 3259 5038 καὶ
3309 4987 3495 5043 θινῶν
3526 4989 3790 5043 αἰωνίων.
3824 5003 3842 5035 ι

2218 5079 2358 5149 Ὄρη
2378 5078 2487 5149 γὰρ
2510 5075 2705 5131 αἰώνιά
2726 5094 2784 5130 τε
2809 5076 2902 5129 καὶ
2927 5074 3326 5145 μονιμώτατοι,
3361 5082 3472 5135 καὶ
3520 5082 3715 5152 μέντοι
3766 5077 3852 5131 καὶ

2211 5168 2361 5231 θῖνας
2395 5168 2665 5232 αἰωνίους,
2711 5167 2836 5230 τοὺς
2872 5167 3062 5235 ἁγίους
3110 5169 3284 5236 φησὶ,
3332 5170 3436 5225 διά
3465 5189 3559 5225 τοι
3586 5173 3651 5226 τὸ
3694 5166 3852 5243 ἦρθαι

2209 5258 2309 5329 τῆς
2332 5259 2459 5330 γῆς,
2496 5260 2590 5313 καὶ
2619 5262 2837 5330 φρονεῖν
2876 5259 2974 5329 μὲν
3002 5258 3153 5312 οὐδὲν
3180 5261 3309 5315 τῶν
3349 5264 3851 5337 κατερριμμένων.

2211 5351 2397 5423 ζητεῖν
2426 5351 2484 5406 δὲ
2524 5351 2594 5405 τὰ
2637 5352 2770 5415 ἄνω,
2798 5352 2893 5403 καὶ
2928 5352 3009 5414 είς
3036 5350 3106 5403 τὰ
3142 5350 3271 5406 τῶν
3307 5355 3552 5427 ἀρετῶν
3585 5354 3854 5427 ὑψώματα

2210 5439 2270 5497 εὖ
2304 5444 2449 5515 μάλα
2472 5443 2728 5515 διᾴττειν.
2750 5444 2998 5497 Κατόπιν
3018 5438 3111 5495 οὖν
3131 5442 3259 5514 ἄρα
3284 5447 3405 5519 τῆς
3427 5449 3685 5521 Χριστοῦ
3705 5447 3857 5512 δόξης

2213 5536 2305 5590 καὶ
2338 5536 2388 5589 οἱ
2440 5536 2548 5590 τῶν
2597 5534 2858 5607 Πατέρων
2909 5533 3356 5604 ἐπισημότατοι,
3426 5543 3534 5597 καὶ
3585 5543 3668 5605 εἰς
3709 5536 3854 5608 λῆξιν

610 5722 652 5811 ἱῗ
673 5721 809 5811 9“":
829 5740 971 5811 ν-’.ξε
997 5726 1114 5811 93;.
1139 5727 1209 5811 .3?
1227 5726 1385 5811 ἓὲξίάη
1411 5731 1498 5785 Wt-
1545 5732 1618 5811 n"
1651 5733 1818 5811 ιέεδιέῖε
1845 5751 1912 5811 ,ην
1929 5735 1992 5811 ,εξο
2044 5735 2112 5811 _’_’

2222 5735 2440 5811 illst},
2470 5736 2519 5789 4.
2598 5734 2972 5811 "PsalLLxrv.
3195 5738 3247 5767 ³⁸
3276 5738 3434 5796 Gen,
3467 5759 3621 5811 xm,
3649 5742 3741 5808 25,
3764 5738 3848 5798 9.6.

524 5795 570 5827 "
611 5791 715 5846 lsa.
782 5810 872 5858 vn,
908 5797 972 5848 15
1068 5798 1377 5869 “Philipp.
1442 5818 1498 5870 ιι,
1544 5802 1592 5855 9.
1674 5805 1715 5833 ³⁷
1743 5791 2005 5871 Μαίη),
2040 5805 2120 5859 Η.

2227 5805 2437 5860 '“I‘sal.
2488 5822 2740 5871 LXXXVIII,
2791 5806 2841 5859 7.
2915 5804 2957 5835 ⁸³
3005 5805 3142 5859 Gen.
3203 5814 3500 5879 xntx§26.
