4060 6456
527 379 634 436 3S3

1547 365 1603 420 S.
1643 358 1916 419 CYRlLLI
1957 349 2430 410 ALEXANDRINI
2468 347 2788 405 ARCHIEP.
3674 345 3767 402 384

532 507 630 547 rus
660 489 725 542 ³⁸.
763 507 780 540 ι
834 485 979 553 Quin
1020 493 1076 541 et
1125 481 1276 553 ipsos
1319 477 1607 536 credentes
1656 476 1711 531 in
1757 489 1816 530 se
1868 469 2107 541 appellat

2229 479 2322 530 raw
2372 460 2461 515 διὰ
2505 459 2692 528 φωνῆς
2745 456 3000 512 Ἡσαΐουο
3037 472 3055 505 ι
3093 453 3388 523 Εύλογήσει
3425 452 3490 523 μὲ
3522 453 3590 508 τὰ
3617 455 3769 528 θηρία

541 602 558 632 ι
599 581 803 636 bestias
831 577 946 646 agri
974 593 986 628 :
1022 595 1038 624 ο
1090 573 1164 626 ita
1201 570 1349 625 enim
1382 567 1516 622 dicit
1551 581 1650 636 per
1683 577 1875 619 vocem
1912 560 2064 616 Isaiae
2095 576 2110 611 :

533 671 694 742 242
727 689 743 721 ι
773 666 1108 722 Benedicent
1135 661 1268 719 mihi
1295 660 1484 718 bestiae
1505 659 1642 729 agri,
1669 657 1881 712 sirenes
1906 663 1962 709 et
1988 653 2113 707 ﬁlia:

535 761 930 819 struthionum.
973 757 1111 824 Quia
1159 754 1286 809 dedi
1331 753 1414 808 eis
1454 753 1512 806 in
1552 750 1775 806 deserto
1806 761 2025 818 aquam,
2059 753 2115 800 et

535 853 758 908 ﬁumina
798 853 854 910 in
881 849 1057 914 arido,
1083 857 1144 903 ut
1176 856 1420 917 potarem
1445 858 1616 914 genus
1641 855 1823 896 meum
1852 839 2112 900 electum,

535 944 795 1014 populum
842 955 1026 996 meum
1065 952 1232 1008 quem
1269 934 1539 1004 acquisivi
1583 932 1740 996 mihi,
1780 937 1839 985 ut
1879 930 2116 984 virtutes

483 1065 486 1068 ι
534 1050 684 1090 meas
715 1039 1041 1088 enarrarent
1070 1031 1134 1085 ³⁷.
1169 1050 1187 1082 ι
1220 1027 1488 1097 lntelligis
1517 1040 1665 1080 nunc
1711 1038 1821 1094 quo
1843 1028 2002 1091 pacto
2025 1035 2116 1091 ge-

533 1139 642 1179 nus
680 1125 918 1180 electum
954 1121 1256 1178 nominarit
1285 1139 1304 1172 ‹
1340 1118 1547 1174 bestias
1580 1117 1696 1188 agri
1733 1124 1788 1169 et
1824 1115 2053 1178 sirenas,
2088 1131 2107 1164 ι

537 1213 643 1270 hoc
665 1223 769 1279 est,
795 1227 1028 1269 canoras
1054 1212 1109 1266 in
1132 1210 1326 1282 primis
1347 1224 1497 1265 aves.
1533 1208 1602 1263 Et
1640 1207 1845 1262 bestias
1869 1203 2112 1274 quidem,

536 1307 666 1375 quia
699 1321 810 1359 non
845 1304 1121 1359 sustinent
1147 1318 1204 1357 se
1230 1300 1582 1356 mansueﬁeri
1613 1315 1643 1353 a
1679 1297 1899 1363 Satana,
1934 1311 2116 1367 neque

537 1395 796 1467 potestati
825 1395 945 1465 ejus
976 1393 1206 1464 subjici;
1233 1393 1416 1463 potius
1441 1392 1490 1446 ei
1522 1391 1806 1454 insultant,
1841 1397 2004 1460 atque
2046 1388 2115 1443 ad

538 1503 604 1542 ea
631 1503 752 1557 quae
780 1503 812 1542 a
841 1487 953 1541 Deo
983 1483 1271 1556 prohibita
1296 1492 1425 1539 sunt
1457 1483 1678 1554 adigere
1712 1481 1960 1536 volentes
1990 1496 2119 1550 pro-

539 1578 728 1649 ﬂigant
756 1596 768 1631 :
796 1578 1012 1632 sirenas
1035 1584 1219 1631 autem
1245 1575 1501 1644 appellat,
1530 1573 1622 1643 qui
1657 1572 1899 1627 suaviter
1925 1572 2118 1627 admo-

539 1670 672 1725 dum
729 1669 1031 1725 concinunt
1074 1667 1341 1738 praeclara
1382 1665 1586 1720 Christi
1626 1664 1768 1719 facta
1812 1665 2115 1728 edicentes,

538 1758 767 1828 ejusque
791 1758 1031 1811 honores
1063 1754 1420 1810 celebrantes.
1458 1753 1643 1809 Novus
1672 1753 1838 1823 igitur
1864 1761 1921 1808 et
1942 1752 2120 1808 ﬁdelis

539 1849 775 1918 populus
804 1855 888 1903 est
925 1848 1204 1919 Benjamin
1238 1847 1420 1916 lupus,
1459 1846 1554 1915 qui
1578 1845 1733 1899 valde
1765 1853 1990 1914 paratus
2013 1853 2119 1908 est,

539 1955 664 1994 cum
689 1940 755 1994 ad
781 1939 1220 2009 intelligendum,
1249 1947 1362 1992 tum
1391 1937 1458 1992 ad
1483 1937 1841 1991 obtinendum
1868 1935 1923 1990 id
1975 1934 2123 2005 quod

539 2031 671 2084 facit
707 2029 775 2083 ad
819 2027 1259 2092 aediﬁcationem,
1289 2026 1480 2090 robur,
1509 2035 1673 2096 atque
1713 2023 1780 2079 ad
1817 2023 2123 2095 juvandum

539 2118 710 2182 alios;
744 2116 889 2186 quod
917 2115 1232 2171 subindicat
1267 2115 1352 2169 his
1375 2115 1558 2169 verbis
1599 2131 1611 2167 :
1645 2132 1661 2164 ι
1693 2113 1848 2168 Mane
1872 2111 2125 2167 comedet

539 2207 740 2272 adhuc,
773 2213 830 2261 et
868 2205 935 2261 ad
974 2221 1260 2275 vesperam
1304 2205 1598 2259 distribuet
1641 2219 1822 2260 escam
1858 2203 1921 2256 ³³.
1959 2223 1976 2254 ι
2020 2202 2124 2270 Qui

541 2299 707 2354 discit
740 2313 958 2368 semper
987 2297 1184 2352 similis
1211 2297 1430 2352 videtur
1455 2298 1504 2352 ei
1533 2297 1624 2366 qui
1662 2295 1960 2350 enutritur.
1989 2295 2122 2350 Nam

543 2391 797 2445 doctrina
821 2388 1072 2444 defertur
1098 2390 1153 2443 in
1181 2397 1444 2454 mentem,
1471 2390 1615 2443 sicut
1652 2403 1842 2442 revera
1875 2387 2036 2442 cibus
2070 2387 2126 2441 in

540 2490 816 2538 ventrem.
844 2483 1033 2551 Neque
1070 2481 1258 2536 diﬁ‘ert
1292 2481 1593 2551 quidquam
1634 2481 1678 2534 is
1713 2481 1808 2550 qui
1849 2479 2030 2544 docet,
2057 2479 2125 2534 ab

542 2589 611 2629 eo
633 2575 725 2642 qui
754 2574 870 2628 alit.
902 2573 1040 2628 llinc
1078 2584 1134 2628 et
1166 2572 1388 2627 divinus
1424 2572 1628 2639 Paulus
1664 2571 1875 2626 confert
1902 2571 2123 2626 modum

543 2663 799 2728 docendi,
825 2665 1029 2719 nutrici
1061 2682 1073 2717 :
1115 2665 1192 2718 ait
1224 2664 1372 2718 enim
1410 2663 1558 2734 quod
1592 2683 1608 2714 ι
1641 2664 2014 2718 Perfectorum
2053 2665 2124 2718 sit

545 2755 754 2809 solidus
777 2755 953 2820 cibus,
978 2757 1021 2788 ³⁹
1044 2775 1062 2806 ι
1092 2770 1290 2826 nempe
1313 2770 1506 2810 eorum
1540 2754 1631 2824 qui
1659 2755 2010 2811 conﬁrmatos
2026 2755 2125 2810 ha-

545 2846 680 2902 bent
713 2863 904 2902 sensus
929 2848 997 2903 ad
1034 2847 1422 2903 discretionem
1454 2847 1584 2901 boui
1611 2856 1666 2901 et
1696 2847 1844 2901 mali.
1880 2867 1897 2898 ί
1931 2848 2126 2918 Benja-

545 2937 660 2992 min
686 2937 854 3008 igitur
890 2947 973 2994 est
1002 2939 1167 3009 lupus
1193 2955 1380 3009 rapax.
1405 2939 1560 2993 Mane
1589 2939 1717 2994 edet
1742 2939 1942 3004 adhuc,
1972 2948 2027 2994 et
2059 2939 2127 2994 ad

548 3044 839 3098 vesperam
869 3029 1169 3084 distribuet
1194 3045 1394 3085 escam.
1429 3049 1448 3082 ι
1492 3029 1657 3096 Quasi
1691 3030 1838 3085 dicat
1867 3047 1880 3084 :
1906 3029 2008 3096 Qui
2045 3039 2130 3086 est

2211 551 2304 605 τοῦ
2356 548 2548 621 ἀγροῦ,
2581 549 2826 620 σειρῆνες
2867 547 2961 600 καὶ
2992 544 3287 614 Θυγατέρες,
3336 543 3623 613 στρουθῶν.
3659 546 3772 602 Ὅτι

2213 642 2420 696 δέδωκα
2460 643 2516 694 ὲν
2570 641 2638 710 τῇ
2686 641 2880 710 ἐρήμῳ
2929 635 3094 708 ὕδωρ,
3136 635 3232 688 καὶ
3287 635 3562 702 ποταμοὺς
3607 637 3662 689 ὲν
3707 642 3770 708 γῇ

2214 735 2449 808 ἀνύδρῳ,
2479 733 2696 786 ποτίσαι
2728 733 2789 784 τὸ
2824 731 2977 800 γένος
3019 747 3118 800 μου
3148 727 3208 780 τὺ
3241 725 3514 791 ἐκλεκτὸν,
3542 727 3664 782 λαόν
3682 747 3772 800 μου

2213 825 2272 880 ὃν
2324 821 2801 895 περιεποιησάμην
2849 821 2948 882 τὰς
3004 819 3204 889 ἀρετάς
3256 832 3354 886 μου
3407 815 3716 885 διηγεῖσθαι.
3754 835 3770 868 ι

2214 914 2408 984 Συνίης
2437 909 2555 977 οὖν,
2604 913 2752 974 ὃπως
2774 909 2835 963 τὸ
2861 909 3017 978 γένος
3044 907 3106 960 τὸ
3139 904 3396 959 ἐκλεκτὸν
3432 904 3598 975 ἀγροῦ
3627 905 3776 976 θηρία

2215 1007 2309 1060 καὶ
2343 1005 2595 1075 σειρῆνας
2643 1003 2910 1073 ὠνόμασε,
2938 999 3204 1061 τουτέστι,
3231 997 3300 1050 τά
3342 995 3451 1049 τῶν
3496 997 3772 1067 στρουθίων

2216 1097 2620 1169 εὐστομώτατα,
2658 1095 2770 1150 Καὶ
2797 1092 2960 1165 θηρία
2997 1091 3117 1163 μὲν,
3153 1088 3246 1144 διὰ
3285 1089 3347 1142 τδ
3383 1088 3459 1159 μὴ
3508 1088 3777 1159 ἀνέχεσθαι

2214 1191 2356 1260 τάχα
2389 1206 2490 1241 που
2529 1185 2941 1247 τιθασσεύοντος
2969 1183 3063 1237 τοῦ
3103 1183 3337 1247 Σατανᾶ,
3369 1181 3464 1235 καὶ
3489 1181 3592 1234 ὑπὸ
3636 1185 3779 1253 χεῖρα

2216 1282 2487 1335 ποιεῖσθαι
2530 1277 2627 1350 τὴν
2661 1276 2855 1332 ἑαυτοῦ
2904 1275 3314 1340 σπουδάζοντος,
3348 1271 3703 1344 έπιθρώσκειν
3730 1274 3778 1327 δὲ

2220 1373 2421 1445 μᾶλλον
2462 1371 2634 1441 αὐτῷ,
2669 1368 2952 1440 μονονουχὶ
2991 1366 3074 1420 δὲ.
3103 1365 3200 1419 καὶ
3245 1362 3630 1418 κατασίνεσθαι
3668 1364 3780 1426 τοὺς

2218 1465 2303 1534 ἐφ’
2349 1465 2493 1534 ειπερ
2525 1462 2586 1516 ού
2619 1461 2778 1532 θέμις
2814 1456 3134 1530 μετασοὸεἷν
3169 1456 3511 1528 ᾑρημένους·
3548 1454 3782 1524 σειρῆνας

2216 1560 2298 1625 δὲ,
2328 1559 2411 1612 ὅτι
2436 1554 2821 1611 καλλιεποῦσιν
2858 1551 2997 1620 ἄγαν
3022 1549 3094 1602 τὰ
3134 1545 3370 1618 Χριστοῦ
3408 1543 3786 1616 κατορθώματα

2217 1651 2486 1719 λέγοντες,
2513 1649 2607 1702 καὶ
2629 1645 2727 1709 τὰς
2761 1645 2840 1706 είς
2863 1643 3025 1696 αὑτὸν
3051 1638 3346 1711 ὑμνοῦντες
3377 1639 3565 1708 τιμάς.
3592 1633 3782 1719 Οὐκοῦν

2218 1718 2380 1805 λύκος
2431 1742 2459 1794 6
2501 1737 2760 1809 Βενιαμὶν
2793 1738 2822 1789 6
2851 1734 2970 1796 νέος
3012 1733 3105 1785 καὶ
3135 1732 3192 1784 ὲν
3226 1729 3409 1783 πίστει
3441 1727 3587 1790 λαὸς,
3616 1718 3675 1779 οὗ
3701 1725 3782 1778 καὶ

2221 1835 2284 1888 τὸ
2314 1833 2435 1886 λίαν
2476 1833 2696 1901 ἕτοιμον
2742 1828 2822 1891 είς
2853 1827 2914 1880 τὸ
2943 1822 3201 1878 δύνασθαι
3233 1824 3376 1876 νοεῖν
3422 1820 3482 1873 τὸ
3509 1818 3687 1872 τελοῦν
3713 1819 3784 1880 είς

2221 1926 2425 1996 ὄνησιν,
2487 1922 2584 1976 καὶ
2616 1921 2798 1991 μέντοι
2831 1918 2927 1972 καὶ
2952 1917 3012 1969 τὸ
3049 1913 3263 1985 ἰσχύσαι
3310 1913 3405 1966 καὶ
3428 1912 3642 1982 ἐτέρους
3660 1909 3784 1976 ὠφε-

2222 2018 2354 2080 λεῖν,
2390 2013 2683 2084 ὑποφαίνει
2707 2011 2905 2080 λέγων’
2941 2028 2958 2060 ι
2989 2007 3064 2060 Τὸ
3098 2005 3336 2077 πρωῖνδν
3376 2004 3550 2057 ἔδεται
3580 2001 3674 2066 ἔτι,
3704 2001 3786 2054 καὶ

2221 2107 2283 2161 τὸ
2303 2105 2539 2177 ἑσπέρας
2560 2101 2810 2156 διαδώσει
2839 2100 3065 2171 τροφήν.
3090 2117 3108 2150 ι
3130 2097 3189 2151 '0
3215 2095 3503 2168 μανθάνων
3525 2093 3662 2147 ἔοικέ
3677 2109 3778 2153 πως

2224 2199 2312 2252 ἀεὶ
2342 2196 2422 2267 τῷ
2450 2193 2797 2268 τρεφομένῳ.
2843 2188 3208 2253 Εἰσοικίζεται
3228 2187 3339 2258 γὰρ
3359 2187 3440 2250 είς
3460 2185 3581 2240 νοῦν
3608 2183 3671 2237 τὰ
3699 2200 3787 2254 μα-

2227 2290 2469 2360 θήματα,
2537 2285 2790 2354 καθάπερ
2834 2281 3026 2352 ἀμέλει
3065 2279 3316 2341 κάκεῖνος
3361 2278 3442 2340 είς
3475 2274 3705 2344 γαστέρα
3735 2272 3788 2326 ιδ

2225 2380 2504 2450 ἐδώδιμον.
2543 2377 2758 2430 Ἀποδεῖ
2774 2375 2830 2428 δὲ
2852 2372 2947 2427 τοῦ
2976 2372 3266 2442 τρέφοντος
3298 2371 3326 2422 6
3350 2367 3610 2421 διδάσκων
3633 2363 3782 2416 οὐδέν.

2227 2475 2338 2528 Καὶ
2370 2472 2499 2541 γοῦν
2524 2472 2553 2522 6
2582 2468 2866 2531 θεσπέσιος
2896 2465 3107 2528 Παῦλος
3149 2464 3324 2534 τροφῇ
3363 2457 3676 2531 παρεικάζει
3701 2453 3787 2518 τῆς

2224 2563 2571 2625 διδασκαλίας
2596 2562 2688 2615 τὸν
2708 2559 2904 2631 τρόπον
2924 2576 2936 2589 ο
2971 2557 3076 2628 ἔφη
3105 2556 3233 2626 γὰρ,
3258 2555 3343 2606 ὃτι
3368 2571 3384 2604 ι
3415 2550 3637 2604 Τελείων
3660 2545 3787 2600 ἐστὶν

2230 2660 2264 2728 ἡ
2294 2653 2491 2727 στερεά
2521 2653 2718 2724 τροφὴ,
2751 2671 2769 2703 ι
2807 2651 2918 2704 τῶν
2956 2650 3044 2702 διὰ
3084 2647 3182 2714 τὴν
3215 2645 3329 2710 ἕξιν
3377 2644 3446 2696 τὰ
3487 2640 3786 2728 αἰσθητήρια

2227 2726 2657 2817 γεγυμνασμένα
2689 2743 2922 2814 ἐχόντων
2956 2738 3092 2808 πρὸς
3121 2737 3404 2807 διάκρισιν
3439 2729 3598 2788 καλοῦ
3629 2746 3680 2783 τε
3706 2726 3786 2779 καὶ

2229 2816 2421 2892 κακοῦ.
2454 2855 2472 2888 ι
2507 2833 2714 2888 Οὐκοῦν
2738 2835 2766 2886 6
2783 2831 3040 2902 Βενιαμὶν
3065 2828 3226 2892 λύκος
3253 2825 3462 2899 ἅρπαξ.
3482 2824 3554 2877 Τὸ
3579 2816 3786 2892 πρωῖνὺν

2229 2930 2404 2982 ἔδεται
2419 2927 2621 2990 ἔτι,καὶ
2633 2944 2656 2978 ε
2666 2927 2712 2989 ἰς
2724 2925 2783 2978 τὸ
2800 2916 3038 2994 ἑσπέρας
3055 2919 3303 2974 διαδώσει
3315 2937 3353 2971 τ
3363 2917 3527 2990 ροφήν
3537 2957 3548 2968 .
3564 2913 3790 2981 »Ὅμοιον

2229 3021 2379 3083 ὡςεί
2407 3019 2576 3087 λέγοιο
2611 3016 2909 3088 Μαθητιῶν
2942 3013 3023 3066 ἐτι
3053 3013 3146 3067 καὶ
3175 3010 3311 3083 πρὸς
3355 3011 3415 3064 τὸ
3450 3006 3642 3079 ἀρτίως
3668 3003 3792 3071 ἔχειν

547 3119 729 3173 adhuc
761 3119 997 3188 cupidus
1033 3119 1304 3182 discendi,
1333 3121 1441 3175 etsi
1470 3091 1714 3175 nondum
1749 3119 1821 3175 sit
1857 3091 2127 3176 eri-aetatis

2232 3111 2382 3166 οῦπω
2413 3109 2764 3180 διεληλακὼς,
2809 3107 3142 3178 ὠφελήσειεν
3180 3105 3244 3158 ἃν
3286 3104 3537 3176 ἐτέρους,
3570 3097 3658 3152 καὶ
3690 3091 3792 3199 ,ὀλί-

548 3226 892 3281 progressus,
919 3221 981 3266 ut
1001 3212 1072 3266 sit
1102 3211 1399 3282 perfectus,
1426 3213 1688 3283 prodesse
1715 3221 1895 3268 tamen
1931 3214 2133 3282 poterit

547 3303 717 3359 aliis;
754 3305 851 3374 qui
885 3304 1034 3359 enim
1069 3304 1234 3375 paulo
1265 3312 1392 3360 ante
1426 3303 1802 3368 crediderunt,
1835 3303 2132 3375 ﬁdelesque

548 3393 678 3450 facti
717 3403 867 3459 sunt,
896 3397 1095 3465 exiguo
1123 3404 1370 3464 tempore
1405 3404 1636 3465 possunt
1676 3395 1791 3450 ﬁeri
1828 3395 1892 3450 ad
1927 3396 2132 3452 docen-

548 3484 682 3541 dum
711 3487 916 3542 idonei.
945 3487 1082 3542 Nam
1109 3486 1176 3542 de
1207 3488 1373 3542 Israel
1408 3487 1615 3542 dictum
1640 3497 1722 3542 est
1748 3495 1972 3558 propter
1995 3490 2132 3544 insi-

548 3592 732 3647 gnem,
770 3576 1030 3640 arbitror,
1062 3576 1334 3631 inscitiam
1381 3585 1438 3630 et
1472 3577 1672 3632 mentis
1703 3577 2133 3632 hebetudinem:

558 3685 575 3716 ι
609 3665 750 3719 Ecce
775 3665 1013 3733 populus
1034 3665 1238 3720 stultus
1261 3673 1316 3718 et
1339 3681 1554 3720 vecors.
1587 3664 1741 3720 Oculi
1768 3666 1920 3737 ipsis,
1947 3675 2002 3722 et
2024 3683 2135 3722 non

549 3753 775 3820 vident;
804 3765 1065 3821 aures,et
1089 3770 1199 3809 non
1225 3755 1459 3809 audiunt
1482 3757 1547 3808 ⁸ο.
1577 3774 1594 3806 ι
1626 3755 1693 3810 Ει
1719 3773 1949 3812 rursus:
1982 3777 1999 3808 ‹
2030 3757 2136 3824 Qui

551 3845 738 3900 educti
785 3854 916 3899 sunt
955 3861 1022 3901 ex
1066 3855 1222 3901 utero
1264 3847 1475 3912 matris,
1504 3855 1560 3901 ct
1603 3847 1824 3903 discunt
1857 3865 2031 3918 usque
2068 3849 2134 3904 ad

553 3945 894 3991 senectutem
919 3938 983 3992 “.
1018 3957 1034 3989 ι
1074 3938 1307 4008 Sapiens
1330 3947 1514 3994 autem
1542 3939 1780 3995 Joannes
1803 3941 2002 3996 scribit
2028 3941 2138 3996 illis

554 4029 650 4098 qui
679 4029 732 4082 in
759 4029 864 4084 ﬁde
902 4037 958 4084 et
1001 4029 1221 4085 Christo
1265 4037 1413 4095 sunt,
1440 4031 1667 4086 dicens:
1703 4051 1721 4082 ‹
1760 4032 1880 4087 Non
1921 4033 2137 4089 habetis

556 4135 782 4176 necesse
829 4129 888 4174 ut
933 4122 1226 4192 quisquam
1271 4122 1466 4178 doceat
1502 4139 1618 4189 vos,
1663 4126 1969 4193 praesertim
2009 4142 2138 4182 cum

557 4213 731 4282 ipsius
770 4215 958 4270 unctio
999 4214 1195 4270 doceat
1233 4231 1331 4270 vos
1373 4215 1440 4270 de
1484 4217 1742 4272 omnibus
1765 4218 1829 4272 ".
1863 4237 1882 4270 ι
1923 4218 2139 4276 Habent

555 4303 702 4357 enim
743 4312 983 4358 mentem
1027 4303 1231 4359 Christi
1270 4303 1364 4374 qui
1408 4303 1591 4358 omnia
1629 4306 1801 4370 novit,
1836 4321 1939 4363 nec
1966 4307 2138 4378 inepti

557 4403 685 4449 sunt
710 4394 776 4450 ad
804 4395 1117 4452 docendum
1142 4403 1200 4451 et
1233 4397 1633 4452 cohortandum
1669 4399 1926 4454 invicem.
1960 4400 2136 4456 Caate-

2234 3221 2330 3274 γος
2353 3204 2549 3274 κομιδῇ
2579 3200 2829 3265 διαδείξει
2861 3199 3049 3270 καιρὸς
3073 3197 3198 3260 τοὺς
3229 3195 3360 3266 ἀρτι
3391 3186 3789 3247 πεπιστευκότας

2235 3297 2331 3349 καὶ
2358 3297 2438 3360 είς
2465 3294 2525 3347 τὸ
2556 3293 2829 3347 διδάσκειν
2874 3289 3234 3360 ἐπιτηδείους.
3265 3288 3405 3358 Περὶ
3441 3285 3537 3357 μὲν
3565 3279 3667 3350 γὰρ
3695 3275 3788 3329 τῶν

2235 3387 2294 3452 ἐξ
2334 3385 2551 3458 Ἰσραὴλ
2579 3385 2816 3452 ἐλέγετο,
2860 3381 2926 3435 δι’
2962 3378 3223 3450 ἀμαθίαν,
3256 3373 3413 3446 οἶμαί
3455 3392 3573 3436 που,
3612 3366 3786 3458 πολλὴν

2236 3480 2331 3534 καὶ
2372 3455 2432 3532 τδ
2470 3455 2550 3541 είς
2582 3475 2706 3529 νοῦν
2738 3474 2846 3526 ἔσω
2878 3472 3082 3542 πάχος·
3125 3487 3145 3522 ι
3193 3468 3326 3522 Ἰδοὺ
3350 3467 3476 3529 λαὸς
3508 3461 3677 3536 μωρὸς
3698 3455 3786 3542 καὶ

2236 3569 2514 3641 ἀκάρδιος.
2568 3565 2869 3636 ὐφθαλμοὶ
2899 3541 3101 3625 αὐτοῖς,
3133 3560 3228 3614 καὶ
3257 3559 3320 3612 οὐ
3359 3557 3634 3629 βλέπουσιν
3652 3569 3664 3581 ο
3689 3541 3786 3641 ὦτα

2236 3663 2453 3725 αὐτοῖς,
2505 3659 2598 3714 καὶ
2630 3659 2730 3711 οὐκ
2763 3655 3041 3710 ἀκούουσι.
3078 3672 3097 3704 ι
3133 3651 3240 3705 Καὶ
3272 3651 3467 3705 πάλιν·
3521 3664 3540 3698 ι
3574 3644 3633 3698 0i
3659 3636 3786 3708 αἰρό-

2241 3771 2388 3826 μενοι
2437 3754 2501 3806 ὲκ
2544 3751 2772 3814 κοιλίας,
2820 3749 2914 3802 καὶ
2965 3745 3346 3815 παιδευόμενοι
3393 3741 3496 3802 ἕως
3543 3737 3728 3826 γήρως.
3766 3747 3781 3779 ι

2251 3843 2585 3899 Ἐπιστέλλει
2622 3842 2678 3894 δὲ
2707 3841 2819 3903 τοῖς
2859 3842 2915 3892 ὲν
2950 3837 3130 3891 πίστει
3161 3836 3254 3890 καὶ
3292 3837 3352 3888 ὲν
3388 3827 3603 3902 Χριστῷ
3638 3825 3787 3888 λέγων

2239 3939 2269 3990 6
2291 3936 2454 4006 σοφὸς
2495 3934 2775 4004 Ἰωάννης*
2809 3949 2828 3982 ι
2864 3929 2942 3985 Οὐ
2976 3930 3166 4001 χρείαν
3189 3926 3344 3996 ἔχετε
3376 3925 3462 3978 ἴνα
3487 3939 3566 3983 τις
3587 3916 3789 4006 διδάσκῃ

2241 4001 2405 4098 ὑμᾶς,
2453 4025 2570 4078 ἀλλ’
2614 4001 2900 4086 ὼς-αὺτοῦ
2949 4020 3158 4090 χρίσμα
3200 4016 3449 4070 διδάσκει
3489 4010 3626 4081 ὑμᾶς
3677 4001 3794 4098 πεξὶ

2239 4118 2478 4172 πάντων.
2530 4135 2549 4168 ι
2583 4114 2727 4168 Νοῦν
2760 4112 2868 4184 γὰρ
2910 4111 3094 4182 έχουσι
3136 4107 3377 4180 Χριστοῦ
3409 4102 3502 4158 τοῦ
3528 4100 3695 4154 πάντα
3723 4093 3785 4184 el-

2239 4211 2409 4274 δότος,
2437 4209 2531 4262 καὶ
2565 4208 2663 4261 οὐκ
2683 4183 2952 4268 ἁνικάνως
2978 4203 3190 4272 ἔχουσιν
3228 4203 3309 4265 εἰς
3337 4200 3398 4253 τὸ
3426 4195 3684 4251 διδάσκειν
3710 4183 3789 4240 καὶ

2241 4301 2579 4374 παρακαλεῖν
2606 4300 2889 4371 ἀλλήλους.
2921 4297 2984 4351 Ei
3007 4296 3064 4349 δὲ
3091 4295 3156 4367 δὴ
3185 4293 3454 4366 προσήκει
3484 4288 3574 4344 καὶ
3602 4283 3682 4338 ἐπ’
3707 4279 3788 4333 αὑ.-

2242 4396 2334 4451 τοῦ
2360 4394 2454 4449 τοῦ
2484 4392 2754 4465 μακαρίου
2783 4388 3005 4443 Παύλου
3029 4387 3129 4458 τὴν
3155 4386 3248 4439 ἐπὶ
3277 4385 3358 4454 τῷ
3385 4377 3635 4449 Βενιαμὶν
3677 4385 3788 4465 προ-

559 4501 683 4540 rum
707 4488 754 4542 si
777 4488 1017 4557 cuipiam
1043 4489 1314 4558 placuerit
1335 4487 1403 4543 ad
1431 4489 1651 4544 beatum
1676 4491 1905 4545 Paulum
1929 4491 2127 4546 referre

2239 4463 2529 4557 αγόρευσιν
2587 4479 2990 4552 ὲκπεπεράνθαι
3043 4479 3241 4546 λέγειν,
3293 4478 3389 4530 καὶ
3418 4472 3541 4543 τῇδε
3591 4467 3652 4521 ἂν
3693 4463 3789 4558 ξχοι

561 4554 912 4647 prophetiam
955 4554 1269 4648 Benjamin,
1309 4596 1656 4652 nequaquam
1703 4582 1992 4636 erraverit.
2037 4582 2127 4649 Qu:

2240 4554 2418 4641 καλῶς
2439 4593 2498 4628 τε
2521 4575 2615 4629 καὶ
2637 4569 2867 4644 ἀληθῶς.
2907 4575 2963 4626 ὐ
2984 4571 3092 4642 γὰρ
3112 4568 3324 4623 διώκων
3345 4567 3441 4637 τὴν
3472 4554 3784 4652 Ἐκκλησίαν.

561 4669 710 4722 enim
744 4647 1178 4740 persequebatur
1197 4647 1528 4735 Ecclesiam,
1545 4669 1705 4742 243
1733 4677 1788 4724 et
1818 4669 1992 4724 instar
2025 4647 2127 4740 lup;

2239 4672 2335 4726 καλ⁸
2359 4669 2523 4724 λύκου
2555 4668 2710 4737 δίκην
2731 4669 2844 4729 τοῖς
2871 4664 3127 4734 ἀγαπῶσι
3164 4662 3401 4733 Χριστὸν
3429 4647 3789 4746 έπιτρέχων.ξν

564 4759 621 4813 in
652 4760 894 4816 cultores
931 4760 1138 4817 Christi
1181 4763 1449 4825 irruebat,
1480 4763 1644 4830 paulo
1673 4770 1796 4830 post
1830 4762 1884 4816 in
1918 4771 2127 4819 contra-

2235 4763 2401 4832 ὀλίγῳ
2426 4760 2621 4830 κομιδῇ
2643 4760 2778 4828 πρὸς
2800 4759 2908 4811 πᾶν
2929 4755 3240 4810 τούναντίον
3266 4745 3591 4824 μετεποιήθη
3614 4745 3787 4832 καιρῷ..

565 4851 708 4906 rium
735 4853 960 4910 omnino
980 4863 1064 4908 est
1085 4861 1446 4923 permutatus.
1469 4853 1604 4906 Nam
1631 4851 1794 4906 ﬁdem
1818 4867 1983 4922 quam
2006 4854 2127 4908 huc-

2237 4822 2648 4924 Εὺηγγελίσατο
2689 4822 2802 4920 γὰρ
2842 4848 2943 4918 τὴν
2982 4846 3165 4900 πίστιν
3195 4822 3509 4914 ἢν-ὲπόρθει
3538 4822 3789 4924 «roth-icui

563 4959 739 5013 usque
784 4945 1144 5018 impugnavit,
1190 4961 1340 5001 nunc
1384 4953 1605 5001 strenue
1649 4946 1959 5012 annuntiat,
1997 4948 2131 5003 Deo-

565 5050 671 5105 que
698 5037 899 5106 gratias
929 5038 1062 5107 agit,
1089 5037 1182 5107 qui
1217 5038 1393 5107 ipsum
1421 5037 1488 5092 ad
1519 5037 1882 5106 apostolatum
1907 5038 2141 5104 vocavit,

567 5126 778 5179 tametsi
796 5127 950 5195 prius
970 5125 1136 5180 fuerit
1158 5146 1174 5178 ι
1199 5127 1568 5197 blasphemus,
1591 5138 1912 5196 persecutor
1933 5136 1990 5182 et
2011 5144 2144 5184 con-

569 5216 890 5272 tumeliosus
923 5219 989 5270 “.
1028 5238 1045 5269 ι
1098 5218 1177 5273 Ita
1225 5218 1375 5273 enim
1424 5218 1655 5287 ipsemet
1703 5218 1836 5273 alibi
1892 5226 2144 5275 testatur.

566 5305 694 5361 Fuit
718 5315 898 5362 autem
924 5325 990 5363 ex
1018 5310 1165 5365 tribu
1188 5310 1490 5380 Benjamin.
1525 5311 1638 5365 lmo
1676 5318 1733 5365 et
1775 5309 1997 5364 beatum
2035 5311 2140 5364 Da-

567 5394 748 5450 videm
761 5395 884 5452 dico
903 5408 1089 5469 aperte
1107 5399 1352 5455 historiae
1376 5400 1548 5469 ipsius
1569 5401 1906 5467 meminisse,
1932 5401 2143 5471 psalmo

569 5504 732 5552 um,
765 5489 857 5544 ubi
889 5493 965 5547 ait
1005 5510 1017 5547 :
1078 5512 1095 5544 ‹
1136 5493 1215 5547 lbi
1264 5493 1545 5563 Benjamin
1583 5493 1769 5561 junior
1815 5494 1870 5549 in
1912 5509 2139 5551 excessu

573 5580 788 5636 mentis.
838 5581 1120 5653 Principes
1159 5583 1296 5638 Juda
1339 5582 1508 5638 duces
1551 5584 1824 5652 ipsorum,
1865 5586 2143 5656 principes

675 5693 733 5763 §‘_
757 5693 914 5757 Osee,
949 5710 1003 5752 v.
1047 5694 1130 5748 Η.
1209 5691 1251 5725 ³⁷
1276 5693 1378 5749 Isa.
1405 5710 1548 5756 xun,
1583 5695 1670 5759 ρο,
1702 5697 1789 5750 “ll.
1867 5699 1909 5729 ³⁸
1950 5698 2084 5753 Gen.
2113 5715 2127 5750 ι

2229 5715 2253 5763 ς,
2291 5697 2380 5751 27.
2462 5696 2506 5726 ³⁹
2536 5693 2702 5748 Hebr.
2745 5710 2797 5752 ν,
2832 5692 2916 5746 14.
2999 5690 3043 5722 ’⁸⁸
3073 5689 3274 5744 Jerem.
3314 5681 3474 5748 v,2l.

594 5757 679 5812 "l
710 5758 863 5816 Joan.
900 5779 956 5828 ιι,
981 5763 1068 5816 27.
1148 5763 1386 5817 ⁸³1Τίηι.
1423 5780 1456 5817 ι.
1496 5765 1580 5817 l5.

2239 4919 2499 5014 ἀνα-φέρει
2529 4942 2596 4997 τὰ
2643 4919 2974 5013 χαριστήρια
3016 4936 3325 5008 τεθειμένος
3370 4934 3451 4996 είς
3493 4919 3786 5014 ἀποστολὴν)

2241 5007 2431 5089 καίτοι,
2452 5007 2731 5104 πρότερον-
2752 5032 2826 5085 ὢν
2858 5007 3221 5102 (βλάσφημος
3252 5043 3313 5080 τε
3351 5024 3447 5079 καὶ
3472 5019 3692 5083 διώκτης
3711 5007 3785 5104 καί

2245 5097 2559 5198 ὑϐριστής.)
2579 5097 2735 5179 Οῦτω
2763 5124 2870 5193 γάρ
2893 5097 2995 5174 πού
3023 5097 3188 5191 φησιν
3217 5117 3397 5179 αὑτός.
3427 5114 3614 5180 Γέγονε
3637 5104 3688 5198 δὲ
3709 5097 3786 5198 κιξὶ

2247 5190 2328 5272 ὲκ,
2360 5190 2529 5287 φυλῆς
2584 5190 2863 5286 Βενιαμίν..
2918 5190 3044 5268 Και
3081 5212 3246 5267 αὑτὸν
3299 5208 3357 5262 δὲ
3391 5207 3482 5260 τὸν
3529 5190 3785 5287 θεσπέσιόν

2249 5279 2392 5380 φημὶ
2441 5279 2602 5362 Αίισὶδ
2641 5279 2898 5375 τῆςνκαΐ
2935 5303 3097 5357 αὑτὸν
3143 5299 3380 5371 ἱστορίας
3421 5279 3784 5380 διαμεμνῆσθαι

2249 5377 2456 5467 «idem,
2502 5399 2559 5450 ὲν
2600 5395 2876 5466 ἑξηκοστῷ
2921 5395 3015 5448 και
3064 5392 3276 5462 essem.
3317 5384 3514 5457 ψαλμῷ
3557 5377 3782 5444 mom-

2253 5510 2272 5543 ι
2319 5491 2465 5544 Ἐκεῖ
2501 5488 2761 5558 Βενιαμὶν
2800 5485 3064 5556 νεώτερος
3107 5486 3164 5538 ὲν
3207 5479 3481 5535 ἐκστάσει.
3527 5471 3782 5558 ’Ἄρχοντες

2259 5585 2429 5639 Ἰούδα
2457 5582 2724 5654 ἡγεμόνες
2761 5578 2963 5642 αὐτῶν,
3000 5579 3256 5648 ἄρχοντες
3289 5563 3584 5626 Ζαϐουλὼν,
3611 5557 3779 5626 ἄρχον·

3576 5672 3615 5705 ⁵⁸
3635 5662 3774 5726 Ibid-9
