4060 6444
291 380 405 438 383

1331 380 1865 439 CLAPHYROBUM
1908 380 1974 436 IN
2016 383 2305 441 EXODUM
2347 386 2474 440 LIB.
2517 387 2557 440 l.

3523 384 3628 448 386

289 512 388 559 τες
427 458 779 567 Νεφθαὶξίμ.
820 515 839 547 ι
879 495 1126 549 Ἰουδαῖοι
1147 497 1251 569 γὰρ
1278 497 1432 562 ὅντες
1476 499 1571 554 καὶ
1597 499 1659 564 ἐξ
1690 497 1904 566 αἵματος

2027 499 2297 568 Zabulon,
2319 502 2601 572 principes
2623 501 3055 572 Nephthalim“.
3072 523 3088 554 ι
3114 502 3267 559 Beati
3289 503 3439 559 enim
3462 503 3638 560 disci-

305 589 534 661 Ἰσραὴλ
574 590 626 643 οῑ
682 588 946 662 μακάριοι
985 590 1250 662 μαθηταὶ,
1288 590 1602 665 καθηγηταὶ
1651 591 1910 661 γεγόνασι

286 684 404 738 τῶν
443 687 503 738 ὲν
536 683 763 754 Χριστῷ
795 683 884 737 διὰ
911 683 1152 749 πίστεως
1192 685 1654 758 δεδικαιωμένων,
1690 685 1810 757 μεθ’
1835 678 1913 740 ὦν

291 776 392 830 καὶ
425 777 596 841 αὐτὸς
614 777 645 830 ὁ
669 779 734 831 ὲκ
760 777 934 850 φυλῆς
962 778 1226 850 Βενιαμὶν
1255 781 1590 834 ἐπιστέλλων
1607 798 1667 834 τε
1695 780 1789 835 καὶ
1821 779 1926 854 λέέ

286 888 409 939 γων
432 889 445 900 °
481 890 498 922 ι
537 871 666 924 Εἴτε
693 871 803 942 γὰρ
827 872 1154 943 ἐξέστημεν,
1175 871 1295 944 Θεῷ
1317 890 1328 903 ο
1353 872 1465 927 εἴτε
1497 873 1912 946 σωφρονοῦμεν,

287 967 450 1034 ὑμῖν.
495 983 514 1016 ι
568 963 975 1035 Εύηγγελίζετο
1018 967 1126 1038 γὰρ
1166 966 1346 1022 ἔθνεσί
1390 986 1448 1022 τε
1480 969 1578 1022 καὶ
1635 969 1911 1034 Ἰουδαίοις

2020 595 2160 664 puli,
2187 594 2364 651 Judaei
2408 611 2536 651 cum
2577 593 2787 651 fuerint
2809 611 2878 651 ex
2922 596 3191 667 sanguine
3233 595 3423 659 lsrael,
3453 594 3628 649 duces

2020 685 2309 740 constituti
2337 693 2468 740 sunt
2494 685 2561 740 iis
2605 686 2700 756 qui
2747 686 2804 741 in
2842 685 3066 742 Christo
3101 702 3201 757 per
3235 685 3399 740 ﬁdem
3419 683 3624 758 justiﬁ-

2020 777 2128 831 cati
2155 786 2306 841 sunt,
2335 792 2461 832 cum
2487 777 2692 847 quibus
2717 777 2823 833 fuit
2845 787 2902 834 et
2930 779 3022 834 hic
3045 795 3114 834 ex
3141 778 3290 834 tribu
3315 777 3622 848 Benjamin.

2023 868 2179 925 Unde
2221 879 2278 924 et
2319 869 2517 924 scribit
2553 887 2567 923 :
2621 889 2637 921 ι
2687 869 2814 925 Sive
2856 871 3005 926 enim
3050 879 3236 926 mente
3279 871 3622 935 excedimus,

2020 960 2156 1026 Deo,
2185 961 2300 1015 sive
2324 960 2497 1016 sobrii
2537 976 2756 1028 sumus,
2789 963 2952 1019 vobis
2975 963 3042 1018 “.
3077 983 3095 1015 ›
3129 963 3266 1018 Nam
3303 962 3626 1034 praedicavit

283 1058 381 1110 τὸν
434 1056 650 1130 Κύριον
695 1057 854 1129 ἡμῶν
915 1058 1122 1128 Ἰησοῦν
1166 1059 1260 1113 τὸν
1315 1061 1584 1132 Χριστόν·
1618 1062 1684 1115 δι’
1721 1056 1782 1115 οὗ
1820 1063 1904 1116 καῚ

2015 1054 2402 1125 evangelizans
2457 1055 2718 1126 gentibus
2763 1057 2922 1128 juxta
2969 1073 3035 1112 ac
3079 1057 3286 1114 Judaeis
3333 1057 3649 1112 Christum-

287 1149 413 1222 μεθ’
459 1146 524 1205 οὗ
556 1151 638 1218 τῷ
669 1150 790 1222 Θεῷ
829 1151 927 1204 καὶ⁸
965 1152 1144 1224 Harp}.
1174 1151 1302 1217 δόξα
1327 1155 1426 1208 σὺν
1458 1154 1600 1226 ἁγίῳ
1632 1155 1904 1227 Πνεύματι

2015 1145 2197 1201 Iesum
2237 1145 2533 1200 Dominum
2572 1156 2852 1213 nostrum,
2900 1165 3002 1220 per
3044 1165 3210 1220 quem
3256 1159 3314 1205 et
3351 1165 3479 1205 cum
3509 1164 3622 1219 quo

287 1247 366 1307 τίς
393 1244 528 1308 τοὺς
555 1243 762 1308 αἰῶνας
791 1243 900 1299 τῶν
933 1243 1167 1301 αἰώνων.
1214 1247 1409 1318 Ἀμήν.

2011 1239 2084 1294 sit
2110 1239 2224 1293 Deo
2249 1245 2305 1292 et
2332 1239 2480 1293 Patri
2513 1239 2691 1311 gloria
2715 1257 2843 1297 cum
2871 1250 3064 1299 sancto
3090 1241 3303 1314 Spiritu
3340 1245 3396 1299 in
3419 1243 3622 1300 saecula

1873 1405 1888 1418 .
2007 1333 2362 1389 saeculorum.
2389 1331 2589 1390 Amen.

358 1473 408 1505 ⁵⁸
442 1472 593 1529 Psal.
645 1487 812 1538 um,
852 1470 946 1532 28.
1025 1471 1073 1504 “
1112 1470 1158 1528 ll
1194 1469 1326 1527 Cor.
1353 1487 1408 1538 ν,
1451 1469 1540 1526 l5.

291 1696 3603 1731 m

1060 1884 1294 1974 ΤΟΥ
1365 1887 1512 1972 EN
1564 1885 1940 1973 ΑΓΙΟΙΣ
2013 1884 2458 1974 ΠΑΤΡΟΣ
2527 1885 2863 1976 ΗΜΩΝ

1283 2095 2684 2309 ΚΥΡΙΛΛΟΥ
2753 2135 2763 2144 ’

1379 2411 1958 2469 ΔΡΧΙΕΠῙΣΚΟΠΟΥ
1993 2413 2548 2472 ΑΛΕΞΑΝΔΡΕΙΑΣι

722 2603 1640 2820 ΓΛΑΦΥΡΩΝ
1713 2613 1978 2742 ΕΙΣ
2057 2616 2411 2743 ΤΗΝ
2486 2603 3197 2750 ΕΞΟΔΟΝ

1524 2860 1899 2968 ΛΟΓΟΣ
1971 2875 2451 2968 ΠΡΩΤΟΣ.

290 3234 472 3414 S.
723 3225 1529 3418 PATRIS
1737 3233 2550 3416 NOSTRI
2725 3231 3624 3416 CYBILLI

1425 3539 1902 3599 ALEXANDRUE
1939 3539 2471 3599 ARCHIEPISCOPI

826 3721 2067 3858 GLAPHYRORUM
2152 3726 2310 3852 IN
2395 3724 3078 3855 EXODUM

1450 3992 1821 4084 LIBER
1893 3987 2397 4078 PRIMUS.

718 4334 864 4406 Περὶ
907 4334 1159 4408 γενετῆς
1192 4337 1476 4405 Μωσέως.

354 4434 433 4487 α’.
471 4429 638 4502 ’Δρτι
667 4430 767 4484 καὶ
797 4430 954 4502 μόλις
995 4431 1059 4486 τὸ
1091 4432 1188 4486 ἐπὶ
1230 4435 1298 4504 τῇ
1321 4431 1539 4485 Γενέσει
1582 4430 1788 4503 βιϐλίον
1817 4430 1905 4485 διὰ

279 4523 496 4595 πολλῆς
541 4523 686 4592 ἄγαν
762 4524 1122 4595 ἰσχνομυθίας
1177 4524 1256 4589 ὡς
1304 4525 1384 4579 ἔνι
1433 4523 1901 4596 διαπεράναντες,

287 4637 306 4670 ι
354 4617 425 4670 ὲκ
457 4615 748 4688 δυνάμεως
775 4619 858 4681 εἰς
901 4617 1156 4689 δύναμιν,
1197 4635 1216 4670 ι
1254 4619 1400 4672 κατά
1436 4634 1502 4686 γε
1544 4617 1607 4671 τὸ
1645 4619 1705 4670 ὲν
1745 4619 1802 4671 Ψ
1805 4616 1900 4670 αλ-

284 4711 414 4781 μοῖς
462 4709 828 4782 ὑμνούμενον,
858 4710 994 4779 οὐδ’,
1037 4712 1162 4766 ὅσον
1207 4712 1402 4776 εἰπεῖν,
1445 4710 1620 4783 βραχῦ
1642 4709 1903 4766 διαπνεύο

282 4820 466 4858 σαντα
486 4843 500 4867 ,
541 4803 634 4855 τὸν
662 4803 888 4872 ἀγαθοῖς
917 4803 1140 4877 ἱδρῶσιν
1163 4805 1387 4875 ὲντριϐἦ
1424 4804 1774 4876 μετοίχεσθαι
1793 4804 1906 4858 δεῖν

281 4895 668 4967 ἁναπείθομεν
698 4896 970 4968 κάλαμον.
1014 4897 1331 4968 ’Δπτὸμεθα
1367 4900 1495 4969 γὰρ,
1536 4897 1815 4962 ἐθέλοντάς
1842 4915 1902 4951 τε

280 4989 381 5042 καὶ
429 4986 732 5056 σοφοῦντος
770 4988 943 5057 Θεοῦ,
980 4989 1090 5044 τῶν
1120 4990 1181 5045 ὲν
1222 4993 1289 5062 τῇ
1333 4989 1529 5062 Ἐξόδῳ
1567 4991 1901 5060 κεφαλαίων,

277 5082 317 5136 ἃ
349 5080 798 5153 παραλελεῖφθαι
854 5081 1004 5136 δοκεῖ
1046 5082 1454 5138 συντεθεικόσιν
1493 5086 1628 5156 ἡμῖν
1661 5083 1761 5155 τὴν
1785 5083 1904 5155 ἠθι-

284 5175 395 5246 κὴν
428 5175 788 5246 παραίνεσιν,
822 5177 915 5230 ὅτε
972 5177 1068 5229 καὶ
1109 5177 1358 5249 μακροὺς
1403 5176 1578 5231 ἐδόκει
1611 5181 1899 5250 παραιτεῖ-

280 5267 413 5322 σθαι
454 5267 688 5337 λόγους,
731 5268 1148 5322 καταδεικνύειν
1199 5268 1445 5322 ἐθέλουσι
1485 5268 1568 5334 τίς
1618 5269 1685 5323 ἂν
1732 5273 1904 5324 νοοῖτο

279 5361 427 5434 πρὸς
456 5360 620 5432 ἡμῶν
650 5361 680 5413 ὁ
702 5361 802 5432 τῆς
833 5361 892 5414 ὲν
932 5360 1210 5433 πνεύματί
1245 5379 1305 5414 τε
1341 5363 1438 5414 καὶ
1458 5360 1690 5434 ἀληθείᾳ
1729 5381 1905 5434 προσ-

277 5454 580 5526 κυνήσεως
624 5454 853 5527 τρόπος.
911 5455 1317 5519 Ἀποδιελόντες
1363 5455 1474 5527 γὰρ
1531 5455 1743 5510 ἕκαστα
1791 5457 1903 5512 τῶν

281 5549 634 5621 ἐγκειμένων
667 5550 986 5620 κεφαλαίων
1019 5553 1129 5615 τοῖς
1167 5550 1333 5604 πέντε
1365 5549 1612 5614 Μωσέως
1657 5549 1899 5621 βίϐλοις,

273 5641 381 5696 καὶ
410 5643 514 5714 τῆς
542 5645 604 5697 ὲν
636 5641 791 5713 αὐτῷ
825 5642 1064 5715 θεωρίας
1100 5645 1194 5698 τὸν
1223 5644 1430 5699 σκοπὸν
1465 5640 1525 5700 εὖ
1584 5646 1731 5717 μάλα
1762 5663 1898 5719 προ-

276 5735 668 5808 αθρήσαντες,
704 5736 776 5790 τὰ
829 5735 931 5807 μὲν
973 5738 1074 5792 ὅσα
1103 5739 1227 5804 ταῖς
1273 5735 1499 5808 ἠθικαῖς
1551 5738 1896 5811 ύφηγήσεσιν

356 5876 404 5910 ⁸⁸
438 5877 589 5936 Psal.
658 5891 886 5945 unm,
929 5875 983 5932 8.

2121 4337 2288 4411 2M
2325 4337 2404 4392 De
2451 4339 2732 4393 nativitate
2769 4335 2928 4393 Hosis
2962 4337 3173 4396 Christo
3211 4339 3507 4412 applicata.

2083 4433 2135 4487 1.
2178 4433 2448 4487 Absoluta
2503 4431 2725 4487 tandem
2782 4431 2928 4486 libro
2983 4433 3038 4487 in
3089 4431 3368 4498 Genesim,
3409 4429 3616 4504 quanta

2009 4523 2298 4596 potuimus
2343 4525 2583 4579 maxima
2631 4539 2756 4580 cum
2813 4523 3100 4596 diligentia
3143 4545 3160 4576 ‹
3194 4525 3262 4580 de
3311 4524 3515 4580 virtute
3559 4525 3615 4582 in

2008 4618 2297 4682 virtutem,
2332 4636 2350 4668 ι
2393 4626 2454 4672 ιιι
2493 4625 2577 4672 est
2616 4616 2670 4671 in
2708 4616 2944 4673 Psalmis
2966 4618 3034 4684 ⁸⁸,
3060 4617 3362 4689 progressi,
3390 4633 3459 4673 ne
3489 4627 3614 4673 tan-

2011 4708 2188 4764 tillum
2216 4709 2442 4780 quidem
2476 4709 2751 4780 respirare
2794 4709 3090 4774 calamum,
3131 4710 3381 4780 pulchris
3407 4710 3615 4765 labori-

2010 4803 2112 4858 bus
2152 4813 2436 4859 assuetum
2472 4803 2849 4874 permisimus.
2876 4802 3247 4876 Aggredimur
3273 4804 3480 4874 itaque,
3501 4805 3618 4859 Deo

2007 4897 2228 4952 volente
2271 4903 2328 4952 et
2375 4897 2707 4967 sapientiam
2749 4905 3098 4968 suggerente,
3131 4897 3299 4952 etiam
3341 4896 3519 4967 capita
3550 4897 3617 4952 li-

2009 4989 2096 5045 bri
2121 4989 2320 5055 Exodi,
2341 5005 2463 5060 qua:
2484 5005 2515 5044 a
2539 4989 2704 5044 nobis
2729 4989 2991 5044 videntur
3015 4990 3317 5060 praeterita,
3344 4991 3617 5046 moralem

2007 5081 2452 5136 exhortationem
2481 5080 2988 5136 conscribentibus.
3016 5081 3305 5152 Siquidem
3339 5088 3454 5136 tum
3485 5097 3616 5138 cum

2008 5175 2525 5230 demonstraremus
2565 5174 2822 5245 quisnam
2869 5173 3102 5245 intelligi
3165 5172 3368 5230 debeat
3413 5175 3619 5233 modus

2008 5268 2354 5324 adorationis
2395 5268 2451 5322 in
2496 5268 2698 5339 spiritu
2751 5275 2808 5322 et
2852 5267 3109 5334 veritate,
3151 5269 3333 5324 visum
3376 5268 3485 5324 fuit
3524 5270 3614 5325 ni-

2009 5364 2174 5418 miam
2223 5361 2495 5417 sermonis
2544 5361 2920 5432 prolixitatem
2967 5362 3166 5418 vitare.
3216 5363 3414 5418 Partiti
3463 5365 3617 5420 enim

2009 5455 2225 5528 singula
2249 5470 2372 5525 qua;
2396 5454 2452 5508 in
2479 5455 2729 5525 quinque
2758 5455 2920 5511 libris
2943 5455 3111 5512 Mosis
3135 5457 3494 5512 continentur
3520 5473 3616 5512 ca-

2007 5549 2488 5620 pita,sensumquc
2511 5547 2816 5620 spiritualis
2837 5549 3324 5620 contemplationis
3340 5550 3394 5604 in
3413 5549 3615 5605 iisdem

2009 5641 2184 5714 probe
2195 5641 2578 5713 contemplati,
2596 5657 2662 5696 ea
2684 5642 2910 5714 quidem
2929 5660 3052 5715 qua:
3063 5643 3226 5716 245
3240 5643 3428 5713 aliquo
3443 5640 3615 5696 modo

2008 5735 2079 5793 ad
2099 5736 2366 5794 moralem
2389 5735 2798 5816 expositionem
2816 5737 2978 5794 utilia
3001 5736 3426 5807 necessariaque
3455 5732 3614 5790 vide-
