4060 6454
511 394 616 449 387

1543 385 1598 440 5.
1639 384 1912 440 CYBILLI
1952 381 2422 438 ALEXANDle
2463 384 2779 440 ARCHIEP.
3652 394 3744 451 388

511 505 734 568 bantur,
766 519 867 574 pro
902 513 1146 572 tempore
1177 500 1620 571 conscripsimus,
1645 509 1700 556 et
1728 500 1951 571 quidem
1993 499 2086 554 tali

2198 499 2466 568 ἀναγκαῖά
2508 518 2623 565 πως
2669 497 2736 572 ἦν
2793 501 2888 554 καὶ
2928 500 3011 553 ὅτι
3063 499 3295 570 μάλιστα
3345 505 3741 572 χρειωδέστατα.

511 597 707 651 ordine
755 598 850 666 qui
887 597 1185 665 unicuique
1227 594 1390 664 capiti
1433 593 1666 649 maxime
1703 593 2084 648 conveniebat.

512 688 589 743 Ea
616 703 746 742 vero
777 703 874 757 per
900 703 1021 756 qua:
1045 703 1143 755 par
1169 693 1286 740 erat
1319 685 1525 740 Christi
1570 687 1890 758 mysterium
1915 686 2085 741 veluti

512 779 569 834 in
611 779 843 842 umbris,
880 778 1059 847 quoad
1090 778 1207 832 ﬁeri
1255 787 1454 848 potest,
1499 779 1930 848 praemonstrari,
1960 780 2090 834 huic

512 869 802 939 posteriori
845 870 996 938 operi
1046 871 1446 924 reservavimus
1480 889 1492 924 :
1521 873 1576 924 in
1610 887 1719 940 quo
1751 872 1912 925 nobis
1943 887 2090 926 nunc

511 963 796 1016 elaborare
835 963 1166 1027 volentibus,
1198 964 1371 1016 amice
1415 964 1640 1029 Palladi,
1669 965 1945 1018 orationes
1985 973 2090 1018 tua!

447 1093 453 1098 -
511 1064 596 1108 sat
623 1055 739 1108 scio
779 1069 972 1124 magno
998 1055 1317 1123 adjumento
1347 1064 1474 1109 sunt
1504 1055 1721 1110 futurae.
1749 1055 2090 1125 lmpossibilc

510 1146 660 1200 enim
699 1146 804 1200 hoc
841 1147 1007 1199 fuerit
1048 1147 1398 1211 hominibus;
1433 1147 1748 1216 expeditum
1789 1155 1990 1211 tamen,
2022 1163 2090 1201 ex

511 1245 667 1306 parte
693 1238 907 1301 saltem,
948 1237 1169 1292 Christo
1206 1238 1366 1291 nobis
1389 1237 1454 1292 ad
1494 1239 1599 1292 hoc
1620 1240 1763 1292 viam
1789 1240 2086 1308 aperiente.

513 1327 650 1382 Nam
695 1329 810 1397 ipse
843 1336 928 1382 est
956 1329 1043 1382 via
1087 1338 1143 1383 et
1185 1329 1389 1383 ostium
1420 1330 1488 1394 δ’,
1529 1330 1694 1399 inque
1741 1330 1861 1400 i'pso
1897 1346 2092 1385 omnes

516 1419 759 1472 thesauri
800 1420 1079 1489 sapientia:
1104 1429 1160 1475 et
1193 1421 1520 1492 cognitionis
1555 1431 1682 1476 sunt
1717 1422 1988 1476 reconditi
2021 1421 2089 1475 “'.

513 1511 880 1566 Contexemus
903 1522 1087 1566 autem
1114 1514 1260 1567 hunc
1282 1514 1504 1578 librum,
1526 1530 1635 1566 non
1663 1515 1922 1568 continua
1945 1516 2090 1569 serie

514 1620 614 1676 per
653 1607 866 1676 singula
911 1607 1088 1674 capita
1133 1605 1496 1675 procedentes
1531 1605 1787 1678 (plurima
1833 1607 2001 1671 enim,
2032 1616 2092 1661 ut

516 1697 682 1752 modo
719 1697 852 1760 dixi,
896 1696 1142 1751 selectim
1187 1696 1358 1766 priori
1403 1698 1556 1766 operi
1602 1698 1804 1752 inserta
1846 1699 2090 1768 reperie-

519 1790 693 1858 mus);
733 1789 826 1844 sed
866 1805 986 1858 quae
1022 1790 1275 1858 praesenti
1319 1790 1570 1845 instituto
1600 1793 1897 1846 convenire
1933 1792 2090 1846 vide-

519 1880 744 1946 buntur,
770 1897 870 1950 pro
895 1881 1038 1934 virili
1069 1889 1324 1936 accurate
1351 1882 1734 1952 subtiliterque
1773 1884 2089 1956 expenden-

516 1981 618 2038 tes,
649 1974 902 2028 veritatis
944 1974 1031 2028 via
1078 1974 1494 2029 contendemus.
1533 1975 1669 2029 Cum
1719 1992 1851 2030 vero
1893 1992 2092 2046 scopus

516 2065 678 2135 hujus
704 2065 831 2118 libri
861 2081 962 2120 nos
992 2067 1157 2120 ducat
1178 2067 1245 2120 ad
1278 2066 1713 2136 redemptionem
1738 2084 1860 2138 qua:
1889 2078 1971 2122 cst
1995 2085 2092 2139 per

513 2154 817 2220 Christum,
849 2158 1221 2211 necessarium
1249 2159 1475 2212 omnino
1501 2154 1669 2214 fuerit
1714 2169 1774 2214 ut
1808 2163 1963 2231 prius
1992 2163 2094 2216 hu-

516 2260 737 2299 manum
755 2261 928 2316 genus
939 2248 1327 2316 periclitatum,
1344 2256 1506 2318 atque
1520 2250 1574 2302 in
1588 2266 1828 2305 summas
1846 2252 2094 2306 miserias

516 2337 832 2406 prolapsum
857 2337 1026 2392 fuisse
1053 2339 1426 2393 ostendamus.
1455 2341 1532 2394 lta
1555 2342 1701 2396 enim
1731 2358 1830 2410 par
1855 2351 1958 2409 est,
1993 2359 2092 2398 ne-

515 2442 622 2496 que
647 2427 807 2481 aliter
830 2429 1018 2482 auxilii
1053 2430 1193 2484 ratio
1225 2430 1443 2496 decenti
1470 2433 1662 2486 ordine
1696 2433 1943 2488 adhibita
1979 2433 2096 2490 fue-

517 2517 590 2572 rit
630 2535 642 2572 :
681 2537 698 2569 ι
734 2519 924 2574 Virtus
957 2520 1104 2573 enim
1142 2536 1283 2584 mea,
1310 2521 1510 2591 inquit,
1537 2522 1590 2576 in
1620 2522 1935 2578 inﬁrmitate
1961 2540 2091 2595 per-

517 2608 700 2665 ficitur
725 2611 790 2662 δ⁹.
825 2629 843 2662 ι
881 2610 1076 2666 Medici
1102 2613 1266 2666 etiam
1300 2612 1464 2682 periti
1496 2630 1561 2668 ac
1589 2615 1827 2684 probati,
1852 2632 1960 2670 non
1993 2617 2092 2671 ali-

518 2707 600 2754 ter
621 2698 867 2753 scientia:
895 2715 1007 2754 sua:
1032 2700 1194 2754 tidem
1227 2713 1354 2756 sunt
1389 2702 1608 2768 facturi,
1637 2704 1742 2759 nisi
1779 2705 1860 2758 eis
1894 2721 2093 2776 propo—

516 2797 680 2844 natur
700 2791 948 2860 segem-in
975 2807 1084 2860 quo
1114 2793 1251 2847 artis
1276 2809 1388 2848 suae
1423 2797 1729 2866 periculum
1757 2797 1982 2856 faciant.

2193 592 2615 664 συντεθείκαμεν
2651 594 2740 645 ἐπὶ
2776 591 2988 663 καιροῦ,
3025 592 3118 645 καὶ
3149 591 3224 656 ὠς
3258 594 3314 645 ἐν
3353 593 3500 658 τάξει
3529 597 3589 668 δὴ
3618 599 3747 667 λέγω

2189 688 2255 756 τῇ
2290 686 2504 757 ἑκάστῳ
2534 684 2988 756 πρεπωδεστάτῃ·
3021 683 3090 736 τά
3137 684 3194 737 δὲ
3227 683 3294 736 δι’
3321 677 3395 737 ὧν
3422 681 3487 756 ἦν
3517 689 3656 752 εἰκὸς
3695 693 3747 744 τὸ

2191 778 2426 850 Χριστοῦ
2469 781 2768 850 μυστήριον
2811 777 2886 841 ὡς
2926 780 2982 832 ἑν
3027 779 3206 842 σκιαῖς
3237 777 3317 830 ἔτι
3359 781 3479 842 ταῖς
3516 783 3650 835 κατά
3675 787 3746 838 νό-

2194 891 2314 944 μον,
2334 875 2409 937 ὠς
2426 874 2526 938 Evt,
2561 872 3081 944 προαναιραίνεσθαι,
3108 875 3174 942 τῇ
3215 872 3330 942 μετ’
3363 875 3576 944 ἐκείνην
3606 895 3750 949 τετηο

2197 965 2443 1036 ρήκαμεν
2483 966 2792 1034 συγγραφῇ·
2828 964 2911 1032 ἐφ’
3004 965 3096 1016 καὶ
3128 963 3223 1015 νῦν
3259 962 3436 1032 ίδροῦν
3471 965 3747 1035 ἑλομένοις,

2193 1057 2441 1127 ἀγαπητὲ
2477 1057 2761 1121 Παλλάδιε,
2801 1056 3156 1126 συναθλὴσεις
3184 1049 3282 1107 οἶδ’
3313 1055 3394 1107 ὅτι
3431 1055 3516 1108 διὰ
3544 1075 3750 1128 προσευο

2193 1149 2314 1218 χῆς.
2347 1147 2580 1218 Βάδιμον
2610 1148 2707 1217 μὲν
2731 1148 2932 1217 ἥκιστά
2955 1163 3019 1216 γε
3049 1149 3158 1210 τοῖς
3181 1145 3302 1199 καθ’
3331 1148 3476 1216 ἡμᾶς
3501 1148 3560 1200 τὸ
3587 1150 3753 1220 χρῆμά

2191 1241 2344 1302 ἐστι,
2384 1239 2591 1308 γένοιτο
2629 1239 2673 1292 δ’
2715 1239 2782 1292 ἂν
2818 1238 2922 1292 κᾶν
2960 1237 3090 1306 γοῦν
3136 1239 3200 1289 ἑκ
3235 1237 3437 1308 μέρους
3465 1239 3750 1305 ιεύστιϐὲς,

2191 1328 2430 1398 Χριστοῦ
2465 1329 2527 1400 δὴ
2573 1329 2732 1382 πάλιν
2765 1329 2862 1399 τὴν
2892 1327 2946 1390 ἐς
2975 1344 3036 1396 γε
3077 1329 3229 1382 τουτὶ
3265 1327 3633 1397 διευρύνοντος
3656 1330 3754 1400 τρίσ

2193 1420 2306 1473 ϐον.
2343 1421 2514 1480 Αὐτὸς
2543 1422 2650 1491 γάρ
2678 1422 2826 1473 ἐστιν
2858 1424 2890 1490 ἡ
2923 1420 3059 1484 ὁδὸς,
3095 1421 3190 1472 καὶ
3229 1419 3392 1482 αὐτὸς
3419 1422 3451 1488 ἡ
3489 1419 3643 1489 θύρα,
3672 1420 3754 1472 καὶ

2193 1512 2252 1563 ἑν
2283 1511 2431 1582 αὐτῷ
2463 1513 2660 1574 πάντες
2691 1511 2828 1564 εἰσὶν
2852 1511 2901 1563 οἱ
2935 1509 3196 1580 θησαυροὶ
3219 1512 3318 1579 τῆς
3348 1509 3536 1577 σοφίας
3559 1510 3644 1561 καὶ
3670 1511 3754 1579 τῆς

2195 1601 2446 1671 γνώσεως
2504 1602 2834 1672 ἀπόκρυφοι.
2895 1600 3242 1670 Ποιησὸμεθα
3298 1599 3356 1652 δὲ
3405 1599 3498 1652 τοῦ
3569 1600 3754 1670 βιϐλίου

2196 1695 2516 1766 συγγραφὴν
2548 1695 2648 1747 οὐκ
2672 1693 3093 1764 ἀπαραλείπτως
3125 1692 3218 1745 καὶ
3247 1691 3446 1761 ἐφεξῆς
3469 1691 3555 1744 διὰ
3577 1691 3756 1755 παντὸς

2196 1787 2480 1857 ἐρχόμενοι
2531 1785 2825 1855 κεφαλαίου
2874 1786 3136 1856 (πλεῖστα
3187 1784 3296 1855 γάρ
3343 1786 3477 1848 ὅσα,
3527 1783 3756 1854 καθάπερ

2196 1877 2334 1948 ἔφην
2379 1878 2613 1948 ἀρτίως,
2659 1877 2962 1946 ἀπολέγδην
2994 1875 3454 1945 εἰσπεποιήμεθα,
3505 1877 3569 1944 τῇ
3616 1874 3758 1944 ἑτέρᾳ

2199 1967 2446 2032 συντάξει
2485 1966 2796 2038 περιφανῶς
2828 1967 3132 2036 εὑρήσομεν
3154 1967 3170 2034 )
3194 1982 3208 1996 δ
3241 1964 3276 2019 ἃ.
3298 1965 3342 2017 δ’
3376 1963 3441 2018 ἂν
3471 1964 3638 2034 ὁρῷτο
3664 1966 3755 2017 λοι·

2199 2059 2301 2112 πὸν
2333 2057 2410 2128 τῷ
2434 2058 2780 2129 προκειμένῳ
2813 2057 3000 2128 σκοπῷ
3033 2062 3299 2128 χρήσιμα,
3341 2059 3514 2111 ταῦτα
3544 2056 3676 2109 κατά
3703 2071 3757 2122 γε

2199 2155 2259 2207 τὸ
2293 2153 2568 2225 ἐγχωροῦν
2597 2152 2977 2224 βασανίζοντες
3007 2152 3254 2222 ἀκριϐῶς
3273 2169 3334 2204 τε
3367 2153 3461 2205 καὶ
3483 2149 3758 2220 διεσμιλευ-

2203 2247 2411 2316 μένως,
2455 2245 2691 2299 κατευθὺ
2742 2246 2839 2315 τῆς
2877 2243 3134 2315 ἀληθείας
3188 2243 3418 2314 ἥξομεν.
3473 2243 3619 2295 Ἐπεὶ
3659 2241 3707 2292 δέ
3734 2241 3760 2291 ὁ

2199 2341 2291 2394 τοῦ
2331 2339 2536 2409 βιϐλίου
2572 2338 2771 2402 σκοπὸς
2803 2340 2882 2408 εἰς
2920 2337 3186 2408 λύτρωσιν
3216 2337 3378 2406 φέρει
3405 2334 3502 2406 τὴν
3529 2333 3613 2386 διὰ
3643 2333 3760 2403 Χρι-

2202 2432 2327 2487 στοῦ
2351 2475 2366 2500 ,
2417 2433 2566 2485 πᾶσά
2610 2449 2726 2494 πως
2765 2432 2980 2500 ἀνάγκη
3025 2426 3548 2500 προκεκινδυνευκδς
3583 2425 3641 2478 οὐ
3681 2438 3763 2493 με·

2198 2528 2366 2598 τρίως
2409 2525 2468 2580 τὸ
2498 2524 2838 2596 ἀνθρώπινον
2868 2523 3130 2588 ἐπιδεῖξαι
3160 2522 3318 2591 γένος
3337 2561 3355 2584 .
3401 2519 3496 2574 καὶ
3525 2520 3600 2581 εἰς
3626 2515 3761 2584 λῆξιν

2199 2619 2299 2690 ἠδη
2327 2619 2420 2686 τῆς
2453 2618 2711 2670 ἀνωτάτω
2735 2614 3112 2686 ταλαιπωρίας
3135 2613 3520 2684 ἐνηνεγμένον.
3546 2608 3763 2678 Προήκοι

2199 2711 2307 2780 γὰρ
2345 2710 2409 2764 ἂν
2451 2703 2554 2762 ὧδέ
2585 2725 2644 2760 τε
2678 2708 2772 2760 καὶ
2817 2707 2916 2775 οὐχ
2961 2706 3166 2777 ἑτέρως
3202 2707 3259 2758 ἐν
3294 2705 3489 2773 κόσμῳ
3527 2700 3599 2769 τῷ
3650 2696 3765 2766 πρέ-

2200 2821 2354 2856 ποντι
2377 2803 2474 2873 τῆς
2501 2799 2820 2870 ἐπικουρίας
2843 2801 2870 2852 ὁ
2898 2799 3076 2866 λόγος’
3111 2815 3130 2849 ι
3175 2797 3238 2850 Ἦ
3267 2795 3381 2866 γάρ
3406 2791 3626 2862 δύναμίς
3654 2804 3764 2858 μου.

515 2888 699 2958 φησὶν,
745 2888 804 2940 ἑν
848 2888 1101 2961 ἀσθενείᾳ
1143 2890 1457 2946 τελειοῦται.
1503 2911 1522 2944 ι
1582 2897 1705 2950 Δεῖν
1746 2898 1802 2950 δὲ
1840 2898 2119 2972 οἶμαικαὶ
2157 2909 2268 2971 τοῖς
2311 2899 2511 2971 ἰατρῶν
2549 2897 2878 2966 ἑπιστήμοσι
2933 2894 3026 2948 καὶ
3057 2892 3476 2964 δοκιμωτάτοις,
3527 2890 3574 2941 ει
3600 2887 3658 2954 δή
3688 2891 3767 2934 ποι

523 2983 771 3052 μέλλοιεν
795 2984 878 3052 ἐφ’
912 2978 994 3046 οἷς
1024 2983 1088 3037 ἂν
1118 2980 1228 3037 εἷεν
1258 2989 1410 3054 σοφοὶ
1443 2988 1818 3061 θαυμάζεσθαί
1881 3013 2009 3065 που,
2045 3001 2371 3075 προκεῖσθαι
2424 2995 2517 3049 τὸν
2550 2993 2854 3065 ἄρρωστον,
2894 2989 3023 3059 περὶ
3053 2987 3111 3042 ὃν
3138 2987 3205 3041 ἂν
3235 2986 3455 3055 γένοιτο
3504 2982 3648 3050 καὶή
3681 2977 3768 3044 τῆς

516 3072 745 3143 ἐνούσης
777 3075 960 3138 αὐτοῖς
989 3075 1268 3144 εὐτεχνίας
1296 3077 1573 3144 ἐπίδειξις.

583 3167 638 3222 2.
680 3168 938 3222 Dicamus
973 3168 1137 3239 igitur
1183 3169 1602 3239 quod-vexante
1642 3174 1773 3228 olim
1805 3185 1969 3248 atque
2003 3198 2093 3237 ur-

2271 3183 2336 3254 β’.
2381 3179 2608 3244 Οὐκοῦν,
2652 3177 2754 3248 ἤδη
2798 3175 3068 3244 λέγωμεν,
3107 3171 3190 3226 ὅτι
3223 3168 3390 3240 λιμοῦ
3422 3163 3764 3254 mmmam;

513 3265 676 3326 gente
700 3259 973 3313 lsraelitas
1000 3260 1319 3330 gravissima
1344 3259 1508 3326 fame,
1539 3266 1998 3336 transmigrarunt
2027 3288 2096 3327 ex

514 3351 773 3407 Chanaan
809 3352 864 3406 in
902 3351 1196 3424 Egyptum
1227 3353 1283 3406 in
1323 3356 1667 3426 septuaginta
1694 3360 1934 3430 quinque
1975 3365 2096 3418 ani-

517 3445 729 3510 mabus,
783 3453 843 3498 ut
865 3447 1128 3520 scriptum
1180 3453 1265 3500 est
1288 3447 1353 3499 ⁵ο.
1380 3448 1719 3504 Procedente
1750 3463 1930 3509 autem
1956 3465 2096 3511 tem-

516 3551 649 3607 pore
675 3535 730 3590 in
759 3536 1216 3590 innumerabilem
1255 3538 1661 3595 multitudinem
1697 3559 1889 3599 eorum
1926 3563 2098 3616 genus

515 3633 602 3679 est
635 3634 1018 3694 propagatum.
1059 3625 1135 3680 Ita
1175 3627 1323 3680 enim
1360 3629 1526 3683 habet
1563 3630 1882 3702 Scriptura:
1925 3656 1942 3688 ι
1975 3637 2096 3692 Filii

517 3725 702 3769 autem
724 3717 940 3771 lsraelis
962 3718 1108 3772 aucti
1141 3727 1291 3785 sunt,
1326 3727 1382 3774 et
1414 3722 1762 3793 multiplicati
1799 3735 1854 3781 et
1889 3728 2093 3795 dill‘usi,

515 3805 790 3876 nimisque
831 3808 1074 3863 roborati
1117 3819 1265 3865 sunt.
1308 3811 1478 3867 Terra
1515 3815 1663 3868 enim
1699 3819 2099 3889 multiplicabat

514 3913 614 3955 eos
637 3899 706 3952 ⁵¹.
747 3919 765 3950 ι
805 3899 1099 3971 Postquam
1123 3917 1254 3957 vero
1280 3903 1328 3957 is
1357 3905 1449 3974 qui
1473 3904 1775 3978 Egyptiaci
1804 3913 1958 3982 regni
1987 3929 2096 3983 gu-

516 3986 812 4042 bernacula
838 3990 1080 4056 tenebat,
1108 3998 1317 4046 tantum
1347 3993 1664 4050 Iudaeorum
1693 3998 2095 4057 incrementum

516 4087 832 4148 suspectum
867 4080 1073 4136 habere
1113 4084 1302 4152 cmpit,
1332 4084 1561 4142 insidias
1586 4089 1668 4142 eis
1695 4094 1916 4147 struxit.
1947 4095 2095 4151 Prac-

514 4169 646 4224 l‘eeit
690 4170 859 4238 enim,
906 4172 1105 4242 inquit,
1142 4174 1313 4230 duros
1362 4192 1594 4247 operum
1643 4183 1955 4252 magistros,
2000 4189 2095 4259 qui

515 4261 818 4335 aliiigerent
863 4264 1008 4334 ipsos
1053 4267 1105 4320 in
1144 4267 1446 4323 laboribus.
1483 4270 1646 4343 246
1686 4273 1878 4331 Modus
1909 4287 2096 4334 autem

516 4353 828 4410 alllictionis
879 4364 1001 4411 erat
1044 4357 1200 4412 labor
1246 4359 1510 4426 fodiendi,
1546 4363 1817 4420 confectio
1860 4368 2094 4425 laterum

515 4447 778 4504 diuturna
799 4457 854 4503 et
877 4450 1084 4520 absque
1123 4451 1396 4506 mercede.
1433 4452 1566 4508 Item
1598 4455 1822 4510 urbium
1858 4461 2098 4515 munita-

2200 3251 2331 3329 ποτὲ
2357 3275 2448 3328 καὶ
2471 3271 2758 3340 ἀφορήτως
2785 3267 3180 3334 ἐνσκήπτοντος
3201 3263 3297 3317 καὶ
3324 3259 3638 3331 ἐγκειμένου
3667 3251 3764 3311 τοῖς

2199 3369 2335 3430 υίοῖς
2400 3361 2644 3434 Ἰσραὴλ,
2699 3359 3006 3430 κατῴχοντο
3041 3355 3140 3428 μὲν
3188 3359 3252 3409 ἑκ
3298 3357 3404 3425 γῆς
3453 3349 3661 3406 Χαναὰν
3697 3347 3765 3406 είς

2199 3457 2474 3524 Αἴγυπτον
2522 3456 2580 3506 ἐν
2624 3448 2998 3520 ἑϐδομήκοντά
3041 3465 3144 3500 που
3192 3447 3288 3501 καὶ
3336 3445 3499 3499 πέντε
3551 3440 3764 3510 ψυχαῖς,

2198 3546 2340 3600 καθά
2388 3545 2718 3615 γέγραπται.
2759 3541 3085 3612 Διέρποντος
3122 3539 3179 3592 δὲ
3213 3538 3307 3590 τοῦ
3347 3534 3541 3606 καιροῦ
3576 3527 3764 3587 λοιπδν,

2198 3638 2279 3699 εἰς
2325 3635 2536 3705 πληθὺν
2575 3635 2674 3705 τὴν
2717 3631 2952 3704 ἀριθμοῦ
2990 3631 3274 3702 κρείττονα
3317 3630 3381 3683 τὸ
3421 3628 3572 3696 γένος
3604 3622 3767 3681 αὐτοῖς

2197 3726 2509 3791 ἑξετείνετο.
2542 3725 2857 3797 Γέγραπται
2890 3723 2999 3792 γάρ
3027 3737 3041 3751 ·
3075 3740 3094 3773 ι
3124 3723 3189 3775 Οί
3217 3719 3274 3774 δὲ
3300 3721 3411 3773 υἱοὶ
3454 3713 3659 3786 Ἰσραὴλ
3681 3711 3770 3781 ηὑ-

2201 3818 2464 3888 ξήθησαν,
2485 3818 2580 3870 καὶ
2595 3814 3034 3885 ὲπληθύνθησαν,
3057 3815 3150 3868 καὶ
3173 3813 3383 3884 χυδαίοι
3407 3809 3667 3880 ἐγένοντο,
3688 3799 3771 3855 καὶ

2198 3911 2490 3978 κατίσχυον
2516 3907 2737 3978 σφόδρα·
2764 3906 3032 3978 ἐπλήθυνε
3054 3907 3110 3959 δὲ
3133 3907 3165 3976 ἡ
3190 3901 3263 3974 γῆ
3284 3904 3484 3964 αὐτοὺς
3511 3896 3719 3965 σφόδρα.
3748 3909 3766 3940 ι

2212 4000 2432 4073 Ἐπειδὴ
2459 4001 2515 4053 δὲ
2542 4003 2642 4069 τῆς
2687 3998 3003 4068 Αἰγυπτίων
3031 3997 3212 4069 χώρας
3238 3998 3266 4048 ὁ
3296 3991 3649 4064 καθηγεῖσθαι
3685 3985 3770 4036 λα-

2197 4091 2330 4162 χὼν,
2347 4091 2444 4162 τὴν
2469 4094 2548 4154 εἰς
2575 4091 2781 4160 πληθὺν
2807 4091 3044 4143 ἐπίδοσιν
3071 4088 3462 4159 τῶνἙὸραίων
3488 4084 3586 4137 οὐκ
3613 4077 3767 4132 ἀνύπο

2199 4201 2364 4238 οπτον
2387 4183 2553 4254 εῖχεν,
2583 4183 2964 4246 ἑπεϐουλεύσε,
2998 4181 3093 4234 καὶ
3113 4181 3416 4250 ἐπέστησεν
3448 4176 3626 4234 αὐτοῖς
3662 4172 3769 4222 ἑπι·

2201 4275 2401 4338 στάτας
2445 4273 2555 4327 τῶν
2599 4275 2798 4346 ἔργων,
2841 4274 2927 4328 ἵνα
2969 4270 3295 4326 κακώσωσιν
3337 4270 3536 4330 αὐτοὺς
3585 4266 3639 4318 ἑν
3671 4259 3772 4320 τοῖς

2199 4366 2400 4439 ἔργοις.
2447 4367 2505 4420 '0
2528 4366 2583 4419 δὲ
2608 4366 2674 4437 δὴ
2698 4365 2792 4418 τοῦ
2821 4364 3124 4419 κακοῦσθαι
3151 4364 3356 4434 τρόπος
3377 4359 3445 4434 ἦν
3469 4363 3498 4414 ὁ
3535 4357 3624 4412 ἐπὶ
3651 4367 3770 4408 σκα-

2202 4459 2401 4521 πάναις
2433 4458 2615 4528 ἱδρὼς,
2646 4457 3001 4528 πλινθουργία
3031 4457 3223 4527 μακρὰ
3257 4458 3354 4510 καὶ
3393 4451 3654 4524 ἄμισθος,
3685 4443 3771 4498 καὶ

516 4555 637 4593 rum
675 4541 997 4606 exstructio,
1033 4541 1137 4595 hoc
1163 4551 1266 4608 est,
1293 4559 1416 4614 quae
1447 4546 1660 4599 turritae
1696 4558 1902 4613 essent,
1928 4553 2093 4607 adeo-

2207 4549 2311 4622 μὴν
2342 4550 2434 4604 καὶ
2465 4550 2526 4602 τὸ
2558 4549 2951 4620 ἀναδείμασθαι
2983 4549 3166 4612 πόλεις
3201 4549 3404 4619 ὀχυρὰς
3445 4545 3523 4614 τῷ
3549 4533 3770 4612 Φαραὼ,

513 4646 620 4700 que
656 4631 790 4685 laxse
829 4639 886 4686 et
921 4633 1134 4701 amplae,
1169 4643 1231 4688 ut
1272 4636 1654 4695 munitissima:
1679 4649 1733 4695 et
1760 4641 2096 4713 inexpugna-

514 4722 653 4776 biles
672 4737 783 4792 praa
806 4723 930 4776 aliis
953 4723 1295 4790 viderentur,
1319 4742 1514 4798 nempe
1539 4741 1762 4801 propter
1788 4733 2094 4788 incolarum

515 4813 945 4868 multitudinem.
970 4815 1140 4868 Erant
1168 4823 1350 4870 autem
1376 4817 1535 4873 Pitho
1560 4830 1616 4874 et
1640 4821 1918 4887 Ramesse,
1951 4825 2097 4878 aliae-

514 4919 622 4973 que
649 4903 920 4959 civitates.
957 4905 1228 4962 Czeterum
1255 4911 1472 4980 tyranni
1497 4913 1788 4966 consilium
1817 4915 1975 4984 longe
2001 4917 2100 4970 ali—

515 5001 601 5048 ter
641 5010 804 5063 quam
844 5005 1112 5066 sperarat,
1155 4997 1232 5051 illi
1272 5000 1490 5055 accidit.
1534 5001 1624 5055 Ait
1664 5003 1812 5056 enim
1844 5022 1855 5057 :
1883 5005 2100 5072 Quanto

514 5085 687 5154 magis
717 5087 1153 5144 bumiliahantur
1191 5089 1460 5161 depressi,
1491 5101 1642 5149 tanto
1672 5097 1849 5166 majus
1882 5098 2100 5167 pericu—

515 5177 627 5230 lum
661 5178 711 5230 ei
745 5180 1059 5245 creabatur,
1088 5182 1384 5253 pluresque
1412 5186 1803 5241 exoriebantur
1826 5203 1925 5258 per
1956 5188 2098 5259 idip-

515 5284 637 5322 sum
680 5285 790 5339 quo
835 5271 981 5340 ipsos
1023 5273 1262 5344 allligere
1309 5277 1539 5343 solebat,
1577 5279 1796 5335 volente
1836 5281 2099 5336 nimirum

515 5360 649 5425 Deo,
678 5376 774 5415 eos
797 5363 890 5431 qui
931 5364 1134 5432 iniquis
1172 5371 1520 5424 contumeliis
1557 5370 1955 5437 adiciebantur,
1979 5374 2100 5428 vin-

515 5449 718 5504 dicare.
760 5449 916 5516 Quod
953 5468 1079 5506 cum
1124 5454 1481 5514 intellexisset
1509 5468 1791 5530 tyrannus,
1825 5463 1970 5516 ultra
1998 5463 2099 5518 hos

517 5541 735 5596 labores
766 5542 900 5596 alias
921 5545 1083 5599 etiam
1111 5545 1338 5605 insidias
1366 5551 1617 5605 tetendit.
1645 5553 1920 5610 Mandavit
1949 5557 2098 5609 enim

517 5629 829 5688 Iudaeorum
867 5635 1260 5695 obstetricibus
1289 5651 1373 5709 ut,
1413 5642 1633 5711 quando
1677 5645 2003 5701 mulieribus
2039 5646 2097 5702 in

2199 4645 2480 4708 τουτέστι,
2510 4645 2980 4714 πεπυργωμένας,
3025 4643 3057 4714 ἢ
3102 4642 3276 4705 οὕτως
3303 4641 3519 4712 εὐρείας
3551 4637 3640 4690 καὶ
3675 4647 3766 4702 μα·

2202 4738 2361 4808 κράς,
2385 4737 2460 4800 ὼς
2492 4737 2685 4808 κομιδῇ
2705 4735 3054 4808 [ἀναλώτους]
3073 4739 3189 4798 ταῖς
3215 4735 3400 4797 άλλαις
3422 4728 3558 4786 εἶναι
3587 4725 3768 4783 δοκεῖν,

2199 4828 2289 4882 διὰ
2343 4827 2554 4896 πληθὺν
2603 4827 2846 4898 δηλονότι
2899 4827 3006 4880 τῶν
3063 4828 3453 4899 ὲνῳκηκότων.
3508 4818 3681 4875 Πειθὼ
3720 4813 3771 4866 δὲ

2197 4917 2339 4991 ἦσαν
2359 4921 2452 4973 καὶ
2479 4919 2782 4989 Ῥαμεσσῆ,
2802 4921 2896 4984 καὶ
2920 4919 3077 4974 ἄλλαι
3094 4920 3299 4982 πόλεις.
3321 4917 3699 4985 Περιειστηκει
3719 4903 3772 4958 δὲ

2199 5011 2278 5082 τῷ
2292 5011 2541 5081 τυράννῳ
2563 5011 2698 5081 πρὸς
2730 5012 2790 5064 τὸ
2815 5014 2946 5082 παρ’
2979 5012 3201 5076 ἐλπίδας
3224 5013 3257 5081 ἠ
3293 5009 3505 5080 σκέψις.
3553 5005 3638 5056 Ἑν
3673 4997 3771 5067 γάρ

2198 5120 2280 5156 τοι
2294 5103 2368 5172 τῷ
2380 5102 2635 5155 ταπεινοῦ
2643 5102 2788 5166 σθαι,
2799 5105 2926 5172 φησῖ
2937 5143 2952 5168 ,
2968 5103 3093 5166 τοὺς
3107 5102 3500 5170 κολαζομένους
3513 5099 3568 5150 ἐν
3584 5095 3772 5160 ὑπερο·

2199 5197 2320 5264 χαῖς
2354 5193 2414 5246 τὸ
2444 5194 2643 5264 δεῖγμα
2672 5196 2728 5246 ἑν
2753 5194 2997 5262 μείζοσιν
3026 5190 3114 5265 ἦν,
3141 5195 3236 5246 καὶ
3271 5193 3486 5252 πλείους
3516 5187 3767 5276 ἐγίνοντο)

2206 5283 2291 5336 διὰ
2321 5281 2412 5335 τοῦ
2442 5281 2644 5336 κακοῦν
2674 5283 2923 5345 εἰωθότος
2961 5283 3191 5351 ὠφελεῖν
3219 5281 3493 5341 ἐθέλοντος
3526 5274 3616 5330 τοῦ
3642 5272 3766 5322 Θεοῦ

2203 5376 2329 5437 τοὺς
2364 5374 2590 5437 ἀνοσίως
2633 5373 3104 5445 ἐξυϐριζομένους.
3161 5377 3226 5428 Ὃ
3275 5375 3338 5444 δὴ
3387 5373 3480 5425 καὶ
3527 5365 3717 5425 συνιεὶς
3742 5362 3768 5412 δ

2203 5465 2490 5534 τύραννος,
2523 5466 2832 5536 προσετίθει
2863 5470 2972 5530 τοῖς
3021 5468 3202 5530 πόνοις
3234 5469 3427 5537 ἑτέραν
3469 5457 3764 5525 ἐπιϐουλήν.

2205 5556 2338 5619 Ταῖς
2366 5556 2758 5628 γάρἸουδαίων
2776 5560 2990 5613 ἐκέλευε
3007 5560 3214 5630 μαίαις,
3231 5561 3280 5613 εἰ
3307 5553 3657 5630 μαιεύο[ι]ντο
3684 5563 3771 5614 γυ·

2205 5649 2397 5712 ναῖκας
2426 5649 2520 5713 τὰς
2559 5650 2646 5703 ἐπ’
2669 5650 2853 5705 ὠδῖσιν
2877 5652 2974 5724 ἠδη
3001 5653 3094 5706 καὶ
3128 5653 3328 5718 τόκοις,
3354 5651 3416 5704 τὸ
3444 5651 3500 5702 ἑν
3529 5640 3772 5711 ὑποψίαις

602 5805 644 5839 ⁴⁷
705 5808 856 5864 Joan.
897 5827 947 5877 ι,
977 5811 1048 5878 9;
1086 5829 1190 5881 xrv,
1223 5814 1275 5869 6.
1356 5815 1532 5872 "Col.
1574 5833 1632 5882 ιι,
1666 5818 1718 5873 5.
1797 5821 1841 5852 ⁸⁹
1874 5819 1917 5874 ll
1948 5819 2074 5876 Cor.

2198 5824 2284 5890 ,3.
2359 5826 2404 5859 ιο
2433 5825 2605 5883 Exod.
2647 5843 2684 5895 ι,
2729 5826 2779 5881 5.
2848 5826 3051 5884 "Ibid.
3085 5827 3131 5880 7.
