4060 6454
361 391 472 447 389

1397 389 1927 447 GLAPHYRORUM
1964 390 2033 447 IN
2074 392 2363 451 EXODUM
2400 394 2531 450 ΠΒ.
2564 395 2606 453 1.

3584 401 3690 455 590

361 507 546 562 αὐτῶν
583 506 946 575 καταπνίγειν
976 506 1170 576 γένος,
1206 506 1478 573 τουτέστι,
1512 510 1573 562 τὸ
1616 512 1806 580 ἄρσεν,
1844 509 1960 574 ζωο

2082 520 2246 583 partu
2296 514 2579 579 adessent.
2625 523 2944 585 suspectum
2991 516 3094 588 ipsi
3138 533 3332 589 genus,
3379 521 3685 576 masculum

359 603 544 668 γονεῖν
588 598 645 653 δὲ
676 599 736 652 τὸ
772 598 929 669 θῆλυ.
963 598 1140 667 Λόγου
1172 598 1283 670 γὰρ
1321 599 1495 653 ἐδόκει
1535 600 1767 671 μηδενὸς
1789 600 1978 669 ἀξιοῦν

355 692 421 746 τὸ
442 690 644 746 ἄναλκι
685 692 779 745 καὶ
805 690 1229 763 ἀφιλοπόλεμον,
1259 695 1354 747 καὶ
1386 696 1465 757 εἰς
1497 693 1700 759 δειλίας
1733 693 1977 760 εὔκολον,

353 783 457 838 καὶ
496 783 651 855 νόμῳ
682 782 897 851 φύσεως
928 783 1332 855 τεθρυμμένον.
1396 784 1539 838 Ἀλλ’
1567 785 1671 838 οὐκ
1718 784 1891 856 ἔδρων
1922 787 1980 839 αἱ

2081 604 2368 671 nimirum,
2422 607 2779 672 suﬂ'ocarent,
2827 608 3154 666 femininum
3203 619 3390 668 autem
3438 613 3497 668 in
3543 615 3688 671 vivis

2081 697 2409 753 retinerent.
2436 697 2651 771 Quippe
2677 700 2825 770 quod
2850 703 3004 757 nullo
3029 703 3083 757 in
3109 718 3340 760 numero
3364 688 3683 775 ponendum

2081 788 2367 844 videretur
2396 789 2673 846 imbecille
2699 791 2848 846 istud
2872 799 2928 847 et
2955 793 3199 858 imbelle,
3230 801 3393 865 atque
3421 794 3490 850 ad
3518 804 3683 850 timo~

354 879 523 947 μαῖαι
550 876 613 929 τὸ
640 876 922 942 δυσσεϐὲς,
955 877 1194 949 ῆρεσκόν
1224 895 1283 930 τε
1313 877 1403 932 διὰ
1430 876 1605 932 ταῦτα
1624 876 1764 947 Θεῷ.
1795 878 1859 930 Τί
1885 875 1979 933 οὖν

350 969 380 1020 6
404 969 729 1042 ἀλιτήριος;
768 968 1210 1040 ’Δπαμφιέννυσι
1234 968 1333 1040 τὴν
1365 967 1558 1040 ὀργὴν,
1590 968 1684 1022 καὶ
1717 969 1845 1033 τοὺς
1878 972 1979 1040 τῆς

254 1064 257 1067 ’
298 1042 329 1054 θ
351 1062 712 1132 ἀνοσιότητος
740 1062 978 1132 τρόπους
1009 1063 1393 1132 ἀναισχυντεῖν
1433 1059 1741 1114 ἀναπείθει.
1773 1079 1791 1111 ι
1832 1061 1960 1113 Συν·

2083 1072 2233 1130 runt,
2263 1082 2369 1137 qua
2396 1066 2464 1121 de
2489 1082 2653 1122 causa
2678 1076 2734 1123 et
2760 1070 2872 1124 Deo
2903 1042 3251 1141 placuerunt.
3278 1042 3349 1127 At
3376 1042 3510 1143 quid
3544 1082 3685 1129 teter

349 1155 515 1221 ἔταξε
550 1156 664 1231 γὰρ
707 1154 912 1228 Φαραὼ
947 1154 1113 1211 παντὶ
1142 1154 1219 1226 τῷ
1249 1154 1364 1226 λαῷ
1412 1153 1575 1209 αὑτοῦ
1618 1153 1817 1223 λέγων·
1865 1155 1960 1207 Πᾶτ

2083 1157 2186 1214 istc
2212 1159 2513 1230 tyrannus?
2549 1161 2916 1217 Excandescit
2944 1163 3045 1228 ira,
3074 1172 3132 1218 et
3160 1164 3456 1220 inusitatos
3486 1164 3685 1221 crude-

350 1249 551 1320 ἄρσεν,
587 1249 618 1303 6
655 1249 722 1304 ἂν
776 1248 939 1321 τεχθῇ
980 1250 1092 1313 τοῖς
1138 1247 1437 1321 Ἑϐραίοις,
1478 1249 1559 1313 εἰς
1592 1246 1685 1302 τὸν
1735 1246 1960 1319 ποταμὸε

2080 1251 2259 1307 litatis
2296 1253 2490 1309 modos
2534 1253 2719 1309 animo
2746 1255 3010 1326 concipit.
3042 1256 3125 1311 lta
3148 1257 3298 1312 enim
3337 1258 3415 1312 ait
3457 1265 3680 1311 textus:

349 1342 580 1412 ῥίψατε,
612 1343 710 1398 καὶ
739 1344 847 1397 πᾶν
874 1343 1009 1415 θῆλυ
1044 1340 1365 1411 ζωογονείτε
1402 1342 1552 1395 αὐτό.
1590 1360 1605 1393 ι

2091 1363 2110 1395 ι
2140 1345 2412 1417 Prmcepit
2436 1356 2621 1402 autem
2648 1348 2865 1404 Pharao
2888 1349 3038 1403 omni
3066 1350 3270 1420 populo
3295 1366 3417 1415 suo,
3446 1350 3637 1406 dicens
3664 1366 3679 1403 :

346 1432 593 1490 Omnem
624 1434 934 1490 masculum
971 1433 1066 1504 qui
1098 1441 1264 1489 natus
1297 1432 1469 1488 fuerit
1518 1430 1785 1497 Hebraeis,
1844 1430 1903 1485 in
1962 1429 2168 1489 flumen
2215 1436 2492 1507 proji’cite,
2531 1445 2588 1493 et
2653 1453 2875 1494 omnem
2916 1438 3194 1495 femellam
3240 1440 3294 1495 in
3337 1439 3448 1494 vita
3496 1454 3679 1495 reser-

2083 896 2199 936 rem
2257 883 2524 952 proclive,
2565 883 2794 954 legeque
2850 895 3064 942 naturae
3107 887 3445 943 diminutum
3488 903 3682 960 genus.

2084 972 2155 1028 At
2172 989 2304 1028 vero
2325 974 2655 1031 obstetrices
2677 976 2888 1031 crudeli
2913 977 3098 1034 edicto
3119 995 3467 1051 nequaquam
3488 996 3686 1050 parue-

348 1535 477 1582 vate
511 1526 549 1558 ³⁸
564 1517 606 1575 ὀ
623 1546 639 1579 ι

422 1627 495 1689 γ’.
533 1620 673 1674 Ἀλλ’
700 1617 943 1674 ἱστάσθω
961 1618 1061 1691 μὲν
1078 1619 1136 1672 ὲν
1156 1615 1331 1689 τούτῳ
1345 1618 1444 1689 τῆς
1478 1618 1720 1688 ἱστορίας
1746 1620 1771 1671 6
1787 1618 1966 1686 λόγος.

342 1713 662 1784 Φρέιξωμεν
691 1713 748 1766 δὲ
782 1713 909 1783 ἤδη,
938 1714 1049 1775 τοῖς
1073 1711 1333 1765 ἐσωτάτω
1354 1710 1708 1783 θεωρήμασιν
1736 1712 1971 1775 ἐνιέντες

2149 1619 2203 1673 5.
2246 1619 2425 1691 Atque
2466 1620 2521 1675 in
2552 1620 2641 1675 his
2669 1620 2895 1691 quidem
2932 1620 3168 1677 historia
3202 1620 3489 1676 subsistat.
3521 1622 3679 1679 Nunc

2077 1711 2145 1765 ad
2184 1711 2497 1768 intimiores
2534 1712 2897 1785 c0gitationes
2936 1721 3179 1769 mentem
3213 1713 3492 1784 erigentes
3528 1714 3678 1770 dicao

341 1806 440 1859 τὸν
466 1805 619 1870 νοῦν,
652 1806 756 1871 ὅτι,
778 1805 879 1877 τῆς
906 1803 1201 1876 ἀνθρώπου
1227 1803 1464 1868 διανοίας
1494 1804 1823 1876 ἐγκειμένης
1852 1808 1960 1859 ἐπι-

2079 1818 2230 1869 mus;
2264 1802 2412 1873 quod
2449 1819 2574 1858 cum
2616 1819 2772 1859 mens
2806 1804 3051 1860 hominis
3076 1805 3145 1859 ab
3166 1805 3535 1862 adolescentia
3577 1821 3676 1862 sua

347 1899 536 1971 pem;
569 1900 664 1953 ἐπὶ
692 1898 765 1952 τά
798 1898 1012 1970 πονηρὰ
1051 1898 1117 1950 ὲκ
1144 1896 1397 1968 νεότητος
1428 1897 1617 1961 αὐτοῦ,
1652 1898 1830 1969 ἐνδείᾳ
1859 1898 1997 1952 τῶν·

341 1990 563 2045 ἄνωθεν
606 1988 852 2059 ἀγαθῶν,
905 1990 1074 2054 ἆπαν,
1114 1987 1190 2052 ὡς
1222 1987 1353 2054 ἔπος
1377 1991 1573 2053 εἰπεῖν,
1614 1988 1674 2041 τὸ
1720 1988 1813 2042 ἐπὶ
1862 1990 1967 2061 γῆς

340 2083 644 2155 ἐφθείρετο
673 2082 853 2152 γένος,
879 2082 976 2135 καὶ
1000 2080 1159 2153 λιμὸς
1183 2074 1271 2134 οἷά
1294 2099 1375 2145 τις
1395 2081 1504 2135 τῶν
1526 2082 1793 2155 οὐρανίων
1817 2083 1964 2153 ἡμᾶς

340 2176 720 2232 κατεδὸσκετο
757 2176 1124 2247 μαθημάτων,
1161 2175 1414 2248 καθάπερ
1458 2176 1654 2246 ἀμέλει
1686 2176 1965 2250 καταθρή-

340 2288 554 2340 σαιμεν
585 2268 653 2323 ἂν
694 2270 788 2324 καὶ
817 2268 909 2323 τὸν
944 2269 1021 2333 ὼς
1050 2270 1108 2322 ἐν
1140 2268 1299 2341 τύπῳ
1329 2268 1654 2340 παραϐολῆς
1680 2269 1962 2341 γραφόμεο

340 2380 435 2417 νον
470 2364 708 2428 ἄσωτον,
734 2361 910 2433 ὅςτὴν
938 2362 1200 2436 πατρῴαν
1228 2363 1419 2417 οὐσίαν
1444 2367 1501 2418 ἐν
1520 2362 1796 2436 ἀλλοδαπῇ
1826 2380 1962 2418 κατ-

339 2454 632 2524 εδὴδοκεν,
664 2454 936 2527 ἐπεθύμει
948 2472 1010 2510 τε
1026 2454 1399 2527 χορτασθῆναι
1421 2456 1531 2510 τῶν
1552 2455 1826 2529 κερατίων
1864 2449 1963 2529 [ὧν

339 2546 563 2622 ῆσθιον]
603 2550 651 2601 oi
691 2552 887 2621 χοῖροι.
938 2548 1211 2623 Ταύτητοι
1241 2549 1814 2623 προσδεδραμήκαμεν
1848 2552 1963 2612 τοῖς

338 2638 772 2710 γεωδεστέροις,
796 2639 1029 2708 ἀφέντες
1056 2640 1119 2693 τὸ
1135 2639 1363 2711 ἄμεινον
1384 2641 1480 2696 καί⁸
1497 2641 1557 2695 τὸ
1580 2641 1691 2696 δεῖν
1710 2641 1962 2712 ἐφίεσθαι

338 2729 455 2784 τῶν
473 2730 968 2802 λυσιτελεστέρων,
987 2731 1057 2786 δι’
1072 2725 1146 2787 ὧν
1161 2728 1226 2805 ἦν
1240 2733 1388 2799 είκδς
1404 2735 1695 2806 εὐμενείας
1705 2735 1805 2806 τῆς
1821 2735 1935 2790 ἄνω
1947 2767 1961 2775 -

339 2821 438 2877 θεν
470 2824 573 2894 οὐχ
610 2824 902 2897 ἁμαρτεῖν,
938 2824 1031 2878 καὶ
1058 2825 1372 2896 οἰκειότητα
1413 2826 1513 2897 τὴν
1542 2826 1616 2890 ὠς
1648 2827 1787 2898 πρὸς
1826 2825 1961 2881 Θεὸν

338 2915 722 2982 πλουτοῦντας
756 2916 1014 2990 ὁρᾶσθαι.
1055 2917 1490 2991 Διωλισθηκότες
1529 2918 1594 2992 δὴ
1627 2916 1720 2974 οὖν
1758 2919 1959 2983 παντὸς

335 3008 439 3063 τοῦ
482 3009 702 3080 ἀνέχειν
748 3011 1026 3081 ἰσχύοντος
1066 3011 1149 3077 είς
1182 3028 1247 3081 γε
1294 3013 1356 3066 τὸ
1400 3009 1460 3067 εὖ
1502 3009 1644 3068 εἶναι
1690 3015 1785 3069 καὶ
1821 3012 1962 3083 μετὰ

337 3101 514 3167 Θεοῦ,
549 3104 759 3176 ταμίαν
795 3105 895 3177 μὲν
929 3106 1114 3159 οὐκέτι
1143 3104 1254 3159 τῶν
1286 3104 1408 3160 καθ’
1444 3108 1592 3179 ἡμᾶς
1624 3107 1960 3177 ἐποιούμεθα

2071 1914 2245 1968 prona
2271 1899 2342 1953 sit
2364 1899 2431 1954 ad
2462 1899 2666 1954 malum
2692 1900 2762 1955 ob
2795 1900 3159 1971 indigentiam
3186 1915 3553 1971 supernorum
3579 1901 3678 1956 bo-

2069 2008 2267 2047 norum
2294 1992 2361 2058 5’,
2396 2000 2597 2057 totum,
2640 2002 2701 2048 ut
2748 2009 2858 2049 uno
2898 1992 3073 2049 verbo
3116 1993 3319 2059 dicam,
3356 1993 3674 2050 mortalium

2067 2099 2244 2154 genus
2272 2092 2597 2155 corruptum
2635 2084 2760 2148 fuit,
2790 2101 2854 2140 ac
2876 2085 3050 2140 veluti
3079 2084 3251 2140 fames
3278 2084 3529 2155 qumdam
3558 2100 3673 2141 cm-

2067 2175 2223 2230 lcstis
2262 2175 2533 2231 doctrinae
2570 2191 2674 2231 nos
2703 2176 2931 2246 depasta
2959 2185 3065 2243 est,
3091 2176 3558 2248 quemadmodum
3580 2193 3677 2233 ex-

2066 2283 2259 2338 presse
2308 2268 2499 2323 vidcre
2545 2284 2865 2339 possumus,
2902 2269 3077 2325 veluti
3118 2268 3176 2323 in
3226 2276 3356 2340 typo
3398 2268 3674 2339 parabolae

2064 2358 2349 2430 depictum
2393 2358 2710 2431 prodigum,
2768 2359 2898 2431 quia
2937 2358 3585 2434 paternisfacultatihus
3615 2359 3673 2415 in

2063 2460 2296 2507 externa
2340 2452 2565 2524 regione
2617 2453 2956 2524 dilapidatis,
2996 2452 3215 2523 siliquis
3262 2452 3468 2522 quibus
3514 2453 3672 2523 porci

2062 2546 2458 2617 pascebantur,
2501 2547 2740 2601 saturari
2785 2546 3046 2617 cupiebat
3073 2546 3141 2600 ⁵³.
3182 2544 3423 2616 Ideoque
3457 2546 3528 2600 ad
3565 2554 3677 2601 ter-

2064 2649 2199 2694 rena
2222 2637 2600 2711 confugimus,
2630 2637 2831 2693 relicto
2857 2654 2924 2693 co
2959 2638 3108 2711 quod
3145 2646 3268 2693 erat
3299 2638 3520 2705 melius,
3543 2654 3673 2694 eum

2063 2730 2250 2801 potius
2294 2730 2687 2786 debuissemus
2735 2731 2957 2786 utiliora
3004 2730 3359 2801 expetivisse,
3407 2746 3507 2802 per
3549 2747 3674 2803 qua

2062 2830 2212 2877 certe
2251 2839 2539 2894 nunquam
2582 2839 2827 2894 superno
2860 2823 3050 2879 favore
3092 2824 3516 2890 excidissemus,
3557 2826 3673 2881 imo

2061 2930 2195 2971 vero
2234 2915 2332 2970 Dei
2378 2914 2678 2970 amicitiam
2724 2915 2965 2971 ubertim
3009 2916 3296 2973 consecuti
3343 2915 3666 2974 fuissemus.

2062 3005 2227 3077 Lapsi
2272 3007 2440 3078 igitur
2484 3007 2554 3062 ab
2598 3007 2689 3072 iis,
2717 3023 2841 3079 qua:
2881 3023 2984 3062 nos
3019 3008 3077 3062 in
3113 3007 3259 3063 bono
3294 3008 3667 3076 continerent,

2062 3101 2288 3172 Deoque
2365 3102 2666 3167 satiarent,
2718 3101 2815 3172 qui
2876 3108 3070 3172 suapte
3134 3110 3335 3155 natura
3411 3116 3479 3156 ac
3537 3117 3669 3158 vere

336 3196 437 3249 τὸν
486 3194 651 3266 φύσει
694 3215 755 3251 τε
802 3197 900 3251 καὶ
948 3197 1169 3270 ἀληθῶς
1218 3199 1350 3254 ὄντα
1397 3199 1699 3272 Δεσπότην.
1747 3201 1857 3272 Γῆς
1901 3201 1957 3256 δὲ

2066 3192 2334 3248 Dominus
2392 3201 2515 3260 est,
2562 3209 2676 3249 non
2723 3193 2965 3263 amplius
3011 3203 3299 3249 auctorem
3346 3200 3668 3249 nostrorum

335 3287 539 3362 ὥσπερ
562 3290 748 3358 ἁγίας,
782 3290 880 3361 τῆς
904 3289 1152 3360 φιλοθέου
1178 3288 1328 3361 ζωῆς
1351 3292 1827 3365 ἐκκεχωρηκότες,
1865 3293 1956 3346 καὶ

337 3382 426 3445 εἰς
475 3382 580 3453 τὴν
629 3382 831 3455 αἰσχίω
865 3399 924 3435 τε
972 3383 1069 3436 καὶ
1112 3382 1541 3456 ἀκαλλεστέραν,
1592 3385 1690 3438 καὶ⁵
1730 3384 1836 3437 ὑπὸ
1880 3384 1958 3455 τῷ

333 3472 583 3543 διαϐόλῳ
616 3474 879 3546 κειμένην
913 3475 1199 3547 μονονουχὶ
1237 3475 1716 3548 κατεῤῥυηκότες,
1771 3477 1830 3530 ὲν
1858 3477 1958 3547 ἴσῳ

336 3567 656 3641 γεγόναμεν
698 3571 810 3632 τοῖς
838 3569 904 3621 ὲκ
931 3567 1155 3623 Χαναὰν
1197 3569 1611 3640 κατοιχομένοις
1661 3571 1742 3634 εἰς
1784 3569 1955 3639 Δίγυ-

337 3677 506 3722 πτον,
565 3660 663 3714 καὶ
714 3660 821 3714 ὑπὸ
853 3662 1013 3732 χεῖρα
1044 3660 1449 3739 γεγενημένοις
1498 3662 1599 3739 τὴν
1646 3661 1849 3739 Φαραώ
1895 3679 1956 3715 τε

336 3752 442 3808 καὶ
472 3753 814 3822 Αἰγυπτίων,
855 3753 905 3807 οἳ
934 3736 1054 3817 ταῖς
1087 3752 1197 3808 τῶν
1227 3752 1522 3819 δαιμονίων
1553 3736 1832 3824 λατρείαις
1865 3755 1958 3809 ὲκ-

335 3844 531 3910 τόπως
581 3846 938 3917 ἐγκείμενοι,
985 3846 1080 3900 καὶ
1130 3846 1241 3900 πᾶν
1288 3840 1429 3909 εἶδος
1480 3845 1818 3917 φαυλότητος
1855 3846 1957 3900 οὐκ

335 3935 769 4007 ἀνεπιτήδευτον
808 3936 1022 4007 ἔχοντες
1044 3975 1058 4000 ,
1091 3934 1480 4006 παραδείξειαν
1503 3936 1569 3992 ἂν
1592 3937 1668 4001 ὼς
1697 3939 1756 3992 ὲν
1785 3938 1955 3993 είκόνι

334 4025 532 4078 λοιπὸν
565 4027 624 4078 ὲν
645 4025 861 4092 ἑαυτοῖς
887 4027 1052 4082 αὐτόν
1083 4045 1143 4081 τε
1169 4026 1260 4081 τὸν
1286 4029 1553 4091 Σατανᾶν,
1584 4030 1678 4083 καὶ
1705 4030 1832 4094 τοὺς
1862 4030 1955 4084 ὑπ’

335 4115 499 4188 αὐτῷ
518 4157 533 4179 ,
564 4116 660 4182 οὓς
689 4119 786 4173 καλ.
814 4119 973 4182 θεοὺς
1004 4118 1282 4191 ἐνόμιζον,
1314 4120 1825 4193 ὲκκεκρουσμένους
1855 4121 1955 4192 μὲν

334 4207 446 4281 τῆς
470 4209 707 4283 ἀρίστης
744 4213 1062 4284 φρονήσεως
1083 4253 1099 4277 ,
1134 4212 1305 4283 ἀχλύν
1332 4230 1392 4266 τε
1424 4215 1521 4268 καὶ
1554 4214 1744 4268 σκότον
1772 4214 1864 4269 τὸν
1896 4214 1955 4280 ἐξ

334 4301 621 4369 ἁμαθείας
670 4302 1119 4376 ὴρρωστηκότες.
1172 4304 1391 4378 Ἐπειδὴ
1439 4304 1496 4358 δὲ
1524 4304 1629 4358 ὑπὸ
1666 4304 1824 4375 δεινῷ
1858 4305 1954 4359 καὶ

334 4392 612 4465 ἀλιτηρίῳ
640 4393 878 4467 δεσπότῃ
911 4397 1243 4467 γεγόναμεν,
1291 4396 1437 4467 φημὶ
1478 4396 1541 4457 δὴ
1577 4397 1655 4468 τῷ
1698 4398 1913 4469 Σατανᾷ
1936 4439 1950 4462 ,

333 4483 507 4557 πηλῷ
554 4487 648 4540 καὶ
704 4485 958 4559 πλινθείᾳ
1006 4488 1498 4560 κατετρυχόμεθα,
1538 4490 1683 4561 φημὶ
1731 4489 1795 4563 δὴ
1841 4493 1954 4554 τοῖς

2064 3288 2341 3344 bonorum
2422 3287 2769 3359 agnovimus.
2844 3284 2953 3349 Sed
3034 3301 3160 3341 cum
3245 3285 3669 3341 discesserimus

2064 3396 2133 3436 ex
2174 3381 2264 3451 pia
2323 3380 2473 3445 vita,
2536 3389 2801 3450 tanquam
2861 3394 2932 3434 ex
2994 3386 3148 3434 terra
3220 3388 3440 3445 sancta,
3501 3378 3667 3451 247

2064 3481 2121 3528 et
2165 3473 2221 3528 in
2253 3473 2544 3529 foediorem
2598 3473 3018 3542 tetrioremque,
3053 3486 3175 3541 quae
3215 3470 3437 3526 diabolo
3485 3482 3664 3543 paret,

2065 3565 2222 3637 quasi
2262 3566 2474 3621 detrusi
2497 3564 2788 3630 fuerimus,
2818 3573 2948 3621 tunc
2999 3563 3111 3619 illis
3154 3563 3367 3620 similes
3407 3563 3535 3619 facti
3568 3580 3664 3619 su—

2064 3673 2210 3722 ntus,
2236 3657 2332 3728 qui
2370 3672 2438 3711 ex
2467 3656 2726 3713 Chanaan
2775 3657 2830 3711 in
2854 3654 3153 3728 Egyptum
3204 3656 3662 3727 commigrarunt,

2064 3760 2119 3806 et
2143 3751 2449 3807 Pharaonis
2482 3749 2979 3822 {Egyptiorumque
3014 3750 3281 3821 potestati
3315 3749 3571 3821 subjecti,
3609 3756 3667 3805 et

2064 3844 2309 3899 cultibus
2354 3843 2648 3898 diabolicis
2675 3844 2882 3898 mirum
2932 3844 2991 3900 in
3023 3844 3251 3922 modum
3295 3843 3496 3909 dediti,
3532 3842 3664 3899 nul—

2062 3936 2290 4008 lumque
2322 3936 2516 4010 ﬂagitii
2552 3953 2728 4010 genus
2749 3936 3264 4007 praetermittentes,
3302 3944 3568 4007 tanquam
3605 3936 3662 3994 in

2064 4026 2304 4099 imagine
2334 4043 2446 4098 pra:
2478 4041 2535 4083 se
2564 4028 2754 4083 ferunt
2781 4028 2964 4097 ipsum
2995 4026 3255 4097 Sa,tauam
3276 4028 3507 4099 ejusque
3555 4027 3661 4083 mi-

2062 4123 2290 4185 nistros,
2325 4136 2466 4190 quos
2492 4128 2549 4175 et
2580 4119 2718 4177 deos
2747 4121 3154 4186 existimarunt,
3195 4120 3267 4176 ab
3307 4121 3517 4191 optima
3541 4120 3664 4192 qui-

2063 4210 2189 4266 dem
2212 4211 2547 4283 cogitatione
2591 4212 2831 4284 depulsi,
2872 4213 3107 4285 caligine
3132 4228 3268 4269 vero
3321 4229 3387 4269 ac
3416 4213 3664 4270 tenebris

2063 4302 2391 4375 ignorantiae
2438 4302 2746 4373 praepediti.
2791 4303 3091 4373 Postquam
3113 4309 3299 4357 autem
3324 4303 3465 4358 duro
3493 4310 3661 4374 atque

2060 4394 2270 4450 exitiali
2299 4393 2546 4459 domino,
2578 4393 2815 4459 Satanae,
2847 4396 3094 4466 inquam,
3136 4394 3372 4466 subjecti
3415 4395 3656 4464 fuimus,

2064 4493 2178 4540 tum
2203 4486 2320 4541 luto
2344 4501 2409 4541 ac
2433 4485 2705 4541 lateribus
2725 4502 2917 4543 sumus
2938 4488 3145 4554 vexati,
3196 4489 3304 4544 hoc
3318 4496 3425 4555 est,
3478 4497 3658 4547 terre-

333 4581 472 4652 περὶ
506 4579 614 4650 γῆν
656 4598 715 4634 τε
757 4581 853 4635 καὶ
890 4584 1005 4645 τοῖς
1039 4580 1097 4634 ὲν
1123 4581 1263 4653 αὐτῇ
1309 4580 1737 4654 βδελυρωτάτοις
1785 4598 1952 4637 σπου-

2066 4578 2148 4634 nis
2176 4588 2343 4652 atque
2371 4579 2839 4635 abominabilibus
2860 4580 3146 4651 operibus,
3171 4597 3294 4651 quae
3314 4598 3427 4638 non
3447 4582 3656 4657 absque

333 4672 618 4742 δάσμασιν
646 4673 749 4726 οὐκ
780 4674 1043 4746 ἀνιδρωτὶ
1075 4674 1450 4746 τελουμένοις.
1500 4674 1575 4728 Οὐ
1622 4674 1732 4747 γὰρ
1769 4675 1951 4747 ἀπήλ-

332 4764 541 4819 λακται
573 4765 775 4830 πόνων,
816 4765 921 4820 κᾶν
957 4766 1007 4819 εί
1039 4766 1101 4820 τὸ
1132 4767 1341 4820 εἰκαῖον
1365 4766 1479 4839 ἔχοι
1512 4768 1698 4838 τυχὸν,
1722 4768 1750 4820 6
1791 4767 1950 4822 τοῦδε

330 4854 433 4909 τοῦ
478 4853 599 4926 βίου
647 4855 1057 4928 περισπασμός.
1127 4855 1457 4921 Ἐπιστάτας
1495 4856 1550 4910 δὲ
1599 4856 1789 4931 ὥσπερ
1843 4857 1952 4911 τῶν

331 4947 523 5018 ἔργων
550 4946 659 5002 τῶν
689 4948 771 5001 ὃτι
817 4949 1055 5020 μάλιστα
1087 4949 1361 5017 φιλτάτων
1391 4949 1540 5021 αὐτῷ
1574 4950 1954 5022 κατεχειροτό-

332 5056 475 5111 νησε
511 5039 623 5094 τῶν
657 5040 1037 5125 ἀδικουμένων
1072 5043 1101 5096 6
1150 5042 1398 5107 Σατανᾶς
1439 5044 1565 5106 τοὺς
1606 5043 1954 5116 ἀκαθάρτους

332 5131 643 5204 δαίμονας,
680 5133 801 5205 ῆτοι
833 5134 931 5199 τὰς
964 5132 1058 5188 ὑπ’
1103 5134 1257 5207 αὐτῷ
1288 5134 1576 5205 δυνάμεις,
1616 5135 1666 5188 οἳ
1701 5136 1821 5199 ταῖς
1852 5153 1953 5190 πο-

332 5225 637 5298 λυτρόποις
671 5225 783 5279 τῶν
824 5224 1016 5281 παθῶν
1052 5225 1392 5292 πλεονεξίαις
1431 5227 1524 5281 τὸν
1569 5227 1803 5281 ἑκάστου
1846 5226 1954 5281 τῶν

331 5319 435 5374 ἐπὶ
474 5318 578 5389 τῆς
623 5318 732 5387 γῆς
779 5318 1243 5392 καταφορτίζουσι
1275 5319 1423 5385 νοῦν,
1456 5320 1691 5384 δεδιότες
1713 5360 1727 5383 ,
1762 5316 1951 5391 οἶμαι,

334 5415 421 5488 μὴ
446 5414 558 5485 ἄρα
584 5430 691 5465 που
722 5414 970 5484 σχολαῖον
993 5413 1094 5485 τῆς
1120 5414 1362 5478 διανοίας
1386 5414 1479 5468 τὸν
1500 5411 1780 5485 ὀφθαλμὸν
1808 5414 1955 5469 ἀνέν·

329 5526 433 5574 τες
468 5507 608 5581 πρὸς
630 5508 786 5573 Θεὸν,
815 5508 915 5580 τῆς
949 5507 1040 5561 ὑπ’
1075 5507 1225 5580 αὐτῷ
1263 5508 1512 5573 δουλείας
1542 5508 1832 5563 ὲκλύσειαν
1862 5508 1953 5563 τὸν

332 5596 569 5669 αὐχένα*
614 5595 980 5669 φιλελευθὲρα
1022 5599 1133 5671 γὰρ
1173 5599 1296 5653 λίαν
1342 5600 1375 5670 ἡ
1425 5598 1718 5672 ἀνθρώπου
1768 5599 1951 5668 φύσις.

333 5688 470 5745 Ὅτι
507 5690 565 5744 δὲ
597 5689 727 5757 δόξα
778 5690 872 5745 καὶ
906 5690 1138 5756 πλοῦτος
1183 5693 1294 5756 τοῖς
1345 5693 1683 5765 ἀκαθάρτοις
1730 5691 1952 5763 δαίμοσι

414 5868 458 5901 ⁸⁸
488 5867 690 5924 ‘Exod.
725 5880 768 5935 l,
809 5871 901 5926 2‘2.
979 5872 1025 5904 "
1059 5871 1198 5929 Gen.
1241 5891 1357 5943 vm,
1389 5875 1453 5931 21

1561 5876 1608 5908 ⁵⁸
1641 5875 1780 5937 Luc.
1823 5892 1914 5932 xv.
1952 5877 2042 5933 16.

2059 4673 2260 4729 sudore
2298 4682 2664 4745 peraguntur.
2691 4674 2881 4746 Neque
2910 4674 3059 4730 enim
3088 4675 3279 4732 liberae
3306 4685 3435 4732 sunt
3497 4693 3528 4732 a
3572 4677 3657 4733 la-

2058 4765 2313 4833 boribus,
2342 4767 2562 4823 etiamsi
2595 4783 2748 4823 vanae
2769 4767 2902 4832 sint,
2932 4767 3100 4838 hujus
3122 4765 3317 4822 mundi
3341 4767 3660 4838 occupatio-

2054 4875 2174 4914 nes.
2201 4860 2375 4916 Porro
2399 4858 2630 4916 Satanas
2646 4860 2834 4932 posuit
2853 4860 3073 4919 afﬂictis
3094 4859 3389 4930 praefectos
3400 4874 3656 4930 operum,

2056 4969 2179 5023 quae
2214 4952 2319 5023 ipsi
2352 4952 2626 5024 imprimis
2667 4961 2821 5025 grata
2859 4959 3011 5019 sunt,
3074 4953 3322 5023 impuros
3378 4951 3660 5009 daemones

2056 5046 2171 5101 sive
2202 5054 2509 5116 potestates
2557 5044 2663 5116 ipsi
2712 5045 2983 5111 subditas,
3023 5044 3120 5116 qui
3168 5045 3461 5115 multiplici
3515 5044 3659 5102 allii-

2056 5140 2305 5196 ctionum
2326 5140 2401 5206 vi,
2428 5141 2868 5213 uniuscujusque
2897 5142 3216 5197 mortalium
3255 5151 3496 5196 mentem
3525 5157 3660 5200 one-

2058 5244 2270 5302 rarent,
2310 5237 2499 5303 veriti,
2533 5244 2596 5290 ut
2619 5237 2883 5299 arbitror,
2926 5235 3223 5306 nequando
3246 5235 3427 5292 otioso
3457 5236 3659 5295 mentis

2056 5327 2225 5399 oculo
2255 5326 2311 5381 in
2337 5327 2512 5381 Deum
2538 5336 2731 5383 erecto
2773 5326 3060 5384 servitutis
3099 5328 3292 5399 jugum
3344 5327 3659 5383 cervicibus

2056 5420 2175 5477 suis
2206 5428 2552 5476 excuterem.
2581 5420 2839 5478 Studiosa
2864 5423 3014 5478 enim
3050 5421 3414 5477 vehementer
3458 5429 3546 5475 est
3584 5418 3655 5473 li-

2057 5513 2293 5570 bertatis
2344 5514 2587 5570 humana
2632 5531 2811 5571 mens.
2844 5515 3005 5582 Quod
3037 5530 3171 5570 vero
3204 5513 3457 5575 Satanas,
3482 5520 3657 5580 atque

2058 5607 2263 5679 impuri
2292 5609 2523 5679 spiritus
2550 5626 2654 5680 pro
2685 5610 2862 5681 gloria
2889 5626 2955 5666 ac
2980 5608 3196 5666 divitiis
3220 5606 3462 5662 habeant
3488 5616 3658 5658 vanas

2057 5712 2278 5758 nostras
2294 5704 2715 5775 occupationes,
2767 5713 2825 5761 et
2854 5704 3079 5761 labores
3129 5702 3278 5758 circa
3313 5710 3560 5761 carnem,
3595 5703 3662 5752 et
