4060 6496
487 419 585 476 591

1526 418 1583 472 S.
1622 414 1897 473 CYRlLLl
1935 412 2405 470 ALEXANDRINI
2445 415 2761 473 ARCHIEP.

3639 420 3737 477 392

491 546 838 594 terrenarum
879 552 1062 593 rerum
1113 550 1341 602 curam;
1409 534 1641 607 ﬁgurate
1693 532 1965 606 signiﬁcat
2008 532 2058 588 id

2168 532 2263 586 καὶ
2289 531 2441 604 αὐτῷ
2461 533 2539 604 τῷ
2556 534 2770 605 Σατανᾷ
2798 533 3106 603 λελόγισται
3127 550 3185 586 τε
3208 532 3302 586 καὶ
3329 532 3474 586 ἐστιν
3494 534 3523 587 ό
3546 534 3737 599 εἰκαῖος

487 628 634 699 quod
678 629 938 685 lsraelitae
964 630 1081 683 luto
1105 644 1169 684 ac
1206 627 1475 683 lateribus
1506 627 1809 699 coquendis
1858 628 2064 695 vexati,

487 721 739 777 civitates
765 729 1056 776 exstruunt
1081 720 1351 776 Pharaoni
1388 738 1401 774 :
1429 721 1578 791 quod
1602 735 1736 776 vero
1756 720 1933 776 odiosi
1963 720 2067 791 ipsi

486 817 600 869 sint
625 815 872 879 masculi,
896 814 1000 868 hoc
1024 822 1130 879 est,
1157 814 1252 885 qui
1305 814 1373 870 ad
1412 813 1791 869 fortitudinem
1835 823 2068 868 conten-

487 905 642 969 dunt,
672 913 939 959 vmutum
962 904 1247 959 nimirum.
1270 904 1680 976 Propemodum
1696 916 1879 960 autem
1901 905 2068 961 suﬁ‘o—

485 1001 573 1048 cat
596 1008 756 1048 omne
794 993 850 1048 id
874 994 1020 1064 quod
1043 994 1366 1050 bellicosum
1393 1002 1497 1060 est,
1516 995 1859 1065 voluptatum
1908 1010 2067 1050 caeno

486 1083 817 1156 immergens
865 1103 880 1139 :
919 1085 1161 1139 admittit
1181 1100 1315 1141 vero
1355 1085 1413 1140 id
1451 1084 1598 1156 quod
1623 1086 1849 1141 minime
1898 1086 2066 1141 robu-

483 1181 627 1228 stum
645 1183 748 1241 est,
777 1183 833 1230 et
858 1183 1120 1245 tanquam
1146 1176 1343 1232 inutile
1361 1177 1569 1247 absque
1596 1192 1779 1248 pugna
1813 1192 1914 1232 suo
1935 1179 2067 1249 jugo

481 1267 760 1337 subjiciat,
785 1284 897 1324 non
920 1269 1154 1325 obscure
1178 1269 1518 1325 demonstrat
1533 1270 1680 1340 quod
1704 1269 1839 1325 dicit
1854 1285 2068 1326 mascu-

482 1357 595 1412 lum
621 1364 677 1414 in
701 1375 900 1430 aquam
922 1359 1086 1431 abjici
1139 1359 1363 1420 debere.
1408 1360 1655 1416 femellas
1686 1368 1870 1415 autem
1913 1360 2067 1416 vivas

482 1452 804 1508 servandas.
848 1453 984 1508 Nam
1027 1452 1132 1507 ista
1184 1468 1307 1522 quae
1331 1453 1388 1509 in
1405 1454 1596 1509 oculos
1639 1460 1962 1518 occurrunt,
2002 1467 2067 1508 ac

481 1543 638 1612 quasi
666 1543 724 1596 in
744 1550 1042 1613 conspectu
1066 1550 1214 1607 sunt,
1238 1543 1349 1613 typi
1386 1551 1517 1598 sunt
1552 1558 1745 1598 eorum
1775 1559 1897 1613 quae
1938 1550 2068 1599 sunt

481 1633 804 1690 obscuriora
826 1635 1108 1707 magisque
1135 1644 1363 1693 remota.
1412 1634 1551 1690 Cum
1599 1635 1784 1706 itaque
1819 1651 1920 1691 nos
1952 1638 2065 1707 jam

481 1721 611 1778 inde
651 1739 682 1778 a
731 1725 926 1795 primis
958 1725 1284 1796 parentibus
1315 1725 1696 1781 laboraremus
1740 1734 1987 1797 peccato,
2010 1734 2068 1781 et

479 1813 755 1869 bonorum
788 1816 1091 1888 indigentia
1113 1817 1324 1888 gravati
1348 1831 1621 1883 essemus,
1661 1825 1826 1888 atque
1866 1818 2065 1873 immiti

2171 621 2327 692 ἡμῶν
2371 623 2791 696 περισπασμὸς,
2839 622 2933 677 καὶ
2976 623 3184 695 οἱπερὶ
3225 623 3401 694 σάρκα
3444 622 3626 688 πόνοι,
3651 627 3740 679 καὶ

2172 715 2377 787 σπουδὴ
2406 714 2677 786 βλέπουσα
2709 716 2842 786 πρὸς
2869 715 2940 769 τὰ
2966 715 3311 787 γεωδέστερα
3331 754 3345 776 ,
3374 714 3739 788 παραδείξειεν

2170 807 2236 861 ἂν
2265 808 2679 879 αἰνιγματωδῶς
2709 808 2770 862 τὸ
2803 807 2987 871 πόλεις
3018 807 3253 879 ἐγείρειν
3291 807 3369 879 τῷ
3406 804 3606 881 Φαραὼ
3634 811 3740 873 τοῖς

2170 897 2230 963 ἐξ
2268 899 2513 971 Ἰσραὴλ,
2572 897 2730 971 πηλῷ
2769 900 2867 956 καὶ
2910 900 3159 971 πλινθείᾳ
3197 900 3582 973 τρυχομένοις·
3614 916 3738 954 κατ-

2169 989 2500 1060 εστυγμένον
2525 1005 2585 1042 τε
2614 990 2696 1043 ὅτι
2727 993 2957 1043 ποιεῖται
2984 989 3043 1042 τὸ
3072 989 3545 1061 ἀρσεν,τουτέστι,
3574 991 3635 1045 τὸ
3661 1010 3743 1048 νε..

2168 1079 2361 1144 νευκός
2397 1083 2478 1144 εἰς
2518 1080 2791 1152 ἀνδρείαν,
2833 1082 2990 1152 δῆλον
3024 1082 3081 1134 δὲ
3117 1082 3201 1135 ὃτι
3237 1079 3336 1151 τὴν
3371 1079 3458 1133 ἐπ’
3506 1080 3738 1151 ἀρεταῖς.

2167 1172 2468 1243 Μονονουχί
2516 1173 2573 1226 δὲ
2615 1175 2709 1228 καὶ
2752 1173 3042 1242 ἀποπνίγει
3089 1173 3150 1226 τὸ
3197 1174 3439 1245 μάχιμον
3486 1174 3600 1235 τοῖς
3641 1172 3741 1225 τῶν

2168 1260 2369 1332 ἡδονῶν
2429 1261 2705 1331 ὲγκαθιεὶς
2750 1262 3046 1334 τέλμασιν,
3111 1262 3397 1335 προσίεται
3457 1261 3516 1315 δὲ
3570 1261 3630 1315 τὸ
3671 1262 3741 1334 μὴ

2169 1352 2453 1418 εὐσθενὲς,
2499 1354 2593 1407 καὶ
2634 1353 2710 1418 ὡς
2757 1356 3031 1427 ἄχρηστον
3060 1355 3266 1427 ἀμαχεὶ
3312 1356 3429 1418 τοῖς
3454 1354 3602 1418 ἰδίοις
3621 1355 3742 1408 ὐπο-

2170 1443 2322 1516 φέρει
2364 1444 2584 1514 ζυγοῖς,
2619 1444 2906 1511 έκδείξειεν
2936 1447 3037 1501 οὐκ
3072 1445 3409 1518 ἀσυμφανῶς
3453 1446 3515 1501 τὸ
3564 1446 3741 1518 ῥίπτε-

2170 1535 2292 1589 σθαι
2329 1536 2428 1608 μὲν
2458 1536 2569 1591 δεῖν
2599 1537 2659 1591 τὸ
2686 1539 2851 1610 ἄρσεν
2874 1539 2933 1592 ὲν
2957 1538 3112 1593 ὕδασι
3139 1538 3339 1608 λέγειν,
3371 1536 3742 1607 ζωογονεῖσθαι

2165 1625 2222 1679 δὲ
2246 1627 2305 1680 τὸ
2330 1625 2486 1697 θῆλυ.
2523 1626 2705 1692 Τύπος
2733 1628 2842 1700 γὰρ
2873 1629 2937 1684 ἂν
2965 1630 3206 1699 γένοιντο
3225 1629 3336 1684 τῶν
3369 1629 3742 1701 ἀφανεστέρων

2166 1720 2233 1772 τὰ
2258 1718 2333 1785 ὡς
2365 1722 2423 1773 ἑν
2448 1720 2568 1791 seu
2594 1737 2654 1774 τε
2682 1723 2777 1776 καὶ
2803 1723 3081 1794 ἐναργείᾳ.
3107 1721 3317 1778 Οὐκοῦν
3346 1722 3555 1777 ἄνωθέν
3576 1737 3630 1775 τε
3656 1723 3741 1775 καὶ

2166 1811 2232 1862 ὲκ
2270 1810 2523 1881 πατέρων
2574 1811 2997 1886 ὴρρωστηκότες
3047 1813 3149 1884 τὴν
3192 1812 3495 1885 ἁμαρτίαν,
3543 1812 3637 1866 καὶ
3677 1815 3738 1883 τῇ

479 1904 594 1961 fere
616 1906 796 1961 omnis
819 1907 1080 1978 nequitia:
1100 1908 1340 1980 principi
1369 1908 1668 1980 subjugati,
1721 1909 2058 1980 privatisque

2166 1899 2277 1954 τῶν
2307 1901 2527 1971 ἀγαθῶν
2559 1903 2737 1975 ἐνδείᾳ
2763 1903 3140 1976 πεπιεσμένοι,
3162 1904 3305 1974 τάχα
3337 1921 3443 1959 που
3473 1903 3565 1957 καὶ
3594 1903 3741 1957 ἀδου-

480 1997 809 2067 praasidibus
836 1999 1093 2070 subjecti,
1130 1999 1451 2066 immundis,
1478 2001 1724 2071 inquam,
1748 2002 2061 2071 spiritibus,

478 2094 642 2159 atque
667 2089 743 2143 ita
765 2089 834 2145 ad
866 2098 1170 2146 extremam
1201 2091 1571 2147 calamitatem
1594 2107 1685 2148 res
1708 2103 1909 2148 nostrae
1932 2108 2062 2164 per-

477 2177 779 2244 venissent,
840 2178 1006 2251 248
1050 2179 1302 2250 nihilque
1344 2179 1414 2234 ad
1461 2195 1729 2235 summam
1785 2181 2065 2238 miseriam

478 2277 645 2340 atque
696 2286 971 2327 aerumnas
1027 2271 1191 2343 adjici
1223 2279 1441 2343 posset,
1488 2273 1634 2328 Deus
1676 2273 1937 2330 misertus
1980 2282 2066 2329 est

479 2362 679 2427 nostri,
711 2362 1024 2433 eripuitque
1051 2379 1151 2420 nos
1172 2379 1237 2419 ac
1257 2363 1506 2419 salvavit.
1532 2363 1652 2431 Quo
1675 2374 1860 2420 autem
1875 2365 2060 2430 modo,

477 2466 579 2521 per
606 2468 672 2508 ea
710 2469 833 2523 quae
855 2454 1116 2525 deinceps
1155 2454 1510 2526 adjiciuntur,
1556 2456 1948 2528 intelligemus.
1986 2459 2063 2513 Ea

477 2543 625 2598 enim
651 2560 772 2615 quae
796 2546 863 2601 de
901 2546 1047 2602 Mose
1071 2548 1274 2617 scripta
1297 2554 1447 2612 sunt,
1479 2548 1536 2602 in
1562 2556 1750 2620 typum
1778 2565 1842 2604 ac
1880 2553 2060 2620 praeti-

477 2638 818 2707 gur‘ationem
837 2640 1029 2695 salutis
1057 2655 1179 2709 quae
1199 2639 1363 2695 nobis
1389 2654 1487 2711 per
1526 2639 1807 2696 Christum
1865 2642 2063 2699 collata

475 2735 580 2793 est,
622 2728 938 2785 aﬁ‘eremus.
1110 2728 1116 2732 ’

546 2913 597 2965 4.
632 2931 649 2964 ι
685 2911 813 2967 Fuit
834 2922 1017 2970 autem
1042 2916 1288 2986 quidam,
1316 2916 1746 2987 inquit,detribu
1783 2919 1938 2986 Levi,
1966 2924 2059 2994 qui

476 3006 687 3075 accepit
711 3021 939 3062 uxorem
981 3007 1049 3063 de
1084 3008 1302 3063 ﬁliabus
1333 3009 1487 3076 Levi,
1515 3020 1573 3067 et
1600 3011 1797 3068 habuit
1821 3030 1965 3080 eam,
2004 3024 2062 3070 et

475 3095 533 3151 in
563 3106 756 3153 ventre
783 3100 1056 3170 concepit,
1085 3107 1140 3155 et
1176 3102 1392 3171 peperit
1423 3102 1747 3164 masculum.
1797 3106 2062 3163 Videntes

474 3197 659 3244 autem
685 3190 839 3246 illum
864 3191 1191 3263 elegantem,
1215 3192 1626 3249 absconderant
1664 3196 1818 3251 illum
1851 3200 2060 3254 mensi-

474 3282 579 3337 bus
598 3281 794 3338 tribus.
820 3283 959 3351 Quia
985 3292 1167 3339 autem
1195 3300 1305 3340 non
1322 3293 1625 3357 potuerunt
1653 3288 1808 3343 illum
1825 3290 2061 3361 amplius

472 3373 834 3442 abscondere,
861 3377 1076 3447 accepit
1126 3377 1204 3431 illi
1231 3386 1409 3434 mater
1460 3379 1582 3451 ejus
1618 3380 1883 3437 ﬁscellam
1922 3386 2062 3438 scir-

471 3481 653 3536 peam,
678 3475 736 3523 et
761 3468 940 3523 linivit
964 3484 1086 3524 eam
1112 3469 1387 3526 bitumine
1407 3480 1463 3526 et
1510 3472 1654 3542 pice,
1685 3482 1742 3529 et
1799 3474 2063 3546 imposuit

471 3574 705 3628 puerum
729 3560 785 3615 in
809 3576 894 3627 ea,
920 3570 978 3616 et
1000 3564 1320 3632 posuiteam
1355 3563 1411 3617 in
1437 3565 1637 3634 palude
1656 3567 1808 3638 juxta
1832 3567 2057 3624 ﬁumen.

473 3652 541 3707 Et
585 3654 976 3724 speculabatur
1030 3670 1188 3711 soror
1228 3657 1349 3727 ejus
1403 3657 1471 3713 de
1500 3659 1661 3731 longe
1715 3671 1776 3716 ut
1824 3663 2062 3721 disceret

469 3744 604 3814 quid
625 3744 901 3800 accideret
920 3746 1019 3800 illi.
1046 3746 1343 3802 Descendit
1368 3757 1555 3805 autem
1589 3750 1701 3807 ﬁlia
1752 3752 2060 3815 Pharaonis

471 3838 826 3892 utlavaretur
844 3839 914 3893 ad
934 3838 1140 3894 ﬁumen
1167 3857 1179 3894 :
1206 3846 1263 3895 et
1283 3842 1497 3899 ancillae
1519 3845 1640 3916 ejus
1660 3848 2057 3917 gradiebantur

468 3943 638 3998 super
661 3927 884 3985 ﬁumen.
910 3930 979 3986 Et
1003 3931 1200 3987 videns
1222 3934 1463 3989 arculam
1486 3935 1552 4004 .in
1578 3939 1799 4008 palude,
1830 3944 2058 4001 mittens

470 4020 766 4086 ancillam,
823 4023 1039 4093 accepit
1096 4023 1267 4078 illam.
1317 4026 1591 4096 Aperiens
1638 4038 1826 4087 autem
1874 4039 2057 4095 cernit

469 4111 761 4182 parvulum
848 4115 1157 4184 vagientem
1231 4117 1288 4173 in
1380 4121 1603 4187 arcula,
1674 4130 1732 4179 et
1830 4129 2055 4187 miserta

467 4211 554 4259 est
596 4203 746 4260 illius
790 4205 898 4261 ﬁlia
952 4207 1274 4275 Pharaonis,
1317 4219 1374 4266 et
1397 4212 1534 4268 dixit
1570 4230 1583 4268 :
1623 4214 1701 4271 De
1749 4217 2055 4281 infantibus

468 4291 826 4349 Hebreorum
854 4296 963 4351 hic.
1011 4297 1081 4352 Et
1102 4298 1241 4354 dixit
1271 4315 1431 4356 soror
1452 4303 1614 4374 pueri
1656 4305 1782 4364 ﬁlice
1809 4309 2052 4369 Pharao-

466 4384 589 4442 nis:
620 4386 716 4443 Vis
737 4404 926 4444 vocem
989 4390 1089 4445 tibi
1116 4392 1406 4449 mulierem
1429 4410 1552 4465 quae
1580 4388 1789 4456 nutriat
1838 4419 1908 4458 ex
1946 4404 2054 4461 He-

466 4473 650 4539 bmis,
705 4482 763 4530 et
788 4475 1016 4532 lactabit
1058 4477 1161 4532 tibi
1199 4479 1577 4540 iniantulum?
1610 4487 1702 4542 Ait
1748 4498 1936 4547 autem
1970 4494 2050 4549 illi

2168 1993 2346 2065 λήτως
2374 1994 2425 2048 οἰ
2450 1994 2678 2060 τάλανες
2722 1994 2800 2067 τῷ
2828 1996 2926 2066 τῆς
2964 1996 3164 2059 κακίας
3206 1993 3496 2067 ἐξάρχοντι
3542 1994 3741 2065 Σατανᾷ

2167 2083 2615 2158 κατεζεύγμεθα,
2645 2088 2741 2142 καὶ
2770 2089 2884 2152 τοῖς
2920 2090 3020 2160 τῆς
3065 2086 3406 2159 φαυλότητος
3438 2086 3741 2148 ἐπιστάταις

2170 2179 2608 2251 ύπενηνέγμεθα,
2630 2178 2775 2253 φημὶ
2800 2179 2866 2253 δὴ
2891 2183 3003 2245 τοῖς
3025 2179 3362 2252 ἀκαθάρτοις
3389 2179 3627 2249 δαίμοσι,
3655 2178 3740 2233 καὶ

2166 2266 2237 2343 ἦν
2283 2273 2340 2325 ὲν
2371 2271 2571 2344 λοίσθῳ
2596 2272 2689 2326 τοῦ
2722 2272 2922 2337 παντὸς
2956 2272 3057 2344 ἤδη
3091 2271 3263 2326 κακοῦ
3307 2273 3381 2327 τά
3417 2271 3537 2325 καθ’
3568 2271 3737 2342 ἡμᾶς,

2167 2363 2543 2429 ἐκλελοιπότος
2586 2365 2798 2429 οὐδενὸς
2846 2366 2954 2419 τῶν
2998 2367 3080 2429 εἰς
3115 2364 3410 2443 ἀθλιότητα
3444 2365 3538 2417 καὶ
3567 2362 3738 2418 ταλαιι

2169 2455 2405 2527 πωρίαν,
2454 2456 2593 2530 πλὴν
2632 2457 2783 2528 ἠλέει
2817 2457 2952 2522 Θεὸς
2975 2499 2988 2524 ,
3025 2457 3261 2524 ὲξείλετό
3294 2474 3359 2511 τε
3397 2459 3492 2511 καὶ
3523 2458 3735 2509 σέσωκε.

2169 2549 2280 2602 Καὶ
2309 2548 2432 2602 τίνα
2458 2549 2523 2621 δὴ
2545 2550 2767 2620 τρόπον,
2792 2548 2880 2604 διὰ
2910 2549 3019 2603 τῶν
3043 2549 3243 2620 ἑφεξῆς
3265 2550 3366 2603 καὶ
3389 2547 3736 2621 παρεζευγμέσ

2168 2653 2275 2692 νων
2303 2638 2583 2709 εἰσόμεθα.
2621 2639 2968 2710 Παροίσομεν
3005 2640 3115 2712 γὰρ
3151 2641 3231 2704 εἰς
3260 2641 3452 2694 εἰκόνα
3498 2639 3588 2694 καὶ
3621 2639 3738 2690 ὑπο-

2161 2730 2405 2786 τύπωσιν
2433 2731 2532 2801 τῆς
2557 2730 2645 2785 διά
2674 2731 2913 2803 Χριστοῦ
2944 2733 3218 2804 σωτηρίας
3241 2732 3312 2787 τὰ
3339 2732 3435 2787 ἐπὶ
3464 2730 3737 2803 τῷιθεσπε-

2165 2825 2266 2896 σίῳ
2295 2825 2487 2879 Μωσεῖ
2516 2825 2903 2897 γεγραμμένα.

2235 2917 2295 2971 δ’.
2336 2935 2354 2968 ι
2396 2912 2507 2972 Ἦν
2543 2917 2600 2972 δέ
2642 2935 2728 2983 τις
2765 2918 2831 2972 ὲκ
2874 2917 2977 2989 τῆς
3028 2915 3200 2989 φυλῆς
3257 2916 3419 2981 Acut,
3457 2915 3515 2982 ὃς
3563 2912 3736 2969 ἔλασεν

2165 3008 2233 3063 ἐκ
2270 3008 2381 3063 τῶν
2422 3009 2743 3082 θυγατέρων
2764 3006 2920 3074 Λευῒ,
2974 3008 3070 3063 καὶ
3126 3006 3283 3078 ἔσχεν
3321 3006 3529 3078 αὐτὴν,
3563 3005 3649 3059 καὶ
3686 3005 3737 3056 ὲν

2163 3100 2363 3171 γαστρὶ⁴
2390 3100 2603 3164 ἔλαϐεν,
2652 3100 2748 3155 καὶ
2784 3099 2972 3153 ἔτεκεν
3016 3098 3203 3171 ἄρσεν.
3253 3098 3481 3162 Ἰδόντες
3525 3097 3580 3151 δὲ
3617 3092 3735 3149 αὐτὸ

2164 3194 2401 3256 ἀστεῖον,
2450 3193 2765 3247 ἐσκέπασαν
2806 3191 2942 3247 αὐτὸ
2986 3192 3161 3264 μῆνας
3199 3194 3377 3264 τρεῖς.
3439 3185 3646 3260 Ἐπειδὴ
3682 3184 3733 3239 δὲ

2164 3284 2264 3338 οὐκ
2300 3283 2563 3354 ἠδύναντο
2597 3282 2679 3337 ἔτι
2733 3284 2998 3353 κρύπτειν
3049 3282 3202 3348 αὐτὸ,
3251 3281 3515 3353 έλαόενή
3565 3281 3729 3351 μήτηρ

2164 3375 2331 3430 αὑτοῦ
2362 3375 2545 3448 θίϐην,
2579 3378 2675 3431 καὶ
2702 3377 3029 3448 κατέχρισεν
3064 3374 3233 3448 αὐτὴν
3265 3376 3528 3445 ἀσφάλτῳ
3545 3372 3727 3442 ,πίσσῃο

2164 3469 2259 3523 καὶ
2288 3468 2511 3522 ὲνέόαλε
2543 3469 2606 3523 τὸ
2638 3467 2850 3524 παιδίον
2884 3470 2964 3532 εἰς
3003 3467 3193 3541 αὐτὴν,
3222 3468 3320 3522 καὶ
3351 3467 3545 3538 έθηκεν
3578 3459 3729 3530 αὐτὴν

2164 3562 2245 3625 εἰς
2273 3561 2336 3615 τὸ
2367 3562 2488 3625 ἕλος
2525 3562 2656 3634 περὶ
2679 3561 2773 3616 τὸν
2807 3561 3073 3633 ποταμόν.
3126 3560 3234 3615 Καὶ
3272 3558 3663 3615 κατεσκόπευεν
3697 3553 3725 3622 ἡ

2162 3654 2370 3727 ἀδελφὴ
2396 3655 2563 3709 αὐτοῦ
2602 3654 2897 3727 μακρόθεν,
2940 3653 3132 3725 μαθεῖν
3164 3653 3218 3708 τί
3244 3653 3309 3707 τὸ
3336 3649 3726 3722 ἀποϐησόμενον

2162 3746 2329 3819 αὐτῷ.
2361 3746 2586 3818 Κατέϐη
2619 3748 2677 3801 δὲ
2712 3748 2746 3820 ή
2786 3747 3037 3819 θυγάτηρ
3073 3744 3274 3818 Φαραὼ
3315 3740 3603 3800 λούσασθαι
3642 3736 3725 3791 ἐπὶ

2160 3842 2251 3896 τὸν
2297 3841 2563 3913 ποταμὸν,
2613 3842 2709 3896 καὶ
2753 3843 2807 3896 αἰ
2862 3841 3029 3914 ἅϐραι
3074 3842 3247 3912 αὐτῆς
3305 3834 3725 3913 παρεπορεύοντο

2154 3934 2318 4007 »παρά
2364 3933 2457 3989 τδν
2492 3934 2759 4006 ποταμόν.
2790 3934 2902 3987 Καὶ
2948 3934 3137 3988 ἰδοῦσα
3183 3933 3346 4007 θίσην
3387 3933 3449 3988 έν
3500 3927 3575 4001 τῷ
3603 3925 3721 3987 ἕλει,

2158 4027 2526 4081 ἀποστείλασα
2565 4026 2665 4097 τὴν
2698 4026 2895 4098 ἅϐραν,
2929 4025 3171 4080 ἀνείλετο
3216 4027 3410 4100 αὑτήν.
3463 4018 3724 4084 Ἀνοίξασα

2157 4119 2237 4184 δὲ,
2260 4119 2367 4190 δρᾷ
2398 4116 2809 4172 παιδίονκλαῖον
2830 4117 2888 4170 ὲν
2911 4119 2976 4189 τῇ
2995 4115 3145 4190 θίδῃ,
3171 4116 3267 4171 καὶ
3292 4115 3549 4187 ἐφείσατο
3571 4101 3721 4162 αύτοῦ

2156 4213 2189 4281 ἡ
2227 4212 2474 4282 θυγάτηρ
2499 4209 2722 4283 Φαραὼ,
2747 4211 2845 4264 καὶ
2888 4211 2993 4282 ἔφη
3015 4226 3028 4239 ·
3070 4209 3204 4263 Ἀπὸ
3235 4207 3345 4263 τῶν
3375 4201 3595 4259 παιδίων
3623 4196 3720 4250 τῶν

2169 4304 2434 4377 Ἐϐραίων
2463 4304 2643 4359 τοῦτο.
2699 4304 2812 4358 Καὶ
2845 4299 3002 4357 εἶπεν
3039 4304 3073 4373 ή
3107 4301 3313 4373 ἀδελφὴ
3348 4296 3511 4354 αὐτοῦ
3539 4294 3600 4365 τῇ
3632 4289 3719 4343 θυ-

2154 4396 2319 4468 γατρὶ
2355 4395 2556 4466 Φαραώ
2580 4413 2593 4426 ·
2623 4395 2816 4459 Θέλεις
2838 4394 3054 4448 καλέσω
3075 4409 3159 4447 σοι
3180 4395 3418 4462 γυναῖκα
3442 4381 3718 4460 τροφεύου-

2156 4503 2257 4539 σαν
2286 4489 2352 4540 ὲκ
2391 4484 2500 4539 τῶν
2548 4485 2842 4557 Ἐϐραίων,
2871 4486 2966 4539 καὶ
3005 4483 3230 4555 θηλάσει
3272 4500 3356 4537 σοι
3389 4481 3449 4534 τὸ
3482 4473 3713 4535 παιδίονὶ

467 4564 579 4619 ﬁlia
598 4565 909 4622 Pharaonis
943 4584 956 4621 :
983 4568 1151 4624 Vade.
1192 4571 1435 4642 Pergens
1457 4583 1639 4633 autem
1664 4582 1847 4651 puella
1881 4600 2046 4641 voca-

2164 4578 2230 4632 'H
2264 4578 2321 4633 δὲ
2352 4572 2495 4631 εἷπε·
2534 4576 2798 4650 Πορεύου.
2845 4576 3185 4631 Ἀπελθοῦσα
3212 4576 3271 4630 δὲ
3310 4578 3344 4649 ὴ
3380 4562 3716 4667 νεᾶνιςΔὲκά-

464 4655 546 4710 vit
572 4664 803 4710 matrem
833 4658 1012 4727 pueri.
1040 4659 1189 4714 Dixit
1221 4670 1408 4719 autem
1434 4667 1503 4721 ad
1551 4668 1702 4724 illam
1753 4671 1865 4728 ﬁlia
1906 4674 2049 4731 Pha-

2161 4673 2275 4726 λεσε
2305 4671 2405 4743 τὴν
2432 4671 2645 4743 μητέρα
2680 4669 2775 4724 τοῦ
2801 4671 3040 4725 παιδίου.
3072 4666 3211 4724 Eine
3244 4669 3302 4724 δὲ
3328 4667 3462 4736 αὐτῇ
3492 4663 3524 4733 ἡ
3558 4654 3714 4724 θυγά⁹

466 4747 887 4836 raonis:Serva
928 4750 1065 4804 mihi
1110 4767 1345 4822 puerum
1390 4757 1579 4826 istum,
1634 4769 1690 4817 et
1742 4763 1883 4821 lacta
1913 4769 2050 4825 mihi

2161 4781 2255 4836 τηρ
2282 4763 2514 4836 Φαραώ·
2550 4762 2894 4835 Διατήρησόν
2935 4780 3026 4833 μοι
3060 4763 3121 4817 τὸ
3159 4762 3371 4817 παιδίον
3419 4755 3591 4817 τοῦτο,
3627 4743 3714 4799 καὶ

464 4835 621 4892 illum
663 4854 676 4891 :
711 4853 813 4906 ego
848 4849 1033 4895 autem
1092 4844 1191 4900 tibi
1234 4846 1378 4903 dabo
1432 4852 1768 4908 mercedem.
1822 4856 2050 4930 Accepit

462 4936 645 4983 autem
670 4930 869 4986 mulier
895 4931 1180 5000 infantem,
1202 4945 1259 4993 et
1278 4940 1502 4995 lactavit
1522 4942 1698 4999 illum.
1722 4946 1926 5005 Adulto
1948 4968 2048 5007 au-

463 5027 571 5073 tem
596 5035 791 5090 puero,
817 5024 1002 5080 attulit
1035 5026 1191 5082 illum
1215 5030 1284 5084 ad
1310 5029 1479 5086 ﬁliam
1508 5032 1831 5104 Pharaonis,
1874 5050 1931 5096 et
1960 5042 2048 5098 fa-

459 5118 584 5203 ctus
631 5119 719 5166 est
740 5111 821 5167 illi
870 5114 924 5169 in
948 5115 1144 5173 ﬁlium.
1178 5120 1409 5177 Vocavit
1450 5131 1636 5179 autem
1663 5143 1867 5185 nomen
1898 5134 2041 5203 ejus,

458 5198 665 5266 Mosen,
715 5203 926 5271 dicens,
950 5206 1220 5273 Quoniam
1266 5226 1335 5267 ex
1379 5229 1523 5285 aqua
1572 5216 1728 5274 illum
1777 5222 1877 5277 tuli
1910 5198 1977 5277 '1.
2015 5198 2033 5276 ὲ

457 5289 753 5361 Postquam
776 5295 923 5350 enim
947 5296 1093 5353 Deus
1114 5300 1496 5360 misericordia
1521 5307 1755 5367 aﬁ'ectus
1791 5322 1879 5368 est
1914 5330 2044 5386 erga

456 5382 746 5447 mundum,
795 5385 892 5455 qui
937 5393 1078 5443 tetro
1113 5396 1172 5442 et
1191 5392 1405 5449 crudeli
1462 5404 1698 5469 tyranno
1743 5382 2043 5471 serviebat,

455 5474 682 5546 prdprio
704 5475 846 5531 Filio
867 5491 970 5532 suo
992 5493 1102 5534 non
1122 5485 1394 5552 pepercit,
1410 5487 1556 5544 sicut
1580 5492 1850 5561 scriptum
1865 5503 1951 5550 est
1971 5495 2041 5565 ";

454 5565 552 5619 sed
588 5580 714 5621 eum
735 5582 836 5637 pro
859 5570 1117 5628 omnibus
1139 5575 1300 5631 nobis
1318 5580 1569 5637 tradidit.
1608 5583 1669 5638 In
1702 5584 1879 5642 forma
1895 5589 2044 5644 enim

453 5657 745 5726 exsistens,
769 5667 826 5712 et
845 5660 1158 5729 aequalitate
1184 5667 1252 5720 ad
1282 5669 1460 5738 ipsum
1486 5686 1554 5726 ex
1580 5672 1721 5744 ipso,
1746 5685 1802 5730 et
1840 5676 1897 5733 in
1927 5679 2045 5749 ipso

533 5830 582 5863 “
628 5831 800 5890 Exod.
831 5852 889 5902 η,
926 5837 1078 5896 l-l0.
1158 5843 1204 5877 ³⁸
1240 5844 1399 5900 Rom.
1443 5863 1557 5916 vm,
1589 5849 1678 5905 32.

2150 4854 2386 4927 θήλασόν
2404 4873 2497 4925 μοι
2524 4855 2680 4918 αὐτὸ,
2698 4853 2809 4925 ἐγὼ
2830 4855 2889 4909 δὲ
2908 4853 3066 4908 δώσω
3085 4871 3169 4908 σοι
3182 4854 3272 4908 τὸν
3299 4848 3507 4925 μισθόν.
3526 4836 3710 4896 Ἔλαόε

2147 4948 2205 5003 δὲ
2237 4949 2269 5021 ή
2302 4947 2439 5021 γυνὴ
2480 4947 2542 5001 τὸ
2569 4948 2804 5016 παιδίον,
2834 4949 2932 5003 καὶ
2962 4946 3225 5020 ὲθήλασεν
3251 4944 3431 5001 αὐτόν.
3474 4934 3708 5021 ’Δνδρυν-

2150 5039 2335 5103 θέντος
2358 5039 2415 5093 δὲ
2441 5040 2541 5111 ἤδη
2569 5038 2661 5093 τοῦ
2693 5040 2931 5108 παιδίου,
2972 5041 3271 5111 εἰσήγαγεν
3302 5033 3436 5092 αύτδ
3463 5027 3595 5101 πρὸς
3618 5020 3707 5091 τὴν

2151 5129 2429 5202 θυγατέρα
2461 5129 2682 5201 Φαραὼ,
2719 5131 2815 5186 καὶ
2850 5129 3086 5201 ἐγενήθη
3119 5130 3258 5201 αὐτῇ
3307 5127 3385 5189 εἰς
3410 5119 3545 5176 υἰόν.
3587 5112 3708 5206 Ἐπί

2149 5220 2402 5292 ωνόμασε
2420 5221 2477 5275 δὲ
2503 5222 2565 5275 τὸ
2597 5221 2770 5294 ὄνομα
2791 5220 2981 5288 αὐτοῦ,
3004 5219 3233 5291 Μωσῆς,
3247 5219 3495 5288 λέγουσα·
3513 5207 3601 5261 Ἐκ
3621 5213 3705 5294 τονξ

2150 5288 2341 5377 ὓδατος
2371 5312 2662 5386 ἀνειλόμην
2694 5288 2889 5367 ταύτόν.
2938 5332 2959 5366 ι
3007 5288 3227 5384 Ἐπειδὴ
3255 5311 3365 5382 γὰρ
3403 5308 3431 5359 ό
3462 5298 3599 5386 Θεὸς,
3622 5288 3706 5346 καὶ

2147 5405 2343 5477 Πατὴρ
2365 5406 2513 5475 ἠλέει
2539 5384 2725 5461 λοιπὸν
2746 5405 2846 5478 τὴν
2872 5405 2964 5459 ὑπ’
2989 5404 3242 5477 οὐρανὸν,
3262 5395 3458 5467 ἀνοσίῳ
3476 5384 3704 5478 τυρᾴνγφ

2145 5499 2242 5552 καὶ
2273 5472 2544 5570 ωμοτάτῳ
2579 5498 2751 5572 λῃστῇ
2790 5472 3146 5570 θητεύουσαν,
3177 5497 3273 5551 τοῦ
3311 5493 3439 5548 ἰδίου
3468 5477 3591 5574 Υίού
3612 5472 3701 5574 οξκ

2145 5589 2422 5660 ὲφείσατο.
2477 5571 2628 5644 κατάγ
2655 5590 2719 5644 τὸ
2759 5593 3167 5663 γεγραμμένον,
3219 5586 3335 5645 ἀλλ’
3383 5577 3517 5648 ὑπὲρ
3550 5571 3700 5663 ,ἡμῶν

2146 5682 2365 5737 πάντων
2400 5682 2718 5754 παρέδωκεν
2748 5662 2952 5741 αὐτόν.
2977 5684 3067 5739 Ἐν
3105 5684 3287 5755 μορφῇ
3323 5674 3428 5748 γὰρ
3459 5662 3698 5732 ὑπάρχων
