4060 6450
523 484 531 493 ,
568 410 674 470 535

1599 408 1657 465 S.
1696 406 1970 463 CYRIUJ
2008 404 2476 461 ALEXANDRINI
2516 402 2814 460 ABCHIEP

3707 405 3798 461 596

571 528 675 579 tius
703 530 888 579 autem
915 527 1089 578 εςιοιε
1112 520 1437 593 ρεπεατεδ.
1465 541 1480 572 ι
1517 514 1745 577 constat
1786 518 1953 591 igitur
1986 515 2149 573 Chri-

2258 518 2528 590 μακάριος
2570 519 2817 582 Παῦλος*
2870 536 2887 569 ι
2941 514 3207 585 ’Λδελφοὶ,
3258 514 3333 586 μὴ
3366 514 3551 571 παιδία
3607 518 3799 585 γίνεσθε

572 627 716 675 stum
743 627 965 689 propter
985 615 1209 671 deitatis
1242 615 1611 671 innocentiam
1640 622 1900 682 tanquam
1941 612 1997 666 in
2022 626 2149 682 par-

575 712 702 767 vulo
728 708 1042 780 signiﬁcari.
1071 708 1244 763 Porro
1266 706 1320 760 in
1350 704 1525 760 sacris
1544 703 1773 760 Litteris
1793 702 1960 757 Musis
1992 709 2151 771 pater

574 802 793 858 silentio
819 798 1071 855 consulto
1097 794 1410 866 praeteritus
1446 803 1551 850 est.
1578 792 1835 847 Licuerat
1864 789 2014 844 enim
2063 788 2150 843 di-

571 910 695 950 cere
725 911 738 947 :
772 892 869 946 llic
902 891 985 945 vir
1010 888 1166 943 duxit
1202 902 1430 943 uxorem
1468 902 1536 942 ex
1560 885 1779 941 ﬁliabus
1828 881 1998 949 Levi;
2054 879 2150 936 sed

571 985 777 1041 dictum
809 991 913 1049 csl,
956 1002 973 1034 ι
996 982 1127 1037 Erat
1162 979 1447 1051 quidam,»
1485 986 1546 1033 ut
1566 977 1787 1047 oblique
1819 973 2153 1045 signiﬁcaret

570 1074 852 1130 Christum
873 1071 1180 1128 secundum
1200 1085 1422 1125 carnem
1449 1083 1559 1123 non
1607 1067 1868 1121 habuisse
1912 1071 2148 1136 patrem,

570 1180 883 1238 quanquam
937 1160 1138 1233 Ioseph
1186 1161 1360 1233 ipsius
1391 1171 1547 1231 pater
1581 1158 1653 1214 sit
1684 1157 1924 1213 habitus.
1965 1175 1983 1207 ι
2022 1154 2151 1210 Erat

571 1264 775 1325 autem,
811 1256 1012 1326 inquit,
1036 1270 1175 1326 puer
1192 1254 1413 1324 elegans
1435 1254 1499 1304 ³¹.
1532 1250 1788 1320 rEtenim
1812 1268 1835 1299 ν(
1872 1246 2150 1319 speciosus

571 1344 745 1405 forma
783 1362 895 1418 prae
925 1345 1054 1401 ﬁliis
1093 1343 1378 1398 hominum
1412 1360 1431 1392 ›
1477 1350 1534 1396 et
1564 1347 1792 1395 vocatus
1828 1346 1932 1403 est,
1974 1345 2031 1392 et
2066 1342 2150 1391 est

569 1442 845 1497 Christus.
875 1439 1013 1494 llinc
1032 1438 1107 1493 ita
1151 1436 1306 1491 illum
1332 1434 1462 1489 alibi
1497 1432 1791 1502 compellat
1822 1430 2017 1485 beatus
2041 1429 2149 1485 Da-

573 1532 662 1588 vid
721 1550 732 1584 :
786 1550 804 1583 ι
868 1528 1167 1599 Accingere
1205 1524 1385 1596 gladio
1419 1531 1514 1577 tuo
1562 1536 1727 1591 super
1762 1519 1942 1575 femur
1974 1525 2149 1583 tuum,

573 1635 769 1696 potens
797 1621 936 1677 facie
959 1628 1016 1675 et
1042 1614 1454 1689 pulchritudine
1483 1614 1546 1666 ³³.
1598 1633 1616 1665 ι
1649 1611 1820 1677 Nemo
1859 1624 1992 1664 vero
2043 1608 2151 1662 du-

576 1716 852 1781 bitaverit,
872 1706 1005 1784 quin
1028 1701 1384 1781 pulchritudo
1402 1702 1738 1776 intelligatur
1761 1703 1829 1758 de
1851 1718 1916 1757 ea
1931 1717 2053 1772 qua:
2067 1708 2153 1756 est

574 1812 629 1864 in
646 1807 818 1881 gloria
840 1814 896 1861 et
914 1812 1109 1858 natura
1133 1800 1354 1855 deitatis
1367 1798 1549 1855 omnia
1571 1794 2153 1866 superantis,quando-

2254 604 2376 672 ταῖς
2395 610 2608 680 φρεσὶν,
2632 610 2769 666 ἀλλὰ
2798 611 2863 682 τῇ
2894 608 3063 680 κακίᾳ
3089 606 3382 677 νηπιάζετε
3402 623 3416 638 ⁸
3445 610 3563 673 ταῖς
3589 610 3642 663 δὲ
3660 614 3802 681 φρεσὶ

2254 701 2448 754 τέλειοι
2488 701 2725 770 γίνεσθε.
2765 719 2786 753 ι
2823 702 3065 774 ’Δραρεν
3091 695 3186 755 οὖν
3217 699 3300 757 δτι
3332 698 3422 755 διὰ
3457 699 3552 772 τὴν
3581 700 3675 773 τῆς
3696 702 3798 757 θεό-

2255 807 2417 859 τητος
2466 791 2704 846 ἀκακίαν
2751 793 2828 856 ὡς
2881 793 2942 846 ἐν
2984 790 3165 862 νηπίῳ
3206 790 3440 862 Χριστὸς
3488 793 3801 861 σημαίνεται.

2255 881 2551 954 Σεσίγηται
2583 883 2640 938 δὲ
2675 883 2769 938 καὶ
2796 884 2858 938 ὲν
2881 884 2994 947 τοῖς
3018 883 3182 954 ἱεροῖς
3210 881 3535 952 Γράμμασιν
3561 883 3804 954 οἰκονομι-

2256 973 2367 1040 κῶς
2394 976 2425 1029 ὁ
2460 976 2705 1040 Μωσέως
2731 977 2936 1048 πατήρ.
2959 977 3072 1030 Καὶ
3091 975 3199 1048 γάρ
3224 974 3344 1029 ἐνὸν
3373 976 3546 1028 εἰπεῖν
3564 991 3577 1004 ·
3611 975 3666 1029 ’0
3679 976 3806 1030 δεῖνα

2253 1065 2415 1137 τυχὸν
2436 1065 2628 1121 ἔλαϐεν
2646 1068 2711 1120 ὲκ
2725 1065 2834 1119 τῶν
2855 1064 3170 1138 θυγατέρων
3191 1066 3344 1120 Λευῖ·
3361 1064 3425 1117 τὸ
3445 1060 3665 1131 δὲμἯν
3682 1083 3800 1130 τι;,ι

2255 1159 2538 1229 φησὶν,ὃτι
2564 1159 2659 1214 καὶ
2690 1158 2921 1230 ἀπάτωρ
2948 1158 3010 1213 τὸ
3050 1157 3198 1214 κατὰ
3222 1158 3402 1229 σάρκα
3437 1158 3665 1228 Χριστὸς
3690 1161 3808 1213 πλι-

2234 1250 2390 1318 [γίως
2414 1249 2719 1321 ὑποδηλῶν,
2762 1248 2903 1320 πλὴν
2943 1251 3002 1303 ἐν
3032 1249 3237 1321 ὑποψίᾳ
3264 1248 3457 1317 γέγονε
3486 1251 3685 1321 πατήρ,
3709 1254 3807 1305 ἐνο-

2258 1337 2448 1409 μίζετο
2471 1337 2583 1410 γάρ
2628 1338 2743 1401 υίὸς
2788 1333 2930 1393 εἶναι
2969 1339 3192 1407 Ἰωσήφ.
3233 1358 3253 1390 ι
3303 1337 3449 1393 Ἀλλ’
3480 1332 3551 1409 ἦν
3597 1341 3804 1402 ἀστεῖον.

2256 1430 2411 1502 φησὶ,
2447 1430 2505 1484 τὸ
2534 1429 2766 1485 παιδίον.
2811 1449 2831 1482 ›
2867 1429 2979 1484 Καὶ
3005 1428 3116 1500 γὰρ
3161 1448 3182 1483 ι
3220 1430 3422 1501 ὡραῖος
3455 1429 3636 1485 κάλλει
3678 1435 3808 1502 παρὰ

2255 1526 2381 1587 τοὺς
2408 1524 2557 1586 υἱοὺς
2594 1522 2703 1576 τῶν
2728 1520 3034 1594 ἀνθρώπων
3067 1542 3086 1573 ι
3132 1519 3452 1593 ὠνόμασταί
3483 1540 3542 1576 τε
3583 1525 3674 1579 καὶ
3710 1524 3806 1577 ἐστι

2256 1614 2509 1685 Χριστός.
2557 1613 2858 1682 Ἐπεφώνει
2893 1613 2951 1666 δὲ
2975 1613 3124 1684 αὐτῷ
3155 1615 3250 1668 καὶ
3268 1613 3499 1687 ἑτέρωθί
3536 1631 3637 1668 που
3670 1614 3806 1670 mihi

2256 1708 2285 1760 ὁ
2312 1705 2599 1770 θεσπέσιος
2636 1705 2822 1759 Δαϐίδ·
2866 1724 2884 1756 ι
2931 1705 3245 1776 Περίζωσαι
3277 1705 3381 1778 τὴν
3421 1706 3688 1776 ῥομφαίαν
3729 1725 3806 1761 σου

2258 1795 2349 1850 ἐπὶ
2376 1796 2467 1849 τὸν
2491 1796 2665 1868 μηρόν
2689 1813 2804 1863 σου,
2838 1796 3032 1850 δυνατὲ
3078 1799 3144 1868 τῇ
3180 1797 3482 1869 ὡραιότητί
3515 1816 3606 1853 σου
3633 1799 3719 1854 καὶ
3743 1801 3806 1867 τίς)

572 1899 793 1973 quidem
820 1894 1005 1953 carnis
1029 1887 1554 1965 gloriationesnemo
1572 1885 1887 1956 ascripserit
1910 1882 2150 1947 Christo,

2257 1888 2443 1944 κάλλει
2478 1906 2592 1943 σου.
2633 1907 2651 1940 ι
2680 1887 2920 1960 Νοητέον
2942 1889 2998 1942 δὲ
3023 1890 3107 1942 ὅτι
3136 1889 3198 1942 τὸ
3222 1889 3419 1954 κάλλος
3441 1890 3504 1943 τὸ
3529 1892 3602 1954 ὠς
3625 1892 3678 1943 ἐν
3699 1893 3808 1965 δέξῃ

574 1978 748 2061 neque
770 1989 825 2043 in
846 1984 1071 2058 gloriam
1101 1982 1273 2053 ipsius
1287 1978 1564 2036 censuerit
1593 1976 1770 2032 :ahsit
1793 1976 1916 2030 hoc.
1952 1974 2150 2029 Totum

570 2084 718 2140 enim
753 2077 1073 2153 mysterium
1102 2070 1496 2130 incarnationis
1529 2069 1700 2141 ipsius
1734 2076 1819 2124 est
1850 2066 2152 2123 exinanitio

573 2187 627 2232 rt
648 2170 982 2235 humiliatio,
1008 2168 1153 2224 sicut
1185 2165 1407 2237 scripsit
1429 2162 1498 2219 de
1522 2178 1590 2219 eo
1619 2161 1889 2233 propheta
1938 2158 2106 2213 Isaias
2135 2174 2148 2211 :

582 2290 597 2322 ι
634 2268 702 2324 Ει
731 2263 972 2320 vidimus
999 2261 1200 2334 ipsum,
1228 2266 1285 2313 et
1308 2272 1420 2312 non
1433 2253 2151 2323 habebatspeciem,neque

576 2354 1041 2433 pulchritudinem
1079 2369 1092 2404 :
1133 2349 1228 2406 sed
1259 2347 1472 2421 species
1512 2348 1632 2419 ejus
1657 2354 1777 2401 erat
1798 2344 1938 2399 infra
1961 2357 2153 2398 omnes

575 2455 716 2509 tilios
759 2449 1045 2506 hominum
1086 2444 1155 2498 ³⁵.
1210 2462 1230 2495 ›
1296 2442 1655 2513 Nequaquam
1720 2454 1854 2493 vero
1917 2436 2153 2491 dicimus

573 2544 718 2617 quod
752 2541 1110 2617 propheticus
1136 2551 1320 2592 sermo
1345 2524 1507 2590 nobis
1538 2525 1760 2589 deilau's
1800 2531 2154 2603 gloriationcs

569 2640 830 2715 exponat,
859 2631 955 2687 sed
990 2628 1174 2702 potius
1199 2623 1495 2698 persuadet
1518 2622 1679 2677 nobis
1701 2632 1761 2676 ut
1786 2621 2155 2692 intelligamus

572 2713 649 2784 rat
687 2742 810 2798 quae
846 2724 1029 2781 carnis
1077 2727 1226 2785 sunt,
1280 2718 1476 2772 collata
1516 2731 1641 2769 cum
1691 2713 1864 2785 gloria
1911 2713 2151 2777 deitatis,

574 2835 800 2891 prorsus
857 2817 1062 2874 nullius
1090 2828 1213 2871 esse
1261 2806 1549 2872 momenti,
1601 2813 1695 2860 aut
1744 2804 1930 2876 pretii.
1980 2803 2155 2858 Filius

573 2912 721 2967 enim
769 2912 825 2966 in
854 2909 1040 2981 specie
1082 2900 1339 2977 apparuit
1365 2897 1663 2955 admodum
1713 2895 1969 2952 deformi.
2010 2896 2156 2951 Deus

573 3003 721 3058 enim
745 3016 868 3057 cum
885 2998 959 3057 sit
981 3005 1174 3070 suapte
1198 3003 1415 3057 natura,
1439 2989 1618 3046 factus
1639 2997 1725 3044 est
1746 2989 1932 3043 homo.
1964 2986 2155 3042 inﬁni-

573 3093 645 3150 tis
675 3102 858 3149 autcm
889 3100 946 3146 et
970 3078 1493 3158 incomparabilibus
1512 3075 1844 3134 diﬂ‘erentiis
1866 3074 2046 3130 minor
2072 3082 2158 3130 est

574 3185 741 3240 homo
767 3198 932 3255 quam
969 3182 1137 3237 Deus.

2253 1994 2339 2042 τε,
2363 1978 2529 2047 φημὶ,
2554 1976 2652 2030 καὶ
2683 1976 2844 2045 φύσει
2872 1978 2972 2046 τῆς
2998 1977 3139 2049 ὑπὲρ
3170 1977 3348 2030 πάντα
3367 1977 3617 2049 θεότητος
3640 1978 3732 2031 οὐκ
3754 1978 3807 2029 ἂν

2254 2070 2546 2123 άνδοιάσειέ
2570 2086 2655 2133 τις
2678 2084 2691 2097 ·
2724 2069 2786 2121 οὑ
2817 2068 2925 2140 γὰρ
2964 2069 3028 2140 δή
3064 2087 3165 2124 που
3196 2069 3264 2124 τά
3307 2065 3514 2141 σαρκὸς
3546 2069 3809 2140 αὐχήματα

2254 2161 2505 2234 περιθείη
2526 2179 2609 2226 τις,
2633 2161 2782 2233 αὐτῷ
2808 2161 3053 2234 Χριστῷ,
3086 2162 3180 2215 καὶ
3195 2164 3275 2226 είς
3298 2161 3459 2227 δόξαν
3478 2160 3643 2217 αὐτοῦ
3666 2177 3811 2215 κατα·

2254 2251 2535 2320 λογιεῖται,
2568 2250 2765 2304 πολλοῦ
2790 2267 2855 2318 γε
2892 2249 2991 2305 δεῖ.
3028 2250 3271 2315 Κένωσις
3303 2252 3416 2322 γάρ
3448 2249 3596 2321 αὐτῷ
3622 2250 3708 2305 καὶ
3732 2266 3809 2303 w-

2254 2342 2511 2406 πείνωσις
2548 2342 2648 2413 τῆς
2693 2341 2831 2414 μετὰ
2871 2341 3075 2415 σαρκὸς
3115 2343 3437 2415 οἰκονομίας
3475 2342 3595 2398 ὅλον
3625 2343 3733 2395 ἐστὶ
3761 2342 3811 2393 τὺ

2256 2435 2575 2505 μυστήριον.
2608 2433 2817 2505 Γράφει
2842 2433 2900 2487 δέ
2938 2451 3040 2486 που
3076 2433 3173 2487 καὶ
3203 2435 3234 2487 ὁ
3279 2435 3570 2513 προφήτης
3614 2432 3810 2509 Ἠσαῖας

2255 2525 2384 2595 περὶ
2412 2523 2577 2577 αὐτοῦ
2594 2541 2607 2553 ·
2632 2544 2650 2576 ι
2676 2525 2786 2578 Kal.
2809 2522 3026 2595 εἴδομεν
3043 2524 3230 2590 αὐτὸν,
3260 2525 3360 2579 καὶ
3379 2526 3483 2578 οὐκ
3506 2520 3646 2595 εἶχεν
3672 2517 3810 2584 εἶδος,

2253 2614 2377 2668 οὐδὲ
2413 2614 2635 2681 κάλλος,
2673 2634 2692 2666 ι
2727 2614 2867 2670 ἀλλὰ
2893 2615 2954 2671 τὸ
2984 2610 3124 2682 εἶδος
3148 2615 3313 2670 αὐτοῦ
3349 2618 3565 2688 ἄτιμον,
3593 2614 3812 2668 ἐκλεῖπον

2256 2707 2403 2780 παρὰ
2443 2707 2651 2769 πάντας
2691 2709 2819 2773 τοὺς
2854 2709 3003 2774 υἱοὺς
3031 2709 3140 2765 τῶν
3175 2709 3507 2781 ἀνθρώπων.
3543 2709 3647 2763 Καὶ
3674 2707 3731 2759 οὑ
3757 2706 3811 2773 δή

2255 2798 2359 2853 πού
2390 2798 2600 2871 φαμεν,
2626 2802 2711 2856 ἔτι
2739 2801 2851 2856 τῶν
2885 2801 2988 2870 τῆς
3025 2800 3278 2873 θεότητος
3322 2800 3658 2873 αὐχημάτων
3682 2799 3709 2851 ὁ
3732 2795 3811 2850 τοῦ

2198 2889 2209 2895 ’
2254 2892 2537 2964 προφήτου
2568 2886 2935 2962 καταγορεύει
2962 2890 3139 2960 λόγος.
3173 2894 3361 2946 ἐκεῖνο
3403 2892 3459 2945 δὲ
3493 2890 3685 2963 μᾶλλον
3706 2888 3815 2942 ἁνα-

2256 2982 2434 3039 πείθει
2457 2985 2621 3053 νοεῖν,
2644 2984 2728 3039 δτι
2753 2986 2818 3057 τῇ
2855 2983 2957 3055 τῆς
3001 2983 3256 3055 θεότητος
3279 2983 3415 3056 δόξῃ
3450 2980 3816 3054 συγκρινόμενα

2256 3075 2325 3130 τὰ
2362 3077 2585 3147 σαρκὸς,
2631 3075 2848 3139 οὐδενὸς
2891 3076 3019 3142 άξια
3064 3077 3314 3145 φανεῖται
3366 3076 3548 3147 λόγου.
3599 3073 3682 3127 Ἐν
3708 3069 3817 3122 εῖδει

2258 3163 2369 3238 γὰρ
2395 3166 2633 3237 πέφηνεν
2661 3167 2690 3218 ὁ
2714 3158 2846 3227 Υἱὸς
2873 3164 2950 3234 τῷ
2969 3164 3088 3218 λίαν
3116 3156 3317 3218 ἅκαλλε
3328 3165 3566 3234 στάστῳ.
3583 3162 3708 3225 Θεὸς
3725 3159 3816 3230 γὰρ

573 3274 649 3332 ὢν
684 3254 827 3332 κατὰ
851 3274 1035 3345 φύσιν,
1064 3269 1254 3340 γέγονε
1285 3265 1409 3320 καθ’
1442 3265 1613 3336 ἡμᾶς.
1651 3260 1987 3333 Ἀμέτρητον
2015 3258 2071 3312 δὲ
2094 3255 2153 3310 τὸ
2193 3255 2546 3329 μεσολαϐοῦν,
2566 3254 2661 3312 καὶ
2718 3257 3072 3328 ἀσυγκρίτοις
3098 3257 3391 3329 διαφοραῖς
3454 3256 3815 3328 tumvana“;

575 3369 709 3427 Θεοῦ
742 3369 805 3423 τὸ
829 3362 1193 3435 ἀνθρώπινον.

644 3466 696 3520 5.
719 3463 988 3518 Caeterum
1006 3456 1134 3512 vide
1157 3449 1594 3526 quomodo,cum
1622 3445 1880 3502 masculis
1902 3443 2156 3500 omnibus

2334 3442 2396 3490 ε’.
2415 3433 2604 3507 ’Δθρει
2630 3433 2687 3488 δὲ
2704 3434 2851 3499 ὅπως
2878 3431 2985 3488 πᾶν
3011 3432 3177 3505 άρσεν
3202 3424 3653 3487 ἐπιϐουλεύεσθαι
3675 3442 3818 3501 προσο

577 3554 805 3612 insidias
858 3548 1043 3605 moliri
1088 3545 1347 3619 jussisset
1408 3540 1652 3605 Pharao,
1694 3536 1894 3592 mulier
1934 3535 2157 3606 quidem

576 3654 698 3720 quae
725 3650 1042 3717 pepererat,
1068 3638 1310 3695 occultat
1349 3633 1572 3707 quidem
1607 3628 1908 3695 infantem;
1955 3626 2158 3683 demit-

577 3747 699 3795 tens
726 3752 858 3793 vero
890 3733 1152 3804 deinceps
1173 3739 1228 3787 et
1254 3724 1544 3784 includens
1570 3720 1775 3780 ﬁscella
1796 3721 2035 3791 scirpea,
2073 3734 2160 3773 re-

577 3829 732 3902 ponit
792 3828 945 3884 illum
970 3826 1027 3880 in
1075 3823 1317 3880 arculam
1381 3827 1438 3877 et
1474 3817 1663 3889 abiicit
1684 3815 1745 3871 in
1780 3815 1961 3870 lacum
1993 3825 2160 3866 :mox

577 3930 758 3978 tamen
787 3920 967 3991 ipsum
988 3916 1202 3987 recipit,
1218 3915 1272 3969 in
1301 3915 1437 3986 ipsis
1457 3912 1622 3984 aquis
1638 3910 1945 3970 inventum,
1971 3918 2162 3975 perse-

576 4011 787 4068 cutoris
815 4009 989 4082 ipsius
1036 4009 1165 4073 illia,
1200 4022 1323 4077 qum
1375 4005 1553 4077 aperit
1602 3999 1827 4071 quidem
1868 3994 2156 4058 ﬁscellam,

577 4104 996 4176 vagientemque
1021 4097 1285 4154 infantem
1323 4096 1659 4166 conspicata,
1712 4087 1863 4162 quod
1896 4084 2160 4143 Hebmus

576 4204 724 4255 esset
758 4191 1045 4250 manifeste
1068 4189 1346 4261 intelligit,
1375 4184 1730 4255 reddiditque
1753 4180 1806 4237 ei
1827 4194 1951 4251 quas
1987 4190 2156 4248 pepe-

576 4300 722 4349 rerat
744 4289 1122 4352 nutriendum,
1148 4284 1463 4341 mercedem
1497 4283 1724 4352 insuper
1770 4271 2159 4333 nutricationis

576 4382 857 4454 pollicens.
895 4377 1053 4449 251
1098 4376 1270 4446 Quem
1302 4374 1471 4445 igitur
1504 4383 1728 4427 sensum
1784 4366 1939 4422 hisce
1981 4362 2160 4454 rebus

576 4453 1009 4548 applicabimus?
1062 4476 1158 4525 aut
1215 4465 1361 4538 quod
1426 4460 1753 4535 mysterium
1807 4453 2159 4513 considerare

579 4544 949 4625 necessarium
975 4560 1092 4617 est?
1111 4559 1246 4615 Nam
1269 4565 1396 4613 ante
1422 4556 1717 4610 adventum
1741 4547 1948 4606 Christi
1976 4544 2162 4600 nullus

579 4656 854 4713 masculus
883 4659 1003 4710 erat
1028 4658 1185 4706 extra
1229 4647 1480 4705 insidias.
1519 4641 1819 4699 Masculum
1843 4644 2028 4695 autem
2070 4634 2158 4688 in-

577 4747 874 4818 telligimus
907 4757 1034 4799 eum
1083 4740 1176 4811 qui
1222 4736 1456 4810 spiritali
1494 4734 1695 4793 robore
1746 4728 2009 4803 praeditus
2051 4729 2157 4786 est,

2259 3527 2547 3598 τεταχὸτος
2576 3527 2670 3580 τοῦ
2698 3525 2922 3598 Φαραὼ,
2964 3522 3199 3598 κρύπτει
3241 3525 3343 3595 μὲν
3368 3524 3433 3579 τὸ
3466 3525 3663 3597 βρέφος
3689 3522 3815 3594 ήτε-

2261 3618 2436 3674 κοῦσα
2458 3617 2614 3688 γυνὴ,
2650 3615 2901 3671 καθιεῖσα
2930 3614 2988 3670 δὲ
3016 3615 3153 3687 μετά
3176 3612 3341 3668 τοῦτο
3364 3612 3460 3668 καὶ
3481 3606 3816 3684 ὲγκατακλεί·

2262 3727 2403 3765 σασα
2430 3713 2498 3781 τῇ
2535 3707 2684 3782 θίϐῃ,
2723 3708 2844 3779 ἦτοι
2874 3709 2943 3779 τῇ
2980 3704 3226 3778 κλειστῇ,
3263 3706 3452 3777 ῥίπτει
3490 3703 3589 3778 μὲν
3628 3703 3750 3758 αὐτὸ
3771 3702 3819 3752 ἐν

2258 3806 2371 3866 τοῖς
2403 3802 2601 3866 ἕλεσιν,
2644 3797 3088 3873 άναλαμϐάνειδὲ
3121 3797 3471 3870 παραχρῆμα
3499 3797 3626 3870 παρ’
3659 3789 3819 3854 αὐτοῖς

2261 3894 2497 3967 εὑροῦσα
2526 3895 2642 3956 τοῖς
2677 3892 2867 3946 ὕδασιν
2897 3892 2932 3963 η
2958 3888 3055 3944 τοῦ
3082 3888 3377 3954 διώκοντος
3411 3886 3564 3954 παῖς,
3593 3888 3682 3942 καὶ
3703 3881 3823 3940 dvo!-

2260 4000 2349 4053 γει
2380 3987 2480 4059 μὲν
2516 3987 2616 4057 τὴν
2655 3982 2835 4056 θίϐην,
2869 3980 2988 4038 εἶτα
3016 3982 3204 4037 κλαῖον
3231 3981 3482 4053 εὑροῦσα
3522 3980 3585 4037 τὺ
3626 3979 3820 4053 βρέφος.

2258 4079 2340 4132 ὃτι
2372 4094 2434 4130 τε
2469 4076 2724 4150 Ἐϐραῖος
2747 4075 2831 4146 εἴη
2859 4074 3108 4143 συνίησιν
3138 4074 3410 4146 ἀκριϐῶς,
3437 4075 3533 4129 καὶ
3561 4071 3823 4130 ἀναδίδωσι

2259 4169 2481 4243 τρέφειν
2521 4170 2587 4240 τῇ
2610 4166 2869 4237 τεκούσῃ,
2904 4165 3070 4221 πάλιν
3098 4165 3294 4239 μισθὸν
3321 4167 3435 4222 τῶν
3468 4165 3680 4238 τροφῶν
3707 4164 3822 4216 ὑπο·

2264 4265 2523 4336 σχομένη.
2547 4262 2682 4316 Τίνα
2708 4260 2774 4334 δὴ
2793 4260 2916 4315 νοῦν
2944 4262 3369 4334 ἑφαρμόσαιμεν
3399 4262 3467 4316 ἂν
3486 4263 3607 4336 τοῖς.
3621 4254 3823 4314 τοιοῖσδε

2260 4329 2502 4427 λύγοιςξ
2531 4354 2565 4428 ἢ
2605 4354 2658 4409 τί
2702 4329 2773 4409 τὸ.
2800 4329 3108 4425 μυστήριον*
3137 4329 3462 4426 περιαθρεῖν
3516 4329 3822 4417 ἀναγκαῖονὶ

2261 4446 2376 4519 Πρὸ
2419 4447 2526 4518 μὲν
2557 4444 2667 4517 γὰρ
2691 4442 2792 4515 τῆς
2814 4442 2908 4496 τοῦ
2939 4443 3195 4515 Σωτῆρος
3232 4445 3393 4514 ἡμῶν
3423 4440 3716 4511 ἐπιδημίας
3739 4434 3824 4489 οὐκ

2258 4532 2328 4611 ἦν
2354 4539 2447 4593 ἐπὶ
2477 4537 2577 4610 τῆς
2606 4536 2710 4608 γῆς
2732 4536 2796 4589 τὸ
2836 4535 3004 4607 ἄρσεν
3038 4533 3525 4590 ἀνεπιϐούλευτον.
3565 4533 3756 4604 Ἀρσεν
3777 4526 3825 4580 δὲ

2260 4627 2492 4699 νοοῦμεν
2514 4628 2575 4681 τὸ
2601 4627 2677 4692 ὡς
2705 4629 2763 4682 ὲν
2796 4627 3022 4699 ἀνδρείᾳ
3044 4628 3110 4698 τῇ
3148 4628 3523 4698 πνευματικῇ,
3560 4625 3652 4680 καὶ
3680 4616 3743 4696 ἧς
3767 4619 3824 4673 ἂν

2262 4716 2373 4775 εἷεν
2404 4719 2608 4791 καρποὶ
2629 4718 2697 4773 τά
2724 4717 3019 4773 άνδάνοντα
3042 4715 3118 4788 τῷ
3135 4716 3274 4789 Θεῷ.
3304 4717 3517 4771 Οὐκοῦν
3532 4716 3589 4769 ὲν
3616 4711 3824 4777 κινδύνῳ

577 4793 732 4914 ου]αέ
774 4834 991 4894 fructus
1037 4793 1148 4890 erit
1197 4793 1414 4902 placere
1442 4826 1576 4881 Deo.
1619 4824 1681 4880 In
1710 4821 1960 4895 periculo
1990 4816 2156 4888 igitur

2262 4810 2323 4865 τὲ
2354 4809 2542 4883 ἄρσεν,
2587 4807 2869 4881 μονονουχὶ
2907 4810 3028 4871 ταῖς
3073 4809 3373 4880 κοσμικαῖς
3420 4807 3635 4879 ἡδοναῖς
3676 4794 3758 4857 οἷά
3776 4816 3825 4851 τε

577 4910 826 4989 versatur
847 4927 1143 4989 masculus,
1179 4922 1378 4979 Satana
1403 4934 1530 4976 eum
1558 4913 1855 4973 mundanis
1905 4910 2161 4980 volupta-

578 5023 723 5079 tibus
747 5028 1004 5089 tanquam
1038 5015 1156 5070 luto
1191 5027 1253 5068 ac
1277 5025 1438 5067 coeno
1466 5009 1847 5078 immergente,
1881 5015 1947 5057 ac
1988 4996 2160 5054 ευπο-

576 5121 735 5169 caute
763 5087 1093 5183 generaliter
1123 5119 1220 5161 eos
1242 5102 1337 5174 qui
1359 5099 1487 5157 forti
1514 5098 1700 5155 animo
1740 5087 2165 5150 contemnebant

585 5180 901 5263 mollitiem.
929 5210 985 5255 ct
1007 5197 1155 5270 quod
1183 5195 1558 5252 effeminatum
1584 5197 1688 5253 est,
1715 5185 1771 5242 in
1813 5180 2063 5241 moribus
2094 5185 2168 5270 et

577 5292 693 5348 vita
713 5290 996 5347 nimirum.
1027 5269 1189 5344 Unde
1216 5294 1272 5342 et
1297 5281 1510 5354 Spiritu
1536 5278 1703 5336 amati
1731 5272 2011 5339 dixerunt,
2056 5269 2160 5326 ob-

580 5383 893 5455 stupefacti,
920 5381 1179 5444 arbitror,
1201 5379 1273 5434 ob
1302 5376 1671 5433 universalcm
1698 5373 1858 5427 istam
1871 5366 1939 5425 ad
1956 5366 2159 5422 malum

582 5474 1002 5531 declinationem
1034 5489 1047 5524 :
1083 5489 1099 5521 ι
1126 5467 1328 5524 Omnes
1385 5468 1821 5529 declinaverunt,
1877 5457 2040 5516 simul
2078 5456 2164 5509 in-

584 5565 747 5620 utiles
769 5563 895 5619 facti
925 5570 1090 5624 sunt;
1122 5575 1227 5614 non
1253 5567 1337 5613 est
1359 5558 1452 5627 qui
1486 5555 1871 5612 faciatbonum
1904 5562 2051 5605 :non
2080 5553 2165 5601 cst

582 5644 652 5713 ne
680 5672 823 5712 unus
858 5652 1080 5724 quidem
1107 5650 1170 5703 ³⁸.
1212 5670 1228 5701 ›
1268 5648 1441 5718 Inepti
1486 5648 1634 5703 enim
1675 5657 1787 5702 tum
1828 5641 2055 5719 omnino
2093 5637 2161 5692 ad

656 5831 694 5863 "
729 5829 895 5884 l'Cor.
919 5827 1130 5895 xiv,20.
1210 5828 1251 5860 ³⁸
1289 5826 1461 5882 Exod.
1493 5840 1550 5889 ιι,
1579 5822 1632 5878 2.
1714 5822 1757 5856 ⁸³
1786 5820 1926 5878 Psal.
1961 5836 2102 5886 xuv,
2143 5820 2193 5876 «ι.

2264 4901 2545 4973 βορϐόροις
2573 4901 2606 4971 ἦ
2636 4900 2903 4972 τέλμασιν
2949 4898 3299 4971 ὲγκαθιέντος
3336 4898 3434 4954 τοῦ
3483 4897 3717 4960 Σατανᾶ,
3746 4891 3826 4946 καὶ

2263 4993 2719 5062 ὲναποπνίγοντος
2748 4992 2875 5056 τοὺς
2914 4991 3393 5064 παραιτουμένους
3430 4991 3495 5045 τὸ
3523 4987 3711 5047 ἂναλκι
3746 4982 3828 5039 καὶ

2262 5085 2632 5157 θηλυπρεπὲς,
2673 5082 2735 5138 τὸ
2767 5084 2841 5147 ὡς
2881 5085 2938 5137 ὲν
2978 5083 3097 5155 nec;
3126 5083 3270 5155 φημὶ
3301 5084 3400 5138 καὶ
3436 5082 3679 5152 τρόποις.
3717 5075 3825 5129 τοι·

2263 5176 2460 5249 γάρτοι
2478 5176 2570 5231 καὶ
2587 5175 2826 5246 ἔφασκον
2845 5175 2894 5228 οἱ
2915 5172 3368 5246 Πνευματοφόροι
3386 5166 3826 5242 κατατεθηπότες.

2261 5264 2418 5340 οἶμαί
2454 5285 2580 5333 που,
2615 5267 2717 5338 τὴν
2749 5265 3006 5320 ἁπάντων
3041 5263 3316 5337 ἐκτροπὴν
3360 5267 3457 5320 ἐπὶ
3502 5264 3564 5318 τὸ
3605 5261 3679 5334 μὴ
3724 5257 3827 5325 Ex?"

2263 5358 2469 5431 ὀρθῶς·
2501 5377 2521 5410 ι
2558 5358 2769 5420 Πάντες
2816 5356 3116 5421 ἐξέκλιναν,
3157 5355 3276 5427 ἃμα
3316 5354 3717 5429 ὴχρειώθησιιν,
3742 5345 3827 5401 οὐκ

2264 5450 2382 5504 ἔστι
2414 5448 2586 5503 ποιῶν
2619 5448 2989 5520 χρηστότητα,
3015 5448 3115 5503 οὐκ
3156 5447 3306 5502 ἐστιν
3345 5447 3453 5512 ἕως
3492 5447 3628 5510 ἑνός.
3676 5462 3694 5494 ι
3736 5433 3828 5490 Ἦν

2266 5541 2375 5613 γὰρ
2411 5540 2511 5613 ’ήδη
2562 5556 2682 5602 πως
2725 5538 2822 5592 καὶ
2865 5539 3288 5610 ἀνεπιτήδευτον
3328 5536 3613 5598 παντελῶς
3649 5533 3828 5586 ἅπασιν

2266 5632 2573 5707 ἀνθρώποις
2601 5630 2661 5684 τὸ
2696 5629 2920 5699 ἀγαθὸν,
2951 5630 3050 5684 οὐκ
3086 5631 3344 5704 άφιέντος
3380 5624 3716 5697 ἀνδρίζεσθαι
3746 5613 3825 5669 τοῦ

2267 5819 2312 5854 ⁸⁵
2341 5820 2444 5875 lsa.
2474 5833 2583 5883 un,
2614 5815 2669 5882 2,
2701 5815 2753 5869 3.
2834 5815 2880 5848 ³⁸
2910 5811 3056 5873 Psal.
3103 5830 3221 5881 xm,
3246 5812 3317 5881 3,
3368 5826 3462 5883 tu,
3496 5814 3550 5869 ι.
