4060 6446
498 397 605 456 399

1533 396 1589 453 S.
1628 396 1904 454 CYRILLI
1942 398 2415 469 ΑιΕΧᾼΝοιιιΝι
2452 398 2777 456 ARCHIEP.

3655 402 3757 457 “id

501 510 723 569 infante.
761 519 986 581 propter
1019 506 1242 567 dcitatis
1276 510 1671 576 innocentiam,
1716 526 2097 597 summamque

2201 515 2256 565 ὲν
2287 513 2564 583 ἀρτιγενεί
2606 511 2802 583 νηπίῳ,
2838 510 2928 567 διά
2960 527 3041 571 τοι
3087 510 3187 582 τὴν
3220 509 3318 583 τῆς
3350 508 3598 581 θεότητος
3637 514 3759 569 ﬁxa.

500 602 907 675 simplicitatem
960 611 1016 657 et
1062 602 1458 667 sinceritatem,
1500 610 1594 656 aut
1639 611 1803 673 certe
1830 618 1900 658 eo
1944 604 2091 675 quod

501 710 640 750 nova
668 704 921 749 creatura
959 692 1231 764 apparuit.
1256 692 1526 749 Caeterum
1555 709 1654 767 age
1707 708 1945 760 rursum,
1984 694 2093 751 alio

499 787 668 847 etiam
706 786 868 841 modo
900 785 1316 843 consideremus
1337 786 1751 842 Emmanuelem
1777 788 2090 859 ﬁguratum.

504 877 651 933 Finis
687 879 834 933 enim
864 878 999 948 legis
1027 893 1092 932 ac
1115 878 1507 949 prophetarum
1544 878 1798 934 Christus
1822 882 1905 949 πη
1944 901 1962 933 ι
1998 882 2068 936 Fa

499 979 647 1025 ctum
675 977 760 1026 est
783 979 965 1024 autem
990 970 1048 1024 in
1075 970 1274 1028 diebus
1297 971 1427 1036 illis,
1457 987 1687 1043 magnus
1717 972 1893 1028 factus
1918 974 2095 1030 Moses

500 1061 669 1117 exivit
711 1060 781 1135 ad
815 1062 1017 1118 fratres
1055 1077 1185 1121 suos
1234 1063 1424 1129 Israel,
1449 1079 1684 1134 cumque
1736 1065 2096 1122 intellexisset

499 1167 694 1209 eorum
716 1152 1094 1219 aﬂlictionem,
1120 1163 1178 1210 et
1209 1154 1438 1211 vidisset
1475 1156 1754 1212 hominem
1778 1156 2094 1229 Aigyptium

501 1245 902 1314 percutientem
948 1246 1244 1318 quemdam
1274 1263 1342 1301 ex
1398 1246 1664 1303 fratribus
1696 1249 1811 1303 suis
1847 1265 1916 1304 ex
1969 1251 2096 1307 ﬁliis

501 1335 703 1403 lsrael,
735 1336 853 1408 ipse
887 1337 1239 1409 perlustratis
1268 1337 1514 1411 undique
1541 1340 1773 1410 singulis
1820 1356 1945 1395 eum
1993 1357 2093 1397 ne-

501 1427 707 1485 minem
729 1427 980 1493 vidisset,
1000 1428 1202 1483 occidit
1221 1427 1557 1500 Egyptium,
1583 1446 1746 1501 quem
1777 1441 1834 1486 et
1853 1432 1908 1487 in
1933 1432 2098 1488 sabu-

504 1520 555 1573 lo
602 1520 913 1576 abscondit.
956 1520 1226 1592 Egressus
1274 1531 1461 1577 autem
1502 1521 1591 1577 die
1635 1524 1897 1589 secundo,
1945 1524 2096 1582 videt

504 1610 643 1665 duos
664 1610 815 1667 viros
855 1611 1119 1666 Hebraeos
1142 1610 1406 1676 rixantes,
1437 1620 1493 1666 et
1523 1612 1658 1667 dicit
1695 1614 1919 1671 facienti
1948 1618 2092 1687 inju~

504 1700 642 1759 riam
671 1700 818 1757 :Cur
843 1709 900 1759 tu
925 1703 1170 1772 percutis
1191 1702 1539 1773 proximum?
1574 1704 1671 1759 Ille
1702 1713 1889 1761 autem
1912 1706 2050 1761 dixit
2077 1726 2090 1761 ε

499 1793 635 1860 Quis
670 1800 721 1847 te
751 1794 1037 1851 constituit
1068 1795 1378 1865 principem
1405 1804 1461 1851 ct
1488 1796 1732 1866 judicem
1756 1813 1922 1868 super
1961 1801 2095 1855 nos?

2201 602 2344 665 κεαν,
2377 602 2472 656 καὶ
2505 601 2567 654 τὸ
2604 601 2950 672 ἀκάκουργον
2979 599 3281 663 παντελῶς,
3307 601 3402 653 καὶ
3426 601 3488 658 τὸ
3515 602 3592 664 εἰς
3627 602 3763 656 ἆπαν

2201 693 2426 760 ἁπλοῦν,
2454 694 2622 764 ἡγουν
2645 693 2727 746 ὅτι
2755 692 2850 749 νέα
2885 692 2948 744 πέ
2960 708 3093 761 φηνε
3126 691 3322 754 κτίσις.
3365 689 3526 745 Ἀλλὰ
3550 693 3679 764 φέρε
3707 694 3765 767 δὴ

2201 786 2364 840 πάλιν
2390 785 2481 839 καὶ
2505 785 2628 839 καθ’
2661 784 2750 838 ἓτε
2758 802 2849 855 ρον
2879 783 3078 855 τρόπον
3103 782 3536 855 καταθρήσωμεν
3555 784 3611 840 ὲν
3629 785 3766 857 αὐτῷ

2200 877 2292 930 τὸν
2335 874 2686 947 Ἐμμανουήλ
2713 874 3113 947 μορφούμενον.
3150 873 3316 937 Τέλος
3345 874 3454 946 γὰρ
3486 875 3647 946 νόμου
3681 881 3768 931 καὶ

2201 970 2497 1044 προφητῶν
2525 971 2554 1023 ὁ
2578 969 2834 1040 Χριστός.
2882 988 2901 1019 ι
2958 969 3209 1037 Ἐγένετο
3249 966 3448 1033 τοίνυν,
3500 968 3680 1037 φησὶν,
3717 971 3768 1022 ὲν

2201 1066 2319 1126 ταῖς
2354 1063 2589 1134 ἡμέραις
2617 1065 2735 1125 ταῖς
2753 1061 2977 1125 πολλαῖς
3004 1060 3263 1123 ἐκείναις,
3300 1059 3472 1130 μέγας
3494 1061 3767 1131 γενόμενος

2201 1156 2407 1225 Μωσῆς
2431 1153 2621 1224 ἐξῆλθε
2663 1153 2802 1225 πρὸς
2826 1155 2951 1215 τοὺς
2989 1151 3253 1222 ἀδελφοὺς
3285 1150 3451 1206 αὑτοῦ
3480 1152 3605 1215 τοὺς
3632 1152 3769 1215 υἱοὺς

2214 1246 2468 1316 Ἰσραήλ·
2506 1246 2851 1316 κατανοήσας
2888 1243 2943 1297 δὲ
2979 1244 3071 1297 τὸν
3109 1244 3272 1297 πόνον
3306 1243 3510 1306 αὐτῶν,
3547 1244 3645 1313 ὁρᾷ
3685 1242 3769 1297 ἀν·

2202 1333 2421 1406 θρωπον
2458 1335 2756 1403 Αἰγύπτιον
2791 1333 3065 1389 τύπτοντα
3116 1333 3371 1405 Ἑϐραῖον
3400 1332 3510 1387 τῶν
3538 1332 3769 1402 ἀδελφῶν

2202 1424 2395 1479 ἑαυτοῦ
2414 1439 2427 1452 ⁸
2469 1426 2564 1479 καὶ
2592 1425 2841 1490 πατάξας
2882 1425 2974 1478 τὸν
3004 1424 3328 1492 Αἰγύπτιον,
3366 1424 3600 1497 ἔκρυψεν
3619 1426 3768 1479 αὑτὸν

2203 1517 2263 1569 ὲν
2293 1517 2358 1587 τῇ
2406 1517 2596 1587 ἄμμῳ.
2650 1515 2915 1582 Ἐξελθὼν
2955 1516 3011 1570 δὲ
3045 1520 3113 1588 τῇ
3159 1517 3344 1589 ἡμέρᾳ
3389 1517 3635 1588 δευτέρᾳ,
3678 1518 3771 1589 ὁρᾷ

2201 1608 2297 1662 δύο
2331 1609 2531 1678 ἄνδρας
2569 1608 2857 1679 Ἐϐραίους
2888 1608 3468 1681 διαπληκτιζομένους,
3511 1610 3605 1662 καὶ
3633 1608 3767 1676 λέγει

2201 1698 2278 1768 τῷ
2314 1697 2623 1752 ἀδικοῦντι·
2659 1700 2813 1753 Διατί
2846 1701 2910 1753 σὺ
2933 1701 3161 1766 τύπτεις
3195 1702 3285 1755 τὸν
3319 1702 3583 1773 πλησίον;
3629 1703 3682 1755 '0
3719 1702 3770 1755 δὲ

2203 1786 2347 1843 εἷπε·
2374 1791 2481 1854 ’Τίς
2511 1807 2571 1843 σε
2611 1793 2947 1861 κατέστησεν
2982 1793 3220 1864 ἄρχοντα
3267 1795 3365 1848 καὶ
3402 1796 3657 1866 δικαστὴν
3691 1798 3766 1863 ἐφ’

502 1885 664 1958 253
686 1886 947 1957 Nunquid
973 1886 1229 1943 occidere
1254 1903 1342 1941 me
1374 1896 1433 1942 tu
1478 1888 1583 1954 vis,
1624 1890 2091 1958 quemadmodum

2201 1884 2372 1953 ἡμᾶς
2410 1881 2475 1935 Ἢ
2503 1883 2713 1937 ἀνελεῖν
2733 1902 2801 1954 με
2827 1886 2889 1937 σὺ
2914 1885 3107 1950 θέλεις,
3132 1886 3189 1940 ὃν
3211 1888 3413 1958 τρόπον
3427 1887 3632 1950 ἀνεῖλες
3652 1886 3766 1957 χθὲς

499 1976 749 2032 occidisti
801 1977 920 2032 heri
962 1976 1314 2048 Egyptium?
1340 1978 1550 2034 Timuit
1583 1987 1767 2036 autem
1815 1981 2011 2047 Moses,
2039 1991 2096 2038 et

501 2069 577 2124 ait
610 2089 623 2124 :
651 2069 705 2126 Si
734 2070 813 2125 sic
844 2069 1200 2125 manifestum
1228 2070 1434 2126 factum
1457 2079 1542 2127 est
1564 2071 1797 2125 verbum
1819 2072 1964 2127 hoc?
1988 2071 2098 2127 Au-

500 2161 639 2215 tliVll
666 2169 848 2218 autem
890 2161 1105 2215 Pharao
1128 2161 1362 2216 verbum
1402 2161 1529 2226 hoc,
1554 2172 1608 2216 et
1640 2163 1924 2232 quaerebat
1946 2165 2094 2219 occi-

500 2254 632 2308 dere
658 2253 865 2308 Mosen.
888 2253 1137 2309 Recessit
1160 2263 1344 2309 autem
1367 2254 1544 2309 Moses
1565 2270 1597 2311 a
1622 2266 1918 2325 conspectu
1953 2257 2096 2311 Pha-

503 2347 786 2413 raonis,et
831 2348 1106 2402 habitavit
1131 2347 1185 2401 in
1210 2357 1359 2402 terra
1410 2347 1646 2402 Madiau.
1691 2348 1826 2405 Cum
1858 2349 2099 2405 venisset

503 2448 687 2497 autem
714 2439 768 2493 in
790 2448 934 2494 terra
951 2438 1189 2503 Madian,
1215 2438 1359 2494 sedit
1377 2440 1530 2510 juxta
1546 2447 1795 2510 puteum.
1820 2438 1888 2494 At
1914 2454 2096 2493 sacer--

501 2524 617 2587 {loti
637 2531 851 2588 Madian
878 2540 1039 2587 erant
1060 2539 1270 2601 septem
1289 2531 1413 2586 tiliae
1442 2543 1733 2604 pascentes
1764 2547 1895 2587 oves
1925 2531 2098 2601 patris

498 2625 585 2685 sui
608 2624 820 2681 Jethro.
849 2623 990 2680 Cum
1014 2606 1297 2680 venissent
1325 2633 1531 2690 autem,
1570 2623 2095 2694 hauriebantquoad

503 2719 870 2789 impleverunt
917 2719 1158 2784 canales,
1184 2725 1245 2773 ut
1270 2717 1611 2786 adaquarent
1650 2732 1781 2773 oves
1818 2717 2096 2788 patrissui

498 2809 711 2865 .lsthro.
758 2807 1227 2879 Supervenientes
1278 2819 1464 2866 autem
1518 2818 1771 2881 pastores
1815 2810 2097 2880 ejecerunt

501 2918 623 2967 cas;
672 2918 905 2973 surgens
950 2910 1134 2958 autem
1174 2902 1351 2958 Moses
1386 2903 1645 2959 liberavit
1687 2918 1800 2967 cas,
1830 2910 1887 2957 et
1910 2902 2098 2957 hausit

501 3006 697 3060 aquam
725 2992 857 3058 illis,
882 2999 937 3047 et
957 2991 1251 3063 adaquavit
1273 3008 1403 3049 oves
1438 2993 1677 3047 illarum.
1720 2993 1974 3049 “eversa:
1993 3008 2095 3048 au-

503 3088 612 3139 tem
641 3089 769 3136 sunt
795 3082 860 3137 ad
908 3083 1117 3153 Raguel
1158 3092 1372 3154 patrem
1398 3098 1582 3138 suum.
1610 3084 1705 3139 Ille
1745 3092 1930 3139 autem
1958 3084 2098 3140 dixit

499 3172 580 3227 eis
602 3190 616 3226 :
640 3171 822 3238 Quare
858 3171 1217 3230 festinavistis
1257 3174 1601 3230 adveniendo
1628 3174 1829 3231 hodie?
1854 3176 1962 3232 illae
1999 3192 2097 3233 au-

2203 1972 2292 2026 τὸν
2314 1974 2612 2041 Αἰγύπτιον
2632 1990 2647 2037 ;
2681 1972 2952 2042 Ἐφοϐήθη
2975 1974 3032 2026 δὲ
3053 1976 3279 2046 Μωσῆς.
3302 1977 3400 2029 καὶ
3423 1972 3595 2030 εἰπενο
3610 1976 3668 2029 Et
3687 1975 3768 2029 οὔ·

2202 2081 2310 2127 τως
2335 2064 2576 2134 ἐμφανὲς
2596 2063 2787 2133 γέγονε
2804 2066 2865 2119 τὸ
2886 2066 3038 2136 ῥῆμα
3058 2066 3492 2135 τοῦτο;ἰικουσε
3514 2069 3568 2123 δὲ
3587 2067 3768 2140 Φαραὼ

2203 2155 2262 2209 τὸ
2288 2156 2442 2228 ῥῆμα
2475 2157 2655 2223 τοῦτο,
2690 2158 2783 2211 καλ⁵
2817 2156 2997 2231 ἐζήτει
3027 2159 3236 2213 ἀνελεῖν
3283 2160 3376 2214 τὸν
3415 2162 3634 2231 Μωσῆν.
3662 2157 3768 2216 ’Δνο

2203 2250 2451 2320 εχὼρησε
2480 2250 2536 2303 δὲ
2556 2252 2764 2322 Μωσῆς
2805 2252 2913 2305 ἀπὸ
2944 2250 3239 2323 προσώπου
3275 2253 3499 2324 Φαραὼ,
3535 2254 3623 2307 καὶ
3650 2271 3766 2307 κατ-

2204 2340 2419 2412 ῴκησεν
2448 2344 2505 2395 ὲν
2535 2346 2605 2413 γῇ
2629 2343 2877 2414 Μαδιάμ.
2907 2343 3108 2398 Ἐλθὼν
3137 2345 3194 2397 δὲ
3234 2346 3290 2399 ὲν
3320 2348 3392 2415 τῇ
3433 2348 3501 2415 γῇ
3541 2344 3763 2411 Μαδιάμ,

2204 2434 2456 2486 ἐκάθισεν
2488 2436 2580 2487 ἐπὶ
2612 2435 2705 2487 τοῦ
2738 2437 2993 2506 φρέατος.
3023 2434 3114 2506 Τῷ
3146 2436 3205 2489 δὲ
3229 2437 3370 2505 ἰερεί
3394 2436 3616 2506 Μαδιάμ
3641 2431 3768 2507 ἦσαν

2203 2524 2345 2577 ἑπτὰ
2368 2523 2666 2598 Θυγατέρες
2692 2526 3081 2598 ποιμαίνουσαι
3098 2528 3163 2581 τὰ
3189 2528 3443 2599 πρόϐατα
3464 2527 3555 2582 τοῦ
3584 2528 3766 2598 πατρθς

2204 2616 2385 2673 αὐτῶν
2420 2617 2609 2689 Ἰοθόρ.
2647 2619 3100 2691 Παραγενόμεναι
3126 2621 3183 2674 δὲ
3214 2620 3466 2692 ῆντλουν,
3497 2622 3597 2683 ἕως
3628 2619 3768 2686 Enim;

2206 2727 2306 2762 σαν
2334 2710 2432 2774 τὰς
2460 2710 2782 2782 δεξαμενὰς,
2826 2714 3045 2769 ποτίσαι
3074 2714 3142 2768 τὰ
3169 2714 3426 2785 πρόϐατα
3465 2713 3556 2767 τοῦ
3585 2712 3768 2783 πατρὸς

2202 2802 2384 2855 αὐτῶν
2413 2804 2604 2875 ’ῐοθόρ.
2627 2805 3073 2876 Παραγενόμενοι
3095 2806 3151 2859 δὲ
3175 2808 3225 2859 oi
3248 2809 3514 2877 ποιμένες
3540 2803 3766 2873 ἐξέϐαλον

2202 2895 2404 2960 αὑτάς·
2431 2897 2673 2960 ἀναστὰς
2702 2897 2757 2950 δὲ
2803 2899 3006 2969 Μωσῆς
3039 2899 3312 2970 ἐρρύσατο
3353 2899 3544 2965 αὐτὰς,
3579 2884 3667 2952 καλ
3687 2899 3768 2968 ἧν-

2202 2987 2402 3058 τλησεν
2430 2990 2643 3053 αὐταῖς,
2670 2991 2768 3042 καὶ
2796 2991 3016 3043 ὲπότισε
3043 2991 3109 3044 τὰ
3140 2991 3399 3061 πρόϐατα
3429 2991 3623 3045 αὐτῶν.
3642 2992 3770 3060 Hap-

2203 3078 2451 3146 εγένοντο
2483 3078 2539 3132 δὲ
2567 3066 3013 3151 πρδς’⁹Ραγουὴ).
3035 3080 3127 3134 τὸν
3160 3082 3378 3153 πατέρα
3405 3081 3598 3138 αὐτῶν.
3642 3080 3692 3133 Ὀ
3719 3081 3767 3133 δὲ

2233 3166 2255 3187 r
2447 3172 2460 3188 ν
2544 3173 2566 3187 υ
2610 3188 2623 3200 ,
2776 3172 2799 3186 ο.
3061 3171 3073 3189 ρ
3151 3191 3180 3203 .-
3316 3173 3347 3183 ι-

2203 3186 2356 3223 ειπεν
2401 3189 2594 3235 αυταις
2658 3172 2723 3224 Τί
2773 3189 2855 3224 οτι
2910 3173 3209 3243 ὲταχυνα.ε
3249 3190 3349 3226 του
3386 3171 3765 3244 παραγενέσθαι

504 3273 614 3321 tem
643 3264 904 3321 dixerunt
931 3284 943 3320 :
973 3266 1149 3323 Homo
1189 3266 1479 3339 Egyptius
1507 3267 1762 3323 liberavit
1789 3285 1892 3323 nos
1918 3285 1948 3323 a
2000 3286 2098 3340 pa-

2204 3263 2478 3334 σήμερον;
2511 3265 2574 3316 Αἱ
2601 3263 2656 3317 δὲ
2690 3258 2847 3317 εἶπον
2868 3280 2881 3294 ·
2928 3264 3250 3336 Ἀνθρωπος
3293 3266 3590 3335 Αἰγύπτιος
3619 3264 3763 3337 lappi-

501 3355 767 3420 storibus,
807 3364 862 3411 ct
886 3356 1070 3411 hausit
1097 3372 1295 3427 aquam
1327 3357 1511 3422 nobis,
1539 3366 1595 3412 et
1647 3358 1942 3428 adaquavit
1970 3376 2103 3430 oves

505 3455 742 3505 nostras.
775 3447 871 3504 Ille
916 3456 1104 3504 autem
1150 3447 1291 3502 dixit
1326 3448 1542 3504 ﬁliabus
1568 3448 1685 3504 suis
1717 3467 1730 3504 :
1761 3450 1829 3504 Et
1856 3450 1949 3504 ubi
1985 3452 2104 3506 est?

503 3552 604 3591 cur
633 3536 715 3609 sic
738 3536 1028 3592 dimisistis
1070 3537 1391 3593 hominem?
1432 3538 1635 3592 Voca‘te
1671 3538 1840 3610 igitur
1859 3555 2009 3605 eum,
2041 3548 2104 3595 ut

503 3626 760 3681 comedat
782 3641 1000 3696 panem.
1030 3626 1308 3681 Habitavit
1335 3635 1521 3682 autem
1554 3628 1733 3685 Moses
1748 3629 1894 3700 apud
1918 3629 2102 3686 homi—

505 3734 652 3783 nem,
677 3727 734 3774 et
769 3717 922 3773 dedit
963 3717 1268 3791 Sephoram
1300 3718 1465 3775 ﬁliam
1496 3736 1652 3776 suam
1693 3721 1827 3777 Mosi
1850 3738 2099 3779 uxorem.

508 3811 566 3866 lu
591 3819 784 3865 ventre
828 3820 1010 3865 autem
1060 3810 1271 3866 habens
1313 3810 1535 3877 mulier,
1576 3813 1793 3882 peperit
1822 3812 2016 3879 lilium,
2048 3822 2105 3870 et

506 3901 722 3957 vocavit
763 3916 967 3956 nomen
993 3903 1113 3974 ejus
1166 3901 1416 3969 Gersam,
1457 3903 1850 3971 dicenszQuia
1890 3904 2103 3967 advena

507 4008 630 4049 sum
673 3993 729 4047 in
776 4000 925 4048 terra
978 3993 1153 4049 aliena
1190 3993 1257 4047 ⁸ο.
1303 4013 1323 4045 ι
1366 3992 1550 4067 Atque
1606 3995 1725 4052 haec
1764 3995 1990 4068 quidem
2033 3996 2105 4052 de

506 4083 673 4139 Moss.
705 4082 863 4139 Nunc
897 4092 1081 4140 autem
1107 4084 1286 4139 oratio
1311 4092 1503 4141 nostra
1524 4084 1610 4143 ad.
1635 4101 1858 4142 sensum
1895 4086 2102 4145 intimae

505 4175 966 4233 considerationis
988 4192 1048 4232 se
1083 4183 1389 4243 convertet,
1414 4178 1665 4233 tribuens
1695 4178 1961 4233 nimirum
2009 4178 2101 4234 hi-

508 4267 692 4327 storia:
718 4266 864 4337 quod
905 4267 1141 4323 maxime
1165 4268 1216 4324 ei
1247 4270 1527 4337 convenit;
1552 4277 1609 4325 et
1627 4267 1759 4324 item
1781 4269 1930 4339 quod
1941 4270 2103 4331 vide-5

505 4367 598 4412 tur
625 4374 784 4429 posse
813 4358 1086 4430 spirituali
1126 4360 1397 4417 inservire
1423 4361 1779 4433 expositioni,
1811 4362 1865 4417 id
1890 4362 2101 4423 scilicet

503 4445 574 4507 ad
596 4447 797 4505 Christi
828 4449 1143 4513 institutum
1168 4449 1433 4514 referens.

576 4752 627 4808 7.
647 4749 869 4815 Audisti
894 4749 1082 4818 itaque
1103 4747 1254 4818 quod
1276 4746 1456 4805 Moses
1480 4747 1836 4819 jamjadultus
1857 4749 2108 4813 exiverit.

2202 3371 2335 3407 σατο
2366 3355 2514 3425 ἡμᾶς
2540 3355 2604 3407 ἐκ
2626 3354 2734 3408 τῶν
2762 3354 3057 3426 ποιμένων,
3090 3356 3184 3411 καὶ
3218 3356 3484 3427 ἧντλῃσεν
3510 3358 3654 3427 ἡμῖν,
3680 3353 3763 3408 καὶ

2199 3446 2417 3500 ὲπότισε
2448 3447 2516 3501 τὰ
2538 3446 2788 3517 πρόϐατα
2819 3447 3001 3518 ἡμῶν.
3037 3448 3094 3501 Ὀ
3123 3447 3179 3500 δὲ
3214 3443 3338 3500 εἷπε
3363 3451 3486 3513 ταῖς
3511 3445 3763 3516 θυγατρά-

2202 3554 2287 3590 σιν
2318 3536 2483 3591 αὐτοῦ
2506 3554 2519 3567 ·
2551 3538 2662 3591 Καὶ
2702 3537 2802 3591 ποῦ
2845 3541 2995 3606 Eon;
3026 3541 3121 3593 καὶ
3149 3540 3236 3593 ἵνα
3272 3540 3328 3593 τί
3349 3539 3523 3603 οὕτως
3552 3537 3761 3593 καταλε-

2199 3630 2424 3685 λοίπατε
2457 3632 2547 3684 τὸν
2583 3631 2907 3702 ἄνθρωπον;
2956 3632 3240 3686 Καλέσατε
3287 3629 3384 3688 οὖν
3421 3634 3581 3688 αὐτὸν
3630 3632 3761 3692 ὅπως

2200 3722 2349 3792 φάγῃ
2376 3722 2559 3794 ἄρτον.
2580 3723 2912 3796 Κατῳκίσθη
2937 3723 2994 3777 δὲ
3012 3725 3220 3795 Μωσῆς
3233 3725 3384 3797 παρὰ
3398 3724 3474 3796 τῷ
3490 3722 3762 3795 ἀνθρώπῳ,

2199 3814 2294 3868 κα)⁸
2328 3814 2538 3881 ἐξέδοτο
2583 3812 2891 3886 Σεπφωρὰν
2928 3817 3027 3887 τὴν
3080 3815 3359 3887 θυγατέρα
3402 3816 3564 3871 αὐτοῦ
3608 3814 3762 3883 Μωσῇ

2198 3910 2456 3976 γυναῖκα.
2512 3908 2603 3962 Ἐν
2644 3908 2848 3981 γαστρὶ
2880 3908 2936 3962 δὲ
2976 3907 3324 3965 συλλαϐοῦσα
3366 3910 3399 3979 ἡ
3438 3907 3573 3978 γυνὴ
3598 3906 3764 3959 ἔτεκεν

2198 4000 2333 4063 υἱὸν,
2363 4000 2459 4055 καὶ
2488 4001 2813 4071 ἐπωνόμασε
2838 4002 3043 4073 Μωσῆς
3060 4001 3119 4055 τὸ
3139 4002 3316 4072 ὄνομα
3344 4002 3509 4057 αὑτοῦ
3532 4002 3570 4054 Γ
3573 3997 3760 4071 ηρσὰμν

2196 4091 2394 4161 λέγων,
2424 4092 2506 4145 ὅτι
2531 4092 2804 4163 Πάροικός
2834 4095 2948 4163 ειμι
2972 4095 3030 4147 ὲν
3068 4095 3139 4165 γῇ
3160 4093 3438 4166 ἀλλοτρίᾳ.
3471 4110 3491 4146 ι
3526 4084 3649 4153 ,Ὧδε
3677 4086 3762 4159 μὲν

2197 4178 2291 4237 οὖν
2317 4183 2388 4237 τὰ
2436 4185 2703 4248 Μωσέως.
2750 4185 2996 4259 Θεωρίας
3026 4184 3082 4238 δὲ
3107 4186 3208 4255 τῆς
3235 4185 3496 4240 ἐσωτάτω
3532 4180 3763 4252 συνθήσει

2198 4274 2364 4329 πάλιν
2408 4277 2540 4347 ἡμῖν
2563 4279 2592 4330 ό
2612 4276 2790 4346 λόγος,
2819 4278 3187 4350 ἀπονέμοντες
3215 4280 3281 4351 τῇ
3317 4277 3528 4348 ἱστορίᾳ
3563 4276 3639 4328 ὅτι
3671 4270 3761 4341 μά·

2197 4366 2355 4422 λιστα
2386 4370 2448 4421 τὸ
2474 4370 2687 4439 πρέπον
2727 4371 2865 4443 αὐτῇ
2885 4387 2898 4401 ·
2929 4371 2991 4425 τὸ
3037 4370 3095 4424 δὲ
3133 4372 3258 4426 ὅσον
3297 4371 3364 4428 ἄν
3400 4370 3635 4439 φαίνοιτο
3654 4364 3760 4424 ταῖς

2198 4465 2598 4529 πνευματικαῖς
2632 4464 2979 4534 ἀφηγήσεσιν
3016 4463 3317 4535 ὑπηρετεῖν
3348 4459 3408 4517 εὖ
3454 4459 3595 4532 μάλα
3625 4452 3762 4511 me

2206 4571 2399 4625 μενον,
2445 4553 2606 4609 τοῦτο
2653 4557 3002 4629 περιτρέπων
3053 4557 3134 4620 εἰς
3173 4553 3491 4625 οἰκονομίαν
3539 4550 3633 4620 τὴν
3679 4543 3760 4598 ἐπὶ

2202 4647 2448 4719 Χριστῷ.

2275 4737 2341 4805 ζ’.
2392 4739 2655 4794 Διεπύθου
2709 4739 2767 4794 δὲ
2815 4740 2898 4794 ὅτι
2952 4739 3128 4811 μέγας
3180 4737 3473 4809 γενόμενος
3544 4727 3758 4797 Μωσῆςι

440 4870 451 4875 -
500 4844 572 4902 ad
596 4843 797 4902 fratres
823 4855 974 4903 suos.
1009 4839 1188 4896 Verus
1211 4838 1489 4910 siquidem
1523 4846 1608 4897 est
1643 4839 1867 4897 divinus
1892 4840 2098 4899 Paulus

2202 4830 2392 4902 ἐξῆλθε
2416 4831 2553 4903 πρὸς
2580 4831 2705 4897 τοὺς
2728 4831 2989 4901 ἀδελφοὺς
3008 4829 3191 4886 αὑτοῦ.
3221 4830 3333 4886 Καὶ
3354 4828 3462 4898 γάρ
3487 4827 3625 4878 ἔστιν
3645 4819 3762 4910 ἁληξ

502 4938 581 4994 ita
603 4935 890 4997 scribens:
923 4953 941 4986 ι
973 4932 1208 5003 Quando
1240 4940 1426 4989 autem
1452 4932 1607 4991 venit
1633 4933 1920 5004 plenitudo
1952 4941 2096 4991 tem-

501 5028 676 5099 poris.
713 5027 869 5087 misit
901 5027 1048 5085 Deus
1072 5025 1272 5084 Filium
1302 5040 1485 5092 suum,
1519 5034 1712 5085 natum
1742 5041 1810 5082 ex
1839 5026 2093 5091 muliem,

502 5117 711 5177 factum
730 5118 836 5174 sub
855 5117 975 5189 lege
1004 5117 1071 5172 “.
1105 5135 1123 5168 ι
1153 5114 1290 5183 Quis
1321 5115 1490 5188 igitur
1533 5116 1822 5175 commode
1864 5117 2097 5190 intelligi

501 5206 703 5262 debeat
722 5208 923 5263 modus
947 5208 1113 5279 hujus
1141 5207 1209 5262 ad
1249 5221 1351 5263 nos
1375 5207 1654 5265 missionis
1676 5207 1768 5275 hic
1790 5207 2093 5277 patefactae,

502 5303 600 5350 aut
631 5295 766 5367 quid
790 5294 863 5352 sit
890 5296 1036 5367 quod
1079 5310 1205 5352 eum
1241 5308 1523 5367 egressum
1545 5310 1669 5352 esse
1703 5295 1972 5361 dicamus,
1994 5312 2095 5353 ne~

503 5387 807 5443 eessarium
822 5387 933 5442 erit
958 5386 1251 5457 dispicere.
1274 5385 1354 5441 An
1386 5401 1498 5442 non
1523 5386 1766 5443 Verbum
1792 5387 1891 5443 Dei
1918 5387 2096 5444 Patris

503 5476 560 5534 in
580 5492 648 5533 eo
669 5476 817 5549 quod
830 5476 974 5532 sicut
994 5477 1229 5543 nos,boc
1247 5486 1332 5533 est
1346 5477 1719 5542 homo,l’actus
1729 5487 1834 5543 est,
1853 5478 2093 5550 quodam

506 5566 672 5623 modo
695 5565 764 5623 de
791 5581 849 5623 se
887 5581 1168 5639 egressum
1207 5581 1330 5621 esse
1353 5566 1741 5632 concedamus,
1765 5577 1823 5623 et
1847 5583 1879 5622 a
1909 5567 2096 5624 divina

505 5657 680 5726 gloria
700 5657 857 5728 quasi
905 5657 1234 5714 recessisse?
1268 5656 1543 5726 siquidem
1587 5657 1722 5713 illud
1773 5673 1966 5714 verum
2008 5672 2096 5716 est

575 5837 622 5871 ⁸⁸
656 5836 893 5902 Rom.x,
933 5836 988 5889 4.
1066 5834 1111 5866 δ’
1143 5832 1316 5889 Exod.
1346 5851 1404 5900 ιι,
1458 5834 1639 5890 “~22.
1722 5836 1763 5867 “
1802 5834 1980 5892 Galat.
2023 5852 2100 5906 iv,
2136 5839 2187 5892 4.

2201 4922 2299 4995 θὴς
2328 4923 2357 4977 δ
2398 4921 2686 4988 θεσπέσιος
2714 4923 2942 4994 γράφων
2979 4922 3224 4987 Παῦλος·
3252 4940 3273 4975 ι
3310 4921 3440 4974 Ὅτε
3479 4918 3533 4973 δὲ
3561 4911 3683 4986 ἦλθε
3709 4907 3763 4961 τὸ

2202 5014 2476 5087 πλήρωμα
2509 5013 2604 5071 τοῦ
2633 5014 2827 5087 χρόνου
2850 5057 2863 5080 ,
2898 5014 3276 5080 ἐξαπέστειλεν
3308 5014 3337 5068 ό
3366 5010 3496 5074 Θεὸς
3529 5010 3615 5061 τὸν
3650 4999 3761 5055 Ti?»

2203 5107 2368 5161 αὐτοῦ
2395 5107 2683 5178 γενόμενον
2700 5108 2767 5162 ὲκ
2788 5108 3048 5177 γυναικὸς
3067 5148 3082 5171 .
3103 5108 3394 5176 γενόμενον
3419 5101 3521 5157 ὑπὸ
3537 5098 3702 5167 νόμον.
3738 5108 3755 5139 ι

2204 5198 2302 5264 Τίς
2332 5198 2398 5272 δὴ
2438 5195 2534 5256 οὖν
2560 5199 2669 5273 ἄρα
2702 5202 2861 5265 νοοῖτ’
2894 5201 2959 5255 ἂν
3002 5200 3229 5262 εἰκότως
3256 5198 3354 5267 τῆς
3384 5191 3566 5250 ἐνθάδε
3593 5185 3760 5273 an”?

2207 5271 2392 5366 μένης
2414 5271 2719 5365 ἀποστολῆς
2743 5295 2773 5348 ό
2798 5293 3028 5365 τρόπος,
3056 5291 3090 5362 ἢ
3117 5291 3172 5345 τι
3194 5290 3253 5344 τὸ
3285 5271 3753 5367 ὲκϐεϐηκέναιᾼφίὶς

2204 5363 2369 5457 σομεν
2388 5425 2403 5451 ,
2434 5363 2683 5439 κατιδεῖν
2700 5363 3017 5453 ἀναγκαῖον.
3050 5383 3121 5437 Ἦ
3149 5380 3260 5452 γὰρ
3286 5378 3408 5448 οὐχὶ
3432 5374 3522 5428 τὸν
3551 5372 3612 5422 ὲκ
3635 5363 3753 5415 Θεοῦ

2201 5477 2412 5550 Πατρδς
2454 5477 2630 5547 Λόγον
2674 5478 2733 5530 ὲν
2779 5477 2892 5540 τοῖς
2931 5474 3056 5530 καθ’
3095 5474 3248 5547 ἡμᾶς
3286 5467 3570 5550 γεγονότα,
3619 5464 3753 5507 τουτ’

2200 5548 2349 5624 ἐστιν
2372 5569 2682 5643 ἄνθρωπον,
2700 5568 2982 5640 μονονουχὶ
3013 5567 3107 5622 καὶ
3133 5559 3488 5632 ἐκϐεϐηκέναι
3513 5548 3747 5643 odim-l5":

2201 5658 2308 5726 ἔξω
2334 5676 2393 5713 τε
2435 5633 2823 5730 γενέσθαι-τῆς
2859 5633 3199 5731 θεοπρεποῦς
3230 5651 3462 5724 ἐροῦμεν
3499 5633 3748 5713 εὐδοξίας.
