4060 6458
348 315 446 373 4θὶ

1385 313 1913 374 GLAPHYRORUM
1954 320 2022 373 IN
2059 298 2347 373 exoouu
2405 317 2535 373 us.
2576 317 2618 373 ι.

3552 305 3654 363 ﬁt)!

342 433 494 502 εἰπερ
543 431 696 484 ιστὶν
725 427 954 499 ἀληθὲς,
978 429 1060 483 ὅτι
1086 427 1338 494 πλούσιος
1363 429 1438 485 ὢν
1471 429 1784 501 ὲπτὼχευσε
1805 471 1818 494 ,
1852 431 1947 484 καὶ

2062 422 2218 499 quod,
2268 444 2394 485 cum
2439 429 2596 485 dives
2629 427 2820 496 fuerit,
2850 443 3063 499 pauper
3093 427 3270 482 factus
3297 423 3367 480 sit
3392 424 3458 490 δ’,
3486 437 3542 482 et
3567 445 3656 482 sc-

340 524 593 592 καθῆκεν
632 520 831 576 ἑαυτὸν
879 523 960 586 είς
999 522 1251 579 κένωσιν.
1293 524 1405 577 Καὶ
1447 523 1580 592 γοῦν
1631 525 1946 594 ἐκπεπερα-

342 615 556 686 σμὲνης
579 613 691 686 ήδη
706 614 810 684 τῆς
833 615 1168 685 οἰκονομίας,
1198 617 1286 670 ὅτε
1318 617 1413 670 καὶ
1438 616 1736 686 άναφοιτᾷν
1752 614 1946 685 ἔμελλε

338 706 482 778 πρὸς
503 707 600 760 τὸν
629 705 851 777 Πατέρα
878 705 1248 777 συνεδρεύσων
1281 706 1433 778 αὐτῷ
1454 748 1467 771 ,
1497 707 1592 761 καὶ
1619 705 1727 759 τῶν
1773 706 1873 758 ύπε
1885 721 1946 774 ρ-

338 799 524 853 τά-των
549 798 954 869 ἐπιθησόμενος
986 797 1197 852 θὼκωψ
1234 819 1251 852 ι
1287 801 1470 871 Πάτερ
1491 842 1502 860 ,
1535 796 1696 868 φησι,
1727 794 1950 862 δόξασόν

342 910 412 962 με
454 895 522 963 τῇ
563 892 691 961 δόξη
791 888 939 962 είχον
982 893 1088 964 πρὸ
1123 893 1218 947 τοῦ
1250 894 1342 946 τον
1375 893 1581 964 κόσμον
1624 891 1764 946 εἶναι
1799 891 1948 961 παρὰ

343 985 447 1040 σοί.
506 1005 524 1035 ι
569 987 629 1040 Ὀ
657 985 714 1039 δὲ
745 985 980 1058 ούρανοῦ
1017 987 1111 1039 καὶ
1135 988 1239 1057 γῆς
1269 988 1474 1057 Κύριος
1502 987 1576 1050 ὡς
1612 987 1743 1049 Θεὸς
1774 986 1949 1054 ἀνημ-

341 1077 510 1148 μένος
541 1077 822 1142 ούσιωδῶς
866 1076 978 1130 τῶν
1018 1077 1157 1131 ὅλων
1198 1078 1260 1132 τὸ
1304 1078 1536 1150 κράτος,
1567 1079 1666 1131 οὐκ
1709 1077 1775 1132 ἂν
1807 1076 1947 1144 ἐξοί-

341 1166 497 1237 χοιτό
529 1183 652 1230 πως
679 1166 786 1220 τῶν
815 1166 938 1220 καθ’
962 1168 1155 1221 ἑαυτὸν
1177 1169 1235 1221 ὲν
1261 1171 1327 1239 τῇ
1353 1169 1541 1222 δούλου
1569 1171 1749 1240 μορψῇ
1787 1185 1950 1238 γεγοσι

339 1255 470 1320 νὼςο
501 1260 531 1312 ὁ
570 1258 630 1312 δὲ
663 1261 721 1312 ὲν
823 1260 1029 1331 ζῶμεν,
1062 1261 1157 1314 καὶ
1183 1260 1500 1330 κινούμεθα,
1539 1263 1635 1314 καὶ
1661 1263 1860 1330 ἐσμὲν,
1900 1261 1950 1315 εί

342 1349 467 1420 μεθ’
511 1350 677 1421 ἡμῶν
703 1352 880 1424 ὁρῷτο
921 1351 1128 1423 γυμνὸς
1172 1353 1266 1406 καὶ
1310 1355 1369 1406 ὲν
1414 1355 1724 1425 μνήμασιν,
1775 1355 1824 1406 εἱ
1858 1353 1952 1406 καὶ

337 1441 551 1496 ἀνεϐίω
574 1443 740 1497 πάλιν
768 1444 845 1508 ὡς
870 1443 984 1515 ζωὴ
1005 1487 1019 1508 ,
1043 1445 1144 1502 οὐκ
1168 1443 1317 1515 αὐτῷ
1336 1445 1540 1510 δόξειεν
1565 1445 1670 1512 ἔξω
1695 1444 1950 1514 γενέσθαι

341 1536 524 1604 βραχὺ
561 1534 672 1587 τῶν
711 1535 792 1589 ὄτι
838 1536 1076 1605 μάλιστα
1107 1537 1427 1608 πρεπόντων
1458 1535 1624 1606 αὐτῷ.
1665 1531 1796 1589 Είτα
1830 1535 1950 1598 πῶς

339 1628 649 1682 ἐνδοιάσειέ
675 1644 793 1693 τις;
839 1628 1141 1700 Ἐκϐέϐηκε
1169 1630 1352 1683 τοίνυν
1374 1628 1512 1702 πρὸς
1533 1629 1660 1692 τοὺς
1687 1628 1952 1698 ἀδελφοὺς

339 1718 514 1772 αὑτοῦ
538 1763 550 1783 ,
584 1719 837 1772 τουτέστι
858 1759 872 1780 .
914 1721 1040 1782 τοὺς
1067 1721 1216 1784 υἱοὺς
1257 1719 1497 1791 Ἰσραήλ.
1533 1720 1723 1773 Αὐτῶν
1747 1719 1858 1792 γάρ
1892 1720 1950 1772 αί

2057 521 2238 591 ipsum
2257 523 2546 578 demiserit
2577 523 2635 578 in
2665 522 3100 578 exinanitionem
3117 521 3180 576 ⁸³,
3201 519 3278 574 Ex
3295 534 3407 591 quo
3434 529 3489 576 et
3519 536 3657 577 con-

2055 625 2328 670 summata
2373 631 2472 671 sua
2519 616 3022 680 administratione,
3065 616 3178 686 jam
3217 629 3542 670 reversurus
3590 614 3656 668 ad

2057 705 2302 772 Patrem,
2323 708 2486 782 254
2507 718 2673 781 atque
2690 725 3012 765 assessurus
3037 708 3109 772 ei,
3138 715 3305 778 atque
3332 707 3471 763 adeo
3493 723 3659 778 super

2056 813 2249 854 omnes
2271 800 2502 856 thronos
2523 817 2854 858 ascensurus
2879 820 2890 855 :
2924 821 2942 853 ι
2970 800 3151 864 Pater,
3181 800 3276 862 ait,
3303 799 3548 870 glorifica
3571 815 3657 854 me

2055 890 2231 960 gloria
2271 907 2436 962 quam
2478 893 2670 959 habui,
2711 895 3036 964 priusquam
3073 891 3164 946 hic
3203 893 3442 948 mundus
3484 903 3653 954 esset,

2057 983 2202 1052 apud
2249 993 2300 1038 te
2328 983 2392 1039 ⁸⁸.
2428 1003 2446 1036 ι
2491 984 2650 1052 Quod
2688 995 2871 1041 autem
2921 987 3186 1042 Dominus
3213 986 3334 1040 emli
3365 1002 3428 1041 ac
3473 997 3654 1046 terrm,

2058 1083 2247 1144 utpote
2273 1076 2367 1145 qui
2395 1075 2539 1131 Deus
2559 1078 2651 1138 sit,
2677 1085 2732 1131 et
2755 1077 3116 1146 spiritualiter
3137 1076 3336 1130 habeat
3355 1076 3656 1146 potentiam

2060 1167 2230 1223 totius
2268 1168 2534 1235 universi,
2569 1184 2677 1223 non
2725 1169 2898 1239 possit
2928 1185 2956 1222 a
3002 1168 3186 1238 seipso
3226 1167 3535 1230 discedere,
3592 1183 3658 1220 co

2057 1261 2205 1329 quod
2229 1261 2460 1316 formam
2495 1261 2642 1317 servi
2672 1261 2947 1331 acceperit
2973 1278 2984 1312 :
3014 1261 3106 1315 ille
3131 1274 3264 1314 vero
3302 1260 3358 1313 in
3383 1275 3492 1330 quo
3516 1258 3658 1312 vivi—

2059 1366 2202 1415 mus,
2237 1367 2524 1407 movemur
2546 1360 2603 1407 et
2631 1367 2824 1408 sumus
2850 1351 2916 1415 ",
2948 1353 3066 1408 etsi
3091 1351 3381 1407 nobiscum
3409 1349 3659 1404 videatur

2058 1449 2332 1506 mortuus,
2352 1450 2408 1498 et
2430 1442 2486 1496 in
2502 1441 2878 1497 monumentis
2898 1441 3087 1506 fuisse,
3108 1441 3351 1512 itemque
3375 1441 3656 1502 revixisse,

2061 1541 2125 1588 ut
2147 1533 2242 1604 qui
2277 1533 2348 1588 sit
2375 1549 2474 1604 per
2497 1550 2556 1589 se
2581 1533 2713 1599 vita,
2736 1543 2921 1590 tamen
2950 1550 3016 1590 ne
3049 1535 3325 1591 tantillum
3344 1533 3568 1604 quidem
3593 1534 3661 1588 ab

2061 1627 2131 1681 iis
2153 1641 2275 1697 quze
2315 1627 2422 1698 ipsi
2456 1627 2985 1683 convenientissima
3031 1636 3180 1694 sunt,
3224 1629 3508 1699 sejunetus
3535 1627 3658 1681 fuit.

2059 1717 2195 1785 Quis
2230 1719 2378 1774 enim
2414 1719 2791 1775 dubitaverit?
2827 1719 3097 1790 Egressus
3126 1728 3211 1775 est
3248 1720 3416 1791 igitur
3450 1717 3517 1774 ad
3549 1719 3662 1773 fra-

340 1811 708 1883 ἑπαγγελίαι,
734 1812 915 1864 αὐτῶν
938 1813 988 1865 oi
1014 1812 1250 1883 πατέρες
1267 1853 1280 1876 ,
1312 1812 1448 1884 πρὸς
1474 1811 1567 1875 οὓς
1588 1812 1657 1866 τὰ
1683 1812 1954 1883 ἐπηγγελ-

2062 1818 2170 1866 tres
2201 1826 2351 1874 suos,
2396 1811 2500 1867 hoc
2539 1821 2643 1877 est,
2685 1812 2754 1868 ad
2794 1811 2939 1868 ﬁlios
2982 1812 3175 1867 Israel.
3215 1813 3466 1883 Ipsorum
3513 1811 3661 1866 enim

345 1904 511 1974 μένα.
559 1904 856 1974 Τοιγάρτοι
890 1903 1149 1974 έφασκεψ
1202 1925 1219 1955 ι
1274 1904 1390 1960 Οὐκ
1423 1904 1736 1975 ἀπεστάλην
1783 1906 1832 1958 εί
1877 1905 1951 1976 μὴ

338 1997 424 2060 είς
446 1997 522 2050 τὰ
550 1995 804 2068 πρόϐατα
830 1996 900 2050 τά
926 1997 1248 2050 ἀπολωλότα
1273 1997 1426 2050 οἴκου
1462 1996 1698 2068 Ἰσραὴλ.
1735 2014 1754 2048 ι
1793 1997 1956 2050 Ἀλλά

337 2090 530 2161 δεινὴν
559 2089 656 2144 καὶ
693 2088 974 2144 δύσοιστον
1007 2090 1226 2161 άληθῶς
1267 2090 1640 2161 ὑπομένοντας
1665 2087 1766 2160 τὴν
1793 2089 1954 2142 πλεο-

341 2181 534 2249 νεξίαν
576 2183 867 2254 (ὲπεπήδα
892 2182 1002 2255 γὰρ
1029 2183 1220 2255 ὥσπερ
1248 2183 1552 2255 συντρίϐων
1583 2185 1612 2236 ὁ
1641 2183 1952 2254 Σατανᾶς),

342 2273 679 2346 ἐλευθεροῦν
710 2275 1013 2329 ἐσκέπτετο
1033 2316 1047 2340 ,
1079 2277 1173 2330 καὶ
1203 2277 1366 2329 πόνου
1401 2274 1602 2339 παντὸς
1627 2275 1958 2343 ἀποφαίνειν

244 2397 248 2399 -
341 2365 836 2437 ἀπηλλαγμένους.
882 2367 1227 2431 Ἀπεκτονὼς
1256 2368 1312 2420 δὲ
1342 2367 1544 2439 τρόπον
1574 2367 1699 2420 τινὰ
1727 2367 1818 2421 τὸν
1850 2368 1958 2420 ἁδι-

342 2462 464 2513 κεῖν
506 2459 789 2531 ᾑρημένον
809 2501 823 2525 ,
873 2459 1220 2531 κατέκρυψεν
1252 2463 1331 2524 είς
1363 2462 1466 2532 γῆν
1487 2501 1504 2528 ,
1546 2460 1824 2514 τουτέστιν
1845 2499 1860 2525 ,
1897 2463 1956 2514 ὲν

345 2552 458 2612 τοῖς
492 2550 843 2619 ὑποχθονίοις
864 2550 1032 2604 ἐτίθει
1067 2552 1264 2621 μέρεσι
1283 2592 1297 2616 ,
1323 2551 1665 2606 κατακλείων
1695 2554 1774 2616 είς
1799 2553 1956 2626 ᾅδην.

345 2640 525 2701 Τοῦτό
553 2642 636 2694 τοί
665 2659 809 2712 φημι
842 2643 902 2695 τὸ
934 2645 993 2697 ὲν
1023 2643 1239 2716 ψάμμῳ
1266 2645 1533 2716 κρύπτειν
1562 2645 1838 2700 τεθνεῶτα
1865 2644 1960 2701 τὸν

346 2737 674 2804 Αἰγύπτιον.
733 2740 856 2793 ’Ότι
903 2739 960 2794 δὲ
1003 2739 1072 2793 τά
1102 2740 1212 2794 τῶν
1257 2741 1553 2812 δαιμονίων
1601 2742 1832 2812 θεομισῆ
1867 2744 1961 2796 καὶ

347 2829 646 2900 ἀκάθαρτα
678 2831 844 2903 στίφη
875 2833 944 2904 τῇ
990 2832 1087 2886 τοῦ
1119 2834 1376 2905 Σωτῆρος
1408 2835 1566 2906 ἡμῶν
1613 2835 1845 2906 ἀρρήτῳ
1872 2835 1962 2888 δυ-

347 2921 516 2991 νάμει
549 2924 922 2994 συνηλαύνετο
951 2927 1030 2989 είς
1057 2927 1147 2981 τὸν
1174 2926 1308 2999 ᾅδην
1327 2969 1342 2994 ,
1373 2928 1760 2994 καταδικάζετο
1787 2929 1846 2984 δὲ
1864 2929 1962 3000 τὴν

347 3013 593 3068 ἄϐυσσον
623 3017 791 3070 οἰκεῖν
811 3057 826 3082 ,
858 3019 1130 3087 ἀναμάθοι
1162 3037 1244 3084 τις
1274 3020 1340 3074 ἂν
1369 3021 1464 3074 καὶ
1496 3020 1642 3091 μάλα
1665 3021 1868 3094 ῥαδίως
1896 3022 1962 3074 ὲκ

348 3103 459 3155 τῶν
489 3104 872 3174 εύαγγελικῶν
901 3109 1371 3182 ἀναγνωσμάτων.
1413 3132 1432 3166 ι
1465 3113 1825 3186 Παρεκάλουν
1850 3113 1960 3188 γὰρ

346 3196 518 3248 αὑτὸν
537 3237 550 3257 ,
580 3199 748 3268 φησὶν
765 3239 780 3264 ,
807 3201 855 3253 οἱ
879 3200 1136 3273 δαίμονες
1153 3246 1168 3269 ,
1197 3204 1284 3259 ἵνα
1311 3205 1388 3277 μὴ
1408 3205 1643 3279 ἐπιτάξῃ
1666 3206 1854 3272 αὐτοῖς
1878 3207 1958 3272 είς

347 3286 448 3358 τὴν
475 3287 721 3345 ἄϐυσσον
743 3292 1020 3349 ἀπελθεῖν.
1055 3313 1075 3348 ι
1117 3297 1204 3360 Ὠς
1226 3297 1338 3370 γὰρ
1363 3297 1604 3370 πληθύος
1623 3300 1724 3371 ἤδη
1754 3299 1959 3372 πολλῆς

348 3384 922 3456 προαπεσταλμένης,
957 3389 1007 3441 oi
1045 3389 1493 3461 περιλει·,;θέντες
1528 3392 1608 3446 ἐτι
1639 3393 1960 3464 προσιόντες

350 3473 708 3542 παρεκάλουν
735 3475 984 3532 ἀνεῖσθαι
1009 3477 1147 3544 τέως
1171 3480 1358 3544 αὐτοῖς
1379 3480 1442 3534 τὸ
1459 3484 1572 3545 τοῖς
1591 3483 1801 3555 ἑτέροις
1827 3499 1960 3552 συγ-

348 3565 809 3636 κατακρίνεσθαι.
846 3569 968 3622 Ὅτι
1018 3568 1077 3622 δὲ
1124 3571 1486 3644 κατῃκίζοντο
1529 3573 1630 3644 τῆς
1681 3573 1760 3636 εἰς
1811 3573 1960 3643 ἡμᾶς

347 3659 642 3730 ὠμότητος
669 3662 1128 3734 εἰσπραττόμενοι
1158 3663 1314 3727 δίκας
1334 3705 1350 3728 ,
1383 3665 1697 3736 καταθεῷτό
1735 3683 1818 3730 τις
1857 3665 1956 3731 ἂν,

349 3753 397 3804 εἰ
436 3751 684 3820 βούλοιτο
706 3793 724 3818 ,
768 3756 862 3808 καὶ
896 3756 1166 3827 ἀμογητὶ,
1217 3757 1678 3830 ἀνακεκραγότων
1715 3759 1953 3812 ἀκούων·

353 3862 372 3893 ι
417 3845 563 3906 Ἔα,
595 3845 650 3898 τί
695 3847 827 3916 ἡμῖν
871 3848 968 3901 καὶ
1011 3849 1127 3913 σοὶ,
1188 3849 1372 3920 Ἰησοῦ,
1392 3850 1720 3922 Ναζαρηνέ;
1754 3846 1960 3915 τΗλθες

347 3930 457 3990 ὧδε
491 3937 600 4008 πρὸ
634 3938 829 4009 καιροῦ
877 3939 1170 4009 βασανίσαι
1216 3943 1394 4013 tuaac;
1439 3961 1457 3993 ι
1496 3942 1706 3998 Οὐκοῦν
1737 3943 1956 4014 ἐπειδή-

348 4047 461 4100 περ
492 4027 749 4084 ἐτεθέατο
785 4031 1020 4102 Χριστὸς
1053 4033 1344 4105 ἁφορήτως
1376 4035 1697 4103 ἐγκείμενον
1727 4038 1839 4098 τοῖς
1868 4036 1962 4089 ἐπὶ

350 4123 456 4192 γῆς
487 4121 582 4174 τὸν
620 4121 958 4192 Αἰγύπτιον,
989 4124 1341 4195 κατέκρυψεν
1371 4125 1534 4179 αὐτὸν
1561 4127 1640 4188 εἰς
1675 4125 1766 4178 τὸν
1801 4126 1958 4198 ᾅδην.

353 4213 534 4266 Τοῦτό
561 4230 646 4267 τοι
681 4215 846 4269 πάλιν
878 4215 956 4279 ὡς
985 4217 1043 4268 ὲν
1075 4219 1257 4280 σκιαῖς
1290 4217 1384 4270 καὶ
1407 4217 1599 4281 τύποις
1639 4218 1965 4272 ἀποτετέλε-

352 4323 450 4358 κεν
490 4306 738 4377 Ἰησοῦς,
783 4309 811 4359 ὁ
839 4307 1162 4372 διαϐιϐάσας
1195 4310 1288 4363 τὸν
1331 4307 1603 4382 Ἰορδάνην
1637 4313 1764 4376 τοὺς
1813 4314 1962 4374 υἱοὺς

365 4399 626 4470 Ἰσραὴλ,
674 4400 769 4453 καὶ
817 4403 1208 4474 στρατηγήσας
1244 4404 1380 4473 μετὰ
1416 4405 1641 4458 Mensa.
1682 4405 1963 4474 Κατέδησε

2056 1911 2186 1957 sunt
2205 1903 2618 1972 promissiones,
2651 1905 2900 1975 ipsorum
2930 1905 3060 1960 item
3085 1913 3272 1975 patres
3299 1903 3504 1974 quibus
3531 1919 3663 1973 pro-

2055 1996 2351 2052 missiones
2384 1996 2544 2053 facta:
2588 2005 2739 2053 sunt.
2792 1997 2947 2054 Unde
2982 2007 3040 2052 et
3075 1997 3193 2071 ipse
3243 1996 3381 2053 dixit
3420 2015 3432 2050 :
3481 2015 3498 2047 ‹
3540 1997 3664 2052 Non

2057 2103 2181 2144 sum
2207 2088 2411 2144 missus
2442 2090 2552 2144 nisi
2576 2089 2646 2144 ad
2676 2105 2808 2146 oves
2832 2091 3078 2160 perditas
3113 2089 3312 2145 domus
3334 2090 3504 2144 Israel
3535 2089 3580 2121 “
3641 2109 3658 2140 ι

2058 2180 2575 2247 Verumenimvero,
2616 2196 2746 2237 eum
2809 2182 3114 2252 reperisset
3168 2181 3466 2236 nonnullos
3515 2181 3666 2252 gravi

2058 2277 2225 2340 atque
2273 2271 2623 2351 intoleranda
2671 2273 2962 2345 tyrannide
2998 2288 3293 2344 oppressos
3343 2272 3670 2345 (insultabat

2057 2362 2206 2418 enim
2237 2364 2321 2418 eis
2349 2365 2763 2435 praedabundus
2793 2364 3070 2434 Satanas),
3090 2366 3331 2421 liberare
3355 2366 3666 2428 contendit,

2058 2465 2225 2526 atque
2251 2457 2322 2512 ab
2359 2460 2511 2513 omni
2541 2458 2839 2514 amictione
2872 2459 3182 2516 vindicare.
3206 2459 3458 2530 Cumque
3491 2459 3668 2514 inter-

2059 2547 2284 2604 fecisset
2308 2549 2717 2620 quodammodo
2740 2567 2867 2606 eum
2891 2548 2987 2622 qui
3017 2567 3121 2606 nos
3144 2551 3345 2623 injuria
3374 2549 3667 2615 afﬁciebat,

2059 2643 2306 2698 occuluit
2337 2643 2392 2698 in
2421 2651 2588 2708 terra,
2633 2645 2739 2700 hoc
2762 2654 2868 2709 est,
2902 2645 2956 2699 in
3000 2645 3379 2702 subterraneis
3416 2645 3672 2715 partibus

2060 2735 2374 2801 constituit,
2410 2737 2752 2792 concludens
2779 2737 2837 2792 in
2879 2737 3182 2792 infernum.
3217 2737 3333 2792 Hoc
3359 2737 3508 2792 enim
3547 2752 3671 2792 esse

2061 2843 2265 2884 censeo
2310 2839 2591 2884 mortuum
2621 2827 2936 2902 Egyptian)
2972 2831 3030 2885 in
3075 2830 3271 2885 sabulo
3306 2829 3669 2884 abscondere.

2060 2919 2335 2977 Caeterum
2358 2921 2508 2992 quod
2539 2922 2702 2977 turba
2733 2919 3136 2976 daemoniorum
3163 2921 3342 2977 invisa
3370 2920 3485 2975 Deo
3506 2925 3672 2990 atque

2062 3013 2370 3078 immunda,
2407 3013 2676 3068 ineﬂ‘abili
2729 3012 3035 3068 Salvatoris
3073 3014 3251 3068 nostri
3296 3012 3546 3084 potentia
3578 3011 3681 3066 de-

2064 3114 2218 3161 trusa
2253 3106 2327 3162 sit
2351 3105 2409 3161 in
2465 3105 2770 3170 infernum,
2798 3105 3048 3176 adeoque
3097 3105 3167 3161 ad
3218 3103 3586 3161 habitandum
3614 3103 3672 3160 in

2063 3200 2261 3272 abysso
2289 3199 2676 3264 condemnata,
2693 3198 2854 3254 facile
2871 3198 2998 3268 quis
3012 3214 3077 3252 ex
3095 3197 3412 3268 evangeliea.
3434 3196 3673 3251 lectione

2061 3289 2342 3348 didicerit.
2387 3309 2406 3341 ι
2454 3289 2744 3361 Rogahant
2777 3287 2926 3345 enim
2953 3304 3100 3354 eum,
3133 3289 3336 3359 inquit,
3369 3288 3671 3353 daamones,

2061 3399 2131 3438 ne
2155 3383 2482 3454 praeciperet
2512 3382 2619 3439 sibi
2644 3391 2705 3437 ut
2731 3383 2788 3438 in
2820 3385 3081 3455 abyssum
3117 3374 3522 3437 descenderent
3547 3382 3612 3434 δ’.
3650 3401 3668 3432 ι

2060 3475 2198 3530 Nam
2229 3489 2358 3530 cum
2401 3491 2599 3548 magna
2639 3476 2938 3531 multitudo
2971 3477 3085 3547 jam
3114 3476 3363 3546 ingressa
3389 3482 3556 3539 esset,
3581 3473 3676 3528 isti

2061 3569 2159 3640 qui
2188 3569 2388 3640 reliqui
2437 3577 2598 3625 erant
2629 3570 2958 3625 accedentes
3012 3568 3280 3640 rogabant
3303 3581 3432 3623 eum
3463 3568 3678 3624 remitti

2063 3662 2218 3733 ipsis,
2252 3679 2325 3719 ne
2349 3679 2476 3719 cum
2534 3663 2659 3719 aiiis
2698 3663 3229 3718 condemnarentur.
3277 3660 3438 3727 Quod
3487 3665 3674 3714 autem

2062 3756 2245 3828 puniti
2297 3757 2412 3812 sint
2441 3756 2791 3812 crudelitatis
2830 3771 2966 3820 sum,
3001 3771 3110 3826 qua
3145 3754 3413 3810 adversus
3443 3769 3544 3808 nos
3590 3754 3674 3818 usi

2063 3857 2215 3914 sunt,
2255 3864 2450 3919 pmnas
2481 3850 2721 3913 luentes,
2770 3849 2910 3905 citra
2941 3848 3225 3919 negotium
3257 3848 3352 3917 qui
3403 3847 3553 3901 volet
3581 3845 3675 3900 de-

2062 3941 2448 4013 prehenderit,
2473 3941 2704 3998 audiens
2720 3942 3026 3997 clamantes
3069 3959 3083 3993 :
3127 3959 3145 3990 ι
3181 3939 3334 4005 Sine,
3358 3938 3491 4009 quid
3514 3938 3678 3992 nobis

2063 4044 2120 4090 et
2156 4034 2280 4100 tibi,
2312 4035 2443 4092 Iesu
2471 4034 2793 4090 Nazarene?
2819 4032 3032 4089 Venisti
3061 4033 3171 4088 huc
3192 4039 3254 4086 ut
3299 4040 3428 4086 ante
3461 4038 3678 4100 tempus

2065 4144 2166 4184 nos
2183 4136 2444 4198 torqueas
2461 4126 2506 4158 ""
2525 4128 2547 4180 ?
2583 4147 2600 4178 ι
2636 4125 2776 4182 Cum
2795 4125 2962 4196 igitur
2987 4125 3243 4181 Christus
3261 4123 3495 4179 vidisset
3509 4123 3675 4177 istum

2063 4217 2379 4290 Egyptium
2433 4233 2558 4273 esse
2619 4217 2920 4272 molestum
2986 4216 3329 4279 hominibus,
3386 4212 3678 4270 abscondit

2067 4311 2246 4380 ipsum
2272 4311 2326 4364 in
2366 4309 2675 4378 infernum.
2721 4308 2840 4364 Hoc
2882 4309 3066 4377 ipsum
3099 4308 3269 4362 etiam
3311 4314 3570 4376 tanquam
3618 4305 3692 4367 in,

2067 4385 2281 4457 umbris
2309 4417 2374 4458 ac
2401 4400 2546 4472 typis
2579 4407 2942 4470 repraesentat
2978 4399 3166 4463 Iosue,
3193 4397 3289 4468 qui
3331 4397 3472 4452 ﬁlios
3507 4395 3681 4451 Israel

352 4491 467 4562 γὰρ
493 4494 552 4544 ἐν
573 4491 822 4563 σπηλαίῳ
846 4492 975 4557 τοὺς
995 4493 1159 4548 πέντε
1181 4494 1288 4547 τῶν
1323 4497 1668 4567 Ἀμορραίων
1697 4496 1956 4566 βασιλεῖς,

2067 4510 2165 4563 per
2185 4494 2484 4549 Iordanem
2513 4492 2778 4556 traduxit,
2802 4499 2860 4548 et
2892 4491 3003 4546 dux
3026 4490 3157 4547 belli
3185 4489 3288 4544 fuit
3312 4497 3438 4560 post
3463 4488 3676 4543 Mosen.

354 4584 611 4651 πλαγίως
639 4587 774 4656 ἡμῖν
803 4584 898 4639 τοῦ
928 4586 1103 4640 τύπου
1145 4590 1645 4656 προαναφαίνοντος
1665 4631 1678 4653 ,
1718 4591 1800 4643 ὅτι
1825 4595 1964 4660 μετὰ

354 4676 457 4747 τὴν
496 4679 558 4731 ὲν
587 4677 741 4748 νόμῳ
777 4677 1056 4734 πολιτείαν
1087 4681 1430 4752 ἀναδειχθεὶς
1471 4684 1555 4752 ἐφ’
1593 4684 1741 4753 ἡμᾶς
1773 4684 1801 4734 ὁ
1831 4685 1963 4753 Ἐμ-

355 4768 610 4841 μανουὴλ
647 4769 930 4840 βασιλεὺς,
967 4772 1093 4836 τοὺς
1119 4774 1229 4826 τῶν
1274 4775 1568 4846 δαιμονίων
1600 4776 1959 4849 ἐξάρχοντας,

354 4859 621 4934 καθάπερ
647 4863 705 4914 ὲν
756 4861 913 4932 βαθεῖ
944 4869 1353 4936 κατασφραγιεῖ
1388 4867 1636 4938 σπηλαίῳ
1680 4871 1792 4932 τοῖς
1827 4870 1963 4921 ὑπο-

351 4956 596 5027 χθονίοις
633 4959 848 5028 μυχοῖς.
886 4958 1259 5032 Ἀνῃρημένου
1291 4961 1357 5033 δὴ
1383 4958 1478 5017 οὖν
1511 4963 1605 5017 τοῦ
1637 4965 1963 5036 ἐγκειμένου

356 5050 457 5103 καὶ
483 5048 794 5112 θλίϐοντος,
825 5053 894 5123 τῇ
921 5051 1105 5122 ἡμέρᾳ
1133 5055 1198 5125 τῇ
1232 5054 1463 5126 δευτέρςιι⁸
1483 5093 1498 5118 ,
1530 5057 1694 5127 φησι,
1723 5055 1820 5111 δύο
1849 5057 1966 5110 δια-

355 5138 822 5212 πληκτιζομένων
868 5141 1171 5213 Ἐϐραίων,
1225 5143 1533 5217 βραϐευτὴς
1571 5149 1651 5211 εἰς
1686 5148 1849 5218 μέσον
1882 5148 1969 5218 εἴη

354 5233 572 5304 Μωσῆς
594 5276 608 5296 .
637 5233 736 5289 καὶ
763 5234 1090 5306 διαλλακτὴς
1135 5239 1217 5300 είς
1257 5239 1481 5310 εἰρήνην
1515 5243 1625 5302 τοῖ;
1669 5241 1969 5311 ἁφιλαλλή-

353 5326 470 5389 λως
509 5325 882 5398 διεστηκόσιν.
920 5327 1015 5392 Είς
1050 5329 1252 5401 ἔχθραν
1286 5332 1628 5402 ἐνεφαίνετο,
1682 5333 1853 5401 λέγων
1895 5332 1970 5404 τῷ

353 5417 802 5485 καταϐιάζεσθαι
851 5420 942 5474 τὸν
988 5423 1219 5493 ἀδελφὸν
1271 5422 1545 5479 ἑθέλοντι’
1586 5445 1603 5476 ι
1661 5426 1778 5479 Ἵνα
1810 5427 1862 5478 τί
1903 5425 1966 5478 σὺ

353 5512 590 5576 τύπτεις
621 5512 714 5566 τὸν
749 5512 1006 5583 πλησίον;
1051 5515 1114 5573 Ὀ
1138 5517 1192 5570 δὲ
1229 5517 1365 5588 πρὸς
1403 5518 1587 5572 αὐτόν·
1621 5517 1714 5583 Τίς
1745 5537 1804 5572 σε
1836 5536 1968 5572 κατι

359 5603 602 5674 «ἔστησεν
636 5605 878 5677 ἄρχοντα
906 5608 998 5661 καὶ
1028 5607 1294 5680 δικαστὴν
1327 5610 1409 5679 ἐφ’
1436 5613 1586 5682 ἡμᾶς
1613 5627 1628 5677 ;
1663 5612 1730 5663 Ἢ
1762 5610 1970 5664 ἀνελεῖν

438 5717 484 5749 δ’
517 5717 726 5791 ligor.
766 5735 879 5791 νιιι,
909 5718 961 5773 θ.
1037 5721 1079 5753 ⁵³
1115 5721 1314 5791 Philip.
1367 5739 1424 5786 ιι,
1465 5724 1514 5776 7.

358 5788 454 5843 5i.
535 5787 579 5822 ³⁸
610 5789 775 5854 ibid.,
794 5788 884 5842 28.

1593 5723 1634 5753 ³*
1657 5722 1810 5777 Joan.
1855 5738 1982 5786 ml,
2017 5721 2069 5782 5.,
2151 5719 2192 5750 ’⁵⁵
2225 5718 2345 5772 Act.
2380 5732 2510 5783 xm,
2537 5715 2608 5768 98

2069 4586 2203 4642 Nam
2240 4586 2332 4640 hic
2372 4585 2428 4640 in
2453 4584 2717 4655 spelunca
2741 4584 2989 4654 quinque
3023 4583 3474 4638 Amorrhaeorum
3519 4599 3678 4653 reges

2073 4680 2279 4751 ligavit,
2321 4677 2783 4749 praesigniﬁcante
2825 4677 3090 4734 nimirum
3124 4676 3348 4747 oblique
3383 4677 3489 4731 hoc
3525 4684 3676 4746 typo,

2070 4773 2221 4843 quod
2245 4781 2369 4844 post
2418 4773 2592 4828 vitam
2632 4771 2689 4826 in
2721 4773 2841 4842 lege
2886 4771 3214 4830 Emmanuel
3253 4787 3348 4826 rex
3384 4780 3576 4826 noster
3607 4772 3680 4826 sit

2069 4867 2403 4930 declaratus,
2446 4864 2608 4935 255
2641 4863 3044 4922 daemoniorum
3106 4863 3390 4933 principes
3415 4871 3676 4932 tanquam

2073 4977 2126 5012 .n
2151 4958 2424 5028 profunda
2440 4967 2495 5014 et
2512 4958 2700 5014 abdita
2715 4957 3111 5027 obsignaturus
3138 4955 3402 5024 spelunca
3421 4954 3476 5008 in
3502 4969 3678 5024 pene-

2071 5049 2303 5102 tralibus
2365 5047 2766 5102 subterraneis.
2826 5045 3058 5100 Sublato
3105 5044 3274 5115 igitur
3319 5057 3386 5098 eo
3422 5043 3516 5114 qui
3575 5060 3679 5099 nos

2069 5141 2362 5211 allligebat,
2402 5141 2628 5195 Postero
2673 5139 2786 5204 die,
2819 5137 3020 5206 inquit,
3057 5145 3206 5192 mota
3235 5137 3349 5191 rixa
3390 5137 3535 5192 inter
3568 5136 3684 5192 He-.

2070 5235 2274 5298 brzws,
2296 5241 2582 5303 sequester
2613 5234 2669 5287 in
2700 5232 2944 5287 medium
2974 5231 3243 5302 processit
3273 5232 3452 5288 Moses
3466 5240 3522 5287 et
3541 5247 3691 5287 con-.

2069 5328 2311 5393 ciliator,
2343 5333 2405 5380 ut
2437 5325 2652 5381 scilicet
2679 5324 2748 5385 ad
2771 5340 2962 5396 pacem
2993 5340 3090 5380 eos
3110 5324 3206 5395 qui
3232 5323 3510 5380 hostiliter
3535 5324 3681 5380 inter

2077 5438 2134 5476 se
2160 5419 2572 5475 contendebant
2601 5417 2910 5482 reduceret,
2956 5417 3150 5475 dicens
3178 5417 3228 5472 ei
3251 5418 3347 5488 qui
3371 5417 3529 5474 fratri
3565 5417 3680 5470 vim

2078 5513 2284 5568 inferre
2330 5511 2550 5566 volebat
2589 5528 2602 5564 :
2640 5530 2656 5564 ι
2700 5510 2884 5579 Quare
2945 5520 3001 5566 tu
3058 5512 3306 5581 percutis
3363 5509 3678 5582 proximum

2078 5606 2274 5661 tuum?
2305 5603 2374 5660 At
2412 5604 2502 5658 ille
2535 5622 2547 5658 :
2581 5603 2716 5671 Quis
2753 5612 2826 5669 te,
2865 5603 3064 5674 inquit,
3097 5603 3384 5660 constituit
3425 5609 3687 5656 nostrum
3743 5629 3746 5636 -

2714 5715 2757 5748 ⁵⁸
2791 5715 2980 5770 Matth.
3011 5732 3098 5779 xv,
3127 5715 3216 5772 ει.
3295 5715 3337 5745 ⁸⁷
3369 5712 3505 5768 Luc.
3562 5727 3680 5779 νιιι,
