4060 6452
277 292 384 351 ωπ

1337 294 1866 355 σιηηγιιοιιωι
1904 297 1974 354 IN
2013 295 2305 355 EXODUM
2341 295 2471 353 LIB.
2512 295 2553 352 l.

3492 298 3594 357 ιοε

278 416 371 468 καὶ
395 414 460 479 ἐξ
482 412 749 484 οὐρανοῦ,
789 415 885 468 καί
920 413 1071 486 παρὰ
1115 413 1364 487 Πατρδς,
1394 414 1651 487 καθάπερ
1686 414 1880 487 ἀμέλει

1990 425 2158 471 tatem
2176 414 2417 485 ,Judaeus
2446 429 2559 470 non
2585 419 2755 479 esset,
2779 421 2972 484 utpote
2999 413 3282 480 Verbum;
3320 418 3417 471 sed
3440 434 3473 472 e
3496 434 3593 472 su-

276 509 374 561 καὶ
412 508 445 561 ό
489 507 789 570 θεσπέσιος
827 508 1060 578 Μωσῆς,
1092 506 1338 560 ἐτίκτετο
1369 506 1470 578 μέν
1499 507 1559 560 ὲν
1587 505 1883 577 Αἰγύπτῳ,

272 604 370 656 καὶ
389 597 461 673 ἦν
495 600 754 673 Ἐϐραῖος
782 600 843 666 ἐξ
879 599 1149 674 Ἐὕραίων
1168 641 1183 663 ,
1216 599 1376 672 ῥίζαν
1401 598 1541 671 ἔχων
1563 599 1763 669 εὐγενῆ
1791 599 1888 654 καὶ

274 695 445 763 ἁγίαν
485 693 590 748 τοῦ
621 693 853 764 πατρός.
914 692 1076 746 Ἀλλά
1104 691 1213 746 τῶν
1243 691 1303 757 ἐξ
1332 692 1565 762 αἵματος
1594 690 1887 754 ὀνειδιζόν-

273 806 382 842 των
415 786 598 859 αἰτῷ,
651 787 746 841 καὶ
790 789 848 840 έν
901 786 1158 858 ὶσχάταις
1207 785 1443 857 ἑχόντων
1493 782 1770 847 διαϐολαῖς
1817 782 1911 839 τὰΔ

272 876 417 949 ὑπέρ
449 894 519 944 γε
556 875 712 947 σφῶν
744 874 929 930 αὐτῶν
973 876 1352 948 πραττόμενα,
1395 872 1663 945 μετετέθη
1700 871 1890 928 λοιπὸν

269 977 350 1035 εἰς
377 968 483 1042 τὴν
506 969 740 1042 Μαδιάμ
758 1010 773 1031 ,
805 969 900 1023 καί
928 969 1010 1030 εἰς
1036 968 1137 1042 τὴν
1157 968 1266 1023 τῶν
1301 966 1636 1039 ἑτερογενῶν
1669 963 1889 1037 μεθωρο

272 1060 470 1133 μίζετο
491 1058 706 1131 χώραν.
735 1054 875 1116 Εἶτα
900 1059 1239 1133 προσιζήσας
1267 1058 1348 1130 τῷ
1374 1057 1599 1130 φρέατι,
1630 1059 1752 1121 ταῖς
1796 1057 1891 1109 Ίοι

269 1155 366 1225 θδρ
393 1156 660 1226 ἐπήμυνε
687 1153 1045 1227 θυγατράσιν.
1073 1153 1140 1206 At
1170 1153 1272 1224 μὲν
1313 1151 1422 1224 γάρ
1463 1147 1622 1206 οὖσαι
1642 1151 1734 1204 τὴν
1761 1151 1889 1224 ἀρι-

271 1244 403 1315 θμὸν
433 1244 615 1309 ἑπτὰ,
654 1246 751 1301 καὶ
780 1246 883 1310 τάς
917 1245 1012 1300 τοῦ
1048 1245 1178 1300 ἰδίου
1206 1244 1415 1317 πατρὸς
1440 1244 1644 1315 ἀγέλας
1675 1245 1887 1299 διαποι-

271 1337 605 1405 μαίνουσαι,
639 1337 1042 1411 προσεκόμιζον
1086 1341 1208 1402 ταῖς
1239 1337 1430 1409 ληναίς
1458 1336 1790 1408 δεδιψηκότα
1814 1336 1884 1390 τὰ

266 1430 595 1502 θρέμματα.
662 1430 1050 1503 ’Λρυσαμένας
1104 1430 1163 1483 δὲ
1214 1430 1317 1502 ήδη
1381 1433 1476 1484 καὶ
1541 1430 1639 1484 σὺν
1697 1427 1883 1500 ἱδρῶτι

265 1523 475 1594 πολλῷ,
507 1524 1027 1595 πεπλεονεκτήκασι
1043 1522 1154 1578 τῶν
1185 1523 1430 1579 αἰπόλων
1464 1523 1631 1589 τινές.
1677 1523 1882 1596 ’Υπερ-

263 1618 473 1690 ήθλησε
531 1617 594 1670 δὲ
653 1618 894 1689 Μωσῆς,
939 1618 1038 1672 καὶ
1074 1618 1265 1689 χερσὶν
1299 1619 1460 1683 ἰδίαις
1495 1617 1877 1690 ἀνιμὼμενος,

1991 505 2184 576 pernis
2213 513 2273 560 et
2291 520 2324 561 e
2345 503 2489 561 cado
2513 512 2570 560 et
2604 520 2672 560 ex
2706 504 2891 569 Patre,
2917 511 2980 557 ut
3026 501 3145 560 fere
3169 503 3338 560 etiam
3372 504 3599 563 divinus

1992 595 2171 653 Moses
2202 604 2367 652 natus
2399 595 2629 667 quidem
2660 594 2766 650 fuit
2796 595 2856 651 in
2894 593 3149 666 Egypto,
3186 595 3286 652 sed
3326 604 3448 653 erat
3484 595 3593 652 He-

1990 688 2174 745 braeus
2198 705 2267 745 ex
2287 688 2559 752 Hebraeis,
2608 696 2900 759 paternam
2949 686 3197 743 radicem
3239 687 3487 744 nobilem
3531 703 3595 745 ac

1988 789 2236 839 sanctam
2270 781 2502 838 habens.
2528 781 2769 851 Ideoque
2807 795 2936 835 eum
2969 779 3084 846 isti,
3117 780 3214 851 qui
3237 780 3457 853 cognati
3490 781 3594 853 ipsi

1986 883 2168 940 erant,
2194 884 2459 930 vexarent
2490 889 2620 930 eum
2655 873 2903 944 probris,
2936 883 2995 930 et
3025 890 3152 945 quae
3180 888 3282 945 pro
3313 872 3452 945 ipsis
3475 890 3600 931 sus-

1986 978 2148 1035 cepta
2180 972 2343 1021 erant
2380 979 2735 1035 summopere
2781 965 3280 1030 calumniarentur,
3317 966 3598 1022 concessit

1987 1057 2214 1112 demum
2282 1055 2339 1110 in
2401 1054 2640 1121 Madian,
2701 1055 3097 1127 regionemque
3153 1058 3593 1130 alienigenarum

1986 1148 2382 1219 frequentavit.
2423 1146 2634 1206 Deinde
2663 1164 2793 1204 cum
2836 1148 2907 1204 ad
2957 1158 3187 1221 puteum
3226 1150 3593 1215 consedisset.

1987 1241 2210 1297 liiiabus
2236 1241 2431 1297 Jethro
2462 1242 2859 1313 opitulabatur.
2902 1243 2996 1300 Hae
3024 1244 3176 1300 enim
3197 1254 3360 1301 erant
3382 1254 3595 1316 septem

1985 1351 2242 1403 numero,
2285 1337 2460 1407 patris
2490 1337 2577 1393 sui
2614 1353 2837 1409 gregem
2869 1348 3181 1409 pascentes,
3212 1340 3596 1411 eogebantquo

1983 1441 2117 1483 oves
2142 1427 2233 1483 siti
2263 1426 2581 1483 laborantes
2605 1426 2675 1483 ad
2700 1428 2941 1488 canales.
2974 1428 3253 1486 Cancrum
3290 1445 3492 1498 magno
3518 1428 3598 1484 la.-

1982 1518 2117 1575 bore
2158 1519 2495 1576 hauriebant
2532 1535 2732 1592 aquam
2769 1520 2843 1577 ob
2890 1521 3264 1592 quorumdam
3308 1531 3599 1594 pastorum

1978 1612 2331 1684 iniquitatem
2359 1612 2566 1671 :Moses
2606 1622 2792 1669 autem
2827 1615 3200 1686 propugnavit
3241 1630 3359 1682 eas,
3388 1623 3445 1672 et
3480 1615 3600 1672 suis

262 1708 493 1761 ἐπότισα
538 1708 610 1763 τά
651 1707 903 1782 πρόϐατα
939 1708 1153 1772 αὐτῶν,
1200 1709 1344 1764 καθὰ
1386 1710 1719 1781 γέγραπται.
1784 1712 1875 1766 Ἐν

1988 1704 2156 1775 ipsius
2202 1704 2465 1765 manibus
2503 1705 2769 1765 hauriens
2809 1705 3110 1778 adaquavit
3154 1708 3403 1780 ipsarum
3439 1723 3595 1773 oves.

260 1798 415 1864 τάξει
443 1798 513 1871 δὴ
534 1795 633 1854 οὖν
649 1798 749 1854 τοῦ
776 1800 987 1872 κόσμου
1012 1802 1105 1855 τὸν
1147 1802 1317 1876 Ἰοθὺρ
1339 1803 1789 1876 παραδεξόμεθα,
1819 1804 1881 1870 ὃς

1988 1798 2127 1855 sicut
2153 1799 2430 1871 scriptum
2450 1809 2538 1857 est
2554 1801 2620 1854 ".
2645 1798 3202 1868 Quocircamundum
3230 1818 3438 1873 praesa
3450 1801 3613 1858 ferro

262 1885 332 1963 ἢν
383 1892 576 1964 ἱερεὺς
618 1891 730 1947 τῶν
773 1882 1168 1965 Μαδιῆναίων,
1201 1895 1264 1949 οὐ
1310 1894 1433 1966 Θεῷ
1462 1896 1542 1968 τῷ
1576 1895 1739 1966 φύσει
1787 1899 1882 1953 καὶ

263 1981 491 2052 ἀληθῶς
516 1982 848 2055 ποιούμενος
872 1984 973 2055 την
996 1982 1282 2057 λατρείαν,
1309 1985 1453 2039 ἀλλά
1473 1989 1588 2051 τοίς
1614 1986 1882 2058 κτίσμασι

261 2076 420 2148 παρὰ
467 2077 569 2131 τὸν
618 2078 887 2131 κτίσαντα
938 2078 1035 2131 καὶ
1065 2077 1329 2151 ποιητὴν,
1379 2079 1415 2151 ἢ
1458 2081 1573 2145 τοῖς
1603 2080 1671 2134 ὲκ
1716 2079 1882 2136 λίθων

260 2168 673 2241 πεποιημένοις
689 2210 705 2235 ,
734 2170 831 2224 καὶ
860 2173 974 2234 τοῖς
994 2170 1270 2225 τεκτόνων
1293 2171 1746 2245 φιλοτεχνήμασι.
1773 2174 1882 2227 Πε-

261 2259 518 2331 πλάνητο
538 2260 601 2315 δὲ
626 2260 723 2314 καὶ
741 2262 771 2315 ό
792 2260 1021 2333 κόσμος,
1045 2261 1348 2333 δαιμονίοις
1370 2262 1464 2318 καὶ
1484 2264 1547 2318 οὐ
1567 2262 1689 2335 Θεῷ
1710 2280 1882 2337 προσ-

262 2352 474 2408 κυνῶν.
523 2353 933 2427 Ἐρμηνεύεται
975 2353 1033 2408 δὲ
1066 2357 1162 2410 καὶ
1200 2356 1371 2429 ἰοθὸρ
1407 2358 1811 2427 περισσότης,
1847 2357 1882 2429 ἢ

259 2447 569 2515 περιττός.
602 2446 859 2511 Τοιοῦτος
884 2446 943 2501 δὲ
981 2448 1076 2502 καὶ
1101 2448 1131 2501 ό
1162 2448 1402 2520 κόσμος,
1440 2449 1769 2521 περιττότης
1801 2448 1885 2503 ῶν

258 2539 381 2605 ὅλος
400 2556 418 2573 ’
464 2540 561 2595 διά
587 2557 673 2595 τοι
709 2540 772 2596 τὸ
802 2540 937 2613 δρᾷν
969 2543 1101 2607 τοὺς
1137 2542 1206 2596 τά
1233 2541 1402 2600 αὐτοῦ
1438 2545 1659 2614 φρονεῖν
1691 2542 1884 2615 ἑλομέ-

258 2650 387 2698 νους
417 2633 537 2688 τῶν
564 2635 886 2704 ἀναγκαίων
925 2635 1107 2701 οὐδὲν,
1138 2635 1372 2700 εἰκαίοις
1401 2636 1459 2690 δὲ
1495 2636 1686 2709 ῶσπερ
1720 2653 1885 2691 κατα-

262 2723 497 2795 μεθύειν
547 2727 993 2797 περισπασμοίς,
1044 2728 1140 2780 καὶ
1189 2726 1636 2805 διαρῤιπτεῖσθαι
1680 2727 1886 2799 τρόπον

256 2817 385 2872 τινὰ
427 2817 576 2892 πρὸς
610 2818 870 2890 ἀχρείους
909 2818 1126 2888 ἡδονάς.
1160 2819 1263 2889 Εἶη
1298 2819 1366 2877 ἃν
1403 2819 1508 2873 οὐκ
1541 2819 1882 2890 ἀμφίλογον,

255 2911 342 2965 δτι
388 2913 509 2976 τοῖς
554 2910 805 2966 ἐθέλουσι
858 2911 1011 2983 βιοῦν
1053 2910 1236 2986 ὀρθῶς
1268 2912 1501 2984 περιττά
1540 2912 1611 2968 τά
1643 2911 1885 2984 σαρκὸς,

259 3006 359 3059 καὶ
396 3005 465 3060 τὸ
498 3008 724 3079 φρονεῖν
752 3007 822 3062 τά
850 3007 911 3060 ὲν
943 3007 1160 3078 κόσμῳ,
1210 3007 1311 3078 τῆς
1336 3005 1433 3060 τοῦ
1477 3006 1752 3078 χρησίμου
1792 3007 1887 3062 καὶ

254 3099 573 3168 ἀναγκαίου
617 3099 970 3172 διημάρτηκε
1011 3099 1189 3172 θήρας
1212 3141 1227 3162 ,
1262 3100 1423 3170 εἴπερ
1464 3098 1617 3153 ἐστὶν
1662 3098 1883 3170 ἀληθὲς,
1913 3143 1956 3201 C

253 3194 341 3249 δτι
377 3214 400 3248 ι
438 3195 516 3249 Τδ
544 3194 806 3268 φρόνημα
833 3194 935 3262 τῆς
966 3194 1171 3266 σαρκὸς
1212 3191 1386 3264 ἔχθρα
1415 3191 1498 3255 εἰς
1528 3192 1697 3246 Θεόνι
1738 3211 1756 3245 ι
1788 3192 1883 3246 καὶ

251 3292 287 3344 ὁ
312 3286 541 3361 φρονῶν
565 3286 638 3342 τὰ
664 3286 760 3340 τοῦ
791 3286 1022 3355 κόσμου,
1055 3285 1253 3358 ἐχθρὸς
1297 3285 1397 3340 τοῦ
1439 3284 1576 3340 θεοῦ
1622 3283 1883 3340 καθίστα-

252 3400 375 3437 ται.
404 3381 750 3454 Περιττότης
778 3376 874 3435 οὖν
899 3379 1120 3451 ἀληθῶς
1144 3378 1206 3434 τὸ
1232 3381 1451 3452 φρονεῖν
1477 3378 1701 3434 ἑλέσθαι
1725 3379 1794 3433 τὰ
1824 3380 1881 3432 ἐν

257 3475 498 3548 κόσμῳ,
544 3474 643 3529 καὶ
682 3473 851 3538 αὐτὸς
892 3472 951 3526 δὲ
998 3475 1027 3526 ὁ
1076 3472 1305 3545 κόσμος.
1346 3473 1496 3543 Ἔφη
1543 3472 1655 3543 γάρ
1707 3489 1812 3525 που
1853 3472 1884 3525 ὀ

257 3568 538 3641 Χριστός*
569 3587 589 3619 ι
638 3567 706 3622 Τί
732 3566 1153 3639 ὠφεληθήσεται
1192 3565 1484 3638 ἄνθρωπος
1527 3564 1624 3620 ἐὰν
1653 3563 1748 3618 τὸν
1790 3564 1882 3619 κό-

261 3678 407 3734 σμον
436 3662 563 3716 ὅλον
593 3661 863 3733 κερδήσῃ,
895 3659 993 3733 τὴν
1012 3660 1072 3714 δὲ
1101 3660 1283 3731 ψυχὴν
1310 3657 1478 3714 αὐτοῦ
1505 3657 1789 3729 ζημιωθῇς
1809 3659 1881 3712 Ἢ

258 3754 315 3809 τί
342 3751 516 3810 δώσει
547 3752 838 3826 ἄνθρωπος
869 3751 1234 3823 ἀντάλλαγμα
1258 3753 1358 3820 τῆς
1394 3750 1579 3821 ψυχῆς
1611 3748 1817 3818 αὐτοῦς
1855 3769 1875 3802 ι

332 3852 410 3916 η’.
446 3840 905 3915 Μετακεχώρηκε
952 3843 1136 3899 τοίνυν
1186 3845 1252 3897 ἐκ
1300 3842 1402 3913 τῆς
1430 3840 1749 3910 Αἰγυπτίων
1799 3842 1880 3905 εἰς

257 3939 501 4011 Μιδιάμ
531 3940 562 3993 ὁ
584 3936 827 4008 Μωσῆς,
874 3938 935 3993 έν
982 3939 1091 4009 ι’σῳ
1128 3937 1187 3991 δὲ
1231 3935 1421 4007 τρόπῳ
1454 3936 1550 3989 καὶ
1579 3937 1609 3990 ὁ
1638 3933 1879 4008 Χριστὸς

260 4034 329 4086 ἐκ
353 4031 461 4103 τῆς
508 4030 774 4095 Ἰουδαίας
795 4032 877 4093 εἰς
897 4030 1000 4103 τὴν
1022 4028 1335 4085 Γαλιλαίαν.
1361 4030 1557 4105 Ἀθρει
1585 4030 1641 4084 δὲ
1666 4030 1752 4084 ὅτι
1778 4027 1880 4099 μία

265 4125 372 4195 μὲν
407 4126 444 4195 ἠ
481 4122 630 4178 Λευτ·
648 4122 900 4196 θυγάτηρ
948 4124 983 4195 ἡ
1022 4122 1116 4177 τὸν
1172 4122 1320 4195 ἱερὸν
1366 4123 1605 4177 τεκοῦσα
1650 4121 1878 4179 Μωσέα.

263 4218 505 4282 Ἠλείους
536 4217 597 4272 δὲ
643 4218 753 4289 μὴν
791 4218 888 4272 καὶ
916 4217 1061 4271 έπτά
1090 4216 1185 4270 τὸν
1219 4216 1454 4289 ἀριθμὸν
1481 4218 1539 4270 αἰ
1578 4214 1750 4287 ἰοθδρ
1781 4214 1879 4269 τοῦ

263 4310 640 4380 Μαδιηναίου.
673 4310 790 4365 Μία
821 4310 923 4377 μὲν
947 4309 1058 4382 γὰρ
1095 4309 1193 4364 καὶ
1220 4310 1254 4380 ἡ
1281 4309 1393 4363 τῶν
1440 4308 1712 4363 Ἰουδαίων
1742 4306 1881 4377 πλη-

263 4404 389 4469 θὺς,
425 4404 489 4470 ἐξ
520 4399 592 4478 ἧς
619 4405 716 4458 καὶ
741 4403 1072 4476 γεγέννηται
1111 4403 1255 4459 κατά
1290 4402 1473 4473 σάρκα
1508 4400 1770 4471 Χριστὸς,
1800 4400 1879 4463 ῶς

1983 1891 2340 1949 censebimus
2363 1892 2581 1960 Jetbro,
2609 1894 2706 1964 qui
2725 1902 2845 1949 erat
2861 1893 3127 1950 sacerdos
3143 1893 3613 1960 hladianitarumt

1982 1999 2166 2055 neque
2179 2000 2372 2041 verum
2399 2001 2465 2041 ac
2484 1994 2682 2058 suapte
2699 1995 2902 2043 natura
2926 1987 3101 2042 Deum
3117 1985 3356 2052 colebat,
3387 1986 3482 2042 sed
3500 1994 3597 2041 ant

1984 2084 2268 2137 creaturas
2283 2076 2535 2134 Creatori
2560 2078 2912 2150 pneferebat,
2936 2088 3034 2136 aut
3053 2095 3119 2135 ea
3149 2096 3274 2150 quae
3291 2095 3361 2136 ex
3413 2079 3597 2149 lapide

1984 2168 2149 2241 257
2176 2180 2272 2226 aut
2315 2171 2465 2243 ligno
2503 2180 2664 2227 erant
2702 2170 3023 2227 fabrefacta.
3060 2172 3285 2228 Erravit
3310 2179 3499 2228 autem
3542 2180 3615 2232 et.

1984 2262 2078 2323 hic
2108 2263 2372 2331 mundus,
2398 2265 2694 2331 daemonia,
2720 2284 2830 2322 non
2862 2267 3036 2324 Deum
3071 2267 3377 2324 adorando.
3425 2267 3615 2323 Porro

1982 2350 2180 2409 Jethro
2199 2354 2891 2428 exponitursuperﬂuitas,
2921 2365 3019 2411 aut
3040 2360 3398 2430 superﬂuum.
3432 2358 3598 2429 Ejus:

1986 2446 2137 2503 modi
2160 2463 2297 2503 sane
2329 2449 2575 2511 mundus
2594 2458 2700 2516 est,
2730 2466 2858 2506 cum
2886 2458 3038 2509 totus
3078 2451 3153 2519 sit
3195 2449 3596 2523 superﬂuitas;

1985 2554 2056 2597 eo
2077 2540 2227 2611 quod
2262 2541 2359 2612 qui
2385 2542 2666 2599 mundana
2687 2551 2908 2608 curant,
2950 2544 3091 2601 nihil
3126 2560 3325 2601 eorum
3352 2561 3477 2617 qua:
3501 2562 3602 2600 ne—

1987 2634 2229 2692 cessaria
2256 2644 2388 2690 sunt
2411 2635 2638 2701 faciant,
2668 2636 2766 2692 sed
2793 2636 2952 2695 vanis
2977 2636 3413 2708 cogitationibus
3433 2635 3596 2699 ebrii,

1990 2727 2287 2785 inutilibus
2323 2729 2709 2800 voluptatibus
2737 2730 2841 2785 toti
2874 2737 3007 2785 sunt
3032 2728 3267 2789 addicti.
3306 2730 3404 2786 Est
3428 2729 3602 2802 igitur

1988 2820 2199 2891 absque
2227 2821 2403 2877 dubio
2416 2838 2635 2888 verum,
2667 2822 2818 2894 quod
2847 2822 2918 2879 iis
2933 2823 3030 2894 qui
3056 2822 3146 2893 pie
3169 2823 3358 2880 vivere
3381 2823 3598 2888 volunt,

1989 2931 2405 2985 supervacanea
2426 2916 2735 2972 carnalium
2760 2932 2828 2972 ac
2850 2916 3263 2973 mundanorum
3290 2933 3481 2973 rerum
3507 2931 3606 2973 eo-

1989 3007 2187 3081 gitatio
2209 3009 2280 3064 ab
2303 3010 2426 3082 ejus
2446 3010 2598 3081 quod
2620 3010 2759 3067 utile
2786 3026 2854 3067 ac
2878 3012 3258 3068 necessarium
3288 3021 3377 3067 est
3405 3027 3600 3069 censeo

1988 3104 2213 3162 eutione
2248 3104 2511 3171 abducat,
2556 3104 2835 3176 siquidem
2861 3121 3056 3163 verum
3083 3115 3169 3161 est
3194 3105 3328 3162 illud
3357 3124 3369 3161 :
3407 3124 3427 3158 ι
3456 3106 3606 3163 Pru-

1989 3195 2176 3252 dentia
2218 3198 2405 3253 carnis
2445 3197 2670 3254 inimica
2703 3208 2789 3255 est
2828 3200 2944 3255 Deo
2970 3200 3038 3255 ⁸⁷.
3071 3220 3089 3252 i
3124 3199 3195 3257 Et
3231 3199 3328 3270 qui
3367 3198 3513 3270 sapit
3533 3214 3601 3255 ea

1988 3289 2319 3359 quaamundi
2341 3299 2492 3356 sunt,
2526 3289 2793 3348 inimicus
2817 3291 2914 3347 Dei
2941 3291 3306 3347 constituitur
3329 3290 3396 3346 ³⁸.
3424 3289 3603 3347 Nimis

1986 3382 2176 3453 itaque
2218 3399 2351 3440 vere
2380 3385 2527 3455 sapit
2563 3385 2662 3455 qui
2702 3384 2897 3441 mundi
2927 3400 3018 3441 res
3042 3384 3201 3456 eligit
3228 3402 3242 3439 :
3271 3392 3440 3454 atque
3481 3383 3603 3455 ipso

1985 3475 2127 3532 adeo
2150 3476 2414 3532 mundus.
2440 3476 2533 3531 Ait
2564 3476 2717 3532 enim
2750 3477 2885 3534 alibi
2907 3477 3169 3534 Christus
3194 3496 3209 3531 :
3243 3497 3261 3529 ‹
3285 3475 3432 3544 Quid
3469 3492 3601 3548 pro-

1984 3567 2158 3624 fuerit
2196 3569 2413 3626 homini
2457 3571 2503 3627 si
2541 3578 2720 3627 totum
2765 3571 3040 3628 mundum
3089 3573 3377 3634 lueretur,
3402 3570 3607 3629 anima

1984 3666 2172 3714 autem
2219 3674 2335 3716 suae
2378 3659 2782 3719 detrimentum
2819 3662 3248 3733 patiatur?Aut
3269 3662 3403 3733 quid
3447 3660 3608 3725 dabit

1985 3751 2154 3808 homo
2178 3752 2236 3808 in
2264 3753 2709 3825 redemptionem
2735 3756 2938 3813 animae
2959 3772 3078 3813 sua:
3102 3757 3148 3791 ”
3173 3757 3197 3811 2
3224 3774 3244 3810 ι

2056 3843 2109 3899 8.
2145 3845 2413 3902 Discessit
2448 3845 2620 3918 igitur
2663 3846 2880 3921 Moyses
2901 3864 2969 3905 ex
2992 3847 3229 3921 (Egypto
3255 3847 3312 3903 in
3337 3847 3557 3904 Manlian
3581 3862 3600 3911 ε

1982 3938 2181 3994 eodem
2198 3938 2365 3995 modo
2386 3947 2447 3996 et
2466 3938 2728 3997 Christus
2751 3955 2821 3995 ex
2842 3940 3033 3997 Judaza
3060 3941 3116 3996 in
3142 3940 3447 3997 Galilaeam.
3466 3938 3605 3996 Vide

1983 4037 2173 4086 autem
2193 4046 2308 4103 quo
2333 4039 2495 4103 pacto
2519 4048 2632 4089 una
2655 4048 2725 4089 ex
2750 4032 2973 4091 ﬁliabus
2999 4032 3134 4089 Levi
3159 4033 3446 4105 pepererit
3477 4047 3605 4090 san-

1984 4130 2136 4181 ctum
2161 4122 2411 4196 Moysen.
2447 4123 2615 4196 Atqui
2655 4125 2870 4196 plures,
2897 4125 3165 4182 nimirum
3199 4134 3449 4196 septem,
3477 4123 3607 4180 lues

1984 4222 2117 4270 runt
2143 4213 2270 4271 lilia:
2292 4216 2490 4273 Jetbro
2508 4217 2849 4279 Madianitm.
2878 4218 3017 4274 Nam
3044 4234 3154 4274 una
3177 4227 3265 4275 est
3298 4215 3605 4273 multitudo

1981 4307 2336 4374 Iudaeorum,
2363 4325 2430 4364 ex
2474 4326 2586 4380 qua
2627 4321 2686 4368 et
2716 4310 2980 4368 Christus
3015 4310 3329 4367 secundum
3369 4325 3600 4365 carnem

1984 4408 2148 4456 natus
2169 4410 2278 4466 est,
2302 4401 2456 4473 quod
2477 4417 2610 4460 sane
2626 4403 2847 4459 velutin
2867 4411 2997 4475 typo
3012 4411 3166 4475 gesta
3180 4402 3384 4475 Moysis
3405 4402 3602 4458 adum-

262 4496 323 4548 έν
350 4496 517 4568 τύπῳ
561 4494 644 4567 τῷ
675 4495 822 4550 κατά
853 4495 1082 4550 Munia.
1139 4495 1344 4548 Πολλαὶ
1378 4495 1438 4548 δὲ
1470 4494 1593 4548 λίαν
1627 4493 1686 4547 αἰ
1713 4493 1882 4547 οἱονεὶ

1990 4490 2175 4547 brant.
2203 4492 2387 4550 nulla:
2408 4501 2597 4555 autem
2619 4503 2753 4551 sunt
2775 4494 2968 4549 mundi
2991 4494 3152 4564 quasi
3179 4494 3326 4557 ﬁliae,
3354 4494 3463 4550 hoc
3491 4502 3599 4558 est,

264 4589 361 4644 τοῦ
402 4591 616 4661 κόσμου
642 4589 971 4661 θυγατέρες,
1000 4588 1181 4643 είτουν
1218 4587 1415 4657 ἀγέλαι
1449 4586 1610 4658 τυχὸν
1640 4588 1699 4640 ὲν
1727 4584 1882 4658 αὐτῷ

264 4681 688 4737 κατοικούντων
735 4678 929 4737 tam.
977 4680 1166 4751 ’Δφείς
1202 4674 1298 4733 οὖν
1352 4677 1463 4750 ἀρα
1498 4676 1737 4750 Χριστὸς
1785 4676 1888 4748 τὴν

263 4775 393 4830 ὅθεν
443 4774 616 4843 ἐξέφυ
662 4773 810 4827 κατά
842 4774 943 4846 τὴν
988 4773 1176 4845 σάρκα
1223 4770 1594 4843 Συναγωγὴν,
1635 4770 1732 4824 tul.
1789 4768 1889 4834 τὰς

264 4867 476 4930 πολλὰς
510 4862 624 4921 τῶν
655 4865 829 4921 έθνῶν
857 4864 1225 4920 ἀπονένευκεν
1262 4863 1470 4933 ἀγέλας
1494 4879 1508 4896 ·
1546 4861 1615 4927 ἀς
1659 4862 1891 4935 πονηροὶ

267 4963 539 5034 ποιμένες
570 4958 988 5025 κατεϐιάζοντο,
1020 4957 1323 5020 τουτέστιν,
1357 4957 1409 5010 οί
1442 4955 1890 5028 κοσμοκράτορες

267 5055 365 5110 τοῦ
399 5054 617 5124 κόσμου
666 5052 886 5107 τούτου.
929 5052 1169 5107 Διέσωσε
1222 5049 1289 5122 δὴ
1333 5049 1518 5113 αὑτός.
1561 5048 1723 5104 Ἀλλά
1757 5048 1894 5120 φέρε

266 5152 532 5221 λέγωμεν
563 5148 664 5219 τῆς
702 5144 1023 5211 πλεονεξίας
1068 5146 1161 5200 τὸν
1186 5142 1392 5216 τρόπον
1422 5142 1514 5197 τὸν
1539 5142 1640 5212 τῆς
1662 5140 1893 5214 ἀρωγῆς

264 5226 746 5317 προσεπάγοντες.
786 5239 951 5303 Ἔθος
978 5241 1047 5310 τῇ
1093 5236 1217 5309 θείᾳ
1248 5236 1442 5307 Γραφῇ
1484 5234 1674 5305 λάκκῳ
1699 5249 1894 5305 παρει-

266 5340 467 5403 κάζειν
508 5337 613 5408 τὴν
650 5335 897 5406 ἔμφυτον
939 5333 999 5385 έν
1037 5333 1170 5403 ἡμῖν
1215 5329 1346 5401 περί
1378 5327 1516 5381 Θεοῦ
1549 5325 1774 5396 γνῶσιν,
1798 5323 1895 5379 καὶ

162 5444 172 5454 ‘
266 5432 397 5488 καθ’
422 5430 497 5503 ἦν
536 5429 749 5484 ἕκαστα
799 5424 911 5479 τῶν
953 5421 1249 5495 πρακτέων
1278 5415 1685 5490 ποδηγούμεθα.
1732 5416 1892 5469 Ἀνα-

265 5523 432 5595 (ipsis:
461 5521 574 5594 γὰρ
609 5519 810 5589 ῶσπερ
854 5518 913 5569 ἐν
946 5516 1079 5587 ἡμῖν
1116 5512 1371 5584 καθάπερ
1420 5509 1530 5563 ἀπὸ
1564 5507 1749 5579 πηγῆς
1792 5503 1888 5560 τοῦ

275 5618 362 5674 νοῦ
392 5616 486 5671 καὶ
526 5617 559 5687 ἡ
590 5612 800 5676 παντὸς
846 5609 1052 5680 aiat-.31;
1089 5606 1320 5677 ἀγαθοῦ,
1348 5606 1440 5659 καὶ
1475 5603 1573 5674 τῆς
1598 5603 1726 5673 περὶ
1749 5598 1886 5653 Θεοῦ

1989 4599 2188 4656 greges
2208 4584 2368 4656 quasi
2392 4586 2682 4643 nationum
2719 4586 2776 4642 in
2801 4604 2871 4645 eo
2912 4587 3305 4644 habitantium.
3345 4587 3607 4643 Christus

1992 4676 2205 4749 itaque,
2227 4679 2421 4736 relicta
2464 4695 2532 4736 ea
2564 4696 2635 4736 ex
2677 4696 2788 4753 qua
2835 4689 3001 4738 natus
3042 4681 3352 4737 secundum
3375 4695 3603 4737 carnem

1995 4767 2302 4842 Synagoga,
2347 4771 2418 4825 ad
2445 4772 2653 4828 multos
2682 4772 2934 4845 gentium
2967 4788 3165 4845 greges
3188 4769 3434 4837 deﬂexit,
3462 4786 3604 4842 quos

1994 4863 2127 4919 mali
2170 4872 2421 4936 pastores
2445 4864 2648 4938 injuria
2689 4866 3025 4932 adiciebant,
3054 4867 3161 4922 hoc
3179 4874 3283 4929 est.
3320 4864 3606 4935 principes

1993 4955 2165 5028 hujus
2208 4957 2420 5013 mundi.
2452 4957 2657 5015 Verum
2684 4960 2801 5030 ipse
2845 4958 3107 5015 servabat
3153 4973 3221 5013 ac
3263 4955 3605 5012 defendebat

1993 5056 2113 5107 eos.
2146 5049 2257 5108 Sed
2302 5066 2424 5123 age,
2451 5052 2705 5109 dicamus
2728 5052 2802 5109 de
2827 5051 3030 5124 injuria
3059 5051 3172 5116 illa,
3205 5059 3267 5106 ut
3288 5049 3453 5107 simul
3480 5065 3605 5104 mo-

1995 5141 2130 5199 dum
2152 5144 2344 5200 auxilii
2368 5146 2705 5216 aperiamus.
2734 5145 2852 5201 Mos
2881 5152 2969 5200 est
2992 5158 3165 5199 sacrm
3194 5142 3520 5213 Scripturte,
3546 5151 3611 5205 ut

1995 5233 2221 5290 insitam
2248 5235 2414 5291 nobis
2435 5235 2533 5292 Dei
2572 5235 2971 5306 cognitionem,
2998 5250 3108 5305 qua
3140 5232 3211 5290 ad
3251 5249 3342 5291 res
3365 5235 3611 5307 agendas

1996 5323 2137 5380 duce
2167 5324 2398 5390 utimur,
2425 5332 2594 5395 puteo
2617 5340 2717 5381 seu
2749 5325 2912 5381 fossae
2935 5333 3239 5396 comparet.
3266 5324 3403 5381 Nam
3431 5325 3613 5382 scien~

1997 5414 2074 5469 tia
2104 5414 2279 5472 totius
2319 5416 2451 5472 boni
2494 5426 2758 5486 tanquam
2801 5433 2870 5473 ex
2911 5416 3066 5473 fonte
3105 5417 3311 5475 mentis
3345 5416 3400 5472 in
3446 5416 3612 5472 nobis

1997 5508 2255 5574 scaturit,
2283 5517 2342 5566 et
2384 5510 2576 5581 gloriae
2609 5510 2708 5566 Dei
2748 5511 2994 5583 cognitio
3018 5511 3190 5568 veluti
3221 5512 3281 5568 in
3304 5509 3533 5581 speculo
3556 5513 3614 5562 et

1993 5597 2049 5654 in
2086 5588 2378 5673 aenigmate
2413 5603 2479 5657 ‘°.
2510 5602 2669 5660 Unde
2701 5612 2758 5659 et
2789 5604 2928 5661 istos
2960 5605 3055 5675 qui
3097 5609 3463 5661 contemnunt
3508 5598 3615 5664 Dei

336 5797 381 5831 "
420 5793 592 5852 Exod.
620 5809 679 5857 ll,
730 5789 816 5844 l7.
891 5788 935 5818 "
963 5786 1122 5842 Rom.
1158 5802 1271 5853 vm,
1309 5785 1361 5838 7.
1441 5781 1622 5838 "Jac.
1655 5796 1727 5845 ιγ,
1760 5781 1810 5837 τί..

1988 5778 2160 5859 dat-th.
2191 5795 2301 5848 ενι,
2332 5778 2419 5835 26.
2502 5778 2590 5835 ιχεἰ
2619 5778 2745 5843 Cor.
2776 5796 2893 5846 xm,
2931 5781 3017 5836 12.
