  <div class='ocr_page' id='page_1' title='image "/cluster/home/n/w/nwhite01/storage/ocr_20150623/69:no.2/coo.31924054869734/212.png"; bbox 0 0 4060 6450; ppageno 0'>
   <div class='ocr_carea' id='block_1_1' title="bbox 329 333 429 388">
    <p class='ocr_par' dir='ltr' id='par_1_1' title="bbox 329 333 429 388">
     <span class='ocr_line' id='line_1_1' title="bbox 329 333 429 388; baseline 0.01 -2"><span class='ocrx_word' id='word_1_1' title='bbox 329 333 429 388; x_wconf 76' lang='grc' dir='ltr'>ιοθ</span> 
     </span>
    </p>
   </div>
   <div class='ocr_carea' id='block_1_2' title="bbox 1363 337 2572 400">
    <p class='ocr_par' dir='ltr' id='par_1_2' title="bbox 1363 337 2572 400">
     <span class='ocr_line' id='line_1_2' title="bbox 1363 337 2572 400; baseline 0.002 -6"><span class='ocrx_word' id='word_1_2' title='bbox 1363 337 1888 396; x_wconf 74' lang='lat' dir='ltr'><strong>GLAPHYRORUM</strong></span> <span class='ocrx_word' id='word_1_3' title='bbox 1924 341 1994 397; x_wconf 79' lang='lat' dir='ltr'><strong>IN</strong></span> <span class='ocrx_word' id='word_1_4' title='bbox 2032 339 2320 400; x_wconf 80' lang='lat' dir='ltr'><strong>EXODUM</strong></span> <span class='ocrx_word' id='word_1_5' title='bbox 2361 342 2490 398; x_wconf 84' lang='lat' dir='ltr'><strong>LIB.</strong></span> <span class='ocrx_word' id='word_1_6' title='bbox 2533 344 2572 398; x_wconf 87' lang='lat' dir='ltr'><strong>l.</strong></span> 
     </span>
    </p>
   </div>
   <div class='ocr_carea' id='block_1_3' title="bbox 3523 346 3634 402">
    <p class='ocr_par' dir='ltr' id='par_1_3' title="bbox 3523 346 3634 402">
     <span class='ocr_line' id='line_1_3' title="bbox 3523 346 3634 402; baseline -0.009 0"><span class='ocrx_word' id='word_1_7' title='bbox 3523 346 3634 402; x_wconf 72' lang='lat' dir='ltr'><strong>MO</strong></span> 
     </span>
    </p>
   </div>
   <div class='ocr_carea' id='block_1_4' title="bbox 3420 397 3450 425">
    <p class='ocr_par' dir='ltr' id='par_1_4' title="bbox 3420 397 3450 425">
     <span class='ocr_line' id='line_1_4' title="bbox 3420 397 3450 425; baseline 0 0"><span class='ocrx_word' id='word_1_8' title='bbox 3420 397 3450 425; x_wconf 73' lang='grc' dir='ltr'><em>Ι</em></span> 
     </span>
    </p>
   </div>
   <div class='ocr_carea' id='block_1_5' title="bbox 322 456 1916 539">
    <p class='ocr_par' dir='ltr' id='par_1_5' title="bbox 322 456 1916 534">
     <span class='ocr_line' id='line_1_5' title="bbox 322 456 1916 534; baseline 0.004 -24"><span class='ocrx_word' id='word_1_9' title='bbox 322 457 544 528; x_wconf 68' lang='grc' dir='ltr'>ἀληθῶς</span> <span class='ocrx_word' id='word_1_10' title='bbox 574 456 834 528; x_wconf 66' lang='grc' dir='ltr'>ἐκπρεπῆ</span> <span class='ocrx_word' id='word_1_11' title='bbox 867 459 960 512; x_wconf 67' lang='grc' dir='ltr'><strong>καὶ</strong></span> <span class='ocrx_word' id='word_1_12' title='bbox 993 460 1219 530; x_wconf 80' lang='grc' dir='ltr'><strong>ὡραίαν,</strong></span> <span class='ocrx_word' id='word_1_13' title='bbox 1247 462 1392 533; x_wconf 70' lang='grc' dir='ltr'>φημὶ</span> <span class='ocrx_word' id='word_1_14' title='bbox 1442 461 1507 533; x_wconf 78' lang='grc' dir='ltr'><strong>δὴ</strong></span> <span class='ocrx_word' id='word_1_15' title='bbox 1546 463 1645 534; x_wconf 74' lang='grc' dir='ltr'>τὴν</span> <span class='ocrx_word' id='word_1_16' title='bbox 1699 463 1916 534; x_wconf 82' lang='grc' dir='ltr'>Ἐκκλη·</span> 
     </span>
    </p>
   </div>
   <div class='ocr_carea' id='block_1_6' title="bbox 2020 456 3632 539">
    <p class='ocr_par' dir='ltr' id='par_1_6' title="bbox 2035 466 3632 539">
     <span class='ocr_line' id='line_1_6' title="bbox 2035 466 3632 539; baseline 0.002 -19"><span class='ocrx_word' id='word_1_17' title='bbox 2035 466 2296 532; x_wconf 89' lang='lat' dir='ltr'><strong>formati,</strong></span> <span class='ocrx_word' id='word_1_18' title='bbox 2337 466 2393 521; x_wconf 87' lang='lat' dir='ltr'><strong>hi</strong></span> <span class='ocrx_word' id='word_1_19' title='bbox 2437 475 2567 522; x_wconf 88' lang='lat' dir='ltr'><strong>sunt</strong></span> <span class='ocrx_word' id='word_1_20' title='bbox 2628 482 2819 522; x_wconf 81' lang='lat' dir='ltr'><strong>revera</strong></span> <span class='ocrx_word' id='word_1_21' title='bbox 2880 467 3106 522; x_wconf 77' lang='lat' dir='ltr'><strong>advena:</strong></span> <span class='ocrx_word' id='word_1_22' title='bbox 3155 475 3210 522; x_wconf 90' lang='lat' dir='ltr'><strong>et</strong></span> <span class='ocrx_word' id='word_1_23' title='bbox 3246 469 3524 539; x_wconf 72' lang='lat' dir='ltr'><strong>peregrini</strong></span> <span class='ocrx_word' id='word_1_24' title='bbox 3576 470 3632 523; x_wconf 88' lang='lat' dir='ltr'><strong>in</strong></span> 
     </span>
    </p>
   </div>
   <div class='ocr_carea' id='block_1_7' title="bbox 322 548 1927 627">
    <p class='ocr_par' dir='ltr' id='par_1_7' title="bbox 322 548 1927 627">
     <span class='ocr_line' id='line_1_7' title="bbox 322 548 1927 627; baseline 0.007 -27"><span class='ocrx_word' id='word_1_25' title='bbox 322 548 466 612; x_wconf 79' lang='grc' dir='ltr'>σίαν,</span> <span class='ocrx_word' id='word_1_26' title='bbox 506 549 604 602; x_wconf 73' lang='grc' dir='ltr'><strong>καὶ</strong></span> <span class='ocrx_word' id='word_1_27' title='bbox 633 550 807 620; x_wconf 83' lang='grc' dir='ltr'>δῶρον</span> <span class='ocrx_word' id='word_1_28' title='bbox 829 552 1000 625; x_wconf 75' lang='grc' dir='ltr'>αὐτῆς</span> <span class='ocrx_word' id='word_1_29' title='bbox 1033 555 1123 606; x_wconf 70' lang='grc' dir='ltr'><strong>καὶ</strong></span> <span class='ocrx_word' id='word_1_30' title='bbox 1152 553 1326 621; x_wconf 79' lang='grc' dir='ltr'>ξένιον</span> <span class='ocrx_word' id='word_1_31' title='bbox 1349 554 1584 626; x_wconf 79' lang='grc' dir='ltr'>ούρανοῦ</span> <span class='ocrx_word' id='word_1_32' title='bbox 1599 555 1927 627; x_wconf 80' lang='grc' dir='ltr'>κεχάρισται</span> 
     </span>
    </p>
   </div>
   <div class='ocr_carea' id='block_1_8' title="bbox 317 643 1928 721">
    <p class='ocr_par' dir='ltr' id='par_1_8' title="bbox 317 643 1928 721">
     <span class='ocr_line' id='line_1_8' title="bbox 317 643 1928 721; baseline 0.006 -27"><span class='ocrx_word' id='word_1_33' title='bbox 317 645 417 713; x_wconf 79' lang='grc' dir='ltr'>τῆς</span> <span class='ocrx_word' id='word_1_34' title='bbox 472 643 672 698; x_wconf 81' lang='grc' dir='ltr'>ἑαυτοῦ</span> <span class='ocrx_word' id='word_1_35' title='bbox 715 645 886 716; x_wconf 77' lang='grc' dir='ltr'>πνοῆς</span> <span class='ocrx_word' id='word_1_36' title='bbox 931 646 1028 718; x_wconf 84' lang='grc' dir='ltr'>τὴν</span> <span class='ocrx_word' id='word_1_37' title='bbox 1079 648 1340 711; x_wconf 77' lang='grc' dir='ltr'>ἐπίδοσιν,</span> <span class='ocrx_word' id='word_1_38' title='bbox 1385 649 1531 720; x_wconf 72' lang='grc' dir='ltr'>φημὶ</span> <span class='ocrx_word' id='word_1_39' title='bbox 1576 649 1640 721; x_wconf 81' lang='grc' dir='ltr'><strong>δὴ</strong></span> <span class='ocrx_word' id='word_1_40' title='bbox 1685 649 1792 721; x_wconf 81' lang='grc' dir='ltr'><strong>τὴν</strong></span> <span class='ocrx_word' id='word_1_41' title='bbox 1833 649 1928 703; x_wconf 82' lang='grc' dir='ltr'><strong>τοῦ</strong></span> 
     </span>
    </p>
   </div>
   <div class='ocr_carea' id='block_1_9' title="bbox 315 735 1928 812">
    <p class='ocr_par' dir='ltr' id='par_1_9' title="bbox 315 735 1928 812">
     <span class='ocr_line' id='line_1_9' title="bbox 315 735 1928 812; baseline 0.005 -25"><span class='ocrx_word' id='word_1_42' title='bbox 315 735 481 804; x_wconf 75' lang='grc' dir='ltr'>ἁγίου</span> <span class='ocrx_word' id='word_1_43' title='bbox 522 736 850 808; x_wconf 87' lang='grc' dir='ltr'>Πνεύματος</span> <span class='ocrx_word' id='word_1_44' title='bbox 897 738 1137 810; x_wconf 82' lang='grc' dir='ltr'>μέθεξιν.</span> <span class='ocrx_word' id='word_1_45' title='bbox 1185 741 1248 793; x_wconf 87' lang='grc' dir='ltr'><strong>Ἦ</strong></span> <span class='ocrx_word' id='word_1_46' title='bbox 1299 741 1354 794; x_wconf 83' lang='grc' dir='ltr'><strong>δὲ</strong></span> <span class='ocrx_word' id='word_1_47' title='bbox 1395 742 1621 794; x_wconf 78' lang='grc' dir='ltr'>τέτοκεν</span> <span class='ocrx_word' id='word_1_48' title='bbox 1656 741 1806 812; x_wconf 82' lang='grc' dir='ltr'>αὐτῷ</span> <span class='ocrx_word' id='word_1_49' title='bbox 1835 741 1928 796; x_wconf 82' lang='grc' dir='ltr'>τὸν</span> 
     </span>
    </p>
   </div>
   <div class='ocr_carea' id='block_1_10' title="bbox 314 829 1928 906">
    <p class='ocr_par' dir='ltr' id='par_1_10' title="bbox 314 829 1928 906">
     <span class='ocr_line' id='line_1_10' title="bbox 314 829 1928 906; baseline 0.006 -26"><span class='ocrx_word' id='word_1_50' title='bbox 314 829 578 900; x_wconf 71' lang='grc' dir='ltr'>Γηρσὰμ,</span> <span class='ocrx_word' id='word_1_51' title='bbox 619 831 764 902; x_wconf 76' lang='grc' dir='ltr'>φημὶ</span> <span class='ocrx_word' id='word_1_52' title='bbox 786 831 853 903; x_wconf 83' lang='grc' dir='ltr'><strong>δὴ</strong></span> <span class='ocrx_word' id='word_1_53' title='bbox 902 831 1029 885; x_wconf 76' lang='grc' dir='ltr'>λαὸν</span> <span class='ocrx_word' id='word_1_54' title='bbox 1081 832 1174 886; x_wconf 74' lang='grc' dir='ltr'>τὸν</span> <span class='ocrx_word' id='word_1_55' title='bbox 1240 835 1507 904; x_wconf 78' lang='grc' dir='ltr'>πάροικον</span> <span class='ocrx_word' id='word_1_56' title='bbox 1579 833 1817 906; x_wconf 78' lang='grc' dir='ltr'>ἀληθῶς.</span> <span class='ocrx_word' id='word_1_57' title='bbox 1863 835 1928 888; x_wconf 75' lang='grc' dir='ltr'><strong>Οῑ</strong></span> 
     </span>
    </p>
   </div>
   <div class='ocr_carea' id='block_1_11' title="bbox 314 921 1927 997">
    <p class='ocr_par' dir='ltr' id='par_1_11' title="bbox 314 921 1927 997">
     <span class='ocr_line' id='line_1_11' title="bbox 314 921 1927 997; baseline 0.003 -24"><span class='ocrx_word' id='word_1_58' title='bbox 314 922 426 992; x_wconf 75' lang='grc' dir='ltr'><strong>γάρ</strong></span> <span class='ocrx_word' id='word_1_59' title='bbox 467 939 551 974; x_wconf 89' lang='grc' dir='ltr'><strong>τοι</strong></span> <span class='ocrx_word' id='word_1_60' title='bbox 589 921 668 993; x_wconf 81' lang='grc' dir='ltr'><strong>τῷ</strong></span> <span class='ocrx_word' id='word_1_61' title='bbox 706 922 838 994; x_wconf 80' lang='grc' dir='ltr'>θείῳ</span> <span class='ocrx_word' id='word_1_62' title='bbox 885 925 1426 996; x_wconf 60' lang='grc' dir='ltr'>κατεσφραγισμένοι</span> <span class='ocrx_word' id='word_1_63' title='bbox 1476 925 1779 997; x_wconf 88' lang='grc' dir='ltr'>Πνεύματι,</span> <span class='ocrx_word' id='word_1_64' title='bbox 1833 927 1927 980; x_wconf 72' lang='grc' dir='ltr'>καὶ</span> 
     </span>
    </p>
   </div>
   <div class='ocr_carea' id='block_1_12' title="bbox 311 1016 1925 1093">
    <p class='ocr_par' dir='ltr' id='par_1_12' title="bbox 311 1016 1925 1093">
     <span class='ocr_line' id='line_1_12' title="bbox 311 1016 1925 1093; baseline 0.003 -25"><span class='ocrx_word' id='word_1_65' title='bbox 311 1016 414 1086; x_wconf 75' lang='grc' dir='ltr'>τῆς</span> <span class='ocrx_word' id='word_1_66' title='bbox 449 1016 666 1070; x_wconf 76' lang='grc' dir='ltr'>ἄνωθεν</span> <span class='ocrx_word' id='word_1_67' title='bbox 708 1017 1018 1086; x_wconf 76' lang='grc' dir='ltr'>ἐπισκοπῆς</span> <span class='ocrx_word' id='word_1_68' title='bbox 1044 1017 1375 1089; x_wconf 76' lang='grc' dir='ltr'>ἀξιούμενοι,</span> <span class='ocrx_word' id='word_1_69' title='bbox 1412 1019 1507 1072; x_wconf 70' lang='grc' dir='ltr'><strong>καὶ</strong></span> <span class='ocrx_word' id='word_1_70' title='bbox 1538 1022 1616 1084; x_wconf 75' lang='grc' dir='ltr'>εἰς</span> <span class='ocrx_word' id='word_1_71' title='bbox 1652 1020 1925 1093; x_wconf 80' lang='grc' dir='ltr'>ὡραιότη-</span> 
     </span>
    </p>
   </div>
   <div class='ocr_carea' id='block_1_13' title="bbox 309 1109 1927 1183">
    <p class='ocr_par' dir='ltr' id='par_1_13' title="bbox 309 1109 1927 1183">
     <span class='ocr_line' id='line_1_13' title="bbox 309 1109 1927 1183; baseline 0.002 -21"><span class='ocrx_word' id='word_1_72' title='bbox 309 1127 380 1162; x_wconf 81' lang='grc' dir='ltr'><strong>τα</strong></span> <span class='ocrx_word' id='word_1_73' title='bbox 413 1109 894 1180; x_wconf 75' lang='grc' dir='ltr'>ὂιαπεπλασμένοι</span> <span class='ocrx_word' id='word_1_74' title='bbox 921 1110 1018 1181; x_wconf 76' lang='grc' dir='ltr'><strong>τὴν</strong></span> <span class='ocrx_word' id='word_1_75' title='bbox 1049 1112 1123 1174; x_wconf 80' lang='grc' dir='ltr'>ὡς</span> <span class='ocrx_word' id='word_1_76' title='bbox 1150 1111 1284 1183; x_wconf 70' lang='grc' dir='ltr'>πρὸς</span> <span class='ocrx_word' id='word_1_77' title='bbox 1311 1110 1456 1173; x_wconf 71' lang='grc' dir='ltr'>Υἱδν,</span> <span class='ocrx_word' id='word_1_78' title='bbox 1482 1113 1757 1182; x_wconf 78' lang='grc' dir='ltr'>πάροικοι,</span> <span class='ocrx_word' id='word_1_79' title='bbox 1783 1113 1927 1166; x_wconf 75' lang='grc' dir='ltr'>κατὰ</span> 
     </span>
    </p>
   </div>
   <div class='ocr_carea' id='block_1_14' title="bbox 310 1201 1925 1275">
    <p class='ocr_par' dir='ltr' id='par_1_14' title="bbox 310 1201 1925 1275">
     <span class='ocr_line' id='line_1_14' title="bbox 310 1201 1925 1275; baseline 0.004 -23"><span class='ocrx_word' id='word_1_80' title='bbox 310 1201 370 1253; x_wconf 80' lang='grc' dir='ltr'>τὺ</span> <span class='ocrx_word' id='word_1_81' title='bbox 398 1201 630 1268; x_wconf 74' lang='grc' dir='ltr'>ἀληθὲς,</span> <span class='ocrx_word' id='word_1_82' title='bbox 661 1203 803 1254; x_wconf 75' lang='grc' dir='ltr'>εἰσὶν</span> <span class='ocrx_word' id='word_1_83' title='bbox 845 1204 900 1254; x_wconf 77' lang='grc' dir='ltr'>ἐν</span> <span class='ocrx_word' id='word_1_84' title='bbox 933 1201 1068 1273; x_wconf 83' lang='grc' dir='ltr'>τῷδε</span> <span class='ocrx_word' id='word_1_85' title='bbox 1107 1202 1187 1273; x_wconf 80' lang='grc' dir='ltr'><strong>τῷ</strong></span> <span class='ocrx_word' id='word_1_86' title='bbox 1218 1203 1428 1274; x_wconf 73' lang='grc' dir='ltr'>κόσμῳ.</span> <span class='ocrx_word' id='word_1_87' title='bbox 1471 1204 1758 1275; x_wconf 80' lang='grc' dir='ltr'>Ἀρμόσειε</span> <span class='ocrx_word' id='word_1_88' title='bbox 1790 1204 1836 1258; x_wconf 73' lang='grc' dir='ltr'><strong>δ’</strong></span> <span class='ocrx_word' id='word_1_89' title='bbox 1861 1203 1925 1258; x_wconf 81' lang='grc' dir='ltr'><strong>ἂν</strong></span> 
     </span>
    </p>
   </div>
   <div class='ocr_carea' id='block_1_15' title="bbox 310 1293 1920 1376">
    <p class='ocr_par' dir='ltr' id='par_1_15' title="bbox 310 1293 1920 1366">
     <span class='ocr_line' id='line_1_15' title="bbox 310 1293 1920 1366; baseline 0.005 -23"><span class='ocrx_word' id='word_1_90' title='bbox 310 1294 506 1356; x_wconf 70' lang='grc' dir='ltr'>αὐτοῖς</span> <span class='ocrx_word' id='word_1_91' title='bbox 560 1295 644 1346; x_wconf 80' lang='grc' dir='ltr'><strong>ὅτι</strong></span> <span class='ocrx_word' id='word_1_92' title='bbox 689 1293 926 1364; x_wconf 77' lang='grc' dir='ltr'>μάλιστα</span> <span class='ocrx_word' id='word_1_93' title='bbox 992 1293 1416 1366; x_wconf 72' lang='grc' dir='ltr'>διακεκραγέναι</span> <span class='ocrx_word' id='word_1_94' title='bbox 1471 1314 1530 1350; x_wconf 83' lang='grc' dir='ltr'><strong>τε</strong></span> <span class='ocrx_word' id='word_1_95' title='bbox 1587 1298 1680 1350; x_wconf 74' lang='grc' dir='ltr'><strong>καὶ</strong></span> <span class='ocrx_word' id='word_1_96' title='bbox 1721 1298 1920 1366; x_wconf 83' lang='grc' dir='ltr'>λέγειν’</span> 
     </span>
    </p>
   </div>
   <div class='ocr_carea' id='block_1_16' title="bbox 315 1383 1924 1464">
    <p class='ocr_par' dir='ltr' id='par_1_16' title="bbox 315 1383 1924 1464">
     <span class='ocr_line' id='line_1_16' title="bbox 315 1383 1924 1464; baseline 0.004 -25"><span class='ocrx_word' id='word_1_97' title='bbox 315 1407 333 1438; x_wconf 73' lang='grc' dir='ltr'><strong>ι</strong></span> <span class='ocrx_word' id='word_1_98' title='bbox 378 1389 502 1440; x_wconf 72' lang='grc' dir='ltr'>Οὐκ</span> <span class='ocrx_word' id='word_1_99' title='bbox 543 1389 747 1459; x_wconf 80' lang='grc' dir='ltr'>ἔχομεν</span> <span class='ocrx_word' id='word_1_100' title='bbox 785 1383 888 1442; x_wconf 71' lang='grc' dir='ltr'>ὧδε</span> <span class='ocrx_word' id='word_1_101' title='bbox 932 1389 1201 1461; x_wconf 77' lang='grc' dir='ltr'>μένουσαν</span> <span class='ocrx_word' id='word_1_102' title='bbox 1255 1391 1438 1455; x_wconf 74' lang='grc' dir='ltr'>πόλιν,</span> <span class='ocrx_word' id='word_1_103' title='bbox 1477 1391 1612 1446; x_wconf 73' lang='grc' dir='ltr'><strong>ἀλλὰ</strong></span> <span class='ocrx_word' id='word_1_104' title='bbox 1650 1392 1748 1464; x_wconf 78' lang='grc' dir='ltr'>τὴν</span> <span class='ocrx_word' id='word_1_105' title='bbox 1797 1393 1924 1463; x_wconf 85' lang='grc' dir='ltr'>μέλ-</span> 
     </span>
    </p>
   </div>
   <div class='ocr_carea' id='block_1_17' title="bbox 305 1479 1925 1560">
    <p class='ocr_par' dir='ltr' id='par_1_17' title="bbox 305 1479 1925 1560">
     <span class='ocr_line' id='line_1_17' title="bbox 305 1479 1925 1560; baseline -0.006 -32"><span class='ocrx_word' id='word_1_106' title='bbox 305 1481 518 1533; x_wconf 75' lang='grc' dir='ltr'>λουσαν</span> <span class='ocrx_word' id='word_1_107' title='bbox 556 1480 948 1554; x_wconf 72' lang='grc' dir='ltr'><strong>ἐπιζητοῦμεν,</strong></span> <span class='ocrx_word' id='word_1_108' title='bbox 998 1503 1014 1538; x_wconf 69' lang='grc' dir='ltr'><strong>ι</strong></span> <span class='ocrx_word' id='word_1_109' title='bbox 1059 1479 1125 1555; x_wconf 79' lang='grc' dir='ltr'>ἧς</span> <span class='ocrx_word' id='word_1_110' title='bbox 1161 1485 1412 1557; x_wconf 73' lang='grc' dir='ltr'>τεχνίτης</span> <span class='ocrx_word' id='word_1_111' title='bbox 1455 1487 1547 1540; x_wconf 61' lang='grc' dir='ltr'><strong>καὶ</strong></span> <span class='ocrx_word' id='word_1_112' title='bbox 1590 1487 1925 1560; x_wconf 60' lang='grc' dir='ltr'><strong>δημιουργὸς</strong></span> 
     </span>
    </p>
   </div>
   <div class='ocr_carea' id='block_1_18' title="bbox 304 1570 1924 1651">
    <p class='ocr_par' dir='ltr' id='par_1_18' title="bbox 304 1570 1924 1651">
     <span class='ocr_line' id='line_1_18' title="bbox 304 1570 1924 1651; baseline 0.007 -29"><span class='ocrx_word' id='word_1_113' title='bbox 304 1574 333 1622; x_wconf 77' lang='grc' dir='ltr'><strong>ὁ</strong></span> <span class='ocrx_word' id='word_1_114' title='bbox 367 1570 528 1632; x_wconf 76' lang='grc' dir='ltr'>Θεός.</span> <span class='ocrx_word' id='word_1_115' title='bbox 560 1573 1006 1645; x_wconf 77' lang='grc' dir='ltr'>Περιπατοῦντες</span> <span class='ocrx_word' id='word_1_116' title='bbox 1047 1578 1156 1648; x_wconf 84' lang='grc' dir='ltr'>γὰρ</span> <span class='ocrx_word' id='word_1_117' title='bbox 1195 1578 1288 1630; x_wconf 71' lang='grc' dir='ltr'>ἐπὶ</span> <span class='ocrx_word' id='word_1_118' title='bbox 1325 1577 1452 1648; x_wconf 77' lang='grc' dir='ltr'>γῆς,</span> <span class='ocrx_word' id='word_1_119' title='bbox 1491 1580 1548 1631; x_wconf 81' lang='grc' dir='ltr'>ὲν</span> <span class='ocrx_word' id='word_1_120' title='bbox 1580 1579 1798 1651; x_wconf 76' lang='grc' dir='ltr'>οὐρανῷ</span> <span class='ocrx_word' id='word_1_121' title='bbox 1833 1598 1924 1634; x_wconf 90' lang='grc' dir='ltr'>πο-</span> 
     </span>
    </p>
   </div>
   <div class='ocr_carea' id='block_1_19' title="bbox 305 1663 1920 1742">
    <p class='ocr_par' dir='ltr' id='par_1_19' title="bbox 305 1663 1920 1742">
     <span class='ocr_line' id='line_1_19' title="bbox 305 1663 1920 1742; baseline 0.008 -28"><span class='ocrx_word' id='word_1_122' title='bbox 305 1663 648 1730; x_wconf 72' lang='grc' dir='ltr'>λιτεύονται,</span> <span class='ocrx_word' id='word_1_123' title='bbox 693 1668 788 1720; x_wconf 75' lang='grc' dir='ltr'><strong>καὶ</strong></span> <span class='ocrx_word' id='word_1_124' title='bbox 817 1667 1097 1740; x_wconf 78' lang='grc' dir='ltr'>γλίχονται</span> <span class='ocrx_word' id='word_1_125' title='bbox 1133 1670 1233 1740; x_wconf 78' lang='grc' dir='ltr'><strong>μὲν</strong></span> <span class='ocrx_word' id='word_1_126' title='bbox 1267 1671 1520 1742; x_wconf 75' lang='grc' dir='ltr'>οὐδαμῶς</span> <span class='ocrx_word' id='word_1_127' title='bbox 1557 1672 1665 1725; x_wconf 87' lang='grc' dir='ltr'><strong>τῶν</strong></span> <span class='ocrx_word' id='word_1_128' title='bbox 1697 1674 1754 1726; x_wconf 82' lang='grc' dir='ltr'>ὲν</span> <span class='ocrx_word' id='word_1_129' title='bbox 1783 1673 1920 1742; x_wconf 80' lang='grc' dir='ltr'>τῷδε</span> 
     </span>
    </p>
   </div>
   <div class='ocr_carea' id='block_1_20' title="bbox 304 1753 1920 1836">
    <p class='ocr_par' dir='ltr' id='par_1_20' title="bbox 304 1753 1920 1836">
     <span class='ocr_line' id='line_1_20' title="bbox 304 1753 1920 1836; baseline 0.008 -32"><span class='ocrx_word' id='word_1_130' title='bbox 304 1753 386 1822; x_wconf 80' lang='grc' dir='ltr'><strong>τῷ</strong></span> <span class='ocrx_word' id='word_1_131' title='bbox 443 1753 644 1828; x_wconf 80' lang='grc' dir='ltr'>κόσμῳ</span> <span class='ocrx_word' id='word_1_132' title='bbox 694 1759 1081 1828; x_wconf 58' lang='grc' dir='ltr'>πραγμάτων</span> <span class='ocrx_word' id='word_1_133' title='bbox 1135 1760 1560 1832; x_wconf 75' lang='grc' dir='ltr'>μεταποιοῦνται</span> <span class='ocrx_word' id='word_1_134' title='bbox 1611 1763 1667 1816; x_wconf 74' lang='grc' dir='ltr'><strong>δὲ</strong></span> <span class='ocrx_word' id='word_1_135' title='bbox 1717 1764 1920 1836; x_wconf 68' lang='grc' dir='ltr'>σφόδρα</span> 
     </span>
    </p>
   </div>
   <div class='ocr_carea' id='block_1_21' title="bbox 2035 556 3630 626">
    <p class='ocr_par' dir='ltr' id='par_1_21' title="bbox 2035 556 3630 626">
     <span class='ocr_line' id='line_1_21' title="bbox 2035 556 3630 626; baseline 0.002 -16"><span class='ocrx_word' id='word_1_136' title='bbox 2035 557 2260 612; x_wconf 91' lang='lat' dir='ltr'><strong>mundo.</strong></span> <span class='ocrx_word' id='word_1_137' title='bbox 2319 556 2560 626; x_wconf 90' lang='lat' dir='ltr'><strong>ldeoque</strong></span> <span class='ocrx_word' id='word_1_138' title='bbox 2602 557 2808 626; x_wconf 88' lang='lat' dir='ltr'><strong>optime</strong></span> <span class='ocrx_word' id='word_1_139' title='bbox 2854 557 2963 612; x_wconf 86' lang='lat' dir='ltr'><strong>illis</strong></span> <span class='ocrx_word' id='word_1_140' title='bbox 3002 557 3315 620; x_wconf 79' lang='lat' dir='ltr'><strong>conveniet,</strong></span> <span class='ocrx_word' id='word_1_141' title='bbox 3354 566 3416 612; x_wconf 88' lang='lat' dir='ltr'><strong>ut</strong></span> <span class='ocrx_word' id='word_1_142' title='bbox 3446 557 3630 613; x_wconf 81' lang='lat' dir='ltr'><strong>excla-</strong></span> 
     </span>
    </p>
   </div>
   <div class='ocr_carea' id='block_1_22' title="bbox 2034 648 3631 706">
    <p class='ocr_par' dir='ltr' id='par_1_22' title="bbox 2034 648 3631 706">
     <span class='ocr_line' id='line_1_22' title="bbox 2034 648 3631 706; baseline 0.001 -4"><span class='ocrx_word' id='word_1_143' title='bbox 2034 660 2184 703; x_wconf 86' lang='lat' dir='ltr'><strong>mem</strong></span> <span class='ocrx_word' id='word_1_144' title='bbox 2209 665 2273 703; x_wconf 86' lang='lat' dir='ltr'><strong>ac</strong></span> <span class='ocrx_word' id='word_1_145' title='bbox 2297 649 2482 703; x_wconf 89' lang='lat' dir='ltr'><strong>dicant</strong></span> <span class='ocrx_word' id='word_1_146' title='bbox 2511 667 2522 702; x_wconf 90' lang='lat'>:</span> <span class='ocrx_word' id='word_1_147' title='bbox 2562 669 2578 700; x_wconf 80' lang='grc' dir='ltr'><strong>ι</strong></span> <span class='ocrx_word' id='word_1_148' title='bbox 2608 649 2728 704; x_wconf 87' lang='lat' dir='ltr'><strong>Non</strong></span> <span class='ocrx_word' id='word_1_149' title='bbox 2755 648 3022 705; x_wconf 84' lang='lat' dir='ltr'><strong>habemus</strong></span> <span class='ocrx_word' id='word_1_150' title='bbox 3041 651 3129 704; x_wconf 91' lang='lat' dir='ltr'><strong>hic</strong></span> <span class='ocrx_word' id='word_1_151' title='bbox 3153 659 3470 704; x_wconf 90' lang='lat' dir='ltr'><strong>manentem</strong></span> <span class='ocrx_word' id='word_1_152' title='bbox 3496 651 3631 706; x_wconf 82' lang='lat' dir='ltr'><strong>civi-</strong></span> 
     </span>
    </p>
   </div>
   <div class='ocr_carea' id='block_1_23' title="bbox 2033 742 3630 815">
    <p class='ocr_par' dir='ltr' id='par_1_23' title="bbox 2033 742 3630 815">
     <span class='ocr_line' id='line_1_23' title="bbox 2033 742 3630 815; baseline 0.001 -19"><span class='ocrx_word' id='word_1_153' title='bbox 2033 752 2224 806; x_wconf 87' lang='lat' dir='ltr'><strong>tatem,</strong></span> <span class='ocrx_word' id='word_1_154' title='bbox 2254 743 2349 797; x_wconf 90' lang='lat' dir='ltr'><strong>sed</strong></span> <span class='ocrx_word' id='word_1_155' title='bbox 2373 742 2618 797; x_wconf 89' lang='lat' dir='ltr'><strong>futuram</strong></span> <span class='ocrx_word' id='word_1_156' title='bbox 2639 743 2994 813; x_wconf 84' lang='lat' dir='ltr'><strong>inquirimus,</strong></span> <span class='ocrx_word' id='word_1_157' title='bbox 3033 745 3190 815; x_wconf 84' lang='lat' dir='ltr'><strong>cujus</strong></span> <span class='ocrx_word' id='word_1_158' title='bbox 3209 744 3393 814; x_wconf 80' lang='lat' dir='ltr'><strong>opifex</strong></span> <span class='ocrx_word' id='word_1_159' title='bbox 3419 756 3474 799; x_wconf 87' lang='lat' dir='ltr'><strong>et</strong></span> <span class='ocrx_word' id='word_1_160' title='bbox 3497 759 3630 798; x_wconf 89' lang='lat' dir='ltr'><strong>con-</strong></span> 
     </span>
    </p>
   </div>
   <div class='ocr_carea' id='block_1_24' title="bbox 2029 833 3624 907">
    <p class='ocr_par' dir='ltr' id='par_1_24' title="bbox 2029 833 3624 907">
     <span class='ocr_line' id='line_1_24' title="bbox 2029 833 3624 907; baseline 0.001 -17"><span class='ocrx_word' id='word_1_161' title='bbox 2029 835 2179 890; x_wconf 87' lang='lat' dir='ltr'><strong>ditor</strong></span> <span class='ocrx_word' id='word_1_162' title='bbox 2203 833 2449 890; x_wconf 84' lang='lat' dir='ltr'><strong>estDeus</strong></span> <span class='ocrx_word' id='word_1_163' title='bbox 2485 835 2552 887; x_wconf 74' lang='lat'><strong>“.</strong></span> <span class='ocrx_word' id='word_1_164' title='bbox 2589 855 2606 886; x_wconf 73' lang='grc' dir='ltr'><strong>ι</strong></span> <span class='ocrx_word' id='word_1_165' title='bbox 2649 837 2786 890; x_wconf 83' lang='lat' dir='ltr'><strong>Nam</strong></span> <span class='ocrx_word' id='word_1_166' title='bbox 2819 837 3104 891; x_wconf 87' lang='lat' dir='ltr'><strong>ambulant</strong></span> <span class='ocrx_word' id='word_1_167' title='bbox 3128 837 3354 907; x_wconf 82' lang='lat' dir='ltr'><strong>quidem</strong></span> <span class='ocrx_word' id='word_1_168' title='bbox 3382 837 3624 902; x_wconf 89' lang='lat' dir='ltr'><strong>interra,</strong></span> 
     </span>
    </p>
   </div>
   <div class='ocr_carea' id='block_1_25' title="bbox 2029 928 3628 1000">
    <p class='ocr_par' dir='ltr' id='par_1_25' title="bbox 2029 928 3628 1000">
     <span class='ocr_line' id='line_1_25' title="bbox 2029 928 3628 1000; baseline 0.001 -18"><span class='ocrx_word' id='word_1_169' title='bbox 2029 928 2127 983; x_wconf 82' lang='lat' dir='ltr'><strong>sed</strong></span> <span class='ocrx_word' id='word_1_170' title='bbox 2156 929 2306 982; x_wconf 81' lang='lat' dir='ltr'><strong>cives</strong></span> <span class='ocrx_word' id='word_1_171' title='bbox 2345 937 2472 982; x_wconf 88' lang='lat' dir='ltr'><strong>sunt</strong></span> <span class='ocrx_word' id='word_1_172' title='bbox 2500 929 2554 982; x_wconf 93' lang='lat' dir='ltr'><strong>in</strong></span> <span class='ocrx_word' id='word_1_173' title='bbox 2585 929 2754 994; x_wconf 80' lang='lat' dir='ltr'><strong>ccelo,</strong></span> <span class='ocrx_word' id='word_1_174' title='bbox 2785 945 2888 983; x_wconf 89' lang='lat' dir='ltr'><strong>nec</strong></span> <span class='ocrx_word' id='word_1_175' title='bbox 2934 929 3236 999; x_wconf 82' lang='lat' dir='ltr'><strong>quidquam</strong></span> <span class='ocrx_word' id='word_1_176' title='bbox 3268 945 3460 984; x_wconf 88' lang='lat' dir='ltr'><strong>eorum</strong></span> <span class='ocrx_word' id='word_1_177' title='bbox 3505 945 3628 1000; x_wconf 74' lang='lat' dir='ltr'><strong>quae</strong></span> 
     </span>
    </p>
   </div>
   <div class='ocr_carea' id='block_1_26' title="bbox 2029 1021 3628 1092">
    <p class='ocr_par' dir='ltr' id='par_1_26' title="bbox 2029 1021 3628 1092">
     <span class='ocr_line' id='line_1_26' title="bbox 2029 1021 3628 1092; baseline 0.001 -18"><span class='ocrx_word' id='word_1_178' title='bbox 2029 1029 2158 1074; x_wconf 90' lang='lat' dir='ltr'><strong>sunt</strong></span> <span class='ocrx_word' id='word_1_179' title='bbox 2191 1021 2243 1074; x_wconf 92' lang='lat' dir='ltr'><strong>in</strong></span> <span class='ocrx_word' id='word_1_180' title='bbox 2272 1021 2480 1075; x_wconf 91' lang='lat' dir='ltr'><strong>mundo</strong></span> <span class='ocrx_word' id='word_1_181' title='bbox 2510 1021 2929 1091; x_wconf 77' lang='lat' dir='ltr'><strong>concupiscunt,</strong></span> <span class='ocrx_word' id='word_1_182' title='bbox 2963 1030 3057 1075; x_wconf 88' lang='lat' dir='ltr'><strong>aut</strong></span> <span class='ocrx_word' id='word_1_183' title='bbox 3095 1030 3383 1092; x_wconf 88' lang='lat' dir='ltr'><strong>appetunt,</strong></span> <span class='ocrx_word' id='word_1_184' title='bbox 3417 1022 3514 1076; x_wconf 89' lang='lat' dir='ltr'><strong>sed</strong></span> <span class='ocrx_word' id='word_1_185' title='bbox 3559 1036 3628 1076; x_wconf 77' lang='lat' dir='ltr'><strong>ex</strong></span> 
     </span>
    </p>
   </div>
   <div class='ocr_carea' id='block_1_27' title="bbox 2029 1113 3624 1185">
    <p class='ocr_par' dir='ltr' id='par_1_27' title="bbox 2029 1113 3624 1185">
     <span class='ocr_line' id='line_1_27' title="bbox 2029 1113 3624 1185; baseline 0 -17"><span class='ocrx_word' id='word_1_186' title='bbox 2029 1123 2145 1168; x_wconf 90' lang='lat' dir='ltr'><strong>toto</strong></span> <span class='ocrx_word' id='word_1_187' title='bbox 2179 1130 2279 1168; x_wconf 90' lang='lat' dir='ltr'><strong>suo</strong></span> <span class='ocrx_word' id='word_1_188' title='bbox 2304 1114 2469 1169; x_wconf 89' lang='lat' dir='ltr'><strong>corde</strong></span> <span class='ocrx_word' id='word_1_189' title='bbox 2513 1115 2762 1185; x_wconf 86' lang='lat' dir='ltr'><strong>aspirant</strong></span> <span class='ocrx_word' id='word_1_190' title='bbox 2797 1123 2851 1168; x_wconf 89' lang='lat' dir='ltr'><strong>et</strong></span> <span class='ocrx_word' id='word_1_191' title='bbox 2883 1114 3227 1168; x_wconf 88' lang='lat' dir='ltr'><strong>contendunt</strong></span> <span class='ocrx_word' id='word_1_192' title='bbox 3255 1115 3324 1169; x_wconf 87' lang='lat' dir='ltr'><strong>ad</strong></span> <span class='ocrx_word' id='word_1_193' title='bbox 3361 1113 3624 1169; x_wconf 69' lang='lat' dir='ltr'><strong>steculum</strong></span> 
     </span>
    </p>
   </div>
   <div class='ocr_carea' id='block_1_28' title="bbox 2028 1207 3628 1279">
    <p class='ocr_par' dir='ltr' id='par_1_28' title="bbox 2028 1207 3628 1279">
     <span class='ocr_line' id='line_1_28' title="bbox 2028 1207 3628 1279; baseline -0.001 -16"><span class='ocrx_word' id='word_1_194' title='bbox 2028 1208 2299 1264; x_wconf 86' lang='lat' dir='ltr'><strong>futurum.</strong></span> <span class='ocrx_word' id='word_1_195' title='bbox 2326 1209 2611 1265; x_wconf 84' lang='lat' dir='ltr'><strong>Noverunt</strong></span> <span class='ocrx_word' id='word_1_196' title='bbox 2644 1209 2792 1264; x_wconf 86' lang='lat' dir='ltr'><strong>enim</strong></span> <span class='ocrx_word' id='word_1_197' title='bbox 2826 1207 3110 1264; x_wconf 83' lang='lat' dir='ltr'><strong>Christum</strong></span> <span class='ocrx_word' id='word_1_198' title='bbox 3142 1209 3235 1278; x_wconf 89' lang='lat' dir='ltr'><strong>qui</strong></span> <span class='ocrx_word' id='word_1_199' title='bbox 3267 1216 3496 1279; x_wconf 86' lang='lat' dir='ltr'><strong>propter</strong></span> <span class='ocrx_word' id='word_1_200' title='bbox 3525 1223 3628 1262; x_wconf 87' lang='lat' dir='ltr'><strong>nos</strong></span> 
     </span>
    </p>
   </div>
   <div class='ocr_carea' id='block_1_29' title="bbox 2029 1299 3622 1372">
    <p class='ocr_par' dir='ltr' id='par_1_29' title="bbox 2029 1299 3622 1372">
     <span class='ocr_line' id='line_1_29' title="bbox 2029 1299 3622 1372; baseline -0.003 -15"><span class='ocrx_word' id='word_1_201' title='bbox 2029 1311 2090 1358; x_wconf 93' lang='lat' dir='ltr'><strong>ut</strong></span> <span class='ocrx_word' id='word_1_202' title='bbox 2113 1319 2212 1357; x_wconf 90' lang='lat' dir='ltr'><strong>nos</strong></span> <span class='ocrx_word' id='word_1_203' title='bbox 2240 1303 2417 1357; x_wconf 87' lang='lat' dir='ltr'><strong>factus</strong></span> <span class='ocrx_word' id='word_1_204' title='bbox 2445 1309 2549 1367; x_wconf 90' lang='lat' dir='ltr'><strong>est,</strong></span> <span class='ocrx_word' id='word_1_205' title='bbox 2589 1319 2689 1372; x_wconf 89' lang='lat' dir='ltr'><strong>per</strong></span> <span class='ocrx_word' id='word_1_206' title='bbox 2734 1299 3007 1372; x_wconf 84' lang='lat' dir='ltr'><strong>ejusmodi</strong></span> <span class='ocrx_word' id='word_1_207' title='bbox 3036 1315 3228 1370; x_wconf 88' lang='lat' dir='ltr'><strong>puram</strong></span> <span class='ocrx_word' id='word_1_208' title='bbox 3256 1315 3319 1353; x_wconf 87' lang='lat' dir='ltr'><strong>ac</strong></span> <span class='ocrx_word' id='word_1_209' title='bbox 3345 1301 3622 1354; x_wconf 80' lang='lat' dir='ltr'><strong>sinceram</strong></span> 
     </span>
    </p>
   </div>
   <div class='ocr_carea' id='block_1_30' title="bbox 2026 1391 3627 1464">
    <p class='ocr_par' dir='ltr' id='par_1_30' title="bbox 2026 1391 3627 1464">
     <span class='ocr_line' id='line_1_30' title="bbox 2026 1391 3627 1464; baseline -0.002 -15"><span class='ocrx_word' id='word_1_210' title='bbox 2026 1395 2195 1450; x_wconf 88' lang='lat' dir='ltr'><strong>vitam</strong></span> <span class='ocrx_word' id='word_1_211' title='bbox 2236 1393 2519 1464; x_wconf 88' lang='lat' dir='ltr'><strong>subsequi.</strong></span> <span class='ocrx_word' id='word_1_212' title='bbox 2547 1394 2599 1448; x_wconf 88' lang='lat' dir='ltr'><strong>ls</strong></span> <span class='ocrx_word' id='word_1_213' title='bbox 2620 1393 2767 1449; x_wconf 90' lang='lat' dir='ltr'><strong>enim</strong></span> <span class='ocrx_word' id='word_1_214' title='bbox 2800 1409 2909 1447; x_wconf 89' lang='lat' dir='ltr'><strong>non</strong></span> <span class='ocrx_word' id='word_1_215' title='bbox 2933 1391 3148 1448; x_wconf 77' lang='lat' dir='ltr'><strong>curavit</strong></span> <span class='ocrx_word' id='word_1_216' title='bbox 3181 1392 3460 1446; x_wconf 85' lang='lat' dir='ltr'><strong>mundana</strong></span> <span class='ocrx_word' id='word_1_217' title='bbox 3491 1411 3502 1444; x_wconf 91' lang='lat'>:</span> <span class='ocrx_word' id='word_1_218' title='bbox 3529 1391 3627 1446; x_wconf 79' lang='lat' dir='ltr'><strong>al)-</strong></span> 
     </span>
    </p>
   </div>
   <div class='ocr_carea' id='block_1_31' title="bbox 2026 1485 3624 1559">
    <p class='ocr_par' dir='ltr' id='par_1_31' title="bbox 2026 1485 3624 1559">
     <span class='ocr_line' id='line_1_31' title="bbox 2026 1485 3624 1559; baseline -0.003 -15"><span class='ocrx_word' id='word_1_219' title='bbox 2026 1489 2099 1544; x_wconf 91' lang='lat' dir='ltr'><strong>sit</strong></span> <span class='ocrx_word' id='word_1_220' title='bbox 2126 1507 2136 1541; x_wconf 94' lang='lat'>:</span> <span class='ocrx_word' id='word_1_221' title='bbox 2165 1494 2222 1542; x_wconf 88' lang='lat' dir='ltr'><strong>at</strong></span> <span class='ocrx_word' id='word_1_222' title='bbox 2269 1488 2451 1558; x_wconf 82' lang='lat' dir='ltr'><strong>potius</strong></span> <span class='ocrx_word' id='word_1_223' title='bbox 2482 1487 2646 1541; x_wconf 89' lang='lat' dir='ltr'><strong>nobis</strong></span> <span class='ocrx_word' id='word_1_224' title='bbox 2678 1496 2763 1542; x_wconf 91' lang='lat' dir='ltr'><strong>est</strong></span> <span class='ocrx_word' id='word_1_225' title='bbox 2805 1496 2966 1559; x_wconf 78' lang='lat' dir='ltr'><strong>typus</strong></span> <span class='ocrx_word' id='word_1_226' title='bbox 3001 1489 3126 1542; x_wconf 64' lang='lat' dir='ltr'><strong>vitae</strong></span> <span class='ocrx_word' id='word_1_227' title='bbox 3163 1485 3624 1556; x_wconf 86' lang='lat' dir='ltr'><strong>supermundanac</strong></span> 
     </span>
    </p>
   </div>
   <div class='ocr_carea' id='block_1_32' title="bbox 2026 1577 3623 1650">
    <p class='ocr_par' dir='ltr' id='par_1_32' title="bbox 2026 1577 3623 1650">
     <span class='ocr_line' id='line_1_32' title="bbox 2026 1577 3623 1650; baseline -0.003 -16"><span class='ocrx_word' id='word_1_228' title='bbox 2026 1595 2089 1634; x_wconf 90' lang='lat' dir='ltr'><strong>ac</strong></span> <span class='ocrx_word' id='word_1_229' title='bbox 2114 1578 2420 1650; x_wconf 88' lang='lat' dir='ltr'><strong>spiritualis</strong></span> <span class='ocrx_word' id='word_1_230' title='bbox 2456 1578 2794 1649; x_wconf 60' lang='lat' dir='ltr'><strong>propositt.</strong></span> <span class='ocrx_word' id='word_1_231' title='bbox 2837 1577 3080 1634; x_wconf 82' lang='lat' dir='ltr'><strong>Observa</strong></span> <span class='ocrx_word' id='word_1_232' title='bbox 3123 1584 3307 1632; x_wconf 90' lang='lat' dir='ltr'><strong>autem</strong></span> <span class='ocrx_word' id='word_1_233' title='bbox 3349 1577 3498 1647; x_wconf 89' lang='lat' dir='ltr'><strong>quod</strong></span> <span class='ocrx_word' id='word_1_234' title='bbox 3533 1590 3623 1630; x_wconf 82' lang='lat' dir='ltr'><strong>sa-</strong></span> 
     </span>
    </p>
   </div>
   <div class='ocr_carea' id='block_1_33' title="bbox 2026 1671 3626 1751">
    <p class='ocr_par' dir='ltr' id='par_1_33' title="bbox 2026 1671 3626 1751">
     <span class='ocr_line' id='line_1_33' title="bbox 2026 1671 3626 1751; baseline -0.003 -22"><span class='ocrx_word' id='word_1_235' title='bbox 2026 1691 2119 1730; x_wconf 90' lang='lat' dir='ltr'><strong>cra</strong></span> <span class='ocrx_word' id='word_1_236' title='bbox 2160 1673 2446 1744; x_wconf 83' lang='lat' dir='ltr'><strong>Scriptura</strong></span> <span class='ocrx_word' id='word_1_237' title='bbox 2490 1673 2639 1728; x_wconf 89' lang='lat' dir='ltr'><strong>haud</strong></span> <span class='ocrx_word' id='word_1_238' title='bbox 2662 1673 2779 1751; x_wconf 87' lang='lat' dir='ltr'><strong>sine</strong></span> <span class='ocrx_word' id='word_1_239' title='bbox 2805 1688 3004 1744; x_wconf 83' lang='lat' dir='ltr'><strong>magno</strong></span> <span class='ocrx_word' id='word_1_240' title='bbox 3035 1671 3266 1727; x_wconf 90' lang='lat' dir='ltr'><strong>consilio</strong></span> <span class='ocrx_word' id='word_1_241' title='bbox 3289 1679 3503 1742; x_wconf 86' lang='lat' dir='ltr'><strong>patrem</strong></span> <span class='ocrx_word' id='word_1_242' title='bbox 3529 1671 3626 1724; x_wconf 86' lang='lat' dir='ltr'><strong>ba-</strong></span> 
     </span>
    </p>
   </div>
   <div class='ocr_carea' id='block_1_34' title="bbox 2027 1764 3622 1839">
    <p class='ocr_par' dir='ltr' id='par_1_34' title="bbox 2027 1764 3622 1839">
     <span class='ocr_line' id='line_1_34' title="bbox 2027 1764 3622 1839; baseline -0.003 -19"><span class='ocrx_word' id='word_1_243' title='bbox 2027 1783 2148 1822; x_wconf 89' lang='lat' dir='ltr'><strong>rum</strong></span> <span class='ocrx_word' id='word_1_244' title='bbox 2175 1777 2384 1838; x_wconf 90' lang='lat' dir='ltr'><strong>septem</strong></span> <span class='ocrx_word' id='word_1_245' title='bbox 2411 1769 2745 1839; x_wconf 89' lang='lat' dir='ltr'><strong>puellarum,</strong></span> <span class='ocrx_word' id='word_1_246' title='bbox 2778 1775 3074 1836; x_wconf 87' lang='lat' dir='ltr'><strong>antequam</strong></span> <span class='ocrx_word' id='word_1_247' title='bbox 3095 1765 3272 1820; x_wconf 83' lang='lat' dir='ltr'><strong>Moses</strong></span> <span class='ocrx_word' id='word_1_248' title='bbox 3297 1764 3432 1834; x_wconf 89' lang='lat' dir='ltr'><strong>ipsis</strong></span> <span class='ocrx_word' id='word_1_249' title='bbox 3461 1779 3622 1833; x_wconf 88' lang='lat' dir='ltr'><strong>opem</strong></span> 
     </span>
    </p>
   </div>
   <div class='ocr_carea' id='block_1_35' title="bbox 301 1847 1916 1929">
    <p class='ocr_par' dir='ltr' id='par_1_35' title="bbox 301 1847 1916 1929">
     <span class='ocr_line' id='line_1_35' title="bbox 301 1847 1916 1929; baseline 0.007 -29"><span class='ocrx_word' id='word_1_250' title='bbox 301 1847 417 1901; x_wconf 85' lang='grc' dir='ltr'><strong>τῶν</strong></span> <span class='ocrx_word' id='word_1_251' title='bbox 453 1851 536 1914; x_wconf 84' lang='grc' dir='ltr'><strong>είς</strong></span> <span class='ocrx_word' id='word_1_252' title='bbox 570 1851 745 1905; x_wconf 81' lang='grc' dir='ltr'>αἰῶνα</span> <span class='ocrx_word' id='word_1_253' title='bbox 770 1852 863 1907; x_wconf 78' lang='grc' dir='ltr'>τὸν</span> <span class='ocrx_word' id='word_1_254' title='bbox 894 1852 1180 1923; x_wconf 81' lang='grc' dir='ltr'>μέλλοντα.</span> <span class='ocrx_word' id='word_1_255' title='bbox 1215 1855 1557 1909; x_wconf 77' lang='grc' dir='ltr'>Ἀκολουθεῖν</span> <span class='ocrx_word' id='word_1_256' title='bbox 1602 1857 1710 1929; x_wconf 75' lang='grc' dir='ltr'><strong>γὰρ</strong></span> <span class='ocrx_word' id='word_1_257' title='bbox 1753 1857 1916 1926; x_wconf 79' lang='grc' dir='ltr'>ἐγνῶ-</span> 
     </span>
    </p>
   </div>
   <div class='ocr_carea' id='block_1_36' title="bbox 2020 1847 3623 1929">
    <p class='ocr_par' dir='ltr' id='par_1_36' title="bbox 2028 1855 3623 1928">
     <span class='ocr_line' id='line_1_36' title="bbox 2028 1855 3623 1928; baseline -0.004 -11"><span class='ocrx_word' id='word_1_258' title='bbox 2028 1863 2263 1926; x_wconf 87' lang='lat' dir='ltr'><strong>tulisset,</strong></span> <span class='ocrx_word' id='word_1_259' title='bbox 2293 1863 2600 1917; x_wconf 86' lang='lat' dir='ltr'><strong>nominavit</strong></span> <span class='ocrx_word' id='word_1_260' title='bbox 2628 1862 2844 1926; x_wconf 86' lang='lat' dir='ltr'><strong>Jethro,</strong></span> <span class='ocrx_word' id='word_1_261' title='bbox 2882 1859 3084 1915; x_wconf 85' lang='lat' dir='ltr'><strong>deinde</strong></span> <span class='ocrx_word' id='word_1_262' title='bbox 3116 1875 3251 1914; x_wconf 91' lang='lat' dir='ltr'><strong>vero</strong></span> <span class='ocrx_word' id='word_1_263' title='bbox 3278 1855 3490 1928; x_wconf 79' lang='lat' dir='ltr'><strong>Raguei</strong></span> <span class='ocrx_word' id='word_1_264' title='bbox 3523 1874 3536 1909; x_wconf 90' lang='lat'><strong>:</strong></span> <span class='ocrx_word' id='word_1_265' title='bbox 3565 1865 3623 1910; x_wconf 86' lang='lat' dir='ltr'><strong>et</strong></span> 
     </span>
    </p>
   </div>
   <div class='ocr_carea' id='block_1_37' title="bbox 303 1941 1919 2022">
    <p class='ocr_par' dir='ltr' id='par_1_37' title="bbox 303 1941 1919 2022">
     <span class='ocr_line' id='line_1_37' title="bbox 303 1941 1919 2022; baseline 0.006 -28"><span class='ocrx_word' id='word_1_266' title='bbox 303 1958 439 1994; x_wconf 87' lang='grc' dir='ltr'>κασι</span> <span class='ocrx_word' id='word_1_267' title='bbox 470 1941 562 1996; x_wconf 79' lang='grc' dir='ltr'><strong>διὰ</strong></span> <span class='ocrx_word' id='word_1_268' title='bbox 589 1944 687 2013; x_wconf 75' lang='grc' dir='ltr'>τῆς</span> <span class='ocrx_word' id='word_1_269' title='bbox 726 1943 896 2008; x_wconf 75' lang='grc' dir='ltr'>ὄντως</span> <span class='ocrx_word' id='word_1_270' title='bbox 929 1946 1151 2010; x_wconf 79' lang='grc' dir='ltr'>ἀστείας</span> <span class='ocrx_word' id='word_1_271' title='bbox 1185 1947 1278 2000; x_wconf 70' lang='grc' dir='ltr'>καὶ</span> <span class='ocrx_word' id='word_1_272' title='bbox 1316 1951 1744 2020; x_wconf 83' lang='grc' dir='ltr'>τετορνευμένης</span> <span class='ocrx_word' id='word_1_273' title='bbox 1773 1950 1919 2022; x_wconf 76' lang='grc' dir='ltr'>ζωῆς</span> 
     </span>
    </p>
   </div>
   <div class='ocr_carea' id='block_1_38' title="bbox 303 2032 1921 2114">
    <p class='ocr_par' dir='ltr' id='par_1_38' title="bbox 303 2032 1921 2114">
     <span class='ocr_line' id='line_1_38' title="bbox 303 2032 1921 2114; baseline 0.007 -30"><span class='ocrx_word' id='word_1_274' title='bbox 303 2032 384 2103; x_wconf 80' lang='grc' dir='ltr'>τῷ</span> <span class='ocrx_word' id='word_1_275' title='bbox 413 2034 484 2086; x_wconf 77' lang='grc' dir='ltr'><strong>δι’</strong></span> <span class='ocrx_word' id='word_1_276' title='bbox 525 2036 678 2104; x_wconf 74' lang='grc' dir='ltr'>ἡμᾶς</span> <span class='ocrx_word' id='word_1_277' title='bbox 708 2035 833 2089; x_wconf 85' lang='grc' dir='ltr'>καθ’</span> <span class='ocrx_word' id='word_1_278' title='bbox 865 2038 1012 2109; x_wconf 79' lang='grc' dir='ltr'>ἡμᾶς</span> <span class='ocrx_word' id='word_1_279' title='bbox 1042 2039 1139 2090; x_wconf 76' lang='grc' dir='ltr'><strong>καὶ</strong></span> <span class='ocrx_word' id='word_1_280' title='bbox 1173 2039 1231 2091; x_wconf 79' lang='grc' dir='ltr'><strong>ἐν</strong></span> <span class='ocrx_word' id='word_1_281' title='bbox 1271 2039 1405 2109; x_wconf 84' lang='grc' dir='ltr'>τῷδε</span> <span class='ocrx_word' id='word_1_282' title='bbox 1435 2039 1510 2111; x_wconf 83' lang='grc' dir='ltr'>τῷ</span> <span class='ocrx_word' id='word_1_283' title='bbox 1551 2043 1743 2111; x_wconf 75' lang='grc' dir='ltr'>κόσμῳ</span> <span class='ocrx_word' id='word_1_284' title='bbox 1780 2061 1921 2114; x_wconf 87' lang='grc' dir='ltr'>παρ-</span> 
     </span>
    </p>
   </div>
   <div class='ocr_carea' id='block_1_39' title="bbox 300 2124 1916 2200">
    <p class='ocr_par' dir='ltr' id='par_1_39' title="bbox 300 2124 1916 2200">
     <span class='ocr_line' id='line_1_39' title="bbox 300 2124 1916 2200; baseline 0.008 -26"><span class='ocrx_word' id='word_1_285' title='bbox 300 2125 560 2195; x_wconf 73' lang='grc' dir='ltr'>ῳκηκὸτι</span> <span class='ocrx_word' id='word_1_286' title='bbox 603 2124 850 2198; x_wconf 78' lang='grc' dir='ltr'>Χριστῷ.</span> <span class='ocrx_word' id='word_1_287' title='bbox 884 2127 1209 2199; x_wconf 77' lang='grc' dir='ltr'>Πεφρόνηκε</span> <span class='ocrx_word' id='word_1_288' title='bbox 1263 2129 1373 2200; x_wconf 86' lang='grc' dir='ltr'>γὰρ</span> <span class='ocrx_word' id='word_1_289' title='bbox 1412 2132 1471 2183; x_wconf 83' lang='grc' dir='ltr'><strong>ού</strong></span> <span class='ocrx_word' id='word_1_290' title='bbox 1521 2133 1589 2184; x_wconf 82' lang='grc' dir='ltr'>τὰ</span> <span class='ocrx_word' id='word_1_291' title='bbox 1616 2132 1768 2185; x_wconf 77' lang='grc' dir='ltr'>τοῦδε</span> <span class='ocrx_word' id='word_1_292' title='bbox 1821 2133 1916 2187; x_wconf 77' lang='grc' dir='ltr'>τοῦ</span> 
     </span>
    </p>
   </div>
   <div class='ocr_carea' id='block_1_40' title="bbox 303 2215 1918 2298">
    <p class='ocr_par' dir='ltr' id='par_1_40' title="bbox 303 2215 1918 2298">
     <span class='ocr_line' id='line_1_40' title="bbox 303 2215 1918 2298; baseline 0.008 -30"><span class='ocrx_word' id='word_1_293' title='bbox 303 2215 547 2285; x_wconf 79' lang='grc' dir='ltr'><strong>κόσμου,</strong></span> <span class='ocrx_word' id='word_1_294' title='bbox 587 2218 786 2270; x_wconf 73' lang='grc' dir='ltr'>πολλοῦ</span> <span class='ocrx_word' id='word_1_295' title='bbox 840 2236 904 2288; x_wconf 89' lang='grc' dir='ltr'><strong>γε</strong></span> <span class='ocrx_word' id='word_1_296' title='bbox 952 2219 1047 2273; x_wconf 80' lang='grc' dir='ltr'>καὶ</span> <span class='ocrx_word' id='word_1_297' title='bbox 1104 2221 1211 2274; x_wconf 80' lang='grc' dir='ltr'>δεῖ·</span> <span class='ocrx_word' id='word_1_298' title='bbox 1244 2222 1416 2286; x_wconf 80' lang='grc' dir='ltr'>τύπος</span> <span class='ocrx_word' id='word_1_299' title='bbox 1459 2223 1514 2277; x_wconf 82' lang='grc' dir='ltr'><strong>δὲ</strong></span> <span class='ocrx_word' id='word_1_300' title='bbox 1555 2225 1756 2294; x_wconf 73' lang='grc' dir='ltr'>μᾶλλον</span> <span class='ocrx_word' id='word_1_301' title='bbox 1784 2228 1918 2298; x_wconf 76' lang='grc' dir='ltr'>ἡμῖν</span> 
     </span>
    </p>
   </div>
   <div class='ocr_carea' id='block_1_41' title="bbox 301 2307 1914 2390">
    <p class='ocr_par' dir='ltr' id='par_1_41' title="bbox 301 2307 1914 2390">
     <span class='ocr_line' id='line_1_41' title="bbox 301 2307 1914 2390; baseline 0.009 -31"><span class='ocrx_word' id='word_1_302' title='bbox 301 2307 402 2378; x_wconf 77' lang='grc' dir='ltr'>τῆς</span> <span class='ocrx_word' id='word_1_303' title='bbox 476 2310 861 2382; x_wconf 80' lang='grc' dir='ltr'>ὑπερκοσμίου</span> <span class='ocrx_word' id='word_1_304' title='bbox 921 2312 1014 2365; x_wconf 73' lang='grc' dir='ltr'>καὶ</span> <span class='ocrx_word' id='word_1_305' title='bbox 1069 2314 1457 2384; x_wconf 74' lang='grc' dir='ltr'>ὲννομωτάτης</span> <span class='ocrx_word' id='word_1_306' title='bbox 1503 2317 1711 2387; x_wconf 61' lang='grc' dir='ltr'>πέφηνε</span> <span class='ocrx_word' id='word_1_307' title='bbox 1747 2319 1914 2390; x_wconf 74' lang='grc' dir='ltr'>ζωῆς.</span> 
     </span>
    </p>
   </div>
   <div class='ocr_carea' id='block_1_42' title="bbox 313 2405 1918 2484">
    <p class='ocr_par' dir='ltr' id='par_1_42' title="bbox 313 2405 1918 2484">
     <span class='ocr_line' id='line_1_42' title="bbox 313 2405 1918 2484; baseline 0.008 -29"><span class='ocrx_word' id='word_1_308' title='bbox 313 2405 606 2476; x_wconf 80' lang='grc' dir='ltr'>Ἐπιτὴρει</span> <span class='ocrx_word' id='word_1_309' title='bbox 661 2406 718 2458; x_wconf 81' lang='grc' dir='ltr'><strong>δὲ</strong></span> <span class='ocrx_word' id='word_1_310' title='bbox 768 2407 918 2471; x_wconf 78' lang='grc' dir='ltr'>ὅπως</span> <span class='ocrx_word' id='word_1_311' title='bbox 961 2409 1329 2479; x_wconf 85' lang='grc' dir='ltr'>οἰκονομικῶς</span> <span class='ocrx_word' id='word_1_312' title='bbox 1355 2409 1419 2481; x_wconf 77' lang='grc' dir='ltr'><strong>δὴ</strong></span> <span class='ocrx_word' id='word_1_313' title='bbox 1447 2410 1566 2464; x_wconf 79' lang='grc' dir='ltr'>λίαν</span> <span class='ocrx_word' id='word_1_314' title='bbox 1593 2413 1652 2464; x_wconf 83' lang='grc' dir='ltr'><strong>τὸ</strong></span> <span class='ocrx_word' id='word_1_315' title='bbox 1678 2412 1918 2484; x_wconf 70' lang='grc' dir='ltr'>Γραμμα</span> 
     </span>
    </p>
   </div>
   <div class='ocr_carea' id='block_1_43' title="bbox 299 2491 1913 2576">
    <p class='ocr_par' dir='ltr' id='par_1_43' title="bbox 299 2491 1913 2576">
     <span class='ocr_line' id='line_1_43' title="bbox 299 2491 1913 2576; baseline 0.008 -32"><span class='ocrx_word' id='word_1_316' title='bbox 299 2491 362 2545; x_wconf 80' lang='grc' dir='ltr'>τὸ</span> <span class='ocrx_word' id='word_1_317' title='bbox 409 2495 585 2566; x_wconf 68' lang='grc' dir='ltr'>ἱερὸν,</span> <span class='ocrx_word' id='word_1_318' title='bbox 628 2497 720 2550; x_wconf 75' lang='grc' dir='ltr'><strong>τὸν</strong></span> <span class='ocrx_word' id='word_1_319' title='bbox 757 2498 868 2551; x_wconf 82' lang='grc' dir='ltr'><strong>τῶν</strong></span> <span class='ocrx_word' id='word_1_320' title='bbox 905 2499 1048 2554; x_wconf 75' lang='grc' dir='ltr'>ἑπτὰ</span> <span class='ocrx_word' id='word_1_321' title='bbox 1083 2502 1338 2556; x_wconf 75' lang='grc' dir='ltr'>νεανίδων</span> <span class='ocrx_word' id='word_1_322' title='bbox 1365 2503 1601 2575; x_wconf 80' lang='grc' dir='ltr'>πατέρα,</span> <span class='ocrx_word' id='word_1_323' title='bbox 1641 2506 1772 2576; x_wconf 66' lang='grc' dir='ltr'>πρὶν</span> <span class='ocrx_word' id='word_1_324' title='bbox 1811 2505 1913 2572; x_wconf 82' lang='grc' dir='ltr'><strong>μὲν</strong></span> 
     </span>
    </p>
   </div>
   <div class='ocr_carea' id='block_1_44' title="bbox 301 2577 1914 2668">
    <p class='ocr_par' dir='ltr' id='par_1_44' title="bbox 301 2589 1914 2668">
     <span class='ocr_line' id='line_1_44' title="bbox 301 2589 1914 2668; baseline 0.007 -29"><span class='ocrx_word' id='word_1_325' title='bbox 301 2590 384 2650; x_wconf 69' lang='grc' dir='ltr'>εἷς</span> <span class='ocrx_word' id='word_1_326' title='bbox 435 2589 616 2653; x_wconf 72' lang='grc' dir='ltr'>αὐτας</span> <span class='ocrx_word' id='word_1_327' title='bbox 664 2591 919 2659; x_wconf 75' lang='grc' dir='ltr'>γενέσῡαι</span> <span class='ocrx_word' id='word_1_328' title='bbox 973 2593 1072 2666; x_wconf 81' lang='grc' dir='ltr'><strong>τὴν</strong></span> <span class='ocrx_word' id='word_1_329' title='bbox 1127 2594 1216 2648; x_wconf 78' lang='grc' dir='ltr'><strong>διὰ</strong></span> <span class='ocrx_word' id='word_1_330' title='bbox 1267 2596 1512 2660; x_wconf 78' lang='grc' dir='ltr'><strong>Μωσέως</strong></span> <span class='ocrx_word' id='word_1_331' title='bbox 1570 2596 1914 2668; x_wconf 79' lang='grc' dir='ltr'>ἐπικουρίαν,</span> 
     </span>
    </p>
   </div>
   <div class='ocr_carea' id='block_1_45' title="bbox 300 2679 1917 2762">
    <p class='ocr_par' dir='ltr' id='par_1_45' title="bbox 300 2679 1917 2762">
     <span class='ocr_line' id='line_1_45' title="bbox 300 2679 1917 2762; baseline 0.007 -30"><span class='ocrx_word' id='word_1_332' title='bbox 300 2679 594 2750; x_wconf 72' lang='grc' dir='ltr'>ὠνόμασεν</span> <span class='ocrx_word' id='word_1_333' title='bbox 655 2685 843 2755; x_wconf 73' lang='grc' dir='ltr'>ἸοΟὸρ,</span> <span class='ocrx_word' id='word_1_334' title='bbox 886 2681 1003 2740; x_wconf 80' lang='grc' dir='ltr'>εἶτα</span> <span class='ocrx_word' id='word_1_335' title='bbox 1063 2688 1202 2758; x_wconf 72' lang='grc' dir='ltr'>μετὰ</span> <span class='ocrx_word' id='word_1_336' title='bbox 1256 2688 1415 2743; x_wconf 79' lang='grc' dir='ltr'>τοῦτο</span> <span class='ocrx_word' id='word_1_337' title='bbox 1477 2689 1780 2762; x_wconf 77' lang='grc' dir='ltr'><strong>Ῥαγουήλο</strong></span> <span class='ocrx_word' id='word_1_338' title='bbox 1823 2690 1917 2744; x_wconf 79' lang='grc' dir='ltr'><strong>καὶ</strong></span> 
     </span>
    </p>
   </div>
   <div class='ocr_carea' id='block_1_46' title="bbox 313 2774 1913 2856">
    <p class='ocr_par' dir='ltr' id='par_1_46' title="bbox 313 2774 1913 2856">
     <span class='ocr_line' id='line_1_46' title="bbox 313 2774 1913 2856; baseline 0.005 -28"><span class='ocrx_word' id='word_1_339' title='bbox 313 2774 488 2846; x_wconf 71' lang='grc' dir='ltr'>Ἰοθὸρ</span> <span class='ocrx_word' id='word_1_340' title='bbox 527 2777 628 2846; x_wconf 85' lang='grc' dir='ltr'><strong>μὲν</strong></span> <span class='ocrx_word' id='word_1_341' title='bbox 675 2779 1027 2851; x_wconf 76' lang='grc' dir='ltr'>περιττότης.</span> <span class='ocrx_word' id='word_1_342' title='bbox 1075 2781 1196 2851; x_wconf 70' lang='grc' dir='ltr'>ἤτοι</span> <span class='ocrx_word' id='word_1_343' title='bbox 1232 2781 1490 2852; x_wconf 80' lang='grc' dir='ltr'>περιττὸς</span> <span class='ocrx_word' id='word_1_344' title='bbox 1524 2783 1913 2856; x_wconf 79' lang='grc' dir='ltr'>ἑρμηνεύεται,</span> 
     </span>
    </p>
   </div>
   <div class='ocr_carea' id='block_1_47' title="bbox 300 2866 1918 2946">
    <p class='ocr_par' dir='ltr' id='par_1_47' title="bbox 300 2866 1918 2946">
     <span class='ocr_line' id='line_1_47' title="bbox 300 2866 1918 2946; baseline 0.006 -27"><span class='ocrx_word' id='word_1_345' title='bbox 300 2866 564 2938; x_wconf 66' lang='grc' dir='ltr'>καθαπερ</span> <span class='ocrx_word' id='word_1_346' title='bbox 630 2870 734 2940; x_wconf 71' lang='grc' dir='ltr'><strong>ἤδη</strong></span> <span class='ocrx_word' id='word_1_347' title='bbox 795 2874 1100 2941; x_wconf 83' lang='grc' dir='ltr'>προεῖπον,</span> <span class='ocrx_word' id='word_1_348' title='bbox 1176 2873 1444 2946; x_wconf 74' lang='grc' dir='ltr'>Ῥαγουὴλ</span> <span class='ocrx_word' id='word_1_349' title='bbox 1501 2875 1559 2929; x_wconf 82' lang='grc' dir='ltr'>δὲ</span> <span class='ocrx_word' id='word_1_350' title='bbox 1623 2877 1918 2946; x_wconf 78' lang='grc' dir='ltr'>ποιμασία</span> 
     </span>
    </p>
   </div>
   <div class='ocr_carea' id='block_1_48' title="bbox 301 2960 1911 3040">
    <p class='ocr_par' dir='ltr' id='par_1_48' title="bbox 301 2960 1911 3040">
     <span class='ocr_line' id='line_1_48' title="bbox 301 2960 1911 3040; baseline 0.007 -28"><span class='ocrx_word' id='word_1_351' title='bbox 301 2960 481 3014; x_wconf 84' lang='grc' dir='ltr'><strong>Θεοῦ.</strong></span> <span class='ocrx_word' id='word_1_352' title='bbox 539 2961 905 3034; x_wconf 79' lang='grc' dir='ltr'>Κεχρήσομαι</span> <span class='ocrx_word' id='word_1_353' title='bbox 956 2964 1066 3035; x_wconf 83' lang='grc' dir='ltr'>γὰρ</span> <span class='ocrx_word' id='word_1_354' title='bbox 1114 2969 1179 3038; x_wconf 81' lang='grc' dir='ltr'>τῇ</span> <span class='ocrx_word' id='word_1_355' title='bbox 1234 2966 1377 3031; x_wconf 81' lang='grc' dir='ltr'>λέξει</span> <span class='ocrx_word' id='word_1_356' title='bbox 1412 2966 1500 3020; x_wconf 75' lang='grc' dir='ltr'><strong>διὰ</strong></span> <span class='ocrx_word' id='word_1_357' title='bbox 1530 2968 1590 3021; x_wconf 84' lang='grc' dir='ltr'>τὸ</span> <span class='ocrx_word' id='word_1_358' title='bbox 1622 2969 1911 3040; x_wconf 84' lang='grc' dir='ltr'>χρήσιμον.</span> 
     </span>
    </p>
   </div>
   <div class='ocr_carea' id='block_1_49' title="bbox 310 3049 1915 3132">
    <p class='ocr_par' dir='ltr' id='par_1_49' title="bbox 310 3049 1915 3132">
     <span class='ocr_line' id='line_1_49' title="bbox 310 3049 1915 3132; baseline 0.008 -30"><span class='ocrx_word' id='word_1_359' title='bbox 310 3049 618 3122; x_wconf 80' lang='grc' dir='ltr'>Ἑλέγομεν</span> <span class='ocrx_word' id='word_1_360' title='bbox 663 3053 722 3106; x_wconf 81' lang='grc' dir='ltr'><strong>δὲ</strong></span> <span class='ocrx_word' id='word_1_361' title='bbox 777 3055 836 3107; x_wconf 87' lang='grc' dir='ltr'><strong>τὸ</strong></span> <span class='ocrx_word' id='word_1_362' title='bbox 884 3055 980 3109; x_wconf 76' lang='grc' dir='ltr'>τοῦ</span> <span class='ocrx_word' id='word_1_363' title='bbox 1025 3056 1233 3128; x_wconf 75' lang='grc' dir='ltr'>κόσμου</span> <span class='ocrx_word' id='word_1_364' title='bbox 1270 3059 1565 3130; x_wconf 77' lang='grc' dir='ltr'>πρόσωπον</span> <span class='ocrx_word' id='word_1_365' title='bbox 1600 3061 1915 3132; x_wconf 83' lang='grc' dir='ltr'>περιθέντες</span> 
     </span>
    </p>
   </div>
   <div class='ocr_carea' id='block_1_50' title="bbox 296 3144 1912 3225">
    <p class='ocr_par' dir='ltr' id='par_1_50' title="bbox 296 3144 1912 3225">
     <span class='ocr_line' id='line_1_50' title="bbox 296 3144 1912 3225; baseline 0.007 -30"><span class='ocrx_word' id='word_1_366' title='bbox 296 3144 477 3215; x_wconf 65' lang='grc' dir='ltr'>αὐτῷ,</span> <span class='ocrx_word' id='word_1_367' title='bbox 520 3146 604 3198; x_wconf 78' lang='grc' dir='ltr'><strong>ὅτι</strong></span> <span class='ocrx_word' id='word_1_368' title='bbox 634 3147 890 3218; x_wconf 68' lang='grc' dir='ltr'>περιττὸς</span> <span class='ocrx_word' id='word_1_369' title='bbox 920 3149 1015 3203; x_wconf 73' lang='grc' dir='ltr'>καὶ</span> <span class='ocrx_word' id='word_1_370' title='bbox 1057 3151 1264 3215; x_wconf 74' lang='grc' dir='ltr'>εἰκαῖος</span> <span class='ocrx_word' id='word_1_371' title='bbox 1295 3151 1511 3223; x_wconf 78' lang='grc' dir='ltr'>ἀληθῶς</span> <span class='ocrx_word' id='word_1_372' title='bbox 1566 3155 1592 3206; x_wconf 89' lang='grc' dir='ltr'>ὁ</span> <span class='ocrx_word' id='word_1_373' title='bbox 1627 3155 1685 3206; x_wconf 77' lang='grc' dir='ltr'>ἐν</span> <span class='ocrx_word' id='word_1_374' title='bbox 1721 3154 1912 3225; x_wconf 76' lang='grc' dir='ltr'>κόσμῳ</span> 
     </span>
    </p>
   </div>
   <div class='ocr_carea' id='block_1_51' title="bbox 2022 1947 3617 2023">
    <p class='ocr_par' dir='ltr' id='par_1_51' title="bbox 2022 1947 3617 2023">
     <span class='ocr_line' id='line_1_51' title="bbox 2022 1947 3617 2023; baseline -0.004 -16"><span class='ocrx_word' id='word_1_375' title='bbox 2022 1949 2216 2007; x_wconf 88' lang='lat' dir='ltr'><strong>Jethro</strong></span> <span class='ocrx_word' id='word_1_376' title='bbox 2241 1952 2464 2022; x_wconf 88' lang='lat' dir='ltr'><strong>quidem</strong></span> <span class='ocrx_word' id='word_1_377' title='bbox 2509 1951 2804 2023; x_wconf 84' lang='lat' dir='ltr'><strong>signiﬁcat,</strong></span> <span class='ocrx_word' id='word_1_378' title='bbox 2839 1959 2898 2005; x_wconf 90' lang='lat' dir='ltr'><strong>ut</strong></span> <span class='ocrx_word' id='word_1_379' title='bbox 2917 1951 3028 2020; x_wconf 85' lang='lat' dir='ltr'><strong>jam</strong></span> <span class='ocrx_word' id='word_1_380' title='bbox 3055 1949 3189 2012; x_wconf 81' lang='lat' dir='ltr'><strong>dixi,</strong></span> <span class='ocrx_word' id='word_1_381' title='bbox 3221 1947 3575 2018; x_wconf 84' lang='lat' dir='ltr'><strong>superfluitas</strong></span> <span class='ocrx_word' id='word_1_382' title='bbox 3602 1963 3617 2011; x_wconf 91' lang='lat'><strong>;</strong></span> 
     </span>
    </p>
   </div>
   <div class='ocr_carea' id='block_1_52' title="bbox 2023 2037 3621 2115">
    <p class='ocr_par' dir='ltr' id='par_1_52' title="bbox 2023 2037 3621 2115">
     <span class='ocr_line' id='line_1_52' title="bbox 2023 2037 3621 2115; baseline -0.006 -17"><span class='ocrx_word' id='word_1_383' title='bbox 2023 2041 2230 2115; x_wconf 82' lang='lat' dir='ltr'><strong>Ragucl</strong></span> <span class='ocrx_word' id='word_1_384' title='bbox 2285 2053 2492 2107; x_wconf 90' lang='lat' dir='ltr'><strong>autem,</strong></span> <span class='ocrx_word' id='word_1_385' title='bbox 2519 2060 2719 2114; x_wconf 84' lang='lat' dir='ltr'><strong>pascua</strong></span> <span class='ocrx_word' id='word_1_386' title='bbox 2772 2042 2897 2096; x_wconf 84' lang='lat' dir='ltr'><strong>Dei.~</strong></span> <span class='ocrx_word' id='word_1_387' title='bbox 2931 2042 3067 2097; x_wconf 87' lang='lat' dir='ltr'><strong>Utar</strong></span> <span class='ocrx_word' id='word_1_388' title='bbox 3121 2047 3306 2094; x_wconf 89' lang='lat' dir='ltr'><strong>autem</strong></span> <span class='ocrx_word' id='word_1_389' title='bbox 3360 2037 3621 2092; x_wconf 87' lang='lat' dir='ltr'><strong>utilitatis</strong></span> 
     </span>
    </p>
   </div>
   <div class='ocr_carea' id='block_1_53' title="bbox 2021 2127 3622 2208">
    <p class='ocr_par' dir='ltr' id='par_1_53' title="bbox 2021 2127 3622 2208">
     <span class='ocr_line' id='line_1_53' title="bbox 2021 2127 3622 2208; baseline -0.008 -16"><span class='ocrx_word' id='word_1_390' title='bbox 2021 2138 2195 2208; x_wconf 85' lang='lat' dir='ltr'><strong>gratia</strong></span> <span class='ocrx_word' id='word_1_391' title='bbox 2219 2137 2412 2191; x_wconf 89' lang='lat' dir='ltr'><strong>verbo.</strong></span> <span class='ocrx_word' id='word_1_392' title='bbox 2440 2137 2686 2192; x_wconf 89' lang='lat' dir='ltr'><strong>Dicimus</strong></span> <span class='ocrx_word' id='word_1_393' title='bbox 2724 2135 2895 2206; x_wconf 79' lang='lat' dir='ltr'><strong>igitur</strong></span> <span class='ocrx_word' id='word_1_394' title='bbox 2944 2131 3092 2204; x_wconf 90' lang='lat' dir='ltr'><strong>quod</strong></span> <span class='ocrx_word' id='word_1_395' title='bbox 3118 2132 3209 2186; x_wconf 86' lang='lat' dir='ltr'><strong>ille</strong></span> <span class='ocrx_word' id='word_1_396' title='bbox 3236 2129 3460 2201; x_wconf 88' lang='lat' dir='ltr'><strong>quidem</strong></span> <span class='ocrx_word' id='word_1_397' title='bbox 3479 2127 3622 2199; x_wconf 85' lang='lat' dir='ltr'><strong>gerit</strong></span> 
     </span>
    </p>
   </div>
   <div class='ocr_carea' id='block_1_54' title="bbox 2020 2223 3619 2300">
    <p class='ocr_par' dir='ltr' id='par_1_54' title="bbox 2020 2223 3619 2300">
     <span class='ocr_line' id='line_1_54' title="bbox 2020 2223 3619 2300; baseline -0.008 -16"><span class='ocrx_word' id='word_1_398' title='bbox 2020 2243 2312 2300; x_wconf 87' lang='lat' dir='ltr'><strong>personam</strong></span> <span class='ocrx_word' id='word_1_399' title='bbox 2339 2228 2562 2293; x_wconf 89' lang='lat' dir='ltr'><strong>mundi,</strong></span> <span class='ocrx_word' id='word_1_400' title='bbox 2611 2228 2767 2296; x_wconf 84' lang='lat' dir='ltr'><strong>cujus</strong></span> <span class='ocrx_word' id='word_1_401' title='bbox 2795 2236 2927 2280; x_wconf 85' lang='lat' dir='ltr'><strong>sane</strong></span> <span class='ocrx_word' id='word_1_402' title='bbox 2979 2223 3271 2294; x_wconf 86' lang='lat' dir='ltr'><strong>occupatio</strong></span> <span class='ocrx_word' id='word_1_403' title='bbox 3310 2235 3505 2276; x_wconf 88' lang='lat' dir='ltr'><strong>revera</strong></span> <span class='ocrx_word' id='word_1_404' title='bbox 3534 2225 3619 2272; x_wconf 85' lang='lat' dir='ltr'><strong>est</strong></span> 
     </span>
    </p>
   </div>
   <div class='ocr_carea' id='block_1_55' title="bbox 2021 2313 3621 2393">
    <p class='ocr_par' dir='ltr' id='par_1_55' title="bbox 2021 2313 3621 2393">
     <span class='ocr_line' id='line_1_55' title="bbox 2021 2313 3621 2393; baseline -0.008 -16"><span class='ocrx_word' id='word_1_405' title='bbox 2021 2322 2297 2393; x_wconf 89' lang='lat' dir='ltr'><strong>superﬂua</strong></span> <span class='ocrx_word' id='word_1_406' title='bbox 2316 2331 2480 2390; x_wconf 89' lang='lat' dir='ltr'><strong>atque</strong></span> <span class='ocrx_word' id='word_1_407' title='bbox 2509 2320 2708 2374; x_wconf 89' lang='lat' dir='ltr'><strong>inanis.</strong></span> <span class='ocrx_word' id='word_1_408' title='bbox 2728 2319 2933 2374; x_wconf 82' lang='lat' dir='ltr'><strong>Verum</strong></span> <span class='ocrx_word' id='word_1_409' title='bbox 2959 2317 3065 2371; x_wconf 91' lang='lat' dir='ltr'><strong>hoc</strong></span> <span class='ocrx_word' id='word_1_410' title='bbox 3090 2313 3510 2385; x_wconf 84' lang='lat' dir='ltr'><strong>intelligendum</strong></span> <span class='ocrx_word' id='word_1_411' title='bbox 3535 2319 3621 2365; x_wconf 89' lang='lat' dir='ltr'><strong>est</strong></span> 
     </span>
    </p>
   </div>
   <div class='ocr_carea' id='block_1_56' title="bbox 2018 2405 3615 2485">
    <p class='ocr_par' dir='ltr' id='par_1_56' title="bbox 2018 2405 3615 2485">
     <span class='ocr_line' id='line_1_56' title="bbox 2018 2405 3615 2485; baseline -0.008 -16"><span class='ocrx_word' id='word_1_412' title='bbox 2018 2425 2314 2485; x_wconf 84' lang='lat' dir='ltr'><strong>antequam</strong></span> <span class='ocrx_word' id='word_1_413' title='bbox 2346 2415 2551 2468; x_wconf 85' lang='lat' dir='ltr'><strong>chorus</strong></span> <span class='ocrx_word' id='word_1_414' title='bbox 2581 2413 2893 2484; x_wconf 86' lang='lat' dir='ltr'><strong>puellarum</strong></span> <span class='ocrx_word' id='word_1_415' title='bbox 2939 2410 3009 2466; x_wconf 82' lang='lat' dir='ltr'><strong>sit</strong></span> <span class='ocrx_word' id='word_1_416' title='bbox 3042 2409 3263 2480; x_wconf 89' lang='lat' dir='ltr'><strong>adjutus</strong></span> <span class='ocrx_word' id='word_1_417' title='bbox 3310 2423 3340 2461; x_wconf 89' lang='lat' dir='ltr'><strong>a</strong></span> <span class='ocrx_word' id='word_1_418' title='bbox 3372 2405 3615 2460; x_wconf 87' lang='lat' dir='ltr'><strong>Christo.</strong></span> 
     </span>
    </p>
   </div>
   <div class='ocr_carea' id='block_1_57' title="bbox 2018 2497 3619 2580">
    <p class='ocr_par' dir='ltr' id='par_1_57' title="bbox 2018 2497 3619 2580">
     <span class='ocr_line' id='line_1_57' title="bbox 2018 2497 3619 2580; baseline -0.01 -16"><span class='ocrx_word' id='word_1_419' title='bbox 2018 2511 2152 2564; x_wconf 79' lang='lat' dir='ltr'><strong>Nam</strong></span> <span class='ocrx_word' id='word_1_420' title='bbox 2186 2519 2475 2580; x_wconf 86' lang='lat' dir='ltr'><strong>postquam</strong></span> <span class='ocrx_word' id='word_1_421' title='bbox 2519 2524 2547 2561; x_wconf 91' lang='lat' dir='ltr'><strong>a</strong></span> <span class='ocrx_word' id='word_1_422' title='bbox 2599 2505 2887 2578; x_wconf 72' lang='lat' dir='ltr'><strong>tyrannide</strong></span> <span class='ocrx_word' id='word_1_423' title='bbox 2914 2504 3184 2566; x_wconf 64' lang='lat' dir='ltr'><strong>liberatae,</strong></span> <span class='ocrx_word' id='word_1_424' title='bbox 3229 2509 3286 2555; x_wconf 88' lang='lat' dir='ltr'><strong>et</strong></span> <span class='ocrx_word' id='word_1_425' title='bbox 3313 2515 3382 2554; x_wconf 83' lang='lat' dir='ltr'><strong>ex</strong></span> <span class='ocrx_word' id='word_1_426' title='bbox 3417 2497 3619 2567; x_wconf 84' lang='lat' dir='ltr'><strong>impio-</strong></span> 
     </span>
    </p>
   </div>
   <div class='ocr_carea' id='block_1_58' title="bbox 2019 2593 3614 2673">
    <p class='ocr_par' dir='ltr' id='par_1_58' title="bbox 2019 2593 3614 2673">
     <span class='ocr_line' id='line_1_58' title="bbox 2019 2593 3614 2673; baseline -0.009 -16"><span class='ocrx_word' id='word_1_427' title='bbox 2019 2618 2142 2657; x_wconf 88' lang='lat' dir='ltr'><strong>rum</strong></span> <span class='ocrx_word' id='word_1_428' title='bbox 2183 2612 2470 2673; x_wconf 84' lang='lat' dir='ltr'><strong>pastorum</strong></span> <span class='ocrx_word' id='word_1_429' title='bbox 2513 2615 2680 2653; x_wconf 89' lang='lat' dir='ltr'><strong>manu</strong></span> <span class='ocrx_word' id='word_1_430' title='bbox 2716 2609 2845 2653; x_wconf 87' lang='lat' dir='ltr'><strong>sunt</strong></span> <span class='ocrx_word' id='word_1_431' title='bbox 2888 2605 3093 2666; x_wconf 60' lang='lat' dir='ltr'><strong>erepta:</strong></span> <span class='ocrx_word' id='word_1_432' title='bbox 3117 2637 3130 2658; x_wconf 89' lang='lat'><strong>,</strong></span> <span class='ocrx_word' id='word_1_433' title='bbox 3159 2602 3314 2657; x_wconf 87' lang='lat' dir='ltr'><strong>tunc,</strong></span> <span class='ocrx_word' id='word_1_434' title='bbox 3351 2593 3578 2662; x_wconf 86' lang='lat' dir='ltr'><strong>inquam</strong></span> <span class='ocrx_word' id='word_1_435' title='bbox 3601 2631 3614 2654; x_wconf 94' lang='lat'><strong>,</strong></span> 
     </span>
    </p>
   </div>
   <div class='ocr_carea' id='block_1_59' title="bbox 2017 2687 3619 2759">
    <p class='ocr_par' dir='ltr' id='par_1_59' title="bbox 2017 2687 3619 2759">
     <span class='ocr_line' id='line_1_59' title="bbox 2017 2687 3619 2759; baseline -0.008 -11"><span class='ocrx_word' id='word_1_436' title='bbox 2017 2710 2220 2748; x_wconf 90' lang='lat' dir='ltr'><strong>nomen</strong></span> <span class='ocrx_word' id='word_1_437' title='bbox 2261 2694 2454 2748; x_wconf 81' lang='lat' dir='ltr'><strong>Jcthro</strong></span> <span class='ocrx_word' id='word_1_438' title='bbox 2493 2701 2765 2747; x_wconf 89' lang='lat' dir='ltr'><strong>mutatum</strong></span> <span class='ocrx_word' id='word_1_439' title='bbox 2792 2699 2876 2745; x_wconf 89' lang='lat' dir='ltr'><strong>est</strong></span> <span class='ocrx_word' id='word_1_440' title='bbox 2901 2691 2954 2744; x_wconf 93' lang='lat' dir='ltr'><strong>in</strong></span> <span class='ocrx_word' id='word_1_441' title='bbox 2980 2689 3189 2759; x_wconf 84' lang='lat' dir='ltr'><strong>Raguel</strong></span> <span class='ocrx_word' id='word_1_442' title='bbox 3212 2730 3224 2751; x_wconf 93' lang='lat'><strong>,</strong></span> <span class='ocrx_word' id='word_1_443' title='bbox 3252 2687 3343 2756; x_wconf 89' lang='lat' dir='ltr'><strong>qui</strong></span> <span class='ocrx_word' id='word_1_444' title='bbox 3373 2693 3457 2740; x_wconf 90' lang='lat' dir='ltr'><strong>est</strong></span> <span class='ocrx_word' id='word_1_445' title='bbox 3489 2699 3619 2755; x_wconf 75' lang='lat' dir='ltr'><strong>grex</strong></span> 
     </span>
    </p>
   </div>
   <div class='ocr_carea' id='block_1_60' title="bbox 2016 2775 3614 2857">
    <p class='ocr_par' dir='ltr' id='par_1_60' title="bbox 2016 2775 3614 2857">
     <span class='ocr_line' id='line_1_60' title="bbox 2016 2775 3614 2857; baseline -0.008 -17"><span class='ocrx_word' id='word_1_446' title='bbox 2016 2783 2116 2840; x_wconf 89' lang='lat' dir='ltr'><strong>Dei</strong></span> <span class='ocrx_word' id='word_1_447' title='bbox 2149 2793 2240 2840; x_wconf 94' lang='lat' dir='ltr'><strong>aul</strong></span> <span class='ocrx_word' id='word_1_448' title='bbox 2276 2787 2674 2857; x_wconf 75' lang='lat' dir='ltr'><strong>pascua,‘juxta</strong></span> <span class='ocrx_word' id='word_1_449' title='bbox 2698 2785 2808 2837; x_wconf 88' lang='lat' dir='ltr'><strong>vim</strong></span> <span class='ocrx_word' id='word_1_450' title='bbox 2839 2783 3013 2853; x_wconf 80' lang='lat' dir='ltr'><strong>ipsius</strong></span> <span class='ocrx_word' id='word_1_451' title='bbox 3045 2780 3222 2835; x_wconf 84' lang='lat' dir='ltr'><strong>verbi.</strong></span> <span class='ocrx_word' id='word_1_452' title='bbox 3261 2777 3445 2832; x_wconf 87' lang='lat' dir='ltr'><strong>Subiit</strong></span> <span class='ocrx_word' id='word_1_453' title='bbox 3466 2775 3614 2829; x_wconf 89' lang='lat' dir='ltr'><strong>enim</strong></span> 
     </span>
    </p>
   </div>
   <div class='ocr_carea' id='block_1_61' title="bbox 2018 2863 3617 2946">
    <p class='ocr_par' dir='ltr' id='par_1_61' title="bbox 2018 2863 3617 2946">
     <span class='ocr_line' id='line_1_61' title="bbox 2018 2863 3617 2946; baseline -0.007 -12"><span class='ocrx_word' id='word_1_454' title='bbox 2018 2895 2242 2934; x_wconf 88' lang='lat' dir='ltr'><strong>manum</strong></span> <span class='ocrx_word' id='word_1_455' title='bbox 2262 2863 2461 2934; x_wconf 79' lang='lat' dir='ltr'><strong>summi</strong></span> <span class='ocrx_word' id='word_1_456' title='bbox 2482 2879 2630 2934; x_wconf 90' lang='lat' dir='ltr'><strong>illius</strong></span> <span class='ocrx_word' id='word_1_457' title='bbox 2642 2878 2890 2932; x_wconf 87' lang='lat' dir='ltr'><strong>omnium</strong></span> <span class='ocrx_word' id='word_1_458' title='bbox 2909 2882 3192 2946; x_wconf 90' lang='lat' dir='ltr'><strong>pastorum</strong></span> <span class='ocrx_word' id='word_1_459' title='bbox 3216 2869 3617 2943; x_wconf 88' lang='lat' dir='ltr'><strong>principis,hoc</strong></span> 
     </span>
    </p>
   </div>
   <div class='ocr_carea' id='block_1_62' title="bbox 2017 2963 3617 3041">
    <p class='ocr_par' dir='ltr' id='par_1_62' title="bbox 2017 2963 3617 3041">
     <span class='ocr_line' id='line_1_62' title="bbox 2017 2963 3617 3041; baseline -0.007 -15"><span class='ocrx_word' id='word_1_460' title='bbox 2017 2980 2101 3026; x_wconf 90' lang='lat' dir='ltr'><strong>est</strong></span> <span class='ocrx_word' id='word_1_461' title='bbox 2127 2971 2332 3026; x_wconf 89' lang='lat' dir='ltr'><strong>Christi</strong></span> <span class='ocrx_word' id='word_1_462' title='bbox 2381 2972 2510 3028; x_wconf 86' lang='lat' dir='ltr'><strong>Jesu</strong></span> <span class='ocrx_word' id='word_1_463' title='bbox 2534 3013 2547 3036; x_wconf 93' lang='lat'><strong>,</strong></span> <span class='ocrx_word' id='word_1_464' title='bbox 2577 2987 2677 3041; x_wconf 87' lang='lat' dir='ltr'><strong>per</strong></span> <span class='ocrx_word' id='word_1_465' title='bbox 2701 2985 2865 3040; x_wconf 90' lang='lat' dir='ltr'><strong>quem</strong></span> <span class='ocrx_word' id='word_1_466' title='bbox 2900 2977 2957 3024; x_wconf 91' lang='lat' dir='ltr'><strong>et</strong></span> <span class='ocrx_word' id='word_1_467' title='bbox 2999 2983 3124 3020; x_wconf 87' lang='lat' dir='ltr'><strong>cum</strong></span> <span class='ocrx_word' id='word_1_468' title='bbox 3153 2981 3264 3036; x_wconf 91' lang='lat' dir='ltr'><strong>quo</strong></span> <span class='ocrx_word' id='word_1_469' title='bbox 3298 2964 3370 3018; x_wconf 91' lang='lat' dir='ltr'><strong>sit</strong></span> <span class='ocrx_word' id='word_1_470' title='bbox 3420 2963 3533 3018; x_wconf 88' lang='lat' dir='ltr'><strong>Deo</strong></span> <span class='ocrx_word' id='word_1_471' title='bbox 3560 2967 3617 3016; x_wconf 85' lang='lat' dir='ltr'><strong>et</strong></span> 
     </span>
    </p>
   </div>
   <div class='ocr_carea' id='block_1_63' title="bbox 2016 3054 3616 3134">
    <p class='ocr_par' dir='ltr' id='par_1_63' title="bbox 2016 3054 3616 3134">
     <span class='ocr_line' id='line_1_63' title="bbox 2016 3054 3616 3134; baseline -0.006 -16"><span class='ocrx_word' id='word_1_472' title='bbox 2016 3063 2166 3118; x_wconf 88' lang='lat' dir='ltr'><strong>Patri</strong></span> <span class='ocrx_word' id='word_1_473' title='bbox 2191 3065 2366 3134; x_wconf 84' lang='lat' dir='ltr'><strong>gloria</strong></span> <span class='ocrx_word' id='word_1_474' title='bbox 2398 3080 2523 3119; x_wconf 91' lang='lat' dir='ltr'><strong>cum</strong></span> <span class='ocrx_word' id='word_1_475' title='bbox 2570 3070 2760 3119; x_wconf 88' lang='lat' dir='ltr'><strong>sancto</strong></span> <span class='ocrx_word' id='word_1_476' title='bbox 2790 3060 2999 3132; x_wconf 87' lang='lat' dir='ltr'><strong>Spiritu</strong></span> <span class='ocrx_word' id='word_1_477' title='bbox 3050 3059 3104 3113; x_wconf 91' lang='lat' dir='ltr'><strong>in</strong></span> <span class='ocrx_word' id='word_1_478' title='bbox 3145 3056 3344 3116; x_wconf 73' lang='lat' dir='ltr'><strong>saecula</strong></span> <span class='ocrx_word' id='word_1_479' title='bbox 3383 3054 3616 3110; x_wconf 70' lang='lat' dir='ltr'><strong>saeculo-</strong></span> 
     </span>
    </p>
   </div>
   <div class='ocr_carea' id='block_1_64' title="bbox 2018 3159 2398 3213">
    <p class='ocr_par' dir='ltr' id='par_1_64' title="bbox 2018 3159 2398 3213">
     <span class='ocr_line' id='line_1_64' title="bbox 2018 3159 2398 3213; baseline 0.008 -4"><span class='ocrx_word' id='word_1_480' title='bbox 2018 3173 2163 3212; x_wconf 90' lang='lat' dir='ltr'><strong>rum.</strong></span> <span class='ocrx_word' id='word_1_481' title='bbox 2199 3159 2398 3213; x_wconf 79' lang='lat' dir='ltr'><strong>Amen.</strong></span> 
     </span>
    </p>
   </div>
   <div class='ocr_carea' id='block_1_65' title="bbox 297 3235 3615 3322">
    <p class='ocr_par' dir='ltr' id='par_1_65' title="bbox 297 3235 3615 3322">
     <span class='ocr_line' id='line_1_65' title="bbox 297 3235 3615 3322; baseline 0.001 -32"><span class='ocrx_word' id='word_1_482' title='bbox 297 3241 723 3309; x_wconf 76' lang='grc' dir='ltr'>περισπασμός.</span> <span class='ocrx_word' id='word_1_483' title='bbox 771 3240 908 3293; x_wconf 76' lang='grc' dir='ltr'>’Λλλ’</span> <span class='ocrx_word' id='word_1_484' title='bbox 937 3235 1005 3313; x_wconf 79' lang='grc' dir='ltr'><strong>ἧν</strong></span> <span class='ocrx_word' id='word_1_485' title='bbox 1041 3241 1138 3312; x_wconf 85' lang='grc' dir='ltr'><strong>μὲν</strong></span> <span class='ocrx_word' id='word_1_486' title='bbox 1172 3244 1228 3296; x_wconf 78' lang='grc' dir='ltr'><strong>ἐν</strong></span> <span class='ocrx_word' id='word_1_487' title='bbox 1261 3244 1472 3308; x_wconf 85' lang='grc' dir='ltr'>τούτοις</span> <span class='ocrx_word' id='word_1_488' title='bbox 1505 3245 1633 3316; x_wconf 75' lang='grc' dir='ltr'>πρὶν</span> <span class='ocrx_word' id='word_1_489' title='bbox 1673 3246 2022 3318; x_wconf 71' lang='grc' dir='ltr'>ὠφεληθῆναι</span> <span class='ocrx_word' id='word_1_490' title='bbox 2051 3249 2200 3320; x_wconf 78' lang='grc' dir='ltr'>παρὰ</span> <span class='ocrx_word' id='word_1_491' title='bbox 2230 3249 2473 3322; x_wconf 77' lang='grc' dir='ltr'>Χριστοῦ</span> <span class='ocrx_word' id='word_1_492' title='bbox 2536 3249 2626 3303; x_wconf 65' lang='grc' dir='ltr'><strong>τὶν</strong></span> <span class='ocrx_word' id='word_1_493' title='bbox 2694 3248 2802 3302; x_wconf 84' lang='grc' dir='ltr'><strong>τῶν</strong></span> <span class='ocrx_word' id='word_1_494' title='bbox 2867 3245 3122 3299; x_wconf 77' lang='grc' dir='ltr'>νεανίδων</span> <span class='ocrx_word' id='word_1_495' title='bbox 3172 3241 3354 3314; x_wconf 81' lang='grc' dir='ltr'>χορόν.</span> <span class='ocrx_word' id='word_1_496' title='bbox 3393 3238 3615 3310; x_wconf 80' lang='grc' dir='ltr'>Ἐπειδὴ</span> 
     </span>
    </p>
   </div>
   <div class='ocr_carea' id='block_1_66' title="bbox 293 3331 3614 3417">
    <p class='ocr_par' dir='ltr' id='par_1_66' title="bbox 293 3331 3614 3417">
     <span class='ocr_line' id='line_1_66' title="bbox 293 3331 3614 3417; baseline 0.007 -33"><span class='ocrx_word' id='word_1_497' title='bbox 293 3332 355 3384; x_wconf 77' lang='grc' dir='ltr'>δὲ</span> <span class='ocrx_word' id='word_1_498' title='bbox 385 3331 708 3398; x_wconf 67' lang='grc' dir='ltr'>πλεονεξίας</span> <span class='ocrx_word' id='word_1_499' title='bbox 740 3335 1058 3406; x_wconf 77' lang='grc' dir='ltr'>ὲξῄρηνται,</span> <span class='ocrx_word' id='word_1_500' title='bbox 1093 3338 1186 3390; x_wconf 69' lang='grc' dir='ltr'><strong>καὶ</strong></span> <span class='ocrx_word' id='word_1_501' title='bbox 1226 3338 1324 3408; x_wconf 79' lang='grc' dir='ltr'>τῆς</span> <span class='ocrx_word' id='word_1_502' title='bbox 1362 3340 1468 3392; x_wconf 76' lang='grc' dir='ltr'><strong>τῶν</strong></span> <span class='ocrx_word' id='word_1_503' title='bbox 1499 3340 1730 3394; x_wconf 76' lang='grc' dir='ltr'>ἀνοσίων</span> <span class='ocrx_word' id='word_1_504' title='bbox 1772 3344 2049 3412; x_wconf 80' lang='grc' dir='ltr'>ποιμένων</span> <span class='ocrx_word' id='word_1_505' title='bbox 2112 3345 2216 3413; x_wconf 74' lang='grc' dir='ltr'><strong>ἔξω</strong></span> <span class='ocrx_word' id='word_1_506' title='bbox 2281 3346 2554 3400; x_wconf 60' lang='grc' dir='ltr'>τέθεινται</span> <span class='ocrx_word' id='word_1_507' title='bbox 2597 3344 2806 3417; x_wconf 74' lang='grc' dir='ltr'>χειρὸς,</span> <span class='ocrx_word' id='word_1_508' title='bbox 2849 3343 2970 3395; x_wconf 72' lang='grc' dir='ltr'>τότε</span> <span class='ocrx_word' id='word_1_509' title='bbox 3025 3339 3110 3412; x_wconf 67' lang='grc' dir='ltr'><strong>δὴ.</strong></span> <span class='ocrx_word' id='word_1_510' title='bbox 3182 3339 3305 3392; x_wconf 64' lang='grc' dir='ltr'><strong>τότε</strong></span> <span class='ocrx_word' id='word_1_511' title='bbox 3372 3334 3614 3408; x_wconf 75' lang='grc' dir='ltr'>μετωνό-</span> 
     </span>
    </p>
   </div>
   <div class='ocr_carea' id='block_1_67' title="bbox 297 3429 3616 3514">
    <p class='ocr_par' dir='ltr' id='par_1_67' title="bbox 297 3429 3616 3514">
     <span class='ocr_line' id='line_1_67' title="bbox 297 3429 3616 3514; baseline 0.001 -35"><span class='ocrx_word' id='word_1_512' title='bbox 297 3444 514 3493; x_wconf 80' lang='grc' dir='ltr'>μασται</span> <span class='ocrx_word' id='word_1_513' title='bbox 560 3429 854 3500; x_wconf 74' lang='grc' dir='ltr'>Ῥαγουῆλ,</span> <span class='ocrx_word' id='word_1_514' title='bbox 895 3429 922 3482; x_wconf 86' lang='grc' dir='ltr'><strong>ὅ</strong></span> <span class='ocrx_word' id='word_1_515' title='bbox 970 3431 1087 3484; x_wconf 85' lang='grc' dir='ltr'>ἐστι</span> <span class='ocrx_word' id='word_1_516' title='bbox 1126 3432 1275 3486; x_wconf 84' lang='grc' dir='ltr'>Θεοῦ</span> <span class='ocrx_word' id='word_1_517' title='bbox 1306 3434 1608 3502; x_wconf 74' lang='grc' dir='ltr'>ποίμνιον,</span> <span class='ocrx_word' id='word_1_518' title='bbox 1642 3436 1759 3506; x_wconf 69' lang='grc' dir='ltr'>ἤτοι</span> <span class='ocrx_word' id='word_1_519' title='bbox 1789 3439 2104 3508; x_wconf 79' lang='grc' dir='ltr'>ποιμίισιά,</span> <span class='ocrx_word' id='word_1_520' title='bbox 2142 3441 2286 3494; x_wconf 82' lang='grc' dir='ltr'>κατὰ</span> <span class='ocrx_word' id='word_1_521' title='bbox 2317 3459 2381 3510; x_wconf 88' lang='grc' dir='ltr'><strong>γε</strong></span> <span class='ocrx_word' id='word_1_522' title='bbox 2407 3441 2506 3514; x_wconf 77' lang='grc' dir='ltr'>τὴν</span> <span class='ocrx_word' id='word_1_523' title='bbox 2573 3441 2672 3511; x_wconf 79' lang='grc' dir='ltr'>τῆς</span> <span class='ocrx_word' id='word_1_524' title='bbox 2736 3435 3034 3510; x_wconf 78' lang='grc' dir='ltr'>ἑρμηνείας</span> <span class='ocrx_word' id='word_1_525' title='bbox 3098 3433 3350 3504; x_wconf 83' lang='grc' dir='ltr'>δύναμιν.</span> <span class='ocrx_word' id='word_1_526' title='bbox 3390 3429 3616 3484; x_wconf 77' lang='grc' dir='ltr'>Ὑποδε-</span> 
     </span>
    </p>
   </div>
   <div class='ocr_carea' id='block_1_68' title="bbox 294 3520 3614 3607">
    <p class='ocr_par' dir='ltr' id='par_1_68' title="bbox 294 3520 3614 3607">
     <span class='ocr_line' id='line_1_68' title="bbox 294 3520 3614 3607; baseline 0.003 -36"><span class='ocrx_word' id='word_1_527' title='bbox 294 3520 562 3590; x_wconf 70' lang='grc' dir='ltr'>δράμηκε</span> <span class='ocrx_word' id='word_1_528' title='bbox 615 3525 724 3592; x_wconf 69' lang='grc' dir='ltr'><strong>γὰρ</strong></span> <span class='ocrx_word' id='word_1_529' title='bbox 763 3523 861 3594; x_wconf 82' lang='grc' dir='ltr'>τὴν</span> <span class='ocrx_word' id='word_1_530' title='bbox 909 3527 1069 3595; x_wconf 69' lang='grc' dir='ltr'>χεῖρα</span> <span class='ocrx_word' id='word_1_531' title='bbox 1104 3524 1198 3578; x_wconf 74' lang='grc' dir='ltr'>τοῦ</span> <span class='ocrx_word' id='word_1_532' title='bbox 1236 3526 1457 3580; x_wconf 79' lang='grc' dir='ltr'>πάντων</span> <span class='ocrx_word' id='word_1_533' title='bbox 1497 3528 1911 3601; x_wconf 79' lang='grc' dir='ltr'>ἀρχιποίμενος,</span> <span class='ocrx_word' id='word_1_534' title='bbox 1956 3535 2101 3605; x_wconf 68' lang='grc' dir='ltr'>φημὶ</span> <span class='ocrx_word' id='word_1_535' title='bbox 2151 3535 2216 3607; x_wconf 79' lang='grc' dir='ltr'><strong>δὴ</strong></span> <span class='ocrx_word' id='word_1_536' title='bbox 2259 3535 2532 3607; x_wconf 78' lang='grc' dir='ltr'>Χριστοῦ·</span> <span class='ocrx_word' id='word_1_537' title='bbox 2593 3535 2658 3588; x_wconf 79' lang='grc' dir='ltr'><strong>δι’</strong></span> <span class='ocrx_word' id='word_1_538' title='bbox 2694 3525 2756 3588; x_wconf 72' lang='grc' dir='ltr'>οὗ</span> <span class='ocrx_word' id='word_1_539' title='bbox 2834 3532 2929 3586; x_wconf 71' lang='grc' dir='ltr'><strong>καὶ</strong></span> <span class='ocrx_word' id='word_1_540' title='bbox 2982 3531 3100 3601; x_wconf 79' lang='grc' dir='ltr'>μεθ’</span> <span class='ocrx_word' id='word_1_541' title='bbox 3135 3523 3195 3584; x_wconf 72' lang='grc' dir='ltr'>οὗ</span> <span class='ocrx_word' id='word_1_542' title='bbox 3236 3526 3312 3600; x_wconf 77' lang='grc' dir='ltr'>τῷ</span> <span class='ocrx_word' id='word_1_543' title='bbox 3351 3523 3471 3596; x_wconf 83' lang='grc' dir='ltr'><strong>Θεῷ</strong></span> <span class='ocrx_word' id='word_1_544' title='bbox 3521 3529 3614 3580; x_wconf 75' lang='grc' dir='ltr'>καὶ</span> 
     </span>
    </p>
   </div>
   <div class='ocr_carea' id='block_1_69' title="bbox 297 3609 2572 3700">
    <p class='ocr_par' dir='ltr' id='par_1_69' title="bbox 297 3609 2572 3700">
     <span class='ocr_line' id='line_1_69' title="bbox 297 3609 2572 3700; baseline 0.008 -36"><span class='ocrx_word' id='word_1_545' title='bbox 297 3611 481 3683; x_wconf 55' lang='lat' dir='ltr'><strong>[lupi</strong></span> <span class='ocrx_word' id='word_1_546' title='bbox 509 3613 543 3680; x_wconf 82' lang='grc' dir='ltr'><strong>ή</strong></span> <span class='ocrx_word' id='word_1_547' title='bbox 587 3609 715 3676; x_wconf 72' lang='grc' dir='ltr'><strong>δόξα</strong></span> <span class='ocrx_word' id='word_1_548' title='bbox 775 3614 872 3665; x_wconf 77' lang='grc' dir='ltr'><strong>σὺν</strong></span> <span class='ocrx_word' id='word_1_549' title='bbox 934 3612 1072 3685; x_wconf 81' lang='grc' dir='ltr'>ἁγίῳ</span> <span class='ocrx_word' id='word_1_550' title='bbox 1113 3614 1395 3686; x_wconf 87' lang='grc' dir='ltr'>Πνεύματι</span> <span class='ocrx_word' id='word_1_551' title='bbox 1431 3619 1508 3682; x_wconf 83' lang='grc' dir='ltr'><strong>είς</strong></span> <span class='ocrx_word' id='word_1_552' title='bbox 1547 3620 1674 3683; x_wconf 78' lang='grc' dir='ltr'>τοὺς</span> <span class='ocrx_word' id='word_1_553' title='bbox 1710 3621 1912 3688; x_wconf 82' lang='grc' dir='ltr'>αἰῶνας</span> <span class='ocrx_word' id='word_1_554' title='bbox 1949 3623 2058 3677; x_wconf 82' lang='grc' dir='ltr'><strong>τῶν</strong></span> <span class='ocrx_word' id='word_1_555' title='bbox 2089 3625 2324 3680; x_wconf 86' lang='grc' dir='ltr'>αἰώνων.</span> <span class='ocrx_word' id='word_1_556' title='bbox 2370 3628 2572 3700; x_wconf 85' lang='grc' dir='ltr'>’Λμήν.</span> 
     </span>
    </p>
   </div>
   <div class='ocr_carea' id='block_1_70' title="bbox 372 3723 1834 3800">
    <p class='ocr_par' dir='ltr' id='par_1_70' title="bbox 372 3723 1834 3800">
     <span class='ocr_line' id='line_1_70' title="bbox 372 3723 1834 3800; baseline 0.01 -23"><span class='ocrx_word' id='word_1_557' title='bbox 372 3725 516 3791; x_wconf 72' lang='grc' dir='ltr'>Περὶ</span> <span class='ocrx_word' id='word_1_558' title='bbox 550 3723 661 3790; x_wconf 82' lang='grc' dir='ltr'>τῆς</span> <span class='ocrx_word' id='word_1_559' title='bbox 692 3727 956 3792; x_wconf 78' lang='grc' dir='ltr'>Μωσέως</span> <span class='ocrx_word' id='word_1_560' title='bbox 983 3728 1280 3796; x_wconf 71' lang='grc' dir='ltr'>ὀπτασίας</span> <span class='ocrx_word' id='word_1_561' title='bbox 1314 3730 1424 3798; x_wconf 83' lang='grc' dir='ltr'>τῆς</span> <span class='ocrx_word' id='word_1_562' title='bbox 1442 3732 1512 3786; x_wconf 80' lang='grc' dir='ltr'><strong>ἐν</strong></span> <span class='ocrx_word' id='word_1_563' title='bbox 1540 3733 1620 3800; x_wconf 87' lang='grc' dir='ltr'>τῷ</span> <span class='ocrx_word' id='word_1_564' title='bbox 1643 3735 1834 3800; x_wconf 81' lang='grc' dir='ltr'>βάτῳ.</span> 
     </span>
    </p>
   </div>
   <div class='ocr_carea' id='block_1_71' title="bbox 370 3819 1912 3902">
    <p class='ocr_par' dir='ltr' id='par_1_71' title="bbox 370 3819 1912 3902">
     <span class='ocr_line' id='line_1_71' title="bbox 370 3819 1912 3902; baseline 0.001 -30"><span class='ocrx_word' id='word_1_565' title='bbox 370 3821 436 3872; x_wconf 82' lang='grc' dir='ltr'><strong>οἱ</strong></span> <span class='ocrx_word' id='word_1_566' title='bbox 475 3819 740 3890; x_wconf 76' lang='grc' dir='ltr'>μακάριοι</span> <span class='ocrx_word' id='word_1_567' title='bbox 762 3821 1040 3891; x_wconf 64' lang='grc' dir='ltr'>προφῆται</span> <span class='ocrx_word' id='word_1_568' title='bbox 1073 3824 1201 3892; x_wconf 78' lang='grc' dir='ltr'>περὶ</span> <span class='ocrx_word' id='word_1_569' title='bbox 1236 3824 1343 3877; x_wconf 86' lang='grc' dir='ltr'><strong>τῶν</strong></span> <span class='ocrx_word' id='word_1_570' title='bbox 1383 3826 1507 3880; x_wconf 77' lang='grc' dir='ltr'>καθ’</span> <span class='ocrx_word' id='word_1_571' title='bbox 1538 3830 1688 3898; x_wconf 80' lang='grc' dir='ltr'>ἡμᾶς</span> <span class='ocrx_word' id='word_1_572' title='bbox 1721 3832 1782 3884; x_wconf 80' lang='grc' dir='ltr'><strong>οὐ</strong></span> <span class='ocrx_word' id='word_1_573' title='bbox 1821 3850 1912 3902; x_wconf 73' lang='grc' dir='ltr'>με-</span> 
     </span>
    </p>
   </div>
   <div class='ocr_carea' id='block_1_72' title="bbox 292 3913 1911 3999">
    <p class='ocr_par' dir='ltr' id='par_1_72' title="bbox 292 3913 1911 3992">
     <span class='ocr_line' id='line_1_72' title="bbox 292 3913 1911 3992; baseline 0.009 -29"><span class='ocrx_word' id='word_1_574' title='bbox 292 3915 473 3982; x_wconf 79' lang='grc' dir='ltr'>τρίως</span> <span class='ocrx_word' id='word_1_575' title='bbox 531 3913 988 3981; x_wconf 79' lang='grc' dir='ltr'>πεφροντικότες,</span> <span class='ocrx_word' id='word_1_576' title='bbox 1045 3915 1144 3968; x_wconf 82' lang='grc' dir='ltr'>ἆτε</span> <span class='ocrx_word' id='word_1_577' title='bbox 1200 3915 1265 3985; x_wconf 82' lang='grc' dir='ltr'><strong>δὴ</strong></span> <span class='ocrx_word' id='word_1_578' title='bbox 1323 3923 1762 3992; x_wconf 61' lang='grc' dir='ltr'>πνευματοφὸροι</span> <span class='ocrx_word' id='word_1_579' title='bbox 1816 3926 1911 3979; x_wconf 78' lang='grc' dir='ltr'><strong>καὶ</strong></span> 
     </span>
    </p>
   </div>
   <div class='ocr_carea' id='block_1_73' title="bbox 294 4004 1906 4086">
    <p class='ocr_par' dir='ltr' id='par_1_73' title="bbox 294 4004 1906 4086">
     <span class='ocr_line' id='line_1_73' title="bbox 294 4004 1906 4086; baseline 0.007 -29"><span class='ocrx_word' id='word_1_580' title='bbox 294 4005 513 4076; x_wconf 76' lang='grc' dir='ltr'>ἀκριϐῆ</span> <span class='ocrx_word' id='word_1_581' title='bbox 533 4004 646 4058; x_wconf 85' lang='grc' dir='ltr'><strong>τῶν</strong></span> <span class='ocrx_word' id='word_1_582' title='bbox 686 4006 1034 4076; x_wconf 75' lang='grc' dir='ltr'>πραγμάτων</span> <span class='ocrx_word' id='word_1_583' title='bbox 1067 4008 1380 4079; x_wconf 84' lang='grc' dir='ltr'>ποιούμενοι</span> <span class='ocrx_word' id='word_1_584' title='bbox 1408 4013 1508 4081; x_wconf 83' lang='grc' dir='ltr'>τὴν</span> <span class='ocrx_word' id='word_1_585' title='bbox 1541 4016 1906 4086; x_wconf 68' lang='grc' dir='ltr'>κατάσκεψιν,</span> 
     </span>
    </p>
   </div>
   <div class='ocr_carea' id='block_1_74' title="bbox 296 4097 1911 4179">
    <p class='ocr_par' dir='ltr' id='par_1_74' title="bbox 296 4097 1911 4179">
     <span class='ocr_line' id='line_1_74' title="bbox 296 4097 1911 4179; baseline 0.009 -29"><span class='ocrx_word' id='word_1_586' title='bbox 296 4097 659 4168; x_wconf 75' lang='grc' dir='ltr'>συλλήπτορα</span> <span class='ocrx_word' id='word_1_587' title='bbox 719 4098 815 4150; x_wconf 75' lang='grc' dir='ltr'>καὶ</span> <span class='ocrx_word' id='word_1_588' title='bbox 856 4099 1148 4168; x_wconf 74' lang='grc' dir='ltr'>ἐπαρωγὸν</span> <span class='ocrx_word' id='word_1_589' title='bbox 1197 4101 1615 4162; x_wconf 76' lang='grc' dir='ltr'>ἀναδείκνυσοαι</span> <span class='ocrx_word' id='word_1_590' title='bbox 1666 4113 1911 4179; x_wconf 81' lang='grc' dir='ltr'>παρεκά-</span> 
     </span>
    </p>
   </div>
   <div class='ocr_carea' id='block_1_75' title="bbox 295 4191 1910 4272">
    <p class='ocr_par' dir='ltr' id='par_1_75' title="bbox 295 4191 1910 4272">
     <span class='ocr_line' id='line_1_75' title="bbox 295 4191 1910 4272; baseline 0.007 -26"><span class='ocrx_word' id='word_1_591' title='bbox 295 4193 428 4246; x_wconf 80' lang='grc' dir='ltr'>λουν</span> <span class='ocrx_word' id='word_1_592' title='bbox 463 4193 578 4254; x_wconf 79' lang='grc' dir='ltr'>τοῖς</span> <span class='ocrx_word' id='word_1_593' title='bbox 612 4191 707 4244; x_wconf 74' lang='grc' dir='ltr'>ἐπὶ</span> <span class='ocrx_word' id='word_1_594' title='bbox 749 4191 849 4257; x_wconf 81' lang='grc' dir='ltr'>τῆς</span> <span class='ocrx_word' id='word_1_595' title='bbox 883 4193 988 4262; x_wconf 84' lang='grc' dir='ltr'><strong>γῆς</strong></span> <span class='ocrx_word' id='word_1_596' title='bbox 1020 4191 1112 4244; x_wconf 83' lang='grc' dir='ltr'><strong>τὸν</strong></span> <span class='ocrx_word' id='word_1_597' title='bbox 1152 4193 1248 4246; x_wconf 77' lang='grc' dir='ltr'>τοῦ</span> <span class='ocrx_word' id='word_1_598' title='bbox 1276 4195 1410 4248; x_wconf 77' lang='grc' dir='ltr'>Θεοῦ</span> <span class='ocrx_word' id='word_1_599' title='bbox 1447 4199 1638 4268; x_wconf 76' lang='grc' dir='ltr'>Λόγον,</span> <span class='ocrx_word' id='word_1_600' title='bbox 1677 4202 1827 4272; x_wconf 83' lang='grc' dir='ltr'>αύτῷ</span> <span class='ocrx_word' id='word_1_601' title='bbox 1853 4203 1910 4256; x_wconf 84' lang='grc' dir='ltr'><strong>δὲ</strong></span> 
     </span>
    </p>
   </div>
   <div class='ocr_carea' id='block_1_76' title="bbox 297 4282 1908 4365">
    <p class='ocr_par' dir='ltr' id='par_1_76' title="bbox 297 4282 1908 4365">
     <span class='ocr_line' id='line_1_76' title="bbox 297 4282 1908 4365; baseline -0.006 -26"><span class='ocrx_word' id='word_1_602' title='bbox 297 4286 401 4340; x_wconf 69' lang='grc' dir='ltr'><strong>καὶ</strong></span> <span class='ocrx_word' id='word_1_603' title='bbox 449 4285 606 4354; x_wconf 81' lang='grc' dir='ltr'>μόνῳ</span> <span class='ocrx_word' id='word_1_604' title='bbox 657 4283 722 4337; x_wconf 77' lang='grc' dir='ltr'>τὸ</span> <span class='ocrx_word' id='word_1_605' title='bbox 762 4282 1072 4338; x_wconf 83' lang='grc' dir='ltr'>ἀνασῶσειν</span> <span class='ocrx_word' id='word_1_606' title='bbox 1133 4285 1394 4341; x_wconf 81' lang='grc' dir='ltr'>δύνασθαι</span> <span class='ocrx_word' id='word_1_607' title='bbox 1450 4291 1575 4354; x_wconf 75' lang='grc' dir='ltr'>τοὺς</span> <span class='ocrx_word' id='word_1_608' title='bbox 1625 4293 1707 4356; x_wconf 76' lang='grc' dir='ltr'>εὶς</span> <span class='ocrx_word' id='word_1_609' title='bbox 1757 4294 1908 4365; x_wconf 70' lang='grc' dir='ltr'><strong>λῆξιν</strong></span> 
     </span>
    </p>
   </div>
   <div class='ocr_carea' id='block_1_77' title="bbox 292 4374 1908 4458">
    <p class='ocr_par' dir='ltr' id='par_1_77' title="bbox 292 4374 1908 4458">
     <span class='ocr_line' id='line_1_77' title="bbox 292 4374 1908 4458; baseline 0.009 -31"><span class='ocrx_word' id='word_1_610' title='bbox 292 4379 540 4444; x_wconf 59' lang='grc' dir='ltr'><strong>⁴ἥκοντας</strong></span> <span class='ocrx_word' id='word_1_611' title='bbox 592 4374 781 4428; x_wconf 83' lang='grc' dir='ltr'>κακῶν</span> <span class='ocrx_word' id='word_1_612' title='bbox 837 4374 1131 4440; x_wconf 79' lang='grc' dir='ltr'>ἀναθέντες</span> <span class='ocrx_word' id='word_1_613' title='bbox 1175 4377 1252 4443; x_wconf 80' lang='grc' dir='ltr'>ὡς</span> <span class='ocrx_word' id='word_1_614' title='bbox 1307 4379 1447 4452; x_wconf 83' lang='grc' dir='ltr'>Θεῷ.</span> <span class='ocrx_word' id='word_1_615' title='bbox 1505 4383 1766 4452; x_wconf 82' lang='grc' dir='ltr'>Γεγόνασι</span> <span class='ocrx_word' id='word_1_616' title='bbox 1809 4389 1908 4458; x_wconf 79' lang='grc' dir='ltr'><strong>μὲν</strong></span> 
     </span>
    </p>
   </div>
   <div class='ocr_carea' id='block_1_78' title="bbox 295 4465 1910 4550">
    <p class='ocr_par' dir='ltr' id='par_1_78' title="bbox 295 4465 1910 4550">
     <span class='ocr_line' id='line_1_78' title="bbox 295 4465 1910 4550; baseline 0.01 -32"><span class='ocrx_word' id='word_1_617' title='bbox 295 4467 410 4535; x_wconf 75' lang='grc' dir='ltr'>γὰρ</span> <span class='ocrx_word' id='word_1_618' title='bbox 443 4465 555 4518; x_wconf 78' lang='grc' dir='ltr'><strong>τῶν</strong></span> <span class='ocrx_word' id='word_1_619' title='bbox 585 4466 826 4536; x_wconf 79' lang='grc' dir='ltr'>ἀρίστων</span> <span class='ocrx_word' id='word_1_620' title='bbox 858 4469 1172 4537; x_wconf 76' lang='grc' dir='ltr'>εἰσηγηταὶ,</span> <span class='ocrx_word' id='word_1_621' title='bbox 1219 4471 1312 4525; x_wconf 82' lang='grc' dir='ltr'><strong>καὶ</strong></span> <span class='ocrx_word' id='word_1_622' title='bbox 1355 4473 1454 4545; x_wconf 72' lang='grc' dir='ltr'><strong>τὴν</strong></span> <span class='ocrx_word' id='word_1_623' title='bbox 1495 4475 1592 4544; x_wconf 78' lang='grc' dir='ltr'>τῆς</span> <span class='ocrx_word' id='word_1_624' title='bbox 1634 4481 1910 4550; x_wconf 77' lang='grc' dir='ltr'>σωτηρίας</span> 
     </span>
    </p>
   </div>
   <div class='ocr_carea' id='block_1_79' title="bbox 297 4557 1909 4637">
    <p class='ocr_par' dir='ltr' id='par_1_79' title="bbox 297 4557 1909 4637">
     <span class='ocr_line' id='line_1_79' title="bbox 297 4557 1909 4637; baseline 0.009 -26"><span class='ocrx_word' id='word_1_625' title='bbox 297 4557 772 4627; x_wconf 65' lang='grc' dir='ltr'>παραδεικνύντες</span> <span class='ocrx_word' id='word_1_626' title='bbox 799 4559 918 4612; x_wconf 73' lang='grc' dir='ltr'>ὁδὸν</span> <span class='ocrx_word' id='word_1_627' title='bbox 953 4561 1108 4629; x_wconf 75' lang='grc' dir='ltr'>σοφοί</span> <span class='ocrx_word' id='word_1_628' title='bbox 1143 4579 1202 4614; x_wconf 78' lang='grc' dir='ltr'><strong>τε</strong></span> <span class='ocrx_word' id='word_1_629' title='bbox 1242 4564 1340 4616; x_wconf 80' lang='grc' dir='ltr'><strong>καὶ</strong></span> <span class='ocrx_word' id='word_1_630' title='bbox 1390 4566 1653 4637; x_wconf 84' lang='grc' dir='ltr'>ἀγχίνοοι.</span> <span class='ocrx_word' id='word_1_631' title='bbox 1703 4572 1810 4623; x_wconf 83' lang='grc' dir='ltr'>Καὶ</span> <span class='ocrx_word' id='word_1_632' title='bbox 1856 4573 1909 4625; x_wconf 82' lang='grc' dir='ltr'><strong>τί</strong></span> 
     </span>
    </p>
   </div>
   <div class='ocr_carea' id='block_1_80' title="bbox 295 4649 1948 4726">
    <p class='ocr_par' dir='ltr' id='par_1_80' title="bbox 295 4649 1948 4726">
     <span class='ocr_line' id='line_1_80' title="bbox 295 4649 1948 4726; baseline 0.01 -24"><span class='ocrx_word' id='word_1_633' title='bbox 295 4651 414 4722; x_wconf 66' lang='grc' dir='ltr'>γὰρ</span> <span class='ocrx_word' id='word_1_634' title='bbox 446 4651 572 4720; x_wconf 69' lang='grc' dir='ltr'>οὐχὶ</span> <span class='ocrx_word' id='word_1_635' title='bbox 599 4649 862 4720; x_wconf 68' lang='grc' dir='ltr'>λαχόντες</span> <span class='ocrx_word' id='word_1_636' title='bbox 895 4653 1004 4705; x_wconf 86' lang='grc' dir='ltr'><strong>τῶν</strong></span> <span class='ocrx_word' id='word_1_637' title='bbox 1048 4655 1480 4726; x_wconf 76' lang='grc' dir='ltr'>ἐπαινουμένων,</span> <span class='ocrx_word' id='word_1_638' title='bbox 1507 4661 1734 4726; x_wconf 72' lang='grc' dir='ltr'>εἰκότως</span> <span class='ocrx_word' id='word_1_639' title='bbox 1780 4660 1948 4718; x_wconf 59' lang='grc' dir='ltr'>κατ-⁸</span> 
     </span>
    </p>
   </div>
   <div class='ocr_carea' id='block_1_81' title="bbox 295 4728 1912 4823">
    <p class='ocr_par' dir='ltr' id='par_1_81' title="bbox 295 4728 1912 4823">
     <span class='ocr_line' id='line_1_81' title="bbox 295 4728 1912 4823; baseline 0.012 -33"><span class='ocrx_word' id='word_1_640' title='bbox 295 4728 714 4808; x_wconf 70' lang='grc' dir='ltr'>εθαυμὰζοντο;</span> <span class='ocrx_word' id='word_1_641' title='bbox 757 4739 897 4794; x_wconf 74' lang='grc' dir='ltr'><strong>Ἀλλ’</strong></span> <span class='ocrx_word' id='word_1_642' title='bbox 934 4737 1076 4812; x_wconf 85' lang='grc' dir='ltr'>ἦσαν</span> <span class='ocrx_word' id='word_1_643' title='bbox 1111 4745 1210 4815; x_wconf 85' lang='grc' dir='ltr'>ούχ</span> <span class='ocrx_word' id='word_1_644' title='bbox 1238 4739 1341 4800; x_wconf 78' lang='grc' dir='ltr'>οἷοί</span> <span class='ocrx_word' id='word_1_645' title='bbox 1372 4765 1430 4800; x_wconf 86' lang='grc' dir='ltr'><strong>τε</strong></span> <span class='ocrx_word' id='word_1_646' title='bbox 1467 4750 1588 4803; x_wconf 80' lang='grc' dir='ltr'>καθ’</span> <span class='ocrx_word' id='word_1_647' title='bbox 1621 4752 1778 4823; x_wconf 77' lang='grc' dir='ltr'>ἡμῶν</span> <span class='ocrx_word' id='word_1_648' title='bbox 1819 4773 1912 4809; x_wconf 83' lang='grc' dir='ltr'><strong>τυ-</strong></span> 
     </span>
    </p>
   </div>
   <div class='ocr_carea' id='block_1_82' title="bbox 300 4831 1910 4915">
    <p class='ocr_par' dir='ltr' id='par_1_82' title="bbox 300 4831 1910 4915">
     <span class='ocr_line' id='line_1_82' title="bbox 300 4831 1910 4915; baseline 0.012 -32"><span class='ocrx_word' id='word_1_649' title='bbox 300 4831 555 4900; x_wconf 75' lang='grc' dir='ltr'>ραννίδος</span> <span class='ocrx_word' id='word_1_650' title='bbox 582 4833 932 4903; x_wconf 76' lang='grc' dir='ltr'>ἀποσοϐῆσαι</span> <span class='ocrx_word' id='word_1_651' title='bbox 963 4835 1056 4888; x_wconf 75' lang='grc' dir='ltr'><strong>τὸν</strong></span> <span class='ocrx_word' id='word_1_652' title='bbox 1089 4837 1360 4906; x_wconf 78' lang='grc' dir='ltr'>Σατανᾶν,</span> <span class='ocrx_word' id='word_1_653' title='bbox 1392 4841 1517 4896; x_wconf 73' lang='grc' dir='ltr'>οὔτε</span> <span class='ocrx_word' id='word_1_654' title='bbox 1569 4845 1676 4915; x_wconf 76' lang='grc' dir='ltr'><strong>μὴν</strong></span> <span class='ocrx_word' id='word_1_655' title='bbox 1713 4848 1778 4900; x_wconf 76' lang='grc' dir='ltr'>τὰ</span> <span class='ocrx_word' id='word_1_656' title='bbox 1823 4849 1910 4915; x_wconf 79' lang='grc' dir='ltr'><strong>βέ-</strong></span> 
     </span>
    </p>
   </div>
   <div class='ocr_carea' id='block_1_83' title="bbox 297 4922 1906 5008">
    <p class='ocr_par' dir='ltr' id='par_1_83' title="bbox 297 4922 1906 5008">
     <span class='ocr_line' id='line_1_83' title="bbox 297 4922 1906 5008; baseline 0.013 -33"><span class='ocrx_word' id='word_1_657' title='bbox 297 4922 444 4992; x_wconf 71' lang='grc' dir='ltr'>ϐηλα</span> <span class='ocrx_word' id='word_1_658' title='bbox 486 4923 599 4976; x_wconf 83' lang='grc' dir='ltr'><strong>τῶν</strong></span> <span class='ocrx_word' id='word_1_659' title='bbox 634 4924 933 4994; x_wconf 71' lang='grc' dir='ltr'>δαιμονίων</span> <span class='ocrx_word' id='word_1_660' title='bbox 975 4927 1165 4982; x_wconf 77' lang='grc' dir='ltr'>ἐλάσαι</span> <span class='ocrx_word' id='word_1_661' title='bbox 1199 4933 1386 5002; x_wconf 69' lang='grc' dir='ltr'>στίφη,</span> <span class='ocrx_word' id='word_1_662' title='bbox 1431 4937 1483 4990; x_wconf 84' lang='grc' dir='ltr'>οἳ</span> <span class='ocrx_word' id='word_1_663' title='bbox 1536 4940 1663 5000; x_wconf 79' lang='grc' dir='ltr'>τοὺς</span> <span class='ocrx_word' id='word_1_664' title='bbox 1693 4941 1906 5008; x_wconf 72' lang='grc' dir='ltr'>ἀολίονς</span> 
     </span>
    </p>
   </div>
   <div class='ocr_carea' id='block_1_84' title="bbox 2342 3739 3294 3816">
    <p class='ocr_par' dir='ltr' id='par_1_84' title="bbox 2342 3739 3294 3816">
     <span class='ocr_line' id='line_1_84' title="bbox 2342 3739 3294 3816; baseline -0.003 -20"><span class='ocrx_word' id='word_1_665' title='bbox 2342 3745 2508 3816; x_wconf 71' lang='grc'><strong>260</strong></span> <span class='ocrx_word' id='word_1_666' title='bbox 2530 3743 2604 3796; x_wconf 73' lang='lat' dir='ltr'><strong>De.</strong></span> <span class='ocrx_word' id='word_1_667' title='bbox 2632 3743 2831 3797; x_wconf 77' lang='lat' dir='ltr'><strong>visione</strong></span> <span class='ocrx_word' id='word_1_668' title='bbox 2846 3741 3038 3812; x_wconf 76' lang='lat' dir='ltr'><strong>Moysis</strong></span> <span class='ocrx_word' id='word_1_669' title='bbox 3059 3741 3114 3794; x_wconf 85' lang='lat' dir='ltr'><strong>in</strong></span> <span class='ocrx_word' id='word_1_670' title='bbox 3145 3739 3294 3794; x_wconf 86' lang='lat' dir='ltr'><strong>rubo.</strong></span> 
     </span>
    </p>
   </div>
   <div class='ocr_carea' id='block_1_85' title="bbox 2086 3829 3619 3909">
    <p class='ocr_par' dir='ltr' id='par_1_85' title="bbox 2086 3829 3619 3909">
     <span class='ocr_line' id='line_1_85' title="bbox 2086 3829 3619 3909; baseline -0.008 -13"><span class='ocrx_word' id='word_1_671' title='bbox 2086 3840 2238 3896; x_wconf 85' lang='lat' dir='ltr'><strong>Beati</strong></span> <span class='ocrx_word' id='word_1_672' title='bbox 2283 3839 2590 3909; x_wconf 63' lang='lat' dir='ltr'><strong>prophetae,</strong></span> <span class='ocrx_word' id='word_1_673' title='bbox 2620 3852 2748 3890; x_wconf 88' lang='lat' dir='ltr'><strong>cum</strong></span> <span class='ocrx_word' id='word_1_674' title='bbox 2776 3834 2925 3889; x_wconf 87' lang='lat' dir='ltr'><strong>haud</strong></span> <span class='ocrx_word' id='word_1_675' title='bbox 2963 3831 3234 3889; x_wconf 87' lang='lat' dir='ltr'><strong>mediocri</strong></span> <span class='ocrx_word' id='word_1_676' title='bbox 3265 3847 3398 3886; x_wconf 90' lang='lat' dir='ltr'><strong>cura</strong></span> <span class='ocrx_word' id='word_1_677' title='bbox 3443 3829 3512 3885; x_wconf 80' lang='lat' dir='ltr'><strong>de</strong></span> <span class='ocrx_word' id='word_1_678' title='bbox 3550 3829 3619 3884; x_wconf 86' lang='lat' dir='ltr'><strong>iis</strong></span> 
     </span>
    </p>
   </div>
   <div class='ocr_carea' id='block_1_86' title="bbox 2013 3921 3614 4003">
    <p class='ocr_par' dir='ltr' id='par_1_86' title="bbox 2013 3921 3614 4003">
     <span class='ocr_line' id='line_1_86' title="bbox 2013 3921 3614 4003; baseline -0.007 -16"><span class='ocrx_word' id='word_1_679' title='bbox 2013 3947 2135 4003; x_wconf 60' lang='lat' dir='ltr'><strong>quae</strong></span> <span class='ocrx_word' id='word_1_680' title='bbox 2167 3947 2270 3987; x_wconf 90' lang='lat' dir='ltr'><strong>nos</strong></span> <span class='ocrx_word' id='word_1_681' title='bbox 2296 3936 2550 4001; x_wconf 83' lang='lat' dir='ltr'><strong>spectant</strong></span> <span class='ocrx_word' id='word_1_682' title='bbox 2581 3927 2953 3991; x_wconf 73' lang='lat' dir='ltr'><strong>afﬁcerentur,</strong></span> <span class='ocrx_word' id='word_1_683' title='bbox 2976 3931 3170 3995; x_wconf 89' lang='lat' dir='ltr'><strong>utpote</strong></span> <span class='ocrx_word' id='word_1_684' title='bbox 3199 3923 3408 3993; x_wconf 85' lang='lat' dir='ltr'><strong>Spiritu</strong></span> <span class='ocrx_word' id='word_1_685' title='bbox 3426 3921 3614 3984; x_wconf 84' lang='lat' dir='ltr'><strong>aﬂlati,</strong></span> 
     </span>
    </p>
   </div>
   <div class='ocr_carea' id='block_1_87' title="bbox 2012 4013 3616 4094">
    <p class='ocr_par' dir='ltr' id='par_1_87' title="bbox 2012 4013 3616 4094">
     <span class='ocr_line' id='line_1_87' title="bbox 2012 4013 3616 4094; baseline -0.008 -14"><span class='ocrx_word' id='word_1_686' title='bbox 2012 4033 2381 4094; x_wconf 85' lang='lat' dir='ltr'><strong>accurateque</strong></span> <span class='ocrx_word' id='word_1_687' title='bbox 2419 4038 2508 4078; x_wconf 92' lang='lat' dir='ltr'><strong>res</strong></span> <span class='ocrx_word' id='word_1_688' title='bbox 2545 4020 2988 4084; x_wconf 90' lang='lat' dir='ltr'><strong>considerantes,</strong></span> <span class='ocrx_word' id='word_1_689' title='bbox 3024 4019 3394 4073; x_wconf 86' lang='lat' dir='ltr'><strong>obsecrarunt</strong></span> <span class='ocrx_word' id='word_1_690' title='bbox 3422 4022 3486 4068; x_wconf 90' lang='lat' dir='ltr'><strong>ut</strong></span> <span class='ocrx_word' id='word_1_691' title='bbox 3518 4013 3616 4068; x_wconf 88' lang='lat' dir='ltr'><strong>Dei</strong></span> 
     </span>
    </p>
   </div>
   <div class='ocr_carea' id='block_1_88' title="bbox 2013 4107 3614 4183">
    <p class='ocr_par' dir='ltr' id='par_1_88' title="bbox 2013 4107 3614 4183">
     <span class='ocr_line' id='line_1_88' title="bbox 2013 4107 3614 4183; baseline -0.006 -12"><span class='ocrx_word' id='word_1_692' title='bbox 2013 4117 2256 4172; x_wconf 82' lang='lat' dir='ltr'><strong>Verbum</strong></span> <span class='ocrx_word' id='word_1_693' title='bbox 2275 4115 2598 4170; x_wconf 88' lang='lat' dir='ltr'><strong>hominibus</strong></span> <span class='ocrx_word' id='word_1_694' title='bbox 2619 4113 2839 4183; x_wconf 89' lang='lat' dir='ltr'><strong>adjutor</strong></span> <span class='ocrx_word' id='word_1_695' title='bbox 2861 4127 2926 4166; x_wconf 92' lang='lat' dir='ltr'><strong>ac</strong></span> <span class='ocrx_word' id='word_1_696' title='bbox 2956 4111 3277 4179; x_wconf 87' lang='lat' dir='ltr'><strong>redemptor</strong></span> <span class='ocrx_word' id='word_1_697' title='bbox 3303 4107 3614 4172; x_wconf 87' lang='lat' dir='ltr'><strong>adveniret,</strong></span> 
     </span>
    </p>
   </div>
   <div class='ocr_carea' id='block_1_89' title="bbox 2013 4200 3616 4278">
    <p class='ocr_par' dir='ltr' id='par_1_89' title="bbox 2013 4200 3616 4278">
     <span class='ocr_line' id='line_1_89' title="bbox 2013 4200 3616 4278; baseline -0.006 -16"><span class='ocrx_word' id='word_1_698' title='bbox 2013 4208 2118 4278; x_wconf 88' lang='lat' dir='ltr'><strong>ipsi</strong></span> <span class='ocrx_word' id='word_1_699' title='bbox 2143 4207 2406 4262; x_wconf 83' lang='lat' dir='ltr'><strong>nimirum</strong></span> <span class='ocrx_word' id='word_1_700' title='bbox 2446 4221 2509 4260; x_wconf 91' lang='lat' dir='ltr'><strong>ac</strong></span> <span class='ocrx_word' id='word_1_701' title='bbox 2533 4203 2759 4275; x_wconf 88' lang='lat' dir='ltr'><strong>quidem</strong></span> <span class='ocrx_word' id='word_1_702' title='bbox 2781 4203 2882 4258; x_wconf 92' lang='lat' dir='ltr'><strong>soli</strong></span> <span class='ocrx_word' id='word_1_703' title='bbox 2917 4202 3230 4257; x_wconf 91' lang='lat' dir='ltr'><strong>tribuentes</strong></span> <span class='ocrx_word' id='word_1_704' title='bbox 3256 4208 3317 4254; x_wconf 93' lang='lat' dir='ltr'><strong>ut</strong></span> <span class='ocrx_word' id='word_1_705' title='bbox 3359 4200 3494 4263; x_wconf 89' lang='lat' dir='ltr'><strong>Deo,</strong></span> <span class='ocrx_word' id='word_1_706' title='bbox 3521 4213 3616 4252; x_wconf 87' lang='lat' dir='ltr'><strong>eos</strong></span> 
     </span>
    </p>
   </div>
   <div class='ocr_carea' id='block_1_90' title="bbox 2012 4292 3612 4370">
    <p class='ocr_par' dir='ltr' id='par_1_90' title="bbox 2012 4292 3612 4370">
     <span class='ocr_line' id='line_1_90' title="bbox 2012 4292 3612 4370; baseline -0.007 -16"><span class='ocrx_word' id='word_1_707' title='bbox 2012 4301 2106 4370; x_wconf 87' lang='lat' dir='ltr'><strong>qui</strong></span> <span class='ocrx_word' id='word_1_708' title='bbox 2137 4299 2206 4354; x_wconf 86' lang='lat' dir='ltr'><strong>ad</strong></span> <span class='ocrx_word' id='word_1_709' title='bbox 2230 4308 2536 4354; x_wconf 78' lang='lat' dir='ltr'><strong>extremm</strong></span> <span class='ocrx_word' id='word_1_710' title='bbox 2583 4296 2956 4351; x_wconf 87' lang='lat' dir='ltr'><strong>calamitatem</strong></span> <span class='ocrx_word' id='word_1_711' title='bbox 2984 4293 3344 4364; x_wconf 89' lang='lat' dir='ltr'><strong>pervenerint</strong></span> <span class='ocrx_word' id='word_1_712' title='bbox 3377 4292 3612 4346; x_wconf 87' lang='lat' dir='ltr'><strong>salvarc.</strong></span> 
     </span>
    </p>
   </div>
   <div class='ocr_carea' id='block_1_91' title="bbox 2013 4383 3613 4460">
    <p class='ocr_par' dir='ltr' id='par_1_91' title="bbox 2013 4383 3613 4460">
     <span class='ocr_line' id='line_1_91' title="bbox 2013 4383 3613 4460; baseline -0.007 -12"><span class='ocrx_word' id='word_1_713' title='bbox 2013 4392 2260 4448; x_wconf 86' lang='lat' dir='ltr'><strong>Fuerunt</strong></span> <span class='ocrx_word' id='word_1_714' title='bbox 2283 4392 2431 4446; x_wconf 86' lang='lat' dir='ltr'><strong>enim</strong></span> <span class='ocrx_word' id='word_1_715' title='bbox 2472 4390 2810 4460; x_wconf 88' lang='lat' dir='ltr'><strong>optimarum</strong></span> <span class='ocrx_word' id='word_1_716' title='bbox 2845 4403 3034 4443; x_wconf 88' lang='lat' dir='ltr'><strong>rerum</strong></span> <span class='ocrx_word' id='word_1_717' title='bbox 3082 4385 3355 4457; x_wconf 77' lang='lat' dir='ltr'><strong>magistri,</strong></span> <span class='ocrx_word' id='word_1_718' title='bbox 3387 4383 3613 4439; x_wconf 84' lang='lat' dir='ltr'><strong>salutis-</strong></span> 
     </span>
    </p>
   </div>
   <div class='ocr_carea' id='block_1_92' title="bbox 2012 4475 3613 4554">
    <p class='ocr_par' dir='ltr' id='par_1_92' title="bbox 2012 4475 3613 4554">
     <span class='ocr_line' id='line_1_92' title="bbox 2012 4475 3613 4554; baseline -0.007 -15"><span class='ocrx_word' id='word_1_719' title='bbox 2012 4500 2120 4554; x_wconf 82' lang='lat' dir='ltr'><strong>que</strong></span> <span class='ocrx_word' id='word_1_720' title='bbox 2166 4484 2312 4540; x_wconf 85' lang='lat' dir='ltr'><strong>viam</strong></span> <span class='ocrx_word' id='word_1_721' title='bbox 2364 4489 2876 4552; x_wconf 67' lang='lat' dir='ltr'><strong>praemonstrantes,</strong></span> <span class='ocrx_word' id='word_1_722' title='bbox 2926 4479 3208 4550; x_wconf 85' lang='lat' dir='ltr'><strong>sapientes</strong></span> <span class='ocrx_word' id='word_1_723' title='bbox 3237 4486 3402 4546; x_wconf 87' lang='lat' dir='ltr'><strong>atque</strong></span> <span class='ocrx_word' id='word_1_724' title='bbox 3449 4475 3613 4529; x_wconf 84' lang='lat' dir='ltr'><strong>indu-</strong></span> 
     </span>
    </p>
   </div>
   <div class='ocr_carea' id='block_1_93' title="bbox 2012 4572 3619 4648">
    <p class='ocr_par' dir='ltr' id='par_1_93' title="bbox 2012 4572 3619 4648">
     <span class='ocr_line' id='line_1_93' title="bbox 2012 4572 3619 4648; baseline -0.002 -16"><span class='ocrx_word' id='word_1_725' title='bbox 2012 4579 2158 4632; x_wconf 81' lang='lat' dir='ltr'><strong>strii.</strong></span> <span class='ocrx_word' id='word_1_726' title='bbox 2201 4579 2324 4645; x_wconf 84' lang='lat' dir='ltr'><strong>Quo</strong></span> <span class='ocrx_word' id='word_1_727' title='bbox 2346 4577 2497 4634; x_wconf 89' lang='lat' dir='ltr'><strong>enim</strong></span> <span class='ocrx_word' id='word_1_728' title='bbox 2534 4593 2647 4632; x_wconf 92' lang='lat' dir='ltr'><strong>non</strong></span> <span class='ocrx_word' id='word_1_729' title='bbox 2680 4577 2864 4632; x_wconf 88' lang='lat' dir='ltr'><strong>laudis</strong></span> <span class='ocrx_word' id='word_1_730' title='bbox 2892 4591 3096 4648; x_wconf 78' lang='lat' dir='ltr'><strong>genere</strong></span> <span class='ocrx_word' id='word_1_731' title='bbox 3125 4574 3471 4630; x_wconf 89' lang='lat' dir='ltr'><strong>ﬂoruerunt?</strong></span> <span class='ocrx_word' id='word_1_732' title='bbox 3494 4572 3619 4630; x_wconf 84' lang='lat' dir='ltr'><strong>Non</strong></span> 
     </span>
    </p>
   </div>
   <div class='ocr_carea' id='block_1_94' title="bbox 1985 4665 3614 4740">
    <p class='ocr_par' dir='ltr' id='par_1_94' title="bbox 1985 4665 3614 4740">
     <span class='ocr_line' id='line_1_94' title="bbox 1985 4665 3614 4740; baseline -0.005 -17"><span class='ocrx_word' id='word_1_733' title='bbox 1985 4669 2318 4739; x_wconf 86' lang='lat' dir='ltr'><strong>&#39;potuerunt</strong></span> <span class='ocrx_word' id='word_1_734' title='bbox 2336 4677 2519 4724; x_wconf 88' lang='lat' dir='ltr'><strong>tamen</strong></span> <span class='ocrx_word' id='word_1_735' title='bbox 2546 4668 2760 4724; x_wconf 78' lang='lat' dir='ltr'><strong>Satana:</strong></span> <span class='ocrx_word' id='word_1_736' title='bbox 2788 4668 3135 4740; x_wconf 84' lang='lat' dir='ltr'><strong>tyrannidem</strong></span> <span class='ocrx_word' id='word_1_737' title='bbox 3168 4682 3198 4721; x_wconf 90' lang='lat' dir='ltr'><strong>a</strong></span> <span class='ocrx_word' id='word_1_738' title='bbox 3223 4665 3387 4721; x_wconf 87' lang='lat' dir='ltr'><strong>nobis</strong></span> <span class='ocrx_word' id='word_1_739' title='bbox 3401 4678 3614 4724; x_wconf 73' lang='lat' dir='ltr'><strong>arcere,</strong></span> 
     </span>
    </p>
   </div>
   <div class='ocr_carea' id='block_1_95' title="bbox 2011 4757 3624 4834">
    <p class='ocr_par' dir='ltr' id='par_1_95' title="bbox 2011 4757 3624 4834">
     <span class='ocr_line' id='line_1_95' title="bbox 2011 4757 3624 4834; baseline -0.006 -14"><span class='ocrx_word' id='word_1_740' title='bbox 2011 4773 2109 4820; x_wconf 84' lang='lat' dir='ltr'><strong>aut</strong></span> <span class='ocrx_word' id='word_1_741' title='bbox 2145 4764 2492 4834; x_wconf 90' lang='lat' dir='ltr'><strong>impurorum</strong></span> <span class='ocrx_word' id='word_1_742' title='bbox 2524 4763 2927 4819; x_wconf 64' lang='lat' dir='ltr'><strong>daemoniorum</strong></span> <span class='ocrx_word' id='word_1_743' title='bbox 2962 4770 3140 4818; x_wconf 66' lang='lat' dir='ltr'><strong>cretus</strong></span> <span class='ocrx_word' id='word_1_744' title='bbox 3164 4759 3456 4831; x_wconf 88' lang='lat' dir='ltr'><strong>proﬂigare</strong></span> <span class='ocrx_word' id='word_1_745' title='bbox 3477 4799 3490 4822; x_wconf 92' lang='lat'><strong>,</strong></span> <span class='ocrx_word' id='word_1_746' title='bbox 3519 4757 3624 4827; x_wconf 67' lang='lat' dir='ltr'><strong>qui,</strong></span> 
     </span>
    </p>
   </div>
   <div class='ocr_carea' id='block_1_96' title="bbox 2012 4850 3619 4920">
    <p class='ocr_par' dir='ltr' id='par_1_96' title="bbox 2012 4850 3619 4920">
     <span class='ocr_line' id='line_1_96' title="bbox 2012 4850 3619 4920; baseline -0.006 -10"><span class='ocrx_word' id='word_1_747' title='bbox 2012 4870 2116 4910; x_wconf 82' lang='lat' dir='ltr'><strong>nos</strong></span> <span class='ocrx_word' id='word_1_748' title='bbox 2163 4854 2364 4909; x_wconf 88' lang='lat' dir='ltr'><strong>misere</strong></span> <span class='ocrx_word' id='word_1_749' title='bbox 2420 4853 2653 4910; x_wconf 81' lang='lat' dir='ltr'><strong>atﬂictos</strong></span> <span class='ocrx_word' id='word_1_750' title='bbox 2702 4853 3062 4908; x_wconf 76' lang='lat' dir='ltr'><strong>multifariam</strong></span> <span class='ocrx_word' id='word_1_751' title='bbox 3121 4850 3619 4920; x_wconf 63' lang='lat' dir='ltr'><strong>depraadabantur,</strong></span> 
     </span>
    </p>
   </div>
   <div class='ocr_carea' id='block_1_97' title="bbox 2015 4944 3622 5017">
    <p class='ocr_par' dir='ltr' id='par_1_97' title="bbox 2015 4944 3622 5017">
     <span class='ocr_line' id='line_1_97' title="bbox 2015 4944 3622 5017; baseline -0.005 -18"><span class='ocrx_word' id='word_1_752' title='bbox 2015 4956 2179 5017; x_wconf 86' lang='lat' dir='ltr'><strong>atque</strong></span> <span class='ocrx_word' id='word_1_753' title='bbox 2207 4947 2386 5001; x_wconf 81' lang='lat' dir='ltr'><strong>instar</strong></span> <span class='ocrx_word' id='word_1_754' title='bbox 2420 4946 2826 5016; x_wconf 89' lang='lat' dir='ltr'><strong>mancipiorum</strong></span> <span class='ocrx_word' id='word_1_755' title='bbox 2855 4944 3143 5001; x_wconf 87' lang='lat' dir='ltr'><strong>servitutis</strong></span> <span class='ocrx_word' id='word_1_756' title='bbox 3184 4944 3319 5013; x_wconf 82' lang='lat' dir='ltr'><strong>jugo</strong></span> <span class='ocrx_word' id='word_1_757' title='bbox 3361 4947 3622 5008; x_wconf 66' lang='lat' dir='ltr'><strong>onustos,</strong></span> 
     </span>
    </p>
   </div>
   <div class='ocr_carea' id='block_1_98' title="bbox 293 5017 1916 5108">
    <p class='ocr_par' dir='ltr' id='par_1_98' title="bbox 293 5017 1910 5103">
     <span class='ocr_line' id='line_1_98' title="bbox 293 5017 1910 5103; baseline 0.016 -39"><span class='ocrx_word' id='word_1_758' title='bbox 293 5017 449 5084; x_wconf 71' lang='grc' dir='ltr'>ἡμᾶς</span> <span class='ocrx_word' id='word_1_759' title='bbox 507 5017 870 5087; x_wconf 67' lang='grc' dir='ltr'>πολυτρόπως</span> <span class='ocrx_word' id='word_1_760' title='bbox 916 5021 1341 5092; x_wconf 54' lang='grc' dir='ltr'>κατελτίῖζοντο,</span> <span class='ocrx_word' id='word_1_761' title='bbox 1381 5033 1665 5103; x_wconf 72' lang='grc' dir='ltr'>μονονουχὶ</span> <span class='ocrx_word' id='word_1_762' title='bbox 1715 5036 1807 5088; x_wconf 70' lang='grc' dir='ltr'><strong>καὶ</strong></span> <span class='ocrx_word' id='word_1_763' title='bbox 1851 5038 1910 5090; x_wconf 81' lang='grc' dir='ltr'>ὲν</span> 
     </span>
    </p>
   </div>
   <div class='ocr_carea' id='block_1_99' title="bbox 2020 5017 3618 5108">
    <p class='ocr_par' dir='ltr' id='par_1_99' title="bbox 2020 5033 3618 5108">
     <span class='ocr_line' id='line_1_99' title="bbox 2020 5033 3618 5108; baseline -0.005 -16"><span class='ocrx_word' id='word_1_764' title='bbox 2020 5054 2136 5107; x_wconf 76' lang='lat' dir='ltr'><strong>quae</strong></span> <span class='ocrx_word' id='word_1_765' title='bbox 2162 5038 2296 5107; x_wconf 87' lang='lat' dir='ltr'><strong>ipsis</strong></span> <span class='ocrx_word' id='word_1_766' title='bbox 2320 5037 2612 5107; x_wconf 85' lang='lat' dir='ltr'><strong>placebant</strong></span> <span class='ocrx_word' id='word_1_767' title='bbox 2634 5046 2691 5093; x_wconf 86' lang='lat' dir='ltr'><strong>et</strong></span> <span class='ocrx_word' id='word_1_768' title='bbox 2713 5054 2908 5108; x_wconf 88' lang='lat' dir='ltr'><strong>sapere</strong></span> <span class='ocrx_word' id='word_1_769' title='bbox 2932 5045 2988 5093; x_wconf 86' lang='lat' dir='ltr'><strong>et</strong></span> <span class='ocrx_word' id='word_1_770' title='bbox 3011 5037 3195 5090; x_wconf 84' lang='lat' dir='ltr'><strong>facere</strong></span> <span class='ocrx_word' id='word_1_771' title='bbox 3217 5033 3427 5089; x_wconf 85' lang='lat' dir='ltr'><strong>nefarie</strong></span> <span class='ocrx_word' id='word_1_772' title='bbox 3457 5048 3618 5101; x_wconf 64' lang='lat' dir='ltr'><strong>coge-~</strong></span> 
     </span>
    </p>
   </div>
   <div class='ocr_carea' id='block_1_100' title="bbox 293 5108 1910 5198">
    <p class='ocr_par' dir='ltr' id='par_1_100' title="bbox 293 5108 1910 5198">
     <span class='ocr_line' id='line_1_100' title="bbox 293 5108 1910 5198; baseline 0.004 -36"><span class='ocrx_word' id='word_1_773' title='bbox 293 5108 452 5170; x_wconf 75' lang='grc' dir='ltr'>τάξει</span> <span class='ocrx_word' id='word_1_774' title='bbox 502 5108 612 5160; x_wconf 85' lang='grc' dir='ltr'><strong>τῶν</strong></span> <span class='ocrx_word' id='word_1_775' title='bbox 654 5110 1006 5182; x_wconf 79' lang='grc' dir='ltr'>δορυκτήτων</span> <span class='ocrx_word' id='word_1_776' title='bbox 1055 5117 1393 5187; x_wconf 87' lang='grc' dir='ltr'>ποιούμενοι,</span> <span class='ocrx_word' id='word_1_777' title='bbox 1445 5126 1540 5177; x_wconf 78' lang='grc' dir='ltr'><strong>καί</strong></span> <span class='ocrx_word' id='word_1_778' title='bbox 1587 5125 1738 5198; x_wconf 75' lang='grc' dir='ltr'><strong>ζυγῷ</strong></span> <span class='ocrx_word' id='word_1_779' title='bbox 1789 5129 1910 5182; x_wconf 68' lang='grc' dir='ltr'><strong>δου-</strong></span> 
     </span>
    </p>
   </div>
   <div class='ocr_carea' id='block_1_101' title="bbox 295 5201 1906 5291">
    <p class='ocr_par' dir='ltr' id='par_1_101' title="bbox 295 5201 1906 5291">
     <span class='ocr_line' id='line_1_101' title="bbox 295 5201 1906 5291; baseline 0.014 -37"><span class='ocrx_word' id='word_1_780' title='bbox 295 5201 451 5264; x_wconf 74' lang='grc' dir='ltr'>λείας</span> <span class='ocrx_word' id='word_1_781' title='bbox 478 5203 983 5274; x_wconf 64' lang='grc' dir='ltr'>καταφορτίζοντες</span> <span class='ocrx_word' id='word_1_782' title='bbox 1005 5207 1073 5260; x_wconf 80' lang='grc' dir='ltr'><strong>τὰ</strong></span> <span class='ocrx_word' id='word_1_783' title='bbox 1108 5210 1292 5274; x_wconf 75' lang='grc' dir='ltr'>αὐτοῖς</span> <span class='ocrx_word' id='word_1_784' title='bbox 1318 5213 1581 5271; x_wconf 79' lang='grc' dir='ltr'>δοκοῦντα</span> <span class='ocrx_word' id='word_1_785' title='bbox 1605 5224 1825 5291; x_wconf 83' lang='grc' dir='ltr'>φρονεῖν</span> <span class='ocrx_word' id='word_1_786' title='bbox 1847 5241 1906 5276; x_wconf 88' lang='grc' dir='ltr'><strong>τε</strong></span> 
     </span>
    </p>
   </div>
   <div class='ocr_carea' id='block_1_102' title="bbox 298 5294 1909 5388">
    <p class='ocr_par' dir='ltr' id='par_1_102' title="bbox 298 5294 1909 5388">
     <span class='ocr_line' id='line_1_102' title="bbox 298 5294 1909 5388; baseline 0.014 -42"><span class='ocrx_word' id='word_1_787' title='bbox 298 5295 396 5346; x_wconf 74' lang='grc' dir='ltr'><strong>καὶ</strong></span> <span class='ocrx_word' id='word_1_788' title='bbox 423 5294 562 5364; x_wconf 77' lang='grc' dir='ltr'>δρᾷν</span> <span class='ocrx_word' id='word_1_789' title='bbox 612 5297 850 5361; x_wconf 84' lang='grc' dir='ltr'>ἀνοσίως</span> <span class='ocrx_word' id='word_1_790' title='bbox 883 5299 1197 5368; x_wconf 77' lang='grc' dir='ltr'>ἠνάγκαζον</span> <span class='ocrx_word' id='word_1_791' title='bbox 1218 5320 1231 5332; x_wconf 84' lang='lat'><strong>&#39;</strong></span> <span class='ocrx_word' id='word_1_792' title='bbox 1264 5305 1592 5379; x_wconf 78' lang='grc' dir='ltr'>δασμολόγοι</span> <span class='ocrx_word' id='word_1_793' title='bbox 1629 5313 1685 5366; x_wconf 77' lang='grc' dir='ltr'><strong>δὲ</strong></span> <span class='ocrx_word' id='word_1_794' title='bbox 1719 5313 1909 5388; x_wconf 80' lang='grc' dir='ltr'>ὥσπερ</span> 
     </span>
    </p>
   </div>
   <div class='ocr_carea' id='block_1_103' title="bbox 293 5395 1908 5479">
    <p class='ocr_par' dir='ltr' id='par_1_103' title="bbox 293 5395 1908 5479">
     <span class='ocr_line' id='line_1_103' title="bbox 293 5395 1908 5479; baseline 0.009 -31"><span class='ocrx_word' id='word_1_795' title='bbox 293 5395 464 5449; x_wconf 86' lang='grc' dir='ltr'>δεινοί</span> <span class='ocrx_word' id='word_1_796' title='bbox 502 5413 560 5449; x_wconf 70' lang='grc' dir='ltr'><strong>τιυ-</strong></span> <span class='ocrx_word' id='word_1_797' title='bbox 598 5399 692 5452; x_wconf 76' lang='grc' dir='ltr'><strong>καὶ</strong></span> <span class='ocrx_word' id='word_1_798' title='bbox 728 5401 988 5469; x_wconf 79' lang='grc' dir='ltr'>ἄτεγκτοι</span> <span class='ocrx_word' id='word_1_799' title='bbox 1029 5404 1329 5473; x_wconf 73' lang='grc' dir='ltr'>προσάγειν</span> <span class='ocrx_word' id='word_1_800' title='bbox 1379 5405 1634 5460; x_wconf 82' lang='grc' dir='ltr'>ἐκέλευον</span> <span class='ocrx_word' id='word_1_801' title='bbox 1679 5405 1747 5461; x_wconf 73' lang='grc' dir='ltr'>τὰ</span> <span class='ocrx_word' id='word_1_802' title='bbox 1809 5409 1908 5479; x_wconf 79' lang='grc' dir='ltr'>τῆς</span> 
     </span>
    </p>
   </div>
   <div class='ocr_carea' id='block_1_104' title="bbox 295 5490 1908 5570">
    <p class='ocr_par' dir='ltr' id='par_1_104' title="bbox 295 5490 1908 5570">
     <span class='ocr_line' id='line_1_104' title="bbox 295 5490 1908 5570; baseline 0.009 -29"><span class='ocrx_word' id='word_1_803' title='bbox 295 5490 562 5561; x_wconf 66' lang='grc' dir='ltr'>λατρείας</span> <span class='ocrx_word' id='word_1_804' title='bbox 594 5492 804 5559; x_wconf 74' lang='grc' dir='ltr'>αὐτοῖς,</span> <span class='ocrx_word' id='word_1_805' title='bbox 867 5496 961 5547; x_wconf 77' lang='grc' dir='ltr'><strong>καὶ</strong></span> <span class='ocrx_word' id='word_1_806' title='bbox 1002 5496 1076 5560; x_wconf 77' lang='grc' dir='ltr'>ὡς</span> <span class='ocrx_word' id='word_1_807' title='bbox 1124 5498 1219 5550; x_wconf 77' lang='grc' dir='ltr'>ἐπὶ</span> <span class='ocrx_word' id='word_1_808' title='bbox 1275 5498 1592 5570; x_wconf 63' lang='grc' dir='ltr'>ὀφλήματος</span> <span class='ocrx_word' id='word_1_809' title='bbox 1628 5501 1804 5566; x_wconf 80' lang='grc' dir='ltr'>τάξει,</span> <span class='ocrx_word' id='word_1_810' title='bbox 1849 5504 1908 5557; x_wconf 75' lang='grc' dir='ltr'><strong>τὸ</strong></span> 
     </span>
    </p>
   </div>
   <div class='ocr_carea' id='block_1_105' title="bbox 297 5584 1907 5664">
    <p class='ocr_par' dir='ltr' id='par_1_105' title="bbox 297 5584 1907 5664">
     <span class='ocr_line' id='line_1_105' title="bbox 297 5584 1907 5664; baseline 0.009 -30"><span class='ocrx_word' id='word_1_811' title='bbox 297 5584 772 5652; x_wconf 80' lang='grc' dir='ltr'>καταμιαίνεσθαι</span> <span class='ocrx_word' id='word_1_812' title='bbox 789 5585 900 5639; x_wconf 83' lang='grc' dir='ltr'>δεῖν</span> <span class='ocrx_word' id='word_1_813' title='bbox 940 5591 1053 5651; x_wconf 81' lang='grc' dir='ltr'>τοῖς</span> <span class='ocrx_word' id='word_1_814' title='bbox 1077 5590 1207 5661; x_wconf 78' lang='grc' dir='ltr'>περὶ</span> <span class='ocrx_word' id='word_1_815' title='bbox 1234 5591 1336 5661; x_wconf 81' lang='grc' dir='ltr'>γῆν</span> <span class='ocrx_word' id='word_1_816' title='bbox 1369 5593 1778 5664; x_wconf 76' lang='grc' dir='ltr'>σπουδάσμασι,</span> <span class='ocrx_word' id='word_1_817' title='bbox 1814 5597 1907 5648; x_wconf 72' lang='grc' dir='ltr'><strong>καὶ</strong></span> 
     </span>
    </p>
   </div>
   <div class='ocr_carea' id='block_1_106' title="bbox 297 5676 1905 5760">
    <p class='ocr_par' dir='ltr' id='par_1_106' title="bbox 297 5676 1905 5760">
     <span class='ocr_line' id='line_1_106' title="bbox 297 5676 1905 5760; baseline 0.01 -31"><span class='ocrx_word' id='word_1_818' title='bbox 297 5676 387 5729; x_wconf 66' lang='grc' dir='ltr'>διὰ</span> <span class='ocrx_word' id='word_1_819' title='bbox 407 5676 562 5730; x_wconf 71' lang='grc' dir='ltr'>τοῦτο</span> <span class='ocrx_word' id='word_1_820' title='bbox 601 5679 742 5746; x_wconf 71' lang='grc' dir='ltr'>μόνα</span> <span class='ocrx_word' id='word_1_821' title='bbox 777 5683 996 5751; x_wconf 73' lang='grc' dir='ltr'>φρονεῖν</span> <span class='ocrx_word' id='word_1_822' title='bbox 1028 5682 1334 5738; x_wconf 70' lang='grc' dir='ltr'>ἑλὲσϐαιτὰ</span> <span class='ocrx_word' id='word_1_823' title='bbox 1370 5687 1627 5760; x_wconf 70' lang='grc' dir='ltr'>σαρκικά.</span> <span class='ocrx_word' id='word_1_824' title='bbox 1665 5687 1772 5742; x_wconf 84' lang='grc' dir='ltr'>Ἦν</span> <span class='ocrx_word' id='word_1_825' title='bbox 1811 5686 1905 5745; x_wconf 76' lang='grc' dir='ltr'>οὖν</span> 
     </span>
    </p>
   </div>
   <div class='ocr_carea' id='block_1_107' title="bbox 389 5836 1156 5911">
    <p class='ocr_par' dir='ltr' id='par_1_107' title="bbox 389 5836 1156 5911">
     <span class='ocr_line' id='line_1_107' title="bbox 389 5836 1156 5911; baseline 0.013 -19"><span class='ocrx_word' id='word_1_826' title='bbox 389 5836 430 5868; x_wconf 75' lang='grc'><strong>⁶⁴</strong></span> <span class='ocrx_word' id='word_1_827' title='bbox 461 5837 636 5901; x_wconf 75' lang='lat' dir='ltr'><strong>Hebr.</strong></span> <span class='ocrx_word' id='word_1_828' title='bbox 678 5855 804 5902; x_wconf 78' lang='lat' dir='ltr'><strong>xm,</strong></span> <span class='ocrx_word' id='word_1_829' title='bbox 839 5838 930 5910; x_wconf 71' lang='lat' dir='ltr'><strong>li;</strong></span> <span class='ocrx_word' id='word_1_830' title='bbox 963 5860 1036 5911; x_wconf 77' lang='lat' dir='ltr'><strong>xl,</strong></span> <span class='ocrx_word' id='word_1_831' title='bbox 1073 5845 1156 5902; x_wconf 81' lang='grc'><strong>10.</strong></span> 
     </span>
    </p>
   </div>
   <div class='ocr_carea' id='block_1_108' title="bbox 2017 5127 3617 5203">
    <p class='ocr_par' dir='ltr' id='par_1_108' title="bbox 2017 5127 3617 5203">
     <span class='ocr_line' id='line_1_108' title="bbox 2017 5127 3617 5203; baseline -0.003 -18"><span class='ocrx_word' id='word_1_832' title='bbox 2017 5133 2170 5194; x_wconf 78' lang='lat' dir='ltr'><strong>bant,</strong></span> <span class='ocrx_word' id='word_1_833' title='bbox 2208 5147 2272 5186; x_wconf 88' lang='lat' dir='ltr'><strong>ac</strong></span> <span class='ocrx_word' id='word_1_834' title='bbox 2295 5133 2467 5186; x_wconf 87' lang='lat' dir='ltr'><strong>veluti</strong></span> <span class='ocrx_word' id='word_1_835' title='bbox 2491 5148 2688 5203; x_wconf 83' lang='lat' dir='ltr'><strong>graves</strong></span> <span class='ocrx_word' id='word_1_836' title='bbox 2714 5132 2989 5202; x_wconf 82' lang='lat' dir='ltr'><strong>rigidique</strong></span> <span class='ocrx_word' id='word_1_837' title='bbox 3014 5137 3304 5185; x_wconf 70' lang='lat' dir='ltr'><strong>exactores</strong></span> <span class='ocrx_word' id='word_1_838' title='bbox 3328 5127 3490 5183; x_wconf 89' lang='lat' dir='ltr'><strong>nobis</strong></span> <span class='ocrx_word' id='word_1_839' title='bbox 3516 5127 3617 5181; x_wconf 88' lang='lat' dir='ltr'><strong>im-</strong></span> 
     </span>
    </p>
   </div>
   <div class='ocr_carea' id='block_1_109' title="bbox 2018 5218 3620 5294">
    <p class='ocr_par' dir='ltr' id='par_1_109' title="bbox 2018 5218 3620 5294">
     <span class='ocr_line' id='line_1_109' title="bbox 2018 5218 3620 5294; baseline -0.003 -15"><span class='ocrx_word' id='word_1_840' title='bbox 2018 5224 2332 5294; x_wconf 84' lang='lat' dir='ltr'><strong>peritabant</strong></span> <span class='ocrx_word' id='word_1_841' title='bbox 2374 5233 2436 5278; x_wconf 92' lang='lat' dir='ltr'><strong>ut</strong></span> <span class='ocrx_word' id='word_1_842' title='bbox 2471 5224 2606 5294; x_wconf 81' lang='lat' dir='ltr'><strong>ipsis</strong></span> <span class='ocrx_word' id='word_1_843' title='bbox 2651 5224 2861 5278; x_wconf 90' lang='lat' dir='ltr'><strong>cultum</strong></span> <span class='ocrx_word' id='word_1_844' title='bbox 2906 5231 3318 5293; x_wconf 64' lang='lat' dir='ltr'><strong>praestaremus,</strong></span> <span class='ocrx_word' id='word_1_845' title='bbox 3347 5218 3620 5290; x_wconf 84' lang='lat' dir='ltr'><strong>quasique</strong></span> 
     </span>
    </p>
   </div>
   <div class='ocr_carea' id='block_1_110' title="bbox 2016 5314 3619 5388">
    <p class='ocr_par' dir='ltr' id='par_1_110' title="bbox 2016 5314 3619 5388">
     <span class='ocr_line' id='line_1_110' title="bbox 2016 5314 3619 5388; baseline -0.002 -16"><span class='ocrx_word' id='word_1_846' title='bbox 2016 5333 2083 5372; x_wconf 83' lang='lat' dir='ltr'><strong>ex</strong></span> <span class='ocrx_word' id='word_1_847' title='bbox 2108 5317 2298 5372; x_wconf 81' lang='lat' dir='ltr'><strong>debito</strong></span> <span class='ocrx_word' id='word_1_848' title='bbox 2323 5333 2425 5373; x_wconf 87' lang='lat' dir='ltr'><strong>nos</strong></span> <span class='ocrx_word' id='word_1_849' title='bbox 2457 5319 2700 5374; x_wconf 87' lang='lat' dir='ltr'><strong>terrenis</strong></span> <span class='ocrx_word' id='word_1_850' title='bbox 2741 5318 3008 5388; x_wconf 86' lang='lat' dir='ltr'><strong>operibus</strong></span> <span class='ocrx_word' id='word_1_851' title='bbox 3047 5317 3446 5388; x_wconf 87' lang='lat' dir='ltr'><strong>pollueremus,</strong></span> <span class='ocrx_word' id='word_1_852' title='bbox 3478 5314 3619 5379; x_wconf 88' lang='lat' dir='ltr'><strong>nihil</strong></span> 
     </span>
    </p>
   </div>
   <div class='ocr_carea' id='block_1_111' title="bbox 2019 5406 3621 5483">
    <p class='ocr_par' dir='ltr' id='par_1_111' title="bbox 2019 5406 3621 5483">
     <span class='ocr_line' id='line_1_111' title="bbox 2019 5406 3621 5483; baseline -0.002 -18"><span class='ocrx_word' id='word_1_853' title='bbox 2019 5406 2124 5466; x_wconf 85' lang='lat' dir='ltr'><strong>nisi</strong></span> <span class='ocrx_word' id='word_1_854' title='bbox 2153 5427 2275 5483; x_wconf 71' lang='lat' dir='ltr'><strong>quae</strong></span> <span class='ocrx_word' id='word_1_855' title='bbox 2299 5411 2484 5467; x_wconf 86' lang='lat' dir='ltr'><strong>carnis</strong></span> <span class='ocrx_word' id='word_1_856' title='bbox 2507 5421 2639 5469; x_wconf 87' lang='lat' dir='ltr'><strong>sunt</strong></span> <span class='ocrx_word' id='word_1_857' title='bbox 2663 5413 2899 5467; x_wconf 88' lang='lat' dir='ltr'><strong>volendo</strong></span> <span class='ocrx_word' id='word_1_858' title='bbox 2924 5427 3122 5468; x_wconf 86' lang='lat' dir='ltr'><strong>curare</strong></span> <span class='ocrx_word' id='word_1_859' title='bbox 3146 5427 3210 5467; x_wconf 90' lang='lat' dir='ltr'><strong>ac</strong></span> <span class='ocrx_word' id='word_1_860' title='bbox 3233 5426 3450 5482; x_wconf 88' lang='lat' dir='ltr'><strong>sapere.</strong></span> <span class='ocrx_word' id='word_1_861' title='bbox 3487 5409 3621 5469; x_wconf 82' lang='lat' dir='ltr'><strong>Erat;</strong></span> 
     </span>
    </p>
   </div>
   <div class='ocr_carea' id='block_1_112' title="bbox 2018 5486 3615 5574">
    <p class='ocr_par' dir='ltr' id='par_1_112' title="bbox 2018 5486 3615 5574">
     <span class='ocr_line' id='line_1_112' title="bbox 2018 5486 3615 5574; baseline -0.004 -17"><span class='ocrx_word' id='word_1_862' title='bbox 2018 5504 2188 5574; x_wconf 84' lang='lat' dir='ltr'><strong>igitur</strong></span> <span class='ocrx_word' id='word_1_863' title='bbox 2221 5505 2550 5574; x_wconf 64' lang='lat' dir='ltr'><strong>praeclarum</strong></span> <span class='ocrx_word' id='word_1_864' title='bbox 2584 5506 2737 5562; x_wconf 89' lang='lat' dir='ltr'><strong>illius</strong></span> <span class='ocrx_word' id='word_1_865' title='bbox 2761 5506 3061 5562; x_wconf 77' lang='lat' dir='ltr'><strong>ineﬂ‘abilis</strong></span> <span class='ocrx_word' id='word_1_866' title='bbox 3097 5516 3314 5561; x_wconf 61' lang='lat' dir='ltr'><strong>natura;</strong></span> <span class='ocrx_word' id='word_1_867' title='bbox 3331 5486 3492 5573; x_wconf 79' lang='lat' dir='ltr'><strong>opus,</strong></span> <span class='ocrx_word' id='word_1_868' title='bbox 3521 5515 3615 5553; x_wconf 90' lang='lat' dir='ltr'><strong>su-</strong></span> 
     </span>
    </p>
   </div>
   <div class='ocr_carea' id='block_1_113' title="bbox 2017 5594 3616 5676">
    <p class='ocr_par' dir='ltr' id='par_1_113' title="bbox 2017 5594 3616 5676">
     <span class='ocr_line' id='line_1_113' title="bbox 2017 5594 3616 5676; baseline -0.005 -23"><span class='ocrx_word' id='word_1_869' title='bbox 2017 5601 2242 5672; x_wconf 80' lang='lat' dir='ltr'><strong>perbam</strong></span> <span class='ocrx_word' id='word_1_870' title='bbox 2293 5609 2459 5672; x_wconf 83' lang='lat' dir='ltr'><strong>atque</strong></span> <span class='ocrx_word' id='word_1_871' title='bbox 2511 5617 2741 5673; x_wconf 85' lang='lat' dir='ltr'><strong>pronam</strong></span> <span class='ocrx_word' id='word_1_872' title='bbox 2787 5603 2993 5659; x_wconf 83' lang='lat' dir='ltr'><strong>diaboli</strong></span> <span class='ocrx_word' id='word_1_873' title='bbox 3036 5601 3380 5676; x_wconf 75' lang='lat' dir='ltr'><strong>tyrannidem</strong></span> <span class='ocrx_word' id='word_1_874' title='bbox 3427 5594 3616 5664; x_wconf 61' lang='lat' dir='ltr'><strong>proﬂi»</strong></span> 
     </span>
    </p>
   </div>
   <div class='ocr_carea' id='block_1_114' title="bbox 2016 5688 3619 5765">
    <p class='ocr_par' dir='ltr' id='par_1_114' title="bbox 2016 5688 3619 5765">
     <span class='ocr_line' id='line_1_114' title="bbox 2016 5688 3619 5765; baseline -0.005 -18"><span class='ocrx_word' id='word_1_875' title='bbox 2016 5711 2166 5765; x_wconf 81' lang='lat' dir='ltr'><strong>gare,</strong></span> <span class='ocrx_word' id='word_1_876' title='bbox 2213 5703 2267 5748; x_wconf 85' lang='lat' dir='ltr'><strong>et</strong></span> <span class='ocrx_word' id='word_1_877' title='bbox 2309 5696 2377 5750; x_wconf 86' lang='lat' dir='ltr'><strong>ab</strong></span> <span class='ocrx_word' id='word_1_878' title='bbox 2405 5696 2543 5751; x_wconf 83' lang='lat' dir='ltr'><strong>adeo</strong></span> <span class='ocrx_word' id='word_1_879' title='bbox 2592 5697 2816 5752; x_wconf 83' lang='lat' dir='ltr'><strong>sordido</strong></span> <span class='ocrx_word' id='word_1_880' title='bbox 2841 5697 3128 5752; x_wconf 77' lang='lat' dir='ltr'><strong>servitutis</strong></span> <span class='ocrx_word' id='word_1_881' title='bbox 3172 5697 3300 5765; x_wconf 83' lang='lat' dir='ltr'><strong>jugo</strong></span> <span class='ocrx_word' id='word_1_882' title='bbox 3336 5688 3619 5755; x_wconf 70' lang='lat' dir='ltr'><strong>vindicare</strong></span> 
     </span>
    </p>
   </div>
  </div>
