4060 6440
521 304 621 367 κς

1548 306 1603 362 s.
1645 305 1923 363 CYRILLI
1955 303 2428 363 numnam
2469 290 2783 368 taeniae.

3678 313 3775 369 4Ξᾶ

522 421 797 486 homines,
820 419 1151 491 virtutisque
1185 430 1508 490 operatores
1530 420 1768 477 edicere.
1814 419 1971 486 Quod
2015 436 2112 475 au-

2220 418 2323 494 άρα
2365 422 2465 494 τῆς
2502 426 2741 498 ἀρρήτου
2774 424 2989 495 φύσεως
3015 423 3362 495 ἀποτέλεσμα
3386 426 3652 499 λαμπρὸν,
3686 432 3775 500 τὴν

523 515 820 570 temadeo
879 512 1075 583 ingens
1123 519 1288 581 atque
1332 510 1701 581 etpetendum
1750 510 1957 565 bonum
2002 526 2103 566 suo

2220 511 2441 576 Ιιλαζόνα
2473 516 2567 567 καὶ
2598 514 2827 586 βέϐηλον
2850 513 2945 568 τοῦ
2976 513 3227 569 διαδόλου
3259 519 3577 571 κατασείσαι
3602 517 3774 575 πλεον-

523 617 772 675 tempore
801 604 875 659 sit
894 610 1221 658 eventurum
1250 600 1597 667 mortalibus,
1626 617 1750 657 cum
1778 602 2107 673 Unigenitus

2220 601 2374 668 ῑξίαν.
2401 603 2495 657 καὶ
2536 604 2783 669 δουλείας
2824 605 2923 677 μὲν
2950 604 3262 672 ἀπαλλάξαι
3310 606 3408 676 τῆς
3435 606 3575 660 οὕτω
3598 608 3777 676 βλαϐε-

525 712 647 751 sese
674 695 951 750 dimiserit
980 693 1034 747 in
1057 693 1510 757 exinanitionem,
1535 702 1897 764 naturamque
1916 693 2108 747 buma-

522 802 650 840 nam
673 784 1061 853 assumpserit,
1101 799 1167 839 ex
1212 783 1384 839 sacris
1408 783 1636 838 Litteris
1668 783 1858 839 itidem
1901 797 2105 853 cogno-

522 878 824 932 scemus".
858 876 939 931 Ita
993 884 1177 930 autem
1219 874 1469 929 habent:
1510 893 1529 924 ε
1585 875 1715 929 Post
1760 874 1880 929 dies
1922 881 2107 929 autem

524 968 726 1023 multos
768 973 1023 1021 mortuus
1065 973 1153 1021 est
1197 982 1291 1021 rex
1348 966 1591 1037 Egypti,
1636 974 1694 1021 et
1725 965 2111 1036 ingemuerunt

523 1060 619 1114 ﬁlii
643 1059 811 1114 Israel
835 1068 1063 1129 prepter
1087 1073 1277 1128 opera,
1326 1066 1383 1112 et
1411 1058 1891 1121 exclamaverunt,
1918 1062 1976 1110 et
2018 1070 2108 1109 as-

519 1150 709 1205 cendit
727 1150 935 1206 clamor
961 1164 1154 1205 eorum
1177 1149 1247 1203 ad
1270 1148 1442 1203 Deum
1490 1147 1561 1202 ab
1609 1147 1894 1217 operibus,
1926 1154 1984 1202 et
2008 1161 2111 1201 au-

521 1241 658 1296 divit
682 1242 829 1296 Deus
857 1241 1126 1312 gemitum
1165 1254 1381 1302 eorum,
1403 1246 1463 1294 et
1486 1238 1808 1294 recordatus
1830 1244 1916 1293 est
1938 1243 2110 1291 testa-

520 1333 693 1386 menti
719 1332 826 1397 sui,
852 1332 1001 1402 quod
1026 1330 1157 1386 fecit
1189 1347 1319 1386 cum
1340 1329 1641 1393 Abraham,
1666 1329 1817 1384 Isaae
1839 1335 1896 1382 et
1915 1325 2107 1382 Jacob.

522 1424 589 1478 Et
614 1425 855 1494 respexit
876 1425 1022 1478 Deus
1046 1423 1187 1478 ﬁlios
1208 1420 1400 1486 Israel,
1427 1427 1484 1476 et
1504 1420 1757 1491 cognitus
1773 1428 1857 1475 est
1881 1418 1963 1473 eis
1974 1417 2042 1471 “.
2085 1435 2105 1468 ι

520 1518 757 1589 [Εκδνριίὶ
776 1518 926 1574 enim
946 1517 1189 1589 graviter
1204 1514 1591 1601 opprilybaut
1604 1513 1900 1577 Israelitas,
1924 1524 2115 1565 neces-

523 1608 733 1662 sarium
779 1607 1065 1664 servitutis
1090 1607 1283 1678 jugum
1338 1605 1725 1675 imponentes,
1774 1602 2114 1671 acerbosque

2208 694 2456 764 ρωτάτης
2481 695 2576 750 καὶ
2605 697 3009 768 μυσαρωτάτης
3023 697 3151 760 τοὺς
3167 696 3259 750 ἐπὶ
3270 696 3365 767 τῆς
3386 698 3776 770 γῆς,ἀποφῆναι

2205 785 2262 838 δὲ
2294 784 2478 839 λοιπὸν
2504 786 2602 857 τῆς
2631 786 2834 858 ἀρετῆς
2876 787 3137 859 ἐργάτας.
3178 786 3302 840 Ὅτι
3348 787 3406 840 δὲ
3454 788 3608 842 τοῦτο
3645 791 3777 844 οὕτω

2211 873 2354 945 μέγα
2392 876 2487 929 καὶ
2512 876 2845 932 πολύευκτον
2887 875 3092 945 ἀγαθὸν
3123 877 3386 946 ὑπάρξειν
3421 876 3611 947 ἔμελλε
3649 882 3778 935 κατὰ

2209 966 2435 1039 καιροὺς
2455 969 2568 1031 τοῖς
2588 968 2682 1021 ἐπὶ
2700 967 2803 1036 τῆς
2823 967 2949 1041 γῆς,
2971 966 3232 1031 καθέντος
3251 966 3441 1020 ἑαυτὸν
3463 969 3542 1030 εἰς
3565 968 3777 1021 κὲνωσξν

2209 1071 2270 1108 τε
2296 1054 2391 1109 καὶ
2412 1054 2809 1127 ἀνθρωπάτητα
2838 1054 2933 1109 τοῦ
2969 1053 3326 1125 Μονογενοῦς,
3361 1054 3451 1108 διὰ
3488 1056 3595 1109 τῶν
3632 1059 3777 1129 ἱερῶν

2213 1144 2563 1217 Γραμμάτων
2602 1147 2755 1201 οὐδὲν
2792 1142 2955 1220 ἧττον
3000 1145 3279 1217 εἰσόμεθα.
3313 1147 3470 1219 Ἔχει
3495 1148 3551 1201 δὲ
3585 1147 3773 1212 οὕτως·

2216 1253 2238 1288 ε
2265 1238 2420 1292 Μετὰ
2438 1236 2493 1290 δὲ
2518 1236 2615 1301 τὰς
2643 1237 2853 1310 ἡμέρας
2874 1236 2975 1301 τὰς
3024 1237 3226 1302 πολλὰς
3258 1236 3475 1302 ὲκείνας
3504 1238 3772 1310 ἐτελεύτηη

2214 1345 2306 1382 σεν
2333 1331 2363 1384 δ
2396 1329 2649 1399 βασιλεὺς
2692 1329 2997 1399 Αἰγύπτου,
3046 1329 3141 1384 καὶ
3168 1329 3571 1395 κατεστέναεαν
3605 1331 3653 1382 οἱ
3683 1324 3780 1384 υἱοὶ

2226 1420 2444 1493 Ἰσραὴλ
2474 1422 2583 1498 ἀπὸ
2611 1421 2721 1475 τῶν
2753 1422 2964 1493 ἔργων,
3007 1421 3103 1476 καὶ
3130 1419 3388 1489 ἐϐόησαν,
3417 1421 3514 1474 καὶ
3556 1422 3714 1493 ἀνέϐη
3747 1426 3776 1493 ἡ

2214 1509 2368 1582 φωνὴ
2393 1511 2571 1565 αὐτῶν
2601 1512 2739 1584 πρὸς
2767 1512 2860 1567 τὸν
2887 1511 3020 1566 Θεὸν
3043 1510 3153 1566 ἀπὸ
3180 1510 3293 1566 τῶν
3317 1508 3518 1581 ἔργων,
3558 1512 3650 1566 καὶ
3679 1514 3781 1565 eis.

2215 1602 2447 1671 ήκουσεν
2471 1604 2500 1656 δ
2528 1603 2661 1670 Θεὸς
2686 1603 2795 1657 τῶν
2829 1603 3150 1673 στεναγμῶν
3179 1606 3360 1661 αὐτῶν
3381 1648 3397 1672 ,
3429 1605 3525 1660 καὶ⁵
3551 1604 3779 1677 ἐμνήσθη

525 1699 660 1768 ipsis
669 1707 834 1768 atque
845 1698 1087 1753 immites
1099 1713 1330 1768 operum
1345 1696 1599 1751 dominos
1618 1695 2003 1766 praeﬁdentes,
2017 1698 2112 1769 qui

2220 1693 2245 1746 δ
2292 1694 2426 1759 Θεὸς
2474 1695 2576 1764 τῆς
2628 1694 2897 1768 διαθήκης
2958 1696 3121 1751 αὑτοῦ
3179 1699 3317 1770 πρὸς
3372 1697 3656 1768 Ἀϐραὰμ,
3699 1698 3782 1751 καὶ

525 1795 692 1844 vitam
730 1790 979 1859 ipsorum
1023 1789 1430 1852 excruciarent,
1460 1787 1604 1843 sicut
1634 1786 1901 1857 scriptum
1927 1796 2013 1845 est
2043 1791 2110 1844 ".

2229 1786 2438 1851 Ἰσαὰκ,
2483 1788 2579 1841 καὶ
2622 1764 2863 1842 1:13:66.—
2887 1788 3000 1843 Kal.
3027 1764 3240 1843 ἐπεῖδεν
3271 1792 3302 1843 ὁ
3330 1764 3621 1853 Θεὸς-τοῦς
3647 1789 3781 1857 υἱοὺς

523 1880 681 1950 281,
728 1880 835 1935 Sed
873 1889 1020 1936 tanta
1048 1882 1338 1953 tyrannide
1366 1881 1615 1952 oppressi
1639 1889 1918 1951 gementes
1940 1891 1997 1937 et
2032 1882 2113 1938 la-

522 1978 832 2041 crymantes
856 1972 1075 2028 tandem
1122 1973 1316 2027 miseri
1363 1982 1630 2043 rogarunt
1665 1982 1724 2028 ut
1749 1972 1960 2028 emlesti
2013 1972 2117 2027 mi-

523 2063 826 2118 sericordia
862 2063 1015 2135 digni
1062 2065 1422 2120 haberentur.
1475 2084 1492 2116 ι
1534 2063 1642 2120 Sed
1673 2064 1913 2135 respexit
1947 2065 2112 2129 Deus,

522 2155 859 2217 etvisitavit,
889 2155 1089 2225 inquit.
1124 2155 1267 2211 ﬁlios
1310 2156 1500 2221 Israel,
1545 2164 1602 2210 et
1647 2156 1900 2227 cognitus
1932 2167 2018 2211 est
2043 2157 2115 2211 ab

524 2246 659 2316 ipsis
688 2245 756 2299 ⁸⁸.
800 2267 820 2297 ι
848 2248 985 2302 Cum
1014 2248 1187 2318 igitur
1212 2262 1563 2301 versaremur
1586 2246 1641 2299 in
1667 2246 1972 2317 ignorantia
1994 2247 2113 2312 Dei,

526 2348 659 2393 tunc
688 2338 944 2410 injuriam
978 2339 1348 2397 inferentibus
1392 2355 1616 2396 eramus
1650 2339 1904 2409 subjecti,
1950 2353 2115 2408 atque

525 2430 581 2483 iu
609 2445 769 2485 emno
797 2431 1009 2500 peccati
1042 2431 1446 2495 volutabamur,
1475 2432 1743 2487 habentes
1783 2430 2037 2486 crudeles
2059 2438 2119 2485 et

522 2522 753 2576 acerbos
773 2522 1080 2591 praefectos,
1116 2539 1314 2592 nempe
1337 2523 1649 2579 immundos
1671 2523 1966 2578 daemonas.
1980 2523 2114 2576 Nam

524 2612 696 2680 gratia
729 2612 1004 2668 libertatis
1035 2614 1261 2670 omnino
1289 2614 1542 2684 sequitur
1575 2615 1670 2670 Dei
1720 2614 2111 2686 cognitionem.

525 2702 728 2758 Verum
756 2704 874 2759 haec
903 2704 1045 2759 facta
1072 2715 1200 2761 sunt
1221 2707 1397 2779 typiee
1429 2716 1485 2762 et
1517 2723 1614 2777 per
1640 2706 1892 2778 ﬁguram,
1913 2723 2119 2781 propo-

526 2794 738 2865 sitaque
779 2804 908 2851 sunt
960 2797 1124 2853 nobis
1177 2799 1233 2853 in
1282 2798 1719 2854 admonitionem
1750 2799 1947 2864 nostri,
1974 2799 2119 2854 sicut

524 2883 792 2953 scriptum
821 2892 907 2941 est
929 2888 993 2940 ".
1028 2885 1208 2957 Atque
1231 2888 1396 2947 unius
1426 2888 1649 2958 quidem
1679 2890 1879 2959 gentis,
1905 2889 2131 2947 Israeli-.

527 2975 649 3031 tice
666 2976 931 3032 nimirum
975 2987 1136 3049 typus
1166 2989 1270 3036 est.
1297 2979 1498 3049 Aperte
1531 2995 1666 3034 vero
1692 2979 1986 3035 admodum
2015 2980 2117 3035 do-

2228 1879 2464 1950 Ἰσραὴλ,
2516 1879 2611 1934 καὶ
2666 1877 2913 1949 ἐγνώσθη
2943 1882 3148 1946 αὐτοῖς.
3200 1899 3219 1932 ι
3256 1880 3656 1947 Κατεδιάζοντο
3695 1878 3782 1950 μὲν

2215 1969 2324 2044 γάρ
2351 1970 2403 2023 οἱ
2430 1969 2719 2039 Αἰγύπτιοι
2747 1972 2874 2034 τοὺς
2906 1969 2965 2036 ἐξ
3007 1969 3226 2042 Ἰσραὴλ
3260 1971 3352 2026 τὸν
3379 1972 3477 2041 τῆς
3503 1970 3782 2038 ἀναγκαίου

2216 2062 2438 2134 θητείας
2485 2060 2939 2135 ἐπιρῤιπτοῦντες
2982 2061 3182 2131 ζυγὸν,
3220 2061 3315 2115 καὶ
3360 2062 3589 2133 πικροὺς
3621 2061 3781 2125 αὐτοῖς

2218 2155 2314 2207 καὶ
2353 2153 2872 2225 ἀφιλοικτείρμονας
2903 2150 3271 2223 ὲργοδιώκτας
3301 2153 3709 2223 ἐπιστήσαντες,
3739 2148 3782 2203 o!

2218 2244 2524 2299 κατώδυνον
2553 2244 2732 2299 αὐτῶν
2769 2244 2870 2316 τὴν
2908 2243 3076 2314 ζωὴν,
3107 2243 3251 2298 καθὰ
3276 2242 3605 2315 γέγραπται.
3639 2244 3698 2294 Oi
3733 2240 3783 2294 δὲ

2215 2342 2335 2401 ταῖς
2352 2339 2489 2407 ἄγαν
2517 2336 2854 2404 πλεονεξίαις
2884 2335 3240 2408 πεπιεσμένοι
3262 2335 3545 2399 κλαίοντες
3569 2334 3656 2387 καὶ
3672 2348 3781 2385 κατ-

2218 2427 2548 2499 οιμώζοντες
2593 2426 2693 2498 τῆς
2725 2424 2944 2481 ἀνωθεν
2971 2425 3313 2497 ἡμερότητος
3357 2423 3656 2491 ἀξιοῦσθαι,
3689 2421 3782 2474 λοι-

2217 2521 2317 2573 πὸν
2341 2519 2634 2589 ὲλιπάρουν
2660 2518 2710 2571 οἱ
2727 2516 2978 2580 τάλανες.
3019 2536 3038 2570 ε
3089 2516 3233 2570 Ἀλλ’
3260 2515 3629 2568 ἐπεσκέπτετο
3648 2511 3781 2575 Θεὸς,

2217 2615 2311 2669 καὶ
2342 2613 2558 2678 εἰσεῖδε,
2590 2612 2746 2683 φησι,
2770 2612 2897 2674 τοὺς
2946 2613 3096 2675 υἱοὺς
3139 2610 3386 2682 Ἰσραὴλ,
3430 2610 3525 2663 καὶ
3558 2604 3779 2676 ἐγνώσθη

2217 2701 2421 2764 αὐτοῖς.
2451 2720 2469 2752 ι
2509 2701 2642 2754 Ὅτε
2670 2700 2850 2755 τοίνυν
2875 2700 3042 2771 ἐσμὲν
3074 2702 3132 2753 ὲν
3159 2699 3360 2771 ἀγνοίᾳ
3387 2698 3544 2763 θεοῦ,
3564 2696 3677 2750 τότε
3704 2692 3785 2749 καὶ

2216 2793 2330 2857 τοῖς
2381 2792 2656 2849 ἀδικοῦσιν
2704 2794 3147 2866 ύποκεισόμεθα,
3178 2796 3275 2850 καὶ
3318 2798 3434 2860 τοῖς
3492 2796 3587 2863 τῆς
3630 2793 3786 2860 ἁμαρε

2217 2884 2339 2949 τίας
2392 2884 2679 2958 βορϐόροις
2736 2888 3213 2959 ὲνκυλινδούμεθα,
3254 2888 3491 2960 πικροὺς
3513 2886 3603 2941 καὶ
3624 2881 3785 2954 ὠμοὺς

2218 2977 2328 3033 τῶν
2355 2979 2612 3034 τοιούτων
2654 2979 2870 3051 ἔχοντες
2919 2980 3251 3045 ἐπιστάτας,
3294 2980 3428 3043 τοὺς
3474 2976 3786 3047 ἀκαθάρτους

523 3076 615 3121 eet
639 3067 786 3137 quod
821 3068 1123 3125 immundis
1153 3070 1445 3139 spiritibus
1486 3079 1543 3125 et
1566 3066 1787 3124 diabolo
1816 3070 1953 3124 nihil
1969 3070 2115 3124 aliud

2221 3070 2507 3141 δαίμονας.
2542 3071 2775 3141 Ἔψεται
2821 3071 2879 3124 δὲ
2928 3072 3023 3125 καὶ⁸
3063 3072 3283 3135 πάντως
3323 3069 3418 3125 τοῦ
3452 3067 3649 3138 γνῶναι
3675 3061 3787 3155 Θεὸν

524 3161 866 3230 propositum
919 3161 993 3217 sit
1051 3177 1217 3233 quam
1259 3163 1592 3235 compellere
1632 3164 1896 3219 mortales
1944 3173 2009 3219 ut
2062 3163 2116 3218 in

525 3250 683 3307 vanis
712 3252 997 3309 laboribus
1013 3253 1306 3319 desudent,
1337 3263 1394 3309 et
1416 3270 1583 3326 opera
1606 3254 1790 3309 carnis
1809 3250 2116 3327 perﬁciant,

526 3356 597 3396 ne
619 3340 764 3396 forte
790 3352 1030 3398 mentem
1075 3344 1145 3398 ab
1168 3345 1256 3399 bis
1286 3360 1512 3401 vacuam
1548 3345 1813 3402 habentes
1841 3354 1898 3401 et
1929 3347 1999 3401 ad
2029 3364 2122 3402 su-

526 3445 697 3499 perna
729 3431 1087 3500 aspirantem,
1112 3431 1277 3503 hujus
1294 3433 1537 3489 universi
1567 3434 1737 3489 Deum
1766 3445 2116 3506 cognoscant,

526 3527 693 3590 atque
720 3520 795 3575 ita
836 3521 1099 3592 deinceps
1140 3537 1200 3577 se
1229 3522 1294 3577 ad
1323 3522 1497 3593 ipsius
1517 3524 1851 3579 voluntatem
1891 3540 2119 3595 compo-

528 3621 680 3675 nant,
709 3622 767 3667 et
793 3613 1083 3669 diabolicae
1115 3616 1400 3671 servitutis
1423 3618 1615 3687 jugum
1644 3618 1947 3671 excutiant.
1979 3617 2118 3673 Cum

528 3717 660 3757 vero
685 3703 938 3759 humanae
970 3714 1183 3762 naturae
1214 3707 1439 3762 insitum
1473 3709 1545 3763 sit
1559 3708 1802 3764 studium
1824 3710 2118 3777 libertatis,

528 3795 1049 3867 non'approbamus
1072 3797 1351 3854 interdum
1380 3799 1692 3854 istiusmodi
1724 3801 2117 3867 calamitatem,

527 3886 623 3943 sed
651 3904 993 3956 aversamur,
1021 3901 1079 3946 et
1105 3906 1482 3961 saepenumero
1504 3894 1756 3948 nonnihil
1783 3894 1851 3949 ad
1871 3910 1975 3950 nos
1990 3896 2120 3950 red-

526 3988 743 4045 euntes,
774 3990 830 4037 et
864 3984 1166 4037 carnalium
1216 3985 1561 4055 voluptatum
1594 3984 2001 4043 deformitatem
2024 3988 2122 4044 de-

529 4082 813 4139 testantes,
838 4092 1138 4145 supernum
1168 4094 1197 4132 a
1229 4079 1341 4134 Deo
1374 4078 1595 4135 sitimus
1625 4080 1913 4145 auxilium,
1947 4088 2005 4135 et
2051 4081 2121 4137 de

528 4163 767 4220 violenta
790 4167 1057 4223 servitute
1079 4184 1188 4223 non
1213 4185 1406 4238 parum
1449 4171 1754 4240 querimur.
1781 4170 1918 4237 Hoc,
1946 4181 2009 4227 ut
2035 4188 2124 4227 ar-

529 4258 727 4322 bitror,
758 4268 864 4322 est,
888 4260 1035 4332 quod
1081 4261 1181 4315 ﬁlii
1226 4261 1395 4316 Israel
1424 4261 1493 4317 ad
1526 4263 1699 4317 Deum
1740 4263 2120 4335 ingemiscant.

530 4348 753 4413 Verum,
790 4360 847 4405 ut
895 4359 982 4406 est
1029 4351 1230 4415 bonus,
1266 4351 1420 4406 misit
1465 4354 1627 4409 nobis
1675 4353 2013 4410 Salvatorem
2059 4370 2124 4410 ac

2220 3160 2321 3232 τῆς
2376 3161 2690 3233 ἐλευθερίας
2738 3163 2772 3232 ἡ
2819 3161 2999 3233 χάρις.
3059 3162 3199 3214 Ἀλλ’
3228 3163 3421 3216 ἐκεῖνα
3464 3159 3559 3230 μὲν
3602 3153 3789 3228 ἐπράτ-

2219 3269 2343 3306 τετο
2393 3253 2677 3317 τυπικῶς·
2723 3254 2939 3326 ἐγράφη
2987 3254 3045 3307 δὲ
3116 3254 3253 3325 πρὸς
3302 3251 3583 3307 νουθεσίαν
3627 3243 3783 3317 ἡμῶν.

2220 3342 2404 3408 καθὼς
2430 3345 2760 3418 γέγραπται.
2816 3346 2928 3399 Καὶ
2984 3346 3069 3414 ἐφ’
3099 3345 3217 3407 ἑνὸς
3255 3344 3359 3416 μὲν
3393 3344 3576 3405 ἔθνους
3606 3339 3703 3392 τῶν
3736 3333 3787 3399 ἐξ

2221 3436 2453 3507 αἵματος
2491 3437 2709 3508 Ἰσραὴλ
2760 3440 2789 3491 ὁ
2836 3436 3026 3501 τύπος.
3083 3436 3301 3504 Διδάξει
3347 3436 3394 3491 δ’
3438 3431 3497 3489 εὖ
3547 3431 3683 3505 μάλα
3707 3427 3785 3482 καὶ

2223 3529 2412 3598 σαφῶς
2442 3530 2524 3582 ὅτι
2559 3531 2670 3593 τοῖς
2694 3528 3025 3602 ἀκαθάρτοις
3046 3529 3327 3600 πνεύμασι
3360 3528 3456 3582 καὶ
3484 3527 3559 3596 τῷ
3581 3520 3786 3588 διαϐόλῳ

2224 3618 2448 3682 σκοπὸς,
2480 3620 2738 3674 συνωθεῖν
2774 3621 3092 3690 ἐπείγεσθαι
3141 3622 3269 3685 τοὺς
3315 3622 3408 3674 ἐπὶ
3452 3619 3552 3690 γῆς
3586 3614 3787 3675 είκαίοις

2223 3711 2467 3782 ὲνιδροῦν
2495 3712 2898 3783 σπουδάσμασι,
2921 3712 3101 3766 καὶτὰ
3130 3713 3342 3782 σαρκὸς
3370 3711 3508 3781 ἔργα
3541 3705 3784 3776 πληροῦνο

2224 3804 2311 3857 ἵνα
2342 3804 2418 3875 μὴ
2449 3804 2697 3874 σχολαῖον
2718 3804 2936 3874 ἔχοντες
2967 3804 3091 3857 νοῦν
3110 3804 3206 3857 καὶ
3231 3805 3549 3874 άναμύοντα
3580 3800 3707 3872 πρὸς
3730 3795 3787 3847 τά

2222 3895 2354 3956 ἄνω,
2388 3896 2483 3946 τὸν
2514 3895 2624 3947 τῶν
2649 3894 2792 3947 ὅλων
2816 3894 3008 3947 εἰδεῖεν
3034 3892 3201 3947 Θεὸνο
3236 3892 3382 3946 οὕτω
3417 3909 3479 3946 τε
3515 3889 3687 3944 λοιπὸν
3710 3884 3787 3938 καὶ

2221 3988 2301 4048 εἰς
2327 3987 2388 4039 τὸ
2420 3985 2571 4055 αύτῷ
2614 3984 2803 4038 δοκοῦν
2835 3984 3196 4038 ἐπευθύνοντο
3223 4023 3239 4046 ,
3288 3985 3382 4037 καὶ
3422 3984 3520 4054 τῆς
3549 3980 3631 4034 ἐπ’
3658 3972 3786 4042 αὺτῷ

2222 4077 2471 4141 δουλείας
2522 4077 2850 4130 ἀπονεύουσι
2908 4074 3095 4145 ζυγόν.
3139 4073 3365 4147 Ἐπειδὴ
3417 4075 3475 4128 δε
3523 4072 3689 4126 ἔνεστι
3730 4066 3784 4134 τῇ

2223 4169 2543 4241 ἀνθρωπεία
2577 4169 2739 4238 φύσει
2787 4169 2850 4223 τδ
2902 4168 3314 4240 φιλελεύθερον,
3347 4168 3449 4222 οὐκ
3486 4160 3785 4229 ἐπαινοῦμεν

2222 4262 2338 4316 ἐσθ’
2390 4263 2480 4315 ὅτε
2524 4262 2594 4315 τά
2644 4261 2824 4332 πάθγγ
2869 4260 3408 4335 καταμυσαττόμεθα
3460 4258 3517 4312 δὲ
3556 4254 3785 4311 πολλάκις

2223 4353 2593 4424 άνανήφοντες
2627 4351 2802 4425 βραχὺ
2825 4391 2840 4415 ,
2875 4352 2971 4406 καὶ
3003 4350 3112 4404 τῶν
3145 4351 3248 4420 τῆς
3294 4350 3499 4421 σαρκὸς
3530 4342 3715 4416 ἡδονῶν
3734 4339 3786 4391 τὸ

530 4438 961 4509 ltedemptorem
989 4457 1020 4495 e
1041 4442 1183 4496 ecelo
1211 4441 1436 4507 Filium,
1460 4443 1555 4513 qui
1583 4443 1761 4499 Iactus
1785 4454 1892 4507 est,
1911 4452 1972 4499 ut
1997 4459 2116 4509 nos,

2230 4445 2415 4516 ἄχαρι,
2442 4444 2545 4515 τὴν
2593 4444 2801 4498 ἀνωθεν
2821 4445 2919 4497 καὶ
2962 4443 3114 4513 παρά
3151 4442 3290 4495 Θεοῦ
3323 4440 3566 4512 διιιιῶμεν
3597 4440 3786 4490 tamen.

528 4530 714 4585 homo.
762 4531 932 4601 quue
960 4532 1165 4587 iterum
1204 4548 1359 4587 sacra
1393 4534 1677 4604 Scriptura
1708 4535 1938 4606 ﬁgurate
1980 4550 2124 4604 prte-

2228 4536 2372 4607 ρίαν,
2408 4536 2623 4604 καὶτῆς
2659 4535 2961 4608 ἀϐουλήτου
2991 4535 3238 4598 δουλείας
3270 4537 3334 4587 οῦ
3378 4532 3602 4604 μετρίαν
3626 4521 3785 4580 ποιώ-

532 4620 876 4691 signiﬁcavit.
900 4624 979 4677 Ita
1008 4624 1156 4678 enim
1180 4625 1295 4679 ait:
1338 4645 1357 4675 ε
1383 4626 1453 4682 Et
1483 4627 1695 4698 Moyses
1737 4641 1971 4697 pascens
1993 4643 2116 4683 oves

2231 4630 2372 4700 μεθα
2415 4629 2517 4700 τὴν
2548 4629 2846 4699 καταϐοήν.
2881 4627 3075 4691 Τοῦτο,
3108 4621 3284 4697 οἶμαι.
3319 4626 3435 4679 ἐστι
3462 4624 3521 4677 τὸ
3547 4629 3783 4676 καταστε-

525 4707 719 4766 .Iethro
750 4713 930 4767 soceri
955 4715 1040 4768 sui
1081 4715 1386 4771 sacerdotis
1426 4708 1663 4781 Madi'an,
1697 4719 1857 4773 duxit
1896 4734 2029 4774 oves
2068 4720 2124 4774 in

2226 4720 2385 4785 νάξαι
2410 4720 2546 4792 πρὸς
2569 4719 2704 4773 Θεὸν
2731 4720 2860 4782 τοὺς
2881 4720 3031 4783 υίοῦς
3066 4718 3305 4790 Ἰσραήλ.
3343 4714 3559 4785 Ἐπειδὴ
3579 4711 3630 4764 δέ
3658 4710 3784 4761 ἐστιν

527 4801 830 4868 desertum,
863 4804 1127 4875 venitque
1151 4806 1217 4860 ad
1241 4817 1483 4864 montem
1505 4808 1603 4863 Dei
1626 4808 1830 4864 Horeh.
1856 4809 2116 4879 Apparuit

2228 4809 2453 4879 ἀγαθὸς,
2488 4810 2813 4864 ἀπέστειλεν
2857 4809 3019 4882 ἡμῶν
3057 4808 3287 4878 Σωτῆρα
3316 4806 3412 4861 καὶ
3438 4802 3712 4876 Δυτρωτὴν
3736 4792 3785 4857 ἐξ

527 4904 711 4951 autem
740 4896 793 4951 ei
824 4898 1054 4968 angelus
1076 4898 1292 4953 Domini
1341 4899 1397 4954 in
1433 4899 1649 4955 ﬁamma
1690 4900 1832 4970 ignis
1859 4916 1927 4955 ex
1956 4899 2117 4956 rubo.

529 4987 596 5042 Et
629 4988 779 5042 videt
805 4990 1006 5045 rubum
1060 4989 1260 5045 ardere
1320 4991 1466 5061 igne,
1498 5006 1603 5046 nec
1652 4999 1838 5047 tamen
1881 4993 2118 5048 absumi.

529 5078 674 5134 Dixit
730 5091 913 5136 autem
975 5082 1187 5153 Moyses
1224 5083 1549 5138 :Aecedens
1603 5082 1804 5138 videbo
1852 5084 2120 5139 visionem

530 5184 780 5239 magnam
811 5172 973 5237 hanc,
1032 5189 1207 5242 quare
1232 5190 1343 5229 non
1362 5173 1712 5231 comburitur
1750 5174 1942 5231 rubus.
1969 5175 2125 5232 Post-

528 5276 691 5329 quam
718 5270 902 5317 autem
933 5264 1072 5318 vidit
1098 5266 1363 5321 Dominus
1408 5258 1555 5336 quod
1591 5267 1772 5337 pergit
1826 5266 1894 5322 ad
1932 5265 2124 5321 viden-

530 5353 682 5415 dum,
714 5355 928 5409 vocavit
949 5370 1078 5409 eum
1109 5357 1377 5413 Dominus
1403 5374 1472 5413 ex
1504 5358 1668 5424 rubo,
1708 5358 1900 5414 dicens
1928 5375 1942 5412 :
1972 5359 2123 5430 Moy-

529 5458 637 5508 ses,
674 5444 902 5515 Moyses.
930 5446 1025 5501 Ille
1052 5457 1235 5501 autem
1257 5448 1396 5505 dixit
1427 5447 1601 5516 :Quid
1630 5458 1736 5514 est,
1768 5450 2028 5505 Domine?
2057 5450 2126 5504 Et

531 5534 671 5590 dixit
698 5554 709 5589 :
740 5537 817 5591 Ne
840 5537 1220 5609 appropinqua
1250 5539 1378 5594 huc.
1402 5539 1563 5595 Solve
1591 5543 2023 5598 calceamentum
2055 5541 2124 5597 de

606 5716 651 5750 ⁸⁵
682 5719 878 5793 Philip.
923 5740 980 5789 ll,
1007 5725 1059 5789 7,
1087 5725 1138 5779 8.
1220 5727 1263 5756 “
1300 5727 1469 5782 Exod.
1501 5745 1557 5793 ιι,
1595 5729 1766 5784 ἓόιὶὸ

1866 5731 1908 5759 ⁸⁸⁷
1940 5730 2074 5784 ibid.
2153 5731 2197 5761 “
2235 5729 2406 5785 Exod.
2444 5746 2500 5795 II,
2533 5729 2622 5794 25,
2653 5728 2742 5784 25.

2225 4900 2460 4973 ούρανοῦ
2492 4901 2588 4954 τὸν
2619 4900 2770 4963 Υίὸν,
2823 4900 2884 4965 ὃς
2926 4900 3121 4968 γέγονε
3171 4899 3294 4953 καθ’
3336 4899 3503 4969 ἡμᾶς,
3536 4888 3782 4947 τουτέστιν

2228 4991 2533 5063 ἄνθρωπος.
2563 4993 2676 5045 Καὶ
2701 4991 2762 5045 τδ
2792 4991 2981 5061 χρῆμα
3011 4992 3142 5060 ἡμῖν
3180 4985 3591 5059 αἰνιγματωδῶς
3607 4993 3781 5051 προαν-

2230 5083 2428 5155 εφὼνει
2469 5084 2632 5138 πάλιν
2668 5086 2730 5138 τὸ
2763 5084 3002 5155 Γράμμα
3025 5084 3085 5136 τὸ
3105 5082 3269 5153 ἱερόν.
3304 5082 3449 5149 Ἔφη
3473 5077 3577 5146 γὰρ
3595 5072 3778 5129 οὕτως’

2238 5199 2254 5230 ε
2297 5181 2409 5233 Καὶ
2444 5179 2650 5248 Μωάῆς
2689 5174 2758 5251 ἦν
2791 5179 3096 5249 ποιμαίνων
3134 5178 3201 5232 τὰ
3237 5175 3484 5247 πρόὸατα
3522 5169 3675 5237 Ὶοοὺρ
3701 5159 3779 5215 τοῦ

2231 5270 2498 5343 πενθεροῦ
2552 5271 2719 5323 αὐτοῦ
2773 5269 2867 5324 τοῦ
2920 5270 3115 5340 ἱερέως
3163 5268 3389 5337 Μαδιάμ
3413 5282 3426 5294 ⁸
3480 5263 3569 5317 καὶ
3604 5256 3694 5328 ἦτε
3724 5251 3778 5348 τίξ

2231 5361 2485 5433 πρόσατα
2517 5362 2598 5424 εἰς
2641 5361 2741 5432 τὴν
2786 5360 3016 5432 ἔρημον,
3058 5361 3151 5414 καὶ
3176 5356 3340 5430 ἧλοιν
3369 5359 3448 5419 εις
3487 5354 3544 5406 τὸ
3569 5351 3775 5420 ὃροςτον

2230 5452 2368 5507 Θεοῦ
2421 5453 2619 5524 Χορέσ.
2660 5453 2770 5506 Καὶ
2815 5451 2973 5522 ὤφθη
3008 5452 3157 5520 αὐτῷ
3210 5434 3439 5517 ἄγγελος
3497 5439 3685 5512 Κυρίου
3731 5433 3777 5482 ἓν

2233 5546 2407 5614 φλογὶ.
2431 5549 2599 5616 πυρὸς
2620 5548 2686 5599 ὲκ
2720 5544 2821 5599 τοῦ¹
2843 5545 3025 5615 βάτου.
3059 5545 3166 5597 Καὶ
3200 5543 3302 5613 ὁρᾷ
3343 5543 3423 5594 ὅτι
3450 5542 3476 5592 ὁ
3516 5536 3662 5606 βάτος
3695 5539 3769 5578 ἰα’

2821 5728 2863 5758 ⁸⁸³
2900 5727 3068 5782 lCor.
3106 5743 3158 5781 ε.
3198 5725 3277 5772 ⁵³.
