4060 6444
248 295 340 352 ΔΗ

1300 310 1829 370 GLAPIIYRORUM
1870 315 1936 371 IN
1979 317 2267 376 EXODL'M
2308 323 2439 378 LIB.
2483 324 2523 379 I.

3446 319 3558 378 ιιι

239 413 564 511 semis-:1:—
579 417 806 511 uapl,6
852 418 908 473 δὲ
943 419 1103 490 βάτος
1141 425 1198 479 οὐ
1234 431 1577 494 κατεκαίετο.
1607 429 1742 485 Είπε
1786 433 1842 486 δὲ

1950 438 2185 508 pedibus
2233 442 2360 507 tuis,
2396 444 2550 498 locus
2589 442 2737 496 enim
2768 441 2824 495 in
2875 456 2988 511 quo
3013 448 3146 503 stas,
3183 449 3330 496 terra
3365 452 3554 496 sancta

241 509 443 577 Μωσῆς
464 525 478 538 ⁵
519 509 820 579 Παρελθὼν
850 512 1055 584 ὂψομαι
1086 517 1148 568 τὸ
1178 517 1364 589 ὅραμα
1391 523 1452 575 τὸ
1477 523 1622 592 μέγα
1658 525 1838 590 τοῦτο,

236 601 312 654 ὅτι
340 599 405 652 οὐ
453 601 823 655 κατακαίεται
853 604 882 660 6
914 603 1096 674 βάτος.
1143 607 1233 672 Ὠς
1272 608 1330 661 δὲ
1372 607 1481 664 εἶδε
1522 611 1725 682 Κύριος
1759 616 1843 668 ὅτι

238 691 505 762 προσάγει
530 693 686 755 ἰδεῖν,
717 695 982 750 ἐκάλεσεν
1007 699 1172 755 αὐτὸν
1197 702 1225 752 6
1249 701 1452 773 Κύριος
1473 705 1539 758 ὲκ
1558 705 1652 758 τοῦ
1677 705 1843 776 βάτου

236 783 403 849 ὶέγων
425 801 438 813 ·
467 785 675 856 Μωσῆ,
704 787 907 856 Mani.
931 787 989 842 ὀ
1012 789 1070 842 δὲ
1096 787 1218 846 εἷπε
1237 803 1252 818 ⁶
1285 792 1348 844 Τί
1374 795 1522 857 ﬁeri;
1550 798 1658 849 Καὶ
1683 793 1804 850 εἷπε
1825 814 1838 828 ·

237 878 320 940 Μὴ
352 878 592 947 ὲγγίσῃς
636 873 762 932 ὧδε.
797 879 977 940 Λῦσον
1009 882 1070 935 τὸ
1101 883 1352 956 ὑπόδημα
1397 888 1462 940 ὲκ
1507 889 1617 940 τῶν
1667 890 1844 943 ποδῶν

240 986 344 1030 σου,
473 968 588 1040 γὰρ
621 971 787 1034 τόπος
837 972 896 1023 ὲν
938 966 982 1041 ᾧ
1024 975 1088 1027 σὺ
1120 975 1382 1048 ἕστηκας,
1417 981 1488 1049 γῆ
1527 981 1659 1048 ἁγία
1703 982 1839 1036 ἐστί.

238 1061 337 1119 Καὶ
371 1056 536 1116 εἶπεν
575 1061 761 1132 αὐτῷ’
811 1062 953 1132 Ἐγώ
993 1066 1108 1135 ειμι
1136 1068 1164 1120 6
1196 1067 1328 1133 Θεὸς
1358 1071 1452 1124 τοῦ
1493 1074 1701 1145 πατρός
1727 1093 1838 1135 σου.

237 1157 261 1206 ὁ
292 1155 426 1217 Θεὸς
475 1155 756 1227 Ἁϐραάμ,
793 1158 890 1211 καὶ
918 1159 1100 1222 ὁΘεὸς
1143 1161 1350 1228 Ἰσαάκ,
1388 1165 1482 1220 καὶ
1512 1168 1540 1219 6
1567 1167 1698 1230 Θεὸς
1739 1170 1839 1221 Ἰα-

243 1243 362 1298 κῶὀ.
413 1247 767 1318 Ἀπέστρεῲε
825 1248 882 1302 δὲ
929 1251 1137 1322 Μωσῆς
1188 1253 1250 1306 τὸ
1298 1256 1592 1326 πρόσωπον
1641 1258 1840 1313 αὐτοῦ·

239 1335 525 1390 εὑλαῦεἶτο
575 1338 686 1409 γὰρ
721 1340 1062 1411 καταϐλέψαι
1090 1341 1324 1398 ἐνώπιον
1355 1345 1450 1398 τοῦ
1478 1347 1635 1401 Θεοῦ.
1677 1367 1696 1400 ι
1738 1349 1844 1402 Νό-

235 1447 330 1498 μον
375 1429 484 1499 μὲν
519 1431 632 1501 γάρ
665 1433 746 1495 είς
775 1431 1030 1503 βοήθειαν
1057 1433 1260 1489 ἔδωκεν
1291 1439 1319 1490 6
1341 1437 1474 1501 Θεὸς
1493 1479 1508 1502 ,
1555 1440 1698 1494 κατὰ
1742 1441 1842 1512 τὴν

230 1520 319 1573 τοῦ
353 1522 654 1590 προφήτου
695 1523 882 1595 φωνὴν
917 1525 1302 1599 (προαπέφηνε
1328 1527 1440 1602 γὰρ
1479 1533 1842 1603 οἰκονομικῶς

231 1613 438 1664 Munia
491 1613 910 1686 παιδαγωγὸν),
959 1622 1250 1690 μονονουχὶ
1284 1621 1343 1674 δὲ
1389 1623 1528 1693 πρὸς
1563 1625 1840 1691 ἀνάδειξιν

231 1697 337 1751 τῶν
365 1699 731 1772 τελειοτέρων
776 1705 1015 1760 ἐποιεῖτο
1047 1708 1148 1778 τὴν
1181 1711 1338 1765 σκιάν
1359 1727 1376 1742 ο
1411 1713 1552 1783 πλὴν
1586 1715 1668 1768 ὅτι
1699 1717 1841 1771 κατά

232 1793 461 1864 καιροὺς
503 1793 838 1866 ἀναϐλέψει-θ
871 1797 1112 1868 ἔμελλεν
1163 1801 1196 1872 ἡ
1241 1803 1492 1876 ἀλήθεια.
1533 1808 1644 1861 Καὶ
1687 1809 1840 1872 τέλος
1875 1796 1916 1850 Β

231 1880 298 1954 ἦν
342 1883 452 1954 τῆς
505 1887 928 1956 παιδαγωγίας,
968 1890 1030 1943 τὸ
1073 1892 1310 1962 Χριστοῦ
1346 1899 1675 1968 μυστήριον,
1705 1900 1842 1971 ὅπερ

227 1981 313 2034 διὰ
343 1982 448 2052 τῆς
488 1982 764 2046 ὀπτασίας
790 1979 850 2038 εὖ
881 1985 1029 2056 μάλα
1069 1990 1514 2044 κατεπαιδεύετο.
1544 1995 1716 2046 Φυτὸν
1745 1995 1846 2064 μὲν

228 2073 333 2144 γὰρ
383 2075 414 2126 6
465 2075 634 2144 βάτος
673 2077 793 2129 ἐστὶ
833 2076 1150 2147 θαμνοειδές
1184 2099 1243 2134 τε
1291 2084 1387 2137 καὶ
1435 2086 1708 2157 ἄκαρπον,
1751 2090 1849 2142 καὶ

228 2166 498 2230 ἀκάνθαις
537 2167 699 2237 ὀλίγα
730 2173 1117 2245 παραχωροῦν.
1169 2176 1347 2246 Πολλὴ
1379 2177 1436 2230 δὲ
1484 2180 1646 2232 αὐτὸν
1689 2199 1846 2253 περι-

228 2256 401 2322 εχεῖτο
432 2253 595 2323 φλόξ.
617 2256 706 2309 Ἐν
739 2258 872 2312 εἴδει
894 2261 1005 2332 γὰρ
1031 2263 1201 2335 πυρὸς
1229 2263 1384 2333 ἅγιος
1419 2267 1650 2335 ἄγγελος
1675 2272 1842 2343 ἐπλή-

229 2363 320 2414 ρου
353 2346 419 2398 τὸ
454 2347 653 2418 χρῆμα
675 2366 689 2380 ο
727 2352 827 2404 καὶ
871 2347 1009 2424 ἦρτο
1045 2356 1165 2425 μὲν,
1209 2356 1346 2426 ὑψοῦ
1385 2359 1442 2412 δὲ
1468 2359 1589 2414 λίαν
1623 2364 1655 2433 ή
1687 2364 1842 2432 φλὸξ,

1945 540 2048 586 est.
2085 533 2151 587 Et
2180 534 2319 589 dixit
2342 535 2394 590 ei
2419 553 2431 589 :
2465 536 2578 606 Ego
2601 550 2726 589 sum
2754 535 2900 589 Deus
2920 534 3096 603 patris
3134 532 3216 587 tui
3245 531 3550 593 Abraham,

1947 629 2112 700 262
2134 640 2192 684 et
2211 631 2358 685 Deus
2398 631 2568 693 Isaac,
2619 639 2677 684 et
2718 629 2865 683 Deus
2906 626 3096 682 Iacob.
3123 626 3339 681 Avertit
3364 633 3551 678 autem

1946 720 2161 791 Moyses
2182 720 2376 775 faciem
2413 737 2589 775 suam.
2633 721 2844 775 Timuit
2879 719 3028 774 enim
3079 719 3326 788 aspicere
3358 724 3551 770 contra

1946 813 2121 867 Deum
2148 814 2216 866 ⁷⁸.
2247 833 2265 864 ι
2299 813 2435 866 Nam
2497 814 2674 883 legem
2706 812 2929 882 quidem
2970 811 3122 865 dedit
3170 811 3224 863 in
3258 809 3548 868 auxilium,

1939 904 2094 974 juxta
2120 903 2353 958 verbum
2381 903 2665 973 propheta:
2694 903 2737 933 ⁷⁸
2777 899 3244 973 (praemonstravit
3294 899 3442 952 enim
3469 898 3552 950 di-

1947 995 2076 1049 vino
2099 995 2334 1049 consilio
2377 995 2597 1064 Moysen
2628 991 3004 1064 paedagogum)
3036 1011 3048 1044 :
3080 1000 3290 1046 tantum
3313 1005 3422 1044 non
3457 1006 3553 1042 au—

1947 1098 2054 1144 tem
2087 1089 2646 1144 constituitumbram
2671 1087 2728 1141 in
2768 1087 2984 1156 signum
3013 1083 3431 1154 perfectiorum,
3453 1082 3551 1135 do-

1945 1195 2046 1234 nec
2072 1179 2293 1234 tandem
2323 1179 2530 1234 veritas
2561 1193 2661 1232 suo
2687 1187 2934 1247 tempore
2963 1183 3109 1230 esset
3127 1174 3360 1228 oritura.
3394 1174 3551 1227 Ideo—

1947 1287 2055 1341 que
2088 1271 2212 1325 ﬁnis
2250 1271 2559 1342 disciplinae
2591 1269 2842 1324 Mosaicae
2866 1268 2990 1332 fuit,
3033 1267 3356 1339 mysterium
3387 1265 3550 1320 Chri-

1945 1366 2038 1429 sti,
2072 1365 2220 1434 quod
2256 1380 2355 1435 per
2408 1365 2554 1419 hanc
2601 1363 2872 1417 visionem
2925 1361 3209 1430 eleganter
3254 1357 3550 1412 admodum

1943 1458 2314 1528 significatum
2340 1465 2445 1512 est.
2476 1457 2612 1511 Nam
2650 1455 2825 1510 rubus
2856 1463 2940 1508 est
2971 1453 3160 1523 planta
3191 1451 3455 1506 fruticosa
3495 1459 3552 1503 ct

1946 1548 2297 1620 infrugifera,
2323 1563 2520 1619 parum
2553 1545 2819 1600 diﬂ‘ercns
2841 1560 2872 1598 a
2899 1542 3093 1613 spinis.
3130 1542 3328 1612 Ingens
3363 1550 3549 1594 autem

1944 1641 2160 1696 ﬂamma
2182 1642 2233 1696 ei
2257 1639 2589 1696 circumfusa
2611 1647 2751 1693 erat.
2784 1636 3023 1692 Sanctus
3053 1635 3202 1689 enim
3227 1633 3454 1704 angelus
3496 1631 3552 1685 in

1943 1733 2127 1803 specie
2165 1732 2309 1803 ignis
2361 1731 2416 1785 id
2480 1728 2780 1800 praestabat
2830 1744 2842 1780 :
2882 1725 3100 1780 ﬂamma
3147 1731 3331 1778 autem
3385 1721 3556 1776 nimis

1946 1825 2002 1879 in
2037 1825 2208 1879 altum
2261 1823 2480 1878 sublata
2531 1830 2638 1885 est,
2694 1835 2874 1889 neque.
2907 1817 3048 1873 liesit
3081 1816 3285 1871 rubum
3341 1815 3399 1869 in
3441 1829 3556 1882 quo

1947 1915 2220 1985 apparuit.
2264 1914 2548 1984 Stupenda
2587 1921 2739 1966 certe
2787 1927 2896 1975 res,
2927 1919 2983 1964 et
3021 1908 3292 1962 rationem
3330 1921 3550 1960 omnem

1947 2008 2247 2064 excedens!
2286 2008 2433 2078 Ignis
2464 2007 2636 2077 spinae
2664 2005 2922 2060 admotus
2954 2000 3330 2074 placidissima
3360 2013 3550 2053 acces-

1946 2101 2102 2155 sione
2143 2100 2316 2170 ipsam
2366 2099 2606 2162 fovebat,
2661 2107 2718 2153 et
2765 2095 3164 2167 propemodum
3213 2093 3392 2148 insita:
3438 2106 3556 2145 sua:

1945 2193 2207 2263 potentiae
2230 2193 2458 2255 oblitus,
2477 2193 2654 2245 otiose
2681 2190 2749 2244 iis
2785 2204 2908 2258 qua:
2930 2193 3146 2258 poterat
3168 2198 3550 2252 corrumpere,

1945 2283 2172 2339 insedit.
2198 2283 2470 2350 Quocirca
2492 2283 2704 2353 Moyses
2717 2281 3003 2350 obstupuit
3023 2280 3126 2334 hac
3137 2278 3369 2332 visione.
3389 2277 3552 2342 Qua:-

1946 2393 2073 2431 nam
2111 2377 2278 2447 igitur
2312 2376 2453 2430 ratio
2493 2376 2619 2430 est?
2663 2374 2846 2430 Sacrae
2874 2373 3176 2443 Scriptura:
3200 2368 3550 2425 consuetudo

229 2440 405 2506 ἠδίκει
437 2440 498 2491 δὲ
532 2440 674 2504 ὅλως
703 2442 796 2497 τὸν
837 2447 895 2498 ὲν
1001 2447 1212 2520 πέφηνε
1258 2450 1442 2520 βάτον,
1490 2453 1664 2509 οὐδέν.
1724 2458 1842 2512 ’Λν-

228 2528 381 2574 ότων
416 2531 646 2574 ἀληθῶς
697 2536 786 2574 νηὶ
839 2537 979 2574 τέκῃ
1023 2537 1181 2574 me...
1228 2542 1429 2574 η-...μρλρ
1476 2545 1535 2574 ...λ
1568 2545 1842 2574 :-.,'...-..-..

1944 2475 2027 2522 est
2055 2467 2300 2522 divinam
2326 2475 2580 2521 naturam
2607 2466 2720 2537 igni
2744 2479 3090 2534 comparare,
3117 2462 3189 2516 ob
3213 2461 3548 2514 immensqu

1953 2573 1963 2574 γ
2201 2558 2216 2574 ι
2348 2567 2385 2574 κ.
2440 2573 2464 2574 ,,
2492 2573 2497 2574 ,
2567 2573 2573 2574 ,
2601 2572 2668 2574 ,,,_
2716 2554 3034 2574 _L-a_-_-_;_l!
3062 2553 3168 2574 με...
3211 2550 3411 2574 -ι;....;..
3451 2565 3517 2574 -.-

231 2531 381 2628 όσιον
416 2531 646 2599 ἀληθῶς
697 2536 793 2588 καὶ
839 2537 982 2607 πέρα
1023 2537 1181 2608 λόγου
1228 2542 1429 2606 παντὸς
1476 2545 1536 2596 τὸ
1567 2545 1842 2618 δρώμενον

1945 2573 2108 2612 suum
2137 2558 2310 2612 robur
2337 2567 2393 2612 ct
2422 2572 2676 2628 magnam
2711 2554 3038 2610 absumendi
3062 2553 3172 2607 vim
3210 2571 3221 2605 :
3247 2550 3415 2621 lignis
3449 2565 3558 2604 au-

227 2625 312 2694 ἦν.
352 2625 480 2693 Πῦρ
513 2626 785 2690 ἀκάνθαις
815 2629 1116 2697 συμϐαῖνον
1144 2633 1238 2684 καὶ
1278 2635 1639 2704 ἡμεροτάτοις
1672 2639 1842 2709 αὐτὴν

1947 2659 2056 2706 tem
2092 2659 2149 2706 et
2166 2651 2357 2706 herbis
2383 2625 2665 2719 quae—sunt
2693 2649 2748 2702 in
2783 2648 2950 2718 agris,
2989 2657 3271 2701 terrenum
3300 2642 3551 2712 aequipa-

228 2717 578 2786 περιθάλπον
602 2719 955 2789 προσϐολαῖς.
979 2725 1263 2795 μονονουχὶ
1287 2725 1391 2796 τῆς
1415 2728 1660 2797 ἐμφύτου
1688 2730 1842 2786 δυνά-ι

1945 2753 2031 2799 rat
2079 2717 2596 2800 hominem—Unde
2662 2717 2887 2811 quidem
2942 2738 3220 2795 interdum
3280 2737 3355 2792 ita
3418 2735 3552 2790 ait:

226 2825 376 2904 μειος
416 2812 839 2904 κατημεληκὸς,
871 2814 964 2867 καὶ
1016 2815 1266 2887 ῥᾴθυμον
1297 2819 1498 2891 κομιδῇ
1530 2825 1645 2885 τοῖς
1684 2823 1842 2892 φθεί-

1953 2856 1970 2887 ι
2003 2837 2149 2890 Deus
2179 2843 2371 2890 noster
2406 2834 2548 2904 ignis
2588 2847 2924 2888 consumens
2957 2839 3042 2886 est
3079 2830 3154 2881 7':
3205 2847 3223 2878 ι
3267 2825 3554 2881 interdum

227 2902 423 2966 ρεσθαι
479 2902 810 2974 δυναμένοις
864 2906 1136 2980 ἐνιζηκός.
1193 2909 1484 2982 Τοιγάρτοι
1545 2915 1749 2985 Μωσῆς
1815 2917 1842 2969 6

1944 2943 2077 2981 vero
2097 2926 2178 2981 sic
2214 2943 2226 2978 :
2255 2947 2274 2975 ι
2310 2902 2488 2981 Homo
2518 2933 2776 2993 tanquam
2817 2923 3025 2987 fenum,
3046 2928 3104 2976 et
3129 2920 3250 2974 dies
3275 2920 3400 2989 ejus
3426 2925 3553 2972 tan-

220 2993 524 3059 θεσπέσιος
571 2997 942 3070 κατατεθήπει
983 3001 1084 3069 τὴν
1135 3002 1286 3072 δψιν.
1327 3005 1424 3069 Τίς
1455 3003 1550 3060 οῦν
1589 3010 1617 3060 ό
1645 3007 1841 3076 λόγος;

223 3087 372 3157 Πυρὶ
406 3088 513 3157 τὴν
548 3087 701 3143 θείαν
734 3093 1066 3160 παρεικάζει
1108 3094 1270 3164 φύσιν
1304 3094 1366 3148 τὸ
1408 3097 1554 3167 ἱερὸν
1579 3099 1840 3170 Γράμμα,

216 3180 312 3234 διά
354 3197 444 3235 τοι
476 3182 539 3234 τὸ
572 3182 877 3247 παναλκὲς,
913 3185 1011 3238 καὶ
1061 3187 1124 3239 τὸ
1167 3187 1367 3251 παντὸς
1406 3188 1666 3244 δύνασθαι
1712 3209 1842 3245 κατ-

216 3271 416 3326 αθλεῖν
446 3269 728 3338 εὐκόλως,
770 3275 949 3340 ξύλοις
995 3277 1092 3331 καὶ
1120 3270 1283 3344 πόαίς
1315 3285 1439 3345 ταῖς
1469 3283 1527 3334 ὲν
1571 3282 1725 3354 ἀγρῷ
1751 3284 1845 3336 τὸν

218 3367 340 3422 ἀπὸ
366 3369 477 3440 γῆς
503 3368 816 3441 ἄνθρωπον.
849 3371 1140 3442 Τοιγάρτοι
1179 3371 1332 3445 enat,
1367 3377 1500 3429 ποτὲ
1532 3377 1635 3447 μέν
1656 3394 1669 3406 ·
1715 3395 1732 3428 ι
1783 3378 1843 3432 ’0

215 3461 362 3524 θεὸς
401 3461 568 3533 ἡμῶν
616 3461 730 3532 πῦρ
770 3464 1169 3518 καταναλίσκον
1209 3467 1381 3520 ἐστίν’
1428 3487 1445 3519 ι
1495 3469 1626 3522 ποτὲ
1655 3469 1710 3523 δὲ
1749 3468 1839 3524 αὖ·

222 3569 242 3599 ι
303 3549 644 3624 ’Λνθρωπος
693 3552 827 3606 ὡσεὶ
858 3555 1054 3626 χόρτος
1079 3572 1090 3584 ·
1140 3558 1197 3610 αἱ
1237 3557 1448 3629 ἡμέραι
1492 3561 1680 3625 αὖτςῦ,
1711 3563 1843 3616 ὡσεὶ

217 3642 394 3708 ἄνθος
425 3645 524 3700 τοῦ
553 3644 762 3722 ἀγροῦ,
811 3647 985 3712 οὕτως
1035 3648 1344 3722 ἐξανθήσει.
1377 3672 1395 3703 ι
1461 3654 1602 3707 Ἀλλ’
1653 3654 1842 3729 ὥσπερ

216 3737 384 3789 ἐστὶν
423 3738 489 3790 οὐ
519 3740 758 3810 φορητὸν
787 3740 1054 3806 ἀκάνθαις
1080 3743 1141 3796 τὸ
1164 3746 1298 3815 πῦρ,
1340 3745 1484 3800 οὕτω
1527 3749 1622 3802 καὶ
1649 3749 1842 3821 θεότης

219 3827 646 3900 ἀνθρωπότητι.
695 3831 843 3901 Πλὴν
877 3834 934 3884 ἐν
968 3834 1191 3906 Χριστῴ
1240 3837 1437 3910 συνέϐη
1485 3842 1582 3893 καὶ
1618 3841 1842 3910 γέγονεν

214 3917 444 3989 olearia
472 3921 788 3993 Κατῴκηκε
823 3923 934 3995 γὰρ
961 3926 1018 3978 ὲν
1047 3925 1200 3996 αὐτῷ
1221 3928 1330 3981 πᾶν
1358 3928 1420 3984 τὸ
1447 3931 1720 4003 πλήρωμα
1744 3935 1841 4005 τῆς

217 4009 495 4082 θεότητος
526 4014 885 4084 σωματικῶς,
923 4036 941 4067 ι
977 4016 1119 4071 καθά
1149 4019 1244 4072 καὶ
1293 4022 1322 4073 6
1357 4023 1520 4092 σοφὸς
1552 4025 1840 4097 μεμαρτύ-

219 4121 370 4178 ρηκε
416 4105 655 4169 Παῦλος.
680 4107 790 4160 Καὶ
825 4128 842 4160 ι
881 4110 909 4161 ὁ
947 4107 1064 4177 φῶς
1087 4110 1252 4164 οἰκῶν
1275 4113 1592 4186 ἀπρόσιτον,
1632 4137 1650 4168 ι
1685 4136 1842 4173 τουτ-

217 4195 345 4250 έστι
377 4195 541 4261 Θεὸς,
570 4197 652 4269 τῷ
693 4199 760 4251 ὲκ
799 4201 1072 4270 παρθένου
1101 4202 1213 4274 ναῷ
1238 4206 1619 4277 κατηυλίζετο,
1648 4209 1840 4277 καθεὶς

221 4288 428 4342 ἑαυτὸν
444 4290 529 4352 εἰς
544 4289 877 4358 ἀξιάγαστον
900 4293 1237 4366 ἡμερότητα,
1257 4299 1350 4350 καὶ
1368 4299 1533 4353 οἱονεὶ
1557 4305 1841 4372 περιστέλ-

217 4381 335 4434 λων
372 4381 475 4453 τὴν
505 4381 750 4453 ἄκρατον
773 4384 875 4454 τῆς
909 4385 1046 4450 ἰδίας
1088 4388 1307 4455 φύσεως
1349 4393 1698 4466 προσϐολὴν,
1751 4397 1840 4451 ἵνα

1944 3035 2109 3089 quam
2136 3019 2237 3072 ﬂos
2267 3016 2468 3085 campi,
2495 3016 2568 3070 ita
2592 3024 2806 3070 arescet
2839 3016 2938 3068 ⁷³.»
2975 3016 3170 3078 Porro,
3206 3013 3351 3068 sicut
3377 3010 3554 3081 Spinae

1948 3113 2129 3183 ignem
2167 3113 2312 3167 ferre
2335 3118 2638 3179 nequeunt,
2673 3110 2750 3163 ita
2776 3122 2956 3178 neque
2979 3107 3321 3161 divinitatem
3351 3106 3556 3160 buma-

1945 3208 2110 3262 nitas.
2162 3205 2438 3262 Caeterum
2489 3204 2547 3257 in
2599 3201 2824 3256 Christo
2876 3199 3016 3254 facta
3076 3207 3162 3253 est
3219 3197 3548 3254 tolerabilis.

1955 3319 1971 3349 ι
2003 3298 2138 3352 Nam
2174 3297 2230 3349 in
2271 3297 2392 3365 ipso
2439 3293 2711 3349 habitavit
2755 3291 2937 3347 omnis
2995 3289 3283 3360 plenitudo
3325 3288 3552 3343 deitatis

1946 3387 2310 3457 corporaliter
2343 3385 2412 3450 7",
2439 3405 2457 3436 ι
2489 3384 2634 3438 sicut
2666 3381 2886 3452 sapiens
2923 3388 3156 3434 testatus
3179 3388 3263 3434 est
3308 3377 3546 3432 Paulus:

1953 3499 1971 3530 ι
2012 3479 2080 3532 Ει
2108 3479 2287 3532 lucem
2317 3475 2635 3531 inhabitans
2663 3471 3104 3527 inaccessibilem
3129 3471 3214 3535 7“;-
3253 3489 3270 3520 ι
3309 3470 3415 3524 hoc
3437 3476 3547 3535 est,

1943 3571 2092 3626 Deus
2135 3570 2190 3624 in
2245 3568 2452 3638 templo
2503 3565 2747 3636 Virginis
2793 3572 3038 3618 moratus
3084 3571 3190 3625 est,
3245 3561 3547 3616 demittens

1944 3666 2188 3733 seipsum
2216 3663 2270 3716 in
2293 3657 2673 3716 admirandam
2717 3656 3114 3718 humilitatem,
3148 3669 3211 3709 ac
3233 3653 3390 3724 quasi
3415 3670 3548 3708 con-

1947 3757 2171 3811 trahens
2195 3753 2456 3809 invictam
2493 3765 2607 3805 suae
2634 3758 2846 3803 natura:
2892 3747 3218 3818 potentiam,
3246 3755 3308 3801 ut
3348 3745 3469 3815 capi
3491 3753 3549 3802 et

1943 3849 2119 3919 aptari
2151 3845 2312 3902 nobis
2334 3855 2540 3915 posset,
2570 3843 2716 3897 sicut
2743 3856 2933 3896 revera
2958 3840 3099 3910 ignis
3117 3855 3178 3894 se
3199 3837 3411 3908 aptavit
3432 3837 3548 3906 spi-

1943 3942 2052 3995 nis.
2079 3937 2238 4006 Quod
2268 3947 2453 3992 autem
2489 3936 2545 3990 id
2571 3934 2720 4005 quod
2773 3943 2968 4003 suapte
2999 3939 3198 3985 natura
3247 3940 3434 4000 aptum
3461 3937 3547 3984 est

1943 4032 2012 4086 ad
2037 4029 2535 4100 corrumpendum,
2565 4028 2674 4082 hoc
2716 4033 2802 4082 est
2850 4039 3094 4089 carnem,
3137 4022 3252 4092 ipse
3298 4022 3548 4076 eﬂ‘ecerit

1943 4123 2318 4193 corruptionis
2367 4128 2672 4190 expertem,
2704 4127 2999 4186 morteque
3042 4114 3387 4184 superiorem
3417 4111 3542 4167 red-

1943 4215 2169 4279 diderit,
2195 4216 2538 4270 demonstrat
2559 4211 2730 4281 figura
2754 4209 2969 4279 ignisin
3000 4207 3141 4261 rubo
3165 4205 3395 4260 illmsum
3420 4219 3542 4258 om-

1941 4310 2075 4364 nino
2105 4323 2332 4363 servans
2363 4305 2594 4376 lignum.
2621 4301 2778 4368 Qu'od
2819 4307 3004 4353 autem
3038 4311 3200 4352 suum
3223 4294 3539 4349 viviﬁcave~

1944 4403 2017 4456 rit
2037 4401 2324 4470 templum,
2352 4407 2409 4453 et
2435 4393 2861 4463 incorruptibile
2899 4387 3280 4446 eﬂ‘eceritvita
3311 4393 3539 4440 natura—

214 4475 462 4546 γένηται
475 4473 973 4546 χώρητος,καθάπε
981 4497 1013 4550 ρ
1029 4480 1221 4550 ἀμέλει
1251 4489 1344 4538 καὶ
1357 4486 1600 4554 ἀκάνθας
1624 4490 1684 4542 τὸ
1704 4490 1775 4544 πῦ
1785 4509 1834 4562 ρ.

1947 4495 2074 4550 liter
2089 4493 2386 4564 easistens,
2411 4489 2548 4544 illud
2576 4503 2644 4543 ex
2670 4487 2780 4540 Deo
2795 4482 3060 4545 Verbum,
3084 4477 3364 4549 quomodo
3382 4476 3538 4547 quis—

225 4569 357 4621 ὀτι
410 4567 469 4620 δὲ
503 4567 568 4620 τὸ
594 4565 919 4642 φθείρεσθαι
944 4575 1210 4642 πεφυκὸς,
1235 4578 1502 4642 τουτέστι,
1530 4580 1629 4652 τὴν
1660 4583 1837 4653 σάρκα

223 4660 440 4731 φθορᾶς
469 4661 728 4714 ἀπετέλει
772 4663 1081 4731 κρεὶττονα,
1119 4665 1438 4733 διαδείξειεν
1466 4671 1534 4725 ἀν
1575 4674 1839 4745 αἰνιγμα-

224 4753 421 4817 τωδῶς
443 4754 506 4805 τὸ
529 4754 624 4806 ἐπὶ
648 4753 727 4824 τῷ
746 4753 898 4824 βάτῳ
925 4755 1036 4828 πῦρ
1050 4757 1422 4830 ἀδιαλιπητον
1445 4766 1723 4830 παντελῶς
1750 4787 1839 4839 τη-

230 4846 409 4916 ρῆσαν
435 4845 500 4898 τὸ
525 4844 702 4910 ξύλον.
735 4847 862 4900 Ὅτι
888 4846 954 4918 δὴ
984 4848 1074 4902 τὸν
1114 4849 1245 4903 ἴδιον
1279 4851 1535 4916 ὲζωποίει
1565 4859 1713 4921 ναὸν,
1742 4860 1837 4913 καὶ

223 4935 511 5008 ἄρθαρτον
538 4939 796 5011 ἀπετέλει
812 4941 907 4994 καὶ
935 4941 1168 4997 θανάτου
1194 4947 1506 5016 κρείττονα,
1543 4951 1657 5024 ζωὴ
1691 4955 1834 5008 κατά

226 5026 394 5092 φύσιν
410 5027 684 5100 ὑπάρχων
703 5032 730 5086 6
747 5031 812 5084 ἐκ
825 5032 960 5086 Θεοῦ
979 5035 1175 5104 Λόγος,
1197 5038 1315 5101 πῶς
1336 5038 1402 5094 ἂν
1418 5042 1713 5098 ἑνδοιάσειέ
1729 5063 1834 5112 τις;

241 5119 529 5188 Ἐ’,οείδετο
597 5121 782 5177 τοίνυν
834 5126 933 5195 τῆς
986 5127 1234 5200 ἀκάνθης
1290 5131 1352 5186 τὸ
1393 5133 1526 5206 πῦρ,
1559 5137 1653 5191 καὶ
1681 5140 1836 5209 οἰστὴ

226 5213 452 5281 γέγονεν
479 5215 512 5282 ἡ
549 5214 685 5279 φλὸξ
723 5217 947 5289 σμικρῷ
979 5221 1073 5273 καὶ
1106 5221 1491 5296 ἀσθενεστάτῳ
1519 5226 1682 5298 ξύλῳ.
1724 5231 1837 5284 Κε-

223 5303 455 5376 χὼρηκε
502 5307 634 5377 γάρ,
672 5307 748 5371 ὡς
803 5308 962 5379 ἔφην,
1019 5311 1212 5383 θεότης
1267 5315 1672 5390 ἀνθρωπότητι.
1730 5323 1840 5376 Καὶ

221 5395 389 5449 τοῦτο
428 5394 656 5462 γέγονεν
697 5399 758 5451 ὲν
791 5401 1016 5471 Χριστῷ
1047 5403 1108 5456 τὸ
1151 5408 1474 5479 μυστήριον.
1527 5412 1838 5484 Κατῲκηκε

220 5487 278 5542 δὲ
314 5489 416 5540 καὶ
446 5489 506 5540 ὲν
537 5490 674 5558 ἡμῖν
715 5491 745 5542 6
788 5490 881 5543 τοῦ
915 5493 1052 5546 Θεοῦ
1105 5495 1297 5564 Λόγος,
1331 5499 1394 5552 οὐ
1428 5501 1616 5567 ποινὰς
1647 5503 1834 5570 αἰτῶν,

1936 4587 2082 4656 piam
2117 4583 2495 4639 dubitaverit?
2552 4581 2699 4652 Ignis
2745 4592 2876 4647 ergo
2932 4573 3182 4646 pepercit
3230 4571 3423 4641 spiuaa,
3485 4580 3542 4624 ct

1934 4678 2154 4733 ﬂamma
2176 4677 2317 4730 facta
2342 4685 2426 4730 est
2461 4689 2630 4744 parvo
2663 4670 2995 4738 inﬁrmaque
3021 4666 3171 4737 ligno
3213 4662 3536 4721 tolerabilis.

1935 4771 2096 4843 263
2127 4770 2309 4840 Capax
2341 4768 2492 4822 enim
2538 4764 2784 4843 deitatis,
2825 4770 2886 4816 ut
2925 4761 3037 4830 jam
3080 4759 3216 4823 dixi,
3261 4756 3405 4812 facta
3457 4765 3542 4810 cst

1935 4842 2270 4917 humanitas.
2297 4862 2366 4916 Et
2399 4861 2504 4914 hoc
2528 4842 2734 4913 factum
2762 4856 2923 4911 estin
2943 4853 3162 4909 Christo
3193 4849 3535 4922 mysterium.

1944 4956 2224 5012 Habitavit
2255 4953 2406 5009 enim
2431 4953 2486 5007 in
2511 4951 2673 5008 nobis
2693 4949 2796 5004 Dei
2812 4947 3075 5008 Verbum,
3097 4961 3206 4998 non
3232 4957 3421 5012 poenas
3437 4957 3536 4995 cx—

1943 5057 2158 5118 petens,
2193 5062 2297 5102 nec
2342 5046 2496 5100 litem
2538 5043 2702 5098 nobis
2745 5038 3062 5101 intendens,
3095 5035 3191 5090 sed
3231 5032 3539 5088 commodis

1942 5155 2006 5196 ac
2042 5139 2274 5210 placidis
2297 5138 2566 5208 aﬂ'ulgens
2595 5130 3024 5212 accessionibus.
3061 5127 3216 5182 Sicut
3247 5125 3394 5180 enim
3421 5124 3537 5194 ipse

1942 5231 2075 5285 alibi
2103 5231 2200 5294 ait,
2247 5249 2264 5279 ι
2304 5229 2422 5283 Νοιι
2456 5226 2607 5282 misit
2634 5226 2781 5279 Deus
2827 5220 3028 5276 Filium
3063 5233 3228 5273 suum
3270 5216 3326 5271 in
3371 5232 3536 5271 muri-

1943 5325 2096 5386 dum,
2137 5330 2197 5377 ut
2246 5321 2523 5390 iudicaret
2576 5315 2866 5376 mundum,
2911 5311 3005 5368 sed
3041 5319 3102 5366 ut
3149 5310 3337 5366 salvus
3382 5308 3536 5365 ﬁeret

1944 5415 2184 5470 mundus
2197 5413 2491 5484 peripsum
2510 5412 2608 5464 ⁷⁸.»
2640 5409 2757 5464 Νοιι
2786 5405 2955 5476 igitur
2974 5403 3410 5459 comburehatur
3443 5417 3538 5455 ru-

1945 5507 2049 5563 bus
2083 5508 2151 5570 ab
2183 5504 2537 5560 incumbente
2563 5500 2665 5570 ipsi
2703 5499 2940 5552 ﬂamma.
2975 5493 3162 5564 Neque
3198 5494 3346 5548 enim
3368 5506 3536 5561 expc-

300 5703 573 5785 ?J’lxod.
627 5704 920 5785 niui-6.“
1029 5705 1203 5759 Galat.
1238 5723 1318 5785 u_l_,
1346 5710 1433 5766 Ἡ.
1514 5714 1556 5745 ⁷¹
1587 5715 1746 5772 Deut.
1782 5733 1842 5771 xz;

1944 5719 2019 5785 li,
2053 5718 2216 5775 Ilcbr.
2268 5734 2362 5781 xu,
2394 5717 2481 5773 29.
2563 5717 2610 5746 ⁷³
2649 5714 2790 5771 Psal.
2829 5728 2919 5775 cu,
2974 5709 3054 5762 ιι.
3132 5705 3317 5760 “Col.
3367 5718 3429 5770 ιι,
3476 5699 3513 5758 9

233 5764 278 5794 ’⁸
309 5774 329 5834 ι
359 5775 504 5830 Tim.
552 5793 625 5842 vr,
672 5776 757 5829 16.
877 5775 921 5806 7"
960 5775 1116 5830 Joan.
1153 5764 1336 5834 iml'i'.
