4060 6448
285 399 389 448 Μ’]

1331 397 1858 457 GLAPHYRORUM
1901 403 1967 456 ΙΝ
2011 403 2296 459 EXODUM
2341 405 2468 460 ΗΒ.
2511 408 2577 462 ll.

3484 417 3588 469 U8

285 512 503 584 φθορὰν
537 508 634 569 οὗν
663 517 772 588 ἄρα
825 517 918 572 καὶ
963 515 1074 572 οἷον
1110 519 1168 572 ἒν
1202 519 1354 591 νόμῳ
1387 521 1484 592 τὴν
1514 520 1608 573 τοῦ
1647 521 1877 578 θανάτου

1988 538 2110 592 quae
2133 525 2436 594 iustiﬁcare
2477 543 2587 580 non
2620 529 2782 594 valet,
2823 537 2878 582 et
2910 528 2977 585 ad
3010 529 3281 585 viviﬁcam
3309 546 3436 585 vere
3464 548 3589 600 gra—

286 606 526 678 μητέρα,
561 609 708 678 φημὶ
747 609 810 680 δὴ
838 609 934 680 τὴν
993 611 1291 682 ἁμαρτίαν,
1321 611 1477 665 οὔπω
1529 613 1615 666 διὰ
1649 614 1886 679 πίστεως

281 699 816 769 ἁποςρορτισάμενοι,
856 705 949 756 καὶ
990 703 1206 773 μακρὰν
1235 703 1284 755 οἱ
1313 703 1508 756 τοιοίδε
1533 705 1790 776 Χριστοῦ.
1822 707 1884 758 Ei

279 789 334 841 δὲ
373 789 698 862 βουληθεῖεν
751 795 1126 850 ἀπολύσασθαι
1175 797 1236 850 τὸ
1279 796 1554 866 ὑπόδημα,
1613 799 1882 862 τουτέστι,

280 881 376 950 τὴν
429 882 668 953 φθορὰν,
712 885 812 957 τὴν
867 887 1112 941 δικαιοῦν
1165 888 1265 940 οὐκ
1311 887 1622 957 ἰσχύουσαν,
1653 889 1748 941 καὶ
1785 889 1883 958 τὴν

1996 615 2126 668 tiam
2153 616 2420 685 aspirare,
2455 625 2587 673 tunc
2602 621 3109 690 appropinquarent
3129 624 3180 676 ei
3203 624 3296 691 qui
3319 624 3588 694 justiticat

1996 705 2248 775 impium,
2273 707 2376 760 hoc
2407 718 2508 773 est,
2550 709 2794 776 Christo,
2827 727 2926 780 per
2949 729 3113 782 quem
3141 723 3200 767 et
3219 731 3344 768 cum
3374 732 3485 786 quo
3513 716 3589 770 sit

1993 797 2106 852 Deo
2148 814 2213 852 ac
2252 800 2398 853 Patri
2438 801 2611 870 gloria
2644 819 2769 856 cum
2816 812 3009 860 sancto
3034 805 3240 874 Spiritu
3289 807 3346 861 in
3384 809 3586 864 saecula

1992 891 2340 945 saeculorum.
2378 892 2572 946 Amen.

279 974 555 1034 ζωοποιὸν
597 978 815 1046 ἀληθῶς
861 981 1215 1051 προσιέμενοι
1257 982 1448 1051 χάριν,
1499 981 1745 1050 ὲγγιοῦσι
1772 982 1892 1034 τότε
1924 980 2001 1050 τῷ
2029 981 2328 1037 δικαιοῦντι
2369 985 2460 1038 τὸν
2491 985 2686 1055 ἀσεϐῆ,
2721 987 2967 1043 τουτέστι
3007 990 3252 1063 Χριστῷ,
3281 991 3348 1045 δι’
3378 988 3438 1047 οὗ
3487 997 3584 1050 καὶ

281 1069 474 1134 μεθ’οὗ
516 1071 596 1143 τῷ
639 1074 878 1146 Πατρὶή
923 1077 1072 1143 δόξα.
1133 1078 1230 1128 σὺν
1283 1076 1424 1144 ἁγίῳ
1482 1077 1760 1146 Πνεύματι
1791 1078 1868 1139 εἰς
1893 1077 2018 1140 τοὺς
2051 1078 2254 1141 αἰῶνας
2281 1079 2389 1132 τῶν
2440 1080 2675 1136 αἰώνων.
2715 1083 2908 1154 Ἀμήν.

997 1266 1398 1276 —~——.—_____.

2051 1273 2145 1279 ν--ω
2149 1273 2178 1278 —
2181 1274 2188 1278 -
2193 1273 2548 1282 —_———.————_———

2549 1276 2900 1284 ——-————_—.—-

859 1392 1660 1516 ΓΛΑΦΥΡΩΝ
1719 1403 1962 1516 ΕΙΣ
2021 1407 2340 1520 ΤΗΝ
2399 1396 3039 1527 ΕΞΟΔΟΝ

1600 1604 2042 1690 ΒΙΒΛΙΟΝ
2083 1607 2189 1691 Β’.

489 1905 1410 2001 GLAPHYRORUM
1476 1915 1597 2001 IN
1663 1914 2178 2009 EXODUM
2260 1864 2623 2006 LIBER
2702 1916 3372 2009 SECUNDUS.

615 2175 752 2244 Περὶ
796 2175 905 2243 τῆς
939 2177 1155 2244 θυσίας
1182 2178 1292 2232 τοῦ
1319 2179 1532 2249 ἀμνοῦ.

337 2290 552 2342 α⁸.”οτι
571 2283 664 2341 οὖν
691 2287 793 2360 [ὲν]
818 2289 1041 2361 Χριστῷ
1056 2290 1120 2361 δὴ
1145 2292 1236 2344 καὶ
1267 2294 1412 2364 μόνῳ
1436 2295 1498 2346 τὶ)
1519 2294 1611 2347 τοῦ
1639 2297 1871 2352 θανάτου

265 2383 735 2453 ῑιαδ.δράσκομεν
768 2385 992 2454 κράτος,
1037 2385 1128 2437 καὶ
1162 2385 1236 2449 ὼς
1272 2388 1300 2438 ὁ
1335 2387 1494 2456 σοφὸς
1529 2390 1659 2458 ἡμῖν
1691 2391 1876 2459 διαγέ-

267 2495 449 2548 γρασε
485 2477 762 2547 μαθητὴς,
799 2494 817 2526 ι
847 2478 960 2528 Οὐκ
1003 2475 1153 2530 ἔστιν
1179 2475 1348 2547 ὕνομα
1375 2479 1481 2532 ύπδ
1514 2480 1605 2532 τὸν
1644 2483 1872 2552 οὐρανὸν

265 2573 325 2623 τὸ
351 2570 650 2637 δεδομένον
695 2567 1027 2639 ἀνθρώποις,
1063 2571 1119 2621 ὲν
1150 2562 1194 2636 ᾧ
1231 2569 1311 2621 δεῖ
1351 2570 1593 2640 σωθῆναι
1650 2575 1818 2643 ἡμᾶς,
1847 2593 1866 2627 ο

267 2662 554 2732 ἁναμὰθοι
598 2678 684 2722 τις
728 2659 796 2713 ἂν
849 2660 941 2713 καὶ
985 2660 1106 2713 καθ’
1151 2661 1372 2732 ἑτέρους
1427 2662 1678 2727 πολλοὺς,
1717 2667 1873 2736 εἴπερ

265 2757 478 2816 ἕλοιτο,
518 2755 784 2824 τρόπους.
819 2753 1030 2822 Μυρίαι
1057 2753 1168 2824 γὰρ
1209 2755 1331 2806 ὅσαι
1367 2755 1518 2826 παρὰ
1555 2773 1616 2824 γε
1655 2761 1719 2828 τῇ
1756 2757 1875 2811 Oso-

265 2847 532 2915 πνεύστῳ
566 2845 761 2915 Γραφῇ
798 2843 1051 2914 λαμπραὶ
1075 2845 1166 2898 καὶ
1190 2847 1470 2914 διαφανεῖς
1507 2849 1733 2911 είκῦνες,
1776 2851 1875 2921 τὴν

262 2939 362 2991 τοῦ
402 2937 719 3009 μυστηρίου
757 2937 990 3007 δύναμιν
1025 2939 1499 3010 ἀπαστράπτουσι.
1543 2941 1677 3013 Φέρε
1702 2943 1766 3013 δὴ
1781 2940 1873 2996 οὖν

262 3030 331 3082 τὰ
371 3033 455 3092 εἰς
501 3029 664 3082 τοῦτο
716 3030 964 3100 χρήσιμα
1012 3028 1449 3102 συναγείροντες.
1501 3035 1594 3087 καὶ
1642 3035 1728 3087 διὰ
1765 3035 1874 3088 τῶν

261 3121 474 3190 ἑφεξῆς
504 3120 868 3189 δεικνύωμεν.
918 3141 936 3172 ι
975 3122 1261 3192 Παρῆλῦον
1293 3125 1390 3193 μὲν
1440 3126 1519 3188 εἰς
1558 3125 1724 3194 μέσον
1753 3129 1876 3180 Μω-

262 3214 448 3281 σῆςτε
469 3212 568 3264 καὶ
608 3210 828 3283 Ἀαρών
854 3230 864 3242 ·
899 3213 1222 3282 ἀφικόμενοι
1249 3214 1308 3266 δὲ
1337 3215 1474 3286 πρὸς
1504 3216 1701 3286 Φαραὼ
1729 3217 1876 3289 διαρσ

263 3307 447 3376 ῥήδην
481 3305 724 3373 ἔφασκον
749 3323 760 3335 '
797 3305 936 3358 Τάδε
985 3305 1132 3373 λέγει
1172 3305 1377 3376 Κύριος
1400 3309 1428 3359 ὁ
1459 3307 1593 3371 Θεὸς
1634 3309 1870 3379 Ἰσραήλ·

271 3398 708 3463 Ἐξαπὸστειλον
746 3396 841 3450 τὸν
882 3397 1008 3450 λαόν
1055 3415 1180 3466 μου,
1217 3399 1306 3451 ἵνα
1337 3416 1428 3467 μοι
1457 3399 1791 3469 ἑορτάσωσιν
1819 3405 1875 3454 ἐν

262 3494 332 3560 τῇ
365 3492 586 3562 ἐρήμῳ.
632 3490 744 3542 Καὶ
773 3483 894 3542 εἷπε
929 3489 1152 3560 Φαραὼ,
1183 3491 1293 3542 Καὶ
1340 3490 1424 3552 τίς
1475 3492 1625 3544 ἐστιν
1668 3487 1728 3545 οὗ
1758 3494 1873 3544 εἰσ-

2545 2180 2622 2234 De
2653 2181 2820 2234 hostia
2851 2180 2996 2250 agni.

2053 2300 2104 2352 l.
2147 2295 2306 2363 Quod
2341 2295 2510 2363 igitur
2541 2293 2596 2346 in
2640 2291 2864 2347 Christo
2890 2303 2946 2349 et
2971 2295 3192 2365 quidem
3221 2295 3339 2350 solo
3377 2296 3574 2351 mortis

1984 2390 2277 2459 imperium
2307 2386 2688 2456 eﬂ‘ugerimus,
2710 2395 2876 2454 atque
2903 2395 2963 2440 ut
2990 2386 3209 2456 sapiens
3229 2387 3394 2442 nobis
3413 2385 3577 2443 disci-

1982 2482 2146 2552 pulus
2178 2480 2399 2549 scripsit
2429 2497 2442 2531 :
2482 2499 2497 2528 ι
2531 2479 2649 2531 Non
2668 2478 2739 2531 sit
2770 2477 2916 2532 aiiud
2948 2494 3150 2532 nomen
3186 2479 3289 2533 sub
3316 2480 3456 2534 coelo
3480 2480 3582 2536 da-

1983 2583 2099 2630 tum
2130 2573 2467 2635 hominibus,
2492 2572 2545 2625 in
2575 2586 2686 2640 quo
2715 2579 2969 2640 oporteat
2995 2587 3096 2625 nos
3113 2573 3312 2626 salvari
3331 2571 3400 2637 ⁸⁵,
3435 2593 3452 2625 ι
3496 2573 3581 2628 fa-

1982 2670 2086 2723 cile
2111 2668 2255 2737 quis,
2285 2667 2327 2720 si
2351 2666 2503 2729 velit,
2537 2664 2799 2719 didicerit
2821 2664 2987 2718 etiam
3010 2665 3133 2719 aliis
3163 2666 3355 2719 multis
3375 2666 3558 2722 modis

1983 2758 2214 2811 Inﬁnita:
2237 2757 2384 2810 enim
2405 2755 2519 2808 fere
2546 2761 2675 2807 sunt
2707 2753 2760 2806 in
2783 2753 2956 2808 sacris
2984 2753 3213 2807 Litteris
3249 2754 3492 2808 illustres
3517 2768 3582 2809 ac

1981 2848 2285 2918 perspicuae
2333 2847 2616 2915 imagines,
2672 2845 2726 2897 in
2767 2845 2972 2912 quibus
3002 2844 3168 2913 hujus
3214 2844 3465 2914 mysterii
3498 2846 3581 2901 vis

1981 2942 2164 2994 elucet
2201 2943 2365 3008 atque
2392 2944 2666 2991 coruscat.
2697 2935 2809 3006 Age
2838 2933 3026 3005 igitur,
3066 2950 3189 3004 qua:
3225 2936 3294 2990 ad
3328 2937 3433 2990 hoc
3452 2950 3584 2990 con-

1984 3031 2170 3083 ferunt
2195 3027 2356 3098 255
2375 3027 2717 3096 colligentes,
2751 3027 2916 3080 etiam
2943 3041 3042 3096 per
3075 3041 3138 3080 ea
3169 3042 3292 3095 qua:
3317 3026 3584 3096 deinceps

1983 3129 2313 3192 sequuntur,
2353 3119 2702 3173 declaremus
2741 3137 2753 3171 :
2805 3138 2822 3168 ι
2854 3119 3031 3173 Moses
3055 3126 3114 3172 et
3143 3118 3324 3173 Aaron
3357 3119 3414 3173 in
3462 3136 3582 3175 πιθο-

1983 3213 2135 3267 dium
2160 3212 2504 3282 prodierunt,
2527 3219 2583 3264 et
2614 3210 2681 3263 ad
2716 3211 3060 3264 Pharaonem
3091 3211 3381 3265 venientes
3399 3211 3582 3280 palam

1983 3307 2244 3360 dixerunt
2269 3323 2281 3357 :
2309 3304 2436 3358 Haec
2469 3303 2600 3358 dicit
2632 3302 2898 3356 Dominus
2934 3303 3080 3356 Deus
3113 3302 3277 3356 Israel
3309 3321 3321 3356 :
3356 3302 3584 3358 Dimitte

1983 3400 2247 3469 populum
2290 3412 2494 3459 meum,
2533 3402 2595 3449 ut
2641 3394 2776 3448 mihi
2813 3394 3015 3448 festum
3065 3402 3190 3463 agat
3240 3393 3295 3448 in
3337 3393 3580 3449 deserto.

1983 3491 2053 3545 Et
2100 3491 2238 3544 dixit
2289 3489 2501 3542 Pharao
2537 3505 2550 3540 ι
2587 3486 2722 3553 Quis
2755 3492 2841 3540 est
2897 3485 2998 3540 iste
3025 3525 3038 3548 ,
3096 3485 3255 3554 cujus
3300 3486 3472 3540 verbo
3509 3487 3586 3542 ita

263 3584 600 3653 ακούσομαι
630 3583 729 3652 τῆς
749 3582 936 3652 φωνῆς
963 3583 1148 3645 αὐτοῦ,
1179 3581 1320 3635 ὥστε
1343 3583 1726 3649 ἐξαποστεῖλαι
1752 3587 1877 3649 toi);

1985 3582 2235 3637 obediam
2285 3578 2638 3634 utdimittam
2674 3577 2818 3630 filios
2855 3576 3064 3630 Israel?
3105 3575 3225 3630 Non
3259 3576 3388 3630 novi
3426 3576 3581 3631 ilium

263 3679 428 3741 υἱοὺς
480 3676 735 3747 Ἰσραήλ;
787 3676 904 3728 Οὐκ
954 3670 1070 3728 οἶδα
1126 3678 1216 3729 τὸν
1257 3675 1482 3744 Κύριον,
1517 3677 1730 3732 καὶτὸν
1773 3679 1876 3730 Ἰσ-

266 3770 418 3845 ραὴλ
456 3769 561 3822 οὐκ
593 3767 964 3832 ἐξαποστελῶ.
1003 3767 1112 3821 Καὶ
1149 3767 1402 3836 λέγουσιν
1434 3767 1616 3838 αὐτῷ·
1661 3771 1718 3821 ὐ
1745 3769 1878 3834 Θεὸς

265 3861 384 3914 τῶν
424 3859 707 3929 Ἐϐραίων
734 3858 1142 3930 προσκέκληται
1173 3861 1206 3930 ἡ
1218 3860 1342 3929 μᾶς.
1376 3861 1763 3930 Πορευσόμεοα
1786 3859 1877 3916 οὖν

263 3955 392 4008 ὁδὸν
425 3952 660 4025 ἡμερῶν
683 3952 870 4024 τριῶν,
902 3953 1051 4015 ὅπως
1073 3952 1323 4022 θύσωμεν
1352 3952 1430 4023 τῷ
1447 3953 1565 4023 Θεῷ
1597 3955 1772 4024 ἡμῶν,
1802 3956 1875 4025 μή

267 4064 418 4100 ποτε.
460 4047 789 4114 συναντήσοι
839 4047 978 4116 ἡμῖν
1027 4045 1276 4109 θάνατος,
1312 4046 1343 4116 ἢ
1375 4047 1551 4115 φόνος.
1587 4048 1696 4100 Καὶ
1727 4044 1878 4101 εἶπεν

267 4142 462 4201 αὐτοῖς
519 4140 547 4190 ὁ
590 4138 847 4207 βασιλεὺς
903 4138 1220 4205 Αἰγύπτου·
1277 4139 1376 4191 Διὰ
1424 4140 1500 4203 τί,
1555 4141 1731 4210 Μωσῆ
1785 4142 1878 4193 καὶ

279 4231 531 4300 ’Δαρὼν,
563 4229 920 4300 διαστρέφετε
951 4230 1044 4282 τὸν
1075 4229 1204 4283 λαόν
1247 4247 1350 4299 μου
1382 4231 1490 4284 ἀπὸ
1523 4231 1633 4284 τῶν
1664 4232 1874 4304 ἔργων;

282 4324 586 4377 Ἀπέλοετε
617 4323 848 4386 ἕκαστος
877 4322 1035 4392 ὑμῶν
1069 4324 1154 4386 είς
1199 4323 1270 4376 τὰ
1313 4322 1449 4394 ἔργα
1488 4322 1675 4378 αὑτοῦ.
1699 4343 1716 4374 ι
1754 4327 1878 4378 Δια-

267 4417 506 4487 εολικῆς
543 4415 654 4486 γὰρ
707 4414 786 4467 ὢν
847 4413 1101 4484 ἔμπλεως
1131 4415 1393 4478 ἀπονοίας
1440 4418 1468 4469 ὁ
1525 4416 1878 4485 ἀπόπληκτος

268 4509 506 4580 Φαραὼ,
557 4508 645 4574 τίς
797 4506 1065 4576 Ἐὸραιίων
1112 4506 1246 4569 Θεὸς
1293 4507 1394 4560 οὐκ
1438 4506 1637 4560 ειδέναι
1691 4509 1876 4578 φησίν.

282 4601 520 4669 Ἐπειδὴ
557 4599 616 4652 δὲ
649 4599 876 4670 συχναῖς
921 4597 1016 4652 καὶ
1047 4598 1345 4668 ἀφορήτοις
1375 4598 1612 4669 πληγαῖς
1653 4601 1879 4670 κατῃκί-

271 4692 422 4757 ζετο,
463 4691 562 4745 καὶ
647 4690 876 4744 διώλετο
922 4689 1064 4742 κατὰ
1113 4689 1290 4760 βραχὺ
1342 4690 1453 4743 τῶν
1497 4691 1815 4758 Αἰγυπτίων
1843 4694 1876 4762 ἠ

273 4787 452 4856 χώρα,
489 4781 652 4836 τοῦτο
699 4782 802 4852 μὲν
843 4780 922 4850 (α)
974 4780 1054 4842 εἰς
1095 4775 1236 4848 αἷμα
1290 4783 1879 4851 μεταστοιχειουμένων

271 4877 466 4937 αὐτοῖς
499 4873 607 4926 τῶν
637 4872 867 4937 ὑδάτων,
883 4870 1101 4939 ἀκρίδας
1123 4887 1180 4922 τε
1199 4870 1293 4923 καὶ
1323 4870 1563 4941 χαλάζης
1585 4874 1880 4943 ἐπενηνεγ-

1986 3674 2278 3728 Dominum
2305 3713 2318 3736 ,
2367 3687 2471 3726 nec
2516 3670 2774 3724 lsraelem
2831 3668 3130 3722 dimittam.
3169 3667 3447 3722 Etdicunt
3479 3669 3531 3722 ei
3566 3686 3579 3721 :

1986 3767 2130 3820 Deus
2143 3766 2500 3821 Hebraeorum
2525 3761 2814 3817 advocavit
2835 3775 2955 3816 nos.
3000 3759 3426 3814 Proﬁciscemur
3451 3775 3591 3831 ergo

1987 3859 2094 3914 iter
2115 3861 2278 3914 trium
2313 3859 2528 3912 dierum
2567 3856 2624 3910 in
2653 3856 2957 3919 desertum,
2986 3853 3048 3908 ut
3088 3853 3164 3907 ibi
3210 3854 3589 3910 sacriﬁcemus-

1990 3953 2228 4008 Domino
2249 3953 2368 4007 Deo
2399 3959 2612 4014 nostro,
2637 3966 2706 4004 ne
2750 3948 2891 4003 forte
2921 3947 3083 4002 nobis
3131 3954 3389 4002 occurrat
3431 3961 3584 4003 mors

1985 4052 2080 4097 aut
2109 4042 2306 4097 cades.
2335 4042 2400 4095 Et
2423 4040 2562 4095 dixit
2596 4039 2679 4093 eis
2715 4054 2811 4092 rex
2839 4035 3055 4108 Egypti
3081 4055 3094 4089 :
3119 4035 3299 4102 Quare
3323 4053 3442 4101 vos,
3465 4037 3578 4091 Mo-

1985 4153 2074 4192 ses
2102 4146 2159 4190 et
2181 4135 2384 4196 Aaron,
2427 4131 2680 4188 avertitis
2706 4130 2970 4199 populum
3004 4145 3189 4182 meum
3223 4129 3293 4182 ab
3316 4128 3585 4197 Operibus

1987 4226 2144 4280 suis?
2187 4223 2350 4278 Abite
2389 4221 2458 4276 ad
2491 4237 2592 4276 sua
2616 4219 2850 4288 quisque
2882 4233 3050 4286 opera
3071 4218 3136 4270 9°.
3169 4237 3186 4267 ι
3231 4217 3367 4270 Nam
3400 4217 3580 4285 primo

1985 4316 2214 4389 quidem
2261 4314 2494 4369 stolidus
2545 4312 2768 4366 Pharao
2801 4309 3072 4363 diabolica
3115 4307 3338 4360 vesania
3383 4307 3584 4376 plenus

1984 4409 2166 4464 aiebat
2205 4422 2263 4460 se
2285 4406 2542 4475 quisnam.
2561 4403 2632 4458 sit
2666 4401 3022 4456 Hebraeorum
3066 4399 3212 4454 Deus
3239 4398 3474 4451 nescire.
3510 4397 3581 4450 Λι

1985 4512 2278 4573 postquam
2301 4497 2492 4552 multis
2515 4505 2570 4551 et
2604 4492 3046 4548 intolerabilibus
3109 4490 3283 4561 plagis
3318 4497 3402 4544 est
3441 4490 3578 4544 ail‘e—

1986 4604 2128 4657 ctus,
2161 4600 2381 4661 totaque
2401 4590 2515 4644 fere
2532 4584 2912 4656 t‘Egyptiorum
2939 4583 3088 4652 regio
3110 4581 3385 4650 periisset,
3432 4597 3580 4635 nunc

1985 4687 2207 4757 quidem
2241 4683 2470 4738 mutatis
2505 4679 2663 4750 aquis
2693 4678 2747 4732 in
2783 4678 3132 4747 sanguinem,
3175 4689 3324 4730 nunc
3369 4675 3579 4730 locusta

1985 4787 2042 4834 et
2071 4777 2339 4849 grandine
2378 4773 2620 4829 inductis
2659 4771 2716 4826 in
2756 4778 2986 4824 terram.
3024 4783 3173 4822 nunc
3214 4767 3486 4822 culicibus
3525 4779 3581 4822 et

1988 4870 2140 4924 ranis
2163 4866 2446 4928 immissis,
2475 4865 2717 4932 itemque
2740 4861 2899 4916 factis
2924 4875 3023 4928 per
3041 4858 3289 4913 triduum
3316 4857 3578 4921 tenebris,

273 4967 455 5038 μένης
492 4966 558 5036 τῇ
604 4966 698 5034 γῇ,
741 4937 1006 5028 σκνιπῶν,
1039 4962 1132 5014 καὶ
1166 4937 1456 5032 βατρᾶᾇίων
1505 4937 1876 5035 κινουμένων,

1986 4969 2101 5016 tum
2128 4960 2220 5014 vix
2256 4957 2478 5012 tandem
2511 4962 2567 5010 et
2597 4953 2822 5023 quidem
2859 4950 3067 5004 invitus
3105 4946 3359 5018 promisit
3405 4963 3463 5001 se
3494 4948 3582 5001 (li—

271 5058 372 5114 xa!
409 5057 514 5129 μὲν
565 5072 654 5109 τοι
707 5055 802 5108 καὶ
837 5055 1136 5126 τριημέρου
1197 5055 1597 5124 καταχεομένου
1633 5058 1880 5121 σκότους,

274 5150 507 5222 ἀνήσειν
561 5147 662 5218 μὲν
716 5147 894 5216 μόλις,
953 5147 1052 5217 οὐχ
1112 5143 1252 5197 ἑκὼν
1308 5146 1700 5216 ἐπηγγέλλετο,
1731 5143 1799 5219 ἦν
1825 5147 1882 5202 δὲ

270 5241 601 5312 ἀτεράμων,
624 5241 722 5293 καὶ
755 5239 894 5308 μετὰ
919 5237 1082 5291 τοῦτο
1097 5236 1258 5290 πάλιν
1280 5236 1452 5300 δεινὸς
1481 5239 1574 5291 καὶ
1603 5239 1878 5309 ἀπεσκλη-

271 5331 414 5395 ιὼς,
448 5330 547 5384 καὶ
584 5329 1095 5400 δυσμετακόμιστος
1129 5326 1330 5396 κομιδῇ
1374 5327 1512 5397 πρὸς
1551 5329 1612 5381 τὸ
1641 5329 1882 5394 ἑλέσθαι,

273 5427 449 5495 φημὶ,
477 5424 579 5495 τῆς
603 5421 750 5478 οὕτω
784 5423 1002 5493 μακρᾶς
1034 5419 1276 5482 δουλείας
1311 5419 1621 5484 ἀπαλλάξαι
1649 5423 1740 5474 τὸν
1775 5422 1878 5475 ἰσ-

274 5516 444 5589 ραήλ.
507 5511 645 5569 Εἶτα
697 5514 832 5577 Θεὸς
885 5511 1183 5566 ἐσκέπτετο
1239 5512 1350 5573 τοῖς
1392 5509 1501 5562 τῶν
1568 5513 1883 5581 Αἰγυπτίων

275 5610 655 5682 πρωτοτόκοις
717 5608 1014 5692 ἐπαφεῖναι
1068 5604 1158 5657 τὸν
1188 5602 1533 5673 ὁλοθρευτήν.
1578 5605 1797 5676 Ἐπειδὴ
1826 5605 1882 5658 δὲ

350 5747 427 5819 (a)
469 5748 638 5804 Deest
675 5742 836 5798 τοῦτο
866 5742 923 5796 δέ
958 5749 1168 5812 postea.
1201 5740 1359 5795 Eon.

383 5883 429 5919 ⁸⁸
463 5887 589 5942 Act.
621 5900 699 5944 iv,
737 5882 819 5936 i=2.
901 5879 946 5910 ⁸⁶
979 5879 1150 5934 Εκοίι.
1209 5895 1259 5941 v,
1298 5877 1416 5934 1-4.

1981 5054 2278 5108 missurum
2303 5065 2418 5105 eos.
2466 5044 2708 5101 Tametsi
2747 5043 2914 5097 etiam
2960 5046 3152 5098 postea
3199 5036 3580 5092 refractariqu

1980 5160 2046 5212 ac
2076 5142 2313 5214 rigidum
2337 5155 2396 5194 se
2432 5134 2750 5208 praibucrit,
2813 5129 3236 5197 indurueritque
3276 5137 3332 5191 et
3363 5126 3584 5182 inﬂexi-

1980 5233 2108 5290 bilis
2135 5233 2314 5288 factus
2343 5229 2444 5291 sit,
2486 5226 2552 5279 ad
2578 5226 2702 5288 hoc,
2731 5223 2956 5291 inquam
2976 5260 2990 5284 ,
3022 5227 3083 5272 ut
3113 5217 3374 5272 lsraelcm
3413 5233 3443 5272 e
3471 5227 3580 5272 tam

1981 5324 2247 5382 diuturna
2287 5319 2555 5375 servitute
2606 5313 3058 5374 manumitteret,
3124 5307 3302 5362 donec
3357 5307 3584 5361 tandem

1987 5417 2134 5472 Deus
2159 5410 2641 5468 exterminatorem
2670 5403 2898 5460 immisit
2922 5418 2978 5456 in
2999 5399 3394 5472 primogenitos
3413 5398 3584 5470 Aigy-

1991 5507 2254 5580 ptiorum.
2291 5502 2540 5571 Cumque
2573 5511 2796 5554 necesse
2823 5508 2972 5550 esset
2991 5508 3186 5550 curare
3210 5508 3279 5547 ne
3305 5506 3414 5546 una
3453 5503 3583 5543 cum

1991 5601 2224 5672 impuris
2245 5596 2501 5668 gentibus
2519 5592 2781 5665 perirent,
2815 5595 2978 5657 atque
3018 5584 3316 5655 impiorum
3347 5593 3584 5634 numero
