4060 6442
564 386 675 442 tia
754 358 759 363 ’

1620 379 1676 434 S.
1719 376 2002 434 CYRILLI
2047 372 2519 435 ALEXANDRINI
2556 378 2878 438 ARCIHEP.

3736 402 3824 456 HO

560 499 973 557 ascriberentur
997 500 1182 565 electi,
1203 499 1454 567 adeoque
1474 496 1665 553 dilecti
1698 506 1926 566 propter
1947 502 2153 564 patres,

2258 490 2328 567 ἦν
2347 496 2648 565 ἀναγκαῖον
2679 501 2755 570 μὴ
2776 502 2890 563 τοῖς
2929 501 3171 566 ἀνοσίοις
3219 504 3400 572 γένεσι
3466 510 3824 569 συναπολέσθαι

562 600 738 666 legem
758 594 827 650 de
857 593 1124 651 Paschate
1145 590 1390 648 instituit
1412 590 1579 655 Deus,
1613 587 1932 657 Christique
1962 593 2166 658 myste-

564 686 708 740 rium
745 694 871 741 ante
912 686 1050 739 iram
1092 683 1303 753 peragi,
1341 689 1493 737 recte
1523 678 1824 735 admodum
1879 676 2161 748 pmcepit.

561 780 639 833 Ex
667 794 777 848 quo
798 793 993 833 rursus
1020 776 1183 832 facile
1206 776 1485 847 intelligas
1523 787 1691 844 quam
1718 769 2059 842 impossibile
2094 768 2167 824 sit

561 886 658 939 per
684 869 870 925 Mosen
889 875 985 923 aut
1010 868 1187 939 legem
1208 867 1419 922 aboleri
1449 873 1707 921 mortem.
1739 861 1849 918 Sed
1887 860 2167 932 pretiosus

556 964 763 1019 tih‘risti
810 964 1037 1035 sanguis
1090 972 1244 1019 arcet
1290 979 1321 1017 a
1346 962 1510 1018 nobis
1552 959 2075 1022 exterminatorem,
2107 963 2167 1011 et

559 1055 806 1111 vindicat
835 1054 1209 1110 sanctiﬁcatos
1236 1069 1265 1108 a
1290 1052 1673 1123 corruptione.
1715 1050 1853 1105 Nam
1901 1048 2021 1119 ipse
2049 1049 2165 1103 vita

555 1158 642 1204 est
684 1165 753 1203 ex
785 1149 899 1203 vita
927 1155 985 1203 et
1021 1148 1170 1203 Deus
1195 1147 1362 1218 hujus
1411 1145 1678 1208 universi,
1716 1152 1975 1213 tanquam
2017 1143 2164 1197 Deus

556 1256 624 1294 ex
653 1242 786 1296 Deo.
808 1241 890 1296 Ita
914 1255 1046 1311 ergo
1079 1242 1158 1295 ait
1198 1253 1355 1294 sacra
1385 1238 1673 1308 Scriptura
1700 1253 1713 1290 :
1753 1255 1771 1286 ι
1805 1234 1954 1290 Dixit
1974 1243 2160 1289 autem

557 1331 825 1386 Dominus
860 1330 929 1387 ad
961 1329 1151 1385 Mosen
1215 1338 1274 1385 et
1302 1328 1488 1383 Aaron
1519 1326 1575 1379 in
1608 1333 1754 1380 terra
1794 1323 2041 1396 Egypti,
2074 1321 2161 1377 di—

556 1438 690 1479 cens
726 1423 966 1479 :Mensis
992 1422 1097 1477 iste
1129 1422 1289 1478 vobis
1320 1418 1654 1490 principium
1698 1417 1998 1483 mensium,
2042 1414 2162 1485 pri-

557 1530 683 1570 mus
705 1522 790 1571 est
810 1515 967 1570 vobis
992 1515 1051 1569 in
1073 1512 1358 1569 mensibus
1375 1511 1528 1565 anni.
1557 1509 1810 1579 Loquere
1838 1507 1906 1563 ad
1939 1521 2163 1562 onmem

554 1609 1041 1680 congregationem
1095 1606 1338 1661 filiorum
1389 1603 1557 1659 lsrael
1584 1643 1599 1668 ,
1651 1602 1845 1657 dicens
1886 1618 1899 1654 :
1940 1600 2162 1655 Decima

557 1698 767 1753 mensis
792 1698 959 1769 hujus
992 1696 1230 1766 accipiat
1253 1691 1639 1763 unusquisque
1680 1701 1882 1761 agnum
1915 1704 2016 1759 per
2056 1687 2158 1743 do-

556 1807 678 1848 mos
696 1790 1051 1855 familiarum,
1071 1803 1273 1859 agnum
1296 1802 1396 1858 per
1416 1785 1665 1840 domum.
1686 1782 1949 1840 Siautem
1998 1782 2156 1852 pauci

556 1884 763 1955 fuerint
795 1882 892 1954 qui
939 1882 998 1937 in
1041 1881 1243 1947 domo,
1282 1886 1346 1934 ut
1394 1894 1507 1934 non
1550 1875 1893 1933 sufﬁcientes
1936 1874 2044 1929 sint
2091 1873 2160 1929 ad

552 1992 775 2047 agnum,
798 1982 1043 2030 assumet
1061 1988 1252 2029 secum
1266 1971 1511 2028 vicinum
1539 1968 1851 2039 proximum
1871 1981 2033 2021 suum
2059 1965 2153 2019 τ’.»

552 2070 718 2141 266
743 2068 954 2125 Deinde
1006 2081 1142 2122 vero
1197 2080 1323 2120 cum
1372 2061 1653 2118 deﬁnierit
1691 2057 1972 2130 quomodo
2012 2057 2159 2112 acci-

553 2162 790 2233 piendus
805 2162 878 2217 sit
897 2175 1092 2231 agnus,
1117 2157 1427 2230 praescribit
1452 2169 1646 2210 rursus
1685 2152 1867 2223 qualis
1903 2166 2025 2206 esse
2060 2149 2158 2205 de-

554 2256 701 2319 beat,
742 2255 874 2310 item
912 2252 1141 2323 quando
1191 2259 1248 2306 et
1293 2247 1574 2320 quomodo
1619 2247 1692 2302 sit
1741 2242 2154 2299 immolandas:

561 2368 579 2397 ι
624 2347 710 2402 Sit
743 2346 913 2411 enim,
944 2345 1143 2415 inquit,
1170 2356 1346 2414 agnus
1379 2339 1683 2411 perfectus,
1720 2335 2024 2400 masculus,
2056 2334 2160 2388 im-

554 2439 883 2503 maculatus,
901 2437 1194 2493 anniculus
1219 2435 1329 2492 erit
1353 2433 1534 2499 vobis,
1561 2432 1632 2487 ab
1655 2430 1814 2501 agnis
1844 2438 1902 2485 et
1935 2428 2006 2484 ab
2046 2427 2157 2482 ha:-

554 2530 640 2584 dis
674 2529 980 2599 accipietis,
1006 2536 1063 2583 et
1080 2528 1189 2582 erit
1209 2525 1369 2580 vobis
1396 2532 1652 2580 servatus
1676 2537 1854 2591 usque
1874 2520 1958 2575 'ad
1984 2535 2153 2589 quar-

555 2630 663 2675 tam
691 2620 960 2676 decimam
1013 2617 1221 2673 mensis
1271 2616 1441 2687 hujus
1482 2632 1496 2668 :
1532 2621 1591 2669 et
1618 2610 1985 2667 immolabunt
2025 2624 2154 2665 cum

552 2713 731 2767 mannis
754 2710 1050 2766 multitudo
1072 2704 1522 2780 congregationis
1568 2704 1811 2759 ﬁliorum
1862 2700 2032 2757 lsrael
2084 2700 2151 2756 ad

555 2819 857 2875 vesperam.
900 2802 972 2857 Et
1009 2800 1285 2874 accipient
1326 2797 1397 2853 de
1435 2793 1739 2867 sanguine,
1773 2802 1829 2848 et
1852 2799 2061 2864 ponent
2096 2791 2152 2846 in

551 2898 769 2953 duobus
792 2896 1064 2968 postibus,
1088 2903 1146 2950 et
1191 2906 1361 2962 super
1380 2889 1551 2944 limen
1575 2888 1632 2942 in
1662 2884 1922 2942 domibus
1951 2885 2006 2939 in
2023 2883 2151 2954 qui-

553 2990 658 3044 bus
695 2986 1044 3043 comederint
1091 2984 1183 3038 illa
1235 2982 1291 3036 in
1334 2980 1586 3051 ipsis:et
1618 2975 1917 3034 comedent
1952 2989 2154 3031 carnes

554 3080 658 3134 hac
682 3088 845 3133 nocte
867 3089 1021 3131 asses
1045 3075 1180 3146 igni,
1208 3081 1263 3127 et
1310 3084 1501 3142 azyma
1533 3084 1660 3125 cum
1710 3067 1903 3123 herbis
1944 3066 2152 3123 amaris

2269 589 2396 653 τοὺς
2427 589 2860 663 ἐξειλεγμένους,
2881 593 3072 667 ἀγάπη
3105 598 3173 666 τῇ
3200 597 3290 651 διὰ
3320 599 3722 675 schemas-tm,
3745 608 3826 661 τὸν

2268 680 2358 733 ἐπὶ
2393 680 2488 735 τοῦ
2515 680 2711 753 Πάσχα
2737 683 2903 754 νόμον
2932 685 3188 741 διετύπου
3215 686 3369 752 Θεόςο
3404 691 3569 744 καὶτὸ
3595 693 3686 747 τοῦ
3709 697 3825 769 Χρι-

2268 772 2398 827 στοῦ
2434 776 2735 848 μυστήριον
2776 779 3351 850 προαποπεραίνεσοαι
3391 782 3492 853 τῆς
3540 784 3700 858 ὀργῆς
3736 793 3827 861 μά-

2267 864 2337 917 λα
2392 869 2757 938 προστέταχε.
2808 862 2974 923 Διόὗ
3020 870 3185 925 πάλιν
3237 873 3504 943 παρέσται
3559 880 3713 943 νοεῖν,
3763 890 3828 947 ὡς

2265 956 2417 1011 ἔστιν
2451 960 2744 1031 ἀμήχανον
2783 961 2873 1017 διὰ
2907 962 3155 1027 Μωσέως
3184 964 3219 1037 ἢ
3244 965 3414 1035 νόμου
3464 974 3827 1042 καταργεϊσυειι

2266 1049 2520 1105 θάνατον.
2557 1052 2834 1125 Ἐξίστησι
2858 1054 2916 1108 δὲ
2948 1054 3042 1109 τὸν
3070 1055 3399 1130 ὀλοθρευτὴν
3426 1059 3489 1112 τὸ
3516 1060 3687 1130 τίμιον
3709 1062 3827 1136 αἷμα

2263 1140 2361 1196 τοῦ
2390 1142 2655 1214 Χριστοῦ,
2689 1145 2786 1199 καὶ
2827 1146 3161 1202 ἀπαλλάττει
3195 1147 3402 1221 φθορᾶς
3429 1153 3555 1216 τοὺς
3592 1154 3829 1227 ἡγιασμέ-

2272 1254 2410 1301 νους.
2437 1236 2559 1306 Ζωὴ
2584 1237 2691 1309 γάρ
2725 1238 2877 1292 ἐστιν
2900 1240 2964 1293 ὲκ
2986 1238 3157 1310 ζωῆς,
3182 1243 3274 1294 καὶ
3298 1242 3434 1307 Θεὸς
3462 1243 3569 1299 τῶν
3597 1244 3739 1310 ὅλων,
3764 1249 3827 1312 ὡς

2263 1329 2398 1395 Θεὸς
2428 1330 2494 1383 ὲκ
2516 1328 2676 1386 Θεοῦ.
2704 1329 2850 1403 Ἔφη
2883 1332 3063 1386 τοίνυν
3093 1327 3195 1389 ὦδε
3221 1333 3285 1387 τὸ
3316 1334 3557 1407 Γράμμα
3582 1337 3642 1391 τὸ
3672 1341 3822 1411 ἱερόν·

2270 1436 2291 1474 ι
2315 1423 2426 1476 Καὶ
2462 1417 2586 1476 εἶπε
2633 1422 2841 1495 Κύριος
2885 1424 3026 1495 πρὸς
3069 1425 3278 1495 Μωσῆν
3303 1427 3398 1480 καὶ
3438 1428 3644 1501 Ἀαρὼν
3687 1432 3739 1484 ἐν
3766 1436 3825 1503 γῇ

2265 1513 2566 1583 Αἰγύπτου,
2601 1514 2806 1584 λέγων’
2848 1516 2908 1568 Ὀ
2947 1517 3056 1588 μὴν
3095 1509 3254 1581 οὗτος
3303 1519 3431 1589 ὑμῖν
3471 1520 3611 1593 ἀρχὴ
3646 1523 3824 1593 μηνῶν,

2262 1604 2482 1677 πρῶτος
2505 1606 2636 1676 ὑμῖν
2662 1607 2811 1660 ἐστιν
2838 1608 2898 1660 ὲν
2936 1610 3050 1671 τοῖς
3084 1610 3220 1679 μησὶ
3249 1608 3346 1664 τοῦ
3373 1611 3639 1667 ἐνιαυτοῦ.
3666 1615 3824 1685 Λάλη-

2265 1710 2356 1749 σον
2395 1696 2533 1767 πρὸς
2578 1697 2761 1750 πᾶσαν
2802 1697 3130 1769 συναγωγὴν
3177 1699 3313 1755 υίῶν
3358 1702 3599 1775 Ἰσραὴλ,
3644 1703 3820 1772 λέγων·

2263 1789 2345 1862 Τῇ
2392 1790 2599 1863 δεκάτῃ
2652 1792 2748 1846 τοῦ
2803 1794 2972 1864 μηνος
3027 1793 3222 1848 τούτου
3274 1795 3590 1852 λαϐέτωσαν
3626 1798 3823 1865 tum;

2263 1882 2539 1970 πρόϐατον
2562 1885 2685 1939 κατ’
2710 1885 2895 1949 οἴκους
2929 1887 3197 1958 πατριῶν,
3215 1889 3487 1961 πρόϐατον
3514 1894 3628 1946 κατ’
3651 1894 3820 1949 οἰκίαν.

2275 1977 2401 2031 Ἐάν
2429 1976 2487 2031 δὲ
2516 1978 2789 2047 όλιγοστοὶ
2820 1972 2953 2033 ὦσιν
2982 1982 3031 2034 oi
3060 1982 3118 2034 ὲν
3149 1985 3217 2055 τῇ
3250 1984 3421 2056 οἰκίᾳ,
3445 1985 3522 2049 ὡς
3543 1985 3614 2057 μὴ
3636 1987 3823 2052 ἱκανοὺς

2260 2064 2401 2122 εἶναι
2428 2070 2508 2133 είς
2533 2069 2831 2141 πρόϐατον,
2858 2070 3091 2141 λήψεται
3125 2072 3244 2144 μεθ’
3267 2075 3471 2130 ἑαυτοῦ
3513 2077 3602 2131 τὸν
3633 2078 3823 2147 γείτονα

2258 2162 2351 2216 τὸν
2380 2163 2609 2232 πλησίον
2639 2164 2826 2218 αὐτοῦ.
2854 2182 2872 2213 ι
2899 2160 3034 2219 Εἶτα
3063 2167 3265 2238 χρῆναι
3296 2167 3485 2222 λαδεῖν
3511 2170 3820 2242 ὁρισάμενος.

2257 2254 2630 2308 ὲπιδιατάττει
2665 2255 2830 2308 πάλιν
2880 2256 3067 2310 ὁποῖον
3103 2256 3169 2329 δὴ
3203 2253 3345 2313 εἶναι
3376 2261 3640 2332 προσήκει
3662 2261 3718 2313 τὸ
3743 2260 3821 2314 θῦ-

2260 2363 2360 2416 μα,
2386 2346 2629 2415 ὁπηνίκα
2653 2363 2713 2400 τε
2748 2347 2843 2400 καὶ
2873 2348 3023 2413 ὅπως
3055 2349 3463 2421 ίερουργεῖσθαι
3486 2352 3682 2424 δεήσει.
3708 2354 3822 2406 «Τέ-

2257 2436 2401 2491 λειον
2426 2437 2556 2509 γὰρ,
2590 2439 2776 2508 φησὶν,
2809 2439 3065 2510 ἄμωμον,
3094 2441 3368 2497 ἐνιαύσιον
3397 2444 3547 2500 ἔσται
3577 2446 3714 2515 ὑμῖν,
3734 2447 3822 2499 ἀπὸ

2255 2528 2369 2582 τῶν
2401 2530 2591 2600 ἀμνῶν
2613 2530 2710 2584 καὶ
2742 2532 2851 2584 ἀπὸ
2882 2531 2991 2585 τῶν
3021 2533 3226 2604 ἐρίφων
3272 2534 3536 2608 λήψεσθε,
3577 2539 3663 2592 καὶ
3695 2539 3821 2592 ἔσται

2258 2618 2386 2687 ὑμῖν
2427 2619 2891 2692 διατετηρημένον
2948 2622 3056 2687 ἕως
3105 2628 3701 2700 τεσσαρεσκαιδεκάτης
3744 2628 3821 2682 τοῦ

2256 2709 2428 2782 μηνὸς
2442 2709 2660 2765 τούτου.
2685 2712 2795 2765 Kal
2811 2712 3110 2780 σφάξουσιν
3135 2717 3271 2771 αὐτὸ
3296 2721 3411 2775 πᾶν
3425 2720 3489 2776 τὸ
3504 2720 3696 2792 πλῆθος
3718 2738 3823 2776 συν-

2253 2801 2482 2873 αγωγῆς
2525 2802 2660 2857 υἱῶν
2696 2804 2915 2876 Ἰσραὴλ
2957 2808 3093 2881 πρὸς
3134 2810 3410 2882 ἑσπέρανο
3459 2814 3553 2868 καὶ
3596 2813 3821 2884 λήψονται

2251 2893 2362 2947 άπὸ
2381 2892 2477 2947 τοῦ
2500 2893 2875 2965 αῐματος,-καὶ
2895 2896 3158 2968 θήσουσιν
3188 2901 3283 2955 ἰπὶ
3309 2902 3426 2957 τῶν
3454 2903 3548 2957 δύο
3579 2903 3819 2974 σταθμῶν,

2254 2985 2348 3038 καὶ
2369 2983 2464 3039 ἐπὶ
2487 2986 2588 3057 τὴν
2619 2985 2780 3055 cp).th
2811 2988 2870 3041 ὲν
2903 2992 3015 3055 τοῖς
3046 2993 3221 3057 οἴκοις
3239 2995 3299 3047 ιν
3338 2989 3422 3061 οἷς
3447 2997 3683 3067 φάγωσιν
3702 2996 3821 3049 αὐτὰ

2253 3076 2313 3129 ὲν
2340 3076 2546 3141 αὐτοῖς.
2587 3078 2699 3131 Καὶ
2724 3078 2990 3148 φάγονται
3029 3081 3096 3135 τὰ
3129 3085 3272 3155 κρέα
3309 3085 3375 3139 ἐν
3400 3089 3465 3158 τῇ
3489 3087 3649 3143 νυκτὶ
3671 3086 3820 3158 ταύτῃ

551 3169 865 3225 comedent.
896 3166 1016 3222 Non
1040 3161 1344 3219 comedetis
1366 3160 1438 3216 ab
1459 3159 1542 3215 eis
1562 3158 1820 3222 crudum,
1852 3173 2034 3228 neque
2058 3172 2152 3212 co-

2257 3168 2397 3223 όπτὰ
2414 3168 2566 3240 πυρὶ,
2588 3169 2680 3223 καὶ
2693 3169 2880 3242 άζυμα
2892 3172 2986 3226 ἐπὶ
3010 3175 3276 3246 πικρίδων
3291 3176 3522 3232 ἔδονται.
3539 3180 3649 3232 οὐκ
3664 3177 3818 3230 ἐδεσθε

550 3271 701 3318 ctum
725 3262 780 3315 in
804 3274 966 3337 aqua,
999 3258 1097 3313 sed
1132 3263 1348 3310 tantum
1379 3267 1501 3309 assa
1522 3252 1658 3323 igni,
1692 3261 1859 3323 caput
1888 3267 2017 3306 cum
2049 3266 2147 3322 pe-

552 3354 716 3409 dibus
745 3360 802 3407 et
837 3350 1136 3406 intestinis.
1179 3349 1301 3404 Non
1348 3346 1679 3417 relinquetis
1700 3361 1771 3402 ex
1801 3345 1938 3416 ipsis
1972 3361 2148 3416 usque

551 3445 622 3500 ad
663 3460 843 3509 mane,
871 3451 928 3498 ct
966 3457 1031 3497 os
1055 3458 1163 3497 non
1188 3439 1545 3511 confringetis
1564 3439 1738 3493 abeo.
1770 3439 1840 3493 At
1871 3439 2062 3494 relicta
2079 3454 2148 3494 ex

551 3554 620 3593 eo
664 3552 839 3607 usque
879 3536 946 3591 ad
998 3549 1181 3598 mane,
1231 3533 1355 3603 igne
1392 3530 1735 3587 comburetis
1752 3531 1818 3584 ⁸⁸.
1854 3550 1871 3582 ι
1899 3530 2149 3586 Ροειιιωο

552 3640 739 3686 autem
763 3626 1324 3698 ostenditlegislator,
1354 3625 1449 3696 qui
1474 3624 1699 3679 habitus
1727 3623 1923 3679 deceat
1953 3624 2148 3679 comi-

554 3735 671 3787 vas,
695 3729 753 3777 et
780 3720 944 3775 docet
977 3733 1089 3789 quo
1122 3724 1284 3793 pacto
1316 3724 1536 3788 paratos
1583 3716 1997 3786 instructosque
2026 3729 2149 3771 esse

550 3819 828 3883 Oporteat,
858 3810 954 3880 qui
988 3810 1094 3863 hoc
1132 3808 1542 3864 sanctissimum
1578 3806 1894 3862 convivium
1925 3806 2146 3861 adeant.

551 3889 812 3961 Aitenim
843 3920 855 3956 :
886 3921 904 3953 ι
938 3901 1030 3957 Sic
1070 3910 1257 3955 autem
1276 3899 1556 3956 comedite
1605 3898 1764 3954 illum
1791 3916 1806 3965 ;
1832 3898 1947 3953 sint
1966 3897 2146 3953 lumbi

554 3997 729 4052 vestri
760 3994 1066 4066 praecincti,
1101 4001 1159 4048 et
1192 3993 1566 4048 caleeamenta
1593 3992 1650 4046 in
1669 3990 1909 4061 pedibus
1926 3989 2150 4055 vestris,

551 4097 612 4144 et
630 4086 812 4141 baculi
830 4087 888 4140 in
926 4085 1184 4140 manibus
1221 4084 1443 4149 vestris,
1469 4093 1528 4138 et
1544 4081 1851 4138 comedetis
1873 4097 2003 4137 eum
2023 4097 2151 4137 cum

554 4179 928 4235 festinatione.
960 4177 1167 4233 Pascha
1204 4176 1356 4232 enim
1387 4185 1473 4247 est
1517 4174 1737 4230 Domini
1757 4173 1827 4230 ⁸⁸.
1864 4193 1884 4226 ι
1929 4174 2155 4247 Iuvabit

553 4281 737 4329 autem
755 4288 874 4338 eos,
904 4272 948 4327 si
974 4280 1099 4342 apte
1122 4270 1369 4326 declaret
1401 4268 1765 4340 quamobrem
1807 4269 1913 4323 ista
1952 4268 2153 4323 immo-

554 4362 689 4424 latio
712 4362 785 4418 sit
817 4362 1071 4417 instituta
1097 4378 1109 4414 :
1154 4378 1173 4410 ί
1202 4360 1273 4414 Ει
1312 4358 1584 4422 transibo,
1615 4358 1714 4424 ait,
1746 4366 1949 4412 terram
1985 4355 2154 4429 Egy-

2250 3262 2349 3316 aur
2372 3260 2553 3314 αὐτῶν
2596 3261 2769 3333 ὠμὸν,
2800 3264 2920 3317 οὐδὲ
2948 3265 3222 3337 ὲψημένον
3249 3269 3311 3322 ὲν
3356 3269 3531 3335 ὕδατι,
3568 3270 3675 3325 ἀλλ’
3701 3269 3817 3323 ὀπτὰ

2250 3351 2407 3422 πυρὶ,
2429 3351 2670 3422 κεφαλὴν
2703 3356 2802 3408 σὺν
2825 3357 2937 3419 τοῖς
2967 3358 3117 3423 ποσὶ,
3149 3360 3244 3413 καὶ
3272 3363 3387 3424 τοῖς
3408 3362 3706 3425 ὲνδοσθίοις.
3724 3359 3817 3412 Οὐκ

2249 3443 2572 3512 ἀπολείψετε
2593 3445 2689 3498 ἀπ’
2726 3446 2892 3501 αὐτοῦ
2914 3448 2998 3512 είς
3015 3448 3076 3503 τὸ
3103 3450 3274 3521 πρωῒ,
3297 3454 3394 3507 καὶ
3431 3454 3616 3509 ὀστοῦν
3634 3454 3690 3508 οὐ
3710 3468 3816 3505 συντ

2250 3535 2475 3607 τρίψετε
2503 3537 2599 3590 ἀπ’
2635 3538 2829 3592 αὐτοῦ.
2870 3540 2953 3595 Τὰ
2980 3540 3039 3594 δὲ
3068 3542 3516 3617 καταλειπόμενα
3552 3548 3643 3600 ἀπ’
3676 3542 3815 3600 αὑτοῦ

2251 3627 2356 3691 ἓως
2408 3627 2576 3701 πρωῒ,
2609 3630 2986 3686 κατακαύσετε
3021 3633 3175 3706 πυρί.
3197 3654 3216 3686 ι
3264 3637 3496 3707 Ἑπάγει
3526 3638 3584 3692 δὲ
3637 3636 3816 3697 τούτοις

2255 3721 2285 3773 δ
2318 3718 2620 3792 νομοθέτης
2651 3721 2721 3776 τὰ
2757 3722 2984 3794 ἐφεξῆς,
3022 3725 3210 3781 ὁποῖόν
3247 3745 3311 3781 τε
3343 3724 3485 3784 εἶναι
3513 3730 3702 3801 πρέπει
3727 3727 3816 3799 τῷν

2250 3810 2592 3881 δαιτυμόνων
2639 3812 2701 3866 τὸ
2762 3814 2953 3884 σχῆμα
2992 3815 3287 3882 διδάσκων,
3332 3820 3429 3874 καὶ
3477 3820 3596 3875 τίνα
3641 3819 3816 3892 τρόπον

2252 3901 2680 3975 ίιξηρτισμένους
2724 3906 2825 3975 τῆς
2874 3906 3177 3978 ἱερωτάτης
3208 3909 3484 3965 ἅπτεσθαι
3509 3912 3686 3980 κοίνης
3709 3907 3817 3962 ἀκό-

2254 3992 2443 4048 λουθον
2480 3994 2770 4065 αὐτούς.νι
2812 3995 2973 4051 Οὕτω
3028 3998 3141 4069 γὰρ
3181 4000 3428 4070 φάγεσθε
3490 4003 3638 4070 αὐτὸ,
3682 3996 3814 4071 φησί’

2258 4082 2545 4137 Ἔστωσαν
2580 4083 2735 4154 ὑμῶν
2781 4087 2836 4138 αἱ
2885 4085 3088 4156 ὀσφύες
3141 4091 3605 4164 περιεζωσμέναι,
3637 4090 3723 4146 καὶ
3760 4085 3815 4140 τά

2257 4173 2583 4244 ὑποδήματα
2607 4177 2666 4228 ἐν
2696 4179 2808 4241 τοῖς
2841 4178 3003 4231 ποσὶν
3040 4179 3214 4250 ὑμῶν,
3248 4183 3349 4237 καὶ
3378 4185 3436 4238 αἱ
3467 4183 3748 4256 βακτηρίαι
3767 4179 3815 4231 ὲν

2253 4267 2377 4327 ταῖς
2407 4266 2596 4337 χερσὶν
2631 4267 2816 4338 ὑμῶν’
2850 4270 2945 4324 καὶ
2997 4269 3183 4326 ἔδεσθε
3217 4273 3354 4328 αὐτὸ
3405 4277 3545 4346 μετὰ
3585 4271 3812 4342 anei-MC.

2258 4356 2456 4427 Πάσχα
2490 4357 2602 4429 γάρ
2624 4359 2742 4413 ἔστι
2778 4362 3009 4432 Κυρίου.
3036 4381 3056 4413 ι
3105 4363 3394 4438 Ὡφελήσιι
3420 4366 3478 4422 δὲ
3508 4365 3714 4428 αὐτοὺς.
3736 4361 3814 4414 καῖ

555 4455 658 4525 pti,
697 4463 753 4509 et
781 4453 1091 4525 percutiam
1121 4465 1318 4507 omnes
1349 4450 1782 4520 primogenitum
1832 4449 1905 4505 ab
1930 4449 2155 4505 homine

2259 4448 2400 4503 κατὰ
2417 4449 2539 4503 τίνα
2557 4449 2804 4522 τρόπονή
2821 4452 2914 4506 τοῦ
2940 4443 3218 4526 προϐάτου
3233 4457 3441 4530 σφαγὴ,
3460 4457 3634 4521 καλῶς
3645 4455 3698 4509 δὲ
3714 4453 3814 4507 λίαν

557 4559 733 4617 usque
773 4546 840 4602 ad
864 4559 1055 4616 pecus,
1077 4545 1325 4614 adeoque
1365 4544 1422 4598 in
1443 4543 1704 4599 omnibus
1730 4542 1836 4598 diis
1863 4542 2149 4614 Egyptio-

2257 4542 2592 4613 ἀπογυμνῶν
2614 4559 2628 4573 ·
2663 4560 2681 4592 ο
2702 4544 2816 4599 Kal.
2841 4525 3188 4620 διελεῦσομαι
3218 4525 3290 4604 ἐν
3323 4525 3707 4623 γῇψΔίγύπτου,
3737 4545 3813 4600 καὶ

556 4654 682 4695 mm
706 4638 900 4694 faciam
936 4637 1227 4700 ultionem,
1253 4651 1356 4707 ego
1386 4633 1672 4690 Dominus.
1698 4634 1768 4688 Et
1794 4634 1902 4690 erit
1929 4635 2153 4704 sanguis

2257 4649 2368 4688 πατ
2382 4632 2498 4700 άξω
2519 4636 2630 4689 πᾶν
2657 4637 3005 4709 πρωτότοκον
3037 4640 3148 4694 ἀπὸ
3166 4641 3461 4714 ἀνθρώπου
3476 4643 3579 4706 ἕως
3590 4641 3809 4711 κτήνους.

560 4729 719 4784 vobis
748 4729 803 4782 in
830 4728 1068 4799 signum,
1102 4727 1157 4781 in
1181 4726 1459 4791 domibus,
1500 4726 1556 4780 in
1586 4725 1790 4795 quibus
1826 4741 1926 4780 vos
1972 4725 2151 4792 eritis,

2257 4723 2311 4775 ἐν
2335 4724 2470 4776 πᾶσι
2496 4726 2610 4788 τοῖς
2636 4724 2783 4790 θεοῖς
2798 4726 2907 4780 τῶν
2932 4728 3248 4797 Αἰγυπτίων
3271 4731 3486 4802 ποιήσω
3499 4728 3595 4800 τὴν
3618 4725 3810 4791 ἐκδίκη-

560 4821 675 4877 illic
714 4828 772 4876 et
804 4819 1008 4875 videbo
1032 4819 1376 4891 sanguinem,
1418 4826 1478 4873 et
1500 4825 1783 4888 protegam
1810 4831 1933 4883 vos,
1958 4825 2017 4873 et
2041 4833 2151 4873 non

2257 4831 2357 4867 συν
2378 4813 2490 4883 ἐγὼ
2506 4816 2734 4890 Κύριος.
2759 4819 2869 4871 Kal.
2889 4818 3041 4873 ἔσται
3061 4821 3191 4891 ὑμῖν
3210 4822 3267 4875 ἐν
3284 4822 3501 4893 σημείῳ
3512 4820 3571 4875 τὸ
3586 4812 3716 4887 αἷμα
3732 4814 3810 4868 ἐπὶ

557 4915 667 4971 crit
693 4915 749 4969 in
775 4913 933 4969 vobis
952 4912 1108 4983 plaga
1130 4918 1193 4966 ut
1216 4909 1537 4974 deleamini,
1578 4907 1803 4978 quando
1824 4923 2155 4978 percussero

2257 4907 2361 4960 τῶν
2386 4908 2572 4961 οἰκιῶν
2589 4910 2618 4962 ὑ
2627 4909 2764 4980 μῶν,
2779 4912 2838 4965 ἐν
2854 4906 2941 4975 αἶς
2965 4913 3125 4984 ὑμεῖς
3138 4912 3331 4968 ἔσεσθε
3353 4916 3491 4969 ἐκεῖ.
3510 4914 3616 4966 Kal.
3634 4909 3809 4979 όψομαι

561 5018 767 5063 terram
801 5005 1016 5079 lﬁgypti
1040 5006 1107 5059 ’°.
1142 5025 1162 5057 ι
1212 5003 1427 5060 Deinde
1462 5016 1655 5056 rursus
1684 5019 1696 5053 :
1742 5018 1760 5052 ι
1792 4998 1898 5055 Per
1941 5007 2153 5069 septem

2257 5002 2313 5055 τὸ
2351 4995 2512 5072 αἷμα,
2558 5004 2655 5057 καὶ
2684 5005 2953 5059 σκεπάοω»
2972 5007 3139 5076 ὑμᾶς,
3168 5007 3261 5061 καὶ
3307 5007 3410 5061 οὐκ
3442 5007 3591 5059 ἔσται
3621 5006 3676 5056 ἐν
3700 4998 3808 5068 ὑμῖν

558 5097 698 5162 dies,
724 5099 821 5163 ait,
844 5097 1147 5153 comedetis
1163 5110 1371 5168 azyma.
1396 5094 1455 5148 in
1476 5092 1659 5163 primo
1675 5090 1767 5147 die
1792 5090 2153 5147 submovcbi—

2257 5093 2440 5166 πληγὴ
2468 5094 2563 5148 τοῦ
2582 5095 2930 5168 ὲκτριὸἧναι,
2957 5098 3086 5152 ὅταν
3128 5098 3278 5153 παίω
3301 5100 3360 5152 ὲν
3383 5102 3455 5171 γῇ
3496 5096 3770 5166 Αἰγύπτου.
3786 5104 3803 5135 ι

542 5191 632 5274 _'tis
647 5190 976 5247 fermentum
996 5208 1028 5246 e
1050 5190 1312 5245 domibus
1325 5186 1528 5242 vestris
1543 5187 1643 5239 ³⁸.»
1676 5184 1741 5241 Et
1761 5191 1967 5239 statuta
1989 5199 2152 5254 poena

2257 5177 2389 5237 Εἶτα
2410 5185 2576 5239 πάλιν
2595 5186 2715 5255 μεθ’
2732 5185 2918 5257 ἓτεραο
2944 5208 2963 5239 ι
2990 5187 3162 5242 Ἑπτὰ
3186 5190 3403 5262 ἡμέρας
3429 5188 3608 5243 ἔδεσθε
3626 5185 3804 5251 ἄζυμα.

557 5297 752 5337 eorum
773 5282 866 5352 qui
892 5280 1375 5352 transgrediuntur
1398 5279 1541 5335 hanc
1568 5278 1767 5348 legem,
1803 5275 1997 5331 addit:
2035 5294 2052 5325 ι
2086 5274 2155 5330 Et

2257 5277 2439 5347 φησὶν,
2460 5276 2571 5330 ἀπὸ
2595 5277 2652 5332 δὲ
2688 5278 2789 5349 τῆς
2835 5280 3083 5351 πρώτης.
3118 5283 3404 5350 ἀφανιείτε
3434 5282 3609 5353 ζύμην
3634 5282 3693 5332 ὲκ
3716 5273 3806 5327 τῶν

561 5373 774 5442 primus
790 5372 912 5428 dies
926 5372 1217 5428 vocabitur
1242 5382 1484 5436 sanctus,
1500 5379 1557 5427 et
1579 5370 1712 5425 item
1741 5369 1862 5424 dies
1884 5369 2152 5439 septimus

559 5459 667 5514 erit
698 5460 857 5515 vobis
891 5468 1114 5516 sanctus
1135 5463 1202 5514 "t
1234 5480 1251 5510 ι
1270 5461 1535 5516 Divinum
1556 5459 1779 5529 quidem
1803 5459 2044 5530 elogium
2074 5459 2149 5514 ita

562 5551 749 5608 habet.
789 5552 900 5607 Nos
931 5562 1112 5610 autem
1159 5568 1383 5611 rursum
1403 5552 1732 5609 conabimur
1759 5566 1921 5607 suum
1949 5552 2152 5623 cuique

560 5659 782 5700 sensum
803 5645 1222 5702 convenientem
1246 5644 1615 5719 particulatim
1636 5643 2151 5710 accommodare,si—

563 5736 942 5807 gniﬁcatorum
957 5739 1066 5794 vim
1080 5738 1434 5795 multifariam
1450 5738 1518 5793 ad
1528 5737 1811 5793 Christum
1825 5735 2146 5793 referentes.

2246 5367 2442 5421 οἰκιῶν
2466 5368 2642 5439 ὑμῶν.
2669 5388 2689 5421 ι
2731 5372 2841 5425 Kal
2861 5371 2960 5443 τὴν
2974 5372 3070 5426 τοῦ
3107 5374 3537 5444 παραϐαίνοντος
3563 5366 3805 5441 τιμωρίαν

2248 5462 2595 5532 ὁρισάμενος,
2624 5463 2869 5533 ἐπιλέγει
2889 5465 3069 5519 πάλινο
3114 5484 3133 5518 ι
3163 5467 3273 5520 Kal.
3306 5467 3339 5538 ἡ
3367 5467 3550 5537 ἡμέρα
3577 5466 3608 5531 ἡ
3640 5461 3803 5531 πρώτη

2250 5552 2576 5623 κεκλήσεται
2607 5556 2762 5624 aria,
2796 5561 2892 5611 καὶ
2924 5560 3107 5633 ἡμέρα
3153 5564 3185 5633 ἡ
3224 5561 3450 5632 ἑϐδόμη.
3485 5558 3649 5627 κλητὴ
3690 5548 3803 5615 ἁγία

2249 5644 2403 5699 ἔσται
2438 5647 2589 5716 ὑμῖν.
2616 5666 2634 5698 ι
2675 5649 2749 5701 Τὸ
2797 5649 2897 5720 μὲν
2943 5650 3006 5721 δὴ
3055 5652 3196 5707 θεῖον
3248 5652 3429 5721 λόγιον
3462 5651 3626 5711 οὕτως
3680 5645 3799 5712 ἔχει’

2248 5737 2550 5802 διελθόντες
2599 5740 2656 5793 δὲ
2692 5740 2854 5796 πάλιν
2907 5744 3011 5797 άνὲ
3056 5745 3222 5818 μέρος
3268 5746 3418 5809 αὐτὸ,
3476 5745 3564 5797 τὸν
3614 5734 3801 5799 huic“?

590 5853 882 5950 ⁵⁸⁸⁷,Ειος1.
911 5874 1004 5917 xu.
1050 5856 1168 5912 l--l.
1246 5856 1290 5889 ⁸⁸
1323 5854 1493 5912 Exod.
1528 5854 1622 5921 xu',
1646 5851 1802 5908 6-10.
1880 5850 1925 5885 ⁸⁸
1949 5851 2109 5920 ibid.,
2141 5854 2155 5908 l

2304 5855 2352 5886 '°
2408 5853 2568 5922 ibid.,
2626 5855 2709 5924 12,
2755 5858 2838 5914 15.
2916 5862 2958 5891 ⁹¹
2995 5859 3155 5926 ibid,
3195 5861 3279 5915 15.
3359 5862 3402 5893 ’³
3447 5856 3596 5921 ibid,
3648 5851 3723 5905 16.
