4060 6450
331 403 437 467 421

1372 415 1902 487 GLAPHYRORUM
1944 415 2010 471 IN
2054 415 2340 472 EXODUM
2384 417 2511 473 LIB.
2559 416 2623 473 ll.

3565 424 3672 477 tea

332 532 621 604 πρέποντα
668 536 794 592 νοῦν
829 538 1143 610 ἐφαρμόσαι
1194 539 1534 612 πειράσομαι
1567 538 1698 609 Heg.
1732 533 2163 608 πειρασόμεθα],
2195 537 2297 608 τὴν
2343 537 2406 589 ἐκ
2445 537 2555 589 τῶν
2596 538 3016 609 σημαινορέιων
3048 537 3279 610 δύναμιν
3309 541 3668 613 πολυτρόπως

250 638 263 648 '
327 633 408 693 ti;
451 631 619 686 αὑτὸν
655 634 1028 707 ἀναφέροντες
1061 636 1153 689 τὸν
1182 635 1442 706 Χριστόν.

399 723 468 794 β’.
489 725 770 796 Ὀρίζεται
801 729 985 781 τοίνυν
1011 730 1070 782 ὲν
1096 729 1240 800 ἀρχῇ
1276 727 1370 782 τοῦ
1407 727 1582 791 ἔτους,
1604 727 1662 779 ὲν
1693 724 1771 796 τῷ
1798 721 1953 796 πρώ-
1985 729 2028 784 Α

319 839 402 893 τῳ
445 822 602 892 μηνὶ,
634 821 734 891 τῆς
769 822 1048 892 ἰερουγίας
1079 824 1106 876 ὁ
1141 824 1365 894 καιρός·
1405 822 1548 894 ἀρχὴ
1578 822 1690 893 γὰρ
1725 821 1946 874 πάντων

321 916 480 968 ἐστὶν
516 917 546 967 ὁ
579 915 845 986 Χριστὸς,
881 917 1006 970 ἐπεὶ
1042 916 1180 987 μηδὲ
1232 915 1546 988 πρόσφατος
1586 915 1677 969 διά
1720 932 1803 968 τοι
1842 915 1944 985 τὴν

318 1014 383 1063 ἐκ
430 1009 574 1063 Θεοῦ
614 1010 830 1081 Πατρὸς
879 1010 987 1081 πρὸ
1026 1009 1240 1064 αἰώνων
1275 1011 1552 1083 γέννησιν.
1602 1009 1851 1079 Ἀγιάζει
1877 1008 1935 1061 δὲ

316 1102 492 1166 αὐτὸς
533 1102 681 1156 κατὰ
731 1103 913 1156 πάντα
939 1103 1134 1175 χρόνον
1154 1143 1170 1166 ,
1197 1104 1268 1157 τά
1312 1105 1406 1158 ἀπ’
1446 1104 1623 1174 ἀρχῆς
1655 1102 1820 1174 μέχρι
1851 1101 1942 1156 τέ-

315 1193 472 1256 λους,
521 1193 642 1245 ἀλλ’
679 1191 870 1266 ὥσπερ
915 1195 974 1245 ἐν
1025 1194 1159 1265 μηνί
1196 1194 1305 1247 τῶν
1341 1194 1478 1247 νέων
1525 1195 1559 1264 η
1604 1183 1938 1264 πανήγυρις.

323 1307 339 1335 ι
385 1283 702 1355 Παρῴχετο
732 1285 832 1355 μὲν
861 1285 976 1356 γὰρ
1015 1287 1082 1339 τὰ
1111 1287 1332 1358 ἀρχαῖα,
1364 1306 1382 1337 ι
1411 1285 1554 1339 κατὰ
1581 1285 1680 1356 τὴν
1716 1285 1810 1338 τοῦ
1839 1302 1941 1355 μα-

314 1377 525 1448 καρίου
562 1377 777 1430 Παύλου
819 1377 1030 1448 φωνήνο
1061 1398 1078 1429 ι
1104 1379 1238 1433 Ἰδοὺ
1261 1379 1455 1448 γέγονε
1489 1378 1560 1432 τὰ
1607 1379 1787 1432 πάντα
1821 1396 1943 1432 και-

311 1469 402 1522 νά.
453 1489 470 1518 ι
513 1470 627 1521 Καὶ
681 1468 982 1523 ἀνέϐαλλεν
1023 1469 1116 1524 καὶ
1149 1470 1444 1542 ἀνθρώπου
1491 1473 1656 1541 φύσις
1698 1471 1838 1543 πρὸς
1879 1471 1940 1524 τὸ

311 1564 370 1615 ἐν
397 1564 605 1633 ἀρχαῖς
637 1564 697 1616 ἐν
730 1561 978 1634 Χριστῷ.
1015 1563 1242 1628 Δούλοις
1270 1581 1332 1630 τε
1365 1560 1518 1620 οὖσιν
1551 1564 1632 1618 ἔτι
1659 1567 1772 1628 τοῖς
1803 1567 1938 1628 υἱοῖς

322 1653 586 1727 Ἰσραὴλ.
610 1656 707 1709 καὶ
751 1654 858 1709 ὑπὸ
887 1655 1050 1728 χεῖρα
1087 1657 1392 1728 πράττουσι
1437 1657 1540 1730 τὴν
1579 1658 1935 1730 τυραννικὴν,

310 1746 465 1819 εἶχον
496 1751 609 1820 γὰρ
633 1749 715 1802 ἔτι
739 1748 838 1820 τὴν
862 1748 974 1803 τῶν
1002 1748 1345 1819 Αἰγυπτίων,
1372 1751 1444 1805 τὰ
1467 1750 1696 1806 τοιαῦτα
1726 1752 1938 1805 διετάτ-

310 1854 466 1896 τετο·
489 1842 590 1896 τοῦ
624 1842 789 1912 λόγου
825 1843 990 1898 πάλιν
1016 1844 1438 1917 αἰνιγματωδῶς
1471 1843 1932 1916 ὑπεμφαίνοντος,

313 1935 392 2009 μὴ
448 1936 517 1990 ἂν
571 1936 776 2006 ἕτερον·
813 1936 1080 1992 δύνασθαι
1120 1937 1219 2008 τὴν
1267 1934 1362 1991 τοῦ
1411 1937 1706 2009 ἀνθρώπου
1753 1936 1934 2007 ψυχὴν

307 2029 455 2100 πρὸς
507 2029 828 2101 ἐλευθερίαν
873 2029 973 2100 μὲν
1013 2029 1114 2095 τὴν
1156 2027 1216 2094 ἐξ
1251 2028 1531 2100 ἁμαρτίας
1569 2029 1930 2100 ἀναδραμεῖν,

2129 719 2184 773 2.
2211 719 2628 774 Determinatur
2679 720 2867 789 itaque
2904 720 2958 773 in
2989 721 3269 791 principio
3307 726 3460 790 anni,
3508 735 3565 782 et
3608 730 3665 783 ln

2052 813 2234 883 primo
2277 828 2468 867 mense
2504 813 2763 868 sacrificii
2814 823 3050 883 tempus.
3111 816 3458 887 Principium
3511 823 3662 876 enim

2053 905 2303 961 omnium
2346 916 2431 962 est
2453 906 2713 962 Christus
2738 908 2784 939 9‘
2822 908 2985 979 267
3023 909 3155 979 (non
3182 911 3329 964 enim
3358 927 3539 983 nuper
3561 933 3661 970 na-

2049 1009 2139 1055 tus
2181 1010 2266 1056 est
2292 1009 2520 1071 propter
2543 1010 2670 1055 ante
2720 1001 2921 1055 saecula
2945 1017 3011 1056 ex
3046 1003 3162 1056 Deo
3197 1008 3659 1074 generationem).

2044 1091 2181 1146 Nam
2222 1091 2336 1161 ipse
2361 1089 2671 1145 sanctificat
2708 1105 2798 1145 res
2835 1106 2934 1160 per
2955 1106 3118 1146 omne
3144 1100 3364 1164 tempus
3395 1095 3464 1149 ab
3498 1075 3662 1152 initio

2045 1197 2222 1252 usque
2246 1183 2314 1236 ad
2349 1182 2535 1248 finem,
2583 1183 2893 1252 prtesertim
2939 1181 3141 1236 festum
3174 1184 3228 1236 in
3256 1201 3445 1242 mense
3492 1204 3662 1242 novo—

2045 1289 2187 1326 rum.
2216 1295 2232 1320 ι
2259 1275 2455 1328 Vetera
2486 1273 2632 1326 enim
2657 1273 3072 1343 praeterierunt,
3098 1292 3114 1322 ι
3135 1273 3289 1343 juxta
3314 1275 3460 1330 beati
3505 1278 3660 1332 Pauli

2043 1365 2255 1420 dictum
2283 1367 2329 1398 ’τ’
2361 1385 2373 1420 :
2419 1386 2437 1417 ‹
2478 1367 2618 1421 Ecce
2649 1381 2792 1420 nova
2831 1367 2974 1420 facta
3011 1377 3142 1422 sunt
3175 1368 3380 1422 omnia.
3426 1390 3444 1421 ›
3474 1371 3542 1426 Et
3571 1388 3659 1425 re-

2043 1457 2232 1512 ﬂoruit
2265 1459 2509 1514 hominis
2534 1467 2730 1513 natura
2753 1459 2821 1514 ad
2847 1460 2952 1514 hoc
2977 1459 3127 1530 quod
3152 1459 3256 1514 fuit
3286 1459 3340 1515 in
3383 1463 3662 1534 principio

2041 1552 2098 1606 in
2125 1551 2368 1607 Christo.
2397 1553 2578 1623 Atque
2600 1552 2890 1618 lsraelitis,
2920 1569 3048 1608 cum
3077 1553 3262 1608 adhuc
3279 1555 3425 1609 servi
3451 1568 3658 1622 essent,

2040 1653 2098 1701 et
2136 1646 2240 1701 sub
2294 1647 2581 1718 tyrannica
2634 1655 2911 1716 potestate
2949 1647 3216 1718 degerent
3244 1648 3660 1720 (detinebantur

2039 1739 2189 1793 enim
2237 1739 2342 1793 sub
2395 1737 2712 1810 Algyptiis),
2749 1739 2869 1794 haec
2923 1739 3409 1811 praecipiebantur,
3451 1742 3662 1815 signiﬁ-

2039 1839 2202 1885 cante
2245 1831 2409 1885 nobis
2446 1847 2666 1884 rursum
2699 1831 2933 1902 figurate
2968 1847 3248 1897 sermone,
3285 1834 3494 1890 nullam
3534 1836 3658 1890 ani-

2038 1938 2185 1976 mam
2203 1937 2368 1992 posse
2389 1923 2550 1976 aliter
2568 1923 2806 1978 evadere
2828 1933 3119 1993 peceatum
3142 1925 3209 1979 ad
3237 1926 3577 1992 libertatem,
3602 1937 3660 1982 et

2037 2014 2246 2070 diaboli
2271 2016 2618 2088 tyrannidem
2645 2015 2914 2087 effugere,
2939 2017 3274 2088 civitateque
3292 2031 3532 2089 superna
3559 2020 3658 2076 do-

305 2123 412 2192 τὴν
453 2122 511 2175 δὲ
563 2121 661 2174 τοῦ
699 2122 954 2175 διαϐόλου
993 2120 1314 2186 πλεονεξίαν
1349 2123 1690 2191 ἀποφυγεῖν,
1726 2121 1819 2174 καὶ
1851 2122 1930 2184 είς

2035 2107 2492 2171 nari,liberatam
2530 2106 2601 2161 ab
2631 2108 2798 2179 hujus
2830 2107 3022 2162 mundi
3063 2111 3506 2178 conversatione,
3547 2112 3657 2167 nisi

304 2215 411 2286 τὴν
443 2215 561 2270 ἄνω
585 2215 843 2283 γενέσθαι
876 2215 1030 2268 πόλιν
1057 2215 1166 2269 ἀπὸ
1189 2215 1286 2286 τῆς
1310 2215 1368 2268 ἐν
1404 2215 1597 2285 κόσμῳ
1618 2213 1928 2286 διατριϐῆς,

303 2308 356 2360 εἰ
398 2305 480 2378 μὴ
513 2305 608 2358 διὰ
641 2305 742 2375 τῆς
774 2305 871 2359 τοῦ
915 2306 1158 2376 Χριστοῦ
1193 2306 1431 2378 μετοχῆς
1479 2307 1574 2360 καὶ
1619 2305 1926 2378 φιλανθρω-

303 2399 469 2462 πίας,
495 2399 642 2452 κατά
674 2399 736 2452 τὸ
761 2400 1060 2472 εἰρημένον
1091 2398 1224 2472 παρ’
1251 2399 1418 2454 αὑτοῦ
1451 2399 1590 2472 πρὸς
1612 2400 1739 2465 τοὺς
1764 2401 1929 2473 ἀνοή-

302 2507 440 2552 τους
489 2489 808 2553 Ἰουδαίους·
853 2510 871 2541 ‹
916 2489 1116 2562 Ἀμὴν,
1153 2491 1301 2564 ἀμὴν
1347 2491 1491 2561 λέγω
1522 2492 1672 2564 ὑμῖν,
1699 2493 1781 2547 ἔτι
1819 2495 1929 2558 πᾶς

300 2585 331 2632 ό
365 2580 549 2634 ποιῶν
596 2579 697 2652 τὴν
738 2580 1048 2651 ἁμαρτίαν,
1083 2582 1272 2647 δοῦλός
1309 2585 1427 2637 ἐστι
1474 2585 1576 2654 τῆς
1625 2585 1924 2657 ἁμαρτίας·

298 2675 333 2727 6
366 2674 566 2738 δοῦλος
606 2676 669 2727 οὐ
704 2675 860 2747 μένει
911 2677 969 2729 ἐν
997 2680 1064 2748 τῇ
1102 2677 1253 2750 οἰκίᾳ
1283 2678 1363 2742 εἰς
1396 2679 1489 2732 τὸν
1527 2679 1724 2735 αἰῶνα·
1759 2683 1787 2734 ὁ
1813 2679 1929 2746 υίὸς

300 2769 470 2838 μένει
499 2771 582 2832 εἰς
609 2768 702 2822 τὸν
730 2767 925 2823 αἰῶνα.
969 2769 1096 2823 Ἐὰν
1126 2766 1221 2824 οὖν
1244 2772 1273 2824 ὁ
1301 2771 1415 2834 υίὸς
1446 2772 1594 2842 ὑμᾶς
1622 2772 1926 2844 ἐλευθερώ-

297 2873 402 2932 σῃ.
429 2858 610 2922 ὄντως
649 2858 932 2931 ἐλεύθεροι
962 2858 1176 2914 ἔσεσθε.
1213 2879 1232 2912 ι
1280 2860 1392 2914 Καὶ
1437 2861 1623 2915 πάλιν·
1659 2882 1677 2916 ι
1728 2863 1926 2935 Ἀμὴν,

295 2952 466 3022 ἀμὴν
489 2951 640 3020 λέγω
684 2953 836 3024 ὑμῖν,
866 2953 964 3007 ἐὰν
998 2953 1073 3024 μὴ
1106 2953 1318 3026 φάγητε
1341 2954 1442 3026 τὴν
1463 2955 1645 3028 σάρκα
1669 2956 1764 3010 τοῦ
1790 2957 1925 3011 Υἰοῦ

293 3045 405 3100 τοῦ
445 3045 771 3114 ἀνθρώπου,
805 3047 901 3100 καὶ
942 3047 1106 3118 πίητε
1140 3047 1309 3102 αὐτοῦ
1344 3047 1406 3101 τὸ
1433 3045 1595 3119 αἷμα,
1629 3050 1731 3103 οὐκ
1773 3049 1924 3121 ἔχετε

297 3138 465 3210 ζωὴν
502 3140 563 3193 ὲν
614 3140 850 3204 ἑαυτοῖς·
887 3159 905 3191 ι
951 3135 1021 3212 ἧς
1054 3140 1134 3204 εἰς
1180 3139 1354 3194 τύπον
1396 3145 1572 3195 νοοῖτο
1613 3142 1796 3208 καλῶς
1828 3146 1926 3215 τῆς

293 3231 660 3301 ἐπαγγελίας
703 3234 738 3304 ὴ
783 3233 877 3304 γῆ,
917 3234 997 3295 εἰς
1040 3233 1109 3304 ἢν
1145 3232 1206 3299 ἐξ
1250 3233 1531 3301 Αἰγύπτου
1584 3239 1926 3305 μεταχωρεῖν

293 3325 638 3396 ἠπείγοντο.
670 3325 1028 3397 Λαμϐἁνεται
1053 3327 1112 3380 δὲ
1140 3326 1202 3380 τὸ
1239 3326 1514 3399 πρόϐατον
1551 3327 1659 3380 ἀπὸ
1689 3328 1925 3401 δεκάτης

288 3419 406 3474 τοῦ
437 3420 613 3492 μηνὸς
652 3420 907 3492 ἡμέρας,
943 3409 1041 3474 καὶ
1080 3421 1424 3492 διατηρεῖται
1469 3421 1633 3493 μέχρι
1668 3421 1769 3492 τῆς
1802 3440 1927 3476 τεσ-
1954 3459 1996 3515 C

296 3513 871 3584 σαρεσκαιδεκάτης,
935 3513 1024 3566 ἵνα
1084 3512 1394 3584 σφάττηται
1455 3515 1594 3584 πρὸς
1656 3515 1920 3587 ἑσπέραν.

292 3608 426 3662 Καὶ
454 3606 552 3659 τοῦ
588 3606 653 3678 δὴ
681 3607 880 3680 χάρινς
914 3608 1031 3678 ἐρεῖ
1063 3624 1150 3670 τις
1189 3607 1379 3679 τυχόν·
1414 3607 1586 3678 βαθὺς
1621 3609 1731 3681 γὰρ
1755 3609 1923 3675 ὅντως

292 3704 330 3757 ὁ
373 3703 559 3769 λόγος.
597 3703 663 3754 Τί
702 3703 834 3774 γὰρ,
870 3703 995 3757 είπέ
1029 3721 1140 3774 μοι,
1172 3702 1466 3757 διεκώλυεν
1512 3705 1696 3777 ἡμέρᾳ
1728 3704 1924 3777 πρώτῃ

291 3794 791 3866 διαλαμϐάνεσθαι
844 3794 940 3848 τοῦ
992 3795 1197 3868 μηνός;
1253 3795 1319 3848 Τί
1365 3795 1421 3849 δὲ
1461 3795 1570 3868 ἄρα
1612 3797 1923 3867 νομοθετεῖν

291 3891 575 3946 ἀνέπεισε
621 3888 717 3942 τὸν
769 3887 904 3942 Θεὸν
946 3891 1005 3944 ἐν
1051 3891 1294 3963 ἡμέραις
1343 3890 1504 3943 πέντε
1547 3891 1922 3964 τετηρημένον

294 3983 628 4054 ἱερουργεῖν
659 3980 836 4046 οὕτως
865 3983 1002 4056 πρὸς
1030 3985 1271 4055 ἑσπέραν
1299 3985 1358 4037 τὸ
1400 3985 1545 4055 θῦμα
1572 4001 1585 4050 ;
1615 3987 1789 4040 Πέντε
1816 3988 1922 4059 γὰρ

292 4072 544 4146 ἡμερῶν
580 4073 818 4146 ἀριθμὸν
850 4075 1160 4146 εὑρήσομεν
1195 4075 1305 4130 ἀπὸ
1341 4076 1441 4146 τῆς
1474 4077 1708 4143 δεκάτης
1747 4077 1918 4148 ἀρξά-

309 4180 482 4234 μενοι
517 4164 617 4234 (l).
641 4161 748 4217 Τοῦ
783 4165 882 4235 μὲν
909 4161 1003 4219 οὖν
1037 4165 1110 4236 μὴ
1133 4167 1190 4216 ὲν
1223 4165 1406 4237 ἡμέρᾳ
1429 4167 1621 4238 πρώτῃ
1651 4167 1925 4236 λαμῦἁνε-

302 4256 446 4308 σθαι
478 4257 571 4308 τὸν
608 4258 803 4325 ἀμνονς
833 4257 945 4309 ἀλλ’
973 4259 1030 4309 ὲν
1053 4259 1118 4328 τῇ
1150 4257 1352 4328 δεκάτῃ
1382 4257 1471 4309 τοῦ
1507 4258 1693 4328 μηνὸς,
1727 4258 1924 4328 σημαί-

305 4362 434 4401 νειν
463 4345 665 4413 ἔοικεν,
685 4348 766 4402 ὅτι
790 4348 974 4402 πολλοὶ
996 4348 1349 4420 προεὸἀδιζον
1378 4349 1580 4419 χρόνοι,
1608 4349 1701 4402 καὶ
1725 4349 1923 4421 μακριί

294 4455 463 4502 τινες
491 4433 637 4510 ἦσαν
669 4441 868 4505 αἰῶνες
913 4440 962 4494 οἱ
1001 4441 1108 4514 πρὸ
1138 4442 1319 4514 ἡμῶν,
1357 4444 1479 4497 καθ’
1515 4443 1572 4497 ὃν
1605 4439 1672 4515 ἦν
1708 4445 1795 4497 ἀεὶ
1829 4444 1923 4497 mi.

297 4534 501 4599 εστιν,
547 4535 646 4587 καὶ
695 4533 852 4586 ἔσται
886 4533 1046 4598 Θεός.
1098 4535 1377 4590 Εἰσϐαίνει
1417 4536 1474 4590 δὲ
1519 4536 1719 4604 γείτων
1762 4537 1924 4602 εὐθὺς

303 4611 440 4696 μετ’
481 4625 727 4688 ἐκείνους
749 4621 887 4678 αἰὼν
920 4618 1073 4689 οὗτος
1103 4627 1130 4679 ὁ
1155 4627 1279 4684 καθ’
1321 4628 1489 4699 ἡμᾶς,
1530 4629 1606 4691 ὡς
1639 4627 1725 4681 διὰ
1756 4627 1924 4682 πενθ-

298 4715 535 4788 ημέρου
586 4717 685 4788 τῆς
733 4717 936 4789 ἀρτίως
969 4718 1100 4789 ἡμῖν
1141 4719 1442 4791 εἰρημένης
1469 4722 1610 4783 ὁδοῦ,
1642 4723 1722 4784 είς
1762 4721 1925 4775 πέντε

2034 2214 2134 2269 per
2170 2199 2300 2255 Iesu
2324 2199 2529 2254 Christi
2560 2199 3012 2256 communionem
3034 2210 3202 2272 atque
3229 2203 3656 2274 benignitatem,

2028 2293 2184 2365 juxta
2206 2293 2341 2348 illud
2367 2295 2515 2365 quod
2541 2295 2750 2350 dictum
2785 2303 2870 2350 est
2896 2296 2964 2350 ab
3005 2309 3073 2351 eo
3100 2296 3168 2351 ad
3197 2297 3526 2368 insipientes
3552 2299 3654 2354 Ju-

2033 2387 2182 2443 daaos
2208 2407 2221 2442 :
2256 2389 2483 2454 «Amen,
2507 2404 2669 2443 amen
2690 2388 2818 2444 dico
2841 2389 3003 2444 vobis
3023 2389 3172 2460 quod
3201 2391 3383 2445 omnis
3409 2393 3504 2462 qui
3524 2392 3657 2447 facit

2031 2483 2353 2552 peccatum,
2401 2493 2595 2536 servus
2637 2490 2724 2536 est
2769 2482 3006 2551 peccati.
3045 2469 3254 2538 Servus
3301 2489 3489 2538 autem
3541 2501 3654 2538 non

2031 2581 2222 2630 manet
2254 2574 2311 2628 in
2351 2573 2516 2629 domo
2555 2574 2612 2627 in
2636 2584 2907 2630 aeternum
2937 2590 2949 2628 :
2979 2568 3156 2629 Filius
3184 2584 3373 2630 manet
3403 2576 3457 2630 in
3489 2584 3653 2631 atter-

2030 2679 2186 2722 num.
2234 2667 2290 2722 Si
2341 2667 2512 2739 igitur
2549 2683 2649 2721 vos
2683 2667 2858 2722 Filius
2890 2667 3238 2734 liberaverit,
3267 2683 3460 2723 revera
3490 2669 3653 2723 liberi

2029 2757 2186 2814 eritis
2206 2757 2275 2811 9’.
2315 2776 2333 2808 ι
2375 2757 2446 2810 Et
2483 2773 2678 2811 rursus
2724 2775 2736 2810 :
2780 2776 2799 2808 ι
2850 2757 3049 2821 Amen,
3100 2771 3267 2811 amen
3313 2756 3441 2811 dico
3466 2758 3649 2824 vobis,

2029 2846 2139 2901 nisi
2174 2845 2644 2900 manducaveritis
2666 2861 2889 2900 carnem
2919 2845 3046 2900 Filii
3074 2847 3337 2910 hominis,
3357 2855 3414 2901 et
3440 2847 3654 2904 biberi-

2033 2937 2104 2992 tis
2159 2937 2332 3008 ipsius
2383 2938 2732 3008 sanguinem,
2775 2954 2885 2992 non
2937 2939 3218 2994 habebitis
3241 2939 3413 2995 vitam
3440 2941 3495 2995 in
3545 2958 3646 2997 vo—

2030 3028 2206 3084 bis”.
2249 3049 2266 3080 ι
2301 3028 2472 3100 Cujus
2502 3045 2636 3084 sane
2682 3029 2810 3083 vitae
2843 3029 3094 3108 pulcher
3124 3037 3286 3101 typus
3307 3045 3430 3088 esse
3465 3042 3650 3102 potest

2032 3128 2176 3175 terra
2198 3121 2605 3190 promissionis,
2624 3120 2677 3173 in
2697 3135 2862 3190 quam
2883 3136 2951 3175 ex
2963 3119 3198 3190 Egypto
3212 3120 3644 3177 contendebant.

2030 3213 2204 3267 Porro
2239 3228 2414 3283 agnus
2458 3211 2736 3282 accipitur
2771 3211 2990 3266 decimo
3023 3212 3232 3266 mensis
3251 3212 3364 3277 die,
3391 3221 3447 3268 et
3470 3229 3650 3268 asser-

2029 3313 2194 3360 vatur
2222 3321 2396 3376 usque
2429 3306 2498 3360 ad
2523 3305 2670 3360 diem
2708 3305 2986 3360 decimum
3019 3313 3303 3374 quartum,
3345 3314 3407 3360 ut
3435 3317 3647 3361 macte-

2034 3408 2124 3454 tur
2147 3399 2216 3454 ad
2244 3415 2556 3469 vesperam.
2591 3397 2764 3464 Quam
2782 3397 2855 3452 ob
2881 3411 2998 3452 rem
3034 3413 3166 3452 vero
3188 3398 3211 3450 ?
3233 3397 3383 3453 dicet
3411 3397 3648 3454 fortasse

2030 3492 2252 3563 aliquis.
2302 3491 2572 3547 Sublimis
2608 3507 2740 3545 sane
2778 3506 2843 3545 ac
2867 3489 3143 3560 profunda
3171 3491 3312 3544 ratio
3354 3500 3458 3545 est.
3503 3491 3647 3558 Quid

2026 3585 2210 3649 enim,
2262 3584 2496 3639 obsecro
2525 3625 2538 3648 ,
2599 3583 2937 3652 prohibebat
2981 3582 3280 3651 quominus
3334 3583 3516 3652 primo
3557 3584 3647 3638 die

2026 3676 2235 3731 mensis
2274 3683 2538 3746 acceptus
2560 3676 2678 3729 sit?
2701 3676 2812 3730 Aut
2857 3675 2991 3746 quid
3031 3676 3205 3730 movit
3233 3676 3403 3729 Deum
3439 3684 3499 3729 ut
3529 3677 3648 3745 lege

2025 3773 2287 3834 sanciret,
2312 3785 2514 3842 agnum
2542 3769 2789 3840 quinque
2824 3769 3026 3825 diebus
3054 3777 3334 3824 servatum
3368 3768 3646 3825 immolari

2028 3865 2249 3920 tandem
2281 3863 2350 3918 ad
2382 3863 2714 3933 vesperam?
2744 3861 3000 3932 Quinque
3034 3862 3183 3915 enim
3214 3862 3430 3916 dierum
3452 3877 3648 3917 nume-

2026 3975 2148 4012 rum
2178 3957 2548 4019 inveniemus,
2575 3955 2618 4010 si
2660 3970 2688 4008 a
2719 3955 2940 4009 decium
2990 3955 3323 4024 incipiamus
3346 3961 3646 4011 numerare

2025 4066 2202 4120 usque
2228 4049 2293 4103 ad
2325 4049 2602 4104 decimum
2637 4057 2920 4118 quartum.
2956 4046 3111 4113 Quod
3138 4047 3307 4116 igitur
3331 4063 3507 4116 agnus
3535 4063 3644 4102 non

2024 4146 2096 4198 sit
2125 4154 2386 4212 acceptus
2412 4143 2465 4195 in
2491 4142 2691 4210 primo,
2718 4141 2813 4194 sed
2841 4143 2894 4194 in
2931 4140 3148 4194 decimo
3181 4139 3270 4192 die
3300 4141 3527 4203 "tensis,
3558 4138 3642 4194 vi-

2025 4239 2188 4293 detur
2219 4234 2529 4305 significare
2563 4233 2711 4303 quod
2741 4234 2914 4286 multa
2944 4232 3332 4302 praecesserint
3367 4240 3642 4300 tempma,

2023 4328 2368 4399 etpraalonga
2382 4327 2630 4396 qumdatn
2659 4326 2858 4380 sreeula
2881 4325 3087 4379 fuerint
3117 4333 3242 4377 ante
3269 4331 3522 4377 nostrum
3548 4337 3641 4374 or-

2027 4432 2166 4485 tum,
2199 4420 2255 4474 in
2282 4419 2488 4489 quibus
2525 4433 2746 4486 semper
2781 4417 2902 4479 fuit,
2924 4426 2979 4470 et
3016 4425 3101 4470 est
3127 4425 3183 4469 et
3207 4416 3317 4468 erit
3348 4416 3512 4469 Deus.
3551 4415 3640 4468 ln-

2027 4513 2174 4569 cidet
2207 4521 2392 4566 autem
2440 4510 2706 4565 continuo
2740 4517 2866 4578 post
2904 4509 3011 4561 hoc
3059 4515 3311 4560 nostrum
3356 4505 3641 4568 Steeulum,

2028 4605 2178 4677 quod
2216 4614 2480 4674 tanquam
2503 4603 2753 4673 quinque
2799 4600 3016 4655 dierum
3069 4601 3176 4654 iter
3211 4599 3375 4653 modo
3409 4616 3438 4652 a
3480 4597 3644 4652 nobis

2029 4723 2259 4777 ductum
2307 4721 2364 4775 in
2404 4719 2650 4792 quinque
2691 4727 2940 4789 tempora
2988 4717 3275 4771 dividitur.
3329 4716 3442 4773 llec
3485 4718 3643 4773 valde.

303 4809 552 4882 καιροὺς
599 4809 1003 4883 διαιρούμενος.
1069 4812 1335 4883 Σαφηνιεῖ
1379 4813 1436 4866 δὲ
1488 4814 1695 4886 σφόδρα
1742 4815 1925 4879 καλῶς

2034 4814 2315 4884 eleganter
2338 4812 2499 4867 nobis
2517 4810 2825 4865 declarabit
2859 4808 3162 4864 Salvator-is
3197 4810 3478 4878 parabola,
3522 4827 3644 4878 qum

303 4903 451 4973 ἡμῖν
484 4902 548 4954 τὸ
579 4901 939 4972 ζητούμενον,
983 4903 1130 4974 ήτοῦ
1169 4903 1422 4977 Σωτῆρος
1457 4906 1764 4978 παραϐολὴ,
1798 4909 1923 4960 τοῦς

303 5010 405 5048 τον
438 4994 644 5064 ἔχουσα
689 4994 780 5048 τὸν
821 4997 1047 5067 τρόπον·
1092 5017 1110 5049 ι
1163 4997 1367 5068 Ὁμοία
1419 4999 1570 5052 ἐστὶν
1615 4999 1929 5070 ἡβασιλεῖα

302 5091 422 5144 τῶν
461 5089 715 5161 οὗρανῶν
774 5090 1054 5163 ἀνθρώπῳ
1087 5089 1467 5165 οἰκοδεσπότῃ,
1506 5093 1655 5156 ὅστις
1706 5092 1930 5163 ἐξῆλθεν

307 5180 430 5254 ἅμα
469 5181 618 5253 πρωῒ
662 5183 1045 5253 μισθώσασθαι
1093 5183 1337 5255 ἐργάτας
1377 5186 1456 5248 εἰς
1488 5185 1579 5238 τὸν
1629 5185 1931 5254 ἀμπελῶνα

308 5277 512 5330 αὑτοῦ.
545 5279 930 5349 Συμερωνήσας
963 5279 1022 5332 δὲ
1069 5278 1211 5351 μετὰ
1242 5279 1353 5332 τῶν
1390 5281 1638 5349 ἐργατῶν
1670 5282 1736 5332 ἐκ
1767 5279 1924 5349 δηναε

311 5373 436 5446 ρίου
481 5373 580 5444 τὴν
614 5374 854 5445 ἡμέραν,
898 5376 1224 5430 ἀπέστειλεν
1267 5375 1467 5440 αὐτοὺς
1499 5378 1578 5440 εἰς
1614 5377 1707 5430 τὸν
1751 5377 1931 5446 ἀμπε-

305 5466 462 5520 λῶνα
495 5464 682 5519 αὐτοῦ.
738 5467 849 5521 Καὶ
891 5465 1127 5534 ἐξελθὼν
1163 5467 1293 5538 περὶ
1341 5468 1534 5541 τρίτην
1567 5467 1738 5540 ὤραν,
1788 5465 1929 5523 εἶδεν

310 5557 514 5621 ἄλλους
551 5555 798 5624 ἑστῶτας
846 5561 903 5613 ὲν
932 5563 999 5631 τῇ
1046 5562 1222 5634 ἀγορᾷ
1255 5561 1462 5634 ἀργοὺς
1483 5601 1497 5626 ,
1542 5562 1815 5626 κάκείνοις
1845 5558 1927 5616 εἷα

316 5669 440 5704 πεν·
483 5651 762 5722 Ὑπάγετε
793 5653 889 5706 καὶ
915 5654 1075 5724 ὑμεῖς
1110 5656 1190 5719 εἰς
1222 5655 1312 5708 τὸν
1346 5654 1650 5724 ἀμπελῶνὰ
1679 5672 1802 5726 μου,
1833 5657 1926 5709 καὶ

313 5741 345 5794 ὃ
376 5743 442 5798 ἂν
522 5744 755 5807 δίκαιον,
788 5745 947 5798 δώσω
973 5747 1126 5816 ὑμῖν.
1170 5748 1231 5801 Οἱ
1265 5747 1322 5799 δὲ
1360 5746 1628 5816 ἀπῆλθον.
1664 5746 1832 5799 Πάλιν
1868 5747 1924 5799 δὲ

400 5858 445 5886 ’³
475 5855 598 5910 Col.
630 5874 669 5917 ι,
697 5853 781 5909 18.

861 5854 908 5887 ⁹¹⁵
933 5853 975 5908 ll
1006 5852 1130 5910 Cor.
1168 5870 1222 5915 v,
1259 5853 1356 5917 i7;
1390 5851 1492 5908 lsa.
1529 5873 1682 5917 um,
1712 5855 1810 5914 19;
1843 5853 1930 5924 Ap‘

2043 5869 2156 5920 nl,
2193 5853 2244 5908 5.
2316 5852 2362 5884 ’³
2387 5851 2546 5908 Joan.
2571 5867 2688 5915 vm,
2715 5850 2904 5913 ὅῦοὸϐ,

2032 4908 2105 4961 ita
2133 4907 2300 4961 habet
2332 4924 2343 4958 :
2380 4925 2395 4956 ι
2429 4903 2619 4960 Simile
2644 4912 2729 4958 est
2753 4918 2978 4974 regnum
3009 4902 3275 4956 caslorum
3305 4901 3515 4954 homini
3543 4919 3641 4969 μα·-

2029 5000 2360 5060 trifamilias.
2395 4999 2490 5070 qui
2515 4998 2684 5069 268
2722 4997 2893 5052 exivit
2933 4995 3182 5048 diluculo
3221 4995 3286 5047 ad
3322 4994 3644 5048 conducen-

2028 5092 2129 5147 dos
2152 5091 2438 5162 opcrarios
2476 5092 2530 5144 in
2568 5091 2788 5145 vineam
2817 5104 2993 5143 suam.
3025 5086 3407 5141 Conventioue
3453 5095 3643 5141 autem

2028 5187 2170 5241 facta
2201 5203 2326 5241 cum
2353 5183 2624 5256 operariis
2655 5199 2722 5237 ex
2753 5181 2982 5236 denario
3008 5181 3232 5243 diurno,
3279 5180 3430 5235 misit
3462 5197 3560 5236 eos
3586 5181 3642 5237 in

1939 5276 1953 5291 '
2029 5277 2250 5332 vineam
2297 5291 2474 5330 suam.
2538 5273 2605 5326 Et
2649 5287 2908 5342 egressus
2958 5270 3106 5325 circa
3164 5270 3360 5324 horaln
3424 5271 3644 5327 tertiam

2029 5374 2172 5428 vidit
2213 5370 2351 5424 alios
2389 5373 2602 5422 stantes
2637 5364 2848 5419 otiosos
2888 5363 2940 5418 in
2969 5363 3111 5426 foro,
3151 5373 3209 5417 et
3238 5363 3326 5419 his
3354 5359 3492 5418 dicit
3523 5381 3537 5418 :
3566 5359 3647 5418 Ite.

2027 5477 2081 5523 et
2109 5482 2208 5520 vos
2233 5465 2285 5518 in
2306 5463 2548 5526 vineam,
2572 5473 2629 5515 et
2653 5459 2803 5530 quod
2834 5460 3044 5532 justum
3073 5459 3264 5525 fuerit,
3283 5459 3428 5515 dabo
3463 5461 3644 5514 vobis.

2027 5563 2105 5618 Illi
2169 5575 2303 5615 vero
2344 5558 2626 5613 abierunt.
2686 5559 2891 5612 lterum
2943 5574 3202 5629 egressus
3235 5558 3384 5613 circa
3448 5556 3641 5610 horam

2023 5670 2232 5711 sextam
2269 5663 2325 5707 et
2367 5651 2744 5716 nonam,l‘ecit
2772 5652 3055 5706 similiter.
3083 5652 3242 5706 Circa
3290 5648 3642 5702 undecimam

2022 5756 2206 5801 autem
2251 5759 2510 5813 egressus
2561 5743 2772 5798 invenit
2798 5744 2935 5799 alios
2967 5752 3197 5805 stantes,
3237 5751 3292 5795 et
3333 5741 3467 5794 dicit
3509 5739 3590 5793 eis

2983 5847 3031 5877 "
3064 5847 3221 5900 Joan.
3256 5861 3327 5906 τι,
3373 5842 3468 5896 5i.

401 5950 473 6019 (l)
513 5945 719 6019 Supple
748 5963 810 6003 cx
835 5945 1021 6003 codice
1051 5943 1358 6012 "arheauo,
1401 5948 1493 6000 καὶ
1531 5947 1723 6016 ἐφεξῆς
1760 5947 1930 6000 cum:

2034 5946 2156 6018 ἄχρι
2188 5946 2284 6018 τῆς
2317 5942 2937 6017 τεσσαρεσκαιδεκάτης.
