4060 6440
503 390 605 447 ιεδ
1522 377 1579 432 8.
1619 372 1897 433 CYRILLI
1935 365 2406 426 ALEXANDle
2444 363 2764 422 ARCIIIEP.
3649 367 3744 427 ιιι

501 506 644 575 Quid
690 504 781 561 hie
813 502 968 561 statis
1017 509 1130 557 tota
1175 498 1264 554 die
1316 495 1521 550 otiosi?
1575 493 1777 549 Dicunt
1810 490 1862 545 ei
1896 507 1911 543 :
1949 487 2091 555 Quia

2202 483 2322 555 περὶ
2365 483 2463 553 τὴν
2498 484 2664 554 ἕκτην
2701 482 2845 554 ὥραν
2885 481 2978 543 καὶ
3012 481 3240 553 ὲννάτην
3286 478 3538 551 ἐποίησεν
3578 481 3745 537 ὡσαύ-

476 598 667 651 ’nemo
712 610 810 649 nos
838 592 1122 648 conduxit.
1157 589 1297 644 Dicit
1318 588 1399 642 eis
1431 605 1443 639 :
1475 586 1553 640 Ite
1591 595 1646 639 et
1672 598 1771 638 vos
1793 584 1849 637 in
1869 582 2086 636 vineam

2202 594 2317 639 τως.
2366 577 2501 646 Περῖ
2526 575 2581 628 δὲ
2620 575 2718 645 τὴν
2750 575 3043 645 ἑνδεκάτην
3078 572 3341 640 ἐξελθὼν,
3383 566 3539 643 εὗρεν
3570 572 3747 639 ἄλλους
3796 614 3807 625 .

511 704 687 743 meam
706 687 809 737 ⁸⁷.»
847 683 1010 740 Vides
1032 683 1088 737 in
1112 682 1221 746 his,
1257 687 1314 735 et
1334 677 1559 749 quidem
1585 675 1873 735 manifeste
1900 673 2065 728 adma

508 781 661 842 dum,
689 776 837 847 quod
864 783 1112 830 nostrum
1149 770 1407 827 mulum
1440 770 1513 825 sit
1556 768 1615 823 in
1667 767 1912 837 quinque
1958 772 2093 818 tem-

509 885 640 938 pora
660 865 966 937 partitum?
1017 864 1096 918 Ac
1136 860 1380 933 primum
1411 858 1634 930 quidem
1654 896 1669 922 ,
1718 855 2094 913 existimamus

510 956 663 1021 illud,
702 956 754 1011 in
794 970 904 1024 quo
942 952 1126 1008 adhuc
1148 948 1471 1005 versabatur
1506 948 1563 1000 in
1588 944 1840 1016 paradiso
1884 942 2095 1013 primus

508 1057 662 1118 pater
681 1045 875 1101 Adam.
897 1042 1214 1100 Secundum
1229 1050 1354 1111 post
1384 1038 1510 1104 hoc,
1545 1045 1602 1092 et
1632 1034 1803 1090 veluti
1830 1035 1883 1088 in
1906 1053 1923 1084 ι
1959 1033 2095 1087 hora

510 1137 731 1205 tertia,»
755 1135 1114 1206 signiﬁcatur,
1144 1133 1200 1187 in
1220 1146 1330 1201 quo
1352 1128 1571 1184 vivebat
1599 1127 1734 1192 Noe,
1764 1137 1824 1181 et
1847 1126 1898 1179 ci
1914 1140 2098 1195 requa-

507 1228 610 1285 les.
630 1226 899 1290 Tertium,
931 1223 1087 1294 quasi
1111 1222 1168 1276 in
1204 1240 1222 1273 ι
1253 1220 1386 1274 hora
1425 1225 1598 1281 sexta,
1628 1234 1647 1267 ι
1684 1215 1741 1269 in
1785 1231 1896 1285 quo
1934 1231 2098 1269 voca-

512 1328 602 1374 tus
627 1326 712 1375 est
734 1316 1012 1372 Abraham
1038 1313 1111 1369 ad
1132 1310 1506 1383 cognitionem
1546 1307 1795 1363 veritatis
1823 1306 1893 1360 ab
1934 1306 2100 1377 hujus

512 1408 757 1465 universi
820 1407 953 1463 Deo.
1001 1405 1271 1472 Quartum
1308 1415 1441 1456 vero
1497 1414 1690 1454 rursus
1741 1405 1995 1467 tanquam
2040 1398 2098 1452 in

522 1520 543 1551 ι
568 1500 705 1554 hora
734 1512 899 1563 nona,
931 1516 950 1548 ι
986 1505 1070 1551 est
1116 1493 1281 1550 Mosis
1322 1502 1378 1546 et
1418 1490 1833 1563 prophetarum.
1889 1508 1906 1541 ι
1938 1486 2100 1544 Circa

515 1590 902 1657 undecimam)
933 1597 1137 1650 autem,
1161 1585 1266 1640 hoc
1288 1591 1394 1649 est,
1417 1583 1609 1652 quinto
1631 1581 1852 1643 sarculo,
1876 1589 2099 1643 contra-

515 1689 607 1736 cto
635 1682 747 1751 jam
772 1676 1176 1749 quodammodo
1204 1679 1317 1742 die,
1346 1684 1400 1731 et
1431 1674 1498 1729 ad
1526 1690 1783 1730 occasum
1814 1684 2096 1745 vergente,

515 1781 634 1826 tum
673 1770 927 1827 Christus
960 1766 1225 1824 conduxit
1267 1774 1478 1839 gentes,
1507 1781 1629 1837 quae
1669 1781 1698 1820 a
1730 1766 1881 1821 nullo
1917 1765 2105 1822 hacte-

2193 666 2465 729 ἑστῶτας,
2495 666 2592 719 καὶ
2641 666 2789 734 λέγει
2842 665 3039 728 αὐτοῖς
3091 664 3155 717 Τί
3188 657 3289 715 ιῖιδε
3333 663 3598 732 ἑστήκατε
3632 664 3749 732 ὃλην

2191 759 2290 831 τὴν
2334 759 2548 831 ἡμέραν
2601 757 2791 828 άργοί;
2844 758 3108 824 Λέγουσιν
3166 753 3337 824 αὐτῷ·
3386 751 3567 814 Οὐδεὶς
3615 755 3748 825 ήμᾶς

2193 850 2561 924 ἐμισθώσατο.
2602 850 2767 917 Λέγει
2806 850 3009 912 αὐτοῖς·
3051 847 3320 916 Ὑπάγετε
3356 846 3449 899 καὶ
3488 846 3637 914 ὑμεῖς
3679 849 3751 909 εἰς

2193 944 2284 997 τὸν
2324 941 2627 1015 άμπελῶνά
2668 960 2790 1013 μου.
2830 960 2848 990 ι
2899 942 3062 1011 Ὁρᾷς
3102 938 3167 1010 δὴ
3208 933 3299 991 οῦν
3330 938 3386 990 ὲν
3432 936 3633 1001 τούτοις
3670 940 3753 991 καί

2194 1036 2315 1091 λίαν
2353 1034 2727 1107 ἐναργέστατα
2770 1034 2865 1087 κει)⁵
2897 1032 3083 1101 σαφῶς
3126 1033 3206 1097 εἰς
3253 1030 3408 1093 ὅλους
3450 1029 3605 1083 πέντε
3641 1048 3752 1083 και-

2201 1128 2328 1200 ροὺς
2364 1128 2455 1181 τὸν
2488 1126 2613 1180 καθ’
2639 1127 2787 1197 ήμᾶς
2818 1126 2990 1178 αἰῶνα
3016 1122 3345 1193 διῃρημένον
3370 1138 3384 1186 ;
3412 1121 3519 1174 Καὶ
3556 1121 3753 1192 πρῶτον

2199 1220 2299 1288 μὲν
2349 1215 2488 1272 εἶναι
2530 1216 2856 1287 λογιοῦμεθα
2876 1256 2891 1279 ,
2932 1215 3053 1269 καθ’
3079 1214 3139 1267 ὃν
3184 1209 3253 1284 ἦν
3284 1212 3363 1266 ἔτι
3384 1211 3481 1276 τὰς
3512 1214 3567 1263 ἐν
3597 1229 3755 1283 παρα-

2197 1313 2359 1384 δείσῳ
2391 1312 2674 1383 διατριϐὰς
2708 1314 2737 1365 ό
2774 1312 3077 1382 προπάτωρ
3107 1309 3246 1380 ἔχων
3298 1308 3491 1378 ’Λδάμο
3526 1307 3755 1378 δεύτερον

2196 1401 2254 1454 δὲ
2288 1404 2405 1472 μετ’
2440 1404 2647 1455 ἐκεῖνον
2691 1401 2787 1454 καὶ
2823 1399 2900 1464 ὡς
2944 1420 2963 1450 ι
3006 1397 3127 1471 ὥρᾳ
3163 1396 3324 1468 τρίτῃ
3362 1415 3379 1446 ι
3427 1394 3753 1467 δηλούμενον,

2201 1494 2320 1550 καθ’
2342 1494 2400 1547 ὃν
2426 1494 2550 1547 Νῶε
2577 1492 2672 1547 καὶ
2709 1493 2758 1546 οἱ
2799 1491 2895 1545 σὺν
2920 1491 3090 1561 αὐτῷ·
3120 1491 3304 1563 τρίτον
3340 1490 3397 1544 δὲ
3434 1490 3507 1554 ὡς
3542 1510 3560 1541 ι
3589 1492 3644 1544 ὲν
3671 1490 3752 1544 ἱκ-

2201 1606 2305 1660 τῃ,
2340 1605 2359 1638 ι
2409 1585 2530 1640 καθ’
2555 1585 2614 1639 ὃν
2666 1584 2853 1638 ἐκάλει
2898 1584 2989 1637 τὸν
3047 1584 3299 1654 Ἀϐραὰμ
3346 1585 3428 1648 εἰς
3481 1584 3757 1652 ἐπίγνωσιν

2201 1682 2301 1752 τῆς
2337 1680 2596 1753 ἀληθείας
2640 1680 2668 1731 ό
2709 1679 2801 1737 ἐπὶ
2843 1678 3060 1733 πάντων
3103 1676 3257 1741 Θεός’
3293 1677 3356 1730 ’ὢ
3402 1677 3652 1746 τέταρτον
3686 1676 3756 1741 δὲ,

2200 1776 2276 1840 ὡς
2319 1793 2339 1827 ι
2380 1776 2438 1831 ὲν
2468 1772 2587 1845 ὥρᾳ
2620 1772 2781 1827 πάλιν
2819 1772 3040 1843 ὲννάτῃ,
3077 1789 3095 1822 ι
3135 1769 3228 1823 τοῦ
3268 1768 3514 1833 Μωσέως
3538 1770 3758 1841 δηλονότι

517 1878 621 1918 nus
646 1862 935 1918 retroactls
966 1861 1309 1932 temporibus
1337 1867 1545 1915 vocata:
1571 1867 1701 1914 sunt
1724 1858 1795 1914 ad
1827 1859 2097 1930 cognitio—

2202 1866 2299 1922 καὶ
2328 1865 2439 1920 τῶν
2474 1865 2791 1937 προφητῶν.
2843 1882 2861 1915 ι
2900 1865 3040 1935 Περὶ
3070 1863 3169 1936 τὴν
3198 1863 3515 1933 ἑνδεκάτην,
3560 1881 3578 1914 ι
3623 1880 3757 1916 τουτ-

513 1970 642 2011 nem
682 1954 803 2010 Dei.
837 1954 981 2009 Hinc
1010 1952 1502 2026 postremirdicunt
1536 1969 1548 2006 :
1584 1971 1603 2003 ι
1638 1952 1810 2008 Nemo
1840 1967 1942 2007 nos
1966 1967 2101 2007 con-

516 2049 690 2103 duxit.
724 2067 743 2100 ι
777 2047 1058 2118 Accipitur
1093 2048 1281 2117 itaque
1317 2061 1491 2117 agnus
1518 2046 1576 2100 in
1612 2045 1855 2115 quinque
1902 2044 2103 2099 horum

515 2141 732 2196 dierum
766 2139 969 2210 primo,
1011 2139 1118 2194 hoc
1138 2148 1244 2205 est,
1269 2137 1326 2193 in
1358 2138 1595 2202 decimo,
1625 2136 1719 2207 qui
1743 2143 1933 2207 typum
1965 2137 2106 2207 gerit

514 2231 775 2304 principii
812 2231 1098 2302 temporis,
1133 2240 1190 2285 et
1211 2239 1462 2285 servatus
1489 2230 1546 2283 in
1568 2229 1823 2285 ultimum
1863 2238 2101 2299 tempus,

516 2325 623 2381 hoc
655 2332 761 2391 est,
787 2325 843 2379 in
866 2324 1144 2380 decimum
1171 2330 1452 2395 quartum,
1494 2328 1766 2377 metatur
1812 2320 1881 2376 ad
1915 2336 2106 2391 vespe-

516 2431 665 2485 ram,
702 2426 762 2472 ut
802 2417 1003 2471 iterum
1043 2416 1315 2486 intelligas
1362 2415 1491 2470 hinc
1540 2412 1688 2484 quod
1732 2428 1844 2468 non
1888 2428 2101 2478 recens,

517 2524 624 2564 nec
670 2526 850 2580 nuper
893 2518 1086 2563 natum
1111 2508 1184 2563 sit
1208 2507 1414 2564 Christi
1451 2508 1795 2580 mysterium,
1831 2506 1924 2560 sed
1956 2504 2103 2575 quod

518 2608 859 2655 reservatum
886 2598 1056 2654 fuerit
1082 2600 1138 2654 in
1175 2598 1522 2671 praescientia
1554 2599 1760 2661 Patris,
1803 2606 1861 2651 et
1896 2596 1967 2651 ab
2016 2596 2103 2667 ip-

516 2692 633 2747 sius
670 2692 862 2747 mundi
886 2687 1358 2746 constitutione".
1387 2690 1635 2745 Mortuus
1675 2697 1759 2744 est
1783 2696 1966 2745 autem
2005 2703 2105 2759 pro

517 2784 675 2839 nobis
711 2783 920 2839 ultimis
943 2782 1127 2838 saeculi
1164 2782 1532 2852 temporibus,
1565 2798 1693 2837 cum
1736 2780 1983 2836 nondum
2016 2780 2104 2835 in-

516 2874 820 2946 telligibilis
848 2890 914 2929 ac
936 2873 1124 2929 divina
1148 2873 1243 2929 lux
1267 2873 1668 2943 resplenderet,
1705 2871 1803 2928 sed
1831 2881 1977 2927 terra
2012 2886 2103 2927 θερ-

515 2975 599 3022 set
626 2965 809 3023 adhuc
833 2965 1153 3036 ignorantiae
1182 2962 1431 3020 tenebris
1450 2962 1758 3025 submersa,
1781 2970 1837 3015 et
1854 2958 2107 3015 tenebra—

516 3073 639 3112 rum
664 3057 861 3112 harum
890 3055 1174 3127 principes
1194 3054 1482 3110 erroribus
1503 3053 1753 3108 omnium
1781 3051 1946 3107 corda
1969 3066 2107 3122 quo-

515 3149 809 3205 dammodo
826 3148 1203 3204 obfuscarent.
1233 3146 1444 3202 Idcirco
1466 3144 1716 3201 Salvator
1743 3159 1870 3198 cum
1905 3143 1972 3197 ad
2004 3158 2107 3198 nos

2208 1957 2379 2022 ἐστιν,
2408 1959 2465 2010 ὲν
2494 1956 2571 2026 τῷ
2595 1956 2831 2028 πέμπτῳ
2859 1959 3068 2033 καιρῷ,
3092 1954 3521 2027 συστελλομένης
3552 1955 3646 2026 ήδη
3674 1957 3758 2026 τῆς

2205 2049 2455 2120 ⁴ἡμέρας,
2493 2049 2589 2103 καὶ
2622 2050 2787 2105 οἱονεί
2830 2047 3191 2112 καταλύοντος
3237 2049 3319 2112 εἰς
3358 2047 3507 2112 τέλος
3544 2048 3641 2120 ήδη
3675 2046 3758 2101 τοῦ

2206 2141 2472 2212 παρόντος
2507 2141 2723 2208 αἰῶνος,
2764 2140 3108 2211 ἐμισθώσατο
3150 2141 3217 2194 τὰ
3251 2140 3384 2211 ἔθνη
3410 2142 3635 2211 Χριστὸς
3677 2156 3755 2192 κε-

2206 2230 2453 2302 κλημένα
2491 2232 2627 2303 πρὸς
2661 2231 2759 2302 τὴν
2792 2232 3089 2300 ἐπίγνωσιν
3122 2229 3252 2301 παρ’
3287 2230 3477 2302 ἐτέρου
3516 2228 3758 2300 μηδαμῶς

2207 2326 2349 2378 κατὰ
2392 2325 2520 2385 τοὺς
2563 2321 2772 2378 ἄνωθεν
2821 2323 2915 2377 καὶ
2954 2321 3355 2393 παρῳχηκότας
3402 2321 3639 2393 καιρούς.
3680 2319 3759 2373 Διὸ

2204 2416 2268 2488 δὴ
2310 2415 2465 2488 παρὰ
2514 2416 2723 2479 πάντας
2771 2417 2822 2469 οἰ
2868 2414 3165 2469 τελευταῖοί
3213 2430 3348 2484 φασι
3398 2414 3480 2466 τό⁹
3531 2433 3547 2465 ι
3591 2413 3759 2476 Οὐδεὶς

2206 2510 2352 2581 ἡμᾶς
2392 2506 2756 2580 ἐμισθώσατο.
2794 2527 2816 2559 δ
2860 2506 3215 2578 Λαμϐἁνεται
3251 2505 3433 2560 τοίνυν
3472 2506 3532 2561 τδ
3575 2504 3758 2575 x966:-

2204 2618 2293 2654 τον
2322 2599 2462 2654 κατὰ
2504 2599 2601 2669 τὴν
2633 2600 2847 2671 ἡμέραν
2875 2596 2977 2668 τῆς
3016 2597 3367 2669 πενθημέρου
3397 2597 3495 2668 τὴν
3536 2597 3755 2668 πρώτην,

2204 2695 2473 2759 τουτέστι,
2491 2694 2590 2766 τὴν
2617 2693 2871 2763 δεκάτην,
2891 2691 3063 2747 τύπον
3092 2686 3401 2761 ἐπέχουσαν
3427 2690 3523 2761 τῆς
3552 2687 3637 2742 τοῦ
3653 2685 3759 2742 αἰῶο

2205 2805 2295 2851 νος
2329 2786 2529 2858 ἀρχῆς,
2562 2787 2655 2841 καὶ
2689 2783 3021 2855 διατηρηθὲν
3065 2784 3123 2837 ὲν
3149 2781 3229 2853 τῷ
3258 2781 3555 2853 τελευταίῳ
3582 2777 3757 2850 καιρῷ.

2205 2878 2506 2942 τουτέστιν,
2539 2880 2596 2931 ὲν
2621 2880 2687 2949 τῇ
2725 2873 3302 2949 τεσσαρεσκαιδεκάτῃ
3320 2915 3338 2940 ,
3365 2873 3620 2944 σφάζεται
3644 2869 3760 2942 πρὸς

2207 2969 2468 3041 έσπέραψ
2504 2971 2591 3022 ἶνα
2615 2969 2779 3024 πάλιν
2802 2970 3021 3040 ὲννοῇς,
3048 2967 3125 3030 ὡς
3148 2964 3273 3020 οὔτε
3309 2965 3435 3020 νέον
3458 2964 3602 3019 ἐστὶν
3618 3004 3632 3028 ,
3658 2960 3762 3014 οὐδὲ

2206 3060 2521 3132 πρόσφατον
2545 3060 2608 3114 τὸ
2643 3059 2738 3113 τοῦ
2766 3058 3004 3129 Χριστοῦ
3047 3057 3371 3131 μυστήριον·
3413 3056 3524 3110 ἀλλ’
3554 3054 3762 3123 ἐφυλάτ-

2205 3168 2329 3205 τετο
2369 3150 2470 3222 μὲν
2517 3152 2575 3203 ὲν
2620 3149 2928 3219 προγνώσει
2975 3146 3071 3201 τοῦ
3119 3146 3360 3218 [ἰατρὸς.
3389 3147 3482 3201 καὶ
3522 3144 3579 3209 ἐξ
3613 3142 3761 3210 αὐτῆς

515 3241 757 3297 venisset
783 3258 796 3293 :
828 3259 846 3291 ι
876 3240 1012 3310 Ego,
1031 3238 1231 3309 inquit,
1255 3237 1485 3293 sumlux
1500 3228 1692 3291 mundi
1714 3237 1784 3289 ’9.
1813 3256 1831 3287 ι
1862 3236 1997 3291 Item
2020 3236 2100 3291 Ιιιρ

2205 3242 2307 3313 τῆς
2335 3240 2428 3297 τοῦ
2461 3242 2668 3311 κόσμου
2708 3237 3038 3309 καταϐολῆς,
3086 3236 3357 3291 ’Δπέθανε
3384 3237 3440 3291 δὲ
3466 3237 3601 3307 ὑπὲρ
3624 3233 3760 3305 ήμῶν

516 3332 748 3388 minaria
768 3333 824 3387 in
849 3331 1055 3386 mundo
1073 3330 1305 3385 verbum
1316 3330 1443 3384 vitae
1463 3328 1788 3385 sustinentia
1805 3328 1979 3384 sancti
2004 3342 2104 3382 vo-

515 3433 733 3490 cantur,
756 3439 823 3479 ac
851 3422 1050 3479 merito
1076 3421 1344 3477 audiunt:
1370 3439 1390 3472 ι
1407 3420 1517 3478 Vos
1532 3421 1667 3476 estis
1688 3421 1784 3475 lux
1804 3419 1994 3475 mundi
2017 3419 2056 3483 ί,
2076 3438 2096 3472 ι

516 3525 706 3587 utpote
735 3516 832 3587 qui
857 3515 1073 3587 possint
1090 3513 1406 3570 illuminare
1434 3520 1717 3570 versantes
1748 3512 1808 3567 in
1832 3511 2099 3567 tenebris.

516 3607 683 3679 269
709 3606 1087 3663 Admiraheris
1108 3614 1291 3662 autem
1319 3620 1514 3661 rursus
1542 3604 1709 3659 etiam
1739 3602 1891 3659 aliud
1918 3603 1972 3658 in
1997 3601 2105 3658 hoc

514 3698 638 3754 loco
681 3696 1023 3768 mysterium.
1067 3696 1204 3754 Nam
1246 3710 1420 3765 agnus
1470 3702 1743 3750 mactatur
1788 3694 1847 3748 in
1889 3692 2103 3749 decimo

516 3797 717 3860 quarto
760 3788 989 3853 mensis,
1032 3803 1159 3843 cum
1196 3788 1408 3843 lunaris
1451 3787 1696 3843 circulus
1731 3786 1900 3842 habet
1945 3801 2101 3842 suam

517 3880 939 3950 plenitudinem,
958 3887 1013 3935 et
1040 3880 1197 3952 quasi
1221 3880 1408 3950 spuria
1434 3879 1558 3935 luce
1588 3880 1780 3934 orbem
1805 3878 2098 3942 illuminat,

517 3970 817 4040 incipiente
856 3985 988 4025 vero
1013 3971 1124 4043 jam
1153 3970 1419 4041 paulatim
1445 3970 1790 4035 decrescere,
1829 3986 1895 4025 ac
1929 3969 2100 4025 veluti

515 4076 585 4115 ex
626 4062 958 4117 necessitate
1000 4061 1268 4118 honorem
1309 4070 1367 4117 et
1401 4063 1630 4133 gratiam
1674 4078 1797 4132 quae
1827 4062 1930 4131 ipsi
1959 4062 2102 4117 inest

514 4153 898 4208 contrahente.
927 4153 998 4210 Ut
1021 4152 1234 4209 scilicet
1259 4154 1343 4208 vel
1375 4155 1506 4209 hinc
1537 4153 1809 4224 intelligas
1839 4160 2099 4224 tanquam

513 4260 584 4300 ex
617 4244 854 4317 imagine
890 4253 948 4302 et
988 4246 1185 4302 umbra
1230 4245 1313 4301 rei
1356 4226 1673 4316 propositis,
1704 4245 1990 4301 traductus
2027 4246 2096 4302 ad

513 4339 796 4394 veriorum
834 4340 1407 4410 comprehensionem,
1434 4341 1581 4411 quod
1613 4341 1870 4411 princeps
1896 4341 2096 4404 noctis,

514 4430 621 4488 hoc
649 4439 753 4497 est,
789 4430 1062 4499 diabolus,
1092 4447 1191 4501 per
1228 4441 1404 4488 totum
1442 4432 1852 4504 gloriﬁcabatur
1882 4432 2094 4498 orbem,

512 4520 610 4589 qui
640 4536 740 4591 per
767 4521 957 4575 lunam
980 4522 1153 4576 veluti
1179 4522 1234 4576 in
1259 4529 1386 4593 typo
1401 4522 1740 4593 signiﬁcatur
1768 4523 1919 4594 (luna
1947 4522 2096 4578 enim
2133 4560 2177 4616 υ

514 4613 661 4666 nocti
685 4612 978 4682 praeposita
1002 4612 1129 4684 est),
1151 4620 1207 4668 et
1228 4614 1559 4669 mundanam
1592 4615 1913 4684 sapientiam
1939 4615 2094 4684 quasi

516 4698 856 4769 illegitimam
901 4701 1083 4755 lucem
1132 4701 1436 4757 immittens
1473 4703 1527 4756 in
1568 4703 1733 4759 corda
1767 4705 2094 4772 errantium,

515 4791 908 4863 amplissimam
949 4792 1055 4847 sibi
1092 4792 1320 4864 gloriam
1361 4805 1598 4865 arrogat.
1643 4793 1913 4851 Caeterum
1952 4812 2098 4852 mor—

515 4894 644 4940 tuus
668 4894 754 4939 est
774 4894 1003 4956 propter
1040 4901 1163 4951 nos,
1197 4895 1253 4943 et
1281 4902 1382 4958 pro
1416 4887 1577 4944 nobis
1602 4887 1854 4944 Christus
1881 4888 1971 4945 ille
1998 4906 2095 4945 ve-

513 4990 609 5030 rus
639 4975 847 5046 Agnus,
877 4978 969 5048 qui
1001 4977 1142 5033 tollit
1181 4986 1405 5049 peccata
1433 4979 1623 5033 mundi
1657 4981 1699 5044 ’,
1745 4979 2093 5053 destruitque

510 5062 716 5121 diaboli
750 5067 999 5138 gloriam.
1031 5069 1266 5125 Necesse
1289 5076 1375 5124 est
1398 5069 1548 5125 enim
1580 5085 1701 5125 eam
1739 5071 1967 5141 posthac
1997 5072 2094 5127 de-

513 5156 696 5212 sinere
717 5168 775 5213 et
800 5160 1057 5228 paulatim
1096 5161 1333 5226 absumi,
1364 5176 1490 5217 cum
1520 5163 1816 5217 multitudo
1845 5164 2091 5234 gentium

512 5247 581 5305 ad
605 5263 797 5317 pacem
823 5265 886 5304 ac
908 5251 1259 5307 dilectionem
1296 5253 1392 5307 Dei
1420 5236 1721 5309 ascendere
1750 5252 1970 5310 festinat
2001 5271 2100 5326 per

513 5338 933 5395 conversionem
971 5342 1043 5396 ad
1086 5343 1265 5413 ipsum
1305 5355 1361 5401 et
1402 5344 1585 5402 ﬁdem.
1624 5350 1803 5418 Atque
1850 5348 1957 5404 hoc
2012 5358 2099 5404 est

515 5431 661 5503 quod
679 5433 791 5504 jam
821 5433 952 5486 olim
989 5434 1045 5487 in
1080 5433 1313 5491 Psalmis
1345 5437 1695 5494 decantatum
1719 5439 1823 5494 fuit
1845 5439 1912 5495 de
1938 5439 2100 5495 Chri-

514 5529 602 5575 sto
643 5537 656 5574 :
688 5539 707 5571 ‹
741 5517 965 5575 Orietur
994 5521 1049 5576 in
1077 5521 1272 5579 diebus
1310 5526 1429 5597 ejus
1462 5528 1691 5597 iustitia,
1719 5536 1773 5583 et
1797 5530 2096 5585 multitudo

512 5611 688 5683 pacis,
711 5610 890 5668 donec
913 5625 1104 5669 contra
1132 5614 1413 5673 auferatur
1438 5616 1566 5673 luna
1594 5618 1633 5673 ⁸.
1665 5640 1684 5671 ι
1716 5620 1851 5676 Nam
1884 5620 1939 5675 in
1974 5622 2095 5679 die-

527 5781 549 5813 .
922 5740 1012 5813 κέ.
1044 5728 1154 5784 1-7.
1266 5732 1312 5764 ’⁸
1351 5731 1552 5802 Ephes.
1606 5747 1683 5798 ιη,
1737 5733 1789 5788 9.

575 5794 716 5849 Psal.
750 5811 894 5862 Lxxr,
949 5795 1000 5849 7.

1896 5736 1941 5768 θ’
1976 5737 2133 5792 Joan.
2186 5754 2301 5801 vm,
2356 5738 2452 5805 12;
2490 5754 2564 5804 Ix,
2604 5738 2657 5792 5.

2208 3338 2265 3389 ὲν
2307 3336 2419 3400 τοῖς
2454 3333 2707 3405 ἐσχάτοις
2739 3330 2834 3386 τοῦ
2877 3330 3072 3394 αἰῶνος
3102 3332 3349 3402 καιροῖς,
3375 3329 3525 3383 οὔπω
3560 3328 3651 3400 μὲν
3679 3323 3759 3378 τοῦ

2207 3426 2396 3499 νοητοῦ
2440 3427 2534 3481 καὶ
2575 3424 2718 3478 θείου
2776 3422 2955 3494 τρωτὸς
2998 3421 3471 3493 καταλάμποντος·
3519 3419 3593 3491 τῷ
3631 3417 3672 3471 δ’
3709 3414 3762 3480 ἐξ

2205 3518 2431 3588 ἀγνοίας
2475 3518 2651 3589 σκότῳ
2685 3513 3127 3588 βεϐαπτισμένης
3155 3513 3236 3567 ἑτι
3261 3513 3366 3584 τῆς
3406 3515 3528 3584 γῆς,
3565 3510 3651 3564 καί
3677 3508 3759 3571 τὰς

2208 3610 2465 3664 ἁπάντων
2506 3607 2733 3680 καρδίας
2762 3605 3251 3677 καταμολυνόντων
3276 3606 3397 3667 ταῖς
3422 3602 3645 3665 πλάναις
3668 3595 3760 3652 τῶν

2205 3701 2667 3773 κοσμοκρατόρων
2703 3698 2796 3754 τοῦ
2835 3697 3062 3763 σκότους
3094 3696 3310 3751 τούτου.
3356 3696 3455 3751 Διὰ
3487 3694 3636 3748 τοῦτο
3660 3692 3756 3755 καί,

2212 3818 2230 3851 ι
2254 3798 2399 3867 Ἐγώ
2437 3799 2553 3869 εἰμι
2587 3797 2646 3850 τὸ
2684 3796 2800 3865 φῶς
2826 3795 2920 3849 τοῦ
2952 3795 3183 3865 κόσμου,
3230 3811 3248 3844 ι
3276 3791 3612 3862 ἐπιδημήσας
3640 3786 3759 3857 ἔφα·

2195 3896 2336 3945 ’σκεν
2373 3891 2401 3943 ὁ
2427 3888 2640 3959 Σωτήρ.
2681 3888 2794 3942 Καὶ
2831 3885 3118 3956 φωστῆρες
3144 3886 3200 3937 ὲν
3230 3883 3424 3955 κόσμῳ
3450 3876 3601 3949 λόγον
3631 3877 3758 3946 ζωῆς

2203 3981 2514 4051 ἐπέχοντες,
2539 3981 2589 4032 οἱ
2608 3980 2755 4047 άγιοι
2777 3975 3203 4051 χρηματίζουσιο
3232 3973 3325 4030 καὶ
3349 3973 3570 4048 προσέτι
3598 3969 3753 4024 τοῦτο·

2209 4093 2228 4126 ι
2275 4072 2385 4127 Καὶ
2412 4072 2569 4143 ὑμεῖς
2596 4073 2719 4124 ὲστε
2758 4069 2820 4123 τὸ
2861 4069 2976 4140 φῶς
3001 4068 3096 4121 τοῦ
3143 4070 3375 4138 κόσμου,
3415 4086 3435 4119 ι
3478 4065 3562 4119 διὰ
3596 4064 3651 4116 τὺ
3677 4061 3755 4114 δύ-

2203 4163 2400 4217 νασθαι
2461 4161 2719 4231 φωτίζειν
2769 4161 2897 4223 τοὺς
2956 4160 3115 4223 δντας
3170 4161 3229 4212 ὲν
3292 4160 3502 4229 σκότῳ,
3555 4154 3757 4215 δικαίως

2205 4253 2516 4309 ἀκούουσιν.
2569 4252 3011 4322 Ἀποοαυμάσεις
3042 4252 3099 4304 δὲ
3145 4250 3315 4305 πάλιν
3355 4252 3448 4304 καί
3491 4249 3670 4319 ἑτέραν
3709 4246 3758 4294 ὲν

2201 4346 2377 4418 τούτῳ
2402 4343 2670 4416 μυστικὴν
2702 4344 2974 4414 εὑρίσκων
3000 4342 3337 4415 οἰκονομίαν.
3379 4340 3642 4411 Σφάζεται
3663 4336 3756 4406 γάρ

2202 4438 2230 4491 ὁ
2279 4434 2449 4507 ἀμνὸς
2496 4436 2554 4489 ἐν
2597 4431 3169 4504 τεσσαρεσκαιδεκάτῃ
3216 4432 3311 4485 τοῦ
3364 4429 3529 4503 μηνὸς
3571 4426 3756 4497 ἡμέρα,

2203 4529 2386 4599 πλήρη
2439 4526 2540 4597 τὴν
2593 4526 2803 4579 οἰκείαν
2860 4524 3075 4596 ἔχοντος
3132 4524 3291 4590 δόξαν
3341 4521 3436 4577 τοῦ
3499 4515 3756 4583 σεληναίου

2204 4620 2440 4682 κύκλου,
2474 4620 2570 4673 καὶ
2610 4617 2751 4689 νόθῳ
2783 4617 2879 4687 μὲν
2919 4614 3111 4687 ὥσπερ
3154 4617 3292 4686 φωτί
3326 4615 3422 4687 τὴν
3458 4607 3757 4681 οἰκουμένην

2202 4712 2673 4782 καταυγάζοντος,
2719 4710 3027 4782 ἀρχομένου
3059 4709 3103 4763 δ’
3152 4704 3243 4763 οὗν
3294 4710 3446 4778 ὅμως
3484 4703 3757 4772 ἀπολήγει-θ

2204 4805 2345 4857 κατὰ
2387 4804 2585 4874 βραχὺ,
2618 4803 2714 4858 καί⁵
2737 4802 2928 4873 ὥσπερ
2956 4802 3015 4868 ἐξ
3044 4802 3291 4870 ἀνάγκης
3318 4801 3422 4871 ἤδη
3466 4794 3756 4852 συστέλλον·

2202 4913 2295 4958 τος
2351 4895 2451 4966 τὴν
2498 4894 2818 4949 ἐνοικοῦσαν
2854 4892 3005 4964 αὐτῷ
3047 4895 3214 4965 τιμήν
3252 4910 3312 4946 τε
3356 4894 3449 4946 καὶ
3475 4891 3647 4963 χάριν·
3682 4884 3755 4936 ἵνα

2205 4988 2407 5058 νοήσῃς
2433 4985 2707 5053 ἐντεῦθεν,
2740 4987 2817 5052 ὡς
2842 4986 2903 5052 ἐξ
2932 4986 3138 5049 εἰκόνος
3169 5002 3227 5038 τε
3255 4986 3349 5037 καὶ
3373 4984 3526 5045 σκιᾶς
3545 4977 3633 5033 τοῦ
3666 4991 3756 5029 πα-

2207 5077 2462 5150 ραθέντος
2488 5079 2815 5147 πράγματος
2858 5077 2952 5130 ἐπὶ
2989 5078 3088 5146 τὴν
3119 5076 3228 5130 τῶν
3265 5074 3634 5146 ἀληθεστέρων
3665 5082 3754 5120 κα-

2202 5170 2431 5240 τάληψιν
2500 5170 3034 5244 χειραγωγούμενος,
3098 5171 3183 5224 ὅτι
3248 5169 3391 5224 κατὰ
3447 5170 3619 5220 πᾶσαν
3667 5160 3752 5228 μὲν

2199 5259 2482 5327 ἐδοξάζετο
2510 5261 2610 5329 τὴν
2642 5258 2971 5330 οἰκουμένην
2999 5261 3029 5313 ό
3058 5258 3159 5331 τῆς
3184 5258 3377 5322 νυκτὸς
3402 5256 3748 5327 ἄρχων,τουτ·

2201 5353 2348 5405 ἐστιν
2396 5352 2426 5405 ό
2468 5350 2748 5416 διάϐολος,
2807 5350 2895 5405 διὰ
2955 5352 3055 5423 τῆς
3109 5350 3341 5423 σελήνης
3391 5349 3465 5411 ὡς
3514 5348 3569 5397 ἐν
3612 5339 3749 5405 τύπῳ

2199 5444 2528 5516 δηλούμενος
2579 5443 2598 5512 (
2647 5444 2846 5515 σελήνη
2884 5443 2990 5516 γὰρ
3040 5446 3119 5508 είς
3167 5442 3345 5517 ἀρχὴν
3392 5440 3617 5495 τέθειται
3655 5430 3746 5499 τῆς

2204 5534 2442 5603 νυκτὸς),
2483 5532 2579 5587 καὶ
2621 5531 2812 5605 ὥσπερ
2854 5532 3009 5586 νόθον
3044 5551 3100 5587 τι
3145 5536 3261 5602 φῶς
3305 5529 3405 5603 τὴν
3441 5528 3530 5607 τοῦ
3559 5525 3743 5592 κόσμου

2202 5625 2392 5695 σοφίαν
2440 5627 2561 5687 ταῖς
2618 5623 2731 5677 τῶν
2793 5623 3163 5696 πλανωμένων
3229 5623 3474 5694 καρδίαις
3520 5614 3740 5671 ἐντιθεὶς,

2780 5740 2793 5769 '
2836 5738 3026 5795 Matth.
3073 5757 3122 5803 τ’,
3162 5739 3250 5794 14.
3356 5738 3376 5766 ¹
3405 5734 3553 5790 Joan.
3591 5746 3626 5793 ι,
3661 5724 3738 5780 ἓθο
