4060 6440
323 337 424 392 425

1363 324 1887 383 GLAPIIYRORUM
1929 324 1995 378 ΙΝ
2035 321 2320 404 EXODUI
2362 322 2489 376 LIB.
2535 323 2596 376 ll.

3523 332 3626 392 426

316 446 714 521 πληρεστάτην
741 445 920 516 ἐαυτῷ
947 444 1044 516 τὴν
1083 443 1241 510 δόξαν
1275 444 1748 516 ἐπραγματεύετο.
1796 444 1927 497 Ἀπ-

2037 442 2135 496 bus
2160 441 2364 497 Christi
2390 451 2583 496 exorta
2615 451 2700 496 est
2729 443 2942 524 justitia
2981 461 3079 514 per
3116 446 3302 514 fidem,
3331 452 3633 511 multitudo

315 543 481 597 έθανε
515 540 572 594 δὲ
601 539 669 593 δι’
692 540 844 610 ἡμᾶς
874 539 968 591 καὶ
995 538 1140 608 ὑπὲρ
1171 536 1329 608 ἡμῶν
1355 537 1384 590 6
1403 535 1661 608 Χριστὸς,
1681 535 1925 606 ὁἈμνὺς

237 643 240 646 ’
312 639 342 691 6
371 634 659 707 ἀληθινὸς,
700 634 729 685 ὁ
765 632 940 703 αίρων
971 632 1072 700 τὴν
1109 630 1390 702 ἁμαρτίαν
1421 629 1516 684 τοῦ
1553 630 1760 701 κόσμου
1783 668 1798 693 ,
1832 627 1928 682 καὶ

312 730 416 804 τήν
447 729 544 783 τοῦ
591 727 847 781 διαϐόλου
893 724 1164 779 κατέλυσε
1211 723 1391 792 δόξαν.
1447 722 1777 794 Ἀπολήγειν
1819 721 1928 792 γὰρ

312 824 538 893 ἀνάγκη
592 821 766 890 αὕτὴν
809 820 907 872 καὶ
945 816 1295 873 δαπανᾶσθαι
1351 816 1495 870 κατά
1543 815 1718 888 βραχὺ
1742 854 1756 878 ,
1791 815 1929 886 πρὸς

304 916 418 986 ,τὴν
450 913 680 984 εἰρήνην
723 911 818 962 καὶ
857 908 1081 979 ἀγάπην
1121 907 1224 980 ήδη
1256 908 1353 978 τὴν
1379 907 1454 970 ὡς
1498 905 1638 978 πρὸς
1669 905 1803 958 Θεὸν
1832 905 1928 975 τῆς

307 991 426 1062 ’τῶν
457 1005 635 1060 ἐθνῶν
665 1003 910 1074 πληθύος
945 1002 1260 1057 ἀναϐαίνειν
1295 1001 1660 1072 ἐπειγομένης
1709 998 1797 1052 διὰ
1830 1000 1929 1069 τῆς

311 1100 459 1172 πρὸς
483 1098 661 1169 αὐτὴν
691 1095 1046 1168 ἀποστροφῆς
1091 1095 1185 1147 καὶ
1220 1094 1478 1157 πίστεως.
1511 1091 1625 1145 Καὶ
1668 1090 1828 1144 τοῦτο
1860 1085 1928 1161 ἦν

311 1193 426 1264 ἄρα
469 1191 533 1244 τὸ
582 1192 640 1244 ὲν
671 1189 926 1260 Ψαλμοῖς
973 1187 1237 1259 ᾀδόμενον
1279 1187 1448 1241 πάλαι
1492 1186 1620 1257 περὶ
1664 1183 1924 1255 Χριστοῦ·

319 1301 338 1333 ι
391 1280 678 1335 Ἀνατελεῖ
717 1282 778 1333 ὲν
815 1281 938 1342 ταῖς
968 1277 1207 1350 ἡμέραις
1241 1276 1410 1330 αὑτοῦ
1456 1274 1796 1346 δικαιοσύνη,
1836 1273 1931 1328 καὶ

311 1376 528 1447 πλῆθος
561 1376 809 1447 εἰρήνης,
838 1373 944 1437 ἕως
966 1365 1027 1425 οὗ
1059 1371 1426 1442 ἀνταναιρεθῇ
1458 1371 1491 1441 ἡ
1523 1368 1744 1440 σελήνη.
1771 1387 1788 1421 ι
1811 1369 1931 1422 Ἀν-

315 1469 497 1522 έτειλε
526 1467 640 1538 γὰρ
668 1469 726 1520 ὲν
774 1465 1014 1537 ἡμέραις
1051 1463 1294 1536 Χριστοῦ
1341 1461 1657 1532 δικαιοσύνη
1701 1460 1791 1514 διὰ
1835 1459 1928 1513 πίε

317 1579 518 1626 στεως·
556 1560 766 1632 πλῆθος
807 1558 863 1611 δὲ
897 1559 1146 1630 εἰρήνης,
1178 1556 1268 1611 διὰ
1305 1556 1406 1627 τῆς
1453 1556 1591 1627 πρὸς
1635 1554 1768 1608 Θεὸν
1811 1555 1931 1607 ἐπι-

316 1657 587 1730 στροφῆς.
637 1654 751 1708 Καὶ
794 1654 933 1724 πρὸς
979 1653 1195 1718 τούτοις
1250 1651 1329 1706 ἔτι
1383 1645 1545 1705 καὶὸ
1584 1651 1685 1722 τῆς
1732 1651 1932 1714 νυκτὸς

315 1751 508 1822 ἄρχων
538 1746 940 1820 ἀντανῄρηται,
967 1745 1251 1799 τουτέστιν
1283 1746 1311 1797 ὁ
1335 1741 1602 1806 διάϐολος.
1644 1741 1836 1812 Ἐπιτή
1849 1758 1930 1814 ρει

313 1841 372 1895 δὲ
436 1843 592 1904 ὅπως
654 1840 756 1893 οὐκ
820 1835 1285 1908 ἀναιρεθήσεσθαι
1332 1852 1465 1907 φησι
1529 1834 1630 1906 τὴν
1697 1832 1930 1904 σελήνην
1965 1816 2006 1870 Β

313 1936 512 2000 ἁπλῶς
538 1979 553 2001 ,
577 1928 1223 2005 ἀνταναιρεθήσεσθαιδὲ
1257 1925 1494 2001 μᾶλλον·
1545 1926 1622 1991 ὡς
1669 1925 1780 1997 γὰρ
1831 1925 1932 2014 ήδη

314 2027 662 2101 προανελὼν,
687 2025 848 2097 δῆλον
885 2025 940 2079 δὲ
985 2025 1161 2095 δήπου
1206 2022 1451 2086 πάντως,
1495 2021 1575 2074 ὅτι
1606 2020 1698 2073 τὸν
1721 2018 1934 2091 ἄνθρω-

313 2141 422 2178 πον
454 2123 876 2194 ἀνταναιρεῖται
903 2120 930 2172 6
961 2116 1233 2180 διάϐολος.
1277 2134 1296 2168 ι
1349 2113 1684 2168 Λαϐέτωσαν
1727 2111 1930 2178 τοίνυν,

315 2218 513 2290 φησὶν,
550 2216 786 2277 ἕκαστος
819 2212 1096 2284 πρόϐατον
1127 2209 1248 2264 κατ’
1273 2207 1475 2262 οἰκίαν.
1513 2226 1532 2260 ι
1574 2206 1794 2270 Τέλειος
1822 2205 1932 2278 γάρ

311 2311 372 2363 ὲν
410 2308 636 2379 ἑκάστῳ
686 2305 924 2378 Χριστὸς
953 2303 1041 2358 διὰ
1074 2301 1309 2374 μετοχῆς
1338 2298 1433 2353 τοῦ
1480 2299 1640 2368 ἁγίου
1673 2296 1932 2368 Πνεύμα-

311 2417 408 2466 τος
443 2397 808 2463 ἐνοικίζεται,
845 2399 942 2450 καὶ
975 2397 1035 2449 οὐ
1079 2393 1431 2466 μεμέρισται,
1457 2390 1710 2462 καθάπερ
1742 2392 1770 2443 ὁ
1791 2388 1934 2444 Παῦ-

277 2561 282 2564 _
309 2494 406 2557 λὸς
436 2511 597 2564 φησι.
632 2491 782 2564 Πλὴν
818 2490 915 2545 ὲάν
943 2483 1067 2553 ὦσι,
1097 2488 1285 2561 φησὶν,
1313 2487 1583 2556 ὀλιγοστοὶ
1609 2485 1685 2550 ὡς
1709 2485 1783 2558 μὴ
1813 2487 1933 2539 ἱκα-

310 2588 444 2650 νοὺς
487 2582 630 2641 εἶναι
682 2587 762 2649 είς
812 2582 1122 2655 πρόϐατον,
1177 2580 1511 2653 συλλήψεται
1565 2578 1683 2651 μεθ’
1735 2577 1930 2632 ἑαυτοῦ

309 2680 406 2732 τδν
437 2681 666 2748 γείτονα
696 2679 790 2732 τὸν
833 2677 1063 2748 πλησίον
1090 2674 1280 2730 αὑτοῦ.
1317 2675 1381 2729 υἱ
1424 2673 1534 2744 γὰρ
1573 2673 1674 2726 οὐκ
1716 2670 1933 2742 ἔχοντες

311 2769 379 2837 ἐξ
400 2771 620 2827 ἑαυτῶν
644 2771 848 2826 τέλειον
865 2769 1128 2824 δύνασθαι
1154 2768 1395 2822 συνιέναι
1427 2766 1579 2838 μόνοι
1606 2765 1668 2818 τὸ
1694 2763 1930 2834 Χριστοῦ

314 2867 651 2938 μυστήριον,
681 2864 712 2935 ἢ
747 2865 845 2918 καὶ
889 2865 991 2918 οὐκ
1025 2862 1326 2936 ἀρκοῦντες
1358 2862 1440 2924 εἰς
1473 2858 1804 2930 κατανόησιν
1833 2857 1934 2928 τὴν

311 2959 454 3031 περὶ
483 2957 653 3012 αὐτοῦ
687 2957 777 3012 διὰ
819 2957 918 3029 τὴν
957 2957 1058 3028 τῆς
1109 2954 1321 3017 οἰκείας
1363 2953 1576 3015 ἑννοίας
1622 2949 1930 3013 ἀσθένειαν,
1969 2983 1972 2985 λ

311 3051 619 3123 μεθέξουσι
651 3049 837 3114 πάλιν,
866 3049 1065 3113 αὐτοὺς
1092 3048 1436 3121 συνεργάτας
1461 3043 1780 3116 ὥσπερκαὶ
1809 3044 1929 3095 συλ-

2035 545 2218 590 autem
2263 537 2416 606 pacis
2453 551 2552 606 per
2595 535 3016 592 conversionem
3052 540 3120 593 ad
3159 541 3359 611 ipsum.
3397 543 3540 612 Quin
3576 558 3635 605 et

2032 629 2213 683 noctis
2255 629 2533 699 princeps,
2565 629 2672 683 hoc
2707 638 2791 684 est
2837 629 3113 698 diabolus,
3145 647 3337 692 contra
3381 639 3636 698 sublatus

2031 730 2135 776 est.
2171 721 2418 778 Observa
2456 739 2589 777 vero
2629 739 2741 795 quo
2784 734 2946 795 pacto
2972 741 3083 780 non
3120 729 3448 801 simpliciter
3485 735 3636 792 dicat

2032 815 2393 871 auferendam
2420 832 2546 872 esse
2570 817 2780 883 lunam,
2809 819 2905 874 sed
2933 820 3120 891 potius
3153 823 3421 892 vicissim,
3451 827 3566 885 sive
3601 847 3635 885 ο

2031 907 2315 963 contrario
2358 907 2716 963 auferendam
2747 924 2889 974 esse,
2929 918 2988 964 ut
3018 912 3130 982 jam
3155 903 3428 983 sublatus,
3469 927 3635 990 atque

2032 1000 2170 1056 adeo
2210 1001 2460 1066 omnino,
2510 1001 2639 1071 quia
2685 1002 2940 1058 diabolus
2991 1006 3150 1075 prius
3194 1009 3401 1065 occidit
3449 1011 3634 1069 homi-

2033 1110 2160 1149 nem
2182 1136 2196 1160 ,
2235 1094 2470 1164 ideoque
2508 1102 2565 1150 et
2598 1093 2716 1166 ipse
2751 1095 2992 1151 vicissim
3033 1099 3253 1156 occisus
3277 1110 3382 1157 est.
3422 1123 3440 1155 ι
3471 1106 3634 1161 Acci-

2031 1187 2186 1257 piant
2212 1187 2402 1259 igitur,
2435 1188 2532 1253 ait,
2570 1191 2954 1262 unusquisque
2980 1208 3180 1264 agnum
3220 1212 3318 1268 per
3350 1199 3563 1255 domos.
3609 1221 3628 1253 ι

2031 1281 2169 1335 Nam
2215 1280 2472 1337 Christus
2512 1282 2758 1354 perfecte
2803 1284 3016 1342 habitat
3063 1288 3120 1343 in
3163 1305 3501 1364 unoquoque
3533 1287 3636 1365 per

2033 1372 2274 1443 Spiritus
2307 1375 2484 1429 sancti
2516 1376 3023 1447 participationem,
3054 1395 3161 1435 nec
3197 1387 3379 1438 tamen
3423 1384 3638 1442 divisus

2032 1478 2136 1533 est,
2177 1469 2322 1524 sicut
2363 1471 2441 1525 ait
2470 1471 2676 1527 Paulus
2697 1471 2737 1527 ⁸.
2782 1473 2990 1529 Verum
3028 1475 3074 1530 si
3107 1477 3316 1532 fuerint
3345 1481 3638 1549 pauciores

2033 1577 2197 1632 quam
2221 1570 2283 1617 ut
2303 1563 2519 1633 possint
2539 1563 2707 1620 edere
2733 1581 2954 1636 agnum,
2974 1580 3259 1626 accersent
3279 1572 3347 1627 ad
3373 1589 3432 1628 se
3451 1575 3640 1645 proxi-

2034 1670 2187 1709 mum
2224 1656 2469 1711 vicinum
2509 1673 2692 1712 suum.
2735 1657 2841 1726 Qui
2885 1661 3034 1716 enim
3074 1678 3184 1718 non
3230 1665 3439 1722 habent
3473 1683 3540 1723 ex
3578 1685 3638 1725 se

2036 1745 2190 1817 ipsis,
2213 1757 2273 1803 ut
2293 1747 2395 1803 soli
2414 1764 2513 1820 per
2529 1765 2588 1804 se
2605 1750 2819 1820 possint
2840 1751 3084 1822 perfecte
3105 1754 3415 1829 intelligere
3432 1757 3637 1816 Christi

2036 1841 2384 1912 mysterium,
2409 1857 2515 1897 nec
2540 1841 2820 1898 suﬁiciunt
2849 1845 2917 1900 ad
2953 1845 3374 1920 intelligentiam
3403 1867 3526 1923 qua:
3553 1865 3640 1909 est
3720 1854 3724 1860 ⁷

2037 1934 2104 1990 de
2145 1934 2287 2006 ipso,
2313 1944 2542 2006 propter
2569 1937 2774 1993 mentis
2806 1954 2920 1994 suae
2953 1938 3357 2009 inﬁrmitatem,
3387 1951 3504 2000 tum
3544 1945 3637 2001 iti-

2036 2027 2160 2083 dem
2188 2027 2488 2100 participes
2517 2027 2650 2084 lient
2679 2030 3134 2104 ipsius/acceptis
3167 2034 3236 2089 ad
3268 2051 3327 2091 se
3357 2035 3638 2103 ﬁdelibus,

2036 2129 2298 2192 tanquam
2323 2123 2664 2194 cooperariis
2690 2131 2856 2195 atque
2887 2125 3258 2197 adiutoribus.
3298 2129 3465 2201 270
3501 2131 3641 2187 Nam

2037 2228 2420 2286 saepenumero
2449 2214 2530 2281 ﬁt,
2557 2225 2619 2270 ut
2650 2230 2749 2288 per
2779 2226 3031 2272 mutuam
3067 2207 3499 2289 institutionem,
3527 2225 3644 2278 m'a-

2032 2307 2183 2379 jores
2221 2324 2386 2378 quam
2428 2325 2530 2380 per
2572 2325 2672 2365 nos
2711 2310 2862 2381 ipsos
2895 2312 2949 2366 in
2984 2327 3153 2369 sensu
3194 2313 3473 2384 spirituali
3497 2307 3644 2387 pro-

2037 2415 2258 2470 gressus
2285 2400 2575 2457 faciamus.
2615 2401 2773 2458 Sicut
2805 2402 2976 2474 igitur
3005 2404 3098 2460 ille
3125 2419 3258 2461 vere
3296 2407 3517 2478 sapiens
3547 2424 3642 2463 eu-

2037 2493 2257 2548 nuchus
2281 2493 2660 2565 interrogabat
2679 2495 2998 2568 Philippum
3020 2498 3372 2570 prophetiam
3397 2498 3465 2554 de
3484 2497 3644 2554 Chri-

2038 2591 2144 2650 sto,
2178 2602 2345 2656 quam
2392 2587 2642 2654 audiens,
2687 2588 2828 2644 dixit
2868 2607 2880 2642 :
2929 2608 2948 2642 ι
2981 2590 3135 2662 Rogo
3181 2598 3254 2656 te,
3286 2590 3355 2646 de
3399 2607 3512 2663 quo
3553 2593 3647 2649 hic

2038 2679 2289 2750 loquitur
2316 2681 2587 2751 propheta
2617 2699 2628 2734 :
2659 2681 2728 2737 de
2757 2697 2836 2748 se,
2872 2697 2942 2737 an
2969 2683 3078 2738 alio
3105 2682 3293 2754 aliquo
3320 2683 3377 2737 '?
3412 2702 3431 2736 ι
3477 2683 3648 2741 Vides

2037 2787 2149 2842 quo
2177 2783 2340 2843 pacto
2382 2773 2648 2828 habuerit
2687 2775 3002 2846 proximum
3043 2776 3290 2832 vicinum
3323 2776 3645 2848 (propinqui

2037 2865 2186 2919 enim
2225 2865 2463 2921 invicem
2501 2882 2695 2934 omnes
2729 2883 2942 2933 sumus,
2975 2875 3246 2938 quantum
3285 2869 3353 2924 ad
3383 2885 3555 2930 unam
3589 2880 3646 2926 et

2038 2973 2392 3014 communem
2419 2959 2548 3014 fidei
2579 2961 2856 3016 rationem
2891 2959 3113 3033 attinet)
3140 2969 3198 3018 et
3217 2961 3501 3034 particeps
3527 2965 3646 3035 spi-

2039 3053 2257 3109 ritualis
2296 3053 2421 3126 agni
2451 3069 2550 3125 per
2583 3054 2730 3109 hanc
2753 3053 3172 3125 inquisitionem
3201 3054 3274 3109 sit
3308 3053 3644 3112 declaratus.

306 3142 610 3214 λήπτορας
651 3143 777 3206 τοὺς
811 3139 1148 3213 ὁμοπίστους
1191 3138 1502 3210 δεξάμενοι.
1548 3135 1648 3189 Διά
1690 3133 1801 3206 γὰρ
1831 3133 1931 3205 τῆς

2037 3144 2338 3201 Confestim
2371 3144 2522 3200 enim
2556 3137 2758 3216 dignus
2778 3145 3032 3201 redditus
3061 3153 3148 3200 est
3175 3145 3468 3218 baptizari,
3501 3147 3649 3206 sicut

304 3236 569 3310 ἀλλήλων
595 3234 883 3298 νουθεσίας
913 3233 1026 3287 ἔσθ’
1070 3235 1160 3287 ὅτε
1206 3232 1302 3287 καὶ
1344 3233 1425 3294 είς
1471 3229 1699 3301 μείζους
1735 3228 1769 3300 ἢ
1816 3225 1942 3280 καθ’

303 3329 472 3400 ἡμᾶς
536 3327 777 3398 θεωρίας
846 3322 1164 3378 ἀναϐαίνειν
1232 3321 1514 3392 ίσχύομεν.
1573 3320 1792 3388 Ὥσπερ
1848 3312 1942 3370 οὖν

305 3420 518 3493 ἀμέλει
563 3419 660 3473 καὶ
704 3421 732 3472 6
767 3418 931 3488 σοφὸς
967 3417 1178 3479 ἐκεῖνος
1221 3414 1477 3484 εὐνοῦχος
1529 3410 1942 3467 ἀνεπυνθάνετο

303 3513 413 3568 τοῦ
457 3511 732 3566 Φιλίππου
759 3551 773 3576 ,
825 3511 924 3581 τῆς
971 3507 1103 3579 περ)⁵
1150 3505 1394 3577 Χριστοῦ
1446 3503 1792 3578 προφητείας
1836 3505 1936 3557 ὲπ-

305 3604 703 3678 ακροώμενος’
748 3622 766 3654 ι
804 3602 1008 3672 Δέομαί
1052 3617 1170 3665 σου,
1199 3598 1330 3668 περὶ
1382 3598 1528 3661 τίνος
1574 3599 1602 3651 6
1645 3597 1940 3668 προφήτης

303 3701 508 3768 λέγει,
559 3695 941 3771 περὶ-ἑαυτοῦ
987 3695 1020 3767 ἢ
1070 3693 1200 3765 περὶ
1246 3691 1437 3764 ἐτέρου
1485 3691 1668 3754 “tn/6;;
1712 3709 1730 3741 ³
1773 3690 1940 3761 ’θρᾷῖ

305 3795 472 3855 ὅπως
514 3791 610 3844 τὸν
659 3791 884 3858 γείτονα
920 3785 1201 3841 συλλαϐὼν
1237 3785 1425 3856 (ἐγγὺς
1471 3783 1580 3852 γὰρ
1611 3782 1857 3854 ἀλλήλων
1889 3784 1938 3835 οἱ

306 3885 530 3948 πάντες
579 3883 772 3954 ἐσμὲν,
812 3882 928 3935 ὅσοι
971 3883 1052 3945 εἰς
1092 3880 1185 3935 τὸν
1219 3879 1317 3933 ἕνα
1351 3876 1444 3931 καὶ
1482 3873 1662 3929 κοινὸν
1701 3875 1801 3945 τῆς
1844 3873 1937 3927 πί-

307 3997 497 4044 στεως
512 3976 720 4047 λόγον),
742 3976 972 4047 μέτοχος
985 3976 1086 4047 ’ήδη
1103 3973 1198 4028 τοῦ
1221 3971 1414 4043 νοητοῦ
1438 3969 1713 4042 προϐάτου
1731 3967 1817 4022 διά
1836 3966 1939 4037 τῆς

306 4075 557 4150 ἐρεύνης
580 4071 980 4127 ἀνεδεικνύετο.
1021 4069 1207 4136 Ἧξίου
1229 4068 1340 4139 γὰρ
1371 4065 1534 4130 εὐθὺς
1563 4064 1658 4118 καὶ
1686 4060 1939 4134 βεϐαπτί‹

311 4169 474 4231 σθαι,
506 4165 606 4219 καὶ
633 4164 698 4237 δὴ
734 4166 831 4218 καὶ
868 4162 1255 4235 βεϐάπτισται.
1302 4178 1319 4212 ι
1352 4159 1538 4212 Ἔστω
1575 4156 1654 4221 δὲ,
1688 4154 1845 4225 φησὶ,
1876 4152 1938 4206 τὸ

307 4254 612 4328 πρόϐατον
647 4255 880 4309 τέλειον.
935 4272 953 4305 ι
1009 4253 1201 4306 Πάντα
1252 4250 1364 4322 γὰρ
1414 4245 1482 4322 ἦν
1513 4249 1570 4301 ὲν
1612 4243 1839 4317 Χριστῷ
1867 4243 1938 4297 τά

307 4349 610 4421 θεοπρεπῆ
644 4347 1032 4421 γνωρίσματα.
1085 4345 1226 4401 Ἀλλ’
1252 4343 1393 4397 ἔστω
1429 4342 1524 4396 καὶ
1561 4340 1750 4412 ἄρσεν,
1788 4340 1817 4391 6
1851 4355 1937 4391 vo—

311 4443 568 4516 μοθέτης
619 4441 951 4513 διήγγειλεν.
989 4437 1166 4502 Αὐτὸς
1203 4435 1312 4507 γὰρ
1353 4430 1420 4506 ἦν
1462 4451 1524 4487 τε
1559 4432 1655 4487 καὶ
1699 4429 1868 4493 ἔστιν,
1907 4428 1936 4479 ὁ

2045 3246 2101 3293 et
2141 3238 2453 3308 baptizatus
2497 3245 2600 3293 est.
2646 3257 2663 3289 ι
2710 3237 2794 3293 Sit
2843 3246 3054 3304 autem,
3097 3239 3194 3305 ait,
3237 3255 3413 3311 agnus
3457 3240 3648 3312 perfe-

2045 3336 2189 3394 ctus,
2223 3347 2240 3380 ›
2287 3328 2419 3399 quia
2462 3343 2656 3384 omnes
2703 3325 2903 3384 divina:
2949 3328 3298 3400 cognitiones
3341 3338 3474 3385 sunt
3517 3345 3647 3402 per-

2043 3419 2202 3476 fectae
2239 3420 2295 3475 in
2340 3419 2583 3476 Christo.
2625 3419 2793 3490 Atqui
2836 3427 2897 3475 ut
2932 3411 3005 3475 sit
3041 3421 3339 3486 masculus,
3370 3412 3526 3477 addit
3565 3423 3648 3479 le-

2042 3511 2290 3582 gislator.
2333 3510 2470 3565 Nam
2507 3510 2626 3581 ipse
2659 3518 2779 3565 erat
2818 3518 2876 3566 et
2911 3517 2998 3566 est
3026 3511 3074 3566 is
3103 3511 3198 3584 qui
3223 3513 3486 3570 omnibus
3514 3530 3649 3587 sug-

2042 3603 2186 3675 gerit
2224 3603 2426 3659 divinze
2464 3603 2803 3676 cognitionis
2847 3606 3080 3672 semina,
3111 3621 3175 3661 ac
3208 3593 3391 3664 veluti
3435 3615 3647 3665 terram

2041 3694 2339 3766 quamdam
2374 3694 2679 3750 lubentem.
2708 3693 3102 3764 Quamobrem,
3131 3698 3278 3754 sicut
3311 3707 3368 3754 et
3407 3699 3650 3772 prophe-

2039 3789 2186 3844 ticus
2227 3788 2395 3843 habet
2430 3777 2636 3864 sermo,
2677 3787 2976 3861 is’perﬁcit
3012 3789 3126 3845 Deo
3159 3805 3224 3845 ac
3259 3791 3410 3847 Patri
3446 3792 3648 3849 huma-

2040 3896 2168 3936 nam
2205 3867 2594 3952 naturamper
2623 3879 2906 3953 Evangelii
2943 3879 3241 3952 praeconia.
3283 3884 3561 3942 Praeterea
3586 3897 3649 3943 ut

2039 3974 2335 4029 anniculus
2371 3974 2443 4029 sit
2475 3974 2655 4046 jubet,
2699 3985 2793 4029 aut
2825 3973 3042 4029 ratione
3080 3977 3370 4046 temporis,
3397 3994 3468 4034 ne
3501 3977 3647 4036 forte

2040 4067 2112 4121 sit
2153 4066 2544 4137 imperfectus,
2588 4067 2794 4144 quippe
2838 4065 2934 4138 qui
2983 4065 3231 4143 nondum
3286 4071 3650 4142 compleverit

2040 4170 2247 4209 annum
2275 4173 2287 4208 :
2317 4164 2412 4210 aut
2437 4165 2586 4212 certe
2613 4157 2745 4227 quia
2777 4155 2982 4212 festum
3004 4156 3124 4214 Deo
3149 4161 3490 4216 conveniens
3512 4178 3644 4233 pro-

2039 4255 2165 4316 pter
2198 4247 2512 4317 passionem
2545 4245 2976 4318 singulis‘annis'
2996 4234 3283 4304 celebrare
3313 4250 3520 4306 debent
3543 4253 3645 4319 illi,

2039 4340 2134 4409 qui
2175 4340 2322 4396 bona
2358 4357 2458 4411 per
2487 4340 2664 4411 ipsam
2691 4340 3006 4412 passionem
3038 4341 3420 4400 lucrifaciunt.
3444 4345 3517 4403 Ut
3547 4362 3646 4401 au-

2040 4442 2151 4489 tem
2183 4449 2248 4489 ex
2289 4435 2445 4506 agnis
2477 4441 2536 4489 et
2569 4433 2754 4490 haedis
2793 4434 3120 4505 accipiatur,
3152 4437 3423 4508 pracipit.
3455 4437 3648 4511 Agnus

305 4538 493 4590 πᾶσιν
523 4537 656 4606 ἡμῖν
689 4534 857 4596 ὲνιεὶς
882 4532 986 4602 τῆς
1017 4528 1356 4600 θεογνωσίας
1384 4527 1453 4581 τὰ
1497 4525 1813 4597 σπέρματα,
1841 4522 1934 4575 καὶ

2041 4527 2268 4598 quidem
2314 4535 2576 4600 tanquam
2621 4545 2825 4600 purum
2869 4537 2925 4585 et
2970 4529 3390 4587 immaculatum
3433 4534 3646 4589 sacrifi-

305 4629 516 4699 ὥσπερ
551 4628 676 4682 τινὰ
703 4627 810 4699 γῆν
839 4625 1094 4698 θελητήν.
1131 4624 1348 4694 Ὥσπερ
1390 4614 1485 4674 οῦν
1520 4619 1611 4672 καὶ
1653 4616 1682 4670 ὁ
1709 4631 1928 4702 προφη-

305 4719 477 4784 τικδς
509 4718 625 4792 ἔχει
667 4718 827 4788 λόγος
851 4757 867 4784 ,
903 4715 1174 4770 ἐπιτελῶν
1215 4713 1295 4785 τῷ
1331 4711 1452 4783 Θεῷ
1495 4711 1590 4764 καὶ
1623 4709 1803 4779 Πατρὶ
1834 4707 1934 4780 τὴν

307 4809 732 4886 ἀνθρωπότητα
774 4809 864 4864 διὰ
916 4809 1028 4864 τῶν
1097 4804 1469 4876 εὐαγγελικῶν
1528 4802 1932 4876 κηρυγμάτων.

319 4903 503 4964 Ἀλλὰ
545 4904 687 4977 πρὸς
717 4902 932 4968 τούτοις
967 4902 1062 4955 καὶ
1094 4900 1365 4955 ἐνιαύσιον
1411 4898 1574 4962 ἔστω,
1612 4896 1645 4967 ή
1675 4895 1817 4950 κατά
1841 4895 1932 4948 τὸν

307 5000 542 5074 χρόνον,
570 4996 661 5052 ἴνα
698 4996 774 5070 μὴ
878 4995 954 5058 ὡς
989 4993 1199 5058 ἀτελὲς,
1233 4990 1390 5046 οῦπω
1427 4987 1812 5062 πληρωθέντος
1845 4989 1931 5039 ἐπ’

309 5091 479 5164 αὑτῷ
516 5089 614 5145 τοῦ
643 5089 821 5154 ἔτους·
860 5089 894 5160 ἢ
936 5086 1139 5158 ὅτιτήν
1178 5086 1272 5139 ἐπὶ
1300 5084 1378 5155 τῷ
1423 5081 1590 5136 πάθει
1637 5079 1933 5151 θεοπρεπε-

313 5183 532 5254 στάτην
565 5182 762 5255 ἑορτὴν
791 5179 916 5236 καθ’
945 5181 1180 5234 ἕκαστον
1216 5180 1336 5241 ἔτος
1368 5174 1614 5246 ἔμελλον
1635 5173 1931 5240 ἐπιτελεῖν,

309 5281 366 5334 οἱ
392 5278 468 5332 τὰ
507 5259 579 5332 ¹ὲκ
609 5274 706 5330 τοῦ
750 5273 958 5339 πάθους
1000 5271 1503 5345 ἀποκερδαίνοντες
1544 5267 1747 5336 ἀγαθά.
1803 5266 1937 5320 Ἀπὸ

311 5372 380 5427 δὲ
401 5369 520 5426 τῶν
547 5369 741 5443 ἀμνῶν
772 5371 867 5424 καὶ
893 5368 1004 5424 ἀπὸ
1041 5367 1151 5422 τῶν
1190 5367 1397 5439 ἐρίφων
1439 5361 1821 5434 λαμϐάνεσθαι
1848 5361 1938 5415 λέ-

312 5481 434 5534 γει.
476 5464 592 5520 Καὶ
621 5465 652 5518 6
687 5463 790 5536 μὲν
838 5462 1013 5534 ἀμνὸς
1059 5461 1135 5525 ὡς
1169 5458 1412 5531 καθαρόν
1451 5474 1512 5509 τε
1558 5455 1653 5510 καὶ
1699 5455 1934 5528 ἄμωμον

317 5555 481 5628 θῦμα
504 5555 650 5610 κατὰ
692 5556 863 5626 νόμον
918 5557 1146 5618 νοεῖται,
1198 5553 1260 5606 τὸ
1288 5553 1344 5605 δὲ
1385 5549 1495 5605 τῶν
1536 5550 1743 5624 ἐρίφων
1777 5548 1934 5617 γένος

319 5647 472 5720 ὑπὲρ
507 5647 615 5702 τῶν
645 5647 935 5721 ἁμαρτιῶν
968 5647 1056 5700 ἀεὶ
1095 5644 1175 5716 τῷ
1203 5643 1582 5716 θυσιαστηρίῳ
1623 5642 1933 5714 προσφέρε-

2034 4619 2185 4674 cium
2228 4618 2561 4690 intelligitur
2589 4618 2900 4674 secundum
2942 4619 3122 4690 legem
3159 4619 3496 4676 :htedorum
3542 4637 3646 4677 aus-

2043 4722 2153 4768 tem
2193 4728 2369 4784 genus
2401 4705 2504 4784 pro
2532 4700 2778 4783 peccatis
2818 4727 3039 4784 semper
3071 4710 3306 4770 oﬂ‘ertur
3332 4715 3466 4771 Deo.
3495 4715 3648 4772 ldem

2039 4813 2096 4862 et
2127 4806 2184 4862 in
2209 4805 2435 4863 Christo
2466 4790 2735 4879 reperies.
2765 4791 2988 4863 Namet
3013 4807 3132 4878 ipse
3169 4809 3291 4864 erat
3317 4793 3646 4864 immacula-

2041 4907 2158 4953 tum
2199 4897 2557 4963 sacriﬁcium,
2593 4907 2650 4954 et
2687 4899 2746 4953 in
2781 4895 3011 4954 odorem
3053 4885 3342 4955 suavitatis
3375 4899 3649 4955 oﬂerebat

2038 4991 2282 5061 seipsum
2307 4991 2421 5045 Deo
2443 5006 2506 5044 ac
2527 4989 2701 5055 Patri,
2730 4998 2894 5060 atque
2919 4975 3026 5046 ceu.
3055 4990 3255 5046 hcedus
3275 4976 3378 5062 pro
3404 4991 3652 5061 peccatis

2040 5082 2250 5138 nostris
2290 5083 2640 5138 mactabatur
2670 5083 2710 5136 ⁸.
2738 5081 3032 5138 Caeterum
3078 5083 3647 5152 postmactationem

2034 5176 2198 5248 jubet
2244 5174 2512 5247 sanguine
2568 5173 2709 5229 illini
2760 5183 2948 5247 postes
2995 5173 3295 5230 domorum
3334 5185 3391 5231 et
3425 5175 3642 5232 limen:

2040 5266 2180 5323 nihil
2205 5263 2377 5333 aliud,
2391 5281 2514 5320 mea
2539 5266 2766 5337 quidem
2787 5266 3084 5332 sententia,
3099 5266 3414 5338 signiﬁcare
3431 5268 3645 5334 volens,

2041 5375 2208 5432 quam
2232 5371 2296 5417 ut
2314 5360 2636 5416 venerando
2658 5369 2715 5416 et
2737 5361 2985 5431 pretioso
3010 5361 3218 5418 Christi
3242 5363 3512 5436 sanguine
3538 5373 3649 5418 ter-

2041 5470 2233 5511 renam
2267 5464 2520 5510 nostram
2552 5454 2781 5510 domum
2806 5455 3126 5527 muniamus
3151 5466 3320 5529 atque
3351 5456 3643 5518 vallemus.

2043 5549 2149 5605 hoc
2171 5558 2278 5614 est,
2306 5563 2510 5620 corpus
2541 5558 2818 5616 nostrum,
2853 5544 3099 5607 mortem
3128 5545 3296 5623 quam
3329 5564 3432 5620 per
3469 5556 3657 5601 trans-

2043 5641 2383 5713 gressionem
2416 5631 2833 5700 incurreramus
2863 5659 2964 5715 per
2995 5643 3122 5699 vitae
3161 5636 3643 5714 participationem

394 5826 426 5864 ⁸
481 5826 504 5884 ῐ
549 5825 686 5883 Cor.
727 5841 822 5892 xu,
860 5824 914 5878 4.
994 5823 1015 5856 ⁵
1052 5823 1174 5878 Act.
1219 5839 1332 5890 vni,
1379 5823 1468 5878 '54.
1546 5821 1566 5853 ⁸
1602 5819 1805 5891 Ephes.
1835 5834 1889 5884 v,
1917 5816 1986 5886 2;
2024 5817 2265 5889 Philipp.
2297 5817 2466 5884 tv,l8.

573 5926 856 5987 PATBOL.
903 5923 1023 5984 Gn.
1073 5921 1292 5983 LXIX.

3287 5906 3364 5972 ll
