4060 6444
247 431 351 486 $29

1259 413 1781 474 CLAI‘HYRORUM
1819 410 1888 466 IN
1927 408 2214 466 EXODUM
2250 408 2377 462 ΜΒ.
2418 407 2481 461 ll.

3440 407 3544 460 $5“

248 545 350 620 ἤδη
390 542 490 614 τῆς
531 540 868 612 οἰκονομίας,
906 537 990 607 ἐφ’
1099 531 1194 591 καὶ
1224 528 1415 605 γέγονε
1448 533 1605 606 σάρξ.
1643 529 1848 631 ’δξγή-

1976 518 2268 577 ιιιιοίεείηιὶε
2320 520 2694 585 conscientiis,
2741 520 3169 579 assuefacientes
3217 535 3276 576 se.
3318 520 3383 573 ad
3434 521 3546 583 doli

248 654 405 693 σουςι
429 634 565 707 γὰρ,
600 634 746 688 κατὰ
774 633 837 686 τὸ
871 631 1041 696 είκὸς,
1067 631 1118 684 οἰ
1149 630 1278 701 περί
1307 626 1640 699 σαρκώσεως
1676 623 1847 692 λόγοι,

243 726 454 796 γνῶσις
464 727 571 797 δέή
591 725 796 797 μείζων
811 721 1149 793 εἰσδήσεται,
1165 722 1259 776 καὶ
1275 719 1393 773 θεία
1408 735 1492 782 τις
1508 718 1564 771 ἐν
1582 714 1713 787 ἡμῖν
1731 713 1855 767 ἀνα·

244 819 459 891 λίμψει
484 818 705 882 σύνεσις
744 815 820 888 (l)
852 815 983 888 παρ’
1013 812 1180 868 αὑτοῦ
1209 811 1486 886 σωτηρίας
1510 810 1608 881 τῆς
1646 808 1703 859 ὲν
1730 804 1858 876 δόξῃ

244 906 570 978 θεοπρεπεί.
588 904 799 976 Πυρίδέ
815 901 1152 977 όπτῶ[ν]τας
1170 901 1449 956 ἐσθίεσθαι
1462 898 1557 955 τοῦ
1574 894 1852 971 προϐάτου

243 996 466 1067 κελεύει
491 996 563 1051 τὰ
589 997 751 1066 κρέα,
767 994 856 1049 διά
888 1013 970 1049 τοι
998 994 1060 1049 τὸ
1096 994 1296 1068 χρῆναι
1325 988 1564 1065 θερμοὺς
1606 986 1749 1044 εῖναι
1774 987 1855 1060 τῷ

243 1086 530 1157 πνεύματι
560 1086 688 1149 τοὺς
713 1086 797 1149 εἰς
828 1084 1132 1156 κατάληψιν
1164 1081 1560 1147 ἀναϐαίνοντας
1586 1080 1682 1136 τοῦ
1713 1082 1853 1153 Χρι-

243 1176 401 1231 στοῦ.
448 1178 606 1232 Ζέειν
654 1177 712 1232 δὲ
757 1177 956 1241 αὑτοὺς
1007 1176 1085 1248 τῷ
1132 1174 1431 1247 πνεύματι,
1488 1173 1703 1230 κελεύει
1762 1175 1857 1229 καὶ

246 1269 487 1332 Παῦλος.
533 1268 697 1323 Ἀλλὰ
748 1269 842 1323 καὶ
893 1268 1092 1339 ἄρτους
1141 1265 1386 1338 ἀζύμους
1441 1266 1535 1320 ἐπὶ
1590 1265 1858 1338 πικρίδων

246 1360 548 1432 φάγονται,
603 1359 759 1432 φησὶ,
799 1359 868 1414 δι’
901 1359 1223 1429 αἰνίγματος
1275 1358 1610 1428 ὑποφαίνων,
1666 1357 1859 1427 ὅτιπερ

243 1456 292 1507 οἰ
328 1454 559 1525 μέτοχοι
606 1452 895 1523 γεγονότες
940 1451 1036 1505 τοῦ
1078 1450 1339 1522 Χριστοῦ,
1381 1450 1615 1522 ἀζύμοις
1668 1448 1857 1521 ὥσπερ

247 1549 348 1601 καὶ
399 1545 833 1618 καθαρωτάταις
879 1544 1204 1617 ἐπιθυμίαις
1234 1544 1334 1617 τὴν
1368 1542 1581 1599 ἑαυτῶν
1614 1541 1860 1615 ὀφείλου-

249 1653 337 1690 σιν
392 1635 733 1707 ἀποτρέψειν
781 1635 982 1707 ψυχὴν,
1018 1637 1099 1699 εἰς
1129 1635 1319 1691 ἄδολόν
1362 1651 1486 1689 τινα
1536 1636 1629 1688 καὶ
1675 1632 1858 1705 ἀμιγῆ

247 1728 597 1799 φαυλότητος
626 1727 1045 1801 προσεθίζοντες
1078 1727 1377 1782 πολιτείαν’
1412 1728 1508 1783 καί⁸
1553 1725 1629 1800 μὴ
1664 1738 1862 1799 παραι-

182 1887 205 1900 ο
246 1821 470 1876 τεῖσθαι
521 1821 613 1875 διὰ
662 1820 824 1875 τοῦτο
853 1820 955 1885 τὰς
986 1823 1051 1875 ἐκ
1097 1820 1209 1875 τῶν
1258 1821 1587 1893 πειρασμῶν
1610 1816 1859 1894 πικρίας,

1954 620 2238 684 expertem
2270 618 2325 669 et
2360 630 2554 683 puram
2579 614 3080 669 conversationem.
3114 613 3338 669 Interim
3367 624 3547 669 tamen

1954 718 2069 759 non
2112 702 2481 759 succumbant
2533 705 2902 760 tentationum
2952 704 3367 770 acerbitatibus,
3406 706 3551 761 sicut

1956 792 2167 851 dictum
2201 806 2287 853 est
2322 812 2352 851 a
2386 797 2626 868 quodam
2654 816 2667 851 :
2707 817 2724 849 ι
2758 798 2883 863 Fili,
2911 798 2956 853 si
2984 798 3202 854 accedis
3232 807 3293 853 ut
3317 797 3551 855 Domino

1956 887 2188 954 servias,
2214 904 2462 960 praepara
2490 890 2731 945 animam
2764 898 2913 945 tuam
2939 890 3007 945 ad
3033 889 3392 945 tentationem
3422 906 3435 943 :
3462 888 3551 944 di-

1957 979 2071 1051 rige
2092 996 2188 1036 cor
2211 988 2389 1048 tuum,
2413 991 2470 1037 et
2496 984 2669 1038 tolera
2700 984 2763 1037 η.
2796 982 2865 1038 At
2888 999 3000 1038 non
3023 983 3201 1040 edatis
3227 982 3295 1040 de
3323 984 3426 1046 eis,
3451 983 3550 1049 ait,

1959 1072 2196 1129 crudum
2222 1074 2285 1129 ιο.
2313 1094 2332 1125 ι
2369 1075 2581 1146 Ecquid
2632 1075 2739 1131 hoc
2775 1076 2892 1131 est?
2926 1075 3028 1144 Qui
3062 1075 3296 1131 crudum
3338 1075 3472 1142 edit,
3505 1076 3553 1132 is

1958 1179 2070 1220 non
2108 1164 2166 1221 in
2213 1166 2580 1241 digestionem
2608 1165 2744 1233 edit,
2782 1168 2893 1224 imo
2929 1166 3203 1239 ejusmodi
3244 1167 3402 1223 cibus
3437 1182 3555 1225 om-

1960 1258 2095 1314 nino
2122 1274 2236 1317 non
2264 1260 2525 1317 convenit
2546 1260 2828 1319 dentibus.
2863 1261 2980 1317 Hoc
3005 1270 3189 1318 autem
3224 1268 3376 1318 recte
3401 1261 3557 1318 dixe-

1963 1351 2039 1407 ris
2084 1353 2209 1410 illos
2257 1351 2438 1410 facere
2480 1354 2575 1425 qui
2624 1371 2725 1427 per
2763 1364 3081 1413 accuratam
3137 1357 3556 1426 inquisitionem

1960 1444 2131 1501 verba
2155 1445 2224 1501 de
2246 1442 2469 1503 Christo
2489 1465 2600 1504 non
2625 1457 2948 1515 extenuant,
2975 1450 3212 1523 igneque
3236 1451 3554 1508 examinant

1960 1545 2018 1593 et
2061 1538 2322 1610 probant,
2345 1539 2504 1611 juxta
2550 1540 2688 1596 illud
2736 1557 2769 1597 a
2818 1542 3105 1598 Psalmista
3154 1542 3551 1601 decantatum:

1970 1653 1988 1685 ι
2014 1633 2085 1689 Et
2118 1632 2175 1689 in
2207 1633 2568 1690 meditatione
2607 1650 2728 1690 mea
2768 1636 2912 1709 ignis
2955 1637 3360 1694 exardescet".
3392 1658 3409 1691 ι
3446 1639 3558 1693 De—

1963 1726 2093 1785 inde
2143 1744 2366 1801 quoque
2406 1728 2692 1800 prohibet,
2734 1744 2804 1785 ne
2851 1729 3059 1786 elisum
3114 1747 3258 1801 aqua
3299 1731 3552 1796 edamus,

1963 1819 2112 1893 quod
2136 1822 2343 1885 indicat
2370 1822 2602 1880 dilatam
2625 1822 2921 1895 quamdam
2946 1816 3015 1879 de
3041 1818 3163 1895 ipso
3183 1825 3557 1897 cognitionem

249 1912 403 1969 κατὰ
431 1912 497 1966 τδ
530 1912 822 1985 εἰρημένον
855 1913 962 1966 ὑπό
990 1929 1136 1976 τινος
1154 1928 1171 1943 ’
1208 1929 1226 1964 ι
1255 1911 1477 1977 Τέκνον,
1507 1910 1555 1967 εἰ
1581 1915 1858 1986 προσέρχῃ

1976 1915 2084 1972 sive
2127 1914 2467 1987 opinionem,
2502 1908 2934 1987 haudquaquam
2979 1913 3101 1975 fore
3139 1917 3437 1979 salutarem
3477 1919 3561 1973 ei-

249 2004 537 2059 δουλεύειν
580 2003 727 2077 θεῷ,
783 2004 1075 2076 ἐτοίμασον
1106 2003 1206 2076 τὴν
1253 2004 1433 2077 ψυχήν
1478 2022 1574 2058 σου
1614 2007 1695 2071 εἰς
1743 2023 1864 2059 πει-

252 2098 497 2171 ρασμὸν,
529 2096 755 2152 εὑθυνον
781 2096 881 2171 τὴν
912 2097 1139 2170 καρδίαν
1162 2111 1257 2151 σου
1288 2099 1381 2151 καὶ
1408 2098 1770 2170 καρτέρησον.
1794 2128 1867 2139 -

266 2189 435 2246 ’Δλλὰ
481 2191 579 2246 καὶ
632 2191 734 2245 οὑκ
778 2190 984 2257 ἕδεσθε,
1015 2191 1201 2264 φησὶν,
1234 2190 1330 2245 ἀπ’
1352 2191 1517 2245 αὑτοῦ
1545 2186 1715 2265 ὠμόν.
1748 2211 1765 2244 ι
1800 2192 1865 2245 Τί

251 2279 349 2338 οὖν
379 2284 495 2355 ἄρα
549 2283 646 2337 καὶ
684 2282 845 2337 τοῦτό
900 2286 1084 2350 ἐστιν;
1129 2284 1186 2338 ὐ
1209 2283 1360 2355 ὠμὸν
1385 2282 1602 2350 ἐσθίων,
1644 2285 1747 2337 οὑκ
1784 2286 1867 2349 εἰς

253 2373 428 2441 πέψιν
461 2372 670 2425 ἐσθίει·
702 2372 817 2426 ἀλλ’
866 2372 987 2426 οὑδὲ
1032 2373 1247 2427 ὑπείκει
1285 2376 1397 2438 τοῖς
1425 2372 1635 2429 ὀδοῦσιν
1665 2374 1801 2438 ὅλως
1830 2376 1866 2446 ἡ

252 2466 442 2520 τοιάδε
483 2467 687 2538 τροφή.
716 2465 893 2520 Τοῦτο
932 2466 990 2520 δέ
1040 2466 1106 2520 ἂν
1149 2466 1323 2539 δρῷεν
1354 2467 1581 2532 εἰκότως
1610 2468 1660 2521 οἰ
1695 2467 1771 2538 μὴ
1796 2466 1865 2519 δι’

256 2557 496 2631 ἐρεύνης
531 2558 627 2612 τὸν
657 2559 750 2613 ἐπὶ
789 2559 868 2631 τῷ
896 2558 1121 2632 Χριστῷ
1152 2557 1653 2624 καταλεπτύνοντες
1683 2560 1863 2629 λόγον,

256 2649 575 2721 πυροῦντες
630 2667 691 2704 τε
739 2653 833 2705 καὶ
877 2652 1291 2723 δοκιμάζοντες,
1329 2651 1474 2707 κατὰ
1507 2652 1568 2707 τὸ
1619 2652 1725 2707 ὑπὸ
1770 2652 1866 2707 τοῦ

254 2739 433 2793 Δαδὶδ
472 2740 916 2813 μελῳδούμενον’
960 2765 977 2797 ι
1009 2746 1117 2800 Καὶ
1156 2746 1214 2800 ἐν
1254 2748 1320 2819 τῇ
1369 2742 1571 2819 μελέτῃ
1618 2763 1722 2818 μου
1778 2748 1870 2801 ἐκ·-

254 2831 607 2902 καυθήσεται
643 2836 776 2905 πῦρ.
807 2854 825 2886 ι
862 2835 1078 2890 κωλύει
1116 2837 1173 2890 δὲ
1204 2837 1366 2893 πάλιν
1418 2838 1621 2892 ἐσθίειν
1650 2837 1869 2910 ἡψημέ-

254 2942 350 2979 νον
380 2928 446 2980 ἐν
476 2925 655 2993 ὑδατι,
676 2929 778 2998 τὴν
809 2927 1175 3001 ὑδαρεστέραν
1217 2929 1312 2983 καί
1340 2929 1709 3005 ἐκλελυμένην
1740 2930 1877 3003 περὶ

254 3018 436 3073 αὑτοῦ
470 3018 746 3090 διάληψιν,
780 3020 842 3074 οὑ
900 3020 1072 3091 καλὴν
1122 3020 1341 3075 ἔσεσθαι
1383 3020 1588 3093 τροφὴν
1611 3022 1730 3086 ταῖς
1763 3019 1871 3075 τῶν

257 3112 647 3165 πιστευόντων
709 3112 975 3178 διανοίαις
1037 3113 1341 3184 ὑποδηλῶν,
1394 3113 1761 3187 Ὑδαρεστὲρα
1816 3112 1874 3168 δὲ

234 3205 397 3276 ιπερὶ
426 3204 601 3259 αὑτοῦ
630 3205 907 3277 διὰληψις,
937 3206 1000 3260 τὸ
1029 3206 1105 3279 μὴ
1127 3205 1260 3260 Θεὸν
1288 3206 1498 3261 οἴεσθαι
1528 3207 1672 3261 κατὰ
1706 3206 1871 3277 φύσιν

1965 2006 2100 2063 bum
2151 2004 2434 2065 mentibus
2484 2007 2854 2067 credentium.
2906 2008 3092 2069 Diluta
3137 2018 3323 2066 autem
3371 2011 3562 2083 opinio

1965 2106 2072 2166 est,
2109 2102 2157 2157 si
2203 2117 2315 2161 non
2354 2101 2551 2159 credas
2586 2117 2714 2158 eum
2748 2117 2872 2160 esse
2907 2109 3099 2174 suapte
3135 2113 3335 2160 natura
3364 2105 3560 2168 Deum,

1967 2188 2065 2251 sed
2100 2191 2155 2249 in
2181 2191 2434 2249 ordinem
2459 2200 2843 2249 creaturarum
2870 2192 3089 2265 redigas
3118 2211 3131 2248 :
3167 2194 3315 2265 quod
3338 2196 3564 2265 quidem

1968 2301 2069 2357 pro
2098 2302 2199 2341 sua
2238 2286 2518 2357 imperitia
2561 2303 2676 2343 non
2710 2294 2979 2343 verentur
3024 2288 3300 2353 nonnulli,
3326 2288 3423 2359 qui
3443 2305 3568 2360 quas

1968 2388 2121 2435 certa
2146 2380 2363 2435 ratione
2392 2379 2461 2435 de
2486 2381 2606 2451 ipso
2631 2380 2781 2437 dicta
2813 2389 2943 2438 eunt
2977 2388 3204 2453 propter
3228 2382 3567 2439 incarnatio-

1971 2485 2123 2535 nem,
2144 2466 2212 2525 ad
2228 2485 2388 2526 suum
2413 2470 2749 2542 detorquent
2772 2466 3088 2538 arbitrium,
3114 2480 3279 2543 atque
3305 2473 3378 2527 ita
3398 2474 3569 2532 veluti

1970 2559 2158 2616 cibum
2186 2552 2480 2634 quemdam
2526 2575 2642 2617 suae
2668 2560 2942 2632 impietati
2982 2563 3350 2620 constituunt.
3389 2583 3408 2616 ι
3448 2564 3569 2621 Non

1970 2650 2179 2723 itaque,
2207 2652 2408 2723 inquit,
2424 2652 2604 2710 edetis
2625 2661 2845 2711 coctum
2868 2669 3033 2725 aqua,
3052 2655 3146 2710 sed
3173 2655 3284 2729 igni
3309 2672 3520 2724 assum;
3542 2681 3561 2710 ι

1972 2745 2045 2800 oh
2088 2744 2409 2818 praedictam
2454 2762 2708 2811 causam,
2745 2756 2802 2802 et
2841 2747 2974 2818 quia
3026 2766 3044 2799 ι
3083 2748 3307 2819 eloquia
3351 2749 3572 2809 Domini

1974 2836 2099 2909 igne
2129 2836 2440 2895 examinata
2473 2830 2537 2891 η.
2571 2856 2589 2888 ι
2632 2836 2841 2894 Omnes
2864 2838 3011 2893 enim
3048 2838 3119 2895 de
3157 2840 3333 2911 ipsius
3352 2841 3574 2897 deitate

1974 2942 2263 2985 sermones
2311 2935 2441 2984 sunt
2490 2926 2723 2999 fervidi,
2780 2943 2962 2998 neque
3011 2928 3220 2985 habent
3268 2930 3574 3001 quidquam

1976 3033 2218 3089 aqueum
2243 3028 2340 3075 aut
2363 3018 2646 3091 frigidum,
2669 3017 2824 3092 juxta
2860 3020 3038 3088 illum,
3063 3022 3159 3091 qui
3197 3022 3398 3079 iterum
3432 3023 3577 3081 dixit

1978 3104 2036 3162 in
2090 3107 2235 3163 libro
2287 3106 2687 3164 Psalmorum:
2736 3127 2755 3161 ι
2794 3109 3032 3182 Ignitum
3083 3111 3366 3183 eloquium
3419 3122 3574 3170 tuum

1978 3199 2162 3268 valde,
2188 3209 2245 3258 et
2271 3214 2465 3257 servus
2491 3209 2623 3258 tuus
2654 3201 2850 3261 dilexit
2872 3203 3009 3262 illud
3040 3205 3105 3262 ".
3129 3224 3154 3258 ι
3182 3205 3360 3279 Caput
3390 3217 3576 3264 autem

252 3298 544 3371 ὑπάρχειν
573 3299 759 3366 αὑτὸν,
792 3298 910 3353 ἀλλ’
943 3278 1039 3363 εἰς
1063 3300 1164 3371 τὴν
1192 3299 1300 3354 τῶν
1331 3300 1653 3371 ποιημάτων
1699 3316 1867 3354 κατα-

1976 3308 2102 3349 cum
2134 3292 2370 3364 pedibus
2404 3303 2460 3349 et
2498 3286 2778 3352 intestinis
2798 3295 2965 3352 edere
2985 3296 3164 3369 jubet,
3191 3278 3453 3357 nimirum
3481 3315 3579 3356 vo-

251 3391 527 3463 κομίξειν
549 3389 708 3455 τάξιν
729 3408 744 3422 ο
775 3388 807 3444 ὃ
837 3392 932 3445 καί⁹
955 3391 1089 3463 δρᾲν
1118 3381 1350 3463 ἀμαθῶς
1380 3393 1441 3445 οὑ
1479 3390 1871 3463 καταναρκῶσί

249 3499 440 3548 τινες,
481 3482 553 3537 τὰ
601 3483 965 3554 οἰκονομικῶς
1005 3473 1275 3555 εἰρημένα
1304 3484 1434 3555 περὶ
1462 3483 1629 3537 αὑτοῦ
1661 3483 1748 3538 διὰ
1774 3484 1873 3555 τὴν

252 3573 714 3647 ἐνανθρὼπησιν,
756 3577 837 3640 είς
878 3574 938 3629 τὸ
977 3574 1178 3629 οἰκεῖον
1228 3574 1610 3646 περιέλκοντες
1641 3574 1872 3647 θέλημα,

257 3671 366 3727 καὶ
405 3670 620 3742 τροφὴν
655 3669 848 3743 ὥσπερ
884 3670 1007 3725 τινὰ
1047 3671 1148 3740 τῆς
1189 3670 1420 3742 ἐνούσης
1463 3671 1647 3738 αὐτοῖς
1680 3670 1873 3729 δυσσε-

255 3765 428 3829 ϐείας
474 3763 813 3834 ποιούμενοι.
857 3783 875 3815 ι
897 3764 1011 3818 Οὑκ
1045 3763 1227 3817 ἐδεσθε
1272 3765 1475 3829 τοίνυν,
1508 3766 1697 3836 φησὶν,
1734 3766 1879 3837 ἡψη-

259 3856 438 3927 μένον
491 3856 551 3908 ἐν
598 3854 773 3919 ὕδατι,
830 3855 948 3909 ἀλλ’
1006 3853 1039 3928 ἢ
1082 3855 1225 3910 ὀπτα
1274 3856 1471 3929 πυρίη»
1504 3855 1595 3911 διὰ
1624 3856 1723 3927 τὴν
1774 3852 1876 3935 ἤδη

256 3945 754 4020 προαποδοθείσαν
800 3948 1003 4014 αἰτίαν,
1049 3948 1145 4001 καὶ
1176 3949 1259 4002 δτι
1298 3967 1316 4000 ι
1343 3947 1412 4002 τὰ
1453 3946 1611 4017 λόγια
1668 3947 1877 4021 Κυρίου

259 4037 676 4111 πεπυρωμένα.
701 4057 720 4090 ι
742 4038 951 4111 Θερμοί
982 4039 1091 4111 γὰρ
1125 4038 1329 4105 πάντες
1370 4040 1508 4093 εἰσὶν
1537 4041 1586 4093 oi
1610 4040 1742 4112 περὶ
1782 4042 1881 4109 τῆς

255 4132 535 4204 θεότητος
577 4130 746 4186 αὑτοῦ
779 4130 954 4204 λόγοι,
1008 4133 1103 4187 καὶ
1150 4132 1305 4186 οὐδὲν
1351 4131 1566 4203 ἔχοντες
1609 4132 1804 4205 ὑδαρές
1847 4132 1881 4204 ἢ

253 4224 688 4297 ἁπεψυγμένον,
714 4225 858 4280 κατὰ
884 4225 978 4279 τὸν
997 4225 1227 4297 λέγοντα
1258 4226 1423 4281 πάλιν
1451 4228 1509 4281 ἐν
1536 4224 1706 4298 βίϐλῳ
1732 4225 1884 4279 Ψαλ-

269 4319 426 4391 μῶν·
459 4338 480 4372 ι
512 4318 921 4391 Πεπυρωμένον
959 4319 1021 4374 τὸ
1055 4320 1238 4391 λόγιόν
1297 4336 1393 4373 σου
1448 4317 1674 4388 σφόδρα,
1722 4318 1816 4372 καὶ
1854 4320 1883 4371 ό

260 4412 466 4477 δοῦλός
494 4429 590 4466 σου
625 4412 917 4484 ἠγάπησεν
949 4412 1101 4468 αὑτό.
1124 4432 1142 4462 ι
1181 4411 1439 4482 Κεφαλήν
1476 4410 1533 4464 δέ
1582 4408 1746 4481 πάλιν
1783 4410 1883 4463 σὺν

259 4508 392 4568 τοῖς
416 4502 551 4557 ποσὶ
584 4503 682 4558 καί
722 4506 839 4568 τοῖς
865 4502 1164 4566 ἐντοσθίοις
1194 4502 1479 4559 ἐπιτάττει
1513 4504 1730 4573 φαγεῖν,
1751 4501 1883 4572 ὅλην

261 4599 323 4667 ἐξ
353 4597 489 4651 δλου
533 4596 631 4651 τοῦ
659 4599 782 4652 κατ’
809 4594 978 4651 αὑτοῦ
1032 4595 1335 4669 μυστηρίου
1379 4592 1483 4667 τὴν
1530 4592 1730 4679 γνιῖέσιν
1761 4596 1884 4657 ταῖς

262 4691 386 4746 τῶν
423 4689 800 4745 πιστευόντων
840 4689 1105 4754 διανοίαις
1142 4689 1505 4755 ἐνοικίζεσθαι
1535 4688 1727 4743 θέλων.
1761 4689 1884 4762 Χρὴ

259 4784 383 4855 γὰρ
414 4781 625 4837 εἰδέναι
668 4781 781 4853 πρὸ
812 4782 1053 4848 πάντων,
1088 4783 1285 4854 ὅτιπερ
1310 4777 1378 4854 ἦν
1400 4780 1504 4855 [ὲν]
1558 4782 1722 4854 ἀρχῇ,
1754 4779 1888 4846 Θεὸς

264 4875 340 4930 ὢν
377 4876 412 4929 ό
437 4875 639 4945 Λόγος,
668 4875 728 4929 ἐν
753 4874 934 4947 Πατρὶ
972 4875 1068 4931 καὶ
1100 4876 1240 4947 μετὰ
1267 4875 1499 4947 Πατρός·
1539 4872 1824 4931 τουτέστιν
1852 4875 1885 4945 ἡ

265 4967 515 5040 κεφαλὴ,
571 4966 718 5040 ἀρχὴ
764 4964 862 5021 τοῦ
923 4969 1126 5032 παντὸς
1177 4967 1501 5038 ὑπάρχουσα
1557 4967 1881 5040 μυστηρίου.

266 5059 545 5129 Δεύτερον
573 5057 633 5111 δὲ
662 5058 745 5112 ὅτι
768 5058 866 5113 καὶ
883 5052 1017 5122 Θεὸς
1043 5058 1141 5126 ὢν,
1176 5059 1340 5113 πάλιν
1369 5056 1652 5132 ἐπανήξει,
1685 5059 1879 5131 κριτὴς

268 5147 431 5211 τέλος
461 5147 747 5219 ἐπιθήσων
788 5149 855 5220 τῇ
910 5149 1032 5203 καθ’
1062 5150 1210 5222 ἡμᾶς
1239 5149 1525 5221 οἰκονομίᾳ
1552 5167 1564 5180 ο
1593 5148 1752 5203 τοῦτο
1779 5149 1889 5219 γὰρ

271 5239 413 5312 ἡμῖν
462 5240 832 5312 σημαίνουσιν
868 5241 918 5294 oi
953 5239 1138 5309 πόδες,
1164 5240 1227 5295 τὸ
1253 5241 1405 5306 τέλος
1439 5241 1591 5305 ὄντες
1620 5240 1743 5294 ὅλου
1788 5240 1886 5295 τοῦ

273 5332 565 5404 σώματος.
595 5332 835 5404 Νοήσεις
855 5333 913 5388 δὲ
951 5334 1022 5388 τὰ
1045 5334 1296 5390 ἐντόσθια
1317 5334 1410 5389 τὸν
1450 5336 1886 5407 ἀποκεκρυμμέ-

273 5428 366 5481 νον
398 5426 504 5481 καὶ
537 5428 703 5481 οἱονεὶ
733 5426 902 5499 μέσον
934 5429 1026 5483 τὸν
1068 5429 1540 5502 ἐνανθρωπήσεως
1586 5429 1763 5499 λόγον.
1791 5430 1890 5483 Οὑ-

272 5517 415 5573 κοῦν
459 5517 762 5592 ὁλόκληρος
811 5522 912 5593 μὲν
959 5521 1048 5576 διὰ
1102 5520 1307 5575 τούτων
1338 5523 1371 5596 ἡ
1404 5521 1625 5586 πίστις·
1671 5521 1793 5585 ὅλος
1831 5520 1890 5575 δὲ

276 5611 375 5665 καὶ
397 5610 633 5687 τέλειος
655 5615 719 5668 ἐν
749 5614 884 5686 ἡμῖν
912 5613 998 5667 διὰ
1027 5614 1130 5685 τῆς
1167 5614 1381 5668 τοιᾶσδε
1413 5613 1671 5684 γνώσεως
1691 5615 1719 5667 ό
1752 5615 1889 5686 Χρι-

281 5702 430 5767 στός.
443 5700 667 5777 Ταύτης
685 5704 798 5778 γὰρ
832 5705 998 5759 ἕνεκα
1019 5707 1115 5776 τῆς
1134 5705 1311 5770 αἰτίας
1340 5705 1583 5777 οἰηθείην
1618 5705 1684 5760 ἂν
1712 5704 1885 5774 ἔγωγε

1975 3385 2097 3442 lens
2130 3394 2301 3443 totam
2342 3402 2411 3443 ex
2449 3395 2563 3446 tota
2602 3387 2851 3459 mysterii
2878 3389 2966 3445 sui
2994 3389 3364 3462 cognitionem
3396 3392 3579 3447 inesse

1979 3477 2226 3539 ﬁdelium
2265 3479 2569 3537 mentibus.
2600 3478 2738 3539 Nam
2773 3490 2903 3537 ante
2937 3482 3124 3539 omnia
3158 3492 3377 3555 oportet
3411 3484 3577 3550 scire,

1976 3572 2127 3645 quod
2162 3571 2431 3639 Verbum,
2455 3570 2583 3628 cum
2618 3566 2690 3629 sit
2716 3574 2882 3641 Deus,
2902 3574 3073 3631 fuerit
3113 3576 3171 3631 in
3206 3577 3482 3648 principio
3520 3576 3579 3635 in

1978 3662 2140 3721 Patre
2200 3674 2257 3721 et
2314 3682 2441 3723 cum
2488 3658 2695 3722 Patre:
2732 3666 2838 3722 hoc
2883 3666 3158 3740 signiﬁcat
3203 3679 3388 3741 caput,
3429 3670 3579 3741 quod

1979 3773 2064 3816 εει
2135 3758 2308 3816 totius
2378 3756 2632 3833 mysterii
2706 3760 3066 3833 principium.
3133 3761 3343 3819 Deinde
3408 3779 3578 3829 vero,

1981 3854 2130 3925 quod
2184 3864 2241 3910 et
2318 3846 2466 3910 Deus
2504 3869 2630 3910 cum
2686 3854 2783 3920 sit,
2848 3870 3044 3911 rursus
3100 3864 3371 3912 venturus
3417 3856 3582 3927 273

1982 3944 2056 3999 sit
2095 3943 2298 4016 judex,
2352 3938 2516 4000 ﬁnem
2571 3943 2703 3999 huic
2754 3952 2959 4003 nostra
3018 3943 3420 4015 dispensationi
3476 3947 3581 4000 im-
3652 4010 3657 4017 ,

1985 4036 2302 4107 positurus,
2354 4028 2648 4107 designant
2714 4035 2919 4107 pedes,
2973 4035 3071 4106 qui
3118 4036 3288 4092 totius
3334 4037 3586 4108 corporis

1990 4128 2113 4184 linis
2169 4143 2268 4183 seu
2326 4127 2670 4183 extremitas.
2714 4126 2890 4184 Porro
2937 4126 3264 4183 intestinum
3312 4128 3586 4201 intelliges

1988 4219 2219 4275 verbum
2242 4217 2652 4285 absconditum,
2693 4225 2750 4273 et
2777 4218 2935 4291 quasi
2976 4217 3122 4277 intra
3147 4218 3443 4276 humanam
3482 4236 3584 4279 na-

1992 4322 2167 4369 turam
2226 4311 2523 4369 inclusum.
2594 4309 2872 4379 Quocirca
2940 4309 3079 4367 ﬁdes
3150 4312 3327 4367 solida
3379 4322 3437 4369 et
3496 4313 3583 4369 in-

1992 4410 2143 4477 tegra
2202 4419 2303 4479 per
2348 4404 2467 4460 haec
2513 4402 2786 4471 innuitur,
2844 4402 3092 4473 adeoque
3158 4402 3415 4462 Christus
3459 4422 3588 4478 per-

1990 4494 2206 4564 fectus,
2258 4494 2355 4570 qui
2407 4511 2508 4567 per
2552 4494 2825 4567 ejusmodi
2885 4496 3260 4568 cognitionem
3314 4498 3371 4553 in
3426 4499 3593 4555 nobis

1992 4589 2225 4644 habitat.
2283 4587 2368 4644 Oh
2424 4587 2570 4642 hanc
2643 4587 2792 4644 enim
2849 4604 3072 4645 causam
3151 4590 3588 4651 existimaverim

1992 4690 2047 4737 et
2089 4681 2359 4736 Joannem
2401 4679 2609 4737 dixisse
2656 4698 2668 4734 :
2726 4700 2744 4733 ι
2788 4680 2894 4749 Qui
2959 4686 3079 4748 est,
3127 4681 3222 4753 qui
3284 4689 3425 4749 erat,
3489 4683 3587 4753 qui

1992 4785 2263 4833 venturus
2340 4783 2427 4833 est
2482 4776 2551 4830 ".
2624 4794 2641 4827 ι
2717 4775 2967 4831 Ροειίιιεο
3042 4777 3295 4849 praecipit
3372 4776 3590 4847 legisla-

1993 4875 2099 4934 tor,
2144 4882 2214 4922 ne
2257 4864 2391 4937 quid
2427 4865 2497 4920 de
2538 4866 2674 4936 ipsis
2704 4866 3050 4940 relinquatur
3080 4881 3254 4937 usque
3290 4864 3359 4920 ad
3402 4881 3585 4929 mane.

1991 4960 2244 5032 ﬁgurate,
2285 4967 2347 5013 ut
2386 4958 2630 5024 videtur,
2663 4973 2762 5033 per
2805 4957 2924 5013 ha3c
2963 4958 3267 5028 prohibens
3302 4955 3475 5013 malas
3516 4957 3587 5012 ad

1989 5050 2231 5122 perfecte
2254 5048 2679 5122 intelligendum
2703 5050 3247 5119 procrastinationes.
3269 5046 3390 5104 Non
3412 5049 3585 5114 enim,

1993 5145 2091 5209 ait,
2125 5142 2416 5199 diﬂ'eratur
2468 5149 2563 5197 aut
2588 5141 3033 5217 procrastinetur
3066 5140 3311 5214 perfecta
3347 5157 3591 5213 veraque

1992 5237 2091 5292 Dei
2115 5234 2380 5307 cognitio,
2409 5249 2512 5290 nec
2538 5233 2634 5292 ulli
2668 5232 2775 5288 sibi
2806 5242 3096 5289 reservent
3137 5234 3589 5306 intempestivum

1990 5339 2233 5400 tempus,
2265 5344 2377 5399 quo
2402 5326 2499 5383 Dei
2526 5327 2770 5400 perfecte
2800 5327 3103 5400 participes
3134 5327 3290 5397 ﬂant,
3318 5345 3445 5386 cum
3476 5332 3591 5403 jam

1994 5422 2167 5479 semel
2197 5422 2249 5476 ei
2283 5418 2767 5486 communicarint,
2806 5430 2902 5476 aut
2945 5420 3003 5476 in
3036 5422 3359 5478 universum
3391 5423 3591 5495 attige«

1998 5517 2128 5571 rint.
2176 5513 2293 5569 Hoc
2338 5527 2470 5569 sane
2516 5511 2730 5569 faciunt
2774 5514 2869 5584 qui
2904 5529 3030 5570 cum
3067 5531 3166 5586 per
3190 5516 3590 5572 catechismum

1994 5607 2253 5680 dogmata
2281 5605 2351 5661 de
2379 5603 2603 5663 Christo
2633 5604 2998 5678 degustarint,
3025 5608 3292 5664 diﬂ'erunt
3314 5607 3591 5665 illumina-

1995 5702 2204 5759 tionem
2229 5699 2493 5771 Spiritus,
2506 5706 2562 5756 et
2576 5698 2808 5771 gratiam
2830 5717 2930 5772 per
2940 5701 3273 5773 baptismum
3291 5699 3346 5755 in
3364 5700 3589 5770 longum

339 5831 387 5865 ⁸⁸
410 5831 580 5889 Eccli.
604 5847 668 5897 ll,
702 5832 755 5900 1,
784 5831 840 5886 2.
920 5832 966 5863 ¹⁶
983 5829 1155 5884 Exod.
1184 5846 1281 5895 vn,
1307 5829 1363 5885 9.
1442 5829 1484 5861 "
1503 5826 1649 5885 Psal.
1670 5843 1871 5883 xxxvul

1976 5868 1981 5882 .
2059 5823 2445 5893 "Psal.xr,7.
2524 5819 3106 5891 "Pantcnmuo.
3182 5802 3229 5854 ιδ
3252 5820 3421 5892 Aparc.
3454 5836 3492 5886 ι,
3522 5820 3580 5882 8.

342 5926 423 5999 (Ι)
445 5927 629 5988 Codex
653 5927 977 5986 llarlzeanus
1005 5925 1174 5992 addit,
1206 5924 1545 5997 τελειοτάτην
1571 5921 1840 5979 ἐντιθεῖσκ

1982 5922 2037 5979 ά)
2048 5917 2202 5991 ηψιν.
