4060 6450
304 344 412 407 455

1361 347 1884 404 GLAPHYRORUM
1918 344 1988 400 IN
2026 347 2313 406 EXODUM
2354 349 2497 433 LlB.‘
2526 351 2588 406 ll.

3499 353 3606 412 154

302 467 549 520 τοιοῦτον
583 465 764 535 ἔχειν’
809 482 827 518 ι
848 464 914 518 Ai
948 463 1146 533 ὀσφύες
1183 465 1336 536 ὑμῶν
1375 465 1619 520 ἔστωσαν
1641 464 1903 536 περιεζω-

2014 466 2147 521 item
2180 469 2448 539 propheta
2493 465 2800 522 Jeremias:
2837 486 2852 515 ι
2892 464 2959 519 Ει
2986 479 3153 528 nunc,
3182 463 3376 532 lsrael,
3416 467 3604 521 Domi-

302 558 528 628 σμέναι,
573 557 761 627 φησιν,
800 556 894 608 καὶ
924 559 990 611 τὰ
1022 556 1345 627 ὑποδήματα
1376 559 1434 610 ὲν
1471 558 1584 621 τοῖς
1625 556 1774 621 ποσὶ,
1812 557 1908 609 καὶ

297 653 354 704 ai
396 648 698 720 βακτηρίαι
745 651 802 702 ὲν
832 651 951 711 ταῖς
979 649 1168 718 χερσιν
1189 647 1362 719 ὑμῶν.
1399 649 1510 701 Καὶ
1549 647 1788 718 φάγεσθε
1812 647 1906 700 αύ·

295 745 360 796 τὸ
397 742 543 812 μετὰ
574 741 834 811 σπουδῆς.
877 742 1071 812 Πάσχα
1106 741 1224 795 ἐστὶ
1271 742 1486 813 Κυρίῳ.
1513 761 1532 792 ι
1562 742 1635 794 Τὸ
1680 742 1776 812 μὲν
1812 736 1906 795 οῦν

294 834 544 899 ὲζῶσθαι
578 835 680 907 τὴν
712 835 905 903 ὀσφὺν,
930 835 1265 907 γοργότητος
1290 833 1355 888 ἂν
1381 834 1464 906 εἴη
1499 834 1787 905 σύμϐολον,
1813 837 1907 889 καί¹

293 928 662 997 φρονήματος
686 923 963 986 νεανικοῦ,
1001 929 1140 979 κατὰ
1170 925 1231 978 τὸ
1262 926 1556 997 εἰρημένον
1588 926 1740 998 παρὰ
1768 924 1904 978 Θεοῦ

290 1017 436 1087 πρὸς
479 1015 577 1068 τὸν
635 1015 846 1068 δίκαιον
891 1015 1043 1067 Ἰώϐ-
1091 1015 1315 1068 ιΖῶσαι
1376 1016 1566 1088 ὥσπερ
1614 1017 1754 1088 ἀνὴρ
1807 1017 1906 1088 τὴν

289 1109 473 1177 ὀσφύν
530 1125 692 1163 σου.)
741 1109 852 1161 Καὶ
903 1109 1062 1161 πάλιν
1109 1109 1238 1177 περί
1267 1125 1412 1172 τινος
1456 1111 1514 1162 ὲν
1571 1113 1900 1182 προφήταις,

295 1222 314 1252 ‹
337 1203 454 1254 Καὶ
479 1200 639 1255 ἔσται
673 1200 988 1270 δικαιοσύνῃ
1012 1200 1324 1271 ὲζωτμὲνος
1352 1201 1451 1273 τὴν
1475 1202 1645 1270 ὀσφὺν
1679 1203 1898 1268 afﬁci,»

293 1294 415 1346 ἀντὶ
446 1292 574 1356 τοῦ,
606 1292 808 1362 γοργὸς
850 1292 943 1345 καὶ
983 1292 1224 1363 ἀνδρεῖος
1269 1295 1351 1356 είς
1392 1293 1761 1366 δικαιοσύνην.
1802 1296 1904 1365 Ση-

292 1383 484 1454 μαίνει
535 1381 596 1434 δὲ
623 1382 685 1434 τὸ
714 1381 970 1452 ὑπόδημα
1011 1383 1110 1452 τὴν
1155 1383 1485 1454 ἑτοιμότητα
1529 1385 1626 1454 τῆς
1677 1383 1905 1456 γνώμης

289 1476 432 1545 πρὸς
471 1474 536 1526 τὺ
578 1473 816 1544 βαδίζειν
866 1472 1186 1545 ausum-ct
1243 1476 1378 1546 πρὸς
1399 1477 1536 1548 ὅπερ
1559 1477 1624 1531 ἂν
1651 1477 1902 1548 βούληται

286 1564 448 1626 Θεός.
499 1564 659 1617 Ἐπεὶ
697 1565 792 1617 καὶ
821 1563 1032 1626 Παῦλος
1078 1563 1308 1635 τοιούτῳ
1343 1565 1426 1618 νοῒ
1460 1567 1703 1639 γράφει·
1742 1587 1760 1620 ι
1792 1570 1903 1622 Καὶ

288 1655 714 1727 ὑποδησάμενοι
742 1656 868 1719 τοὺς
907 1655 1075 1719 πόδας
1110 1657 1167 1708 ἐν
1202 1657 1489 1729 ἑτοιμασίᾳ
1527 1659 1622 1712 τοῦ
1661 1661 1903 1730 Εύαγγε-

286 1746 407 1799 λίου
433 1747 540 1818 τῆς
574 1748 819 1818 εἰρήνης.
843 1765 860 1798 ι
907 1747 1016 1800 Καὶ
1041 1749 1265 1817 προσέτι
1300 1749 1474 1821 τούτῳ
1503 1753 1595 1805 καὶ
1625 1754 1653 1806 ὁ
1682 1755 1900 1826 προφή-

287 1857 392 1910 της
445 1838 742 1912 Ἱερεμίας,
778 1860 795 1891 ι
821 1840 932 1894 Καὶ
966 1840 1080 1907 νῦν,
1127 1841 1361 1913 Ἰσραὴλ,
1393 1844 1448 1895 τί
1480 1845 1682 1915 ,Κύριος
1710 1847 1738 1897 ὁ
1764 1846 1900 1911 Θεὸς

291 1952 389 1988 σου
420 1936 574 1988 αίτεῖ
619 1934 773 2006 παρὰ
833 1934 950 1997 σοῦ,
985 1934 1101 1987 ἀλλ’
1151 1935 1182 2005 ἢ
1236 1937 1521 2003 φοϐεῖσθαι
1571 1938 1774 2007 Κύριον
1803 1955 1898 1992 τον

289 2027 428 2081 Θεόν
466 2043 589 2088 σου,
619 2025 950 2097 πορεύεσθαι
976 2028 1034 2078 ὲν
1068 2026 1272 2090 πάσαις
1309 2031 1431 2090 ταῖς
1461 2028 1599 2091 ὁδοῖς
1639 2029 1841 2095 autem};
1871 2048 1891 2082 ι

301 2120 534 2183 Ῥάϐδος
602 2119 662 2172 δὲ
733 2119 768 2190 ή
813 2119 955 2173 κατὰ
1002 2123 1212 2191 χεῖρας,
1259 2121 1357 2192 τὴν
1411 2123 1898 2194 ἀντιστηρίζουσαν

290 2213 442 2284 ἡμᾶς
475 2211 674 2265 ἐλπίδα
707 2212 806 2265 καὶ
831 2211 1132 2283 ἀνέχουσαν
1165 2213 1245 2275 είς
1269 2213 1549 2284 ὑπομονὴν
1586 2215 1896 2284 ὑποφαίνει,

289 2305 438 2358 κατὰ
466 2302 529 2356 τὸ
570 2305 629 2356 ἐν
656 2303 965 2372 προφήταις
994 2300 1277 2372 κείμενον·
1315 2321 1333 2354 ι
1368 2303 1658 2356 Ἐλπίσατε
1699 2306 1792 2358 ἐπὶ
1821 2305 1899 2376 τῷ

287 2397 512 2469 Κυρίῳ.
568 2397 666 2448 καὶ
715 2393 1174 2464 ἀντιστηρίσασθε
1221 2395 1316 2447 ἐπὶ
1367 2395 1445 2466 τῷ
1501 2395 1686 2466 Θεῷ.»
1745 2398 1902 2452 Μετὰ

290 2488 540 2558 σπουδῆς
564 2487 624 2540 δὲ
662 2486 824 2550 πάλιν
865 2485 1146 2540 ἐσθίεσθαι
1183 2486 1274 2540 τὸν
1305 2487 1477 2558 ἀμνὸν
1499 2488 1778 2542 ἐπιτάττει
1800 2505 1812 2517 ·
1841 2491 1900 2543 τὸ

291 2583 368 2654 μὴ
407 2581 627 2652 νωθρὸν
675 2579 814 2650 μηδὲ
842 2579 1176 2649 παρειμένον
1209 2581 1266 2632 ἐν
1297 2579 1481 2651 ἔργοις
1511 2580 1737 2646 ἀγαθοῖς
1771 2582 1901 2634 ἀνα-

287 2673 587 2743 φαίνεσθαι
618 2671 728 2725 δεῖν
758 2671 846 2724 τὸν
876 2672 934 2724 ὲν
964 2669 1182 2740 μεθέξει
1227 2673 1488 2741 γεγονότα
1520 2672 1780 2742 Χριστοῦ,
1806 2691 1901 2726 σα-

289 2767 409 2836 φῶς
445 2767 517 2837 δὴ
553 2765 676 2819 λίαν
703 2763 1022 2829 ὐποτυπῶν,
1061 2764 1176 2817 ἀλλ’
1208 2763 1420 2817 ἔντονόν
1459 2781 1517 2818 τε
1551 2766 1645 2818 καὶ
1675 2765 1902 2830 ζέουσαν

287 2859 378 2929 ἐφ’
405 2853 613 2930 οἷσπερ
656 2857 724 2913 ἂν
783 2858 964 2928 οἴηται
1002 2856 1379 2927 λυσιτελήσειν
1407 2856 1557 2928 αὑτῷ
1593 2857 1904 2929 προθυμίαν

287 2950 646 3022 εἰσφέροντα.
677 2948 788 3002 Καί
826 2965 918 3018 μοι
958 2946 1122 3001 πάλιν
1145 2947 1316 3002 ἐννόει
1355 2945 1448 3001 τὸν
1485 2948 1754 3018 μακάριον
1783 2950 1906 3001 ἐπι-

289 3043 590 3096 στέλλοντα
633 3040 848 3094 Παῦλον
867 3055 881 3068 ·
908 3059 927 3091 ι
953 3038 1068 3093 Οὐκ
1093 3039 1272 3094 οίδατε
1289 3041 1371 3093 ὅτι
1401 3041 1449 3093 οί
1472 3041 1528 3092 ὲν
1554 3039 1752 3110 σταδίῳ
1776 3039 1903 3111 τρέ-

2010 574 2116 613 ιιιιε
2148 559 2294 614 Deus
2322 567 2448 612 tuus
2472 557 2604 627 quid
2646 555 2781 626 petit
2807 555 2905 609 abs
2933 563 3004 617 te,
3041 554 3147 609 nisi
3176 562 3236 608 ut
3262 554 3454 608 timeas
3496 555 3606 608 Do-

2012 653 2223 707 minum
2268 651 2441 706 Deum
2481 659 2655 713 tuum,
2708 655 2766 702 ut
2813 647 3064 702 ambules
3111 646 3164 698 in
3209 645 3468 700 omnibus
3503 645 3606 700 v-iis

2009 747 2130 816 ejus
2151 745 2234 798 ’πῖ
2265 764 2281 795 ι
2313 745 2477 814 Virga
2506 750 2692 798 autem
2718 748 2773 796 et
2801 740 3031 795 baculus
3060 740 3112 793 in
3142 755 3306 794 manu
3333 737 3609 810 significat

2010 854 2184 908 spem,
2224 854 2346 908 qua:
2381 853 2482 892 nos
2520 835 2813 890 confirmat
2857 848 2920 888 ac
2963 840 3237 886 sustentat
3262 847 3360 901 per
3388 831 3604 902 patien-

2010 927 2139 981 tiam
2175 928 2477 980 secundum
2525 924 2679 987 illud,
2716 921 2863 993 quod
2894 922 2948 975 in
2988 921 3274 992 prephetis
3320 921 3556 975 habetur
3587 940 3600 974 :

2017 1038 2032 1068 ‹
2064 1018 2291 1088 Sperate
2320 1019 2370 1072 in
2397 1019 2652 1076 Domino,
2681 1024 2736 1070 et
2761 1014 2948 1069 fulcite
2974 1029 3073 1066 vos
3096 1013 3150 1065 in
3178 1013 3290 1066 Deo
3317 1012 3380 1064 ⁵ο.
3411 1033 3426 1062 ι
3464 1013 3604 1066 Rur-

2009 1127 2128 1164 sum
2175 1111 2458 1180 przecepit,
2514 1119 2574 1163 ut
2628 1123 2828 1179 agnum
2876 1107 3202 1161 festinanter
3257 1105 3443 1169 edant,
3492 1121 3603 1174 quo

2007 1201 2268 1265 ostendit,
2305 1215 2374 1255 ne
2399 1199 2579 1270 segnis
2603 1207 2700 1252 aut
2723 1197 2985 1251 remissus
3032 1194 3088 1248 in
3135 1194 3275 1249 bene
3320 1192 3602 1264 operando

2009 1303 2271 1364 appareat
2295 1293 2342 1347 is
2363 1293 2456 1363 qui
2481 1291 2689 1347 Christi
2718 1290 2994 1361 particeps
3021 1288 3197 1342 factus
3220 1287 3313 1350 sit,
3340 1287 3436 1341 sed
3471 1285 3600 1341 dili-

2005 1385 2245 1455 gentiam
2273 1394 2329 1439 et
2355 1383 2642 1438 ardentem
2685 1381 3038 1436 sedulitatem
3085 1379 3140 1433 in
3186 1378 3260 1432 iis
3292 1393 3415 1447 quae
3443 1384 3601 1448 putet

2006 1477 2110 1531 sibi
2179 1476 2490 1546 profutura,
2565 1475 2844 1528 adhibeat.
2899 1471 3001 1526 llic
3044 1485 3178 1540 ergo
3225 1467 3601 1522 animadverte

2005 1569 2152 1640 quod
2179 1569 2374 1623 beatus
2399 1569 2603 1622 Paulus
2629 1565 2823 1621 scribit
2861 1580 2960 1634 per
2982 1562 3272 1632 epistolam
3305 1577 3319 1614 :
3354 1579 3372 1611 ι
3399 1559 3482 1614 Au
3508 1575 3604 1612 ne-

2006 1662 2182 1723 scitis,
2212 1660 2492 1730 inquiens,
2517 1657 2687 1728 quod,
2729 1654 2892 1725 2'75
2919 1654 3010 1724 qui
3053 1653 3108 1706 in
3127 1650 3320 1722 .stadio
3341 1656 3597 1711 currunt,

2005 1769 2200 1808 omnes
2243 1753 2469 1823 quidem
2527 1757 2795 1812 currant,
2830 1762 2977 1802 unus
3001 1753 3184 1799 autem
3211 1741 3448 1810 accipiat
3473 1740 3600 1793 bra—

2004 1847 2187 1901 vium?
2211 1846 2301 1901 Sic
2324 1844 2554 1906 currite,
2583 1850 2642 1898 ut
2664 1837 3094 1911 apprehendatis
3122 1835 3187 1888 ³¹.
3221 1853 3238 1884 ι
3277 1834 3449 1887 Porro
3475 1845 3599 1884 cum

2002 1939 2310 1994 existimem
2355 1951 2457 1990 nos
2491 1935 2698 2004 ubique
2725 1932 2928 1988 debere
2958 1926 3150 1984 venari
3192 1926 3244 1981 id
3281 1924 3427 1995 quod
3466 1938 3600 1978 con-

2002 2031 2241 2086 ducibile
2266 2038 2372 2094 est,
2402 2028 2610 2083 idcirco
2632 2041 2781 2080 nunc
2808 2023 2877 2078 ad
2900 2023 3070 2077 alium
3095 2033 3318 2074 sensum
3359 2016 3597 2070 veniam.

2001 2125 2122 2178 Non
2145 2123 2467 2185 delicatum,
2499 2135 2682 2188 neque
2713 2114 3045 2173 dissolutum
3086 2112 3263 2167 videri
3299 2111 3414 2164 vult
3447 2124 3598 2169 cum.

2002 2218 2096 2287 qui
2129 2219 2240 2288 jam
2266 2231 2367 2286 per
2389 2213 2674 2270 Christum
2697 2218 2784 2266 est
2807 2207 3204 2270 sanctificatus,
3230 2204 3327 2259 sed
3362 2204 3450 2256 lex
3473 2217 3599 2255 cum

2005 2311 2099 2365 tali
2126 2309 2341 2364 inducit
2362 2306 2578 2369 habitu,
2609 2305 2705 2374 qui
2731 2301 3040 2358 viatoribus
3063 2297 3350 2361 convenit;
3379 2296 3496 2349 haec
3519 2293 3602 2347 ni—

2002 2405 2208 2459 mirum
2233 2404 2344 2458 duo
2367 2400 2614 2457 studiose
2639 2397 2948 2459 insinuans,
2970 2408 3171 2464 nempe
3195 2390 3344 2462 quod
3378 2397 3473 2444 aut
3498 2389 3615 2442 ista»

2003 2512 2127 2567 qua:
2164 2505 2295 2551 sunt
2319 2495 2373 2548 in
2401 2501 2532 2566 typo
2557 2498 2613 2546 et
2637 2489 2834 2544 umbra
2865 2487 3064 2558 posita,
3097 2483 3316 2539 tandem
3363 2481 3428 2535 ad
3455 2480 3602 2534 veri-

2007 2595 2174 2647 tatem
2205 2582 2544 2640 traducenda
2578 2582 2690 2636 sint
2717 2598 2731 2634 :
2758 2585 2856 2635 aut
2884 2576 3032 2647 quod
3059 2581 3313 2646 oporteat
3337 2586 3465 2626 eum
3506 2572 3601 2640 qui

2006 2678 2176 2732 semel
2202 2675 2636 2732 communicavit
2658 2673 2902 2737 Christo,
2927 2671 3084 2741 quasi
3107 2668 3337 2723 incitato
3359 2664 3603 2720 ardenti-

2005 2787 2112 2842 que
2130 2771 2314 2825 animo
2334 2769 2401 2824 ad
2421 2783 2644 2822 omnem
2667 2766 2930 2821 virtutem
2952 2760 3312 2821 contendere,
3335 2766 3390 2811 et
3415 2757 3602 2820 istam,

2006 2880 2127 2935 quae
2171 2863 2226 2917 in
2249 2861 2457 2917 mundo
2481 2868 2586 2924 est,
2615 2857 3045 2914 abominabilem
3088 2854 3424 2930 voluptatem
3462 2865 3602 2918 prte-

2009 2957 2303 3028 terf‘ugere.
2335 2953 2616 3010 Continuo
2660 2957 2846 3006 autem
2886 2961 3106 3002 causam
3151 2942 3399 3004 adducit,
3433 2956 3603 3012 quare

2007 3059 2264 3122 oporteat
2281 3049 2662 3105 Christianum
2691 3042 2785 3114 qui
2801 3043 2913 3113 jam
2931 3056 2961 3096 a
2979 3039 3141 3096 nobis
3163 3036 3475 3107 descriptus
3495 3042 3601 3098 est,

286 3151 485 3206 χοντες
509 3132 713 3197 πάντες
737 3132 836 3203 μὲν
854 3132 1161 3202 τρέχουσιν,
1198 3127 1278 3195 εἷς
1301 3132 1356 3185 δὲ
1385 3132 1650 3202 λαμὸάνει
1673 3133 1735 3186 τὸ
1770 3132 1903 3204 βρα-

2012 3143 2173 3196 talem
2217 3139 2415 3203 videri,
2458 3157 2475 3189 ι
2529 3138 2727 3200 Phase,
2772 3133 3046 3203 inquiens,
3098 3127 3314 3184 Domini
3359 3134 3464 3191 est,
3499 3126 3604 3180 hoc

285 3227 439 3278 ϐεῖον
466 3222 660 3289 ;Οῦτω
674 3223 1018 3294 τρέχετε,ῖνα
1043 3223 1408 3293 καταλάϐητε.
1424 3243 1441 3273 ι
1468 3223 1678 3294 Χρῆναι
1701 3223 1756 3277 δὲ
1777 3225 1910 3276 ὑπο-

286 3318 592 3389 λαμϐάνων
621 3317 959 3387 πανταχόθεν
979 3317 1125 3386 ἡμᾶς
1149 3316 1420 3388 θηρᾶσθαι
1445 3316 1504 3370 τὸ
1525 3316 1790 3388 ὠφελοῦν,
1823 3318 1908 3388 ἐφ’

286 3412 493 3483 ἑτέραν
521 3412 637 3483 ἥξω
681 3411 943 3464 διάνοιαν.
974 3409 1086 3480 Οὐχ
1123 3410 1462 3480 ἁϐροδίαιτόν
1495 3427 1618 3464 τινα
1648 3411 1741 3464 καὶ
1762 3413 1909 3464 ἀνει-

295 3504 466 3574 μένον
490 3502 725 3573 ὁρᾶσθαι
756 3501 1003 3572 βούλεται
1043 3501 1134 3554 τὸν
1173 3503 1504 3572 ἡγιασμένον
1530 3501 1617 3556 διὰ
1646 3503 1906 3575 Χριστοῦ,

289 3595 435 3649 ἀλλὰ
455 3596 560 3666 σχῆ
570 3612 646 3666 μα
664 3594 725 3648 τὺ
739 3596 853 3658 τοῖς
877 3594 1076 3658 ὁδίταις
1094 3595 1302 3665 πρέπον
1329 3595 1673 3666 περιτίθησιν
1696 3598 1723 3649 ό
1745 3597 1908 3668 νόμος

289 3686 487 3758 αὐτῷ·
531 3687 628 3740 δύο
665 3687 859 3752 ταῦτα,
910 3687 1053 3742 κατὰ
1090 3687 1154 3740 τὸ
1210 3687 1377 3752 εἰκὸς,
1434 3689 1823 3760 ὑπεμφαίνωνο
1871 3690 1904 3764 ἦ

289 3778 409 3848 γὰρ
449 3778 535 3831 ὅτι
571 3777 894 3850 διαϐήσεταί
938 3794 1070 3831 ποτε
1126 3778 1221 3832 καὶ
1252 3777 1542 3850 δραμεῖται
1591 3781 1726 3852 πρὸς
1780 3782 1908 3853 ἀλή-

290 3867 458 3921 θειαν
504 3866 575 3923 τὰ
622 3867 682 3920 ἐν
727 3867 887 3938 τύπῳ
926 3867 1022 3922 καὶ¹
1064 3868 1293 3940 σκιᾷοῆ
1344 3869 1425 3922 ὅτι
1488 3871 1759 3942 προσήκοι
1813 3873 1904 3925 τὸν

294 3959 453 4024 ἆπαξ
505 3958 882 4029 μετεσχηκότα
908 3958 1172 4031 Χριστοῦ,
1209 3963 1433 4031 γοργοῖς
1470 3959 1663 4033 ὥσπερ
1691 3963 1786 4017 καὶ
1813 3965 1906 4017 εὐ-

290 4052 677 4123 τροχωτάτοις
740 4052 870 4105 ποσὶ
915 4056 1038 4115 ταῖς
1088 4056 1170 4118 εἰς
1215 4053 1276 4106 τὸ
1319 4036 1526 4122 ἀγαθὸν
1570 4055 1906 4127 προθυμίαις

289 4145 784 4214 ἀποκεχρημένον,
813 4144 910 4198 ἐπὶ
950 4145 1126 4200 πᾶσαν
1176 4146 1379 4217 ἀρετὴν
1412 4147 1566 4213 ἰέναι,
1608 4147 1706 4218 τὴν
1730 4151 1786 4201 ὲν
1814 4149 1907 4202 κό-

293 4253 427 4306 σμῳ
453 4235 721 4308 βδελυρὰν
765 4235 960 4307 ἡδονὴν
993 4237 1427 4309 παρατρέχοντα.
1475 4238 1702 4308 Ἐπάγει
1727 4239 1784 4292 δὲ
1808 4241 1905 4312 τὴν

293 4328 488 4381 αἰτίαν
511 4327 677 4391 εὐθὺς
706 4327 804 4380 τοῦ
849 4327 961 4380 δεῖν
1007 4327 1238 4399 ὁρᾶσθαι
1274 4329 1518 4382 τοιοῦτον
1566 4331 1658 4383 τὸν
1700 4332 1906 4400 ἀρτίως

293 4422 434 4490 ἡμῖν
467 4420 990 4490 κατωνομασμένον,
1009 4439 1026 4471 ι
1047 4421 1258 4492 Πάσχα,
1283 4420 1477 4490 λέγων,
1501 4422 1618 4475 ἐστὶ
1641 4423 1865 4495 Κυρίου,
1881 4442 1898 4474 ι

293 4511 580 4575 τουτέστι,
629 4511 1003 4584 διαδατήριον.
1057 4514 1416 4575 Διαὸαίνομεν
1466 4516 1576 4588 γὰρ
1642 4517 1754 4572 ἀπὸ
1805 4519 1903 4590 τῆς

293 4607 358 4660 ἐν
391 4604 590 4676 κόσμῳ
635 4604 804 4674 ζωῆς,
839 4609 920 4670 είς
951 4605 1172 4677 θεοφιλῆ
1221 4607 1517 4662 πολιτείαν.
1569 4604 1703 4663 Εἶτα
1740 4612 1903 4666 πάλιν

293 4698 491 4762 εὐθὺς,
530 4698 655 4751 τίνα
685 4699 782 4752 καὶ
838 4699 1013 4769 πόσην
1061 4699 1545 4771 ἀποκερδαίνουσιν
1597 4703 1662 4755 ὲκ
1714 4703 1903 4758 τούτου

295 4791 400 4861 τὴν
430 4791 642 4862 ὄνησιν,
664 4793 899 4864 φανερὸν
943 4795 1128 4857 αὐτοῖς
1165 4794 1465 4859 καθιστάς·
1503 4795 1614 4849 πᾶν
1651 4797 1749 4868 μὲν
1795 4799 1905 4869 γὰρ

295 4883 660 4956 πρωτότοκον
690 4887 748 4939 ὲν
776 4888 849 4957 γῇ
888 4885 1154 4958 Αἰγύπτῳ
1184 4887 1444 4953 πατάξειν
1472 4889 1903 4958 ἐπαγγέλλεται⁹

295 4979 495 5042 αὐτοῖς
538 4977 596 5031 δὲ
639 4982 753 5043 τοῖς
814 4979 908 5032 τὸν
948 4980 1120 5050 ἀμνὸν
1175 4979 1533 5053 βεϐρωκόσιν,
1587 4983 1645 5037 ὲν
1691 4984 1904 5056 σημείῳ

294 5070 640 5142 γενήσεσθαι
671 5071 733 5124 τὸ
767 5063 909 5142 αἷμά
939 5088 1126 5140 φησιν,
1162 5073 1240 5136 ὡς
1275 5073 1382 5126 ὑπὸ
1417 5073 1628 5142 σκέπην
1654 5075 1904 5129 ἐντεῦθεν

293 5162 560 5232 γενέσθαι
620 5162 719 5233 τὴν
762 5164 894 5234 παρ’
925 5163 1112 5230 αὑτοῦ,
1159 5164 1297 5235 πρὸς
1345 5164 1406 5218 τὸ
1459 5167 1532 5238 μὴ
1580 5167 1902 5239 ἑκτριὸἦναι

293 5257 430 5310 ὅταν
468 5257 608 5325 παίῃ
653 5255 714 5307 ἐν
753 5257 824 5326 γῇ
862 5255 1149 5326 Αἰγύπτῳ.
1177 5257 1414 5322 Κολὰζει
1445 5257 1545 5327 μὲν
1589 5259 1749 5330 γάρό
1772 5260 1904 5324 Θεὸς

297 5348 396 5402 τὸν
434 5346 644 5418 ἀπειθῆ
692 5347 786 5399 καὶ
829 5348 1083 5419 ἀνήκοον,
1114 5350 1340 5420 καὶτῆς
1371 5352 1657 5419 ἁγιότητος
1699 5352 1901 5423 ἀμέτο-

296 5458 397 5513 χον
455 5440 559 5511 τῆς
594 5438 753 5511 παρὰ
811 5441 1070 5509 Χριστοῦ.
1121 5442 1384 5510 Γνωρίζει
1432 5442 1489 5495 δὲ
1556 5444 1769 5512 μόνους,
1812 5446 1906 5498 καὶ

297 5533 588 5604 φροντίδος
624 5530 842 5604 ἀγαθῆς
875 5531 1021 5599 ἀξιοῖ
1055 5535 1202 5597 τοὺς,
1257 5534 1416 5603 οἵπερ
1460 5533 1527 5587 ἂν
1574 5533 1905 5606 φαίνο[ι]ντο

299 5624 808 5698 κατακεχρισμένοι
855 5625 934 5696 τῷ
964 5626 1159 5696 αἵματι
1195 5625 1290 5679 τοῦ
1319 5628 1490 5696 ἀμνοῦ
1513 5627 1604 5679 τοῦ
1626 5626 1902 5696 ἀληθινοῦ,

371 5832 414 5859 ²’*
445 5827 608 5882 Deut.
640 5839 694 5887 ιι,
733 5821 815 5874 12.
893 5820 936 5853 ³⁸
973 5822 1072 5877 lsa.
1101 5837 1150 5888 ι,
1182 5822 1267 5875 ιο.

1377 5822 1418 5853 ³¹
1449 5822 1469 5876 l
1503 5821 1628 5878 Cor.
1662 5839 1733 5888 Ix,
1761 5821 1850 5888 Ἡ,
1876 5821 1966 5876 '25.
2045 5823 2084 5854 ³³
2115 5820 2284 5875 Exod.
2314 5835 2404 5883 xu,
2439 5819 2520 5872 ll.

2010 3243 2114 3298 est,
2147 3232 2412 3288 transitus
2435 3231 2501 3284 ³³.
2536 3249 2554 3280 ι
2592 3227 2916 3283 Transimus
2935 3224 3083 3280 enim
3125 3237 3156 3276 a
3184 3221 3296 3275 vita
3326 3218 3603 3273 mundana

2011 3330 2066 3384 in
2091 3325 2570 3383 conversationem
2594 3323 2708 3376 Deo
2731 3326 3035 3388 acceptam.
3063 3314 3259 3370 Statim
3283 3327 3416 3366 vero
3439 3325 3603 3380 quem

2008 3431 2060 3478 et
2086 3428 2357 3492 quantum
2390 3417 2634 3472 fructum
2661 3408 3131 3481 hine'percepturi
3159 3406 3289 3470 sint,
3315 3403 3604 3459 manifeste

2008 3497 2080 3569 ob
2105 3511 2295 3568 oculos
2315 3509 2493 3580 ponit,
2536 3507 2670 3562 dum
2697 3502 2990 3560 annuntiat
3012 3500 3094 3555 eis
3120 3514 3178 3554 se
3205 3511 3369 3553 omne
3397 3495 3606 3566 primo-

2008 3607 2254 3679 genitum
2281 3605 2336 3658 in
2365 3613 2507 3658 terra
2553 3599 2770 3671 Egypti
2797 3607 3194 3668 percussurum
3219 3606 3363 3655 esse,
3387 3604 3450 3644 ac
3474 3604 3602 3642 san-

2007 3700 2232 3770 guinem
2280 3697 2348 3751 iis
2373 3695 2468 3766 qui
2496 3691 2844 3748 comederint
2882 3702 3084 3760 agnum
3128 3685 3246 3740 fore
3271 3683 3328 3737 in
3363 3681 3602 3752 signum,

2006 3789 2154 3861 quod
2201 3789 2311 3843 sint
2344 3787 2448 3842 sub
2472 3786 2592 3857 ejus
2619 3781 2983 3854 protectione,
3030 3793 3099 3832 ne
3130 3781 3361 3848 pereant
3384 3771 3604 3844 quando

2008 3880 2344 3953 percusserit
2373 3887 2574 3934 terram
2607 3876 2842 3947 Egypli.
2889 3873 3024 3927 Nam
3067 3872 3217 3926 Deus
3247 3869 3316 3924 de
3344 3865 3603 3922 incredu-

2006 3974 2075 4028 lis
2122 3983 2178 4027 et
2225 3969 2704 4031 iuobedientibus,
2773 3961 3338 4029 sanctificationisque
3396 3955 3603 4012 Christi

2006 4065 2322 4121 exsortibus
2344 4061 2675 4133 supplicium
2700 4058 2889 4114 sumit.
2914 4053 3208 4126 Cognoscit
3231 4058 3414 4106 autem
3436 4050 3602 4114 solos,

2007 4160 2232 4228 acrique
2262 4173 2396 4213 cura
2421 4156 2678 4226 dignatur
2713 4166 2831 4215 eos,
2857 4150 2952 4222 qui
2993 4148 3143 4202 uncti
3169 4153 3300 4201 sunt
3339 4142 3605 4214 sanguine

2007 4244 2125 4308 veri
2150 4251 2308 4322 Agni,
2336 4255 2515 4318 neque
2544 4247 2677 4301 sinit
2707 4243 3109 4300 sanctificatum
3139 4254 3245 4293 una
3271 4251 3395 4291 cum
3422 4233 3606 4303 impiis

2011 4345 2261 4408 interire,
2297 4351 2352 4396 at
2380 4341 2564 4411 potius
2591 4336 2854 4408 singulari
2892 4350 2990 4389 sua
3033 4330 3373 4402 benignitate
3403 4342 3500 4382 eos
3521 4325 3605 4380 fo-

2010 4446 2120 4494 vet.
2159 4436 2228 4491 At
2249 4449 2384 4490 vero
2407 4439 2534 4502 post
2573 4439 2718 4485 totos
2752 4435 2964 4496 septem
3001 4425 3121 4478 dies
3156 4421 3393 4494 panibus
3437 4417 3604 4474 infer-

1935 4520 1978 4575 Ῐ)
2011 4528 2268 4585 mentatis
2293 4525 2440 4580 vesci
2459 4522 2618 4593 jubet
2637 4536 2754 4585 eos,
2781 4520 2875 4589 qui
2900 4532 3117 4574 sacrum
3147 4527 3346 4584 agnum
3375 4509 3624 4564 mandu-

2003 4629 2150 4682 cant,
2182 4633 2313 4688 quo,
2349 4623 2410 4671 ut
2448 4615 2584 4669 mihi
2627 4613 2872 4675 videtur,
2912 4605 3215 4680 persuadet
3249 4599 3605 4657 sanctiﬁcatis

2005 4713 2061 4767 in
2093 4711 2340 4774 Christo,
2375 4715 2437 4764 ut
2471 4722 2630 4762 suam
2671 4706 2918 4775 ipsorum
2947 4700 3188 4755 animam
3217 4703 3443 4766 pascant
3468 4709 3604 4747 con-

2005 4801 2364 4873 cupiscentiis
2385 4797 2720 4870 purissimis,
2755 4794 3104 4861 maximeque
3139 4789 3208 4844 ab
3237 4786 3385 4841 omni
3417 4783 3604 4854 pravi-

2006 4904 2115 4950 tate
2153 4892 2438 4964 sejunctis.
2481 4910 2498 4942 ι
2534 4890 2720 4946 Prima
2753 4896 2938 4942 autem
2979 4892 3037 4938 et
3076 4881 3307 4951 septima
3340 4877 3478 4938 dies,
3518 4874 3613 4928 in-.

2010 4983 2151 5053 quit,
2187 4963 2457 5037 vocentur
2487 4986 2690 5034 sanetae
2713 4977 2779 5029 ³³.
2828 4995 2846 5027 ›
2888 4973 3128 5040 Tempus
3159 4969 3307 5022 enim
3348 4965 3404 5018 in
3448 4963 3603 5033 priu-

2011 5075 2154 5145 cipio
2181 5071 2552 5144 generationis
2588 5069 2694 5124 fuit
2715 5076 2986 5129 sanctum,
3014 5078 3138 5118 cum
3166 5061 3378 5131 primus
3408 5072 3605 5127 parens

2013 5168 2180 5222 Adam
2205 5166 2450 5220 nondum
2472 5164 2684 5233 ejectus
2713 5167 2860 5215 esset
2891 5155 3142 5226 paradiso
3173 5160 3397 5222 propter
3423 5158 3602 5203 trans-

2012 5260 2384 5331 gressionem;
2416 5256 2508 5312 sed
2562 5255 2745 5308 adhuc
2780 5253 2835 5305 in
2871 5266 2938 5304 eo
2978 5249 3222 5318 degeret,
3250 5244 3602 5300 mandatum-

2013 5368 2119 5423 que
2153 5351 2258 5405 sibi
2291 5350 2476 5404 datum
2504 5344 2825 5401 custodiret.
2860 5343 3122 5397 Sanctum
3151 5340 3281 5393 item
3318 5347 3404 5392 est
3441 5335 3603 5390 etiam

2014 5442 2372 5497 novissimum
2397 5448 2631 5507 tempus,
2654 5453 2753 5507 per
2779 5435 3084 5499 Christum,
3105 5433 3198 5502 qui
3227 5432 3281 5485 in
3311 5429 3416 5484 fide
3439 5427 3605 5499 justi-

2015 5536 2258 5590 ﬁeatcos
2286 5530 2380 5600 qui
2405 5531 2472 5584 ad
2503 5530 2682 5599 ipsum
2723 5526 3014 5588 accedunt,
3040 5533 3204 5593 atque
3251 5521 3304 5575 in
3355 5519 3407 5572 id
3454 5513 3601 5585 quod

2012 5641 2230 5682 eramus
2260 5622 2312 5678 in
2350 5621 2641 5692 principio,
2665 5621 2898 5675 reducit.
2932 5617 3097 5688 276
3120 5613 3387 5681 Quocirca
3428 5617 3600 5662 totum

2600 5819 2641 5850 ³³
2669 5815 2806 5872 Ibid.
2842 5811 2924 5866 i6.
