4060 6442
281 405 386 462 157

1296 408 1826 465 ῦιΑΡιίἳίἰΟΒυΜ
1865 408 1933 464 ΙΝ
1973 404 2263 464 ΕΧΟΒΗΜ
2304 405 2440 462 LIB.
2475 405 2540 462 ll.

3501 403 3606 460 458

352 521 421 592 β’.
452 523 804 595 Εύαφόρμως
855 524 954 594 μὲν
981 516 1074 578 οὖν
1111 526 1139 579 ὁ
1172 524 1282 580 τῶν
1314 527 1454 581 ὅλων
1482 528 1616 592 Θεὸς
1655 529 1753 600 τὴν
1783 527 1888 581 τῶν

2067 528 2120 582 2.
2154 527 2574 597 Peropportune
2600 523 2769 594 igitur
2797 523 2945 578 Deus
2961 523 3133 578 totius
3162 520 3408 578 universi
3431 534 3610 592 poscu

275 613 418 669 ὅλων
448 616 714 670 ἀνάθεσιν
758 618 921 683 αίτεῖ,
961 619 1058 672 καὶ
1084 618 1235 691 αύτῷ
1261 620 1460 692 χρῆναι
1490 621 1891 693 διισχυρίζεται

274 706 580 779 καθιεροῦν
612 710 764 780 ἡμᾶς
793 709 861 763 τὰ
888 712 1178 783 ἀρρενικὰ.
1226 712 1448 786 Ἐπειδὴ
1473 714 1584 787 γὰρ
1607 713 1894 772 διολώλασι

277 799 380 868 μὲν
409 798 480 852 τὰ
510 798 622 851 τῶν
649 801 966 868 Αἰγυπτίων
994 802 1338 873 πρωτότοκα,
1361 804 1633 860 σέσωσται
1661 806 1718 860 δὲ
1759 823 1895 860 παν-

272 892 388 945 οικὶ
436 892 536 947 καὶ
582 893 772 966 διέδρα
814 894 910 948 τὸν
957 895 1290 968 ὀλοθρευτὴν
1325 898 1354 951 ὁ
1382 899 1743 969 ἡγαπημένος
1789 900 1892 951 Ἰσ-

274 983 444 1055 ραὴλ,
474 984 556 1056 τῷ
580 986 777 1057 αἵματι
805 986 900 1040 τοῦ
925 986 1100 1058 ἀμνοῦ
1131 989 1640 1060 κατακεχρισμένος
1666 990 1790 1043 ὅσον
1812 992 1894 1054 εἰς

270 1078 453 1132 τύπον
478 1079 730 1149 Χριστοῦ
760 1078 854 1132 τοῦ
881 1079 946 1133 δι’
989 1082 1140 1151 ἡμᾶς
1187 1082 1246 1135 ὲν
1281 1084 1518 1154 νεκροῖς,
1554 1082 1641 1137 ἵνα
1681 1100 1891 1156 καταρ-

271 1171 426 1241 γήσῃ
456 1170 552 1224 τὸν
584 1171 840 1235 θάνατον,
873 1171 1134 1245 ταύτῃτοι
1168 1174 1396 1239 δικαίως
1431 1171 1540 1229 εἷεν
1586 1174 1652 1230 ἀν
1681 1176 1892 1230 ἑαυτῶν

278 1266 376 1334 μὲν
404 1265 600 1318 οὐκέτι
630 1265 700 1318 τὰ
733 1265 1055 1336 σεσωσμένα
1080 1283 1092 1296 ·
1123 1267 1323 1338 πρέποι
1349 1269 1394 1321 δ’
1425 1268 1490 1322 ἂν
1519 1269 1720 1339 μᾶλλον
1751 1269 1891 1323 αὐτά

271 1357 684 1428 διακεκτῆσθαι
712 1358 899 1412 λοιπὸν
926 1360 1000 1423 ὡς
1030 1360 1136 1414 ἴδια
1169 1361 1263 1414 τὸν
1299 1362 1440 1434 ὑπὲρ
1469 1361 1677 1417 ἑαυτῶν
1705 1379 1888 1415 κεκινο

268 1450 605 1505 δυνευκότα.
660 1451 757 1505 Ὃν
798 1453 911 1522 γὰρ
953 1453 1158 1523 τρόπον
1191 1455 1240 1506 οἰ
1284 1455 1412 1518 τοὺς
1459 1454 1562 1526 ἤδη
1598 1455 1891 1524 γεγονότας

270 1543 640 1614 ὑποχειρίους
669 1543 1032 1616 βαρϐαρικοῖς
1061 1545 1429 1602 ἀπαλλάττειν
1455 1549 1752 1618 ἰσχύοντες,
1795 1549 1889 1601 καί

265 1635 375 1705 τῆς
420 1636 710 1707 ἀδοκήτως
739 1638 1134 1710 ἐπενεχθείσης
1181 1640 1429 1704 δουλείας
1458 1641 1780 1713 ἐλευθεροῦν
1800 1642 1888 1695 διὰ

267 1726 372 1779 τοῦ
421 1728 524 1799 τὴν
556 1728 696 1800 πρὸς
727 1729 974 1794 ἐκείνους
1014 1731 1314 1801 ἀνατλῆναι
1359 1734 1562 1804 μάχην,
1605 1735 1888 1806 μονονουχὶ

267 1821 375 1889 τὴν
418 1820 695 1876 δεσπότου
723 1821 910 1877 λοιπὸν
946 1825 1214 1897 ἐπέχουσι
1238 1827 1412 1893 τάξιν,
1443 1827 1636 1899 αἵματι
1661 1828 1740 1898 τῷ
1772 1828 1887 1900 ἰδίῳ

269 1915 408 1976 τοὺς
445 1915 684 1980 ἁλόντας
719 1915 1142 1987 κατακτὼμενοι
1165 1934 1177 1946 ·
1213 1919 1354 1972 κατὰ
1390 1918 1480 1972 τὸν
1511 1920 1649 1979 ἴσον,
1691 1914 1844 1988 οἶμαι
1873 1962 1885 1982 ,

271 2008 477 2061 τοῦτον
515 1993 678 2077 λόγον
724 2009 820 2062 καὶ
862 2011 890 2063 ό
942 2008 1148 2080 Κύριος
1188 2009 1346 2080 ἡμῶν
1396 2009 1600 2081 Ἰησοῦς
1630 2007 1886 2081 Χριστὸς,

268 2103 334 2155 τὸ
364 2101 484 2156 τῶν
525 2101 860 2174 ἀκαθάρτων
891 2102 1164 2173 δαιμόνων
1198 2104 1515 2174 καταδήσας
1548 2107 1759 2173 στῖφος,
1790 2104 1889 2158 καὶ

273 2195 337 2248 τὸ
390 2194 531 2248 ἴδιον
564 2189 708 2266 αἷμα
748 2194 1014 2260 τεθεικὼς
1057 2196 1199 2267 ὑπὲρ
1240 2196 1432 2268 ήμῶν⁶
1480 2197 1798 2267 ἀποστήσας
1829 2213 1890 2249 τε

270 2288 422 2341 οῦτω
443 2288 539 2342 τὸν
579 2289 834 2355 θάνατον,
861 2291 957 2343 καὶ
992 2288 1309 2352 καταλύσας
1337 2291 1434 2361 τὴν
1468 2289 1698 2362 φθορὰν,
1728 2289 1890 2354 ἰδίους

269 2385 428 2453 ἡμᾶς
463 2386 708 2436 ποιεῖται
754 2383 943 2437 λοιπὸν
967 2423 982 2447 ,
1019 2382 1096 2445 ὡς
1128 2381 1229 2454 τὴν
1275 2383 1486 2436 ἑαυτῶν
1531 2383 1630 2453 μὲν
1681 2383 1890 2451 οὐκέτι,

268 2475 378 2546 τὴν
427 2475 602 2529 αὑτοῦ
649 2476 708 2528 δὲ
745 2475 950 2546 μᾶλλον
997 2475 1299 2540 διαζῶντας
1332 2474 1503 2544 ζωήν.
1542 2477 1604 2530 Εἰ
1658 2477 1732 2548 μὴ
1781 2476 1892 2547 γὰρ

270 2571 559 2623 ἀπέθανεν
605 2569 749 2639 ὑπὲρ
795 2569 974 2639 ἡμῶν,
1009 2569 1113 2623 οὐκ
1153 2568 1219 2623 ἂν
1269 2569 1612 2640 διεσώθημεν
1637 2587 1650 2600 ο
1709 2569 1803 2623 καὶ
1841 2570 1892 2624 εἰ

274 2662 352 2733 μὴ
377 2663 616 2732 γέγονεν
643 2664 703 2715 ἐν
738 2665 975 2735 νεκροῖς,
1007 2664 1109 2717 οὐκ
1133 2663 1200 2717 ἂν
1228 2664 1290 2716 τὸ
1318 2663 1649 2736 δυσάντητον
1675 2663 1769 2717 τοῦ
1796 2664 1890 2716 θα-

271 2755 438 2808 νάτου
490 2755 824 2826 κατεσείσθη
882 2756 1103 2826 κράτος.
1165 2756 1326 2811 υῦτω
1379 2758 1474 2811 καὶ
1520 2759 1550 2810 ὁ
1601 2758 1890 2822 θεσπέσιος

274 2846 495 2910 Παῦλος
549 2848 1073 2920 μεμυσταγώγηκε,
1109 2849 1307 2918 λέγων,
1355 2851 1482 2916 τοὺς
1511 2851 1598 2905 διὰ
1649 2852 1889 2924 Χριστοῦ

277 2941 695 3011 σεσωσμένους·
740 2961 758 2993 ι
800 2942 1026 3014 Χριστῷ
1059 2943 1520 3016 συνεσταύρωμαι
1544 2963 1556 2974 ·
1590 2945 1670 3008 ζῶ
1707 2945 1767 2998 δὲ
1798 2946 1890 3000 οὺ-

274 3035 397 3088 κέτι
435 3033 581 3104 ὲγώ’
619 3035 687 3106 ζῇ
728 3036 786 3089 δὲ
827 3039 885 3089 ὲν
932 3037 1059 3108 ἐμοὶ
1098 3038 1356 3108 Χριστός.
1399 3040 1463 3092 Ὃ
1497 3038 1553 3092 δὲ
1589 3037 1684 3092 νῦν
1713 3038 1795 3103 ζῶ
1832 3039 1892 3094 ἐν

275 3128 469 3197 σαρκὶ,
503 3128 567 3180 ὲν
612 3129 799 3182 πίστει
841 3127 919 3192 ζῶ
945 3129 1009 3198 τῇ
1037 3128 1134 3181 τοῦ
1170 3127 1300 3182 Υίοῦ
1322 3129 1417 3183 τοῦ
1447 3129 1589 3183 Θεοῦ
1616 3128 1710 3184 τοῦ
1743 3131 1892 3199 ἀγα-

272 3220 561 3320 πξισαντός
587 3238 679 3291 με,
704 3221 798 3320 καί
824 3221 1007 3320 δόντβ
1029 3223 1223 3276 ἑαυτὸν
1247 3223 1392 3294 ὑπὲρ
1422 3222 1579 3294 ἐμοῦ.
1617 3243 1636 3275 ι
1674 3224 1890 3294 ’Ὠσπερ
1916 3261 1962 3320 c

276 3307 375 3364 οὖν
410 3313 711 3382 μονονουχὶ
746 3311 848 3383 τὴν
880 3310 975 3366 τοῦ
1014 3313 1320 3382 σφαγέντος
1357 3312 1540 3384 ἀμνοῦ
1576 3313 1721 3383 ζωὴν
1750 3313 1893 3378 ἔζων

269 3406 326 3458 οἱ
355 3405 419 3470 ἐξ
459 3403 706 3475 Ἰσραὴλ,
737 3405 882 3458 οὕτω
911 3405 1006 3459 καὶ
1035 3407 1197 3477 ἡμεῖς
1219 3406 1342 3477 οὐχὶ
1363 3406 1467 3476 τὴν
1506 3406 1642 3460 ἰδίαν
1677 3406 1758 3460 ἔτι
1787 3404 1892 3471 ζῶ-

276 3513 384 3568 μεν
412 3496 589 3567 ζωὴν,
633 3497 773 3552 ἀλλά
806 3499 906 3567 τὴν
935 3495 1032 3552 τοῦ
1069 3497 1136 3552 δι’
1165 3501 1318 3570 ἡμᾶς
1347 3498 1717 3564 ἀποθανόντος
1759 3502 1894 3572 Χρι-

275 3589 412 3644 στοῦ
433 3631 450 3657 ,
483 3591 534 3644 εἰ
565 3589 664 3643 καὶ
691 3589 899 3644 ἀνεϐίω.
925 3590 1114 3646 πάλιν.
1145 3590 1266 3662 Ζωὴ
1293 3590 1403 3664 γὰρ
1430 3587 1498 3662 ἦν
1526 3592 1669 3648 κατά
1703 3591 1886 3662 φύσιν,

270 3683 356 3746 ὡς
379 3681 541 3746 Θεός.
593 3684 717 3754 Χρὴ
750 3683 946 3738 τοίνυν
985 3683 1160 3754 ἡμῶν
1184 3684 1347 3754 ἁγίαν
1385 3679 1528 3743 εἶναι
1566 3685 1666 3758 τὴν
1701 3686 1884 3757 ζωήν

271 3775 508 3847 τοιαύτη
538 3776 650 3848 γὰρ
675 3779 708 3848 ἡ
738 3774 1003 3848 Χριστοῦ.
1036 3776 1236 3847 Ἀγίως
1255 3777 1311 3831 δ⁶ε
1325 3777 1436 3849 ζῇν.
1457 3779 1754 3850 ᾑρημένοι,
1790 3777 1889 3850 τὴν

271 3870 622 3938 ἀξιάγαστον
642 3867 814 3923 αὐτοῦ
837 3869 1374 3941 καταπλουτήσομεν
1404 3871 1614 3935 εἰκόνα,
1647 3870 1890 3942 σύμμορο

271 3963 369 4030 φοί
400 3979 465 4014 τε
491 3962 786 4030 γεγονότες
817 3961 895 4032 τῷ
924 3961 994 4016 δι’
1021 3963 1172 4034 ἡμᾶς
1206 3961 1330 4019 καθ’
1363 3965 1547 4034 ἡμᾶς,
1581 3965 1677 4019 καί,
1710 3967 1889 4020 Μονο-

271 4054 433 4118 γενεῖ
461 4053 668 4123 μὲν..ὼς
685 4051 827 4124 Θεῷ,
861 4053 1279 4125 πρωτοτόκῳιδὲ
1304 4055 1394 4109 διὰ
1425 4057 1484 4109 τὸ
1515 4056 1886 4129 ἀνθρώπινον,

272 4146 484 4214 ἱερεῖον
513 4144 774 4216 ἀνάθεμα
799 4143 903 4199 καὶ·
930 4144 1262 4218 ἀξιόληπτον
1303 4149 1522 4219 ἀληθῶς
1553 4150 1790 4221 ἐσόμεθα
1811 4149 1891 4222 τῷ

269 4238 402 4308 Θεῷ
431 4238 530 4292 καὶ
564 4238 762 4309 Πατρί.
809 4238 1126 4309 Ἀγιάζεται
1151 4241 1333 4295 τοίνυν
1352 4242 1420 4295 τὰ
1443 4242 1769 4314 πρωτότοκα
1795 4244 1890 4298 καὶ

271 4329 590 4400 ἀρσενικὰ,
635 4330 728 4384 διά
765 4347 850 4384 τοι
895 4332 959 4385 τὸ
1005 4334 1065 4386 ὲν
1113 4333 1284 4387 εἰκόνι
1337 4333 1578 4387 νοεῖσθαι
1621 4334 1884 4402 Χριστοῦ.

273 4425 502 4495 Ὥσπερ
533 4423 646 4497 γὰρ
673 4424 742 4479 τὰ
765 4424 942 4497 βρέφη
971 4425 1376 4499 προσεκόμιζον
1401 4427 1502 4498 μὲν
1523 4428 1580 4481 αἱ
1611 4428 1850 4500 μητέρες
1870 4443 1883 4458 ·

273 4517 616 4588 προσίετοδὲ
641 4519 738 4572 καί
765 4519 885 4572 λίαν
909 4521 1163 4590 ἀσμένως
1191 4521 1221 4573 ὁ
1245 4519 1452 4592 Κύριος
1482 4523 1514 4589 ἡ
1525 4521 1643 4592 μῶν
1677 4521 1889 4592 Ἰησοῦς

1999 638 2027 675 a
2067 621 2227 676 nobis
2286 619 2783 690 primogenitorum
2832 618 3341 682 consecrationem,
3391 617 3612 688 sibique

1999 714 2275 769 masculos
2299 729 2327 768 a
2355 713 2516 767 nobis
2543 710 2973 778 sanctiﬁcandos
3007 727 3130 766 esse
3169 710 3425 766 afﬁrmat.
3468 708 3608 767 Cum

1994 807 2142 862 enim
2170 804 2539 876 primogenita
2563 802 2952 875 {Egyptiorum
2981 803 3279 874 periissent
3325 821 3337 856 :
3368 803 3611 857 dilectus

1997 909 2182 954 autem
2210 898 2376 952 Israel
2402 913 2500 968 per
2524 897 2718 951 domos
2752 895 2997 967 singulas
3023 895 3094 951 sit
3122 905 3398 959 servatus,
3442 902 3612 964 atque

1996 991 2238 1048 evaserit
2257 992 2750 1054 exterminatorem
2778 1007 2792 1056 ;
2824 998 3025 1044 unctus
3051 989 3311 1042 nimirum
3337 986 3614 1058 sanguine

1996 1086 2143 1158 agni,
2172 1087 2268 1157 qui
2294 1093 2413 1140 erat
2457 1094 2617 1158 typus
2647 1084 2857 1140 Christi
2886 1093 3114 1156 propter
3169 1099 3270 1139 nos
3305 1085 3510 1138 mortui
3547 1089 3610 1139 ut

1997 1178 2244 1234 aboleret
2271 1188 2538 1244 mortem;
2574 1177 2783 1232 idcirco
2819 1176 2967 1231 baud
3024 1175 3305 1231 immerito
3350 1191 3461 1230 non
3504 1173 3606 1230 de-

1997 1273 2130 1326 bent
2153 1272 2392 1342 amplius
2436 1287 2556 1326 esse
2608 1271 2693 1325 sui
2720 1270 2868 1340 juris
2900 1286 3022 1340 qua:
3058 1278 3276 1324 servata
3337 1274 3503 1334 sunt;
3548 1275 3607 1322 at

1995 1365 2180 1436 potius
2211 1381 2311 1435 par
2358 1364 2525 1418 fuerit
2553 1379 2618 1418 ea
2645 1363 2879 1433 posthac
2919 1363 2988 1418 ab
3037 1377 3104 1417 eo
3141 1360 3434 1432 possideri,
3480 1368 3604 1420 tan-

1993 1475 2160 1529 quam
2185 1458 2430 1528 propria,
2455 1457 2548 1528 qui
2578 1473 2677 1528 pro
2710 1457 2842 1526 ipsis
2877 1456 3224 1527 periclitatus
3245 1462 3348 1511 est.
3400 1453 3605 1521 Quem-

1991 1551 2290 1606 admodum
2335 1551 2486 1605 enim
2529 1550 2621 1619 qui
2652 1548 2911 1618 potestati
2934 1547 3298 1603 barbarorum
3327 1544 3608 1617 subjectos

1992 1645 2256 1708 liberant,
2286 1651 2343 1697 et
2367 1641 2696 1698 servitutem
2733 1632 2868 1710 ip'sis
2915 1656 2982 1694 ex
3025 1637 3328 1710 improviso
3377 1637 3607 1708 imposi-

1995 1746 2105 1792 tam
2127 1737 2415 1807 depellunt
2432 1749 2673 1806 pugnam
2699 1749 2824 1787 cum
2846 1731 2981 1802 ipsis
2999 1730 3370 1795 conserendo,
3391 1729 3604 1784 domini

1993 1829 2404 1901 quodammodo
2436 1843 2631 1884 eorum
2658 1827 2816 1890 ﬁgunt,
2845 1834 3036 1896 utpote
3062 1841 3203 1896 quos
3228 1824 3458 1894 proprio
3479 1838 3606 1878 san-

1992 1925 2158 1996 guine
2207 1923 2570 1994 acquisierint
2613 1939 2625 1974 :
2673 1920 2871 1976 eodem
2905 1917 3094 1983 modo,
3138 1917 3406 1980 arbitror,
3431 1916 3603 1971 etiam

1991 2016 2246 2071 Christus
2274 2015 2543 2069 Dominus
2567 2023 2779 2078 noster,
2831 2010 3247 2066 immundorum
3287 2011 3602 2066 daemonum

1993 2108 2158 2163 turba
2207 2107 2533 2179 proﬂigata,
2577 2107 2916 2177 proprioque
2977 2105 3245 2176 sanguine
3287 2119 3389 2174 pro
3441 2103 3615 2159 nobis.

1992 2199 2192 2264 effuso,
2222 2208 2276 2254 et
2298 2207 2477 2253 morte
2505 2199 2787 2253 destructa
2818 2207 2983 2268 atque
2998 2196 3354 2268 corruptione
3373 2195 3614 2257 abolita,

1995 2309 2096 2348 nos
2123 2293 2228 2347 sibi
2258 2294 2313 2347 in
2341 2299 2628 2363 posterum
2658 2291 2996 2361 maneipavit
3024 2298 3190 2364 atque
3214 2289 3474 2359 subjecit,
3531 2304 3602 2342 ne

1994 2385 2226 2455 posthac
2251 2385 2416 2439 nobis
2435 2386 2588 2455 ipsis,
2620 2385 2715 2441 sed
2736 2384 2923 2457 potius
2945 2383 2996 2439 ei
3025 2383 3294 2438 vivamus.
3318 2380 3436 2436 Nisi
3453 2379 3600 2435 enim

1994 2495 2096 2551 pro
2108 2479 2271 2534 nobis
2293 2488 2440 2535 esset
2459 2488 2734 2544 mortuus,
2757 2495 3040 2549 nunquam
3059 2485 3210 2532 certe
3235 2476 3336 2547 ipsi
3353 2489 3603 2531 essemus

1994 2571 2220 2625 servati.
2272 2570 2408 2625 ltem
2455 2570 2569 2628 nisi
2594 2571 2708 2642 ipse
2741 2579 2998 2629 mortuus
3042 2569 3287 2633 fuisset,
3312 2582 3600 2637 nunquam

1994 2671 2146 2717 certe
2172 2678 2314 2716 saeva
2339 2661 2535 2718 mortis
2559 2664 2802 2733 potentia
2833 2668 3386 2732 essetconquassata.
3422 2660 3513 2715 Sic
3545 2671 3600 2716 et

1993 2753 2156 2808 divus
2179 2753 2385 2812 Paulus
2415 2770 2518 2808 nos
2547 2747 2808 2819 instituit,
2837 2755 2903 2809 iis
2929 2753 3023 2826 qui
3051 2769 3149 2823 per
3172 2751 3454 2807 Christum
3479 2767 3599 2805 ser-

1991 2847 2105 2903 vati
2129 2853 2259 2902 sunt
2301 2845 2525 2904 dicens:
2559 2865 2578 2897 (
2609 2847 2724 2916 Ego
2747 2845 3047 2902 cruciﬁxus
3062 2859 3183 2898 sum
3203 2859 3328 2898 cum
3345 2842 3596 2898 Christo:

1992 2943 2121 2998 vivo
2145 2951 2330 3000 autem
2356 2943 2470 3015 jam
2493 2957 2604 3000 non
2628 2958 2752 3013 ego,
2783 2943 2881 2998 sed
2912 2942 3049 2997 vivit
3095 2943 3150 2996 in
3181 2957 3266 2996 me
3319 2940 3596 2997 Christus.

1991 3033 2150 3102 Quod
2179 3041 2363 3093 autem
2388 3051 2539 3090 nunc
2587 3035 2715 3089 vivo
2742 3034 2798 3089 in
2825 3050 3012 3100 carne,
3073 3035 3126 3089 in
3171 3034 3278 3091 ﬁde
3323 3034 3449 3090 vivo
3477 3035 3598 3090 Filii

1991 3125 2113 3193 Dei,
2137 3128 2232 3197 qui
2252 3127 2446 3183 dilexit
2464 3143 2552 3182 me
2577 3128 2840 3199 deditque
2866 3130 3224 3200 semetipsum
3253 3145 3356 3200 pro
3386 3127 3546 3184 me“.
3575 3149 3590 3180 ι

1992 3217 2470 3288 Quemadmodum
2503 3221 2672 3292 igitur
2693 3221 2957 3278 Israelita:
2983 3221 3393 3293 quodammodo
3425 3221 3600 3292 ipsius

1995 3309 2362 3381 agnimactati
2393 3313 2564 3367 vitam
2587 3312 2882 3380 vixerunt;
2912 3314 2991 3370 sic
3017 3321 3072 3369 et
3095 3329 3198 3368 nos
3223 3330 3334 3369 non
3361 3314 3603 3385 amplius

1994 3401 2276 3472 pr0priam
2315 3402 2485 3457 vitam
2515 3404 2776 3470 vivimus,
2825 3405 2922 3460 sed
2957 3405 3127 3471 illius,
3172 3406 3268 3476 qui
3309 3420 3411 3478 pro
3437 3405 3600 3461 nobis

1994 3501 2251 3550 mortuus
2289 3503 2376 3550 est
2421 3494 2631 3552 Christi
2673 3497 2982 3569 :siquidem
3018 3507 3073 3554 et
3116 3498 3319 3553 revixit
3372 3498 3594 3554 iterum.

1992 3587 2118 3644 Vita
2142 3589 2291 3644 enim
2319 3599 2441 3646 erat
2465 3599 2661 3663 suapte
2695 3600 2916 3659 natura,
2942 3601 3208 3664 tanquam
3231 3595 3402 3652 Deus.
3425 3592 3602 3666 Opor-

1995 3689 2074 3736 tet
2102 3683 2288 3753 itaque
2334 3683 2502 3738 vitam
2535 3693 2780 3741 nostram
2826 3696 3073 3742 sanctam
3105 3702 3227 3743 esse
3275 3705 3289 3742 :
3326 3688 3597 3760 ejusmodi

1992 3775 2142 3829 enim
2175 3774 2278 3830 fuit
2303 3776 2415 3831 vita
2438 3777 2667 3834 Christi.
2706 3777 2907 3836 Sancte
2928 3787 3114 3835 autem
3137 3779 3326 3835 vivere
3348 3781 3600 3836 volentes

1993 3864 2379 3921 admirabilem
2407 3867 2580 3938 ipsius
2599 3869 2893 3941 imaginem
2916 3887 3344 3944 consequemur,
3391 3882 3448 3928 et
3463 3890 3598 3929 con-

1992 3954 2201 4011 formes
2224 3955 2354 4013 facti
2379 3958 2452 4023 ei,
2479 3959 2575 4029 qui
2608 3969 2837 4030 propter
2861 3978 2963 4017 nos
2994 3973 3056 4018 ut
3081 3980 3183 4020 nos
3204 3973 3288 4021 est
3337 3965 3596 4032 etl‘ectus,

1995 4046 2321 4119 Unigenitus
2344 4051 2568 4120 quidem
2593 4060 2654 4106 ut
2684 4053 2850 4117 Deus,
2880 4055 3048 4125 278
3077 4056 3481 4128 primogenitus
3498 4075 3598 4113 au-

1994 4145 2105 4193 tem
2136 4151 2364 4211 propter
2388 4143 2688 4198 humanam
2724 4153 3006 4212 naturam,
3038 4157 3227 4203 sancta
3273 4149 3598 4221 acceptissi—

1993 4246 2194 4302 maque
2228 4233 2408 4290 hostia
2431 4236 2642 4291 erimus
2671 4238 2784 4292 Deo
2818 4237 2988 4292 Patri.
3029 4238 3460 4298 Sanctiﬁcantur
3494 4242 3598 4297 ita-

1993 4341 2101 4395 que
2140 4325 2507 4399 primogenita
2531 4331 2868 4396 masculina,
2895 4340 2956 4392 ut
2990 4332 3044 4391 in
3096 4333 3337 4405 imagine
3391 4333 3595 4390 Christi

1995 4417 2394 4490 intelligantur.
2427 4421 2905 4489 Quemadmodum
2939 4425 3087 4480 enim
3117 4433 3320 4482 matres
3375 4427 3597 4497 quando

1995 4509 2233 4568 infantes
2266 4513 2609 4579 oti'erebant,
2627 4513 2884 4571 Christus
2923 4518 3192 4574 Dominus
3223 4527 3412 4575 noster
3435 4520 3595 4575 boni--

272 4611 556 4682 Χριστὸς,
589 4613 686 4665 καὶ
728 4615 844 4676 τοῖς
877 4613 1055 4683 ἁγίοις
1091 4614 1536 4686 προσπεφώνηκε
1575 4615 1880 4686 μαθηταῖς*

1993 4623 2098 4680 gne
2144 4605 2445 4665 admodtun
2494 4607 2738 4674 admisit,
2789 4609 2995 4664 sanctis
3023 4609 3314 4683 discipulis
3355 4612 3593 4668 dicens:

276 4722 298 4755 σ
351 4705 562 4772 Ἅφετε
594 4705 664 4758 τὰ
704 4704 917 4767 παιδία,
953 4705 1047 4758 καὶ
1079 4705 1154 4776 μὴ
1185 4703 1428 4758 κωλύετε
1459 4703 1601 4758 αύτά
1625 4703 1886 4775 ἔρχεσθαι

271 4795 415 4866 πρός
454 4812 546 4866 με·
574 4796 686 4848 τῶν
710 4795 820 4868 γὰρ
851 4795 1111 4849 τοιούτων
1139 4797 1288 4850 ἐστὶν
1312 4798 1345 4867 ἠ
1371 4795 1620 4864 βασιλεία
1651 4796 1760 4850 τῶν
1793 4796 1886 4850 ού-

272 4887 488 4958 ρανῷν·
537 4907 557 4940 ι
607 4886 752 4940 οὕτω
779 4887 1014 4940 κάνθάδε
1048 4888 1266 4958 νοήσεις
1290 4905 1303 4917 ·
1344 4889 1538 4959 ἀγαπᾷ
1579 4887 1638 4940 τὸ
1669 4889 1882 4960 πρωτό-

266 4995 436 5032 τοκον
479 4980 508 5032 ό
536 4978 672 5042 Θεὸς
707 4981 802 5032 καὶ
841 4978 1052 5051 Πατὴρ,
1091 4980 1167 5043 ὡς
1199 4982 1256 5032 ἐν
1286 4980 1456 5033 εἰκόνι
1487 4978 1728 5050 Χριστοῦ
1765 4979 1885 5033 διαο

269 5071 517 5143 πρέπον.
557 5072 712 5126 Μόνα
748 5072 806 5125 δὲ
855 5072 1138 5126 ἀπόλεκτα
1168 5071 1237 5125 τὰ
1270 5073 1539 5142 ἀρσενικὰ
1576 5072 1684 5127 τῶν
1725 5091 1882 5143 πρω-

263 5165 539 5218 τοτόκων.
597 5163 751 5218 Ἔδει
783 5164 930 5235 γὰρ,
973 5165 1082 5218 ἔδει
1128 5164 1400 5228 σώζεσθαι
1446 5165 1525 5234 τῷ
1559 5165 1783 5236 Χριστῷ
1823 5165 1884 5218 τὸ

264 5255 424 5326 αὐτῷ
454 5253 662 5327 μᾶλλον
700 5254 1162 5328 πρεπωδέστατον
1202 5254 1399 5318 κάλλος
1421 5296 1435 5318 ,
1474 5257 1570 5308 καὶ
1611 5259 1723 5320 τοῖς
1761 5244 1880 5311 κατ’

263 5349 466 5404 εἰκόνα
498 5349 603 5420 τὴν
631 5349 772 5420 πρὸς
803 5349 968 5402 αὑτὸν
1006 5350 1081 5413 ὡς
1111 5351 1168 5402 ὲν
1205 5348 1339 5402 εἴδει
1366 5349 1473 5402 τῶν
1514 5351 1881 5420 πρωτοτόκων

268 5441 765 5514 μεμορφωμένοις.
799 5443 965 5497 Ἔστι-
999 5444 1110 5512 γὰρ
1139 5444 1276 5512 ὁμοῦ
1301 5442 1654 5513 πρωτότοκός
1687 5460 1747 5495 τε
1789 5445 1883 5497 καὶ

263 5537 475 5608 ἄρσην,
501 5536 582 5588 ὅτι
615 5534 692 5606 μὴ
713 5531 824 5610 οἶδε
857 5535 1210 5605 μαλακισμὸν
1245 5537 1326 5598 εἰς
1356 5536 1654 5608 ἁμαρτίαν·
1706 5537 1884 5606 μαλα·

266 5628 480 5701 κισμοῦ
504 5629 563 5681 δὲ
593 5629 789 5694 τύπος,
818 5629 880 5681 τὸ
919 5627 1077 5698 θῆλυ.
1113 5630 1204 5681 Δεῖ
1227 5629 1291 5699 δὴ
1318 5624 1410 5682 οὖν
1439 5629 1540 5698 τὴν
1570 5630 1754 5687 εἰκόνα
1785 5648 1882 5700 φο-

270 5719 506 5791 ροῦντας
537 5719 806 5790 Χριστοῦ,
837 5717 1225 5789 παραιτεῖσθαι
1256 5719 1354 5788 μὲν
1386 5720 1647 5792 φρόνημα
1683 5720 1743 5773 τὸ
1781 5720 1880 5793 θη-

339 5904 386 5936 "
441 5902 600 5959 Gal-at
690 5921 747 5972 ιι,

821 5904 908 5971 19,
962 5903 1051 5958 ‘20.
1131 5899 1175 5933 δ’
1211 5900 1400 5958 Matth.
1439 5918 1553 5975 xu,
1587 5903 1678 5959 H-

2001 4719 2019 4751 ‹
2045 4698 2220 4755 Sinite
2235 4699 2518 4768 parvulos,
2542 4715 2723 4771 neque
2748 4701 3040 4772 prohibete
3064 4719 3160 4759 eos
3182 4704 3252 4760 ad
3272 4721 3357 4761 me
3383 4707 3596 4772 venire,

1993 4793 2123 4863 quia
2185 4791 2387 4846 borum
2416 4801 2500 4847 est
2553 4809 2784 4864 regnum
2816 4795 3083 4850 cmlorum
3135 4797 3213 4864 ";
3254 4818 3270 4850 ι
3306 4800 3381 4855 ita
3421 4806 3476 4855 et
3506 4800 3598 4859 hic.

1994 4885 2294 4958 intelliges,
2326 4888 2476 4958 quod
2501 4889 2646 4945 Deus
2673 4905 2736 4945 ac
2769 4893 2934 4947 Pater
2959 4891 3152 4964 diligat
3199 4893 3594 4965 primogenita,

1995 4985 2256 5048 tanquam
2285 4979 2340 5032 in
2374 4981 2612 5050 imagine
2636 4980 2842 5038 Christi
2870 4983 2975 5038 sibi
2998 4986 3263 5039 exhibita.
3286 4986 3460 5041 Porro
3494 4990 3596 5046 soli

1995 5073 2224 5126 masculi
2253 5087 2283 5126 e
2310 5073 2694 5143 primogenitis
2737 5076 3043 5146 eliguntur.
3091 5076 3400 5148 Oportebat
3445 5081 3594 5136 enim

1993 5164 2219 5217 omnino
2245 5165 2452 5220 servari
2479 5165 2701 5221 Christo
2726 5169 3305 5226 convenientissimam
3341 5171 3443 5243 ipsi
3470 5174 3596 5244 puis

1993 5256 2388 5320 chritudinem,
2445 5259 2612 5313 etiam
2668 5259 2723 5313 in
2773 5260 2884 5315 illis
2926 5277 3049 5332 qua:
3097 5263 3255 5343 juxta
3299 5266 3592 5339 imaginem

1994 5349 2187 5418 ipsius,
2235 5350 2406 5404 veluti
2460 5351 2518 5405 in
2579 5354 2761 5422 specie
2807 5354 3308 5427 primogenitorum
3356 5359 3595 5418 formata

1991 5449 2170 5493 erant.
2231 5441 2367 5497 Nam
2399 5442 2802 5514 primOgenitus
2849 5447 3013 5505 simul
3080 5458 3165 5505 est
3214 5460 3269 5507 et
3314 5455 3594 5512 masculus

1991 5533 2267 5599 Christus,
2293 5544 2485 5604 utpote
2522 5538 2618 5607 qui
2647 5540 2854 5595 nullam
2883 5541 3172 5598 mollitiem
3191 5553 3592 5615 autpeccatum

1991 5629 2226 5684 noverit.
2264 5629 2490 5687 Femina
2515 5644 2701 5691 autem
2731 5645 2816 5691 est
2849 5646 3008 5709 typus
3036 5639 3334 5696 mollitici.,
3357 5637 3592 5706 Oportet

1993 5721 2162 5793 igitur
2187 5738 2285 5778 eos
2308 5724 2400 5794 qui
2429 5724 2634 5783 Christi
2661 5728 2957 5801 imaginem
2997 5746 3110 5800 pra:
3131 5746 3190 5786 se
3235 5730 3422 5785 ferunt
3462 5746 3588 5784 mur
