4060 6478
494 461 600 517 459

1519 455 1575 512 S.
1619 454 1892 513 CYRILLI
1932 455 2402 513 ALEXANDRINI
2442 456 2760 513 ARCHIEP.

3643 468 3737 526 ιᾶθ

493 579 705 656 liebres
725 564 1085 659 cogitationes
1110 574 1375 639 devitarc,
1402 573 1571 645 longe
1582 589 1713 630 vero
1737 589 1766 628 a
1806 590 1864 628 se
1890 574 2071 644 proﬂi-

2172 572 2489 643 ’λυπρεπές’
2519 550 2869 627 ἀποσείεσθαι
2888 571 2945 626 δέ
2968 571 3109 638 λίαν,
3141 573 3217 637 ὡς
3247 571 3514 646 ἰπᾶρατον
3541 564 3734 654 ἀληθῶς

493 684 625 741 gare
646 667 931 723 mollitiem
952 674 1116 737 atque
1143 662 1596 728 imbecillitatem,
1650 672 1842 737 utpote
1882 680 2071 719 revera

492 758 607 825 Deo
639 746 1032 812 exsecrabilem
1057 762 1219 824 atque
1252 752 1526 819 odiosam;
1563 761 1615 807 at
1652 752 1837 823 potius
1862 768 2074 809 summa

493 852 663 909 animi
686 838 967 905 alacritate
993 846 1458 917 contentioneque
1491 846 1754 900 virtutem
1791 861 2072 902 exercere.

500 942 729 1005 «,Omne
761 950 942 997 autem
967 939 1115 1011 quod
1154 939 1333 1009 aperit
1366 939 1584 993 vulvam
1614 939 1799 1005 asinae,
1850 954 2075 1010 permu-

493 1041 643 1091 tatur
686 1047 806 1087 ove.
845 1051 863 1083 ι
900 1030 1161 1099 Quaenam
1182 1045 1317 1085 vero
1343 1030 1485 1084 ratio
1508 1041 1597 1084 est
1615 1030 1930 1101 ‘nujusmodi
1956 1030 2077 1087 rei?

490 1122 628 1195 Nam
656 1125 846 1185 asinus
888 1123 1193 1180 secundum
1228 1122 1405 1193 legem
1442 1122 1687 1192 pollutus
1722 1131 1808 1178 est
1860 1131 1918 1180 et
1970 1126 2075 1181 im-

491 1215 732 1291 mundus
759 1234 772 1270 :
796 1215 915 1271 ovis
949 1223 1245 1289 autemest
1282 1215 1482 1270 animal
1512 1215 1800 1281 mundum,
1842 1214 1988 1270 unde
2020 1223 2075 1270 et

488 1324 593 1381 pro
611 1308 768 1362 asino
791 1305 1041 1362 offertur.
1066 1300 1174 1362 S‘é‘d
1191 1306 1278 1361 lex
1304 1306 1505 1362 iterum
1530 1306 1690 1361 nobis
1747 1305 1977 1378 ﬁgurate
2018 1308 2074 1363 in

489 1396 580 1474 his
605 1396 940 1463 subindicat,
965 1396 1113 1466 quod
1134 1396 1421 1467 profanum
1448 1410 1547 1466 per
1568 1395 1847 1451 Christum
1877 1395 2075 1452 redda-

491 1478 582 1544 tur
605 1496 879 1554 sanctum,
930 1495 985 1543 et
1013 1487 1356 1542 immundum
1384 1487 1672 1553 mundum,
1698 1474 2077 1559 et'reprobum

490 1579 854 1654 approbatum
878 1588 1294 1649 acceptumque.
1329 1578 1466 1634 Cum
1501 1577 1649 1633 enim
1675 1594 1777 1635 nos
1832 1593 2081 1636 essemus

490 1685 654 1740 pecca
665 1675 812 1725 tores
834 1674 999 1738 atque
1021 1667 1313 1733 immundi,
1342 1667 1521 1723 factus
1550 1677 1634 1723 est
1656 1669 1775 1739 ipse
1794 1684 1896 1740 pro
1918 1668 2080 1724 nobis

489 1750 671 1841 hostia
716 1768 906 1815 sancta
939 1768 995 1816 et
1036 1760 1092 1815 in
1133 1760 1362 1815 odorem
1403 1761 1562 1815 bona
1588 1761 1923 1832 fragrantia,
1951 1760 2080 1832 quia

489 1860 745 1929 mortuus
778 1858 864 1907 est
896 1869 999 1924 pro
1040 1853 1452 1923 peccatoribus,
1493 1854 1677 1925 justus
1709 1868 1811 1925 pro
1835 1854 2076 1925 injustis,

2176 667 2270 719 καί
2301 665 2420 735 Θεῷ
2457 674 2765 735 κατεστυγη
2776 666 2955 735 μένον,
2981 665 3041 718 τὸ
3081 663 3357 735 μαλθακόν
3384 684 3441 720 τε
3470 671 3559 725 καί
3603 675 3734 729 am-

2181 756 2363 828 μένον,
2393 756 2487 810 καὶ
2518 755 2732 822 ἄναλκι,
2758 756 2854 810 καὶ
2880 755 3185 827 σφριγῶδες
3208 757 3439 827 ἀνέχειν·
3466 763 3553 815 καὶ
3574 765 3738 838 ἀνδρος

2177 847 2364 918 πρεπῆ
2393 846 2701 919 προθυμίαν
2734 847 2816 909 εἷς
2845 863 2909 916 γε
2934 846 2994 900 τὸ
3027 848 3137 901 δεῖν
3169 847 3405 916 ἑλέσθαι,
3425 857 3580 924 φημὶ,
3614 874 3735 914 κατ.

2177 937 2370 1009 ορθοῦν
2404 941 2629 1012 ἀρετήν.
2665 958 2685 990 ι
2736 938 3083 993 ’Δλλάττεται
3132 939 3190 993 δὲ
3230 940 3484 1012 προϐάτῳ
3511 947 3612 998 πᾶν
3632 947 3736 1003 δια-

2178 1033 2354 1100 νοίγον
2388 1030 2603 1102 μήτραν
2628 1032 2773 1087 ὄνου.
2817 1050 2837 1084 ι
2869 1032 2980 1085 Καὶ
3001 1030 3086 1094 τίς
3107 1032 3136 1085 6
3161 1031 3317 1101 λόγος
3343 1036 3379 1098 ;’
3398 1035 3627 1108 Ἀνίερον
3651 1041 3739 1109 μὲν

2178 1121 2289 1193 γὰρ
2316 1122 2409 1176 καὶ
2429 1121 2656 1194 βέϐηλον
2684 1121 2828 1176 κατὰ
2854 1121 3021 1193 νόμον
3048 1123 3081 1192 ἡ
3112 1121 3231 1185 ὄνος
3250 1138 3264 1151 ο
3295 1122 3437 1193 ἱερὸν
3458 1122 3514 1176 δέ
3538 1125 3596 1178 τὸ
3620 1128 3739 1198 πρό-

2180 1217 2373 1270 ϐατον*
2408 1216 2685 1288 τοιγάρτοι
2719 1215 2817 1268 καί⁵
2846 1214 2988 1286 ὑπὲρ
3019 1212 3143 1266 ὅνου
3176 1212 3528 1284 προσάγεται.
3567 1216 3739 1272 Ὑπαιο
3830 1276 3841 1281 _

2180 1309 2423 1365 νίττεται
2456 1308 2514 1362 δὲ
2545 1308 2708 1363 πάλιν
2745 1308 2879 1378 ἡμῖν
2911 1308 2940 1360 6
2977 1303 3142 1376 νόμος
3173 1307 3231 1359 ἐν
3277 1306 3508 1372 τούτοις,
3547 1308 3623 1363 ὅτι
3654 1311 3738 1364 καὶ

2178 1401 2240 1454 τὸ
2273 1400 2500 1472 βέϐηλον
2545 1400 2700 1469 ἅγιον
2732 1401 2789 1454 ἐν
2840 1396 3062 1470 Χριστῷ
3088 1439 3102 1462 ,
3137 1398 3234 1451 καί
3278 1398 3341 1451 τὸ
3388 1400 3614 1470 ἀνίερον,
3657 1402 3741 1455 καὶ

2179 1493 2368 1547 δεκτδν
2408 1492 2475 1546 δι’
2508 1490 2673 1545 αὐτοῦ
2716 1491 2813 1545 καὶ
2845 1490 2907 1544 τὺ
2937 1488 3341 1563 άπαράδεκτον.
3390 1486 3604 1563 Ἐπειδὴ
3639 1492 3740 1564 γὰρ

2178 1578 2322 1654 ἦμεν
2353 1583 2667 1656 ἁμαρτωλοί
2693 1583 2789 1637 καὶ
2815 1581 3139 1653 ἀκάθαρτοι,
3164 1581 3391 1651 γέγονεν
3421 1583 3578 1646 αὐτὸς
3611 1584 3741 1656 ὑπὲρ

2178 1674 2338 1746 ήμῶν
2367 1674 2521 1744 ἅγιον
2556 1674 2722 1745 θῦμα,
2754 1674 2847 1728 καὶ
2885 1674 2965 1737 εἰς
2993 1673 3171 1745 ὀσμὴν
3199 1672 3449 1737 εύωδίας;
3495 1673 3739 1741 Ἀπέθανε

2179 1764 2289 1837 γὰρ
2348 1767 2488 1839 ὑπὲρ
2527 1765 2891 1836 ἁμαρτωλῶν,
2922 1763 3129 1827 δίκαιος
3170 1762 3313 1834 ὑπὲρ
3349 1764 3566 1830 άδίκων,
3614 1764 3743 1837 ὑπὲρ

2178 1856 2289 1911 τῶν
2324 1857 2650 1929 ἀκαθάρτων
2673 1858 2702 1909 6
2731 1854 2990 1927 καθαρὸς,
3019 1854 3166 1909 καθὰ
3196 1855 3290 1909 καί
3315 1855 3588 1926 πρόϐατον
3613 1854 3742 1926 ὑπὲρ

488 1943 730 2000 mundus
766 1961 870 2016 pro
892 1944 1211 2009 immundis,
1242 1946 1386 2002 sicut
1406 1957 1462 2002 et
1488 1947 1607 2003 ovis
1643 1961 1743 2017 pro
1768 1947 1943 2001 asino.
1969 1945 2071 2002 Re-

2180 1950 2325 2004 δνου.
2357 1948 2663 2021 Λυτροῦται
2691 1948 2749 2002 δὲ
2777 1948 2845 2002 τὰ
2868 1946 3170 2018 ἀνθρώπων
3190 1948 3513 2019 πρωτότοκα
3545 1946 3740 2018 δώρων,

488 2034 778 2089 dimuntur
801 2041 985 2092 autem
1010 2036 1298 2091 hominum
1325 2037 1712 2108 primogenita,
1748 2046 1811 2094 ut
1836 2053 1935 2107 par
1969 2043 2074 2103 est,

488 2127 651 2181 donis
683 2128 798 2183 sive
840 2128 1204 2184 aastimatione
1229 2129 1432 2184 oblata.
1479 2128 1653 2195 Quam
1705 2128 1776 2184 ob
1815 2129 2079 2183 causam?

487 2220 628 2289 Quia
653 2221 799 2291 quod
822 2221 1146 2291 simpliciter
1160 2227 1541 2276 consecratum
1572 2231 1657 2277 est
1682 2229 1738 2276 et
1764 2220 2077 2276 sanctiﬁca-

491 2322 609 2368 tum
632 2314 765 2381 Deo,
791 2314 846 2369 id
864 2330 1026 2369 omne
1061 2313 1351 2384 oportebat
1367 2312 1659 2368 immolari.
1682 2310 1958 2367 Abhorret
1981 2327 2078 2365 aun

490 2417 601 2459 tem
626 2405 694 2461 ab
723 2405 1025 2462 homicidio
1049 2407 1217 2471 Deus,
1247 2405 1343 2476 qui
1367 2405 1575 2460 creavit
1597 2404 1781 2459 omnia
1816 2404 1873 2459 in
1896 2403 2077 2458 incor-

414 2486 417 2491 ”
491 2496 769 2569 raptione.
803 2518 821 2550 ι
850 2498 1041 2570 Neque
1063 2498 1210 2554 enim
1237 2497 1447 2553 creavit
1474 2504 1728 2561 mortem,
1756 2510 1939 2565 neque
1981 2494 2077 2549 de-

488 2588 724 2644 lectatur
763 2590 989 2644 interitu
1014 2590 1337 2656 viventium,
1372 2607 1391 2641 ι
1419 2590 1561 2645 sicut
1589 2589 1855 2658 scriptum
1898 2597 1983 2642 est
2005 2587 2069 2641 ”.

486 2680 675 2753 Neque
699 2682 831 2738 item
858 2683 1158 2740 immundis
1188 2683 1473 2740 dmmoniis
1519 2683 1880 2754 pereuntibus
1915 2682 2070 2737 laeta-

486 2782 605 2840 tur;
639 2773 733 2829 sed
762 2775 950 2845 potius
972 2776 1241 2847 praecipit,
1272 2784 1334 2831 ut
1356 2792 1456 2845 pro
1494 2775 1608 2846 ipsa
1646 2782 1825 2829 morte
1868 2788 2071 2843 repen-

485 2863 682 2920 damus
700 2864 1094 2937 redemptionis
1123 2866 1384 2936 pretium,
1412 2851 1767 2937 279‘atque
1798 2868 1872 2919 ita
1892 2864 2069 2934 palam

486 2953 851 3012 con'fiteamur
885 2975 987 3014 nos
1012 2961 1061 3015 ei
1100 2959 1306 3015 debere
1334 2960 1478 3014 hanc
1502 2960 1693 3014 vitam.
1725 2958 1783 3012 ld
1814 2958 1962 3013 enim
1982 2956 2069 3010 in-

484 3049 692 3104 nuebat
714 3060 769 3106 et
796 3050 1137 3117 didrachma,
1164 3052 1310 3122 quod
1330 3052 1561 3123 jubebat
1586 3051 1810 3105 Petrum
1834 3051 2066 3107 solvere.

484 3140 605 3210 Ipse
632 3149 818 3196 autem
840 3141 1096 3197 Christus
1115 3157 1308 3197 verum
1322 3136 1565 3213 intelligi
1607 3140 1773 3196 debet
1825 3143 2068 3211 pretium

485 3232 904 3321 redemptionis,
962 3252 1061 3306 per
1094 3250 1257 3307 quem
1309 3243 1365 3289 et
1396 3235 1452 3289 in
1503 3249 1613 3305 quo
1654 3237 2065 3306 corruptionem
2098 3266 2139 3324 ο

483 3326 740 3397 vicimus,
785 3328 1056 3400 siquidem
1106 3328 1462 3398 semetipsum
1501 3343 1602 3399 pro
1637 3329 1799 3384 nobis
1822 3329 2061 3384 dedit“.

483 3420 660 3475 Porro
676 3428 885 3491 septem
909 3420 1028 3477 dies
1050 3421 1404 3491 ait'oportere
1431 3436 1629 3492 agnum
1655 3421 1929 3492 complere
1962 3423 2065 3477 sub

486 3518 664 3569 matre
694 3529 706 3565 :
731 3522 926 3567 octavo
945 3520 1139 3568 autem
1174 3512 1263 3567 die
1296 3511 1516 3567 adduci.
1563 3512 1683 3585 Non
1721 3514 1869 3573 enim
1900 3513 2062 3569 simul

485 3617 551 3659 ac
576 3610 737 3657 natus
759 3612 905 3681 esset
928 3603 1302 3670 mactabatur;
1342 3604 1439 3659 sed
1465 3618 1589 3659 cum
1618 3612 1872 3659 materno
1923 3605 2073 3659 lacte

486 3692 747 3764 paulatim
775 3678 1031 3773 pinguior
1052 3712 1115 3751 ac
1138 3696 1414 3751 robustior
1438 3696 1613 3751 factus
1645 3694 1833 3761 fuerit,
1876 3705 2064 3766 aptum

487 3785 593 3863 sibi
621 3786 676 3861 in
714 3786 940 3863 odorem
968 3788 1123 3842 bonae
1138 3787 1452 3859 fragrantia;
1495 3787 1743 3843 futurum
1777 3788 1923 3843 Deus
1966 3787 2066 3843 de-

486 3877 678 3932 clarat.
706 3877 872 3948 Atqui
894 3879 999 3934 hoc
1020 3879 1196 3949 ipsum
1211 3886 1391 3950 potest
1407 3894 1527 3935 esse
1549 3887 1707 3950 typus
1723 3878 1801 3943 rei
1825 3877 2067 3950 mysticae

487 3974 649 4037 atque
668 3969 1013 4036 necessariae,
1041 3986 1161 4040 qua:
1186 3970 1240 4025 in
1263 3970 1410 4026 hunc
1432 3985 1605 4040 usque
1628 3970 1774 4024 diem
1803 3970 2066 4025 observa-

489 4052 581 4111 tur
608 4071 639 4111 a
661 4058 840 4123 nobis,
867 4059 961 4129 qui
997 4059 1284 4114 rationalia
1306 4060 1674 4132 primogenita
1717 4059 1830 4115 Deo
1867 4075 2065 4116 conse-

484 4164 643 4227 crare
691 4136 1096 4206 consuevimus.
1143 4151 1263 4207 Non
1281 4152 1429 4206 enim
1488 4151 1755 4206 continuo
1780 4151 2067 4208 oﬂ‘erimns

486 4236 599 4295 Deo
636 4254 830 4309 recens
852 4250 1095 4308 vocatos,
1120 4250 1176 4298 et
1207 4241 1434 4297 vixdum
1478 4242 1673 4312 primis
1704 4241 1829 4297 ﬁdei
1857 4258 2064 4315 praece-

485 4335 596 4402 ptis
624 4333 885 4401 imbutos,
937 4342 1102 4406 atque
1143 4336 1388 4391 nondum
1442 4328 1689 4408 initiatos
1724 4350 1737 4389 :
1783 4343 1838 4390 at
1879 4336 2065 4407 potius

485 4423 821 4479 catechismo
846 4425 1215 4491 instituentes,
1253 4441 1316 4482 ac
1337 4425 1743 4496 quodammodo
1760 4426 1864 4482 sub
1887 4433 2065 4483 matre

484 4515 717 4581 alentes,
735 4515 842 4570 hoc
869 4524 974 4583 est,
1007 4516 1108 4572 sub
1130 4516 1394 4582 Ecclesia,
1420 4531 1485 4572 ac
1519 4517 1691 4571 veluti
1740 4519 1880 4573 lacte
1924 4535 2064 4589 quo-

2179 2043 2319 2099 κατὰ
2338 2043 2399 2097 τὸ
2429 2042 2596 2106 εἰκὸς,
2629 2042 2747 2113 ήτοι
2771 2041 2993 2112 τίμημα
3008 2039 3120 2094 τῶν
3145 2038 3738 2111 προσδοκιμαςομένων.

2179 2137 2278 2190 Διὰ
2320 2135 2481 2189 ποίαν
2514 2133 2729 2198 αἰτίαν;
2771 2131 2896 2186 Ὅτι
2929 2132 2990 2186 τὸ
3027 2129 3452 2201 ἀνατεθειμένον
3496 2131 3629 2194 ὅλως
3658 2131 3743 2185 καὶ

2177 2224 2510 2297 ἡγιασμένον
2535 2224 2613 2295 τῷ
2636 2223 2755 2292 Θεῷ
2786 2222 3160 2277 καταθύεσθαι
3187 2239 3292 2276 που
3318 2223 3491 2295 ἐχρῆν
3518 2224 3739 2285 πάντως.

2178 2320 2533 2390 Παραιτεῖται
2560 2316 2618 2370 δὲ
2651 2316 2751 2388 τὴν
2781 2314 3166 2388 ἀνδροκτονίαν
3196 2316 3228 2368 6
3253 2316 3451 2378 κτίσας
3475 2316 3532 2368 ἐν
3560 2315 3743 2386 ἀφθαρ-

2177 2411 2269 2480 σίᾳ
2292 2409 2425 2473 Θεὸς
2452 2408 2520 2463 τὰ
2547 2409 2746 2462 πάντα.
2787 2426 2805 2459 ι
2847 2408 2924 2460 Οὐ
2952 2406 3062 2478 γὰρ
3081 2406 3344 2476 ἐποίησεν
3369 2406 3618 2471 θάνατον,
3636 2403 3744 2460 οὐδέ

2177 2499 2265 2553 ἐπ’
2299 2498 2544 2569 ἀπωλείᾳ
2586 2496 2808 2563 ζώντων
2834 2496 3123 2567 τέρπεται,
3170 2514 3196 2551 ,ι
3241 2496 3390 2549 κατὰ
3421 2496 3482 2549 τὺ
3507 2510 3743 2566 γεγραμ-

2177 2591 2356 2663 μένον.
2396 2589 2532 2644 Οῦτε
2580 2590 2688 2662 μὴν
2721 2591 2781 2641 ἐν
2826 2588 2928 2659 ίσῳ
2972 2590 3087 2652 τοῖς
3124 2586 3465 2658 ἀκαθάρτοις
3508 2587 3742 2657 δαίμοσι,

2173 2684 2285 2746 τοῖς
2318 2681 2837 2752 καταφθειρομένοις
2860 2681 3146 2751 ἐφήδεται·
3177 2681 3510 2752 προστάττει
3537 2680 3593 2733 δὲ
3623 2678 3767 2750 μᾶλ-’

2172 2772 2262 2827 λον
2296 2772 2439 2843 ύπέρ
2472 2769 2637 2827 αὐτοῦ
2676 2770 2922 2825 καθεῖναι
2967 2771 3031 2824 τὸ
3070 2768 3268 2842 λύτρον
3289 2812 3307 2835 ,
3345 2770 3623 2841 μονονουχὶ
3662 2768 3746 2822 καί

2172 2866 2467 2938 διαρρήδην
2492 2864 2773 2936 ὁμολογεῖν
2799 2863 2877 2928 ὡς
2915 2862 3065 2934 αὐτῷ
3090 2863 3190 2933 τὴν
3223 2863 3443 2918 οἰκείαν
3473 2861 3745 2931 ὀφείλομεν

2174 2955 2341 3026 ζωήν.
2374 2954 2543 3007 Τοῦτο
2588 2953 2697 3026 γὰρ
2744 2953 2953 3007 ἐποίσει
2996 2953 3056 3006 τὸ
3086 2952 3432 3023 καλούμενον
3469 2952 3748 3025 δίδραγμον

2171 3047 2443 3101 τελεῖσθαι
2467 3047 2842 3119 προστάττων.
2871 3045 3082 3118 Λύτρον
3100 3045 3159 3100 δέ
3186 3045 3247 3098 τὸ
3268 3046 3478 3116 ἀληθὲς
3505 3046 3598 3099 καὶ
3619 3043 3748 3114 ὑπὲρ

2172 3137 2410 3203 πάντων,
2430 3137 2591 3202 αὐτὸς
2612 3139 2784 3191 νοοῖτο
2806 3137 3059 3208 Χριστὸς,
3082 3137 3147 3191 δι’
3171 3132 3251 3203 οῦ,
3285 3140 3390 3192 καὶ
3410 3140 3469 3192 ἐν
3486 3134 3530 3206 ᾧ
3551 3138 3749 3207 νενικήι-

2173 3248 2350 3302 καμεν
2382 3231 2482 3303 τὴν
2515 3230 2721 3303 φθοράν
2746 3252 2759 3263 ·
2799 3230 3000 3285 δέδωκε
3028 3230 3138 3303 γὰρ
3171 3232 3373 3285 ἐαυτὸν
3402 3233 3547 3303 ὑπὲρ
3578 3230 3742 3302 ήμῶν.

2183 3323 2356 3378 Ἑπτὰ
2396 3323 2454 3377 δὲ
2499 3322 2611 3378 δεῖν
2648 3323 2751 3395 ἔφη
2786 3321 3029 3396 πληροῦν
3066 3324 3284 3395 ἡμέρας
3329 3326 3439 3380 ὑπὸ
3476 3324 3640 3395 μητρὶ
3665 3322 3747 3374 τὸν

2168 3414 2370 3483 ἀμνόνι
2402 3413 2869 3484 προσκομίζεσθαι
2904 3412 2962 3466 δὲ
2994 3415 3139 3468 κατὰ
3174 3413 3277 3485 τὴν
3303 3414 3519 3487 ὀγδόην.
3552 3413 3624 3466 υύ
3648 3411 3747 3482 γάρ

2166 3521 2248 3558 τοι
2276 3503 2465 3574 τεχθὲν
2494 3506 2558 3558 ἐκ
2588 3490 2823 3576 μήτρας,
2850 3500 3013 3571 εὐθὺς
3042 3506 3424 3576 κατεσφάζέτο
3441 3524 3456 3539 ·
3480 3505 3559 3576 τῷ
3586 3503 3640 3558 δέ
3659 3503 3747 3571 τῆς

2167 3596 2432 3667 τεκούσης
2476 3596 2710 3665 γάλακτι
2756 3595 3148 3668 προανδρισθέν
3170 3597 3384 3669 ἠρέμα,
3425 3597 3523 3651 καί
3549 3592 3747 3663 διισχύ·

2172 3694 2273 3743 σαν
2309 3690 2486 3761 βραχὺ
2513 3732 2528 3758 ,
2578 3691 2701 3744 τότε
2833 3734 2847 3759 ,
2878 3692 3001 3746 τότε
3046 3693 3145 3747 καὶ
3192 3695 3276 3757 εἰς
3308 3694 3492 3764 ὀσμὴν
3522 3688 3748 3753 ,εὐωδίας

2167 3781 2487 3852 ἐπιτηδείως
2518 3782 2661 3853 ἔχειν
2683 3781 2833 3845 αὐτὸ,
2875 3784 3129 3837 διετύπου
3177 3783 3337 3848 Θεός;
3386 3784 3581 3847 Τύποςο
3606 3781 3650 3834 δ’
3687 3777 3748 3832 ἂν

2124 3870 2128 3877 ’
2166 3875 2255 3942 εἰη
2287 3872 2384 3926 καί
2412 3872 2531 3926 τόδε
2568 3872 2835 3945 μυστικοῦ
2875 3874 2973 3929 καί
3011 3876 3313 3945 ἀναγκαίου
3348 3876 3693 3947 πράγματος,
3722 3870 3748 3922 δ

2168 3966 2263 4019 καί.
2302 3966 2381 4029 εἰς
2407 3964 2567 4035 δεῦρο
2592 3964 2892 4037 τετήρηται
2932 3967 3065 4039 παρ’
3110 3968 3247 4039 ἡμῖν
3301 3971 3425 4032 τοῖς
3464 3968 3535 4021 τὰ
3566 3961 3749 4032 λογικὰ

2168 4056 2463 4129 θρέμματα
2491 4054 2782 4130 καθιεροῦν
2814 4056 3032 4111 εἰωθόσι
3078 4057 3158 4129 τῷ
3197 4058 3428 4113 πάντων
3469 4054 3746 4129 κρατοῦντι

2166 4149 2306 4220 Θεῷ.
2359 4150 2434 4204 Ού
2483 4150 2594 4223 γὰρ
2626 4146 2763 4221 ὁμοῦ
2804 4150 3215 4222 κεκλημένους,
3253 4152 3356 4205 καὶ
3404 4152 3486 4215 εἰς
3538 4149 3636 4211 τὰς
3661 4143 3745 4200 τοῦ

2167 4241 2442 4295 πιστεύειν
2462 4242 2635 4314 ἀρχὰς
2659 4234 3049 4310 ἐκϐεϐηκότας,
3072 4242 3169 4295 καὶ
3184 4243 3478 4314 ἀμυήτους
3499 4240 3580 4294 ἐτι
3599 4252 3748 4309 προσ-

2167 4331 2467 4402 κομίζομεν
2508 4334 2574 4403 τῇ
2623 4330 2744 4404 θείᾳ
2776 4348 2836 4385 τε
2885 4328 2983 4385 καὶ
3018 4330 3355 4402 ἀναιμάκτῳ
3402 4328 3601 4399 θυσίᾳ·
3632 4340 3748 4396 προ·

2166 4424 2534 4495 κατηχοῦντες
2560 4423 2619 4477 δὲ
2653 4421 2875 4496 μᾶλλον,
2915 4421 3201 4494 μονονουχὶ
3230 4420 3293 4475 δὲ
3326 4423 3426 4476 καί
3455 4421 3561 4475 ὑπὸ
3593 4413 3746 4491 μητρὶ

2164 4516 2483 4586 τρέχοντες,
2532 4516 2817 4581 τουτέστι,
2861 4519 2927 4587 τῇ
2972 4514 3279 4587 Ἐκκλησία
3304 4556 3319 4581 ,
3351 4514 3451 4568 καὶ
3492 4506 3604 4566 οἷόν
3648 4524 3745 4561 τινι

484 4590 609 4661 dam
654 4604 957 4663 infantibus
1011 4617 1158 4680 apto,
1206 4616 1262 4663 et
1289 4608 1488 4664 tenello
1533 4609 1705 4664 verbo
1742 4610 2064 4682 pinguiores

2171 4608 2397 4676 γάλακτι
2439 4610 2812 4681 νηπιοπρεπεϊ
2852 4609 2950 4662 καὶ
2994 4605 3251 4680 τρυφερῷ
3299 4603 3746 4663 καταπιαίνοντες

484 4698 801 4755 reddentes.
828 4699 968 4779 Hinc
1004 4708 1061 4756 et
1085 4700 1287 4756 Paulus
1310 4701 1378 4757 iis
1418 4702 1511 4773 qui
1540 4703 1783 4758 nondum
1819 4703 2064 4779 perfecto

2173 4700 2334 4772 λόγῳ.
2371 4701 2479 4755 Καὶ
2517 4700 2648 4770 γοῦν
2686 4702 2716 4754 6
2754 4699 3041 4763 θεσπέσιος
3080 4697 3297 4762 Παῦλος
3337 4700 3452 4760 τοῖς
3479 4695 3631 4750 οὔπω
3656 4692 3747 4762 τὴν

483 4801 614 4846 sunt
637 4780 829 4847 habitu.
860 4778 1090 4848 scribit:
1125 4813 1142 4845 ι
1173 4793 1355 4849 Laetis
1392 4804 1582 4865 potum
1605 4796 1763 4852 vobis
1785 4796 2062 4863 dedi,non

2171 4787 2282 4855 ἐξιν
2308 4789 2531 4854 τελείοις
2553 4788 2858 4843 ἐπιστέλλει
2883 4788 3078 4858 λέγων’
3109 4807 3129 4839 ι
3158 4786 3309 4842 Γάλα
3336 4788 3486 4858 ὑμᾶς
3510 4783 3741 4844 ἐπότισα,

481 4898 687 4940 escam.
712 4883 967 4940 Nondum
985 4885 1130 4941 enim
1147 4886 1430 4957 poteratis,
1457 4886 1554 4943 sed
1578 4903 1646 4943 ne
1669 4903 1816 4943 nunc
1838 4888 2062 4957 quidem

2171 4884 2263 4937 καὶ
2294 4883 2357 4936 οὐ
2408 4882 2624 4954 βρῶμα.
2660 4881 2828 4937 Οῦπω
2857 4881 2967 4952 γὰρ
2995 4878 3304 4951 ἠδύνασθε,
3354 4877 3477 4933 ἀλλ’
3518 4874 3638 4929 οὐδὲ
3673 4871 3745 4924 ἔτι

481 4978 715 5045 potestis
747 4976 833 5032 ⁷⁸⁸⁸.
876 4998 895 5029 ι
927 4978 1167 5033 Rursum
1192 4975 1245 5033 i'n
1270 4979 1375 5034 alia
1395 4979 1624 5051 epistola
1660 4997 1674 5033 :
1711 4999 1729 5032 ι
1755 4979 1944 5035 Omnis
1967 4980 2061 5051 qui

2171 4975 2263 5029 νῦν
2289 4976 2578 5029 δύνασθε.»
2615 4976 2724 5029 Καὶ
2754 4974 2915 5029 πάλιν
2948 4975 3005 5027 ἐν
3031 4972 3199 5043 ἑτέρᾳ
3234 4968 3534 5040 Ἐπιστολῇ
3553 4982 3567 4996 ·
3591 4982 3609 5016 ι
3640 4963 3744 5022 Πᾶς

481 5070 757 5139 particeps
780 5078 865 5126 est
887 5070 1067 5137 lactis,
1092 5071 1382 5143 imperitus
1416 5078 1501 5127 est
1523 5071 2058 5143 sermonisjustitiae.

484 5154 666 5211 Infans
686 5159 834 5229 enim
860 5167 961 5215 est.
988 5160 1364 5216 Perfectorum
1402 5172 1584 5217 autem
1612 5171 1696 5218 est
1736 5163 1944 5218 solidus
1981 5164 2062 5218 ci-

484 5244 609 5310 bus,
636 5248 730 5317 qui
761 5264 859 5317 per
895 5253 1349 5310 consuetudinem
1382 5255 1590 5309 habent
1629 5270 1822 5310 sensus
1858 5254 2061 5311 confir-

485 5348 662 5393 matos
686 5341 756 5395 ad
779 5340 1167 5398 discretionem
1191 5344 1320 5401 boni
1358 5361 1423 5400 ac
1449 5347 1577 5400 mali
1602 5346 1667 5400 "‘.
1700 5366 1717 5398 ι
1752 5346 1914 5403 Viros
1956 5348 2059 5418 igi-

485 5440 576 5486 tur
599 5431 792 5498 factos,
822 5448 887 5487 ac
934 5433 1075 5487 bene
1133 5434 1189 5488 in
1228 5436 1515 5506 praeceptis
1535 5435 1860 5491 Christianae
1901 5437 2061 5491 insti-

483 5522 717 5577 tutionis
763 5522 1038 5578 enutritus
1085 5520 1408 5580 adducimus
1445 5534 1640 5581 octavo
1669 5526 1779 5591 die,
1804 5526 1911 5581 hoc
1950 5536 2053 5591 est,

2161 5066 2271 5139 γὰρ
2300 5069 2328 5120 6
2358 5066 2602 5137 μετέχων
2624 5066 2916 5134 γάλακτος,
2942 5064 3171 5136 ἄπειρος
3197 5062 3366 5130 λόγου
3386 5056 3739 5124 δικαιοσύνης-

2159 5158 2374 5227 Νήπιος
2409 5158 2518 5229 γάρ
2548 5158 2687 5215 ἐστι.
2717 5156 2953 5209 Τελείων
2975 5155 3033 5210 δέ
3064 5158 3211 5209 ἐστιν
3249 5154 3285 5224 ή
3315 5150 3519 5224 στερεὰ
3554 5145 3738 5221 τροφὴ.

2157 5250 2271 5305 τῶν
2300 5250 2388 5304 διὰ
2420 5249 2518 5321 τὴν
2541 5249 2656 5316 ἕξιν
2683 5248 2752 5302 τὰ
2782 5247 3115 5319 αἰσθητήρια
3143 5246 3583 5319 γεγυμνασμένα
3609 5239 3742 5311 ἑχόνο
3792 5235 3807 5243 ”

2157 5350 2268 5396 των
2284 5342 2421 5413 πρὸς
2434 5342 2705 5413 διάκρισιν
2723 5339 2889 5393 καλοῦ
2901 5356 2964 5392 τε
2981 5340 3076 5394 καὶ
3091 5336 3290 5393 κακοῦ.
3310 5356 3331 5390 ι
3366 5337 3517 5408 Ἀνδρ
3529 5332 3739 5389 υθέντας

2164 5435 2231 5507 δὴ
2262 5429 2356 5488 οῦν
2386 5433 2483 5488 καί
2506 5426 2918 5504 τεθραμμένους
2940 5426 3000 5485 εὖ
3028 5430 3175 5502 μάλα
3198 5429 3325 5493 τοῖς
3339 5430 3423 5491 εἰς
3445 5425 3738 5495 κατήχησιν

2165 5527 2344 5597 λόγοις
2363 5526 2713 5599 προσάγομεν
2735 5523 2878 5579 κατὰ
2896 5523 2993 5594 τὴν
3010 5522 3227 5594 ὀγδόην,
3258 5520 3513 5574 τουτέστι
3541 5533 3612 5570 πα
3620 5528 3747 5589 pm“.

484 5610 577 5664 illo
601 5617 845 5679 tempore
908 5610 960 5664 in
989 5626 1099 5680 quo
1166 5621 1324 5668 erant
1349 5614 1606 5679 infantes,
1638 5617 1847 5686 elapso,
1867 5625 1923 5671 et
1943 5610 2054 5685 jam

2171 5619 2469 5681 πεύσαντος
2497 5615 2591 5671 τοῦ
2613 5612 2810 5688 καιροῦ
2833 5614 2953 5669 καθ’
2979 5615 3037 5669 ὃν
3061 5608 3201 5685 ἦσαν
3226 5613 3288 5666 ἐν
3311 5610 3622 5683 νηπιότητι,
3648 5598 3739 5656 καὶ

482 5701 850 5765 alioineunte,
874 5703 925 5757 in
942 5720 1049 5774 quo
1074 5705 1277 5760 Christi
1301 5707 1625 5777 mysterium
1644 5707 1749 5760 illis
1771 5710 2056 5765 commode

2171 5711 2347 5765 λοιπον
2378 5710 2564 5782 ἐτέρου
2614 5709 2731 5780 μετ’
2758 5710 2970 5762 ἐκεῖνον
3004 5704 3401 5767 εἰσϐαίνοντος,
3448 5698 3569 5754 καθ’
3594 5696 3650 5749 δν
3681 5689 3738 5745 τδ

555 5877 602 5912 ⁸³
638 5878 762 5950 Sap.
796 5900 834 5951 ι,
873 5883 953 5937 15.
1032 5885 1074 5914 ⁸⁵
1104 5885 1339 5952 Philipp.
1373 5902 1430 5953 ιι,
1476 5887 1525 5937 ’1.
1607 5887 1668 5918 "'"
1700 5887 1724 5941 1
1759 5888 1883 5943 Cur.
1922 5906 1998 5955 ιιι,
2035 5890 2067 5942 Ξ

2171 5893 2207 5923 ⁸³
2242 5892 2413 5946 llehr.
2454 5907 2508 5958 γ,
2546 5890 2628 5978 εὖ,
2666 5890 2747 5945 Η.
