4060 6454
332 416 458 481 ιιι

1356 417 1888 476 GLAPHYRORUM
1930 421 1996 475 IN
2033 421 2322 478 EXODL’M
2360 423 2491 478 LIB.
2534 422 2598 479 ll.

3523 432 3632 490 ΗΞ

329 542 421 598 τοῦ
459 538 704 613 Χριστοῦ
737 538 1041 612 μυστήριον
1076 534 1470 611 παρσ[τε]θεῑη
1509 555 1594 604 τις
1622 538 1689 593 ἂν
1731 540 1922 602 αὐτοῖς

2033 543 2301 598 committi
2330 544 2526 614 possit.
2547 546 2787 600 Octavus
2819 545 2967 600 enim
3023 546 3144 603 dies
3177 548 3450 620 signiﬁcat
3469 549 3634 606 nobis

329 635 421 689 ἐπὶ
442 632 642 705 καιροῦ
677 631 773 686 καὶ
812 630 1156 703 πρεπόντως.
1190 630 1615 702 Κατασημαίνει
1641 630 1752 701 γὰρ
1794 632 1930 703 ἡμῖν

326 731 360 801 ἡ
393 728 557 799 ὀγδόη
604 723 697 780 τὸν
741 725 844 796 τῆς
880 724 1234 788 ἀναστάσεως
1278 722 1493 795 καιρὸν,
1524 724 1616 777 ὅτε
1657 723 1750 777 τὸν
1789 724 1943 795 ὑπὲρ·

325 822 486 896 ἡμῶν
522 819 832 890 ὑπομείνας
877 817 1140 882 θάνατον,
1185 815 1388 870 ἀνεϐίω
1420 816 1677 889 Χριστὸς,
1789 832 1931 887 συμ-

329 912 699 988 μορφούμεθα
746 911 959 982 νοητῶς
1005 910 1446 982 ἀποθνήσκοντες
1503 911 1594 965 διὰ
1634 909 1728 964 τοῦ
1772 909 1931 980 ἁγίου

324 989 759 1080 βαπτίσματος,
820 1005 909 1059 ἵνα
953 1004 1049 1058 καὶ
1096 1004 1200 1072 τῆς
1250 1003 1605 1068 ἀναστάσεως
1651 1003 1929 1076 τύχωμεν.

324 1098 679 1157 Πιστὼσεται
714 1099 773 1153 δὲ
809 1098 906 1152 καὶ
935 1097 964 1151 6
992 1094 1205 1161 Παῦλος
1244 1097 1476 1169 γράφων
1501 1114 1515 1130 ·
1558 1115 1578 1148 ι
1614 1097 1932 1168 Συνετάφη.

326 1208 430 1266 μεν
464 1194 579 1264 γὰρ
608 1191 762 1264 αὐτῷ
788 1191 878 1245 διὰ
902 1189 995 1244 τοῦ
1027 1188 1408 1261 βαπτίσματος
1433 1192 1514 1254 εἰς
1552 1189 1644 1244 τὸν
1674 1189 1927 1255 θάνατον,

323 1280 412 1335 ἵνα
449 1280 648 1352 ὥσπερ
682 1277 898 1351 ἠγέρθη
934 1278 1171 1349 Χριστὸς
1195 1279 1260 1332 ὲκ
1289 1278 1499 1350 νεκρῶν
1531 1278 1622 1334 διὰ
1643 1278 1743 1350 τῆς
1769 1278 1932 1348 δόξης

321 1371 417 1426 τοῦ
451 1370 693 1441 Πατρδς,
729 1369 875 1424 οὕτω
908 1369 1002 1423 καὶ
1016 1370 1187 1440 ἡμεῖς
1216 1369 1578 1442 ὲνκαινὸτητι
1602 1368 1748 1440 ζωῆς
1770 1386 1930 1439 περι-

323 1466 695 1536 πατήσωμεν.
725 1484 743 1515 ι
786 1462 1231 1533 Ἀνατικτόμενοι
1253 1462 1434 1517 τοίνυν
1459 1461 1547 1516 διὰ
1568 1462 1669 1532 τῆς
1692 1462 1932 1526 πίστεως

322 1561 404 1623 εἰς
438 1557 744 1627 ἐπίγνωσιν
777 1555 1062 1627 ἀληθείας,
1100 1555 1197 1610 καὶ
1238 1556 1596 1627 συμμοριρίαν
1625 1553 1728 1626 ἠδη
1758 1556 1930 1608 πλου-

319 1653 601 1723 τήσαντες
629 1649 730 1722 τὴν
751 1648 888 1723 πρὸς
921 1648 1010 1702 τὸν
1034 1649 1240 1720 Κύριον
1275 1647 1432 1717 ήμῶν
1463 1647 1673 1721 Ἰησοῦν
1696 1646 1933 1719 Χριστὸν

322 1744 416 1797 τὸν
441 1742 514 1797 δι’
545 1744 696 1814 ἡμᾶς
737 1759 799 1795 τε
831 1742 926 1796 καὶ
954 1743 1012 1795 ὲν
1054 1741 1188 1811 ἡμῖν
1224 1739 1570 1811 πρωτότοκον
1591 1755 1605 1769 ο
1639 1735 1758 1792 εἶτα
1786 1738 1934 1809 λογι-

323 1835 420 1888 κόν
450 1852 514 1887 τε
565 1835 662 1889 καὶ
704 1832 895 1887 ἄδολον
936 1833 1253 1896 ἐκπίνοντες
1303 1831 1482 1902 γάλα,
1526 1849 1545 1882 ι
1593 1832 1674 1895 εἰς
1721 1830 1926 1903 μέτρον

2035 639 2255 703 tempus
2308 633 2772 699 resurrectionis,
2825 649 2951 688 eum
3014 634 3270 710 Christus
3314 655 3419 710 pro
3468 638 3634 695 nobis

2038 654 2255 703 tempus
2310 654 2772 699 resurrecuoms,
2825 654 2951 688 cum
3014 654 3239 693 ωπιειυ
3314 655 3419 710 pro
3468 654 3634 695 nonis

2036 733 2270 779 mortem
2313 739 2509 794 passus
2558 724 2781 790 revixit,
2835 726 2924 780 cui
2994 654 3364 797 spirituafiter
3412 729 3635 786 confor-

2033 829 2249 869 mamur
2271 814 2572 870 morientes
2593 829 2690 885 per
2716 822 2968 871 sanctum
2994 817 3351 887 baptismum,
3380 826 3517 876 utet
3545 835 3635 875 re—

2029 908 2394 963 surrectionis
2453 914 2742 964 consortes
2795 907 3118 965 efﬁciamur.
3170 911 3288 968 Hoc
3338 912 3634 969 conﬁrmat

2030 1001 2236 1057 Paulus
2268 1000 2343 1055 ita
2364 1000 2649 1056 scribens:
2695 1019 2713 1051 (
2739 999 3063 1073 Consepulti
3087 1002 3256 1075 igitur
3305 1004 3410 1075 ipsi
3437 1019 3634 1060 sumus

2030 1109 2133 1164 per
2152 1092 2490 1164 baptismum
2513 1093 2571 1147 in
2596 1100 2854 1158 mortem,
2886 1102 2947 1148 ut
2976 1095 3446 1165 quemadmodum
3466 1096 3630 1152 Chri-

2031 1195 2152 1241 stus
2166 1185 2439 1240 excitatns
2466 1192 2552 1240 est
2581 1199 2649 1239 ex
2682 1186 2939 1251 mortuis,
2987 1203 3087 1258 per
3129 1189 3360 1260 gloriam
3407 1189 3627 1257 Patris;

2032 1279 2107 1333 ita
2154 1287 2211 1333 et
2252 1292 2354 1332 nos
2391 1277 2448 1332 in
2490 1277 2738 1333 novitate
2785 1277 3016 1349 spiritus
3075 1280 3424 1337 ambulemus
3475 1282 3543 1336 ι’.
3605 1301 3623 1334 ι

2032 1372 2382 1443 Quapropter
2404 1386 2530 1427 cum
2555 1386 2912 1427 renascamur
2937 1389 3039 1443 per
3064 1371 3228 1428 ﬁdem
3257 1374 3312 1430 in
3356 1362 3633 1445 cognitio-

2033 1479 2163 1519 nem
2190 1461 2463 1527 veritatis,
2492 1462 2659 1533 280
2676 1469 2732 1517 et
2756 1463 2868 1534 jam
2896 1463 3071 1520 simus
3104 1464 3350 1537 insigniti
3396 1465 3635 1537 imagine

2034 1553 2255 1609 Domini
2279 1553 2457 1609 nostri
2472 1552 2602 1609 Jesu
2626 1551 2854 1613 Christi.
2870 1555 2964 1625 qui
2984 1563 3208 1625 propter
3224 1571 3345 1621 nos,
3369 1556 3515 1611 inter
3536 1572 3637 1612 nos

2035 1646 2214 1702 factus
2233 1653 2319 1701 est
2343 1646 2746 1717 primogenitus
2773 1663 2787 1699 ε
2814 1662 2879 1701 ac
2902 1646 3102 1703 deinde
3128 1642 3399 1703 rationale
3437 1657 3494 1704 et
3517 1649 3635 1703 sin-

2035 1738 2326 1794 cerumlac
2354 1736 2683 1802 biberimus,
2719 1757 2735 1788 ι
2786 1737 3316 1809 pervenerimusque
3365 1738 3422 1793 in
3476 1754 3633 1793 men-

2037 1848 2226 1887 suram
2242 1830 2793 1902 aetatisplenitudinis
2813 1830 2954 1903 ejus,
2978 1851 2995 1883 ι
3020 1830 3165 1888 sicut
3181 1832 3449 1903 scriptum
3461 1842 3549 1888 est
3564 1832 3632 1899 ‘7;

320 1927 544 1997 ἡλικίας
575 1926 965 1990 ἀναὸαίνοντες
996 1925 1093 1979 τοῦ
1121 1924 1490 1995 πληρώματος
1516 1923 1707 1989 αὐτοῦ,
1736 1942 1755 1976 ι
1785 1923 1926 1978 κατὰ

2039 1933 2192 1987 tunc,
2225 1931 2376 1988 tunc,
2404 1923 2653 1993 inquam,
2681 1923 2946 1994 deinceps
2993 1939 3188 1979 omnes
3234 1924 3405 1980 futuri
3445 1940 3638 1981 sumus

318 2019 382 2071 τὸ
410 2018 811 2090 γεγραμμένον
832 2057 849 2084 ,
886 2016 1009 2071 τότε
1035 2015 1120 2087 δὴ,
1153 2015 1277 2068 τότε
1322 2013 1521 2067 λοιπὸν
1550 2014 1688 2085 ἱεροὶ
1723 2015 1927 2079 πάντες

318 2111 587 2183 ἐσόμεθα,
623 2111 718 2164 καὶ
747 2112 830 2174 εἰς
873 2109 1133 2180 ἀνάθημα
1163 2107 1241 2180 τῷ
1270 2105 1391 2178 Θεῷ
1414 2124 1425 2138 ο
1468 2108 1563 2161 καὶ
1604 2107 1796 2180 κόσμῳ
1828 2108 1928 2178 μὲν

320 2203 793 2275 ἀποθνήσκοντες,
822 2200 1030 2274 νοητῶς
1062 2201 1118 2255 δὲ
1145 2200 1268 2271 Θεῷ
1296 2199 1501 2265 ζῶντες
1528 2200 1722 2268 ἁγίως.
1757 2198 1929 2253 Τοῦτο

320 2303 453 2368 γὰρ,
487 2292 667 2367 οἴμαι,
689 2296 812 2349 ἐστὶ
850 2297 911 2349 τὸ
939 2295 1068 2367 παρ’
1103 2292 1255 2364 αὐτῷ
1284 2290 1591 2362 σράζεσθαι
1622 2291 1698 2363 τῷ
1735 2291 1930 2347 θυσια-

321 2390 549 2462 στηρίιε
564 2388 676 2442 τῶν
715 2386 931 2458 κτηνῶν
966 2386 1035 2440 τὰ
1064 2386 1411 2457 πρωτότοκα.
1456 2385 1665 2458 Γράφει
1691 2384 1747 2438 δὲ
1780 2384 1874 2438 καὶ
1900 2383 1929 2436 6

319 2482 620 2545 θεσπέσιος
663 2480 874 2544 Παῦλος
901 2481 1017 2545 τοῖς
1064 2478 1208 2532 οὕτω
1272 2475 1629 2551 ἡγιασμένοις
1655 2493 1672 2505 ⁸
1714 2496 1732 2528 ι
1794 2476 1927 2529 Ἀπ-

317 2573 553 2629 εθάνετε
571 2574 706 2645 γὰρ,
727 2573 823 2627 καὶ
854 2574 887 2645 ἡ
911 2571 1027 2644 ζωὴ
1049 2569 1206 2642 ὑμῶν
1238 2571 1550 2642 κέκρυπται
1581 2570 1679 2626 σὺν
1701 2567 1928 2641 Χριστῷ

274 2678 289 2689 ·
320 2666 378 2717 ὲν
413 2664 495 2735 τῷ
526 2663 669 2734 Θεῷ.
714 2684 732 2721 ι
785 2662 951 2734 Ἱερὸς
979 2656 1073 2715 οὖν
1110 2659 1219 2733 ἄρα
1251 2659 1360 2713 τῶν
1389 2658 1561 2729 ἁγίων
1592 2660 1620 2713 6
1651 2657 1884 2721 θάνατος
1910 2699 1926 2725 ,

320 2757 419 2811 καί
452 2756 548 2829 μοί
572 2775 624 2811 τι
666 2753 911 2811 τοιοῦτον
933 2756 962 2809 6
991 2755 1265 2827 μακάριος
1303 2752 1470 2806 Δαὸἱδ
1497 2750 1807 2822 ἀναϐλέψαι
1837 2749 1927 2804 δοο

319 2852 443 2903 κεῖ’
474 2867 493 2900 ι
534 2847 732 2920 Τίμιος
758 2847 888 2918 γὰρ,
919 2846 1108 2918 φησὶν,
1134 2844 1378 2900 ἐναντίον
1410 2844 1615 2917 Κυρίου
1644 2844 1671 2897 ὁ
1695 2843 1926 2907 θάνατος

316 2946 432 2997 τῶν
455 2942 623 2998 ὁσίων
654 2940 844 2996 αὑτοῦ.
896 2960 914 2993 ι
949 2939 1158 3012 Πρέποι
1184 2939 1228 2993 δ’
1263 2938 1351 3005 ἂν,
1379 2937 1633 3008 καθάπερ
1680 2931 1925 3008 ἐγῷμαι,

318 3034 434 3088 τῶν
460 3033 672 3107 ἀρτίως
700 3034 837 3105 ἡμῖν
869 3031 1187 3105 εἰρημένων
1224 3029 1447 3086 ἐννοιῶν
1477 3032 1505 3084 6
1534 3030 1763 3102 τρόπος,
1805 3028 1928 3099 οὐχὶ

315 3128 497 3199 δήπου
536 3125 702 3197 μόνον
747 3127 862 3190 τοῖς
902 3125 962 3192 ἐξ
1002 3123 1174 3178 ἐθνῶν
1215 3121 1648 3194 ἐπιστρέφουσιν
1696 3122 1778 3186 εἰς
1826 3119 1925 3192 τὴν

316 3219 422 3289 τῆς
461 3216 726 3290 ἀληθείας
752 3216 1074 3286 ἐπίγνωσιν,
1107 3212 1246 3268 ἀλλά
1270 3215 1369 3269 καὶ
1412 3212 1496 3265 ὅτι
1543 3210 1786 3284 μάλιστα
1812 3212 1927 3273 τοῖς

317 3283 389 3365 ἐκ
416 3283 654 3383 νομικῆς
684 3283 1046 3397 κεκλημένοις
1074 3305 1335 3378 λατρείας
1354 3344 1370 3370 ,
1408 3283 1551 3375 πρὸς
1576 3303 1673 3376 τὴν
1699 3304 1756 3356 ὲν
1790 3303 1925 3375 Χρι-
1952 3283 1994 3341 C

320 3404 440 3476 σιτῷ
468 3405 756 3459 δικαίωσιν
784 3394 878 3458 καὶ
910 3401 1184 3472 ἀγιασμὸν
1208 3400 1300 3453 τὸν
1335 3401 1394 3453 ὲν
1419 3395 1721 3468 Πνεύματι.
1740 3394 1928 3466 Ἐτρέ-

317 3515 462 3569 (pato
497 3497 599 3566 μὲν
632 3495 743 3568 γὰρ
772 3497 800 3550 6
830 3494 1024 3565 ἀμνὸς,
1057 3493 1177 3564 ἦτοι
1198 3492 1259 3545 τὸ
1291 3489 1588 3563 μοσχάριον
1624 3487 1765 3541 ma
1790 3485 1927 3559 ήμέο

320 3607 429 3663 ρας
459 3589 567 3643 ὑπὸ
592 3587 692 3659 τὴν
724 3586 940 3658 μητέρα
966 3602 978 3615 ·
1012 3584 1326 3657 προσήγετο
1351 3581 1408 3634 δὲ
1429 3579 1573 3635 κατά
1592 3581 1689 3652 τὴν
1705 3579 1924 3651 ὀγδόην,

318 3679 771 3753 αίνιγματωδῶς,
800 3674 1108 3750 οἷμαί,που,
1133 3672 1582 3747 παραδηλοῦντος
1610 3670 1745 3726 Θεοῦ
1776 3671 1931 3743 (σκιὰ

321 3778 439 3849 γὰρ
475 3777 511 3847 6_
531 3772 721 3846 νόμος)
748 3812 763 3836 .
786 3772 863 3837 ὡς
896 3766 965 3843 ἦν
1000 3771 1306 3839 ἀναγκαῖον
1337 3763 1928 3839 προπαιδαγωγεῖσθαι

318 3869 411 3922 διὰ
438 3866 652 3932 τύπων,
680 3865 776 3919 καὶ
806 3865 970 3918 οἱονεὶ
1002 3879 1039 3934 ις
1060 3860 1326 3932 ιθήμασιν
1365 3860 1478 3922 τοῖς
1503 3858 1565 3911 ού
1593 3856 1715 3911 λίαν
1740 3855 1930 3927 ἀνδρο-

320 3959 763 4034 πρεπεστέροις,
802 3954 1207 4028 νηπιοπρειιτέσι
1238 3953 1294 4006 δὲ
1327 3951 1552 4023 μᾶλλον,
1592 3951 1720 4015 τοὺς
1751 3949 1932 4020 ἱεροὺς

319 4052 625 4122 ἐωμένους
653 4093 666 4115 ,
691 4049 787 4102 καὶ
818 4049 899 4113 εἰς
922 4046 1099 4119 ὀσμὴν
1124 4043 1354 4109 εὐωδίας
1378 4038 1932 4113 ἀνακομισθήσεσθαι

323 4144 630 4218 μέλλοντας
667 4141 746 4213 τῷ
780 4139 923 4212 Θεῷ.
970 4138 1177 4211 Καιρὸς
1210 4137 1266 4189 δὲ
1297 4139 1326 4191 ὁ
1368 4134 1607 4206 μάλιστα
1642 4136 1711 4205 τῇ
1750 4132 1932 4205 τοιᾷδε

322 4237 611 4292 τελειώσει
646 4235 878 4306 πρέπων
907 4232 969 4285 τὺ
1010 4220 1251 4303 Χριστοῦ
1286 4229 1611 4301 μυστήριον,
1651 4224 1680 4279 ὃ
1707 4225 1795 4279 διά
1831 4225 1934 4297 τῇς

318 4331 524 4403 ὀγδόης
554 4327 912 4400 σημαίνεται.
952 4323 1278 4395 ’Δπρόσιτος
1316 4315 1409 4376 οὖν
1451 4320 1542 4375 διὰ
1567 4320 1806 4392 νομικῆς
1833 4319 1932 4372 λα-

319 4423 518 4497 τρείας
549 4421 580 4475 6
601 4419 761 4483 Θεὸς,
792 4417 1050 4488 προσιτὸς
1076 4415 1119 4470 δ’
1146 4415 1213 4470 ἂν
1240 4414 1453 4483 γένοιτο
1483 4412 1571 4467 διὰ
1608 4412 1770 4484 μόνου
1796 4412 1936 4485 Χρι-

325 4516 484 4572 στοῦ.
519 4513 600 4569 Δι’
625 4510 794 4568 αὑτοῦ
822 4509 935 4581 γὰρ
958 4509 1059 4581 τὴν
1084 4506 1458 4581 προσαγωγὴν
1483 4506 1829 4578 ἐσχήκαμεν,
1859 4505 1936 4570 ὡς

326 4607 454 4680 μεθ’
496 4603 717 4677 ἡμέραν
751 4600 1012 4672 ἑϐδόμην,
1042 4598 1317 4664 τουτέστι,
1349 4595 1801 4668 παρεληλακότος
1832 4596 1935 4668 ήδη

324 4699 424 4756 τοῦ
477 4696 624 4752 κατὰ
664 4695 833 4766 νόμον
874 4691 1287 4765 σαϐϐατισμοῦ,
1336 4691 1458 4763 ήτοι
1500 4687 1794 4744 καθολικοῦ
1842 4688 1936 4742 καὶ

323 4789 705 4861 γεειικωτίέρου
729 4787 806 4851 ὡς
829 4789 896 4840 ὲκ
927 4786 1154 4860 μέρους,
1177 4784 1276 4854 τῆς
1299 4783 1443 4838 κατά
1465 4782 1629 4854 νόμον
1654 4780 1936 4853 λατρείας.

321 4882 671 4939 Τετελείωκε
691 4879 801 4952 γὰρ
829 4862 871 4933 ’ὁΓ
884 4879 1048 4951 νόμος
1069 4876 1220 4931 οὐδέν
1245 4891 1259 4906 ⁸
1293 4875 1561 4947 ἀναφέρει
1582 4875 1638 4928 δὲ
1669 4875 1749 4938 εἰς
1776 4872 1936 4928 τοῦτο

322 4973 574 5048 Χριστός
587 4989 602 5002 ⁹
644 4970 826 5043 ἄρτιοι
856 4970 967 5041 γὰρ
1003 4970 1084 5033 είς
1120 4965 1324 5039 ἀρετὴν
1369 4966 1420 5049 oi
1459 4963 1893 5027 πεπιστευκότες
1917 5004 1932 5030 ,

326 5069 431 5125 καὶ
455 5067 521 5121 τὸ
550 5065 756 5120 τέλειον
791 5063 1010 5135 ἔχοντες
1042 5063 1100 5114 ὲν
1139 5058 1342 5131 γνώσει
1379 5058 1467 5112 διὰ
1498 5055 1740 5129 Χριστοῦ
1767 5071 1781 5085 ⁸
1813 5052 1940 5109 νοῦν

324 5159 442 5230 γὰρ
470 5157 672 5229 ἔχομεν
693 5154 785 5211 τὸν
809 5152 1000 5220 αὑτοῦ,
1044 5151 1139 5206 καλ⁹
1167 5150 1235 5205 δι’
1258 5149 1424 5204 αὐτοῦ
1449 5166 1508 5203 τε
1544 5149 1638 5204 καὶ
1664 5149 1762 5201 σὺν
1790 5145 1941 5217 αὐτῷ

2032 2016 2211 2072 sancti
2234 2025 2292 2072 et
2317 2017 2431 2072 Deo
2468 2016 2802 2082 consecrati,
2857 2017 3065 2072 mundo
3102 2017 3330 2087 quidem
3368 2018 3635 2089 spiritua-

2030 2107 2159 2164 Iiter
2187 2109 2510 2174 morientes,
2537 2109 2652 2164 Deo
2681 2117 2866 2164 autem
2889 2108 3078 2164 Sancte
3099 2109 3372 2165 viventes.
3399 2100 3469 2165 ια’
3482 2110 3635 2165 enim

2029 2207 2136 2266 est,
2169 2207 2230 2255 ut
2254 2200 2515 2268 arbitror,
2550 2199 2700 2272 quod
2734 2200 2803 2256 ad
2840 2201 3023 2271 ipsum
3053 2202 3226 2256 altare
3266 2202 3638 2272 primogenita

2030 2306 2297 2361 pecorum
2327 2300 2675 2348 mactentur.
2736 2292 2943 2349 Scribit
2967 2303 3154 2348 autem
3200 2294 3371 2348 etiam
3412 2294 3640 2350 divinus

2030 2384 2236 2440 Paulus
2281 2385 2349 2440 iis
2375 2386 2472 2456 qui
2524 2386 2601 2441 ita
2630 2395 2761 2441 sunt
2806 2385 3137 2442 sanctiﬁcati
3182 2404 3196 2440 :
3238 2405 3255 2438 ‹
3288 2387 3513 2454 Mortui,
3549 2388 3639 2442 in-
3739 2400 3744 2406 ‘

2030 2473 2250 2543 quiens,
2294 2473 2449 2539 estis,
2512 2483 2570 2530 et
2614 2475 2725 2530 vita
2780 2484 2964 2531 vestra
3006 2475 3333 2533 abscondita
3379 2487 3464 2533 est
3511 2493 3639 2534 cum
3678 2524 3689 2529 -

2027 2560 2251 2621 Christo
2277 2565 2334 2621 in
2373 2566 2486 2622 Deo
2512 2564 2579 2621 ’⁸⁸.
2609 2586 2628 2619 ι
2655 2565 2854 2623 Sancta
2879 2568 3048 2639 igitur
3090 2578 3177 2625 est
3226 2584 3377 2624 mors
3411 2579 3642 2625 sancto-

2029 2673 2177 2724 rum,
2231 2658 2298 2713 ad
2324 2657 2474 2730 quod
2529 2660 2699 2715 etiam
2733 2659 2930 2716 beatus
2960 2661 3133 2717 David
3199 2661 3422 2717 videtur
3444 2677 3641 2733 respe-

2028 2749 2175 2806 xisse
2211 2768 2223 2804 :
2262 2769 2282 2801 ‹
2338 2749 2589 2807 Pretiosa
2611 2752 2781 2816 enim,
2828 2753 2926 2814 ait,
2970 2752 3025 2807 in
3071 2761 3374 2824 conspectu
3412 2752 3639 2807 Domini

2027 2846 2180 2896 mors
2219 2849 2540 2897 sanctorum
2581 2844 2704 2913 ejus
2731 2842 2797 2896 ‘9.
2839 2862 2856 2894 ι
2901 2840 3213 2899 Conveniet
3280 2851 3488 2907 autem,
3517 2857 3641 2896 mea

2027 2930 2253 3001 quidem
2281 2930 2579 2995 sententia,
2619 2946 2818 2986 sensus
2840 2946 3037 2986 eorum
3065 2948 3189 3001 quae
3222 2930 3388 2985 modo
3426 2946 3455 2985 a
3476 2928 3644 2985 nobis

2027 3024 2176 3079 dicta
2214 3031 2362 3089 sunt,
2409 3039 2523 3077 non
2564 3024 2636 3079 iis
2684 3024 2862 3078 solum
2907 3022 3003 3095 qui
3035 3040 3105 3078 ex
3134 3022 3395 3095 gentibus
3418 3039 3539 3079 sese
3571 3021 3642 3079 ad

2027 3117 2280 3173 veritatis
2315 3116 2693 3187 cognitionem
2736 3115 3053 3181 conferunt,
3098 3133 3297 3172 verum
3347 3117 3539 3182 etiam,
3576 3134 3642 3174 ac

2027 3212 2302 3284 praecipue
2320 3212 2566 3283 quidem,
2592 3213 2712 3269 istis
2738 3212 2833 3283 qui
2857 3226 2924 3269 ex
2946 3198 3106 3285 legali
3133 3215 3297 3269 cultui
3312 3215 3492 3271 vocati
3512 3223 3644 3270 sunt

2029 3306 2096 3360 ad
2117 3305 2571 3377 justiﬁcatiouem
2589 3305 2642 3359 in
2663 3301 2907 3371 Christo,
2925 3317 2982 3361 et
3003 3305 3495 3362 sanctiﬁcationem
3514 3305 3643 3377 Spi-v

2029 3401 2073 3455 ri
2083 3399 2330 3455 tus.Nam
2345 3413 2522 3466 agnus
2534 3407 2632 3454 aut
2646 3397 2855 3455 vitulus
2872 3406 3084 3469 septem
3097 3399 3528 3455 diebusamatre
3539 3414 3644 3454 nu-

2032 3494 2327 3559 triebatur,
2349 3500 2741 3549 octavoautem
2760 3491 3163 3559 adducebatur;
3179 3507 3290 3563 quo
3310 3491 3535 3562 quidem
3552 3508 3645 3548 ar-

2028 3594 2393 3652 bitrorDeum
2412 3592 2641 3665 ﬁgurate
2660 3590 2999 3663 signiﬁcasse
3013 3590 3122 3662 (lex
3139 3589 3286 3644 enim
3305 3587 3642 3659 estumbra),

2029 3686 2178 3759 quod
2203 3694 2352 3741 esset
2373 3683 2747 3739 necessarium
2772 3682 2928 3752 prius
2978 3679 3267 3736 informari
3325 3696 3424 3751 per
3452 3689 3634 3751 typos,

2031 3795 2096 3836 ac
2121 3777 2469 3848 disciplinam
2503 3789 2623 3832 non
2640 3773 2945 3830 admodum
2972 3772 3220 3837 virilem,
3267 3771 3365 3828 sed
3414 3769 3647 3826 infanti-

2032 3871 2138 3926 bus
2160 3869 2335 3942 magis
2356 3868 2802 3931 convenientem,
2829 3881 2926 3922 eos
2950 3864 3046 3935 qui
3079 3871 3273 3935 postea
3296 3862 3473 3919 sancti
3514 3870 3647 3918 sunt

2033 3964 2227 4029 futuri,
2264 3970 2434 4034 atque
2471 3960 2746 4018 oﬁ‘erendi
2798 3959 2913 4014 Deo
2948 3957 3005 4013 in
3052 3957 3285 4013 odorem
3333 3953 3643 4011 suavitatis.

2034 4058 2357 4132 Mysterium
2403 4062 2588 4112 autem
2618 4052 2824 4109 Christi
2850 4050 3000 4122 quod
3033 4064 3134 4121 per
3185 4056 3445 4105 octavum
3495 4046 3644 4102 diem

2035 4151 2398 4225 signiﬁcatur,
2432 4155 2519 4205 est
2544 4152 2923 4218 opportunum
2954 4150 3195 4218 tempus,
3222 4139 3370 4211 quod
3406 4137 3646 4193 maxime

2036 4241 2299 4298 convenit
2340 4240 2436 4293 tali
2478 4234 2831 4308 perfectioni.
2875 4229 3286 4303 Inaceessibilis
3346 4228 3518 4300 igitur
3559 4234 3647 4283 est

2036 4335 2184 4390 Deus
2205 4348 2306 4404 per
2343 4331 2554 4387 cultum
2571 4328 2828 4400 legalem,
2853 4324 2951 4382 sed
2978 4340 3079 4396 per
3125 4323 3306 4378 solum
3356 4320 3644 4377 Christum

2038 4421 2175 4477 adiri
2211 4428 2414 4492 potest.
2454 4419 2591 4474 Nam
2620 4434 2720 4488 per
2738 4417 2919 4487 ipsum
2955 4429 3241 4470 accessum
3284 4411 3558 4467 habemus
3575 4411 3644 4477 ⁸³,

2042 4521 2302 4583 tanquam
2326 4519 2452 4583 post
2476 4510 2627 4566 diem
2659 4508 2985 4578 septimum,
3024 4504 3249 4577 quando
3282 4505 3497 4561 scilicet
3523 4503 3647 4559 sab—

2042 4606 2313 4661 batismus
2335 4604 2473 4676 legis
2508 4601 2801 4675 praeteriit,
2848 4600 2963 4656 sive
3001 4598 3061 4654 in
3089 4599 3411 4654 universum
3458 4611 3523 4652 ac
3557 4611 3646 4667 ge-

2044 4697 2308 4753 neraliter
2365 4694 2605 4751 cessavit
2657 4693 2845 4749 eultus
2890 4691 3105 4764 legalis.
3167 4689 3306 4746 Nam
3369 4689 3459 4744 lex
3505 4687 3647 4743 nihil

2044 4788 2280 4861 perfecit
2306 4788 2349 4820 “
2381 4805 2395 4841 :
2424 4786 2523 4843 sed
2552 4785 2812 4842 Christus
2854 4799 2959 4839 nos
2991 4781 3061 4838 ad
3089 4781 3196 4837 hoc
3228 4779 3480 4844 adducit,
3516 4777 3648 4848 quia

2043 4881 2145 4937 soli
2192 4879 2386 4936 ﬁdeles
2425 4885 2556 4934 sunt
2609 4876 2723 4949 apti
2748 4874 3090 4937 advirtutes,
3133 4881 3190 4929 et
3225 4887 3325 4942 per
3365 4869 3648 4926 Christum

2044 4975 2344 5047 perfectam
2369 4971 2744 5045 cognitionem
2775 4973 3213 5037 consequuntur,
3249 4970 3440 5034 utpote
3465 4969 3650 5016 mente

2040 5068 2214 5137 ipsius
2240 5065 2477 5137 praediti,
2505 5078 2607 5134 per
2628 5076 2793 5133 quem
2840 5067 2898 5115 et
2931 5073 3059 5114 cum
3089 5072 3200 5128 quo
3223 5056 3337 5110 Deo
3375 5069 3439 5109 ac
3500 5052 3650 5108 Patri

2041 5172 2168 5212 cum
2203 5164 2394 5211 sancto
2412 5152 2646 5224 Spiritu,
2677 5151 2751 5207 sit
2778 5148 2960 5222 gloria
2991 5148 3049 5202 in
3076 5145 3297 5201 inﬁnita
3323 5143 3525 5200 smeula
3547 5158 3649 5199 sac-

323 5250 411 5321 τῷ
443 5248 568 5321 Θεῷ
619 5248 718 5303 καὶ
764 5244 943 5317 Πατρὶ
988 5244 1087 5299 σὺν
1130 5244 1274 5315 ἁγίῳ
1310 5240 1595 5313 Πνεύματι
1635 5243 1669 5313 ἡ
1702 5240 1830 5308 δόξα
1863 5241 1932 5303 είς

2042 5248 2315 5303 culorum.
2340 5248 2537 5302 Amen.

324 5349 465 5408 τοὺς
485 5334 693 5407 αἰῶνας
720 5338 1098 5405 τῶναίὡνων.
1140 5339 1336 5410 Ἀμήν.

326 5457 477 5528 Περὶ
514 5455 786 5527 Μερρἆ,
820 5456 919 5511 καὶ
949 5455 1077 5532 ’τοῦ
1127 5454 1329 5532 ξύλου
1342 5451 1493 5532 ’τοῦθ
1509 5449 1941 5521 παραδειχθέν-

764 5544 869 5593 τος
900 5524 980 5591 τῷ
1007 5525 1279 5595 μακαρίῳ
1302 5524 1512 5592 Μωσῇ.

401 5630 475 5677 α’.
542 5620 656 5692 Τῆς
714 5619 824 5674 τῶν
869 5618 1186 5688 Αἰγυπτίων
1241 5616 1570 5688 ἀπαίροντες
1626 5616 1728 5684 γῆς
1779 5614 1827 5666 οἱ
1885 5612 1944 5679 ἐξ

344 5714 588 5788 Ἰσραὴλ,
626 5713 724 5768 καί¹
748 5712 839 5766 τὸν
871 5710 1116 5783 δυσαχθῆ
1146 5711 1244 5781 τῆς
1271 5708 1517 5772 δουλείας
1546 5707 1711 5776 ζυγὸν
1741 5706 1943 5760 ἀποδυ-

2120 5448 2282 5520 281
2339 5446 2412 5501 De
2456 5443 2695 5520 Merrha_
2727 5452 2776 5498 et
2821 5444 2963 5520 ligno
2995 5442 3146 5520 quod
3200 5449 3468 5496 ostensum
3506 5446 3583 5492 est

2677 5515 2829 5570 beato
2863 5513 3025 5570 Mosi.

2125 5612 2175 5665 l.
2205 5608 2471 5666 Israelita:
2496 5604 2845 5663 discedentes
2874 5621 2904 5661 e
2960 5613 3102 5660 terra
3142 5618 3207 5658 ac
3237 5600 3458 5671 regione

2053 5706 2152 5775 pti,
2177 5704 2395 5776 abjecto
2423 5700 2754 5757 intolerabili
2786 5698 3072 5754 servitutis
3095 5698 3244 5768 jugo,
3282 5707 3381 5762 per
3407 5685 3649 5743 medium

411 5898 456 5932 “
483 5898 649 5956 Rom.
684 5896 905 5967 vt,’,4,5.
989 5896 1031 5928 "
1054 5894 1258 5966 Ephes.
1285 5911 1358 5961 ιν,
1384 5894 1465 5949 15.
1534 5893 1575 5924 ⁵⁸
1604 5892 1812 5949 Coloss.
1836 5908 1913 5957 tu,

2060 5892 2102 5920 ν’
2124 5888 2265 5945 Psal.
2298 5904 2418 5953 cxv,
2466 5885 2549 5939 l5.
2628 5883 2673 5917 ⁵ο
2705 5883 2908 5953 Ephes.
2936 5896 2993 5947 ιι,
3027 5878 3108 5933 l8.
3190 5878 3230 5909 '”
3254 5874 3535 5930 llcbr.vn.
3567 5868 3645 5924 l9.
