4060 6434
408 343 599 421 Utta

1521 358 1577 413 S.
1617 357 1891 413 CYRILLI
1929 356 2401 413 ALICXANDRIN]
2444 355 2763 413 ARCHIEP.

3656 356 3763 418 413

487 492 639 531 mare
668 473 825 545 quasi
870 490 968 544 per
1012 474 1215 529 aridam
1264 472 1368 526 iter
1409 470 1677 533 fecerunt,
1707 470 1913 539 absQue
1959 470 2064 523 ulla

2178 470 2401 539 σάμενοι
2456 468 2639 539 μόλις,
2669 468 2758 521 διὰ
2806 466 2975 539 μέσης
3013 466 3292 538 θαλάσσης
3336 466 3508 538 ᾔεσαν
3553 468 3630 531 ὼς
3673 472 3766 525 hri

485 568 726 640 negotio.
758 567 923 636 Aqua?
954 567 1102 623 enim
1134 564 1359 618 firmata:
1400 571 1528 617 sunt
1561 570 1621 615 ut
1661 561 1824 625 muri,
1871 562 2070 617 divina:

486 660 757 716 voluntati
787 660 1245 728 obtemperantes.
1270 654 1477 710 Deinde
1497 670 1621 708 cum
1645 654 1912 709 vidissent
1932 654 2071 710 Pha-

486 765 711 804 raonem
754 763 878 802 eum
922 756 1036 801 toto
1061 745 1306 801 exercitu
1351 744 1658 815 periculum
1700 745 1969 810 subiisse,
2014 754 2070 800 et

484 839 830 894 submersum
878 852 997 891 esse
1037 837 1093 890 in
1139 836 1330 904 aquis,
1381 835 1629 904 adeoque
1680 835 2071 892 miserabiliter

485 930 638 993 istos,
673 929 765 997 qui
815 927 945 981 olim
985 927 1117 997 ipsis
1156 926 1376 981 fuerant
1409 927 1799 992 intolerabiles,
1837 928 2067 984 durissi-

484 1033 678 1086 meque
727 1017 875 1087 ipsos
921 1024 1255 1082 tractarent,
1308 1018 1658 1088 disperiisse;
1713 1020 1875 1075 hilari
1936 1038 2068 1077 sane

483 1106 666 1159 animo
692 1105 988 1160 cantabant
1013 1106 1125 1159 Deo
1150 1105 1302 1170 odas,
1328 1120 1565 1176 eumque
1587 1108 1755 1178 gratis
1782 1109 2067 1164 celebran-

485 1204 565 1250 tes
611 1196 849 1268 hymnis,
886 1196 1146 1252 dicebant
1190 1216 1203 1253 :
1241 1217 1259 1250 ι
1301 1196 1597 1255 Cantemus
1639 1199 1901 1265 Domino,
1949 1202 2065 1274 glo-

482 1285 625 1339 riosc
656 1286 802 1339 enim
834 1285 1211 1358 magnificatus
1242 1294 1346 1352 est;
1399 1303 1601 1357 equum
1629 1295 1683 1342 et
1722 1304 2067 1345 ascensorem

480 1377 712 1447 projecit
736 1378 792 1431 in
818 1393 989 1432 mare.
1012 1377 1585 1448 Adjuloretdefensor
1613 1388 1694 1435 est
1724 1381 1857 1436 mihi
1892 1381 2068 1438 factus

482 1467 536 1519 in
576 1466 811 1522 salutem
848 1469 916 1522 ”.
961 1488 979 1520 ι
1008 1469 1230 1525 Utiliter
1257 1470 1402 1524 enim
1445 1469 1591 1525 Deus
1619 1472 1787 1527 totius
1825 1474 2067 1531 universi

482 1558 589 1613 hoc
604 1559 934 1615 miraculum
949 1560 1143 1616 edidit.
1163 1561 1299 1616 Nam
1316 1562 1419 1617 etsi
1438 1563 1838 1634 quamplurima
1855 1582 2067 1624 summa

480 1650 843 1710 admiratione
869 1653 1031 1726 digna
1063 1653 1119 1707 in
1142 1652 1372 1724 Egypm
1394 1652 1544 1724 signa
1571 1654 1857 1719 edidisset,
1884 1665 2063 1712 tamen

480 1741 584 1799 hoc
620 1743 902 1815 magniﬁce
946 1743 1174 1815 adjecit,
1226 1751 1287 1797 ut
1328 1758 1424 1799 eos
1458 1744 1660 1814 quibus
1691 1744 1899 1800 subditi
1943 1748 2063 1803 fue-

480 1842 621 1898 rant,
653 1835 818 1888 etiam
849 1850 949 1904 per
977 1833 1217 1888 medium
1252 1849 1402 1889 mare
1434 1833 1757 1906 effugerent,
1791 1844 1955 1907 atque
1990 1838 2063 1893 ita

478 1938 544 1977 ex
569 1932 768 1977 eventu
799 1931 1037 1979 mentem
1061 1925 1330 1979 haberent
1354 1926 1407 1978 in
1440 1925 1638 1995 seipsis
1664 1926 2061 1995 confirmatam,

478 2013 874 2085 crederentque
905 2015 1052 2084 quod
1086 2032 1193 2070 non
1225 2032 1323 2087 per
1354 2015 1473 2071 falsi
1506 2017 1745 2075 nominis
1779 2019 1931 2084 deos,
1970 2029 2065 2075 aut

478 2105 730 2161 humanae
761 2107 897 2161 artis
929 2107 1234 2171 inventum,
1263 2114 1320 2163 et
1350 2106 1495 2163 idola
1518 2123 1582 2162 ex
1616 2109 1766 2180 ligno
1791 2126 1855 2165 ac
1882 2111 2062 2183 lapide

477 2192 742 2249 fabricata
766 2195 819 2249 id
843 2195 1190 2270 contigisset;
1218 2196 1313 2251 sed
1337 2196 1484 2269 quod
1506 2197 1668 2268 hujus
1695 2200 1936 2256 universi
1954 2202 2062 2256 Do-

478 2285 663 2340 minus
703 2295 883 2351 esset,
926 2287 1022 2359 qui
1057 2288 1317 2358 subjecta:
1359 2297 1622 2345 creatura:
1650 2291 1971 2362 imperaret,
2003 2309 2065 2350 ac

477 2377 844 2451 quodcunque
856 2378 1019 2434 vellet
1031 2379 1336 2450 perficeret,
1354 2380 1721 2452 facillimeque
1733 2384 2059 2442 absolveret.

479 2466 547 2522 Ut
579 2482 712 2522 vero
742 2468 915 2539 magis
953 2471 1136 2527 adhuc
1175 2472 1513 2529 admirantes
1549 2474 1892 2545 juvarentur,
1924 2492 2064 2548 opu-

478 2554 742 2612 lentiores
773 2573 869 2612 eos
899 2558 1183 2616 discedere
1210 2560 1396 2631 jussit,
1432 2569 1596 2632 atque
1626 2563 1682 2619 in
1729 2576 1930 2620 terram
1964 2583 2062 2639 pa-

478 2645 655 2701 tribus
696 2649 1020 2725 promissam
1068 2652 1430 2719 contendere,
1477 2655 1724 2727 sapiente
1778 2656 1871 2711 illo
1917 2658 2064 2715 Mose

476 2734 617 2789 duce
657 2752 722 2791 ac
767 2737 1043 2807 praefecto.
1098 2738 1238 2805 Quid
1272 2758 1404 2798 vero
1450 2753 1731 2815 prmterca'
1764 2746 2059 2815 acciderit,

476 2841 630 2881 sacra
672 2826 956 2898 Scriptura
1000 2846 1218 2886 rursum
1260 2835 1514 2903 explanat
1554 2853 1566 2888 :
1607 2856 1625 2886 ‹
1674 2836 1876 2893 Eduxit
1914 2840 2062 2896 enim

475 2918 654 2977 Moses
694 2918 835 2977 ﬁlios
862 2921 1123 2980 Israel’de
1153 2927 1290 2981 mari
1319 2927 1528 2992 Rubro,
1559 2937 1616 2983 et
1641 2929 1795 2986 duxit
1828 2931 1975 3002 ipsos
2007 2933 2063 2988 in

475 3009 754 3069 desertum
782 3013 908 3079 Sur,
935 3024 991 3069 et
1021 3016 1439 3072 ambulaverunt
1468 3027 1580 3074 tres
1602 3019 1720 3075 dies
1741 3021 1796 3077 in
1819 3024 2060 3091 deserto,

2176 559 2346 630 ξηρᾶς
2366 599 2380 622 ,
2418 559 2663 630 ἀμογητὶ
2690 557 2744 611 δὲ
2769 557 2863 612 καὶ
2897 557 3054 612 τοῦτο
3086 557 3549 628 διαπεραίνοντες.
3594 558 3759 613 Ἐπά-

2172 667 2350 722 γησαν
2386 650 2496 721 γὰρ
2522 649 2654 702 ὡσεὶ
2683 652 2860 719 τεῖχος
2891 649 2960 703 τὰ
3000 647 3168 703 ῦδατα
3197 649 3308 711 τοῖς
3346 646 3513 711 θείοις
3547 650 3762 704 εἴκοντα

2170 742 2454 813 νεύμασιν.
2481 736 2612 795 Εἶτα
2641 741 2779 811 μετά
2799 740 2956 794 τοῦτο
2985 744 3289 811 πανστρατὶ
3313 740 3762 796 κεκινδυνευκότα

2171 833 2485 904 τεθεαμένοι
2513 832 2603 886 τὸν
2634 830 2855 904 Φαραὼ,
2892 833 2985 886 καὶ
3013 833 3381 903 πεπνιγμένον
3410 835 3524 895 τοῖς
3552 831 3757 898 ὕδασιν,

2170 910 2404 995 οἰκτρῶς
2427 942 2483 977 τε
2497 923 2813 988 διολωλότας
2830 925 2955 988 τοὺς
2969 925 3272 997 ἀφορήτους
3293 927 3422 978 ποτὲ
3439 925 3536 979 καὶ
3558 925 3691 996 σκλη
3698 943 3759 997 ρ-

2170 1015 2521 1083 αγωγοῦντας
2559 1016 2759 1079 αὐτοὺς
2815 1016 3339 1089 ἀφιλοικτιρμόνως,
3363 1016 3509 1089 ᾠδὰς
3539 1016 3759 1072 ἀνίεσαν

2169 1105 2247 1177 τῷ
2273 1104 2412 1176 Θεῷ,
2444 1107 2536 1160 καὶ
2569 1105 2759 1178 ὕμνοις
2783 1108 2944 1161 αὐτὸν
2973 1111 3087 1171 τοῖς
3119 1109 3501 1182 χαριστηρίοις
3529 1126 3757 1178 καταγεο

2174 1199 2451 1270 ραίροντες
2479 1200 2717 1270 ἔφασκον
2738 1216 2752 1231 ⁸
2804 1217 2822 1251 ι
2867 1200 3123 1272 ’ᾼσωμεν
3156 1202 3234 1271 τῷ
3260 1202 3483 1274 Κυρίῳ·
3519 1203 3757 1276 ,ἐνδόξως

2168 1291 2277 1360 γάρ
2320 1290 2651 1355 δεδόξασται·
2697 1290 2898 1356 ἵππους
2948 1292 3044 1345 κα1⁵
3084 1291 3361 1362 ἀναϐάτην
3411 1291 3638 1366 ἔρριψεν
3683 1294 3752 1356 εἰς

2170 1381 2469 1460 θάλασσαν.
2517 1381 2721 1454 Βοηθὸς
2769 1383 2862 1436 καὶ
2916 1384 3230 1452 σκεπαστὴς
3272 1382 3493 1452 ἐγένετό
3548 1400 3636 1453 μοι
3680 1384 3755 1447 είς

2172 1478 2468 1549 σωτηρίαν.
2512 1500 2529 1529 ι
2561 1477 3101 1551 Τεθαυματούργηκε
3131 1478 3238 1551 γὰρ
3273 1478 3564 1550 χρησίμως
3596 1481 3625 1533 6
3654 1478 3755 1531 τῶν

2167 1566 2303 1621 ὅλων
2324 1567 2475 1630 Θεός.
2506 1567 2701 1620 Καίτοι
2746 1567 2856 1639 γὰρ
2879 1567 3108 1622 πλεῖστά
3135 1585 3194 1620 τε
3220 1568 3320 1622 ὅσα
3348 1569 3443 1621 καὶ
3468 1566 3592 1621 λίαν
3617 1567 3754 1633 ἀξιο-

2170 1658 2460 1729 θαύμαστα
2488 1659 2820 1731 παραδείξας
2846 1659 3029 1722 αὐτοῖς
3056 1659 3123 1713 τὰ
3149 1659 3207 1710 ὲν
3234 1657 3500 1730 Δέγύπτῳ
3537 1659 3750 1728 σημεῖα,

2170 1747 2395 1820 προσέτι
2430 1748 2729 1819 φιλοτίμως
2758 1748 2818 1802 τὸ
2851 1751 2945 1803 καὶ
2987 1749 3056 1803 δι’
3087 1749 3255 1820 αὐτῆς
3285 1749 3527 1821 διᾴττειν
3563 1746 3752 1800 θαλάσ-

2168 1856 2266 1909 σης
2295 1837 2552 1894 δύνασθαι
2588 1840 2714 1903 τοὺς
2740 1839 2829 1893 ὑπ’
2854 1839 3002 1914 αὐτῷ
3047 1839 3361 1909 γεγονότας,
3410 1839 3479 1892 ἵν’
3507 1833 3567 1892 εῦ
3597 1836 3751 1908 βεῦησ

2165 1930 2298 1983 κότα
2338 1931 2522 1985 λοιπὸν
2548 1932 2643 1985 καὶ
2672 1932 3061 2003 ἑρηρεισμένον
3100 1933 3159 1986 ὲν
3190 1932 3375 1992 αὐτοῖς
3409 1929 3583 2001 ἔχοιεν
3609 1928 3746 1991 νοῦν,

2164 2019 2257 2073 καὶ
2276 2019 2340 2093 δὴ
2364 2020 2457 2074 καὶ
2484 2018 2789 2073 πιστεύοιεν
2813 2022 2889 2083 ὼς
2913 2021 2974 2073 οὐ
2996 2020 3118 2074 καθ’
3138 2020 3237 2075 ἕνα
3260 2019 3367 2072 τῶν
3387 2018 3748 2089 ψευδωνύμων

2164 2112 2283 2166 ἐστὶ
2313 2112 2472 2179 θεῶν,
2506 2113 2675 2184 ἦγουν
2710 2113 3061 2184 ἀνθρωπίνης
3093 2112 3374 2183 εὑρέματα
3401 2111 3629 2180 τέχνης,
3660 2108 3748 2162 καὶ

2165 2204 2226 2258 τὸ
2256 2203 2455 2275 βρέτας
2495 2204 2681 2268 ἁπλῶς
2714 2207 2779 2261 ὲκ
2822 2204 2980 2272 ξύλου
3016 2204 3110 2258 καὶ
3159 2203 3307 2257 λίθου
3354 2202 3744 2272 πεποιημέιον·

2166 2296 2282 2351 ἀλλ’
2323 2298 2407 2351 ὅτι
2444 2297 2555 2351 τῶν
2587 2297 2724 2351 ὅλων
2760 2297 3020 2369 ὑπάρχων
3050 2296 3284 2368 Κύριος,
3323 2297 3404 2358 ὼς
3446 2294 3551 2347 ὐπδ
3593 2293 3748 2354 πόδας

2165 2387 2398 2459 κειμένῃ
2418 2387 2629 2441 κελεύει
2654 2390 2718 2459 τῇ
2749 2387 2945 2451 κτίσει,
2974 2389 3069 2441 καὶ
3092 2388 3230 2458 ὅπερ
3259 2387 3324 2439 ἀν
3352 2386 3535 2463 ξλοιτο
3562 2401 3747 2457 κατορ-

2166 2478 2295 2532 θοῦν
2323 2481 2559 2543 εὐκόλως
2584 2479 3015 2551 διαπεραίνεται.
3045 2479 3166 2533 Ἵνα
3192 2478 3247 2530 δὲ
3280 2476 3375 2530 καί
3415 2494 3470 2531 τι
3503 2476 3746 2548 μειζόνως

2165 2568 2534 2640 θαυμάζοντες
2562 2568 2855 2637 ὡφελοῖντο
2874 2610 2887 2631 ,
2925 2567 3320 2639 πλουσιώτερον
3340 2569 3603 2639 ἀπαίρειν
3633 2566 3742 2620 ἐκί-

2164 2658 2355 2724 λευεν,
2420 2660 2515 2713 καὶ
2582 2661 2661 2723 είς
2704 2658 2805 2731 τὴν
2849 2661 2962 2722 τοῖς
3013 2657 3281 2730 πατράσιν
3333 2657 3741 2729 ἐπηγγελμένην

2164 2750 2480 2820 ἐπείγεσθαι
2504 2751 2625 2820 γῆν,
2665 2748 3097 2822 στρατηγοῦντος
3113 2751 3208 2803 καὶ
3228 2749 3639 2821 καθηγουμένου
3654 2744 3738 2799 τοῦ

2165 2841 2442 2909 πανσόφου
2478 2840 2741 2904 Μωσέως.
2780 2836 2911 2893 Εἶτα
2950 2841 3003 2893 τί
3041 2841 3101 2894 τὸ
3140 2842 3280 2912 μετά
3305 2839 3742 2910 τοῦτο,σαφηνιεῖ

2162 2930 2226 3002 δὴ
2267 2930 2428 2984 πάλιν
2461 2930 2521 2983 τὸ
2546 2931 2785 3001 Γράμμα
2811 2932 2871 2985 τδ
2906 2933 3081 3004 ίερόνο
3130 2950 3149 2984 ι
3201 2930 3396 3003 Ἐξῆρε
3423 2932 3563 3001 γὰρ,
3596 2928 3736 2999 φησι,

2164 3021 2392 3093 Μωσῆς,
2424 3021 2547 3086 τοὺς
2571 3023 2719 3085 υἱοὺς
2752 3022 2969 3092 Ἰσραὴλ
2992 3020 3103 3076 ἀπὸ
3128 3021 3409 3092 θαλάσσης
3462 3020 3735 3091 Ἐρυθρᾶς,

475 3105 533 3153 et
568 3115 678 3155 non
711 3102 1064 3160 inveniebant
1098 3120 1295 3175 aquam
1328 3106 1395 3162 ad
1427 3108 1745 3165 bibendum.
1783 3113 2064 3172 Venerunt

2170 3115 2260 3169 καὶ
2283 3114 2489 3184 ἤγαγεν
2530 3115 2727 3177 αὐτοὺς
2755 3113 2835 3176 είς
2859 3113 2957 3185 τὴν
2980 3113 3184 3185 ἔρημον
3211 3114 3309 3166 Σοῦ
3320 3131 3374 3185 ρ,
3407 3114 3502 3168 καὶ
3525 3110 3736 3184 ἐπορεύ-

475 3198 660 3245 autem
696 3192 752 3247 in
786 3192 1025 3260 Marath,
1060 3204 1118 3250 et
1159 3212 1271 3251 non
1305 3205 1606 3267 potuerunt
1637 3200 1828 3257 bibere
1866 3220 2065 3275 aquam

477 3276 547 3332 de
578 3279 784 3335 Marath
819 3299 833 3337 :
859 3298 1044 3339 amara
1069 3286 1215 3340 enim
1242 3296 1381 3341 erat.
1407 3289 1638 3361 Propter
1673 3291 1780 3348 hoc
1810 3304 2063 3352 vocatum

475 3380 563 3426 est
596 3388 797 3428 nomen
844 3374 948 3431 loci
998 3377 1145 3432 illius
1168 3419 1181 3442 ,
1217 3378 1556 3436 Amaritudo.
1592 3381 1661 3437 Et
1703 3390 2066 3445 murmuravit

477 3466 714 3534 populus
736 3474 925 3522 contra
946 3467 1151 3533 Mosen,
1176 3469 1448 3527 dicentes:
1465 3470 1606 3539 Quid
1630 3474 1921 3532 bibemus?
1939 3478 2064 3534 Cla-

478 3559 649 3612 mavit
682 3567 866 3615 autem
894 3561 1072 3617 Moses
1105 3563 1171 3617 ad
1202 3563 1516 3632 Dominum,
1548 3575 1602 3623 et
1624 3569 1865 3624 ostendit
1887 3571 1936 3625 ei
1962 3571 2067 3627 Do-

479 3650 661 3705 minus
692 3650 921 3723 lignum,
947 3662 1002 3709 et
1028 3656 1259 3726 conjecit
1298 3657 1433 3712 illud
1471 3658 1526 3712 in
1554 3675 1773 3729 aquam,
1806 3670 1861 3717 et
1887 3661 2066 3720 dulcis

479 3740 621 3794 facta
645 3749 730 3796 est
755 3757 915 3813 aqua.
941 3744 1056 3801 lllic
1079 3748 1366 3804 constituit
1391 3749 1442 3804 ei
1466 3750 1628 3820 282
1648 3751 2065 3822 iustificationes

477 3839 535 3884 et
559 3831 786 3901 judicia.
818 3833 883 3889 Et
913 3835 987 3891 ibi
1014 3852 1138 3892 eum
1172 3840 1421 3905 tentavit,
1452 3851 1508 3897 et
1537 3842 1675 3896 dixit
1706 3862 1716 3896 :
1747 3843 1801 3899 Si
1824 3844 2065 3903 audieris

479 3935 670 3975 vocem
699 3922 915 3980 Domini
947 3926 1041 3982 Dei
1081 3929 1183 3994 tui,
1213 3938 1269 3984 et
1301 3930 1497 3999 placita
1538 3947 1719 3987 coram
1749 3949 1816 3987 eo
1844 3935 2062 4000 feceris,

476 4024 533 4068 et
561 4015 791 4071 auribus
835 4022 1150 4090 perceperis
1188 4022 1445 4077 mandata
1483 4024 1621 4093 ejus,
1659 4033 1715 4078 et
1760 4028 2066 4083 servaveris

478 4121 671 4163 omnes
701 4109 940 4179 justitias
959 4114 1109 4184 ejus,
1142 4129 1359 4169 omnem
1391 4115 1645 4170 morbum
1675 4133 1838 4187 quem
1875 4119 2063 4175 induxi

403 4220 409 4226 ·
478 4215 645 4273 super
675 4200 962 4275 Egyptiis,
998 4222 1108 4260 non
1154 4206 1410 4262 inducam
1453 4222 1621 4277 super
1656 4219 1727 4263 te.
1760 4209 1873 4280 Ego
1916 4213 2065 4268 enim

384 4302 389 4309 '
478 4298 599 4344 Sum
644 4292 909 4349 Dominus
944 4310 1144 4351 sanans
1192 4306 1265 4353 te.
1297 4298 1365 4353 Et
1398 4307 1670 4353 venerunt
1703 4300 1757 4354 in
1798 4301 1937 4356 Elim
1968 4343 1983 4369 ,
2010 4312 2067 4360 et

475 4392 636 4438 erant
675 4384 750 4440 ibi
779 4386 1071 4443 duodecim
1102 4387 1282 4446 fontes
1315 4406 1601 4461 aquarum,
1632 4401 1689 4447 et
1721 4394 2063 4466 septuaginta

2166 3221 2287 3258 οντο
2323 3207 2471 3276 τρεῖς
2500 3206 2711 3277 ἡμέρας
2759 3207 2816 3258 ἐν
2854 3206 2920 3277 τῇ
2969 3206 3182 3276 ἐρήμῳ,
3229 3208 3323 3260 καὶ
3364 3206 3461 3276 οὐχ
3501 3203 3737 3275 εὕρισκον

2168 3292 2312 3365 ὕδωρ
2353 3293 2494 3348 ὥστε
2535 3297 2699 3348 πιεῖν.
2746 3290 2950 3349 Ἶίλθον
2993 3296 3047 3349 δὲ
3093 3298 3171 3360 εἰς
3213 3298 3481 3369 Μερῤὰν,
3526 3294 3617 3347 καὶ
3646 3292 3736 3345 οὐκ

2168 3384 2427 3455 ἠδύναντο
2454 3388 2594 3439 πιεῖν
2619 3385 2763 3457 ὕδωρ
2788 3388 2852 3441 ἐκ
2881 3388 3108 3460 Μερρἄ
3128 3403 3142 3417 ·
3169 3387 3367 3458 πικρὸν
3404 3385 3514 3458 γάρ
3536 3381 3619 3456 ἦν.
3646 3380 3735 3434 Διά

2165 3475 2323 3530 τοῦτο
2355 3477 2718 3548 ἐπωνομάσθη
2755 3477 2813 3531 τδ
2834 3478 3005 3551 ὄνομα
3047 3478 3141 3532 τοῦ
3182 3477 3350 3532 τόπου
3390 3476 3614 3538 ἐκείνου,
3647 3470 3729 3525 [lt-

2166 3567 2317 3637 κρία.
2351 3567 2463 3620 Καὶ
2500 3567 2850 3636 διεγόγγυζεν
2881 3571 2910 3623 6
2942 3569 3071 3632 λαὸς
3101 3570 3191 3623 ἐπὶ
3230 3568 3729 3638 Μωσῆν,λέγοντες.

2166 3659 2232 3712 Τί
2260 3658 2533 3730 πιόμεθα;
2590 3661 2814 3731 Ἐὁόησε
2858 3661 2915 3713 δὲ
2950 3662 3157 3732 Μωσῆς
3198 3661 3334 3731 πρὸς
3376 3659 3611 3730 Κύριον,
3648 3654 3732 3708 καὶ

2166 3747 2365 3816 ἔδειξεν
2390 3749 2536 3820 αύτῷ
2569 3749 2772 3823 Κύριος
2807 3750 2984 3815 ξύλον,
3011 3751 3105 3804 καὶ
3140 3750 3400 3805 ἐνέϐαλεν
3423 3748 3551 3803 αὐτὸ
3577 3747 3653 3807 είς
3676 3742 3733 3794 τὸ

2168 3838 2333 3913 ὕδωρ,
2368 3839 2462 3894 καὶ
2502 3840 2808 3912 ὲγλυκάνθη
2834 3842 2895 3895 τὸ
2935 3841 3101 3915 ὕδωρ.
3146 3842 3293 3895 Ἐκεῖ
3325 3842 3478 3896 ἔθετο
3499 3835 3640 3906 αὐτῷ
3664 3834 3731 3887 δι-

2168 3931 2459 4001 καιώματα
2496 3932 2589 3986 καὶ
2619 3932 2867 4003 κρίματα
2900 3935 2994 3987 καὶ
3028 3936 3260 4005 κρίσεις.
3299 3936 3412 3989 Καὶ
3441 3934 3557 3987 ἐκεῖ
3585 3924 3736 3985 αὐτόν

2157 4022 2438 4095 ὲπείραζε,
2472 4022 2568 4075 καὶ
2595 4017 2770 4075 εἷπεν³
2813 4020 2939 4074 Ἐἀν
2973 4023 3110 4092 ἀκοῇ
3144 4019 3390 4092 ἀκούσῃς
3418 4024 3514 4090 τῆς
3565 4014 3732 4085 φωνῆς

2159 4115 2366 4189 Κυρίου
2398 4114 2492 4168 τοῦ
2523 4113 2659 4168 Θεοῦ
2696 4129 2814 4180 σου,
2847 4114 2942 4167 καὶ
2969 4112 3039 4166 τὰ
3068 4111 3276 4184 ἀρεστὰ
3313 4111 3542 4165 ἐνώπιον
3577 4102 3726 4161 αὐτοῦ

2159 4209 2411 4281 ποιήσῃς
2439 4206 2533 4260 καὶ
2555 4205 2787 4278 ἐνωτίσῃ
2802 4205 2922 4267 ταῖς
2939 4203 3177 4266 ἐντολαῖς
3200 4203 3386 4267 αὐτοῦ,
3406 4202 3498 4256 καὶ
3509 4195 3729 4268 φυλάξῃς

2162 4301 2340 4357 πάντα
2359 4298 2426 4353 τά
2441 4296 2788 4368 δικαιώματα
2806 4292 2991 4361 αὐτοῦ,
3018 4296 3198 4349 πᾶσαν
3213 4295 3369 4348 νόσον
3390 4296 3455 4366 ἢν
3472 4292 3730 4360 ἐπήγαγον

2159 4396 2274 4458 τοῖς
2296 4390 2638 4462 Αἰγυπτίοις,
2662 4388 2762 4442 οὐκ
2784 4386 2971 4453 ἐπάξω
2987 4387 3079 4441 ἐπὶ
3104 4387 3185 4443 σέ.
3203 4387 3346 4455 Ἐγὼ
3365 4386 3472 4456 γάρ
3496 4383 3606 4452 ειμι
3631 4376 3729 4432 Κύο

478 4478 659 4531 trunci
706 4480 1031 4548 palmarum.
1076 4481 1146 4536 Et
1186 4484 1555 4540 castrametati
1589 4492 1717 4540 sunt
1763 4485 1876 4540 illic
1918 4487 2063 4556 apud

2169 4494 2284 4550 ριος
2319 4481 2348 4531 6
2390 4475 2618 4548 ίὼμενός
2648 4491 2728 4530 σε.
2769 4476 2883 4530 Καὶ
2924 4470 3090 4547 ἦλθον
3115 4478 3199 4541 εἰς
3248 4476 3453 4546 Ἐλείμ·
3485 4471 3577 4526 καὶ
3600 4466 3726 4538 ἦσαν

479 4584 650 4637 aquas
668 4570 734 4624 ⁸³.
769 4591 787 4622 ι
817 4570 950 4627 Vide
972 4572 1138 4644 igitur
1153 4589 1264 4644 quo
1283 4585 1441 4645 pacto
1462 4592 1526 4631 ex
1550 4576 1732 4631 divina
1763 4593 1862 4631 sua
1883 4577 2067 4647 provi-

479 4660 665 4716 dentia
694 4679 803 4718 non
835 4665 908 4719 sit
935 4681 1128 4736 passus
1157 4682 1273 4732 eos,
1306 4684 1444 4737 quos
1473 4669 1617 4723 haud
1653 4670 1791 4724 citra
1822 4669 2064 4725 laborem

480 4752 734 4819 redemit,
760 4755 963 4812 laetitiae
997 4758 1374 4828 magnitudine
1403 4760 1596 4823 elatos,
1633 4775 1753 4814 sese
1794 4759 1863 4814 ad
1891 4760 2063 4815 otium

479 4844 746 4916 recipere,
778 4844 847 4902 ne
874 4848 1015 4903 forte
1040 4848 1195 4903 brevi
1220 4844 1472 4903 venirent
1503 4849 1559 4902 in
1582 4842 1916 4905 oblivionem
1946 4852 2066 4921 ejus

481 4936 574 5004 qui
604 4951 823 4993 servare
844 4946 1045 5011 potest,
1075 4948 1239 5009 atque
1262 4938 1341 4993 sic
1365 4937 1418 4992 in
1441 4953 1660 4993 errores
1686 4937 2062 5010 {Egyptiorum

483 5027 639 5085 facile
674 5031 1111 5087 revolverentur.
1149 5029 1392 5085 Labores
1432 5030 1579 5086 enim
1610 5031 1934 5101 plerumque
1962 5047 2065 5089 nos

480 5130 743 5177 revocant
772 5123 838 5177 ad
873 5125 1063 5179 Deum.
1088 5122 1230 5180 Hinc
1254 5131 1310 5180 et
1334 5124 1599 5195 pr0pheta
1621 5123 1698 5178 ait
1722 5142 1733 5176 :
1766 5143 1783 5174 ι
1811 5124 2060 5191 Domine,

481 5210 537 5265 in
567 5212 861 5269 afﬂictione
904 5215 1175 5270 recordati
1201 5231 1393 5270 sumus
1426 5216 1540 5278 tui,
1570 5223 1623 5270 et
1666 5215 1719 5269 in
1757 5231 1920 5286 parva
1964 5216 2065 5272 tri-

482 5303 763 5358 bulatione
792 5304 1508 5377 disciplinatuanobisP'”.
1536 5326 1553 5357 ι
1584 5306 1719 5363 Cum
1744 5308 1927 5378 itaque
1951 5308 2071 5363 lon-

483 5410 605 5463 gam
649 5393 1124 5465 aridissimamque
1162 5403 1360 5452 terram
1405 5408 1805 5469 peragrassent,
1850 5400 2068 5455 labora—

484 5493 612 5540 runt
655 5485 838 5556 inopia
882 5502 1064 5541 rerum
1094 5503 1215 5557 qua:
1240 5486 1308 5543 ad
1341 5489 1509 5544 vitam
1553 5498 1682 5544 sunt
1726 5484 2065 5544 necessariae.

485 5576 674 5649 Neque
721 5579 867 5634 enim
924 5578 1275 5636 inveniebant
1324 5595 1521 5650 aquam
1572 5596 1734 5649 quam
1782 5581 2067 5646 biberent;

565 5758 609 5790 "
644 5758 813 5814 Exod.
845 5776 929 5828 xv,
964 5762 1010 5828 l,
1045 5764 1095 5817 2.

2162 4571 2280 4624 ἐκεῖ
2309 4569 2519 4623 δώδεκα
2553 4569 2727 4640 πηγαὶ
2752 4568 2981 4633 ὑδάτων,
3009 4569 3105 4622 καὶ⁵
3131 4569 3498 4641 ἑϐδομήκοντα
3521 4558 3723 4627 στελέχη

2164 4661 2443 4730 φοινίκων.
2506 4656 2886 4731 Παρενὲὁαλον
2935 4657 2994 4711 δὲ
3047 4660 3163 4713 ἐκεῖ
3212 4661 3306 4713 ἐπὶ
3360 4657 3428 4712 τὰ
3476 4654 3655 4708 ὕδατα.
3702 4664 3719 4696 ι

2166 4749 2357 4824 ’Ᾱθρει
2383 4751 2447 4821 δὴ
2482 4745 2575 4804 οῦν
2602 4748 2721 4813 πῶς
2742 4749 2844 4804 οὐκ
2874 4749 3241 4820 ἀγυμνάστως
3265 4748 3461 4810 αὐτοὺς
3482 4743 3725 4809 λελυτρω-

2165 4844 2382 4915 μένους,
2412 4842 2531 4897 οὐδὲ
2558 4841 2637 4913 τῷ
2679 4841 2781 4913 τῆς
2818 4841 3085 4913 εὐθυμίας
3117 4841 3495 4914 ἐντρυφῶντας
3525 4833 3717 4890 πλάτει.

2168 4933 2641 5007 παρακομίζεσθαι
2686 4934 2821 5005 πρὸς
2853 4933 2913 4987 τὸ
2954 4935 3197 5006 ῥᾴθυμον
3223 4933 3437 5004 ἐφίησιν
3467 4931 3719 4992 οἰκονομιο

2168 5028 2303 5095 κῶς,
2339 5027 2423 5081 ἵνα
2452 5027 2526 5098 μὴ
2560 5026 2703 5081 κατὰ
2731 5026 2904 5099 βραχὺ
2937 5027 3074 5099 πρὸς
3101 5026 3272 5099 λήθην
3302 5026 3468 5088 ῑὸντες
3495 5018 3584 5074 τοῦ
3611 5017 3716 5069 δια·

2170 5117 2362 5183 σώζειν
2404 5117 2698 5189 ἰσχύοντος,
2728 5119 2809 5182 είς
2840 5117 2941 5189 τὴν
2969 5119 3028 5173 ὲν
3070 5118 3331 5190 Αἰγύπτῳ
3365 5113 3616 5182 πλάνησιν
3641 5102 3719 5156 ei»

2167 5212 2341 5274 κόλως
2374 5210 2820 5281 ῦπονοστήσειαν.
2849 5210 3174 5281 Συλλὲγουσι
3202 5211 3311 5283 γάρ
3350 5210 3400 5263 οί
3430 5204 3573 5260 πόνοι
3599 5194 3717 5266 πρὸς

2164 5305 2317 5359 Θεόν.
2347 5304 2456 5357 Kal.
2481 5303 2611 5370 γοῦν
2633 5305 2662 5357 6
2691 5304 2979 5374 προφήτης
3009 5305 3176 5375 φησίν
3199 5320 3214 5335 ο
3253 5324 3273 5356 ¢
3308 5302 3494 5371 Κύριε,
3530 5296 3583 5347 ὲν
3616 5284 3713 5341 θλί-

2164 5393 2649 5467 ψει,ὲμνήσθημέν
2678 5395 2869 5461 σου,ὲν
2884 5394 3063 5465 θλίψει
3083 5398 3256 5468 μικρᾷ
3282 5396 3315 5465 ἡ
3348 5382 3602 5459 παιδ[ε]ία
3631 5392 3711 5430 σου

2167 5490 2317 5559 ἡμῖν.
2369 5506 2387 5539 ι
2420 5486 2658 5557 Μακράν
2684 5488 2978 5559 τοιγαροῦν
3007 5491 3102 5543 καὶ
3130 5489 3324 5560 διψάδα
3363 5481 3578 5538 διιόντες
3602 5471 3707 5539 γῆν.

2169 5582 2226 5633 ὲν
2256 5583 2445 5636 σπάνει
2476 5578 2731 5650 γεγόνασι
2754 5580 2863 5639 τῶν
2892 5584 3207 5652 ἀναγκαίων
3233 5582 3308 5645 εἰς
3336 5574 3492 5645 ζωήν.
3528 5566 3595 5619 θ’)
3615 5560 3707 5628 τάρ

1175 5764 1221 5797 ⁵³
1251 5764 1385 5819 ibid.
1427 5764 1610 5817 92-27.
1688 5763 1806 5803 δ”-⁸⁷⁸
1842 5766 1938 5819 lsa.
1977 5785 2115 5827 xxvr.
2154 5768 2233 5823 l6.
