4060 6436
309 392 411 449 με

1330 390 1852 452 GLAPHYBORUM
1895 395 1962 452 IN
2001 392 2293 451 EXODUM
2331 393 2462 449 LIB.
2501 394 2569 450 Il.

3496 394 3605 454 L56

305 508 563 579 εὖρισκον
597 503 743 578 ὕδωρ
789 503 929 559 ὥστε
979 506 1155 560 πιεῖνο
1206 510 1672 582 παρατεινομένου
1707 509 1765 563 δὲ
1805 508 1898 563 τοῦ

2006 525 2243 579 cumque
2280 510 2333 564 in
2378 509 2600 564 tertium
2634 523 2808 579 usque
2838 508 2984 563 diem
3012 509 3403 565 sustinuissent
3435 512 3605 579 sitim,

301 601 467 671 διιῖνᾷν
499 597 598 654 καὶ
626 599 709 661 εἰς
735 598 929 669 τρίτην
967 598 1202 669 ἡμέραν,
1242 599 1396 671 μόλις
1439 601 1624 664 αὐτοῖς
1656 600 1906 673 εὑρίσκε-

298 710 391 747 ται
417 691 481 746 τὸ
506 689 866 761 ποθούμενον.
904 691 1044 749 Ἀλλ’
1066 686 1134 762 ἦν
1159 692 1254 745 καὶ
1282 688 1745 765 τοῦτο-ἄχρηστον
1770 708 1904 745 παν-

296 783 496 848 τελὰ.
530 783 738 855 Πικρὸν
770 782 882 856 γὰρ
914 784 974 839 τὸ
1003 786 1233 858 Μερῤἄς
1267 780 1335 857 ἧν
1369 784 1537 858 ὕδωρ,
1570 785 1666 840 καὶ
1697 788 1808 848 τοῖς
1834 784 1904 838 δι-

294 878 476 948 ψῶσιν
510 877 614 930 οὐκ
651 875 898 946 ἀσφαλὲς
926 878 1007 942 είς
1037 895 1103 948 γε
1138 879 1201 936 τὸ
1224 878 1507 944 δύνασθαι,
1543 877 1708 950 φησὶν
1733 919 1748 943 ,
1790 877 1907 931 δια-

291 970 492 1041 δρᾶναι
545 967 809 1027 θάνατον·
848 969 1178 1042 δυσφοροῦσί
1227 988 1289 1024 τε
1334 968 1619 1034 ἐντεῦθεν,
1669 968 1764 1022 καὶ
1808 967 1904 1021 τοῦ

294 1062 529 1133 μεσίτου
574 1062 1084 1135 κατακεκράγασιν·
1136 1062 1290 1117 ἀλύει
1330 1062 1389 1117 δὲ
1434 1065 1463 1117 6
1507 1061 1734 1131 Μωσῆς.
1769 1060 1904 1114 Εἶτα

288 1151 390 1206 τοῦ
422 1150 607 1208 πάντα
643 1150 846 1216 εἰδότος
878 1152 1015 1207 Θεοῦ
1050 1152 1207 1218 ξύλον
1241 1152 1393 1223 αύτῷ
1437 1149 1865 1225 παραδείξαντος
1887 1191 1902 1213 ,

288 1243 566 1315 ἐμϐάλλει
593 1244 709 1307 τοῖς
740 1242 930 1309 ὕδασι,
963 1242 1033 1297 τὰ
1063 1242 1122 1298 δὲ
1162 1242 1602 1314 παραδόξωςείς
1636 1241 1807 1312 γλυκύ
1842 1258 1903 1295 τε

290 1337 392 1389 καὶ
428 1335 810 1406 ποτιμώτατον
857 1334 1213 1407 μεθίστανται
1258 1335 1430 1406 νᾶμα.
1484 1333 1904 1399 Ἐκπεπωκότες

287 1421 387 1479 οὖν
423 1427 524 1482 καὶ
558 1424 942 1498 ὠφελημένοι,
982 1425 1368 1498 τεθαυμάκασι
1408 1426 1508 1505 τὴν
1548 1424 1900 1497 θεοσημείαν,

290 1517 752 1590 παρεμϐάλλουσι
802 1518 944 1590 μετὰ
971 1517 1131 1574 τοῦτο
1179 1520 1271 1575 καὶ
1310 1522 1512 1592 πηγαῖς
1552 1519 1761 1576 ὑδάτων
1802 1518 1904 1573 δὼ-

288 1612 465 1675 δεκα,
506 1610 638 1665 ἔνθα
669 1611 766 1665 καὶ
816 1610 1194 1684 ἑϐδομήκοντα
1229 1612 1457 1684 στελέχη
1503 1613 1765 1683 φοινίκων
1808 1606 1899 1683 ἦν.

290 1701 714 1773 Κατηυλίζοντο
736 1701 793 1756 δὲ
816 1702 937 1756 τότε
968 1703 1287 1778 τρυφῶντες
1317 1704 1452 1757 ἐκεῖ.
1486 1704 1608 1757 Ὀτι
1640 1703 1820 1757 τοίνυν
1844 1704 1904 1757 ὲν

289 1796 481 1849 πίστει
518 1795 613 1849 καὶ
642 1797 741 1866 οὐχ
771 1795 977 1867 ἑτέρως
1009 1797 1191 1868 εὑρεῖν
1215 1791 1284 1868 ἦν
1311 1796 1570 1850 δύνασθαι
1594 1795 1694 1867 τῆς
1726 1813 1904 1867 σωτη-

292 1888 423 1958 ρίας
445 1887 550 1959 τὴν
571 1888 712 1952 ὁδὸν,
731 1887 820 1942 διὰ
844 1890 1004 1954 σκιᾶς
1026 1889 1125 1943 καὶ
1143 1888 1332 1944 τύπων
1357 1890 1495 1961 ἐπλη
1505 1889 1725 1960 ροῳόρει
1745 1886 1896 1952 Θεός.

287 1979 576 2051 Ταύτῃ-τοι
632 1980 725 2034 καὶ
785 1977 1014 2048 σφάζειν
1063 1980 1353 2035 ἐκέλευσεν
1398 1983 1457 2034 ὲν
1498 1978 1763 2051 Αἰγύπτῳ
1811 1979 1901 2033 τὸν

285 2072 492 2142 ἀμνδν,
531 2072 628 2126 καὶ
656 2073 939 2128 πιστεύειν
969 2072 1184 2145 ἤθελον,
1217 2075 1302 2129 ὄτι
1328 2074 1409 2146 τῷ
1439 2074 1633 2145 αἵματι
1666 2088 1903 2128 κατακε-

284 2164 610 2237 χρισμένοι,
628 2166 720 2219 τὸν
761 2169 878 2231 τοῖς
918 2167 1287 2238 πρωτοτόκοις
1332 2167 1741 2240 ὲπερῤιμμένον
1782 2165 1900 2219 δια-

287 2256 626 2328 κρούσονται
654 2246 909 2314 θάνατον.
956 2260 1027 2313 ’Ἡ
1070 2259 1178 2329 γὰρ
1208 2259 1331 2329 οὐχὶ
1366 2259 1500 2329 φαίη
1547 2277 1631 2324 τις
1669 2258 1762 2321 ἂν,
1806 2257 1900 2311 καὶ

289 2350 449 2421 μάλα
479 2351 730 2415 εἰκότως,
771 2352 853 2405 ὅτι
893 2351 1307 2427 προγύμνασμα
1337 2353 1575 2417 πίστεως
1600 2353 1663 2406 16
1694 2352 1902 2423 δρῶμε-

287 2459 385 2496 νον
420 2438 516 2514 ἧν;
540 2443 675 2497 Τίνα
698 2443 806 2515 γὰρ
830 2443 917 2508 ἂν,
937 2446 1057 2498 εἰπέ
1079 2462 1192 2516 μοι,
1210 2446 1412 2516 τρόπον
1434 2444 1900 2516 κατορῤωδήσειεν

283 2537 318 2588 ὁ
360 2534 603 2600 θάνατος
638 2537 914 2613 προϐάτου
948 2537 1197 2607 σφαγήν;
1236 2535 1376 2589 Ἀλλ’
1408 2532 1477 2607 ἧν
1506 2536 1811 2606 μυστηρίου
1837 2533 1899 2586 τὸ

281 2629 488 2698 χρῆμα
524 2627 717 2692 τύπος.
758 2628 1047 2699 Ἐκρύεται
1087 2628 1197 2699 γὰρ
1239 2628 1268 2681 6
1315 2629 1553 2699 Χριστὸς
1592 2627 1787 2699 αἵματι
1819 2623 1898 2696 τῷ

284 2720 413 2790 ἰδίῳ
442 2720 574 2784 τοὺς
601 2720 973 2792 ήγιασμένους
996 2721 1052 2775 ὲν
1081 2720 1282 2782 πίστει,
1312 2719 1407 2773 καὶ
1436 2718 1666 2775 Θανάτου
1692 2717 1898 2788 φθορᾶς

277 2810 591 2879 ἀποφαίνει
618 2811 955 2883 κρείττονας.
986 2811 1053 2865 Τί
1093 2812 1149 2865 δὲ
1179 2811 1242 2882 δὴ
1278 2802 1442 2866 πάλιν
1470 2810 1587 2863 ἐστὶ
1614 2809 1675 2863 τὸ
1708 2809 1802 2863 ἐπὶ
1830 2811 1895 2881 τῇ

277 2903 493 2974 Μερρᾷ
513 2945 531 2971 ,
567 2901 703 2973 φέρέ
731 2902 983 2974 λέγωμεν
1017 2903 1093 2967 ὡς
1120 2902 1221 2957 ἔνι.

361 2992 432 3062 β’.
459 2992 655 3047 ’Υδατι
674 2992 767 3047 τὸν
790 2992 932 3047 θεῖον
954 2993 1507 3066 παρεικάζειλόγονή
1535 2993 1896 3059 θεόπνευστος

274 3084 508 3156 Γραφή.
540 3084 755 3158 Ὥσπερ
783 3086 892 3156 γάρ
923 3087 1038 3139 ἐστι
1068 3087 1339 3158 σωμάτων
1369 3085 1634 3151 ζωοποιὸν
1664 3086 1724 3139 τὸ
1752 3085 1896 3158 ὕδωρ

2007 606 2101 659 vix
2136 603 2355 658 tandem
2385 618 2551 673 quam
2587 601 2981 659 desiderabant
3021 612 3369 673 receperunt.
3409 603 3523 660 lmo
3552 618 3607 660 ct

2007 698 2125 752 haec
2157 705 2278 762 erat
2310 711 2537 766 prorsus
2579 694 2791 751 inutilis
2821 694 2888 750 ad
2922 694 3244 751 bibendum.
3287 694 3425 751 Cum
3456 697 3606 750 enim

2006 802 2149 857 aqua
2171 785 2402 841 Merrhas
2422 795 2569 840 esset
2584 800 2789 849 amara,
2812 792 2867 840 et
2892 784 3212 841 bibentibus
3240 801 3436 855 parum
3466 793 3603 847 tuta.

2007 878 2273 935 nimirum
2297 878 2365 933 ad
2384 887 2620 935 mortem
2647 876 3039 948 effugiendam,
3065 878 3297 931 moleste
3317 876 3373 932 id
3395 876 3603 941 ferunt,

2007 980 2173 1042 atque
2210 971 2267 1025 in
2301 963 2660 1026 mediatorem
2705 984 2867 1025 suum
2910 968 3325 1024 debacchantur
3367 986 3379 1022 :
3426 969 3609 1025 Moses

2005 1077 2140 1116 vero
2168 1076 2404 1117 moerere
2441 1059 2801 1116 aﬂiciebatur.
2831 1058 2968 1114 Cum
2999 1075 3132 1115 vero
3154 1059 3319 1122 Deus,
3350 1059 3447 1129 qui
3480 1074 3605 1113 om-

2006 1153 2098 1208 nia
2142 1152 2316 1217 novit,
2357 1150 2693 1206 ostendisset
2739 1151 2792 1205 ei
2834 1149 3064 1221 lignum,
3095 1150 3332 1222 coniecit
3372 1149 3508 1205 illud
3543 1150 3600 1205 in

2007 1260 2196 1317 aquas,
2233 1259 2356 1315 quae
2382 1244 2712 1303 miraculose
2734 1241 3044 1298 redduntur
3072 1242 3264 1298 dulces
3293 1250 3351 1299 et
3378 1242 3600 1314 potabi-

2006 1339 2105 1394 les.
2133 1337 2254 1393 Poti
2274 1351 2426 1408 ergo,
2450 1344 2507 1390 et
2526 1334 2632 1390 ﬁde
2653 1334 2960 1391 conﬁrmati
2995 1333 3435 1405 (admirabantur
3450 1335 3600 1390 enim

2007 1430 2143 1488 illud
2174 1430 2424 1485 divinum
2454 1427 2716 1500 signum),
2734 1434 3197 1483 castrametantur
3223 1427 3370 1497 apud
3393 1426 3603 1483 duode—

2006 1524 2113 1579 cim
2141 1523 2340 1589 fontes,
2370 1522 2469 1577 ubi
2495 1531 2551 1578 ct
2588 1521 2933 1593 septuaginta
2968 1504 3169 1591 stirpes
3194 1529 3355 1576 erant
3387 1521 3599 1591 palma-

2006 1632 2150 1671 rum.
2182 1614 2682 1671 Commorabantur
2706 1622 2891 1668 autem
2935 1612 3011 1667 ibi
3053 1612 3396 1667 deliciantes.
3442 1609 3604 1679 Quod

2006 1708 2175 1779 igitur
2198 1707 2253 1762 in
2282 1707 2410 1772 (ide,
2442 1714 2499 1761 et
2524 1720 2793 1776 nusquam
2818 1704 2950 1759 alibi
2985 1702 3157 1775 possit
3190 1703 3426 1758 inveniri
3456 1702 3613 1758 salu-

2008 1799 2080 1855 tis
2107 1800 2216 1866 via,
2248 1798 2395 1854 Deus
2440 1813 2539 1868 per
2577 1797 2832 1852 umbram
2875 1804 2930 1851 et
2961 1805 3117 1867 typos
3147 1795 3464 1866 plenissime
3495 1795 3597 1851 do-

2006 1892 2139 1947 cuit.
2165 1892 2404 1962 Ideoque
2432 1899 2488 1945 et
2515 1890 2570 1944 in
2594 1888 2826 1961 Egypto
2848 1888 3080 1960 jubebat
3106 1902 3305 1959 agnum
3345 1888 3596 1950 mactari,

2003 1992 2060 2039 et
2086 1984 2237 2040 credi
2264 1983 2507 2049 volebat,
2537 1982 2686 2053 quod
2721 1981 2987 2053 sanguine
3019 1979 3177 2035 tincti
3214 1985 3448 2034 mortem
3480 1978 3596 2049 pri-

2004 2076 2297 2147 mogenitis
2336 2076 2541 2131 illatam
2571 2091 2600 2130 a
2628 2089 2687 2130 se
2715 2073 3000 2144 depulsuri
3025 2079 3228 2128 essent.
3257 2071 3415 2127 Dicat
3445 2070 3599 2126 enim

2003 2170 2149 2239 quis,
2183 2183 2366 2238 neque
2396 2166 2618 2239 injuria,
2650 2166 2799 2238 quod
2826 2166 2943 2220 hzec
2973 2181 3062 2221 res
3086 2172 3239 2236 gesta
3266 2162 3435 2220 fuerit
3454 2178 3595 2234 pra:-

2001 2255 2215 2311 ludium
2266 2254 2414 2310 ﬁdei.
2455 2254 2575 2322 Quo
2620 2261 2811 2325 pacto,
2858 2253 3125 2319 obsecro,
3156 2252 3407 2308 timuerit
3446 2268 3599 2308 mors

2002 2348 2126 2419 agni
2164 2347 2593 2403 mactationem?
2614 2345 2820 2402 Verum
2856 2345 2964 2401 hoc
2997 2344 3246 2418 mysterii
3275 2353 3439 2418 typus
3469 2343 3591 2398 fuit.

2001 2440 2138 2496 Nam
2173 2439 2426 2496 Christus
2469 2456 2569 2496 suo
2603 2440 2867 2513 sanguine
2892 2455 3020 2495 vere
3048 2438 3213 2510 eripit
3239 2439 3293 2494 in
3323 2437 3429 2493 fide
3467 2453 3594 2493 san-

2002 2531 2291 2595 etiﬁeatos,
2321 2539 2377 2585 et
2410 2532 2603 2587 mortis
2631 2530 2986 2602 corruptione
3022 2546 3118 2586 eos
3150 2529 3464 2601 superiores
3496 2529 3594 2584 dc-

2001 2623 2191 2678 clarat.
2227 2621 2500 2678 Caeterum
2527 2622 2690 2696 283
2716 2622 2848 2692 quid
2880 2621 2986 2676 sibi
3011 2622 3129 2676 vult
3158 2621 3314 2687 illud,
3341 2620 3486 2692 quod
3523 2619 3593 2676 ad

2002 2714 2275 2769 Merrham
2299 2713 2538 2769 accidit?
2566 2729 2665 2787 age
2694 2728 2798 2788 pro
2820 2712 2966 2767 virili
3003 2713 3273 2768 dicamus.

2070 2993 2121 3049 2.
2157 2992 2321 3051 Sacra
2352 2992 2639 3065 Scriptura
2671 3002 2953 3065 comparat
2992 2992 3088 3049 Dei
3129 2991 3360 3049 verbum
3401 3008 3589 3066 aquae,

1999 3086 2128 3158 quia
2159 3087 2302 3142 sicut
2335 3087 2454 3142 haec
2487 3086 2764 3143 sensibilis
2792 3101 2932 3158 aqua
2963 3084 3205 3140 viviﬁeat
3231 3100 3483 3156 corpora,
3514 3087 3591 3142 ita

273 3178 348 3231 τὸ
388 3177 686 3250 αἰσθητόν·
714 3176 860 3232 οὕτω
890 3179 985 3232 καὶ
1014 3180 1042 3233 6
1074 3178 1219 3244 θεῖος
1248 3179 1298 3233 εί
1324 3178 1606 3232 καθίκοιτο
1631 3178 1789 3249 λόγος
1814 3181 1894 3241 εἰς

2001 3178 2097 3232 Dei
2123 3176 2354 3233 verbum
2391 3177 2436 3233 si
2467 3188 2707 3233 mentem
2748 3186 2994 3233 nostram
3035 3178 3250 3244 subeat,
3270 3179 3431 3234 haud
3470 3193 3589 3234 me-

274 3269 440 3333 νοῦν,
459 3268 760 3343 ὀνήσει[εν]
784 3271 850 3325 ἂν
869 3272 929 3325 ού
957 3270 1195 3343 μετρίως
1226 3271 1410 3325 αὐτόν.
1435 3271 1727 3343 Τοιγάρτοι
1748 3272 1844 3327 καὶ
1866 3273 1895 3326 ὀ

272 3361 531 3432 Χριστὸς
572 3363 696 3425 ταῖς
744 3361 1014 3418 Ἰουδαίων
1053 3361 1280 3431 ἀγέλαις
1329 3361 1649 3433 προσλαλῶν
1696 3363 1894 3416 ἀνακε-

272 3454 511 3526 κράγει,
546 3453 723 3521 λέγων
742 3468 756 3484 ·
794 3471 813 3504 ι
852 3452 921 3506 Ei
942 3470 1027 3518 τις
1055 3452 1203 3529 διψᾷ,
1233 3454 1479 3525 ἐρχέσθω
1504 3455 1642 3527 πρός
1674 3473 1764 3527 με,
1797 3455 1893 3508 καὶ

274 3546 516 3600 πινέτω.
560 3564 580 3597 ›
620 3545 733 3599 Καὶ
773 3546 909 3618 πρός
938 3562 1017 3614 γε·
1042 3546 1140 3618 τὴν
1171 3549 1408 3616 γυναῖκα
1442 3548 1505 3600 ὲκ
1540 3546 1891 3619 Σαμαρείας,

278 3658 301 3690 σ
332 3636 450 3691 Καὶ
476 3638 589 3702 πᾶς
614 3638 645 3691 6
672 3637 846 3690 πίνων
874 3639 938 3692 ὲκ
962 3637 1056 3691 τοῦ
1081 3637 1273 3703 ὕδατος
1302 3638 1517 3704 τούτου,
1546 3639 1763 3709 διψήσει
1788 3637 1894 3692 πά-

272 3731 371 3784 λιν
392 3747 406 3762 ·
438 3728 501 3793 ὃς
528 3729 573 3782 δ’
598 3727 667 3782 ἂν
697 3729 796 3802 πίῃ
819 3730 882 3782 ἐκ
903 3728 998 3783 τοῦ
1022 3727 1215 3793 ὓδατος
1239 3724 1298 3783 οὗ
1319 3728 1429 3797 ἐγὼ
1450 3727 1607 3782 δώσω
1637 3727 1808 3799 αύτῷ,
1831 3728 1892 3781 ού

277 3823 366 3895 μὴ
390 3821 617 3893 adﬂeat
643 3823 723 3885 είς
741 3821 831 3874 τὸν
855 3821 1047 3875 αἰῶνα.
1078 3840 1097 3874 ι
1127 3819 1285 3893 ’Ἄρτι
1307 3820 1487 3874 τοίνυν
1508 3822 1557 3874 οἱ
1580 3820 1639 3885 ἐξ
1674 3820 1894 3893 Ἰσραὴλ

271 3915 388 3983 τὴν
409 3913 647 3988 θιεομισῆ
680 3911 790 3967 τῶν
815 3911 1128 3983 Αἰγυπτίων
1161 3911 1391 3983 ἀφέντες
1430 3912 1712 3984 λατρείαν,
1762 3930 1893 3985 μετ-

275 4009 480 4062 έθεντο
502 4009 626 4071 ταῖς
657 4007 908 4078 γνώμαις
935 4008 1016 4071 είς
1045 4008 1107 4060 τὸ
1135 4008 1483 4078 τελεσφορεῖν
1512 4007 1659 4077 ἅπερ
1677 4005 1742 4059 ἂν
1767 4005 1894 4076 βού-

272 4101 435 4154 λοιτο
466 4099 626 4162 Θεός.
673 4099 813 4154 Ἀλλ’
855 4099 1008 4154 οὔπω
1049 4101 1161 4165 τοῖς
1192 4099 1402 4155 ἄνωθέν
1440 4117 1501 4153 τε
1541 4099 1895 4169 πεπαιδαγώ-

274 4207 491 4263 γηνται
530 4190 742 4262 νόμοις,
772 4190 927 4246 οὔπω
957 4191 1064 4247 τῶν
1090 4192 1298 4263 νοητῶν
1333 4191 1543 4252 ὑδάτων
1580 4191 1893 4262 ἀπογευσά-

278 4302 467 4357 μενοι,
498 4288 786 4359 μονονουχὶ
814 4286 979 4359 ξηρὸν
1000 4287 1098 4342 καὶ
1125 4286 1452 4359 δεδιψηκότα
1480 4288 1572 4342 τὸν
1596 4286 1722 4341 νοῦν
1749 4282 1894 4358 εἶχον

274 4384 346 4436 ἐν
388 4381 631 4444 ἑαυτοῖς.
677 4374 813 4434 Εἶτα
849 4380 1003 4452 μόλις
1045 4383 1538 4455 περιτυγχάνουσιν
1566 4385 1632 4454 τῇ
1664 4381 1890 4454 Μερρᾀ

274 4471 407 4528 ἀλλ’
467 4471 571 4526 οὐκ
626 4471 893 4542 ἠδύναντο
949 4473 1095 4526 πιεῖν
1145 4472 1321 4548 ὕδωρ·
1379 4473 1580 4545 πικρὸν
1636 4473 1744 4545 γὰρ
1799 4469 1887 4544 ἦν.

1995 3269 2262 3325 diocritcr
2290 3285 2412 3325 eam
2438 3269 2715 3325 refecerit.
2742 3269 2897 3327 Unde
2923 3279 2979 3326 et
3004 3269 3261 3327 Christus
3291 3271 3481 3327 turbas
3496 3271 3591 3327 Ju-

1995 3361 2241 3417 daeorum
2289 3362 2576 3433 alloquens
2626 3362 2897 3418 exclamat
2937 3381 2950 3417 τ
3010 3382 3026 3413 ι
3058 3362 3111 3419 Si
3148 3363 3275 3435 quis
3313 3363 3459 3429 sitit,
3499 3378 3593 3419 vc-

1994 3455 2112 3508 niat
2141 3453 2208 3509 ad
2240 3470 2348 3521 me,
2376 3463 2432 3511 et
2457 3453 2609 3509 bibat
2633 3454 2698 3509 ⁵⁸.
2733 3474 2751 3506 ι
2784 3455 2920 3510 Item
2948 3456 3015 3511 ad
3042 3456 3441 3512 Samaritanam
3464 3472 3590 3510 mu-

1993 3547 2187 3602 lierem
2222 3547 2403 3618 inquit
2448 3566 2459 3600 :
2498 3567 2516 3598 ‹
2563 3547 2667 3615 Qui
2719 3547 2924 3604 biberit
2966 3565 3034 3604 ex
3073 3549 3179 3605 hac
3223 3565 3394 3620 aqua,
3440 3548 3593 3604 sitiet

1994 3641 2232 3707 iterum;
2266 3642 2360 3711 qui
2396 3649 2579 3696 autem
2608 3641 2815 3697 biberit
2844 3658 2910 3697 ex
2941 3658 3082 3712 aqua
3123 3658 3289 3713 quam
3314 3657 3415 3713 ego
3447 3641 3596 3697 dabo

1994 3732 2067 3796 ei,
2113 3748 2224 3787 non
2260 3732 2410 3788 sitiet
2452 3734 2505 3787 in
2529 3742 2798 3789 aeternum
2823 3736 2889 3787 ⁵⁷.
2932 3755 2949 3786 ι
2979 3734 3240 3790 Israelita:
3281 3734 3468 3806 igitur,
3502 3734 3597 3789 di-.

1996 3827 2165 3882 misso
2199 3826 2422 3897 quidem
2448 3825 2827 3898 Egyptiorum
2867 3827 3020 3882 cultu
3054 3841 3219 3897 quem
3255 3827 3401 3882 Deus
3429 3842 3591 3881 aveh-

1995 3928 2169 3985 satur,
2196 3919 2564 3974 traduxerunt
2591 3928 2831 3975 mentem
2862 3935 3039 3983 suam,
3070 3928 3132 3974 ut
3157 3918 3418 3989 deinceps
3442 3918 3599 3990 quod

1995 4013 2108 4067 Deo
2147 4021 2438 4083 acceptum
2473 4020 2639 4079 esset,
2671 4018 2946 4083 saperent.
2981 4010 3256 4067 Caeterum
3290 4026 3416 4067 cum
3447 4028 3590 4067 non-

1995 4104 2126 4169 dum
2151 4105 2410 4174 supernis
2440 4104 2656 4176 legibus
2686 4113 2874 4159 essent
2901 4105 3127 4171 eruditi,
3161 4105 3396 4161 necdum
3424 4107 3590 4162 intel-

1994 4197 2232 4268 ligibiles
2253 4212 2425 4267 aquas
2442 4196 2885 4269 degustaverant,
2905 4197 3140 4269 ideoque
3169 4206 3410 4255 mentem
3432 4198 3591 4267 quasi

1996 4286 2208 4342 aridam
2256 4296 2313 4342 et
2345 4287 2688 4343 siticulosam
2740 4288 2796 4342 in
2839 4303 2899 4343 se
2939 4287 3235 4343 habebant.
3287 4287 3495 4343 Deinde
3527 4303 3594 4343 ac

1996 4377 2220 4448 quidem
2247 4392 2389 4448 :egre
2412 4377 2743 4447 perveniunt
2765 4375 3060 4440 Merrbam,
3085 4377 3181 4431 ubi
3202 4391 3313 4431 non
3337 4383 3595 4447 poterant

1997 4486 2196 4541 aquam
2215 4470 2430 4537 bibere,
2462 4470 2590 4541 quia
2615 4477 2734 4525 erat
2767 4485 2971 4525 amara.
2994 4468 3065 4525 At
3097 4476 3452 4541 posteaquam
3474 4469 3592 4525 Mo-

281 4566 533 4620 Ἐπειτα
552 4564 800 4629 Μωσέως
821 4565 882 4619 τὸ
904 4564 1060 4633 ξύλον
1081 4564 1504 4637 ἐμϐεϐληκότος,
1528 4566 1627 4636 τῆς
1648 4567 1891 4637 ἐμφύτου

2001 4579 2086 4619 ses
2107 4563 2426 4619 immisisset
2455 4563 2685 4635 lignum,
2716 4563 2903 4618 amisit
2926 4578 3068 4634 aqua
3101 4578 3255 4620 suam
3282 4565 3595 4631 naturalem

278 4659 524 4732 πικρίας
571 4658 632 4712 16
662 4657 809 4730 ’ὕδωρ
860 4658 1253 4729 ἀπηλλάττετο.
1297 4656 1395 4722 Τίς
1438 4653 1534 4712 οὖν
1579 4660 1612 4730 ἠ
1661 4658 1891 4730 Μερρἁ

278 4753 465 4822 Φαίην
497 4750 566 4805 ἂν
604 4751 688 4804 ὅτι
726 4750 787 4804 16
810 4750 1053 4823 Γράμμα
1100 4750 1161 4804 τὺ
1197 4750 1439 4821 νομικόν.
1488 4750 1694 4822 Πικρὸς
1728 4750 1838 4824 γὰρ
1866 4751 1896 4804 6

279 4843 493 4914 νόμος,
530 4839 690 4913 εἴπερ
726 4834 846 4893 ἐστὶ
873 4839 1167 4911 κολαστής.
1202 4841 1317 4895 Καὶ
1360 4839 1490 4910 γοῦν
1534 4843 1562 4895 6
1610 4840 1897 4903 θεσπέσιος

278 4936 390 5006 ἔφη
434 4932 687 4996 Παῦλος·
727 4951 746 4985 ι
796 4931 1095 5004 Ἀθετήσας
1127 4949 1212 4996 τις
1250 4932 1413 5003 νόμον
1443 4932 1689 4996 Μωσέως
1727 4932 1896 5004 χωρὶς

279 5022 602 5098 οἰκτιρμῶν
621 5023 715 5077 ἐπὶ
737 5023 890 5078 δυσὶν
917 5024 951 5095 ἢ
976 5024 1153 5097 τρισὶν
1183 5024 1452 5097 μάρτυσιν
1474 5024 1830 5095 ἀποθνήσκει.
1870 5041 1887 5075 ι

293 5116 471 5189 Ὁρᾷς
512 5116 597 5169 ὅτι
631 5114 827 5187 πικρὸς
862 5110 933 5188 ἦν
963 5117 1056 5169 καὶ
1087 5114 1368 5180 δύσοιστος
1408 5115 1503 5169 καὶ
1533 5116 1720 5179 αὐτοῖς
1752 5110 1895 5187 τάχα

283 5196 395 5262 που
424 5208 544 5271 τοῖς
575 5206 825 5265 ἐθέλουσι
863 5204 1201 5275 κατορθοῢν;
1232 5206 1345 5259 Καὶ
1367 5203 1497 5274 γοῦν
1530 5206 1580 5258 οἱ
1616 5205 1896 5277 θεσνπμέσιοι

287 5299 544 5372 μαθηταὶ
586 5300 700 5362 τοῖς
748 5298 889 5370 μετὰ
930 5301 1029 5371 τὴν
1068 5299 1256 5353 πίστιν
1299 5298 1602 5354 ἀνάπτουσί
1636 5309 1791 5362 τινας
1823 5299 1905 5362 είς

285 5392 555 5466 λατρείαν
614 5388 771 5457 αὖθις
817 5393 918 5465 τὴν
969 5393 1225 5464 νομικὴν,
1285 5392 1586 5466 διαρῤἡδην
1642 5377 1899 5462 ἔφασκον·

295 5507 316 5539 ι
354 5486 475 5543 Καὶ
507 5484 605 5540 νῦν
632 5486 684 5540 τί
712 5485 1007 5556 πειράζετε
1036 5486 1130 5542 τὸν
1162 5486 1296 5540 Θεὸν
1325 5487 1594 5540 ἐπιθεῖναι
1619 5485 1783 5554 ζυγὸν
1810 5485 1903 5540 ἐπὶ

288 5580 386 5633 τὸν
421 5579 703 5651 τράχηλον
747 5576 859 5632 τῶν
899 5576 1180 5650 μαθητῶν,
1216 5578 1277 5632 ὃν
1308 5578 1434 5632 οὔτε
1475 5579 1671 5649 ἡμεῖς,
1692 5575 1815 5630 οὔτε
1853 5579 1902 5631 οξ

290 5672 534 5743 πατέρες
563 5670 725 5742 ἡμῶν
754 5669 1058 5741 ἰσχύσαμεν
1077 5669 1378 5741 βαστάσαις
1414 5689 1432 5722 ι
1459 5670 1567 5725 Καὶ
1584 5668 1712 5739 γοῦν
1734 5671 1762 5724 ὀ
1794 5688 1901 5740 μα-

372 5862 419 5895 ⁸⁴
446 5862 611 5922 Joan.
651 5879 740 5921 nt.
769 5862 858 5919 57.
938 5862 978 5895 "
1010 5863 1147 5917 Joan
1205 5878 1277 5929 tv,
1317 5861 1401 5925 15.
1461 5865 1504 5896 ’³
1539 5863 1688 5920 llebr
1743 5882 1799 5940 χ,
1837 5860 1929 5916 (ιε.

1998 4655 2445 4711 amaritudinem.
2467 4653 2728 4722 Quaenam
2749 4662 2929 4710 autem
2946 4662 3032 4710 est
3051 4654 3155 4710 ista
3172 4654 3420 4711 Merrha?
3434 4654 3599 4710 Dixe-

1999 4747 2104 4801 rim
2139 4762 2260 4802 esse
2292 4746 2534 4803 litteram
2564 4747 2818 4819 legalem.
2861 4747 2989 4802 Haec
3013 4747 3164 4803 enim
3205 4747 3406 4802 acerba
3431 4757 3518 4802 est
3540 4753 3601 4802 et

2000 4855 2206 4905 amara,
2236 4847 2428 4911 utpote
2457 4856 2579 4912 qua:
2616 4855 2717 4895 nos
2739 4840 2953 4911 puniat.
2984 4840 3128 4895 Hinc
3148 4839 3369 4895 divinus
3394 4839 3601 4895 Paulus

2003 4935 2118 4989 ait:
2152 4953 2171 4985 ι
2201 4934 2601 5006 Transgressus
2635 4936 2908 5006 quispiam
2954 4935 3129 5005 legem
3171 4933 3355 4999 Mosis,
3388 4933 3598 5004 absque

2004 5026 2360 5082 miseratione
2402 5028 2505 5083 sub
2549 5027 2770 5083 duobus
2807 5034 2903 5081 aut
2938 5026 3116 5082 tribus
3162 5023 3397 5080 testibus
3423 5025 3599 5081 mori-

2004 5127 2097 5174 tur
2121 5119 2189 5173 ⁵⁸.
2224 5139 2241 5171 ι
2268 5119 2506 5176 Videsne
2533 5134 2658 5175 eam
2684 5135 2805 5176 esse
2828 5134 3092 5181 amaram,
3120 5125 3175 5173 et
3204 5116 3481 5173 ditiicilem
3510 5126 3598 5173 to-

2002 5194 2205 5276 leratu,
2233 5211 2400 5266 etiam
2440 5211 2552 5267 illis
2578 5210 2673 5281 qui
2703 5210 2897 5265 volunt
2924 5225 3045 5265 eam
3075 5225 3202 5265 cum
3232 5210 3440 5267 virtute
3468 5226 3598 5282 per-

2004 5303 2202 5361 ﬁcere?
2226 5304 2385 5360 Unde
2410 5313 2467 5360 et
2506 5304 2681 5360 sancti
2710 5303 2966 5375 discipuli
3006 5304 3188 5374 palam
3230 5303 3489 5360 dicebant
3531 5304 3599 5359 iis

2001 5393 2096 5465 qui
2125 5394 2411 5450 nonnullis
2438 5394 2600 5449 ﬁdem
2637 5395 2752 5467 jam
2786 5395 3124 5451 habentibus
3159 5396 3597 5466 persuadebant,

2002 5494 2062 5541 ut
2103 5486 2171 5541 ad
2212 5487 2423 5541 cultum
2464 5487 2603 5560 legis
2634 5488 2923 5544 redirent:
2960 5506 2976 5539 ι
3017 5487 3162 5556 Quid
3206 5489 3462 5551 tentatis,
3510 5486 3599 5541 in-

2000 5580 2276 5651 quientes,
2326 5580 2524 5647 Deum,
2562 5590 2623 5636 ut
2668 5581 2967 5652 imponatis
2993 5582 3184 5653 iugum
3226 5580 3281 5634 in
3321 5578 3594 5634 cervicem

2000 5672 2422 5744 discipulorum,
2456 5674 2604 5745 quod
2643 5691 2821 5746 neque
2851 5690 2971 5740 nos,
3004 5689 3181 5743 neque
3209 5682 3392 5743 patres
3420 5670 3595 5726 nostri
