4060 6432
435 354 541 411 H7

1472 349 1530 406 S.
1572 344 1851 405 CYRILLI
1890 339 2363 398 ALEXANDle
2400 337 2721 397 ARCHIEP.

3596 333 3695 390 “8

436 466 1039 538 potuerint'portane”.
1066 487 1082 517 ι
1105 464 1248 533 Quin
1267 471 1323 520 et
1346 462 1539 519 beatus
1565 458 1771 516 Paulus
1796 452 2022 512 manda-

2154 449 2318 522 ιάριος
2351 450 2562 514 Παῦλος
2589 449 2968 520 κατακρίσεως
2993 442 3268 505 διακονίαν
3304 441 3566 495 ἀποκαλεῖ
3606 442 3698 512 τὴν

438 563 555 609 tum
588 557 854 626 sapientis
878 555 1040 611 Mosis
1076 553 1370 625 appellavit
1402 548 1771 607 ministerium
1795 544 2025 600 damna-

440 647 624 703 tionis.
644 647 721 701 Ita
743 648 889 702 enim
911 648 1018 703 ait:
1047 668 1065 698 ‹
1085 646 1140 702 Si
1166 643 1537 701 ministerium
1556 638 1928 697 damnationis
1944 644 2031 693 est

439 738 498 793 in
521 739 714 811 gloria,
739 747 946 809 quanto
969 739 1139 809 magis
1157 736 1487 793 exuberabit
1510 734 1885 790 ministerium
1940 736 2032 807 jn-

439 831 605 890 stitiae
631 832 685 886 in
706 832 878 902 gloria
896 832 973 885 ‘°?
1004 851 1020 877 ι
1048 831 1140 887 Ait
1160 830 1307 885 enim
1334 830 1500 885 etiam
1523 828 1688 900 paulo
1708 836 1862 884 ante:
1884 846 1902 879 ι
1921 827 2037 882 Lit-

442 933 557 978 tera
583 923 806 990 occidit,
824 925 1052 995 spiritus
1074 934 1259 979 autem
1281 921 1529 976 viviﬁcat
1550 922 1615 974 “.
1642 940 1659 972 ι
1680 918 2032 975 Manifestum

440 1025 527 1070 est
552 1024 736 1071 autem
764 1016 915 1087 quod
951 1033 1051 1087 per
1076 1018 1321 1071 litteram
1362 1014 1634 1084 intelligat
1670 1013 1866 1084 legem,
1896 1012 2039 1067 sicut

444 1121 538 1176 per
559 1108 834 1178 spiritum,
855 1109 1162 1181 designavit
1183 1109 1393 1165 cultum
1418 1107 1780 1179 spiritualem,
1806 1106 1911 1162 hoc
1928 1115 2033 1173 est,

443 1199 819 1270 Evangelium.
849 1201 1087 1273 Ideoque
1114 1202 1202 1256 lex
1225 1210 1310 1257 est
1333 1201 1550 1256 acerba.
1580 1199 1718 1255 Nam
1741 1206 1797 1254 et
1820 1198 2037 1255 Merrha

441 1293 736 1363 exponitur
755 1309 960 1350 amara.
991 1295 1162 1350 Porro
1213 1293 1363 1365 quod
1410 1292 1701 1364 disciplina
1740 1292 1877 1364 legis
1918 1291 2037 1362 ipsa

442 1398 542 1453 per
569 1384 830 1455 seipsam,
862 1391 1133 1454 quatenus
1176 1383 1231 1439 in
1276 1383 1419 1455 typis
1458 1380 1737 1447 consistit,
1759 1379 2039 1436 viviﬁcare

443 1487 720 1550 nequeat,
774 1480 1101 1536 conﬁrmare
1164 1492 1632 1550 supervacaneum
1696 1484 1799 1531 est.
1843 1475 2042 1533 Nullus

442 1570 594 1625 enim
628 1586 728 1641 per
762 1571 937 1642 legem
965 1571 1299 1642 justiﬁcatur
1329 1568 1475 1640 apud
1497 1569 1691 1634 Deum,
1720 1569 1864 1623 sicut
1897 1567 2037 1624 scri-

446 1670 602 1732 ptum
635 1671 738 1718 est.
765 1660 932 1734 285.
955 1661 1063 1717 Sed
1087 1660 1234 1732 quod
1258 1661 1375 1732 ipsa
1400 1661 1489 1716 lex
1513 1667 1646 1715 tunc
1667 1658 1934 1715 eﬁlciatur
1960 1659 2041 1714 vi-

2128 542 2217 596 διά
2237 541 2329 595 τοῦ
2363 542 2640 611 πανσύφου
2668 539 2915 603 Μωσέιιις
2934 537 3176 605 ἐντολήν.
3206 535 3350 605 Ἔφη
3381 532 3486 604 γὰρ
3508 531 3695 595 οὕτως⁹

2137 652 2156 684 ι
2203 633 2265 687 El
2294 632 2403 706 γάρ
2441 635 2473 704 ή
2507 631 2753 687 διακονία
2788 631 2887 699 τῆς
2926 625 3306 696 κατακρίσεως
3347 623 3494 689 δόξα,
3530 623 3701 694 πολλῷ

2135 724 2334 794 μᾶλλον
2381 724 2694 795 περισσεύει
2741 725 2775 794 ἡ
2819 721 3066 775 διακονία
3109 718 3209 789 τῆς
3265 716 3606 787 δικαιοσύνης
3649 718 3702 769 ἐν

2131 817 2279 890 δόξῃ.
2318 836 2337 869 ι
2366 818 2509 887 Ἔφη
2526 816 2695 870 δὲκαὶ
2717 813 2963 886 ἑτέρωθισ
2990 833 3007 865 ι
3032 813 3106 865 Τὸ
3125 811 3360 882 γράμμα
3380 804 3701 874 ἀποκτείνει,

2130 904 2193 959 τὸ
2220 906 2277 959 δὲ
2304 905 2521 977 πνεῦμα
2547 905 2821 971 ζωοποιεῖ.
2856 903 3149 975 ιιΓράμμα
3174 901 3381 971 σαφῶς,
3409 897 3563 971 οἶμαί
3586 918 3704 966 που,

2130 998 2222 1051 τὸν
2244 998 2427 1069 νόμον,
2456 998 2668 1070 πνεῦμα
2691 998 2749 1052 δὲ
2775 997 2958 1061 πάλιν,
2978 997 3079 1068 τὴν
3099 996 3155 1048 ὲν
3174 993 3443 1065 πνεύματι
3462 992 3708 1064 λατρείαν

2133 1089 2445 1155 ἀποκαλῶν,
2478 1091 2748 1161 τοντέστι,
2776 1090 2876 1161 τὴν
2896 1086 3281 1157 εύαγγελικήνο
3318 1085 3515 1157 πικρὸς
3554 1083 3659 1154 γὰρ
3683 1085 3710 1138 ὁ

2134 1181 2316 1253 νόμος.
2359 1180 2756 1253 Ἐρμηνεύεται
2784 1179 2839 1234 δὲ
2871 1179 3044 1251 πικρὰ
3076 1177 3170 1231 καὶ
3200 1179 3234 1248 ή
3264 1176 3479 1249 Ἀῐερρά.
3512 1176 3631 1228 Ὅτι
3659 1175 3713 1228 δὲ

2135 1275 2169 1344 ή
2200 1273 2290 1327 διά
2322 1273 2485 1345 νόμου
2526 1273 2808 1337 παίδευσις
2850 1270 2987 1343 αύτὴ
3029 1270 3151 1325 καθ’
3191 1270 3422 1341 ἑαυτὴν,
3461 1269 3557 1322 καὶ
3596 1268 3713 1321 ὅσον

2134 1362 2268 1437 ἧκεν
2290 1365 2371 1429 είς
2385 1364 2610 1430 τύπους,
2637 1364 2920 1429 ζωοποιεῖν
2946 1365 3044 1434 οὐχ
3066 1362 3152 1416 οἵα
3178 1379 3259 1428 τε,
3285 1361 3346 1414 τὸ
3366 1358 3713 1415 διατείνεσθαι

2138 1455 2411 1529 περιττόν.
2445 1456 2635 1520 Οὐδεὶς
2660 1455 2770 1527 γὰρ
2798 1456 2856 1510 ὲν
2889 1456 3040 1527 νόμῳ
3069 1453 3374 1509 δικαιοῦται
3404 1450 3559 1523 παρὰ
3582 1449 3714 1521 Θεῷ,

2137 1543 2282 1599 κατά
2303 1543 2363 1599 τὸ
2391 1544 2795 1616 γεγραμμένον.
2840 1544 3001 1600 Ἀλλά
3024 1545 3119 1600 καὶ
3143 1544 3307 1608 αὐτὸς
3334 1542 3491 1596 ἔσται
3513 1540 3577 1615 δὴ
3602 1541 3716 1595 τότε

2140 1659 2409 1723 ζωοποιδς
2458 1661 2487 1713 ὁ
2536 1659 2733 1729 νόμος,
2789 1658 3238 1728 ἀπαλλαγήσεται
3283 1657 3381 1713 καὶ
3437 1656 3536 1727 τῆς
3587 1659 3720 1711 κατά

444 1750 693 1811 viﬁcans.
721 1758 777 1806 et
802 1750 1113 1807 amaritudo
1142 1766 1265 1821 qua:
1286 1761 1369 1807 est
1393 1752 1449 1806 in
1478 1750 1684 1814 littera,
1720 1750 1968 1817 tollatur,
1992 1750 2037 1805 si

2154 1750 2379 1821 γρὰμίμα
2404 1748 2655 1821 πικρίας,
2682 1751 2732 1802 εί
2754 1749 2966 1817 γένοιτο
2993 1748 3397 1818 παραδεκτικὺς
3429 1748 3718 1820 μυστηρίου

446 1840 563 1911 ipsa
589 1842 951 1924 spiritualiter
980 1842 1257 1897 intellecta
1284 1841 1579 1912 patefaciat
1602 1841 1806 1899 Christi
1832 1849 2038 1914 myste-

448 1933 592 1988 rium
616 1933 763 2003 (ﬁnis
789 1934 938 1990 enim
963 1934 1100 2005 legis
1120 1933 1374 1990 Christus
1394 1943 1503 2000 est,
1549 1935 1604 1989 in
1633 1934 1865 1990 salutem
1890 1933 2044 1990 omni

449 2024 697 2080 credenti
720 2024 813 2097 ⁶’),
834 2027 1000 2082 etiam
1019 2025 1073 2081 id
1095 2026 1243 2097 quod
1266 2027 1323 2082 in
1340 2026 1558 2081 Merrha
1583 2018 1788 2081 factum
1812 2033 1916 2091 est,
1932 2039 2045 2080 ma-

452 2116 684 2172 nifestus
725 2124 884 2190 typus
915 2134 1037 2174 esse
1066 2127 1266 2189 potest.
1312 2118 1546 2189 Lignum
1585 2117 1733 2173 enim
1775 2116 2047 2188 signiﬁcat

451 2206 752 2265 Salvatoris
795 2211 969 2267 nostri
1019 2225 1272 2277 crucem,
1322 2219 1420 2266 aut
1470 2210 1647 2280 ipsius
1690 2210 2042 2282 mysterium,

448 2300 599 2370 quod
625 2316 752 2356 cum
787 2301 857 2357 ab
890 2302 1001 2358 illis
1043 2303 1138 2373 qui
1178 2302 1281 2359 sub
1322 2304 1447 2375 lege
1491 2312 1643 2370 sunt,
1675 2303 1844 2359 fuerit
1889 2318 2044 2358 rece-

451 2399 626 2461 ptum,
654 2392 818 2449 dulce
851 2395 1020 2450 etiam
1052 2395 1110 2451 id
1150 2395 1300 2466 quod
1338 2404 1423 2451 est
1449 2410 1717 2461 amarum,
1743 2395 2045 2460 invenient,

450 2482 582 2552 quia
616 2482 704 2537 lex
727 2499 836 2538 non
862 2493 1106 2551 accusat,
1145 2498 1248 2539 nec
1289 2484 1450 2555 punit
1474 2498 1571 2539 eos
1604 2484 1699 2553 qui
1731 2481 1968 2539 credunt
1991 2482 2050 2536 in

447 2571 755 2641 Christum,
781 2575 877 2632 sed
900 2576 1093 2647 potius
1122 2592 1219 2632 eos
1252 2575 1516 2640 viviﬁcat,
1554 2575 1817 2630 translata
1848 2582 1995 2629 recte
2018 2588 2051 2628 a

451 2666 613 2721 nobis
639 2659 872 2724 historia
896 2669 965 2724 ad
986 2668 1329 2725 intellectum
1350 2666 1717 2738 spiritualem,
1739 2673 1795 2722 et
1813 2666 2050 2721 ducente

453 2756 523 2811 ad
548 2757 849 2826 Christum,
886 2761 980 2831 qui
1022 2769 1109 2817 est
1134 2761 1247 2816 vita
1276 2767 1332 2816 et
1358 2759 1665 2815 viviﬁcans.
1695 2760 1851 2815 Tunc
1879 2759 2048 2825 enim,

452 2853 611 2917 tunc,
632 2852 878 2923 inquam,
894 2853 1062 2908 etiam
1087 2853 1176 2908 lex
1200 2851 1427 2907 deﬁniet
1452 2852 1613 2907 nobis
1629 2850 2054 2924 iustiﬁcationes

454 2956 513 3006 et
538 2946 767 3020 judicia,
795 2932 984 3017 utpote
1014 2960 1137 3016 quae
1161 2959 1264 3000 nos
1296 2950 1447 2999 recta
1489 2943 1656 2999 ducat
1695 2943 1761 2998 ad
1807 2943 1862 2998 id
1895 2939 2053 3012 quod

453 3041 569 3098 Deo
591 3040 790 3111 placet,
821 3038 1078 3109 viamque
1117 3036 1185 3093 ad
1231 3051 1396 3092 omne
1436 3035 1586 3107 quod
1626 3036 1867 3092 salutare
1890 3033 2053 3089 nobis

2139 1839 2235 1896 τοῦ
2266 1842 2410 1894 κατά
2430 1840 2666 1912 Χριστόν
2690 1857 2703 1871 ο
2737 1839 2889 1903 τέλος
2916 1838 3026 1910 γὰρ
3055 1838 3219 1909 νόμου
3255 1840 3491 1909 Χριστὸς
3516 1842 3595 1905 εἰς
3625 1857 3721 1893 σω-

2142 1949 2208 2003 τη
2218 1930 2336 2003 ρίαν
2364 1931 2526 1985 παντὶ
2550 1930 2883 1994 πιστεύοντι,
2908 1928 3197 2000 νοούμενος
3221 1929 3466 2000 δηλονότι
3490 1947 3722 2001 πνευμα-

2143 2020 2330 2084 τικῶς·
2353 2020 2523 2085 τύπος
2551 2020 2595 2075 δ’
2627 2020 2693 2076 ἂν
2717 2022 2800 2094 εἴη
2829 2022 2924 2075 καὶ
2948 2021 3103 2075 τοῦδε
3130 2021 3306 2091 σαφὴς
3332 2022 3398 2077 τὸ
3423 2023 3517 2075 ἐπὶ
3540 2024 3723 2094 Μερῤᾷ

2146 2126 2211 2162 συ
2219 2109 2514 2183 μϐεϐηκός.
2527 2109 2689 2179 Δηλοῖ
2700 2111 2810 2183 γὰρ
2820 2110 2881 2163 τὸ
2898 2109 3073 2176 ξύλον,
3088 2110 3178 2165 τὸν
3191 2110 3283 2165 τοῦ
3297 2112 3552 2184 Σωτῆρος
3574 2129 3724 2167 σταυ-

2147 2199 2260 2274 ρὸν,
2283 2200 2402 2270 ήτοι
2432 2199 2492 2252 τὸ
2516 2198 2603 2252 ἐπ’
2629 2199 2779 2270 αὐτῷ
2804 2200 3123 2271 μυστήριον⁸
3147 2199 3284 2270 ὅπερ
3311 2201 3361 2253 εἰ
3389 2200 3597 2269 γένοιτο
3621 2202 3724 2262 τοῖς

2147 2292 2204 2345 ἐν
2232 2291 2382 2362 νόμῳ
2413 2291 2786 2363 παραδεκτὸν,
2821 2293 2994 2361 γλυκὺ
3026 2293 3120 2346 καὶ
3152 2293 3212 2346 τὸ
3242 2290 3443 2361 πικρὸν
3475 2293 3719 2362 εὑρήσου-

2150 2398 2264 2436 σιν’
2299 2383 2362 2436 ού
2395 2382 2505 2453 γάρ
2526 2386 2640 2446 τοῖς
2683 2383 3034 2436 πιστεύουσιν
3063 2384 3143 2448 είς
3171 2382 3443 2455 Χριστζν,
3475 2382 3725 2452 φιλαίτιός

2147 2472 2210 2526 τέ
2251 2473 2368 2526 ἐστι
2408 2473 2809 2547 καὶκολαστὴς
2841 2476 2870 2528 ό
2909 2475 3110 2547 νόμος,
3141 2473 3256 2529 ἀλλ’
3291 2474 3396 2546 ἤδη
3441 2472 3724 2541 ζωοποιδς,

2153 2562 2671 2637 μεταπλαττομένης
2710 2561 2768 2620 εὖ
2811 2565 2957 2637 μάλα
2989 2566 3088 2638 τῆς
3122 2565 3367 2638 ἱστορίας
3424 2568 3558 2637 ἡμῖν
3602 2564 3726 2636 πρὸς

2151 2654 2387 2727 Θεωρίαν
2421 2657 2829 2729 πνευματικήν,
2858 2658 2954 2711 καὶ
2984 2656 3330 2729 ποδηγούσης
3356 2657 3457 2710 ἐπὶ
3484 2655 3724 2728 Χριστὸν,

2151 2740 2211 2805 ὃς
2235 2742 2349 2795 ἐστι
2377 2740 2490 2814 ζωὴ
2531 2742 2625 2798 καὶ
2655 2743 2940 2809 ζωοπιός.
2972 2746 3107 2800 Τότε
3138 2745 3269 2820 γὰρ,
3299 2747 3430 2799 τότε
3459 2748 3553 2801 καὶ
3578 2747 3728 2817 νόμος

2153 2835 2284 2904 ἡμῖν
2306 2834 2447 2905 ὁριεῖ
2464 2835 2811 2905 δικαιώματά
2833 2854 2893 2891 τε
2912 2838 3007 2892 καὶ
3023 2839 3251 2911 κρίσεις.
3288 2840 3613 2909 Ἀποκομιεῖ
3631 2837 3729 2909 γάρ

2155 2923 2315 2987 εὐθὺς
2339 2925 2432 2977 ἐπὶ
2460 2925 2520 2979 τὸ
2538 2926 2690 2996 αὐτῷ
2711 2927 2924 2995 δοκοῦν,
2952 2930 3048 2984 καὶ
3076 2929 3173 3000 τὴν
3201 2930 3280 2994 εἰς
3302 2932 3417 2984 πᾶν
3437 2930 3609 2984 ὁτιοῦν
3633 2930 3729 2984 τῶν

2156 3018 2394 3090 ἀρίστων
2420 3020 2729 3086 καταδείξει
2754 3022 2961 3094 τρίϐον,
2998 3021 3104 3087 ἔξω
3134 3040 3193 3076 τε
3226 3023 3501 3093 δειμάτων
3529 3023 3620 3077 καὶ
3644 3022 3727 3076 τοῦ

454 3144 562 3201 est,
590 3106 846 3190 ostendat
883 3149 896 3186 :
938 3106 1103 3202 atque
1152 3136 1309 3187 extra
1342 3106 1595 3185 timorem
1637 3143 1925 3199 pmnaaque
1955 3142 2052 3181 ex-

2157 3109 2481 3174 κολάζεσθαι
2508 3110 2814 3182 προσδοκᾷν
2840 3106 3093 3180 γενέσθαι
3115 3112 3546 3185 παρασκευάζει.
3578 3131 3595 3164 ι
3623 3112 3728 3165 Πᾶ-

455 3226 853 3298 spectationem
899 3223 972 3279 sit
1007 3223 1361 3279 collocatum.
1393 3221 1484 3276 Ait
1521 3220 1674 3303 enim
1707 3237 1719 3273 :
1765 3238 1782 3270 ι
1819 3217 2052 3274 Omnem

454 3319 670 3390 plagam
709 3332 875 3389 quam
918 3315 1110 3371 induxi
1149 3315 1205 3369 in
1233 3312 1539 3386 Egyptios,
1571 3327 1684 3367 non
1715 3310 1970 3366 inducam
1994 3308 2050 3364 iu

455 3426 557 3467 vos
585 3411 650 3465 ⁸³.
683 3430 701 3463 ι
731 3409 1005 3479 Quocirca
1030 3422 1154 3478 spes
1184 3404 1455 3462 evadendi
1481 3418 1703 3474 poenam
1723 3402 1832 3458 illis
1853 3416 2054 3474 prepo-

454 3504 567 3577 sita
593 3510 698 3568 est,
725 3501 821 3572 qui
849 3500 1171 3573 mysterium
1201 3496 1409 3554 Christi
1441 3496 1499 3553 in
1531 3497 1651 3568 lege
1689 3495 2052 3565 comprehen-

457 3614 581 3654 sum
618 3597 921 3667 accipiunt.
967 3595 1147 3665 Atque
1191 3594 1317 3660 hoc,
1354 3591 1619 3656 arbitror,
1661 3597 1766 3655 est,
1809 3588 1957 3664 quod
1999 3595 2055 3643 et

460 3691 581 3761 ipse
629 3688 881 3743 Salvator
921 3686 1061 3741 dixit
1104 3683 1320 3756 populis
1356 3683 1672 3740 Judaaorum
1709 3679 1765 3735 in
1810 3686 2055 3748 tempore

459 3796 575 3837 sure
619 3777 1084 3850 peregrinationis
1126 3795 1138 3830 :
1173 3763 1211 3827 ἰ
1261 3776 1457 3841 Amen,
1503 3788 1662 3829 amen
1696 3770 1823 3827 dico
1862 3769 2053 3833 vobis,

462 3872 611 3944 quod
646 3871 827 3928 omnis
858 3870 954 3942 qui
994 3868 1148 3925 audit
1189 3881 1500 3924 sermonem
1536 3878 1744 3929 meum,
1784 3870 1842 3918 et
1881 3860 2057 3917 credit

467 3966 544 4023 illi
562 3966 658 4036 qui
676 3963 824 4021 misit
841 3979 949 4030 me,
967 3962 1135 4019 habet
1154 3962 1321 4017 \n’tam
1334 3967 1617 4023 aiternam,
1641 3965 1698 4012 et
1718 3954 2055 4027 injudicium

465 4075 579 4115 non
621 4057 800 4124 venit,
843 4057 942 4114 sed
972 4055 1171 4113 transit
1214 4071 1245 4109 a
1286 4063 1465 4109 morte
1511 4050 1579 4107 ad
1613 4050 1783 4105 vitam
1827 4047 1893 4101 “.
1943 4065 1959 4098 ι
1989 4046 2060 4101 Ει

467 4167 701 4209 rursus:
738 4171 756 4204 ι
787 4150 892 4219 Qui
915 4149 1093 4207 credit
1126 4149 1182 4204 in
1212 4147 1434 4211 Filium,
1467 4159 1579 4200 non
1617 4141 1895 4215 judicatur
1926 4140 1992 4193 “.
2032 4157 2050 4191 ι

464 4245 604 4301 Cum
622 4245 792 4317 igitur
812 4242 1185 4314 receperimus
1205 4238 1409 4297 Christi
1433 4235 1877 4310 iustiﬁcationes,
1904 4240 2058 4297 tunc,

466 4345 619 4404 tum,
651 4338 896 4407 inquam,
912 4334 967 4390 in
995 4335 1139 4389 Elim
1163 4331 1472 4394 veniemus,
1497 4325 1645 4398 quod
1671 4333 1755 4380 est
1788 4322 2058 4380 ascensio.

465 4430 847 4487 Transivimus
870 4428 1020 4485 enim
1051 4442 1117 4482 ex
1141 4424 1528 4483 veterinostra
1564 4416 1795 4473 infantia
1822 4414 1879 4469 in
1902 4428 2058 4468 men-

469 4531 580 4579 tem
609 4523 932 4594 perlectam,
955 4531 1011 4576 et
1047 4520 1104 4574 in
1140 4529 1457 4573 mensuram
1490 4510 1669 4569 aetatis
1702 4503 2062 4580 plenitudinis
2095 4507 2140 4563 Ι)

466 4616 670 4672 Christi
695 4616 765 4681 “,
789 4614 885 4669 ubi
914 4611 1224 4667 incidentes
1249 4609 1303 4664 in
1343 4606 1526 4664 fontes
1556 4614 1827 4674 aquarum
1858 4596 2064 4652 intelli-

466 4707 720 4780 gibilium
743 4713 959 4760 nostras
982 4702 1251 4758 habemus
1277 4697 1528 4755 delicias.
1556 4694 1624 4751 Hi
1649 4701 1835 4757 autem
1859 4689 2069 4747 duode-

468 4800 577 4855 cim
603 4798 785 4854 fontes
827 4794 1152 4852 describunt
1170 4791 1339 4847 nobis
1362 4789 1599 4844 chorum
1622 4783 1915 4841 duodecim
1939 4796 2069 4852 apo-

469 4892 761 4957 stolorum,
794 4889 890 4946 ubi
919 4896 976 4945 et
1008 4885 1356 4958 septuaginta
1384 4881 1601 4952 stipites
1630 4878 1941 4950 palmarum
1976 4890 2067 4931 re-

471 4984 772 5054 periemus.
816 4981 1096 5053 Scriptum
1136 4987 1223 5034 est
1266 4976 1413 5033 enim
1452 4971 1601 5045 quod
1640 4969 1908 5027 Dominus
1945 4974 2070 5038 post

472 5082 693 5130 sanctos
711 5072 989 5145 apostolos
1015 5090 1034 5123 ι
1062 5065 1370 5141 designarit
1402 5064 1541 5120 alios
1569 5059 1917 5133 septuaginta
1945 5057 2012 5111 θ’.
2044 5075 2062 5108 ι

471 5165 631 5232 Quod
657 5172 841 5220 autem
870 5164 1044 5220 divini
1076 5161 1334 5233 discipuli
1377 5173 1571 5214 revera
1600 5156 1712 5211 sint
1746 5153 1950 5218 fontes,
1975 5150 2073 5222 qui

474 5256 639 5312 nobis
669 5256 916 5311 divinum
956 5265 1015 5313 et
1056 5255 1297 5311 salutare
1330 5251 1640 5309 scaturiunt
1667 5246 1898 5304 verbum
1924 5244 2069 5306 vitae,

475 5345 940 5403 demonstraverit
962 5346 1109 5402 Deus
1143 5344 1211 5400 iis
1234 5344 1329 5415 qui
1356 5344 1411 5398 in
1451 5343 1569 5413 lege
1598 5335 1884 5411 iustiﬁcati
1920 5338 2069 5396 sunt,

478 5442 554 5497 ita
576 5441 767 5497 dicens
792 5458 806 5494 :
841 5458 859 5490 ι
889 5436 1117 5494 Haurite
1148 5452 1344 5506 aquam
1369 5449 1496 5490 cum
1517 5431 1706 5488 laetitia
1728 5444 1795 5485 ex
1827 5423 2075 5481 fontibus

479 5532 747 5589 Salutaris
770 5529 837 5583 ⁸⁸.
868 5550 886 5582 υ
911 5530 979 5584 Ει
997 5527 1065 5584 de
1089 5527 1288 5598 quovis
1310 5535 1500 5582 sancto
1544 5521 1714 5579 David
1740 5521 1814 5575 ita
1839 5514 2031 5573 scribit
2058 5528 2070 5565 :

553 5736 599 5766 "
626 5733 745 5788 Act.
790 5750 881 5793 xv.
948 5732 1031 5786 l0.

483 5804 711 5862 "Joan.
739 5819 817 5869 ιιι,
860 5803 940 5857 [8.
1054 5804 1097 5837 σε
1127 5801 1328 5870 Ephes.
1374 5815 1446 5865 Iv,
1496 5797 1577 5850 l5.
1654 5796 1694 5827 ⁸⁷
1738 5794 1870 5849 Luc.
1902 5809 1955 5856 χ,
1990 5793 2038 5846 l.

2162 3218 2260 3255 σαν
2285 3200 2411 3273 γὰρ,
2440 3202 2594 3273 φησι,
2623 3201 2839 3273 πληγὴν
2865 3204 2932 3276 ἢν
2955 3204 3235 3274 ἐπήγαγον
3262 3206 3380 3269 τοῖς
3406 3204 3728 3272 Αἰγυπτίοις,

2158 3294 2258 3347 οὐκ
2285 3291 2470 3359 ἐπάξω
2503 3294 2597 3348 ἐπὶ
2625 3293 2711 3347 σέ.
2747 3313 2767 3346 ι
2805 3293 3014 3349 Οὐκοῦν
3050 3296 3161 3358 τοῖς
3193 3294 3250 3349 ἐν
3285 3296 3438 3369 νόμῳ
3469 3295 3621 3351 τοῦτο
3650 3296 3731 3349 λα-

2160 3385 2317 3441 ϐοῦσι
2343 3386 2662 3458 μυστήριον,
2689 3385 2844 3451 ἐλπὶς
2873 3386 3054 3458 ἀγαθὴ
3085 3388 3178 3441 τοῦ
3201 3375 3556 3460 διαϐήσεσθαι
3581 3388 3730 3443 κόλα-

2163 3493 2266 3531 σιν.
2310 3475 2420 3530 Καὶ
2452 3474 2641 3539 τοῦτο,
2674 3470 2857 3545 οἶμαι,
2880 3474 3030 3529 ἐστὶν
3085 3474 3113 3528 ὃ
3146 3476 3242 3529 καί
3274 3475 3441 3540 αὐτὸς
3472 3474 3684 3547 εἴρηκεν
3709 3473 3734 3525 ὁ

2162 3567 2352 3639 Σωτὴρ
2383 3570 2494 3631 τοῖς
2533 3567 2801 3622 Ἰουδαίων
2829 3567 3019 3639 δήμοις
3043 3570 3185 3622 κατά
3215 3569 3307 3621 τὸν
3338 3568 3438 3639 τῆς
3459 3566 3731 3637 ἐπιδημίας

2162 3659 2353 3733 καιρόν
2374 3676 2387 3689 '
2437 3679 2455 3712 ι
2508 3659 2681 3730 Ἀμὴν
2702 3698 2717 3724 ,
2748 3659 2894 3732 ἀμὴν
2922 3659 3066 3729 λέγω
3102 3661 3250 3734 ὑμῖν,
3291 3660 3378 3715 ὅτι
3415 3662 3444 3715 ὁ
3472 3659 3562 3714 τὸν
3590 3656 3734 3725 λόγον

2167 3769 2268 3823 μου
2316 3750 2566 3817 ἀκούων,
2603 3750 2697 3804 καὶ
2732 3750 3002 3805 πιστεύων
3046 3752 3125 3823 τῷ
3165 3751 3447 3823 πέμψαντί
3497 3767 3595 3822 με,
3633 3748 3734 3819 ἔχει

2165 3845 2310 3915 ξωῆν
2337 3842 2574 3910 αἰώνιον,
2599 3843 2693 3897 καί⁵
2712 3845 2792 3909 είς
2811 3845 2992 3915 κρίσιν
3025 3844 3125 3898 οὐκ
3147 3843 3388 3916 ἔρχεται·
3419 3842 3554 3898 ἀλλά
3581 3858 3734 3913 μετα-

2165 3934 2397 4007 ϐέϐηκεν
2428 3936 2491 3988 ὲκ
2519 3932 2613 3987 τοῦ
2651 3933 2882 3989 Θανάτου
2912 3935 2991 3998 εἰς
3019 3934 3184 4008 ζωήν,
3226 3954 3246 3987 ι
3276 3936 3392 3989 Καὶ
3415 3935 3592 3989 πάλινο
3621 3951 3639 3984 ι
3684 3931 3735 3983 '0

2167 4024 2437 4079 πιστεύων
2470 4025 2551 4089 είς
2573 4024 2664 4078 τὸν
2688 4024 2836 4089 Υἱδν,
2866 4026 2926 4079 οὐ
2953 4027 3218 4099 κρίνεται.
3252 4046 3270 4078 ι
3298 4024 3736 4099 Παραδεξάμενος

2165 4117 2343 4171 τοίνυν
2371 4117 2440 4171 τὰ
2463 4117 2805 4191 δικαιώματα
2831 4116 3073 4192 Χριστοῦ
3093 4159 3107 4182 ,
3131 4118 3249 4172 τότε
3281 4117 3372 4189 δὴ,
3398 4118 3519 4172 τότε
3549 4116 3639 4170 καὶ
3666 4115 3736 4176 εἰς

2180 4207 2366 4279 Ἐλεὶμ
2398 4207 2632 4279 ἥξομενο
2662 4208 2691 4262 ὃ
2727 4210 2875 4262 ἐστιν
2895 4249 2910 4273 ,
2944 4207 3227 4272 ἀνάϐασις.
3286 4201 3738 4276 Ἀναϐιϐαζόμεθα

2169 4296 2277 4370 γὰρ
2314 4299 2380 4351 ἐκ
2424 4296 2527 4368 τῆς
2570 4298 2806 4370 ἀρχαίας
2860 4297 3016 4370 ἡμῶν
3062 4297 3388 4368 νηπιότητος
3434 4298 3513 4360 εἰς
3554 4293 3738 4365 ἀρτίως

2170 4392 2399 4464 ἔχουσαν
2427 4391 2619 4464 φρένα,
2641 4394 2736 4446 καὶ
2763 4394 2841 4457 είς
2864 4390 3060 4464 μέτρον
3090 4390 3306 4464 ἡλικίας
3335 4391 3431 4445 τοῦ
3458 4386 3739 4462 πληριιῖψιιι⁸

2168 4504 2259 4551 τος
2292 4485 2387 4540 τοῦ
2424 4483 2661 4557 Χριστοῦ
2705 4484 3179 4555 καταντήσαντες,
3227 4485 3349 4547 ταῖς
3393 4481 3503 4537 τῶν
3550 4476 3739 4549 νοητῶν

2168 4577 2376 4633 ὑδάτων
2411 4578 2617 4647 πηγαῖς
2649 4576 3078 4647 ὲντρυιρήσομεν.
3125 4573 3463 4627 Δυοκαίδεκα
3503 4570 3560 4624 δὲ
3595 4563 3739 4624 αῦται

2164 4671 2256 4725 τὸν
2288 4660 2599 4739 τῶνάγίων
2627 4666 2943 4722 ἀποστόλων
2965 4668 3099 4739 ἡμῖν
3132 4666 3550 4736 καταγράψουσι
3571 4660 3734 4734 χορόν·

2168 4757 2603 4832 περιτευξόμεθα
2623 4757 2680 4811 δὲ
2702 4757 2928 4820 καὶτοῖς
2950 4756 3324 4828 ἑϐδομήκοντα
3344 4754 3619 4825 στελέχεσι
3643 4749 3739 4803 τῶν

2168 4853 2447 4923 φοινίκων.
2468 4850 2785 4922 Γέγραπται
2805 4847 2938 4921 γὰρ,
2971 4849 3054 4902 ὅτι
3088 4849 3226 4919 μετά
3256 4847 3383 4912 τοὺς
3413 4846 3600 4914 ἁγίους
3621 4843 3736 4897 ἀπο-

2168 4942 2388 5007 στόλους
2420 4959 2439 4993 ι
2468 4940 2737 5008 ἀνέδειξεν
2762 4943 2789 4994 ὁ
2818 4938 3023 5013 Κύριος
3053 4938 3275 5009 ἑτέρους
3300 4934 3683 5007 ἑϐδομήκοντα.
3717 4946 3733 4978 ι

2172 5037 2295 5090 Ὅτι
2320 5034 2377 5088 δὲ
2405 5032 2582 5104 πηγαὶ
2602 5031 2744 5085 κατὰ
2774 5031 2833 5084 τὸ
2866 5029 3064 5099 ἀληθὲς
3098 5031 3147 5083 οἱ
3181 5027 3463 5082 θεσπέσιοι
3495 5019 3735 5099 μαθηταὶ,

2167 5133 2260 5187 τὸν
2290 5129 2432 5184 Θεϊον
2461 5129 2594 5199 ἡμῖν
2619 5125 2714 5180 καὶ
2748 5125 3014 5194 σωτήριον
3044 5122 3140 5176 καὶ
3170 5122 3467 5189 ἀναγκαῖον
3499 5119 3577 5181 είς
3608 5113 3738 5184 ζωὴν

2171 5210 2533 5292 ἀναϐρύοντες
2557 5218 2736 5286 λόγον,
2769 5213 3143 5284 παραδείξειεν
3176 5211 3241 5265 ἂν
3271 5205 3329 5263 εὖ
3370 5208 3514 5279 μάλα
3554 5207 3659 5267 τοῖς
3686 5204 3737 5254 ὲν

2171 5317 2321 5386 νόμῳ
2345 5309 2786 5381 δεδικαιωμένοις
2815 5308 2843 5360 ὁ
2874 5306 2983 5359 τῶν
3008 5304 3147 5358 ὅλων
3173 5300 3304 5365 Θεὸς
3323 5343 3339 5368 ,
3373 5299 3516 5353 οὕτω
3547 5296 3734 5386 λέγωνζ

2178 5427 2196 5460 ι
2227 5407 2554 5477 Ἀντλήσατε
2571 5402 2717 5476 ὓδωρ
2738 5399 2855 5471 μετ’
2873 5394 3213 5469 εὐφροσύνης
3237 5396 3298 5448 ἐκ
3317 5392 3426 5445 τῶν
3449 5390 3631 5462 πηγῶν
3653 5381 3734 5436 τοῦ

2174 5476 2471 5571 Σωτηρίου.
2496 5515 2513 5548 ι
2558 5494 2741 5563 Ἀγίου
2779 5492 2836 5546 δὲ
2879 5490 3005 5562 πέρι
3045 5487 3245 5553 παντὸς
3276 5488 3303 5538 ὁ
3334 5484 3611 5544 θεσπέσιος
3638 5476 3735 5531 Με-

1136 5731 1180 5761 ⁶⁰
1228 5729 1270 5784 ll
1306 5729 1433 5783 Cor.
1475 5744 1552 5785 ιιι,
1588 5726 1639 5779 9.
1720 5726 1759 5756 ⁶¹
1797 5723 1931 5776 ibid.
1974 5723 2024 5775 6.

2195 5718 2357 5771 Rom.
2412 5731 2462 5771 ιι.
2502 5713 2555 5767 4.
2636 5712 2679 5743 ⁸³
2713 5710 2885 5767 Exod.
2938 5726 3033 5774 xv,
3088 5708 3175 5761 26.
3257 5705 3301 5735 ⁶³
3347 5701 3500 5757 Joan.
3553 5710 3601 5759 νς
3654 5687 3726 5743 ἳίο

2122 5791 2166 5822 ⁵⁸
2197 5789 2301 5844 lsa.
2338 5801 2433 5851 xu,
2461 5786 2514 5839 5.
