4060 6456
440 413 547 471 449

1483 415 2014 473 CLAPHYRORUM
2047 417 2115 473 1N
2156 416 2445 475 EXODUM
2481 420 2610 475 LIB.
2653 422 2719 477 Π.

3644 428 3758 485 450

441 527 632 599 λῳδὶις,
660 547 675 578 ι
713 527 953 592 Δίκαιος,
981 530 1165 600 φησὶν,
1194 530 1269 595 ὡς
1297 531 1473 600 φοῖνιξ
1493 531 1739 604 ἀνθήσει.
1780 552 1799 584 i
1826 533 1940 587 Καὶ
1969 534 2043 605 μή

2156 552 2174 586 ι
2202 534 2395 591 Justus
2417 544 2477 591 ut
2499 538 2681 607 palma
2706 534 2927 592 florebit
2954 537 3019 590 ”.
3052 556 3068 589 ι
3098 536 3264 610 285
3286 538 3479 610 Neque
3496 555 3630 598 vero
3650 541 3758 597 hoc

438 638 524 673 τοι
556 619 868 692 θαυμάσῃς.
916 622 1070 676 Ἐπεὶ
1099 623 1192 676 καὶ
1230 623 1390 688 αὐτὸς
1430 627 1459 678 0
1487 624 1725 697 Χριστὸς
1756 628 1825 696 τῇ
1867 625 2048 697 τοιᾷδε

441 710 637 781 κλήσει
655 710 1093 783 κατονομάζεται
1115 713 1268 785 παρά
1287 730 1350 783 γε
1369 717 1438 786 τῇ
1462 712 1810 785 θεοπνεύστῳ
1830 714 2045 786 Γραφῇ.

443 803 593 870 Ἔφη
638 802 762 874 γάρ
798 820 903 856 που
951 802 1115 858 πάλιν
1167 805 1200 875 ἠ
1243 804 1409 877 νοητὴ
1454 805 1676 876 νύμφη,
1714 805 1967 859 τουτέστι
2015 805 2049 876 ἡ

451 893 777 968 Ἐκκλησία,
806 896 937 967 περί
962 895 1053 950 τοῦ
1079 895 1288 951 ἀνωθεν
1315 900 1411 952 καὶ
1440 897 1500 964 ἐξ
1520 896 1754 970 ούρανοῦ
1785 896 2048 968 νυμφίου,

435 989 589 1060 φημὶ
613 988 679 1061 δὴ
714 989 977 1061 Χριστοῦ·
1020 1008 1038 1042 ι
1080 985 1245 1045 Εἴποι·
1291 991 1664 1063 ’Λνασήσομαι
1702 990 1797 1044 ἐπὶ
1822 989 1902 1061 τῷ
1930 988 2050 1058 scot-

435 1097 590 1133 νικιο
646 1083 912 1153 κρατήσω
940 1082 1048 1136 τῶν
1092 1082 1245 1154 ὑψῶν
1278 1082 1467 1138 αὑτοῦ.
1516 1102 1534 1136 ι
1594 1084 1707 1138 Ἀεὶ
1744 1083 1856 1155 γάρ
1903 1083 2052 1136 ἐστιν

436 1169 676 1235 εὐθαλὲς
706 1171 771 1224 τὸ
799 1170 966 1241 φυτὸν
989 1212 1004 1236 ,
1035 1170 1208 1240 γλυκύ
1244 1189 1305 1225 τε
1331 1172 1426 1226 καί
1460 1170 1674 1244 εῦριζον
1693 1214 1708 1240 ,
1740 1173 1836 1226 καὶ
1863 1167 2051 1223 λελευ-

437 1260 735 1333 κασμένην
786 1261 912 1334 ἔχον
965 1263 1065 1335 τὴν
1112 1263 1365 1335 καρδίαν.
1418 1262 1793 1334 Τοιουτοειδίις
1835 1262 1891 1315 δέ
1935 1259 2053 1326 πώς

435 1355 595 1408 ἐστιν
631 1357 660 1409 ὁ
693 1355 931 1426 Χριστὸς
959 1355 1196 1426 νοητῶς,
1226 1356 1294 1409 δι’
1325 1350 1387 1411 οὗ
1433 1356 1529 1410 καὶ
1566 1355 1685 1426 μεθ’
1720 1350 1784 1410 οὗ
1810 1352 1890 1426 τῷ
1931 1353 2053 1426 θεῷ

434 1447 539 1500 καὶ
567 1448 749 1520 Πατρὶ
778 1449 811 1519 ή
844 1446 994 1514 δόξα,
1028 1449 1127 1503 σὺν
1153 1448 1297 1521 ἁγίῳ
1330 1448 1614 1520 Πνεύματι
1648 1450 1731 1513 εἰς
1763 1448 1892 1513 τοὺς
1920 1445 2054 1502 αἰῶ-

435 1556 538 1603 νας
566 1540 677 1594 τῶν
708 1539 947 1596 αἰώνων.
987 1541 1184 1612 Ἀμήν.

583 1676 725 1745 Περί
756 1676 865 1732 τοῦ
892 1676 1098 1747 μάννα
1117 1716 1133 1742 ,
1162 1677 1261 1732 καί
1292 1675 1401 1745 τῆς
1432 1676 1899 1748 όρτυγομήτρας.

505 1789 579 1845 α’.
600 1790 713 1844 Θαυ
722 1792 1028 1864 ματουργεῖ
1043 1789 1100 1843 δὲ
1120 1790 1280 1846 πάλιν
1297 1793 1326 1844 ὁ
1345 1789 1454 1845 τῶν
1473 1792 1612 1846 ὅλων
1635 1791 1789 1855 Θεὸς,
1808 1792 1903 1847 καὶ
1920 1810 2050 1865 μετ⁶

2154 626 2375 684 mireris
2395 669 2409 695 ,
2440 629 2715 701 siquidem
2743 639 2800 685 et
2835 630 2952 701 ipse
2977 630 3231 687 Christus
3257 632 3313 687 in
3340 633 3512 689 sacris
3533 634 3764 690 Litteris

2153 717 2260 775 hoc
2281 721 2507 777 nomine
2532 723 2864 793 appellatur.
2891 724 2981 778 Ait
3003 724 3151 779 enim
3175 724 3308 780 alibi
3332 741 3538 796 sponsa
3557 726 3760 783 intelli-

2152 812 2357 884 gihilis,
2376 814 2482 870 hoc
2494 824 2579 870 est
2595 816 2861 882 Ecclesia,
2876 817 2945 874 de
2963 834 3204 889 superno
3221 833 3286 874 ac
3301 819 3513 875 ccelesti
3533 834 3761 889 sponso,

2152 904 2377 962 Christo
2399 908 2666 964 nimirum
2692 926 2706 963 :
2741 930 2758 961 ι
2790 910 2933 976 Dixi,
2961 910 3270 968 Aseendam
3296 912 3353 967 in
3376 913 3640 983 palmam,
3663 913 3759 968 ob:

2155 999 2343 1056 tinebo
2376 1000 2701 1058 altitudines
2729 1004 2851 1073 ejus
2878 1003 2947 1057 '°.
2980 1023 2998 1055 ι
3030 1003 3262 1074 Semper
3284 1004 3432 1059 enim
3458 1003 3622 1060 ﬂoret
3643 1005 3763 1060 haec

2153 1092 2341 1160 arbor,
2362 1100 2558 1165 estque
2581 1092 2762 1150 dulcis
2783 1103 2840 1149 et
2866 1095 3008 1151 bene
3035 1096 3302 1163 radicata,
3324 1112 3448 1168 quae
3468 1108 3526 1152 et
3545 1113 3643 1154 cor
3664 1098 3762 1152 ha—

2154 1185 2250 1241 bet
2271 1185 2628 1243 candescens.
2656 1187 2805 1244 Talis
2820 1196 3006 1244 autem
3028 1196 3115 1244 est
3135 1188 3391 1245 Christus
3409 1190 3760 1261 spiritaliter,

2153 1295 2256 1353 per
2280 1296 2446 1352 quem
2464 1290 2668 1338 etcum
2691 1297 2803 1352 quo
2826 1283 2939 1339 Deo
2958 1282 3109 1338 Patri
3131 1283 3205 1340 sit
3224 1284 3398 1356 gloria
3418 1300 3544 1340 cum
3566 1294 3763 1341 saneto

2156 1371 2392 1444 Spiritu,
2424 1374 2479 1429 in
2509 1374 2712 1430 secula
2732 1382 2959 1430 aeterna.
2990 1374 3187 1432 Amen.

2594 1677 2676 1731 De
2703 1695 2906 1734 manna
2945 1690 2995 1735 et
3026 1683 3311 1737 coturnice.

2228 1787 2281 1843 1.
2338 1788 2468 1846 Edit
2510 1807 2734 1847 rursum
2779 1792 3046 1855 miracula
3087 1797 3260 1852 totius
3296 1796 3540 1854 universi
3587 1797 3756 1866 Deus,

433 1880 555 1955 ίησι
590 1882 690 1953 μὲν
712 1884 777 1936 ὲκ
803 1882 1094 1954 δυνάμεως
1159 1884 1240 1948 εἰς
1281 1881 1536 1956 δύναμιν,
1556 1883 1700 1938 κατά
1722 1884 1783 1937 τὸ
1807 1901 2046 1958 γεγραμ-

2155 1882 2465 1954 transitque
2512 1882 2581 1939 de
2622 1883 2831 1939 virtute
2872 1884 2927 1940 in
2978 1887 3267 1953 virtutem,
3306 1888 3451 1943 sicut
3485 1889 3757 1960 scriptum
3807 1934 3813 1941 .

434 1976 636 2048 μένον·
670 1977 785 2041 τοῖς
815 1975 871 2030 δὲ
891 1975 1201 2049 ἀμηχάνοις
1243 1976 1492 2049 εὑρίσκει
1527 1977 1747 2049 πόρους,
1778 1977 1881 2048 τῆς
1913 1979 2043 2032 ἐαυ-

427 2066 533 2119 τοῦ
557 2064 719 2138 δόξης
748 2065 1065 2138 ἁπανταχοῦ
1094 2066 1364 2139 προνοῶν,
1396 2067 1492 2121 καὶ
1524 2066 1884 2138 πολυτρόπως
1913 2067 2050 2122 ἀπο-

427 2157 654 2223 δεικνὺς
672 2199 687 2223 ,
717 2158 798 2212 ὃτι
842 2158 907 2229 δὴ
963 2158 1110 2232 μόνῳ
1141 2158 1396 2230 μέτεστιν
1422 2157 1572 2230 αὐτῷ
1597 2158 1658 2212 1:0
1687 2160 1929 2231 ἀμογητί
1958 2159 2049 2214 δύ-

428 2250 634 2305 νασθαι
685 2249 990 2321 κατορθοῦν
1036 2251 1132 2305 καὶ
1174 2249 1246 2304 τά
1291 2249 1437 2322 πέρα
1485 2249 1677 2321 λόγον’,
1722 2250 1819 2305 καὶ
1851 2245 1933 2316 οἷς
1980 2250 2046 2306 ἂν

428 2343 670 2408 εἰκότως
697 2343 885 2399 ’ἐποιτο
916 2344 1055 2415 πρὸς
1082 2343 1243 2415 ἡμῶν
1273 2343 1335 2397 τὸ
1360 2342 1885 2413 καταθαυμάζεσθαι
1913 2343 2045 2407 δεῖν,

428 2435 525 2490 ἴνα
568 2435 659 2489 διὰ
713 2436 935 2491 πάντων
976 2436 1152 2508 ὁρῷτο
1197 2435 1365 2502 Θεὸς,
1411 2437 1471 2491 οὐ
1518 2435 1639 2491 καθ’
1684 2436 1783 2491 ἕνα
1826 2436 1936 2491 τῶν
1981 2438 2047 2491 ἐκ

427 2527 634 2600 τέχνης
666 2527 972 2597 ἀνθρώπων
993 2568 1008 2588 ,
1036 2529 1206 2600 ἤγουν
1237 2527 1470 2593 ἀνοσίως
1494 2526 1663 2601 ὲξῃρη
1674 2527 1881 2598 μένων,
1909 2529 2047 2584 ἀλλά

428 2621 599 2691 φύσει
630 2638 692 2674 τε
723 2621 817 2675 καί
850 2619 1088 2692 ἀληθῶς.
1145 2620 1280 2674 Ἀπὸ
1305 2619 1414 2692 γὰρ
1450 2619 1561 2674 τῶν
1589 2620 1817 2686 ἐνδόξως
1842 2620 2039 2675 ἀποτε-

425 2714 717 2785 λουμένων
750 2711 1118 2785 καταθρήσειέ
1148 2730 1232 2776 τις
1270 2711 1336 2766 ἂν
1373 2712 1472 2765 καὶ
1504 2712 1906 2783 ἀταλαιπώρως
1954 2728 2045 2765 κο-

431 2807 568 2879 μιδῇ
610 2806 709 2878 τὴν
743 2807 1023 2878 ἀκήρατον
1056 2805 1250 2876 φύσιν·
1356 2805 1623 2874 πρόσεστι
1662 2803 1761 2872 μὲν
1792 2804 1867 2868 ὡς
1913 2802 2045 2857 ἴδιον

425 2900 662 2970 ἀγαθὸν,
686 2899 749 2952 τὸ
778 2898 1056 2963 πάναλκές
1080 2915 1140 2951 τε
1175 2898 1271 2952 καὶ
1298 2898 1514 2968 ἄμαχον
1560 2897 1697 2968 πρὸς
1729 2897 1840 2950 πᾶν
1865 2894 2044 2949 ὁτιοῦν

424 2985 508 3047 ὧν
543 2993 612 3046 ἂν
644 2992 818 3046 ἕλοιτο
857 2992 1012 3064 δρᾷν.
1060 2991 1333 3063 Πρόσεστι
1377 2988 1434 3044 δὲ
1464 2989 1559 3043 καὶ
1596 2988 1736 3060 μετὰ
1763 2987 1954 3041 τούτου
1985 2988 2045 3042 τὸ

427 3084 783 3151 ἀνεξίκακον.
820 3085 951 3139 ’ἰδοι
978 3083 1024 3138 δ’
1051 3083 1119 3138 ἂν
1146 3084 1175 3138 ὅ
1198 3100 1378 3156 φημι,
1408 3082 1504 3136 καὶ
1538 3082 1684 3153 μάλα
1714 3081 1924 3151 σαφῶς,
1948 3081 2046 3136 καὶ

429 3179 493 3231 ὲν
524 3178 641 3240 τοῖς
684 3175 891 3249 ἀρτίως
936 3176 1070 3248 ἡμῖν
1120 3175 1526 3247 προκειμένοις.
1558 3173 1872 3247 Γέγραπται
1910 3174 2042 3246 γὰρ,

2150 1980 2236 2030 est
2301 1992 2313 2029 :
2375 1975 2700 2048 exitumque
2770 1978 2980 2049 reperit
3043 1979 3506 2051 impossibilibus,
3548 1983 3757 2057 ubique

2149 2081 2265 2122 suae
2293 2066 2482 2139 gloria:
2532 2067 2854 2139 providens,
2883 2078 3049 2141 atque
3074 2071 3436 2128 multifariam
3459 2074 3761 2131 ostendens

2147 2160 2331 2231 ipsum
2364 2162 2543 2217 solum
2565 2178 2727 2233 posse
2749 2162 2887 2220 citra
2913 2164 3087 2219 ullum
3113 2165 3358 2222 laborem
3390 2175 3653 2238 praestare
3690 2184 3759 2224 ea

2148 2266 2272 2322 qua:
2291 2252 2563 2306 rationem
2592 2262 2878 2324 superant,
2913 2270 3146 2326 quaeque
3169 2257 3368 2314 merito
3392 2258 3753 2325 admiramur,

2148 2348 2212 2396 ut
2253 2341 2337 2397 sic
2391 2358 2492 2413 per
2529 2343 2717 2399 omnia
2761 2354 3129 2417 cognoscatur
3160 2347 3329 2415 Deus,
3368 2366 3480 2406 non
3512 2358 3572 2406 ut
3601 2352 3759 2422 quis-

2140 2432 2296 2504 piam
2318 2449 2387 2489 ex
2412 2434 2735 2491 artiﬁciosis
2762 2435 3087 2494 hominibus
3115 2448 3212 2495 aut
3235 2441 3330 2512 qui
3354 2440 3523 2514 impie
3545 2442 3757 2515 aliquid

2148 2524 2506 2590 invenerunt,
2526 2524 2623 2581 sed
2644 2540 2773 2581 vere
2805 2542 2871 2582 ac
2892 2529 3246 2585 naturaliter.
3278 2529 3416 2586 Nam
3442 2547 3510 2587 ex
3534 2531 3604 2588 iis
3635 2548 3762 2605 qua!

2146 2616 2385 2689 gloriose
2431 2625 2675 2689 praestat,
2726 2616 2990 2676 facillime
3036 2621 3162 2692 quis
3202 2621 3540 2681 intellexerit
3571 2625 3757 2696 perfe-

2147 2709 2451 2765 ctissimam
2503 2710 2678 2781 ipsius
2726 2721 3030 2782 naturam;
3078 2716 3169 2772 cui
3210 2716 3356 2773 inest
3385 2718 3610 2789 quidem
3636 2727 3759 2775 tan-

2147 2815 2314 2870 quam
2344 2802 2634 2872 proprium
2669 2803 2902 2872 bonum,
2944 2807 3371 2879 omnipotentia,
3404 2816 3461 2865 et
3485 2809 3756 2867 invictum

2148 2892 2321 2947 robur
2365 2893 2435 2948 ad
2476 2895 2853 2967 quodcunque
2907 2899 3152 2955 voluerit
3193 2900 3532 2958 faciendum.
3584 2902 3760 2961 Adest

2146 2983 2315 3039 etiam
2350 2984 2579 3056 insuper
2618 2987 2671 3042 ei
2717 2987 3122 3060 longanimitas.
3154 2991 3357 3050 Videas
3392 3002 3575 3050 autem
3606 2997 3758 3071 quod

2148 3075 2295 3141 dico,
2331 3083 2388 3132 et
2409 3077 2633 3148 quidem
2655 3081 2950 3138 manifeste
2970 3083 3293 3150 admodum,
3322 3086 3379 3140 in
3403 3086 3471 3141 iis
3497 3103 3620 3158 qua:
3644 3104 3760 3160 pra:

2149 3169 2409 3225 manibus
2457 3170 2747 3227 habemus.
2796 3172 3079 3245 Scriptum
3121 3183 3207 3232 est
3241 3177 3436 3233 enim:
3476 3198 3495 3232 ι
3531 3180 3758 3238 Decimo

428 3271 518 3323 ὅτι
547 3287 567 3322 ι
599 3269 679 3340 Τῇ
706 3268 1175 3340 πεντεκαιδεκάτῃ
1197 3267 1405 3339 ἡμέρᾳ,
1429 3266 1508 3336 τῷ
1533 3266 1666 3338 μηνί
1684 3265 1761 3338 τῷ
1781 3266 2042 3338 δευτέρῳ,

2149 3260 2346 3329 quinto
2377 3260 2467 3316 die
2494 3262 2704 3317 mensis
2734 3264 2987 3333 secundi,
3024 3281 3151 3321 cum
3179 3268 3283 3339 ipsi
3317 3278 3389 3325 ex
3410 3268 3643 3344 Egypto
3672 3288 3758 3330 es-

427 3364 841 3435 ὲξεληλυθότων
886 3362 1069 3419 αὐτῶν
1111 3365 1176 3417 ὲκ
1218 3363 1326 3435 γῆς
1365 3362 1681 3431 Αἰγύπτου,
1724 3360 2045 3434 διεγόγγυζε

428 3459 590 3512 πᾶσα
641 3459 938 3529 συναγωγὴ
994 3456 1127 3513 υἰῶν
1187 3455 1403 3529 Ἰσραὴλ
1445 3454 1538 3510 ἐπί
1586 3472 1647 3509 τε
1719 3455 1895 3526 Μωσῆ
1951 3455 2047 3509 καὶ

443 3549 700 3622 Ἀαρὼν,
751 3551 847 3605 καὶ
894 3545 1049 3605 εἷπον
1097 3549 1235 3622 πρὸς
1280 3548 1479 3612 αὐτοὺς
1524 3547 1573 3600 οἰ
1621 3547 1728 3601 υἰοὶ
1791 3546 2040 3618 Ἰσραήλ·

433 3644 676 3714 Ὄφελον
718 3643 1067 3716 ἀπεθάνομεν
1110 3642 1414 3714 πληγέντες
1467 3640 1573 3695 ὑπὸ
1612 3639 1823 3712 Κυρίου
1868 3641 1926 3694 ὲν
1972 3642 2043 3712 γῇ

428 3734 742 3805 Αἰγύπτου,
789 3735 918 3788 ὅταν
951 3731 1292 3803 ὲκαθίσαμεν
1345 3731 1439 3784 ἐπὶ
1488 3728 1596 3784 τῶν
1640 3729 1888 3801 λεϐήτων
1934 3728 2045 3782 τῶν

430 3829 639 3903 κ’ρεῶν,
678 3828 775 3882 xui.
826 3826 1094 3899 ἡσθίομεν
1144 3825 1347 3897 ἄρτους
1388 3824 1470 3887 εἰς
1515 3822 1870 3895 πλησμονήνί
1921 3824 2045 3877 Ὅτι

429 3921 742 3994 ὲξηγὰγετε
768 3921 920 3993 ἡμᾶς
946 3920 1027 3983 εἰς
1058 3916 1156 3989 τὴν
1185 3916 1392 3989 ἔρημον
1433 3915 1641 3988 ταύτην
1661 3956 1675 3980 ,
1722 3916 2046 3970 ἀποκτεῖναι

428 4017 622 4071 πᾶσαν
649 4014 751 4085 τὴν
779 4011 1109 4082 συναγωγὴν
1145 4009 1354 4081 ταύτην
1382 4010 1441 4063 ὲν
1466 4009 1515 4062 λι
1525 4008 1646 4080 μῷ;
1676 4003 1812 4062 Εἷπε
1842 4009 1898 4063 δὲ
1932 4008 2044 4063 Κύ-

433 4121 554 4177 ριος
586 4101 724 4174 πρὸς
753 4102 994 4173 Μωσῆν·
1038 4098 1173 4154 Ἰδοὺ
1215 4098 1328 4168 ἐγὼ
1358 4098 1439 4152 ῦω
1464 4099 1593 4171 ὑμῖν
1622 4099 1826 4172 ἀρτους
1853 4101 1918 4153 ὲκ
1950 4098 2045 4153 τοῦ

429 4193 672 4268 οὐρανοῦ
694 4236 710 4261 ,
739 4194 835 4248 καὶ
864 4191 1210 4260 ἐξελεύσεται
1249 4193 1278 4245 0
1307 4190 1439 4255 λαὸς
1457 4230 1471 4256 ,
1505 4190 1602 4244 καὶ
1635 4191 1952 4258 συλλέξουσι
1982 4190 2045 4244 τὸ

427 4286 535 4358 τῆς
580 4285 799 4358 ἡμέρας
837 4286 918 4348 εἰς
957 4284 1206 4355 ἡμέραν,
1250 4284 1402 4347 ὅπως
1449 4283 1700 4355 πειράσω
1750 4282 1951 4346 αὐτοὺς
1995 4283 2045 4335 εἰ

428 4381 803 4454 πορεύσονται
836 4379 895 4431 ὲν
921 4378 999 4451 τῷ
1042 4378 1193 4450 νόμῳ
1226 4395 1354 4450 μου.
1399 4376 1512 4431 Καὶ
1559 4376 1713 4432 ἔσται
1762 4378 1825 4448 τῇ
1861 4376 2046 4448 ἡμέρᾳ

426 4478 499 4547 τῇ
562 4474 736 4548 ἕκτῃ,
784 4471 881 4527 καὶ
927 4470 1278 4553 ἐτοιμάσουσι
1322 4468 1351 4522 δ
1385 4468 1453 4523 ἂν
1500 4469 1897 4535 εἰσενέγκωσι,
1949 4468 2044 4521 καὶ

426 4565 591 4619 ἔσται
634 4562 859 4617 διπλοῦν
889 4561 919 4615 δ
963 4560 1030 4616 ἂν
1082 4558 1433 4629 συναγάγωσι
1465 4558 1528 4612 τὸ
1559 4557 1681 4612 καθ’
1712 4558 1926 4630 ἡμέραν
1964 4560 2044 4621 είς

2149 3359 2273 3406 sent
2317 3352 2547 3423 egressi,
2591 3355 2965 3412 murmuravit
3016 3359 3198 3415 omnis
3228 3362 3582 3433 congregatio
3612 3362 3756 3420 ﬁlio-

2147 3458 2272 3498 rum
2316 3443 2482 3500 Israel
2523 3453 2716 3501 contra
2755 3446 2944 3503 Mosen
2978 3457 3035 3504 et
3080 3450 3284 3519 Aaron,
3319 3461 3376 3508 et
3399 3453 3658 3512 dixerunt
3686 3456 3757 3513 ad

2148 3549 2248 3590 eos
2294 3535 2391 3590 lilii
2438 3537 2607 3592 Israel
2642 3555 2655 3591 :
2688 3537 2914 3594 Utinam
2941 3543 3149 3598 mortui
3173 3559 3422 3601 essemus
3450 3549 3697 3618 percussi
3724 3565 3757 3604 a

2148 3627 2384 3685 Domino
2404 3628 2460 3683 in
2485 3636 2635 3685 terra
2654 3628 2894 3703 Egypti,
2920 3634 3143 3704 quando
3168 3636 3499 3695 sedebamus
3529 3639 3597 3694 ad
3622 3640 3758 3696 ollas

2148 3722 2423 3787 carnium,
2454 3730 2510 3776 et
2556 3723 2990 3782 comedehamus
3033 3743 3231 3799 panem
3280 3729 3350 3785 ad
3401 3733 3752 3789 satietatem!

2147 3814 2261 3872 Cur
2289 3816 2589 3872 induxistis
2623 3833 2727 3874 nos
2768 3819 2823 3879 in
2864 3820 3150 3877 desertum
3177 3822 3301 3889 hoc,
3336 3831 3399 3878 ut
3428 3825 3761 3883 occideretis

2148 3925 2370 3965 omnem
2421 3912 2907 3983 congregationem
2965 3912 3109 3967 hanc
3152 3912 3339 3969 fame?
3365 3915 3513 3971 Dixit
3567 3926 3761 3974 autem

2147 4001 2416 4057 Dominus
2455 4001 2522 4056 ad
2564 4001 2751 4059 Mosen
2778 4020 2791 4057 :
2826 4002 2967 4060 Ecce
2986 4020 3088 4075 ego
3121 4004 3306 4075 bluam
3329 4005 3489 4062 vobis
3517 4024 3687 4078 panes
3724 4026 3756 4065 e

2148 4094 2310 4160 coelo,
2339 4101 2395 4149 et
2425 4094 2745 4165 egredietur
2767 4097 3028 4165 populus,
3055 4104 3112 4152 et
3143 4098 3401 4169 colligent
3425 4100 3573 4169 quod
3608 4100 3758 4156 sutli-

2148 4185 2225 4240 cit
2268 4185 2471 4267 inadies
2501 4187 2751 4259 singulos
2779 4203 2792 4240 :
2828 4193 2887 4241 ut
2923 4195 3131 4243 tentem
3165 4205 3281 4254 eos,
3315 4190 3361 4245 si
3390 4192 3758 4249 ambulabunt

2148 4276 2206 4332 in
2226 4278 2348 4350 lege
2372 4295 2514 4334 mea.
2548 4279 2620 4334 Et
2645 4279 2753 4335 erit
2777 4279 2868 4335 die
2900 4288 3073 4346 sexta,
3095 4289 3151 4337 et
3181 4285 3573 4353 prmparabunt
3606 4288 3757 4358 quod

2149 4368 2430 4437 inferant;
2463 4370 2631 4442 286
2673 4377 2730 4425 et
2760 4370 2871 4425 erit
2908 4370 3136 4441 duplum
3167 4364 3457 4445 eius‘quod
3493 4377 3760 4449 colligere

2146 4463 2400 4519 solebant
2440 4479 2540 4535 per
2559 4463 2678 4518 dies
2700 4462 2947 4536 singulos
2967 4464 3033 4517 τί.
3066 4483 3084 4516 ι
3126 4463 3497 4537 Primogenita
3527 4468 3757 4539 quidem

2147 4554 2556 4628 Egyptiorum,
2584 4563 2644 4610 ut
2666 4556 2777 4628 jam
2808 4555 3070 4624 diximus,
3101 4556 3429 4628 perierunt;
3462 4560 3560 4616 sed
3581 4561 3755 4618 Israe-

425 4656 673 4728 ἡμέραν.
711 4673 731 4705 ι
762 4654 844 4707 Τὰ
876 4652 978 4723 μὲν
1004 4650 1115 4721 γάρ
1138 4651 1245 4704 τῶν
1273 4649 1623 4718 Αἰγυπτίων,
1657 4648 1916 4719 καθάπερ
1941 4647 2040 4720 ἤδη

2150 4648 2261 4703 litae
2294 4648 2434 4703 adeo
2462 4664 2697 4719 propere
2728 4648 3175 4717 dimittebantur,
3213 4659 3273 4705 ut
3301 4667 3372 4708 ne
3404 4652 3605 4709 viatico
3623 4657 3752 4727 qui-

429 4747 822 4821 προείπαμεν,
859 4743 1148 4799 διολώλασι
1186 4741 1535 4813 πρωτότοκα·
1573 4740 1950 4813 ἐξεπέμποντο
1985 4739 2051 4794 δὲ

424 4844 537 4915 τῆς
562 4841 749 4912 χώρας
788 4841 839 4893 οἰ
869 4837 1184 4910 ὲξἹσραὴλ,
1223 4835 1367 4899 οὐδὲ,
1407 4836 1533 4889 ὅσον
1568 4836 1767 4900 εἰπεῖν,
1810 4832 2044 4888 ἐπισιτί-

427 4933 635 4989 σασθαι
670 4931 1138 5003 συγχωρούμενοι.
1172 4929 1247 4982 Τὸ
1274 4928 1385 5002 γὰρ
1413 4930 1564 4993 σταῖς
1605 4927 1787 4981 αὐτῶν
1821 4924 2044 4998 ἐξήνεγ-

425 5039 536 5075 καν
558 5021 667 5094 πρὸ
689 5023 786 5077 τοῦ
817 5023 1137 5096 ζυμωθῆναι
1169 5024 1239 5078 τὰ
1265 5023 1566 5096 φυράματα
1596 5022 1774 5077 αὐτῶν
1793 5021 1890 5091 (li.
1910 5021 2032 5091 ’Etp-

425 5114 781 5185 οδιασάμενοι
806 5115 864 5170 δὲ
896 5119 1010 5181 τοῖς
1032 5115 1447 5187 παρατυχοῦσιν
1467 5114 1674 5181 ἅπλῶς,
1704 5112 1933 5184 ἐξῄεσαν
1973 5114 2032 5167 ὲν

428 5206 681 5279 σπουδῇ,
711 5207 808 5260 καὶ
842 5205 903 5259 ὲν
929 5207 1031 5277 [σῳ
1073 5204 1136 5259 τὸ
1168 5204 1330 5276 δεῖμα
1355 5206 1471 5267 τοῖς
1520 5201 1815 5256 διώκουσιν
1868 5203 2036 5272 Αἰγυ-

426 5301 616 5366 πτίοις
653 5294 906 5365 καὶτοῖς
932 5299 1033 5372 τὴν
1064 5298 1249 5364 δίωξιν
1293 5297 1677 5369 ὑπομένουσιν.
1705 5297 1769 5350 Οἱ
1804 5294 1903 5366 μὲν
1932 5296 2044 5368 γὰρ

425 5396 545 5457 τοῖς
564 5392 664 5464 ήδη
696 5391 924 5447 ὀλωλόσι
968 5388 1528 5465 προστεθήισῇιεσθαι
1555 5388 1918 5461 προσεδὸκουν
1942 5390 2043 5442 οὐκ

426 5489 509 5552 εἰς
539 5486 849 5558 μακρὰν,εἰ
872 5484 946 5557 μὴ
980 5486 1094 5548 τοῖς
1113 5483 1279 5548 θείοις
1295 5482 1540 5546 εἴκοντες
1565 5482 1832 5552 νεύμασιν
1856 5481 2042 5546 ἐξελά-

428 5577 702 5649 σαιεντῆς
729 5575 915 5649 χώρας
943 5575 1038 5629 τὸν
1075 5574 1328 5647 Ἰσραήλ’
1361 5574 1413 5628 οἰ
1440 5573 1523 5641 δὲ,
1562 5574 1611 5627 εἰ
1639 5572 2042 5645 καταληφθεῖεν

428 5674 722 5750 μέλλοντες
750 5672 850 5727 καὶ
877 5671 1244 5740 ἀπολυόμενοι
1270 5671 1372 5741 τὴν
1407 5669 1744 5742 ἀναδρομὴν,
1775 5668 1944 5740 ᾤοντο
1968 5669 2033 5744 δὴ

425 5767 656 5831 πάντως
680 5765 807 5830 τοὺς
836 5764 923 5818 ἐπ’
951 5764 1134 5827 αὐτοῖς
1164 5766 1280 5827 τοῖς
1314 5762 1565 5834 ἐσχάτοις
1606 5761 1828 5830 ἀγῶνας
1850 5762 2033 5833 εἰσὸή-

506 5885 553 5917 ⁸⁸
569 5881 717 5939 Psal.
754 5897 863 5949 xei,
899 5881 989 5938 15.
1067 5881 1115 5914 ⁷ο
1139 5880 1297 5938 Cant.
1330 5895 1423 5945 vn,
1451 5877 1504 5933 8.
1582 5878 1629 5911 τί
1655 5875 1826 5934 Exod.
1853 5892 1965 5947 xw,
1994 5875 2110 5931 ινδ.

2143 4740 2270 4796 dem
2307 4757 2364 4797 se
2402 4741 2677 4797 instruere
2712 4752 2959 4813 possent.
2990 4741 3245 4798 Farinam
3282 4745 3434 4801 enim
3464 4762 3620 4803 suam
3652 4764 3750 4804 ex-

2144 4835 2418 4900 tulerunt,
2458 4841 2753 4905 antequam
2794 4850 2989 4891 massae
3010 4845 3198 4892 essent
3218 4835 3581 4906 fermentata,
3614 4856 3759 4912 quas

2144 4927 2201 4984 in
2237 4928 2355 4984 suis
2395 4928 2748 5003 vestimentis
2795 4928 3211 5001 colligaverant.
3270 4928 3502 5002 Sumpto
3562 4933 3750 5005 itaque

2143 5022 2347 5077 viatico
2391 5036 2460 5077 ex
2498 5021 2566 5076 iis
2595 5037 2716 5093 quae
2742 5021 2905 5076 obvia
2932 5030 3116 5086 erant,
3143 5020 3368 5077 exibant
3400 5023 3753 5095 festinanter,

2146 5122 2204 5170 et
2252 5113 2526 5169 timebant
2572 5113 2675 5169 sibi
2724 5122 2833 5168 tam
2878 5111 3116 5186 Egyptii
3146 5124 3552 5187 persecutores,
3583 5134 3753 5190 quam

2146 5206 2344 5271 Judaei,
2401 5206 2498 5276 qui
2553 5204 2907 5260 sustinebant
2949 5207 3418 5276 persecutionem.
3466 5210 3604 5266 Nam
3640 5211 3755 5269 illis

2145 5299 2371 5369 quidem
2408 5298 2702 5354 videbatur
2741 5296 2895 5353 brevi
2935 5296 3077 5364 fore,
3115 5308 3175 5355 ut
3213 5301 3603 5376 primogenitis
3632 5305 3749 5379 jam

2140 5391 2445 5465 deperditis
2471 5390 2576 5462 ipsi
2603 5389 2967 5458 adderentur,
2997 5390 3105 5447 nisi
3128 5391 3319 5450 divino
3345 5396 3506 5452 nutui
3528 5397 3747 5455 obtem-

2139 5492 2419 5558 perantes.
2475 5483 2753 5539 Israelitas
2788 5499 2818 5539 e
2855 5499 2954 5539 sua
2991 5484 3217 5557 regione
3262 5487 3650 5546 dimitterent:
3685 5491 3747 5548 hi

2140 5594 2297 5644 vero,
2333 5576 2380 5635 si
2413 5575 2968 5648 deprehenderentur
2997 5578 3138 5635 tardi
3161 5590 3328 5650 atque
3350 5582 3560 5637 exitum
3586 5581 3752 5640 diﬁc-

2141 5679 2348 5736 rcnles,
2383 5669 2655 5741 putabant
2693 5667 2967 5737 futurum,
3005 5677 3066 5725 ut
3104 5668 3162 5726 in
3204 5682 3482 5728 certamen
3514 5682 3751 5745 propter

2142 5761 2294 5834 ipsos
2342 5763 2571 5819 ultimos
2624 5762 2903 5831 venirent,
2961 5777 3025 5818 ac
3070 5763 3191 5821 sine
3228 5763 3339 5821 ulla
3385 5763 3745 5824 miseratione

510 5977 586 6049 (1)
622 5977 825 6051 Supple
851 5991 918 6032 ex
938 5974 1130 6033 codice
1159 5973 1468 6041 llarlaaano,
1499 5971 1827 6045 ὲνδεδέματα
1855 5973 1913 6028 ὲν
1944 5971 2046 6037 τοῖς

2148 5969 2325 6034 ατίοις
2356 5965 2560 6024 αὐτῶν.
