  <div class='ocr_page' id='page_1' title='image "/cluster/home/n/w/nwhite01/storage/ocr_20150623/69:no.2/coo.31924054869734/233.png"; bbox 0 0 4060 6454; ppageno 0'>
   <div class='ocr_carea' id='block_1_1' title="bbox 502 411 605 469">
    <p class='ocr_par' dir='ltr' id='par_1_1' title="bbox 502 411 605 469">
     <span class='ocr_line' id='line_1_1' title="bbox 502 411 605 469; baseline -0.029 1"><span class='ocrx_word' id='word_1_1' title='bbox 502 411 605 469; x_wconf 61' lang='grc' dir='ltr'><strong>εει</strong></span> 
     </span>
    </p>
   </div>
   <div class='ocr_carea' id='block_1_2' title="bbox 1540 397 2790 458">
    <p class='ocr_par' dir='ltr' id='par_1_2' title="bbox 1540 397 2790 458">
     <span class='ocr_line' id='line_1_2' title="bbox 1540 397 2790 458; baseline 0.003 -4"><span class='ocrx_word' id='word_1_2' title='bbox 1540 400 1596 455; x_wconf 91' lang='lat' dir='ltr'><strong>S.</strong></span> <span class='ocrx_word' id='word_1_3' title='bbox 1637 397 1916 454; x_wconf 74' lang='lat' dir='ltr'><strong>CYRILLI</strong></span> <span class='ocrx_word' id='word_1_4' title='bbox 1957 398 2428 456; x_wconf 72' lang='lat' dir='ltr'><strong>ALEXANDRINI</strong></span> <span class='ocrx_word' id='word_1_5' title='bbox 2469 401 2790 458; x_wconf 79' lang='lat' dir='ltr'><strong>ARCIIIEP.</strong></span> 
     </span>
    </p>
   </div>
   <div class='ocr_carea' id='block_1_3' title="bbox 3683 411 3782 466">
    <p class='ocr_par' dir='ltr' id='par_1_3' title="bbox 3683 411 3782 466">
     <span class='ocr_line' id='line_1_3' title="bbox 3683 411 3782 466; baseline 0.01 -1"><span class='ocrx_word' id='word_1_6' title='bbox 3683 411 3782 466; x_wconf 70' lang='grc' dir='ltr'><strong>όῧὲ</strong></span> 
     </span>
    </p>
   </div>
   <div class='ocr_carea' id='block_1_4' title="bbox 499 506 2075 599">
    <p class='ocr_par' dir='ltr' id='par_1_4' title="bbox 499 520 2075 599">
     <span class='ocr_line' id='line_1_4' title="bbox 499 520 2075 599; baseline -0.008 -13"><span class='ocrx_word' id='word_1_7' title='bbox 499 530 934 588; x_wconf 89' lang='lat' dir='ltr'><strong>trucidarentur.</strong></span> <span class='ocrx_word' id='word_1_8' title='bbox 965 526 1183 599; x_wconf 79' lang='lat' dir='ltr'><strong>Egressi</strong></span> <span class='ocrx_word' id='word_1_9' title='bbox 1213 530 1342 580; x_wconf 88' lang='lat' dir='ltr'><strong>sunt</strong></span> <span class='ocrx_word' id='word_1_10' title='bbox 1376 523 1544 595; x_wconf 83' lang='lat' dir='ltr'><strong>igitur</strong></span> <span class='ocrx_word' id='word_1_11' title='bbox 1566 538 1760 592; x_wconf 85' lang='lat' dir='ltr'><strong>parum</strong></span> <span class='ocrx_word' id='word_1_12' title='bbox 1796 520 2075 575; x_wconf 86' lang='lat' dir='ltr'><strong>admodun</strong></span> 
     </span>
    </p>
   </div>
   <div class='ocr_carea' id='block_1_5' title="bbox 2180 506 3780 599">
    <p class='ocr_par' dir='ltr' id='par_1_5' title="bbox 2202 506 3780 596">
     <span class='ocr_line' id='line_1_5' title="bbox 2202 506 3780 596; baseline 0.004 -22"><span class='ocrx_word' id='word_1_13' title='bbox 2202 515 2412 586; x_wconf 85' lang='grc' dir='ltr'>σεσθαι,</span> <span class='ocrx_word' id='word_1_14' title='bbox 2440 523 2533 574; x_wconf 74' lang='grc' dir='ltr'>καὶ</span> <span class='ocrx_word' id='word_1_15' title='bbox 2552 506 2920 577; x_wconf 73' lang='grc' dir='ltr'>κινδυνεύσειν</span> <span class='ocrx_word' id='word_1_16' title='bbox 2945 522 3458 594; x_wconf 76' lang='grc' dir='ltr'>ἀφιλοικτιρμόνως.</span> <span class='ocrx_word' id='word_1_17' title='bbox 3496 524 3780 596; x_wconf 76' lang='grc' dir='ltr'>Ἑξῴχοντο</span> 
     </span>
    </p>
   </div>
   <div class='ocr_carea' id='block_1_6' title="bbox 496 614 2092 692">
    <p class='ocr_par' dir='ltr' id='par_1_6' title="bbox 496 614 2092 692">
     <span class='ocr_line' id='line_1_6' title="bbox 496 614 2092 692; baseline -0.008 -15"><span class='ocrx_word' id='word_1_18' title='bbox 496 623 568 677; x_wconf 88' lang='lat' dir='ltr'><strong>dc</strong></span> <span class='ocrx_word' id='word_1_19' title='bbox 595 623 665 679; x_wconf 90' lang='lat' dir='ltr'><strong>iis</strong></span> <span class='ocrx_word' id='word_1_20' title='bbox 686 637 811 692; x_wconf 66' lang='lat' dir='ltr'><strong>quae</strong></span> <span class='ocrx_word' id='word_1_21' title='bbox 842 620 910 675; x_wconf 86' lang='lat' dir='ltr'><strong>ad</strong></span> <span class='ocrx_word' id='word_1_22' title='bbox 932 618 1331 690; x_wconf 82' lang='lat' dir='ltr'><strong>profectionem</strong></span> <span class='ocrx_word' id='word_1_23' title='bbox 1361 615 1812 686; x_wconf 87' lang='lat' dir='ltr'><strong>requirebantur,</strong></span> <span class='ocrx_word' id='word_1_24' title='bbox 1850 614 2092 677; x_wconf 78' lang='lat' dir='ltr'><strong>solliciti,</strong></span> 
     </span>
    </p>
   </div>
   <div class='ocr_carea' id='block_1_7' title="bbox 495 711 2096 785">
    <p class='ocr_par' dir='ltr' id='par_1_7' title="bbox 495 711 2096 785">
     <span class='ocr_line' id='line_1_7' title="bbox 495 711 2096 785; baseline -0.007 -15"><span class='ocrx_word' id='word_1_25' title='bbox 495 716 698 785; x_wconf 78' lang='lat' dir='ltr'><strong>vixque</strong></span> <span class='ocrx_word' id='word_1_26' title='bbox 732 714 827 768; x_wconf 88' lang='lat' dir='ltr'><strong>illa</strong></span> <span class='ocrx_word' id='word_1_27' title='bbox 853 726 974 782; x_wconf 68' lang='lat' dir='ltr'><strong>quae</strong></span> <span class='ocrx_word' id='word_1_28' title='bbox 1005 711 1073 765; x_wconf 90' lang='lat' dir='ltr'><strong>ad</strong></span> <span class='ocrx_word' id='word_1_29' title='bbox 1099 725 1321 764; x_wconf 88' lang='lat' dir='ltr'><strong>manum</strong></span> <span class='ocrx_word' id='word_1_30' title='bbox 1349 717 1511 763; x_wconf 86' lang='lat' dir='ltr'><strong>erant</strong></span> <span class='ocrx_word' id='word_1_31' title='bbox 1530 715 1896 777; x_wconf 86' lang='lat' dir='ltr'><strong>asportantes,</strong></span> <span class='ocrx_word' id='word_1_32' title='bbox 1929 714 2096 775; x_wconf 90' lang='lat' dir='ltr'><strong>atque</strong></span> 
     </span>
    </p>
   </div>
   <div class='ocr_carea' id='block_1_8' title="bbox 493 802 2092 877">
    <p class='ocr_par' dir='ltr' id='par_1_8' title="bbox 493 802 2092 877">
     <span class='ocr_line' id='line_1_8' title="bbox 493 802 2092 877; baseline -0.003 -16"><span class='ocrx_word' id='word_1_33' title='bbox 493 822 561 862; x_wconf 79' lang='lat' dir='ltr'><strong>ex</strong></span> <span class='ocrx_word' id='word_1_34' title='bbox 602 808 670 861; x_wconf 86' lang='lat' dir='ltr'><strong>iis</strong></span> <span class='ocrx_word' id='word_1_35' title='bbox 703 821 827 877; x_wconf 66' lang='lat' dir='ltr'><strong>quae</strong></span> <span class='ocrx_word' id='word_1_36' title='bbox 872 804 1021 860; x_wconf 91' lang='lat' dir='ltr'><strong>domi</strong></span> <span class='ocrx_word' id='word_1_37' title='bbox 1056 819 1169 858; x_wconf 67' lang='lat' dir='ltr'><strong>suae</strong></span> <span class='ocrx_word' id='word_1_38' title='bbox 1212 811 1375 857; x_wconf 88' lang='lat' dir='ltr'><strong>erant.</strong></span> <span class='ocrx_word' id='word_1_39' title='bbox 1411 818 1475 857; x_wconf 89' lang='lat' dir='ltr'><strong>ea</strong></span> <span class='ocrx_word' id='word_1_40' title='bbox 1519 811 1732 856; x_wconf 89' lang='lat' dir='ltr'><strong>tantum</strong></span> <span class='ocrx_word' id='word_1_41' title='bbox 1755 802 2092 865; x_wconf 77' lang='lat' dir='ltr'><strong>auferentes,</strong></span> 
     </span>
    </p>
   </div>
   <div class='ocr_carea' id='block_1_9' title="bbox 494 894 2091 969">
    <p class='ocr_par' dir='ltr' id='par_1_9' title="bbox 494 894 2091 969">
     <span class='ocr_line' id='line_1_9' title="bbox 494 894 2091 969; baseline -0.005 -15"><span class='ocrx_word' id='word_1_42' title='bbox 494 914 617 969; x_wconf 84' lang='lat' dir='ltr'><strong>quae</strong></span> <span class='ocrx_word' id='word_1_43' title='bbox 675 898 991 953; x_wconf 82' lang='lat' dir='ltr'><strong>necessaria</strong></span> <span class='ocrx_word' id='word_1_44' title='bbox 1047 895 1212 951; x_wconf 87' lang='lat' dir='ltr'><strong>simul</strong></span> <span class='ocrx_word' id='word_1_45' title='bbox 1263 904 1319 949; x_wconf 82' lang='lat' dir='ltr'><strong>et</strong></span> <span class='ocrx_word' id='word_1_46' title='bbox 1358 902 1643 965; x_wconf 88' lang='lat' dir='ltr'><strong>asportatu</strong></span> <span class='ocrx_word' id='word_1_47' title='bbox 1670 894 1852 949; x_wconf 78' lang='lat' dir='ltr'><strong>facilia</strong></span> <span class='ocrx_word' id='word_1_48' title='bbox 1885 902 2091 960; x_wconf 90' lang='lat' dir='ltr'><strong>essent,</strong></span> 
     </span>
    </p>
   </div>
   <div class='ocr_carea' id='block_1_10' title="bbox 495 984 2093 1058">
    <p class='ocr_par' dir='ltr' id='par_1_10' title="bbox 495 984 2093 1058">
     <span class='ocr_line' id='line_1_10' title="bbox 495 984 2093 1058; baseline -0.003 -15"><span class='ocrx_word' id='word_1_49' title='bbox 495 988 699 1058; x_wconf 86' lang='lat' dir='ltr'><strong>quibus</strong></span> <span class='ocrx_word' id='word_1_50' title='bbox 734 987 1030 1057; x_wconf 85' lang='lat' dir='ltr'><strong>assumptis</strong></span> <span class='ocrx_word' id='word_1_51' title='bbox 1064 985 1239 1057; x_wconf 88' lang='lat' dir='ltr'><strong>ignari</strong></span> <span class='ocrx_word' id='word_1_52' title='bbox 1277 987 1540 1055; x_wconf 86' lang='lat' dir='ltr'><strong>deinceps</strong></span> <span class='ocrx_word' id='word_1_53' title='bbox 1590 985 1738 1040; x_wconf 90' lang='lat' dir='ltr'><strong>unde</strong></span> <span class='ocrx_word' id='word_1_54' title='bbox 1767 1001 1885 1056; x_wconf 70' lang='lat' dir='ltr'><strong>quae</strong></span> <span class='ocrx_word' id='word_1_55' title='bbox 1915 985 1983 1040; x_wconf 89' lang='lat' dir='ltr'><strong>ad</strong></span> <span class='ocrx_word' id='word_1_56' title='bbox 2008 984 2093 1039; x_wconf 90' lang='lat' dir='ltr'><strong>vi-</strong></span> 
     </span>
    </p>
   </div>
   <div class='ocr_carea' id='block_1_11' title="bbox 497 1076 2092 1146">
    <p class='ocr_par' dir='ltr' id='par_1_11' title="bbox 497 1076 2092 1146">
     <span class='ocr_line' id='line_1_11' title="bbox 497 1076 2092 1146; baseline -0.004 -10"><span class='ocrx_word' id='word_1_57' title='bbox 497 1092 607 1135; x_wconf 87' lang='lat' dir='ltr'><strong>tam</strong></span> <span class='ocrx_word' id='word_1_58' title='bbox 633 1079 1047 1136; x_wconf 82' lang='lat' dir='ltr'><strong>sustentandam</strong></span> <span class='ocrx_word' id='word_1_59' title='bbox 1066 1076 1384 1133; x_wconf 85' lang='lat' dir='ltr'><strong>sullicerent</strong></span> <span class='ocrx_word' id='word_1_60' title='bbox 1403 1076 1508 1132; x_wconf 86' lang='lat' dir='ltr'><strong>sibi</strong></span> <span class='ocrx_word' id='word_1_61' title='bbox 1533 1085 1935 1146; x_wconf 84' lang='lat' dir='ltr'><strong>compararent,</strong></span> <span class='ocrx_word' id='word_1_62' title='bbox 1962 1092 2092 1146; x_wconf 86' lang='lat' dir='ltr'><strong>pro-</strong></span> 
     </span>
    </p>
   </div>
   <div class='ocr_carea' id='block_1_12' title="bbox 492 1168 2091 1239">
    <p class='ocr_par' dir='ltr' id='par_1_12' title="bbox 492 1168 2091 1239">
     <span class='ocr_line' id='line_1_12' title="bbox 492 1168 2091 1239; baseline -0.003 -12"><span class='ocrx_word' id='word_1_63' title='bbox 492 1174 752 1228; x_wconf 87' lang='lat' dir='ltr'><strong>ciderunt</strong></span> <span class='ocrx_word' id='word_1_64' title='bbox 775 1172 828 1226; x_wconf 90' lang='lat' dir='ltr'><strong>in</strong></span> <span class='ocrx_word' id='word_1_65' title='bbox 855 1170 1195 1226; x_wconf 85' lang='lat' dir='ltr'><strong>desiderium</strong></span> <span class='ocrx_word' id='word_1_66' title='bbox 1222 1170 1357 1235; x_wconf 89' lang='lat' dir='ltr'><strong>cibi,</strong></span> <span class='ocrx_word' id='word_1_67' title='bbox 1382 1185 1493 1239; x_wconf 87' lang='lat' dir='ltr'><strong>quo</strong></span> <span class='ocrx_word' id='word_1_68' title='bbox 1525 1168 1580 1222; x_wconf 91' lang='lat' dir='ltr'><strong>in</strong></span> <span class='ocrx_word' id='word_1_69' title='bbox 1604 1168 1836 1239; x_wconf 62' lang='lat' dir='ltr'><strong>Egypto</strong></span> <span class='ocrx_word' id='word_1_70' title='bbox 1860 1170 1943 1223; x_wconf 87' lang='lat' dir='ltr'><strong>usi</strong></span> <span class='ocrx_word' id='word_1_71' title='bbox 1970 1169 2091 1223; x_wconf 83' lang='lat' dir='ltr'><strong>fue-</strong></span> 
     </span>
    </p>
   </div>
   <div class='ocr_carea' id='block_1_13' title="bbox 494 1260 2092 1331">
    <p class='ocr_par' dir='ltr' id='par_1_13' title="bbox 494 1260 2092 1331">
     <span class='ocr_line' id='line_1_13' title="bbox 494 1260 2092 1331; baseline -0.002 -13"><span class='ocrx_word' id='word_1_72' title='bbox 494 1273 615 1318; x_wconf 84' lang='lat' dir='ltr'><strong>rant</strong></span> <span class='ocrx_word' id='word_1_73' title='bbox 645 1281 660 1330; x_wconf 90' lang='lat'><strong>;</strong></span> <span class='ocrx_word' id='word_1_74' title='bbox 687 1272 743 1318; x_wconf 91' lang='lat' dir='ltr'><strong>et</strong></span> <span class='ocrx_word' id='word_1_75' title='bbox 768 1278 829 1318; x_wconf 85' lang='lat' dir='ltr'><strong>se</strong></span> <span class='ocrx_word' id='word_1_76' title='bbox 855 1278 886 1317; x_wconf 88' lang='lat' dir='ltr'><strong>a</strong></span> <span class='ocrx_word' id='word_1_77' title='bbox 932 1262 1167 1317; x_wconf 89' lang='lat' dir='ltr'><strong>summis</strong></span> <span class='ocrx_word' id='word_1_78' title='bbox 1204 1261 1448 1315; x_wconf 88' lang='lat' dir='ltr'><strong>miseriis</strong></span> <span class='ocrx_word' id='word_1_79' title='bbox 1483 1274 1547 1314; x_wconf 88' lang='lat' dir='ltr'><strong>ac</strong></span> <span class='ocrx_word' id='word_1_80' title='bbox 1573 1260 1839 1316; x_wconf 89' lang='lat' dir='ltr'><strong>servitute</strong></span> <span class='ocrx_word' id='word_1_81' title='bbox 1873 1273 2092 1331; x_wconf 87' lang='lat' dir='ltr'><strong>ereptos</strong></span> 
     </span>
    </p>
   </div>
   <div class='ocr_carea' id='block_1_14' title="bbox 492 1351 2090 1424">
    <p class='ocr_par' dir='ltr' id='par_1_14' title="bbox 492 1351 2090 1424">
     <span class='ocr_line' id='line_1_14' title="bbox 492 1351 2090 1424; baseline -0.003 -15"><span class='ocrx_word' id='word_1_82' title='bbox 492 1355 674 1419; x_wconf 90' lang='lat' dir='ltr'><strong>obliti,</strong></span> <span class='ocrx_word' id='word_1_83' title='bbox 732 1353 1143 1424; x_wconf 88' lang='lat' dir='ltr'><strong>quodammodo</strong></span> <span class='ocrx_word' id='word_1_84' title='bbox 1196 1367 1297 1407; x_wconf 87' lang='lat' dir='ltr'><strong>suo</strong></span> <span class='ocrx_word' id='word_1_85' title='bbox 1335 1351 1579 1421; x_wconf 86' lang='lat' dir='ltr'><strong>ipsorum</strong></span> <span class='ocrx_word' id='word_1_86' title='bbox 1633 1351 1839 1404; x_wconf 74' lang='lat' dir='ltr'><strong>auxilio</strong></span> <span class='ocrx_word' id='word_1_87' title='bbox 1873 1351 2090 1405; x_wconf 89' lang='lat' dir='ltr'><strong>obstre-</strong></span> 
     </span>
    </p>
   </div>
   <div class='ocr_carea' id='block_1_15' title="bbox 492 1441 2089 1516">
    <p class='ocr_par' dir='ltr' id='par_1_15' title="bbox 492 1441 2089 1516">
     <span class='ocr_line' id='line_1_15' title="bbox 492 1441 2089 1516; baseline -0.003 -16"><span class='ocrx_word' id='word_1_88' title='bbox 492 1455 653 1516; x_wconf 88' lang='lat' dir='ltr'><strong>punt,</strong></span> <span class='ocrx_word' id='word_1_89' title='bbox 689 1445 949 1515; x_wconf 88' lang='lat' dir='ltr'><strong>quodque</strong></span> <span class='ocrx_word' id='word_1_90' title='bbox 972 1461 1003 1499; x_wconf 94' lang='lat' dir='ltr'><strong>e</strong></span> <span class='ocrx_word' id='word_1_91' title='bbox 1037 1444 1309 1499; x_wconf 90' lang='lat' dir='ltr'><strong>servitute</strong></span> <span class='ocrx_word' id='word_1_92' title='bbox 1332 1441 1603 1512; x_wconf 81' lang='lat' dir='ltr'><strong>redempti</strong></span> <span class='ocrx_word' id='word_1_93' title='bbox 1634 1442 1766 1506; x_wconf 90' lang='lat' dir='ltr'><strong>sint,</strong></span> <span class='ocrx_word' id='word_1_94' title='bbox 1797 1441 2089 1512; x_wconf 84' lang='lat' dir='ltr'><strong>indignan-</strong></span> 
     </span>
    </p>
   </div>
   <div class='ocr_carea' id='block_1_16' title="bbox 495 1532 2089 1607">
    <p class='ocr_par' dir='ltr' id='par_1_16' title="bbox 495 1532 2089 1607">
     <span class='ocr_line' id='line_1_16' title="bbox 495 1532 2089 1607; baseline -0.003 -16"><span class='ocrx_word' id='word_1_95' title='bbox 495 1546 604 1601; x_wconf 84' lang='lat' dir='ltr'><strong>tur,</strong></span> <span class='ocrx_word' id='word_1_96' title='bbox 671 1546 729 1592; x_wconf 92' lang='lat' dir='ltr'><strong>et</strong></span> <span class='ocrx_word' id='word_1_97' title='bbox 776 1536 1131 1607; x_wconf 70' lang='lat' dir='ltr'><strong>optatissimaa</strong></span> <span class='ocrx_word' id='word_1_98' title='bbox 1188 1533 1635 1602; x_wconf 68' lang='lat' dir='ltr'><strong>suavissimmque</strong></span> <span class='ocrx_word' id='word_1_99' title='bbox 1684 1532 1928 1588; x_wconf 80' lang='lat' dir='ltr'><strong>libertati</strong></span> <span class='ocrx_word' id='word_1_100' title='bbox 1983 1534 2089 1595; x_wconf 83' lang='lat' dir='ltr'><strong>im-</strong></span> 
     </span>
    </p>
   </div>
   <div class='ocr_carea' id='block_1_17' title="bbox 491 1626 2085 1699">
    <p class='ocr_par' dir='ltr' id='par_1_17' title="bbox 491 1626 2085 1699">
     <span class='ocr_line' id='line_1_17' title="bbox 491 1626 2085 1699; baseline -0.003 -16"><span class='ocrx_word' id='word_1_101' title='bbox 491 1629 687 1684; x_wconf 86' lang='lat' dir='ltr'><strong>mundi</strong></span> <span class='ocrx_word' id='word_1_102' title='bbox 701 1629 912 1683; x_wconf 83' lang='lat' dir='ltr'><strong>ventris</strong></span> <span class='ocrx_word' id='word_1_103' title='bbox 933 1627 1232 1699; x_wconf 79' lang='lat' dir='ltr'><strong>ingluviem</strong></span> <span class='ocrx_word' id='word_1_104' title='bbox 1249 1626 1705 1695; x_wconf 88' lang='lat' dir='ltr'><strong>saturitatemque</strong></span> <span class='ocrx_word' id='word_1_105' title='bbox 1721 1632 2085 1696; x_wconf 86' lang='lat' dir='ltr'><strong>anteponunt.</strong></span> 
     </span>
    </p>
   </div>
   <div class='ocr_carea' id='block_1_18' title="bbox 496 1715 2083 1788">
    <p class='ocr_par' dir='ltr' id='par_1_18' title="bbox 496 1715 2083 1788">
     <span class='ocr_line' id='line_1_18' title="bbox 496 1715 2083 1788; baseline -0.003 -15"><span class='ocrx_word' id='word_1_106' title='bbox 496 1719 621 1773; x_wconf 67' lang='lat' dir='ltr'><strong>Hinc</strong></span> <span class='ocrx_word' id='word_1_107' title='bbox 647 1719 831 1788; x_wconf 87' lang='lat' dir='ltr'><strong>itaque</strong></span> <span class='ocrx_word' id='word_1_108' title='bbox 852 1733 942 1772; x_wconf 90' lang='lat' dir='ltr'><strong>res</strong></span> <span class='ocrx_word' id='word_1_109' title='bbox 961 1717 1122 1771; x_wconf 80' lang='lat' dir='ltr'><strong>valde</strong></span> <span class='ocrx_word' id='word_1_110' title='bbox 1158 1716 1418 1770; x_wconf 87' lang='lat' dir='ltr'><strong>turbabat</strong></span> <span class='ocrx_word' id='word_1_111' title='bbox 1441 1715 1825 1781; x_wconf 90' lang='lat' dir='ltr'><strong>mediatorem,</strong></span> <span class='ocrx_word' id='word_1_112' title='bbox 1852 1717 1957 1771; x_wconf 89' lang='lat' dir='ltr'><strong>hoc</strong></span> <span class='ocrx_word' id='word_1_113' title='bbox 1979 1725 2083 1781; x_wconf 89' lang='lat' dir='ltr'><strong>est,</strong></span> 
     </span>
    </p>
   </div>
   <div class='ocr_carea' id='block_1_19' title="bbox 491 1800 2083 1887">
    <p class='ocr_par' dir='ltr' id='par_1_19' title="bbox 491 1800 2083 1887">
     <span class='ocr_line' id='line_1_19' title="bbox 491 1800 2083 1887; baseline -0.001 -23"><span class='ocrx_word' id='word_1_114' title='bbox 491 1807 697 1864; x_wconf 74' lang='lat' dir='ltr'><strong>Mosen.</strong></span> <span class='ocrx_word' id='word_1_115' title='bbox 730 1808 835 1864; x_wconf 85' lang='lat' dir='ltr'><strong>Sed</strong></span> <span class='ocrx_word' id='word_1_116' title='bbox 861 1810 1008 1863; x_wconf 91' lang='lat' dir='ltr'><strong>Deus</strong></span> <span class='ocrx_word' id='word_1_117' title='bbox 1033 1807 1308 1879; x_wconf 88' lang='lat' dir='ltr'><strong>promittit</strong></span> <span class='ocrx_word' id='word_1_118' title='bbox 1328 1823 1385 1862; x_wconf 91' lang='lat' dir='ltr'><strong>se</strong></span> <span class='ocrx_word' id='word_1_119' title='bbox 1407 1807 1557 1863; x_wconf 91' lang='lat' dir='ltr'><strong>illico</strong></span> <span class='ocrx_word' id='word_1_120' title='bbox 1585 1800 1801 1876; x_wconf 89' lang='lat' dir='ltr'><strong>copiam</strong></span> <span class='ocrx_word' id='word_1_121' title='bbox 1829 1807 2083 1887; x_wconf 56' lang='lat' dir='ltr'><strong>ciborum</strong></span> 
     </span>
    </p>
   </div>
   <div class='ocr_carea' id='block_1_20' title="bbox 492 1899 2085 1971">
    <p class='ocr_par' dir='ltr' id='par_1_20' title="bbox 492 1899 2085 1971">
     <span class='ocr_line' id='line_1_20' title="bbox 492 1899 2085 1971; baseline 0.001 -17"><span class='ocrx_word' id='word_1_122' title='bbox 492 1899 626 1971; x_wconf 82' lang='lat' dir='ltr'><strong>ipsis</strong></span> <span class='ocrx_word' id='word_1_123' title='bbox 678 1899 1183 1970; x_wconf 85' lang='lat' dir='ltr'><strong>suppeditaturum,</strong></span> <span class='ocrx_word' id='word_1_124' title='bbox 1226 1914 1406 1969; x_wconf 90' lang='lat' dir='ltr'><strong>neque</strong></span> <span class='ocrx_word' id='word_1_125' title='bbox 1454 1914 1650 1969; x_wconf 90' lang='lat' dir='ltr'><strong>parum</strong></span> <span class='ocrx_word' id='word_1_126' title='bbox 1683 1899 1921 1970; x_wconf 82' lang='lat' dir='ltr'><strong>benigne</strong></span> <span class='ocrx_word' id='word_1_127' title='bbox 1963 1915 2085 1956; x_wconf 90' lang='lat' dir='ltr'><strong>sese</strong></span> 
     </span>
    </p>
   </div>
   <div class='ocr_carea' id='block_1_21' title="bbox 492 1990 2084 2061">
    <p class='ocr_par' dir='ltr' id='par_1_21' title="bbox 492 1990 2084 2061">
     <span class='ocr_line' id='line_1_21' title="bbox 492 1990 2084 2061; baseline 0.003 -18"><span class='ocrx_word' id='word_1_128' title='bbox 492 1990 793 2045; x_wconf 83' lang='lat' dir='ltr'><strong>rebellibus</strong></span> <span class='ocrx_word' id='word_1_129' title='bbox 821 1991 1002 2046; x_wconf 79' lang='lat' dir='ltr'><strong>oll‘ert.</strong></span> <span class='ocrx_word' id='word_1_130' title='bbox 1032 1991 1168 2045; x_wconf 88' lang='lat' dir='ltr'><strong>Nam</strong></span> <span class='ocrx_word' id='word_1_131' title='bbox 1195 1991 1343 2061; x_wconf 91' lang='lat' dir='ltr'><strong>quod</strong></span> <span class='ocrx_word' id='word_1_132' title='bbox 1373 1992 1687 2046; x_wconf 85' lang='lat' dir='ltr'><strong>necessaria</strong></span> <span class='ocrx_word' id='word_1_133' title='bbox 1720 1991 1788 2046; x_wconf 89' lang='lat' dir='ltr'><strong>ad</strong></span> <span class='ocrx_word' id='word_1_134' title='bbox 1809 1992 1935 2047; x_wconf 75' lang='lat' dir='ltr'><strong>vita:</strong></span> <span class='ocrx_word' id='word_1_135' title='bbox 1959 2008 2084 2047; x_wconf 90' lang='lat' dir='ltr'><strong>sus-</strong></span> 
     </span>
    </p>
   </div>
   <div class='ocr_carea' id='block_1_22' title="bbox 493 2081 2080 2153">
    <p class='ocr_par' dir='ltr' id='par_1_22' title="bbox 493 2081 2080 2153">
     <span class='ocr_line' id='line_1_22' title="bbox 493 2081 2080 2153; baseline 0.002 -18"><span class='ocrx_word' id='word_1_136' title='bbox 493 2082 852 2139; x_wconf 89' lang='lat' dir='ltr'><strong>tentationem</strong></span> <span class='ocrx_word' id='word_1_137' title='bbox 891 2082 961 2138; x_wconf 92' lang='lat' dir='ltr'><strong>ab</strong></span> <span class='ocrx_word' id='word_1_138' title='bbox 990 2083 1109 2152; x_wconf 90' lang='lat' dir='ltr'><strong>ipso</strong></span> <span class='ocrx_word' id='word_1_139' title='bbox 1147 2082 1391 2153; x_wconf 78' lang='lat' dir='ltr'><strong>exigant,</strong></span> <span class='ocrx_word' id='word_1_140' title='bbox 1420 2081 1854 2153; x_wconf 80' lang='lat' dir='ltr'><strong>reprehensione</strong></span> <span class='ocrx_word' id='word_1_141' title='bbox 1884 2093 2042 2138; x_wconf 82' lang='lat' dir='ltr'><strong>vacat</strong></span> <span class='ocrx_word' id='word_1_142' title='bbox 2067 2102 2080 2137; x_wconf 86' lang='lat'><strong>:</strong></span> 
     </span>
    </p>
   </div>
   <div class='ocr_carea' id='block_1_23' title="bbox 489 2170 2084 2230">
    <p class='ocr_par' dir='ltr' id='par_1_23' title="bbox 489 2170 2084 2230">
     <span class='ocr_line' id='line_1_23' title="bbox 489 2170 2084 2230; baseline 0.001 -2"><span class='ocrx_word' id='word_1_143' title='bbox 489 2175 1005 2229; x_wconf 88' lang='lat' dir='ltr'><strong>obmurmuratione</strong></span> <span class='ocrx_word' id='word_1_144' title='bbox 1056 2189 1193 2229; x_wconf 86' lang='lat' dir='ltr'><strong>vero</strong></span> <span class='ocrx_word' id='word_1_145' title='bbox 1246 2173 1571 2229; x_wconf 82' lang='lat' dir='ltr'><strong>oﬂ‘enditur.</strong></span> <span class='ocrx_word' id='word_1_146' title='bbox 1614 2170 1789 2230; x_wconf 81' lang='lat' dir='ltr'><strong>Porro</strong></span> <span class='ocrx_word' id='word_1_147' title='bbox 1835 2174 2084 2229; x_wconf 80' lang='lat' dir='ltr'><strong>Salvator</strong></span> 
     </span>
    </p>
   </div>
   <div class='ocr_carea' id='block_1_24' title="bbox 491 2266 2084 2337">
    <p class='ocr_par' dir='ltr' id='par_1_24' title="bbox 491 2266 2084 2337">
     <span class='ocr_line' id='line_1_24' title="bbox 491 2266 2084 2337; baseline 0.001 -15"><span class='ocrx_word' id='word_1_148' title='bbox 491 2268 608 2337; x_wconf 89' lang='lat' dir='ltr'><strong>ipse</strong></span> <span class='ocrx_word' id='word_1_149' title='bbox 642 2266 698 2321; x_wconf 93' lang='lat' dir='ltr'><strong>in</strong></span> <span class='ocrx_word' id='word_1_150' title='bbox 724 2267 1069 2322; x_wconf 87' lang='lat' dir='ltr'><strong>orationibus</strong></span> <span class='ocrx_word' id='word_1_151' title='bbox 1107 2280 1209 2322; x_wconf 91' lang='lat' dir='ltr'><strong>nos</strong></span> <span class='ocrx_word' id='word_1_152' title='bbox 1234 2267 1423 2322; x_wconf 92' lang='lat' dir='ltr'><strong>docuit</strong></span> <span class='ocrx_word' id='word_1_153' title='bbox 1456 2266 1640 2321; x_wconf 86' lang='lat' dir='ltr'><strong>dicere</strong></span> <span class='ocrx_word' id='word_1_154' title='bbox 1668 2284 1679 2320; x_wconf 92' lang='lat'>:</span> <span class='ocrx_word' id='word_1_155' title='bbox 1709 2288 1724 2317; x_wconf 78' lang='grc' dir='ltr'><strong>ι</strong></span> <span class='ocrx_word' id='word_1_156' title='bbox 1753 2268 1955 2323; x_wconf 89' lang='lat' dir='ltr'><strong>Panem</strong></span> <span class='ocrx_word' id='word_1_157' title='bbox 1981 2285 2084 2324; x_wconf 92' lang='lat' dir='ltr'><strong>no-</strong></span> 
     </span>
    </p>
   </div>
   <div class='ocr_carea' id='block_1_25' title="bbox 490 2346 2087 2432">
    <p class='ocr_par' dir='ltr' id='par_1_25' title="bbox 490 2346 2087 2432">
     <span class='ocr_line' id='line_1_25' title="bbox 490 2346 2087 2432; baseline 0.001 -18"><span class='ocrx_word' id='word_1_158' title='bbox 490 2366 667 2414; x_wconf 88' lang='lat' dir='ltr'><strong>strum</strong></span> <span class='ocrx_word' id='word_1_159' title='bbox 698 2346 1083 2429; x_wconf 83' lang='lat' dir='ltr'><strong>quotidianum</strong></span> <span class='ocrx_word' id='word_1_160' title='bbox 1112 2359 1181 2415; x_wconf 90' lang='lat' dir='ltr'><strong>da</strong></span> <span class='ocrx_word' id='word_1_161' title='bbox 1220 2359 1381 2415; x_wconf 87' lang='lat' dir='ltr'><strong>nobis</strong></span> <span class='ocrx_word' id='word_1_162' title='bbox 1420 2359 1585 2415; x_wconf 88' lang='lat' dir='ltr'><strong>hodie</strong></span> <span class='ocrx_word' id='word_1_163' title='bbox 1624 2361 1691 2413; x_wconf 81' lang='grc'><strong>⁷³.</strong></span> <span class='ocrx_word' id='word_1_164' title='bbox 1726 2380 1743 2412; x_wconf 79' lang='grc' dir='ltr'><strong>ι</strong></span> <span class='ocrx_word' id='word_1_165' title='bbox 1783 2360 1940 2427; x_wconf 85' lang='lat' dir='ltr'><strong>Quod</strong></span> <span class='ocrx_word' id='word_1_166' title='bbox 1963 2363 2087 2432; x_wconf 90' lang='lat' dir='ltr'><strong>qui-</strong></span> 
     </span>
    </p>
   </div>
   <div class='ocr_carea' id='block_1_26' title="bbox 489 2442 2083 2517">
    <p class='ocr_par' dir='ltr' id='par_1_26' title="bbox 489 2442 2083 2517">
     <span class='ocr_line' id='line_1_26' title="bbox 489 2442 2083 2517; baseline -0.001 -9"><span class='ocrx_word' id='word_1_167' title='bbox 489 2442 616 2508; x_wconf 74' lang='lat' dir='ltr'><strong>dem</strong></span> <span class='ocrx_word' id='word_1_168' title='bbox 649 2450 900 2508; x_wconf 90' lang='lat' dir='ltr'><strong>dicentes</strong></span> <span class='ocrx_word' id='word_1_169' title='bbox 926 2453 1079 2507; x_wconf 91' lang='lat' dir='ltr'><strong>nullo</strong></span> <span class='ocrx_word' id='word_1_170' title='bbox 1102 2452 1266 2507; x_wconf 90' lang='lat' dir='ltr'><strong>modo</strong></span> <span class='ocrx_word' id='word_1_171' title='bbox 1294 2468 1622 2508; x_wconf 87' lang='lat' dir='ltr'><strong>accusamus</strong></span> <span class='ocrx_word' id='word_1_172' title='bbox 1644 2452 1957 2517; x_wconf 89' lang='lat' dir='ltr'><strong>Dominum,</strong></span> <span class='ocrx_word' id='word_1_173' title='bbox 1988 2453 2083 2507; x_wconf 87' lang='lat' dir='ltr'><strong>sed</strong></span> 
     </span>
    </p>
   </div>
   <div class='ocr_carea' id='block_1_27' title="bbox 486 2543 2084 2615">
    <p class='ocr_par' dir='ltr' id='par_1_27' title="bbox 486 2543 2084 2615">
     <span class='ocr_line' id='line_1_27' title="bbox 486 2543 2084 2615; baseline 0.001 -17"><span class='ocrx_word' id='word_1_174' title='bbox 486 2544 674 2615; x_wconf 72' lang='lat' dir='ltr'><strong>potius</strong></span> <span class='ocrx_word' id='word_1_175' title='bbox 711 2544 780 2599; x_wconf 87' lang='lat' dir='ltr'><strong>ab</strong></span> <span class='ocrx_word' id='word_1_176' title='bbox 817 2545 937 2615; x_wconf 89' lang='lat' dir='ltr'><strong>ipso</strong></span> <span class='ocrx_word' id='word_1_177' title='bbox 973 2545 1211 2615; x_wconf 89' lang='lat' dir='ltr'><strong>petimus</strong></span> <span class='ocrx_word' id='word_1_178' title='bbox 1246 2560 1368 2614; x_wconf 68' lang='lat' dir='ltr'><strong>quae</strong></span> <span class='ocrx_word' id='word_1_179' title='bbox 1407 2543 1478 2598; x_wconf 89' lang='lat' dir='ltr'><strong>ad</strong></span> <span class='ocrx_word' id='word_1_180' title='bbox 1518 2544 1686 2598; x_wconf 82' lang='lat' dir='ltr'><strong>vitam</strong></span> <span class='ocrx_word' id='word_1_181' title='bbox 1722 2553 1851 2599; x_wconf 88' lang='lat' dir='ltr'><strong>sunt</strong></span> <span class='ocrx_word' id='word_1_182' title='bbox 1887 2560 2084 2600; x_wconf 90' lang='lat' dir='ltr'><strong>neces-</strong></span> 
     </span>
    </p>
   </div>
   <div class='ocr_carea' id='block_1_28' title="bbox 490 2633 2084 2705">
    <p class='ocr_par' dir='ltr' id='par_1_28' title="bbox 490 2633 2084 2705">
     <span class='ocr_line' id='line_1_28' title="bbox 490 2633 2084 2705; baseline 0 -16"><span class='ocrx_word' id='word_1_183' title='bbox 490 2633 655 2689; x_wconf 72' lang='lat' dir='ltr'><strong>raria.</strong></span> <span class='ocrx_word' id='word_1_184' title='bbox 678 2634 943 2690; x_wconf 83' lang='lat' dir='ltr'><strong>Judaicus</strong></span> <span class='ocrx_word' id='word_1_185' title='bbox 971 2644 1156 2689; x_wconf 90' lang='lat' dir='ltr'><strong>autem</strong></span> <span class='ocrx_word' id='word_1_186' title='bbox 1188 2635 1448 2704; x_wconf 89' lang='lat' dir='ltr'><strong>populus,</strong></span> <span class='ocrx_word' id='word_1_187' title='bbox 1479 2649 1605 2688; x_wconf 91' lang='lat' dir='ltr'><strong>cum</strong></span> <span class='ocrx_word' id='word_1_188' title='bbox 1630 2634 1858 2689; x_wconf 88' lang='lat' dir='ltr'><strong>deberet</strong></span> <span class='ocrx_word' id='word_1_189' title='bbox 1894 2642 2084 2705; x_wconf 88' lang='lat' dir='ltr'><strong>petere</strong></span> 
     </span>
    </p>
   </div>
   <div class='ocr_carea' id='block_1_29' title="bbox 487 2725 2086 2800">
    <p class='ocr_par' dir='ltr' id='par_1_29' title="bbox 487 2725 2086 2800">
     <span class='ocr_line' id='line_1_29' title="bbox 487 2725 2086 2800; baseline 0.003 -19"><span class='ocrx_word' id='word_1_190' title='bbox 487 2725 695 2792; x_wconf 78' lang='lat' dir='ltr'><strong>cibum,</strong></span> <span class='ocrx_word' id='word_1_191' title='bbox 725 2728 870 2797; x_wconf 90' lang='lat' dir='ltr'><strong>quod</strong></span> <span class='ocrx_word' id='word_1_192' title='bbox 900 2728 1168 2783; x_wconf 87' lang='lat' dir='ltr'><strong>liberatus</strong></span> <span class='ocrx_word' id='word_1_193' title='bbox 1207 2729 1280 2783; x_wconf 88' lang='lat' dir='ltr'><strong>sit</strong></span> <span class='ocrx_word' id='word_1_194' title='bbox 1317 2728 1714 2795; x_wconf 85' lang='lat' dir='ltr'><strong>stomachatur,</strong></span> <span class='ocrx_word' id='word_1_195' title='bbox 1743 2740 1907 2800; x_wconf 88' lang='lat' dir='ltr'><strong>atque</strong></span> <span class='ocrx_word' id='word_1_196' title='bbox 1943 2730 2086 2785; x_wconf 89' lang='lat' dir='ltr'><strong>hanc</strong></span> 
     </span>
    </p>
   </div>
   <div class='ocr_carea' id='block_1_30' title="bbox 486 2818 2085 2890">
    <p class='ocr_par' dir='ltr' id='par_1_30' title="bbox 486 2818 2085 2890">
     <span class='ocr_line' id='line_1_30' title="bbox 486 2818 2085 2890; baseline 0.004 -19"><span class='ocrx_word' id='word_1_197' title='bbox 486 2831 599 2871; x_wconf 75' lang='lat' dir='ltr'><strong>tam</strong></span> <span class='ocrx_word' id='word_1_198' title='bbox 668 2819 966 2888; x_wconf 88' lang='lat' dir='ltr'><strong>pretiosam</strong></span> <span class='ocrx_word' id='word_1_199' title='bbox 1012 2826 1070 2874; x_wconf 90' lang='lat' dir='ltr'><strong>et</strong></span> <span class='ocrx_word' id='word_1_200' title='bbox 1110 2818 1414 2890; x_wconf 83' lang='lat' dir='ltr'><strong>optabilem</strong></span> <span class='ocrx_word' id='word_1_201' title='bbox 1469 2820 1704 2889; x_wconf 79' lang='lat' dir='ltr'><strong>gratiam</strong></span> <span class='ocrx_word' id='word_1_202' title='bbox 1764 2821 2085 2877; x_wconf 83' lang='lat' dir='ltr'><strong>stultissime</strong></span> 
     </span>
    </p>
   </div>
   <div class='ocr_carea' id='block_1_31' title="bbox 483 2908 2085 2982">
    <p class='ocr_par' dir='ltr' id='par_1_31' title="bbox 483 2908 2085 2982">
     <span class='ocr_line' id='line_1_31' title="bbox 483 2908 2085 2982; baseline 0.002 -17"><span class='ocrx_word' id='word_1_203' title='bbox 483 2908 827 2976; x_wconf 79' lang='lat' dir='ltr'><strong>criminatur,</strong></span> <span class='ocrx_word' id='word_1_204' title='bbox 860 2919 1118 2982; x_wconf 90' lang='lat' dir='ltr'><strong>tanquam</strong></span> <span class='ocrx_word' id='word_1_205' title='bbox 1142 2926 1262 2967; x_wconf 89' lang='lat' dir='ltr'><strong>eam</strong></span> <span class='ocrx_word' id='word_1_206' title='bbox 1296 2928 1418 2982; x_wconf 73' lang='lat' dir='ltr'><strong>quae</strong></span> <span class='ocrx_word' id='word_1_207' title='bbox 1453 2912 1601 2982; x_wconf 87' lang='lat' dir='ltr'><strong>ipsos</strong></span> <span class='ocrx_word' id='word_1_208' title='bbox 1637 2913 2085 2970; x_wconf 81' lang='lat' dir='ltr'><strong>suavissimarum</strong></span> 
     </span>
    </p>
   </div>
   <div class='ocr_carea' id='block_1_32' title="bbox 486 3002 2086 3076">
    <p class='ocr_par' dir='ltr' id='par_1_32' title="bbox 486 3002 2086 3076">
     <span class='ocr_line' id='line_1_32' title="bbox 486 3002 2086 3076; baseline 0.004 -21"><span class='ocrx_word' id='word_1_209' title='bbox 486 3014 696 3069; x_wconf 79' lang='lat' dir='ltr'><strong>rerum,</strong></span> <span class='ocrx_word' id='word_1_210' title='bbox 718 3002 966 3057; x_wconf 86' lang='lat' dir='ltr'><strong>carnium</strong></span> <span class='ocrx_word' id='word_1_211' title='bbox 985 3003 1247 3065; x_wconf 86' lang='lat' dir='ltr'><strong>nimirum</strong></span> <span class='ocrx_word' id='word_1_212' title='bbox 1264 3018 1327 3057; x_wconf 88' lang='lat' dir='ltr'><strong>ac</strong></span> <span class='ocrx_word' id='word_1_213' title='bbox 1343 3007 1518 3073; x_wconf 90' lang='lat' dir='ltr'><strong>panis,</strong></span> <span class='ocrx_word' id='word_1_214' title='bbox 1538 3019 1639 3059; x_wconf 91' lang='lat' dir='ltr'><strong>usu</strong></span> <span class='ocrx_word' id='word_1_215' title='bbox 1662 3006 1908 3076; x_wconf 83' lang='lat' dir='ltr'><strong>privarit.</strong></span> <span class='ocrx_word' id='word_1_216' title='bbox 1934 3008 2086 3074; x_wconf 84' lang='lat' dir='ltr'><strong>Quo-</strong></span> 
     </span>
    </p>
   </div>
   <div class='ocr_carea' id='block_1_33' title="bbox 484 3087 2084 3168">
    <p class='ocr_par' dir='ltr' id='par_1_33' title="bbox 484 3087 2084 3168">
     <span class='ocr_line' id='line_1_33' title="bbox 484 3087 2084 3168; baseline 0.004 -24"><span class='ocrx_word' id='word_1_217' title='bbox 484 3087 630 3144; x_wconf 87' lang='lat' dir='ltr'><strong>circa</strong></span> <span class='ocrx_word' id='word_1_218' title='bbox 661 3098 1031 3155; x_wconf 87' lang='lat' dir='ltr'><strong>murmurant,</strong></span> <span class='ocrx_word' id='word_1_219' title='bbox 1066 3091 1346 3162; x_wconf 86' lang='lat' dir='ltr'><strong>impieque</strong></span> <span class='ocrx_word' id='word_1_220' title='bbox 1372 3093 1485 3147; x_wconf 89' lang='lat' dir='ltr'><strong>Deo</strong></span> <span class='ocrx_word' id='word_1_221' title='bbox 1502 3094 1899 3165; x_wconf 88' lang='lat' dir='ltr'><strong>obloquuntur.</strong></span> <span class='ocrx_word' id='word_1_222' title='bbox 1920 3098 2084 3168; x_wconf 77' lang='lat'><strong>287</strong></span> 
     </span>
    </p>
   </div>
   <div class='ocr_carea' id='block_1_34' title="bbox 2195 612 3777 685">
    <p class='ocr_par' dir='ltr' id='par_1_34' title="bbox 2195 612 3777 685">
     <span class='ocr_line' id='line_1_34' title="bbox 2195 612 3777 685; baseline 0.003 -21"><span class='ocrx_word' id='word_1_223' title='bbox 2195 613 2397 676; x_wconf 82' lang='grc' dir='ltr'><strong>τοίνυν,</strong></span> <span class='ocrx_word' id='word_1_224' title='bbox 2421 612 2481 665; x_wconf 76' lang='grc' dir='ltr'>οὐ</span> <span class='ocrx_word' id='word_1_225' title='bbox 2508 614 2703 685; x_wconf 81' lang='grc' dir='ltr'>κομιδῇ</span> <span class='ocrx_word' id='word_1_226' title='bbox 2738 614 2847 667; x_wconf 80' lang='grc' dir='ltr'>τῶν</span> <span class='ocrx_word' id='word_1_227' title='bbox 2880 617 2960 678; x_wconf 84' lang='grc' dir='ltr'><strong>εἰς</strong></span> <span class='ocrx_word' id='word_1_228' title='bbox 2990 614 3304 685; x_wconf 81' lang='grc' dir='ltr'><strong>ἀποδημίαν</strong></span> <span class='ocrx_word' id='word_1_229' title='bbox 3331 616 3777 685; x_wconf 78' lang='grc' dir='ltr'><strong>πεφροντικότες,</strong></span> 
     </span>
    </p>
   </div>
   <div class='ocr_carea' id='block_1_35' title="bbox 2196 705 3779 778">
    <p class='ocr_par' dir='ltr' id='par_1_35' title="bbox 2196 705 3779 778">
     <span class='ocr_line' id='line_1_35' title="bbox 2196 705 3779 778; baseline 0.003 -21"><span class='ocrx_word' id='word_1_230' title='bbox 2196 706 2291 758; x_wconf 80' lang='grc' dir='ltr'>καὶ</span> <span class='ocrx_word' id='word_1_231' title='bbox 2320 705 2386 758; x_wconf 65' lang='grc' dir='ltr'><strong>τὰ</strong></span> <span class='ocrx_word' id='word_1_232' title='bbox 2417 706 2475 758; x_wconf 85' lang='grc' dir='ltr'><strong>ἐν</strong></span> <span class='ocrx_word' id='word_1_233' title='bbox 2506 708 2665 777; x_wconf 75' lang='grc' dir='ltr'>χερσὶ</span> <span class='ocrx_word' id='word_1_234' title='bbox 2701 707 2856 777; x_wconf 84' lang='grc' dir='ltr'>μόλις</span> <span class='ocrx_word' id='word_1_235' title='bbox 2883 707 3254 778; x_wconf 87' lang='grc' dir='ltr'>ἁρπάσαντες,</span> <span class='ocrx_word' id='word_1_236' title='bbox 3288 709 3576 778; x_wconf 78' lang='grc' dir='ltr'><strong>μονονουχὶ</strong></span> <span class='ocrx_word' id='word_1_237' title='bbox 3599 708 3655 761; x_wconf 75' lang='grc' dir='ltr'><strong>δέ</strong></span> <span class='ocrx_word' id='word_1_238' title='bbox 3678 709 3779 762; x_wconf 83' lang='grc' dir='ltr'>τῶν</span> 
     </span>
    </p>
   </div>
   <div class='ocr_carea' id='block_1_36' title="bbox 2194 798 3773 872">
    <p class='ocr_par' dir='ltr' id='par_1_36' title="bbox 2194 798 3773 872">
     <span class='ocr_line' id='line_1_36' title="bbox 2194 798 3773 872; baseline 0.003 -22"><span class='ocrx_word' id='word_1_239' title='bbox 2194 798 2332 850; x_wconf 70' lang='grc' dir='ltr'>οἶκοι</span> <span class='ocrx_word' id='word_1_240' title='bbox 2363 798 2629 868; x_wconf 82' lang='grc' dir='ltr'><strong>κειμένων</strong></span> <span class='ocrx_word' id='word_1_241' title='bbox 2657 799 2987 868; x_wconf 79' lang='grc' dir='ltr'><strong>κεκλοφότες</strong></span> <span class='ocrx_word' id='word_1_242' title='bbox 3013 799 3328 867; x_wconf 76' lang='grc' dir='ltr'><strong>ἀναγκαίως</strong></span> <span class='ocrx_word' id='word_1_243' title='bbox 3344 799 3412 853; x_wconf 80' lang='grc' dir='ltr'><strong>τὰ</strong></span> <span class='ocrx_word' id='word_1_244' title='bbox 3428 799 3552 853; x_wconf 75' lang='grc' dir='ltr'>λίαν</span> <span class='ocrx_word' id='word_1_245' title='bbox 3573 801 3773 872; x_wconf 67' lang='grc' dir='ltr'>εὐπάρ-</span> 
     </span>
    </p>
   </div>
   <div class='ocr_carea' id='block_1_37' title="bbox 2194 886 3779 963">
    <p class='ocr_par' dir='ltr' id='par_1_37' title="bbox 2194 886 3779 963">
     <span class='ocr_line' id='line_1_37' title="bbox 2194 886 3779 963; baseline 0.001 -20"><span class='ocrx_word' id='word_1_246' title='bbox 2194 907 2373 952; x_wconf 85' lang='grc' dir='ltr'>οιστα,</span> <span class='ocrx_word' id='word_1_247' title='bbox 2420 889 2456 944; x_wconf 78' lang='grc' dir='ltr'><strong>ἀ</strong></span> <span class='ocrx_word' id='word_1_248' title='bbox 2499 890 2565 959; x_wconf 79' lang='grc' dir='ltr'>δὴ</span> <span class='ocrx_word' id='word_1_249' title='bbox 2595 891 2691 944; x_wconf 77' lang='grc' dir='ltr'>καὶ</span> <span class='ocrx_word' id='word_1_250' title='bbox 2710 891 3151 963; x_wconf 80' lang='grc' dir='ltr'>κατεδηδοκότες,</span> <span class='ocrx_word' id='word_1_251' title='bbox 3183 886 3304 945; x_wconf 83' lang='grc' dir='ltr'>εἶτα</span> <span class='ocrx_word' id='word_1_252' title='bbox 3324 891 3490 946; x_wconf 85' lang='grc' dir='ltr'>πόθεν</span> <span class='ocrx_word' id='word_1_253' title='bbox 3515 892 3582 945; x_wconf 83' lang='grc' dir='ltr'><strong>ἄν</strong></span> <span class='ocrx_word' id='word_1_254' title='bbox 3607 890 3779 957; x_wconf 74' lang='grc' dir='ltr'>αὐτοῖς</span> 
     </span>
    </p>
   </div>
   <div class='ocr_carea' id='block_1_38' title="bbox 2193 981 3775 1054">
    <p class='ocr_par' dir='ltr' id='par_1_38' title="bbox 2193 981 3775 1054">
     <span class='ocr_line' id='line_1_38' title="bbox 2193 981 3775 1054; baseline -0.01 -6"><span class='ocrx_word' id='word_1_255' title='bbox 2193 985 2253 1036; x_wconf 73' lang='grc' dir='ltr'>ὲν</span> <span class='ocrx_word' id='word_1_256' title='bbox 2297 982 2490 1053; x_wconf 73' lang='grc' dir='ltr'>ἐρήμῳ</span> <span class='ocrx_word' id='word_1_257' title='bbox 2535 982 2605 1035; x_wconf 74' lang='grc' dir='ltr'>τὰ</span> <span class='ocrx_word' id='word_1_258' title='bbox 2654 981 2878 1053; x_wconf 76' lang='grc' dir='ltr'>ζωαρκῆ</span> <span class='ocrx_word' id='word_1_259' title='bbox 2928 983 3314 1054; x_wconf 79' lang='grc' dir='ltr'>προσγένοιντο</span> <span class='ocrx_word' id='word_1_260' title='bbox 3361 981 3775 1054; x_wconf 78' lang='grc' dir='ltr'>διηπορηκότες,</span> 
     </span>
    </p>
   </div>
   <div class='ocr_carea' id='block_1_39' title="bbox 2194 1072 3774 1146">
    <p class='ocr_par' dir='ltr' id='par_1_39' title="bbox 2194 1072 3774 1146">
     <span class='ocr_line' id='line_1_39' title="bbox 2194 1072 3774 1146; baseline 0.005 -20"><span class='ocrx_word' id='word_1_261' title='bbox 2194 1072 2526 1127; x_wconf 82' lang='grc' dir='ltr'>κατώλισθον</span> <span class='ocrx_word' id='word_1_262' title='bbox 2566 1074 2648 1138; x_wconf 84' lang='grc' dir='ltr'><strong>είς</strong></span> <span class='ocrx_word' id='word_1_263' title='bbox 2686 1073 2984 1146; x_wconf 76' lang='grc' dir='ltr'><strong>ἐπιθυμίαν</strong></span> <span class='ocrx_word' id='word_1_264' title='bbox 3017 1077 3115 1146; x_wconf 85' lang='grc' dir='ltr'>τῆς</span> <span class='ocrx_word' id='word_1_265' title='bbox 3151 1076 3209 1129; x_wconf 86' lang='grc' dir='ltr'><strong>ἐν</strong></span> <span class='ocrx_word' id='word_1_266' title='bbox 3243 1073 3512 1145; x_wconf 77' lang='grc' dir='ltr'>Αἰγύπτῳ</span> <span class='ocrx_word' id='word_1_267' title='bbox 3556 1076 3774 1145; x_wconf 67' lang='grc' dir='ltr'>τροφῆς.</span> 
     </span>
    </p>
   </div>
   <div class='ocr_carea' id='block_1_40' title="bbox 2193 1165 3776 1238">
    <p class='ocr_par' dir='ltr' id='par_1_40' title="bbox 2193 1165 3776 1238">
     <span class='ocr_line' id='line_1_40' title="bbox 2193 1165 3776 1238; baseline -0.001 -19"><span class='ocrx_word' id='word_1_268' title='bbox 2193 1168 2288 1220; x_wconf 73' lang='grc' dir='ltr'>καὶ</span> <span class='ocrx_word' id='word_1_269' title='bbox 2315 1166 2397 1220; x_wconf 84' lang='grc' dir='ltr'>ὅτι</span> <span class='ocrx_word' id='word_1_270' title='bbox 2425 1166 2527 1236; x_wconf 87' lang='grc' dir='ltr'>μὲν</span> <span class='ocrx_word' id='word_1_271' title='bbox 2549 1166 2658 1219; x_wconf 85' lang='grc' dir='ltr'><strong>τῶν</strong></span> <span class='ocrx_word' id='word_1_272' title='bbox 2682 1167 2928 1238; x_wconf 80' lang='grc' dir='ltr'><strong>ἐσχάτων</strong></span> <span class='ocrx_word' id='word_1_273' title='bbox 2950 1165 3206 1238; x_wconf 72' lang='grc' dir='ltr'>ἐξῄροντο</span> <span class='ocrx_word' id='word_1_274' title='bbox 3232 1167 3452 1221; x_wconf 87' lang='grc' dir='ltr'>πάντων</span> <span class='ocrx_word' id='word_1_275' title='bbox 3488 1166 3582 1219; x_wconf 77' lang='grc' dir='ltr'>καὶ</span> <span class='ocrx_word' id='word_1_276' title='bbox 3604 1166 3698 1235; x_wconf 80' lang='grc' dir='ltr'>τῆς</span> <span class='ocrx_word' id='word_1_277' title='bbox 3725 1169 3776 1218; x_wconf 78' lang='grc' dir='ltr'><strong>ἐν</strong></span> 
     </span>
    </p>
   </div>
   <div class='ocr_carea' id='block_1_41' title="bbox 2191 1256 3775 1329">
    <p class='ocr_par' dir='ltr' id='par_1_41' title="bbox 2191 1256 3775 1329">
     <span class='ocr_line' id='line_1_41' title="bbox 2191 1256 3775 1329; baseline -0.001 -18"><span class='ocrx_word' id='word_1_278' title='bbox 2191 1257 2456 1329; x_wconf 80' lang='grc' dir='ltr'>Αἰγύπτῳ</span> <span class='ocrx_word' id='word_1_279' title='bbox 2502 1257 2769 1321; x_wconf 75' lang='grc' dir='ltr'><strong>δουλείας,</strong></span> <span class='ocrx_word' id='word_1_280' title='bbox 2798 1257 3284 1325; x_wconf 77' lang='grc' dir='ltr'>ἐπιλανθάνονται,</span> <span class='ocrx_word' id='word_1_281' title='bbox 3319 1257 3417 1312; x_wconf 77' lang='grc' dir='ltr'>καὶ</span> <span class='ocrx_word' id='word_1_282' title='bbox 3462 1256 3624 1311; x_wconf 71' lang='grc' dir='ltr'>οἱονεί</span> <span class='ocrx_word' id='word_1_283' title='bbox 3670 1273 3775 1320; x_wconf 86' lang='grc' dir='ltr'><strong>πως</strong></span> 
     </span>
    </p>
   </div>
   <div class='ocr_carea' id='block_1_42' title="bbox 2192 1344 3775 1417">
    <p class='ocr_par' dir='ltr' id='par_1_42' title="bbox 2192 1344 3775 1417">
     <span class='ocr_line' id='line_1_42' title="bbox 2192 1344 3775 1417; baseline 0.001 -18"><span class='ocrx_word' id='word_1_284' title='bbox 2192 1347 2645 1417; x_wconf 85' lang='grc' dir='ltr'>κατακεκράγασι</span> <span class='ocrx_word' id='word_1_285' title='bbox 2693 1345 2793 1417; x_wconf 83' lang='grc' dir='ltr'>τῆς</span> <span class='ocrx_word' id='word_1_286' title='bbox 2836 1347 3191 1417; x_wconf 73' lang='grc' dir='ltr'>ἐπικουρίαςι</span> <span class='ocrx_word' id='word_1_287' title='bbox 3229 1347 3325 1400; x_wconf 71' lang='grc' dir='ltr'>καὶ</span> <span class='ocrx_word' id='word_1_288' title='bbox 3371 1347 3455 1400; x_wconf 78' lang='grc' dir='ltr'>ὅτι</span> <span class='ocrx_word' id='word_1_289' title='bbox 3489 1344 3775 1416; x_wconf 81' lang='grc' dir='ltr'>λελύτρων-</span> 
     </span>
    </p>
   </div>
   <div class='ocr_carea' id='block_1_43' title="bbox 2190 1438 3775 1511">
    <p class='ocr_par' dir='ltr' id='par_1_43' title="bbox 2190 1438 3775 1511">
     <span class='ocr_line' id='line_1_43' title="bbox 2190 1438 3775 1511; baseline -0.001 -20"><span class='ocrx_word' id='word_1_290' title='bbox 2190 1456 2300 1504; x_wconf 81' lang='grc' dir='ltr'>ται,</span> <span class='ocrx_word' id='word_1_291' title='bbox 2332 1439 2719 1509; x_wconf 75' lang='grc' dir='ltr'>χαλεπαίνουσι</span> <span class='ocrx_word' id='word_1_292' title='bbox 2741 1478 2755 1504; x_wconf 92' lang='grc'><strong>,</strong></span> <span class='ocrx_word' id='word_1_293' title='bbox 2804 1441 2895 1493; x_wconf 56' lang='grc' dir='ltr'><strong>κοιλ⁵</strong></span> <span class='ocrx_word' id='word_1_294' title='bbox 2921 1440 3021 1510; x_wconf 83' lang='grc' dir='ltr'>τῆς</span> <span class='ocrx_word' id='word_1_295' title='bbox 3052 1438 3386 1511; x_wconf 76' lang='grc' dir='ltr'>τριποθήτου</span> <span class='ocrx_word' id='word_1_296' title='bbox 3418 1440 3514 1492; x_wconf 72' lang='grc' dir='ltr'>καὶ</span> <span class='ocrx_word' id='word_1_297' title='bbox 3544 1438 3775 1490; x_wconf 77' lang='grc' dir='ltr'>εὐκταιο-</span> 
     </span>
    </p>
   </div>
   <div class='ocr_carea' id='block_1_44' title="bbox 2189 1529 3771 1603">
    <p class='ocr_par' dir='ltr' id='par_1_44' title="bbox 2189 1529 3771 1603">
     <span class='ocr_line' id='line_1_44' title="bbox 2189 1529 3771 1603; baseline -0.001 -19"><span class='ocrx_word' id='word_1_298' title='bbox 2189 1532 2358 1603; x_wconf 77' lang='grc' dir='ltr'>τάτης</span> <span class='ocrx_word' id='word_1_299' title='bbox 2404 1530 2605 1585; x_wconf 74' lang='grc' dir='ltr'>ἅπασιν</span> <span class='ocrx_word' id='word_1_300' title='bbox 2641 1530 2949 1603; x_wconf 81' lang='grc' dir='ltr'>ἀνθρώποις</span> <span class='ocrx_word' id='word_1_301' title='bbox 2987 1530 3337 1600; x_wconf 84' lang='grc' dir='ltr'>ἐλευθερίας,</span> <span class='ocrx_word' id='word_1_302' title='bbox 3372 1529 3612 1601; x_wconf 79' lang='grc' dir='ltr'>γαστρὸς</span> <span class='ocrx_word' id='word_1_303' title='bbox 3641 1531 3771 1583; x_wconf 80' lang='grc' dir='ltr'>ἀκα-</span> 
     </span>
    </p>
   </div>
   <div class='ocr_carea' id='block_1_45' title="bbox 2191 1620 3770 1695">
    <p class='ocr_par' dir='ltr' id='par_1_45' title="bbox 2191 1620 3770 1695">
     <span class='ocr_line' id='line_1_45' title="bbox 2191 1620 3770 1695; baseline -0.003 -18"><span class='ocrx_word' id='word_1_304' title='bbox 2191 1623 2390 1695; x_wconf 84' lang='grc' dir='ltr'>θάρτου</span> <span class='ocrx_word' id='word_1_305' title='bbox 2416 1623 2781 1695; x_wconf 88' lang='grc' dir='ltr'>προτάττουσι</span> <span class='ocrx_word' id='word_1_306' title='bbox 2805 1622 2986 1694; x_wconf 89' lang='grc' dir='ltr'>κόρον.</span> <span class='ocrx_word' id='word_1_307' title='bbox 3014 1623 3125 1676; x_wconf 79' lang='grc' dir='ltr'><strong>Καὶ</strong></span> <span class='ocrx_word' id='word_1_308' title='bbox 3145 1622 3371 1694; x_wconf 74' lang='grc' dir='ltr'>θορυϐεῖ</span> <span class='ocrx_word' id='word_1_309' title='bbox 3390 1621 3495 1692; x_wconf 82' lang='grc' dir='ltr'>μὲν</span> <span class='ocrx_word' id='word_1_310' title='bbox 3516 1620 3576 1673; x_wconf 85' lang='grc' dir='ltr'><strong>τὸ</strong></span> <span class='ocrx_word' id='word_1_311' title='bbox 3597 1620 3770 1691; x_wconf 73' lang='grc' dir='ltr'>χρῆμα</span> 
     </span>
    </p>
   </div>
   <div class='ocr_carea' id='block_1_46' title="bbox 2188 1711 3767 1786">
    <p class='ocr_par' dir='ltr' id='par_1_46' title="bbox 2188 1711 3767 1786">
     <span class='ocr_line' id='line_1_46' title="bbox 2188 1711 3767 1786; baseline -0.003 -17"><span class='ocrx_word' id='word_1_312' title='bbox 2188 1717 2279 1769; x_wconf 87' lang='grc' dir='ltr'><strong>τὸν</strong></span> <span class='ocrx_word' id='word_1_313' title='bbox 2319 1714 2702 1786; x_wconf 82' lang='grc' dir='ltr'>μεσιτεύοντα,</span> <span class='ocrx_word' id='word_1_314' title='bbox 2748 1715 2996 1768; x_wconf 80' lang='grc' dir='ltr'><strong>τουτέστι</strong></span> <span class='ocrx_word' id='word_1_315' title='bbox 3043 1715 3303 1770; x_wconf 81' lang='grc' dir='ltr'>Μωῦσέα.</span> <span class='ocrx_word' id='word_1_316' title='bbox 3341 1714 3689 1784; x_wconf 78' lang='grc' dir='ltr'>Χορηγήσειν</span> <span class='ocrx_word' id='word_1_317' title='bbox 3718 1711 3767 1765; x_wconf 77' lang='grc' dir='ltr'>δὲ</span> 
     </span>
    </p>
   </div>
   <div class='ocr_carea' id='block_1_47' title="bbox 2192 1804 3767 1882">
    <p class='ocr_par' dir='ltr' id='par_1_47' title="bbox 2192 1804 3767 1882">
     <span class='ocr_line' id='line_1_47' title="bbox 2192 1804 3767 1882; baseline -0.005 -18"><span class='ocrx_word' id='word_1_318' title='bbox 2192 1811 2535 1882; x_wconf 81' lang='grc' dir='ltr'>παραχρῆμα</span> <span class='ocrx_word' id='word_1_319' title='bbox 2560 1809 2660 1881; x_wconf 74' lang='grc' dir='ltr'>τὴν</span> <span class='ocrx_word' id='word_1_320' title='bbox 2683 1807 2791 1861; x_wconf 84' lang='grc' dir='ltr'>τῶν</span> <span class='ocrx_word' id='word_1_321' title='bbox 2818 1804 3096 1878; x_wconf 76' lang='grc' dir='ltr'><strong>ἐδωδίμων</strong></span> <span class='ocrx_word' id='word_1_322' title='bbox 3123 1805 3387 1876; x_wconf 79' lang='grc' dir='ltr'>ἀφθονίαν</span> <span class='ocrx_word' id='word_1_323' title='bbox 3411 1805 3593 1868; x_wconf 78' lang='grc' dir='ltr'>αὐτοῖς</span> <span class='ocrx_word' id='word_1_324' title='bbox 3614 1806 3767 1870; x_wconf 84' lang='grc' dir='ltr'>ἐπαγ-</span> 
     </span>
    </p>
   </div>
   <div class='ocr_carea' id='block_1_48' title="bbox 2190 1893 3766 1973">
    <p class='ocr_par' dir='ltr' id='par_1_48' title="bbox 2190 1893 3766 1973">
     <span class='ocr_line' id='line_1_48' title="bbox 2190 1893 3766 1973; baseline -0.006 -17"><span class='ocrx_word' id='word_1_325' title='bbox 2190 1902 2437 1973; x_wconf 81' lang='grc' dir='ltr'>γέλλεται</span> <span class='ocrx_word' id='word_1_326' title='bbox 2458 1901 2611 1966; x_wconf 84' lang='grc' dir='ltr'>Θεὸς,</span> <span class='ocrx_word' id='word_1_327' title='bbox 2640 1900 2733 1954; x_wconf 70' lang='grc' dir='ltr'>καὶ</span> <span class='ocrx_word' id='word_1_328' title='bbox 2756 1898 3259 1971; x_wconf 87' lang='grc' dir='ltr'>προσκεκρουκόσιν</span> <span class='ocrx_word' id='word_1_329' title='bbox 3274 1896 3334 1951; x_wconf 85' lang='grc' dir='ltr'>οὐ</span> <span class='ocrx_word' id='word_1_330' title='bbox 3361 1895 3620 1968; x_wconf 77' lang='grc' dir='ltr'>μετρίως,</span> <span class='ocrx_word' id='word_1_331' title='bbox 3643 1893 3766 1965; x_wconf 83' lang='grc' dir='ltr'><strong>ἠμέ-</strong></span> 
     </span>
    </p>
   </div>
   <div class='ocr_carea' id='block_1_49' title="bbox 2190 1976 3765 2069">
    <p class='ocr_par' dir='ltr' id='par_1_49' title="bbox 2190 1976 3765 2069">
     <span class='ocr_line' id='line_1_49' title="bbox 2190 1976 3765 2069; baseline -0.006 -19"><span class='ocrx_word' id='word_1_332' title='bbox 2190 2015 2298 2067; x_wconf 90' lang='grc' dir='ltr'><strong>ρως</strong></span> <span class='ocrx_word' id='word_1_333' title='bbox 2345 1997 2428 2049; x_wconf 79' lang='grc' dir='ltr'>ἔτι</span> <span class='ocrx_word' id='word_1_334' title='bbox 2470 1996 2867 2069; x_wconf 77' lang='grc' dir='ltr'>προσφέρεται.</span> <span class='ocrx_word' id='word_1_335' title='bbox 2921 1976 2995 2048; x_wconf 80' lang='grc' dir='ltr'>Τὸ</span> <span class='ocrx_word' id='word_1_336' title='bbox 3043 1993 3142 2065; x_wconf 81' lang='grc' dir='ltr'>μὲν</span> <span class='ocrx_word' id='word_1_337' title='bbox 3185 1990 3295 2064; x_wconf 82' lang='grc' dir='ltr'><strong>γὰρ</strong></span> <span class='ocrx_word' id='word_1_338' title='bbox 3338 1991 3472 2062; x_wconf 79' lang='grc' dir='ltr'>παρ’</span> <span class='ocrx_word' id='word_1_339' title='bbox 3520 1986 3676 2043; x_wconf 71' lang='grc' dir='ltr'>αὐτοῦ</span> <span class='ocrx_word' id='word_1_340' title='bbox 3706 1989 3765 2041; x_wconf 84' lang='grc' dir='ltr'><strong>τά</strong></span> 
     </span>
    </p>
   </div>
   <div class='ocr_carea' id='block_1_50' title="bbox 2188 2079 3764 2160">
    <p class='ocr_par' dir='ltr' id='par_1_50' title="bbox 2188 2079 3764 2160">
     <span class='ocr_line' id='line_1_50' title="bbox 2188 2079 3764 2160; baseline -0.006 -20"><span class='ocrx_word' id='word_1_341' title='bbox 2188 2086 2414 2160; x_wconf 81' lang='grc' dir='ltr'>ζωαρκῆ</span> <span class='ocrx_word' id='word_1_342' title='bbox 2458 2084 2708 2158; x_wconf 79' lang='grc' dir='ltr'>δέχεσθαι</span> <span class='ocrx_word' id='word_1_343' title='bbox 2752 2085 2949 2150; x_wconf 76' lang='grc' dir='ltr'>θέλειν,</span> <span class='ocrx_word' id='word_1_344' title='bbox 2994 2084 3185 2156; x_wconf 83' lang='grc' dir='ltr'>μῶμον</span> <span class='ocrx_word' id='word_1_345' title='bbox 3221 2083 3287 2138; x_wconf 86' lang='grc' dir='ltr'>ἂν</span> <span class='ocrx_word' id='word_1_346' title='bbox 3342 2081 3459 2153; x_wconf 82' lang='grc' dir='ltr'>ἔχοι</span> <span class='ocrx_word' id='word_1_347' title='bbox 3502 2079 3764 2143; x_wconf 75' lang='grc' dir='ltr'>παντελῶς</span> 
     </span>
    </p>
   </div>
   <div class='ocr_carea' id='block_1_51' title="bbox 2187 2169 3761 2248">
    <p class='ocr_par' dir='ltr' id='par_1_51' title="bbox 2187 2169 3761 2248">
     <span class='ocr_line' id='line_1_51' title="bbox 2187 2169 3761 2248; baseline -0.004 -16"><span class='ocrx_word' id='word_1_348' title='bbox 2187 2180 2410 2233; x_wconf 80' lang='grc' dir='ltr'>οὐδένα-</span> <span class='ocrx_word' id='word_1_349' title='bbox 2461 2179 2624 2232; x_wconf 88' lang='grc' dir='ltr'><strong>λυπεῖ</strong></span> <span class='ocrx_word' id='word_1_350' title='bbox 2660 2179 2718 2233; x_wconf 83' lang='grc' dir='ltr'>δὲ</span> <span class='ocrx_word' id='word_1_351' title='bbox 2754 2177 2877 2233; x_wconf 86' lang='grc' dir='ltr'>λίαν</span> <span class='ocrx_word' id='word_1_352' title='bbox 2920 2178 2950 2231; x_wconf 91' lang='lat'><strong>6</strong></span> <span class='ocrx_word' id='word_1_353' title='bbox 2990 2177 3327 2248; x_wconf 76' lang='grc' dir='ltr'>γογγυσμὸς.</span> <span class='ocrx_word' id='word_1_354' title='bbox 3385 2176 3500 2229; x_wconf 72' lang='grc' dir='ltr'><strong>Καὶ</strong></span> <span class='ocrx_word' id='word_1_355' title='bbox 3546 2174 3650 2246; x_wconf 81' lang='grc' dir='ltr'><strong>γὰρ</strong></span> <span class='ocrx_word' id='word_1_356' title='bbox 3678 2169 3761 2227; x_wconf 76' lang='grc' dir='ltr'>οὖν</span> 
     </span>
    </p>
   </div>
   <div class='ocr_carea' id='block_1_52' title="bbox 2188 2262 3762 2343">
    <p class='ocr_par' dir='ltr' id='par_1_52' title="bbox 2188 2262 3762 2343">
     <span class='ocr_line' id='line_1_52' title="bbox 2188 2262 3762 2343; baseline -0.005 -16"><span class='ocrx_word' id='word_1_357' title='bbox 2188 2272 2351 2336; x_wconf 74' lang='grc' dir='ltr'>αὐτὸς</span> <span class='ocrx_word' id='word_1_358' title='bbox 2379 2273 2408 2324; x_wconf 94' lang='lat'><strong>6</strong></span> <span class='ocrx_word' id='word_1_359' title='bbox 2452 2272 2646 2343; x_wconf 80' lang='grc' dir='ltr'>Σωτὴρ</span> <span class='ocrx_word' id='word_1_360' title='bbox 2679 2273 2737 2324; x_wconf 82' lang='grc' dir='ltr'><strong>ἐν</strong></span> <span class='ocrx_word' id='word_1_361' title='bbox 2772 2271 3107 2343; x_wconf 83' lang='grc' dir='ltr'>προσευχαῖς</span> <span class='ocrx_word' id='word_1_362' title='bbox 3149 2271 3297 2340; x_wconf 75' lang='grc' dir='ltr'>ἡμᾶς</span> <span class='ocrx_word' id='word_1_363' title='bbox 3326 2264 3540 2333; x_wconf 80' lang='grc' dir='ltr'>ἐδίδαξε</span> <span class='ocrx_word' id='word_1_364' title='bbox 3572 2262 3762 2336; x_wconf 80' lang='grc' dir='ltr'>λέγειν’</span> 
     </span>
    </p>
   </div>
   <div class='ocr_carea' id='block_1_53' title="bbox 2196 2357 3757 2435">
    <p class='ocr_par' dir='ltr' id='par_1_53' title="bbox 2196 2357 3757 2435">
     <span class='ocr_line' id='line_1_53' title="bbox 2196 2357 3757 2435; baseline -0.004 -20"><span class='ocrx_word' id='word_1_365' title='bbox 2196 2383 2213 2415; x_wconf 78' lang='grc' dir='ltr'><strong>ι</strong></span> <span class='ocrx_word' id='word_1_366' title='bbox 2252 2363 2357 2417; x_wconf 90' lang='grc' dir='ltr'><strong>Τὸν</strong></span> <span class='ocrx_word' id='word_1_367' title='bbox 2385 2362 2551 2435; x_wconf 76' lang='grc' dir='ltr'>ἄρτον</span> <span class='ocrx_word' id='word_1_368' title='bbox 2575 2361 2734 2434; x_wconf 77' lang='grc' dir='ltr'>ἡμῶν</span> <span class='ocrx_word' id='word_1_369' title='bbox 2756 2361 2847 2417; x_wconf 86' lang='grc' dir='ltr'><strong>τόν</strong></span> <span class='ocrx_word' id='word_1_370' title='bbox 2878 2361 3157 2416; x_wconf 74' lang='grc' dir='ltr'>ἐπιούσιον</span> <span class='ocrx_word' id='word_1_371' title='bbox 3184 2360 3271 2429; x_wconf 87' lang='grc' dir='ltr'><strong>δὸς</strong></span> <span class='ocrx_word' id='word_1_372' title='bbox 3294 2360 3432 2431; x_wconf 76' lang='grc' dir='ltr'>ἡμῖν</span> <span class='ocrx_word' id='word_1_373' title='bbox 3460 2357 3708 2431; x_wconf 77' lang='grc' dir='ltr'>σήμερον.</span> <span class='ocrx_word' id='word_1_374' title='bbox 3740 2374 3757 2409; x_wconf 78' lang='grc' dir='ltr'><strong>ι</strong></span> 
     </span>
    </p>
   </div>
   <div class='ocr_carea' id='block_1_54' title="bbox 2200 2449 3759 2527">
    <p class='ocr_par' dir='ltr' id='par_1_54' title="bbox 2200 2449 3759 2527">
     <span class='ocr_line' id='line_1_54' title="bbox 2200 2449 3759 2527; baseline -0.005 -18"><span class='ocrx_word' id='word_1_375' title='bbox 2200 2455 2342 2509; x_wconf 83' lang='grc' dir='ltr'>Ἀλλ’</span> <span class='ocrx_word' id='word_1_376' title='bbox 2367 2457 2424 2527; x_wconf 41' lang='grc' dir='ltr'>-εί</span> <span class='ocrx_word' id='word_1_377' title='bbox 2455 2454 2615 2510; x_wconf 82' lang='grc' dir='ltr'>τοῦτο</span> <span class='ocrx_word' id='word_1_378' title='bbox 2648 2455 2749 2527; x_wconf 83' lang='grc' dir='ltr'>μὲν</span> <span class='ocrx_word' id='word_1_379' title='bbox 2776 2454 3033 2526; x_wconf 77' lang='grc' dir='ltr'>λέγοιμεν</span> <span class='ocrx_word' id='word_1_380' title='bbox 3053 2490 3070 2519; x_wconf 85' lang='grc'><strong>,</strong></span> <span class='ocrx_word' id='word_1_381' title='bbox 3097 2453 3219 2508; x_wconf 84' lang='grc' dir='ltr'>κατ’</span> <span class='ocrx_word' id='word_1_382' title='bbox 3260 2450 3455 2507; x_wconf 75' lang='grc' dir='ltr'>οὐδένα</span> <span class='ocrx_word' id='word_1_383' title='bbox 3491 2450 3551 2526; x_wconf 76' lang='grc' dir='ltr'>δὴ</span> <span class='ocrx_word' id='word_1_384' title='bbox 3579 2449 3759 2522; x_wconf 82' lang='grc' dir='ltr'>τρόπον</span> 
     </span>
    </p>
   </div>
   <div class='ocr_carea' id='block_1_55' title="bbox 2187 2525 3758 2617">
    <p class='ocr_par' dir='ltr' id='par_1_55' title="bbox 2187 2525 3758 2617">
     <span class='ocr_line' id='line_1_55' title="bbox 2187 2525 3758 2617; baseline -0.004 -17"><span class='ocrx_word' id='word_1_385' title='bbox 2187 2525 2550 2617; x_wconf 71' lang='grc' dir='ltr'>αἰτιασόμεθα</span> <span class='ocrx_word' id='word_1_386' title='bbox 2589 2525 2675 2601; x_wconf 85' lang='grc' dir='ltr'><strong>τὸν</strong></span> <span class='ocrx_word' id='word_1_387' title='bbox 2713 2525 3029 2616; x_wconf 84' lang='grc' dir='ltr'>Δεσπότην,</span> <span class='ocrx_word' id='word_1_388' title='bbox 3066 2542 3432 2616; x_wconf 77' lang='grc' dir='ltr'>ἐξαιτήσομεν</span> <span class='ocrx_word' id='word_1_389' title='bbox 3472 2525 3546 2597; x_wconf 72' lang='grc' dir='ltr'><strong>δέ</strong></span> <span class='ocrx_word' id='word_1_390' title='bbox 3579 2541 3758 2614; x_wconf 64' lang='grc' dir='ltr'>μᾶλλον</span> 
     </span>
    </p>
   </div>
   <div class='ocr_carea' id='block_1_56' title="bbox 2187 2632 3758 2710">
    <p class='ocr_par' dir='ltr' id='par_1_56' title="bbox 2187 2632 3758 2710">
     <span class='ocr_line' id='line_1_56' title="bbox 2187 2632 3758 2710; baseline -0.004 -18"><span class='ocrx_word' id='word_1_391' title='bbox 2187 2639 2319 2710; x_wconf 79' lang='grc' dir='ltr'>παρ’</span> <span class='ocrx_word' id='word_1_392' title='bbox 2366 2637 2533 2692; x_wconf 80' lang='grc' dir='ltr'>αὐτοῦ</span> <span class='ocrx_word' id='word_1_393' title='bbox 2568 2638 2638 2692; x_wconf 86' lang='grc' dir='ltr'>τὰ</span> <span class='ocrx_word' id='word_1_394' title='bbox 2684 2640 2763 2703; x_wconf 78' lang='grc' dir='ltr'><strong>εἰς</strong></span> <span class='ocrx_word' id='word_1_395' title='bbox 2809 2632 2955 2709; x_wconf 77' lang='grc' dir='ltr'>ζωὴν</span> <span class='ocrx_word' id='word_1_396' title='bbox 3002 2636 3304 2707; x_wconf 82' lang='grc' dir='ltr'>ἐπιτήδεια.</span> <span class='ocrx_word' id='word_1_397' title='bbox 3346 2636 3413 2690; x_wconf 88' lang='grc' dir='ltr'><strong>Οἱ</strong></span> <span class='ocrx_word' id='word_1_398' title='bbox 3457 2634 3514 2689; x_wconf 81' lang='grc' dir='ltr'>δέ</span> <span class='ocrx_word' id='word_1_399' title='bbox 3564 2651 3621 2703; x_wconf 90' lang='grc' dir='ltr'><strong>γε</strong></span> <span class='ocrx_word' id='word_1_400' title='bbox 3664 2632 3758 2685; x_wconf 82' lang='grc' dir='ltr'>τῶν</span> 
     </span>
    </p>
   </div>
   <div class='ocr_carea' id='block_1_57' title="bbox 2198 2722 3757 2800">
    <p class='ocr_par' dir='ltr' id='par_1_57' title="bbox 2198 2722 3757 2800">
     <span class='ocr_line' id='line_1_57' title="bbox 2198 2722 3757 2800; baseline -0.004 -18"><span class='ocrx_word' id='word_1_401' title='bbox 2198 2728 2470 2784; x_wconf 85' lang='grc' dir='ltr'>Ἰουδαίων</span> <span class='ocrx_word' id='word_1_402' title='bbox 2487 2728 2674 2800; x_wconf 87' lang='grc' dir='ltr'>δῆμοι,</span> <span class='ocrx_word' id='word_1_403' title='bbox 2701 2728 2820 2785; x_wconf 86' lang='grc' dir='ltr'>δέον</span> <span class='ocrx_word' id='word_1_404' title='bbox 2847 2726 3070 2800; x_wconf 78' lang='grc' dir='ltr'>αἰτῆσαι</span> <span class='ocrx_word' id='word_1_405' title='bbox 3096 2724 3327 2799; x_wconf 81' lang='grc' dir='ltr'>τροφὰς,</span> <span class='ocrx_word' id='word_1_406' title='bbox 3367 2726 3449 2779; x_wconf 85' lang='grc' dir='ltr'>ὅτι</span> <span class='ocrx_word' id='word_1_407' title='bbox 3482 2722 3757 2794; x_wconf 71' lang='grc' dir='ltr'>λελὺτραν-</span> 
     </span>
    </p>
   </div>
   <div class='ocr_carea' id='block_1_58' title="bbox 2185 2812 3754 2890">
    <p class='ocr_par' dir='ltr' id='par_1_58' title="bbox 2185 2812 3754 2890">
     <span class='ocr_line' id='line_1_58' title="bbox 2185 2812 3754 2890; baseline -0.006 -18"><span class='ocrx_word' id='word_1_408' title='bbox 2185 2836 2277 2874; x_wconf 82' lang='grc' dir='ltr'><strong>ται</strong></span> <span class='ocrx_word' id='word_1_409' title='bbox 2306 2818 2733 2889; x_wconf 87' lang='grc' dir='ltr'>χαλεπαίνουσι,</span> <span class='ocrx_word' id='word_1_410' title='bbox 2764 2819 2860 2872; x_wconf 80' lang='grc' dir='ltr'>καὶ</span> <span class='ocrx_word' id='word_1_411' title='bbox 2895 2814 2996 2890; x_wconf 77' lang='grc' dir='ltr'>τὴν</span> <span class='ocrx_word' id='word_1_412' title='bbox 3036 2817 3178 2872; x_wconf 77' lang='grc' dir='ltr'>οὕτω</span> <span class='ocrx_word' id='word_1_413' title='bbox 3204 2813 3410 2888; x_wconf 80' lang='grc' dir='ltr'>σεπτὴν</span> <span class='ocrx_word' id='word_1_414' title='bbox 3436 2814 3528 2869; x_wconf 70' lang='grc' dir='ltr'>καὶ</span> <span class='ocrx_word' id='word_1_415' title='bbox 3553 2812 3754 2880; x_wconf 75' lang='grc' dir='ltr'>ἀξιόλη-</span> 
     </span>
    </p>
   </div>
   <div class='ocr_carea' id='block_1_59' title="bbox 2189 2904 3754 2984">
    <p class='ocr_par' dir='ltr' id='par_1_59' title="bbox 2189 2904 3754 2984">
     <span class='ocr_line' id='line_1_59' title="bbox 2189 2904 3754 2984; baseline -0.007 -18"><span class='ocrx_word' id='word_1_416' title='bbox 2189 2929 2325 2966; x_wconf 87' lang='grc' dir='ltr'>πτον</span> <span class='ocrx_word' id='word_1_417' title='bbox 2343 2912 2504 2983; x_wconf 81' lang='grc' dir='ltr'>χάριν</span> <span class='ocrx_word' id='word_1_418' title='bbox 2529 2906 2921 2984; x_wconf 80' lang='grc' dir='ltr'>ἀνοή[τό]τατα</span> <span class='ocrx_word' id='word_1_419' title='bbox 2944 2907 3120 2964; x_wconf 76' lang='grc' dir='ltr'>καθυό</span> <span class='ocrx_word' id='word_1_420' title='bbox 3129 2908 3278 2980; x_wconf 75' lang='grc' dir='ltr'>ρίζου</span> <span class='ocrx_word' id='word_1_421' title='bbox 3288 2925 3375 2962; x_wconf 90' lang='grc' dir='ltr'><strong>σιν</strong></span> <span class='ocrx_word' id='word_1_422' title='bbox 3395 2948 3408 2971; x_wconf 89' lang='grc'><strong>,</strong></span> <span class='ocrx_word' id='word_1_423' title='bbox 3439 2905 3514 2970; x_wconf 86' lang='grc' dir='ltr'>ὡς</span> <span class='ocrx_word' id='word_1_424' title='bbox 3535 2905 3637 2958; x_wconf 86' lang='grc' dir='ltr'>τῶν</span> <span class='ocrx_word' id='word_1_425' title='bbox 3657 2904 3754 2974; x_wconf 72' lang='grc' dir='ltr'>ἠδί-</span> 
     </span>
    </p>
   </div>
   <div class='ocr_carea' id='block_1_60' title="bbox 2189 2993 3750 3074">
    <p class='ocr_par' dir='ltr' id='par_1_60' title="bbox 2189 2993 3750 3074">
     <span class='ocr_line' id='line_1_60' title="bbox 2189 2993 3750 3074; baseline -0.005 -18"><span class='ocrx_word' id='word_1_426' title='bbox 2189 3020 2329 3058; x_wconf 91' lang='grc' dir='ltr'>στων</span> <span class='ocrx_word' id='word_1_427' title='bbox 2356 3003 2554 3067; x_wconf 81' lang='grc' dir='ltr'>αὐτοὺς</span> <span class='ocrx_word' id='word_1_428' title='bbox 2572 3000 2960 3074; x_wconf 77' lang='grc' dir='ltr'>ἐκπέμψασαν,</span> <span class='ocrx_word' id='word_1_429' title='bbox 2978 3001 3141 3073; x_wconf 79' lang='grc' dir='ltr'>ἄρτου</span> <span class='ocrx_word' id='word_1_430' title='bbox 3158 3016 3241 3065; x_wconf 87' lang='grc' dir='ltr'><strong>τε,</strong></span> <span class='ocrx_word' id='word_1_431' title='bbox 3265 3016 3342 3069; x_wconf 81' lang='grc' dir='ltr'><strong>φη</strong></span> <span class='ocrx_word' id='word_1_432' title='bbox 3354 2996 3436 3071; x_wconf 73' lang='grc' dir='ltr'>μὶ,</span> <span class='ocrx_word' id='word_1_433' title='bbox 3456 2996 3549 3051; x_wconf 68' lang='grc' dir='ltr'><strong>καὶ</strong></span> <span class='ocrx_word' id='word_1_434' title='bbox 3575 2993 3750 3066; x_wconf 83' lang='grc' dir='ltr'>κρεῶν.</span> 
     </span>
    </p>
   </div>
   <div class='ocr_carea' id='block_1_61' title="bbox 2188 3086 3751 3165">
    <p class='ocr_par' dir='ltr' id='par_1_61' title="bbox 2188 3086 3751 3165">
     <span class='ocr_line' id='line_1_61' title="bbox 2188 3086 3751 3165; baseline -0.006 -18"><span class='ocrx_word' id='word_1_435' title='bbox 2188 3092 2398 3148; x_wconf 74' lang='grc' dir='ltr'>Οὐκοῦν</span> <span class='ocrx_word' id='word_1_436' title='bbox 2438 3092 2769 3164; x_wconf 77' lang='grc' dir='ltr'>γογγύζουσι</span> <span class='ocrx_word' id='word_1_437' title='bbox 2806 3094 2940 3165; x_wconf 81' lang='grc' dir='ltr'>μὲν,</span> <span class='ocrx_word' id='word_1_438' title='bbox 2994 3095 3088 3148; x_wconf 68' lang='grc' dir='ltr'>καὶ</span> <span class='ocrx_word' id='word_1_439' title='bbox 3135 3091 3622 3163; x_wconf 83' lang='grc' dir='ltr'>κατακεκράγασιν</span> <span class='ocrx_word' id='word_1_440' title='bbox 3667 3086 3751 3139; x_wconf 86' lang='grc' dir='ltr'>ἀν·</span> 
     </span>
    </p>
   </div>
   <div class='ocr_carea' id='block_1_62' title="bbox 485 3176 2075 3275">
    <p class='ocr_par' dir='ltr' id='par_1_62' title="bbox 485 3179 2075 3260">
     <span class='ocr_line' id='line_1_62' title="bbox 485 3179 2075 3260; baseline 0.005 -24"><span class='ocrx_word' id='word_1_441' title='bbox 485 3179 633 3237; x_wconf 80' lang='lat' dir='ltr'><strong>Deus</strong></span> <span class='ocrx_word' id='word_1_442' title='bbox 664 3190 849 3239; x_wconf 90' lang='lat' dir='ltr'><strong>autem</strong></span> <span class='ocrx_word' id='word_1_443' title='bbox 876 3184 1091 3254; x_wconf 88' lang='lat' dir='ltr'><strong>patiens</strong></span> <span class='ocrx_word' id='word_1_444' title='bbox 1110 3185 1400 3250; x_wconf 90' lang='lat' dir='ltr'><strong>malorum,</strong></span> <span class='ocrx_word' id='word_1_445' title='bbox 1429 3187 1703 3255; x_wconf 84' lang='lat' dir='ltr'><strong>promittit</strong></span> <span class='ocrx_word' id='word_1_446' title='bbox 1724 3188 1805 3243; x_wconf 90' lang='lat' dir='ltr'><strong>eis</strong></span> <span class='ocrx_word' id='word_1_447' title='bbox 1830 3188 2075 3260; x_wconf 87' lang='lat' dir='ltr'><strong>inspera-</strong></span> 
     </span>
    </p>
   </div>
   <div class='ocr_carea' id='block_1_63' title="bbox 2180 3176 3751 3275">
    <p class='ocr_par' dir='ltr' id='par_1_63' title="bbox 2188 3176 3751 3254">
     <span class='ocr_line' id='line_1_63' title="bbox 2188 3176 3751 3254; baseline -0.004 -16"><span class='ocrx_word' id='word_1_448' title='bbox 2188 3184 2376 3249; x_wconf 87' lang='grc' dir='ltr'>οσίως.</span> <span class='ocrx_word' id='word_1_449' title='bbox 2396 3185 2737 3251; x_wconf 82' lang='grc' dir='ltr'>Ἀνεξικακεῖ</span> <span class='ocrx_word' id='word_1_450' title='bbox 2751 3184 2806 3238; x_wconf 82' lang='grc' dir='ltr'>δὲ</span> <span class='ocrx_word' id='word_1_451' title='bbox 2826 3185 2957 3249; x_wconf 83' lang='grc' dir='ltr'>Θεὸς</span> <span class='ocrx_word' id='word_1_452' title='bbox 2971 3228 2986 3253; x_wconf 88' lang='grc'><strong>,</strong></span> <span class='ocrx_word' id='word_1_453' title='bbox 3010 3181 3106 3239; x_wconf 70' lang='grc' dir='ltr'>καὶ</span> <span class='ocrx_word' id='word_1_454' title='bbox 3126 3185 3390 3254; x_wconf 79' lang='grc' dir='ltr'>ἀδόκητον</span> <span class='ocrx_word' id='word_1_455' title='bbox 3409 3183 3585 3244; x_wconf 80' lang='grc' dir='ltr'>αὐτοῖς</span> <span class='ocrx_word' id='word_1_456' title='bbox 3609 3176 3751 3247; x_wconf 71' lang='grc' dir='ltr'>ἀφθο-</span> 
     </span>
    </p>
   </div>
   <div class='ocr_carea' id='block_1_64' title="bbox 486 3273 2072 3348">
    <p class='ocr_par' dir='ltr' id='par_1_64' title="bbox 486 3273 2072 3348">
     <span class='ocr_line' id='line_1_64' title="bbox 486 3273 2072 3348; baseline 0.005 -20"><span class='ocrx_word' id='word_1_457' title='bbox 486 3279 598 3328; x_wconf 77' lang='lat' dir='ltr'><strong>tam</strong></span> <span class='ocrx_word' id='word_1_458' title='bbox 649 3273 850 3329; x_wconf 87' lang='lat' dir='ltr'><strong>borum</strong></span> <span class='ocrx_word' id='word_1_459' title='bbox 899 3275 1133 3345; x_wconf 82' lang='lat' dir='ltr'><strong>copiam.</strong></span> <span class='ocrx_word' id='word_1_460' title='bbox 1182 3276 1435 3331; x_wconf 88' lang='lat' dir='ltr'><strong>Demittit</strong></span> <span class='ocrx_word' id='word_1_461' title='bbox 1479 3276 1628 3331; x_wconf 87' lang='lat' dir='ltr'><strong>enim</strong></span> <span class='ocrx_word' id='word_1_462' title='bbox 1664 3294 1766 3348; x_wconf 89' lang='lat' dir='ltr'><strong>pro</strong></span> <span class='ocrx_word' id='word_1_463' title='bbox 1807 3279 2072 3335; x_wconf 74' lang='lat' dir='ltr'><strong>inelfabili</strong></span> 
     </span>
    </p>
   </div>
   <div class='ocr_carea' id='block_1_65' title="bbox 482 3365 2072 3436">
    <p class='ocr_par' dir='ltr' id='par_1_65' title="bbox 482 3365 2072 3436">
     <span class='ocr_line' id='line_1_65' title="bbox 482 3365 2072 3436; baseline 0.005 -17"><span class='ocrx_word' id='word_1_464' title='bbox 482 3379 583 3419; x_wconf 88' lang='lat' dir='ltr'><strong>sua</strong></span> <span class='ocrx_word' id='word_1_465' title='bbox 618 3365 866 3435; x_wconf 90' lang='lat' dir='ltr'><strong>potentia</strong></span> <span class='ocrx_word' id='word_1_466' title='bbox 904 3366 1121 3436; x_wconf 82' lang='lat' dir='ltr'><strong>vesperi</strong></span> <span class='ocrx_word' id='word_1_467' title='bbox 1147 3365 1370 3435; x_wconf 86' lang='lat' dir='ltr'><strong>quidem</strong></span> <span class='ocrx_word' id='word_1_468' title='bbox 1394 3369 1760 3435; x_wconf 85' lang='lat' dir='ltr'><strong>coturnicem,</strong></span> <span class='ocrx_word' id='word_1_469' title='bbox 1789 3386 1948 3426; x_wconf 89' lang='lat' dir='ltr'><strong>mane</strong></span> <span class='ocrx_word' id='word_1_470' title='bbox 1971 3388 2072 3426; x_wconf 92' lang='lat' dir='ltr'><strong>au-</strong></span> 
     </span>
    </p>
   </div>
   <div class='ocr_carea' id='block_1_66' title="bbox 482 3454 2072 3519">
    <p class='ocr_par' dir='ltr' id='par_1_66' title="bbox 482 3454 2072 3519">
     <span class='ocr_line' id='line_1_66' title="bbox 482 3454 2072 3519; baseline 0.005 -8"><span class='ocrx_word' id='word_1_471' title='bbox 482 3463 594 3511; x_wconf 90' lang='lat' dir='ltr'><strong>tem</strong></span> <span class='ocrx_word' id='word_1_472' title='bbox 638 3472 859 3512; x_wconf 88' lang='lat' dir='ltr'><strong>manna.</strong></span> <span class='ocrx_word' id='word_1_473' title='bbox 904 3454 1043 3512; x_wconf 82' lang='lat' dir='ltr'><strong>llinc</strong></span> <span class='ocrx_word' id='word_1_474' title='bbox 1077 3457 1298 3512; x_wconf 86' lang='lat' dir='ltr'><strong>divinus</strong></span> <span class='ocrx_word' id='word_1_475' title='bbox 1329 3457 1501 3513; x_wconf 84' lang='lat' dir='ltr'><strong>David</strong></span> <span class='ocrx_word' id='word_1_476' title='bbox 1550 3459 1625 3513; x_wconf 89' lang='lat' dir='ltr'><strong>ait</strong></span> <span class='ocrx_word' id='word_1_477' title='bbox 1657 3478 1667 3512; x_wconf 92' lang='lat'><strong>:</strong></span> <span class='ocrx_word' id='word_1_478' title='bbox 1716 3480 1733 3511; x_wconf 75' lang='grc' dir='ltr'><strong>ι</strong></span> <span class='ocrx_word' id='word_1_479' title='bbox 1770 3461 1972 3517; x_wconf 89' lang='lat' dir='ltr'><strong>Panem</strong></span> <span class='ocrx_word' id='word_1_480' title='bbox 2003 3464 2072 3519; x_wconf 91' lang='lat' dir='ltr'><strong>de</strong></span> 
     </span>
    </p>
   </div>
   <div class='ocr_carea' id='block_1_67' title="bbox 482 3548 2072 3620">
    <p class='ocr_par' dir='ltr' id='par_1_67' title="bbox 482 3548 2072 3620">
     <span class='ocr_line' id='line_1_67' title="bbox 482 3548 2072 3620; baseline 0.004 -18"><span class='ocrx_word' id='word_1_481' title='bbox 482 3548 629 3602; x_wconf 67' lang='lat' dir='ltr'><strong>coelo</strong></span> <span class='ocrx_word' id='word_1_482' title='bbox 659 3548 813 3603; x_wconf 87' lang='lat' dir='ltr'><strong>dedit</strong></span> <span class='ocrx_word' id='word_1_483' title='bbox 839 3549 939 3614; x_wconf 90' lang='lat' dir='ltr'><strong>eis,</strong></span> <span class='ocrx_word' id='word_1_484' title='bbox 971 3565 1169 3619; x_wconf 86' lang='lat' dir='ltr'><strong>panem</strong></span> <span class='ocrx_word' id='word_1_485' title='bbox 1215 3551 1537 3620; x_wconf 82' lang='lat' dir='ltr'><strong>angelorum</strong></span> <span class='ocrx_word' id='word_1_486' title='bbox 1583 3554 1936 3608; x_wconf 88' lang='lat' dir='ltr'><strong>manducavit</strong></span> <span class='ocrx_word' id='word_1_487' title='bbox 1975 3554 2072 3609; x_wconf 93' lang='lat' dir='ltr'><strong>ho-</strong></span> 
     </span>
    </p>
   </div>
   <div class='ocr_carea' id='block_1_68' title="bbox 482 3630 2072 3716">
    <p class='ocr_par' dir='ltr' id='par_1_68' title="bbox 482 3630 2072 3716">
     <span class='ocr_line' id='line_1_68' title="bbox 482 3630 2072 3716; baseline 0.006 -23"><span class='ocrx_word' id='word_1_488' title='bbox 482 3656 573 3695; x_wconf 90' lang='lat' dir='ltr'><strong>mo</strong></span> <span class='ocrx_word' id='word_1_489' title='bbox 597 3639 663 3696; x_wconf 83' lang='lat'><strong>&quot;.</strong></span> <span class='ocrx_word' id='word_1_490' title='bbox 699 3662 715 3692; x_wconf 74' lang='grc' dir='ltr'><strong>ι</strong></span> <span class='ocrx_word' id='word_1_491' title='bbox 756 3638 1075 3696; x_wconf 85' lang='lat' dir='ltr'><strong>Certissimc</strong></span> <span class='ocrx_word' id='word_1_492' title='bbox 1098 3650 1279 3696; x_wconf 89' lang='lat' dir='ltr'><strong>autem</strong></span> <span class='ocrx_word' id='word_1_493' title='bbox 1304 3642 1496 3699; x_wconf 86' lang='lat' dir='ltr'><strong>docuit</strong></span> <span class='ocrx_word' id='word_1_494' title='bbox 1517 3661 1613 3700; x_wconf 88' lang='lat' dir='ltr'><strong>eos</strong></span> <span class='ocrx_word' id='word_1_495' title='bbox 1640 3630 1981 3716; x_wconf 81' lang='lat' dir='ltr'><strong>experientia</strong></span> <span class='ocrx_word' id='word_1_496' title='bbox 2007 3663 2072 3703; x_wconf 90' lang='lat' dir='ltr'><strong>ac</strong></span> 
     </span>
    </p>
   </div>
   <div class='ocr_carea' id='block_1_69' title="bbox 480 3731 2070 3804">
    <p class='ocr_par' dir='ltr' id='par_1_69' title="bbox 480 3731 2070 3804">
     <span class='ocr_line' id='line_1_69' title="bbox 480 3731 2070 3804; baseline 0.005 -18"><span class='ocrx_word' id='word_1_497' title='bbox 480 3731 651 3787; x_wconf 89' lang='lat' dir='ltr'><strong>rebus</strong></span> <span class='ocrx_word' id='word_1_498' title='bbox 694 3731 849 3802; x_wconf 83' lang='lat' dir='ltr'><strong>ipsis.</strong></span> <span class='ocrx_word' id='word_1_499' title='bbox 896 3732 1044 3801; x_wconf 90' lang='lat' dir='ltr'><strong>quod</strong></span> <span class='ocrx_word' id='word_1_500' title='bbox 1095 3732 1241 3788; x_wconf 91' lang='lat' dir='ltr'><strong>Deus</strong></span> <span class='ocrx_word' id='word_1_501' title='bbox 1286 3735 1460 3804; x_wconf 89' lang='lat' dir='ltr'><strong>possit</strong></span> <span class='ocrx_word' id='word_1_502' title='bbox 1491 3736 1655 3791; x_wconf 91' lang='lat' dir='ltr'><strong>etiam</strong></span> <span class='ocrx_word' id='word_1_503' title='bbox 1682 3753 1832 3792; x_wconf 89' lang='lat' dir='ltr'><strong>nunc</strong></span> <span class='ocrx_word' id='word_1_504' title='bbox 1859 3738 1993 3794; x_wconf 87' lang='lat' dir='ltr'><strong>dare</strong></span> <span class='ocrx_word' id='word_1_505' title='bbox 2013 3747 2070 3794; x_wconf 90' lang='lat' dir='ltr'><strong>et</strong></span> 
     </span>
    </p>
   </div>
   <div class='ocr_carea' id='block_1_70' title="bbox 479 3824 2067 3895">
    <p class='ocr_par' dir='ltr' id='par_1_70' title="bbox 479 3824 2067 3895">
     <span class='ocr_line' id='line_1_70' title="bbox 479 3824 2067 3895; baseline 0.006 -18"><span class='ocrx_word' id='word_1_506' title='bbox 479 3838 677 3894; x_wconf 88' lang='lat' dir='ltr'><strong>parare</strong></span> <span class='ocrx_word' id='word_1_507' title='bbox 723 3840 971 3879; x_wconf 86' lang='lat' dir='ltr'><strong>mensam</strong></span> <span class='ocrx_word' id='word_1_508' title='bbox 1012 3824 1068 3879; x_wconf 89' lang='lat' dir='ltr'><strong>in</strong></span> <span class='ocrx_word' id='word_1_509' title='bbox 1115 3824 1379 3895; x_wconf 88' lang='lat' dir='ltr'><strong>deserto;</strong></span> <span class='ocrx_word' id='word_1_510' title='bbox 1420 3829 1559 3884; x_wconf 90' lang='lat' dir='ltr'><strong>sicut</strong></span> <span class='ocrx_word' id='word_1_511' title='bbox 1589 3845 1781 3885; x_wconf 82' lang='lat' dir='ltr'><strong>revera</strong></span> <span class='ocrx_word' id='word_1_512' title='bbox 1804 3831 2067 3886; x_wconf 89' lang='lat' dir='ltr'><strong>etDomi-</strong></span> 
     </span>
    </p>
   </div>
   <div class='ocr_carea' id='block_1_71' title="bbox 479 3916 2064 3990">
    <p class='ocr_par' dir='ltr' id='par_1_71' title="bbox 479 3916 2064 3990">
     <span class='ocr_line' id='line_1_71' title="bbox 479 3916 2064 3990; baseline 0.003 -19"><span class='ocrx_word' id='word_1_513' title='bbox 479 3931 587 3971; x_wconf 90' lang='lat' dir='ltr'><strong>nus</strong></span> <span class='ocrx_word' id='word_1_514' title='bbox 628 3925 816 3972; x_wconf 90' lang='lat' dir='ltr'><strong>noster</strong></span> <span class='ocrx_word' id='word_1_515' title='bbox 853 3916 1013 3973; x_wconf 84' lang='lat' dir='ltr'><strong>Jesus</strong></span> <span class='ocrx_word' id='word_1_516' title='bbox 1045 3918 1298 3975; x_wconf 84' lang='lat' dir='ltr'><strong>Christus</strong></span> <span class='ocrx_word' id='word_1_517' title='bbox 1336 3920 1537 3976; x_wconf 88' lang='lat' dir='ltr'><strong>similia</strong></span> <span class='ocrx_word' id='word_1_518' title='bbox 1576 3921 1750 3978; x_wconf 90' lang='lat' dir='ltr'><strong>edidit</strong></span> <span class='ocrx_word' id='word_1_519' title='bbox 1778 3923 2064 3990; x_wconf 89' lang='lat' dir='ltr'><strong>miracula,</strong></span> 
     </span>
    </p>
   </div>
   <div class='ocr_carea' id='block_1_72' title="bbox 478 4008 2066 4081">
    <p class='ocr_par' dir='ltr' id='par_1_72' title="bbox 478 4008 2066 4081">
     <span class='ocr_line' id='line_1_72' title="bbox 478 4008 2066 4081; baseline 0.005 -22"><span class='ocrx_word' id='word_1_520' title='bbox 478 4018 607 4060; x_wconf 88' lang='lat' dir='ltr'><strong>cum</strong></span> <span class='ocrx_word' id='word_1_521' title='bbox 653 4023 722 4062; x_wconf 79' lang='lat' dir='ltr'><strong>ex</strong></span> <span class='ocrx_word' id='word_1_522' title='bbox 764 4008 1009 4079; x_wconf 90' lang='lat' dir='ltr'><strong>quinque</strong></span> <span class='ocrx_word' id='word_1_523' title='bbox 1038 4010 1274 4079; x_wconf 88' lang='lat' dir='ltr'><strong>panibus</strong></span> <span class='ocrx_word' id='word_1_524' title='bbox 1305 4010 1491 4067; x_wconf 83' lang='lat' dir='ltr'><strong>fractis</strong></span> <span class='ocrx_word' id='word_1_525' title='bbox 1514 4012 1826 4081; x_wconf 90' lang='lat' dir='ltr'><strong>complures</strong></span> <span class='ocrx_word' id='word_1_526' title='bbox 1851 4023 2066 4067; x_wconf 88' lang='lat' dir='ltr'><strong>satura-</strong></span> 
     </span>
    </p>
   </div>
   <div class='ocr_carea' id='block_1_73' title="bbox 474 4097 2069 4174">
    <p class='ocr_par' dir='ltr' id='par_1_73' title="bbox 474 4097 2069 4174">
     <span class='ocr_line' id='line_1_73' title="bbox 474 4097 2069 4174; baseline 0.006 -23"><span class='ocrx_word' id='word_1_527' title='bbox 474 4097 558 4153; x_wconf 83' lang='lat' dir='ltr'><strong>vit</strong></span> <span class='ocrx_word' id='word_1_528' title='bbox 604 4099 661 4154; x_wconf 92' lang='lat' dir='ltr'><strong>in</strong></span> <span class='ocrx_word' id='word_1_529' title='bbox 708 4099 946 4167; x_wconf 90' lang='lat' dir='ltr'><strong>deserto,</strong></span> <span class='ocrx_word' id='word_1_530' title='bbox 991 4102 1281 4159; x_wconf 89' lang='lat' dir='ltr'><strong>duodecim</strong></span> <span class='ocrx_word' id='word_1_531' title='bbox 1316 4104 1544 4174; x_wconf 67' lang='lat' dir='ltr'><strong>ipsuper</strong></span> <span class='ocrx_word' id='word_1_532' title='bbox 1593 4104 1849 4174; x_wconf 89' lang='lat' dir='ltr'><strong>cophinis</strong></span> <span class='ocrx_word' id='word_1_533' title='bbox 1874 4120 1941 4159; x_wconf 79' lang='lat' dir='ltr'><strong>ex</strong></span> <span class='ocrx_word' id='word_1_534' title='bbox 1959 4105 2069 4160; x_wconf 85' lang='lat' dir='ltr'><strong>fra-</strong></span> 
     </span>
    </p>
   </div>
   <div class='ocr_carea' id='block_1_74' title="bbox 476 4121 2065 4268">
    <p class='ocr_par' dir='ltr' id='par_1_74' title="bbox 476 4121 2065 4268">
     <span class='ocr_line' id='line_1_74' title="bbox 477 4121 2065 4174; baseline 0.006 -23"><span class='ocrx_word' id='word_1_535' title='bbox 477 4121 558 4153; x_wconf 76' lang='lat' dir='ltr'><strong>ut</strong></span> <span class='ocrx_word' id='word_1_536' title='bbox 604 4121 661 4154; x_wconf 80' lang='grc' dir='ltr'><strong>ιιι</strong></span> <span class='ocrx_word' id='word_1_537' title='bbox 708 4121 946 4167; x_wconf 76' lang='lat' dir='ltr'><strong>deserto,</strong></span> <span class='ocrx_word' id='word_1_538' title='bbox 991 4121 1281 4159; x_wconf 80' lang='lat' dir='ltr'><strong>auouecim</strong></span> <span class='ocrx_word' id='word_1_539' title='bbox 1378 4121 1544 4174; x_wconf 87' lang='lat' dir='ltr'><strong>super</strong></span> <span class='ocrx_word' id='word_1_540' title='bbox 1593 4121 1849 4174; x_wconf 86' lang='lat' dir='ltr'><strong>copmms</strong></span> <span class='ocrx_word' id='word_1_541' title='bbox 1874 4121 2065 4160; x_wconf 79' lang='lat' dir='ltr'><strong>exmi-</strong></span> 
     </span>
     <span class='ocr_line' id='line_1_75' title="bbox 476 4121 2065 4268; baseline 0.005 -24"><span class='ocrx_word' id='word_1_542' title='bbox 476 4190 715 4261; x_wconf 70' lang='lat' dir='ltr'><strong>gmentis</strong></span> <span class='ocrx_word' id='word_1_543' title='bbox 728 4193 971 4262; x_wconf 89' lang='lat' dir='ltr'><strong>repletis.</strong></span> <span class='ocrx_word' id='word_1_544' title='bbox 991 4194 1162 4249; x_wconf 91' lang='lat' dir='ltr'><strong>Porro</strong></span> <span class='ocrx_word' id='word_1_545' title='bbox 1184 4121 1597 4265; x_wconf 48' lang='lat' dir='ltr'><strong>incxf‘Sicabiles</strong></span> <span class='ocrx_word' id='word_1_546' title='bbox 1617 4203 1748 4250; x_wconf 90' lang='lat' dir='ltr'><strong>sunt</strong></span> <span class='ocrx_word' id='word_1_547' title='bbox 1770 4197 1916 4251; x_wconf 90' lang='lat' dir='ltr'><strong>modi</strong></span> <span class='ocrx_word' id='word_1_548' title='bbox 1939 4197 2065 4268; x_wconf 91' lang='lat' dir='ltr'><strong>qui-</strong></span> 
     </span>
    </p>
   </div>
   <div class='ocr_carea' id='block_1_75' title="bbox 475 4279 2061 4358">
    <p class='ocr_par' dir='ltr' id='par_1_75' title="bbox 475 4279 2061 4358">
     <span class='ocr_line' id='line_1_76' title="bbox 475 4279 2061 4358; baseline 0.006 -23"><span class='ocrx_word' id='word_1_549' title='bbox 475 4279 582 4336; x_wconf 86' lang='lat' dir='ltr'><strong>bus</strong></span> <span class='ocrx_word' id='word_1_550' title='bbox 630 4284 896 4339; x_wconf 88' lang='lat' dir='ltr'><strong>miracula</strong></span> <span class='ocrx_word' id='word_1_551' title='bbox 938 4285 1131 4353; x_wconf 90' lang='lat' dir='ltr'><strong>edidit,</strong></span> <span class='ocrx_word' id='word_1_552' title='bbox 1183 4288 1280 4343; x_wconf 87' lang='lat' dir='ltr'><strong>sed</strong></span> <span class='ocrx_word' id='word_1_553' title='bbox 1320 4303 1442 4358; x_wconf 74' lang='lat' dir='ltr'><strong>quae</strong></span> <span class='ocrx_word' id='word_1_554' title='bbox 1489 4297 1729 4343; x_wconf 88' lang='lat' dir='ltr'><strong>mentem</strong></span> <span class='ocrx_word' id='word_1_555' title='bbox 1766 4290 2061 4356; x_wconf 80' lang='lat' dir='ltr'><strong>excedunt,</strong></span> 
     </span>
    </p>
   </div>
   <div class='ocr_carea' id='block_1_76' title="bbox 475 4368 2065 4449">
    <p class='ocr_par' dir='ltr' id='par_1_76' title="bbox 475 4368 2065 4449">
     <span class='ocr_line' id='line_1_77' title="bbox 475 4368 2065 4449; baseline 0.007 -24"><span class='ocrx_word' id='word_1_556' title='bbox 475 4368 583 4427; x_wconf 83' lang='lat' dir='ltr'><strong>ﬁde</strong></span> <span class='ocrx_word' id='word_1_557' title='bbox 634 4374 1140 4444; x_wconf 88' lang='lat' dir='ltr'><strong>apprehendantur,</strong></span> <span class='ocrx_word' id='word_1_558' title='bbox 1194 4377 1492 4449; x_wconf 88' lang='lat' dir='ltr'><strong>audiatque</strong></span> <span class='ocrx_word' id='word_1_559' title='bbox 1537 4379 1683 4434; x_wconf 90' lang='lat' dir='ltr'><strong>Deus</strong></span> <span class='ocrx_word' id='word_1_560' title='bbox 1712 4379 1782 4435; x_wconf 90' lang='lat' dir='ltr'><strong>ab</strong></span> <span class='ocrx_word' id='word_1_561' title='bbox 1805 4381 2065 4437; x_wconf 88' lang='lat' dir='ltr'><strong>omnibus</strong></span> 
     </span>
    </p>
   </div>
   <div class='ocr_carea' id='block_1_77' title="bbox 475 4463 2061 4543">
    <p class='ocr_par' dir='ltr' id='par_1_77' title="bbox 475 4463 2061 4543">
     <span class='ocr_line' id='line_1_78' title="bbox 475 4463 2061 4543; baseline 0.008 -26"><span class='ocrx_word' id='word_1_562' title='bbox 475 4463 570 4534; x_wconf 83' lang='lat' dir='ltr'><strong>qui</strong></span> <span class='ocrx_word' id='word_1_563' title='bbox 593 4464 771 4535; x_wconf 91' lang='lat' dir='ltr'><strong>ipsum</strong></span> <span class='ocrx_word' id='word_1_564' title='bbox 798 4468 1145 4523; x_wconf 88' lang='lat' dir='ltr'><strong>admirantur</strong></span> <span class='ocrx_word' id='word_1_565' title='bbox 1169 4488 1181 4524; x_wconf 91' lang='lat'>:</span> <span class='ocrx_word' id='word_1_566' title='bbox 1205 4469 1332 4525; x_wconf 87' lang='lat' dir='ltr'><strong>Scio</strong></span> <span class='ocrx_word' id='word_1_567' title='bbox 1357 4471 1503 4541; x_wconf 89' lang='lat' dir='ltr'><strong>quod</strong></span> <span class='ocrx_word' id='word_1_568' title='bbox 1527 4468 1708 4526; x_wconf 88' lang='lat' dir='ltr'><strong>omnia</strong></span> <span class='ocrx_word' id='word_1_569' title='bbox 1734 4472 1932 4543; x_wconf 90' lang='lat' dir='ltr'><strong>possis,</strong></span> <span class='ocrx_word' id='word_1_570' title='bbox 1960 4489 2061 4530; x_wconf 86' lang='lat' dir='ltr'><strong>ne-</strong></span> 
     </span>
    </p>
   </div>
   <div class='ocr_carea' id='block_1_78' title="bbox 473 4557 1541 4631">
    <p class='ocr_par' dir='ltr' id='par_1_78' title="bbox 473 4557 1541 4631">
     <span class='ocr_line' id='line_1_79' title="bbox 473 4557 1541 4631; baseline 0.006 -21"><span class='ocrx_word' id='word_1_571' title='bbox 473 4570 581 4625; x_wconf 90' lang='lat' dir='ltr'><strong>que</strong></span> <span class='ocrx_word' id='word_1_572' title='bbox 615 4565 700 4611; x_wconf 90' lang='lat' dir='ltr'><strong>est</strong></span> <span class='ocrx_word' id='word_1_573' title='bbox 730 4557 1030 4628; x_wconf 91' lang='lat' dir='ltr'><strong>quidquam</strong></span> <span class='ocrx_word' id='word_1_574' title='bbox 1057 4559 1157 4614; x_wconf 89' lang='lat' dir='ltr'><strong>tibi</strong></span> <span class='ocrx_word' id='word_1_575' title='bbox 1185 4561 1541 4631; x_wconf 87' lang='lat' dir='ltr'><strong>impossibile.</strong></span> 
     </span>
    </p>
   </div>
   <div class='ocr_carea' id='block_1_79' title="bbox 543 4647 2067 4724">
    <p class='ocr_par' dir='ltr' id='par_1_79' title="bbox 543 4647 2067 4724">
     <span class='ocr_line' id='line_1_80' title="bbox 543 4647 2067 4724; baseline 0.007 -23"><span class='ocrx_word' id='word_1_576' title='bbox 543 4647 596 4702; x_wconf 73' lang='lat'><strong>2.</strong></span> <span class='ocrx_word' id='word_1_577' title='bbox 614 4648 890 4706; x_wconf 87' lang='lat' dir='ltr'><strong>Hactenus</strong></span> <span class='ocrx_word' id='word_1_578' title='bbox 901 4668 1031 4707; x_wconf 88' lang='lat' dir='ltr'><strong>vero</strong></span> <span class='ocrx_word' id='word_1_579' title='bbox 1042 4652 1111 4707; x_wconf 91' lang='lat' dir='ltr'><strong>de</strong></span> <span class='ocrx_word' id='word_1_580' title='bbox 1127 4653 1382 4708; x_wconf 90' lang='lat' dir='ltr'><strong>sensibus</strong></span> <span class='ocrx_word' id='word_1_581' title='bbox 1394 4670 1575 4709; x_wconf 88' lang='lat' dir='ltr'><strong>sermo</strong></span> <span class='ocrx_word' id='word_1_582' title='bbox 1587 4655 1921 4712; x_wconf 85' lang='lat' dir='ltr'><strong>esthabitus.</strong></span> <span class='ocrx_word' id='word_1_583' title='bbox 1935 4655 2067 4724; x_wconf 87' lang='lat' dir='ltr'><strong>Quis</strong></span> 
     </span>
    </p>
   </div>
   <div class='ocr_carea' id='block_1_80' title="bbox 474 4741 2065 4818">
    <p class='ocr_par' dir='ltr' id='par_1_80' title="bbox 474 4741 2065 4818">
     <span class='ocr_line' id='line_1_81' title="bbox 474 4741 2065 4818; baseline 0.006 -25"><span class='ocrx_word' id='word_1_584' title='bbox 474 4754 609 4793; x_wconf 83' lang='lat' dir='ltr'><strong>vero</strong></span> <span class='ocrx_word' id='word_1_585' title='bbox 631 4754 828 4795; x_wconf 89' lang='lat' dir='ltr'><strong>sensus</strong></span> <span class='ocrx_word' id='word_1_586' title='bbox 852 4741 922 4796; x_wconf 86' lang='lat' dir='ltr'><strong>sit</strong></span> <span class='ocrx_word' id='word_1_587' title='bbox 942 4742 1250 4812; x_wconf 87' lang='lat' dir='ltr'><strong>spiritualis</strong></span> <span class='ocrx_word' id='word_1_588' title='bbox 1271 4743 1755 4812; x_wconf 87' lang='lat' dir='ltr'><strong>considerationis,</strong></span> <span class='ocrx_word' id='word_1_589' title='bbox 1791 4753 1888 4802; x_wconf 84' lang='lat' dir='ltr'><strong>aut</strong></span> <span class='ocrx_word' id='word_1_590' title='bbox 1916 4748 2065 4818; x_wconf 90' lang='lat' dir='ltr'><strong>quod</strong></span> 
     </span>
    </p>
   </div>
   <div class='ocr_carea' id='block_1_81' title="bbox 472 4824 2063 4919">
    <p class='ocr_par' dir='ltr' id='par_1_81' title="bbox 472 4824 2063 4919">
     <span class='ocr_line' id='line_1_82' title="bbox 472 4824 2063 4919; baseline 0.009 -39"><span class='ocrx_word' id='word_1_591' title='bbox 472 4826 610 4897; x_wconf 80' lang='lat' dir='ltr'><strong>legis</strong></span> <span class='ocrx_word' id='word_1_592' title='bbox 632 4824 884 4899; x_wconf 69' lang='lat' dir='ltr'><strong>aenigma,</strong></span> <span class='ocrx_word' id='word_1_593' title='bbox 904 4830 1015 4900; x_wconf 83' lang='lat' dir='ltr'><strong>jam</strong></span> <span class='ocrx_word' id='word_1_594' title='bbox 1039 4830 1201 4885; x_wconf 84' lang='lat' dir='ltr'><strong>nobis</strong></span> <span class='ocrx_word' id='word_1_595' title='bbox 1242 4832 1635 4902; x_wconf 90' lang='lat' dir='ltr'><strong>inquirendum</strong></span> <span class='ocrx_word' id='word_1_596' title='bbox 1675 4847 1777 4919; x_wconf 74' lang='lat' dir='ltr'><strong>est,</strong></span> <span class='ocrx_word' id='word_1_597' title='bbox 1805 4838 1897 4908; x_wconf 90' lang='lat' dir='ltr'><strong>qui</strong></span> <span class='ocrx_word' id='word_1_598' title='bbox 1923 4840 2063 4894; x_wconf 87' lang='lat' dir='ltr'><strong>assi-</strong></span> 
     </span>
    </p>
   </div>
   <div class='ocr_carea' id='block_1_82' title="bbox 471 4916 2060 4996">
    <p class='ocr_par' dir='ltr' id='par_1_82' title="bbox 471 4916 2060 4996">
     <span class='ocr_line' id='line_1_83' title="bbox 471 4916 2060 4996; baseline 0.008 -25"><span class='ocrx_word' id='word_1_599' title='bbox 471 4917 580 4972; x_wconf 90' lang='lat' dir='ltr'><strong>due</strong></span> <span class='ocrx_word' id='word_1_600' title='bbox 601 4917 891 4973; x_wconf 84' lang='lat' dir='ltr'><strong>veritatcm</strong></span> <span class='ocrx_word' id='word_1_601' title='bbox 916 4916 1329 4990; x_wconf 82' lang='lat' dir='ltr'><strong>investigamus.</strong></span> <span class='ocrx_word' id='word_1_602' title='bbox 1357 4920 1680 4979; x_wconf 75' lang='lat' dir='ltr'><strong>Videbimus</strong></span> <span class='ocrx_word' id='word_1_603' title='bbox 1695 4916 1871 4996; x_wconf 83' lang='lat' dir='ltr'><strong>igitur</strong></span> <span class='ocrx_word' id='word_1_604' title='bbox 1893 4928 2060 4983; x_wconf 90' lang='lat' dir='ltr'><strong>etiam</strong></span> 
     </span>
    </p>
   </div>
   <div class='ocr_carea' id='block_1_83' title="bbox 472 5008 2060 5090">
    <p class='ocr_par' dir='ltr' id='par_1_83' title="bbox 472 5008 2060 5090">
     <span class='ocr_line' id='line_1_84' title="bbox 472 5008 2060 5090; baseline 0.009 -29"><span class='ocrx_word' id='word_1_605' title='bbox 472 5023 570 5076; x_wconf 91' lang='lat' dir='ltr'><strong>per</strong></span> <span class='ocrx_word' id='word_1_606' title='bbox 602 5008 719 5064; x_wconf 64' lang='lat' dir='ltr'><strong>haec</strong></span> <span class='ocrx_word' id='word_1_607' title='bbox 753 5011 899 5081; x_wconf 90' lang='lat' dir='ltr'><strong>quod</strong></span> <span class='ocrx_word' id='word_1_608' title='bbox 932 5011 1043 5066; x_wconf 85' lang='lat' dir='ltr'><strong>vita</strong></span> <span class='ocrx_word' id='word_1_609' title='bbox 1079 5010 1268 5082; x_wconf 82' lang='lat' dir='ltr'><strong>legalis</strong></span> <span class='ocrx_word' id='word_1_610' title='bbox 1302 5014 1373 5067; x_wconf 90' lang='lat' dir='ltr'><strong>sit</strong></span> <span class='ocrx_word' id='word_1_611' title='bbox 1400 5016 1594 5085; x_wconf 88' lang='lat' dir='ltr'><strong>procul</strong></span> <span class='ocrx_word' id='word_1_612' title='bbox 1629 5017 1800 5073; x_wconf 90' lang='lat' dir='ltr'><strong>dubio</strong></span> <span class='ocrx_word' id='word_1_613' title='bbox 1822 5035 2060 5090; x_wconf 83' lang='lat' dir='ltr'><strong>evange-</strong></span> 
     </span>
    </p>
   </div>
   <div class='ocr_carea' id='block_1_84' title="bbox 383 5098 2062 5177">
    <p class='ocr_par' dir='ltr' id='par_1_84' title="bbox 383 5098 2062 5177">
     <span class='ocr_line' id='line_1_85' title="bbox 383 5098 2062 5177; baseline 0.008 -25"><span class='ocrx_word' id='word_1_614' title='bbox 383 5120 389 5127; x_wconf 68' lang='grc' dir='ltr'><strong>ο</strong></span> <span class='ocrx_word' id='word_1_615' title='bbox 472 5098 576 5153; x_wconf 86' lang='lat' dir='ltr'><strong>lica</strong></span> <span class='ocrx_word' id='word_1_616' title='bbox 616 5099 866 5177; x_wconf 79' lang='lat' dir='ltr'><strong>inferior,</strong></span> <span class='ocrx_word' id='word_1_617' title='bbox 907 5103 1149 5173; x_wconf 88' lang='lat' dir='ltr'><strong>itemque</strong></span> <span class='ocrx_word' id='word_1_618' title='bbox 1189 5106 1492 5160; x_wconf 89' lang='lat' dir='ltr'><strong>carnalium</strong></span> <span class='ocrx_word' id='word_1_619' title='bbox 1529 5106 1931 5165; x_wconf 89' lang='lat' dir='ltr'><strong>desideriorum</strong></span> <span class='ocrx_word' id='word_1_620' title='bbox 1972 5128 2062 5166; x_wconf 89' lang='lat' dir='ltr'><strong>ac-</strong></span> 
     </span>
    </p>
   </div>
   <div class='ocr_carea' id='block_1_85' title="bbox 471 5190 2062 5271">
    <p class='ocr_par' dir='ltr' id='par_1_85' title="bbox 471 5190 2062 5271">
     <span class='ocr_line' id='line_1_86' title="bbox 471 5190 2062 5271; baseline 0.011 -29"><span class='ocrx_word' id='word_1_621' title='bbox 471 5190 744 5245; x_wconf 80' lang='lat' dir='ltr'><strong>cusationi</strong></span> <span class='ocrx_word' id='word_1_622' title='bbox 784 5192 1041 5259; x_wconf 78' lang='lat' dir='ltr'><strong>obnoxia,</strong></span> <span class='ocrx_word' id='word_1_623' title='bbox 1078 5210 1258 5265; x_wconf 89' lang='lat' dir='ltr'><strong>neque</strong></span> <span class='ocrx_word' id='word_1_624' title='bbox 1281 5211 1311 5250; x_wconf 90' lang='lat' dir='ltr'><strong>a</strong></span> <span class='ocrx_word' id='word_1_625' title='bbox 1337 5198 1570 5254; x_wconf 87' lang='lat' dir='ltr'><strong>terrenis</strong></span> <span class='ocrx_word' id='word_1_626' title='bbox 1595 5202 2062 5271; x_wconf 89' lang='lat' dir='ltr'><strong>concupiscentiis</strong></span> 
     </span>
    </p>
   </div>
   <div class='ocr_carea' id='block_1_86' title="bbox 471 5281 2059 5363">
    <p class='ocr_par' dir='ltr' id='par_1_86' title="bbox 471 5281 2059 5363">
     <span class='ocr_line' id='line_1_87' title="bbox 471 5281 2059 5363; baseline 0.01 -30"><span class='ocrx_word' id='word_1_627' title='bbox 471 5281 645 5336; x_wconf 89' lang='lat' dir='ltr'><strong>libera</strong></span> <span class='ocrx_word' id='word_1_628' title='bbox 677 5301 690 5334; x_wconf 92' lang='lat'><strong>:</strong></span> <span class='ocrx_word' id='word_1_629' title='bbox 730 5282 916 5338; x_wconf 90' lang='lat' dir='ltr'><strong>divina</strong></span> <span class='ocrx_word' id='word_1_630' title='bbox 953 5300 1083 5339; x_wconf 87' lang='lat' dir='ltr'><strong>vero</strong></span> <span class='ocrx_word' id='word_1_631' title='bbox 1117 5293 1283 5356; x_wconf 90' lang='lat' dir='ltr'><strong>atque</strong></span> <span class='ocrx_word' id='word_1_632' title='bbox 1305 5289 1619 5359; x_wconf 85' lang='lat' dir='ltr'><strong>evangelica</strong></span> <span class='ocrx_word' id='word_1_633' title='bbox 1648 5301 1732 5347; x_wconf 91' lang='lat' dir='ltr'><strong>est</strong></span> <span class='ocrx_word' id='word_1_634' title='bbox 1757 5293 2059 5363; x_wconf 85' lang='lat' dir='ltr'><strong>spiritualis</strong></span> 
     </span>
    </p>
   </div>
   <div class='ocr_carea' id='block_1_87' title="bbox 469 5372 2054 5456">
    <p class='ocr_par' dir='ltr' id='par_1_87' title="bbox 469 5372 2054 5456">
     <span class='ocr_line' id='line_1_88' title="bbox 469 5372 2054 5456; baseline 0.011 -30"><span class='ocrx_word' id='word_1_635' title='bbox 469 5381 525 5426; x_wconf 86' lang='lat' dir='ltr'><strong>ct</strong></span> <span class='ocrx_word' id='word_1_636' title='bbox 549 5372 831 5440; x_wconf 79' lang='lat' dir='ltr'><strong>inviolata,</strong></span> <span class='ocrx_word' id='word_1_637' title='bbox 864 5377 1213 5445; x_wconf 84' lang='lat' dir='ltr'><strong>speciemque</strong></span> <span class='ocrx_word' id='word_1_638' title='bbox 1234 5378 1400 5435; x_wconf 88' lang='lat' dir='ltr'><strong>habet</strong></span> <span class='ocrx_word' id='word_1_639' title='bbox 1416 5382 1521 5437; x_wconf 88' lang='lat' dir='ltr'><strong>alia</strong></span> <span class='ocrx_word' id='word_1_640' title='bbox 1542 5383 2054 5456; x_wconf 83' lang='lat' dir='ltr'><strong>incomparabiliter</strong></span> 
     </span>
    </p>
   </div>
   <div class='ocr_carea' id='block_1_88' title="bbox 468 5463 2050 5539">
    <p class='ocr_par' dir='ltr' id='par_1_88' title="bbox 468 5463 2050 5539">
     <span class='ocr_line' id='line_1_89' title="bbox 468 5463 2050 5539; baseline 0.011 -22"><span class='ocrx_word' id='word_1_641' title='bbox 468 5463 862 5534; x_wconf 85' lang='lat' dir='ltr'><strong>pulchriorem.</strong></span> <span class='ocrx_word' id='word_1_642' title='bbox 892 5464 1330 5539; x_wconf 84' lang='lat' dir='ltr'><strong>Uniuscujusque</strong></span> <span class='ocrx_word' id='word_1_643' title='bbox 1363 5488 1496 5528; x_wconf 88' lang='lat' dir='ltr'><strong>vero</strong></span> <span class='ocrx_word' id='word_1_644' title='bbox 1524 5473 2050 5533; x_wconf 85' lang='lat' dir='ltr'><strong>demonstrationem</strong></span> 
     </span>
    </p>
   </div>
   <div class='ocr_carea' id='block_1_89' title="bbox 470 5550 2050 5636">
    <p class='ocr_par' dir='ltr' id='par_1_89' title="bbox 470 5550 2050 5636">
     <span class='ocr_line' id='line_1_90' title="bbox 470 5550 2050 5636; baseline 0.012 -28"><span class='ocrx_word' id='word_1_645' title='bbox 470 5569 537 5609; x_wconf 89' lang='lat' dir='ltr'><strong>ac</strong></span> <span class='ocrx_word' id='word_1_646' title='bbox 558 5550 743 5620; x_wconf 74' lang='lat' dir='ltr'><strong>ﬁdem,</strong></span> <span class='ocrx_word' id='word_1_647' title='bbox 784 5556 1054 5612; x_wconf 90' lang='lat' dir='ltr'><strong>rationem</strong></span> <span class='ocrx_word' id='word_1_648' title='bbox 1085 5559 1370 5631; x_wconf 87' lang='lat' dir='ltr'><strong>utriusque</strong></span> <span class='ocrx_word' id='word_1_649' title='bbox 1392 5563 1534 5618; x_wconf 86' lang='lat' dir='ltr'><strong>bene</strong></span> <span class='ocrx_word' id='word_1_650' title='bbox 1559 5569 1958 5636; x_wconf 76' lang='lat' dir='ltr'><strong>examinantes,</strong></span> <span class='ocrx_word' id='word_1_651' title='bbox 1981 5588 2050 5626; x_wconf 82' lang='lat' dir='ltr'><strong>cx</strong></span> 
     </span>
    </p>
   </div>
   <div class='ocr_carea' id='block_1_90' title="bbox 470 5644 2047 5721">
    <p class='ocr_par' dir='ltr' id='par_1_90' title="bbox 470 5644 2047 5721">
     <span class='ocr_line' id='line_1_91' title="bbox 470 5644 2047 5721; baseline 0.011 -20"><span class='ocrx_word' id='word_1_652' title='bbox 470 5660 620 5701; x_wconf 86' lang='lat' dir='ltr'><strong>sacra</strong></span> <span class='ocrx_word' id='word_1_653' title='bbox 658 5644 940 5718; x_wconf 88' lang='lat' dir='ltr'><strong>Scriptura</strong></span> <span class='ocrx_word' id='word_1_654' title='bbox 968 5658 1261 5721; x_wconf 88' lang='lat' dir='ltr'><strong>petemus:</strong></span> <span class='ocrx_word' id='word_1_655' title='bbox 1308 5673 1324 5705; x_wconf 79' lang='grc' dir='ltr'><strong>ι</strong></span> <span class='ocrx_word' id='word_1_656' title='bbox 1356 5653 1579 5711; x_wconf 88' lang='lat' dir='ltr'><strong>Factum</strong></span> <span class='ocrx_word' id='word_1_657' title='bbox 1619 5668 1703 5714; x_wconf 88' lang='lat' dir='ltr'><strong>est</strong></span> <span class='ocrx_word' id='word_1_658' title='bbox 1729 5669 1911 5716; x_wconf 89' lang='lat' dir='ltr'><strong>autem</strong></span> <span class='ocrx_word' id='word_1_659' title='bbox 1951 5679 2047 5719; x_wconf 82' lang='lat' dir='ltr'><strong>ve-</strong></span> 
     </span>
    </p>
   </div>
   <div class='ocr_carea' id='block_1_91' title="bbox 541 5828 1690 5909">
    <p class='ocr_par' dir='ltr' id='par_1_91' title="bbox 541 5828 1690 5909">
     <span class='ocr_line' id='line_1_92' title="bbox 541 5828 1690 5909; baseline 0.009 -23"><span class='ocrx_word' id='word_1_660' title='bbox 541 5828 592 5863; x_wconf 83' lang='lat'><strong>&quot;</strong></span> <span class='ocrx_word' id='word_1_661' title='bbox 623 5830 816 5888; x_wconf 71' lang='lat' dir='ltr'><strong>Matth.</strong></span> <span class='ocrx_word' id='word_1_662' title='bbox 854 5850 928 5899; x_wconf 77' lang='lat' dir='ltr'><strong>vr.</strong></span> <span class='ocrx_word' id='word_1_663' title='bbox 955 5837 1043 5893; x_wconf 75' lang='lat' dir='ltr'><strong>il.</strong></span> <span class='ocrx_word' id='word_1_664' title='bbox 1121 5839 1169 5871; x_wconf 83' lang='grc'><strong>⁷³</strong></span> <span class='ocrx_word' id='word_1_665' title='bbox 1195 5839 1340 5895; x_wconf 86' lang='lat' dir='ltr'><strong>Psal.</strong></span> <span class='ocrx_word' id='word_1_666' title='bbox 1373 5856 1575 5909; x_wconf 75' lang='lat' dir='ltr'><strong>Lxxvu,</strong></span> <span class='ocrx_word' id='word_1_667' title='bbox 1601 5841 1690 5896; x_wconf 72' lang='grc'><strong>14.</strong></span> 
     </span>
    </p>
   </div>
   <div class='ocr_carea' id='block_1_92' title="bbox 422 6064 475 6127">
    <p class='ocr_par' dir='ltr' id='par_1_92' title="bbox 422 6064 475 6127">
     <span class='ocr_line' id='line_1_93' title="bbox 422 6064 475 6127; baseline 0 -8"><span class='ocrx_word' id='word_1_668' title='bbox 422 6064 475 6127; x_wconf 51' lang='grc' dir='ltr'>ᾗ</span> 
     </span>
    </p>
   </div>
   <div class='ocr_carea' id='block_1_93' title="bbox 2187 3268 3748 3348">
    <p class='ocr_par' dir='ltr' id='par_1_93' title="bbox 2187 3268 3748 3348">
     <span class='ocr_line' id='line_1_94' title="bbox 2187 3268 3748 3348; baseline -0.006 -20"><span class='ocrx_word' id='word_1_669' title='bbox 2187 3275 2306 3330; x_wconf 90' lang='grc' dir='ltr'>νίαν</span> <span class='ocrx_word' id='word_1_670' title='bbox 2349 3274 2766 3347; x_wconf 81' lang='grc' dir='ltr'>ἐπαγγέλλεται.</span> <span class='ocrx_word' id='word_1_671' title='bbox 2808 3275 2921 3331; x_wconf 80' lang='grc' dir='ltr'>Καὶ</span> <span class='ocrx_word' id='word_1_672' title='bbox 2952 3276 3016 3348; x_wconf 86' lang='grc' dir='ltr'>δὴ</span> <span class='ocrx_word' id='word_1_673' title='bbox 3046 3275 3142 3329; x_wconf 69' lang='grc' dir='ltr'>καὶ</span> <span class='ocrx_word' id='word_1_674' title='bbox 3177 3275 3433 3346; x_wconf 86' lang='grc' dir='ltr'>καθίησιν</span> <span class='ocrx_word' id='word_1_675' title='bbox 3466 3270 3649 3343; x_wconf 77' lang='grc' dir='ltr'>ἀφάτῳ</span> <span class='ocrx_word' id='word_1_676' title='bbox 3672 3268 3748 3320; x_wconf 85' lang='grc' dir='ltr'>δυ-</span> 
     </span>
    </p>
   </div>
   <div class='ocr_carea' id='block_1_94' title="bbox 2175 3362 3746 3440">
    <p class='ocr_par' dir='ltr' id='par_1_94' title="bbox 2175 3362 3746 3440">
     <span class='ocr_line' id='line_1_95' title="bbox 2175 3362 3746 3440; baseline 0.007 -21"><span class='ocrx_word' id='word_1_677' title='bbox 2175 3368 2339 3439; x_wconf 87' lang='grc' dir='ltr'>νάμει</span> <span class='ocrx_word' id='word_1_678' title='bbox 2373 3366 2614 3440; x_wconf 75' lang='grc' dir='ltr'>ἑσπέρας</span> <span class='ocrx_word' id='word_1_679' title='bbox 2660 3367 2761 3440; x_wconf 81' lang='grc' dir='ltr'>μὲν</span> <span class='ocrx_word' id='word_1_680' title='bbox 2794 3367 2892 3440; x_wconf 79' lang='grc' dir='ltr'>τὴν</span> <span class='ocrx_word' id='word_1_681' title='bbox 2938 3366 3395 3440; x_wconf 78' lang='grc' dir='ltr'>ὀρτυγομήτραν·</span> <span class='ocrx_word' id='word_1_682' title='bbox 3448 3367 3561 3436; x_wconf 75' lang='grc' dir='ltr'>ἅμα</span> <span class='ocrx_word' id='word_1_683' title='bbox 3598 3362 3650 3416; x_wconf 86' lang='grc' dir='ltr'><strong>δὲ</strong></span> <span class='ocrx_word' id='word_1_684' title='bbox 3689 3362 3746 3430; x_wconf 73' lang='grc' dir='ltr'><strong>τῇ</strong></span> 
     </span>
    </p>
   </div>
   <div class='ocr_carea' id='block_1_95' title="bbox 2174 3458 3746 3532">
    <p class='ocr_par' dir='ltr' id='par_1_95' title="bbox 2174 3458 3746 3532">
     <span class='ocr_line' id='line_1_96' title="bbox 2174 3458 3746 3532; baseline -0.004 -19"><span class='ocrx_word' id='word_1_685' title='bbox 2174 3458 2269 3527; x_wconf 76' lang='grc' dir='ltr'><strong>ἕῳ,</strong></span> <span class='ocrx_word' id='word_1_686' title='bbox 2303 3459 2363 3512; x_wconf 88' lang='grc' dir='ltr'><strong>τὸ</strong></span> <span class='ocrx_word' id='word_1_687' title='bbox 2394 3460 2591 3529; x_wconf 79' lang='grc' dir='ltr'>μάννα.</span> <span class='ocrx_word' id='word_1_688' title='bbox 2620 3460 2733 3515; x_wconf 70' lang='grc' dir='ltr'>Καὶ</span> <span class='ocrx_word' id='word_1_689' title='bbox 2782 3460 2858 3524; x_wconf 83' lang='grc' dir='ltr'>ὡς</span> <span class='ocrx_word' id='word_1_690' title='bbox 2888 3459 2917 3514; x_wconf 97' lang='lat'><strong>6</strong></span> <span class='ocrx_word' id='word_1_691' title='bbox 2958 3460 3102 3525; x_wconf 87' lang='grc' dir='ltr'>θεῖος</span> <span class='ocrx_word' id='word_1_692' title='bbox 3130 3463 3235 3532; x_wconf 79' lang='grc' dir='ltr'>ἔφη</span> <span class='ocrx_word' id='word_1_693' title='bbox 3280 3462 3476 3526; x_wconf 71' lang='grc' dir='ltr'>Δαῦὶδ,</span> <span class='ocrx_word' id='word_1_694' title='bbox 3516 3480 3533 3511; x_wconf 82' lang='grc' dir='ltr'><strong>ι</strong></span> <span class='ocrx_word' id='word_1_695' title='bbox 3571 3458 3746 3529; x_wconf 65' lang='grc' dir='ltr'>Ἄρτον</span> 
     </span>
    </p>
   </div>
   <div class='ocr_carea' id='block_1_96' title="bbox 2174 3547 3745 3623">
    <p class='ocr_par' dir='ltr' id='par_1_96' title="bbox 2174 3547 3745 3623">
     <span class='ocr_line' id='line_1_97' title="bbox 2174 3547 3745 3623; baseline 0.001 -24"><span class='ocrx_word' id='word_1_696' title='bbox 2174 3547 2404 3619; x_wconf 81' lang='grc' dir='ltr'>οὐρανοῦ</span> <span class='ocrx_word' id='word_1_697' title='bbox 2435 3547 2635 3603; x_wconf 72' lang='grc' dir='ltr'>ἔδωκεν</span> <span class='ocrx_word' id='word_1_698' title='bbox 2678 3548 2898 3619; x_wconf 79' lang='grc' dir='ltr'>αὐτοῖς,</span> <span class='ocrx_word' id='word_1_699' title='bbox 2943 3552 3109 3623; x_wconf 82' lang='grc' dir='ltr'>ἄρτον</span> <span class='ocrx_word' id='word_1_700' title='bbox 3143 3552 3396 3622; x_wconf 81' lang='grc' dir='ltr'>ἀγγέλων</span> <span class='ocrx_word' id='word_1_701' title='bbox 3439 3550 3630 3622; x_wconf 72' lang='grc' dir='ltr'>ἔφαγεν</span> <span class='ocrx_word' id='word_1_702' title='bbox 3668 3547 3745 3601; x_wconf 82' lang='grc' dir='ltr'>ἀν-</span> 
     </span>
    </p>
   </div>
   <div class='ocr_carea' id='block_1_97' title="bbox 2174 3623 3744 3714">
    <p class='ocr_par' dir='ltr' id='par_1_97' title="bbox 2174 3623 3744 3714">
     <span class='ocr_line' id='line_1_98' title="bbox 2174 3623 3744 3714; baseline 0.001 -23"><span class='ocrx_word' id='word_1_703' title='bbox 2174 3638 2412 3709; x_wconf 83' lang='grc' dir='ltr'>θρωπος.</span> <span class='ocrx_word' id='word_1_704' title='bbox 2450 3659 2471 3691; x_wconf 71' lang='grc' dir='ltr'><strong>ι</strong></span> <span class='ocrx_word' id='word_1_705' title='bbox 2511 3636 2985 3712; x_wconf 76' lang='grc' dir='ltr'>Πεπληροφόρηκε</span> <span class='ocrx_word' id='word_1_706' title='bbox 3016 3638 3073 3695; x_wconf 82' lang='grc' dir='ltr'>δὲ</span> <span class='ocrx_word' id='word_1_707' title='bbox 3116 3643 3206 3696; x_wconf 80' lang='grc' dir='ltr'><strong>διὰ</strong></span> <span class='ocrx_word' id='word_1_708' title='bbox 3235 3643 3433 3714; x_wconf 88' lang='grc' dir='ltr'>πείρας</span> <span class='ocrx_word' id='word_1_709' title='bbox 3471 3640 3632 3707; x_wconf 72' lang='grc' dir='ltr'>αὐτῆς</span> <span class='ocrx_word' id='word_1_710' title='bbox 3661 3623 3744 3688; x_wconf 64' lang='grc' dir='ltr'><strong>κειὶ</strong></span> 
     </span>
    </p>
   </div>
   <div class='ocr_carea' id='block_1_98' title="bbox 2174 3725 3743 3806">
    <p class='ocr_par' dir='ltr' id='par_1_98' title="bbox 2174 3725 3743 3806">
     <span class='ocr_line' id='line_1_99' title="bbox 2174 3725 3743 3806; baseline -0.003 -23"><span class='ocrx_word' id='word_1_711' title='bbox 2174 3730 2539 3801; x_wconf 78' lang='grc' dir='ltr'>πραγμάτων,</span> <span class='ocrx_word' id='word_1_712' title='bbox 2571 3728 2653 3786; x_wconf 81' lang='grc' dir='ltr'>ὅτι</span> <span class='ocrx_word' id='word_1_713' title='bbox 2682 3732 2905 3787; x_wconf 83' lang='grc' dir='ltr'>δύναται</span> <span class='ocrx_word' id='word_1_714' title='bbox 2947 3735 2975 3788; x_wconf 93' lang='lat'><strong>6</strong></span> <span class='ocrx_word' id='word_1_715' title='bbox 3005 3733 3138 3797; x_wconf 78' lang='grc' dir='ltr'>Θεὸς</span> <span class='ocrx_word' id='word_1_716' title='bbox 3175 3734 3343 3806; x_wconf 85' lang='grc' dir='ltr'>ἄρτον</span> <span class='ocrx_word' id='word_1_717' title='bbox 3371 3751 3429 3788; x_wconf 91' lang='grc' dir='ltr'><strong>τε</strong></span> <span class='ocrx_word' id='word_1_718' title='bbox 3460 3733 3633 3786; x_wconf 81' lang='grc' dir='ltr'>δοῦναι</span> <span class='ocrx_word' id='word_1_719' title='bbox 3661 3725 3743 3781; x_wconf 85' lang='grc' dir='ltr'><strong>καί</strong></span> 
     </span>
    </p>
   </div>
   <div class='ocr_carea' id='block_1_99' title="bbox 2173 3818 3741 3900">
    <p class='ocr_par' dir='ltr' id='par_1_99' title="bbox 2173 3818 3741 3900">
     <span class='ocr_line' id='line_1_100' title="bbox 2173 3818 3741 3900; baseline -0.003 -25"><span class='ocrx_word' id='word_1_720' title='bbox 2173 3823 2463 3894; x_wconf 82' lang='grc' dir='ltr'>ἑτοιμάσαι</span> <span class='ocrx_word' id='word_1_721' title='bbox 2498 3826 2778 3895; x_wconf 83' lang='grc' dir='ltr'>τράπεζαν</span> <span class='ocrx_word' id='word_1_722' title='bbox 2816 3828 2874 3879; x_wconf 83' lang='grc' dir='ltr'>ὲν</span> <span class='ocrx_word' id='word_1_723' title='bbox 2908 3827 3122 3898; x_wconf 77' lang='grc' dir='ltr'>ἐρήμῳ.</span> <span class='ocrx_word' id='word_1_724' title='bbox 3158 3826 3414 3900; x_wconf 87' lang='grc' dir='ltr'>καθάπερ</span> <span class='ocrx_word' id='word_1_725' title='bbox 3446 3824 3626 3899; x_wconf 83' lang='grc' dir='ltr'>ἀμέλει</span> <span class='ocrx_word' id='word_1_726' title='bbox 3658 3818 3741 3873; x_wconf 75' lang='grc' dir='ltr'>καὶ</span> 
     </span>
    </p>
   </div>
   <div class='ocr_carea' id='block_1_100' title="bbox 2169 3910 3734 3993">
    <p class='ocr_par' dir='ltr' id='par_1_100' title="bbox 2169 3910 3734 3993">
     <span class='ocr_line' id='line_1_101' title="bbox 2169 3910 3734 3993; baseline 0.003 -24"><span class='ocrx_word' id='word_1_727' title='bbox 2169 3918 2198 3969; x_wconf 88' lang='lat'><strong>6</strong></span> <span class='ocrx_word' id='word_1_728' title='bbox 2222 3915 2424 3988; x_wconf 81' lang='grc' dir='ltr'>Κύριος</span> <span class='ocrx_word' id='word_1_729' title='bbox 2450 3914 2610 3988; x_wconf 76' lang='grc' dir='ltr'>ἡμῶν</span> <span class='ocrx_word' id='word_1_730' title='bbox 2652 3914 2859 3990; x_wconf 74' lang='grc' dir='ltr'>Ἰησοῦς</span> <span class='ocrx_word' id='word_1_731' title='bbox 2883 3919 3122 3990; x_wconf 87' lang='grc' dir='ltr'>Χριστὸς</span> <span class='ocrx_word' id='word_1_732' title='bbox 3144 3918 3215 3972; x_wconf 85' lang='grc' dir='ltr'>τὰ</span> <span class='ocrx_word' id='word_1_733' title='bbox 3245 3919 3338 3972; x_wconf 77' lang='grc' dir='ltr'><strong>ἴσα</strong></span> <span class='ocrx_word' id='word_1_734' title='bbox 3361 3910 3734 3993; x_wconf 73' lang='grc' dir='ltr'>τερατουργῶνι</span> 
     </span>
    </p>
   </div>
   <div class='ocr_carea' id='block_1_101' title="bbox 2171 4002 3735 4083">
    <p class='ocr_par' dir='ltr' id='par_1_101' title="bbox 2171 4002 3735 4083">
     <span class='ocr_line' id='line_1_102' title="bbox 2171 4002 3735 4083; baseline -0.003 -24"><span class='ocrx_word' id='word_1_735' title='bbox 2171 4006 2333 4060; x_wconf 81' lang='grc' dir='ltr'>πέντε</span> <span class='ocrx_word' id='word_1_736' title='bbox 2358 4007 2661 4074; x_wconf 82' lang='grc' dir='ltr'>διακλάσας</span> <span class='ocrx_word' id='word_1_737' title='bbox 2685 4009 2903 4081; x_wconf 81' lang='grc' dir='ltr'>ἄρτους,</span> <span class='ocrx_word' id='word_1_738' title='bbox 2935 4011 3158 4083; x_wconf 86' lang='grc' dir='ltr'>ἐκόρεσε</span> <span class='ocrx_word' id='word_1_739' title='bbox 3196 4012 3295 4082; x_wconf 88' lang='grc' dir='ltr'>μὲν</span> <span class='ocrx_word' id='word_1_740' title='bbox 3330 4015 3386 4067; x_wconf 83' lang='grc' dir='ltr'><strong>ἐν</strong></span> <span class='ocrx_word' id='word_1_741' title='bbox 3412 4010 3595 4082; x_wconf 79' lang='grc' dir='ltr'>ἐρήμῳ</span> <span class='ocrx_word' id='word_1_742' title='bbox 3621 4002 3735 4058; x_wconf 83' lang='grc' dir='ltr'>πολ-</span> 
     </span>
    </p>
   </div>
   <div class='ocr_carea' id='block_1_102' title="bbox 2169 4097 3715 4173">
    <p class='ocr_par' dir='ltr' id='par_1_102' title="bbox 2169 4097 3715 4173">
     <span class='ocr_line' id='line_1_103' title="bbox 2169 4097 3715 4173; baseline -0.002 -23"><span class='ocrx_word' id='word_1_743' title='bbox 2169 4097 2316 4164; x_wconf 71' lang='grc' dir='ltr'>λοὺς,</span> <span class='ocrx_word' id='word_1_744' title='bbox 2348 4100 2437 4152; x_wconf 82' lang='grc' dir='ltr'>ὅτε</span> <span class='ocrx_word' id='word_1_745' title='bbox 2475 4101 2947 4172; x_wconf 87' lang='grc' dir='ltr'>συνεκομίσθησαν</span> <span class='ocrx_word' id='word_1_746' title='bbox 2971 4102 3242 4173; x_wconf 75' lang='grc' dir='ltr'>λειψάνων</span> <span class='ocrx_word' id='word_1_747' title='bbox 3289 4104 3498 4173; x_wconf 82' lang='grc' dir='ltr'>κόφινοι</span> <span class='ocrx_word' id='word_1_748' title='bbox 3528 4098 3715 4155; x_wconf 85' lang='grc' dir='ltr'>δώδεκα</span> 
     </span>
    </p>
   </div>
   <div class='ocr_carea' id='block_1_103' title="bbox 2198 4189 3729 4267">
    <p class='ocr_par' dir='ltr' id='par_1_103' title="bbox 2198 4189 3729 4267">
     <span class='ocr_line' id='line_1_104' title="bbox 2198 4189 3729 4267; baseline 0.003 -22"><span class='ocrx_word' id='word_1_749' title='bbox 2198 4191 2638 4263; x_wconf 80' lang='grc' dir='ltr'>Απεριέργαστοι</span> <span class='ocrx_word' id='word_1_750' title='bbox 2667 4191 2725 4245; x_wconf 80' lang='grc' dir='ltr'>δὲ</span> <span class='ocrx_word' id='word_1_751' title='bbox 2764 4190 3048 4259; x_wconf 82' lang='grc' dir='ltr'>παντελῶς</span> <span class='ocrx_word' id='word_1_752' title='bbox 3079 4196 3180 4267; x_wconf 77' lang='grc' dir='ltr'>τῆς</span> <span class='ocrx_word' id='word_1_753' title='bbox 3225 4189 3659 4267; x_wconf 76' lang='grc' dir='ltr'>θαυματουργίας</span> <span class='ocrx_word' id='word_1_754' title='bbox 3685 4189 3729 4240; x_wconf 64' lang='grc' dir='ltr'><strong>οἱ</strong></span> 
     </span>
    </p>
   </div>
   <div class='ocr_carea' id='block_1_104' title="bbox 2165 4274 3730 4357">
    <p class='ocr_par' dir='ltr' id='par_1_104' title="bbox 2165 4274 3730 4357">
     <span class='ocr_line' id='line_1_105' title="bbox 2165 4274 3730 4357; baseline -0.005 -19"><span class='ocrx_word' id='word_1_755' title='bbox 2165 4285 2383 4357; x_wconf 89' lang='grc' dir='ltr'>τρόποι,</span> <span class='ocrx_word' id='word_1_756' title='bbox 2427 4284 2609 4338; x_wconf 86' lang='grc' dir='ltr'>πίστει</span> <span class='ocrx_word' id='word_1_757' title='bbox 2639 4284 2704 4357; x_wconf 83' lang='grc' dir='ltr'>δὴ</span> <span class='ocrx_word' id='word_1_758' title='bbox 2749 4280 2843 4340; x_wconf 82' lang='grc' dir='ltr'>οὖν</span> <span class='ocrx_word' id='word_1_759' title='bbox 2873 4284 3127 4356; x_wconf 87' lang='grc' dir='ltr'>τιμάσθω</span> <span class='ocrx_word' id='word_1_760' title='bbox 3167 4283 3239 4339; x_wconf 81' lang='grc' dir='ltr'>τὰ</span> <span class='ocrx_word' id='word_1_761' title='bbox 3283 4286 3425 4356; x_wconf 84' lang='grc' dir='ltr'>ὑπὲρ</span> <span class='ocrx_word' id='word_1_762' title='bbox 3466 4281 3604 4345; x_wconf 83' lang='grc' dir='ltr'>νοῦν,</span> <span class='ocrx_word' id='word_1_763' title='bbox 3646 4274 3730 4330; x_wconf 79' lang='grc' dir='ltr'>καὶ</span> 
     </span>
    </p>
   </div>
   <div class='ocr_carea' id='block_1_105' title="bbox 2166 4363 3728 4448">
    <p class='ocr_par' dir='ltr' id='par_1_105' title="bbox 2166 4363 3728 4448">
     <span class='ocr_line' id='line_1_106' title="bbox 2166 4363 3728 4448; baseline -0.006 -18"><span class='ocrx_word' id='word_1_764' title='bbox 2166 4373 2413 4430; x_wconf 84' lang='grc' dir='ltr'>ἀκουέτω</span> <span class='ocrx_word' id='word_1_765' title='bbox 2458 4374 2591 4439; x_wconf 78' lang='grc' dir='ltr'>Θεὸς</span> <span class='ocrx_word' id='word_1_766' title='bbox 2639 4374 2794 4448; x_wconf 83' lang='grc' dir='ltr'><strong>παρά</strong></span> <span class='ocrx_word' id='word_1_767' title='bbox 2857 4376 3077 4430; x_wconf 88' lang='grc' dir='ltr'>πάντων</span> <span class='ocrx_word' id='word_1_768' title='bbox 3125 4374 3567 4448; x_wconf 87' lang='grc' dir='ltr'>τεθαυμακότων·</span> <span class='ocrx_word' id='word_1_769' title='bbox 3614 4363 3728 4423; x_wconf 75' lang='grc' dir='ltr'>Οἶδα</span> 
     </span>
    </p>
   </div>
   <div class='ocr_carea' id='block_1_106' title="bbox 2165 4466 3468 4525">
    <p class='ocr_par' dir='ltr' id='par_1_106' title="bbox 2165 4466 3468 4525">
     <span class='ocr_line' id='line_1_107' title="bbox 2165 4466 3468 4525; baseline -0.001 -3"><span class='ocrx_word' id='word_1_770' title='bbox 2165 4469 2249 4522; x_wconf 84' lang='grc' dir='ltr'>ὅτι</span> <span class='ocrx_word' id='word_1_771' title='bbox 2294 4467 2473 4523; x_wconf 89' lang='grc' dir='ltr'>πάντα</span> <span class='ocrx_word' id='word_1_772' title='bbox 2512 4466 2768 4523; x_wconf 83' lang='grc' dir='ltr'>δύνασαι·</span> <span class='ocrx_word' id='word_1_773' title='bbox 2815 4468 3074 4524; x_wconf 84' lang='grc' dir='ltr'>ἀδυνατεῖ</span> <span class='ocrx_word' id='word_1_774' title='bbox 3103 4468 3159 4523; x_wconf 86' lang='grc' dir='ltr'>δέ</span> <span class='ocrx_word' id='word_1_775' title='bbox 3190 4486 3273 4525; x_wconf 92' lang='grc' dir='ltr'><strong>σοι</strong></span> <span class='ocrx_word' id='word_1_776' title='bbox 3300 4467 3468 4524; x_wconf 79' lang='grc' dir='ltr'>οὐδέν.</span> 
     </span>
    </p>
   </div>
   <div class='ocr_carea' id='block_1_107' title="bbox 2236 4649 3722 4735">
    <p class='ocr_par' dir='ltr' id='par_1_107' title="bbox 2236 4649 3722 4735">
     <span class='ocr_line' id='line_1_108' title="bbox 2236 4649 3722 4735; baseline -0.008 -19"><span class='ocrx_word' id='word_1_777' title='bbox 2236 4660 2303 4731; x_wconf 84' lang='grc' dir='ltr'><strong>β’.</strong></span> <span class='ocrx_word' id='word_1_778' title='bbox 2348 4660 2487 4713; x_wconf 77' lang='grc' dir='ltr'>Ἀλλ’</span> <span class='ocrx_word' id='word_1_779' title='bbox 2509 4661 2567 4715; x_wconf 91' lang='grc' dir='ltr'><strong>ἐν</strong></span> <span class='ocrx_word' id='word_1_780' title='bbox 2598 4661 2808 4726; x_wconf 83' lang='grc' dir='ltr'>τούτοις</span> <span class='ocrx_word' id='word_1_781' title='bbox 2829 4662 2928 4732; x_wconf 81' lang='grc' dir='ltr'>μὲν</span> <span class='ocrx_word' id='word_1_782' title='bbox 2959 4664 3092 4734; x_wconf 83' lang='grc' dir='ltr'>ἡμῖν</span> <span class='ocrx_word' id='word_1_783' title='bbox 3125 4664 3154 4716; x_wconf 89' lang='lat'><strong>6</strong></span> <span class='ocrx_word' id='word_1_784' title='bbox 3181 4662 3310 4735; x_wconf 71' lang='grc' dir='ltr'>περὶ</span> <span class='ocrx_word' id='word_1_785' title='bbox 3341 4660 3447 4715; x_wconf 83' lang='grc' dir='ltr'><strong>τῶν</strong></span> <span class='ocrx_word' id='word_1_786' title='bbox 3474 4649 3722 4723; x_wconf 76' lang='grc' dir='ltr'>αἰσθητῶν</span> 
     </span>
    </p>
   </div>
   <div class='ocr_carea' id='block_1_108' title="bbox 2164 4741 3721 4825">
    <p class='ocr_par' dir='ltr' id='par_1_108' title="bbox 2164 4741 3721 4825">
     <span class='ocr_line' id='line_1_109' title="bbox 2164 4741 3721 4825; baseline 0.003 -20"><span class='ocrx_word' id='word_1_787' title='bbox 2164 4751 2305 4805; x_wconf 77' lang='grc' dir='ltr'>ἔστω</span> <span class='ocrx_word' id='word_1_788' title='bbox 2318 4751 2495 4821; x_wconf 85' lang='grc' dir='ltr'>λόγος.</span> <span class='ocrx_word' id='word_1_789' title='bbox 2520 4752 2616 4817; x_wconf 90' lang='grc' dir='ltr'>Τίς</span> <span class='ocrx_word' id='word_1_790' title='bbox 2637 4752 2681 4806; x_wconf 83' lang='grc' dir='ltr'>δ’</span> <span class='ocrx_word' id='word_1_791' title='bbox 2710 4753 2777 4808; x_wconf 86' lang='grc' dir='ltr'>ἂν</span> <span class='ocrx_word' id='word_1_792' title='bbox 2798 4755 3010 4824; x_wconf 82' lang='grc' dir='ltr'>γένοιτο</span> <span class='ocrx_word' id='word_1_793' title='bbox 3038 4754 3221 4809; x_wconf 86' lang='grc' dir='ltr'>λοιπὸν</span> <span class='ocrx_word' id='word_1_794' title='bbox 3245 4755 3345 4825; x_wconf 85' lang='grc' dir='ltr'>τῆς</span> <span class='ocrx_word' id='word_1_795' title='bbox 3374 4741 3721 4820; x_wconf 70' lang='grc' dir='ltr'>πνευματικῆς</span> 
     </span>
    </p>
   </div>
   <div class='ocr_carea' id='block_1_109' title="bbox 2163 4841 3717 4918">
    <p class='ocr_par' dir='ltr' id='par_1_109' title="bbox 2163 4841 3717 4918">
     <span class='ocr_line' id='line_1_110' title="bbox 2163 4841 3717 4918; baseline 0 -20"><span class='ocrx_word' id='word_1_796' title='bbox 2163 4844 2396 4915; x_wconf 85' lang='grc' dir='ltr'>θεωρίας</span> <span class='ocrx_word' id='word_1_797' title='bbox 2430 4846 2460 4898; x_wconf 87' lang='lat'><strong>6</strong></span> <span class='ocrx_word' id='word_1_798' title='bbox 2482 4844 2628 4911; x_wconf 84' lang='grc' dir='ltr'>νοῦς,</span> <span class='ocrx_word' id='word_1_799' title='bbox 2649 4844 2682 4916; x_wconf 82' lang='grc' dir='ltr'>ἢ</span> <span class='ocrx_word' id='word_1_800' title='bbox 2704 4844 2755 4899; x_wconf 90' lang='grc' dir='ltr'><strong>τί</strong></span> <span class='ocrx_word' id='word_1_801' title='bbox 2774 4846 2867 4899; x_wconf 81' lang='grc' dir='ltr'>τοῦ</span> <span class='ocrx_word' id='word_1_802' title='bbox 2913 4847 3080 4918; x_wconf 92' lang='grc' dir='ltr'>νόμου</span> <span class='ocrx_word' id='word_1_803' title='bbox 3101 4847 3163 4901; x_wconf 89' lang='grc' dir='ltr'><strong>τὸ</strong></span> <span class='ocrx_word' id='word_1_804' title='bbox 3183 4848 3407 4916; x_wconf 74' lang='grc' dir='ltr'>αἴνιγμα</span> <span class='ocrx_word' id='word_1_805' title='bbox 3427 4841 3717 4909; x_wconf 77' lang='grc' dir='ltr'>πολυπραγ-</span> 
     </span>
    </p>
   </div>
   <div class='ocr_carea' id='block_1_110' title="bbox 2169 4928 3715 5012">
    <p class='ocr_par' dir='ltr' id='par_1_110' title="bbox 2169 4928 3715 5012">
     <span class='ocr_line' id='line_1_111' title="bbox 2169 4928 3715 5012; baseline -0.001 -23"><span class='ocrx_word' id='word_1_806' title='bbox 2169 4939 2350 5008; x_wconf 84' lang='grc' dir='ltr'>μονεῖν</span> <span class='ocrx_word' id='word_1_807' title='bbox 2373 4938 2689 5003; x_wconf 87' lang='grc' dir='ltr'>ἀναγκαῖον,</span> <span class='ocrx_word' id='word_1_808' title='bbox 2708 4937 3021 5012; x_wconf 80' lang='grc' dir='ltr'>φιλοθηρεῖν</span> <span class='ocrx_word' id='word_1_809' title='bbox 3038 4934 3098 4993; x_wconf 82' lang='grc' dir='ltr'>εὖ</span> <span class='ocrx_word' id='word_1_810' title='bbox 3129 4938 3276 5010; x_wconf 83' lang='grc' dir='ltr'>μάλα</span> <span class='ocrx_word' id='word_1_811' title='bbox 3300 4928 3715 4993; x_wconf 79' lang='grc' dir='ltr'>διεσπουδακόσιν</span> 
     </span>
    </p>
   </div>
   <div class='ocr_carea' id='block_1_111' title="bbox 2160 5021 3709 5100">
    <p class='ocr_par' dir='ltr' id='par_1_111' title="bbox 2160 5021 3709 5100">
     <span class='ocr_line' id='line_1_112' title="bbox 2160 5021 3709 5100; baseline -0.009 -15"><span class='ocrx_word' id='word_1_812' title='bbox 2160 5029 2292 5098; x_wconf 75' lang='grc' dir='ltr'>ἡμῖν</span> <span class='ocrx_word' id='word_1_813' title='bbox 2313 5026 2411 5099; x_wconf 81' lang='grc' dir='ltr'>τὴν</span> <span class='ocrx_word' id='word_1_814' title='bbox 2434 5027 2710 5097; x_wconf 80' lang='grc' dir='ltr'>ἀλήθειαν.</span> <span class='ocrx_word' id='word_1_815' title='bbox 2753 5029 3027 5100; x_wconf 80' lang='grc' dir='ltr'>Εἰσόμεθα</span> <span class='ocrx_word' id='word_1_816' title='bbox 3061 5031 3244 5086; x_wconf 83' lang='grc' dir='ltr'>τοίνυν</span> <span class='ocrx_word' id='word_1_817' title='bbox 3273 5031 3368 5087; x_wconf 59' lang='grc' dir='ltr'><strong>καὶ¹</strong></span> <span class='ocrx_word' id='word_1_818' title='bbox 3403 5026 3488 5082; x_wconf 83' lang='grc' dir='ltr'>διὰ</span> <span class='ocrx_word' id='word_1_819' title='bbox 3510 5021 3709 5080; x_wconf 81' lang='grc' dir='ltr'>τούτων,</span> 
     </span>
    </p>
   </div>
   <div class='ocr_carea' id='block_1_112' title="bbox 2158 5117 3710 5194">
    <p class='ocr_par' dir='ltr' id='par_1_112' title="bbox 2158 5117 3710 5194">
     <span class='ocr_line' id='line_1_113' title="bbox 2158 5117 3710 5194; baseline -0.007 -21"><span class='ocrx_word' id='word_1_820' title='bbox 2158 5121 2234 5185; x_wconf 86' lang='grc' dir='ltr'>ὡς</span> <span class='ocrx_word' id='word_1_821' title='bbox 2256 5120 2401 5174; x_wconf 87' lang='grc' dir='ltr'>ἐστιν</span> <span class='ocrx_word' id='word_1_822' title='bbox 2429 5120 2817 5192; x_wconf 83' lang='grc' dir='ltr'>ἀναμφιλόγως</span> <span class='ocrx_word' id='word_1_823' title='bbox 2831 5123 2934 5194; x_wconf 83' lang='grc' dir='ltr'>τῆς</span> <span class='ocrx_word' id='word_1_824' title='bbox 2952 5124 3313 5194; x_wconf 62' lang='grc' dir='ltr'>εὐαηελικῆς</span> <span class='ocrx_word' id='word_1_825' title='bbox 3326 5117 3584 5177; x_wconf 80' lang='grc' dir='ltr'>πολιτείας</span> <span class='ocrx_word' id='word_1_826' title='bbox 3600 5124 3710 5164; x_wconf 81' lang='grc' dir='ltr'>κατ-</span> 
     </span>
    </p>
   </div>
   <div class='ocr_carea' id='block_1_113' title="bbox 2160 5204 3706 5287">
    <p class='ocr_par' dir='ltr' id='par_1_113' title="bbox 2160 5204 3706 5287">
     <span class='ocr_line' id='line_1_114' title="bbox 2160 5204 3706 5287; baseline -0.003 -22"><span class='ocrx_word' id='word_1_827' title='bbox 2160 5212 2340 5282; x_wconf 83' lang='grc' dir='ltr'>όπινή</span> <span class='ocrx_word' id='word_1_828' title='bbox 2379 5212 2598 5283; x_wconf 80' lang='grc' dir='ltr'>νομικὴ,</span> <span class='ocrx_word' id='word_1_829' title='bbox 2630 5213 2728 5267; x_wconf 74' lang='grc' dir='ltr'>καὶ</span> <span class='ocrx_word' id='word_1_830' title='bbox 2760 5212 2868 5266; x_wconf 84' lang='grc' dir='ltr'><strong>τῶν</strong></span> <span class='ocrx_word' id='word_1_831' title='bbox 2898 5217 2979 5277; x_wconf 84' lang='grc' dir='ltr'>εἰς</span> <span class='ocrx_word' id='word_1_832' title='bbox 3012 5215 3369 5287; x_wconf 87' lang='grc' dir='ltr'>φιλοσαρκίαν</span> <span class='ocrx_word' id='word_1_833' title='bbox 3399 5204 3706 5277; x_wconf 80' lang='grc' dir='ltr'>αίτιαμάτων</span> 
     </span>
    </p>
   </div>
   <div class='ocr_carea' id='block_1_114' title="bbox 2157 5292 3705 5378">
    <p class='ocr_par' dir='ltr' id='par_1_114' title="bbox 2157 5292 3705 5378">
     <span class='ocr_line' id='line_1_115' title="bbox 2157 5292 3705 5378; baseline -0.006 -24"><span class='ocrx_word' id='word_1_834' title='bbox 2157 5300 2258 5354; x_wconf 73' lang='grc' dir='ltr'><strong>οὐκ</strong></span> <span class='ocrx_word' id='word_1_835' title='bbox 2304 5301 2594 5372; x_wconf 80' lang='grc' dir='ltr'>ἐλευθέρα,</span> <span class='ocrx_word' id='word_1_836' title='bbox 2630 5303 2976 5373; x_wconf 80' lang='grc' dir='ltr'>ἀπήλλακται</span> <span class='ocrx_word' id='word_1_837' title='bbox 3016 5305 3073 5358; x_wconf 82' lang='grc' dir='ltr'>δὲ</span> <span class='ocrx_word' id='word_1_838' title='bbox 3116 5307 3236 5378; x_wconf 73' lang='grc' dir='ltr'>οὐχὶ</span> <span class='ocrx_word' id='word_1_839' title='bbox 3280 5304 3503 5375; x_wconf 82' lang='grc' dir='ltr'>γεώδους</span> <span class='ocrx_word' id='word_1_840' title='bbox 3540 5292 3705 5351; x_wconf 78' lang='grc' dir='ltr'>ἐπιθυο</span> 
     </span>
    </p>
   </div>
   <div class='ocr_carea' id='block_1_115' title="bbox 2163 5377 3701 5469">
    <p class='ocr_par' dir='ltr' id='par_1_115' title="bbox 2163 5377 3701 5469">
     <span class='ocr_line' id='line_1_116' title="bbox 2163 5377 3701 5469; baseline 0.008 -27"><span class='ocrx_word' id='word_1_841' title='bbox 2163 5390 2316 5462; x_wconf 87' lang='grc' dir='ltr'>μίας,</span> <span class='ocrx_word' id='word_1_842' title='bbox 2346 5390 2463 5445; x_wconf 86' lang='grc' dir='ltr'>ἀλλ’</span> <span class='ocrx_word' id='word_1_843' title='bbox 2496 5392 2531 5463; x_wconf 78' lang='grc' dir='ltr'><strong>ἦ</strong></span> <span class='ocrx_word' id='word_1_844' title='bbox 2561 5409 2624 5461; x_wconf 88' lang='grc' dir='ltr'><strong>γε</strong></span> <span class='ocrx_word' id='word_1_845' title='bbox 2652 5392 2772 5446; x_wconf 90' lang='grc' dir='ltr'>θεία</span> <span class='ocrx_word' id='word_1_846' title='bbox 2802 5394 2897 5446; x_wconf 77' lang='grc' dir='ltr'>καὶ</span> <span class='ocrx_word' id='word_1_847' title='bbox 2924 5395 3274 5469; x_wconf 76' lang='grc' dir='ltr'>εὐαγγελικὴ,</span> <span class='ocrx_word' id='word_1_848' title='bbox 3301 5384 3622 5462; x_wconf 74' lang='grc' dir='ltr'><strong>πνευματική</strong></span> <span class='ocrx_word' id='word_1_849' title='bbox 3651 5377 3701 5431; x_wconf 76' lang='grc' dir='ltr'><strong>τέ</strong></span> 
     </span>
    </p>
   </div>
   <div class='ocr_carea' id='block_1_116' title="bbox 2158 5476 3697 5560">
    <p class='ocr_par' dir='ltr' id='par_1_116' title="bbox 2158 5476 3697 5560">
     <span class='ocr_line' id='line_1_117' title="bbox 2158 5476 3697 5560; baseline -0.001 -25"><span class='ocrx_word' id='word_1_850' title='bbox 2158 5485 2275 5535; x_wconf 82' lang='grc' dir='ltr'>ἐστι</span> <span class='ocrx_word' id='word_1_851' title='bbox 2325 5482 2419 5536; x_wconf 73' lang='grc' dir='ltr'>καὶ</span> <span class='ocrx_word' id='word_1_852' title='bbox 2461 5482 2714 5554; x_wconf 81' lang='grc' dir='ltr'>ἄμωμος,</span> <span class='ocrx_word' id='word_1_853' title='bbox 2760 5485 2855 5539; x_wconf 81' lang='grc' dir='ltr'>καὶ</span> <span class='ocrx_word' id='word_1_854' title='bbox 2894 5486 3225 5560; x_wconf 78' lang='grc' dir='ltr'>ἀσύγκριτον</span> <span class='ocrx_word' id='word_1_855' title='bbox 3273 5490 3382 5559; x_wconf 78' lang='grc' dir='ltr'>ἔχει</span> <span class='ocrx_word' id='word_1_856' title='bbox 3422 5483 3480 5536; x_wconf 84' lang='grc' dir='ltr'><strong>τὸ</strong></span> <span class='ocrx_word' id='word_1_857' title='bbox 3513 5476 3697 5533; x_wconf 68' lang='grc' dir='ltr'>κάλλος.</span> 
     </span>
    </p>
   </div>
   <div class='ocr_carea' id='block_1_117' title="bbox 2157 5568 3696 5647">
    <p class='ocr_par' dir='ltr' id='par_1_117' title="bbox 2157 5568 3696 5647">
     <span class='ocr_line' id='line_1_118' title="bbox 2157 5568 3696 5647; baseline -0.01 -20"><span class='ocrx_word' id='word_1_858' title='bbox 2157 5572 2457 5643; x_wconf 70' lang='grc' dir='ltr'>Ληψόμεθα</span> <span class='ocrx_word' id='word_1_859' title='bbox 2487 5572 2541 5625; x_wconf 82' lang='grc' dir='ltr'>δὲ</span> <span class='ocrx_word' id='word_1_860' title='bbox 2568 5574 2667 5645; x_wconf 76' lang='grc' dir='ltr'>τὴν</span> <span class='ocrx_word' id='word_1_861' title='bbox 2700 5575 2785 5641; x_wconf 76' lang='grc' dir='ltr'>ἐφ’</span> <span class='ocrx_word' id='word_1_862' title='bbox 2818 5575 3025 5647; x_wconf 80' lang='grc' dir='ltr'>ἑκάστῃ</span> <span class='ocrx_word' id='word_1_863' title='bbox 3057 5576 3310 5643; x_wconf 78' lang='grc' dir='ltr'>διάδειξιν</span> <span class='ocrx_word' id='word_1_864' title='bbox 3334 5572 3426 5628; x_wconf 74' lang='grc' dir='ltr'>καὶ</span> <span class='ocrx_word' id='word_1_865' title='bbox 3451 5568 3696 5634; x_wconf 64' lang='grc' dir='ltr'>πληροςοο</span> 
     </span>
    </p>
   </div>
   <div class='ocr_carea' id='block_1_118' title="bbox 2158 5647 3692 5739">
    <p class='ocr_par' dir='ltr' id='par_1_118' title="bbox 2158 5647 3692 5739">
     <span class='ocr_line' id='line_1_119' title="bbox 2158 5647 3692 5739; baseline -0.012 -20"><span class='ocrx_word' id='word_1_866' title='bbox 2158 5664 2303 5735; x_wconf 87' lang='grc' dir='ltr'>ρίαν,</span> <span class='ocrx_word' id='word_1_867' title='bbox 2338 5663 2428 5718; x_wconf 89' lang='grc' dir='ltr'><strong>τὸν</strong></span> <span class='ocrx_word' id='word_1_868' title='bbox 2459 5664 2543 5719; x_wconf 76' lang='grc' dir='ltr'>ἐπ’</span> <span class='ocrx_word' id='word_1_869' title='bbox 2574 5664 2779 5736; x_wconf 75' lang='grc' dir='ltr'>ἀμφοῖν</span> <span class='ocrx_word' id='word_1_870' title='bbox 2806 5661 2865 5720; x_wconf 80' lang='grc' dir='ltr'>εὖ</span> <span class='ocrx_word' id='word_1_871' title='bbox 2897 5667 3041 5738; x_wconf 82' lang='grc' dir='ltr'>μάλα</span> <span class='ocrx_word' id='word_1_872' title='bbox 3078 5666 3449 5739; x_wconf 81' lang='grc' dir='ltr'>βασανίζοντες</span> <span class='ocrx_word' id='word_1_873' title='bbox 3473 5655 3612 5726; x_wconf 86' lang='grc' dir='ltr'>λόγον</span> <span class='ocrx_word' id='word_1_874' title='bbox 3639 5647 3692 5700; x_wconf 79' lang='grc' dir='ltr'><strong>ἐκ</strong></span> 
     </span>
    </p>
   </div>
  </div>
