4060 6444
383 378 491 433 453

1422 379 1949 440 GLAPHYRORUM
1990 384 2058 441 IN
2099 380 2385 443 EXODUM
2424 386 2554 442 LIB.
2598 386 2660 443 ιι.

3574 392 3683 451 ιιι

376 500 476 570 τῆς
519 496 884 551 θεοπνεύστου
918 494 1162 571 Γραφῆς.
1222 515 1240 550 ι
1308 499 1555 570 Ἐγένετο
1607 506 1737 575 γάρο
1787 508 1956 576 φησὶν

2087 523 2269 577 spere,
2327 507 2526 577 inquit,
2572 516 2629 561 et
2665 505 2915 562 ascendit
2959 505 3214 561 coturnix
3238 547 3252 573 ,
3290 513 3359 578 et,
3386 515 3675 580 cooperuit.

377 589 607 661 ισπέρα.
652 590 749 643 καὶ
796 589 966 662 ἀνέϐη
1002 592 1417 665 ὀρτυγομήτρα,
1456 594 1551 649 καὶ
1592 596 1831 668 ἐκάλυψε
1879 598 1963 669 τὴς

2085 610 2286 654 castra.
2316 598 2490 679 .Mane
2532 608 2719 653 autem
2756 598 2960 653 factum
2996 612 3101 663 est,
3135 615 3262 655 cum
3285 614 3555 659 cessasset
3587 619 3681 660 ros

373 681 757 754 παρεμδολήν.
779 681 854 733 T6
878 682 1025 753 τιρωῖ
1046 682 1101 737 δὲ
1128 685 1369 753 ἐγένετο,
1398 691 1862 761 καταπαυομένης
1880 690 1982 761 τῆς

369 776 569 848 δρόσου
599 776 787 846 κύκλῳ
838 776 937 848 τὴς
979 776 1355 849 παρεμϐολῆς,
1400 781 1495 833 καὶ
1543 781 1651 835 ἰδοὺ
1683 780 1780 835 ἐπὶ
1814 783 1981 854 πρόσ-

367 885 524 923 ωπον
547 869 650 939 τῆς
676 871 885 940 ἐρήμου
916 868 1112 923 λεπτὸν
1138 870 1271 923 ὡσεὶ
1298 870 1706 942 κόριον,λευκὸν
1726 874 1857 927 ὡσεὶ
1876 875 1980 929 πά-

366 977 464 1029 γος
501 960 598 1012 ἐπὶ
628 960 729 1029 τῆς
746 961 872 1030 γῆς.
910 959 1132 1024 ’ἰδόντες
1154 961 1212 1014 δὲ
1244 961 1448 1034 αὐτου]
1498 966 1547 1018 oi
1584 966 1689 1018 υἱοὶ
1735 965 1974 1037 Ἰσραὴλ,

336 1048 541 1106 κεῐπαν
580 1052 767 1126 ἕτερος
802 1054 977 1126 ἑτέρῳ
998 1069 1013 1083 °
1058 1054 1124 1107 Τί
1156 1056 1273 1109 ἐστι
1301 1056 1494 1125 τοῦτο;
1523 1059 1582 1111 οὐ
1613 1058 1723 1130 γὰρ
1759 1060 1977 1130 ᾔδεισαν

357 1145 415 1197 τί
440 1140 537 1216 ἦν.
584 1139 723 1197 Eine
754 1143 810 1198 δὲ
842 1144 1082 1214 Μωῦσῆς
1112 1144 1253 1216 πρὸς
1282 1145 1515 1210 αὐτούς’
1552 1140 1724 1211 υῦτος
1754 1150 1783 1200 6
1811 1149 1976 1220 ἄρτος

352 1236 421 1289 ὃν
468 1235 677 1289 ἔδωκεν
721 1235 851 1306 ὑμῖν
882 1236 911 1289 6
957 1235 1164 1306 Κύριος
1212 1241 1411 1305 φαγεῖν
1434 1254 1448 1267 ·
1481 1237 1639 1291 τοῦτο
1670 1238 1731 1292 τὸ
1760 1238 1914 1310 ῥῆμα
1947 1239 1975 1293 6

310 1320 317 1329 ’
357 1326 631 1390 συνέταξε
660 1325 883 1398 Κύριος.
915 1326 1264 1395 Συναγάγετε
1301 1327 1394 1381 ἀπ’
1427 1327 1595 1381 αὐτοῦ
1624 1327 1858 1393 ἕκαστος
1892 1329 1976 1392 εἰς

354 1419 493 1481 τοὺς
548 1417 896 1488 καθήκοντας
942 1417 1141 1488 γόμορ,
1191 1418 1333 1472 κατά
1379 1419 1643 1489 κεφαλὴν,
1693 1420 1817 1472 κατ’
1857 1420 1975 1491 ἀρι-

356 1510 503 1580 θμὸν
526 1508 716 1581 ψυχῶν
747 1509 922 1581 ὑμῶν.
943 1510 1213 1573 ’Ἕκαστος
1233 1510 1330 1563 σὺν
1356 1512 1470 1573 τοῖς
1498 1512 1789 1582 συσκήνοις
1819 1510 1971 1583 ὑμῶν

354 1602 675 1668 συλλέξετε.
722 1602 1017 1674 Ἐποῑησαν
1053 1602 1112 1656 δὲ
1141 1602 1315 1667 οὕτως
1342 1604 1389 1656 οἱ
1426 1603 1537 1656 υἱοὶ
1580 1604 1827 1676 Ἰσραὴλ,
1876 1605 1971 1659 καὶ

356 1694 694 1760 συνέλεξαν,
744 1696 773 1749 6
804 1693 865 1748 τὸ
899 1695 1064 1759 πολὺ,
1100 1694 1194 1748 καὶ
1231 1696 1261 1748 6
1302 1694 1365 1747 τὸ
1394 1694 1621 1748 ἔλασσον
1643 1736 1658 1760 ,
1701 1697 1797 1749 καὶ
1841 1697 1971 1768 ἐμέ-

2084 689 2141 743 in
2176 689 2415 743 circuitu
2449 697 2783 753 castrorum,
2817 697 2870 741 et
2893 703 3023 743 ecce
3056 704 3224 759 super
3246 689 3443 745 faciem
3472 691 3680 749 deserti

2085 778 2289 834 subtile
2330 787 2390 833 ut
2427 779 2783 833 coriandrum
2810 778 3017 846 album,
3061 788 3121 833 ut
3144 780 3347 849 pruina
3374 797 3541 852 super
3566 791 3680 839 ter-

2082 885 2220 925 ram.
2271 871 2537 927 Videntes
2570 879 2753 925 autem
2799 870 2897 925 ﬁlii
2938 871 3105 927 lsrael
3137 872 3396 927 dixerunt
3436 874 3577 929 alter
3601 876 3678 929 al-

2083 964 2183 1018 teri
2212 980 2224 1016 :
2262 962 2405 1029 Quid
2444 971 2529 1017 est
2570 964 2675 1018 hoc
2703 963 2727 1016 ἲ
2756 978 2867 1017 non
2900 964 3047 1018 enim
3084 964 3332 1020 sciebant
3363 966 3498 1035 quid
3532 976 3672 1021 erat.

2079 1053 2228 1108 Dixit
2280 1063 2467 1108 autem
2513 1053 2691 1107 Moses
2725 1053 2795 1106 ad
2837 1069 2971 1108 eos:
3014 1053 3296 1126 llic'panis
3319 1070 3483 1125 quem
3518 1056 3675 1111 dedit

2079 1144 2346 1200 Dominus
2379 1145 2537 1199 vobis
2565 1144 2633 1199 ad
2671 1145 3071 1201 comedendum
3099 1162 3113 1211 ;
3141 1146 3247 1201 hoc
3268 1147 3499 1201 verbum
3524 1149 3673 1217 quod

2077 1238 2368 1293 constituit
2399 1239 2685 1293 Dominus.
2713 1235 2967 1309 Colligite
2994 1254 3061 1292 ex
3093 1253 3162 1293 eo
3188 1240 3569 1310 unusquisque
3604 1241 3671 1294 ad

2075 1329 2362 1400 proximos
2400 1347 2615 1402 gomor,
2655 1330 2961 1386 secundum
2996 1340 3180 1400 caput,
3201 1332 3358 1402 juxta
3378 1348 3669 1387 numerum

2074 1420 2388 1475 animarum
2416 1430 2747 1476 vestrarum.
2777 1422 3168 1493 Unusquisque
3203 1436 3330 1480 cum
3366 1425 3669 1479 contuber-

2073 1512 2294 1567 nalibus
2320 1513 2523 1569 vestris
2551 1513 2814 1584 colligite.
2848 1513 3121 1569 Fecerunt
3153 1524 3338 1568 autem
3366 1504 3445 1569 sic
3467 1514 3564 1569 ﬁlii
3589 1516 3668 1571 ls—

2072 1602 2215 1668 rael,
2268 1612 2325 1659 et
2388 1604 2733 1676 collegerunt
2775 1604 2919 1659 alius
2966 1605 3110 1675 plus,
3160 1605 3304 1660 alius
3343 1604 3567 1673 minus;
3613 1615 3671 1661 et

2073 1697 2366 1753 metientes
2407 1713 2621 1769 gomor,
2681 1713 2794 1753 non
2844 1697 3148 1753 abundavit
3191 1697 3286 1769 qui
3321 1698 3576 1765 multum,
3610 1709 3669 1753 et

351 1805 584 1860 τρησαν
609 1788 671 1842 τὸ
694 1787 898 1860 γόμορ·
928 1789 1022 1842 καὶ¹
1054 1789 1155 1841 οὐκ
1186 1788 1514 1842 ἐπλεόνασεν
1541 1789 1570 1840 6
1593 1788 1655 1841 τδ
1684 1788 1839 1851 πολὺ,
1873 1791 1963 1843 καὶ

2071 1789 2165 1859 qui
2192 1789 2396 1856 minus,
2423 1805 2533 1844 non
2559 1790 2743 1845 minus
2767 1789 2961 1845 habuit
2988 1807 3000 1843 :
3028 1790 3412 1861 unusquisque
3445 1791 3515 1846 ad
3535 1806 3667 1861 pro-

350 1856 483 1936 6-76
514 1856 876 1947 ἔλαττον,τούκ
903 1881 1292 1954 ⁴ηλαττόνησεν,
1316 1881 1547 1946 ἕκαστος
1575 1884 1655 1946 εἰς
1677 1883 1804 1946 τοὺς
1832 1880 1963 1937 καθ-

2068 1856 2250 1937 arimos
2271 1882 2378 1937 sibi
2422 1882 2783 1954 collegerunt.
2832 1881 2978 1937 Dixit
3021 1856 3210 1936 autem
3227 1856 3405 1938 Moses
3437 1882 3505 1937 ad
3532 1856 3663 1937 eos:

347 1977 598 2047 ήκοντας
645 1977 781 2047 παρ’
806 1974 1007 2045 ἐαυτῷ.
1050 1971 1185 2028 Eius
1216 1975 1273 2029 δὲ
1296 1975 1540 2044 Μωῦσῆς
1572 1975 1710 2047 πρὸς
1734 1975 1962 2038 αὐτούς.

343 2066 571 2139 Μηδεὶς
601 2065 1035 2139 καταλ[ε]ιπέτω
1101 2066 1200 2121 ἀπ’
1234 2066 1402 2121 αὑτοῦ
1433 2069 1511 2132 εἰς
1549 2067 1611 2120 τὸ
1649 2068 1814 2141 πρωῒ.
1853 2067 1966 2122 Καὶ

343 2162 458 2214 οὐκ
474 2161 723 2231 ἥκουσαν
740 2160 974 2231 Μωῡσῇ,
1005 2158 1143 2214 ἀλλά
1169 2159 1465 2215 κατέλιπόν
1499 2177 1643 2224 τινες
1673 2162 1770 2214 iur‘
1797 2159 1963 2214 αὐτοῦ

345 2252 441 2316 εἰς
455 2252 519 2306 τὺ
541 2253 708 2324 πρωῒ,
727 2251 825 2307 καὶ
846 2250 1064 2318 ἐξέζεσε
1085 2251 1397 2324 σκώληκας,
1421 2254 1517 2306 καὶ
1548 2251 1819 2317 ὲπώζεσε.
1852 2253 1964 2307 Καὶ

338 2345 668 2419 ιπικράνθη
697 2344 789 2401 ἐπ’
815 2346 1000 2411 αὐτοῖς
1028 2346 1256 2416 Μωσῆς.
1301 2363 1320 2397 ι
1362 2346 1471 2398 Καὶ
1504 2344 1625 2415 μεθ’
1655 2346 1823 2417 ἔτερα
1858 2346 1963 2400 πά-

336 2438 468 2493 λιν⁸
524 2458 544 2491 ι
580 2434 719 2492 Eine
749 2438 807 2492 δὲ
832 2439 1041 2509 Μωσῆς
1069 2438 1208 2510 πρὸς
1241 2437 1439 2502 αὐτούς
1459 2454 1474 2468 ’
1507 2437 1679 2493 Τοῦτο
1706 2438 1768 2491 τὸ
1810 2439 1964 2510 ῥῆμά

336 2534 524 2595 ἐστιν,
545 2531 575 2583 6
600 2530 833 2595 ὲλάλησε
855 2530 1058 2601 Κύριος
1074 2548 1088 2561 ·
1119 2529 1376 2584 Σάϐϐατα
1396 2529 1528 2601 ἆγια
1548 2531 1862 2595 ἀνάπαυσις
1884 2529 1961 2601 τῷ

337 2623 552 2694 Κυρίῳ
577 2620 790 2697 αὔριον.
842 2622 985 2676 Ὅσα
1019 2620 1116 2675 ιάν
1146 2620 1409 2692 πέσσητε,
1438 2622 1671 2675 πέσσετε
1691 2639 1706 2653 ο
1743 2622 1838 2675 καὶ
1861 2622 1961 2675 ὅσα

336 2716 451 2769 ἰὰν
481 2714 655 2786 ἕψητε
685 2714 871 2785 ἓψετε,
919 2715 1013 2768 καὶ
1056 2717 1165 2769 πᾶν
1191 2714 1253 2769 τὸ
1286 2713 1599 2780 πλεονάζον,
1632 2714 1960 2769 καταλίπετε

332 2806 487 2863 αὑτὸ
521 2808 603 2871 εἰς
634 2802 925 2879 ἀποθήκην
955 2806 1033 2878 τῷ
1080 2808 1248 2878 πρωῒ.
1287 2808 1395 2862 Καὶ
1422 2806 1713 2862 κατέλιπον
1738 2808 1833 2861 ἀπ’
1858 2808 1959 2862 αὑ-

331 2894 447 2950 τοῦ
488 2898 573 2961 εἷς
610 2895 671 2951 τὸ
704 2897 872 2969 πρωῒ,
904 2896 1158 2968 καθάπερ
1194 2897 1482 2963 συνέταξεν
1514 2898 1699 2961 αὐτοῖς
1724 2896 1956 2967 Μωσῆς,

334 2988 453 3042 καὶ
497 2988 603 3041 οὐκ
631 2986 899 3055 ὲπώζεσε,
949 2988 1068 3041 οὐδὲ
1106 2988 1325 3060 σκώληξ
1367 2989 1583 3058 ἐγένετο
1613 2989 1671 3043 ἐν
1710 2986 1879 3059 αὐτῷ.
1933 3007 1952 3042 ι

332 3081 634 3134 Ἕκαστον
669 3079 769 3151 μὲν
799 3077 895 3135 οὖν
920 3081 982 3134 τὸ
1020 3080 1228 3151 ἀρκοῦν
1256 3080 1409 3152 αὐτῷ
1445 3081 1801 3152 συγκομίζειν
1832 3081 1958 3135 ἐκέ-

330 3172 536 3227 λευεν.
585 3174 778 3245 Ετργει
812 3173 871 3227 δὲ
902 3172 1159 3244 οὐδαμῶς
1193 3172 1361 3245 ἔργῳ,
1393 3174 1552 3245 εἴπερ
1580 3174 1755 3227 ἕλοιτο
1796 3175 1957 3245 τυχὸν
1986 3208 2030 3269 C

330 3266 445 3323 καὶ
479 3268 597 3330 τοῖς
619 3265 820 3320 ἀποῦσι
852 3266 1150 3336 συλλέγειν,
1184 3268 1280 3321 καὶ
1305 3266 1385 3338 τῷ
1409 3266 1508 3337 τῆς
1534 3268 1757 3339 ἀγάπης
1784 3285 1956 3321 κατα-

332 3357 747 3431 φαιϐρύνεσθαι
776 3358 948 3430 νόμῳ.
994 3358 1335 3427 Ἀποφάσκει
1365 3358 1422 3413 δὲ
1452 3358 1733 3423 παντελῶς
1763 3359 1825 3412 τὸ
1856 3377 1958 3428 φυ-

330 3451 573 3505 λάττειν
613 3450 696 3514 εἰς
736 3450 797 3504 τὸ
837 3448 1004 3522 πρωῒ,
1037 3449 1131 3504 καὶ
1161 3449 1324 3503 τοῦτο
1354 3449 1489 3522 δρᾲν
1516 3451 1620 3522 ἔφη
1656 3451 1763 3522 πρὸ
1793 3451 1956 3522 μόνου

329 3539 445 3594 τοῦ
481 3539 802 3605 Σαϐϐάτομ,
838 3540 928 3594 ἵνα
972 3540 1066 3593 καὶ
1090 3541 1119 3592 ὁ
1160 3541 1260 3611 τῆς
1287 3540 1488 3612 ἀργίας
1521 3541 1598 3614 μὴ
1638 3542 1958 3613 ἀτιμάζοιτο

333 3631 539 3702 νόμος.
576 3631 656 3684 Uti
700 3631 811 3704 γὰρ
851 3625 920 3704 ἦν
964 3633 1104 3696 ὅλως
1146 3633 1330 3703 εὑρεῖν
1375 3632 1434 3685 ὲν
1476 3632 1763 3705 Σαϐϐάτῳ,
1818 3635 1958 3707 μηδὲ

333 3723 642 3788 καθιέντος
669 3722 829 3792 Θεοῦ,
865 3725 1152 3797 μονονουχὶ
1182 3726 1239 3781 δὲ
1272 3725 1362 3781 διὰ
1390 3725 1544 3780 τοῦδε
1583 3716 1680 3781 καὶ
1712 3728 1960 3797 ἀναγκάο

335 3816 544 3883 (owe;
588 3815 935 3888 ἀφιλοεργεῐν
993 3820 1053 3872 ὲν
1109 3818 1392 3889 Σαϐϐάτῳ.
1455 3817 1595 3876 Ἀλλ’
1639 3820 1797 3891 ὀλίγα
1847 3822 1959 3875 τῶν

334 3910 519 3965 θείων
538 3909 1039 3981 χρησμῳδημάτων
1062 3911 1459 3983 πεφροντίκασί
1487 3930 1654 3977 τινες,
1682 3913 1780 3968 καὶ
1800 3931 1959 3987 τετη-

338 4001 565 4073 ρήκασι
607 3999 718 4070 πρὸ
747 4000 1053 4066 Σαϐϐάτου,
1091 4003 1209 4068 καὶ,
1245 4002 1323 4067 ὣς
1370 4020 1504 4073 φησι
1537 4004 1599 4058 τὸ
1628 4005 1872 4077 Γράμμα
1898 4006 1960 4059 τὸ

339 4088 524 4161 ἱερὸν,
577 4108 598 4142 ι
655 4089 955 4157 Ἐπὼζεσε,
1002 4092 1097 4146 καὶ
1147 4091 1366 4157 ἐξέζεσε
1417 4092 1728 4165 σκώληκας.
1790 4115 1808 4147 ι
1848 4097 1960 4151 Καὶ

337 4180 668 4253 ἐπικράνθη
685 4182 896 4254 Μωσῆς
915 4199 929 4213 ·
954 4182 1396 4256 ἑκδεϐραμήκασι
1418 4201 1477 4238 τε
1498 4188 1595 4241 καὶ
1614 4188 1672 4240 ἐν
1695 4187 1960 4260 Σαϐϐάτῳ

274 4332 279 4335 _
339 4271 728 4340 συλλέξαντες,
757 4277 853 4329 καὶ
872 4275 1174 4346 ἠγανάκτει
1201 4275 1354 4342 Θεός.
1386 4279 1701 4349 Γέγραπται
1728 4281 1838 4353 γὰρ
1861 4281 1959 4335 οὖ-

335 4376 493 4425 τως’
544 4379 567 4413 ι
637 4361 887 4431 Ἐγένετο
930 4363 990 4417 δὲ
1021 4365 1079 4417 ὲν
1114 4365 1298 4438 ἡμέρα
1344 4370 1411 4440 τῇ
1457 4367 1687 4441 ἑϐδόμῃ,
1735 4369 1959 4442 ἑξῆλθόν

335 4468 501 4516 τινες
528 4454 596 4505 ὲκ
633 4452 731 4507 τοῦ
764 4453 898 4507 λαοῦ
945 4454 1219 4522 συλλέξαι,
1252 4458 1347 4512 καὶ
1390 4459 1488 4529 οὐχ
1516 4454 1697 4530 εὖρον.
1733 4456 1870 4515 Eine
1900 4463 1959 4517 δὲ

2067 1973 2264 2028 Nullus
2309 1974 2588 2045 relinquat
2628 1989 2695 2029 ex
2742 1990 2810 2029 eo
2852 1975 2908 2029 in
2932 1989 3115 2029 mane.
3140 1974 3209 2029 Et
3228 1988 3341 2029 non
3369 1974 3666 2029 audierunt

2066 2065 2275 2132 Mosen,
2300 2068 2469 2139 288
2490 2067 2586 2122 sed
2609 2068 2957 2138 reliquerunt
2978 2065 3204 2136 quidam
3225 2081 3295 2121 ex
3312 2079 3380 2119 eo
3402 2065 3458 2119 in
3477 2080 3661 2128 mane,

2065 2166 2121 2210 et
2168 2156 2429 2210 eﬁ‘erbuit
2468 2172 2706 2221 vermes,
2737 2162 2795 2210 et
2840 2154 3201 2225 computruit.
3250 2153 3320 2209 Et
3348 2153 3665 2224 indignatus

2064 2259 2149 2303 est
2175 2256 2368 2304 contra
2394 2263 2492 2305 eos
2511 2248 2690 2308 Moses
2716 2248 2786 2301 ".
2823 2266 2842 2299 ι
2883 2248 2951 2303 Et
2974 2255 3099 2317 post
3120 2255 3319 2302 caetera
3346 2256 3543 2304 rursus
3568 2261 3665 2301 eos

2064 2341 2369 2413 alloquitur
2406 2342 2640 2398 dicens:
2695 2362 2712 2394 ι
2745 2339 2861 2398 Hoc
2899 2339 3421 2411 verbumestqnod
3446 2340 3666 2396 locutus

2062 2442 2148 2489 est
2185 2435 2488 2492 Dominus:
2517 2435 2757 2492 Sabbata
2779 2443 2969 2491 sancta
2995 2444 3126 2490 sunt
3157 2435 3381 2506 requies
3404 2435 3661 2498 Domino,

2063 2542 2205 2583 cras.
2246 2528 2604 2600 Quaecunque
2645 2530 2907 2584 coxeritis
2940 2528 3203 2599 coquite;
3242 2536 3299 2584 et
3318 2543 3662 2600 quaecunque

2061 2620 2404 2677 elixaveritis
2439 2621 2664 2687 elixate,
2702 2630 2760 2677 et
2799 2636 2963 2677 omne
2998 2619 3337 2691 superﬂuum
3365 2619 3663 2690 relinquite

2063 2711 2199 2767 illud
2240 2714 2299 2769 in
2337 2714 2736 2785 repositionem
2777 2714 2833 2767 in
2872 2714 3195 2769 crastinum.
3221 2696 3293 2768 Et
3315 2712 3663 2783 reliquerunt

2061 2820 2127 2859 ex
2152 2820 2218 2860 eo
2246 2806 2303 2861 in
2328 2821 2510 2871 mane,
2541 2807 2686 2861 sicut
2715 2813 3054 2876 praeceperat
3077 2804 3274 2869 Moses,
3304 2817 3410 2857 nec
3432 2817 3660 2873 compu-

2062 2897 2216 2961 truit,
2248 2913 2430 2968 neque
2452 2897 2660 2953 vermis
2683 2906 2849 2952 natus
2866 2904 2950 2952 est
2983 2897 3039 2950 in
3065 2894 3187 2966 ipso
3207 2895 3275 2950 ⁷³.
3300 2914 3325 2946 τ
3363 2894 3521 2961 Quod
3550 2894 3659 2967 igi-

2062 2996 2152 3044 tur
2189 2991 2492 3061 unicuique
2534 2990 2843 3059 suiﬁciebat
2880 2995 3230 3060 comportare
3259 2987 3444 3058 jussit.
3488 2986 3661 3042 Nemo

2014 3096 2019 3103 ’
2062 3090 2245 3137 autem
2277 3083 2636 3153 prohibebat,
2663 3082 2962 3154 quominus
2988 3082 3128 3136 alter
3151 3079 3313 3135 alteri
3341 3078 3387 3133 si
3410 3079 3578 3134 vellet
3604 3080 3660 3134 in

2061 3175 2312 3230 absentia
2359 3176 2665 3247 colligeret,
2700 3183 2875 3246 atque
2909 3174 2984 3229 ita
3009 3172 3301 3230 charitatis
3323 3171 3443 3243 lege
3465 3171 3663 3226 condi-

2062 3276 2166 3322 ret.
2206 3269 2380 3339 Negat
2416 3278 2603 3325 autem
2643 3269 2870 3325 omnino
2893 3266 3197 3338 quidquam
3224 3279 3347 3321 esse
3366 3259 3660 3320 reservan-

2060 3358 2192 3413 dum
2224 3360 2280 3414 in
2295 3336 2614 3417 crastinum
2646 3368 2660 3427 ξ
2696 3368 2755 3415 et
2788 3360 2834 3416 si
2869 3336 2976 3415 hoc
2997 3366 3125 3413 ante
3149 3357 3327 3412 solum
3357 3336 3671 3412 Sabbatum’

2060 3451 2366 3518 permittat,
2414 3468 2487 3507 ne
2521 3451 2665 3507 forte
2708 3451 2798 3507 lex
2830 3450 3036 3522 quietis
3071 3450 3333 3506 violetur.
3366 3449 3487 3504 Non
3509 3449 3658 3503 enim

2060 3544 2289 3598 omnino
2311 3542 2700 3598 inveniebatur
2726 3542 2989 3607 Sabbato,
3020 3542 3156 3596 nihil
3179 3540 3504 3596 demittente
3523 3539 3657 3603 Deo,

2060 3644 2122 3689 ut
2151 3635 2231 3690 sic
2268 3635 2673 3706 propemodum
2717 3643 2942 3706 cogeret
2966 3649 3064 3690 eos
3089 3634 3144 3689 in
3169 3633 3410 3689 Sabbato
3433 3633 3503 3688 ab
3524 3648 3660 3703 ope-

2061 3730 2216 3784 ribus
2262 3742 2479 3784 varare.
2528 3729 2733 3786 Verum
2780 3730 3068 3784 enimvero
3120 3728 3371 3798 plerique
3428 3742 3497 3781 ex
3554 3727 3658 3787 eis,

2059 3830 2379 3892 contempto
2403 3821 2593 3877 divino
2615 3821 2862 3887 oraculo,
2889 3822 3055 3877 etiam
3078 3821 3184 3876 hoc
3208 3827 3337 3875 ante
3359 3818 3660 3874 Sabbatum

2060 3922 2438 3978 reservarunt,
2480 3922 2668 3983 atque,
2711 3920 2775 3967 ut
2807 3914 2886 3967 ait
2929 3927 3083 3967 sacra
3110 3911 3418 3981 Scriptura,
3454 3929 3474 3961 ι
3502 3924 3658 3965 com-

2059 4005 2277 4075 putruit
2319 4014 2378 4060 et
2428 4006 2631 4061 scatuit
2671 4005 2975 4060 vermibus.
3008 4021 3027 4055 ι
3073 4003 3140 4058 Et
3179 4002 3544 4058 exacerbatus
3574 4010 3660 4055 est

2061 4097 2260 4163 Moses,
2281 4098 2412 4168 quia
2427 4099 2597 4153 etiam
2613 4098 2669 4151 in
2687 4096 2930 4152 Sabbato
2946 4095 3317 4151 excurrebant
3339 4094 3656 4158 collectum,

2059 4204 2128 4244 ex
2169 4204 2282 4260 quo
2313 4200 2371 4246 et
2407 4191 2553 4246 Deus
2583 4190 2702 4260 ipse
2740 4190 3082 4246 succensuit.
3107 4188 3187 4243 Ita
3209 4187 3358 4243 enim
3387 4186 3655 4263 scriptum

2059 4290 2146 4336 est
2175 4300 2187 4335 :
2218 4300 2237 4332 ι
2264 4280 2480 4337 Accidit
2504 4291 2691 4337 autem
2713 4290 2771 4337 et
2795 4283 2848 4336 in
2874 4283 2965 4337 die
2989 4281 3247 4351 septimo,
3280 4278 3491 4350 egressi
3528 4292 3658 4335 sunt

2062 4376 2231 4445 aliqui
2256 4375 2325 4430 de.
2348 4377 2555 4446 p0pulo
2574 4385 2636 4431 ut
2657 4377 2999 4448 colligerent,
3024 4374 3120 4431 sed
3140 4373 3281 4428 nihil
3302 4374 3653 4429 invenerunt.

2061 4467 2321 4538 Dixitque
2365 4468 2635 4525 Dominus
2662 4468 2729 4523 ad
2758 4468 2946 4524 Mosen
2980 4485 2994 4521 :
3030 4467 3330 4537 Usquequo
3349 4481 3462 4520 non
3490 4467 3659 4520 vultis

342 4547 566 4617 Κύριος
610 4546 751 4617 πρὸς
796 4547 1038 4620 Μωσῆν·
1075 4551 1222 4615 Ἕως
1247 4550 1394 4617 τίνος
1422 4552 1482 4606 οὐ
1524 4552 1779 4623 βούλεσθε
1845 4556 1959 4609 εἰσ-

2065 4560 2258 4616 audire
2279 4561 2537 4616 mandata
2558 4577 2702 4627 mea,
2728 4570 2783 4617 et
2804 4563 2980 4633 legem
3006 4560 3500 4616 meam?Dominus
3510 4559 3658 4614 enim

324 4637 585 4692 ,ακούειν
609 4637 714 4702 τὰς
750 4639 971 4703 ἐντολάς
997 4657 1099 4711 μου
1152 4641 1248 4697 καὶ
1285 4642 1378 4697 τὸν
1408 4643 1571 4714 νόμον
1601 4661 1733 4715 μους
1772 4646 1960 4714 Ἴδετε,

340 4732 376 4784 6
426 4730 641 4801 Κύριος
682 4730 853 4785 ἔδωκε
885 4731 985 4804 τὴν
1024 4732 1241 4806 ἡμέραν
1285 4734 1493 4807 ταύτην
1537 4735 1814 4793 Σάϐϐατα,
1864 4739 1964 4794 Διὰ

324 4823 466 4895 -γάρ
492 4822 660 4877 τοῦτο
678 4824 845 4889 αὐτὸς
872 4825 1075 4880 ἔδωκεν
1111 4828 1243 4899 ὑμῖν
1277 4832 1344 4901 τῇ
1376 4828 1559 4902 ἡμέρᾳ
1581 4833 1648 4903 τῇ
1679 4830 1814 4903 ἕκτῃ
1860 4833 1960 4903 ἄρ-

342 4933 484 4979 τους
515 4915 612 4969 δύο
636 4916 897 4989 ἡμερῶν·
927 4917 1230 4974 καθίσασθε
1258 4920 1491 4985 ἕκαστος
1515 4924 1597 4984 εἰς
1625 4922 1750 4986 τοὺς
1779 4922 1963 4989 οἴκους

344 5005 548 5080 ὑμῶν,
576 5008 771 5081 μηδεὶς
792 5008 948 5081 ὑμῶν
971 5011 1360 5082 ικπορευέσθω
1387 5012 1452 5065 ὲκ
1470 5011 1566 5065 τοῦ
1602 5011 1768 5066 τόπου
1794 5012 1958 5066 αὐτοῦ

341 5102 425 5173 τῇ
444 5099 639 5173 ἡμέρᾳ
655 5104 726 5174 τῇ
755 5101 982 5175 ἑϐδόμῃ.
1014 5121 1035 5154 ι
1065 5104 1176 5157 Καὶ
1200 5103 1286 5168 τίς
1312 5102 1380 5158 ἂν
1400 5103 1614 5172 γένοιτο
1634 5104 1771 5176 πρὸς
1796 5104 1959 5175 ήμῶν

344 5192 861 5266 Georg-ngote
881 5195 1108 5267 πρέπων
1134 5212 1197 5248 τε
1217 5196 1312 5249 καὶ
1335 5193 1744 5267 ἁρμοδιώτατος
1766 5195 1956 5265 λόγος;

284 5318 327 5359 ρ,
349 5285 420 5339 Τί
446 5284 520 5356 δὴ
552 5283 619 5339 τδ
650 5286 863 5359 ἑσπέρᾳ
894 5286 996 5358 μὲν
1030 5287 1132 5360 τὴν
1173 5288 1595 5360 ὀρτυγομήτραν
1635 5288 1828 5353 ἐλθεῖν,
1875 5289 1961 5342 δε-

264 5375 547 5435 δόσθαι
585 5377 644 5431 δὲ
686 5379 747 5432 ἐν
788 5379 932 5448 φωτὶ
977 5380 1075 5434 καὶ
1116 5379 1303 5452 ὄρθρῳ
1335 5380 1398 5434 τὸ
1434 5380 1641 5451 μάννας
1688 5376 1861 5451 οἶμαι
1902 5383 1961 5437 δὲ

350 5469 535 5538 trante
564 5470 1150 5540 πολυπραγμονεῖσθαι
1184 5473 1415 5544 πρέπειν
1434 5489 1449 5503 ⁸
1479 5474 1576 5527 καὶ
1606 5474 1714 5545 πρό
1755 5491 1819 5544 γε
1847 5474 1960 5528 τῶν

2060 4651 2217 4708 dedit
2238 4652 2398 4708 vobis
2423 4651 2570 4709 diem
2602 4654 2745 4710 hanc
2769 4654 3094 4709 Sabbatum.
3128 4653 3361 4723 Propter
3398 4652 3506 4707 hoc
3543 4652 3659 4722 ipse

2059 4740 2214 4797 dedit
2235 4741 2397 4797 vobis
2420 4741 2510 4797 die
2538 4751 2694 4798 sexto
2716 4759 2889 4814 panes
2918 4744 3156 4800 duorum
3194 4743 3435 4808 dierum,
3471 4742 3659 4796 sedete

2061 4834 2445 4905 unusquisque
2501 4835 2558 4890 in
2610 4836 2871 4891 domibus
2915 4838 3135 4903 vestris,
3181 4836 3371 4890 nullus
3410 4842 3659 4889 vestrum

2059 4926 2381 4996 egrediatur
2407 4927 2590 4983 eloco
2610 4943 2712 4983 suo
2737 4929 2827 4984 die
2849 4930 3086 4999 septimo
3109 4928 3174 4981 ⁷⁸.
3208 4947 3227 4980 ι
3249 4927 3510 4993 Quaenam
3526 4942 3660 4980 vero

2064 5027 2249 5088 potest
2271 5034 2302 5073 a
2325 5019 2492 5075 nobis
2513 5021 2779 5092 assignari
2811 5022 2956 5076 ratio
2972 5021 3126 5077 hisce
3143 5019 3308 5075 dictis
3324 5019 3662 5074 conveniens

2064 5116 2415 5186 maximeque
2455 5116 2699 5171 idonea?
2735 5114 2937 5182 Quare,
2976 5114 3231 5178 obsecro,
3280 5112 3534 5167 coturnix
3568 5129 3660 5168 ve-

2063 5207 2212 5276 speri
2254 5209 2428 5273 venit,
2474 5222 2674 5263 manna
2722 5220 2857 5260 vero
2906 5205 3154 5261 diluculo
3176 5221 3243 5261 ac
3282 5219 3445 5260 mane
3470 5205 3661 5260 datum

2063 5297 2192 5351 est?
2215 5297 2485 5366 Equidem
2513 5312 2614 5366 par
2652 5313 2774 5355 esse
2808 5297 3070 5363 arbitror,
3101 5306 3165 5352 ut
3185 5303 3445 5352 accurate
3471 5296 3541 5375 de
3576 5297 3661 5352 his

2065 5385 2413 5455 inquiramus
2438 5402 2454 5453 ;
2478 5400 2542 5441 ac
2565 5399 2678 5456 pra:
2699 5385 2917 5441 ueteris
2930 5386 3063 5457 quid
3081 5384 3357 5448 coturnix,
3375 5382 3513 5454 quid
3528 5383 3661 5436 item

2065 5493 2268 5534 manna
2298 5478 2527 5551 ﬁgurate
2548 5496 2615 5536 ac
2639 5479 2813 5536 veluti
2847 5481 2904 5536 in
2932 5479 3147 5537 umbm
3164 5478 3340 5552 ﬁgura
3363 5474 3657 5548 signiﬁcet.

351 5562 664 5628 incon-1t
710 5567 812 5637 μὲν
854 5568 890 5637 ή
932 5567 1345 5640 ὀρτυγομήτρα,
1379 5568 1434 5622 τί
1466 5569 1524 5623 δὲ
1560 5570 1746 5624 καὶτὸ
1795 5571 1972 5641 μάννα
2021 5577 2488 5647 κατασημαίνοιεν
2535 5578 2604 5634 ἄν
2647 5578 3064 5651 αἰνιγματωδῶς
3126 5577 3224 5632 καὶ
3289 5574 3366 5635 ὼς
3411 5572 3474 5625 ἓν
3502 5568 3660 5643 τύπῳ

356 5660 542 5723 σκιᾶς.
862 5696 863 5699 η

430 5843 480 5879 ⁷⁸
505 5843 683 5900 Exod.
716 5859 828 5913 xvi,
858 5842 1043 5902 lii-‘20.

1118 5846 1163 5876 π
1200 5844 1333 5899 ibi-.1.
1366 5844 1456 5911 εδ,
1480 5843 1570 5899 at.
1647 5846 1693 5876 τα
1724 5842 1858 5899 ibid.
1889 5842 2086 5899 εει-δι».
