4060 6444
503 360 611 419 455

1545 356 1602 412 S.
1643 355 1916 414 CYRILLI
1957 353 2430 413 ALEXANDRIM
2465 358 2785 417 ARGIHEP.

3676 364 3778 423 456

574 478 629 531 3.
656 476 813 543 Quod
825 476 993 548 igitur
1008 476 1120 532 vita
1136 472 1571 531 Iudaeorum'non
1587 472 1658 528 sit
1675 472 1846 527 libera
1860 488 1892 528 a
1907 485 2101 527 carna-

2272 478 2338 540 γ’.
2373 471 2496 526 Ὅτι
2527 473 2705 529 τοίνυν
2728 473 3007 545 σαρκικῶν
3035 473 3341 543 ἐπιθυμιῶν
3367 473 3470 528 οὐκ
3498 476 3778 548 ἀπηλλαγ-

507 571 655 625 libus
664 569 1143 640 concupiscentiis,
1160 568 1317 623 facile
1333 566 1457 636 quis
1470 565 1822 631 intellexerit,
1839 564 2095 620 evidens-

508 676 618 731 que
637 667 1022 731 argumentum
1040 657 1229 724 fuerit,
1245 656 1392 727 quod
1411 670 1608 710 carnes
1628 654 1974 727 Egyptiacas
1989 652 2095 708 sibi

511 753 565 807 in
602 752 789 807 cibum
828 756 1097 820 quaerant,
1130 756 1483 817 mentemque
1508 747 1596 801 his
1628 745 1845 802 deliciis
1870 745 2093 809 victam,

509 856 576 897 ac
598 839 883 913 tyrannide
906 852 1227 910 oppressam
1263 838 1524 894 habeant.
1557 837 1708 893 Nihil
1738 852 1873 897 vero
1904 837 2009 891 tale
2041 836 2097 890 in

508 935 670 990 nobis
693 932 964 988 invenias.
1000 931 1505 987 Sanctificatienim
1536 945 1729 985 sumus
1762 928 1820 983 in
1851 927 2095 992 Christo,

509 1031 675 1093 atque
705 1022 810 1076 ista
828 1021 1037 1075 carnali
1063 1020 1415 1076 immunditia
1445 1020 1760 1090 superiores
1801 1018 2094 1073 evasimus.

509 1112 842 1185 289Quod
861 1113 1084 1184 quidem
1107 1121 1344 1168 testatur
1370 1112 1592 1166 divinus
1624 1111 1829 1167 Paulus
1861 1110 1936 1165 ita
1959 1110 2099 1164 scri-

2202 561 2339 633 μὲνη
2360 562 2468 617 τῶν
2483 562 2948 636 Ἰουδαίωνὴζωὴ,
2970 566 3127 619 νοοῖτ’
3145 565 3213 618 ἂν
3238 564 3482 629 εἰκότως,
3512 566 3610 631 καὶ
3632 566 3779 637 ἐλέγ-

2198 654 2255 722 ξε
2265 673 2308 709 ιε
2343 655 2531 727 σαφῶς
2545 656 2606 711 τὸ
2621 657 2857 729 ἐδώδιμα
2874 656 3145 711 ποιεῖσθαι
3162 656 3343 727 ζητεῖν
3359 656 3428 711 τὰ
3446 659 3505 713 ὲν
3521 658 3784 733 Αἰγύπτῳ

2198 748 2358 819 κρέα,
2389 750 2485 804 καὶ
2503 752 2623 813 ταῖς
2649 751 2728 814 εἰς
2750 749 2909 804 τοῦτο
2930 753 3125 822 ῥοπαῖς
3144 751 3585 822 ἐκνενικημένον,
3601 770 3788 824 μονον-

2198 839 2321 911 ουχὶ
2355 840 2411 893 δὲ
2444 840 2540 894 καὶ
2567 841 3000 913 τυραννούμενον
3037 841 3183 914 ἔχειν
3215 842 3308 896 τὸν
3338 842 3483 898 νοῦν.
3686 847 3790 899 οὐκ

2197 931 2264 985 ἂν
2302 932 2476 1004 ὁρῷτο
2507 932 2576 986 τὰ
2615 933 2738 987 καθ’
2763 936 2914 1005 ἡμᾶς
2945 936 3003 989 ὲν
3034 934 3263 998 τούτοις.
3307 916 3655 1007 Ἡγιάσμεθα
3679 936 3791 1008 γὰρ

2199 1025 2256 1075 ὲν
2278 1024 2522 1096 Χριστῷ,
2546 1026 2644 1079 καὶ
2658 1027 2824 1096 ἐσμὲν
2852 1025 3112 1080 ἐπέκεινα
3132 1026 3400 1098 σαρκικῆς
3422 1027 3787 1100 ἀκαθαρσίας.

2215 1115 2687 1187 Ἐπιμαρτυρήσει
2737 1116 2796 1171 δὲ
2846 1116 3074 1188 γράφων
3129 1117 3157 1170 ὁ
3207 1116 3495 1181 θεσπέσιος
3538 1116 3788 1182 Παῦλος·

509 1204 649 1259 hens
668 1223 680 1258 :
696 1226 713 1256 ι
731 1204 836 1271 Qui
849 1211 981 1258 sunt
1004 1204 1291 1259 inChristo
1301 1204 1687 1269 Jesu,earnem
1707 1200 2103 1256 cruciﬁxerunt

2209 1226 2225 1258 ι
2274 1208 2336 1261 Ol
2372 1207 2427 1260 δὲ
2469 1207 2564 1261 τοῦ
2602 1207 2842 1279 Χριστοῦ
2881 1209 3079 1281 Ἰησοῦ,
3102 1207 3202 1280 τὴν
3228 1210 3408 1281 σάρκα
3427 1210 3792 1284 ἐσταύρωσαν

510 1313 638 1357 Cum
665 1296 959 1352 affectibus
1003 1305 1061 1351 et
1104 1296 1578 1367 concupiscentiis
1608 1296 1677 1349 "".
1710 1313 1728 1346 ι
1758 1294 1971 1365 Ecquid
2015 1300 2103 1348 est

2209 1300 2300 1353 σὺν
2329 1301 2443 1363 τοῖς
2473 1299 2766 1370 παθήμασι
2797 1300 2892 1354 καὶ
2909 1303 3030 1363 ταῖς
3056 1299 3397 1373 ἐπιθυμίαις.
3432 1319 3451 1352 ι
3482 1302 3599 1356 Καὶ
3624 1301 3679 1355 τί
3705 1302 3793 1366 τὸ,

518 1407 536 1441 ι
563 1387 1002 1465 cruciﬁxerunt?
1026 1406 1044 1440 ι
1081 1387 1191 1442 nisi
1214 1387 1360 1458 quod
1402 1401 1523 1442 sese
1554 1385 1887 1441 tradiderint
1908 1385 2099 1451 morti,

2209 1405 2228 1439 ι
2261 1388 2654 1459 ὲσταύρωσαν;
2709 1407 2727 1439 ι
2786 1390 2905 1442 ἀντὶ
2951 1388 3067 1453 τοῦ,
3098 1388 3315 1460 θανάτῳ
3346 1389 3792 1461 παραδεδώκασι,

511 1478 792 1551 spirituali
822 1479 1110 1545 nimirum,
1130 1495 1240 1533 non
1257 1479 1496 1549 amplius
1513 1477 1811 1534 carnaliter
1839 1477 2099 1545 vivendo,

2209 1480 2378 1551 νοητῷ
2403 1481 2664 1551 δηλονότι,
2693 1480 2781 1535 διά
2810 1498 2875 1550 γε
2902 1481 2962 1535 τδ
2999 1480 3075 1553 μὴ
3114 1481 3404 1552 ἀνέχεσθαι
3433 1482 3578 1541 κατὰ
3611 1484 3798 1556 σάρκα

514 1580 680 1643 atque
710 1571 1048 1641 temporaria
1096 1572 1404 1640 sapiendo;
1453 1572 1551 1626 sed
1599 1572 1787 1643 potius
1824 1591 1841 1622 ι
1867 1570 2102 1627 mortiﬁ-

2209 1569 2324 1643 ζῇν,
2358 1573 2496 1643 μήτε
2533 1573 2640 1643 μὴν
2663 1572 2878 1626 ἑλέσθαι
2921 1576 3140 1644 φρονεῖν
3180 1572 3252 1627 τὰ
3281 1573 3619 1646 πρόσκαιρα,
3689 1592 3797 1629 κα-

519 1668 712 1715 cantes
736 1660 986 1714 membra
1028 1668 1271 1725 terrena,
1326 1662 1744 1727 scortationem,
1800 1661 2103 1717 immundi-

2209 1661 2500 1737 τανεκροῦν
2539 1662 2598 1717 δὲ
2628 1662 2830 1734 μᾶλλον
2851 1663 2923 1717 τὰ
2954 1663 3093 1735 μέλη
3125 1664 3193 1718 τὰ
3219 1664 3313 1717 ἐπὶ
3345 1666 3466 1737 γῆς,
3509 1665 3797 1736 πορνείαν,

515 1749 673 1813 tiam,
697 1748 958 1804 affectum
977 1789 991 1815 ,
1020 1750 1526 1820 concupiscentiam
1552 1752 1751 1807 malam
1770 1751 1871 1817 7",»
1905 1762 1960 1806 et
1987 1767 2104 1809 am-

2209 1756 2397 1819 πάθος,
2425 1754 2721 1826 ἐπιθυμίαν
2733 1756 2935 1827 κακὴν,
2973 1757 3070 1811 καὶ
3090 1758 3416 1825 περιπατεῖν
3441 1756 3540 1827 μὲν
3562 1758 3795 1828 ὲπὶγῆς,

515 1840 775 1896 bulantes
799 1840 1029 1911 quidem
1054 1843 1111 1897 in
1129 1853 1298 1908 terra,
1327 1851 1444 1899 toto
1498 1851 1683 1900 autem
1714 1853 1939 1916 pectore
1963 1860 2107 1900 con-'

2209 1847 2486 1918 γλίχεσθαι
2506 1847 2576 1900 δὲ
2592 1821 2810 1920 σφόδρα
2831 1821 2939 1903 τῶν
2976 1848 3090 1903 ἄνω
3125 1821 3562 1918 πολιτευμάτων.
3592 1821 3798 1920 Διαμέ-

515 1933 811 1988 tendentes
841 1942 1009 2004 atque
1031 1934 1253 2004 aspirau
1263 1942 1346 1991 tes
1362 1936 1430 1992 ad
1454 1936 1624 1990 vitam
1642 1952 1964 2007 supernam.
1991 1937 2102 1992 Me-

2209 1956 2405 2010 μνηται
2450 1939 2560 2009 γὰρ
2592 1938 2823 2010 βοῶντος
2869 1939 3200 2010 Γράμματος
3235 1937 3402 2010 ἱεροῦ·
3446 1957 3464 1990 ι
3514 1938 3799 2010 Πνεύματι

512 2024 796 2080 minerunt
866 2024 1014 2080 enim
1083 2041 1256 2081 sacrae
1330 2026 1634 2098 Scriptura:
1705 2027 2099 2084 exclamautis:

521 2134 545 2169 ι
578 2115 789 2187 Spit-itu
818 2117 1125 2184 ambulate,
1154 2127 1214 2172 et
1238 2118 1748 2188 concupiscentiam
1775 2118 1961 2174 carnis
1990 2133 2103 2173 non

513 2208 816 2277 perficietis
832 2210 901 2263 7’.
930 2228 949 2260 ι
967 2210 1119 2265 Mens
1152 2211 1323 2282 igitur
1340 2211 1659 2268 Iudaeorum
1681 2212 1900 2268 inﬁrma
1919 2220 2024 2277 est,
2048 2219 2104 2267 et

515 2301 590 2356 ab
642 2302 944 2357 affectuum
992 2304 1449 2373 eorruptionibus
1489 2305 1649 2360 facile
1716 2313 2101 2377 eXpugnatur:

515 2393 721 2465 quippe
754 2409 879 2464 qua:
902 2393 1087 2450 adhuc
1134 2403 1285 2449 amet
1318 2397 1583 2462 carnalia,
1615 2403 1673 2451 et
1713 2404 1931 2450 terrena
1976 2411 2107 2450 eon-

515 2486 786 2556 cupiscat.
818 2485 936 2540 Hoc
967 2492 1153 2542 autem
1178 2486 1361 2553 nobis,
1393 2495 1454 2542 ut
1480 2487 1617 2552 dixi,
1655 2504 1756 2557 per
1788 2487 2105 2543 coturnices

512 2576 880 2648 signiﬁcatur.
933 2576 1010 2631 Ac
1033 2578 1243 2648 praebet
1277 2578 1504 2649 quidem
1542 2580 1690 2634 Deus
1726 2578 2103 2649 cupientibus,

516 2683 629 2724 non
653 2668 944 2738 impellens
984 2670 1172 2725 eos-ad
1223 2671 1754 2741 concupiscendum,
1798 2686 1978 2742 neque
2003 2671 2106 2727 ad-

517 2762 630 2818 huc
650 2763 963 2818 concedens
998 2762 1220 2818 fortiter
1261 2763 1554 2819 affectibus
1600 2764 1895 2831 resistere;
1927 2780 2107 2835 neque

512 2854 669 2910 enim
702 2855 771 2909 iis
803 2855 897 2924 qui
941 2854 1048 2910 sub
1074 2855 1194 2925 lege
1239 2863 1370 2911 sunt
1396 2857 1657 2911 convenit
1696 2856 1958 2927 splendor
1980 2857 2107 2913 vitae

513 2954 573 3001 et
592 2946 837 3017 perfecta
865 2946 1250 3012 sanctificatio,
1283 2948 1381 3002 sed
1409 2948 1478 3012 iis
1500 2947 1686 3017 potius
1737 2948 1835 3018 qui
1861 2949 1919 3003 in
1946 2947 2108 3004 Chri—

515 3043 603 3093 sto
625 3044 774 3103 sunt,
793 3044 1069 3092 servatur.
1088 3037 1245 3093 Unde
1270 3045 1327 3093 et
1344 3044 1731 3093 testamentum
1746 3054 1951 3094 novum
1966 3054 2104 3110 pro-

2204 2035 2581 2104 περιπατεῖτε,
2613 2033 2710 2086 καὶ
2735 2031 3031 2103 ἐπιθυμίαν
3055 2030 3262 2102 σαρκὸς
3288 2031 3350 2083 οὐ
3372 2030 3451 2102 μὴ
3479 2029 3793 2103 τελέσητε..

2216 2124 2478 2197 Ἀδρανὴς
2509 2121 2602 2177 οὖν
2644 2124 2754 2196 ἄρα
2789 2123 2901 2177 τῶν
2964 2123 3236 2177 Ἰουδαίων
3279 2123 3309 2176 ὁ
3362 2122 3511 2189 νοῦς,
3551 2122 3648 2176 καὶ
3676 2123 3801 2186 ταῖς

2202 2215 2312 2270 τῶν
2338 2214 2528 2269 παθῶν
2552 2214 2881 2287 προσϐολαῖς
2902 2212 3037 2268 πολὺ
3060 2213 3126 2285 δὴ
3147 2213 3268 2267 λίαν
3288 2212 3764 2281 εύκαταγώνιστος
3778 2227 3795 2244 ·

2206 2309 2309 2379 ἐρᾷ
2335 2308 2443 2379 γὰρ
2480 2307 2560 2361 ἔτι
2590 2306 2700 2361 τῶν
2728 2308 3034 2380 σαρκικῶν,
3067 2309 3162 2361 καὶ
3191 2309 3421 2379 ἡττᾶται
3446 2307 3559 2362 τῶν
3600 2307 3799 2375 ym-

2208 2398 2437 2469 στέρων.
2467 2397 2638 2452 Ταυτὶ⁵
2666 2397 2726 2451 δὲ
2759 2398 2915 2468 ημῖν,
2944 2397 3019 2461 ὡς
3050 2396 3213 2470 ἔφην,
3238 2396 3331 2451 διὰ
3359 2399 3460 2468 τῆς
3485 2396 3800 2469 ὀρτυγομήο

2205 2506 2343 2562 τρας
2398 2488 2743 2560 σημαίνεται.
2798 2489 3012 2561 Ὀρέγει
3057 2506 3124 2559 γε
3151 2488 3259 2560 μὴν
3285 2487 3612 2560 ἐπιζητοῦσι
3640 2487 3795 2553 Θεὸς,
3864 2518 3871 2521 -

2206 2582 2306 2652 οὐχ
2332 2580 2509 2636 ἕλκων
2539 2580 2704 2645 αὐτὸς
2741 2581 2823 2644 εἰς
2870 2579 3189 2651 ἐπιθυμίας,
3218 2578 3375 2649 οῦπω
3417 2581 3475 2635 δὲ
3523 2578 3703 2645 διδοὺς
3737 2580 3799 2634 τὸ

2207 2672 2721 2728 κατανεανιεύεσθαι
2753 2671 2943 2726 παθῶν
2967 2687 2981 2703 ·
3030 2672 3114 2726 ὅτι
3177 2672 3251 2743 μὴ
3305 2674 3418 2737 τοῖς
3447 2672 3508 2726 ὲν
3558 2672 3711 2745 νόμῳ
3737 2670 3799 2725 τὸ

2208 2766 2487 2838 ἐκπρεπὲς
2513 2765 2593 2829 είς
2620 2763 2792 2835 ζωὴν,
2822 2765 2917 2818 καὶ
2956 2764 3019 2818 τὸ
3044 2765 3123 2828 είς
3155 2764 3302 2819 ἅπαν
3331 2763 3693 2835 ἡγιασμένον,
3711 2781 3799 2818 τε-

2207 2861 2413 2933 τήρητο
2462 2859 2521 2913 δὲ
2578 2857 2780 2931 μᾶλλον
2817 2859 2930 2921 τοῖς
2965 2859 3023 2911 ὲν
3049 2851 3344 2928 πνεύματι.
3378 2857 3670 2930 Τοιγάρτοι
3701 2859 3799 2913 καὶ

2209 2951 2475 3023 διαθήκην
2502 2951 2696 3022 καινὴν
2724 2949 3090 3019 ἐπηγγείλατο
3117 2947 3211 3003 διὰ
3238 2950 3525 3021 προφήτου
3552 2949 3709 3013 Θεὸς,
3733 2950 3797 3003 οὐ

2211 3045 2333 3099 κατ’
2365 3044 2581 3114 ἐκείνην
2611 3045 2714 3116 τὴν
2735 3045 2982 3116 πρώτην,
3011 3043 3094 3097 ὃτι
3128 3040 3202 3113 μὴ
3235 3041 3350 3112 ἔχει
3376 3041 3439 3094 τὸ
3473 3041 3796 3113 ἄμεμπτον)

517 3128 673 3184 misit
689 3128 835 3183 Deus
859 3144 959 3199 per
989 3128 1344 3198 prophetam,
1374 3145 1486 3185 non
1526 3130 1701 3200 ,quale
1736 3131 1896 3202 prius
1947 3131 2106 3199 illud,

2214 3134 2405 3205 ἑτέραν
2440 3132 2498 3186 δὲ
2520 3134 2615 3186 καὶ
2640 3132 3040 3203 πνευματικὴν,
3067 3130 3308 3191 τελειοῦν
3340 3130 3635 3203 ἰσχύουσαν
3660 3130 3801 3185 κατὰ

515 3220 666 3291 quod
683 3236 795 3276 non
810 3219 916 3275 fuit
934 3220 1164 3275 omnino
1179 3220 1669 3291 irreprehensibile
1691 3240 1703 3276 :
1729 3222 1826 3278 sed
1847 3222 2104 3290 alterum,

517 3309 670 3381 quod
720 3317 806 3365 est
854 3309 1168 3379 spirituale,
1216 3310 1478 3381 quodque
1510 3312 1780 3382 perﬁcere
1814 3322 1998 3384 potest
2046 3330 2111 3369 ac

517 3416 906 3458 consummare
962 3416 1061 3457 eos
1096 3403 1193 3471 qui
1245 3402 1611 3469 crediderint,
1664 3405 1722 3459 in
1748 3406 2109 3462 conscientia.

519 3495 656 3551 Vide
683 3504 869 3549 autem
898 3509 1011 3562 quo
1034 3503 1199 3564 pacto
1228 3496 1446 3566 vesperi
1485 3495 1581 3550 fiat
1639 3500 1996 3554 coturnicum
2018 3510 2114 3555 vo-

520 3590 667 3646 latus
689 3589 756 3645 ad
784 3588 1103 3645 Judaeorum
1126 3604 1477 3661 synagogam.
1506 3591 1600 3645 Ait
1628 3593 1776 3647 enim
1799 3611 1811 3646 :
1846 3613 1863 3644 ι
1883 3593 2112 3650 Factum

519 3688 609 3737 est
634 3696 890 3750 vespere,
918 3689 974 3735 et
1014 3681 1263 3736 ascendit
1306 3683 1562 3737 coturnix
1591 3702 1604 3738 :
1635 3702 1653 3734 ι
1680 3684 1908 3754 oblique
1950 3684 2113 3740 nobis

521 3775 791 3828 innuente
844 3772 1018 3843 ﬁgura
1068 3773 1217 3843 quod
1261 3774 1357 3843 qui
1409 3775 1648 3830 terrenis
1692 3775 1861 3830 rebus
1904 3774 2112 3831 addicti

524 3873 683 3930 sunt,
710 3875 1133 3922 nonversentur
1160 3866 1220 3921 in
1266 3866 1390 3922 luce
1436 3866 1794 3938 intelligibili,
1826 3869 1924 3933 sed
1983 3875 2108 3923 tan-

520 3973 686 4027 quam
708 3958 766 4012 in
791 3967 956 4013 nocte
986 3974 1049 4013 ac
1080 3957 1348 4014 tenebris.
1373 3958 1555 4029 Atque
1578 3958 1655 4013 ita
1683 3959 1913 4015 omnino
1933 3974 1997 4016 se
2016 3975 2111 4015 res

522 4050 709 4116 habet,
733 4051 866 4120 quia
905 4067 1064 4107 mens
1103 4052 1423 4107 Judaaorum
1470 4066 1823 4122 nequaquam
1872 4052 2112 4107 liberata

521 4150 610 4198 est
630 4144 701 4198 ab
725 4144 1004 4213 imperitia
1046 4152 1104 4199 et
1132 4144 1386 4201 caecitate
1431 4152 1599 4213 atque
1622 4144 1857 4215 caligine
1904 4144 2111 4199 intelli-

521 4232 697 4303 gibili.
737 4233 879 4287 Hinc
904 4241 962 4288 et
981 4232 1237 4287 Christus
1258 4233 1553 4297 exclamat,
1575 4232 1795 4287 dicens:
1819 4252 1835 4282 ι
1853 4232 1968 4304 Ego
1988 4247 2113 4287 sum

523 4326 621 4383 lux
664 4325 856 4381 mundi
888 4326 956 4376 ³⁸.
990 4343 1008 4376 ι
1042 4324 1103 4380 ln
1146 4325 1385 4396 caligine
1433 4331 1620 4395 itaque
1677 4332 1735 4380 et
1761 4325 1818 4380 in
1867 4324 2114 4381 tenebris

521 4426 672 4484 sunt.
691 4418 786 4488 qui
804 4416 1052 4472 nondum
1077 4425 1410 4488 receperunt
1435 4416 1622 4481 ﬁdem,
1638 4416 1844 4486 quippe
1863 4416 1958 4486 qui
1975 4432 2116 4471 non-

2215 3226 2521 3296 συνείδησιν
2550 3225 2677 3287 τοὺς
2707 3224 3084 3289 πιστεύοντας.
3109 3224 3220 3278 Θέα
3246 3223 3302 3277 δὲ
3331 3223 3523 3295 ὥσπερ
3552 3223 3613 3277 ὲν
3638 3222 3800 3277 ἑσπέ-

2215 3336 2287 3392 ρᾳ
2311 3318 2392 3391 [ἡ]
2418 3319 2527 3372 τῶν
2547 3318 2977 3390 ὀρτυγομητρῶν
3000 3317 3211 3387 γίνεται
3230 3317 3367 3388 πρὸς
3386 3318 3489 3388 τὴν
3530 3315 3801 3371 Ἰουδαίων

2213 3412 2544 3483 Συναγωγὴν
2571 3412 2791 3482 πτῆσις.
2826 3413 2968 3482 Φησὶ
2995 3413 3123 3485 γάρ·
3158 3432 3177 3465 ι
3217 3412 3466 3481 Ἐγένετο
3492 3410 3549 3465 δὲ
3571 3408 3799 3482 ἑσπέρα,

2212 3505 2309 3560 καὶ
2338 3505 2506 3576 ἀνέϐη
2538 3506 2954 3578 ὀρτυγομήτρα·
2997 3524 3015 3557 ›
3048 3505 3295 3575 πλαγίως
3331 3505 3464 3576 ἡμῖν
3490 3502 3587 3558 τοῦ
3618 3504 3800 3575 πράγ-

2217 3614 2385 3670 ματος
2416 3595 2875 3667 ὑπεμφαίνοντος,
2901 3597 2984 3650 ᾶτι
3016 3596 3151 3668 μηδὲ
3181 3597 3329 3649 ἔστιν
3365 3596 3425 3649 ὲν
3454 3595 3596 3664 φωτὶ
3625 3592 3802 3665 νοητῷ

2211 3690 2323 3745 τῶν
2350 3692 2556 3761 γηΐνων
2583 3691 2612 3743 ὁ
2643 3689 2902 3761 ἐραστὴς,
2934 3688 3048 3743 ἀλλ’
3087 3688 3163 3752 ὼς
3192 3690 3250 3742 ἐν
3278 3688 3437 3745 νυκτὶ
3468 3688 3565 3742 καὶ
3590 3687 3798 3756 σκότῳ.

2214 3783 2324 3836 Καὶ
2355 3782 2419 3835 τὸ
2454 3780 2649 3852 χρῆμά
2675 3780 2844 3845 ἔστιν,
2870 3781 2933 3835 οὐ
2957 3778 3394 3851 διεψευσμὲνως·
3432 3776 3676 3848 ἀμαθίας
3693 3775 3802 3848 γὰρ

2213 3873 2309 3927 καὶ
2339 3870 2672 3942 πωρώσεως
2700 3872 2870 3941 ἡγουν
2899 3869 3100 3941 ἀχλύος
3124 3870 3226 3939 τῆς
3253 3868 3474 3941 νοητῆς,
3502 3868 3659 3923 ὁτῶν
3676 3869 3805 3922 Ἰου-

2213 3963 2376 4019 δαίων
2410 3964 2517 4016 ούκ
2556 3962 2904 4035 ἀπήλλακται
2932 3961 3079 4025 νοῦς.
3124 3960 3417 4032 Τοιγάρτοι
3467 3960 3562 4015 καὶ
3602 3960 3633 4014 ὁ
3668 3961 3799 4032 Χρι-

2215 4054 2338 4117 στος
2401 4053 2746 4125 προσεφώνει
2794 4053 2969 4122 λέγων
2997 4068 3019 4121 °_
3071 4071 3090 4103 ι
3133 4052 3275 4121 Ἐγώ
3303 4052 3423 4123 είμι
3454 4052 3518 4106 ἰδ
3550 4050 3670 4120 φῶς
3706 4049 3802 4104 τοῦ

2190 4145 2443 4216 κόσμου.
2475 4165 2494 4198 ι
2553 4145 2645 4200 Ἐν
2701 4143 2866 4215 ἀχλύῖ
2922 4144 2988 4216 δὴ
3059 4140 3156 4198 οὖν
3214 4144 3313 4198 καὶ
3366 4144 3447 4208 ὡς
3511 4145 3571 4199 ὲν
3612 4142 3804 4214 ’σκότῳ

2212 4233 2397 4288 λοιπὸν
2445 4234 2496 4287 οί
2558 4231 2714 4289 ούπω
2760 4232 3224 4298 πεπιστευκότες·
3272 4234 3335 4288 οὐ
3385 4233 3499 4306 γὰρ
3543 4233 3804 4303 ἀφίκοντο

2214 4325 2354 4396 πρὸς
2406 4324 2469 4378 τὸ
2513 4324 2651 4395 φῶς.
2713 4325 2860 4396 Ἔφη
2905 4323 2962 4379 δέ
3013 4342 3117 4380 που
3180 4325 3310 4398 περί
3366 4341 3428 4379 τε
3476 4325 3587 4379 τῶν
3631 4327 3802 4399 Φαρι-

2168 4458 2182 4467 .
2217 4416 2382 4471 σαίων
2452 4416 2547 4471 καὶ
2612 4416 2723 4470 τῶν
2793 4416 2900 4470 ὑπὸ
2951 4419 3111 4489 χεῖρα
3180 4416 3360 4482 λαῶν,
3427 4418 3456 4471 ὁ
3523 4416 3800 4488 Χριστός·

525 4511 656 4566 dum
676 4509 937 4566 venerint
952 4508 1020 4563 ad
1050 4508 1259 4563 lucem.
1299 4507 1391 4562 Ait
1415 4507 1566 4563 enim
1589 4507 1724 4562 alibi
1759 4507 2017 4562 Christus
2039 4505 2107 4562 de

2219 4528 2239 4562 ι
2285 4509 2487 4578 ’Ἅφετε
2516 4509 2735 4574 αὐτούς·
2767 4509 2960 4579 τυφλοὶ
2985 4511 3096 4581 γάρ
3116 4511 3276 4576 εἰσιν,
3306 4509 3491 4579 ὁδηγοὶ
3510 4509 3755 4577 τυφλῶν.
3779 4526 3796 4559 ι

524 4598 817 4656 Ρίιοιιὶεαιίθ
865 4606 922 4653 et
968 4599 1176 4669 populo
1223 4598 1360 4668 ipsis
1396 4598 1681 4669 subjecto:
1734 4596 1949 4652 «Sinite
1994 4612 2110 4663 eos,

526 4689 662 4746 caeci
685 4699 837 4756 sunt,
862 4699 921 4745 et
944 4690 1119 4745 duces
1164 4703 1440 4744 catomum
1464 4686 1533 4742 ει.
1557 4706 1575 4739 ι
1602 4687 1756 4742 Mens
1805 4686 1976 4757 igitur
2013 4686 2114 4742 Ju-

524 4781 787 4839 deorum
803 4797 950 4837 caeca
982 4788 1039 4836 et
1065 4779 1296 4836 luminis
1312 4794 1535 4850 expers,
1562 4778 1800 4849 ideoque
1824 4779 2008 4834 carnis
2030 4777 2113 4834 af-

521 4875 764 4935 fectibus
808 4875 1087 4939 laborant,
1135 4880 1241 4929 eta
1288 4872 1526 4928 terrenis
1553 4872 1722 4928 rebus
1750 4872 2111 4944 dependent;

524 4985 729 5026 manna
751 4982 884 5024 vero
936 4981 1233 5022 censemus
1259 4979 1382 5021 esse
1408 4966 1661 5021 umbram
1700 4980 1765 5022 ac
1811 4975 2000 5037 typum
2027 4966 2115 5020 di-

525 5061 775 5132 sciplina:
797 5074 864 5115 ac
884 5058 1161 5121 donorum
1198 5055 1431 5122 Christi,
1467 5072 1592 5127 quae
1622 5072 1653 5111 e
1678 5057 1936 5127 supernis
1961 5065 2111 5123 sunt,

526 5167 707 5223 neque
728 5150 1256 5223 quidquambahent
1270 5148 1686 5214 terrenum,sed
1702 5148 1887 5219 potius
1908 5148 2114 5205 abhor-

526 5244 733 5299 rentab
755 5242 1897 5313 istacarnaliexseerationeﬂOOsuntque
1920 5257 2114 5298 revera

526 5352 639 5392 non
661 5335 955 5390 hominum
984 5335 1186 5399 solum,
1220 5335 1317 5390 sed
1341 5334 1665 5404 angelorum
1684 5333 1852 5389 etiam
1874 5334 2107 5390 cibaria.

526 5428 703 5483 Filius
717 5425 868 5480 enim
897 5425 959 5480 in
980 5425 1163 5495 seipse
1190 5426 1410 5481 Patrem
1450 5425 1614 5481 nobis
1634 5424 2030 5492 manifestavit,
2055 5434 2112 5481 et

527 5534 626 5589 per
652 5517 833 5588 ipsum
856 5515 1065 5571 eruditi
1084 5530 1281 5571 sumus
1302 5523 1504 5570 sanetie
1535 5524 1592 5572 et
1624 5516 2114 5573 consubstantialis

527 5607 816 5665 Trinitatis
828 5608 1101 5663 rationem
1114 5650 1127 5675 ,
1153 5607 1404 5679 adeoque
1423 5607 1477 5660 in
1491 5622 1712 5662 omnem
1728 5609 1953 5664 virtutis
1966 5609 2110 5665 viam

595 5788 645 5824 ⁷⁷
675 5788 850 5848 Galat.
880 5806 936 5859 ν,
962 5791 1052 5849 24.
1120 5793 1164 5827 ⁷⁸
1186 5790 1400 5849 Coloss.
1428 5807 1506 5858 ιιι,
1529 5791 1582 5859 5,
1660 5794 1705 5826 ⁷⁸
1736 5791 1912 5852 Galat.
1937 5812 1991 5866 v,
2028 5795 2107 5855 1'6.

2209 5800 2240 5833 ¹⁰
2258 5798 2422 5856 Joan.
2450 5813 2584 5874 vm._
2644 5797 2732 5855 l2.

2223 4601 2498 4672 ’Δφεγγὴς
2537 4597 2632 4656 οὖν
2664 4602 2773 4671 ἄρα
2812 4603 2923 4655 τῶν
2974 4600 3241 4660 Ἰουδαίων
3278 4603 3309 4654 ὁ
3339 4599 3493 4664 νοῦς·
3521 4601 3802 4672 τοιγάρτοι

2210 4692 2425 4747 νοσοῦσι
2455 4692 2601 4747 κατὰ
2622 4694 2846 4765 σαρκὸς,
2879 4695 2973 4749 καὶ
2998 4694 3282 4766 μονονουχὶ
3300 4693 3395 4748 καὶ
3428 4692 3803 4765 δκκρέμανται

2208 4785 2319 4839 τῶν
2349 4784 2755 4857 γεωδεστέρων.
2794 4786 3143 4858 Λογιούμεθα
3181 4782 3277 4840 οὖν
3315 4785 3381 4839 τὺ
3413 4786 3614 4856 μάννα,
3644 4782 3803 4838 σκιὰν

2213 4874 2354 4931 εἶναι
2390 4878 2486 4932 καὶ
2515 4877 2687 4931 τύπον
2734 4878 2842 4932 τῶν
2886 4878 2995 4933 διὰ·
3023 4877 3264 4951 Χριστοῦ
3312 4877 3706 4949 παιδευμάτων
3746 4892 3804 4929 τε

2202 4970 2312 5024 καὶ
2342 4968 2722 5040 χαρισμάτων,
2753 4970 2789 5024 ἃ
2822 4972 2921 5025 καὶ
2945 4970 3153 5026 ἄνωθέν
3187 4973 3305 5025 ἐστι
3340 4970 3434 5025 καὶ
3454 4970 3515 5035 ἐξ
3546 4969 3800 5041 οὐρανοῦ,

2216 5061 2313 5115 καὶ
2336 5060 2399 5113 τὸ
2426 5061 2628 5129 γεῶδες
2657 5063 2761 5115 οὐκ
2784 5061 2900 5132 ἔχει
2929 5060 3127 5118 ποθέν·
3163 5063 3384 5134 ἀμοιρεῖ
3404 5063 3462 5116 δδ
3489 5063 3691 5134 μᾶλλον
3712 5062 3803 5115 καὶ

2218 5153 2499 5225 βδελυρίας
2529 5154 2822 5226 σαρκικῆς,
2860 5155 2957 5208 καὶ
3010 5155 3160 5215 ἔστιν
3194 5155 3413 5228 ἀληθῶς
3445 5155 3549 5213 οὐκ
3598 5155 3804 5227 ἀνθρώ-

2217 5262 2335 5299 πων
2364 5246 2544 5316 μόνον,
2595 5245 2732 5301 ἀλλὰ
2785 5247 2879 5300 καὶ
2922 5247 3173 5315 ἀγγέλων
3201 5248 3400 5319 τροφή.
3439 5247 3804 5317 Πεφανὲρωκε

2219 5336 2328 5408 γὰρ
2361 5338 2494 5407 ἡμῖν
2525 5339 2555 5392 ὁ
2577 5337 2705 5401 Υἱὸς
2736 5338 2796 5391 ὲν
2828 5337 3006 5409 ἑαυτῷ
3033 5338 3125 5392 τὸν
3159 5339 3403 5411 Πατέρα,
3431 5341 3527 5394 καὶ
3551 5338 3802 5409 τὺν,περὶ

2220 5429 2320 5499 τῆς
2350 5429 2513 5497 ἁγίας
2534 5430 2627 5483 καὶ
2649 5431 2938 5500 ὁμοουσίου
2966 5430 3199 5503 Τριάδος
3223 5430 3382 5501 λόγον
3407 5431 3478 5485 δι’
3509 5430 3675 5485 αὐτοῦ
3711 5446 3797 5482 πε.

2220 5519 2581 5591 πιστεύμιθα,
2632 5522 2727 5574 καὶ
2766 5523 2851 5584 εἰς
2886 5522 3068 5575 πᾶσαν
3105 5519 3296 5592 τρίϐον
3337 5522 3543 5593 ἀρετῆς
3570 5516 3630 5575 εὖ
3662 5520 3800 5592 μάλα

2223 5612 2679 5683 πεποδηγήμεθα.
2712 5611 2900 5684 Τροφὴ
2922 5612 2979 5666 δὲ
3003 5613 3352 5683 πνευμάτων,
3375 5615 3409 5685 ἡ
3437 5613 3495 5667 ἐν
3512 5630 3571 5683 γε
3598 5616 3798 5677 τούτοις

2864 5800 2924 5876 ,⁸⁸
2942 5799 3148 5856 Μιιῑιιι.
3186 5817 3274 5870 xv,
3308 5801 3395 5858 14.
