4060 6454
265 434 365 491 657

1303 425 1836 483 CLAPUYRORUM
1875 427 1941 484 LN
1983 429 2270 486 EXODUM
2310 428 2439 484 LIB.
2488 420 2552 482 ll.

3463 422 3567 481 658

259 549 408 606 ἐστὶν
454 543 595 617 ὀρθὴ
640 541 736 596 καὶ
779 539 1072 612 ἀκίὸδηλος
1118 538 1338 609 γνῶσις.
1383 540 1483 613 Εἴη
1517 541 1561 594 δ’
1593 541 1660 595 ἂν
1701 541 1777 605 ὼς
1807 542 1864 596 ἐν

1973 540 2190 614 egregie
2217 559 2412 599 suum
2469 539 2716 596 deducti.
2783 540 2954 594 Porro
2993 537 3400 596 nutrimentu
3457 541 3569 612 spi-

258 644 403 715 φωτὶ
458 640 556 694 καὶ
605 637 795 709 ἡμέρα
828 635 938 688 τῶν
993 635 1082 688 διὰ
1113 635 1351 708 Χριστοῦ
1412 635 1801 707 παιδευμάτων
1832 636 1866 705 ἡ

256 735 520 810 χορηγία.
553 733 848 803 Τοιγάρτοι
886 731 946 783 τὸ
991 731 1168 801 μάννα
1197 729 1464 800 κατεδὸθη
1495 731 1610 792 τοῖς
1638 728 1866 800 ἀρχαιο⁴

253 833 472 902 τέροις,
520 824 928 896 διαυγαζούσης
967 823 1202 894 ἡμέρας.
1238 823 1329 876 καὶ.
1366 820 1721 879 σκιδναμένου
1755 837 1867 890 φω-

253 923 366 983 τᾶς.
399 915 682 989 Διηύγαξε
704 918 815 989 γὰρ
836 918 892 969 ἐν
926 917 1058 985 ἡμῖν
1086 916 1197 978 τοῖς
1222 912 1573 967 πιστεύουσιν
1603 913 1636 983 ἡ
1660 911 1864 984 ἡμέρα,

254 1012 400 1067 κατά
435 1011 499 1064 τὸ
533 1009 948 1083 γεγραμμένον,
1001 1008 1096 1062 καὶ
1146 1007 1438 1078 φωσφόρος
1488 1005 1763 1059 ἀνέτειλεν
1811 1007 1868 1058 ἐν

251 1101 373 1170 ταῖς
407 1104 673 1158 ἁπάντων
715 1101 998 1174 καρδίαις,
1049 1101 1143 1154 καὶ
1174 1102 1202 1153 6
1237 1100 1336 1170 τῆς
1387 1097 1737 1169 δικαιοσύνης
1777 1098 1871 1150 ἀν-

257 1197 414 1267 ίσχεν
451 1195 629 1266 ἥλιος,
659 1192 908 1246 τουτέστι
956 1190 1215 1261 Χριστὸς,
1255 1193 1284 1244 6
1324 1189 1418 1243 τοῦ
1464 1187 1654 1260 νοητοῦ
1693 1187 1870 1257 μάννα

253 1289 445 1359 δοτὴρ.
486 1288 612 1340 Ὅτι
648 1285 759 1356 γὰρ
793 1284 870 1349 ὡς
896 1286 954 1336 ἐν
983 1284 1154 1337 εἰκόνι
1185 1283 1284 1354 μὲν
1311 1285 1488 1337 ἐκεῖνο
1523 1282 1584 1335 τὸ
1611 1281 1869 1352 αἰσθητὸν

253 1379 370 1442 ἔτι,
417 1377 481 1430 τὸ
531 1377 589 1430 δέ
625 1375 826 1446 ἀληθὲς
853 1375 1039 1440 αὐτὸς,
1078 1375 1490 1447 πληροφορήσει
1529 1373 1703 1442 λέγων
1731 1373 1870 1446 πρὸς

263 1470 587 1532 Ἰουδαίους·
633 1489 652 1520 ι
693 1469 756 1522 υἱ
791 1467 1026 1539 πατέρες
1061 1467 1215 1538 ὑμῶν
1261 1467 1466 1538 ἔφαγον
1502 1465 1562 1520 τὺ
1594 1467 1770 1537 μάννα
1811 1467 1870 1518 ἐν

251 1566 315 1633 τῇ
342 1565 568 1633 ἐρήμῳ,
589 1562 686 1615 καὶ
712 1560 1007 1614 ἀπέθανον.
1042 1556 1212 1624 Οῦτός
1236 1562 1384 1613 ἐστιν
1402 1560 1430 1611 6
1447 1560 1611 1630 ἄρτος
1634 1559 1663 1611 ὁ
1681 1557 1748 1610 ἐκ
1773 1554 1868 1610 τοῦ

251 1652 491 1727 οὐρανοῦ
520 1652 890 1718 καταόαένων,
917 1652 1005 1705 ἵνα
1034 1669 1116 1715 τις
1149 1651 1208 1716 ἐξ
1231 1649 1396 1704 αὑτοῦ
1419 1649 1591 1720 φάγῃ,
1628 1645 1767 1720 [καὶ]
1794 1646 1868 1718 μὴ

251 1747 536 1818 ἀποθάνῃ.
591 1745 734 1814 Ἐγώ
777 1747 893 1817 εἰμι
931 1747 961 1798 6
1001 1745 1171 1815 ἄρτος
1205 1746 1232 1796 ὁ
1265 1741 1396 1808 ζῶν,
1422 1743 1450 1795 ὁ
1480 1745 1546 1796 ἐκ
1581 1740 1672 1794 τοῦ
1699 1739 1866 1812 ούρα-

252 1839 428 1912 ρανοῦ
453 1837 724 1900 καταὸάς.
764 1821 903 1890 Ἐάν
925 1851 1008 1898 τις
1040 1835 1191 1906 φάγῃ
1216 1835 1282 1886 ἐκ
1324 1831 1517 1886 τούτου
1545 1828 1640 1883 τοῦ
1676 1829 1866 1900 ἄρτου,

251 1911 424 2001 ζῇσει
463 1931 547 1993 είς
582 1929 674 1982 τὸν
708 1928 902 1982 αἰῶνα.
937 1927 1046 1980 Καὶ
1075 1926 1102 1978 6
1138 1925 1302 1996 ἄρτος
1350 1922 1408 1976 ὃν
1463 1920 1576 1992 ἐγὼ
1617 1919 1796 1980 δώσω,
1835 1920 1866 1990 ἡ
1902 1911 1944 1970 Β

253 2025 398 2095 σάρξ
439 2022 545 2094 μού
589 2025 761 2088 ἐστιν,
795 2021 861 2093 ἣν
891 2018 1005 2089 ἐγὼ
1039 2017 1198 2072 δώσω
1230 2018 1370 2089 ὑπὲρ
1400 2016 1498 2088 τῆς
1529 2013 1622 2068 τοῦ
1657 2013 1867 2084 κόσμου

250 2120 430 2190 ζωῆς.
471 2140 490 2172 ο
536 2117 866 2190 ’Δποτρέφει
891 2116 997 2187 γὰρ
1038 2115 1186 2186 ἡμᾶς
1216 2113 1296 2177 εἰς
1328 2114 1611 2184 ἀμήρυτον
1647 2107 1792 2179 ζωὴν
1842 2107 1871 2159 6

250 2209 473 2281 Κύριος
502 2208 665 2282 ἡμῶν
714 2206 922 2280 Ἰησοῦς
964 2207 1233 2278 Χριστὸς,
1283 2205 1377 2258 καὶ
1427 2205 1548 2266 ταῖς
1591 2203 1671 2266 εὶς
1719 2198 1872 2252 εὐσέ-

251 2302 418 2356 ϐειαν
474 2301 804 2372 ὑποθήκαις,
865 2301 963 2354 καὶ
1007 2299 1076 2352 δι’
1110 2297 1361 2366 εὐλογίας
1407 2297 1506 2367 τῆς
1568 2291 1866 2366 μυστικῆς.

249 2393 439 2457 Αὐτὸς
467 2387 564 2446 οῦν
602 2392 710 2464 ἄρα
753 2391 848 2444 καὶ
888 2391 956 2443 δι’
991 2389 1159 2443 αὑτοῦ
1199 2388 1260 2442 τὸ
1305 2386 1483 2459 μάννα
1507 2385 1569 2439 τὸ
1599 2384 1744 2464 θεῖον
1774 2383 1870 2438 καὶ

249 2482 532 2550 ζωοποιὸν
575 2481 817 2552 ἀληθῶς.
863 2482 973 2534 Καὶ
1015 2479 1176 2533 τοῦτο
1213 2480 1241 2533 6
1282 2473 1681 2547 κατεδηδοκὼς,
1708 2471 1870 2545 ἀμεί-

247 2596 364 2633 νων
420 2577 546 2630 ἐστὶ
603 2574 835 2647 φθορᾶς,
877 2573 970 2627 καὶ
1029 2571 1315 2641 ύφαλεῖται
1377 2568 1636 2634 θάνατον,
1679 2566 1780 2636 οὐχ
1819 2565 1868 2617 οἱ

246 2673 537 2745 φαγόντες
561 2671 623 2725 τὸ
645 2668 926 2740 αἰσθητόν.
963 2668 1037 2718 UO
1078 2663 1188 2736 γὰρ
1219 2657 1335 2736 ἦνὸ
1370 2659 1542 2722 τύπος
1580 2659 1867 2728 σωτήριος,

245 2766 646 2820 ύπεπλάττετο
693 2761 750 2815 δέ
796 2760 896 2831 τῆς
927 2755 1189 2828 ἀληθείας
1225 2754 1324 2826 τὴν
1364 2752 1672 2826 μόρφωσιν.
1715 2747 1871 2801 Ἐκέ-

244 2862 424 2916 λευσε
463 2859 523 2912 δὲ
554 2858 614 2911 τὸ
657 2855 836 2928 μάννα
865 2856 892 2907 6
919 2853 1074 2920 Θεὸς,
1108 2849 1263 2904 ὑετοῦ
1305 2849 1460 2918 δίκην
1494 2843 1702 2899 ἄνωθεν
1731 2842 1866 2896 καθ-

245 2957 384 3028 ιεὶς,
418 2954 482 3007 τὸ
513 2949 778 3022 ἀποχρῶν
813 2950 1032 3018 ἑκάστῳ
1064 2944 1368 3013 συλλέγειν,
1415 2941 1760 3012 συναγείρειν
1790 2938 1868 3003 δέ,

243 3053 423 3121 εἰπερ
455 3046 666 3101 ’ἐλοιντό
691 3061 862 3108 τινες,
897 3043 992 3097 καὶ
1020 3045 1134 3105 τοῖς
1167 3039 1266 3112 τὴν
1291 3037 1462 3109 αὐτὴν
1495 3035 1709 3090 οἰκοῦσι
1737 3050 1871 3103 σκη-

241 3147 378 3218 νήν.
407 3163 427 3197 ι
454 3144 733 3205 Ἕκαστος
763 3138 896 3210 γάρ,
925 3137 1081 3208 φησὶ,
1118 3136 1214 3189 σὺν
1243 3137 1356 3197 τοῖς
1389 3132 1682 3202 συσκήνοις
1714 3127 1870 3201 ὑμῶν

242 3235 581 3302 συλλέξατε,
615 3233 711 3286 καὶ
741 3233 801 3286 ού
834 3227 1217 3299 καταλείψετε,
1244 3226 1432 3296 φησιν,
1467 3226 1562 3278 ἀπ’
1585 3221 1751 3276 αὐτοῦ
1789 3223 1868 3284 εἰς

240 3332 314 3385 τὸ
353 3327 530 3400 πρωῒ.
561 3345 581 3378 ι
619 3324 744 3396 Χρὴ
771 3322 881 3396 γὰρ
911 3322 1057 3393 ἡμᾶς
1085 3318 1200 3373 τῶν
1233 3317 1393 3371 θείων
1424 3331 1484 3368 τε
1523 3314 1616 3368 καὶ
1637 3313 1870 3382 εὐαγγε-

239 3422 430 3478 λικῶν
454 3415 918 3488 ἀναπίμπλασθαι
941 3413 1304 3484 μαθημάτων.
1348 3410 1436 3463 Ἐν
1464 3408 1564 3478 ῐσῳ
1592 3407 1658 3478 δὴ
1686 3405 1873 3478 μέτρῳ

250 3515 490 3586 μικροῖς
520 3514 616 3565 καὶ
665 3508 928 3580 μεγάλοις
963 3506 1312 3576 διανέμοντος
1339 3503 1472 3574 ἡμῖν
1503 3498 1599 3554 τοῦ
1630 3497 1870 3572 Χριστοῦ

246 3610 358 3680 τὴν
391 3605 529 3675 παρ’
559 3602 758 3658 ἐαυτοῦ
800 3603 981 3673 χάριν,
1004 3598 1100 3652 καὶ
1122 3595 1332 3670 ,ὁμοίως
1359 3596 1610 3658 ἅπαντας
1637 3591 1873 3663 ἀποτρέ-

247 3716 466 3769 φοντος
506 3699 588 3760 είς
626 3694 798 3766 ζωὴν,
840 3692 1184 3763 συναγείρειν
1217 3692 1331 3754 τοῖς
1374 3687 1556 3752 ἄλλοις
1593 3685 1871 3750 ἐθέλοντος

245 3794 384 3855 τοὺς
410 3789 899 3857 εὐοθενιστέρους,
935 3785 1030 3839 καὶ
1063 3782 1240 3856 ἱδροῦν
1279 3782 1424 3855 ὺπέρ
1462 3780 1742 3850 ἀδελφῶν,
1778 3780 1873 3834 καὶ

243 3889 388 3949 τοὺς
410 3884 580 3946 ἰδίους
602 3867 789 3944 αὐτοῖς
807 3877 1142 3942 ἐκδανείζειν
1172 3875 1390 3941 πόνους,
1421 3874 1641 3929 καὶτῶν
1662 3873 1872 3929 ἀνωθεν

246 3973 629 4050 χαρισμάτων
653 3973 828 4024 ποιεῖν
861 3987 921 4024 τε
945 3964 1260 4029 κοινωνούς.
1289 3964 1402 4019 Καὶ
1433 3961 1592 4017 τοῦτο
1621 3957 1762 4016 εἶναι
1791 3956 1871 4014 οἷ·-

250 4087 363 4142 μαι
397 4067 464 4123 τὸ
495 4067 635 4139 πρὸς
669 4061 870 4128 αὐτοὺς
913 4060 1210 4133 εἰρημένον
1246 4058 1374 4122 τοὺς
1410 4055 1600 4126 ἁγίους
1638 4053 1874 4110 ἀποστό-

245 4166 423 4228 λους·
467 4181 488 4214 ι
531 4158 758 4231 Δωρεάν
797 4155 1044 4219 ἐλάϐετε,
1078 4152 1287 4226 δωρεὰν
1321 4151 1459 4206 δότε.
1511 4169 1530 4202 ι
1570 4147 1873 4218 Μονονουχὶ

245 4258 374 4330 γὰρ
408 4255 672 4308 πλεῖστον
708 4251 930 4312 ἑαυτοῖς
963 4247 1023 4302 τὺ
1057 4247 1236 4318 μάννα
1279 4242 1652 4312 συλλέγοντες,
1694 4239 1875 4294 διανέ-

250 4368 387 4423 μειν
444 4345 787 4410 ἐσπούδαζον
835 4343 952 4406 τοῖς
1002 4339 1099 4411 τὴν
1161 4335 1332 4408 αὐτὴν
1377 4332 1587 4390 οἰκοῦσι
1634 4330 1868 4404 σκηνὴν,

245 4439 516 4498 τουτέστι
551 4439 654 4510 τὴν
693 4433 1048 4506 Ἐκκλησίαν.
1077 4428 1362 4486 Διετέλουν
1386 4426 1497 4499 γὰρ
1519 4427 1566 4479 oi
1591 4425 1871 4478 θεσπέσιοι

249 4531 514 4607 μαθηταὶ
541 4527 952 4590 νουθετοῦντες,
973 4523 1379 4596 εἰσηγούμενοι,
1395 4519 1533 4592 πρὸς
1562 4519 1669 4574 πᾶν
1690 4515 1871 4572 ὁτιοῦν

1973 635 2115 690 ritus
2141 644 2246 700 est,
2287 644 2440 690 recta
2490 635 2543 688 in
2575 634 2664 688 his
2689 641 2746 688 et
2783 632 2999 688 sincera
3042 633 3392 704 cognitio.At
3427 648 3569 689 vero

1973 727 2028 781 in
2045 727 2170 783 luce
2208 743 2274 782 ac
2312 727 2403 782 die
2423 726 2714 796 disciplina
2733 741 2830 796 per
2850 725 3132 782 Christum
3155 727 3566 796 suppeditatur.

1971 821 2129 877 Unde
2187 829 2245 876 ct
2295 837 2497 876 manna
2562 821 2754 876 datum
2823 830 2910 876 est
2967 821 3254 877 veteribus
3305 822 3567 891 splende-

1969 921 2160 968 scente
2219 912 2312 968 die
2354 922 2412 968 et
2473 914 2596 968 luce
2661 911 2984 983 eﬂ‘ulgente.
3037 911 3167 968 Dies
3205 913 3354 968 enim
3387 913 3442 967 in
3469 927 3568 966 no-

1971 1001 2058 1062 bis
2107 1002 2473 1059 credentibus
2495 1003 2700 1067 illuxit,
2734 1003 2882 1058 sicut
2927 1004 3199 1074 scriptum
3229 1011 3316 1057 est
3367 1003 3442 1068 ⁶¹ς
3507 1010 3565 1057 et

1970 1095 2170 1154 lucifer
2199 1096 2258 1151 in
2286 1097 2539 1152 omnium
2558 1095 2825 1152 cordibus
2851 1103 2939 1152 est
2973 1100 3222 1162 exortus,
3247 1103 3307 1152 et
3339 1097 3420 1152 sol
3469 1097 3563 1168 ju-

1971 1189 2138 1248 stitiae
2163 1189 2459 1260 processit,
2503 1189 2612 1244 hoc
2653 1196 2741 1244 est
2783 1188 3065 1253 Christus,
3085 1189 3181 1259 qui
3215 1196 3304 1245 est
3349 1204 3569 1244 manna!

1974 1279 2339 1350 intelligibilis
2361 1280 2611 1352 largitor.
2636 1281 2774 1336 Nam
2799 1281 2948 1352 quod
2963 1281 3100 1336 illud
3127 1281 3390 1338 sensibile
3414 1297 3570 1337 man-

1971 1387 2043 1427 na
2089 1372 2261 1430 fuerit
2302 1374 2464 1443 quasi
2513 1373 2570 1428 in
2607 1373 2804 1444 ﬁgura,
2845 1375 2954 1430 hoc
2999 1383 3186 1430 autem
3229 1374 3305 1430 sit
3348 1390 3568 1434 verum.

1972 1461 2230 1518 Christus
2250 1463 2367 1534 ipse
2421 1464 2732 1520 certissime
2755 1465 2922 1522 nobis
2957 1472 3218 1532 testatur,
3261 1466 3456 1523 dicens
3500 1467 3570 1522 ad

1973 1554 2231 1616 Judaaos:
2283 1556 2518 1614 «Patres
2553 1558 2726 1614 vestri
2771 1560 3011 1616 ederunt
3034 1575 3237 1617 manna
3267 1561 3323 1616 in
3375 1561 3569 1617 deser-

1975 1655 2052 1714 to,
2081 1656 2137 1704 et
2174 1649 2386 1704 mortui
2410 1657 2562 1706 sunt.
2584 1650 2681 1705 Ille
2704 1659 2892 1706 autem
2935 1661 3022 1708 est
3047 1652 3210 1724 panis
3247 1652 3342 1723 qui
3373 1667 3405 1708 e
3430 1652 3573 1709 calo

1973 1738 2282 1806 descendit,
2319 1750 2381 1798 ut
2415 1742 2598 1798 omnis
2621 1743 2716 1814 qui
2733 1759 2801 1799 ex
2829 1744 2950 1816 ipso
2967 1745 3108 1810 edit,
3131 1761 3245 1801 non
3276 1747 3570 1802 moriatur.

1974 1832 2090 1905 Ego
2131 1849 2256 1890 sum
2312 1834 2473 1905 panis
2529 1834 2749 1902 vivens,
2791 1837 2887 1908 qui
2917 1851 2950 1891 e
2993 1837 3138 1894 ccelo
3167 1837 3478 1894 descendit.
3513 1837 3573 1894 Si

1975 1927 2102 1996 quis
2144 1927 2326 1984 ederit
2384 1943 2452 1984 cx
2489 1928 2596 1984 hoc
2661 1944 2824 2000 pane,
2879 1931 3031 1987 vivet
3072 1931 3131 1986 in
3177 1940 3473 1988 :etemum.
3503 1932 3575 1988 Et

1974 2021 2133 2090 panis
2159 2037 2324 2091 quem
2349 2037 2451 2094 ego
2477 2022 2623 2078 dabo
2677 2017 2857 2089 vobis,
2901 2036 3031 2079 caro
3073 2039 3198 2080 mea
3227 2034 3334 2090 est,
3403 2039 3572 2096 quam

1973 2127 2077 2184 ego
2102 2113 2248 2169 dabo
2271 2128 2374 2185 pro
2406 2115 2600 2170 mundi
2631 2115 2745 2171 vita
2769 2113 2836 2170 ⁸³.
2874 2135 2892 2167 ›
2920 2115 3147 2171 Enutrit
3192 2118 3340 2172 enim
3381 2133 3485 2173 nos
3515 2120 3573 2172 in

1973 2205 2142 2260 vitam
2166 2221 2474 2277 perennem
2499 2207 2770 2263 Dominus
2797 2217 2990 2265 noster
3023 2208 3187 2264 Iesus
3210 2209 3488 2275 Christus,
3515 2219 3574 2267 et

1975 2298 2092 2356 suis
2122 2298 2190 2354 ad
2233 2300 2500 2369 pietatem
2533 2301 2827 2372 praeceptis
2875 2308 2933 2357 et
2987 2316 3089 2372 per
3127 2302 3390 2373 mysticas
3419 2303 3578 2360 eulo—

1974 2391 2111 2462 gias.
2170 2393 2294 2463 Ipse
2356 2393 2526 2465 igitur
2575 2409 2774 2450 revera
2821 2403 2910 2451 est
2961 2410 3066 2466 per
3138 2395 3385 2466 seipsum
3433 2395 3574 2452 illud

1975 2499 2178 2544 manna
2207 2485 2460 2542 divinum
2481 2494 2540 2542 et
2561 2486 2866 2543 viviﬂcum.
2898 2486 2969 2542 Et
2989 2487 3084 2559 qui
3103 2500 3170 2544 ea
3198 2487 3306 2544 hoc
3341 2489 3578 2544 mandu-

1975 2582 2208 2648 caverit,
2222 2584 2605 2654 corruptionis
2624 2599 2828 2656 expers
2848 2592 2935 2640 est
2949 2584 3194 2650 futurus,
3224 2593 3574 2655 mortemque

1973 2689 2266 2740 evasurus,
2294 2692 2406 2732 non
2432 2686 2619 2734 autem
2647 2679 2688 2733 ii
2717 2678 2813 2750 qui
2851 2679 3115 2735 sensibile
3149 2677 3284 2733 illud
3311 2677 3573 2734 ederunt.

1973 2765 2164 2837 Neque
2187 2769 2339 2824 enim
2358 2777 2522 2841 typus
2545 2771 2807 2827 salutaris
2838 2779 2982 2838 erat,
3016 2772 3112 2828 sed
3150 2770 3407 2827 veritatis
3431 2773 3574 2838 liqu-

1975 2872 2094 2914 ram
2132 2875 2246 2929 prae
2269 2877 2329 2918 se
2367 2863 2602 2920 ferebat.
2624 2865 2775 2922 Deus
2805 2874 2994 2923 autem
3017 2880 3222 2922 manna
3257 2865 3436 2922 instar
3449 2865 3575 2937 plna

1973 2953 2076 3007 viae
2099 2952 2342 3025 desuper
2362 2954 2686 3024 demittens,
2706 2958 2868 3030 jubet
2895 2965 2958 3013 ut
2981 2959 3366 3031 unusquisque
3391 2973 3573 3030 quan-

1974 3053 2090 3100 tum
2126 3049 2260 3106 satis
2299 3048 2373 3104 sit
2411 3051 2657 3124 colligat,
2701 3060 2870 3123 atque
2905 3068 3016 3109 una
3049 3053 3340 3125 colligere,
3373 3053 3423 3109 si
3449 3051 3576 3125 quis

1973 3137 2106 3193 velit
2127 3154 2322 3196 eorum
2347 3143 2444 3212 qui
2476 3142 2624 3200 idem
2644 3145 3065 3203 tabernaculum
3091 3147 3367 3204 habitant.
3398 3168 3418 3200 ε
3443 3146 3542 3206 Sin
3567 3181 3578 3191 -

1973 3230 2086 3300 gu-li
2110 3232 2282 3295 enim,
2309 3234 2407 3299 ait,
2460 3250 2587 3291 cum
2627 3236 2747 3294 suis
2793 3239 3570 3314 contubernalibuscolligite,

1974 3338 2080 3378 nec
2133 3323 2439 3395 quidquam
2512 3327 2792 3398 reliquum
2856 3330 3022 3386 facite
3061 3331 3119 3386 in
3189 3332 3517 3388 crastinum.
3547 3352 3566 3385 ι

1975 3412 2208 3484 Oportet
2237 3416 2390 3471 enim
2415 3433 2520 3474 nos
2559 3419 2777 3476 divinis
2825 3428 2883 3477 et
2922 3417 3260 3494 evangelicis
3299 3423 3576 3478 doctrinis

1942 3572 1946 3575 _
1975 3506 2204 3577 repleri.
2227 3507 2288 3566 In
2314 3519 2578 3566 mensura
2606 3510 2778 3582 igitur
2795 3513 2997 3584 aequati
3028 3515 3221 3584 parvis
3269 3521 3326 3569 et
3359 3513 3579 3586 magnis

1973 3595 2232 3657 Christus
2263 3614 2422 3654 suam
2472 3601 2762 3658 distribuit
2789 3604 3047 3674 gratiam,
3078 3613 3136 3659 et
3171 3603 3384 3674 pariter
3429 3619 3575 3659 enu-

1973 3688 2073 3744 trit
2093 3705 2294 3748 omnes
2319 3691 2374 3747 in
2403 3693 2598 3761 vitam,
2633 3695 2868 3767 vultque
2903 3711 3019 3751 una
3037 3711 3166 3752 cum
3194 3696 3320 3752 aliis
3337 3710 3577 3768 congre-

1973 3797 2103 3852 gare
2137 3786 2306 3841 etiam
2334 3784 2695 3853 inﬁrm-iores,
2735 3795 2904 3859 atque
2932 3789 3086 3860 ipsos
3106 3803 3210 3860 pro
3231 3787 3350 3845 suis
3387 3787 3580 3845 fratri-

1976 3874 2083 3931 bus
2121 3876 2424 3944 desudare,
2449 3878 2705 3950 adeoque
2730 3880 2843 3937 illis
2873 3896 3006 3936 suos
3039 3880 3288 3952 ipsorum
3316 3891 3577 3938 mutuare

1974 3968 2218 4037 labores,
2236 3981 2294 4028 et
2313 3973 2616 4044 participes
2636 3989 2895 4044 supernae
2919 3975 3114 4046 gratiae
3152 3974 3394 4032 edicere.
3432 3975 3572 4041 Hoc,

1977 4069 2038 4117 ut
2060 4062 2325 4130 arbitror,
2365 4073 2472 4130 est,
2527 4065 2677 4136 quod
2719 4067 2790 4122 ad
2819 4067 2971 4136 ipsos
3021 4073 3246 4123 sanctos
3293 4068 3578 4138 apostolos

1975 4153 2148 4210 dixit:
2177 4176 2195 4206 ι
2215 4156 2401 4214 Gratis
2425 4159 2746 4230 accepistis,
2774 4158 3090 4230 gratisdate
3112 4157 3182 4212 “.
3209 4178 3230 4210 ι
3262 4158 3576 4220 Plurimum

1974 4246 2122 4301 enim
2148 4247 2254 4302 sibi
2273 4263 2478 4306 manna
2505 4249 2834 4321 colligentes
2857 4250 3200 4306 distribuere
3231 4250 3292 4306 id
3338 4251 3576 4306 studue-

1976 4346 2106 4393 runt
2134 4338 2206 4394 iis
2256 4338 2354 4408 qui
2380 4339 2664 4397 iniisdem
2688 4357 2818 4397 cum
2844 4341 2980 4412 ipsis
2996 4340 3217 4406 castris,
3261 4339 3422 4411 391
3465 4342 3578 4397 hoc

1973 4438 2060 4486 est
2095 4431 2153 4486 in
2189 4427 2462 4498 Ecclesia,
2495 4433 2794 4505 degebant.
2831 4433 3215 4490 Hortabantur
3235 4435 3386 4489 enim
3409 4433 3580 4490 disci-

1973 4521 2113 4591 puli,
2133 4529 2190 4576 et
2225 4521 2294 4577 ad
2318 4537 2486 4580 omne
2508 4523 2659 4594 quod
2703 4523 3036 4595 praeclarum
3072 4531 3161 4582 est
3199 4523 3578 4592 deducebant,

245 4621 642 4693 ἀποφέροντες
666 4618 776 4672 τῶν
810 4616 1243 4688 ἐπαινουμένων,
1279 4612 1373 4668 καὶ
1417 4610 1667 4682 ἀφθόνως
1694 4607 1869 4664 ἅπασι

1976 4622 2032 4668 et
2054 4615 2289 4686 gratiam
2313 4631 2482 4687 quam
2527 4633 2560 4673 a
2587 4617 2815 4676 Christo
2841 4617 3132 4676 consecuti
3176 4626 3360 4684 erant,
3404 4618 3579 4676 uber-

247 4713 668 4790 παρατιθέντες
705 4712 787 4774 εἰς
831 4708 1086 4781 μέθεξιν,
1129 4707 1195 4778 ἣν
1236 4704 1391 4759 αὐτοὶ
1437 4701 1588 4774 παρὰ
1628 4698 1868 4772 Χριστοῦ

247 4808 684 4878 πεπλουτήκασι
727 4805 912 4877 χάριν.
958 4800 1070 4856 Καὶ
1114 4799 1245 4869 γοῦν
1288 4800 1318 4851 6
1348 4795 1618 4867 μακάριος
1656 4793 1870 4857 Παῦλος

246 4899 572 4957 ἐπιστέλλει
603 4895 776 4950 τισίν·
829 4913 848 4946 ι
895 4890 1184 4962 Ἔπιθυμῶ
1221 4889 1333 4960 γὰρ
1389 4886 1516 4940 ἰδεῖν
1560 4886 1741 4956 ὑμᾶς,
1781 4884 1869 4937 ἵνα

246 5011 304 5046 τι
341 4989 574 5065 μεταδῷ
601 4989 732 5060 ὑμῖν
757 4986 1007 5059 χάρισμα
1035 4981 1411 5052 πνευματικὸν
1459 4981 1540 5044 εἰς
1583 4980 1645 5034 τὸ
1684 4995 1872 5050 στηρι-

246 5087 460 5160 χθῆναι
489 5083 691 5154 ὑμᾶς.»
719 5081 784 5134 ΕΞ
809 5079 868 5134 δέ
990 5080 1164 5132 νοοῖτο
1183 5074 1307 5131 καθ’
1341 5075 1528 5146 ἓτερον
1559 5073 1764 5146 τρόπον
1786 5071 1869 5138 τὸ,

255 5201 275 5233 ι
315 5180 607 5240 Ἕκαστος
643 5177 742 5231 σὺν
783 5175 896 5238 τοῖς
949 5173 1242 5244 συσκήνοις
1280 5170 1435 5242 ὑμῶν
1485 5167 1796 5234 συλλέξατε,
1845 5185 1863 5217 ι

246 5276 536 5339 τουτέστι,
589 5270 668 5343 μὴ
709 5267 877 5342 χύδην
926 5268 1204 5333 ἀπαντες,
1261 5264 1400 5335 μηδέ
1445 5260 1686 5334 ἀναμὶξ,
1730 5259 1869 5314 ἀλλά

430 5365 757 5440 γένος,ἡτοι
783 5363 928 5419 κατά
947 5362 1178 5436 σκηνὰς,
1209 5359 1576 5414 ποιείσθωσαν
1605 5352 1705 5427 τὴν
1737 5370 1867 5422 συγ-

250 5445 522 5536 κομιδὴν,
552 5458 780 5515 τοιῶσδι
815 5458 1055 5530 νοήσεις.
1087 5455 1211 5529 Χρὴ
1255 5454 1364 5526 γὰρ
1407 5453 1557 5525 ἡμᾶς
1601 5451 1714 5514 τοῖς
1742 5450 1874 5520 ὁμο-

252 5557 478 5620 πιστοις
519 5553 660 5627 ὁμοῦ
695 5552 807 5609 τῶν
836 5550 1000 5608 θείων
1029 5547 1395 5622 ἐμφορεῖσθαι
1423 5545 1620 5613 λόγων,
1653 5541 1748 5596 καὶ
1775 5543 1874 5612 ζη-

254 5652 376 5704 τεῖν
402 5649 467 5702 τὸ
495 5647 678 5720 μάννα
714 5647 774 5701 τὺ
799 5645 993 5715 νοητόν
1011 5662 1027 5676 ·
1066 5643 1129 5697 ού
1164 5644 1278 5706 τοῖς
1298 5641 1385 5694 ἐτε
1396 5638 1644 5712 ρόφροσι,
1680 5651 1872 5707 μονον-

257 5743 387 5814 οὐχὶ
417 5742 478 5797 δὲ
520 5740 618 5795 καὶ
648 5739 1000 5809 ἀλλογενέσιν
1028 5737 1305 5800 ἀσυνέτως
1366 5727 1868 5802 συναποφέρεσθαι.

341 5913 388 5945 ⁸¹
421 5923 622 5980 llCor.
663 5938 738 5986 ιν,
768 5897 852 5976 ορ
902 5917 1132 5974 "Joan.
1165 5919 1358 5986 v1,50.
1439 5919 1480 5952 κδ
1516 5920 1711 5978 Matth.
1744 5937 1799 5989 ι,
1837 5920 1891 5977 8.

509 6019 786 6079 Ριτιιοι..
823 6015 941 6076 Gn.
985 6014 1190 6075 LXIX.

1976 4709 2077 4765 tim
2101 4709 2365 4766 omnibus
2386 4712 2897 4773 communicabant.
2941 4711 3084 4769 Eine
3129 4711 3331 4770 beatus
3372 4713 3580 4770 Paulus

1976 4801 2311 4872 quibusdam
2337 4803 2415 4862 ita
2437 4804 2672 4861 scribit:
2714 4825 2732 4858 ι
2753 4804 2932 4877 Cupio
2979 4821 3080 4862 vos
3125 4805 3353 4871 videre,
3383 4815 3447 4862 ut
3476 4807 3582 4862 ἰω-

1975 4895 2402 4965 pertiamvobis
2441 4898 2677 4968 gratiam
2721 4899 3073 4970 spiritualem
3106 4899 3177 4954 ad
3220 4915 3324 4966 vos
3364 4900 3574 4955 conﬁr-

1977 4985 2210 5042 mandos
2240 4985 2328 5041 ““.
2352 5006 2371 5037 ι
2398 4985 2675 5043 Caeterum
2719 4987 2766 5044 si
2800 4989 2919 5046 haec
2955 4989 3147 5052 verba,
3181 4989 3424 5061 «singuli
3465 5006 3579 5046 una

1979 5092 2106 5132 cum
2124 5079 2629 5136 contubernalibus
2652 5079 2920 5151 colligite,
2952 5100 2972 5132 ι
3008 5081 3114 5136 alia
3161 5080 3380 5137 ratione
3429 5085 3579 5140 acci-

1979 5172 2225 5241 piantur,
2263 5172 2372 5230 hoc
2413 5182 2523 5239 est,
2561 5181 2767 5230 utnon
2819 5173 3138 5244 promiscue
3187 5189 3406 5242 omnes,
3469 5193 3577 5235 nec:

1977 5265 2270 5335 gregatim,
2301 5265 2400 5320 sed
2431 5265 2739 5322 secundum
2763 5281 2940 5336 genus
2961 5274 3019 5323 et
3039 5268 3279 5324 tentoria
3309 5285 3410 5326 sua
3454 5272 3576 5328 col—

1975 5355 2168 5428 ligant,
2204 5364 2322 5411 tum
2361 5357 2683 5428 hujusmodi
2708 5374 2877 5415 sensu
2901 5375 2968 5416 ea
3006 5361 3304 5434 intelliges.
3341 5361 3580 5434 Oportet

1972 5450 2125 5506 enim
2173 5449 2299 5506 illos
2322 5449 2418 5520 qui
2450 5451 2746 5510 nobiscum
2777 5455 3199 5512 communicant
3244 5454 3376 5522 ﬁde,
3417 5464 3576 5512 satu-

1973 5555 2101 5596 rare
2124 5539 2332 5597 divinis
2355 5544 2672 5615 praceptis,
2699 5544 2947 5618 ipsisque
2973 5563 3176 5603 manna
3220 5547 3577 5618 intelligibile

1973 5634 2306 5705 conquirere
2333 5653 2350 5703 ;
2390 5651 2744 5709 nequaquam
2768 5654 2899 5696 cum
2947 5639 3071 5697 istis
3093 5639 3190 5712 qui
3219 5654 3252 5695 a
3274 5637 3439 5694 nobis
3460 5635 3574 5692 dis-

1974 5727 2247 5796 sentiunt,
2271 5737 2327 5785 et
2341 5729 2756 5800 quodammodo
2777 5733 3105 5806 alienigena
3137 5738 3288 5796 sunt,
3310 5742 3574 5800 compor-

1969 5921 2034 5954 °“
2062 5916 2222 5978 Rom.
2257 5931 2294 5987 ι,
2325 5919 2413 5973 11.
3191 6001 3263 6063 15
