4060 6448
511 423 615 480 εόθ

1542 413 1598 470 ε.
1641 414 1916 471 CYRILLI
1956 416 2430 473 ALEXANDRINI
2473 418 2794 477 ARCHIEP.
3685 423 3776 479 460

515 548 652 592 tare.
679 532 836 602 Quod
860 531 1085 604 quidem
1141 530 1397 595 facimus,
1439 545 1566 586 cum
1593 546 1850 587 arcemus
1899 531 1970 588 ab
1995 533 2098 588 Ee-

2215 537 2280 588 Ὂ
2313 534 2379 606 δὴ
2425 536 2519 590 καὶ
2565 537 2850 607 ποιοῦμεν,
2885 535 3285 599 ἀποσοϐοῦντες
3321 533 3420 606 μὲν
3468 534 3776 608 Ἐκκλησιιῖιν

513 628 682 684 elesia
711 641 810 682 eos
834 626 930 695 qui
954 625 1174 680 diversa
1199 639 1230 678 a
1253 624 1414 679 nobis
1457 625 1709 692 sentiunt
1745 635 1802 681 et
1854 627 2100 696 perversi

512 729 673 774 sunt:
700 732 827 771 cum
855 717 924 771 iis
951 731 1086 771 vero
1139 715 1234 787 qui
1278 715 1570 770 domestici
1615 723 1746 771 sunt
1794 716 2101 772 secundum

514 810 702 874 ﬁdem,
728 810 955 865 cceleste
987 809 1316 864 alimentum
1343 807 1554 863 affatim
1582 809 1877 866 sumimus.
1923 810 2102 866 Inter-

513 902 721 958 dicitur
741 910 928 956 autem
951 901 1053 965 eis,
1088 915 1159 956 ne
1181 899 1318 970 quid
1342 900 1623 970 reliquum
1653 900 1857 957 faciant
1885 903 1940 956 in
1953 903 2104 958 diem

513 991 842 1046 crastinum.
878 989 998 1056 Quo
1021 991 1227 1044 iterum
1268 990 1356 1044 lex
1381 991 1722 1056 subindicat,
1768 992 1918 1062 quod
1941 1008 2104 1047 usum

513 1091 792 1154 typorum,
831 1089 1082 1152 tempore
1130 1096 1241 1152 quo
1291 1081 1457 1136 utiles
1498 1097 1564 1136 ac
1603 1083 1904 1137 necessarii
1943 1092 2109 1138 erant

512 1175 722 1244 elapso,
749 1173 962 1246 judicio
1009 1188 1073 1227 ac
1095 1187 1273 1244 paena
1336 1173 1612 1245 subjiciat.
1682 1192 1701 1224 ι
1755 1173 2108 1245 Computruit

513 1269 662 1325 enim
703 1267 988 1323 vermibus
1018 1266 1076 1322 id
1116 1266 1266 1337 quod
1312 1273 1654 1323 reservatum
1683 1265 1884 1321 fuerat.
1915 1285 1932 1317 ι
1962 1267 2107 1322 Fue-

517 1362 589 1428 rit
617 1369 804 1418 autem
836 1361 954 1416 haec
978 1360 1270 1415 manifesta
1292 1375 1469 1430 poenae
1513 1365 1570 1413 et
1610 1359 1994 1429 corruptionis
2028 1360 2107 1414 si-

516 1455 815 1524 gniﬁcatio.
855 1455 990 1510 Nam
1021 1454 1118 1524 qui
1155 1453 1364 1508 umbrae
1404 1462 1530 1524 post
1575 1460 1854 1508 ostensam
1901 1453 2107 1509 verita-

517 1561 631 1604 tem
680 1547 1065 1618 acquiescunt,
1093 1546 1506 1616 corruptionem
1546 1545 1772 1600 omnino
1806 1561 1870 1600 ac
1919 1561 2110 1617 pinnas

517 1648 648 1695 sunt
675 1637 972 1693 incursari.
1007 1636 1293 1708 Ejusmodi
1321 1635 1455 1706 quid
1490 1635 1762 1690 accidisse
1808 1634 2112 1690 asserimus

519 1732 630 1787 illis
681 1730 750 1788 de
802 1730 1004 1801 quibus
1058 1729 1255 1784 beatus
1293 1729 1495 1785 Paulus
1525 1727 1755 1784 scribit:
1818 1726 2110 1784 iEvacuati

2204 627 2332 688 τοὺς
2375 626 2717 697 ἐτεροδόξους
2760 626 2857 680 καὶ
2889 625 3395 697 διεστραμμένους,
3428 623 3562 696 ὁμοῦ
3592 627 3646 680 δέ
3681 632 3780 694 τοῖς

2203 718 2346 771 κατὰ
2398 717 2581 772 πίστιν
2632 719 2856 782 οἰκείοις
2909 719 3008 780 τὰς
3059 717 3119 782 ἐξ
3165 716 3400 788 ούρανοῦ
3449 717 3780 784 πλουτοῦντες

2205 811 2436 880 τροφάς.
2477 812 2706 883 Εἴρηται
2740 811 2796 864 δε
2844 809 2919 882 μὴ
2969 811 3406 880 καταλιμπάνειν
3439 811 3517 874 εἰς
3548 811 3606 864 τὸ
3632 811 3781 883 πρωῐο

2203 901 2301 956 τοῦ
2342 904 2508 973 νόμου
2563 903 2726 958 πάλιν
2771 901 3232 973 ὑπεμφαίνοντος,
3265 903 3348 956 ὃτι
3396 902 3462 955 τὸ
3502 905 3780 976 κεχρῆσθαι

2205 997 2318 1059 τοῖς
2351 993 2546 1059 τύποις
2579 996 2981 1068 παρῳχηκότος
3021 995 3118 1049 τοῦ
3169 995 3385 1066 χρόνου,
3428 995 3549 1048 καθ’
3576 997 3632 1048 ὃν
3657 993 3781 1068 ἦσαν

2207 1085 2289 1139 ἐτι
2321 1087 2582 1158 χρήσιμοι
2614 1103 2675 1140 τε
2710 1089 2804 1142 καὶ
2830 1087 3140 1156 ἀναγκαῖοι,
3169 1087 3346 1157 πάντη
3372 1103 3431 1138 τε
3461 1087 3556 1140 καὶ
3585 1089 3781 1153 πάντως

2209 1174 2314 1228 ὐπδ
2353 1177 2539 1246 κρίσιν
2581 1177 2706 1245 άγει
2756 1177 2850 1230 καὶ
2884 1176 3140 1230 κόλασιν·
3176 1197 3195 1228 ι
3243 1175 3493 1241 Ἐξέζεσε
3521 1177 3626 1250 γὰρ
3655 1177 3782 1232 σκὼ-

2208 1265 2384 1339 ληκας
2415 1267 2477 1321 τὸ
2505 1269 2907 1339 τετηρημένον.
2959 1286 2977 1319 ι
3022 1267 3314 1331 Κολάσεώς
3350 1285 3408 1322 τε
3462 1271 3554 1323 καὶ
3599 1269 3782 1341 φθορᾶς

2213 1362 2448 1432 μήνυσις
2475 1361 2542 1415 ἂν
2582 1362 2669 1434 εἴη
2691 1363 2787 1416 καὶ
2821 1361 2962 1434 αῦτη
2996 1363 3197 1433 σαφής.
3241 1362 3499 1416 Ἔσονται
3535 1362 3638 1434 γὰρ
3668 1363 3783 1417 πάνυ

2210 1469 2301 1516 τες
2327 1453 2433 1506 ὑπὸ
2464 1453 2674 1525 φθορὰν
2718 1455 2814 1509 καὶ
2845 1456 3069 1508 κόλασιν
3106 1457 3156 1508 oi
3188 1455 3484 1526 τηροῦντες
3515 1455 3611 1526 τὴν
3643 1457 3782 1510 σκιάν

2215 1544 2354 1614 μετὰ
2397 1546 2498 1616 τὴν
2550 1547 2650 1615 τῆς
2697 1547 2959 1617 ἀληθείας
3006 1547 3301 1611 ἀνάδειξιν.
3349 1547 3564 1601 Ὀποῖόν
3604 1565 3654 1600 τι
3701 1566 3783 1601 πε-

2215 1637 2471 1691 πονθέναι
2491 1639 2670 1708 φαμὲν
2700 1639 2848 1706 τοὺς,
2872 1633 2953 1702 οἷς
2977 1642 3006 1693 ὁ
3031 1639 3305 1710 μακάριος
3330 1638 3534 1709 γράφει
3559 1638 3779 1702 Παῦλος*

2220 1748 2238 1781 ι
2287 1731 2691 1804 Κατηργήθητε
2743 1732 2854 1786 ἀπὸ
2891 1731 2986 1786 τοῦ
3030 1731 3295 1801 Χριστοῦ,
3341 1732 3539 1799 οἵτινες
3575 1732 3779 1802 ἐννόμῳ

517 1824 653 1880 estis
683 1837 714 1877 a
743 1821 986 1885 Christo,
1021 1821 1116 1890 qui
1165 1835 1267 1890 per
1289 1820 1467 1889 legem
1501 1817 1904 1889 justiﬁcamini,
1937 1817 2113 1888 gratia

2214 1824 2563 1893 δικαιοῦσθε,
2619 1825 2720 1896 τῆς
2778 1826 3002 1896 χάριτος
3058 1825 3379 1890 ἐξεπέσατε.
3420 1844 3439 1878 ι
3471 1825 3577 1878 Καὶ
3609 1825 3778 1878 πάλιν·

517 1915 804 1972 excidistis
832 1912 901 1968 ⁸⁵.
925 1933 941 1963 ι
974 1912 1041 1968 Ει
1071 1927 1296 1967 rursus:
1334 1930 1351 1961 ι
1375 1910 1514 1965 Cum
1551 1909 1835 1980 cmperitis
1881 1908 2104 1978 spiritu,

2216 1933 2235 1968 ι
2291 1916 2682 1988 Ἕκα-αρξάμενοι
2727 1915 3029 1988 πνεύματι,
3091 1915 3188 1970 νῦν
3229 1917 3396 1986 σαρκὶ
3446 1915 3778 1969 ἐπιτελεῖσθε·

519 2023 669 2064 nunc
694 2022 859 2062 carne
887 2004 1370 2061 consummemini.
1409 2003 1585 2058 Tanta
1617 2002 1766 2072 passi
1809 2001 1947 2056 estis
1995 1999 2113 2054 fru-

2217 2008 2454 2063 τοσαῦτα
2493 2009 2726 2064 ἐπάθετε
2786 2011 2933 2082 εἰκῆ,
2996 2011 3048 2063 ei
3105 2026 3170 2079 γε
3217 2009 3313 2064 καὶ
3356 2011 3503 2080 εἰκῆ.
3540 2027 3558 2061 ι
3597 2007 3779 2062 οὐκοῦν

518 2099 719 2164 stra,si
747 2109 927 2154 tamen
959 2097 1166 2152 frustra
1190 2095 1259 2148 ⁸⁸.
1286 2115 1303 2146 ι
1335 2096 1496 2150 Vetat
1529 2095 1698 2166 igitur
1732 2093 1788 2149 in
1812 2092 2113 2150 crastinum

2219 2101 2528 2169 ἀποφάσκει
2547 2100 2840 2170 φυλάττειν
2891 2101 2972 2165 εἰς
2997 2099 3058 2154 τὺ
3089 2101 3263 2172 πρωϊ·
3297 2099 3388 2153 ἵνα
3409 2099 3495 2152 διὰ
3523 2096 3614 2152 τοῦ
3637 2095 3778 2168 πρωῒ,

517 2193 757 2256 servari,
787 2191 947 2246 utsic
977 2205 1074 2260 per
1096 2188 1400 2243 crastinum
1425 2187 1701 2258 intelligas
1727 2195 1945 2256 tempus
1991 2192 2113 2254 post

2216 2192 2310 2245 τὸν
2347 2193 2484 2264 μετὰ
2529 2191 2620 2248 τὸν
2656 2193 2820 2265 νόμον
2870 2194 3070 2266 νοήσῃς
3119 2192 3336 2264 καιρὸν,
3382 2191 3504 2244 καθ’
3535 2191 3592 2244 ὃν
3633 2192 3664 2261 ἡ
3701 2189 3780 2243 τοῦ

522 2287 717 2356 legem,
747 2284 802 2338 in
835 2298 946 2353 quo
961 2281 1221 2336 Christus
1246 2279 1523 2350 apparuit,
1551 2286 1610 2333 et
1657 2277 1847 2332 divina
1889 2277 1983 2331 lux
2013 2290 2113 2331 no-

2217 2285 2456 2358 Χριστοῦ
2488 2287 2698 2357 πέφηνε
2727 2285 3025 2358 παρουσία,
3044 2286 3140 2340 καὶ
3168 2285 3226 2338 τὺ
3251 2285 3546 2356 θεῖονήμῖν
3571 2283 3780 2352 ἀνέλαμ-

2217 2378 2286 2449 ψε
2323 2378 2460 2448 φῶς.
2524 2379 2667 2432 Ἀλλ’
2695 2381 2924 2450 ἐτήρουν
2975 2379 3055 2442 εἰς
3100 2379 3161 2432 τὸ
3217 2376 3406 2448 πρωῒ,
3468 2376 3781 2438 σαϐϐατὶζειν

2223 2471 2508 2542 μέλλοντες
2547 2472 2596 2525 οι
2647 2471 2707 2536 ἐξ
2745 2471 2986 2542 Ἰσραὴλ,
3024 2470 3120 2523 καὶ
3155 2469 3315 2523 τοῦτο
3363 2468 3499 2523 Θεοῦ
3539 2466 3781 2540 προστάτ-

2217 2579 2423 2626 τοντος.
2465 2561 2532 2616 Τί
2557 2563 2622 2636 δὴ
2661 2560 2756 2617 οὖν
2796 2563 2905 2634 ἄρα
2951 2563 3070 2615 ἐστὶ
3115 2562 3175 2616 τὸ
3197 2560 3585 2632 ’φυλάττεσθαι
3617 2560 3706 2631 μὲν
3729 2559 3780 2610 τὸ

2218 2653 2311 2708 τοῦ
2340 2655 2622 2710 Σαϐϐάτου
2652 2654 3056 2727 προσυλλεχθέν
3082 2696 3096 2722 ,
3146 2653 3223 2725 μὴ
3269 2654 3383 2726 μὴν
3427 2654 3506 2708 ἐτι
3555 2654 3643 2707 καὶ
3685 2651 3782 2704 δια-

2220 2747 2571 2818 φθείρεσθαι,
2606 2747 2742 2818 μηδέ
2775 2747 2889 2809 τοῖς
2931 2745 3303 2818 τετηρηκόσιν
3335 2743 3784 2818 ἐπιπικραίνεσθαι

2217 2840 2310 2892 τὸν
2347 2839 2580 2904 Μωσέα;
2629 2837 2949 2909 Ἀφιγμένοι
2983 2839 3090 2910 γὰρ
3130 2837 3220 2892 διὰ
3264 2837 3509 2902 πίστεως
3536 2839 3611 2901 εἰς
3633 2837 3713 2890 τδν
3735 2836 3781 2888 ἐν

2221 2927 2442 2999 Χριστῷ
2490 2927 2784 2998 νοούμενον
2829 2925 3226 2996 σαϐϐατισμὸν,
3263 2927 3551 2980 τουτέστιν
3591 2926 3664 2988 εἰς
3696 2924 3780 2990 ἀρ-

2219 3019 2345 3090 γίαν
2387 3035 2448 3072 τε
2493 3019 2590 3072 καὶ
2635 3018 2934 3089 κατάληξιν
2982 3017 3084 3088 τὴν
3125 3016 3184 3082 ἐξ
3224 3016 3548 3088 ἁμαρτιῶν,
3594 3015 3682 3084 οὐχ
3717 3011 3780 3074 ὼς

524 2379 611 2432 bis
628 2375 828 2432 illuxit.
851 2375 1130 2430 Caeterum
1159 2370 1422 2426 Israelita:
1445 2370 1746 2425 Sabbatum
1781 2367 2118 2424 celebraturi

522 2466 881 2523 reservabant
910 2465 967 2519 in
1021 2463 1345 2529 crastinum,
1394 2461 1560 2531 idque
1590 2462 1702 2516 Deo
1739 2461 2114 2531 praecipiente.

519 2558 662 2626 Quid
693 2558 863 2630 igitur
881 2566 988 2622 est,
1013 2555 1163 2626 quod
1191 2555 1486 2611 collectum
1516 2561 1644 2608 ante
1685 2553 1988 2608 Sabbatum
2016 2567 2120 2606 cu-

521 2649 815 2714 stodiatur,
848 2664 952 2704 nec
981 2656 1192 2719 pereat,
1223 2661 1405 2717 neque
1443 2645 1622 2700 Moses
1658 2645 1774 2700 illis
1807 2644 1904 2715 qui
1931 2659 2118 2700 reser-

523 2752 723 2798 varunt
749 2742 1115 2798 succenseat?
1139 2740 1276 2796 Nam
1316 2739 1550 2810 ingrcssi
1577 2755 1675 2809 per
1706 2738 1870 2794 ﬁdem
1897 2738 1956 2792 in
1987 2737 2119 2793 sab-

521 2835 839 2900 batismum,
886 2833 979 2904 qui
1013 2833 1071 2888 in
1093 2832 1316 2888 Christo
1363 2831 1712 2903 intelligitur,
1778 2829 1884 2884 hoc
1907 2836 2012 2893 est,
2063 2829 2118 2884 in

521 2926 696 2981 otium
723 2933 780 2980 et
802 2923 1164 2980 cessationem
1194 2939 1223 2980 a
1255 2924 1500 2992 peccatis
1523 2963 1537 2986 ,
1585 2937 1696 2975 non
1731 2928 1991 2989 tanquam
2028 2917 2117 2972 in-

524 3019 717 3089 utilem
739 3017 1068 3090 abjiciamus
1119 3017 1410 3071 collectam
1457 3015 1513 3070 in
1547 3013 1707 3070 nobis
1733 3028 1799 3067 ae
1832 3011 1990 3082 quasi
2025 3026 2119 3066 re-

521 3113 761 3184 positam
799 3110 938 3182 legis
975 3109 1348 3180 disciplinam,
1386 3122 1512 3178 quae
1550 3121 1652 3161 nos
1673 3105 1829 3160 ducit
1859 3104 1929 3159 ad
1953 3104 2113 3159 Chri-

2221 3113 2494 3185 ἄχρηστον
2559 3112 2976 3188 παραιτούμεθα
3048 3111 3150 3182 τὴν
3221 3109 3690 3183 προσωρευθεῖσαν
3732 3105 3781 3158 ἐν

523 3213 692 3270 stum,
723 3203 888 3274 292
915 3203 1004 3258 lex
1025 3202 1175 3256 enim
1209 3199 1538 3272 paedagogus
1558 3208 1646 3254 est
1674 3199 1718 3230 ⁸⁷
1745 3215 1760 3265 ;
1787 3197 1883 3252 sed
1935 3197 2113 3268 potius

2229 3206 2363 3276 ἡμῖν
2386 3205 2480 3257 καὶ
2517 3202 2682 3257 οἱονεὶ
2712 3189 3193 3274 προαποκειμένην
3213 3199 3308 3253 τοῦ
3341 3200 3504 3269 νόμου
3537 3194 3783 3248 παίδευσιν

523 3311 650 3352 cum
676 3295 978 3349 habeamus
1000 3308 1122 3348 eam
1150 3289 1594 3348 institutionibus
1629 3288 1962 3358 evangelicis
1990 3303 2113 3342 con-

2230 3294 2674 3367 χειραγωγοῦσαν
2729 3293 2878 3364 ἡμᾶς
2909 3294 2987 3355 εἰς
3019 3291 3273 3362 Χριστόν·
3337 3286 3667 3355 παιδαγωγὸς
3696 3282 3784 3348 γὰρ

516 3390 788 3460 junctam,
817 3400 930 3440 non
955 3385 1118 3454 longe
1147 3392 1298 3438 certe
1337 3381 1580 3437 abfuturi
1635 3397 1828 3436 sumus
1871 3381 1941 3436 ab
1988 3381 2113 3447 hoc,

2222 3390 2252 3442 ὁ
2283 3389 2473 3459 νόμοςο
2509 3387 2724 3458 ἔχοντες
2767 3385 2825 3439 δέ
2871 3383 3072 3455 μᾶλλον
3115 3383 3280 3436 αὑτὸν
3310 3381 3446 3453 ὁμοῦ
3486 3380 3594 3443 τοῖς
3638 3378 3781 3444 εὐαγ-

527 3479 783 3537 utetiam
813 3493 918 3534 nos
967 3477 1074 3532 hoc
1118 3475 1344 3530 nomine
1372 3474 1584 3530 laudari
1607 3489 1710 3545 par
1756 3473 1856 3540 sit;
1905 3481 2113 3528 tantum

2221 3481 2464 3551 γελικοῖς
2488 3478 2876 3548 παιδεύμασιν,
2902 3477 3002 3530 ούκ
3027 3473 3264 3545 ἐσόμεθα
3289 3474 3508 3545 μακρὰν
3529 3470 3618 3525 τοῦ
3649 3472 3781 3522 ἐπαι-

526 3573 706 3638 abest,
735 3580 798 3626 ut
833 3571 981 3626 Deus
1014 3567 1178 3626 nobis
1230 3567 1336 3622 hoc
1399 3566 1735 3622 facientibus
1768 3574 2119 3621 succenseat.
2223 3578 2335 3628 νεῖν
2369 3573 2623 3646 πρέπειν,
2655 3570 2752 3625 καὶ
2788 3568 2950 3623 τοῦτο
2989 3568 3163 3640 δρῶσι
3200 3567 3338 3632 Θεὸς
3365 3569 3466 3621 οὐκ
3491 3561 3781 3634 ἐπιπικραί-

528 3666 683 3723 Unde
709 3665 963 3721 Salvator
978 3663 1095 3736 ipse
1147 3662 1222 3718 ita
1266 3676 1368 3717 nos
1407 3660 1606 3716 docet:
1643 3679 1660 3711 ι
1685 3660 2007 3730 Propterea,
2032 3658 2113 3712 in-

2223 3683 2393 3722 νεται.
2435 3665 2546 3720 Καὶ
2581 3663 2713 3734 γοῦν
2750 3663 2778 3714 ὁ
2811 3661 3005 3733 Σωτὴρ
3045 3661 3204 3738 τοῦτο
3240 3659 3509 3714 διδάσκων
3537 3656 3690 3718 αὐτὸς
3709 3652 3783 3706 λέ·

525 3761 670 3830 quit,
700 3759 825 3814 dico
849 3757 1030 3823 vobis,
1065 3755 1214 3832 quod
1244 3755 1425 3811 omnis
1450 3753 1644 3811 Scriba
1698 3753 1899 3809 doctus
1926 3751 1996 3807 ad
2031 3767 2113 3806 re-

2223 3778 2310 3831 γει
2337 3761 2492 3831 ἡμῖν,
2521 3759 2604 3812 ὅτι
2631 3775 2649 3807 ι
2680 3756 2796 3819 Πᾶς
2819 3752 3190 3827 Γραμματεὺς
3215 3748 3576 3824 μαθητευθεὶς
3609 3747 3670 3816 τῇ
3704 3742 3785 3812 βα·

526 3869 694 3924 gnum
711 3853 1005 3918 caelorum,
1036 3851 1238 3907 similis
1281 3859 1368 3907 est
1400 3849 1807 3922 patrifamilias,
1847 3848 1942 3919 qui
1973 3847 2113 3904 eruit

2226 3853 2401 3924 σιλεῐα
2430 3850 2541 3906 τῶν
2569 3848 2835 3919 οὐρανῶν,
2885 3845 3070 3918 ὅμοιός
3119 3847 3237 3898 ἐστι
3295 3842 3566 3914 ἀνθρώπῳ
3603 3837 3782 3892 οἰκοδε-

525 3962 558 4000 e
585 3945 847 4002 thesauro
873 3959 974 3999 suo
1012 3958 1156 3999 nova
1193 3952 1254 3999 et
1296 3951 1486 3998 vetera
1520 3943 1589 3997 ⁸³.
1615 3960 1633 3993 ι
1663 3941 1861 3996 Manna
1896 3940 2066 4011 igitur
2091 3955 2113 3994 a

2225 3945 2424 4017 σπότῃ,
2445 3943 2594 4007 ὅστις
2625 3938 2880 3995 ἐκϐάλλει
2913 3940 2978 3992 ἐκ
3011 3937 3104 3991 τοῦ
3138 3935 3418 4008 θησαυροῦ
3447 3931 3604 3989 αὑτοῦ
3639 3925 3778 3982 καινὰ

527 4038 688 4096 nobis
720 4037 874 4108 prius
906 4052 1005 4107 per
1052 4035 1230 4108 legem
1276 4035 1572 4091 collectum
1621 4041 1781 4089 vacat
1817 4032 2113 4104 reprehen-

2223 4037 2316 4092 καὶ
2346 4034 2570 4090 παλαιά.
2630 4053 2650 4087 ι
2697 4031 3060 4102 ’Δνέγκλητον
3103 4024 3196 4083 οὖν
3239 4028 3303 4082 τὸ
3340 4021 3707 4100 προσωρευθέν
3738 4020 3785 4070 ἐν

2223 4131 2357 4200 ἡμῖν
2390 4127 2564 4199 μάννα
2607 4126 2696 4180 διὰ
2735 4123 2831 4179 τοῦ
2860 4123 3052 4194 νόμου,
3084 4120 3190 4175 κᾶν
3221 4120 3270 4173 εἰ
3319 4121 3376 4172 ἐν
3405 4117 3484 4188 τῷ
3514 4111 3679 4184 νοητῷ
3706 4125 3783 4200 τηε

2229 4199 2372 4294 ροῖτο
2396 4218 2776 4288 σαϐϐατισμῷ.
2804 4214 3285 4289 Περιτυγχάνομεν
3318 4212 3417 4283 μὲν
3443 4209 3547 4280 γὰρ
3572 4207 3680 4267 ταῖς
3710 4199 3785 4294 διὰ

2225 4293 2474 4377 Μωσέως
2527 4312 2708 4373 σκιαῖς
2759 4308 2809 4362 οἱ
2851 4309 2908 4361 ἐν
2957 4303 3180 4379 Χριστῷ
3223 4302 3656 4365 σαϐϐατὶζοντες,
3709 4293 3783 4344 ἵνα

2223 4407 2324 4478 τὴν
2355 4408 2412 4460 ἐν
2444 4403 2637 4466 αὑταῖς
2664 4401 2920 4474 ζητῶμεν
2957 4399 3240 4469 ἀλήθειαν.
3285 4394 3592 4464 Ἐπάρατον
3620 4387 3672 4442 δέ
3705 4382 3784 4438 καὶ

526 4126 985 4198 sione,siquidem
1014 4126 1072 4181 in
1091 4125 1493 4182 sabbatismu
1513 4123 1920 4196 intelligibilem
1939 4138 2125 4179 reser-

525 4231 705 4278 vetur.
746 4222 858 4277 Nos
887 4221 1063 4287 enim,
1089 4219 1185 4290 qui
1215 4219 1272 4274 in
1299 4218 1526 4275 Christo
1543 4217 1847 4273 Sabbatum
1877 4217 2129 4273 celebra-

526 4329 670 4378 mus,
702 4311 829 4368 ideo
853 4327 1144 4368 versamur
1169 4311 1226 4364 in
1254 4308 1472 4364 umbris
1507 4305 1785 4371 Mosaicis,
1818 4317 1881 4361 ut
1911 4305 1967 4360 in
1989 4305 2127 4376 ipsis

528 4408 878 4477 inquiramus
896 4404 1209 4461 veritatem.
1235 4400 1587 4458 Exsecrabile
1605 4410 1790 4456 autem
1826 4409 1969 4463 erat,
1988 4413 2124 4468 sup-

527 4499 805 4572 plicioque
839 4497 1146 4553 obnoxium
1184 4498 1231 4552 si
1273 4498 1400 4566 quis
1422 4495 1479 4550 in
1505 4494 1750 4550 Sabbato
1791 4493 2113 4562 colligeret;

2237 4477 2344 4553 ὑπὸ
2383 4497 2540 4567 δίκην
2589 4493 2756 4548 ἐτίθει
2799 4492 2863 4545 τδ
2894 4492 2952 4545 ἐν
2987 4488 3255 4558 Σαϐϐάτῳ
3285 4485 3582 4553 συλλέγειν,
3611 4477 3785 4572 μάλλον

527 4567 663 4662 quin
687 4567 875 4662 potius
903 4590 1050 4644 Deus
1094 4597 1211 4643 tum
1257 4588 1472 4642 nullum
1525 4585 1840 4642 dimittebat
1899 4599 2113 4639 manna.

2226 4591 2285 4647 δέ
2326 4589 2388 4644 ού
2429 4587 2608 4642 καθίει
2638 4583 2699 4638 τὸ
2729 4583 2906 4656 μάννα
2939 4582 2967 4634 ὸ
2995 4579 3146 4643 Θεός.
3173 4576 3600 4640 Σαϐϐατίξοντες
3622 4567 3784 4662 γὰρ-ὲν

525 4649 667 4738 Cum
687 4649 845 4737 enim
884 4681 944 4736 in
967 4680 1200 4736 Christo
1241 4678 1572 4750 spiritaliter
1625 4677 1930 4733 Sabbatum
1971 4677 2113 4732 cele-

2227 4680 2450 4755 Χριστῷ
2479 4649 2814 4750 νοητῶςίτὰ
2869 4675 2926 4729 ἐν
2976 4672 3172 4735 τύποις
3217 4671 3317 4742 μὲν
3361 4668 3543 4724 οὐκέτι
3571 4658 3785 4755 συλλέξε-

529 4775 778 4839 bremus,
813 4787 880 4827 ea
913 4787 1038 4843 qua
1069 4771 1128 4826 in
1151 4746 1345 4842 figuris
1362 4779 1517 4835 sunt,
1537 4785 1651 4825 non
1691 4770 1934 4841 amplius
1963 4769 2113 4824 colli-

2225 4746 2345 4847 μέν.
2379 4746 2458 4827 Ού
2493 4746 2604 4842 γὰρ
2653 4767 2928 4840 σαρκικῆς
2965 4761 3309 4836 ἀνθεξδμεθα
3349 4755 3661 4831 περιτομῆς,
3681 4746 3784 4847 οξξὲ

531 4881 742 4939 gemus.
769 4865 961 4937 Neque
1009 4864 1160 4920 enim
1217 4863 1496 4918 carnalem
1541 4862 1855 4918 subibimus
1892 4862 2113 4917 circum-

2225 4841 2353 4938 βόας
2382 4864 2416 4936 ἢ
2451 4841 2700 4934 πρόϐατα
2740 4857 3144 4929 καταθύσομεν,
3191 4851 3563 4928 παρωσόμεθα
3589 4841 3784 4939 δὲμᾶλ-

533 4937 822 5024 cisionem,
880 4972 1072 5029 neque
1101 4971 1238 5012 oves
1301 4962 1398 5011 aut
1459 4954 1629 5009 boves
1667 4953 2113 5017 sacriﬁcabimus,

2222 4959 2312 5012 λον
2345 4957 2405 5010 τὸ
2429 4956 2575 5026 παχὺ
2595 4953 2706 5007 τῶν
2721 4953 2932 5017 τύπων,
2969 4950 3144 5020 αὐτὴν
3171 4947 3387 5020 ἔχοντες
3411 4945 3508 5015 τὴν
3537 4937 3786 5010 ἀλήθειαν,

533 5050 630 5106 sed
653 5051 838 5125 potius
872 5049 1186 5121 rejiciemus
1211 5057 1468 5119 typorum
1504 5045 1952 5111 crassitudinem,
2000 5061 2113 5099 cuit

2222 5048 2470 5103 τουτέστι
2499 5044 2757 5117 Χριστόν.

533 5113 704 5214 ipsum
729 5113 1030 5198 habeamus
1065 5113 1376 5207 veritatem,
1411 5141 1517 5196 hoc
1534 5149 1620 5196 est
1649 5139 1955 5196 Christum.

2297 5141 2359 5194 δ’.
2405 5113 2686 5207 Ἀπογρῶν
2711 5135 2808 5205 μὲν
2841 5127 2956 5200 οῦν,
2986 5129 3242 5199 καθάπερ
3270 5121 3503 5197 ἐγῷμαι,
3525 5121 3613 5177 καὶ
3634 5113 3788 5214 σαφὴς

602 5235 658 5290 4.
683 5233 956 5305 Copiosus
981 5236 1152 5306 igitur
1183 5234 1317 5290 satis
1351 5247 1416 5288 ac
1454 5231 1804 5295 manifestus,
1855 5240 1917 5286 ut
1967 5229 2113 5284 arbi-

2229 5234 2288 5286 ἐν
2319 5249 2381 5301 γε
2401 5233 2510 5295 τοῖς
2537 5227 2920 5300 προκειμένοις
2937 5227 3072 5297 ἡμῖν
3101 5222 3392 5293 πεποξηται
3419 5218 3589 5286 λόγος.

535 5335 672 5389 tror,
695 5297 880 5380 sermo
909 5323 978 5380 de
1004 5297 1118 5379 vbis
1156 5323 1381 5378 habitus
1426 5330 1532 5378 est.
1563 5320 1836 5377 Caeterum
1893 5336 2020 5376 cum
2066 5320 2113 5374 in

2230 5326 2294 5396 δὴ
2325 5297 2381 5378 se
2413 5341 2518 5394 περ
2553 5297 2610 5376 Ei)
2655 5297 2844 5392 βιϐλίῳ
2875 5318 2953 5392 τῷ
2984 5315 3215 5388 ἐπίκλην
3244 5312 3537 5385 Ἀριθμοῖς,
3566 5305 3650 5360 καὶ
3678 5297 3778 5355 ἐτέο

535 5417 701 5481 libro,
739 5416 830 5471 cui
847 5415 1044 5471 titulus
1080 5424 1168 5470 est
1217 5415 1468 5480 Numeri,
1514 5414 1896 5471 invenerimus
1938 5423 2113 5485 caput.

2231 5431 2350 5484 ραις
2383 5413 2440 5467 δέ
2462 5412 2820 5484 διηγημάτων
2862 5407 3202 5481 προσθήκαις
3240 5406 3453 5476 ἔχοντες
3488 5398 3780 5485 εὑρίσκομεν

535 5479 695 5578 quod
735 5514 792 5561 et
824 5507 960 5561 alias
1006 5506 1388 5561 narrationum
1441 5505 1778 5575 appendices
1843 5479 2113 5562 continet.

2225 5479 2288 5559 τὸ
2338 5479 2657 5575 κεφάλαιον,
2711 5502 2818 5555 δεῖν
2852 5479 3427 5574 ᾠήθηνίὰναγκαίως,
3472 5492 3566 5546 οὐκ
3598 5479 3782 5578 diﬁcil-

537 5599 913 5654 neccssarium
968 5597 1084 5652 l‘ore
1128 5597 1318 5667 putavi
1361 5610 1474 5651 non
1529 5597 1834 5653 indiscussa
1873 5598 2113 5652 0mile

2228 5615 2384 5652 νιστα
2415 5571 2706 5668 ⁸παρελθεῖν
2753 5595 2820 5650 τὰ
2960 5596 3026 5665 τῇ
3073 5591 3268 5661 Ἐξόδῳ
3321 5582 3656 5654 σεσιγημένα.

538 5686 629 5741 illa
655 5704 777 5757 quae
796 5687 852 5742 in
883 5687 989 5742 hoc
1027 5661 1200 5742 Exodi
1235 5685 1380 5740 libro
1399 5686 1624 5741 silentio
1649 5697 1781 5742 sunt
1826 5688 2104 5758 praeterita

2228 5690 2338 5762 γὰρ
2365 5689 2429 5743 ἂν
2460 5661 2558 5741 ibo}.
2601 5689 2715 5749 τοῖς
2753 5661 3157 5755 ἐντευξομένοις
3198 5671 3634 5752 ἀμφιλαφεστέρα

537 5777 824 5848 Siquidem
884 5780 1192 5836 lectoribus
1244 5780 1318 5834 ita
1379 5782 1562 5851 majus
1624 5796 1978 5836 accessurum
2043 5794 2113 5836 εει

2357 5784 2390 5852 ἡ
2441 5781 2642 5851 νόησις.
2675 5753 2987 5850 Γέγραπται
3022 5776 3232 5832 τοίνυνο
3277 5791 3293 5824 ι
3333 5773 3450 5826 Ὀτι
3499 5765 3584 5820 καὶ
3620 5762 3645 5814 ὁ
3676 5753 3776 5809 ἐπὶ·

607 5896 652 5928 ⁸⁵
682 5896 860 5952 Galat.
893 5913 944 5964 ν,
975 5897 1026 5952 ι.
1107 5898 1151 5930 ⁸⁸
1178 5897 1353 5963 Calai,
1384 5914 1460 5965 ιιι,
1488 5898 1540 5951 5.
1618 5899 1659 5929 ⁸⁷
1689 5897 1823 5952 ibid.
1860 5898 1949 5952 ει.
2027 5899 2072 5931 ⁸⁸

2214 5899 2304 5954 .th.
2329 5915 2442 5968 xm,
2473 5897 2540 5954 5?.
2557 5937 2570 5953 .
