4060 6476
325 467 428 522 εει

1376 472 1903 532 CLAI’IIYROIILM
1946 478 2011 533 IN
2055 481 2343 539 EXODL'M
2381 484 2512 539 LIB.
2559 484 2622 538 ll.

3548 477 3652 534 46?.

331 619 526 676 μικτος
569 604 599 657 ό
649 606 708 658 ἐν
748 607 934 670 αὐτοῖς
959 609 1312 681 ἐπεθύμησεν
1343 611 1662 684 ἐπιθυμίαν,
1698 615 1792 668 καὶ
1821 618 1926 671 καθ

2051 598 2511 656 emolumentum.
2550 601 2630 656 Ita
2683 610 2868 657 autem
2901 598 3173 655 habetur:
3214 596 3409 664 (Quod
3454 597 3647 666 vulgus

325 695 554 761 ίσαντες
604 696 827 753 ἔκλαιον
891 703 987 756 καὶ
1047 703 1097 756 οἱ
1151 704 1261 758 υἱοὶ
1319 705 1558 776 Ἰσραὴλ,
1607 707 1702 760 καὶ
1748 704 1942 762 εἶπαν·

321 789 427 854 Τίς
481 793 635 862 ἡμᾶς
696 793 910 864 ψωμιεῖ
949 796 1128 866 κρέας
1178 797 1570 870 Ἐμνήσθημεν
1616 800 1807 872 ἰχθύας
1850 801 1945 869 οὓς

321 880 597 952 ήσθίομεν
669 885 730 937 ὲν
781 885 1046 958 Αἰγύπτῳ
1090 887 1336 961 δωρεὰν,
1388 894 1484 944 καὶ
1535 891 1661 954 τοὺς
1698 894 1942 961 σικυοὺς,

320 973 595 1038 καὶτοὺς
644 976 928 1040 πέπονας,
979 981 1074 1031 καὶ
1111 979 1181 1033 τὰ
1230 980 1447 1051 πράσα,
1499 983 1596 1034 καὶ
1651 979 1720 1034 τὰ
1771 983 1943 1053 κρόμ-

321 1082 465 1135 μυα,
509 1067 608 1120 καὶ
640 1066 710 1121 τὰ
745 1067 1000 1138 σκόροδα.
1041 1069 1182 1123 Νυνὶ
1227 1071 1285 1125 δὲ
1332 1074 1365 1143 ή
1399 1071 1547 1143 ψυχὴ
1582 1073 1739 1144 ἡμῶν
1773 1073 1943 1128 καξά-

317 1157 536 1230 ξηρος,
604 1159 760 1212 οὐδὲν
824 1160 965 1230 πλὴν
1041 1163 1124 1224 είς
1195 1161 1257 1216 τὸ
1325 1164 1500 1234 μάννα
1563 1165 1614 1218 οἱ
1667 1164 1943 1237 ὀρθαλμοὶ

315 1251 511 1321 ἡμῶν.
572 1271 594 1305 ι
651 1249 788 1309 Εἶτα
843 1254 1058 1319 τούτοις
1117 1255 1406 1328 ἐπιφέρει·
1465 1277 1482 1308 σ
1543 1258 1654 1312 Καὶ
1707 1259 1942 1330 ήκουσεν

317 1345 540 1416 Μωσῆς
607 1344 907 1400 κλαιόντων
973 1348 1158 1401 αὐτῶν
1214 1349 1360 1404 κατὰ
1423 1349 1630 1422 δήμους
1712 1352 1937 1420 αὐτῶν,

315 1438 562 1492 ἕκαστον
640 1439 736 1493 ἐπὶ
805 1440 908 1512 τῆς
983 1439 1157 1514 θύρας
1223 1443 1412 1497 αὐτοῦ.
1485 1444 1598 1498 Καὶ
1678 1444 1938 1517 ἐθυμώθη

313 1532 460 1602 ὀργῇ
502 1531 710 1603 Κύριος
754 1533 982 1604 σφόδρα,
1013 1535 1110 1588 καὶ
1137 1534 1318 1589 ἔναντι
1344 1537 1519 1608 Μωσῇ
1554 1532 1620 1609 ἦν
1640 1537 1933 1610 πονηρόν.»

317 1624 526 1693 Ἀθρει
569 1622 636 1694 δή
664 1619 758 1678 οὖν
787 1622 931 1688 ὅπως
963 1625 1446 1698 εὐπαρακόμιστος
1479 1627 1600 1680 λίαν
1629 1631 1656 1682 6
1696 1629 1937 1702 Ἰσραήλ,

311 1715 418 1769 καὶ
434 1717 538 1786 οὐχ
567 1716 706 1788 ὅπερ
728 1715 843 1787 (sic)
864 1717 1073 1790 ἑτέροις
1096 1719 1328 1788 ὠφελεῖν
1354 1713 1466 1784 οἷός
1491 1737 1549 1774 τε
1567 1737 1580 1750 ·
1621 1725 1770 1775 νοσεῖ
1789 1723 1844 1776 δὲ
1880 1724 1938 1778 τὸ

310 1802 523 1857 sum
588 1805 688 1859 καὶ
736 1807 794 1860 ὲν
836 1807 1020 1878 μόνοις
1081 1811 1196 1873 τοῖς
1259 1809 1384 1864 καθ’
1435 1811 1650 1867 ἑαυτόν.
1712 1813 1938 1886 Κατηρο

312 1895 580 1968 ρὡτησε
649 1897 750 1969 μὲν
823 1898 934 1971 γὰρ
991 1899 1019 1952 6
1066 1899 1362 1971 ἐπίμικτος
1399 1901 1500 1973 τὴν
1545 1905 1936 1978 ἐκτοπωτάτην

2051 695 2430 764 promiscuum
2459 695 2604 751 inter
2640 691 3145 765 ipsosroncupierit
3172 691 3647 762 concupiscentia,

2049 793 2105 839 et
2138 784 2396 841 sedentes
2437 785 2692 841 lleverint
2726 786 2824 840 ﬁlii
2869 785 3060 849 Israel,
3095 793 3150 840 et
3199 781 3471 837 dixerint:
3515 781 3646 848 Quis

2048 877 2202 932 dabit
2229 877 2390 933 nobis
2410 879 2644 934 carnes?
2673 877 2965 934 Recordati
2995 892 3189 932 sumus
3237 875 3418 946 pisces
3443 874 3646 946 quibus

2047 969 2411 1026 vescebamur
2437 971 2492 1025 in
2520 969 2753 1042 [Egypto
2786 970 2977 1042 gratis,
3003 978 3060 1024 et
3100 969 3257 1033 ﬁcus,
3295 974 3351 1020 et
3379 981 3644 1037 peponcs,

2045 1069 2103 1117 et
2124 1077 2377 1132 porrum,
2412 1069 2469 1116 et
2518 1077 2674 1133 cepe,
2708 1069 2765 1116 et
2815 1061 3026 1116 allium.
3054 1059 3213 1114 Nunc
3242 1050 3426 1112 autem
3461 1055 3643 1109 anima

2045 1164 2236 1211 nostra
2261 1155 2538 1212 exsiccata
2566 1163 2672 1222 est,
2717 1171 2896 1226 neque
2923 1153 3070 1209 oculi
3115 1153 3292 1208 nostri
3338 1149 3643 1223 quidquam

2043 1247 2151 1304 nisi
2177 1264 2378 1304 manna
2403 1249 2755 1320 conspiciunt
2787 1248 2856 1302 ε’.
2885 1267 2902 1298 ι
2939 1245 3151 1302 Deinde
3202 1245 3291 1301 bis
3327 1241 3641 1315 subjungit:

2051 1361 2068 1394 ι
2091 1342 2158 1398 Ει
2199 1342 2414 1398 audivit
2454 1343 2635 1399 Moses
2667 1343 2818 1414 ipsos
2856 1341 3053 1397 ﬁentes
3087 1357 3188 1412 per
3241 1349 3415 1393 totum
3467 1351 3644 1408 popu-

2042 1435 2158 1490 lum
2187 1435 2256 1490 ad
2286 1451 2382 1491 sua
2409 1451 2688 1508 quemque
2714 1434 2874 1490 ostia.
2915 1435 2980 1490 Et
3007 1434 3184 1489 iratus
3220 1438 3308 1488 est
3339 1430 3494 1485 furor
3531 1428 3644 1484 Do-

2043 1529 2180 1586 mini
2208 1530 2391 1597 valde,
2423 1539 2481 1587 et
2521 1529 2657 1586 Mosi
2700 1531 2869 1586 etiam
2919 1529 3215 1584 videbatur
3263 1526 3469 1582 malum
3508 1524 3576 1578 ⁹⁶.
3617 1542 3638 1575 ι

2041 1623 2179 1679 Vide
2210 1623 2379 1696 igitur
2411 1639 2578 1695 quam
2612 1624 2751 1680 levis
2771 1633 2827 1678 et
2851 1623 3075 1678 mobilis
3095 1621 3168 1679 sit
3193 1619 3388 1685 Israel,
3413 1628 3468 1674 et
3493 1616 3640 1688 quod

2042 1715 2321 1771 neminem
2349 1724 2518 1786 queat
2542 1717 2762 1787 juvare,
2790 1715 2888 1771 sed
2949 1722 3102 1770 tanta
3145 1713 3364 1768 laboret
3399 1708 3641 1766 inﬁrmi-

2044 1816 2176 1873 tate,
2201 1817 2258 1864 et
2293 1808 2347 1862 in
2392 1808 2462 1863 iis
2494 1809 2695 1873 solum,
2747 1823 2871 1879 quae
2904 1805 2973 1862 ad
3001 1821 3062 1861 se
3096 1804 3404 1877 pertinent,
3452 1815 3642 1855 verse-

2041 1905 2150 1953 tur.
2178 1897 2534 1955 Promiscuns
2563 1898 2712 1954 enim
2737 1899 2976 1971 populus
3023 1895 3426 1955 absurdissima
3471 1903 3639 1964 atque

308 1987 466 2044 οὖτω
514 1989 610 2043 καὶ
644 1989 1062 2065 βδελυρωτάτην
1129 1993 1462 2066 ἐπιθυμίαν
1511 1995 1606 2059 οὒς
1657 1996 1714 2051 δὲ
1754 1992 1824 2069 ἦν
1863 1999 1927 2050 εί-

2039 1991 2373 2050 exsecrabili
2405 1992 2682 2062 imprimis
2705 1992 3011 2065 cupiditate
3057 2001 3178 2047 erat
3223 1989 3636 2052 inﬂammatus;

308 2085 415 2144 κὸς
463 2081 819 2152 ἐπι-τιμήσειν
868 2085 1095 2150 αὐτοῖς,
1145 2087 1549 2160 ἀναπεισθῆναί
1599 2106 1660 2143 τε
1725 2089 1930 2161 μᾶλλον

309 2175 547 2244 φρονεῖν
582 2172 798 2228 ἑλέσθαι
817 2175 884 2231 τὰ
912 2179 1368 2251 πρεπωδέστερα,
1395 2181 1614 2234 vom-5°"
1643 2184 1928 2252 χειρόνωςο

308 2265 429 2318 Kal.
463 2264 616 2320 ἀλύει
651 2265 751 2338 μὲν
787 2269 848 2322 οὐ
889 2269 1132 2340 μετρίως
1159 2272 1189 2325 6
1223 2270 1519 2336 θεσπέσιος
1553 2273 1787 2344 Μωσῆς,
1821 2273 1929 2345 ἔψη

306 2355 370 2409 δὲ
396 2358 657 2430 ἐναργῶς
689 2361 828 2434 πρὸς
856 2361 949 2415 τὸν
969 2361 1078 2415 τῶν
1104 2363 1243 2418 ὅλων
1264 2363 1420 2430 Θεὸν,
1451 2364 1525 2429 ὠς
1549 2365 1650 2418 οὑκ
1683 2365 1749 2420 ἂν
1776 2367 1929 2438 ἰσχύ-

310 2467 432 2504 σειε
474 2452 643 2523 μόνος
673 2452 768 2507 τὸν
792 2453 938 2508 οὕτω
966 2455 1226 2529 διαὸριθῆ
1262 2457 1358 2511 καὶ
1387 2457 1670 2513 δύσοιστον
1703 2460 1931 2532 ἀνατλῆο

307 2561 405 2598 ναι
442 2544 631 2600 πόνον.
670 2548 765 2611 Εἰς
797 2548 1074 2614 ἀπόδειξιν
1116 2550 1175 2604 δέ
1215 2550 1312 2604 τοῦ
1348 2552 1704 2624 πράγματος,
1743 2554 1837 2606 καὶ
1868 2553 1930 2606 τὸ

309 2636 440 2690 λίαν
480 2639 772 2710 ἀμήχανον
813 2641 910 2695 καὶ
941 2640 1308 2715 δυσπόριστον
1342 2644 1684 2717 παρεκόμιζε
1729 2644 1923 2714 λέγων’

315 2749 334 2781 ε
381 2729 563 2784 Πόθεν
608 2749 702 2803 μοι
731 2732 920 2788 δοῦναι
965 2735 1044 2806 τῷ
1085 2735 1203 2809 λαῴ
1243 2737 1420 2808 τούτῳ
1464 2739 1604 2812 κρέα
1639 2741 1866 2807 φαγεῖν;
1904 2758 1923 2788 ι

310 2821 642 2894 Δυσθυμίας
665 2825 724 2878 δὲ
751 2827 832 2890 εἰς
856 2826 1018 2882 τοῦτο
1044 2829 1145 2900 ήδη
1177 2828 1280 2883 καθ
1293 2830 1535 2902 ιγμὲνος,
1567 2829 1643 2894 ὼς
1677 2829 1779 2901 ήδη
1810 2848 1926 2895 πως

305 2914 630 2972 ἀποσιῶναι
656 2916 852 2982 θέλων,
879 2920 972 2974 «Εἰ
999 2915 1111 2992 γ’ὰρ
1138 2919 1284 2976 οὕτω
1315 2923 1379 2976 σὺ
1412 2925 1585 2986 ποιεῖς
1619 2924 1925 2993 μοι,φησὶν,

305 3008 644 3064 ἀπόκτεινόν
661 3028 732 3082 με
760 3012 1235 3085 ἐνὰναιρέσει,ἴνα
1262 3015 1338 3087 μὴ
1356 3014 1452 3070 ἴδω
1475 3033 1578 3087 μου
1613 3022 1712 3093 τὴν
1741 3019 1926 3074 κακω-

307 3117 424 3154 σιν.
457 3119 476 3152 ι
526 3101 739 3173 Ἀνέχει
780 3106 878 3160 καὶ⁹
916 3105 1259 3171 ἁπολέκτους
1290 3109 1518 3179 ποιῆσαι
1559 3112 1771 3167 κελεύει
1802 3115 1928 3178 τοὺς

308 3193 770 3267 συλληψομένους
795 3196 966 3270 αὐτῷ,
987 3199 1083 3252 καὶ
1106 3215 1168 3252 συ
1176 3199 1602 3274 μμεθέ[ξ]οντας
1622 3205 1724 3276 τῆς
1755 3223 1924 3279 φρον-

303 3286 484 3350 τίδος,
529 3287 638 3342 ἀπὺ
677 3290 862 3362 πάσης
903 3291 1003 3362 τῆς
1052 3293 1378 3364 συναγωγῆς
1433 3293 1636 3368 ἄνδρας
1669 3296 1760 3350 τὸν
1807 3299 1928 3368 ἀρι-

2035 2083 2075 2140 ii
2141 2099 2275 2139 vero
2325 2099 2467 2156 quos
2533 2099 2632 2154 par
2669 2092 2792 2140 erat
2837 2083 2988 2154 ipsos
3040 2080 3372 2154 increpare}
3434 2077 3638 2134 suade-

2037 2193 2208 2250 reque
2267 2185 2329 2231 nt
2390 2177 2620 2232 meliora
2671 2177 3014 2248 cogitarent,
3072 2175 3296 2247 gravius
3353 2172 3633 2228 laborant.

2034 2267 2197 2340 293
2236 2268 2447 2325 Idcirco
2480 2267 2704 2324 divinus
2731 2267 2909 2324 Moses
2941 2284 3052 2322 non
3077 2282 3272 2339 parum
3300 2265 3488 2321 animo
3506 2279 3642 2320 con-

2034 2363 2190 2430 cidit,
2217 2371 2382 2432 atque
2405 2371 2595 2434 aperte
2621 2361 2688 2418 ad
2712 2360 2964 2416 universi
3013 2361 3187 2418 Deum
3219 2360 3319 2426 ait,
3356 2375 3415 2417 se
3456 2358 3638 2414 solum

2033 2453 2172 2510 adeo
2189 2470 2409 2526 gravem
2441 2465 2607 2526 atque
2631 2453 3038 2511 intolerabilem
3078 2454 3328 2510 laborem
3354 2452 3500 2508 ferre
3524 2465 3637 2506 non

2033 2559 2215 2615 posse.
2249 2544 2331 2600 Ad
2371 2545 2758 2616 probationem
2803 2559 2938 2601 vero
2977 2544 3143 2618 hujus
3191 2545 3272 2599 rei
3299 2543 3634 2600 arduitatem

1975 2649 1992 2662 '
2034 2636 2647 2710 impossibilitatemque
2680 2639 3074 2710 suppeditandi
3101 2653 3298 2694 carnes
3328 2637 3383 2691 in
3409 2636 3637 2691 deserto

2033 2731 2239 2795 attulit,
2263 2730 2455 2787 dicens
2487 2749 2500 2786 :
2535 2752 2552 2782 ι
2586 2730 2745 2788 Unde
2793 2732 2929 2788 mihi
2965 2731 3156 2788 licebit
3191 2731 3324 2787 dare
3357 2730 3489 2785 huic
3533 2745 3635 2802 po-

2033 2821 2164 2893 pulo
2193 2838 2390 2878 carnes
2411 2822 2656 2878 edendas
2678 2823 2768 2879 ’t?
2800 2843 2817 2875 ι
2851 2823 2989 2880 Cum
3042 2831 3227 2879 autem
3259 2837 3328 2880 eo
3378 2822 3638 2878 maeroris

2030 2915 2276 2970 venisset
2309 2923 2372 2970 ut
2402 2915 2508 2971 sibi
2556 2915 2660 2986 ipsi
2694 2925 2929 2972 mortem
2969 2923 3277 2988 expeteret,
3325 2916 3403 2970 ait
3429 2914 3576 2970 enim
3615 2931 3632 2969 :

2040 3027 2058 3059 ι
2093 3007 2148 3064 Si
2184 3016 2242 3063 tu
2273 3009 2355 3065 sic
2380 3007 2536 3075 facis,
2577 3008 2771 3065 occide
2797 3025 2883 3066 me
2906 3010 3207 3074 occisione,
3245 3025 3316 3065 ne
3365 3005 3642 3080 aspiciant

2032 3100 2387 3158 aﬁlictionem
2411 3103 2554 3158 hanc
2575 3103 2644 3170 θ’,
2676 3123 2696 3156 ι
2735 3102 2974 3159 sustinet
3009 3104 3176 3168 Deus,
3199 3109 3256 3159 et
3282 3100 3638 3174 coadjutores

2033 3194 2302 3266 quosdam
2335 3193 2441 3266 ipsi
2483 3195 2854 3269 deligijubet,
2881 3196 3218 3268 quibuscum
3285 3194 3460 3252 totius
3499 3209 3635 3249 con-

2032 3287 2369 3358 gregationis
2400 3301 2590 3342 curam
2635 3288 3035 3352 communicet,
3085 3285 3236 3340 viros
3285 3298 3516 3343 numero
3543 3298 3634 3339 se—

306 3381 457 3453 θμδν
485 3381 888 3455 ἐὸδομήκοντα.
913 3405 930 3436 ι
959 3381 1093 3439 Eine
1127 3388 1238 3456 γὰρ
1268 3387 1474 3459 Κύριος
1504 3390 1642 3462 πρὸς
1685 3391 1920 3464 Μωσῆν⁹

2033 3380 2338 3452 ptuaginta.
2377 3400 2394 3432 ι
2429 3379 2578 3435 Dixit
2610 3379 2758 3437 enim
2795 3380 2863 3436 ad
2898 3379 3085 3435 Mosen
3117 3397 3129 3431 :
3161 3376 3448 3450 Congrega
3494 3375 3635 3433 mihi

305 3475 606 3544 Συναγαγέ
637 3494 728 3547 μοι
764 3476 1140 3550 ἐϐδομήκοντα
1171 3479 1374 3551 ἄνδρας
1408 3479 1518 3534 ἀπὸ
1541 3481 1650 3536 τῶν
1682 3485 1924 3555 πρεσϐυ-

304 3572 492 3642 τέρων
536 3568 778 3642 Ἰσραὴλ,
798 3569 892 3635 οὓς
915 3572 1080 3637 αὐτὸς
1097 3567 1247 3637 οἶδας
1267 3574 1349 3627 ὅτι
1379 3565 1527 3628 οὗτοί
1549 3576 1658 3630 εἰσι
1688 3577 1928 3648 πρεσϐύ-

305 3675 468 3730 τεροι
498 3657 596 3712 τοῦ
641 3659 808 3723 λαοῦ,
841 3663 938 3714 καὶ
981 3666 1334 3735 γραμματεῖς
1386 3663 1600 3730 αὐτῶν,
1636 3666 1731 3719 καὶ
1775 3665 1926 3732 ἄξεις

306 3751 522 3816 αὐτοὺς
550 3751 690 3824 πρὸς
713 3754 816 3826 τήν
852 3756 1061 3826 σκηνὴν
1094 3753 1188 3808 τοῦ
1228 3756 1559 3828 μαρτυρίου,
1585 3757 1681 3810 καὶ
1706 3758 1929 3830 στήσον-

306 3863 404 3898 ται
443 3846 565 3899 ἐκεῖ
615 3844 758 3917 μετὰ
809 3845 927 3910 σοῦ,
959 3847 1054 3901 καὶ
1096 3848 1508 3920 καταδήσομαι,
1555 3849 1651 3903 καὶ
1694 3849 1923 3922 λαλήσω

304 3940 434 3993 ἐκεῖ
465 3939 610 4010 μετὰ
666 3937 784 3994 σοῦ.
829 3939 944 3994 Καὶ
972 3939 1160 4010 ἀφελῶ
1195 3939 1307 3996 ἀπὸ
1343 3940 1439 3995 τοῦ
1475 3941 1790 4014 πνεύματος
1821 3943 1920 4000 τοῦ

304 4032 408 4084 ἐπὶ
443 4031 552 4095 σοὶ,
585 4031 684 4086 καὶ
728 4031 885 4104 θήσω
914 4032 1001 4086 ἐπ’
1031 4033 1231 4096 αὐτοὺς
1251 4074 1266 4098 ,
1296 4033 1394 4086 καὶ
1435 4035 1925 4108 συναντιλήψονται

307 4124 456 4196 μετὰ
497 4125 596 4180 σοῦ
632 4127 732 4196 τὴν
755 4125 936 4199 ὁρμὴν
961 4124 1058 4180 τοῦ
1089 4124 1244 4181 λαοῦ·
1274 4127 1372 4181 καὶΙ
1399 4128 1501 4182 οὐκ
1525 4128 1697 4194 οἴσεις
1723 4129 1924 4194 αὐτοὺς

305 4221 376 4274 σὺ
410 4219 598 4292 μόνος.
642 4238 662 4271 ι
697 4213 774 4275 Ob
795 4219 860 4292 δὴ
890 4219 1180 4290 γεγονότος
1207 4221 1571 4291 (παρεστηκει
1609 4216 1723 4292 γάρ
1755 4220 1921 4290 εὐθὺς

301 4313 442 4378 τοὺς
469 4311 583 4366 τῶν
613 4311 794 4366 ὃλλων
823 4311 1374 4384 διαπρεπεστέρους),
1407 4313 1566 4383 ἁγίου
1591 4313 1690 4385 μὲν
1716 4313 1922 4378 αὐτοὺς

303 4404 631 4474 ἐμπίπλησι
678 4403 1004 4476 Πνεύματος
1036 4406 1064 4458 6
1111 4403 1221 4458 τῶν
1258 4403 1395 4457 ὅλων
1435 4404 1589 4469 Θεός·
1623 4401 1744 4460 εἶτα
1778 4407 1924 4478 μετὰ

299 4497 472 4551 τοῦτο
502 4500 625 4562 ταῖς
669 4497 779 4550 τῶν
827 4496 1128 4552 κλαιόντων
1155 4496 1481 4569 ἐπιθυμίαις
1503 4496 1760 4564 ἐνδιδοὺς,
1787 4500 1923 4554 καθ·

2029 3471 2380 3544 septuaginta
2434 3472 2584 3528 viros
2611 3488 2680 3528 ex
2740 3471 3062 3528 senioribus
3109 3469 3297 3535 Israel,
3349 3483 3490 3542 quos
3515 3467 3633 3540 ipse

2029 3564 2234 3620 novisti
2250 3565 2397 3637 quod
2419 3564 2531 3621 sint
2553 3567 2806 3622 seniores
2826 3565 3022 3638 populi
3047 3581 3112 3620 ac
3132 3563 3332 3619 scribae
3357 3563 3630 3634 ipsorum,

2026 3667 2084 3714 et
2117 3657 2226 3714 duc
2251 3675 2348 3716 eos
2369 3659 2438 3714 ad
2497 3660 2918 3716 tabernaculum
2949 3657 3278 3723 testimonii,
3309 3665 3368 3712 et
3405 3656 3634 3713 stabunt

2026 3751 2105 3809 ibi
2131 3761 2334 3818 tecum,
2361 3761 2418 3809 et
2449 3753 2809 3819 descendam,
2852 3761 2908 3810 et
2938 3753 3137 3825 loquar
3176 3749 3252 3807 ibi
3287 3767 3414 3808 cum
3462 3750 3629 3821 ipsis.

2026 3846 2097 3904 Et
2127 3846 2376 3904 auferam
2401 3863 2432 3903 a
2466 3847 2669 3918 spiritu
2695 3848 2790 3919 qui
2807 3847 2865 3902 in
2889 3857 2942 3902 te
2969 3856 3075 3914 est,
3103 3857 3158 3903 et
3182 3845 3498 3918 impertiam
3523 3844 3628 3910 eis,

2024 3946 2083 3996 et
2105 3946 2289 3994 tecum
2335 3939 2639 4011 portabunt
2668 3938 2858 4012 populi
2919 3938 3186 4010 impetum
3231 3953 3382 3993 :nec
3429 3945 3488 3992 tu
3534 3951 3632 3992 eos

2026 4030 2182 4086 solus
2206 4030 2510 4087 sustinebis
2543 4031 2610 4087 ⁸³.
2645 4050 2664 4082 ι
2715 4029 2836 4098 Quo
2867 4029 3016 4086 facto
3037 4030 3270 4087 adduxit
3301 4031 3489 4086 statim
3512 4045 3628 4101 pra:

2023 4124 2149 4182 aliis
2177 4125 2594 4190 eminentiores,
2619 4140 2760 4196 quos
2777 4125 2944 4196 hujus
2971 4125 3220 4180 universi
3258 4124 3406 4180 Deus
3429 4123 3630 4197 imple-

2022 4217 2105 4274 vit
2131 4215 2345 4288 Spiritu
2369 4224 2580 4287 sancto.
2612 4214 2822 4271 Deinde
2860 4230 2994 4271 vero
3020 4215 3315 4288 indulgens
3347 4215 3627 4288 cupidita-

2024 4306 2176 4364 tibus
2194 4306 2469 4376 ﬁentium,
2493 4309 2716 4367 demisit
2742 4308 2878 4381 ipsis
2907 4311 3273 4368 coturnicem.
3295 4312 3368 4366 At
3394 4311 3487 4367 isti
3525 4329 3626 4370 cu-

2023 4402 2276 4458 mulatim
2321 4403 2470 4459 circa
2499 4410 2684 4462 castra
2717 4416 3025 4469 versantes,
3049 4419 3178 4459 cum
3208 4404 3465 4464 viderent
3500 4423 3625 4463 eam

2016 4497 2225 4568 jacere,
2269 4495 2379 4552 ιλιιιὶ
2402 4495 2701 4552 admodum
2735 4497 3103 4571 collegerunt.
3154 4498 3627 4558 Devoraruntau.

302 4592 379 4646 ιει
414 4591 520 4662 μὲν
574 4591 764 4655 αὐτοῖς
799 4588 898 4663 τὴν
935 4590 1381 4662 όρτυγομήτραν.
1421 4591 1484 4644 Οί
1507 4589 1565 4644 δὲ
1607 4590 1794 4664 κύκλῳ
1820 4593 1921 4665 τῆς

2029 4598 2134 4644 tem
2159 4604 2313 4644 more
2343 4588 2612 4656 belluino,
2644 4591 2795 4648 nulla
2838 4591 3110 4648 satietatis
3143 4592 3360 4648 ratione
3411 4593 3620 4654 habita.

296 4683 674 4758 παρεμσολῆς
718 4682 964 4755 σωρηδὸν
999 4681 1176 4746 ὄντες,
1229 4682 1495 4755 κειμένην
1529 4685 1918 4757 συναγείρουσι

2029 4680 2365 4752 Congregata
2390 4691 2576 4738 autem
2598 4691 2654 4738 et
2681 4694 2840 4755 capta
2871 4683 2942 4740 ab
2973 4682 3110 4757 ipsis
3130 4683 3401 4742 immensa
3437 4686 3624 4745 avium

301 4783 410 4854 μὲν
436 4781 744 4853 γεγηθότες
774 4775 834 4834 εὖ
877 4779 1025 4851 μάλα
1045 4795 1060 4810 ’
1090 4777 1492 4852 κατεδηδόκασι
1527 4778 1586 4832 δὲ
1617 4782 1914 4853 θηριοπρε⁹

2029 4773 2477 4841 multitudine,et
2500 4790 2600 4832 esu
2636 4776 2822 4832 carnis
2845 4793 2946 4848 per
2991 4784 3170 4834 totum
3226 4793 3476 4836 mensem
3521 4778 3626 4835 du-

297 4875 448 4940 πῶς,
476 4874 644 4947 κόρου
669 4873 766 4927 καὶ
790 4871 1128 4945 αὐταρκείας
1153 4871 1536 4943 ήφειδηκότες.
1560 4872 1920 4944 Συνει).εγμὲ-

2029 4875 2199 4934 rante,
2255 4868 2479 4925 tandem
2519 4869 2700 4927 letalis
2751 4887 2849 4928 eos
2909 4872 3141 4930 morbus
3181 4871 3406 4938 invasit,
3455 4881 3512 4929 et
3558 4883 3622 4930 ut

294 4985 401 5040 νης
437 4967 496 5021 δὲ
522 4967 709 5029 αὐτοῖς
740 4965 836 5020 καὶ
869 4963 1242 5034 ἁληλισμένης
1278 4960 1519 5034 πληθύος
1545 4963 1607 5016 ού
1635 4965 1918 5038 μετρητής

297 5057 639 5130 στρουθίων,
671 5058 768 5110 καὶ
802 5055 1252 5129 παρατεινούσης
1302 5055 1402 5126 τῆς
1449 5057 1792 5128 κρεοφαγίας
1836 5059 1918 5120 εἰς

300 5151 481 5223 μηνὸς
520 5149 765 5222 ἡμέρας,
791 5149 1082 5204 τελευταία
1121 5148 1312 5203 λοιπὸν
1355 5150 1691 5222 ἐπισκήπτει
1735 5147 1913 5212 νόσος,

294 5250 396 5302 καὶ
428 5246 507 5311 ὡς
548 5248 577 5301 ό
609 5247 904 5320 προφήτης
935 5245 1124 5316 φησὶν,
1166 5264 1184 5298 ι
1238 5244 1570 5298 Ἐπλάτυνεν
1600 5245 1628 5297 6
1659 5242 1793 5316 ᾅδης
1815 5243 1916 5314 τὴν

292 5341 483 5413 ψυχὴν
513 5339 683 5396 αὑτοῦ
704 5381 720 5405 ,
754 5341 850 5394 καὶ
879 5339 1113 5412 διήνοιξε
1151 5339 1213 5394 τὸ
1257 5338 1434 5410 στόμα
1463 5335 1664 5401 αὑτοῦ,
1697 5335 1793 5390 τοῦ
1839 5334 1916 5410 μὴ

291 5436 601 5492 διαλιπεῖν.
644 5434 726 5488 Τὰ
755 5433 896 5506 κρέα
921 5433 1054 5506 γὰρ,
1087 5432 1280 5505 φησὶν,
1315 5427 1383 5503 ἦν
1410 5431 1492 5484 ἐτι
1525 5433 1583 5483 ἐν
1615 5432 1729 5494 τοῖς
1758 5428 1910 5484 ὀδοῦ-

297 5549 389 5586 σιν
424 5529 647 5593 αὑτῶν,
680 5529 812 5601 πρὶν
860 5526 1131 5582 ἐκλιπεῖν.
1176 5545 1196 5578 ι
1238 5525 1349 5580 Καὶ
1391 5525 1598 5597 Κύριος
1648 5520 1911 5594 ἐθυμώθη

293 5627 377 5689 εἰς
406 5621 503 5678 τδν
533 5622 686 5687 λαὸν,
716 5621 815 5677 καὶ
860 5619 1104 5685 ἐπάταξε
1146 5617 1354 5690 Κύριος
1397 5617 1488 5670 τὸν
1539 5615 1668 5669 λαὸν
1698 5613 1915 5686 πληγὴν

296 5717 557 5791 μεγάλην
625 5715 856 5788 σφόδρα,
901 5713 999 5768 καὶ
1049 5709 1254 5783 ἐκλήθη
1297 5707 1358 5764 τὸ
1389 5708 1564 5780 ὄνομα
1607 5706 1701 5761 τοῦ
1745 5706 1912 5760 τόπου

295 5812 542 5876 ἐκείνου,
582 5829 600 5862 ι
640 5809 855 5880 Μνῆμα
887 5806 991 5878 τῆς
1023 5804 1345 5876 ἐπιθυμίας,
1383 5822 1401 5854 ι
1437 5803 1519 5856 ὅτι
1555 5802 1673 5854 ἐκεῖ
1704 5799 1913 5870 ἔθαψαν

293 5905 392 5960 τὸν
440 5905 573 5958 λαὸν
624 5903 721 5957 τὸν
775 5900 1147 5972 ἐπιθυμητήν.
1207 5895 1512 5958 Ἐνδέοντος
1559 5895 1671 5963 γὰρ
1724 5893 1912 5958 αὐτοῖς

368 6023 415 6060 ⁸³
449 6022 615 6081 Num.
654 6036 729 6088 XI,
756 6018 870 6076 4-6.
947 6017 995 6049 ’⁸
1025 6015 1160 6071 ibid.
1207 6012 1291 6069 IO.

2017 4962 2290 5033 propheta
2312 4961 2430 5019 ait:
2476 4982 2495 5016 ι
2550 4963 2808 5020 lul'ernus
2841 4963 3096 5020 dilatavit
3138 4964 3382 5021 animam
3437 4980 3619 5029 suam,

2015 5064 2073 5110 et
2121 5056 2340 5128 aperuit
2369 5072 2433 5112 os
2470 5072 2632 5112 suum
2677 5063 2739 5112 ut
2772 5072 2885 5112 non
2917 5055 3242 5112 deﬁcerent.
3277 5055 3326 5088 ’δ
3359 5075 3379 5108 ι
3409 5055 3621 5114 Carnes

2016 5148 2168 5204 enim
2200 5156 2363 5205 erant
2398 5147 2582 5205 adhuc
2605 5148 2751 5204 intra
2786 5147 2982 5204 dentes
3009 5147 3280 5219 ipsorum,
3318 5159 3615 5221 antequam

2015 5241 2335 5298 deﬁcerent.
2374 5241 2614 5312 Ideoque
2664 5240 2954 5307 Dominus,
3009 5241 3184 5299 iratus
3219 5242 3448 5315 populo,
3496 5259 3622 5315 per-

2013 5335 2189 5392 cussit
2232 5351 2362 5390 eum
2412 5335 2570 5408 plaga
2620 5350 2839 5406 magna,
2874 5345 3247 5409 vocatumque
3291 5344 3378 5395 est
3413 5354 3619 5394 nomen

2011 5429 2120 5486 loci
2155 5428 2328 5494 illius,
2367 5447 2385 5480 ‹
2419 5428 2840 5485 Monumentum
2873 5430 3361 5502 concupiscentia,
3400 5452 3418 5484 ι
3485 5434 3618 5504 quia

2013 5522 2091 5578 ibi
2113 5521 2454 5595 sepelierunt
2477 5522 2743 5594 populum
2758 5523 3265 5597 concupiscentem.
3295 5507 3434 5584 Cum
3463 5527 3615 5583 enim

2013 5615 2227 5671 nullius
2252 5613 2384 5670 boni
2417 5613 2601 5687 inopia
2642 5614 2983 5682 laborarent,
3010 5625 3348 5697 possemque
3401 5617 3612 5676 aﬂ'atim

2015 5721 2232 5762 mannae
2277 5704 2494 5761 deliciis
2537 5705 2770 5778 perfrui.
2808 5715 2991 5762 tamen
3024 5707 3254 5780 insuper
3299 5721 3492 5764 carnes
3517 5721 3614 5779 ap-

2013 5805 2230 5871 petunt,
2257 5805 2312 5852 et
2342 5813 2530 5869 porra,
2567 5805 2624 5854 et
2655 5798 2792 5854 ﬁcus
2821 5808 2879 5854 et
2909 5815 3155 5869 pepones
3199 5805 3419 5862 vocant,
3453 5797 3614 5852 item-

2012 5905 2119 5962 que
2154 5905 2331 5963 caepas
2367 5896 2424 5944 et
2451 5889 2598 5947 allia.
2622 5889 2780 5946 Unde
2811 5889 2958 5946 haud
2989 5889 3063 5946 ita
3093 5891 3268 5946 multo
3300 5895 3610 5966 postquam

1397 6015 1438 6046 “
1479 6011 1613 6068 ibid.
1659 6012 1743 6070 13.
1824 6012 1865 6042 9’
1895 6008 2031 6067 ibid.
2073 6009 2156 6064 li'i.
2234 6009 2279 6040 “
2313 6007 2447 6065 ibid.
2501 6006 2587 6076 16,
2632 6007 2716 6062 17.
2797 6004 2842 6038 ’⁵
2870 6004 2972 6061 Isa.
3002 6021 3056 6068 ν,
3089 6004 3172 6060 Η.
