4060 6448
471 393 575 450 ιοε

1501 389 1557 444 S.
1598 388 1872 445 CYRILLI
1910 385 2383 443 ALEXANDRIM
2418 388 2740 446 ARClllEP.

3635 391 3732 450 464

472 510 916 595 manducassent,
949 510 1301 565 interierunt.
1337 508 1471 564 Nam
1508 510 1652 564 Deus
1698 508 1793 564 dat
1830 507 2052 578 quidem

2160 506 2266 560 τῶν
2332 507 2554 575 ἀγαθῶν
2605 507 2856 571 οὐδενὸς,
2919 507 3055 562 ἀλλά
3103 507 3280 560 καίτοι
3344 507 3510 578 μετῆν
3555 510 3727 575 αὐτοῖς

471 616 835 672 coturnicem,
854 621 964 661 non
980 605 1292 677 approbans
1307 618 1500 658 eorum
1516 601 2015 673 concupiscentiam
2036 617 2051 667 ;

472 698 638 771 295
676 696 770 753 sed
808 697 994 768 potius
1042 694 1350 751 certissima
1398 684 1504 748 fide
1556 693 1638 748 eis
1690 691 2052 763 persuadens,

472 790 619 861 quod
660 789 797 843 nihil
831 788 934 858 ipsi
963 785 1035 841 sit
1082 784 1442 857 impossibile.
1490 784 1725 855 Ideoque
1767 782 2053 838 confestim

471 883 631 953 punit
652 880 905 951 turpibus
925 878 1302 950 voluptatibus
1319 875 1724 947 captos.Simile
1734 875 1865 947 quid
1890 875 2057 930 mise-

477 976 553 1029 ris
568 972 771 1031 Judaeis
787 971 987 1028 accidit
1009 979 1252 1040 tempore
1276 969 1544 1025 adventus
1565 967 1866 1024 Salvatoris
1888 985 1903 1022 :
1932 982 2056 1022 um-

474 1062 572 1117 bra
596 1063 745 1115 cnim
765 1068 821 1114 et
854 1060 965 1131 typi
997 1059 1221 1115 fuerunt
1241 1058 1330 1113 illa
1360 1073 1482 1129 quae
1510 1065 1624 1112 tum
1638 1064 2056 1128 pmmonstrata

474 1152 1060 1219 fuerunt,futurorum.
1078 1151 1217 1207 Cum
1241 1150 1391 1206 enim
1417 1151 1670 1222 ipsi-vero
1694 1166 1928 1215 marinae,
1946 1149 2057 1205 hoc

471 1256 553 1302 est
573 1244 916 1315 Christo,qui
940 1242 1225 1298 descendit
1250 1243 1512 1308 eetelo,et
1538 1249 1718 1314 potest
1742 1257 1842 1297 nos
1865 1258 2057 1298 omnes

471 1339 744 1405 enutrirc,
785 1336 1168 1408 promittitque
1197 1333 1663 1399 vitamazternam,
1709 1333 2059 1404 prmtulerint

476 1447 635 1486 usum
690 1438 1037 1484 terrenorum
1076 1426 1326 1497 putidum
1360 1435 1522 1495 atque
1554 1425 1844 1489 insulsum,
1878 1424 2055 1480 oﬂ‘en-

473 1520 676 1578 derunt
698 1518 1012 1575 necessario
1029 1532 1137 1570 non
1153 1516 1329 1570 solum
1349 1516 1542 1582 Deum,
1566 1530 1758 1571 verum
1781 1517 1946 1571 etiam
1970 1516 2051 1587 ip-

473 1629 592 1668 sum
615 1611 863 1667 divinum
885 1611 1089 1665 Mosen.
1117 1608 1393 1679 Scriptum
1417 1616 1502 1663 est
1526 1609 1674 1664 enim
1702 1627 1747 1662 ;‹
1774 1609 1953 1665 Iratus
1972 1615 2054 1664 est

473 1708 625 1760 furor
645 1702 861 1759 Domini
891 1711 1082 1756 contra
1116 1701 1380 1771 populum
1438 1715 1622 1765 suum,
1652 1706 1709 1755 et
1750 1699 1885 1755 Mosi
1922 1700 2055 1754 item

472 1799 760 1854 videbatur
787 1796 990 1851 malum
1022 1795 1088 1847 ⁸³.
1113 1815 1129 1845 ι
1172 1794 1325 1850 Mens
1356 1794 1505 1849 enim
1534 1800 1853 1849 sanctorum
1904 1809 2055 1850 sem-

2161 596 2430 661 πλουσίως
2459 599 2582 662 ταῖς
2611 597 2704 651 τοῦ
2739 598 2916 669 μάννα
2949 599 3237 670 χορηγίαις
3281 596 3618 670 ἀδιαὸλήτως
3648 600 3730 651 ἐν-

2159 692 2391 761 τρυφᾷν,
2422 689 2599 760 κρεῶν
2628 687 2796 762 ἐρῶσι
2828 689 2924 744 καὶ
2960 690 3209 762 πράσων,
3256 690 3477 753 σικυοὺς
3519 690 3611 743 καὶ
3639 692 3729 744 πέ-

2160 796 2329 843 πονας
2353 778 2701 849 ὀνομάζουσι,
2726 779 2989 850 κρόμμυά
3017 795 3076 830 τε
3102 779 3197 831 καὶ
3241 776 3485 849 σκόροδα.
3507 777 3732 847 Τοιγάρ-

2157 885 2240 922 τοι
2271 868 2559 938 φαγόντες,
2591 869 2693 921 οὐκ
2726 869 2806 932 είς
2831 868 3049 941 μακρὰν
3073 867 3380 923 διολώλασι.
3420 867 3613 920 Δίδωσι
3642 867 3733 937 μὲν

2159 961 2267 1037 γάρ
2305 961 2407 1031 τὴν
2436 959 2858 1034 ὀρτυγομήτραν
2892 959 3043 1024 Θεὸς,
3078 961 3178 1014 οὐκ
3219 958 3459 1014 ἐπαινῶν
3490 958 3588 1031 τὴν
3623 962 3730 1012 ἐπι·

2161 1042 2388 1121 θυμίαν,
2422 1049 2787 1122 πληροφορῶν
2816 1049 2871 1104 δὲ
2905 1050 3104 1121 μᾶλλον
3142 1050 3231 1103 διὰ
3270 1048 3633 1121 πραγμάτων,
3663 1048 3736 1113 ὡς

2158 1142 2311 1196 οὐδὲν
2342 1142 2623 1213 ἀμήχανον
2650 1141 2819 1214 αὐτῷ.
2846 1142 3084 1206 Κολάζει
3116 1142 3173 1195 δὲ
3210 1142 3347 1213 μετὰ
3379 1141 3537 1195 τοῦτο
3560 1140 3734 1194 λοιπὸν

2157 1233 2471 1298 ἀκολούθως
2521 1236 2775 1307 αἰσχραῖς
2824 1232 3113 1298 ἐναλόντας
3154 1235 3392 1305 ἡδοναῖς.
3431 1233 3735 1288 Πεπόνθασί

2157 1342 2215 1379 τι
2253 1325 2394 1379 κατά
2422 1326 2515 1380 τὸν
2553 1326 2654 1396 τῆς
2685 1325 2981 1396 ἐπιδημίας
3005 1325 3100 1379 τοῦ
3138 1326 3390 1399 Σωτῆρος
3418 1326 3577 1399 ἡμῶν
3617 1344 3729 1379 και-

2161 1419 2253 1491 ρὸν
2281 1420 2330 1472 oi
2370 1418 2598 1483 τάλανες
2641 1418 2907 1473 Ἰουδαῖοι.
2950 1419 3110 1472 Σκιαὶ
3141 1418 3249 1491 γὰρ
3285 1416 3493 1472 τούτων
3538 1420 3731 1484 ἐκεῖνα,

2160 1511 2255 1566 καὶ
2287 1510 2451 1565 τύποι
2501 1511 2964 1582 προανεφαίνοντο
3004 1510 3112 1565 τῶν
3162 1511 3406 1582 ὑστέρων
3457 1509 3528 1565 τὰ
3575 1511 3734 1564 πάλαι

2161 1602 2567 1674 συμϐεὗηκότα.
2602 1603 2953 1675 Καθιγμένου
2983 1602 3096 1676 γὰρ
3129 1606 3261 1675 ἡμῖν
3319 1602 3528 1659 ἀνωθεν
3559 1605 3649 1657 καὶ
3680 1603 3735 1668 ἐξ

2158 1691 2390 1764 οὐρανοῦ
2425 1692 2519 1746 τοῦ
2548 1693 2912 1764 ἁληθεστέρου
2946 1694 3141 1763 μάννα,
3184 1693 3447 1766 Χριστοῦ,
3483 1693 3575 1747 καὶ
3604 1695 3735 1746 ἀπο.

2160 1787 2383 1856 τρέφειν
2429 1785 2541 1838 οἵου
2571 1801 2654 1852 τε,
2690 1785 2782 1838 καὶ
2813 1785 3253 1856 ὑπισχνουμένου
3290 1786 3430 1858 πρὶς
3464 1786 3732 1856 ἀμήρυτον

471 1907 569 1963 per
593 1890 689 1945 Dei
714 1888 1053 1944 voluntatem
1084 1887 1354 1958 sequitur.
1403 1886 1561 1953 Quod
1592 1895 1777 1942 autem
1814 1887 2054 1957 populus

2160 1879 2322 1952 ζωὴν,
2356 1873 2464 1935 ’ἕῶν
2516 1879 2775 1949 ἐπιγείων
2817 1879 2915 1951 τὴν
2949 1881 3148 1952 χρῆσιν
3194 1878 3295 1951 τὴν
3346 1880 3493 1933 κατά
3540 1881 3731 1950 κόσμον

470 1983 733 2038 Judaicus
783 1980 935 2035 omni
975 1996 1043 2034 ex
1088 1988 1243 2051 parte
1295 1978 1553 2049 supernis
1582 1978 1746 2033 bonis
1797 1976 2055 2048 praeferat

474 2077 803 2148 temporaria
860 2084 917 2130 et
947 2074 1209 2140 carnalia,
1258 2072 1417 2129 facile
1462 2072 1588 2144 quis
1619 2087 1688 2127 ex
1738 2070 2054 2142 evangelica

473 2170 731 2241 parabola
768 2165 1027 2222 didicerit
1052 2165 1120 2242 9f.
1146 2164 1304 2219 Servi
1339 2164 1487 2220 enim
1518 2162 1614 2234 qui
1657 2161 1915 2216 convivas
1970 2161 2055 2214 in-

470 2262 740 2326 vitabant,
757 2258 1027 2314 advocare
1049 2258 1272 2329 quidem
1298 2257 1420 2312 illos
1439 2242 1697 2311 volebant
1718 2254 1786 2309 ad
1801 2253 2051 2323 nuptias:

473 2356 575 2427 ipsi
608 2371 739 2410 vero
772 2353 1047 2417 abierunt,
1082 2352 1225 2408 alius
1257 2350 1314 2405 in
1369 2363 1558 2420 agrum
1607 2363 1790 2414 suum,
1819 2346 1961 2400 alius
1988 2344 2053 2401 ad

476 2447 693 2519 negotia
721 2462 820 2502 sua
841 2486 856 2511 ,
881 2450 1213 2500 excusantes
1242 2459 1323 2508 se,
1354 2442 1445 2497 hic
1467 2440 1712 2512 quidem,
1740 2438 1884 2510 quod
1917 2454 2056 2492 uxo-

476 2555 589 2594 rem
616 2537 890 2604 duxisset;
925 2537 1015 2592 ille
1048 2551 1202 2603 vero,
1236 2534 1383 2606 quod
1416 2549 1608 2605 agrum
1662 2537 2054 2601 comparasset,

474 2632 710 2701 ideoque
747 2646 860 2685 non
922 2635 1149 2699 possent
1198 2625 1409 2683 venire.
1459 2624 1630 2681 Porro
1679 2622 1826 2695 quod
1851 2630 1907 2677 et
1941 2625 2058 2693 ipse

474 2724 650 2779 Moses
676 2722 743 2778 de
790 2720 1167 2776 inobedientia
1202 2718 1518 2775 Iudaeorum
1571 2721 1910 2786 conquestus
1964 2713 2057 2781 sit,

471 2815 764 2873 confirmat
796 2813 1063 2869 Dominus
1097 2821 1287 2867 noster
1327 2810 1488 2866 Jesus
1525 2807 1801 2875 Christus,
1836 2807 1915 2862 ita
1971 2805 2059 2861 di-

471 2923 603 2964 cens
635 2925 647 2959 :
679 2926 696 2958 (
715 2906 793 2961 Ne
816 2904 1143 2961 existimetis
1167 2902 1314 2976 quod
1326 2918 1427 2973 ego
1453 2903 1554 2956 sim
1581 2916 1681 2955 vos
1701 2907 2065 2955 accusaturus

470 2999 617 3071 apud
650 3000 891 3055 Patrem.
922 2998 1022 3054 Est
1058 2996 1152 3069 qui
1182 3012 1280 3052 vos
1308 3002 1529 3051 accuset
1561 2994 1757 3059 Moses,
1777 2992 1834 3047 in
1894 3006 2059 3063 quem

471 3107 569 3146 vos
599 3088 938 3161 speravistis.
981 3085 1037 3143 Si
1064 3086 1213 3141 enim
1253 3083 1554 3141 crederetis
1574 3082 1730 3148 Mosi,
1759 3080 2064 3136 crederetis

471 3190 529 3236 et
587 3180 723 3235 mihi
758 3198 771 3233 :
803 3195 932 3234 nam
987 3178 1057 3233 de
1116 3193 1203 3232 me
1239 3177 1327 3231 ille
1356 3176 1578 3248 scripsit
1598 3176 1669 3227 ’⁷.
1708 3194 1725 3224 ι
1786 3173 1865 3229 Ac
1896 3188 2059 3245 grave
2087 3201 2132 3263 ε

471 3271 694 3345 quidem
723 3282 779 3325 et
808 3269 1043 3324 arduum
1096 3267 1353 3323 censebat
1393 3265 1591 3332 Moses,
1638 3264 1847 3320 diutius
1914 3264 2060 3321 ferre

472 3360 748 3418 lsraeiem.
784 3359 998 3414 Idcirco
1021 3359 1169 3414 Deus
1206 3356 1569 3413 sanctiﬁcavit
1594 3355 1762 3411 etiam
1795 3354 1931 3411 alios
1950 3371 2059 3410 nu-

472 3467 628 3509 mero
668 3451 1037 3525 septuaginta,
1098 3458 1161 3505 ut
1187 3450 1299 3522 jam
1327 3448 1586 3503 diximus.
1644 3448 1778 3504 Nam
1801 3448 1889 3504 lex
1921 3448 2057 3514 sola,

474 3545 632 3616 cujus
657 3551 845 3616 typum
883 3543 1027 3614 gerit
1051 3541 1248 3607 Moses,
1311 3557 1477 3596 manu
1516 3540 1719 3597 ducere
1737 3557 1849 3596 non
1890 3543 2056 3597 valet.

477 3634 631 3692 Unde
681 3643 738 3690 et
788 3633 879 3689 alii
908 3633 1253 3705 septuaginta
1287 3633 1626 3704 deliguntur,
1678 3631 1773 3703 qui
1811 3631 1867 3689 id
1911 3632 2060 3704 quod

475 3728 630 3786 deest
652 3729 967 3799 suppleant,
998 3736 1054 3782 et
1079 3726 1249 3782 veluti
1299 3724 1355 3780 in
1384 3740 1620 3780 numero
1656 3724 1901 3795 perfecto
1936 3740 2060 3779 cer-

476 3832 697 3878 nantur.
737 3818 888 3897 lianc
909 3819 1057 3874 enim
1090 3816 1483 3890 perfectionem
1538 3814 1810 3888 signiﬁcat
1862 3831 2060 3871 nume-

477 3931 572 3970 rus
602 3910 1069 3985 septuagenarius.
1110 3908 1179 3965 At
1227 3909 1454 3980 quinam
1503 3916 1634 3964 sunt
1684 3907 2063 3979 septuaginta?

473 3988 578 4076 Qui
601 4023 701 4079 per
714 4004 993 4061 Christum
1030 4010 1153 4075 post
1174 4002 1360 4059 Mosen
1389 4008 1520 4057 sunt
1548 3999 1836 4057 constituti
1858 4000 1925 4055 ad
1954 3998 2059 4055 du-

473 4097 710 4154 cendum
748 4095 1037 4167 pepulum,
1068 4110 1304 4165 quorum
1328 4092 1586 4165 primitiae
1632 4099 1687 4147 et
1718 4102 1904 4163 patres
1932 4099 2062 4147 sunt

472 4188 648 4245 sancti
701 4185 976 4257 discipuli.
1029 4185 1175 4240 Deus
1222 4192 1407 4239 autem
1474 4181 1678 4237 dicitur
1723 4181 1942 4239 auferre
1990 4180 2060 4240 de

473 4279 671 4352 spiritu
697 4278 791 4349 qui
814 4285 898 4334 est
921 4277 978 4331 in
1011 4276 1181 4342 Mose,
1212 4289 1452 4346 eumque
1497 4274 1798 4330 immittere
1857 4273 1915 4328 in
1943 4274 2059 4329 cle-

473 4380 591 4427 ctos
614 4387 723 4425 non
750 4370 913 4425 aliam
935 4370 1006 4425 ob
1030 4382 1274 4433 causam,
1290 4381 1465 4437 quam
1499 4375 1561 4422 ut
1580 4366 1890 4433 credamus,
1910 4367 2060 4438 quod

472 4463 618 4519 Deus
649 4478 761 4517 uno
783 4472 839 4517 et
860 4470 1050 4518 sancto
1074 4460 1284 4532 Spiritu
1325 4474 1538 4524 omnes,
1585 4467 1641 4515 et
1673 4461 1768 4531 qui
1798 4467 1925 4516 ante
1957 4474 2061 4516 nos

2157 1970 2375 2043 ἀληθῶς
2425 1972 2521 2026 καὶ
2575 1973 2947 2044 ὑδαρεστάτην
3001 1971 3280 2036 ἀσυνέτως
3349 1970 3730 2044 ἀνθῃρημένοι,

2158 2061 2673 2135 προσκεκρούκασιν
2705 2064 3042 2133 ἀναγκαίως,
3075 2063 3169 2117 καὶ
3215 2064 3338 2133 οὐχὶ
3384 2063 3450 2134 δὴ
3483 2063 3624 2134 μόνῳ
3661 2062 3733 2133 τῷ

2155 2155 2263 2209 τῶν
2290 2156 2425 2209 ὅλων
2446 2154 2586 2228 Θεῷ,
2608 2154 2744 2209 ἀλλά
2769 2156 2865 2208 καὶ¹
2886 2154 3034 2226 αὐτῷ
3061 2155 3124 2227 δὴ
3144 2153 3222 2225 τῷ
3245 2153 3523 2227 θεσπεσίῳ
3549 2155 3729 2226 Μωσῇ.

2157 2249 2474 2319 Γέγραπται
2518 2251 2651 2321 γάρ,
2698 2249 2781 2302 δτι
2826 2269 2845 2301 ι
2893 2248 3007 2303 Καὶ
3058 2247 3314 2320 ἐθυμώθη
3354 2246 3567 2321 Κύριος
3607 2247 3731 2321 ὀργῇ

2158 2343 2239 2406 είς
2271 2341 2363 2398 τὸν
2394 2341 2521 2395 λαὸν
2554 2339 2746 2408 αὐτοῦ,
2777 2341 2874 2396 καὶ
2905 2341 3086 2395 ἔναντι
3120 2343 3294 2412 Μωσῇ
3321 2335 3394 2414 ἦν
3426 2340 3676 2413 πονηρόν.
3709 2359 3727 2391 ι

2160 2435 2393 2491 Ἕπεται
2416 2434 2526 2506 γὰρ
2556 2434 2645 2488 ἀεὶ
2668 2436 2789 2499 ταῖς
2816 2433 2911 2488 τοῦ
2939 2432 3076 2488 Θεοῦ
3106 2433 3330 2505 ψήφοις,
3381 2434 3491 2489 τῶν
3522 2433 3683 2502 ἁγίων
3708 2432 3734 2485 ὁ

2158 2524 2304 2588 νοῦς.
2323 2524 2446 2578 Ὅτι
2480 2523 2579 2596 μὲν
2606 2518 2700 2578 οὖν
2723 2525 2829 2578 τῶν
2856 2523 3062 2579 ἀνωθεν
3085 2524 3307 2592 ἀγαθῶν
3337 2524 3412 2578 τὰ
3440 2523 3736 2598 πρόσκαιρά

2159 2636 2218 2671 τε
2266 2617 2362 2671 καὶ
2403 2618 2643 2688 σαρκικὰ
2680 2617 2956 2689 προετίθει
3006 2616 3262 2687 πανταχῆ
3307 2616 3422 2670 τῶν
3482 2616 3733 2670 Ἰουδαίων

2158 2711 2188 2764 ὁ
2220 2710 2412 2781 δῆμος,
2449 2708 2719 2779 ἀναμάθοι
2747 2725 2830 2773 τις
2859 2708 2925 2763 ἂν
2958 2710 3022 2762 ἐκ
3046 2709 3143 2778 τῆς
3174 2709 3543 2780 εὗαγγελικῆς
3578 2724 3736 2779 παρα-

2161 2804 2346 2876 ϐολῆς.
2382 2805 2444 2857 Οἱ
2488 2803 2586 2875 μὲν
2619 2801 2731 2873 γὰρ
2768 2801 3221 2872 δειπνοκλήτορες
3252 2800 3598 2872 συναγείρειν
3624 2799 3736 2871 ἤθε-

2160 2897 2252 2952 λον
2291 2899 2372 2961 εἰς
2396 2895 2527 2959 τοὺς
2547 2893 2783 2965 γάμους*
2825 2893 2876 2946 οἰ
2905 2892 2960 2946 δὲ
3008 2893 3313 2963 ἀπῲχοντο,
3354 2892 3541 2964 φησὶν,
3566 2890 3621 2955 ὃς
3648 2888 3736 2961 μὲν

2161 2989 2256 3043 ἐπλ⁸
2285 2990 2375 3042 τὸν
2407 2988 2538 3042 ἴδιον
2577 2986 2770 3060 ἀγρὸν,
2803 2985 2863 3051 δς
2892 2985 2949 3039 δὲ
2995 2988 3090 3039 ἐπὶ
3119 2985 3218 3057 τὴν
3248 2986 3525 3057 ἐμπορίαν
3559 2981 3731 3040 αὑτοῦ.

2162 3081 2276 3134 Καὶ
2305 3077 2373 3154 ἦν
2417 3081 2452 3152 ἡ
2487 3080 2844 3152 παραίτησις,
2885 3078 2964 3150 τῷ
2997 3078 3118 3150 μὲν,
3157 3080 3238 3134 ὅτι
3265 3079 3518 3133 Γυναῖκα
3542 3078 3730 3149 ἔγημα,

2162 3170 2241 3243 τῷ
2275 3172 2352 3236 δὲ,
2392 3173 2476 3226 ὅτι
2516 3171 2711 3244 Ἀγρὸν
2739 3172 3009 3244 ἠγόρασα,
3058 3172 3154 3225 καὶ
3199 3171 3260 3224 οὐ
3287 3170 3523 3242 δύναμαι
3552 3169 3730 3224 ἐλθεῖν.

2166 3262 2293 3316 Ὀτι
2326 3261 2385 3316 δὲ
2430 3261 2527 3315 καὶ
2560 3262 2722 3327 αὐτὸς
2756 3263 2854 3333 τῆς
2882 3261 2989 3316 τῶν
3032 3261 3307 3315 Ἰουδαίων
3343 3260 3618 3325 ἀπειθείας
3645 3278 3735 3314 κα-

2161 3352 2512 3425 τακέκραγεν
2543 3356 2572 3407 ὁ
2616 3354 2848 3424 Μωσῆς,
2885 3352 3223 3408 πιστώσεται
3262 3353 3441 3424 λέγων
3483 3356 3510 3407 ό
3544 3353 3732 3425 Κύριος

2162 3446 2321 3519 ἡμῶν
2363 3444 2573 3517 Ἰησοῦς
2604 3446 2861 3518 Χριστός*
2903 3465 2922 3500 ι
2959 3446 3051 3518 Μὴ
3091 3446 3298 3501 δοκεῖτε
3346 3448 3430 3501 ὅτι
3468 3445 3577 3516 ἐγὼ
3613 3461 3732 3501 κατ-

2160 3539 2425 3610 ηγορήσω
2447 3539 2602 3610 ὑμῶν
2631 3537 2767 3610 πρὸς
2786 3537 2876 3591 τὸν
2902 3537 3145 3611 Πατέρα.
3166 3538 3405 3597 Ἐστινό
3427 3536 3737 3610 κατηγορῶν

2163 3634 2318 3705 ὑμῶν
2349 3635 2589 3704 Μωσῆς,
2622 3635 2701 3696 εἰς
2730 3631 2789 3685 ὃν
2820 3630 2976 3703 ὑμεῖς
3010 3628 3407 3701 ἢλπίκατε.Ἐί
3437 3631 3546 3705 γάρ
3575 3628 3733 3704 [sim-

2163 3727 2384 3780 στεύετε
2412 3725 2585 3797 Μωσῇ
2608 3765 2623 3789 ,
2664 3724 2984 3778 ἐπιστεύετε
3024 3722 3091 3778 ἂν
3131 3723 3275 3795 ἐμοί·
3308 3724 3441 3799 περὶ
3469 3724 3574 3796 γὰρ
3609 3719 3731 3793 ἐμοῦ

2162 3819 2372 3880 ἐκεῖνος
2413 3815 2641 3887 ἔγραψε.
2687 3833 2706 3868 ι
2752 3814 2861 3868 Καὶ
2907 3813 3166 3886 φορτικὸν
3220 3814 3322 3886 μὲν
3371 3814 3494 3870 λίαν
3534 3817 3733 3885 ἡγεῖται

2162 3909 2403 3979 Μωσῆς,
2439 3908 2500 3961 τὺ
2550 3890 2877 3978 ὑπενεγκεῖν
2926 3905 3007 3961 ἔτι
3052 3906 3316 3962 δύνασθαι
3367 3909 3457 3962 τὸν
3510 3907 3729 3979 Ἰσραήλ.

2174 3999 2468 4070 Ἥγιάζετο
2494 4000 2552 4053 δὲ
2596 4000 2626 4053 ὁ
2664 3999 2796 4064 Θεὸς
2842 3999 3064 4070 ἐτέρους
3112 3998 3202 4053 τὸν
3246 3998 3484 4073 ἀριθμὸν
3517 3997 3732 4071 ἐΰδομήυ

2163 4107 2350 4157 κοντα,
2379 4091 2636 4165 καθάπερ
2673 4092 2776 4165 ἤδη
2809 4093 3166 4163 προείπομεν.
3195 4092 3375 4159 Μόνος
3412 4094 3522 4166 γάρ
3544 4094 3683 4164 ἡμᾶς
3706 4091 3732 4141 ὀ

2161 4184 2361 4257 νόμος,
2401 4178 2463 4238 οὒ
2510 4185 2604 4239 καὶ
2647 4184 2817 4249 τύπος
2860 4184 3020 4238 νοοῖτ’
3067 4184 3134 4238 ἂν
3172 4185 3405 4251 εἰκότως
3445 4187 3475 4241 ὁ
3518 4182 3731 4252 Μωσῆς,

2162 4280 2525 4352 χειραγωγεῖν
2554 4279 2653 4351 οὐχ
2694 4272 2807 4341 οἷός
2840 4294 2922 4333 τε.
2958 4278 3230 4352 Ταύτῃτοι.
3265 4280 3363 4335 καὶ
3394 4282 3569 4354 ἕτεροι
3595 4278 3731 4332 €660-

2165 4370 2412 4442 μήκοντα
2442 4366 2885 4447 ⁴χειροτονοῦνται
2918 4370 3126 4432 πολλοὶ.
3179 4370 3240 4423 τὸ
3269 4371 3517 4425 ἐλλεῖπον
3556 4369 3732 4439 ἐκείνῳ

2163 4460 2563 4533 πληρώσοντες,
2591 4460 2687 4516 καὶ
2722 4459 2799 4526 ὡς
2837 4463 2898 4516 ἐν
2942 4462 3135 4534 τελείῳ
3169 4465 3479 4535 πεφήνασιν
3509 4460 3730 4536 ἀριθμῷ.

471 4555 718 4619 fuerunt,
746 4562 803 4610 et
823 4569 923 4609 nos
950 4551 1271 4608 sanctiﬁeet.
1313 4550 1474 4623 295
1496 4551 1766 4618 Quoniam
1799 4551 1950 4607 enim
1972 4557 2058 4606 est

2163 4549 2331 4604 Τοῢδε
2357 4549 2466 4622 γὰρ
2496 4550 2563 4605 ἂν
2596 4552 2682 4624 εἴη
2742 4553 3080 4623 σημαντικὸν
3105 4594 3120 4620 ,
3154 4553 3182 4607 ὁ
3214 4554 3586 4628 ἐϐδομήκοντα
3624 4552 3728 4625 ἀρι-

473 4661 618 4702 unus
638 4647 820 4711 Pater,
852 4660 996 4701 unus
1021 4645 1153 4700 item
1186 4643 1379 4711 Filius,
1412 4642 1488 4701 ita
1510 4659 1731 4716 quoque
1763 4660 1908 4699 unus
1939 4643 2061 4715 Spi-

474 4736 616 4792 ritus
636 4743 879 4803 sanctus,
907 4736 1001 4806 qui
1035 4735 1091 4790 in
1121 4735 1407 4807 prophetis
1433 4743 1488 4791 et
1508 4737 1570 4791 in
1595 4736 1757 4791 nobis
1787 4751 1933 4791 unus
1953 4744 2058 4791 est.

470 4827 609 4884 Cum
641 4842 772 4899 ergo
802 4844 947 4885 unus
972 4828 1064 4896 sit,
1102 4822 1258 4883 nullo
1284 4829 1449 4885 modo
1491 4827 1797 4892 secundum
1828 4826 2059 4882 divisio-

472 4935 597 4977 nem
643 4922 983 4994 intelligatur
1026 4921 1083 4978 in
1148 4922 1379 4989 multis;
1427 4921 1525 4977 sed
1579 4928 1667 4976 est
1715 4918 2056 4985 individuus,

446 5014 639 5081 etiam
677 5014 734 5069 in
754 5015 1048 5087 multiplici
1074 5013 1349 5070 donorum
1379 5013 1794 5078 distributione,
1838 5020 1896 5066 et
1932 5026 2061 5082 per-

471 5106 612 5162 fecte
650 5120 709 5162 se
746 5106 961 5163 habens
981 5107 1038 5161 in
1076 5106 1355 5163 omnibus.
1394 5104 1821 5163 Observandum
1870 5113 2056 5160 autem

470 5205 577 5263 est,
595 5197 745 5267 quod
762 5197 926 5268 bujus
941 5198 1343 5255 unlversiDeus
1359 5197 1585 5271 jusserit
1608 5197 1832 5269 quidem
1855 5197 2059 5270 eligere

472 5301 705 5342 numero
756 5290 1117 5360 septuaginta.
1157 5289 1430 5345 Craterum
1477 5289 1571 5344 hic
1630 5300 1898 5344 numerus
1945 5304 2058 5344 non

471 5377 800 5449 completur.
833 5377 1137 5433 Defuerunt
1158 5379 1305 5434 enim
1336 5379 1468 5446 duo,
1507 5379 1701 5435 Modad
1752 5388 1810 5436 et
1857 5379 2052 5435 Eldad.

472 5466 801 5531 Deﬂeientes
850 5477 1034 5523 autem
1079 5469 1245 5523 etiam
1288 5468 1392 5526 bos
1440 5471 1616 5539 replet
1638 5471 1785 5526 Deus
1823 5468 2053 5540 Spiritu.

2165 4641 2325 4712 θμός.
2360 4642 2473 4697 Kal
2493 4640 2639 4707 τίνες
2674 4636 2819 4698 οὗτοι
2851 4643 2915 4714 δὴ
2943 4645 3106 4698 πάλιν
3126 4664 3141 4714 ;
3165 4646 3229 4699 Ol
3254 4646 3394 4718 μετά
3422 4646 3622 4702 Μωσέα
3653 4644 3731 4698 διὶ

2159 4731 2403 4805 Χριστοῦ
2445 4732 2583 4806 πρὸς
2618 4732 2678 4787 τὺ
2726 4732 3094 4806 καθηγεῖσθαι
3129 4737 3624 4810 παρενηνεγμένοι,
3663 4728 3730 4789 ὧν

2161 4823 2256 4878 καὶ
2274 4822 2501 4896 ἀπαρχὴ
2525 4824 2621 4879 καὶ
2664 4822 2902 4897 πατέρες
2928 4827 2979 4880 οἱ
3018 4825 3297 4883 θεσπέσιοι
3332 4826 3588 4900 μαθηταί.
3623 4828 3730 4895 Ἀφ-

2160 4916 2303 4970 ελεῖν
2340 4917 2399 4972 δὲ
2434 4917 2653 4989 λέγεται
2687 4918 2822 4987 Θεδς
2857 4920 2966 4974 ἀπὸ
2998 4920 3094 4975 τοῦ
3125 4921 3442 4995 πνεύματος
3475 4920 3566 4973 τοῦ
3590 4922 3730 4981 ὄντος

2160 5010 2257 5065 ἐπὶ
2288 5009 2515 5074 Μωσέα,
2551 5009 2647 5065 καί¹
2692 5013 2893 5067 ἐνεῖναι
2932 5016 3046 5077 τοῖς
3073 5013 3495 5087 ἐξειλεγμένοις,
3522 5017 3613 5070 καὶ
3640 5013 3728 5083 οὐχ

2160 5105 2349 5178 ἐτέρου
2376 5118 2470 5158 του
2495 5104 2675 5176 χάριν,
2706 5102 2745 5176 ἢ
2779 5102 2867 5159 ἶνα
2900 5106 3281 5180 πιστεύσωμεν
3310 5110 3393 5163 ὃτι
3424 5109 3504 5182 τῷ
3540 5108 3617 5163 ἐνὶ
3642 5103 3727 5160 καὶ

2157 5197 2300 5269 ἁγίῳ
2331 5196 2608 5268 Πνεύματι
2626 5237 2642 5263 ,
2667 5197 2794 5260 τούς
2823 5212 2882 5251 τε
2914 5197 3023 5269 πρὸ
3054 5199 3218 5270 ἡμῶν
3254 5201 3445 5270 ἁγίους
3470 5202 3562 5256 καὶ
3586 5197 3726 5272 ἡμᾶς

2156 5288 2356 5352 αὐτοὺς
2386 5285 2604 5357 ἁγιάζει
2623 5288 2777 5353 Θεὸς.
2811 5289 3024 5361 Ὠσπερ
3055 5291 3164 5363 γὰρ
3192 5288 3272 5356 εἷς
3300 5294 3449 5348 ἐστιν
3475 5295 3502 5347 ὁ
3529 5289 3723 5360 Πατὴρ.

2159 5373 2241 5442 εἷς
2270 5378 2326 5432 δὲ
2353 5379 2556 5449 ὁμοίως
2586 5380 2679 5433 καὶ
2707 5381 2735 5433 ὁ
2765 5378 2912 5443 Υίὺς.
2950 5377 3095 5434 οὕτω
3124 5382 3220 5435 καὶ
3254 5380 3312 5435 ἓν
3343 5382 3405 5436 τὸ
3435 5381 3646 5451 Πνεῦμα
3669 5376 3722 5429 τὸ

2161 5472 2318 5539 ἅγιον
2341 5512 2353 5532 ,
2396 5470 2458 5553 τό
2483 5487 2543 5523 τε
2570 5472 2628 5524 ἐν
2676 5468 2987 5542 προφήταις
3035 5471 3092 5526 ἐν
3123 5474 3218 5528 καὶ
3264 5474 3323 5527 ἐν
3366 5476 3520 5546 ἡμῖν.
3554 5473 3642 5525 Ἐν
3671 5467 3721 5520 δὲ

471 5561 879 5637 Prophetarum
910 5558 1061 5615 enim
1120 5559 1178 5614 in
1234 5561 1446 5616 castris.
1513 5561 1671 5619 Unde
1692 5562 1915 5633 quidam
1963 5563 2058 5633 qui

2162 5560 2429 5632 ὑπάρχον,
2460 5560 2521 5614 οὐ
2564 5560 2705 5616 κατά
2757 5562 3024 5635 διαίρεσιν
3068 5565 3127 5618 ἐν
3165 5564 3383 5631 πολλοῖς
3425 5561 3632 5619 ἐννοοῖτ’
3662 5558 3721 5614 ἂν

472 5654 618 5709 circa
681 5653 870 5709 Mosen
907 5660 1065 5708 erant
1102 5666 1198 5709 eos
1254 5654 1617 5719 aemulantur,
1647 5664 1703 5710 et
1740 5654 2058 5709 submoveri

2162 5651 2408 5717 εἰκότως,
2435 5650 2549 5707 ἀλλ’
2577 5651 2726 5707 ἐστιν
2750 5653 3047 5726 ἀμέριστον
3072 5656 3168 5711 καὶ
3196 5659 3253 5713 ἐν
3280 5656 3452 5730 ⁶κο).λῇ
3479 5649 3722 5727 χαρισμά·

512 5829 589 5864 ’κ
618 5826 781 5888 Num.
815 5846 888 5901 XI,
923 5828 1009 5886 to.
1086 5832 1135 5864 "
1159 5830 1352 5887 Matth.
1390 5848 1500 5901 xrv,
1529 5831 1716 5887 16—24.
1757 5912 1762 5917 ἢ
1792 5832 1839 5865 ⁸⁷
1869 5832 2025 5887 Joan.

2160 5832 2244 5899 45,
2282 5833 2369 5889 46.
