4060 6472
357 395 473 458 4ος

1378 395 1915 454 GLAPHYRORUM
1955 395 2022 452 IN
2063 394 2352 452 EXODLM
2395 395 2524 450 LIB.
2567 395 2632 451 l‘l.

3571 387 3678 448 468

357 530 472 567 των
499 512 760 585 διανομῇ,
792 510 888 567 καὶ
920 512 1146 580 τελείως
1180 513 1307 588 ἔχον
1336 515 1395 571 ὲν
1433 517 1622 571 πᾶσιν.
1668 512 1972 587 Ἐπιτηρη-

2079 515 2282 573 debere
2332 513 2611 570 dicebant.
2661 513 2862 568 Verum
2903 510 2953 567 is
2995 506 3308 582 praevidens
3351 507 3674 580 mysterium

355 606 483 659 τέον
504 604 585 669 δὲ,
620 603 706 658 δτι
727 604 821 660 τὸν
849 605 1081 679 ἀριθμὸν
1100 606 1476 683 ἑϐδομήκοντα
1500 608 1629 672 τοὺς
1647 605 1962 679 ἐξειλεγμέ-

357 713 487 760 νους
516 695 871 768 συναγείρειν
900 696 1160 753 ίκέλευεν
1185 701 1216 754 6
1244 697 1353 753 τῶν
1381 697 1521 754 ὅλων
1557 697 1710 761 Θεός.
1753 695 1971 769 Ἀθροί-

357 787 516 853 τίεται
544 787 603 841 δὲ
630 792 748 846 οὐκ·
777 788 862 853 είς
894 789 1104 862 πλῆρες
1132 790 1394 863 ἀριθμός.
1446 789 1828 846 Ἐλλελείπασι
1856 787 1969 861 γὰρ

354 879 486 947 δύο,
527 879 735 935 Μωδὰδ
767 880 865 935 καὶ
910 880 1121 936 Ἐλδάδ.
1167 881 1590 954 ’Υστερίζοντας
1626 880 1683 934 δὲ
1714 880 1808 935 καὶ
1844 878 1971 935 τούο

352 989 485 1037 τους
511 971 722 1045 ὲπίπλη
753 972 890 1040 Θεὸς
906 974 1001 1028 τοῦ
1031 976 1373 1047 Πνεῦματος.
1397 976 1828 1048 Προεφήτευσαν
1860 974 1969 1049 γὰρ

351 1065 416 1121 ιν
441 1070 513 1138 τῇ
551 1068 907 1141 παρεμϐολῇ.
943 1070 1055 1123 Καὶ
1100 1070 1324 1141 ζηλοῦσι
1361 1069 1465 1142 μέν
1493 1086 1642 1134 τινες
1683 1068 1791 1124 τῶν
1826 1068 1973 1142 ἀμφὶ

351 1161 593 1226 Μωσὲα,
626 1162 725 1217 καὶ
756 1161 824 1234 δὴ
854 1161 951 1216 καὶ
995 1161 1280 1236 εἴργεσθαι
1310 1162 1423 1216 δεῖν
1438 1161 1698 1233 ῢὲφασκον
1744 1162 1969 1228 αὐτούς.

360 1245 426 1302 ’0
458 1249 521 1302 δὲ
553 1250 618 1303 τὸ
645 1249 742 1304 τοῦ
774 1251 1019 1323 Χριστοῦ
1046 1252 1414 1326 προαναθρῶν
1448 1254 1774 1327 μυστήριον,
1815 1274 1834 1307 ‹
1871 1254 1972 1319 Τίς

353 1334 473 1409 δῴη
500 1380 516 1403 ,
541 1338 701 1409 φησι,
730 1340 812 1412 τῷ
852 1340 968 1414 λαῷ
1002 1338 1215 1412 Κυρίου
1250 1342 1560 1414 προφήτας,
1594 1343 1725 1398 ὅταν
1752 1343 1828 1416 δῷ
1859 1343 1974 1398 Κύ-

356 1446 479 1502 ριος
530 1430 593 1485 τὸ
624 1431 848 1505 πνεῦμα
881 1433 1049 1488 αὑτοῦ
1084 1434 1173 1487 ἐπ’
1215 1433 1454 1500 αὐτούς;
1490 1454 1509 1489 ι
1564 1437 1882 1509 Συνήσομεν
1916 1437 1975 1492 δὲ

354 1522 454 1576 καὶ
474 1521 569 1575 διὰ
602 1523 832 1592 τούτων,
863 1518 945 1580 ὅτι
975 1529 1425 1599 σεσαγήνευκενὸ
1458 1527 1645 1600 νόμος,
1680 1529 1775 1583 καὶ
1802 1546 1978 1600 προσ-

352 1612 589 1683 εκὸμιζε
670 1615 752 1687 τῷ
807 1615 931 1689 Θεῷ
980 1618 1406 1691 παιδαγωγῆσαι
1485 1620 1718 1683 πολλοὺς
1764 1620 1856 1674 ὲπὶ
1911 1620 1974 1673 τὸ

349 1704 604 1775 Χριστοῦ
652 1708 977 1780 μυστήριον.
1019 1710 1171 1782 Πλὴν
1219 1711 1283 1765 οὐ
1322 1711 1537 1776 πάντας
1571 1711 1971 1784 προσκομίξειν

347 1791 472 1862 οἷός
500 1815 563 1851 τε
588 1793 681 1871 ἦν’
712 1800 1106 1873 ὑστερίζοντας
1135 1804 1232 1858 καὶ
1257 1804 1482 1869 τούτους
1515 1805 1744 1876 ἡγίασεν
1774 1806 1803 1859 6
1827 1806 1967 1877 Χρι-

2073 607 2319 664 Christi:
2352 625 2370 658 ι
2400 605 2664 674 Quisdet,
2690 604 3171 676 inquit,utomnis
3205 602 3443 674 populus
3457 602 3675 658 Domini

2071 701 2387 773 prophetet,
2414 699 2639 770 quando
2668 697 2887 754 dederit
2913 697 3181 753 Dominus
3207 694 3477 767 Spiritum
3509 708 3676 750 suum

2074 792 2130 848 in
2169 808 2268 849 eos
2314 791 2397 863 "fl
2424 810 2443 843 ι
2496 790 2873 861 lntelligemus
2931 797 3118 845 autem
3170 803 3240 842 ex
3273 787 3363 842 his
3401 787 3550 858 quod
3588 786 3677 843 lex

2075 885 2279 940 multos
2309 883 2520 954 ceperit
2547 890 2605 937 et
2634 881 2928 937 adduxerit
2973 882 3090 936 Deo
3118 879 3188 935 ad
3210 878 3419 935 Christi
3465 886 3675 951 myste-

2074 976 2220 1032 rium
2252 974 2536 1032 erudiens.
2573 973 2849 1031 Cteterum
2888 986 2999 1027 non
3039 986 3235 1026 omnes
3268 968 3548 1026 adducere
3579 985 3679 1033 po-

2072 1070 2233 1126 tuit:
2298 1067 2623 1125 deﬁcientes
2674 1075 2861 1123 autem
2910 1065 3081 1122 etiam
3139 1065 3244 1120 hos
3309 1061 3678 1120 sanctiﬁcam

2071 1162 2348 1220 Christus.
2389 1160 2582 1219 Vocati
2606 1160 2757 1216 enim
2792 1167 2923 1216 sunt
2947 1175 3012 1215 ex
3031 1157 3289 1230 gentibus
3322 1156 3390 1211 ad
3422 1155 3679 1212 veritatis

2073 1254 2470 1327 cognitionem,
2507 1268 2622 1308 non
2655 1267 2755 1323 per
2782 1251 2970 1308 Mosen
3013 1256 3110 1305 aut
3134 1250 3334 1320 legem,
3362 1248 3460 1303 sed
3490 1248 3680 1319 potius

2072 1346 2283 1401 virtute
2311 1345 2408 1401 Dei
2451 1359 2516 1399 ac.
2558 1343 2761 1408 Patris,
2803 1342 2898 1414 qui
2956 1340 3341 1413 ignorantibus
3410 1338 3679 1395 revelavit

2075 1452 2232 1492 suam
2292 1436 2612 1507 imaginem,
2645 1434 2755 1490 hoc
2793 1441 2881 1489 est
2933 1433 3137 1518 Filium
3176 1450 3189 1486 :
3228 1439 3454 1487 vocatos
3491 1441 3676 1487 autem

2075 1539 2297 1586 sanctos
2349 1530 2520 1586 etiam
2566 1528 2755 1585 effecit
2810 1542 3025 1601 ungens
3070 1527 3293 1598 spiritu.
3324 1526 3395 1582 At
3443 1525 3539 1596 qui
3571 1525 3675 1581 sub

2074 1624 2195 1696 lege
2216 1632 2350 1680 sunt
2398 1624 2731 1680 mmulantur
2759 1621 2884 1676 illos
2926 1619 3022 1692 qui
3090 1619 3148 1675 in
3180 1617 3405 1675 Christo
3429 1627 3592 1684 sunt,
3622 1626 3679 1673 et

2077 1717 2185 1773 ﬁde
2209 1716 2495 1789 justiﬁcati
2535 1713 2974 1785 sanctiﬁcatique
3004 1712 3224 1785 spiritu.
3254 1711 3529 1768 Caeterum
3579 1725 3676 1783 ga-

2074 1812 2230 1867 visus
2259 1821 2345 1868 est
2374 1811 2553 1867 Moses
2575 1808 2912 1880 praecognita
2933 1806 3216 1881 mysterio.
3248 1806 3368 1861 Non
3392 1804 3562 1876 igitur
3585 1818 3676 1859 sa-

350 1889 506 1952 στός.
540 1889 865 1963 Κέκληνται
914 1894 1015 1967 μὲν
1041 1895 1151 1967 γὰρ
1194 1897 1243 1950 oi
1292 1895 1352 1964 ὲξ
1400 1895 1574 1950 ἐθνῶν
1602 1896 1695 1951 ἐπὶ
1738 1895 1837 1969 τὴν
1868 1897 1969 1968 τῆς

2079 1903 2237 1974 piunt
2267 1919 2331 1959 ea
2351 1917 2474 1975 quae
2499 1902 2664 1958 Mosis
2693 1910 2826 1958 sunt
2873 1900 3061 1973 populi
3097 1900 3414 1957 Iudaeorum
3457 1904 3679 1953 sanctos

347 1980 626 2055 ἀληθείας
657 1985 982 2055 ἐπίγνωσιν,
1018 1988 1080 2042 οὐ
1112 1988 1201 2042 διὰ
1231 1989 1480 2054 Μωσέως
1517 1989 1549 2062 ἢ
1579 1989 1770 2061 νόμου,
1806 1989 1969 2044 δυνά·-

348 2092 453 2148 μει
472 2076 533 2130 δὲ
560 2077 768 2149 μᾶλλον
796 2081 863 2151 τῇ
890 2078 985 2134 τοῦ
1015 2079 1152 2135 Θεοῦ
1180 2081 1274 2135 καὶ
1304 2081 1539 2155 Πατρὺς,
1559 2081 1970 2137 ἀποκαλύπτον-

345 2184 449 2233 eo;
470 2172 589 2235 τοῖς
617 2172 912 2242 ἀγνοοῦσιν
945 2173 1114 2227 αὐτοῦ
1151 2174 1250 2250 τὴν
1282 2174 1423 2229 ίδίαν
1469 2175 1680 2243 εἰκόνα,
1714 2178 1968 2231 τουτέστι

346 2260 449 2316 τδν
495 2262 649 2318 Υίόψ
695 2264 1075 2337 κεκλημένους
1107 2267 1164 2321 δὲ
1199 2267 1294 2321 καὶ
1338 2267 1532 2338 ἁγίους
1577 2268 1749 2322 ἐτίθει
1798 2286 1969 2323 κατα-

347 2357 535 2427 χρίων
576 2355 657 2428 τῷ
704 2357 1003 2430 πνεύματι.
1052 2360 1162 2413 Καὶ
1205 2357 1433 2432 ζηλοῦσι
1488 2360 1589 2432 μὲν
1631 2361 1681 2414 oi
1714 2362 1771 2413 ὲν
1816 2360 1969 2433 νόμῳ

346 2448 488 2514 τοὺς
537 2452 595 2502 ὲν
643 2450 871 2522 Χριστῷ
910 2452 1005 2505 καὶ
1040 2453 1100 2505 ὲν
1143 2451 1328 2506 πίστει
1379 2451 1845 2525 δεδικαιωμένους
1873 2452 1970 2507 καὶ

349 2542 738 2613 ἡγιασμένους
780 2544 841 2596 ἐν
879 2543 1176 2614 πνεύματι.
1212 2543 1361 2618 Πλὴν
1406 2543 1667 2617 ἐγεγήθει
1707 2547 1736 2599 6
1762 2546 1969 2615 Μωσῆς

347 2635 733 2707 προεγνωκὼς
775 2636 838 2690 τὸ
878 2638 1207 2709 μυστήριον.
1255 2637 1467 2693 Οὐκοῦν
1508 2638 1568 2692 οὐ
1615 2637 1878 2711 φρονοῦσι
1904 2639 1970 2694 τὰ

348 2728 630 2793 Μωσέως,
667 2726 962 2802 ζηλοῦντες
995 2730 1219 2795 ἀτόπως
1248 2731 1377 2795 τοὺς
1419 2731 1612 2801 ἁγίους
1654 2732 1717 2785 ὲν
1744 2730 1971 2805 Χριστῷ

349 2820 470 2877 τῶν
520 2822 797 2877 Ἰουδαίων
844 2824 895 2877 οἱ
935 2821 1123 2894 δῆμοι.
1184 2824 1704 2897 Ἀναμηρυσάμενοι
1757 2825 1822 2898 δὴ
1873 2820 1969 2881 οῦν

349 2913 556 2985 ὥσπερ
583 2916 661 2979 είς
690 2916 752 2969 τὸ
782 2916 843 2969 ὲν
877 2912 1075 2987 ἀρχαῖς
1095 2915 1187 2969 τὸν
1213 2915 1401 2986 λόγον,
1423 2917 1604 2971 ἐκεῖνό
1627 2934 1831 2989 φαμεν
1878 2920 1968 2973 Ἐν

354 3006 463 3078 μὲν
487 3007 568 3079 τῷ
595 3007 802 3080 πρώτῳ
828 3008 1112 3080 κεφαλαίῳ
1135 3008 1469 3063 διεδείκνυτο
1502 3008 1712 3079 σαφῶς,
1738 3010 1819 3064 ὅτι
1846 3028 1973 3083 σαρ-

258 3125 265 3130 ·
349 3099 515 3165 κικῦς
556 3099 658 3171 μὲν
687 3098 769 3153 ἔτι
796 3099 907 3153 τῶν
940 3099 1215 3154 Ἰουδαίων
1236 3102 1265 3155 6
1303 3101 1499 3173 δῆμος.
1538 3101 1770 3173 Ἕτερος
1790 3102 1846 3157 δὲ
1876 3105 1972 3158 καὶ

351 3193 712 3267 ἁγιοπρεπὴς
741 3194 838 3249 καὶ
870 3193 1113 3266 ἀμείνων
1143 3193 1363 3266 ἀληθῶς
1391 3196 1419 3248 6
1444 3194 1554 3249 τῶν
1580 3196 1636 3251 ὲν
1668 3196 1853 3250 πίστει
1877 3198 1971 3251 καὶ

352 3291 415 3345 ιν
446 3288 694 3362 Χριστῷ,
727 3289 824 3344 καὶ¹
845 3291 1127 3345 ὅτιοσκιὰν
1155 3291 1395 3363 ἐπλήρου
1425 3292 1521 3344 καὶ
1544 3290 1716 3345 τύπον
1745 3291 1855 3346 τῶν
1877 3291 1968 3346 διὰ
1998 3266 2040 3324 C

350 3379 607 3454 Χριστοῦ
639 3380 1005 3453 χαρισμάτων
1029 3380 1091 3435 τὸ
1122 3382 1300 3453 μάννα
1345 3379 1406 3435 τὸ
1438 3379 1718 3452 αἰσθητόν.
1763 3379 1968 3434 Ἐδιδα-

355 3472 617 3546 σκόμεθα
646 3474 705 3528 δὲ
746 3475 884 3546 πρὸς
922 3473 1157 3540 τούτοις,
1193 3474 1278 3529 ὅτι
1321 3473 1418 3529 ἐὰν
1462 3472 1563 3539 τὰς
1589 3471 1757 3545 νόμου
1808 3473 1970 3539 σκιὰς

353 3568 457 3621 καὶ
486 3567 629 3638 μετὰ
653 3568 847 3639 χρόνον
880 3569 1075 3633 αὐταῖς
1121 3567 1346 3639 ἕτοιμον
1384 3566 1771 3639 φυλάττωμεν,
1804 3584 1974 3640 προσ-

355 3658 677 3731 κρούσομεν
722 3658 801 3731 τῷ
847 3658 1001 3732 Θεῷ,
1062 3658 1306 3731 ἐσόμεθα
1356 3657 1415 3712 δὲ
1468 3658 1564 3712 καὶ
1618 3658 1806 3722 αὐτοῖς
1860 3661 1974 3723 τοῖς

355 3751 546 3819 ἁγίοις
590 3750 1002 3823 ἀπηχθημένοι.
1051 3748 1534 3822 Κατεπικραίνετο
1576 3749 1688 3823 γὰρ
1730 3751 1825 3804 ἐπὶ
1861 3753 1977 3816 τοῖς

353 3842 699 3914 τετηρηκόσι
726 3842 788 3896 τὸ
812 3842 991 3913 μάννα
1019 3842 1047 3895 6
1072 3840 1300 3913 Μωσῆς.
1346 3841 1438 3894 Ἐν
1461 3842 1520 3897 δὲ
1549 3843 1665 3907 τοῖς
1696 3840 1978 3914 δευτέροις

2072 1996 2285 2053 Christi
2338 1996 2684 2053 mmulantes.
2718 1995 3065 2051 Revocantes
3121 1994 3308 2065 itaque
3360 2005 3675 2048 sermonem

2077 2090 2146 2146 ad
2180 2091 2234 2146 id
2282 2090 2433 2161 quod
2464 2089 2628 2145 initio
2666 2087 2955 2160 agebatur,
3021 2086 3261 2143 dicimus
3286 2085 3470 2157 primo
3495 2085 3677 2155 capite

2079 2194 2269 2256 aperte
2301 2191 2587 2238 ostensum
2628 2194 2753 2236 esse
2793 2179 2944 2250 quod
2979 2178 3299 2236 Iudaeorum
3348 2177 3585 2248 populus
3606 2174 3679 2230 sit

2078 2274 2335 2330 carnalis.
2371 2272 2636 2327 Diversus
2668 2277 2855 2325 autem
2872 2287 2937 2326 ac
2965 2286 3159 2327 revera
3199 2269 3398 2324 melior
3443 2268 3539 2323 ille
3580 2265 3679 2337 qui

2078 2367 2134 2422 in
2161 2366 2270 2421 ﬁde
2322 2372 2380 2421 et
2408 2364 2465 2419 in
2502 2365 2747 2431 Christo,
2794 2364 2927 2436 quia
2977 2361 3117 2418 illud
3164 2360 3429 2423 sensibile
3476 2372 3678 2416 manna

2077 2459 2446 2515 adumbrabat
2496 2468 2553 2515 et
2602 2467 2791 2532 typum
2828 2456 3055 2530 gerebat
3117 2455 3393 2513 donorum
3449 2452 3677 2511 Christi.

2078 2551 2378 2611 Doeuimus
2408 2560 2677 2623 praeterea
2704 2550 2854 2622 quod
2886 2550 2934 2607 si
2954 2548 3093 2620 legis
3120 2546 3349 2602 umbras
3395 2558 3682 2600 servemus

2077 2646 2244 2702 etiam
2290 2657 2413 2716 post
2443 2654 2661 2715 tempus
2705 2644 2841 2715 ipsis
2893 2642 3265 2704 conveniens,
3333 2637 3683 2695 oﬁ‘endemus

2076 2740 2276 2804 Deum,
2306 2738 2513 2793 sanctis
2549 2752 2684 2793 vero
2705 2737 2842 2808 ipsis
2855 2734 3032 2791 odiosi
3059 2748 3253 2789 sumus
3272 2731 3466 2787 futuri.
3497 2728 3684 2800 Siqui—

2078 2830 2205 2885 dem
2259 2837 2317 2884 et
2370 2829 2550 2885 Moses
2597 2828 2715 2899 ipse
2756 2825 3053 2881 iratusl'uit
3083 2823 3168 2879 eis
3204 2822 3301 2894 qui
3332 2826 3683 2877 reservarem

2080 2937 2282 2978 manna
2307 2923 2362 2977 in
2387 2921 2716 2978 crastinum.
2744 2919 2803 2975 In
2825 2916 3233 2990 posterioribus
3264 2922 3448 2970 autem
3478 2910 3681 2983 capiti-

2080 3017 2186 3072 bus
2211 3015 2318 3071 hoc
2333 3029 2506 3069 unum
2536 3022 2623 3070 est
2646 3013 2859 3077 videre,
2898 3009 3049 3081 quod
3085 3007 3264 3066 Judmi
3315 3012 3681 3062 contemnen-

2081 3116 2165 3162 tcs
2214 3105 2501 3176 spirituale
2528 3119 2751 3168 manna,
2800 3111 2966 3173 atque
2999 3108 3317 3157 avertentes
3340 3113 3401 3153 se
3428 3095 3701 3159 archus.

2080 3196 2403 3254 cmlestibus
2421 3210 2521 3267 per
2543 3194 2827 3252 Christum
2853 3192 3075 3258 oblatis,
3108 3189 3317 3247 addicti
3348 3203 3484 3245 vero
3497 3187 3685 3259 potius

2077 3289 2313 3347 terrenis
2335 3298 2394 3346 et
2430 3290 2869 3361 intemperanter
2891 3286 3057 3342 tetris
3079 3282 3461 3355 voluptatibus
3513 3278 3680 3344 aﬁixi,

2075 3382 2279 3454 insigni
2311 3380 2467 3437 clade
2507 3377 2792 3452 perierint.
2842 3377 3012 3450 296
3043 3374 3353 3448 Oportebat
3377 3372 3527 3428 enim
3566 3384 3685 3425 om-

2076 3476 2212 3531 nino
2234 3474 2451 3546 potiora
2465 3473 2672 3529 habere
2695 3471 2905 3537 divina,
2931 3478 2990 3527 et
3010 3469 3119 3527 ﬁde
3144 3466 3405 3539 amplecti
3432 3463 3685 3521 omnium

2073 3574 2328 3621 nostrum
2382 3564 2725 3621 Salvatorem
2767 3578 2833 3619 ac
2888 3562 3341 3633 Redemptorcm,
3398 3555 3705 3629 Christuui‘

2075 3657 2325 3729 inquam,
2357 3673 2459 3728 per
2485 3672 2655 3729 quem
2692 3664 2751 3711 et
2781 3670 2908 3711 cum
2943 3670 3056 3726 quo
3084 3652 3263 3726 gloria
3285 3652 3400 3707 Deo
3445 3663 3511 3704 ac
3530 3646 3683 3703 Patri

2075 3766 2203 3807 cum
2257 3759 2449 3809 sancto
2481 3749 2695 3821 Spiritu
2744 3764 2895 3805 nunc
2916 3757 2975 3804 et
3011 3762 3237 3818 semper
3291 3750 3350 3799 et
3378 3743 3436 3799 in
3484 3738 3686 3795 saecula

2078 3844 2433 3900 saeculorum.
2463 3843 2658 3899 Amen.

356 3934 578 3993 ἔνεστιν
625 3937 791 4004 ἰδεῖν,
843 3939 927 3992 ὅτι
972 3938 1036 3992 τὸ
1079 3940 1256 4010 μάννα
1292 3938 1352 3993 τὸ
1394 3940 1587 4013 νοητὸν
1617 3939 1981 4010 ἀτιμάζοντες
2027 3939 2301 4006 Ἰουδαῖοι,
2346 3941 2441 3993 καί⁵
2505 3940 3021 4004 ἀποσπουδάζοντες
3070 3935 3172 4008 μὲν
3211 3934 3282 3988 τὰ
3319 3930 3529 3987 ἄνωθεν
3588 3928 3685 3983 καὶ

356 4032 453 4089 διὰ
488 4031 759 4106 Χριστοῦ,
794 4034 1263 4107 προσκεκλιμένοι
1297 4033 1355 4087 δὲ
1391 4034 1587 4106 ὥσπερ
1648 4035 1762 4098 τοῖς
1804 4033 2229 4106 γεωδεστέροις,
2277 4035 2369 4089 καὶ
2437 4035 2752 4100 νενευκότες
2796 4035 3052 4107 ἀμέτρως
3124 4032 3219 4085 ἐπὶ
3283 4029 3384 4093 τὰς
3426 4026 3684 4088 δυσώδεις

358 4127 598 4197 ἡδονὰς,
647 4127 941 4200 ἐπισήμως
1003 4126 1348 4183 διολώλασιν.
1391 4128 1543 4182 Ἔδει
1588 4129 1699 4200 γὰρ
1750 4128 1969 4193 πάντως
2008 4129 2265 4200 ἡγεῖσθαι
2299 4129 2398 4201 μὲν
2464 4130 2521 4181 ὲν
2554 4128 2807 4199 ἀμείνοσι
2854 4126 2925 4182 τὰ
2963 4125 3118 4197 παρὰ
3151 4122 3315 4184 Θεοῦ,
3383 4118 3687 4191 στεφανοῦ-

359 4222 494 4278 σθαι
530 4223 590 4277 δὲ
630 4225 697 4295 τῇ
738 4221 923 4276 πίστει
964 4221 1056 4276 τὸν
1087 4221 1345 4278 ἁπάντων
1390 4223 1548 4295 ἡμῶν
1596 4223 1827 4294 Σωτῆρα
1874 4221 1970 4276 καὶ
2009 4222 2345 4294 Λυτρωτὴν,
2389 4208 2565 4294 φημι
2602 4222 2667 4292 δὴ
2739 4220 2995 4292 Χριστόν’
3035 4218 3104 4271 δι’
3140 4212 3202 4272 οῦ
3231 4216 3327 4270 καὶ
3366 4213 3488 4286 μεθ’
3519 4206 3583 4265 οῦ
3610 4206 3687 4281 τῷ

356 4314 485 4388 Θεῷ
516 4315 612 4370 καὶ
644 4315 882 4387 Πατρὶή
917 4314 1049 4382 δόξα
1082 4316 1181 4371 σὺν
1228 4316 1369 4388 ἁγίῳ
1399 4315 1683 4387 Πνεῦματι
1726 4317 1808 4379 είς
1843 4315 1973 4379 τοὺς
2011 4315 2235 4383 αἰῶνας.
2272 4316 2471 4387 Ἀμήν.

356 4435 507 4507 Περὶ
532 4433 657 4489 τῶν
688 4432 788 4488 διὰ
814 4430 1079 4500 Μωσέως
1111 4432 1454 4502 γεγονότων
1484 4429 1662 4498 τριῶν
1681 4430 1970 4500 σημείωκ.

430 4533 507 4586 α’.
544 4527 661 4600 Τὴν
707 4527 809 4600 μὲν
855 4524 1043 4591 θείαν,
1090 4516 1388 4598 ﬂuctu?
1433 4525 1585 4578 ἐστὶν
1622 4522 1974 4595 καταθρῆσαι

2282 4427 2370 4491 De
2398 4427 2563 4482 tribus
2586 4445 2618 4482 a
2650 4427 2795 4486 Moss
2842 4424 3076 4498 'patratis
3112 4418 3468 4479 admirandis.

2153 4522 2203 4577 l.
2220 4520 2700 4591 Divinaquualis
2719 4535 2784 4576 ea
2804 4519 2896 4585 sit,
2923 4523 3175 4574 naturam
3201 4515 3514 4588 perspicere
3535 4530 3687 4573 mor-

357 4622 555 4696 φύσιν,
581 4620 684 4675 οὐκ
711 4618 779 4675 ἂν
806 4616 1028 4672 δύναιτό
1052 4633 1161 4682 τις.
1201 4616 1487 4681 ’Δποπτος
1513 4614 1624 4688 γὰρ
1666 4613 1972 4680 παντελῶς,

2082 4613 2275 4669 talium
2299 4627 2464 4668 nemo
2478 4618 2679 4683 potest.
2696 4607 3112 4681 lnaspectabilis
3123 4608 3270 4663 enim
3285 4606 3692 4679 penitus,men-

357 4717 459 4773 καὶ
492 4713 604 4787 μὴν
645 4714 743 4768 καὶ
786 4709 1049 4765 ἐπέκεινα
1081 4708 1174 4763 νοῦ
1208 4707 1436 4774 παντὸς,
1469 4709 1566 4763 καὶ
1614 4707 1776 4778 λόγου
1812 4706 1973 4762 δύνα-

360 4813 460 4882 μιν
489 4803 895 4877 ὑπερφέρεται·
929 4802 1067 4875 μόνη
1099 4802 1157 4856 δὲ
1204 4802 1311 4856 ὑπὸ
1353 4803 1525 4873 μόνης
1558 4801 1764 4872 ἑαυτῆς
1804 4799 1973 4872 γινώ-

357 4917 585 4958 σκεται.
639 4899 755 4953 Καὶ
815 4896 1010 4952 πεύσει
1075 4896 1141 4969 δὴ
1197 4893 1357 4950 τοῦτο
1418 4893 1652 4966 βοῶντος
1708 4894 1972 4969 Χριστοῦ·

362 5016 384 5051 ε
424 4994 623 5058 Οὐδεὶς
656 4991 769 5063 γὰρ
802 4984 941 5049 οἶδε,
980 4989 1151 5061 φησὶ,
1183 4987 1267 5053 τίς
1298 4989 1448 5042 ἐστιν
1476 4990 1505 5043 6
1548 4987 1706 5057 Υἱὸς,
1747 4992 1797 5044 εἰ
1844 4988 1922 5062 μὴ
1949 4990 1977 5043 6

358 5092 581 5162 Πατήρ·
611 5088 739 5142 οὔδε
778 5088 871 5142 τὸν
898 5086 1121 5157 Πατέρα
1156 5102 1242 5150 τις
1289 5085 1657 5153 ἐπιγινώσκει
1692 5084 1777 5149 τίς
1804 5086 1974 5149 ἐστιν,

356 5188 409 5241 εί
437 5184 519 5255 μὴ
537 5186 568 5237 6
592 5181 746 5246 Υἱδς,
768 5182 864 5234 καὶ
889 5176 934 5249 ᾧ
957 5180 1026 5236 ἂν
1050 5178 1312 5252 βούληται
1334 5179 1363 5232 6
1390 5177 1520 5243 Υἱὸς
1544 5176 1920 5249 ἀποκαλύψαι.
1950 5195 1968 5227 ι

368 5273 669 5341 Παρέδειξε
695 5272 877 5327 τοίνυν
909 5274 1042 5344 ἡμῖν
1071 5272 1134 5328 τὸ
1161 5269 1442 5342 ἐξαίρετον
1478 5270 1677 5335 κάλλος
1707 5268 1802 5325 τοῦ
1835 5269 1974 5324 Θεοῦ

355 5369 463 5424 καὶ
489 5363 735 5439 Πατρδς,
770 5365 801 5419 6
831 5363 1180 5436 Μονογενὴς,
1230 5363 1428 5418 ἑαυτὸν
1473 5362 1666 5435 ὥσπερ
1714 5361 1980 5434 λαμπρὰν

354 5458 590 5524 ἀναθεὶς
611 5456 824 5531 εἰκόνα.
851 5456 1149 5531 Τοιγάρτοι
1179 5455 1366 5530 φησίν·
1409 5474 1428 5509 ι
1475 5454 1534 5508 Ὁ
1560 5452 1824 5525 ἑωρακὼς
1854 5454 1977 5526 ἐμὲ,

359 5553 585 5626 ἑώρακε
624 5550 720 5606 τὸν
763 5550 1009 5623 Πατέρα.
1050 5568 1069 5603 ι
1109 5549 1437 5622 Τεθεάμεθα
1476 5548 1534 5603 δὲ
1572 5548 1667 5602 τὸν
1702 5548 1853 5613 Υίὺν,
1882 5548 1979 5602 καὶ⁵

354 5648 475 5711 τοῖς
526 5647 632 5715 τῆς
674 5643 909 5715 καρδίας
957 5641 1244 5715 ὅμμασιν,
1301 5641 1546 5706 καὶτοῖς
1596 5640 1709 5711 τῆς.
1748 5638 1976 5711 σαρκὸς,

357 5739 452 5795 ὅτε
478 5735 676 5802 καθεὶς
711 5735 909 5791 ἑαυτὸν
942 5738 1022 5802 είς
1063 5736 1320 5801 κ’ένωσιν,
1354 5732 1741 5807 καταϐέϐηκεν
1771 5733 1830 5786 ἐν
1867 5733 1979 5796 τοῖς

427 5916 481 5951 ’⁸
516 5918 687 5975 Num.
729 5932 807 5982 ιι,
847 5915 939 5972 29.
1020 5917 1065 5949 ”
1095 5915 1288 5972 Matth.
1322 5930 1395 5974 χι.
1427 5914 1522 5969 Ἦ.

2083 4714 2308 4777 temque
2329 4720 2552 4761 omnem
2577 4713 2634 4760 et
2663 4702 2936 4759 rationem
2958 4699 3210 4757 excedit:
3230 4701 3345 4757 sola
3366 4698 3573 4774 quippe
3598 4715 3689 4758 se-

2084 4800 2260 4870 ipsam
2280 4798 2546 4854 divinitas
2563 4797 2865 4870 cognoscit.
2893 4794 3082 4851 Fidem
3102 4793 3269 4866 hujus
3286 4793 3366 4850 rei
3393 4791 3577 4849 facere
3593 4808 3691 4864 po-

2087 4900 2193 4948 test
2214 4891 2307 4947 illa
2323 4890 2532 4947 Christi
2546 4890 2875 4947 exclamatio
2893 4905 2905 4942 :
2934 4908 2953 4939 ι
2980 4887 3155 4944 Nemo
3168 4885 3322 4943 novit
3336 4885 3561 4951 Filium,
3579 4884 3687 4941 nisi

2085 4983 2283 5051 Pater;
2316 4998 2500 5054 neque
2539 4982 2756 5037 Patrem
2799 4978 2925 5051 quis
2954 4977 3129 5041 novit,
3160 4977 3267 5031 nisi
3298 4975 3493 5042 Filius,
3520 4982 3578 5031 et
3597 4976 3687 5031 cui

2087 5077 2330 5133 voluerit
2358 5076 2535 5131 Filius
2564 5073 2817 5131 revelare
2854 5073 2920 5125 η.
2966 5089 2983 5121 ι
3023 5066 3279 5124 Ostendit
3312 5068 3499 5139 itaque
3529 5067 3690 5125 nobis

2085 5170 2347 5225 eximiam
2379 5169 2478 5225 Dei
2501 5183 2565 5224 ac
2598 5165 2780 5224 Patris
2809 5161 3283 5235 pulchritudinem
3322 5159 3686 5235 Unigenitus,

2087 5262 2332 5332 scipsum
2357 5260 2525 5317 veluti
2554 5255 2900 5331 splendidam
2929 5263 3336 5327 repraesentans
3365 5256 3687 5330 imaginem.

2089 5354 2179 5409 Ait
2202 5353 2352 5409 enim
2379 5372 2390 5407 :
2420 5374 2437 5405 ι
2467 5352 2574 5421 Qui
2599 5350 2752 5408 videt
2771 5348 3054 5415 me,videt
3081 5358 3137 5405 et
3158 5349 3380 5408 Patrem
3407 5351 3638 5407 meum‘.
3665 5370 3684 5402 ι
3774 5340 3781 5347 ’

2091 5446 2345 5502 Vidimus
2383 5445 2585 5501 Filium
2647 5443 2825 5500 oculis
2876 5459 3003 5498 cum
3044 5444 3252 5511 cordis,
3307 5452 3426 5500 tum
3482 5444 3688 5512 carnis,

2089 5540 2313 5614 quando
2326 5556 2385 5597 se
2414 5540 2531 5611 ipse
2552 5536 2861 5594 exinanivit
2885 5537 2927 5603 ’,
2946 5551 3115 5609 seque
3138 5536 3207 5594 ad
3226 5547 3419 5595 nostra
3435 5535 3689 5593 demisit:

2087 5643 2146 5690 et
2185 5632 2413 5705 quidem
2449 5633 2506 5688 in
2561 5630 2739 5687 forma
2781 5636 2839 5686 et
2890 5629 3207 5701 aequalitate
3254 5628 3353 5685 Dei
3380 5643 3445 5683 ac
3510 5622 3693 5682 Patris

2087 5730 2364 5787 cxsistens
2390 5728 2558 5794 Deus,
2587 5735 2895 5795 naturaque
2923 5739 2990 5779 ex
3015 5724 3136 5795 ipso
3173 5724 3413 5796 genitus.
3472 5714 3689 5775 Baruch

1622 5914 1635 5946 ¹
1671 5912 1831 5970 Joan.
1864 5926 1976 5978 nv,
2007 5908 2059 5967 9.
2140 5912 2159 5943 ²
2190 5908 2395 5979 Philip.
2422 5924 2481 5976 ιι,
2522 5909 2576 5965 7.
