4060 6468
312 341 416 402 ιω

1347 342 1874 401 GLAPHYRORUM
1915 343 1982 399 IN
2022 340 2310 400 EXODUM
2352 343 2480 398 LIB.
2519 342 2584 398 ll.

3533 342 3642 400 ιτο

309 458 476 531 ⁴Ιινίκιι.
505 454 952 526 ἀναγινώσκεται
978 455 1210 529 Μωσῆς,
1240 456 1504 531 κάλυμμα
1532 458 1627 512 ἐπὶ
1654 457 1756 528 τὴν
1786 474 1922 529 καρ-

2036 455 2253 528 gloriam
2279 456 2498 512 Domini
2535 454 2886 527 speculamur
2911 456 2996 512 ¹⁶⁶.
3021 475 3037 506 ι
3065 486 3134 496 -
3156 475 3174 508 ι
3205 453 3378 527 Igitur
3417 455 3641 530 avertit,

309 551 431 603 δίαν
460 547 648 603 αὐτῶν
673 548 874 604 κεῖται.
923 549 1116 604 Ἡνίκα
1145 549 1202 603 δὲ
1223 549 1290 604 ἂν
1313 549 1620 622 ἐπιστρέψῃ
1649 550 1787 621 πρὸς
1817 550 1927 603 Κύ-

311 659 452 714 ριον,
507 643 885 713 περιαιρεῖται
929 641 990 696 τὸ
1041 642 1330 713 κάλυμμα.
1395 643 1451 697 ’0
1480 643 1538 696 δὲ
1587 642 1819 714 Κύριος,
1865 643 1929 696 τὸ

310 732 544 804 Πνεῦμά
568 734 749 788 ἔστιν’
767 729 828 789 οῦ
847 733 906 788 δὲ
929 734 1155 804 Πνεῦμα
1176 733 1407 808 Κυρίου,
1432 737 1549 789 ἐκεῖ
1575 735 1872 806 ἐλευθερία.
1903 754 1922 788 ι

321 827 520 898 Ἡμεῖς
539 827 664 880 δὲοὶ
689 827 1102 891 πιστεύσαντες,
1128 830 1229 882 οῦκ
1257 829 1640 900 εύλαϐούμεθα
1663 829 1930 884 καταϐλέ-

304 920 408 989 daal.
429 918 671 973 ἐνώπιον
691 919 786 974 τοῦ
805 918 964 982 Θεοῦ,
997 919 1114 974 ἀλλ’
1145 913 1364 994 πάλιν
1393 921 1555 986 αὐτὸς
1579 923 1608 975 ὁ
1637 921 1928 986 Θεσπέσιος

305 1010 414 1082 ἔφη
445 1011 667 1075 Παῦλος
693 1027 708 1041 ·
748 1031 767 1064 ι
818 1011 1361 1084 Ἀνακεκαλυμμένῳ
1390 1012 1670 1085 προσώπῳ
1704 1015 1802 1082 τὴν
1832 1014 1923 1066 δός

305 1101 405 1168 ξαν
438 1102 657 1173 Κυρίου
697 1101 1202 1174 κατοπτριζόμεθα.
1249 1105 1614 1176 ’Δποστρέςρει
1643 1105 1828 1158 τοίνυν
1867 1106 1930 1158 τὸ

306 1195 612 1266 πρόσωπον
658 1194 888 1266 Μωσῆς.
932 1212 952 1247 ι
1013 1191 1149 1248 Εἶτα
1193 1195 1288 1249 τοῦ
1339 1194 1477 1251 Θεοῦ
1509 1195 1794 1266 λέγοντος,
1844 1196 1928 1251 ὅτι

308 1289 588 1359 προσήκει
627 1285 871 1357 βαδίζειν
904 1287 1069 1341 αὐτὸν
1098 1286 1238 1358 ὁμοῦ
1267 1290 1333 1360 τῇ
1367 1287 1632 1362 γερουσίᾳ
1657 1287 1768 1343 τῶν
1797 1288 1931 1342 υίῶν

319 1377 544 1450 Ἰσραὴλ
571 1378 712 1449 πρὸς
759 1379 854 1433 τὸν
892 1379 1242 1452 ἀπόπληκτον
1286 1379 1488 1452 Φαραὼ
1510 1422 1524 1446 ,
1561 1381 1931 1455 σαφηνιοῦντα

303 1470 392 1524 ὅτι
426 1468 854 1544 προσκέκληται
881 1473 910 1526 ὁ
943 1470 1078 1537 Θεὸς
1113 1473 1240 1537 τοὺς
1263 1473 1324 1540 ἐξ
1369 1473 1608 1545 Ἰσραὴλ,
1637 1475 1728 1530 ἵνα
1761 1473 1931 1531 θύσωο

304 1578 393 1616 σιν
418 1561 578 1633 αῦτῷ
615 1563 759 1618 κατὰ
787 1563 892 1636 τὴν
912 1563 1142 1636 ἔρημον·
1174 1565 1508 1638 προσθέντος
1542 1567 1598 1620 δὲ
1633 1567 1718 1620 ὅτι
1746 1567 1931 1639 δεήσει

300 1654 612 1710 σκυλεῦσαι
635 1657 764 1721 τοὺς
788 1655 1145 1726 Αἰγυπτίους,
1174 1659 1476 1730 δεχομένης
1497 1659 1755 1726 γυναικὸς
1778 1661 1933 1733 παρά

297 1747 559 1816 γείτονος
607 1749 704 1802 καὶ
757 1750 1033 1820 συσκήνου
1091 1751 1266 1822 αὐτῆς
1328 1751 1498 1824 σκεύη
1561 1753 1786 1826 ἀργυρᾶ
1838 1753 1932 1808 καὶ

2032 549 2238 620 inquit,
2279 548 2490 610 ,l‘aciem
2521 564 2678 603 suam
2713 548 2910 604 Moses.
2948 569 2965 600 ι
3002 550 3114 604 Deo
3152 549 3360 605 dehinc
3397 548 3642 608 dicente.

2031 638 2496 711 proﬁciscendum
2532 640 2610 695 illi
2639 657 2764 696 cum
2795 641 3112 695 senioribus
3147 641 3341 712 populi
3377 640 3544 696 lsrael
3573 639 3644 696 ad

2033 733 2374 788 Pharaonem
2420 742 2633 788 terrore
2675 749 3024 804 percussum,
3059 734 3445 788 denuntiando
3505 749 3639 788 evo-

2036 825 2150 881 cari
2174 841 2205 881 a
2243 826 2355 881 Deo
2385 826 2662 881 lsraelitas
2687 835 2747 880 ut
2774 827 3089 882 sacriﬁcent
3132 827 3234 898 ipsi
3279 827 3334 881 in
3370 827 3592 882 deserto
3623 843 3638 878 :

2031 916 2330 971 mandante
2358 917 2526 971 etiam
2549 916 2836 989 Egyptios
2859 919 3179 990 exspoliari,
3229 919 3398 989 298
3448 918 3639 972 uxori-

2034 1009 2138 1065 bus
2159 1026 2352 1065 eorum
2383 1027 2415 1066 a
2440 1011 2638 1067 vicinis
2655 1021 2710 1066 et
2728 1012 3233 1068 contubernalibus
3259 1028 3388 1067 vasa
3439 1028 3644 1083 ιιι-εει]⁴

2032 1114 2141 1172 tea,
2167 1115 2224 1161 et
2245 1105 2428 1161 discos
2453 1121 2657 1161 aureos
2682 1120 2746 1160 ac
2778 1105 3110 1160 vestimenta
3164 1104 3640 1180 accipientibusé;

2041 1217 2058 1250 ι
2089 1199 2415 1270 Respondit,
2449 1198 2652 1268 inquit,
2687 1197 2884 1262 Moses,
2933 1206 2989 1253 et
3021 1197 3200 1252 divit:
3233 1197 3353 1252 Non
3413 1183 3644 1252 credent

2036 1293 2195 1356 mihi,
2238 1308 2419 1363 neque
2451 1293 2683 1348 audient
2735 1307 2933 1347 vocem
2991 1307 3191 1346 meam.
3244 1289 3354 1346 Sed
3411 1291 3641 1346 dicent:

2031 1388 2152 1442 Non
2182 1387 2438 1458 apparuit
2467 1387 2567 1441 tibi
2598 1385 2889 1442 Dominus.
2916 1384 3061 1454 Quid
3084 1385 3265 1440 dicam
3312 1383 3466 1439 illis?
3497 1381 3647 1438 Dixit

2034 1481 2111 1535 il‘.i
2151 1481 2421 1535 Dominus
2455 1498 2466 1534 :
2496 1478 2640 1547 Quid
2673 1486 2830 1535 tenes
2866 1495 3033 1534 manu
3059 1477 3190 1533 tua?
3218 1477 3312 1532 Ille
3343 1476 3451 1532 ait:
3482 1477 3646 1547 Virga

2033 1583 2137 1630 est.
2167 1573 2424 1645 Dixitque
2450 1573 2720 1629 Dominus
2760 1591 2774 1627 :
2813 1573 3030 1644 Projice
3056 1588 3179 1628 eam
3207 1571 3266 1626 in
3309 1579 3535 1627 terram.
3582 1570 3651 1626 Et

2033 1667 2290 1741 projecit.
2318 1683 2591 1739 versaque
2643 1667 2818 1724 estin
2870 1676 3212 1738 serpentem,
3240 1666 3490 1738 fugitque
3517 1679 3648 1721 eum

2036 1760 2235 1815 Moses.
2262 1758 2352 1814 Ait
2379 1760 2650 1816 Dominus
2681 1760 2761 1815 illi
2808 1778 2820 1814 :
2852 1757 3104 1816 Extende
3139 1774 3363 1814 manum
3393 1768 3566 1822 tuam,
3593 1765 3652 1814 et

296 1842 523 1915 χρυσᾶ,
576 1843 670 1896 καὶ
737 1843 1087 1913 ἱματισμόνί
1113 1845 1434 1918 Ἀπεκρίθη,
1453 1823 1642 1919 φησὶν,
1669 1848 1696 1900 ὁ
1717 1823 1928 1919 Μωσῆς

2041 1850 2276 1906 caudam
2307 1852 2430 1923 ejus
2453 1851 2832 1922 apprehende.
2870 1851 3090 1907 Manum
3125 1850 3312 1922 itaque
3341 1849 3652 1907 extendens

298 1930 407 1985 καὶ
454 1927 637 1985 εἶπεν·
701 1932 830 1986 Ἐάν
870 1932 928 1987 δὲ
964 1933 1044 2006 μὴ
1075 1935 1412 1990 πιστεύσωσι
1437 1978 1450 1999 ,
1509 1937 1644 2008 μηδὲ
1677 1937 1934 1991 είσακού-

306 2039 456 2078 σωσι
519 2024 620 2096 τῆς
665 2025 854 2096 φωνῆς
890 2044 992 2098 μου
1042 2028 1250 2100 (ἐροῦσι
1287 2029 1418 2102 γὰρ.
1463 2030 1549 2084 ὅτι
1593 2031 1708 2085 Οὐκ
1751 2023 1934 2085 ὦπταί

301 2135 393 2172 σοι
431 2121 460 2172 ό
491 2117 683 2185 Θεὸς),
711 2119 768 2173 τί
799 2120 912 2192 ἐρῶ
935 2122 1077 2193 πρὸς
1111 2123 1335 2189 αύτούς;
1368 2117 1506 2177 Eine
1537 2123 1596 2178 δὲ
1631 2125 1784 2194 αύτῷ
1823 2127 1935 2180 Κύ-

309 2229 450 2284 ριος·
485 2213 552 2266 Τί
581 2213 744 2267 τοῦτο
771 2215 830 2266 ὲν
863 2217 928 2286 τῇ
952 2215 1096 2287 χειρί
1127 2233 1220 2270 σου
1245 2235 1261 2282 ς
1300 2218 1360 2270 '0
1381 2217 1438 2270 δὲ
1462 2213 1639 2270 εἶπεν·
1679 2216 1927 2280 Ῥάϐδος.

195 2355 198 2358 .
301 2307 420 2359 Kal
438 2303 581 2360 εἷπε
619 2307 992 2382 Ῥίψοναύτὴν
1008 2311 1102 2364 ἐπὶ
1117 2309 1214 2382 τὴν
1241 2311 1366 2382 γῆν.
1387 2311 1501 2365 Καὶ
1517 2310 1741 2383 ἔρριψεν
1758 2310 1931 2380 αὐτὴν

301 2399 404 2452 ἐπὶ
451 2400 554 2471 τὴν
585 2401 694 2472 γῆν
723 2403 821 2456 καὶ
851 2403 1076 2471 ἐγένετο
1097 2403 1242 2472 ὄφις,
1272 2405 1368 2458 καὶ
1403 2404 1572 2474 ἔφυγε
1597 2405 1805 2476 Μωσῆς
1830 2407 1927 2460 ἀπ’

303 2484 508 2542 αὑτοῦ.
549 2490 663 2543 Kal.
700 2486 821 2546 εἷπε
859 2493 1065 2564 Κύριος
1112 2496 1248 2567 πρὸς
1280 2495 1466 2549 αὐτόν·
1510 2496 1792 2554 Ἔκτεινον
1828 2498 1928 2565 τὴν

300 2579 472 2651 χεῖρά
500 2597 596 2635 σου
615 2621 629 2646 ,
679 2584 777 2638 καὶ
799 2585 1064 2640 ἐπιλαϐοῦ
1106 2589 1205 2658 τῆς
1233 2587 1460 2658 κέρκου.
1522 2585 1804 2654 Ἐκτείνας
1835 2585 1928 2644 οῦν

301 2673 407 2736 τὴν
438 2674 626 2745 χεῖρα,
654 2675 956 2730 ἐπελάϐετο
979 2675 1079 2746 τῆς
1109 2678 1332 2751 κέρκου.
1366 2679 1460 2732 καὶ
1487 2678 1708 2750 ἐγένετο
1732 2679 1930 2751 ῥάϐδος

299 2764 362 2815 ὲν
399 2767 470 2836 τῇ
508 2768 656 2837 χειρὶ
683 2768 874 2823 αὐτοῦ’
914 2769 1002 2824 ἵνα
1033 2771 1371 2826 πιστεύσωσί
1402 2789 1483 2827 σοι
1515 2775 1598 2830 ὄτι
1625 2769 1808 2829 ὧοτταί
1843 2792 1930 2828 σοι

301 2854 522 2928 Κύριος
547 2861 576 2912 ό
601 2859 736 2926 Θεὸς
763 2862 874 2916 τῶν
910 2863 1167 2936 πατέρων
1197 2883 1314 2930 σου,
1348 2865 1480 2932 Θεὸς
1523 2867 1800 2940 Ἀϐραάμ,
1831 2869 1929 2922 καὶ

299 2947 444 3012 Θεὸς
470 2949 659 3006 Ἰσαάκ
681 2953 776 3007 καὶ
791 2953 926 3020 Θεὸς
942 2955 1160 3012 Ἰακώϐ.
1175 2976 1193 3009 ι
1213 2957 1435 3013 Ἐδεδίει
1462 2959 1562 3031 μὲν
1584 2959 1694 3030 γάρ
1719 2959 1926 3031 Μωσῆς

301 3040 401 3093 καὶ
429 3038 550 3111 [γρ.
582 3042 686 3117 μὴ]
720 3043 830 3117 ἄρα
863 3063 949 3111 τις
977 3042 1118 3102 εἶναι
1143 3048 1272 3123 δόξῃ
1296 3052 1411 3114 τοῖς
1441 3052 1580 3116 υἱοῖς
1605 3049 1928 3123 Ἰσραὴλφι-

2039 1944 2272 1999 caudam
2297 1943 2686 2015 apprehendit,
2727 1944 2983 2015 factaque
3023 1944 3081 1998 in
3125 1944 3454 2016 ejusmanu
3493 1942 3649 2012 virga

2037 2045 2124 2092 est
2165 2055 2177 2090 :
2215 2045 2278 2092 ut
2303 2037 2556 2104 credant,
2599 2038 2802 2110 inquit,
2847 2039 3173 2110 apparuisse
3201 2037 3302 2093 tibi
3347 2037 3649 2094 Dominum

2037 2129 2213 2186 Deum
2241 2138 2462 2201 patrum
2491 2142 2738 2200 tuorum,
2769 2133 2866 2204 qui
2888 2140 2975 2188 est
3007 2133 3156 2188 Deus
3175 2131 3482 2197 Abraham,
3501 2131 3652 2189 Deus

2037 2220 2188 2277 Isaac
2209 2231 2266 2277 et
2297 2223 2442 2278 Deus
2466 2222 2639 2280 Jacob
2657 2224 2798 2278 ¹¹·¹¹.
2814 2243 2832 2275 ι
2872 2221 3153 2278 Metuebat
3177 2220 3456 2293 siquidem
3473 2220 3654 2279 loses

2038 2317 2387 2374 nelsraelitis
2406 2317 2672 2388 deceptor
2707 2317 3018 2383 videretur,
3056 2315 3207 2388 quod
3261 2315 3447 2370 visum
3495 2330 3528 2371 a
3591 2328 3654 2370 se

2035 2405 2430 2462 universorum
2479 2408 2652 2463 Deum
2703 2417 3010 2473 assereret,
3065 2407 3159 2478 qui
3185 2406 3294 2462 sibi
3324 2406 3655 2477 imperasset

2040 2498 2420 2573 Egyptiortun
2453 2499 2935 2573 exspoliationem,
2975 2507 3031 2556 et
3059 2499 3207 2571 quod
3233 2497 3416 2554 valida
3467 2497 3652 2553 disce-

2037 2591 2173 2648 dere
2197 2609 2368 2649 manu
2389 2603 2696 2664 oporteret.
2727 2593 2796 2650 Et
2817 2602 3118 2664 prepterea
3159 2591 3492 2648 miraculum
3539 2589 3650 2646 hoc

2037 2691 2260 2756 patrare
2289 2701 2439 2749 eum,
2470 2694 2636 2756 atque
2667 2701 2833 2757 supra
2883 2686 3182 2740 humanam
3215 2693 3476 2761 naturam
3515 2697 3650 2753 opo-

2035 2775 2148 2832 rari
2173 2777 2304 2847 quid
2329 2786 2385 2832 et
2419 2776 2636 2834 ellicere
2665 2778 2853 2848 jussit,
2898 2777 3226 2832 immutante
3252 2777 3367 2832 Deo
3389 2775 3510 2847 ipso
3530 2773 3650 2830 viro

2030 2887 2154 2941 gam
2190 2871 2243 2924 in
2287 2878 2625 2942 serpentem,
2684 2887 2754 2925 ne
2804 2869 3168 2940 transfugium
3219 2869 3481 2933 suadere,
3543 2866 3646 2924 sed

2031 2960 2280 3017 cmlestia
2313 2970 2479 3032 atque
2506 2960 2692 3015 divina
2731 2969 2954 3031 portare
2991 2960 3240 3016 roracula
3291 2973 3484 3015 revera
3516 2971 3647 3014 cre-

2030 3051 2278 3107 deretur.
2307 3052 2368 3108 ld
2397 3052 2548 3108 enim
2575 3067 2770 3107 verum
2795 3051 3015 3122 signum
3059 3051 3150 3107 cui
3182 3065 3378 3105 omnes
3398 3045 3651 3105 credidi-

298 3128 580 3242 λοψευδὴς
616 3151 675 3187 τε
735 3135 832 3190 καὶ
879 3137 1253 3209 είκαιόμυθος,
1302 3138 1537 3212 ὀφθῆναι
1591 3141 1690 3212 μὲν
1743 3139 1924 3212 ἑαυτῷ

2036 3159 2176 3211 mus,
2193 3143 2437 3200 Verbum
2450 3142 2610 3198 nobis
2625 3142 2804 3198 simile
2819 3141 2963 3197 factu
2974 3157 3022 3195 ιιι
3039 3141 3104 3196 ad
3123 3156 3227 3196 nos
3243 3140 3460 3196 venisse
3483 3135 3653 3210 :quod

297 3221 489 3294 λέγων
520 3228 615 3282 τὸν
659 3228 769 3284 τῶν
795 3230 934 3284 ὅλων
963 3231 1119 3296 Θεὸν,
1159 3234 1337 3287 εἰπεῖν
1366 3233 1424 3287 δὲ
1470 3233 1776 3306 προστάξαι
1822 3234 1922 3306 τῆς

2036 3236 2181 3308 virga
2205 3237 2375 3292 humo
2403 3237 2646 3308 projecta
2673 3235 2946 3309 designat.
2978 3235 3034 3290 ld
3065 3252 3174 3307 qua
3197 3235 3408 3290 ratione
3443 3229 3654 3288 intellie

300 3317 633 3386 Αἰγυπτίων
667 3321 985 3389 πλεονεξίας
1027 3325 1110 3378 ὅτι
1141 3324 1346 3398 πρέπει
1377 3325 1565 3381 λοιπὸν
1615 3327 1922 3398 άποφοιτᾷν

2030 3329 2295 3400 gendum,
2326 3345 2436 3401 qua
2459 3329 2614 3394 licet,
2656 3329 2845 3386 dicere
2875 3329 3062 3385 denuo
3091 3327 3503 3401 aggrediamur.

306 3409 668 3486 ἐρρωμένως.
717 3415 996 3490 Ταύτῃτοι
1043 3417 1487 3489 Θανματουργεῖν
1533 3418 1754 3474 ἐκέλευε
1778 3459 1795 3484 ,
1831 3419 1927 3472 καὶ
1962 3420 2031 3474 τά
2099 3421 2241 3494 ὑπὲρ
2271 3422 2566 3496 ἀνθρώπου
2607 3421 2770 3492 φύσιν
2849 3422 3204 3492 ἐργάζεσθαι,
3239 3418 3650 3494 μεταπλάττονν

301 3517 399 3565 τος
433 3503 528 3556 τοῦ
557 3502 696 3558 Θεοῦ
733 3505 834 3578 τὴν
887 3505 1086 3579 ῥάϐδον
1117 3509 1199 3573 είς
1231 3508 1378 3578 ὅφιν,
1409 3507 1487 3574 ὡς
1527 3508 1593 3564 ἂν
1621 3511 1795 3564 νοοῖτο
1826 3509 1927 3564 ούκ
1965 3511 2276 3586 αύτομόλης
2304 3514 2558 3584 άληθῶς,
2585 3515 2725 3570 ἀλλά
2753 3515 2864 3569 τῶν
2895 3515 3103 3569 ἄνωθεν
3169 3515 3264 3570 καὶ
3327 3512 3482 3584 παρά
3511 3507 3652 3566 Θεοῦ

306 3597 712 3668 θεσπισμάτων
760 3601 1048 3674 κομιστής.
1088 3601 1163 3654 Τὸ
1208 3600 1319 3675 γὰρ
1364 3603 1567 3675 ἀληθὲς
1613 3605 1864 3676 σημεῡσν,
1933 3595 1962 3656 δ
1999 3605 2204 3673 πάντες
2248 3608 2411 3679 ἡμεῖς
2461 3607 2933 3679 πεπιστεύκαμεν,
2975 3611 3008 3681 ὴ
3081 3606 3175 3663 τοῦ
3210 3608 3385 3677 Λόγον
3434 3607 3493 3661 ὲν
3536 3605 3653 3672 τοῖς

307 3693 441 3749 καθ’
474 3694 625 3764 ἡμᾶς
673 3694 1103 3766 καταφοίτησις,
1138 3697 1171 3766 ἦ
1207 3696 1296 3752 διά
1329 3696 1428 3770 τῆς
1459 3697 1660 3769 ῥάϐδου
1706 3696 1806 3770 τῆς
1843 3699 1924 3763 είς
1961 3696 2068 3769 γῆν
2106 3699 2382 3774 πεσούσης
2428 3700 2776 3774 σημαίνεται.
2812 3700 2937 3766 Πῶς
2977 3700 3034 3756 δὲ
3102 3701 3200 3754 καὶ
3263 3701 3386 3754 τίνα
3419 3698 3648 3776 τρόπον⁹

308 3789 391 3853 ὡς
427 3787 508 3842 ἔνι
539 3786 604 3860 δὴ
645 3788 811 3844 πάλιν
836 3791 1016 3846 εἰπεῖν
1049 3792 1406 3865 πειράσομαι.

388 3881 457 3952 β’.
508 3881 722 3954 Ῥάϐδῳ
751 3885 1086 3956 παρεικάζει
1117 3886 1210 3941 τὸν
1246 3887 1312 3940 ἐκ
1353 3887 1492 3942 Θεοῦ
1537 3888 1714 3958 Λόγον
1763 3889 1930 3957 φύντα

2111 3884 2164 3939 2.
2211 3884 2386 3954 Virgae
2429 3894 2714 3956 comparat
2751 3894 2940 3940 natum
2982 3900 3045 3939 ex
3079 3884 3192 3938 Deo
3231 3881 3471 3939 Verbum
3507 3879 3652 3938 divi-

304 3979 341 4047 ἡ
377 3975 749 4041 Θεόπνευστος
783 3977 976 4052 Γραφὴ
1000 4020 1014 4040 .
1042 3980 1134 4035 διά
1157 3999 1238 4035 τοι
1265 3981 1327 4035 τὸ
1361 3982 1541 4036 πάντα
1579 3980 1930 4054 στηρίζεσθαι

2039 3980 2192 4034 nitus
2219 3976 2482 4049 inspirata
2513 3977 2822 4048 Scriptura,
2850 3976 2997 4049 quod
3024 3977 3093 4032 ab
3121 3992 3190 4032 eo
3215 3975 3400 4031 omnia
3431 3973 3656 4031 ﬁrmen-

310 4069 452 4141 παρ’
501 4068 696 4124 αὐτοῦ·
753 4088 772 4122 ι
810 4069 902 4142 Τῷ
942 4071 1089 4145 λόγῳ
1125 4073 1354 4144 Κυρίου,
1401 4074 1592 4144 φησὶν,
1622 4076 1672 4128 οἱ
1717 4073 1930 4145 οὐρανοὶ

2039 4080 2149 4125 tur.
2189 4090 2206 4120 ι
2245 4068 2430 4124 Verbo
2477 4069 2729 4132 Domini,
2792 4068 2973 4140 inquit
3022 4066 3229 4133 David,
3280 4066 3406 4122 coeli
3451 4065 3653 4123 ﬁrmati

308 4159 758 4230 ἐστερεώθησαν.
799 4181 817 4212 ι
869 4162 1019 4227 Kal,
1078 4183 1095 4216 ι
1147 4163 1539 4237 ’Υποστηρίζει
1577 4165 1677 4236 μὲν
1707 4165 1832 4226 τοὺς
1863 4164 1930 4219 δι-

2038 4169 2168 4216 sunt
2203 4160 2266 4214 ".
2308 4180 2325 4212 ι
2382 4158 2451 4215 Et
2495 4178 2506 4213 :
2557 4180 2574 4211 ι
2611 4159 2916 4215 Conﬁrmat
2959 4159 3185 4230 quidem
3233 4159 3412 4230 justos
3458 4158 3648 4214 Domi-

309 4253 508 4317 καίους
538 4255 565 4307 ὁ
597 4253 824 4324 Κύριος.
862 4272 880 4306 ι
935 4253 1390 4326 ’Υπενηνέγμεθα
1431 4256 1496 4326 δὴ
1538 4255 1615 4327 τῷ
1651 4255 1829 4328 Πατρὶ
1868 4255 1930 4310 δι’

2043 4272 2150 4310 nus
2178 4254 2240 4308 “.
2274 4274 2292 4306 ι
2332 4243 2706 4326 Aggregamur
2730 4251 2916 4324 itaque
2940 4253 3088 4310 Patri
3115 4270 3214 4323 per
3237 4253 3436 4308 Filium
3463 4271 3476 4306 :
3501 4252 3650 4323 quod

311 4344 453 4401 Υίοῦ
481 4387 494 4406 ,
554 4346 651 4400 καὶ
701 4345 862 4400 τοῦτο
911 4346 1075 4411 αὐτὸς
1127 4348 1332 4420 ἀληθὲς
1391 4348 1643 4420 ὑπάρχον
1701 4347 1930 4416 ὑποφαί-

2043 4350 2212 4405 etiam
2243 4347 2460 4403 Veritas
2497 4347 2615 4418 ipsa
2661 4347 2943 4402 ostendit:
2988 4367 3005 4397 ι
3043 4346 3376 4411 Traducam,
3416 4346 3515 4411 ait,
3555 4360 3655 4402 eos

309 4455 398 4492 νει
453 4436 666 4506 λέγων·
708 4455 726 4489 ι
765 4437 881 4492 Καὶ
938 4437 1107 4505 διάξω
1160 4437 1359 4504 αὐτοὺς
1423 4438 1530 4492 ὑπὸ
1582 4437 1682 4510 τὴν
1736 4437 1930 4510 ῥάϐδον

2046 4439 2102 4498 in
2127 4442 2277 4513 virga
2321 4455 2441 4494 mea
2471 4440 2533 4493 ".
2567 4458 2584 4490 ι
2618 4438 2770 4494 Alias
2805 4439 2955 4511 virga
3000 4438 3153 4511 regni
3179 4448 3263 4495 est
3289 4438 3603 4512 symbolum
3635 4457 3650 4494 :

298 4548 448 4604 μου.
496 4551 515 4583 ι
585 4531 812 4597 Ῥάεδος
855 4532 912 4586 δὲ
970 4533 1067 4586 καί⁵
1117 4533 1362 4606 ἑτέρως,
1409 4533 1689 4606 βασιλείας
1728 4533 1930 4604 σύμϐο⁴

2046 4549 2146 4606 per
2175 4534 2376 4589 Filium
2410 4532 2557 4588 enim
2596 4533 2830 4603 imperat
2859 4531 3248 4588 universorum
3280 4532 3521 4590 Deusac
3547 4531 3653 4589 Pa-

298 4615 443 4701 ξλονο
486 4623 767 4701 βασιλεύει
817 4625 876 4679 δὲ
924 4625 992 4679 δι’
1034 4625 1166 4682 Υίοῦ
1228 4628 1256 4681 ό
1301 4625 1410 4680 τῶν
1471 4627 1610 4680 ὅλων
1667 4627 1799 4691 Θεὸς
1847 4626 1930 4682 καλ

2051 4630 2151 4679 ter.
2185 4621 2345 4678 llunc
2374 4622 2541 4677 etiam
2565 4621 2802 4678 Aaronis
2828 4621 2979 4694 virga
3013 4622 3077 4678 in.
3106 4623 3308 4678 Sancto
3333 4633 3652 4680 sanctorum

297 4700 539 4806 ﬂatﬁp.
603 4718 770 4774 Αὐτὸν
839 4720 874 4790 ἡ
912 4719 1109 4791 ῥάϐδος
1175 4718 1390 4793 Ἀαρὼν
1425 4721 1460 4792 ἡ
1497 4722 1556 4775 ὲν
1596 4722 1710 4786 τοῖς
1765 4719 1930 4789 ἁγίοις

2043 4717 2361 4794 germinans
2408 4714 2698 4787 designare
2740 4723 2925 4787 queat.
2965 4715 3101 4772 item
3135 4715 3288 4788 virga
3329 4715 3421 4772 illa
3457 4731 3526 4772 ex
3562 4731 3652 4772 ra-

311 4811 430 4864 τῶν
489 4810 663 4879 ἁγίων
725 4812 1263 4886 καταϐλαστήσασα,
1334 4815 1780 4887 κατασημήνειεν
1843 4813 1938 4868 ἄν·

311 4904 486 4960 αὑτὸν
540 4905 575 4974 ἡ
635 4906 701 4958 ὲκ
755 4905 914 4976 ῥίζης
982 4907 1220 4973 Ἰεσσαὶ,
1283 4907 1379 4962 καὶ
1425 4909 1460 4980 ἡ
1522 4907 1733 4972 πάντας
1789 4908 1942 4979 ἡμᾶς

314 4994 735 5068 παρακαλοῦσα
777 4997 1205 5068 πνευματικῶς,
1253 4999 1352 5052 καὶ
1404 4999 1542 5071 πρός
1589 5016 1654 5069 γε
1704 4998 1765 5052 τὸ
1806 5000 1939 5071 ἐρη-

314 5087 539 5160 ρείσθαι
575 5088 756 5152 καλῶς
801 5090 929 5154 τοῦς
971 5091 1409 5155 πεπιστευκότας
1447 5091 1749 5163 ἀνέχουσα,
1793 5091 1934 5145 κατά

312 5180 380 5234 τὸ
411 5181 470 5233 ὲν
514 5180 770 5251 Ψαλμοῖς
805 5181 1150 5254 ὑμνούμενον
1196 5184 1334 5254 πρὸς
1362 5184 1453 5237 τὸν
1497 5183 1606 5237 τῶν
1638 5183 1775 5237 ὅλων
1803 5182 1936 5236 Θεὸν

314 5273 419 5328 καὶ
450 5273 698 5345 Πατέρα·
737 5292 756 5326 ι
805 5275 866 5328 Ἡ
904 5275 1102 5348 ῥάϐδος
1131 5293 1223 5330 σου
1256 5277 1353 5330 καὶ
1379 5278 1413 5347 ἡ
1447 5275 1746 5347 βακτηρία,
1776 5269 1937 5330 αὗταί

317 5385 392 5440 με
439 5369 851 5438 παρεκάλεσαν.
907 5386 926 5420 ›
976 5369 1199 5433 Ῥάϐδος
1233 5369 1299 5440 δὴ
1343 5365 1457 5434 οῦν,
1504 5370 1534 5422 ὁ
1561 5368 1730 5432 ,Υἱός.
1798 5367 1938 5422 ’Δλλ⁹

2043 4811 2166 4866 dice
2209 4810 2384 4875 Iesse,
2419 4825 2544 4881 qua:
2581 4825 2684 4864 nos
2723 4826 2918 4866 omnes
2955 4809 3280 4882 spiritaliter
3311 4809 3649 4873 consolatur,

2042 4913 2208 4975 atque
2246 4902 2436 4966 etiam,
2472 4909 2672 4973 przeter
2735 4903 2882 4974 quod
2916 4903 3158 4960 stabiliat
3203 4917 3474 4974 gressum,
3503 4909 3652 4957 recte

2041 4997 2334 5052 credentes
2365 5004 2660 5061 sustentat,
2689 4997 2844 5066 juxta
2879 4997 3015 5051 illud
3047 4996 3102 5051 in
3135 4995 3369 5051 Psalmis
3397 4994 3511 5050 Deo
3541 4993 3649 5050 Pa-

2047 5089 2115 5144 tri
2162 5088 2516 5144 decantatum
2553 5106 2566 5142 :
2607 5109 2625 5140 ι
2665 5087 2832 5159 Virga
2875 5097 2966 5142 tua
3014 5095 3069 5142 et
3115 5085 3364 5161 baculus,
3412 5084 3529 5158 ipsa
3563 5099 3654 5140 me

2046 5182 2328 5238 consolata
2373 5190 2502 5237 sunt
2540 5182 2604 5235 “.
2640 5200 2658 5233 ι
2704 5181 2869 5252 Virga
2916 5181 3124 5251 itaque,
3161 5179 3258 5236 Dei
3309 5179 3502 5236 Filius.
3541 5177 3650 5236 Sed

2047 5274 2295 5346 quandiu
2329 5274 2485 5345 quasi
2519 5274 2573 5329 in
2605 5273 2784 5330 Patris
2820 5281 2938 5329 erat
2978 5290 3165 5338 manu,
3195 5281 3251 5329 et
3281 5273 3336 5329 in
3367 5273 3655 5330 altissimis

2051 5363 2378 5429 divinitatis,
2411 5363 2658 5419 nondum
2699 5364 2866 5419 homo
2909 5372 3071 5420 natus
3111 5373 3169 5420 ut
3211 5381 3333 5430 nos,
3363 5363 3555 5421 miseri
3596 5363 3652 5420 in

313 5460 430 5524 ἕως
463 5456 687 5534 psi/[ﬁxi]
721 5462 797 5525 ὡς
842 5464 901 5515 ἐν
931 5462 1076 5534 χειρὶ
1103 5461 1204 5516 τοῦ
1232 5462 1442 5534 Πατρὸς
1474 5460 1570 5516 καὶ
1609 5462 1667 5514 ὲν
1698 5462 1811 5525 τοῖς
1844 5461 1930 5532 τῆς

2051 5456 2280 5522 mundo,
2323 5464 2490 5526 atque
2529 5456 2690 5527 plane
2729 5456 2882 5528 impii
2919 5457 3260 5514 vivebamus.
3293 5457 3460 5530 299
3483 5455 3652 5515 Crcao

314 5554 586 5625 θεότητος
615 5555 934 5627 ύῲώμασιν,
950 5553 1107 5609 οὔπω
1121 5555 1420 5626 γενόμενος
1440 5553 1562 5608 καθ’
1586 5554 1738 5624 ἡμᾶς
1755 5594 1770 5619 ,
1791 5551 1930 5606 ἄθεοι

2053 5559 2189 5605 tura;
2220 5547 2369 5605 enim
2399 5548 2727 5605 errabamus
2753 5549 3082 5617 servientes,
3115 5560 3172 5607 et
3209 5549 3506 5622 impiorum
3537 5547 3653 5621 spi—

316 5648 427 5721 μὲν
452 5647 514 5700 ὲν
549 5647 746 5717 κόσμῳ
785 5643 1134 5716 διετελοῦμεν
1171 5644 1221 5699 οἱ
1261 5645 1522 5722 τάλανες·
1576 5641 1930 5715 ὲπλανώμεθσ

2053 5643 2262 5699 rituum
2297 5642 2585 5713 cupiditati
2618 5643 2872 5716 subjecti.
2910 5645 3208 5715 Postquam
3248 5659 3401 5708 vero,
3435 5649 3495 5696 ut
3531 5641 3653 5712 pla-

432 5853 502 5886 ¹⁶⁶
533 5851 572 5909 Il
601 5849 703 5910 Cm
763 5866 842 5920 tu,
872 5849 953 5907 l8.
1034 5849 1338 5909 “'“Exod.
1365 5867 1438 5919 ιν,
1461 5850 1582 5908 1-5.
1647 5845 1854 5909 "Psal.
1875 5846 2117 5916 nm,6.
2184 5846 2225 5880 ”
2248 5846 2392 5903 Psal.
2427 5863 2606 5914 xxxvi,
2633 5847 2720 5904 t7.
2788 5847 2830 5880 “'
2861 5847 2965 5904 lsa.
2997 5843 3152 5915 1,35.
3227 5843 3268 5876 “
3299 5841 3650 5908 PsaleuJ.
3751 5889 3754 5892 .
