4060 6454
313 355 421 416 επ,
1321 338 1853 400 GLAPHYRORUM
1889 337 1959 396 IN
1998 325 2286 396 monuit
2328 339 2459 395 LIB.
2502 341 2569 396 ιι.
3517 344 3623 398 m

311 475 376 528 ιν
409 465 729 541 ἀνθρώποις
757 458 1164 532 ἀπεγνωσμένα
1183 500 1198 524 ,
1231 457 1326 512 καὶ
1359 458 1431 512 τὰ
1457 459 1587 530 παρ’
1630 458 1762 528 ήμϊν
1789 453 1920 510 ἀδύ-

2043 455 2190 523 Deus,
2223 470 2293 511 eo
2331 455 2452 526 ipso
2490 454 2622 510 dum
2659 453 2935 524 leprosam
2969 450 3106 508 Mosi
3145 467 3368 508 manum
3403 456 3626 514 sanitati

311 582 473 629 ητα,
515 561 651 633 παρ’
686 555 837 627 αὐτῷ
867 552 1070 608 δυνατὰ
1089 593 1104 616 ,
1132 552 1229 606 καὶ
1259 551 1411 605 οὐδὲν
1439 550 1577 612 ὅλως
1603 548 1667 602 τὸ
1691 548 1918 610 ἄναντες

2043 548 2290 613 ἐειὶιιιὶι,
2340 547 2478 602 nihil
2528 547 2689 618 plane
2743 545 2977 617 reliquit
3023 545 3173 616 quod
3222 545 3628 606 immedicabile

310 657 490 726 ἐφῆκε
527 652 674 705 νοεῖν
705 651 733 702 6
766 647 874 701 τῶν
916 645 1055 700 ὅλων
1095 641 1259 708 Θεὸς,
1289 643 1380 696 διὰ
1408 639 1505 694 τοῦ
1536 640 1632 712 τὴν
1673 638 1919 701 Μωσέως

2043 655 2145 694 :sse
2179 640 2440 695 aestimari
2482 646 2698 709 queat:
2742 645 2803 692 ut
2846 639 2934 693 vel
2977 637 3110 694 hinc
3154 640 3495 713 perSpiciant
3527 657 3626 697 vo-

312 752 477 822 χεῖρα
520 741 868 817 θεραπεῦσαι
895 736 1354 810 λελεπρωμένην·
1392 734 1468 796 ὡς
1501 735 1568 788 ἂν
1605 733 1795 786 εἰδεῖεν
1828 732 1919 783 ἐν-

2043 733 2153 795 :ati,
2191 732 2246 787 id
2289 741 2375 786 est
2413 731 2697 796 Israelitae,
2746 731 2896 802 quod
2929 732 3035 787 etsi
3069 731 3388 789 inevitabile
3423 735 3628 788 malum

309 820 510 898 τεῦθεν
525 839 575 893 οι
589 832 946 904 κεκλημένοι,
966 828 1270 891 τουτέστιν,
1286 829 1334 880 οί
1353 824 1413 891 ἐξ
1431 825 1660 896 αἵματος
1684 820 1919 894 Ἰσραὴλ,

309 937 395 989 ὅτι
423 931 535 986 κᾶν
565 925 965 995 δυσδιάφυκτον
992 922 1169 993 ἔχοιεν
1201 921 1302 990 τὴν
1336 917 1644 990 συμφορὰν,
1672 918 1792 980 ταῖς
1828 917 1926 969 Αί-

309 1021 571 1094 γυπτίων
606 1016 933 1090 μοχθηρίαις
967 1009 1394 1081 ὑπεζευγμένοι,
1422 1008 1518 1062 καὶ
1550 1006 1705 1060 νόσον
1734 1003 1924 1074 ὥσπερ

308 1115 438 1168 τινὰ
488 1111 758 1171 παθόντες
797 1105 1058 1175 ἐσχάτην,
1097 1103 1198 1173 τὴν
1253 1101 1345 1154 ὑπ’
1387 1099 1614 1162 ἐκείνοις
1655 1096 1920 1152 δουλείαν·

309 1202 433 1255 ἀλλ’
468 1203 789 1273 εὐμήχανος
815 1200 844 1251 6
867 1196 1070 1268 ἰατρὸς,
1101 1194 1198 1248 καὶ
1218 1193 1287 1246 τὰ
1311 1191 1446 1247 πολὺ
1472 1189 1796 1259 δυσεξίτητα
1816 1188 1926 1244 τῶν

312 1293 514 1350 παθῶν
538 1293 906 1365 παρενεγκεῖν
929 1287 1167 1349 εὐκόλως
1191 1284 1349 1348 είόὼς
1373 1284 1468 1338 καὶ
1489 1283 1806 1353 δυνάμενος,
1833 1281 1927 1334 καὶ

308 1387 480 1442 τοῦτο
509 1387 752 1457 ἀμογητὶ
801 1383 897 1438 καὶ
929 1381 1032 1434 οὐκ
1061 1381 1123 1434 ἐν
1151 1377 1329 1450 χρόνῳ
1374 1374 1593 1447 μακρῷ.
1639 1375 1792 1446 ’Ἅμα
1818 1373 1928 1445 γὰρ

2038 824 2298 888 habeant,
2330 823 2461 878 dum
2517 824 2861 894 improbitati
2894 823 3274 896 ZEgyptiorum
3323 833 3454 880 sunt
3494 827 3628 880 sub-

2027 916 2184 988 jecti,
2217 925 2274 971 et
2321 916 2622 987 pessimum
2668 917 2826 986 quasi
2869 917 3163 987 quemdam
3214 918 3471 978 morbum
3519 919 3632 974 sint

2033 1011 2203 1075 nacti,
2235 1010 2560 1065 servitutem
2586 1009 2713 1064 dico
2741 1009 2844 1064 sub
2869 1010 3140 1083 Egyptiis
3159 1052 3173 1076 ,
3210 1028 3419 1083 gnavus
3447 1021 3629 1067 tamen

2037 1112 2205 1174 atque
2235 1102 2542 1157 industrius
2574 1101 2822 1158 medicus
2853 1103 2909 1157 in
2937 1113 3129 1174 parato
3164 1105 3255 1170 sit,
3293 1107 3388 1176 qui
3423 1108 3630 1177 optime

2035 1194 2185 1249 norit
2221 1209 2286 1249 ac
2326 1201 2584 1264 potenter
2625 1194 2807 1249 valeat
2845 1195 3123 1265 depellere
3162 1197 3328 1252 etiam
3365 1198 3630 1269 despera-

2032 1289 2246 1345 tissima
2269 1289 2542 1344 malorum
2568 1304 2789 1359 genera,
2814 1288 2984 1359 idque
3007 1289 3124 1344 sine
3147 1290 3358 1355 labore,
3387 1307 3450 1345 ac
3473 1291 3630 1348 brevi

2031 1390 2301 1453 tempore.
2348 1383 2487 1438 Nam
2528 1382 2694 1436 simul
2745 1390 2909 1453 atque
2949 1383 3137 1437 intulit
3181 1382 3360 1439 Moses
3407 1400 3631 1440 manum

309 1477 615 1549 εἰσήνεγκε
659 1481 688 1532 ὁ
733 1475 941 1544 Μωσῆς
979 1473 1078 1545 τὴν
1120 1473 1282 1542 χεῖρα
1327 1472 1386 1524 ἐν
1435 1469 1512 1539 τῷ
1561 1467 1782 1538 κόλπῳ,
1835 1467 1932 1521 καὶ

2043 1488 2190 1528 suam
2216 1474 2275 1527 in
2305 1473 2509 1537 sinum,
2548 1472 2700 1542 lepra
2734 1473 3028 1529 confestim
3064 1484 3256 1530 sanata
3290 1484 3375 1531 est
3445 1475 3635 1532 Tacite

313 1571 679 1642 ἀπήλλακται
721 1569 818 1623 τοῦ
867 1569 1068 1621 νοσεῖν.
1130 1563 1487 1635 ’Υπῃνίττετο
1531 1561 1589 1614 δέ
1635 1577 1690 1614 τι
1741 1559 1929 1630 ἕτερον

2043 1580 2259 1637 quoque
2293 1565 2447 1620 aliud
2490 1565 2775 1636 quidpiam
2814 1567 2996 1634 nobis,
3028 1575 3092 1623 ut
3114 1583 3217 1639 ego
3246 1569 3510 1636 arbitror,
3546 1568 3633 1624 in-

311 1667 478 1734 ἡμῖν,
513 1662 774 1732 καθάπερ
803 1658 1021 1732 ἐγῷμαι
1041 1700 1058 1726 ,
1088 1658 1150 1713 τὸ
1189 1656 1400 1728 χρῆμα.
1426 1654 1690 1724 Μακροὺς
1717 1651 1828 1723 γὰρ
1872 1653 1930 1705 ἐν

2043 1659 2247 1715 nuitur.
2305 1659 2479 1714 Multo
2529 1659 2680 1714 enim
2733 1668 2983 1730 tempore
3030 1661 3085 1715 in
3130 1659 3364 1733 Egypto
3410 1670 3636 1733 agentes

313 1755 593 1824 Αἰγύπτιε)
635 1751 918 1824 τρίϐοντες
951 1752 1176 1823 χρόνους
1205 1753 1256 1805 οἱ
1286 1750 1345 1817 ἐξ
1392 1747 1646 1820 Ἰσραὴλ,
1680 1745 1931 1816 ἐξέθορον

2043 1752 2319 1817 Israelita,
2356 1751 2569 1808 etclesti
2617 1761 2950 1823 patrumque
2995 1766 3223 1807 suorum
3258 1760 3480 1808 utentes
3512 1769 3634 1809 mo-

620 1805 832 1900 ἀνωθεν
877 1805 1084 1896 καίῃέκ
1129 1805 1387 1912 πατέρων
1423 1805 1609 1902 αθτοίς
1635 1805 1933 1906 ⁷ἐντριϐοὖς

2043 1842 2213 1898 destia
2247 1842 2524 1908 enituere,
2555 1841 2807 1897 moribus
2845 1856 2979 1896 vero
3015 1841 3194 1911 gentis
3239 1841 3296 1895 in
3336 1857 3442 1912 qua
3475 1841 3637 1912 dege-

312 1935 656 1999 ἐπιεικείας,
700 1933 846 1988 ἐθεσί
877 1951 936 1987 τε
970 1933 1170 2004 μᾶλλον
1195 1935 1307 1996 τοῖς
1335 1930 1654 2001 ἐπιχωρίοις
1683 1926 1932 1998 ἐνιζηκό-

2043 1935 2173 1990 bant
2213 1934 2373 1990 valde
2415 1935 2470 1990 in
2518 1934 2884 2003 dejectionem
2934 1933 3270 1998 inciderunt,
3303 1934 3458 2004 juxta
3503 1949 3636 2004 pro—

314 2047 452 2096 τες,
482 2030 594 2118 καὶχ
614 2025 940 2099 βαθύνοντες
969 2026 1091 2081 λίαν
1131 2027 1212 2090 εις
1251 2024 1497 2086 κάθεσιν,
1530 2022 1672 2077 κατὰ
1710 2021 1810 2090 τὴν
1840 2020 1933 2075 τοῦ

2043 2029 2220 2100 pheta
2247 2042 2442 2084 vocem
2477 2045 2490 2080 :
2531 2046 2548 2078 ι
2581 2027 2907 2082 Servierunt
2947 2033 3217 2081 creaturae
3247 2027 3433 2096 pctius
3469 2041 3634 2096 quam

319 2114 619 2194 προφήτου
665 2120 876 2192 φωνήν·
927 2136 946 2171 ι
1005 2118 1418 2190 Λελατρεύκασι
1466 2117 1563 2187 μὲν
1606 2118 1672 2187 τῇ
1721 2114 1933 2178 κτίσει,

321 2213 482 2286 παρὰ
505 2214 597 2266 τὸν
625 2211 912 2266 κτίσαντα.
940 2229 960 2263 ι
1005 2209 1472 2279 Κατωλισθήκασι
1510 2207 1566 2260 δὲ
1595 2207 1689 2260 καὶ
1715 2207 1795 2268 είς
1827 2207 1936 2259 πᾶν

319 2305 466 2370 εἶδος
493 2303 843 2375 ἀκαθαρσίας
862 2342 877 2367 ,
913 2302 1199 2374 μονονουχὶ
1225 2300 1283 2354 δὲ
1306 2299 1580 2354 τεθνεῶτα
1616 2299 1805 2354 λοιπὸν
1839 2297 1935 2352 καὶ

319 2397 726 2468 ἀτεῷυγμένον
757 2395 1028 2466 ἐσχήκασι
1074 2391 1223 2447 νοῦν.
1271 2391 1643 2463 Ἀκαθαρσίας
1687 2391 1796 2460 γὰρ
1841 2391 1934 2444 καὶ

322 2490 665 2561 νεκρότητος
693 2489 919 2559 σημεῖον
954 2487 988 2558 ἡ
1011 2485 1210 2557 λέπρα.
1241 2482 1739 2556 Μεμυσταγώγηκε
1763 2483 1825 2538 δέ
1849 2481 1936 2536 διὰ

321 2583 427 2637 τοῦ
459 2582 765 2651 θαύματος,
795 2578 873 2644 ὡς
913 2581 961 2632 εί
1003 2577 1361 2649 παραδέξοιτο
1404 2576 1537 2639 Θεὸς
1577 2576 1796 2639 αὐτοὺς,
1836 2591 1934 2642 μο-

322 2674 554 2744 νονουχὶ
573 2673 632 2726 δὲ
654 2673 749 2726 καὶ
771 2669 1174 2739 ἐγκολπὼσοιτο
1197 2669 1378 2733 πάλιν,
1403 2668 1464 2722 οὐ
1493 2667 1938 2738 δυσαπότρεπτον

323 2767 521 2833 ἕξουσι
560 2765 660 2836 τὴν
702 2763 1071 2836 ἀκαθαρσίαν,
1115 2761 1532 2832 διακρούσονται
1565 2758 1622 2812 δὲ
1661 2758 1756 2812 καὶ
1793 2757 1940 2828 μάλα

325 2859 540 2932 ῥᾳδίως
559 2857 651 2911 τὸν
691 2859 755 2910 ἐκ
791 2856 889 2926 τῆς
920 2854 1116 2924 νοητῆς
1140 2851 1472 2923 νεκρότητος
1506 2848 1804 2920 μολυσμόν.
1831 2847 1943 2900 Καὶ

322 2950 540 3006 οὑτωσὶ
567 2949 668 3020 μὲν
704 2951 834 3019 ἡμῖν
857 2949 884 3000 6
918 2946 974 3000 ἐν
1005 2962 1067 3015 γε
1089 2944 1264 3014 τούτῳ
1288 2942 1466 3012 λόγος.
1488 2941 1611 2994 ’Ότι
1635 2940 1692 2993 δὲ
1715 2939 1776 2993 τὸ
1802 2940 1940 3010 Χριο

327 3042 463 3096 ατοῦ
482 3041 785 3112 μυστήριον
805 3038 1235 3110 ἐσκιαγραφεῖτο
1257 3035 1418 3090 πάλιν
1435 3034 1509 3098 ὡς
1529 3036 1586 3087 ἐν
1610 3035 1677 3105 τῇ
1699 3031 1942 3095 Μωσέως

2035 2121 2287 2177 Creatori
2309 2122 2375 2174 ‘°.
2419 2139 2438 2172 ι
2478 2119 2730 2190 Prolapsi
2755 2134 2892 2175 vero
2933 2128 3066 2174 sunt
3103 2120 3158 2174 in
3193 2135 3358 2176 omne
3390 2121 3634 2191 turpitu-

2036 2215 2185 2269 dinis
2213 2229 2406 2285 genus,
2439 2220 2825 2283 mortuamque
2851 2212 3009 2283 quasi
3045 2221 3102 2267 et
3138 2213 3451 2267 exanimem
3489 2213 3636 2268 nacti

2038 2313 2169 2359 sunt
2206 2311 2448 2359 mentem
2511 2303 2689 2373 Lepra
2733 2303 2881 2357 enim
2925 2303 3298 2358 immunditiei
3341 2317 3405 2357 ac
3443 2304 3640 2359 mortis

2040 2398 2207 2452 index
2232 2406 2334 2452 est.
2368 2397 2484 2452 Hoc
2508 2404 2594 2451 est
2618 2411 2753 2450 vero
2779 2396 3048 2451 miraculo
3079 2411 3176 2451 eos
3203 2395 3514 2459 erudiebat,
3546 2411 3637 2461 ne,

2039 2498 2401 2562 posteaquam
2440 2489 2587 2543 Deus
2624 2488 2749 2542 illos
2788 2486 2856 2541 ad
2897 2501 2956 2542 se
2990 2486 3355 2550 revocaverit,
3389 2500 3453 2540 ac
3481 2483 3639 2555 quasi

2040 2582 2096 2636 in
2149 2582 2333 2637 sinum
2384 2596 2546 2636 suum
2573 2579 2758 2636 denuo
2789 2579 3138 2644 condiderit,
3174 2577 3473 2633 difﬁculter
3510 2592 3568 2632 se
3608 2592 3638 2632 a

2037 2671 2297 2728 sordibus
2311 2681 2367 2725 et
2378 2667 2795 2740 impuritatibus
2810 2667 2927 2722 suis
2942 2675 3276 2730 averterent,
3297 2665 3391 2721 sed
3411 2665 3568 2720 facile
3579 2673 3637 2720 et

2035 2765 2193 2836 quasi
2211 2764 2362 2818 nullo
2373 2763 2595 2834 negotio
2607 2761 2939 2832 impedirent
2953 2759 3148 2814 mortis
3166 2758 3637 2829 spiritualisfoedi-

2041 2867 2230 2914 tatem.
2262 2857 2340 2912 Ac
2369 2856 2437 2911 de
2469 2855 2558 2908 his
2587 2854 2813 2924 quidem
2844 2855 3116 2909 hactenus
3147 2853 3261 2908 sint
3291 2851 3458 2907 dicta.
3488 2850 3633 2918 Quo-

2043 2951 2208 3007 modo
2248 2965 2382 3004 vero
2433 2947 2798 3003 adumbretur
2847 2946 3032 3001 adhuc
3067 2944 3273 3001 Christi
3315 2942 3638 3014 mysterium

2042 3043 2101 3098 in
2136 3041 2302 3097 Mosis
2344 3055 2512 3095 manu
2546 3040 2700 3110 lepra
2731 3037 2957 3103 infecta,
2987 3054 3052 3094 ac
3089 3054 3217 3093 mox
3247 3055 3378 3093 sana
3417 3045 3473 3092 et
3502 3051 3642 3108 pura

323 3131 477 3202 χειρὶ
527 3128 923 3202 λελεπρωμένῃ
971 3145 1032 3183 τε
1080 3129 1174 3182 καὶ
1229 3123 1657 3197 κεκαθαρμένη,
1712 3123 1937 3176 διειπεῖν

2045 3133 2281 3198 reddita,
2316 3132 2502 3187 dicere
2544 3131 2852 3202 aggrediar.
2897 3130 3042 3197 Quia
3087 3146 3219 3202 ergo
3260 3149 3277 3181 ‹
3314 3145 3412 3200 per
3442 3128 3640 3184 Filium

326 3222 696 3291 πειράσομαι.
739 3221 972 3286 Οὐκοῦν,
1002 3222 1084 3275 ὅτι
1123 3239 1142 3271 ι
1186 3219 1374 3273 Πάντα
1421 3216 1615 3285 γέγονε
1665 3215 1732 3269 δι’
1781 3214 1935 3280 Υίοῦ,

324 3313 431 3368 καὶ
495 3313 669 3384 χωρὶς
729 3310 896 3365 αὑτοῦ
970 3311 1188 3380 ἐγένετο
1257 3309 1380 3363 οὐδὲ
1439 3308 1518 3369 ἓν,
1588 3328 1605 3359 ι
1662 3311 1690 3362 6
1741 3307 1933 3362 θεσπέ-

325 3423 446 3469 σιος
492 3406 626 3473 ἡμῖν
671 3402 1065 3476 εὐαγγελιστὴς
1123 3402 1378 3473 Ἰωάννης
1423 3397 1482 3455 εὖ
1539 3401 1684 3473 μάλα
1705 3400 1938 3473 διαμαρ-

321 3497 582 3569 τύρεται.
638 3497 862 3567 Ἐπειδὴ
906 3496 965 3550 δὲ
994 3493 1131 3566 πρὸς
1161 3495 1269 3548 πᾶν
1309 3493 1488 3548 ὁτιοῦν
1517 3493 1736 3565 ἐνεργὸς
1763 3496 1792 3547 6
1826 3494 1940 3547 Πα-

325 3592 439 3662 τὴρ
476 3590 546 3643 δι’
591 3587 784 3653 αὐτοῦ,
829 3587 1088 3660 ταύτῃτοι
1134 3587 1231 3641 καὶ
1273 3586 1699 3658 ήθεὸπνευστος
1744 3587 1936 3658 Γραφὴ

326 3679 493 3751 χεῖρά
536 3696 596 3732 τε
628 3680 781 3750 ήμίν,
809 3677 1090 3750 βραχίονα
1119 3693 1179 3730 τε
1211 3677 1309 3730 καὶ
1334 3675 1514 3743 δεξιὰν
1543 3676 1802 3748 ὀνομάζει
1839 3675 1936 3731 τοῦ

326 3773 550 3846 Πατρὸς
589 3773 683 3827 τὸν
717 3771 866 3825 Υίόν.
919 3771 1034 3826 Καὶ
1091 3769 1223 3840 γοῦν
1271 3771 1299 3822 ὁ
1334 3770 1622 3834 θεσπέσιος
1676 3771 1936 3835 Ἡσαΐας,

331 3891 349 3920 ι
389 3869 595 3939 Κύριε,
647 3866 803 3938 φησὶ,
837 3865 922 3930 τίς
964 3865 1257 3917 ἐπίστευσε
1294 3866 1356 3936 τῇ
1386 3863 1524 3936 ἀκοῇ
1563 3863 1752 3934 ήμῶν;
1788 3865 1882 3920 καὶ
1911 3868 1938 3919 6

328 3960 583 4032 βραχίων
605 3957 814 4030 Κυρίου
840 3957 948 4010 τίνι
970 3955 1363 4026 ἀπεκαλύφθης
1395 3977 1411 4009 ι
1444 3958 1805 4028 Μεμενήκασι
1829 3957 1938 4030 γὰρ

328 4052 568 4122 σκληροὶ
597 4051 696 4104 καὶ⁵
737 4051 964 4122 ἐξήνιοι,
1013 4050 1109 4104 καὶ
1139 4049 1274 4102 πολὺ
1308 4049 1594 4114 νοσοῦντες
1624 4050 1686 4104 τὸ
1714 4051 1940 4116 ἀπειθὲς

325 4146 377 4198 ei
411 4144 648 4207 τάλανες
692 4144 959 4198 Ἰουδαῖοι.
1013 4143 1123 4198 Καὶ
1172 4143 1250 4214 τῷ
1297 4143 1398 4214 μὲν
1427 4143 1573 4215 λόγῳ
1609 4145 1812 4216 Κυρίου
1845 4147 1941 4199 καὶ

329 4235 544 4298 αὐτοὺς
584 4233 688 4305 ἔφη
732 4234 862 4297 τοὺς
915 4233 1180 4304 οὐρανοὺς
1207 4233 1578 4304 ἐστερεῶσθαι
1619 4234 1798 4289 Δαϐίδ·
1850 4235 1941 4291 διά

327 4323 506 4401 [δέ]γε
532 4325 720 4397 φωνῆς
739 4324 1040 4396 προφητῶν
1056 4327 1084 4378 6
1100 4324 1232 4388 Θεὸς
1244 4326 1337 4379 καὶ
1355 4325 1548 4397 Πατὴρ
1567 4325 1940 4398 διισχυρίσατο

326 4423 532 4490 λέγων·
567 4439 586 4470 (
633 4419 773 4488 Ἐγὼ
888 4419 1032 4490 χειρί
1057 4437 1161 4490 μου
1183 4419 1494 4490 ἐστερέωσα
1516 4419 1606 4472 τὸν
1627 4420 1876 4492 οὐρανόν.
1914 4439 1933 4471 ι

2048 3227 2187 3282 facta
2227 3232 2355 3282 sunt
2393 3224 2550 3296 301
2581 3225 2789 3290 omnia,
2815 3233 2870 3280 et
2899 3225 3018 3280 sine
3053 3224 3174 3295 ipso
3212 3223 3416 3279 factum
3447 3233 3529 3279 est
3554 3223 3640 3277 ni-

2048 3319 2126 3373 hil
2157 3320 2221 3382 “,
2259 3337 2276 3369 ι
2319 3317 2526 3387 optime
2557 3332 2713 3372 sacer
2745 3317 3082 3388 evangelista
3111 3317 3352 3372 Joannes
3381 3323 3641 3371 testatum

2048 3411 2294 3482 reliquit.
2323 3409 2463 3477 Quia
2493 3425 2625 3464 vero
2671 3410 2836 3464 Pater
2865 3410 3050 3465 omnia
3090 3412 3148 3464 in
3180 3409 3319 3464 Filio
3355 3417 3640 3478 cperatur,

2047 3512 2339 3576 propterea
2370 3518 2527 3558 sacra
2560 3501 2846 3572 Scriptura
2877 3516 3098 3572 quoque
3125 3500 3290 3556 nobis
3316 3499 3516 3555 Filium
3543 3501 3645 3555 Pa-

2047 3598 2150 3653 tris
2182 3597 2432 3652 nominat
2472 3608 2719 3658 manum,
2756 3593 3047 3648 brachium
3095 3602 3152 3649 et
3201 3593 3504 3648 dexteram.
3553 3591 3645 3648 Sic

2045 3688 2195 3744 cnim
2230 3685 2452 3740 divinus
2484 3683 2653 3738 Isaias
2685 3699 2698 3736 :
2739 3701 2756 3732 ι
2785 3682 3040 3747 Domine,
3071 3681 3196 3751 quis
3223 3679 3462 3735 credidit
3491 3678 3646 3734 audi-

2049 3780 2131 3835 tui
2182 3777 2410 3834 nostro?
2465 3776 2534 3831 Et
2588 3775 2879 3830 brachium
2933 3772 3154 3828 Domini
3204 3772 3294 3828 cui
3340 3771 3644 3827 revelatum

2046 3872 2233 3929 est“?
2270 3891 2289 3925 ›
2329 3869 2464 3926 Duri
2501 3868 2650 3926 enim
2682 3875 2739 3922 et
2769 3866 3010 3922 efl‘renes
3046 3864 3423 3936 perdurarunt
3456 3863 3646 3922 miseri

2045 3963 2242 4028 Judaei,
2279 3960 2668 4017 incredulitate
2706 3957 2940 4012 nimium
2985 3956 3322 4011 laborantes.
3365 3954 3434 4011 Et
3463 3954 3648 4011 Verbo

2047 4054 2266 4112 Domini
2311 4052 2484 4109 ccelos
2525 4065 2648 4106 esse
2696 4048 2946 4104 firmatos
2977 4047 3150 4102 David
3191 4053 3444 4110 testatur,
3479 4044 3647 4116 idque

2046 4148 2444 4219 prophetarum
2489 4141 2731 4200 oraculis
2777 4141 2924 4196 Deus
2969 4141 3136 4196 Pater
3180 4139 3257 4194 ita
3301 4137 3644 4210 confirmat:

2056 4261 2074 4295 ι
2111 4241 2305 4297 Manus
2330 4255 2452 4296 mea
2478 4235 2733 4292 fundavit
2754 4233 2957 4290 coelum
2983 4233 3048 4286 ³³.
3088 4253 3106 4284 ι
3135 4231 3484 4302 Compellans
3511 4244 3648 4286 vero

2047 4334 2186 4391 alios
2213 4332 2382 4397 idem,
2412 4330 2491 4386 ait
2519 4348 2532 4383 :
2573 4347 2592 4380 ε
2623 4328 2740 4400 Ego
2767 4327 2914 4382 Deus
2949 4331 3078 4380 tuus
3105 4325 3200 4396 qui
3226 4323 3532 4380 confortavi
3568 4331 3643 4386 te,

2047 4435 2106 4482 et
2141 4422 2441 4481 auxiliatus
2484 4435 2608 4477 sum
2647 4419 2772 4485 tibi,
2803 4425 2860 4473 et
2893 4416 3112 4487 protexi
3147 4423 3201 4471 te
3241 4414 3468 4480 dextera
3498 4415 3644 4484 justa

329 4508 787 4583 Προςπεφώνηκε
813 4509 900 4562 ’δὲ
937 4510 1031 4563 καὶ
1077 4508 1287 4580 ἑτέροις
1309 4524 1320 4538 ·
1361 4528 1380 4560 ι
1429 4508 1572 4578 Ἐγὼ
1603 4508 1713 4580 γὰρ
1748 4512 1776 4564 6
1807 4509 1937 4575 Θεός

2045 4535 2168 4575 mea
2200 4517 2265 4571 “.
2302 4536 2321 4570 ι
2365 4513 2671 4573 Consucvit
2714 4525 2851 4567 vero
2897 4508 3086 4566 divina
3119 4507 3407 4579 Scriptura
3445 4506 3646 4563 Filium

329 4622 428 4657 σου
467 4601 527 4666 ὃς
575 4602 837 4673 ἐνίσχυσά
878 4618 962 4666 σε,
994 4602 1089 4657 καὶ
1116 4601 1396 4674 ἐϐοήθησὰ
1437 4619 1543 4669 σοι,
1589 4604 1684 4657 καὶ
1711 4603 1947 4674 ἠσφαλι-

329 4700 522 4769 σάμην
575 4714 637 4752 σε
678 4699 746 4769 τῇ
788 4695 944 4767 δεξιᾷ
992 4698 1060 4768 τῇ
1099 4695 1287 4766 δικαίᾳ
1328 4712 1453 4764 μου.
1488 4713 1508 4748 ι
1543 4696 1716 4767 Χεῖρα
1742 4696 1807 4768 δὴ
1850 4692 1944 4753 οὗν

327 4791 459 4856 ἔθος
487 4793 556 4862 τῇ
592 4787 942 4859 θεοπνεύστῳ
965 4788 1155 4859 Γραφῇ
1186 4787 1276 4841 τὸν
1302 4787 1432 4842 Υίδν
1459 4788 1778 4844 ἀποκαλεῖν.
1804 4790 1948 4862 Ὅρα

327 4883 518 4938 τοίνυν
540 4884 643 4952 τὴν
665 4881 915 4945 Μωσέως
944 4882 1106 4952 χεῖρα
1134 4879 1525 4952 κρυπτομένην
1566 4881 1622 4932 ὲν
1651 4879 1730 4951 τῷ
1757 4881 1947 4952 κόλπῳ

326 4976 526 5042 αὑτοῦ,
552 4970 674 5029 εἶτα
696 4973 834 5048 πρὸς
863 4974 924 5028 τὸ
945 4972 1053 5038 ἔξω
1083 4971 1416 5044 φερομένην,
1440 4972 1534 5026 καί
1563 4973 1852 5046 ὁρωμένην
1883 4973 1942 5028 ἐν

323 5069 516 5141 λέπρᾳ
537 5082 553 5098 ⁸
587 5067 681 5121 καὶ
712 5065 876 5120 πάλιν
908 5065 1310 5137 εἰσφερομένην
1336 5065 1394 5119 ἐν
1417 5063 1494 5136 τῷ
1535 5065 1720 5137 κόλπῳ
1749 5065 1942 5132 αὑτοῦ,

325 5163 429 5218 καὶ
456 5158 810 5233 παραχρῆμα
831 5157 924 5213 τοῦ
949 5157 1156 5221 πάθους
1177 5157 1630 5229 ἀπηλλαγμένην.
1669 5158 1941 5214 Ἑννοοῦν.

325 5273 423 5319 τες
476 5253 538 5307 δὲ
586 5251 650 5306 τὸ
691 5252 996 5324 μυστήριον
1054 5248 1150 5304 καὶ
1187 5250 1280 5304 τὸν
1322 5250 1420 5320 τῆς
1473 5249 1943 5324 ἐνανθρωπήσεως

323 5349 563 5421 τρόπον,
603 5345 714 5415 ὅπη
741 5361 798 5399 τε
847 5342 942 5398 καὶ
966 5342 1117 5407 ὅπως
1150 5341 1218 5398 ἂν
1246 5340 1344 5414 ἔχῃ
1374 5341 1668 5413 καταθρεῖν
1710 5342 1943 5398 σπουδά-

324 5442 548 5509 ζοντες,
595 5435 813 5494 τοιοῦτό
848 5453 903 5490 τι
931 5434 1153 5504 γεγονὸς
1195 5434 1523 5506 εὑρήσομεν.
1551 5428 1662 5488 Ἦν
1703 5435 1800 5506 μὲν
1834 5435 1942 5508 γάρ

325 5551 454 5598 πως
485 5534 514 5586 6
544 5531 676 5596 Υἱὸς
715 5532 773 5584 ἐν
799 5527 880 5600 τῷ
923 5527 1113 5598 κόλπῳ
1148 5525 1244 5581 τοῦ
1277 5526 1414 5581 Θεοῦ
1446 5526 1539 5581 καὶ
1580 5527 1814 5598 Πατρος,
1846 5528 1945 5584 καὶ

323 5627 395 5682 δι’
433 5622 604 5680 αὑτοῦ
645 5622 715 5678 τὰ
755 5620 935 5677 πάντα
974 5618 1279 5690 πεποίηκεν
1307 5621 1335 5674 ὁ
1378 5621 1590 5692 Πατήρ·
1632 5620 1802 5686 Αὐτὸ-ἲ
1831 5623 1940 5693 γάρ

2043 4610 2324 4682 appellare
2371 4622 2619 4663 manum.
2669 4602 2908 4660 Attende
2965 4601 3154 4673 itaque
3203 4615 3430 4656 manum
3482 4598 3649 4655 Mosis

2043 4718 2169 4759 mox
2221 4702 2279 4757 in
2329 4701 2456 4756 sinu
2500 4697 2908 4764 absconditam,
2964 4697 3280 4766 iterumque
3319 4692 3646 4764 productam

2041 4797 2198 4868 lepra
2233 4793 2528 4859 infectam;
2564 4807 2692 4848 mox
2730 4806 2953 4847 rursum
2995 4789 3054 4845 in
3083 4789 3268 4846 sinum
3305 4787 3556 4852 relatam,
3585 4801 3649 4840 ac

2043 4887 2334 4946 confestim
2357 4885 2631 4942 redditam
2659 4900 2870 4942 sanam.
2899 4882 3268 4940 Considerare
3290 4895 3425 4935 vero
3446 4891 3646 4950 mystco

2048 4977 2197 5035 rium
2235 4985 2402 5048 atque
2430 4976 2656 5032 modum
2690 4973 3109 5039 incarnationis,
3148 4971 3438 5043 qualisque
3481 4969 3554 5024 sit
3591 4979 3647 5025 et

2049 5071 2290 5142 qualiter
2331 5085 2390 5125 se
2432 5069 2656 5133 habeat,
2687 5067 2932 5138 penitius
2972 5065 3339 5135 introspicere
3379 5064 3422 5118 si
3459 5062 3648 5118 volue-

2050 5163 2247 5230 rimus,
2279 5162 2387 5218 tale
2412 5161 2546 5231 quid
2577 5159 2832 5217 evenisse
2857 5159 3020 5229 plane
3054 5156 3481 5228 comperiemus.
3513 5156 3649 5212 Erat

2049 5252 2325 5325 siquidem
2366 5250 2542 5307 Filius
2588 5250 2645 5304 in
2692 5249 2818 5304 sinu
2862 5248 2960 5304 Dei
3004 5247 3205 5311 Patris,
3240 5263 3451 5318 perque
3492 5247 3648 5302 illum

2051 5346 2235 5404 omnia
2261 5345 2407 5402 facta
2433 5351 2566 5401 sunt
2591 5357 2624 5398 a
2645 5342 2830 5398 Patre.
2853 5340 2978 5413 Ipse
3001 5341 3207 5397 etenim
3238 5341 3529 5397 brachium
3555 5358 3648 5398 ex-

2050 5439 2258 5495 celsum
2295 5444 2402 5505 est,
2431 5443 2490 5492 et
2520 5434 2708 5490 omnia
2749 5432 2978 5491 firmans
3020 5450 3084 5490 ac
3124 5434 3394 5491 roborans
3427 5449 3643 5510 manus,

2049 5541 2106 5591 et
2136 5533 2361 5588 dextera
2400 5527 2767 5586 admirabilis.
2804 5528 3104 5599 Postquam
3131 5543 3268 5585 vero
3301 5527 3470 5583 modo
3503 5541 3643 5596 (100-.

2051 5623 2175 5678 dam
2200 5623 2254 5678 in
2283 5637 2446 5678 suum
2464 5612 2756 5692 ‘profectus
2791 5627 2876 5675 est
2899 5619 3106 5687 locum,
3133 5619 3302 5678 homo
3328 5619 3525 5681 factus,
3561 5617 3644 5680 in.-

399 5833 455 5867 "
482 5832 645 5889 Rom.
684 5847 724 5900 ι,
754 5829 844 5886 ‘25.
924 5830 965 5862 "
990 5829 1150 5888 Joan.
1178 5844 1216 5896 ι,
1258 5828 1310 5882 5.
1391 5832 1432 5862 ¹¹
1479 5829 1582 5898 Isa,
1614 5845 1726 5896 LIII,
1759 5829 1812 5884 Ξ.
1893 5830 1936 5862 ⁸³

2051 5870 2062 5884 .
2091 5845 2275 5899 xum,
2309 5830 2390 5886 15.
2471 5831 2516 5863 ³³
2540 5830 2644 5888 Isa.
2678 5845 2790 5901 xu,
2826 5829 2910 5894 10,
