4060 6450
485 334 592 391 ιιι

1503 325 1566 383 s.
1606 285 1888 382 ειιιιιει
1926 325 2400 386 unaunam:
2436 327 2758 386 meum».

3650 316 3747 374 ‘76

487 450 787 506 ﬁrmitates
809 445 979 505 etiam
1007 454 1226 504 nostras
1262 444 1580 514 assumpsit,
1615 445 1771 514 juxta
1799 418 2082 515 prophetae

2190 446 2330 500 ἑστιν
2368 449 2396 501 ὁ
2431 415 2674 518 ’βραχίων
2699 448 2728 500 ό
2767 443 2991 516 ὑψηλὸς,
3015 443 3050 512 ἡ
3081 440 3258 495 πάντα
3281 437 3541 510 ἰσχύουσα
3561 437 3698 508 χεὶρ,
3719 440 3749 494 ἡ

486 553 680 595 vocem
708 539 775 604 ’³,
800 538 1074 593 obnoxius
1093 534 1304 607 judicio
1325 543 1380 588 et
1409 533 1800 588 immunditiei.
1832 533 2080 589 Humana

485 631 637 685 enim
678 629 860 684 omnis
905 626 1150 682 conditio
1189 624 1256 678 ad
1301 624 1473 678 Deum
1507 631 1822 692 comparata
1865 622 2082 693 impura

485 729 592 783 cst,
617 719 664 774 si
690 733 820 773 vere
846 717 1014 772 Isaias
1033 716 1172 770 dixit
1203 734 1215 768 :
1253 734 1270 765 ι
1297 714 1461 780 Quasi
1485 729 1702 784 pannus
1729 723 2082 773 menstruam:

486 825 682 866 omnes
723 817 926 866 nostra:
951 809 1180 879 justitiae
1211 809 1276 861 “.
1325 827 1343 858 ι
1395 806 1535 874 Quia
1575 807 1742 879 igitur
1778 806 2080 862 humanam

487 903 786 973 assumpsit
816 909 1090 966 naturam,
1121 899 1178 955 in
1211 900 1476 956 fmditatis
1509 900 1878 972 suspicionem
1913 900 2080 956 deve-

487 995 569 1048 nit
594 979 940 1051 castissimus
971 993 1106 1064 ipse,
1141 1002 1200 1048 et
1226 993 1406 1048 lucem
1436 994 1692 1050 habitans
1719 993 2078 1048 inaccessam.

487 1085 640 1139 Adeo
683 1083 958 1154 siquidem
994 1083 1183 1138 infelix
1216 1083 1531 1139 Judzeorum
1581 1082 1862 1137 aberravit
1891 1083 2078 1149 natio;

487 1177 622 1248 quin
653 1186 709 1232 et
737 1176 850 1231 vini
881 1185 1155 1247 potorem,
1186 1183 1243 1232 et
1275 1174 1709 1242 Samaritanum,
1741 1183 1798 1230 et
1820 1191 1888 1230 ex
1922 1175 2082 1230 adul-

489 1271 632 1324 terio
693 1277 921 1335 natum,
976 1278 1091 1324 tum
1137 1271 1306 1326 etiam
1354 1279 1700 1340 peccatorem
1752 1268 2078 1324 nominavit.

487 1360 646 1416 Casco
673 1362 823 1417 enim
859 1378 890 1416 a
913 1361 1200 1418 nativitate
1222 1377 1341 1428 sua,
1369 1377 1398 1415 a
1431 1360 1653 1416 Christo
1683 1370 1893 1426 sanato,
1925 1361 2082 1415 dixe-

489 1459 621 1505 runt
650 1469 663 1504 :
705 1471 723 1502 ι
754 1451 831 1506 Da
853 1451 1084 1523 gloriam
1116 1453 1248 1506 Deo.
1278 1451 1389 1506 Nos
1412 1453 1616 1506 scimus
1641 1453 1772 1522 quia
1799 1452 1892 1508 hic
1916 1453 2084 1506 homo

489 1553 749 1613 peccator
791 1551 877 1598 cst
916 1545 980 1597 ⁸⁷.
1023 1565 1041 1594 ›
1082 1542 1186 1598 Sed
1231 1559 1297 1598 eo
1352 1543 1645 1600 dementiae
1685 1560 1988 1614 nunquam,
2024 1551 2085 1598 ut

490 1635 755 1699 arbitror,
783 1635 1085 1700 venissent,
1129 1643 1189 1690 ut
1228 1636 1354 1690 talia
1389 1635 1658 1702 dicerent,
1694 1646 1752 1693 et
1783 1637 1993 1692 eﬂ'rene
2025 1636 2080 1691 in

490 1741 618 1779 eum
662 1741 724 1780 os
767 1725 1064 1796 aperirent,
1097 1726 1142 1780 si
1176 1725 1274 1781 Dei
1321 1737 1574 1782 naturam
1609 1727 1665 1782 in
1693 1743 1761 1782 eo
1791 1724 2080 1800 cognovis-

2183 539 2618 611 ἀξιοθαύμαστος
2645 539 2813 605 δεξιά.
2861 537 3078 608 Ἐπειδὴ
3098 537 3156 589 δὲ
3185 534 3384 605 τρόπον
3416 530 3539 585 τινὰ
3565 532 3641 593 είς
3668 530 3749 586 τὸν

2183 632 2314 686 ῐδιον
2352 631 2652 702 ἐκϐέϐηκεν
2686 631 2870 695 τόπον,
2903 628 3192 699 γενόμενος
3214 622 3636 695 ἄνθρωπος,’κα“ι
3661 622 3750 686 τὰς

2181 722 2468 786 ἀσθενείας
2487 723 2645 793 ἡμῶν
2661 721 2844 785 ἔλαϐε,
2863 719 3006 774 κατὰ
3021 720 3118 790 τὴν
3137 716 3232 772 τοῦ
3255 716 3536 788 προφήτου
3559 712 3751 783 φωνὴν,

2182 815 2241 867 ὲν
2266 812 2533 882 ὑπολήψει
2565 812 2756 881 γέγονε
2789 811 2884 864 καὶ
2908 807 3240 880 ἀκαθαρσίᾳ.
3288 804 3620 875 Ἀκάθαρτος
3652 803 3752 874 γάρ

2181 909 2214 977 ἡ
2251 905 2541 976 ἀνθρώπου
2587 904 2748 974 φύσις
2781 903 2916 975 πρὸς
2943 902 3098 968 Θεὸν,
3129 901 3184 954 εί
3206 917 3271 968 γε
3302 897 3501 970 ἀληθὲς
3535 897 3566 949 ὅ
3603 911 3755 965 φησιν

2179 1000 2211 1053 ό
2263 1002 2551 1070 προφήτης
2609 998 2872 1060 Ἡσαΐας,
2927 996 3011 1050 ὅτι
3079 1016 3097 1047 ι
3141 995 3302 1048 Πᾶσα
3353 994 3389 1063 ἠ
3450 987 3752 1058 δικαιοσύνη

2181 1090 2364 1161 ἡμῶν,
2415 1089 2490 1154 ὡς
2545 1089 2711 1159 ῥάκος
2763 1086 3211 1159 ἀποκαθημένης.
3258 1103 3278 1137 ι
3323 1082 3554 1147 Οὐκοῦν,
3588 1082 3649 1135 τό
3695 1096 3754 1149 γε

2181 1177 2319 1254 ἧκον
2370 1183 2452 1247 είς
2485 1181 2775 1252 ἀνθρώπου
2828 1181 3012 1250 φύσιν,
3045 1179 3104 1232 tv
3125 1177 3347 1248 δοκήσει
3374 1175 3598 1244 γέγονεν
3627 1174 3755 1226 ἀκα-

2184 1275 2436 1348 θαρσίας,
2488 1277 2518 1328 ό
2560 1273 2838 1342 πάναγνός
2871 1290 2931 1326 τε
2966 1272 3062 1326 καὶ
3109 1271 3228 1340 φῶς
3255 1268 3553 1340 ἀπρόσιτον
3581 1266 3755 1321 οίκῶν.

2185 1367 2562 1438 Πεπλάνηνται
2615 1365 2724 1438 γὰρ
2775 1363 2922 1419 οὕτω
2969 1364 3064 1418 καὶ
3117 1365 3167 1418 oi
3221 1362 3454 1426 τάλανες
3496 1360 3753 1414 Ἰουδαῖοι·

2183 1461 2463 1534 τοιγάρτοι
2511 1459 2605 1514 καὶ
2640 1461 2872 1529 μέθυσον
2918 1458 3015 1514 καὶ
3062 1453 3418 1527 Σαμαρείτην
3466 1451 3754 1523 ὠνόμαζον,

2184 1557 2282 1608 καὶ
2319 1555 2384 1607 ὲκ
2421 1552 2678 1624 πορνείας
2707 1551 3095 1622 γεγενημένον,
3141 1549 3238 1602 καὶ
3278 1546 3419 1618 πρὸς
3450 1543 3656 1607 τούτοις
3686 1545 3757 1598 ἔτι

2186 1646 2281 1700 καὶ
2329 1641 2678 1715 ἁμαρτωλὸν.
2729 1642 3010 1710 Ἔφασκον
3042 1639 3151 1711 γάρ
3185 1655 3288 1692 που
3321 1636 3403 1708 τῷ
3453 1637 3519 1689 ὲκ
3550 1634 3758 1704 γενετῆς

2187 1733 2373 1804 τυφλῷ
2397 1731 2881 1804 τεθεραπευμένῳ·
2919 1750 2938 1782 ι
2971 1731 3070 1794 Δδς
3102 1729 3260 1794 δόξαν
3283 1727 3363 1798 τῷ
3401 1726 3540 1797 Θεῷ.
3584 1726 3759 1795 Ἡμεῖς

491 1828 632 1874 sent.
681 1819 842 1890 302
898 1819 1006 1876 Sed
1051 1836 1178 1876 cum
1229 1821 1340 1886 ille,
1382 1821 1475 1891 qui
1523 1829 1784 1891 tanquam
1833 1823 2084 1893 impurus

2190 1825 2412 1894 οἴδαμεν
2453 1825 2537 1878 ὅτι
2591 1818 2746 1887 οὗτος
2789 1825 2819 1878 ό
2864 1822 3150 1894 ἄνθρωπος
3177 1819 3508 1892 ἁμαρτωλός
3536 1818 3694 1871 ἐστιν.
3735 1835 3751 1867 ι

492 1912 659 1966 homo
706 1911 764 1966 in
805 1912 956 1968 hunc
1004 1912 1270 1968 mundum
1323 1922 1486 1968 natus
1524 1923 1662 1980 erat,
1697 1914 1811 1969 imo
1851 1914 2084 1984 ipsemet

494 2003 748 2074 impurus
784 2013 842 2059 et
873 2005 1173 2061 sceleratus
1200 2006 1637 2073 existimabatur,
1669 2010 1796 2064 vita
1825 2023 1940 2064 suae
1967 2009 2082 2064 dis-

493 2098 875 2168 pensationem
921 2097 1320 2168 perfectissime
1365 2099 1709 2164 absolvisset,
1752 2100 2085 2170 tandemque

493 2191 562 2245 ad
595 2191 815 2246 Patrem
853 2191 1216 2261 pervenisset,
1250 2191 1418 2261 inque
1448 2192 1627 2246 sinum
1657 2193 1778 2263 ejus
1808 2192 2082 2257 rediisset,

496 2292 648 2346 tunc,
676 2281 925 2352 inquam,
952 2283 1162 2353 expulit
1207 2297 1330 2337 eam
1379 2283 1732 2352 opinionem,
1782 2299 1891 2353 qua
1939 2283 2087 2338 velut

494 2372 662 2428 homo
708 2373 932 2444 iniquus
979 2384 1033 2430 et
1084 2376 1339 2446 impurus
1389 2384 1552 2431 natus
1599 2390 1722 2430 esse
1772 2376 2083 2430 videbatur.

496 2463 810 2521 Honoratur
844 2481 977 2520 vero
1008 2475 1069 2521 ut
1094 2469 1261 2531 Deus,
1294 2468 1552 2523 laudatur
1584 2484 1617 2522 a
1644 2468 1858 2522 cunctis
1886 2477 1946 2522 ut
1977 2469 2085 2522 Do-

495 2556 700 2620 minus,
736 2565 796 2610 ut
827 2555 1062 2613 Sanetus
1094 2567 1439 2623 sanctorum,
1472 2567 1533 2613 ut
1567 2557 1662 2628 qui
1693 2558 1915 2613 condita
1960 2559 2087 2613 illu-

496 2655 698 2712 strans,
735 2647 1022 2702 hominum
1067 2649 1378 2719 spiritibus,
1415 2659 1581 2720 atque
1621 2650 1689 2706 iis
1721 2651 1816 2720 qui
1851 2651 1908 2705 in
1944 2659 2090 2707 terra

495 2743 626 2790 sunt
651 2734 965 2792 facultatem
1003 2738 1213 2808 praebet
1257 2739 1555 2809 superandi
1600 2749 1657 2794 et
1695 2739 2088 2810 pessumdandi

495 2843 622 2882 eum
651 2831 746 2899 qui
777 2830 956 2884 omnis
981 2840 1066 2886 est
1091 2839 1284 2886 auctor
1315 2832 1736 2902 inquinamenti.
1765 2832 1921 2899 Quod
1956 2847 2089 2887 vero

496 2935 594 2992 per
639 2920 1107 2993 dispensationem
1163 2926 1470 2995 susceperit
1522 2941 1645 2996 quae
1691 2925 1762 2980 ad
1809 2925 2088 2981 hominem

496 3013 796 3083 pertinent,
833 3014 1121 3085 factusque
1143 3016 1247 3071 sub
1271 3018 1390 3089 lege
1415 3017 1562 3074 inter
1587 3019 1788 3088 impios
1820 3019 1891 3074 sit
1923 3033 2088 3088 repu-

2199 1916 2339 1970 Ἀ>.λ“
2395 1917 2497 1970 οὐκ
2547 1915 2633 1979 ἂν,
2674 1911 2852 1986 οἶμαι,
2903 1914 3117 1985 μωρίας
3159 1915 3240 1977 είς
3277 1911 3441 1966 τοῦτο
3470 1907 3757 1980 κατιξιχοντό

2187 2024 2343 2070 ποτε,
2372 2006 2449 2070 ὡς
2478 2006 2637 2078 εἴπερ
2664 2007 2794 2060 ὄντα
2819 2006 2953 2060 Θεὸν
2979 2007 3122 2060 κατὰ
3155 2005 3320 2074 φύσιν
3349 2005 3570 2076 ᾔδεσαν,
3607 2003 3757 2070 φάναι

2186 2098 2247 2152 τὸ
2266 2096 2526 2162 τοιοῦτον,
2560 2098 2656 2151 καὶ
2683 2097 2968 2151 ἀπύλωτον
2997 2099 3084 2150 ἐπ’
3112 2095 3260 2167 αὐτῷ
3285 2094 3551 2160 δωνοίξαι
3582 2093 3762 2172 στόμαζ

2201 2189 2341 2243 Ἀλλ’
2393 2190 2423 2242 ό
2476 2191 2534 2242 ὲν
2579 2189 2801 2259 δοκήσει
2864 2187 3106 2256 γεγονὼς
3163 2185 3510 2257 ἀκαθαρσίας
3557 2184 3631 2246 ὡς
3675 2182 3757 2236 ἇν-

2189 2283 2427 2356 θρωπος,
2463 2283 2552 2335 ὅτε
2600 2282 2698 2352 τὴν
2736 2281 2859 2336 καθ’
2904 2282 3052 2351 ἡμᾶς
3095 2279 3528 2349 εὐτεχνεστάτην
3574 2277 3757 2328 οἰκονο-

2193 2378 2322 2449 μίαν
2353 2377 2576 2444 διάγων,
2609 2379 2688 2439 είς
2715 2377 2889 2447 πέρας
2917 2373 3084 2443 ἀνέϐη
3114 2372 3250 2444 πρὸς
3281 2370 3378 2424 τὸν
3407 2369 3640 2440 Πατέρα,
3673 2367 3756 2420 καὶ

2189 2471 2248 2522 ὲν
2279 2468 2500 2530 κόλποις
2545 2468 2769 2536 γέγονεν
2818 2465 3013 2520 αὐτοῦ’
3045 2464 3166 2518 τότε
3188 2464 3282 2535 δὴ,
3321 2462 3450 2516 τότε
3485 2461 3577 2515 καὶ.
3603 2459 3756 2529 αὐτὴν

2190 2565 2573 2636 ἀπεκρούσατο
2599 2563 2699 2630 τὴν
2727 2561 2949 2632 δόκησιν
2983 2559 3075 2612 τοῦ
3109 2555 3443 2626 γεγενῆσθαι
3477 2554 3590 2624 μεθ’
3617 2550 3755 2624 ἡμῶν

2191 2658 2249 2709 ὲν
2301 2654 2587 2725 νεκρότητι
2639 2652 2734 2705 καὶ
2785 2648 3118 2725 ἀκαθαρσίᾳ.
3177 2646 3552 2714 Δοξολογεῖται
3593 2642 3644 2694 δὲ
3689 2639 3756 2704 ὡς

2189 2746 2344 2810 Θεὸς,
2401 2720 2764 2812 δοξολογεῖται
2812 2720 3236 2812 παράῖπάντων
3283 2737 3367 2802 ὡς
3420 2737 3644 2807 Κύριος,
3689 2729 3755 2794 ὥς

2191 2839 2362 2907 ἁγίων
2410 2839 2621 2908 Ἄγιος,
2667 2835 2742 2899 ὡς
2792 2830 3273 2904 καταλαμπρύνων
3302 2831 3411 2902 τὴν
3449 2827 3641 2896 κτίσιν,
3675 2823 3758 2878 καὶ

2189 2933 2303 2993 τοῖς
2329 2929 2440 2982 τῶν
2479 2927 2782 2998 ἀνθρώπων
2829 2923 3128 2994 πνεύμασι,
3164 2925 3258 2976 καὶ
3302 2921 3409 2991 μέν
3439 2938 3519 2974 τοι
3547 2921 3651 2980 τοῖς
3675 2914 3756 2968 ἐπὶ

2191 3024 2295 3093 γῆς
2339 3021 2591 3094 χορηγῶν
2633 3019 2795 3084 αὐτὸς
2833 3019 2896 3072 τὸ
2941 3018 3141 3081 παντὸς
3185 3015 3448 3068 δύνασθαι
3495 3009 3756 3067 καταθλείν

497 3112 647 3160 tatus
674 3107 743 3171 ’⁸,
780 3115 1183 3179 revocatusqt'm
1229 3109 1414 3165 denuo
1453 3118 1510 3164 et
1560 3110 1805 3165 insertus
1845 3109 2086 3180 pristina:

2193 3114 2287 3168 τοῦ
2321 3112 2694 3168 κατασπιλοῦν
2729 3110 3024 3182 ἰσχύοντος.
3075 3110 3198 3162 Ὅτι
3245 3107 3305 3160 δὲ
3337 3105 3649 3172 κατεδέξατο
3671 3098 3756 3172 μὲν

497 3197 752 3268 dignitati
778 3215 842 3254 ac
864 3199 1072 3270 gloriae,
1100 3201 1318 3270 plenam
1345 3202 1476 3257 facit
1498 3203 1615 3272 ipse
1644 3201 1832 3265 fidem,
1869 3201 2089 3272 quando

497 3288 579 3343 sic
603 3289 672 3342 ad
699 3290 914 3344 Patrem
943 3292 1224 3347 caelestem
1259 3293 1427 3348 verba
1467 3293 1599 3349 facit
1641 3312 1652 3345 :
1696 3311 1715 3346 ι
1761 3293 1944 3359 Pater,
1977 3293 2091 3348 cla-

499 3381 653 3437 riﬁca
690 3399 777 3438 me
815 3383 960 3453 apud
1003 3386 1358 3456 temetipsum
1398 3388 1648 3443 claritate
1695 3403 1860 3458 quam
1898 3388 2090 3454 habui,

499 3474 819 3545 priusquam
843 3475 1086 3531 mundus
1110 3486 1276 3543 esset,
1300 3479 1445 3548 apud
1474 3488 1527 3534 te
1546 3482 1611 3533 ”.
1651 3500 1668 3532 ι
1707 3478 1944 3534 Videsne
1963 3495 2092 3536 eum

501 3578 628 3620 cum
655 3565 722 3619 iis
749 3581 872 3635 quae
904 3567 1293 3636 assumpsisset
1323 3569 1648 3640 demigrare,
1684 3586 1788 3625 nec
1815 3571 1934 3626 sine
1963 3585 2097 3626 con-

501 3657 628 3712 silio
671 3657 1117 3714 incarnationem
1153 3661 1499 3732 suscepisse?
1538 3664 1872 3734 Properabat
1906 3673 2094 3721 autem

501 3748 569 3803 ad
629 3749 937 3805 divinitatis
993 3750 1227 3822 insigne,
1268 3762 1325 3809 et
1381 3754 1449 3809 ad
1504 3755 1688 3810 omnia
1741 3765 2094 3826 superantem

501 3841 732 3911 gloriam
773 3842 1279 3916 dignationemque.
1334 3847 1475 3903 Hinc
1517 3849 1684 3903 etiam
1723 3849 1918 3904 beatus
1951 3851 2095 3904 Pau-

502 3935 590 3988 lus
619 3952 631 3988 :
683 3954 701 3986 ι
735 3935 871 4002 Etsi,
910 3936 1112 4007 inquit,
1151 3939 1510 4011 cognovimus
1540 3941 1843 3996 secundum
1874 3956 2097 3997 carnem

501 4025 910 4093 Christum,sed
935 4031 1050 4101 jam
1085 4033 1410 4089 novimus”.
1445 4053 1464 4085 ι
1494 4034 1540 4089 Α
1570 4035 1804 4090 mortuis
1830 4035 1977 4091 enim
2005 4050 2097 4091 re-

2195 3205 2552 3277 οἰκονομικῶς
2593 3205 2661 3258 δι’
2695 3205 2843 3276 ἡμᾶς
2875 3205 2904 3256 ό
2944 3202 3071 3266 Υἱὸς
3097 3200 3164 3255 τὰ
3197 3199 3534 3271 ἀνθρώπινα,
3567 3195 3656 3249 καὶ
3678 3191 3760 3260 γίι

2194 3317 2318 3370 γονε
2356 3299 2455 3370 μὲν
2486 3298 2590 3352 ὑπὸ
2622 3298 2806 3368 νόμον,
2843 3293 3204 3364 κατελογίσθη
3230 3293 3288 3346 δὲ
3320 3292 3415 3345 καὶ
3441 3293 3498 3343 ὲν
3527 3288 3632 3350 τοῖς
3653 3282 3758 3338 ἀνό-

2198 3411 2342 3465 μοις,
2377 3391 2784 3460 ἀναπεφοίτηκε
2815 3389 2871 3442 δὲ
2900 3389 3060 3442 πάλιν
3090 3388 3170 3449 είς
3198 3385 3298 3455 τὴν
3333 3380 3569 3453 ἔμφυτόν
3592 3395 3647 3430 τε
3675 3373 3758 3428 καὶ

2195 3487 2254 3541 tv
2279 3485 2474 3557 ἀρχαῖς
2511 3481 2738 3537 ἐνοῦσαν
2772 3481 2919 3552 αὐτῷ
2961 3480 3129 3551 τιμήν
3154 3494 3214 3531 τε
3244 3477 3342 3529 καὶ
3373 3474 3548 3539 δόξαν,
3576 3469 3758 3539 πληρο·

2196 3579 2425 3650 φορήσει
2455 3578 2632 3646 λέγων
2665 3576 2826 3640 αὐτὸς
2862 3573 2998 3644 πρὸς
3040 3573 3132 3626 τὸν
3159 3571 3218 3624 ὲν
3257 3570 3506 3641 οὐρανοῖς
3533 3563 3754 3632 Π-ατέραο

2201 3691 2220 3725 ι
2265 3673 2471 3744 Πάτερ,
2506 3671 2731 3733 δόξασόν
2764 3686 2830 3740 με
2875 3671 2941 3738 τῇ
2983 3665 3131 3737 δόξῃ,
3249 3660 3399 3734 εἶχον
3425 3660 3529 3732 πρὸ
3566 3655 3652 3710 τοῦ
3681 3651 3758 3706 τὸν

2196 3767 2402 3836 κόσμον
2453 3760 2589 3817 εἶναι
2645 3760 2801 3831 παρὰ
2853 3759 2958 3812 σοί.
3000 3778 3018 3808 ι
3075 3757 3239 3827 Ὁρᾷς
3287 3755 3372 3808 ὅτι
3420 3751 3527 3806 τῶν
3580 3744 3758 3818 μεταξὺ

2198 3853 2719 3929 παρεισϐεσηκότων
2781 3849 3148 3919 ἀπαλλακτιᾷ,
3199 3847 3293 3901 καὶ
3339 3845 3440 3898 οὐκ
3490 3839 3759 3929 ἀϐούλητον

2202 3927 2300 4020 μὲν
2332 3947 2628 4016 ἐποιήσατο
2675 3943 2775 4015 τὴν
2819 3941 2956 4013 μετὰ
3002 3937 3202 4009 σαρκὸς
3249 3936 3589 4006 οἰκονομίαν,
3620 3927 3761 3999 ﬁnal-

2198 4058 2326 4111 γετο
2348 4039 2407 4094 δὲ
2439 4039 2576 4111 πρὸς
2619 4036 2682 4092 τὸ
2716 4035 2816 4106 τῆς
2844 4035 3101 4103 θεότητος
3132 4031 3354 4094 studet:
3383 4031 3475 4082 καὶ
3514 4027 3575 4080 ιιδ
3605 4023 3760 4077 πάντα

502 4118 662 4185 vixit,
705 4121 982 4193 rediitque
1015 4124 1084 4179 ad
1118 4126 1338 4181 Patrem
1367 4142 1535 4182 carne
1569 4127 1816 4184 indutus.
1843 4127 1951 4184 Sed
1985 4143 2098 4184 non

502 4213 741 4282 amplius
787 4216 1092 4272 secundum
1141 4232 1364 4274 carnem
1415 4221 1820 4291 cognoscimus,
1855 4221 1962 4277 hoc
1989 4229 2097 4288 est,

502 4304 687 4360 carnis
705 4306 1015 4378 subjectum
1031 4309 1441 4376 affectionibus,
1461 4311 1831 4381 passionibus,
1851 4312 2086 4383 inquam,

2204 4316 2386 4387 σάρκα
2439 4315 2697 4388 Χριστὸν,
2743 4312 2883 4368 ἀλλὰ
2926 4311 3021 4364 νῦν
3064 4305 3170 4362 οὐκ
3230 4307 3310 4361 ἔτι
3365 4305 3706 4388 γινώσκομεν.
3741 4313 3757 4344 ι

502 4396 611 4451 nisi
642 4400 989 4456 naturalibus
1015 4407 1073 4456 et
1106 4402 1423 4474 inculpatis.
1453 4403 1762 4474 Antequam
1792 4403 1942 4459 enim
1975 4419 2086 4476 pre-

2214 4406 2442 4460 ’Λνεϐίω
2467 4387 2577 4477 γὰρ
2602 4405 2667 4456 ὲκ
2686 4401 2916 4474 νεκρῶν,
2943 4397 3168 4470 ἀνέθορέ
3200 4415 3260 4451 τε
3292 4397 3428 4480 πρὸς
3455 4394 3542 4448 τὸν
3568 4387 3760 4480 Πατέρα

507 4489 703 4545 tiosam
747 4492 961 4548 subiret
1001 4508 1246 4560 crucem,
1272 4495 1533 4550 esuriisse
1577 4495 1776 4563 fertur,
1805 4513 1870 4552 ac
1907 4496 1976 4553 de
2009 4499 2086 4553 via

2207 4497 2344 4570 μετὰ
2370 4476 2592 4569 σαρκός.
2631 4493 2774 4550 Ἀλλ’
2799 4492 3002 4556 οὐκέτι,
3037 4489 3223 4562 φησιν,
3258 4476 3402 4542 κατὰ
3427 4487 3596 4588 σάρκα
3622 4476 3761 4588 aliith

506 4579 713 4636 fessum
760 4583 991 4649 sedisse,
1032 4593 1091 4640 et
1133 4585 1407 4641 tristatum
1441 4587 1759 4654 admodum,
1793 4590 1925 4659 quin
1956 4597 2013 4644 et
2043 4589 2086 4644 in

2203 4569 2565 4662 γινώσκομεν,
2594 4585 2892 4644 τουτέστιν,
2919 4584 3019 4638 οὐκ
3052 4581 3132 4634 ἔτι
3169 4583 3229 4634 ὲν
3257 4583 3369 4643 τοῖς
3400 4576 3621 4631 πάθεσιν
3650 4569 3761 4622 ὄντα

507 4670 658 4743 ligno
690 4683 924 4731 mortem
959 4692 1060 4747 pro
1102 4678 1262 4732 nobis
1293 4693 1617 4748 perpessum
1654 4698 1668 4734 :
1709 4687 1765 4735 at
1797 4681 1961 4736 modo
1991 4693 2086 4737 nor

2200 4685 2300 4755 τῆς
2334 4679 2560 4752 σαρκὸς,
2586 4678 2784 4734 πάθεσί
2816 4694 2876 4730 τε
2903 4678 3018 4738 τοῖς
3044 4675 3293 4743 φυσικοῖς
3321 4672 3413 4725 καὶ
3439 4663 3762 4755 ἀνεγκλήτῐξς

508 4767 748 4837 amplius
773 4767 860 4822 bis
883 4768 1185 4824 obnoxium
1209 4771 1484 4827 novimus.
1519 4792 1536 4824 ι
1567 4771 1746 4828 Semel
1773 4773 1922 4828 enim
1953 4791 2086 4830 mor-

2204 4754 2367 4845 φήμί-
2401 4771 2516 4842 Πρὸ
2554 4769 2654 4840 μὲν
2683 4768 2792 4838 γὰρ
2821 4762 2917 4818 τοῦ
2945 4761 3129 4833 τιμίου
3165 4757 3422 4830 σταυροῦ,
3471 4754 3758 4845 καὶ-πεινη-

509 4867 658 4923 tuus,
694 4876 806 4916 non
850 4862 1091 4932 amplius
1134 4865 1370 4919 moritur
1393 4865 1458 4918 ³¹.
1495 4885 1513 4916 ι
1559 4866 1919 4938 Incorruptus
1956 4869 2086 4923 enin

2207 4834 2300 4920 ὲοίί
2321 4834 2566 4935 λέγεται,
2600 4834 2916 4930 καὶ-καμεῖν
2941 4857 3004 4909 ὲκ
3033 4857 3134 4925 τῆς
3164 4851 3489 4923 ὁδοιπορίας,
3629 4834 3762 4947 mp}:

509 4957 594 5004 est
622 4950 894 5017 Christus,
921 4928 1048 5008 cum
1075 4953 1186 5009 vita
1219 4955 1448 5010 exsistat
1477 4972 1575 5010 sua
1602 4928 1825 5024 natura,
1864 4959 2086 5030 vitaeun

2207 4928 2724 5025 lumv‘yevéoeat-
2781 4928 2877 5004 καὶ
2929 4947 3094 5003 αὐτὸν
3147 4945 3205 4999 δὲ
3255 4943 3347 4998 τὸν
3381 4941 3472 4995 ἐπὶ
3523 4935 3667 5040 ξύλου
3705 4928 3746 4981 δι

510 5051 705 5097 auctor
731 5085 745 5109 ,
777 5046 908 5114 quia
928 5062 995 5102 ex
1021 5046 1136 5116 ipsa
1164 5046 1344 5103 Patris
1367 5048 1478 5104 vita
1501 5048 1729 5118 prodiit.

2213 5051 2362 5120 ἡμᾶς
2402 5047 2699 5116 ἀνατλῆναι
2741 5043 2996 5104 θάνατον,
3028 5037 3164 5094 ἀλλὰ
3193 5035 3311 5099 νῦν,
3339 5034 3438 5088 οὐκ
3478 5033 3761 5120 ὲνγτούτοις

510 5132 638 5186 όντα
679 5108 1056 5208 γινώσκομεν..
1087 5157 1106 5190 ι
1145 5138 1330 5203 "Arati
1362 5138 1470 5212 γὰρ
1502 5108 1824 5205 ’ἀποθανὼψ
1876 5143 1978 5195 οὐκ
2023 5141 2105 5195 ἔτι
2142 5108 2498 5210 ἀπόθνησκει.
2549 5156 2567 5190 ι
2599 5108 2919 5208 ’Ἀιρθαρτος
2949 5132 3058 5201 γὰρ
3087 5130 3115 5182 ὁ
3156 5126 3409 5200 Χριστὸς.
3472 5119 3578 5190 ζωὴ
3642 5108 3760 5169 κατὰ

511 5223 673 5294 φύσιν
722 5227 818 5280 καὶ
875 5227 1023 5297 ζωῆς
1069 5228 1328 5299 χορηγὸς,
1367 5230 1450 5283 ὅτι
1499 5231 1593 5284 καὶ
1622 5232 1686 5283 ὲκ
1713 5230 1862 5301 ζωῆς
1895 5232 2105 5303 πέφηνε
2142 5230 2238 5286 τοῦ
2263 5229 2501 5299 Πατρός.
3143 5242 3156 5253 ⁸
3583 5285 3590 5292 .

577 5317 631 5370 4.
675 5296 1150 5385 Ροδιίιιιιιιιινειο-
1181 5296 1492 5376 inauditum
1536 5321 1671 5378 illud
1703 5296 1849 5378 circa
1879 5296 2086 5380 manun

2285 5320 2348 5378 δ’.
2383 5296 2539 5376 Μετὰ
2567 5319 2623 5373 δέ
2647 5335 2710 5388 γε
2737 5317 2799 5371 τὸ
2829 5317 2920 5370 ἐπὶ
2941 5317 3006 5386 τῇ
3035 5311 3288 5383 λεπρώσῃ
3314 5307 3454 5381 χειρὶ
3478 5296 3757 5375 παραδόξως

509 5408 782 5480 leprosum
839 5408 1054 5479 signum
1103 5411 1214 5480 jam
1275 5415 1610 5480 transiisset,
1665 5417 1830 5472 tertio
1883 5432 2086 5488 quoquc

2203 5412 2626 5483 τετελεσμένον,
2669 5409 2765 5463 καὶ
2808 5408 2977 5479 τρίτῳ
3007 5405 3222 5478 σημείῳ
3251 5401 3538 5468 καθίστησι
3571 5391 3754 5488 βεβαιοῖ

509 5501 669 5569 signo
709 5498 987 5554 Deus'eos
1027 5501 1199 5571 magis
1240 5501 1551 5559 conﬁrmat.
1596 5507 1873 5578 Ait_enim
1911 5523 2086 5563 rursu:

2203 5473 2753 5578 ’τέρους-’Ἔφη-γὰρ
2794 5473 2991 5556 πάλιν·
3035 5473 3226 5552 (Ἐὰν
3267 5496 3322 5551 δὲ
3358 5493 3428 5565 μὴ
3466 5473 3756 5544 πιστεύσωσί

512 5589 801 5660 Scriptura
831 5607 842 5642 :
879 5607 897 5639 ι
927 5589 1085 5657 Quod
1115 5591 1162 5645 si
1193 5606 1297 5646 nec
1326 5591 1543 5649 duobus
1572 5575 1795 5665 quidem
1820 5597 1908 5653 his
1933 5598 2086 5669 signi:

2215 5616 2296 5653 σοι
2345 5601 2453 5662 τοῖς
2496 5598 2617 5652 δυσὶ
2671 5596 2920 5667 σημείοις
2966 5591 3198 5657 τούτοις,
3256 5587 3389 5660 μηδὲ
3432 5577 3754 5636 εἰσακούσωσι

585 5701 631 5734 ³⁸
658 5702 816 5756 Rom.
847 5719 937 5767 xv,
972 5704 1022 5758 1.
1099 5704 1144 5734 ’⁵
1172 5704 1272 5758 lsa.
1305 5720 1444 5770 LXIV,
1475 5707 1526 5760 6.
1606 5708 1648 5738 ’⁷
1679 5708 1835 5763 Joan.
1873 5727 1942 5774 Ix,
1976 5710 2062 5765 9i.

519 5773 558 5805 "
583 5773 741 5826 -Rom
802 5791 872 5828 γι.
914 5775 968 5828 9.
1417 5806 1426 5814 -

2190 5711 2217 5740 "'
2260 5713 2360 5767 lsa.
2397 5729 2506 5775 Lm,
2547 5712 2626 5765 l2.
2724 5710 2946 5764 “'Joan.
2987 5722 3111 5769 xm,
3138 5705 3187 5758 5.
3302 5701 3344 5731 ³ο
3373 5699 3413 5754 ll
3443 5695 3562 5753 Cor.
3613 5679 3753 5753 νηίδσ

583 5806 741 5826 -ιιυιιι
807 5806 872 5841 τι,
916 5806 968 5830 ει,
1417 5806 1426 5814 .

2199 4129 2648 4204 ὐπερανεστηκδς
2681 4127 2939 4200 ἀξίωμα;
2971 4124 3068 4179 Διὰ
3100 4124 3261 4177 τοῦτο
3299 4123 3399 4176 καὶ
3447 4122 3473 4173 ό
3525 4116 3760 4204 μακάριο,

2202 4201 2447 4292 Hau-tog,
2497 4201 2619 4276 «SE!
2647 4239 2711 4291 γε
2755 4221 2851 4276 καὶ
2893 4218 3237 4288 ἐγνώκαμεν,
3293 4215 3480 4286 φησιν,
3519 4210 3606 4264 τόν
3639 4201 3763 4261 κατὰ

2175 5711 2217 5740 ’⁸
2260 5713 2360 5767 lsa.
2397 5729 2506 5775 Lm,
2547 5712 2626 5765 l2.
2724 5710 2946 5764 “'Joan.
2987 5722 3111 5769 xm,
3138 5705 3187 5758 5.
