4060 6454
291 323 398 377 477

1305 333 1834 396 GLAPIH'RORUM
1877 342 1946 397 IN
1992 342 2278 402 EXODL‘M
2321 347 2450 403 LIB.
2493 348 2558 402 II.

3507 353 3613 408 I78

287 440 391 508 τῆς
434 440 628 510 φωνῆς
665 458 781 504 σου,
825 441 972 518 λήψῃ
1004 445 1111 500 ἀπὸ
1136 447 1228 502 τοῦ
1269 449 1460 516 ὕδατος
1493 453 1587 507 τοῦ
1630 458 1896 527 ποταμοῦ,

2007 463 2379 528 crediderint,
2435 480 2615 535 neque
2661 466 2942 522 audierint
2985 479 3176 524 vocem
3225 477 3406 534 tuam,
3455 484 3614 524 sume
3705 487 3708 490 ’

288 531 387 585 καὶ
417 533 638 602 ὲκχεεῖς
679 535 774 588 ἐπὶ
817 537 878 590 τὸ
911 539 1076 611 ξηρόν
1097 557 1110 570 ⁶
1139 543 1233 595 καὶ
1264 543 1418 598 ἔσται
1449 546 1510 600 τὸ
1540 546 1708 620 ὕδωρ,
1747 548 1774 602 ὃ
1814 551 1906 605 ἐὰν

287 624 467 714 λάϐῃς
513 627 625 679 ἀπὸ
679 629 774 682 τοῦ
846 632 1116 704 ποταμοῦ,
1167 631 1310 707 αἷμα
1356 639 1450 692 ἐπὶ
1499 640 1595 694 τοῦ
1649 641 1837 714 ξηροῦ.
1882 664 1898 694 i

290 712 491 786 'AOpat
536 715 601 789 δὴ
644 714 738 772 οὖν
789 720 952 775 πάλιν
991 725 1090 794 τὴν
1135 725 1246 780 τῶν
1304 727 1578 784 Ἰουδαίων
1613 712 1902 787 ἀπείθειαν

287 808 785 884 προεγνωσμένην.
823 814 1104 887 Μελληταὶ
1147 819 1257 892 γὰρ
1295 822 1500 895 ἀείπερ
1549 826 1646 881 καὶ
1687 826 1904 897 βραδεῖς

286 904 371 965 είς
428 902 677 971 σύνεσιν,
732 907 828 960 καὶ
879 908 1378 984 δυσμετακόμιστοι
1426 916 1564 988 πρὸς
1617 919 1898 991 ἀλήθειαν.

300 995 680 1068 Ἡπειθηκασι
702 1000 811 1073 γὰρ
834 1001 912 1074 τῷ
937 1003 1034 1072 τῆς
1059 1006 1530 1081 ἐνανθρωπήσεως
1560 1012 1770 1083 τρόπῳ,
1805 1016 1901 1068 καὶ

284 1091 399 1153 τοῖς
442 1089 536 1143 διὰ
579 1091 752 1161 μέσου
802 1095 1120 1164 παραδόξως
1155 1099 1586 1172 τετελεσμένοις.
1654 1105 1788 1175 Ὀψὲ
1817 1106 1902 1177 ,δὲ

287 1181 380 1233 καὶ
423 1181 589 1251 μόλις
627 1184 705 1256 τῷ
750 1187 1047 1260 τελευταίῳ
1100 1193 1314 1264 σημείῳ
1359 1196 1814 1264 πεπιστεύκασιν,
1849 1203 1900 1254 ει

292 1273 382 1326 καὶ
423 1274 504 1345 μὴ
551 1277 760 1342 πάντες
794 1280 978 1350 τυχὸν,
1028 1301 1046 1331 r
1089 1283 1205 1338 ἀλλ’
1234 1281 1328 1340 οὗν
1358 1287 1418 1341 τὸ
1458 1291 1813 1363 κατάλειμμα
1837 1292 1900 1348 τὸ

288 1366 406 1417 κατ’
440 1366 684 1438 ἐκλογὴν
707 1369 952 1441 χάριτος,
976 1394 994 1427 ι
1015 1374 1094 1435 ὡς
1106 1375 1381 1449 μακάριος
1421 1380 1624 1450 γράφει
1658 1380 1892 1446 Παῦλος.

281 1457 399 1510 Καὶ
429 1459 486 1512 τί
510 1461 572 1512 τὸ
595 1461 906 1516 τελευταῖον
945 1469 1208 1537 σημεῖον;
1250 1470 1308 1523 ’0
1340 1471 1434 1524 ἐπὶ
1455 1471 1613 1538 ξύλου
1639 1473 1893 1539 θάνατος,
1920 1530 1926 1538 ,

279 1550 381 1604 καὶ
415 1553 449 1621 ὴ
500 1553 582 1624 τῷ
628 1553 844 1627 θανάτῳ
894 1558 1318 1633 παρεζευγμένη
1360 1563 1456 1616 καὶ
1491 1563 1686 1632 γείτων
1731 1565 1895 1632 εὐθὺς

280 1643 590 1710 ἀναϐίωσις
635 1645 730 1700 τοῦ
773 1649 1032 1720 Χριστοῦ.
1089 1671 1107 1703 ι
1145 1654 1270 1708 Ὅτι
1313 1655 1371 1709 δὲ
1422 1661 1648 1728 σημεῖον
1680 1660 1892 1717 δέδοται

277 1739 396 1799 τοῖς
434 1739 578 1802 υἱοῖς
627 1740 843 1812 Ἰσραὴλ
886 1742 981 1795 τοῦ
1011 1744 1266 1817 Σωτῆρος
1293 1748 1320 1802 ὁ
1353 1747 1606 1814 θάνατος,
1637 1752 1732 1804 καὶ
1760 1752 1892 1808 αὐτὸ

2013 569 2212 623 aquam
2255 555 2522 622 ﬂuminis,
2548 567 2605 613 et
2639 558 2865 616 eﬂ‘unde
2911 576 3033 614 eam
3074 574 3240 630 super
3272 560 3526 615 aridam:
3557 571 3614 616 et

2009 647 2282 718 quidquid
2332 651 2585 708 hauseris
2636 653 2706 708 de
2759 652 2948 719 ﬂuvio,
2982 664 3238 710 vertetur
3283 654 3338 707 in
3387 655 3604 724 sangui-

2007 754 2134 792 nem
2161 740 2228 794 ³²,
2263 760 2280 791 ι
2325 741 2576 812 Agnosce
2599 742 2787 798 denuo
2808 744 2964 813 prius
2993 753 3481 799 commemoratam
3511 741 3614 797 Ju-

2005 831 2251 887 dieorum
2286 832 2755 890 incredulitatem.
2806 834 3077 890 Diﬂ'erunt
3115 835 3263 890 enim
3294 834 3516 889 assidue
3547 847 3615 888 ac

2005 924 2226 978 tardant
2271 941 2635 996 cognoscere,
2682 943 2826 999 aegre
2869 928 3241 999 suscipientes
3291 928 3608 982 veritatem.

2001 1013 2166 1087 303
2195 1016 2409 1088 Negant
2430 1018 2580 1073 enim
2609 1017 2774 1074 fidem
2812 1019 3214 1074 incarnationis
3253 1019 3420 1074 modo
3448 1017 3612 1073 adhi-

2001 1107 2158 1169 bere,
2191 1115 2248 1163 et
2302 1109 2588 1164 miraculis
2628 1119 2829 1180 praeter
2862 1119 3118 1164 naturam
3175 1111 3427 1180 patratis.
3475 1110 3611 1166 Sero

1999 1202 2326 1274 ultimotvix
2361 1203 2518 1274 signo
2557 1202 2948 1266 crediderunt,
2977 1203 3083 1257 etsi
3125 1218 3235 1256 non
3279 1218 3473 1258 omnes
3495 1203 3612 1257 for-

2000 1304 2166 1360 tasse,
2201 1314 2220 1346 ι
2253 1295 2353 1349 sed
2382 1295 2631 1364 reliquiae
2657 1295 2962 1350 secundum
2989 1295 3318 1350 electionem
3346 1297 3604 1366 gratiae,»

1998 1395 2061 1443 ut
2082 1388 2280 1444 beatus
2304 1386 2792 1456 Paniusloquitur.
2829 1387 2938 1443 Sed
2959 1387 3129 1458 quod,
3157 1387 3357 1442 amabo
3375 1429 3388 1453 ,
3423 1396 3611 1442 extre-

1997 1496 2148 1536 mum
2189 1481 2296 1535 hoc
2324 1479 2543 1551 signum
2567 1480 2755 1535 ?Mors
2783 1481 2838 1536 in
2870 1496 3057 1547 cruce,
3092 1482 3371 1551 mortique
3416 1480 3614 1552 adjun-

1996 1581 2085 1628 cta
2121 1587 2188 1628 ac
2235 1570 2552 1643 propinqua
2605 1569 2812 1626 Christi
2861 1571 3051 1626 statim
3111 1570 3453 1626 resurrectio
3475 1569 3540 1624 ³³.
3585 1589 3607 1620 ι

2012 1658 2168 1726 Quod
2209 1673 2341 1714 vero
2384 1659 2510 1714 ﬁliis
2559 1657 2727 1713 Israel
2774 1657 2831 1712 in
2875 1658 3091 1728 signum
3132 1657 3257 1712 data
3296 1658 3367 1712 sit
3409 1655 3602 1711 δρινκ..

2016 1753 2149 1809 toris
2179 1767 2326 1807 mors
2341 1760 2398 1806 et
2425 1766 2686 1823 magnum
2713 1750 2848 1805 illud
2876 1759 2930 1804 et
2952 1748 3331 1804 admirandum
3357 1763 3602 1802 resurre-

274 1833 338 1885 τὸ
365 1833 516 1904 μέγα
534 1835 630 1888 καὶ
652 1837 982 1907 ἀξιάγαστον
997 1839 1098 1910 τῆς
1115 1841 1178 1893 ἐκ
1194 1839 1403 1912 νεκρῶν
1419 1841 1767 1905 ἀναστάσεως
1786 1858 1892 1912 μυ-

2015 1845 2214 1901 etionis
2232 1845 2416 1900 carnis
2444 1820 2784 1913 mysterium,
2813 1839 3165 1896 manifestum
3195 1840 3309 1896 ﬂeri
3336 1848 3515 1910 potest
3536 1853 3604 1893 ex

276 1929 536 1996 στήριον,
574 1930 746 1999 σαφὲς
794 1930 859 1984 ἂν
899 1931 1113 2002 γένοιτο
1159 1933 1225 1986 δι’
1273 1934 1454 1987 αὐτῶν
1497 1932 1591 1987 τοῦ
1640 1933 1892 2005 Σωτῆρος

276 2020 576 2090 ῥημάτων.
613 2022 653 2074 11
662 2025 933 2094 ροσῄεσαν
955 2027 1054 2096 μὲν
1070 2026 1180 2098 γὰρ
1196 2029 1245 2080 οἱ
1283 2027 1571 2098 Φαρισαῖοι
1601 2044 1730 2081 ποτε
1753 2027 1892 2098 μετὰ

275 2111 502 2181 μυρίων
523 2111 666 2165 ὃεων
708 2115 950 2185 σημείων
972 2119 1255 2186 ἐπίδειξιν,
1282 2121 1697 2190 εἰρωνευόμενοί
1717 2137 1773 2173 τε
1796 2120 1893 2174 καὶ

271 2203 556 2270 λέγοντες·
583 2224 603 2255 ι
626 2206 948 2274 Διδάσκαλε,
963 2210 1190 2280 θέλομεν
1211 2213 1319 2265 ἀπὸ
1334 2214 1426 2267 σοῦ
1446 2217 1672 2284 σημεῖον
1692 2213 1836 2266 ξδεῖν.
1865 2231 1886 2264 ι

287 2295 349 2348 '0
396 2295 458 2349 δὲ
506 2295 647 2368 πρὸς
685 2297 915 2362 αὐτούς’
966 2318 984 2350 ι
1020 2299 1190 2353 Γενεὰ
1238 2300 1454 2372 πονηρὰ
1505 2302 1602 2356 καὶ
1642 2304 1894 2374 μοιχαλὶς

279 2389 519 2458 σημεῖον
564 2390 835 2459 ἐπιζητεῖ,
883 2391 980 2444 καὶ
1021 2395 1248 2462 σημεῖον
1295 2393 1354 2446 οὐ
1399 2393 1687 2465 δοθήσεται
1729 2397 1892 2468 αὐτῇ,

271 2483 322 2532 εἰ
363 2481 445 2550 μὴ
476 2480 541 2534 τὸ
588 2485 816 2552 σημεῖον
869 2483 1026 2536 Ἰωνᾶ
1050 2482 1143 2537 τοῦ
1188 2487 1495 2558 προφήτου.
1539 2489 1756 2562 ’Ὠσπερ
1784 2491 1894 2562 γὰρ

269 2567 342 2642 ἦν
380 2572 575 2638 Ἰωνᾶς
607 2576 663 2628 ὲν
690 2578 755 2648 τῇ
797 2576 976 2648 κοιλία
1006 2577 1098 2631 τοῦ
1141 2579 1341 2649 κήτους
1373 2585 1522 2652 τρεῖς
1549 2585 1767 2655 ἡμέρας
1797 2586 1895 2639 καὶ

269 2668 429 2737 τρεῖς
469 2667 698 2732 νύκτας,
728 2669 904 2733 οὕτως
950 2669 1104 2725 ἔσται
1136 2672 1166 2723 6
1209 2672 1338 2738 Υἱὸς
1373 2675 1469 2728 τοῦ
1510 2677 1802 2750 ἀνθρώπου
1836 2681 1894 2734 ὲν

270 2762 339 2831 τῇ
378 2761 586 2834 καρδίᾳ
606 2761 704 2833 τῆς
727 2762 850 2833 γῆς,
883 2766 1034 2834 τρεῖς
1060 2765 1278 2837 ἡμέρας
1302 2767 1397 2820 καὶ
1430 2772 1582 2837 τρεῖς
1608 2770 1831 2835 νύκτας.
1867 2791 1887 2826 ι

270 2853 609 2924 Κεκέρδακε
643 2854 702 2907 δὲ
736 2855 820 2908 ὅτι
857 2855 1086 2920 πολλοὺς
1117 2857 1177 2923 ἐξ
1237 2859 1506 2914 Ἰουδαίων
1539 2863 1664 2933 οὐχὶ
1691 2863 1755 2935 δὴ
1793 2865 1895 2936 μό-

269 2962 387 3008 νον,
429 2945 575 3000 ἀλλὰ
601 2946 696 3000 καὶ
739 2947 800 3012 ἐξ
842 2947 1015 3002 ἐθνῶν
1041 2951 1069 3003 6
1109 2950 1204 3004 τοῦ
1252 2952 1604 3026 Ἐμμανουήλ
1632 2955 1888 3022 θάνατος,

269 3038 671 3110 ἀταλαίπωρον
714 3042 866 3097 ἰδεῖν.
913 3044 1060 3114 Ἔφη
1081 3044 1190 3116 γὰρ
1218 3046 1400 3114 πάλιν,
1452 3050 1584 3102 ποτὲ
1643 3049 1772 3120 μὲν,
1807 3052 1890 3106 ὅτι

272 3153 294 3185 ‹
310 3133 334 3148 “’
347 3133 504 3188 Οταν
537 3132 738 3203 ὑψωθῶ
760 3135 824 3188 ὲκ
844 3135 946 3206 τῆς
978 3136 1102 3207 γῆς,
1122 3138 1300 3192 πάντα
1335 3140 1548 3195 ἑλκύσω
1568 3141 1702 3213 πρὸς
1721 3145 1894 3215 ὲμαυ·

264 3230 385 3292 τδθ,
415 3246 435 3278 ι
469 3227 605 3282 ποτὲ
635 3227 691 3281 δὲ
723 3224 813 3295 αὖ,
852 3249 870 3282 ι
914 3229 1110 3303 Ἀμὴν,
1147 3232 1296 3306 ἀμὴν
1325 3234 1469 3304 λέγω
1498 3237 1648 3306 ὑμῖν,
1685 3240 1782 3293 ἐὰν
1814 3239 1890 3312 μὴ

268 3319 300 3370 6
345 3317 560 3383 κόκκος
602 3318 698 3373 τοῦ
739 3321 890 3375 σίτου
939 3321 1122 3376 πεσὼν
1175 3325 1257 3390 είς
1311 3325 1412 3398 τὴν
1467 3329 1576 3398 γῆν
1613 3329 1886 3405 ἀποθάνῃ,

269 3407 447 3472 αὐτὸς
494 3411 660 3481 μόνος
709 3411 896 3481 μένει·
937 3414 1032 3469 ἐὰν
1058 3414 1117 3469 δὲ
1149 3416 1421 3490 ἀποθάνῃ,
1465 3419 1636 3474 πολὺν
1674 3422 1889 3494 καρπὸν

272 3500 461 3570 φέρει.
516 3521 534 3553 ι
595 3503 760 3574 Ὁρᾷς
817 3505 971 3569 ὅπως
1015 3505 1082 3559 δι’
1126 3507 1394 3580 ἐναργοῦς
1439 3514 1890 3586 παραδείγματος

272 3591 565 3658 ὑπέδειξεν
588 3594 720 3663 ἡμῖν
754 3594 846 3648 τὸν
874 3596 938 3648 ὲκ
973 3594 1066 3652 τοῦ
1110 3596 1342 3652 θανάτου
1377 3601 1619 3672 καρπὸν;
1651 3600 1762 3655 Ἦν
1795 3597 1890 3658 οὖν

273 3685 390 3755 ἄρα
445 3685 510 3736 τὸ
545 3684 758 3739 λοῖσθον
782 3689 913 3758 ἡμῖν
947 3690 1196 3759 σημεῖον,
1226 3689 1322 3743 τοῦ
1352 3690 1607 3763 Σωτῆρος
1639 3695 1688 3748 οἱ
1717 3693 1890 3765 λόγοι,

277 3779 365 3847 ἐφ’
402 3770 448 3846 ᾧ
470 3779 568 3831 καὶ
595 3781 628 3848 ἡ
666 3781 852 3846 πίστις
884 3781 1006 3852 οὐχὶ
1032 3782 1213 3853 μόνων
1244 3782 1354 3836 τῶν
1388 3783 1447 3850 ἐξ
1487 3785 1731 3858 Ἰσραὴλ,
1753 3787 1892 3842 ἀλλὰ

277 3871 377 3925 καὶ
413 3871 624 3937 αὐτῶν,
669 3871 746 3936 ὠς
778 3872 940 3945 ἔφην,
973 3873 1086 3928 τῶν
1133 3877 1198 3930 ἐκ
1243 3875 1344 3948 τῆς
1385 3877 1578 3950 ἐτέρας
1629 3879 1890 3952 πληθύος,

277 3967 430 4036 φημὶ
463 3965 523 4020 δὲ
559 3969 660 4039 τῆς
685 3967 744 4033 ὲξ
783 3967 976 4023 ἐθνῶν.
1013 3969 1150 4023 Τίνα
1183 3963 1278 4024 οῦν
1307 3970 1370 4044 δὴ
1407 3972 1609 4044 τρόπον
1655 3973 1790 4027 αὐτὸ
1827 3973 1896 4047 δὴ

275 4059 466 4113 τοῦτο’
497 4061 976 4132 κατεσημαίνετος
1017 4081 1035 4115 ι
1076 4063 1260 4137 Λήψῃ,
1289 4066 1480 4136 φησὶν,
1512 4066 1621 4120 ἀπὸ
1647 4067 1740 4121 τοῦ
1771 4065 1900 4123 ὓδαυ

276 4167 374 4215 τος
409 4151 507 4205 τοῦ
534 4153 812 4224 ποταμοῦ,
834 4156 929 4209 καὶ
962 4156 1176 4226 ἐκχεεῖς
1196 4158 1291 4211 ἐπὶ
1314 4157 1376 4211 τὸ
1401 4156 1592 4229 ξηρόν·
1615 4159 1712 4214 καὶ
1741 4159 1900 4214 ἔσται

1918 3185 1963 3247 C

2003 1937 2140 2010 ipsis
2180 1935 2486 1992 Saivatoris
2525 1932 2733 1988 verbis.
2761 1929 3133 1986 Accesserunt
3166 1928 3442 2000 siquidem
3464 1928 3610 1983 Pbav

2003 2030 2148 2086 risaii
2179 2036 2302 2099 post
2330 2026 2566 2098 plurima
2604 2021 2853 2078 exhibita
2885 2021 3155 2076 miracula
3184 2019 3508 2083 irridentes,
3547 2031 3615 2074 ac

2002 2123 2255 2178 dicentes
2293 2137 2305 2173 :
2331 2139 2349 2170 ‹
2393 2117 2934 2188 Magister,volumus
2965 2125 3070 2170 ate
3094 2112 3314 2183 signum
3344 2112 3558 2166 videre.
3584 2131 3603 2163 ι

2002 2216 2098 2271 Ille
2137 2214 2204 2270 ad
2251 2213 2405 2267 haec:
2442 2230 2460 2260 ι
2483 2209 2780 2265 Generatio
2808 2222 2979 2278 prava
3009 2213 3066 2261 et
3110 2205 3368 2260 adultera
3390 2204 3611 2274 signum

2002 2308 2220 2378 quaarit,
2247 2314 2304 2360 et
2323 2305 2542 2375 signum
2568 2317 2679 2357 non
2713 2301 2939 2357 dabitur
2963 2299 3040 2365 ei,
3065 2299 3174 2354 nisi
3201 2298 3421 2369 signum
3459 2297 3616 2352 Jonas

2001 2400 2306 2470 prophetae.
2332 2397 2486 2452 Sicut
2524 2394 2673 2450 enim
2703 2394 2809 2449 fuit
2831 2393 3001 2449 Jonas
3039 2392 3097 2446 in
3130 2400 3329 2446 ventre
3369 2389 3478 2445 ceti
3507 2388 3612 2443 tri-

2001 2490 2109 2546 bus
2147 2489 2348 2544 diebus
2379 2495 2436 2542 et
2461 2486 2641 2542 tribus
2676 2484 2956 2548 noctibus,
2978 2483 3058 2538 sic
3081 2482 3190 2536 erit
3214 2479 3392 2536 Filius
3428 2477 3612 2533 homi-

2001 2583 2089 2639 nis
2137 2582 2194 2637 in
2229 2581 2399 2637 corde
2436 2590 2600 2636 terra:
2653 2578 2834 2633 tribus
2863 2576 3062 2632 diebus
3095 2583 3153 2631 et
3175 2562 3182 2570 ’
3207 2573 3389 2628 tribus
3434 2571 3616 2626 nocti-

2001 2675 2189 2730 bus”.
2224 2694 2241 2726 ι
2295 2671 2453 2740 Quod
2515 2678 2701 2726 autem
2746 2666 3092 2724 Iucrii‘eeerit
3129 2680 3243 2720 non
3293 2662 3613 2719 Judaorum

2001 2767 2166 2822 modo
2196 2765 2420 2829 multos,
2446 2763 2543 2819 sed
2567 2770 2623 2817 et
2648 2777 2678 2817 e
2713 2760 2974 2832 gentibus
2988 2758 3258 2829 plurimos
3298 2769 3449 2810 mors
3480 2753 3614 2808 Em-

2001 2857 2296 2921 manuelis,
2351 2854 2513 2911 facile
2553 2853 2794 2924 perspici
2849 2858 3054 2921 potest.
3108 2845 3200 2903 Sic
3228 2847 3377 2901 enim
3409 2845 3615 2899 iterum

2000 2955 2076 3009 ait
2110 2971 2122 3007 :
2158 2971 2176 3004 ‹
2217 2951 2358 3007 Cum
2381 2949 2659 3004 exaltatus
2695 2946 2855 3001 fuero
2914 2959 2945 2999 a
2970 2952 3140 3006 terra,
3169 2939 3355 2995 omnia
3397 2937 3615 2992 traham

2001 3046 2070 3102 ad
2109 3060 2197 3100 me
2234 3043 2415 3115 ipsum
2441 3042 2486 3073 ³⁸
2521 3058 2534 3094 :
2575 3059 2594 3092 ›
2627 3039 2947 3108 ibidemque
2990 3053 3004 3089 :
3040 3055 3058 3086 ι
3093 3035 3296 3096 Amen,
3334 3045 3498 3087 amen
3527 3029 3618 3085 di-

2002 3153 2069 3194 co
2089 3136 2272 3201 vobis,
2330 3133 2439 3189 uisi
2473 3145 2708 3205 granum
2767 3127 3033 3183 frumenti
3073 3125 3279 3182 cadens
3313 3123 3370 3177 in
3403 3131 3616 3178 terram

1996 3236 2278 3285 mortuum
2308 3225 2498 3287 fuerit,
2526 3223 2708 3294 ipsum
2731 3220 2911 3275 solum
2942 3223 3155 3282 manet;
3183 3214 3230 3270 si
3248 3221 3436 3269 autem
3465 3229 3612 3267 mor-

1994 3333 2152 3380 tuum
2184 3321 2398 3391 fuerit,
2443 3317 2681 3372 multum
2747 3314 3006 3370 fructum
3053 3308 3337 3365 aﬂ‘eret".
3373 3326 3392 3359 ι
3447 3307 3616 3363 Vides

1989 3431 2156 3490 quam
2198 3413 2444 3471 evidenti
2495 3409 2751 3480 exemplo
2793 3405 2992 3462 mortis
3019 3402 3278 3459 exhibuit
3322 3401 3618 3464 fructum?

1991 3508 2165 3564 Erant
2179 3505 2329 3561 enim
2343 3501 3044 3560 hiSalvatorissermones,
3078 3494 3336 3550 ultimum
3394 3494 3614 3564 signum

1991 3602 2082 3659 cui
2118 3597 2410 3657 credidere
2453 3612 2566 3652 non
2601 3595 2781 3650 solum
2817 3591 2912 3664 qui
2942 3606 3010 3645 ex
3037 3589 3230 3654 Israel,
3263 3587 3360 3642 sed
3401 3594 3458 3642 et
3482 3585 3612 3655 ipsi,

1993 3705 2058 3752 ut
2089 3693 2364 3758 dicebam,
2406 3690 2502 3761 qui
2528 3704 2597 3744 ex
2621 3688 2795 3742 altera
2850 3682 3230 3746 multitudine,
3265 3679 3327 3745 ii,
3365 3677 3616 3748 inquam,

1995 3791 2092 3861 qui
2115 3804 2184 3844 ex
2201 3785 2480 3859 gentibus.
2509 3780 2726 3849 Quibus
2749 3787 2934 3834 autem
2971 3775 3151 3831 modis
3176 3773 3230 3828 id
3248 3767 3615 3843 signiﬁcavit?

2004 3899 2024 3935 ι
2063 3881 2254 3944 Sume,
2284 3877 2382 3943 ait,
2415 3889 2617 3946 aquam
2648 3870 2918 3935 ﬂuminis,
2948 3876 3006 3924 et
3043 3865 3273 3924 eﬂ‘unde
3305 3879 3476 3935 super
3501 3861 3618 3918 ari-

1997 3975 2147 4040 dam,
2174 3972 2393 4041 eritque
2443 3982 2586 4039 aqua
2621 3963 2890 4029 ﬂuminis,
2922 3976 3087 4032 quam
3127 3957 3454 4028 sumpseris,
3492 3971 3620 4010 san-

1998 4070 2123 4142 guis
2143 4080 2315 4136 super
2339 4072 2547 4118 terram
2566 4060 2632 4113 ³⁷.
2665 4077 2683 4110 ›
2722 4057 2878 4127 Aqua
2902 4053 3177 4125 siquidem
3213 4062 3382 4123 typus
3413 4047 3505 4102 hic
3531 4055 3619 4102 est

1999 4164 2127 4220 vitae
2153 4175 2219 4217 ac
2245 4159 2462 4228 signum
2483 4166 2510 4221 ;'
2525 4166 2724 4208 revera
2751 4149 2903 4204 enim
2932 4144 3254 4203 necessaria
3270 4144 3400 4197 vitae
3433 4149 3540 4204 est,
3562 4147 3620 4194 et

277 4245 343 4301 τδ
382 4246 555 4319 ὕδωρ,
603 4247 632 4302 ὂ
660 4249 756 4304 ἐὰν
791 4249 967 4324 λάϐῃς
1012 4252 1121 4305 ἀπὸ
1155 4251 1252 4306 τοῦ
1304 4251 1579 4324 ποταμοῦ,
1614 4247 1756 4320 αἷμα
1804 4254 1896 4308 ὲπὶ

2002 4252 2339 4313 mortalibus
2389 4247 2632 4303 maxime
2683 4240 2833 4297 usui.
2860 4236 3259 4306 Quamobrem,
3312 4247 3427 4288 non
3457 4244 3621 4286 secus

277 4340 375 4394 τοῦ
423 4340 619 4412 ξηροῦ.
663 4361 682 4395 ι
723 4343 880 4414 Ζωῆς
915 4344 1016 4414 μὲν
1063 4343 1174 4415 γὰρ
1203 4343 1390 4409 τύπος
1423 4345 1544 4417 ἦτοι
1580 4347 1805 4418 σημεῖον
1838 4349 1896 4401 τὸ

2004 4357 2170 4419 atque
2187 4362 2255 4401 ex
2285 4341 2513 4398 ﬂumine
2547 4334 2812 4408 quodam,
2843 4345 3040 4386 revera
3056 4328 3169 4382 vita
3196 4327 3425 4397 ipsemet
3453 4336 3622 4377 natus

279 4433 466 4505 ὕδωρ·
513 4436 609 4488 καὶ
643 4435 756 4506 γάρ
807 4437 960 4490 ἐστιν
1005 4436 1226 4508 ἀληθῶς
1273 4415 1578 4510 ἀναγκαῖον
1604 4415 1685 4504 είς
1715 4439 1896 4508 τοῦτο,

2005 4415 2096 4498 est
2123 4439 2297 4495 Filius
2321 4451 2389 4490 ex
2412 4433 2596 4494 Patre,
2627 4428 2721 4500 qui
2746 4425 2934 4480 omnia
2965 4421 3229 4476 viviﬁcat.
3263 4418 3334 4474 Ut
3354 4416 3503 4472 enim
3528 4415 3621 4469 lu-

279 4529 377 4582 καὶ
409 4525 844 4599 χρειωδὲστερον
885 4530 998 4592 τοῖς
1047 4529 1138 4582 ἐπὶ
1166 4529 1289 4602 γῆς.
1321 4529 1556 4595 Οὐκοῦν,
1598 4525 1798 4604 οἷάπερ
1830 4533 1896 4586 ἐκ

2002 4549 2129 4590 men
2157 4531 2226 4586 de
2269 4525 2503 4589 lumine,
2558 4522 2640 4578 sic
2670 4529 2728 4576 et
2748 4519 2862 4573 vita
2901 4523 2988 4572 est
3022 4514 3091 4570 de
3126 4515 3260 4568 vita.
3295 4510 3454 4578 Quod
3487 4523 3622 4565 vero

280 4619 564 4690 ποταμοῦ,
611 4619 709 4674 τοῦ
761 4620 1159 4690 ζωογονοῦντος
1192 4623 1261 4678 τὰ
1294 4623 1474 4678 πάντα
1517 4601 1896 4698 Πατρδςξζωὴ

2003 4643 2112 4684 non
2153 4621 2508 4681 extrinsecus
2542 4613 2875 4676 subsistens,
2924 4607 3020 4664 sed
3045 4622 3113 4661 ex
3142 4606 3262 4676 ipsa
3315 4609 3514 4658 natura
3550 4601 3623 4656 sit

278 4715 451 4779 αΰτὺς
507 4713 675 4783 ἐξέφυ
731 4715 873 4770 κατὰ
915 4714 1177 4786 ἀλήθειαν
1225 4717 1254 4770 ὁ
1312 4715 1462 4780 Υἱός.
1519 4717 1733 4790 Ὥσπερ
1791 4718 1904 4791 γάρ

281 4809 405 4860 ἐστι
439 4805 559 4874 φῶς
603 4807 670 4860 ὲκ
700 4806 899 4876 φωτὸς,
930 4806 1074 4861 οὕτω
1110 4807 1204 4862 καὶ
1233 4807 1348 4878 ζωὴ
1383 4810 1447 4862 ἐκ
1479 4807 1646 4880 ζωῆς.
1691 4810 1815 4863 Ὅτι
1837 4807 1904 4879 δὴ

278 4901 384 4955 οὐκ
421 4900 532 4966 ἔξω
573 4899 841 4966 ὑποστὰς.
881 4901 997 4954 ἀλλ’
1046 4900 1108 4967 ἐξ
1141 4901 1309 4956 αὐτοῦ
1363 4901 1513 4956 κατὰ
1569 4903 1734 4974 φύσιν
1785 4901 1906 4956 ἐστὶ

279 4996 376 5050 τοῦ
413 4995 554 5048 Θεοῦ
595 4995 691 5049 καὶ
737 4997 976 5067 Πατρδς,
1019 4995 1334 5050 ἐδιδάσκετο
1372 4995 1608 5067 Μωσῆς-ο
1657 4996 1810 5051 οὐδὲν
1843 4996 1898 5050 δὲ

275 5084 449 5161 ἧττον
485 5088 581 5142 καὶ
614 5089 777 5160 ἡμεῖς
809 5089 982 5144 αὐτοί.
1024 5107 1042 5140 ι
1077 5088 1238 5161 Λήψῃ
1277 5088 1409 5160 γὰρ,
1445 5090 1633 5161 φησὶν,
1671 5089 1781 5144 ἀπὸ
1804 5087 1900 5142 τοῦ

279 5181 481 5244 ὓδατος
520 5180 616 5234 τοῦ
665 5181 937 5252 ποταμοῦ.
978 5201 996 5235 ι
1059 5178 1195 5236 Εἶτα
1250 5182 1408 5236 τοῦτο
1452 5182 1636 5254 ὲκχεῖν
1687 5184 1768 5246 εἰς
1797 5182 1902 5254 γῆν

275 5273 644 5329 ὲπετάττετο.
666 5272 839 5327 Τοῦτο
867 5274 923 5327 δέ
953 5275 1122 5338 ἐστιν,
1155 5273 1599 5344 αἰνιγματωδῶς,
1624 5273 1724 5344 τῆς
1753 5274 1906 5327 ἐναν-

274 5369 632 5441 θρωπήσεως
662 5367 724 5420 τὸ
759 5368 1083 5438 μυστήριον.
1119 5368 1242 5440 Ζωὴ
1277 5367 1390 5440 γὰρ
1428 5367 1694 5439 ὑπάρχων
1724 5369 1752 5420 6
1785 5367 1904 5420 Μολ

272 5459 540 5531 νογενὴς,
566 5457 661 5512 καὶ
687 5456 763 5522 ὡς
789 5461 854 5512 ἐκ
885 5458 1036 5530 ζωῆς
1063 5457 1158 5512 τοῦ
1194 5457 1332 5513 Θεοῦ
1368 5459 1463 5512 καὶ
1486 5458 1704 5529 Πατρὸς
1729 5457 1905 5529 ἁπορο

276 5553 472 5626 ρύτως
529 5551 956 5623 γεγεννημένος,
995 5550 1269 5624 ἀνεμίχθη
1326 5552 1528 5624 τρόπον
1573 5550 1700 5605 τινὰ
1730 5551 1800 5622 τῇ
1840 5551 1906 5603 ὲκ

279 5648 392 5718 γῆς
446 5645 860 5717 ἀνθρωπότητι,
892 5645 1149 5717 καθάπερ
1181 5647 1377 5719 ἀμέλει
1419 5646 1483 5702 τὸ
1516 5644 1664 5719 ὕδωρ
1697 5646 1762 5718 τῇ
1807 5646 1904 5717 γῇ.

2002 4718 2099 4775 Dei
2127 4715 2327 4779 Patris,
2359 4720 2422 4766 ut
2452 4717 2510 4766 et
2536 4723 2662 4771 nos,
2691 4705 2874 4760 Moses
2897 4702 3115 4758 edocet.
3151 4718 3170 4751 ι
3206 4698 3396 4761 Sume,
3417 4695 3622 4765 inquit,

2013 4825 2215 4883 aquam
2253 4802 2525 4861 ﬂuminis.
2559 4821 2578 4854 ι
2618 4797 2834 4856 Dehinc
2869 4811 2992 4852 eam
3027 4804 3191 4850 terra;
3235 4789 3454 4846 infundi
3478 4803 3622 4859 prae-

2004 4882 2172 4976 cepit.
2221 4901 2344 4957 Hoc
2368 4895 2638 4953 nimirum
2669 4890 3018 4964 aenigmatica
3041 4885 3386 4942 obscuritate
3435 4882 3622 4936 incar-

2007 4971 2252 5052 nationis
2304 4997 2392 5048 est
2440 4985 2788 5060 mysterium.
2828 4979 2993 5052 304
3028 4979 3166 5034 Cum
3191 4975 3342 5030 enim
3393 4973 3504 5027 vita
3551 4971 3622 5026 sit

2008 5086 2363 5158 Unigenitus,
2415 5087 2472 5134 et
2497 5094 2566 5134 ex
2592 5076 2707 5131 vita
2733 5075 2833 5129 Dei
2874 5070 3058 5127 Patris
3100 5066 3260 5138 quasi
3295 5061 3623 5136 proﬂuendo

2011 5182 2086 5238 sit
2125 5179 2371 5252 genitus,
2437 5171 2606 5227 modo
2639 5167 2880 5240 quodam
2933 5162 3237 5236 permistus
3270 5167 3353 5215 est
3391 5166 3624 5214 terrena

2016 5249 2374 5333 humanitati,
2407 5272 2471 5320 ut
2499 5271 2663 5318 terra:
2699 5274 2840 5330 aqua
2870 5275 2883 5310 :
2922 5275 2939 5308 ι
2976 5255 3037 5310 In
3064 5254 3186 5325 ipso
3209 5251 3360 5308 enim
3402 5249 3611 5306 inhabi-

2007 5371 2087 5420 tat
2138 5361 2320 5418 omnis
2378 5352 2671 5429 plenitudo
2729 5347 3042 5406 divinitatis
3090 5343 3460 5416 corporaliter
3481 5337 3558 5405 ³⁸,
3593 5359 3614 5393 ι

2007 5469 2244 5527 eamque
2279 5446 2685 5523 propemodum
2727 5444 2985 5498 humanae
3016 5446 3228 5495 natura
3270 5435 3526 5493 contulit.
3566 5433 3622 5489 Id

2008 5565 2146 5607 vero
2176 5547 2304 5620 quis
2344 5548 2530 5600 mente
2559 5536 2829 5609 consequi
2856 5542 2952 5590 aut
2984 5547 3244 5589 sermone
3260 5529 3468 5603 queat?
3497 5528 3628 5583 Ver-

2011 5642 2152 5697 titur
2198 5645 2384 5694 autem
2419 5635 2477 5689 in
2523 5629 2853 5703 sanguinem
2896 5641 3050 5697 aqua.
3113 5624 3237 5679 Vita
3272 5621 3422 5675 enim
3460 5632 3528 5671 ex
3565 5629 3622 5671 se

353 5765 404 5798 "
436 5763 614 5819 Exod.
655 5780 729 5825 Iv,
777 5763 832 5818 9.
912 5766 956 5798 ³³
986 5767 1146 5824 Rom.
1209 5783 1281 5833 XI,
1315 5767 1367 5834 5,
1406 5767 1458 5822 6.
1539 5765 1583 5799 ³³
1633 5763 1826 5820 Matth.
1872 5778 1896 5817 κ

2002 5758 2194 5816 58-40.
2273 5749 2744 5815 “Joan.xu,‘23.
2826 5740 3150 5804 “ibid”,
3232 5731 3472 5788 "Exod.
3541 5745 3618 5793 ιν.

279 5838 337 5892 9.
418 5835 466 5868 ³³⁸
498 5834 618 5890 Col.
683 5851 738 5894 ll.
795 5835 848 5890 9.
