4060 6514
486 349 597 407 4⁸19
1507 347 1568 406 S.
1609 350 1884 407 CYRILLI
1921 351 2394 413 ALEXANDRINI
2431 353 2748 411 ARClIlEP.
3664 352 3760 409 ιδο

483 481 694 536 suaque
717 470 936 533 natura,
957 464 1067 522 hoc
1105 473 1211 533 est,
1234 464 1335 523 Dei
1358 467 1536 523 Patris
1559 467 1826 534 Verbum,
1858 480 2082 540 propter

2244 472 2553 544 Κατῴκηκε
2597 473 2706 545 γὰρ
2753 465 2812 528 ὲν
2845 471 3062 546 Χριστῷ
3107 473 3216 527 πᾶν
3249 469 3309 524 τὸ
3356 469 3639 544 πλήρωμα
3670 471 3763 542 τῆς

482 555 712 612 unionis
739 557 1229 628 dispensationem,
1280 559 1336 612 in
1370 574 1592 614 carnem
1625 569 1778 630 puta,
1815 569 1980 631 atque
2018 561 2074 615 in

2213 564 2431 633 εότητος
2475 564 2833 634 σωματικῶςο
2879 583 2896 616 ι
2938 563 3222 635 μονονουχὶ
3248 563 3305 616 δὲ
3349 565 3419 634 τῇ
3452 559 3762 632 ἀνθρωπεία

483 649 802 705 universam
819 650 1217 706 humanitatem
1237 658 1600 722 naturamque
1625 662 1889 718 nostram,
1910 654 2076 708 etiam

2211 658 2559 729 υνενήνεκται
2597 657 2778 726 φύσει,
2806 657 2900 710 καὶ
2934 655 3008 720 ῶς
3040 657 3142 710 οὐκ
3170 655 3234 709 ἂν
3266 654 3488 708 δύναιτό
3515 670 3602 716 τις
3629 655 3762 705 νοεῖν

484 752 721 798 mortem
747 742 920 812 ipsam
941 742 1177 798 subiisse
1201 744 1320 798 visa
1341 753 1447 798 est.
1478 745 1726 800 Dicimus
1755 746 1903 801 enim
1931 762 2078 800 mor-

2250 749 2487 820 φράσαι·
2526 749 2664 820 πλὴν
2707 751 2787 812 είς
2836 744 2975 820 αἷμα
3013 747 3346 820 μετεποιήθη
3401 746 3466 799 τὸ
3497 745 3663 816 ὕδωρ.
3701 744 3762 798 Ἡ

486 846 642 891 tuum
674 849 776 903 pro
788 834 969 898 nobis,
1004 850 1116 888 non
1141 841 1324 890 tamen
1348 835 1404 889 in
1420 838 1645 906 propria
1680 837 1732 890 id
1755 853 2075 909 perpessum
2104 866 2109 870 -

2211 841 2287 910 ’άρ
2331 840 2472 894 κατὰ
2511 840 2672 908 φύσιν
2706 837 2841 911 ζωὴ,
2883 839 3182 903 τουτέστιν,
3213 840 3240 892 6
3286 839 3348 891 ἐκ
3378 835 3520 889 Θεοῦ
3556 835 3763 906 Πατρδς

485 934 703 978 natura.
729 925 979 978 Mortuus
1010 924 1159 979 enim
1207 942 1319 982 non
1346 938 1513 992 esset,
1541 944 1666 983 cum
1709 931 1781 984 sit
1807 929 1939 995 vita,
1980 931 2077 986 sed

2211 932 2370 1000 ιόγος,
2404 933 2524 985 καθ’
2547 931 2740 985 ἕνωσιν
2767 931 3134 1001 οἰκονομικὴν,
3173 929 3272 1000 τὴν
3310 929 3386 991 ὡς
3421 926 3560 1000 πρὸς
3595 927 3764 997 σάρκα

488 1013 639 1068 carni
665 1030 777 1068 suae
802 1023 1036 1070 mortem
1068 1018 1224 1086 quasi
1276 1013 1670 1089 appropriavit.
1698 1020 1836 1075 Vide
1869 1021 2074 1091 itaque,

2211 1022 2346 1092 νημὶ,
2397 1021 2516 1090 ἦτοι
2546 1021 2682 1091 πρὸς
2708 1021 3002 1092 ὁλόκληρον
3049 1018 3450 1090 άνθρωπότητα
3477 1014 3573 1067 καὶ
3612 1013 3764 1082 φύσιν

486 1105 635 1175 quod
667 1105 713 1160 si
739 1105 918 1161 Moses
948 1122 1150 1176 aquam
1181 1106 1238 1160 in
1269 1115 1474 1162 terram
1515 1107 1822 1173 effudisset,
1865 1111 1920 1165 in
1949 1127 2078 1166 san-

2215 1112 2278 1184 ὴν
2310 1113 2430 1166 καθ’
2460 1115 2630 1181 ἡμᾶς,
2676 1112 2769 1164 καὶ
2798 1113 2855 1164 ἐν
2884 1111 3100 1180 δοκήσει
3135 1108 3326 1178 γέγονε
3351 1104 3452 1159 τοῦ
3483 1105 3580 1158 καὶ
3613 1104 3765 1158 αὑτὸν

487 1199 710 1268 guinem
743 1213 904 1254 versa
927 1215 1037 1254 non
1059 1205 1242 1264 esset;
1277 1199 1425 1269 quod
1450 1199 1800 1256 manifestum
1823 1210 1905 1256 est
1929 1217 2077 1256 mor-

2211 1205 2481 1275 ίνατλῆναι
2511 1204 2601 1257 τὸν
2627 1202 2876 1258 θάνατον.
2906 1201 3088 1272 Φαμὲν
3117 1199 3224 1270 γὰρ
3258 1199 3341 1251 ὅτι
3373 1197 3472 1250 καὶ
3503 1194 3762 1248 ἀπέθανεν

490 1287 563 1342 tis
587 1286 872 1342 indicium.
908 1288 1150 1343 Verbum
1194 1289 1342 1342 enim
1365 1289 1462 1343 Dei
1496 1290 1652 1359 quasi
1675 1298 1830 1346 extra
1855 1308 2078 1348 carnem

2211 1297 2326 1368 νπὲρ
2356 1295 2532 1366 ἡμῶν,
2569 1296 2669 1348 οὐκ
2704 1297 2783 1357 είς
2825 1293 2959 1346 ίδίαν
3001 1292 3160 1360 φύσιν
3192 1288 3350 1343 τοῦτο
3387 1286 3554 1349 αὐτὸς
3587 1284 3764 1337 παθὼν

2185 1387 2432 1458 (τεθναίη
2450 1387 2558 1457 γὰρ
2578 1386 2737 1449 αὐτὸς
2757 1383 3034 1455 οὐδαμῶς,
3062 1381 3176 1453 ζωὴ
3201 1379 3514 1450 ὑπάρχων),
3535 1377 3668 1430 ἀλλὰ
3681 1377 3762 1429 τὸν

2182 1480 2285 1550 τῆς
2313 1479 2449 1542 ιδίας
2483 1478 2686 1550 σαρκὸς
2729 1476 3096 1544 οἰκειούμενος
3140 1473 3393 1527 θάνατον.
3433 1469 3628 1538 Ἀθρει
3663 1467 3763 1538 γὰρ

2184 1571 2352 1634 ὅπως,
2386 1571 2434 1622 εί
2472 1569 2546 1640 μὴ
2577 1569 2790 1639 ἐξέχεεν
2815 1570 2843 1622 6
2889 1567 3099 1636 Μωσῆς
3122 1566 3183 1618 τὺ
3215 1563 3361 1632 ὕδωρ
3406 1563 3487 1624 είς
3522 1559 3618 1630 τὴν
3646 1560 3760 1628 γῆν,

2185 1663 2247 1713 οὑ
2287 1659 2620 1730 μετεποιήθτι
2647 1661 2727 1721 εἰς
2754 1653 2893 1728 αἷμα
2916 1673 2930 1690 ’
2963 1657 3099 1727 ὅπερ
3119 1655 3264 1708 ἐστὶν
3293 1651 3527 1721 ἐναργὲς
3547 1648 3761 1702 Θανάτου

2191 1752 2435 1821 σημεῖον.
2473 1747 2621 1812 ’Έξω
2673 1747 2769 1817 μὲν
2805 1746 2913 1817 γὰρ
2955 1746 3054 1815 τῆς
3089 1743 3291 1814 σαρκὸς
3331 1739 3622 1808 νοούμενος
3651 1739 3676 1789 6
3706 1738 3762 1788 ἐκ

492 1833 808 1888 multitudo.
833 1832 968 1900 Quis
981 1835 1130 1889 enim
1147 1834 1376 1889 credere
1391 1833 1682 1901 detrectet,
1707 1845 1940 1892 mortem
1963 1855 2085 1909 quae

2211 1841 2322 1895 ’τοῦ
2370 1841 2562 1908 Λόγος,
2610 1839 2724 1907 ζωὴ
2774 1839 2868 1891 καὶ
2928 1835 3188 1901 ζωοποιός
3244 1835 3418 1886 ἐστιν.
3471 1827 3684 1896 Ἐπειδὴ
3711 1826 3761 1878 δὲ

491 1923 823 1977 mortalibus
876 1922 1092 1993 pridem
1151 1923 1386 1978 molesta
1431 1924 1557 1977 erat
1610 1933 1776 1995 atque
1828 1926 2087 1997 infausta,

2211 1929 2513 2001 ιατῷκηκεν
2541 1930 2598 1982 ὲν
2637 1927 2819 1996 σαρκὶ,
2851 1926 2972 1978 τότε
3001 1925 3090 1993 δὴ,
3127 1923 3249 1977 τότε
3278 1923 3377 1976 καὶ
3415 1914 3661 1973 τεθνάναι
3687 1914 3760 1967 λέ-

491 2027 726 2068 cernens
762 2013 1129 2079 debilitatam,
1161 2013 1578 2083 corruptionem
1628 2015 1889 2083 ablatam,
1927 2025 2092 2089 atque

2211 2038 2343 2088 roum.
2375 2022 2516 2076 κατὰ
2549 2020 2610 2072 τὸ
2637 2016 2996 2089 ἀνθρώπινον.
3030 2015 3201 2069 Τοῦτο
3227 2013 3292 2084 δὴ
3319 2011 3512 2064 λοιπὸν
3540 2009 3599 2062 τὸ
3631 2005 3761 2070 ἐξαί-

493 2105 550 2158 in
576 2118 729 2172 spem
751 2103 877 2158 vitae
906 2105 1260 2173 sempiterna:
1278 2120 1454 2174 genus
1472 2103 1777 2159 humanum
1810 2109 2094 2162 erectum?

2211 2111 2306 2163 rt6v
2346 2112 2461 2162 ἐστι
2507 2110 2604 2161 καὶ
2649 2107 2908 2176 διαφανὲς
2944 2106 3194 2176 σημεῖον,
3217 2103 3282 2156 δι’
3313 2095 3378 2154 οῦ
3419 2101 3515 2153 καὶ
3547 2098 3760 2164 σεσαγή-

495 2195 568 2254 Ut
585 2193 734 2247 enim
766 2194 1100 2248 commortui
1118 2208 1309 2248 sumus
1333 2191 1565 2257 Adamo,
1585 2194 1667 2248 sic
1695 2202 1751 2248 et
1775 2209 1901 2248 cum
1928 2194 2092 2249 Chri-

2211 2219 2374 2256 ιευται
2417 2202 2513 2272 μὲν
2557 2202 2638 2263 εἰς
2682 2200 2866 2253 πίστιν
2910 2199 2971 2251 τὸ
2999 2196 3356 2265 κατάλειμμα
3386 2191 3481 2246 τοῦ
3538 2187 3757 2260 Ἰσραὴλ,

495 2293 582 2338 sto
606 2283 831 2338 excitati
871 2298 1084 2348 sumus,
1123 2291 1184 2336 ut
1211 2285 1444 2338 testatur
1477 2290 1703 2338 sanctus
1724 2283 1926 2340 Paulus
1954 2287 2092 2341 scri-

2211 2293 2644 2361 τυνεισκέκληται
2665 2293 2720 2346 δὲ
2751 2292 2845 2344 καὶ
2868 2291 3006 2361 αὐτὴ
3035 2289 3143 2342 τῶν
3174 2287 3347 2342 ἐθνῶν
3374 2287 3409 2356 ὴ
3438 2282 3657 2354 πληθύς.
3677 2278 3761 2341 Τίς

496 2375 632 2429 hens
664 2393 678 2429 :
711 2395 728 2427 ι
765 2375 918 2430 Sicut
955 2377 1010 2430 in
1049 2375 1224 2430 Adam
1253 2389 1446 2430 omnes
1490 2375 1794 2440 morimur,
1831 2376 1905 2431 ita
1951 2387 2008 2432 et
2042 2379 2094 2432 in

2211 2384 2302 2456 (ἂρ
2346 2387 2447 2439 οὐκ
2485 2386 2550 2440 ἂν
2583 2385 2866 2456 μεταθεῖ-το
2905 2384 3040 2455 πρὸς
3074 2380 3413 2443 εὐπείθειαν,
3447 2376 3761 2441 ἀτονήσαντα

495 2465 723 2520 Christo
783 2481 977 2522 omnes
1036 2465 1532 2521 vivificabimur”.
1571 2485 1590 2517 ι
1637 2465 1893 2522 Redemit
1949 2471 2097 2526 enim

2211 2476 2410 2530 Βλέπων
2437 2477 2530 2530 τὸν
2553 2477 2720 2532 πάλαι
2750 2475 2920 2529 δεινὸν
2945 2474 3038 2527 καὶ
3061 2474 3394 2541 δυσάντητον
3421 2469 3531 2530 τοῖς
3562 2465 3647 2517 ἐπὶ
3671 2460 3760 2530 γῆς

500 2572 603 2611 nos
627 2558 892 2628 sanguine
921 2573 1042 2622 suo,
1069 2565 1124 2613 et
1149 2573 1250 2627 pro
1273 2557 1520 2612 omnium
1543 2558 1656 2626 vita
1686 2575 1842 2614 suam
1870 2561 1986 2631 ipse
2013 2563 2096 2615 vi-

2211 2565 2441 2632 >άνατον,
2475 2569 2567 2621 καὶ
2601 2565 3031 2637 κατηργημένην
3065 2565 3162 2634 τὴν
3189 2561 3424 2631 φθορὰν,
3457 2560 3549 2611 καὶ
3587 2557 3660 2616 εἰς
3687 2553 3760 2605 έλ-

502 2657 614 2702 lam
649 2649 1054 2720 Oppigneravit.
2197 2657 2325 2711 πίδα
2376 2658 2520 2729 ζωῆς
2562 2660 2663 2727 τῆς
2707 2658 3067 2726 ἀτελευτήτου
3126 2655 3225 2726 τὴν
3279 2650 3572 2722 ἀνθρώπου
3619 2645 3760 2715 φύσιν

499 2741 907 2811 ἁνηνεγμένην;
946 2742 1155 2812 Ὠσπερ
1179 2740 1288 2812 γάρ
1328 2740 1771 2810 συναπεθάνομεν
1830 2740 1910 2810 τῷ
1965 2742 2157 2814 Ἀδὰμ,
2199 2747 2343 2801 οὕτω
2388 2749 2836 2820 συνεγηγέρμεθα
2876 2747 2955 2818 τῷ
3007 2745 3250 2818 Χριστῷ,
3299 2745 3400 2798 καὶ
3450 2738 3759 2814 μαρτυρήσει

501 2835 727 2904 γράφων
757 2835 886 2905 ἡμῖν
927 2835 955 2887 6
985 2833 1270 2895 θεσπέσιος
1298 2832 1532 2897 Παῦλοςο
1568 2852 1585 2884 ι
1625 2834 1836 2904 Ὥσπερ
1905 2834 2012 2905 γὰρ
2053 2836 2110 2888 ἐν
2148 2839 2225 2908 τῷ
2284 2841 2456 2913 Ἀδὰμ
2500 2844 2697 2905 πάντες
2738 2842 3180 2911 ἀποθνήσκομεν,
3229 2837 3380 2889 οὕτω
3442 2833 3537 2888 καὶ
3582 2833 3635 2883 ὲν
3695 2824 3762 2895 τῷ

501 2913 958 2996 Χριστῷπάντες
1001 2924 1473 2995 ζωοποιησῦμεθα.
1515 2943 1534 2974 ι
1587 2923 1927 2994 Ἕξεπρίατο
1981 2925 2090 2996 γὰρ
2128 2930 2276 3000 ἡμᾶς
2306 2933 2384 3004 τῷ
2449 2934 2563 3004 ἰδίῳ
2629 2934 2842 3004 αἵματι,
2872 2933 2966 2985 καὶ
2998 2931 3098 3001 τῆς
3129 2929 3388 2983 ἁπάντων
3419 2923 3561 2992 ζωῆς
3592 2917 3759 2974 ἀντάλ-

501 3019 689 3089 λαγμα
713 3021 812 3090 τὴν
850 3017 1044 3073 ἑαυτοῦ
1082 3017 1226 3088 ζωὴν
1253 3021 1565 3090 ἐποιήσατο.

571 3111 625 3165 5.
653 3110 760 3165 Sed
784 3125 1098 3179 quanquam
1129 3117 1237 3164 tam
1283 3109 1486 3164 eximia
1535 3117 1592 3164 et
1639 3109 1955 3164 veneranda
2003 3125 2095 3164 os-

2273 3116 2334 3162 ε’.
2390 3109 2550 3162 Ἀλλὰ
2584 3108 2760 3162 καίτοι
2852 3103 2962 3160 τῶν
3071 3105 3210 3160 οὕτω
3240 3103 3460 3158 σεπτῶν
3492 3117 3758 3172 τερατουρ-

504 3212 653 3258 tenta
689 3201 904 3265 tierent,
941 3209 1125 3256 tamen
1157 3200 1340 3256 adhuc
1366 3201 1584 3255 dubitat
1618 3200 1814 3264 Moses,
1843 3210 2101 3270 metuque

2211 3202 2470 3270 γημάτων
2521 3199 3042 3269 ἐκπεπερασμένων,
3081 3196 3230 3251 ἀλύει
3282 3195 3508 3265 Μωσῆς,
3556 3193 3756 3264 ἡττᾶται

503 3291 845 3360 corripitur,
911 3290 1353 3359 legationemque
1416 3289 1710 3344 detrectat.
1761 3289 1900 3344 Cum
1955 3291 2103 3346 enim

2211 3292 2424 3356 δειλίας,
2471 3291 2623 3346 οὔπω
2666 3291 2975 3364 τεθάρρηκε
3023 3288 3122 3359 τὴν
3159 3287 3486 3357 ἀποστολήν.
3531 3284 3674 3338 Ίέναι
3703 3280 3756 3350 δὴ

506 3385 653 3441 Deus
675 3382 1023 3451 praeciperet,
1055 3389 1113 3434 ut
1135 3381 1201 3435 ad
1235 3382 1580 3436 Pharaonem
1605 3383 1915 3449 accederet,
1943 3386 2104 3454 eique

2211 3385 2290 3437 ὅτι
2319 3385 2587 3454 προσήκει
2619 3384 2756 3454 πρὸς
2774 3381 2973 3454 Φαραὼ
2997 3379 3133 3434 Θεοῦ
3159 3380 3605 3450 προστάττοντος,
3629 3375 3755 3441 διαγσ

488 1378 876 1442 constitutum,
926 1379 1040 1433 vita
1087 1387 1173 1434 est
1215 1386 1271 1434 et
1313 1379 1620 1434 vivificaris.
1665 1378 1805 1446 Quia
1843 1397 1978 1437 vero
2022 1383 2079 1438 in

485 1484 655 1523 carne
685 1468 974 1532 habitavit,
1000 1477 1294 1539 propterea
1323 1469 1610 1524 hominum
1646 1487 1800 1528 more
1826 1481 2080 1528 mortuus

491 1559 720 1614 dicitur.
753 1558 1025 1615 Caeterum
1069 1559 1176 1614 hoc
1217 1575 1576 1630 permagnum
1619 1570 1784 1632 atque
1816 1563 2080 1620 eximium

492 1651 709 1721 signum
733 1658 837 1716 est,
873 1667 983 1720 quo
1005 1651 1164 1721 quasi
1195 1652 1301 1706 reti
1346 1651 1530 1721 aliquo
1563 1652 1632 1708 ad
1663 1653 1824 1708 ﬁdem
1865 1665 2079 1726 pertra-

494 1743 769 1796 hebantur
799 1742 1046 1810 reliquiae
1078 1741 1268 1807 Israel,
1294 1750 1352 1797 et
1378 1751 1681 1799 convocata
1717 1752 1802 1799 est
1832 1748 2080 1817 gentium

507 3473 862 3528 annuntiaret
887 3479 949 3526 ut
987 3472 1251 3542 populum
1304 3472 1470 3528 lsrael
1513 3472 1840 3540 dimitteret,
1871 3476 1964 3544 qui
1999 3476 2106 3531 sibi

509 3568 563 3620 in
597 3579 785 3618 eremo
827 3570 976 3618 esset
1005 3563 1453 3626 sacrificaturus,
1496 3563 1790 3619 abhorruit
1828 3581 1856 3619 a
1887 3568 2108 3637 negotio

509 3672 620 3712 non
650 3655 1027 3719 mediocriter,
1050 3656 1340 3710 manifeste
1365 3657 1511 3726 quod
1532 3666 1678 3712 esset
1714 3674 1967 3718 sermone
1987 3677 2106 3716 mo-

511 3749 688 3813 dicus,
738 3757 794 3803 et
839 3747 1133 3803 obscuram
1182 3749 1418 3804 haberet
1453 3749 1748 3820 loquelam,
1783 3751 1864 3807 sic
1889 3753 2108 3809 confos-

510 3856 607 3896 sus
638 3859 650 3894 :
697 3861 713 3892 ι
743 3841 861 3896 Νοη
893 3856 1036 3907 sum,
1073 3841 1183 3907 ait,
1221 3841 1489 3911 eloquens
1545 3842 1614 3897 ab
1653 3843 1775 3898 heri
1807 3853 1865 3900 et
1906 3845 2112 3900 nudius

514 3934 732 3997 tertius,
767 3941 824 3989 et
846 3950 913 3989 ex
936 3949 1046 4003 quo
1073 3934 1291 3989 locutus
1316 3949 1377 3988 es
1395 3934 1463 3989 ad
1492 3951 1709 3990 servum
1745 3945 1921 4001 tuum,
1950 3938 2114 4009 305

516 4024 887 4095 impeditioris
913 4032 970 4079 et
1001 4023 1256 4079 tardioris
1279 4025 1478 4096 linguae
1502 4027 1702 4080 sum”.
1741 4047 1758 4078 ι
1789 4028 1932 4094 Quin
1971 4041 2028 4085 et
2053 4046 2114 4086 se

515 4117 698 4172 minus
729 4133 850 4172 esse
890 4131 1082 4186 parem
1125 4132 1290 4187 quam
1355 4125 1416 4172 ut
1459 4119 1721 4188 populum
1752 4135 1782 4174 a
1833 4122 2116 4178 servitutis

511 4214 644 4283 iugo
666 4212 902 4266 liberare
919 4218 1104 4281 queat,
1129 4226 1241 4266 non
1270 4211 1506 4266 obscure
1531 4212 1846 4281 profitetur,
1883 4213 2114 4274 dicens:

523 4321 542 4354 ι
572 4303 834 4370 Obsecro,
880 4302 1128 4368 Domine,
1181 4302 1335 4357 mitte
1388 4302 1556 4356 alium
1601 4309 1900 4371 potentem,
1952 4320 2117 4374 quem

517 4394 790 4450 missurus
832 4411 894 4451 es
908 4395 970 4449 ’·¹.
1003 4417 1021 4447 ι
1053 4396 1165 4451 Deo
1195 4407 1379 4453 autem
1409 4397 1704 4468 pollicente
1749 4398 1994 4470 linguam
2033 4399 2114 4453 illi

517 4501 578 4542 se
603 4485 959 4550 daturum,et
991 4502 1055 4541 os
1097 4486 1495 4554 dilataturum,
1541 4497 1597 4544 et
1633 4489 1780 4558 quod
1809 4489 1928 4560 ipse
1966 4498 2115 4546 esset

521 4577 674 4633 solus
713 4577 808 4647 qui
849 4578 1174 4646 sapientiam
1222 4588 1277 4634 et
1306 4580 1678 4650 eloquentiam
1703 4581 1935 4636 donaret
1966 4598 2118 4638 asse—

522 4676 678 4724 rente
699 4707 713 4732 ,
746 4668 920 4738 magis
948 4684 1004 4722 se
1030 4671 1350 4734 excusabat,
1381 4671 1661 4741 aliumque
1678 4673 1772 4741 qui
1804 4672 1978 4742 magis
2001 4671 2122 4726 istis

523 4761 776 4833 polleret,
807 4761 1067 4816 substitui
1115 4761 1318 4816 debere
1352 4762 1609 4830 dicebat;
1657 4765 1908 4834 adeoque
1945 4765 2119 4820 Deum

523 4870 635 4910 non
665 4853 863 4909 leviter
892 4853 1227 4908 offendebat.
1256 4854 1578 4920 «Incensus,
1611 4856 2118 4927 inquitScriptura,

527 4947 608 5001 ira
642 4947 908 5004 Dominus
944 4935 1011 5000 ad
1046 4945 1230 5001 Mosen
1263 4947 1340 5001 ait
1378 4965 1391 5000 :
1426 4947 1617 5002 Nonne
1644 4948 1798 5003 vides
1842 4947 2113 5004 Aaronem

527 5038 753 5094 fratrem
785 5046 961 5103 tuum,
1003 5039 1294 5094 Levitam?
1329 5038 1456 5094 Scio
1487 5038 1636 5108 quod
1663 5040 1898 5109 loquens
1922 5039 2116 5109 loque-

527 5139 619 5186 tur
645 5131 904 5200 prote".
937 5152 954 5184 ι
995 5133 1228 5202 Insuper
1280 5131 1360 5187 ait
1412 5150 1424 5184 :
1467 5151 1483 5184 ι
1521 5131 1623 5187 Hic
1660 5148 1724 5187 os
1763 5132 1864 5187 tibi
1902 5133 2011 5197 sit;
2056 5138 2117 5185 tu

531 5237 658 5276 vero
676 5221 779 5290 ipsi
801 5222 857 5276 in
872 5223 958 5277 his
977 5239 1099 5294 quae
1119 5223 1186 5278 ad
1201 5225 1373 5279 Deum
1399 5221 1680 5293 pertinent
1698 5222 1759 5274 ".
1775 5242 1794 5274 ι
1822 5222 1988 5278 Vides
2009 5229 2121 5276 tara

531 5313 812 5382 diloquum
829 5315 1035 5385 lingua,
1053 5324 1109 5370 et
1124 5316 1292 5372 veluti
1311 5316 1700 5372 adumbratum
1720 5315 1777 5369 in
1805 5313 1935 5370 divo
1949 5312 2122 5370 Mose?

535 5400 644 5457 Nec
675 5401 930 5456 cnimlex
945 5403 1220 5460 sufﬁciens
1257 5415 1377 5460 erat
1402 5407 1470 5461 ad
1512 5406 1736 5462 oracula
1759 5404 2121 5468 enuntianda,

536 5507 639 5547 nec
665 5492 800 5547 satis
838 5493 1042 5549 diserta
1069 5503 1164 5549 aut
1203 5495 1490 5566 eloquens,
1537 5497 1606 5552 ad
1638 5505 1884 5554 exactam
1929 5510 2122 5551 eorum

538 5600 661 5654 quae
697 5585 956 5641 salutaria
987 5594 1116 5640 sunt
1147 5587 1638 5642 commendandam
1681 5587 2121 5657 intelligentiam,

618 5788 664 5821 ³⁹
695 5787 713 5848 l
741 5786 866 5845 Cor.
904 5805 992 5855 xv,
1049 5788 1136 5843 ἥ.
1216 5792 1257 5823 ⁸ο
1285 5790 1456 5846 Exod.
1496 5806 1567 5856 tv,
1599 5789 1682 5855 l0,
1761 5790 1800 5821 ’δ’
1835 5788 1968 5843 ibid.
2017 5787 2098 5840 15.

2145 4451 2191 4509 D

2209 3475 2469 3544 γελοῦντα
2490 3474 2674 3541 σαφῶς
2686 3475 2890 3528 ἀνεῖναι
2907 3473 2995 3526 τὸν
3028 3470 3281 3541 Ἰσραὴλ,
3301 3468 3528 3522 θύσοντά
3547 3464 3757 3538 μοικατὰ

2209 3566 2305 3636 τὴν
2345 3567 2552 3636 ἔρημον
2567 3583 2582 3599 ο
2603 3566 2981 3636 καταπέφρικε
3027 3563 3124 3634 μὲν
3147 3561 3206 3614 τὸ
3229 3557 3423 3631 χρῆμα
3445 3560 3502 3611 οὺ
3533 3555 3754 3628 μετρίως,

2210 3657 2510 3728 προσφέρει
2524 3676 2581 3710 τε
2595 3658 2768 3726 λέγων
2780 3657 3101 3725 ἀναφανδὸν,
3118 3655 3191 3718 ὡς
3208 3655 3295 3722 εἴη
3317 3653 3413 3723 μὲν
3432 3653 3456 3704 6
3464 3644 3758 3721 μολογουμέ-

2211 3763 2317 3810 νως
2345 3748 2525 3816 ὀλίγος
2554 3749 2632 3810 εἰς
2653 3747 2866 3815 λόγους,
2891 3747 2989 3798 καὶ
3009 3744 3229 3817 παράση
3242 3760 3342 3813 μον
3364 3741 3474 3811 ἔχει
3502 3739 3595 3809 τὴν
3620 3732 3760 3804 γλῶτ-

2211 3855 2310 3891 ταν
2333 3857 2342 3868 ·
2374 3859 2390 3889 ι
2414 3839 2487 3890 Οὐ
2515 3839 2623 3908 γὰρ
2641 3837 2863 3901 εῦλαλός
2880 3840 2993 3908 είμι
3023 3837 3128 3908 πρὸ
3147 3839 3245 3908 τῆς
3265 3835 3416 3906 χθὲς,
3436 3833 3552 3888 οὐδὲ
3572 3826 3759 3900 πρὸτῆς

2213 3929 2404 4001 τρίτης
2423 3930 2786 4003 ήμέρας,οὗδ“
2817 3930 2909 3998 ἀφ’
2936 3922 2998 3982 οὗ
3025 3930 3177 4001 ἤρξω
3196 3929 3379 3982 λαλεῖν
3404 3926 3480 3996 τῷ
3501 3914 3758 3992 θεράποντί

2217 4038 2331 4086 σου,
2352 4022 2680 4092 ἰσχνόφωνος
2697 4021 2790 4075 καὶ
2810 4022 2839 4092 β
2847 4021 3228 4093 ραδύγλωσσος
3257 4021 3370 4089 ἐγώ
3392 4019 3522 4087 εἰμι.
3548 4035 3564 4066 ι
3583 4014 3690 4063 Ὀτι
3707 4007 3758 4074 δὴ

2217 4113 2313 4166 καὶ
2353 4112 2623 4176 ἀνικάνως
2661 4113 2774 4184 ἔχει
2823 4113 2958 4183 1:96;
2986 4112 3252 4184 λύτρωσιν
3285 4110 3392 4165 τῶν
3437 4100 3760 4160 ὑποδουλείων

2218 4204 2421 4273 ζυγῶν,
2461 4204 2826 4259 διεϐεϐαιοῦτο
2879 4204 3087 4274 σαφῶς,
3125 4203 3334 4273 ἔφασκέ
3368 4218 3456 4254 τε·
3504 4217 3521 4250 ι
3564 4192 3755 4262 Δέομαιν

2221 4298 2413 4368 Κύριε,
2449 4297 2794 4370 προχείρισαι
2817 4296 2974 4352 ἄλλον
2997 4295 3316 4366 δυνάμενον,
3339 4295 3395 4347 ὃν
3414 4285 3722 4347 ἀποστελεῖς,
3736 4295 3752 4329 ι

2223 4387 2540 4459 Χαριεῖσθαι
2577 4387 2634 4441 δὲ
2661 4387 2755 4441 καὶ
2787 4386 3032 4455 γλῶτταν
3080 4385 3228 4457 αὑτῴ
3258 4386 3353 4440 καὶ
3396 4384 3560 4450 στόμα
3588 4387 3754 4428 κατευσ

2219 4478 2399 4550 ρύνειν
2428 4479 2860 4549 ὑπισχνουμένου
2877 4478 3035 4543 Θεοῦ,
3071 4479 3165 4532 καὶ
3197 4477 3270 4542 ὡς
3303 4475 3462 4536 αὐτὸς
3487 4470 3567 4538 εἴη
3597 4466 3753 4530 λέγον·

2218 4589 2308 4635 τος
2341 4573 2370 4624 6
2409 4571 2601 4640 σοφίας
2639 4570 2733 4624 καὶ
2773 4570 2934 4639 λόγου
2964 4570 3151 4644 δοτὴρ,
3195 4566 3532 4640 μακροτέραν
3557 4555 3756 4644 gmw?”

2217 4663 2315 4732 τὴν
2344 4664 2698 4734 παραίτησιν,
2726 4662 2913 4734 ἓτερον
2943 4662 3141 4733 χρῆναι
3171 4662 3344 4729 λέγων
3382 4643 3752 4734 ἀναδείκνυσθαι

2218 4731 2307 4807 τδν
2336 4731 2651 4825 δυνάμενον.
2684 4731 3023 4825 Προσκροῦει
3047 4754 3112 4824 δὴ
3143 4749 3237 4806 οὖν
3265 4751 3434 4821 ταύτῃ
3454 4741 3585 4812 Θεῷ.
3611 4758 3628 4789 ι
3664 4731 3755 4787 Καὶ

2219 4845 2490 4916 θυμωθεὶς
2513 4847 2639 4917 γὰρ,
2660 4847 2843 4916 φησιν,
2873 4848 3013 4917 ὀργῇ
3044 4845 3246 4916 Κύριος
3275 4843 3366 4896 ἐπὶ
3386 4835 3579 4904 Μωσῆν
3607 4825 3751 4882 εἶπεν·

2219 4943 2330 4996 Οὐκ
2347 4942 2456 4995 ἰδοὺ
2487 4940 2694 5013 Ἀαρὼν
2717 4942 2745 4994 6
2766 4940 2991 5008 ἁδελφός
3016 4957 3110 4991 σου
3131 4940 3159 4990 6
3182 4936 3437 5003 Λευΐτης;
3464 4924 3753 5017 Ἐπίσταμαξ

2218 5034 2302 5088 ὅτι
2347 5031 2525 5085 λαλῶν
2560 5002 2788 5103 λαλήσει
2821 5002 2985 5094 αὑτός
3014 5046 3118 5082 σοι.
3159 5050 3176 5080 υ
3219 5027 3326 5082 Καὶ
3364 5002 3494 5093 ἀεί’δῖ
3529 5033 3586 5085 γε
3623 5002 3753 5103 τοῦτό

2223 5139 2409 5194 φησιν,
2439 5124 2523 5176 ὅτι
2551 5143 2567 5174 ι
2601 5100 2772 5188 Αὐτὸς
2801 5123 2954 5176 ἔσται
2979 5140 3072 5176 σου
3109 5121 3310 5191 στόμα’
3345 5119 3405 5169 σὺ
3437 5113 3492 5166 δὲ
3518 5104 3653 5204 abst]:

2221 5187 2298 5271 τὰ.
2318 5187 2455 5288 πρδς
2474 5216 2566 5270 τὸν
2604 5187 2762 5271 Θεόν,
2795 5234 2814 5267 ι
2861 5214 3022 5284 Ὁρᾷς
3055 5213 3115 5266 τὸ
3151 5187 3550 5282 βραδύγλωσσον
3573 5193 3655 5249 τοῦ
3682 5187 3752 5238 λόο

2221 5326 2319 5378 γου
2347 5307 2444 5361 καὶ
2477 5307 2645 5361 πάλαι
2679 5303 3022 5378 σκιαγραφού
3032 5322 3189 5375 μενον
3211 5305 3285 5367 ὡς
3315 5301 3370 5354 ἐν
3398 5315 3460 5366 γε
3487 5291 3557 5363 τῷ
3587 5289 3750 5386 Best“:

2224 5373 2326 5471 σίῳ
2357 5401 2568 5470 Muci);
2603 5399 2680 5451 Οὐ
2713 5373 3047 5468 γὰρηίκανδς
3075 5398 3102 5450 6
3150 5396 3311 5465 νόμος
3346 5392 3422 5450 εἰς
3454 5373 3748 5471 ἀπαγγξλίξν

2359 5450 2891 5556 ’χρὴ-σμῖῳδημάτων,
2938 5450 3065 5536 οὔτε
3111 5450 3226 5553 μὴν.
3257 5450 3749 5564 amomi-“limis?

2225 5553 2482 5651 γλωτὲὸςζ
2511 5553 2699 5647 alii“)
2718 5574 2925 5646 ἀκριϐῆ
2951 5575 3045 5630 τοῦ
3071 5575 3435 5646 συμφέροντος
3468 5553 3745 5629 παραθεῖναι

2177 5787 2220 5817 ⁸⁷
2253 5785 2389 5839 ibizl.
2435 5784 2506 5850 ll,
2555 5781 2641 5837 ιδ·
2714 5782 2757 5814 ⁸³
2788 5781 2922 5837 ibid.
2959 5783 3042 5840 l6.
