4060 6448
279 396 369 450 ιει

1267 389 1792 448 GLAPllYRORUM
1836 389 1904 446 IN
1945 385 2234 447 EXODUM
2275 389 2403 446 LIB.
2447 391 2511 446 ll.

3462 395 3568 449 682

275 523 369 566 m
415 511 639 582 γνῶσιν,
691 512 943 583 καθάπερ
979 509 1173 582 ἀμέλει
1213 511 1242 563 6
1274 511 1533 582 Χριστὸς,
1581 511 1608 563 6
1657 511 1858 583 ἀληθῶς

1978 509 2401 567 sicutChristus
2444 526 2612 566 verus
2641 510 2732 566 ille
2761 509 2950 566 Levita
2990 511 3148 582 cujus
3186 519 3375 584 typum
3401 514 3569 584 gessit

273 605 530 676 Δευῖτης,
568 599 626 659 οὗ
653 606 746 658 καὶ
778 608 858 670 εἰς
887 605 1054 658 τύπον
1091 601 1322 675 Ἀαρών.
1361 603 1419 656 '0
1451 605 1549 673 μὲν
1579 604 1685 676 γὰρ
1709 603 1858 674 νόμος

1976 599 2178 656 Aaron.
2227 601 2339 656 Lex
2367 601 2571 657 etenim
2604 601 2840 658 Mosaica
2884 602 2973 656 vix
3009 603 3077 656 ad
3109 602 3428 658 divinorum
3454 620 3568 658 ser-

272 698 405 751 όεδιά
430 697 700 763 Μωσέως,
737 701 817 763 εἰς
847 697 1022 770 ἀρχὰς
1055 696 1321 767 ἀποφέρει
1355 697 1508 768 μόλις
1534 695 1644 749 τῶν
1673 695 1858 766 λογίω

1974 707 2198 746 monum
2227 691 2480 762 perducit
2508 692 2812 762 primordia
2846 711 2856 744 :
2889 694 3024 763 quin
3047 694 3235 764 potius
3273 693 3568 748 imbecilli—

272 790 360 844 τοῦ
389 788 550 856 Θεοῦ,
581 791 674 843 καὶ
698 790 964 860 στοιχεῖόν
1002 791 1120 842 ἐστι
1150 791 1268 851 τοῖς
1308 787 1523 858 νηπίοις
1548 787 1868 858 εἰσηγητὴς,

273 881 568 952 παιδευτὴς
590 883 864 953 ἀιρρόνων,
896 881 984 936 διὰ
1019 881 1192 934 τύπου
1233 880 1327 933 καὶ
1356 880 1516 943 σκιᾶς
1560 879 1870 950 ἀμυδροτά-

271 992 363 1045 την
405 977 542 1046 ἡμῖν
589 975 922 1046 είσκομίζων
954 973 1110 1044 μόλις
1133 972 1240 1025 τῶν
1276 973 1566 1044 πρακτέων
1590 972 1688 1044 τὴν
1723 972 1868 1042 εἴδη-

273 1083 368 1118 σιν.
416 1066 473 1118 '0
506 1064 566 1117 δὲ
604 1065 822 1136 ἀληθῶς
845 1051 1158 1126 ίκανότατος
1181 1064 1274 1117 καὶ
1304 1063 1477 1134 μέγας
1500 1062 1657 1134 ἡμῶν
1688 1065 1867 1129 ἱερεὺς

273 1156 356 1209 καὶ
388 1156 617 1219 δυνατὸς
647 1159 724 1219 εἰς
764 1156 1090 1228 ἀποστολὴν,
1128 1155 1374 1208 τουτέστι
1401 1155 1657 1226 Χριστὸς,
1695 1171 1866 1207 κατα-

274 1248 624 1317 σκιασμάτων
659 1245 1094 1318 ἀπηλλαγμένην
1137 1245 1423 1318 παρέδειξε
1454 1245 1551 1316 τὴν
1581 1244 1861 1315 ἀλήθειαν.

271 1342 336 1394 Οὐ
368 1340 477 1411 γάρ
509 1341 630 1392 ἐστι
673 1339 874 1410 βραδὺς
905 1339 936 1410 ἢ
969 1339 1201 1409 ὀκνηρὸς
1229 1339 1328 1410 τὴν
1351 1337 1620 1407 γλῶτταν,
1664 1338 1696 1409 ἢ
1725 1337 1863 1408 βρα-

272 1429 360 1498 χὺς
392 1429 518 1490 τοὺς
560 1428 758 1496 λόγους
791 1429 933 1482 κατᾶ
973 1429 1201 1490 Μωσέα,
1232 1428 1368 1482 πολὺ
1407 1428 1464 1483 δὲ
1490 1428 1609 1482 λίαν
1639 1428 1860 1499 εὐεπὴς,

269 1521 356 1572 καὶ
386 1519 631 1590 μάλιστα
671 1521 746 1583 ὡς
777 1521 972 1588 σοφίας
1002 1520 1175 1588 Λόγος
1201 1519 1294 1573 τοῦ
1327 1519 1462 1573 Θεοῦ
1495 1522 1590 1574 καὶ
1623 1521 1858 1592 Πατρός.

269 1611 368 1664 Θέα
400 1611 476 1674 δὲ,
514 1612 640 1674 πῶς
671 1613 771 1683 οὐχ
805 1613 990 1676 ἱκανὸς
1014 1612 1112 1683 μὲν
1141 1615 1168 1667 6
1201 1613 1363 1682 νόμος
1392 1616 1469 1677 εἰς
1495 1615 1554 1666 τὸ
1584 1613 1860 1678 ἐξελέσθαι

269 1701 501 1767 δουλείας
545 1705 679 1766 τοὺς
733 1705 837 1758 ὑπὸ
889 1704 968 1775 τῷ
1024 1705 1200 1776 νοητῷ
1247 1707 1585 1777 πράττοντας
1634 1707 1856 1778 Φαραὼ,

270 1795 505 1848 τουτέστι
535 1796 617 1865 τῷ
654 1797 890 1868 Σατανᾷ,
921 1797 1028 1850 οὐδ’
1059 1797 1125 1851 ἂν
1159 1797 1440 1868 ὠφελῆσαί
1478 1819 1529 1853 τι
1569 1801 1665 1871 τὴν
1699 1801 1802 1871 γῆν
1831 1803 1859 1854 6

1975 786 2078 840 bus
2130 793 2294 856 atque
2332 785 2635 839 infantibus
2671 784 2828 854 quasi
2891 784 3292 850 rudimentum,
3339 785 3571 842 stolido-

1972 893 2206 947 rumque
2251 875 2511 947 magistra
2545 885 2629 931 cst
2671 877 2725 930 in
2758 876 2953 948 ﬁgura,
2991 885 3156 948 atque
3189 894 3288 948 per
3310 879 3566 932 umbram

1969 969 2418 1024 obscurissimam
2452 984 2593 1039 azgre
2639 968 2876 1044 aﬂerens
2921 985 3112 1024 eorum
3160 986 3283 1040 quae
3330 971 3562 1042 agenda,

1967 1062 2243 1117 notitiam.
2281 1063 2350 1116 At
2376 1063 2610 1116 maxime
2656 1047 2888 1117 idoneus
2928 1078 3265 1133 magnusque
3307 1065 3569 1118 sacerdos

1966 1163 2178 1219 noster,
2209 1163 2264 1209 et
2297 1153 2391 1224 qui
2418 1153 2692 1225 legatione
2723 1169 2886 1223 quam
2919 1155 3124 1224 Optime
3165 1153 3318 1226 fungi
3359 1160 3564 1224 potest,

1965 1245 2218 1302 Christus
2245 1245 2524 1310 videlicet,
2557 1245 2848 1300 veritatem
2882 1246 3096 1300 umbris
3123 1254 3281 1300 antea
3305 1245 3564 1316 designa-

1967 1345 2076 1392 tam
2105 1336 2449 1391 manifestam
2474 1336 2748 1390 exhibuit.
2786 1335 2905 1389 Non
2942 1335 3091 1389 enim
3118 1345 3202 1388 est
3244 1336 3433 1390 tardus
3460 1337 3566 1390 lin-

1963 1445 2089 1501 gua,
2119 1438 2213 1483 aut
2243 1427 2561 1499 impeditus,
2597 1437 2694 1482 aut
2741 1443 2998 1482 sermone
3031 1427 3239 1492 brevis,
3294 1434 3358 1481 ut
3386 1427 3568 1484 Moses

1961 1532 2116 1589 erat;
2156 1522 2290 1593 quin
2335 1523 2522 1593 potius
2572 1537 2824 1576 sermone
2869 1522 3106 1575 maxime
3166 1517 3460 1584 facundus,
3505 1527 3566 1574 ut

1960 1616 2202 1671 Verbum
2231 1615 2514 1686 sapientize
2547 1613 2643 1669 Dei
2669 1629 2733 1667 ac
2763 1613 2961 1667 Patris.
2994 1611 3101 1668 Sed
3140 1611 3385 1676 attende,
3412 1627 3563 1682 quas-

1960 1723 2042 1773 so,
2071 1724 2236 1778 quam
2260 1708 2347 1762 lex
2372 1707 2596 1761 minime
2621 1703 2852 1759 sufficiat
2874 1705 2941 1758 ad
2977 1705 3336 1759 eximendum
3372 1720 3401 1760 a
3443 1719 3564 1760 scr-

1961 1799 2135 1856 vitute
2187 1816 2284 1856 eos
2299 1799 2392 1870 qui
2424 1801 2527 1854 sub
2566 1799 2843 1872 spirituali
2867 1799 3174 1862 Pharaone,
3210 1797 3314 1851 hoc
3348 1805 3433 1851 est
3460 1795 3562 1852 Sa-

269 1888 547 1953 θεσπέσιος
580 1890 814 1961 Μωσῆς,
842 1891 1023 1943 καίτοι
1053 1890 1486 1964 διαφανεστάτην
1520 1895 1607 1945 ἐπ’
1637 1895 1858 1963 ἀρεταῖς

1967 1900 2115 1957 tana,
2158 1900 2452 1948 versantur
2482 1909 2494 1945 :
2523 1905 2702 1962 neque
2748 1890 2925 1960 prosit
2973 1887 3274 1958 quidquam
3323 1886 3379 1940 in
3414 1894 3563 1941 terra

268 1980 356 2052 τὴν
389 1981 547 2045 δόξαν
577 1981 722 2036 ἑλὼν
745 2023 760 2047 ,
795 1983 870 2056 μὴ
910 1983 1031 2055 οὐχὶ
1061 1987 1312 2048 συνόντος
1342 2004 1400 2038 τε
1430 1985 1580 2056 αὐτῷ
1622 1987 1714 2038 καὶ
1764 1988 1862 2038 ἑπ-

267 2073 555 2143 αμὺνοντος
599 2076 700 2129 τοῦ
736 2077 996 2147 Χριστοῦ.
1045 2077 1215 2131 Τοῦτο
1244 2078 1288 2133 δ’
1323 2077 1387 2132 ἂν
1425 2079 1618 2149 μὰοοις
1659 2073 1762 2132 ὧδέ
1802 2099 1859 2132 τε

267 2165 397 2234 ἔχειν
430 2166 523 2218 καὶ
558 2164 817 2235 ἀψευδῶς
866 2167 1121 2238 εἰρῆσθαι
1156 2166 1251 2237 ἀφ’
1297 2167 1453 2240 ἡμῶν
1495 2168 1582 2221 διὰ
1617 2168 1676 2221 τὺ
1719 2186 1861 2241 παρ-

265 2252 504 2322 εζεῦχθαι
533 2255 632 2307 τὸν
673 2254 904 2327 Ἀαρών.
948 2258 1057 2309 Καὶ
1094 2256 1399 2325 διαλέγεται
1434 2257 1532 2328 μὲν
1571 2258 1598 2310 6
1631 2259 1855 2330 Μωσῆς,

267 2343 530 2413 διατρανοί
554 2346 614 2399 δὲ
664 2343 753 2400 τὸν
803 2346 960 2416 λόγον
1001 2347 1234 2417 Ἀαρών.
1263 2347 1325 2400 Ei
1371 2347 1446 2418 μῆ
1478 2346 1588 2418 γὰρ
1637 2347 1856 2420 νοηθείη

267 2439 656 2508 πνευματικῶς
699 2441 728 2492 6
772 2437 959 2509 νόμος,
998 2439 1480 2504 ἀποκαλύπτοντος
1524 2441 1657 2511 ἡμῖν
1702 2439 1772 2493 τὰ
1800 2442 1858 2494 ἐν

267 2530 400 2601 αὑτῷ
426 2531 520 2584 τοῦ
551 2532 826 2604 Χριστοῦ,
871 2532 1145 2585 σκοτεινὸν
1180 2533 1275 2586 καὶ
1322 2534 1648 2604 άσυμφανὲς
1702 2533 1857 2588 ἔσται

265 2623 364 2685 τοῖς
389 2622 776 2695 ἀκροωμένοις
815 2626 877 2677 τὸ
904 2624 1256 2696 δηλούμενον.
1299 2627 1411 2680 Καὶ
1437 2627 1574 2697 γοῦν
1610 2626 1857 2681 Ἰουδαῖοι

265 2713 346 2765 τὸν
369 2714 805 2786 διερμηνεύοντα
829 2716 899 2769 τὰ
932 2718 1175 2781 Μωσέως
1209 2717 1308 2770 οὐκ
1339 2718 1574 2789 ἔχοντες,
1605 2719 1856 2772 τουτέστι

264 2805 345 2858 τὸν
391 2807 657 2878 Χριστὸν,
704 2809 1204 2882 ἀπομεμενήκασιν
1254 2811 1506 2880 ἀμαθεῖς.
1565 2812 1856 2884 Τοιγάρτοι

270 2900 352 2952 καὶ
397 2899 646 2970 ἔφασκεν
675 2901 705 2953 6
750 2900 1038 2964 θεσπέσιος
1069 2901 1283 2966 Παῦλος
1303 2918 1318 2934 ο
1365 2921 1384 2955 ι
1423 2904 1585 2973 ’Λχρι
1617 2903 1725 2974 γὰρ
1754 2904 1855 2975 τῆς

267 2992 490 3064 σήμερον
520 2992 633 3063 ήμέ
646 3010 766 3063 ρας,
789 2994 850 3048 τὸ
875 2993 1007 3048 αὐτὸ
1036 2994 1303 3066 κάλυμμα
1337 2995 1431 3048 ἐπὶ
1458 3000 1522 3068 τῇ
1547 2995 1855 3067 ἀναγνώσει

265 3083 353 3154 τῆς
383 3086 633 3149 Παλαιᾶς
681 3087 957 3158 Διαθήκης
1003 3087 1154 3158 μένει
1197 3088 1271 3160 μὴ
1313 3089 1852 3160 ἀνακαλυπτόμενον,

263 3175 336 3228 δτι
362 3177 415 3227 ὲν
444 3176 675 3250 Χριστῷ
703 3181 1084 3248 καταργεῖται.
1119 3179 1259 3236 Ἀλλ’
1288 3180 1392 3244 ἕως
1413 3181 1655 3252 σήμερον
1688 3181 1854 3252 ἡνίκα

263 3270 694 3338 ἀναγινώσκεται
743 3272 976 3343 Μωσῆς,
1019 3272 1286 3344 κάλυμμα
1325 3274 1419 3326 ἐπὶ
1465 3273 1566 3344 τὴν
1623 3272 1852 3344 καρδίαν

265 3366 429 3419 αὐτῶν
453 3367 660 3419 κεῖται.
705 3365 900 3419 Ἦνίκα
920 3365 978 3418 δὲ
1002 3365 1098 3419 ea»;
1126 3365 1435 3438 ἐπιστρέψῃ
1457 3365 1595 3436 πρὸς
1624 3363 1851 3435 Κύριον.

267 3461 625 3530 περιαιρεῖται
664 3456 727 3509 τὸ
769 3457 1059 3528 κάλυμμα.
1107 3457 1169 3510 '0
1202 3457 1260 3511 δὲ
1297 3457 1498 3529 Κύριος
1528 3457 1590 3510 τὸ
1637 3457 1858 3528 πνεῦμά

267 3551 392 3616 ἐστι,
433 3546 492 3604 οὗ
525 3551 585 3604 δὲ
636 3549 700 3602 τδ
751 3549 972 3620 πνεῦμα
1014 3549 1248 3621 Κυρίου,
1303 3549 1421 3602 ἐκεῖ
1467 3547 1770 3621 ἐλευθερία.
1830 3567 1850 3599 ι

276 3641 468 3710 Ὀρθῶς
498 3639 592 3698 οῦν
621 3643 868 3713 ἔφασκεν
896 3645 924 3697 6
956 3643 1066 3697 τῶν
1087 3643 1224 3697 ὅλων
1248 3643 1378 3705 Θεὸς
1417 3642 1555 3715 πρὸς
1585 3641 1676 3696 τὸν
1715 3643 1857 3714 ἱερο-

267 3735 459 3806 φάντην
491 3735 708 3790 Μωσέα
736 3736 863 3806 περὶ
896 3733 990 3787 τοῦ
1034 3733 1246 3806 Ἀαρὼν
1266 3775 1281 3801 ,
1300 3735 1382 3788 ὅτι
1411 3753 1431 3786 ι
1464 3733 1657 3789 Λαλῶν
1691 3733 1856 3805 λαλή-

269 3841 344 3879 σει
367 3827 522 3891 αὐτός
542 3845 655 3895 σοι,
677 3829 774 3881 καὶ⁸
804 3827 966 3891 αὐτὸς
989 3827 1143 3881 ἔσται
1172 3844 1266 3880 σου
1301 3827 1478 3898 στόμα
1499 3845 1513 3859 ο
1531 3828 1597 3881 σὺ
1624 3826 1680 3879 δὲ
1707 3826 1857 3900 αὐτῷ

267 3920 328 3972 τὰ
362 3920 495 3990 πρὸς
525 3920 621 3974 τὸν
672 3920 827 3974 Θεόν.
861 3945 880 3977 ι
937 3921 1047 3975 Καὶ
1082 3921 1144 3974 οῦ
1184 3922 1360 3993 δήπου
1414 3921 1594 3992 φαμὲν
1621 3921 1703 3974 ὅτι
1736 3919 1858 3992 Θεῷ

272 4014 690 4086 προσεχέστερον
722 4016 817 4068 καί
857 4013 1058 4085 μᾶλλον
1107 4017 1276 4083 ἐγγὺς
1325 4017 1482 4085 παρὰ
1510 4013 1603 4066 τὸν
1648 4013 1858 4084 Ἐμμα-

273 4105 418 4175 ιουὴλ
451 4110 478 4159 6
507 4105 744 4178 Μωσῆς.
775 4107 844 4160 Ὀ
874 4107 972 4178 μὲν
1004 4107 1113 4180 γάρ
1148 4109 1298 4160 ἐστιν
1343 4106 1470 4170 Υἱὸς
1502 4105 1596 4159 καὶ
1628 4107 1690 4159 ὲκ
1720 4103 1856 4157 Θεοῦ

272 4195 468 4268 lla-.96;
497 4199 646 4255 κατὰ
673 4199 862 4270 φύσιν,
893 4203 920 4254 6
948 4201 1004 4253 δὲ
1038 4201 1155 4271 μεθ’
1188 4200 1346 4272 ἡμῶν
1371 4200 1429 4252 ὲν
1465 4199 1727 4262 οἰκέταις,
1753 4198 1857 4251 κᾶν

273 4291 316 4341 εί
343 4291 549 4346 καλοῖτο
573 4293 824 4364 γνήσιος.
851 4293 1010 4346 Δοκεῖ
1031 4291 1088 4345 δέ
1120 4310 1237 4354 πως
1265 4290 1594 4361 γεγενῆσθαι
1621 4288 1688 4342 τὰ
1722 4290 1858 4360 προς

271 4383 354 4436 τὸν
379 4384 506 4439 Θεὸν
547 4385 724 4458 αὐτῷ.
763 4385 1160 4456 Κεχρημάτικε
1201 4387 1310 4455 γὰρ
1341 4383 1444 4436 ὑπὸ
1469 4383 1636 4452 νόμου
1665 4381 1739 4445 ὡς
1765 4382 1858 4436 ἆν-

273 4474 472 4546 θρωπος
493 4481 522 4532 6
551 4477 816 4550 Χριστὸς,
839 4479 933 4532 καὶ⁵
962 4479 1237 4550 τετήρηκε
1266 4476 1336 4530 τὰ
1374 4475 1645 4539 Μωσέως.
1694 4476 1858 4546 Περι-

1966 1985 2186 2040 divinus
2218 1985 2427 2049 Moses,
2460 2000 2639 2054 neque
2669 1984 2906 2038 maxima
2938 1983 2993 2034 in
3032 1980 3336 2034 virtutibus
3360 1978 3560 2050 gloria,

1965 2077 2068 2132 nisi
2099 2077 2244 2132 adsit
2269 2084 2324 2131 et
2343 2076 2641 2130 auxilictur
2669 2074 2944 2130 Christus.
2971 2071 3030 2125 ld
3055 2085 3187 2124 vero
3218 2084 3412 2125 verum
3437 2083 3560 2122 esse

1963 2186 2206 2240 vereque
2260 2185 2290 2225 a
2329 2170 2492 2224 nobis
2530 2169 2762 2233 dictum,
2826 2165 2912 2220 vel
2941 2181 3009 2220 ex
3043 2180 3109 2218 eo
3142 2163 3261 2233 ipso
3285 2161 3560 2232 conjicere

1963 2270 2141 2330 potes,
2181 2260 2329 2331 quod
2359 2260 2545 2315 Aaron
2579 2259 2969 2330 coniungatur.
3025 2256 3093 2310 Et
3127 2255 3305 2310 Moses
3336 2253 3560 2324 quidem

1963 2368 2053 2407 res
2077 2352 2298 2424 ingenio
2354 2368 2456 2407 suo
2500 2351 2689 2407 divino
2740 2356 3166 2413 commentatur,
3214 2347 3397 2401 Aaron
3427 2361 3563 2400 vero

1961 2444 2186 2500 easdem
2232 2440 2380 2516 ipsas
2432 2444 2682 2515 profert,
2735 2452 2791 2499 et
2832 2457 3087 2498 sermone
3138 2441 3414 2511 explanat.
3444 2438 3562 2493 Nisi

1961 2539 2112 2594 enim
2160 2537 2524 2609 spiritualiter
2544 2537 2634 2592 lex
2669 2536 3031 2607 intelligatur,
3067 2533 3350 2588 rcvelante
3400 2529 3564 2584 nobis

1959 2629 2202 2696 Christo,
2231 2646 2353 2702 qua:
2378 2631 2433 2684 in
2459 2645 2524 2686 ea
2547 2630 2741 2693 latent,
2773 2628 3072 2683 obscurum
3106 2624 3240 2694 quid
3281 2632 3447 2693 atque
3479 2621 3563 2674 in-

1962 2725 2220 2780 tricatum
2271 2725 2376 2780 erit
2429 2721 2789 2778 audientibus
2842 2719 2896 2774 id
2941 2713 3466 2788 quodsignificatur.
3492 2712 3563 2767 Et

1959 2816 2406 2890 quandoquidem
2425 2815 2597 2872 Judazi
2626 2855 2640 2879 ,
2684 2813 2778 2884 qui
2814 2809 3001 2868 Mosen
3028 2809 3348 2880 explanaret
3369 2845 3382 2869 ,
3429 2811 3562 2874 puta

1958 2909 2124 2981 306
2150 2909 2589 2973 Christum,non
2613 2906 2919 2970 haberent,
2959 2901 3126 2958 rudes
3175 2907 3341 2969 atque
3383 2894 3561 2968 ignari

1957 3003 2351 3073 perdurarunt.
2395 2999 2552 3066 Quod
2598 3006 2653 3053 et
2688 2998 2890 3053 Paulus
2939 2995 3031 3050 ille
3078 3007 3233 3048 sacer
3274 2987 3507 3060 protulit
3543 3004 3558 3042 :

1966 3116 1984 3146 ‹
2022 3083 2290 3166 Usquein
2324 3092 2657 3148 hodiernum
2698 3090 2845 3145 diem
2878 3087 2934 3142 id
2962 3087 3144 3158 ipsum
3181 3083 3455 3147 velamen,
3503 3080 3558 3134 in

1959 3187 2198 3242 lectione
2235 3187 2450 3241 Veteris
2486 3181 2826 3240 Testamenti
2848 3187 3037 3236 manet
3082 3194 3195 3234 non
3230 3176 3558 3239 revelatum,

1959 3279 2220 3349 quoniam
2251 3278 2308 3332 in
2358 3277 2581 3334 Christo
2624 3282 2945 3331 evacuatur.
2989 3271 3099 3328 Sed
3145 3286 3320 3341 usque
3356 3269 3413 3323 in
3456 3268 3558 3323 ho-

1958 3372 2214 3428 diernum
2242 3372 2389 3428 diem
2411 3387 2538 3426 cum
2558 3370 2762 3442 legitur
2787 3367 2986 3433 Moses,
3029 3365 3282 3419 velamen
3317 3361 3560 3434 positum

1957 3474 2043 3520 est
2069 3481 2236 3536 super
2271 3481 2368 3520 cor
2411 3478 2626 3519 eorum.
2670 3461 2808 3518 Cum
2836 3468 3022 3516 autem
3053 3470 3354 3514 conversus
3390 3453 3562 3509 fuerit

1958 3557 2024 3612 ad
2059 3557 2378 3620 Dominum,
2427 3553 2711 3609 auferetur
2750 3551 3024 3607 velamen.
3060 3547 3330 3602 Dominus
3373 3551 3559 3600 autem

1958 3651 2189 3722 spiritus
2217 3658 2299 3704 est
2331 3666 2343 3701 :
2372 3646 2468 3702 ubi
2493 3656 2681 3702 autem
2717 3645 2946 3716 spiritus
2987 3641 3246 3707 Domini,
3273 3640 3350 3695 ibi
3383 3639 3558 3694 liber-

1961 3752 2043 3800 tas
2063 3743 2129 3798 “.
2159 3761 2178 3795 ι
2207 3743 2376 3798 Recte
2399 3743 2582 3812 itaque
2599 3741 2746 3794 Deus
2772 3737 2911 3792 dixit
2936 3737 3005 3792 de
3037 3735 3255 3790 Aarone
3281 3732 3350 3787 ad
3371 3732 3559 3786 Mosen

1958 3836 2300 3893 sacerdotem
2329 3854 2341 3889 :
2371 3854 2388 3885 ι
2411 3834 2669 3904 Loquens
2689 3833 2950 3901 loquetur
2974 3831 3091 3900 ipse
3117 3827 3237 3892 tibi,
3263 3825 3482 3895 eritque
3497 3838 3560 3879 os

1961 3939 2118 3985 tuum
2153 3949 2166 3983 :
2189 3938 2246 3985 tu
2265 3943 2395 3983 vero
2416 3927 2520 3998 ipsi
2549 3927 2606 3980 in
2628 3925 2697 3981 iis
2717 3941 2839 3994 quae
2861 3923 2926 3978 ad
2951 3923 3126 3978 Deum
3152 3918 3436 3992 pertinent
3452 3915 3552 3968 ⁸⁸.»

1959 4023 2150 4094 Neque
2205 4030 2387 4078 tamen
2433 4020 2690 4080 dicimus,
2740 4017 2853 4072 Deo
2895 4013 3234 4075 afliniorem,
3277 4009 3559 4080 magisque

1961 4116 2336 4187 propinquum
2359 4113 2720 4169 Emmanuele
2745 4123 2869 4164 esse
2900 4107 3110 4164 Mosen.
3143 4103 3245 4159 Hic
3274 4103 3424 4158 enim
3459 4100 3559 4156 Dei

1963 4211 2136 4264 Filius
2182 4216 2288 4273 est,
2327 4215 2384 4262 et
2413 4223 2482 4262 ex
2509 4206 2622 4260 Deo
2671 4203 2834 4258 Patre
2875 4198 3058 4270 quoad
3087 4204 3345 4254 naturam
3396 4207 3558 4250 suam

1961 4303 2156 4367 datus;
2200 4300 2292 4355 ille
2312 4315 2444 4353 vero
2478 4295 2636 4367 quasi
2676 4293 2968 4348 nobiscum
3009 4290 3156 4345 inter
3195 4299 3405 4352 servos,
3449 4283 3558 4340 etsi

1962 4394 2236 4468 genuinus
2261 4398 2509 4445 vocetur.
2546 4387 2746 4442 Factus
2769 4390 2954 4439 autem
2990 4380 3217 4454 qvidetur
3237 4377 3342 4448 ipsi
3375 4376 3433 4432 in
3470 4375 3563 4468 his

1963 4467 2085 4560 quae
2123 4486 2189 4542 ad
2219 4486 2393 4540 Deum
2429 4480 2731 4552 pertinent.
2768 4475 2920 4530 Vixit
2945 4473 3095 4530 enim
3141 4470 3422 4535 Christus,
3453 4467 3561 4560 sub

273 4566 526 4639 τέτμηται
573 4569 688 4641 γὰρ
719 4570 1089 4642 ὀκταήμερος,
1135 4571 1229 4622 καὶ
1278 4568 1375 4638 τὴν
1415 4567 1510 4620 τοῦ
1552 4566 1854 4653 διδρᾲχμου

1962 4558 2079 4652 lege
2111 4579 2375 4642 uthomo,
2407 4583 2464 4632 et
2501 4571 2740 4628 Mosaica
2768 4565 3090 4625 observavit
3122 4568 3416 4653 praecepta.
3449 4558 3558 4616 Oc-

277 4663 620 4735 συνεισφορὰν
647 4663 969 4734 ἐποιήσατο,
1007 4664 1186 4718 καίτοι
1218 4662 1361 4716 κατὰ
1387 4661 1550 4732 φύσιν
1575 4659 1860 4732 ἐλεύθερος

275 4750 342 4805 ὢν
370 4755 514 4820 Υἱός.
550 4759 768 4827 Ἐφαγε
802 4756 860 4811 δὲ
898 4759 993 4812 καὶ
1041 4757 1104 4810 τὸ
1167 4756 1373 4828 πάσχα,
1416 4755 1592 4809 καίτοι
1644 4754 1806 4809 πάλιν
1833 4755 1862 4808 6

277 4844 426 4910 αὐτὸς
450 4847 524 4900 ὣν
567 4845 596 4899 6
637 4847 812 4918 ἀμνὸς
841 4849 869 4902 6
902 4847 1159 4920 ἀληθινὸς
1191 4847 1219 4899 6
1254 4847 1425 4918 αἴρων
1454 4845 1555 4917 τὴν
1585 4843 1861 4916 ἁμαρτίαν

276 4933 360 4987 τοῦ
391 4939 618 5010 κόσμου.
649 4939 924 5012 Ταύτῃτοι
960 4940 1167 5010 Μωσῆς
1207 4938 1305 5008 μὲν
1345 4935 1674 5008 γεγενῆσθαι
1702 4936 1859 5002 λέγε-

279 5044 360 5081 ται
393 5030 460 5084 τὰ
497 5037 636 5105 πρὸς
659 5032 751 5086 τὸν
782 5033 916 5086 Θεὸν
955 5031 1128 5103 αὐτῷ.
1166 5032 1288 5084 Ὅτι
1320 5031 1378 5083 δὲ
1408 5029 1600 5102 ἔμελλε
1635 5029 1730 5082 καὶ
1759 5028 1860 5080 αῦ-

280 5119 389 5182 ταῖς
403 5121 650 5176 ἀπειθεῖν
668 5124 698 5176 6
729 5122 952 5196 Ἰσραὴλ
972 5124 1092 5186 ταῖς
1115 5119 1205 5175 διὰ
1220 5120 1460 5192 Χριστοῦ
1485 5121 1645 5190 Θεοση
1655 5137 1719 5190 με
1729 5120 1858 5184 ίαις,

284 5214 647 5282 παραδείξειεν
673 5216 739 5271 ἂν
761 5218 788 5269 6
819 5215 1052 5287 Μωσῆς,
1088 5214 1210 5268 οὐδὲ
1233 5215 1421 5276 αὐτοῖς
1445 5215 1555 5276 τοῖς
1585 5211 1862 5284 Θαύμασιν

283 5300 554 5378 ἀπονέμων
593 5309 690 5382 τὴν
731 5310 935 5365 πίστιν.
968 5309 1263 5380 Τοιγάρτοι
1289 5306 1534 5369 Μωσέως
1567 5305 1862 5376 πρόσωπον

285 5399 386 5462 τοῖς
409 5400 475 5469 ἐξ
487 5401 702 5477 Ἰσραὴλ
724 5404 1118 5476 περιθήσομεν,
1150 5403 1239 5456 ὅτε
1264 5399 1558 5472 κέκληνται
1584 5399 1652 5453 δι’
1673 5397 1862 5466 αὑτοῦ,

286 5491 372 5546 καὶ
395 5497 506 5561 τοῖς
530 5495 598 5552 δι’
641 5499 810 5553 αὑτοῦ
838 5499 1363 5569 πεπαιδαγώγηνται
1407 5496 1612 5568 νόμοις.
1651 5493 1863 5550 Οὐκοῦν

288 5584 362 5640 ὃτι
405 5589 476 5662 μὴ
511 5591 692 5657 ἱκανὸς
716 5597 744 5648 6
778 5593 942 5665 νόμος
976 5596 1090 5654 τοῖς
1117 5595 1196 5657 είς
1217 5592 1512 5664 λύτρωσιν,
1548 5590 1766 5662 ἀπόχρη
1808 5589 1864 5642 δὲ

291 5678 412 5752 ἡμῖν
437 5684 516 5749 εἰς
543 5686 702 5743 τοῦτο
723 5689 784 5744 τὸ
811 5689 994 5762 τίμιον
1034 5686 1173 5761 αἷμα
1203 5687 1296 5741 τοῦ
1330 5687 1567 5759 Χριστοῦ
1586 5684 1668 5754 (δι’
1696 5685 1861 5741 αὑτοῦ

369 5863 410 5898 ⁸⁵
439 5869 623 5929 llCor.
659 5893 734 5941 ιιι,
770 5877 958 5933 14-17.

1961 4686 2087 4730 tavo
2111 4671 2258 4728 enim
2273 4669 2360 4724 die
2385 4664 2749 4723 circumcisus
2771 4668 2876 4726 est,
2903 4667 2959 4714 et
2985 4655 3184 4714 tributi
3210 4652 3433 4708 nomine
3458 4666 3567 4722 pro

1960 4766 2140 4836 capite
2173 4761 2501 4818 didrachma
2536 4755 2793 4822 contulit,
2837 4753 2943 4810 etsi
3006 4758 3206 4806 natura
3239 4746 3384 4801 liber
3413 4751 3564 4799 esset

1961 4861 2152 4915 Filius.
2189 4856 2336 4924 Quin
2391 4863 2449 4910 et
2503 4851 2708 4923 pascha
2732 4846 2994 4909 comedit,
3049 4840 3269 4898 tametsi
3327 4839 3564 4906 ipsemet

1958 4951 2147 5021 Agnus
2187 4948 2277 5002 ille
2319 4944 2413 5016 qui
2462 4951 2686 5013 peccata
2733 4937 2927 4994 mundi
2961 4933 3102 4989 tollit
3125 4931 3204 4995 "°,
3244 4929 3562 5021 exsisteret.

1964 5018 2079 5097 Hac
2100 5040 2314 5096 ratione
2346 5036 2568 5092 Christo
2595 5031 2801 5088 dicitur
2827 5029 3005 5082 Moses
3037 5023 3206 5078 fuisse
3239 5020 3297 5076 in
3339 5018 3409 5073 iis
3439 5033 3566 5089 qua:

1963 5134 2032 5189 ad
2058 5135 2231 5189 Deum
2257 5125 2698 5201 Spectant.Quod
2715 5137 2848 5178 vero
2875 5110 3135 5176 Israelita:
3167 5115 3333 5171 ﬁdem
3356 5112 3567 5170 Christi

1964 5221 2251 5277 miraculis
2281 5217 2526 5273 habituri
2553 5231 2666 5270 non
2684 5218 2890 5275 essent,
2918 5209 3014 5265 sed
3050 5207 3238 5279 potius
3273 5205 3461 5262 omnia
3486 5206 3568 5262 is-

1967 5325 2021 5370 ta
2045 5313 2371 5371 admiranda
2405 5307 2752 5380 despecturi,
2785 5307 2874 5362 vel
2913 5306 3031 5377 ipse
3068 5301 3326 5360 ostendat
3362 5301 3562 5357 Moses.

1965 5407 2237 5476 Quocirca
2309 5402 2475 5459 Mosis
2541 5414 2834 5472 personam
2893 5395 3159 5452 lsraelitis
3224 5392 3569 5464 aptabimus,

1968 5498 2190 5572 quando
2217 5495 2440 5568 quidem
2464 5494 2532 5548 ab
2561 5493 2661 5568 iilo_
2687 5490 2866 5547 vocati
2889 5497 3050 5553 sunt,
3087 5487 3319 5559 ejusque
3348 5482 3567 5572 legibus

1969 5571 2230 5647 instituti.
2254 5587 2412 5656 Quod
2450 5587 2619 5658 igitur
2655 5584 2884 5642 minime
2907 5579 3186 5640 sufﬁciens
3213 5577 3286 5634 sit
3329 5571 3568 5631 Mosaica

1969 5685 2057 5740 lex
2078 5684 2148 5740 ad
2178 5681 2636 5752 redemptionem,
2663 5677 2759 5736 sed
2783 5676 2969 5749 potius
2991 5673 3158 5732 nobis
3180 5668 3314 5726 huic
3338 5665 3418 5723 rei
3441 5677 3564 5735 pro-

1040 5875 1084 5908 “
1120 5874 1290 5931 Exod.
1334 5892 1408 5941 xv,
1457 5875 1539 5931 lG.
1580 5874 1624 5906 “
1685 5872 1844 5929 Joan.
1887 5888 1922 5935 ι,
1953 5871 2045 5930 29.
