4060 6510
495 452 600 506 ιεδ

1527 437 1584 490 S.
1626 433 1899 490 CYRILLI
1937 429 2410 488 ALEXANDRINI
2450 430 2774 484 ABClllEP.

3677 428 3774 485 ιρι

500 569 675 621 tiosus
718 563 923 620 Christi
969 562 1212 634 sanguis,
1249 575 1358 631 quo
1398 559 1514 614 solo
1559 573 1707 612 mors
1736 555 1950 612 devicta
1981 565 2086 619 est,

2205 553 2297 624 τάρ
2319 553 2411 606 καὶ
2436 552 2597 622 μόνου
2623 551 2902 622 νενίκηται
2922 553 2949 605 ὁ
2972 550 3246 617 Θάνατος),
3281 552 3454 622 σαφὲς
3485 549 3552 605 ἂν
3575 551 3776 620 γένοιτο

501 658 844 714 necessarius
870 657 961 722 sit,
991 655 1150 710 facile
1174 668 1391 708 rursum
1423 669 1453 707 e
1476 650 1836 722 sequentibus
1863 665 2091 720 appare-

501 751 602 807 bit.

571 842 624 896 6.
647 840 905 895 Discessit
920 838 1192 908 siquidem
1209 852 1276 891 ex
1298 835 1515 890 Madian
1536 833 1759 888 divinus
1785 832 1876 886 ille
1892 831 2089 891 Moses.

2195 645 2290 700 καὶ
2327 645 2470 715 μάλα
2506 642 2702 716 ῥαδίως
2731 644 2841 696 κάκ
2867 642 3033 696 τῶνδε
3064 644 3126 714 δὴ
3161 643 3338 697 πάλιν.

2271 831 2344 889 ς’.
2408 823 2658 893 Ἀπαίρει
2702 809 2959 893 γὰρ’τῆς
3007 824 3358 894 Μαδιηναξων
3407 826 3437 878 ὁ
3499 824 3781 890 θεσπέσιος

502 947 786 987 assumens
803 946 990 984 secum
1029 944 1256 984 uxorem
1293 936 1350 983 et
1376 928 1554 990 ﬁlios,
1595 925 1956 996 pervenitque
1980 931 2098 977 tan-

2205 916 2424 986 Μωσῆς,
2453 913 2734 969 ἀναλαϐὼν
2763 915 2864 986 τὴν
2889 918 3125 984 γυναῖκα
3156 916 3321 970 αὐτοῦ
3353 917 3452 970 καὶ
3478 917 3549 970 τὰ
3579 920 3778 984 παιδία,

502 1024 625 1078 dem
642 1021 988 1094 inngyptum
1023 1023 1595 1076 observansaccurate
1605 1027 1661 1073 et
1675 1016 1966 1090 perﬁciens
1977 1030 2098 1086 qua:

2205 1006 2297 1061 καὶ
2330 1005 2640 1061 καθικνεῖτο
2668 1004 2856 1060 λοιπὸν
2885 1007 2964 1072 είς
2989 1005 3288 1076 Αἴγυπτον,
3315 1007 3706 1078 ἀποπεραίνων
3728 1013 3780 1062 εὑ

503 1114 793 1169 mandarat
817 1115 981 1168 Deus.
1023 1112 1161 1168 Cum
1204 1128 1338 1167 vero
1371 1126 1483 1166 non
1513 1110 1702 1182 procul
1735 1108 1969 1180 Egypto
1998 1106 2098 1162 ab-

502 1215 669 1271 esset,
699 1207 774 1262 ait
799 1206 878 1261 illi
904 1205 1243 1261 architectus
1268 1205 1509 1260 universi
1532 1205 1709 1260 Deus:
1737 1223 1754 1254 ι
1778 1203 1956 1256 Eunte
1976 1211 2028 1255 te
2045 1209 2102 1255 et

505 1305 819 1354 revertente
852 1300 909 1352 in
941 1297 1238 1369 Egyptum
1258 1338 1272 1361 ,
1305 1296 1432 1351 vide
1463 1296 1644 1351 omnia
1677 1302 1953 1364 portenta,
1981 1307 2103 1363 qua“:

507 1389 635 1444 dedi
671 1391 728 1443 in
765 1389 1022 1444 manibus
1051 1389 1180 1452 tuis,
1205 1387 1372 1442 facies
1392 1402 1455 1441 ea
1477 1401 1666 1442 coram
1688 1386 1974 1440 Pharaone
1998 1384 2095 1437 ".D

507 1480 575 1535 Et
592 1489 716 1549 post
743 1481 849 1534 alia
880 1497 891 1533 :
920 1499 937 1530 ι
969 1479 1129 1534 Dices
1145 1479 1412 1533 Pharaoni
1443 1495 1454 1530 :
1481 1476 1607 1531 Haec
1631 1477 1767 1530 dicit
1796 1475 2063 1530 Dominus
2088 1491 2102 1526 ι

507 1569 668 1638 307
700 1567 874 1621 Filius
897 1581 1054 1620 meus
1073 1565 1474 1636 primogenitus
1496 1564 1687 1620 Israel.
1716 1565 1864 1620 Dixit
1919 1575 2106 1619 autem

512 1657 610 1710 tibi
641 1672 654 1708 :
690 1656 914 1710 Dimitte
951 1654 1214 1724 populum
1266 1670 1450 1708 meum
1502 1663 1564 1707 ut
1611 1655 1745 1708 mihi
1778 1655 2018 1708 serviat:
2051 1661 2108 1708 et

511 1746 735 1800 noluisti
768 1747 1046 1800 dimittere
1079 1761 1175 1799 eos
1211 1763 1224 1798 :
1256 1745 1384 1800 vide
1420 1746 1609 1816 igitur,
1633 1762 1735 1817 ego
1777 1745 2106 1801 interﬁciam

512 1837 684 1892 ﬁlium
729 1845 880 1891 tuum
929 1837 1379 1907 primogenitum.
1417 1838 1643 1893 Factum
1691 1846 1777 1892 est
1820 1845 2008 1892 autem
2050 1837 2107 1891 in

2204 1098 2348 1169 μάλα
2377 1097 2447 1152 τὰ
2485 1097 2935 1170 προστεταγμένα
2972 1098 3122 1168 παρά
3147 1096 3304 1151 Θεοῦ.
3340 1099 3568 1170 Ἐπειδὴ
3594 1099 3650 1152 δὲ
3677 1103 3775 1170 ἀφ-

2202 1192 2423 1262 εστήκει
2461 1189 2648 1243 λοιπδν
2677 1188 2777 1259 τῆς
2805 1189 3119 1258 Αἰγυπτίων
3151 1190 3213 1242 οὐ
3245 1190 3496 1260 μακρὰν,
3520 1190 3626 1261 ἔφη
3657 1195 3780 1263 πρὸς

2202 1284 2365 1337 αὐτὸν
2399 1285 2426 1335 ὁ
2446 1282 2552 1334 τῶν
2583 1279 2719 1334 ὅλων
2745 1280 2900 1345 Θεὸς
2940 1301 2958 1333 ι
2993 1283 3377 1354 Πορευομένου
3415 1299 3513 1335 σου
3550 1283 3645 1336 καὶ
3667 1285 3785 1338 ἀπο-

2207 1376 2531 1446 στρέφοντος
2578 1375 2658 1436 είς
2692 1372 2990 1442 Αἴγυπτον,
3037 1374 3139 1445 ὅρα
3184 1374 3363 1428 πάντα
3407 1375 3480 1428 τὰ
3522 1378 3716 1447 τέρατα
3749 1376 3781 1430 ἀ

2205 1468 2410 1521 δέδωκα
2453 1468 2509 1520 ὲν
2548 1469 2668 1530 ταῖς
2713 1465 2869 1539 χερσί
2913 1483 3028 1527 σου,
3075 1467 3324 1537 ποιήσεις
3370 1468 3516 1521 αὑτά
3560 1469 3782 1523 ἐναντίον

2204 1559 2426 1631 Φαραώ.
2470 1578 2487 1610 ι
2524 1559 2638 1613 Καὶ
2672 1558 2790 1628 μεθ’
2837 1557 3033 1629 ἕτερα·
3087 1575 3106 1608 ι
3157 1559 3231 1616 Σμὺ
3261 1557 3318 1612 δὲ
3359 1559 3510 1628 ἐρεῖς
3561 1560 3776 1633 Φαραώ·

2207 1651 2347 1706 Τάδε
2373 1651 2522 1720 λέγει
2567 1650 2808 1721 Κύριος·
2841 1649 2969 1714 Tib;
3010 1650 3360 1720 πρωτότοκός
3407 1668 3511 1721 μου
3557 1652 3776 1722 Ἰσραήλ.

2209 1738 2351 1798 Εἷπα
2389 1743 2445 1796 δέ
2479 1759 2589 1796 σοι·
2647 1739 3060 1806 Ἐξαπόστειλον
3103 1741 3194 1794 τὸν
3242 1740 3375 1795 λαόν
3426 1760 3530 1812 μου
3573 1743 3659 1797 ἵνα
3698 1759 3779 1814 μοι

2209 1834 2504 1908 λατρεύσῃ.
2538 1833 2611 1888 Σὺ
2652 1832 2708 1888 δὲ
2737 1833 2839 1887 οὐκ
2881 1831 3105 1886 ἐϐούλου
3148 1832 3536 1898 ἐξαποστεῖλαι
3566 1833 3776 1898 αὐτούς’

511 1930 620 1992 via,
677 1931 731 1984 in
775 1929 1080 1984 diversorio
1114 1930 1359 1984 obviavit
1409 1931 1460 1985 ei
1509 1931 1737 2002 angelus
1783 1929 2024 1995 Domini,
2049 1936 2101 1984 et

2209 1929 2311 2000 δρα
2335 1923 2447 1992 οὖν,
2476 1926 2587 1995 ἐγὼ
2614 1925 2900 1980 ἀποκτενῶ
2927 1926 3020 1980 τὸν
3045 1927 3158 1980 υἱόν
3189 1943 3284 1980 σου
3305 1927 3400 1980 τὸν
3425 1928 3773 1999 πρωτότοκον.

511 2020 793 2089 quaerebat
841 2035 968 2075 eum
1003 2021 1283 2075 occidere.
1328 2022 1395 2076 Et
1422 2022 1701 2093 accipiens
1737 2022 1985 2093 Sephora
2009 2038 2104 2093 pe-

513 2119 674 2178 tram,
712 2111 1064 2166 circumcidit
1083 2114 1409 2183 praeputium
1435 2113 1532 2168 ﬁlii
1563 2115 1670 2180 sui,
1696 2121 1752 2168 et
1772 2113 2010 2185 procidit
2034 2114 2103 2169 ad

511 2205 681 2276 pedes
709 2206 828 2276 eju‘s
849 2245 863 2269 ,
897 2213 954 2260 et
988 2205 1166 2259 dixit:
1195 2206 1359 2261 Stetit
1407 2207 1631 2278 sanguis
1664 2205 2102 2262 circumcisionis

514 2297 615 2351 ﬁlii
653 2297 782 2351 mei.
811 2297 881 2352 Et
919 2297 1057 2352 abiit
1084 2297 1152 2352 ab
1176 2313 1243 2352 eo
1264 2299 1534 2370 fangelus,
1561 2298 1866 2370 quia-dixit
1896 2316 1909 2351 :
1940 2298 2106 2353 Stetit

514 2388 738 2458 sanguis
773 2388 1210 2444 circumcisionis
1249 2389 1345 2444 ﬁlii
1374 2391 1482 2446 mei
1506 2390 1593 2445 δ”.
1628 2410 1645 2442 ι
1679 2390 1922 2461 Angelus
1954 2390 2102 2444 enim

514 2478 572 2532 in
602 2478 774 2549 ﬁgura
800 2479 1038 2534 humana
1056 2481 1355 2536 insultabat
1385 2489 1443 2536 et
1473 2481 1728 2538 occidere
1752 2482 2106 2554 aggredieba-

517 2581 627 2637 tur;
652 2572 743 2626 vix
776 2587 919 2642 aegre
965 2572 1182 2627 tandem
1224 2574 1491 2643 placatus,
1523 2582 1813 2645 postquam
1855 2574 2104 2644 Sephora

515 2660 689 2716 ﬁlium
713 2678 875 2718 suum
904 2671 1042 2718 testa
1065 2665 1524 2732 circumcidisset,
1560 2665 1814 2732 Gcrsam,
1855 2665 2101 2736 inquam,

516 2753 611 2824 qui
651 2753 1053 2825 primogenitus
1075 2763 1196 2810 erat
1217 2763 1273 2809 et
1303 2755 1442 2826 ipse,
1482 2757 1630 2827 quod
1674 2772 1878 2812 nomen
1909 2757 2104 2811 Latine

515 2855 673 2901 sonat
699 2849 1036 2918 peregrinum
1059 2863 1157 2902 seu
1188 2847 1445 2902 accolam.
1473 2847 1648 2914 Quem
1675 2865 1806 2903 vero
1839 2849 2102 2904 extermi-

515 2950 677 2996 nator
702 2941 893 2995 tollere
915 2955 946 2995 e
968 2940 1151 2994 medio
1170 2940 1433 3005 voluerit,
1457 2956 1616 2995 sacer
1639 2951 1934 2997 contextus
1957 2941 2104 2997 clare

519 3049 626 3088 non
670 3033 918 3088 indicat:
947 3032 1043 3088 sed
1088 3033 1175 3088 vel
1225 3032 1408 3088 Mosen
1463 3033 1607 3088 forte
1636 3034 1708 3089 ob
1751 3033 1974 3089 dilatam
2006 3033 2104 3090 ﬁlii

515 3125 1026 3191 circumcisionem;
1075 3133 1131 3179 et
1168 3124 1375 3178 invitus
1400 3123 1629 3179 abactus
1653 3141 1750 3179 seu
1776 3125 1968 3195 pulsus
1997 3131 2102 3178 est.

515 3220 774 3293 Designat
804 3219 1004 3275 iterum
1025 3219 1118 3275 hic
1144 3228 1322 3291 typus,
1352 3219 1409 3274 in
1435 3219 1639 3274 Christi
1663 3219 1930 3290 sanguine
1959 3232 2106 3271 mor—

518 3319 627 3364 tem
655 3324 778 3364 esse
820 3309 1116 3364 devictam.
1158 3309 1263 3363 Per
1300 3309 1480 3380 ipsum
1521 3324 1758 3380 namque
1789 3308 1994 3362 salvata
2021 3317 2106 3362 est

516 3407 706 3454 saneta
733 3409 953 3470 patrum
989 3399 1286 3453 multitudo
1305 3439 1319 3464 ,
1355 3399 1466 3453 imo
1494 3413 1655 3454 omne
1683 3399 1912 3454 omnino
1951 3415 2104 3453 mor-

515 3489 708 3543 talium
742 3505 935 3561 genus,
984 3487 1131 3559 quod
1162 3495 1410 3561 tempore
1437 3490 1752 3544 antecessit.
1786 3490 1890 3544 Pro
1922 3489 2072 3544 omni
2092 3519 2104 3529 -

515 3578 621 3633 bus
645 3580 794 3632 enim
822 3587 1059 3632 mortem
1087 3579 1246 3644 obiit,
1273 3588 1329 3634 et
1354 3579 1600 3634 omnium
1629 3582 1683 3636 in
1713 3582 1806 3635 illo
1846 3597 1996 3636 mors
2019 3590 2106 3636 est

517 3668 814 3722 dissoluta.
844 3667 966 3723 Non
987 3668 1135 3722 enim
1161 3669 1217 3722 in
1256 3671 1522 3740 sanguine
1551 3672 1969 3741 prophetarum,
2007 3671 2104 3726 sed

517 3756 570 3808 in
629 3757 897 3826 sanguine
947 3757 1153 3813 Christi
1205 3774 1399 3816 recens
1460 3763 1597 3828 nati,
1665 3773 1722 3818 et
1778 3780 1904 3819 cum
1951 3766 2101 3835 ipso,

515 3856 926 3918 peremptorem
966 3849 1254 3906 evitamus.
1298 3852 1438 3908 Hinc
1471 3855 1550 3908 ait
1585 3855 1788 3910 Paulus
1822 3874 1834 3910 :
1871 3876 1888 3906 ι
1914 3857 1974 3911 ln
1999 3857 2106 3913 hoc

513 3937 770 3993 Christus
802 3948 1051 3995 mortuus
1095 3949 1199 4008 est,
1227 3949 1284 3998 et
1330 3945 1561 4010 revixit,
1587 3954 1649 4000 ut
1675 3954 1731 4002 ct
1757 3957 2103 4002 mortuorum

514 4037 572 4084 et
596 4029 849 4084 vivorum
887 4031 1204 4089 dominetur
1225 4033 1294 4090 ⁸⁸.
1330 4055 1347 4088 ι
1381 4035 1540 4102 Quod
1575 4038 1622 4092 si
1669 4038 1848 4110 ipsum
1876 4040 2102 4095 Gersam

515 4119 726 4175 dixeris
770 4122 840 4176 ab
871 4124 1305 4182 exterminatore
1365 4128 1640 4197 insultari,
1674 4140 1730 4186 et
1756 4149 1866 4188 non
1915 4133 2104 4204 potius

515 4212 737 4268 beatum
766 4213 971 4281 Mosen,
991 4217 1137 4272 idem
1165 4228 1350 4274 tamen
1376 4221 1668 4294 intelliges.
1693 4223 1814 4280 Non
1830 4227 1977 4281 enim
2004 4244 2103 4299 per

516 4305 998 4362 cireumcisionem
1023 4307 1276 4380 legalem,
1308 4311 1417 4366 hoc
1446 4321 1551 4379 est,
1577 4317 1874 4383 carnalem,
1899 4325 1955 4373 et
1979 4334 2104 4373 sen-

515 4396 670 4452 sibus
693 4398 934 4466 obviam,
972 4402 1128 4470 pulsa
1157 4417 1307 4458 mors
1335 4413 1447 4470 est;
1484 4405 1579 4460 sed
1604 4421 1703 4476 per
1725 4421 1867 4473 eam,
1901 4425 2021 4479 qua:
2045 4411 2102 4466 in

513 4486 734 4544 Christo
757 4507 857 4561 per
894 4492 1150 4562 spiritum
1188 4503 1294 4560 est,
1331 4510 1496 4566 quam
1533 4499 1782 4552 exercuit
1808 4499 1862 4553 in
1888 4501 2100 4570 primo-

2203 2019 2314 2073 Kal.
2348 2017 2584 2087 ἐγένετο,
2629 2018 2815 2090 φησὶν,
2850 2019 2906 2070 ὲν
2947 2020 3012 2089 τῇ
3066 2017 3175 2090 ὁδῷ
3223 2020 3281 2074 ὲν
3321 2018 3402 2090 τῷ
3445 2020 3776 2091 καταλύματι

2205 2113 2536 2182 συνήντησεν
2563 2109 2712 2182 αὑτῷ
2742 2111 2974 2182 ἄγγελος
3014 2111 3242 2183 Κυρίου,
3290 2111 3389 2166 καὶ
3434 2109 3616 2184 ἐζήτει
3656 2115 3775 2167 ἀπο-

2205 2205 2413 2257 κτεῖναι
2451 2202 2634 2256 αὐτόν.
2667 2203 2780 2257 Καὶ
2807 2202 3049 2258 λαϐοῦσα
3075 2203 3353 2276 Σεπφώρει
3393 2205 3598 2276 ψῆφον,
3635 2223 3775 2278 περι-

2205 2294 2366 2366 έτεμε
2390 2295 2489 2367 τὴν
2513 2294 2880 2366 ἀκροϐυστίαν
2896 2297 2988 2350 τοῦ
3013 2296 3129 2350 υἱοῦ
3151 2297 3345 2368 αὐτῆς,
3367 2297 3464 2350 καὶ
3491 2298 3774 2368 προσέειπε

2205 2385 2342 2457 πρὸς
2373 2387 2502 2450 τοὺς
2529 2386 2695 2450 πόδας
2721 2387 2908 2454 αὐτοῦ,
2941 2387 3035 2442 καὶ
3060 2385 3212 2442 εἶπεο
3241 2389 3420 2460 Ἔστη
3448 2389 3510 2442 τὸ
3537 2383 3671 2459 αἷμα
3689 2390 3774 2460 τῆς

2206 2479 2513 2550 περιτομῆς
2545 2479 2638 2533 τοῦ
2663 2481 2874 2534 παιδίου
2915 2501 3041 2553 μου.
3069 2481 3178 2535 Καὶ
3200 2482 3452 2554 ἀπῆλθεν
3476 2483 3569 2536 ἀπ’
3601 2481 3770 2552 αὐτῆς,

2203 2570 2336 2623 διότι
2366 2566 2520 2623 εἷπεν
2540 2585 2555 2600 °
2589 2571 2763 2642 Ἐστη
2798 2573 2860 2627 τὸ
2888 2569 3026 2644 αἷμα
3062 2573 3164 2643 τῆς
3193 2576 3504 2644 περιτομῆς
3540 2571 3630 2625 τοῦ
3665 2589 3772 2626 παι-

2204 2661 2316 2715 δίου
2349 2679 2473 2733 μου.
2511 2681 2529 2714 ι
2570 2663 2836 2733 Ἀγγελος
2863 2664 2972 2734 γὰρ
3004 2667 3060 2717 ὲν
3088 2665 3218 2718 εῖδει
3249 2665 3334 2735 τῷ
3366 2665 3490 2718 καθ’
3514 2666 3654 2735 ἡμᾶς
3689 2665 3771 2717 ἐπ-

2205 2752 2451 2825 έθρωσκέ
2479 2769 2539 2808 τε
2581 2755 2678 2809 καὶ
2718 2756 2929 2810 ἀνελεῖν
2969 2758 3266 2828 ἐπεχείρει,
3321 2757 3688 2827 δεδυσὼπηται
3719 2753 3769 2808 δὲ

2209 2846 2382 2917 μόλις,
2415 2847 2820 2919 περιτεμούσης
2855 2847 3159 2920 Σεπφώρας
3175 2850 3266 2902 τὸν
3299 2849 3421 2901 υἱον
3443 2848 3626 2918 αὐτῆς,
3647 2845 3770 2915 φημὶ

2204 2936 2260 2990 δὲ
2287 2937 2536 3010 Γηρσάμ,
2569 2938 2628 3002 ὃς
2653 2934 2721 3010 ἦν
2761 2937 2856 2990 καὶ
2899 2940 3267 3010 πρωτότοκος,
3291 2938 3698 3010 διερμηνεύεται
3719 2937 3766 2991 δὲ

2208 3029 2301 3082 καὶ
2335 3028 2636 3098 πάροικος.
2677 3031 2809 3084 Τίνα
2838 3026 2931 3084 οὗν
2971 3033 3000 3084 ὁ
3030 3030 3362 3104 ὀλοθρευτὴς
3394 3031 3654 3102 ἐπεχείρει
3689 3029 3765 3082 ἀν-

2207 3122 2368 3186 ελεῖν,
2403 3121 2588 3191 σαφῶς
2621 3124 2681 3174 οὐ
2714 3124 2996 3194 μεμήνυκε
3026 3123 3267 3194 Γράμμα
3305 3123 3365 3176 τὸ
3403 3123 3577 3191 ἱερόν
3606 3122 3706 3176 ἀλλ’
3733 3119 3761 3190 ἢ

2207 3213 2410 3266 Μωσέα
2451 3213 2610 3284 τυχὸν
2650 3216 2776 3286 τῇδε
2823 3214 2916 3268 τοῦ
2962 3215 3174 3269 παιδίου
3211 3219 3508 3288 περιτομῇ,
3555 3216 3643 3268 καὶ
3682 3213 3762 3281 οὐχ

2209 3304 2353 3360 ἑκὼν
2395 3307 2751 3378 ἀπελήλαται.
2795 3309 3086 3379 Διατρανοῖ
3125 3308 3181 3362 δὲ
3225 3309 3394 3364 πάλιν
3429 3311 3458 3362 ὁ
3488 3307 3666 3370 τύπος,
3700 3303 3761 3366 ὡς

2209 3401 2302 3453 καὶ
2342 3402 2397 3454 ὲν
2428 3400 2504 3471 τῷ
2548 3401 2742 3470 αἵματι
2790 3401 2885 3454 τοῦ
2922 3400 3159 3472 Χριστοῦ
3208 3402 3492 3472 νενίκηται
3539 3400 3759 3460 θάνατος.

2209 3486 2486 3539 Σέσωσται
2521 3486 2578 3540 δὲ
2601 3487 2711 3541 τῶν
2743 3490 3047 3560 πατέρωνή
3081 3491 3214 3559 ἁγία
3250 3491 3481 3562 πληθὺς,
3515 3486 3761 3561 μᾶλλονδὲ

2215 3576 2436 3646 σύμπαν
2463 3577 2524 3630 τὸ
2553 3577 2759 3633 ἄνωθέν
2779 3596 2837 3632 τε
2870 3580 2962 3632 καὶ
2991 3580 3096 3651 πρὸ
3122 3582 3289 3634 αὐτοῦ
3312 3580 3489 3650 γένος.
3528 3577 3760 3632 Ἀπέθανε

2213 3669 2321 3739 γὰρ
2359 3669 2496 3741 ὑπὲρ
2535 3671 2774 3736 πάντων,
2816 3673 2908 3724 καί
2936 3674 2964 3726 ὁ
2997 3673 3214 3726 πάντων
3259 3675 3319 3728 ὲν
3383 3671 3530 3742 αὐτῷ
3571 3671 3758 3724 λέλυται

2209 3760 2457 3824 θάνατος.
2503 3763 2578 3814 Οὐ
2613 3763 2721 3833 γὰρ
2754 3764 2810 3815 ὲν
2847 3763 3040 3834 αἵματι
3091 3764 3412 3836 προφητῶν,
3456 3763 3564 3817 ἀλλ’
3608 3764 3659 3815 ὲν
3695 3757 3758 3827 τῷ

2208 3853 2402 3924 αἵματι
2437 3851 2531 3906 τοῦ
2573 3853 2812 3925 Χριστοῦ
2853 3854 2947 3908 τοῦ
2992 3855 3267 3910 νεωτάτου
3315 3857 3410 3911 καὶ
3460 3856 3571 3926 μετ’
3613 3846 3755 3906 αὐτοῦ

2204 3944 2660 4016 διαδιδράσκομεν
2685 3947 2774 4000 τὸν
2801 3947 3146 4020 ὁλοθρευτήν.
3175 3967 3192 3999 ι
3216 3949 3313 4012 Είς
3338 3947 3494 4003 τοῦτο
3517 3945 3638 4016 γὰρ.
3666 3957 3755 4011 φη·

2207 4037 2313 4101 σὶν,
2345 4037 2374 4091 ὁ
2405 4038 2640 4108 Χριστὸς
2668 4037 2906 4093 ἀπέθανε
2932 4039 3024 4096 καὶ
3063 4039 3281 4113 ἔζησεν,
3321 4041 3410 4094 ἵνα
3449 4039 3536 4093 καὶ
3570 4030 3753 4104 νεκρῶν

2205 4129 2299 4183 καὶ
2328 4127 2546 4194 ζώντων
2576 4129 2865 4202 κυριεύσῃ.
2901 4150 2922 4183 ι
2952 4130 3016 4186 Ei
3038 4133 3095 4186 δὲ
3124 4132 3197 4204 μὴ
3218 4132 3430 4202 λέγοιτο
3456 4129 3527 4201 τῷ
3556 4126 3755 4198 Γηρσὰμ

2205 4219 2569 4292 ὲπιθρὼσκειν
2610 4224 2638 4276 ὁ
2665 4221 3011 4294 ὁλοθρευτὴς,
3063 4225 3158 4278 καὶ
3199 4225 3322 4296 οὐχὶ
3369 4223 3432 4295 δὴ
3479 4220 3662 4292 μᾶλλον
3691 4212 3754 4284 τῷ

2208 4313 2463 4384 μακαρίῳ
2487 4315 2684 4385 Μωσῇ,
2725 4315 2887 4369 πάλιν
2925 4316 3102 4368 ἐκεῖνο
3138 4317 3412 4388 συνήσεις.
3457 4313 3528 4366 UO
3551 4310 3650 4380 γὰρ
3680 4304 3753 4358 διὰ

2203 4404 2304 4474 τῆς
2323 4405 2464 4458 κατά
2485 4404 2648 4475 νόμον
2679 4407 3001 4477 περιτομῆς,
3030 4407 3303 4473 τουτέστι,
3326 4407 3423 4476 τῆς
3446 4402 3576 4457 κατὰ
3597 4399 3751 4470 σάρκα

2203 4495 2296 4547 κοιλ⁵
2326 4494 2596 4565 αἰσθητῆς
2640 4495 2980 4567 ἀπελήλαται
3020 4495 3272 4561 Θάνατος,
3307 4495 3442 4550 ἀλλὰ
3476 4493 3558 4546 διὰ
3587 4490 3676 4559 τῆς
3697 4488 3745 4538 ἐν

515 4582 700 4651 genito
723 4597 787 4636 ac
808 4597 954 4637 novo
965 4584 1363 4654 populo,terrte
1388 4588 1611 4656 quidem
1633 4591 1830 4658 incola,
1852 4595 2101 4649 conscri—

2210 4585 2453 4658 Χριστῷ,
2489 4585 2579 4640 διὰ
2612 4588 2948 4658 πνεύματος,
2977 4588 3045 4660 ἣν
3081 4589 3390 4660 ἐνήργηκεν
3430 4588 3485 4639 ἐν
3521 4582 3591 4653 τῷ
3626 4594 3749 4650 πρω-

515 4676 610 4740 pto
643 4678 826 4725 tamen
845 4672 1050 4726 iterum
1075 4675 1142 4727 ad
1185 4689 1480 4744 supernam
1505 4685 1560 4732 et
1582 4695 1704 4750 quae
1727 4680 1781 4735 in
1805 4683 1959 4738 caelis
1999 4685 2100 4739 de-

515 4763 662 4831 gitur
685 4762 852 4817 vitam
880 4779 894 4816 :
937 4779 1100 4834 quem
1147 4765 1449 4835 spiritualis
1475 4767 1721 4842 Sephora
1739 4814 1753 4837 ,
1781 4773 1835 4827 id
1882 4783 1967 4829 est
1990 4774 2097 4830 Ec-

515 4851 703 4915 clesia,
733 4865 856 4922 qua
878 4867 946 4908 ex
969 4852 1279 4910 Madianitis
1319 4857 1686 4928 gentibusque
1722 4871 1958 4927 constat,
1995 4879 2096 4918 suo

513 4943 864 5000 circumcidit
916 4945 1198 5016 suﬁ'ragio.
1255 4947 1439 5019 Typus
1487 4950 1604 5007 haec
1653 4954 1818 5008 etiam
1867 4955 2096 5024 spiritus

515 5035 681 5090 fuerit
705 5077 719 5102 ,
761 5045 953 5108 utpote
998 5038 1158 5094 fortis
1197 5048 1255 5095 et
1281 5040 1536 5108 infracta,
1571 5053 1626 5098 et
1652 5046 1780 5114 quia
1821 5061 1888 5100 ex
1914 5057 2091 5117 petra.

514 5126 876 5184 Christienim
902 5139 987 5186 est
1009 5132 1238 5202 spiritus
1266 5153 1277 5187 :
1316 5155 1332 5186 ι
1353 5136 1515 5190 Petra
1533 5146 1716 5191 autem
1745 5137 2029 5205 Christus,
2067 5159 2085 5192 ι

518 5227 576 5273 ut
619 5220 838 5289 sapiens
871 5221 1074 5278 Paulus
1117 5225 1194 5278 ait
1218 5225 1284 5280 δ’.
1337 5225 1636 5283 Sciendum
1685 5238 1890 5291 autem.
1946 5232 2096 5302 quod

515 5308 609 5378 qui
633 5320 759 5380 post
779 5311 965 5366 Mosen
991 5312 1098 5366 fuit
1126 5314 1314 5382 Josue,
1355 5319 1797 5391 cultrislapideis
1821 5322 2095 5379 Israelita-

2205 4676 2414 4749 τοτὸκῳ
2453 4678 2548 4732 καὶ
2588 4677 2696 4748 νέῳ
2733 4677 2869 4748 λαῷ,
2902 4678 3096 4749 καὶτῷ
3133 4680 3375 4752 παροίκῳ
3407 4678 3501 4749 μὲν
3531 4675 3616 4728 ἐπὶ
3641 4672 3746 4738 γῆς.

2205 4769 2629 4840 ἐπιγραφομένῳ
2656 4768 2712 4821 δὲ
2752 4769 2914 4823 πάλιν
2944 4773 3044 4842 τῆς
3077 4769 3189 4824 ἀνω
3223 4771 3315 4824 καὶ
3351 4765 3660 4839 οὐρανικῆς⁹
3693 4760 3747 4827 ἢν

2203 4861 2238 4931 ἦ
2267 4859 2434 4931 νοητὴ
2457 4859 2750 4930 Σεπφώρα,
2783 4861 3060 4915 τουτέστιν
3086 4864 3118 4932 ή
3161 4860 3472 4931 Ἐκκλησία,
3506 4859 3535 4926 ἡ
3570 4859 3626 4907 ὲκ
3652 4852 3745 4905 Μα-

2202 4951 2334 5019 διάμ
2373 4969 2432 5004 τε
2458 4953 2553 5005 καὶ
2595 4951 2654 5018 ἐξ
2685 4951 2877 5019 ἐθνῶν,
2906 4954 3274 5026 περιτέτμηκε
3312 4954 3490 5024 ψήφῳ.
3522 4947 3682 5004 Τύπος
3705 4939 3742 4991 δ’

2204 5042 2270 5095 ἂν
2295 5044 2378 5114 εἴη
2408 5043 2503 5096 καὶ
2523 5042 2661 5116 αὕτη
2689 5045 2783 5098 τοῦ
2813 5046 3143 5117 πνεύματος,
3178 5047 3268 5101 διά
3302 5063 3381 5098 τοι
3405 5043 3463 5098 τὸ
3500 5032 3740 5094 παναλκές

2202 5151 2266 5188 τε
2297 5137 2392 5188 καὶ
2420 5135 2752 5208 ἄθραυστον,
2784 5140 2876 5192 καὶ
2907 5140 3014 5210 μὴν
3053 5140 3134 5192 ὃτι
3175 5139 3268 5194 καὶ
3298 5139 3360 5190 ἐκ
3389 5135 3597 5204 πέτραςο
3625 5125 3739 5192 XF“

2204 5227 2331 5282 στοῦ
2364 5229 2473 5299 γὰρ
2502 5229 2563 5282 τὸ
2596 5229 2845 5301 πνεῦμα·
2890 5251 2907 5282 ι
2957 5233 3138 5304 Πέτρα
3158 5233 3214 5285 δὲ
3241 5231 3270 5282 ὁ
3306 5226 3546 5297 Χριστὸς,
3579 5240 3596 5273 ι
3621 5211 3740 5304 κειθᾷ

2202 5319 2297 5372 καὶ
2330 5321 2358 5373 ὁ
2390 5319 2553 5388 σονὺς
2595 5321 2796 5390 γράφει
2849 5302 3081 5386 Παῦλοςξ
3139 5323 3339 5377 Ἰστὲον
3388 5317 3441 5370 δὲ
3476 5316 3552 5368 ὅτι
3599 5306 3678 5361 καὶ
3715 5302 3737 5352 6

517 5417 637 5454 rum
665 5401 808 5455 filios
833 5403 1180 5458 circumcidit
1201 5407 1273 5472 '°,
1308 5423 1418 5463 non
1453 5400 1820 5467 manul'actam
1850 5414 1906 5468 in
1937 5413 2100 5469 Chri-

2205 5413 2336 5483 μετά
2384 5413 2589 5466 Μωσέα
2639 5413 2807 5466 πάλαι
2855 5415 3146 5485 γενόμενος
3205 5411 3422 5483 Ἰησοῦς,
3475 5400 3734 5477 μαχαίραις

515 5499 602 5545 sto
630 5491 1106 5548 circumcisionem
1151 5495 1387 5556 obscure
1412 5503 1574 5557 nobis
1603 5503 1961 5572 adumbrans,
1988 5523 2098 5578 qua

2205 5505 2478 5575 πετρίναις
2505 5504 2799 5577 περιέτεμε
2828 5509 2956 5570 τοὺς
2987 5491 3137 5570 υἱοῦς
3177 5503 3407 5576 Ἰσραὴλ,
3439 5497 3529 5567 τὴν
3552 5495 3732 5578 ἀχειρο-

515 5590 572 5637 et
593 5597 743 5637 mors
771 5593 1064 5652 superatur
1092 5604 1104 5640 :
1127 5587 1292 5659 308
1316 5607 1437 5660 quae
1474 5594 1737 5663 spiritalis
1763 5606 1846 5651 est
1884 5576 2096 5667 impro-

2205 5597 2416 5667 ποίητον
2438 5599 2494 5650 ἐν
2524 5576 2746 5669 Χριστῷ
2775 5599 2862 5652 διὰ
2884 5599 3188 5671 περιτομὴν
3212 5584 3596 5666 αἰνιγματωδῶς
3619 5576 3728 5671 ἡμῖν

514 5674 706 5732 bitatis
739 5675 1111 5745 circumcisio,
1146 5681 1370 5737 malitiae
1411 5700 1475 5740 ac
1498 5687 1848 5757 voluptatum
1876 5689 2098 5745 abdica-

2205 5689 2506 5760 σημαίνων,
2537 5690 2625 5759 ὑφ’
2756 5692 2850 5744 καὶ
2879 5667 3106 5755 ἡττᾶται
3147 5667 3394 5751 θάνατος,
3429 5684 3562 5754 ἤπερ
3605 5667 3726 5726 ἐστὶν

582 5874 630 5908 ⁸⁷
651 5883 820 5941 Exod.
850 5900 924 5950 tv,
951 5885 1040 5940 2i.
1116 5889 1186 5922 δ”
1223 5887 1359 5944 ibid.
1396 5889 1568 5946 24-27
1666 5889 1715 5924 ⁴⁹
1779 5893 1939 5948 Rom.
1981 5910 2090 5959 ην,

2253 5896 2298 5929 δ’
2333 5896 2352 5952 l
2382 5895 2506 5953 Cor.
2530 5915 2581 5962 τ,
2620 5899 2670 5954 4.
2853 5899 3018 5958 Josue
3053 5918 3105 5969 γ,
3131 5899 3185 5958 Ξ.

2733 5975 2801 5984 ...-
