4060 6438
318 405 415 467 8εὸ

326 519 536 590 ὴνοητη
573 514 674 587 τῆς
718 513 917 580 κακίας
958 514 1257 589 περιτομὴ,
1310 514 1650 588 φαυλότητός
1690 531 1754 569 τι
1797 515 1897 571 καὶ

320 610 511 684 ἠδονῷν
536 608 818 674 ἀπόθεσις.
850 609 988 682 Περὶ
1009 608 1118 682 γάρ
1146 609 1246 679 τῆς
1277 608 1419 664 κατὰ
1454 609 1635 681 σάρκα
1675 624 1898 681 περιτο-

322 703 440 776 μῆς,
472 701 501 755 ό
527 701 666 767 θεῖος
706 703 840 774 ἡμῖν
886 705 1088 774 γράφει
1143 701 1392 766 Παῦλος·
1436 719 1454 753 ι
1507 702 1574 756 Ἠ
1621 702 1895 773 περιτομὴ

317 795 459 852 οὐδέν
487 796 624 850 ἐστι.
661 814 682 849 ι
715 794 887 868 Σοφδς
915 795 973 851 δὲ
992 797 1126 867 ἡμῖν
1148 796 1243 851 καὶ
1272 794 1416 866 ίερδς
1441 794 1790 864 ἀνακέκραγε
1809 794 1898 849 λό-

317 901 431 955 γος·
468 904 487 939 ι
519 886 911 960 Περιτμήθητε
929 887 1009 959 τῷ
1035 887 1281 961 Χριστῷ.
1317 906 1336 940 ι
1371 886 1441 942 δι’
1473 882 1534 942 οξ,
1566 888 1660 942 καὶ
1692 886 1814 958 “ei
1834 880 1897 942 οὗ

1301 400 1829 491 summorum
1863 403 1934 461 ιιι
1952 402 2266 461 ,Exomm
2305 403 2436 460 Lm.
2477 400 2569 461 in.

3491 410 3599 469 686

2004 516 2102 573 tio.
2138 515 2217 573 De
2243 516 2338 572 illa
2361 516 2515 573 enim
2536 514 2748 572 carnali
2769 515 3200 576 circumcisione
3244 520 3472 581 divinus
3494 542 3596 582 no-

2003 608 2095 667 bis
2124 609 2330 665 Paulus
2362 609 2559 666 scribit
2585 629 2598 664 :
2633 629 2652 663 ι
2692 608 3058 668 Circumcisio
3095 612 3237 669 nihil
3261 623 3348 671 est
3365 616 3434 671 “.
3460 636 3478 670 ι
3501 617 3600 674 Sa-

2004 701 2168 773 piens
2192 716 2326 757 vero
2373 717 2438 757 ac
2464 717 2622 759 sacer
2643 702 2808 759 nobis
2851 719 3040 761 sermo
3084 707 3349 764 inclamat
3375 727 3389 763 :
3426 728 3445 763 ι
3469 711 3597 767 Cir-

2003 793 2233 850 cumcisi
2255 794 2466 850 estisin
2499 794 2723 852 Christo
2741 797 2808 863 ",
2846 815 2865 849 ι
2897 812 2999 869 per
3022 808 3281 870 quem'ol
3318 816 3448 857 cum
3486 817 3599 874 quo

2003 887 2120 943 Deo
2160 895 2220 942 et
2252 886 2406 943 Patri
2436 886 2612 958 gloria
2643 903 2772 946 cum
2812 898 3008 948 sancto
3055 891 3271 964 Spiritu
3303 894 3362 950 in
3395 895 3596 953 saecula

312 980 382 1052 τῷ
413 977 658 1053 Θεῷκαὶ
698 981 878 1053 Πατρὶ
909 982 943 1050 ἡ
972 980 1123 1047 δόξα,
1156 981 1254 1035 σύν
1304 980 1450 1050 ἁγίῳ
1499 979 1779 1050 Πνεύματι
1816 981 1882 1044 είς

2000 978 2355 1037 saeculorum.
2383 979 2583 1036 Amen.

312 1073 428 1138 τούς
458 1072 663 1134 αἰῶνας
686 1071 799 1128 τῶν
830 1072 1064 1128 αιώνων.
1104 1073 1301 1145 Ἀμήν.

374 1208 420 1241 ⁸⁸
453 1206 624 1267 lCor.
649 1224 691 1273 ι,
732 1207 820 1263 19.
901 1206 1085 1264 “Col.
1122 1207 1297 1274 ψη.

850 1567 1649 1691 ΓΑΑΦΥΡΩΝ
1724 1568 1970 1683 ΕΙΣ
2018 1566 2344 1683 ΤΗΝ
2403 1484 3044 1687 ΕΞΟΔΟΝ

1625 1795 2075 1885 ΒΙΒΛΙΟΝ
2112 1797 2237 1882 Γ’.

539 2112 1464 2208 GLAPHYRORUM
1543 2114 1665 2204 IN
1733 2110 2253 2205 EXODUM
2326 2106 2683 2198 LIBER
2759 2105 3327 2203 TERTIUS.

563 2418 714 2488 Περὶ
737 2417 852 2489 τῆς
883 2417 1301 2488 παταχθείσης
1334 2418 1580 2487 πέτρας.

358 2536 425 2587 α’.
459 2552 479 2585 ι
502 2530 798 2586 Είσέλθετε
819 2530 1036 2604 διὰςτῆς
1053 2530 1244 2604 στενῆς
1272 2531 1473 2604 πύλης,
1501 2550 1521 2584 ι
1545 2533 1657 2597 τοῖς
1682 2529 1879 2586 ἑαυτοῦ

296 2621 456 2690 φίλοις
486 2622 764 2692 ἐπεφώνει
798 2622 1070 2695 Χριστός⁸
1099 2622 1289 2695 στενὴν
1333 2623 1457 2694 μὲν,
1497 2617 1673 2695 οἶμαι,
1704 2622 1881 2695 πύλην

297 2714 379 2768 καὶ
397 2713 771 2786 τεθλιμμένην
797 2714 1052 2786 εἰσϐολὴν
1081 2714 1142 2768 τὸ
1166 2714 1441 2786 τληπαθὲς
1456 2713 1763 2787 ὀνομάζων,
1785 2717 1881 2770 καὶ

294 2807 382 2880 τὴν
408 2807 701 2877 τοῦλόγου
750 2806 953 2870 παντὸς
997 2805 1155 2873 ἀξίαν
1198 2807 1498 2880 ὑπομονὴν,
1550 2807 1672 2862 καθ’
1705 2807 1773 2880 ἣν
1816 2807 1881 2862 ἂν

293 2901 491 2971 γένοιτο
522 2901 628 2956 καὶ
678 2897 827 2972 μάλα
860 2899 1135 2964 πλουσίως
1176 2899 1238 2954 τὸ
1271 2900 1585 2972 εὐδοκιμεῖν
1616 2900 1881 2956 δύνασθαι

292 2996 393 3057 τοῖς
415 2994 481 3048 τὰ
503 2994 626 3050 ἀνω
654 2994 872 3064 φρονεῖν
902 2992 1223 3064 ᾑρημένοις,
1258 2991 1795 3065 καταφαιδρύνεσθαί
1819 3010 1880 3047 τε

292 3089 648 3161 γυμνάσμασι
684 3089 799 3151 τοῖς
830 3087 911 3149 είς
953 3084 1218 3157 εὐψυχίαν
1267 3084 1364 3140 καὶ
1413 3086 1637 3158 ἀρετήν.
1668 3085 1882 3158 Ὠσπερ

290 3180 391 3252 γὰρ
430 3181 491 3235 τὸ
530 3179 850 3254 ἀριστεύειν
884 3180 942 3232 ὲν
982 3179 1207 3250 μάχαις,
1248 3179 1315 3249 τῇ
1359 3177 1454 3231 τοῦ
1502 3176 1881 3244 ὁπλιτεύοντας

291 3273 534 3347 εὐανδρίᾳ
570 3276 875 3346 μαρτυρεῖ·
901 3271 1044 3327 οὕτω
1086 3271 1178 3325 τὸν
1210 3270 1440 3342 εὐσθενῆ
1483 3272 1578 3325 καὶ
1610 3275 1877 3342 γενναῖον,

292 3364 362 3426 είς
391 3381 453 3433 γε
490 3363 550 3417 τὸ
588 3362 879 3430 δύνασθαι,
917 3362 1085 3435 φημὶ,
1122 3360 1224 3434 τὴν
1256 3360 1591 3415 ἀνδάνουσαν
1636 3360 1716 3435 τῷ
1760 3361 1881 3434 θεῷ

291 3456 480 3528 ἀρετὴν
502 3452 833 3526 κατορθοῦν,
863 3453 1140 3526 λαμπρὸν,
1172 3454 1269 3508 καὶ
1297 3452 1598 3527 περιφανῆ,
1626 3454 1721 3507 καὶ
1745 3470 1882 3507 παν-

290 3548 375 3612 τὸς
402 3532 632 3601 ἐπαίνου
661 3546 1087 3619 μεμεστωμένον
1114 3547 1449 3619 ἀποφήνειεν
1472 3544 1539 3601 ἂν
1567 3546 1629 3600 τὸ
1654 3541 1714 3601 εὖ
1736 3545 1881 3620 μάλα

291 3639 541 3695 δύνασθαι
562 3640 871 3710 διενεγκεῖν
895 3639 1022 3704 τοὺς
1051 3640 1117 3693 ὲκ
1144 3638 1239 3693 τοῦ
1261 3638 1625 3713 πειράζεσθαι
1658 3639 1876 3704 πόνους.

292 3730 396 3784 Καὶ
426 3730 557 3801 γοῦν
592 3728 692 3784 τοῦ
727 3730 981 3803 Σωτῆρος
1014 3729 1043 3784 ὁ
1082 3727 1356 3801 μαθητὴς,
1378 3728 1460 3783 ὅτι
1493 3731 1674 3803 πάντη
1699 3746 1759 3784 τε
1786 3731 1881 3785 καί⁵

2503 2412 2583 2469 De
2620 2421 2773 2486 petra
2796 2427 3067 2486 percussa.

2063 2531 2116 2587 ι.
2139 2553 2155 2585 ι
2177 2530 2406 2589 lntroite
2425 2545 2525 2601 per
2549 2537 2837 2601 angustam
2850 2536 3069 2600 portam
3085 2525 3184 2591 ",i
3206 2522 3458 2580 Christus
3473 2522 3587 2579 dis-

1988 2628 2189 2700 cipulis
2210 2628 2327 2683 suis
2350 2626 2489 2681 dixit
2534 2642 2549 2679 :
2592 2628 2973 2696 angustam,ut
2996 2620 3256 2684 arbitror,
3287 2626 3503 2689 portam
3529 2627 3586 2673 et

1987 2728 2197 2776 arctam
2221 2719 2367 2776 viam
2391 2718 2689 2773 nominans
2714 2714 3085 2779 tolerantiam,
3114 2712 3377 2784 omnique
3412 2711 3584 2767 laude

1987 2808 2368 2882 dignissimam
2394 2807 2744 2880 patientiam,
2768 2820 2871 2879 per
2900 2821 3066 2878 quam
3090 2803 3337 2875 quidem,
3366 2803 3459 2875 qui
3488 2818 3584 2859 su-

1986 2919 2158 2975 perna
2215 2918 2410 2975 sapere
2457 2901 2651 2956 volunt
2679 2899 2902 2956 laudem
2936 2907 3371 2969 consequantur,
3403 2897 3589 2968 splen-

1987 2997 2264 3069 deantque
2301 2993 2584 3055 exercitiis
2618 3008 2743 3064 qua:
2764 2991 2833 3046 ad
2861 2992 3064 3047 bonam
3107 2989 3279 3046 animi
3308 2990 3584 3046 constitu~

1988 3090 2196 3146 tionem
2226 3098 2284 3146 et
2326 3096 2382 3144 et
2418 3088 2487 3144 ad
2512 3088 2777 3142 virtutem
2803 3093 3078 3157 spectent.
3101 3083 3580 3151 Quemadmodum

1986 3181 2137 3236 enim
2168 3178 2438 3236 fortitudo
2463 3186 2700 3235 testatur
2727 3177 2934 3249 primas
2963 3176 3018 3232 in
3044 3175 3193 3232 bello
3217 3174 3488 3243 obtineri,
3508 3176 3584 3230 ita

1987 3275 2153 3330 etiam
2185 3274 2475 3329 robustum
2501 3288 2565 3327 ac
2586 3286 2919 3344 generosum
2957 3269 3027 3326 ad
3050 3284 3270 3325 omnem
3294 3269 3407 3324 Deo
3429 3284 3586 3326 accc.

1988 3376 2139 3440 ptam
2162 3367 2426 3423 virtutem
2450 3364 2840 3437 prazstandam,
2868 3362 3225 3434 splendidum
3261 3370 3430 3433 atque
3453 3361 3584 3416 illu-

1989 3468 2191 3526 strem,
2223 3467 2281 3525 et
2304 3458 2455 3514 omni
2486 3457 2648 3513 laude
2687 3456 3032 3513 cumulatum
3071 3454 3340 3522 declarat,
3363 3453 3584 3510 labores

1989 3550 2095 3607 sibi
2144 3566 2212 3606 ex
2247 3549 2552 3604 tentatione
2577 3547 2794 3603 oblatos
2838 3544 3077 3601 infracto
3109 3543 3295 3599 animo
3320 3544 3580 3599 tolerare.

1988 3642 2145 3699 Unde
2167 3651 2225 3698 et
2250 3641 2555 3698 Salvatoris
2578 3638 2888 3710 discipulus
2910 3637 3058 3710 quod
3083 3637 3211 3693 talis
3248 3636 3585 3708 conspicuus

1989 3735 2218 3791 omnino
2260 3742 2426 3805 atque
2454 3732 2689 3789 illustris
2719 3731 2813 3797 sit,
2840 3738 3103 3787 testatum
3148 3728 3312 3785 nobis
3335 3728 3580 3799 reliquit,

292 3823 500 3888 πάντως
518 3826 546 3878 ό
574 3820 821 3888 τοιοῦτος
848 3819 1196 3887 ἀπόϐλεπτος
1214 3819 1393 3888 ἔσται,
1421 3819 1882 3895 πεπληροφόρηκε

1989 3828 2178 3885 dicens
2204 3845 2216 3882 ε
2240 3846 2257 3879 ι
2290 3827 2493 3883 Beatus
2513 3825 2683 3882 homo
2705 3824 2801 3896 qui
2825 3823 3021 3880 suffert
3043 3822 3431 3887 tentalionem,
3452 3820 3583 3891 quia

288 3909 484 3978 λέγων·
529 3932 549 3966 ι
601 3912 893 3986 Μακάριος
938 3911 1227 3985 ἄνθρωπος
1275 3910 1335 3976 ὃς
1379 3912 1650 3986 ὑπομείνῃ
1687 3930 1883 3987 πειρα-

289 4004 438 4076 σμὸν,
467 4004 549 4059 ὃτι
594 4004 825 4076 δόκιμος
861 4005 1183 4077 γενόμενος,
1215 4003 1447 4078 λήψεται
1494 4005 1586 4060 τὸν
1617 4006 1882 4078 στέφανον

288 4095 383 4167 τῆς
414 4095 585 4170 ζωῆς.
626 4110 653 4150 ν
682 4098 745 4150 Οἱ
773 4096 831 4150 δὲ
862 4096 927 4169 δὴ
974 4097 1110 4170 πρὸς
1142 4096 1301 4152 τοῦτο
1342 4094 1530 4152 λοιπὸν
1567 4096 1881 4165 εὐσθενείας

288 4188 635 4262 ἐληλακότες,
661 4189 758 4245 καὶΙ
794 4189 896 4263 τὴν
932 4188 1076 4245 οὕτω
1108 4193 1384 4264 περιφανῆ
1420 4190 1580 4260 δόξαν
1613 4192 1881 4265 ἀράμενοι

287 4283 553 4353 λέγουσιν,
586 4285 672 4338 ὅτι
710 4303 730 4337 ι
771 4282 1136 4355 Ἐδοκίμασας
1159 4283 1333 4354 ἡμᾶς,
1355 4282 1555 4350 ὁΘεδς,
1587 4283 1882 4357 ὲπύρωσας

286 4376 449 4448 qui;
481 4376 560 4442 ὡς
587 4375 861 4449 πυροῦται
895 4373 957 4429 τὸ
996 4374 1285 4448 ἀργύριον.
1325 4374 1493 4430 Ἔθου
1537 4375 1748 4448 θλίψεις
1788 4379 1882 4432 ἐπὶ

286 4468 374 4522 τὸν
412 4467 587 4524 νῶτον
633 4467 813 4543 ἡμῶν.
873 4467 1239 4535 Ἐπεόίὸασας
1280 4468 1606 4543 ἀνθρώπους
1646 4470 1742 4526 ἐπὶ
1779 4469 1879 4538 τάς

288 4558 529 4630 κεφαλὰς
577 4560 760 4632 ἡμῶν.
812 4558 1114 4633 Διήλθομεν
1158 4560 1246 4616 διὰ
1291 4562 1467 4635 πυρὸς
1511 4563 1607 4616 καὶ
1663 4562 1876 4627 ὓδατος,

287 4650 617 4733 ἐδοκίμασας
664 4654 812 4728 ἡμᾶς
850 4655 934 4719 είς
978 4652 1266 4725 ἀνάψυξιν.
1319 4673 1337 4707 ι
1401 4654 1727 4729 Ἐκτελευτᾷ
1770 4652 1879 4729 γὰρ

286 4742 313 4795 ὀ
342 4744 501 4809 πόνος
544 4746 629 4810 είς
684 4745 921 4819 τρυφὴν,
970 4748 1066 4802 καὶ
1114 4744 1502 4820 άνευρύνουσιν
1558 4748 1617 4803 αί
1671 4746 1877 4818 θλίψεις

287 4837 393 4899 τοῖς
441 4836 669 4892 ἀθλοῦσι
726 4838 994 4907 γενναίως
1033 4841 1134 4913 τὴν
1183 4840 1400 4896 εὐθεῖαν
1433 4841 1572 4896 όδὸν.
1620 4836 1742 4895 Οἵδε
1779 4840 1880 4912 μὲν

287 4926 350 4982 1‘1
403 4929 585 4983 πάντα
639 4930 771 5001 πρὶν
815 4930 1085 5000 γενέσεως
1152 4931 1331 4985 αὐτῶν
1374 4934 1402 4987 ό
1451 4930 1563 4987 τῶν
1619 4931 1880 5006 κρυπτῶν

287 5018 550 5093 γνὼστης,
587 5022 836 5077 τουτέστι
866 5023 1004 5087 Θεός
1033 5025 1081 5089 (ι
1106 5023 1296 5097 Γυμνά
1323 5024 1432 5096 γὰρ
1464 5025 1615 5097 αὐτῷ
1646 5025 1713 5080 τά
1743 5025 1879 5080 πάν-

289 5128 353 5166 τα
380 5115 474 5170 καὶ
490 5116 1018 5190 τετραχηλισμένα)·
1047 5136 1065 5169 ι
1098 5117 1384 5190 περιμένει
1410 5119 1466 5171 δὲ
1490 5117 1597 5172 τῶν
1621 5116 1881 5191 πραγμά-

1984 3937 2111 3978 cum
2154 3920 2425 3993 probatus
2467 3918 2657 3983 fuerit,
2705 3916 2943 3988 accipiet
2988 3928 3251 3972 coronam
3305 3911 3522 3968 vitae".
3554 3930 3575 3964 ι

1983 4014 2088 4084 Qui
2115 4029 2250 4070 vero
2278 4029 2346 4070 eo
2374 4010 2719 4069 fortitudinis
2740 4015 3060 4072 evaserunt,
3078 4014 3142 4061 ut
3165 4005 3404 4077 amplam
3432 4003 3579 4058 illam

1983 4117 2152 4178 atque
2190 4107 2451 4162 eximiam
2488 4103 2722 4179 gloriam
2759 4101 2871 4158 siut
2899 4098 3213 4164 consecuti,
3241 4098 3295 4153 hi
3343 4096 3576 4152 dicunt:

1992 4221 2010 4254 ι
2038 4201 2206 4263 Deus,
2235 4208 2290 4259 tu
2318 4198 2568 4270 probasti
2607 4211 2738 4260 nos,
2774 4194 2898 4267 igne
2921 4191 3249 4248 examinasti
3275 4205 3376 4245 nos
3395 4229 3411 4255 ,
3437 4188 3581 4247 sicut

1983 4293 2330 4351 examinatur
2353 4300 2662 4362 argentum.
2687 4285 2929 4344 Posuisti
2960 4283 3288 4339 aﬂlictiones
3326 4282 3384 4336 in
3411 4280 3580 4338 dorso

1981 4395 2191 4442 nostro.
2215 4383 2531 4444 Ascendere
2562 4379 2744 4437 fecisti
2770 4376 3026 4433 homines
3063 4376 3119 4431 in
3149 4375 3332 4449 capita
3357 4383 3575 4431 nostra.

1983 4477 2366 4534 Transivimus
2393 4490 2491 4548 per
2533 4474 2716 4546 ignem
2759 4480 2817 4529 et
2842 4486 3066 4544 aquam,
3092 4478 3149 4527 et
3192 4468 3434 4526 eduxisti
3475 4483 3580 4529 nos

1982 4572 2037 4627 in
2068 4569 2418 4640 refrigerium
2446 4568 2513 4622 ".
2552 4585 2570 4620 ›
2603 4565 2837 4623 Laboris
2859 4565 3008 4620 enim
3034 4562 3160 4619 ﬁnis
3181 4571 3267 4619 est
3292 4562 3578 4634 gaudium,

1982 4660 2309 4717 amictiones
2343 4668 2528 4714 autem
2559 4657 2821 4728 aperiunt
2849 4655 2917 4710 iis
2942 4655 3038 4726 qui
3088 4654 3307 4711 fortiter
3326 4661 3579 4722 certant,

1980 4756 2126 4811 viam
2153 4755 2218 4811 ad
2252 4754 2500 4810 laetitiam
2525 4750 2710 4824 309.
2731 4749 2998 4822 Cognitor
3021 4748 3168 4805 enim
3190 4748 3535 4804 occultorum
3560 4787 3577 4813 ,

1981 4849 2088 4907 hoc
2129 4857 2215 4905 est
2257 4848 2425 4913 Deus,
2452 4846 2609 4901 novit
2635 4852 2858 4909 cuncta,
2892 4851 3190 4914 antequam
3225 4841 3486 4898 eveniant
3515 4855 3579 4899 ac

1981 4938 2135 4996 ﬁant.
2177 4958 2195 4991 ι
2234 4938 2392 4995 Nuda
2420 4936 2571 4994 enim
2595 4943 2761 5006 atque
2794 4942 2988 5005 aperta
3016 4933 3069 4989 ei
3089 4942 3220 4989 sunt
3241 4933 3429 4987 omnia
3460 4930 3527 4986 ".
3551 4948 3571 4984 ι

1982 5031 2248 5088 Differtur
2264 5037 2450 5086 autem
2464 5043 2652 5084 rerum
2677 5027 2880 5091 exitus,
2902 5035 3163 5083 eteorum
3181 5024 3279 5095 qui
3292 5031 3576 5081 tentantur

1981 5123 2250 5181 fortitudo
2266 5120 2576 5180 secundum
2599 5128 2871 5189 tempora,
2891 5128 2954 5173 ut
2969 5133 3080 5173 non
3095 5118 3274 5174 solum
3297 5117 3410 5174 Deo
3420 5117 3578 5189 juxta

288 5221 389 5261 των
420 5208 485 5262 τὸ
526 5210 723 5282 πέρας,
755 5211 852 5265 καὶ
883 5214 946 5264 τὸ
974 5209 1087 5265 τῶν
1136 5210 1551 5286 πειραζομένων
1577 5210 1721 5266 κατὰ
1754 5229 1871 5265 και-

1989 5213 2379 5291 praenotionem
2397 5209 2547 5283 digni
2564 5209 2806 5280 praemiis
2835 5219 3159 5279 appareant,
3176 5224 3373 5264 verum
3409 5209 3578 5266 etiam

292 5300 412 5370 ρούς
445 5302 736 5370 εὐσθενές’
776 5304 866 5357 ῐνα
911 5299 1012 5376 μὲν
1062 5303 1341 5376 φαίνοιντο
1396 5303 1473 5378 μὴ
1531 5305 1690 5376 μόνον
1722 5304 1874 5377 αὐτῷ

290 5393 426 5450 κατά
458 5394 768 5468 πρόγνωσιν
798 5395 940 5462 ἄξιοι
967 5396 1169 5471 γερῶν,
1202 5398 1594 5469 κατακροτοῖεν
1628 5396 1685 5450 δὲ
1732 5397 1871 5469 μᾶλ-

288 5481 374 5539 λον
396 5485 471 5553 ὡς
506 5487 919 5561 ¹ίιριστευκότας,
946 5490 1043 5544 κού⁸
1072 5489 1159 5544 διὰ
1186 5489 1529 5561 πραγμάτων
1575 5488 1755 5547 αὐτῶν
1787 5488 1876 5545 ἐπ’

290 5575 452 5651 ἀρετῇ
491 5581 1043 5656 μεμαρτυρημένους,
1078 5581 1301 5655 ἄγγελοί
1331 5599 1389 5636 τε
1430 5582 1524 5637 καὶ
1573 5580 1885 5654 ἄνθρωποι.-

292 5668 383 5724 me
416 5670 575 5727 τοῦτο
606 5675 701 5731 καὶ
726 5675 754 5729 ὁ
782 5675 1054 5749 μακάριος
1087 5674 1300 5740 Παῦλος
1346 5675 1476 5746 περὶ
1510 5673 1675 5729 αὐτοῦ
1696 5691 1756 5729 τε
1780 5673 1876 5729 καὶ

1982 5315 2042 5360 ut
2059 5305 2305 5377 ipsorum
2333 5301 2653 5376 pnestantia
2676 5301 2844 5357 rebus
2874 5300 3008 5372 ipsis
3034 5317 3135 5373 per
3152 5300 3418 5359 virtutem
3450 5315 3576 5374 ges-

1985 5398 2053 5453 tis
2076 5396 2364 5453 testificata
2376 5396 2447 5451 ab
2457 5394 2782 5451 hominibus
2800 5395 3008 5467 pariter
3018 5404 3185 5467 atque
3205 5394 3416 5469 angelis
3436 5395 3574 5451 oele~

1984 5493 2197 5549 bretur.
2225 5489 2442 5546 idcirco
2457 5496 2517 5545 et
2528 5489 2726 5557 beatus
2740 5489 2946 5546 Paulus
2956 5487 3025 5545 de
3038 5488 3223 5561 seipso
3235 5497 3292 5546 et
3309 5489 3573 5546 aliissan-

1984 5585 2089 5640 ctis
2112 5584 2213 5648 ait,
2246 5581 2395 5654 quod
2417 5597 2544 5638 cum
2567 5581 2869 5638 admodum
2900 5581 3137 5639 feliciter
3157 5578 3571 5638 deccrtariutac

1983 5675 2243 5740 vicerint,
2271 5694 2288 5725 ι
2315 5672 2703 5746 Spectaculum
2718 5673 2847 5732 facti
2864 5674 2977 5732 sint
2993 5672 3201 5730 mundo
3215 5680 3271 5728 et
3289 5669 3577 5743 angeliset

361 5806 408 5839 ⁸³
431 5808 619 5867 Matth.
650 5828 747 5880 vn,
780 5813 834 5868 3.
922 5813 969 5847 ἰ
991 5812 1107 5871 Jac.
1134 5814 1285 5883 1,42.
1365 5814 1412 5847 "
1448 5814 1592 5871 Psal.
1625 5831 1751 5881 ειν,
1780 5813 1882 5870 10-1

2042 5816 2089 5851 ⁸⁸
2125 5815 2295 5872 Hebr.
2320 5832 2394 5885 tv,
2443 5816 2529 5871 l5.
