4060 6496
478 422 580 476 Ᾰ87

1477 422 1536 476 S.
1579 420 1854 476 CYlllLLl
1893 421 2364 494 ALEXANDNNI
2407 421 2725 478 ARCII‘IEP.

3673 429 3774 486 488

477 545 793 602 hominibus
818 547 888 598 ".
929 565 946 596 ι
996 542 1341 599 Multifariam
1375 543 1540 614 igitur
1583 544 1848 614 probatur
1872 546 2062 609 Israel,

2169 547 2279 600 τῶν
2307 547 2485 600 ἄλλων
2515 549 2690 617 ἁγίων
2731 548 2916 620 φησὶν,
2947 548 3020 612 ὼς
3053 546 3371 618 ἡθληκότων
3399 543 3462 602 εὖ
3503 547 3654 619 μάλα
3685 551 3774 606 καὶ

479 650 539 693 ut
581 639 798 693 tametsi
827 636 1144 691 infirmitate
1171 635 1421 691 laborare
1467 637 1742 701 videatur,
1785 638 2062 709 ingentem

478 731 574 786 Dei
595 729 992 799 benignitatem
1013 728 1343 794 admiretur,
1376 731 1470 799 qui
1491 740 1808 799 peccantem
1844 731 2059 785 toleret.

476 824 853 880 Adnmbratur
868 831 1053 876 autem
1083 822 1139 876 in
1165 823 1399 892 singulis
1413 838 1534 892 quae
1561 823 1882 877 acciderunt
1901 823 2062 884 Chri-

475 903 546 971 s'fi
573 919 912 988 mysterium.
953 915 1115 970 Modo
1153 915 1303 970 enim
1333 930 1646 970 sermonem
1685 915 1754 969 de
1780 915 2064 970 coturnice

474 1020 530 1064 et
557 1023 756 1062 manna
781 1015 1142 1077 exponentes,
1174 1021 1287 1060 non
1327 1022 1521 1076 parum
1551 1004 1851 1070 inﬁrmum,
1877 1022 1942 1061 ac
1963 1021 2062 1061 vo-

475 1099 671 1170 luptati
701 1099 949 1153 deditum
977 1099 1235 1153 lsraelem
1263 1100 1622 1154 ostendimus.
1659 1097 1764 1152 Sed
1797 1113 1926 1153 ecce
1950 1099 2061 1168 jam

474 1208 668 1246 rursus
715 1191 962 1244 breviter
994 1190 1330 1244 inculcatum
1364 1189 1601 1243 videtur.
1635 1189 1714 1242 Ita
1746 1188 1895 1243 enim
1936 1205 2061 1242 rur-

474 1299 596 1337 sum
631 1283 867 1337 habetur
905 1301 918 1332 :
957 1301 974 1330 ι
1019 1283 1088 1336 Et
1112 1281 1356 1351 profecta
1380 1291 1465 1335 est
1493 1283 1674 1335 omnis
1704 1281 2060 1351 congregatio

474 1375 714 1428 ﬁliorum
751 1374 916 1429 lsracl
948 1389 1016 1428 ex
1064 1373 1284 1428 deserto
1333 1372 1462 1428 Sina
1501 1386 1626 1427 cum
1656 1373 1772 1427 suis
1802 1373 2061 1428 taberna-

474 1467 615 1520 culis
641 1505 654 1530 ,
695 1467 850 1535 juxta
880 1466 1110 1518 verbum
1147 1465 1361 1519 Domini
1393 1482 1407 1531 ;
1443 1473 1502 1519 et
1530 1465 1903 1519 castrametati
1934 1474 2063 1519 sunt

477 1561 534 1614 in
563 1559 856 1630 Raphidim
877 1600 890 1624 ,
924 1559 1018 1614 ubi
1050 1573 1164 1612 non
1194 1566 1312 1611 erat
1349 1573 1490 1627 aqua
1524 1557 1728 1627 populo
1755 1558 1823 1612 ad
1862 1557 2064 1612 biben-

475 1653 628 1708 dum.
661 1652 730 1707 Et
754 1651 1168 1706 conviciabatur
1199 1649 1440 1719 populus
1465 1648 1533 1702 ad
1577 1647 1786 1714 Mosen,
1819 1647 2011 1703 dicens
2046 1665 2058 1700 :

477 1743 553 1797 Da
604 1742 764 1796 nobis
795 1756 990 1810 aquam
1025 1747 1085 1793 ut
1118 1739 1391 1793 bibamus.
1448 1738 1518 1794 Et
1556 1738 1695 1793 dixit
1728 1739 1809 1793 eis
1841 1739 2018 1794 Moses
2045 1759 2056 1792 :

475 1835 613 1901 Quid
651 1833 1038 1889 convicianiini
1064 1832 1195 1887 me?
1227 1842 1284 1887 et
1309 1832 1442 1901 quid
1474 1832 1698 1887 tentatis
1729 1833 2061 1887 Dominum?

476 1925 660 1980 Sitivit
699 1934 882 1981 autem
919 1928 1158 1997 populus
1189 1927 1301 1980 illic
1332 1942 1552 1996 aquam,
1598 1936 1656 1982 et
1693 1928 2063 1983 murmuravit

474 2028 665 2072 contra
693 2019 900 2082 Mosen,
928 2017 1120 2072 dicens
1155 2037 1168 2072 :
1197 2018 1340 2085 Quid
1368 2019 1494 2082 hoc,
1528 2020 1676 2089 quod
1700 2021 1940 2076 eduxisti
1963 2036 2064 2074 nos

474 2127 542 2163 ex
563 2109 820 2182 .Egypto,
857 2121 918 2166 ut
944 2111 1229 2166 occideres
1261 2128 1364 2166 nos
1390 2122 1447 2167 et
1469 2111 1614 2168 ﬁlios
1633 2122 1855 2169 nostros
1893 2125 1948 2168 et
1974 2115 2064 2185 ju-

475 2211 659 2258 menta
682 2203 812 2258 siti?
841 2202 1306 2259 Clamavitautem
1337 2205 1514 2260 Moses
1543 2206 1609 2260 ad
1633 2207 1947 2272 Dominum,
1975 2208 2062 2262 di-

475 2310 609 2350 cens
639 2313 651 2348 :
685 2295 826 2362 Quid
873 2296 1071 2351 faciam
1096 2297 1300 2366 populo
1334 2297 1506 2352 huic?
1531 2299 1712 2354 adhuc
1743 2301 2025 2368 paululum
2047 2341 2061 2364 ,

473 2394 528 2441 et
552 2387 820 2456 lapidabit
843 2405 949 2442 me.
982 2389 1049 2443 Et
1075 2389 1214 2442 dixit
1246 2391 1514 2445 Dominus
1533 2392 1600 2445 ad
1631 2392 1813 2447 Mosen
1853 2411 1864 2446 :
1893 2393 2064 2447 Ante-

475 2475 610 2529 cede
636 2477 898 2546 populum
921 2477 1109 2534 istum.
1135 2477 1334 2548 Accipe
1356 2488 1542 2533 autem
1573 2488 1756 2534 tecum
1786 2481 1854 2535 de
1886 2483 2068 2536 senio-

478 2565 632 2619 ribus
659 2566 867 2636 populi,
910 2575 966 2622 ct
998 2567 1207 2637 virgam
1235 2583 1342 2637 qua
1380 2569 1699 2637 percussisti
1721 2568 1946 2635 ﬂumen,
1971 2587 2064 2626 ac-

474 2658 596 2728 cipe
645 2659 705 2712 in
747 2674 910 2714 manu
944 2666 1055 2724 tua,
1087 2668 1144 2714 et
1175 2661 1335 2715 vade.
1373 2661 1513 2716 Ecce
1543 2677 1644 2732 ego
1693 2664 1854 2717 stabo
1895 2663 2010 2718 illic
2047 2705 2061 2728 ,

475 2757 770 2820 antequam
800 2761 857 2805 tu
881 2751 1110 2807 accedas
1140 2768 1308 2824 super
1332 2763 1543 2823 petram
1575 2755 1630 2808 in
1648 2753 1813 2809 Oreb.
1843 2755 1911 2809 Et
1943 2771 2068 2825 per-

475 2840 650 2895 cuties
680 2849 912 2910 petram,
939 2851 995 2896 et
1033 2842 1209 2896 exibit
1241 2841 1307 2897 ex
1334 2859 1397 2897 ca
1425 2860 1587 2912 aqua,
1612 2853 1669 2898 et
1702 2845 1856 2899 bibet
1885 2861 2065 2916 popu-

478 2931 567 2986 lus
595 2947 769 2987 meus.
804 2933 1160 2988 Fecitautem
1184 2934 1364 2990 Moses
1392 2935 1471 2989 sic
1501 2951 1687 2990 coram
1720 2935 1848 2991 ﬁliis
1875 2938 2063 2992 Israel:

476 3031 534 3078 et
564 3024 782 3079 vocavit
805 3041 1008 3080 nomen
1049 3026 1157 3079 loci
1177 3026 1345 3091 illius,
1370 3027 1626 3081 Tentatio
1654 3027 1768 3081 sive
1794 3027 2064 3098 Iurgium,

478 3123 703 3185 propter
722 3117 1160 3188 objurgationem
1199 3111 1441 3171 ﬁliorum
1476 3118 1664 3183 Israel,
1705 3127 1762 3172 et
1791 3119 1919 3188 quia
1944 3127 2067 3174 ten-

479 3214 737 3262 taverunt
789 3209 1081 3262 Dominum
1131 3208 1380 3264 dicentes
1427 3227 1440 3262 :
1482 3208 1538 3263 Si
1579 3219 1664 3264 est
1703 3209 1966 3266 Dominus
2008 3213 2063 3266 in

478 3297 640 3352 nobis
671 3315 741 3352 an
771 3315 882 3354 non
915 3300 1004 3353 “‘2
1036 3321 1052 3352 ι
1092 3301 1218 3356 Haec
1248 3302 1412 3371 310
1453 3301 1678 3371 quidem
1711 3303 1873 3358 nobis
1906 3304 1962 3358 in
1995 3305 2065 3360 li-

479 3389 580 3443 bro
607 3390 781 3445 Exodi
803 3391 1026 3446 divinus
1049 3407 1230 3447 sermo
1262 3379 1660 3448 commemorat
1687 3412 1699 3447 :
1739 3395 1835 3450 sed
1865 3395 1921 3450 in
1957 3397 2068 3452 Nu-

479 3482 650 3536 meris
673 3483 908 3552 amplior
929 3483 996 3538 de
1017 3484 1105 3538 his
1124 3484 1367 3539 narratio
1400 3485 1724 3552 instituitur,
1768 3503 1931 3559 quam
1966 3506 2066 3545 ne-

480 3575 784 3628 cessarium
805 3588 926 3629 esse
957 3575 1203 3629 arbitror
1235 3584 1293 3630 ut
1315 3577 1370 3630 in
1413 3577 1656 3651 mediam
1687 3580 2064 3650 proferamus;

481 3673 543 3719 ut
572 3666 786 3735 singula
807 3675 957 3721 recte
974 3675 1272 3737 exacteque
1302 3670 1728 3740 perpendentes,
1756 3673 1823 3727 ad
1851 3675 2067 3744 plenam

481 3771 676 3812 eorum
716 3773 837 3826 quae
881 3759 1012 3812 olim
1055 3758 1285 3828 figurate
1330 3769 1480 3830 gesta
1523 3770 1653 3817 sunt
1695 3765 2067 3835 cognitionem

484 3848 890 3917 perveniamus,
921 3857 976 3904 et
1015 3849 1319 3920 spiritualis
1367 3866 1562 3907 sensus
1597 3853 2067 3924 pulchritudinem

484 3956 908 4011 consequamur.
957 3942 1037 3996 ita
1093 3943 1261 4014 igitur
1304 3946 1572 4014 scriptum
1612 3947 1891 4001 habetur:
1944 3968 1962 3999 ‹
2003 3950 2070 4007 Et

484 4042 757 4088 venerunt
787 4033 886 4088 ﬁlii
921 4035 1086 4090 Israel
1117 4044 1173 4090 et
1205 4037 1385 4093 omnis
1411 4039 1760 4108 congregatio
1797 4039 1854 4093 in
1883 4040 2074 4096 deser—

487 4135 602 4180 tum
636 4127 768 4191 Sin,
813 4128 872 4182 in
913 4144 1102 4184 mense
1152 4130 1352 4200 primo,
1384 4137 1440 4184 et
1485 4130 1690 4185 mansit
1735 4133 1974 4202 populus
2011 4133 2068 4189 in

483 4218 678 4287 Cades,
714 4227 770 4275 et
797 4228 1015 4276 mortua
1041 4229 1127 4277 est
1151 4221 1228 4276 ibi
1249 4221 1418 4276 Maria
1443 4230 1510 4277 et-
1529 4223 1764 4293 sepulta.
1787 4223 1944 4279 Nulla
1968 4241 2068 4279 ευ·-

486 4321 595 4366 tem
649 4327 789 4382 aqua
848 4321 970 4367 erat
1027 4312 1467 4384 congregationi,
1507 4321 1564 4367 et
1605 4315 1916 4386 congregati
1942 4324 2072 4377 sunt

483 4409 676 4455 contra
705 4401 838 4456 Mosi
869 4409 926 4455 ct
959 4401 1162 4456 Aaron.
1191 4401 1259 4454 Et
1285 4401 1653 4456 murmuravit
1671 4401 1909 4471 populus
1933 4417 2068 4457 con-

487 4503 569 4548 tra
598 4494 804 4559 Mosen,
827 4493 1077 4552 dicentes
1106 4512 1118 4547 :
1146 4495 1368 4550 Utinam
1395 4493 1600 4549 mortui
1625 4509 1872 4549 essemus
1895 4495 1955 4550 in
1979 4495 2068 4549 in-

2170 639 2556 710 νενικηκότων,
2605 641 2687 693 ὅτι
2723 640 3006 711 «Θέατρον
3067 639 3412 711 ἐγενήθησαν
3461 641 3543 712 τῷ
3586 643 3774 714 κόσμῳ

2167 732 2261 784 καὶ
2291 731 2544 800 ἀγγέλοις
2590 733 2684 786 καὶ
2728 732 3056 803 ἀνθρώποις.
3088 751 3106 782 ι
3157 732 3540 802 Δοκιμάζεται
3595 735 3772 788 τοίνυν

2168 822 2568 894 πολυτρόπωςό
2603 822 2837 894 Ἰσραὴλ,
2859 823 2945 876 ἵνα
2968 823 3072 874 κᾶν
3108 823 3155 874 εἰ
3189 821 3438 891 φαίνοιτο
3471 823 3648 876 νοσῶν
3695 825 3771 880 ἔτι

2163 913 2225 968 τὸ
2250 914 2464 978 ᾶναλκι,
2487 913 2819 982 Θαυμάζοιτο
2848 914 2946 984 μὲν
2967 914 3061 966 ἐπὶ
3114 913 3282 984 πολλῇ
3308 914 3437 967 λίαν
3469 916 3772 988 ήμερότητι

2163 1007 2319 1072 Θεὸς,
2353 1007 2813 1078 πλημμελοῦντας
2852 1008 3210 1078 ἀνεχόμενος·
3271 1009 3680 1077 σκιαγραιροῖτο
3717 1009 3768 1062 δὲ

2169 1101 2370 1171 μᾶλλον
2409 1103 2540 1171 ἡμῖν
2578 1101 2664 1170 ἐφ’
2704 1100 2920 1170 ἑκάστῳ
2961 1100 3070 1153 τῶν
3103 1098 3545 1170 συμϐεϐηκότων
3573 1099 3635 1152 τὸ
3670 1117 3768 1170 μυ-

2170 1193 2412 1263 στήριον.
2453 1193 2616 1262 ’Ἄρτι
2653 1191 2754 1262 μὲν
2788 1189 2882 1245 οὖν
2917 1190 3010 1244 τὸν
3037 1192 3130 1244 ὲπί
3162 1209 3222 1243 τε
3261 1194 3330 1262 τῇ
3369 1191 3765 1262 ὀρτυγομήτρα

2167 1285 2264 1336 καὶ
2312 1282 2502 1352 μέντοι
2523 1283 2628 1336 καὶ
2663 1283 2742 1354 τῷ
2775 1283 2956 1354 μάννα
2989 1283 3431 1354 διαπεράσαντες
3474 1283 3657 1350 λόγον,
3703 1285 3758 1336 οὐ

2167 1375 2408 1446 μετρίως
2451 1377 2959 1449 κατηῤῥωστηκότα
2984 1377 3044 1430 τὸ
3073 1377 3304 1448 ἀδρανὲς
3349 1377 3454 1431 καὶ
3487 1377 3762 1448 φιλήδονον

2164 1469 2535 1539 διεδείκνυμεν
2577 1471 2669 1523 τὸν
2709 1472 2946 1543 Ἰσραήλ.
2989 1471 3127 1524 Ἀλλ’
3155 1469 3267 1523 ἰδοὺ
3314 1469 3490 1522 πάλιν
3532 1469 3628 1522 καὶ
3669 1469 3762 1522 οὐκ

2165 1563 2246 1626 εἰς
2268 1562 2489 1634 μακρὰν
2511 1563 2871 1635 παροτρύνων
2897 1564 3112 1634 ὁρᾶται.
3143 1561 3470 1632 Γέγραπται
3492 1559 3603 1631 γὰρ
3623 1560 3759 1614 οὕτω

2166 1654 2330 1706 πάλιν
2349 1670 2362 1682 ·
2400 1673 2416 1704 ι
2440 1654 2550 1708 Kal.
2575 1655 2756 1725 ἀπῆρε
2783 1655 2934 1707 πᾶσα
2969 1656 3001 1723 ἡ
3027 1654 3332 1724 συναγωγὴ
3379 1651 3516 1705 υἱῶν
3553 1650 3759 1722 Ἰσραὴλ

2164 1745 2229 1796 ὲκ
2252 1745 2352 1814 τῆς
2391 1739 2598 1814 ἐρήμου
2631 1743 2741 1808 Σὶν,
2770 1742 2914 1797 κατὰ
2949 1741 3306 1813 παρεμϐολὰς
3337 1739 3528 1794 αὐτῶν
3556 1739 3642 1793 διὰ
3667 1741 3756 1810 ῥή-

2168 1851 2336 1905 ματος
2363 1834 2589 1906 Κυρίου,
2629 1832 2722 1888 καὶ
2749 1834 3114 1906 παρενέϐαλον
3145 1836 3202 1887 ἐν
3233 1832 3539 1901 Ῥαιριδετνσ
3573 1833 3668 1884 οὐκ
3693 1827 3756 1900 ἦν

2163 1926 2221 1979 δὲ
2260 1925 2404 1998 ὕδωρ
2441 1925 2523 1996 τῷ
2565 1925 2680 1996 λαῷ
2717 1929 2880 1980 πιεῖν.
2917 1926 3026 1979 Kal.
3062 1915 3389 1997 ἐλοιδορεῖτο
3412 1927 3441 1978 ό
3469 1923 3596 1986 λαὸς
3628 1921 3754 1994 πρὸς

2164 2021 2370 2090 Μωσῆν
2433 2020 2713 2089 λέγοντες·
2755 2020 2856 2083 Δὸς
2913 2021 3046 2090 ἡμῖν
3126 2018 3292 2089 ὕδωρ,
3361 2017 3452 2070 ἵνα
3529 2017 3750 2088 πίωμεν.

2165 2109 2276 2164 Kal.
2321 2107 2474 2163 εἶπεν
2513 2111 2694 2174 αὐτοῖς
2746 2112 2984 2179 Μωσῆς·
3021 2109 3088 2163 Τί
3127 2108 3462 2180 λοιδορεῖσθέ
3509 2126 3631 2178 μοι;
3668 2111 3752 2163 καὶ

2164 2200 2216 2253 τι
2265 2198 2555 2269 πειράζετε
2601 2198 2834 2270 Κύριον;
2883 2197 3133 2270 Ἐδίψησε
3181 2198 3238 2250 δὲ
3272 2198 3404 2261 λαὸς
3449 2197 3602 2251 ὕδατι
3625 2200 3749 2264 ἐκεῖ,

2167 2287 2260 2340 καὶ
2295 2286 2594 2355 ὲγόγγυζεν
2623 2290 2650 2341 ὁ
2676 2287 2803 2351 λαὸς
2837 2287 2931 2340 ἐπὶ
2964 2287 3170 2356 Μωσῆν
3219 2286 3479 2355 λέγοντες
3500 2304 3514 2317 °
3551 2288 3661 2340 Ἵνα
3702 2288 3752 2340 τί

2165 2380 2324 2434 τοῦτο
2376 2379 2704 2444 ἀνεϐίϐασας
2756 2382 2904 2451 ἡμᾶς
2967 2379 3026 2446 ἐξ
3078 2380 3385 2448 Αἰγύπτου,
3446 2381 3748 2433 ἀποκτεῖναι

2167 2475 2315 2542 ἡμᾶς
2368 2473 2463 2525 καὶ
2505 2473 2573 2526 τὰ
2623 2473 2787 2526 τέκνα
2832 2473 3013 2543 ἡμῶν,
3043 2471 3236 2526 καὶτὰ
3281 2473 3461 2542 κτήνη
3495 2472 3646 2542 ἡμῶν
3676 2471 3746 2541 τῷ

2165 2563 2338 2634 δίψεις
2388 2564 2614 2633 Ἐὅόησε
2661 2564 2717 2617 δὲ
2760 2565 2964 2635 Μωσῆς
3008 2564 3144 2634 πρὸς
3200 2563 3435 2635 Κύριον,
3457 2563 3660 2631 λέγων’
3688 2563 3746 2615 Τί

2168 2658 2380 2729 ποιήσω
2419 2658 2496 2728 τῷ
2533 2657 2648 2726 λαῷ
2678 2656 2887 2726 τούτῳς
2923 2656 3002 2708 ἔτι
3051 2655 3248 2726 μικρὸν
3277 2655 3380 2708 καὶ
3408 2653 3746 2708 καταλιθοὸο-

2166 2746 2388 2818 λήσουσί
2423 2765 2510 2817 με.
2544 2747 2653 2801 Kal.
2681 2742 2803 2800 εἶπε
2833 2732 3038 2818 Κύριος
3083 2747 3216 2816 πρὸς
3256 2746 3471 2816 Μωσῆν
3493 2763 3506 2777 ο
3547 2747 3745 2816 Προπο-

2172 2839 2330 2909 ρεύου
2369 2838 2464 2892 τοῦ
2509 2839 2641 2893 λαοῦ
2689 2838 2902 2892 τούτου.
2928 2839 3076 2892 Λαϐὲ
3103 2839 3157 2892 δὲ
3198 2837 3343 2909 μετὰ
3400 2837 3623 2892 σεαυτοῦ
3649 2837 3746 2892 ἀπὸ

2167 2933 2275 2987 τῶν
2325 2932 2712 3004 πρεσϐυτέρων
2763 2931 2860 2986 τοῦ
2908 2931 3060 2997 λαοῦ,
3118 2931 3214 2985 καὶ
3270 2931 3375 3000 τὴν
3417 2921 3742 3003 ράὃδονένῇ

2169 3025 2446 3091 ὲπάταξας
2483 3026 2573 3078 τὸν
2622 3025 2888 3094 ποταμὸν,
2939 3023 3072 3078 λαϐὲ
3116 3025 3173 3076 ὲν
3215 3025 3281 3094 τῇ
3332 3024 3477 3094 χειρί
3510 3039 3620 3085 σου,
3661 3017 3743 3072 καὶ

2170 3117 2426 3188 πορεύου.
2469 3117 2597 3170 Ἰδοὺ
2628 3115 2737 3184 ἐγὼ
2764 3117 2971 3185 ἕστηκα
3001 3117 3116 3168 ἐκεῖ
3161 3115 3268 3186 πρὸ
3327 3114 3423 3168 τοῦ
3463 3115 3629 3169 ἐλθεῖν
3658 3110 3740 3164 ὲπὶ

2169 3210 2266 3280 τῆς
2301 3209 2506 3280 πέτρας
2553 3211 2610 3263 ἐν
2671 3207 2897 3280 Χωρήσ.
2943 3207 3056 3260 Kal.
3109 3206 3373 3274 πατάξεις
3402 3207 3498 3276 τὴν
3530 3206 3736 3275 πέτραν,

2169 3301 2266 3355 καὶ
2307 3301 2645 3365 ἐξελεύσεται
2681 3289 2825 3371 ὕδωρ
2861 3299 2918 3366 ἐξ
2965 3299 3137 3368 αὐτῆς
3161 3341 3174 3362 ,
3232 3299 3331 3353 καὶ
3363 3299 3543 3353 πίεται
3570 3300 3596 3351 ὁ
3623 3297 3736 3359 λαός

2173 3413 2296 3466 μου.
2339 3393 2592 3464 Ἐποίησε
2620 3392 2678 3445 δὲ
2709 3392 2916 3461 Μωσῆς
2962 3389 3136 3453 οὕτως
3180 3391 3427 3444 ἐναντιον
3479 3389 3581 3441 τῶν
3620 3387 3736 3441 υἱῶν

2181 3485 2418 3559 Ἰσραὴλ,
2449 3487 2545 3540 καὶ
2570 3484 2892 3555 ἐπωνόμασε
2919 3483 2980 3536 τὸ
3009 3484 3181 3554 ὄνομα
3208 3481 3305 3534 τοῦ
3333 3481 3501 3534 τόπου
3524 3478 3732 3540 ἐκείνου,

2171 3579 2486 3650 Πειρασμὸν
2538 3578 2634 3632 καὶ
2684 3576 3010 3646 λοιδόρησιν,
3036 3574 3124 3627 διὰ
3169 3573 3268 3645 τὴν
3306 3573 3600 3644 λοιδόρησιν
3641 3569 3735 3622 τῶν

2170 3672 2300 3726 υἱῶν
2344 3671 2579 3743 Ἰσραὴλ,
2623 3671 2717 3724 καὶ
2741 3669 2829 3724 διὰ
2856 3669 2917 3721 τὸ
2951 3665 3233 3737 πειράζειν
3257 3666 3461 3737 Κύριον
3485 3663 3731 3730 λέγοντες·

2170 3767 2233 3819 El
2261 3765 2377 3819 ἐστι
2405 3763 2610 3835 Κύριος
2646 3764 2704 3816 ὲν
2731 3763 2882 3832 ἡμῖν,
2913 3759 2947 3832 ἢ
2978 3758 3038 3811 οὗ
3065 3776 3080 3825 ;
3107 3777 3123 3810 ι
3163 3757 3277 3811 Kal.
3309 3756 3468 3811 ταυτὶ⁵
3497 3755 3590 3836 μέν
3619 3753 3731 3824 ἡμῖν

2172 3859 2230 3913 ὲν
2261 3859 2328 3929 τῇ
2377 3855 2574 3925 Ἐξόδῳ
2607 3854 2668 3908 τὸ
2712 3853 2856 3907 θεῖον
2889 3851 2993 3922 ἔφη
3032 3850 3418 3922 χρησμῴδημα
3439 3863 3450 3876 ·
3487 3860 3731 3912 κατακερ-

2173 3951 2356 4021 ματιεῖ
2393 3947 2449 4000 δὲ
2480 3946 2671 4017 ῶσπερ
2721 3947 2778 3998 εν
2815 3945 2928 4007 τοῖς
2975 3943 3254 4015 Ἀριθμοῖς
3312 3939 3604 4012 εὐρυτέραν
3644 3935 3730 4000 ἁφ-

2169 4043 2388 4111 ήγησιν,
2421 4038 2488 4109 ἢν
2529 4036 2622 4091 καὶ
2663 4036 2960 4105 ἀναγκαῖον
2985 4032 3139 4105 οἶμαι
3175 4030 3549 4102 παρενεγκεῖν,
3572 4025 3640 4088 ὡς
3673 4021 3729 4075 ἂν

2169 4129 2377 4182 ἕκαστα
2413 4123 2796 4196 βασανίζοντες
2827 4122 3003 4197 ὀρθῶς
3031 4122 3127 4176 καὶ
3182 4117 3583 4189 ἀπεξεσμένως,
3611 4114 3728 4166 ἀπο-

2170 4219 2392 4291 χρῶσαν
2425 4217 2640 4287 ἔχωμεν
2684 4215 2792 4269 τῶν
2847 4214 3013 4269 πάλαι
3048 4213 3350 4282 γεγονότων
3379 4205 3612 4267 τυπικῶς
3639 4201 3728 4291 τὴν

2169 4290 2400 4381 εἴδησιν,
2437 4309 2534 4363 καὶ
2578 4308 2712 4378 πρός
2769 4323 2830 4373 γε
2881 4305 2947 4376 δὴ
2989 4305 3220 4369 τούτοις,
3251 4305 3352 4374 τῆς
3378 4290 3725 4367 πνευματικῆς

2171 4402 2401 4474 θεωρίας
2428 4401 2490 4454 τὸ
2532 4399 2750 4462 κάλλος.
2786 4398 3104 4468 Γέγραπται
3133 4397 3198 4467 δὴ
3238 4391 3331 4449 οὖν
3353 4410 3367 4424 ·
3409 4413 3427 4444 ι
3451 4389 3555 4445 Kal.
3580 4383 3724 4456 ἦλθον

2171 4499 2218 4550 οἱ
2245 4494 2354 4550 υἱοὶ
2388 4493 2628 4566 Ἰσραὴλ,
2660 4491 2757 4546 καὶ
2797 4492 2947 4545 πᾶσα
2979 4492 3013 4561 ὴ
3057 4487 3347 4559 συναγωγὴ
3379 4488 3456 4549 εἰς
3496 4483 3585 4552 τὴν
3613 4480 3721 4548 ἕρη-

486 4583 650 4637 teritu
711 4581 943 4636 fratrum
987 4591 1302 4638 nostrorum
1339 4600 1529 4639 coram
1579 4585 1847 4641 Dominol
1885 4586 2064 4654 Quare

2175 4606 2272 4660 μον
2300 4588 2416 4649 Σὶν,
2452 4588 2508 4639 ὲν
2538 4585 2617 4656 τῷ
2648 4584 2782 4655 μηνὶΙ
2828 4583 2907 4655 τῷ
2950 4582 3171 4656 πρώτῳ,
3228 4580 3322 4636 καὶ
3369 4576 3664 4644 κατέμεινεν

485 4671 760 4726 adduxisti
787 4671 1264 4742 congregationem
1296 4673 1513 4726 Domini
1549 4672 1604 4726 in
1627 4673 1908 4730 desertum
1937 4675 2062 4741 hoc,

485 4771 548 4816 ut
600 4762 887 4817 occideres
915 4777 1017 4817 nos
1054 4771 1110 4817 et
1135 4764 1387 4832 jumenta
1417 4765 1648 4820 nostra?
1675 4764 1854 4832 Quare
1875 4768 2068 4824 eduxi-

482 4855 551 4910 sti
576 4870 677 4910 nos
699 4870 766 4908 ex
789 4853 1051 4926 1E3ypto,
1086 4863 1148 4909 ut
1181 4855 1498 4912 veniremus
1533 4856 1588 4910 in
1615 4859 1798 4913 locum
1833 4875 2063 4930 pravum

484 4947 667 5002 hunc?
692 4947 869 5003 Locus
890 4948 982 5003 ubi
1007 4964 1118 5003 non
1151 4949 1475 5015 seminatur,
1507 4966 1688 5020 neque
1710 4945 1866 5017 ﬁcus,
1883 4969 2064 5025 neque

484 5049 675 5106 vincte,
702 5057 884 5111 neque
905 5041 1047 5096 mala
1084 5049 1339 5112 grauata,
1373 5057 1552 5111 neque
1577 5057 1716 5112 aqua
1757 5052 1844 5098 est
1879 5044 1948 5098 ad
1978 5045 2063 5101 bi-

484 5131 746 5186 bendum.
779 5131 847 5187 Et
869 5134 1020 5187 venit
1049 5131 1229 5188 Moses
1259 5116 1324 5188 ad
1350 5132 1532 5187 Aaron
1573 5149 1606 5188 a
1649 5134 1789 5189 facie
1840 5150 2068 5207 congre-

484 5225 719 5295 gationis
743 5225 810 5278 ad
840 5227 1041 5281 ostium
1065 5226 1406 5282 tabernaculi
1441 5227 1790 5282 Testimonii.
1823 5229 1891 5283 Et
1916 5231 2064 5286 ceci-

487 5318 688 5373 derunt
712 5317 765 5371 in
795 5317 990 5371 faciem
1037 5333 1190 5372 suam
1213 5359 1227 5383 ,
1256 5327 1312 5372 et
1344 5319 1602 5390 apparuit
1646 5319 1821 5390 gloria
1844 5322 2068 5378 Domini

485 5408 553 5464 ad
577 5409 721 5463 illos.
747 5408 816 5461 Et
841 5407 1060 5462 locutus
1079 5417 1163 5463 est
1194 5408 1459 5463 Dominus
1492 5409 1562 5463 ad
1587 5409 1794 5478 Mosen,
1821 5412 2016 5470 dicens
2050 5431 2064 5469 ;

484 5502 686 5572 Accipe
718 5501 950 5571 virgam,
988 5507 1043 5554 et
1075 5515 1348 5571 congrega
1378 5505 1882 5573 congregationem,
1925 5516 1982 5561 tu
2006 5515 2066 5562 et

484 5591 666 5649 Aaron
689 5591 858 5646 frater
872 5598 1018 5659 tuus,
1041 5601 1095 5646 et
1124 5591 1410 5661 loquimini
1436 5595 1500 5648 ad
1523 5603 1732 5664 petram
1756 5612 1939 5653 coram
1962 5601 2064 5667 eis,

487 5691 543 5737 et
567 5682 718 5738 dabit
739 5697 910 5751 aquas
941 5697 1086 5748 suas,
1112 5690 1166 5739 et
1194 5682 1443 5739 educetis
1466 5685 1548 5739 eis
1572 5702 1770 5756 aquam
1791 5705 1859 5746 ex
1883 5700 2063 5763 petra,

562 5859 604 5893 ⁸⁷
654 5860 824 5917 lCor.
867 5861 1064 5931 xv,_l9.
1141 5861 1383 5918 "Exod.
1419 5879 1545 5932 xvn,
1583 5864 1701 5924 l-‘l.

2173 4655 2299 4744 λαὸς
2329 4681 2386 4733 ὲν
2427 4655 2632 4748 Καδὴς,
2679 4677 2776 4729 καὶ
2821 4655 3178 4745 ἐτελεύτησεν
3220 4672 3336 4725 ἐκεῖ
3364 4664 3604 4738 Μαριὰμ,
3640 4655 3718 4712 καὶ

2172 4774 2348 4845 ἐτάφη
2378 4771 2512 4824 ἐκεῖ.
2539 4770 2649 4824 Kal.
2675 4770 2775 4823 οὐκ
2801 4764 2867 4840 ἦν
2898 4767 3044 4838 ὕδωρ
3069 4769 3136 4837 τῇ
3167 4763 3470 4832 συναγωγῇ,
3505 4756 3589 4845 καὶ
3615 4765 3715 4845 σνν-

2170 4841 2541 4937 ηοροέσοησαν
2571 4861 2666 4914 ἐπὶ
2693 4861 2864 4931 Μωσῇ
2895 4858 2988 4911 καὶ
3024 4855 3254 4928 Ἀαρὼν.
3295 4853 3402 4907 Kal
3435 4841 3716 4937 tlbzﬁopaif'l

2169 4929 2351 5020 dial);
2379 4929 2513 5019 πρὸς
2553 4953 2780 5023 Μωσῆν,
2827 4929 3101 5020 λέγοντες·
3147 4947 3373 5017 Ὄφελον
3422 4929 3714 5023 ἀπωλόμεθα

2169 5055 2225 5106 ὲν
2255 5017 2610 5122 τῇ-ὰπωλείᾳ
2657 5017 2766 5097 τῶν
2807 5017 3053 5112 ἀδελφῶν
3092 5041 3248 5113 ﬁgi-3v
3300 5038 3474 5090 ἔναντι
3504 5017 3707 5122 Kuptov!

2169 5142 2281 5196 Kal.
2297 5109 2400 5192 “Eva
2433 5139 2487 5193 τί
2531 5109 2737 5210 ἤγαγες
2783 5134 2882 5206 τὴν
2914 5109 3235 5202 συναγωγὴν
3273 5123 3470 5196 Κυρίου
3511 5117 3585 5212 sic
3621 5109 3709 5212 ξῆν

2167 5235 2371 5306 ἔρημον
2401 5208 2602 5301 ταύτην
2624 5230 2944 5284 ἀποκτεῖναι
2971 5226 3117 5296 ἡμᾶς
3147 5220 3329 5278 καὶτὰ
3358 5214 3513 5306 τέκνα
3540 5208 3677 5306 ἡμῶν
3693 5211 3704 5258 ;

2164 5303 2284 5380 Kal.
2309 5325 2398 5378 ἵνα
2432 5324 2484 5376 τί
2514 5311 2672 5378 τοῦτο
2704 5319 3008 5390 ἅνηγάγετε
3040 5319 3190 5390 ἡμᾶς
3225 5312 3284 5378 ἐξ
3327 5303 3704 5398 Αξῖύπτθξῖῗ

2165 5415 2494 5490 ραγενέσθαι
2523 5415 2602 5478 εἰς
2632 5413 2723 5466 τὸν
2746 5384 2908 5466 τόπον
2941 5409 3032 5464 τὸν
3058 5384 3291 5478 πονηρὸν
3314 5397 3520 5490 toﬁ-rev;
3550 5384 3701 5490 T672:

2165 5466 2490 5490 Γ-ἰν---υν-
2529 5466 2599 5478 ίνυ
3184 5466 3214 5478 ..
3631 5471 3641 5488 ,

2163 5505 2224 5565 οὗ
2270 5511 2330 5564 οὐ
2393 5508 2696 5579 σπείρεται,
2755 5502 2877 5558 οὐδὲ
2923 5502 3104 5564 συκαῖ,
3157 5495 3277 5553 οὐδὲ
3334 5482 3568 5583 ἄμπελοί,
3597 5466 3698 5583 WE?

2168 5604 2310 5677 ῥοαὶ,
2347 5603 2466 5657 οὐδὲ
2501 5574 2646 5672 ἴλδωρ
2669 5597 2831 5672 [ἐστι]
2866 5599 3028 5651 πιεῖν.
3077 5594 3186 5648 Kal.
3235 5587 3360 5662 ἦλθε
3397 5574 3591 5677 Abi-“5ft;
3612 5574 3694 5677 ﬁl

2178 5649 3355 5767 ῐᾸα-ρὼ-ννῐπόὴῖροσῶπρυτῆςνσυναγωγῆς
3390 5672 3476 5727 ἐπὶ
3506 5664 3592 5733 τὴν
3611 5649 3688 5709 ω’
