4060 6436
203 410 285 463 ιεθ
1213 395 1742 458 GLAPHYROBUM
1780 397 1847 452 IN
1891 394 2180 453 EXODUM
2219 397 2348 452 LIB.
2391 397 2480 452 III.

3397 405 3500 460 -I90

203 542 290 596 ραν
336 521 431 592 τῆς
485 519 698 592 σκηνῆς
751 520 847 574 τοῦ
895 521 1228 593 μαρτυρίου.
1268 518 1382 572 Καὶ
1433 516 1639 570 ἔπεσαν
1696 514 1787 567 ὲπὶ

1893 522 1947 568 et
1975 514 2240 585 potabilis
2279 514 2768 586 congregationem
2802 526 2858 572 et
2898 519 3152 590 Iumenta
3183 536 3399 576 eorum.
3437 525 3502 580 Ht

205 617 491 688 πρόσωπον,
530 615 628 668 καὶ
676 613 833 687 ὤφθη
872 617 904 687 ὴ
939 615 1067 680 δόξα
1123 614 1324 688 Κυρίου
1384 610 1519 682 πρὸς
1568 608 1787 671 αὐτούς.

206 710 298 763 Καὶ
332 707 559 780 ἐλάλησε
615 707 822 782 Κύριος
865 709 1001 782 πρὸς
1031 709 1237 780 Μωσῆν
1269 706 1446 774 λέγων
1467 721 1480 732 ·
1519 701 1665 756 mea
1692 701 1791 770 τὴν

205 803 395 876 ῥάϐδον,
464 803 564 856 καὶ
623 802 991 874 ὲκκλησίασον
1047 802 1145 876 τὴν
1200 797 1550 871 συναγωγὴν,
1589 798 1654 851 σὺ
1695 796 1792 849 καὶ

214 895 403 969 ’Δαρὼν
448 898 478 951 ό
516 897 749 968 ἁδελφός
785 915 904 962 σου,
937 898 1046 952 καὶ
1088 896 1362 969 λαλήσατε
1401 893 1542 966 πρὸς
1563 891 1663 962 τὴν
1692 889 1791 944 πέ-

203 1007 319 1061 τραν
347 990 592 1044 ἐναντίον
629 990 836 1054 αὐτῶν,
872 990 968 1043 καὶ
1002 988 1166 1042 δώσει
1222 988 1291 1042 τὰ
1347 986 1518 1041 ὕδατα
1579 984 1750 1054 αὐτῆς
1774 999 1786 1011 ·

202 1083 280 1136 καὶ
297 1082 532 1144 ἐξοίσετε
559 1084 746 1150 αὐτοῖς
776 1085 922 1156 ὕδωρ
947 1085 1012 1137 ὲκ
1038 1083 1138 1154 τῆς
1166 1082 1396 1154 πέτρας,
1427 1079 1524 1134 καὶ
1553 1080 1791 1132 ποτιείτε

199 1176 282 1247 τὴν
306 1175 626 1247 συναγωγὴν
657 1177 753 1230 καί⁵
786 1177 855 1231 τὰ
887 1176 1062 1246 κτήνη
1095 1174 1298 1228 αὐτῶν.
1339 1172 1450 1227 Καὶ
1478 1169 1636 1225 ἕλαΰε
1660 1169 1791 1224 Μω-

201 1268 286 1338 σῆς
311 1269 404 1341 τὴν
435 1269 638 1340 ῥάῦδον
665 1270 766 1342 τὴν
792 1269 1059 1324 ἀπέναντι
1091 1267 1326 1340 Κυρίου,
1363 1264 1506 1320 καθὰ
1529 1261 1789 1326 συνέταξε

201 1361 396 1434 Κύριος,
454 1362 554 1417 καὶ
613 1362 1009 1435 εξεκκλησίασε
1051 1362 1261 1432 Μωσῆς
1305 1359 1402 1413 καὶ
1444 1357 1657 1430 Ἀαρὼν
1691 1352 1791 1424 τὴν

199 1456 500 1528 συικιγωγὴν
556 1455 831 1510 ἀπέναντι
870 1457 971 1526 τῆς
1035 1455 1262 1527 πέτρας.
1298 1451 1413 1507 Καὶ
1468 1446 1592 1505 εἷπε
1651 1447 1790 1518 πρὸς

196 1547 404 1612 αὐτούς’
453 1545 760 1603 ’Δκούσατέ
794 1564 899 1619 μου
926 1546 978 1600 οἰ
1011 1543 1261 1608 ἀπειθεῖς
1281 1558 1294 1571 °
1333 1543 1409 1615 μὴ
1455 1543 1521 1595 ἐκ
1558 1539 1659 1609 τῆς
1691 1537 1790 1591 πέ-

195 1659 312 1714 τρας
347 1641 552 1713 ταύτης
585 1639 859 1712 ἐξάξομεν
894 1639 1025 1710 ὑμῖν
1058 1636 1239 1709 ὕδωρς
1269 1638 1381 1692 Καὶ
1411 1635 1626 1706 ἐπάρας
1660 1634 1789 1687 Μω-

199 1737 283 1806 σῆς
303 1735 397 1807 τὴν
421 1737 584 1806 χεῖρα
625 1732 818 1796 αὑτοῦ,
852 1732 1097 1800 ἐπάταξε
1133 1732 1235 1802 τὴν
1267 1731 1478 1803 πέτραν
1505 1730 1574 1800 τῇ
1602 1725 1790 1800 ῥάϐδῳ

195 1829 283 1892 δίς·
310 1830 397 1883 καὶ
442 1827 681 1900 ἐξῆλθεν
720 1827 870 1900 ὕδωρ
896 1827 1057 1893 πολὺ,
1105 1825 1200 1880 καὶ
1223 1825 1378 1879 ἔπιεν
1404 1825 1438 1895 ἡ
1463 1819 1780 1891 συναγωγὴ,

195 1921 274 1974 καὶ
301 1919 362 1974 τά
385 1920 566 1991 κτήνη
602 1917 808 1974 αὐτῶν.
862 1918 978 1973 Καὶ
1006 1914 1129 1971 εἷπε
1171 1915 1380 1989 Κύριος
1410 1915 1547 1986 πρὸς
1573 1913 1780 1985 Μωσῆν

195 2017 273 2068 καὶ
310 2013 518 2087 ’Δαρὼν
541 2030 554 2043 ⁸
594 2015 723 2068 Ὅτι
761 2013 862 2067 οὐκ
885 2011 1249 2068 ἐπιστεύσατε
1279 2009 1510 2080 άγιάσαι
1537 2025 1605 2080 με
1628 2009 1784 2061 ὲναν-

193 2106 288 2161 τίον
317 2105 420 2160 τῶν
457 2106 599 2160 υἱῶν
642 2105 884 2179 Ἰσραὴλ,
918 2103 1008 2159 διὰ
1028 2104 1188 2158 τοῦτο
1206 2103 1311 2157 οὐκ
1338 2100 1586 2166 εἰσάξετε
1621 2098 1782 2168 ὑμεῖς

192 2199 275 2269 τὴν
305 2201 636 2272 συναγωγὴν
656 2197 864 2270 ταύτην
897 2201 978 2264 εἰς
1004 2197 1105 2269 τὴν
1134 2197 1242 2268 γῆν
1268 2198 1333 2268 ἣν
1363 2194 1542 2249 ἔδωκα
1572 2192 1778 2256 αὐτοῖς.

193 2292 339 2347 Τοῦτο
373 2293 433 2348 τὸ
480 2292 638 2367 ὕδωρ
667 2292 1001 2362 ἀντιλογίας,
1028 2293 1111 2347 ὅτι
1145 2286 1568 2360 ἐλοιδορήθησαν
1593 2285 1643 2340 οἱ
1679 2285 1786 2338 υἱοὶ

205 2385 394 2458 Ἰσραὴλ
452 2385 646 2440 ἔναντι
699 2386 933 2457 Κυρίου,
980 2384 1074 2440 καὶ
1122 2381 1359 2455 ἡγιάσθη
1413 2380 1474 2436 ἐν
1523 2378 1728 2443 αὐτοῖς.
1761 2396 1778 2427 ι

197 2476 378 2549 ᾚεσαν
414 2477 514 2548 μὲν
555 2475 672 2551 γὰρ
714 2477 783 2531 δι’
807 2476 1044 2549 ἠπείρου
1085 2476 1282 2548 ξηρᾶς,
1327 2473 1425 2528 καὶ
1472 2470 1675 2543 πολλὴν
1705 2470 1788 2524 διο

191 2568 314 2638 eis:
346 2569 724 2642 παραθέοντες
767 2570 895 2641 γῆν,
921 2567 1045 2625 εἶτα
1090 2572 1203 2634 τοῖς
1241 2571 1304 2623 ὲκ
1337 2567 1440 2640 τῆς
1477 2566 1788 2638 ὁδοιπορίας

194 2661 484 2727 ὲναλύοντες
509 2663 730 2728 πόνοις,
770 2663 865 2717 καὶ
898 2664 948 2717 εἰ
975 2662 1152 2735 βραχύ
1182 2679 1235 2716 τι
1262 2661 1478 2732 γένοιτο
1519 2660 1630 2714 τῶν
1657 2661 1784 2713 εἰω-

192 2755 338 2810 θότων
373 2757 590 2822 λυπεῖν,
631 2757 972 2831 δυσφόρητον
1015 2758 1301 2812 ἐποιοῦντο
1345 2759 1489 2812 κατά
1541 2774 1602 2810 τε
1654 2756 1788 2810 Μω-

195 2849 313 2913 σέως
354 2850 446 2904 καὶ
481 2849 705 2921 Ἀαρὼν
745 2851 847 2922 τὴν
896 2850 1197 2922 καταϐοήν.
1242 2850 1510 2921 Πλείστης
1559 2849 1616 2902 δὲ
1648 2849 1784 2918 ὅσης

194 2945 271 2995 καὶ
297 2943 634 3014 ἁξιαγάστου
660 2942 822 3016 θεοση
833 2943 960 3015 μίας
1000 2943 1199 3015 θεωροὶ
1227 2943 1537 3012 γεγονότες,
1573 2941 1786 3010 καὶτῆς

193 3033 323 3101 θείας
353 3037 646 3110 δυνάμεως
673 3036 774 3109 τὴν
806 3036 1082 3109 ὑπεροχὴν
1111 3036 1201 3090 διὰ
1246 3037 1444 3108 πείρας
1481 3033 1653 3104 αὐτῆς
1691 3034 1785 3086 ὲκ-

193 3131 574 3202 μεμαθηκότες,
633 3131 908 3186 ἐδεδίεσαν
951 3130 1031 3185 ἔτι
1082 3130 1157 3202 μὴ
1214 3129 1325 3202 ἄρα
1373 3146 1493 3193 πως
1545 3128 1785 3200 άτονήσῃ

1895 609 2110 676 accepit
2145 607 2326 663 Moses
2350 608 2560 680 virgam
2597 625 2784 666 coram
2820 611 3076 677 Domino,
3118 614 3263 669 sicut
3291 617 3498 670 consti-

1897 700 2001 755 tuit
2033 701 2083 754 ei
2119 701 2420 767 Dominus,
2473 713 2530 758 et
2586 705 2945 776 congregavit
2990 705 3170 762 Moses
3217 717 3274 763 et
3316 711 3500 764 Aaron

1894 795 2382 865 congregationem
2414 812 2602 852 coram
2653 808 2832 868 petra.
2863 799 2930 854 Et
2955 799 3094 855 dixit
3129 800 3198 855 ad
3223 815 3320 856 eos
3354 820 3365 856 :
3392 801 3506 856 Au-

1893 885 2008 941 dite
2053 903 2163 952 me,
2221 889 2494 944 increduli
2533 908 2546 944 :
2580 893 2853 961 numquid
2887 910 2953 948 ex
2980 903 3137 964 petra
3164 894 3270 950 hac
3299 894 3506 950 educe-

1893 994 2018 1033 mus
2066 979 2225 1035 vobis
2252 981 2494 1052 aquam?
2524 982 2593 1037 Et
2628 983 2827 1038 tollens
2870 985 3049 1040 Moses
3084 1001 3307 1042 manum
3344 1002 3502 1042 suam

1893 1074 2170 1142 percussit
2201 1085 2418 1145 petram
2444 1075 2598 1146 virga
2618 1076 2706 1130 bis
2731 1095 2745 1129 :
2781 1086 2838 1132 et
2868 1077 3003 1133 exiit
3029 1093 3171 1149 aqua
3200 1079 3405 1145 multa;
3446 1090 3504 1136 et

1893 1163 2037 1219 bibit
2067 1167 2447 1237 congregatio,
2477 1175 2532 1221 et
2546 1168 2799 1238 jumenta
2824 1183 2943 1224 sua.
2973 1169 3039 1224 Et
3069 1169 3208 1224 dixit
3233 1169 3503 1225 Dominus
3599 1177 3620 1182 "

1891 1256 1961 1311 ad
1995 1257 2183 1314 Mosen
2207 1267 2264 1314 et
2293 1260 2479 1314 Aaron
2515 1276 2529 1313 :
2555 1259 2832 1328 Quoniam
2864 1277 2976 1317 non
3002 1262 3322 1319 credidistis
3342 1265 3501 1326 mihi,

1891 1357 1954 1404 ut
1994 1351 2420 1408 sanctiﬁearetis
2457 1369 2544 1408 me
2601 1370 2789 1409 coram
2832 1353 2962 1411 ﬁliis
3009 1356 3177 1412 Israel
3211 1399 3225 1420 ,
3273 1367 3504 1429 propter

1892 1440 1999 1497 hoc
2041 1457 2156 1498 non
2197 1443 2572 1499 introducetis
2603 1461 2700 1500 vos
2725 1447 3217 1518 congregationem
3271 1448 3417 1505 hanc
3446 1447 3502 1502 in

1892 1541 2111 1590 terram.
2144 1552 2309 1606 quam
2355 1537 2482 1592 dedi
2526 1539 2628 1594 eis.
2668 1539 2795 1594 Hzec
2817 1555 2960 1611 aqua
3005 1539 3499 1600 contradictionis.

1889 1628 2151 1698 quoniam
2201 1631 2499 1688 conviciati
2529 1642 2660 1687 sunt
2687 1631 2786 1688 ﬁlii
2816 1633 2982 1688 Israel
3009 1649 3195 1688 coram
3223 1633 3462 1688 Domino
3487 1675 3500 1694 ,
3528 1646 3533 1651 '

1889 1728 1945 1776 et
1972 1721 2353 1779 sanetiﬁcatus
2373 1734 2459 1781 est
2484 1725 2538 1780 in
2563 1724 2648 1780 eis
2670 1726 2738 1779 ".
2774 1745 2791 1776 ι
2833 1725 3196 1781 Transierant
3225 1726 3373 1781 enim
3403 1742 3504 1798 per

1889 1817 2269 1874 continentem
2310 1820 2536 1885 siccam,
2569 1835 2809 1891 cumque
2858 1820 3096 1875 multum
3131 1820 3302 1877 arida:
3344 1830 3504 1876 teme

1885 1921 2298 1980 proagrassent,
2324 1922 2491 1984 atque
2521 1913 2593 1970 ob
2625 1913 2988 1984 profectionis
3019 1913 3240 1969 labores
3269 1915 3502 1986 langue-

1887 2013 2031 2068 rent,
2065 2005 2224 2076 311
2263 2006 2310 2062 si
2354 2007 2641 2077 paululum
2680 2007 2815 2080 quid
2860 2007 3158 2063 molestum
3197 2008 3500 2070 accideret,

1887 2098 2213 2166 gravissime
2239 2098 2509 2155 adversus
2532 2101 2721 2157 Mosen
2739 2110 2796 2156 et
2821 2103 3007 2158 Aaron
3050 2103 3498 2160 murmurabant.

1887 2190 2004 2246 Etsi
2051 2193 2202 2247 enim
2238 2195 2352 2266 jam
2391 2195 2697 2250 multorum
2744 2195 3277 2267 admirabiliumque
3312 2196 3502 2267 signo-

1889 2300 2013 2338 rum
2055 2294 2401 2356 spectatores
2432 2289 2690 2355 fuissent,
2730 2289 3044 2361 divinaeque
3067 2291 3293 2346 virtutis
3314 2290 3502 2347 excel-

1887 2377 2116 2433 lentiam
2154 2380 2272 2451 ipsa
2307 2381 2654 2453 experientia
2678 2383 3010 2440 didicissent
3042 2401 3055 2451 ;
3096 2392 3278 2440 tamen
3319 2385 3504 2441 adhuc

1890 2480 2148 2529 metuunt
2187 2490 2260 2531 ne
2307 2477 2620 2556 necessaria
2663 2475 2730 2531 ad
2761 2476 2970 2532 victum
3012 2477 3370 2550 suppeditare
3403 2479 3502 2535 de-

1888 2562 2054 2626 sinat,
2099 2563 2402 2636 cibumque
2438 2581 2506 2621 ae
2545 2576 2737 2638 potum
2779 2568 2930 2624 omni
2956 2569 3079 2625 loco
3105 2571 3375 2641 praebere.
3404 2572 3501 2627 sed

1888 2656 2352 2724 pusillanimitate
2389 2659 2695 2716 vincuntur
2730 2661 2955 2732 puerili,
2992 2670 3158 2733 atque
3183 2663 3502 2720 eﬂeminata

1890 2756 2079 2805 mente
2125 2751 2367 2822 praediti,
2417 2760 2475 2808 et
2514 2753 2559 2808 si
2607 2754 2742 2824 quid
2796 2754 3093 2810 molestum
3118 2771 3241 2812 sese
3279 2757 3500 2821 oiI'erat,

1890 2840 2183 2896 confestim
2213 2842 2486 2899 insultant
2517 2846 2837 2918 paedagogo,
2865 2847 3145 2919 impieque
3192 2850 3504 2906 occlamant

1889 2935 2037 3006 quod
2078 2937 2350 2992 mediator
2389 2937 2526 3010 ipsis
2565 2938 2638 2994 sit
2668 2939 2869 3006 factus,
2909 2941 3171 3014 quodque
3195 2960 3296 3014 per
3320 2945 3501 3016 ipsum

1891 3028 1958 3082 ad
2011 3029 2328 3086 libertatem
2378 3031 2491 3087 sint
2531 3033 2735 3088 vocati.
2767 3034 2808 3089 E
2841 3033 3064 3093 diverso
3090 3046 3277 3093 autem
3311 3038 3504 3096 beatos

1891 3123 2195 3193 praedicant
2231 3125 2355 3180 illos
2397 3127 2491 3196 qui
2531 3127 2587 3182 in
2625 3121 3081 3200 pusillanimitate
3111 3147 3234 3202 quae
3263 3149 3504 3204 praeces-

191 3225 310 3296 πρὸς
333 3226 390 3280 τὸ
415 3226 621 3300 χρῆναί
651 3243 797 3298 φημι
829 3225 1109 3297 διανέμειν
1137 3223 1207 3278 τὰ
1236 3223 1482 3296 ζωαρκῆ,
1515 3223 1612 3277 καὶ
1653 3239 1787 3278 παν-

1895 3223 2043 3271 serat
2081 3217 2438 3284 interierunt,
2482 3220 2612 3290 quia
2648 3220 2704 3276 in
2736 3220 2972 3294 {Egypto
2998 3224 3251 3279 carnium
3281 3225 3504 3281 deside-

193 3319 400 3389 ταχόθεν
437 3321 630 3383 αὐτοῖς
667 3317 982 3391 ἐκπορίζειν
1021 3317 1091 3372 τὰ
1126 3317 1384 3388 ἐδώδιμα,
1427 3316 1647 3380 καὶτὰς
1678 3316 1788 3370 τῶν

192 3403 376 3459 ὑδάτων
419 3405 700 3462 ποιεῖσθαι
744 3407 1010 3479 χορηγίας
1031 3422 1044 3437 ⁸
1079 3406 1196 3461 ἀλλ’
1225 3407 1500 3478 ἡττῶνται
1547 3408 1648 3479 τῆς
1680 3407 1790 3461 61t-

191 3497 452 3570 γοιῖιυχίας,
508 3499 855 3574 μειρακιώδη
902 3500 1001 3555 καὶ
1043 3499 1309 3572 ἄνανδρον
1350 3499 1568 3572 ἔχοντες
1625 3499 1784 3554 νοῦνο

193 3591 274 3643 καὶ
311 3593 357 3644 εί
404 3593 610 3665 μικροῦ
662 3591 884 3646 λάϐοιτό
931 3609 1084 3655 τινος
1126 3591 1222 3645 τοῦ
1256 3593 1565 3663 πεφυκότος
1598 3593 1786 3665 άνιᾷν,

194 3685 506 3757 ἐπιπηδῶσιν
553 3686 725 3752 εὐθὺς
760 3686 843 3759 τῷ
890 3684 1255 3758 παιδαγωγῷ,
1306 3687 1402 3740 καὶ
1440 3687 1791 3758 κατακεκρά-

194 3791 335 3842 γασιν
361 3779 619 3845 ἀνοσίως,
653 3778 736 3832 ὅτι
766 3778 863 3833 καὶ
897 3778 1123 3848 γέγονεν
1149 3779 1290 3844 ὅλως
1317 3778 1548 3850 μεσίτης
1578 3778 1787 3842 αὐτοῖς,

197 3869 276 3920 καὶ
313 3869 610 3940 κέκληνται
648 3869 720 3922 δι’
763 3867 931 3924 αὐτοῦ
976 3868 1117 3940 πρὸς
1168 3867 1507 3940 ἐλευθερίαν.
1541 3868 1792 3940 Μακαρί-

197 3958 328 4021 ζουσι
357 3959 410 4013 δὲ
442 3961 570 4026 τοὺς
612 3962 736 4025 ταῖς
760 3959 1169 4032 προλαϐούσαις
1198 3959 1572 4032 ὀλιγοψυχίαις
1595 3960 1790 4016 ὀλωλό-

196 4066 299 4114 τας,
349 4052 429 4106 ὅτι
482 4051 599 4106 τῶν
652 4054 710 4105 ὲν
755 4051 1027 4123 Αἰγύπτῳ
1087 4051 1266 4124 κρεῶν
1324 4051 1595 4124 ἐπιθυμίᾳ
1646 4048 1788 4125 ἦσαν

197 4143 555 4218 ἑνειλημμὲνοι
585 4164 600 4178 ·
633 4142 752 4199 εἶτα
772 4145 871 4218 τὴν
901 4144 1152 4216 ὀλέθριον
1172 4144 1596 4218 κατεδηδοκότες
1631 4148 1790 4217 ὀρτυ-

199 4239 476 4310 γομήτραν,
510 4239 736 4311 θανάτῳ
779 4238 1221 4302 κατεδικάζοντο.
1256 4237 1355 4292 Διά
1383 4236 1544 4292 τοῦτό
1584 4256 1785 4310 φασιν·

204 4347 219 4378 ι
246 4330 460 4401 Ὄφελον
506 4331 863 4402 ἀπεθάνομεν
905 4330 964 4384 ὲν
1000 4332 1065 4402 τῇ
1116 4330 1365 4402 ἀπωλείᾳ
1399 4329 1507 4383 τῶν
1542 4330 1790 4402 ἀδελφῶν

197 4430 356 4498 ἡμῶν,
390 4431 571 4486 ἔναντι
611 4429 845 4502 Κυρίου.
881 4427 995 4483 Καὶ
1035 4428 1121 4482 ἵνα
1149 4426 1203 4480 τί
1231 4427 1544 4500 άνηγάγετε
1575 4427 1654 4490 είς
1688 4427 1788 4499 τὴν

200 4521 382 4593 ἔρημον
440 4524 672 4595 ταύτην,
718 4524 1049 4577 ἀποκτεῖναι
1113 4521 1264 4592 ἡμᾶς
1324 4521 1421 4574 καὶ
1480 4519 1551 4574 τὰ
1611 4521 1785 4592 κτήνη

1894 3309 1979 3364 rio
2025 3310 2191 3380 capti,
2242 3310 2454 3367 exitiali
2505 3313 2640 3384 ipsis
2683 3316 2971 3371 coturnice
3016 3327 3282 3383 comesta,
3325 3327 3506 3373 morte.

1894 3404 2110 3459 multati
2143 3413 2293 3460 sunt.
2328 3406 2570 3479 Ideoque
2598 3407 2793 3463 dicunt
2819 3427 2832 3463 :
2877 3429 2895 3461 ‹
2926 3408 3150 3466 Utinam
3179 3414 3389 3468 mortui
3417 3429 3507 3470 es-

1893 3512 2081 3553 semus
2121 3499 2176 3554 in
2201 3499 2517 3570 perditione
2545 3491 2795 3556 'I‘ratr‘um
2819 3512 3140 3560 nostrorum
3174 3521 3362 3562 coram
3392 3507 3505 3563 Do-

1893 3591 2086 3647 mino!
2128 3590 2313 3659 Quare
2343 3592 2733 3649 introduxistis
2768 3596 3258 3668 congregationem
3297 3598 3354 3654 in
3403 3599 3504 3655 de-

1892 3695 2102 3740 sertum
2116 3685 2243 3750 hoc,
2278 3695 2341 3742 ut
2356 3687 2693 3744 occideretis
2708 3704 2813 3744 nos
2827 3697 2885 3744 et
2895 3689 3148 3762 jumenta
3165 3699 3355 3748 nostra
3373 3693 3458 3753 “’2
3479 3715 3497 3747 ι

1891 3774 1936 3833 Ο
1963 3776 2400 3834 imbecillitatem
2417 3781 2430 3834 ἰ
2457 3795 2624 3851 quam
2649 3781 2944 3852 impatiens
2961 3783 3244 3855 cogitatio,
3261 3791 3319 3840 et
3337 3803 3503 3857 quam

1891 3869 2154 3940 proclivis
2176 3871 2245 3926 ad
2267 3871 2542 3942 ignaviam
2567 3889 2726 3929 mens
2748 3875 2760 3928 ι
2783 3873 3022 3931 Tantilla
3042 3877 3192 3931 enim
3211 3877 3304 3933 siti
3323 3881 3501 3949 pressi

1892 3963 2080 4020 statim
2116 3963 2496 4038 Egyptiacam
2548 3968 2878 4024 servitutem
2932 3968 3140 4026 divinis
3181 3970 3344 4027 donis
3366 3987 3501 4043 pras-

1891 4053 2099 4120 ferunt,
2132 4063 2190 4110 et
2220 4056 2650 4113 acerbissimum
2684 4057 2818 4114 olim
2841 4058 3130 4116 servitutis
3151 4060 3346 4132 jugum
3377 4062 3504 4116 dul-

1892 4146 2106 4201 eeseit:
2155 4161 2339 4218 neque
2388 4149 2631 4219 amplius
2686 4149 2922 4206 toleratu
2974 4149 3198 4208 diﬂicile
3257 4152 3502 4216 videtur.

1891 4237 2252 4306 quantumvis
2285 4237 2500 4309 rigidus
2526 4240 2763 4303 Pharao,
2793 4256 2976 4311 neque
2998 4242 3111 4313 jam
3139 4241 3392 4323 odiosum
3419 4255 3508 4298 est

1892 4332 2091 4397 lutum,
2119 4347 2300 4403 neque
2326 4335 2508 4405 gravis
2531 4343 2852 4391 exacturum
2888 4337 3211 4402 crudelitas,
3240 4337 3336 4392 sed
3361 4351 3502 4393 cun-

1891 4434 1980 4482 cta
2015 4428 2128 4499 jam
2169 4436 2301 4484 sunt
2338 4436 2492 4499 grata
2523 4445 2588 4485 ac
2617 4431 2828 4486 suavia.
2869 4431 2948 4486 Eo
2987 4431 3238 4487 stultitim
3265 4432 3505 4488 detrusit

1891 4533 1990 4573 eos
2031 4519 2235 4574 mentis
2261 4519 2580 4576 inﬁrmitas.
2618 4520 2762 4576 Audi
2785 4537 2937 4587 vero,
2964 4522 3219 4587 obsecro,
3245 4539 3367 4596 qua:
3389 4525 3501 4581 cri-

200 4614 338 4684 ἡμῶν
361 4635 375 4683 ;
402 4636 421 4668 ι
457 4607 526 4672 ’Ὠ
547 4618 670 4689 ’τῆς
719 4614 1087 4688 κακανδρίας,
1119 4613 1196 4677 ὡς
1227 4612 1541 4684 άτληπαθὲς
1566 4613 1626 4666 τὸ
1649 4613 1771 4685 φρόι

1893 4611 2043 4667 mina
2085 4612 2456 4669 intenduntur
2501 4614 2638 4670 Mosi
2685 4625 2915 4687 propter
2935 4616 3344 4674 criminationis
3381 4616 3503 4673 olli-

203 4724 354 4778 νημα,
384 4711 478 4765 καὶ
504 4711 650 4766 πολὺ
682 4715 981 4782 πρόχειρος
1018 4709 1100 4772 εἰς
1129 4708 1363 4781 άκηδίαν
1391 4710 1420 4762 ό
1450 4707 1575 4772 νοῦς
1598 4708 1612 4760 !
1637 4708 1788 4762 Δεδι-

203 4800 384 4871 ψηκόσι
410 4803 584 4877 βραχὺ
630 4803 702 4858 τὰ
747 4807 806 4858 ὲν
837 4801 1106 4875 Αἰγύπτῳ
1148 4801 1298 4858 δεινά
1331 4802 1443 4857 τῶν
1472 4803 1625 4875 παρὰ
1650 4801 1786 4857 Θεοῦ

207 4891 368 4948 λοιπὸν
399 4898 457 4950 ὲν
494 4897 782 4969 ἀμείνοσιν
815 4891 884 4968 ἦν
911 4911 925 4926 ·
967 4897 1062 4950 καὶ
1099 4895 1308 4964 γλυκὺς
1355 4897 1456 4967 μὲν
1485 4896 1586 4969 ἤδη
1615 4915 1732 4962 πως
1762 4900 1790 4951 ὀ

209 4984 357 5040 πάλαι
389 4990 586 5063 πικρὸς
639 4989 741 5060 τῆς
783 4988 1036 5053 δουλείας
1075 4987 1242 5057 ζυγός
1270 5004 1282 5018 ·
1309 4989 1592 5055 δύσοιστος
1620 4991 1677 5045 δὲ
1703 4991 1787 5045 ’.ὑ--

210 5078 330 5146 κέτι,
371 5083 548 5138 καίτοι
597 5083 836 5154 σκληρὸς
879 5081 1146 5156 ὑπάρχων
1177 5085 1205 5137 ὁ
1239 5082 1442 5155 Φαραὼ
1464 5101 1478 5114 ·
1510 5083 1612 5139 οὐκ
1642 5086 1792 5154 ἀπη-

211 5170 456 5242 χθημένος
487 5179 516 5230 ό
555 5175 748 5247 πηλὸς,
789 5173 912 5228 οὐδὲ
947 5175 980 5244 ἡ
1026 5173 1139 5227 τῶν
1174 5174 1554 5246 ὲργοδιωκτῶν
1600 5175 1792 5248 ἀγριό-

212 5279 317 5332 της.
351 5265 460 5318 ἀλλ’
500 5266 634 5338 ἡδέα
679 5265 860 5320 πάντα
901 5263 1110 5320 λοιπόν.
1161 5263 1504 5318 Καθικέσθαι
1549 5263 1660 5336 γὰρ
1711 5266 1791 5329 εἰς

214 5352 352 5409 τοῦτο
382 5358 590 5430 μωρίας
625 5357 827 5422 αὐτοὺς
859 5355 922 5410 τὸ
951 5354 1053 5426 τῆς
1092 5355 1337 5420 διανοίας
1376 5355 1610 5427 ἀδρανὲς
1654 5358 1790 5412 άνα-

217 5446 389 5503 πείθει.
420 5451 618 5503 ’Δκουε
649 5449 727 5513 δὲ,
753 5451 802 5503 εἰ
827 5448 996 5513 ἃλκεῖ,
1033 5451 1129 5503 καὶ
1164 5449 1230 5503 τὰ
1263 5448 1364 5518 τῆς
1413 5447 1658 5513 Μωσέως
1689 5467 1791 5520 με-

217 5537 398 5602 σιτείας
427 5539 780 5611 ἐγκλήματαο
818 5558 836 5591 ι
865 5539 986 5609 Ἵνα
1017 5538 1071 5591 τί
1100 5537 1231 5611 γὰρ,
1264 5537 1422 5591 τοῦτό
1457 5554 1641 5606 φασιν,
1666 5538 1792 5610 ἑξη-

217 5629 394 5697 γάγετε
421 5634 568 5705 ἡμᾶς
599 5634 658 5700 ἐξ
694 5632 976 5701 Αἰγύπτου
1020 5629 1438 5703 παραγενέσθαι
1481 5632 1562 5694 είς
1591 5630 1685 5685 τὸν
1706 5635 1796 5685 τό-

222 5737 305 5774 πον
333 5724 418 5779 τὸν
463 5733 700 5798 πονηρὸν
737 5725 966 5791 τοῦτονς
1017 5724 1216 5787 Τόπος,
1259 5719 1322 5778 οὗ
1370 5725 1431 5777 οὐ
1483 5724 1792 5796 σπείρεται,

283 5913 320 5944 ⁵³
367 5916 521 5973 Num.
581 5937 670 5986 xx,
724 5921 775 5974 I.
889 5919 932 5948 ⁸⁸
969 5917 1132 5971 Num.
1192 5930 1280 5977 xx,
1335 5913 1388 5968 4.
1467 5914 1506 5944 ⁶¹
1543 5913 1784 5978 ibid.,5.

511 6019 782 6102 I’nnot.
818 6021 935 6082 Gn.
975 6014 1196 6079 LXIX.

1892 4705 2063 4771 cium,
2101 4720 2228 4762 cum
2262 4707 2420 4762 aiunt
2450 4727 2462 4761 :
2498 4727 2516 4759 ι
2549 4707 2634 4764 An
2662 4707 2906 4764 eduxisti
2930 4723 3034 4765 nos
3062 4723 3131 4764 ex
3157 4707 3415 4782 Egypto,
3442 4720 3503 4764 ut

1890 4799 2214 4856 veniremus
2237 4800 2293 4856 in
2320 4799 2470 4856 hunc
2503 4800 2807 4872 malignum
2833 4801 3064 4858 locum?
3092 4800 3274 4858 Locus
3291 4812 3378 4859 est
3405 4803 3500 4859 ubi

1896 4907 2007 4947 aon
2059 4893 2292 4958 seritur,
2342 4909 2522 4965 neque
2583 4893 2741 4961 licus,
2793 4911 2976 4968 neque
3023 4895 3167 4951 vites
3219 4903 3370 4959 sunt,
3398 4911 3504 4950 nec

1894 4986 2036 5043 mala
2085 4986 2312 5058 punica,
2369 4986 2482 5043 imo
2514 5002 2618 5042 nec
2646 5003 2790 5058 aqua
2835 4995 2898 5043 ut
2929 4988 3184 5044 bibamus
3215 4988 3281 5042 ⁸⁸.
3317 5009 3335 5040 ι
3365 4988 3502 5045 Vide

1891 5095 2002 5150 quo
2024 5088 2188 5152 pacto
2214 5095 2373 5135 mens
2393 5086 2521 5134 ruat
2545 5079 2603 5134 in
2631 5079 3009 5143 timiditatem,
3035 5088 3095 5134 et
3118 5093 3409 5151 perperam
3442 5096 3502 5137 se

1890 5172 2152 5229 deﬂectat
2200 5173 2267 5228 ad
2309 5173 2624 5244 voluptates
2653 5171 3010 5244 temporales,
3045 5169 3375 5245 studeatque
3403 5190 3501 5228 ve—

1892 5263 2184 5318 hementer
2223 5263 2442 5319 deliciis
2493 5262 2812 5327 mundanis,
2861 5270 2918 5317 et
2949 5263 3167 5318 ventris
3199 5265 3501 5337 ingluviem

1890 5365 2084 5421 curet;
2127 5371 2158 5410 e
2201 5355 2484 5410 contrario
2515 5361 2700 5410 autem
2733 5370 2846 5426 quo
2875 5363 3040 5425 pacto
3071 5370 3226 5428 spem
3254 5357 3500 5429 abjiciat.

1893 5457 2164 5517 terraeque
2187 5447 2442 5518 patribus
2469 5446 2756 5518 promissa
2782 5448 3047 5503 reclamet
3080 5456 3138 5505 et
3160 5447 3501 5512 obluctetur.

1893 5556 2005 5596 non
2047 5540 2364 5611 intelligens
2394 5541 2542 5611 quod
2574 5556 2795 5612 semper
2821 5549 2876 5597 et
2901 5541 3109 5613 ubique
3142 5542 3364 5598 labores
3381 5542 3502 5597 exi-

1895 5633 2005 5687 mia
2041 5627 2186 5687 dona
2220 5631 2541 5689 concilient.
2582 5633 2773 5704 Neque
2804 5634 2951 5689 enim
2997 5635 3125 5706 quis
3149 5634 3359 5703 absque
3402 5648 3500 5687 su-

1895 5725 2029 5779 dore
2059 5724 2398 5795 amplissima
2419 5741 2654 5784 munera
2683 5726 3064 5798 consequitur.
3102 5724 3288 5778 Nescit
3318 5723 3500 5788 itaque

3138 6007 3206 6065 16
