4060 6460
555 462 668 525 493

1529 458 1586 516 S.
1627 452 1902 514 CYRILLI
1942 445 2412 506 ALEXANDRINI
2449 444 2769 503 ARCHIEP.
2802 448 2807 451 ’

3705 448 3795 507 £96

563 586 854 647 laboravit.
879 583 1152 642 Caeterum
1177 578 1436 652 produxit
1460 577 1670 635 aﬂatim
1692 545 2150 632 ﬂumen'Cbristi,
2186 614 2193 636 Α

2298 565 2447 637 μῶν·
2484 563 2677 635 καιρὸς
2704 560 2813 634 γὰρ
2848 558 2952 632 τῆς
2989 557 3160 631 τομῆς
3191 557 3445 628 Ξφθασεν.
3491 577 3509 611 ι
3553 558 3798 621 amato.

568 680 822 747 oracula,
849 679 1075 748 inquam
1094 716 1108 741 ,
1138 674 1309 746 ipsius
1328 714 1343 739 ,
1378 683 1434 729 et
1466 669 1754 743 mysticam
1786 668 1844 723 in
1875 660 2074 733 spiritu
2098 666 2155 714 et

476 796 502 851 γ
569 772 799 829 veritate
820 768 1189 840 disciplinam.
1218 763 1378 833 Quod
1402 762 1718 833 intelligens
1737 757 1936 812 beatus
1954 751 2158 808 Paulus

568 867 644 922 ita
678 861 875 919 scribit
904 879 919 916 :
957 878 976 912 ι
1010 858 1149 916 Nolo
1179 872 1281 914 vos
1311 857 1591 930 ignorare,
1623 852 1844 914 fratres,
1883 846 2029 919 quod
2060 860 2158 917 pa-

565 967 678 1014 tres
709 954 886 1009 nostri
915 966 1110 1008 omnes
1132 950 1237 1007 sub
1260 950 1411 1005 nube
1432 948 1679 1010 fuerunt,
1712 952 1769 999 ct
1789 955 1984 999 omnes
2010 952 2161 994 mare

567 1044 898 1118 transgressi
940 1051 1092 1108 sunt,
1127 1055 1432 1113 omnesque
1463 1056 1563 1111 per
1591 1039 1781 1094 Mosen
1804 1030 2068 1105 baptizati
2105 1030 2161 1085 in

565 1140 737 1217 nube,
776 1145 834 1193 et
882 1137 940 1193 in
966 1136 1152 1202 mari;
1197 1144 1257 1190 et
1296 1148 1488 1190 omnes
1519 1132 1653 1188 item
1692 1127 1946 1185 eumdem
1975 1125 2163 1180 cibum

567 1214 917 1306 spiritualem
964 1226 1351 1292 comederunt,
1391 1236 1693 1292 omnesque
1727 1218 1873 1275 idem
1901 1214 2163 1286 poculum

566 1324 854 1397 spirituale
875 1322 1160 1378 biberunt.
1185 1319 1455 1374 Biberunt
1473 1314 1622 1370 enim
1658 1328 1727 1368 ex
1758 1307 2034 1397 spirituali
2065 1322 2165 1379 pe-

570 1396 681 1485 tra,
738 1430 863 1488 qua:
912 1428 1010 1469 eos
1057 1409 1415 1481 sequebatur.
1445 1406 1609 1462 Petra
1634 1415 1818 1460 autem
1851 1408 1974 1455 erat
2001 1396 2167 1454 Chri-

568 1520 691 1566 stus
735 1508 805 1563 ⁷³.
843 1526 862 1558 ι
904 1504 1270 1575 Comparatur
1304 1506 1488 1554 autem
1532 1505 1705 1568 petrae
1741 1499 1968 1565 propter
1992 1488 2167 1544 infra-

569 1611 715 1656 ctam
756 1606 815 1655 et
863 1594 1203 1652 immobilem
1247 1604 1403 1647 suam
1448 1594 1724 1643 naturam.
1752 1583 1993 1641 Firmata
2019 1579 2168 1635 enim

569 1700 656 1748 est
689 1691 745 1746 in
773 1686 1019 1760 propriis
1054 1684 1220 1741 bonis
1254 1682 1442 1738 divina
1467 1679 1559 1734 illa
1580 1687 1636 1734 et
1666 1691 1925 1748 suprema
1946 1682 2167 1730 natura.

572 1785 693 1854 Quo
744 1782 912 1853 igitur
954 1777 1119 1834 modo
1163 1778 1333 1832 etiam
1363 1775 1481 1831 haec
1519 1786 1720 1843 aquam
1760 1766 2041 1831 ell‘uderit,
2070 1779 2169 1820 ne-

571 1870 727 1933 cesse.
768 1872 939 1929 fuerit
969 1868 1346 1927 considerare.
1376 1866 1514 1923 Nam
1547 1879 1673 1920 eum
1709 1861 1960 1917 seniores
1981 1855 2172 1929 populi

2262 675 2362 730 μεν
2390 656 2501 727 γὰρ
2536 657 2593 709 ὲν
2624 653 2847 728 Χριστῷ
2875 650 3013 725 πρὸς
3043 650 3340 721 καινότητα
3370 649 3535 722 ζωῆς,
3562 652 3651 707 καὶ
3675 656 3800 729 ὁτῆς

2260 749 2554 821 ἐπιδημίας
2576 746 2790 819 καιρὸς,
2824 745 2926 817 ἔαρ
2947 744 3136 815 ὥσπερ
3156 744 3290 816 ἡμῖν
3318 743 3593 816 ἀνεδείχθη
3614 746 3669 799 τὸ
3697 767 3797 820 νοη.

2260 843 2374 906 τὸν,
2422 839 2628 910 εὐανθῆ
2666 857 2727 893 τε
2771 839 2869 893 καὶ
2916 838 3196 908 ἔγκαρπον
3222 836 3324 907 τὴν
3351 835 3628 907 ἀνθρώπου
3669 839 3809 910 φύσιν

2262 930 2581 987 ἀποτελοῦν.
2613 929 2748 983 Τότε
2777 930 2908 1001 γὰρ,
2944 929 3067 983 τότε
3107 928 3207 1000 τῆς
3240 930 3298 982 ὲν
3328 930 3508 994 σκιαῖς
3554 932 3806 985 συνεσταλι

2267 1023 2454 1095 μένης,
2482 1021 2579 1076 καὶ
2608 1015 2720 1075 οἷον
2750 1019 3060 1092 τεθνεώσης
3090 1020 3191 1090 τῆς
3222 1019 3480 1091 Μαριὰμ,
3506 1020 3813 1094 δεδίψηκενδ

2263 1115 2393 1180 λαὸς
2412 1153 2428 1179 ,
2462 1114 2560 1168 καὶ
2604 1113 2661 1167 ὲν
2694 1111 2890 1167 σπάνει
2923 1113 3147 1181 γέγονεν
3192 1110 3403 1166 ὑδάτων
3432 1111 3648 1183 νοητῶν.
3695 1107 3812 1169 Ἀλλ’

2265 1205 2595 1261 ὲκπέπτωκε
2626 1202 2896 1267 πλουσίως
2935 1202 2999 1256 τὸ
3026 1201 3176 1274 νᾶμα
3217 1200 3459 1275 Χριστοῦ
3487 1242 3500 1265 ,
3527 1205 3664 1275 φημὶ
3688 1204 3737 1258 δὲ
3760 1205 3817 1277 δὴ

2267 1298 2460 1365 πάλιν,
2489 1296 2563 1352 τὸ.
2588 1296 2657 1351 δι’
2700 1293 2869 1351 αὐτοῦ
2898 1292 3282 1366 θεσπίσματα,
3326 1294 3422 1348 καὶ
3454 1294 3552 1367 τὴν
3591 1296 3644 1349 ὲν
3678 1296 3794 1349 meti

2271 1391 2402 1465 ματε
2448 1409 2508 1446 τε
2560 1391 2658 1446 καὶ
2680 1388 2931 1461 ’ἀληθείᾳ
2982 1386 3252 1460 μυστικὴν
3293 1386 3683 1456 παιδαγωγίαν.
3723 1389 3819 1442 Καὶ

2267 1485 2429 1541 τοῦτο
2461 1484 2640 1550 συνεὶς
2666 1484 2698 1538 δ
2724 1481 3010 1546 Θεσπέσιος
3034 1480 3242 1553 γράφει
3262 1479 3476 1545 Παῦλος
3499 1498 3513 1512 ·
3549 1500 3567 1531 ι
3607 1481 3676 1533 Οὐ
3704 1480 3823 1535 θέλω

2270 1578 2380 1650 γὰρ
2412 1577 2557 1648 ὑμᾶς
2601 1575 2838 1645 ἀγνοεῖν,
2883 1571 3108 1642 ἀδελφοὶ
3128 1613 3143 1639 ,
3189 1572 3274 1626 ὅτι
3312 1570 3515 1636 πάντες
3550 1573 3597 1627 οἱ
3620 1572 3827 1643 πατέρες

2270 1671 2429 1744 ἡμῶν
2456 1669 2561 1724 ὑπὸ
2582 1669 2682 1741 τὴν
2718 1668 2948 1739 νεφέλην
2975 1663 3139 1739 ἦσαν,
3168 1667 3264 1722 καὶ
3304 1666 3506 1731 πάντες
3524 1665 3608 1719 διὰ
3632 1665 3721 1735 τῆς
3744 1664 3829 1718 θα-

2272 1763 2482 1836 λάσσης
2505 1760 2743 1833 διῆλθον,
2765 1761 2862 1815 καὶ
2880 1760 3083 1825 πάντες
3105 1760 3183 1824 εἰς
3206 1758 3415 1830 Μωσῆν
3433 1757 3834 1827 ἐϐαπτίσθησαν,

2275 1854 2332 1907 ὲν
2352 1854 2418 1925 τῇ
2451 1851 2653 1923 νεφέλῃ
2680 1849 2777 1903 καὶ
2811 1849 2868 1901 ὲν
2902 1850 2970 1920 τῇ
3005 1846 3271 1919 θαλάσσῃ,
3300 1846 3402 1900 καὶ
3428 1846 3624 1909 πάντες
3647 1845 3703 1899 τὸ
3721 1844 3839 1898 αὐτὸ

571 1974 761 2025 essent
797 1961 1138 2036 congregati,
1167 1968 1225 2017 et
1250 1966 1458 2015 astaret
1488 1956 1694 2021 Aaron,
1728 1968 1912 2010 sermo
1947 1950 2175 2007 habitus

2296 1942 2644 2015 πνευματικὸν
2673 1941 2869 2014 βρῶμα
2908 1939 3135 2010 ἔφαγον,
3173 1939 3269 1994 καὶ
3306 1938 3370 1992 τὸ
3397 1938 3529 1993 αὐτὸ
3562 1953 3840 2008 πνευματιο

573 2069 661 2119 est
706 2059 777 2116 ad
825 2067 1062 2131 petram.
1102 2052 1386 2112 Percussit
1414 2059 1598 2108 autem
1627 2048 1802 2121 ipsam
1820 2045 2033 2118 Moyses
2067 2042 2174 2099 bis.

576 2154 718 2224 Quia
733 2168 860 2209 cum
878 2150 1128 2206 seniores
1141 2147 1333 2219 populi
1373 2140 1809 2205 concurrissent,
1838 2146 1896 2194 et
1923 2135 2180 2193 sacerdo-

579 2255 684 2311 tes,
703 2240 1009 2300 secundum
1024 2239 1202 2311 legem
1216 2235 1476 2302 instituti,
1494 2234 1602 2290 boc
1616 2240 1722 2299 est,
1746 2230 2007 2288 Israelita
2021 2224 2181 2300 quasi

582 2328 640 2395 in
693 2349 929 2409 persona
962 2331 1150 2399 Mosis,
1189 2328 1438 2387 oblocuti
1476 2334 1607 2384 sunt
1640 2324 1884 2390 Christo,
1912 2335 2182 2377 accusan-

582 2442 668 2488 tes
724 2442 913 2484 coram
969 2424 1167 2489 Pilato,
1228 2422 1511 2494 impieque
1558 2417 1896 2476 vociferati:
1947 2435 1965 2468 ι
2005 2414 2182 2480 Tolle,

585 2523 738 2586 tolle,
767 2516 1029 2589 cruciﬁge
1080 2530 1210 2571 eum
1239 2514 1338 2568 “.s
1377 2510 1590 2568 Deinde
1610 2510 1778 2565 etiam
1809 2507 2026 2563 duabus
2054 2505 2187 2561 aﬂ‘e-

583 2622 786 2671 cerunt
803 2611 999 2684 plagis.
1016 2607 1178 2681 315
1197 2607 1387 2664 Primo
1398 2607 1545 2661 enim
1575 2612 1855 2660 auctorem
1878 2601 2005 2656 vitae
2019 2600 2189 2655 inter-

587 2705 800 2761 ficiunt.
827 2701 1071 2757 Alteram
1097 2713 1233 2755 vero
1258 2697 1472 2768 plagam
1495 2694 1666 2751 veluti
1697 2692 1873 2765 priori
1899 2691 2186 2763 adjiciunt,

589 2796 724 2850 dum
769 2791 1029 2848 nituntur
1070 2786 1406 2859 persuadere
1429 2784 1750 2841 hominibus
1770 2782 1917 2855 quod
1951 2783 2008 2837 in
2036 2797 2189 2838 mor-

591 2886 706 2942 tuis
727 2880 1113 2957 permanserit.
1138 2878 1208 2935 At
1240 2876 1498 2934 Christus
1526 2875 1834 2932 resurrexit
1866 2890 1899 2929 a
1932 2873 2190 2939 mortuis,

591 2976 910 3050 proculcata
930 2969 1239 3029 etcontrita
1256 2969 1374 3041 ipsa
1395 2976 1572 3025 morte
1596 2968 1665 3023 ’⁸.
1692 2967 1985 3038 Postquam
2008 2972 2193 3021 autem

593 3074 869 3125 venerunt
902 3064 1107 3120 milites
1144 3060 1204 3118 id
1237 3060 1567 3127 referentes,
1608 3060 1703 3131 qui
1749 3058 1991 3115 ordinati
2036 3064 2195 3113 erant

594 3158 665 3215 ab
723 3157 859 3229 ipsis
923 3152 1165 3225 sepulcri
1224 3149 1519 3216 custodes,
1574 3154 1961 3220 praeceperunt
2007 3144 2194 3201 dicere

595 3250 747 3323 quod
780 3247 957 3321 ipsius
989 3243 1251 3315 discipuli
1296 3242 1440 3299 clam
1489 3256 1619 3296 eum
1651 3247 1842 3295 essent
1880 3237 2139 3296 suli‘urati
2177 3254 2192 3293 :

598 3353 765 3413 atque
820 3341 896 3395 ita
944 3336 1323 3393 venerandum
1368 3333 1514 3391 istud
1547 3331 1970 3389 resurrectionis
1992 3339 2198 3403 myste-

602 3432 748 3489 rium
784 3425 1288 3486 calumniabantur.
1310 3424 1474 3500 Plaga
1504 3424 1674 3495 igitur
1697 3420 1901 3493 duplex
1919 3421 1970 3478 ei
1994 3421 2199 3478 inﬂicta

603 3533 709 3580 est.
751 3521 1028 3578 Caeterum
1057 3526 1215 3590 petra
1263 3515 1413 3589 large
1462 3515 1657 3572 eﬂ‘udit
1715 3513 1939 3580 ﬂumen,
1981 3515 2199 3571 etiamsi

606 3613 772 3670 Israel
821 3612 878 3667 in
932 3611 1116 3681 ipsum
1144 3606 1516 3663 debacchatus
1555 3605 1646 3673 sit,
1685 3606 1822 3662 adeo
1850 3614 1912 3661 ut
1943 3604 2041 3661 toti
2066 3618 2200 3660 con-

608 3701 917 3776 gregationi
977 3708 1170 3772 potum
1223 3697 1480 3755 dederit:
1513 3696 1765 3770 irrigavit
1818 3696 1966 3752 enim
2009 3696 2203 3752 orbem

612 3796 820 3852 sanctis
840 3801 898 3850 et
929 3792 1134 3849 divinis
1156 3789 1498 3846 ﬂuminibus.
1542 3790 1622 3846 Ita
1655 3787 1804 3844 enim
1844 3787 2101 3860 promisit
2145 3802 2204 3843 se

615 3886 777 3961 nobis
808 3887 1053 3958 seipsum
1080 3884 1412 3940 donaturum
1443 3899 1543 3955 per
1567 3897 1758 3939 vocem
1787 3881 2090 3954 prophetae,
2117 3879 2205 3935 di-

615 3997 785 4037 cens:
827 3999 845 4032 ι
876 3980 1018 4036 Ecce
1053 3994 1155 4050 ego
1185 3975 1474 4033 declinabo
1505 3990 1674 4047 super
1707 3974 1877 4048 ipsos,
1917 3973 2074 4046 quasi
2106 3972 2208 4028 Ilu-

615 4073 742 4127 vius
778 4071 951 4143 pacis,
989 4079 1045 4126 et
1080 4068 1235 4142 quasi
1271 4077 1486 4124 torrens
1514 4068 1792 4127 inundans
1812 4066 2042 4140 gloriam
2073 4082 2208 4139 gen-

625 4166 759 4219 tium
792 4164 864 4219 ⁷⁸.
896 4182 914 4216 ι
964 4161 1032 4218 Et
1069 4158 1243 4217 David
1274 4169 1494 4231 quoque
1532 4158 1736 4215 alicubi
1763 4158 1948 4230 psallit
1978 4176 1994 4213 :
2029 4177 2048 4210 ι
2075 4158 2209 4213 Flu-

620 4254 788 4311 minis
837 4255 1076 4325 impetus
1125 4249 1365 4307 laetiﬂcat
1396 4249 1676 4305 civitatem
1704 4248 1896 4305 Dei".
1930 4268 1947 4301 ι
1982 4247 2116 4302 ltem
2142 4245 2213 4302 ad

621 4350 803 4421 ipsum
834 4346 892 4401 in
929 4344 1085 4402 caslis
1110 4344 1330 4401 Patrem
1349 4357 1415 4398 ac
1446 4340 1621 4399 Deum
1657 4360 1673 4396 :
1727 4360 1745 4395 ι
1780 4340 1920 4410 Quia
1943 4339 2211 4412 multipli-

620 4440 780 4506 easti,
798 4437 895 4505 ait,
917 4433 1356 4494 misericordiam
1379 4441 1551 4502 tuam,
1577 4433 1726 4491 Deus
1749 4451 1763 4488 :
1787 4432 1885 4488 lilii
1907 4441 2090 4488 autem
2110 4431 2213 4488 bo-

624 4533 840 4588 rninum
878 4530 935 4584 in
967 4526 1206 4600 tegmine
1236 4525 1446 4581 alarum
1483 4532 1703 4581 tuarum
1745 4524 2066 4598 sperabunt.
2120 4523 2214 4580 In-

2280 2040 2376 2095 κδν
2418 2038 2571 2110 πόμα
2611 2036 2785 2091 ἔπιον.
2830 2036 3058 2091 Ἔπινον
3086 2032 3198 2105 γὰρ
3230 2034 3296 2087 ὲκ
3325 2031 3701 2103 πνευματικῆς
3723 2030 3845 2083 ἀκο-

2279 2130 2577 2200 λουθούσης
2606 2128 2830 2201 πέτρας.
2875 2127 2941 2180 Ἦ
2970 2127 3028 2180 δὲ
3052 2125 3229 2197 πέτρα
3249 2120 3318 2197 ἦν
3347 2126 3378 2177 ὁ
3404 2122 3654 2196 Χριστός.
3699 2141 3716 2172 ι
3746 2120 3845 2173 m-

2280 2239 2388 2296 τρᾳ
2416 2222 2474 2277 δὲ
2497 2218 2916 2291 παρεικάζεται,
2947 2215 3035 2271 διὰ
3064 2214 3126 2269 τὸ
3154 2213 3468 2285 ἄθραυστον
3511 2211 3604 2265 καὶ
3645 2208 3850 2279 ἀκλόνη-

2283 2332 2394 2371 τον.
2440 2313 2790 2387 Ἑρὴρεισται
2820 2309 2929 2383 γὰρ
2955 2310 3013 2363 ὲν
3038 2307 3193 2371 ῑδξοις
3223 2306 3453 2375 ἀγαθοῖς
3482 2306 3516 2377 ἡ
3548 2304 3661 2359 θεῖα
3678 2319 3735 2355 τε
3764 2300 3855 2357 καὶ

2285 2406 2567 2480 ὑπερτάτη
2601 2403 2783 2475 φύσις.
2811 2402 2948 2456 Τίνα
2970 2398 3039 2470 δὴ
3061 2394 3154 2454 οὖν
3180 2399 3391 2471 τρόπον
3410 2397 3470 2451 τδ
3505 2396 3645 2467 ὕδωρ
3669 2393 3855 2447 ἐκδιδο-

2286 2517 2396 2565 ται,
2430 2496 2727 2567 καταθρεῖν
2752 2495 3069 2563 ἀναγκαῖον.
3103 2489 3609 2562 Συνεγηγερμένων
3634 2485 3737 2557 γὰρ
3757 2485 3857 2538 τῶν

2288 2590 2679 2666 πρεσϐυτέρων
2701 2588 2797 2643 τοῦ
2822 2588 2992 2660 νόμον
3010 2629 3025 2653 ,
3062 2589 3160 2643 καὶ
3186 2584 3604 2657 παρεστηκότος
3643 2579 3862 2651 Ἀαρὼν,

2287 2687 2437 2758 λόγοι
2467 2686 2566 2758 μὲν
2595 2684 2837 2755 ἐγίνοντο
2885 2681 3025 2754 πρὸς
3064 2680 3162 2752 τὴν
3197 2678 3432 2748 πέτραν.
3479 2672 3777 2729 Καταπαεει
3808 2669 3862 2724 δὲ

2292 2779 2465 2849 αὐτὴν
2496 2776 2592 2831 καὶ
2621 2775 2700 2839 δἰς
2725 2777 2754 2828 ὁ
2794 2773 3001 2844 Μωσῆς
3026 2811 3041 2826 .
3071 2765 3604 2839 Συνδεδραμηκότων
3629 2762 3733 2833 γὰρ
3766 2758 3867 2813 τῶν

2293 2870 2684 2945 πρεσϐυτέρων
2704 2867 2800 2923 τοῦ
2828 2864 2959 2921 λαοῦ
2989 2864 3086 2919 καὶ
3109 2858 3217 2916 τῶν
3245 2861 3464 2933 ἱερέων,
3486 2859 3537 2911 οἱ
3558 2855 3696 2911 κατὰ
3714 2852 3865 2923 νόμον

2294 2943 2823 3032 παιδαγωγούμενοι,
2848 2956 3151 3019 τουτέστιν,
3180 2956 3209 3007 δ
3249 2950 3472 3023 Ἰσραὴλ
3507 2951 3566 3002 ὲν
3609 2943 3868 3018 προσώπῳ

2296 3055 2562 3119 Μωσέως,
2599 3050 2977 3122 κατελάλησαν
3006 3046 3101 3101 τοῦ
3146 3042 3417 3117 Χριστοῦ,
3449 3035 3867 3111 κατηγοροῦντες

2298 3150 2357 3205 δὲ
2395 3150 2493 3203 ἐπὶ
2539 3147 2811 3212 Πιλάτου,
2861 3143 2959 3197 καὶ
2998 3140 3092 3206 τὸ,
3136 3157 3155 3191 ι
3191 3134 3345 3209 αἶρε,
3376 3130 3502 3208 αῑρε
3526 3174 3542 3199 ,
3575 3130 3870 3201 σταύρωσον

2299 3242 2463 3299 αὑτὸν
2484 3281 2500 3307 ,
2539 3260 2558 3294 ι
2594 3240 2827 3302 ἀνοσίως
2854 3232 3340 3306 ἀνακεκράγασαν.
3379 3225 3514 3284 Εἶτα
3538 3226 3630 3281 καὶ
3658 3222 3773 3277 δυσὶ
3793 3220 3872 3272 λε-

2300 3336 2580 3408 λυπήκασι
2619 3331 2877 3404 πληγαῖς.
2915 3328 3280 3384 Ἀπεκτόνασι
3358 3322 3475 3393 γὰρ
3507 3319 3600 3373 τὸν
3623 3317 3719 3408 τῆς
3746 3312 3875 3380 ζωῆς

2300 3407 2571 3501 ἀρχηγόν,
2600 3422 2869 3493 Δευτέραν
2889 3419 2945 3474 δὲ
2973 3417 3163 3488 ὥσπερ
3186 3418 3253 3488 τῇ
3286 3411 3488 3487 πρώτῃ
3510 3407 3693 3480 πληγῇ
3728 3416 3874 3501 προσ·

2303 3495 2623 3590 επόιγοντες,
2670 3517 2755 3570 ὅτι
2791 3514 2889 3569 καὶ
2927 3511 3237 3585 μεμένηκεν
3260 3508 3320 3560 ὲν
3344 3505 3564 3576 νεκροῖς
3586 3495 3879 3590 ἀναπείθειν

2304 3584 2517 3685 ῆθελον.
2565 3608 2790 3664 ’Δνεϐίω
2814 3607 2910 3679 μὲν
2933 3584 3048 3676 γὰρ
3066 3605 3094 3656 ὁ
3114 3598 3377 3672 Χριστὸς,
3407 3596 3661 3685 πατήσας
3684 3589 3774 3642 τδν
3805 3584 3880 3638 θά-

2307 3681 2491 3758 νατον.
2529 3698 2752 3769 Ἐπειδὴ
2770 3697 2828 3751 δὲ
2853 3694 3012 3749 τοῦτο
3033 3688 3166 3765 ἧκον
3195 3691 3244 3744 οἱ
3270 3684 3609 3761 στρατιῶται
3627 3681 3883 3751 λέγοντες.

2306 3798 2356 3849 οἱ
2395 3794 2492 3850 καὶ
2528 3790 2827 3862 τετάχαντο
2861 3784 2993 3859 παρ’
3037 3781 3220 3838 αὐτῶν
3251 3778 3352 3834 τοῦ
3406 3777 3584 3847 τάψου
3636 3766 3882 3843 φρουροὶ.

2310 3884 2694 3960 παρήγγελλον
2722 3882 2903 3952 λέγειν
2935 3878 3033 3933 καὶ
3066 3875 3224 3930 τοῦτο
3259 3868 3683 3945 ῥιψοκινδύνως,
3714 3862 3793 3916 δτι
3817 3875 3887 3960 κε·

2309 3948 2577 4051 κλόφασιν
2616 3975 2779 4032 αὐτὸν
2799 3948 3083 4036 ⁷λαθόντες
3116 3969 3167 4023 οἱ
3218 3962 3473 4038 μαθηταὶ
3496 4003 3511 4027 ,
3544 3959 3641 4025 καὶ
3671 3957 3799 4011 αὐτὸ
3836 3948 3889 4003 τὸ

2313 4071 2508 4128 σεπτὸν
2537 4070 2637 4141 τῆς
2669 4065 3024 4126 ἀναστάσεως
3069 4057 3553 4130 συκοφαντοῦντες
3588 4050 3892 4123 μυστήριον.

2312 4164 2545 4233 Οὐκοῦν,
2579 4165 2639 4218 ὲν
2662 4159 2826 4231 διττῷ
2856 4161 3082 4230 γέγονεν
3109 4157 3142 4228 ή
3179 4151 3393 4225 πληγή.
3436 4146 3582 4204 Ἀλλ’
3618 4142 3893 4233 ἐκδέδωκεν

2312 4261 2348 4332 ἡ
2381 4258 2554 4331 πέτρα
2595 4253 2869 4316 πλουσίως
2914 4249 2976 4304 τδ
3005 4249 3175 4321 νᾶμα,
3214 4246 3400 4301 καίτοι
3449 4232 3896 4332 πεπαρῳνηκότος

2316 4324 2398 4419 εἰς
2427 4324 2593 4405 αυτὸν
2624 4344 2721 4401 τοῦ
2758 4338 3108 4415 Ὶσραὴλ,καὶ
3141 4335 3412 4392 πεπότικε
3444 4332 3628 4387 πᾶσαν
3786 4336 3896 4419 συν·

2317 4408 2542 4514 αγωγὴν
2561 4480 2577 4507 ,
2613 4436 2712 4492 καὶ
2758 4408 3028 4488 ἐπέκλυσε
3069 4427 3171 4500 τὴν
3214 4421 3559 4494 οἰκουμένην
3588 4418 3707 4514 τοῖς
3750 4408 3899 4514 ἱεροῖς

2403 4499 2692 4591 καίθείοις
2722 4525 2984 4597 νάμασιν.
3013 4499 3171 4575 υῦτω
3193 4515 3305 4589 γὰρ
3329 4515 3468 4586 ἡμῖν
3496 4507 3692 4566 ἑαυτὸν
3711 4499 3900 4597 χαριεῖ·

624 4623 995 4681 ebriabuntur
1024 4594 1095 4676 ab
1137 4620 1387 4676 ubertate
1419 4617 1616 4675 domus
1640 4594 1852 4685 tuan-et
1871 4618 1939 4675 de
1968 4626 2193 4675 torrent:

2320 4624 2445 4680 σθαι
2493 4594 2971 4690 κατεπηγγέλλετο
2998 4656 3014 4679 ,
3069 4609 3159 4664 διὰ
3212 4605 3312 4661 τοῦ
3369 4603 3659 4676 προφήτου
3710 4594 3898 4690 λέγων·

623 4713 927 4786 voluptatis
966 4721 1072 4767 ture
1116 4711 1335 4784 potabis
1371 4727 1486 4767 eos.
1537 4711 1804 4780 Quoniam
1858 4710 2004 4784 apud
2048 4718 2102 4767 te
2133 4719 2219 4767 est

627 4811 753 4866 fons
781 4808 909 4862 vitae
942 4806 1009 4861 ⁷³.
1040 4825 1058 4859 ι
1097 4804 1235 4861 Vide
1257 4813 1439 4860 autem
1464 4821 1574 4877 quo
1600 4815 1780 4877 pacto,
1814 4805 2218 4861 interveniente

627 4902 786 4974 prius
832 4900 1062 4954 istorum
1114 4895 1453 4963 diﬂidentia,
1511 4898 1689 4953 Moses
1741 4898 1893 4969 virga
1948 4897 2223 4968 percutiat

630 5005 865 5069 petram.
900 4993 1067 5050 Israel
1102 4992 1251 5048 enim
1286 4990 1606 5047 incredulus
1631 4989 2002 5046 debacchatus
2046 4998 2131 5044 est
2165 4988 2221 5043 in

630 5086 919 5142 Christum
961 5100 973 5138 :
1026 5082 1348 5155 objurgatus
1404 5091 1588 5137 autem
1635 5089 1721 5136 est
1763 5079 1943 5136 Moses
1992 5086 2050 5135 et
2097 5093 2222 5135 cum

634 5177 755 5248 ipso
810 5178 1015 5231 Aaron.
1079 5193 1097 5225 ι
1130 5172 1324 5245 Neque
1380 5172 1530 5228 enim
1575 5170 1941 5226 introducetis
1977 5183 2096 5233 vos,
2124 5166 2222 5234 ait,

634 5268 778 5323 ﬂlios
829 5266 995 5322 Israel
1043 5266 1100 5320 in
1130 5272 1334 5320 terram
1359 5280 1523 5336 quam
1558 5262 1687 5319 dedi
1728 5263 1864 5335 ipsis
1886 5263 1985 5316 τ’.»
2016 5258 2227 5315 Perdu-

631 5370 721 5416 cet
751 5369 937 5415 autem
974 5374 1076 5413 nos
1101 5358 1158 5413 in
1190 5366 1505 5414 sanctorum
1529 5357 1929 5421 haereditatem,
1952 5363 2010 5410 et
2036 5352 2219 5408 verio-

635 5454 755 5541 rem
792 5453 1175 5526 promissionis
1210 5463 1413 5510 terram
1449 5471 1557 5510 non
1580 5454 1803 5526 quidem
1833 5455 1921 5509 lex
1947 5470 2070 5526 qua:
2092 5466 2219 5507 ver-

533 5559 538 5565 '
633 5554 791 5603 satur
824 5544 880 5599 in
913 5542 1075 5615 typis,
1133 5558 1313 5614 neque
1357 5545 1651 5601 sacerdotii
1699 5545 1907 5618 legalis,
1953 5545 2124 5601 veluti
2165 5545 2221 5599 in

639 5635 852 5691 umbris
906 5633 1274 5689 imbecillitas.
1332 5635 1519 5706 Neque
1565 5638 1716 5693 enim
1778 5654 1878 5709 per
1929 5635 2225 5706 sanguines

632 5728 775 5801 grati
804 5729 1034 5794 erimus,
1073 5742 1251 5798 neque
1285 5728 1412 5784 item
1458 5739 1674 5786 terrena
1698 5730 1874 5802 gloria
1896 5730 2103 5786 erimus
2127 5743 2223 5784 co—

2330 4738 2349 4772 σ
2397 4716 2527 4772 Ἰδοὺ
2549 4711 2659 4784 ἐγὼ
2682 4688 2918 4766 ἕκκλὶνω
2938 4707 3024 4760 ἐπ’
3046 4701 3246 4766 αὐτοὺς
3275 4699 3356 4764 ὥς
3384 4693 3639 4766 ποταμὸς
3674 4688 3901 4784 εἰρηνηξ.

2325 4811 2423 4868 καὶ
2454 4809 2530 4873 ὡς
2562 4776 2905 4879 γειμάῤῥους
2936 4794 3249 4860 ἐπικλύζων
3285 4791 3454 4856 δόξαν
3483 4786 3681 4842 ἐθνῶν.
3720 4802 3738 4836 ι
3767 4776 3904 4833 Ψάλ-

2324 4902 2408 4958 λει
2439 4899 2497 4953 δέ
2528 4876 2631 4952 που
2661 4895 2754 4951 καὶ
2787 4890 2955 4946 Δαϐίό
2974 4908 2985 4923 ·
3032 4907 3051 4942 ι
3086 4885 3194 4940 Τοῦ
3228 4880 3487 4954 ποταμοῦ
3526 4879 3599 4935 τὰ
3627 4876 3904 4948 ὀρμὴματα

2325 4990 2680 5065 εὐφραίνουσι
2719 4984 2820 5057 τὴν
2855 4980 3009 5036 πόλιν
3039 4977 3137 5032 τοῦ
3165 4975 3327 5030 Θεοῦ.
3367 4994 3387 5026 ι
3430 4971 3548 5028 Καὶ
3580 4968 3681 5041 μέν
3711 4981 3786 5019 τοι

2323 5052 2460 5158 πρδς
2494 5082 2656 5138 αὑτὸν
2679 5052 2860 5144 τὸν-ὲν
2888 5072 3139 5145 οὐρανοῖς
3170 5066 3399 5137 Πατέρα
3428 5064 3528 5118 καὶ
3565 5060 3702 5115 Θεόν
3723 5075 3738 5089 ·
3776 5073 3794 5108 ι
3830 5052 3906 5158 :0;

2323 5147 2634 5249 ἐπλήθυνας
2666 5173 2729 5227 τὸ
2768 5169 2916 5232 ἔλεός
2947 5182 3063 5229 σου,
3097 5164 3126 5217 ὁ
3158 5159 3291 5224 Θεός
3313 5176 3330 5193 ο
3369 5159 3421 5212 οἱ
3461 5157 3522 5212 δὲ
3547 5155 3657 5209 υἱοὶ
3686 5149 3793 5206 τῶν
3828 5147 3907 5249 ἦν·

2322 5238 2581 5344 θρὼπων,
2613 5266 2673 5319 ὲν
2701 5251 2884 5333 σκέπη
2913 5258 3022 5313 τῶν
3063 5251 3359 5327 πτερύγων
3389 5267 3487 5304 σου
3512 5245 3782 5302 ὲλπιοῢσι.
3813 5238 3909 5344 liis-

2327 5330 2688 5432 θυσθήσονται
2714 5354 2822 5410 ἀπὸ
2844 5330 3099 5422 πιότητος
3120 5347 3275 5403 οἴκου
3308 5362 3431 5411 σου,
3456 5343 3557 5398 καὶ
3582 5340 3677 5395 τὸν
3696 5330 3912 5432 χειμὰῥῖ

2331 5458 2461 5529 ρουν
2487 5422 2594 5521 τῆς
2623 5446 2838 5521 τρυφῆς
2876 5461 2970 5498 σου
3004 5443 3213 5504 ποτιεῖς
3240 5438 3472 5500 αὐτούς.
3507 5438 3633 5489 Ὀτι
3662 5427 3808 5501 παρὰ
3842 5422 3914 5476 σοὶ

2329 5516 2482 5618 πηγὴ
2524 5516 2693 5612 ζωῆς.
2738 5559 2757 5591 ι
2792 5516 2986 5607 Ἂθρει
3014 5534 3073 5589 δὲ
3106 5534 3246 5604 ὅπερ
3280 5524 3805 5603 προεισδραμούσης
3836 5516 3915 5573 αὖ·

2304 5620 2305 5623 Ἴ
2469 5611 2754 5698 όιπιστίας,
2786 5627 3086 5684 καταπαίει
3108 5627 3209 5698 τὴν
3233 5622 3452 5694 πέτραν
3491 5625 3560 5693 τῇ
3593 5616 3773 5691 ῥάϐδῳ
3798 5611 3912 5665 Μω-

2334 5729 2456 5801 σῆς.
2485 5723 2863 5798 Πεπαρῲνηκε
2885 5720 2997 5792 γὰρ
3025 5720 3107 5783 εἰς
3142 5716 3387 5788 Χριστὸν
3421 5710 3734 5783 ἀπειθήσας
3760 5708 3787 5760 ό
3822 5702 3911 5755 Ἰσ-

710 5840 756 5870 ’¹³
777 5838 954 5913 ι-ςῖος.
978 5856 1035 5906 x,
1064 5840 1178 5893 l4.
1216 5842 1305 5913 μη
1342 5842 1497 5898 Joan.
1529 5861 1638 5909 xu,
1669 5845 1753 5899 15.
1832 5847 1878 5877 τ’
1910 5846 1931 5900 I
1961 5846 2085 5900 Cor.
2115 5862 2193 5913 xv,

2296 5848 2323 5902 '.
2401 5845 2449 5878 ⁷⁸
2475 5844 2579 5900 Isa.
2621 5840 2822 5910 νι,12.
2878 5839 2923 5871 ⁷⁷
2964 5834 3110 5894 Psal.
3143 5847 3265 5900 χιε,
3298 5832 3354 5886 5.
3434 5830 3481 5864 ⁷⁸
3507 5825 3652 5886 Psal.
3682 5837 3837 5887 xxxv,
3867 5817 3909 5872 ὃ

644 5906 728 5965 Ill.
807 5909 851 5941 ⁷⁸
884 5908 1046 5965 Num.
1077 5926 1164 5976 xx,
1207 5910 1293 5965 ιε.
