4060 6474
237 333 354 394 897

1269 343 1794 405 GLAPHYRORUM
1837 348 1903 403 IN
1944 346 2231 408 EXODUM
2271 350 2399 407 LIB.
2442 352 2531 410 ΠΙ.

3460 348 3566 409 ιοε

245 456 430 526 ραήλ·
475 457 782 530 ἱπετιμᾶτο
802 459 1028 531 Μωσῆς,
1072 461 1170 514 σῦν
1205 461 1356 534 αὐτῷ
1389 464 1448 518 δὲ
1483 465 1579 518 καὶ
1620 467 1854 540 Ἀαρών.

1963 486 2080 526 ram
2109 469 2224 527 Deo
2255 470 2544 537 illustres;
2577 472 2672 526 sed
2720 470 2905 542 potius
2943 467 3309 540 procedamus
3335 467 3389 522 in
3426 467 3563 523 civi—

245 567 268 598 ι
307 550 398 603 06
429 549 543 623 γὰρ
573 550 845 617 είσάξετε,
878 553 1064 624 φησὶν,
1103 554 1263 625 ὑμεῖς
1289 556 1417 621 τοὺς
1445 559 1600 622 υίοὺς
1643 557 1858 632 Ἰσραὴλ

240 643 330 706 είς
371 643 478 715 τὴν
515 641 622 714 γῆν
656 643 724 715 ἢν
767 643 946 698 ἔδωκα
979 645 1182 711 αὐτοῖς.
1227 666 1246 698 ι
1288 648 1578 720 Εἰσκομιεῖ
1621 650 1677 703 δὲ
1708 652 1861 722 ἡμᾶς

1967 571 2136 616 tatem
2170 576 2492 632 supernam,
2529 568 2694 631 atque
2731 561 2788 616 in
2824 572 3045 631 patrum
3075 557 3453 614 hereditatem
3478 557 3567 611 in-

1969 653 2259 720 trahimus,
2305 653 2503 710 ducem
2546 654 2814 709 habentes
2859 652 3166 714 Christum,
3194 667 3292 721 per
3319 665 3480 721 quem
3511 659 3569 705 et

239 735 330 797 είς
362 735 470 805 τὴν
499 734 610 789 τῶν
637 737 812 805 ἁγίων
843 737 1077 809 κλῆρον,
1106 739 1202 792 καὶ
1234 742 1316 802 είς
1346 739 1448 812 τὴν
1483 741 1854 814 ἀληθεστέραν

1964 759 2091 799 cum
2126 762 2237 816 quo
2270 745 2440 818 gloria
2477 747 2588 802 Deo
2639 762 2703 801 ac
2751 745 2903 801 Patri
2952 760 3080 802 cum
3124 754 3315 800 sancto
3355 743 3564 815 Spiritu

239 827 349 897 τῆς
382 829 730 898 ἐπαγγελίας
766 830 892 901 γῆν,
944 831 1065 903 οὐχὶ
1093 831 1258 903 νόμος
1290 835 1318 888 6
1361 836 1420 889 ἐν
1467 837 1662 901 τύποις
1687 878 1700 902 ,
1731 836 1856 891 οὐδὲ

1966 837 2020 892 in
2050 839 2250 894 saecula
2281 840 2632 894 smculorum.
2667 839 2863 894 Amen.

235 921 349 992 τῆς
380 923 513 976 καθ’
541 922 708 976 αὐτὸν
737 923 1070 996 ἱερωσύνης,
1100 925 1162 980 τὸ
1185 926 1244 979 ὲν
1278 928 1740 1000 σκιαῖςὰδρανές.
1812 927 1888 982 Οὐ
1929 927 2037 999 γὰρ
2064 927 2133 981 δι’
2175 929 2430 999 αἱμάτων
2459 929 2926 1000 εὐαρεστήσομεν,
2964 925 3087 980 οὔτε
3158 926 3266 998 μὴν
3298 927 3356 979 ὲν
3390 927 3564 996 αὐχή-

241 1031 391 1087 μασι
418 1018 536 1080 τοῖς
573 1015 969 1088 γεωδεστέροις
992 1016 1299 1089 ἐκπρεπεῖς
1326 1019 1568 1090 ἐσόμεθα
1599 1023 1753 1092 παρὰ
1777 1020 1854 1092 τῷ
1891 1020 2012 1093 Θεῷ
2033 1037 2044 1050 ·
2090 1019 2426 1091 βαδιοὺμεθα
2494 1021 2552 1074 δὲ
2623 1019 2822 1092 μᾶλλον
2867 1021 2948 1083 είς
2984 1020 3082 1088 τὴν
3115 1019 3225 1074 ἄνω
3259 1019 3434 1083 πόλιν,
3463 1022 3560 1075 καὶ
3596 1044 3604 1050 -

235 1111 326 1170 εἰς
381 1109 477 1164 τὸν
532 1109 642 1163 τῶν
695 1109 955 1181 πατέρων
997 1110 1206 1183 ἥξομεν
1289 1113 1514 1186 κλῆρον,
1573 1115 1896 1187 καθηγητὴν
1933 1115 2152 1188 ἔχοντες
2188 1116 2281 1170 τδν
2305 1115 2564 1189 Χριστὸν,
2634 1117 2704 1170 δι’
2729 1107 2790 1169 οὗ
2826 1115 3068 1186 χαίρεθ’
3102 1107 3164 1168 οῦ
3196 1113 3281 1186 τῷ
3316 1115 3439 1188 Θεῷ
3467 1116 3564 1172 καὶ

237 1207 433 1278 Ila-:91
472 1207 508 1279 ἡ
539 1206 690 1272 δόξα,
735 1207 836 1261 σὺν
864 1207 1008 1279 ἁγίῳ
1035 1207 1320 1279 Πνεΰματι
1345 1249 1360 1275 ,
1396 1211 1476 1274 είς
1497 1211 1623 1275 τοὺς
1652 1211 1858 1276 αἰῶνας
1890 1212 2000 1266 τῶν
2028 1209 2262 1265 αίώνων.
2317 1211 2514 1285 Ἀμήν.

240 1326 393 1396 Περὶ
424 1325 540 1395 τῆς
567 1325 638 1379 ἐν
686 1324 767 1390 τῷ
797 1324 918 1399 ὄρει
955 1323 1419 1399 Σιιιᾷ-καθόδου.
1459 1329 1558 1383 καὶ
1594 1328 1705 1399 τῆς
1743 1328 1858 1384 πᾶ-

648 1396 1012 1464 ραστὰσεως
1038 1397 1148 1452 τοῦ
1191 1399 1458 1468 Ἰσραήλ.

315 1494 388 1541 α’.
410 1487 472 1542 ὐ
499 1487 711 1559 Κύριος
733 1487 896 1559 ἡμῶν
933 1488 1403 1561 ἰησοῦςΧριστὺς
1425 1492 1546 1554 ταῖς
1584 1489 1859 1544 Ἰουδαίων

233 1578 479 1648 ἀγέλαις
508 1577 611 1649 τὴν
650 1578 739 1632 διὰ
777 1580 1014 1640 πίστεως
1041 1577 1314 1650 λύτρωσιν
1351 1583 1412 1633 οὐ
1444 1579 1854 1652 προσιεμένοις,

234 1669 646 1742 περιφρονοῦσι
673 1669 731 1723 δὲ
765 1670 890 1723 λίαν
915 1668 1027 1723 τῶν
1053 1669 1123 1722 δι’
1143 1669 1311 1723 αὑτοῦ
1338 1669 1730 1742 Θεσπισμάτων
1754 1671 1854 1744 τὴν

231 1765 457 1834 ὄνησιν,
481 1763 758 1835 οἰομένοις
785 1780 842 1816 τε
871 1764 1058 1828 αὐτοῖς
1078 1805 1092 1828 ,
1126 1765 1210 1818 ὅτι
1238 1765 1266 1817 6
1296 1764 1462 1834 νόμος
1488 1762 1578 1818 διὰ
1610 1764 1855 1828 Μωσέως

230 1856 502 1926 ἀρκέσει,
536 1857 631 1909 καὶ
665 1857 827 1926 μόνος
865 1858 945 1920 εἰς
983 1856 1260 1910 οίκείωσιν
1289 1856 1389 1928 τὴν
1420 1856 1498 1920 ὡς
1525 1855 1666 1928 πρὺς
1696 1855 1854 1923 Θεὸν,

230 1949 599 2020 προσεφώνει
619 1950 795 2018 λέγων
815 1966 830 1980 ·
843 1970 860 2001 ‹
891 1950 1080 2016 Οὐδεὶς
1099 1951 1321 2023 ἔρχεται
1345 1951 1482 2022 πρὸς
1499 1950 1589 2004 τὸν
1608 1949 1852 2021 Πατέρα,

233 2043 288 2095 εί
325 2042 402 2113 μὴ
431 2043 504 2096 δι’
544 2043 704 2113 ἐμοῦ.
749 2063 766 2094 ι
815 2045 927 2098 Καὶ
967 2044 1163 2098 πάλιν·
1209 2063 1228 2096 ι
1303 2043 1446 2114 Ἐγώ
1491 2047 1608 2116 είμι
1639 2045 1672 2116 ἠ
1709 2045 1851 2111 ὁδὸς,

232 2135 341 2190 καὶ
378 2134 494 2204 ἐγώ
520 2137 638 2205 εἰμι
664 2138 698 2207 ἦ
737 2135 898 2206 θύρα.
934 2156 952 2188 ι
988 2135 1371 2208 Ψευδοεπὴσει
1404 2127 1462 2190 δὲ
1483 2138 1657 2192 ταῦτα
1676 2137 1855 2207 λέγων

232 2226 528 2296 οὐδαμῶς,
559 2227 796 2298 ἐπείπερ
827 2227 978 2280 ἐστὶν
1015 2226 1270 2300 ἀλήθεια.
1312 2230 1425 2282 Καὶ
1454 2229 1714 2300 προσιτὸς
1751 2229 1853 2300 οὐχ

233 2320 453 2391 ἑτέρως
477 2323 506 2375 6
537 2320 673 2384 Θεὸς
701 2322 795 2375 καὶ
837 2323 1050 2395 Πατὴρ,
1085 2323 1228 2394 πλὴν
1258 2324 1306 2378 εί
1340 2322 1414 2394 μὴ
1444 2323 1532 2377 διὰ
1567 2323 1728 2394 μόνου
1756 2323 1851 2378 τοῦ

237 2415 390 2470 κατὰ
422 2416 592 2487 φύσιν
618 2415 751 2470 Υἰοῦ
775 2434 788 2447 ’
817 2417 844 2470 6
873 2417 983 2489 γὰρ
1021 2417 1280 2488 ἐγνωκὼς
1309 2419 1472 2472 αὐτὸν
1510 2419 1716 2472 εἴσεταί
1747 2437 1850 2473 που

235 2507 471 2572 πάντως
509 2508 606 2561 καὶ
642 2507 735 2560 τὸν
780 2506 840 2573 ἐξ
888 2501 949 2562 οὗ
983 2507 1230 2578 πέφηνεν
1264 2508 1508 2579 Πατέρα.
1555 2509 1851 2581 Τοιγάρτοι

237 2600 338 2654 καὶ
364 2601 611 2668 ἔφασκεν
643 2602 757 2664 τοῖς
779 2600 1027 2655 ἀπειθεῖν
1057 2601 1338 2672 ἑλομένοις
1365 2600 1550 2672 αὐτῷ,
1587 2604 1682 2656 καὶ
1712 2603 1852 2656 είδέὲ

239 2710 336 2746 ναι
363 2692 594 2760 λέγουσι
627 2692 720 2745 τὸν
747 2693 856 2746 τῶν
878 2692 1015 2746 ὅλων
1045 2692 1210 2746 Θεὸν·
1247 2713 1266 2745 ι
1303 2695 1363 2749 Et
1395 2694 1495 2766 ἐμὲ
1527 2693 1727 2765 ᾔδειτε,
1758 2694 1854 2748 καὶ

239 2785 335 2841 τῦν
367 2786 595 2858 Πατέρα
628 2803 729 2857 μου
753 2785 934 2857 ᾔδειτε
957 2787 1043 2841 ἄν.
1069 2805 1088 2838 ι
1120 2787 1319 2856 Γέγονε
1354 2788 1453 2859 μὲν
1476 2787 1587 2858 γὰρ
1608 2791 1722 2851 τοῖς
1752 2789 1858 2861 ἀρ-

241 2877 558 2948 χαιοτέροις
593 2876 949 2944 παιδαγωγὸς
978 2876 1006 2929 6
1041 2877 1268 2948 Μωσῆς,
1301 2876 1530 2947 μεσίτης
1567 2878 1660 2931 καὶ
1693 2877 1854 2948 ἡγού-

243 2987 430 3041 μενος,
469 2970 566 3022 καὶ
601 2968 709 3022 τῶν
753 2967 909 3039 παρὰ
938 2967 1072 3022 Θεοῦ
1109 2967 1294 3040 νόμων
1322 2968 1684 3040 διακομιστὴς
1705 3010 1718 3034 ,
1755 2969 1852 3023 καὶ

240 3062 473 3133 ἄριστος
510 3061 610 3130 μὲν
660 3061 718 3112 ἐν
750 3061 948 3128 ἁγίοις.
998 3059 1232 3130 Ἀκήκοε
1268 3059 1378 3128 γὰρ
1420 3056 1559 3110 Θεοῦ
1595 3056 1850 3126 λέγοντος
1884 3095 1929 3156 C

239 3153 500 3224 ἐναργῶς
534 3169 549 3184 ο
591 3172 609 3205 ι
654 3148 788 3206 Οἷδά
809 3168 869 3205 σε
905 3149 1060 3224 παρὰ
1085 3151 1297 3214 πάντας
1319 3189 1332 3211 ,
1359 3150 1454 3205 καὶ
1488 3150 1652 3222 χάριν
1693 3145 1853 3222 εὗρες

240 3247 377 3318 παρ’
409 3245 535 3318 ἐμέ.
587 3264 604 3296 ι
640 3244 790 3317 Πλὴν
837 3246 864 3298 6
910 3245 1077 3314 νόμος
1111 3245 1212 3297 οῦκ
1256 3243 1546 3314 εὑδρανὴς,
1585 3241 1711 3295 οὔτε
1746 3241 1853 3314 μὴν

239 3337 357 3405 οἶός
386 3357 451 3393 τε
481 3337 582 3409 τὴν
611 3336 754 3410 πρὸς
775 3336 908 3390 Θεὸν
929 3335 1207 3390 οίκείωσιν
1233 3334 1568 3406 προξενῆσαι
1597 3334 1850 3398 τελείως’

241 3433 333 3492 διὰ
361 3433 420 3486 δὲ
445 3433 550 3504 τῆς
577 3429 820 3502 Χριστοῦ
860 3428 1140 3499 μεσιτείας
1163 3429 1258 3482 καὶ
1289 3426 1448 3480 τοῦτο
1470 3426 1848 3498 κερδαίνομεν.

249 3546 269 3571 ο
308 3524 487 3588 Αὐτὸς
526 3524 638 3594 γάρ
669 3523 819 3576 ἐστιν
852 3524 885 3592 ἠ
910 3523 1101 3593 άρὴνη
1139 3519 1318 3591 ἡμῶν,
1353 3539 1371 3571 ι
1408 3518 1553 3573 κατὰ
1581 3517 1681 3582 τὰς
1711 3519 1853 3590 Γρα-

243 3617 354 3686 φὰς
379 3634 395 3648 ·
429 3617 526 3670 καὶ
552 3617 611 3668 ὲν
643 3613 795 3684 αὐτῷ
816 3612 879 3684 δὴ
905 3612 1001 3666 καὶ
1037 3612 1186 3683 μόνῳ
1217 3611 1286 3664 τὸ
1311 3613 1369 3664 ὲν
1399 3611 1604 3680 γνώσει
1623 3611 1853 3676 τέλειον,

243 3711 343 3765 καὶ
376 3711 537 3763 πᾶσα
571 3707 720 3771 δόσις
771 3704 973 3778 ἀγαθὴ,
1018 3705 1114 3760 καὶ
1161 3703 1328 3769 αὐτὸς
1373 3704 1521 3776 ἡμᾶς
1576 3704 1645 3758 δι’
1685 3703 1852 3758 αὑτοῦ

247 3799 546 3873 μονονουχὶ
593 3797 1014 3870 προσηκόμικε
1063 3794 1142 3868 τῷ
1189 3795 1389 3868 Πατρί.
1429 3796 1722 3868 Τοιγάρτοι
1761 3797 1856 3851 καὶ

243 3896 486 3965 ἔφασκεο
511 3913 531 3945 ι
561 3892 714 3947 Θέλω
738 3892 826 3945 ἶνα
844 3890 1036 3962 ὥσπερ
1063 3887 1174 3958 ἐγὼ
1199 3890 1296 3943 καὶ
1322 3889 1386 3943 σὺ
1411 3889 1470 3942 ἓν
1496 3892 1685 3962 ἐσμεν,
1709 3889 1854 3944 οὕτω

242 3987 345 4044 καὶ
377 3985 540 4041 αὐτοὶ
574 3988 630 4039 ὲν
661 3986 794 4056 ἡμῖν
829 3982 889 4038 ἓν
915 3976 1074 4037 ὦσιν.
1115 3999 1134 4034 ›
1170 3979 1382 4035 Οὐκοῦν
1427 3981 1654 4053 μεσίτης
1687 3982 1787 4052 μὲν
1826 3983 1856 4036 6

242 4079 460 4149 Μωσῆς
483 4121 499 4144 ,
527 4075 673 4148 πλὴν
713 4075 789 4139 ὡς
824 4074 886 4127 ἐν
925 4072 1084 4144 τύπῳ
1109 4071 1205 4126 καὶ
1239 4073 1452 4134 σκιαῖς·
1489 4073 1518 4126 6
1553 4072 1611 4126 δὲ
1646 4071 1854 4145 ἀληθὴς

247 4171 488 4243 μεσίτης
517 4168 786 4242 Χριστὸς,
822 4159 867 4236 ᾧ
903 4163 1286 4238 κεκολλήμεθα
1337 4163 1640 4236 σχετικῶς,
1693 4166 1854 4238 εἴπερ

242 4265 397 4318 ἐστὶν
447 4262 651 4332 ἀληθὲς
682 4261 764 4314 ὅτι
819 4258 1203 4329 καταϐέϐηκεν
1245 4259 1304 4312 ὲν
1347 4259 1462 4320 τοῖς
1505 4259 1630 4312 καθ’
1667 4259 1852 4328 ἡμᾶς,

245 4357 344 4412 καὶ
360 4357 595 4426 γέγονεν
618 4351 910 4424 ἅνθρωπος
925 4367 940 4382 ⁶
973 4351 1064 4406 ἵνα
1081 4352 1176 4405 καὶ
1196 4352 1359 4422 ἡμεῖς
1379 4350 1478 4422 τῆς
1503 4349 1655 4415 Θείας
1682 4351 1852 4406 αὑτοῦ

1959 1323 2037 1379 De
2088 1323 2185 1379 Dei
2230 1327 2283 1380 in
2336 1335 2569 1380 montem
2622 1324 2754 1451 SIina
2795 1327 3104 1451 (descensu,
3166 1338 3212 1382 et
3260 1328 3562 1383 assistentia

2670 1414 2880 1451 sraeis.

2670 1414 2880 1452 δναειιδ.

2030 1489 2080 1544 l.
2113 1489 2382 1545 Dominus
2413 1498 2604 1544 noster
2629 1488 2790 1544 Jesus
2816 1488 3074 1544 Christus
3105 1488 3300 1545 turbas
3337 1486 3561 1543 Judzeo~

1959 1598 2102 1649 rum,
2149 1583 2244 1654 qui
2280 1583 2716 1654 redemptionem
2742 1599 2842 1652 per
2865 1582 3029 1637 ﬁdem
3060 1599 3170 1637 non
3199 1581 3562 1653 recipiebant,

1955 1681 2013 1727 at
2029 1674 2215 1744 potius
2230 1674 2395 1746 316
2413 1675 2589 1745 ipsius
2606 1674 2960 1729 oraculorum
2982 1674 3280 1729 utilitatem
3311 1682 3563 1728 contem-

1962 1765 2192 1831 nebant,
2225 1766 2609 1822 existimantes
2643 1767 2792 1838 quod
2820 1767 2906 1821 lex
2939 1766 3106 1821 Mosis
3138 1765 3375 1821 suﬁiciat
3406 1765 3564 1836 ipsis,

1961 1866 2020 1914 et
2047 1858 2271 1930 quidem
2302 1859 2420 1915 sola
2451 1859 2518 1914 ad
2552 1859 2855 1914 amicitiam
2890 1875 3018 1913 cum
3061 1859 3174 1914 Deo
3215 1871 3566 1929 consequen-

1962 1949 2110 2016 dam,
2148 1950 2538 2021 alloquebatur
2576 1952 2730 2007 hisce
2758 1951 2948 2006 verbis
2981 1969 2995 2006 :
3029 1970 3048 2002 ι
3081 1950 3277 2006 Nullus
3316 1951 3470 2005 venit
3496 1951 3564 2004 sul

1962 2042 2196 2099 Patrem
2211 2045 2322 2100 nisi
2353 2060 2454 2116 per
2478 2060 2565 2100 me
2591 2043 2660 2098 ⁸⁸.
2699 2064 2716 2096 ι
2750 2044 2817 2099 Et
2845 2059 3039 2100 rursus
3068 2061 3081 2098 :
3117 2062 3135 2094 ι
3165 2043 3278 2114 Ego
3300 2058 3421 2097 sum
3454 2043 3562 2106 via,

1960 2144 2028 2191 et:
2048 2152 2152 2208 ego
2193 2153 2317 2192 sum
2365 2137 2570 2192 ostium
2605 2138 2672 2191 ⁸¹.
2724 2156 2742 2188 ι
2773 2137 2964 2207 Neque
2994 2151 3128 2191 vero
3151 2135 3270 2190 haec
3315 2135 3507 2190 dicens
3536 2151 3564 2188 a

1960 2243 2096 2284 vero
2147 2229 2466 2296 aberrabit;
2503 2239 2589 2285 est
2636 2245 2876 2299 namque
2920 2228 3148 2282 veritas.
3181 2227 3372 2298 Neque
3402 2228 3568 2282 Pater

1959 2320 2067 2376 alia
2093 2321 2310 2377 ratione
2331 2321 2473 2376 adiri
2498 2328 2704 2392 potest,
2725 2321 2834 2375 nisi
2860 2335 2961 2391 per
2983 2335 3146 2374 suum
3170 2335 3364 2375 verum
3385 2328 3442 2374 et
3471 2335 3566 2374 na-

1961 2416 2195 2472 turalem
2227 2416 2427 2472 Filium
2456 2435 2468 2471 :
2493 2416 2587 2487 qui
2615 2416 2764 2472 enim
2801 2416 3062 2488 cognovit
3090 2416 3292 2486 ipsum,
3327 2415 3421 2471 hic
3449 2431 3570 2470 om-

1958 2509 2094 2563 nino
2120 2507 2332 2564 videbit
2369 2524 2520 2574 eum,
2557 2525 2626 2564 ex
2666 2523 2776 2579 quo
2807 2514 2972 2563 natus
3005 2517 3109 2571 est,
3140 2507 3382 2562 Patrem.
3411 2506 3568 2567 Unde
3615 2522 3620 2544 λ

1959 2611 2016 2658 et
2045 2601 2266 2657 dicebat
2292 2603 2402 2658 illis
2427 2602 2522 2673 qui
2555 2603 2611 2657 in
2645 2601 2752 2656 ﬁde
2785 2600 3078 2666 nutabant,
3109 2599 3481 2669 dicebantque
3505 2613 3568 2653 se
3618 2615 3619 2618 ‘

1960 2709 2294 2767 cognoscere
2329 2697 2501 2751 totius
2539 2695 2787 2751 universi
2818 2693 2991 2750 Deum
3035 2710 3049 2746 :
3089 2712 3108 2743 ι
3157 2691 3215 2747 Si
3242 2707 3331 2746 me
3361 2705 3566 2760 cogno-

1960 2786 2201 2852 vissetis,
2234 2793 2296 2842 et
2317 2787 2538 2842 Patrem
2569 2802 2754 2842 meum
2788 2787 2980 2857 utique
3010 2783 3412 2856 cognovissetis
3438 2782 3506 2836 ⁸³.
3539 2798 3558 2834 ι

1961 2879 2099 2934 Nam
2132 2879 2313 2937 Moses
2339 2879 2564 2950 quidem
2592 2880 2923 2950 paedagogus
2951 2878 3056 2932 fuit
3090 2876 3336 2948 antiquis
3359 2884 3415 2932 et
3445 2890 3564 2930 me-

1959 2972 2161 3037 diator,
2196 2981 2361 3044 atque
2409 2973 2541 3028 item
2583 2971 2716 3039 dux,
2747 2980 2803 3027 et
2847 2971 3163 3026 divinarum
3205 2969 3388 3041 legum
3432 2983 3566 3040 pro-

1961 3067 2264 3138 mulgator,
2312 3065 2568 3136 interque
2621 3073 2845 3120 sanctos
2891 3064 3295 3119 sanctissimus.
3334 3063 3567 3118 Manife-

1961 3167 2045 3216 διο
2075 3160 2224 3214 enim
2244 3159 2459 3214 audivit
2488 3159 2659 3215 Deum
2695 3157 3010 3214 dicentem:
3041 3176 3058 3207 ι
3091 3156 3230 3210 Novi
3259 3163 3332 3220 te,
3355 3164 3412 3210 et
3440 3169 3569 3226 gra-

1962 3253 2096 3306 tiam
2131 3251 2392 3307 invenisti
2421 3251 2568 3322 apud
2601 3267 2688 3307 me
2717 3267 2832 3322 prae
2864 3250 3126 3306 omnibus
3151 3249 3216 3304 ³³.
3266 3267 3284 3299 ι
3319 3247 3432 3302 Lex
3463 3262 3568 3302 au-

1965 3349 2073 3397 tem
2099 3351 2185 3398 est
2213 3342 2451 3407 inﬁrma,
2482 3358 2665 3414 neque
2705 3342 3006 3397 amicitiam
3034 3341 3131 3397 Dei
3159 3340 3404 3411 perfecte
3431 3353 3566 3394 con-

1961 3433 2152 3490 ciliare
2195 3441 2410 3505 potest,
2447 3433 2546 3489 sed
2594 3448 2693 3503 per
2735 3431 3021 3488 Christum
3065 3429 3430 3485 mediatorem
3462 3427 3570 3482 hoc

1961 3527 2376 3597 consequimur.
2419 3526 2706 3598 Siquidem
2739 3545 2757 3578 ι
2809 3525 2928 3597 ipse
2976 3535 3062 3580 est
3111 3540 3217 3594 pax
3263 3530 3486 3585 nostra,
3541 3542 3558 3572 ι

1963 3602 2268 3674 secundum
2299 3619 2617 3689 Scripturas
2645 3618 2712 3683 ⁸³,
2747 3625 2804 3672 ct
2837 3617 2892 3671 in
2927 3616 3046 3686 ipso
3084 3614 3312 3685 quidem
3341 3612 3459 3667 solo
3483 3623 3570 3668 est

1963 3709 2206 3780 perfecta
2238 3710 2503 3782 cognitio,
2537 3709 2830 3779 omnisque
2861 3706 3015 3764 datio
3047 3705 3215 3770 bona,
3247 3712 3413 3774 atque
3449 3702 3566 3774 ipse
3613 3739 3616 3746 -

1964 3818 2067 3859 nos
2098 3819 2200 3875 per
2246 3821 2306 3860 se
2341 3812 2552 3859 tantum
2595 3819 2707 3865 non
2738 3802 2888 3858 Patri
2929 3800 3135 3857 attulit.
3167 3798 3383 3854 idcirco
3410 3797 3566 3853 dicc-

1962 3897 2058 3952 bat
2087 3914 2102 3951 :
2137 3917 2156 3948 ι
2191 3897 2376 3962 Pater,
2403 3898 2551 3962 volo,
2581 3903 2642 3951 ut
2673 3895 2820 3951 sicut
2844 3909 2947 3965 ego
2970 3901 3028 3948 et
3066 3900 3122 3946 tu
3148 3906 3322 3947 unum
3351 3905 3565 3952 sumus,
3609 3927 3612 3930 ι

1964 3989 2038 4045 ita
2073 3998 2132 4045 et
2157 3989 2260 4060 ipsi
2294 3989 2350 4044 in
2377 3989 2539 4044 nobis
2569 4003 2743 4043 unum
2789 3987 2902 4042 sint
2929 3986 2995 4040 ⁸⁵.
3035 4003 3053 4038 ι
3082 3983 3351 4038 Mediator
3379 3980 3568 4051 itaque

1963 4083 2162 4148 Moses,
2196 4081 2295 4138 sed
2323 4091 2584 4153 tanquam
2622 4081 2677 4135 in
2717 4080 2915 4135 umbra
2942 4086 2999 4132 et
3033 4087 3162 4148 typo
3191 4092 3204 4130 :
3233 4083 3288 4130 at
3312 4073 3568 4131 Christus

1963 4183 2050 4229 cst
2068 4189 2236 4229 verus
2259 4173 2556 4239 mediator,
2583 4172 2674 4227 cui
2719 4169 3038 4242 specialiter
3077 4164 3440 4237 conglutina“
3470 4179 3565 4218 su—

1965 4281 2108 4321 mus.
2142 4265 2430 4336 Siquidem
2465 4280 2658 4319 verum
2706 4270 2792 4318 est
2819 4259 2967 4330 quod
3005 4257 3296 4315 descendit
3340 4255 3410 4310 ad
3441 4269 3564 4318 nos,
3611 4296 3614 4300 -

1963 4366 2020 4412 et
2049 4357 2214 4412 homo
2243 4355 2422 4411 factus
2467 4363 2552 4410 cst
2595 4364 2656 4409 ut
2685 4367 2789 4407 nos
2827 4351 2994 4406 etiam
3024 4351 3220 4418 ﬁamus
3248 4345 3450 4401 divinae
3479 4344 3566 4415 ip-

243 4451 472 4522 φύσεως
501 4446 795 4519 γενώμεθα
816 4445 1087 4509 κοινωνοὶ,
1117 4447 1184 4517 τῇ
1215 4444 1310 4498 τοῦ
1340 4443 1495 4513 ἁγίου
1534 4443 1854 4515 Πνεύματος

1965 4452 2084 4506 sius
2110 4449 2334 4504 virtutis
2361 4447 2680 4518 participes,
2711 4455 2767 4500 et
2793 4443 3037 4516 Spiritus
3064 4441 3239 4497 sancti
3273 4439 3568 4511 participa-

244 4545 458 4617 μετοχῇ
490 4559 552 4595 τε
577 4540 671 4595 καλ⁸
700 4539 885 4611 χάριτι
909 4537 1030 4609 Θεῷ
1062 4536 1430 4608 συνδούμενοι.
1471 4536 1584 4591 Καὶ
1607 4537 1766 4591 ταυτὶ
1791 4536 1856 4609 δὴ

1959 4543 2110 4598 tione
2143 4556 2207 4596 ac
2229 4539 2408 4612 gratia
2434 4539 2548 4594 Deo
2577 4537 2839 4608 colligati.
2871 4535 3004 4603 Qua:
3035 4531 3260 4604 quidem
3289 4531 3404 4603 ipsa
3434 4547 3566 4585 rur-

241 4638 419 4693 πάλιν
444 4635 730 4706 εἰσόμεθα,
759 4635 872 4698 τοῖς
901 4633 1068 4704 ἱεροῖς
1097 4631 1397 4704 Γρὰμμασι
1418 4630 1511 4685 τὸν
1529 4630 1630 4702 τῆς
1643 4632 1854 4687 ἑαυτῶν

1962 4649 2050 4690 sus
2080 4633 2269 4690 videre
2303 4639 2410 4698 est,
2447 4630 2492 4686 si
2523 4631 2726 4686 mentis
2754 4638 2960 4685 nostra:
2992 4624 3421 4682 oculumsacris
3445 4622 3564 4678 Lit-

237 4729 494 4793 διανοίας
538 4726 902 4799 ὲνερείδοντες
950 4721 1248 4795 ὀφθαλμόν.
1303 4718 1440 4776 Εἷπε
1496 4723 1637 4796 γὰρ,
1695 4725 1854 4795 φησὶ,

239 4822 460 4895 Κύριος
506 4821 648 4893 πρὸς
685 4818 931 4889 Μωσῆν⁵
982 4835 1000 4869 ι
1051 4813 1314 4879 Καταϐἁς
1363 4816 1738 4889 διαμάρτυραι
1776 4817 1856 4889 τῷ

239 4912 401 4984 λαῷ,
431 4913 527 4966 καὶ
568 4909 798 4981 ἁγίασον
833 4908 1034 4973 αὐτοὺς
1079 4908 1322 4980 σήμερον
1363 4907 1460 4961 καὶ
1497 4906 1708 4980 αὔριόν.
1749 4909 1859 4964 Καὶ

240 5003 616 5060 πλυνάτωσαν
652 5004 721 5057 τὰ
752 5002 946 5073 ἱμάτια
969 5043 983 5067 ,
1009 5000 1108 5056 καὶ
1140 5000 1388 5056 ἔστωσαν
1416 4999 1628 5072 ἕτοιμοι
1656 5003 1736 5066 εἰς
1759 5002 1859 5074 τὴν

240 5096 474 5169 ἡμέραν
490 5095 598 5166 τὴν
636 5093 854 5166 τρίτην.
884 5094 964 5166 Τῇ
1010 5093 1122 5162 γὰρ
1157 5091 1343 5164 ἡμέρᾳ
1379 5095 1447 5165 τῇ
1480 5094 1642 5168 τρίτῃ
1689 5112 1860 5150 κατα-

239 5191 486 5262 ϐήσεται
505 5188 715 5260 Κύριος
740 5187 833 5241 ἐπὶ
857 5187 919 5240 τὸ
936 5186 1062 5258 ὅρος
1089 5186 1242 5250 Σινᾶ,
1268 5186 1514 5240 ἐναντίον
1532 5187 1734 5252 παντὸς
1763 5185 1863 5241 τοῦ

235 5281 381 5338 λαοῦ
412 5324 428 5349 ,
457 5279 556 5335 καὶ
582 5282 832 5352 ἀεροριεῑς
872 5280 966 5334 τὸν
995 5279 1126 5334 λαὸν
1153 5279 1340 5351 κύκλῳ
1369 5323 1384 5348 ,
1416 5279 1596 5349 λέγων
1615 5297 1629 5312 ο
1672 5281 1853 5353 Προσ-

237 5377 406 5447 έχετε
447 5376 665 5438 ᾶαυτοῖς
691 5373 786 5428 τοῦ
831 5372 908 5446 μὴ
939 5373 1210 5445 ἀναϐῆναί
1236 5391 1358 5428 τινα
1385 5375 1465 5438 είς
1490 5374 1551 5428 τὸ
1579 5374 1724 5446 ὅρος,
1764 5375 1860 5428 καὶ¹

236 5470 428 5540 Θίγειν
478 5486 535 5524 τι
585 5467 777 5524 αὐτοῦ.
829 5468 950 5532 Πᾶς
980 5469 1016 5522 6
1053 5467 1336 5542 ἁψάμενος
1381 5468 1478 5522 τοῦ
1535 5467 1732 5540 ὅρους,
1770 5467 1860 5522 ϐα-

1959 4727 2096 4784 tcris
2138 4725 2514 4782 intendamus.
2559 4723 2653 4778 Ait
2699 4721 2849 4778 enim
2889 4718 3156 4776 Dominus
3197 4717 3266 4772 ad
3310 4715 3498 4771 Mosen
3548 4734 3562 4768 :

1964 4840 1982 4874 ι
2013 4818 2369 4878 Descendens
2411 4814 2708 4872 testiﬁcare
2761 4814 2997 4885 populo,
3033 4819 3090 4866 et
3139 4807 3424 4865 sanctiﬁca
3469 4821 3570 4862 eos

1958 4917 2125 4973 hodie
2159 4924 2218 4972 et
2247 4930 2388 4972 cras.
2416 4913 2485 4968 Et
2516 4912 2702 4968 lavent
2722 4908 3053 4965 vestimenta
3085 4921 3206 4970 sua,
3243 4912 3298 4959 et
3324 4901 3436 4957 sint
3466 4915 3564 4970 pa-

1958 5010 2062 5065 rati
2090 5010 2146 5064 in
2169 5008 2318 5064 diem
2345 5007 2590 5062 tertium.
2621 5003 2760 5058 Nam
2782 5002 2875 5057 die
2917 4999 3084 5055 tertio
3121 4993 3424 5052 descendet
3453 4992 3560 5046 Do-

1959 5101 2144 5156 minus
2176 5099 2232 5154 in
2257 5107 2503 5155 montem
2539 5095 2691 5159 Sina,
2723 5109 2910 5149 coram
2933 5089 3086 5146 omni
3121 5086 3348 5160 populo,
3385 5094 3442 5140 et
3473 5098 3564 5140 se-

1959 5192 2215 5264 gregabis
2242 5190 2508 5261 p0pulum
2534 5189 2590 5243 in
2613 5185 2873 5249 circuitu,
2898 5183 3092 5238 dicens
3119 5199 3132 5234 :
3158 5179 3362 5236 Cavete
3381 5175 3563 5241 vobis,

1959 5300 2028 5340 ne
2075 5283 2389 5339 ascendatis
2435 5283 2493 5336 in
2537 5288 2815 5346 montem,
2850 5287 2906 5333 et
2941 5273 3178 5348 tangatis
3215 5270 3350 5343 quid
3391 5268 3570 5328 illius.

1962 5372 2157 5429 Omnis
2185 5373 2279 5442 qui
2307 5372 2553 5443 tetigerit
2582 5379 2851 5434 montem,
2896 5375 3073 5420 morte
3107 5362 3400 5418 morietur.
3442 5357 3568 5415 Non

1964 5473 2151 5538 tanget
2175 5462 2330 5520 illum
2356 5479 2576 5529 manus,
2606 5460 2889 5533 lapidibus
2912 5459 3064 5515 enim
3090 5455 3452 5529 lapidabitur,
3478 5454 3571 5508 vel

236 5563 397 5634 νάτῳ
443 5562 785 5634 τελευτήσει.
835 5562 949 5633 Οὐχ
984 5561 1183 5632 ἁψιται
1223 5559 1394 5616 αὑτοῦ
1447 5562 1602 5634 χείρ·
1651 5562 1708 5614 ὲν
1746 5561 1854 5632 γὰρ

1962 5559 2141 5632 iaculo
2164 5555 2550 5622 confodietur;
2585 5555 2702 5611 sive
2735 5555 2924 5618 homo,
2955 5551 3071 5609 sive
3097 5551 3411 5622 iumentum
3441 5543 3563 5600 lue-

238 5653 421 5719 λίθοις
451 5653 940 5726 λιθοῦοληθήσεται
960 5695 976 5720 ,
1004 5651 1040 5724 ἢ
1078 5651 1247 5724 βολίδι
1281 5651 1814 5726 κατατοξευθήσεται
1837 5691 1852 5718 ,

316 5771 364 5802 ⁸⁸
399 5767 563 5825 Joan.
601 5786 709 5834 xiv,
735 5769 786 5824 6.

243 5859 385 5909 ml,
429 5843 522 5896 2|.

883 5771 924 5800 ’“
957 5769 1112 5826 Joan.
1149 5787 1201 5836 ι,
1228 5767 1294 5837 9;
1322 5785 1428 5838 XI",
1463 5769 1514 5825 6.
1592 5772 1634 5801 '"
1658 5770 1815 5829 Joan.
1853 5785 1962 5836 IIY,
1990 5768 2040 5822 7.

1961 5653 2054 5717 rit,
2092 5665 2207 5707 non
2231 5651 2399 5705 vivet.
2429 5647 2661 5717 Quando
2689 5657 2871 5704 autem
2897 5661 3062 5703 voces
3099 5651 3156 5698 et
3202 5639 3348 5698 tubae
3378 5648 3560 5690 reces~

2118 5768 2167 5802 ⁸⁸
2195 5765 2368 5826 Exod.
2393 5779 2577 5828 xxuu,
2613 5763 2693 5818 1:2.
2769 5759 2818 5796 "
2849 5759 3050 5830 Ephes.
3095 5772 3150 5819 ιι,
3186 5755 3266 5809 ιι.
3344 5745 3557 5800 "June.
