4060 6448
492 337 604 399 508

1518 346 2050 406 GLAPHYRORUM
2092 348 2159 405 IN
2194 348 2485 409 EXODUM
2525 351 2657 408 LIB.
2696 350 2785 407 III.

3715 354 3820 410 506

497 447 592 509 οὖν
614 449 711 507 καὶ
737 450 815 517 ὡς
833 452 1097 528 ὲνήμέρίι
1122 454 1281 531 τρίτῃ
1307 456 1733 531 καταόέδηκενό
1758 461 2105 533 Μονογενής.

2219 463 2356 530 luce,
2386 472 2442 521 et
2468 466 2626 536 quasi
2659 465 2825 520 tertio
2853 464 2943 520 die
2965 463 3603 537 descenditUnigenitus
3650 469 3823 525 Porro

511 545 825 619 ’Δστραπαὶ
860 544 927 600 ’δὲ
974 539 1120 618 ἦσαν
1178 549 1266 602 ἐπ’
1314 548 1477 622 ὅρους
1528 551 1660 606 Σινά
1685 594 1702 619 ,
1758 553 1854 607 καὶ
1906 552 2108 624 νεφέλη

501 636 808 711 γνοφώδης.
883 639 1001 695 Kal.
1065 642 1327 715 ἀστραπὴ
1411 644 1557 717 μὲν,
1630 648 1712 708 είς
1777 646 1948 703 τύπον
2011 647 2108 701 τοῦ

496 729 649 786 θείου
685 730 890 801 φωτὸς.
945 732 1045 786 καὶ
1122 735 1227 806 τῆς
1296 736 1502 808 νοητῆς
1571 737 1750 811 αὐγῆς
1785 779 1801 804 ,
1863 738 2109 811 δηλονότι

495 821 592 877 τοῦ
635 824 697 878 ὲν
750 822 1063 896 πνεύματι,
1096 826 1189 897 διὰ
1236 828 1476 901 Χριστοῦ
1534 830 2003 904 καταλαμπούσης
2040 831 2110 885 τά

509 914 840 988 σύμπαντα,
879 917 976 972 καὶ
1031 918 1360 992 διαθεοῦσης
1396 921 1496 995 τὴν
1527 923 1621 979 ὑπ’
1649 924 1904 997 οὐρανόν.
1952 922 2111 978 Οῦτω

504 1008 611 1079 γάρ
640 1026 745 1063 που
791 1010 888 1065 καὶ
924 1012 954 1064 6
984 1013 1275 1084 προφήτης
1315 1012 1588 1084 ἀνεφὼνει
1633 1013 1810 1084 λέγων
1848 1015 1985 1084 πρὸς
2015 1014 2111 1069 τὸν

504 1099 610 1155 τῶν
651 1099 791 1154 ὅλων
820 1099 955 1156 Θεὸν
997 1101 1093 1155 καὶ
1137 1101 1371 1176 Σωτῆρα
1410 1103 1671 1176 Χριστόνο
1735 1123 1755 1156 ι
1797 1104 2039 1174 Ἔφανεν
2072 1104 2106 1171 ἠ

503 1189 760 1262 ἀστραπή
791 1206 886 1244 σου
919 1192 987 1263 τῇ
1011 1191 1327 1266 οἰκουμένῃ.
1366 1211 1385 1244 ι
1425 1194 1538 1247 Kal.
1576 1193 1637 1248 οὐ
1672 1194 1737 1266 δή
1768 1192 1872 1248 πού
1905 1210 2110 1264 φαμεν,

502 1284 583 1336 ὅτι
623 1282 728 1354 τῆς
774 1281 836 1349 ἐξ
888 1282 1047 1338 ὑετοῦ
1097 1285 1478 1357 γεγενημένης
1528 1285 1825 1358 ἀστραπῆς
1871 1286 2113 1341 ἐποιεῖτο

504 1374 752 1447 μνήμην·
784 1374 921 1441 ἀλλ’,
959 1375 1037 1440 ὡς
1071 1375 1210 1449 ἔφην
1236 1378 1467 1449 ἀρτίως,
1502 1377 1604 1450 τὴν
1631 1377 1728 1432 τοῦ
1759 1376 1952 1450 νοητοῦ
1998 1394 2113 1449 φω-

500 1466 596 1531 τὸς
641 1466 959 1539 ἀνάλαμψιν
992 1467 1071 1541 τῷ
1116 1468 1219 1541 τῆς
1262 1471 1557 1544 ἀστραπῆς
1598 1471 1826 1543 ὀνόματι
1866 1488 2113 1544 καταση-

509 1559 725 1628 μαίνειν
748 1561 960 1634 ἢθελεν.
995 1563 1119 1618 Ὀτι
1153 1563 1211 1619 δὲ
1242 1564 1618 1621 δυσκάτοπτον
1644 1563 1863 1634 ἀληθῶς
1892 1564 1953 1620 τὸ
1979 1565 2113 1637 Χρι-
2146 1568 2151 1571 “

508 1655 637 1710 στοῦ
663 1658 981 1729 μυστήριον,
1011 1658 1387 1733 ὑπεμφήνειεν
1411 1659 1480 1715 ἂν
1514 1661 1543 1714 6
1577 1659 1798 1732 γνόφος.
1843 1660 1956 1715 Kal.
1980 1658 2113 1730 γοῦν

507 1747 604 1800 καὶ
627 1748 791 1813 αὐτὸς
810 1750 840 1804 6
864 1750 1138 1822 μακάριος
1159 1752 1348 1819 Δαὸὶδ,
1377 1744 1481 1808 ὧδέ
1498 1771 1575 1825 πη
1604 1752 1829 1818 συνιεὶς.
1858 1752 2112 1826 καθάπερ

2213 555 2432 629 fulgura
2464 567 2625 614 erant
2654 559 2710 614 in
2744 568 2933 614 monte
2968 557 3142 624 Sinai,
3187 567 3244 614 et
3279 558 3460 615 nubes
3499 559 3819 633 caliginosa.

2212 648 2455 722 Fulgura
2504 660 2635 707 sunt
2688 659 2853 725 typus
2901 650 3106 707 divinae
3156 651 3299 706 lueis
3349 659 3408 708 et
3456 652 3825 724 intelligibilis

2211 741 2527 811 splendoris
2553 761 2567 798 :
2592 759 2794 815 nempe
2823 744 2946 816 ejus
2965 758 3087 814 quae
3112 742 3166 797 in
3184 742 3397 813 Spiritu
3418 759 3519 815 per
3537 743 3822 802 Christum

2214 832 2459 889 illustrat
2506 835 2788 901 universa,
2843 843 3134 907 totumque
3183 835 3377 890 orbem
3431 836 3704 906 pervadit.
3742 836 3825 893 Ita

2211 924 2362 979 enim
2393 923 2553 996 321
2596 924 2802 980 alicubi
2834 926 3105 997 propheta
3138 925 3311 980 David
3343 926 3544 981 clamat
3589 927 3660 982 ad
3700 927 3826 983 Sal-

2215 1026 2463 1072 vatorem
2485 1016 2737 1072 omnium
2760 1016 2950 1072 Iesum
2980 1015 3287 1083 Christum,
3332 1037 3349 1068 ι
3379 1016 3685 1073 llluxerunt
3712 1016 3825 1075 ful-

2211 1125 2352 1181 gura
2384 1110 2507 1181 ejus
2535 1108 2660 1164 orbi
2701 1117 2866 1165 terra;
2888 1110 2929 1163 '.
2969 1127 2987 1159 ι
3022 1108 3214 1179 Neque
3236 1124 3369 1165 vero
3403 1109 3644 1165 dicimus
3673 1110 3821 1181 quod

2213 1199 2308 1255 hic
2332 1199 2498 1256 faciat
2535 1199 2876 1256 mentionem
2909 1199 3181 1272 fulgetra,
3214 1216 3336 1271 qua:
3363 1217 3432 1257 ex
3468 1202 3655 1272 pluvia
3684 1203 3825 1258 facta

2213 1294 2339 1359 fuit,
2369 1293 2488 1361 sed,
2531 1302 2592 1351 ut
2614 1294 2781 1350 modo
2804 1294 2941 1361 dixi,
2981 1311 3082 1367 per
3121 1310 3325 1350 nomen
3370 1294 3621 1368 fulgetra:
3649 1295 3830 1352 voluit

2213 1387 2529 1460 signiﬁcare
2552 1387 2932 1460 etl‘ulgentiam
2969 1397 3028 1445 et
3076 1388 3521 1445 coruscationem
3560 1389 3704 1446 lucis
3738 1390 3825 1445 in-

2212 1479 2525 1550 telligibilis
2544 1475 2712 1551 atque
2745 1478 2973 1535 divinae.
3000 1477 3275 1535 Caeterum
3306 1478 3456 1549 quod
3488 1494 3680 1535 revera
3716 1479 3825 1535 dif—

2216 1573 2436 1629 ﬁculter
2489 1573 2738 1645 conspici
2766 1579 2936 1644 queat
2960 1572 3169 1629 Christi
3200 1572 3549 1647 mysterium,
3571 1573 3827 1630 subindi-

2213 1666 2424 1723 caverit
2455 1666 2557 1723 tibi
2604 1668 2723 1723 haec
2760 1667 2960 1739 caligo.
3002 1666 3168 1723 Certe
3198 1675 3256 1722 et
3288 1667 3488 1722 beatus
3529 1665 3703 1723 David
3750 1666 3828 1722 ita

2215 1759 2497 1832 intelligit,
2527 1759 2694 1816 sicuti
2742 1760 3004 1832 equidem
3054 1760 3324 1825 arbitror,
3377 1760 3511 1816 dum
3564 1760 3640 1815 ita
3692 1759 3827 1815 alibi

504 1835 744 1913 ἐγῷμαι,
778 1844 1264 1917 προανακεκράγει
1297 1844 1493 1917 λέγων’
1532 1865 1551 1898 ι
1586 1847 1699 1901 Kal.
1722 1845 1878 1901 ἔθετο
1920 1846 2111 1912 σκότος

2219 1852 2533 1909 exclamat:
2576 1872 2594 1904 ι
2630 1852 2701 1908 Ει
2730 1853 2916 1924 posuit
2939 1853 3196 1909 tenebras
3216 1852 3513 1907 latibulum
3544 1866 3730 1917 suum,
3770 1850 3830 1905 in

505 1935 833 2009 ἁποκρυφὴν
859 1937 1049 2003 αὐτοῦ,
1080 1936 1269 2010 κύκλῳ
1293 1938 1462 1994 αὐτοῦ
1490 1941 1524 2012 ή
1554 1939 1731 2012 σκηνὴ
1756 1939 1946 1995 αὐτοῦ·
1991 1957 2117 1996 σκο-

504 2025 870 2099 τεινδνλῦδωρ
897 2028 957 2082 ἐν
990 2027 1245 2096 νεφέλαις
1283 2029 1483 2101 ἀέρων.
1532 2027 1665 2083 Ἀπὸ
1705 2031 1805 2102 τῆς
1835 2028 2116 2099 τηλαυγῆ-

508 2137 648 2185 σεως
675 2119 1105 2176 ὲνώπιονάὑτοῦ
1131 2123 1188 2177 αι
1235 2121 1460 2193 νεφέλαι
1496 2121 1737 2194 διῆλθον.
1785 2143 1804 2177 ι
1852 2124 2118 2196 Κεκρυμ-

512 2211 674 2282 μένον
702 2212 814 2283 γάρ
842 2212 1016 2278 οὕτως
1043 2213 1167 2268 ἐστὶ
1184 2213 1246 2267 τὸ
1274 2212 1515 2286 Χριστοῦ
1545 2213 1867 2285 μυστήριον,
1902 2216 1976 2279 ὡς
2005 2212 2117 2266 δεῖ-

508 2302 637 2357 σθαι
666 2306 1062 2377 μυσταγωγίας
1089 2306 1190 2377 τῆς
1211 2304 1444 2371 ἀνωθεν,
1471 2305 1571 2360 καὶ
1594 2305 1995 2377 ἀποκαλύψεως
2017 2308 2118 2379 τῆς

511 2395 663 2469 παρά
685 2396 846 2452 Θεοῦ.
885 2399 1094 2453 Ἥκουε
1135 2398 1269 2468 γοῦν
1298 2400 1327 2454 6
1363 2398 1572 2471 Πέτρος
1601 2394 1662 2454 εὖ
1700 2399 1869 2471 μάλα,
1913 2398 2119 2463 συνιεὶς

505 2487 600 2541 τὸν
630 2489 687 2543 ἐν
710 2488 880 2561 σαρκὶ
899 2491 1182 2562 πεφηνότα
1205 2491 1341 2546 Θεὸν
1375 2491 1572 2562 Λόγον,
1599 2490 1696 2545 καὶ
1721 2490 1939 2564 ἀληθῶς
1961 2490 2112 2572 Υἱόνς

512 2602 531 2633 ι
565 2583 853 2656 Μακάριος
881 2579 954 2650 εἴ,
984 2586 1170 2658 Σίμων
1203 2586 1310 2658 βαρ
1350 2586 1526 2652 Ἰωνᾶ,
1562 2587 1646 2641 ὅτι
1682 2585 1821 2659 σὰρξ
1851 2584 1951 2641 καὶ
1978 2580 2119 2656 αἷμα

508 2679 607 2732 οὐκ
635 2678 961 2751 ἀπεκάλυψέ
994 2696 1110 2746 σοι,
1151 2681 1269 2736 ἀλλ’
1301 2683 1329 2736 6
1376 2682 1570 2754 Πατήρ
1610 2699 1712 2753 μου
1738 2682 1769 2735 6
1802 2683 1860 2736 ὲν
1881 2682 1993 2746 τοῖς
2022 2680 2120 2734 οὑ-

510 2774 714 2843 ρινοῖς.
742 2793 763 2827 ι
808 2774 1173 2847 Ἐγνωρίσθαι
1213 2777 1272 2833 δὲ
1314 2777 1413 2831 καὶ
1435 2778 1464 2832 6
1493 2776 1709 2841 Παῦλος
1746 2773 2119 2830 διεϐεϐαιοῦτο

506 2867 686 2939 ἐαυτῷ
715 2867 777 2923 τδ
807 2869 1115 2941 μυστήριον
1144 2870 1290 2924 κατά
1315 2869 1664 2941 ἀποκάλυψιν
1689 2869 1850 2924 Θεοῦ.
1881 2867 2115 2933 Οὐκοῦν,

504 2958 569 3011 τὸ
599 2960 922 3032 ἀσυμφανὲς
951 2961 1054 3033 τῆς
1079 2961 1338 3033 γνώσεως
1361 2964 1391 3017 6
1429 2962 1629 3033 γνόφος
1666 2961 1840 3034 δηλοῖ.
1888 2960 2115 3016 Ἀνακέ-

508 3069 685 3124 κραγε
711 3052 771 3106 δὲ
794 3053 892 3109 καὶΙ
920 3056 952 3124 ἡ
980 3054 1240 3127 σάλπιγξ,
1268 3055 1380 3111 τῶν
1403 3053 1784 3125 εῦαγγελικῶν
1804 3054 2116 3125 θεσπισμά·

505 3163 616 3200 των
640 3145 703 3200 τὸ
725 3144 923 3219 εῦηχες
946 3148 1350 3219 ἀποφαίνουσα.
1392 3149 1508 3204 Καὶ
1538 3146 1672 3219 γοῦν
1714 3147 1819 3219 ἔφη
1853 3164 1955 3202 που
1982 3144 2117 3211 Θεὸς

505 3239 597 3293 διὰ
642 3215 989 3313 φωνῆς’-τῶν
1043 3215 1337 3314 προφητῶν
1382 3244 1498 3307 τοῖς
1551 3215 1838 3296 Ἰουδαίων
1884 3241 2112 3313 δήμοις·
2143 3215 2190 3277 C

512 3352 533 3385 ι
575 3332 910 3407 Καθέστηκα
935 3334 1019 3405 ἐφ’
1057 3336 1204 3407 ὑμᾶς
1234 3333 1496 3401 σκοπούς.
1552 3334 1853 3391 ’Δκούσατε
1878 3335 1979 3406 τῆς
2005 3351 2120 3404 φω-

506 3424 606 3495 νῆς
648 3424 975 3495 σάλπιγγος.
1022 3427 1136 3481 Καὶ
1189 3422 1375 3482 einen"
1431 3427 1549 3482 Οὐκ
1600 3426 1972 3499 ἀκουσόμεθα.
2019 3424 2119 3480 Διά

506 3516 671 3571 τοῦτο
699 3517 942 3591 ἥκουσαν
975 3519 1044 3573 τά
1067 3519 1197 3591 ἔθνη
1218 3560 1233 3585 ,
1269 3519 1364 3574 καὶ
1403 3522 1452 3575 οἱ
1482 3519 1866 3590 ποιμαίνοντες
1904 3519 1975 3574 τὰ
1998 3519 2120 3573 ποί-

512 3626 644 3680 μνια
664 3610 722 3663 ὲν
746 3610 955 3676 αὐτοῖς.
985 3610 1209 3677 Ἄκουε,
1237 3611 1332 3683 γῆ·
1381 3610 1514 3665 Ἰδοὺ
1543 3611 1736 3681 ἐπάγω
1762 3610 1858 3664 ἐπὶ
1882 3608 1967 3664 τὸν
1991 3608 2121 3664 λαὸν

506 3701 700 3757 τοῦτον
720 3703 891 3770 κακά,
921 3703 1014 3757 τὸν
1052 3703 1267 3776 καρπὸν
1293 3704 1655 3776 ἀποστροφῆς
1690 3703 1895 3769 αὐτῶν,
1932 3701 2120 3774 ὅτιτῷ

508 3793 655 3866 λόγῳ
703 3813 805 3867 μου
849 3794 910 3849 οὐ
955 3796 1277 3868 προσέσχον,
1326 3797 1424 3851 καὶ
1462 3797 1558 3853 τὸν
1604 3797 1771 3869 νόμον
1817 3814 1921 3869 μου
1964 3796 2121 3851 ἁπώι

509 3905 693 3943 σαντο.
740 3908 759 3940 ι
796 3887 1100 3960 Πεφώνηκε
1136 3890 1235 3961 μὲν
1273 3890 1387 3963 γὰρ
1413 3893 1544 3962 παρ’
1587 3891 1772 3956 αὐτοῖς
1808 3892 1843 3962 ἡ
1882 3890 2122 3960 σάλπιγξ

507 3982 599 4036 διὰ
635 3981 749 4037 τῶν
792 3985 946 4057 παρὰ
997 3983 1136 4037 Θεοῦ
1186 3983 1430 4049 σκοπῶν,
1472 3984 1756 4049 τουτέστι,
1798 3984 1909 4039 τῶν
1947 3983 2121 4054 ἁγίων

507 4072 850 4128 ἀποστόλων.
908 4072 1400 4145 Κεχειροτόνηνται
1439 4074 1554 4146 γάρ
1592 4076 1679 4144 ἐφ’
1717 4075 1866 4146 ἡμᾶς
1903 4075 2118 4129 σκοποί.

517 4183 535 4218 ι
582 4165 724 4220 Ἀλλ’
758 4162 932 4220 εἶπον·
979 4167 1094 4221 Οὐκ
1133 4165 1506 4239 ἀκουσόμεθα.
1542 4167 1642 4220 Διὰ
1679 4167 1840 4221 τοῦτο
1877 4167 2121 4238 ἥκουσαν

509 4262 580 4316 τὲ
616 4260 769 4334 ἔθνη.
805 4281 825 4315 ι
867 4261 982 4316 Kal.
1026 4260 1227 4325 αὐτοὺς
1270 4260 1328 4314 δὲ
1379 4262 1510 4325 τοὺς
1557 4260 1749 4330 ἁγίους
1805 4262 2120 4333 εὑρήσομεν

512 4353 765 4427 μαθητάς
786 4394 802 4419 ,
856 4357 985 4420 τοὺς
1005 4355 1314 4426 ἀναφανδὸν
1348 4354 1643 4428 εἰρηκότας
1681 4356 1795 4417 τοῖς
1849 4353 2121 4408 Ἰουδαίων

509 4449 660 4514 λαοῖς
681 4465 696 4479 θ
735 4467 756 4502 ι
821 4448 984 4521 Ὑμῖν
1032 4451 1335 4518 ἀναγκαῖον
1375 4448 1595 4522 πρῶτον
1635 4446 1870 4518 λαλῆσαι
1909 4447 2002 4501 τὸν
2036 4447 2124 4501 λό-

509 4558 607 4610 γον
643 4540 740 4596 τοῦ
777 4541 938 4598 Θεοῦ.
990 4541 1214 4614 Ἐπειδὴ
1238 4543 1296 4596 δὲ
1325 4540 1639 4596 ἀπωθεῖσθε
1671 4540 1854 4605 αὐτὸν,
1888 4540 1986 4595 καὶ
2014 4541 2115 4594 οὐκ
2149 4575 2191 4630 D

508 4634 695 4709 ἀξίους
726 4635 874 4708 ὑμᾶς
902 4635 1104 4700 αὐτοὺς
1144 4636 1365 4708 κρίνετε
1400 4635 1500 4706 τῆς
1534 4635 1755 4690 αἰωνίου
1792 4633 1962 4705 ζωῆς,
1987 4634 2114 4700 ,ἰδοὺ

511 4728 863 4801 στρεφόμεθα
912 4731 995 4794 εἰς
1062 4728 1132 4783 τὰ
1197 4728 1349 4801 ἔθνη.
1427 4729 1585 4784 Οὕτω
1641 4728 1750 4800 γάρ
1828 4727 2120 4784 έντέταλκε

510 4824 647 4894 ἡμῖν
717 4824 747 4877 6
806 4816 1034 4896 Κύριος.
1103 4842 1122 4875 ι
1189 4821 1462 4893 Σάλπιγγι
1513 4821 1571 4875 δὲ
1631 4821 1963 4894 παρεικάζει
2031 4820 2122 4874 διὰ

510 4914 620 4970 τῶν
673 4915 917 4987 Χριστοῦ
972 4915 1352 4988 κηρυγμάτων
1410 4915 1508 4988 τὴν
1574 4916 1871 4985 εὐφωνίαν,
1937 4915 2035 4970 καὶ
2094 4916 2120 4970 ό

518 5007 789 5082 μακάριος
833 5009 1064 5075 Ἡσαΐας
1107 5009 1286 5079 λέγων
1327 5009 1457 5080 περὶ
1496 5009 1590 5064 τοῦ
1625 5008 1823 5084 καιροῦ
1879 5009 1974 5079 τῆς
2011 5011 2123 5063 ὲπιο

512 5099 712 5171 δημίας
739 5116 753 5131 ο
784 5102 926 5156 «Kal.
948 5100 1128 5165 ἔσται,
1190 5105 1260 5159 ιν
1285 5104 1352 5175 τῇ
1380 5101 1569 5174 ἡμέρᾳ
1594 5103 1801 5175 ἐκείνῃ.
1826 5100 2119 5157 σαλπιοῦσι

510 5196 578 5266 τῇ
620 5196 885 5264 σάλπιγγι
912 5199 980 5268 τῇ
1027 5196 1263 5270 μεγάλῃ.
1305 5218 1323 5251 ι
1371 5196 1615 5265 Σάλπιγξ
1656 5197 1757 5266 μὲν
1797 5196 1908 5266 γὰρ
1950 5196 2046 5249 καὶ
2094 5197 2124 5249 6

510 5287 696 5358 νόμος,
737 5287 855 5341 ἀλλ’
894 5284 964 5361 ἦν
1003 5272 1356 5361 ισγνόφωνος,
1400 5291 1495 5343 καὶ
1537 5288 1977 5361 βραδὺγλωσσος.
2020 5288 2121 5342 Διά

510 5381 671 5436 τοῦτο
706 5383 803 5436 καὶ
838 5383 1049 5454 Μωσῆς
1071 5426 1088 5454 ,
1129 5385 1214 5439 ὅτι
1256 5385 1355 5439 καλ⁹
1393 5385 1545 5456 μόλις
1584 5385 1666 5448 είς
1708 5383 1880 5455 μόνην
1918 5380 2119 5452 ἐφώνει

508 5475 612 5545 τὴν
678 5474 967 5543 Ἰουδαίαν,
1020 5479 1080 5533 ὲν
1213 5478 1307 5532 καὶ
1341 5478 1534 5547 γέγονε
1588 5476 1832 5547 γνωστὸς
1879 5475 1909 5530 6
1961 5474 2116 5538 Θεός.

509 5566 759 5638 Σάλπιγξ
795 5569 852 5623 δὲ
887 5571 920 5642 ἡ
979 5571 1227 5643 μεγάλη,
1265 5571 1522 5643 Χριστὸς,
1565 5569 1685 5642 ήτοι
1722 5568 1792 5624 τὰ
1843 5568 1910 5623 δι’
1952 5564 2121 5621 αὐτοῦ

618 5778 638 5809 ’
663 5777 806 5834 Psal.
832 5795 975 5841 χει-ι,
1004 5780 1054 5835 4.

1168 5780 1188 5811 ³
1218 5779 1362 5836 Psal.
1399 5796 1539 5844 xvn,
1575 5776 1678 5844 Ii,
1710 5777 1797 5830 15.
1880 5776 1899 5807 ⁸
1932 5775 2123 5831 Matth.
2156 5790 2278 5839 xw,
2329 5774 2411 5830 l7.

2223 1943 2464 2001 circuitu
2499 1946 2622 2016 ejus
2645 1945 3070 2001 tabernaculum
3093 1946 3213 2018 ejus
3242 1962 3259 1999 :
3285 1944 3577 2001 tenebrosa
3602 1959 3745 2015 aqua
3772 1944 3832 2000 in

2221 2035 2467 2093 nubibus
2499 2036 2668 2092 aeris.
2712 2036 2759 2091 A
2790 2036 3005 2108 fulgore
3045 2052 3232 2094 coram
3291 2053 3360 2095 eo
3398 2039 3578 2096 nubes
3644 2048 3833 2097 trans—
3917 2085 3920 2087 λ

2221 2127 2413 2183 ierunt
2451 2129 2494 2183 ³.
2541 2148 2559 2181 ›
2588 2129 2725 2184 Nam
2759 2128 2968 2186 Christi
3009 2131 3335 2203 mysterium
3370 2132 3511 2188 adeo
3547 2141 3752 2193 tectum
3776 2139 3834 2190 et

2222 2215 2533 2272 involutum
2573 2225 2678 2283 est,
2710 2226 2773 2273 ut
2819 2234 2960 2289 opus
2988 2219 3060 2275 sit
3105 2236 3350 2292 superna
3377 2223 3728 2280 institutione
3768 2239 3835 2279 ac

2222 2309 2561 2366 revelatione
2587 2309 2798 2365 divina.
2839 2310 2980 2367 Hinc
3009 2311 3211 2369 Petrus
3237 2313 3472 2381 audivit,
3506 2332 3632 2371 cum
3659 2316 3834 2388 probe

2222 2411 2582 2474 cognosceret
2607 2419 2833 2460 carnem
2854 2404 3061 2462 factum
3085 2406 3260 2463 Deum
3281 2408 3526 2465 Verbum
3552 2425 3618 2466 ac
3640 2425 3836 2466 revera

2222 2496 2426 2553 Filium
2460 2516 2473 2552 :
2509 2517 2528 2550 ι
2572 2498 2779 2554 Beatus
2813 2514 2895 2564 es,
2934 2497 3125 2555 Simon
3160 2501 3418 2574 Barjona,
3451 2503 3582 2575 quia
3621 2519 3751 2559 caro
3779 2512 3838 2561 et

2222 2591 2448 2665 sanguis
2472 2580 2586 2649 non
2616 2592 2888 2650 revelavit
2922 2593 3047 2660 tibi,
3093 2595 3191 2651 sed
3230 2595 3396 2652 Pater
3431 2613 3590 2653 meus
3624 2597 3720 2669 qui
3750 2606 3838 2653 est

2223 2683 2276 2737 in
2318 2684 2473 2740 caelis
2510 2687 2553 2739 ⁵.
2605 2703 2624 2737 ι
2664 2684 2736 2740 Ει
2767 2685 2981 2742 Paulus
3001 2686 3229 2758 quidem
3263 2695 3543 2744 asseverat
3583 2689 3688 2744 sibi
3730 2688 3838 2744 hoc

2222 2777 2549 2848 mysterium
2579 2776 2891 2833 innotuisse
2912 2794 3013 2849 per
3036 2779 3433 2836 revelationem
3458 2780 3554 2837 Dei
3575 2782 3616 2835 ⁸.
3646 2781 3837 2854 Caligo

2221 2868 2409 2940 itaque
2456 2869 2731 2942 significat
2772 2870 3201 2929 obscuritatem.
3255 2872 3503 2928 Sonabat
3558 2880 3745 2931 autem
3780 2883 3839 2931 et

2222 2966 2480 3032 buccina,
2508 2983 2633 3038 quae
2668 2967 2866 3038 pandit
2898 2966 3062 3023 nobis
3083 2983 3349 3023 sonorum
3368 2968 3838 3040 .evangelicorum

2221 3059 2578 3113 oraculorum
2604 3073 2824 3113 sonum.
2856 3057 2997 3113 I-line
3019 3057 3168 3113 Deus
3192 3072 3292 3128 per
3316 3072 3508 3114 vocem
3532 3058 3839 3128 propheta-

2222 3168 2347 3209 rum
2387 3153 2458 3208 ad
2489 3152 2724 3224 populos
2752 3151 3071 3208 Iudaeorum
3106 3151 3182 3206 ita
3214 3151 3330 3207 ait:
3369 3171 3387 3202 ι
3419 3149 3697 3215 Constitui
3739 3167 3832 3208 su-

2222 3259 2322 3316 per
2349 3260 2447 3301 vos
2478 3245 2875 3316 speculatores.
2908 3242 3113 3300 Audite
3144 3261 3335 3300 vocem
3374 3245 3539 3301 tuine.
3578 3245 3648 3301 Et
3677 3245 3837 3302 dixe-

2223 3346 2354 3394 runt
2380 3357 2393 3392 :
2422 3337 2545 3395 Non
2571 3337 2884 3394 audiemus.
2913 3336 3130 3393 Idcirco
3161 3337 3503 3393 audiverunt
3533 3346 3747 3410 gentes,
3781 3348 3841 3395 et

2221 3430 2318 3502 qui
2370 3440 2608 3502 pascunt
2640 3445 2835 3504 greges
2874 3429 3020 3486 inter
3049 3429 3220 3502 ipsos.
3269 3429 3434 3497 Audi,
3471 3441 3621 3486 terra
3655 3448 3668 3484 :
3707 3447 3838 3487 ecce

2223 3523 2428 3579 induco
2452 3539 2623 3596 super
2641 3524 2907 3595 populum
2936 3522 3105 3578 istum
3138 3523 3301 3591 mala,
3327 3522 3570 3579 fructum
3596 3523 3842 3579 aversio-

2221 3619 2310 3675 nis
2336 3634 2469 3685 suae,
2499 3618 2632 3691 quia
2657 3618 2829 3675 verbo
2860 3633 2987 3674 meo
3020 3633 3132 3673 non
3168 3614 3551 3684 attenderunt,
3576 3625 3634 3673 et
3658 3617 3839 3689 legem

2222 3727 2404 3767 meam
2450 3710 2822 3783 repudiarunt
2849 3710 2891 3766 ⁸.
2933 3730 2951 3763 ι
2997 3710 3253 3767 Insonuit
3288 3709 3440 3767 enim
3480 3709 3566 3766 eis
3600 3708 3840 3767 buccina

2224 3822 2321 3877 per
2346 3805 2445 3861 Dei
2466 3804 2865 3876 speculatores,
2897 3804 3006 3859 hoc
3026 3811 3133 3868 est,
3166 3819 3266 3874 per
3289 3811 3511 3859 sanctos
3535 3803 3838 3873 apostolos.

2222 3895 2288 3950 Ili
2320 3895 2472 3951 enim
2498 3901 2630 3951 sunt
2659 3893 3043 3965 speculatores
3068 3908 3238 3963 super
3267 3906 3369 3947 nos
3395 3890 3561 3947 electi
3617 3898 3675 3946 et
3706 3906 3842 3946 con-

2222 3988 2406 4045 stituti
2432 3988 2477 4044 '.
2518 4008 2536 4039 ι
2559 3986 2630 4043 At
2656 3986 2921 4043 dixerunt
2953 4001 2967 4038 :
3001 3984 3124 4039 Non
3157 3983 3468 4039 audiemus.
3490 3981 3706 4039 Idcirco
3735 3998 3839 4038 au-

2221 4079 2486 4135 diverunt
2509 4086 2722 4150 gentes.
2772 4096 2792 4130 ι
2824 4075 2995 4147 Atqui
3026 4075 3176 4146 ipsos
3204 4090 3428 4146 quoque
3452 4081 3681 4131 sanctos
3702 4090 3840 4146 apo-

2222 4173 2395 4229 stolos
2415 4170 2767 4228 inveniemus
2785 4177 2979 4240 aperte
2996 4167 3203 4224 dixisse
3231 4167 3553 4224 Judaeorum
3583 4166 3839 4239 populis:

2231 4284 2248 4316 ι
2284 4262 2453 4318 Vobis
2487 4261 2784 4333 oportebat
2835 4260 3078 4332 primum
3110 4259 3263 4329 loqui
3294 4258 3528 4314 verbum
3565 4258 3685 4313 Dei.
3729 4257 3841 4331 Sed

2222 4353 2489 4424 quoniam
2541 4352 2817 4424 repellitis
2861 4350 3022 4416 illud,
3064 4358 3232 4421 atque
3269 4366 3370 4405 vos
3396 4348 3655 4421 indignos
3682 4349 3839 4421 judi-

2222 4446 2362 4502 catis
2385 4445 2515 4519 vitae
2536 4453 2780 4511 zeternaa,
2808 4459 2939 4499 ecce
2985 4442 3364 4498 convertimur
3401 4441 3468 4497 ad
3507 4447 3721 4513 gentes.
3758 4441 3819 4496 Ita

2222 4539 2373 4596 enim
2402 4537 2723 4594 mandatum
2751 4535 2916 4593 nobis
2945 4544 3030 4592 est
3052 4553 3084 4592 a
3116 4535 3354 4591 Domino
3382 4534 3424 4590 ³.
3464 4555 3480 4585 ι
3514 4534 3718 4590 Beatus
3740 4550 3812 4590 au

2224 4638 2333 4687 tem
2371 4630 2543 4686 Isaias
2586 4629 2803 4687 confert
2837 4628 3247 4702 praeconiorum
3280 4626 3489 4683 Christi
3521 4643 3835 4683 consonan-

2219 4723 2353 4778 tiam
2378 4722 2545 4789 tubae,
2569 4721 2668 4778 ubi
2686 4720 2755 4777 de
2779 4728 3032 4792 tempore
3057 4718 3329 4796 adventus
3350 4719 3488 4775 dicit
3513 4737 3526 4773 :
3557 4738 3576 4771 ι
3604 4718 3796 4776 Eterit
3824 4742 3831 4771 ;

2223 4818 2280 4874 in
2322 4817 2413 4874 die
2446 4816 2542 4873 illo
2575 4816 2866 4889 clangetur
2900 4814 2957 4871 in
2989 4814 3122 4870 tuba
3166 4829 3362 4887 magna
3384 4815 3426 4868 ³.
3461 4833 3480 4865 ι
3525 4813 3690 4884 322
3744 4811 3837 4868 Si-

2220 4911 2446 4983 quidem
2482 4911 2650 4966 etiam
2698 4909 2787 4965 lex
2836 4908 2968 4964 tuba
3008 4916 3117 4970 est,
3155 4905 3252 4961 sed
3291 4921 3455 4960 rauca
3485 4912 3541 4960 et
3576 4903 3707 4959 exili
3732 4918 3837 4957 vo-

2222 5020 2305 5059 ce.
2333 5002 2416 5058 0b
2444 5001 2551 5057 hoc
2577 5001 2726 5056 enim
2760 5008 2817 5055 et
2854 4998 3034 5067 Moses
3074 5005 3160 5053 est
3198 4994 3381 5051 tenuis
3412 5003 3470 5050 et
3506 4993 3677 5050 tardae
3722 4993 3827 5049 Iin-

2219 5112 2342 5168 gua:
2377 5095 2441 5161 ¹⁰,
2478 5092 2609 5164 quia
2639 5092 2730 5147 vix
2753 5092 2810 5146 in
2840 5097 2953 5145 tota
2988 5088 3177 5146 Judaea
3211 5086 3504 5153 clamabat,
3546 5087 3604 5142 in
3638 5102 3749 5157 qua
3775 5082 3835 5143 et

2198 5188 2368 5265 Deus
2390 5186 2645 5257 cognitus
2676 5184 2799 5239 fuit.
2825 5182 3083 5238 Christus
3129 5187 3314 5235 autem
3353 5187 3440 5235 est
3476 5179 3569 5235 illa
3605 5180 3835 5251 grandis

2219 5297 2285 5337 ac
2313 5295 2511 5351 magna
2542 5277 2694 5342 tuba,
2731 5286 2827 5332 aut
2857 5283 3008 5330 certe
3034 5274 3156 5347 ejus
3177 5272 3475 5344 praaconia,
3506 5289 3629 5345 qua:
3658 5283 3832 5329 totum

2224 5376 2419 5432 orbem
2446 5384 2721 5431 terrarum
2752 5379 3073 5443 personant.
3096 5369 3189 5426 Ait
3232 5368 3383 5425 enim
3416 5368 3568 5441 quod
3615 5389 3633 5420 ι
3657 5371 3837 5426 Evan-

2226 5469 2433 5542 gelium
2461 5466 2619 5539 regni
2652 5463 3047 5537 praedicabitur
3081 5462 3138 5518 in
3177 5470 3293 5518 toto
3314 5461 3471 5527 orbe,
3499 5461 3554 5516 in
3582 5462 3833 5517 testimo-

2228 5562 2381 5619 nium
2409 5560 2672 5617 omnibus
2697 5556 3039 5632 gentibus“.
3077 5577 3095 5609 ι
3134 5556 3292 5625 Quod
3326 5565 3511 5613 autem
3534 5554 3625 5610 hic
3647 5567 3833 5610 sermo

2513 5772 2731 5829 'Galat.
2788 5790 2842 5838 ι,
2902 5771 3001 5834 15,
3071 5771 3152 5826 I6.
3232 5768 3599 5832 ‘Jerem.vr,
3642 5763 3816 5823 I749.

528 5836 607 5907 Ἦ
648 5849 799 5907 Petr.
828 5869 865 5922 ι,
902 5836 987 5908 167.
1067 5850 1087 5879 ⁸
1118 5852 1244 5909 Act.
1293 5868 1408 5922 xm,
1448 5836 1675 5921 46,11,
1731 5850 1750 5881 θ
1776 5848 1880 5906 Isa.
1933 5864 2100 5917 xxvii,

2223 5890 2233 5900 .
2270 5836 2273 5839 ’
2315 5846 2358 5876 ¹⁰
2392 5844 2565 5902 Exod.
2606 5862 2677 5914 tv,
2722 5836 2836 5903 IO.‘
2888 5844 2928 5876 “
2961 5842 3152 5899 Matth.
3187 5839 3445 5909 nm“.
