4060 6454
306 358 413 416 507

1333 343 1389 411 Ξ.
1432 352 1711 411 CYRiLLl
1747 347 2219 407 ALEXANDRINI
2257 338 2575 406 ARCIilEP.

3504 350 3615 411 508

310 484 480 527 verus
529 466 622 535 sit,
668 465 1012 540 ipse‘rerum
1054 468 1237 523 exitus
1269 466 1671 538 comprobavit.
1717 464 1904 521 Nullus

2016 462 2373 534 κηρύγματα,
2399 461 2768 534 περιηχοῦντα
2792 468 2890 534 την
2918 463 3007 516 ὑπ’
3034 461 3286 540 οὐρανόν.
3313 463 3460 536 Ἔφη
3480 464 3610 540 γάρ,

310 578 465 620 cutm
490 570 742 617 nostrum
765 568 851 615 est
886 561 981 630 qui
1017 575 1126 615 non
1154 559 1455 615 Salvatoris
1476 559 1650 613 nostri
1685 559 1916 630 gloriam

307 654 686 726 conspexerit.
722 672 742 705 ι
780 654 850 708 Et
877 652 1090 719 eduxit,
1133 653 1231 717 ait,
1273 652 1453 708 Moses
1498 653 1762 723 populum
1802 652 1917 707 Deo

230 788 237 825 ἲ
307 748 536 804 obviam
558 764 628 804 ex
656 747 876 812 castris,
902 754 959 801 et
981 744 1270 801 constituit
1294 759 1423 800 eum
1462 745 1567 800 sub
1603 754 1791 800 monte
1825 744 1915 800 Si-

222 830 255 897 ἷι
314 841 412 896 nai
435 843 501 896 ’³.
534 860 553 893 ι
583 839 719 895 Vide
744 837 909 894 Musis
929 837 1302 909 paedagogiam
1332 856 1344 891 :
1375 838 1602 894 adducit
1623 836 1692 893 ad
1719 838 1913 893 Deum.

223 917 227 935 ί
310 934 451 989 Nam
495 931 822 1004 paedagogus
861 931 930 985 ad
974 928 1259 987 Christum
1306 938 1391 986 est
1417 931 1496 984 “z
1529 940 1587 987 et
1626 930 1917 986 constituit

313 1026 537 1097 quidem
571 1039 667 1081 eos
699 1023 796 1094 qui
827 1023 933 1078 sub
964 1023 1085 1094 ipso
1128 1022 1334 1078 eruditi
1382 1031 1511 1078 sunt
1559 1023 1663 1078 sub
1706 1031 1912 1089 monte,

311 1135 426 1175 non
456 1125 641 1175 autem
678 1118 735 1172 in
776 1124 1024 1173 montem
1054 1116 1235 1187 ipsum
1263 1115 1433 1170 ducit.
1466 1115 1639 1171 Porro
1667 1127 1915 1173 montem

312 1212 464 1267 hunc
487 1210 765 1283 intelliges
792 1209 1047 1264 eximiam
1076 1207 1224 1262 illam
1252 1222 1316 1262 ac
1344 1206 1639 1262 sublimem
1667 1204 1913 1279 mysterii

309 1302 521 1359 Christi
561 1302 957 1373 cognitionem.
1005 1299 1236 1355 Excelsa
1280 1297 1428 1354 enim
1476 1298 1773 1354 admodum
1804 1309 1910 1367 est,

313 1409 495 1464 neque
541 1393 611 1447 ab
651 1392 721 1448 iis
756 1392 852 1463 qui
888 1391 991 1446 sub
1030 1389 1150 1462 lege
1188 1398 1338 1454 sunt,
1377 1389 1518 1444 adiri
1558 1398 1759 1460 potest,
1815 1392 1911 1447 sed

313 1484 655 1540 conveniens
685 1491 772 1539 est
798 1482 962 1538 nobis
992 1481 1088 1552 qui
1116 1479 1441 1537 sanctificati
1480 1496 1674 1537 sumus
1702 1483 1757 1537 in
1794 1478 1910 1553 spi-Q

312 1574 447 1630 ritu.
473 1575 552 1630 Ita
575 1574 723 1631 enim
749 1572 1000 1629 Salvator
1020 1572 1139 1642 ipse
1161 1572 1299 1626 dixit
1323 1589 1338 1623 :
1373 1590 1392 1623 ‹
1423 1569 1594 1627 Vobis
1614 1572 1802 1627 datum
1826 1582 1910 1628 est

308 1682 477 1722 nosse
510 1665 770 1738 mysteria
796 1665 952 1735 regni
985 1663 1254 1719 caelorum
1283 1681 1297 1716 :
1325 1662 1446 1718 istis
1476 1671 1663 1718 autem
1688 1679 1800 1719 non
1825 1671 1910 1719 est

2023 572 2043 607 ι
2085 555 2208 610 Ὀτι
2236 554 2648 627 κηρυχθήσεται
2678 552 2840 608 τοῦτο
2861 554 2921 609 τὸ
2963 538 3293 627 Εὑαγγέλιον
3321 555 3378 609 ὲν
3415 556 3512 629 ὅλῃ

2013 645 2310 717 οἰκουμένῃ
2330 686 2345 708 ,
2383 647 2466 708 είς
2490 644 2805 717 μαρτυρίαν
2832 646 2980 719 πᾶσι
3010 648 3125 710 τοῖς
3157 645 3387 701 ἔθνεσιν.
3428 666 3447 701 ι
3490 648 3618 703 Ὅτι

2010 738 2074 792 δὲ
2102 738 2343 809 ἀτρεκὴς
2365 739 2395 791 6
2427 736 2606 807 λόγος,
2642 737 3037 810 μεμαρτύρηκε
3059 739 3192 792 αὐτὸ
3214 739 3323 793 τῶν
3350 742 3612 812 πραγμά-

2010 846 2126 883 ⁴των
2150 829 2210 883 τὸ
2252 829 2447 903 πέρας.
2492 830 2755 901 Ἀνήκοος
2791 828 2904 901 γὰρ
2935 830 3114 894 οὐδεὶς
3146 829 3249 901 τῆς
3284 832 3380 885 τοῦ
3423 830 3608 904 Σωτῆ-

2020 939 2109 995 ρος
2146 923 2306 996 ἡμῶν
2329 924 2721 996 ἁπομεμένηκε
2747 922 2923 994 δόξης.
2954 942 2974 976 ι
3002 922 3115 977 Καὶ
3137 922 3394 995 ἐξήγαγε,
3422 924 3605 996 φησὶν,

2012 1016 2045 1068 6
2082 1016 2290 1090 Μωσῆς
2329 1018 2408 1081 είς
2452 1017 2783 1090 συνάντησιν
2820 1016 2914 1071 τὸν
2943 1015 3074 1071 λαὸν
3113 1017 3208 1072 τοῦ
3246 1016 3385 1071 Θεοῦ
3418 1019 3482 1073 ὲκ
3513 1020 3608 1091 τῆς

2015 1108 2407 1181 παρεμϐολῆς,
2445 1110 2541 1164 καὶ
2578 1100 2923 1182 παρέστηκεν
2968 1108 3061 1164 ἐπὶ
3096 1111 3158 1163 τὸ
3207 1110 3331 1181 ὄρος
3384 1113 3534 1169 Σινά.
3587 1134 3605 1168 ι

2018 1207 2163 1271 Ὀρα
2183 1204 2283 1275 τὴν
2304 1204 2551 1269 Μωσέως
2571 1203 2971 1273 παιδαγωγίαψ
2996 1203 3265 1277 ἀποφέρει
3291 1206 3427 1277 πρὸς
3452 1207 3606 1263 Θεόν.

2015 1297 2364 1366 Παιδαγωγεῖ
2380 1295 2490 1367 γὰρ
2513 1296 2606 1349 ἐπὶ
2629 1295 2883 1368 Χριστὸν,
2908 1296 3004 1350 καὶ
3033 1296 3332 1368 παρίστησι
3366 1298 3464 1367 μὲν
3484 1300 3611 1362 τοὺς

2016 1393 2108 1448 ὑπ’
2141 1389 2288 1459 αὐτῷ
2315 1388 2453 1452 τέως
2501 1384 3051 1458 παιδαγωγουμένους
3083 1386 3177 1440 ἐπὶ
3223 1386 3283 1440 τὸ
3316 1387 3469 1459 ὅρος.
3508 1389 3607 1442 οὐκ

2008 1481 2332 1546 ἀναϐιϐάζει
2356 1495 2420 1548 γε
2459 1476 2558 1548 μὲν
2590 1479 2648 1531 ὲν
2678 1476 2846 1548 αὐτῷ.
2886 1478 3051 1548 Ὄρος
3077 1477 3133 1531 δὲ
3163 1477 3377 1550 νοήσεις
3404 1480 3458 1532 ὲν
3487 1478 3608 1532 τεύ-

2010 1588 2158 1639 τοις,
2202 1573 2301 1644 τὴν
2328 1571 2585 1643 ὑπερφυᾶ
2613 1586 2672 1623 τε
2718 1569 2811 1624 καὶ
2841 1567 3245 1640 ὑπεραίρουσαν
3284 1568 3484 1638 γνῶσιν
3512 1568 3606 1622 τοῦ

2015 1663 2314 1739 μυστηρίου
2343 1662 2436 1716 τοῦ
2468 1661 2608 1716 κατὰ
2640 1661 2895 1733 Χριστόν.
2948 1659 3161 1732 ’Υψηλὴ
3192 1659 3302 1730 γὰρ
3334 1661 3477 1726 λίαν,
3512 1660 3609 1713 καὶ

312 1758 503 1813 datum
532 1757 609 1824 u;
651 1775 670 1808 ι
709 1754 934 1820 Iudaeis,
973 1756 1195 1824 inquam
1226 1772 1239 1807 :
1277 1755 1410 1810 item
1444 1755 1538 1810 ubi
1576 1756 1752 1811 instar
1779 1771 1904 1826 pre¢

2011 1760 2214 1831 ἥκιστα
2252 1756 2348 1827 μὲν
2380 1758 2494 1818 τοῖς
2517 1756 2576 1807 έν
2621 1753 2773 1824 νόμῳ
2809 1752 2968 1824 βατὴ·
2998 1753 3283 1825 πρέπουσα
3311 1752 3369 1805 δὲ
3404 1752 3608 1822 μᾶλλον

310 1849 547 1904 eationis
576 1849 749 1904 verba
776 1847 910 1904 facit
942 1848 1011 1903 ad
1036 1848 1206 1902 Deum
1240 1863 1307 1903 ac
1335 1848 1551 1903 Patrem
1577 1864 1679 1919 pro
1698 1849 1862 1904 nobis
1892 1868 1904 1904 :

2010 1830 2144 1918 ἡμῖν
2172 1846 2283 1909 τοῖς
2314 1845 2672 1915 ἡγιασμένοις
2712 1844 2772 1897 ὲν
2815 1842 3111 1914 πνεύματι.
3170 1842 3261 1907 Ὣς
3293 1844 3403 1913 γὰρ
3445 1844 3608 1907 αὐτὸς

319 1960 338 1992 ι
368 1940 650 1996 Conﬁteor
691 1940 813 2005 tibi,
843 1940 941 2006 ait,
970 1940 1152 2006 Pater,
1193 1940 1425 1997 Domine
1469 1941 1595 1997 caeli
1617 1957 1682 1998 ac
1722 1951 1903 2010 terrae,

308 2037 440 2107 quia
472 2034 811 2091 abscondisti
856 2035 973 2090 htec
999 2049 1028 2089 a
1057 2034 1401 2105 sapientibus
1444 2043 1502 2091 et
1547 2036 1906 2109 intelligenti-

309 2126 435 2191 bus,
459 2133 516 2182 et
539 2126 795 2182 revelasti
823 2141 887 2181 ea
915 2128 1180 2196 parvulis.
1199 2127 1300 2193 lta,
1329 2128 1512 2194 Pater,
1536 2131 1798 2199 quoniam
1827 2131 1907 2186 sic

308 2220 522 2291 placuit
563 2226 693 2274 ante
734 2225 787 2274 te
823 2219 886 2273 ω.
936 2237 955 2270 ι
999 2219 1210 2274 idcirco
1248 2219 1425 2276 Moses
1469 2222 1758 2276 constituit
1803 2222 1907 2278 sub

309 2318 520 2377 monte,
549 2326 730 2381 neque
757 2318 939 2366 tamen
972 2311 1127 2367 ducit
1164 2312 1221 2367 in
1262 2312 1463 2384 ipsum.
1493 2313 1652 2381 Quia,
1680 2323 1741 2369 ut
1779 2324 1906 2371 ante

306 2402 497 2470 docui,
529 2402 928 2476 perfectionem
956 2405 1465 2479 sublimitatemque
1504 2406 1788 2479 sapientia:
1827 2408 1905 2464 si-

306 2500 426 2554 mul
465 2508 521 2555 et
550 2499 795 2554 scientia:
830 2514 1213 2571 comparamus
1244 2502 1430 2571 potius
1470 2517 1570 2572 per
1599 2501 1903 2570 Christum,

307 2605 421 2645 non
457 2605 558 2660 per
582 2589 789 2645 Mosen.
815 2589 1100 2661 Siquidem
1123 2591 1214 2647 hic
1236 2607 1431 2648 servus
1457 2601 1621 2649 estet
1652 2595 1905 2666 paedago-

306 2697 444 2752 gus;
485 2680 576 2738 ille
608 2692 794 2738 autem
819 2690 1082 2757 tanquam
1108 2684 1377 2739 Dominus
1400 2686 1788 2741 universorum
1812 2704 1907 2759 ap-

307 2772 493 2841 paruit
520 2772 701 2839 nobis,
733 2774 993 2845 perfecta:
1036 2774 1368 2845 cognitionis
1395 2774 1651 2832 donator.
1691 2777 1905 2849 Quippe

316 2880 335 2911 ι
367 2861 426 2916 In
459 2877 570 2932 quo
598 2863 708 2919 sint
736 2879 930 2919 omnes
957 2863 1204 2919 thesauri
1240 2866 1525 2936 sapientia:
1546 2876 1604 2924 et
1631 2870 1905 2941 cognitio-

304 2954 399 3010 nis
435 2954 766 3023 absconditi,
803 2975 823 3009 ι
862 2957 1007 3012 sicut
1038 2957 1304 3028 scriptum
1333 2969 1420 3015 est
1441 2960 1502 3015 ¹⁶.
1535 2960 1673 3018 Cum
1719 2972 1905 3019 autem

307 3051 455 3106 Deus
487 3051 852 3108 descenderet
893 3053 949 3107 in
994 3052 1179 3123 specie
1236 3055 1397 3126 ignis,
1443 3055 1579 3110 fumi
1623 3057 1795 3113 veluti
1836 3072 1906 3113 ex

306 3140 537 3199 fornace
568 3144 874 3200 emicantes
900 3144 1059 3200 valde
1090 3146 1147 3200 in
1177 3145 1412 3201 sublime
1436 3147 1778 3215 ferebantur,
1803 3164 1904 3219 per

2015 1937 2238 2010 εἴρηκεν
2262 1938 2290 1990 6
2308 1936 2519 2007 Σωτήρ·
2552 1955 2571 1986 ι
2610 1934 2773 2004 Ὑμῖν
2797 1934 3003 1989 δέδοται
3030 1933 3234 2004 γνῶναι
3254 1933 3314 1988 τὰ
3332 1936 3607 2005 μυστήρια

2013 2029 2114 2100 τῆς
2147 2027 2423 2099 βασιλείας
2454 2024 2565 2078 τῶν
2589 2024 2853 2096 οὐρανῶνο
2890 2023 3103 2087 τούτοις
3132 2022 3189 2075 δὲ
3222 2024 3282 2077 οὐ
3310 2023 3542 2086 δέδοται,
3581 2042 3599 2074 ι

2018 2119 2159 2190 φημὶ
2188 2118 2245 2172 δὲ
2273 2120 2387 2181 τοῖς
2434 2115 2728 2179 Ἰουδαίοις.
2764 2115 3096 2186 Ποιούμενος
3123 2112 3180 2167 at:
3209 2116 3304 2169 καὶ
3335 2114 3411 2178 ὡς
3442 2117 3500 2167 ἐν
3534 2114 3609 2167 εί-

2013 2211 2094 2264 δει
2150 2209 2462 2281 προσευχῆς
2514 2210 2643 2271 τοὺς
2695 2208 2832 2279 πρὸς
2876 2205 3101 2277 Πατέρα
3147 2207 3244 2259 καλ
3288 2203 3422 2260 Θεὸν
3467 2205 3610 2277 ὑπὲρ

2016 2301 2173 2374 ἡμῶν
2200 2301 2416 2369 λόγους·
2468 2320 2487 2352 ι
2538 2297 3000 2371 Ἐξομολογοῦμαί
3047 2315 3126 2352 σοι
3153 2338 3167 2362 ,
3220 2297 3388 2371 φησὶ,
3425 2298 3610 2370 Πάτερ

2015 2392 2190 2465 Κύριε
2217 2391 2311 2445 τοῦ
2340 2390 2570 2463 οὐρανοῦ
2596 2392 2692 2445 καὶ
2710 2390 2812 2462 τῆς
2831 2390 2957 2462 γῆς,
2979 2392 3061 2445 ὅτι
3085 2391 3410 2463 ἀπέκρυψας
3437 2391 3608 2447 ταῦτα

2016 2485 2192 2539 πάντα
2222 2482 2331 2537 ἀπὸ
2353 2482 2531 2552 σοφῶν
2558 2483 2653 2537 καὶ
2681 2480 2939 2549 συνετῶν,
2965 2485 3060 2537 καὶ
3087 2483 3446 2553 ἀπεκάλυψας
3468 2484 3607 2538 αὐτὰ

2015 2577 2250 2649 νηπίοις.
2283 2575 2386 2631 Ναὶ
2424 2578 2453 2630 6
2501 2574 2732 2646 Πατὴρ,
2779 2576 2859 2629 ὃτι
2908 2573 3086 2639 οὕτως
3130 2576 3347 2644 ἐγένετο
3389 2576 3608 2630 εὐδοκία

2014 2667 2324 2740 ἔμπροσθέν
2360 2683 2476 2720 σου.
2512 2686 2531 2717 ›
2567 2664 2779 2719 Οὐκοῦν
2811 2666 3114 2737 παρίστησι
3148 2667 3248 2737 μὲν
3278 2667 3370 2720 ἐπὶ
3394 2667 3457 2720 τὸ
3483 2666 3609 2738 ὅρος

2012 2764 2042 2816 6
2078 2762 2302 2833 Μωσῆς,
2342 2762 2442 2814 οὐκ
2475 2758 2793 2824 ἀναϐιϐάζει
2844 2758 2902 2813 δὲ
2929 2762 2987 2813 ὲν
3027 2759 3196 2831 αὐτῷ·
3230 2759 3306 2825 ὡς
3335 2760 3441 2832 γὰρ
3472 2760 3610 2829 ἔφην

2008 2853 2237 2923 ἀρτίως,
2264 2851 2325 2905 τὸ
2351 2850 2556 2905 τέλειόν
2579 2868 2637 2905 τε
2660 2852 2754 2905 καὶ
2784 2850 2988 2921 ὑψηλὸν
3015 2853 3072 2906 ἐν
3101 2853 3265 2924 σοφίᾳ
3286 2853 3380 2906 καὶ
3405 2852 3605 2920 γνώσει

2013 2944 2368 3015 κερδαίνομεν
2393 2943 2482 2997 διὰ
2510 2941 2749 3016 Χριστοῦ
2789 2944 3014 3015 μᾶλλον,
3041 2945 3103 2998 οὐ
3130 2943 3221 2998 διὰ
3249 2944 3505 3009 Μωσέως.
3547 2945 3611 2998 ὐ

2018 3035 2117 3108 μὲν
2145 3036 2256 3107 γὰρ
2282 3031 2351 3108 ἦν
2385 3036 2607 3104 οἰκέτης
2634 3076 2647 3100 ,
2680 3037 2775 3089 καὶ
2804 3035 3177 3105 παιδαγωγός
3218 3038 3248 3090 6
3273 3035 3353 3101 δὲ,
3390 3037 3466 3100 ὡς
3497 3034 3609 3090 τῶν

2011 3129 2150 3183 ὅλων
2181 3128 2406 3200 Κύριος,
2439 3126 2694 3197 γνώσεως
2724 3131 2855 3200 ἡμῖν
2890 3127 3099 3192 τελείας
3139 3127 3380 3197 πέφηνεν
3417 3128 3603 3201 δοτὴρ.

308 3234 656 3301 universum,
693 3237 916 3306 opinor,
955 3238 1217 3308 populum
1252 3237 1460 3294 diffusi.
1501 3239 1638 3295 Nam
1655 3241 1904 3297 DeiVer-

2023 3242 2040 3274 ι
2089 3222 2177 3276 Ἐν
2209 3220 2361 3293 αὐτῷ
2390 3221 2500 3294 γάρ
2535 3223 2640 3274 εἰσι
2671 3222 2874 3286 πάντες
2900 3222 2949 3274 οἱ
2982 3222 3247 3294 θησαυροὶ
3277 3222 3380 3293 τῆς
3415 3222 3606 3291 σοφίας

305 3324 439 3380 bum
470 3326 757 3384 descendit
799 3329 867 3383 ad
905 3344 1010 3384 nos
1040 3344 1070 3384 e
1100 3330 1261 3395 caelo,
1297 3339 1559 3402 tanquam
1600 3333 1743 3404 ignis
1790 3332 1906 3387 for-

306 3418 480 3481 nacis,
501 3420 655 3490 juxta
672 3434 862 3474 vocem
885 3420 1167 3492 propheta:
1186 3422 1249 3477 ".
1276 3423 1456 3494 Atque
1479 3424 1595 3494 ipse
1617 3425 1784 3480 etiam
1807 3441 1906 3482 nos

308 3509 611 3579 baptizavit
644 3511 698 3565 in
737 3511 950 3582 Spiritu
994 3524 1185 3569 sancto
1209 3525 1265 3570 et
1294 3514 1419 3588 igne
1446 3516 1523 3585 ¹⁸;
1564 3517 1687 3586 igne
1722 3528 1905 3573 autem

306 3598 666 3671 intelligibili,
694 3601 790 3671 qui
815 3602 872 3655 in
898 3602 1062 3658 nobis
1095 3603 1335 3659 absumit
1367 3606 1549 3670 fauces,
1590 3622 1653 3662 ac
1695 3609 1905 3678 peccati

304 3690 472 3762 323
522 3692 717 3747 sordes
780 3694 1067 3766 abstergit,
1103 3711 1285 3766 neque
1326 3697 1458 3752 sinit
1501 3707 1744 3753 mentem
1800 3714 1906 3754 no-

306 3790 483 3837 stram
526 3781 760 3853 impuris
804 3785 1185 3855 voluptatibus
1230 3786 1528 3857 frigescere
1557 3830 1569 3854 ,
1618 3797 1674 3843 at
1720 3790 1907 3860 potius

305 3871 566 3928 accendit
620 3887 739 3938 nos,
771 3883 827 3929 et
870 3876 1068 3945 spiritu
1099 3876 1381 3933 ferventes
1419 3880 1460 3911 "
1487 3878 1671 3935 ctlicit.
1724 3881 1905 3951 Atque

309 3964 417 4019 hoc
467 3964 723 4022 Christus
768 3967 885 4038 ipse
932 3968 990 4024 in
1044 3970 1206 4025 nobis
1253 3981 1534 4042 operatur.
1580 3972 1737 4029 Unde
1792 3974 1900 4029 ait:

316 4056 544 4127 «ignem
580 4058 707 4113 veni
738 4059 959 4115 mittere
1012 4060 1069 4116 in
1098 4072 1328 4117 terram.
1354 4063 1423 4118 Et
1446 4063 1579 4134 quid
1619 4065 1765 4131 volo,
1798 4067 1905 4121 nisi

310 4157 374 4203 ut
419 4149 756 4206 accendatur
781 4151 866 4205 ὀἳ
902 4173 920 4204 ι
959 4153 1176 4209 Idcirco
1222 4155 1279 4209 in
1329 4155 1512 4226 specie
1569 4157 1712 4228 ignis
1760 4159 1906 4214 miro

304 4241 543 4296 consilio
569 4243 855 4300 veteribus
885 4246 1169 4316 apparuit:
1227 4257 1490 4302 caeterum
1539 4263 1651 4303 non
1696 4248 1905 4319 absque

307 4333 481 4389 fumo.
536 4334 913 4408 lntelligemus
938 4347 1123 4394 autem
1183 4354 1283 4409 per
1320 4340 1427 4396 hoc
1473 4356 1686 4407 rursus,
1739 4358 1906 4412 quam

305 4425 546 4482 dedendi
583 4443 649 4483 ac
674 4428 901 4501 lugendi
948 4430 1061 4485 sint
1092 4431 1183 4486 isti
1224 4431 1319 4502 qui
1365 4433 1439 4488 ita
1485 4433 1901 4505 obtorpescunt,

305 4529 371 4574 ut
393 4519 638 4574 divinam
684 4521 860 4592 ipsius
894 4523 1125 4593 gloriam
1170 4525 1453 4596 negligant
1497 4534 1663 4598 atque
1709 4544 1900 4599 asper-

2011 3314 2104 3365 καὶ
2132 3312 2230 3382 τῆς
2254 3311 2510 3381 γνώσεως
2535 3313 2865 3384 ἀπόκρυφοι,
2895 3332 2914 3364 ι
2949 3313 3091 3367 κατὰ
3112 3314 3172 3368 τὸ
3195 3315 3601 3385 γεγραμμένον.

2010 3405 2393 3476 Καοικομένου
2417 3406 2482 3476 δὴ
2515 3401 2610 3459 οῦν
2637 3407 2693 3459 ὲν
2737 3405 2868 3459 εἴδει
2897 3406 3068 3476 πυρδς
3092 3404 3186 3460 τοῦ
3215 3405 3373 3471 Θεοῦ,
3405 3406 3606 3459 καπνοὶ

2016 3499 2115 3568 μὲν
2154 3494 2316 3570 ἦσαν,
2366 3497 2442 3562 ώς
2468 3499 2537 3551 ὲκ
2569 3497 2803 3567 καμίνου
2852 3498 3185 3568 διᾴττοντες,
3230 3499 3325 3552 καὶ
3360 3496 3496 3568 ὑψοῦ
3539 3496 3603 3570 δὴ

2009 3590 2131 3644 λίαν
2156 3590 2573 3660 ὲξελιττόμενοι,
2609 3588 2705 3641 καὶ
2733 3590 2953 3651 παντὸς,
2990 3585 3146 3659 οἶμαί
3183 3605 3307 3655 που,
3339 3604 3604 3642 κατασκι-

2008 3682 2261 3753 δνάμενοι
2295 3681 2390 3735 τοῦ
2426 3681 2580 3735 λαοῦ.
2622 3681 3085 3752 Καταπεφοίτηκε
3128 3681 3238 3752 γὰρ
3277 3680 3338 3746 ἐξ
3369 3679 3604 3754 οὐρανοῦ

2007 3774 2075 3827 δι’
2103 3775 2249 3845 ἡμᾶς
2279 3774 2419 3845 πρὸς
2444 3774 2592 3844 ἡμᾶς
2620 3775 2647 3826 6
2675 3772 2768 3826 τοῦ
2795 3773 2932 3827 Θεοῦ
2959 3774 3131 3842 Λόγος
3155 3776 3230 3839 ώς
3258 3774 3370 3847 πῦρ
3398 3792 3605 3846 χωνευ-

2006 3868 2199 3938 τηρίου
2223 3906 2237 3930 ,
2269 3867 2412 3920 κατὰ
2455 3866 2558 3936 τὴν
2589 3864 2684 3918 τοῦ
2719 3867 3003 3936 προφήτου
3047 3868 3254 3939 φωνήν.
3297 3868 3407 3920 Καὶ
3439 3867 3603 3931 αὐτὸς

2007 3961 2158 4031 ἡμᾶς
2184 3957 2481 4022 ἐϐάπτιζεν
2504 3961 2562 4012 ἐν
2592 3956 2876 4027 Πνεῦματι
2904 3958 3047 4030 ἁγίῳ
3075 3960 3171 4014 καὶ
3198 3959 3351 4031 πυρίο
3381 3961 3514 4031 πυρὶ
3546 3959 3603 4014 δὲ

2006 4052 2086 4121 τῷ
2118 4050 2294 4122 νοητῷ
2326 4050 2419 4104 τὸν
2462 4051 2520 4104 ἐν
2548 4051 2678 4122 ἡμῖν
2721 4048 3027 4106 δαπανῶντι
3060 4053 3345 4124 συρφετὸν,
3391 4052 3485 4105 καὶ
3513 4053 3604 4108 τὸν

2008 4144 2066 4211 ἐξ
2092 4143 2367 4215 ἁμαρτίας
2396 4144 2683 4215 ὲκτήκοντι
2713 4146 2902 4216 ῥύπον,
2931 4146 3027 4198 καὶ
3058 4144 3435 4215 ἀποψύχεσοαι
3466 4145 3603 4217 πρὸς

2007 4238 2273 4303 ἐκτύπους
2309 4239 2504 4311 ἡδονὰς
2537 4241 2636 4295 οὐκ
2681 4240 2900 4313 ἀφιέντι
2947 4241 3039 4295 τὸν
3086 4239 3232 4295 νοῦνο
3281 4240 3601 4294 ἀποτετελέ-

2009 4331 2185 4401 σμεθα
2215 4331 2272 4384 δὲ
2302 4330 2582 4404 ταῦτῃτοι,
2610 4332 2689 4404 τῷ
2726 4333 3000 4403 πνεύματι
3032 4331 3267 4399 ζέοντες.
3304 4331 3415 4386 Καὶ
3440 4331 3603 4386 τοῦτο

2007 4423 2139 4477 αὐτὸ
2169 4424 2475 4497 ἐνήργησεν
2516 4426 2599 4489 είς
2630 4426 2779 4497 ἡμᾶς
2817 4427 2844 4479 6
2883 4425 3144 4497 Χριστός.
3180 4424 3471 4496 Τοιγάρτοι
3506 4425 3600 4478 καὶ

2008 4514 2278 4583 ἔφασκεν·
2318 4535 2336 4567 ι
2374 4513 2493 4587 Πῦρ
2518 4511 2684 4587 ἦλθον
2724 4514 2908 4586 βαλεῖν
2948 4517 3040 4569 ἐπὶ
3082 4515 3183 4588 τὴν
3226 4516 3348 4587 γῆν.
3384 4516 3496 4569 Καὶ
3546 4516 3599 4568 τί

705 4574 855 4592 Κήίν*
895 4574 1125 4593 ο“⁷”““““
1172 4574 1452 4596 ““”Ὀ“”Ο““““⁷
1497 4574 1661 4598 ’·“ι’·ν
1709 4574 1859 4599 “⁴““ἰ’ν“

305 4623 530 4670 nentur.
553 4615 690 4670 Nam
717 4602 811 4687 q'ui
835 4615 891 4671 in
917 4616 1070 4672 fumo
1093 4628 1408 4685 versantur,
1449 4636 1676 4676 necesse
1706 4631 1792 4676 est
1817 4622 1899 4677 la-

2009 4574 2145 4661 θέλιυ
2173 4611 2221 4663 εί
2258 4609 2360 4680 ἤδη
2394 4574 2647 4680 ἀνηφὸης
2695 4574 2963 4663 ιιοῦκοῦν
3002 4609 3059 4663 ἐν
3094 4574 3429 4693 efﬁat-dupe;
3455 4610 3600 4664 οἰκο-

305 4724 524 4781 crymas
552 4708 908 4780 profundere.
928 4709 1063 4777 Quis
1088 4727 1223 4766 vero
1273 4711 1493 4769 dubitet
1522 4713 1656 4785 quin
1712 4716 1902 4770 istius-

305 4802 455 4856 modi
476 4800 755 4857 derisores
777 4809 834 4857 et
866 4801 1296 4858 calumniatores
1334 4806 1446 4859 sint
1482 4806 1814 4877 conjiciendi
1845 4807 1899 4864 in

306 4893 567 4949 tenebras
604 4893 952 4949 exteriores?
982 4913 999 4945 ι
1038 4893 1114 4949 ibi
1159 4894 1308 4949 enim
1337 4896 1466 4962 erit,
1502 4896 1599 4963 ait,
1643 4897 1805 4954 ﬂetus
1845 4909 1902 4955 et

302 4984 512 5040 stridor
534 4986 861 5042 dentium".
878 5007 895 5039 ι
924 4986 1080 5055 Quod
1107 4987 1276 5059 igitur
1297 4989 1407 5055 isti,
1430 4988 1496 5045 de
1519 4990 1722 5061 quibus
1747 5008 1895 5047 nunc

302 5080 388 5128 est
411 5090 613 5140 sermo,
655 5076 885 5132 acerbas
918 5077 1209 5133 ell‘undant
1257 5078 1548 5151 iacrymas,
1578 5081 1895 5137 subindicat

304 5164 509 5223 fumus.
532 5169 804 5239 Adjicitur
829 5180 1012 5227 autem
1039 5172 1186 5243 quod
1214 5187 1378 5227 voces
1413 5174 1556 5228 tuba:
1593 5174 1751 5230 facta:
1783 5176 1896 5230 sint

303 5272 598 5329 progressu
623 5261 1091 5330 vehementiores,
1126 5265 1264 5319 adeo
1293 5274 1353 5320 ut
1388 5266 1547 5321 initio
1590 5266 1751 5337 pauci
1794 5267 1895 5322 ad-

304 5349 532 5404 modum
565 5351 864 5417 audierint,
901 5365 1093 5424 postea
1124 5370 1257 5411 vero
1281 5357 1614 5428 complures,
1643 5358 1755 5412 imo
1779 5365 1894 5413 tota

305 5441 680 5510 congregatio.
715 5441 998 5512 Siquidem
1022 5444 1313 5514 Evangelii
1352 5445 1674 5515 praedicatio
1697 5453 1782 5501 est
1811 5451 1897 5500 tu-

307 5529 377 5584 ba
405 5531 641 5586 maxime
666 5547 888 5599 sonora,
915 5549 1035 5603 qum
1064 5543 1118 5589 et
1150 5550 1345 5589 sonum
1382 5534 1596 5590 auditui
1640 5534 1893 5605 pervium

382 5663 426 5693 ¹²
453 5662 621 5719 Exod.
652 5681 757 5728 xux,
789 5665 876 5718 Π.

309 5800 464 5856 alibi.

2004 4703 2247 4775 νομικῶς
2278 4704 2343 4775 δὴ
2391 4703 2513 4758 λίαν
2556 4707 2670 4766 τοῖς
2721 4704 3098 4775 ἀρχαιοτέροις
3136 4705 3409 4773 ἐφαίνετο·
3457 4705 3597 4776 πλὴν

2002 4794 2064 4847 οὐ
2089 4795 2214 4866 δίχα
2254 4794 2483 4849 καπνοῦ.
2517 4796 2830 4867 Συνήσομεν
2859 4797 2915 4851 δὲ
2955 4798 3049 4851 καὶ
3073 4797 3160 4850 διὰ
3191 4796 3381 4851 τούτου
3400 4798 3593 4867 πάλιν,

1999 4887 2082 4940 ὅτι
2116 4887 2336 4959 θρηνεῖν
2366 4887 2462 4940 καὶ
2489 4887 2851 4960 κατοιμώζειν
2877 4890 3092 4960 ἀνάγκη
3121 4891 3247 4954 τοὺς
3267 4890 3597 4945 ἀναπίπτον-

2000 4993 2099 5041 τας
2131 4979 2209 5041 εἰς
2244 4978 2303 5031 τὸ
2334 4977 2599 5050 ῥᾴθυμον,
2649 4980 2745 5034 καὶ
2776 4980 2877 5052 τῆς
2916 4980 3068 5043 θείας
3099 4980 3267 5035 αὐτοῦ
3300 4980 3459 5053 δόξης
3493 5001 3595 5039 κα-

2000 5072 2290 5141 ταφρονεῖν
2335 5071 2666 5142 ᾑρημένους.
2718 5074 3054 5145 Δακρυροείν
3104 5072 3214 5144 γὰρ
3271 5074 3483 5146 ἀνάγκη
3535 5076 3593 5128 ὲν

2001 5163 2217 5235 καπνῷ.
2256 5165 2690 5237 Κατοιχήσονται
2722 5165 2778 5219 δὲ
2806 5167 2888 5219 ὅτι
2919 5164 3056 5239 πρὸς
3081 5166 3143 5220 τὸ
3171 5166 3434 5238 ἐξώτερον
3469 5168 3592 5221 σκό-

2000 5272 2093 5321 τος
2113 5258 2161 5309 οἱ
2193 5256 2466 5326 θεομισεῖς
2500 5274 2561 5309 τε
2591 5257 2684 5310 καὶ
2723 5255 2988 5329 ἀλιτήριοι
3010 5301 3024 5323 ,
3061 5258 3181 5322 πῶς
3209 5258 3274 5310 ἂν
3299 5257 3588 5312 ὲνδοιάσειέ

1998 5366 2121 5415 τιςς
2162 5369 2181 5401 ι
2232 5348 2380 5401 Ἐκεῖ
2404 5350 2512 5421 γάρ
2541 5349 2716 5414 ἔσται,
2747 5349 2934 5421 φησιν,
2967 5349 2995 5402 6
3031 5348 3304 5418 κλαυθμὸς
3334 5348 3429 5402 καὶ
3464 5347 3592 5421 βρυ-

2000 5440 2139 5509 γμὸς
2177 5440 2285 5492 τῶν
2335 5440 2582 5493 ὀδόντων.
2614 5459 2633 5492 ι
2693 5441 2815 5494 ’Ὁτι
2861 5439 3045 5493 τοίνυν
3081 5439 3276 5509 πικρὸν
3329 5439 3422 5492 ἐπὶ
3468 5441 3589 5503 ταῖς

2003 5531 2308 5606 ρᾳστώναις
2333 5531 2733 5596 καταστάζωσι
2766 5531 3001 5602 δάκρυον
3028 5532 3076 5583 οἱ
3105 5545 3171 5583 πε
3179 5529 3234 5601 ρὶ
3258 5521 3332 5582 ὧν
3360 5532 3388 5583 6
3410 5530 3587 5598 λόγος,

962 5665 1005 5695 ’³
1029 5664 1204 5721 Galat.
1237 5682 1315 5727 ιιι,
1352 5665 1439 5719 Ἡ.
1522 5665 1563 5697 ιδ
1594 5666 1783 5720 Matth.
1819 5683 1904 5720 xm

2020 5666 2074 5730 l;
2104 5665 2238 5719 Luc.
2280 5682 2392 5732 \‘lll,
2436 5666 2521 5720 ΞΟ.
2604 5665 2647 5697 ¹³
2678 5665 2865 5719 Matth.
2906 5681 2963 5729 ll,
2991 5666 3081 5725 ‘25,
3109 5664 3197 5726 ‘26;
3225 5663 3358 5716 Lur.
3404 5680 3456 5721 ιι,
3495 5663 3583 5715 21.

310 5731 356 5803 ίῗ
379 5730 497 5803 θυι.
530 5752 588 5797 ιι,
619 5735 671 5790 5.
751 5737 792 5767 ’⁷
820 5735 993 5790 Exod.
1032 5752 1139 5800 xxx,
1190 5735 1276 5790 l8.
1352 5736 1392 5765 ¹⁸
1420 5735 1552 5791 Luc.
1583 5753 1657 5803 ιιι,
1706 5737 1788 5793 16.
1869 5737 1904 5769 ’³³

2009 5751 2095 5789 im.
2148 5752 2239 5802 xu,
2280 5736 2362 5789 ll.

2468 5734 2666 5790 “Luc.
2703 5751 2793 5801 xu,
2826 5735 2911 5789 49.
2992 5738 3031 5765 ⁸³⁸
3078 5734 3264 5789 Matth.
3304 5750 3414 5797 vm,
3444 5734 3507 5785 lt?
3531 5739 3586 5787 et
