4060 6442
1355 336 1412 394 8.
1453 335 1730 395 CYRILLI
1771 333 2033 390 ALEXAP
2054 334 2242 392 DRINI
2279 338 2600 395 ARCHIEP.
3507 344 3614 404 519

332 462 477 519 Deus
524 468 669 518 nitro
729 457 966 516 consilio
1025 456 1093 513 ad
1147 457 1418 527 optimum
1472 456 1659 512 Mosen
1712 455 1850 512 dixit
1897 474 1910 510 :

2023 458 2157 529 πρὸς
2189 459 2343 526 Θεὸν,
2372 462 2512 534 πλὴν
2535 461 2615 515 ὅτι
2637 460 2726 515 διὰ
2770 460 3006 536 Χριστοῦ
3029 504 3042 529 ,
3082 461 3385 541 καταᾷείξει
3414 465 3613 536 ῥᾳδίως

337 552 538 619 sVade,
562 550 856 617 descende,
875 560 929 606 et
945 549 1199 614 ascende,
1228 556 1285 602 tu
1313 554 1369 603 et
1395 548 1578 603 Aaron
1606 558 1786 603 tecum
1813 548 1910 603 ³⁷.»

2023 548 2151 603 θεοῦ
2197 551 2449 621 λέγοντος
2495 552 2858 624 οἰκονομικῶς
2912 552 2989 623 τῷ
3043 553 3364 627 παναρίστῳ
3407 556 3615 629 Μωσῇ·

332 642 568 697 Videsne
605 657 715 713 quo
737 649 898 712 pacto
923 639 1208 710 ablegetur
1252 637 1451 705 Moses,
1489 653 1554 694 ac
1579 638 1779 694 deinde
1805 655 1915 693 non

2023 658 2038 692 ι
2077 641 2308 708 Βάδιζε,
2355 644 2665 715 κατάϐηθι,
2704 644 2801 699 καὶ
2840 644 3111 716 ἀνάϐηθι.
3154 644 3217 699 σὺ
3252 646 3347 701 καὶ
3400 647 3616 719 Ἀαρὼν

328 735 482 791 solus
506 742 854 799 revertatur;
882 730 979 787 sed
1000 746 1108 786 una
1133 746 1259 785 cum
1286 730 1408 802 ipso
1440 740 1703 803 tanquam
1728 731 1916 787 socius

2023 733 2157 801 μετὰ
2181 733 2294 790 σοῦ.
2311 754 2329 787 ι
2362 735 2527 808 Ὁρᾷς
2552 736 2671 800 πῶς
2693 735 3055 807 ἀπεπέμπετο
3070 736 3296 807 Μωσῆς,
3312 732 3432 790 εἶτα
3455 739 3615 807 μόνος

331 321 425 373 5H

328 838 394 879 ac
429 838 617 879 comes
660 823 923 879 ascendat
944 822 1149 888 Aaron,
1180 822 1277 894 qui
1328 832 1451 879 erat
1501 829 1665 895 typus
1707 822 1918 880 Christi

328 916 510 987 magni
551 914 700 970 illius
721 915 1061 971 sacerdotis?
1080 915 1186 971 Per
1236 915 1420 988 ipsum
1444 917 1615 982 enim,
1672 925 1734 972 ut
1780 916 1916 980 dixi,

327 1015 477 1077 patet
500 1007 684 1063 aditus
710 1007 779 1063 ad
802 1008 1047 1063 Patrem.
1073 1007 1253 1079 Atque
1278 1009 1355 1065 ita
1381 1008 1572 1081 rejecti
1595 1017 1724 1063 sunt
1752 1008 1921 1063 certis

328 1100 689 1169 temporibus,
711 1100 931 1171 legales,
948 1100 1056 1156 hoc
1072 1108 1158 1157 est
1173 1101 1455 1157 Israelitat.
1472 1101 1607 1157 Nam
1629 1103 1685 1157 in
1711 1100 1922 1158 ultimis

325 1190 671 1261 temporibus
690 1192 968 1261 cognituri
996 1200 1127 1247 sunt
1155 1202 1407 1248 sanctum
1433 1193 1588 1247 illum
1613 1200 1671 1248 et
1716 1192 1915 1247 imma-

324 1281 570 1336 culatum
626 1282 993 1349 sacerdotem,
1030 1284 1139 1340 hoc
1164 1293 1249 1341 est
1280 1282 1584 1351 Christum,
1623 1285 1786 1356 325
1818 1301 1917 1356 per

325 1388 489 1441 quem
520 1373 588 1428 ad
621 1373 795 1429 Deum
818 1389 884 1430 ac
910 1375 1127 1431 Patrem
1152 1385 1281 1431 sunt
1323 1378 1609 1433 escensuri
1649 1377 1824 1433 veluti
1861 1376 1915 1431 in

328 1474 616 1531 montem,
672 1467 1051 1537 amplexantes
1121 1469 1501 1524 venerandum
1552 1469 1687 1525 illud
1752 1478 1919 1540 atque

327 1544 659 1613 immensum
723 1559 924 1614 divinae
989 1559 1490 1617 administrationis
1547 1563 1908 1634 mysterium,

330 1664 427 1718 per
457 1648 605 1719 quod
630 1666 731 1705 nos
760 1665 954 1706 omnes
974 1651 1154 1706 salvos
1172 1650 1304 1706 fecit
1324 1650 1578 1709 Christus
1597 1654 1789 1710 Jesus:
1815 1672 1914 1727 per

324 1756 492 1810 quem
513 1751 569 1797 et
595 1757 720 1797 cum
745 1758 856 1813 quo
887 1751 972 1797 est
991 1743 1106 1798 Deo
1129 1759 1193 1799 ac
1234 1744 1382 1800 Patri
1411 1747 1585 1818 gloria
1625 1762 1750 1803 eum
1791 1764 1915 1805 san-

324 1841 416 1887 cto
439 1833 647 1905 Spiritu
685 1834 741 1888 in
765 1835 966 1889 saecula
1004 1837 1354 1892 saeculorum.
1398 1841 1593 1893 Amen.

2020 827 2120 880 οὐκ
2148 828 2490 898 ἐπιστρέφει,
2513 826 2688 882 ἄνεισι
2714 826 2771 881 δέ
2796 828 2957 882 πάλιν
2982 827 3445 899 συνομαρτοῢντος
3465 829 3615 901 αὐτῷ

2021 918 2118 972 καὶ
2147 919 2550 984 ωνδιαθέοντος
2600 906 2834 992 ’Δαρῶν,
2874 919 2934 980 ὃς
2968 904 3039 993 ἦν
3063 921 3145 985 εἰς
3179 922 3349 976 τύπον
3373 922 3612 993 Χριστοῦ

2020 1010 2115 1065 τοῦ
2144 1010 2381 1082 μεγάλου
2413 1010 2638 1082 ἱερέως;
2680 1011 2757 1063 Δι’
2795 1009 2962 1064 αὑτοῦ
2991 1012 3123 1083 γὰρ,
3159 1011 3232 1076 ὡς
3258 1010 3415 1084 ἔφην,
3446 1029 3613 1084 προσ-

2024 1102 2133 1165 ut;
2169 1102 2198 1154 6
2243 1100 2458 1173 Πατήρ.
2500 1100 2614 1155 Καὶ
2636 1101 2989 1172 ἁπόπεμπτοι
3017 1101 3302 1170 γεγονότες
3326 1101 3469 1155 κατὰ
3497 1121 3641 1158 καιος

2022 1193 2149 1262 pob;
2173 1190 2224 1244 οἱ
2250 1192 2306 1245 ἐν
2338 1192 2488 1263 νῦμῳ
2507 1232 2521 1257 ,
2543 1190 2825 1245 τουτέστιν
2846 1194 2873 1246 6
2909 1192 3144 1264 Ἰσραήλ.
3184 1192 3612 1262 Ἐπιγνὼσονται

2022 1283 2121 1353 μὲν
2160 1283 2219 1336 ἐν
2250 1281 2501 1353 ἐσχάτοις
2527 1285 2741 1354 καιροῖς
2770 1282 2862 1336 τὸν
2895 1278 3040 1336 ὅσιόν
3065 1299 3126 1336 τε
3151 1282 3248 1337 καὶ
3278 1283 3484 1339 ἄκακον
3510 1286 3608 1355 ἀρ-

2019 1376 2247 1447 χιερέα,
2294 1374 2572 1429 τουτέστιν
2621 1374 2879 1447 Χριστ6ν⁶
2924 1373 3383 1447 προσελεὺσονται
3435 1376 3491 1429 δέ
3538 1376 3607 1432 δι’

2020 1467 2185 1522 αὐτοῦ
2214 1465 2289 1538 τῷ
2316 1466 2434 1539 Θεῷ
2464 1468 2556 1520 καὶ
2588 1467 2795 1538 Πατρὶ,
2824 1467 3079 1540 καθάπερ
3105 1468 3184 1530 εἰς
3211 1469 3336 1540 ὅρος
3366 1468 3608 1541 ἀναθρώ-

2022 1574 2244 1622 σκοντες
2263 1558 2324 1610 τὸ
2346 1558 2541 1611 σεπτὸν
2558 1558 2653 1611 καὶ
2672 1557 2813 1628 μέγα
2826 1557 2930 1628 τῆς
2954 1558 3268 1630 οἰκονομίας
3288 1560 3607 1630 μυστήριον,

2018 1655 2084 1709 δι’
2112 1647 2173 1708 οὗ
2224 1653 2432 1716 πάντας
2474 1652 2624 1723 ἡμᾶς
2667 1652 2909 1705 σέσωκεν
2945 1654 2973 1707 6
3012 1653 3281 1720 Χριστὸς,
3316 1652 3382 1706 δι’
3414 1646 3474 1706 οὗ
3513 1650 3612 1706 καὶ

2025 1748 2144 1820 μεθ’
2170 1739 2232 1801 οὗ
2266 1744 2345 1817 τῷ
2385 1743 2506 1814 Θεῷ
2548 1744 2643 1797 καὶ
2671 1743 2848 1815 Πατρὶ
2876 1746 2909 1813 ἡ
2941 1742 3089 1808 δόξα,
3154 1744 3252 1798 σὺν
3280 1745 3419 1816 ἁγίῳ
3448 1744 3612 1800 Πνεύ.

2027 1859 2179 1916 ματι,
2203 1840 2284 1903 είς
2315 1840 2443 1902 τοὺς
2470 1835 2672 1898 αἰῶνας
2698 1833 2808 1888 τῶν
2836 1831 3069 1888 αἰώνων.
3112 1833 3308 1907 Ἀμήν.

323 1948 404 2003 De
437 1968 657 2005 ascensu
690 1951 883 2074 Moris
928 1960 977 2005 et
1009 1952 1196 2007 Aaron
1227 1955 1281 2007 in
1328 1966 1582 2021 montem,
1618 1959 1744 2013 item
1791 1960 1910 2016 Na-

395 2020 519 2074 dab.
557 2029 606 2074 ει
628 2021 762 2074 Abiu
807 2063 821 2074 .
854 2030 905 2074 et
935 2022 1279 2074 septuaainm
1316 2025 1376 2074 de
1410 2028 1703 2074 senioribus
1736 2031 1920 2074 nnnnh'

2023 1955 2154 2028 Περὶ
2194 1954 2307 2022 τῆς
2347 1956 2435 2019 εὶς
2485 1952 2550 2006 τὸ
2602 1949 2741 2019 ὄρος
2786 1949 3011 2004 ἀνόδου
3045 1948 3306 2028 Μωσέως
3338 1949 3437 2003 καὶ
3485 1950 3607 2003 ‘Aa.

2093 2028 2233 2074 rubr-
2267 2024 2366 2074 καὶ
2395 2022 2614 2074 Ναδὰϐ.
2666 2020 2765 2073 καὶ
2804 2019 3048 2074 Ἆϐιοὺό’
3086 2020 3187 2074 καί
3215 2035 3335 2073 των
3361 2018 3607 2074 ἑϐδομή-

395 2020 519 2085 dab,
557 2029 606 2074 et
628 2021 762 2077 Abiu

394 2022 519 2144 (liab,
553 2029 606 2144 let
628 2022 821 2087 Abiud,
854 2030 905 2076 et
935 2022 1279 2095 septuaginta
1316 2025 1376 2079 de
1410 2028 1703 2084 senioribus
1733 2031 1920 2103 populi

424 2107 547 2144 arae
578 2134 589 2144 .

424 2107 589 2147 87.061.

401 2203 643 2259 LVocati
664 2206 889 2275 quidem
907 2216 1035 2262 sunt
1056 2222 1154 2277 per
1171 2207 1347 2279 legem
1361 2209 1427 2263 ad
1446 2210 1618 2266 Deum
1633 2212 1920 2283 lsraelitae,

325 2295 600 2350 mediante
622 2304 756 2352 tunc
779 2314 843 2353 ac
868 2300 1220 2354 ministrante
1249 2299 1420 2357 Mose.
1442 2302 1668 2369 Verum,
1699 2314 1760 2360 ut
1780 2306 1923 2362 divi-

324 2403 434 2443 nus
454 2388 839 2459 aitApostolus
859 2409 905 2445 τι
917 2391 1029 2447 Lex
1044 2391 1353 2462 perfectum
1369 2392 1501 2449 fecit
1524 2396 1800 2453 neminem
1815 2400 1879 2454 ⁷³.
1895 2419 1912 2452 ι

324 2482 458 2551 Ejus
504 2481 655 2536 enim
687 2498 752 2538 ac
778 2484 1175 2555 prophetarum
1208 2484 1465 2542 Christus
1508 2497 1766 2545 censetur
1799 2508 1922 2563 per-

324 2571 512 2629 fectio.
533 2573 617 2629 Ab
633 2589 700 2630 eo
734 2577 883 2631 enim
908 2578 1093 2632 omnis
1117 2577 1446 2649 redemptio.
1463 2566 1922 2653 Quandoquidem

332 2660 524 2726 «Aliud
542 2677 743 2719 nomen
763 2665 867 2720 sub
891 2666 1033 2722 coelo
1047 2682 1158 2721 non
1182 2675 1267 2722 est
1295 2668 1351 2721 in
1376 2667 1719 2738 hominibus,
1736 2673 1790 2727 in
1811 2689 1922 2744 quo

324 2750 528 2806 salvari
547 2768 647 2809 nos
663 2763 916 2824 oporteat
930 2757 1008 2824 ";
1032 2775 1050 2808 ›
1085 2767 1141 2812 et
1163 2756 1217 2811 in
1243 2756 1363 2829 ipso
1380 2759 1561 2814 omnis
1583 2761 1850 2831 perfectio
1865 2763 1922 2818 in

326 2842 759 2900 sanctiﬁcatione
792 2846 1040 2917 spiritus.
1069 2847 1128 2902 lu
1163 2849 1282 2919 ipso
1305 2851 1487 2907 vocati
1519 2852 1587 2908 ad
1617 2853 1789 2909 Deum
1816 2855 1920 2911 Pa-

327 2940 468 2987 trem
490 2949 702 3001 sumus,
721 2938 845 2993 etin
862 2953 1160 3009 supernam
1175 2940 1460 2997 civitatem
1478 2958 1603 2998 cum
1623 2944 1718 3000 illo
1734 2962 1926 3001 ascen-

325 3023 541 3082 demus.
569 3026 661 3083 Sic
684 3030 833 3084 enim
856 3030 1003 3085 clare
1034 3031 1270 3101 ipsemet
1296 3034 1408 3089 ait:
1443 3035 1529 3092 «In
1554 3036 1719 3093 domo
1744 3040 1924 3096 Patris

327 3118 437 3173 mei
481 3120 796 3177 mansiones
838 3123 1025 3179 multae
1074 3133 1224 3178 sunt.
1268 3124 1324 3180 Si
1388 3129 1708 3197 quominus,
1752 3130 1922 3187 dixis-

328 3224 444 3266 sem
471 3212 662 3280 vobis;
692 3214 822 3285 quia
856 3214 998 3269 vado
1023 3231 1219 3286 parare
1246 3216 1406 3272 vobis
1438 3218 1641 3274 locum.
1662 3220 1729 3274 Et
1755 3221 1798 3276 si
1828 3221 1924 3277 ab-

2086 2012 2234 2097 ;m.
2254 2012 2366 2078 ἀἰαῖ
2394 2012 2646 2100 Ᾱταξάδί
2666 2012 2765 2073 πέρι
2804 2019 3054 2100 ᾉϐιοὺόξ
3086 2020 3187 2074 και
3215 2012 3335 2073 τῶν
3361 2018 3614 2090 ἑϐδομή-

2092 2090 2280 2153 ὃεοντια
2309 2090 2732 2163 πρεσϐυτέρων
2758 2090 2865 2145 τοῦ
2899 2090 3077 2146 λαοῦ.

2093 2220 2163 2268 α’.
2186 2209 2499 2281 Κέκληνται
2523 2205 2621 2279 μὲν
2639 2205 2728 2259 διὰ
2748 2205 2916 2277 νόμου
2934 2204 3071 2277 πρὸς
3086 2203 3218 2258 Θεὸν
3239 2205 3287 2258 οἱ
3310 2203 3370 2272 ἐξ
3383 2204 3611 2275 αἵματος

2034 2302 2274 2378 Ἰσραὴλ,
2321 2297 2697 2371 μεσιτεύοντος
2724 2297 2788 2351 τὸ
2816 2296 3070 2369 τηνικάδε
3112 2295 3209 2350 καὶ
3239 2295 3612 2360 διακονοῦντος

2022 2397 2285 2457 Μωσέως.
2321 2389 2461 2445 Ἀλλ’
2484 2389 2559 2453 ὡς
2584 2390 2611 2441 6
2638 2387 2926 2453 θεσπέσιος
2940 2387 3155 2459 ’γράφει
3179 2387 3423 2452 Παῦλος,
3458 2406 3478 2439 ι
3509 2388 3613 2441 Τε-

2021 2484 2308 2542 τελείωκεν
2335 2483 2364 2536 6
2393 2482 2557 2552 νόμος
2587 2478 2798 2534 οὐδένα.
2842 2498 2861 2531 ι
2894 2478 3184 2551 Τελειότης
3210 2495 3276 2547 γε
3308 2478 3413 2550 μὴν
3447 2476 3610 2532 αὑτοῦ

2022 2575 2118 2630 καὶ
2160 2570 2458 2646 προφητῶν
2487 2572 2689 2624 νοεῖται
2719 2569 2974 2641 Χριστός.
3013 2571 3172 2624 Πᾶσα
3204 2569 3311 2642 γὰρ
3344 2569 3615 2641 λύτρωσις

2021 2665 2088 2719 δι’
2116 2663 2304 2718 αὐτοῦ.
2365 2660 2518 2715 Ἐπεὶ⁵
2570 2677 2589 2712 ι
2638 2658 2732 2731 Μὴ
2776 2659 2922 2713 ἐστιν
2957 2658 3144 2732 ἓτερον
3184 2659 3356 2732 ὄνομα
3388 2659 3492 2713 ὑπὸ
3522 2658 3622 2713 τὸν-

1991 2754 2251 2826 ὀὑρανὺν
2298 2754 2357 2807 ἐν
2401 2749 2746 2822 ἀνθρώποις,
2782 2751 2840 2804 ἐν
2870 2740 2916 2818 ᾧ
2949 2750 3031 2803 δεῖ
3064 2749 3307 2820 σωθῆναι
3367 2750 3536 2822 ἡμᾶς,
3589 2768 3610 2801 ι

2023 2849 2121 2903 καὶ
2148 2848 2204 2902 ἐν
2249 2845 2398 2917 αὖτῷ
2441 2848 2587 2900 πᾶσα
2628 2844 2903 2915 τελειότης
2940 2843 3007 2897 δι’
3040 2843 3318 2915 ἁγιασμοῢ
3355 2846 3412 2898 ἐν
3447 2842 3614 2898 πνεύ-

2027 2918 2179 3011 ματι.
2204 2937 2281 2991 Δι’
2315 2934 2480 2990 αὐτοῦ
2512 2933 2828 3007 κεκλήμεθα
2859 2934 2995 3007 πρὸς
3024 2936 3114 2990 τὸν
3144 2935 3381 3007 Πατέρα,
3411 2932 3506 2987 καὶ
3534 2933 3618 2998 είς

2024 3031 2122 3102 τὴν
2156 3029 2269 3084 ἄνω
2316 3026 2470 3081 πόλιν
2515 3026 2901 3098 ἀναϐησόμεθα
2947 3028 3044 3080 sitv
3097 3025 3271 3099 αὐτῷ.
3325 3025 3438 3081 Καὶ
3483 3024 3618 3096 γοῦν

2024 3122 2265 3193 ἔφασκεν
2309 3120 2552 3192 ἐναργῶς
2573 3139 2587 3152 ·
2646 3139 2663 3173 ι
2734 3120 2823 3173 Ἐν
2851 3122 2917 3193 τῇ
2961 3119 3108 3191 οἰκίᾳ
3139 3118 3234 3173 τοῦ
3265 3119 3478 3189 Πατρός
3511 3135 3615 3191 μου

2026 3216 2219 3270 πολλαὶ
2253 3213 2412 3283 μοναί
2459 3213 2618 3267 εἰσιν.
2664 3214 2728 3266 Εἰ
2772 3212 2829 3266 δέ
2862 3213 2959 3284 μὴ.
2997 3207 3150 3266 εἷπον
3191 3210 3258 3266 ἂν
3304 3212 3463 3283 ὑμῖν⁸
3514 3213 3619 3266 Πο-

328 3302 446 3358 iero
471 3314 526 3359 et
550 3322 928 3377 prreparavero
957 3307 1114 3363 vobis
1159 3308 1380 3374 locum,
1429 3309 1630 3365 iterum
1674 3314 1915 3384 veniam,

2025 3307 2256 3380 ρεύομαι
2302 3306 2589 3378 ἑτοιμάσαι
2635 3305 2800 3358 τόπον
2849 3304 2999 3376 ὑμῖν.
3060 3304 3172 3358 Καὶ
3218 3304 3313 3358 ἐὰν
3363 3302 3617 3376 πορευθῶ

327 3404 385 3450 et
403 3397 666 3468 accipiam
699 3415 796 3452 vos
819 3398 886 3453 ad
913 3400 1206 3471 meipsum,
1237 3409 1298 3454 ut
1329 3400 1422 3457 ubi
1451 3419 1553 3474 ego
1570 3420 1712 3470 sum,
1739 3414 1795 3461 et
1822 3424 1919 3463 vos

328 3486 452 3544 sitis
485 3488 548 3542 "'.
574 3508 592 3539 ι
628 3489 895 3545 Primitiae
924 3492 1130 3545 etenim
1165 3500 1222 3546 et
1275 3491 1431 3561 quasi
1488 3492 1735 3549 initiatio
1765 3511 1918 3565 qua:-

329 3577 457 3634 dam
496 3579 858 3637 humanitatis
900 3582 1186 3653 praecessit
1235 3583 1291 3636 in
1329 3583 1551 3640 coelum.
1591 3584 1747 3652 Quod
1786 3603 1919 3643 vero

328 3670 445 3742 ipse
471 3673 843 3742 nosmetipsos
880 3671 1047 3727 etiam
1101 3671 1235 3727 illuc
1273 3672 1588 3730 inserturus
1632 3676 1724 3742 sit,
1756 3692 1920 3732 nemo

321 3763 449 3833 jure
473 3763 836 3823 dubitaverit.
866 3761 1230 3819 Confirmavit
1258 3764 1406 3820 enim
1440 3781 1543 3821 nos
1585 3767 1640 3823 in
1675 3784 1740 3823 ea
1787 3784 1920 3824 sen-

329 3856 503 3920 tentia
558 3856 649 3910 ille
688 3855 784 3926 qui
836 3855 1063 3910 mentiri
1108 3856 1309 3922 nescit,
1350 3858 1557 3929 quique
1605 3860 1697 3914 tali
1739 3860 1920 3932 dignis

326 3960 558 4001 munere
590 3959 742 4014 spem
770 3952 979 3999 certam
1014 3943 1164 3999 fecit.
1198 3944 1421 4000 Erimus
1453 3946 1638 4017 itaque
1664 3946 1789 4001 caeli
1831 3947 1917 4001 in-

326 4036 463 4090 cola:
495 4052 560 4090 ac
594 4035 746 4091 cives
769 4051 869 4091 suo
903 4044 1172 4107 tempore,
1200 4045 1485 4108 praeeunte
1530 4054 1652 4103 nos,
1676 4046 1738 4093 ut
1765 4039 1918 4094 dice-

325 4127 478 4193 bam,
522 4126 784 4194 Christo;
822 4127 989 4199 idque
1014 4143 1208 4184 verum
1240 4145 1385 4195 esse,
1433 4129 1598 4187 ﬁdem
1631 4131 1796 4185 faciet
1827 4145 1917 4185 sa-

326 4219 710 4289 pientissimus
761 4222 986 4287 Paulus,
1015 4238 1140 4278 cum
1172 4223 1247 4278 ita
1290 4223 1561 4293 scriptum
1592 4222 1914 4294 reliquerit:

335 4310 496 4365 «Non
533 4315 682 4367 enim
710 4311 767 4367 in
814 4312 1128 4369 manufacta
1179 4323 1367 4370 sancta
1424 4315 1587 4370 Jesus
1638 4315 1914 4380 introivit,

325 4403 659 4473 exemplaria
691 4420 972 4469 verorum,
1004 4404 1101 4461 sed
1139 4405 1197 4459 in
1235 4405 1420 4476 ipsum
1444 4406 1669 4469 coelum,
1706 4414 1771 4461 ut
1814 4422 1916 4477 ap-

330 4505 520 4563 pareat
562 4510 713 4550 nunc
736 4496 915 4551 vultui
949 4497 1048 4552 Dei
1089 4512 1191 4567 pro
1219 4496 1384 4552 nobis
1418 4496 1482 4550 ⁸¹.
1511 4516 1529 4548 ι
1576 4497 1704 4551 Fuit
1742 4497 1913 4563 enim,

327 4594 432 4647 est,
462 4586 679 4656 eritque
710 4588 856 4643 Deus
880 4598 1079 4643 natura
1113 4589 1388 4644 exsistens
1426 4605 1552 4643 cum
1579 4589 1743 4645 Patre
1789 4606 1912 4657 suo,

332 4676 386 4731 in
411 4653 906 4735 forma—Genitoris.
925 4681 1032 4735 Pro
1045 4680 1206 4735 nobis
1227 4695 1362 4736 vero
1392 4690 1642 4752 apparet,
1657 4682 1784 4753 quia
1815 4653 1920 4737 ho;
1950 4653 1998 4714 θ

330 4787 422 4825 mo
458 4769 636 4826 factus
666 4780 770 4836 est,
807 4779 871 4827 ut
895 4780 952 4827 et
971 4787 1073 4828 nos
1101 4773 1197 4844 qui
1225 4789 1256 4828 a
1283 4773 1463 4829 Patris
1490 4773 1666 4830 oculis
1696 4775 1922 4831 abducti

331 4877 523 4921 sumus
554 4878 655 4934 per
686 4863 881 4919 Adami
918 4863 1137 4935 lapsum
1166 4904 1183 4931 ,
1212 4865 1540 4936 peccatique
1591 4865 1925 4922 dominatio-

331 4968 490 5021 nem,
544 4970 768 5010 rursum
824 4958 1149 5027 conspectui
1187 4958 1307 5029 ejus
1355 4973 1455 5029 per
1499 4957 1784 5014 Christum
1834 4956 1921 5013 of-

332 5043 580 5101 feramur
621 5047 702 5103 uti
728 5047 784 5102 in
813 5047 1113 5118 principio,
1139 5048 1208 5104 iis
1245 5050 1342 5121 qui
1393 5065 1537 5121 pone
1565 5051 1830 5106 subibant
1863 5050 1922 5105 in

331 5136 568 5193 nihilum
594 5139 948 5197 abeuntibus.
986 5141 1154 5214 326
1176 5142 1369 5199 Vocati
1403 5144 1591 5215 itaque
1617 5145 1675 5200 in
1698 5142 1923 5200 Christo

331 5246 546 5299 sumus,
583 5235 718 5289 etin
743 5251 1043 5306 supernam
1078 5236 1386 5304 civitatem,
1420 5237 1533 5294 imo
1563 5237 1658 5309 qui
1685 5236 1753 5292 ad
1787 5252 1924 5292 con-

330 5333 581 5392 spectum
612 5325 709 5380 Dei
734 5335 793 5381 et
817 5326 999 5381 Patris
1034 5327 1394 5385 admittamur
1415 5344 1608 5385 sumus
1643 5328 1792 5400 digni
1824 5328 1926 5383 ha-

335 5414 456 5481 biti,
486 5432 551 5472 ac
580 5433 681 5487 per
710 5418 890 5488 ipsum
926 5428 982 5475 et
1008 5420 1065 5474 in
1096 5420 1216 5490 ipso
1256 5420 1490 5479 adorare
1516 5423 1766 5478 universi
1789 5438 1927 5478 con-

333 5502 573 5560 ditorem
608 5506 782 5561 Deum
810 5508 1031 5564 Patrem
1056 5509 1240 5565 edocti
1269 5526 1482 5569 sumus.
1530 5512 1591 5568 Id
1618 5530 1755 5570 vero
1800 5530 1926 5569 rur—

335 5610 457 5650 sum
489 5597 602 5667 ipsa
637 5600 723 5653 lex
753 5616 853 5669 per
876 5601 1105 5672 ﬁguram
1147 5602 1310 5659 nobis
1340 5604 1522 5660 innuit
1570 5615 1626 5660 ct
1654 5606 1919 5677 praedicit.

334 5682 599 5745 Ascendit
645 5691 796 5746 enim
836 5693 891 5747 in
943 5692 1116 5749 forma
1172 5695 1315 5765 ignis
1364 5697 1611 5753 omnium
1665 5699 1811 5754 Deus
1869 5698 1925 5752 in

2023 3400 2306 3471 ἑτοιμάσαι
2339 3399 2501 3454 τόπον
2550 3398 2699 3468 ὑμῖν,
2739 3397 2901 3451 πάλιν
2934 3396 3188 3471 ἔρχομαι,
3230 3396 3327 3451 καὶ
3363 3395 3615 3469 παραλῆ-

2020 3495 2193 3565 ψομαι
2224 3493 2369 3563 ὑμᾶς
2416 3490 2551 3561 πρὸς
2597 3488 2856 3560 ἐμαυτὸν,
2888 3484 2977 3543 ἵνα
3003 3488 3138 3542 ὅπου
3189 3488 3308 3561 είμλ⁵
3356 3485 3485 3559 ἐγὼ,
3520 3486 3619 3543 καῖ

2022 3589 2182 3658 ὑμεῖς
2209 3581 2329 3657 ἦτε.
2368 3604 2386 3638 ι
2420 3582 2755 3656 Πρωτόλειον
2789 3582 2887 3654 μὲν
2913 3581 3022 3654 γὰρ
3049 3581 3145 3637 καὶ
3173 3576 3263 3637 οἷὰ
3286 3599 3368 3646 τις
3390 3582 3619 3655 ἀπαρχῆ

2021 3678 2122 3748 τῆς
2174 3676 2602 3753 ἁνθρωπότητος.
2650 3673 3036 3748 προσέφρησεν
3090 3676 3172 3739 εἰς
3215 3675 3309 3729 τὸν
3364 3677 3615 3747 οὐρανόν.

2034 3768 2386 3840 Ἀνακομίσει
2425 3768 2482 3822 δέ
2510 3770 2592 3821 ὅτι
2620 3767 2716 3821 καὶ
2746 3765 2895 3837 ἡμᾶς
2926 3767 3153 3833 αὐτοὺς,
3187 3767 3289 3821 οὐκ
3315 3767 3381 3822 ἂν
3413 3766 3621 3822 ἐνδοιά-

2024 3859 2137 3913 σειέ
2171 3876 2275 3922 τις.
2327 3857 2585 3929 Ἐμπεδοῖ
2608 3858 2719 3929 γὰρ
2751 3858 2830 3921 είς
2862 3855 3021 3910 τοῦτο
3058 3855 3087 3909 6
3112 3855 3404 3928 ψεύδεσθαι
3433 3856 3508 3930 μὴ
3540 3858 3623 3913 εί·

2022 3949 2149 4015 δὼς,
2188 3950 2282 4005 καὶ
2309 3953 2422 4014 τοῖς
2451 3947 2546 4004 τοῦ
2580 3952 2765 4019 τυχεῖν
2790 3947 2962 4014 ἀξίοις
2988 3947 3086 4022 τὴν
3112 3949 3302 4004 ἐλπίδα
3336 3949 3617 4022 προσθείς.

2034 4041 2303 4113 Ἐσὸμεθα
2334 4042 2448 4113 γὰρ
2473 4039 2958 4112 οὐρανοῦπολῖται
3000 4041 3143 4097 κατὰ
3188 4043 3435 4112 καιροὺς,
3477 4058 3617 4113 προ-

2023 4135 2491 4204 αναφοιτήσαντος
2519 4131 2702 4203 ἡμῶν,
2733 4131 2808 4195 ὡς
2840 4130 2999 4203 ἔφην,
3029 4131 3292 4205 Χριττρῦ,
3311 4130 3618 4205 καὶάληθές

2020 4229 2103 4283 ὅτι
2138 4227 2327 4298 χρῆμά
2355 4228 2471 4280 ἐστι
2505 4225 2842 4280 πιστώσεται
2872 4228 2899 4280 ὁ
2934 4224 3246 4295 σοφώτατος
3274 4225 3489 4290 Παῦλος
3518 4223 3620 4280 ὡδὶ

2019 4318 2315 4389 γεγραφώς
2334 4334 2347 4349 ο
2384 4337 2403 4370 ι
2442 4318 2517 4371 Οὐ
2549 4317 2655 4390 γὰρ
2686 4318 2765 4382 εἰς
2787 4317 3145 4390 χειροποίητα
3171 4319 3340 4387 ’Ἅγια
3368 4316 3623 4389 εἰσῆλθεν.

2019 4409 2049 4462 6
2084 4406 2342 4480 Χριστὸς,
2383 4407 2656 4462 ἀντίτυπα
2704 4405 2811 4460 τῶν
2861 4405 3154 4478 ἀληθινῶν,
3189 4405 3303 4462 ἀλλ’
3339 4409 3419 4471 εἰς
3453 4407 3617 4462 αὐτὸν

2019 4500 2110 4555 τὸν
2137 4498 2366 4573 οὐρανὸν
2391 4498 2486 4553 νῦν
2516 4497 2918 4570 ἐμφανισθῆναι
2948 4498 3026 4571 τῷ
3052 4498 3333 4573 προσώπῳ
3356 4499 3450 4554 τοῦ
3479 4498 3616 4554 Θεοῦ

2024 4593 2166 4665 ὑπὲρ
2195 4592 2373 4664 ἡμῶν.
2413 4611 2432 4645 ι
2462 4587 2573 4645 Ἦν
2606 4590 2705 4662 μὲν
2735 4590 2865 4661 γὰρ,
2890 4592 2984 4647 καὶ
3011 4591 3150 4651 ἐστι,
3184 4591 3275 4646 καὶ
3305 4591 3457 4646 ἔσται
3481 4590 3616 4655 Θεὸς

2023 4683 2100 4738 ὣν
2121 4684 2304 4755 φύσει,
2338 4681 2482 4754 μετὰ
2506 4680 2601 4737 τοῦ
2636 4681 2766 4735 ἰδίου
2799 4682 3013 4753 Πατρὸς
3043 4684 3137 4737 καὶ
3170 4685 3227 4736 ἐν
3254 4683 3372 4754 ὄψει
3402 4682 3495 4737 τοῦ
3520 4700 3623 4753 γε⁴⁴

2019 4776 2368 4848 γεννηκὸτος.
2417 4773 2809 4846 Ἔμφανίζεται
2839 4775 2895 4828 δὲ
2927 4774 3070 4848 ὑπὲρ
3109 4773 3266 4846 ἡμῶν
3286 4815 3301 4841 ,
3340 4776 3424 4829 ὅτι
3453 4775 3627 4847 τέγος

2019 4889 2110 4925 νεν
2153 4869 2476 4941 ἄνθρωπος,
2514 4868 2602 4921 ἵνα
2644 4866 2739 4921 καὶ
2772 4868 2959 4938 ἡμεῖς,
3005 4869 3053 4921 οἱ
3100 4867 3209 4921 τῶν
3255 4867 3351 4922 τοῦ
3400 4869 3618 4942 Πατρὸς

2019 4961 2287 5034 ὀμμάτων
2326 4959 2712 5033 ἐξερριμμένοι
2752 4958 2840 5013 διά
2877 4976 2938 5013 τε
2984 4960 3081 5032 τὴν
3136 4960 3195 5014 ἐν
3237 4961 3410 5035 Ἀδὰμ
3439 4962 3619 5034 παρά·

2022 5055 2182 5109 ϐασιν
2203 5095 2218 5120 ,
2255 5052 2351 5108 καὶ
2389 5052 2489 5124 τὴν
2535 5051 2658 5107 καθ’
2692 5052 2839 5124 ἡμᾶς
2867 5053 3284 5125 τυραννήσασαν
3317 5055 3615 5129 ἁμαρτίαν,

2023 5149 2080 5201 ἐν
2115 5142 2237 5216 ὄψει
2269 5143 2558 5217 γενώμεθα
2602 5143 2768 5200 πάλιν
2793 5143 2957 5198 αὑτοῦ
2978 5184 2993 5210 ,
3030 5143 3121 5199 διὰ
3149 5145 3391 5218 Χριστοῦ
3420 5162 3479 5198 τε
3520 5145 3617 5200 καὶ

2023 5239 2103 5301 εἰς
2133 5237 2195 5290 τὸ
2226 5238 2284 5291 ἐν
2313 5236 2532 5309 ἀρχαῖς,
2565 5234 2674 5290 τῶν
2707 5233 2912 5307 μεταξὺ
2948 5234 3499 5308 παρεισϐεϐηκότων,
3533 5238 3615 5290 οί-

2022 5330 2270 5402 χομένων
2300 5330 2380 5394 είς
2403 5328 2463 5383 τὸ
2495 5327 2683 5400 μηδέν.
2713 5327 3049 5399 Κεκλήμεθα
3071 5322 3164 5383 οὖν
3192 5328 3255 5400 δὴ
3281 5331 3340 5384 ἐν
3371 5328 3615 5401 Χριστῷ,

2025 5424 2120 5478 καὶ
2150 5424 2229 5487 είς
2255 5422 2356 5493 τὴν
2385 5421 2498 5476 ἄνω
2542 5418 2695 5473 πόλιν
2713 5460 2729 5485 ,
2759 5419 2854 5474 καὶ
2880 5419 2980 5491 τῆς
3022 5420 3171 5492 παρὰ
3202 5420 3339 5476 Θεοῦ
3382 5422 3476 5477 καὶ
3504 5423 3620 5477 Πα.

2030 5516 2158 5587 τρὺς
2191 5513 2457 5577 ἐποπτίας
2483 5510 2804 5585 ἀξιούμεθα,
2838 5510 2933 5565 καὶ
2961 5510 3031 5565 δι’
3055 5511 3221 5566 αὐτοῦ
3256 5512 3349 5567 καὶ
3379 5515 3437 5567 ἐν
3470 5513 3620 5585 αὐτῷ

2031 5605 2391 5677 δεδιδάγμεθα
2423 5605 2746 5674 προσκυνεῖν
2778 5603 2871 5656 τὸν
2914 5602 3022 5656 τῶν
3055 5603 3192 5659 ὅλων
3237 5606 3620 5677 γενεσιουργόν
3687 5673 3695 5684 ι

2032 5716 2089 5751 τε
2115 5698 2208 5752 καὶ
2237 5697 2455 5767 Πατέρα
2483 5695 2638 5751 Θεόν.
2665 5691 3046 5765 Προανεφώνει
3069 5693 3127 5748 δὲ
3153 5694 3248 5751 καὶ
3273 5696 3434 5753 τοῦτο
3461 5696 3617 5752 πάλιν

414 5803 457 5835 ³⁷
492 5802 664 5863 Exod.
691 5825 800 5877 xix,
826 5809 916 5868 24.
995 5811 1041 5845 ’⁸
1069 5811 1236 5869 Hebr.
1268 5831 1359 5885 vn,
1398 5815 1478 5872 19.
1562 5817 1606 5848 ”
1647 5815 1768 5873 Act.
1798 5833 1868 5889 tv,
1907 5816 1988 5871 12.
2068 5816 2288 5873 "Joan.
2324 5831 2432 5885 xlv,
2463 5813 2519 5883 9.,
2545 5812 2597 5869 3.
2680 5811 2718 5843 ³¹
2756 5809 2921 5866 Hebr.
2960 5824 3033 5876 ix,
3066 5807 3154 5866 24.
