4060 6444
489 413 596 470 813

1511 371 2038 462 οιριριιγιιοῐιωι
2079 403 2143 459 ιχ
2188 402 2473 460 EXODUM
2518 404 2645 460 LIB.
2691 405 2773 460 ιη.

3685 405 3792 461 εςι

486 525 620 597 ἡμῖν
653 522 682 576 6
721 519 884 592 νόμος
933 519 1368 591 αἰνιγματωδῶς.
1419 519 1816 588 Καταϐἐϐηκεν
1857 519 1956 590 μὲν
1988 519 2097 590 γὰρ

2211 530 2454 574 montem
2492 519 2666 585 Siizai,
2701 518 2966 574 Israclitis
2994 519 3221 575 tradens
3244 533 3306 573 ea
3327 534 3427 589 per
3449 535 3570 589 qute
3594 521 3658 574 ad
3676 522 3795 576 ori-

488 619 548 672 ὲν
569 616 698 670 εἴδει
728 614 902 686 πυρὸς
927 615 954 666 6
983 613 1092 666 τῶν
1124 613 1260 667 ὅλων
1287 612 1421 676 es”;
1457 612 1548 665 ἐπὶ
1574 612 1634 665 τὸ
1665 611 1793 682 ὅρος
1831 611 1891 664 τὸ
1928 612 2059 664 Σινᾶ
2078 629 2091 642 ’

488 706 904 779 θεσμοθετήσας
937 705 994 758 δὲ
1030 707 1143 770 τοῖς
1168 705 1228 770 ἐξ
1273 704 1493 778 Ἰσραὴλ
1528 703 1597 758 τά
1633 704 1700 758 δι’
1733 697 1808 757 ὧν
1851 699 1918 774 ἦν
1951 702 2097 767 εἰκὸς

489 803 570 865 είς
602 799 779 870 ἀρχάς
814 797 951 851 ἱέναι
983 796 1356 867 δικαιοσύνης.
1394 796 1732 869 Προεισϐολὴ
1763 796 1870 868 γάρ
1905 795 2095 867 ὥσπερ

489 896 518 948 6
564 893 732 964 νόμος
774 891 886 944 τῶν
920 890 1308 960 τελειοτέρων,
1349 890 1590 961 στοιχεῖά
1623 907 1683 943 τε
1715 890 1810 943 καὶ
1859 888 2097 959 προαγόο

497 1000 678 1057 ρευσις
715 983 826 1036 τῶν
861 981 948 1036 διὰ
993 980 1233 1052 Χριστοῦ
1270 979 1679 1049 παιδευμάτων.
1732 981 1842 1034 Kal
1883 982 2094 1051 Μωσῇ,

497 1076 692 1148 φησὶν,
727 1071 911 1129 εἶπενο
965 1092 984 1126 ι
1047 1071 1308 1144 Ἀνάϐηθι
1354 1072 1491 1144 πρὸς
1541 1071 1633 1126 τὸν
1677 1071 1844 1136 Θεὸν,
1897 1073 1960 1126 σὺ
2002 1071 2097 1124 καὶ

508 1165 716 1240 Ἀαρὼν
735 1209 750 1232 ,
789 1167 886 1221 καὶ
920 1163 1113 1220 Ναδὰϐ
1133 1207 1147 1231 ,
1179 1165 1276 1218 καὶ
1315 1163 1530 1220 Ἀϐιοὺδ
1558 1205 1572 1229 ,
1599 1165 1698 1219 καὶ
1723 1165 2098 1236 ἑϐδομήκοντα

491 1260 600 1313 τῶν
630 1257 1024 1332 πρεσϐυτέρων
1073 1258 1326 1330 Ἰσραὴλ,
1372 1259 1469 1314 καὶ
1499 1261 1942 1331 προσκυνήσουσι
1986 1274 2096 1329 μα-

493 1354 686 1427 κρόθεν
733 1351 813 1424 τῷ
867 1351 1082 1425 Κυρίῳ.
1136 1351 1248 1406 Kal
1295 1353 1473 1421 ὲγγιεῖ
1506 1351 1715 1423 Μωσῆς
1764 1351 1926 1422 μόνος
1960 1349 2098 1422 πρὸς

491 1447 581 1500 τὸν
611 1445 766 1499 Θεόν.
798 1444 964 1498 Αὐτοὶ
990 1442 1048 1497 δὲ
1080 1443 1182 1497 οὐκ
1218 1443 1519 1513 ὲγγιοῦσιν.
1552 1443 1610 1496 '0
1639 1443 1696 1496 δὲ
1718 1441 1847 1506 λαὸς
1875 1443 1936 1495 οὐ
1969 1458 2098 1496 συνο

495 1541 829 1612 αναϐήσεται
886 1537 1004 1610 μετ’
1043 1537 1246 1592 αὐτῶν.
1286 1557 1304 1588 ι
1358 1535 1798 1607 Ἀπηγγελκότος
1835 1534 1891 1588 δὲ
1926 1531 2099 1589 ταῦτα

495 1635 590 1689 τοῦ
633 1632 913 1703 πανσόφου
959 1629 1236 1696 Μωσέως,
1287 1629 1567 1700 ἀπεκρίθη
1618 1631 1727 1692 πᾶς
1766 1627 1896 1692 λαὸς
1943 1629 2097 1700 φωνῇ

499 1726 710 1798 μεγάλῃ
736 1725 988 1792 λέγοντες
1008 1741 1020 1752 ·
1059 1743 1077 1776 ‹
1108 1723 1326 1786 Πάντας
1357 1724 1484 1786 τοὺς
1509 1722 1706 1791 λόγους
1745 1720 1839 1786 οὓς
1867 1721 2096 1792 ὲλάλησε

497 1818 723 1888 Κύριος,
761 1819 1088 1888 ποιήσομεν,
1123 1815 1218 1868 καὶ
1246 1813 1618 1885 ἀκουσόμεθα.
1661 1832 1680 1864 ι
1717 1811 1830 1868 Kal
1869 1812 1924 1866 τί
1959 1811 2099 1884 μετά

2199 613 2438 684 giualem
2461 613 2736 684 justitiam
2776 613 3116 669 contendere
3161 629 3262 686 par
3297 623 3435 668 erat.
3484 611 3596 666 Lex
3645 613 3795 668 enim

2199 705 2373 762 veluti
2402 705 2653 777 quaedam
2685 707 3014 778 praagressi‘o
3065 717 3150 764 est
3196 706 3617 778 perfectiorum,
3649 708 3800 762 rudi-

2199 811 2498 872 mcntaque
2561 811 2616 856 et
2675 803 2965 871 praedictio
3030 803 3301 860 doctrinae
3366 803 3595 859 Christi.
3659 803 3799 858 Mosi

2199 896 2346 951 enim
2372 894 2550 950 dixit:
2589 915 2605 945 ι
2632 894 2883 950 Ascende
2911 897 2980 951 ad
3019 897 3338 963 Dominum,
3382 904 3440 950 tu
3479 905 3536 952 et
3588 896 3797 962 Aaron,

2197 997 2255 1042 et
2276 985 2488 1052 Nadab,
2538 993 2594 1040 et
2623 985 2833 1050 Abiud,
2886 994 2942 1040 et
2965 987 3322 1059 septuaginta
3363 987 3432 1042 de
3481 987 3801 1042 senioribus

2199 1079 2368 1134 Israel
2402 1097 2414 1133 :
2456 1089 2512 1134 ct
2533 1077 2850 1133 adorabunt
2879 1078 3103 1132 eminus
3138 1079 3457 1132 Dominum.
3499 1079 3567 1134 Et
3594 1094 3800 1149 appro-

2200 1171 2494 1243 pinquabit
2539 1173 2691 1226 solus
2731 1172 2912 1227 Moses
2957 1171 3027 1226 ad
3076 1171 3274 1226 Deum.
3311 1172 3420 1242 Ipsi
3454 1180 3639 1227 autem
3688 1187 3799 1226 non

2200 1265 2754 1336 appropinquabunt.
2787 1264 2858 1320 At
2886 1264 3126 1335 populus
3156 1280 3269 1320 non
3322 1265 3486 1320 simul
3541 1265 3804 1320 ascendet

2201 1371 2328 1410 cum
2359 1356 2461 1410 eis.
2493 1375 2510 1406 ι
2552 1355 2828 1410 Narrante
2853 1371 2992 1411 vero
3011 1355 3129 1410 hmc
3156 1355 3570 1426 sapientissime
3595 1354 3802 1427 Moyse,

2201 1448 2492 1518 respondit
2543 1449 2726 1503 omnis
2785 1450 3028 1519 populus
3083 1464 3220 1504 voce
3282 1464 3512 1519 magna,
3564 1448 3802 1504 dicens:

2208 1559 2227 1591 ι
2250 1538 2457 1596 Omnes
2479 1555 2767 1596 sermones
2813 1556 2954 1611 quos
3004 1540 3226 1595 locutus
3261 1548 3348 1595 est
3401 1540 3691 1605 Dominus,
3723 1540 3802 1593 fa-

2200 1633 2412 1688 ciemus
2435 1639 2493 1688 et
2525 1632 2837 1689 audiemus.
2865 1654 2882 1686 ι
2923 1633 3033 1689 Sed
3068 1634 3202 1704 quid
3237 1635 3462 1704 postea?
3494 1655 3512 1686 ‹
3536 1635 3792 1706 Scripsit,

2201 1727 2405 1798 inquit,
2446 1727 2626 1783 Moses
2661 1729 2846 1784 omnia
2881 1729 3071 1783 verba.
3105 1728 3353 1799 Surgeus
3391 1743 3577 1785 autem
3620 1730 3797 1785 aedili-

2201 1816 2351 1870 cavit
2370 1816 2545 1871 altare
2586 1817 2690 1871 sub
2714 1826 2925 1883 monte,
2949 1827 3006 1872 et
3030 1817 3325 1873 duodecim
3346 1820 3559 1890 lapides
3588 1820 3642 1874 iu
3667 1821 3804 1875 duo-

494 1910 688 1976 τοῦτο;
723 1911 834 1964 Kal
872 1909 1102 1981 ἔγραψε,
1136 1909 1294 1980 φησι,
1331 1909 1538 1976 Μωσῆς
1569 1906 1748 1960 πάντα
1771 1905 1841 1959 τά
1873 1906 2098 1979 ῥήματα

2211 1907 2387 1962 decim
2440 1908 2622 1964 tribus
2678 1908 2873 1964 Israel.
2936 1910 3006 1964 Et
3061 1910 3215 1965 misit
3273 1912 3509 1983 juvenes
3562 1911 3804 1966 ﬁliorum

495 2003 727 2078 Κυρίου.
779 2001 1075 2086 ζορθρίσας
1119 2001 1175 2054 δὲ
1206 2001 1414 2074 Μωσῆς
1449 2000 1509 2054 τὸ
1549 1999 1719 2071 πρωῒ,
1773 1999 2099 2070 ᾠκοδόμησε

494 2094 884 2167 θυσιαστήριον
919 2095 1011 2148 ἐπὶ
1031 2095 1092 2147 τὺ
1120 2095 1278 2166 ὅρος,
1313 2095 1407 2148 καὶ
1442 2092 1649 2147 δώδεκα
1684 2092 1864 2154 λίθους
1899 2093 1978 2155 είς
2001 2091 2102 2154 τὰς

493 2188 703 2242 δώδεκα
745 2187 920 2258 φυλὰς
957 2186 1053 2241 τοῦ
1105 2187 1346 2259 Ἰσραήλ.
1409 2187 1520 2240 Kal
1565 2183 1919 2253 ἐξαπέστειλε
1973 2182 2102 2247 τοὺς

495 2284 817 2346 νεανίσκους
838 2281 947 2336 τῶν
970 2281 1106 2336 υίῶν
1142 2281 1365 2355 Ἰσραὴλ
1383 2319 1396 2344 ,
1422 2279 1519 2334 καὶ
1545 2281 1855 2350 ἀνήνεγκαν
1875 2277 2104 2331 ὁλοκαυ-

492 2378 754 2448 τώματα,
812 2376 909 2432 καὶ
958 2370 1160 2430 ἔθυσαν
1218 2373 1410 2429 θυσίαν
1458 2374 1729 2445 σωτηρίου
1784 2371 1976 2442 Κυρίῳ
2023 2369 2103 2442 τῷ

495 2471 638 2542 Θεῷ,
665 2469 958 2542 μοσχάρια.
983 2466 1182 2522 Λαϐὼν
1209 2466 1266 2520 δὲ
1294 2466 1503 2536 Μωσῆς
1528 2467 1590 2520 τὸ
1609 2468 1780 2538 ἥμισυ
1805 2465 1900 2520 τοῦ
1932 2464 2101 2536 αἵμα-

494 2579 588 2626 τος
621 2561 837 2631 ἐνέχεεν
880 2560 960 2624 είς
991 2559 1085 2612 τὸν
1116 2557 1369 2630 κρατῆρα
1388 2571 1402 2585 '
1431 2557 1493 2610 τὸ
1520 2557 1574 2610 δὲ
1605 2558 1778 2628 ἥμισυ
1809 2556 1904 2610 τοῦ
1935 2557 2104 2627 αἵμα-

495 2671 588 2719 τος
621 2653 886 2726 προσέχεε
933 2652 1072 2724 πρὸς
1117 2652 1180 2705 τὸ
1216 2651 1623 2722 θυσιαστήριον.
1672 2651 1782 2704 Καὶ
1815 2648 1996 2704 λαϐὼν
2043 2649 2104 2702 τὸ

499 2746 704 2818 βιϐλίον
734 2747 834 2818 τῆς
859 2747 1150 2818 διαθήκης,
1189 2745 1404 2814 ἀνέγνω
1427 2746 1507 2808 εἰς
1547 2743 1616 2797 τά
1651 2737 1767 2796 ὦτα
1802 2741 1896 2796 τοῦ
1925 2740 2058 2794 λαοῦ
2087 2755 2102 2771 °

497 2842 592 2894 καὶ
637 2834 834 2893 εἶπανο
879 2838 1063 2893 Πάντα
1110 2840 1211 2893 ὅσα
1249 2837 1516 2909 ἐλάλησεν
1554 2839 1582 2891 6
1622 2836 1829 2908 Κύριος
1877 2835 2103 2906 ποιήσοε

501 2950 601 3004 μεν
636 2933 730 2986 καὶ
763 2931 1139 3003 ἀκουσόμεθα.
1175 2930 1373 2985 Λαϐὼν
1400 2930 1457 2984 δὲ
1491 2929 1700 3001 Μωσῆς
1738 2929 1798 2982 τὸ
1833 2922 1974 3000 αἷμα
2002 2945 2104 2980 κα-

495 3025 829 3081 τεσκέδασεν
873 3025 970 3080 τοῦ
1005 3025 1159 3091 λαοῦ,
1195 3025 1291 3079 καὶ
1319 3019 1472 3078 εἶπεν
1494 3041 1506 3054 ·
1550 3023 1680 3077 Ἰδοὺ
1725 3023 1786 3076 τὸ
1837 3017 1976 3093 αἷμα
2005 3021 2105 3094 τῆς

496 3117 794 3190 διαθήκης,
824 3113 893 3191 ἦς
917 3117 1124 3172 διέθετο
1146 3116 1355 3189 Κύριος
1385 3116 1523 3191 πρὸς
1547 3117 1694 3188 ὑμᾶς
1723 3117 1854 3188 περὶ
1886 3115 2106 3169 πάντων

495 3213 606 3268 τῶν
628 3213 806 3282 λόγων
835 3211 1062 3267 τούτων.
1114 3209 1644 3284 Ἐκπεπερασμένης
1676 3210 1732 3264 δὲ
1755 3210 1854 3280 τῆς
1890 3205 2102 3272 θυσίας,
2135 3248 2176 3306 c

496 3307 593 3359 καὶ
619 3304 1030 3377 κατερραμένου
1061 3304 1260 3368 παντὸς
1286 3302 1382 3356 τοῦ
1407 3301 1538 3358 λαοῦ
1579 3301 1660 3373 τῷ
1697 3302 1796 3373 τῆς
1835 3300 2102 3373 διαθήκης

497 3399 713 3472 αἵματι,
747 3396 915 3468 ἀνέϐη
958 3397 1034 3462 δὲ,
1071 3396 1260 3467 φησὶν,
1297 3398 1325 3450 6
1364 3395 1570 3465 Μωσῆς
1606 3393 1700 3447 καὶ
1742 3392 1977 3464 Ἀαρὼν,
2010 3392 2105 3446 καὶ

498 3491 718 3564 Ναδὰϐ,
742 3491 838 3545 καὶ
881 3490 1095 3544 Ἀϐιόὺδ
1119 3530 1134 3555 ,
1166 3490 1262 3545 καὶ
1287 3488 1662 3561 ἐϐδομήκοντα
1689 3487 1788 3558 τῆς
1813 3485 2105 3564 γερουσίας

497 3582 594 3638 τοῦ
632 3563 762 3636 λαοῦ
808 3581 1058 3655 Ἰσραὴλ,
1093 3582 1188 3636 καὶ
1225 3577 1364 3634 εἶδον
1389 3580 1482 3634 τὸν
1512 3579 1677 3633 τόπον
1708 3571 1770 3633 οὗ
1798 3563 2041 3650 εἱστήκει
2077 3578 2106 3630 6

497 3678 632 3742 Θεὸς
656 3677 751 3731 τοῦ
791 3675 1009 3748 Ἰσραὴλ
1027 3716 1042 3741 ,
1071 3675 1169 3729 καὶ
1192 3675 1260 3728 τά
1278 3672 1384 3727 ὑπὸ
1408 3672 1536 3736 τοὺς
1560 3672 1727 3737 πόδας
1749 3670 1915 3726 αὑτοῦ
1933 3712 1947 3738 ,
1973 3667 2106 3722 ὡσεὶ

499 3773 663 3845 εργον
695 3770 918 3824 πλίνθου
961 3768 1292 3840 σαπφείρου,
1324 3767 1420 3822 καὶ
1450 3765 1640 3838 ὥσπερ
1689 3756 1827 3826 εἶδος
1874 3760 2107 3834 στερεώ-

502 3881 674 3936 ματος
691 3861 786 3917 τοῦ
810 3861 1042 3936 οὐρανοῦ
1065 3864 1132 3934 τῇ
1158 3860 1514 3931 καθαρότητι.
1540 3859 1652 3914 Καὶ
1671 3857 1779 3912 τῶν
1803 3856 2106 3911 ἐπιλέκτων

499 3956 597 4012 τοῦ
636 3937 857 4028 Ἰσραὴλ
881 3958 942 4017 οὐ
975 3954 1313 4034 διεφώνησεν
1339 3953 1460 4008 οὐδὲ
1487 3947 1587 4017 εἷς.
1620 3952 1728 4005 Kal
1759 3948 2023 4022 ὤφθησαν
2049 3949 2107 4000 ὲν

498 4050 579 4123 τῷ
607 4050 763 4122 τόπῳ
788 4049 884 4104 τοῦ
913 4049 1052 4103 Θεοῦ
1073 4089 1087 4113 ,
1118 4050 1211 4103 καὶ
1233 4047 1438 4119 ἔφαγον
1477 4048 1573 4102 καὶ
1601 4045 1778 4100 ἔπιον.
1813 4063 1832 4097 ι
1865 4043 2004 4115 Φέρε
2040 4040 2106 4112 δὴ

500 4141 620 4208 οὖν,
646 4146 782 4215 φέρε
822 4143 911 4214 ἐφ’
949 4143 1168 4213 ἑκάστῳ
1197 4141 1308 4194 τῶν
1341 4137 1776 4209 ἀνεγνωσμένων
1811 4135 1882 4190 τὰ
1918 4133 2108 4188 εἰκότα

501 4238 776 4309 λέγωμεν,
803 4237 1023 4308 καὶτῆς
1044 4235 1155 4290 τῶν
1177 4232 1554 4307 προκειμένων
1578 4229 1788 4293 ἑννοίας
1813 4228 2108 4301 ἀρχόμενοι

503 4332 628 4387 κατ’
647 4331 810 4399 εὐθὺ,
838 4331 907 4385 τά
934 4331 1016 4395 είς
1044 4327 1480 4401 ἡμᾶς-,γεγονότα
1517 4323 1670 4395 παρά
1698 4321 1957 4395 Χριστοῦ.
1995 4322 2110 4375 Κα-

504 4425 684 4498 θάπερ
714 4426 772 4478 ὲν
821 4425 1014 4478 πίνακι
1058 4418 1570 4492 καταγεγραμμένα
1605 4416 1892 4488 βλέπωμεν
1939 4415 1997 4468 ὲν
2042 4416 2108 4485 τῇ

505 4515 856 4588 θεοπνεύστῳ
895 4515 1088 4587 Γραφῇ
1107 4553 1123 4576 .
1153 4513 1250 4568 καὶ
1282 4513 1380 4585 τὴν
1421 4511 1534 4567 ἀνω
1570 4527 1631 4563 τε
1671 4511 1764 4564 καὶ
1795 4511 1851 4562 ὲν
1877 4511 1990 4572 τοῖς
2021 4509 2112 4562 οὐ-

2204 2000 2397 2066 lsrael,
2428 2009 2486 2056 et
2508 2001 2836 2057 obtulerunt
2857 2002 3206 2068 holocausta,
3255 2012 3312 2058 et
3350 2003 3808 2059 sacriﬁcaverunt

2203 2092 2485 2148 victimam
2557 2094 2753 2150 salutis
2801 2095 3037 2151 Domino
3083 2096 3219 2161 Deo,
3265 2096 3492 2151 vitulos.
3516 2080 3828 2167 Accipiens

2205 2194 2393 2242 autem
2431 2186 2613 2242 Moses
2659 2185 2956 2242 dimidium
3007 2188 3294 2258 sanguinis
3346 2188 3556 2243 infudit
3588 2189 3645 2243 in
3683 2203 3808 2242 cra-

2205 2288 2404 2345 terem,
2435 2288 2492 2335 et
2525 2279 2822 2335 dimidium
2863 2279 3152 2350 sanguinis
3186 2295 3357 2351 super
3384 2281 3576 2336 altare.
3620 2280 3689 2336 Et
3715 2297 3812 2336 ac-

2205 2370 2420 2442 cipiens
2441 2371 2649 2426 librum
2687 2372 3051 2439 Testamenti,
3107 2372 3242 2445 legit
3270 2373 3328 2428 in
3360 2388 3526 2428 aures
3591 2373 3809 2443 populi,

2206 2465 2302 2536 qui
2331 2464 2504 2521 dixit:
2531 2463 2728 2520 Omnia
2754 2481 2878 2536 quae
2929 2465 3154 2521 locutus
3198 2475 3286 2521 est
3330 2466 3600 2522 Dominus
3643 2465 3811 2521 faeie-

2207 2573 2354 2623 mus,
2392 2566 2451 2612 et
2503 2556 2835 2612 obediemus
2891 2557 2966 2611 ei.
3027 2556 3326 2628 Accipiens
3384 2567 3576 2612 autem
3635 2558 3814 2613 Moses

2207 2649 2535 2722 sanguinem
2576 2648 2817 2719 aspersit
2857 2650 3150 2721 populum,
3181 2658 3236 2705 et
3284 2649 3464 2704 dixit:
3501 2652 3642 2706 Ecce
3681 2667 3812 2706 sau—

2208 2743 2332 2815 guis
2364 2742 2594 2798 fmdcris
2617 2742 2766 2813 quod
2807 2743 3087 2813 disposuit
3115 2743 3384 2798 Dominus
3410 2743 3698 2798 vobiscum
3742 2743 3812 2798 de

2209 2835 2472 2892 omnibus
2534 2835 2890 2891 sermonibus
2968 2837 3111 2892 istis.
3175 2836 3408 2891 Peracto
3463 2837 3578 2906 jam
3638 2837 3813 2892 sacri-

2209 2929 2357 2995 ﬁcio,
2384 2938 2440 2984 et
2466 2944 2695 2999 asperso
2716 2930 2986 3001 sanguine
3023 2929 3254 2984 hederis
3285 2929 3497 2999 populo
3525 2927 3811 2991 universo,

2209 3019 2588 3074 ascenderunt
2613 3019 2832 3092 Moyses
2865 3031 2923 3075 et
2950 3021 3157 3086 Aaron,
3184 3020 3378 3075 Nadab
3411 3030 3470 3075 et
3519 3019 3728 3084 Abiud,
3757 3029 3816 3074 et

2209 3113 2559 3184 septuaginta
2581 3113 2833 3168 seniores
2853 3113 3044 3184 populi
3070 3113 3362 3168 Israelitici
3386 3133 3398 3168 :
3434 3113 3813 3182 videruntque

2211 3209 2394 3263 locum
2420 3207 2474 3261 in
2503 3223 2614 3277 quo
2649 3217 2882 3264 steterat
2905 3210 3055 3266 Deus
3079 3209 3270 3274 Israel,
3309 3216 3366 3263 et
3405 3223 3530 3278 quae
3581 3207 3684 3262 sub
3714 3223 3812 3278 pe—

2211 3299 2378 3354 dibus
2401 3299 2523 3371 ejus
2544 3299 2785 3366 fuerant,
2817 3311 3080 3372 tanquam
3125 3316 3268 3372 opus
3305 3299 3510 3372 lapidis
3541 3300 3813 3370 sapphiri,

2211 3403 2269 3452 et
2300 3395 2447 3452 sicut
2467 3396 2687 3469 species
2729 3393 3068 3450 ﬁrmamenti
3119 3396 3272 3461 coeli,
3324 3409 3451 3450 eum
3485 3392 3688 3448 sudum
3730 3403 3818 3448 est

2212 3503 2278 3544 ac
2301 3502 2586 3544 serenum.
2631 3488 2702 3544 Et
2730 3487 2808 3544 de.
2825 3487 3021 3544 electis
3063 3488 3231 3544 Israel
3279 3503 3350 3543 ne
3406 3503 3553 3542 unus
3591 3486 3818 3557 quidem

2213 3581 2508 3638 dissonuit.
2545 3581 2617 3638 Et
2642 3591 3027 3653 apparuerunt
3050 3582 3107 3636 in
3141 3581 3270 3636 loco
3296 3581 3418 3646 Dei,
3469 3579 3820 3649 ederuntque

2213 3692 2278 3732 ac
2301 3675 2568 3732 biberunt
2597 3676 2641 3708 υ
2664 3698 2710 3731 ι.
2743 3677 2856 3748 Age
2879 3677 3092 3747 itaque,
3124 3691 3246 3748 age,
3277 3675 3344 3731 de
3371 3674 3606 3746 singulis
3625 3689 3819 3729 eorum

2213 3784 2337 3839 quae
2360 3769 2618 3841 legimus,
2645 3785 2769 3839 quae
2823 3771 3064 3825 maxime
3125 3769 3388 3825 convenit
3442 3768 3731 3836 dicamus;
3764 3780 3822 3824 et

2212 3862 2630 3932 quamprimum
2659 3861 2728 3916 de
2753 3861 2840 3926 iis,
2871 3877 2995 3933 quae
3019 3861 3087 3918 de
3133 3860 3420 3933 prOposita
3445 3861 3682 3915 materia
3728 3875 3824 3917 co-

2215 3955 2538 4026 gitavimus,
2577 3955 2953 4026 auspicantes,
2991 3971 3057 4010 ea
3082 3970 3206 4025 qua:
3227 3955 3380 4010 circa
3421 3969 3526 4010 nos
3565 3952 3823 4010 Christus

2216 4047 2436 4117 operari
2467 4047 2726 4119 dignatus
2741 4055 2846 4103 est.
2873 4047 3036 4118 327
3069 4046 3254 4102 Veluti
3282 4046 3338 4101 in
3364 4047 3551 4102 tabula
3582 4047 3822 4118 quadam

2217 4140 2503 4211 descripta
2532 4140 2892 4211 speculemur
2942 4141 2996 4194 in
3033 4139 3306 4194 divinitus
3348 4138 3620 4210 inspirata
3668 4139 3822 4196 Scri-

2217 4240 2404 4303 ptura,
2435 4247 2562 4288 cum
2599 4247 2722 4287 eam
2745 4248 2868 4302 quae
2898 4247 3124 4287 sursum
3157 4241 3244 4287 est
3277 4245 3344 4286 ac
3393 4233 3679 4287 emlestem
3713 4231 3822 4286 Ec-

2217 4325 2465 4390 clesiam,
2496 4341 2594 4381 seu
2621 4324 2823 4380 caelum
2860 4325 3079 4395 ipsum,
3119 4339 3356 4394 eamque
3380 4339 3504 4395 quae
3538 4324 3595 4378 in
3627 4325 3820 4389 terris,

2219 4419 2351 4490 quia
2378 4417 2681 4474 assimilata
2705 4426 2790 4472 est
2836 4417 3075 4482 caelesti,
3115 4426 3232 4471 tum
3273 4418 3473 4472 collem
3519 4417 3821 4479 nominari,

2223 4520 2340 4566 tum
2369 4517 2650 4566 montem:
2687 4508 2835 4580 quod
2859 4518 2917 4564 et
2951 4509 3176 4563 exaltati
3226 4509 3362 4575 sint,
3405 4517 3572 4579 atque
3621 4509 3678 4564 in
3706 4510 3824 4565 vir-

482 4603 489 4611 ’
507 4613 692 4686 ρανοίς
732 4607 1096 4679 Ἐκκλησίαν,
1127 4607 1247 4679 ήτοι
1279 4605 1370 4659 τδν
1404 4603 1635 4676 οὐρανὸν
1655 4644 1670 4668 ,
1702 4602 1801 4656 καὶ⁵
1846 4599 2017 4672 αὐτὴν
2053 4597 2106 4651 δὲ

2223 4613 2396 4660 tutem
2422 4604 2801 4660 extumuerint
2831 4612 3244 4658 commorantes
3277 4602 3334 4658 in
3359 4603 3492 4658 illis.
3518 4603 3640 4659 Non
3671 4604 3824 4659 enim

505 4707 607 4774 τὴν
633 4705 725 4758 ἐπὶ
747 4702 850 4770 τῆς
873 4701 978 4772 γῆς
1001 4699 1128 4756 καθ’
1151 4698 1447 4770 ὁμοιότητα
1471 4696 1570 4768 τῆς
1594 4695 1708 4750 ἅνω
1727 4736 1741 4760 ,
1774 4694 1869 4748 xal
1898 4693 2108 4765 βουνὸν,

507 4799 606 4853 καὶ
634 4797 763 4871 ὅρος
806 4792 1106 4851 ἀποκαλεῖν
1129 4833 1143 4858 ,
1187 4791 1360 4846 διάτοι
1401 4791 1465 4845 τὸ
1497 4789 1810 4862 ἐπῃρμένον
1849 4788 1946 4842 καὶ
1990 4788 2114 4841 ἀνε-

509 4892 711 4964 στηκδς
737 4893 819 4957 είς
846 4891 948 4962 τὴν
976 4887 1180 4962 ἀρετὴν
1213 4885 1324 4940 τῶν
1359 4883 1766 4940 κατοικούντων
1811 4884 1869 4936 ἐν
1895 4882 2110 4945 αὑταῖς.

510 4987 588 5043 οο
611 4985 720 5058 γάρ
743 4987 864 5038 ἔστι
893 4981 1175 5055 χθαμαλὸς
1199 4979 1321 5034 οὐδὲ
1345 4978 1791 5052 κατερριμμένος
1811 4974 1922 5030 τῶν
1944 4974 2117 5043 ἁγίων

511 5076 542 5132 6
562 5076 712 5142 νοῦς’
744 5075 885 5131 ἀλλὰ
908 5075 1262 5145 φρονήματος
1297 5072 1395 5144 μὲν
1426 5070 1799 5143 ὑπερφέρεται
1845 5067 1941 5121 τοῦ
1973 5083 2114 5136 γεω-

508 5171 795 5245 δεστέρου,
846 5169 944 5224 καὶ
999 5165 1284 5240 σαρκικῶν
1330 5162 1660 5236 ἐπιθυμιῶν.
1723 5161 1894 5232 ’Υψοῦ
1942 5160 1999 5214 δὲ
2051 5159 2115 5230 δὴ

512 5263 716 5336 μᾶλλον
740 5262 1018 5334 ἀναφοιτᾷ
1037 5278 1049 5290 ⁸
1084 5259 1183 5315 καὶ
1212 5258 1358 5313 ἐστιν
1384 5255 1583 5329 ἀληθὲς
1610 5258 1671 5310 τὸ
1693 5255 1782 5310 διὰ
1811 5253 1996 5324 φωνῆς
2019 5251 2116 5307 τοῦ

509 5355 678 5412 Δαϐίδ
692 5373 706 5388 ο
735 5377 753 5408 ι
782 5356 904 5410 Ὅτι
926 5356 975 5409 oi.
993 5354 1108 5408 θεοὶ
1127 5353 1176 5408 οἱ
1210 5351 1468 5424 κραταιοὶ
1487 5349 1588 5421 τῆς
1607 5349 1712 5420 γῆς
1730 5348 1938 5419 σφόδρα
1951 5346 2120 5418 ἐπῄρο

511 5451 706 5523 θησαν.
751 5469 772 5504 ι
809 5449 936 5502 Ὅτι
963 5448 1022 5501 δὲ
1047 5449 1158 5510 τοῖς
1187 5439 1288 5499 ὧδε
1314 5442 1464 5516 βιοῦν
1485 5441 1802 5514 ᾑρημένοις,
1835 5440 1932 5494 καὶ
1958 5442 2037 5504 εἰς
2057 5439 2119 5493 τὸ

510 5541 701 5596 λοιπὸν
748 5539 957 5612 ἀρετῆς
1002 5535 1403 5606 ἀναϐεϐηκόσι,
1441 5533 1644 5605 πρέποι
1677 5532 1744 5586 ἂν
1783 5530 2011 5595 εἰκότως
2061 5529 2123 5584 τὸ

513 5634 612 5690 καὶ
641 5635 765 5698 ταῖς
808 5631 925 5687 ἀνω
958 5633 1151 5704 μοναῖς
1188 5626 1566 5692 ἐναυλίζεσθαι
1608 5626 1750 5689 δεῖν,
1787 5623 2122 5678 πιστώσεται

513 5728 682 5786 πάλιν
713 5729 743 5782 δ
773 5725 1110 5799 Ψαλμῳδδς,
1143 5723 1288 5778 οὓτω
1330 5723 1534 5792 λέγων·
1589 5741 1606 5773 ι
1646 5721 1742 5784 Τίς
1785 5718 2120 5790 ἀναϐήσεται

574 5899 619 5931 ³⁸
657 5910 834 5969 Exod.
873 5927 1016 5980 xstv,
1051 5909 1203 5964 l-ll.
1287 5909 1330 5940 ³³
1370 5907 1512 5965 Psal.
1560 5877 1709 5974 τιτι,
1734 5906 1819 5960 10.

2219 4695 2452 4752 humilis
2483 4704 2588 4760 est,
2617 4710 2800 4766 neque
2823 4695 3092 4766 depressa
3147 4703 3468 4776 sanctorpm
3515 4709 3697 4760 mens,
3727 4696 3824 4750 sed

2219 4787 2535 4858 prudentia:
2561 4788 2944 4859 supereminet
2979 4787 3233 4843 terrestri
3267 4787 3471 4853 cuivis,
3502 4797 3671 4859 atque
3697 4803 3823 4843 car-

2221 4881 2446 4937 nalibus
2468 4880 2785 4938 desideriis.
2827 4879 3063 4936 Sursum
3095 4881 3246 4936 enim
3278 4880 3456 4950 magis
3493 4880 3710 4948 tendit;
3732 4896 3828 4934 ve-

2223 4992 2460 5048 rumque
2500 4983 2587 5031 est
2617 4974 2752 5030 illud
2781 4975 3035 5031 Davidis:
3068 4993 3086 5026 ς
3109 4975 3197 5029 Dii
3246 4974 3418 5030 fortes
3457 4981 3619 5031 terra
3653 4976 3827 5032 vehe-

2225 5078 2446 5126 menter
2469 5069 2674 5125 elcvati
2725 5077 2858 5123 sunt
2883 5069 2946 5122 ³³.
2976 5086 2994 5118 ι
3021 5065 3180 5134 Quod
3229 5082 3366 5122 vero
3398 5069 3495 5138 qui
3528 5068 3602 5123 ita
3634 5069 3826 5125 vivere

2222 5165 2517 5237 elegerint,
2539 5173 2597 5219 et
2632 5163 2700 5218 ad
2731 5171 2938 5218 tantam
2963 5161 3230 5217 virtutem
3273 5160 3652 5228 ascenderint,
3677 5163 3829 5220 solos

2222 5266 2480 5329 oporteat
2501 5257 2559 5310 in
2578 5255 2794 5312 caelesti
2828 5254 2956 5309 aula
3009 5255 3367 5321 commorari,
3423 5254 3571 5310 idem
3614 5255 3830 5312 Psaltes

2227 5363 2449 5407 rursum
2481 5348 2785 5421 persuadet
2810 5349 2963 5404 hisee
3000 5347 3192 5403 verbis
3221 5366 3233 5402 :
3271 5369 3288 5400 ι
3317 5347 3452 5415 Quis
3488 5348 3826 5404 ascendetin

2224 5450 2475 5499 montem
2527 5440 2770 5506 Domini,
2823 5448 2922 5495 aut
2974 5439 3104 5511 quis
3163 5439 3334 5496 stabit
3377 5439 3436 5495 in
3466 5441 3590 5496 loco
3635 5449 3828 5496 sancto

2231 5536 2679 5610 ejus?lunocens
2717 5533 2978 5593 manibus
3005 5543 3062 5590 et
3107 5534 3317 5590 mundo
3349 5534 3540 5598 corde,
3585 5535 3682 5603 qui
3715 5549 3827 5587 non

2230 5630 2446 5700 accepit
2468 5630 2524 5683 in
2549 5643 2693 5683 vano
2726 5627 2969 5682 animam
2998 5642 3176 5693 suam,
3202 5643 3308 5683 nec
3347 5625 3555 5698 juravit
3602 5623 3660 5677 in
3697 5621 3828 5677 dolo

2231 5723 2484 5795 proximo
2540 5737 2661 5780 suo.
2689 5720 2793 5788 Qui
2841 5721 3132 5792 pecuniam
3189 5735 3343 5776 suam
3387 5733 3500 5772 non
3551 5715 3706 5774 dedit
3758 5716 3825 5771 ad
