4060 6498
324 437 431 495 819

1351 438 1409 494 s.
1452 437 1730 496 manu
1770 436 2243 494 “summm
2274 397 2595 496 suculae.

3516 438 3621 495 ὅθί)

318 554 411 611 cui
454 564 510 611 et
547 552 776 626 mystice
824 553 981 609 valde
1020 551 1282 625 imposuit
1316 552 1495 609 Moses
1520 553 1738 625 lapides
1784 551 1923 608 duo-

2033 554 2316 626 κειμένης.
2354 553 2524 624 ’Υψοῦ
2551 556 2661 627 γὰρ
2690 552 2881 625 ὥσπερ
2911 552 2968 606 ἐν
2993 548 3110 625 ὄρει
3139 548 3236 623 τὴν
3262 548 3455 623 ἑτέραν
3484 549 3625 605 εἷναί

320 645 524 711 decim,
555 645 614 701 in
642 646 872 702 totidem
922 646 1101 702 tribus
1141 645 1332 716 populi
1362 645 1529 701 Israel
1569 663 1581 698 :
1612 645 1693 700 sic
1722 660 1926 715 prope-

320 736 545 793 modum
570 738 841 793 accedens
868 737 937 792 iis
969 736 1061 808 qui
1087 735 1156 791 de
1201 736 1468 808 sanguine
1499 736 1718 792 lsraelis
1752 741 1922 802 sunt;

319 831 525 901 quibus
557 830 713 886 locus
746 829 983 885 maxime
1019 829 1247 895 decens,
1281 828 1533 885 Ecclesia
1563 827 1771 884 Christi
1800 836 1921 894 est;

319 931 384 976 ut
416 921 664 976 fortassis
690 921 1028 976 exclamasse
1075 921 1214 976 illud
1253 929 1509 992 oporteat
1550 938 1564 975 :
1602 940 1620 972 ι
1666 920 1922 977 Circum-

319 1012 465 1069 dabo
507 1013 679 1068 altare
722 1021 898 1080 tuum,
927 1014 1181 1080 Domine,
1227 1024 1287 1070 ut
1319 1014 1541 1070 audiam
1573 1030 1766 1072 vocem
1799 1014 1922 1069 lau-

319 1107 407 1168 dis
435 1106 502 1162 ".
535 1125 554 1158 ι
581 1104 740 1173 Quod
769 1107 919 1162 enim
945 1105 1083 1178 ipsis
1107 1106 1346 1162 maxime
1383 1116 1443 1162 et
1478 1114 1605 1163 ante
1629 1106 1768 1162 alios
1799 1104 1921 1161 Sal-

318 1208 567 1256 vatorem
598 1214 665 1254 ac
696 1198 1127 1270 Redemptorem
1151 1198 1368 1255 miserit
1396 1198 1599 1254 Filium
1626 1198 1812 1263 Pater,
1839 1197 1925 1268 ip-

318 1301 497 1351 semet
526 1292 790 1358 declarat,
816 1308 945 1348 cum
972 1293 1051 1349 ait
1084 1310 1097 1346 :
1135 1311 1154 1345 ι
1183 1292 1304 1349 Non
1337 1307 1461 1348 sum
1491 1290 1693 1347 missus
1717 1289 1827 1345 nisi
1851 1289 1931 1351 ad,

319 1399 453 1441 oves
493 1399 620 1455 quae
649 1382 938 1454 perierunt
977 1382 1178 1439 domus
1223 1383 1390 1438 Israel
1436 1383 1503 1436 ".
1559 1400 1579 1434 ι
1621 1382 1921 1452 Postquam

320 1491 456 1532 vero
496 1476 705 1547 ingenti
749 1485 1047 1548 pereuntes
1078 1475 1319 1532 amentia
1350 1475 1406 1530 in
1440 1474 1595 1539 illum
1641 1483 1774 1530 sunt
1818 1472 1918 1529 de-

323 1569 575 1626 bacchati
611 1569 786 1626 Judaei
807 1610 822 1635 ,
871 1568 1190 1625 necessario
1218 1566 1477 1623 Christus
1516 1566 1588 1622 ad
1634 1576 1827 1637 gentes
1858 1581 1919 1621 se

322 1661 620 1717 convertit.
672 1658 831 1726 Quod
879 1658 1047 1730 igitur
1088 1658 1243 1714 locus
1301 1657 1537 1712 maxime
1579 1664 1740 1727 aptus
1784 1655 1920 1727 ipsis

319 1761 461 1818 erat,
487 1761 549 1807 ut
574 1752 740 1808 modo
763 1751 1039 1817 dicebam,
1069 1750 1245 1806 altare
1268 1749 1498 1816 Christi,
1527 1749 1706 1805 Moses
1729 1749 1919 1820 praesi-

319 1843 617 1915 gniﬁcavit,
658 1857 942 1913 apponens
976 1841 1077 1912 ipsi
1112 1841 1325 1912 lapides
1358 1840 1649 1896 duodecim
1683 1840 1741 1895 in
1787 1839 1916 1895 toti-

318 1912 445 1991 dem
469 1936 649 1993 tribus
669 1912 859 1991 Israel.
885 1933 1042 2001 Quod
1071 1949 1206 1990 vero
1231 1933 1560 1990 fortitudine
1582 1932 1913 1999 admirandi,
1949 1912 1993 1968 Β

318 2028 428 2084 hoc
458 2036 563 2093 est,
599 2027 856 2098 spiritali,
898 2042 1023 2098 quae
1061 2025 1368 2084 secundum
1399 2027 1573 2082 Deum
1605 2034 1711 2093 est,
1744 2024 1916 2081 robu-

317 2127 570 2190 stamque
599 2134 665 2174 ac
709 2117 947 2174 validam
988 2124 1233 2173 mentem
1271 2117 1609 2183 obtinentes,
1641 2116 1917 2172 sacriﬁca-

319 2211 433 2269 turi
477 2217 637 2266 erant
674 2216 985 2286 opportune
1024 2207 1246 2264 Christo
1290 2223 1540 2275 sacrum,
1572 2222 1642 2264 ex
1684 2207 1755 2263 iis
1797 2222 1920 2276 quae

318 2310 471 2376 gesta
497 2310 627 2359 sunt
658 2300 817 2358 facile
847 2300 1049 2356 discas.
1088 2299 1242 2355 Missi
1269 2299 1477 2355 etenim
1509 2307 1641 2355 sunt
1660 2300 1915 2371 juvenes,

318 2401 377 2449 et
404 2393 729 2449 obtulerunt
754 2392 1097 2448 holocausta.
1131 2390 1190 2446 ld
1219 2399 1405 2446 autem
1436 2390 1759 2462 praestitisse
1782 2389 1917 2445 bea-

320 2492 411 2542 tos
432 2485 805 2556 comperimus
822 2484 1118 2556 apostolos,
1145 2483 1242 2555 qui
1262 2498 1506 2549 omnem,
1527 2491 1590 2537 ut
1609 2482 1684 2537 ita
1713 2482 1915 2548 dicam,

320 2588 596 2635 terrarum
637 2578 830 2634 orbem
858 2585 1225 2650 peragrarunt
1255 2576 1650 2642 sacriﬁcantes,
1676 2584 1733 2632 et
1756 2576 1915 2631 holo-

319 2678 511 2727 cauata
546 2670 660 2725 Deo
688 2668 1006 2735 offerentes,
1043 2668 1150 2725 hoc
1175 2676 1281 2736 est,
1306 2683 1404 2725 eos
1429 2668 1523 2739 qui
1559 2667 1667 2724 ﬁde
1701 2683 1834 2724 sana
1862 2676 1920 2723 et

319 2761 535 2833 integra
577 2762 759 2817 ornati
800 2768 952 2827 sunt,
987 2768 1046 2816 et
1083 2775 1250 2831 quam
1292 2760 1500 2831 optime
1539 2760 1609 2815 ad
1652 2760 1916 2815 virtutem

259 2875 280 2887 “
318 2855 646 2925 comparati.
674 2854 798 2909 Non
829 2854 980 2909 enim
1009 2862 1096 2908 est
1121 2852 1411 2909 imbecillas
1448 2852 1671 2919 mentis,
1698 2853 1915 2923 perSpi-

320 2964 425 3004 cue
451 2948 588 3003 alios
617 2947 821 3003 docere
850 2962 1035 3018 posse,
1063 2962 1247 3017 neque
1279 2944 1449 3001 animi
1483 2943 1710 3010 inﬁrmi,
1737 2959 1918 3014 neque

321 3039 678 3096 saecularibus
727 3038 1023 3095 desideriis
1072 3038 1314 3104 assueti,
1368 3046 1424 3093 at
1471 3036 1765 3109 praeparati
1802 3036 1915 3102 sic,

318 3138 379 3209 et
419 3130 742 3204 juveniliter
785 3129 1049 3196 animati,
1097 3138 1162 3185 ut
1202 3129 1423 3185 tandem
1468 3128 1656 3185 dicere
1693 3135 1860 3198 queat
1900 3144 1915 3180 :

2031 661 2235 714 φαμεν,
2254 646 2356 717 τὴν
2379 644 2491 699 τῶν
2515 645 2876 717 πρωτοτόκων
2903 640 3258 715 μητρόπολιν,
3281 634 3350 714 ἧς
3374 640 3627 712 τεχνίτης

2027 736 2123 790 καὶ
2161 736 2493 809 δημιουργὸς
2534 738 2564 789 6
2606 735 2758 801 Θεός.
2804 733 3152 802 Ἐξεικονίξει
3200 731 3495 803 τοιγαροῦν
3525 731 3626 804 τὴν

2039 827 2369 900 Ἐκκλησίαν
2400 831 2532 901 ἡμῖν
2561 828 2623 883 τὸ
2650 828 3069 901 θυσιαστήριον’
3180 825 3275 879 καὶ
3311 824 3435 879 λίαν
3476 825 3626 878 οἰκο-

2025 919 2266 992 νομικῶς
2300 922 2647 992 περιῒστησιν
2676 922 2704 975 6
2742 921 2949 992 Μωσῆς
2986 919 3113 983 τοὺς
3160 916 3371 971 δώδεκα
3404 915 3587 980 λίθους
3608 957 3623 982 ,

2024 1015 2106 1077 είς
2126 1013 2223 1077 τὰς
2249 1012 2458 1068 δώδεκα
2478 1012 2652 1084 φυλὰς
2676 1011 2772 1067 τοῦ
2819 1011 3034 1083 Ἰσραήλ
3053 1027 3068 1044 ο
3099 1009 3385 1083 μονονουχὶ
3411 1008 3507 1062 καὶ
3535 1007 3625 1061 διὰ

2023 1105 2184 1159 τοῦτο
2217 1104 2660 1177 προπαρεγγυῶν
2699 1106 2814 1168 τοῖς
2851 1103 2913 1169 ἐξ
2957 1103 3192 1174 αἵματος
3248 1101 3500 1174 Ἰσραὴλ,
3538 1101 3623 1155 ὅτι

2023 1198 2201 1271 χῶρος
2241 1199 2425 1262 αὐτοῖς
2452 1199 2482 1253 6
2518 1196 2757 1269 μάλιστα
2799 1196 3048 1268 πρέπων,
3075 1196 3110 1267 ἡ
3152 1195 3451 1267 Ἐκκλησία
3483 1189 3619 1265 Χρι-

2026 1291 2154 1346 στοῦ
2174 1308 2188 1322 -
2218 1292 2313 1346 καὶ
2326 1291 2468 1362 τάχα
2492 1307 2597 1345 που
2617 1287 3039 1360 διακεκραγέναι
3060 1287 3242 1359 δεήσει
3277 1303 3290 1317 ·
3327 1286 3619 1341 (Κατακυ-

2023 1386 2220 1440 κλώσω
2248 1386 2310 1440 τὸ
2332 1383 2721 1455 θυσιαστήριόν
2763 1398 2882 1445 σου,
2906 1380 3106 1453 Κύριε,
3135 1379 3231 1434 τοῦ
3277 1377 3510 1434 ἀκοῦσαί
3545 1395 3614 1450 με

2023 1477 2207 1551 φωνὴν
2229 1477 2546 1543 αἰνέσεως.»
2567 1476 2690 1531 Ὅτι
2720 1474 2860 1547 πρὸς
2880 1473 2992 1546 γάρ
3020 1473 3218 1537 αὐτοὺς
3254 1471 3485 1544 μάλιστα
3516 1463 3612 1522 καὶ

2022 1571 2130 1642 πρό
2163 1587 2227 1640 γε
2256 1570 2366 1626 τῶν
2394 1568 2571 1624 ἄλλων
2601 1567 2836 1639 Σωτῆρα
2871 1567 2967 1621 καὶ
2998 1563 3298 1638 Λυτρωτὴν
3328 1561 3614 1617 ἀπέστειλε

2020 1664 2116 1720 τὸν
2156 1663 2288 1718 Υίὸν
2328 1665 2357 1717 6
2389 1663 2619 1735 Πατὴρ,
2667 1662 2923 1730 σαφηνιεῖ
2970 1658 3147 1728 λέγων
3181 1656 3379 1721 αὐτός’
3432 1672 3452 1709 ι
3498 1655 3617 1708 Οὐκ

2020 1754 2339 1826 ἀπεστάλην
2359 1793 2374 1820 ,
2401 1755 2451 1808 εί
2486 1752 2562 1825 μὴ
2589 1754 2670 1817 εἰς
2696 1751 2770 1806 τὰ
2796 1750 3045 1824 πρόϐατα
3076 1748 3145 1803 τὰ
3179 1746 3498 1804 ἀπολωλότα
3533 1745 3618 1801 oi-

2022 1865 2121 1903 κου
2179 1845 2419 1918 Ἰσραήλ.
2474 1863 2495 1898 ι
2556 1842 2775 1916 Ἐπειδὴ
2816 1842 2873 1897 δὲ
2921 1843 3003 1906 είς
3048 1840 3316 1905 ἐκτύπους
3354 1837 3617 1902 ἀπονοίας

2024 1939 2390 2012 ὡλισθηκότες
2417 1937 2882 2009 πεπαρῳνήκασιν
2906 1936 2987 2000 είς
3009 1934 3196 2001 αὑτὸν,
3222 1930 3616 2006 μετακεκώρη-

2026 2051 2119 2089 κεν
2149 2032 2464 2102 ἀναγκαίως
2488 2030 2581 2084 ἐπὶ
2609 2028 2678 2083 τὰ
2707 2028 2832 2100 ἔθνη
2862 2025 3118 2099 Χριστός.
3149 2026 3270 2079 Ὅτι
3300 2024 3479 2080 τοίνυν
3506 2022 3614 2093 χῶ-

2026 2144 2119 2198 ρος
2153 2128 2184 2181 6
2225 2125 2462 2198 μάλιστα
2512 2123 2741 2196 πρέπων
2785 2117 2856 2194 ἧν
2903 2121 3119 2185 αὐτοῖς,
3169 2117 3425 2189 καθάπερ
3475 2115 3615 2187 ἔφην

2023 2221 2248 2292 ἀρτίως,
2270 2219 2332 2273 τὸ
2351 2217 2444 2272 τοῦ
2469 2213 2709 2287 Χριστοῦ
2736 2214 3143 2285 θυσιαστήριον,
3171 2211 3614 2284 προκατεσήμαι-

2025 2327 2113 2367 νεν
2145 2313 2174 2366 6
2201 2310 2424 2382 Μωσῆς,
2456 2308 2801 2379 περιστήσας
2838 2304 2989 2375 αὑτῷ
3019 2305 3149 2369 τοὺς
3188 2303 3401 2359 δώδεκα
3432 2302 3618 2367 λίθους

2023 2403 2105 2466 είς
2130 2400 2231 2463 τὰς
2253 2400 2462 2455 δώδεκα
2492 2397 2667 2468 φυλάς
2691 2396 2782 2452 τοῦ
2824 2396 3061 2468 Ἰσραήλ.
3090 2395 3215 2451 Ὀτι
3234 2395 3292 2450 δὲ
3313 2394 3539 2466 ἔμελλον
3564 2394 3614 2448 oi

2024 2493 2113 2546 ἐπ’
2136 2489 2358 2562 ἀνδρείᾳ
2384 2487 2847 2560 τεθαυμασμένοι,
2875 2486 3036 2558 δῆλον
3067 2485 3125 2540 δὲ
3153 2487 3237 2541 ὅτι
3265 2488 3615 2558 πνευματικῇ

2023 2584 2119 2639 καὶ
2147 2583 2292 2639 κατά
2324 2582 2478 2648 Θεὸν,
2508 2584 2556 2636 oi
2583 2579 2816 2650 εὐσθενῆ
2839 2596 2900 2633 τε
2930 2578 3028 2634 καὶ
3056 2577 3375 2653 ἐρρωμένον
3399 2578 3614 2650 ἔχοντες

2023 2675 2171 2748 νοῦν,
2204 2675 2582 2747 ἱερουργήσειν
2611 2671 2752 2726 κατὰ
2777 2669 3003 2742 καιροὺς
3036 2669 3097 2724 τὸ
3129 2670 3368 2741 Χριστοῦ
3390 2669 3617 2743 μυστή-

2028 2787 2164 2843 ριον,
2199 2767 2512 2841 καταμάθοι
2538 2785 2622 2832 τις
2650 2765 2717 2821 ἂν
2741 2765 2851 2820 ἀπό
2877 2781 2941 2834 γε
2973 2759 3068 2818 τοῦ
3101 2762 3410 2832 γεγονότος.
3482 2762 3616 2816 Ἀπ-

2027 2862 2345 2918 εστέλλοντο
2399 2860 2499 2932 μὲν
2539 2859 2647 2931 γὰρ
2684 2859 2736 2912 οί
2774 2856 3082 2921 νεανίσκοι,
3119 2856 3214 2911 καὶ
3240 2855 3518 2927 προσῆγον
3544 2854 3615 2908 vi

2024 2953 2469 3025 ὁλοκαυτώματα.
2502 2951 2676 3006 Τοῦτο
2716 2949 3044 3021 δεδρακότας
3081 2950 3210 3013 τοὺς
3249 2947 3442 3018 ἁγίους
3474 2948 3614 3001 ἀπο·-

2027 3047 2249 3110 στόλους
2277 3044 2638 3116 εὑρίσκομεν,
2666 3042 2716 3097 οἳ
2756 3042 2937 3096 πᾶσαν
2957 3081 2972 3107 ,
3003 3039 3194 3110 ὥσπερ
3222 3040 3419 3103 εἰπεῖν,
3461 3054 3617 3109 περι-

2026 3138 2256 3210 εφοίτων
2286 3136 2384 3211 τὴν
2416 3137 2541 3208 γῆν,
2577 3132 2988 3210 ἱερουργοῦντες
3013 3129 3164 3201 αὐτῷ
3192 3130 3287 3184 καὶ
3315 3127 3616 3201 προσάγον-

329 3243 347 3273 ο
385 3222 518 3277 Mihi
568 3222 757 3277 vivere
803 3220 1059 3277 Christus
1098 3228 1217 3285 est,
1261 3229 1318 3275 et
1349 3219 1490 3273 mori
1533 3219 1752 3273 lucrum
1781 3217 1850 3272 ⁸⁸.
1891 3234 1911 3268 ι

2026 3248 2118 3296 τες
2146 3228 2597 3301 ὁλοκαυτώματα,
2612 3228 2882 3292 τουτέστι,
2902 3225 3029 3291 τοὺς
3048 3226 3107 3278 ὲν
3126 3222 3414 3296 ἀμωμήτῳ
3434 3221 3614 3276 πίστει

321 3314 427 3382 Qui
458 3314 607 3370 enim
643 3312 767 3369 talis
793 3320 907 3379 est,
944 3328 1074 3368 vere
1115 3313 1335 3385 juvenis
1366 3319 1454 3367 est
1498 3309 1705 3374 audax,
1750 3318 1918 3380 atque

2026 3323 2369 3394 διαπρεπεῖς,
2391 3320 2487 3374 καὶ
2510 3318 2617 3391 μὴν
2639 3319 2735 3373 καὶ
2758 3317 3141 3387 σπουδάσμασι
3166 3314 3294 3377 τοὺς
3315 3315 3395 3376 είς
3415 3309 3616 3384 ἀρετὴν

321 3405 458 3476 ipsis
491 3403 807 3460 fortissimis
834 3403 1303 3460 annumerandus.
1336 3401 1566 3473 Oportet
1603 3409 1789 3457 autem
1830 3401 1917 3473 ip-

322 3512 448 3551 sum
478 3496 595 3551 Deo
616 3495 819 3551 oll‘erre
840 3495 1162 3550 holocausta
1191 3509 1256 3548 ac
1286 3492 1595 3564 spiritualia
1625 3491 1916 3559 sacriﬁcia,

321 3597 381 3644 et
423 3603 580 3645 sacra
613 3587 959 3644 insensibilia
1001 3594 1368 3650 contrectare,
1415 3587 1652 3641 salutare
1700 3599 1921 3656 quoque

323 3679 549 3735 adolere
581 3677 915 3735 sacrificium
941 3697 955 3733 :
983 3677 1133 3750 quod
1161 3694 1262 3749 per
1284 3678 1499 3734 oblatos
1526 3678 1733 3733 vitulos
1753 3678 1918 3733 etiam

324 3772 612 3844 aptissime
644 3770 992 3843 designatum
1020 3780 1125 3827 est.
1152 3771 1465 3842 Aliquando
1507 3770 1654 3826 enim
1695 3771 1920 3842 quidem

324 3862 400 3917 ob
428 3861 619 3925 robur,
655 3867 713 3915 et
757 3861 888 3931 quia
933 3860 1079 3915 inter
1107 3860 1365 3916 animalia
1396 3876 1519 3931 qua:
1551 3870 1740 3915 sancta
1772 3860 1923 3915 diee-

327 3952 552 4019 hantur,
583 3952 908 4024 primarium
939 3954 1149 4010 vitulus
1168 3962 1273 4019 est,
1294 3954 1542 4024 perfecto
1566 3952 1741 4007 vitulo
1763 3950 1923 4008 Chri-

327 4056 449 4102 stus
498 4045 836 4101 assimilatur
881 4063 894 4100 :
930 4044 1227 4116 aliquando
1269 4046 1437 4101 etiam
1489 4060 1660 4116 parvo
1710 4044 1919 4109 vitulo;

327 4154 493 4209 quam
519 4138 592 4194 ob
618 4152 862 4205 causam,
891 4147 954 4195 ut
981 4138 1158 4205 vides,
1191 4138 1359 4194 homo
1389 4137 1569 4192 factus
1600 4136 1758 4208 33.1
1789 4135 1924 4192 Uni—

328 4231 569 4302 genitus,
597 4231 702 4287 sub
723 4230 1010 4287 servitutis
1027 4232 1160 4303 jugo
1186 4239 1349 4285 natus
1371 4228 1507 4296 fuit;
1533 4243 1729 4284 verum
1752 4227 1925 4298 siqui—

328 4322 454 4379 dem
479 4332 565 4379 est
581 4323 728 4394 quod
764 4323 819 4379 in
849 4323 1028 4379 forma
1051 4322 1196 4378 servi
1220 4321 1561 4393 apparuerit.
1615 4320 1723 4377 Sed
1751 4336 1924 4391 quan-

330 4423 448 4470 tum
486 4413 672 4470 dicere
710 4413 793 4470 fas
818 4421 929 4481 est,
963 4413 1021 4469 in
1065 4413 1250 4469 carnis
1285 4412 1439 4468 venit
1470 4411 1814 4483 mysterium,
1840 4410 1923 4467 fa-

328 4514 453 4561 ctus
477 4505 770 4562 nobiscum
800 4505 904 4560 sub
941 4506 1075 4576 jugo
1108 4503 1412 4570 servitutis,
1442 4504 1540 4560 sed
1564 4504 1679 4576 jugi
1708 4504 1926 4561 servilis

2021 3411 2082 3470 εὗ
2117 3414 2260 3487 μάλα
2284 3412 2720 3485 διηρτισμένους.
2758 3410 2832 3465 Οὐ
2864 3411 2974 3481 γάρ
2998 3410 3169 3474 ἐστιν,
3192 3406 3295 3461 οὐκ
3329 3405 3469 3471 ἔστι,
3497 3404 3617 3458 δια-η

2021 3507 2168 3573 νοίας
2187 3504 2453 3578 ἀδρανοῦς
2474 3506 2535 3559 τὸ
2559 3504 2941 3576 μυσταγωγείν
2967 3500 3225 3555 δύνασθαι
3260 3499 3471 3570 σαφῶς,
3490 3496 3615 3551 οὔτε

2021 3598 2114 3653 νοῦ
2147 3598 2434 3662 νοσοῦντος
2464 3596 2526 3651 τὸ
2553 3594 2772 3662 ἄναλκι,
2802 3594 2898 3648 καὶ
2931 3594 3227 3664 καταρρεῖν
3257 3589 3510 3654 εἰωθότος
3538 3590 3618 3650 είς

2023 3692 2318 3762 ἐπιθυμίας
2347 3689 2619 3759 κοσμικὰς
2638 3705 2652 3719 ο
2683 3685 3088 3757 ἐσκευασμένου
3116 3684 3174 3739 δὲ
3201 3683 3346 3737 οὕτω
3372 3682 3469 3737 καὶ
3503 3699 3619 3736 νεα-

2023 3784 2186 3848 νικῶς
2204 3782 2421 3855 ἔχοντος
2435 3821 2451 3848 ,
2479 3781 2557 3846 ὡς
2577 3779 2674 3835 καὶ
2690 3780 2867 3833 εἰπεῖν
2887 3775 3150 3831 δύνασθαι
3168 3775 3375 3829 λοιπόν·
3403 3793 3422 3827 σ
3464 3769 3619 3845 Ἐμοὶ

2021 3876 2132 3949 γὰρ
2160 3876 2223 3929 τὸ
2255 3873 2390 3945 ζῇν,
2417 3870 2677 3947 Χριστὸς,
2730 3871 2826 3925 καὶ
2863 3868 2924 3924 τὸ
2959 3867 3289 3934 ἀποθανεῖν,
3319 3865 3535 3939 κέρδος.
3593 3884 3612 3916 θ

2022 3969 2261 4031 Νεανίας
2290 3966 2401 4038 γὰρ
2421 3967 2451 4020 6
2477 3964 2748 4030 τοιοῦτος,
2777 3963 2870 4017 καὶ
2894 3960 3006 4016 τῶν
3027 3960 3167 4030 ἄγαν
3194 3958 3614 4031 ἀλκιμωτάτων.

2023 4056 2233 4129 Πρέπει
2256 4055 2301 4108 δ’
2332 4054 2400 4111 ἂν
2432 4053 2607 4126 αὐτῷ,
2630 4053 2693 4107 τὸ
2720 4050 3013 4123 καθιεροῦν
3040 4049 3119 4122 τῷ
3145 4047 3266 4120 Θεῷ
3290 4050 3359 4104 τὰ
3387 4047 3613 4103 ὁλοκαυ-

2021 4145 2287 4217 τώματα,
2337 4143 2435 4199 καὶ
2476 4143 2667 4208 θυσίας
2702 4138 3083 4213 πνευματικὰς
3108 4180 3124 4205 ,
3156 4139 3252 4195 καὶ
3303 4135 3620 4211 ἱερουργίας

2023 4236 2297 4295 ἅπτεσθαι
2329 4236 2429 4308 τῆς
2466 4235 2697 4308 νοητῆς,
2743 4234 2839 4289 κα)⁸
2866 4232 2965 4303 τὴν
2994 4232 3089 4286 τοῦ
3120 4230 3392 4303 σωτηρίου
3427 4227 3620 4284 θυσίαν

2024 4326 2399 4401 ἀποπληροῦν·
2428 4327 2465 4399 ἠ
2485 4326 2583 4382 καὶ
2611 4325 2703 4381 διά
2730 4325 2843 4380 τῶν
2874 4321 3394 4396 προσενηνεγμένων
3422 4338 3621 4393 μοσχα-

2027 4423 2159 4495 ρίων
2173 4418 2234 4478 εὖ
2256 4421 2403 4496 μάλα
2418 4418 2914 4494 προανεπλάττετο.
2930 4416 3066 4471 [loss
3086 4416 3185 4488 μὲν
3201 4415 3314 4490 γὰρ
3328 4413 3489 4470 διάτδ
3500 4414 3622 4469 λίαν

2027 4514 2302 4580 εὐσθενὲς,
2337 4513 2433 4569 καὶ
2461 4512 2546 4567 ὅτι
2570 4510 2679 4566 τῶν
2702 4508 2988 4581 ἀϐεϐήλων
3020 4507 3174 4574 ζώων
3202 4506 3263 4561 τὸ
3297 4506 3618 4579 ὑπέρτατον,

329 4612 564 4668 expers;
596 4596 1050 4667 quandoquidem
1082 4597 1325 4653 caelestis
1352 4605 1474 4653 erat
1503 4606 1719 4653 natura:
1748 4611 1814 4652 ac
1851 4597 1923 4652 li-

2034 4606 2232 4679 μόσχος
2245 4606 2386 4673 ἐστὶ,
2397 4603 2583 4676 μόσχῳ
2597 4600 2790 4672 τελείῳ
2805 4598 3200 4673 παρεικάζεται
3215 4598 3472 4673 Χριστός·
3488 4596 3620 4652 ποτὲ

330 4689 501 4745 bene.
548 4689 691 4745 Hinc
738 4688 914 4745 vitulo
957 4697 1330 4761 comparatur,
1371 4687 1520 4759 quod
1562 4695 1621 4744 et
1663 4688 1767 4745 sub
1791 4688 1924 4760 jugo

331 4781 520 4846 fuerit,
557 4787 616 4836 et
639 4780 758 4852 jugi
788 4796 1009 4853 expers.
1056 4781 1259 4853 Jugum
1303 4781 1452 4836 enim
1487 4780 1665 4836 nescit
1694 4780 1922 4847 vitulus,

328 4873 437 4930 etsi
458 4873 592 4945 jugo
613 4872 945 4930 destinetur.
976 4872 1154 4930 Aliter
1182 4891 1196 4929 :
1218 4874 1353 4929 licet
1375 4881 1541 4929 natus
1560 4873 1635 4929 sit
1658 4873 1762 4929 sub
1782 4873 1925 4945 lege,

332 4966 505 5021 veluti
546 4966 652 5023 sub
687 4966 842 5039 jugo,
877 4974 1061 5023 tamen
1091 4966 1233 5022 liber
1255 4966 1380 5022 fuit.
1415 4966 1549 5021 Erat
1586 4966 1736 5023 enim
1767 4982 1934 5038 supra

335 5056 535 5129 legem,
570 5057 700 5129 quia
733 5056 1017 5129 legislator
1039 5072 1107 5113 ac
1138 5058 1305 5113 Deus.
1343 5056 1423 5113 Ac
1450 5057 1639 5124 tertio,
1686 5057 1735 5113 si
1777 5056 1934 5113 vide-

343 5156 452 5213 tur,
485 5150 723 5219 portavit
750 5164 976 5206 carnem
1009 5156 1288 5207 terrenam
1333 5150 1610 5207 inﬁrmam
1653 5152 1711 5208 in
1754 5153 1933 5223 seipsa

338 5248 566 5313 propter
602 5243 778 5314 legem
823 5244 1070 5315 peccati,
1109 5255 1172 5301 ut
1200 5245 1405 5301 Paulus
1442 5245 1521 5301 ait
1560 5244 1625 5300 ι’.
1656 5244 1932 5312 Quantum

338 5331 488 5387 enim
515 5332 585 5387 ad
613 5333 891 5390 carnalem
918 5344 1197 5402 naturam,
1233 5337 1537 5393 incurrisse
1564 5345 1824 5393 censetur
1840 5337 1931 5408 ju-

340 5436 469 5494 gum
504 5424 748 5495 peccati;
773 5425 869 5481 sed
894 5426 965 5481 ah
990 5429 1140 5483 omni
1172 5428 1333 5499 culpa
1359 5427 1466 5484 fuit
1495 5443 1672 5499 purus
1707 5434 1764 5481 et
1788 5426 1934 5481 inteb

341 5530 440 5587 ger
466 5533 478 5568 :
514 5534 533 5566 ι
568 5516 859 5571 Damnavit
887 5518 1035 5573 enim
1067 5529 1355 5590 peccatum
1385 5522 1439 5577 in
1470 5536 1659 5585 carne,
1685 5530 1748 5575 ut
1767 5519 1934 5592 justi-

345 5607 531 5665 ticatio
550 5607 690 5680 legis
717 5608 1045 5680 impleretur
1068 5613 1124 5668 in
1160 5613 1345 5680 nobis,
1369 5617 1464 5685 qui
1488 5629 1599 5669 non
1627 5612 1936 5670 secundum

347 5713 567 5757 carum
610 5700 976 5769 ambulamus,
1021 5705 1116 5760 sed
1142 5706 1467 5763 secundum
1502 5706 1762 5777 spiritum
1798 5705 1863 5758 ⁵⁸.
1910 5724 1928 5757 ι

2030 4697 2087 4752 δὲ
2107 4695 2291 4770 μικρῷ
2306 4693 2611 4768 μοσχαρίῳ,
2629 4693 2724 4747 καὶ
2749 4690 2864 4747 ἀνθ’
2882 4689 3201 4756 ὄτου,πάλιν
3224 4689 3379 4762 ὁρᾷς,
3397 4688 3623 4759 γέγονεν

2033 4786 2319 4858 ἄνθρωπος
2343 4786 2372 4839 6
2392 4781 2728 4853 Μονογενὴς,
2751 4781 2846 4835 καὶ
2863 4779 2969 4835 ὑπὸ
2991 4779 3156 4851 ζυγὸν
3174 4779 3439 4846 δουλείας,
3464 4782 3622 4851 εἴπερ

2035 4880 2183 4934 ἐστὶν
2215 4875 2417 4948 ἀληθὲς
2443 4876 2527 4930 δτι
2559 4875 2800 4946 πέφηνεν
2833 4874 2893 4928 ὲν
2924 4872 3111 4927 δούλου
3152 4875 3358 4946 μορφῇ.
3401 4871 3541 4927 ’Δλλ’
3573 4874 3622 4926 εί

2033 4970 2128 5024 καὶ
2153 4969 2276 5023 ὅσον
2300 4969 2476 5022 εἰπεῖν
2505 4962 2641 5040 ἧκεν
2659 5009 2676 5034 ,
2710 4966 2792 5030 είς
2816 4982 2882 5035 γε
2911 4964 2973 5018 τὸ
3013 4966 3071 5018 ἐν
3102 4965 3265 5037 σαρκὶ
3298 4964 3622 5037 μυστήριον,

2032 5061 2223 5132 γέγονε
2264 5059 2383 5131 μεθ’
2413 5059 2572 5132 ἡμῶν
2602 5058 2709 5113 ὑπὸ
2737 5057 2900 5128 ζυγὸν
2929 5056 3209 5124 δουλείας,
3251 5055 3368 5111 ἀλλ’
3405 5051 3472 5127 ἦν
3506 5056 3620 5109 δουο

2031 5151 2180 5216 λείας
2227 5151 2559 5225 ἀπείρατος,
2612 5151 2697 5204 ὅτι
2741 5149 2958 5221 φύσεως
3005 5144 3076 5220 ἧν
3122 5148 3222 5221 τῆς
3266 5148 3473 5205 ἄνωθεν
3530 5149 3625 5202 καὶ

2032 5243 2344 5316 ἐλευθέρας.
2388 5243 2490 5299 Διά
2536 5243 2695 5298 τοῦτο
2746 5243 3030 5316 μοσχαρίῳ
3063 5241 3494 5312 παρεικάζεται,
3541 5242 3623 5296 ὅτι

2031 5335 2129 5390 καὶ
2162 5336 2267 5391 ὑπὸ
2293 5336 2492 5407 ζυγὸν,
2525 5335 2622 5391 καὶ
2648 5335 2755 5403 ἔξω
2788 5334 2982 5406 ζυγοῦ.
3036 5333 3361 5406 Ἀπείρατον
3395 5334 3500 5405 γὰρ
3532 5334 3622 5400 ζυ-

2032 5425 2131 5496 γοῦ
2160 5427 2222 5480 τὸ
2264 5428 2559 5499 μοσχάριον
2580 5466 2595 5491 ,
2625 5428 2674 5480 εἰ
2708 5427 2803 5481 καὶ
2846 5423 2988 5481 εἶναι
3033 5425 3283 5495 πέφυκεν
3317 5425 3423 5481 ὑπὸ
3459 5423 3623 5495 ζυγὸν

2031 5518 2093 5573 τὸ
2119 5518 2322 5573 τοιόνδε
2352 5518 2529 5588 γένος.
2575 5518 2784 5582 ’Δλλως
2814 5535 2895 5580 τε,
2933 5518 3029 5572 καὶ
3069 5518 3117 5571 εἰ
3148 5517 3372 5588 γέγονεν
3401 5516 3507 5572 ὑπὸ
3547 5517 3636 5570 νό-

2036 5628 2158 5685 μον,
2189 5610 2264 5676 ὠς
2305 5611 2411 5665 ὑπὸ
2442 5610 2625 5679 ζυγὸν,
2658 5610 2775 5664 ἀλλ’
2804 5605 2871 5681 ἦν
2898 5608 3203 5682 ἐλεύθερος·
3239 5606 3306 5683 ἦν
3346 5609 3454 5683 γὰρ
3485 5607 3627 5674 ὑπὲρ

2036 5703 2220 5775 νόμον,
2255 5704 2331 5768 ὡς
2358 5703 2434 5761 ὣν
2456 5703 2754 5777 νομοθέτης
2788 5702 2883 5757 καὶ
2916 5702 3067 5769 Θεός.
3101 5704 3213 5759 Καὶ
3246 5686 3446 5778 τρίτως
3480 5701 3626 5770 δὲ,εί

428 5884 472 5918 ⁸⁸
514 5886 653 5943 Psal.
693 5906 816 5958 xxv,
863 5891 914 5946 6.
998 5894 1036 5925 ³⁷
1078 5891 1268 5949 Matth.
1312 5908 1402 5962 xv,
1431 5894 1484 5948 2.
1552 5893 1598 5927 “
1629 5893 1865 5965 Philipp.
1908 5909 1945 5959 1,
1971 5893 2060 5949 21.
2140 5894 2183 5927 ι’
2214 5894 2373 5950 Rom.
2399 5910 2513 5962 vm,
2542 5892 2593 5947 ὖ.
2673 5893 2719 5925 ⁸⁹
2760 5892 2920 5948 Rom.
2957 5907 3041 5961 Ix,
3072 5892 3125 5948 4.
