4060 6444
1476 299 2001 362 CLAPHYBORUII
2038 300 2107 356 IN
2148 299 2440 359 EXODUH
2477 302 2609 358 LIB.
2648 301 2738 358 m.

3639 305 3746 360 ω

430 424 603 487 Bonl,
638 419 924 491 πεφόρηκι
949 419 1049 491 τὴν
1072 419 1180 473 ἀπὸ
1204 417 1310 488 γῆς
1336 419 1539 492 σάρκα,
1563 421 1663 492 τὴν
1693 420 1955 476 νοσοῦσαν
1983 422 2040 475 ὲν

2144 419 2402 477 Christus
2431 419 2620 490 itaque
2659 420 2890 492 mystice
2929 419 3009 474 sic
3036 430 3122 476 est
3162 420 3370 476 vitulus
3396 422 3747 490 nominatus,

430 518 605 588 ἑαυτῇ
624 514 714 570 διὰ
729 513 831 585 τῆς
846 512 1124 583 ἁμαρτίας
1137 513 1227 567 τὸν
1250 515 1439 585 νόμον,
1460 514 1603 569 κατὰ
1612 514 1713 585 τὴν
1724 514 1817 568 τοῦ
1834 515 2048 568 Παύλου

433 615 643 682 φωνήν.
692 607 860 660 Ὅσον
907 606 1017 676 γὰρ
1054 600 1190 678 ἧκεν
1230 608 1311 670 εἰς
1341 606 1445 677 τὴν
1486 606 1586 677 τῆς
1634 606 1835 679 σαρκὸς
1864 607 2047 676 φύσιν,

430 700 714 757 τεθεῖσθαι
760 699 912 754 δοκεῖ
961 699 1057 753 καὶ
1109 698 1215 752 ὑπὸ
1258 699 1424 769 ζυγὸν
1470 699 1779 771 ἁμαρτίας,
1827 699 1941 754 ἀλλ’
1980 695 2049 771 ἦν

433 795 769 867 ἀπείρατος·
820 811 840 845 ι
897 792 1213 863 Κατέκρινε
1246 792 1356 865 γὰρ
1406 792 1508 864 τὴν
1553 792 1829 864 ἁμαρτίαν
1878 793 1938 851 ὲν
1981 795 2047 865 τῇ

436 888 623 961 σαρκὶ,
668 887 758 940 ἵνα
786 885 849 939 16
873 883 1158 956 δικαίωμα
1188 884 1284 939 τοῦ
1320 885 1490 955 νόμου
1517 884 1782 957 πληρωθῇ
1819 886 1877 938 ἐν
1915 886 2049 956 ἡμῖν

438 985 550 1047 τοῖς
580 981 654 1053 μὴ
688 980 837 1035 κατὰ
866 980 1048 1053 σάρκα
1082 979 1504 1052 περιπατοῦσιν,
1539 981 1676 1035 ἀλλὰ
1702 983 1847 1036 κατά
1882 981 2049 1035 πνεῦ-

444 1093 540 1147 μα.
574 1094 592 1127 ι
620 1072 937 1144 Μοσχάριον
965 1068 1062 1126 οὖν
1088 1074 1116 1125 6
1138 1072 1377 1143 Χριστὸς
1406 1072 1663 1146 ταύτῃτω
1687 1073 2046 1144 οἰκονομικῶς

438 1168 774 1239 ὠνόμασται,
806 1167 901 1220 καὶ
938 1167 1022 1221 ὅτι
1049 1166 1145 1220 νέα
1175 1165 1371 1235 γέγονε
1409 1168 1588 1232 κτίσις
1617 1184 1630 1197 ’
1671 1167 1896 1239 ἀπαρχὴ
1937 1169 2047 1239 γὰρ

410 1250 421 1318 ,’
437 1260 544 1313 τῶν
561 1263 643 1324 είς
662 1258 824 1314 τοῦτο
844 1260 1205 1331 κεκλημένων
1229 1259 1414 1323 αὑτός.
1435 1261 1562 1314 Ὅτι
1583 1260 1640 1314 δὲ
1662 1257 1729 1329 ἦν
1746 1261 2046 1328 ἀναγκαῖον

435 1352 766 1421 ἁγιάζεσθαι
793 1352 872 1424 τῷ
906 1354 1102 1425 αἵματι
1133 1353 1492 1424 δράττοντας,
1525 1355 1619 1407 καὶ
1649 1351 1892 1422 ἐγγίζειν
1924 1351 2046 1423 Θεῷ

434 1446 817 1517 γλιχομένους,
842 1445 1084 1518 δέδειχεν
1109 1449 1138 1500 6
1166 1446 1397 1517 Μωσῆς,
1434 1448 1821 1517 καταρῤαίνων
1847 1446 2045 1515 αἵματι

436 1536 619 1592 πάντα
646 1538 739 1591 τὸν
763 1537 916 1602 λαὸν,
946 1538 1041 1591 καὶ
1059 1538 1192 1592 αὐτὸ
1219 1538 1282 1592 16
1314 1538 1544 1609 βιϐλίον.
1571 1536 1848 1608 Εἰσόμεθα
1874 1536 2046 1593 δὲκαὶ

437 1630 527 1682 διὰ
563 1628 723 1683 τοῦτο
752 1630 937 1692 πάλιν,
964 1630 1047 1683 ὃτι
1081 1630 1245 1694 αὐτὸς
1282 1632 1310 1683 6
1344 1630 1505 1699 μόνος
1546 1629 1743 1700 ἀτελὴς
1775 1630 1856 1695 εἰς
1888 1630 2044 1698 ἀγια-

437 1719 597 1789 σμόν.
636 1720 827 1789 ’Λθηρει
854 1719 966 1790 γὰρ
985 1720 1135 1784 ὅπως
1153 1718 1234 1789 τῷ
1255 1718 1348 1772 τοῦ
1373 1718 1608 1788 αἵματος
1638 1716 1922 1788 ῥαντισμῷ
1947 1714 2045 1769 καὶ

2149 523 2207 570 et
2244 515 2373 585 quia
2403 532 2546 571 nova
2578 516 2756 571 {actus
2788 521 2873 570 est
2910 523 3169 571 creatura
3196 516 3267 569 ".
3298 515 3563 573 Primitiae
3599 519 3750 575 enim

2149 606 2269 679 ipse
2301 607 2371 664 ad
2402 608 2510 665 hoc
2534 614 2855 664 vocatorum
2886 607 3008 663 fuit.
3035 607 3193 675 Quod
3217 625 3350 666 vero
3373 626 3600 666 necesse
3630 622 3752 666 erat

2149 698 2419 770 sanguine
2441 698 2774 755 sanctiﬁcari
2791 715 2890 755 eos
2908 698 3002 769 qui
3032 699 3535 770 comprehendunt,
3560 707 3617 756 et
3636 700 3751 755 Deo

2148 790 2597 861 apprOpinquare
2647 789 2872 856 volunt,
2906 789 3098 845 'Moses
3160 788 3434 855 ostendit,
3484 789 3751 862 sanguine

2152 884 2475 939 universum
2521 898 2819 955 aspergens
2849 883 3112 954 populum
3133 923 3150 950 ,
3195 890 3254 939 et
3294 883 3476 954 ipsum
3508 883 3647 939 adeo
3677 882 3749 937 li-

2148 977 2330 1033 brum.
2373 978 2455 1033 Ex
2496 976 2605 1032 hoc
2646 991 2779 1031 vero
2820 976 3021 1039 iterum
3055 991 3220 1032 nosse
3268 975 3565 1041 convenit,
3599 974 3748 1046 quod

2148 1070 2266 1140 ipse
2299 1068 2453 1124 solus
2493 1066 2564 1123 ad
2605 1066 3100 1124 sanctiﬁcationem
3144 1083 3260 1122 non
3306 1064 3561 1125 sutliciat.
3610 1065 3749 1122 Vide

2147 1161 2356 1217 ctenim
2382 1169 2442 1217 ut
2464 1159 2750 1231 sanguinis
2769 1162 3090 1229 aspersione
3113 1157 3491 1215 sanetitlcetur
3532 1166 3590 1214 et
3628 1158 3749 1229 ipse

2149 1255 2259 1327 (lex
2272 1255 2477 1326 quippe
2491 1248 2720 1324 peccata
2735 1268 3082 1324 nequaquam
3106 1251 3326 1322 abluit),
3346 1252 3597 1322 perﬁciat
3613 1266 3748 1306 vero

2147 1345 2254 1402 hoc
2296 1343 2688 1416 mysteriorum
2722 1342 2901 1414 gratia
2945 1358 3046 1413 per
3078 1341 3383 1397 Christum.
3412 1341 3582 1397 Recte
3615 1357 3748 1397 vero

2144 1447 2202 1493 et
2248 1437 2414 1502 illud,
2460 1435 2710 1492 diluculo
2738 1450 2940 1506 nempe
2987 1442 3310 1508 surgentem
3352 1449 3508 1488 sacra
3541 1449 3746 1506 procu-

2146 1546 2297 1588 rasse
2342 1531 2561 1596 Mosen,
2610 1538 2776 1600 atque
2824 1528 3124 1600 ipsummet
3172 1528 3423 1584 divinum
3459 1527 3747 1617 ordinasse

2144 1624 2492 1696 mysterium,
2526 1632 2583 1679 et
2627 1621 2911 1694 appositus
2943 1621 3013 1676 ab
3046 1620 3188 1692 ipso,
3233 1628 3293 1691 ut
3318 1621 3433 1695 jam
3483 1619 3744 1686 diximus.

2144 1717 2358 1788 lapides
2396 1716 2716 1782 duodecim,
2764 1714 2971 1771 vitulos
3001 1729 3134 1769 vero
3175 1704 3743 1793 Wriﬁcandum.

438 1812 605 1876 αὐτὸς,
644 1812 964 1878 ἁγιάζεταιο
1014 1811 1318 1865 ἀποπλύνει
1363 1812 1475 1883 γὰρ
1517 1811 1793 1882 ἁμαρτίας
1838 1810 2039 1881 ἥκιστα

2144 1809 2263 1865 Jam
2289 1809 2443 1865 enim
2480 1808 2644 1880 quasi
2688 1807 2935 1863 diluculo
2981 1814 3040 1863 et
3071 1819 3275 1865 aurora
3314 1804 3747 1879 exsistcntenac

436 1905 538 1975 μὲν
578 1907 608 1959 6
653 1906 857 1975 νόμος,
890 1903 1152 1976 κατορθοῖ
1200 1903 1257 1958 δὲ
1301 1902 1463 1958 τοῦτο
1505 1902 1615 1958 τῶν
1662 1902 1753 1957 διὰ
1794 1901 2033 1974 Χριστοῦ

434 1995 757 2067 μυστηρίων
791 1997 825 2067 ἠ
858 1996 1039 2067 χάρις.
1089 1991 1163 2049 Εὖ
1214 1994 1272 2049 δὲ
1319 1994 1442 2049 λίαν
1489 1994 1584 2049 καὶ
1615 1995 1675 2048 16
1706 1994 2035 2066 ὀρθρίσαντα

436 2085 495 2139 τὸ
527 2086 674 2158 πρωῒ
715 2087 809 2141 16v
838 2088 1166 2159 ἱεροφάντην
1196 2086 1426 2151 Μωσέα,
1446 2086 1578 2140 αὑτό
1599 2104 1667 2140 τε
1692 2085 1753 2140 16
1776 2086 1919 2140 θεῖον
1943 2086 2036 2157 ὀρ-

433 2178 608 2234 θῶσαι
652 2180 980 2253 μυστήριον,
1018 2180 1115 2233 καὶ
1151 2182 1481 2251 περιστῆσαι
1516 2178 1616 2248 μὶν
1650 2175 1835 2249 αὐτῷ,
1864 2177 2037 2233 καθά-

436 2286 540 2341 περ
571 2270 672 2341 ἤδη
704 2273 988 2341 προεῖπον,
1023 2269 1367 2325 δυωκαίδεκα
1410 2268 1614 2336 λίθους,
1652 2268 1813 2323 θῦσαι
1851 2269 1908 2324 δὲ
1941 2270 2036 2324 καὶ

436 2364 733 2433 μοσχάρια.
770 2360 1008 2433 Ὀρθρον
1036 2361 1148 2433 γὰρ
1168 2360 1364 2434 ὧσπερ
1394 2362 1489 2416 καὶ
1511 2361 1727 2433 πρωῖας
1749 2360 1848 2432 ἤδη
1878 2378 2036 2431 γενος

438 2454 628 2527 μένης,
662 2456 946 2527 μονονουχὶ
974 2454 1035 2509 δὲ
1063 2456 1159 2510 καὶ
1185 2455 1482 2528 Φωσφόρου
1506 2454 1915 2524 διαυγάζοντος,
1941 2454 2037 2509 καὶ

436 2552 636 2620 νοητῆς
678 2550 811 2620 ἡμῖν
849 2548 1180 2619 ἀνισχούσης
1232 2548 1483 2621 ἡμέρας,
1536 2548 1946 2620 παροιχομένης
1978 2547 2035 2600 δὲ

437 2641 537 2714 ἠδη
590 2643 818 2708 νυκτὸς,
853 2643 949 2697 καὶ
981 2642 1372 2713 δαιμονιώδους
1405 2643 1754 2715 ἀργήσαντος
1787 2643 2034 2707 σκότους,

438 2733 693 2807 λαμπρὸν
721 2735 1008 2807 ἀνεδείχθη
1040 2737 1143 2806 τῆς
1177 2735 1505 2807 Ἐκκλησίας
1528 2735 1589 2788 τὸ
1620 2734 1818 2799 κάλλος
1850 2735 1911 2789 16
1948 2751 2035 2788 cs-

438 2825 572 2879 πτδν
600 2825 834 2896 ἐχούσης
870 2825 1279 2898 θυσιαστήριον,
1310 2827 1395 2894 ἐφ’
1418 2820 1480 2881 οὗ
1508 2826 1571 2879 16
1599 2824 1839 2897 Χριστοῦ
1862 2824 2037 2881 τελεῖ·

434 2933 528 2970 ,ται
556 2918 875 2989 μυστήριον.
909 2918 1278 2989 Παρὲστησαν
1299 2917 1355 2971 δὲ
1377 2917 1528 2989 αὐτῷ
1556 2919 1652 2972 καὶ
1672 2920 1729 2971 αἱ
1753 2916 1919 2987 φυλαὶ
1936 2916 2038 2988 τῆς

440 3009 568 3078 γῆς,
612 3008 689 3073 ὡς
733 3012 795 3064 ὲν
828 3010 1241 3083 παραδείγμασι
1287 3013 1400 3074 τοῖς
1444 3010 1635 3075 λίθοις.
1682 3011 1794 3064 Καὶ
1834 3009 1968 3080 γοῦν
2008 3014 2037 3065 6

2143 1901 2405 1957 Lucifero
2452 1899 2855 1972 propemodum
2909 1900 3284 1964 clarescente,
3341 1904 3400 1955 et
3445 1897 3535 1955 die
3582 1897 3747 1956 nobis

2143 1995 2378 2066 mystico
2406 1995 2725 2062 exoriente;
2771 2002 2935 2049 nocte
2969 2008 3101 2048 vero
3130 1991 3474 2059 discedente,
3500 1999 3557 2048 et
3598 1991 3743 2048 infe-

2143 2088 2346 2144 licibus
2379 2088 2659 2160 dissipatis
2691 2087 2960 2151 tenebris,
3002 2085 3152 2142 clara
3189 2085 3452 2141 Ecclesiae
3490 2082 3743 2156 pulchri-

2145 2181 2281 2236 tudo
2311 2190 2534 2236 ostensa
2565 2189 2673 2245 est,
2717 2178 3097 2235 venerandum
3136 2177 3396 2234 habentis
3442 2178 3638 2243 altare,
3684 2178 3745 2233 in

2143 2288 2256 2343 quo
2276 2271 2485 2327 Christi
2510 2270 2834 2343 mysterium
2865 2271 3171 2341 peragitur.
3196 2269 3467 2325 Astabant
3487 2284 3618 2325 vero
3638 2268 3743 2341 ipsi

2144 2364 2326 2420 tribus
2356 2370 2540 2428 terrae,
2570 2370 2833 2432 tanquam
2861 2361 2918 2417 in
2946 2359 3273 2433 exemplari,
3302 2360 3582 2431 lapidibus
3601 2361 3743 2418 duo-

2142 2454 2346 2511 decim.
2392 2450 2612 2508 Etenim
2658 2452 2884 2508 divinus
2921 2451 3147 2516 Paulus,
3169 2451 3406 2521 exempli
3449 2452 3744 2523 imaginem

2143 2561 2274 2601 vere
2295 2545 2637 2609 describens,
2670 2542 3028 2600 sanctiﬁcatis
3052 2542 3109 2598 in
3130 2541 3355 2598 Christo
3378 2542 3460 2598 sic
3494 2543 3605 2598 ait-z
3638 2563 3656 2595 ι
3684 2544 3745 2602 Ιιι

2141 2654 2254 2709 quo
2280 2646 2338 2694 et
2368 2638 2475 2709 ipsi
2506 2646 2766 2708 tanquam
2812 2635 3024 2708 lapides
3064 2634 3176 2691 vivi
3222 2635 3742 2709 supermdilicamini

2142 2730 2343 2787 domus
2376 2729 2703 2801 spiritualis,
2752 2729 2808 2784 in
2860 2727 3235 2784 sacerdotium
3281 2738 3537 2784 sanctum
3588 2728 3655 2783 ⁸¹.
3714 2750 3733 2783 ι

2145 2823 2303 2879 Tunc
2327 2830 2383 2878 et
2399 2826 2633 2895 juvenes
2661 2823 2984 2880 holocausta
3012 2822 3361 2889 obtulerunt,
3390 2831 3448 2880 et
3479 2825 3739 2881 sacculo.

2146 2925 2232 2971 tes
2258 2915 2388 2973 facti
2416 2925 2549 2973 sunt
2572 2916 2871 2987 spiritales.
2902 2915 3065 2987 332
3094 2916 3269 2983 Tunc,
3305 2924 3459 2983 tunc,
3490 2917 3740 2989 inquam,

2146 3009 2204 3064 in
2247 3025 2487 3080 persona
2516 3009 2698 3066 Patris
2734 3024 2963 3074 sumus,
2998 3008 3105 3079 ipsi
3149 3010 3456 3080 potentiam
3501 3011 3739 3076 mentis,

441 3102 732 3167 θεσπέσιος
784 3104 1019 3169 Παῦλος,
1058 3104 1158 3175 τὴν
1203 3104 1300 3157 τοῦ
1354 3103 1798 3175 παραδείγματος
1852 3104 2037 3156 εἰκόνα

2144 3119 2268 3174 quae
2299 3103 2369 3158 ad
2402 3119 2566 3158 omne
2594 3103 2803 3159 bonum
2818 3111 2945 3173 apte
2971 3102 3283 3169 conveniat,
3310 3103 3742 3165 constituentes.

438 3196 885 3267 παραχαράττων
903 3198 983 3261 είς
1007 3174 1290 3267 ἀλήθειαν,
1310 3174 1616 3251 ἐπιστέλλει
1634 3174 1748 3261 τοῖς
1770 3196 2040 3268 ἡγιασμέ-

2144 3196 2202 3252 in
2227 3195 2481 3252 ordinem
2510 3196 2755 3251 collecta:
2779 3194 2958 3265 plebis
2998 3194 3226 3252 redacti.
3258 3195 3317 3251 1d
3346 3197 3495 3253 clare
3521 3196 3745 3253 divinus

438 3304 551 3353 νοις
578 3292 636 3343 ὲν
669 3288 897 3361 Χριστῷ
917 3305 933 3320 ο
971 3308 992 3342 ι
1040 3290 1130 3343 Ἑν
1157 3282 1204 3357 ᾧ
1238 3288 1337 3343 καὶ
1374 3289 1533 3359 ὑμεῖς
1558 3288 1635 3352 ὡς
1670 3288 1810 3342 λίθοι
1836 3286 2041 3354 ζῶντες

438 3381 892 3452 ὲπῳκοδομεῖσθε.
935 3380 1085 3446 οἶκος
1152 3382 1523 3452 πνευματικὸς
1582 3384 1668 3445 είς
1739 3382 2042 3455 ἱεράτευμα

437 3472 619 3543 ἅγιον.
666 3493 687 3526 ι
726 3476 864 3529 Τότε
904 3476 998 3529 καὶ
1046 3476 1098 3528 οἱ
1135 3474 1408 3529 νεανίσκοι
1448 3475 1923 3547 προσκεκομίκασι
1970 3475 2041 3537 τὰ

438 3565 894 3637 ﬂexam-rdinum,
926 3567 1023 3620 καί
1051 3566 1327 3638 ἱερουργοὶ
1347 3566 1606 3635 γεγόνασι
1653 3568 2037 3637 πνευματικοί.

440 3656 575 3712 Τότε
605 3657 690 3728 δὴ,
726 3658 850 3711 τότε
904 3658 1001 3714 καὶ
1039 3659 1097 3712 ὲν
1144 3657 1427 3728 προσώπῳ
1454 3658 1764 3729 γεγόναμεν
1792 3658 1886 3712 τοῦ
1921 3660 2036 3714 Ila-

438 3749 586 3813 τρὺς,
622 3750 719 3804 καὶ
756 3753 1186 3823 παρεστήκαμεν
1218 3749 1371 3821 αὕτῷ
1416 3750 1491 3803 τὸ.
1520 3750 1619 3821 τῆς
1662 3750 1905 3816 διανοίας
1951 3753 2041 3806 εὖ·

437 3837 668 3907 δρανὲς,
716 3838 814 3892 καὶ
860 3839 1001 3911 πρὸς
1043 3840 1155 3892 πᾶν
1194 3838 1373 3892 ὁτιοῦν
1411 3839 1520 3895 τῶν
1554 3840 1777 3909 ἀγαθῶν
1805 3841 2042 3913 ἑτοίμως

441 3926 598 3999 ἔχον,
628 3931 688 3982 ὲν
718 3928 873 3994 τάξει
913 3928 1231 4001 ποιούμενοι
1262 3932 1718 4003 παραστήματος.
1755 3931 1929 3986 Τοῦτό
1956 3950 2041 3987 τοι

443 4019 632 4088 σαφῶς
665 4022 764 4077 καὶ
791 4022 954 4087 αὐτὸς
978 4025 1007 4077 6
1035 4022 1179 4086 θεῖος
1205 4024 1343 4093 ἡμῖν
1366 4021 1742 4095 προανεφώνει
1765 4022 1951 4089 Δαϐὶδ,
1975 4024 2042 4078 ὲκ

440 4111 741 4184 προσώπου
775 4113 885 4168 τῶν
919 4115 1366 4170 πεπιστευκότων
1396 4112 1541 4168 οὕτω
1568 4112 1744 4183 λέγων
1778 4114 1916 4189 πρὸς
1947 4114 2039 4169 τὸν

438 4202 578 4259 ὅλων
602 4203 737 4257 Θεόν
758 4218 772 4233 ⁸
808 4222 829 4258 ι
870 4204 945 4258 Τὸ
969 4204 1116 4277 πρωῒ
1146 4204 1443 4277 είσακούσῃ
1469 4208 1570 4277 τῆς
1599 4208 1783 4277 φωνῆς
1808 4222 1933 4276 μου.
1966 4205 2041 4260 T6

435 4290 584 4358 πρωῒ
628 4293 1202 4364 παραστήσομαίσοι,
1255 4294 1352 4348 καὶ
1401 4294 1596 4364 ὲπόψει
1639 4310 1740 4365 με,
1780 4294 1865 4350 ὅτι
1911 4294 2036 4367 οὐχὶ⁵

438 4380 574 4445 Θεὸς
607 4382 780 4438 θέλων
822 4384 1059 4457 ἀνομίαν
1098 4386 1163 4439 σὺ
1202 4380 1272 4451 el,
1308 4384 1428 4439 οὐδὲ
1466 4386 1796 4458 παροικήσει
1827 4402 1909 4440 σοι
1943 4401 2041 4439 πο-

403 4465 827 4547 ξνηρευόμενος.
877 4494 897 4527 ι
954 4473 1314 4548 Ἡγιασμένοι
1347 4474 1411 4547 δὴ
1445 4470 1561 4543 οῦν,
1600 4475 1697 4530 καὶ
1733 4476 1808 4540 ὡς
1842 4477 1901 4529 ἐν
1943 4475 2039 4530 τύ-

2140 3303 2363 3361 quoque
2387 3287 2563 3344 David
2600 3286 2960 3355 vociferatur,
2992 3287 3069 3344 ita
3114 3287 3463 3346 credentium
3505 3304 3744 3360 persona

2141 3380 2213 3436 ad
2236 3380 2625 3436 universorum
2652 3380 2827 3436 Deum
2848 3379 3081 3437 dicens:
3115 3398 3135 3433 ι
3169 3380 3327 3438 Mane
3353 3381 3620 3438 exaudies
3640 3397 3741 3439 vo-

2140 3485 2264 3527 cem
2297 3486 2497 3527 meam.
2541 3470 2701 3526 ltlane
2742 3471 2935 3528 astabo
2966 3471 3089 3538 tibi,
3119 3479 3178 3527 et
3216 3471 3435 3529 videbis
3458 3488 3565 3540 me,
3597 3489 3740 3546 quo-

2144 3563 2293 3618 niam
2319 3578 2433 3618 non
2456 3563 2605 3619 Deus
2626 3562 2977 3634 iniquitatem
3006 3564 3200 3620 volens
3228 3572 3287 3619 tu
3308 3579 3409 3621 es:
3437 3580 3621 3635 neque
3646 3565 3745 3621 ha-

2142 3654 2345 3711 bitabit
2365 3657 2521 3727 juxta
2546 3664 2601 3711 te
2637 3656 2909 3727 malignus
2933 3655 3001 3711 ".
3033 3674 3052 3709 ι
3085 3655 3423 3715 Sanctiﬁcati
3459 3656 3648 3729 igitur,
3678 3673 3744 3717 ac

2142 3748 2316 3803 veluti
2341 3748 2398 3803 in
2418 3756 2548 3820 typo
2564 3764 2636 3818 pu
2646 3747 2845 3804 riﬁcati
2869 3749 3135 3821 sanguine
3154 3759 3213 3807 et
3226 3750 3468 3817 lustrati,
3499 3770 3519 3803 ι
3538 3749 3744 3808 Ascen-

2142 3839 2350 3896 derunt
2374 3840 2431 3896 in
2453 3849 2699 3896 montem
2727 3839 2908 3897 Moses
2931 3849 2990 3897 et
3010 3840 3216 3907 Aaron,
3238 3841 3432 3900 Nadab
3449 3849 3509 3898 et
3533 3841 3740 3907 Abiud,

2141 3940 2199 3987 et
2239 3932 2591 4004 septuaginta
2632 3932 2703 3988 de
2743 3931 3061 3989 seniori-bus
3101 3932 3269 3991 Israel
3312 3951 3327 3990 :
3369 3932 3743 4005 videruntque

2138 4025 2247 4081 sub
2276 4024 2512 4096 pedibus
2542 4026 2663 4096 ejus
2701 4039 2845 4096 opus
2869 4025 3027 4096 quasi
3055 4025 3246 4083 lateris
3272 4026 3542 4098 sapphiri,
3573 4035 3743 4099 atque

2144 4124 2205 4173 ut
2233 4131 2374 4188 opus
2405 4114 2740 4174 ﬁrmamenti
2773 4116 2833 4173 in
2860 4117 2988 4173 cmli
3019 4117 3341 4175 serenitate.
3359 4119 3428 4175 Et
3451 4118 3520 4174 de
3547 4118 3744 4176 electis

2143 4204 2311 4260 lsrael
2338 4203 2601 4260 desonuit
2629 4220 2701 4261 ne
2734 4221 2882 4262 unus
2908 4206 3157 4278 quidem.
3188 4207 3257 4262 Et
3279 4216 3658 4279 apparuerunt
3683 4208 3742 4267 in

2141 4294 2264 4351 loco
2294 4295 2415 4362 Dei,
2445 4305 2505 4352 et
2532 4297 2897 4355 comederunt
2924 4308 3092 4370 atque
3116 4298 3382 4355 biberunt
3409 4299 3477 4355 “.
3516 4319 3537 4353 ι
3567 4300 3742 4359 Audis

2143 4397 2205 4443 ut
2233 4388 2348 4445 Deo
2376 4388 2617 4446 dicatum
2645 4390 2828 4446 locum
2859 4392 3120 4459 viderint,
3148 4391 3300 4449 velut
3336 4392 3392 4453 in
3423 4392 3609 4464 specie
3644 4391 3743 4447 tir-

2144 4482 2410 4538 mamenti
2433 4483 2596 4540 coeli?
2622 4481 2837 4540 Caelum
2865 4485 3015 4541 enim
3042 4483 3395 4556 splendidum
3434 4493 3520 4555 est
3556 4500 3622 4540 ac
3652 4484 3741 4540 di-

441 4536 564 4629 πὸὶς
596 4536 676 4619 ἔτι
705 4536 1135 4638 καθηγνισμενοι
1160 4536 1242 4640 τῷ
1269 4536 1483 4639 αἵματι,
1525 4536 1557 4621 ι’
1595 4536 1922 4638 ’Λνεφοίτων
1955 4570 2038 4633 είς

2144 4571 2427 4639 lucidum,
2469 4574 2843 4647 sapphiroque
2882 4536 3166 4647 persimrile
3210 4575 3267 4633 in
3309 4550 3657 4642 summitate,
3685 4585 3741 4633 et

437 4657 500 4713 16
535 4657 663 4731 ὅρος
702 4659 908 4731 Μωσῆς
944 4677 1006 4715 τε
1045 4661 1142 4715 καὶ
1191 4661 1433 4734 Ἀαρὼν,
1496 4662 1591 4717 καὶ
1644 4661 1835 4717 Ναδὲϐ
1859 4702 1875 4730 ,
1941 4663 2039 4718 καὶ

450 4755 702 4822 ’Δδιοὺδ,
741 4758 838 4812 καὶ
887 4756 1267 4830 ἑϐδομήκοντα
1297 4758 1397 4830 τῆς
1434 4757 1727 4830 γερουσίας
1785 4757 2037 4830 Ἰσραὴλ,

438 4848 536 4904 καὶ
551 4844 693 4905 εἶδον
720 4849 791 4905 τά
816 4848 922 4903 ὑπὸ
940 4850 1068 4915 τοὺς
1088 4850 1253 4915 πόδας
1273 4849 1440 4907 αὑτοῦ
1472 4849 1633 4922 ἔργον
1658 4851 1792 4906 ὡσεὶ
1814 4852 2038 4908 πλίνθου

440 4942 769 5014 σαπφείρου,
805 4942 902 4997 καὶ
927 4941 1119 5013 ὥσπερ
1151 4942 1313 5014 ἔργον
1343 4943 1723 5017 περεὼματος
1746 4944 1841 5000 τοῦ
1867 4945 2037 5017 οὐρα-

441 5030 534 5085 νοῦ
559 5032 627 5104 τῇ
651 5032 1009 5104 καθαρότητι.
1045 5033 1158 5088 Καὶ
1199 5031 1306 5087 τῶν
1338 5033 1640 5089 ἐπιλέκτων
1680 5034 1775 5088 τοῦ
1824 5033 2039 5107 Ἰσραὴλ

438 5123 501 5177 οὐ
528 5123 865 5196 διεφώνησεν
893 5125 1092 5190 οὐδείς.
1130 5126 1244 5182 Καὶ
1272 5125 1537 5199 ὤφθησαν
1569 5129 1627 5181 ὲν
1660 5124 1740 5198 τῷ
1766 5127 1917 5200 τόπῳ
1942 5127 2038 5184 τοῦ

437 5214 600 5281 Θεοῦ,
639 5217 737 5285 καὶ
760 5217 967 5290 ἔφαγον
996 5218 1091 5274 καλ⁸
1123 5221 1297 5275 ἔπιον.
1329 5239 1346 5272 ι
1370 5219 1614 5286 Ἀκούεις
1641 5221 1789 5282 ὅπως
1820 5220 2041 5277 τεθέαν-

437 5324 527 5363 ται
576 5307 670 5364 16v
715 5308 812 5365 τοῦ
877 5310 1016 5364 Θεοῦ
1076 5300 1372 5383 λεγόμενον
1416 5311 1615 5376 τόπον,
1681 5311 1757 5375 ὡς
1800 5313 1858 5367 ὲν
1906 5311 2036 5366 εἴδει

439 5397 824 5473 στερεώματος
852 5400 1108 5474 οὐρανοῦ.
1159 5402 1428 5475 Ἐναυγὴς
1454 5401 1564 5474 γὰρ
1592 5404 1620 5456 6
1644 5400 1906 5475 οὐρανὸς,
1939 5402 2038 5456 καὶ

440 5494 735 5568 σαπφείρῳ
762 5496 940 5560 ἐοικὸς
968 5495 1029 5549 16
1066 5495 1331 5551 ἀνωτάτω
1387 5496 1486 5551 καὶ
1530 5496 1772 5569 αἰθέριον
1810 5495 2034 5569 χρῶμα.

438 5586 676 5660 Πρέπων
699 5588 758 5644 δὲ
785 5589 867 5646 ὅτι
901 5589 1138 5662 μάλιστα
1169 5590 1348 5664 χῶρος
1376 5592 1405 5645 6
1447 5590 1710 5661 οὐρανὸς,
1744 5589 1840 5644 καὶ
1877 5591 1961 5659 ἐφ’
1989 5582 2036 5659 ᾧ

2144 4666 2347 4722 coloris
2392 4668 2656 4725 cmlestis.
2703 4668 2917 4726 Deccns
2964 4671 3153 4742 itaque
3202 4679 3260 4727 et
3298 4682 3462 4747 aptus
3505 4670 3743 4728 maxime

2141 4756 2302 4816 locus
2328 4760 2531 4817 cmlum
2574 4770 2692 4829 est,
2736 4763 2795 4821 in
2838 4776 2949 4835 quo
2978 4763 3218 4835 quiescit
3242 4763 3501 4822 habitans
3546 4765 3604 4821 in
3646 4779 3741 4820 an-

2143 4848 2300 4921 gelis.
2333 4849 2572 4907 Sanctus
2599 4852 2749 4908 enim
2784 4852 2840 4908 in
2880 4853 3089 4910 sanctis
3126 4853 3360 4919 habitat,
3391 4862 3448 4910 et
3472 4854 3740 4925 quodam-

2145 4942 2311 4997 modo
2344 4942 2643 5001 inclinatur
2683 4945 2753 5002 iis
2790 4946 2887 5017 qui
2932 4961 3193 5020 superam
3228 4945 3482 5003 incolunt
3520 4945 3741 5014 urbem,

2148 5034 2221 5091 ob
2251 5035 2601 5104 industriam,
2632 5039 2869 5111 vitaeque
2898 5038 3273 5111 praestantiam
3311 5038 3487 5111 probe
3515 5039 3735 5098 institu-

2144 5134 2279 5183 tam.
2323 5126 2615 5185 Credimus
2654 5129 2803 5188 enim
2835 5140 3042 5187 emtum
3092 5142 3420 5202 superorum
3453 5144 3739 5188 sacrosan-

2146 5228 2295 5274 ctum
2317 5234 2458 5276 esse.
2485 5221 2578 5276 Ait
2602 5219 2771 5293 igitur
2792 5237 2858 5277 ea
2883 5236 3008 5293 qua
3033 5222 3138 5278 sub
3162 5222 3261 5278 Dei
3290 5223 3530 5294 pedibus
3560 5236 3743 5287 erant.

2146 5312 2216 5369 ab
2260 5313 2350 5368 his
2390 5313 2486 5384 qui
2530 5312 2586 5370 in
2631 5324 2877 5369 montem
2919 5314 3320 5383 ascenderant,
3375 5325 3639 5389 tanquam
3682 5317 3743 5372 in

2145 5403 2329 5473 specie
2352 5400 2712 5469 ﬁrmamenti,
2741 5417 2939 5461 sereno
2959 5420 3025 5460 ac
3050 5405 3190 5462 sudo
3218 5407 3382 5473 cmlo,
3408 5406 3523 5464 visa
3549 5404 3740 5462 fuisse.

2143 5495 2447 5566 Oportebat
2476 5499 2626 5553 enim
2668 5511 2785 5563 eos,
2819 5498 2916 5569 qui
2954 5497 3027 5554 ob
3058 5498 3291 5556 deorum
3322 5499 3741 5557 multitudinem

2141 5587 2382 5644 errando
2402 5588 2593 5660 aegroti
2618 5599 2811 5659 erant,
2846 5589 3055 5664 quique
3089 5603 3357 5652 creaturae
3385 5591 3737 5664 serviebant,

515 5774 559 5807 "
597 5775 640 5833 ll
675 5776 807 5833 Cor.
846 5790 902 5840 ν,
940 5776 1029 5831 l7.
1107 5776 1153 5807 "
1181 5775 1384 5847 Ephes.
1411 5792 1472 5841 ιι,
1497 5775 1589 5844 20,
1623 5774 1716 5842 εκ
1742 5775 1763 5832 1
1786 5775 1939 5833 Petr.
1964 5792 2023 5845 ιι,

2159 5776 2234 5853 ,⁵³
2266 5776 2411 5834 Psal.
2453 5793 2506 5843 v,
2543 5777 2597 5845 4,
2625 5778 2675 5833 5.
2756 5779 2802 5812 "
2834 5778 3021 5839 Exod.
3057 5795 3202 5846 xxxv,
3230 5779 3321 5865 lo,
3366 5778 3458 5835 Η.

808 5870 1082 5932 Ρλτιιοι..
1128 5871 1244 5932 Gn.
1292 5869 1497 5932 LXIX.

3300 5869 3366 5937 Π
