4060 6456
444 312 550 367 5⁸23

1446 311 1501 367 S.
1545 313 1819 368 CYRILLI
1859 311 2327 368 ALEXANDRINI
2369 314 2685 373 ARCHIEP.

3615 325 3718 391 52“

440 424 509 480 ad
550 424 645 480 Dei
684 432 873 496 postea
903 424 1271 494 cognitionem
1316 433 1562 488 vocatos,
1596 425 1807 480 utiliter
1839 441 1902 479 ac
1931 441 1996 478 ne

2094 455 2104 485 ι
2136 425 2566 518 επαναπαύεται,
2594 431 2883 486 καταλύων
2914 435 2972 487 ὲν
3006 435 3275 505 ἀγγέλοις.
3310 440 3496 510 Ἄγιος
3524 448 3635 518 γὰρ
3664 454 3722 503 ὃν

437 516 679 571 cessatio
714 515 923 580 videre,
957 514 1131 569 Deum
1159 514 1261 569 sub
1295 514 1529 584 pedibus
1554 516 1757 571 coelum
1791 515 2022 582 habere,

435 610 794 678 omniumque
829 623 947 662 esse
972 607 1286 672 Dominum,
1315 615 1429 662 uta
1459 623 1570 678 quo
1593 609 1776 663 omnia
1805 618 2024 664 mutua-

401 700 413 752 ζ
435 709 628 754 rentur
657 698 973 762 essentiam,
1006 697 1210 768 quique
1239 713 1335 752 eos
1377 698 1446 752 ab
1475 700 1704 769 antiqua
1733 699 1926 754 fraude
1955 700 2023 754 li-

433 786 660 842 berarit.
707 786 863 853 Quod
910 802 1045 840 vero
1089 786 1291 840 divinis
1337 788 1762 844 charismatibus
1805 789 2024 844 abunde

433 877 758 947 participem
791 876 930 940 ﬁeri,
961 883 1017 931 et
1043 885 1300 946 oportere
1342 877 1590 934 deliciari
1630 880 1686 934 in
1719 881 2022 951 spirituali-

433 971 536 1023 hus
560 966 762 1023 Christi
793 967 974 1032 bonis,
999 969 1335 1022 assimiletur
1358 969 1557 1025 iterum
1584 971 1652 1025 iis
1678 972 1773 1042 qui
1803 987 1902 1025 suo
1925 971 2024 1025 ali-

431 1057 652 1128 quando
698 1065 945 1126 tempore
989 1058 1292 1128 ingressuri
1328 1069 1456 1114 sunt
1498 1076 1790 1130 supernam
1827 1062 2020 1116 civita»

431 1161 564 1217 tem,
600 1149 845 1205 ostendit
885 1150 961 1214 id,
1007 1151 1153 1220 quod
1190 1151 1284 1221 qui
1317 1152 1680 1207 ascenderant
1719 1153 1785 1207 ad
1837 1154 2021 1208 locum

429 1244 544 1308 Dei,
577 1243 939 1298 comederunt
984 1258 1049 1297 ac
1097 1243 1379 1298 biberunt.
1424 1243 1552 1308 Sed,
1587 1252 1648 1297 ut
1684 1244 1798 1314 jam
1842 1260 2020 1314 nuper

427 1335 686 1400 diximus,
725 1335 822 1389 uni
865 1334 999 1388 Mosi
1043 1334 1110 1388 ad
1157 1335 1329 1388 Deum
1372 1333 1634 1388 accedere
1666 1334 2015 1405 praecipitur;

428 1428 643 1484 caeteris
686 1428 902 1499 longius
932 1427 1130 1497 positis
1149 1427 1389 1481 adorare
1436 1444 1449 1480 :
1492 1427 1696 1497 quibus
1741 1437 1798 1482 et
1837 1427 2019 1483 Aaron

429 1521 646 1580 aderat.
672 1519 830 1590 333
855 1518 1101 1573 Diximus
1130 1533 1283 1584 vero,
1309 1518 1600 1574 nobiscum
1623 1519 1813 1586 fuisse,
1837 1521 1893 1575 in
1916 1537 2016 1575 na-

430 1620 552 1665 tura
578 1611 737 1681 longc
771 1618 998 1674 semota,
1029 1610 1250 1674 Filium,
1282 1609 1377 1679 qui
1419 1610 1649 1680 prOpius
1681 1611 1872 1666 aderat
1905 1612 2016 1667 Deo

427 1704 596 1767 Patri,
630 1705 978 1757 innocentem
1021 1711 1184 1771 atque
1217 1702 1629 1757 immaculatum
1667 1704 2009 1758 sacerdotem

424 1811 720 1859 summum,
754 1801 815 1848 ut
850 1809 947 1864 per
973 1793 1150 1863 ipsum
1193 1802 1249 1847 et
1292 1809 1417 1847 cum
1461 1794 1580 1864 ipso
1611 1794 1812 1849 iterum
1844 1811 2006 1866 repe-
2039 1775 2082 1830 Β

421 1887 630 1939 riamur
661 1893 715 1939 et
757 1884 859 1954 ipsi
906 1898 1096 1954 prope.
1131 1883 1269 1936 Hinc
1309 1883 1628 1938 nominatur
1660 1884 2004 1951 Emmanuel,

419 1977 568 2049 quod
608 1985 692 2031 est
741 1976 1182 2045 interpretatum,
1225 1975 1508 2030 Nobiscum
1557 1975 1719 2030 Deus.
1763 1976 2004 2032 Tametsi

418 2084 547 2123 vero
574 2067 862 2121 nobiscum
895 2064 1064 2120 fuerit
1091 2073 1349 2135 tanquam
1378 2065 1572 2133 homo;
1597 2081 1793 2122 cernas
1821 2074 2004 2121 tamen

417 2159 568 2222 licet,
602 2158 820 2213 Patrem
865 2171 1084 2227 quoque
1116 2171 1295 2225 neque
1327 2156 1489 2212 beato
1529 2157 1664 2212 Mosi
1706 2157 2001 2212 accessibi-

415 2250 524 2305 lem
558 2250 793 2316 factum,
840 2249 958 2304 sine
1007 2249 1181 2319 ipsius
1226 2249 1642 2304 intercessione.
1690 2250 1811 2320 Ipse
1851 2251 2000 2304 enim

415 2342 504 2396 via
531 2351 635 2406 est,
666 2341 783 2412 ipse
815 2342 1038 2408 ostium,
1073 2352 1134 2399 ut
1169 2343 1281 2414 jam
1321 2342 1581 2396 diximus.
1617 2342 1901 2397 Discemus
1945 2350 2001 2397 et

413 2431 521 2488 hoc
553 2448 746 2488 rursus
769 2448 835 2488 ex
871 2434 940 2489 iis
969 2450 1090 2505 quae
1125 2441 1452 2503 sequuntur.
1494 2453 1512 2485 ι
1549 2434 1618 2489 Et
1642 2433 1781 2487 dixit
1810 2433 1997 2488 Domi-

413 2539 519 2580 nus
551 2525 617 2580 ad
653 2525 878 2581 Mosen:
911 2526 1158 2581 Aseende
1199 2525 1267 2580 ad
1308 2541 1396 2580 me
1430 2525 1485 2579 in
1529 2534 1792 2590 montem,
1817 2533 1875 2580 et
1914 2534 1996 2579 sta

413 2617 510 2683 ibi,
561 2625 618 2672 et
659 2618 802 2674 dabo
837 2619 937 2674 tibi
973 2619 1188 2674 tabulas
1228 2618 1490 2687 lapideas,
1525 2619 1701 2688 legem
1737 2627 1798 2674 et
1838 2633 1995 2672 man-

409 2709 558 2771 data.
591 2726 713 2782 quae
755 2711 950 2782 scripsi
988 2720 1051 2766 ut
1091 2711 1280 2766 darem
1321 2711 1496 2780 legem
1525 2711 1627 2765 eis.
1658 2710 1728 2766 Et
1762 2725 1996 2780 surgens

409 2800 586 2856 Moses
611 2811 666 2857 et
689 2802 852 2858 Josue
877 2802 971 2873 qui
1002 2803 1238 2867 astabat,
1273 2801 1644 2857 ascenderunt
1666 2801 1724 2856 in
1749 2809 1992 2856 montem

405 2889 505 2944 Dei
535 2892 602 2944 ⁵⁵.
636 2911 654 2942 ι
683 2891 850 2947 Vides
875 2901 934 2946 ut
958 2891 1135 2945 Moses
1157 2891 1230 2946 sit
1255 2898 1482 2945 vocatus
1503 2889 1560 2944 in
1581 2897 1845 2956 montem,
1873 2906 1993 2944 um-

407 2981 672 3036 braticam
688 2980 1235 3035 adhucetlitteralem
1247 2981 1422 3051 legem
1436 2987 1786 3050 accepturus,
1800 2994 1994 3034 accur-

408 3075 541 3129 rcrit
567 3090 698 3130 vero
725 3089 834 3127 una
858 3089 966 3127 non
997 3079 1224 3127 vocatus
1255 3073 1442 3136 Josue,
1466 3071 1520 3125 in
1546 3071 1754 3126 Christi
1777 3080 1986 3143 typum,

405 3168 496 3236 qui
527 3183 557 3220 a
586 3167 747 3222 Patre
775 3181 886 3219 non
914 3173 1166 3228 vocatur,
1195 3171 1256 3217 ut
1287 3162 1492 3227 caeteri,
1521 3177 1740 3231 semper
1762 3163 1907 3217 enim
1936 3166 1988 3218 ei

404 3255 578 3308 adest.
608 3254 760 3309 Viam
797 3255 979 3323 itaque
1005 3253 1203 3309 sternit
1231 3253 1440 3306 vocatis
1470 3251 1739 3306 mediator
1765 3259 1822 3306 et
1846 3253 1988 3307 assi-

403 3351 574 3396 stens.
624 3342 720 3397 Est
764 3343 914 3397 enim
965 3341 1324 3412 impossibile,
1359 3348 1421 3395 ut
1457 3341 1729 3406 dicebam,
1775 3342 1834 3396 in
1875 3342 1988 3398 Deo

406 3432 566 3485 Patre
598 3431 707 3486 alio
747 3446 848 3486 nos
885 3446 1006 3486 esse
1037 3430 1219 3495 modo,
1249 3446 1414 3500 quam
1441 3431 1555 3484 sola
1582 3430 1756 3499 ipsius
1778 3431 1987 3486 media-

405 3521 552 3575 tione
587 3537 684 3576 seu
722 3522 1146 3577 interventione.
1180 3521 1263 3575 llli
1293 3522 1479 3591 itaque
1520 3521 1690 3591 gloria
1720 3530 1777 3576 et
1809 3523 1986 3593 impe-

403 3613 544 3667 rium
580 3614 744 3669 simul
765 3630 891 3669 cum
923 3614 1268 3670 sanctissimo
1298 3615 1458 3670 Patre
1487 3622 1542 3670 et
1562 3614 1768 3684 Spiritu
1799 3627 1988 3672 sancto

401 3704 457 3759 in
481 3706 678 3762 saecula
707 3707 1051 3762 saaculorum.
1082 3706 1279 3761 Amen.

2128 516 2306 584 ἁγίοις
2350 522 2629 586 κατοικεῖ,
2679 524 2774 576 καὶ
2821 525 3102 591 οίονείπως
3152 533 3572 592 ὲπανακλίνεται
3605 516 3722 608 τοῖς

2125 608 2224 680 τὴν
2261 610 2373 664 ἄνω
2399 613 2645 682 τρίϐουσι
2674 617 2846 683 πόλιν,
2878 618 2967 672 διὰ
2994 621 3056 673 τὸ
3091 622 3209 677 λίαν
3243 626 3471 696 εὐφυὲς,
3509 635 3602 686 καὶ
3642 637 3722 699 εἰς

2125 703 2419 800 ἀὶοειότ-ητα
2462 704 2610 800 ζωῆς
2658 705 2715 762 εὖ
2767 711 2911 781 μάλα
2953 713 3312 787 διεξεσμὲνον.
3376 721 3564 791 Ἀγίαν
3610 729 3720 800 γὰρ

2123 791 2264 848 εἶναι
2298 798 2627 869 πιστεύομεν
2671 801 2769 873 τὴν
2816 805 2928 858 τῶν
2963 807 3077 862 ἄνω
3118 813 3446 882 πνευμάτων
3486 791 3714 888 πληθύν.

2127 887 2304 974 Ὤψθη
2339 889 2403 960 δὴ
2435 886 2528 944 οὖν
2569 893 2639 945 τὰ
2684 895 2788 947 ὑπὸ
2819 898 2946 961 τοὺς
2981 900 3152 964 πόδας
3185 903 3350 957 αὐτοῦ
3390 911 3502 971 τοῖς
3544 886 3623 974 si;
3658 913 3719 965 τὸ

2121 973 2251 1046 ὅρος
2283 977 2700 1069 άναὸεϐηκόσιν,
2736 982 2814 1046 ὡς
2837 986 2894 1037 ὲν
2921 985 3050 1039 εἴδει
3076 991 3454 1062 περεὼματος
3487 1001 3715 1069 ούρανοῦ

2119 1067 2549 1158 τῇκαθαρότητι
2571 1111 2584 1135 ,
2611 1073 2794 1143 φησίν.
2832 1076 2980 1130 Ἔδει
3005 1077 3136 1152 γὰρ,
3164 1083 3292 1146 ἔδει,
3329 1087 3454 1150 τοὺς
3486 1067 3582 1158 τὴν
3611 1108 3711 1144 πο-

2121 1155 2490 1255 λύῦεόν-ποτε
2547 1167 3083 1237 κατηρρωστηκότας
3137 1172 3444 1247 πλάνησιν,
3501 1155 3597 1234 καὶ
3642 1186 3708 1255 τῇ

2120 1249 2294 1304 κτίσει
2324 1251 2777 1324 λελατρευκότας,
2815 1255 2938 1313 εἶτα
2963 1263 3335 1334 κεκλημένους
3363 1271 3444 1332 είς
3475 1249 3710 1342 ὲπίγνωζ

2120 1359 2206 1394 σιν
2232 1341 2390 1407 Θεοῦ,
2424 1346 2712 1417 χρησίμως
2741 1366 2801 1402 τε
2845 1352 2941 1404 καὶ
2975 1353 3285 1422 ἀναγκαίως
3317 1359 3442 1416 ίδεῖν
3494 1363 3576 1416 ὅτι
3615 1366 3708 1418 καὶ

2117 1433 2279 1487 αὐτὸν
2313 1435 2417 1488 ὑπὸ
2450 1437 2614 1500 πόδας
2646 1439 2758 1510 ἔχει
2787 1441 2879 1495 τὸν
2911 1444 3158 1516 οὐρανὸν,
3194 1449 3291 1503 καὶ
3317 1452 3397 1504 ὅτι
3418 1453 3542 1507 πῶν
3567 1456 3707 1508 πάν-

2114 1540 2221 1616 των
2256 1525 2374 1616 ἐστὶ
2399 1528 2696 1600 Δεσπότης,
2737 1531 2814 1596 ὡς
2846 1536 3205 1606 παρενεγκὼν
3237 1539 3305 1592 τὰ
3341 1541 3519 1596 πάντα
3567 1546 3705 1616 πρὸς

2115 1613 2381 1685 ὕπαρξιν,
2413 1619 2440 1669 6
2481 1617 2582 1687 τῆς
2617 1621 2852 1692 ἀρχαίας
2883 1626 3078 1690 αὐτοὺς
3113 1629 3331 1699 ἀπάτης
3371 1613 3705 1705 ἀπολυτρού-

2118 1721 2297 1774 μενος.
2330 1707 2451 1760 Ὀτι
2473 1708 2530 1761 δὲ
2560 1711 2653 1762 καὶ
2678 1715 2790 1775 τοῖς
2812 1715 2891 1777 είς
2919 1716 3020 1786 τὴν
3038 1717 3152 1772 ἄνω
3179 1722 3319 1776 κατὰ
3344 1726 3567 1795 καιροὺς
3591 1728 3703 1780 εἰσ-

2113 1795 2396 1851 ελαύνουσι
2435 1799 2630 1864 πόλιν,
2673 1806 3078 1874 παρεικάζεται
3127 1812 3288 1866 πάλιν
3339 1813 3400 1866 τὸ
3427 1816 3546 1869 -καὶ
3591 1817 3702 1872 τῶν

2108 2164 2252 2215 πιεῖν
2283 2165 2409 2227 τοὺς
2440 2165 2869 2238 ἀναϐεϐηκότας.
2933 2170 3071 2224 Ἀλλ’
3102 2175 3159 2225 ὲν
3205 2174 3302 2244 μὲν
3347 2170 3429 2240 οἷς
3470 2178 3695 2250 ἔναγχος

2106 2253 2265 2324 ἔφην,
2303 2256 2463 2326 μόνος
2499 2260 2898 2330 προσετάττετο
2931 2264 3138 2332 Μωσῆς
3169 2266 3384 2334 ἐγγίσαι
3419 2269 3559 2340 πρὸς
3603 2273 3693 2325 τὸν

2105 2346 2238 2400 Θεόν
2257 2360 2270 2374 ·
2302 2348 2356 2400 οἵ
2381 2366 2444 2418 γε
2474 2351 2582 2421 μὴν
2605 2351 2780 2423 ἕτεροι
2807 2361 3131 2424 προσκυνεῖν
3167 2359 3460 2431 μακρόθεν,
3490 2358 3571 2426 οἷς
3599 2365 3692 2416 καὶ

2105 2435 2272 2506 συνῆν
2325 2439 2556 2511 Ἀαρών.
2603 2441 2893 2514 Ἑλέγομεν
2912 2444 2987 2510 δὲ,
3022 2446 3103 2498 ὃτι
3151 2448 3269 2517 μεθ’
3301 2449 3459 2520 ἡμῶν
3499 2453 3688 2519 γέγονε

2101 2529 2167 2598 τῇ
2200 2526 2359 2596 φύσει
2394 2531 2669 2601 μακρόθεν
2698 2535 2727 2585 ὀ
2758 2535 2922 2602 ἐγγὺς
2951 2537 3045 2588 τοῦ
3077 2537 3213 2591 Θεοῦ
3246 2539 3338 2591 καὶ
3372 2542 3584 2614 [ἰατρὸς
3614 2543 3688 2595 ὢν

2102 2616 2251 2683 Υἱὸς,
2279 2622 2307 2672 6
2330 2621 2536 2686 ἄκακος
2561 2624 2720 2694 ἡμῶν
2752 2627 2845 2678 καὶ
2873 2627 3132 2696 ἀμίαντος
3156 2631 3474 2702 ἀρχιερεύς·
3503 2634 3590 2686 ἵνα
3619 2635 3686 2688 δι’

2100 2703 2300 2768 αὐτοῦ,
2337 2708 2432 2759 καὶ
2480 2709 2578 2762 σὺν
2624 2711 2775 2783 αύτῷ
2813 2713 2877 2784 δὴ
2927 2715 3112 2782 πάλιν,
3159 2718 3545 2790 εύρισκώμεθα
3591 2725 3686 2776 καὶ

2099 2796 2260 2865 ἡμεῖς
2287 2797 2472 2865 ἐγγύς.
2505 2801 2796 2874 Τοιγάρτοι
2830 2805 3092 2874 κέκληται
3128 2809 3223 2861 καὶ
3265 2811 3631 2883 Ἐμμανουήλ,
3655 2814 3687 2868 ὃ

2099 2887 2213 2940 ἐστι
2243 2887 2807 2962 μεθερμηνευόμενος,
2839 2897 2980 2950 Μεθ’
3008 2897 3179 2966 ἡμῶν
3201 2903 3233 2954 ὀ
3267 2903 3429 2968 Θεός.
3461 2905 3607 2974 Πλὴν
3635 2909 3684 2960 εί

2097 2979 2189 3032 καὶ
2222 2980 2415 3049 γέγονε
2447 2983 2565 3052 μεθ’
2597 2985 2753 3055 ἡμῶν
2775 2986 2851 3050 ὡς
2881 2988 3166 3060 ἄνθρωπος
3185 3030 3200 3056 ,
3233 2993 3346 3045 ἀλλ’
3378 2994 3522 3049 ἔστιν
3555 2998 3683 3051 ίδεῖν

2093 3071 2170 3134 ὡς
2202 3072 2321 3125 οὐδὲ
2353 3074 2502 3146 αύτῷ
2534 3076 2613 3147 τῷ
2659 3080 2915 3151 μακαρίῳ
2957 3083 3130 3154 Μωσῇ
3163 3086 3418 3156 προσιτὺς
3459 3089 3682 3159 γέγονεν

2019 3132 2059 3190 ο
2093 3164 2122 3216 ὁ
2150 3132 2362 3235 ιιατὴρ,
2389 3132 2512 3236 δίχα
2538 3132 2636 3237 es};
2659 3132 2830 3223 ὶιὺτοέ
2864 3132 3682 3249 4...;2z;;.'l$;$;';a;'QZ;

2092 3254 2125 3323 ἡ
2153 3253 2292 3318 ὁδὸς,
2324 3256 2488 3320 αὐτὸς
2518 3259 2550 3328 ή
2581 3257 2742 3330 Θύρα,
2779 3261 3033 3334 καθάπερ
3064 3265 3162 3335 ἤδη
3194 3268 3548 3340 προείπομεν.
3585 3273 3680 3324 El-

2090 3347 2297 3416 σόμεθα
2321 3348 2377 3400 δὲ
2403 3350 2497 3403 καὶ
2525 3351 2686 3406 τοῦτο
2708 3353 2870 3407 πάλιν
2897 3356 3007 3408 ἀπό
3028 3373 3091 3425 γε
3110 3359 3219 3413 τῶν
3239 3361 3456 3430 ἐφεξῆς·
3481 3381 3501 3414 ι
3533 3361 3673 3418 Εἷπε

2085 3441 2214 3513 γὰρ,
2249 3444 2432 3513 φησὶν,
2469 3446 2496 3498 6
2526 3445 2731 3516 Κύριος
2771 3447 2909 3518 πρὸς
2949 3450 3156 3521 Μωσῆν
3183 3468 3196 3483 ·
3237 3453 3492 3524 Ἀνάῦηθι
3537 3456 3676 3524 πρός

2089 3549 2156 3602 με
2189 3534 2269 3597 είς
2297 3533 2357 3586 τὸ
2381 3535 2526 3606 ὄρος,
2564 3538 2658 3590 καὶ
2689 3537 2799 3591 ῐσθι
2830 3542 2968 3604 ἐκεῖ,
3001 3542 3092 3594 καὶ
3117 3541 3273 3596 δώσω
3305 3561 3385 3599 σοι
3413 3547 3482 3598 τὰ
3508 3545 3675 3611 πυξία

2084 3622 2154 3676 τὰ
2187 3623 2382 3691 λίθινα,
2411 3625 2500 3679 τὸν
2529 3625 2712 3696 νόμον,
2737 3630 2832 3681 καὶ
2863 3628 2962 3692 τὰς
2991 3631 3226 3696 πλάκας,
3250 3631 3314 3696 ἃς
3345 3632 3560 3703 ἔγραψα
3585 3650 3674 3686 νο-

2089 3714 2386 3785 μοθετῆσαι
2425 3717 2631 3780 αὺτοῖς.
2675 3719 2788 3772 Καὶ
2820 3720 3060 3784 ἀναστὰς
3090 3723 3297 3792 Μωσῆς
3337 3725 3430 3777 καὶ
3465 3725 3672 3795 Ἰησοῦς

399 3804 426 3853 6
445 3799 804 3872 παρεστηκὼς
827 3800 998 3872 αὐτῷ,
1020 3800 1291 3870 ἀνέϐησαν
1311 3801 1392 3863 είς
1418 3800 1478 3854 τὸ
1533 3800 1658 3871 ὅρος
1682 3801 1774 3856 τοῦ
1811 3801 1968 3856 Θεοῦ.
2003 3823 2023 3856 ι
2053 3804 2216 3876 Ὁρᾷς
2245 3809 2438 3880 ὅτιπερ
2465 3811 2727 3881 κέκληται
2765 3811 2863 3881 μὲν
2886 3813 2916 3865 6
2938 3814 3144 3884 Μωσῆς
3171 3815 3267 3868 τὸν
3282 3817 3337 3868 ὲν
3371 3820 3548 3878 σκιαῖς
3586 3819 3669 3873 ἔτι

397 3894 490 3946 καὶ
516 3894 838 3964 γράμμασιν
862 3891 1266 3961 ὑποδεξάμενος
1289 3891 1474 3961 νόμον,
1508 3894 1900 3965 συνανατρέχει
1961 3895 2017 3948 δὲ
2055 3896 2204 3968 αὐτῷ
2262 3897 2336 3970 μὴ
2360 3900 2632 3972 σύγκεκλη
2644 3901 2802 3971 μένος
2828 3905 2856 3956 6
2897 3903 3103 3974 Ἰησοῦς
3125 3906 3203 3968 είς
3220 3905 3386 3959 τύπον
3406 3906 3662 3977 Χριστοῦ·

393 3987 453 4052 ὃς
493 3989 554 4040 ού
611 3987 862 4041 καλεῖται
915 3989 1067 4058 παρὰ
1127 3985 1374 4057 Πατρός,
1433 3986 1564 4052 ῐσως
1608 3990 1724 4052 τοῖς
1771 3989 1985 4054 ἄλλοις*
2029 3991 2246 4048 σύνεστι
2279 3994 2388 4063 γάρ
2419 3994 2523 4050 ἀεί.
2553 3994 2732 4066 Βατὴν
2793 3996 2850 4050 δὲ
2876 4001 2991 4062 τοῖς
3029 3998 3380 4066 καλουμένοις
3408 4001 3504 4070 τὴν
3551 3999 3666 4054 ὁδὸν

393 4081 682 4153 ἐργάζεται
706 4081 1000 4151 μεσιτεύων
1024 4081 1120 4134 καὶ
1143 4081 1339 4136 συνών.
1369 4082 1526 4136 Ἔστι
1569 4082 1683 4154 γὰρ
1736 4084 2040 4156 ἀμήχανον,
2080 4088 2157 4151 ὡς
2184 4087 2322 4159 ἔφην
2341 4130 2355 4156 ,
2386 4089 2536 4153 ἐντὸς
2567 4089 2824 4160 γενέσθαι
2858 4093 2952 4146 τοῦ
2986 4094 3122 4147 Θεοῦ
3162 4096 3254 4148 καὶ
3285 4095 3498 4166 Πατρὸς
3541 4095 3665 4147 καθ’

391 4175 578 4245 ἓτερον
615 4175 764 4245 ἡμᾶς
798 4175 1032 4246 τρόπον,
1065 4173 1206 4246 πλὴν
1233 4175 1316 4228 ὅτι
1348 4174 1434 4229 διὰ
1481 4177 1648 4248 μόνης
1675 4179 1776 4247 τῆς
1839 4181 2008 4234 αὐτοῦ
2052 4184 2354 4253 μεσιτείας.
2394 4184 2554 4255 Αὐτῷ
2624 4186 2914 4259 τοιγαροῦν
2953 4189 2988 4258 ἡ
3035 4187 3163 4255 δόξα
3196 4188 3291 4242 καὶ
3331 4190 3392 4242 16
3429 4190 3663 4260 κράτος,

389 4265 526 4336 ὁμοῦ
555 4264 633 4319 τῶ
662 4267 914 4337 παναγὶῳ
946 4265 1124 4337 Πατρὶ
1157 4267 1254 4320 σὺν
1288 4265 1366 4337 τῷ
1402 4268 1541 4339 ἁγίῳ
1567 4269 1867 4342 Πνεύματι,
1894 4276 1974 4337 εἰς
2010 4277 2137 4340 τοὺς
2175 4275 2380 4340 αἰῶνας
2407 4275 2517 4330 τῶν
2545 4277 2781 4332 αἰώνων.
2833 4279 3027 4350 Ἀμήν.

702 4377 780 4432 De
812 4377 975 4432 vitulo
1001 4394 1155 4449 quem
1188 4381 1435 4451 conﬂavit
1454 4380 1646 4436 Israel.

457 4490 562 4558 Qui
617 4490 794 4562 legem
827 4507 940 4546 non
985 4490 1194 4547 habent
1226 4493 1282 4547 in
1321 4493 1629 4549 subsidium
1655 4535 1670 4560 ,
1724 4497 1782 4551 hi
1829 4513 1974 4554 caeco

387 4586 623 4656 quodam
657 4593 713 4639 et
744 4583 940 4639 eﬁ‘reni
971 4583 1274 4639 voluntatis
1301 4584 1509 4655 impetu
1541 4587 1612 4642 ad
1641 4588 1849 4659 quaevis
1871 4605 1974 4644 no-

389 4679 478 4734 xia
505 4677 778 4742 feruntur,
829 4685 884 4730 et
918 4676 1193 4746 ingentem
1227 4667 1464 4747 culpam
1491 4677 1816 4747 incurrunt,
1846 4697 1972 4737 cum

387 4769 531 4841 apud
560 4769 753 4833 Deum,
791 4773 906 4820 tum
951 4765 1097 4836 apud
1125 4766 1376 4823 homines
1405 4787 1418 4823 :
1461 4785 1525 4825 ac
1557 4773 1774 4828 tametsi
1814 4773 1971 4830 valde

388 4857 678 4913 videantur
707 4855 836 4926 aagri
881 4870 1003 4911 esse
1040 4857 1305 4927 inculpati
1327 4897 1341 4923 ,
1388 4860 1560 4931 magis
1594 4870 1777 4916 tamen
1802 4863 1966 4933 quid-

382 4935 517 5020 quid
557 4949 871 5020 improbum
897 4948 1468 5022 absurdissimumque
1497 4960 1582 5006 est
1622 4953 1884 5009 admirari
1909 4965 1967 5011 et

381 5037 608 5094 laudare
641 5038 856 5104 solent;
886 5053 1066 5108 neque
1097 5037 1420 5096 discernere
1460 5051 1668 5098 norunt
1699 5044 1964 5115 quidnam

385 5145 572 5184 revera
633 5129 997 5188 admiratione
1049 5129 1277 5202 dignum
1315 5133 1423 5199 sit,
1459 5134 1592 5204 quid
1625 5150 1656 5189 e
1687 5139 1965 5194 contrario

383 5232 543 5291 turpe
572 5236 636 5276 ac
655 5221 1058 5277 detestandum.
1091 5224 1567 5291 Quemadmodum
1605 5228 1753 5282 enim
1797 5245 1965 5286 naves

381 5324 504 5378 qua:
529 5318 745 5365 vastum
787 5322 938 5367 mare
969 5324 1360 5386 pervagantur,
1405 5317 1450 5372 si
1489 5327 1676 5388 aptum
1716 5335 1781 5375 ac
1818 5321 1967 5391 peri-

383 5413 498 5456 tum
525 5402 951 5474 gubernatorem
976 5413 1151 5460 nactae
1200 5407 1344 5473 sint,
1388 5408 1607 5465 felicem
1641 5420 1964 5484 rectumque

382 5509 603 5548 cursum
651 5491 983 5560 conficiunt;
1022 5495 1106 5549 sin
1150 5506 1330 5552 autem
1359 5499 1527 5555 fuerit
1569 5503 1614 5557 is
1652 5520 1845 5572 parum
1879 5506 1961 5560 rei

383 5583 616 5638 nauticae
639 5582 870 5652 peritus,
909 5597 1126 5637 sursum
1169 5601 1231 5639 ac
1251 5587 1516 5644 deorsum
1542 5591 1819 5661 jnclantur
1859 5610 1959 5664 pro

452 5717 498 5747 ⁸⁸
541 5713 881 5779 Εχοδλιιν,
920 5713 1005 5781 12,
1044 5713 1132 5769 15.

2355 4390 2494 4459 Περὶ
2536 4392 2937 4460 μοσχοποιίας
2967 4392 3072 4446 τοῦ
3108 4391 3378 4462 Ἰσραήλ.
3411 4368 3416 4374 1
3456 4370 3465 4380 Ι

2141 4503 2204 4554 Οί
2237 4503 2399 4574 νόμον
2432 4504 2534 4556 ούκ
2563 4502 2778 4573 ἔχοντες
2806 4506 2886 4568 εἰς
2932 4506 3283 4576 ἐπικουρίαν,
3310 4507 3537 4577 τυφλαῖς
3565 4512 3657 4563 καὶ

2069 4592 2510 4656 άκατασκὲπτοις
2542 4594 2864 4663 Οελημάτων
2893 4597 3123 4665 τροπαῖς
3151 4596 3289 4667 πρὸς
3329 4599 3437 4650 πᾶν
3477 4599 3654 4654 ὁτιοῦν

2067 4683 2472 4755 ἀποφέρονται,
2503 4685 2595 4736 καὶ
2631 4683 2752 4737 λίαν
2785 4684 3024 4749 εὐκόλως
3043 4727 3057 4751 ,
3087 4686 3195 4739 τῶν
3222 4688 3646 4760 ἀπηχθημένων,

2069 4778 2166 4832 καὶ
2194 4781 2251 4831 ὲν
2301 4779 2454 4850 αἰτίᾳ
2484 4778 2652 4850 πολλῇ
2702 4779 2856 4849 παρὰ
2899 4779 2976 4851 τῷ
3026 4781 3147 4852 Θεῷ
3189 4783 3283 4835 καὶ
3321 4783 3647 4855 ἀνθρώποις,

2065 4868 2167 4922 κᾶν
2193 4869 2243 4920 εί
2271 4869 2406 4922 πολὺ
2439 4869 2712 4937 φαίνοιντο
2737 4870 3019 4934 νοσοῦντες
3049 4871 3110 4925 τὸ
3137 4872 3454 4943 ἀμωμήτως
3481 4875 3647 4946 ἔχειν’

2068 4959 2267 5031 μᾶλλον
2294 4959 2350 5012 δὲ
2377 4960 2482 5014 κᾶν
2512 4961 2670 5031 εἴπερ
2697 4961 2782 5031 εἴη
2813 4979 2868 5014 τι
2897 4962 2993 5016 καὶ
3021 4963 3127 5016 τῶν
3168 4963 3305 5032 ἄγαν
3339 4965 3649 5020 ὲκτοπωτά-

2062 5065 2191 5115 των,
2237 5048 2396 5103 τοῦτο
2441 5050 2536 5105 καὶ
2585 5041 3011 5123 θαυμάζειν’καὶ
3039 5057 3283 5110 ἐπαινεῖν
3327 5057 3517 5123 ἀξιοῖς,
3551 5058 3646 5111 καὶ

2061 5140 2355 5213 διακρίνειν
2386 5141 2484 5194 οὐκ
2517 5136 2660 5198 οἶδεν
2688 5145 2716 5196 ὅ
2739 5144 2789 5196 τί
2819 5144 2950 5197 ποτέ
2983 5147 3130 5198 ἐστιν
3157 5145 3480 5216 ἀξιόληπτον
3510 5149 3641 5218 άλη-

2065 5231 2175 5296 Θῶς
2227 5232 2260 5303 ἢ
2301 5233 2363 5286 τὸ
2395 5235 2634 5288 ἐναντίον
2681 5235 2910 5306 αἰσχρὸν
2975 5240 3071 5290 καὶ
3130 5237 3395 5295 ὕποπτον.
3435 5241 3644 5311 Ὄνπερ

2062 5325 2171 5392 γὰρ
2200 5325 2400 5393 τρόπον
2436 5327 2658 5389 ὁλκάδες
2685 5329 2740 5380 αἱ
2772 5327 2870 5398 τὴν
2911 5329 3151 5400 μεγάλην
3191 5330 3395 5401 ταύτην
3427 5331 3523 5384 καὶ
3552 5332 3644 5383 εύο

2066 5414 2310 5487 ρύχωρον
2331 5415 2644 5470 διαθέουσαι
2670 5417 2964 5483 θάλασσαν,
2995 5420 3042 5472 εἰ
3070 5421 3169 5489 μὲν
3211 5420 3437 5493 εὔχειρά
3461 5439 3518 5474 τε
3548 5423 3642 5476 καὶ

2060 5507 2448 5579 άριστοτέχνην
2487 5507 2661 5580 ἔχοιεν
2703 5509 2796 5562 16v
2821 5512 2936 5573 τοῖς
2963 5511 3243 5582 πηδαλίοις
3280 5514 3640 5584 ἐφεστηκότα.

2060 5597 2150 5648 τὸν
2175 5600 2259 5649 ἐπ’
2301 5599 2428 5654 εὐθὺ
2470 5599 2743 5672 διᾴττουσι
2776 5600 2996 5674 δρόμον.
3027 5602 3089 5656 Et
3117 5603 3173 5656 δὲ
3201 5603 3266 5675 δή
3298 5619 3381 5669 τις
3415 5605 3502 5677 εἴη
3533 5605 3642 5660 τῶν
