4060 6442
417 336 520 394 οετ

1436 336 1494 392 Β.
1534 337 1810 393 σηιιιιι
1845 334 2318 391 ΑιεχΑΝυιιιΝι
2354 334 2673 392 ABCBIEP.

414 448 691 521 quispiam
719 448 837 504 his:
869 447 914 504 0
935 463 1151 504 summa
1168 449 1489 519 stupiditate
1515 450 1662 520 pleni
1683 460 1855 514 :esto,
1877 460 1975 505 tar-

2096 450 2196 514 ϐὰς
2225 452 2282 502 tv
2307 448 2385 520 τῷ
2418 449 2532 519 δρει
2555 450 2707 521 Σινᾷ.
2736 449 2800 504 Οί
2830 449 2887 504 δέ
2914 450 3049 521 πρὸς
3087 451 3185 521 τὴν
3213 450 3470 522 μέλλησιν
3499 453 3665 507 αὐτοῦ

414 539 561 594 darit
590 539 780 594 Moses.
809 538 951 606 Quid
983 540 1088 593 hoc
1110 539 1178 594 ad
1198 539 1392 606 Deum,
1425 542 1520 609 qui
1545 556 1761 612 semper
1786 552 1992 597 morta-

414 631 559 686 libus
602 630 793 693 adest,
822 630 1037 684 etiamsi
1069 630 1301 685 fortasse
1327 646 1439 686 non
1470 631 1764 687 videatur?
1793 634 1991 689 Excla-

414 730 526 777 met
552 722 719 793 igitur
743 735 890 774 nunc
920 720 1158 775 divinus
1195 719 1365 776 David
1399 739 1412 774 :
1453 741 1472 773 ι
1507 720 1804 778 Generatio
1826 740 1994 795 prava

412 821 470 869 et
499 826 830 881 exasperans
846 812 911 864 ”.
948 830 967 862 ι
999 811 1084 865 Ad
1106 811 1225 866 haec
1251 820 1308 867 et
1355 811 1531 868 Moses
1576 830 1590 866 :
1639 832 1658 865 ι
1691 813 1906 870 Oblitus
1930 831 1993 872 es

412 905 509 960 Dei
533 904 628 973 qui
653 911 705 958 te
748 902 1046 957 enutrit“.
1077 922 1095 954 ›
1140 902 1353 970 Quibus
1397 918 1530 960 vero
1552 903 1660 960 diis
1678 906 1875 977 egebat
1900 907 1992 963 ille

408 995 503 1066 qui
537 994 674 1049 adeo
699 994 1096 1050 admirabiliter
1116 995 1436 1066 redemptus
1449 1005 1555 1062 est,
1580 1006 1806 1068 propter
1824 1013 1990 1068 quem

408 1083 616 1155 grando
653 1092 709 1139 et
733 1084 898 1138 trium
946 1084 1161 1140 dierum
1189 1086 1432 1142 tenebrte
1470 1087 1785 1143 universam
1820 1088 1989 1160 [Egy-

409 1184 564 1246 ptum
587 1174 967 1230 obsederunt?
992 1176 1063 1231 ob
1094 1192 1257 1247 quem
1300 1177 1432 1232 item
1474 1193 1582 1232 una
1622 1189 1783 1235 nocte
1811 1181 1992 1250 perie-

408 1274 540 1321 runt
563 1265 745 1321 omnia
761 1266 1129 1336 primogenita
1150 1308 1164 1330 ,
1193 1275 1250 1322 et
1275 1267 1363 1322 cui
1391 1282 1595 1321 saavum
1628 1274 1793 1337 atque
1816 1269 1990 1325 intra-

406 1358 606 1413 ctabile
629 1372 780 1412 mare
812 1356 1050 1412 divisum
1090 1365 1175 1413 est
1197 1399 1211 1423 ,
1243 1366 1305 1413 ut
1331 1352 1573 1415 crudelis
1614 1362 1988 1430 persecutoris

406 1465 601 1505 manus
621 1449 932 1519 eﬁ'ugeret?
961 1450 1031 1504 At
1052 1451 1097 1505 si
1141 1450 1265 1520 quis
1289 1450 1501 1521 singula
1524 1454 1776 1522 persequi
1798 1453 1983 1519 velle't,

406 1541 623 1611 longam
654 1541 722 1596 de
749 1540 1007 1596 omnibus
1025 1543 1327 1597 orationem
1350 1543 1618 1598 instituat.
1640 1544 1775 1601 Cum
1799 1546 1985 1616 itaque

404 1633 632 1701 sapiens
672 1632 850 1688 Moses
876 1641 1231 1688 cunctaretur
1274 1634 1327 1688 in
1354 1642 1561 1700 monte,
1586 1639 1828 1707 aggressi
1856 1645 1985 1692 sunt

404 1721 693 1777 Aaronem.
726 1721 829 1789 Qui
860 1738 985 1777 cum
1021 1738 1078 1778 se
1111 1723 1376 1794 imparem
1405 1740 1599 1781 eorum
1647 1727 1875 1782 insultui
1900 1726 1982 1782 t‘e-

402 1811 573 1869 rendo
617 1811 832 1867 videret
875 1792 1342 1882 (vociferabantur
1381 1814 1531 1868 enim
1570 1831 1584 1868 :
1632 1832 1650 1866 ‹
1682 1814 1787 1870 Fac
1819 1815 1981 1871 nobis
2015 1792 2054 1848 Β

400 1900 553 1966 deos,
575 1902 670 1971 qui
698 1905 1014 1973 praecedant
1038 1902 1182 1974 nos),
1217 1923 1233 1955 ι
1261 1904 1492 1975 jubebat
1515 1905 1716 1961 aﬁ‘erre
1742 1921 1978 1961 uxorum

399 2004 464 2046 ac
494 1989 730 2045 ﬁliarum
764 1992 1005 2047 inaures.
1037 1991 1103 2046 lli
1135 2001 1320 2048 autem
1346 1995 1610 2050 continuo
1631 1996 1976 2064 attulerunt;

399 2088 454 2136 et
492 2081 639 2151 quod
690 2082 747 2137 in
782 2082 1161 2155 Egyptiacum
1206 2099 1454 2141 errorem
1501 2087 1701 2157 relapsi
1755 2095 1975 2147 essent.

400 2172 759 2244 pristinisque
800 2174 1203 2230 temeritatibus
1228 2190 1348 2232 sese
1382 2178 1878 2241 contaminassent,
1918 2191 1977 2232 re

380 2265 521 2335 ipsa
556 2264 719 2319 nobis
755 2266 997 2322 ostendit
1026 2266 1207 2322 Aaron
1228 2307 1244 2333 ,
1304 2267 1434 2321 dum
1468 2268 1586 2338 ipse
1625 2268 1979 2323 simulacrum

397 2355 456 2410 in
486 2355 672 2426 specie
697 2356 855 2411 vituli
887 2357 1225 2413 adorandum
1269 2358 1549 2414 formavit.
1568 2359 1788 2415 Vitulus
1827 2360 1976 2415 enim

397 2448 456 2503 in
477 2447 709 2521 Egypto
741 2450 1047 2515 colebatur,
1087 2463 1200 2507 non
1235 2451 1305 2506 ab
1334 2449 1605 2522 Egyptiis
1652 2452 1851 2517 solum,
1877 2468 1977 2508 ve-

397 2555 520 2594 rum
546 2542 713 2596 etiam
743 2542 811 2596 ab
842 2542 966 2598 aliis
1005 2542 1201 2598 eodem
1227 2558 1423 2599 errore
1453 2543 1854 2599 laborantibus.
1885 2544 1978 2598 Vi-

395 2631 564 2687 desne
610 2646 720 2702 quo
748 2640 907 2703 pacto
950 2633 1240 2688 volvantur
1275 2633 1343 2688 ad
1371 2633 1517 2689 istud
1555 2633 1613 2688 in
1656 2648 1766 2702 quo
1812 2644 1976 2689 antea

392 2724 735 2778 exstiterant.
771 2723 909 2791 Quia
932 2724 1246 2783 immundus
1268 2725 1499 2799 spiritus
1548 2742 1804 2783 reversus
1850 2737 1972 2783 est:

394 2828 446 2872 et
474 2816 695 2882 accidit,
726 2817 1023 2873 sicutdixit
1042 2819 1313 2883 Salvator,
1343 2826 1407 2873 ut
1432 2837 1451 2871 ι
1487 2828 1764 2889 postrema
1789 2828 1976 2875 essent

394 2909 673 2965 deteriora
703 2910 866 2981 336
894 2911 1088 2980 primis
1111 2912 1176 2963 ".
1230 2929 1250 2962 ι
1293 2909 1567 2966 Cmtcrum
1614 2910 1689 2965 ita
1717 2910 1975 2965 existimo

393 2997 667 3055 Aaronem
690 3001 955 3071 singulari
981 3001 1211 3056 consilio
1233 3001 1458 3071 petiisse
1481 3002 1720 3067 inaures,
1754 3016 1819 3057 ac
1839 3016 1976 3071 quo-

392 3089 682 3147 dammodo
709 3107 807 3161 per
842 3093 948 3147 hoc
986 3092 1342 3164 signiﬁcasse,
1368 3093 1517 3163 quod
1540 3109 1701 3148 suum
1728 3093 1973 3162 ipsorum

392 3181 641 3238 auditum
674 3183 1024 3239 convenienti
1054 3195 1253 3240 ornatu
1280 3185 1587 3255 spoliarint,
1619 3199 1729 3240 non
1761 3185 1975 3241 haben-

319 3283 326 3290 ’
393 3283 476 3328 tes
504 3274 738 3344 amplius
770 3275 1013 3329 animum
1041 3276 1360 3340 obediendi,
1404 3275 1501 3330 sed
1540 3276 1725 3346 potius
1762 3278 1977 3332 avocati

393 3361 452 3416 in
482 3363 802 3419 sceleratam
831 3365 1055 3435 Deoque
1091 3366 1325 3421 invisam
1364 3367 1790 3422 contumaciam.
1833 3368 1971 3423 Nam

391 3452 498 3509 etsi
534 3454 682 3509 Deus
725 3455 1107 3511 mandaverit:
1148 3475 1167 3507 ι
1207 3456 1330 3511 Non
1374 3465 1539 3512 erunt
1573 3457 1672 3511 tibi
1702 3456 1780 3511 dii
1807 3460 1971 3517 alieni

391 3551 590 3613 praeter
610 3557 698 3599 me
715 3544 782 3610 ⁸³,
814 3562 833 3595 ι
879 3544 1152 3616 ﬁdemque
1176 3545 1330 3601 hisce
1352 3547 1540 3602 verbis
1563 3546 1883 3613 tribuerint,
1908 3562 1972 3602 ac

391 3634 669 3688 communi
693 3648 965 3691 consensu
1010 3636 1372 3707 approbarint
1398 3677 1413 3702 ,
1448 3637 1801 3707 dixerintque
1822 3637 1970 3708 quod

390 3724 576 3778 omnia
604 3739 726 3794 quae
749 3724 971 3782 locutus
996 3735 1080 3782 est
1103 3727 1371 3783 Dominus
1392 3727 1538 3783 Deus
1563 3727 1674 3783 sint
1699 3728 1899 3784 facturi
1914 3736 1971 3785 et

388 3814 674 3882 audituri,
732 3824 915 3873 tamen
965 3817 1099 3873 deos
1129 3819 1452 3888 quaerebant
1477 3819 1780 3890 sculptiles.
1805 3820 1971 3876 Vides

384 3907 496 3976 jam
535 3921 645 3976 quo
675 3916 835 3977 pacto
880 3908 1184 3979 abjecerint
1213 3910 1586 3967 obedientiam
1608 3912 1632 3965 ?
1651 3913 1837 3983 Atque
1863 3912 1969 3968 hoc

388 4004 492 4061 est,
516 4004 577 4050 ut
604 3998 862 4064 arbitror,
892 3999 1107 4055 aurium
1124 4003 1551 4074 ornatus.Atqui
1570 4003 1965 4071 animadverte,

387 4086 618 4143 obsecro
645 4129 661 4153 ,
709 4104 873 4160 quam
918 4093 1162 4154 suaviter
1208 4094 1444 4173 isto.rum
1492 4103 1751 4151 conatum
1789 4096 1968 4152 rideat

389 4180 589 4236 Aaron.
627 4181 764 4237 Cum
797 4183 1132 4240 ostendisset
1182 4184 1320 4256 ipsis
1353 4187 1713 4243 simulacrum
1750 4187 1807 4241 in
1843 4202 1968 4257 spe-

385 4270 469 4325 cie
495 4270 654 4328 vituli
712 4272 916 4329 factum
938 4314 953 4340 ,
999 4275 1339 4332 acclamabat
1368 4278 1489 4333 istis
1514 4295 1527 4332 :
1562 4297 1580 4329 ‹
1608 4278 1672 4333 Hi
1725 4285 1857 4335 sunt
1885 4277 1964 4333 dii

2096 541 2372 604 ἀσυνέτως
2398 540 2834 611 ὀλιγωρήσαντες
2850 582 2865 607 ,
2888 539 3387 614 φρενοϐ).αϐεία[ι]ς
3409 544 3489 605 είς
3506 542 3666 598 τοῦτο

2098 630 2536 701 κατωλίσθησαν,
2576 630 2718 684 ὥστε
2757 631 2852 684 καὶ
2879 632 2963 684 ὅτι
2991 632 3278 700 γεγόνασιν
3305 632 3409 686 ὑπὸ
3443 632 3561 704 Θεῷ
3586 633 3668 706 τῷ

2094 723 2274 778 πάντα
2306 723 2545 793 ἰσχύοντι
2585 724 2727 793 τάχα
2755 740 2858 778 που
2896 724 3083 779 λοιπὸν
3113 726 3248 795 μηδέ
3288 725 3489 781 ειδέναι
3526 742 3668 781 παν-

2091 813 2285 877 τελῶς·
2313 815 2490 867 καίτοι
2522 813 2618 867 καὶ
2650 816 2707 866 ἐν
2734 814 2864 868 εῖδει
2898 814 3068 886 πυρὸς
3097 816 3182 869 ἐπ’
3226 816 3386 885 ὅρους
3421 816 3554 870 Σινᾶ
3576 833 3665 871 τεο

2094 905 2345 976 θεαμένοι
2364 946 2381 971 ,
2406 905 2502 959 καὶ
2526 906 2710 975 φωνῆς
2754 906 3013 977 αὐτήκοοι
3041 906 3327 974 γεγονότες
3343 947 3358 971 ,
3382 906 3477 961 καὶ
3510 924 3663 976 μεσιο

2090 995 2269 1049 τεύειν
2318 995 2501 1057 αὐτοῖς
2543 994 2970 1066 λελιπαρηκότες
3000 996 3225 1051 Μωσέα.
3271 996 3433 1064 Ἀλλ’,
3465 990 3534 1050 Ὦ
3564 998 3665 1067 τῆς

2090 1087 2172 1149 είς
2196 1084 2349 1154 λῆξιν
2373 1086 2661 1148 ἀσυνεσίας
2690 1085 2936 1156 ἔμπλεοι,
2962 1086 3097 1157 φαίη
3126 1104 3212 1150 τις
3235 1086 3300 1140 ἂν
3332 1087 3535 1150 αὐτοῖς·
3564 1086 3661 1140 καὶ

2089 1178 2404 1248 κεχρόνικεν
2443 1177 2473 1229 6
2503 1177 2735 1247 Μωσῆς.
2773 1172 2907 1231 Εἶτα
2934 1178 2988 1230 τί
3027 1177 3187 1230 τοῦτο
3217 1178 3355 1246 πρὸς
3400 1176 3491 1230 τὸν
3525 1177 3661 1231 θεὸν

2087 1271 2178 1325 ἀεὶ
2213 1270 2443 1323 συνόντα
2475 1271 2586 1331 τοῖς
2616 1269 2710 1322 ἐπὶ
2739 1270 2838 1338 τῆς
2875 1270 3011 1339 γῆς,
3041 1269 3145 1322 κᾶν
3176 1271 3224 1322 εί
3255 1269 3330 1339 μὴ
3360 1268 3536 1338 ὁρῷτο
3563 1286 3652 1323 τυ·

2087 1361 2216 1432 χόν;
2250 1359 2697 1431 ’Δνακεκραγέτω
2724 1360 2903 1413 τοίνυν
2927 1361 2956 1413 6
2987 1360 3272 1423 θεσπέσιος
3298 1361 3480 1414 Δαϐίδ·
3511 1379 3530 1410 ι
3562 1361 3659 1413 Γεο

2086 1452 2181 1506 νεά
2232 1451 2422 1505 σκολιά
2463 1451 2559 1505 καὶ
2603 1451 3144 1521 παραπικραίνουσα.
3190 1470 3210 1503 ι
3251 1451 3363 1504 Καὶ
3409 1451 3545 1522 πρός
3591 1467 3657 1520 γι

2084 1542 2243 1597 τοῦτο
2278 1542 2503 1613 Μωσῆςο
2555 1560 2575 1594 ι
2635 1541 2931 1596 Ἐπελάθου
2977 1542 3114 1596 Θεοῦ
3163 1542 3454 1614 τρέφοντός
3495 1559 3575 1595 σε.
3631 1559 3650 1595 ι

2085 1633 2261 1687 Ποίων
2299 1633 2356 1685 δὲ
2385 1633 2555 1685 ἐδεῖτο
2594 1632 2766 1697 θεῶν,
2804 1635 2833 1687 6
2864 1633 3185 1704 παραδόξως
3212 1632 3356 1686 οὓτω
3386 1632 3657 1705 λελυτρω-

2087 1724 2266 1795 μένος,
2297 1725 2366 1778 δι’
2390 1724 2449 1777 ὃν
2488 1727 2523 1796 ἡ
2556 1725 2767 1795 χάλαζα
2799 1726 2895 1781 καὶ
2925 1728 2954 1780 6
2984 1730 3280 1797 τριήμερος
3324 1726 3514 1787 σκότος
3554 1724 3656 1795 τῆς

2083 1815 2192 1868 τῶν
2223 1815 2536 1884 Αἰγυπτίων
2566 1820 2849 1886 κατεχεῖτο
2890 1818 3015 1885 γῆς,
3049 1816 3116 1870 δι’
3151 1816 3210 1870 ὃν
3253 1815 3565 1869 ἀπολώλασι
3599 1816 3657 1868 ἐν

2084 1907 2244 1961 νυκτὶ
2288 1909 2388 1978 μιᾷ
2432 1910 2502 1961 τά
2550 1908 2768 1962 πάντων
2802 1909 3152 1980 πρωτότοκα;
3193 1902 3238 1977 ᾧ
3275 1910 3308 1978 ή
3356 1908 3524 1977 ἀγρία
3560 1907 3653 1961 καὶ

2081 1982 2439 2069 ἀνουθέτητος
2478 1999 2725 2055 θάλασσα
2760 2000 2859 2071 τὴν
2903 2000 3011 2053 τῶν
3050 1999 3353 2053 διωκόντων
3397 1997 3653 2065 ὠμότητα

2078 2090 2478 2161 διαδιδράσκειν
2520 2092 2726 2158 ἐδίδους
2783 2091 2923 2145 Ἀλλ’
2971 2093 3026 2146 ετ
3071 2107 3155 2154 τις
3199 2089 3371 2144 ἕλοιτο
3415 2087 3484 2141 τὰ
3532 2086 3653 2141 καθ’

2078 2181 2301 2235 ’ἑκασταο
2326 2182 2533 2249 λέγειν,
2563 2183 2775 2253 μακρὸν
2814 2184 2899 2252 ἐφ’
2924 2182 3093 2236 ἅπασι
3131 2180 3436 2250 δαπανήσει
3474 2179 3653 2245 λόγον.

2077 2269 2378 2336 Μέλλοντος
2404 2270 2471 2341 δὴ
2502 2266 2596 2324 οὖν
2622 2270 2715 2324 τοῦ
2744 2271 3020 2339 πανσόφου
3050 2269 3314 2334 Μωσέως,
3358 2267 3652 2337 ἐπεφύοντο

2077 2358 2157 2430 τῷ
2218 2358 2449 2431 Ἀαρών.
2504 2362 2564 2414 '0
2598 2361 2656 2414 δὲ
2704 2361 2979 2432 ἀφόρητον
3017 2360 3117 2431 ήδη
3169 2378 3287 2424 πως
3329 2359 3651 2430 τεθεαμένος

2076 2451 2175 2523 τὴν
2223 2452 2411 2519 ἔφοδον
2446 2451 2947 2523 (ἀνακεκράγεισαν
2998 2452 3126 2522 γάρ·
3171 2471 3191 2503 ι
3245 2452 3479 2520 Ποίησον
3523 2451 3653 2520 ήμτν

2077 2542 2253 2608 θεοὺς,
2266 2543 2315 2595 οἳ
2342 2542 2805 2614 προπορεύσονται
2830 2542 3032 2614 ήμῶν).
3060 2561 3080 2594 ι
3114 2541 3504 2612 προσκομίζειν
3532 2539 3650 2593 ἐκέ-

2075 2633 2232 2686 λευσε
2279 2634 2348 2686 τά
2388 2649 2448 2685 τε
2496 2634 2605 2687 τῶν
2648 2629 2923 2701 γυναικῶν
2953 2633 3186 2686 καὶτῶν
3224 2632 3535 2703 θυγατέρων
3563 2634 3648 2685 ἐν·

2074 2721 2231 2775 ώτια.
2269 2724 2331 2775 υί
2359 2721 2416 2774 δὲ
2441 2721 2717 2793 προσῆγον
2744 2722 2925 2785 εὐθύς·
2958 2723 3041 2775 ὅτι
3070 2722 3425 2775 πεπτώκασιν
3450 2722 3530 2784 είς
3553 2719 3648 2792 τὴν

2075 2815 2136 2869 ἐν
2163 2812 2424 2885 Αἰγύπτῳ
2453 2812 2738 2885 πλάνησιν,
2776 2816 2872 2868 καὶ
2904 2815 3021 2877 ταῖς
3050 2813 3307 2885 ἀρχαίαις
3344 2812 3648 2883 ώλίσθησαν

2074 2904 2373 2971 ἀϐουλίαις,
2408 2905 2476 2958 δι’
2505 2905 2671 2957 αὑτοῦ
2693 2905 2787 2958 τοῦ
2820 2908 3147 2976 πράγματος
3174 2906 3482 2969 κατέδειξεν
3523 2904 3646 2958 Ἀα-

2080 2995 2207 3068 ρὼν,
2245 2999 2303 3049 ἐν
2329 2997 2458 3049 εῖδει
2486 2996 2579 3051 τοῦ
2612 2997 2814 3068 μόσχου
2845 2997 3151 3061 διαπλάσας
3191 2999 3374 3059 αὐτοῖς
3400 2995 3466 3048 τὸ
3489 3011 3647 3066 προσο

2077 3088 2409 3158 κυνούμενον
2438 3089 2681 3160 ἄγαλμα.
2718 3090 2931 3161 Μόσχος
2976 3090 3085 3161 γὰρ
3112 3085 3181 3161 ἦν
3219 3091 3277 3143 ἐν
3302 3088 3559 3158 Αἰγύπτῳ
3589 3086 3646 3141 τέ

2077 3179 2239 3243 σέϐας
2264 3181 2449 3245 αὐτοῖς
2471 3199 2530 3233 τε
2561 3184 2675 3245 τοῖς
2700 3182 3039 3251 Αἰγυπτίοις,
3062 3182 3288 3245 καὶτοῖς
3308 3182 3406 3251 τὴν
3430 3180 3646 3234 ἐκείνων

2074 3271 2293 3342 ἀπάτην
2324 3273 2761 3343 ήρῤωστηκόσιν.
2811 3274 2973 3345 Ὁρᾷς
2996 3269 3090 3326 οὖν
3115 3272 3263 3336 ὅπως
3290 3273 3646 3343 ὑποφέρονται

2073 3363 2153 3427 είς
2201 3362 2263 3416 τὸ
2314 3364 2372 3416 ἐν
2424 3364 2639 3435 ἀρχαῖς.
2673 3362 2979 3434 Είσέφρησε
3032 3363 3195 3417 πάλιν
3232 3362 3295 3415 τὺ
3340 3362 3645 3432 ἀκάθαρτον

2075 3451 2314 3523 πνεῦμω
2345 3454 2441 3507 καὶ
2468 3454 2691 3522 γέγονεν
2732 3454 2918 3515 αὐτοῖς
2956 3452 3101 3507 κατὰ
3129 3453 3229 3522 τὴν
3270 3454 3364 3506 τοῦ
3400 3454 3644 3523 Σωτῆρος

2073 3545 2283 3617 φωνὴν,
2327 3564 2346 3597 ι
2387 3545 2604 3615 χείρονα
2641 3543 2749 3597 τῶν
2782 3543 3128 3615 πρώτων,τά
3154 3544 3384 3599 λοίσθια.
3424 3563 3444 3595 ι
3478 3542 3645 3614 Οἶμαι

2070 3637 2129 3691 δέ
2171 3638 2254 3692 ὅτι
2302 3636 2423 3690 λίαν
2470 3634 2831 3704 οἰκονομικῶς
2868 3635 2897 3687 ό
2935 3634 3220 3698 Θεσπέσιος
3264 3632 3475 3705 ’Δαρὼν
3521 3633 3641 3722 ἐζήο

2070 3746 2205 3801 τησε
2236 3728 2306 3783 τά
2332 3728 2550 3794 ἐνώτια,
2585 3727 2872 3798 μονονουχὶ
2903 3726 2991 3780 διὰ
3018 3725 3205 3780 τούτου
3235 3726 3536 3797 σημαίνων,
3563 3726 3641 3780 ὃτι

2068 3819 2163 3874 τοῦ
2215 3821 2550 3889 καθήκοντος
2595 3818 2803 3889 κόσμου
2861 3819 2963 3888 τὴν
3018 3818 3228 3872 ἑαυτῶν
3286 3816 3650 3887 σεσυλήκασιν

2068 3911 2257 3984 ἀκοήνο
2291 3910 2507 3982 ἔχοντες
2539 3911 2639 3982 μὲν
2679 3910 2864 3964 οὐκέτι
2895 3910 2957 3964 τὸ
2994 3910 3265 3973 εὐπειθὲς,
3304 3927 3638 3982 παρενηνεγ-

2071 4002 2221 4073 μένοι
2250 4001 2308 4055 δὲ
2333 4001 2535 4073 μᾶλλον
2576 4003 2657 4065 είς
2688 4000 2919 4071 θεομισῆ
2951 4002 3045 4056 καὶ
3079 4001 3304 4073 βέϐηλον
3337 4003 3637 4058 ἀπείθειαν.
3742 4021 3748 4028 ·

2067 4092 2203 4147 Θεοῦ
2241 4094 2351 4164 γὰρ
2401 4093 2673 4162 λέγοντος,
2712 4111 2731 4146 ι
2787 4094 2904 4147 Ui»:
2946 4091 3157 4147 ἔσονταί
3197 4110 3280 4147 σοι
3314 4093 3428 4146 θεοὶ
3465 4094 3638 4166 ἕτεροι
3714 4156 3721 4161 ε

2068 4181 2208 4253 πλὴν
2252 4181 2410 4254 ἐμοῦ,
2467 4201 2486 4235 ι
2536 4178 2655 4236 εἶτα
2700 4182 2824 4245 τοὺς
2870 4181 3064 4250 λόγους
3110 4184 3638 4255 κατακροτήσαντες,

2066 4274 2160 4327 καὶ
2198 4276 2264 4346 τῇ
2320 4274 2590 4345 παγκάλῳ
2626 4273 2792 4345 ψήφῳ
2832 4274 3201 4345 τιμήσαντες,
3244 4275 3526 4344 εἰρηκότες
3554 4274 3637 4340 τὸ,

387 4359 487 4425 tui,
512 4358 699 4427 Israel,
760 4362 854 4432 qui
894 4361 1210 4419 eduxerunt
1250 4371 1302 4421 te
1340 4380 1410 4421 ex
1446 4365 1702 4439 Egypto.
1747 4385 1764 4418 ι
1793 4365 1962 4436 Atqui

2074 4364 2250 4419 Πάντα
2278 4364 2380 4418 ὅσα
2407 4358 2562 4418 εἶπεν
2589 4365 2620 4416 6
2650 4363 2802 4429 Θεὸς,
2832 4364 3131 4436 ποιήσομεν
3155 4364 3250 4417 καὶ
3271 4363 3635 4435 ἀκουσόμεθαο

384 4463 494 4504 non
518 4465 617 4520 per
650 4450 884 4507 vitulum
904 4452 1125 4508 liberati
1148 4464 1277 4511 sunt
1318 4454 1618 4528 (quomodo
1658 4457 1807 4511 enim
1856 4456 1964 4513 hoc

384 4537 503 4594 ﬁeri
551 4540 765 4614 possit),
801 4542 901 4598 sed
945 4562 963 4594 ι
996 4543 1054 4598 in
1093 4560 1260 4600 manu
1302 4546 1515 4617 potenti
1531 4555 1589 4602 et
1611 4546 1842 4602 brachio
1863 4562 1963 4602 ex-

383 4632 609 4701 celso“,
644 4654 663 4687 ι
697 4644 862 4707 atque
900 4636 1039 4693 adeo
1071 4654 1173 4710 per
1198 4640 1369 4696 multa
1411 4644 1567 4714 signa
1606 4650 1663 4699 et
1689 4642 1959 4714 prodigia.

382 4721 454 4779 Ut
479 4723 647 4795 igitur
687 4740 753 4781 ea
795 4742 918 4797 quae
942 4742 974 4782 a
995 4728 1108 4783 Deo
1135 4739 1288 4802 gesta
1333 4743 1464 4788 sunt
1495 4733 1631 4805 ipsis
1669 4733 1725 4789 in
1751 4751 1962 4792 memo-

383 4815 521 4869 riam
567 4828 877 4884 revocaret,
905 4817 1157 4876 conridet
1199 4820 1426 4877 dicens:
1455 4843 1474 4877 ι
1506 4823 1572 4879 Hi
1602 4832 1732 4880 sunt
1752 4823 1829 4880 dii
1854 4826 1957 4893 tui,

383 4904 569 4963 Israel.
596 4927 615 4959 ι
645 4906 1009 4966 Adduxerunt
1052 4919 1238 4967 autem
1261 4919 1318 4969 et
1341 4914 1653 4983 victimam,
1694 4915 1960 4972 ederunt-

380 5013 489 5070 que
508 5007 563 5055 et
588 5000 881 5067 biberunt,
907 5009 1168 5074 tanquam
1196 5004 1253 5059 in
1277 5004 1367 5060 die
1389 5004 1551 5072 festo,
1582 5025 1600 5058 ι
1618 5016 1674 5062 et
1699 5022 1961 5064 surrexe-

382 5097 511 5145 runt
532 5092 597 5147 ad
622 5092 924 5148 ludendum
948 5095 1014 5150 ".
1042 5114 1060 5147 ›
1085 5093 1189 5163 Qui
1219 5097 1367 5152 enim
1395 5113 1426 5152 a
1447 5098 1560 5153 Deo
1585 5097 1873 5163 deﬁciunt,
1898 5097 1960 5155 ﬁt

378 5182 638 5237 continuo
664 5192 725 5237 ut
744 5184 911 5240 rebus
935 5186 1250 5242 carnalibus
1270 5188 1615 5255 irretiantur,
1633 5198 1691 5247 et
1714 5190 1953 5245 immun-

379 5269 569 5325 ditiem
615 5287 713 5343 pro
746 5274 960 5330 deliciis
990 5275 1250 5343 habeant,
1300 5277 1638 5349 bonestaque
1667 5287 1722 5335 et
1757 5281 1950 5335 suavia

377 5374 499 5413 esse
521 5357 725 5417 ducant
773 5378 839 5417 ea
884 5364 957 5418 ob
1004 5380 1125 5434 quae
1168 5368 1367 5423 merito
1416 5368 1605 5440 lugere
1652 5368 1945 5425 debebant.

378 5448 615 5523 ideoque
637 5452 802 5508 etiam
825 5453 889 5511 D.
923 5454 1125 5513 Paulus
1150 5466 1365 5530 turpem
1408 5459 1776 5516 idololatriam
1802 5460 1947 5515 inter

2061 4453 2218 4519 θεοὺς
2246 4453 2471 4527 ἐζήτουν
2512 4453 2805 4523 γλυπτούς.
2852 4454 3013 4527 Ὁρᾷς
3045 4455 3195 4519 ὅπως
3228 4454 3635 4527 ἀποϐεϐλήκασι

2058 4551 2121 4603 τὸ
2145 4550 2415 4621 εὐήκοον;
2446 4549 2558 4605 Καὶ
2584 4549 2765 4611 τοῦτο,
2808 4542 2983 4619 οἶμαι,
3014 4548 3123 4603 τῶν
3158 4548 3310 4602 ὢτων
3350 4551 3378 4603 6
3410 4549 3634 4620 κόσμος.

2058 4641 2168 4696 Θέα
2194 4642 2273 4704 δὲ,
2300 4642 2449 4705 ὅπως
2474 4641 2801 4712 καταμειδιᾷ
2837 4639 2947 4695 τῶν
2976 4641 3393 4712 ἐγχειρημάτων
3430 4643 3458 4696 6
3509 4642 3633 4695 ’Δαο

2061 4731 2191 4804 ρών.
2252 4731 2555 4798 Ἐπιδείξας
2594 4731 2703 4804 γὰρ
2736 4731 2920 4794 αὐτοῖς
2951 4730 3011 4784 τὸ
3041 4732 3109 4784 ἐν
3138 4731 3268 4784 εἴδει
3301 4731 3504 4801 μόσχου
3540 4747 3630 4784 πε-

2056 4822 2353 4894 ποιημένον
2384 4821 2635 4892 ἄγαλμα,
2677 4821 3020 4894 προσεφώνει
3062 4820 3285 4875 λοιπόνο
3329 4840 3349 4874 ι
3390 4817 3551 4877 Οὗτοι
3582 4821 3636 4876 οι

2057 4911 2168 4968 θεοί
2197 4928 2312 4981 σου,
2352 4912 2567 4985 Ἰσραὴλ
2586 4952 2602 4978 ,
2630 4911 2824 4975 οίτινες
2856 4910 3186 4965 ἀνεϐίϐασαν
3221 4928 3284 4964 σε
3316 4912 3378 4965 ἐκ
3406 4911 3510 4981 γῆς
3539 4912 3628 4964 Αἰ·

2054 5003 2284 5077 γύπτου.
2322 5020 2342 5056 ι
2385 5002 2524 5057 Ἀλλ’
2555 5002 2655 5055 οὐκ
2682 5004 2739 5057 ἐν
2769 5004 2958 5075 μόσχῳ
2985 5001 3323 5073 λελύτρωται
3353 5001 3493 5071 (πῶς
3524 5003 3629 5075 γὰρ

2054 5095 2088 5165 ἢ
2125 5093 2332 5164 πόθεν),
2364 5092 2480 5147 ἀλλ’
2516 5111 2535 5146 ι
2574 5095 2632 5148 ἐν
2677 5093 2824 5163 χειρὶ
2867 5093 3128 5163 κραταιᾷ,
3159 5092 3252 5145 καί⁸
3294 5095 3352 5146 ἐν
3382 5090 3625 5161 βραχίονι

2056 5182 2275 5254 ὑψηλῷ,
2309 5200 2328 5234 ι
2362 5180 2455 5236 καὶ
2484 5182 2544 5238 ἐν
2591 5181 2842 5253 σημείοις
2888 5182 2984 5234 καὶ
3027 5181 3269 5251 τέρασιν.
3304 5179 3515 5233 Οὐκοῦν
3560 5180 3628 5242 ὼς

2055 5276 2136 5335 είς
2169 5274 2475 5343 ἀνάμνησιν
2498 5270 2605 5326 τῶν
2634 5272 2791 5344 παρά
2822 5268 2956 5325 Θεοῦ
2982 5272 3289 5340 γεγονότων
3308 5312 3325 5335 ,
3359 5286 3623 5341 κατειρω·

2054 5363 2268 5435 νεύεται
2313 5363 2507 5432 λέγων·
2564 5381 2585 5416 ι
2638 5359 2797 5416 Οὗτοι
2854 5364 2904 5416 οἰ
2953 5362 3064 5416 θεοί
3115 5379 3244 5427 σου,
3311 5360 3547 5432 Ἰσραήλ.
3610 5378 3626 5411 ι

2056 5455 2340 5529 Προσῆγεν
2379 5454 2435 5509 δὲ
2465 5455 2560 5509 καὶ
2593 5453 2801 5518 θυσίας’
2834 5452 3038 5526 ἔφαγον
3081 5452 3141 5508 δέ
3179 5454 3273 5506 καὶ
3305 5453 3630 5508 πεπώκασιν

448 5640 493 5673 ⁸³
686 5657 879 5719 -ιξινιι
898 5682 915 5709 ,
942 5643 1016 5719 8._
1072 5646 1113 5678 "
1132 5648 1291 5706 Deut.
1314 5664 1481 5717 xxxu,
1516 5649 1601 5707 l8.
1681 5651 1728 5685 "
1755 5651 1945 5709 Matth.

2100 5652 2188 5708 45.
2242 5653 2287 5686 “
2309 5649 2484 5708 Exod.
2518 5666 2585 5707 xx
2628 5646 2683 5703 ὅ.
2741 5649 2787 5683 ⁸⁸
2824 5650 2964 5707 Psal.
3003 5664 3194 5716 οων,
3218 5617 3313 5705 ⁸12.
3369 5646 3415 5682 ⁸⁸
3446 5644 3617 5705 Exod.

272 5786 297 5813 ὃ
374 5723 541 5777 sum,
578 5710 653 5778 6;
686 5709 944 5783 αἴθει,
986 5713 1036 5768 7.
