4060 6440
1504 398 2032 457 ςιΑΡιιἩιοιιυΜ
2068 399 2137 456 IN
2178 399 2463 458 EXODUM
2505 402 2633 460 LIB.
2677 403 2759 460 III.

3654 401 3758 459 τω

465 518 537 586 ὡς
577 519 638 572 ἐν
681 520 876 592 ἑορτῇ,
930 542 947 574 ι
987 523 1080 577 καὶ
1127 521 1437 594 ἀνέστησαν
1483 523 1721 589 παίζειν.
1768 544 1791 577 ›
1823 525 2053 595 Ἐψεται

2162 524 2292 579 vitia
2321 525 2563 582 carnalia
2587 526 2845 582 collocat.
2874 547 2893 578 ι
2924 526 3213 583 Manifesta
3253 524 3404 582 enim
3442 533 3603 590 sunt,
3657 526 3755 591 ait,

466 612 572 682 γὰρ
610 612 914 667 ἀποστάσει
950 618 1018 686 τῇ
1055 615 1206 685 παρά
1250 615 1389 669 Θεοῦ
1429 616 1491 670 τὸ
1524 617 1899 689 ἐνδεσμεῖσθαι
1938 619 2054 681 τοῖς

464 706 774 772 σαρκικοῖς,
802 705 898 759 καὶ
928 705 1138 778 τρυφὴν
1164 707 1419 778 ἡγεῖσθαι
1445 709 1547 778 τὴν
1568 709 1935 781 ἀκαθαρσίαν,
1960 708 2058 765 καὶ⁸

466 796 654 868 τέρψιν
686 796 899 851 οἴεσθαι
938 799 1112 869 καλὴν
1151 800 1246 854 καὶ
1275 801 1491 873 ἡδεῖαν,
1524 802 1594 857 τὰ
1620 804 1704 872 ἐφ’
1727 798 1809 866 οἷς
1840 799 1910 875 ἦν
1952 804 2054 857 αύ-

465 888 589 952 τοὺς
624 887 996 960 κατοιμώζειν
1030 890 1201 956 ἀξιον.
1245 892 1346 946 Διά
1386 892 1549 948 τοῦτο
1584 893 1682 947 καὶ
1716 895 1743 945 ὁ
1785 894 2058 964 μακάριος

469 981 698 1046 Παῦλος,
728 984 844 1046 τοῖς
880 987 1164 1054 σαρκικοῖς
1198 984 1545 1056 ἐγκλήμασιν
1593 984 1910 1059 ἐναρίθμιον
1942 984 2057 1037 ἐτί-

468 1072 547 1128 θει
578 1074 678 1146 τὴν
729 1074 1046 1147 ἀκάθαρτον
1080 1076 1551 1155 εἰδωλολατρείανς
1606 1099 1626 1131 ι
1685 1077 1902 1148 Φανερά
1947 1077 2057 1149 γάρ

464 1168 581 1222 ἐστι
610 1166 681 1222 τὰ
715 1167 856 1240 ἔργα
887 1167 989 1238 τῆς
1019 1168 1245 1239 σαρκὸς,
1277 1169 1438 1225 ἀτινά
1462 1170 1603 1235 ἐστι,
1640 1170 1888 1242 πορνεία,
1917 1170 2060 1222 ἀκα-

464 1262 695 1334 θαρσία,
742 1261 1033 1331 ἀσέλγεια,
1084 1262 1523 1335 είδωλολατρεία.
1582 1283 1603 1316 ι
1663 1265 2059 1336 Προμνήστρια

464 1356 576 1427 γὰρ
613 1355 712 1410 καὶ
756 1356 867 1409 τῶν
908 1354 988 1409 ἔτι
1026 1355 1288 1427 χειρόνων
1316 1359 1350 1427 ἡ
1407 1357 1696 1428 πλάνησιςο
1729 1357 1825 1411 καὶ
1866 1357 1926 1411 τὸ
1955 1356 2061 1423 ἔξω

465 1443 733 1514 φέρεσθαι
759 1441 923 1508 Θεοῦ,
966 1446 1146 1498 νοσεῖν
1185 1446 1490 1514 ἀναγκάζει
1520 1446 1590 1501 τὰ
1620 1447 1841 1501 πάντων
1875 1446 2059 1517 αἴσχι-

466 1552 570 1590 στα
592 1534 710 1588 ,τῶν
748 1534 960 1589 κακῶν.
992 1535 1054 1586 υἱ
1083 1533 1182 1604 μὲν
1214 1534 1325 1605 γὰρ
1362 1535 1641 1605 ἐχόρευον,
1679 1534 1953 1599 ἀνιέντες,
1980 1529 2063 1588 οἷο

438 1625 570 1697 ῖμαί
629 1643 763 1689 που,
811 1625 911 1691 τὰς
955 1626 1303 1692 ὲπιδείπνους
1353 1627 1525 1699 ᾠδὰς,
1571 1628 1813 1698 δρῶντες
1857 1646 1916 1681 τε
1967 1628 2063 1683 καὶ

468 1718 715 1788 λέγοντες
744 1717 783 1774 ἀ
808 1718 920 1772 τῶν
946 1718 1260 1790 μεθυόντων
1302 1722 1450 1774 ἐστὶν
1481 1720 1829 1792 ἐγκλήματα.
1874 1723 2061 1792 Ἀγνο-

466 1812 615 1867 οῦντι
637 1814 695 1867 δέ
716 1812 786 1868 τὰ
812 1813 1197 1884 τετολμημένα
1224 1812 1301 1885 τῷ
1325 1814 1599 1885 θεσπεσίῳ
1624 1816 1794 1887 Μωτῇ
1850 1814 2062 1886 φανερᾶ

467 1906 761 1979 καθίστησι
790 1906 947 1973 Θεὸς,
970 1906 1116 1962 οὕτω
1149 1908 1345 1976 λέγων·
1383 1927 1402 1959 ι
1442 1908 1658 1974 Baianis,
1682 1908 1743 1962 τὸ
1776 1910 1940 1980 τάχος
1974 1911 2061 1963 ἐν-

465 1998 659 2054 τεῦθεν
696 1998 991 2070 κατάϐηθι·
1025 2000 1273 2070 ὴνόμησε
1312 2000 1421 2071 γὰρ
1449 2002 1478 2053 ὁ
1518 1999 1666 2064 λαὸς,
1700 2000 1759 2053 ὃν
1790 2001 2062 2072 ἐξήγαγες

464 2092 529 2147 ἐκ
559 2091 665 2161 γῆς
712 2091 1018 2160 Αἰγύπτου.
1056 2091 1410 2177 Παρέὸησαν.
1428 2095 1567 2164 ταχὺ
1611 2095 1676 2147 ἐκ
1704 2094 1803 2163 τῆς
1843 2094 1964 2148 ὁδοῦ
1993 2089 2063 2166 ἦς

465 2183 717 2239 ἐνετείλω
771 2183 980 2247 αὐτοῖς.
1044 2183 1342 2254 Ἐποίησαν
1402 2185 1617 2249 ἑαυτοῖς
1673 2186 1909 2258 μόσχον,
1965 2187 2063 2241 καὶ

466 2277 889 2349 προσεκύνησαν
918 2275 1089 2348 αὐτῷ,
1108 2276 1207 2331 καὶ
1233 2276 1530 2334 τεθύκασιν
1558 2279 1730 2350 αὐτῷ,
1750 2279 1847 2332 καὶ
1875 2275 2058 2334 εἶπαν·

465 2365 627 2425 Οὗτοι
657 2371 709 2423 oi.
748 2368 862 2424 θεοί
906 2386 1041 2435 σου,
1083 2368 1322 2442 Ἰσραὴλ,
1372 2371 1570 2436 οἵτινες
1612 2370 1949 2426 ἀνεϐίϐασαν
1997 2388 2061 2426 σε

464 2464 530 2517 ἐκ
558 2464 663 2535 γῆς
695 2462 999 2532 Αἰγύπτου.
1028 2461 1143 2518 Kal.
1181 2462 1279 2516 νῦν
1326 2463 1487 2520 ἔασόν
1519 2482 1618 2536 με,
1653 2466 1753 2520 καὶ
1785 2465 2063 2537 θυμωθεὶς

461 2554 602 2628 ὀργῇ
665 2556 747 2618 είς
798 2555 1035 2624 αὐτοὺς,
1095 2555 1342 2626 ἐκτρίψω
1405 2557 1639 2622 αὐτοὺς,
1689 2556 1788 2610 καὶ
1849 2558 2063 2628 ποιήσω

465 2665 525 2703 σε
583 2650 665 2713 εἰς
700 2647 853 2711 ἔθνος
904 2648 1066 2719 μέγα.
1107 2647 1220 2703 Καὶ
1282 2648 1482 2721 ἐδεήθη
1543 2651 1754 2721 Μωσῆς
1818 2649 2064 2704 ἐναντίον

465 2740 672 2812 Κυρίου
708 2740 803 2794 τοῦ
848 2740 984 2794 Θεοῦ
1025 2737 1212 2794 αὑτοῦ.
1264 2759 1287 2793 ι
1334 2739 1584 2805 Ἀκούεις
1629 2741 1778 2806 ὅπως
1822 2741 2062 2814 ἐλαφρὸν

466 2835 559 2888 καὶ
590 2834 980 2907 εὐπαράφορον
1022 2835 1155 2889 ὄντα
1169 2833 1262 2887 τὸν
1302 2833 1553 2905 Ἰσραὴλ,
1599 2832 1696 2887 καὶ
1744 2832 1881 2889 πολὺ
1937 2834 2062 2888 λίαν

463 2925 670 2996 εὐπετῆ
717 2927 798 2989 εἰς
849 2925 1187 2992 ἀπόστασινς
1226 2922 1364 2978 Οὐδὲ
1415 2924 1546 2977 λαὸν
1602 2941 1621 2974 ι
1680 2922 1813 2977 ἴδιον
1868 2943 1887 2976 ›
1944 2924 2063 2977 ὀνο-

467 3020 664 3089 μάζειν
693 3018 865 3085 ἀξιοῖ·
905 3019 1043 3075 ἀλλά
1093 3018 1275 3074 καίτοι
1321 3018 1706 3091 διορισάμενος
1759 3018 1853 3071 τὸν
1897 3018 2062 3087 νόμον

464 3112 647 3180 αὐτὸς,
668 3114 863 3169 Μωσεῖ
880 3114 943 3168 τὸ
965 3114 1159 3187 χρῆμα
1180 3112 1504 3186 προσνέμει.
1528 3132 1549 3165 ι
1578 3112 1911 3185 Παρέὸησαν
1929 3112 2058 3185 γὰρ,

464 3206 623 3278 φησὶ,
648 3205 789 3279 ταχὺ
817 3209 882 3260 ἐκ
902 3206 1004 3275 τῆς
1034 3204 1156 3259 ὁδοῦ
1183 3199 1253 3277 ἦς
1269 3206 1523 3260 ἐνετείλω
1550 3204 1754 3268 αὐτοῖς.
1800 3225 1818 3258 ι
1857 3205 2063 3277 Ταύτῃ·
2090 3232 2132 3291 c

465 3315 549 3353 τοι
577 3299 674 3352 καὶ
702 3300 732 3351 ὸ
764 3298 1001 3370 Χριστὸς
1032 3300 1145 3362 τοῖς
1175 3297 1245 3353 τά
1277 3296 1371 3353 ἴσα
1410 3300 1799 3371 πεφροντικόσι,
1835 3299 1932 3352 καὶ
1961 3298 2061 3369 τῆς

463 3391 724 3454 ἀσεϐείας
746 3389 848 3461 τὴν
871 3391 1093 3461 δόκησιν
1123 3390 1654 3461 ὑποπλαττομένοις,
1694 3389 2063 3462 ἁγαθουργείν

459 3483 520 3539 δέ
558 3484 681 3539 κατ’
723 3483 989 3556 ἀλήθειαν
1026 3484 1087 3539 ού
1128 3483 1588 3555 μεμελετηκόσιν,
1628 3484 1726 3539 ἐπὶ
1774 3484 1870 3539 τοῦ
1911 3484 2061 3538 θείου

464 3576 711 3650 βήματος
762 3577 912 3649 ἐρεῖν
959 3575 1066 3648 εφη
1113 3576 1207 3630 τὸν
1245 3577 1487 3648 Κριτήνο
1545 3596 1564 3629 ι
1626 3577 1927 3649 Ἀπόστητε
1966 3576 2061 3631 ἀπ’

462 3669 623 3739 ἐμοῦ,
663 3670 898 3741 ἐργάται
940 3669 1195 3741 ἀνομίας,
1233 3669 1336 3722 οὐκ
1381 3665 1500 3724 οἶδα
1545 3671 1712 3739 ὑμᾶς.
1763 3689 1783 3722 ›
1850 3669 2063 3727 οὐκοῦν

459 3759 585 3832 Θεῷ
611 3758 905 3831 γνώριμοι,
936 3759 1033 3813 καὶ
1075 3758 1208 3823 λαὸς
1254 3759 1423 3814 αὐτοῦ
1455 3758 1600 3814 κατά
1644 3760 1908 3833 ἀλήθειαν
1950 3757 2062 3815 εἷεν

458 3851 548 3913 ἄν.
577 3854 627 3907 οί
666 3852 767 3922 τῆς
794 3853 876 3918 εἰς
911 3851 1075 3907 αὑτὸν
1095 3851 1321 3923 ἀγάπης
1355 3852 1744 3917 ἀδιασπάστως
1786 3853 2060 3925 ἐχόμενοι,

461 3948 560 4002 καὶ
580 3948 644 4001 τὸ
670 3949 728 4001 ἐν
762 3947 948 4002 πίστει
988 3947 1217 4018 γνήσιον
1256 3945 1662 4013 ἀποσώζοντες,
1714 3948 1813 4008 καὶ
1843 3949 2062 4019 ἐρηρει-

463 4040 656 4114 σμένοι
689 4040 828 4113 πρὸς
863 4038 1262 4111 ἀγαθουργίαν,
1311 4039 1409 4094 καὶ
1441 4038 1512 4094 τὰ
1548 4040 1616 4094 ἐκ
1656 4040 1756 4119 τῆς
1791 4041 2062 4115 ἐλαφρίας

460 4131 790 4205 ἐγκλήματα
830 4131 1276 4205 παρωθούμενοι.
1337 4131 1484 4203 Πλὴν
1523 4132 1778 4204 ὲλιπάρει
1829 4134 2061 4205 Μωσῆς,

460 4229 559 4282 καὶ
588 4228 1000 4282 ἀνακόπτεσθαι
1040 4228 1140 4298 τὴν
1163 4226 1339 4298 ὀργὴν
1363 4227 1462 4299 τὴν
1485 4228 1624 4281 κατά
1644 4229 1861 4282 πάντων
1882 4228 2057 4299 ἠξίου.

465 4321 615 4375 Ἔδει
642 4321 774 4392 γὰρ,
809 4321 918 4374 ἔδει
945 4320 1038 4375 τὸν
1068 4318 1426 4391 μεσιτεύὸντα
1470 4318 1757 4391 μιμεῖσθαι
1796 4320 2058 4391 Χριστὸν,

459 4412 518 4476 ὃς
540 4413 641 4482 τὴν
687 4409 899 4466 ἀνωθεν
947 4411 1034 4481 ἐφ’
1085 4411 1233 4481 ἡμᾶς
1280 4405 1449 4463 οὖσαν
1496 4410 1670 4482 ὀργὴν
1715 4410 1805 4464 διὰ
1856 4409 2059 4483 πολλὴν

462 4504 741 4577 ἁμαρτίαν
768 4503 1135 4575 ἀασόϐησεν,
1160 4502 1236 4567 ὡς
1257 4501 1388 4566 Υἱὸς
1420 4503 1521 4574 τὴν
1545 4506 1602 4557 ἐν
1629 4502 1812 4557 πίστει
1831 4502 2058 4558 δικαίω-

2156 631 2323 685 opera
2347 617 2555 681 carnis,
2578 633 2702 688 qua:
2716 626 2847 674 sunt
2869 618 3156 683 scortatio,
3191 615 3566 680 immunditia,
3590 614 3757 671 lasei-

2156 706 2266 772 via,
2295 707 2609 763 idololatria
2640 709 2706 765 “.
2738 729 2757 760 ι
2787 710 2957 765 Ειτοι·
2978 710 3128 765 enim
3147 709 3240 764 hic
3262 708 3522 766 conciliat
3547 708 3653 764 alia
3673 706 3758 763 his

2158 801 2436 857 deteriora
2457 842 2472 868 ,
2518 804 2846 875 aversioque
2879 819 2910 859 a
2938 804 3052 860 Deo
3088 804 3156 859 ad
3181 813 3432 859 extrema
3454 802 3601 858 mala
3629 816 3760 873 pro«

2159 895 2336 966 pellit.
2372 895 2664 953 Ducebant
2709 897 2879 969 igitur
2923 898 3015 953 isti
3051 898 3306 962 choreas,
3333 905 3598 953 canentes
3623 893 3761 951 odaa

2159 986 2499 1051 convivales,
2525 1001 2702 1057 eaque
2738 995 2796 1041 et
2826 987 3092 1043 facientes
3117 995 3175 1043 et
3212 988 3486 1053 dicentes,
3512 1001 3639 1058 quae
3671 1001 3759 1040 so-

2160 1078 2278 1133 lent
2297 1076 2553 1133 homines
2576 1077 2749 1133 ebrii.
2780 1078 2978 1133 Divino
2998 1087 3185 1134 autem
3220 1079 3359 1135 Mosi
3397 1080 3600 1135 horum
3624 1076 3761 1134 faci-

2160 1184 2362 1225 norum
2390 1170 2569 1226 inscio
2591 1171 2739 1226 Deus
2770 1170 3049 1242 patefecit,
3079 1173 3155 1227 ita
3191 1171 3385 1228 dicens
3410 1189 3422 1225 :
3459 1192 3477 1223 ι
3506 1171 3658 1247 Vade
3686 1170 3756 1226 il-

2161 1262 2268 1317 lico
2291 1262 2444 1327 hinc,
2468 1271 2525 1318 et
2564 1262 2874 1320 descende:
2921 1265 3163 1336 populus
3196 1266 3347 1320 enim
3389 1274 3553 1328 tuus,
3592 1279 3759 1335 quem

2160 1352 2401 1410 eduxisti
2424 1354 2493 1410 de
2524 1361 2671 1411 terra
2690 1355 2930 1428 ngypti,
2960 1364 3048 1412 est
3068 1356 3484 1427 praevaricatus.
3510 1354 3633 1411 Cito
3666 1354 3758 1411 de-

2162 1447 2512 1504 clinaverunt
2552 1464 2586 1505 a
2627 1434 2911 1522 viaquam
2960 1450 3044 1505 eis
3087 1447 3446 1505 mandavisti.
3485 1448 3758 1503 Fecerunt

2162 1542 2270 1599 sibi
2299 1542 2402 1614 ipsi
2432 1542 2693 1609 vitulum,
2729 1550 2786 1598 et
2816 1543 3193 1599 adoraverunt
3216 1558 3369 1609 eum,
3390 1549 3448 1597 et
3475 1539 3762 1596 sacriﬁca-

2165 1643 2364 1691 verunt
2389 1636 2528 1706 ipsi,
2569 1636 2939 1708 dixeruntque
2968 1654 2983 1690 :
3016 1635 3111 1691 Isti
3145 1645 3276 1693 sunt
3322 1634 3399 1691 dii
3429 1634 3511 1690 tui
3541 1634 3715 1690 Israel
3743 1674 3761 1700 ,

2163 1729 2261 1800 qui
2298 1738 2350 1785 te
2376 1728 2689 1784 eduxerunt
2711 1728 2780 1785 de
2822 1738 2971 1785 terra
2995 1727 3235 1803 Egypti.
3263 1729 3334 1784 Et
3358 1743 3511 1783 nunc
3542 1726 3762 1784 dimitte

2166 1834 2275 1884 me,
2299 1827 2357 1875 et
2381 1819 2563 1876 iratus
2596 1820 2785 1876 furore
2812 1820 2870 1875 in
2896 1835 2993 1876 eos
3021 1818 3221 1876 delebo
3253 1819 3423 1890 ipsos,
3450 1818 3761 1887 faciamque

2166 1920 2219 1968 te
2255 1913 2310 1967 in
2340 1920 2560 1983 gentem
2610 1928 2886 1985 magnam.
2911 1913 2981 1969 Et
3021 1913 3201 1968 oravit
3224 1912 3404 1968 Moses
3433 1926 3622 1968 coram
3649 1910 3759 1966 Do-

2163 2002 2316 2054 mino
2348 2001 2545 2057 Deo”.
2595 2021 2612 2055 ι
2648 2001 2895 2058 Audisne
2933 2017 3099 2072 quam
3132 2001 3296 2074 337
3334 2001 3473 2057 levis
3497 2010 3555 2057 et
3584 2009 3761 2056 teme-

2164 2093 2346 2149 rarius
2367 2094 2439 2149 sit
2462 2094 2651 2159 Israel,
2679 2102 2736 2151 et
2760 2095 2923 2150 valde
2950 2095 3019 2151 ad
3052 2094 3424 2151 defectionem
3454 2092 3761 2168 proclivis!

2162 2184 2404 2256 Ideoque
2452 2185 2713 2257 dignatur
2759 2187 3027 2258 populum
3082 2206 3102 2239 ι
3150 2202 3313 2243 suum
3356 2206 3375 2236 ι
3418 2202 3516 2243 eos
3561 2200 3763 2242 vocare

2163 2276 2312 2333 Deus
2334 2293 2354 2331 ι.
2377 2284 2434 2333 et
2459 2278 2591 2334 licet
2616 2278 2733 2349 ipse
2768 2278 2945 2349 legem
2970 2279 3180 2344 tulerit,
3215 2295 3279 2336 ac
3317 2278 3764 2351 praescripserit,

2163 2376 2351 2425 tamen
2382 2369 2439 2424 id
2470 2370 2604 2426 Mosi
2636 2371 2879 2442 assignat
2920 2378 2977 2426 et
3006 2371 3226 2427 tribuit.
3255 2371 3348 2428 Ait
3374 2371 3523 2428 enim
3552 2389 3564 2424 :
3597 2388 3616 2421 ι
3653 2369 3764 2426 De-

2163 2461 2513 2518 clinavcrunt
2565 2463 2859 2519 confestim
2909 2464 2979 2520 de
3016 2464 3128 2530 via,
3181 2480 3348 2535 quam
3393 2472 3454 2521 tu
3490 2460 3763 2519 mandasti

2163 2557 2247 2614 eis
2270 2557 2337 2612 ⁶⁸.
2377 2575 2394 2608 ι
2420 2556 2561 2613 Hinc
2591 2564 2646 2612 et
2669 2556 2926 2613 Christus
2952 2557 3051 2623 ait,
3074 2558 3320 2627 judicem
3348 2558 3439 2623 iis,
3473 2557 3568 2628 qui
3589 2556 3764 2628 aequi-

2164 2658 2334 2706 tatem
2388 2657 2781 2719 aspernantur,
2824 2664 2889 2705 ac
2933 2648 3185 2705 notitiam
3232 2647 3522 2705 veritatem
3559 2662 3673 2718 prae
3703 2661 3764 2704 se

2162 2739 2373 2801 ferunt,
2399 2749 2458 2795 et
2481 2739 2549 2794 de
2577 2739 2740 2795 bonis
2772 2739 3038 2811 operibus
3059 2739 3389 2810 praestandis
3414 2754 3610 2809 parum
3633 2746 3763 2797 sunt

2163 2831 2412 2898 solliciti,
2448 2832 2517 2887 ad
2535 2831 2776 2887 tribunal
2810 2831 2909 2887 Dei
2930 2831 3209 2887 dicturum
3234 2846 3356 2887 esse
3385 2848 3398 2884 :
3436 2851 3454 2882 ι
3488 2829 3762 2888 Discedite

2163 2940 2196 2980 a
2227 2940 2335 2990 me,
2360 2924 2455 2995 qui
2489 2924 2798 2995 operamini
2827 2923 3212 2995 iniquitatem;
3238 2939 3350 2979 non
3379 2924 3506 2980 novi
3528 2939 3629 2979 vos
3645 2924 3712 2979 ⁸³.
3739 2943 3756 2976 ι

2163 3016 2279 3072 Deo
2304 3016 2472 3089 igitur
2504 3017 2619 3073 noti
2666 3024 2816 3081 sunt,
2845 3031 3125 3087 verusque
3161 3015 3337 3086 ipsius
3368 3031 3433 3070 ac
3464 3015 3764 3086 peculiaria

2163 3110 2437 3182 populus,
2471 3110 2566 3181 qui
2592 3109 2870 3166 indivulsa
2890 3110 2947 3164 in
2971 3109 3150 3180 ipsum
3173 3107 3473 3165 dilectione
3507 3108 3762 3181 flagrant,

2165 3212 2222 3260 et
2240 3204 2522 3259 sincerum
2551 3201 2681 3259 fidei
2701 3202 2998 3259 candorem
3028 3211 3277 3268 tuentur,
3313 3209 3478 3273 atque
3502 3201 3571 3256 ad
3600 3216 3765 3257 omne

2166 3311 2307 3366 opus
2338 3296 2550 3352 bonum
2581 3295 2891 3352 confirmati
2924 3305 3075 3362 sunt,
3113 3295 3467 3365 levitatisque
3489 3300 3546 3350 et
3566 3293 3763 3349 incon-

2164 3389 2380 3455 stantia:
2403 3390 2613 3446 crimen
2642 3388 2961 3460 promiscue
2996 3406 3027 3444 a
3065 3404 3124 3445 se
3152 3388 3451 3459 repellunt.
3490 3385 3763 3443 Caeterum

2164 3482 2345 3538 Moses
2382 3482 2609 3548 orabat,
2662 3490 2719 3538 et
2760 3482 2902 3537 iram
2926 3498 3049 3552 quae
3097 3481 3154 3535 in
3188 3495 3385 3536 omnes
3431 3488 3761 3547 exarserat,

2164 3587 2421 3631 amovere
2455 3572 2732 3628 studebat.
2759 3570 3065 3643 Oportebat
3091 3570 3274 3636 enim,
3309 3568 3623 3639 oportebat.
3677 3568 3764 3624 in-

2164 3681 2333 3736 quam
2356 3706 2372 3731 ,
2419 3664 2587 3722 etiam
2624 3665 2776 3719 hunc
2811 3664 3189 3720 mediatorem
3230 3662 3437 3718 imitari
3480 3660 3762 3718 Christum

2163 3772 2361 3812 verum
2400 3756 2783 3821 mediatorem,
2813 3756 2907 3826 qui
2934 3756 3071 3810 iram
3103 3754 3328 3812 coalitus
3352 3753 3517 3811 nobis
3546 3754 3763 3824 impen~

2163 3848 2387 3905 dentem
2422 3858 2649 3920 propter
2686 3848 2977 3919 multiplex
3024 3855 3353 3919 peccatum,
3400 3853 3556 3902 arcet
3597 3853 3764 3917 atque

2163 3942 2474 4012 prepulsat,
2506 3952 2765 4013 tanquam
2798 3940 2999 4005 Filius,
3029 3956 3156 3997 cum
3181 3939 3251 3995 iis
3283 3938 3379 4009 qui
3400 3945 3764 4010 peccaverant

2161 4029 2504 4102 gratificetur
2526 4030 2983 4102 justiﬂcationem
3010 4029 3065 4084 in
3083 4029 3210 4086 fide.
3236 4030 3380 4102 Ergo
3398 4029 3566 4085 etiam
3585 4029 3639 4085 in
3659 4028 3764 4087 hoc

2162 4139 2359 4180 rursus
2382 4121 2604 4181 divinus
2635 4123 2835 4190 Moses,
2856 4123 2986 4195 quia
3003 4123 3119 4179 suis
3139 4123 3404 4196 precibus
3427 4122 3523 4177 iraa
3551 4121 3763 4177 severi-

2165 4222 2330 4270 tatem
2354 4214 2649 4286 mitigavit,
2674 4223 2837 4287 typus
2862 4222 2947 4270 est
2979 4214 3482 4280 reconciliationis,
3512 4228 3636 4284 quae
3663 4228 3763 4284 per

2161 4305 2449 4363 Christum
2511 4306 2801 4379 contingit.
2859 4307 3071 4364 Deinde
3144 4323 3277 4363 vero
3338 4306 3634 4363 descendit
3694 4307 3764 4364 de

2163 4405 2351 4453 monte
2374 4414 2401 4463 ι
2425 4396 2520 4452 ubi
2557 4405 2741 4453 autem
2773 4398 2985 4454 audivit
3038 4398 3306 4455 saltantes
3326 4438 3341 4464 ,
3396 4407 3449 4454 et
3478 4399 3761 4455 ebriorum

2163 4507 2329 4548 voces
2359 4491 2592 4549 auribus
2620 4492 2855 4565 accepit,
2892 4492 3163 4565 confregit
3203 4494 3442 4560 tabulas,
3481 4494 3536 4549 in
3560 4494 3763 4565 quibus

461 4615 549 4652 σιν
567 4600 679 4663 τοῖς
706 4597 1061 4672 ἡμαρτηκόσι
1084 4596 1452 4668 δωρούμενος.
1491 4596 1677 4661 Τύπος
1699 4594 1793 4652 οὖν
1820 4597 1930 4671 ἄρα
1961 4598 2059 4666 τῆς

2167 4586 2496 4657 Iegeserant
2527 4584 2777 4655 sculptze,
2812 4600 2993 4657 neque
3017 4587 3258 4658 amplius
3284 4602 3383 4643 eos
3412 4587 3763 4644 institutione

460 4690 548 4744 διὰ
593 4688 834 4761 Χριστοῦ
883 4686 1186 4761 μεσιτείας,
1242 4688 1531 4743 καὶτοῦτο
1573 4688 1639 4760 δὴ
1679 4688 1864 4743 πάλιν.
1892 4689 2006 4744 Καὶ
2032 4691 2061 4743 ὁ

462 4781 565 4852 μὲν
597 4781 890 4845 θεσπέσιος
928 4779 1139 4852 Μωσῆς
1170 4783 1292 4847 ταῖς
1324 4782 1559 4846 ἱκεσίαις
1591 4783 1809 4856 ἁποστᾷ
1845 4783 1906 4837 τὸ
1934 4784 2063 4839 ἀπόο

455 4892 625 4947 τομον
646 4876 747 4948 τῆς
760 4876 932 4948 ὀργῆς
952 4892 965 4907 ·
988 4872 1109 4930 εἶτα
1133 4876 1382 4931 κάτεισιν
1402 4878 1467 4932 ἐκ
1488 4877 1583 4931 τοῦ
1600 4877 1759 4950 ὄρους
1783 4918 1802 4936 .
1838 4878 2061 4953 Ἐπειδὴ

457 4969 877 5041 δέχορευόντων
916 4968 1170 5036 ἐπύθετο,
1204 4970 1301 5025 καὶ
1339 4969 1440 5036 τὰς
1486 4970 1599 5026 τῶν
1626 4971 1943 5043 μεθυόντων
1980 4975 2065 5038 είςι

460 5054 551 5124 οῦς
574 5059 794 5131 ἐδέχετο
816 5057 1026 5130 φωνὰς,
1063 5060 1481 5131 καταρρήγνυσι
1510 5059 1613 5124 τὰς
1647 5060 1864 5125 πλάκας
1907 5062 2061 5128 ἐγκεο

456 5151 822 5224 κολαμμένων
850 5151 1039 5216 αὐτοῖς
1071 5151 1183 5205 τῶν
1208 5152 1415 5223 νόμων,
1454 5152 1641 5206 οὐκ-ἑτι
1675 5153 2061 5223 παιδαγωγίας

456 5244 627 5311 ἀξιῶν
660 5246 737 5310 ὡς
770 5245 1019 5310 ἀπειθεῖς
1041 5244 1138 5300 καὶ
1160 5242 1561 5316 ἀγνώμονας,ἢ
1597 5242 2058 5314 ὀλιγογνώμονας,

454 5339 555 5395 καὶ
606 5340 806 5413 κομιδῇ
856 5341 958 5413 μὲν
1011 5339 1376 5411 εὒπάροιστον
1422 5338 1508 5408 ἐφ’
1565 5335 1603 5393 ἀ
1653 5336 1730 5409 μὴ
1780 5337 2061 5409 προσῆκεν

452 5431 683 5503 ἔχοντας
706 5432 854 5498 νοῦν,
882 5434 1109 5505 ταχεῖαν
1130 5430 1189 5486 δὲ
1209 5429 1356 5485 οὕτω
1369 5430 1469 5503 τὴν
1494 5430 1801 5485 ἀπόστασιν
1824 5444 2059 5499 πεποιη-

459 5521 678 5593 μένους.
722 5524 943 5598 Ἐπειδὴ
965 5525 1023 5578 δέ
1046 5519 1185 5597 ἧκεν
1224 5524 1307 5589 είς
1329 5524 1427 5595 τὴν
1462 5522 1807 5593 συναγωγὴν,
1843 5520 2061 5592 συντρι-

457 5616 543 5669 δει
584 5614 680 5671 τὸν
721 5617 945 5689 μόσχον.
995 5612 1129 5671 Εἶτα
1170 5615 1383 5682 καθιεὶς
1424 5617 1506 5680 είς
1551 5614 1719 5687 ὕδωρ,
1761 5614 2059 5669 πεπότικεν

455 5708 612 5774 αὐτὸ,
644 5708 803 5781 φησὶ,
838 5710 967 5773 τοὺς
999 5710 1151 5774 υίοὺς
1203 5708 1454 5780 Ἰσραήλ·
1495 5706 1782 5779 μονονουχὶ
1812 5705 1903 5762 διὰ
1931 5706 2056 5762 τού-

533 5884 579 5918 ”
612 5887 788 5946 Galat.
823 5907 878 5958 τ,
922 5889 1006 5946 19.

2158 4680 2493 4753 dignabatur
2529 4690 2793 4751 tanquam
2839 4681 3263 4750 inobcdientes,
3295 4682 3549 4749 desides,
3587 4683 3764 4756 stupi-

2159 4772 2341 4844 doque
2376 4773 2598 4845 ingenio
2631 4774 2916 4845 praeditos,
2940 4784 2998 4830 et
3027 4775 3121 4831 vix
3144 4783 3328 4847 aptam
3356 4776 3424 4833 ad
3456 4792 3579 4847 qua:
3599 4792 3763 4848 opor-

2158 4876 2323 4934 teret,
2351 4879 2592 4925 mentem
2614 4868 2900 4933 habentes,
2929 4876 2991 4924 ut
3008 4869 3102 4940 qui
3126 4870 3266 4926 adeo
3288 4869 3604 4941 praecipites
3632 4885 3763 4925 rue-

2161 4970 2290 5018 rent
2326 4961 2397 5017 ad
2443 4961 2833 5019 defectionem.
2867 4963 3236 5033 Posteaquam
3286 4970 3473 5018 autem
3513 4962 3664 5017 venit
3694 4963 3761 5019 ad

2159 5054 2684 5127 congregationem,
2739 5056 2979 5111 conterit
3012 5055 3267 5110 vitulum.
3329 5053 3452 5122 Quo
3496 5053 3666 5121 misso
3706 5055 3763 5111 in

2159 5163 2360 5219 aquam
2391 5150 2605 5220 potavit
2632 5166 2701 5206 ex
2732 5165 2799 5207 ea
2845 5149 2990 5206 filios
3016 5150 3221 5218 Israel;
3264 5165 3366 5222 per
3393 5150 3513 5208 haec
3547 5151 3666 5222 ipsa
3696 5152 3771 5208 εἰ·
3799 5134 3811 5201 ἶ

2159 5241 2431 5312 gniﬁcans
2454 5243 2604 5313 quod
2639 5242 2698 5298 in
2738 5243 2988 5315 ipsorum
3014 5243 3336 5304 praecordiis
3372 5252 3430 5301 et
3456 5239 3764 5302 visceribus
3796 5314 3799 5319 ι

2160 5333 2431 5391 inhaereat
2465 5335 2740 5407 impietas.
2777 5335 3054 5393 Praeterea
3085 5336 3253 5393 etiam
3280 5338 3389 5395 hoc
3424 5338 3763 5413 signiﬁcasse

2165 5426 2431 5493 arbitror,
2472 5428 2623 5499 quod
2654 5444 2752 5485 cor
2782 5430 3051 5487 scelerata
3093 5438 3262 5503 atque
3286 5434 3614 5490 exsecrabili
3643 5434 3764 5490 ido-

2165 5520 2385 5576 lolatria
2425 5521 2667 5580 habeant
2697 5521 2986 5579 refertum.
3012 5522 3347 5582 Convocatis
3360 5537 3545 5583 autem
3570 5526 3762 5582 electu

2166 5614 2432 5686 praecepit
2482 5622 2546 5671 ut
2600 5616 2880 5689 pmcipua
2937 5620 3122 5690 capita
3170 5620 3452 5684 occidant,
3480 5634 3602 5688 quae
3638 5617 3761 5673 aliis

2166 5721 2332 5762 causa
2354 5705 2581 5763 fuerunt
2606 5716 2665 5764 et
2696 5717 2956 5767 auctores
2976 5709 3143 5782 hujus
3168 5709 3416 5773 sceleris,
3439 5723 3616 5778 neque
3635 5724 3755 5779 par-

1087 5891 1129 5920 "
1169 5888 1341 5946 Exod.
1387 5906 1554 5958 χχιιι,
1604 5892 1755 5948 7-H.
1835 5890 1879 5925 ⁸⁸
1913 5893 2054 5949 Psal.
2097 5910 2171 5960 vi,
2198 5892 2250 5948 9.
2331 5895 2374 5927 θ’
2417 5895 2605 5954 Matth.
2648 5912 2739 5962 vn,
2766 5895 2857 5952 23.
