4060 6454
391 406 488 466 57d

1420 417 1473 471 S.
1515 418 1795 482 CYRILLI
1831 426 2305 491 ALEXANDle
2349 434 2667 513 ARClllEl’.

3561 448 3665 506 [τε

384 535 512 578 eam
548 524 634 579 vel
671 524 864 591 fratri,
899 529 985 583 vel
1019 530 1221 595 vicino,
1254 533 1339 587 vel
1369 533 1647 591 familiari.
1691 539 1870 609 Atque
1901 542 1948 595 iu

2078 560 2173 598 του
2196 547 2497 618 σημαίνων,
2533 548 2727 602 ὃτικαὶ
2756 548 2934 603 αὐτῶν
2962 548 3185 621 ἡπάτων
3208 550 3303 604 καὶ
3338 550 3665 624 σπλάγχνων

382 612 706 671 ceciderunt
744 618 937 687 viginti
982 620 1084 673 tria
1124 622 1316 677 millia.
1362 625 1657 697 Postquam
1686 647 1821 685 vero
1848 649 1969 688 mo-

379 707 600 763 deratas
632 709 700 763 ab
754 711 822 765 iis
865 712 958 780 qui
993 712 1130 767 adeo
1169 716 1433 773 scelerate
1478 732 1743 791 egerant,
1780 742 1970 795 pinnas

379 800 635 868 sumpsit,
667 802 965 855 revertitur
997 804 1064 857 ad
1096 805 1296 873 Deum,
1331 809 1497 881 338
1524 822 1579 869 et
1607 830 1705 884 pro
1727 818 1850 873 aliis
1881 820 1969 873 in-

380 889 629 943 tercedit.
660 889 815 946 Tunc
853 907 985 947 sane
1017 894 1068 949 ei
1105 896 1249 953 Deus
1275 899 1364 953 vix
1397 904 1611 970 annuit,
1642 906 1967 965 adfuturum

375 982 458 1036 eis
487 982 697 1049 dicens,
734 1001 844 1043 non
876 987 1099 1058 quidem
1127 992 1371 1061 seipsum
1391 1035 1405 1060 ,
1452 996 1547 1051 sed
1577 999 1763 1067 potius
1803 1017 1969 1073 ange-

376 1071 489 1127 lum
524 1077 839 1146 quempiam
875 1082 1165 1149 praesidem
1193 1091 1250 1137 et
1285 1085 1479 1141 ducem
1511 1088 1725 1146 itineris
1749 1108 1806 1148 se
1829 1071 1963 1150 mis-

377 1177 588 1219 surum.
626 1165 830 1223 Adhtec
866 1170 1033 1241 igitur
1077 1174 1314 1243 populus
1348 1176 1569 1245 quidem
1598 1178 1856 1251 lugebat;
1909 1191 1965 1236 at

374 1254 520 1308 Deus
541 1260 801 1327 praecepit
822 1259 1029 1314 auferri
1051 1262 1121 1316 ab
1154 1263 1235 1318 eis
1260 1265 1611 1334 vestimenta,
1632 1283 1963 1340 omnemque

372 1354 631 1402 ornatum
653 1390 667 1414 ,
694 1358 859 1420 atque
891 1353 965 1407 ita
995 1352 1237 1410 demisso
1269 1358 1426 1412 vultu
1457 1359 1647 1425 tristes
1681 1361 1957 1418 incedere.

372 1436 492 1504 Quo
519 1440 742 1510 quidem
787 1444 854 1498 ad
879 1444 1040 1500 ﬁnem
1071 1448 1360 1518 perducto,
1402 1452 1667 1508 scribitur
1698 1454 1960 1525 deinceps

371 1531 559 1587 Mosen
598 1544 884 1606 acceptum
926 1539 1225 1594 tentorium
1277 1557 1438 1597 suum
1469 1544 1651 1601 ﬁxisse
1686 1556 1839 1603 extra
1872 1565 1961 1604 ca-

373 1633 487 1680 stra
530 1642 741 1683 eorum.
795 1629 922 1686 Hmc
948 1631 1192 1687 breviter
1220 1634 1289 1688 de
1323 1634 1572 1692 historiae
1607 1639 1782 1708 ipsius
1814 1641 1958 1696 serie

373 1717 518 1773 dicta
549 1721 678 1774 sint.
718 1721 1076 1791 Reperiemus
1102 1734 1287 1780 autem
1311 1742 1408 1782 eos
1429 1729 1523 1798 qui
1545 1746 1613 1784 ex
1643 1731 1809 1786 Israel
1827 1740 1959 1788 sunt

2075 636 2186 689 τῶν
2224 640 2283 691 ἐν
2322 641 2505 705 αὐτοῖς
2556 640 2751 710 ἅψεται
2798 641 2860 694 τὸ
2897 641 3216 711 δυσσέϐημα
3249 658 3265 673 ⁸
3299 639 3452 712 οἶμαι
3492 644 3548 697 δὲ
3579 645 3663 700 ὅτι

2074 728 2300 783 κάκεῖνο
2328 732 2469 800 τάχα
2495 748 2598 783 που
2630 732 2997 802 καταμηνύων
3028 732 3230 798 αὐτοῖς,
3266 733 3350 786 ὅτι
3369 735 3468 803 τῆς
3496 734 3660 807 βεϐή-

2072 817 2165 871 λου
2205 819 2300 873 καὶ
2352 820 2609 891 βδελυρᾶς
2666 822 3110 892 εἰδωλολατρείας
3159 825 3659 895 ἐκμεμεστωμέπιν

2070 906 2255 979 έχουσι
2292 911 2390 982 τὴν
2436 913 2684 981 καρδίαν.
2724 913 3247 985 Προσκαλεσάμενος
3272 916 3330 969 δέ
3357 917 3483 980 τοὺς
3522 916 3660 983 seu.

2069 999 2387 1070 λεγμένους,
2432 1005 2677 1073 ἀναιρεῖν
2707 1003 2925 1057 ἐκέλευε
2959 1007 3084 1068 τοὺς
3137 1005 3219 1059 δτι
3268 1005 3506 1075 μάλιστα
3547 1006 3658 1060 τῶν

2069 1089 2245 1144 ἄλλων
2278 1094 2656 1161 αἰτιωτάτους,
2697 1095 2795 1148 καὶ
2846 1095 3101 1165 ἀδελφοῦ,
3134 1096 3231 1149 καὶ
3262 1096 3522 1165 γείτονος,
3558 1097 3657 1152 καὶ

2065 1184 2360 1254 γνωρίμων
2393 1185 2778 1254 ἠφειδηκότας.
2815 1186 2927 1239 Καὶ
2969 1185 3033 1257 δὴ
3077 1186 3174 1240 καὶ
3205 1186 3529 1241 πεπτώκασι
3568 1205 3653 1259 χι·

2065 1275 2244 1339 λιάδες
2297 1280 2446 1348 τρεῖς
2499 1278 2594 1331 καὶ
2642 1277 2864 1331 εἴκοσιν.
2929 1279 3147 1349 Ἐπειδὴ
3188 1279 3245 1332 δὲ
3301 1280 3655 1352 συμμέτρους

2064 1365 2299 1437 ἐζήτησε
2330 1369 2486 1432 δίκας
2532 1371 2659 1433 τοὺς
2701 1370 2926 1440 ἀναίδην
2974 1369 3117 1423 οὕτω
3159 1371 3649 1442 δεδυσσεϐηκότσς.

2065 1459 2351 1512 ὑπονοστεί
2374 1460 2508 1532 πρὸς
2533 1461 2687 1527 Θεὸν,
2707 1462 2802 1515 καὶ
2824 1461 2924 1524 τὰς
2952 1461 3092 1533 ὑπὲρ
3118 1464 3227 1515 τῶν
3250 1462 3454 1531 ἐτέρων
3479 1465 3653 1516 ποιεῖ-

2060 1567 2152 1603 ται
2189 1550 2358 1615 λιτάς.
2392 1553 2525 1605 Τότε
2558 1553 2620 1625 δὴ
2663 1554 2816 1625 μόλις
2846 1553 2993 1624 αὑτῷ
3022 1554 3313 1608 κατανεύει
3337 1555 3490 1617 Θεὸς,
3518 1540 3664 1607 συνο²

2061 1639 2282 1695 έσεσθαι
2337 1642 2509 1711 λέγων
2540 1645 2742 1716 ἥκιστα
2788 1645 2884 1715 μὲν
2918 1645 3100 1709 αὐτὸς,
3147 1646 3563 1700 συναποστελεῖν
3593 1646 3648 1701 δέ

2064 1732 2263 1802 μᾶλλον
2295 1735 2476 1799 αὐτοῖς
2500 1736 2727 1805 ἄγγελον
2749 1737 3046 1807 ἐπιστάτην
3072 1738 3167 1792 καλ⁸
3197 1736 3647 1808 καθηγησόμενον

368 1802 650 1879 persimile
682 1812 895 1869 facinus
939 1829 1102 1871 ausos
1142 1832 1284 1884 esse,
1311 1827 1368 1874 et
1392 1821 1546 1891 paria
1574 1821 1777 1893 ﬂagitia
1802 1840 1948 1878 com-

2060 1826 2159 1895 τῆς
2192 1825 2335 1881 ὁδοῦ.
2371 1828 2484 1880 Καὶ
2525 1802 2660 1896 πρός
2688 1845 2753 1896 γε
2793 1828 2858 1900 δὴ
2889 1802 3063 1899 τούτῳ
3117 1802 3451 1898 κατοιμώζει
3488 1802 3590 1898 μὲν
3617 1829 3647 1881 ό

367 1902 601 1967 misisse,
645 1904 865 1973 quando
895 1905 1084 1962 divino
1111 1911 1345 1967 consilio
1386 1913 1709 1983 unigenitus
1734 1915 1829 1970 Dei
1860 1916 1948 1971 Fi-

2064 1917 2194 1981 λαός
2212 1936 2225 1949 ·
2257 1920 2591 1989 προσέταττε
2622 1920 2679 1973 δὲ
2699 1899 2854 1984 Θεὸς,
2888 1919 3184 1990 ἀφελέσθαι
3209 1920 3310 1984 τὰς
3334 1919 3526 1983 στολὰς
3547 1919 3646 1974 καὶ

367 1992 476 2049 lius
494 1995 649 2064 juxta
674 2012 775 2052 nos
802 1998 969 2054 homo
1013 2009 1098 2054 est
1128 2000 1323 2057 factus.
1353 2004 1491 2059 Nam
1514 2006 1750 2060 vocabat
1773 2022 1869 2062 eos
1900 2009 1948 2063 in

2065 2010 2243 2062 πάντα
2279 2010 2371 2063 τὸν
2412 2013 2638 2082 κόσμον,
2684 2012 2819 2066 ἰέναι
2848 2029 2907 2065 τε
2948 2010 3121 2075 οὕτως
3158 2013 3217 2064 ἐν
3245 2011 3539 2082 κατηφείᾳ.
3568 2005 3643 2065 οὗ

366 2102 597 2157 regnum
657 2089 921 2145 eualorum
977 2094 1441 2162 quemadmodum
1504 2096 1635 2151 olim
1685 2097 1831 2152 Deus
1858 2113 1948 2168 per

2063 2101 2161 2153 καὶ
2190 2102 2267 2165 είς
2287 2102 2462 2173 πέρας
2497 2104 2878 2174 ἐνηνεγμένου,
2906 2101 3106 2168 λαϐὼν,
3128 2103 3284 2173 φησὶ,
3318 2102 3525 2172 Μωσῆς
3545 2100 3642 2172 τὴν

364 2172 551 2231 Mosen
568 2179 785 2234 vocavit
818 2180 873 2234 in
906 2189 1111 2236 terram
1136 2185 1537 2253 promissionis,
1566 2186 1948 2255 promittebat—

2064 2192 2269 2262 σκηνὴν
2325 2172 2511 2257 αῦτοῦ,
2560 2172 2759 2262 ἔπηξεν
2808 2192 2913 2259 ἐξω
2955 2194 3054 2263 τῆς
3100 2172 3471 2264 παρεμϐολῆς.
3529 2194 3644 2246 Καὶ

364 2283 472 2338 que
496 2285 554 2325 se
576 2271 942 2329 liberaturum
968 2291 1064 2331 eos
1090 2279 1181 2348 qui
1216 2278 1271 2333 in
1313 2279 1492 2349 ipsum
1543 2281 1856 2337 crederent.
1884 2282 1948 2337 Et

2060 2281 2202 2337 οῦτω
2236 2283 2337 2353 μὲν
2371 2283 2471 2355 τῆς
2506 2284 2746 2355 ἱστορίας
2788 2283 2866 2348 ὡς
2898 2286 2957 2338 ἐν
2986 2284 3247 2356 βραχέσιν
3275 2285 3304 2337 ὁ
3332 2284 3510 2353 λόγος.
3542 2284 3642 2339 E6-

364 2358 513 2415 Deus
545 2361 803 2418 liberavit
862 2366 983 2421 illos
1003 2407 1017 2430 ,
1053 2368 1147 2437 qui
1194 2384 1262 2422 ex
1288 2384 1488 2440 genere
1517 2370 1686 2426 Israel
1721 2387 1950 2443 recepe-

363 2461 493 2507 runt
519 2469 620 2523 per
652 2454 813 2510 ﬁdem
854 2459 1151 2515 salutarem
1180 2461 1335 2515 illum
1380 2458 1701 2533 sanguinem
1736 2477 1804 2517 ex
1854 2479 1953 2533 op-

362 2543 649 2609 pressione
714 2554 769 2600 et
830 2549 1117 2618 tyrannide
1193 2548 1595 2622 Egyptiorum.
1644 2551 1951 2608 Mactarunt

360 2634 509 2687 enim
542 2649 741 2706 agnum
787 2638 957 2694 veluti
1003 2640 1058 2694 in
1098 2641 1261 2712 typis,
1290 2640 1471 2697 adhuc
1490 2641 1713 2697 Christo
1742 2651 1949 2714 myste-

361 2722 502 2777 rium
537 2726 896 2795 completuro.
932 2729 1107 2786 Porro
1150 2729 1242 2785 isti
1275 2730 1451 2801 legem
1498 2730 1786 2798 habentes,
1827 2748 1949 2803 qua:

360 2829 491 2869 sane
543 2815 780 2874 ﬁdeliter
807 2820 1193 2877 introducebat
1224 2838 1325 2894 per
1374 2821 1578 2892 ﬁguras
1613 2830 1671 2878 et
1700 2831 1857 2895 typos
1878 2825 1946 2880 ad

358 2905 564 2964 Christi
618 2911 963 2982 mysterium,
1004 2913 1072 2969 de
1119 2914 1306 2969 verbis
1335 2915 1729 2985 sapientissimi
1784 2917 1947 2973 Mosis

361 3000 566 3072 ubique
595 3004 882 3075 magniﬁce
911 3007 1128 3079 gloriati
1152 3016 1301 3074 sunt,
1327 3024 1451 3063 cum
1479 3018 1659 3065 tamen
1680 3026 1748 3064 ne
1764 3009 1944 3081 ipsum

358 3093 580 3160 quidem
628 3095 816 3152 Mosen
865 3113 1105 3169 unquam
1157 3100 1269 3154 sint
1310 3101 1556 3155 reveriti.
1588 3101 1947 3157 Declinabant

357 3186 503 3240 enim
532 3189 599 3243 ad
620 3188 901 3245 doctrinas
943 3198 1001 3245 et
1029 3192 1282 3248 mandata
1309 3191 1621 3258 hominum,
1655 3195 1945 3265 cultusque

356 3277 530 3333 divini
568 3281 761 3351 jugum
807 3284 1182 3339 excutiebant.
1216 3283 1503 3355 Siquidem
1549 3301 1660 3341 non
1693 3300 1943 3341 accesse-

359 3378 488 3424 runt
519 3373 586 3426 ad
613 3388 737 3427 eum
770 3389 869 3444 per
902 3391 1068 3445 quem
1090 3376 1236 3431 Deus
1274 3376 1380 3433 hoc
1402 3377 1722 3433 universum
1746 3381 1947 3451 guber-

358 3469 471 3526 nat,
503 3463 609 3519 hoc
653 3472 738 3519 est
777 3465 1080 3521 Christum.
1115 3467 1281 3538 Atqui
1307 3485 1560 3540 quaenam
1592 3470 1697 3526 fuit
1724 3472 1943 3527 occasio

356 3562 411 3607 ct
434 3556 634 3609 causa?
657 3555 1009 3612 Deﬁexerunt
1037 3557 1184 3613 enim
1211 3559 1279 3613 ad
1316 3560 1675 3629 imposturam
1714 3562 1944 3618 munda-

357 3662 515 3713 nam;
552 3655 607 3702 et
627 3648 937 3718 voluptates
965 3650 1130 3721 hujus
1151 3652 1277 3708 vita:
1298 3653 1507 3708 utiliori
1530 3653 1715 3710 studio
1740 3652 1940 3726 praefe-

357 3746 579 3802 rentes,
629 3738 774 3793 haud
828 3739 1104 3796 immerito
1150 3744 1325 3815 gratia
1357 3746 1703 3803 exciderunt.
1749 3748 1942 3803 Vocati

354 3829 502 3883 enim
529 3829 594 3885 ad
621 3832 865 3901 nuptias,
894 3832 1193 3890 noluerunt
1220 3837 1433 3899 venire,
1464 3854 1698 3893 uxorum
1728 3839 1941 3910 nuptiis

353 3929 413 3975 et
445 3937 700 3993 agrorum
731 3925 1104 3994 emptionibus
1139 3942 1260 3983 sese
1308 3938 1654 3985 excusantes.
1691 3930 1760 3985 Et
1791 3938 1940 3987 certe

355 4022 573 4084 tempus
601 4014 714 4085 jam
738 4024 876 4080 erat,
908 4023 971 4071 ut
990 4017 1178 4081 Israel,
1214 4018 1308 4088 qui
1350 4033 1418 4073 co
1471 4019 1768 4090 impietatis
1812 4035 1941 4091 pro-

355 4106 540 4177 lapsus
578 4107 789 4173 fuerat,
840 4108 977 4163 iram
1032 4110 1258 4165 omnino
1303 4111 1622 4166 sustineret.
1666 4112 1939 4168 Caeterum

355 4201 613 4272 precibus
631 4211 948 4257 sanctorum
988 4210 1217 4258 servata:
1238 4210 1367 4257 sunt
1397 4203 1645 4273 reliquiaa
1670 4206 1751 4273 '°;
1779 4204 1938 4260 multi

356 4302 536 4348 tamen
567 4292 790 4349 luerunt
822 4310 1031 4365 pmnas.
1064 4294 1399 4351 Ceciderunt
1441 4295 1591 4350 enim
1624 4296 1674 4350 in
1702 4296 1935 4367 gladiis:

353 4402 588 4456 cumque
615 4402 759 4441 saevo
791 4387 938 4442 bello
970 4386 1412 4451 absumerentur,
1443 4388 1534 4441 vix
1564 4397 1942 4458 cognoverunt

353 4494 465 4547 quo
496 4478 624 4532 mali
656 4478 979 4533 devenerint
999 4477 1069 4532 ob
1091 4477 1317 4532 crimina
1341 4494 1370 4531 a
1400 4493 1457 4533 se
1482 4480 1750 4535 adversus
1775 4480 1939 4536 Chri-

355 4581 499 4623 stum
523 4570 831 4625 commissa.
863 4568 1112 4638 Cumque
1154 4569 1309 4639 quasi
1337 4570 1724 4625 vestimentum
1746 4571 1939 4642 pristi-

354 4673 438 4713 uze
473 4658 619 4713 illius
642 4657 828 4729 gloria:
857 4656 1180 4726 abjecerint,
1214 4665 1270 4711 et
1286 4673 1505 4713 omnem
1536 4666 1793 4714 ornatum
1824 4660 1939 4729 spi-

355 4750 592 4814 ritalem,
623 4750 830 4821 ingenti
858 4749 1115 4808 laborant
1147 4749 1295 4816 odio,
1327 4751 1546 4820 spoliati
1577 4751 1727 4806 omni
1765 4751 1939 4821 gloria

354 4860 418 4899 ac
466 4843 751 4914 dignitate.
792 4841 950 4910 Quod
997 4851 1180 4898 autem
1212 4841 1469 4898 Christus
1520 4843 1686 4898 etiam
1741 4843 1811 4899 ab
1855 4843 1937 4898 eis

353 4936 692 5000 discesserit,
717 4935 958 4991 ostendit
981 4935 1177 4998 Moses,
1202 4936 1295 5004 qui
1323 4933 1742 4989 tabernaculum
1781 4949 1943 4989 suum

354 5036 511 5081 extra
552 5034 732 5082 castra
778 5023 1060 5082 transfert.
1083 5024 1247 5095 339
1263 5024 1515 5079 Christus
1551 5024 1699 5078 enim
1734 5024 1946 5080 relictis

353 5116 669 5172 Iudaeorum
711 5118 909 5183 turbis,
952 5124 1117 5187 atque
1157 5118 1379 5171 illorum
1406 5115 1763 5171 multitudine
1803 5131 1945 5186 quo-

316 5256 319 5259 ,
356 5210 649 5263 dummodo
682 5210 897 5266 deserta
926 5251 940 5275 ,
982 5209 1303 5281 longissime
1356 5209 1427 5264 ab
1456 5208 1537 5265 eis
1580 5208 1895 5279 demigrans
1927 5249 1942 5274 ,

356 5301 746 5356 inconcussum
778 5303 1197 5357 tabernaculum
1246 5299 1548 5357 Ecelesiam
1573 5301 1819 5371 gentium
1847 5300 1944 5356 de-

357 5394 592 5467 signavit
631 5413 644 5447 :
694 5410 859 5464 quam
907 5396 1072 5449 etiam
1118 5408 1275 5450 suam
1305 5392 1582 5448 aﬁirmans
1612 5409 1715 5463 per
1748 5405 1941 5448 vocem

355 5487 660 5544 Psalmistaa
689 5488 793 5543 ista
819 5489 938 5542 ait:
978 5507 997 5537 ‹
1050 5488 1152 5543 Hic
1177 5488 1461 5551 habitabo,
1503 5486 1764 5557 quoniam
1801 5486 1942 5557 elegi

356 5575 565 5630 eam".
605 5595 622 5629 ι
659 5575 962 5646 Oportebat
987 5576 1155 5647 igitur
1183 5590 1279 5631 eos
1326 5576 1421 5646 qui
1450 5591 1560 5631 non
1592 5575 1797 5630 habent
1817 5576 1945 5631 Em-

359 5668 669 5725 manuelem
707 5667 860 5725 illum
890 5668 1078 5739 gloriae
1102 5668 1416 5731 Dominum,
1448 5668 1681 5738 posthac
1699 5669 1942 5740 conspici

430 5799 476 5830 ’θ
506 5798 612 5856 lsa.
650 5817 708 5864 κ,
746 5799 858 5866 22;
903 5797 1063 5854 Rom.
1111 5814 1182 5861 ix,
1224 5796 1321 5854 26.
1368 5798 1410 5829 τι
1454 5797 1809 5863 Psal.cxxxt,
1857 5798 1938 5854 Μ.

2062 2376 2301 2445 ρήσομεν
2327 2375 2384 2428 δὲ
2413 2377 2540 2437 τοὺς
2555 2376 2616 2440 ἐξ
2650 2376 2864 2445 Ἰσραὴλ
2895 2376 2962 2428 τὰ
2986 2375 3076 2427 ἴσα
3101 2373 3501 2443 τετολμηκότας
3530 2372 3629 2442 (Ι),

2052 2466 2141 2518 ὅτε
2160 2465 2282 2519 καθ’
2299 2466 2446 2536 ἡμᾶς
2465 2466 2687 2535 γέγονεν
2708 2465 2805 2519 ἄνθ
2814 2481 2992 2535 ρωπος
3012 2467 3041 2517 ὁ
3061 2465 3394 2533 Μονογενής.
3417 2462 3634 2516 Ἐκάλει

2061 2555 2162 2626 μέν
2187 2554 2296 2626 γὰρ
2325 2557 2404 2617 είς
2429 2554 2705 2625 βασιλείαν
2726 2554 2993 2626 οὐρανῶν,
3027 2555 3171 2609 καθὰ
3207 2555 3374 2608 πάλαι
3401 2554 3486 2608 διὰ
3510 2555 3639 2608 Μω-

2058 2647 2195 2710 σέως
2247 2648 2326 2710 είς
2368 2646 2467 2715 τὴν
2485 2646 2587 2717 γῆν
2609 2646 2710 2715 τῆς
2730 2645 3083 2715 ἐπαγγελίας,
3110 2645 3494 2716 ἐλευθερώσειν
3531 2643 3635 2717 [δὲ]

2054 2737 2422 2809 ἐπηγγέλλετο
2454 2739 2578 2800 τοὺς
2608 2739 2688 2797 είς
2711 2736 2871 2790 αὑτὸν
2904 2737 3275 2801 πιστεύοντας.
3310 2735 3635 2805 Ἡλευθέρου

2053 2829 2162 2901 γάρ
2222 2830 2317 2883 καὶ
2361 2829 2491 2893 τοὺς
2540 2828 2599 2892 ἐξ
2644 2827 2879 2898 αἵματος
2939 2829 3155 2900 Ἰσραὴλ
3210 2829 3309 2898 τῆς
3360 2826 3634 2895 Αἰγύπτου

2054 2922 2366 2987 πλεονεξίας
2396 2919 2868 2988 καταδεξαμένους
2897 2923 2954 2975 ὲν
2985 2920 3165 2974 πίστει
3193 2918 3288 2989 τὴν
3309 2919 3375 2971 δι’
3403 2918 3635 2987 αἵματος

2056 3016 2352 3087 σωτηρίαν.
2386 3013 2662 3067 Τεθύκασι
2694 3013 2806 3081 γὰρ
2833 3012 2925 3067 τὸν
2973 3011 3168 3082 ἀμνὸν,
3209 3013 3287 3074 ὡς
3323 3012 3381 3064 ἐν
3407 3009 3633 3071 ,τότ-τοις,

2051 3108 2132 3161 ἔτι
2167 3108 2263 3161 τοῦ
2306 3105 2545 3179 Χριστοῦ
2595 3106 2931 3179 πληροῦντος
2960 3105 3020 3158 τὸ
3059 3104 3377 3177 μυστήριον.
3421 3100 3560 3154 Ἀλλ’
3587 3103 3637 3156 οἱ

2053 3200 2216 3269 νόμον
2250 3199 2465 3269 ἔχοντες
2493 3199 2585 3251 τὸν
2625 3197 3079 3266 παιδαγωγοῦντα
3120 3194 3299 3258 καλῶς
3332 3193 3422 3247 διὰ
3472 3193 3637 3256 σκιᾶς

2052 3291 2149 3344 καὶ
2176 3290 2363 3344 τύπων
2394 3291 2489 3343 ἐπὶ
2514 3291 2769 3361 Χριστὸν,
2804 3289 2835 3359 ἢ
2864 3289 2991 3352 τοὺς
3025 3288 3121 3341 τοῦ
3152 3288 3397 3348 Μωσέως
3434 3285 3548 3339 ἀνω
3573 3301 3635 3339 τε

2052 3383 2149 3437 καὶ
2180 3382 2332 3435 κάτω
2366 3383 2752 3453 προϊσχόμενοι
2793 3380 3006 3449 λόγους,
3053 3379 3151 3431 καὶ
3194 3376 3358 3430 αὐτοῦ
3391 3376 3634 3438 Μωσέως

2049 3473 2406 3543 ὴφειδηκότες
2473 3471 2813 3543 (ετράποντο
2858 3470 2968 3541 γὰρ
3012 3472 3091 3532 είς
3143 3467 3492 3521 διδασκαλίαν
3535 3463 3634 3519 καὶ

2050 3564 2365 3635 ἐντάλματα
2409 3563 2759 3633 ἀνθρώπων).
2805 3563 2904 3633 τῆς
2936 3562 3041 3615 ὑπὸ
3075 3560 3198 3630 Θεῷ
3239 3560 3495 3630 λατρείας
3525 3560 3635 3613 ἀπο

2050 3653 2287 3705 εσείοντο
2318 3655 2409 3705 τὸν
2440 3651 2627 3719 ζυγόν.
2645 3652 3003 3722 Προσήκαντο
3032 3649 3139 3721 γὰρ
3171 3650 3422 3719 οὐδαμῶς
3446 3649 3537 3701 τὸν
3564 3647 3633 3701 δι’

2049 3735 2111 3796 οῦ
2159 3741 2268 3793 τῶν
2306 3741 2443 3794 ὅλων
2476 3743 2687 3811 κρατεῖ,
2735 3742 2982 3794 τουτέστι
3024 3740 3279 3812 Χριστόν.
3322 3741 3433 3792 Καὶ
3463 3737 3549 3802 τίς
3596 3739 3632 3808 ἡ

2052 3834 2355 3905 πρόφασιςς
2401 3831 2820 3885 Ἀπονενεύκασι
2845 3832 2955 3903 γὰρ
2983 3833 3064 3896 εἰς
3092 3832 3307 3903 ἀπάτην
3340 3828 3631 3899 κοσμικὴν,

2049 3927 2143 3980 καὶ
2172 3925 2268 3987 τὰς
2301 3926 2360 3978 ἐν
2388 3923 2524 3994 τῷδε
2555 3922 2633 3993 τῷ
2665 3922 2763 3994 βίῳ
2795 3924 3013 3995 τέρψεις
3037 3924 3136 3993 τῆς
3167 3920 3633 3994 προύργιεστέρας

2048 4018 2327 4073 ποιοῦνται
2370 4014 2635 4089 σπουδῆς,
2685 4018 3196 4090 προσκεκρούκασιν
3248 4017 3492 4078 εἰκότως.
3526 4014 3633 4066 Κε-

2048 4111 2309 4183 κλημένοι
2347 4110 2456 4180 γὰρ
2490 4111 2571 4173 εἰς
2607 4111 2733 4172 τοὺς
2777 4111 3009 4179 γάμους,
3057 4109 3157 4163 οὐκ
3202 4107 3392 4178 ἤθελον
3430 4104 3629 4167 ἐλθεῖν,

2048 4201 2287 4271 γυναίων
2311 4217 2373 4254 τε
2397 4202 2490 4254 καὶ
2515 4202 2702 4272 ἀγρῶν
2727 4202 3115 4275 προῖσχόμενοι
3144 4200 3390 4270 κτήσεις.
3424 4199 3534 4252 Καὶ
3562 4190 3631 4268 ἦν

2051 4292 2267 4364 μὲνῆδη
2287 4291 2498 4362 καιρὸς,
2522 4291 2842 4355 δυσσεϐείας
2859 4294 2938 4355 εἰς
2966 4292 3085 4345 τόδε
3114 4288 3629 4359 κατολισθήσαντες,

2046 4380 2146 4452 τὴν
2174 4383 2254 4444 εἰς
2285 4383 2430 4435 ἅπαν
2474 4382 2643 4453 ὀργὴν
2674 4383 2967 4452 ὑπομεῖναι
3014 4382 3106 4434 τὸν
3172 4377 3411 4449 Ἰσραήλ.
3471 4377 3629 4431 Ἀλλὰ

2046 4473 2158 4526 τῶν
2184 4472 2352 4540 ἁγίων
2386 4473 2531 4527 λιταὶ
2562 4472 2833 4526 σεσώκασι
2863 4473 2925 4526 τὸ
2954 4472 3335 4540 κατάλειμμα·
3382 4469 3520 4541 πλὴν
3550 4471 3628 4532 είς

2051 4562 2280 4626 πολλοὺς
2311 4566 2344 4633 ἡ
2373 4564 2518 4635 δίκη.
2557 4564 2886 4617 Πεπτώκασι
2932 4565 3062 4635 γὰρ,
3093 4563 3385 4635 μαχαίραις
3408 4564 3502 4616 καὶ
3531 4578 3627 4614 πο-

2047 4655 2201 4727 λέμῳ
2243 4653 2428 4725 πικρῷ
2476 4655 2878 4725 δαπανώμενοι,
2926 4654 3199 4723 ἐγνώκασι
3247 4655 3400 4725 μόλις
3441 4654 3523 4707 ὅτι
3572 4655 3627 4707 ἐν

2047 4749 2231 4809 αὐτοῖς
2254 4745 2522 4813 ἐκϐέϐηκε
2551 4746 2723 4799 κακοῦ
2759 4747 2858 4817 τῆς
2878 4747 2959 4809 εἰς
2986 4745 3222 4815 Χριστὸν
3248 4745 3535 4814 παροινίας
3560 4746 3626 4807 ¹τὰ

2047 4838 2389 4908 ἐγκλήματα.
2433 4836 2897 4907 Ἀποϐεϐληκότες
2933 4838 2990 4890 δέ
3025 4836 3216 4908 ὥσπερ
3254 4838 3351 4908 τῆς
3396 4836 3625 4907 ἀρχαίας

2042 4931 2261 5000 ἐκείνης
2288 4930 2539 4994 εὐκλείας
2566 4933 2667 5001 τὴν
2705 4930 3055 5002 περιστολὴν,
3081 4930 3175 4996 καὶ
3216 4930 3397 4984 πάντα
3426 4929 3633 4998 κόσμον

2042 5019 2434 5091 πνευματικὸν,
2468 5020 2601 5074 πολὺ
2629 5019 2847 5073 νοσοῦσι
2865 5021 2926 5073 τὸ
2948 5020 3137 5091 ἄχαρι,
3166 5020 3262 5074 καὶ
3299 5019 3499 5090 γυμνοὶ
3531 5018 3631 5088 μὲν

2040 5112 2261 5182 ἁπάσης
2300 5111 2600 5165 διατελοῦσι
2644 5112 2824 5183 δόξης.
2870 5115 2992 5167 ’Ὁτι
3034 5112 3088 5166 δὲ
3128 5115 3222 5167 καὶ
3250 5114 3413 5177 αὐτὸς
3450 5112 3632 5167 αὐτῶν

2042 5209 2485 5280 ἁποπεφοίτηκεν
2501 5210 2530 5261 ὁ
2549 5209 2804 5280 Χριστὸς,
2832 5208 3386 5281 ὁπέφηνενόΜωσῆς,
3412 5208 3632 5279 μακρὰν

2042 5301 2143 5373 τῆς
2178 5301 2534 5374 παρεμϐολῆς
2567 5300 2829 5371 μεθιστὰς
2864 5302 2962 5372 τὴν
2997 5300 3194 5356 ἑαυτοῦ
3225 5301 3432 5372 σκηνὴν
3460 5316 3619 5353 κατα·

2042 5391 2483 5465 λελειμὶμῖένην.
2507 5393 2630 5457 [Ιῶς
2647 5394 2757 5464 γὰρ
2786 5394 3065 5465 ὁΧριστὸς
3097 5392 3195 5456 τὰς
3220 5392 3329 5446 τῶν
3357 5393 3629 5447 Ἰουδαίων

2044 5485 2265 5554 ἀγέλας,
2296 5486 2413 5557 ἢτοι
2450 5486 2549 5549 τὰς
2578 5485 2948 5556 παρεμϐολὰς,
2980 5487 3075 5541 καὶ
3104 5486 3203 5556 τῆς
3236 5483 3461 5538 ἐκείνων
3493 5484 3619 5554 πλη-

2043 5577 2171 5641 θύος
2185 5576 2647 5649 αποδεδραμηκὼς
2668 5578 2869 5649 τρόπον
2884 5579 3004 5632 τινὰ
3028 5579 3118 5632 καὶ
3135 5578 3394 5632 ἀπατάτω
3413 5578 3635 5650 χωρῶν,

2046 5668 2253 5742 σκηνὴν
2296 5670 2694 5724 ἀκατάσειστον
2740 5670 2840 5741 τὴν
2868 5670 2927 5736 ἐξ
2962 5668 3132 5724 ἐθνῶν
3178 5669 3475 5736 ἀνέδειξεν.
3515 5670 3639 5724 Ἐκρ

426 5893 505 5956 (Ι)
535 5892 714 5950 Codex
757 5893 1072 5949 llarlzeauus
1100 5891 1264 5959 addit,
1306 5892 1397 5947 καὶ
1424 5889 1629 5963 ἀδελφὰ
1666 5892 1948 5959 πεπλημμε

2053 5891 2216 5957 ιότας,
2259 5907 2378 5964 quae
2418 5891 2579 5948 etiam
2614 5888 2838 5945 reddidit
2868 5887 3159 5959 interpres.

502 6134 545 6189 ἡ
