4060 6450
444 397 554 473 τοδε,

1469 401 1990 458 ϐιΑΡῐίὶἫοῐίυΜ
2029 401 2098 457 IN
2139 398 2428 456 EXODUM
2471 398 2600 454 LIB.
2643 399 2729 453 III.

3627 396 3735 453 εει

446 515 675 586 κλησίαν
694 530 707 543 ·
737 514 804 587 ἦν
833 516 931 569 καὶ
963 514 1101 570 ίδίαν
1122 512 1284 579 αὐτὸς
1317 512 1653 582 ἀποεραίνων.
1688 512 1783 566 διὰ.
1811 515 1910 583 τῆς
1942 511 2037 565 τοῦ

2152 511 2314 584 gloria
2355 520 2410 566 et
2437 510 2636 565 decore
2678 507 2974 581 spoliatos;
3024 522 3120 561 eos
3149 514 3334 560 autem
3368 505 3464 575 qui
3496 504 3735 575 diligunt

445 604 759 669 Ψάλλοντος
798 605 985 674 φωνῆς
1017 598 1121 659 ὧδέ
1150 604 1253 657 πού
1285 618 1448 674 φησι*
1489 621 1507 655 ι
1539 599 1669 656 Ὧδε
1702 602 2037 674 κατοικήσω,

443 696 526 749 ὅτι
558 696 905 773 ᾑρετισάμην
937 696 1135 766 αὐτήν.
1156 713 1175 747 ι
1205 696 1357 748 Ἔδει
1384 694 1564 748 τοίνυν
1588 694 1681 748 καὶ
1710 692 2041 764 κόσμουκαὶ

443 786 604 856 δόξης
674 786 906 856 δρᾶσθαι
956 785 1144 839 λοιπὸν
1194 784 1706 858 ἀπημφιεσμένους,
1760 786 1885 849 τοὺς
1939 785 2041 837 οὐκ

444 873 666 944 ῐχοντας
699 874 792 928 τὸν
836 874 1209 947 Ἐμμανουήλ,
1229 873 1323 927 τὸν
1367 874 1468 945 τῆς
1495 874 1652 945 δόξης
1692 872 1919 945 Κύριον,
1946 872 2041 926 τὸν

448 967 557 1029 τοῖς
598 964 891 1032 ἀγαπῶσιν
923 964 1108 1025 αὐτὸν.
1152 964 1244 1019 τὸν
1286 964 1350 1017 ὲκ
1403 954 1653 1028 πίστεως
1692 964 1786 1018 καὶ
1830 962 2042 1035 ἀρετῶν

452 1055 798 1125 περιτιθέντα
828 1055 1053 1126 κόσμον·
1088 1056 1163 1118 ὡς
1194 1054 1287 1108 ἐπὶ
1325 1053 1502 1127 τούτῳ
1538 1056 1603 1126 δὴ
1628 1054 1749 1108 λίαν
1777 1053 2042 1127 ἡσθέντας

451 1149 652 1201 εἰπεῖν’
698 1166 717 1200 ι
779 1147 1153 1217 Ἀγαλλιάσθω
1182 1149 1216 1219 ἠ
1252 1148 1398 1219 ψυχή
1449 1166 1552 1219 μου
1586 1148 1681 1200 ἐπὶ
1716 1146 1795 1218 τῷ
1827 1146 2041 1218 Κυρίῳ.

462 1240 712 1296 Ἐνέδυσε
748 1243 858 1313 γάρ
895 1260 963 1314 με
993 1243 1208 1314 ἱμάτιον
1242 1243 1534 1316 σωτηρίου,
1562 1246 1657 1299 καὶ
1699 1244 1903 1315 χιτῶνα
1945 1244 2039 1297 εὐ-

2136 601 2339 673 ipsum,
2370 599 2711 656 ornamentis
2742 596 2865 651 lidei
2894 606 2952 652 et
2976 596 3195 651 virtutis
3221 596 3446 651 indutos
3473 602 3734 664 tanquam

2136 693 2205 749 de
2236 708 2306 749 eo
2347 692 2708 747 vehementer
2743 689 2965 761 gavisos
3000 699 3222 759 oportet
3262 687 3451 743 dicere
3486 704 3499 740 :
3556 706 3574 738 ι
3624 686 3734 741 Ex-

2136 785 2300 845 sulta,
2338 783 2522 838 anima
2546 796 2689 846 mea,
2719 781 2773 835 in
2788 779 3042 834 Domino.
3063 777 3248 833 Induit
3268 776 3415 832 enim
3442 792 3529 831 me
3563 774 3736 830 vesti-

2137 883 2324 931 mento
2380 872 2575 928 salutis
2633 881 2690 928 et
2753 870 3094 927 indumentis
3173 868 3397 924 ltetitiac.
3448 867 3735 937 Tanquam

2141 981 2343 1038 sponso
2366 964 2629 1035 imposuit
2654 963 2788 1018 mihi
2818 977 3098 1025 coronam,
3117 970 3174 1017 et
3198 970 3457 1031 tanquam
3475 973 3733 1029 sponsam

2140 1056 2433 1115 exornavit
2486 1072 2574 1113 me
2601 1057 2647 1087 ⁷³
2697 1074 2716 1107 ι
2778 1053 3140 1109 Pulehritudo
3186 1052 3337 1108 enim
3378 1052 3493 1108 lucc
3528 1050 3734 1107 eximia

2138 1160 2302 1221 atque
2326 1149 2557 1220 insignis
2570 1156 2674 1212 est,
2701 1145 3065 1217 intelligibilis
3080 1145 3345 1201 nimirum
3370 1145 3482 1210 illa,
3501 1159 3623 1214 qua:
3646 1150 3732 1198 est

2136 1244 2193 1299 in
2215 1243 2459 1307 Christo,
2485 1257 2585 1312 per
2607 1254 2773 1311 quem
2813 1247 2869 1294 et
2896 1253 3021 1293 cum
3052 1253 3164 1309 quo
3196 1246 3282 1293 est
3318 1236 3490 1309 gloria
3518 1237 3632 1292 Deo
3674 1243 3732 1290 et

430 1334 744 1422 IQPOGlJV‘QC.
790 1335 875 1399 Ὠς
916 1336 1134 1407 νυμφίῳ
1180 1336 1475 1410 περιέθηκέ
1521 1353 1611 1407 μοι
1670 1339 1889 1408 μίτραν,
1939 1336 2033 1391 καὶ

2152 1336 2284 1394 Patri
2307 1350 2430 1391 cum
2451 1334 2660 1406 Spiritu
2678 1332 2932 1389 sanctoin
2953 1332 3150 1388 saecula
3164 1318 3519 1388 saeculorum.
3535 1329 3732 1388 Amen.

432 1426 522 1507 ib;
540 1426 762 1498 νύμφην
793 1427 1175 1499 κατεκόσμησε
1218 1446 1285 1500 με
1324 1428 1537 1500 κόσμῳ.
1571 1446 1589 1480 ι
1634 1428 1945 1501 Ἐκπρεπὲς
1998 1428 2110 1500 γὰρ
2146 1429 2210 1500 δὴ
2237 1428 2359 1482 λίαν
2390 1430 2451 1481 τὸ
2479 1426 2697 1493 κάλλος,
2725 1425 2884 1498 δῆλον
2916 1424 2974 1479 δὲ
2998 1425 3079 1479 ὅτι
3107 1424 3167 1479 τὸ
3195 1425 3254 1478 ἐν
3288 1423 3514 1497 Χριστῷ
3531 1425 3593 1480 τδ
3613 1438 3736 1493 νοη-

448 1518 539 1571 τὸν
558 1535 572 1549 ·
603 1517 669 1571 δι’
704 1511 766 1571 οὗ
794 1518 890 1571 καλ⁹
916 1518 1033 1589 μεθ’
1061 1513 1121 1573 οὗ
1150 1517 1227 1589 τῷ
1251 1517 1371 1589 Θεῷ
1388 1520 1482 1572 καὶ
1513 1518 1688 1591 Πατρὶ
1721 1520 1753 1589 ἡ
1787 1519 1913 1587 δόξα
1935 1520 2030 1572 σὺν
2070 1519 2211 1590 ἁγίῳ
2245 1518 2526 1590 Πνεῦματι
2551 1516 2647 1571 νῦν
2680 1517 2775 1572 καὶ
2834 1517 2941 1577 ἀεὶ.
2969 1517 3062 1570 καὶ
3103 1517 3182 1580 είς
3208 1514 3337 1578 τοὺς
3366 1513 3567 1579 αἰῶνας
3627 1514 3737 1569 τῶν

451 1609 682 1666 αἰώνων.
725 1608 919 1681 Ἀμήν.

452 1723 593 1793 Περὶ
625 1721 730 1778 τοῦ
772 1723 1168 1794 καλύμματος
1207 1725 1313 1801 τοῦ
1345 1726 1416 1780 ἐν
1458 1727 1538 1794 τῷ
1574 1728 1876 1801 προσώπῳ
1905 1733 2038 1786 Μω-
2070 1719 2112 1773 Β

1154 1794 1331 1862 σέως.

526 1923 545 1955 c
587 1897 735 1973 Ἀρά
763 1920 827 1973 γε
857 1903 1146 1972 γινώσκεις
1174 1905 1214 1962 ἃ.
1233 1908 1661 1978 ἀναγινώσκεις;
1685 1931 1704 1963 ι
1734 1912 1943 1985 Πρέποι
1972 1914 2040 1970 ἂν

449 1994 675 2053 εἰκότως
695 1995 811 2058 τοῖς
845 1993 1113 2050 Ἰουδαίων
1133 1996 1562 2068 ἐπιφθέγγεσθαι
1595 2000 1658 2072 δή
1667 2018 1809 2073 μοις.
1832 2002 1882 2055 οἳ
1902 2002 2041 2075 πρὸς

448 2085 609 2141 τοῦτο
638 2085 799 2157 ἥκειν
848 2086 1194 2158 ἀποπληξίας
1226 2091 1469 2161 νοηθεῖεν
1511 2092 1600 2156 ἃν,
1640 2094 1718 2158 ῶς
1750 2094 2042 2167 ἀκαρδίους

450 2177 638 2233 λοιπὸν
686 2178 842 2247 παρά
900 2195 964 2248 γε
1015 2181 1130 2244 τοῖς
1197 2181 1363 2253 ἱεροῖς
1417 2184 1784 2255 ὀνομάζεσθαι
1833 2186 2046 2257 λόγοις.

456 2290 475 2322 ι
498 2270 632 2325 ’ἰδοὺ
660 2268 792 2342 γὰρ,
817 2270 974 2342 φησὶ,
1005 2270 1134 2336 λαὸς
1165 2273 1348 2344 μωρὸς
1372 2275 1469 2329 καὶ
1499 2275 1780 2348 ἀκάρδιος.
1807 2278 2041 2346 Ὀφθαλ-

454 2362 554 2433 μὸς
583 2362 791 2428 αὐτοῖς,
824 2365 919 2418 καὶ
949 2365 1009 2419 οὐ
1040 2364 1331 2434 βλέπουσιν
1356 2383 1372 2397 ’
1405 2361 1519 2423 ὦτα
1561 2370 1766 2435 αὐτοῖς,
1800 2371 1897 2426 καὶ
1938 2371 2045 2426 οὐκ

451 2450 764 2507 ἀκούονται.
810 2471 830 2505 ι
861 2454 986 2508 Ὅτι
1008 2454 1066 2509 δὲ
1092 2456 1351 2525 ἀνόνητος
1379 2459 1661 2524 παντελῶς
1688 2461 1841 2517 καὶό
1877 2462 2042 2535 νόμος

450 2542 636 2606 αὐτοῖς
671 2544 900 2613 γέγονεν
930 2546 959 2599 6
998 2546 1087 2601 διὰ
1134 2549 1404 2615 Μωσέως,
1450 2551 1540 2606 διὰ
1571 2552 1638 2606 τὺ
1669 2553 1770 2626 τῆς
1810 2554 2041 2626 ἐνούσης

453 2634 641 2698 αὐτοῖς
669 2635 966 2702 ἀσυνεσίας
993 2639 1233 2709 μέγεθος
1276 2641 1369 2695 καὶ
1397 2641 1561 2707 αὐτὸς
1588 2645 1720 2715 ἡμῖν
1747 2646 1777 2698 6
1804 2645 2043 2718 Χριστὸς

455 2723 742 2795 παρέδειξε
774 2725 950 2795 λέγων
971 2744 985 2758 ο
1014 2747 1033 2780 ι
1058 2730 1346 2800 Ἐρευνᾶτε
1372 2731 1471 2797 τὰς
1494 2733 1743 2805 Γραφάς,
1777 2733 1921 2809 [καὶ]
1956 2737 2041 2791 ὅτι

456 2817 615 2887 ὑμεῖς
655 2814 867 2870 δοκεῖτε
906 2821 968 2874 ὲν
1010 2821 1205 2887 αὐταῖς
1247 2822 1394 2896 ζωὴν
1443 2824 1663 2881 αίὼνιον
1715 2826 1880 2898 ἔχειν.
1929 2828 2042 2884 Καὶ

455 2907 662 2963 ἐκεῖναί
687 2912 826 2965 εἰσιν
851 2912 908 2964 αί
948 2913 1323 2985 μαρτυροῦσαι
1357 2916 1489 2987 περὶ
1531 2916 1702 2989 ἐμοῦ..
1723 2917 1836 2972 Καὶ
1863 2918 1926 2972 οὐ
1949 2917 2042 2972 θέ-

453 2998 572 3054 λετε
596 3000 773 3055 ἐλθεῖν
799 3001 935 3073 πρός
969 3020 1058 3075 με,
1093 3004 1182 3058 ἵνα
1205 3004 1353 3078 ζωὴν
1384 3007 1566 3077 ἔχητε.
1597 3027 1615 3060 ι
1651 3007 1917 3080 Πώρωσις
1939 3009 2042 3080 μὲν

453 3094 565 3165 γὰρ
608 3094 718 3148 ἀπὸ
760 3093 962 3167 μέρους
1007 3095 1226 3165 ἐγένετο
1269 3095 1349 3169 τῷ
1395 3098 1631 3170 Ἰσραὴλ,
1685 3102 1781 3154 καὶ
1818 3100 1907 3155 διὰ
1949 3100 2046 3156 τοῦ

458 3186 769 3258 πνεύματος
801 3187 1084 3258 φωτισμὸν
1118 3189 1221 3244 οὐκ
1247 3188 1486 3261 ἔχοντες,
1516 3190 1741 3264 ὀκνηροί
1781 3192 1881 3264 μὲν
1905 3188 2048 3266 ἦσαν

456 3279 586 3348 περὶ
619 3278 719 3349 τὴν
762 3278 976 3345 πίστιν,
1012 3280 1513 3352 δυσμετακόμιστοι
1569 3282 1626 3337 δὲ
1663 3284 1861 3355 κομιδῇ
1908 3284 2049 3355 πρὸς

455 3368 518 3422 τὸ
540 3368 652 3422 δεῖν
673 3368 897 3423 ἑλέσθαι
922 3370 1020 3424 καὶ
1041 3374 1261 3443 φρονεῖν
1290 3371 1362 3426 τὰ
1376 3373 1456 3436 είς
1480 3374 1757 3445 σωτηρίαν
1779 3375 2048 3447 χρήσιμα.

471 3461 611 3514 Ἀλλ’
642 3460 744 3515 οῦκ
776 3460 885 3529 ἔξω
906 3461 1063 3533 δίκης
1089 3458 1203 3517 εἷεν
1237 3462 1325 3528 ἂν,
1358 3463 1460 3524 ὅτι.
1501 3464 1641 3535 μετὰ
1666 3466 1727 3519 τὸ
1745 3465 1959 3521 ἑλέσθαι
1988 3465 2051 3522 τὺ

457 3551 724 3621 ὠφελοῦν.
741 3552 1041 3625 ἐτράποντο
1060 3553 1260 3625 μᾶλλον
1278 3556 1356 3619 είς
1373 3554 1729 3626 ἀνουθέτητον
1747 3556 2049 3613 ἀπείθειανο

460 3646 556 3699 καὶ
582 3644 644 3698 τὸ
674 3645 792 3714 φῶς
814 3644 1031 3716 ἔχοντες
1052 3646 1114 3699 τὸ
1139 3646 1198 3713 ἐξ
1219 3646 1452 3717 οὐρανοῦ
1476 3649 1570 3701 καλ⁵
1591 3646 1819 3712 ἀνωθεν,
1836 3648 2056 3723 ἠγάπη-

464 3750 565 3788 σαν
593 3734 793 3806 μᾶλλον
822 3735 884 3788 τὸ
913 3734 989 3799 ὠς
1016 3737 1074 3789 ὲν
1095 3736 1253 3790 νυκτὶ
1285 3735 1521 3807 βαδίζειν
1542 3738 1638 3791 καὶ
1655 3737 1852 3811 σκότῳ.
1882 3739 2054 3795 Τοῦτο

463 3826 561 3880 καὶ
614 3827 644 3880 6
688 3829 977 3898 προφήτης
1028 3827 1390 3900 ὑπεσήμηνεν
1436 3829 1611 3899 λέγων
1665 3831 1795 3903 περὶ
1841 3829 2049 3885 αὐτῶνθ

468 3939 488 3973 ι
537 3920 978 3992 ’Υπομεινάντων
1000 3920 1180 3975 αὐτῶν
1212 3921 1349 3991 φῶς,
1373 3922 1592 3993 ἐγένετο
1614 3923 1800 3988 αὐτοῖς
1828 3923 2018 3989 σκότος
2035 3942 2050 3957 ’

465 4012 750 4086 μείναντες
782 4011 978 4083 αὐγὴν,
1013 4014 1072 4066 ὲν
1105 4012 1285 4085 ἀωρία
1319 4013 1759 4086 περιεπάτησαν.
1802 4034 1821 4067 ι
1864 4015 2055 4086 Meps-

465 4106 793 4188 νήκασιγάρ
816 4110 1038 4179 τραχεῖς
1065 4108 1159 4161 καὶ
1189 4106 1417 4179 ἐξήνιοι,
1446 4108 1543 4163 καὶ
1563 4108 1744 4175 ὀλίγου
1775 4107 2055 4172 παντελῶς

465 4197 747 4263 ἀξιοῦντες
777 4198 937 4267 λόγου
991 4198 1059 4252 τὰ
1104 4197 1384 4271 λυσιτελῆ.
1421 4199 1518 4253 καὶ
1546 4199 1616 4253 δι’
1657 4192 1737 4253 ῶν
1778 4199 1927 4264 είκὶς
1962 4199 2056 4253 καὶ

464 4286 582 4343 λίαν
611 4288 853 4360 ἀμογητί
896 4287 1178 4360 διαδρᾶναι
1220 4289 1281 4343 τὸ
1329 4288 1572 4345 ἀδικοῦν.
1622 4287 1924 4359 Ἐπεφὼνει
1953 4287 2056 4361 μὲν

2514 1724 2591 1780 De
2617 1723 2878 1780 velamine
2906 1726 2963 1781 in
2995 1724 3129 1794 faeie
3160 1722 3320 1780 Hosis

2220 1931 2236 1959 ι
2260 1909 2500 1964 Putasne
2526 1924 2649 1979 qua:
2668 1909 2828 1981 legis,
2861 1910 3217 1983 intelligis"?
3238 1931 3258 1964 ι
3285 1910 3604 1967 Judaeorum
3634 1926 3736 1982 po-

2141 2000 2287 2071 pulis
2320 2000 2719 2056 convenienter
2742 1999 2852 2057 dici
2885 2009 3089 2071 potest,
3125 1999 3221 2071 qui
3256 2016 3325 2057 eo
3355 2001 3601 2071 stuporis
3637 2016 3737 2056 vc-

2141 2091 2290 2148 nisse
2321 2100 2654 2157 cernuntur,
2687 2100 2749 2146 ut
2775 2093 3044 2148 excordes
3076 2093 3132 2147 in
3171 2092 3345 2149 sacris
3369 2092 3598 2148 Litteris
3634 2108 3738 2148 no-

2141 2182 2445 2238 minentur.
2484 2202 2503 2235 r
2550 2182 2693 2239 Ecce
2725 2183 3123 2255 enim,inquit,
3165 2184 3404 2254 populus
3434 2184 3643 2240 stultus
3681 2194 3741 2241 et

2140 2289 2357 2330 excors.
2397 2273 2554 2330 Oculi
2599 2273 2769 2345 ipsis,
2792 2283 2851 2331 et
2878 2291 2990 2331 non
3038 2275 3264 2341 vident;
3305 2291 3469 2331 aures
3500 2276 3656 2346 ipsis,
3681 2284 3742 2333 et

2140 2381 2252 2422 non
2276 2366 2509 2422 audiunt
2528 2365 2597 2421 ⁷⁸.
2640 2384 2658 2418 ι
2692 2364 2851 2433 Quod
2867 2375 3052 2422 autem
3089 2367 3178 2424 lex
3206 2366 3372 2424 Mosis
3397 2382 3629 2438 prorsus
3654 2367 3741 2438 ἰρι-

2142 2457 2221 2513 sis
2255 2456 2422 2512 fuerit
2465 2455 2680 2511 inutilis
2708 2465 2948 2527 propter
2979 2472 3102 2512 eam
3134 2473 3258 2528 qua:
3295 2455 3379 2512 eis
3432 2457 3580 2513 inest
3603 2455 3743 2513 insi-

2140 2547 2365 2619 pientiae
2392 2546 2850 2619 magnitudinem,
2879 2548 3169 2619 ipscnobis
3190 2547 3448 2606 Christus
3475 2549 3742 2614 ostendit,

2141 2638 2333 2694 dicens
2365 2656 2381 2692 :
2436 2658 2454 2691 ι
2492 2638 2825 2695 Scrutamim
2860 2638 3217 2710 Seripturas,
3243 2640 3372 2710 quia
3403 2655 3502 2697 vos
3536 2641 3745 2711 putatis

2142 2729 2200 2786 in
2232 2729 2369 2801 ipsis
2398 2730 2568 2786 vitam
2614 2740 2882 2786 internata
2928 2730 3157 2786 habere.
3193 2730 3262 2785 Et
3295 2730 3404 2786 illae
3455 2739 3586 2786 sunt
3619 2746 3746 2801 qua:

2144 2821 2522 2877 testimonium
2547 2820 2846 2890 perhibent
2877 2821 2949 2877 de
2977 2836 3085 2876 me.
3119 2821 3310 2892 Neque
3333 2821 3502 2877 vultis
3554 2823 3746 2878 venire

2142 2908 2212 2967 ad
2240 2925 2350 2976 me,
2378 2917 2443 2966 ut
2478 2910 2730 2967 habeatis
2755 2910 2925 2965 vitam
2943 2911 3010 2966 ".
3054 2930 3073 2964 ι
3115 2907 3439 2970 Exceeeatus
3467 2913 3618 2969 enim
3657 2922 3749 2968 est

2143 3015 2215 3056 ex
2246 3009 2404 3071 parte
2436 3000 2628 3067 Israel,
2651 3009 2709 3057 et
2748 3000 3212 3058 illuminationem
3234 3002 3469 3074 spiritus
3501 3018 3612 3058 non
3650 3003 3751 3058 ha-

2153 3092 2370 3160 bentes,
2396 3092 2665 3150 tardiores
2683 3103 2813 3150 sunt
2835 3093 2905 3149 ad
2938 3093 3750 3167 credendum,_dillicillitncque

2167 3170 2463 3229 ﬂectuntur
2495 3186 2558 3229 ut
2586 3176 2794 3247 eligant
2821 3185 2878 3233 et
2913 3178 3134 3248 sapiant
3171 3195 3295 3249 quae
3328 3177 3649 3234 conducunt
3679 3177 3750 3233 ad

2167 3267 2401 3324 salutem
2431 3269 2499 3325 ".
2530 3267 2804 3325 Caeterum
2830 3271 2979 3326 haud
3012 3271 3259 3343 impune,
3322 3288 3447 3328 cum
3479 3270 3651 3340 aliqui
3696 3270 3750 3327 id

2163 3362 2312 3431 quod
2334 3364 2467 3419 utile
2490 3372 2577 3419 est
2603 3365 2860 3435 amplecti
2892 3365 3239 3432 debuissent,
3294 3368 3362 3420 ad
3395 3363 3754 3435 incorrigibi-

2163 3453 2270 3512 lem
2306 3454 2750 3512 incredulitatem
2785 3455 3238 3522 declinaverunt;
3267 3466 3323 3512 et
3376 3455 3643 3511 habentes
3667 3454 3753 3509 lu-

2164 3567 2290 3609 men
2325 3551 2573 3618 caeleste,
2611 3550 2787 3622 magis
2815 3561 3145 3608 amaverunt
3168 3550 3456 3607 ambulare
3484 3550 3539 3606 in
3589 3556 3752 3606 nocte

2164 3646 2292 3702 etin
2350 3644 2594 3701 tenebris
2636 3644 2704 3701 ⁷⁷.
2746 3644 2906 3712 Quod
2950 3654 3006 3701 et
3056 3645 3327 3716 propheta
3379 3639 3753 3700 subindicavil

2165 3739 2355 3795 dicens
2382 3757 2397 3795 :
2421 3738 2588 3813 340
2619 3758 2638 3792 ι
2672 3739 2809 3795 Cum
2842 3745 3257 3806 exspectassent
3285 3737 3486 3804 lucem,
3515 3734 3754 3792 tenebras

2165 3832 2247 3890 eis
2279 3831 2439 3888 factm
2474 3843 2625 3897 sunt,
2657 3841 3044 3903 exspectantes
3068 3831 3445 3902 splendorem,
3498 3830 3554 3884 in
3589 3838 3753 3884 nocte

2163 3926 2590 3984 ambulaverunt
2618 3927 2685 3982 ".
2725 3945 2746 3979 ι
2780 3925 3214 3982 Ρετπιιιιιεειιυηι
3252 3924 3403 3980 enim
3435 3921 3560 3979 duri
3585 3929 3754 3990 atque

2162 4020 2421 4086 eﬂ'renes,
2447 4036 2628 4091 neque
2666 4019 2835 4074 ullam
2894 4019 3125 4075 omnino
3172 4017 3426 4072 utilitatis
3476 4013 3749 4070 rationem

2164 4111 2501 4175 habuerunt,
2532 4119 2629 4167 aut
2653 4124 2843 4166 eorum
2872 4124 2969 4176 per
2993 4125 3116 4179 qua:
3144 4106 3397 4164 licuisset
3427 4105 3566 4177 ipsis
3587 4102 3752 4161 noxia

2163 4203 2423 4275 ell‘ugere.
2446 4202 2784 4259 lnelamabat
2808 4202 2954 4258 enim
2982 4200 3236 4258 Christus
3273 4216 3290 4264 ;
3319 4218 3339 4253 ι
3375 4196 3489 4269 Ego
3514 4211 3638 4252 sum
3658 4194 3751 4251 lux

2164 4296 2357 4354 mundi
2390 4296 2463 4351 "’.
2508 4313 2528 4347 ι
2559 4295 2627 4351 Et
2661 4311 2736 4349 τ’(
2779 4294 2918 4348 Dum
2974 4292 3152 4348 lucem
3180 4290 3422 4356 habetis,
3471 4287 3753 4345 ambulate

463 4382 573 4452 γὰρ
610 4383 640 4435 6
679 4380 950 4453 Χριστός⁹
987 4399 1006 4433 ι
1054 4379 1197 4450 Ἐγώ
1241 4382 1360 4452 εἰμι
1404 4382 1468 4436 τὸ
1497 4381 1615 4452 φῶς
1643 4382 1739 4436 τοῦ
1771 4381 2049 4448 κόσμου..)

2166 4392 2222 4447 in
2260 4391 2410 4455 luce,
2438 4401 2507 4445 ne
2565 4402 2666 4443 vos
2726 4386 2967 4442 tenebrae
3005 4382 3480 4453 comprehendant
3504 4380 3573 4440 ".
3611 4399 3631 4434 ι
3682 4380 3753 4436 At

467 4478 600 4542 Καὶ,
642 4496 662 4530 ι
693 4475 841 4540 Ἕως
881 4466 944 4530 οὗ
973 4474 1035 4529 τὸ
1076 4473 1195 4542 φῶς
1232 4474 1409 4545 εχετε,
1463 4476 1817 4547 περιπατεῖτε
1873 4475 1932 4528 ὲν
1976 4472 2050 4545 τῷ

2163 4497 2291 4540 vero
2312 4482 2405 4540 isti
2437 4496 2565 4538 cum
2597 4479 2811 4537 similes
2830 4484 3019 4535 essent
3068 4474 3382 4533 amentibus
3401 4489 3467 4531 ac
3490 4472 3751 4545 stupidis.

466 4568 628 4639 φωτὶ,
662 4566 751 4622 ἵνα
777 4568 852 4640 μὴ
891 4569 925 4637 ἡ
953 4568 1144 4622 σκοτία
1167 4567 1313 4638 ὑμᾶς
1346 4566 1646 4637 καταλάϐῃ.
1678 4584 1700 4617 ι
1728 4568 1790 4620 Ol
1820 4564 1880 4618 δὲ
1912 4559 2050 4637 ἦσαν

2161 4565 2232 4622 ab
2258 4564 2391 4635 ipsis
2425 4564 2674 4622 tenebris
2708 4565 3040 4637 apprehensi
3072 4576 3236 4632 sunt,
3287 4575 3346 4621 et
3389 4576 3648 4639 tanquam
3699 4569 3754 4624 in

466 4662 524 4714 ιν
556 4661 659 4731 ῖσῳ
685 4663 797 4724 τοῖς
829 4660 932 4713 οὐκ
975 4659 1161 4731 ἔχουσι
1201 4656 1347 4723 νοῦν,
1404 4657 1438 4730 ἢ
1483 4658 1709 4731 φρένας.
1765 4657 2055 4729 Τοιγάρτοι

467 4751 563 4806 καὶ
585 4752 1010 4823 κατελήφθησαν
1038 4750 1145 4805 ὑπὸ
1177 4750 1289 4820 τῆς
1323 4750 1568 4814 σκοτίας,
1594 4751 1691 4805 καὶ
1716 4748 2054 4804 διατελοῦσιν

468 4841 541 4905 ὡς
589 4844 649 4897 ἰν
694 4842 873 4905 νυκτὶ,
919 4840 1178 4913 ἁμέτοχοι
1210 4840 1489 4904 παντελῶς
1517 4840 1617 4911 τῆς
1664 4840 1814 4905 θείας
1852 4838 2081 4909 “07kt-

468 4933 561 4986 καὶ
590 4933 653 4987 τὸ
696 4932 815 5003 φῶς
849 4932 912 4985 τὸ
951 4931 1096 4985 θεῖον
1144 4931 1246 4984 οὐκ
1286 4930 1535 5003 ἔχοντες
1568 4933 1630 4986 οὐ
1679 4933 1893 4986 συνιᾶσι
1947 4930 2058 5001 γὰρ

472 5022 748 5087 παντελῶς
797 5021 897 5091 τὴν
932 5019 1289 5075 θεόπνευστον
1328 5020 1368 5073 Γ
1374 5022 1573 5092 ραιρήν.
1621 5021 1734 5075 Καὶ
1766 5021 1854 5075 διὰ
1898 5020 2059 5076 ποίαν

467 5116 670 5180 αἰτίαν,
718 5116 978 5185 σαφηνιεῖ
1006 5112 1182 5184 λέγων
1230 5114 1363 5185 ἡμῖν
1407 5114 1436 5166 ὁ
1468 5112 1755 5178 θεσπέσιος
1807 5112 2056 5178 Παῦλος·

472 5226 491 5260 ι
530 5209 695 5280 Ἄχρι
724 5207 834 5278 γὰρ
855 5207 956 5276 τῆς
991 5206 1235 5278 σήμερον
1269 5204 1484 5275 ἡμέρας
1521 5203 1582 5259 τὸ
1621 5204 1751 5259 αὐτὸ
1793 5205 2060 5277 κάλυμμα

466 5299 561 5355 επὶ
601 5302 666 5372 τῇ
707 5297 1014 5368 ἀναγνώσει
1050 5299 1150 5371 τῆς
1177 5296 1421 5361 Παλαιᾶς
1458 5295 1735 5369 Διαοήκης
1786 5296 1935 5366 μένει
1981 5296 2058 5368 μὴ

465 5391 989 5462 ἀνακαλυπτόμενον
1010 5428 1033 5455 ,η
1056 5390 1141 5444 ὅτι
1162 5390 1220 5443 ὲν
1240 5386 1463 5461 Χριστῷ
1497 5389 1877 5458 καταργεῖται.
1917 5387 2057 5441 Ἀλλ’

467 5484 574 5549 ἕως
609 5485 851 5556 σήμερον
882 5483 1048 5555 ἡνίκα
1072 5479 1510 5550 ἀναγινώσκεται
1532 5480 1761 5550 Μωσῆς,
1791 5479 2057 5551 κάλυμμα

467 5576 562 5630 ἐπὶ
599 5575 698 5649 τὴν
743 5574 973 5646 καρδίαν
1012 5573 1196 5629 αὐτῶν
1234 5575 1432 5629 κεῖται.
1487 5572 1681 5627 Ὶινίκα
1729 5572 1776 5626 δ’
1820 5571 1887 5626 ἂν
1936 5572 2056 5626 ἑπι-

545 5763 589 5792 τ’
632 5761 731 5816 Isa.
763 5778 869 5823 ut,
906 5760 994 5824 10,
1028 5761 1113 5814 Il.
1192 5759 1238 5791 ⁷³
1269 5758 1387 5813 Aet.
1431 5775 1542 5821 \'lll,
1580 5758 1666 5812 50.

475 5848 552 5890 ιιι.
595 5832 657 5887 Ill
788 5834 834 5864 ⁷⁸
884 5832 985 5886 I5u.
1035 5847 1141 5889 LIX.
1173 5830 1224 5886 9.

1745 5758 1791 5789 ⁷³
1839 5757 2041 5815 Jerem.
2096 5776 2148 5824 v,
2200 5760 2289 5815 2i.
2370 5763 2416 5793 ⁷⁸
2469 5761 2625 5817 Joan.
2684 5776 2735 5827 v,
2788 5759 2873 5816 59.

1322 5830 1367 5861 ⁷⁹
1397 5828 1552 5884 .Ioan.
1584 5845 1697 5893 vttt,
1742 5831 1826 5883 1‘2.
1908 5830 1951 5862 ³ο
1988 5829 2144 5895 Joan.
2177 5848 2271 5896 xu,
2303 5833 2391 5886 55.

2159 4665 2323 4713 nocte
2345 4665 2649 4722 versantes,
2674 4657 2826 4713 nulla
2847 4671 2915 4712 ex
2939 4666 3092 4727 parte
3111 4655 3411 4728 participes
3431 4669 3562 4716 sunt
3577 4659 3758 4731 splen-

2160 4748 2316 4806 doris
2346 4747 2543 4814 divini,
2576 4764 2680 4804 nec
2704 4748 2757 4803 in
2780 4764 2840 4805 se
2862 4748 3109 4804 divinam
3132 4748 3312 4806 lucem
3335 4749 3544 4808 habent
3568 4768 3582 4805 :
3609 4751 3760 4807 nullo

2159 4841 2312 4898 enim
2332 4839 2499 4896 modo
2522 4839 2861 4912 Seripturam
2886 4840 3154 4898 divinitus
3187 4842 3510 4914 inspiratam
3548 4843 3757 4900 intelli-

2156 4940 2313 5005 gunt.
2347 4931 2584 4988 Causam
2608 4948 2743 4988 vero
2770 4931 2966 4988 beatus
2994 4931 3156 4988 nobis
3174 4934 3379 4989 Paulus
3413 4933 3754 4989 declarabit:

2164 5040 2183 5074 ι
2225 5020 2410 5091 Usque
2454 5019 2523 5076 ad
2552 5019 2905 5091 hodiernum,
2942 5020 3223 5091 inquiens,
3275 5019 3447 5086 diem,
3503 5022 3758 5078 velamen

2158 5113 2212 5168 in
2239 5114 2475 5169 lectione
2496 5113 2707 5169 Veteris
2723 5113 3058 5170 Testamcnti
3078 5123 3263 5169 manet
3295 5127 3404 5169 non
3430 5104 3756 5181 revelatum,

2156 5205 2287 5276 quia
2340 5204 2565 5262 Christo
2614 5206 2887 5262 aboletur.
2963 5205 3069 5265 Sed
3108 5221 3282 5277 usque
3323 5205 3380 5263 in
3427 5206 3757 5266 hodiernum

2165 5297 2315 5352 dicat
2358 5297 2581 5368 quando
2626 5299 2829 5371 legitur
2861 5298 3067 5367 Moses,
3113 5300 3363 5357 velamen
3405 5298 3463 5357 in
3495 5301 3760 5359 cordibus

2166 5387 2413 5460 ipsorum
2441 5390 2683 5459 positum
2722 5401 2827 5448 cst.
2866 5391 3003 5448 Cum
3046 5402 3235 5449 autem
3280 5408 3340 5453 se
3385 5395 3759 5451 converterint

2166 5477 2233 5533 ad
2257 5477 2561 5547 Christum,
2589 5482 2812 5538 tolletur
2844 5483 3116 5542 velamen.
3149 5484 3419 5543 Dominus
3436 5496 3621 5543 autem
3648 5486 3757 5556 spi-

2166 5570 2310 5626 ritus
2353 5582 2455 5627 est.
2490 5572 2591 5631 Ubi
2625 5585 2808 5631 autem
2849 5577 3082 5648 spiritus
3111 5578 3349 5644 Domini,
3394 5578 3467 5633 ibi
3507 5588 3555 5635 ct
3587 5577 3755 5632 litter-

2981 5760 3027 5791 ⁷⁸
3070 5761 3227 5816 lium.
3261 5778 3333 5823 st,
3396 5762 3448 5814 7.
3526 5760 3570 5790 "
3593 5759 3752 5813 .Ioun.
