4060 6466
386 422 491 483 555
582 486 585 487 ν

1406 424 1461 482 S.
1500 425 1777 482 CYRILLI
1812 426 2286 487 ALEXANDRINI
2321 430 2640 490 ARCHIEP.

3542 436 3646 493 836

387 555 470 600 tas
493 543 558 598 ".
596 561 613 594 ι
656 540 791 597 Vide
824 538 991 612 igitur
1026 556 1176 596 nunc
1207 540 1532 612 mysterium
1564 540 1671 597 hoc
1692 541 1858 597 etiam
1907 541 1963 596 in

2071 545 2276 619 στρέφῃ
2302 547 2443 619 πρὸς
2468 547 2694 620 Κύριον,
2726 546 3079 618 παραιρεῖται
3099 547 3160 601 τὸ
3190 547 3474 620 κάλυμμα.
3511 546 3569 605 '0
3589 552 3645 607 δὲ

384 633 558 688 sacris
594 640 652 686 et
686 632 972 686 veteribus
1003 629 1224 699 scriptis
1268 630 1596 700 praelucens.
1646 631 1739 687 Sic
1780 641 1964 688 autem

386 724 551 779 habet
588 741 602 777 ε
647 743 665 773 ι
697 723 766 777 Ει
799 722 939 777 dixit
969 722 1239 777 Dominus
1268 722 1338 777 ad
1370 723 1557 779 Mosen
1594 743 1608 778 :
1647 724 1839 781 Scribe
1865 723 1963 781 tibi

382 816 553 870 verba
583 815 701 869 haec
737 832 748 866 :
781 813 867 868 his
889 814 1038 868 enim
1061 814 1249 869 verbis
1290 814 1489 871 faciam
1526 825 1707 872 tecum
1747 827 1803 873 et
1838 834 1964 873 cum

382 907 582 963 lsraele
622 913 1034 963 testamentum.
1070 907 1140 963 Et
1160 916 1282 964 erat
1315 908 1391 963 ibi
1418 909 1596 965 Moses
1633 925 1820 965 coram
1854 912 1964 967 Do-

382 1001 534 1057 mino
583 997 945 1069 quadraginta
972 997 1171 1054 diebus
1197 1007 1255 1054 et
1297 1001 1657 1072 quadraginta
1688 1003 1962 1059 noctibus.

382 1089 585 1146 Panem
609 1105 719 1144 non
743 1088 1005 1153 comedit,
1030 1105 1212 1160 neque
1240 1107 1437 1162 aquam
1469 1092 1630 1146 bibit.
1656 1093 1724 1146 Et
1745 1093 1966 1163 scripsit

381 1183 550 1238 verba
585 1182 702 1237 haec
749 1182 805 1237 in
869 1182 1073 1238 tabulis
1117 1185 1468 1251 testamenti,
1501 1184 1692 1240 decem
1730 1187 1962 1243 scilicet.

381 1271 519 1329 Cum
549 1281 736 1330 autem
763 1273 1125 1330 descenderet
1150 1275 1327 1331 Moses
1361 1275 1430 1330 de
1460 1283 1675 1341 monte,
1712 1276 1835 1332 duae
1882 1285 1964 1333 ta-

381 1365 527 1421 bulae
554 1376 716 1421 erant
741 1366 797 1420 in
841 1365 1099 1421 manibus
1129 1366 1321 1437 ipsius.
1377 1365 1483 1422 Sed
1523 1367 1865 1423 descendens
1895 1368 1965 1424 de

381 1465 569 1514 monte
614 1458 905 1530 ignorabat
931 1457 1082 1528 quod
1123 1459 1461 1527 glorificatus
1498 1459 1675 1515 fuerat
1711 1469 1965 1530 aspectus

381 1551 526 1607 Cutis
553 1550 717 1607 faciei
757 1566 890 1616 suat,
917 1550 1139 1606 interim
1157 1550 1290 1605 dum
1311 1550 1644 1623 loquebatur
1666 1551 1766 1622 ipsi
1798 1554 1960 1609 Deus.

385 1644 641 1714 Viditque
656 1643 841 1698 Aaron
856 1650 914 1698 et
935 1656 1128 1697 omnes
1150 1642 1397 1698 seniores
1417 1644 1637 1698 lsraelis
1664 1644 1871 1699 Mosen.
1896 1645 1964 1699 Et

380 1746 501 1793 erat
524 1734 862 1807 glorificatus
905 1742 1164 1805 aspectus
1196 1735 1342 1791 cutis
1381 1735 1542 1791 faciei
1588 1737 1708 1805 ejus
1744 1754 1756 1790 :
1799 1744 1856 1791 ct
1890 1736 1962 1790 ti—

381 1836 641 1883 muerunt
668 1827 1113 1898 appropinquare
1147 1827 1222 1883 ei.
1264 1827 1334 1882 Et
1366 1829 1583 1882 vocavit
1622 1843 1719 1883 eos
1762 1827 1961 1894 Moses,

2068 638 2273 709 Κύριος
2305 638 2367 693 τὸ
2398 639 2614 710 πνεῦμά
2649 643 2816 695 ἐστιν.
2862 633 2937 694 Οὗ
2971 640 3028 693 δὲ
3066 640 3130 693 τὸ
3158 640 3378 711 πνεῦμα
3414 643 3642 713 Κυρίου,

2066 733 2184 785 ἐκεῖ
2210 730 2511 802 ἐλευθερία.
2545 749 2562 784 ι
2600 731 2790 803 Ἀθρει
2823 732 2889 802 δὴ
2909 727 3002 786 οὖν
3030 732 3092 785 τὸ
3125 732 3425 803 μυστήριον
3453 735 3511 785 ὲν
3533 735 3645 796 τοῖς

2068 822 2237 894 ἱεροῖς
2260 823 2355 876 καὶ
2396 822 2774 895 ἀρχαιοτέροις
2809 824 3275 897 προσαναλάμπον
3299 824 3643 896 γράμμασιν.

2069 913 2222 982 Ἔχει
2247 912 2304 966 δὲ
2333 912 2541 977 οὓτωςο
2575 932 2593 965 ι
2636 912 2745 967 Kal
2777 910 2901 967 εἷπε
2958 913 3164 984 Κύριος
3210 917 3348 984 πρὸς
3401 914 3642 981 Μωσῆν⁶

2066 1003 2289 1075 Γράψον
2328 1003 2543 1075 σεαυτῷ
2579 1005 2647 1058 τὰ
2686 1006 2905 1076 ῥήματα
2931 1003 3104 1059 ταῦτα
3126 1020 3139 1035 ’
3172 1005 3265 1057 ἐπὶ
3294 1005 3402 1074 γὰρ
3428 1003 3537 1057 τῶν
3559 1004 3645 1058 λόο

2066 1112 2177 1165 γων
2204 1095 2409 1150 τούτων
2436 1096 2740 1167 τεθήσομαί
2768 1114 2849 1150 σοι
2874 1096 3139 1167 διαθήκην
3166 1095 3261 1149 καὶ
3287 1095 3366 1165 τῷ
3409 1095 3641 1166 Ἰσραήλ.

2064 1190 2177 1244 Kal
2224 1186 2293 1261 ἦν
2338 1190 2458 1242 ἐκεῖ
2503 1189 2710 1260 Μωσῆς
2762 1188 2938 1243 ἔναντι
2983 1188 3190 1260 Κυρίου
3235 1188 3646 1257 τεσσαράκοντα

2064 1282 2276 1353 ἡμέρας
2321 1283 2414 1336 καὶ
2439 1282 2846 1354 τεσσαράκοντα
2861 1280 3081 1344 νύκτας.
3107 1282 3304 1351 ’Λρτον
3332 1281 3431 1333 οὑκ
3448 1279 3656 1349 ἐφαγε,”

2065 1375 2158 1429 καὶ
2200 1373 2344 1446 ὕδωρ
2374 1374 2475 1428 οὐκ
2514 1373 2655 1429 ἔπιε.
2702 1374 2813 1427 Kal
2844 1372 3051 1444 ἔγραψε
3080 1371 3148 1425 τὰ
3198 1373 3420 1442 ῥήματα
3470 1372 3644 1425 ταῦτα

2065 1466 2156 1518 ἐπὶ
2183 1465 2295 1518 τῶν
2322 1465 2546 1518 πλακῶν
2573 1467 2672 1535 τῆς
2701 1464 2985 1537 διαθήκης,
3009 1464 3139 1527 τοὺς
3159 1464 3292 1517 δέκα
3310 1462 3521 1531 λόγους.
3556 1463 3644 1525 Ὠς

2065 1557 2122 1611 δὲ
2154 1556 2358 1630 κατέϐη
2397 1558 2603 1628 Μωσῆς
2632 1557 2738 1611 ἀπὸ
2759 1557 2854 1610 τοῦ
2883 1556 3066 1629 ὅρους,
3099 1557 3194 1610 καὶ
3228 1558 3285 1610 ai
3314 1555 3406 1609 δύο
3437 1555 3643 1616 πλάκες

2066 1649 2160 1702 ἐπὶ
2189 1648 2299 1702 τῶν
2336 1649 2535 1719 χειρῶν
2568 1650 2768 1719 Μωσῆ.
2815 1647 3252 1707 Καταὸαίνοντος
3292 1645 3350 1701 δὲ
3383 1644 3547 1699 αὑτοῦ
3580 1645 3644 1698 ἐκ

2062 1736 2159 1792 τοῦ
2190 1738 2369 1807 δρους.
2402 1738 2610 1809 Μωσῆς
2638 1739 2738 1792 οὐκ
2758 1738 2874 1809 ﬁet
2899 1737 2983 1790 ὅτι
3015 1736 3323 1803 δεδόξασται
3346 1737 3383 1806 ἡ
3409 1734 3531 1805 ὄψις
3549 1734 3642 1788 τοῦ

2065 1831 2274 1902 χρωτὸς
2326 1831 2423 1885 τοῦ
2470 1830 2764 1903 προσώπου
2819 1828 2984 1883 αὐτοῦ
3033 1831 3090 1883 ὲν
3130 1828 3210 1899 τῷ
3257 1828 3441 1882 λαλεῖν
3484 1829 3643 1881 αὐτὸν

381 1918 745 1987 conversique
778 1926 909 1973 sunt
940 1917 1008 1973 ad
1043 1933 1173 1973 eum
1204 1918 1389 1974 Aaron
1414 1928 1471 1974 et
1507 1933 1701 1974 omnes
1750 1919 1960 1990 princi-

2071 1900 2235 1994 αθτῷ.
2264 1922 2376 1976 Kal
2403 1900 2545 1976 εἶδεν
2581 1920 2793 1993 Ἀαρὼν
2835 1920 2931 1974 καὶ
2967 1919 3170 1984 πάντες
3197 1921 3247 1972 oi
3283 1906 3643 1988 πρεσϐύτεροι

381 2024 478 2080 pes
495 2009 808 2081 Synagogae.
831 2009 903 2064 Et
927 2009 1148 2065 locutus
1163 2016 1249 2064 est
1286 2009 1395 2064 illis
1425 2010 1633 2076 Moses,
1681 2017 1738 2067 et
1770 2019 1965 2081 postea

380 2108 733 2157 accesserunt
760 2099 828 2155 ad
868 2115 998 2155 eum
1032 2115 1226 2156 omnes
1244 2099 1343 2155 ﬁlii
1375 2098 1615 2155 lsraelis.
1641 2100 1710 2155 Et
1734 2101 1965 2156 manda-

382 2195 462 2247 vit
477 2194 559 2249 eis
583 2193 774 2248 dicens
798 2193 985 2247 omnia
1020 2208 1142 2263 quae
1172 2193 1392 2248 locutus
1427 2201 1547 2248 erat
1589 2193 1857 2249 Dominus
1893 2192 1965 2248 ad

380 2281 563 2351 ipsum
589 2281 647 2335 in
672 2288 860 2336 monte
884 2281 1054 2336 Sinai.
1082 2283 1153 2337 Et
1172 2288 1464 2352 postquam
1496 2283 1580 2337 eis
1601 2282 1751 2353 loqui
1778 2298 1964 2338 cessa-

380 2371 483 2435 vit,
516 2370 778 2441 imposuit
804 2371 1054 2427 velamen
1092 2371 1148 2426 in
1183 2370 1380 2427 faciem
1418 2387 1595 2427 suam.
1638 2371 1796 2444 34],
1824 2371 1963 2427 Cum

380 2472 566 2519 autem
601 2463 986 2536 ingrederetur
1000 2464 1070 2519 ad
1104 2464 1419 2529 Dominum,
1451 2472 1516 2519 ut
1544 2464 1871 2534 loqueretur
1894 2462 1963 2518 ad

382 2573 533 2623 eum,
565 2558 855 2613 amovebat
877 2559 1130 2613 velamen
1159 2558 1338 2614 donec
1375 2557 1571 2613 exiret.
1606 2558 1675 2613 Et
1709 2572 1967 2629 egressus

381 2650 714 2721 loquebatur
749 2651 964 2707 cunctis
989 2650 1119 2707 filiis
1140 2651 1329 2717 Israel,
1372 2665 1435 2706 ea
1467 2664 1591 2721 quae
1628 2658 1967 2720 praeceperat

382 2742 668 2798 Dominus.
699 2743 1077 2814 Videruntque
1101 2742 1198 2799 lilii
1224 2744 1390 2799 Israel
1414 2742 1563 2813 quod
1590 2742 1759 2797 facies
1799 2740 1966 2796 Mosis

382 2834 687 2905 glorificata
712 2842 881 2889 esset.
910 2836 979 2890 Et
1005 2835 1270 2905 imposuit
1298 2834 1479 2890 Moses
1510 2834 1762 2889 velamen
1797 2846 1966 2902 super

383 2924 582 2981 faciem
624 2940 801 2989 suam,
851 2925 1029 2981 donec
1075 2925 1461 2995 ingrederetur
1510 2924 1577 2980 ad
1626 2923 1965 2993 loquendum

383 3030 510 3070 eum
538 3029 606 3071 eo
628 3016 695 3070 ".
720 3035 739 3069 ι
774 3014 980 3071 Scribit
1012 3015 1235 3085 quidem
1252 3015 1421 3087 hujus
1440 3014 1687 3070 universi
1722 3014 1867 3069 Deus
1887 3014 1967 3070 le-

382 3123 505 3179 gem
531 3108 586 3163 in
614 3109 815 3165 tabulis
837 3107 1088 3179 lapideis.
1135 3106 1243 3163 Sed
1269 3113 1560 3177 postquam
1592 3105 1761 3161 facies
1780 3105 1963 3171 Mosis,

2077 2015 2295 2087 Ἰσραὴλ
2316 2014 2409 2068 τὸν
2434 2013 2660 2083 Μωσῆν.
2693 2013 2804 2067 Kal
2831 2007 2899 2084 ἦν
2928 2010 3291 2081 δεδοξασμένη
3322 2009 3355 2080 ἡ
3389 2008 3512 2078 ὄψις
3550 2004 3645 2060 τοῦ

2066 2105 2274 2177 χρωτὸς
2284 2102 2377 2158 τοῦ
2399 2101 2692 2174 προσώπου
2707 2101 2872 2156 αὐτοῦ
2882 2140 2895 2163 ,
2911 2101 3005 2154 καὶ
3017 2097 3416 2171 ὲφόϐίήΘῙησαν
3428 2094 3643 2164 ὲγγίσαι

2065 2196 2234 2267 αὐτῷ.
2281 2197 2394 2249 Kal
2432 2195 2690 2250 ἐκάλεσεν
2728 2194 2924 2257 αὐτοὺς
2962 2193 3186 2262 Μωσῆς,
3235 2190 3330 2245 καὶ
3378 2185 3645 2256 ἐπεστρά-

2067 2304 2246 2358 φησαν
2286 2287 2424 2358 πρὸς
2474 2285 2637 2342 αὐτὸν
2690 2284 2903 2358 ’Δαρὼν
2960 2284 3055 2339 καὶ
3100 2282 3300 2346 πάντες
3348 2283 3396 2335 οἱ
3446 2279 3643 2348 ἄρχον-

2064 2397 2155 2443 τες
2188 2380 2285 2449 τῆς
2314 2380 2669 2450 Συναγωγῆς.
2707 2379 2818 2432 Kal
2841 2377 3072 2444 ὲλάλησε
3102 2375 3239 2445 πρὸς
3282 2374 3475 2435 αὐτοὺς
3516 2371 3642 2425 Mm-

2068 2471 2186 2540 σῆς,
2237 2470 2332 2524 καὶ
2387 2469 2525 2540 μετά
2562 2468 2737 2523 ταῦτα
2783 2466 3094 2538 προσῆλθον
3137 2464 3276 2536 πρὸς
3304 2463 3467 2516 αὐτὸν
3508 2462 3645 2515 πάνυ

2064 2574 2155 2623 τες
2197 2560 2246 2612 οἱ
2281 2559 2387 2613 υἱοὶ
2449 2557 2688 2631 Ἰσραήλ.
2739 2558 2850 2610 Kal
2899 2557 3202 2611 ἐνετείλατο
3247 2556 3429 2618 αὐτοῖς
3473 2552 3645 2619 λέγων

2066 2651 2246 2704 πάντα
2272 2650 2372 2703 ὅσα
2420 2648 2651 2718 ὲλάλησε
2680 2649 2819 2718 πρὸς
2849 2646 3016 2701 αὐτὸν
3067 2646 3273 2716 Κύριος
3317 2648 3376 2697 ὲν
3418 2644 3495 2715 τῷ
3526 2643 3644 2715 ὄρει

2066 2740 2214 2810 Σινᾷ.
2259 2739 2372 2793 Kal
2415 2737 2604 2809 ἐπειδὴ
2660 2738 2974 2791 κατέπαυσε
3017 2735 3203 2788 λαλεῖν
3249 2735 3387 2806 πρὸς
3424 2734 3643 2797 αὐτοὺς,

2067 2830 2337 2902 ἐπέθηκεν
2418 2832 2512 2884 ἐπὶ
2592 2831 2656 2884 τὸ
2746 2829 3036 2901 πρόσωπον
3105 2826 3270 2882 αὑτοῦ
3358 2827 3643 2894 κάλυμμα.

2076 2923 2270 2977 Ἧνίκα
2304 2923 2349 2975 δ’
2391 2923 2458 2977 ἂν
2486 2923 2868 2994 εἰσεπορεύετο
2898 2921 3104 2991 Μωσῆς
3132 2919 3376 2973 ἐναντίον
3404 2917 3608 2987 Κυρίου
3629 2956 3645 2979 ,

2066 3010 2245 3067 λαλεῖν
2275 3011 2457 3083 αὐτῷ,
2490 3012 2742 3084 περιῄρει
2782 3012 2844 3065 τὸ
2874 3010 3162 3081 κάλυμμα,
3196 3007 3302 3072 ἓως
3344 3007 3439 3061 τοῦ
3476 3010 3645 3060 ἐκπο-

2071 3104 2341 3177 ρεύεσθαι.
2389 3106 2497 3158 Kal
2531 3102 2762 3171 ἐξελθὼν
2823 3102 3002 3157 ἐλάλει
3042 3104 3177 3155 πᾶσι
3218 3103 3332 3164 τοῖς
3370 3101 3504 3162 υἱοῖς
3547 3100 3651 3152 Ἱσ-

383 3199 478 3269 qui
504 3213 601 3269 per
631 3197 994 3269 quadraginta
1025 3196 1144 3253 dies
1175 3195 1251 3252 ibi
1283 3195 1570 3260 remansit,
1599 3202 1657 3249 et
1686 3194 1754 3248 ab
1791 3192 1967 3249 omni-

2076 3198 2234 3269 ραὴλ,
2265 3197 2366 3250 ὅσα
2399 3195 2700 3250 ἐνετείλατο
2748 3193 2898 3263 αὐτῷ
2927 3194 2956 3246 ὁ
3006 3192 3233 3265 Κύριος.
3271 3191 3380 3245 Καὶ
3424 3185 3565 3243 εἶδον
3598 3191 3650 3242 οί

382 3287 491 3345 bus
524 3290 783 3344 humanis
823 3288 1113 3354 abstinuit,
1168 3286 1371 3343 divina:
1407 3287 1546 3342 lucis
1593 3287 1825 3357 appulsu
1875 3302 1967 3341 re-

384 3381 775 3453 splenduisset,
793 3381 1193 3452 obstupescunt
1221 3381 1328 3435 hoc
1361 3379 1675 3449 spectaculo
1700 3379 1862 3434 electi
1885 3377 1967 3434 Is-

386 3474 614 3539 raelitae,
649 3488 711 3529 ac
734 3487 846 3543 pm
867 3472 990 3528 aliis
1017 3471 1219 3527 Aaron.
1253 3470 1597 3527 Recedentes
1629 3478 1811 3525 autem
1831 3471 1965 3541 jam,

385 3575 443 3621 et
466 3581 586 3622 sese
614 3567 670 3622 in
689 3564 872 3637 fugam
904 3570 1188 3621 vertentes
1223 3562 1519 3619 revocabat
1556 3563 1752 3627 Moses,
1778 3562 1971 3633 loque—

380 3654 662 3727 baturque
691 3657 773 3712 sic
795 3655 922 3711 filiis
950 3654 1169 3710 lsraelis
1192 3655 1443 3710 velamen
1473 3653 1632 3709 faciei
1661 3667 1966 3724 apponens,

386 3748 735 3817 effusumque
776 3745 977 3802 divinat
1010 3746 1153 3801 lucis
1183 3745 1399 3801 radium
1450 3745 1566 3800 suis
1596 3744 1972 3799 adumbratio-

388 3839 554 3894 uibus
597 3837 840 3894 efficiens
889 3838 1068 3895 turbis
1095 3837 1438 3906 tolerandum
1471 3856 1482 3890 :
1529 3855 1549 3888 ι
1580 3836 1688 3892 Sed
1726 3835 1968 3907 quando,

386 3929 486 3995 ait,
507 3931 624 3986 ibat
655 3929 723 3985 ad
762 3930 959 3997 Deum,
1008 3929 1367 3985 amovebatur
1400 3929 1674 3984 velamen.
1711 3947 1730 3979 ι
1757 3928 1970 3983 Intelli-

388 4022 543 4094 gisne
571 4036 684 4092 quo
723 4028 885 4091 pacto
923 4019 1239 4076 Iudaeorum
1283 4021 1519 4092 ingeniis
1556 4021 1653 4076 lux
1676 4021 1843 4075 etiam
1886 4019 1972 4089 ip-

387 4115 506 4169 sius
544 4115 682 4185 legis
708 4114 784 4170 sit
812 4112 1219 4184 quodammodo
1266 4110 1879 4183 incomprehensibilis?
1914 4110 1971 4166 Si

387 4214 573 4261 autem
604 4221 668 4261 ea
701 4220 825 4276 quae
847 4203 1055 4276 scripta
1086 4213 1236 4269 sunt,
1279 4203 1643 4276 spiritualiter
1663 4203 1976 4275 intelligan-

389 4305 500 4362 tur,
530 4297 666 4353 nihil
698 4295 849 4353 aliud
869 4297 1163 4369 refulgebit
1185 4311 1352 4367 quam
1385 4294 1593 4351 Christi
1623 4294 1969 4365 mysterium,

389 4387 636 4443 divinum
663 4386 799 4444 illud
828 4396 886 4444 et
900 4387 1269 4444 clarissimum
1296 4388 1487 4442 lumen
1512 4385 1828 4441 auditorum
1851 4398 1978 4441 cor-

389 4478 554 4535 dibus
577 4480 903 4535 immittens.
943 4478 1221 4535 Caeterum
1261 4475 1526 4532 lsraelita
1562 4491 1676 4530 non
1718 4482 1977 4546 poterant

2077 3289 2183 3344 υἱοὶ
2228 3288 2444 3361 Ἰσραὴλ
2488 3286 2550 3341 τὸ
2591 3285 2884 3358 πρόσωπον
2914 3283 3165 3346 Μωσέως
3194 3283 3277 3336 ὅτι
3313 3279 3647 3344 δεδόξασται.

2075 3381 2185 3436 Kal
2233 3379 2529 3451 περιέθηκε
2579 3378 2785 3447 Μωσῆς
2829 3376 3092 3446 κάλυμμα
3142 3374 3235 3427 ἐπὶ
3273 3372 3333 3427 τὸ
3363 3372 3652 3441 πρόσωπον

2075 3472 2262 3538 αὑτοῦ,
2290 3473 2394 3536 ἕως
2423 3471 2490 3525 ἂν
2531 3470 2751 3543 εἰσέλθῃ
2782 3468 3063 3521 συλλαλεῖν
3095 3464 3263 3535 αὐτῷ.
3301 3484 3320 3516 ι
3360 3461 3653 3532 Καταγράρ

2076 3581 2167 3635 φει
2200 3564 2297 3635 μὲν
2326 3562 2434 3633 γὰρ
2474 3564 2586 3625 τοῖς
2619 3562 2682 3613 ἐκ
2721 3561 2883 3613 λίθων
2925 3558 3135 3622 πυξίοις
3175 3559 3267 3610 τὸν
3294 3555 3458 3626 νόμον
3491 3556 3518 3608 ὁ
3544 3553 3652 3607 τῶν

2077 3657 2215 3713 ὅλων
2244 3656 2397 3718 Θεός.
2445 3652 2662 3723 Ἐπειδὴ
2684 3652 2741 3705 δὲ
2767 3655 2833 3723 τῇ
2861 3649 2957 3704 τοῦ
2990 3649 3135 3703 θείου
3166 3648 3345 3719 φωτὸς
3376 3646 3651 3717 προσϐολῇ

2078 3748 2446 3821 κατηγλὸίίστο
2464 3744 2649 3800 λοιπὸν
2666 3744 2727 3798 τὸ
2746 3743 2989 3806 Μωσέως
3007 3742 3322 3812 πρόσωπον,
3338 3740 3395 3792 ὲν
3417 3738 3654 3809 ἡμέραις

2075 3840 2486 3911 τεσσαράκοντα
2521 3833 2992 3909 προσεδρεύοντος,
3028 3834 3123 3887 καὶ
3152 3831 3264 3886 τῶν
3297 3829 3655 3902 ἀνθρωπίνων

2068 3931 2435 4003 ἡφειδηκότος
2466 3928 2665 3993 αὐτῶν,
2693 3925 2952 3995 ἀγνοοῦσι
2989 3924 3127 3994 πρὸς
3153 3922 3252 3993 τὴν
3285 3921 3417 3976 θέαν
3449 3922 3498 3974 οἱ
3523 3920 3657 3973 ἀπό-

2077 4022 2259 4078 λεκτοι
2278 4022 2385 4075 τῶν
2406 4020 2465 4086 ἐξ
2499 4020 2732 4094 Ἰσραὴλ,
2751 4021 2846 4074 καὶ
2863 4019 2970 4092 πρό
2992 4036 3058 4088 γε
3085 4017 3195 4071 τῶν
3217 4017 3393 4072 ἄλλων
3422 4014 3653 4086 Ἀαρών.

2092 4112 2532 4181 Ἀποφοιτῶντας
2562 4112 2619 4165 δὲ
2644 4111 2747 4183 ἤδη
2786 4110 2880 4164 καὶ
2910 4111 2992 4174 είς
3025 4109 3202 4180 φυγὴν
3235 4106 3615 4178 τραπομένους
3636 4144 3651 4169 ,

2079 4203 2396 4276 ἐπιστρέφει
2444 4202 2683 4273 Μωσῆς,
2719 4201 3043 4272 προσελάλει
3081 4218 3141 4254 τε
3190 4198 3333 4253 οὕτω
3363 4200 3477 4262 τοῖς
3522 4198 3658 4261 υἱοῖς

2092 4294 2310 4368 Ἰσραὴλ
2331 4335 2346 4362 ,
2381 4293 2756 4367 προκαθιστάς
2784 4291 2879 4346 τοῦ
2933 4290 3228 4363 προσώπου
3262 4290 3323 4343 τὸ
3353 4289 3617 4360 κάλυμμα
3639 4327 3655 4350 ,

2081 4390 2173 4446 καὶ
2210 4389 2304 4443 τοῦ
2335 4388 2479 4442 θείου
2506 4386 2687 4456 φωτὸς
2712 4383 2808 4457 τὴν
2842 4382 3290 4457 προσερχομένην
3322 4381 3517 4435 ἀκτῖνα
3545 4381 3658 4442 τοῖς

2080 4481 2530 4550 κατασκιάσμασι
2569 4476 2722 4549 μόλις
2741 4475 2983 4548 φορητὴν
3006 4477 3121 4538 τοῖς
3152 4472 3330 4544 ὄχλοις
3358 4470 3657 4525 ἀποτελῶν.

391 4577 559 4626 tanta:
587 4571 890 4642 majestatis
945 4569 1114 4625 verba
1165 4569 1379 4633 audire,
1421 4582 1601 4638 neque
1658 4567 1797 4623 citra
1827 4581 1967 4622 sum-

2088 4595 2107 4630 ι
2157 4575 2296 4629 Ἀλλ’
2331 4574 2514 4645 ἡνίκα,
2546 4571 2732 4642 φησιν,
2773 4567 2946 4640 εἰσῄει
2973 4566 3109 4638 πρὸς
3136 4566 3229 4618 τὸν
3266 4565 3399 4618 Θεὸν
3418 4604 3432 4629 ,
3463 4576 3660 4633 περιῃ-

392 4677 542 4717 mum
579 4661 826 4716 laborem
855 4660 1102 4733 mysterii
1126 4660 1475 4716 altitudinem
1512 4659 1797 4715 intellectu
1822 4675 1975 4715 com-

392 4753 990 4825 prehendereidcirco
1016 4752 1370 4816 Nicodemus,
1397 4768 1522 4809 cum
1556 4751 1799 4807 audisset
1817 4750 1980 4808 Chri-

392 4855 539 4902 stum
567 4845 636 4902 de
660 4843 935 4917 Spirituali
962 4844 1380 4917 regeneratione
1403 4843 1848 4908 concionantem,
1876 4842 1978 4897 fri-

392 4941 517 5015 gide
541 4943 838 4999 admodum
871 4950 928 4998 et
959 4941 1249 5014 pueriliter
1295 4940 1482 5012 erupit
1517 4941 1574 4996 in
1614 4941 1732 4996 hac
1767 4939 1979 4995 verba:

2078 4667 2224 4738 ρεῖτο
2256 4664 2319 4716 τὸ
2357 4661 2643 4732 κάλυμμα.
2683 4678 2702 4710 ι
2739 4657 2908 4720 Σύνες
2944 4654 3001 4709 δὲ
3047 4650 3141 4710 οὖν
3170 4655 3321 4717 ὅπως
3357 4654 3480 4717 ταῖς
3528 4652 3661 4705 Ἰου-

2074 4756 2241 4810 δαίων
2283 4753 2544 4816 διανοίαις
2574 4748 2858 4821 ἁχώρητόν
2892 4746 3008 4811 πώς
3061 4747 3177 4799 ἔστι
3218 4745 3313 4798 καὶ
3357 4741 3522 4797 αὑτοῦ
3565 4740 3659 4794 τοῦ

2075 4848 2240 4919 νόμου
2301 4845 2362 4899 τδ
2415 4844 2552 4914 φῶς.
2611 4840 2674 4895 El
2718 4840 2774 4894 δὲ
2828 4840 3000 4893 νοοῖτο
3052 4834 3442 4905 πνευματικῶς
3487 4830 3554 4885 τά
3602 4832 3661 4883 ὲν

2078 4937 2228 5009 αὐτῷ
2259 4933 2651 5007 γεγραμμένα’
2706 4928 3040 5003 ἀποστρέψει
3094 4927 3205 4999 γὰρ
3248 4926 3438 4996 ἓτερον
3483 4922 3660 4983 οὐδὲν,

302 5124 305 5125 ⁷
393 5122 534 5181 Num
565 5135 750 5196 potest
777 5125 834 5182 in
862 5134 1085 5182 uterum
1119 5123 1316 5179 matris
1350 5123 1534 5180 redire
1576 5130 1633 5178 et
1667 5122 1852 5177 denuo
1874 5135 1977 5176 na-

399 5052 419 5082 «
451 5030 739 5098 Quomodo
756 5039 939 5104 potest
957 5032 1124 5088 homo
1138 5031 1291 5087 nasci
1313 5048 1438 5088 cum
1449 5031 1563 5103 jam
1585 5030 1967 5087 consenuerit?

2084 5030 2119 5101 ἢ
2162 5030 2222 5082 τὸ
2250 5024 2342 5082 τοῦ
2370 5022 2607 5097 Χριστοῦ
2656 5025 2978 5095 μυστήριον,
3009 5019 3107 5075 καὶ
3148 5020 3269 5081 ταῖς
3300 5016 3408 5070 τῶν
3444 5016 3660 5086 ἀκροω-

2089 5119 2265 5194 μένων
2305 5118 2556 5191 καρδίαις
2595 5115 2655 5170 rb
2690 5115 2832 5169 θεῖόν
2861 5131 2922 5167 τε
2970 5114 3066 5167 καὶ
3103 5109 3463 5166 διειδέστατον
3487 5106 3663 5194 ενίησι

390 5216 472 5271 sci
498 5191 583 5269 ³ιῦ
604 5235 622 5268 ›
655 5215 799 5283 Quin
821 5226 877 5272 et
900 5217 1165 5289 posthaec,
1194 5214 1586 5271 cumChristus
1612 5214 1892 5277 suaderet,
1922 5213 1967 5268 id

2089 5191 2222 5284 ιρῶς.
2288 5211 2428 5266 Ἀλλ’
2465 5211 2567 5265 οὐκ
2620 5207 2687 5264 ἂν
2739 5206 2849 5261 τῶν
2905 5204 3051 5260 οὕτω
3094 5200 3309 5257 σεπτῶν
3362 5191 3665 5289 ἀκροᾶσθαι

395 5308 544 5379 quod
579 5318 820 5365 mentem
868 5285 1250 5379 rationemque
1293 5317 1537 5364 nostram
1563 5307 1819 5371 excedit,
1873 5305 1967 5361 fide

2088 5303 2264 5374 λόγων
2293 5305 2344 5357 oi
2376 5301 2436 5369 ἐξ
2486 5299 2705 5372 Ἰσραὴλ
2727 5341 2742 5365 ,
2776 5298 2886 5352 οὐδ’
2918 5296 2987 5351 ἂν
3030 5295 3240 5348 συνεῖεν
3277 5288 3520 5361 ἀμογητὶ
3569 5285 3664 5379 τοῦ

368 5376 739 5479 apprehendi
785 5396 988 5455 debere
1011 5439 1027 5464 ,
1078 5376 1315 5454 addebat
1353 5416 1367 5453 :
1406 5418 1424 5451 ι
1462 5398 1752 5466 Quomodo
1801 5408 1967 5469 poteSJ

2086 5394 2387 5466 μυστηρίου
2427 5391 2489 5445 τὸ
2543 5390 2724 5461 βάθος.
2763 5388 2875 5442 Kal
2920 5385 3027 5458 μὴν
3053 5386 3084 5438 ὁ
3109 5383 3422 5453 Νικόδημος
3449 5380 3540 5433 ὅτε

396 5488 506 5546 hoc
532 5487 760 5545 ﬁeri“?
786 5508 806 5543 ι
863 5504 1178 5561 quanquam
1223 5489 1316 5546 lex.
1365 5490 1599 5547 inﬁnitis
1644 5490 1760 5545 fere
1796 5488 1967 5559 iiguri:

2082 5485 2175 5541 διά
2227 5485 2538 5555 πνεύματος
2581 5480 2939 5550 ἀναγέννησιν
2984 5477 3227 5549 ἠκροᾶτο
3279 5474 3534 5561 λέγοντος
3572 5474 3667 5520 τοῦ

399 5580 747 5637 adumbrarit
767 5560 977 5636 Christi
1001 5580 1348 5651 mysterium.
1383 5579 1658 5646 Quocirca
1697 5580 1864 5636 etiam
1899 5578 1967 5632 le-

2085 5577 2363 5650 Χριστοῦ,
2417 5572 2643 5646 ψυχρῶς
2687 5589 2748 5625 τε
2804 5571 2901 5625 καὶ
2945 5567 3194 5641 ἀδρανῶς
3242 5560 3665 5632 ἀναπεφώνηκι,

400 5674 484 5743 gis
507 5674 681 5745 ipsius
701 5675 888 5729 lumen
911 5672 1117 5731 Iudaeis
1154 5673 1715 5743 incomprehensibile
1746 5681 1851 5736 est,
1902 5672 1967 5728 id-

2089 5669 2267 5739 λέγων
2292 5686 2307 5701 ο
2363 5687 2381 5720 ι
2444 5666 2569 5731 Πῶς
2624 5664 2846 5718 δύναται
2899 5663 3189 5732 ἄνθρωπος
3240 5652 3668 5726 ἁναγεννηθῆναι

472 5853 519 5885 θ’
549 5854 596 5910 li
618 5854 745 5912 Cor.
776 5871 854 5919 Ill,
890 5853 1078 5909 14-17.
1157 5856 1203 5887 '“‘
1254 5852 1427 5910 Exod.
1484 5811 1661 5917 xxsiv,
1720 5853 1911 5908 27-55.

2087 5850 2243 5908 Joan.
2269 5865 2352 5904 nr.
2378 5849 2430 5904 4.
2506 5847 2551 5879 ⁸³
2593 5846 2729 5932 ibid.
2763 5846 2815 5899 9.
