4060 6490
426 450 534 506 837

1437 450 1969 514 GLAPHYRORUM
2007 453 2078 510 IN
2118 454 2407 516 EXODUM
2448 459 2579 515 LIB.
2619 459 2688 516 III

3639 455 3748 515 888

426 568 613 639 γέρων
660 568 773 640 ὦνς
817 572 912 648 Μὴ
940 573 1165 630 δύναται
1196 576 1278 639 εἰς
1305 574 1407 647 τὴν
1435 574 1649 630 κοιλίαν
1674 574 1775 646 τῆς
1824 572 2029 644 μητρὸς

2135 590 2244 645 que
2267 591 2381 632 non
2413 576 2580 633 modo
2607 573 2862 640 inﬁrmis,
2900 581 3065 644 atque
3104 570 3438 643 promiscuae
3485 572 3741 626 muitltu-

429 662 597 717 αὐτοῦ
630 661 887 737 δεύτερον
920 667 1185 723 εἰσελθεῖν
1214 669 1313 722 καὶ
1350 667 1682 738 γεννηθῆναι
1703 685 1719 732 ;
1742 664 2033 737 »Προσετί-

429 751 515 807 θει
553 754 612 810 δὲ
665 757 904 825 τούτοις,
943 761 1334 827 ἀναπείθοντος
1374 761 1537 815 αὐτὸν
1566 761 1663 814 τοῦ
1700 757 1941 829 Χριστοῦ
1972 757 2034 811 τὸ

428 846 634 921 χρῆναι
669 848 854 917 πίστει
876 855 1043 925 τιμᾷν
1075 853 1144 908 τὰ
1170 852 1313 926 ὑπὲρ
1337 851 1467 908 νοῦν
1498 853 1593 905 καὶ
1621 850 1779 920 λόγον
1799 865 1812 878 ·
1849 866 1870 901 ι
1907 847 2034 912 Πῶς

428 934 652 993 δύναται
701 939 877 995 ταῦτα
932 944 1225 1012 γενέσθαις
1276 962 1296 997 ι
1354 943 1534 997 καίτοι
1584 939 1679 995 τοῦ
1730 939 1901 1011 νόμου
1944 936 2033 990 διὰ

439 1031 648 1104 μυρίων
667 1035 814 1089 ὅσων
839 1037 1140 1107 σχημάτων
1170 1034 1695 1108 προαναγραφοντος
1727 1031 1789 1085 τὸ
1826 1030 2033 1102 μυστή-

440 1139 569 1194 ριον.
616 1126 829 1180 Οὐκοῦν
877 1128 1263 1199 ἀπαράδεκτον
1308 1126 1588 1189 Ἰουδαίοις
1635 1126 1731 1179 καὶ
1771 1124 1903 1178 αὐτὸ
1933 1121 2030 1176 τοῦ

432 1214 599 1284 νόμον
641 1217 781 1285 φῶς,
815 1220 912 1273 καὶ
946 1220 1069 1291 οὐχὶ
1111 1219 1178 1291 δὴ
1237 1220 1419 1291 μόνοις
1468 1221 1581 1283 τοῖς
1629 1217 1888 1289 ἀδρανέσι
1933 1215 2031 1270 xui.

430 1306 729 1374 ἀγελαίοις,
770 1311 906 1366 ἀλλὰ
939 1314 1033 1366 καὶ
1063 1314 1248 1376 αὐτοῖς
1283 1315 1397 1376 τοῖς
1444 1312 1767 1375 ἀπολέκτοις
1812 1310 1907 1363 καὶ
1952 1311 2032 1363 ie-

431 1401 566 1469 ροῖς.
613 1402 887 1471 Ἀκήκοας
921 1404 1033 1475 γὰρ
1060 1406 1144 1459 ὅτι
1184 1404 1283 1476 τὴν
1306 1406 1554 1470 Μωσέως
1578 1404 1921 1474 ττεφόὸηνται
1946 1402 2031 1456 δό-

430 1488 529 1554 ξαν
570 1491 668 1545 σὺν
694 1496 807 1556 τοῖς
835 1496 1226 1567 πρεσϐυτέροις
1273 1496 1504 1569 Ἀαρών.
1551 1496 1750 1550 Ἑτίθει
1787 1495 1854 1567 δὴ
1886 1488 2031 1549 οῦνὸ

429 1582 643 1652 Μωσῆς
670 1586 961 1657 χρησίμως
988 1589 1196 1660 σφόδρα
1218 1590 1279 1643 τὸ
1305 1590 1590 1661 κάλυμμα.
1617 1589 2031 1661 Κατασκίασμα

432 1672 544 1743 γὰρ
571 1678 599 1729 ὁ
636 1677 800 1748 νόμος
837 1679 952 1750 ἔχει
976 1722 990 1744 ,
1026 1681 1088 1734 τὸ
1112 1683 1259 1753 παχὺ
1287 1680 1383 1735 τοῦ
1414 1683 1768 1753 γράμματος,
1804 1681 1900 1734 καὶ
1927 1681 2030 1751 τῆς

435 1766 679 1836 ἱστορίας
703 1771 764 1823 τὸ
793 1773 854 1824 οὐ
884 1772 1090 1844 σφόδρα
1111 1772 1398 1844 λαμπρόν.
1429 1774 1572 1827 Ἀλλ’
1602 1775 1661 1827 ὲν
1695 1773 1836 1843 ὄψει,
1870 1772 2027 1842 φησὶ,

431 1854 567 1909 Θεοῦ
595 1860 983 1931 είσερχόμενος
1015 1867 1044 1918 ὁ
1072 1866 1279 1935 Μωσῆς
1310 1906 1322 1926 ,
1358 1865 1613 1937 περιῄρει
1638 1866 1700 1918 τὸ
1736 1866 2025 1937 κάλυμμα.

2136 666 2274 731 dini,
2300 668 2399 724 sed
2430 669 2599 724 etiam
2619 668 2815 724 electis
2841 675 2898 721 et
2916 664 3322 721 sacerdotibus.
3348 662 3567 726 Audisti
3592 663 3743 719 enim

2135 760 2283 828 quod
2317 761 2503 815 Aaron
2536 777 2647 815 una
2668 776 2795 815 cum
2828 758 3146 816 senioribus
3185 756 3442 813 exterriti
3478 755 3592 811 sint
3622 756 3742 813 Mo-

2133 853 2211 907 sis
2233 853 2426 924 gloria.
2464 853 2584 908 Non
2623 852 2723 907 abs
2762 868 2821 907 re
2856 852 3025 923 igitur
3066 850 3246 905 Moses
3280 849 3534 903 velamen
3577 847 3741 905 faciei

2133 944 2532 1014 praetendebat.
2557 944 2693 999 Nam
2713 944 2803 998 lex
2826 944 3056 999 densam
3080 942 3319 998 habetin
3336 942 3525 997 littera
3541 940 3741 996 adum-

2134 1036 2469 1101 brationem,
2511 1035 3000 1105 narrationemque
3023 1049 3150 1088 .non
3181 1032 3481 1088 admodum
3518 1030 3739 1102 perspi-

2133 1143 2316 1184 cuam.
2354 1128 2427 1183 At
2457 1142 2594 1182 vero
2630 1127 2807 1182 Moses
2859 1125 2930 1181 ad
2957 1133 3243 1196 aspectum
3268 1124 3366 1178 Dei
3402 1121 3739 1194 procedens,

2132 1220 2365 1277 tollebat
2395 1220 2671 1275 velamen.
2699 1218 2863 1291 342
2906 1216 3023 1272 Hoc
3060 1224 3246 1272 autem
3287 1214 3634 1270 inveniemus
3678 1213 3738 1268 in

2131 1312 2554 1382 nobismetipsis
2581 1326 2776 1366 verum
2807 1324 2953 1365 esse.
3000 1307 3142 1375 Quia
3185 1321 3311 1361 cum
3354 1305 3612 1367 Christus
3633 1319 3738 1359 nos

2086 1462 2091 1465 _
2132 1406 2288 1462 ducit
2307 1404 2723 1477 quodammodo
2744 1404 2803 1459 in
2832 1402 2931 1458 Dei
2962 1416 3031 1456 ac
3055 1384 3237 1456 Patris
3266 1406 3553 1469 aspectum
3572 1438 3587 1463 ,
3618 1404 3735 1452 tum

2132 1497 2253 1554 sine
2278 1496 2800 1553 adumbrationibus
2829 1493 2998 1549 Mosis
3017 1492 3251 1564 gloriam
3287 1491 3622 1556 videbimus,
3657 1490 3738 1545 le-

2132 1605 2257 1661 gem
2308 1589 2577 1644 nimirum
2620 1586 2991 1658 spiritualiter
3020 1584 3416 1655 intelligentes.
3471 1601 3490 1633 (
3533 1582 3739 1639 Trans-

2130 1691 2414 1738 mutamur
2451 1681 2601 1736 enim
2623 1679 2692 1735 de
2724 1679 2901 1751 gloria
2937 1679 2995 1732 in
3024 1677 3281 1748 gloriam,
3315 1695 3333 1727 ι
3374 1684 3436 1729 ut
3464 1674 3734 1745 scriptum

2132 1773 2295 1829 est”.
2332 1774 2508 1829 Nemo
2548 1787 2682 1830 vero
2722 1769 3067 1826 dubitaverit
3099 1769 3236 1840 quin
3263 1766 3472 1823 Christi
3523 1778 3733 1839 myste-

2133 1866 2277 1922 rium
2302 1869 2375 1923 sit
2412 1867 2471 1922 in
2519 1867 2729 1937 gloria,
2773 1880 2901 1920 cum
2928 1865 3129 1919 beatus
3167 1862 3374 1917 Paulus
3417 1844 3615 1930 aperte
3664 1857 3736 1912 de

431 1946 606 2001 Τοῦτό
645 1967 730 2003 τοι
761 1953 856 2006 καὶ
902 1955 990 2024 ἐφ’
1018 1956 1182 2027 ἡμῶν
1232 1935 1654 2030 αὐτῶν-ἀλῄθὲς
1696 1935 2024 2030 εὑρήσομεν.

2134 1958 2316 2015 Veteri
2341 1966 2398 2013 et
2432 1935 2588 2014 Novo
2613 1958 2971 2013 Testamento
3000 1955 3077 2011 ita
3116 1954 3426 2009 exclamet:
3470 1970 3489 2002 ‹
3530 1949 3584 2005 Si
3621 1949 3730 2004 mi-

443 2037 832 2111 Ἐνηνεγμένοι
862 2045 974 2115 γὰρ
1002 2044 1196 2119 ὥσπερ
1221 2049 1279 2101 ὲν
1308 2047 1590 2119 προσώπῳ
1624 2048 1721 2102 τοῦ
1763 2049 1898 2104 Θεοῦ
1936 2051 2029 2106 καὶ

427 2126 667 2199 Πατρὸς,
697 2136 1166 2205 προσκομίζοντος
1208 2141 1358 2210 ἡμᾶς
1394 2139 1489 2193 τοῦ
1539 2141 1780 2213 Χριστοῦ
1808 2182 1823 2207 ,
1859 2159 2031 2197 κατα-

429 2222 789 2291 σκιασμάτων
806 2223 932 2297 δίχα
949 2226 1047 2299 τὴν
1072 2229 1318 2293 Μωσέως
1348 2229 1597 2300 ὀψόμεθα
1632 2233 1793 2298 δόξαν
1817 2275 1832 2300 ,
1867 2253 2031 2289 πνευ⁴

432 2311 680 2381 ματικῶς
708 2313 957 2380 νοοῦντες
981 2318 1072 2370 τὸν
1093 2319 1281 2390 νόμον.
1318 2338 1337 2371 ι
1367 2321 1892 2393 Μεταμορφούμεθα
1920 2325 2029 2397 γὰρ

428 2401 538 2457 ὰπὸ
553 2403 711 2475 δόξης
727 2408 808 2470 εἰς
836 2407 1019 2473 δόξαν,
1052 2428 1072 2460 ι
1108 2410 1261 2465 κατὰ.
1273 2409 1332 2464 τὸ
1352 2413 1890 2487 γεγραμμένον.⁹⁸οτι
1918 2416 2028 2493 γὰρ

428 2494 490 2546 ἐν
517 2493 645 2566 δόξῃ
661 2496 721 2549 τὸ
742 2496 980 2567 Χριστοῦ
1002 2501 1326 2571 μυστήριον,
1347 2502 1463 2564 πῶς
1480 2501 1626 2556 ἔστιν
1641 2503 2025 2575 ἀμφιϐάλλειν,

428 2584 862 2659 διακεκραγότος
892 2591 989 2643 ὡδὶ
1013 2591 1108 2644 τοῦ
1135 2592 1408 2664 μακαρίου
1442 2576 1658 2647 Παύλου
1686 2594 1875 2664 σαφῶς
1902 2578 2029 2668 περί

429 2693 492 2731 τε
524 2678 624 2747 τῆς
664 2678 897 2751 Πρώτης
927 2681 1020 2734 καὶ
1058 2683 1328 2752 Δευτέρας
1356 2683 1652 2755 Διαοήκης·
1692 2703 1711 2736 ι
1765 2686 1827 2738 El
1858 2686 1967 2757 γὰρ
1994 2688 2029 2759 ἡ

428 2768 677 2825 διακονία
704 2774 805 2843 τῆς
848 2775 1231 2846 κατακρίσεως
1265 2774 1392 2839 δόξα
1414 2814 1429 2838 ,
1461 2775 1646 2846 πολλῷ
1688 2777 1890 2845 μᾶλλον
1926 2796 2026 2831 πε-

435 2862 679 2932 ρισσεύει
711 2865 745 2935 ἡ
779 2864 1027 2920 διακονία
1054 2866 1153 2937 τῆς
1183 2865 1532 2937 δικαιοσύνης
1567 2869 1624 2920 ὲν
1653 2868 1803 2939 ὃόξῃ;
1836 2888 1853 2919 ι
1883 2871 2031 2923 Κατ-

431 2954 674 3025 ήργηται
706 2955 807 3027 μὲν
839 2955 1011 3028 γὰρὴ
1062 2957 1158 3010 τοῦ
1192 2957 1362 3029 νόμου
1407 2957 1556 3023 σκιὰ,
1592 2959 1769 3012 καίτοι
1805 2963 1870 3031 τῇ
1902 2960 2027 3033 δόξῃ

428 3049 771 3119 τετιμημένη
800 3051 867 3120 τῇ
907 3047 995 3103 διὰ
1024 3049 1289 3114 Μωσέως,
1322 3050 1491 3121 ἤγουν
1534 3053 1600 3122 τῇ
1643 3054 1701 3104 ὲν
1749 3052 2031 3123 προσώπῳ

429 3138 707 3203 Μωσέως.
740 3139 912 3194 Μένει
955 3141 1013 3195 δὲ
1062 3138 1338 3196 ἀσάλευτα
1377 3141 1448 3195 τὰ
1481 3141 1570 3197 διὰ
1608 3143 1851 3214 Χριστοῦ
1878 3185 1892 3206 ,
1926 3145 2028 3198 καὶ

432 3232 658 3286 πλουτεῖ
692 3233 913 3299 πάντως
941 3234 1039 3306 τὴν
1071 3236 1282 3305 ἀμείνω
1328 3235 1428 3304 τῆς
1457 3235 1828 3307 ἀρχαιοτέρας
1868 3235 2028 3302 δόξαν

429 3341 492 3378 τε
527 3325 624 3379 καὶ
656 3325 837 3397 χάριν.
875 3328 1309 3400 Περιῃρημένων
1341 3327 1632 3398 τοιγαροῦν
1657 3330 1766 3382 τῶν
1788 3332 1847 3383 ὲν
1879 3331 2031 3402 νόμῳ

426 3419 958 3490 κατασκιασμάτων,
986 3439 1004 3471 ι
1036 3420 1133 3473 τὴν
1146 3420 1301 3484 δόξαν
1318 3419 1453 3474 Θεοῦ
1477 3420 1976 3494 κατοπτριζόμεθα,
2005 3441 2024 3474 ι

427 3510 575 3566 κατὰ
601 3511 663 3564 τὸ
685 3512 1090 3584 γεγραμμένον.
1129 3514 1193 3566 Ei
1222 3513 1556 3584 ἀκούσωμεν
1605 3516 1663 3568 ὲν
1692 3514 1849 3587 τύπῳ
1890 3532 2031 3585 σφα-

431 3601 662 3671 ζόμενον
684 3603 777 3656 τὸν
803 3604 996 3675 ἀμνὸν,
1018 3604 1220 3669 εὑοέως
1239 3604 1600 3678 γινώσκωμεν
1625 3607 1687 3661 τὸ
1709 3610 2026 3681 μυστήριον,

330 3704 333 3705 ⁷
427 3693 795 3766 γνωρίζοντες
845 3696 1038 3767 ἀμνὸν,
1077 3696 1138 3761 ὃς
1169 3698 1237 3752 δι’
1266 3700 1417 3769 ἡμᾶς
1448 3700 1543 3753 καὶ
1573 3699 1713 3773 ὑπὲρ
1750 3701 1909 3772 ήμῶν
1937 3703 2034 3756 ἁν-

428 3784 634 3857 ἐθηκεν
663 3788 857 3843 ἑαυτὸν
888 3791 968 3854 εἰς
991 3790 1169 3862 ὀσμὴν
1199 3791 1430 3856 εὐωδίας
1456 3791 1535 3863 τῷ
1556 3792 1677 3865 Θεῷ
1700 3795 1796 3848 καὶ
1828 3795 2027 3867 Πατρί.

430 3877 554 3934 Κᾶν
589 3897 609 3931 ι
653 3880 850 3945 σποδὸς
876 3881 1166 3953 δαμάλεως
1194 3883 1520 3954 ῥαντίζουσα
1542 3887 1672 3950 τοὺς
1700 3887 2032 3959 κεκοινωμέ-

427 3988 559 4037 νους
607 3973 809 4045 ἀγιάζῃ
851 3974 992 4046 πρὸς
1037 3974 1139 4047 τὴν
1167 3978 1269 4047 τῆς
1315 3978 1521 4050 σαρκὸς
1567 3979 1956 4052 καθαρότητα·
2003 4000 2023 4034 ›

430 4065 599 4119 πάλιν
618 4066 774 4120 οὐδὲν
802 4062 967 4141 ἦττον
995 4068 1282 4140 νοήσωμεν
1307 4069 1406 4142 τὴν
1434 4070 1524 4123 διὰ
1548 4071 1785 4142 Χριστοῦ
1815 4072 2028 4144 κάθαρ-

428 4173 551 4223 σιν,
591 4158 626 4232 ἡ
659 4159 728 4213 δι’
763 4159 958 4225 ὕδατός
1003 4179 1063 4215 τε
1104 4162 1201 4216 καὶ
1242 4161 1555 4233 πνεύματος
1583 4205 1597 4229 ,
1632 4164 1693 4217 οὐ
1743 4165 2026 4237 σαρκικῶν

427 4253 581 4325 ἡμᾶς
611 4252 1031 4309 ἀπαλλάττουσα
1062 4255 1284 4327 ρύπων,
1324 4255 1463 4311 ἀλλὰ
1500 4257 1609 4309 τῶν
1646 4258 1704 4310 ὲν
1751 4257 2027 4328 πνεύματι

427 4344 529 4400 καὶ
556 4344 703 4418 ψυχῇ
740 4346 1036 4418 μολυσμῶν
1067 4346 1159 4401 τὸν
1193 4347 1385 4419 μῶμον
1424 4347 1788 4402 ὲκπλύνουσα.
1835 4350 2026 4419 Ἣγιά-

2131 2052 2390 2108 nistratio
2434 2049 2810 2106 damnationis
2829 2054 2915 2103 est
2955 2048 3011 2101 in
3072 2045 3281 2115 gloria,
3331 2042 3506 2098 multo
3558 2040 3736 2111 magis

2131 2140 2445 2197 exuberans
2477 2138 2854 2195 ministerium
2897 2137 3131 2210 justitim
3155 2136 3210 2190 in
3238 2133 3412 2206 gloria
3434 2133 3501 2187 ⁸⁸.
3542 2152 3560 2185 ι
3589 2133 3738 2187 Eva-

2131 2243 2293 2290 cuata
2327 2234 2477 2289 enim
2522 2241 2608 2289 est
2653 2232 2795 2302 legis
2862 2231 3081 2294 umbra,
3130 2226 3349 2284 etiamsi
3384 2225 3558 2297 gloria
3597 2222 3736 2279 insi-

2131 2329 2280 2397 gnita
2305 2343 2403 2397 per
2431 2326 2639 2389 Mosen,
2666 2323 2783 2380 sive
2811 2339 2877 2378 ea
2906 2338 3029 2393 quae
3062 2322 3119 2375 in
3158 2319 3297 2375 facie
3330 2317 3497 2374 Mosis
3525 2316 3724 2372 eluxit.

2128 2421 2202 2477 At
2237 2418 2442 2476 Christi
2489 2416 2661 2489 gloria
2708 2424 2897 2471 manet
2944 2415 3304 2478 inconcussa,
3339 2420 3397 2466 et
3434 2410 3576 2465 ditat
3631 2422 3735 2464 nos

2131 2513 2294 2585 longe
2321 2512 2551 2567 meliore
2581 2519 2638 2566 et
2670 2508 2844 2580 gloria
2868 2517 2926 2563 et
2953 2506 3127 2578 gratia
3152 2547 3164 2570 ,
3191 2520 3357 2576 quam
3378 2513 3464 2560 est
3494 2503 3648 2574 prior
3678 2510 3736 2556 et

2132 2603 2362 2673 antiqua
2396 2586 2592 2673 gloria.
2620 2599 2864 2655 Sublatis
2899 2598 3067 2669 igitur
3110 2597 3249 2667 legis
3290 2594 3733 2651 adumbrationi-

2131 2693 2238 2749 bus
2275 2714 2293 2745 ι
2332 2694 2564 2765 gloriam
2622 2692 2843 2747 Domini
2881 2687 3315 2760 speculamur”,
3352 2708 3370 2740 ι
3408 2689 3554 2743 sicut
3591 2686 3733 2742 scri-

2094 2780 2097 2783 Α
2132 2795 2287 2858 ptum
2312 2795 2417 2841 est.
2445 2785 2718 2853 Quocurca
2762 2783 2807 2838 si
2844 2782 3140 2838 audiamus
3164 2782 3219 2835 in
3252 2790 3383 2852 typo
3428 2785 3733 2834 mactatum

2070 2918 2075 2921 -
2132 2894 2358 2949 agnum,
2396 2877 2662 2931 continuo
2713 2873 3087 2943 intelligamus
3135 2870 3484 2943 mysterium,
3527 2883 3732 2940 cogno-

2133 2980 2352 3026 scentes
2373 2985 2597 3038 agnum,
2631 2968 2725 3039 qui
2754 2977 2981 3038 propter
3019 2981 3122 3020 nos
3157 2973 3214 3020 et
3244 2980 3348 3034 pro
3379 2962 3544 3017 nobis
3563 2962 3730 3016 obtu-

2131 3062 2198 3117 lit
2225 3063 2468 3131 seipsum
2499 3062 2554 3115 in
2604 3059 2834 3115 odorem
2863 3055 3178 3127 fragrantiae
3206 3054 3318 3109 Deo
3343 3067 3409 3108 ac
3446 3052 3616 3108 Patri.
3663 3052 3734 3107 Et

2132 3168 2259 3210 cum
2298 3171 2317 3203 ι
2356 3152 2499 3207 cinis
2521 3150 2709 3205 vitula:
2752 3162 3014 3219 aspersus
3045 3144 3454 3201 contaminatos
3484 3142 3732 3198 sanctiﬁ-

2132 3254 2220 3302 cet
2243 3245 2311 3300 ad
2334 3243 2784 3302 emundationem
2808 3241 2991 3297 carnis
3009 3240 3056 3270 ⁸⁸
3078 3231 3104 3304 ,⁸
3124 3258 3142 3291 ι
3173 3237 3322 3293 haud
3346 3253 3508 3294 secus
3530 3237 3733 3293 iterum

2130 3338 2337 3394 Christi
2381 3336 2829 3408 puriﬁcationem
2896 3332 3274 3403 intelligemus
3340 3346 3465 3402 quae
3517 3329 3579 3385 ﬁt
3631 3345 3734 3402 per

2130 3446 2328 3501 aquam
2353 3437 2409 3484 ct
2441 3429 2720 3498 spiritum,
2757 3440 2945 3497 neque
2987 3424 3239 3480 carnales
3265 3432 3491 3479 nostras
3534 3422 3736 3478 sordes

2130 3522 2418 3595 abstergit,
2445 3522 2541 3577 sed
2574 3521 2895 3592 spirituales
2918 3527 2975 3575 et
3010 3519 3209 3575 animae
3243 3518 3491 3574 maculas
3531 3517 3731 3572 abluit.

2132 3613 2320 3669 Sancti
2350 3615 2501 3668 enim
2541 3627 2735 3669 sumus
2778 3612 2836 3667 in
2876 3611 3122 3668 Christo.
3168 3609 3512 3681 Adjiciemus
3550 3619 3735 3665 autem

2130 3707 2426 3763 etiam'hoc
2446 3722 2556 3760 non
2587 3704 2687 3760 abs
2716 3720 2797 3760 re.
2827 3692 3109 3760 Hactenus
3128 3703 3276 3758 enim
3295 3702 3538 3773 capitum
3562 3701 3736 3758 Exodi

2128 3797 2539 3854 enarrationem
2581 3795 2937 3868 digessimus,
2976 3809 3091 3850 non
3115 3793 3264 3864 quod
3296 3793 3365 3848 ad
3394 3808 3590 3849 eorum
3614 3794 3760 3863 quas

2131 3888 2394 3957 deinceps
2428 3895 2743 3957 sequuntur
2766 3884 3195 3957 explicationem
3226 3884 3512 3956 segniores
3537 3884 3735 3949 simus,

2128 3979 2222 4036 sed
2236 3979 2384 4051 quod
2399 3978 2466 4034 iis
2480 3978 2662 4044 libris,
2681 3993 2821 4049 quos
2834 3977 2912 4031 De
2929 3977 3245 4032 adoratione
3259 3977 3315 4031 in
3329 3976 3522 4047 spiritu
3540 3984 3589 4029 et
3601 3974 3739 4030 aeri-

2132 4081 2241 4128 tate
2261 4071 2711 4142 conscripsimus,
2745 4077 3005 4125 accurate
3020 4068 3197 4124 sancti
3212 4067 3583 4123 Tabernaeuli
3607 4080 3738 4122 con-

2133 4166 2482 4223 stitutionem
2520 4162 3071 4233 investigaverimus,
3115 4168 3174 4215 et
3208 4159 3423 4231 singula
3450 4158 3733 4229 prosecuti

2133 4259 2309 4316 simus
2332 4271 2454 4328 quae
2489 4255 2545 4309 in
2584 4270 2652 4310 eo
2689 4261 2839 4318 sunt,
2872 4252 3318 4324 propitiatorium
3351 4292 3368 4319 ,
3407 4252 3656 4320 inquam,
3678 4258 3738 4306 et

2135 4366 2340 4414 arcam,
2370 4363 2638 4412 mensam,
2667 4362 2733 4401 ac
2755 4344 3152 4402 candelabrum
3172 4383 3188 4407 ,
3208 4342 3284 4397 ita
3314 4351 3376 4398 ut
3400 4341 3541 4397 nihil
3586 4341 3735 4411 quod

430 4437 611 4509 σμεθα
641 4438 753 4510 γὰρ
794 4440 853 4493 ὲν
882 4438 1126 4512 Χριστῷ.
1166 4440 1615 4512 Προσεποίσομεν
1645 4440 1701 4494 δὲ
1731 4441 1829 4495 καὶ
1863 4442 2025 4498 τοῦτο

2131 4441 2501 4500 declaratione
2518 4454 2681 4510 egere
2695 4437 3002 4501 videretur,
3015 4434 3388 4490 omiserimus.
3398 4434 3535 4489 Nam
3547 4433 3652 4489 hac
3665 4432 3737 4488 de

426 4530 740 4602 χρησίμως.
769 4530 949 4603 Μέχρι
975 4532 1086 4604 γὰρ
1123 4532 1313 4586 τούτου
1341 4531 1452 4585 τῶν
1495 4532 1553 4585 ὲν
1594 4534 1660 4605 τῇ
1705 4533 1903 4607 Ἐξὸδῳ
1933 4552 2026 4589 κε-

2133 4551 2194 4592 re
2234 4546 2416 4589 nonus
2429 4539 2486 4586 et
2507 4530 2759 4585 decimus
2773 4529 2919 4585 liber
2935 4528 3101 4583 nobis
3114 4534 3200 4583 est
3216 4534 3600 4597 consumptus.
3620 4525 3736 4581 Deo

429 4622 684 4691 φαλαίων
726 4623 829 4696 τὴν
865 4624 1145 4696 ἀφήγησιν
1188 4625 1525 4696 πμμετρεῖν
1568 4624 1914 4694 ἐγνώκαμεν,
1964 4627 2026 4682 οῦ

2132 4636 2319 4684 autem
2345 4632 2539 4681 nostro
2563 4624 2638 4679 sit
2660 4623 2836 4696 gloria
2862 4622 2920 4678 in
2942 4620 3141 4677 saecula
3164 4620 3516 4676 saeculorum.
3535 4619 3732 4675 Amen.

426 4718 573 4791 πρὸς
611 4717 711 4789 τὴν
737 4719 853 4773 τῶν
897 4719 1100 4789 ἐφεξῆς
1152 4720 1674 4792 καταναρκήσαντες
1713 4721 2036 4794 ἑρμηνείαν,
2079 4723 2197 4778 ἀλλ’
2266 4723 2348 4777 ὅτι
2417 4720 2545 4785 τοὺς
2585 4717 2725 4788 Περὶ
2758 4717 2871 4786 τῆς
2909 4717 2983 4772 ἐν
3025 4714 3323 4785 πνεύματί
3350 4731 3419 4768 τε
3455 4714 3552 4769 καί
3585 4714 3737 4780 diu-

426 4809 559 4877 θείᾳ
597 4811 1081 4879 προσκυνήσεως
1105 4811 1444 4876 συντιθέντες
1464 4811 1677 4879 λόγους,
1708 4815 1831 4877 ταῖς
1855 4812 2233 4885 καθηκούσαις
2255 4811 2509 4885 ὲρεύναις
2576 4809 3043 4881 ὑποϐεὸλήκαμεν
3107 4807 3280 4879 αὐτὴν
3310 4822 3371 4860 τε
3427 4805 3531 4876 τῆς
3571 4804 3736 4872 ἁγίας

429 4900 640 4970 σκηνῆς
666 4900 766 4972 τὴν
799 4902 1170 4974 κατασκευὴν,
1212 4902 1311 4956 καὶ
1355 4901 1566 4956 ἕκαστα
1603 4901 1712 4957 τῶν
1757 4905 1817 4957 ἐν
1867 4904 2006 4977 αὐτῇ
2049 4904 2342 4976 κειμένων,
2365 4901 2727 4974 ἁγιαστηρίου
2774 4917 2858 4966 τε,
2883 4898 3049 4971 φημὶ,
3072 4898 3163 4952 καὶ
3184 4897 3284 4968 τῆς
3312 4894 3572 4959 κιϐωτοῦ,
3601 4909 3736 4966 τρα·

431 4996 604 5064 πέζης
625 5038 641 5063 ,
679 4996 777 5051 καὶ
803 4995 1058 5070 λυχνίας,
1103 4999 1178 5062 ὡς
1206 4997 1573 5053 ὲλλελοιπέναι
1604 4999 1785 5053 δοκεῖν
1811 5001 1877 5071 τῇ
1921 5000 2031 5055 τῶν
2069 5001 2390 5070 ἀναγκαίων
2422 5000 2700 5070 ἀφηγήσει
2734 4996 2922 5069 μηδέν.
2957 4994 3425 5064 Δεδαπανήκαμεν
3488 4989 3596 5061 γὰρ
3654 4990 3753 5054 εἰς’

429 5087 621 5144 τοῦτόν
650 5106 716 5159 γε
754 5089 978 5146 ἔννατον
1004 5092 1101 5146 καὶ
1156 5091 1387 5148 δέκατον
1430 5092 1611 5163 λόγον.
1682 5093 1804 5165 Θεῷ
1845 5092 1903 5147 δὲ
1934 5093 2097 5166 ἡμῶν
2134 5093 2262 5161 δόξα
2288 5096 2369 5158 είς
2400 5093 2601 5157 αἰῶνας
2639 5089 2750 5145 τῶν
2775 5086 3010 5143 αἰώνων.
3052 5085 3250 5157 Ἀμήν.

500 5259 548 5292 ⁸⁸
587 5261 632 5317 ιι
659 5261 789 5320 Cor.
827 5281 905 5331 ιη,
940 5265 1024 5321 18.
1092 5265 1138 5299 ⁸⁸
1163 5263 1303 5320 Ibid.
1340 5263 1395 5320 9.
1473 5261 1519 5295 "’
1548 5264 1685 5319 lbid.
1720 5264 1806 5319 l8.
1881 5265 1928 5299 ⁸⁸
1975 5264 2029 5321 Ηι

2133 5307 2147 5320 .
2182 5280 2259 5332 Ix,
2287 5264 2376 5320 15.
