4060 6450
393 378 501 436 539

412 571 2807 604 Μ

1415 383 1475 441 8.
1501 383 1781 440 CYlllLLl
1814 384 2287 443 ALEXANDRINI
2326 388 2646 446 ABCHlEP.

3548 397 3679 452 5ὶο-

2782 586 3615 622 W

1203 740 1431 827 ΤΟΥ
1501 744 1648 831 ΕΝ
1710 742 2073 832 ΛΓΙΟΙΣ
2110 748 2542 837 ΠΑΤΡΟΣ
2603 754 2931 841 ΗΜΩΝ

1502 936 2545 1073 ΚΥΡΙΑΛΟΥ

1453 1156 2020 1240 ᾹΡΧιεΠιΣκοηοΥ
2084 1185 2607 1243 ΔΛΕΞΑΝΔΡΕΙΑΣ

884 1341 1678 1471 ΓΛΑΦΥΡΩΝ
1734 1358 1976 1472 ΕΙΣ
2030 1358 2238 1475 ΤΟ
2300 1354 3139 1481 ΛΕΥΙΤΙΚΟΝ

1816 1603 2289 1693 ΒΙΒΛΙΟΝ.

1293 1949 1452 2106 S.
1497 1957 1671 2104 P.
1735 1956 1919 2106 Ν.
1978 1954 2762 2109 CYRILLI

1532 2217 2000 2276 ALEXANka
2035 2217 2558 2277 ARCHIEPISCOPI

819 2362 2039 2529 GLAPHYRORUM
2125 2400 2288 2524 IN
2371 2395 3262 2533 LEVITICUM

1862 2649 1963 2728 LI
1978 2651 2199 2728 BER.

599 2960 759 3034 343
787 2958 938 3027 Quod
969 2959 1163 3016 Christi
1191 2964 1364 3034 passio
1395 2966 1462 3019 sit
1499 2963 1783 3021 salutaris.

471 3053 618 3110 Deus
670 3046 835 3125 hujus
881 3053 1126 3109 universi
1181 3070 1293 3111 non
1320 3056 1452 3113 fecit
1488 3067 1746 3121 mortem.
1795 3074 1976 3129 neque

401 3143 710 3201 delectatur
722 3144 946 3199 interitu
962 3145 1266 3200 vit'entium
1283 3145 1354 3212 ⁸⁸,
1374 3148 1471 3203 sed
1486 3156 1682 3204 cuncta
1696 3150 1904 3205 creavit
1919 3157 1981 3205 ut

401 3242 608 3299 essent,
639 3241 697 3288 et
720 3234 994 3289 salutares
1022 3242 1151 3290 sunt
1172 3238 1561 3308 generationes
1575 3240 1788 3297 mundi.
1829 3261 1845 3292 ι
1876 3242 1981 3297 Ne-

402 3338 511 3393 que
547 3331 633 3379 est
662 3322 966 3378 inferorum
995 3340 1225 3395 regnum
1278 3326 1334 3381 in
1375 3336 1549 3394 terra,
1584 3347 1604 3381 ›
1656 3329 1803 3383 sicut
1840 3330 1979 3384 scri-

404 3423 557 3483 ptum
593 3416 783 3470 est”:
816 3434 835 3467 ι
865 3416 1073 3470 invidia
1098 3425 1281 3473 autem
1307 3419 1514 3475 diaboli
1549 3436 1700 3476 mors
1753 3420 1982 3475 intravit

404 3508 461 3562 in
490 3509 757 3563 mundum
776 3509 873 3562 ".i
904 3509 961 3562 ln
980 3510 1082 3565 hac
1107 3518 1291 3566 autcm
1315 3513 1562 3567 oratione
1581 3528 1745 3583 perse
1768 3513 1983 3568 eluceat

402 3599 628 3655 veritas.
675 3600 864 3670 Neque
893 3600 1041 3654 enim
1068 3600 1296 3657 Creator
1339 3611 1449 3657 tam
1493 3603 1789 3675 gloriosam
1816 3613 1981 3675 atque

402 3688 783 3744 admirabilem
808 3698 1116 3746 creaturam
1140 3692 1375 3763 subjecit
1403 3693 1492 3759 iis,
1520 3709 1643 3763 quae
1677 3693 1836 3752 facile
1860 3710 1984 3750 cor-

402 3781 581 3850 rumpi
606 3781 804 3846 solent,
831 3781 927 3836 sed
950 3797 1098 3838 mors
1119 3797 1188 3837 ex
1218 3784 1300 3838 ira
1321 3784 1601 3853 provenit,
1624 3799 1755 3839 cum
1768 3785 1983 3855 primus

401 3888 602 3942 parcns
627 3872 797 3927 Adam
823 3875 1073 3944 neglecto
1107 3874 1296 3937 divino
1319 3884 1597 3947 przecepto
1616 3877 1684 3932 ad
1720 3878 1980 3934 incredu-

401 3967 612 4022 litatem
638 3966 1182 4038 inobedientiamque
1206 3967 1525 4024 declinavit.
1582 3970 1812 4026 Sublata
1850 3988 1983 4028 vero

403 4072 595 4112 rursus
623 4066 754 4113 sunt
776 4074 874 4128 per
900 4059 1107 4114 Christi
1136 4058 1512 4115 obedientiam
1547 4064 1713 4118 unius
1741 4064 1986 4121 hominis

400 4148 618 4204 delicta.
669 4149 960 4205 Justiﬁcati
1009 4150 1157 4204 enim
1213 4165 1406 4205 sumus
1456 4152 1514 4207 in
1538 4151 1781 4210 Christo.
1813 4154 1983 4225 Cujus

401 4242 478 4296 rei
514 4242 667 4295 testis
692 4242 803 4296 erit
828 4241 1050 4295 divinus
1070 4241 1291 4308 Paulus,
1331 4243 1427 4312 qui
1450 4243 1524 4300 ita
1550 4246 1747 4301 scribit
1779 4265 1790 4299 :
1818 4245 1985 4318 344

2006 2990 2056 3049 Δ

2328 2962 2459 3017 ὀτι
2484 2961 2742 3031 Χριστοῦ
2771 2960 2836 3015 τὸ
2860 2959 3074 3026 πάθος,
3103 2959 3419 3027 σωτήριον.

2154 3061 2224 3110 α’.
2276 3052 2340 3109 'O
2369 3053 2468 3125 μὲν
2497 3052 2607 3107 τῶν
2651 3052 2789 3105 ὅλων
2816 3051 2949 3114 Θεὸς
2982 3050 3209 3105 θάνατον
3243 3048 3344 3103 οὐκ
3387 3048 3663 3119 ἐποίησεν.

2080 3144 2202 3198 οὐδὲ
2233 3143 2498 3213 τέρπεται
2522 3142 2608 3195 ἐπ’
2638 3140 2883 3212 ἀπωλείᾳ
2926 3138 3171 3204 ζὼντωψ
3208 3138 3321 3192 ἀλλ’
3345 3137 3529 3192 ἔκτισε
3565 3138 3665 3208 μὲν

2081 3238 2158 3300 εἰς
2189 3235 2247 3288 τὸ
2280 3230 2423 3288 εῖναι·
2450 3232 2520 3287 τὰ
2549 3233 2724 3287 πάντα
2745 3274 2758 3296 ,
2788 3231 2884 3286 καὶ
2911 3233 3169 3305 σωτήριοι
3211 3232 3269 3284 αἱ
3297 3231 3540 3301 γενέσεις
3568 3227 3666 3285 τοῦ

2081 3326 2308 3397 κόσμου.
2338 3343 2357 3375 ι
2382 3324 2493 3379 Kal.
2506 3324 2605 3377 οὐκ
2629 3324 2774 3377 ἐστιν
2792 3322 2931 3395 ,ᾅδου
2954 3323 3225 3394 βασίλειον
3249 3322 3343 3376 ἐπὶ
3360 3314 3605 3393 τῆς-γῆς’,
3639 3339 3660 3374 ο

2082 3417 2227 3471 καθὰ
2258 3415 2597 3486 γέγραπται·
2648 3435 2665 3466 ι
2705 3414 2884 3486 φθόνῳ
2914 3414 2975 3468 δὲ.
3004 3413 3249 3467 διαϐόλου
3277 3414 3511 3478 Θάνατος
3550 3413 3666 3466 εἰσ-

2079 3509 2241 3582 ῆλθεν
2282 3511 2361 3571 είς
2390 3508 2480 3563 τὸν
2517 3509 2742 3578 κόσμον.
2783 3526 2802 3560 ι
2845 3489 3002 3577 "lith
3048 3507 3093 3561 δ’
3146 3506 3213 3561 ἂν
3239 3507 3328 3577 ἐφ’
3364 3504 3544 3576 ἑαυτῷ
3574 3506 3668 3559 καὶ

2085 3600 2232 3671 μάλα
2259 3599 2487 3661 εἰκότως
2526 3599 2586 3651 τὸ
2613 3598 2813 3669 ἀληθὲς
2850 3601 2879 3654 ὁ
2907 3599 3086 3667 λόγος.
3128 3597 3203 3652 Οὐ
3237 3597 3348 3669 γὰρ
3388 3596 3454 3650 ἂν
3496 3594 3667 3658 οὕτως

2081 3692 2283 3745 εὐκλεᾶ
2308 3690 2404 3744 καὶ
2441 3688 2876 3760 ἀξιοθαύμαστον
2914 3693 3026 3753 τοῖς
3065 3688 3309 3752 εὐκόλως
3348 3685 3668 3758 φθείρεσθαι

2083 3782 2380 3851 πεφυκόσιν
2410 3781 2790 3851 ὲναπέθηκενὸ
2814 3780 3177 3853 Δημιουργὸς,
3206 3780 3342 3834 ἀλλὰ
3368 3777 3669 3851 trapeto“-

2082 3875 2251 3946 ὕληκε
2288 3875 2387 3946 μὲν
2411 3875 2469 3941 ἐξ
2502 3875 2674 3945 ὀργῆς
2701 3874 2996 3940 ὁθάνατος,
3029 3874 3111 3928 ὅτι
3134 3858 3234 3944 τῆς
3257 3872 3405 3935 θείας
3422 3869 3667 3944 ἀλ[ο]γή·

2085 3984 2183 4031 σας
2244 3967 2466 4037 ἐντολῆς
2500 3967 2862 4021 ἀπονένευκεν
2893 3968 2974 4029 εἰς
3025 3966 3086 4019 τὸ
3146 3964 3372 4027 ἀπειθὲς
3412 3963 3506 4017 καὶ
3544 3963 3667 4016 Buc-

2084 4061 2232 4133 ήνιον
2257 4062 2285 4114 ὁ
2325 4058 2629 4130 προπάτωρ
2671 4055 3183 4128 Ἀδάμ.Ἀνῄρηται
3222 4055 3279 4109 δὲ
3316 4054 3526 4117 λοιπὸν,
3568 4051 3667 4107 καὶ

2084 4154 2148 4206 ἐκ
2198 4153 2364 4223 μέσου
2407 4154 2632 4221 γέγονεν
2673 4153 2729 4206 ὲν
2768 4149 2992 4222 Χριστῷ
3030 4150 3096 4204 δι’
3136 4148 3384 4215 ὑπακοῆς
3424 4146 3519 4201 τοῦ
3554 4146 3667 4211 ἐνὸς

2085 4244 2376 4318 ἀνθρώπου
2400 4246 2466 4299 τὰ
2485 4242 2834 4316 ἐγκλήματα.
2859 4242 3272 4314 Δεδικαιώμεθα
3287 4242 3397 4313 γὰρ
3419 4243 3476 4295 ὲν
3498 4239 3667 4311 αὐτῷ·

406 4349 425 4380 ι
480 4329 953 4393 Quemadmodum
1002 4329 1152 4385 enim
1188 4347 1288 4401 per
1327 4332 1759 4389 inobedientiam
1815 4335 1981 4390 unius

2086 4338 2182 4390 καὶ
2216 4339 2559 4409 μαρτυρήσει
2590 4337 2820 4408 γράφων
2842 4337 2869 4389 ὁ
2892 4336 3180 4400 θεσπέσιος
3208 4335 3419 4398 Παῦλος
3440 4349 3454 4363 ⁸
3488 4353 3507 4385 ι
3543 4335 3669 4388 Ὠσ-
3710 4354 3739 4366 ο

400 4419 640 4489 hominis
675 4427 997 4489 peccatores
1018 4422 1303 4477 constituti
1327 4432 1456 4478 sunt
1486 4426 1675 4492 multi;
1706 4427 1781 4481 ita
1810 4434 1868 4482 et
1883 4443 1981 4497 per

2085 4442 2193 4496 περ
2239 4426 2348 4496 γὰρ
2385 4426 2475 4480 διὰ
2502 4427 2789 4497 παρακοῆς
2819 4425 2910 4479 τοῦ
2941 4425 3059 4489 ἑνὸς
3093 4426 3381 4497 ἀνθρώπου
3409 4425 3668 4498 ἁμαρτω-

397 4511 767 4567 ohedicntiam
794 4510 958 4567 unius
987 4512 1226 4568 hominis
1242 4514 1374 4584 justi
1404 4516 1815 4572 constituentur
1841 4519 1984 4573 mul—

399 4606 441 4659 ti
475 4606 538 4656 ⁹².
589 4624 608 4655 ›
660 4605 912 4659 Damnati
945 4605 1094 4659 enim
1130 4606 1188 4659 in
1233 4605 1329 4660 illo
1357 4622 1581 4662 eramus
1620 4608 1690 4663 ad
1722 4619 1979 4675 mortem,

397 4696 835 4753 misericordiam
873 4705 1060 4750 autem
1100 4699 1383 4753 consecuti
1441 4715 1634 4755 sumus
1687 4716 1787 4770 per
1824 4701 1984 4756 Chri-

396 4800 565 4862 stum,
598 4800 655 4844 ct
684 4789 751 4844 ad
775 4789 946 4843 vitam
990 4789 1236 4844 renovati
1268 4807 1282 4855 ;
1308 4791 1513 4860 quippe
1543 4792 1640 4862 qui
1678 4792 1824 4847 Patri
1850 4793 1985 4848 obe-

397 4861 556 4938 diens
602 4881 675 4937 sit
725 4880 904 4936 factus
928 4896 1102 4950 usque
1126 4881 1195 4935 ad
1226 4891 1461 4936 mortem
1493 4883 1559 4947 ’³,
1619 4885 1981 4954 posueritque

395 4973 635 5028 animam
685 4988 839 5027 suam
866 4987 966 5042 pro
995 4972 1157 5027 nobis
1183 4973 1229 5003 ”
1256 4989 1272 5039 ;
1308 4973 1405 5028 «Et
1454 4974 1625 5029 livore
1659 4977 1779 5046 ejus
1805 4977 1981 5031 sanati

395 5080 608 5129 sumus,
639 5083 659 5116 ι
685 5064 989 5119 secundum
1013 5063 1331 5134 Scripturas
1353 5065 1420 5119 9".
1452 5065 1834 5122 Conveniebat
1883 5083 1982 5122 au—

397 5163 507 5211 tem
528 5162 706 5210 utnos
730 5156 786 5209 in
820 5155 1028 5212 Adamo
1054 5155 1201 5211 foedo
1258 5157 1579 5213 laborantes
1610 5166 1837 5228 peccato
1868 5158 1983 5213 elli-

396 5262 651 5302 ceremur
679 5247 734 5300 in
756 5245 979 5303 Christo
1004 5247 1328 5318 spiritualis,
1356 5256 1412 5303 et
1428 5249 1756 5305 suaveolens
1781 5251 1893 5304 Deo
1916 5265 1981 5305 ac

397 5337 570 5403 Patri,
609 5337 863 5409 bonaque
884 5348 942 5394 et
962 5352 1184 5409 accepta
1212 5339 1413 5407 hostia,
1462 5341 1735 5413 longeque
1785 5343 1982 5398 melior

398 5444 562 5499 quam
582 5438 713 5484 sunt
740 5430 1062 5485 mnbratiles
1078 5431 1215 5501 legis
1252 5432 1471 5489 hostire.
1503 5434 1760 5490 Christus
1811 5436 1981 5507 igitur

396 5530 481 5576 est
500 5521 757 5592 primitiae
780 5529 1001 5586 nostrae,
1032 5524 1193 5578 nobis
1219 5525 1350 5580 fecit
1379 5535 1436 5581 et
1462 5526 1976 5594 instauravitviam,

399 5612 535 5666 sicut
553 5612 631 5666 ait
653 5611 709 5665 in
734 5610 878 5665 libro
918 5611 1258 5668 Psalmorum
1291 5615 1361 5670 ad.
1389 5618 1605 5672 Patrem
1650 5620 1930 5675 caelestem
1962 5638 1975 5674 :

2083 4520 2163 4572 λοὶ
2196 4519 2606 4590 κατεστάθησαν
2636 4520 2686 4572 οἱ
2732 4516 2948 4580 πολλοὶ,
2983 4516 3128 4570 οὕτω
3161 4518 3255 4571 καὶ⁵
3302 4518 3390 4572 διὰ
3431 4520 3530 4589 τῆς
3569 4517 3669 4568 ὑπ-

2082 4613 2251 4683 ακοῆς
2288 4612 2381 4665 τοῦ
2420 4611 2538 4675 ὲνδς
2594 4609 2887 4681 ἀνθρώπου
2932 4610 3131 4663 δίκαιοι
3165 4608 3668 4679 κατασταθήῖονται

2082 4707 2132 4758 οἱ
2170 4703 2374 4757 πολλοί.
2419 4723 2437 4754 ι
2490 4700 3016 4772 Καταδεδικάσμεθα
3048 4701 3159 4773 γὰρ
3192 4701 3251 4755 ὲν
3299 4699 3491 4770 ἐκείνῳ
3537 4698 3671 4767 προς

2084 4795 2311 4849 θάνατον
2332 4813 2343 4824 ·
2379 4792 2660 4864 ἡλεήμεθα
2690 4793 2747 4847 δὲ
2772 4792 2861 4845 διὰ
2890 4792 3150 4863 Χριστοῦ,
3180 4794 3275 4845 καί⁵
3304 4791 3672 4860 ἁνεκαινίσθηο

2086 4904 2186 4957 μεν
2225 4886 2303 4949 εἰς
2337 4885 2481 4956 ζωήν
2503 4902 2516 4914 ·
2545 4883 2735 4952 γέγονε
2763 4884 2870 4956 γὰρ
2903 4884 3142 4952 ὑπήκοος
3176 4882 3257 4954 τῷ
3295 4884 3473 4955 Πατρὶ
3511 4882 3672 4955 μέχρι

2084 4977 2340 5040 θανάτου,
2372 4977 2467 5031 καὶ
2498 4976 2710 5029 τέθεικε
2756 4975 2855 5047 τὴν
2893 4976 3070 5049 ψυχὴν
3103 4976 3239 5048 ὑπὲρ
3271 4976 3429 5047 ἡμῶν
3450 4994 3463 5007 ·
3497 4996 3516 5027 ι
3566 4976 3673 5031 Καὶ

2082 5070 2161 5141 τῷ
2195 5068 2422 5140 μώλωπι
2456 5067 2621 5122 αὐτοῦ
2654 5069 2817 5139 ἡμεῖς
2851 5068 3102 5138 ἰάθημεν,
3140 5085 3160 5119 ι
3197 5067 3339 5121 κατὰ
3382 5068 3481 5130 τὰς
3528 5066 3673 5137 Γρα-

2085 5162 2211 5231 φάς.
2247 5161 2384 5232 Φαίη
2428 5161 2471 5214 δ’
2506 5160 2573 5238 ᾷν
2611 5161 2692 5214 ὅτι
2725 5160 2820 5214 καὶ
2852 5160 2949 5231 τὴν
2989 5159 3131 5213 κατὰ
3169 5159 3371 5230 κόσμον
3400 5158 3673 5231 ἁμαρτίαν

2085 5254 2538 5328 ἁρῤωστήσαντες
2577 5253 2636 5306 ὲν
2673 5251 2867 5321 Ἀδὰμ,
2902 5251 3206 5323 γεγόναμεν
3238 5251 3294 5303 ἐν
3324 5249 3546 5321 Χριστῷ
3583 5249 3670 5303 θ’.)⁸

2086 5346 2177 5400 σία
2207 5346 2555 5417 πνευματικὴ
2578 5344 2674 5399 καὶ
2702 5342 2908 5412 εὐώδης
2933 5341 3011 5413 τῷ
3041 5341 3158 5412 Θεῷ
3185 5342 3282 5396 καὶ
3310 5341 3507 5411 [lat-pl,
3536 5340 3678 5413 καλή

2083 5453 2144 5489 τε
2199 5437 2295 5490 καὶ
2333 5435 2776 5507 εὐπαρὰδεκτος,
2824 5432 2921 5486 καὶ
2962 5433 3065 5502 τῆς
3109 5435 3251 5489 κατὰ
3299 5432 3465 5503 νόμον
3520 5431 3679 5492 σκιᾶς

2086 5529 2221 5583 πολὺ
2254 5529 2371 5583 λίαν
2430 5530 2488 5582 ὲν
2523 5526 2826 5596 ἀμείνοσιν.
2876 5525 3125 5597 ’Ᾱπαρχὴ
3153 5525 3209 5581 δὲ
3246 5525 3427 5597 ἡμῶν,
3473 5526 3502 5578 ό
3542 5525 3671 5596 Χρισ

2089 5623 2234 5687 στος,
2281 5621 2374 5675 καὶ
2404 5619 2567 5681 αὐτὸς
2596 5620 2730 5689 ἡμῖν
2751 5617 3094 5673 ἀνεκαίνισεν
3123 5617 3220 5684 τὴν
3244 5616 3381 5670 ὁδόν·
3403 5615 3548 5670 οὕτω
3570 5615 3678 5683 γάρ

469 5723 513 5806 ’ξ’
557 5727 941 5806 Εῑθεῇ.“ἷν111.
988 5727 1078 5783 23.
1159 5731 1202 5762 ὀ
1237 5730 1362 5801 Sap.
1408 5750 1444 5797 ι,
1490 5733 1574 5788 ll.
1658 5736 1697 5766 "
1732 5736 1857 5806 Sap.
1890 5737 1981 5803 11,!

2140 5739 2186 5770 θ’
2236 5737 2392 5791 Rom.
2418 5753 2469 5796 ν,
2516 5733 2600 5788 19.
2681 5732 2728 5765 ’³
2748 5731 2984 5802 Philipp.
3026 5747 3085 5797 ll,
3119 5731 3169 5786 8.
3247 5732 3293 5765 ”
3322 5729 3680 5795 Joau.x,15.

403 5799 448 5830 ’λ
478 5798 583 5852 lsa.
618 5814 730 5863 Lm,
758 5798 811 5852 5.
