4060 6450
362 428 459 483 ςιι
486 404 495 409 ’

1384 414 1907 476 GLAPHYRORUM
1945 416 2012 471 IN
2054 415 2442 479 LEVITICUM
2477 422 2700 480 LIBER.

3546 432 3651 489 5ιῖ

360 543 466 598 ’τοὺ
501 556 669 614 φησιν
718 543 746 595 6
795 539 963 594 Δκϐὶδ
998 542 1056 594 ἐν
1105 537 1273 610 βίϐλῳ
1310 534 1559 607 Ψαλμῶν
1594 534 1728 607 πρὸς
1777 534 1869 588 τὸν
1899 536 1959 587 ὲν

2066 554 2085 586 ι
2122 535 2469 592 Sacriﬁcium
2496 547 2554 593 et
2576 539 2915 595 oblationem
2939 540 3168 597 noluisti
3196 558 3209 595 :
3239 557 3443 614 corpus
3457 554 3644 602 autem

360 636 615 707 οὐρανοῖς
649 633 873 705 Πατέρα
900 631 992 684 καὶ
1019 629 1156 684 Θεόν
1174 645 1188 658 ’
1226 645 1247 679 ε
1288 627 1492 681 Θυσίαν
1519 625 1615 681 καὶ
1638 625 1959 701 προσφορὰν

362 729 459 782 οὐκ
491 724 759 795 ὲθέλησας
787 740 803 754 ⁸
836 724 995 794 σῶμα
1021 723 1079 777 δὲ
1119 720 1434 792 κατηρτίσω
1464 738 1575 789 μοι.
1622 717 1960 773 Ὀλοκαυτώ-

364 836 514 890 ματα
543 817 640 873 καὶ
672 818 801 889 περὶ
827 815 1107 887 ἁμαρτίας
1130 814 1231 867 οὐκ
1253 813 1581 883 ηὖδόκησας.
1608 812 1743 864 Τότε
1766 807 1920 865 είπον
1940 823 1955 840 ’

375 911 505 964 Ἰδοὺ
548 910 673 981 ἥκω
697 950 713 974 ,
748 909 843 963 τοῦ
888 912 1109 980 ποιῆσαι
1134 948 1149 971 ,
1196 908 1226 959 ὀ
1253 906 1388 968 Θεὸς
1416 944 1431 967 ,
1467 904 1525 957 τὸ
1561 903 1778 973 θέλημά
1819 920 1914 956 σου
1941 942 1956 966 ,

369 1002 699 1075 ἠϐουλήθην.
748 1022 767 1055 ι
802 1003 916 1055 Καὶ
952 1000 1118 1055 ταυτὶ
1162 999 1228 1072 δὴ
1255 998 1420 1053 πάλιν
1452 997 1632 1062 ἔξεστι
1665 995 1961 1067 καταθρεῖν

372 1096 466 1149 καὶ
494 1098 558 1149 ἐκ
590 1094 699 1147 τῶν
729 1093 1139 1165 γεγραμμένων
1171 1094 1228 1145 ὲν
1262 1090 1339 1160 τῷ
1367 1087 1657 1159 Λευῖτικῷ.
1704 1088 1859 1157 Ἔχει
1902 1085 1960 1139 δὲ

368 1186 560 1250 οὕτως·
575 1205 593 1239 ι
618 1186 745 1239 Ἐὰν
756 1185 814 1239 δὲ
830 1185 1149 1257 προσφέρῃς
1162 1183 1223 1236 θυ
1233 1182 1353 1235 σίαν
1365 1177 1767 1253 πρωτογεν[ν]η
1776 1180 1962 1249 μάτων

365 1277 443 1348 τῷ
470 1271 663 1349 Κυρίῳ
682 1278 777 1331 νέα
796 1278 1160 1348 πεφρυγμένα
1189 1276 1348 1347 χίδρα
1380 1273 1603 1344 ὲρεικτὰ
1625 1272 1703 1343 τῷ
1732 1271 1925 1343 Κυρίῳ
1944 1310 1959 1336 ,

364 1373 462 1425 καὶ
504 1369 819 1441 προσοίσεις
844 1369 942 1441 τὴν
980 1368 1175 1422 θυσίαν
1200 1368 1311 1421 τῶν
1336 1363 1957 1438 πρωτογεν[ν]ημάτων,

363 1464 460 1515 καὶ
498 1463 753 1532 ὲπιχεεῖς
800 1462 889 1515 ἐπ’
938 1460 1109 1531 αὐτὴν
1151 1460 1361 1523 ἔλαιον,
1399 1460 1494 1512 καὶ
1540 1457 1825 1526 ἐπιθήσεις
1872 1454 1960 1508 ἐπ’

362 1553 536 1625 αὐτὴν
584 1552 827 1608 λίϐανον.
884 1551 1056 1605 Θυσία
1100 1551 1238 1605 ἐστί.
1289 1551 1403 1605 Καὶ
1446 1549 1651 1604 ἀνοίσει
1693 1548 1871 1617 ἱερεὺς
1899 1546 1960 1600 τδ

367 1645 717 1716 μνημόσυνον
745 1644 917 1714 αὐτῆς
948 1642 1058 1697 ἀπὸ
1075 1643 1185 1696 τῶν
1216 1642 1414 1715 χίδρων
1431 1642 1528 1695 σὺν
1561 1639 1639 1710 τῷ
1659 1638 1842 1709 ἐλαίῳ,
1866 1638 1963 1691 καὶ

365 1740 548 1792 πάντα
568 1738 657 1790 τὸν
682 1736 899 1791 λίϐανον
922 1735 1115 1807 αὐτῆς.
1145 1734 1427 1805 κάρπωμά
1451 1733 1568 1785 ἐστι
1597 1729 1676 1800 τῷ
1692 1728 1902 1799 Κυρίῳ.
1934 1746 1954 1781 ι

437 1831 501 1901 β’.
544 1830 812 1902 Ἐναργὴς
843 1824 941 1884 οὖν
973 1829 1096 1883 λίαν
1134 1829 1162 1881 ὀ
1189 1827 1285 1881 τοῦ
1315 1826 1644 1896 γράμματος
1674 1821 1829 1885 νοῦς,
1862 1820 1959 1875 καὶ

361 1925 463 1978 οὐκ
492 1923 558 1978 ἀν
590 1922 767 1977 δέοιτό
789 1938 952 1986 τινος,
984 1920 1238 1991 καθάπερ
1269 1911 1506 1987 ἐγῷμαι,
1533 1915 1696 1969 πόνου
1728 1913 1865 1986 πρός
1890 1929 1956 1981 γε

362 2017 424 2070 τὸ
472 2014 774 2073 δύνασθαι,
816 2013 983 2085 φημὶ,
1021 2010 1264 2065 συνιέναι
1299 2008 1532 2072 λεπτῶς.
1596 2007 1744 2078 Πλὴν
1777 2007 1959 2060 ἐκεῖνο

362 2113 472 2185 ἐρῶ
500 2127 513 2141 ⁸
557 2111 734 2182 Χίδρα
761 2110 981 2178 λέγεται
1013 2107 1083 2162 τὰ
1128 2107 1187 2173 ἐξ
1216 2105 1460 2176 ὀσπρίων
1486 2103 1715 2174 ἄλευρα.
1763 2100 1854 2153 Ἐν
1894 2099 1954 2153 δέ

362 2222 425 2274 γε
454 2206 567 2268 τοῖς
595 2202 792 2265 τύποις
822 2201 885 2255 τὸ
909 2197 1148 2272 Χριστοῦ
1178 2197 1446 2269 λαμϐάνει
1480 2195 1802 2268 μυστήριον.
1847 2192 1959 2247 Καὶ

361 2297 513 2350 ἔστιν
546 2295 711 2358 αὐτὸς
735 2297 768 2365 ὴ
789 2293 975 2363 ὑπὲρή
986 2291 1104 2361 μῶν
1117 2290 1298 2353 θυσία,
1314 2289 1375 2343 τὸ
1402 2285 1886 2361 πρωτογένῐν]ημα
1898 2284 1960 2338 τὸ

369 2386 757 2461 πνευματικὸν,
776 2385 1077 2448 τουτέστιν,
1102 2384 1137 2454 ἡ
1152 2382 1252 2451 τῆς
1273 2380 1692 2454 ἀνθρωπότητος
1708 2377 1957 2449 ἀπαρχὴ,

361 2480 391 2532 ὀ
419 2478 767 2551 πρωτότοκος
790 2477 854 2530 ὲκ
878 2472 1111 2546 νεκρῶν,
1142 2473 1171 2525 ὀ
1192 2471 1408 2543 πρῶτος
1433 2471 1513 2534 εἰς
1543 2467 1875 2540 ἀφθαρσίαν,
1900 2465 1961 2520 τὸ

359 2571 529 2625 οἱονεὶ
578 2568 911 2640 πρωτόλειον
939 2564 1050 2619 τῶν
1082 2564 1525 2634 κεκοιμημένων.
1580 2561 1669 2625 Ὦς
1703 2577 1722 2612 ι
1760 2559 1961 2623 κόκκος

369 2664 470 2735 μὲν
495 2661 591 2716 τοῦ
627 2662 780 2715 σίτου
822 2679 842 2713 ο
889 2656 1073 2712 πεσὼν
1112 2655 1207 2710 ὲπὶ
1243 2656 1342 2725 τὴν
1385 2654 1492 2725 γῆν
1517 2653 1616 2708 καὶ
1642 2649 1957 2717 ἀποθανὼν,

369 2756 639 2826 ἀπτάχυος
664 2753 719 2807 δὲ
741 2751 899 2823 δίκην
924 2748 1214 2811 πολλοστὸς
1237 2746 1466 2816 ἀναφὺς.
1495 2744 1669 2799 Τοῦτο
1690 2745 1801 2816 γάρ
1827 2744 1963 2814 ἡμῖν

369 2848 530 2911 αὐτὸς
555 2848 822 2915 ἀφηγεῖτο
844 2843 1019 2912 λέγων
1038 2858 1052 2873 ’
1080 2859 1098 2893 ι
1145 2841 1271 2893 Ἐὰν
1296 2839 1371 2911 μὴ
1394 2841 1422 2892 ὁ
1450 2838 1650 2902 κόκκος
1673 2836 1769 2891 τοῦ
1811 2836 1960 2891 σίτου

369 2937 552 2993 πεσὼν
599 2939 680 3001 εἰς
728 2937 829 3007 τὴν
862 2936 969 3005 γῆν
1014 2933 1264 3006 ἀποθάνῃ
1292 2974 1306 2997 ,
1345 2930 1510 2994 αὐτὸς
1558 2931 1722 3001 μόνος
1777 2929 1959 3000 μένει,

367 3032 463 3086 ἐὰν
496 3031 555 3085 δὲ
586 3029 871 3101 ἀποθάνῃ,
914 3028 1083 3082 πολὺν
1127 3024 1339 3096 καρπὸν
1375 3023 1553 3094 φέρει.
1613 3041 1632 3075 ι
1667 3021 1816 3092 Πλὴν
1856 3023 1964 3075 ἀπ-

364 3126 581 3190 έθανεν,
613 3124 673 3177 οὐ
703 3122 770 3175 δι’
795 3120 1010 3197 ἐαυτξιν,
1039 3119 1153 3173 ἀλλ’
1177 3121 1327 3189 ἡμῖν.
1352 3119 1428 3189 (1)
1462 3114 1600 3170 Ἀλλ’
1635 3116 1767 3187 ἡμῖν
1785 3116 1962 3185 ὑπεμα

2062 628 2332 699 adaptasti
2355 630 2510 685 mihi.
2537 631 2867 687 Holocausta
2888 642 2945 688 et
2970 649 3070 704 pro
3095 635 3343 704 peccatis
3362 652 3474 692 non
3504 654 3656 709 qua:-

2061 720 2259 776 sivisti.
2306 722 2464 778 Tunc
2499 723 2656 778 dixi:
2708 722 2850 780 Ecce
2875 726 3061 791 venio,
3118 734 3182 782 ut
3230 727 3451 794 faciam,
3482 729 3652 795 Deus,

2060 814 2401 869 voluntatem
2432 822 2606 881 tuam,
2632 817 2780 871 volui
2810 818 2876 871 ".
2917 836 2936 869 ι
2963 818 3169 873 Eadem
3196 819 3368 890 igitur
3398 823 3567 877 etiam
3596 824 3651 877 iu

2061 903 2130 958 iis
2156 920 2278 975 qua-
2302 905 2357 959 in
2377 905 2622 962 Levitico
2648 909 2853 978 scripta
2879 919 3028 974 sunt,
3059 910 3191 966 licet
3212 912 3378 967 nobis
3395 928 3650 969 cernere.

2062 996 2282 1050 Habent
2310 1008 2498 1052 autem
2531 997 2611 1052 ita
2637 1016 2651 1052 :
2683 1018 2700 1049 ι
2727 999 2785 1053 Si
2812 1001 3275 1057 autemobtuleris
3318 1004 3654 1059 sacriﬁcium

2060 1087 2434 1157 priutitiarum
2458 1098 2678 1145 tuarum
2707 1091 2940 1145 Domino
2985 1108 3129 1147 nova
3158 1094 3451 1150 torrefacta
3507 1096 3654 1152 farra

2061 1179 2398 1234 comminuta
2418 1180 2670 1245 Domino,
2701 1189 2759 1236 et
2808 1182 3044 1238 offerres
3088 1183 3419 1240 sacriﬁcium
3460 1188 3656 1257 primi-

2061 1271 2263 1327 tiarum
2315 1280 2555 1339 tuarum,
2592 1283 2649 1329 et
2697 1274 2950 1331 eﬁ‘undes
3006 1292 3165 1346 super
3224 1278 3404 1347 ipsum
3439 1281 3649 1345 oleum,

2059 1371 2117 1417 et
2151 1365 2401 1434 impones
2434 1380 2602 1436 super
2635 1365 2771 1421 illud
2832 1367 2980 1422 thus.
3043 1367 3392 1423 Sacriﬁcium
3438 1379 3545 1426 est.
3582 1371 3653 1427 Et

2061 1454 2259 1511 oﬁ‘eret
2284 1457 2543 1513 sacerdos
2595 1460 2923 1515 memoriale
2970 1462 3093 1537 ejus
3131 1462 3201 1517 de
3236 1462 3483 1519 farribus
3522 1480 3651 1520 cum

2060 1547 2204 1613 oleo,
2233 1558 2288 1603 et
2329 1564 2493 1605 omne
2554 1551 2686 1607 thus
2742 1552 2883 1623 ejus,
2914 1553 3096 1610 hostia
3138 1564 3224 1611 est
3253 1556 3490 1613 Domino
3519 1558 3587 1611 ".
3624 1576 3645 1610 ι

2132 1829 2187 1884 2.
2210 1830 2383 1885 Porro
2401 1831 2733 1901 perspicuus
2758 1831 3056 1886 admodum
3079 1840 3164 1888 est
3189 1833 3391 1888 litterae
3425 1850 3644 1900 sensus,

2059 1935 2181 1986 nec,
2224 1921 2369 1977 sicut
2393 1936 2495 1993 ego
2532 1922 2795 1990 arbitror,
2826 1924 3062 1979 multum
3112 1925 3170 1979 in
3205 1925 3357 1981 illius
3395 1925 3647 1981 declara-

2059 2014 2210 2069 tione
2244 2014 2611 2069 laborandum
2632 2014 2821 2071 fuerit.
2850 2015 2966 2071 Hoc
3002 2024 3217 2073 tantum
3241 2018 3446 2083 dicam,
3494 2017 3646 2088 quod

2057 2092 2232 2177 Χίδρα
2251 2106 2510 2162 dicantur
2545 2106 2739 2162 farinae
2762 2124 2832 2163 ex
2858 2108 3255 2180 leguminibus.
3281 2109 3450 2180 Atqui
3482 2110 3537 2164 in
3558 2110 3649 2166 bis

2059 2198 2204 2269 typis
2247 2199 2394 2269 capit
2450 2197 2657 2253 Christi
2686 2200 3028 2270 mysterium.
3074 2200 3198 2270 lpse
3235 2202 3384 2257 enim
3425 2211 3510 2257 est
3544 2218 3651 2273 pro

2059 2290 2224 2345 nobis
2272 2290 2480 2345 oblatio
2502 2289 2808 2361 primarum
2832 2291 3053 2363 frugum
3089 2293 3382 2363 spiritalis,
3414 2294 3520 2349 hoc
3541 2304 3648 2359 est,

2060 2379 2317 2450 primitiae
2340 2380 2596 2436 humana:
2623 2393 2858 2447 naturae,
2884 2383 3291 2453 primogenitus
3316 2401 3347 2440 e
3393 2385 3649 2450 mortuis,

2061 2472 2277 2543 primus
2302 2471 2369 2526 ad
2401 2472 2900 2544 incorruptionem,
2944 2490 3010 2530 ac
3051 2477 3223 2531 veluti
3256 2477 3516 2548 primitiae.
3551 2495 3652 2534 co-

2062 2578 2185 2619 rum
2206 2563 2299 2633 qui
2327 2564 2770 2620 obdormierunt.
2798 2565 2953 2621 Haud
2982 2581 3145 2622 secus
3167 2583 3333 2638 quam
3373 2587 3392 2619 ι
3419 2584 3650 2639 granum

2063 2656 2233 2712 tritici
2260 2675 2278 2708 ι
2311 2671 2439 2711 cum
2462 2657 2729 2712 ceciderit
2761 2656 3072 2727 iryterram,
3109 2665 3167 2713 et
3217 2667 3500 2714 mortuum
3532 2658 3654 2714 fue-

2063 2750 2156 2815 rit,
2183 2757 2350 2819 atque
2379 2750 2554 2805 instar
2584 2750 2750 2819 spicae
2781 2750 3074 2821 multiplex
3116 2750 3387 2806 exoritur.
3417 2751 3534 2807 Hoc
3566 2759 3654 2807 est

2062 2842 2210 2913 quod
2237 2842 2471 2913 ipsemet
2495 2842 2658 2897 nobis
2685 2852 2927 2908 enarrat,
2951 2843 3145 2899 dicens
3173 2861 3187 2898 :
3230 2864 3248 2896 ι
3279 2845 3395 2901 Nisi
3418 2861 3652 2916 granum

2066 2933 2234 2988 tritici
2256 2935 2565 3004 projectum
2592 2933 2649 2986 in
2672 2941 2879 2987 terram
2903 2935 3195 3000 moriatur,
3247 2934 3429 3005 ipsum
3471 2935 3652 2990 solum

2065 3025 2349 3090 manet;si
2376 3032 2562 3080 autem
2590 3025 2761 3079 fuerit
2777 3034 3082 3090 mortuum,
3123 3026 3359 3081 multum
3387 3027 3495 3082 fert
3535 3027 3654 3081 fru-

2065 3123 2215 3170 ctum
2255 3113 2323 3168 “.
2370 3135 2388 3167 ι
2414 3115 2687 3169 (Σαξιει-ιιη]
2720 3130 2832 3169 non
2875 3124 3103 3186 propter
3143 3131 3202 3171 se
3240 3124 3496 3172 mortuus
3542 3125 3650 3183 est,

363 3219 587 3287 φήνειεν
631 3213 862 3276 ἀστείως
914 3210 978 3263 τὸ
1037 3209 1269 3282 γράμμα
1302 3209 1361 3264 τὸ
1383 3207 1625 3281 νομικόν.
1680 3225 1699 3258 ι
1753 3207 1816 3259 Εἰ
1854 3204 1959 3275 γὰρ

2068 3207 2164 3262 sed
2186 3206 2347 3261 nobis
2374 3206 2481 3262 hoc
2504 3205 2785 3277 praestitit.
2812 3206 2928 3261 Hoc
2965 3214 3151 3262 autem
3186 3206 3347 3262 valde
3368 3207 3652 3278 eleganter

366 3307 430 3379 δή
476 3322 561 3369 τις
604 3304 812 3365 ἕλοιτο,
858 3302 1031 3374 φησὶ,
1092 3302 1423 3370 δωροφορεῖν
1484 3297 1677 3351 θυσίαν
1734 3312 1956 3366 πρωτο-

366 3396 773 3470 γεν[ν]ημάτων
817 3393 896 3465 τῷ
938 3392 1162 3463 Κυρίῳ,
1216 3392 1311 3444 νέα
1375 3389 1741 3459 πεφρυγμένα
1804 3387 1962 3458 χίδρα

367 3488 591 3559 ἑρεικτὰ
642 3484 721 3556 τῷ
768 3482 907 3554 Θεῷ.
954 3501 972 3533 ι
1018 3483 1207 3552 Ἀθρει
1251 3480 1314 3549 δὴ
1362 3474 1476 3544 οὖν,
1513 3480 1662 3541 ὃπως
1711 3479 1778 3531 ὲκ
1824 3477 1962 3531 νέων

371 3583 397 3651 ί]
409 3580 517 3651 μᾶς
562 3577 861 3650 προσάγειν
894 3573 1106 3647 καρπὸν
1143 3572 1443 3643 προτρέπει
1470 3568 1697 3638 Μωσῆς,
1760 3569 1877 3640 ἦτοι
1901 3568 1963 3622 τὸ

366 3672 606 3742 γράμμα
633 3669 695 3722 τὸ
718 3666 963 3737 νομικόν.
1020 3664 1270 3735 Ἀπαρχὴ
1299 3662 1430 3732 γὰρ.
1465 3662 1540 3725 ὡς
1576 3662 1734 3729 ἔφην,
1758 3661 1859 3730 τῆς
1881 3661 1963 3721 είς

368 3762 663 3831 καινότητα
690 3757 837 3828 ζωῆς
878 3756 1280 3827 ἀνανεουμένης
1324 3752 1537 3822 φύσεως
1569 3751 1826 3823 Χριστὸς,
1868 3751 1963 3804 καὶ

366 3857 427 3908 ἐν
444 3852 595 3924 αὐτῷ
612 3852 801 3920 γέγονε
831 3850 900 3904 τὰ
916 3849 1094 3903 πάντα
1125 3846 1309 3902 καινά.
1326 3865 1344 3898 ι
1361 3845 1532 3914 Πλὴν,
1549 3844 1649 3897 οὐκ
1662 3841 1776 3915 [ἐκ]
1798 3842 1959 3914 μόνου

366 3948 741 4019 προσφέρεται
766 3944 914 3998 σίτου
938 3942 1003 3995 τὰ
1024 3944 1103 4004 είς
1127 3939 1337 4003 θυσίαν,
1366 3936 1501 3991 ἀλλὰ
1527 3937 1620 3990 καὶ
1642 3932 1703 4001 ἐξ
1720 3934 1963 4005 ὀσπρίων

367 4036 760 4109 κατερεικτῶν.
790 4035 1002 4104 Ὄνπερ
1026 4031 1136 4102 γὰρ
1164 4031 1364 4103 τρόπον
1389 4032 1453 4083 ἐκ
1481 4027 1629 4081 σίτου
1658 4026 1959 4097 σεμίδαλιν,

368 4131 463 4185 καὶ
490 4131 591 4183 οὐκ
618 4127 781 4181 αὐτὸν
810 4125 942 4193 ὑγιᾶ
970 4123 1062 4176 τὸν
1096 4122 1298 4176 κόκκον
1324 4117 1660 4176 ὀλοκαυτοῦν
1682 4116 1959 4171 διετύπουο

366 4215 512 4270 οὕτω
559 4213 789 4269 κάνθάδε
834 4212 1034 4283 χρῆναι
1093 4209 1366 4264 ποιεῖσθαι
1421 4207 1776 4277 κατερεικτά.
1805 4223 1964 4261 τουτ-

369 4309 542 4368 ἐστιν,
583 4304 932 4377 ἀληλεσμένα
972 4302 1043 4356 τὰ
1080 4302 1139 4368 ἐξ
1175 4302 1422 4372 ὀσπρίων
1453 4298 1844 4371 προστέταχεν,
1876 4298 1964 4351 ἵνα

366 4399 432 4469 δὴ
456 4397 703 4468 φαίνοιτο
732 4398 799 4468 τῇ
828 4395 992 4466 θυσίᾳ
1022 4394 1224 4466 προσὸν
1247 4393 1308 4446 τὸ
1323 4392 1486 4447 οἱονεὶ
1511 4390 1959 4462 ὲδώδιμον.Κατ-

366 4489 655 4560 ειθίσμεθα
691 4488 821 4559 γάρ,
853 4489 952 4558 οὐχ
987 4488 1119 4555 ὑγιᾶ.
1142 4485 1234 4539 τὸν
1271 4486 1492 4548 κόκκον,
1522 4481 1963 4552 συντεθραυσμέ-

2061 3299 2225 3354 nobis
2260 3299 2585 3355 indicaverit
2614 3299 2801 3354 littera
2821 3299 2977 3368 legis.
2997 3299 3158 3371 345
3182 3300 3268 3353 Ait
3291 3300 3441 3354 enim
3475 3316 3489 3351 :
3546 3318 3564 3350 ι
3594 3298 3652 3354 Si

2062 3394 2188 3464 quis
2212 3393 2451 3449 voluerit
2481 3391 2687 3446 donum
2708 3390 2931 3454 oﬁerre,
2954 3391 3189 3445 hostiam
3211 3390 3516 3461 primarum
3540 3390 3646 3445 fru-

2061 3500 2191 3557 gum
2236 3485 2491 3550 Domino,
2518 3499 2697 3555 nuper
2729 3483 3022 3539 torrefacta
3047 3482 3192 3537 farra
3229 3482 3512 3537 confracta
3545 3483 3658 3537 Do-

2062 3578 2214 3633 mino
2238 3579 2309 3628 θ’.
2335 3596 2353 3628 ι
2384 3577 2553 3632 Vides
2589 3576 2868 3647 quomodo
2892 3576 3089 3641 Moses,
3131 3575 3248 3630 sive
3286 3574 3471 3629 littera
3518 3574 3654 3645 legis

2061 3686 2131 3726 ex
2151 3671 2310 3725 novis
2334 3670 2589 3741 frugibus
2612 3684 2716 3724 nos
2743 3669 2946 3724 oﬁ‘erre
2971 3668 3165 3740 iubeat
3179 3670 3201 3723 ?
3217 3669 3355 3723 Nam
3373 3667 3452 3724 Cb
3462 3668 3654 3731 ristus,

2062 3771 2124 3819 ut
2146 3763 2281 3827 dixi,
2306 3772 2391 3817 est
2417 3762 2682 3833 primitias
2712 3770 2927 3817 naturze
2951 3778 3074 3832 qua:
3097 3762 3156 3816 in
3181 3762 3484 3817 novitatem
3529 3760 3653 3815 vita:

2064 3864 2364 3911 renovatur
2392 3873 2404 3909 :
2439 3854 2688 3925 adeoque
2712 3855 2767 3909 in
2794 3856 2915 3924 ipso
2931 3870 3073 3909 nova
3096 3853 3239 3909 facta
3262 3852 3618 3909 suntomnia‘
3639 3891 3652 3905 .

2062 3947 2184 4003 Non
2205 3956 2391 4001 autem
2425 3961 2494 4000 ex
2519 3946 2638 4001 solo
2668 3945 2854 4000 tritico
2884 3943 3198 4000 offeruntur
3221 3944 3365 3999 dona
3392 3943 3460 3998 ad
3482 3943 3651 3998 sacri-

2064 4039 2271 4102 ﬁcium,
2303 4038 2400 4093 sed
2424 4053 2492 4092 ex
2516 4036 2888 4108 leguminibus
2926 4037 3071 4091 mola
3095 4035 3415 4091 confractis.
3449 4033 3649 4101 Quem.

2062 4130 2361 4184 admodum
2400 4129 2547 4183 enim
2589 4128 2956 4198 similaginem
2996 4143 3065 4183 ex
3092 4127 3299 4191 tritico,
3330 4142 3439 4181 non
3465 4133 3653 4181 autem

2064 4216 2337 4287 integrum
2373 4232 2605 4287 granum
2641 4216 2698 4271 in
2729 4217 3117 4272 holocaustum
3140 4217 3343 4272 offerre
3372 4217 3461 4271 lex
3486 4215 3650 4286 jube-

2064 4308 2159 4363 bat
2202 4308 2313 4363 :ita
2349 4317 2406 4363 et
2427 4309 2521 4363 hic
2546 4308 2796 4379 praecipit
2818 4324 2939 4363 esse
2969 4308 3309 4374 faciendum,
3349 4320 3412 4364 ut
3440 4309 3649 4365 scilicet

2063 4401 2339 4471 legumina
2359 4400 2515 4470 prius
2551 4401 2695 4455 mola
2725 4399 3161 4465 contundantur,
3194 4400 3362 4471 idque
3409 4401 3536 4457 ideo
3591 4409 3650 4457 ut

2064 4492 2395 4549 sacriﬁcium
2440 4492 2687 4547 oblatum
2743 4492 2997 4547 videatur
3060 4491 3471 4562 quodammodo
3530 4493 3649 4548 esui

366 4599 458 4636 νον
496 4582 554 4635 δὲ
602 4580 802 4653 μᾶλλον
849 4579 1126 4633 ποιεῖσθαι
1163 4578 1392 4649 τροφήν.
1429 4574 1641 4630 Οὐκοῦν
1693 4593 1712 4627 ι
1750 4592 1959 4646 πρωτο-

2065 4594 2274 4655 aptum.
2304 4585 2495 4657 Neque
2520 4586 2667 4641 enim
2690 4586 3080 4641 consuevimus
3102 4586 3375 4657 integrum
3398 4602 3649 4658 granum,

366 4670 672 4746 γένίν]ημα
707 4674 876 4743 μὲν,ὀ
903 4672 1162 4743 Χριστὸς,
1203 4672 1298 4724 καὶ
1333 4668 1494 4723 θυσία
1515 4668 1591 4740 τῷ
1608 4667 1731 4738 Θεῷ
1759 4667 1900 4738 καλὴ
1938 4686 1958 4720 ι

367 4768 463 4821 καὶ
489 4766 871 4837 εὐοσμωτάτη,
918 4765 1311 4837 τροφιμωτᾱηη
1343 4763 1400 4817 δὲ
1434 4761 1556 4816 λίαν
1584 4764 1680 4816 καὶ
1707 4764 1839 4833 ἡμῖν
1866 4762 1965 4817 αὒ-

364 4862 498 4923 τοῖς.
531 4879 550 4911 ι
587 4859 759 4923 Αὐτὸς
779 4859 890 4930 γάρ
922 4860 1068 4911 ἐστιν
1113 4859 1142 4911 6
1169 4856 1355 4928 ἄρτος,
1386 4858 1415 4910 6
1440 4856 1499 4923 ἐξ
1525 4855 1758 4928 οὐρανοῦ
1790 4874 1961 4911 καταο

368 4950 490 5014 ϐὰς,
540 4953 637 5005 καὶ
680 4950 828 5022 ζωὴν
870 4949 948 5020 τῷ
989 4950 1182 5021 κόσμῳ
1233 4949 1437 5011 διδούς·
1476 4967 1496 5000 ι
1553 4949 1649 5002 καὶ
1679 4950 1961 5014 οἱονείπως

370 5045 501 5113 ἡμῖν
548 5043 754 5113 ἔδεσμα
791 5043 883 5097 τὸν
932 5042 1097 5096 αὐτὸν
1146 5043 1435 5113 παραθεὶς,
1490 5041 1741 5113 καθάπερ
1803 5041 1964 5112 σεμί-

365 5134 518 5188 δαλιν
546 5134 578 5205 ἡ
606 5134 824 5206 χίδραν.
871 5133 1222 5204 Ἐπιχέεσθαι
1262 5134 1320 5187 δὲ
1350 5136 1416 5204 τῇ
1448 5132 1611 5206 θυσίᾳ
1635 5134 1743 5188 δεῖν
1771 5136 1875 5204 ἔφη
1903 5135 1964 5189 τὸ

364 5227 567 5289 ἔλαιον.
594 5226 907 5281 καταπλάτ*
923 5228 1079 5280 εσθαι
1102 5226 1158 5280 δὲ
1179 5225 1351 5296 αὐτὴν
1372 5227 1465 5279 καὶ
1489 5226 1774 5296 λιϐανωτῷ
1797 5243 1964 5298 προσ-

363 5319 592 5390 τέταχε·
623 5317 720 5373 τοῦ
755 5320 854 5389 μὲν
900 5319 1081 5372 ἐλαίου
1112 5318 1173 5372 τὸ
1211 5317 1287 5381 ὡς
1316 5321 1375 5372 ὲν
1407 5319 1624 5388 πιότητι
1657 5319 1750 5371 καὶ
1782 5318 1964 5391 ἱλαρό-

364 5428 486 5483 τητι
533 5411 885 5482 συμϐολικῶς
931 5410 1327 5480 ὑποφαίνοντος
1347 5424 1367 5441 ⁶
1399 5410 1496 5464 τοῦ
1528 5410 1586 5464 δέ
1626 5426 1691 5480 γε
1711 5410 1954 5478 λιϐάνου,

357 5504 423 5556 τὸ
450 5504 597 5574 ἱερὸν
653 5505 748 5559 καὶ
780 5505 979 5567 εὐῶδες
1029 5503 1262 5569 ἀστείως
1301 5507 1433 5576 ἡμῖν
1469 5504 1952 5574 ὑποσημαίνοντος.

357 5595 558 5666 Γέγονε
588 5598 688 5668 μὲν
730 5597 863 5668 γὰρ,
903 5597 981 5661 ὡς
1008 5596 1166 5668 ἔφην,
1198 5597 1338 5669 ὑπὲρ
1379 5597 1538 5668 ἡμῶν
1568 5597 1727 5651 θυσία
1759 5598 1788 5649 ὀ
1818 5598 1956 5668 Χρι-

363 5691 512 5754 στδς,
530 5691 626 5745 καὶ
637 5690 714 5754 ὼς
725 5689 912 5763 ἀγρῶν
936 5690 1161 5764 ἀπαρχὴ
1176 5689 1578 5762 πρωτογεν[ν]η
1589 5691 1774 5760 μάτων
1794 5706 1959 5741 πνευ-

2061 4678 2156 4733 sed
2195 4687 2491 4734 contusum
2523 4678 2579 4732 in
2645 4678 2971 4733 alimentum
3022 4679 3649 4735 convertere.Cbristus

2061 4770 2230 4843 igitur
2249 4779 2334 4826 est
2372 4790 2390 4822 ι
2419 4770 2680 4841 primitia:
2707 4770 2949 4840 frugum,
2975 4770 3268 4842 hostiaque
3291 4771 3404 4827 Deo
3423 4776 3601 4843 grata’
3628 4793 3646 4826 ι

2059 4869 2116 4915 ει
2149 4861 2615 4933 fragrantissima;
2659 4862 2770 4916 imo
2791 4877 2924 4916 vero
2953 4869 3009 4916 et
3029 4862 3192 4918 nobis
3230 4862 3368 4932 ipsis
3414 4864 3656 4921 maxime

2058 4955 2319 5010 convenit
2345 4956 2402 5009 in
2432 4955 2780 5009 alimentum.
2815 4973 2833 5003 ι
2866 4953 3006 5020 Quia
3045 4954 3161 5024 ipse
3200 4962 3286 5010 est
3333 4955 3493 5026 panis
3557 4957 3649 5025 qui

2062 5046 2131 5101 de
2147 5046 2288 5102 ctelo
2318 5045 2608 5102 descendit
2668 5053 2726 5101 et
2755 5044 2850 5100 dat
2868 5045 3041 5099 vitam
3071 5043 3279 5099 mundo
3306 5044 3347 5107 ³,
3388 5064 3407 5096 ι
3437 5051 3495 5100 ει
3517 5060 3647 5115 quo-

2060 5138 2357 5194 dammodo
2391 5139 2635 5209 seipsum
2687 5137 2850 5193 nobis
2889 5138 3119 5208 apponit
3157 5137 3455 5198 edendum.
3480 5140 3651 5195 veluti

2061 5231 2425 5300 similaginem
2453 5239 2549 5286 aut
2574 5230 2808 5285 farinam
2834 5229 3128 5300 quamdam
3153 5245 3221 5284 ex
3250 5230 3651 5301 leguminibus.

2060 5322 2236 5377 Porro
2277 5322 2334 5376 in
2378 5322 2709 5377 sacriﬁcium
2767 5322 2845 5377 ait
2873 5337 2995 5378 esse
3048 5321 3395 5378 fundendum
3442 5324 3650 5386 oleum.

2060 5421 2226 5484 atque
2262 5413 2316 5468 id
2342 5413 2501 5468 thure
2526 5413 2929 5484 aspergendum
2950 5416 3232 5486 praecepit.
3258 5414 3455 5473 Oleum
3514 5417 3648 5487 ligu-

2058 5513 2177 5560 rate
2200 5503 2474 5574 signiﬁcat
2495 5504 2551 5558 id
2582 5505 2731 5574 quod
2757 5505 2962 5576 pingue
2993 5515 3115 5561 est:
3153 5508 3280 5565 thus
3297 5517 3484 5563 autem
3514 5510 3648 5564 scite

2059 5597 2333 5667 signiﬁcat
2376 5597 2579 5651 bonam
2613 5596 2992 5667 fragrantiam.
3035 5599 3294 5655 Christus
3340 5598 3491 5655 enim
3549 5613 3649 5668 pre

2059 5690 2243 5751 nobis,
2273 5698 2334 5743 ut
2354 5690 2487 5753 dixi,
2518 5689 2695 5744 factus
2721 5697 2807 5746 est
2838 5690 3040 5757 hostia,
3090 5701 3148 5747 et
3179 5691 3348 5747 veluti
3391 5705 3646 5753 agrorum

420 5801 468 5833 "
486 5800 575 5857 Ps.
592 5814 782 5864 χχιιι,
802 5798 855 5853 7.
880 5798 930 5833 "
949 5796 1081 5854 ch.
1099 5814 1161 5865 ll,
1183 5797 1272 5862 Η,
1298 5796 1386 5852 15.
1412 5794 1629 5852 “Joau.
1651 5813 1751 5861 xu,
1774 5795 1866 5851 2-1.
1897 5797 1944 5830 ⁸⁸

2061 5814 2091 5851 r.
2120 5797 2291 5863 ιι,1ιί.
2337 5797 2355 5830 ⁸
2379 5795 2420 5850 ll
2436 5796 2565 5854 Cor.
2586 5815 2639 5861 ν,
2672 5798 2755 5853 l7.
2799 5801 2819 5832 ³
2844 5798 2984 5855 Phil.
3011 5799 3196 5865 tv,18.
3226 5798 3247 5830 ³
3271 5797 3423 5853 Joan.
3449 5809 3529 5856 vr,
3549 5795 3639 5849 50.

421 5889 1069 5965 (l)7Codex_ilar_l;eanus
1104 5889 1410 5965 interserit,
1446 5890 1539 5943 και
1574 5887 1731 5965 τοῦτο
1746 5886 1959 5965 -δωρούέ

2061 5905 2107 5965 ις
2143 5889 2423 5965 μονονουχὶ
2455 5889 2548 5965 καὶ
2566 5887 2648 5965 ῶς
2682 5888 3016 5965 παρὰ-ήμῶν
3049 5890 3190 5960 καὶὴ
3220 5890 3311 5941 καὶ
3339 5882 3642 5956 ἀμώμητος

355 5959 446 6019 al
479 5960 821 6034 εὐεσμοτὰτη
850 5962 1011 6017 θυσία
1041 5962 1507 6032 προτκεκόμιτται
1547 5959 1622 6024 τῷ
1662 5959 1783 6033 Θεῷ
1815 5960 1905 6013 καὶ
1936 5959 2107 6029 Πατρί
2172 5961 2265 6014 καὶ
2295 5959 2449 6013 τοῦτο
2482 5962 2632 6029 ἡμῖν,
2678 5976 2728 6014 κ.
2767 5975 2813 6015 τ.
2849 5959 2907 6019 λ,
