4060 6448
444 401 552 459 313

1472 394 1529 450 s.
1569 392 1846 450 CYRILLI
1883 373 2356 449 animum
2393 391 2697 448 ARCHIEP
2884 443 2930 454 η

3609 390 3713 450 ΒΗ

444 513 724 588 primitias,
763 511 1021 568 nimirum
1071 524 1260 580 prima:
1302 506 1491 579 fruges
1532 506 1830 578 spiritales.
1868 505 2026 574 Quod

2133 504 2396 578 ματικῶν.
2433 506 2558 559 Ὀτι
2601 504 2658 558 δὲ
2684 503 2784 558 οὐκ
2813 503 3169 575 είς-δάκρυον
3197 505 3232 579 ἢ
3255 521 3315 559 τι
3349 505 3543 579 θρῆνος
3568 507 3595 560 6
3623 507 3714 563 ea.

447 615 632 661 autem
663 604 835 674 ipsius
859 617 1009 657 mors
1030 616 1142 655 non
1171 599 1338 654 fuerit
1361 597 1613 653 deﬂenda
1638 606 1734 653 aut
1752 599 2025 664 luctuosa,

450 695 547 753 sed
564 700 747 767 potius
770 694 958 749 ﬂetum
978 707 1042 746 ac
1067 693 1243 747 lutum
1265 705 1295 745 e
1316 690 1498 747 medio
1529 690 1838 754 sustulerit,
1864 698 2029 760 atque

448 800 507 843 tn
544 803 698 858 spem
719 785 1086 857 gratissimam
1112 782 1426 845 adduxerit,
1473 782 1683 838 nemini
1729 798 1840 837 non
1874 796 2028 836 com-

444 889 665 950 pertum
697 889 802 935 est.
825 878 947 933 Non
970 876 1120 932 enim
1154 892 1186 930 a
1226 876 1404 946 portis
1456 875 1620 931 inferi
1659 874 1898 930 detineri
1933 890 2030 946 po-

446 971 581 1036 tuit;
608 984 785 1039 neque
810 969 955 1022 inter
993 976 1242 1023 mortuos
1279 968 1602 1037 permansit,
1655 968 1873 1023 etiamsi
1927 968 2030 1024 ab-

447 1061 651 1132 sorpsit
696 1076 849 1115 mors
895 1068 1093 1129 potens
1146 1061 1303 1128 juxta
1333 1074 1524 1114 vocem
1555 1059 1840 1129 prophetae
1862 1058 1883 1089 ⁸
1910 1077 1923 1112 :
1951 1068 2032 1114 ta-

445 1166 574 1207 men
610 1168 829 1207 rursum
873 1151 1101 1207 abstulit
1147 1151 1292 1205 Deus
1332 1165 1553 1205 omnem
1612 1151 1911 1220 lacrymam
1959 1152 2030 1207 ab

445 1242 596 1299 omni
621 1242 761 1297 facie
778 1243 800 1275 ⁵
827 1259 839 1295 :
863 1242 1221 1311 opprobrium
1235 1241 1422 1310 populi
1446 1240 1672 1295 abstulit
1692 1241 1761 1294 ab
1775 1241 2032 1295 universa

448 1343 620 1389 terra.
634 1333 952 1399 Quomodo?
966 1334 1184 1388 Revixit
1207 1332 1462 1388 Christus
1482 1340 1659 1387 morte
1685 1332 2031 1396 conculcata,

449 1433 514 1480 ut
541 1432 599 1479 et
629 1428 729 1479 n’os
750 1426 1013 1481 liberaret
1043 1440 1077 1479 a
1109 1424 1466 1493 corruptione
1495 1423 1539 1488 ⁸,
1585 1430 1642 1477 et
1672 1424 2027 1491 compressis,

448 1532 590 1586 quas
613 1517 684 1572 ob
706 1516 811 1572 hoc
831 1516 1270 1579 eﬂ'undebamus,
1308 1516 1584 1587 lacrymis,
1624 1515 2032 1585 quodammodo

449 1621 601 1661 nunc
643 1606 939 1676 persuadet
969 1614 1028 1660 ut
1082 1605 1377 1660 leetabundi
1441 1606 1783 1662 clamemus:
1822 1624 1841 1657 ι
1884 1606 2032 1660 Con-

449 1695 664 1750 vertisti
687 1695 965 1764 planctum
1000 1709 1183 1748 meum
1211 1694 1265 1748 in
1290 1694 1549 1765 gaudium
1591 1695 1765 1748 mihi:
1813 1695 2031 1749 consci-

450 1777 582 1835 disti
613 1796 830 1835 saccum
861 1796 1065 1847 meum,
1089 1789 1146 1836 et
1168 1781 1388 1837 cinxisti
1408 1798 1496 1837 me
1528 1783 1716 1836 laetitia
1742 1783 1781 1836 ⁷.
1815 1801 1834 1834 ι
1868 1783 2034 1855 346

451 1876 645 1931 Modus
675 1891 807 1946 ergo
837 1876 1002 1946 hujus
1024 1876 1280 1932 sacriﬁcii
1309 1877 1508 1932 merito
1555 1876 1723 1932 habet
1765 1878 1885 1947 spei
1931 1878 2026 1932 adv

448 1965 692 2035 junctam
732 1965 1085 2020 hilaritatem.
1118 1965 1305 2021 Potest
1333 1974 1514 2021 tamen
1533 1973 1589 2021 et
1617 1966 1798 2030 aliter,
1824 1966 1870 2021 si
1908 1967 2035 2036 quis

449 2056 603 2121 velit,
631 2056 885 2128 intelligi.
925 2057 1062 2113 Nam
1090 2059 1528 2114 misericordiam
1559 2060 1613 2114 in
1652 2059 1874 2115 Christo
1902 2075 2036 2114 con-

450 2147 626 2202 secuti
648 2163 860 2202 sumus.
889 2148 1068 2219 Atque
1099 2150 1155 2204 id
1192 2158 1297 2213 est,
1335 2158 1396 2204 ut
1443 2150 1685 2205 arbitror
1714 2168 1728 2203 :
1774 2171 1791 2201 ι
1824 2150 2033 2221 Impin-

450 2238 633 2309 guasti
662 2240 717 2293 in
743 2241 866 2295 oleo
892 2248 1057 2310 caput
1084 2257 1266 2296 meum
1298 2239 1342 2296 ⁸.
1380 2262 1397 2293 ι
1431 2241 1588 2308 Quod
1611 2252 1794 2298 autem
1827 2242 2032 2299 Christi

451 2343 605 2383 mors
658 2344 769 2384 non
796 2329 868 2383 ob
916 2331 1127 2399 aliquas
1183 2332 1364 2401 justas
1386 2346 1602 2396 causas,
1634 2348 1738 2389 nec
1762 2333 1927 2389 etiam
1960 2334 2033 2389 ob

450 2427 678 2490 peccata
727 2421 900 2490 ipsius
952 2421 1141 2486 fuerit,
1205 2424 1303 2478 sed
1328 2424 1513 2492 potius
1536 2426 1713 2480 hostia
1741 2441 1841 2495 pro
1872 2425 2035 2481 nobis

450 2510 906 2582 ﬂagrantissima,
933 2524 988 2568 ct
1012 2514 1449 2586 incorruptihiiis
1475 2518 1701 2573 omnino
1743 2517 2036 2588 (adductus

450 2602 600 2658 enim
645 2611 748 2668 est,
777 2613 837 2659 ut
868 2605 1116 2660 aboleret
1165 2617 1485 2676 peccatum,
1533 2617 1590 2662 et
1632 2626 1753 2664 eam
1799 2627 1921 2681 quae
1967 2628 2036 2667 ex

450 2693 573 2764 ipso
596 2705 768 2765 etpcr
807 2697 985 2766 ipsum
1014 2700 1259 2768 regnavit
1287 2700 1567 2769 mortem),
1594 2718 1692 2770 per
1723 2701 1851 2757 thus
1897 2702 2035 2758 lice-

453 2785 536 2841 bit
558 2786 864 2858 intelligere
899 2806 911 2841 :
943 2804 1069 2844 nam
1094 2790 1304 2859 primus
1328 2800 1485 2861 pater
1527 2792 1699 2847 Adam
1730 2794 1803 2848 ob
1853 2802 2036 2849 trans-

451 2878 763 2948 gressiones
784 2879 939 2934 initio
956 2880 1147 2944 factas,
1166 2882 1575 2937 meritissimam
1591 2884 2035 2940 maledictionem

451 2969 598 3024 tulit.
649 2970 1012 3041 Posteaquam
1062 2980 1248 3027 autem
1271 2982 1500 3042 peccato
1526 2990 1719 3030 revera
1758 2975 1929 3031 fetido
1952 2977 2035 3031 la-

452 3060 689 3117 boravit.
711 3062 837 3132 jure
864 3063 1074 3133 optimo
1097 3073 1275 3118 morte
1296 3064 1588 3120 damnatus
1609 3074 1713 3121 est.
1730 3067 1879 3123 Deus
1900 3083 2035 3122 vero

2131 613 2290 658 νατος
2318 592 2387 667 ἦν
2432 594 2601 665 αὐτῷ,
2660 595 2748 648 ἐπ’
2790 593 3071 665 ἀναιρέσει
3118 593 3174 648 δὲ
3223 595 3420 664 μᾶλλον
3468 595 3719 669 δακρύων

2132 689 2227 743 καὶ
2252 688 2468 760 θρήνων
2506 687 2600 741 καὶ
2647 686 2735 738 ἐπ’
2773 684 2948 738 ἐλπίδι
2982 687 3047 755 τῇ
3078 683 3196 738 λίαν
3232 685 3564 760 ίλαρωτάτῃ,
3602 689 3720 753 πῶς

2132 780 2200 833 ἂν
2243 780 2276 849 ἢ
2323 778 2488 833 πόθεν
2521 777 2811 831 ἐνδοιάσειέ
2859 793 2981 841 τις;
3017 778 3092 831 Οὐ
3116 776 3224 846 γὰρ
3271 778 3461 848 γέγονε
3495 780 3722 849 κάτοχος

2130 874 2252 935 ταῖς
2298 871 2427 942 ᾆδον
2465 869 2683 932 πύλαις,
2732 868 2855 921 οὐδὲ
2888 868 3166 940 μεμένηκε
3213 870 3270 922 ἐν
3322 872 3563 941 νεκροῖς.
3605 871 3722 925 ἀλλ’

2132 962 2181 1015 εί
2207 961 2302 1015 καὶ
2323 960 2580 1015 κατέπιεν
2608 960 2636 1011 6
2661 958 2891 1021 θάνατος
2916 958 3163 1028 ἰσχύσας,
3185 958 3329 1013 κατὰ
3347 959 3445 1030 τὴν
3470 958 3564 1013 τοῦ
3588 978 3726 1033 προ.

2133 1055 2304 1125 φήτου
2329 1054 2533 1124 φωνὴν,
2554 1052 2691 1106 ἀλλὰ
2715 1051 2881 1105 πάλιν
2905 1052 3123 1120 ἀφεῖλεν
3150 1053 3178 1105 6
3201 1052 3336 1115 Θεὸς
3359 1053 3467 1105 πᾶν
3489 1054 3724 1125 δάκρυον

2132 1144 2243 1199 ἀπὸ
2273 1144 2474 1208 παντὸς
2512 1142 2809 1215 προσώπου
2831 1159 2845 1174 ο
2877 1144 2939 1196 τὸ
2974 1142 3176 1207 ὄνειδος
3210 1142 3302 1197 τοῦ
3330 1142 3464 1197 λαοῦ
3498 1145 3725 1212 ἀφεῖλεν

2131 1236 2240 1289 ἀπὸ
2285 1235 2466 1305 πάσης
2515 1235 2613 1305 τῆς
2646 1236 2769 1305 γῆς.
2809 1234 2931 1297 Πῶς
2970 1234 3003 1304 ἦ
3050 1233 3173 1286 τίνα
3204 1233 3444 1304 τρόπον;
3484 1233 3726 1288 ·Ἀνι6ίω

2131 1328 2241 1396 γὰρ
2269 1329 2298 1380 ὁ
2336 1327 2591 1394 Χριστὸς,
2641 1326 2895 1397 πατήσας
2917 1342 2978 1378 τε
3030 1324 3284 1386 θάνατον,
3334 1325 3423 1378 ἵνα
3452 1324 3547 1379 καὶ
3578 1327 3725 1398 ἡμᾶς

2133 1418 2412 1489 ἀπαλλάξῃ
2444 1417 2668 1488 φθορᾶς,
2705 1417 2798 1470 καὶ
2837 1415 3188 1487 περιστείλας
3220 1412 3280 1471 εὖ
3322 1416 3467 1486 μάλα
3506 1414 3600 1470 τὸν
3632 1416 3728 1470 ἐπὶ

2130 1512 2308 1582 τούτῳ
2356 1511 2574 1581 θρῆνον.
2618 1510 2910 1580 χαίροντας
2942 1508 3042 1580 ἥδη
3078 1526 3195 1572 πως
3240 1510 3512 1581 ἀναπείσῃ
3561 1508 3721 1580 βοᾷνο

2139 1624 2159 1656 ί
2206 1603 2511 1674 Ἕστρεψας
2556 1602 2648 1655 τὸν
2685 1602 2913 1656 κοπετὸν
2957 1618 3058 1672 μου
3087 1602 3167 1665 εἰς
3200 1601 3373 1671 χαρὰν
3405 1602 3548 1673 ἐμοὶ,
3580 1598 3728 1673 διέρ-

2138 1694 2306 1766 ρηξας
2354 1694 2445 1748 τὸν
2506 1695 2708 1748 σάκκον
2777 1709 2917 1762 μου,
2985 1692 3080 1746 καὶ
3124 1691 3464 1765 περιέζωσάς
3509 1710 3578 1762 με
3638 1693 3728 1744 εὖ.

2137 1784 2434 1854 φροσύνην.
2498 1801 2517 1835 ι
2574 1782 2788 1837 Οὐκοῦν
2841 1784 2954 1853 ἔχοι
2998 1781 3065 1836 ἂν
3122 1784 3348 1846 εἰκότως
3401 1783 3462 1853 τὸ
3507 1782 3723 1855 ίλαρδν,

2134 1879 2192 1930 ἐν
2237 1877 2433 1939 ἐλπίδι,
2487 1876 2587 1947 τῆς
2635 1876 2828 1939 θυσίας
2873 1876 2901 1926 6
2948 1876 3170 1946 τρόπος.
3213 1876 3406 1930 Νοοῖτο
3453 1873 3498 1929 δ’
3535 1878 3602 1932 ἂν
3631 1878 3725 1933 καὶ

2135 1967 2359 2036 ἑτέρως,
2390 1965 2549 2037 εἴπερ
2582 1964 2754 2017 ἐλοιτό
2784 1981 2887 2029 τις.
2928 1963 3239 2035 Ἦλεήμεθα
3260 1964 3369 2035 γὰρ
3398 1967 3455 2018 ἐν
3483 1964 3724 2037 Χριστῷ.

2134 2057 2243 2111 Καὶ
2290 2056 2481 2119 τοῦτο,
2524 2051 2701 2126 οἶμαι,
2754 2057 2871 2109 ἐστὶ
2903 2055 3004 2121 τὸ,
3047 2074 3066 2108 ι
3119 2055 3411 2120 Ἐλίπανας
3456 2057 3515 2109 ἐν
3562 2056 3727 2128 ἐλαίῳ

2132 2149 2231 2219 τὴν
2282 2146 2523 2219 κεφαλήν
2575 2165 2696 2219 μου.
2735 2167 2756 2199 ι
2795 2148 2918 2203 Ὀτι
2966 2149 3024 2202 δὲ
3059 2148 3159 2203 οὐκ
3182 2148 3274 2202 ἐπί
3305 2166 3446 2202 τισιν
3486 2148 3727 2217 εὐλόγοις

2133 2241 2355 2307 αἰτίαις,
2413 2241 2530 2311 ἦτοι
2560 2239 3059 2312 πλημμελήμασιν,
3096 2240 3124 2293 6
3178 2240 3419 2307 Χριστοῦ
3472 2240 3725 2306 Θάνατος,

2134 2332 2247 2386 ἀλλ’
2276 2332 2639 2403 εὐσημωτάτη
2664 2332 2781 2386 λίαν
2810 2332 2905 2384 καὶ
2936 2331 3241 2402 ἀμώμητος
3276 2332 3554 2398 παντελῶς
3585 2333 3726 2406 ὑπὲρ

2133 2425 2292 2495 ἡμῶν
2335 2424 2498 2479 θυσία
2533 2424 3042 2495 (προσκεκόμισται
3083 2423 3212 2492 γὰρ,
3262 2424 3349 2476 ἵνα
3394 2424 3728 2497 καταργήσῃ

2133 2516 2232 2589 τὴν
2256 2516 2550 2587 ἁμαρτίαν,
2589 2516 2683 2568 καὶ
2708 2515 2798 2568 τὸν
2832 2514 2893 2579 ἐξ
2922 2514 3092 2583 αὐτῆς
3121 2531 3180 2566 τε
3209 2513 3302 2567 καὶ
3326 2512 3395 2566 δι’
3433 2512 3602 2584 αὐτὴν
3631 2512 3724 2567 θά-

2135 2626 2294 2664 νατον
2310 2610 2350 2680 ),
2393 2608 2481 2661 διὰ
2510 2606 2603 2663 τοῦ
2643 2608 2861 2661 λιϐάνου
2907 2608 3192 2676 συνήσεις’
3247 2608 3275 2660 6
3317 2606 3415 2678 μὲν
3447 2607 3557 2677 γὰρ
3592 2622 3728 2678 προο

2135 2701 2328 2771 πάτωρ
2390 2700 2561 2771 ’Δδὰμ
2597 2703 2715 2763 ταῖς
2752 2702 2809 2752 ἐν
2858 2701 3003 2770 ἀρχῇ
3046 2697 3424 2767 παραϐάσεσιν
3463 2694 3523 2751 εὖ
3578 2697 3726 2766 μάλα

2136 2791 2597 2862 πρεπωδεστάτην
2628 2790 2915 2859 ἐκομίζετο
2942 2789 3037 2861 τὴν
3076 2790 3239 2861 ἀράν.
3294 2788 3513 2859 Ἐπειδὴ
3544 2787 3601 2841 δὲ
3627 2788 3727 2859 τὴν

2135 2880 2414 2950 κάκοσμον
2446 2879 2660 2949 ἀληθῶς
2693 2877 3160 2950 προηρρὡτησεν
3196 2875 3494 2946 ἁμαρτίαν,
3526 2874 3727 2946 ταύτῃ-ο

2135 2989 2217 3026 τοι
2250 2972 2345 3024 καὶ
2377 2971 2603 3033 δικαίως
2654 2968 3067 3032 κατεδικὰζετο.
3124 2968 3181 3022 Ὀ
3215 2968 3274 3021 δέ
3323 2983 3389 3036 γε
3432 2966 3540 3019 τῶν
3589 2967 3726 3055 ὄλω)

2135 3064 2325 3133 Σωτὴρ
2372 3061 2470 3116 καὶ
2513 3062 2715 3132 Κύριος
2740 3061 2826 3114 ἐπ’
2863 3060 3041 3113 οὐδενὶ
3070 3060 3177 3113 τῶν
3202 3059 3419 3113 ἀτόπων
3449 3073 3729 3126 κατεγνω-

450 3168 516 3208 ac
553 3154 819 3211 Dominus
842 3155 1014 3210 totius
1045 3156 1288 3211 universi
1325 3156 1396 3211 ob
1420 3157 1631 3212 nullum
1660 3157 1922 3213 delictum
1948 3167 2032 3214 est

2138 3156 2332 3225 σμένος
2357 3154 2437 3226 (οὐ
2467 3154 2576 3226 γὰρ
2612 3154 2869 3222 ἐποίησεν
2895 3152 3214 3225 ἁμαρτίας),
3237 3151 3375 3223 καλὴ
3403 3152 3495 3205 καὶ
3519 3150 3725 3221 εὐώδης

452 3242 785 3300 damnatus:
829 3245 962 3318 [non
991 3247 1140 3301 enim
1176 3256 1462 3316 peccatum
1499 3248 1822 3321 commisit.]
1867 3250 2035 3306 Grata

451 3332 641 3403 itaque
683 3342 739 3389 et
766 3335 1015 3406 fragrans
1061 3336 1203 3391 facta
1253 3344 1340 3391 est
1394 3353 1496 3407 pro
1542 3340 1703 3396 nobis
1749 3341 1951 3405 hostia,
1978 3350 2036 3398 et

450 3424 856 3493 quodammodo
893 3442 1158 3482 novarum
1191 3428 1409 3499 frugum
1440 3432 1718 3501 primitim,
1760 3433 1927 3503 idque
1974 3433 2032 3487 in

451 3516 602 3569 omni
648 3518 852 3585 specie,
883 3517 1008 3573 dico
1068 3520 1122 3574 in
1158 3522 1340 3590 specie
1367 3522 1534 3577 tritici
1578 3532 1636 3579 et
1668 3524 2030 3594 leguminum.

452 3608 588 3665 Nam
611 3624 711 3677 pro
741 3610 1030 3675 universis,
1067 3614 1250 3681 parvis
1279 3629 1435 3684 teque
1459 3630 1526 3670 ac
1557 3615 1791 3686 magnis.
1813 3631 1912 3685 pro
1932 3615 2033 3671 Ju-

453 3697 588 3753 daeis
632 3699 788 3769 juxta
836 3716 901 3756 ac
936 3703 1194 3773 gentibus
1248 3713 1504 3761 mortuus
1531 3715 1635 3762 est.
1686 3706 1834 3760 Facti
1882 3706 2034 3761 enim

457 3804 650 3844 sumus
679 3790 735 3844 in
763 3791 882 3860 ipso
898 3800 951 3846 et
974 3808 1072 3863 per
1094 3794 1273 3864 ipsum
1294 3796 1613 3851 memoriale
1634 3796 1748 3850 Deo
1769 3810 1833 3851 ac
1859 3796 2030 3851 Patri.

454 3878 689 3951 Ideoque
705 3882 784 3937 ait
806 3883 987 3939 littera
1010 3884 1145 3956 legis
1168 3903 1181 3939 :
1209 3905 1227 3938 ι
1247 3886 1315 3941 Ει
1330 3886 1530 3942 oll'eret
1554 3886 1815 3943 sacerdos
1826 3902 2036 3943 memo-

457 3972 592 4028 riale
619 3974 792 4044 ipsius
817 3975 885 4032 de
901 3977 1095 4034 farinis
1117 3979 1456 4048 leguminum
1481 3994 1607 4035 cum
1631 3980 1775 4043 oleo,
1801 3989 2032 4038 etomne

456 4064 586 4118 thus
605 4065 796 4135 ipsius.
822 4065 1040 4123 Oblatio
1060 4078 1147 4124 est
1162 4070 1395 4125 Domino
1410 4072 1450 4125 ⁸.
1487 4090 1505 4122 ι
1534 4069 1671 4126 Cum
1693 4072 1839 4127 enim
1860 4073 2034 4128 offen-

454 4157 702 4215 derimus
726 4161 895 4217 Deum
912 4177 1013 4232 per
1051 4163 1225 4217 multa
1258 4171 1485 4233 peccata
1521 4165 1584 4227 ¹⁰,
1621 4165 2031 4233 quodammodo

452 4263 523 4304 ex
577 4251 754 4307 oculis
799 4252 975 4321 patris
1032 4253 1240 4308 fuimus
1288 4254 1506 4309 remoti.
1565 4254 1859 4325 Postquam
1899 4272 2031 4312 vero

452 4341 707 4398 Christus
728 4358 830 4413 pro
853 4344 1014 4399 nobis
1036 4345 1214 4401 factus
1257 4355 1345 4401 est
1370 4346 1573 4411 hostia,
1627 4348 1892 4404 Dominus
1941 4364 2032 4403 re-

453 4434 715 4491 cordatus
741 4437 918 4491 nostri
945 4437 1231 4493 benedixit
1252 4438 1434 4501 nobis,
1454 4441 1609 4510 juxta
1645 4441 1777 4495 illud
1819 4460 1832 4495 :
1870 4461 1888 4493 ι
1927 4440 2031 4498 Be—

2136 3249 2361 3317 γέγονεν
2408 3246 2549 3318 ὑπὲρ
2576 3246 2736 3319 ἡμῶν
2764 3245 2945 3311 θυσία,
2979 3244 3075 3297 καὶ
3107 3247 3241 3297 νέων
3278 3242 3466 3313 ὥσπερ
3495 3241 3726 3312 καρπῶν

2135 3337 2380 3409 ἀπαρχὴ,
2403 3339 2499 3393 καλ.
2522 3339 2598 3401 ὡς
2647 3339 2706 3390 ἐν
2748 3339 2879 3391 εῖδει
2909 3336 3097 3400 παντὶ,
3138 3336 3270 3405 σίτῳ
3304 3351 3386 3398 τε,
3432 3332 3599 3404 φημὶ,
3631 3332 3726 3392 καὶ

2135 3432 2401 3502 ὀσπρίοις.
2464 3429 2729 3483 Ἀπέθανε
2777 3429 2886 3500 γὰρ
2939 3428 3080 3497 ὑπὲρ
3115 3426 3333 3480 πάντων
3377 3422 3591 3496 μικρῶν
3630 3422 3727 3476 καὶ

2139 3522 2409 3592 μεγάλων,
2439 3521 2609 3575 ἐθνῶν
2632 3537 2689 3573 τε
2722 3520 2818 3573 καὶ
2860 3518 3147 3572 Ἰουδαίων.
3175 3516 3484 3587 Γεγόναμεν
3515 3515 3624 3585 γὰρ
3654 3513 3723 3567 δι’

2135 3612 2301 3667 αὐτοῦ
2345 3614 2442 3667 καὶ
2481 3614 2538 3666 ἐν
2584 3612 2733 3682 αὐτῷ
2776 3610 3119 3682 μνημόσυνον
3142 3609 3219 3679 τῷ
3248 3609 3366 3679 Θεῷ
3396 3607 3491 3660 καὶ
3522 3606 3721 3678 Πατρί.

2134 3706 2234 3760 Διὰ
2257 3705 2414 3760 τοῦτό
2437 3723 2570 3776 φησι
2599 3705 2660 3758 τὸ
2686 3705 2924 3775 Γράμμα
2942 3702 3003 3757 τὸ
3034 3701 3257 3773 νομικόν
3277 3719 3291 3732 ·
3328 3720 3346 3753 ι
3380 3699 3493 3755 Καὶ
3521 3700 3724 3754 ἀνοίσει

2133 3802 2162 3854 6
2191 3801 2372 3872 ἱερεὺς
2411 3799 2473 3853 τὺ
2503 3799 2845 3870 μνημόσυνον
2878 3798 3050 3868 αὐτῆς
3082 3796 3193 3851 ἀπὸ
3241 3796 3352 3851 τῶν
3399 3795 3595 3867 χίδρων
3627 3795 3726 3849 σὺν

2131 3890 2211 3962 τῷ
2239 3891 2423 3959 ἐλαίῳ,
2452 3891 2548 3944 καὶ
2594 3890 2771 3943 πάντα
2800 3889 2891 3943 τὸν
2924 3888 3143 3942 λίϐανον
3181 3888 3372 3959 αὐτῆς.
3425 3888 3727 3957 Κάρπωμα

2133 3983 2241 4054 γάρ
2267 3984 2381 4037 ἐστι
2425 3981 2501 4052 τῷ
2523 3981 2764 4053 Κυρίῳ.»
2790 3979 3354 4054 Προ[σ]κεκρουκότες
3389 3978 3488 4051 μὲν
3509 3978 3617 4051 γὰρ
3639 3977 3728 4033 διὰ

2134 4074 2344 4129 πολλῶν
2364 4072 2671 4145 ἁμαρτιῶν,
2699 4073 2982 4144 μονονουχὶ
3008 4074 3104 4127 καὶ
3125 4072 3184 4137 ἐξ
3203 4071 3470 4142 ὀμμάτων
3498 4070 3728 4141 γεγενή-

2137 4166 2276 4239 μεθα
2316 4166 2411 4220 τοῦ
2463 4166 2702 4237 Πατρός.
2763 4164 2984 4236 Ἐπειδὴ
3030 4164 3088 4217 δὲ
3138 4164 3362 4233 γέγονεν
3396 4161 3536 4236 ὑπὲρ
3568 4161 3728 4232 ἡμῶν

2133 4259 2290 4313 θυσία
2316 4257 2571 4329 Χριστὸς,
2594 4255 2842 4327 ἐμνήσθη
2875 4255 3055 4326 ἡμῶν,
3087 4256 3183 4309 καὶ
3204 4254 3511 4324 ηὑλόγησεν
3544 4253 3723 4324 ἡμᾶς·

2138 4374 2156 4405 ι
2198 4352 2480 4421 Ηύλόγησε
2516 4351 2645 4413 τοὺς
2691 4349 3063 4418 φοϐουμένους
3109 4348 3273 4401 αὑτὸν
3320 4348 3449 4411 τοὺς
3496 4345 3728 4418 μικροὺς

2135 4444 2272 4513 μετὰ
2318 4443 2429 4497 τῶν
2486 4442 2757 4512 μεγάλων.
2798 4460 2817 4492 ι
2877 4440 3170 4510 Τοιγάρτοι
3225 4438 3322 4493 καὶ
3368 4435 3727 4508 δεδιδάγμεθα

453 4524 665 4579 nedixit
699 4526 959 4581 omnibus
975 4527 1070 4597 qui
1097 4528 1290 4583 timent
1312 4528 1624 4596 Dominum,
1646 4531 1871 4601 pusillis
1901 4547 2029 4588 cum

2133 4535 2355 4604 ψάλλειν
2382 4534 2478 4588 καὶ
2506 4533 2686 4601 λέγειν
2708 4546 2722 4560 ·
2764 4550 2782 4583 ι
2820 4530 3194 4602 Εὐλογημένοι
3223 4530 3303 4601 τῷ
3328 4530 3520 4601 Κυρίῳ
3541 4529 3723 4600 ἡμεῖς.

453 4617 759 4685 majoribus
782 4617 842 4671 ".
879 4637 898 4667 ι
926 4617 1082 4674 Unde
1108 4618 1271 4674 etiam
1305 4619 1452 4676 docti
1493 4636 1687 4676 sumus
1710 4622 1946 4692 psallere
1977 4630 2035 4676 et

452 4706 643 4762 dicere
676 4725 689 4762 :
724 4726 744 4758 ι
779 4706 1056 4765 Benedicti
1092 4726 1188 4766 vos
1210 4727 1242 4766 a
1270 4712 1505 4768 Domino
1528 4713 1623 4782 qui
1651 4713 1785 4768 fecit
1830 4714 2031 4770 omium

450 4806 508 4852 et
540 4808 742 4854 terram
767 4799 828 4854 ".
863 4819 881 4852 ι
916 4802 1085 4857 Porro
1112 4803 1217 4857 alia
1249 4804 1414 4859 etiam
1448 4804 1662 4859 ratione
1706 4804 1797 4859 lex
1821 4805 2034 4862 Christi

453 4892 786 4949 oblationem
804 4894 966 4951 nobis
977 4896 1262 4961 describit,
1279 4897 1471 4951 dicens
1498 4915 1511 4951 :
1539 4915 1558 4948 ι
1584 4896 1742 4964 Quod
1763 4898 1810 4954 si
1828 4899 2035 4955 donum

451 4984 573 5053 ejus
595 4983 769 5041 fuerit
798 4985 1030 5042 Domino
1082 4987 1261 5042 hostia
1304 4988 1602 5043 salutaris:
1647 4989 1917 5061 siquidem
1964 5007 2033 5047 ex

452 5073 633 5135 bobus
650 5077 755 5147 ipsi
786 5078 1051 5134 obtulerit
1071 5095 1216 5145 eam,
1239 5080 1356 5136 sive
1389 5082 1697 5138 masculum
1725 5084 1841 5140 sive
1870 5084 2034 5140 femi-

452 5183 604 5234 nam,
631 5169 1043 5228 immaculatum
1076 5172 1315 5229 adducet
1349 5175 1528 5246 ipsum
1567 5190 1750 5231 coram
1778 5177 2031 5243 Domino,

450 5269 510 5315 et
556 5262 802 5332 imponet
850 5281 1048 5321 manus
1076 5281 1203 5323 suas
1248 5281 1418 5337 super
1448 5277 1615 5337 caput
1666 5270 1936 5335 muneris,
1977 5277 2036 5326 et

454 5356 716 5411 mactabit
744 5356 920 5428 ipsum
952 5359 1018 5414 ad
1044 5359 1191 5414 fores
1225 5359 1567 5415 tabernaculi
1605 5360 1931 5417 testimonii.
1965 5362 2035 5417 Et

454 5445 552 5501 lilii
581 5448 764 5505 Aaron
790 5449 1108 5504 sacerdotes
1121 5451 1409 5506 eﬂ’nndent
1431 5452 1758 5522 sanguinem
1789 5454 1843 5508 in
1862 5453 2033 5508 altare

453 5539 598 5595 circa
620 5541 961 5597 holocausta.
991 5541 1059 5596 Et
1082 5541 1356 5596 adducent
1391 5542 1724 5599 oblationem
1767 5543 1836 5599 de
1865 5545 2032 5599 sacri-

539 5752 699 5811 ‘Osce
748 5772 859 5813 xm.
912 5756 1008 5817 li;
1038 5758 1204 5813 lCor.
1238 5777 1321 5823 xv,
1346 5762 1432 5817 5i.
1501 5761 1520 5792 '
1549 5762 1715 5823 Apoc.
1741 5775 1834 5821 vn,
1872 5757 1955 5813 17.

2133 5771 2252 5815 Lom.
2302 5774 2413 5813 vni.
2450 5756 2538 5810 Ἢ.
2612 5757 2631 5788 ⁷
2668 5756 2807 5813 Psal.
2843 5771 2987 5821 χχιι,
3036 5755 3122 5810 η.

459 5812 480 5842 ⁸
514 5822 689 5881 Ιιενὶῑ-
744 5842 798 5890 II,
852 5826 936 5879 15-
1000 5812 1057 5858 "°
1094 5812 1243 5884 dae.
1274 5812 1436 5897 ίιὶξὲζ
1517 5812 1725 5885 ’ίβεαίζ
1769 5812 1913 5892 cani,
1964 5829 2045 5881 i3.

2130 4628 2209 4699 τῷ
2255 4628 2539 4697 ποιήσαντι
2580 4625 2672 4678 τὸν
2722 4622 2949 4695 οὐρανὸν
2983 4623 3079 4677 καὶ
3106 4623 3208 4695 τὴν
3236 4623 3360 4693 γῆν.
3397 4642 3417 4674 ι
3452 4623 3563 4676 Καὶ
3601 4620 3725 4675 καθ’

2131 4719 2317 4790 ἕτερον
2347 4718 2403 4771 δὲ
2435 4716 2637 4787 τρόπον
2674 4715 2771 4785 τὴν
2805 4714 3045 4787 Χριστοῦ
3084 4714 3277 4770 θυσίαν
3324 4717 3457 4785 ἡμῖν
3500 4716 3530 4767 6
3566 4713 3726 4782 νόμος

2131 4811 2404 4878 διασαφεῖ,
2430 4809 2603 4878 λέγων
2624 4826 2637 4839 θ
2666 4826 2687 4860 ‹
2734 4807 2860 4862 Ἐὰν
2884 4808 2940 4862 δέ
2962 4807 3123 4861 θυσία
3149 4808 3445 4878 σωτηρίου,
3470 4809 3535 4862 τὸ
3555 4805 3726 4876 δῶρον

2133 4904 2297 4959 αὐτοῦ
2345 4903 2424 4973 τῷ
2457 4901 2677 4975 Κυρίῳ·
2704 4901 2802 4955 ἐὰν
2841 4901 2940 4972 μὲν
2971 4902 3035 4955 ἐκ
3065 4899 3176 4954 τῶν
3216 4899 3355 4971 βοῶν
3377 4900 3531 4970 αὑτῷ
3560 4915 3728 4971 προσ-

2131 4997 2261 5067 άγῃ,
2303 4994 2399 5049 ἐὰν
2425 5010 2484 5048 τε
2526 4994 2725 5065 ἄρσεν,
2768 4992 2863 5047 ἐὰν
2891 5009 2949 5046 τε
2998 4991 3154 5063 θῆλυ,
3202 4994 3433 5065 ἄμωμον
3464 4990 3723 5062 προσάξει

2130 5087 2262 5140 αὐτὸ
2296 5084 2477 5138 ιναντι
2512 5084 2741 5157 Κυρίου,
2773 5084 2873 5138 καὶ
2906 5083 3158 5156 ἐπιθήσει
3194 5084 3294 5148 τὰς
3333 5087 3525 5155 χεῖρας
3556 5082 3722 5138 αὑτοῦ

2129 5179 2224 5233 ἐπὶ
2252 5177 2352 5249 τὴν
2388 5175 2632 5247 κεφαλὴν
2661 5176 2757 5231 τοῦ
2800 5175 2995 5247 δώρου,
3032 5175 3127 5229 καὶ
3153 5174 3349 5244 σφάξει
3391 5174 3524 5230 αὐτὸ
3570 5175 3726 5246 παρὰ

2129 5269 2228 5333 τὰς
2257 5268 2427 5340 θύρας
2449 5269 2548 5339 τῆς
2578 5267 2785 5340 σκηνῆς
2813 5266 2911 5321 τοῦ
2935 5266 3260 5339 μαρτυρίου.
3286 5269 3398 5321 Καὶ
3421 5265 3722 5338 προσχεοῦ-

2133 5379 2219 5417 σιν
2247 5364 2295 5415 οί
2332 5362 2441 5415 υἱοὶ
2465 5359 2681 5432 ’Δαρὼν
2699 5363 2748 5415 οί
2779 5361 2947 5431 ἱερεῖς
2976 5362 3040 5413 τὸ
3061 5355 3203 5432 αἷμα
3219 5360 3317 5415 ἐπὶ
3340 5360 3402 5414 τδ
3426 5360 3723 5430 θυσιαστή-

2135 5470 2268 5526 ριον,
2307 5452 2415 5508 τῶν
2442 5453 2913 5521 ὁλοκαυτωμάτων
2956 5451 3165 5525 κύκλῳ.
3211 5452 3325 5507 Καὶ
3353 5451 3719 5525 προσάξουσι-ν

2131 5546 2240 5600 ἀπὸ
2282 5546 2378 5618 τῆς
2427 5545 2619 5609 θυσίας
2654 5543 2748 5598 τοῦ
2796 5543 3091 5615 σωτηρίου,
3135 5544 3417 5616 κὰρπωμα
3445 5543 3636 5615 Κυρίῳ
3661 5542 3719 5596 τδ

3238 5751 3261 5787 ⁸
3311 5754 3453 5810 Psai.
3494 5769 3624 5818 nm,
3665 5754 3717 5810 5.

2128 5831 2176 5861 η
2211 5828 2348 5883 Ibid.
2395 5828 2479 5883 15.
