4060 6454
427 338 533 395 845

1425 339 1951 400 ςιΑΡΗτιιοιιωί
1990 343 2061 401 ια
2098 341 2474 400 LEVlTICUM
2515 345 2740 401 LIBER.

3597 360 3702 419 ωδ

425 454 596 523 στέαρ
620 452 682 506 16
700 452 985 506 κατακαλύ
996 469 1125 506 πτον
1151 453 1250 524 τὴν
1273 453 1501 517 κοιλίαν,
1532 458 1625 511 καὶ
1648 459 1756 513 πᾶν
1772 458 1832 514 τὸ
1853 460 2008 533 στέαρ

2124 461 2250 518 ﬁcio
2273 463 2531 519 salutaris
2588 464 2840 531 Domino,
2895 474 2953 523 et
2980 468 3370 541 pinguedinem
3399 489 3521 545 qua
3571 483 3703 552 tegit

423 543 487 598 τὸ
501 542 597 595 ἐπὶ
610 543 712 610 τῆς
741 542 966 605 κοιλίας,
986 541 1227 607 καὶτοὺς
1252 542 1344 598 δύο
1369 549 1618 618 νεφροὺς,
1648 549 1746 603 καὶ
1771 550 1832 603 16
1850 553 2015 624 στέαρ

425 634 487 690 16
513 634 602 687 ἐπ’
650 633 834 687 αὐτῶν
877 632 939 687 16
980 634 1075 688 ἐπὶ
1111 635 1222 688 τῶν
1257 637 1469 707 μηρῶν,
1501 638 1597 692 καὶ
1626 640 1719 694 τὸν
1744 641 1902 697 λοϐὸν
1926 643 2016 697 16v

426 726 521 783 ἐπὶ
545 724 640 779 τοῦ
670 726 883 794 ἥπατος
909 716 1009 779 σὺν
1031 727 1146 791 τοῖς
1171 731 1391 800 νεφροῖς
1426 732 1689 803 περιελεῖ.
1726 735 1838 789 Καὶ
1871 737 2017 790 ἀνοί-

427 833 613 871 σουσιν
633 815 777 870 αὐτὰ
795 818 842 870 οί
872 817 980 898 υίοὶ
995 817 1226 887 Ἀαρὼν,
1249 822 1295 872 οί
1322 821 1509 891 ίερεῖς,
1529 823 1623 876 ἐπὶ
1645 824 1706 878 16
1733 825 2021 898 Θυσιαστή·

432 926 565 981 ριον,
596 908 693 961 ἐπὶ
734 908 805 961 τὰ
853 909 1313 981 ὁλοκαυτώματα,
1350 913 1445 966 ἐπὶ
1481 915 1550 968 τὰ
1589 916 1722 982 ξύλα
1783 919 1878 973 ἐπὶ
1922 919 2015 973 τοῦ

431 998 619 1068 πυρὸς,
673 999 956 1069 κάρπωμα
999 1001 1142 1073 ὀσμὴ
1184 1002 1411 1067 εὐωδίας
1452 1003 1531 1075 τῷ
1580 1007 1787 1079 Κυρίῳ.
1830 1028 1850 1062 ι
1905 1010 2017 1063 Καὶ

430 1091 548 1162 οὐχὶ
572 1091 636 1161 δὴ
661 1091 822 1162 μόνον
849 1092 914 1145 ὲκ
948 1091 1108 1162 βοῶν,
1149 1092 1287 1160 ἀλλ’,
1313 1095 1361 1147 εί
1391 1095 1453 1166 δή
1481 1113 1566 1160 τις
1592 1096 1787 1164 ἕλοιτο,
1823 1099 1919 1153 καὶ
1952 1101 2018 1153 ἐκ

429 1184 719 1255 προϐάτων
765 1183 1116 1247 όλοκαυτοῦν,
1166 1184 1265 1238 εἴτ’
1314 1182 1411 1241 οὖν
1459 1186 1517 1255 ἐξ
1567 1191 1740 1258 αἰγῶν
1789 1191 1888 1262 τὴν
1921 1189 2015 1245 τοῦ

428 1274 697 1345 σωτηρίου
726 1275 995 1328 ποιεῖσθαι
1026 1275 1236 1339 θυσίαν,
1266 1276 1352 1331 διὰ
1379 1279 1487 1334 τῶν
1512 1281 1691 1333 αὐτῶν
1720 1283 2017 1352 ἐπράττετο

424 1364 661 1435 τρόπων,
677 1365 772 1418 καὶ
792 1360 874 1429 εἷς
892 1367 975 1434 ἐφ’
994 1364 1195 1421 ἅπασιν
1212 1364 1282 1437 ἦν
1300 1370 1398 1438 τῆς
1417 1373 1730 1442 ἱερουργίας
1748 1375 1776 1427 6
1792 1376 2012 1447 τρόπος.

423 1455 552 1510 Εἴτε
589 1457 654 1528 δὴ
684 1458 853 1527 ἄρσεν
886 1456 974 1527 εἴη
1004 1459 1185 1529 τυχὸν,
1213 1460 1322 1514 εἴτε
1352 1460 1485 1531 θῆλυ
1518 1462 1579 1516 16
1614 1462 1781 1534 θῦμα,
1823 1466 2014 1537 μώμου

423 1550 532 1603 δεῖν
559 1550 660 1620 ἔφη
698 1550 900 1613 παντὸς
924 1551 1268 1622 ἀπηλλάχθαι
1309 1553 1609 1617 παντελῶς.
1664 1557 1775 1609 Καὶ
1797 1557 1895 1626 τῆς
1920 1559 2014 1611 θυ-

429 1641 546 1705 σίας
574 1644 602 1695 6
631 1640 809 1709 λόγος,
837 1641 925 1693 ἐπ’
954 1642 1117 1694 αὐτὸν
1147 1644 1212 1695 ἂν
1244 1643 1312 1697 ἴοι
1342 1645 1431 1699 τὸν
1447 1646 1813 1719 Ἐμμανουήλ.
1843 1649 2016 1714 Αὐτὸς

2121 566 2396 619 ventrem,
2454 565 2619 625 atque
2644 572 2864 614 omnem
2913 562 3304 633 pinguedinem
3350 583 3473 638 quae
3517 581 3601 626 est
3647 573 3705 628 in

2121 655 2338 711 ventre,
2367 648 2529 719 347
2564 657 2621 704 et
2643 650 2785 705 duos
2817 665 3000 718 renes,
3045 664 3101 709 et
3136 656 3192 710 in
3244 657 3377 728 ipsis
3411 661 3704 732 pinguedi-

2119 754 2271 799 nem.
2294 755 2417 808 quae
2434 749 2519 795 cst
2540 741 2596 795 in
2616 741 2941 807 femoribus,
2969 753 3027 801 et
3047 747 3339 803 reticulum
3358 751 3563 820 jecoris
3577 769 3702 810 cum

2118 829 2459 883 renunculis.
2503 830 2579 884 ‘Et
2624 831 2868 888 referent
2918 848 2981 889 ea
3026 834 3124 890 ﬁlii
3169 836 3350 893 Aaron
3388 842 3706 899 sacerdotes

2119 936 2287 991 super
2310 922 2483 976 altare
2509 923 2564 977 in
2594 924 2977 981 holocaustum
3002 928 3056 982 in
3085 928 3231 998 ligna
3264 947 3385 999 quae
3420 934 3605 1001 jaceat
3646 935 3702 989 in

2121 1014 2267 1084 igne,
2313 1013 2520 1069 oblatio
2576 1016 2764 1071 suavis
2827 1017 3015 1073 odoris
3063 1020 3298 1076 Domino
3321 1022 3382 1076 ¹³.
3444 1043 3462 1075 ι
3507 1024 3702 1095 Neque

2118 1104 2266 1158 enim
2312 1104 2493 1161 solum
2539 1121 2607 1160 ex
2652 1106 2852 1172 bobus,
2896 1109 2993 1163 sed
3028 1111 3224 1180 siquis
3279 1114 3415 1167 velit
3441 1115 3607 1170 etiam
3636 1132 3704 1173 ex

2117 1195 2318 1249 ovibus
2342 1196 2617 1253 adducere
2647 1198 3058 1265 holocaustum,
3084 1209 3180 1255 aut
3227 1218 3296 1257 ex
3322 1206 3505 1275 capris
3554 1207 3702 1264 ferre

2118 1288 2455 1343 oblationem
2484 1290 2760 1354 salutaris,
2812 1292 3005 1347 iisdem
3054 1295 3234 1350 modis
3289 1299 3702 1365 procedendum

2117 1381 2278 1436 estin
2329 1383 2609 1439 omnibus.
2642 1384 2772 1439 Sive
2819 1394 3004 1442 autem
3059 1403 3127 1443 ex
3161 1391 3428 1453 masculo,
3475 1392 3592 1447 sive
3634 1408 3701 1450 cx

2114 1471 2334 1527 femella
2358 1472 2526 1527 fuerit
2549 1474 2906 1539 sacrificium,
2944 1493 3212 1533 «necesse
3238 1489 3342 1542 est,
3385 1481 3584 1550 inquit,
3642 1489 3704 1537 ut

2117 1563 2268 1617 omni
2291 1564 2503 1619 macula
2535 1573 2738 1620 careat.
2775 1585 2794 1618 ι
2825 1569 3004 1636 Atque
3027 1569 3144 1624 haec
3176 1573 3318 1625 ratio
3338 1572 3597 1628 sacriﬁcii
3632 1575 3702 1630 ad

2118 1657 2298 1726 ipsum
2337 1659 2579 1727 pertinet
2598 1659 3033 1716 Emmanuelem.
3062 1663 3165 1718 Hic
3192 1666 3341 1718 enim
3386 1674 3471 1720 est
3494 1665 3704 1721 vitulus

426 1732 536 1804 γὰρ
563 1734 591 1786 6
621 1733 819 1803 μόσχος
850 1734 878 1786 6
908 1733 1171 1798 σιτευτὸς,
1201 1735 1262 1788 τὸ
1292 1737 1521 1806 ἄμωμον
1551 1740 1763 1810 ἱερεῖον,
1790 1742 1821 1795 6
1846 1742 2008 1813 αἴρων

2116 1747 2395 1817 saginatus
2441 1755 2497 1803 et
2521 1749 2934 1805 immaculatum
2957 1754 3309 1817 sacriﬁcium,
3359 1756 3556 1810 tollens
3577 1773 3702 1827 pec-

424 1826 522 1894 τὴν
545 1826 821 1895 ἁμαρτίαν
846 1825 941 1878 τοῦ
964 1827 1191 1897 κόσμου,
1220 1828 1313 1882 καὶ
1337 1829 1412 1892 ὡς
1430 1834 1487 1883 ἐν
1511 1832 1643 1886 εῖδει
1671 1835 1923 1907 χιμάρου
1943 1836 2008 1890 δι’

2116 1849 2300 1894 catum
2352 1842 2567 1907 mundi,
2608 1858 2673 1898 ac
2714 1844 2884 1899 veluti
2937 1861 3102 1915 caper
3140 1848 3433 1903 anniculus
3476 1858 3702 1918 propter

424 1915 571 1987 ἡμᾶς
627 1915 996 1985 σφαζόμενος·
1053 1916 1288 1987 χίμαρος
1337 1919 1447 1991 γὰρ
1492 1921 1632 1974 κατὰ
1676 1923 1841 1994 νόμον
1874 1925 2013 1996 ὑπὲρ

423 2006 696 2077 ἁμαρτίας
738 2005 1024 2075 ἐσφάζετο,
1059 2007 1205 2078 Πλὴν
1237 2010 1339 2079 ὅρα
1370 2011 1530 2065 πάλιν
1560 2013 1756 2082 ἰσχνῶς
1786 2015 1886 2084 τῆς
1920 2017 2014 2069 θυ-

424 2101 544 2163 σίας
578 2100 671 2153 τὸν
697 2101 915 2171 τρόπον.
960 2100 1419 2171 Ἀκριὸολογεῖται
1451 2106 1549 2176 μὲν
1580 2106 1689 2178 γὰρ
1716 2108 1778 2160 οὐ
1809 2110 2014 2182 σφόδρα

419 2192 482 2246 τὸ
537 2191 782 2263 Γράμμα
825 2192 887 2247 16
926 2194 1151 2264 νομικὸν
1187 2196 1315 2268 περί
1360 2214 1419 2250 τε
1473 2197 1640 2269 ἄρσεν
1674 2199 1769 2253 καὶ
1799 2200 1955 2272 θῆλυ.
1988 2222 2006 2254 ι

421 2283 608 2338 Νοοῖτο
656 2287 701 2339 δ’
758 2285 826 2339 ἂν
859 2285 1022 2338 πάλιν
1072 2285 1148 2349 ὡς
1180 2288 1238 2341 ὲν
1283 2288 1487 2359 ἀμφοῖν
1534 2293 1563 2344 6
1605 2290 1859 2361 Χριστός.
1922 2293 2012 2346 Ἐν

418 2376 608 2449 ἄρσενι
642 2378 762 2448 μὲν,
803 2378 879 2441 ὡς
909 2380 1210 2449 ἡγούμενος
1240 2381 1358 2450 ἦτοι
1391 2381 1728 2454 καθηγητὴς.
1782 2385 2011 2456 Ἡγεμο-

418 2470 715 2539 νικώτερον
759 2469 869 2542 γὰρ
920 2471 1148 2543 θατέρου
1194 2472 1257 2525 16
1302 2473 1488 2543 ἄρσεν,
1530 2476 1589 2529 ὲν
1626 2475 1814 2546 θήλεσι
1846 2476 1902 2531 δὲ
1935 2478 2011 2543 ὼς

416 2563 661 2633 γεγονὼς
700 2565 805 2619 ὐπὸ
836 2568 999 2636 νόμον
1030 2567 1125 2621 καὶ
1156 2566 1477 2637 ἡγούμενος.
1526 2553 1877 2637 ’Υπεξούσιον
1901 2572 2010 2646 γὰρ

417 2657 511 2711 καὶ
536 2660 595 2709 ἐν
623 2657 896 2730 δευτέροις
925 2658 1011 2711 ἀεὶ
1035 2659 1097 2711 16
1127 2659 1260 2722 θῆλυ
1289 2660 1383 2713 τοῦ
1406 2661 1654 2732 ἄρρενος,
1684 2663 1841 2735 εἴπερ
1864 2665 2011 2717 ἐστὶν

416 2748 632 2818 ἀληθῶς
681 2751 740 2801 ὲν
798 2750 976 2819 μείοσι
1028 2751 1123 2804 καὶ
1173 2752 1231 2804 ὲν
1278 2752 1589 2819 ὐεριζάνοντι
1625 2753 1829 2824 μέτρῳ.
1864 2755 2010 2827 Πλὴν

416 2839 648 2910 ἄμωμον
693 2841 755 2894 16
797 2842 1268 2914 ἱερουργούμενον.
1304 2844 1554 2908 Τοιοῦτος
1585 2847 1642 2900 δὲ
1685 2849 1715 2898 6
1751 2848 2006 2916 Χριστός.

419 2933 709 3006 Τοιγάρτοι
745 2933 1018 3003 ἔφασκεν·
1053 2954 1071 2988 ι
1113 2937 1372 3007 Ἔρχεται
1408 2940 1436 2991 6
1462 2938 1646 3012 ἄρχων
1676 2939 1770 2993 105
1801 2941 2008 3011 κόσμου

414 3024 626 3089 τούτου,
675 3025 770 3078 καὶ
810 3026 867 3078 ὲν
918 3027 1041 3096 ἐμοὶ
1078 3027 1301 3097 εὑρήσει
1351 3028 1525 3084 οὐδέν.
1595 3048 1614 3082 ›
1669 3029 1779 3083 Καὶ
1822 3031 2009 3101 μέντοι

413 3116 553 3191 πρὸς
619 3117 907 3182 Ἰουδαίους
964 3119 1027 3172 16
1074 3120 1309 3174 εἰσάπαν
1360 3119 1683 3191 ἀμώμητον,
1733 3123 2007 3189 ἀπόδειξιν

413 3210 651 3262 ἐποιεῖτο
695 3209 795 3280 τὴν
841 3208 995 3263 θείαν
1043 3209 1210 3263 αὐτοῦ
1264 3210 1445 3279 φύσιν,
1493 3211 1696 3278 λέγων·
1741 3232 1760 3264 ί
1799 3213 1892 3276 Τίς
1946 3211 2006 3279 ἐξ

411 3297 568 3368 ὑμῶν
601 3299 811 3368 ἐλέγχει
848 3317 916 3369 με
947 3300 1076 3368 περὶ
1108 3299 1417 3369 ἁμαρτίας;
1456 3300 1519 3352 Εἰ
1549 3301 1807 3375 ἀλήθειαν
1838 3302 2002 3370 λέγω,

411 3391 466 3444 τί
494 3392 650 3461 ὑμεῖς
679 3392 740 3444 οὐ
770 3391 1061 3444 πιστεύετέ
1098 3408 1211 3461 μοι;
1253 3410 1270 3443 ι
1314 3392 1582 3462 ’Λμωμον
1616 3389 1709 3446 οὗν
1741 3393 1916 3464 ταύτῃ
1944 3394 2007 3448 16

413 3479 559 3551 ἱερὸν
590 3479 741 3546 θῦμά
767 3482 907 3535 ἐστι.
949 3482 1248 3551 Ἐσφάςετο
1277 3482 1374 3551 μὲν
1404 3481 1581 3536 ἔναντι
1612 3485 1818 3554 Κυρίου
1854 3485 2006 3556 παρὰ

409 3571 515 3636 τὰς
556 3571 728 3643 θύρας
784 3573 885 3643 τῆς
933 3574 1160 3645 σκηνῆς,
1207 3576 1658 3646 ἐπενηνεγμένων
1695 3577 1845 3647 αὐτῷ
1894 3578 2006 3631 τῶν

408 3664 612 3736 χειρῶν
635 3665 729 3719 105
756 3668 1279 3737 προσκεκομικότος.
1305 3663 1439 3721 Εἶτα
1457 3667 1551 3722 105
1578 3669 1807 3741 αἵματος
1826 3674 1891 3741 τῇ
1909 3672 2004 3725 τοῦ

409 3759 570 3813 θυσια
579 3776 676 3828 στη
687 3761 802 3830 ρίου
823 3760 976 3829 βάσει
995 3765 1417 3834 προσχεομένου,
1433 3764 1760 3819 όλοκαυτοῦν
1774 3764 1877 3834 ἔφη
1893 3765 2006 3820 δεῖν

408 3852 481 3906 τὰ
511 3853 779 3909 ὲντόσθια.
810 3854 1132 3924 Πέπρακται
1157 3855 1255 3926 μὲν
1281 3857 1392 3928 γὰρ
1413 3860 1470 3911 ὲν
1492 3857 1791 3926 ὀφθαλμοῖς
1815 3856 2005 3929 ὥσπερ

407 3942 507 3997 105
537 3943 675 3997 Θεοῦ
730 3944 826 3998 καὶ
870 3945 1082 4017 Πατρὸς
1126 3949 1153 3999 6
1185 3945 1281 3999 105
1339 3946 1471 4000 Υίοῦ
1532 3947 1805 4013 θάνατος,
1862 3948 2005 4017 ὑπὲρ

406 4034 514 4104 τῆς
544 4034 640 4089 τοῦ
678 4036 887 4106 κόσμου
916 4037 1064 4107 ζωῆς
1094 4037 1192 4109 τὴν
1221 4037 1417 4093 ἑαυτοῦ
1447 4039 1690 4103 τιθέντος
1712 4042 1912 4111 ψυχήν.
1941 4041 2004 4094 Et

406 4128 520 4196 γάρ
546 4129 693 4183 ἐστιν
722 4127 930 4201 ἀληθὴς
957 4131 986 4183 6
1008 4129 1212 4199 λέγων’
1250 4148 1268 4181 ι
1301 4131 1496 4203 Τίμιος
1528 4132 1770 4185 ἐναντίον
1796 4131 2004 4200 Κυρίου

406 4221 438 4275 6
488 4220 718 4286 θάνατος
760 4221 872 4274 τῶν
921 4222 1086 4276 ὁσίων
1129 4222 1325 4277 αὐτοῦ·
1366 4242 1384 4275 ι
1439 4223 1558 4286 πῶς
1599 4225 1699 4277 οὐκ
1732 4222 1800 4277 ἂν
1841 4222 2004 4276 αὐτὸν

408 4311 665 4378 ἀξιώσειε
694 4316 795 4384 τῆς
820 4313 958 4377 ἰδίας
988 4314 1295 4384 ἐπισκοπῆς
1321 4314 1411 4368 16v
1444 4312 1537 4367 105
1566 4313 1696 4367 Υίοῦ
1721 4313 1952 4367 θάνατον
1975 4316 2005 4367 6

320 4465 338 4478 θ
406 4401 543 4466 Θεὸς
588 4403 684 4457 καὶ
731 4404 955 4475 Πατήρ;
985 4405 1132 4476 Τιμᾷ
1164 4404 1273 4477 γὰρ
1308 4404 1527 4468 πάντως
1571 4405 1667 4459 καὶ
1711 4404 2004 4470 ἐποπτείας

2113 1946 2217 1987 nos
2240 1940 2325 1987 est
2352 1942 2653 1991 mactatus:
2679 1952 2843 2007 caper
2857 1937 3004 1992 enim
3028 1954 3127 2008 pro
3151 1951 3375 2008 peccato
3397 1939 3700 1995 secundum

2114 2023 2289 2094 legem
2305 2028 2668 2082 mactabatur.
2701 2028 2972 2085 Caeterum
2991 2030 3367 2086 animadverte
3390 2031 3479 2086 hic
3496 2031 3701 2085 iterum

2113 2113 2393 2169 subtiliter
2417 2117 2664 2187 mysterii
2704 2119 2995 2174 rationem.
3032 2119 3314 2190 Siquidem
3365 2121 3549 2175 littera
3566 2122 3701 2192 legis

2114 2203 2171 2259 in
2237 2205 2392 2259 nullo
2433 2208 2591 2276 ponit
2639 2208 2983 2275 discrimine,
3040 2231 3059 2262 ‹
3095 2212 3210 2266 sive
3281 2213 3560 2268 masculus
3598 2214 3698 2276 sit,

2114 2291 2229 2346 sive
2263 2293 2500 2349 femella.
2542 2314 2559 2346 ι
2593 2295 2654 2350 ln
2679 2312 2791 2366 quo
2816 2314 3036 2353 rursum
3062 2300 3293 2371 intelligi
3324 2310 3527 2371 potest,
3553 2302 3700 2373 quod

2111 2382 2368 2440 Christus
2412 2387 2466 2441 in
2501 2388 2771 2444 ambobus
2799 2392 2887 2447 sit.
2914 2391 2973 2446 In
3012 2395 3255 2448 masculo
3275 2403 3703 2463 repraesentatur

2117 2482 2378 2544 tanquam
2419 2476 2531 2531 dux
2558 2489 2617 2534 et
2647 2479 2926 2551 princeps,
2972 2486 3254 2541 masculus
3286 2487 3434 2541 enim
3464 2502 3701 2557 genero-

2114 2565 2229 2618 sior
2261 2572 2527 2635 estquam
2554 2567 2807 2636 femella;
2847 2571 2902 2625 in
2932 2572 3135 2628 femina
3173 2583 3379 2637 autem,
3427 2584 3702 2645 quatenus

2113 2653 2290 2710 factus
2316 2663 2403 2711 est
2437 2658 2541 2713 sub
2567 2658 2686 2731 lege
2708 2701 2723 2724 ,
2775 2677 3091 2732 quanquam
3126 2666 3261 2721 alias
3301 2667 3560 2736 princeps
3604 2669 3697 2724 sit.
3734 2660 3739 2664 ’

2112 2748 2248 2803 Nam
2266 2747 2481 2805 femella
2507 2760 2593 2806 est
2618 2753 2863 2824 subjecta
2889 2764 2945 2811 et
2974 2757 3249 2812 secundas
3272 2767 3461 2828 partes
3501 2775 3532 2814 a
3577 2761 3698 2815 viro

2114 2840 2346 2905 obtinet,
2377 2842 2651 2911 siquidem
2678 2861 2868 2901 revera
2894 2847 3077 2902 minor
3102 2856 3267 2918 atque
3320 2849 3551 2905 inferior
3591 2859 3696 2908 est.

2112 2932 2383 2988 Caeterum
2411 2935 2825 2993 immaculatum
2849 2946 2933 2993 est
2956 2939 3311 2996 sacriﬁcium.
3340 2941 3492 2997 Talis
3512 2953 3697 2998 autem

2112 3034 2199 3080 est
2240 3024 2513 3083 Christus.
2543 3027 2700 3083 Unde
2731 3030 2899 3084 etiam
2945 3031 3087 3086 dixit
3129 3050 3143 3086 :
3180 3053 3199 3085 ι
3237 3031 3400 3089 Venit
3437 3037 3697 3107 princeps

2115 3115 2279 3187 hujus
2310 3119 2524 3182 mundi,
2551 3120 2677 3175 etin
2707 3137 2793 3176 me
2816 3137 2929 3177 non
2951 3123 3198 3181 inveniet
3236 3126 3539 3196 quidquam
3564 3130 3629 3183 ιδ.
3669 3149 3690 3183 ι

2063 3194 2076 3214 ⁸
2111 3208 2226 3263 lmo
2247 3217 2304 3264 et
2324 3211 2471 3279 apud
2498 3211 2720 3266 Iudaeos
2745 3229 2845 3282 per
2876 3215 2932 3269 id
2965 3216 3115 3285 quod
3148 3218 3206 3271 in
3239 3194 3560 3274 universum
3584 3235 3695 3276 ma-

2109 3302 2233 3356 cula
2270 3311 2504 3363 careret,
2534 3303 2777 3359 divinam
2804 3321 2959 3360 suam
2987 3316 3241 3363 naturam
3280 3311 3569 3366 manifeste
3596 3311 3695 3367 do-

2109 3393 2458 3457 monstravit,
2489 3394 2718 3451 dicens:
2755 3417 2773 3447 ‹
2800 3396 2935 3463 Quis
2966 3415 3033 3454 ex
3061 3400 3222 3455 vobis
3275 3404 3456 3473 arguit
3492 3418 3580 3459 me
3627 3403 3699 3460 de

2107 3483 2372 3552 peccato?
2398 3483 2453 3538 Si
2480 3486 2771 3541 veritatem
2796 3487 2922 3543 dico
2946 3489 3126 3552 vobis,
3154 3506 3328 3561 quare
3375 3507 3487 3547 non
3513 3495 3694 3550 credi-

2110 3574 2180 3628 tis
2206 3574 2340 3628 mihi
2377 3575 2457 3628 ‘5?
2485 3595 2503 3626 ›
2540 3576 2751 3633 Idcirco
2774 3588 3025 3635 sanctqu
3054 3582 3387 3638 sacriﬁcium
3426 3585 3695 3642 immacu-

2106 3665 2279 3721 latum
2303 3676 2406 3722 est.
2437 3666 2505 3723 Et
2530 3669 2876 3725 mactabatur
2897 3671 3122 3741 quidem
3155 3689 3342 3728 coram
3364 3675 3601 3731 Domino
3625 3676 3696 3733 ad

2110 3759 2311 3814 ostium
2356 3759 2720 3825 tabernaculi,
2759 3761 3032 3833 impositis
3075 3764 3179 3835 ipsi
3236 3766 3497 3823 manibus
3550 3768 3695 3825 illius

2106 3851 2469 3922 quiadduxit.
2500 3852 2710 3907 Deinde
2733 3855 3000 3925 sanguine
3030 3854 3153 3911 fuso
3180 3856 3249 3911 ad
3270 3857 3446 3912 basim
3476 3842 3694 3924 altaris,

2107 3943 2482 3999 comburenda
2507 3944 2585 3998 ait
2605 3944 2661 3998 in
2682 3944 3067 4001 holocaustum
3085 3947 3365 4002 intestina.
3395 3948 3530 4002 Nam
3544 3963 3694 4006 mors

2106 4034 2269 4098 Filio,
2295 4035 2390 4104 qui
2415 4049 2516 4103 pro
2540 4035 2732 4089 mundi
2772 4035 2884 4090 vita
2913 4051 3068 4090 suam
3094 4037 3269 4107 ipsius
3290 4039 3458 4093 vitam
3485 4038 3693 4109 posuit,

2106 4126 2262 4198 quasi
2280 4127 2335 4181 in
2365 4126 2541 4181 oculis
2566 4127 2661 4182 Dei
2679 4135 2736 4181 et
2756 4128 2936 4183 Patris
2961 4129 3110 4184 illata
3133 4137 3237 4185 est.
3264 4130 3430 4201 Atqui
3460 4132 3507 4186 si
3530 4146 3692 4187 verax

2104 4226 2193 4275 est
2215 4218 2310 4288 qui
2338 4219 2511 4273 dicit:
2545 4238 2564 4269 ‹
2600 4218 2846 4274 Pretiosa
2873 4219 2929 4274 in
2960 4229 3260 4290 conspectu
3292 4222 3508 4277 Domini
3542 4238 3693 4281 more

2102 4318 2426 4366 sanctorum
2445 4311 2568 4379 ejus
2595 4311 2714 4375 “,1
2754 4326 2864 4379 quo
2890 4319 3048 4380 pacto
3078 4326 3189 4366 non
3230 4314 3458 4382 proprio
3486 4314 3690 4371 intuitu

2106 4401 2426 4473 dignabitur
2446 4401 2569 4455 Filii
2599 4409 2832 4455 mortem
2868 4401 3066 4457 Pater?
3088 4401 3148 4456 In
3172 4403 3357 4471 pretio
3377 4403 3529 4457 enim
3568 4418 3689 4459 0m-

406 4496 584 4562 ὰξιοῖ’
636 4495 1043 4567 ἀποστρέφεται
1074 4498 1130 4552 δὲ
1160 4498 1322 4552 πάλιν
1357 4497 1420 4552 16
1461 4497 1714 4571 βδελυρὸν
1761 4498 1855 4552 καὶ
1894 4498 2002 4552 ἁπ-

2108 4495 2239 4549 ηἰηο
2269 4509 2388 4548 eam
2423 4492 2593 4547 habet
2619 4492 2766 4547 Deus
2788 4508 2853 4547 ac
2871 4492 3057 4557 Pater,
3077 4500 3135 4547 et
3158 4501 3383 4562 aspectu
3407 4493 3689 4565 dignatur,

406 4588 741 4662 ηχθημένον.
769 4588 982 4643 Οὐκοῦν
1028 4590 1110 4644 ὅτι
1151 4589 1225 4663 μὴ
1253 4590 1455 4659 ἀκλεὴς
1482 4591 1511 4643 6
1545 4589 1793 4653 θάνατος,
1827 4605 2007 4660 παρα-

406 4677 634 4745 δείξειεν
662 4678 730 4732 ἂν
753 4678 915 4742 εὐθὺς
940 4718 954 4743 ,
982 4678 1044 4732 16
1083 4680 1177 4733 καὶ
1210 4680 1372 4733 αὐτὸν
1397 4680 1676 4752 αὐτόπτην
1703 4680 1886 4751 λαχεῖν
1914 4679 2006 4733 τὸν

406 4771 652 4839 Πατέρα.
679 4769 820 4841 Παρ’
851 4770 1041 4833 αὐταῖς
1068 4769 1127 4823 δὲ
1151 4772 1271 4834 ταῖς
1301 4771 1469 4840 ἱεραῖς
1493 4770 1760 4838 ἐσφάζετο
1788 4770 2000 4842 θύραις.

417 4860 688 4915 Ἀπέθανε
739 4863 849 4932 γὰρ
910 4863 940 4915 6
1003 4858 1385 4931 Ἐμμανουήλ,
1446 4863 1757 4933 ἀνευρύνων
1815 4861 2004 4934 ὥσπερ

410 4953 544 5021 ἡμῖν
580 4952 680 5024 τὴν
700 4954 779 5016 είς
806 4953 876 5007 τὰ
902 4953 1070 5023 ’Δγια
1087 4956 1195 5007 τῶν
1225 4955 1397 5022 ἁγίων
1434 4954 1745 5027 εἰσδρομὴν,
1772 4956 1867 5009 καὶ
1899 4955 2003 5026 τῆς

410 5042 525 5096 ἄνω
551 5046 645 5097 καὶ
671 5045 730 5103 ὲν
773 5045 1024 5115 οὐρανοῖς
1067 5044 1396 5117 Ἐκκλησίας
1421 5047 1674 5117 ἁνοιγνὺς
1699 5047 1799 5111 τὰς
1831 5046 2002 5119 θύρας

406 5136 522 5198 τοῖς
572 5137 652 5201 εἰς
700 5137 866 5190 αὐτὸν
900 5136 1269 5191 πιστεύουσιν.
1322 5137 1695 5208 Κερδαίνομεν
1726 5138 1905 5192 τοίνυν
1944 5140 2002 5192 ὲν

404 5227 626 5299 θανάτῳ
659 5228 754 5282 105
786 5227 1029 5300 Χριστοῦ
1061 5228 1125 5282 τὸ
1163 5228 1257 5282 καὶ
1288 5229 1368 5291 είς
1399 5228 1567 5300 αὐτὴν
1598 5228 1790 5284 ἐλάσαι
1817 5229 2002 5285 λοιπὸν

401 5317 506 5389 τὴν
546 5319 719 5388 ἁγίων
753 5319 981 5392 σκηνὴν,
1006 5322 1074 5392 ἣν
1113 5320 1312 5391 ἔπηξεν
1343 5322 1371 5374 6
1403 5322 1625 5391 Κύριος,
1658 5322 1752 5374 καὶ
1781 5321 1884 5375 οὐκ
1912 5320 2004 5375 ἄν-

402 5408 647 5480 θρωπος,
684 5410 785 5481 τὴν
822 5411 1147 5482 ἐπουράνιον
1187 5410 1562 5483 Ἰερουσαλὴμ,
1590 5411 1690 5481 τὴν
1730 5410 1843 5465 ἄνω
1871 5410 2003 5465 καλ-

399 5497 641 5567 λίπολιν,
685 5500 787 5571 τὴν
829 5500 939 5554 τῶν
975 5500 1147 5569 ἁγίων
1191 5499 1425 5571 μητέρα,
1473 5500 1569 5554 καὶ
1602 5500 1850 5569 ἀγγέλων
1879 5517 2003 5571 τρο-

402 5589 531 5658 φόν.
561 5590 688 5646 Ὀτι
710 5589 768 5645 δὲ
792 5590 946 5661 ἅγιος
969 5590 1125 5645 ἔσται
1156 5590 1252 5646 καὶ
1272 5591 1416 5662 ἱερὸς
1437 5593 1466 5644 6
1486 5590 1726 5664 Χριστοῦ
1750 5591 1999 5658 θάνατος,

2101 4585 2449 4642 sicutcontra
2464 4583 2803 4639 exsecrabile
2824 4599 2889 4638 ac
2912 4585 3179 4654 rejectum
3193 4583 3360 4656 3&8
3378 4595 3691 4643 aversatur.

2100 4675 2257 4744 Quod
2281 4675 2450 4747 igitur
2472 4675 2595 4746 ejus
2615 4675 2955 4747 morsgloria
2988 4691 3099 4731 non
3127 4684 3332 4743 careat,
3370 4678 3424 4733 id
3477 4679 3577 4734 tibi
3605 4679 3689 4737 fa-

2101 4767 2206 4824 cile
2240 4766 2731 4831 demonstraverit,
2775 4765 2926 4837 quod
2956 4766 3177 4823 Patrem
3200 4767 3382 4838 ipsum
3407 4768 3688 4840 inspecto-

2101 4876 2215 4916 rcm
2239 4860 2523 4915 habuerit.
2558 4859 2901 4915 Mactabatur
2933 4868 3117 4914 autem
3141 4858 3210 4914 ad
3240 4874 3425 4915 sacras
3480 4869 3687 4930 portas.

2094 4953 2428 5009 Emmanuel
2454 4953 2604 5008 enim
2634 4968 2732 5008 sua
2770 4962 2949 5007 morte
2971 4951 3135 5007 nobis
3164 4951 3574 5021 quodammodo
3604 4953 3687 5009 la-

2092 5045 2251 5103 xavit
2299 5044 2611 5116 ingressum
2666 5044 2724 5097 in
2760 5043 2960 5098 Sancta
3002 5049 3344 5105 sanctorum,
3387 5049 3689 5113 portasque

2099 5149 2352 5205 supernae
2404 5149 2469 5190 ac
2508 5133 2752 5190 caelestis
2799 5132 3063 5187 Ecclesiae
3105 5132 3323 5203 aperuit
3369 5131 3439 5188 iis
3483 5133 3579 5202 qui
3634 5134 3689 5190 in

2101 5225 2283 5296 ipsum
2316 5223 2572 5279 credunt.
2619 5221 2926 5278 Lucramur
2956 5219 3142 5289 itaque
3177 5221 3232 5275 in
3266 5228 3447 5276 morte
3476 5220 3689 5281 Christi

2100 5316 2411 5386 ingressum
2470 5314 2528 5368 in
2552 5313 2735 5382 ipsum
2769 5318 3018 5366 sanctum
3057 5311 3498 5378 tabernaculum,
3540 5312 3689 5384 quod

2099 5403 2374 5462 exstruxit
2400 5402 2688 5467 Dominus,
2709 5410 2765 5455 et
2793 5415 2902 5454 non
2928 5398 3114 5463 homo,
3162 5398 3442 5455 cmlestém
3466 5397 3686 5456 Jerusa-

2099 5497 2231 5562 lem,
2277 5504 2334 5552 et
2380 5509 2677 5565 supernam
2728 5492 2878 5547 illam
2904 5489 3335 5547 amoenissimam
3384 5491 3687 5553 civitatem,

2099 5604 2223 5661 quae
2257 5595 2342 5643 est
2385 5595 2704 5643 sanctorum
2753 5591 2953 5651 mater,
2997 5588 3055 5640 et
3097 5583 3420 5656 angelorum
3475 5577 3685 5637 nutrix.

478 5775 525 5809 “
544 5774 723 5831 Levit.
759 5777 965 5843 ruﬁ-5
1065 5775 1286 5831 “101m.
1325 5792 1435 5841 ιη,
1498 5776 1586 5832 50.
1666 5777 1710 5810 "
1759 5776 1916 5834 Joan.
1964 5792 2008 5833 v1

2119 5775 2209 5831 ιο.
2290 5774 2334 5807 ⁸⁸
2364 5772 2505 5830 Psal.
2543 5788 2665 5840 σιν,
2697 5771 2782 5828 ili.
