4060 6450
449 341 552 397 547

1453 331 1510 387 S.
1550 328 1827 386 CYRILLI
1865 326 2335 382 ALEXANDRINI
2374 326 2692 384 ARCHIEP.

3620 334 3721 391 5.58

448 455 624 510 Porro
643 454 792 524 quod
809 453 1015 511 Christi
1037 466 1189 509 mors
1211 452 1283 506 sit
1308 457 1497 504 sancta
1522 463 1586 502 ac
1609 446 1873 517 pretiosa,
1899 444 2026 500 sub-

2140 445 2517 518 ὑπεμφήνειεν
2548 447 2614 501 ἂν
2657 447 2739 511 τὸ,
2763 444 2985 520 [ὲ]αυτῷ
3019 451 3214 526 χρῆναι
3253 452 3606 522 προσκεῖσθαι
3634 454 3721 507 λέ-

452 545 781 600 indicaverit
825 546 971 615 quod
1022 545 1159 599 dicit
1197 562 1215 594 ι
1252 540 1577 611 sanguinem
1604 538 1671 593 ad
1709 538 1882 592 altare
1905 536 2034 591 fun-

400 625 413 649 ’
447 636 711 691 dendum.
746 638 960 691 iPotest
977 646 1157 690 tamen
1174 633 1338 689 etiam
1366 632 1516 685 aliud
1542 630 1673 700 quid
1698 629 2031 700 significare,

448 743 668 798 nempe,
694 729 839 799 quod
854 729 1100 797 posuerit
1125 726 1363 781 animam
1390 739 1544 778 suam
1574 738 1673 793 pro
1698 723 1944 778 Ecclesia
1967 723 2029 776 ".

447 819 583 874 Nam
614 838 632 869 ι
676 821 848 873 altare
881 838 899 870 ι
931 818 1065 872 illud
1094 825 1179 872 est
1198 817 1457 871 Ecclesia:
1486 825 1668 886 typus,
1716 815 1860 869 sicut
1904 830 2034 869 san-

447 911 568 982 guis
605 911 818 965 animas.
858 909 1214 965 Consecratio
1242 916 1427 962 autem
1455 907 1867 971 intestinorum,
1912 906 2035 975 pin-

444 1002 702 1074 guedinis
746 1002 1007 1072 inquam,
1061 1000 1268 1071 jecoris
1327 1008 1384 1054 et
1432 1014 1650 1063 renum,
1720 998 2034 1053 subindicat

446 1107 666 1147 rursum
691 1092 837 1161 quod
858 1091 1041 1145 omnia
1064 1092 1120 1145 in
1140 1090 1362 1145 Christo
1392 1088 1500 1143 sint
1530 1096 1739 1150 sancta,
1764 1088 2027 1157 pretiosa,

445 1182 761 1254 fragrantia.
792 1184 851 1238 In
874 1183 1073 1253 hepate
1102 1184 1251 1237 enim
1279 1181 1646 1252 cupiditatum
1685 1181 1953 1251 cuiusque
1975 1189 2030 1234 et

445 1273 790 1343 appetituum
813 1274 1001 1329 sedem
1031 1280 1301 1337 statuunt,
1319 1272 1412 1341 qui
1434 1272 1629 1326 harum
1656 1287 1842 1325 rerum
1863 1271 2028 1340 periti

443 1372 594 1419 sunt.
621 1365 803 1419 Renes
824 1380 956 1419 vero
988 1364 1283 1419 discretiva
1309 1363 1568 1417 facultate
1606 1362 1822 1431 praediti
1876 1370 2025 1415 sunt.

445 1455 716 1524 Separant
741 1455 887 1511 enim
907 1455 960 1509 id
988 1455 1134 1525 quod
1170 1455 1299 1508 utile
1326 1469 1391 1508 ac
1420 1453 1660 1507 salutare
1682 1461 1787 1516 est,
1838 1452 1909 1506 ab
1947 1453 2031 1506 in-

447 1549 570 1603 utili
597 1558 654 1604 et
697 1547 998 1618 superfluo.
1054 1548 1220 1617 Atqui
1258 1547 1363 1600 hoc
1410 1546 1647 1601 oﬂicium
1698 1553 1924 1616 praestat
1973 1544 2027 1599 in

444 1640 609 1695 nobis
639 1655 813 1693 mens.
859 1639 985 1693 Haec
1010 1639 1179 1698 enim.
1210 1638 1375 1692 modo
1399 1646 1546 1693 recte
1588 1638 1887 1692 constituta
1933 1637 2025 1702 sit,

448 1731 629 1802 rcjicit
659 1731 713 1784 id
745 1731 891 1801 quod
928 1745 1130 1784 nocere
1174 1731 1347 1795 solet;
1387 1730 1624 1785 admittit
1674 1737 1856 1783 autem
1898 1745 2027 1799 per-

2138 552 2258 605 γειν
2289 537 2365 608 τῷ
2393 538 2766 611 θυσιαστηρίῳ
2791 539 2852 593 τὸ
2881 533 3044 611 αἷμα.
3084 559 3101 593 ι
3137 541 3562 613 Κατασημήνειε
3588 544 3632 598 δ’
3658 545 3727 599 ἂν

2137 629 2232 681 καὶ
2263 629 2489 699 ἑτέρως,
2516 630 2603 681 ὅτι
2631 629 2845 682 τέθεικε
2879 628 2975 701 τὴν
3010 631 3199 699 ἑαυτοῦ
3231 631 3408 703 ψυχὴν
3446 635 3585 703 ὑπὲρ
3624 638 3723 708 τῆς

2148 718 2496 791 Ἑκκλησίας.
2523 720 2705 784 Τύπος
2736 722 2835 791 μὲν
2862 722 2980 793 γὰρ
3006 722 3106 792 τῆς
3143 723 3469 794 Ἑκκλησίας
3524 728 3583 779 τὸ
3631 724 3722 781 θυ-

2138 810 2472 879 σιαστήριον,
2522 808 2701 880 ψυχῆς
2724 811 2781 863 δὲ
2814 811 2877 863 τὸ
2924 807 3083 882 αἷμα.
3126 811 3194 865 Ἦ
3218 813 3274 865 δὲ
3301 813 3409 866 τῶν
3439 815 3723 870 ὲνδοσθίων

2133 901 2409 965 ἀνάθεσις,
2433 903 2552 973 ἦτοι
2582 902 2929 972 καθιέρωσις,
2968 904 3202 975 πιμελῆς
3228 907 3304 971 δὲ,
3331 905 3495 974 λέγω,
3516 908 3722 979 ἥπατός

2132 1010 2193 1046 τε
2238 995 2332 1047 καὶ
2374 995 2609 1065 νεφρῶν,
2657 995 2915 1065 ὑποδηλοῖ
2942 996 3124 1060 πάλιν,
3175 998 3258 1051 ὅτι
3300 999 3393 1051 καὶ
3440 999 3591 1068 ἅγια,
3626 1002 3723 1054 καὶ

2135 1086 2276 1157 ἱερὰ,
2306 1087 2400 1139 και)⁵
2431 1086 2605 1157 εὐώδη
2641 1089 2819 1142 πάντα
2842 1089 2909 1142 τὰ
2940 1091 2996 1142 ὲν
3024 1090 3265 1161 Χριστῷ.
3317 1092 3594 1163 Ἐνῆπατι
3625 1094 3723 1164 μὲν

2133 1178 2262 1250 γὰρ,
2286 1178 2387 1243 τὰς
2432 1179 2516 1248 ἐφ’
2555 1180 2734 1233 ότιοῦν
2766 1180 3063 1251 ἐπιθυμίας
3092 1183 3209 1252 ἦτοι
3244 1182 3448 1253 ὀρέξεις
3479 1185 3722 1253 γίνεσθαί

2138 1287 2302 1339 φασιν
2334 1272 2383 1324 οἱ
2424 1270 2597 1325 ταῦτα
2648 1272 2822 1342 σοφοί.
2872 1273 3084 1345 Νεφρδς
3129 1274 3184 1327 δὲ
3218 1274 3281 1345 δὴ
3314 1276 3495 1339 πάλιν,
3537 1278 3722 1347 μόριόν

2131 1363 2280 1414 ἐστιν
2325 1364 2382 1415 ὲν
2442 1362 2677 1431 σώματι,
2728 1364 3069 1437 διακριτικὴν
3105 1366 3226 1435 ἔχον
3268 1368 3367 1436 τὴν
3419 1366 3720 1439 ἐνέργειαν.

2144 1455 2457 1527 Ἀποκρίνει
2494 1458 2604 1529 γὰρ
2637 1457 2733 1511 τοῦ
2759 1459 3031 1529 χρησίμου
3060 1459 3119 1512 τδ
3149 1462 3423 1531 περιττόν.
3466 1461 3722 1518 Τοιοῦτον

2129 1546 2187 1600 δέ
2207 1565 2258 1600 τι
2278 1549 2371 1601 καὶ
2391 1551 2447 1601 ὲν
2470 1551 2601 1619 ἡμῖν
2627 1552 2809 1615 αὐτοῖς
2854 1553 2882 1605 6
2903 1552 3026 1615 νοῦς
3055 1552 3370 1623 ἐργάζεται.
3398 1555 3722 1627 Κιϐδηὶεύει

2133 1637 2232 1706 μὲν
2259 1639 2391 1708 γὰρ,
2422 1641 2580 1710 εἴπερ
2611 1642 2730 1693 ἐστὶ
2756 1642 2937 1711 σοφὸς,
2960 1642 3020 1694 τὸ
3040 1644 3247 1697 ἀδικεῖν
3272 1647 3535 1713 πεφυκός
3553 1663 3721 1718 προσ-

2134 1726 2270 1780 ίεται
2296 1727 2353 1780 δὲ
2377 1730 2468 1782 καὶ
2486 1728 2606 1782 λίαν
2635 1731 2887 1799 ἀσμένως
2922 1730 2984 1783 τὸ
3018 1731 3204 1783 τελοῦν
3230 1734 3308 1794 είς
3337 1732 3541 1802 ὄνησιν.
3571 1733 3720 1787 Ψάλ-

444 1816 679 1872 libcnter
710 1818 766 1873 id
791 1819 939 1887 quod
984 1820 1157 1888 juvat.
1187 1818 1342 1874 Unde
1364 1829 1421 1874 et
1454 1819 1649 1874 beatus
1693 1819 1864 1873 David
1905 1828 2025 1873 tan-

2129 1819 2209 1872 λει
2233 1819 2289 1872 δέ
2320 1837 2423 1875 που
2464 1823 2560 1876 καλ⁴
2596 1824 2623 1875 6
2659 1823 2928 1893 μακάριος
2970 1823 3156 1887 Δαὸὶδ,
3196 1823 3270 1887 ὡς
3314 1825 3378 1877 ἐκ
3426 1826 3721 1895 προσώπου

442 1924 606 1979 quam
656 1908 710 1963 in
734 1925 969 1979 persona
999 1909 1204 1964 Christi
1249 1909 1380 1963 alibi
1425 1909 1607 1979 psallit
1646 1926 1658 1961 :
1706 1927 1724 1959 ι
1771 1907 2024 1973 Domine,

442 2010 569 2056 ante
609 2009 661 2057 te
699 2018 863 2057 omne
895 2002 1231 2058 desiderium
1264 2018 1449 2057 meum
1486 2003 1549 2056 η.
1597 2021 1615 2053 ι
1657 2001 1793 2056 Item
1821 2041 1835 2066 ,
1872 2020 1891 2051 ι
1944 2001 2028 2053 Tu

443 2093 736 2164 possedisti
765 2109 927 2148 rencs
975 2109 1128 2149 meos
1160 2095 1223 2148 ".
1294 2113 1314 2146 ›
1355 2093 1512 2160 Quod
1539 2109 1670 2148 vero
1702 2092 2027 2146 Emmanuel

442 2184 629 2239 divina
673 2185 879 2240 virtute
918 2186 1156 2241 refertus
1205 2186 1298 2250 sit,
1335 2185 1802 2239 demonstraverit
1835 2198 2029 2238 rursus

443 2275 611 2329 veluti
648 2275 705 2328 in
727 2283 856 2346 typo
878 2275 993 2345 ipsa
1022 2274 1319 2344 pinguedo.
1340 2273 1817 2340 Quemadmodum
1876 2274 2026 2328 enim

442 2363 720 2434 pinguedo
776 2366 1024 2419 nascitur
1069 2366 1126 2419 in
1172 2364 1503 2419 animalibus
1532 2364 1673 2419 bene
1731 2364 1939 2418 habitis
1963 2380 2029 2419 ac

436 2455 616 2524 pastis
642 2473 654 2508 :
682 2456 777 2520 ita,
799 2456 1062 2522 arbitror,
1087 2458 1251 2512 etiam
1278 2457 1454 2511 virtus
1485 2465 1569 2512 est
1604 2457 1659 2511 in
1692 2464 1876 2510 mente
1904 2471 2027 2525 quae

439 2546 654 2601 omlesti
680 2547 944 2603 alimento
969 2548 1232 2603 abundat.
1270 2547 1527 2603 Christus
1567 2549 1754 2617 itaque
1800 2556 2026 2602 sanctus

440 2644 497 2692 et
520 2637 907 2694 immaculatus
925 2647 1029 2705 est,
1062 2647 1120 2695 et
1146 2642 1352 2695 virtute
1377 2640 1709 2704 cumulatus,
1727 2638 2022 2708 pretiosus,

438 2729 694 2801 fragrans
726 2732 1105 2787 holocaustum
1132 2732 1499 2803 intelligibile,
1526 2746 1590 2785 ac
1606 2731 1776 2787 veluti
1802 2730 2024 2784 inomni

439 2822 624 2890 specie
646 2822 915 2887 oblatum,
955 2823 1011 2877 in
1034 2824 1209 2878 vitulo
1242 2824 1489 2892 inquam,
1547 2829 1604 2877 et
1648 2822 1819 2876 ariete
1858 2829 2024 2890 atque

438 2911 615 2965 hirco.
642 2910 831 2967 Hostia
853 2913 1000 2967 enim
1036 2913 1295 2967 salutaris
1341 2926 1446 2983 pro
1474 2912 1638 2967 nobis
1687 2911 1865 2967 factus
1914 2919 2020 2977 est,

422 3000 701 3072 deditque
731 3002 1087 3071 semetipsum
1132 3000 1566 3070 redemptionem
1596 3014 1739 3053 unus
1775 3013 1877 3069 pro
1909 3012 2026 3051 om-

437 3092 627 3155 nibus,
661 3109 764 3163 per
817 3108 982 3164 quem
1026 3099 1085 3148 et
1137 3107 1265 3147 cum
1314 3107 1424 3163 quo
1467 3091 1540 3146 sit
1590 3091 1704 3145 Deo
1746 3105 1810 3144 ac
1872 3088 2020 3145 Patri

438 3182 610 3254 gloria
656 3197 783 3238 cum
810 3190 1002 3239 sancto
1059 3181 1272 3253 Spiritu
1325 3181 1383 3236 in
1417 3180 1617 3236 saecula
1671 3179 2018 3235 saeculorum.

438 3274 634 3329 Amen.

437 3383 601 3455 349
636 3380 789 3449 Quod
810 3401 903 3439 nos
937 3386 1166 3456 mystica:
1191 3383 1557 3456 benedictionis
1578 3383 1703 3453 facti
1721 3384 2022 3456 participes,

507 3456 724 3509 ontnino
751 3471 815 3508 ac
841 3455 1051 3526 penitus
1080 3456 1252 3509 sancti
1286 3455 1550 3525 divinique
1577 3456 1740 3508 simus
1764 3455 1951 3525 futuri.

510 3640 692 3695 Divini
732 3639 1013 3709 discipuli,
1053 3638 1542 3695 Salvatorisnostri
1587 3638 1865 3711 mysteriis
1886 3639 2025 3693 insi-

436 3746 572 3808 gues
625 3731 819 3796 habiti,
870 3746 1053 3801 neque
1103 3732 1211 3786 sibi
1243 3740 1550 3801 rapuerunt
1591 3731 1881 3795 honorem,
1924 3745 2025 3784 ne-

436 3838 547 3893 que
576 3822 787 3893 absque
827 3824 1117 3892 vocatione
1163 3837 1285 3878 sese
1323 3824 1694 3893 ingesserunt,
1721 3823 1815 3878 sed
1841 3822 2026 3893 potius

437 3914 640 3970 delecti
685 3922 815 3968 sunt
852 3913 920 3968 ad
951 3928 1154 3967 munus
1180 3913 1564 3983 apostolicum,
1593 3921 1649 3967 et
1677 3912 1938 3976 ordinati,
1966 3919 2028 3965 ut

438 4006 540 4060 toti
580 4003 702 4059 orbi
735 4019 888 4057 sacra
925 4002 1394 4065 administrarent,
1435 4017 1534 4071 per
1558 4002 1854 4056 salutarem
1886 4016 2029 4071 prae-

437 4096 794 4161 dicationem,
839 4094 946 4149 hoc
991 4102 1096 4158 est,
1139 4092 1347 4149 Christi
1371 4093 1748 4163 Evangelium.
1776 4093 2026 4147 illustres

437 4187 587 4243 enim
611 4196 668 4241 et
692 4187 985 4257 praeclaros
1022 4186 1314 4241 constituit
1338 4200 1437 4239 eos
1460 4185 1752 4255 magistros
1784 4185 1898 4251 ille,
1928 4186 2026 4255 qui

438 4276 575 4347 ipsis
621 4277 804 4331 dixit:
854 4295 872 4327 ι
904 4276 1116 4331 Euntes
1156 4275 1352 4330 docete
1408 4290 1601 4330 omnes
1642 4285 1836 4345 gentes
1891 4276 1957 4330 ”.
1999 4294 2018 4327 ι

439 4365 861 4437 Promptissimo
899 4367 1085 4435 itaque
1126 4365 1313 4419 animo
1367 4364 1693 4420 obedientes
1725 4366 2027 4422 Dominicis

438 4459 749 4530 praeceptis,
779 4459 971 4513 orbem
995 4466 1267 4513 terrarum
1288 4458 1636 4512 illustrarunt
1659 4473 1675 4523 ;
1702 4458 2025 4527 magistrum

438 4551 665 4621 quidem
718 4551 864 4606 nacti
909 4551 1083 4605 Deum
1134 4564 1200 4604 ac
1244 4550 1465 4604 Patrem
1498 4549 1799 4613 ccelestem,
1838 4549 2027 4618 gratiae

438 4643 737 4713 participes
750 4643 889 4696 alios
913 4640 1238 4695 eﬂecerunt.
1265 4640 1445 4695 Probe
1467 4640 1617 4695 enim
1636 4639 2024 4708 meminerunt,

438 4741 501 4787 ut
547 4748 647 4803 par
692 4732 818 4797 fuit,
874 4732 1022 4786 illius
1073 4732 1221 4801 quod
1268 4730 1522 4786 Christus
1560 4732 1694 4802 ipsis
1740 4732 2023 4802 praecepit,

436 4825 681 4881 mandati
711 4842 726 4879 :
778 4843 796 4875 ι
827 4823 1011 4879 Gratis
1039 4824 1350 4894 accepistis,
1386 4822 1556 4893 gratis
1578 4823 1702 4879 date
1731 4824 1799 4878 ³⁸.
1829 4843 1849 4875 ι
1880 4823 2029 4878 Scri-

437 4915 521 4972 bit
566 4918 734 4988 igitur
779 4915 1003 4970 divinus
1048 4915 1251 4970 Paulus
1272 4916 1371 4980 sic,
1403 4914 1799 4969 incarnationis
1818 4913 2025 4969 Christi

437 5009 761 5080 mysterium
803 5007 1123 5062 declamas:
1167 5025 1185 5056 ι
1216 5004 1371 5071 Quod
1415 5006 1565 5060 enim
1604 5013 1725 5060 erat
1770 5005 2026 5075 impossi-

437 5101 549 5157 bile
598 5103 736 5172 legis
777 5102 834 5155 in
882 5116 993 5171 quo
1039 5099 1425 5155 inﬁrmabatur
1477 5115 1577 5170 per
1605 5113 1850 5162 carnem,
1878 5098 2026 5153 Deus

437 5194 608 5249 misso
627 5210 734 5249 suo
765 5194 904 5248 Filio
930 5195 983 5248 in
1012 5193 1431 5249 similitudinem
1460 5193 1649 5247 carnis
1682 5193 1918 5262 peccati,
1958 5192 2027 5246 de

438 5295 659 5357 peccato
709 5285 1095 5340 condemnavit
1145 5294 1432 5354 peccatum
1480 5284 1535 5339 in
1586 5300 1684 5338 sua
1733 5298 1920 5347 carne,
1966 5291 2030 5338 ut

433 5376 755 5448 justiﬁeatio
799 5376 935 5449 legis
971 5377 1306 5447 impleretur
1355 5377 1411 5430 in
1460 5376 1640 5441 nobis,
1675 5375 1769 5445 qui
1800 5390 1912 5429 non
1946 5390 2031 5429 se-

437 5464 679 5519 cundum
729 5480 950 5520 carnem
990 5465 1357 5529 ambulamus,
1405 5464 1502 5520 sed
1531 5464 1835 5519 secundum
1862 5462 2030 5534 spiri-

438 5561 575 5614 tum.
631 5557 830 5613 Factus
887 5556 1036 5612 enim
1083 5564 1169 5610 est
1214 5571 1316 5625 pro
1352 5556 1513 5612 nobis
1557 5564 1847 5627 peccatum
1870 5555 2031 5612 Chri-

2129 1911 2223 1966 τοῦ
2250 1913 2487 1984 Χριστοῦ
2509 1931 2522 1945 ·
2563 1933 2582 1965 ι
2635 1916 2908 1969 Ἐναντίον
2949 1933 3042 1969 σου
3070 1918 3220 1970 πᾶσα
3252 1920 3284 1988 ἠ
3313 1918 3575 1988 ἐπιθυμία
3617 1918 3717 1987 μού

2129 2006 2266 2059 ἐστι.
2310 2024 2329 2056 ι
2378 2005 2491 2059 Καὶ
2534 2007 2732 2060 πάλιν
2771 2028 2789 2060 ι
2830 2008 2953 2062 Ὀτι
2995 2010 3058 2063 σὺ
3090 2011 3305 2079 ἐκτήσω
3324 2009 3553 2080 νεφρούς
3582 2027 3717 2078 μου,

2129 2095 2323 2168 Κύριε.
2365 2116 2383 2149 ι
2416 2098 2541 2151 ’Ότι
2569 2098 2626 2150 δὲ
2656 2099 2753 2151 καὶ
2795 2100 2998 2170 ἀρετῆς
3031 2100 3335 2169 ἀνάμεστος
3363 2101 3465 2170 τῆς
3495 2099 3720 2171 θεοπρε-

2128 2188 2264 2251 ποῦς
2306 2191 2335 2242 6
2384 2187 2755 2260 Ἐμμανουὴλ,
2796 2191 3173 2262 παραδείξειεν
3228 2190 3294 2245 ἂν
3340 2192 3415 2254 ὡς
3455 2193 3511 2245 tv
3564 2192 3719 2263 τύπῳ

2129 2283 2290 2336 πάλιν
2318 2284 2352 2353 ἡ
2383 2282 2636 2352 (πιμελή.
2655 2284 2896 2355 »Ὥσπερ
2924 2283 3034 2354 γὰρ
3053 2286 3109 2337 tv
3128 2286 3238 2345 τοῖς
3261 2285 3456 2352 ἄριστα
3482 2282 3713 2354 τεθραμο

2131 2374 2313 2443 μένοις
2352 2371 2460 2426 τῶν
2487 2370 2641 2437 ζώων
2669 2375 2701 2445 ἡ
2730 2374 2933 2445 πιμελὴ
2966 2375 3204 2442 γίνεταιο
3233 2375 3370 2427 κατὰ
3413 2373 3503 2428 τὸν
3534 2373 3715 2437 αὑτὸν,

2126 2456 2312 2532 οἶμαι,
2355 2462 2557 2534 τρόπον
2596 2464 2675 2526 είς
2714 2462 2839 2515 νοῦν
2880 2465 3047 2535 ἁρετὴ
3082 2466 3286 2534 τροφὴν
3314 2464 3505 2533 ἔχοντα
3532 2464 3629 2535 τὴν
3658 2464 3718 2530 ἐξ

2126 2551 2381 2624 οὐρανοῦ.
2412 2554 2602 2622 Ἄγιος
2621 2553 2684 2625 δὴ
2717 2550 2811 2608 οὖν
2844 2555 2939 2609 καὶ
2962 2554 3263 2625 ἀμώμητος
3289 2556 3316 2606 6
3338 2556 3593 2624 Χριστὸς,
3626 2556 3719 2609 καὶ

2126 2645 2325 2717 ἀρετῆς
2382 2646 2664 2717 ἔμπλεως,
2723 2647 2868 2719 ἱερὸς
2920 2648 3015 2701 καὶ⁵
3060 2648 3303 2716 εὐώδης,
3357 2646 3718 2717 ὀλοκαύτωμα

2125 2739 2334 2808 νοητὸν,
2354 2738 2447 2791 καὶ
2467 2737 2543 2802 ὼς
2574 2740 2631 2790 ὲν
2647 2738 2776 2791 εἴδει
2802 2737 2965 2791 παντὶ
2986 2737 3506 2808 προσενηνεγμένον,
3531 2736 3720 2812 μόσχῳ

2124 2844 2204 2892 τε,
2237 2828 2401 2899 φημὶ,
2429 2829 2523 2883 καὶ
2554 2828 2693 2900 κριῷ
2717 2870 2732 2894 ,
2764 2829 2856 2882 καὶ
2881 2828 3015 2896 αἰγί.
3048 2829 3325 2898 Σωτήριος
3360 2826 3467 2898 γὰρ
3494 2827 3718 2895 γέγονεν

2125 2919 2266 2990 ὑπὲρ
2289 2919 2445 2991 ἡμῶν
2470 2919 2631 2973 θυσία
2654 2937 2734 2983 τε,
2759 2920 2854 2973 καὶ
2868 2919 3100 2973 δέδωκεν
3116 2918 3306 2973 ἑαυτὸν
3328 2919 3469 2988 ὑπὲρ
3495 2921 3716 2971 πάντων

2127 3003 2229 3074 εἷς,
2266 3010 2295 3063 6
2320 3010 2543 3063 πάντων
2574 3009 2847 3074 ἀντάξιος.
2880 3008 2957 3062 Δι’
2988 3005 3048 3064 οὗ
3086 3009 3183 3063 καὶ
3224 3009 3345 3079 μεθ’
3375 3002 3435 3063 οῦ
3474 3009 3552 3078 τῷ
3592 3007 3715 3079 Θεῷ

2126 3099 2221 3152 καὶ¹
2259 3100 2434 3172 Πατρὶ
2453 3101 2488 3166 ἠ
2511 3099 2657 3167 δόξα,
2685 3101 2783 3154 σὺν
2817 3101 2958 3173 ἁγίῳ
2981 3100 3284 3173 Πνεύματι,
3314 3103 3391 3164 είς
3422 3101 3549 3165 τοὺς
3583 3099 3715 3154 αίῶ-

2124 3206 2223 3254 νας
2258 3188 2369 3243 τῶν
2406 3187 2639 3243 αἰώνων.
2674 3190 2868 3260 Ἀμήν.

2125 3384 2255 3443 Ὀτι
2284 3388 2398 3458 τῆς
2422 3387 2727 3459 μυστικῆς
2761 3389 3044 3459 εὐλογίας
3088 3388 3157 3459 ἐν
3194 3389 3434 3459 μεθέξει
3472 3392 3711 3459 γεγονό-

2193 3476 2316 3527 τες,
2343 3458 2495 3531 arm
2520 3460 2620 3513 καὶ
2650 3460 2792 3529 ἱεροὶ
2812 3458 3008 3527 πάντη
3032 3458 3130 3515 καὶ
3161 3458 3402 3527 πάντως
3428 3458 3708 3531 ἐσόμεθα.

2193 3634 2400 3705 Ταμίαι
2442 3634 2699 3703 γεγόνασι
2737 3634 2847 3688 τῶν
2873 3633 2969 3689 τοῦ
3009 3634 3259 3706 Σωτῆρος
3297 3634 3454 3707 ἡμῶν
3496 3650 3706 3705 μυστη-

2127 3732 2259 3802 ρίων
2285 3732 2335 3783 οἱ
2371 3729 2648 3784 θεσπέσιοι
2696 3730 2954 3802 μαθηταὶ,
3006 3728 3101 3783 καὶ
3142 3730 3239 3800 οὐχ
3287 3730 3498 3793 ἑαυτοῖς
3531 3727 3709 3800 ἀρπά-

2126 3822 2311 3888 ζοντες
2343 3822 2444 3893 τὴν
2468 3822 2667 3893 τιμὴν,
2708 3819 2835 3874 οὔτε
2871 3821 2977 3893 μὴν
3022 3820 3344 3890 αὐτόκλητοι
3373 3820 3524 3891 παρά
3552 3818 3710 3873 τοῦτο

2130 3915 2319 3977 εόντες
2341 3913 2854 3985 προκεχειρισμένοι
2871 3913 2926 3965 δὲ
2954 3912 3154 3983 μᾶλλον
3171 3914 3249 3976 είς
3266 3910 3589 3980 ἀποστολὴν,
3614 3911 3711 3964 καὶ

2124 4008 2236 4069 τοῖς
2285 4006 2388 4059 ἀνά
2424 4006 2607 4059 πᾶσαν
2635 4005 2736 4075 τὴν
2793 4005 2885 4057 ὑπ’
2928 4004 3155 4075 οὐρανὸν
3186 4005 3489 4075 ἱερουργεῖν
3535 4005 3714 4056 ἔπιτε-

2125 4098 2388 4167 ταγμένοι
2404 4098 2466 4150 τδ
2490 4097 2764 4167 σωτήριον
2782 4098 3069 4167 κήρυγμα,
3093 4096 3361 4160 τουτέστι,
3382 4096 3443 4148 τὸ
3468 4094 3711 4165 Εὐαγγέ-

2125 4187 2237 4242 λιον
2257 4193 2352 4247 τοῦ
2383 4187 2645 4260 Χριστοῦ.
2674 4188 2978 4260 Λαμπροὺς
3008 4188 3117 4258 γὰρ
3150 4187 3317 4239 ὲτίθει
3366 4188 3493 4250 τοὺς
3538 4203 3711 4257 μυστ-

2125 4279 2396 4347 αγωγοὺς,
2447 4275 2590 4331 οὕτω
2624 4277 2841 4345 λέγων·
2873 4295 2891 4329 ι
2922 4275 3288 4347 Πορευθέντες
3332 4274 3709 4346 μαθητεύσατε

2126 4370 2308 4424 πάντα
2342 4368 2412 4423 τὰ
2436 4368 2619 4440 ἔθνη.»
2640 4370 2895 4432 Εῐκοντες
2927 4367 2992 4439 δὴ
3031 4363 3148 4431 οὖν,
3185 4367 3283 4421 καὶ⁵
3323 4368 3471 4437 μάλα
3502 4365 3708 4438 προθύ-
3748 4404 3755 4411 .

2057 4510 2102 4565 D
2131 4481 2268 4535 μως,
2294 4466 2408 4527 τοῖς
2422 4465 2771 4526 Δεσποτικοῖς
2800 4462 3162 4532 θεσπίσμασι,
3181 4460 3582 4531 φωταγωγοῦσι
3614 4460 3711 4529 τὴν

2126 4556 2485 4625 οἰκουμένην
2535 4554 2829 4625 παιδευτὴν
2883 4553 2980 4624 μὲν
3024 4554 3282 4624 λαχόντες
3328 4553 3484 4606 αὐτοὶ
3524 4552 3615 4605 τὸν
3655 4552 3712 4603 ἐν

2123 4647 2372 4718 οὐρανοῖς
2396 4646 2616 4716 Πατέρα
2641 4648 2737 4699 καὶ
2766 4646 2919 4710 Θεὸν,
2954 4646 3246 4709 κοινωνοὺς
3278 4646 3336 4699 δὲ
3364 4646 3465 4715 τῆς
3490 4645 3712 4716 χάριτος

2123 4738 2513 4801 ἀποτελοῦντες
2554 4738 2797 4808 ἐτέρους.
2833 4738 3205 4809 Διεμέμνηντο
3230 4738 3360 4810 γὰρ,
3386 4737 3527 4792 κατὰ
3550 4736 3610 4789 τὸ
3637 4736 3713 4788 εί-

2123 4830 2239 4893 κὺς,
2276 4831 2355 4892 εἰς
2388 4827 2545 4881 τοῦτο
2568 4826 2797 4898 γνώμης
2823 4829 3021 4892 αὐτοὺς
3052 4830 3424 4899 ἀποφέροντπ
3460 4827 3552 4881 τοῦ
3578 4828 3709 4898 Χρι-

2127 4918 2278 4984 στοῦ,
2331 4919 2583 4985 λέγοντος
2631 4919 2856 4987 σαφῶς·
2908 4918 3169 4991 «Δωρεάν
3213 4920 3457 4983 ἐλάϐετε,
3502 4916 3715 4988 δωρεὰν

2128 5010 2270 5064 δότε.
2302 5027 2321 5061 ι
2370 5008 2580 5078 Γράφει
2630 5010 2812 5063 τοίνυν
2853 5011 2883 5063 6
2929 5009 3222 5073 θεσπέσιος
3274 5008 3514 5074 Παῦλος,
3539 5008 3634 5061 καὶ
3656 5006 3715 5059 τδ

2133 5100 2269 5171 βαθὺ
2308 5100 2404 5169 τῆς
2438 5100 2576 5170 μετά
2614 5101 2814 5170 σαρκὸς
2842 5100 3151 5170 οἰκονομίας
3193 5098 3468 5168 διατρανοί
3495 5096 3714 5168 μυστή-

2130 5207 2262 5262 ριον,
2290 5189 2387 5242 ὡδί
2428 5206 2531 5243 που
2566 5189 2740 5258 λέγων
2762 5207 2776 5220 ο
2809 5209 2828 5241 ι
2851 5190 2925 5243 Τὸ
2959 5189 3066 5262 γὰρ
3101 5188 3361 5243 ἀδύνατον
3404 5185 3498 5240 τοῦ
3548 5187 3715 5254 νόμου

2127 5285 2188 5335 tv
2228 5274 2273 5349 ᾧ
2316 5279 2535 5351 ἠσθένει
2585 5280 2674 5334 διὰ
2714 5281 2818 5351 τῆς
2864 5281 3089 5352 σαρκὸς,
3135 5282 3164 5333 6
3209 5278 3343 5341 Θεὸς
3385 5276 3478 5331 τὸν
3520 5273 3715 5329 ἑαυτοῦ

2127 5375 2258 5430 Υἱδν
2305 5376 2531 5447 πέμψας
2574 5376 2633 5427 tv
2677 5375 2957 5445 ὁμοιότητι
3009 5371 3211 5444 σαρκὸς
3257 5369 3555 5440 ἁμαρτίας,
3591 5367 3713 5435 περὶ

2131 5465 2407 5537 ἁμαρτίας
2440 5465 2730 5534 κατέκρινε
2765 5464 2864 5534 τὴν
2898 5463 3173 5534 ἁμαρτίαν
3197 5463 3256 5514 ὲν
3288 5463 3355 5531 τῇ
3397 5457 3599 5531 σαρκί⁹
3634 5459 3726 5510 ἵνα

2127 5557 2192 5611 τὸ
2227 5555 2506 5629 δικαίωμα
2547 5555 2642 5609 τοῦ
2691 5555 2860 5628 νόμου
2897 5553 3161 5625 πληρωθῇ
3214 5553 3274 5605 tv
3323 5553 3476 5623 ἡμῖν,
3502 5552 3613 5613 τοῖς
3647 5549 3725 5621 μὴ

515 5760 558 5836 ξ’
577 5756 959 5829 Ephea.v,25.
1025 5757 1068 5790 ¹⁶
1095 5757 1563 5825 Psal.xxxvn,l0.
1626 5760 2206 5829 “Psal.cxuvm,13.
2284 5763 2330 5795 ὀ
2362 5762 2551 5818 Matth.
2604 5777 2798 5828 xxnu,
2833 5757 2919 5813 l9.
3000 5759 3040 5790 "
3081 5755 3270 5812 Matth.
3326 5773 3392 5820 x,
3428 5758 3482 5813 8.
