4060 6444
390 327 496 382 5W

1397 320 1926 378 GLAPHYRORUM
1966 321 2033 376 1N
2075 321 2451 379 LEVlTlCUM
2484 324 2710 381 LIBER.

3606 334 3710 389 53Ξο

390 438 535 495 κατά
556 436 739 508 σάρκα
768 436 1188 507 περιπατοῦσιν,
1214 434 1349 490 ἀλλὰ
1373 435 1518 490 κατὰ
1535 435 1669 491 ττνεῦ
1678 454 1775 507 μα.
1805 436 2003 505 Γέγονε

2108 446 2248 504 stus,
2287 460 2306 491 ι
2349 442 2500 496 sicut
2532 443 2805 513 scriptum
2836 449 2924 497 est
3002 482 3017 507 ,
3049 456 3176 497 cum
3210 451 3395 499 tamen
3416 446 3553 502 nulli
3578 464 3711 519 pec-

389 531 501 602 γὰρ
519 528 663 600 ὑπὲρ
682 526 840 599 ήμῶν
862 527 1110 600 ἁμαρτία
1130 528 1386 599 Χριστὸς,
1410 545 1428 579 ι
1456 526 1643 592 καθὼς
1668 527 2000 599 γέγραπται,

390 624 486 678 καὶ
516 623 579 675 οὐ
605 621 782 693 δήπου
831 622 1053 684 πάντως
1098 620 1378 692 ἁμαρτίας
1421 619 1625 691 ἔνοχος.
1661 622 1737 675 Ού
1762 622 1869 694 γὰρ
1899 615 2002 675 ὦδε

391 718 580 788 ληρεῖν
612 714 925 786 εἰθίσμεθα,
962 714 1085 767 ἐπεὶ
1130 713 1206 786 μὴ
1243 708 1387 767 εἶδεν
1444 713 1586 778 ὅλως
1640 713 1703 767 τὸ
1746 714 2004 786 πλημμε-

389 808 524 873 λεῖν,
573 806 709 870 Θεὸς
741 806 818 860 ὢν
856 805 1041 875 φύσει,
1068 808 1165 860 καὶ
1198 808 1264 860 ἑκ
1302 805 1441 860 Θεοῦ
1474 804 1736 878 πεφηνὼς
1755 808 1850 861 τοῦ
1885 807 2003 860 Πα-

392 900 542 971 τρὸς,
574 898 766 970 ἐπειδὴ
814 898 871 952 δὲ
917 898 1114 968 γέγονε
1176 898 1331 969 θῦμα
1363 898 1507 971 ὑπὲρ
1542 898 1843 971 ἁμαρτίας.
1883 917 1902 950 ι
1928 899 2003 951 Τὸ

396 994 506 1066 γὰρ
541 992 735 1064 Πάσχα
772 990 932 1065 ἡμῶν
961 992 1103 1064 ὑπὲρ
1130 991 1291 1064 ἡμῶν
1321 992 1487 1063 ἑτύθη
1513 992 1767 1064 Χριστός.
1801 1012 1819 1044 ι
1858 990 2003 1045 Ταύ-

398 1085 546 1157 τῃτοί
636 1102 821 1157 φαμεν
881 1085 1138 1154 γενέσθαι
1216 1084 1314 1139 καὶ
1388 1085 1690 1157 ἁμαρτίαν.
1765 1083 2000 1139 Τέθυται

394 1177 522 1250 γὰρ,
550 1178 626 1241 ὠς
665 1178 826 1249 ἔφην,
852 1177 940 1230 ίνα
968 1176 1049 1248 τῷ
1094 1176 1210 1248 ἰδίῳ
1235 1175 1431 1248 αἵματι
1462 1176 1876 1248 κατακτήσηται
1901 1176 1999 1246 τὴν

394 1271 485 1325 ὑπ’
516 1270 767 1343 οὐρανόν.
810 1289 829 1323 ι
865 1268 1255 1341 Ἡγοράσμεθα
1301 1269 1413 1341 γὰρ
1452 1269 1642 1340 τιμῆς,
1670 1288 1689 1321 ι
1730 1268 1871 1323 κατὰ
1902 1268 2002 1333 τὰς

391 1362 640 1434 Γραφάς,
671 1361 768 1415 καὶ
797 1359 898 1414 οὐκ
918 1361 1091 1431 ἑσμὲν
1121 1359 1356 1423 ἑαυτῶν,
1383 1359 1519 1413 ἀλλὰ
1538 1359 1634 1412 τοῦ
1667 1359 1810 1430 ὑπὲρ
1840 1358 1998 1430 ήμῶν

368 1454 679 1523 ίγεγονότος
705 1452 977 1524 ἁμαρτία,
1010 1451 1099 1506 ἵνα
1144 1452 1255 1506 τῶν
1284 1453 1533 1524 ἀρχαίων
1563 1453 1714 1523 ἡμᾶς
1744 1452 1997 1506 ἀπαλλά-

392 1540 460 1613 ξῃ
502 1540 1017 1612 πλημμελημάτων,
1053 1543 1150 1596 καὶ
1199 1542 1388 1610 ἁγίους
1434 1544 1690 1614 ἀποφήνῃ
1727 1542 1817 1596 διὰ
1873 1560 2001 1613 μετ-

388 1634 527 1705 οχῆς
556 1633 655 1703 τῆς
698 1633 863 1701 ἁγίας
893 1631 1060 1687 αὑτοῦ
1094 1633 1319 1705 σαρκὸς,
1344 1634 1503 1706 δῆλον
1524 1634 1580 1687 δὲ
1595 1635 1678 1688 ὅτι
1706 1633 1803 1688 καὶ
1835 1635 2001 1704 αἵμα-

387 1742 506 1792 τος.
539 1725 714 1779 Τοῦτό
749 1743 830 1779 τοι
878 1726 976 1780 καὶ
1028 1728 1057 1781 ό
1104 1725 1396 1792 θεσπέσιος
1436 1730 1571 1799 ἡμῖν
1623 1726 1998 1800 προανεφώνει

2107 539 2232 585 cato
2281 532 2454 589 fuerit
2489 535 2783 592 obnoxius.
2826 536 3018 607 Neque
3044 537 3192 592 enim
3220 539 3295 593 ita
3315 538 3552 597 delirare
3580 559 3714 599 con-

2104 622 2413 690 suevimus,
2456 634 2518 679 ut
2562 640 2691 681 eum
2728 627 2825 698 qui
2863 636 3060 697 suapte
3107 637 3306 683 natura
3342 637 3429 685 est
3460 630 3628 697 Deus,
3656 642 3715 691 et

2105 729 2175 769 ex
2208 715 2323 771 Deo
2357 716 2519 771 Patre
2553 719 2795 787 genitus,
2836 735 3068 790 peccare
3096 736 3445 784 censeamus,
3479 723 3577 777 sed
3619 739 3711 778 as—

2105 823 2429 865 severamus
2454 811 2605 880 quod
2636 811 2818 866 hostia
2852 811 2925 865 sit
2949 826 3051 881 pro
3073 820 3302 882 peccato
3323 811 3524 868 factus.
3565 833 3583 866 ι
3611 815 3714 869 Pa-

2104 901 2237 956 scba
2260 903 2408 957 enim
2438 918 2541 973 pro
2580 903 2745 958 nobis
2788 903 3106 959 immolatus
3139 913 3227 961 est
3274 904 3532 961 Christus
3560 908 3637 959 ’3:
3684 928 3703 959 ι

2103 993 2368 1063 quocirca
2423 1009 2554 1048 eum
2611 1013 2629 1046 ι
2664 1004 2951 1065 peccatum
2982 995 3191 1050 factum
3230 1015 3251 1063 ι
3289 1011 3411 1051 esse
3448 996 3705 1053 dicimus.

2102 1084 2371 1141 Mactatus
2400 1087 2551 1142 enim
2609 1093 2715 1153 est,
2750 1095 2813 1141 ut
2843 1086 2978 1153 dixi,
3039 1097 3103 1142 ut
3156 1103 3258 1143 suo
3300 1089 3526 1159 proprio
3579 1105 3708 1145 san—

2102 1178 2270 1249 guine
2328 1187 2505 1234 totum
2546 1178 2848 1235 redimeret
2912 1180 3203 1235 mundum.
3265 1180 3342 1235 Ita
3415 1182 3565 1236 enim
3632 1183 3711 1236 ait

2104 1267 2393 1339 Scriptura
2422 1287 2435 1322 :
2487 1288 2504 1320 ι
2535 1270 2723 1325 Pretio
2769 1270 2943 1341 empti
2980 1271 3116 1325 estis
3142 1271 3187 1301 “
3220 1288 3233 1324 :
3266 1291 3286 1323 ι
3313 1288 3494 1342 neque
3518 1289 3711 1329 sumus

2103 1360 2341 1430 amplius
2367 1360 2546 1415 nostri
2582 1361 2749 1432 juris,
2778 1361 2875 1416 sed
2902 1361 3073 1426 illius,
3101 1361 3198 1431 qui
3220 1377 3323 1431 pro
3344 1362 3509 1417 nobis
3533 1363 3711 1418 lactus

2101 1460 2186 1507 est
2226 1460 2552 1521 peccatum,
2601 1460 2665 1506 ut
2719 1468 2751 1507 a
2798 1452 3080 1523 prioribus
3124 1452 3369 1522 peccatis
3410 1452 3707 1516 liberaret,

2102 1551 2436 1613 sanctosque
2468 1558 2568 1614 per
2592 1554 2798 1599 sanctae
2835 1546 3020 1600 carnis
3048 1561 3162 1600 suae
3185 1553 3242 1599 et
3265 1545 3399 1599 item
3426 1545 3712 1616 sanguinis

2102 1633 2552 1689 communionem
2598 1633 2875 1688 redderet.
2914 1634 3030 1689 [loc
3053 1633 3236 1704 ipsum
3266 1634 3452 1688 divina
3479 1635 3568 1689 lex
3602 1651 3708 1689 no-

2103 1725 2190 1780 bis
2238 1724 2688 1797 praesigniﬁcavit
2716 1765 2732 1790 ,
2775 1725 2851 1780 ita
2889 1727 3039 1782 enim
3068 1727 3126 1781 in
3158 1726 3408 1782 Levitico
3436 1729 3706 1799 scriptum

391 1818 588 1889 νόμος·
620 1818 939 1889 γέγραπται
974 1817 1085 1889 γάρ
1115 1817 1290 1883 οὕτως
1311 1821 1369 1872 ὲν
1398 1797 1778 1891 τῷγΛευῖτ-ικῷ
1796 1837 1809 1850 °
1843 1840 1862 1873 ι
1886 1821 1999 1874 Καὶ

2107 1824 2186 1872 est
2219 1836 2232 1870 :
2267 1837 2285 1868 ι
2314 1818 2559 1873 Locutus
2601 1826 2688 1873 est
2741 1818 3011 1874 Dominus
3054 1820 3123 1874 ad
3182 1819 3427 1891 Moysen,
3464 1797 3656 1876 dicens
3688 1840 3702 1874 :

391 1909 628 1979 ἑλάλησε
666 1909 874 1981 Κύριος
924 1911 1062 1981 πρὸς
1112 1911 1343 1982 Μωσῆν,
1390 1911 1603 1980 λέγων·
1638 1910 1891 1982 Λάλησον
1919 1910 1999 1982 τῷ

407 1998 622 2072 Ἀαρὼν
646 2000 745 2052 καὶ
775 2002 890 2064 τοῖς
930 2002 1068 2064 υἱοῖς
1114 2001 1305 2066 αὐτοῦ,
1334 2002 1511 2071 λέγων
1539 2018 1554 2033 ο
1581 1996 1750 2065 Οὗτος
1779 2004 1808 2055 ὀ
1833 2001 1998 2071 νόμος

393 2092 496 2167 τῆς
535 2091 831 2163 ἁμαρτίας.
884 2092 973 2146 Ἐν
1003 2092 1158 2163 τόπῳ
1187 2087 1249 2147 οὗ
1285 2093 1553 2163 σφάζουσι
1581 2091 1650 2145 τὰ
1683 2091 1996 2146 ὁλοκαυτώ-

398 2200 570 2256 ματα,
599 2184 866 2254 σφάξουσι
891 2185 983 2238 καὶ
1011 2185 1075 2238 τὸ
1093 2184 1195 2255 τῆς
1224 2185 1503 2256 ἁμαρτίας
1547 2182 1731 2238 ἔναντι
1765 2184 1997 2255 Κυρίου.

396 2276 568 2345 Ἅγια
601 2276 773 2344 ἁγίων
804 2276 972 2330 ἐστίν.
1019 2277 1222 2348 Ἱερεὺς
1265 2278 1294 2330 ὁ
1342 2276 1633 2348 ἀναφέρων
1662 2278 1855 2348 αὐτὴν,
1888 2277 2000 2331 ἑδε-

394 2385 487 2421 ται
522 2367 716 2438 αὑτὴν,
761 2368 818 2421 ἑν
866 2368 1019 2439 τόπῳ
1073 2368 1218 2438 ἁγίῳ
1250 2367 1618 2441 βρωθήσεται,
1648 2369 1707 2421 ἑν
1734 2369 1871 2441 αὐλῇ
1901 2369 2002 2440 τῆς

397 2459 607 2531 σκηνῆς
635 2457 730 2512 τοῦ
764 2461 1091 2531 μαρτυρίου.
1124 2461 1240 2524 Πᾶς
1268 2460 1298 2512 ὁ
1329 2461 1641 2531 ἁπτόμενος
1664 2461 1776 2514 τῶν
1818 2460 2001 2532 κρεῶν

395 2551 592 2622 αὐτῆς,
631 2551 1052 2623 ἁγιασθήσεται.
1094 2551 1184 2604 Ἐν
1211 2545 1257 2620 ᾧ
1305 2553 1372 2606 ἂν
1428 2552 1830 2626 ἑπιρραντισθῇ
1893 2552 2002 2606 ἀπὸ

394 2642 492 2700 τοῦ
522 2644 757 2716 αἵματος
786 2645 957 2715 αὐτῆς
981 2644 1072 2698 ἑπὶ
1106 2644 1166 2698 τὸ
1199 2645 1436 2716 ἱμάτιον,
1475 2645 1505 2699 ὃ
1537 2645 1603 2699 ἂν
1631 2646 1892 2717 ραντισθῇ
1915 2643 2002 2701 ἐπ’

398 2735 555 2799 αὐτὸ,
590 2732 960 2806 πλυνθήσεται
991 2738 1051 2790 ἑν
1071 2735 1224 2807 τόπῳ
1250 2735 1410 2807 ἁγίῳ.
1445 2736 1558 2790 Καὶ
1589 2735 1784 2801 σκεῦος
1804 2737 2003 2809 ὀστρά-

398 2845 551 2883 κινον
576 2820 639 2882 οὗ
668 2828 765 2882 ἑὰν
797 2826 976 2897 ἑψηθῇ
1002 2829 1060 2881 ἑν
1094 2825 1265 2898 αὐτῷ,
1322 2825 1780 2898 συντριϐήσεται·
1815 2826 1910 2880 ἑὰν
1944 2826 2002 2880 δὲ

402 2921 463 2974 ἑν
501 2918 687 2974 σκεύει
736 2918 925 2991 χαλκῷ
979 2918 1180 2991 ἑψηθῇ,
1213 2917 1460 2989 ἑκτρίψει
1496 2918 1649 2984 αὐτὸ,
1685 2919 1780 2972 καὶ
1808 2917 2003 2972 πλύσει

399 3012 577 3066 ὕδατι.
637 3012 756 3066 Πᾶν
807 3012 978 3082 ἄρσεν
1021 3012 1081 3065 ἑν
1131 3013 1245 3073 τοῖς
1280 3007 1491 3082 ἱερεῦσι
1539 3009 1777 3079 φάγεται
1835 3010 1999 3065 αὐτά.

399 3109 572 3178 ’Ἅγια
612 3105 789 3177 ἁγίων
831 3106 952 3160 ἑστι⁵
995 3104 1075 3176 τῷ
1112 3105 1329 3176 Κυρίῳ.
1355 3124 1374 3156 ι
1408 3102 1573 3167 Σύνες
1600 3103 1666 3175 δὴ
1709 3099 1802 3158 οὖν
1828 3105 2003 3176 ὅσπερ
2030 3135 2073 3194 C

394 3197 770 3253 καταθύεσθαι
827 3195 1042 3251 κελεύει
1093 3195 1194 3267 τὴν
1254 3196 1555 3268 ἁμαρτίαν,
1617 3196 1887 3263 τουτέστι,
1940 3196 2004 3249 τὸ

399 3291 543 3362 ὑπὲρ
585 3288 887 3364 ἁμαρτίας.
928 3288 1180 3359 Χίμαρος
1225 3287 1282 3341 δὲ
1312 3288 1422 3359 ἄρα
1450 3287 1609 3341 τοῦτο
1636 3283 1705 3359 ἦν
1731 3289 1810 3352 εἰς
1836 3286 2006 3342 τύπον

398 3382 665 3456 Χριστοῦ,
684 3382 782 3438 τοῦ
815 3382 886 3437 δι’
907 3382 1080 3455 ἡμᾶς,
1113 3382 1190 3446 ὡς
1219 3380 1379 3454 ἔφην,
1416 3381 1706 3451 γεγονότος
1728 3381 2001 3452 ἁμαρτία.

405 3475 773 3544 «Λελόγισται
821 3474 932 3547 γὰρ
993 3475 1052 3529 ἑν
1103 3473 1349 3545 ἀνόμοις,
1382 3493 1401 3526 ι
1452 3474 1548 3527 καὶ
1585 3472 2007 3545 συνεσταυρώθη

400 3565 653 3639 λῃσταῖς,
701 3563 1084 3637 κεχρημάτικέ
1137 3580 1199 3617 τε
1224 3563 1321 3618 καὶ
1349 3565 1479 3637 ἀρά.
1507 3563 1822 3635 Γέγραπται
1875 3563 2006 3635 γὰρ,

400 3659 486 3713 ὅτι
551 3678 571 3710 ι
598 3659 925 3730 Κατάρατος
979 3658 1090 3721 πᾶς
1130 3658 1161 3711 ὁ
1212 3658 1568 3729 κρεμάμενος
1618 3658 1712 3711 ἑπὶ
1767 3657 1947 3725 ξύλου.
1982 3676 2002 3711 ι

414 3748 580 3805 Ἀλλά
608 3750 706 3804 καὶ
736 3749 976 3820 καθῆκεν
1010 3749 1204 3803 ἑαυτὸν
1232 3749 1290 3802 ἑν
1322 3746 1538 3813 τούτοις
1565 3748 1633 3803 δι’
1668 3751 1819 3820 ἡμᾶς
1861 3751 2010 3803 οἰκο-

401 3843 648 3914 νομικῶς
667 3858 683 3873 ·
714 3841 831 3896 ἀλλ’
862 3837 932 3914 ἦν
961 3858 1022 3896 τε
1060 3842 1159 3895 καὶ
1195 3840 1350 3895 ἐστιν
1379 3842 1557 3911 ἆγιος,
1619 3843 1681 3896 οὐ
1709 3842 1852 3897 κατά
1882 3843 2012 3914 μέθ-

403 3935 518 4002 εξιν
545 3935 648 3989 τὴν
672 3934 750 3998 ὡς
797 3933 931 4007 παρ’
960 3933 1151 4006 ἑτέρου
1177 3932 1432 4005 καθάπερ
1459 3936 1641 4005 ἡμεῖς,
1674 3934 1923 4003 φυσικῶς
1951 3934 2010 3988 δὲ

407 4027 612 4099 μᾶλλον
650 4025 813 4089 αὐτὸς
854 4025 933 4090 ὡς
981 4024 1135 4089 Θεός.
1186 4025 1266 4079 Δι’
1318 4025 1483 4079 αὑτοῦ
1527 4025 1638 4096 γὰρ
1679 4027 2010 4098 πιστεύομεν

402 4120 507 4191 τὴν
537 4118 720 4172 κτίσιν
745 4117 1093 4187 ἀγιάζεσθαι,
1124 4117 1230 4172 κᾶν
1275 4118 1541 4187 ἀγγέλους
1576 4118 1872 4191 ὀνομάσῃς,
1906 4119 2011 4173 κᾶν

405 4211 470 4265 τὸ
498 4211 578 4264 ἔτι
624 4205 863 4282 προῦχον
903 4211 961 4263 ἑν
990 4209 1141 4281 δόξῃ,
1178 4209 1282 4263 κᾶν
1313 4208 1375 4263 τὸ
1408 4209 1801 4281 ὑπερκείμενόν
1826 4227 1886 4262 τε
1916 4209 2012 4263 καὶ

409 4304 695 4375 ἀνωτέρω,
729 4303 972 4374 Θρόνους
1015 4302 1077 4355 τέ
1121 4319 1264 4373 φημι
1316 4302 1411 4355 καὶ
1459 4300 1682 4372 Ἀρχὰς,
1725 4301 1829 4355 κᾶν
1872 4301 2013 4354 αὐτά

411 4413 505 4470 μοι
538 4395 706 4468 λέγῃς
737 4396 808 4449 τά
836 4394 1123 4467 Σεραφίμο
1152 4394 1268 4448 ἀλλ’
1294 4394 1395 4447 οὐκ
1424 4392 1491 4446 ἂν
1511 4392 1712 4464 ἑτέρως
1734 4391 2013 4462 ἀγιάζοιτο

2100 1910 2356 1981 Loquere
2402 1911 2585 1966 Aaron
2636 1919 2693 1966 et
2745 1910 2875 1966 ﬁliis
2919 1913 3063 1982 ejus,
3108 1911 3340 1967 dicens:
3374 1913 3483 1967 Ista
3509 1921 3595 1968 est
3619 1914 3706 1969 lex

2098 2003 2333 2073 peccati.
2363 2003 2598 2058 ln-loco
2636 2002 2731 2057 ubi
2781 2009 3024 2057 mactant
3075 2003 3457 2058 holocaustum
3517 2020 3704 2071 suum,

2101 2094 2429 2149 mactabunt
2465 2094 2632 2164 350
2656 2103 2712 2148 et
2739 2093 2976 2149 hostiam
3007 2110 3109 2164 pro
3132 2103 3362 2164 peccato
3387 2111 3572 2150 coram
3599 2097 3707 2151 Do-

2100 2185 2274 2241 mino.
2324 2185 2528 2242 Sancta
2559 2193 2879 2240 sanctorum
2913 2194 3063 2240 sunt.
3096 2184 3368 2241 Sacerdos
3402 2188 3498 2256 qui
3520 2188 3704 2249 oﬁ‘ert.

2102 2274 2278 2346 ipsam
2301 2276 2618 2341 manducat,
2645 2282 2702 2330 et
2728 2275 2785 2329 in
2817 2276 2941 2331 loco
2967 2286 3161 2332 sancto
3181 2277 3456 2344 comedet,
3484 2278 3540 2332 in
3563 2280 3707 2333 atrio

2102 2368 2449 2424 tabernaculi
2478 2369 2804 2424 testimonii.
2839 2368 3170 2440 Quicunque
3197 2370 3443 2441 attigerit
3482 2369 3551 2425 de
3580 2386 3704 2425 car-

2101 2460 2271 2515 nibus
2302 2462 2444 2532 ejus,
2475 2460 2935 2515 sanctiﬁcabitur.
2959 2460 3030 2516 Et
3048 2459 3493 2531 quandocunque
3512 2476 3706 2530 asper-

2105 2568 2230 2610 sum
2271 2552 2442 2608 fuerit
2490 2552 2559 2607 de
2601 2553 2871 2623 sanguine
2897 2552 3073 2633 ipsius
3095 2568 3264 2622 super
3289 2554 3705 2619 vestimentum;

2103 2645 2478 2716 quodcunque
2510 2660 2797 2715 aspersum
2837 2644 3030 2710 fuerit,
3072 2644 3129 2699 id
3174 2645 3451 2713 lavabitur
3493 2644 3551 2700 in
3580 2645 3706 2700 loco

2103 2746 2317 2793 sancto.
2376 2737 2486 2793 Vas
2537 2743 2725 2791 autem
2773 2736 2832 2791 in
2878 2752 2989 2807 quo
3026 2743 3182 2791 cocta
3229 2743 3334 2802 est,
3377 2737 3545 2792 ﬁctile
3574 2751 3708 2792 con-

2102 2828 2376 2900 fringetur
2404 2846 2417 2881 :
2451 2826 2498 2883 si
2520 2842 2654 2882 vero
2679 2843 2834 2884 aeneo
2857 2843 2989 2883 vase
3013 2836 3170 2882 cocta
3191 2826 3381 2893 fuerit,
3410 2827 3705 2885 defricabit

2106 2918 2288 2989 ipsum
2335 2926 2392 2973 et
2421 2918 2609 2973 abluet
2634 2933 2797 2988 aqua.
2832 2917 3026 2973 Omnis
3051 2917 3332 2973 masculus
3353 2934 3420 2973 ex
3443 2920 3701 2975 sacerdo-

2106 3011 2258 3066 tibus
2280 3011 2398 3066 edit
2431 3010 2568 3081 ipsa.
2597 3009 2798 3065 Sancta
2821 3017 3136 3065 sanctorum
3162 3018 3294 3065 sunt
3322 3010 3555 3065 Domino
3577 3013 3645 3066 ³⁵.
3679 3032 3698 3064 ι

2105 3100 2376 3171 lntelligis
2432 3099 2603 3171 igitur
2646 3097 2928 3169 quomodo
2971 3098 3167 3169 jubeat
3204 3098 3479 3154 immolari
3505 3115 3705 3170 pecca-

2107 3203 2248 3259 tum,
2286 3193 2394 3249 hoc
2420 3201 2528 3259 est,
2557 3193 2796 3248 hostiam
2842 3208 2947 3264 pro
2970 3193 3242 3263 peccato?
3273 3191 3451 3262 Caper
3479 3208 3612 3263 ergo
3660 3193 3709 3248 is

2106 3294 2228 3343 erat
2265 3286 2324 3340 in
2378 3292 2568 3358 typum
2609 3284 2837 3351 Christi,
2883 3284 2980 3355 qui
3015 3291 3246 3356 propter
3279 3298 3401 3349 nos,
3451 3292 3515 3339 ut
3566 3284 3704 3349 dixi,

2107 3377 2287 3434 factus
2321 3385 2408 3433 est
2435 3387 2747 3448 peccatum.
2804 3395 2825 3429 ι
2849 3377 3001 3432 Inter
3048 3376 3269 3446 iniquos
3304 3375 3454 3431 enim
3480 3384 3706 3447 reputa-

2110 3480 2201 3527 tus
2224 3470 2396 3537 est”,
2435 3489 2454 3523 ι
2482 3479 2542 3526 et
2569 3484 2683 3525 una
2720 3484 2848 3525 cum
2891 3468 3199 3525 latronibus
3249 3468 3568 3533 cruciﬁxus,
3607 3468 3708 3524 de-

2108 3564 2460 3634 claratusque
2517 3561 2848 3619 maledictus
2889 3560 2950 3616 in
3010 3559 3317 3631 Scriptura.
3376 3560 3470 3616 Ait
3517 3560 3704 3625 enim,

2118 3671 2138 3705 ι
2167 3653 2492 3709 Maledictus
2517 3652 2701 3709 omnis
2727 3652 2825 3724 qui
2852 3649 3061 3723 pendet
3106 3649 3165 3704 in
3215 3650 3371 3721 ligno
3400 3650 3467 3704 '7.
3525 3670 3545 3701 ι
3590 3649 3708 3704 Etsi

2110 3754 2295 3800 autem
2323 3745 2567 3816 seipsum
2591 3744 2668 3799 ita
2694 3741 2986 3799 demiserit
3014 3749 3243 3813 propter
3290 3755 3414 3805 nos,
3462 3746 3581 3795 erat
3621 3748 3708 3795 ta—

2110 3850 2240 3890 men
2288 3842 2455 3904 atque
2507 3843 2594 3889 est
2641 3840 2884 3897 sanctus,
2911 3841 2977 3887 et
3001 3829 3227 3901 quidem
3258 3844 3371 3884 non
3399 3829 3706 3885 secundum

2111 3926 2622 3999 participationem,
2663 3924 2837 3980 veluti
2864 3923 2935 3978 ab
2961 3922 3093 3989 alio,
3126 3922 3271 3977 sicut
3292 3936 3395 3975 nos
3420 3937 3434 3986 ;
3458 3920 3552 3975 sed
3577 3934 3706 3975 sua-

2112 4029 2206 4088 pte
2232 4027 2452 4083 natura,
2481 4028 2744 4088 tanquam
2779 4002 2946 4071 Deus.
2978 4014 3086 4071 Per
3128 4013 3310 4083 ipsum
3355 4012 3503 4067 enim
3541 4020 3595 4066 et
3636 4013 3707 4067 ab

2113 4108 2234 4179 ipso
2293 4108 2577 4163 credimus
2616 4106 2933 4162 universam
2983 4102 3319 4160 sanctiﬁcari
3369 4110 3704 4169 creaturam,

2113 4201 2281 4257 etiam
2323 4201 2475 4271 ipsos
2517 4199 2763 4271 angelos,
2793 4206 2889 4253 aut
2927 4197 2974 4253 si
3006 4197 3142 4267 quid
3178 4193 3560 4267 praestantiore
3586 4195 3707 4265 glo-

2115 4292 2199 4348 ria
2242 4293 2317 4348 sit
2359 4291 2675 4364 pmditum,
2715 4289 3163 4358 eminentiusque
3210 4303 3275 4343 ac
3304 4286 3561 4357 superius
3587 4286 3701 4341 sit:

2116 4392 2179 4439 ut
2216 4390 2349 4439 sunt
2390 4382 2601 4437 Throni
2622 4390 2680 4437 et
2714 4380 3087 4450 Principatus.
3111 4379 3228 4435 lmo
3253 4394 3387 4434 vero
3416 4366 3547 4434 licet
3566 4379 3704 4434 mihi

407 4469 597 4553 ταυτὶ,
620 4487 763 4560 πλὴν
791 4488 875 4541 ὅτι
919 4485 1074 4558 παρά
1121 4483 1336 4555 Πατρὸς
1376 4483 1443 4538 δι’
1476 4482 1608 4538 Υἱοῦ
1630 4484 1685 4535 ἑν
1710 4481 2006 4553 Πνεύματι.

2114 4474 2324 4530 dixeris
2366 4474 2518 4544 ipsos
2548 4470 2837 4541 Seraphim
2870 4488 2887 4538 ;
2918 4478 3102 4526 tamen
3122 4486 3235 4526 non
3272 4471 3435 4525 aliter
3457 4469 3703 4524 sanctiﬁ-

411 4580 624 4636 Οὐκοῦν
677 4579 782 4634 κᾶν
830 4578 1057 4648 γέγονεν
1103 4577 1372 4649 ἁμαρτία,
1412 4575 1723 4646 μεμένηκεν
1751 4575 1889 4645 ὅπερ
1917 4568 2008 4646 ἦν,

411 4675 716 4738 τουτέστιν,
750 4673 907 4743 ἅγιος
950 4671 1095 4726 κατὰ
1123 4670 1289 4741 φύσιν
1329 4668 1406 4732 ὼς
1437 4668 1592 4735 Θεὸς,
1631 4666 1726 4720 καὶ
1765 4685 1783 4717 ι
1806 4667 1908 4719 οὐκ
1946 4667 2012 4720 ἑκ

415 4768 622 4840 μέτρου
652 4765 840 4821 δίδωσι
874 4765 937 4819 τὸ
973 4763 1221 4835 Πνεῦμα,
1246 4781 1266 4814 ι
1307 4759 1450 4815 κατά
1482 4759 1582 4830 τὴν
1621 4757 1871 4812 Ἰωάννου
1901 4774 2015 4825 φω-

415 4862 533 4932 νήν.
569 4860 698 4914 Ὀτι
742 4859 802 4913 δὲ
831 4857 928 4911 καὶ
973 4859 1004 4911 ό
1048 4855 1150 4926 τῆς
1187 4853 1392 4924 σαρκὸς
1439 4849 1606 4906 αὐτοῦ
1647 4850 1878 4913 θάνατος
1924 4848 2012 4901 ἐπ’

416 4952 697 5023 ἀναιρέσει
727 4951 829 5021 τῆς
864 4946 1065 5020 σαρκὸς
1090 4942 1353 5016 γεγονὼς,
1390 4943 1545 5013 ἀγιός
1578 4959 1638 4996 τε
1684 4941 1780 4995 καὶ
1807 4938 2012 5011 ἀϐέϐη-

419 5039 614 5116 λοςῆν,
643 5043 741 5099 καὶ
788 5043 866 5104 ὡς
909 5043 970 5094 ἑν
1006 5039 1164 5107 τάξει
1194 5037 1557 5109 θυμιαμάτων
1612 5032 2019 5106 εὐπαράδεκτος

417 5135 498 5206 τῷ
528 5135 649 5209 Θεῷ
679 5136 777 5190 καὶ
807 5134 1004 5205 Πατρὶ,
1041 5130 1457 5203 διαμεμήνυκεν
1483 5125 1730 5197 ὲναργῶς
1770 5126 1799 5178 ὁ
1830 5123 2015 5194 νόμος,

417 5228 621 5283 εἰπών’
662 5247 681 5280 ι
720 5228 813 5283 Ἐν
842 5226 996 5297 τόπῳ
1029 5219 1092 5280 οὗ
1131 5222 1400 5294 σφάζουσι
1446 5219 1516 5274 τὰ
1564 5215 2016 5286 ὁλοκαυτώματα,

421 5319 690 5390 σφάξουσι
738 5318 837 5374 καὶ
882 5320 944 5373 τὸ
1000 5318 1132 5390 περὶ
1174 5313 1455 5388 ἁμαρτίας
1509 5310 1689 5365 ἔναντι
1732 5308 1963 5379 Κυρίου.
1988 5324 2009 5357 ι

431 5411 834 5477 ὐλοκαύτωσις
867 5412 896 5463 ό
920 5410 1179 5482 Χριστὸς,
1202 5406 1481 5463 τουτέστιν
1501 5403 1622 5467 ὅλος
1654 5400 1715 5466 ἐξ
1741 5400 1888 5465 ὅλου,
1916 5398 2014 5452 καὶ

417 5505 483 5559 οὐ
520 5503 785 5577 μερικῶς,
819 5506 902 5568 εἰς
936 5502 1114 5575 ὀσμὴν
1147 5498 1375 5563 εὐωδίας
1405 5494 1766 5566 ἀνακείμενος
1794 5488 1873 5561 τῷ
1893 5486 2012 5559 Θεῷ

2112 4575 2332 4631 cantur,
2359 4580 2525 4637 quam
2555 4581 2586 4621 a
2624 4564 2788 4619 Patre
2812 4579 2912 4634 per
2936 4564 3136 4619 Filium
3168 4563 3224 4619 in
3260 4564 3469 4634 Spiritu
3488 4570 3702 4618 saneto.

2113 4658 2461 4728 Quapropter
2498 4655 2719 4711 etiamsi
2760 4655 2941 4712 factus
2984 4655 3154 4710 fuerit
3179 4663 3490 4726 peccatum,
3520 4663 3706 4711 tamen

2115 4751 2264 4823 quod
2286 4758 2409 4806 erat
2427 4748 2749 4821 permansit,
2775 4748 2884 4804 hoc
2916 4755 3023 4815 est,
3046 4758 3243 4820 suapte
3267 4758 3464 4805 natura
3484 4756 3708 4802 sanctus

2117 4851 2377 4915 tanquam
2397 4842 2565 4909 Deus,
2595 4842 2685 4898 cui
2713 4850 2771 4898 et
2800 4843 2949 4898 Deus
2972 4843 3138 4897 Pater
3170 4860 3189 4894 ι
3219 4857 3330 4897 non
3358 4856 3427 4895 ex
3449 4854 3707 4894 mensura

2117 4936 2213 4991 dat
2267 4933 2559 5006 Spiritum,
2590 4954 2609 4987 ›
2666 4935 2825 5005 juxta
2862 4933 3001 4990 illud
3053 4933 3283 4989 Joannis
3326 4931 3585 5001 Baptista;
3636 4928 3703 4984 ³⁸.

2116 5026 2274 5093 Quod
2315 5036 2503 5083 autem
2550 5039 2701 5081 mors
2745 5025 2929 5080 carnis
2970 5024 3147 5094 ipsius
3190 5024 3257 5078 ad
3290 5021 3708 5077 demolitionem

2116 5118 2326 5188 peccati
2361 5117 2504 5172 facta
2536 5124 2727 5187 sancta
2750 5117 2824 5172 sit
2848 5131 2915 5171 ac
2938 5114 3167 5180 munda,
3192 5131 3258 5170 ac
3288 5115 3461 5170 veluti
3494 5113 3709 5170 sumtus

2115 5209 2231 5267 Deo
2257 5216 2540 5279 acceptus,
2570 5207 2859 5263 evidenter
2892 5205 3221 5278 signiﬁcavit
3245 5208 3334 5262 lex
3379 5207 3474 5262 ubi
3531 5206 3706 5261 dicit:

2127 5320 2147 5355 ι
2174 5301 2234 5356 ln
2276 5300 2402 5355 loco
2446 5299 2545 5354 ubi
2578 5307 2822 5355 mactant
2843 5299 3252 5364 holocaustum,
3286 5299 3453 5355 etiam
3473 5299 3583 5353 hoc
3609 5312 3709 5368 pro

2117 5399 2347 5465 peccato
2379 5393 2700 5447 mactabunt
2718 5407 2903 5447 coram
2938 5391 3171 5447 Domino
3195 5393 3263 5447 '9.
3296 5411 3314 5444 ι
3344 5391 3600 5448 Christus
3626 5396 3706 5444 est

2117 5484 2524 5551 holocaustum,
2564 5484 2668 5539 hoc
2705 5491 2810 5549 est,
2853 5492 3005 5540 totus
3034 5500 3103 5540 cx
3130 5493 3267 5549 toto,
3297 5499 3408 5541 non
3431 5500 3500 5539 ex
3529 5488 3706 5551 parte,

494 5715 539 5747 ⁸¹
587 5711 873 5775 Romanu,
903 5710 938 5765 3
961 5725 1117 5781 seqq.
1158 5707 1239 5781 7"
1270 5705 1315 5781 l_l
1352 5704 1482 5781 Cor.
1510 5720 1566 5769 ι’,
1596 5703 1647 5757 ’7.
1682 5775 1709 5781 _
1729 5700 1776 5781 τι
1806 5702 1826 5757 Ι
1854 5699 1991 5781 ρος.

2122 5694 2214 5748 25.
2255 5694 2336 5781 οἱ·
2368 5692 2542 5753 Levit.
2575 5708 2658 5757 γι,
2693 5690 2883 5748 25ο50.
2962 5693 3006 5723 ¹⁶
3037 5690 3140 5745 lsa.
3178 5688 3319 5781 un
3336 5685 3421 5740 12.
3464 5685 3508 5717 ’⁷
3544 5683 3704 5738 Deut.

422 5763 747 5851 χκνιιξξθέ
770 5763 1095 5847 δίαιίιιῖξ
1121 5780 1207 5833 l3.
1286 5779 1331 5808 "‘
1360 5776 1519 5832 Joan.
1555 5763 1645 5837 iu,
1682 5774 1772 5843 54.
1853 5773 1897 5804 "
1934 5770 2006 5825 Le

2107 5763 2347 5832 .vr,25.
2822 5814 2825 5821 .
3289 5768 3319 5782 “
