4120 6454
446 346 540 403 851

1454 331 1513 387 8.
1549 326 1825 386 σῖιιιιιι
1863 321 2333 381 ALEXANDle
2364 320 2683 377 ARCHIEP.

446 460 680 514 offertur
715 458 829 512 Deo
878 468 943 509 ac
966 452 1117 510 Patri
1142 451 1200 506 in
1222 449 1450 505 odorem
1480 443 1789 501 suavitatis.
1817 442 2030 497 Idcirco

2150 438 2226 491 cal.
2253 439 2734 509 Πατρί.Ταὺτῃτοι
2778 437 2870 490 καὶ
2898 434 3113 506 άληθῶς
3137 435 3327 504 ’Δγιος
3348 433 3519 503 ἁγίων
3544 435 3713 489 ιστίν.

447 552 613 607 etiam
655 564 845 604 revera
888 553 974 602 est
1012 544 1247 600 Sanctus
1301 547 1640 596 sanctorum.
1692 535 2030 593 Sanctiﬁcati

447 642 595 696 enim
641 632 835 695 sumus
884 637 942 691 in
976 638 1097 705 ipso
1125 635 1170 667 "
1197 651 1212 700 ;
1245 635 1474 704 ipseque
1497 639 1750 685 nostrum
1773 629 2033 683 universa

449 728 768 800 iustiﬁcatio
806 735 910 790 est,
954 723 1129 795 magis
1153 737 1286 778 vero
1324 722 1492 777 etiam
1517 734 1884 791 supernorum
1919 719 2034 789 spi-

451 822 655 875 rituum
686 818 968 881 sanctitas,
1001 816 1146 871 sicut
1176 816 1289 884 jam
1316 814 1450 887 disi.
1473 814 1745 869 Praeterea
1798 830 1816 863 ι
1848 826 2034 866 sacer-

447 907 571 973 dos.
599 914 697 971 ait,
732 906 829 977 qui
856 908 1019 962 oﬁ‘ert
1044 921 1188 970 eam,
1219 905 1472 959 comedet
1494 920 1614 959 eam
1643 905 1707 958 ³³.
1741 922 1761 955 ι
1789 903 1889 958 Hic
1914 920 2038 957 rur-

449 1015 547 1057 sus
584 999 819 1054 observa
852 998 1001 1069 quod
1030 998 1085 1051 in
1115 997 1376 1052 omnibus
1402 997 1570 1051 rebus
1610 995 1836 1066 agendis
1858 995 2036 1049 eccle-

452 1090 532 1146 sia
584 1090 757 1145 sacris
800 1098 859 1145 et
896 1090 1100 1144 divinis
1146 1087 1433 1159 praeceptis
1487 1086 1845 1157 gubernatur.
1885 1085 2038 1140 Illius

450 1184 620 1248 enim,
658 1182 755 1252 qui
784 1181 947 1236 oﬁ'crt
971 1182 1229 1246 hostiam,
1254 1181 1393 1234 ﬁunt
1416 1194 1481 1233 ea
1506 1194 1630 1248 qua:
1654 1193 1722 1232 ex
1749 1177 1864 1246 ipsa
1886 1185 2035 1232 sunt.

452 1274 618 1332 Novit
658 1282 843 1327 autem
891 1272 1036 1342 quod
1072 1273 1198 1327 dico
1225 1271 1382 1342 351
1412 1270 1595 1324 omnis
1630 1268 1726 1337 qui
1752 1267 1965 1338 legibus
1984 1274 2040 1321 et

454 1364 728 1419 institutis
758 1364 1018 1419 Ecclesiae
1049 1370 1134 1418 est
1187 1362 1481 1416 enutritus.
1517 1359 1675 1427 Quod
1706 1375 1840 1415 vero
1866 1361 2041 1415 eccle-

453 1453 535 1507 sia
582 1453 679 1507 Dei
727 1453 799 1507 sit
843 1453 998 1507 locus
1039 1453 1241 1507 divinis
1271 1450 1555 1505 sacriﬁciis
1591 1451 2042 1506 convenientissi-

455 1558 601 1606 mus,
632 1543 888 1613 quodque
915 1544 971 1597 in
1005 1544 1120 1613 ipsa
1151 1543 1356 1597 Christi
1386 1541 1706 1613 mysterium
1730 1542 2041 1597 necessario

456 1644 771 1708 peragatur,
828 1636 1168 1690 ostenderint
1218 1634 1359 1688 haud
1396 1634 1632 1689 obscure
1653 1649 1719 1689 ea
1749 1634 1816 1689 de
1839 1633 2042 1704 quibus

456 1727 591 1789 dixi,
641 1727 805 1781 modo
842 1726 968 1796 quis
991 1727 1235 1780 animum
1262 1725 1532 1790 advertat,
1570 1745 1589 1777 ‹
1621 1726 1676 1780 in
1700 1726 1822 1781 loco
1850 1735 2039 1781 sancto

453 1787 653 1873 edet-ur
676 1817 731 1871 in
756 1787 897 1870 atrio
932 1817 1276 1872 tabernaculi
1308 1787 1609 1873 testimonii
1634 1818 1702 1871 ³¹.
1734 1837 1752 1869 ι
1791 1817 1897 1872 Sed
1923 1826 2043 1873 erat
2076 1787 2114 1841 Β

457 1906 516 1961 in
546 1915 795 1976 tempore
842 1906 937 1961 illo
973 1922 1144 1961 unum
1180 1907 1594 1962 tabernaculum
1616 1924 1715 1979 per
1737 1908 2039 1974 desertum,

456 2003 512 2052 et
554 2005 679 2066 post
711 1997 818 2052 hoc
867 1998 1034 2051 etiam
1084 2013 1256 2053 unum
1308 2000 1573 2069 templum
1630 1998 2040 2070 Hierosolymis,

456 2090 604 2161 quod
649 2098 708 2145 et
764 2089 1024 2146 Salomon
1071 2090 1383 2147 aediﬁcavit.
1433 2091 1502 2145 Et
1539 2091 1765 2161 quidem
1812 2091 2044 2162 capitale

456 2181 793 2251 supplicium
843 2182 1186 2251 propositum
1223 2189 1345 2236 erat
1382 2180 1452 2238 iis
1503 2182 1598 2251 qui
1629 2189 1785 2235 extra
1812 2181 1919 2235 hoc
1959 2188 2044 2235 ta-

458 2272 822 2328 bernaculum
873 2272 1251 2327 immolabant.
1302 2272 1382 2326 lta
1421 2271 1570 2325 enim
1606 2271 1685 2325 ait
1716 2270 2042 2340 Scriptura:

469 2381 490 2413 α
521 2364 697 2419 Homo
739 2378 808 2417 ex
854 2362 981 2417 ﬁliis
1034 2363 1225 2427 Israel,
1275 2361 1372 2431 qui
1417 2360 1784 2415 immolaverit
1814 2360 2047 2414 vitulum

461 2465 559 2512 aut
603 2471 790 2520 ovem,
841 2462 935 2509 aut
964 2468 1181 2524 capram
1217 2453 1273 2507 in
1298 2451 1495 2507 castris
1524 2469 1538 2504 :
1575 2452 1706 2505 item
1732 2451 1827 2520 qui
1850 2451 2047 2505 immo-

464 2547 595 2602 larit
623 2558 777 2602 extra
805 2554 1004 2611 castra,
1039 2560 1222 2615 neque
1260 2545 1366 2598 hoc
1396 2543 1463 2599 ad
1496 2553 1686 2614 portas
1710 2543 2049 2598 tabernaculi

466 2638 765 2694 testimonii
808 2638 1077 2702 attulerit,
1134 2636 1413 2691 utoﬂ‘erat
1469 2650 1671 2690 munus
1719 2650 1905 2689 coram
1938 2636 2049 2690 Do-

464 2731 638 2795 mino,
681 2746 867 2785 coram
920 2730 1277 2785 tabernaculo
1307 2727 1548 2793 Domini,
1574 2728 1797 2798 sanguis
1824 2737 2051 2797 reputa-

464 2823 617 2879 bitur
656 2823 863 2878 homini
917 2822 1020 2887 illi,
1064 2821 1160 2892 qui
1199 2821 1519 2891 sanguinem
1547 2821 1702 2875 illum
1728 2819 2054 2875 eﬂ'udit.ld-

464 2914 615 2968 circo
667 2913 873 2983 peribit
917 2912 1102 2966 anima
1152 2913 1244 2966 illa
1275 2927 1343 2965 ex
1383 2912 1588 2981 populo
1621 2927 1720 2965 suo
1751 2910 1814 2965 ³³.
1856 2930 1875 2963 ι
1908 2911 2051 2982 Ergo

463 3011 655 3058 contra
687 3003 859 3072 legem
883 3009 987 3065 est,
1011 3010 1068 3056 et
1099 3000 1411 3070 profanum,
1434 3006 1599 3067 atque
1631 2997 1769 3051 adeo
1795 2998 2049 3067 capitale,

2144 526 2492 599 Ἦγιάσμεθα
2548 528 2659 599 γὰρ
2705 528 2764 581 ὲν
2815 526 2984 597 αὐτῷ,
3017 529 3114 580 καὶ
3145 526 3308 590 αὐτὸς
3329 525 3539 597 ήμῶνή
3571 527 3716 580 πᾶσα

2132 620 2436 683 δικαίωσις,
2462 619 2661 689 μᾶλλον
2693 619 2752 673 δὲ
2785 620 2882 673 καὶ
2915 618 3098 674 αὐτῶν
3117 617 3229 671 τῶν
3253 617 3366 671 ἁνω
3389 618 3718 687 πνευμάτων

2132 709 2423 780 ἁγιασμὸς,
2464 708 2717 780 καθάπερ
2749 709 2884 780 ἔφην
2929 709 3150 781 ἀρτίως.
3187 708 3355 780 Πλὴν,
3385 728 3404 761 ‹
3425 708 3484 762 Ὀ
3517 708 3717 779 ἱερεὺς,

2135 800 2323 867 φησὶν,
2385 801 2415 854 6
2450 800 2739 870 ἀναφέρων
2783 799 2972 871 αὐτὴν,
3008 799 3186 853 ἔδεται
3234 801 3426 857 αὐτήν.
3457 817 3477 850 ι
3524 798 3720 870 Ἀθρει

2133 890 2199 963 δὴ
2227 893 2323 945 νῦν
2371 891 2535 946 πάλιν
2571 894 2652 947 ὅτι
2709 892 2848 963 πρὸς
2895 894 3005 947 πᾶν
3045 892 3224 945 ὁτιοῦν
3267 892 3377 945 τῶν
3405 890 3719 962 πρακτέων,

2137 985 2302 1055 ἱεροῖς
2328 984 2423 1036 καί⁵
2445 984 2612 1047 θείοις
2637 985 2670 1055 ἡ
2704 984 3000 1051 Ἐκκλησία
3030 982 3317 1036 διοικεῖται
3342 981 3586 1051 θεσμοῖς.
3612 979 3721 1033 Τοῦ

2137 1075 2245 1145 γὰρ
2276 1075 2649 1146 προσάγοντος
2696 1074 2795 1146 τὴν
2832 1074 3043 1138 θυσίαν,
3076 1074 3146 1127 τὰ
3187 1073 3246 1139 ἐξ
3280 1073 3450 1142 αὐτῆς
3490 1071 3720 1140 γίνεται.

2139 1163 2262 1221 Οἷδε
2292 1168 2321 1220 6
2347 1184 2513 1237 φημι,
2535 1168 2644 1229 πᾶς
2671 1166 2918 1219 ὁστισοῦν
2942 1167 3052 1229 τοῖς
3086 1167 3186 1235 τῆς
3225 1164 3552 1234 Ἐκκλησίας
3577 1166 3722 1216 ἐντε-

2139 1259 2455 1333 θραμμένος
2482 1261 2691 1330 νόμοις.
2725 1260 2847 1312 Ὀτι
2876 1259 2933 1311 δὲ
2964 1259 3129 1321 τόπος
3155 1260 3274 1321 ταῖς
3306 1256 3483 1319 θείαις
3515 1259 3723 1325 ἱερουρ-

2137 1353 2285 1421 γίαις
2315 1355 2343 1405 6
2376 1351 2618 1422 μάλιστα
2642 1352 2888 1424 πρέπων,
2918 1353 2950 1421 ἡ
2984 1350 3279 1420 Ἐκκλησία
3320 1348 3413 1402 τοῦ
3438 1348 3595 1410 Θεοῦ,
3632 1346 3724 1400 καὶ

2140 1446 2199 1497 ὲν
2227 1445 2366 1514 αὐτῇ
2407 1442 2722 1511 ἀναγκαίως
2769 1442 2832 1495 τὸ
2873 1441 3111 1509 Χριστοῦ
3144 1442 3377 1493 τελεῖται
3405 1441 3722 1511 μυστήριον,

2142 1532 2423 1596 ὲνδείξειεν
2478 1532 2545 1585 ἂν
2587 1534 2689 1585 οὐκ
2722 1531 3082 1601 ἁσυμφανῶς,
3138 1529 3594 1602 προσεπενεγκὼν
3643 1524 3724 1593 οἷς

2143 1623 2301 1693 ἔφην’
2341 1642 2360 1675 ι
2396 1624 2484 1676 Ἐν
2521 1624 2672 1695 τόπῳ
2727 1623 2867 1693 ἁγίῳ
2925 1622 3290 1694 βρωθήσεται,
3327 1624 3385 1674 ἐν
3430 1622 3567 1692 αὐλῇ
3627 1620 3725 1689 τῆς

2145 1715 2348 1786 σκηνῆς
2377 1714 2470 1767 τοῦ
2502 1714 2822 1785 μαρτυρίου.
2845 1732 2864 1764 ι
2912 1713 3050 1766 Ἀλλ’
3078 1710 3147 1784 ἦν
3177 1715 3298 1767 κατ’
3322 1714 3500 1765 ἐκεῖνο
3531 1710 3724 1782 καιροῦ

2148 1807 2246 1877 μία
2284 1804 2382 1875 μὲν
2413 1804 2556 1858 κατὰ
2584 1806 2684 1875 τὴν
2714 1804 2920 1875 ἔρημον
2961 1805 3154 1876 σκηνὴ,
3198 1806 3292 1857 καὶ
3338 1800 3419 1866 εἷς
3445 1803 3562 1874 μετ’
3593 1803 3727 1857 ὲκεί-

2142 1914 2239 1967 νην
2273 1898 2303 1949 6
2334 1895 2481 1960 ναὸς,
2511 1896 2569 1948 ὃν
2591 1898 2651 1948 ὲν
2686 1898 2799 1959 τοῖς
2832 1896 3223 1968 Ἱεροσολύμοις
3253 1897 3283 1949 6
3314 1894 3566 1965 Σολομὼν
3594 1893 3728 1947 ὲδεί·

2148 2004 2303 2059 ματο.
2340 1988 2451 2041 Καὶ
2498 1986 2727 2050 θάνατος
2753 1982 2821 2057 ἦν
2853 1990 2966 2051 τοῖς
3014 1987 3120 2052 ἔξω
3161 1987 3350 2040 θύουσι
3369 1986 3468 2057 τῆς
3497 1986 3727 2057 σκηνῆς.

2148 2082 2293 2151 Ἔφη
2323 2080 2433 2150 γὰρ
2482 2078 2624 2131 οὕτω
2667 2079 2728 2131 τδ
2768 2080 3008 2149 Γρὰμμα
3054 2078 3117 2132 τὺ
3163 2079 3327 2150 ἱερόν.
3369 2078 3729 2148 «Ἄνθρωπος

2147 2168 2254 2223 τῶν
2286 2166 2420 2220 υίῶν
2453 2167 2692 2239 Ἰσραὴλ,
2735 2167 2794 2230 ὃς
2820 2167 2887 2220 ἂν
2919 2166 3097 2238 σφάξῃ
3130 2167 3329 2237 μόσχον
3366 2167 3400 2237 ἢ
3438 2166 3727 2236 πρόϐατον,

2145 2260 2179 2332 ἢ
2223 2256 2353 2329 αἶγα
2395 2261 2453 2313 ὲν
2491 2262 2558 2330 τῇ
2595 2259 2943 2331 παρεμϐολῇ,
2967 2260 3061 2313 καὶ
3086 2260 3143 2322 ὃς
3175 2259 3241 2312 ἂν
3291 2259 3471 2331 σφάξῃ
3508 2259 3611 2322 ἔξω
3630 2258 3730 2329 τῆς

2148 2350 2524 2421 παρεμϐολῆς,
2555 2350 2649 2403 καὶ
2674 2350 2765 2401 ἐπὶ
2788 2350 2887 2420 τῆν
2911 2347 2973 2401 θύ
2984 2365 3083 2420 ραν
3107 2348 3206 2418 τῆς
3227 2349 3433 2418 σκηνῆς
3456 2347 3553 2401 τοῦ
3589 2350 3732 2417 μαρξ-

2148 2440 2359 2511 τυρίου,
2390 2438 2464 2509 μὴ
2492 2439 2690 2509 ὲνέγκῃ
2722 2438 2875 2500 αὐτὸ,
2901 2436 3041 2491 ὥστε
3074 2437 3443 2507 προσενέγκαι
3465 2434 3733 2507 δῶροντῷ

2150 2530 2341 2600 Κυρίῳ
2367 2530 2628 2583 ἀπέναντι
2657 2527 2755 2597 τῆς
2792 2530 3000 2598 σκηνῆς
3038 2529 3270 2599 Κυρίου,
3300 2522 3441 2598 αἷμα
3480 2527 3733 2599 λογισθήο

2153 2639 2303 2676 σεται
2343 2621 2421 2692 τῷ
2473 2620 2767 2692 ἀνθρώπῳ,
2820 2621 2878 2685 ὂς
2907 2624 3084 2674 ἐκεῖνο
3115 2617 3257 2692 αἷμα
3287 2621 3533 2691 ἐξέχεεν,
3558 2619 3736 2685 ὲξολου

2151 2714 2510 2788 θρευθήσεται
2554 2717 2586 2785 ἡ
2628 2715 2777 2786 ψυχὴ
2822 2715 3005 2784 ἐκείνη
3040 2713 3150 2787 [ἐκ]
3181 2714 3275 2768 τοῦ
3297 2714 3451 2768 λαοῦ.
3475 2732 3494 2765 ι
3526 2713 3735 2767 Οὐκοῦν

2151 2806 2411 2877 ἁνόμημα
2449 2806 2546 2860 καὶ
2586 2805 2910 2875 βεϐήλωσις,
2954 2806 3049 2858 καὶ
3077 2804 3183 2857 ὑπὸ
3224 2804 3383 2876 δίκην
3416 2807 3646 2876 αἵματος
3676 2804 3735 2859 τὸ

2153 2902 2266 2961 τοῖς
2286 2897 2522 2960 ἀνοσίοις
2551 2899 2850 2969 αἱρετικοῖς
2870 2896 3285 2961 συναυλίζεσθαι
3308 2898 3503 2966 φιλεῖν,
3525 2897 3737 2970 καὶτῆς

2155 2990 2290 3061 πρὸς
2315 2988 2556 3051 ἐκείνους
2582 2989 2904 3059 ἀντέχεσθαι
2951 2990 3254 3051 κοινωνίας.
3285 2990 3430 3055 Ἔξω
3453 2991 3561 3062 γὰρ
3588 2988 3736 3044 θύου-

465 3090 513 3144 si
547 3091 672 3160 quis
715 3105 840 3144 cum
886 3088 1071 3158 impiis
1100 3087 1375 3144 hareticis
1404 3086 1657 3141 habitare
1700 3092 2047 3147 consuescat,

2158 3098 2210 3135 σι
2240 3082 2337 3152 τῆς
2377 3081 2539 3148 ἁγίας
2569 3082 2796 3151 σκηνῆς,
2827 3080 2891 3134 τὸ
2926 3083 3057 3151 περὶ
3087 3083 3187 3151 τῆς
3224 3082 3526 3154 ἁμαρτίας,
3553 3083 3656 3138 οὐκ
3681 3084 3737 3136 ὲν

465 3196 635 3251 seque
692 3181 938 3250 ipsorum
971 3178 1221 3234 societati
1245 3179 1561 3248 conjungat.
1590 3175 1803 3245 Quippe
1824 3176 1921 3245 qui
1953 3190 2052 3230 e1-

469 3277 555 3325 tra
600 3271 1020 3326 tabernaculum
1059 3279 1313 3325 sanctum
1350 3268 1636 3322 immolent
1679 3283 1780 3337 pro
1804 3275 2050 3337 peccato,

467 3376 574 3417 nec
611 3362 668 3416 in
704 3362 841 3417 locis
868 3361 1075 3417 sanctis
1098 3370 1348 3416 sanctum
1374 3359 1669 3415 conﬁciant
1697 3358 2049 3414 sacriﬁcium.

466 3453 587 3510 Una
625 3453 777 3507 enim
826 3461 911 3507 est
956 3453 1223 3517 Ecclesia,
1273 3451 1418 3506 sicut
1464 3459 1521 3505 et
1567 3451 1701 3505 olim
1745 3450 1851 3504 fuit
1883 3466 2053 3505 unum

471 3543 760 3611 templum,
796 3557 1079 3610 unumque
1118 3541 1538 3595 tabernaculum
1591 3540 1740 3609 quod
1792 3539 2056 3594 Ecclesiae

469 3633 796 3704 dignitatem
839 3634 999 3702 quasi
1034 3632 1092 3685 in
1126 3632 1268 3703 typis
1307 3631 1768 3701 praemonstravit.
1798 3630 2054 3685 lmmola—

470 3725 660 3779 bimus
697 3724 864 3794 igitur
891 3738 994 3780 nos
1026 3738 1127 3793 pro
1150 3732 1380 3793 peccato
1418 3722 1472 3776 in
1507 3722 1649 3775 atrio
1677 3729 1887 3784 sancto,
1920 3720 2055 3775 ede-

472 3826 704 3880 musque
738 3811 808 3867 de
844 3812 1105 3866 carnibus
1132 3811 1364 3876 sanctis,
1406 3810 1514 3865 hoc
1550 3819 1654 3875 est,
1690 3810 1934 3881 mystica:
1960 3811 2058 3865 be-

471 3904 807 3959 nedictionis
856 3903 1153 3974 participes
1206 3903 1332 3957 facti
1382 3903 1868 3957 sanctiﬁcabimur.
1899 3903 2057 3970 Quod

474 3995 652 4065 ipsum
686 4003 920 4050 testatur
956 3994 1043 4048 lex
1074 4008 1203 4051 cum
1232 3994 1349 4048 ait:
1403 4012 1421 4045 ι
1458 3992 1785 4064 Quicunque
1816 3994 2060 4066 tetigerit

472 4086 544 4142 de
598 4087 863 4142 carnibus
912 4086 1087 4156 ipsius
1138 4085 1574 4140 sanctiﬁcabitur
1629 4085 1695 4139 “.
1733 4103 1753 4136 ι
1805 4084 1950 4150 Quin
2001 4093 2059 4140 et

472 4175 720 4245 aspersio
740 4175 1022 4247 sanguinis
1043 4174 1111 4230 de
1139 4176 1246 4230 hoc
1269 4174 1541 4229 sacrillcio
1561 4174 1711 4245 paris
1733 4175 1956 4231 virtutis
1972 4187 2059 4231 est

474 4267 545 4323 ad
593 4268 878 4340 mysticam
928 4267 1392 4323 benedictionem.
1442 4268 1682 4321 Rursum
1735 4268 1883 4322 enim
1940 4269 2053 4323 ait:

480 4379 504 4412 σ
527 4359 977 4429 Quandocunque
999 4374 1285 4428 aspersum
1306 4357 1473 4412 fuerit
1493 4357 1563 4413 de
1592 4360 1856 4429 sanguine
1885 4359 2059 4429 ipsius

2155 3172 2344 3233 τόποις
2382 3171 2560 3239 ἁγίοις
2603 3170 2703 3241 τὴν
2750 3172 2900 3242 ίερὰν
2929 3171 3143 3225 τελοῦσι
3164 3171 3377 3228 θυσίαν.
3414 3174 3531 3228 Μία
3563 3174 3673 3244 γὰρ
3700 3175 3736 3244 ἡ

2170 3262 2486 3333 Ἐκκλησία,
2549 3263 2696 3316 καθὰ
2752 3264 2849 3317 καὶ
2892 3265 2923 3317 6
2969 3264 3143 3317 πάλαι
3188 3264 3337 3328 ναὸς,
3377 3265 3474 3337 μία
3498 3265 3556 3318 δὲ
3587 3267 3739 3334 καὶὴ

2157 3356 2356 3426 σκηνὴ,
2383 3356 2485 3425 τῆς
2526 3355 2858 3425 Ἑκκλησίας
2901 3356 2964 3409 τὺ
3007 3357 3206 3420 κάλλος
3238 3358 3314 3421 ὡς
3347 3360 3405 3411 ὲν
3440 3359 3630 3423 τύποις
3660 3358 3739 3414 ἔτι

2158 3447 2663 3517 προαναφαίνουσα.
2693 3448 2943 3518 Θύσομεν
2971 3449 3152 3503 τοίνυν
3176 3450 3336 3520 ἡμεῖς
3359 3450 3422 3504 τὸ
3448 3451 3546 3523 τῆς
3569 3453 3740 3524 ἁμαρ-

2155 3540 2298 3604 τίας,
2327 3539 2404 3602 ὼς
2453 3540 2513 3591 ὲν
2546 3539 2684 3610 αὐλῇ
2736 3540 2891 3611 ἁγίᾳ,
2952 3540 3049 3594 καὶ
3097 3541 3384 3612 φαγόμεθα
3414 3543 3521 3596 τῶν
3570 3545 3742 3612 ἁγίων

2155 3629 2366 3701 κρεῶν,
2405 3629 2675 3694 τουτέστι,
2713 3629 2817 3699 τῆς
2858 3631 3131 3701 μυστικῆς
3197 3631 3451 3699 εὐλογίας
3499 3635 3558 3686 ὲν
3619 3634 3743 3704 μεθο

2156 3719 2267 3784 έξει
2287 3720 2573 3786 γεγονότες
2590 3718 3059 3790 ἁγιασθησόμεθα.
3080 3720 3189 3773 Καὶ
3211 3724 3552 3793 μαρτυρήσει
3567 3723 3741 3792 λέγων

2154 3810 2186 3862 6
2217 3809 2412 3879 νόμοςο
2449 3828 2469 3861 ι
2493 3810 2607 3871 Πᾶς
2636 3811 2665 3861 6
2696 3810 3004 3880 ἁπτόμενος
3019 3811 3129 3865 τῶν
3159 3812 3340 3882 κρεῶν
3358 3813 3549 3884 αὐτῆς,
3580 3815 3743 3882 ἁγια-

2158 3899 2437 3971 σθήσεται.
2467 3919 2488 3953 ι
2547 3900 2687 3953 Ἀλλ’
2717 3900 2867 3954 ἔστιν
2927 3902 3209 3974 ἰσοσθενὴς
3241 3905 3323 3968 είς
3354 3907 3623 3977 μυστικὴν
3649 3907 3741 3959 εὐ·-

2158 3991 2346 4061 λογίαν
2418 3993 2516 4045 καὶ
2570 3993 2601 4044 6
2653 3993 2949 4064 ῥαντισμὸς
2995 3993 3087 4048 τοῦ
3136 3996 3367 4066 αἳματος
3394 3999 3495 4070 τῆς
3526 3998 3736 4063 θυσίας.

2162 4086 2308 4157 Ἔφη
2343 4085 2454 4157 γὰρ
2484 4086 2679 4140 πάλιν·
2715 4103 2735 4137 ι
2755 4087 2866 4140 Καὶ
2896 4081 2939 4155 ᾧ
2970 4087 3036 4141 ἂν
3069 4089 3464 4161 ὲπιρῤαντισθῇ
3496 4090 3603 4145 ἀπὸ
3645 4090 3740 4146 τοῦ

2158 4178 2391 4248 αἵματος
2431 4178 2624 4248 αὐτῆς,
2673 4180 2766 4232 ἐπὶ
2801 4179 2862 4232 τὸ
2912 4180 3127 4251 ἱμάτιον
3158 4181 3188 4234 ὃ
3216 4181 3311 4235 ἐὰν
3350 4184 3608 4255 ραντισθῇ
3654 4185 3742 4239 ἐπ’

2159 4268 2329 4339 αὐτῷ,
2363 4268 2731 4337 πλυνθήσεται
2759 4270 2818 4324 ὲν
2845 4270 2995 4342 τόπῳ
3023 4271 3184 4342 ἁγίῳ.
3212 4290 3231 4324 ο
3268 4272 3380 4325 Καὶ
3399 4273 3453 4326 τί
3477 4274 3539 4327 τὸ
3564 4276 3743 4347 παρὰ-

2157 4360 2330 4427 δοξον,
2378 4362 2428 4414 εἰ
2458 4360 2519 4413 τὸ
2556 4360 2773 4429 λογικὸν
2805 4361 3021 4430 ἁγιάζει
3073 4352 3411 4435 ζῶον,’φημὶ
3436 4364 3501 4437 δὴ
3538 4366 3630 4420 τδν
3656 4366 3744 4420 dvo

474 4467 643 4523 super
673 4454 1085 4518 vestimentum,
1129 4450 1497 4521 quodcunque
1541 4465 1823 4520 aspersum
1866 4452 2050 4517 fuerit,

2161 4453 2399 4523 θρωπον,
2427 4453 2517 4507 ὅτε
2554 4453 2649 4507 καὶ
2694 4452 2837 4507 αὐτὰ
2872 4453 2940 4507 τὰ
2968 4453 3104 4527 πρὸς
3130 4456 3433 4528 ὑπουργίαν
3462 4456 3560 4529 τὴν
3594 4459 3743 4530 ἱερὰν

477 4544 533 4598 id
571 4543 843 4598 lavabitur
875 4542 932 4596 in
964 4543 1089 4597 loco
1110 4550 1303 4596 sancto
1335 4540 1404 4595 ³⁸.
1437 4559 1455 4593 ι
1483 4541 1551 4595 Et
1569 4542 1701 4611 quid
1726 4543 1926 4597 mirum
1950 4551 2054 4608 est,

480 4635 529 4690 si
562 4635 761 4689 animal
786 4635 997 4689 ratione
1024 4633 1312 4704 praeditum
1328 4632 1721 4699 sanctiﬁcetur,
1750 4634 1935 4700 homo,
1972 4636 2059 4690 in-

478 4739 668 4797 quam,
715 4740 843 4780 cum
891 4735 950 4779 et
977 4724 1095 4795 ipsa
1125 4739 1251 4778 vasa
1283 4739 1405 4794 qua:
1436 4723 1505 4778 ad
1530 4724 1898 4779 ministerium
1931 4741 2061 4780 san-

478 4826 632 4872 ctum
681 4814 930 4871 adhibita
979 4821 1130 4881 sunt,
1179 4815 1377 4870 eodem
1440 4823 1498 4869 et
1569 4815 1797 4884 quidem
1861 4831 2063 4887 conve-

476 4907 654 4962 nienti
689 4906 855 4963 modo
893 4904 1356 4961 sanctiﬁcentur?
1398 4905 1636 4974 Ideoque
1684 4921 1788 4961 nec
1815 4906 1870 4960 in
1900 4923 2062 4963 usum

477 5011 827 5052 communem
871 5003 1290 5060 convertuntur,
1325 4993 1420 5049 sed
1463 4994 1716 5063 quedam
1759 4996 2062 5053 abluuntur

476 5103 547 5144 ex
592 5089 744 5159 ipsis,
783 5088 1032 5159 quaedam
1083 5087 1525 5157 confringuutur.
1579 5086 1713 5153 Qua:
1756 5088 1904 5143 enim
1949 5091 2062 5146 Deo

479 5188 611 5234 sunt
631 5180 899 5243 dedicata,
924 5179 1201 5249 quomodo
1224 5179 1294 5233 ad
1318 5179 1590 5235 humanos
1611 5193 1745 5233 usus
1770 5180 2064 5235 traducan-

478 5269 622 5322 tur?
664 5268 821 5335 Quod
873 5280 1058 5324 autem
1114 5268 1432 5324 communio
1484 5269 1734 5323 carnium
1797 5272 2057 5327 sacriﬁcii

475 5356 638 5428 352
675 5358 750 5411 sit
797 5367 1003 5423 sancta,
1032 5375 1137 5415 nec
1165 5360 1290 5415 aliis
1314 5360 1624 5425 conveniat,
1655 5362 1762 5417 nisi
1783 5363 1960 5418 solum
1988 5364 2059 5420 iis

476 5446 574 5517 qui
622 5462 926 5519 repugnare
971 5450 1148 5505 solent
1188 5450 1449 5520 peccatis,
1489 5450 1728 5522 fortique
1775 5454 1959 5508 animo
1987 5455 2056 5510 ad

477 5537 739 5593 virtutem
772 5540 1134 5606 contendunt,
1158 5539 1496 5611 signiﬁcatur
1516 5542 1605 5597 his
1628 5544 1849 5600 verbis:
1880 5564 1898 5597 ‹
1927 5544 2055 5602 Om-

550 5717 595 5751 ”
626 5716 650 5775 ι
676 5715 802 5773 Cror.
839 5735 877 5785 ι,
910 5720 964 5773 2.
1041 5720 1082 5752 ³¹
1120 5721 1296 5778 Levit.
1330 5739 1401 5791 vt,
1437 5723 1525 5781 26.
1604 5729 1648 5759 "
1692 5729 1828 5784 lbid.

2155 4545 2581 4618 παρειλημμένα
2607 4545 2717 4598 τῶν
2756 4546 2988 4610 σκευῶν,
3020 4547 3277 4618 ήγιάζετο
3323 4547 3466 4603 κατὰ
3513 4549 3605 4603 τὸν
3646 4551 3742 4610 αὐτ
3777 4573 3785 4582 α

2155 4639 2269 4699 τοῖς
2298 4653 2400 4688 που
2440 4635 2655 4698 πάντως
2683 4636 2964 4703 πρέποντα
2992 4637 3227 4706 τρόπον;
3260 4637 3523 4712 Ταύτητοι
3551 4639 3647 4692 καὶ
3663 4641 3744 4702 είς

2158 4727 2342 4799 κοινὴν
2370 4727 2430 4780 οὐ
2461 4725 2958 4799 παραλαμϐάνεται
2982 4726 3191 4799 χρείαν.
3227 4728 3329 4783 Διὰ
3351 4730 3512 4783 τοῦτο
3532 4732 3602 4783 τὰ
3642 4730 3742 4801 μὲν

2158 4817 2486 4871 ἑκπλύνεται
2514 4817 2623 4869 τῶν
2666 4818 2897 4881 σκευῶν,
2928 4818 2999 4872 τὰ
3034 4819 3091 4873 δὲ
3120 4820 3497 4891 συνθραύεται.
3523 4821 3602 4876 Τὰ
3633 4822 3743 4894 γὰρ

2159 4910 2275 4972 τοῖς
2331 4908 2498 4973 θείοις
2543 4909 3055 4982 λελειτουργηκότα,
3098 4912 3218 4976 πῶς
3256 4913 3323 4967 ἂν
3353 4914 3571 4968 καλοῖτο
3606 4915 3746 4987 πρὸς

2161 4998 2232 5052 τὰ
2264 4997 2614 5071 ἁνθρώπινα;
2645 4999 2773 5052 Ὀτι
2810 5000 2869 5053 δέ
2908 5003 3026 5055 ἐστι
3069 5001 3179 5055 τῶν
3206 5004 3307 5073 τῆς
3343 5003 3537 5068 θυσίας
3565 5006 3745 5076 κρεῶν

2162 5090 2504 5161 ἁγιοπρεπης
2529 5092 2562 5162 ἠ
2596 5090 2835 5162 μέθεξις,
2852 5092 2949 5146 καὶ
2975 5094 3076 5146 οὐκ
3104 5094 3171 5147 ἂν
3185 5095 3396 5165 ἑτέροις
3425 5096 3744 5166 ἁρμόσειεν,

2162 5181 2303 5251 πλὴν
2341 5182 2425 5234 ὅτι
2467 5181 2534 5253 δὴ
2584 5183 2768 5252 μόνοις
2816 5186 2929 5246 τοῖς
2985 5183 3085 5253 τῆς
3134 5184 3413 5255 ἁμαρτίας
3454 5184 3746 5239 καταθλεῖν

2162 5270 2380 5325 εἰωθόσι
2417 5272 2515 5325 καὶ
2558 5271 2965 5344 ἀνδριζομένοις
3000 5275 3080 5338 είς
3123 5275 3345 5347 ἀρετὴν,
3402 5276 3744 5349 ὑπεσήμαινε

2162 5364 2338 5432 λέγων
2360 5380 2376 5395 ο
2413 5383 2433 5416 ι
2458 5366 2575 5419 Πᾶν
2604 5366 2772 5436 ἁρσεν
2808 5368 2867 5419 ὲν
2903 5369 3017 5431 τοῖς
3051 5366 3259 5437 ίερεῦσι
3308 5369 3540 5442 φάγεται
3581 5369 3741 5424 αὐτὰ.

2161 5457 2331 5525 Ἀγια
2373 5458 2545 5527 ἁγίων
2583 5459 2702 5511 ἐστὶ
2740 5458 2953 5530 Κυρίῳ.
2978 5476 2998 5510 ι
3042 5458 3167 5531 Ἆρ’
3201 5455 3329 5528 οὖν,
3362 5461 3483 5515 είπέ
3524 5480 3635 5534 μοι,
3684 5462 3742 5515 τδ

2161 5547 2296 5622 θῆλυ
2321 5551 2480 5618 γένος
2512 5550 2804 5606 ἀποσοϐεῖν
2831 5553 2860 5605 6
2893 5552 3058 5623 νόμος
3085 5553 3185 5625 τῆς
3222 5554 3478 5624 εὐλογίας
3516 5555 3742 5629 προστέ·

1931 5733 1976 5766 ³³
2005 5732 2180 5790 Levit.
2216 5733 2303 5800 17,
2330 5734 2385 5803 3,
2415 5735 2471 5790 4.
2547 5735 2591 5767 ⁸⁸
2619 5733 2791 5789 Exod.
2819 5750 2892 5802 vr,
2923 5734 3012 5789 97.
3091 5734 3137 5767 ³⁸
3175 5734 3313 5791 Ibid!
3341 5734 3452 5822 28._
