4120 6456
437 327 545 388 553

1441 322 1967 379 GLAPHYRORUM
2005 323 2070 376 li‘
2112 325 2488 379 LLVI'IICUM
2526 327 2753 379 LIBER.

3636 333 3742 383 ὕδὸ

435 461 643 516 ταχεν;
695 443 755 497 οὐ
793 443 954 498 τοῦτό
1008 459 1226 515 φαμεν·
1256 443 1544 513 ἁγιάζεται
1586 445 1696 516 γὰρ
1739 446 1838 500 σὺν
1874 445 2028 517 ἡμῖν.

2143 444 2227 499 nis
2256 446 2534 501 masculus
2568 446 2714 500 inter
2751 443 3067 500 sacerdotes
3096 441 3339 498 comedit
3366 442 3502 498 hcce.
3540 442 3741 499 Sancta

451 538 595 593 Ἀλλ’
624 538 687 591 ὲν
710 535 903 601 τύποις
936 536 1035 608 μὲν
1061 538 1245 590 ἐκεῖνα
1277 537 1373 591 xal
1402 540 1604 602 σκιαῖς.
1634 538 1735 592 Διά
1757 538 1813 592 δέ
1845 554 1909 607 γε
1941 538 2037 594 τοῦ

438 625 736 702 ἀρσενικοῦ
785 625 886 681 καὶ
939 625 1088 698 ἱεροῦ
1141 625 1358 695 γένους,
1391 626 1775 697 ὑπεσήμαινεν
1821 626 2042 697 εὐφυῶς

436 721 567 785 τοὺς
619 722 680 773 ὲν
734 717 960 791 Χριστῷ
989 717 1201 790 νοητῶς
1257 717 1543 791 ἀνδρείους
1581 735 1644 772 τε
1683 719 1778 773 καὶ
1839 718 2041 790 ἱερούς.

441 811 781 885 Κεκλήμεθα
810 810 995 866 τοίνυν
1016 813 1097 875 είς
1147 809 1368 882 μέθεξιν
1397 810 1500 882 τῆς
1523 811 1917 883 εὐοσμωτάτης
1945 810 2045 865 θυ-

443 907 585 973 σίας,
621 906 698 971 ὡς
760 904 905 978 ἱερὸν
963 905 1059 959 καὶ
1112 904 1457 959 «ἀπόδεκτον
1514 904 1693 973 γένος,
1750 904 1828 969 ὡς
1892 903 2047 968 ἔθνος

447 1002 622 1069 ἂγιον,
658 999 737 1063 ὼς
766 998 1037 1071 βασίλειον
1072 998 1429 1071 ίεράτευμα,ι
1469 997 1748 1053 νεανίσκοι
1772 997 1869 1052 καὶ
1898 1015 2045 1071 παρ-

443 1092 604 1154 θένοι,
649 1089 959 1163 πρεσϐύται
996 1089 1134 1161 μετὰ
1180 1088 1484 1162 νεωτέρων.
1525 1087 1618 1144 Ἐν
1665 1089 1774 1161 γὰρ
1825 1086 2048 1161 Χριστῷ

454 1182 651 1255 Ἰησοῦ,
687 1184 789 1237 οὐκ
826 1182 996 1254 ἄρσεν
1023 1183 1116 1237 καὶ
1148 1182 1309 1255 θῆλυ,
1340 1182 1456 1239 ἀλλ’
1483 1183 1601 1249 ἑνὸς
1631 1184 1833 1248 πάντες
1854 1182 2045 1255 ἐσμὲν,

438 1275 515 1338 ὡς
559 1274 658 1328 τοῦ
717 1275 841 1339 ἑνὸς
899 1275 999 1346 μὲν
1044 1275 1215 1348 ἄρτου
1249 1276 1594 1349 μετέχοντες,
1622 1295 1642 1329 ι
1677 1277 1822 1331 κατᾶ
1865 1275 1929 1329 τὸ
1955 1292 2048 1345 γε.

438 1368 783 1439 γραμμένον.
818 1368 928 1422 Kal
954 1367 1090 1441 φέρε
1120 1368 1188 1442 δὴ
1222 1368 1410 1425 λοιπὸν
1460 1369 1772 1432 ἀκλείστοις
1810 1369 2048 1439 στόμασι

439 1460 535 1514 καὶ
560 1458 969 1532 ἀκαταλήκτοις
996 1464 1206 1531 φωναῖς
1238 1461 1330 1516 τὸν
1361 1461 1473 1517 τῶν
1506 1462 1646 1517 ὅλων
1668 1461 1911 1517 Βασιλέα
1952 1462 2048 1515 καὶ

437 1553 736 1626 Δυτρωτὴν
787 1552 1124 1623 δοξολογίαις
1178 1555 1679 1628 καταγεραίρωμεν
1703 1598 1718 1622 ,
1775 1555 1924 1627 φημὶ
1987 1554 2046 1608 δὲ

438 1644 694 1717 Χριστὸν,
746 1647 816 1701 δι’
838 1641 901 1702 οῦ
954 1648 1050 1701 καὶ
1090 1647 1211 1718 μεθ’
1237 1642 1300 1703 οὗ
1351 1648 1431 1720 τῷ
1479 1647 1602 1720 Θεῷ
1650 1651 1747 1704 καὶ
1806 1648 2045 1722 Πατρὶὴ

440 1738 570 1807 δόξα
609 1742 707 1794 σὺν
734 1740 880 1811 ἁγίῳ
908 1738 1195 1812 Πνεύματι
1237 1742 1320 1806 είς
1363 1743 1493 1807 τοὺς
1522 1741 1729 1807 αἰῶνας
1766 1741 1876 1795 τῶν
1914 1740 2047 1797 aid)-

440 1849 567 1886 νων.
599 1832 655 1885 ’Δ
665 1832 794 1905 μήν.

2145 547 2463 594 sanctorum
2495 540 2747 596 Domino
2791 540 2855 592 ³⁸.
2881 558 2899 591 ι
2933 537 3076 595 Num
3107 537 3297 610 igitur,
3332 535 3423 591 dic
3453 535 3609 600 mihi,
3646 552 3741 606 ge-

2144 647 2252 687 nus
2272 630 2612 687 femininum
2656 633 2745 688 lex
2795 648 2827 687 a
2878 631 3270 687 benedictione
3325 626 3501 683 arceri
3541 626 3744 699 jussit?

2144 722 2268 779 Non
2314 723 2422 778 hoe
2471 724 2754 780 dicimus:
2796 725 3088 780 nobiscum
3133 724 3283 780 enim
3339 720 3739 777 sanctiﬁcatur.

2109 814 2258 881 ,Sed
2280 816 2340 872 in
2364 816 2508 889 typis
2538 816 2631 872 illa
2661 825 2717 872 et
2768 818 2985 873 umbris
3026 816 3252 874 ﬁebant.
3307 813 3444 882 Quia
3487 829 3586 885 per
3624 828 3742 867 ma-

2147 906 2361 962 sculum
2382 917 2438 962 et
2460 916 2715 962 sanctum
2733 923 2908 978 genus
2928 908 3213 980 eleganter
3236 906 3581 979 signiﬁcabat
3619 905 3744 959 illos

2147 996 2245 1068 qui
2301 1003 2433 1053 su'nt
2477 997 2533 1053 in
2586 996 2810 1053 Christo
2851 999 3216 1069 spirituatiter
3248 998 3423 1053 fortes
3460 1005 3518 1053 et
3542 997 3739 1053 sancti.

2148 1087 2341 1145 Vocati
2368 1104 2502 1162 ergo
2537 1104 2732 1145 sumus
2759 1090 2816 1144 in
2868 1090 3258 1168 communione
3297 1089 3744 1162 ﬂagrantissima:

2150 1181 2471 1248 oblationis,
2491 1183 2667 1239 veluti
2698 1188 2947 1241 sanctum
2969 1192 3026 1238 et
3056 1202 3074 1235 ι
3097 1183 3333 1239 electum
3360 1198 3585 1255 genus,»
3619 1190 3745 1237 tan-

2150 1292 2317 1348 quam
2343 1296 2360 1328 ι
2381 1292 2516 1349 gens
2549 1285 2761 1342 sancta,
2793 1277 3050 1349 et‘regale
3078 1275 3448 1331 sacerdotium
3467 1277 3533 1340 ⁸⁷,
3559 1295 3578 1327 ι
3607 1274 3741 1330 ado~
3820 1284 3827 1291 '

2150 1368 2425 1424 lescentes
2441 1378 2497 1426 et
2521 1369 2783 1441 virgines,
2804 1383 2967 1425 senes
3000 1383 3127 1424 cum
3151 1367 3470 1440 junioribus
3493 1367 3581 1421 '7'.
3603 1366 3745 1434 Quia

2148 1463 2205 1518 in
2253 1461 2475 1519 Christo
2521 1463 2652 1519 Jesu
2698 1479 2806 1518 non
2845 1471 2931 1518 est
2971 1462 3267 1527 masculus,
3302 1475 3483 1532 neque
3515 1459 3744 1522 femina,

2151 1554 2248 1611 sed
2276 1571 2448 1611 unum
2473 1570 2667 1612 omnes
2700 1571 2893 1611 sumus
2927 1565 3186 1627 tanquam
3238 1555 3334 1626 qui
3362 1555 3419 1610 in
3452 1567 3564 1609 uno
3604 1567 3747 1625 pane

2151 1649 2650 1715 communicemus,
2684 1668 2701 1701 ι
2734 1649 2878 1705 sicut
2904 1648 3170 1720 scriptum
3204 1657 3289 1703 est
3322 1644 3389 1702 ³⁸.
3421 1645 3580 1703 Nunc
3615 1658 3747 1716 ergo

2150 1749 2406 1813 superest
2430 1750 2491 1797 ut
2518 1752 2710 1814 aperto
2743 1757 2840 1798 ore
2876 1750 2932 1798 et
2960 1757 3095 1798 voce
3135 1739 3503 1797 inacccssibili
3538 1740 3747 1808 Regem

2081 1833 2123 1889 Β
2153 1835 2320 1907 hujus
2365 1836 2613 1891 universi
2651 1850 2717 1891 ac
2749 1835 3178 1906 Redemptorem
3212 1843 3466 1889 nostrum
3500 1829 3746 1887 celebre—

438 1937 583 1990 mus,
618 1923 990 1997 laudibusque
1028 1926 1380 1994 extollamus,
1435 1926 1743 1994 Christum,
1786 1927 2036 1999 inquam,
2077 1944 2179 1999 per
2221 1945 2386 2000 quem
2440 1940 2497 1986 et
2538 1945 2664 1985 cum
2691 1946 2802 2001 quo
2830 1930 2899 1985 sit
2936 1930 3111 2001 gloria
3167 1930 3280 1984 Deo
3313 1943 3377 1983 ac
3438 1925 3588 1982 Patri
3615 1937 3745 1979 cum

438 2017 650 2092 Spiritu
676 2029 872 2078 sancto
911 2023 968 2078 in
1000 2024 1199 2082 saecula
1224 2024 1575 2081 saeculorum.
1606 2026 1802 2081 Amen.

676 2134 819 2204 Περὶ
847 2134 957 2190 τοῦ
992 2137 1369 2209 καθαρισμοῦ
1396 2136 1508 2208 τῆς
1539 2138 1793 2209 λέπρας.

508 2223 910 2281 Βεδασίλευκεν
964 2228 1126 2300 ἡμῶν
1174 2231 1208 2300 ἡ
1250 2228 1519 2302 ἁμαρτία,
1561 2230 1655 2283 καὶ
1703 2229 2040 2302 κατεκράτη-

437 2332 530 2372 σεν
562 2318 672 2371 τῶν
725 2319 818 2373 ἐπὶ
874 2319 976 2391 τῆς
1016 2320 1143 2392 γῆς,
1182 2321 1313 2376 ιδιά
1361 2338 1443 2375 τοι
1489 2322 1550 2375 τὸ
1612 2321 1891 2392 ἐγκεῖσθαι
1938 2320 2038 2393 τὴν

434 2410 677 2466 διάνοιαν
722 2411 820 2467 τοῦ
873 2413 1166 2485 ἀνθρώπου
1197 2414 1478 2487 ἐπιμελῶς
1504 2415 1597 2468 ἐπὶ
1625 2414 1695 2468 τὰ
1730 2413 1945 2487 πονηρὰ
1973 2413 2039 2467 ὲκ

434 2502 709 2574 νεότητος,
734 2522 752 2555 ι
797 2505 895 2559 καὶ
936 2504 1207 2576 ἀχαλίνως
1242 2506 1462 2560 ἑλέσθαι
1500 2506 1698 2560 παθεῖν
1724 2504 1824 2579 τὴν
1849 2507 1931 2570 εἰς
1964 2503 2038 2559 τὰ

434 2595 655 2666 χείρονα
687 2596 884 2668 ῥοπὴν,
931 2599 1165 2668 ποιήσας
1221 2597 1281 2652 δὲ
1332 2601 1465 2672 παρ’
1505 2599 1660 2654 οὐδὲν
1709 2600 1812 2671 τῆς
1872 2599 2038 2652 ἐπιει-

443 2685 598 2750 κείας
630 2685 731 2758 τὴν
777 2685 960 2751 δόξαν.
997 2687 1056 2741 Ὀ
1095 2687 1153 2742 δὲ
1192 2688 1326 2752 Θεὸς
1348 2708 1365 2740 ι
1390 2688 1645 2753 πλούσιος
1684 2689 1740 2742 ὲν
1772 2687 1913 2742 ἐλέει
1945 2688 2037 2742 καὶ

437 2777 762 2849 οἰκτιρμοῖς,
780 2797 798 2831 ι
821 2779 965 2833 καθὰ
979 2779 1315 2852 γέγραπται,
1337 2781 1455 2836 «διὰ
1467 2782 1566 2853 τὴν
1594 2782 1796 2855 πολλὴν
1814 2783 2035 2856 ἀγάπην

438 2870 625 2938 αὐτοῦ,
658 2871 726 2944 ἦν
758 2871 1048 2943 ἠγάπησεν
1096 2875 1266 2944 ἡμᾶς,
1300 2873 1396 2928 καὶ
1424 2874 1585 2939 ὄντας
1627 2876 1775 2946 ἡμᾶς
1806 2875 2036 2946 νεκροὺς

434 2966 549 3028 τοῖς
600 2963 1016 3036 παραπτώμασι
1057 2966 1494 3039 συνεζωοποίησε
1544 2967 1621 3040 τῷ
1664 2967 1907 3040 Χριστῷ,
1940 2969 2037 3024 καὶ

438 3057 753 3126 συνήγειρε,
789 3055 885 3109 καὶ
914 3055 1238 3110 συνεκάθισε
1292 3059 1408 3120 τοῖς
1462 3058 1829 3131 ἐπουρανίοις.
1858 3080 1876 3111 ι
1928 3059 2035 3112 Πε-

437 3147 825 3221 πλουτήκαμεν
891 3149 999 3222 γὰρ
1049 3151 1107 3204 ὲν
1142 3148 1364 3222 Χριστῷ
1432 3149 1530 3222 τὴν
1578 3150 1785 3206 ἄνωθεν
1832 3151 2035 3224 ἡμερό-

432 3256 594 3312 τητα,
632 3241 726 3294 καὶ
774 3241 874 3314 τὴν
923 3241 1097 3295 ἀκλεᾶ
1152 3243 1247 3296 καὶ
1298 3242 1702 3315 παμμόχθηρον
1761 3244 2036 3317 ἁμαρτίαν

434 3331 845 3403 ἀπενιψάμεθα,
880 3333 1209 3406 κεκλημένοι
1234 3334 1324 3389 διὰ
1352 3335 1452 3407 τῆς
1487 3335 1724 3401 πίστεως
1762 3339 1840 3403 εἰς
1880 3336 2037 3407 ἁγιασ-

2614 2134 2692 2190 De
2718 2135 3064 2190 inundatione
3090 2133 3271 2205 lepra'.

2148 2213 2171 2228 ’
2222 2230 2273 2285 1.
2310 2229 2578 2301 Regnavit
2605 2227 2675 2285 de
2723 2227 2885 2283 nobis
2915 2234 3224 2297 peccatum,
3276 2235 3333 2282 et
3362 2227 3657 2297 imperium
3686 2228 3746 2285 in

2145 2323 2412 2379 mortales
2440 2321 2703 2388 obtinuit,
2741 2341 2758 2372 ι
2786 2335 2853 2376 eo
2879 2319 3027 2390 quod
3046 2318 3305 2390 cogitatio
3327 2318 3568 2374 hominis
3585 2319 3746 2376 valde

2154 2428 2329 2484 prona
2369 2422 2458 2468 est
2498 2411 2568 2467 ad
2601 2411 2745 2466 mala
2794 2409 2863 2465 ab
2907 2407 3278 2464 adolescentia
3313 2422 3412 2463 sua
3449 2408 3554 2474 ³⁹,»
3579 2415 3745 2479 atque

2145 2505 2345 2562 ell'reni
2372 2506 2582 2577 impetu
2607 2504 2674 2560 ad
2703 2503 2980 2560 deteriora
2998 2515 3243 2572 praeceps
3264 2499 3461 2567 fertur,
3485 2509 3541 2557 et
3568 2501 3747 2556 conti-

2145 2598 2351 2655 nentire
2401 2598 2636 2670 gloriam
2689 2594 2899 2652 nullius
2948 2594 3110 2664 plane
3157 2589 3307 2645 facit.
3362 2592 3508 2647 Deus
3555 2598 3745 2647 autem

2154 2712 2172 2745 ι
2208 2706 2337 2747 eum
2377 2690 2451 2746 sit
2478 2689 2634 2745 dives
2681 2689 2737 2744 in
2773 2685 3176 2750 misericordia,
3208 2703 3226 2737 ι
3281 2684 3426 2739 sicut
3472 2683 3743 2755 scriptum

2144 2793 2230 2842 est
2260 2785 2329 2853 “,
2394 2792 2665 2857 «propter
2702 2795 2956 2852 magnam
3006 2777 3360 2833 dilectionem
3412 2791 3588 2843 suam,
3634 2791 3745 2848 qua

2145 2879 2339 2936 dilexit
2362 2894 2485 2944 nos,
2507 2876 2677 2931 etiam
2718 2883 2834 2929 tum
2867 2873 3087 2944 quando
3138 2870 3343 2928 mortui
3380 2885 3603 2926 eramus
3641 2869 3742 2927 de—

2144 2970 2310 3037 lictis,
2339 2967 2743 3025 conviviﬁcavit
2767 2958 2868 3021 nos
2888 2965 3131 3031 Christo,
3157 2963 3431 3034 simulque
3456 2962 3742 3030 excitavit,

2143 3074 2201 3119 et
2234 3063 2427 3119 sedere
2479 3060 2609 3116 fecit
2632 3060 2687 3114 in
2715 3058 3056 3115 coelestibus.
3095 3076 3113 3108 ι
3147 3053 3443 3112 Consecuti
3470 3053 3618 3109 enim
3644 3069 3742 3109 su-

2145 3172 2270 3211 mus
2314 3155 2366 3209 in
2401 3151 2623 3224 Christo
2664 3165 2959 3221 supernam
2989 3147 3409 3219 benignitatem,
3450 3154 3505 3201 et
3538 3144 3743 3200 infame

2144 3256 2430 3320 peccatum
2474 3243 2772 3309 abluimus,
2800 3240 2982 3297 vocati
3008 3256 3108 3311 per
3138 3238 3302 3294 ﬁdem
3331 3238 3399 3293 ad
3427 3237 3741 3293 sanctiﬁca-

2146 3338 2372 3393 tionem.
2422 3336 2697 3391 Praeterea
2742 3332 2869 3388 vita:
2901 3339 3123 3386 (eterna:
3178 3327 3306 3383 facti
3340 3328 3658 3399 participes,
3688 3335 3747 3382 rt

435 3422 593 3495 σμόν.
633 3424 745 3478 Kal
790 3425 930 3497 πρός
968 3443 1035 3495 γε
1084 3427 1148 3501 δὴ
1184 3427 1398 3493 τούτοις
1442 3431 1538 3484 καὶ
1572 3430 1671 3503 τῆς
1717 3433 1799 3496 είς
1831 3431 2036 3497 αίῶνας

2143 3430 2354 3501 accepti
2406 3429 2638 3493 erimus,
2686 3434 2743 3482 et
2782 3425 3083 3480 oﬁ'eremur
3116 3422 3170 3477 in
3200 3420 3427 3477 odorem
3457 3420 3746 3476 suavitatis

434 3515 586 3587 ζωῆς
623 3519 912 3587 γεγονότες
957 3521 1196 3591 μέτοχοι,
1232 3521 1413 3577 δεκτοὶ
1452 3541 1512 3577 τε
1540 3522 1800 3594 ἐσόμεθα,
1833 3524 1929 3579 καὶ
1955 3528 2037 3590 είς

433 3607 614 3679 ὀσμὴν
672 3608 903 3673 εὐωδίας
944 3610 1355 3683 ἀνακεισόμεθα
1405 3611 1486 3685 τῷ
1533 3612 1654 3685 Θεῷ
1690 3615 1784 3669 xal
1835 3613 2032 3687 Πατρί.

435 3698 551 3752 Kal
595 3698 707 3773 γάρ
750 3702 901 3755 ἐστιν
934 3701 1141 3775 ἀληθὴς
1168 3704 1196 3757 6
1228 3703 1499 3776 μακάριος
1544 3706 1757 3771 Παῦλος
1784 3707 2036 3781 γράφων,

435 3790 519 3844 ὅτι
550 3791 790 3863 Χριστοῦ
816 3794 1044 3849 «εὐωδία
1066 3813 1083 3846 ι
1115 3796 1381 3869 ὲσμὲνιτῷ
1409 3795 1549 3871 Θεῷ.
1572 3797 1696 3853 Ὀτι
1725 3798 1855 3873 γὰρ,
1873 3801 1923 3854 εί
1944 3799 2041 3854 καὶ

433 3885 841 3958 τετυράννηκεν
883 3886 1042 3958 ἡμῶν
1088 3888 1399 3961 ήὰμαρτία
1441 3890 1582 3945 κατὰ
1628 3893 1876 3963 καιροὺς,
1924 3892 2041 3947 ἀλλ’

434 3977 906 4049 ἀπεκρουσάμεθα
964 3979 1064 4052 τὴν
1119 3981 1332 4052 κηλίδα,
1389 3982 1770 4055 διεσμήγμεθα
1822 3985 1913 4039 τὸν
1944 3984 2042 4057 ρύ-

435 4085 541 4124 πον
570 4068 951 4144 κατελήξαμεν
992 4075 1050 4128 ἐν
1075 4074 1298 4146 Χριστῷ
1324 4074 1431 4129 τῶν
1462 4075 1708 4148 ἀρχαίων
1746 4078 2038 4150 ἀρρωστη-

438 4164 651 4237 μάτων,
687 4166 831 4237 ἱερὸς
858 4167 1007 4238 ἡμᾶς
1036 4167 1322 4221 ἀναπείσει
1374 4166 1553 4237 λόγος.
1585 4168 1899 4241 Γέγραπται
1931 4170 2041 4240 γὰρ

435 4257 614 4321 οὕτως
643 4260 703 4312 ὲν
748 4257 829 4329 τῷ
860 4258 1133 4332 Λευῖτικῷ
1157 4276 1170 4289 ·
1207 4279 1227 4312 ι
1262 4259 1372 4313 Kal
1401 4259 1631 4332 ὲλάλησε
1663 4260 1870 4334 Κύριος
1904 4262 2044 4333 πρὸς

434 4352 668 4422 Μωσῆν,
717 4348 894 4419 λέγων
920 4368 933 4381 ·
991 4343 1161 4416 Οὗτος
1214 4352 1243 4404 6
1286 4352 1450 4425 νόμος
1489 4351 1586 4406 τοῦ
1633 4352 1861 4426 λεπροῦ,
1974 4353 2041 4410 ἂν

436 4442 628 4516 ἡμέρᾳ
682 4442 1023 4516 καθαρισθῇ·
1084 4444 1179 4499 καὶ
1253 4444 1695 4517 προσαχθήσεται
1755 4445 1892 4517 πρὸς
1948 4445 2042 4501 τὸν

440 4534 615 4605 ίερέα,
648 4535 742 4587 καὶ
768 4533 1111 4600 ἐξελεύσεται
1140 4538 1169 4589 6
1198 4537 1376 4611 ἱερεὺς
1412 4535 1518 4604 ἔξω
1538 4536 1637 4608 τῆς
1665 4537 2039 4610 παρεμϐολῆς,

437 4628 536 4682 καὶ
560 4627 756 4699 ὄψεται
784 4630 813 4683 6
844 4629 1048 4700 ἱερεὺς,
1073 4628 1167 4684 καὶ
1192 4629 1301 4684 ἰδοὺ
1335 4630 1481 4684 ἰᾶται
1505 4632 1538 4703 ἡ
1569 4630 1681 4703 ἁφὴ
1703 4630 1806 4703 τῆς
1833 4630 2042 4703 λέπρας

433 4718 551 4775 ἀπὸ
577 4719 674 4774 τοῦ
706 4719 933 4794 λεπροῦ.
972 4722 1085 4776 Kal
1115 4722 1380 4795 προσάξει
1414 4724 1442 4777 ό
1476 4723 1677 4795 ἱερεὺς,
1710 4723 1804 4777 καὶ
1841 4723 2042 4796 λήψον-

2141 3524 2255 3579 Deo
2301 3539 2365 3578 ac
2414 3520 2583 3577 Patri.
2646 3516 2933 3589 Siquidem
2988 3531 3157 3571 verax
3186 3521 3270 3569 est
3312 3512 3508 3568 beatus
3539 3511 3746 3568 Paulus

2142 3616 2395 3672 scribens
2443 3612 2593 3685 quod
2647 3609 2853 3667 Christi
2913 3627 2931 3660 ι
2967 3607 3150 3663 bonus
3203 3606 3341 3661 odor
3376 3625 3392 3655 ι
3447 3619 3641 3660 sumus
3678 3605 3738 3660 in

2143 3708 2256 3764 Deo
2283 3708 2344 3762 θ’.
2371 3704 2526 3773 Quod
2553 3704 2724 3770 enim,
2753 3702 2857 3759 etsi
2881 3708 3171 3773 peccatum
3206 3699 3263 3753 in
3290 3714 3391 3753 nos
3413 3713 3567 3752 suam
3588 3712 3750 3753 exer-

2143 3802 2322 3858 cuerit
2358 3797 2703 3873 tyrannidem
2744 3794 2813 3851 ad
2836 3803 3076 3865 tempus,
3108 3800 3294 3847 tamen
3321 3807 3387 3845 ex
3412 3790 3518 3845 hoc
3540 3787 3746 3860 probro

2142 3892 2556 3957 emerserimus,
2590 3887 2890 3957 sordesque
2911 3885 3275 3948 abluerimus,
3316 3881 3478 3953 353
3511 3888 3675 3951 atque
3713 3894 3749 3934 a

2143 3982 2393 4055 pristinis
2440 3998 2540 4053 per
2587 3979 2872 4035 Christum
2919 3975 3098 4046 erepti
3132 3972 3362 4038 morbis,
3396 3987 3556 4027 sacra
3584 3970 3747 4026 nobis

2145 4074 2430 4145 Scriptura
2477 4068 2854 4143 persuadebit.
2912 4065 3005 4121 Sic
3054 4065 3204 4120 enim
3254 4062 3523 4134 scriptum
3572 4068 3657 4117 est
3688 4062 3746 4116 in

2144 4165 2437 4223 Levitico:
2492 4182 2509 4214 ι
2547 4162 2617 4217 Et
2658 4162 2878 4217 locutus
2921 4163 3007 4213 est
3057 4156 3328 4211 Dominus
3373 4153 3442 4209 ad
3498 4153 3743 4225 Moysen,

2144 4258 2338 4315 dicens
2366 4275 2379 4311 :
2421 4254 2550 4311 Ilmc
2590 4263 2675 4309 est
2712 4254 2803 4309 lex
2831 4249 3061 4321 leprosi,
3102 4262 3435 4320 quocunque
3461 4246 3550 4302 die
3581 4261 3745 4301 mun—

2145 4351 2308 4407 datus
2331 4349 2501 4405 fuerit
2534 4366 2546 4401 :
2577 4356 2632 4402 et
2657 4344 2966 4400 adducetur
2996 4340 3065 4396 ad
3093 4338 3459 4403 sacerdotem,
3492 4346 3549 4393 et
3573 4338 3749 4395 exibit
3813 4412 3818 4419 δ

2145 4444 2404 4502 sacerdos
2445 4450 2600 4498 extra
2646 4450 2848 4503 castra,
2883 4435 3207 4506 videbitque
3240 4434 3356 4505 ipse
3382 4433 3657 4500 sacerdos,
3690 4447 3749 4489 et

2144 4552 2274 4593 ecce
2331 4546 2557 4591 sanatur
2597 4534 2756 4604 plaga
2798 4529 2967 4600 lepra:
3010 4544 3042 4584 a
3089 4527 3329 4598 leproso.
3366 4526 3435 4581 Et
3461 4526 3749 4597 praecipiet

2146 4628 2424 4696 sacerdos,
2485 4626 2829 4697 accipietque
2875 4623 2943 4678 de
2987 4621 3256 4677 mundato
3307 4620 3448 4676 duos
3497 4635 3748 4691 passeres

2144 4721 2302 4776 vivos
2344 4727 2400 4775 et
2440 4734 2633 4792 puros,
2679 4720 2844 4790 atq‘ue
2897 4716 3109 4788 lignum
3140 4712 3448 4780 cedrinum,
3475 4723 3531 4769 ct
3563 4712 3746 4768 cocci-

436 4828 531 4867 ται
561 4811 638 4883 τῷ
683 4812 1150 4886 κεκαθαρισμένῳ
1205 4814 1299 4867 δύο
1337 4813 1549 4885 ὀρνίθια
1592 4813 1771 4878 ζῶντα
1805 4813 1902 4867 καὶ
1935 4831 2036 4869 κα·

2143 4830 2277 4869 num
2327 4813 2824 4884 conglomeratum,
2877 4818 2934 4865 et
2972 4808 3294 4882 hyssopum.
3354 4806 3746 4875 Mandabitque

441 4900 607 4974 θαρὰ,
642 4902 740 4957 καὶ
765 4902 923 4970 ξύλον
955 4903 1220 4975 κέδρινον,
1252 4904 1349 4958 καὶ
1383 4904 1767 4976 κεκλωσμένον
1791 4905 2043 4960 κόκκινον

442 4994 540 5048 καὶ
569 4992 843 5051 ὕσσωπον.
873 4996 985 5050 Καὶ
1011 4995 1272 5067 προσάξει
1308 4997 1337 5051 6
1389 4998 1588 5069 ἱερεὺς,
1634 4997 1730 5052 καὶ
1778 4994 2041 5069 σφάξουσι

441 5085 554 5141 τῶν
578 5087 832 5160 όρνιθίων
864 5087 926 5144 τὸ
946 5087 1025 5154 ἒν,
1050 5089 1129 5153 είς
1153 5089 1376 5160 ἀγγεῖον
1402 5088 1745 5160 ὀστράκινον,
1770 5091 1855 5160 ἐφ’
1885 5088 2040 5144 ὕδατι

439 5178 626 5243 ζῶντι.
663 5171 774 5234 Kal
805 5180 869 5235 τὸ
899 5180 1134 5254 ὀρνίθιον
1164 5179 1226 5232 τὸ
1256 5178 1363 5245 ζῶν
1396 5179 1628 5251 λήψεται
1659 5166 1812 5244 αὐτὸ,
1856 5180 1951 5235 καὶ
1981 5180 2042 5235 τὸ

438 5268 598 5336 ξύλον
626 5271 688 5325 τὸ
715 5271 983 5343 κέδρινον,
1020 5272 1118 5326 καὶ
1147 5270 1209 5324 τὸ
1249 5270 1484 5326 ἀλαστὺν
1525 5271 1795 5337 κόκκινον,
1823 5270 1918 5327 καὶ
1944 5272 2044 5345 τὴν

439 5361 718 5432 ὕσσωπον,
747 5366 843 5419 καὶ
877 5363 1041 5435 pecu
1072 5362 1231 5430 αὐτὰ,
1257 5364 1353 5418 καὶ
1383 5362 1443 5417 τὸ
1468 5361 1703 5435 ὀρνίθιον
1733 5363 1792 5417 τὸ
1821 5361 1929 5429 ζῶν
1963 5365 2043 5428 είς

433 5453 501 5507 τὺ
529 5450 671 5525 αἷμα
698 5455 794 5511 τοῦ
825 5455 1064 5527 όρνιθίου
1089 5454 1186 5509 τοῦ
1219 5455 1521 5525 σφαγέντος
1549 5453 1636 5525 ἐφ’
1664 5452 1817 5509 ὕδατι
1854 5453 2038 5520 ζῶντι,

436 5544 535 5601 καὶ
562 5549 889 5621 περιρρανεϊ
934 5549 1027 5604 ἐπὶ
1068 5548 1162 5602 τὸν
1209 5546 1616 5619 καθαρισθέντα
1655 5545 1766 5601 ἀπὸ
1813 5546 1913 5618 τῆς
1954 5546 2039 5600 λέ-

2141 4908 2402 4962 saccrdos
2436 4923 2451 4972 ;
2503 4914 2562 4960 et
2617 4903 2942 4960 mactabunt
2993 4919 3061 4959 ex
3100 4899 3436 4974 passerculis
3475 4913 3645 4953 unum
3687 4897 3745 4951 in

2142 5014 2272 5055 vase
2325 4997 2479 5054 ﬁctili
2525 4999 2594 5055 ad
2636 5014 2837 5072 aquam
2882 4997 3183 5053 viventem.
3239 4995 3309 5050 Et
3362 4992 3593 5048 alteram
3624 4990 3745 5045 avi-

2142 5092 2325 5148 culam
2355 5107 2478 5162 qua:
2498 5091 2641 5147 vivit
2695 5092 2952 5163 accipiet,
2987 5089 3310 5161 lignumque
3343 5085 3656 5150 cedrinum,
3690 5092 3749 5140 et

2141 5183 2613 5255 c0nglomeratum
2665 5184 2952 5239 coccinum
3004 5190 3062 5237 et
3110 5180 3432 5254 hyssopum,
3462 5178 3747 5250 tingetque

2144 5273 2265 5345 ipsa
2307 5283 2363 5330 et
2400 5275 2783 5346 passerculum
2829 5275 3110 5330 viventem
3152 5272 3210 5328 in
3255 5271 3580 5344 sanguinem
3628 5270 3747 5327 avis

2140 5372 2395 5421 mactata
2431 5365 2498 5422 ad
2528 5382 2728 5437 aquam
2762 5365 3064 5432 viventem,
3092 5371 3458 5436 aspergctque
3488 5361 3544 5419 in
3576 5376 3746 5417 mun-

2138 5456 2329 5513 datum
2372 5474 2404 5513 a
2450 5458 2603 5530 lepra
2659 5459 2887 5530 septies,
2926 5466 2985 5515 et
3030 5457 3140 5517 erit
3176 5456 3439 5513 mundus.
3473 5450 3631 5511 Tunc
3655 5452 3744 5509 di-

2135 5548 2321 5605 mittet
2354 5550 2740 5620 passerculum
2791 5550 2848 5607 in
2894 5565 3171 5622 campum,
3223 5556 3280 5603 et
3323 5547 3512 5603 abluet
3566 5543 3613 5599 is
3646 5542 3742 5613 qui

434 5655 586 5713 πρας
607 5640 860 5706 ἑπτάκις,
892 5642 989 5697 καὶ
1028 5641 1269 5712 καθαρὸς
1304 5640 1477 5696 ἔσται.
1523 5641 1636 5697 Kal
1684 5639 2037 5708 ἐξαποστελεῖ

2143 5642 2437 5699 mundatus
2457 5650 2544 5700 est
2565 5643 2898 5700 vestimenta
2920 5659 3041 5699 sua.
3065 5641 3354 5712 Radetque
3381 5652 3574 5697 omnes
3598 5634 3745 5706 pilos

504 5731 549 5763 ⁸⁸
581 5733 758 5807 Exod.
789 5733 985 5807 v1.29.
1012 5805 1024 5807 _
1065 5734 1107 5767 ³⁷
1134 5734 1156 5790 l
1189 5735 1347 5807 Petr.
1380 5749 1459 5807 ιι,
1487 5735 1565 5807 9.,
1614 5734 1685 5807 f"
1715 5736 1861 5792 Psal.
1897 5751 2040 5793 στιν]

2158 5738 2245 5794 12.
2326 5739 2371 5772 ³⁸
2404 5737 2525 5795 Gal.
2573 5754 2668 5807 ιιι,
2709 5738 2817 5807 28;
2893 5737 3070 5797 lCor.
3110 5753 3180 5803 ι,
3226 5735 3313 5790 l7.
3394 5732 3439 5766 ³⁸
3480 5729 3619 5787 Gen.
3651 5742 3740 5796 vt.

433 5800 506 5871 5;
538 5819 653 5874 vni,
680 5805 773 5862 25.
850 5806 899 5838 ⁸⁸
925 5805 1128 5876 Ephes.
1155 5821 1195 5873 ι,
1230 5806 1286 5871 4,
1317 5805 1369 5859 5.
1450 5806 1493 5841 δι
1525 5806 1570 5863 ll
1599 5804 1727 5862 Cor.
1760 5823 1820 5875 ιι,
1853 5806 1941 5862 15.

761 5899 1036 5963 Panos.
1084 5898 1201 5961 Gn.
1252 5897 1468 5964 LXIX.

3347 5888 3419 5954 18
