4120 6452
424 302 536 361 5.55

1456 291 1512 347 S.
1554 288 1830 347 CYRILLI
1870 288 2339 345 ALEXANDRlNl
2371 289 2688 345 AllCIllEP.

3593 291 3697 348 556

425 427 575 477 suos,
603 416 667 464 et
693 405 962 465 lavabitur
1014 405 1069 460 in
1100 418 1261 473 aqua,
1296 400 1643 470 mundusque
1682 400 1809 454 erit.
1855 400 2008 455 Post-

2118 401 2178 454 rb
2207 401 2440 474 ὀρνίθιον
2476 403 2538 456 rb
2567 402 2674 466 ζῶν
2703 403 2781 466 είς
2824 402 2884 455 rb
2924 403 3127 471 πεδίον,
3177 404 3271 458 καὶ
3309 404 3499 459 πλυνεῖ
3530 408 3559 460 ὀ
3596 423 3696 461 κα-

428 504 545 558 Ῐιειξο
577 500 921 573 ingredietur
944 504 1144 561 castra,
1179 505 1233 550 et
1266 490 1697 549 commorabitur
1732 498 1887 545 extra
1918 489 2015 546 do-

422 610 581 651 mum
607 610 762 650 suam
789 600 998 662 septem
1020 590 1235 645 diebus.
1262 587 1330 641 Et
1352 586 1479 651 erit,
1507 591 1567 639 ut
1593 583 1650 637 in
1667 583 1756 639 die
1778 583 2013 654 septimo

428 685 659 741 abrndat
678 699 870 740 omnes
890 697 1020 738 suos
1038 681 1282 751 capillos,
1302 686 1467 749 caput
1482 693 1665 743 suum,
1686 685 1742 733 et
1760 677 2010 742 barbam,

430 775 833 846 supereiliaque
862 791 877 840 ;
907 772 1145 843 denique
1168 780 1397 826 cunctos
1425 769 1568 840 pilos
1603 786 1734 826 suos
1756 770 2009 835 abradat,

426 866 725 934 abluetque
776 863 1103 918 vestimenta
1143 876 1262 924 sua,
1290 869 1346 915 et
1371 861 1577 917 lavabit
1619 877 1819 932 corpus
1849 876 2010 932 aqua,

424 966 481 1010 et
529 956 769 1010 mundus
816 953 923 1007 erit
971 952 1036 1005 '".
1081 972 1097 1003 ι
1145 952 1331 1007 Series
1362 966 1494 1022 ergo
1541 950 1787 1007 historias
1832 967 2013 1022 perse

425 1048 715 1105 manifesta
753 1055 838 1102 cst
867 1055 923 1102 et
957 1046 1122 1111 clara,
1167 1052 1331 1115 atque
1367 1045 1413 1100 si
1458 1045 1581 1116 quis
1614 1044 1838 1114 planum
1883 1044 2014 1099 velit

426 1140 628 1205 facere,
680 1154 791 1193 non
840 1137 1075 1193 multum
1122 1153 1187 1192 ea
1221 1151 1309 1191 res
1348 1137 1605 1190 utilitatis
1653 1134 1867 1202 atl‘erat,
1904 1135 2012 1191 nisi

427 1230 751 1302 spiritaliter
785 1228 1143 1299 intelligatur.
1174 1226 1286 1299 Age
1317 1226 1485 1298 igitur
1521 1225 1579 1281 in
1616 1224 1859 1297 medium
1878 1241 2011 1297 pro-

427 1322 691 1383 feramus,
726 1317 1077 1373 traducentes
1099 1316 1378 1387 eleganter
1401 1315 1598 1370 littera:
1637 1314 2011 1370 inﬁrmitatem

428 1412 496 1467 ad
536 1410 744 1467 Christi
777 1409 1119 1481 mysterium.
1152 1408 1332 1464 Pauca
1381 1422 1512 1462 vero
1551 1422 1619 1461 ex
1667 1406 1755 1461 his
1780 1422 1912 1477 qua:
1943 1407 2011 1462 ad

429 1502 855 1558 declarationem
885 1498 1194 1555 necessaria
1225 1506 1409 1564 erunt,
1456 1496 1827 1568 prmfabimur.
1875 1497 2011 1552 Nam

427 1595 583 1665 lepra
629 1602 716 1649 est
748 1593 976 1649 morbus
1019 1591 1114 1662 qui
1154 1598 1356 1661 praeter
1388 1590 1729 1645 voluntatem
1761 1590 2011 1660 corpori-

427 1686 532 1741 bus
577 1683 903 1755 quibusdam
941 1680 1161 1737 accidit.
1210 1680 1307 1734 Est
1344 1689 1527 1735 autem
1554 1680 1715 1751 longe
1745 1679 2012 1738 edacissi-

428 1762 571 1841 mus,
620 1783 677 1831 et
718 1790 937 1845 semper
987 1771 1393 1843 quodammodo
1421 1778 1757 1842 propagatur
1797 1787 1895 1841 per
1930 1787 2009 1839 se,
2046 1756 2085 1811 Β

425 1878 589 1938 atque
638 1866 967 1939 ingravescit
1009 1867 1065 1919 in
1090 1864 1353 1920 membris
1382 1880 1505 1936 qua:
1532 1873 1784 1935 occupat.
1812 1865 2012 1921 Malum

426 1974 653 2029 prorsus
684 1957 1009 2021 incurabile,
1047 1957 1305 2029 quodque
1332 1956 1674 2013 medicorum
1699 1957 2008 2023 scientiam,

422 2060 479 2104 et
513 2066 577 2104 ea
614 2066 737 2120 qua:
768 2051 837 2103 ab
867 2050 1033 2121 hujus
1058 2049 1199 2104 artis
1219 2049 1415 2119 peritis
1451 2048 1792 2104 adhibentur
1828 2064 2009 2104 reme-

421 2144 534 2207 dia,
583 2141 815 2213 respuit,
859 2158 924 2197 ac
957 2150 1073 2196 tum
1100 2141 1321 2197 demum
1347 2156 1489 2212 regre
1515 2140 1857 2212 proﬂigatur,
1883 2157 2009 2196 cum

424 2246 619 2291 natura
644 2233 1051 2306 quodammodo
1078 2234 1342 2289 adversus
1366 2232 1420 2287 id
1445 2233 1698 2305 insurgit,
1721 2233 2011 2288 damnum-

421 2341 528 2395 que
567 2341 598 2380 a
633 2340 691 2381 se
730 2326 971 2396 repellit,
1016 2324 1309 2396 adjuvante
1343 2324 1476 2378 Deo.
1507 2324 1679 2380 Porro
1711 2325 1799 2378 lex
1822 2325 2009 2396 lepro‘

420 2433 543 2473 sum
599 2426 860 2489 tanquam
916 2415 1261 2471 immundum
1321 2432 1351 2471 e
1413 2416 1610 2470 castris
1676 2416 2007 2487 ejiciendum

418 2510 582 2583 355.
601 2511 777 2583 jubet.
807 2510 1020 2565 Dictum
1047 2509 1195 2565 enim
1211 2518 1288 2565 est
1317 2510 1447 2563 alibi
1470 2525 1499 2563 a
1524 2510 1635 2564 Deo
1659 2509 1725 2564 ad
1746 2509 1967 2581 Moysen
1992 2529 2005 2565 :

424 2622 442 2653 ‹
471 2603 711 2673 Praecipe
750 2602 877 2658 ﬁliis
912 2601 1077 2658 Israel
1104 2608 1165 2655 ut
1192 2602 1435 2672 relegem
1460 2617 1526 2655 ex
1551 2601 1749 2656 castris
1786 2616 2004 2657 omnem

416 2697 718 2768 leprosum,
763 2705 820 2751 et
866 2711 1087 2751 omnem
1116 2695 1211 2766 qui
1264 2693 1470 2749 ﬂuxum
1519 2694 1745 2751 seminis
1776 2696 2004 2766 patitur,

418 2804 749 2859 omnemque
798 2788 1142 2842 immundum
1201 2788 1256 2842 in
1288 2787 1471 2842 anima
1513 2785 1578 2841 ”.
1614 2806 1632 2838 ι
1662 2787 1853 2857 Neque
1875 2804 2007 2844 vero

416 2880 652 2936 dicimus
694 2878 841 2951 quod
888 2879 1111 2934 morbos
1157 2893 1449 2948 corporum
1479 2878 1565 2932 lex
1592 2877 1802 2948 puniat.
1837 2878 2007 2935 Valde

414 2972 563 3027 enim
611 2971 913 3028 absurdum
954 2980 1100 3026 esset
1151 2969 1219 3023 ab
1251 2970 1321 3024 iis
1360 2968 1451 3040 qui
1484 2979 1682 3039 praeter
1713 2984 1869 3025 suam
1905 2984 2004 3024 vo-

417 3066 682 3121 luntatem
753 3061 1145 3128 inlirmantur,
1192 3077 1317 3117 cum
1369 3062 1543 3134 magis
1590 3062 2002 3117 miserationem

417 3164 756 3220 mereantur,
808 3170 1002 3226 punias
1044 3153 1209 3225 exigi.
1238 3153 1510 3209 Creterum
1542 3153 1657 3209 haec
1682 3153 1919 3208 Mosaica
1946 3153 2002 3207 in

416 3247 558 3319 typis
606 3247 990 3312 versabantur,
1041 3245 1328 3302 veritatem
1367 3246 1748 3317 parturientia.
1773 3248 1908 3302 Nam
1943 3256 2005 3301 ut

418 3343 572 3411 lepra
620 3339 917 3395 mortiﬁeat
961 3355 1207 3408 carnem,
1233 3339 1313 3394 sic
1341 3347 1396 3394 et
1434 3348 1753 3410 peccatum,
1782 3341 2003 3411 quando

415 3428 654 3484 animam
700 3429 909 3484 invadit
952 3435 1302 3498 mentemque
1332 3428 1631 3484 humanam
1653 3441 1887 3501 occupat
1906 3448 2005 3503 per

416 3531 635 3577 mortua
676 3536 880 3592 opera;
918 3519 1211 3576 confestim
1263 3536 1383 3575 eam
1425 3521 1607 3577 reddit
1641 3521 1894 3578 inutilem
1940 3539 2005 3578 ac

414 3613 689 3685 frigidam.
727 3614 907 3684 Opera
943 3620 1132 3668 autem
1174 3618 1391 3668 mortua
1414 3628 1552 3669 voco
1580 3613 1685 3669 ista
1711 3614 1927 3686 impura
1948 3622 2004 3671 et

412 3708 647 3778 profana
695 3706 880 3762 carnis
920 3707 1077 3773 vitia,
1125 3706 1264 3761 nihil
1324 3705 1432 3762 nisi
1473 3713 1754 3763 terrenum
1785 3724 1998 3781 sapere.

417 3800 557 3856 Uine
592 3799 695 3854 sub
735 3798 955 3855 initium
997 3797 1238 3853 diximus
1268 3798 1414 3869 quod
1445 3813 1575 3865 nos,
1607 3814 1732 3854 cum
1756 3816 2004 3857 essemus

415 3891 621 3946 mortui
674 3905 774 3961 per
822 3889 1043 3955 delicta,
1092 3889 1241 3944 Deus
1286 3889 1448 3943 Pater
1491 3887 1790 3945 viviﬁcavit
1811 3905 1911 3946 nos
1946 3891 2003 3946 in

415 3983 658 4045 Christo.
703 3982 893 4052 Itaque
914 3997 1021 4052 per
1044 3996 1159 4037 rem
1182 3980 1529 4037 manifestam
1550 3981 1641 4038 lex
1660 3998 1764 4039 nos
1782 3983 1850 4038 ad
1873 3999 2003 4040 sen-

416 4089 509 4130 sus
533 4072 767 4129 subtiles
793 4071 1036 4127 deducit.
1074 4070 1238 4142 Ejicit
1262 4070 1411 4126 enim
1444 4085 1477 4126 e
1515 4070 1712 4126 castris
1737 4071 2002 4129 infectum

414 4166 605 4236 lepra:
639 4180 748 4235 quo
793 4163 1031 4219 latenter
1066 4162 1308 4218 insinuat
1347 4162 1496 4233 quod
1526 4177 1755 4218 necesse
1802 4162 1874 4218 sit
1901 4178 2003 4233 per

414 4266 636 4329 peccata
676 4264 946 4322 mortuos,
975 4271 1040 4311 ac
1063 4254 1471 4326 quodammodo
1502 4254 1673 4310 variis
1704 4255 2001 4325 perturba-

415 4348 628 4405 tionum
661 4349 807 4404 notis
854 4347 1093 4403 inustam
1138 4354 1379 4403 mentem
1402 4345 1690 4416 habentes,
1724 4363 1756 4403 e
1781 4356 2003 4404 saneto-

2117 491 2396 565 Oaptsﬂsiq
2445 495 2515 548 ri
2569 495 2759 565 ἱμάτια
2810 494 2996 549 αὑτοῦ.
3056 496 3165 549 Καὶ
3205 494 3568 569 ξυρηθήσεται
3603 500 3696 550 ἀπ’

2114 584 2280 639 αὐτοῦ
2313 588 2491 640 πᾶσαν
2535 587 2634 657 τὴν
2674 586 2856 657 τρίχα,
2892 588 2987 640 καὶ
3032 588 3281 642 λούσεται
3311 591 3368 642 ὲν
3396 588 3568 650 ὕδατι,
3604 593 3700 643 καὶ

2116 678 2602 752 καθαρισθήσεται.
2646 680 2756 735 Καὶ
2812 680 2954 752 μετά
2997 681 3171 735 ταῦτα
3223 683 3590 737 εἰσελεύσεται
3619 686 3699 743 εἰς

2114 772 2211 844 τὴν
2241 772 2617 845 παρεμϐολὴν,
2649 774 2744 828 καὶ
2774 775 3045 845 διατρίψει
3087 775 3192 842 ἔξω
3232 775 3327 829 τοῦ
3356 776 3505 829 οἴκου
3529 776 3698 828 αὑτοῦ

2113 863 2254 918 ἑπτὰ
2279 864 2514 935 ἡμέρας.
2557 865 2668 918 Καὶ
2708 865 2861 920 ἔσται
2891 869 2956 938 τῇ
3004 866 3187 937 ἡμέρᾳ
3234 868 3300 938 τῇ
3343 866 3567 937 ἐϐδόμῃ,
3602 884 3699 922 και

2114 954 2481 1027 ξυρηθήσεται
2515 957 2695 1010 πᾶσαν
2740 958 2839 1029 τὴν
2873 958 3036 1028 τρίχα
3088 958 3276 1021 αὑτοῦ,
3319 957 3419 1029 τὴν
3456 957 3698 1029 κεφαλὴν

2111 1047 2298 1114 αὐτοῦ,
2331 1048 2426 1102 καὶ
2454 1049 2545 1102 τὸν
2583 1048 2844 1117 πώγωνα,
2881 1050 2975 1104 καὶ
3021 1048 3122 1113 τὰς
3155 1049 3348 1120 ὀφρῦς,
3380 1050 3475 1104 καὶ
3517 1051 3699 1103 πᾶσαν

2112 1140 2209 1212 τὴν
2241 1140 2403 1212 τρίχα
2434 1141 2599 1196 αὐτοῦ
2636 1141 3019 1213 ξυρηθήσεται,
3061 1142 3157 1197 καὶ
3188 1143 3377 1196 πλυνεῖ
3407 1142 3475 1196 τὰ
3507 1144 3699 1212 ἱμάτια

2113 1234 2297 1298 αὐτοῦ,
2332 1234 2425 1287 καὶ
2466 1233 2715 1289 λούσεται
2752 1234 2813 1288 τὸ
2842 1235 3001 1306 σῶμα
3032 1235 3226 1290 ἑαυτοῦ
3257 1236 3429 1302 ὕδατι,
3473 1237 3566 1290 καὶ
3601 1254 3699 1290 κα-

2114 1324 2279 1395 θαρὸς
2310 1323 2481 1378 ἔσται.
2518 1345 2536 1377 ι
2598 1326 2657 1379 Ὀ
2695 1326 2794 1396 μὲν
2822 1321 2916 1380 οῦν
2949 1327 3049 1397 τῆς
3086 1327 3323 1397 ἱστορίας
3355 1326 3600 1398 ἐμφανὴς
3633 1328 3699 1380 ἄν

2112 1418 2199 1487 εἴη
2232 1415 2408 1485 λόγος,
2441 1415 2543 1471 κᾶν
2574 1419 2625 1471 εἰ
2666 1418 2742 1489 μή
2783 1436 2866 1482 τις
2898 1418 3074 1471 ἕλοιτο
3106 1418 3451 1489 διατρανοῦν,
3487 1417 3599 1489 ἔχει
3639 1418 3697 1471 δὲ

2112 1507 2266 1562 οὐδὲν
2287 1508 2349 1562 rb
2369 1508 2556 1563 τελοῦν
2578 1510 2658 1573 εἰς
2682 1509 2889 1579 ὄνησιν,
2916 1513 2964 1562 εἰ
2999 1510 3073 1582 μὴ
3097 1513 3266 1564 νοοῖτο
3288 1491 3696 1581 πνευματικῶς.

2114 1598 2322 1653 Οὐκοῦν
2348 1600 2481 1673 φέρε
2509 1599 2757 1672 λέγωμεν
2781 1618 2919 1671 μετα
2931 1602 3253 1666 πλάττοντες
3274 1603 3491 1672 εὐφυῶς
3519 1603 3581 1661 τὸ
3605 1604 3697 1656 τοῦ

2114 1692 2441 1762 γράμματος
2482 1693 2709 1764 ἀδρανὲς
2742 1696 2825 1758 είς
2863 1695 2925 1749 τὸ
2964 1694 3059 1748 τοῦ
3099 1694 3339 1766 Χριστοῦ
3375 1697 3695 1766 μυστήριον.

2128 1784 2311 1853 Ὀλίγα
2340 1784 2399 1838 δὲ
2426 1786 2566 1841 ἅττα
2590 1785 2699 1840 τῶν
2729 1787 3045 1856 ἀναγκαίων
3091 1790 3171 1851 εἰς
3200 1788 3529 1858 διασάφησιν
3563 1807 3700 1859 χρη-

2116 1874 2290 1945 σίμως
2336 1876 2469 1947 ἡμῖν
2495 1878 2902 1949 προειρήσεται.
2939 1877 3131 1944 Λέπρα
3164 1877 3274 1950 γὰρ
3298 1877 3596 1949 ἀϐούλητον
3637 1880 3700 1933 rb

2113 1968 2285 2032 πάθος
2308 1970 2420 2032 τοῖς
2441 1986 2602 2024 τινων
2631 1969 3013 2040 ἐπισυμϐαίνει
3046 1969 3312 2040 σώμασιν.
3349 1970 3506 2025 Ἐστι
3535 1970 3591 2024 δὲ
3615 1972 3699 2025 ὅτι

2116 2060 2351 2131 μάλιστα
2381 2059 2558 2133 βὸρον,
2609 2062 2705 2114 καὶ
2740 2061 3140 2132 κατευρήσεταί
3186 2078 3302 2125 πως
3336 2061 3424 2115 ἀεὶ
3467 2061 3604 2130 πρὸς
3638 2060 3698 2113 rb

2111 2150 2259 2213 ἐντὸς
2292 2150 2542 2224 μᾶλλονῆ
2575 2153 2701 2221 πρὶν
2728 2150 2835 2204 τῶν
2861 2152 2918 2205 ὲν
2952 2146 3033 2214 οἷς
3063 2151 3127 2205 ἂν
3158 2151 3367 2221 γένοιτο
3396 2150 3699 2224 καταδράτ-

2110 2239 2295 2295 τεσθαι
2320 2241 2503 2315 μέρος.
2528 2241 2934 2312 Δυσδιὰφυκτον
2953 2241 3009 2295 δὲ
3030 2242 3225 2314 κομιδῇ
3250 2242 3311 2295 rb
3331 2242 3696 2315 ἀρρώστημα,

2111 2329 2205 2383 καὶ
2239 2329 2439 2403 ἰατρῶν
2471 2329 2569 2402 μὲν
2604 2332 2949 2402 ἐπιστήμης,
2990 2331 3158 2402 ἧγουν
3195 2331 3293 2404 τῆς
3320 2331 3425 2386 ὑπό
3454 2349 3547 2386 του
3586 2332 3695 2385 τῶι

2111 2422 2282 2477 ταῦτα
2317 2424 2495 2493 σοφῶν
2521 2425 2839 2496 ἐπικουρίας
2872 2427 2972 2480 οὐκ
2995 2428 3344 2498 ἀνεχόμενον,
3374 2425 3696 2500 ἀποχωροῦν

2108 2514 2165 2569 δὲ
2192 2515 2255 2587 δὴ
2288 2515 2438 2586 μόλις
2464 2515 2652 2589 ὥσπερ
2675 2517 3132 2590 ἀντεγειρομένης
3162 2517 3309 2590 αὐτῷ
3328 2520 3427 2590 τῆς
3457 2519 3696 2587 φύσεως,

2109 2606 2203 2661 καὶ
2228 2607 2288 2661 rb
2318 2596 2511 2677 βλάϐος
2537 2609 2985 2682 ἀποκρουομένης
3014 2609 3391 2682 ἐπαμύνοντος
3413 2611 3506 2665 τοῦ
3536 2610 3697 2666 Θεοῦ.

2109 2695 2256 2769 Πλὴν
2289 2698 2318 2751 ὁ
2347 2696 2510 2769 νόμος
2544 2698 2619 2762 ὡς
2648 2697 2959 2771 ἀκάθαρτον
2997 2694 3087 2753 τὸν
3125 2699 3323 2774 λεπρὸν
3368 2701 3697 2771 ἀποπέμπε-

2111 2787 2233 2841 σθαι
2253 2788 2363 2841 δεῖν
2386 2787 2489 2860 ἔφη
2517 2790 2614 2859 τῆς
2636 2788 3009 2860 παρεμϐολῆς.
3036 2789 3266 2862 Εἴρηται
3292 2791 3401 2863 γάρ
3428 2809 3526 2846 που
3558 2792 3697 2864 πρὸς

2106 2878 2198 2932 τὸν
2231 2879 2554 2950 ἱεροφάντην
2583 2881 2788 2934 Μωσέα
2818 2881 2967 2953 παρᾶ
2998 2880 3091 2934 τοῦ
3120 2881 3255 2936 Θεοῦ
3293 2884 3696 2956 προστάξαντος

2105 2973 2217 3034 τοῖς
2263 2973 2399 3035 υἱοῖς
2442 2972 2681 3044 Ἰσραήλο
2741 2992 2758 3024 ι
2809 2974 2920 3028 Καὶ
2961 2974 3439 3035 άποστειλάτωσαν
3483 2979 3546 3032 ὲκ
3593 2979 3694 3050 τῆς

2108 3063 2465 3136 παρεμϐολῆς
2514 3064 2694 3119 πάντα
2742 3064 2962 3136 λεπρὸν,
3009 3066 3189 3122 πάντα
3229 3070 3538 3143 γονορρυἧ,
3598 3071 3697 3125 καὶ

2107 3154 2284 3208 πάντα
2327 3155 2632 3226 ἀκάθαρτον
2665 3156 2729 3227 τῇ
2766 3155 2937 3227 ψυχῇ.
2974 3175 2993 3209 ι
3034 3158 3145 3213 Καὶ
3181 3160 3242 3214 οὐ
3282 3159 3346 3230 δή
3375 3160 3477 3214 πού
3515 3178 3695 3232 φαμεν

2105 3246 2188 3300 ὅτι
2213 3248 2333 3309 ταῖς
2370 3244 2479 3299 τῶν
2512 3245 2780 3316 σωμάτων
2815 3246 3152 3317 ἀρρωστίαις
3180 3249 3209 3301 ὁ
3242 3249 3405 3320 νόμος
3439 3252 3694 3323 ἐπιτιμᾷ.

2106 3337 2318 3410 Κομιδῇ
2348 3337 2455 3409 γὰρ
2489 3336 2684 3410 εὔηθες
2720 3339 2848 3403 τοὺς
2879 3338 3193 3410 ἀϐουλήτως
3235 3342 3690 3414 ἠρρωστηκὸτας,

2107 3429 2283 3484 καίτοι
2308 3431 2509 3501 μᾶλλον
2532 3429 2798 3485 ἐλεεῖσθαι
2822 3429 2961 3493 δέον,
2996 3431 3414 3502 προστεθεῖσθαι
3437 3434 3493 3488 δὲ
3516 3435 3693 3500 δίκας.

2118 3520 2258 3575 Ἀλλ’
2294 3518 2363 3595 ἦν
2396 3523 2454 3576 ὲν
2497 3521 2690 3587 τύποις
2734 3521 2803 3577 τὰ
2848 3521 2939 3577 διά
2975 3522 3078 3598 ,τοῦ
3130 3525 3407 3595 πανσόφου
3448 3527 3695 3591 Μωσέως

2104 3611 2362 3667 ὠδίνοντα
2395 3614 2494 3686 τὴν
2535 3614 2815 3686 ἀλήθειαν.
2849 3615 3045 3687 Λέπρα
3088 3617 3186 3687 μὲν
3228 3617 3337 3690 γάρ
3374 3621 3560 3691 νεκροτ
3596 3620 3697 3692 τὴν

2106 3704 2308 3774 σάρκα,
2346 3704 2595 3777 ἁμαρτία
2618 3705 2676 3758 δὲ
2711 3700 2779 3759 αὖ
2806 3703 3008 3776 ψυχαῖς
3053 3706 3456 3779 συμϐαίνουσα,
3486 3708 3584 3763 καὶ
3612 3712 3695 3775 είς

2106 3794 2231 3849 νοῦν
2272 3796 2429 3867 εἴπερ
2476 3794 2544 3850 ῖοι
2589 3796 2678 3850 τὸν
2723 3796 3066 3869 ἀνθρώπινον
3109 3799 3197 3853 διὰ
3233 3799 3444 3872 νεκρῶν
3488 3800 3689 3874 ἔργων·

2105 3884 2293 3961 τοῦτον
2322 3884 2538 3959 ἀχρεῖόν
2564 3903 2626 3938 τε
2656 3885 2821 3951 εὐθὺς
2863 3888 2960 3941 καὶ
2997 3887 3387 3960 ἀπεψυγμένον
3413 3890 3689 3947 ἀποτελεῖ.

2110 3975 2290 4045 Ἔργα
2319 3976 2377 4029 δὲ
2409 3972 2559 4054 εἷναί,
2577 3994 2758 4050 φαμεν
2787 3977 2857 4032 τὰ
2886 3979 3057 4053 νεκρά
3086 3980 3186 4052 τῆς
3216 3981 3419 4053 σαρκὸς
3447 3982 3692 4054 δηλονότι

2104 4064 2173 4118 τὰ
2209 4064 2427 4137 μυσαρά
2460 4067 2553 4120 καὶ
2581 4065 2786 4138 βέϐηλα
2816 4067 2988 4141 πάθη,
3024 4068 3120 4124 καὶ
3142 4070 3204 4123 rb
3227 4073 3447 4142 φρονεῖν
3474 4071 3693 4129 ἑλέσθαι

2103 4157 2174 4210 τὰ
2205 4157 2298 4211 ἐπὶ
2324 4158 2423 4229 τῆς
2443 4158 2568 4229 γῆς.
2592 4158 2861 4232 Ταύτῃτοι
2885 4162 2977 4215 κοιλ⁵
2998 4163 3055 4216 ὲν
3080 4162 3277 4235 ἀρχαῖς
3304 4162 3586 4235 ἐλέγομεν,
3608 4164 3694 4218 ὅτι

2104 4252 2332 4322 νεκροὺς
2358 4251 2505 4322 ἡμᾶς
2533 4249 2692 4317 ὄντας
2719 4255 2832 4316 τοῖς
2860 4254 3328 4325 παραπτώμασιν,
3364 4257 3393 4309 ὁ
3430 4255 3565 4320 Θεὸς
3600 4257 3695 4310 καὶ

2105 4341 2295 4413 Πατὴρ
2329 4340 2760 4414 συνεζωοποίησε
2788 4342 2866 4416 τῷ
2893 4343 3134 4416 Χριστῷ.
3161 4343 3368 4399 Οὐκοῦν
3399 4345 3486 4401 διὰ
3513 4348 3694 4417 πράγ-

416 4454 539 4492 rum
584 4452 747 4510 grege
790 4437 1099 4502 discedere,
1137 4437 1409 4508 longeque
1449 4452 1479 4491 a
1518 4437 1869 4492 sacerdotum
1901 4454 2007 4492 nu-

2112 4449 2281 4504 ματος
2315 4432 2615 4504 ἐμφανοῦς,
2671 4436 2750 4499 είς
2780 4435 2990 4500 ἐννοίας
3030 4436 3177 4507 ἡμᾶς
3199 4438 3227 4490 ό
3265 4434 3422 4505 λόγος
3457 4439 3693 4510 ἀποτορ-

417 4545 572 4584 mero
624 4530 837 4585 abesse.
894 4529 1017 4585 Non
1045 4529 1193 4583 enim
1238 4526 1663 4600 congregabitur
1689 4543 1814 4583 eum
1840 4529 2010 4601 justis

418 4620 713 4692 malignus,
759 4637 940 4692 neque
987 4618 1249 4687 sordidus
1291 4634 1416 4674 cum
1467 4618 1731 4687 mundis;
1773 4630 1868 4676 aut
1911 4622 2005 4693 qui

416 4711 583 4767 habet
623 4713 893 4768 maculam
935 4711 1149 4784 peccati
1194 4711 1458 4766 tenaciter
1491 4711 1596 4767 sibi
1621 4712 2002 4781 inhaerentem,

415 4819 541 4858 cum
593 4802 967 4858 sanctificatis.
1027 4823 1042 4854 ι
1073 4803 1206 4869 Quae
1262 4804 1411 4858 enim
1464 4811 1550 4858 est
1603 4804 1840 4859 societas
1896 4806 2004 4861 luci

414 4913 541 4953 eum
563 4897 806 4952 tenebris
826 4897 850 4950 ἲ
873 4904 967 4952 aut
991 4912 1112 4966 quae
1135 4911 1260 4966 pars
1289 4894 1435 4951 fideli
1467 4912 1593 4951 eum
1619 4895 1827 4952 inﬁdeli
1851 4898 1894 4929 “
1923 4899 1945 4952 ?
1976 4919 1993 4950 ι

413 4987 568 5056 Quod
610 4995 795 5042 autem
836 4988 902 5043 iis
931 4987 1027 5058 qui
1062 4986 1148 5057 pie
1174 4986 1361 5043 vivere
1392 4987 1585 5041 volunt
1624 4990 2000 5045 necessarium

414 5080 485 5134 sit
522 5079 589 5134 ad
623 5078 948 5149 proiectum,
974 5086 1037 5133 ut
1069 5092 1284 5134 summo
1314 5076 1498 5133 studio
1528 5078 1702 5132 malos
1732 5078 1997 5145 devitcnt,

416 5184 608 5225 rursus
658 5170 819 5225 nobis
867 5169 1152 5242 Scriptura
1179 5170 1446 5227 divinitus
1478 5170 1744 5242 inspirata
1774 5187 2000 5242 persna-

416 5260 586 5317 debit.
624 5260 716 5317 Ait
740 5262 890 5317 enim
915 5262 1047 5317 alibi
1074 5262 1238 5327 Deus,
1268 5261 1336 5317 ad
1360 5276 1457 5316 eos
1485 5276 1624 5333 quos
1653 5261 1852 5318 charos
1902 5265 2000 5319 ha-

418 5354 550 5410 bet:
600 5372 618 5405 ι
645 5354 822 5417 Exite,
856 5350 1002 5408 exite
1028 5352 1097 5408 de
1134 5352 1317 5409 medio
1364 5353 1631 5424 ipsorum,
1677 5363 1733 5408 et
1784 5369 2007 5424 separa-

421 5445 574 5508 mini,
603 5444 699 5514 qui
718 5442 875 5498 fertis
895 5458 1025 5515 vasa
1046 5443 1263 5497 Domini
1294 5443 1360 5496 ⁸⁸.
1394 5463 1412 5494 ›
1443 5444 1614 5499 Porro
1638 5459 1765 5499 vasa
1786 5444 2005 5500 Domini
2034 5444 2037 5449 λ

420 5537 647 5607 intelligi
678 5543 913 5613 possunt
951 5535 1056 5590 illae
1095 5534 1461 5590 multiformes
1494 5537 1747 5591 virtutes.
1784 5537 1923 5601 Hinc
1951 5548 2007 5594 et

484 5714 534 5747 δ’
564 5696 740 5770 Lavit.
783 5716 1040 5782 turpi-9.
1120 5716 1165 5749 ⁸⁸
1196 5715 1359 5771 Num.
1399 5730 1451 5783 v,
1488 5717 1544 5786 Ξ,
1576 5718 1627 5773 5.
1707 5721 1752 5753 “
1778 5721 1821 5774 ll
1849 5713 1975 5774 Cor.
2012 5735 2084 5786 vr,
2122 5720 2201 5776 14.

2108 4524 2255 4579 νεύει
2288 4524 2510 4591 λεπτάς.
2561 4526 2870 4599 Ἐκπέμπει
2900 4528 3009 4600 γὰρ
3044 4530 3144 4599 τῆς
3184 4531 3539 4603 παρεμϐολῆς
3568 4534 3696 4595 τοὺς

2107 4617 2586 4690 λελεπρωμένουςο
2631 4621 3046 4692 αἰνιγματωδῶς
3084 4623 3398 4693 ὑποφαίνων
3445 4626 3526 4679 ὅτι
3569 4627 3694 4691 τοὺς

2107 4714 2172 4783 τῇ
2204 4712 2447 4784 ἁμαρτία
2479 4713 2943 4785 νενεκρωμένους,
2981 4717 3264 4789 μονονουχὶ
3301 4718 3357 4772 δὲ
3388 4718 3482 4773 καὶ
3512 4719 3695 4772 ποικί-

2107 4801 2219 4864 λοις
2260 4800 2459 4854 πάθεσι
2506 4803 2931 4875 κατεστιγμένον
2969 4805 3191 4876 ἔχοντας
3232 4806 3382 4875 νοῦν,
3423 4810 3517 4863 καὶ
3558 4809 3696 4864 πολὺ

2109 4891 2401 4955 νοσοῦντας
2427 4891 2503 4956 ὡς
2525 4892 2581 4949 ἐν
2607 4910 2671 4962 γε
2692 4895 2756 4966 δὴ
2782 4895 2967 4966 σφίσιν
2987 4898 3173 4962 αὐτοῖς
3191 4899 3254 4952 τὸ
3275 4900 3533 4967 ἀκαλλὲς,
3561 4904 3698 4955 ἀπο-

2110 4986 2306 5055 χωρεῖν
2331 4987 2545 5057 ἀνάγκη
2576 4985 2675 5057 τῆς
2706 4987 2816 5042 τῶν
2844 4989 3014 5058 ἁγίων
3044 4989 3304 5060 πληθύος,
3334 4993 3428 5046 καὶ
3451 4992 3557 5059 ἔξω
3590 5009 3696 5047 που

2110 5076 2373 5148 φέρεσθαι
2404 5078 2516 5132 τῶν
2557 5080 2719 5150 ἱερῶν
2758 5081 3099 5151 καταλόγων.
3152 5083 3696 5156 Συναγελασθήσεται

2107 5168 2217 5240 γὰρ
2251 5168 2503 5240 οὐδαμῶς
2533 5175 2646 5236 τοῖς
2670 5173 2900 5239 δικαίοις
2937 5178 2966 5230 ό
2999 5179 3236 5251 πονηρὸς
3255 5220 3271 5244 ,
3300 5182 3413 5242 τοῖς
3440 5178 3697 5248 βεϐήλοις

2106 5263 2135 5315 ὁ
2166 5260 2373 5333 ῥυπῶν,
2396 5261 2519 5315 οὔτε
2567 5263 2674 5334 μὴν
2701 5265 2952 5321 συνέσται
2981 5270 3094 5332 τοῖς
3123 5270 3476 5340 ἡγιασμένοις
3498 5272 3527 5324 ό
3569 5272 3697 5323 δυσ-

2107 5353 2406 5408 απόνιπτον
2436 5354 2574 5425 ἔχων
2606 5356 2708 5426 τῆς
2744 5357 3021 5430 ἁμαρτίας
3064 5360 3156 5415 τὸν
3192 5362 3488 5434 μολυσμόν.
3529 5382 3546 5415 ι
3599 5364 3697 5427 Τίς

2105 5447 2213 5518 γὰρ
2241 5445 2496 5500 κοινωνία
2515 5487 2530 5512 ,
2563 5448 2731 5518 φησὶ,
2766 5450 2907 5518 φωτὶ
2943 5451 3079 5522 πρὸς
3128 5455 3340 5523 σκότος,
3369 5454 3506 5526 ἥτις
3533 5457 3695 5527 μερὶς

2104 5538 2283 5609 πιστῷ
2312 5538 2449 5608 μετά
2478 5539 2747 5606 ἀπίστου;
2790 5559 2807 5591 ι
2844 5541 2964 5595 Ὅτι
3002 5542 3058 5597 δὲ
3099 5548 3211 5610 τοῖς
3235 5545 3412 5618 ὀρθῶς
3449 5547 3697 5603 ἐθέλουσι

2284 5722 2460 5779 “15a.
2502 5742 2591 5793 ur,
2640 5726 2724 5782 ll.
