4120 6456
460 310 563 367 557

1426 307 1952 366 CLAPHYRORUM
1990 307 2056 362 IN
2100 305 2475 364 LEVITICUM
2516 307 2739 364 LIBER.

3648 310 3755 367 558

460 424 636 498 βιοῦν,
665 425 964 493 ἀναγκαῖον
985 425 1065 489 είς
1097 424 1284 494 ὄνησιν
1311 424 1373 478 τὸ
1402 425 1707 497 ἀποφοιτᾷν
1736 422 2058 493 ἐπείγεσθαι

2169 420 2595 478 divinusPaulus
2615 440 2627 476 :
2655 441 2674 473 ‹
2693 422 2928 489 lnduite,
2948 424 3043 489 ait,
3064 438 3217 479 arma
3236 423 3332 479 Dei
3356 424 3614 482 universa
3630 426 3694 481 “.
3728 447 3746 479 ι

460 515 751 589 πονηρῶν·
796 516 937 589 αὐτὴ
979 516 1143 575 πάλιν
1180 519 1330 588 lilii;
1377 519 1410 585 ἡ
1454 518 1814 581 θεόπνευστος
1865 517 2056 589 Γραφὴ

457 611 767 666 ἀναπείσει.
802 611 947 681 Ἔφη
983 611 1093 681 γάρ
1124 626 1227 663 που
1264 611 1293 662 6
1328 608 1461 673 Θεὸς
1490 613 1607 675 τοῖς
1632 609 1826 664 ἑαυτοῦ
1854 609 2057 680 γνωρί-

459 719 605 775 μοις⁶
658 722 681 757 ι
743 705 1057 772 Ὲξέλθετε,
1107 704 1355 770 ὲξὲλθετε
1404 706 1471 758 ὲκ
1513 702 1681 773 μέσου
1719 703 1922 770 αὐτῶν,
1963 703 2059 757 καὶ

457 794 796 867 ἀφορίσθητε
822 836 839 862 ,
896 798 946 850 οί
999 797 1258 869 φέροντες
1302 795 1369 850 τὰ
1412 794 1588 865 σκεύη
1613 794 1710 848 τοῦ
1766 796 1993 867 Κυρίου.
2035 815 2053 847 ι

459 887 638 959 Σκεύη
686 887 746 941 δὲ
781 889 991 960 Κυρίου
1031 887 1274 960 νοηθεῖεν
1307 887 1395 952 ἂν,
1428 889 1484 941 αἱ
1512 886 1812 951 πολυειδεῖς
1842 888 2057 960 ἀρεταί.

460 981 733 1053 Ταύτῃτοι
786 981 882 1035 καὶ
912 983 940 1035 ὁ
980 980 1270 1044 θεσπέσιος
1299 979 1542 1046 Παῦλος·
1611 999 1630 1033 ι
1692 980 2018 1037 Ἐνδύσατθε
2042 1024 2057 1048 ,

461 1073 646 1144 φησιν,
669 1073 769 1141 τὴν
794 1072 1103 1127 πανοπλίαν
1127 1073 1222 1127 τοῦ
1252 1072 1413 1130 θεοῦ.
1442 1091 1462 1127 ι
1492 1072 1702 1128 οὐκοῦν
1732 1073 1809 1139 ὡς
1828 1077 1884 1128 ὲν
1905 1075 2062 1147 τύπῳ

460 1165 567 1221 τῶν
622 1164 867 1238 λεπρῶν,
911 1166 1007 1221 τὸν
1038 1166 1440 1239 ἠρῤωστηκότα
1488 1167 1590 1239 τὴν
1640 1167 1921 1241 ἁμαρτίαν
1967 1175 2063 1223 καὶ

464 1261 878 1334 μεμολυσμένον
901 1260 1138 1334 πληθύος
1156 1260 1259 1332 τῆς
1279 1261 1390 1315 τῶν
1413 1263 1587 1331 ἁγίων
1605 1264 1874 1318 ἀποσοὸεῖ
1901 1265 2057 1330 Θεός.

473 1355 611 1428 ’ᾼλλ’
648 1350 719 1427 ἦν
755 1354 820 1427 δή
859 1353 964 1408 πού
995 1372 1116 1409 τινα
1162 1356 1258 1408 καὶ
1300 1355 1508 1425 σφόδρα
1546 1355 1695 1421 εἰκὸς
1731 1357 1841 1411 τῶν
1877 1358 2064 1431 ἡρῤω·

461 1444 741 1517 στηκότων
761 1442 1189 1515 ἀποκρούεσθαι,
1220 1442 1282 1496 τὸ
1309 1443 1501 1507 πάθος.
1523 1444 1924 1515 Καταλήγομεν
1956 1445 2063 1518 γὰρ

460 1536 522 1602 ιξ
549 1535 837 1609 ἁμαρτιῶν
880 1536 991 1590 ἔσθ’
1021 1536 1111 1590 ὅτε
1164 1535 1519 1607 μεθιστάντες
1564 1538 1656 1592 τὸν
1707 1536 1831 1591 νοῦν
1870 1539 1963 1593 ἐπὶ
2002 1540 2064 1594 τὸ

462 1627 595 1699 δρᾷν
623 1626 842 1681 ἑλέσθαι
871 1626 965 1680 καὶ
1005 1630 1226 1697 φρονεῖν
1253 1627 1322 1681 τὰ
1351 1626 1561 1698 ἀμείνω
1611 1627 1706 1681 καὶ
1744 1628 2065 1699 πρεπωδέσ-

464 1734 617 1788 τερα.
646 1716 711 1770 Τί
741 1710 836 1770 οὖν
864 1718 893 1770 6
921 1716 1116 1787 νόμος;
1153 1711 1302 1787 τΑρα
1332 1717 1445 1778 τοῖς
1475 1713 1722 1768 ἐθέλουσι
1759 1718 2060 1785 μετανοεῖν,

2159 512 2343 580 Quare
2372 515 2519 570 Deus
2538 531 2637 585 per
2666 516 2946 586 leprosum
2976 526 3239 588 tanquam
3279 518 3337 572 in
3364 524 3493 589 typo
3516 520 3757 588 peccatis

2161 605 2505 662 laborantem
2569 614 2628 662 et
2678 609 3114 664 contaminatum
3164 624 3194 664 a
3244 616 3558 665 sanctorum
3609 619 3757 668 coetu

2161 707 2333 752 arcet.
2358 696 2631 753 Caeterum
2666 714 2764 769 par
2786 709 2928 766 erat,
2957 702 3256 757 nonnullos
3275 717 3343 757 ex
3376 703 3499 759 istis
3527 704 3623 775 qui
3652 703 3759 759 hoc

2163 788 2362 844 morbo
2394 791 2645 860 corrupti
2675 800 2854 857 erant,
2884 793 3087 849 iterum
3129 794 3356 850 liberari
3391 803 3556 867 atque
3589 796 3756 852 resti-

2164 881 2265 936 tui.
2324 881 2607 952 Siquidem
2658 892 2715 939 et
2766 902 2866 941 nos
2917 902 3200 943 cessamus
3247 904 3499 959 peccare,
3536 889 3757 961 quando

2163 982 2406 1029 mentem
2442 990 2511 1030 eo
2547 977 2952 1045 transferimus,
2988 989 3049 1035 ut
3090 980 3327 1037 velimus
3356 981 3537 1037 facere
3564 990 3621 1038 et
3672 997 3760 1038 sa—

2164 1082 2297 1138 pere
2323 1084 2447 1138 qua:
2479 1080 2611 1125 sunt
2637 1070 2866 1126 meliora
2890 1082 2947 1128 et
2995 1074 3344 1144 optabiliora.
3370 1074 3539 1143 Quid
3590 1075 3761 1148 igitur

2163 1160 2312 1216 lex?
2354 1160 2518 1232 355
2579 1162 2906 1219 Volentibus
2959 1165 3288 1236 resipiscere
3347 1184 3459 1223 non
3515 1169 3762 1225 ostendit

2165 1253 2311 1309 viam
2340 1254 2365 1308 ?
2392 1269 2573 1325 neque
2616 1256 2792 1325 aperit
2841 1264 3030 1327 portas
3066 1259 3300 1315 salutis?
3335 1260 3414 1316 Ne
3438 1261 3545 1317 hoc
3573 1263 3758 1334 suspi-

2165 1363 2343 1404 care:
2403 1368 2421 1400 ι
2458 1348 2732 1421 benignus
2775 1351 2925 1406 enim
2977 1359 3036 1407 et
3088 1368 3281 1408 amans
3328 1354 3615 1411 hominum
3674 1367 3761 1413 est

2166 1441 2433 1497 Dominus
2456 1442 2522 1497 ⁵⁷.
2557 1462 2575 1495 ›
2604 1443 2711 1499 Sed
2747 1444 2933 1515 potius
2961 1445 3091 1501 audi
3122 1446 3415 1504 manifeste
3442 1449 3757 1507 dicentem:

2174 1549 2192 1582 ι
2220 1530 2644 1598 Convertimini,
2675 1533 2771 1588 ﬁlii
2823 1544 3228 1603 convertentes,
3282 1544 3340 1592 et
3380 1539 3498 1609 ipse
3549 1540 3761 1595 curabo

2167 1627 2530 1683 contritiones
2554 1637 2771 1683 vestras
2787 1629 2850 1683 ".
2874 1647 2892 1679 ι
2917 1628 3049 1684 [tem
3066 1644 3167 1699 per
3194 1645 3385 1687 vocem
3416 1631 3757 1688 Ezechielis:

2175 1738 2195 1772 ι
2223 1719 2646 1786 Convertimini,
2700 1728 2756 1776 et
2804 1719 3035 1778 avertite
3056 1737 3153 1778 vos
3175 1722 3245 1778 ab
3271 1723 3532 1779 omnibus
3560 1724 3764 1795 iniqui;

464 1810 525 1863 οὐ
563 1808 942 1864 καταδεικνύει
972 1808 1070 1880 τὴν
1106 1809 1258 1876 ὀδόν;
1291 1809 1394 1863 οὐκ
1425 1808 1706 1877 ἀνοίγνυσι
1747 1809 1846 1879 τῆς
1878 1826 2058 1881 σωτη-

2169 1813 2373 1868 tatibus
2411 1814 2631 1880 vestris,
2678 1814 2879 1869 domus
2911 1814 3116 1881 Israel;
3155 1824 3285 1871 tunc
3311 1832 3421 1871 non
3452 1817 3621 1871 luetis
3642 1832 3764 1887 pqa-

463 1902 588 1974 ρίας
612 1901 712 1972 τὴν
745 1902 956 1974 πύληνς
988 1900 1080 1974 Μὴ
1109 1900 1267 1955 τοῦτο
1297 1900 1594 1973 ὑπολάϐῃς.
1628 1918 1647 1953 ι
1693 1900 1921 1969 Ἀγαθὸς
1950 1901 2058 1973 γὰρ

463 1996 558 2050 καὶ
578 1994 964 2067 φιλάνθρωπος
984 1997 1013 2050 6
1036 1995 1334 2065 Δεσπότης.
1357 2011 1377 2045 ι
1412 1994 1612 2048 ’Δκουε
1632 1992 1887 2062 λέγοντος
1907 1994 2061 2064 ὲναρ·

464 2086 578 2154 γὼς
605 2102 618 2116 ·
671 2105 689 2138 ι
727 2085 1138 2158 Ἐπιστράφητε
1168 2084 1677 2157 οἱὲπιστρέφοντες,
1712 2085 1807 2139 καὶ
1838 2085 2061 2154 ἰάσομαι

461 2178 534 2233 τὰ
564 2179 951 2252 συντρίμματα
981 2179 1158 2251 ὑμῶν.
1190 2198 1210 2231 ι
1241 2180 1351 2233 Καὶ
1380 2180 1488 2250 μὴν
1516 2179 1609 2233 καὶ
1637 2177 1727 2231 διὰ
1754 2178 1941 2247 ῳωνῆς
1977 2178 2064 2231 Ἰε-

464 2269 678 2342 ζεχιήλ·
716 2290 735 2322 ι
787 2271 1193 2346 Ἑπιστράφητε
1223 2270 1320 2325 καὶ
1353 2269 1733 2341 ἀποστρέψατε
1773 2268 2062 2327 ὲκλπασῶν

464 2363 574 2417 τῶν
611 2363 853 2435 ἀνομιῶν
883 2363 1058 2434 ὑμῶν,
1095 2359 1240 2426 οἶκος
1269 2360 1363 2416 τοῦ
1409 2362 1648 2433 Ἰσραὴλ,
1674 2362 1770 2416 καὶ
1794 2363 1895 2416 οὐκ
1923 2360 2064 2415 ἔσον-

2165 1921 2295 1960 nam
2341 1906 2627 1977 injustitia:
2670 1906 2734 1963 δ’.
2774 1926 2792 1960 ι
2833 1906 3023 1975 Qualis
3067 1907 3237 1979 igitur
3275 1915 3361 1963 est
3403 1907 3493 1963 vla
3525 1908 3764 1964 salutis?

2165 1997 2371 2067 Ecquis
2406 1997 2608 2054 liberat
2645 2014 2742 2053 eos
2776 1999 2871 2069 qui
2910 2006 3299 2070 peccaverunt,
3340 1999 3639 2069 quominus
3669 2015 3762 2055 ra-

2162 2091 2390 2161 piantur
2413 2090 2482 2145 ad
2509 2090 2890 2161 supplicium?
2923 2090 3059 2159 Quis
3082 2091 3215 2147 item
3251 2092 3479 2148 redimit
3499 2101 3556 2148 et
3578 2105 3765 2148 servat

2159 2196 2263 2237 nos
2311 2182 2557 2252 perfecte
2583 2183 2607 2237 ?
2639 2184 2908 2239 Dominus
2946 2193 3140 2239 noster
3171 2186 3334 2241 Jcsus
3363 2184 3638 2251 Christus,
3668 2186 3765 2256 qui

2161 2272 2320 2329 dedit
2359 2275 2604 2346 seipsum
2646 2292 2747 2347 pro
2788 2276 3049 2332 omnibus
3080 2277 3318 2347 pretium
3344 2276 3765 2350 redemptionis,

2163 2373 2221 2421 et
2248 2382 2351 2422 nos
2381 2367 2610 2439 proprio
2631 2368 2899 2439 sanguine
2927 2367 3312 2423 sanctiﬁcavit.

464 2471 557 2510 ται
589 2457 715 2525 ὑμῖν
746 2457 827 2519 εἰς
857 2455 1080 2509 κόλασιν
1107 2455 1342 2519 ἀδικίας.
1380 2473 1401 2507 ι
1438 2454 1573 2508 Ποία
1599 2455 1777 2509 τοίνυν
1808 2454 1927 2509 ἐστὶ
1954 2455 2057 2525 τῆς
2094 2460 2371 2532 σωτηρίας
2401 2463 2433 2532 ἡ
2463 2462 2617 2525 ὁδόςς
2652 2462 2746 2525 Τίς
2774 2462 2804 2515 6
2830 2460 3196 2515 ἀπαλλάσσων
3255 2462 3383 2527 τοὺς
3446 2463 3768 2537 ἡμαρτηκό-

463 2564 561 2611 τας
593 2546 687 2600 τοῦ
727 2547 1053 2613 κολάζεσθαι
1075 2547 1219 2615 δεῖν;
1246 2547 1341 2612 Τίς
1365 2549 1394 2602 6
1419 2546 1784 2619 λυτρούμενος
1807 2548 1900 2601 καὶ
1929 2548 2228 2615 ἀνασώζων
2256 2554 2529 2619 εὐκόλωςς
2572 2554 2632 2608 '0
2696 2553 2901 2625 Κύριος
2950 2554 2983 2626 ή
2996 2551 3112 2625 μῶν
3152 2554 3361 2625 Ἰησοῦς
3423 2556 3451 2609 6
3505 2556 3766 2628 Χριστὸς,

465 2643 495 2695 6
523 2640 646 2705 δοὺς
680 2640 872 2695 ἑαυτὸν
904 2641 1226 2712 ἀντίλυτρον
1253 2639 1395 2711 ὑπὲρ
1425 2640 1664 2703 πάντων,
1694 2640 1789 2694 καὶ
1820 2640 2066 2709 ἁγιάζων
2104 2645 2252 2716 ἡμᾶς
2288 2646 2367 2717 τῷ
2403 2647 2518 2717 ἰδίῳ
2552 2647 2766 2718 αἵματι.

539 2732 606 2804 β’.
642 2732 904 2804 Ἀθρειδέ
928 2750 1021 2803 μοι
1040 2732 1204 2789 πάλιν
1225 2732 1302 2796 ὡς
1316 2734 1375 2786 ὲν
1396 2735 1578 2797 σκιαῖς
1599 2732 1681 2786 ἔτι
1696 2734 1808 2796 τοῖς
1832 2733 1891 2787 ἐν
1914 2732 2065 2805 νόμῳ

468 2826 913 2900 γεγραμμένοις,
961 2827 1024 2881 τὸ
1061 2829 1381 2900 μυστήριον.
1416 2828 1859 2900 Προσεκομίξετο
1897 2830 2008 2902 γὰρ
2034 2832 2065 2884 6

467 2921 666 2995 λεπρὸς
699 2921 805 2987 ἔξω
834 2921 1082 2991 γεγονότι
1115 2922 1212 2992 τῆς
1243 2921 1450 2993 πύλης,
1482 2921 1565 2993 τῷ
1605 2921 1752 2977 κατὰ
1779 2922 1941 2994 νόμον
1985 2924 2064 2977 ιε-

471 3014 775 3088 ρατεύοντι.
810 3015 1227 3079 Διανενευκότος
1258 3014 1317 3068 δὲ
1359 3014 1550 3087 ὥσπερ
1580 3014 1674 3068 ἐπὶ
1707 3013 1804 3068 τοῦ
1857 3013 2067 3079 πάθους

467 3106 533 3162 τὸ
556 3105 802 3178 ἄμεινον,
832 3106 930 3159 καὶ
958 3106 1042 3159 ὅτι
1079 3104 1349 3159 παύσεται
1384 3103 1592 3170 λοιπὸν,
1632 3106 1725 3158 καὶ
1765 3104 2063 3174 καταλήξει

469 3198 926 3270 ὑπεμφαίνοντος,
960 3196 1294 3268 ἐπληροῦντο
1322 3197 1392 3251 τά
1428 3198 1508 3260 είς
1534 3196 1894 3268 καθαρισμὸν,
1921 3197 2065 3251 κατά

469 3311 534 3364 γε
570 3292 634 3347 τὸ
664 3291 936 3366 νομοθέτῃ
962 3290 1175 3345 δοκοῦν.
1218 3309 1238 3342 ι
1300 3288 1583 3361 Ὀρνιθίων
1618 3289 1717 3361 μὲν
1746 3289 1858 3363 γὰρ
1889 3290 2063 3343 καθα-

474 3385 584 3459 ρῶν
615 3384 956 3455 ἐλαμϐάνετο
982 3382 1116 3447 δυάς
1136 3401 1148 3415 ⁸
1182 3382 1339 3448 ξύλον
1368 3382 1427 3435 δὲ
1452 3381 1696 3455 κέδρινον
1723 3384 1820 3437 καὶ
1852 3382 2064 3437 κεκλω-

473 3478 671 3549 σμένον
702 3477 978 3541 κόκκινον,
1012 3495 1032 3529 ι
1059 3476 1137 3537 ὡς
1161 3478 1220 3530 ἑν
1246 3475 1378 3529 εῖδει
1400 3475 1690 3546 σπαρτίου,
1717 3476 1812 3528 καὶ
1839 3475 1947 3547 μὴν
1971 3477 2068 3529 καὶ

471 3569 751 3635 ὕσσωπον,
787 3570 924 3633 πόας
961 3569 1017 3623 δὲ
1060 3563 1204 3634 εἶδος
1241 3568 1337 3622 καὶ
1366 3568 1546 3623 τοῦτο.
1577 3563 1715 3623 Εἶτα
1754 3568 1816 3621 τὸ
1862 3568 1960 3639 μὲν
2009 3567 2068 3621 ἓν

471 3664 583 3719 τῶν
613 3662 868 3736 ὀρνιθίων
883 3663 970 3733 ἐφ’
990 3661 1145 3717 ὕδατι
1169 3662 1566 3733 κατεσφάζετο,
1586 3661 1815 3733 θάτερόν
1840 3678 1904 3731 γε
1935 3662 2067 3734 μὴν,

472 3755 609 3827 ὁμοῦ
640 3756 752 3818 τοῖς
781 3754 987 3826 ἀρτίως
1017 3754 1151 3824 ἡμῖν
1181 3752 1529 3825 εἰρημένοις,
1568 3750 1865 3823 βαπτισθὲν
1892 3753 1952 3804 ὲν
1990 3750 2068 3822 τῷ

475 3848 628 3902 ὕδατι
653 3888 668 3911 ,
700 3847 794 3902 καὶ
827 3846 926 3919 μέν
965 3862 1048 3900 τοι
1080 3845 1179 3900 τοῦ
1207 3843 1505 3908 τεθνεῶτος
1531 3844 1725 3916 αἵματι
1746 3883 1760 3907 ,
1801 3842 2071 3908 πεπονθὸς

475 3940 650 4005 οὐδὲν,
687 3941 869 3994 ἀνεῖτο
898 3939 1108 3994 λοιπόν.
1141 3933 1276 3992 Εἶτα
1301 3937 1392 3992 τὸν
1420 3937 1821 4009 ὴρρωστηκότα
1851 3936 1952 4009 τὴν
1979 3935 2070 3988 λέ-

476 4055 645 4110 πραν,
678 4037 913 4101 ἑπτάκις
948 4035 1028 4107 τῷ
1068 4034 1222 4090 ὕδατι
1268 4032 1607 4106 ὲπιρῤαίνων
1639 4032 1667 4083 6
1716 4029 1929 4101 ἱερεὺς,
1962 4026 2071 4081 τῶν

473 4136 539 4188 ἐκ
572 4131 737 4204 νόμου
766 4127 1247 4202 κατηγορημάτων
1275 4124 1562 4196 ἐλεύθερον
1593 4121 1865 4175 ἀπετήὴι.
1896 4122 2073 4190 Προσ-

473 4222 708 4296 εξυρᾶτο
734 4221 793 4276 δὲ
820 4220 922 4290 τὴν
942 4218 1129 4291 τρίχα,
1155 4218 1249 4271 καὶ
1276 4214 1478 4269 είσέθει
1500 4212 1690 4267 λοιπὸν
1719 4209 2072 4280 ἀνεγκλήτως

473 4315 557 4378 είς
591 4313 691 4386 τὴν
722 4310 1100 4385 παρεμϐολὴν.
1138 4308 1234 4362 καὶ
1261 4308 1342 4369 είς
1369 4304 1462 4358 τὸν
1498 4302 1626 4356 ῐδιον
1655 4297 1826 4365 οἶκον,
1860 4299 2073 4371 ἡμέρας

472 4404 579 4473 ἔξω
614 4402 874 4477 μεμηνὼς
904 4401 1065 4456 ἑπτά.
1089 4402 1153 4454 Ol
1194 4399 1305 4470 γὰρ
1337 4396 1509 4451 πάλαι
1535 4395 1635 4466 τὴν
1664 4393 1762 4463 τῆς
1794 4390 2072 4463 ἁμαρτίας

2241 2738 2297 2795 2.
2332 2739 2440 2796 Sed
2476 2740 2569 2796 hic
2598 2740 2801 2796 iterum
2854 2740 2993 2795 mihi
3047 2741 3284 2796 observa
3340 2740 3397 2796 in
3446 2740 3516 2796 iis
3547 2757 3670 2814 qua:
3711 2743 3770 2799 in

2168 2830 2290 2901 lege
2328 2831 2532 2903 scripta
2557 2839 2707 2898 sunt,
2737 2832 2909 2887 veluti
2938 2832 2995 2887 in
3010 2832 3227 2888 umbris
3256 2831 3603 2903 mysterium.
3631 2833 3771 2891 Nam

2169 2925 2443 2982 sacerdoti
2462 2926 2842 2983 adducebatur
2867 2928 3121 2997 leprosus
3146 2926 3241 2997 qui
3264 2927 3570 2984 secundum
3593 2929 3772 3003 legem

2167 3025 2290 3073 erat
2338 3028 2494 3075 extra
2528 3027 2737 3091 portas,
2775 3020 2941 3091 idque
2983 3029 3099 3075 tum
3153 3020 3374 3090 quando
3406 3021 3636 3078 morbus
3670 3023 3772 3080 dc-

2168 3108 2410 3164 clinabat
2439 3110 2497 3166 in
2526 3110 2747 3176 melius,
2778 3118 2835 3165 et
2860 3110 3085 3182 jamjam
3117 3118 3455 3177 cessaturus,
3494 3110 3773 3184 ﬁnemque

2167 3201 2461 3259 habiturus
2491 3202 2784 3259 videbatur
2818 3218 2832 3256 :
2865 3210 3002 3267 tum,
3034 3201 3278 3274 inquam,
3336 3202 3776 3260 conficiebantur

2166 3312 2289 3367 qua:
2315 3296 2593 3352 faciebant
2616 3296 2685 3352 ad
2701 3295 3169 3367 purificationem,
3200 3303 3371 3367 prout
3402 3310 3433 3351 a
3460 3295 3773 3368 legislature

2168 3394 2374 3442 statuta
2413 3394 2593 3442 erant.
2635 3404 2655 3438 ι
2690 3385 3085 3457 Accipiebatur
3120 3384 3268 3441 enim
3296 3399 3399 3456 par
3437 3384 3776 3441 mundorum

2169 3494 2479 3551 passerum,
2528 3488 2585 3534 et
2612 3478 2821 3550 lignum
2853 3476 3166 3541 cedrinum,
3197 3476 3599 3547 coccinumqne
3637 3490 3776 3535 con-

2169 3570 2532 3640 glomeratum
2564 3569 2613 3601 ⁸⁰
2645 3588 2664 3622 ι
2695 3569 2753 3623 in
2775 3583 2986 3623 morem
3019 3567 3277 3634 funiculi,
3309 3582 3416 3623 nec
3440 3583 3553 3622 non
3578 3567 3775 3641 hysso-

2170 3677 2297 3731 pus,
2329 3676 2451 3731 qua:
2485 3668 2571 3717 est
2605 3676 2780 3733 genus
2814 3659 3025 3716 herbae.
3050 3659 3262 3715 Deinde
3289 3675 3435 3715 unus
3456 3676 3524 3715 ex
3554 3673 3776 3730 passer-

2172 3752 2315 3809 culis
2365 3752 2435 3808 ad
2465 3768 2663 3824 aquam
2690 3752 2872 3809 vivam
2924 3751 3296 3817 mactabatur,
3322 3758 3378 3807 et
3420 3751 3580 3817 alter,
3611 3750 3775 3806 sicuti

2172 3844 2338 3898 modo
2369 3859 2399 3898 a
2444 3842 2609 3899 nobis
2643 3843 2853 3899 dictum
2900 3849 3005 3908 est,
3039 3843 3247 3899 tinctus
3285 3843 3342 3897 in
3385 3856 3583 3912 aquam
3611 3849 3668 3897 et
3721 3841 3776 3895 in

2173 3936 2498 4009 sanguinem
2551 3936 2756 4002 occisi,
2821 3943 3016 4006 postea
3084 3934 3302 4006 integer
3367 3930 3774 3989 dimittebatur.

2174 4029 2384 4085 Deinde
2412 4029 2672 4084 sacerdos
2695 4040 2820 4083 cum
2856 4026 3065 4097 septies
3111 4040 3252 4096 aqua
3280 4025 3609 4096 aspersisset
3648 4040 3799 4081 eum'

2173 4117 2270 4187 qui
2291 4116 2646 4173 laboraverat
2678 4116 2854 4187 lepra,
2897 4132 2928 4171 a
2980 4115 3143 4186 legali
3187 4114 3605 4186 inquinamento
3634 4114 3781 4171 libe-

2176 4223 2299 4264 rum
2351 4208 2697 4265 declarabat.
2736 4208 3052 4264 Abradebat
3085 4215 3270 4263 autem
3308 4206 3472 4278 pilos,
3505 4214 3563 4261 et
3590 4205 3777 4277 ingre-

2174 4297 2433 4354 diebatur
2455 4298 2721 4369 deinceps
2742 4299 3021 4369 ineulpate
3054 4297 3110 4352 in
3131 4305 3329 4363 castra,
3376 4297 3622 4369 atquein
3652 4312 3803 4368 οπο-ς

2174 4389 2324 4461 prias
2354 4389 2523 4455 mdes,
2557 4403 2684 4444 cum
2715 4397 2898 4444 tamen
2934 4397 3095 4444 antea
3130 4402 3229 4458 per
3259 4397 3467 4459 septem
3499 4388 3620 4443 dies
3641 4388 3779 4445 foris

472 4475 865 4568 περιφέροντες
902 4494 1193 4566 νέκρωσιν,
1238 4491 1334 4545 καὶ
1362 4488 1635 4545 πολυειδεῖ
1663 4485 1853 4540 παθῶν
1883 4484 2065 4556 ἀγριό-

2175 4477 2489 4532 mansisset.
2520 4477 2656 4532 Nam
2686 4492 2791 4532 nos
2834 4476 2967 4531 olim
3001 4475 3209 4546 peccati
3251 4475 3807 4531 circumferebamus

469 4604 596 4657 τητι
617 4585 1108 4655 κατεσπιλωμὲνοι,
1136 4583 1233 4636 καὶ
1256 4581 1464 4652 λέπραν
1493 4577 1684 4651 ὥσπερ
1715 4574 2075 4648 ὴρρωστηκό-

468 4697 566 4746 τες
590 4679 692 4752 τὴν
716 4679 938 4750 νοητήν*
973 4676 1224 4747 πεπλανή
1235 4673 1374 4744 μεθα
1398 4672 1509 4743 γὰρ
1540 4674 1608 4743 τῇ
1634 4669 1811 4723 κτίσει
1839 4667 2072 4739 λατρεύ-

472 4788 705 4835 σαντες,
745 4767 1272 4843 προσκεκομίσμεθα
1313 4765 1394 4836 τῷ
1420 4763 1541 4835 Θεῷ
1581 4764 1719 4834 ἱερεῖ
1746 4760 1827 4832 τῷ
1853 4760 2073 4832 μεγάλῳ

471 4864 566 4918 καὶ
596 4862 731 4934 ὁσίῳ
768 4860 863 4916 καὶ
883 4860 1098 4929 ἀκάκῳ,
1130 4856 1272 4909 κατά
1305 4855 1406 4927 τὴν
1428 4853 1522 4908 τοῦ
1552 4853 1826 4924 μακαρίου
1852 4850 2070 4905 Παύλου

473 4955 679 5027 φωνήν.
719 4948 1252 5025 Προσκεκομίσμεθα
1281 4948 1338 5001 δὲ
1369 4947 1523 5019 παρά
1550 4944 1646 5000 τοῦ
1666 4945 1801 4999 Θεοῦ
1834 4945 1929 4997 καὶ
1958 4944 2070 4997 Πα-

471 5041 615 5113 τρός.
657 5044 803 5114 Ἔφη
836 5041 947 5114 γάρ
970 5057 1075 5095 που
1108 5037 1344 5111 Χριστὸς
1368 5039 1481 5100 τοῖς
1523 5034 1802 5099 Ἰουδαίοις
1828 5034 2069 5106 προσλαο

472 5132 600 5187 λῶν·
632 5153 654 5188 ι
680 5133 777 5205 Μὴ
807 5130 1146 5202 γογγύζεσθε
1178 5131 1297 5184 κατ’
1322 5128 1589 5198 ἀλλήλων.
1619 5128 1810 5193 Οὐδεὶς
1843 5128 2067 5182 δύναται

466 5223 644 5280 ἐλθεῖν
674 5208 814 5299 πρὸς
846 5226 937 5297 μὲ,
964 5224 1061 5280 εάν
1085 5222 1164 5295 μὴ
1190 5223 1220 5276 ὁ
1251 5221 1440 5291 Πατὴρ
1459 5222 1488 5274 6
1513 5218 1738 5291 πέμψας
1765 5236 1831 5289 με
1859 5220 2064 5293 ἑλκύσῃ

467 5318 661 5383 αὐτόνΩ
684 5337 725 5381 η»
765 5317 1138 5391 Προσκομίζει
1166 5316 1278 5387 γὰρ
1320 5316 1349 5368 6
1381 5313 1517 5377 Θεὸς
1561 5314 1658 5367 καὶ
1699 5312 1888 5385 Πατὴρ
1936 5314 2064 5377 τοὺς

465 5411 903 5484 ἡρρωπηκότας
930 5411 1007 5476 ὡς
1042 5409 1151 5481 ἰδίᾳ
1176 5407 1404 5479 δυνάμει
1429 5405 1508 5477 τῷ
1545 5404 1681 5476 Υίῷ.
1713 5405 2065 5478 Παραγέγονε

466 5503 582 5574 γὰρ
601 5501 787 5558 ἰᾶσθαι
805 5505 933 5568 τοὺς
950 5501 1448 5572 συντετριμμένους
1465 5499 1562 5572 τὴν
1582 5497 1834 5571 καρδίαν,
1855 5497 2066 5565 ἀνοῖξαι

465 5594 801 5667 ὀφθαλμοὺς.
826 5595 1067 5667 τυφλῶν.
1137 5594 1263 5648 ‘an
1307 5592 1494 5649 λοιπὸν
1536 5593 1599 5647 τὸ
1635 5591 1832 5648 ἀναλκί
1875 5607 1934 5645 τε
1971 5592 2068 5645 καὶ

2176 4569 2591 4634 mortalitatem,
2620 4576 2786 4639 atque
2811 4567 3138 4623 multiformi
3167 4567 3487 4623 morborum
3521 4568 3778 4621 vastitate

2175 4683 2398 4723 eramus
2423 4665 2800 4730 contaminati,
2844 4679 2908 4719 ac
2936 4664 3107 4719 veluti
3136 4663 3369 4734 spiritali
3390 4662 3781 4717 laborabamus

2176 4761 2328 4831 lepra
2368 4778 2382 4813 :
2429 4758 2740 4814 erravimus
2770 4757 2918 4812 enim
2954 4756 3164 4812 cultum
3206 4754 3478 4811 creaturis
3507 4753 3777 4809 exhiben-

2179 4862 2293 4918 tes;
2328 4852 2424 4907 sed
2448 4867 2598 4906 nunc
2621 4849 2846 4906 adducti
2875 4863 3068 4905 sumus
3097 4846 3165 4903 ad
3192 4846 3496 4912 Christum,
3518 4860 3774 4916 magnum

2179 4945 2334 5001 illum
2374 4944 2719 5001 sacerdotem
2777 4952 2834 4998 et
2883 4950 3131 4998 sanctum
3181 4950 3349 5011 atque
3398 4939 3772 5001 innocentem,

2172 5039 2327 5109 juxta
2358 5051 2548 5093 vocem
2590 5037 2736 5091 beati
2784 5036 2938 5091 Pauli
2979 5037 3047 5090 ".
3080 5033 3318 5089 Adducti
3363 5047 3494 5087 vero
3530 5045 3777 5086 sumusa

2176 5130 2289 5185 Deo
2311 5137 2370 5185 et
2391 5130 2576 5185 Patre.
2603 5128 2859 5184 Christus
2887 5128 3036 5183 enim
3066 5125 3198 5181 alibi
3220 5124 3442 5181 Judaaos
3462 5123 3770 5193 alloquens.

2173 5223 2287 5277 ait:
2328 5241 2345 5273 ι
2383 5223 2565 5278 Nolite
2599 5223 2655 5276 in
2685 5221 2921 5277 invicem
2972 5233 3346 5275 murmurare.
3395 5216 3570 5273 Nemo
3591 5223 3776 5286 potest
3810 5240 3817 5245 -

2171 5313 2364 5368 venire
2418 5313 2487 5367 ad
2532 5327 2642 5376 me,
2690 5312 2797 5368 nisi
2839 5312 3021 5377 Pater,
3062 5310 3156 5381 qui
3202 5309 3356 5364 misit
3391 5324 3500 5371 me,
3542 5307 3775 5363 traxerit

2171 5420 2301 5462 eum
2333 5406 2399 5457 ".
2433 5423 2453 5456 ι
2490 5404 2629 5459 Nam
2658 5405 2806 5459 Deus
2831 5410 2887 5458 et
2915 5403 3078 5459 Pater
3116 5401 3341 5459 adducit
3385 5400 3634 5456 inﬁmos
3674 5415 3775 5470 per

2174 5510 2335 5553 suum
2366 5494 2566 5551 Filium
2598 5492 2858 5566 tanquam
2892 5495 3171 5565 propriam
3208 5493 3535 5565 potentiam.
3558 5490 3774 5560 Quippe
3820 5512 3827 5519 α

2175 5589 2271 5660 qui
2312 5587 2531 5645 venerit
2581 5587 2649 5643 ad
2676 5587 2952 5644 sanandos
2998 5588 3266 5644 contritas
3300 5584 3489 5651 corde,
3518 5582 3688 5655 356
3717 5585 3776 5634 et
3814 5604 3819 5611 -

541 5713 588 5745 “
617 5712 821 5776 Ephes.
854 5727 930 5776 vt,
964 5710 1021 5764 ll
1069 5734 1074 5740 -
1128 5710 1171 5740 "
1196 5708 1313 5764 Joel
1379 5725 1435 5775 Il,
1468 5708 1554 5763 l3.
1633 5708 1679 5740 “
1706 5708 1910 5764 Jercm.
1946 5723 2025 5775 Ill,
2057 5707 2065 5760 ε

2225 5706 2269 5738 δ’
2304 5704 2503 5762 Ezech.
2545 5720 2734 5771 xxxiii,
2768 5702 2855 5757 Η.
2935 5705 2981 5736 ⁸ο
3018 5702 3194 5759 Levit.
3234 5716 3353 5769 xrv,
3384 5699 3438 5754 4.
3516 5698 3559 5731 ³¹
3597 5696 3769 5755 llebr.

466 5799 580 5852 vu,
614 5780 705 5841 26.
787 5782 832 5815 “
866 5783 1029 5844 Joan,
1071 5796 1143 5847 iv,
1178 5780 1274 5835 l8.
