4120 6452
398 296 503 351 539

1435 292 1492 348 S.
1530 289 1806 346 CYPJLLI
1840 290 2312 348 ALEXANDRINI
2349 291 2668 349 ARCHIEP.

3550 301 3652 356 880

397 409 587 467 oculos
618 421 887 467 caecorum
910 404 1255 477 aperiendus,
1288 414 1350 459 ut
1386 404 1661 459 inﬁmum
1680 412 1846 473 atque
1875 403 1971 458 im-

2075 407 2304 479 ἀδρανὲς
2351 408 2430 471 εἷς
2464 424 2529 476 γε
2560 409 2623 460 τὸ
2663 406 2861 478 χρῆναι
2902 406 3144 480 πληροῦν
3174 408 3241 464 τὰ
3283 410 3402 483 Θεῷ
3431 412 3652 490 θυμήρη

396 503 592 559 becillc
614 501 950 565 abdicantes,
971 498 1201 570 posthac
1219 506 1544 568 prmstcmus
1563 512 1685 567 quae
1699 497 1813 552 Deo
1824 505 1976 567 grata

398 602 548 660 sunt,
577 593 986 660 habeamusque
1025 604 1119 645 cor
1156 603 1352 644 amans
1386 602 1640 658 operum;
1663 595 1718 644 et
1742 587 1976 644 actioni-

399 684 505 738 bus
528 682 792 738 virtutum
838 677 1179 733 tenacissime
1202 675 1365 744 aﬂixi,
1402 677 1651 748 gloriosa:
1688 688 1854 748 atque
1876 678 1976 734 ad-

400 773 639 831 mirabili
656 773 781 826 vitae
804 786 1028 841 operam
1060 769 1276 835 demus,
1292 778 1761 841 agnoscentesqne
1783 786 1977 827 verum

399 881 462 920 ac
491 871 682 934 suapte
711 868 908 915 natura
962 858 1320 914 exsisrentem
1361 858 1678 925 Dominum,
1729 859 1808 914 sic
1849 875 1976 917 cum

400 956 682 1011 Psalmista
697 953 975 1009 dicamus:
1002 971 1018 1002 ι
1029 951 1288 1028 Benedic,
1312 951 1492 1007 anima
1506 966 1623 1008 mea
1635 952 1975 1019 ,Dominum,

399 1049 493 1118 qui
518 1047 848 1119 propitiatur
889 1043 1147 1099 omnibus
1185 1042 1571 1113 iniquitatibus
1594 1044 1722 1109 tuis,
1762 1044 1857 1115 qui
1887 1060 1976 1099 sa-

400 1149 494 1195 nat
514 1154 707 1196 omnes
734 1137 1082 1193 inﬁrmitates
1106 1143 1247 1201 tuas,
1273 1135 1369 1206 qui
1399 1135 1623 1190 redimit
1649 1134 1718 1189 de
1749 1134 1977 1189 interitu

399 1234 566 1289 vitam
592 1241 763 1295 tuam,
791 1229 885 1300 qui
914 1237 1141 1285 coronat
1171 1236 1224 1283 te
1245 1227 1301 1282 in
1332 1227 1705 1283 misericordia
1732 1234 1788 1282 et
1810 1227 1978 1282 mise-

401 1323 709 1380 rationibus
732 1322 796 1375 ⁵³.
830 1340 849 1373 ι
883 1319 1126 1377 Observa
1159 1327 1340 1374 autem
1373 1318 1649 1388 quomodo
1670 1318 1820 1388 lepra
1842 1317 1976 1373 affe-

402 1426 524 1472 ctus
559 1412 882 1470 ostendatur
908 1411 1182 1467 sacerdoti
1229 1419 1383 1466 extra
1430 1417 1644 1480 portam
1671 1409 1974 1475 exsistenti,

394 1516 455 1564 et
484 1505 800 1578 longissime
834 1519 865 1559 a
888 1502 1102 1558 castris.
1135 1500 1416 1571 Siquidem
1458 1501 1527 1555 ad
1566 1514 1667 1555 nos
1697 1499 1853 1571 quasi
1879 1516 1976 1556 ex—

399 1600 587 1669 pulsos
631 1605 794 1667 atque
840 1602 996 1650 extra
1046 1602 1288 1649 sanctam
1338 1592 1616 1647 civitatem
1666 1600 1975 1655 manentes,

2078 499 2526 567 παραιτούμενοι,
2556 496 2987 569 φιλεργεστάτην
3025 497 3236 569 ἔχωμεν
3262 501 3364 572 τὴν
3402 504 3650 575 καρδίαν,

2076 587 2307 640 καὶτῶν
2339 589 2439 658 τῆς
2473 588 2775 653 ἐπιεικείας
2817 587 2993 660 ἔργων
3035 590 3204 661 ἀπρὶξ
3243 592 3515 662 ἡμμένοι,
3551 598 3655 667 τὴν

2077 678 2277 733 εὐκλεᾶ
2296 679 2390 733 καὶ
2423 678 2857 751 ἀξιοθαῦμαστον
2882 680 3327 754 ἐπιτηδεύσωμεν
3357 685 3652 750 πολιτείαν,

2076 773 2167 827 τὸν
2205 773 2365 841 φύσει
2402 790 2461 826 τε
2494 773 2588 827 καὶ
2614 771 2833 844 ἀληθῶς
2870 775 3146 846 Δεσπότην
3178 776 3649 844 ἐπιγινώσκοντες,

2076 863 2223 917 οὕτω
2275 865 2541 934 λέγωμεν,
2588 865 2730 918 κατά
2774 864 2874 937 τὴν
2926 866 3021 919 τοῦ
3072 867 3382 933 Ψάλλοντος
3436 871 3652 940 φωνήν·

2084 974 2101 1006 ι
2135 955 2377 1024 Εὐλόγει,
2404 958 2437 1026 ὴ
2472 955 2615 1027 ψυχή
2644 973 2743 1027 μου
2773 957 2865 1010 τὸν
2892 957 3115 1030 Κύριον,
3157 958 3247 1011 τὸν
3277 959 3655 1016 εὺιλατεύοντα

2079 1046 2276 1108 πάσαις
2301 1047 2421 1108 ταῖς
2446 1046 2698 1116 ἀνομίαις
2722 1064 2814 1100 σου
2834 1088 2848 1113 ,
2882 1048 2975 1102 τὸν
3003 1047 3231 1119 ἰώμενον
3254 1051 3434 1114 πάσας
3465 1052 3657 1117 νόσους

2081 1153 2197 1201 σου,
2231 1137 2322 1191 τὸν
2358 1138 2720 1209 λυτρούμενον
2760 1141 2826 1192 ὲκ
2862 1139 3067 1210 φθορᾶς
3105 1141 3205 1211 τὴν
3235 1142 3383 1213 ζωήν
3413 1160 3530 1207 σου,
3561 1145 3657 1199 τὸν

2080 1229 2447 1299 στεφανοῦντά
2475 1247 2533 1283 σε
2568 1232 2625 1284 ἐν
2657 1230 2798 1284 ἐλέει
2828 1232 2924 1285 καὶ
2955 1234 3277 1304 οίκτιρμοϊς.
3311 1255 3329 1288 ι
3376 1236 3656 1309 Ἐπιτήρει

2078 1318 2135 1375 δὲ
2162 1322 2310 1384 ὅπως
2341 1320 2446 1386 ἔξω
2483 1322 2725 1391 γεγονότι
2754 1325 2854 1393 τῆς
2883 1323 3059 1394 πύλης
3088 1324 3165 1396 τῷ
3205 1326 3360 1397 ίερεῖ,
3390 1328 3483 1383 καὶ
3515 1330 3653 1382 ἀπο-
3710 1394 3722 1407 _

2077 1414 2224 1470 τάτω
2242 1415 2340 1486 τῆς
2369 1415 2741 1486 παρεμϐολῆς,
2770 1417 2799 1469 6
2819 1416 2917 1486 τὴν
2940 1416 3150 1488 λέπραν
3176 1418 3459 1484 πεπονθὼς
3484 1422 3657 1475 εἰσκο-

2082 1506 2318 1577 μίζεται.
2365 1506 2808 1578 Ἑξερῤιμμένοις
2847 1508 2958 1578 γὰρ
2990 1507 3181 1578 ὥσπερ
3213 1510 3369 1579 ἡμῖν,
3416 1514 3514 1565 καὶ
3556 1513 3656 1566 πόα

2078 1597 2214 1662 λεως
2238 1601 2337 1670 τῆς
2367 1600 2526 1667 ἀγίας
2554 1598 2648 1652 καὶ
2672 1600 2824 1669 ἱερᾶς
2842 1599 2960 1673 ,ἔξω
2991 1617 3094 1654 που
3122 1605 3478 1672 μεμενηκόσι,
3511 1604 3655 1675 φημὶ

396 1688 719 1752 Ecclesiam,
737 1687 982 1755 inquam,
996 1683 1114 1748 Dei,
1139 1681 1555 1738 similitudinem
1572 1682 1744 1736 nostri
1769 1681 1971 1737 habens

2078 1690 2135 1745 δὲ
2166 1691 2264 1761 τῆς
2309 1690 2636 1762 Ἐκκλησεας
2674 1690 2769 1744 τοῦ
2805 1689 2972 1754 Θεοῦ,
3018 1691 3119 1762 τὴν
3164 1690 3289 1747 καθ’
3326 1694 3473 1762 ἡμᾶς
3517 1694 3655 1765 ἔχων

392 1779 627 1835 accessit
675 1776 947 1841 Christus,
990 1789 1227 1846 cumque
1262 1775 1559 1838 visitasset,
1600 1772 1836 1829 mundos
1878 1788 1971 1843 per

2079 1755 2337 1854 ὁμοίωσιν
2363 1755 2721 1853 ὲπεφόίτησεν
2742 1783 2771 1834 6
2790 1782 3044 1853 Χριστός.
3073 1755 3649 1854 ’Ἐπισκεψάμενοςδῂ

397 1876 648 1923 sanetum
693 1866 1051 1936 baptismum,
1078 1873 1134 1919 et
1180 1879 1279 1936 per
1309 1878 1511 1935 corpus
1558 1878 1717 1918 suum
1770 1863 1973 1919 eﬂ‘ecit.

395 1956 713 2011 lmmolatus
738 1961 822 2011 est
866 1969 966 2025 pro
995 1953 1174 2020 nobis,
1205 1952 1504 2023 salutisque
1548 1951 1853 2008 remedium
1884 1967 1977 2009 os-

388 2060 603 2114 tensus,
635 2064 701 2103 eo
715 2047 863 2119 quod
894 2047 1007 2117 ipse
1028 2053 1259 2102 mortem
1284 2044 1340 2099 in
1368 2044 1518 2116 ligno
1547 2060 1648 2115 pro
1670 2044 1831 2099 nobis
1859 2058 1980 2099 sus-

382 2145 579 2199 tinuit.
614 2143 673 2196 ld
702 2140 849 2196 enim
879 2148 964 2194 est
1003 2139 1148 2209 quod
1176 2137 1231 2191 in
1259 2135 1428 2192 sacris
1473 2135 1698 2191 Litteris
1728 2134 1979 2206 praeﬁgu-

379 2244 568 2293 ‘-ratur.
600 2255 618 2288 ι
640 2234 772 2289 Nam
797 2233 918 2287 dua:
935 2231 1159 2287 aviculae
1175 2228 1394 2285 mundae
1420 2248 1439 2281 ι
1462 2229 1829 2299 accipiuntur,
1856 2244 1978 2299 qua

392 2341 556 2403 typus
600 2336 757 2384 erant
802 2325 1007 2382 Christi
1056 2324 1281 2395 superni
1330 2332 1495 2393 atque
1540 2322 1798 2381 ccelcstis.
1838 2320 1979 2389 Quia

375 2423 513 2479 avis
541 2422 648 2477 alte
691 2421 855 2474 volat.
906 2416 1199 2473 Descendit
1220 2423 1403 2471 autem
1431 2415 1497 2470 ad
1534 2430 1636 2470 nos
1662 2430 1693 2470 e
1722 2412 1978 2484 supernis

394 2519 451 2565 et
478 2524 509 2567 e
534 2509 687 2565 caelis
710 2506 1051 2562 Emmanuel.
1079 2505 1158 2560 ita
1177 2504 1325 2560 enim
1354 2504 1431 2559 ait
1459 2522 1470 2557 :
1508 2523 1526 2556 ι
1569 2503 1764 2558 Nullus
1789 2518 1977 2557 ascen-

388 2603 475 2656 dit
501 2602 556 2656 in
582 2602 782 2656 cmlum
813 2598 920 2654 nisi
946 2598 1039 2668 qui
1071 2596 1445 2652 descenditde
1476 2596 1637 2661 ccelo,
1668 2594 1841 2651 Filius
1871 2594 1973 2649 ho-

382 2693 558 2747 minis
582 2693 647 2746 “.
687 2711 707 2743 ι
743 2690 947 2746 Scribit
988 2697 1175 2744 autem
1224 2689 1371 2745 idem
1421 2687 1642 2743 divinus
1687 2686 1926 2742 Joannes
1958 2703 1972 2740 :

388 2805 416 2835 4
448 2784 552 2852 Qui
583 2798 614 2839 e
646 2782 896 2854 supernis
921 2780 1095 2847 venit,
1131 2795 1297 2851 super
1316 2780 1502 2836 omnia
1526 2788 1610 2835 est
1637 2779 1706 2834 ⁸⁸.
1744 2798 1763 2831 ι
1804 2779 1977 2836 Porro

384 2891 519 2931 aves
571 2882 701 2929 sunt
727 2872 963 2928 mundte.
996 2873 1132 2927 Vere
1174 2871 1320 2927 enim
1356 2871 1597 2926 mundus
1620 2877 1784 2926 estet
1814 2871 1973 2926 inno-

390 2980 520 3021 cens
543 2966 826 3031 Dominus,
860 2970 1049 3034 utpote
1084 2963 1178 3033 qui
1204 2964 1414 3018 nesciat
1440 2970 1747 3033 peccatum.
1782 2963 1974 3034 Neque

379 3073 520 3113 ένοτο
564 3058 670 3112 hoc
720 3056 957 3111 dicimus
984 3063 1045 3110 ut
1093 3055 1233 3110 duos
1276 3054 1647 3126 intelligamus
1702 3054 1970 3121 Christos,
1998 3086 2042 3147 ρ

387 3151 490 3206 etsi
522 3150 632 3206 duo
660 3149 867 3205 fuerint
894 3147 1212 3219 passerculi.
1245 3147 1578 3203 Prudentem
1604 3156 1789 3204 autem
1809 3147 1974 3204 nobis

383 3249 442 3298 et
462 3241 823 3297 necessariam
856 3239 972 3294 haec
1008 3236 1184 3293 oratio
1228 3237 1531 3293 introducit
1566 3237 1969 3293 consideratio-

372 3348 535 3387 .nem.
573 3329 899 3401 Unigenitus
953 3328 1103 3382 enim
1151 3342 1276 3382 cum
1324 3335 1518 3397 suapte
1576 3337 1773 3383 natura
1825 3329 1972 3383 Deus

386 3433 552 3491 esset,
610 3421 846 3494 gestavit
871 3435 1093 3475 carnem
1119 3434 1188 3474 ex
1214 3418 1375 3474 beata
1415 3418 1586 3474 Maria
1610 3419 1855 3490 Virgine,
1906 3434 1973 3474 ac

385 3512 792 3589 quodammodo
848 3527 881 3567 e
933 3511 1153 3567 duobus
1190 3510 1526 3581 compositus
1562 3520 1668 3576 est,
1703 3511 1968 3566 nimirum

326 3664 334 3673 ,
370 3625 452 3664 ex
488 3616 688 3663 natura
724 3619 981 3674 suprema
1022 3613 1079 3659 et
1104 3603 1467 3670 humanitate,
1517 3603 1869 3660 ineﬂ‘abiliter
1912 3612 1970 3660 et

373 3716 550 3772 supra
573 3706 822 3754 nostrum
852 3704 1092 3767 captum.
1133 3697 1335 3751 Verum
1362 3697 1628 3751 Dominus
1661 3706 1849 3751 noster
1874 3697 1967 3753 Je-

381 3806 476 3848 sus
505 3790 759 3846 Christus
783 3796 867 3843 cst
890 3803 1281 3859 unapersona.
1314 3787 1456 3859 Ergo
1487 3786 1792 3857 Scriptura,
1827 3788 1970 3842 hanc

380 3890 706 3938 naturarum
723 3879 985 3934 unionem
1002 3877 1378 3945 considerans,
1403 3878 1540 3933 duas
1556 3876 1611 3931 in
1632 3876 1967 3932 sacriﬁcium

378 3972 637 4031 adhibuit
666 3971 927 4026 aviculas.
954 3969 1299 4042 Quapropter
1324 3969 1409 4025 lex
1449 3985 1575 4024 cum
1611 3968 1965 4024 multifariam

378 4064 651 4137 signiticet
679 4063 885 4120 Christi
910 4063 1254 4136 mysterium,
1279 4062 1661 4133 accipiendum
1693 4062 1771 4118 ait
1800 4062 1967 4118 etiam

385 4178 403 4210 ι
448 4156 738 4213 cedrinum
777 4155 1022 4228 lignum;
1061 4174 1079 4208 ι
1118 4154 1267 4227 quod
1297 4154 1444 4211 idem
1472 4168 1604 4210 sane
1641 4162 1803 4226 typus
1844 4168 1968 4210 esse

372 4255 555 4321 potest
590 4254 795 4304 sanctae
815 4246 988 4318 ipsius
1010 4246 1214 4312 carnis,
1235 4245 1397 4317 357
1415 4261 1536 4317 quae
1563 4261 1677 4301 non
1703 4246 1968 4302 sustinuit

374 4343 809 4414 corruptionem.
841 4340 960 4397 Hoc
976 4339 1126 4396 enim
1145 4338 1355 4409 lignum
1370 4339 1651 4409 putredini
1661 4339 1966 4396 obnoxium

2079 1873 2327 1943 ἀπέφηνε
2350 1871 2622 1942 καθαροὺς
2645 1872 2733 1926 διὰ
2757 1872 2850 1927 τοῦ
2875 1874 3029 1941 ἁγίου
3060 1872 3435 1945 βαπτίσματός
3464 1893 3523 1930 τε
3559 1879 3655 1932 καὶ

2076 1962 2172 2016 τοῦ
2225 1961 2475 2033 σώματος
2520 1961 2705 2017 αὐτοῦ.
2752 1963 2983 2018 Τέθυται
3030 1965 3138 2037 γὰρ
3180 1966 3322 2038 ὑπὲρ
3348 1966 3526 2038 ήμῶν,
3561 1972 3654 2023 καὶ

2080 2056 2345 2126 σωτήριον
2377 2056 2510 2124 ἡμῖν
2558 2053 2841 2125 ἀνεδείχθη
2880 2055 3190 2127 φάρμακον,
3242 2057 3305 2110 τὺ
3347 2058 3444 2112 καὶ
3493 2060 3654 2113 αὐτὸν

2078 2145 2221 2217 ὑπὲρ
2250 2146 2409 2218 ἡμῶν
2430 2146 2760 2217 ἀνασχέσθαι
2782 2145 2973 2200 παθεῖν
2996 2147 3087 2200 τὸν
3108 2148 3202 2201 ἐπὶ
3220 2147 3377 2215 ξύλου
3403 2149 3650 2204 θάνατον.

2078 2234 2241 2290 Τουτὶ
2271 2236 2379 2305 γὰρ
2408 2237 2541 2306 ἡμῖν
2576 2238 2635 2289 ὲν
2663 2237 2776 2301 τοῖς
2815 2237 2982 2309 ἱεροῖς
3010 2240 3434 2309 ἐσκιαγραφεῖτο
3462 2241 3651 2313 Γράμ-

2082 2344 2263 2398 μασιν.
2306 2346 2325 2378 ι
2355 2326 2459 2381 Δύο
2485 2326 2594 2398 γὰρ
2622 2327 2833 2398 ὀρνίθια
2857 2328 3071 2399 καθαρὰ
3103 2348 3122 2381 ι
3154 2329 3516 2400 λαμϐάνεται.
3550 2333 3655 2386 Τύ-

2077 2435 2179 2483 πος
2209 2418 2266 2473 δὲ
2292 2414 2359 2489 ἦν
2386 2418 2494 2490 ἄρα
2525 2419 2621 2473 καὶ
2647 2418 2809 2473 τοῦτο
2833 2419 3069 2490 Χριστοῦ
3106 2419 3201 2473 τοῦ
3229 2420 3435 2475 ἀνωθεν
3472 2423 3565 2475 καὶ
3594 2421 3657 2489 ἐξ

2076 2508 2328 2581 οὐρανοῦ.
2380 2510 2698 2581 Ἀεροπετὲς
2744 2509 2853 2583 γὰρ
2894 2513 2954 2565 τὸ
2987 2511 3241 2582 ὀρνίθιον.
3292 2513 3653 2584 Καταϐ-ἐσηκε

2075 2603 2132 2658 δὲ
2160 2604 2298 2675 πρὸς
2334 2605 2482 2675 ἡμᾶς
2515 2603 2720 2657 ἄνωθέν
2760 2621 2818 2656 τε
2848 2604 2940 2656 καὶ
2980 2603 3040 2669 ἐξ
3084 2605 3328 2676 οὐρανῶν
3367 2607 3395 2659 6
3439 2606 3654 2676 Ἐμμαο

2077 2695 2261 2767 νουήλ.
2313 2695 2468 2749 υῦτω
2499 2695 2609 2766 γάρ
2653 2695 2754 2748 πού
2804 2712 2987 2767 φησιν’
3034 2714 3054 2748 ι
3094 2697 3286 2760 Οὐδεὶς
3318 2698 3652 2770 ἀναϐέϐηκεν

2075 2788 2156 2851 εἰς
2188 2787 2279 2841 τὸν
2311 2787 2556 2857 οὐρανὸν,
2588 2788 2638 2840 εἰ
2671 2787 2747 2858 μὴ
2778 2788 2807 2841 6
2838 2789 2902 2840 ὲκ
2939 2786 3028 2841 τοῦ
3059 2788 3292 2857 οὐρανοῦ
3324 2791 3588 2854 καταόάς,
3622 2793 3653 2844 ὀ

2076 2877 2204 2941 Υἱὸς
2233 2876 2326 2930 τοῦ
2373 2877 2532 2932 Θεοῦ.
2569 2896 2590 2930 ι
2628 2877 2834 2950 Γράφει
2875 2879 2932 2932 δὲ
2966 2879 3060 2933 καὶ
3091 2880 3120 2931 6
3157 2880 3319 2948 σοφὸς
3363 2881 3649 2953 Ἰωάννης·

2083 2988 2102 3022 ι
2149 2970 2208 3023 '0
2244 2968 2452 3023 ἀνωθεν
2484 2970 2777 3041 ἐρχόμενος
2810 2971 2995 3024 ἐπάνω
3025 2971 3244 3025 πάντων
3284 2972 3423 3028 ἐστί.
3467 2992 3485 3024 ι
3533 2976 3653 3028 Κα-

2077 3060 2219 3133 θαρά
2244 3060 2302 3114 δὲ
2331 3060 2398 3114 τὰ
2442 3061 2674 3133 ὀρνίθια.
2708 3062 2817 3117 Καὶ
2846 3063 2955 3134 γάρ
2990 3064 3136 3117 ἔστιν
3167 3065 3384 3137 ἀληθῶς
3415 3067 3654 3138 καθαρὸς

2075 3153 2171 3207 καὶ
2211 3151 2475 3223 ἀϐέϐηλος
2512 3153 2541 3205 6
2574 3153 2815 3222 Κύριος,
2848 3155 2949 3207 οὐκ
2994 3155 3150 3219 εἰδὼς
3196 3157 3492 3228 ἁμαρτίαν.
3544 3161 3655 3214 Καὶ

2071 3243 2187 3298 οὔτι
2216 3244 2319 3296 πού
2344 3260 2547 3314 φαμεν,
2565 3244 2641 3308 ὡς
2668 3244 2761 3299 δύο
2789 3244 3018 3316 νοοῦμεν
3043 3248 3334 3317 Χριστοὺς,
3360 3249 3464 3302 κᾶν
3487 3251 3535 3304 εί
3559 3252 3655 3305 δύο

2070 3332 2312 3401 λέγοιντο
2359 3332 2586 3405 ὀρνίθια.
2635 3333 2812 3405 Σοιρὴν
2855 3335 2914 3388 δὲ
2961 3337 3056 3388 καὶ
3089 3338 3391 3406 ἀναγκαίαν
3432 3343 3460 3393 δ
3496 3340 3656 3408 λόγος

2068 3428 2201 3498 ἡμῖν
2234 3426 2533 3496 εἰσκομίζει
2562 3426 2662 3496 τὴν
2685 3426 2935 3499 θεωρίαν.
2966 3427 3099 3493 Θεὸς
3132 3429 3240 3500 γὰρ
3265 3429 3342 3484 ὣν
3376 3432 3517 3487 κατὰ
3546 3434 3651 3501 φύ.

2071 3533 2155 3571 σιν
2185 3519 2213 3570 6
2246 3516 2578 3588 Μονογενὴς,
2617 3516 2714 3588 τὴν
2740 3518 2841 3588 τῆς
2867 3518 3028 3588 ἁγίας
3056 3519 3335 3592 Παρθένου
3367 3526 3653 3598 πεφόρηκι

2070 3606 2272 3677 σάρκα,
2317 3606 2412 3659 καὶ
2441 3604 2744 3660 συντίθεται
2780 3607 2879 3678 μὲν
2917 3607 3106 3680 ὥσπερ
3142 3611 3209 3664 ὲκ
3234 3612 3401 3677 δυοῖν,
3434 3614 3653 3683 φύσεως

2067 3697 2212 3766 λέγω
2255 3698 2353 3769 τῆς
2402 3699 2665 3752 ἀνωτάτω
2714 3700 2810 3753 καὶ
2863 3699 3286 3775 ἀνθρωπότητος
3323 3706 3652 3779 ἀπορρήτως

2068 3789 2164 3842 καὶ
2202 3788 2339 3859 ὑπὲρ
2375 3788 2519 3844 νοῦν.
2567 3788 2714 3861 Πλὴν
2762 3785 2843 3854 εἷς
2885 3791 3088 3864 Κύριος
3142 3793 3345 3865 Ἰησοῦς
3391 3798 3646 3869 Χριστός.

2067 3880 2274 3951 Θεωρεί
2299 3880 2344 3933 δ’
2384 3876 2477 3935 οὖν
2508 3882 2537 3935 6
2561 3880 2718 3950 λόγος
2742 3883 2842 3953 τὴν
2868 3886 2933 3937 ὲκ
2957 3884 3101 3938 δυοῖν
3132 3886 3214 3950 εἰς
3248 3887 3308 3940 ἓν
3333 3905 3388 3940 τι
3427 3889 3649 3961 συνδροο

2070 3973 2200 4043 μήν.
2240 3971 2344 4025 Δύο
2368 3968 2461 4026 οὖν
2493 3971 2751 4045 ταύτῃτοι
2792 3974 2863 4029 τά
2905 3976 3115 4046 ὀρνίθια
3156 3979 3436 4049 σημαίνων
3483 3981 3649 4034 πολυ-

2066 4063 2283 4134 τρόπως
2319 4063 2442 4135 δὴό
2473 4065 2635 4135 νόμος
2670 4066 2730 4120 τὺ
2762 4068 3005 4139 Χριστοῦ
3049 4072 3370 4142 μυστήριον,
3399 4072 3509 4127 δεῖν
3541 4074 3645 4144 ἔφη

2067 4152 2593 4225 παραλαμϐάνεσθαι
2618 4154 2715 4209 καὶ.
2762 4172 2781 4207 ι
2816 4157 3061 4230 κέδρινον
3105 4159 3282 4224 ξύλον·
3315 4182 3336 4215 ι
3372 4165 3542 4227 τύπος
3600 4165 3646 4218 δ’

2068 4245 2137 4301 ἂν
2181 4246 2270 4318 εἴη
2316 4248 2412 4302 καὶ
2452 4246 2577 4302 τόδεΔ
2615 4248 2714 4320 τῆς
2745 4249 2911 4318 ἁγίας
2944 4251 3109 4304 αὑτοῦ
3143 4253 3378 4322 σαρκὸς,
3424 4255 3526 4309 οὐκ
3552 4257 3647 4311 ἀν·

2068 4338 2335 4410 εχομένης
2369 4339 2558 4394 παθεῖν
2593 4339 2693 4411 τὴν
2731 4340 3104 4413 καταφθοράν.
3140 4344 3420 4414 ’Δσηπτον
3439 4346 3548 4419 γὰρ
3585 4348 3649 4403 τὸ

373 4450 488 4491 non
510 4441 614 4491 est.
647 4434 822 4491 Porro
867 4431 1139 4504 hyssopus
1169 4423 1482 4502 designabit
1509 4432 1749 4502 Spiritus
1783 4430 1960 4487 sancti

2071 4425 2241 4493 Εὐλον.
2275 4426 2569 4491 ’Υσσωπός
2597 4444 2661 4497 γε
2691 4427 2801 4499 μὴν
2828 4425 2938 4484 εἷεν
2967 4430 3035 4487 ἂν
3068 4434 3149 4495 είς
3176 4431 3346 4488 τύπον
3364 4434 3462 4489 τοῦ
3489 4437 3645 4505 ἁγίου

372 4524 694 4591 eﬁcaciam,
717 4539 819 4595 per
839 4536 1004 4593 quam
1039 4521 1234 4591 spiritu
1263 4521 1542 4578 ferventes
1581 4522 1854 4579 edicimnr
1890 4523 1960 4589 ³⁸,

372 4614 722 4673 immunditia
746 4615 802 4669 in
841 4611 1118 4669 intestinis
1157 4612 1317 4683 quasi
1340 4613 1580 4669 resoluta
1604 4621 1662 4670 et
1697 4612 1958 4669 arefacta.

370 4708 653 4781 Hyssopus
679 4706 828 4761 enim
880 4704 1053 4762 herba
1093 4713 1289 4760 natura
1315 4715 1402 4760 est
1434 4703 1611 4759 calida
1654 4712 1711 4759 et
1742 4713 1868 4775 apta
1892 4703 1961 4758 ad

370 4798 721 4871 purgandam
748 4797 1175 4870 phlegmaticam
1206 4803 1263 4851 et
1310 4795 1565 4867 frigidam
1598 4796 1653 4851 in
1686 4796 1962 4852 intestinis

373 4890 658 4946 collectam
697 4888 1124 4945 immunditiam.
1148 4886 1403 4944 Christus
1427 4895 1611 4943 autem
1648 4903 1750 4958 per
1772 4888 1947 4958 Spiri-

371 4991 483 5050 tus,
511 4992 574 5039 ut
598 4982 733 5049 dixi,
762 4981 1137 5054 operationem
1177 4980 1376 5038 liberat
1402 4996 1506 5037 nos
1536 4997 1569 5037 a
1598 4980 1812 5037 morbis
1856 4980 1953 5052 qui

370 5074 553 5139 adhuc
590 5075 765 5131 latent
784 5075 841 5129 in
867 5081 1072 5130 mente.
1113 5071 1386 5129 Caeterum
1428 5073 1535 5128 hoc
1558 5072 1744 5129 herbas
1777 5087 1953 5144 genus

369 5172 518 5219 recte
544 5165 840 5220 admodum
868 5179 1010 5235 aqua
1040 5163 1165 5219 viva
1205 5162 1498 5233 excipitur.
1516 5162 1781 5233 Baptizati
1803 5163 1952 5218 enim

371 5270 563 5311 sumus
599 5274 617 5305 ι
655 5256 711 5310 in
742 5256 954 5327 Spiritu
982 5263 1172 5311 sancto
1207 5263 1271 5310 et'
1291 5254 1438 5326 igne,
1473 5273 1492 5306 ι
1521 5255 1666 5310 sicut
1690 5255 1958 5325 scriptum

368 5355 456 5404 est
484 5347 550 5399 ".
579 5346 688 5402 Sed
731 5347 905 5402 herba
951 5347 1091 5413 haec,
1131 5353 1195 5401 ut
1222 5345 1357 5413 dixi,
1388 5353 1474 5402 est
1504 5332 1696 5402 calidas
1720 5354 1987 5412 natura,

368 5445 532 5507 atque
562 5437 673 5492 vim
719 5436 949 5506 spiritus
978 5436 1339 5493 demonstrat.
1383 5456 1402 5488 ι
1438 5435 1741 5493 Coccinum
1769 5444 1957 5493 autem

369 5529 840 5601 eonglomeratum
871 5547 890 5581 ι
924 5543 1118 5584 rursus
1149 5527 1206 5583 in
1241 5526 1425 5598 se'ipso
1447 5527 1688 5585 declarat
1731 5528 1958 5587 modum

2061 4521 2380 4592 Πνεῦματος
2405 4520 2542 4585 ζέων
2573 4520 2673 4593 τὴν
2710 4522 3015 4594 ἐνέργειαν,
3051 4524 3119 4577 δι’
3164 4521 3235 4598 ἦς
3261 4527 3340 4598 τῷ
3374 4529 3647 4600 πνεύματι

2062 4613 2274 4677 ζέοντες
2298 4612 2710 4684 ἀποτελούμεθα
2732 4613 2833 4685 τὴν
2860 4617 2919 4668 ὲν
2947 4616 3277 4688 σπλάγχνοις
3302 4619 3646 4693 ἀκαθαρσίαν

2061 4704 2223 4759 οίονεί
2251 4721 2368 4768 πως
2394 4705 2805 4775 ὲκτετηγμένοι.
2838 4706 2954 4761 Πόα
2988 4708 3148 4781 γάρή
3180 4710 3434 4776 ὕσσωπος
3465 4714 3643 4785 θερμὴ

2061 4812 2122 4848 τε
2150 4798 2216 4867 τῇ
2250 4795 2427 4864 φύσει,
2453 4795 2549 4850 καὶ
2567 4795 2891 4868 διασμήχειν
2919 4800 3010 4854 οἶα
3035 4818 3094 4854 τε
3112 4803 3212 4874 τὴν
3229 4805 3288 4857 ὲν
3313 4805 3645 4877 σπλάγχνοις

2063 4885 2471 4957 συνηνεγμένην
2499 4887 2864 4962 φλεγματώδη
2898 4891 2995 4945 καὶ
3028 4892 3244 4964 ψυχράν
3274 4896 3640 4969 ἀκαθαρσίαν.
3706 4918 3713 4923 ν

2059 4975 2497 5031 Ἀπαλλάττειδὶ
2543 4980 2728 5049 ἡμᾶς,
2760 4980 2840 5045 ὡς
2879 4981 3036 5053 ἔφην,
3085 4985 3151 5056 τῇ
3196 4983 3293 5039 τοῦ
3337 4986 3646 5058 πνεύματος

2060 5068 2312 5141 ἐνεργείᾳ
2355 5069 2591 5142 Χριστὸς
2612 5111 2627 5138 ,
2661 5072 2772 5126 τῶν
2815 5074 2897 5138 ei;
2928 5074 3056 5129 νοῦν
3096 5075 3207 5130 ἔσω
3242 5080 3643 5150 κεκρυμμένων

2064 5160 2274 5216 παθῶν.
2302 5156 2377 5216 Εὖ
2398 5162 2455 5216 δὲ
2475 5162 2540 5235 δὴ
2562 5163 2683 5219 λίαν
2708 5165 2797 5235 ἐφ’
2815 5166 2969 5221 ὕδατι
2987 5166 3152 5233 ζῶντι
3179 5168 3273 5223 καὶ
3293 5170 3363 5227 τὸι
3381 5170 3481 5241 τῆς
3507 5170 3645 5234 πόας

2059 5253 2199 5319 εἶδος
2222 5255 2736 5328 παραλαμϐάνεται.
2760 5257 3183 5330 Βεὸατπίαμεθα
3204 5263 3313 5335 γὰρ
3341 5282 3365 5313 ο
3390 5264 3455 5316 ὲν
3471 5261 3644 5318 Πνεύ-
3757 5312 3762 5316 .

2060 5363 2194 5418 ματι
2220 5347 2360 5416 ἁγίῳ
2389 5348 2484 5402 καὶ
2512 5348 2670 5420 πυρὶ,
2709 5367 2731 5401 ι
2764 5350 2906 5405 κατά
2930 5350 2993 5405 τὸ
3019 5353 3421 5423 γεγραμμένον.
3448 5353 3642 5424 Θερμὴ

2058 5435 2137 5501 δὲ,
2177 5436 2254 5500 ὡς
2297 5436 2456 5508 ἔφην,
2501 5438 2536 5510 ή
2583 5438 2728 5506 πόα,
2756 5440 2856 5495 κα).
2879 5442 2978 5513 τῆς
3008 5440 3107 5495 τοῦ
3142 5441 3453 5512 πνεύματος
3484 5443 3644 5514 svsp-

2058 5529 2215 5595 γείας
2262 5528 2659 5601 παραδεκτική.
2711 5531 2785 5585 Τὸ
2831 5531 2889 5585 δὲ
2939 5532 3320 5604 κεκλωσμένον
3363 5532 3637 5601 κόκκινον,

444 5706 496 5739 ⁸³
542 5706 688 5763 Psal.
714 5723 805 5777 cn,
834 5707 953 5764 1-4.
1030 5708 1077 5742 ⁸⁸
1108 5705 1376 5779 ιοιιιιειιι,
1416 5702 1500 5758 15.
1578 5705 1623 5740 ⁸⁵
1658 5706 1818 5776 ibid.,
1853 5709 1942 5764 51.

2098 5713 2257 5769 Rom.
2306 5731 2400 5782 χιι,
2430 5715 2515 5768 ll.
2593 5716 2636 5747 ⁸⁷
2668 5715 2860 5770 Matth.
2898 5732 2977 5782 tu,
3027 5716 3087 5771 ll
3113 5734 3127 5786 ;
3154 5715 3298 5776 Luc.
3325 5729 3406 5789 ιιι,
3439 5714 3532 5773 16.
