4120 6460
432 482 531 540 561

1460 479 1988 540 GLAPIIYRORUM
2026 482 2092 538 IN
2131 482 2509 540 LEVITICUM
2549 484 2776 541 LIBER.

3630 483 3735 539 tibi

431 602 565 657 αὐτὸ
593 602 657 674 δὴ
690 600 851 656 πάλιν
880 602 967 671 tu?
990 598 1169 672 ἑαυτῷ
1197 599 1287 653 τὸν
1313 599 1411 669 τῆς
1434 600 1903 674 ἑνανθρωπὴσεως
1931 599 2028 655 τοῦ

2138 600 2535 658 incarnationis
2561 601 2862 673 Unigeniti.
2890 599 3132 656 Verbum
3144 596 3295 654 enim
3325 610 3469 652 omni
3480 594 3552 652 sit
3565 598 3731 663 Deus,

431 694 777 765 Μονογενοῦς
845 693 1180 764 ύπεμφαίνει
1246 693 1470 766 τρόπον.
1547 693 1862 750 Πέπλεκται
1920 693 2033 767 γὰρ

429 788 625 859 ὥσπερ
653 786 819 857 σαρκὶ
852 786 946 841 καὶ
979 785 1175 857 αἵματι
1206 784 1341 850 Θεὸς
1387 783 1463 839 ὢν
1503 786 1533 839 ὁ
1566 784 1760 853 Λόγος.
1794 785 2033 852 Ἐξεικο-

430 882 536 934 νιεί
559 879 617 932 δὲ
653 881 683 933 ὁ
713 878 937 943 κόκκος,
971 872 1113 949 αἷμά
1155 894 1217 931 τε
1251 878 1347 931 καὶ
1381 878 1583 950 σάρκα.
1628 877 2031 950 τοιουτόχρωος

428 971 542 1041 γὰρ
568 970 767 1038 ὁρᾶται
801 970 897 1024 καὶ
925 968 1102 1024 ἔσται.
1144 968 1420 1039 Σφὰζεται
1461 971 1643 1025 τοίνυν
1691 971 1754 1025 τὸ
1795 971 2031 1043 ὀρνίθιον

433 1064 516 1133 ἐφ’
541 1062 696 1118 ὕδατι
719 1062 885 1128 ζῶντι
906 1063 965 1116 ἑν
989 1053 1036 1131 ᾧ
1056 1062 1120 1116 τὸ
1140 1062 1515 1136 περιλειφθὲν,
1540 1064 1679 1136 ὁμοῦ
1708 1066 1821 1130 τοῖς
1847 1064 2031 1129 ἄλλοις

435 1156 757 1226 βαπτίζεται
776 1194 791 1221 ,
831 1155 926 1209 καὶ
954 1155 1142 1209 λοιπὸν
1170 1156 1381 1211 ἀνεῖται
1414 1157 1686 1222 πεπονθὸς
1714 1157 1891 1225 οὐδὲν,
1929 1175 2030 1213 κα-

434 1248 611 1319 θάπερ
635 1248 739 1319 ἢδη
769 1250 1054 1318 προεῖπον.
1083 1247 1318 1303 Τέθυται
1342 1248 1456 1321 γὰρ
1488 1249 1630 1322 ὑπὲρ
1655 1249 1812 1322 ἡμῶν
1837 1252 1866 1304 ὁ
1892 1251 2028 1323 Χρι-

433 1340 579 1402 στός·
603 1337 718 1391 ἀλλ’
742 1334 812 1409 ἦν
833 1340 862 1392 ὁ
893 1337 1061 1402 αὐτὸς
1086 1338 1180 1392 καὶ
1209 1340 1267 1393 ἑν
1297 1338 1534 1411 θανάτῳ,
1565 1340 1660 1395 καὶ
1692 1342 1833 1412 ὑπὲρ
1864 1340 2031 1398 θάναα

429 1447 545 1488 τον.
576 1450 596 1483 ι
633 1429 986 1503 Ἐθανατὼθη
1022 1431 1123 1503 μὲν
1152 1431 1263 1504 γὰρ
1288 1433 1489 1503 σαρκὶ,
1521 1433 1666 1487 κατὰ
1688 1434 1750 1487 τὸ
1778 1449 2030 1505 γεγραμ-

433 1521 618 1594 μένον,
654 1521 998 1595 ἑζωοποιήθη
1025 1522 1084 1576 δὲ
1111 1522 1408 1595 πνεύματι,
1440 1542 1459 1576 ι
1491 1526 1551 1579 ὲν
1574 1518 1620 1594 ᾧ
1659 1543 1681 1578 ι
1707 1526 1804 1581 καὶ
1832 1531 1945 1591 τοῖς
1970 1529 2030 1582 ἑν

434 1615 644 1688 φυλακῇ
668 1614 1002 1687 ἀπειθήσασι
1030 1631 1161 1669 ποτε
1184 1614 1499 1687 πνεύμασιν
1522 1617 1814 1691 πορευθεὶς
1845 1638 1865 1673 ι
1901 1620 2031 1693 ἐκή-

437 1709 615 1780 ρυξεν.
650 1705 726 1783 ᾝ
762 1711 864 1781 μὲν
894 1708 1004 1781 γὰρ
1048 1713 1250 1766 νοεῖται
1300 1712 1394 1767 καὶ
1435 1712 1663 1783 γέγονεν
1700 1714 1988 1787 ἄνθρωπος
2010 1756 2025 1778 ,

432 1802 639 1873 ὑπέστη
677 1804 770 1858 τὸν
803 1803 1069 1859 θάνατον’
1182 1804 1239 1859 δέ
1273 1806 1424 1860 ἑστιν
1451 1802 1672 1879 ἀληθῶς
1698 1806 1812 1880 ζωή
1839 1825 1899 1862 τε
1935 1810 2031 1863 καὶ

427 1896 494 1949 ὲκ
520 1895 692 1966 ζωῆς,
724 1894 960 1951 θανάτου
994 1897 1263 1968 κρείττων
1292 1898 1562 1969 ἐφαίνετο.
1592 1897 1803 1954 υύκοῦν
1833 1901 1913 1964 εἰς
1935 1901 2030 1955 τὸν

426 1986 521 2041 τοῦ
556 1988 856 2054 τεθνεῶτος
894 1988 1149 2055 θάνατον,
1181 1990 1241 2044 τὸ
1285 1991 1521 2062 ὀρνίθιον
1559 1992 1623 2046 τὸ
1652 1990 1765 2058 ζῶν
1799 1992 2031 2047 ἑϐαπτί-
2065 1977 2107 2032 Β

427 2078 571 2144 ζετο.
604 2079 713 2133 Τοῦ
745 2079 913 2152 νόμου
938 2082 1445 2153 κατασημαίνοντος
1475 2082 1919 2154 αἰνιγματωδῶς,
1946 2084 2029 2139 ὅτι

429 2176 524 2231 καί
548 2194 630 2231 τοι
652 2175 797 2231 κατά
819 2175 983 2247 φύσιν
1003 2176 1116 2249 ζωὴ
1144 2178 1238 2231 καὶ
1259 2178 1324 2231 ἑκ
1345 2177 1492 2250 ζωῆς
1515 2178 1777 2252 ὑπάρχων
1794 2180 2029 2249 ὀΛόγος,

427 2268 529 2340 τῆς
560 2268 697 2335 ίδίας
731 2269 935 2343 σαρκὸς
970 2270 1273 2326 οἰκειοῦται
1302 2271 1395 2325 τὸν
1425 2271 1677 2327 θάνατον.
1708 2274 1785 2327 Οὐ
1824 2273 1936 2347 γὰρ
1962 2269 2033 2347 ἦν

427 2360 693 2434 ἀλλοτρία
715 2362 883 2417 αὑτοῦ
910 2363 944 2434 ἡ
967 2362 1342 2435 ἁναληφθεῐσα
1370 2363 1530 2438 σὰρξ,
1558 2364 1673 2420 ἀλλ’
1706 2366 1813 2421 ἰδία
1841 2366 2033 2425 αὐτοῦ.

427 2452 902 2527 Κατερραμμένος
930 2456 988 2510 δὲ
1008 2457 1038 2512 ὁ
1065 2456 1269 2529 λεπρὸς
1295 2458 1527 2522 ἑπτάκις
1552 2458 1629 2530 τῷ
1653 2457 1805 2513 ῦδατι
1834 2459 1944 2515 τῶν
1972 2462 2035 2514 ἑκ

426 2545 524 2600 τοῦ
556 2544 892 2617 λεπροῦσθαι
910 2546 1098 2601 λοιπὸν
1125 2548 1472 2620 αίτιαμὰτων
1498 2548 1897 2621 ἀπηλλάττετο.
1922 2553 2035 2607 Κα-

428 2640 633 2712 θαροὺς
659 2640 740 2706 δὲ,
781 2640 858 2707 ὡς
890 2641 1053 2714 ἔφην,
1086 2642 1183 2697 καὶ
1220 2643 1374 2714 ἡμᾶς
1419 2643 1715 2714 ἀποφαίνει
1755 2643 1992 2717 Χριστὸς
2017 2685 2033 2712 ,

427 2731 519 2787 διά
540 2733 636 2788 τοῦ
668 2734 824 2804 ἁγίου
850 2734 1228 2806 βαπτίσματος
1259 2736 1408 2807 ἡμᾶς
1437 2736 1703 2805 ἁγιάζων.
1723 2737 1897 2792 Τοῦτο
1926 2739 2037 2810 γὰρ

430 2820 583 2897 οἶμαι
614 2825 812 2899 δηλοῦν
840 2827 902 2881 τὸ
931 2827 1185 2892 ἑπτάκις.
1215 2827 1375 2882 Οὕτω
1403 2846 1463 2883 τε
1497 2831 1677 2895 συνεὶς
1706 2833 1735 2884 ὁ
1765 2831 2037 2903 μακάριος

429 2918 533 2992 ἔφη
569 2920 803 2986 Παῦλος·
847 2941 865 2974 ι
900 2915 976 2976 Ob
1004 2921 1060 2975 δὲ
1098 2922 1423 2977 ἐπλεόνασεν
1470 2925 1505 2996 ἠ
1549 2924 1827 2995 ἁμαρτία,
1861 2925 2035 2996 ὑπερ-

430 3014 886 3086 επερίσσευσενὴ
939 3013 1122 3087 χάρις.
1178 3034 1198 3068 ι
1239 3015 1451 3071 Οὐκοῦν
1489 3017 1552 3070 τὸ
1586 3016 1904 3088 ἀμφιλαφὲς
1933 3017 2036 3089 τῆς

430 3107 654 3178 χάριτος
687 3108 783 3160 καὶ
821 3108 885 3161 τὸ
923 3107 1086 3162 οἱονεί
1113 3125 1230 3172 πως
1275 3108 1499 3173 τελείως
1542 3108 1665 3182 ἔχον
1710 3110 1790 3175 εἰς
1822 3110 2036 3164 ἀποκά-

430 3197 649 3272 θαρσιν,
701 3199 792 3254 διὰ
840 3201 935 3255 τοῦ
986 3200 1220 3266 ἑπτάκις
1291 3201 1640 3273 σημαίνεται.
1704 3204 2039 3278 Κατερραμὶ

436 3290 600 3362 μένος
638 3290 696 3344 δὲ
745 3290 1026 3363 ὁλεπρος,
1071 3290 1295 3363 ὲξύρετο
1348 3292 1449 3364 τὴν
1496 3292 1680 3365 τρίχα.
1746 3293 2035 3367 Κεκαθαρ-

438 3356 593 3453 μένοι
653 3382 765 3454 γὰρ
823 3356 922 3438 διὰ.
962 3356 1056 3439 τοῦ
1113 3356 1278 3455 ἁγίου
1317 3356 1720 3457 βαπτίσματος,
1744 3387 1910 3443 οἱονεὶ
1942 3356 2037 3442 καὶ
2064 3356 2107 3412 c

434 3474 507 3529 τὰ
537 3477 745 3549 σαρκὸς
791 3476 1182 3549 βλαστήματα,
1229 3478 1496 3543 τουτέστι,
1530 3478 1631 3544 τὰς
1673 3480 1729 3533 ἑν
1779 3481 1914 3551 ἡμῖν
1946 3481 2041 3535 καὶ

433 3568 714 3641 ἐμφύτους
754 3569 949 3639 ἡδονὰς
983 3570 1059 3635 ὡς
1086 3571 1144 3623 ἑν
1186 3569 1549 3642 εἴδειτριχῶν
1574 3572 1874 3642 νοουμένας
1903 3571 2040 3643 ὁμοῦ

434 3657 544 3720 τοῖς
576 3655 785 3728 ἑτέροις
810 3656 1147 3729 πταίσμασιν
1173 3658 1569 3731 ἀποτιθέμεθα,
1596 3660 1871 3715 καὶτοῦτο
1904 3663 2041 3733 ἡμῖν

434 3747 789 3820 ἐνεργοῦντος
820 3749 1085 3824 Χριστοῦ.
1125 3750 1298 3820 Λόγος
1326 3752 1437 3822 γάρ
1463 3752 1611 3808 ἑστιν
1639 3752 1802 3816 αὐτὸς
1836 3752 1948 3818 ζῶν
1977 3770 2040 3807 τε

434 3840 533 3893 καὶ
577 3841 817 3913 ἐναργὴς
862 3841 959 3896 καὶ
1012 3843 1329 3914 τομὼτατος
1375 3843 1689 3916 ἀποκείρων
1737 3847 2037 3919 ἁμαρτίας,

433 3935 532 3988 καὶ
564 3935 664 4006 τῆς
693 3937 757 3990 ἑκ
789 3936 981 3990 παθῶν
1008 3936 1356 4011 ἀκαθαρσίας
1386 3937 1746 3994 ἀπαλλάττων
1767 3941 1857 3995 τὸν
1890 3939 2037 3996 νοῦν.

443 4026 816 4103 Ἐξυρημὲνος
843 4031 907 4102 δὴ
929 4028 1024 4085 οῦν
1053 4034 1081 4086 6
1110 4031 1331 4104 λεπρὸς,
1357 4032 1588 4088 είσέλθει
1621 4034 1809 4089 λοιπὸν
1836 4036 1916 4101 εἰς
1941 4035 2040 4108 τὴν

435 4121 827 4194 παρεμϐολήνσ
864 4121 1019 4177 οὔπω
1063 4140 1129 4194 γε
1181 4125 1291 4196 μὴν
1329 4127 1425 4179 καὶ
1451 4125 1530 4189 εἰς
1569 4125 1667 4180 τὸν
1710 4126 1842 4180 ἰδιον
1865 4122 2037 4183 οἷκον.

432 4213 859 4287 Κεκαθαρμένοι
876 4215 1006 4286 γὰρ,
1031 4216 1107 4280 ὡς
1129 4215 1683 4289 ἔφην,συναπτόμεθα
1710 4220 1821 4281 τοῖς
1839 4219 2038 4288 ἁγίοις,

435 4306 876 4379 συνδιαιτώμεθα
948 4308 1135 4362 λοιπον
1198 4308 1276 4379 τῷ
1329 4307 1463 4381 ὁσίνρ
1526 4309 1618 4363 καὶ
1680 4310 1812 4383 ἱερῷ
1851 4310 2038 4380 γένει’

432 4399 648 4471 εῐσιμὲν
675 4417 736 4453 τε
762 4399 905 4453 οὕτω
936 4401 1029 4455 καὶ
1056 4401 1113 4454 ἑν
1139 4399 1275 4472 οἴκῳ
1292 4400 1451 4467 Θεοῦ,
1478 4399 1617 4473 πλὴν
1639 4400 1795 4456 οῦπω
1826 4405 1906 4467 εἰς
1938 4402 2039 4467 τὰς

431 4491 550 4546 ἄνω
583 4493 773 4563 μονάς.
809 4493 1122 4564 Τετήρηται
1169 4492 1280 4565 γὰρ
1312 4495 1393 4557 εἰς
1438 4492 1612 4547 αἰῶνα
1649 4492 1738 4547 τὸν
1770 4494 2039 4565 μέλλοντα

432 4588 550 4651 τοῖς
580 4585 757 4654 ἁγίοις
786 4585 847 4639 τὸ
874 4585 1068 4658 δῶρον.
1104 4584 1375 4658 Ταύτῃτοι
1415 4586 1509 4640 καὶ
1543 4586 1814 4640 είσελάσει
1838 4589 1920 4650 εἰς
1937 4587 2036 4659 τὴν

433 4677 793 4750 παρεμῶλὴν
816 4680 846 4733 ὁ
878 4677 1311 4750 κεκαθαρμένος,
1331 4678 1470 4733 ἑπτά
1491 4678 1781 4750 διατρίψας
1802 4679 2036 4750 ἡμέρας,

2134 692 2436 748 involvitur
2466 693 2620 748 carni
2653 702 2717 749 et
2739 692 3011 764 sanguini.
3049 690 3264 748 Coccus
3284 705 3419 747 vero
3434 705 3657 745 carnem
3677 699 3737 746 et

2134 782 2461 855 sanguinem
2494 782 3067 854 repraesentat-Taiis
3086 781 3236 837 enim
3264 781 3455 837 colore
3482 787 3733 851 apparet,

2132 883 2190 933 ct
2230 885 2334 932 est.
2367 876 2612 948 ideoque
2650 876 2866 932 avicula
2905 884 3181 932 mactatur
3204 875 3263 930 in
3290 888 3433 945 aqua
3472 872 3733 937 ferventi,

2133 970 2190 1025 in
2214 984 2357 1041 aqua
2382 970 2525 1025 alter
2541 984 2737 1039 passer
2761 984 2871 1024 una
2894 983 3020 1023 cum
3045 968 3169 1023 aliis
3190 967 3446 1039 tingitur,
3469 972 3528 1022 et
3544 973 3735 1035 postea

2133 1060 2458 1128 dimittitur,
2479 1062 2637 1119 nullo
2678 1063 2824 1118 maio
2846 1061 3099 1126 aﬂ'ectus,
3130 1061 3599 1132 quemadmodum
3637 1073 3737 1114 an-
3774 1046 3783 1065 ⁷

2131 1165 2228 1212 tea
2248 1155 2384 1210 dixi.
2415 1154 2700 1226 Siquidem
2731 1170 2834 1227 pro
2850 1154 3014 1211 nobis
3034 1163 3307 1211 mactatus
3331 1165 3416 1210 est
3432 1154 3691 1211 Christus
3716 1171 3731 1207 :

2131 1263 2333 1304 verum
2353 1248 2499 1304 idem
2520 1258 2647 1304 erat
2685 1248 2740 1304 in
2777 1255 2956 1304 morte
2980 1255 3038 1304 et
3060 1263 3225 1319 supra
3258 1258 3514 1303 mortem.
3545 1267 3564 1299 ι
3596 1247 3740 1303 Mor-
3774 1317 3784 1329 _

2133 1340 2377 1397 tiﬁcatus
2396 1341 2547 1397 enim
2578 1348 2666 1397 est
2689 1356 2878 1406 carne,
2920 1341 3067 1396 sicut
3094 1340 3361 1410 scriptum
3390 1349 3496 1405 est,
3516 1347 3574 1395 et
3592 1339 3737 1395 vivi-
3774 1335 3784 1356 "
3808 1398 3814 1405 ,

2133 1434 2331 1491 ﬁcatus
2355 1435 2551 1507 spiritu
2581 1452 2593 1489 :
2640 1453 2658 1487 ι
2692 1450 2794 1506 per
2814 1449 2979 1506 quem
3019 1433 3303 1505 profectus
3322 1433 3493 1490 etiam
3518 1452 3539 1484 ι
3570 1433 3738 1503 spiri-

2134 1528 2285 1583 tibus
2321 1527 2378 1582 in
2421 1542 2647 1583 carcere
2694 1527 3036 1599 prtedicavit,
3081 1527 3179 1598 qui
3220 1526 3353 1581 olim
3397 1525 3625 1582 fuerunt
3652 1525 3738 1588 iu-

2132 1618 2459 1675 obedientes
2503 1602 2571 1673 3".
2604 1637 2621 1670 ι
2680 1617 2969 1686 Quatenus
3023 1617 3174 1674 enim
3212 1617 3540 1689 intelligitur
3571 1623 3630 1671 et
3655 1616 3740 1672 i‘a-

2133 1722 2256 1768 ctus
2280 1722 2366 1768 est
2400 1713 2589 1779 homo,
2630 1712 2899 1769 sustinuit
2932 1719 3170 1767 mortem
3211 1728 3225 1764 :
3255 1718 3532 1782 quatenus
3554 1717 3755 1765 autem.

2133 1821 2262 1862 vere
2294 1806 2411 1861 vita
2437 1813 2544 1872 est,
2574 1811 2632 1861 et
2662 1820 2732 1861 ex
2778 1803 2912 1870 vita,
2964 1809 3145 1859 morte
3190 1811 3421 1874 apparet
3460 1802 3739 1873 superior.

2132 1896 2482 1970 Quapropter
2529 1898 2883 1969 passerculus
2922 1896 3088 1953 vivus
3120 1894 3179 1951 in
3228 1902 3468 1950 mortem
3515 1893 3741 1950 mactati

2134 1991 2489 2047 abluebatur.
2519 1990 2641 2060 Quo
2667 2006 2800 2048 sane
2831 1990 2919 2046 lex
2962 1988 3193 2061 ﬁgurate
3232 1987 3511 2059 signiﬁcat
3566 1986 3740 2057 quod,

2132 2083 2240 2140 etsi
2262 2084 2509 2140 Verbum
2532 2093 2728 2155 suapte
2756 2091 2958 2139 natura
2978 2081 3091 2138 vita
3123 2081 3196 2137 sit
3219 2089 3276 2136 et
3297 2096 3366 2136 ex
3390 2080 3526 2146 vita,
3556 2089 3744 2138 tamen

2135 2191 2250 2234 suae
2278 2178 2433 2234 carni
2449 2178 2730 2250 propriam
2752 2165 2886 2234 fecit
2912 2186 3174 2233 mortem.
3192 2177 3330 2232 Nam
3358 2189 3490 2230 caro
3520 2189 3645 2244 quae
3672 2173 3746 2230 ab

2136 2272 2258 2344 ipso
2279 2280 2564 2344 assumpta
2578 2280 2683 2338 est,
2709 2286 2824 2327 non
2852 2284 2973 2328 erat
2995 2271 3248 2337 alterius,
3289 2269 3387 2325 sed
3413 2269 3588 2340 ipsius
3619 2284 3747 2339 pro-

2135 2364 2277 2435 pria.
2317 2362 2592 2420 Caeterum
2650 2363 2905 2434 leprosus
2960 2363 3168 2435 septies
3214 2376 3477 2433 aspersus
3529 2376 3672 2432 aqua
3712 2375 3746 2416 a

2136 2457 2307 2529 lepra;
2354 2456 2492 2513 vitio
2528 2456 2793 2528 deinceps
2843 2455 3257 2512 absolvehatur.
3282 2454 3541 2511 Christus
3576 2452 3761 2508 etiam.

2137 2567 2241 2607 nos
2272 2550 2511 2607 mundos
2537 2549 2741 2617 reddit,
2776 2565 2878 2623 per
2901 2557 3156 2605 sanctum
3175 2547 3513 2619 baptismum
3536 2545 3763 2601 aﬂ'atim.

2138 2661 2241 2701 nos
2271 2643 2646 2700 sanctiﬁcans.
2674 2643 2736 2699 Id
2769 2644 2918 2699 enim
2968 2642 3214 2698 arbitror
3238 2640 3612 2713 septenarium
3635 2653 3745 2693 nu-

2138 2751 2354 2791 merum
2378 2735 2712 2807 signiiicare.
2741 2734 2923 2805 Atque
2953 2733 3030 2789 ita
3062 2733 3259 2789 beatus
3296 2732 3501 2787 Paulus
3535 2730 3746 2785 intelli-

2138 2844 2275 2901 gens
2321 2830 2400 2884 ait
2448 2845 2463 2882 :
2518 2848 2535 2880 ι
2574 2828 2681 2886 Ubi
2739 2827 3046 2883 abundavit
3097 2833 3408 2897 peccatum,
3447 2824 3524 2879 ibi
3568 2824 3748 2895 magis

2139 2920 2410 2977 exuberat
2436 2919 2615 2991 gratia
2644 2918 2714 2972 ”.
2740 2937 2761 2970 ι
2795 2917 3171 2985 Quamobrem
3194 2914 3505 2988 amplitudo
3532 2913 3743 2984 gratiae.

2139 3016 2330 3072 ethoc
2352 3013 2499 3085 quod
2538 3013 2699 3084 quasi
2735 3012 3044 3084 perfectum
3071 3018 3157 3067 est
3183 3010 3251 3065 ad
3266 3007 3743 3071 emundationem,

2142 3124 2245 3181 per
2267 3105 2648 3179 septenarium
2693 3104 3058 3178 signiﬁcatur.
3088 3103 3332 3175 Leproso
3369 3110 3746 3157 autemmun-

2143 3204 2275 3261 dato
2298 3201 2715 3259 abradebantur
2735 3200 2856 3272 pili.
2881 3197 3050 3271 358
3076 3198 3215 3266 Quia
3242 3204 3299 3253 et
3334 3211 3460 3261 nos,
3488 3211 3589 3267 per
3613 3210 3746 3251 san-

2144 3305 2296 3352 ctum
2326 3293 2663 3365 baptismum
2698 3290 2952 3348 mundati
2986 3306 3019 3346 a
3046 3290 3232 3347 carnis
3260 3297 3466 3361 segete,
3498 3287 3607 3343 hoc
3638 3294 3756 3351 est,

2143 3401 2174 3442 a
2203 3384 2588 3457 voluptatibus
2612 3382 2778 3439 nobis
2809 3381 2991 3438 insitis
3012 3396 3138 3453 quae
3160 3395 3260 3452 per
3284 3378 3427 3450 pilos
3454 3377 3748 3449 designati.

2143 3486 2265 3544 tur,
2305 3493 2418 3533 una
2451 3491 2579 3533 cum
2623 3474 2843 3531 caeteris
2876 3473 3100 3530 delictis
3131 3486 3531 3537 exoneramur;
3580 3470 3747 3542 idque

2143 3571 2201 3627 in
2232 3570 2397 3628 nobis
2420 3568 2696 3626 efﬁciente
2715 3565 2960 3623 Christo.
2990 3564 3235 3622 Verbum
3265 3564 3417 3620 enim
3451 3563 3633 3634 ipsum
3661 3570 3758 3617 εει·

2141 3662 2329 3719 vivum
2353 3667 2412 3718 et
2442 3659 2658 3726 eﬁicax,
2684 3666 2851 3730 atque
2873 3656 3258 3713 acutissimum
3278 3654 3349 3709 ad
3373 3651 3750 3709 abscindenda

2142 3764 2401 3830 peccata,
2430 3763 2487 3812 et
2515 3754 2584 3811 ad
2614 3752 2960 3810 liberandam
2996 3758 3241 3807 mentem
3285 3749 3356 3804 ab
3391 3745 3751 3803 inmunditia

2144 3866 2269 3922 qua:
2298 3865 2367 3906 ex
2404 3847 2605 3904 morbo
2630 3844 2845 3918 peccati
2874 3844 3096 3901 exsistit
3142 3843 3209 3896 '°.
3247 3840 3533 3912 Leprosus
3578 3838 3751 3911 igitur

2142 3958 2303 3999 rasus
2326 3942 2385 3997 in
2422 3948 2603 3999 castra
2625 3939 2850 3995 demum
2876 3952 3001 3994 sese
3038 3933 3391 4000 conferebat;
3418 3946 3523 3988 nec
3560 3938 3747 3986 tamen

2144 4035 2413 4093 continuo
2437 4034 2494 4090 in
2517 4047 2673 4090 suam
2696 4032 2922 4088 domum
2951 4026 3429 4086 intromittebatur
3454 4042 3468 4078 :
3491 4039 3617 4079 nam
3644 4037 3758 4077 nos

2142 4129 2386 4204 purgati,
2440 4137 2506 4186 ut
2554 4127 2691 4192 dixi,
2725 4124 3116 4198 conjungimur
3148 4119 3375 4184 sanctis,
3412 4125 3477 4173 ut
3515 4114 3749 4186 posthac

2142 4241 2267 4283 cum
2300 4235 2493 4281 sancto
2542 4237 2607 4278 ac
2636 4221 2827 4277 divino
2857 4232 3060 4291 genere
3084 4228 3406 4279 versemur;
3453 4219 3620 4279 atque
3664 4206 3747 4261 sic

2144 4316 2491 4390 ingredimur
2543 4313 2770 4385 quidem
2819 4309 3047 4367 domum
3092 4306 3215 4371 Dei,
3262 4304 3360 4360 sed
3405 4301 3652 4358 nondum
3685 4301 3745 4355 in

2142 4409 2462 4466 mansiones
2487 4420 2777 4477 supernas.
2807 4402 2925 4460 Hoc
2964 4400 3116 4458 enim
3148 4398 3354 4455 donum
3398 4398 3744 4450 reservatum

2140 4514 2226 4559 est
2262 4501 2319 4557 in
2350 4499 2486 4555 illud
2530 4496 2795 4554 saeculum
2827 4492 2976 4566 quod
3017 4497 3145 4563 post
3169 4489 3314 4545 hanc
3343 4487 3516 4542 vitam
3558 4490 3748 4539 manet

2141 4601 2381 4649 sanctos.
2403 4591 2647 4661 Ideoque
2674 4589 2978 4644 mundatus
3006 4581 3407 4640 admittebatur
3438 4579 3495 4633 in
3540 4584 3742 4640 castra,

2144 4686 2196 4741 in
2224 4685 2429 4757 quibus
2461 4698 2587 4739 cum
2619 4684 2823 4754 egisset
2854 4687 3066 4751 septem
3092 4674 3234 4741 dies,
3264 4674 3323 4729 in
3345 4686 3500 4729 suam
3524 4669 3746 4725 tandem

433 4773 532 4826 καὶ
560 4773 642 4836 εἰς
669 4771 761 4826 τὸν
792 4771 923 4826 ἰδιον
954 4767 1104 4825 οἷκον
1134 4771 1366 4827 εἰσέλθει
1395 4771 1602 4828 λοιπόν.
1637 4774 1794 4829 Μετὰ
1824 4775 1932 4847 γάρ
1954 4793 2036 4828 τοι

2144 4796 2202 4835 se
2239 4776 2546 4849 recipiebat
2582 4773 2833 4829 domum.
2875 4770 3014 4838 Quia
3037 4777 3095 4825 et
3115 4782 3219 4824 nos
3252 4773 3380 4838 post
3416 4768 3745 4837 praesentem

434 4864 528 4918 τὸν
551 4864 725 4919 αἰῶνα
752 4864 846 4918 τὸν
880 4864 1210 4937 ἐνεστηκότα
1234 4866 1336 4936 τὴν
1371 4864 1460 4919 διὰ
1489 4865 1730 4938 Χριστοῦ
1765 4868 2036 4938 κάοαρσιν

437 4956 676 5028 ἔχοντες,
705 4958 799 5011 καὶ
821 4958 878 5010 ἑν
913 4958 1035 5022 ταῖς
1072 4956 1185 5011 ἀνω
1224 4960 1414 5029 μονατς
1445 4958 1827 5031 καταλύσομεν
1853 4974 1866 4987 ·
1901 4960 2036 5014 ἑκα-

443 5047 567 5112 στός
589 5065 647 5102 τε
676 5048 786 5103 τῶν
821 5049 1194 5122 ήγιασμὲνων,
1218 5049 1473 5124 καθάπερ
1498 5052 1579 5116 είς
1607 5052 1739 5107 ἰδιον
1772 5049 1920 5106 οἷκον
1946 5054 2038 5106 τὸν

439 5141 954 5214 ἑκνεμηθησόμενον
983 5141 1136 5214 αὐτῷ
1171 5143 1467 5197 καταλύσει
1497 5143 1720 5215 κλῆρον.
1765 5147 1839 5198 Οὐ
1874 5162 2042 5199 καταο

436 5232 593 5289 λύσει
632 5234 745 5307 γὰρ
789 5233 1108 5307 παραυτίκα
1158 5238 1273 5301 τοῖς
1314 5236 1710 5290 πεπιστευκόσι
1754 5237 1822 5291 τὰ
1865 5236 2039 5307 γέρα’

435 5328 678 5383 ἁλλ’ἑπ⁹
709 5329 895 5383 ἑλπίσι
932 5329 1032 5400 μὲν
1084 5329 1317 5399 ἀγαθαῖς
1374 5332 1407 5404 ἡ
1462 5330 1683 5403 κλῆσις,
1722 5331 1817 5384 καὶ
1864 5333 1892 5385 ὀ
1945 5329 2042 5385 τοῦ

2148 4871 2339 4935 vitam,
2370 4869 2417 4924 si
2453 4883 2554 4940 per
2577 4865 2865 4923 Christum
2889 4861 3199 4917 habeamus
3224 4855 3667 4917 mundationem,
3688 4850 3748 4906 in

2144 4962 2406 5036 supernis
2426 4957 2732 5017 habitaturi
2762 4969 2956 5014 sumus
2995 4951 3397 5014 mansionibus,
3431 4946 3748 5018 singulique

2144 5056 2321 5113 sancti
2353 5056 2407 5110 in
2441 5051 2820 5109 haereditatem
2842 5048 2950 5103 sibi
2979 5045 3325 5106 attributam,
3350 5039 3508 5112 quasi
3534 5038 3590 5094 in
3614 5053 3748 5109 pro-

2140 5150 2319 5219 priam
2371 5146 2624 5212 domum,
2654 5151 2783 5200 sunt
2840 5137 3228 5211 immigraturi.
3287 5133 3746 5204 Quandoquidem

2144 5237 2254 5293 illis
2272 5236 2368 5308 qui
2384 5235 2765 5297 crediderunt,
2804 5245 2915 5285 non
2955 5227 3206 5300 protinus
3230 5224 3593 5282 conferuntur
3611 5239 3750 5293 pra.»-

2144 5329 2288 5385 mia:
2318 5326 2414 5383 sed
2450 5326 2698 5396 ipsorum
2721 5322 2938 5379 vocatio
2972 5327 3059 5376 est
3085 5318 3188 5374 sub
3216 5331 3314 5388 spe
3341 5315 3485 5371 bona
3506 5322 3564 5369 ct
3583 5312 3750 5368 arrha

437 5420 758 5494 πνεύματος
788 5421 1073 5494 ἀρραϐών.
1133 5423 1468 5495 Ἀναλὰμψει
1515 5424 1573 5478 δὲ
1624 5425 1658 5496 ἡ
1706 5424 1868 5497 χάρις
1902 5422 2037 5478 κατᾶ

2145 5420 2395 5492 spiritus.
2438 5418 2553 5473 Suo
2578 5425 2764 5472 autem
2793 5421 3043 5484 tempore
3080 5410 3364 5481 continget
3383 5415 3444 5463 et
3470 5406 3751 5462 elucescet

436 5512 654 5595 καιρὸν,
688 5511 783 5566 καὶ
818 5512 919 5585 τῆς
959 5511 1174 5577 ἐλπίδος
1212 5512 1276 5567 τὸ
1318 5513 1496 5585 πέρας
1524 5514 1582 5567 ἑν
1611 5512 1857 5587 Χριστῷ,
1884 5513 1951 5566 δι’
1982 5508 2044 5568 οὗ

2152 5514 2236 5570 eis
2260 5510 2455 5585 gratia,
2483 5524 2607 5581 qum
2634 5507 2810 5580 ipsius
2853 5504 2971 5575 spei
3003 5501 3130 5559 ﬂuis
3156 5509 3242 5558 est
3287 5501 3344 5556 in
3376 5498 3621 5560 Christo,
3648 5508 3751 5565 per

438 5605 539 5657 καὶ
590 5591 711 5676 μεθ’
754 5598 818 5659 οὗ
863 5603 943 5675 τῷ
980 5603 1101 5677 θεῷ
1147 5606 1242 5661 καὶ
1288 5605 1466 5678 ῐΙατρὶ
1530 5605 1722 5677 ἡδόξα
1774 5606 1872 5659 σὺν
1901 5605 2037 5676 ἁγίῳ

2152 5621 2318 5678 quem
2337 5613 2394 5659 ct
2430 5617 2558 5659 cum
2595 5613 2708 5671 quo
2736 5598 2808 5654 sit
2842 5597 2957 5652 Ι)εο
2984 5604 3043 5651 ει
3067 5593 3215 5651 Patri
3248 5591 3421 5664 gloria
3452 5603 3579 5643 cum
3621 5599 3751 5641 sau-

438 5698 747 5770 Ιίνεύματι,
775 5699 855 5764 είς
884 5700 1011 5762 τοὺς
1044 5698 1247 5763 αἰῶνας
1278 5698 1388 5753 τῶν
1419 5697 1653 5754 αἰώνων.
1703 5697 1896 5768 ’Λμήν.

2152 5705 2241 5753 cto
2266 5696 2497 5769 Spiritu,
2532 5694 2589 5750 in
2623 5690 2822 5749 sarcula
2845 5686 3193 5745 saeculorum.
3212 5684 3407 5739 Amen.

517 5885 564 5916 ⁸³
595 5883 615 5939 l
644 5884 795 5940 Pctr.
829 5900 907 5952 ut,
939 5885 1023 5953 18,
1060 5886 1142 5942 19.
1225 5887 1268 5919 ³³
1313 5885 1473 5943 Rom.
1507 5901 1561 5952 ν,
1603 5883 1690 5939 20.
1774 5885 1816 5916 ⁸ο
1846 5884 2015 5941 licbr.
2063 5900 2136 5951 iv,
2177 5881 2257 5937 i2.
