4120 6484
423 479 527 538 5'63

480 591 559 646 De
579 591 890 648 Judworum
906 591 1211 663 Synagoga,
1231 600 1285 645 ut
1301 592 1630 646 contumacia
1655 593 1723 647 sit
1754 591 1927 661 lapsa.

487 776 540 830 l.
567 774 743 843 Quam
771 776 1013 832 Judaicaa
1037 790 1254 832 marcor
1286 776 1478 847 ingens
1509 775 1806 848 Synagogaa
1827 785 1886 833 et
1911 777 1997 832 in-

416 869 668 935 ﬁdelitas,
699 885 974 941 quamque
992 869 1162 926 fuerit
1203 870 1541 935 refractaria,
1568 871 1811 926 ostendit
1860 871 1993 926 olim

417 961 559 1016 Deus
583 961 700 1031 ipse
726 961 1033 1018 Ezechielis
1052 978 1187 1019 voce
1209 962 1290 1018 sic
1316 977 1448 1017 usus
1477 981 1490 1016 :
1532 981 1549 1014 ι
1567 961 1770 1018 Omnes
1797 961 1995 1019 domus

411 1050 578 1107 Israel
606 1051 938 1108 contentiosi
961 1059 1091 1108 sunt
1119 1060 1176 1107 et
1208 1052 1333 1107 duri
1366 1052 1533 1108 corde
1562 1052 1629 1105 ⁸³.
1655 1070 1674 1103 ι
1705 1052 1826 1122 lpse
1854 1052 1995 1108 adeo

413 1144 689 1209 Servator,
728 1153 790 1200 ut
834 1160 956 1215 qua:
987 1145 1221 1200 salutem
1252 1153 1621 1210 aversarctnr,
1676 1152 1733 1200 et
1775 1146 1995 1201 innatos

411 1233 517 1302 ipsi
553 1249 739 1289 mores
770 1234 1025 1291 sinistros
1069 1235 1396 1305 increparet,
1427 1234 1503 1288 ait
1535 1251 1550 1287 :
1610 1253 1629 1286 ι
1662 1234 1988 1298 Jerusalem,

409 1322 738 1390 Jerusalem,
787 1341 910 1395 qua:
955 1326 1162 1381 occidis
1201 1325 1518 1395 prophetas,
1548 1332 1606 1379 et
1642 1324 1854 1395 lapidas
1895 1340 1993 1381 eos

409 1412 505 1482 qui
528 1413 597 1470 ad
626 1422 680 1470 te
705 1416 1007 1471 mittlmtur
1038 1433 1051 1469 :
1080 1416 1297 1486 quoties
1326 1416 1473 1471 volui
1495 1431 1827 1487 congregare
1849 1416 1992 1471 ﬁlios

408 1515 554 1573 tuos,
610 1508 1072 1577 quemadmodum
1127 1509 1243 1563 avis
1277 1508 1466 1563 nidum
1518 1523 1678 1563 suum
1724 1508 1827 1564 sub
1851 1523 1989 1579 pen-

409 1598 497 1654 nis
535 1616 549 1653 :
589 1599 685 1655 sed
716 1599 992 1656 noluistis.
1033 1600 1176 1655 Ecce
1220 1600 1550 1669 relinquitur
1598 1600 1756 1655 vobis
1793 1601 1991 1657 domus

411 1700 591 1747 vestra
635 1692 700 1747 “.
759 1711 779 1743 ι
843 1691 1238 1750 Universorum
1302 1701 1486 1748 autem
1546 1694 1692 1747 Deus
1753 1694 1989 1749 liberare

407 1781 573 1852 359
611 1783 753 1837 hanc
777 1783 1260 1855 congregationem
1314 1784 1463 1838 mille
1502 1783 1760 1839 studebat
1789 1785 1986 1840 modis.

407 1876 478 1926 At
506 1872 614 1942 ipsi
638 1874 798 1930 valde
825 1874 1134 1930 refractarii
1160 1873 1398 1930 ell‘renes
1414 1882 1543 1930 sunt
1566 1875 1787 1940 redditi,
1812 1886 1868 1930 et
1893 1893 1989 1946 pu-

1448 480 1505 536 s.
1544 479 1825 537 cvauu
1861 478 2336 537 maxumum
2375 451 2705 540 Αιιοιιιερζ

2894 430 3041 444 μθ...

3578 491 3682 547 861

2028 598 2071 653 Α
2103 593 2238 660 Περὶ
2266 592 2374 661 τῆς
2399 595 2518 648 τῶν
2571 594 2876 672 ’ζουδαίων
2914 600 3297 672 ξρκαγωγῆς.
3327 602 3419 656 ὅτι
3449 603 3677 672 συνέϐη

2445 663 2660 719 πεσεῖν
2689 665 2886 735 αὐτὴν
2914 667 2984 733 ἐξ
3011 663 3333 737 ἀπειθείας.

2171 782 2241 828 α’.
2301 776 2411 845 Τῆς
2482 778 2749 833 Ἰουδαίων
2804 779 3130 851 Συναγωγῆς
3181 782 3243 835 τὸ
3308 786 3678 857 κατεσκληκὸς

2100 865 2262 934 ἄγαν,
2319 867 2410 920 καὶ
2453 868 2553 938 μέν
2607 885 2692 923 τοι
2742 869 2806 922 τὸ
2849 870 3073 935 ἀπειθὲς
3108 872 3202 926 καὶ
3235 873 3552 945 δυσάγωγον
3581 876 3674 931 τοῦ

2100 959 2325 1028 τρόπον,
2370 960 2603 1029 φανερὸν
2653 961 2821 1015 ἐτίθει
2876 964 2970 1016 καὶ
3000 962 3166 1019 πάλαι
3202 964 3337 1029 Θεὸς
3379 966 3464 1020 διὰ
3495 970 3675 1037 φωνῆς

2114 1051 2391 1122 Ἶεζεχιὴλ,
2433 1050 2575 1105 οὕτω
2618 1051 2810 1121 λέγων,
2855 1054 2937 1107 ὅτι
2979 1074 2997 1104 ι
3044 1055 3159 1119 Πᾶς
3190 1054 3393 1120 ὁοίκος
3436 1059 3673 1130 Ἰσραὴλ,

2100 1143 2395 1211 φιλόνεικοι
2440 1145 2545 1197 εἰσι
2589 1145 2682 1198 καὶ
2713 1144 3153 1216 σκληροκαρδιοι.
3194 1166 3213 1200 ι
3258 1149 3547 1219 Τοιγάρτοι
3579 1154 3674 1205 καὶ

2099 1235 2257 1297 αὐτὸς
2282 1236 2311 1287 6
2338 1235 2548 1305 Σωτὴρ,
2579 1236 2655 1299 ὡς
2693 1237 2755 1290 τὸ
2779 1236 3047 1302 σώζεσθαι
3072 1242 3546 1313 παραιτουμένην,
3582 1244 3674 1297 καὶ
3710 1251 3719 1295 Ξ

2096 1324 2195 1394 τὴν
2230 1323 2456 1378 ἐνοῦσαν
2474 1326 2613 1396 αὺτῇ
2648 1327 2943 1396 σκαιότητα
2966 1332 3280 1400 κατῃτιᾶτο,
3308 1329 3512 1399 λέγων’
3545 1352 3563 1383 ι
3589 1332 3677 1385 Ἱε-

2099 1415 2400 1486 ρουσαλὴμ,
2447 1416 2803 1488 Ἰερουσαλὴμ
2829 1420 2863 1488 ἡ
2887 1419 3261 1474 ἀποκτενοῦσα
3289 1422 3415 1485 τοὺς
3461 1425 3674 1495 προφή-

2094 1524 2212 1569 τας,
2258 1507 2353 1561 καὶ
2393 1506 2742 1567 λιθοϐολοῦσα
2775 1510 2901 1573 τοὺς
2941 1510 3379 1582 ἀπεσταλμένους
3408 1515 3543 1585 πρὸς
3573 1516 3673 1567 αὑ.

2095 1599 2192 1669 τήν
2214 1614 2228 1630 ·
2278 1597 2511 1661 ποσάκις
2542 1598 2782 1670 ἠθέλησα
2807 1601 3228 1669 ἐπισυναγαγεῖν
3252 1601 3320 1655 τὰ
3345 1603 3512 1657 τέκνα
3556 1622 3672 1664 σου.

2093 1688 2152 1741 ὃν
2198 1688 2400 1761 τρόπον
2440 1689 2762 1756 ἐπισυνάγει
2811 1688 2959 1760 ὅρνις
2997 1689 3065 1743 τὰ
3109 1692 3296 1745 νοσσία
3352 1693 3520 1764 αὐτῆς
3568 1695 3674 1749 ὑπὸ

2093 1779 2192 1842 τὰς
2239 1778 2557 1851 πτέρυγαςο
2609 1780 2703 1834 καὶ
2741 1782 2843 1834 οὐκ
2887 1780 3211 1852 ἠθελήσατε.
3273 1784 3402 1837 Ἰδοὺ
3454 1784 3671 1854 ἀφίεται

2092 1870 2222 1941 ὑμῖν
2251 1872 2279 1923 6
2305 1865 2472 1934 οἶκος.
2507 1890 2527 1924 ›
2561 1870 2619 1924 '0
2645 1872 2744 1941 μὲν
2772 1872 2880 1942 γάρ
2912 1872 3021 1926 τῶν
3047 1873 3183 1927 ὅλων
3211 1873 3342 1938 Θεὸς
3370 1875 3669 1940 ἀνασώζειν

407 1965 597 2020 dorem
617 1979 919 2035 supernum
952 1974 1330 2037 aspernantes,
1361 1965 1624 2036 gravibus
1659 1974 1716 2020 et
1740 1964 1983 2020 inconsi-

2090 1962 2256 2035 αὐτὴν
2288 1962 2378 2016 διά
2420 1964 2630 2034 μυρίων
2658 1964 2799 2018 ὅσων
2830 1964 2992 2034 ἤθελε
3022 1965 3261 2037 τρόπων.
3304 1968 3366 2020 Οἱ
3397 1966 3453 2019 δὲ
3486 1969 3671 2023 πολλοὶ

406 2054 615 2110 deratis
653 2055 1205 2127 tergiversationibus
1246 2057 1305 2112 in
1357 2056 1645 2112 interitum
1682 2072 1746 2111 ac
1793 2056 1985 2127 perni-

406 2149 547 2204 ciem
579 2148 921 2206 ferebantur.
960 2150 1163 2222 Legem
1208 2150 1378 2220 igitur
1409 2165 1509 2220 per
1530 2149 1719 2205 Mosen
1769 2149 1984 2216 statuit,

406 2255 516 2309 qua
537 2240 665 2296 duci
698 2250 848 2298 recte
871 2253 1128 2313 possent,
1159 2258 1225 2299 ac
1258 2243 1482 2299 virtutis
1519 2242 1695 2297 imbui
1730 2241 1983 2307 scientia,

408 2333 763 2404 veritatisque
790 2336 1158 2406 cognitionem
1190 2336 1476 2406 acquirere
1502 2353 1515 2388 :
1551 2335 1751 2391 dehinc
1772 2344 1988 2391 sancto—

408 2440 533 2480 rum
581 2427 977 2498 pr0phetarum
1029 2430 1288 2485 vaticinia
1348 2430 1649 2487 identidem
1703 2429 1987 2486 fructuose

406 2518 614 2575 eisdem
647 2519 922 2588 adhibuit,
947 2522 1117 2578 utalii
1141 2523 1308 2579 etiam
1346 2530 1705 2594 suppeterent
1743 2522 1985 2581 honestae

407 2609 532 2664 vita:
568 2608 756 2677 duass,
781 2611 879 2681 qui
920 2612 1196 2668 celebrem
1222 2622 1453 2670 nossent
1491 2613 1793 2670 informare
1834 2628 1990 2669 rem-.

409 2701 710 2770 publicam,
747 2711 804 2758 et
843 2703 1090 2775 legitime
1116 2705 1307 2771 vitam,
1342 2717 1399 2762 et
1432 2706 1499 2761 ad
1536 2705 1773 2777 quodvis
1806 2703 1983 2759 admi-

407 2795 639 2851 randum
686 2806 1038 2867 componant.
1097 2797 1338 2855 Accendi
1382 2799 1571 2869 itaque
1627 2813 1728 2868 par
1766 2803 1888 2851 erat
1915 2794 1985 2849 ad

406 2888 612 2957 gratias
637 2904 853 2946 summo
872 2891 986 2946 Deo
1012 2893 1282 2963 agendas,
1314 2893 1665 2963 libenterque
1683 2886 1986 2944 accedendi

406 2980 672 3052 magistri,
735 2982 887 3039 omni
924 2999 1021 3040 eos
1074 2984 1285 3040 honore
1312 2984 1638 3049 alliciendo;
1689 2980 1889 3037 deinde
1926 2988 1989 3035 ut

405 3073 564 3128 valde
590 3074 756 3129 etiam
780 3084 1030 3145 prompte
1061 3076 1208 3146 ipsos
1226 3076 1295 3132 ad
1313 3076 1539 3131 meliora
1570 3075 1905 3138 traduceret,
1927 3079 1984 3128 et

407 3181 541 3221 voce
570 3166 888 3222 honestiore
915 3177 1278 3238 caperentur;
1325 3168 1451 3224 duri
1488 3175 1674 3223 tamen
1706 3175 1765 3221 et
1796 3165 1981 3235 pervi-

407 3269 566 3310 caces
605 3268 754 3322 sunt,
798 3256 1110 3313 laborantes
1156 3259 1321 3313 etiam
1354 3257 1593 3330 graviori
1646 3256 1840 3311 morbo
1883 3254 1982 3310 de-

2094 2054 2214 2108 λίαν
2246 2056 2664 2121 ἀπονενευκότες
2701 2059 2783 2120 εἰς
2822 2056 2885 2111 τὸ
2919 2057 3153 2131 ὲξήνιον,
3203 2061 3300 2114 καὶ
3332 2061 3547 2130 φειδοῦς
3572 2064 3671 2131 τῆς

2088 2148 2293 2202 ἄνωθεν
2315 2148 2700 2220 ἀλογήσαντες,
2725 2148 2932 2212 δειναῖς
2956 2151 3050 2203 καὶ
3092 2152 3530 2217 ἀκατασκέπτοις
3565 2154 3671 2208 ὰπ-

2089 2238 2347 2310 εφὲροντο
2369 2242 2598 2310 τροπαῖς
2621 2241 2700 2305 εἰς
2729 2239 2947 2310 ὄλεθρον
2971 2241 3061 2294 καὶ
3074 2242 3364 2295 ἀπώλειάν.
3386 2244 3495 2297 Kal
3512 2241 3670 2300 τοῦτο

2088 2328 2455 2400 νομοθετήσας
2471 2328 2557 2382 διὰ
2591 2329 2832 2393 Μωσέως
2862 2329 2931 2382 τὰ
2955 2330 3019 2383 δι’
3045 2323 3119 2384 ὧν
3142 2328 3209 2402 ἦν
3232 2331 3488 2386 δύνασθαι
3514 2333 3672 2387 παιδ-

2089 2421 2421 2489 αγωγεῖσθαι
2480 2419 2661 2485 καλῶς
2710 2421 2848 2493 πρὸς
2897 2422 3106 2493 εἴδησιν
3156 2422 3379 2494 ἀρετῆς,
3427 2425 3521 2477 καὶ
3568 2425 3673 2495 τῆς

2087 2509 2345 2581 ἀληθείας
2367 2509 2466 2581 τὴν
2489 2510 2691 2578 γνῶσιν
2718 2511 3134 2583 ἀποκερδαίνειν
3159 2508 3218 2566 εὗ
3246 2514 3415 2584 μάλα,
3445 2514 3540 2568 καὶ
3572 2515 3668 2577 τὰς

2085 2600 2195 2653 τῶν
2216 2600 2387 2669 ἁγίων
2409 2600 2703 2673 προφητῶν
2720 2600 3014 2666 ἀναδείξεις
3033 2602 3168 2656 κατὰ
3183 2605 3407 2675 καιροὺς
3436 2605 3670 2659 ἰποιεῖτο

2088 2691 2395 2764 χρησίμως,
2455 2693 2544 2747 ἴνα
2596 2692 2768 2764 ἔχοιεν
2822 2694 2914 2748 καὶ
2965 2694 3182 2766 ἑτέρους
3230 2695 3338 2749 τῶν
3370 2696 3669 2751 καλλίστων

2088 2785 2404 2857 εἰσηγητὰς,
2438 2784 2905 2857 καταρῤυθμίζειν
2933 2786 3142 2849 εἰδότας
3172 2788 3250 2851 εἰς
3282 2787 3482 2841 εὐκλεᾶ
3515 2786 3668 2841 πολι·

2087 2874 2238 2928 τείαν
2278 2876 2357 2939 εἰς
2402 2875 2784 2945 ὲννομωτάτην
2822 2876 2988 2945 ζωὴν,
3040 2877 3136 2930 καὶ
3172 2877 3309 2949 πρὸς
3352 2880 3460 2931 πᾶν
3492 2877 3669 2931 ὁτιοῦν

2087 2965 2196 3018 τῶν
2227 2965 2711 3037 τεθαυμασμένων.
2758 2964 2919 3018 Ἀλλά
2954 2965 3070 3019 δέον
3116 2966 3376 3020 ἀνάπτειν
3410 2967 3476 3020 τά
3510 2984 3668 3038 χαριο

2094 3054 2294 3125 στήρια
2317 3053 2393 3126 τῷ
2419 3054 2525 3107 τῶν
2556 3053 2690 3109 ὅλων
2719 3053 2856 3124 Θεῷ,
2893 3054 2987 3107 καὶ
3015 3054 3336 3126 προσίεσθαι
3367 3056 3465 3127 μὲν
3498 3056 3670 3123 ἁσμέ-

2093 3163 2198 3210 νως
2247 3147 2374 3209 τοὺς
2427 3145 2846 3215 παιδαγωγοὺς,
2905 3146 3073 3217 τιμῆς
3130 3148 3186 3201 δὲ
3236 3148 3418 3219 πάσης
3472 3149 3672 3212 αὐτοὺς

2095 3237 2298 3305 ἀξιοῦν,
2335 3237 2802 3309 μεταπλάττεσθαι
2833 3239 2889 3293 δὲ
2927 3239 3113 3310 ὥσπερ
3158 3239 3250 3293 καὶ
3294 3241 3438 3306 μάλα
3470 3240 3671 3313 προθύ-

407 3347 667 3416 prehensi
688 3357 836 3405 sunt.
866 3350 1104 3406 Proinde
1126 3351 1290 3407 simul
1328 3318 1637 3421 perierunt,
1682 3357 1740 3404 et
1777 3348 1845 3404 de
1894 3347 1987 3402 his

2095 3350 2210 3403 μως
2254 3332 2390 3405 πρὸς
2425 3331 2497 3386 τὰ
2533 3332 2764 3401 ἀμείνω,
2809 3332 2901 3385 καὶ
2936 3335 3084 3405 φωνῇ
3113 3331 3328 3387 ἑλέσθαι
3360 3336 3427 3404 τῇ
3454 3351 3672 3415 πρεπωτ

408 3438 676 3497 Jcremias
718 3441 986 3511 propheta
1032 3442 1412 3513 pronuntiavit
1447 3458 1462 3495 ι
1516 3460 1534 3492 ι
1561 3441 1767 3497 Domus
1817 3437 1987 3493 Israel

409 3530 643 3596 cecidit,
680 3539 737 3586 et
777 3548 886 3588 non
914 3545 1002 3591 est
1041 3536 1137 3603 qui
1164 3534 1458 3589 resuscitet
1489 3548 1612 3588 eam
1635 3531 1701 3585 ⁸³.
1736 3552 1753 3581 ›
1793 3529 1990 3586 Consi-

409 3620 544 3677 dera
572 3622 708 3678 mihi
755 3639 871 3680 rem
912 3624 1116 3691 denuo,
1151 3633 1342 3695 eLper
1381 3623 1545 3679 Mosis
1594 3625 1861 3694 scripturn
1892 3622 1989 3678 ob—

410 3714 630 3771 scurius
665 3730 785 3771 esse
810 3716 1146 3787 praedictam.
1185 3716 1276 3772 Sic
1301 3716 1449 3771 enim
1479 3716 1573 3771 ille
1603 3715 1661 3770 in
1692 3714 1940 3769 Levitico
1970 3731 1984 3767 :

404 3821 440 3855 -‹
473 3805 543 3861 Et
573 3805 792 3862 locutus
824 3815 911 3863 est
942 3806 1210 3862 Dominus
1238 3807 1307 3862 ad
1332 3807 1518 3862 Mosen
1550 3815 1610 3863 et
1639 3809 1822 3863 Aaron
1842 3846 1856 3871 ,
1900 3805 1986 3860 di-

409 3912 545 3953 cens
585 3897 763 3954 :Cum
795 3899 1027 3970 ingressi
1066 3898 1287 3954 fueritis
1312 3899 1370 3954 in
1407 3906 1613 3954 terram
1644 3897 1985 3954 Chananreo-

407 4003 555 4053 rum,
583 4003 748 4059 quam
781 4003 884 4060 ego
906 3988 978 4044 do
992 3988 1152 4051 vobis
1181 3988 1239 4044 in
1262 3987 1691 4060 possessionem,
1736 3995 1792 4041 et
1842 3985 1987 4041 dabo

410 4088 617 4136 tactum
657 4081 823 4152 lepra:
855 4082 911 4136 in
958 4081 1218 4139 domibus
1240 4090 1400 4137 terrae
1449 4097 1481 4136 a
1514 4081 1673 4136 vobis
1700 4094 1982 4150 possessa.

408 4171 479 4229 Et
507 4174 692 4229 veniet
722 4174 880 4243 cujus
927 4183 1012 4229 est
1044 4173 1218 4243 ipsius
1265 4173 1461 4230 domus
1484 4214 1499 4237 ,
1535 4182 1592 4229 et
1638 4170 1988 4229 annuntiabit

408 4263 684 4322 sacerdoti
731 4263 966 4319 dicens:
1012 4262 1179 4331 Quasi
1218 4271 1396 4320 tactus
1442 4264 1592 4318 visus
1631 4270 1717 4319 est
1746 4262 1882 4317 mihi
1931 4262 1986 4318 in

407 4355 592 4411 domo.
622 4356 692 4411 Et
717 4356 996 4426 praecipiet
1027 4355 1285 4413 sacerdos
1308 4356 1453 4412 vasis
1477 4369 1712 4411 vacuare
1738 4354 1984 4415 domum,

406 4456 702 4517 antequam
735 4446 1016 4517 ingressus
1048 4444 1307 4501 sacerdos
1332 4452 1538 4500 tactum
1563 4443 1770 4507 videat,
1791 4453 1847 4499 et
1877 4459 1986 4498 non

407 4535 543 4591 ﬁant
586 4536 870 4592 immunda
923 4551 1268 4607 quaecunque
1316 4535 1523 4591 fuerint
1566 4536 1621 4590 in
1686 4537 1872 4590 domo.
1920 4536 1988 4588 Et

2088 3424 2320 3496 δεστέρᾳ
2345 3439 2356 3451 ·
2396 3424 2621 3495 σκληροί
2664 3442 2721 3478 τε
2759 3423 2852 3477 καὶ
2886 3423 3142 3492 ἄτεγκτοι
3169 3426 3263 3479 καὶ
3304 3425 3371 3479 τὰ
3400 3425 3479 3477 ἔτι
3502 3410 3671 3496 χείρω

2089 3515 2369 3579 νοσοῦντες
2401 3515 2701 3587 ἡλίσκοντο.
2741 3516 3031 3588 Τοιγάρτοι
3074 3517 3169 3570 καὶ
3211 3516 3549 3582 διολώλασιν,
3579 3517 3674 3570 ml

2089 3610 2377 3672 én’afnoi;
2410 3612 2437 3663 6
2476 3608 2763 3680 προφήτης
2798 3600 3073 3681 Ἱερεμίας
3100 3602 3201 3663 ιῖδὲ
3226 3627 3410 3681 φησιν·
3455 3629 3473 3661 ι
3512 3604 3671 3672 Οἶκος

2101 3701 2320 3774 Ἰσραὴλ
2346 3700 2562 3768 ἔπεσεν,
2586 3701 2686 3755 οὐκ
2718 3701 2866 3754 ἔστιν
2890 3703 3200 3774 ἀναστήσας
3225 3702 3409 3757 αὑτὸν.
3440 3720 3458 3753 ι
3482 3702 3672 3772 Ἀθρει

2086 3794 2144 3849 δέ
2193 3813 2281 3865 μοι
2320 3795 2381 3849 τὸ
2421 3795 2609 3866 χρῆμα
2637 3793 2819 3860 πάλιν,
2844 3794 2936 3848 καὶ
2962 3794 3051 3848 διὰ
3085 3793 3192 3846 τῶν
3224 3794 3465 3857 Μωσέως
3491 3809 3673 3864 γραμ-

2091 3888 2277 3957 μάτων
2300 3886 2713 3957 αἰνιγματωδῶς
2762 3886 3127 3957 φωνούμενον.
3165 3887 3320 3955 Ἔχει
3353 3886 3461 3955 γάρ
3500 3884 3672 3949 οὕτως

2087 3980 2145 4031 ὲν
2176 3977 2253 4047 τῷ
2280 3964 2568 4045 Λευιτικῷ·
2604 3994 2622 4026 ι
2662 3976 2777 4029 Kal
2805 3974 3035 4046 ἑλάλησε
3064 3975 3267 4045 Κύριος
3297 3974 3433 4044 πρὸς
3466 3973 3672 4043 Μωσῆν

2089 4070 2183 4123 καὶ
2230 4066 2465 4141 ζΛαρὼν,
2509 4068 2721 4137 λέγων·
2768 4066 2854 4131 Ὠς
2906 4068 2973 4120 ἂν
3014 4065 3292 4137 εἰσέλθητε
3334 4068 3412 4131 εἰς
3441 4066 3539 4138 τὴν
3568 4069 3672 4137 γῆν

2087 4160 2196 4213 τῶν
2244 4159 2585 4225 Χαναναίων,
2620 4159 2687 4232 ἣν
2719 4157 2831 4229 ἐγὼ
2858 4158 3049 4230 δίδωμι
3088 4160 3214 4229 ὑμῖν
3242 4159 3299 4212 ὲν
3330 4159 3537 4230 κλήρῳ,
3578 4158 3674 4212 καί⁸

2086 4250 2241 4317 δώσω
2279 4252 2421 4322 ἁφὴν
2455 4250 2663 4324 λέπρας
2705 4253 2762 4306 ἐν
2793 4254 2912 4315 ταῖς
2940 4250 3138 4312 οἰκίαις
3166 4250 3264 4322 τῆς
3304 4250 3407 4321 γῆς
3441 4250 3538 4321 τῆς
3576 4251 3670 4319 ὲγ-

2087 4348 2290 4416 κτήτου
2324 4346 2472 4415 ὑμῖν.
2497 4337 2749 4416 Καὶ’ἦξει
2772 4343 2917 4407 τινος
2947 4343 3111 4396 αὐτοῦ
3138 4345 3169 4413 ἡ
3201 4344 3368 4401 οἰκία,
3386 4344 3479 4397 καὶ
3506 4343 3667 4411 ἀναγ·

2088 4439 2235 4507 γελεῖ
2276 4436 2352 4507 τῷ
2401 4439 2533 4507 ἱερεῖ
2565 4436 2738 4505 λέγων
2766 4454 2777 4467 ·
2810 4432 3025 4507 Ὥσπερ
3056 4434 3169 4506 ἁφὴ
3214 4432 3451 4506 ἐώραταί
3488 4452 3576 4504 μοι
3615 4436 3673 4487 ἐν

2087 4532 2153 4600 τῇ
2199 4528 2368 4600 οἰκίᾳ.
2402 4530 2512 4582 Καὶ
2542 4528 2835 4600 προστάξει
2872 4530 2901 4581 6
2942 4528 3121 4599 ἱερεὺς
3166 4526 3541 4580 ἀποσκευάσαι
3575 4528 3673 4597 τὴν

407 4635 536 4696 post
587 4627 704 4683 haec
755 4627 1097 4698 ingredietur
1149 4628 1404 4684 sacerdos
1440 4628 1512 4682 ad
1550 4626 1984 4698 cognoscendam

2090 4621 2267 4675 οἰκίαν
2311 4620 2419 4692 πρὸ
2452 4620 2544 4674 τοῦ
2577 4619 2846 4673 εἰσελθεῖν
2874 4620 2964 4673 τὸν
3011 4620 3161 4691 ἱερέα
3209 4620 3335 4673 ἰδεῖν
3374 4621 3469 4703 τὴν
3503 4620 3669 4690 ἁφὴν,

407 4720 669 4787 domum;
698 4731 752 4784 et
783 4720 1016 4791 aspiciet
1041 4719 1298 4775 sacerdos
1321 4730 1547 4776 tactum.
1567 4721 1636 4775 Et
1658 4736 1786 4775 ecce
1812 4728 1990 4776 Iactus

408 4815 466 4869 in
491 4814 792 4884 parietibus
817 4813 1035 4879 domus,
1056 4814 1332 4869 .cavitatcs
1356 4813 1679 4878 viridantes,
1712 4813 1795 4892 vel
1824 4814 1988 4869 rube-

408 4918 660 4972 seentes,
700 4916 757 4962 et
804 4915 1061 4977 aspectus
1098 4908 1217 4978 ejus
1266 4906 1531 4961 humilior
1560 4905 1886 4975 parietibus.
1924 4907 1990 4961 Et

408 5016 664 5071 egressus
687 5000 944 5057 sacerdos
964 5016 994 5056 e
1033 5001 1197 5054 domo
1234 4997 1303 5053 ad
1325 4998 1526 5053 ostium
1550 4997 1766 5061 domus,
1802 5014 1988 5069 segre-

408 5092 559 5161 gabit
598 5092 859 5148 sacerdos
892 5092 1115 5146 domum
1156 5098 1367 5160 septem
1393 5089 1531 5145 dies.
1569 5089 1636 5144 Et
1671 5090 1874 5146 redibit
1898 5107 1988 5146 sa-

411 5182 607 5237 cerdos
629 5181 719 5237 die
766 5184 1019 5253 septimo,
1085 5189 1142 5236 et
1190 5179 1418 5251 aspiciet
1462 5179 1686 5236 domum
1723 5199 1735 5233 :
1775 5189 1831 5237 et
1861 5197 1989 5236 ecce

409 5274 645 5329 diffusus
668 5281 754 5329 est
782 5283 961 5330 tactus
990 5274 1045 5328 in
1071 5272 1377 5342 parietibus
1417 5271 1616 5327 domus
1654 5289 1666 5326 :
1707 5279 1765 5326 et
1796 5272 1989 5342 praeei-

410 5362 525 5431 piet
549 5362 828 5428 sacerdos,
860 5368 919 5416 et
942 5369 1144 5415 erucnt
1162 5360 1375 5431 lapides
1407 5361 1463 5415 in
1482 5361 1687 5431 quibus
1710 5370 1793 5416 est
1810 5362 1983 5431 lepra,

411 5464 468 5507 et
500 5452 724 5523 ejicient
758 5467 856 5507 eos
901 5460 1058 5505 extra
1109 5450 1392 5505 civitatem
1434 5452 1492 5506 in
1522 5453 1703 5508 locum
1743 5453 1985 5507 immun-

412 5543 563 5599 dum.
594 5544 664 5601 Et
685 5544 911 5598 domum
934 5541 1130 5596 radent
1149 5543 1218 5597 ab
1251 5543 1399 5599 intus
1433 5544 1489 5598 in
1517 5544 1776 5607 circuitu,
1816 5551 1873 5598 et
1906 5543 1988 5598 ef-

412 5636 643 5692 fundent
666 5634 951 5705 pulverem
996 5649 1184 5688 rasum
1220 5642 1374 5687 extra
1408 5632 1685 5688 civitatem
1718 5634 1772 5687 in
1812 5633 1991 5689 locum

410 5726 779 5783 immundum.
814 5725 882 5778 Et
904 5733 1123 5779 sument
1152 5724 1289 5778 alios
1316 5724 1527 5794 lapides
1550 5725 1711 5796 360
1741 5716 1916 5791 rasos,
1940 5734 1995 5780 ct

2094 4713 2189 4766 καὶ
2220 4713 2279 4766 οὐ
2309 4712 2384 4783 μὴ
2411 4711 2697 4783 ἀκάθαρτα
2725 4711 2979 4780 γενέσθαι
3006 4714 3183 4767 πάντα
3207 4714 3307 4766 ὅσα
3335 4714 3428 4768 ἐὰν
3523 4715 3582 4766 ὲν
3606 4716 3672 4786 τῇ

2090 4807 2257 4878 οἰκίᾳ.
2294 4807 2406 4862 Kal
2456 4804 2596 4876 μετά
2636 4804 2810 4858 ταῦτα
2852 4804 3218 4860 εἰσελεύσεται
3246 4807 3273 4858 ὁ
3304 4807 3484 4882 ἱερεὺς
3510 4823 3675 4860 κατα-

2094 4900 2287 4972 μαθεῖν
2340 4899 2436 4969 τὴν
2493 4898 2693 4963 οἰκίαν,
2731 4899 2826 4951 καὶ
2870 4898 3058 4966 ὄψεται
3109 4899 3137 4950 6
3170 4899 3349 4969 ἱερεὺς
3380 4898 3476 4969 τὴν
3508 4898 3672 4967 άιρήν.

2090 4995 2202 5047 Kal
2237 4992 2346 5046 ἰδοὺ
2384 4992 2416 5062 ὴ
2445 4991 2558 5063 ἁφὴ
2583 4992 2641 5043 ὲν
2671 4993 2782 5054 τοῖς
2808 4990 3006 5061 τοίχοις
3051 4988 3148 5059 τῆς
3192 4990 3390 5054 οἰκίας,
3424 4988 3674 5052 κοιλάδας

2088 5085 2461 5157 χλωριζούσας
2494 5084 2527 5155 ἢ
2561 5083 2918 5155 πυριζούσας,
2946 5084 3041 5137 καὶ
3068 5082 3189 5154 ἅχεις
3218 5082 3381 5137 αὑτοῦ
3424 5099 3678 5135 ταπεινο-

2086 5178 2222 5248 τέρα
2246 5177 2352 5230 τῶν
2388 5175 2604 5247 τοίχων.
2637 5176 2747 5229 Καὶ
2778 5173 3007 5241 ἐξελθὼν
3030 5176 3058 5228 6
3091 5176 3265 5245 ἱερεὺς
3295 5176 3358 5227 ἐκ
3378 5175 3476 5244 τῆς
3500 5174 3676 5239 οἰκίας

2087 5271 2183 5323 ἐπὶ
2227 5271 2325 5338 τὴν
2373 5268 2544 5339 θύραν
2590 5268 2692 5339 τῆς
2725 5270 2922 5334 οἰκίας,
2957 5268 3175 5339 ἀφοριεῖ
3207 5270 3234 5320 6
3263 5268 3441 5338 ἱερεὺς
3466 5265 3564 5336 τὴν
3602 5268 3680 5319 οἰ-

2090 5363 2214 5415 κίαν
2242 5361 2380 5415 ἐπτά
2407 5361 2638 5432 ἡμέρας.
2671 5360 2781 5413 Kal
2813 5358 2971 5411 πάλιν
2999 5358 3164 5429 ἦξειὸ
3191 5358 3366 5429 ἱερεὺς
3401 5360 3465 5428 τῇ
3496 5356 3679 5428 ἡμέρᾳ

2089 5456 2155 5524 τῇ
2186 5454 2409 5524 ἑϐδόμῃ,
2458 5453 2552 5506 καὶ
2581 5451 2773 5520 ὄψεται
2810 5451 2907 5521 τὴν
2931 5450 3137 5503 οἰκίαν·
3170 5450 3264 5501 καὶ
3305 5449 3413 5502 ἰδοῦ
3455 5446 3677 5518 διεχύοη

2097 5546 2130 5614 ή
2158 5543 2271 5615 ἀρὴ
2304 5545 2359 5595 ἐν
2398 5545 2512 5604 τοῖς
2559 5540 2759 5611 τοίχοις
2796 5540 2895 5608 τῆς
2937 5540 3135 5602 οἰκίας,
3179 5541 3270 5591 καὶ
3320 5537 3615 5609 προστάξει
3648 5538 3679 5588 ὁ

2106 5635 2305 5704 ἱερεὺς,
2343 5634 2431 5687 καὶ
2459 5633 2699 5697 ἐξελοῦσι
2721 5634 2843 5694 τοὺς
2868 5632 3045 5694 λίθους
3080 5634 3135 5683 ἐν
3169 5624 3247 5694 οἷς
3291 5633 3438 5684 ἐστιν
3471 5632 3502 5701 ἡ
3539 5632 3675 5699 ἀςήο

2103 5728 2197 5778 καὶ
2243 5725 2561 5779 ἐκϐαλοῦσιν
2600 5724 2795 5787 αὐτοὺς
2845 5723 2945 5790 ἔξω
2978 5722 3073 5793 τῆς
3120 5723 3355 5788 πόλεως,
3400 5723 3474 5785 είς
3514 5720 3680 5774 τόπον

486 5908 525 5933 “
578 5904 777 5959 Ezech.
831 5918 909 5969 ιιι,
969 5902 1018 5956 7.
1099 5903 1140 5934 ⁸⁸
1190 5902 1377 5957 .‘dalth.
1436 5917 1583 5967 um,
1620 5902 1709 5967 '57,
1751 5902 1838 5956 58.
1920 5902 1987 5957 ⁶³ζ

2090 5921 2117 5967 r,
2156 5901 2326 5956 Amos
2362 5919 2412 5968 γ,
2451 5903 2494 5956 ι.
