4120 6446
468 411 573 472 5‘65

1457 413 1982 473 CLAPHYRORUM
2022 417 2090 474 lN
2130 418 2505 477 LEVITICUM
2547 420 2770 477 LIBER.

3656 416 3772 470 566’

469 523 802 596 ἀκάθαρτον.
871 525 982 578 Καὶ
1049 525 1149 596 τὴν
1213 525 1390 580 οἰκίαν
1443 529 1808 596 ἀποξύτουσιν
1861 529 2063 584 ἔσωθεν

2175 543 2371 603 ponent
2400 550 2498 604 pro
2526 534 2824 603 lapidibus.
2858 540 2912 586 et
2939 533 3219 603 pulverem
3244 531 3413 585 alium
3444 539 3760 593 Sllll‘lClll,t‘l

470 615 674 684 κύκλῳ,
723 615 820 668 καὶ
857 616 1106 686 ἐκχεοῦσι
1151 618 1241 670 τὸν
1280 617 1408 688 χοῦν
1431 619 1522 674 τὸν
1547 621 1927 692 ἀπεξυσμὲνον
1956 621 2061 686 ἔξω

466 709 568 777 τῆς
593 708 801 772 πόλεως
833 710 915 773 εἰς
954 711 1119 764 τόπον
1153 712 1483 782 ἀκάθαρτον.
1531 713 1641 768 Καὶ
1680 715 1940 786 λήψονται
1981 715 2063 768 λί-

469 803 595 866 θους
628 802 851 874 ἐτέρους
886 803 1318 875 άπεξυσμένους,
1366 807 1460 859 καὶ
1503 806 1764 878 θήσουσιν
1801 810 1922 862 ἀντὶ
1953 809 2062 863 τῶν

388 907 407 917 ·
471 892 653 956 λίθων,
702 893 798 945 καὶ
850 893 980 962 χοῦν
1021 895 1207 966 ἕτερον
1252 895 1536 969 λήψονται,
1576 899 1672 953 καὶ
1721 900 2064 969 ἐξαλείφουσι

472 985 568 1054 τὴν
607 984 808 1038 οἰκίαν.
845 986 971 1038 Ἐὰν
1011 987 1066 1040 δὲ
1108 988 1314 1062 ἐπέλθῃ
1352 991 1515 1044 πάλιν
1556 993 1588 1062 ἡ
1637 991 1774 1063 ἁφὴ,
1810 993 1904 1046 καὶ
1930 993 2060 1045 ἀνα.-

474 1075 622 1146 τείλῃ
659 1077 720 1130 ἐν
750 1080 816 1148 τῇ
855 1078 1025 1150 οἰκίᾳ,
1062 1079 1203 1149 μετά
1244 1082 1308 1134 τὸ
1350 1082 1552 1147 ἐξελεῖν
1584 1085 1711 1147 τοὺς
1744 1083 1948 1150 λίθους,
1973 1086 2066 1137 καὶ

476 1167 614 1234 μετὰ
639 1169 700 1221 τὸ
749 1169 1122 1241 ἀποξυσθῆναι
1167 1175 1268 1243 τὴν
1319 1174 1518 1241 οἰκίαν,
1561 1177 1656 1230 καὶ
1705 1176 1844 1247 μετά
1873 1177 1933 1229 τὸ
1976 1177 2063 1242 ἐξ·

474 1261 795 1334 αλειφθῆναι
822 1265 922 1335 τὴν
951 1267 1150 1330 οἰκίαν,
1181 1270 1274 1322 καὶ
1293 1269 1662 1326 εἰσελεύσεται
1685 1271 1714 1324 ό
1747 1271 1946 1342 ἰερεὺς,
1972 1271 2067 1323 καὶ

472 1353 663 1420 δνζιεται
694 1353 745 1406 εί
772 1354 1087 1426 διακέχυται
1122 1359 1156 1428 ὴ
1199 1358 1311 1430 ἁφὴ
1361 1361 1418 1412 ἐν
1447 1363 1512 1432 τῇ
1557 1361 1725 1429 οἰκίᾳ,
1757 1359 1933 1430 λέπρα
1965 1359 2066 1430 ἒμ-

477 1445 636 1511 μονός
669 1447 817 1499 ἐστιν
850 1450 910 1500 ἐν
961 1452 1028 1521 τῇ
1055 1450 1224 1521 οἰκία,
1256 1452 1567 1524 ἀκάθαρτός
1598 1455 1735 1506 ἐστι.
1778 1453 1888 1506 Καὶ
1935 1451 2071 1506 καθ-

477 1536 657 1590 ελοῦσι
678 1537 775 1610 τὴν
801 1540 998 1607 οἰκίαν,
1026 1544 1122 1597 καὶ
1148 1545 1218 1598 τὰ
1243 1544 1374 1610 ξύλα
1391 1547 1582 1618 αὐτῆς,
1614 1549 1708 1601 καὶ
1733 1550 1862 1612 τοὺς
1885 1547 2070 1610 λίθους

478 1632 669 1702 αὑτῆς,
689 1634 785 1686 καὶ
817 1635 994 1688 πάντα
1023 1638 1115 1690 τὸν
1144 1637 1272 1708 χοῦν
1299 1639 1402 1708 τῆς
1433 1640 1610 1704 οἰκίας
1637 1640 1938 1705 ἐξοίσουσιν
1965 1639 2070 1706 ἔξω

479 1726 578 1794 τῆς
606 1725 829 1790 πόλεως,
863 1728 944 1790 εἰς
967 1728 1134 1781 τόπον
1157 1729 1494 1802 ἀκάθαρτον.
1530 1751 1550 1782 ι
1580 1729 1713 1786 Εἶτα
1730 1732 1821 1786 τὸν
1848 1735 1904 1786 ἐν
1929 1734 2067 1802 αὐτῇ

478 1814 819 1886 κοιμώμενον
831 1817 924 1871 καὶ
938 1819 1185 1873 ἐσθίοντα
1200 1823 1293 1874 καὶ
1304 1823 1442 1887 ὅλως
1455 1823 1799 1877 εἰσῦαίνοντα
1810 1841 2072 1896 προειρη-

2163 629 2388 682 domum
2422 629 2638 683 linient.
2660 629 2718 682 Si
2747 637 2929 682 autem
2959 625 3190 680 redierit
3218 625 3420 685 iterum
3463 631 3664 685 tactus,
3707 631 3761 675 et

2167 718 2519 788 repullularit
2562 719 2618 772 in
2657 718 2844 782 domo,
2872 725 3163 787 postquam
3194 715 3338 769 eruti
3379 712 3586 767 fuerint
3620 713 3761 782 lapi-

2165 811 2283 873 des,
2319 817 2374 864 et
2400 817 2690 880 postquam
2740 809 2938 864 domus
2980 808 3150 863 fuerit
3192 823 3345 871 rasa,
3385 815 3443 860 et
3471 813 3762 875 postquam

2165 901 2323 955 linita
2357 901 2589 965 domus;
2635 907 2692 953 et
2725 899 3067 970 ingredietur
3110 897 3392 960 sacerdos,
3419 902 3503 951 'et
3533 893 3763 964 aspiciet

2169 996 2212 1048 si
2242 993 2483 1049 diffusus
2515 1001 2601 1047 cst
2634 999 2812 1046 tactus
2841 991 2894 1044 in
2929 990 3116 1055 domo,
3151 990 3302 1059 lepra
3328 1001 3660 1060 permanens
3680 995 3764 1039 est
3818 968 3825 975 ’

2169 1089 2222 1142 in
2261 1087 2447 1152 domo,
2513 1084 2796 1140 immunda
2846 1093 2950 1139 est.
2985 1083 3054 1137 Et
3085 1083 3378 1136 destruent
3422 1081 3672 1142 domum,
3707 1088 3765 1131 et

2169 1181 2313 1252 ligna
2343 1182 2482 1252 ejus,
2510 1187 2565 1234 et
2602 1177 2816 1249 lapides
2841 1179 2982 1248 ejus,
3013 1185 3069 1231 et
3101 1191 3320 1230 onmem
3351 1176 3633 1246 pulverem
3665 1173 3764 1227 do-

2169 1289 2293 1328 mus
2345 1273 2580 1328 eﬂ'erent
2632 1280 2788 1326 extra
2843 1270 3155 1333 civitatem,
3207 1270 3262 1323 in
3293 1269 3473 1323 locum
3519 1267 3763 1321 immun-
3819 1263 3836 1338 ἰ

2169 1365 2301 1419 dum
2319 1365 2385 1417 ⁸⁵.
2426 1383 2444 1416 ι
2484 1361 2780 1418 Deinde‘in
2806 1361 2923 1432 ipsa
2947 1361 3112 1415 domo
3149 1361 3538 1422 dormientem,
3577 1367 3633 1413 et
3666 1373 3766 1412 ve-
3837 1338 3856 1351 i'

2170 1466 2438 1522 scentem,
2465 1465 2521 1510 et
2547 1455 2776 1510 omnino
2817 1454 3220 1525 ingredientem
3255 1467 3381 1508 cum
3403 1451 3633 1506 dixisset
3659 1449 3765 1502 im-

2173 1549 2464 1615 mundum,
2493 1548 2799 1604 introducit
2833 1550 3036 1603 iterum
3076 1546 3420 1602 sacerdotem
3464 1542 3766 1613 inspicien-

2172 1654 2304 1699 tem.
2343 1645 2432 1699 Ait
2461 1642 2650 1697 enim:
2682 1659 2701 1692 ‹
2735 1640 2791 1696 Si
2814 1649 2998 1695 autem
3046 1638 3317 1694 accedens
3353 1635 3642 1691 intraverit
3675 1650 3771 1688 sa-

2174 1737 2394 1802 cerdos,
2450 1745 2509 1791 et
2547 1734 2772 1799 viderit,
2805 1741 2862 1788 et
2894 1749 3024 1788 ecce
3059 1732 3364 1786 difl'usione
3385 1729 3624 1785 diffusus
3654 1744 3780 1782 non'

2173 1839 2258 1886 cst
2296 1839 2477 1885 tactus
2509 1829 2564 1884 in
2595 1829 2781 1892 domo,
2814 1834 3104 1897 postquam
3136 1825 3298 1879 linita
3327 1823 3438 1877 fuit
3461 1823 3679 1884 domus,
3711 1828 3770 1874 et

477 1909 588 1973 κὼς
601 1909 932 1974 ἀκάθαρτον,
951 1913 1162 1982 εἰσάγει
1186 1915 1347 1968 πάλιν
1360 1915 1765 1970 ἐπισκοποῦντα
1781 1917 1872 1970 τὸν
1895 1916 2064 1988 ἱερέα.

2177 1923 2468 1978 mundabit
2491 1923 2751 1978 sacerdos
2765 1921 3014 1985 domum,
3040 1919 3169 1989 quia
3203 1927 3430 1972 sanatus
3455 1923 3542 1970 est
3567 1921 3764 1969 tactus.

475 1999 638 2068 Λέγει
664 1999 794 2072 γάρ·
837 2020 855 2054 ι
896 2001 1023 2056 Ἐὰν
1046 2003 1106 2057 δέ
1130 2006 1578 2077 παραγενόμενος
1601 2009 1628 2060 ὀ
1654 2009 1833 2078 ἱερεὺς
1851 2007 2070 2078 εἰσέλθῃ

477 2092 573 2146 καὶ
589 2092 697 2165 ίδῃ,
711 2095 805 2148 καὶ
825 2095 934 2149 ἰδοὺ
953 2096 1201 2168 διαχύσει
1217 2098 1279 2152 οὑ
1296 2099 1565 2170 διαχεῖται
1583 2101 1615 2170 ή
1635 2100 1746 2171 ἁφὴ
1765 2101 1824 2154 ἐν
1837 2102 1903 2172 τῇ
1921 2101 2070 2172 οἰκίᾳ

480 2185 621 2255 μετά
639 2187 701 2242 τὸ
719 2188 1106 2261 ἐξαλειφθῆναι
1122 2191 1221 2262 τὴν
1236 2191 1436 2258 οἰκίαν,
1459 2194 1555 2248 καὶ
1571 2193 1828 2264 καθαριεῖ
1845 2196 1872 2247 ὀ
1890 2193 2072 2265 ἰερεὺς

475 2279 576 2350 τὴν
591 2279 796 2344 οἰκίαν,
815 2281 899 2335 ὅτι
922 2282 1048 2356 ἰάθη
1072 2285 1104 2355 ἠ
1128 2285 1264 2355 ἁφή.
1285 2285 1636 2358 Καὶλήψεται
1657 2285 2072 2358 ἀφαγνίσαιῖτὴν

475 2374 654 2428 οἰκίαν
676 2374 772 2429 δύο
793 2375 1007 2446 ὀρνίθια
1041 2377 1260 2450 καθαρὰ
1281 2378 1482 2446 ζῶντα,
1515 2380 1612 2434 καὶ
1633 2379 1789 2446 ξύλον
1803 2381 2070 2452 κέδρινον,

478 2469 571 2521 καὶ
599 2469 984 2538 κεκλωσμένον
1013 2471 1285 2538 κόκκινον,
1315 2475 1409 2527 καί⁵
1432 2473 1707 2530 ὕσσωπον.
1735 2476 1850 2529 Καὶ
1879 2473 2072 2544 σφάξει

477 2563 537 2614 τὸ
551 2562 786 2633 ὀρνίθιον
805 2563 866 2617 τὸ
889 2563 947 2618 ἓν
965 2567 1044 2629 είς
1067 2567 1262 2630 σκεῦος
1282 2567 1607 2640 ὀστράκινον
1628 2571 1685 2622 ἐν
1708 2569 1862 2623 ὑδατι
1886 2567 2066 2633 ζῶντι.

478 2653 585 2706 Καὶ
618 2653 849 2725 λήψεται
874 2653 937 2708 τὸ
969 2653 1125 2719 ξύλον
1146 2654 1208 2709 τό
1242 2656 1509 2728 κέδρινον,
1541 2657 1636 2710 καὶ
1665 2656 1729 2710 τὸ
1757 2656 2076 2728 κεκλωσμέ-

477 2763 566 2798 νον
600 2748 876 2813 κόκκινον,
921 2749 1016 2802 καὶ
1049 2749 1150 2820 τὴν
1181 2749 1434 2804 ὕσσωπον
1456 2791 1470 2812 ,
1519 2751 1614 2805 καὶ
1653 2750 1714 2803 τὸ
1741 2749 1978 2822 ὀρνίθιον
2013 2751 2073 2805 τὸ

480 2837 606 2901 ζῶν,
646 2841 738 2894 καὶ
779 2840 941 2911 βάψει
978 2843 1119 2897 αύτά
1173 2846 1254 2907 εἰς
1306 2845 1368 2898 τὸ
1413 2839 1554 2916 αἷμα
1583 2845 1676 2898 τοῦ
1705 2845 1941 2918 ὀρνιθίου
1976 2845 2071 2898 τοῦ

478 2934 827 3005 ἐσφαγμένου
865 2936 952 3004 ἐφ’
997 2935 1152 2991 ὕδατι
1180 2937 1363 3003 ζῶντι,
1402 2940 1496 2992 καὶ
1527 2941 1854 3012 περιρρανεί
1885 2942 1942 2994 ἐν
1972 2941 2073 2995 αὑ-

477 3031 592 3092 τοῖς
625 3031 718 3084 ἐπὶ
737 3031 835 3104 τὴν
865 3031 1044 3085 οἰκίαν
1070 3031 1323 3095 ἑπτάκις.
1349 3032 1456 3086 Καὶ
1482 3031 1742 3101 ἀφαγνιεῖ
1766 3033 1868 3104 τὴν
1893 3033 2074 3086 οἰκίαν

478 3126 537 3176 ἐν
563 3124 642 3194 τῷ
675 3125 868 3195 αἵματι
897 3124 990 3178 τοῦ
1023 3125 1262 3197 ὀρνιθίου
1318 3125 1687 3196 ἐσφαγμένου,
1742 3126 1838 3180 καὶ
1885 3127 1944 3178 ἐν
1995 3125 2074 3198 τῷ

2173 2019 2241 2073 Et
2273 2025 2455 2072 sumet
2513 2016 2580 2071 ad
2631 2014 3033 2086 puriﬁcandam
3077 2013 3303 2067 domum
3352 2011 3491 2066 duas
3523 2008 3769 2064 aviculas

2173 2110 2424 2164 viventes
2472 2107 2728 2170 mandas,
2771 2116 2829 2160 et
2857 2105 3068 2176 lignum
3097 2104 3408 2165 cedrinum,
3450 2108 3506 2156 et
3539 2115 3767 2156 coccum

2176 2210 2402 2266 tortum,
2436 2208 2493 2254 et
2545 2199 2870 2271 hyssopum.
2906 2197 2975 2252 Et
2998 2194 3273 2267 jugulabit
3296 2193 3566 2249 aviculam
3603 2206 3769 2244 unam

2175 2295 2232 2347 in
2264 2308 2394 2347 vase
2445 2290 2599 2346 ﬁctili
2641 2291 2698 2344 in
2741 2305 2884 2359 aqua
2933 2287 3168 2342 fervida.
3212 2286 3516 2354 Sumetque
3561 2282 3768 2353 lignum

2175 2383 2485 2449 cedrinum,
2508 2390 2564 2437 et
2587 2397 2814 2437 coccum
2849 2382 3236 2451 glomeratum,
3275 2387 3333 2434 et
3366 2379 3688 2449 hyssopum,
3717 2386 3781 2430 ct-

2175 2492 2457 2548 passerem
2503 2476 2689 2530 vivum
2735 2491 2749 2527 :
2792 2482 2848 2528 et
2883 2473 3057 2544 tinget
3116 2471 3174 2526 in
3229 2470 3496 2541 sanguine
3549 2467 3770 2523 mactati

2175 2571 2416 2642 passeris
2459 2570 2514 2624 in
2550 2585 2690 2640 aqua
2747 2567 2992 2630 fervida,
3028 2573 3084 2621 et
3117 2573 3374 2636 asperget
3419 2565 3502 2619 eis
3546 2563 3772 2618 domum

2177 2664 2402 2734 septies.
2424 2662 2862 2732 Puriﬁcabitque
2885 2661 3111 2716 domum
3143 2659 3200 2714 in
3231 2659 3500 2729 sanguine
3520 2657 3781 2718 aviculae;

2175 2766 2232 2811 et
2270 2757 2327 2810 in
2363 2771 2506 2826 aqua
2546 2755 2789 2820 vivente,
2821 2764 2878 2810 et
2919 2753 2975 2808 in
3007 2753 3224 2809 avicula
3257 2753 3498 2817 vivente,
3529 2760 3586 2806 et
3618 2751 3676 2805 in
3706 2751 3776 2805 li-

2175 2862 2283 2919 gno
2314 2846 2564 2910 cedrino,
2617 2853 2672 2900 et
2711 2845 2767 2899 in
2809 2845 3068 2916 hyssopo,
3105 2851 3162 2897 et
3192 2842 3248 2896 in
3296 2855 3465 2896 cocco
3500 2847 3676 2904 torto;
3718 2847 3781 2892 et

2175 2940 2391 2995 emittet
2423 2938 2696 2994 aviculam
2727 2937 3005 2992 viventem
3032 2942 3188 2991 extra
3217 2933 3500 2988 civitatem
3534 2931 3588 2984 in
3620 2945 3782 2984 eam--

2176 3047 2330 3103 pum,
2365 3040 2422 3086 et
2452 3030 2697 3101 expiabit
2723 3029 2972 3095 domum,
3004 3036 3062 3083 et
3101 3026 3310 3082 munda
3343 3025 3451 3081 erit
3472 3025 3538 3078 ⁸⁵.
3577 3045 3594 3075 ι
3624 3023 3776 3077 Inte-

2177 3141 2337 3195 grum
2373 3125 2429 3178 in
2469 3124 2554 3178 his
2596 3123 2758 3179 nobis
2809 3122 3052 3179 Iudaicae
3095 3120 3395 3191 Synagoga:
3447 3116 3783 3188 mysterium

478 3215 632 3269 ὕδατι
658 3215 735 3288 τῷ
765 3216 950 3283 ζῶντι,
991 3218 1088 3272 καὶ
1123 3217 1182 3272 ἐν
1210 3216 1286 3288 τῷ
1321 3217 1542 3290 ὀρνιθίῳ
1573 3217 1650 3289 τῷ
1679 3218 1863 3284 ζῶντι,
1891 3220 1986 3272 καὶ
2014 3221 2072 3274 ἐν

2178 3220 2326 3274 clare
2364 3217 2681 3282 exhibetur,
2720 3229 2953 3286 qumque
2995 3213 3176 3268 eidem
3208 3213 3277 3267 ab
3307 3210 3469 3266 initio
3492 3210 3559 3264 ad
3587 3215 3777 3264 extre-

478 3311 554 3382 τῖ)
592 3311 734 3382 ξύλῳ
764 3311 844 3383 τῷ
876 3312 1125 3384 κεδρίνῳ,
1167 3313 1266 3367 καὶ
1305 3313 1362 3365 ἐν
1388 3316 1456 3385 τῇ
1492 3313 1751 3385 ὑσσώπῳ,
1777 3315 1870 3368 καὶ
1905 3315 1964 3367 ἐν
1995 3313 2075 3386 τῷ

478 3403 843 3475 κεκλωσμένῳ
893 3403 1134 3475 κοκκίνῳ
1160 3445 1174 3468 ,
1222 3404 1315 3458 καὶ
1347 3403 1700 3469 ἐξαποστελεῖ
1733 3405 1795 3458 τὸ
1837 3405 2076 3476 ὀρνίθιον

477 3499 540 3550 τδ
566 3496 672 3562 ζῶν
703 3497 806 3564 ἔξω
838 3499 938 3568 τῆς
972 3497 1180 3559 πόλεως
1206 3497 1287 3560 είς
1315 3495 1378 3549 τὸ
1420 3497 1622 3560 πεδίον,
1647 3497 1742 3550 καὶ
1767 3496 2076 3564 ἐξιλάσεται

484 3589 610 3658 περὶ
639 3587 734 3658 τῆς
767 3586 964 3650 οἰκίας,
1001 3587 1096 3639 καὶ
1136 3585 1355 3657 καθαρὰ
1387 3585 1562 3639 ἔσται.
1605 3606 1621 3637 i
1663 3587 1825 3641 Ὅλον
1852 3589 1986 3659 ἡμῖν
2019 3591 2076 3641 ἐν

481 3681 689 3744 τούτοις
725 3679 1086 3749 ἀναφαίνεται
1138 3679 1326 3747 σαφῶς
1370 3678 1432 3730 τὸ
1476 3679 1605 3751 περὶ
1647 3679 1748 3752 τῆς
1803 3680 2074 3735 Ἰουδαίων

481 3771 815 3842 Συναγωγῆς
847 3773 1164 3842 μυστήριον,
1200 3771 1292 3823 καὶ
1314 3770 1383 3824 τὰ
1408 3770 1466 3838 ἐξ
1490 3771 1665 3843 ἀρχῆς
1693 3773 1855 3844 μέχρι
1885 3773 2072 3836 τέλους

2183 3328 2335 3367 mum
2393 3327 2570 3382 usque
2618 3310 2998 3372 obvenerunt,
3056 3315 3112 3362 et
3161 3312 3292 3361 sunt
3340 3320 3440 3374 per
3489 3302 3774 3358 Christum

2182 3413 2475 3461 eventura.
2506 3403 2754 3475 Agedum
2787 3401 2956 3473 igitur
2985 3415 3229 3464 rursum,
3263 3397 3445 3468 quoad
3479 3396 3628 3456 licet,
3655 3394 3774 3449 sin-

2177 3499 2303 3570 gula
2329 3499 2610 3554 subtiliter
2633 3503 3024 3566 exsequentes,
3063 3503 3119 3549 et
3151 3493 3352 3548 litterae
3383 3489 3774 3562 pinguedinem

2175 3591 2549 3660 explicantes,
2610 3585 3085 3659 pulchritudinem
3121 3599 3343 3654 quoque
3383 3582 3524 3652 ejus,
3556 3595 3680 3650 qua!
3722 3579 3779 3632 in

2175 3681 2293 3752 ipsa
2332 3681 2545 3737 inclusa
2589 3687 2696 3743 est,
2745 3675 3234 3746 contemplationis
3275 3673 3493 3744 aperire
3551 3669 3777 3726 studeaa

2172 3789 2316 3829 mus.

481 3867 570 3919 ἐπ’
600 3866 771 3937 αὐτῆς
797 3865 1057 3935 γεγονότα
1099 3865 1222 3935 ἤδη,
1249 3863 1344 3917 καὶ
1403 3862 1640 3934 ἐσόμενα
1703 3865 1856 3936 παρά
1885 3865 2146 3937 Χριστοῦ.
2187 3865 2300 3920 Καὶ
2329 3865 2393 3934 gos
2405 3882 2461 3936 ps
2488 3865 2550 3936 δὴ
2587 3865 2750 3919 πάλιν
2771 3865 2845 3929 ὡς
2869 3864 2949 3918 ἔνι
2979 3862 3197 3926 λεπτῶς
3233 3860 3522 3927 διεξιόντες
3549 3860 3776 3921 ἕκαστα,

479 3963 576 4016 καὶ
605 3963 706 4034 τὴν
749 3965 805 4015 ὲν
849 3961 927 4032 τῷ
976 3963 1269 4032 γράμματι
1307 3959 1593 4033 παχύτητα
1629 3960 2073 4028 δι-απτύσσοντες,
2109 3963 2208 4034 τῆς
2238 3963 2660 4034 ἐγκεχωσμένης
2722 3963 2870 4034 αὑτῷ
2923 3961 3156 4033 θεωρίας
3223 3960 3281 4012 τὺ
3349 3959 3543 4021 κάλλος
3577 3959 3777 4027 ἀπογυ-

486 4055 653 4126 μνοῦν
681 4055 1092 4124 σπουδάσωμεν.

555 4148 622 4220 β’.
653 4149 849 4221 Λέπρα
882 4149 981 4220 μὲν
1001 4145 1095 4202 οἷν
1125 4150 1159 4219 ἡ
1189 4149 1266 4212 εἰς
1293 4147 1453 4218 σῶμα
1482 4151 1741 4222 γινομένη
1777 4149 1840 4204 τὸ
1869 4151 2082 4223 ἀνθρὼ-

486 4260 662 4303 πινον,
684 4241 858 4303 πάθος
890 4240 1060 4305 ἐστὶν,
1085 4239 1287 4310 ἰατρῶν
1316 4240 1414 4310 μὲν
1435 4241 1653 4312 τέχναις
1675 4241 2081 4314 ἀποκρούεσθαι

487 4334 561 4403 μὴ
592 4333 911 4403 δυνάμενον,
949 4332 1088 4405 μόνῃ
1125 4333 1181 4385 δὲ
1227 4333 1444 4386 ὑπείκει
1479 4333 1618 4403 μετὰ
1663 4335 1772 4387 τῶν
1802 4334 1977 4389 ἄλλων
2011 4338 2078 4407 τῇ

487 4427 701 4498 μεγάλῃ
733 4426 827 4480 καὶ
860 4427 1154 4480 πανσθενεῖ
1197 4427 1367 4499 δεξιᾷ,
1401 4428 1494 4480 καὶ
1534 4431 1598 4499 τῇ
1633 4427 1958 4499 παντουργῷ
1995 4429 2080 4482 δυ-

2253 4153 2305 4206 2.
2354 4151 2531 4221 Lepra
2582 4151 2767 4219 itaque
2822 4147 3052 4203 humani
3098 4155 3182 4202 est
3237 4145 3488 4216 corporis
3525 4145 3779 4200 morbida

2182 4243 2402 4298 allectio
2438 4259 2558 4312 qua:
2596 4241 2811 4296 medica
2843 4238 3146 4310 expugnari
3175 4245 3293 4292 arte
3342 4247 3581 4308 nequeat
3627 4236 3780 4290 :lime

2179 4336 2328 4392 enim
2369 4351 2494 4391 cum
2519 4333 2642 4389 aliis
2677 4332 2889 4387 morbis
2916 4332 3092 4387 solius
3116 4330 3212 4385 Dei
3233 4343 3442 4400 magna?
3473 4342 3536 4383 ac
3566 4330 3778 4398 potenti

2180 4428 2456 4490 dexterae,
2496 4426 2660 4496 vique
2704 4424 2890 4477 omnia
2913 4420 3160 4477 domanti
3205 4420 3351 4474 victa
3386 4418 3659 4473 concedit.
3701 4418 3777 4472 Ea

483 4519 646 4590 ναμει
672 4518 768 4572 τοῦ
799 4516 934 4570 Θεοῦ
967 4518 1289 4588 νικώμενον.
1338 4519 1427 4570 Ἐν
1457 4518 1516 4571 δέ
1547 4521 1657 4584 τοῖς
1689 4519 1836 4587 ἆπαξ
1871 4520 2072 4574 παθοῦ-

2183 4536 2324 4591 quos
2359 4519 2527 4574 semel
2557 4517 2870 4586 occupavit,
2903 4516 2957 4570 in
2987 4514 3073 4569 his
3106 4514 3211 4568 alia
3255 4512 3393 4566 faeie
3423 4527 3587 4580 quam
3616 4520 3776 4565 antea

486 4630 558 4673 σι.
594 4611 844 4679 φαίνεται
878 4611 1002 4664 καθ’
1041 4610 1232 4681 ἑτέραν
1278 4611 1399 4680 ὄψιν
1430 4613 1576 4683 ἤπερ
1617 4608 1686 4684 ἦν
1713 4615 1770 4666 ἐν
1815 4615 2012 4684 ἀρχαῖς
2044 4615 2076 4684 ἡ

488 4703 645 4775 σάρξ.
691 4705 1040 4776 Έτεροχροιά
1086 4703 1194 4775 γάρ
1220 4723 1304 4767 τις
1341 4705 1814 4776 ἐπισυμϐαίνουσα
1844 4706 1944 4777 τὴν
1975 4707 2078 4776 φύ-

487 4818 570 4852 σιν
599 4797 969 4868 διαψεύδεται,
1028 4797 1436 4869 μεθισταμένης
1498 4801 1576 4861 εἰς
1600 4799 1659 4851 τὸ
1711 4799 1863 4867 παρά
1896 4798 2078 4867 φύσιν,

485 4895 606 4945 ὅσον
639 4895 719 4956 εἰς
752 4893 851 4962 τὴν
877 4891 1006 4944 θέαν
1030 4891 1123 4943 τοῦ
1157 4889 1410 4961 σώματος
1436 4891 1692 4963 τοιαύτην
1723 4891 1844 4944 τινὰ
1875 4891 2082 4962 προσῆ-

491 5004 581 5038 κεν
613 4985 1041 5056 ὑπολαμϐάνειν,
1079 4984 1172 5037 καὶ
1205 4987 1304 5054 τῆς
1325 4986 1381 5037 ἐν
1417 4986 1549 5055 ἡμῖν
1573 4985 1950 5056 προαιρέσεως
1979 4985 2078 5056 τὴν

493 5080 792 5150 μεταόολὴν
812 5121 826 5144 ,
871 5079 964 5132 καί
997 5078 1092 5149 τὴν
1123 5080 1187 5131 ἐκ
1217 5079 1326 5130 τῶν
1355 5078 1655 5147 ἀμεινόνων
1687 5079 1778 5131 ἐπὶ
1811 5081 1876 5132 τὰ
1910 5080 2079 5151 χείρω

487 5171 836 5224 κατάστασιν.
897 5169 1089 5222 Πολλοὶ
1147 5169 1254 5240 γὰρ
1294 5169 1554 5231 πολλάκις
1598 5170 1654 5237 ἐξ
1690 5171 1900 5242 ἀγαθῆς
1934 5189 2082 5234 τινος

484 5265 711 5334 γνώμης
749 5265 830 5326 εἰς
859 5261 956 5332 τὴν
988 5263 1186 5332 αἰσχίω
1233 5265 1743 5332 μεταχωρήσαντες,
1790 5263 1882 5316 καὶ
1920 5265 1980 5316 τὺ
2010 5268 2076 5334 τῇ

481 5351 646 5421 φύσει
703 5353 913 5425 πρέπον
967 5354 1348 5416 ἐκϐαίνοντες,
1401 5352 1726 5424 πολυτρόπῳ
1784 5353 2080 5425 φαυλότητι

485 5448 582 5512 τὴν
631 5447 842 5500 ἑαυτῶν
887 5445 1062 5516 ψυχὴν
1106 5447 1523 5509 καταττίζουσιν
1553 5488 1564 5508 ,
1603 5447 1764 5498 οἱονεὶ
1811 5447 2077 5510 σώζοντες

478 5537 750 5608 ἑκατέρου
795 5539 896 5608 τὴν
942 5538 1066 5607 ὄψιν
1112 5539 1324 5601 ἑαυτοῖς
1352 5555 1362 5568 ·
1403 5537 1525 5591 οῦτε
1591 5539 1699 5611 γαρ
1751 5539 1970 5602 παντως
1998 5542 2076 5602 εἰς

482 5629 727 5699 παντελῆ
771 5628 862 5682 τοῦ
908 5627 1115 5698 ἀγαθοῦ
1162 5627 1364 5698 ζημίαν
1409 5629 1788 5689 ἐκπίπτουσιν,
1822 5627 1943 5680 οὔτε
1973 5629 2078 5697 μὴν

486 5725 563 5785 εἰς
611 5720 906 5792 ὁλόκληρον
955 5720 1266 5790 φαυλότητά
1316 5741 1373 5775 τε
1437 5722 1527 5776 καὶ
1568 5724 1839 5793 ἀτραπίαν

1891 5723 2076 5793 ἐκτρέ-

561 5902 606 5932 ⁴⁴
635 5901 812 5959 LCVit.
849 5921 955 5968 λιν,
987 5903 1055 5957 55
1090 5903 1176 5957 iii.
1260 5904 1303 5934 δ’)
1342 5901 1501 5968 ibid,
1540 5903 1599 5956 l8.
1634 5903 1721 5958 55.

2182 4631 2310 4670 caro
2347 4613 2598 4682 cutisquc
2652 4621 2897 4680 apparet.
2930 4609 3131 4664 Varius
3176 4607 3324 4661 enim
3361 4608 3514 4660 color
3553 4604 3779 4676 insuper

2179 4707 2466 4767 accedens,
2497 4713 2748 4759 naturam
2785 4705 2958 4774 ipsam
2988 4702 3146 4765 fallit,
3175 4710 3229 4756 et
3265 4710 3647 4755 transmutatze
3664 4701 3773 4770 jam

2179 4809 2378 4870 praeter
2404 4807 2677 4860 inituram,
2717 4797 2876 4867 361
2916 4803 3184 4865 quantum
3212 4792 3463 4863 corporis
3490 4798 3774 4860 aspectum

2180 4893 2462 4962 suscipere
2496 4890 2779 4955 convenit,
2802 4889 2969 4942 etiam
3001 4886 3306 4941 voluntatis
3331 4883 3678 4951 institutique
3721 4882 3772 4934 in

2181 4984 2341 5038 nobis
2385 4982 2821 5038 vicissitudinem
2869 4978 3207 5042 ostendit,et
3245 4975 3489 5029 melioris
3525 4974 3578 5026 in
3621 4973 3774 5028 dete—

2178 5076 2292 5129 rius
2326 5075 2835 5130 connmitationcm.
2881 5072 3135 5141 Plerique
3161 5069 3308 5124 enim
3348 5068 3549 5137 sa'pius
3578 5082 3608 5120 e.
3631 5067 3774 5120 bona

2176 5167 2450 5224 sententia
2499 5180 2662 5238 atque
2692 5167 2895 5222 decoro
2925 5165 3270 5227 excidentes,
3302 5160 3586 5230 versipelli
3613 5160 3772 5214 mali-

2179 5262 2252 5314 tia
2305 5277 2459 5314 suam
2484 5261 2584 5329 ipsi
2615 5269 2852 5313 mentem
2883 5259 3249 5320 constituunt,
3284 5253 3608 5310 dissimilem
3633 5269 3769 5322 quo-

2176 5352 2471 5407 dammodo
2506 5351 2588 5405 sui
2629 5351 2979 5421 prml‘erentcs
3012 5351 3225 5413 faciem,
3258 5357 3318 5403 ut
3351 5364 3528 5419 neque
3551 5348 3776 5401 omnino

2179 5443 2308 5497 boni
2336 5460 2434 5512 per
2459 5443 2641 5496 omnia
2671 5444 2944 5512 jacturam
2972 5442 3240 5507 fecerint,
3284 5457 3465 5511 neque
3493 5455 3686 5494 rursus
3720 5439 3772 5490 in

2181 5536 2451 5605 integram
2496 5535 2800 5604 nequitiam
2846 5534 3270 5589 etavcrsionem
3302 5533 3462 5602 plane
3500 5530 3768 5584 incidant.

2182 5629 2329 5682 Talis
2363 5638 2416 5682 et
2443 5629 2495 5680 in
2521 5627 2680 5680 nobis
2707 5627 2982 5681 interdum
3013 5636 3210 5688 status,
3249 5636 3303 5679 et
3338 5625 3577 5678 humana
3616 5620 3770 5674 habi-

2185 5722 2318 5774 tudo
2349 5723 2710 5789 '.'«'i‘.ii:'.!a~vpic
2742 5719 3012 5774 etv-istem
3052 5736 3175 5774 eum
3209 5719 3401 5780 animi,
3448 5713 3654 5768 idcirco
3684 5726 3769 5766 sa-
