4120 6448
354 423 463 482 569

1338 420 1864 482 GLAPHYRORUH
1902 420 1971 481 IN
2013 421 2391 482 LEVITICUM
2430 420 2657 480 LIBER.

3541 422 3646 479 570

357 536 455 592 ἀν’)
465 551 649 609 ρωπος
694 535 802 600 ὢν,
866 536 1239 609 παραγγέλλει
1304 540 1683 614 καθαρισμοὺς
1727 543 1948 617 ἀγαπᾷν

2062 559 2179 600 rum
2194 542 2276 599 “l
2313 563 2331 596 ι
2364 543 2643 599 Laborum
2684 548 2871 597 autem
2920 538 3307 612 cogitationes
3331 539 3649 612 intelligunt

356 628 454 683 καὶ
480 626 581 701 τὴν
604 628 991 701 ἐπισκήψασαν
1019 629 1174 684 νόσον
1204 630 1709 696 ἀποσκευάζεσθαι.
1728 632 1951 702 φθάνειν

358 739 419 776 τε
469 720 617 775 οὕτω
662 722 765 791 τὴν
800 725 865 777 ἐκ
913 725 1012 794 τῆς
1049 714 1393 794 ἐπισκέψεως
1436 725 1628 797 δίκην,
1666 726 1744 792 ὡς
1778 729 1835 782 ἐν
1869 726 1950 797 τῷ

363 831 382 864 ι
429 811 770 869 Ἀπόπλυνον
826 813 936 866 ἀπὸ
979 814 1180 880 κακίας
1198 814 1297 885 τὴν
1336 815 1564 888 καρδίαν
1596 833 1712 884 σου,
1753 816 1950 889 Ἰερου-

360 902 580 975 σαλὴμ,
624 904 713 958 ἵνα
763 904 964 976 σωθῇς.
1004 905 1149 971 Ἕως
1196 905 1327 960 πότε
1372 907 1712 979 ὑπάρχουσιν
1756 910 1817 963 ἐν
1867 909 1952 964 σοὶ

2056 637 2310 694 nonnulli
2338 645 2512 702 recte,
2533 635 2623 692 vel
2657 633 2887 690 omnino
2914 632 2985 689 de
3022 632 3093 688 iis
3126 633 3432 698 laboribus,
3470 648 3648 705 quan-

2056 725 2131 781 do
2158 725 2232 781 ob
2275 724 2477 780 delicta
2513 738 2690 796 pinna:
2721 722 3061 781 inferuntur.
3090 724 3192 779 Hic
3238 723 3425 794 itaque
3461 725 3649 780 consi-

2057 817 2191 873 dera
2233 816 2579 873 sacerdotem
2631 816 3001 886 imperantem
3054 816 3259 887 depelli
3302 832 3528 883 causas,
3576 816 3650 874 ob

2059 923 2199 978 quas
2219 908 2368 979 juste
2392 907 2671 977 intelligas
2692 906 2753 960 in
2780 921 2975 976 pcenas
3002 907 3244 977 aliquem
3270 908 3553 965 incidisse.

360 998 703 1070 διαλογισμοὶ
751 999 933 1054 πόνων
985 1016 1111 1067 dou;
1168 1020 1188 1053 ι
1241 1001 1432 1056 Πόνων
1490 1002 1548 1056 δὲ
1599 1002 1942 1075 διαλογισμοί
2018 1018 2166 1067 τινες
2202 1001 2270 1055 ἂν
2312 1001 2503 1057 νοοῖντ’
2556 999 2623 1054 ἂν
2696 1000 2944 1065 εἰκότως,
2984 1001 3017 1071 ἢ
3061 1002 3261 1056 ἐκεῖνοι
3299 1000 3364 1071 δὴ
3423 1002 3646 1067 πάντως

363 1090 428 1144 δι’
455 1086 529 1147 ὧν
558 1096 640 1157 εἰς
669 1094 868 1157 πόνους
900 1094 994 1148 καὶ
1025 1093 1124 1157 τὰς
1148 1095 1242 1149 ἐπὶ
1273 1099 1395 1161 ταῖς
1443 1096 1847 1169 πλημμελείαις
1905 1096 2062 1161 δίκας
2092 1095 2472 1166 εἰσελθόμεθα.
2492 1094 2636 1165 Ὅρα
2653 1092 2835 1148 τοίνυν
2886 1094 2944 1146 sv
3011 1090 3227 1156 τούτοις
3291 1093 3652 1148 ἐπιτάττοντα

360 1186 449 1240 τὶν
483 1185 635 1258 ἰερέα
671 1188 1257 1258 προαποσκευάζεσθαι
1288 1190 1389 1256 τὰς
1421 1190 1623 1261 αἰτίας,
1689 1193 1775 1263 ἐφ’
1808 1187 1899 1258 αἷς
1959 1193 2025 1248 ἂν
2059 1191 2218 1247 νοοῐτ’
2263 1190 2333 1246 ἄν
2392 1206 2477 1255 τις
2523 1188 2751 1253 εἰκότως
2828 1187 3229 1242 ὑποπσεῖσθαι
3296 1190 3418 1252 ταῖς
3476 1205 3653 1258 τιμω-

363 1292 526 1348 ριαις.

429 1368 499 1436 γ’.
533 1362 668 1422 Εἶτά
706 1384 863 1440 φησι’
897 1387 916 1422 ι
948 1370 1058 1425 Καὶ
1087 1371 1457 1428 εἰσελεύσεται
1485 1375 1514 1429 ό
1542 1375 1746 1449 ἱερεὺς,
1775 1392 1950 1430 κατα-

361 1462 559 1534 μαθεῖν
587 1462 688 1531 τὴν
718 1462 921 1526 οἰκίαν,
950 1464 1045 1518 καὶ
1083 1464 1277 1535 ὄψεται
1306 1466 1406 1539 τὴν
1436 1468 1601 1539 ἁφὴν,
1626 1469 1722 1523 καὶ
1766 1468 1876 1523 ἰδοὺ
1914 1469 1950 1540 ἡ

358 1550 477 1623 ἁφὴ
499 1553 557 1605 ἐν
580 1553 693 1615 τοῖς
716 1551 937 1623 τοίχοις.
977 1571 996 1604 ι
1027 1554 1136 1607 Kal.
1161 1554 1345 1610 πάλιν·
1371 1573 1393 1609 ι
1430 1555 1690 1624 Ἐξελθὼν
1716 1558 1747 1613 6
1771 1559 1952 1631 ἱερεὺς

363 1645 431 1697 ἐκ
452 1645 552 1715 τῆς
578 1643 754 1708 οἰκίας
786 1645 879 1697 ἐπὶ
916 1644 1017 1717 τὴν
1048 1644 1219 1718 θύραν
1250 1647 1349 1719 τῆς
1372 1648 1571 1713 οἰκίας,
1608 1649 1704 1704 καὶ
1736 1651 1957 1724 άφοριεῖ

362 1735 393 1787 6
426 1735 605 1806 lsps'u;
633 1732 731 1805 τὴν
775 1734 955 1789 οἰκίαν
1004 1736 1145 1789 ἑπτὰ
1181 1736 1418 1808 ἡμέρας.
1457 1756 1475 1790 ι
1522 1738 1676 1793 Μετὰ
1717 1738 1827 1809 γὰρ
1854 1738 1955 1809 τὴν

361 1827 423 1894 ἐξ
450 1826 790 1896 άγαθότητος
825 1827 1281 1899 προσδιαστολὴν,
1311 1830 1407 1885 καὶ
1444 1830 1507 1884 τὸ
1533 1831 1624 1884 ἐπὶ
1668 1830 1810 1885 ἑπτὰ
1840 1831 1951 1885 δεῖν
1987 1811 2028 1870 Β

362 1918 779 1990 προκαθῆρται,
814 1920 1114 1991 φαινομένη
1147 1921 1306 1976 πάλιν
1344 1923 1378 1993 ἡ
1414 1922 1689 1995 φαυλότης
1727 1925 1786 1977 ἐν
1818 1924 1951 1994 σχή-

364 2028 496 2083 ματι
521 2010 729 2082 λέπρας
754 2012 833 2075 εἰς
862 2010 1086 2081 εὔλογον
1116 2014 1486 2085 ἀγανάκτησιν
1515 2016 1783 2084 κέκληκεν
1809 2016 1953 2069 εἰκό-

361 2122 474 2167 τως
493 2102 587 2156 τὸν
618 2103 802 2174 ἰερέα,
838 2102 900 2158 τὺ
946 2103 1090 2158 θεῖον
1125 2105 1183 2158 ἐν
1225 2107 1439 2171 τούτοις
1468 2106 1741 2178 φοροῦντα
1780 2107 1954 2179 πρόσ-

359 2212 531 2252 ωπον.
564 2195 655 2249 Διὸ
674 2196 739 2266 δὴ
780 2195 944 2250 πάλιν
968 2196 1317 2262 ἐποπτεύσας
1345 2199 1445 2270 τὴν
1479 2199 1644 2269 ἁφὴν,
1680 2199 1953 2265 τουτέστι,

362 2287 435 2342 τὰ
467 2286 562 2341 τοῦ
591 2287 802 2352 πάθους
830 2290 1033 2360 σημεῖα
1063 2289 1159 2343 καὶ
1198 2287 1467 2361 σύμϐολα,
1500 2290 1601 2361 τὴν
1633 2290 1811 2344 οἰκίαν
1852 2289 1958 2358 ἀφ-

362 2380 567 2451 ώρισεν
620 2380 701 2440 εἰς
758 2379 886 2443 ὅλας
941 2379 1156 2452 ἡμέρας
1216 2380 1377 2435 ἐπτά.
1419 2379 1807 2453 Λελυπημένος
1845 2378 1958 2451 γάρ

363 2473 458 2527 καὶ
492 2471 615 2525 λίαν
643 2473 873 2536 εἰκότως
904 2472 997 2525 ἐπὶ
1036 2475 1156 2537 ταῖς
1198 2473 1279 2537 εἰς
1322 2473 1413 2527 τὸν
1443 2471 1608 2544 νόμον
1647 2470 1955 2545 παροινίαις

363 2566 477 2620 τῶν
507 2565 566 2634 ἐξ
619 2565 873 2637 Ἰσραὴλ,
910 2565 1006 2619 καί
1056 2582 1139 2619 τοι
1184 2565 1567 2637 φιλάνθρωπος
1605 2564 1682 2618 ὢν
1723 2567 1752 2619 6
1801 2564 1955 2631 Θεὸς,

365 2657 645 2729 ἐξέπεμψε
692 2656 904 2721 πάντας
953 2659 1034 2721 εἰς
1095 2656 1504 2729 αἰχμαλωσίαν,
1555 2656 1830 2730 παραδοὺς
1878 2657 1959 2721 εἰς

367 2755 527 2824 χεῖρα
576 2750 686 2805 τῶν
727 2748 1088 2805 Βαϐυλωνίων
1118 2750 1202 2821 ἐφ’
1232 2749 1375 2814 ὅλοις
1405 2750 1550 2805 ἔτεσι
1581 2751 1673 2804 τὸν
1723 2750 1959 2822 ἀριθμὸν

371 2842 768 2913 ἐϐδομήκονταο
819 2840 1037 2913 ἡμέραν
1080 2839 1135 2893 δὲ
1185 2840 1315 2912 μίαν
1359 2842 1441 2905 εἰς
1492 2841 1629 2895 δέκα
1675 2839 1956 2905 τεθεικώς.

382 2937 558 2992 Ἑπτά
603 2953 768 3008 φησιν
808 2930 947 2989 εἶναι
981 2933 1081 2997 τὰς
1113 2933 1326 3004 ἡμέρας
1370 2932 1463 2987 τοῦ
1508 2930 1815 3005 ἀφοριτμοῦ
1859 2932 1961 3003 τῆς

369 3029 568 3093 οἰκίας,
603 3027 703 3099 τὴν
742 3024 957 3097 ἡμέραν
994 3026 1074 3088 εἰς
1098 3022 1378 3087 ἐνιαυτοὺς
1414 3023 1546 3077 δέκα
1584 3022 1958 3093 λογιζόμενος,

2119 1374 2176 1429 '5.
2204 1372 2415 1430 Deinde
2442 1372 2522 1429 ait
2548 1371 2838 1443 Scriptura
2862 1388 2877 1426 :
2912 1390 2931 1423 ι
2963 1371 3036 1427 Et
3066 1371 3411 1443 ingredietur
3464 1389 3651 1431 sacer-

2048 1465 2153 1523 dos
2189 1466 2260 1522 ad
2298 1462 2741 1536 cognoscendam
2764 1462 2993 1519 domum
3014 1502 3032 1528 ,
3074 1474 3132 1519 et
3157 1464 3390 1534 aspiciet
3422 1471 3649 1532 tactum.

2046 1567 2107 1617 et
2134 1574 2264 1616 ecce
2318 1567 2500 1614 tactus
2536 1557 2595 1612 in
2627 1555 2940 1627 parietibus
2981 1554 3181 1612 domus
3216 1557 3285 1610 ⁶’.
3334 1574 3354 1608 ι
3405 1556 3475 1612 Et
3530 1574 3656 1613 rur-

2051 1670 2176 1710 sum
2212 1671 2226 1709 :
2260 1672 2278 1705 ‹
2307 1650 2615 1723 Egrediens
2657 1650 2917 1707 sacerdos
2955 1650 3186 1708 domum
3226 1649 3296 1705 ad
3319 1650 3526 1706 ostium
3551 1651 3654 1707 do-

2056 1762 2201 1811 mus,
2235 1752 2294 1801 et
2326 1743 2548 1800 claudet
2575 1743 2725 1798 illam
2771 1741 3037 1798 sacerdos
3059 1749 3272 1814 septem
3297 1742 3499 1798 diebus
3512 1744 3582 1798 ".
3623 1760 3643 1797 ι

2056 1838 2187 1894 Post
2214 1838 2334 1894 haec
2369 1852 2401 1892 e
2428 1835 2577 1892 bono
2610 1834 2998 1899 mutationem,
3042 1841 3100 1890 et
3126 1842 3253 1905 post
3280 1833 3401 1888 dies
3442 1841 3655 1904 septem

2050 1930 2275 2003 purgari
2321 1937 2583 2000 oportere
2607 1927 2794 1982 denuo
2840 1926 3087 1983 ostendit
3126 1926 3396 1982 malitiam
3434 1926 3540 1980 sub
3578 1926 3658 1981 le-

2052 2038 2167 2094 pra
2207 2020 2404 2093 ﬁgura,
2452 2020 2521 2076 ad
2560 2019 2694 2076 boni
2743 2018 2949 2074 ominis
2980 2018 3268 2089 querelam
3320 2018 3523 2073 merito
3561 2032 3659 2071 νο-
3731 2022 3737 2031 ’

2053 2104 2200 2170 cavit
2221 2112 2589 2177 sacerdotem,
2619 2111 2713 2181 qui
2754 2111 2853 2166 Dei
2883 2111 3156 2166 sustineat
3182 2124 3496 2180 personam.
3514 2109 3659 2164 Rur-

2055 2222 2177 2262 sum
2205 2206 2389 2275 itaque
2415 2204 2733 2275 speculatus
2756 2211 2985 2268 tactum,
3016 2201 3073 2256 id
3095 2209 3201 2265 est,
3224 2200 3404 2256 morbi
3422 2201 3577 2271 signa
3595 2215 3660 2256 ac

2055 2298 2323 2366 symbola,
2336 2296 2562 2352 domum
2587 2296 2644 2351 in
2661 2302 2874 2366 septem
2892 2294 3295 2367 scgregatdies.
3312 2293 3476 2365 Eger
3486 2294 3658 2360 enim,

2054 2388 2219 2459 363
2244 2396 2299 2443 et
2319 2386 2544 2458 quidem
2573 2386 3029 2457 praevaricatione
3052 2386 3232 2456 gentis
3260 2385 3658 2449 lsraelitarum,

2055 2480 2163 2535 etsi
2191 2478 2468 2550 benignus
2489 2487 2576 2535 est
2600 2479 2750 2534 Deus
2786 2479 2855 2543 ⁷⁸,
2881 2492 3076 2533 omnes
3127 2476 3378 2548 captivos
3423 2476 3658 2547 redegit,

2058 2572 2287 2628 tradens
2340 2587 2439 2628 eos
2482 2571 2542 2627 in
2589 2571 3026 2643 Babyloniorum
3052 2585 3273 2635 manus,
3306 2584 3485 2625 annos
3509 2569 3662 2637 ipsos

2058 2664 2409 2737 septuaginta
2442 2681 2457 2719 :
2497 2680 2675 2720 unum
2720 2663 2989 2719 nimirum
3034 2662 3184 2718 diem
3214 2663 3272 2717 in
3308 2661 3500 2717 decem
3542 2659 3662 2715 dis-

2059 2759 2326 2829 pertiens.
2355 2755 2580 2828 Septem
2609 2757 2759 2812 enim
2797 2756 2920 2811 dies
2958 2762 3089 2811 sunt
3120 2752 3524 2825 segregationis
3557 2751 3660 2806 do-

2060 2872 2205 2923 mus,
2233 2856 2355 2918 dies
2386 2856 2442 2910 iu
2465 2868 2644 2910 annos
2666 2867 2969 2909 numerans
2998 2850 3214 2915 decem,
3245 2858 3311 2903 ut
3336 2857 3423 2903 est
3451 2863 3483 2903 a
3526 2862 3660 2917 pro-

2062 2948 2230 3019 pheta
2259 2945 2550 3002 Ezechiele
2580 2944 2791 2999 dietum
2824 2961 2837 2996 :
2874 2962 2892 2994 ι
2931 2940 3090 2996 Diem
3143 2940 3203 2995 in
3250 2952 3456 2994 annum
3502 2937 3663 3008 posui

2065 3040 2168 3095 tibi
2214 3040 2281 3093 ".
2315 3058 2332 3091 ι
2373 3037 2645 3109 Ohsignat
2670 3051 2806 3092 vero
2866 3033 3164 3104 ﬁrmatque
3209 3047 3523 3088 sermonem
3561 3045 3665 3102 pro

369 3120 513 3175 κατὰ
554 3119 615 3173 τὸ
645 3119 941 3192 εἰρημένον
984 3117 1063 3189 τῷ
1095 3119 1351 3192 προφήτῃ
1397 3116 1678 3188 Ἰεζεχιήλ·
1716 3135 1735 3168 ι
1796 3114 1962 3186 Ἡμέ-

2067 3133 2349 3206 Synagoga
2388 3137 2648 3204 precatus
2676 3128 2820 3201 apud
2849 3126 3174 3183 Zachariam
3200 3134 3385 3182 vatem
3409 3124 3664 3196 angelus,

350 3230 473 3291 ,ραν
512 3213 760 3267 ἐνιαυτὸν
797 3210 1021 3266 τέθεικά
1064 3227 1165 3265 σοι.
1224 3230 1243 3263 ι
1300 3211 1691 3283 Ἐπισφραγιεῖ
1729 3210 1826 3264 καὶ
1868 3210 1960 3263 τὸν

2066 3241 2193 3284 cum
2229 3225 2308 3281 ait
2362 3243 2375 3279 :
2424 3243 2445 3277 ι
2504 3223 2871 3293 Omnipotens
2921 3220 3177 3285 Domine,
3226 3220 3519 3290 queusqne
3551 3229 3665 3271 non

366 3306 552 3377 λόγον,
577 3307 673 3360 καὶ
706 3306 734 3359 6
768 3321 835 3359 πε
841 3308 897 3378 gl.
924 3304 1023 3375 τῆς
1053 3304 1386 3375 Συναγωγῆς
1408 3303 1700 3376 εὐχόμενος
1726 3302 1959 3374 ἄγγελος

367 3399 429 3452 ἐν
457 3396 536 3469 τῷ
562 3397 839 3470 Ζαχαρία.
883 3397 1078 3466 λέγων’
1122 3416 1141 3449 ι
1181 3395 1354 3468 Κύριε
1399 3396 1827 3469 παντοκράτωρ,
1855 3395 1963 3460 ἓως

366 3492 518 3557 τίνος
551 3492 613 3545 οῦ
665 3491 740 3563 μὴ
786 3491 1031 3563 ἐλεήσεις
1072 3490 1172 3562 τὴν
1212 3489 1569 3563 Ἰερουσαλὴμ
1602 3490 1697 3544 καὶ
1735 3489 1836 3554 τὰς
1865 3489 1965 3543 πό-

364 3585 485 3650 λεις
546 3585 753 3648 Ἰούδα,
820 3584 888 3649 ἂς
945 3583 1262 3653 ὑπερεῖδεςς
1319 3582 1492 3637 Τοῦτο
1558 3581 1962 3655 ἑϐδομηκοστὸν

369 3678 515 3743 ἔτος.
559 3698 577 3730 ι
606 3672 739 3732 Εἶτα
770 3678 933 3732 πάλιν
962 3678 1150 3749 φησὶν,
1185 3678 1269 3731 ὃτι
1313 3697 1331 3729 ι
1381 3677 1675 3750 Ἐπανήξει
1715 3679 1744 3732 6
1780 3677 1963 3747 ἱερεὺς

367 3775 440 3844 τῇ
473 3758 654 3843 ἡμέρᾳ
680 3772 749 3842 τῇ
777 3770 1001 3845 ἐϐδόμῃ.
1043 3790 1060 3822 ι
1094 3771 1207 3842 Τὴν
1243 3770 1299 3825 δὲ
1331 3769 1425 3824 τοῦ
1456 3769 1649 3844 ἰερέως
1674 3769 1958 3835 ἐπάνοδον,

365 3866 589 3938 νοήσεις
623 3866 680 3918 ἐν
707 3863 918 3927 τούτοις
946 3863 1134 3936 ἕτερον
1160 3864 1335 3928 οὐδὲν,
1369 3863 1404 3937 ἢ
1432 3863 1534 3934 τῆς
1565 3862 1663 3917 τοῦ
1702 3861 1838 3918 Θεοῦ
1870 3881 1963 3933 φι-

366 3957 725 4031 ὶτνθρωπίας
756 3958 857 4029 τὴν
886 3959 966 4021 εἰς
988 3957 1048 4012 τὸ
1082 3957 1236 4022 ἔθνος
1272 3959 1628 4031 ἐπιστροφήνσ
1661 3956 1741 4021 ὡς
1762 3957 1842 4027 τῷ
1871 3955 1962 4010 διὰ

367 4047 530 4103 τοῦτο
554 4047 682 4102 τάδε
709 4045 860 4116 λέγει
883 4047 1109 4120 Κύριος·
1149 4066 1170 4101 ‹
1219 4048 1566 4118 Ἐπιστρέψω
1597 4048 1691 4101 ἐπὶ
1722 4045 1825 4119 τὴν
1863 4046 1962 4100 Ἱε-

371 4138 662 4212 ρουσαλὴμ
702 4141 759 4194 ἐν
804 4139 1099 4212 οἰκτιρμῷ,
1146 4140 1242 4194 καὶ
1273 4133 1421 4204 οἶκός
1463 4156 1565 4212 μου
1600 4139 1963 4210 ἀνοικοδομη-

370 4232 602 4304 θήσεται
636 4234 695 4286 ἐν
744 4233 938 4310 αὐτῇ,
961 4231 1112 4301 λέγει
1144 4231 1351 4304 Κύριος
1385 4231 1785 4304 παντοκράτωρ
1809 4270 1825 4295 ,
1867 4231 1965 4285 καὶ

376 4325 585 4397 μέτρον
626 4324 990 4398 ἐκταθήσεται
1019 4326 1114 4380 ἐπὶ
1156 4324 1534 4399 Ἰερουσαλήμ.
1576 4343 1595 4377 ›
1632 4326 1703 4379 Ἢ
1734 4325 1830 4380 καὶ
1855 4323 1963 4377 mi.-

368 4416 489 4482 λιν,
532 4417 609 4483 ὡς
656 4419 713 4472 ἐν
759 4417 977 4489 ἐκείνῳ·
1017 4435 1036 4470 ι
1091 4416 1215 4472 Τίσι
1250 4416 1421 4471 διαθῶ
1470 4415 1743 4489 Ἑφραῒμ,
1796 4416 1964 4487 ὑπερ-

2064 3319 2419 3375 miscreberis
2447 3317 2775 3381 Jerusalem,
2801 3314 3142 3384 urbiumque
3185 3312 3351 3378 Juda,
3398 3325 3539 3381 quas
3571 3307 3670 3364 de-

2064 3409 2327 3480 spexisti?
2343 3408 2445 3464 llic
2468 3416 2557 3465 est
2577 3406 3020 3478 septuagesimus
3042 3419 3224 3459 annus
3254 3403 3320 3458 ⁷³.
3348 3421 3368 3454 ι
3392 3402 3517 3457 Mox
3539 3398 3672 3455 sub-

2057 3498 2511 3571 jicitSeriptura:
2536 3518 2554 3551 ι
2578 3497 2874 3554 Etredibit
2898 3496 3164 3553 sacerdos
3178 3491 3613 3564 dieseptimo”.
3641 3509 3664 3543 ›

2064 3592 2242 3660 Quem
2292 3591 2537 3648 reditum
2596 3588 2906 3646 sacerdotis
2956 3603 3071 3644 non
3123 3585 3297 3642 alium
3367 3582 3666 3654 intelliges,

2065 3699 2234 3755 quam
2273 3683 2331 3739 in
2363 3681 2489 3738 Filii
2537 3681 2640 3737 Dei
2696 3679 3086 3738 incarnatione
3112 3676 3460 3733 convertisse
3507 3690 3567 3730 se
3600 3671 3670 3729 ad

2064 3782 2278 3848 gentes,
2311 3782 2375 3829 ut
2407 3771 2658 3845 ejusdem
2698 3772 2989 3843 prophetae
3018 3785 3154 3827 voce
3203 3768 3472 3824 Dominus
3499 3771 3672 3821 testa-

2065 3879 2157 3926 tur
2191 3888 2203 3923 :
2241 3888 2259 3920 ι
2291 3867 2599 3924 Convertar
2649 3864 2720 3921 ad
2751 3864 3064 3922 Jerusalem
3117 3862 3176 3917 in
3208 3857 3597 3916 misericordia
3653 3873 3668 3911 :

2065 3968 2123 4017 et
2151 3959 2353 4015 domus
2376 3972 2501 4014 mea
2556 3955 2966 4013 instaurabitur
3005 3955 3065 4009 in
3105 3950 3351 4017 ea,dicit
3397 3949 3670 4006 Dominus

2066 4052 2422 4123 omnipotens
2454 4066 2467 4102 :
2496 4054 2554 4102 et
2582 4063 2846 4104 mensura
2869 4044 3206 4103 extendetur
3228 4057 3398 4113 super
3442 4041 3669 4098 Jerusa-

2065 4143 2178 4199 lem
2221 4142 2289 4196 ⁷⁸,
2332 4160 2351 4193 ι
2387 4141 2458 4197 Et
2507 4139 2640 4197 alibi
2691 4152 2916 4193 rursum
2965 4152 2979 4189 :
3046 4153 3065 4187 ‹
3125 4132 3343 4201 Quibus
3382 4130 3672 4201 disponam

2065 4233 2352 4305 Ephraim,
2391 4239 2679 4303 protegam
2706 4236 2784 4294 te,
2809 4226 3018 4284 Israel?
3043 4224 3201 4280 Sicut
3240 4223 3447 4279 Adams
3481 4222 3672 4291 dispo-

2067 4342 2196 4383 nam
2220 4334 2295 4391 te,
2333 4332 2392 4380 et
2437 4333 2499 4380 ut
2528 4323 2706 4378 Boim.
2753 4319 3102 4377 Conversum
3154 4323 3241 4371 est
3277 4329 3376 4370 cor
3406 4328 3590 4368 meum
3615 4313 3672 4367 in

2069 4420 2189 4490 ipso
2214 4434 2228 4471 :
2256 4417 2592 4472 conturbata
2645 4421 2734 4469 est
2770 4409 3066 4483 panitudo
3126 4423 3271 4464 mea.
3308 4408 3431 4463 Non
3472 4405 3673 4462 faciam

368 4509 557 4563 ασπιῶ
604 4526 722 4576 σου,
766 4509 1019 4583 Ἰσραήλ;
1073 4508 1163 4573 Ὠς
1197 4507 1417 4580 Ἀδαμα
1445 4507 1684 4580 θήσομαί
1729 4525 1823 4573 σε,
1866 4509 1962 4562 καὶ

2063 4516 2220 4586 juxta
2252 4512 2390 4568 iram
2433 4509 2643 4567 furoris
2666 4507 2808 4574 mei;
2848 4521 2962 4561 non
3018 4502 3425 4571 derelinquam,
3454 4506 3518 4554 ut
3571 4497 3672 4553 de-

370 4601 565 4674 ῐιοείμ.
595 4601 963 4673 Μετεστράφη
993 4602 1027 4673 ή
1056 4599 1254 4672 καρδία
1306 4616 1408 4670 μου
1451 4600 1509 4653 ἐν
1538 4597 1616 4671 τῷ
1636 4598 1807 4671 αὐτῷ*
1843 4616 1969 4653 συν-

2065 4607 2247 4662 leatur
2287 4602 2575 4675 Ephraim.
2626 4598 2899 4668 Quoniam
2934 4597 3084 4653 Deus
3135 4608 3239 4666 ego
3287 4607 3434 4657 sum,
3459 4600 3519 4646 et
3561 4604 3673 4645 non

370 4693 654 4767 εταράχθη
697 4696 731 4765 ἡ
783 4693 1125 4767 μεταμέλειά
1178 4710 1301 4764 μου·
1358 4693 1420 4746 οὐ
1473 4692 1549 4763 μὴ
1608 4692 1821 4763 ποιήσω
1884 4707 1962 4745 σοι

2066 4698 2238 4753 homo
2273 4697 2329 4752 in
2355 4705 2409 4751 te
2437 4702 2665 4751 sanctus
2685 4693 2755 4748 ⁷⁸.
2812 4712 2831 4745 ι
2860 4689 3093 4759 Quando
3128 4689 3297 4760 igitur
3350 4686 3428 4743 ait
3469 4686 3674 4741 reverti

370 4790 517 4843 κατὰ
543 4788 643 4859 τὴν
684 4787 855 4861 ὀργὴν
894 4787 989 4841 τοῦ
1022 4786 1196 4858 θυμοῦ
1231 4803 1352 4857 μου.
1386 4786 1462 4840 Οὐ
1497 4784 1574 4857 μὴ
1617 4783 1969 4856 ἐγκαταλίπω

373 4879 470 4933 τοῦ
503 4879 890 4952 ἐξαλειφθῆναι
924 4877 1189 4950 Ἐφραῒμ.
1222 4862 1367 4933 Διότι
1397 4875 1534 4941 Θεός
1565 4878 1681 4947 εἰμι
1716 4874 1849 4945 ἐγὼ,
1873 4875 1970 4930 καὶ

377 4970 477 5025 οὐκ
498 4971 785 5045 ἄνθρωπος
802 4973 862 5025 ἐν
892 4970 975 5025 ao‘t
1009 4972 1184 5041 ἆγιος.
1219 4987 1239 5021 ι
1264 4969 1433 5023 Ὅταν
1469 4962 1563 5021 οῦν
1582 4984 1767 5039 φησιν·
1796 4969 1968 5021 ἐπαν-

379 5064 506 5135 ήκοι
552 5065 647 5135 μὲν
690 5066 719 5119 6
758 5063 939 5135 ἱερεὺς
978 5065 1045 5135 τῇ
1101 5061 1288 5135 ἡμέρᾳ
1341 5063 1409 5133 τῇ
1461 5060 1667 5132 ἐϐδόμῃ
1709 5059 1841 5114 ἰδεῖν
1868 5059 1969 5131 τὴν

374 5155 586 5222 οἰκίαν,
616 5157 713 5211 καὶ
745 5156 855 5210 ἰδοὺ
888 5145 1110 5227 διεχύθη
1155 5156 1190 5227 ή
1233 5152 1347 5226 ἁφὴ
1376 5154 1436 5207 ἐν
1463 5156 1577 5218 τοῖς
1624 5153 1828 5224 τοίχοις
1870 5152 1973 5223 τῆς

372 5250 575 5312 οἰκίας’
626 5250 724 5304 καὶ
766 5249 1064 5322 προστάξει
1107 5249 1136 5301 6
1169 5246 1372 5319 ἱερεὺς,
1410 5246 1507 5301 καὶ
1554 5245 1800 5310 ὲξελοῦσι
1841 5247 1972 5309 τοὺς

372 5341 559 5406 λίθους
604 5343 663 5395 ἐν
712 5335 795 5407 οἷς
838 5344 987 5396 ἐστιν
1033 5343 1067 5413 ἡ
1101 5340 1246 5413 ἁφὴ,
1281 5341 1378 5394 καὶ
1413 5336 1740 5393 ἐκϐαλοῦσιν
1771 5337 1971 5401 αὐτοὺς

371 5434 484 5500 ἔξω
504 5435 605 5508 τῆς
636 5435 863 5500 πόλεως.
892 5436 1003 5489 Καὶ
1044 5433 1162 5507 μεθ’
1189 5433 1372 5504 ἐτερα’
1404 5451 1423 5485 ι
1455 5432 1568 5486 Καὶ
1594 5431 1855 5503 λήψονται
1890 5431 1973 5484 λί-

375 5524 509 5590 θους
538 5525 953 5599 ἀπεξυσμένους
999 5523 1254 5596 ἐτέρους,
1282 5523 1378 5577 καὶ
1425 5521 1809 5593 ἀντιθήσουσιν
1851 5521 1973 5574 ἀντὶ

376 5616 490 5671 τῶν
538 5617 706 5672 λίθων
755 5617 1003 5674 ἐκείνων.
1046 5637 1064 5668 ι
1107 5614 1264 5672 Μετὰ
1306 5615 1416 5687 γὰρ
1452 5613 1515 5668 τὸ
1565 5611 1824 5684 ἀνεθῆναι
1874 5615 1973 5683 τῆς

493 5824 541 5856 ⁸⁸
566 5824 768 5880 Jerem.
806 5842 877 5888 Iv,
914 5823 996 5879 li.
1076 5825 1119 5855 ⁸⁵
1151 5822 1325 5877 Levit.
1360 5839 1467 5886 xw,
1504 5822 1592 5876 57.

385 5897 438 5932 ’δ
460 5895 644 5952 Levit.
678 5912 786 5963 xw,
814 5895 902 5950 38.
981 5895 1027 5928 ⁷⁵
1061 5893 1291 5949 Zachar.
1334 5910 1368 5957 ι,
1406 5894 1490 5948 16.

1671 5823 1716 5853 ὀ
1748 5819 1905 5884 ibid.,
1942 5821 2030 5875 58.

1570 5893 1615 5926 ⁷⁸
1642 5890 1900 5963 Osce,xt,
1939 5893 1991 5961 8,
2022 5892 2076 5947 9.
2119 5894 2160 5925 ⁷⁷
2196 5892 2373 5947 Levit.
2407 5910 2513 5962 xw,
2538 5891 2625 5947 l2.

2065 4790 2417 4847 sacerdotem
2471 4788 2562 4843 die
2596 4787 2856 4858 septimo,
2909 4790 2973 4840 ut
3022 4783 3250 4839 domum
3283 4779 3543 4850 inspiciat
3573 4795 3586 4830 :
3618 4784 3676 4833 et

2065 4900 2198 4940 ecce
2232 4881 2474 4938 diffusus
2500 4888 2587 4937 est
2617 4887 2802 4936 tactus
2824 4879 2882 4933 in
2915 4875 3228 4948 parietibus
3257 4872 3478 4934 domus,
3505 4869 3640 4939 etju

2062 4975 2218 5032 liebit
2240 4973 2500 5031 sacerdos
2526 4992 2539 5027 :
2561 4981 2614 5028 et
2649 4977 2851 5028 eruent
2877 4967 3090 5039 lapides
3133 4967 3192 5020 in
3220 4963 3426 5033 quibus
3470 4968 3557 5016 est
3591 4967 3673 5016 ta.

2062 5076 2207 5132 ctus,
2243 5075 2301 5122 et
2320 5066 2549 5138 ejicient
2601 5078 2700 5119 eos
2738 5069 2898 5117 extra
2949 5059 3253 5113 civitatem.
3303 5051 3499 5108 Statim
3540 5065 3676 5106 vero

2064 5155 2255 5228 adjicit
2292 5172 2305 5209 :
2343 5174 2362 5206 ι
2405 5161 2473 5209 Et
2495 5152 2783 5223 accipient
2810 5149 3027 5220 lapides
3048 5146 3190 5202 alios
3213 5144 3445 5215 positos,
3474 5150 3540 5199 et
3577 5141 3676 5198 ad-

2070 5246 2278 5303 ducent
2305 5262 2407 5317 pro
2428 5244 2709 5315 lapidibus
2737 5241 2930 5296 illis".
2952 5260 2970 5291 ι
3004 5238 3242 5294 Dimissa
3271 5236 3421 5291 enim
3441 5242 3675 5305 praeter-

2067 5339 2276 5394 itorum
2321 5338 2503 5409 culpa,
2557 5334 3022 5403 considerataque
3095 5330 3301 5386 iterum
3358 5328 3677 5386 Iudaeorum

2075 5430 2380 5502 Synagoga,
2409 5429 2595 5494 aDeo,
2628 5426 2726 5498 qui
2770 5433 2965 5482 nostra
2996 5422 3185 5479 omnia
3244 5428 3552 5486 scrutatur,
3587 5427 3679 5474 to-

2074 5531 2318 5593 tamque,
2348 5530 2409 5577 ut
2455 5520 2709 5587 decebat,
2744 5534 2856 5575 non
2906 5516 3148 5589 amplius
3190 5514 3346 5587 lepra
3389 5512 3674 5574 inlectam,

2076 5621 2681 5685 prorsusqueavetere
2735 5610 3094 5682 improbitate
3139 5605 3409 5663 defecisse
3454 5615 3674 5670 compe-

2109 5822 2152 5852 "‘
2175 5822 2315 5877 .loel.
2349 5838 2405 5884 ιι,
2444 5821 2525 5875 l3.
2612 5821 2656 5852 '”
2688 5820 2887 5878 Ezech.
2922 5836 2993 5885 Iv,
3020 5819 3073 5874 6.
3156 5811 3455 5869 "Zacliar.
3489 5814 3544 5870 ι,
3582 5804 3667 5861 l2.
