4120 6460
497 432 601 492 871

1466 406 1561 479 's.
1600 418 1881 479 manu
1922 416 2397 475 ALEXANDRINI
2438 417 2757 476 ARCHlEP.

3674 416 3782 477 572

497 550 643 615 ries;
667 563 779 604 non
811 546 1066 603 irascitur
1089 544 1363 602 universis
1391 544 1560 609 Deus,
1590 542 1688 598 sed
1742 541 1812 597 iis
1866 538 2088 613 potissi-

2196 538 2285 592 ἰπὶ
2329 541 2443 604 τοῖς
2490 538 2881 612 παρῳχηκόσιν
2913 536 3091 601 αἰτίας
3116 579 3129 601 ,
3167 538 3639 610 περισκεψάμενος
3673 543 3777 594 πά-

499 655 650 698 mum
698 637 795 708 qui
848 638 977 692 mali
1041 645 1335 700 auctores,
1387 641 1445 689 et
1486 632 1838 690 occasionem
1890 631 2089 687 morbo

499 736 804 791 attulerunt
834 774 849 798 ,
883 748 1028 805 quos
1064 741 1123 787 et
1176 731 1389 803 lapides
1440 732 1531 787 hic
1583 730 1855 795 nominat,
1880 738 2086 800 partes,

501 824 745 895 inquam,
777 824 946 879 totius
966 822 1184 888 domus,
1218 824 1325 878 hoc
1341 830 1449 888 est,
1473 822 1742 894 gentium,
1764 820 2085 876 ostendens.

502 916 567 970 Hi
602 925 731 970 sunt
773 916 973 985 partim
1000 930 1193 972 eorum
1220 923 1534 985 temporum
1556 913 1809 969 nonnulli
1834 927 1994 984 reges
2019 911 2090 967 ad

503 1008 867 1063 idololatriam
904 1009 1170 1079 populum
1217 1008 1550 1063 seducentes
1592 1026 1603 1060 :
1659 1005 1826 1079 36‘,
1886 1006 2089 1076 partim

2192 631 2276 684 λιν
2318 629 2418 701 τὴν
2456 630 2567 684 τῶν
2619 628 2893 685 Ἰουδαίων
2936 629 3268 701 Συναγωγὴν
3312 631 3342 683 ὁ
3382 632 3452 684 τὰ
3500 632 3676 686 πάντα
3721 635 3779 687 ἐν

2190 724 2326 793 ἡμῖν
2366 721 2575 787 ὶτάζων
2606 720 2740 787 Θεὸς
2760 761 2775 786 ,
2819 722 2913 776 καὶ
2943 722 3126 776 πᾶσαν
3171 722 3293 793 μὲν,
3342 723 3484 777 κατὰ
3513 722 3575 776 τὸ
3608 725 3777 789 εἰκὸς,

2192 815 2293 869 οὐκ
2333 813 2416 867 ἔτι
2448 813 2775 886 λεπρῶσαν,
2812 812 2951 886 πλὴν
2993 815 3094 869 οὐκ
3139 815 3373 869 εἰσάπαν
3413 815 3513 884 τῆς
3542 816 3779 886 ἀρχαίας

2190 902 2528 975 φαυλότητος
2572 901 3002 974 ἀπηλλαγμένην
3044 903 3253 976 εὑρὼν,
3291 905 3352 958 οὐ
3391 905 3531 959 κατά
3561 905 3780 962 πάντων

2191 994 2492 1063 ἐποιήσατο
2530 992 2631 1064 τὴν
2662 993 2854 1065 ὀργὴν,
2892 993 3054 1064 μόνον
3079 994 3134 1049 δὲ
3174 995 3315 1048 κατά
3358 996 3586 1050 ἐκείνων
3619 998 3780 1068 οἵπερ

501 1114 635 1155 vero
656 1098 779 1154 falsi
802 1099 1028 1169 quidam
1057 1099 1363 1170 propheta,
1390 1099 1507 1169 qui,
1531 1106 1592 1153 ut
1613 1098 1879 1167 scriptum
1904 1105 1989 1151 est
2019 1095 2088 1159 ⁷⁸,

2196 1084 2329 1157 ἦσαν
2350 1087 2512 1140 αἴτιοι
2538 1085 2632 1141 τοῦ
2663 1086 2894 1156 πάσχειν
2919 1085 3089 1157 αὐτὴν
3110 1128 3125 1151 ,
3158 1088 3255 1141 καὶ
3279 1086 3381 1158 τῆς
3416 1089 3572 1142 νόσου
3613 1092 3747 1159 γεγό
3768 1122 3780 1129 ~

484 1193 907 1263 Ῥιόρίιθιδὶιειηῐ
932 1192 1000 1249 de
1027 1193 1195 1248 corde
1225 1207 1349 1257 suo,
1408 1200 1573 1262 atque
1606 1190 1924 1246 auditorum
1974 1174 2155 1244 dis-Hi

503 1281 761 1352 sipabant
783 1282 1085 1352 pietatem;
1116 1297 1257 1352 quos
1275 1282 1444 1337 etiam
1485 1281 1601 1336 tolli
1631 1282 1700 1336 ab
1722 1280 1956 1337 aediﬁcio
1981 1280 2087 1333 im-

502 1380 679 1441 perat,
701 1370 953 1427 indicans
973 1387 1095 1427 esse
1118 1387 1396 1443 segreges,
1421 1372 1537 1428 sive
1568 1373 1779 1444 ejeetos
1800 1372 1857 1426 in
1882 1371 2087 1426 obscu-

503 1480 648 1519 rum.
673 1463 846 1531 Quale
868 1466 1002 1521 illud
1037 1473 1168 1521 esta
1195 1467 1307 1521 Deo
1338 1465 1394 1520 in
1422 1465 1743 1521 Jechoniam
1771 1465 2082 1535 prolatum:

512 1575 529 1605 ι
572 1554 737 1621 Audi,
775 1563 942 1622 terra,
990 1571 1303 1611 sermonem
1358 1557 1597 1610 Domini.
1661 1556 1856 1612 Scribe
1903 1555 2085 1609 virum

506 1647 695 1711 istum,
740 1647 1057 1703 abdicatum
1109 1648 1388 1703 hominem
1407 1647 1476 1702 ".
1505 1668 1522 1700 ι
1563 1649 1639 1704 De
1685 1648 1841 1703 falsis
1901 1655 2087 1703 autem

503 1737 723 1792 vatibus
750 1737 824 1792 ita
850 1755 862 1790 :
897 1757 916 1788 ι
944 1738 1241 1808 Propterea
1269 1737 1482 1793 succidi
1511 1737 1815 1808 prophetas
1847 1745 2083 1792 vestros.

502 1826 691 1882 Occidi
721 1843 818 1883 eos
842 1829 897 1883 in
923 1829 1093 1885 verbo
1124 1830 1238 1886 oris
1275 1831 1383 1887 mei
1406 1830 1471 1883 ".
1507 1848 1525 1881 ι
1556 1829 1624 1884 Et
1652 1829 1853 1883 iterum
1900 1829 2035 1884 illud
2071 1847 2083 1883 :

511 1938 529 1967 ι
564 1917 739 1973 Duces
770 1919 960 1988 populi
989 1919 1097 1973 mei
1132 1920 1498 1991 projicientur
1544 1918 1613 1973 de
1639 1917 1900 1973 domibus
1944 1917 2085 1972 deli-

502 2009 713 2063 ciarum
736 2026 964 2066 suarum
1004 2029 1017 2065 :
1050 2019 1279 2082 propter
1308 2013 1480 2067 malas
1515 2010 1938 2067 adinventiones
1961 2025 2090 2066 suas

502 2099 665 2167 ejecti
698 2106 846 2155 sunt.
900 2120 917 2152 ι
948 2101 1017 2156 Ει
1051 2101 1241 2157 statim
1278 2119 1291 2155 :
1361 2119 1379 2152 ι
1429 2102 1663 2172 Propter
1709 2101 2090 2156 immunditias

502 2192 863 2262 corruptione
887 2201 1150 2263 corrupta
1187 2201 1274 2248 est
1294 2191 1362 2247 ⁶¹.
1407 2211 1424 2245 ι
1454 2192 1615 2258 Quod
1644 2208 1780 2247 vero
1808 2208 1913 2262 pro
1953 2192 2087 2247 sub—

503 2283 670 2338 motis
693 2283 970 2353 lapidibus
1000 2285 1092 2339 alii
1124 2285 1493 2357 subjiciantur
1522 2285 1644 2355 puri
1672 2293 1837 2355 atque
1861 2284 2085 2351 edolati,

503 2374 641 2429 illud
681 2374 862 2445 arguit
885 2376 1192 2433 submissos
1221 2385 1413 2447 postea
1441 2376 1537 2431 Dei
1562 2376 1816 2442 consilio,
1857 2374 1953 2447 qui
1987 2376 2088 2431 do-

504 2479 655 2520 mum
686 2464 849 2521 Israel
870 2465 1150 2533 fulcirent,
1177 2475 1234 2523 et
1266 2468 1388 2523 loco
1421 2466 1606 2522 stabili
1660 2476 1825 2537 atque
1874 2466 2089 2538 integro

502 2562 783 2622 tenerent;
808 2570 963 2627 reges
977 2555 1261 2623 nimirum,
1280 2558 1581 2628 prophetas
1606 2565 1663 2613 et
1700 2558 1901 2627 justos.
1929 2556 2088 2613 Unde

502 2648 637 2704 illud
670 2664 701 2703 a
728 2650 840 2705 Deo
873 2650 1018 2705 beati
1068 2650 1223 2706 lsaim
1247 2666 1345 2706 ore
1397 2650 1820 2721 pronuntiatum
1862 2658 2041 2705 exstat
2071 2666 2084 2702 :

511 2760 528 2791 ι
572 2741 698 2798 Haec
722 2742 856 2798 dicit
882 2743 1149 2798 Dominus
1180 2743 1419 2798 Sabaoth
1465 2742 1652 2801 :Vade
1687 2743 1742 2798 in
1787 2743 2088 2813 pastopho-

504 2834 649 2888 rium
675 2834 745 2889 ad
780 2834 1041 2890 Somnum
1098 2844 1452 2906 quaestorem,
1489 2845 1546 2891 ct
1597 2837 1688 2892 dic
1714 2837 1765 2892 ei
1800 2855 1813 2890 :
1843 2836 1987 2903 Quid
2025 2843 2083 2890 tu

502 2926 634 2981 hic?
669 2936 726 2982 et
756 2928 888 2998 quid
919 2928 1019 2983 tibi
1062 2937 1148 2983 est
1175 2928 1296 2996 hic?
1335 2930 1465 2999 quia
1522 2929 1806 2985 exscidisti
1847 2928 1947 2984 tibi
1998 2928 2089 2984 hic

501 3026 943 3084 monumentum,
970 3028 1027 3075 et
1050 3019 1230 3075 fecisti
1257 3021 1357 3074 tibi
1394 3020 1495 3091 ipsi
1522 3021 1576 3075 in
1619 3021 1839 3076 excelso
1885 3035 2086 3075 moun-

500 3116 770 3172 mentum,
794 3117 853 3164 et
896 3109 1167 3179 sealpsisti
1201 3110 1299 3164 tibi
1336 3110 1392 3164 in
1439 3117 1595 3180 petra
1644 3110 2084 3166 tabernaculum.

502 3197 644 3256 Ecce
680 3214 831 3254 nunc
878 3199 1146 3255 Dominus
1184 3200 1425 3255 Sabaoth
1466 3202 1652 3273 ejiciet
1688 3210 1976 3257 conterere
2001 3203 2089 3257 vi-

504 3307 651 3360 rum,
678 3301 735 3348 et
760 3292 979 3349 auferet
999 3295 1195 3349 stolam
1220 3304 1393 3359 tuam,
1424 3302 1481 3350 et
1505 3310 1766 3351 coronam
1800 3304 1950 3351 tuam
1976 3296 2092 3367 glo-

504 3385 709 3441 riosam
752 3404 765 3439 :
807 3395 866 3442 et
906 3388 1163 3459 projiciet
1209 3399 1264 3444 te
1310 3389 1364 3444 in
1408 3390 1689 3460 regionem
1743 3387 1994 3460 magnoin
2036 3396 2095 3443 et

505 3476 865 3543 immensam;
893 3486 950 3533 et
974 3476 1049 3533 ibi
1073 3479 1344 3535 morieris.
1374 3480 1441 3534 Et
1480 3490 1649 3550 ponet
1686 3496 1912 3535 currum
1936 3488 2094 3534 tuum

504 3568 797 3637 pulchnum
832 3562 885 3623 in
918 3570 1294 3640 ignominiam,
1347 3581 1404 3626 et
1426 3572 1651 3627 domum
1698 3571 1965 3641 principis
2017 3571 2093 3626 tui

505 3659 566 3714 in
588 3660 1081 3717 conculcationem.
1115 3663 1181 3717 Et
1208 3664 1422 3719 tolleris
1452 3664 1522 3719 de
1540 3664 1953 3734 dispensatione
1977 3670 2092 3727 tua,

504 3763 563 3805 et
594 3750 664 3806 de
692 3752 864 3822 gradu
891 3762 1004 3808 tuo.
1031 3754 1226 3809 Eterit
1255 3755 1310 3809 in
1334 3756 1424 3811 die
1449 3756 1561 3818 illa,
1616 3763 1675 3810 et
1703 3754 1915 3809 vocabo
1961 3770 2097 3824 puc-

507 3854 630 3894 rum
654 3855 836 3896 meum
862 3843 1092 3899 Eliacim
1122 3845 1295 3899 (ilium
1319 3844 1579 3909 Chclcize,
1603 3852 1660 3900 el
1683 3844 1908 3900 induam
1936 3845 2093 3900 illum

508 3934 648 3988 stola
691 3942 804 4000 tua,
846 3944 903 3991 et
966 3952 1225 3991 coronam
1252 3937 1397 3991 dabo
1449 3936 1534 3999 ei,
1570 3944 1626 3992 et
1669 3936 1998 4008 imperium,
2038 3946 2098 3993 et

507 4024 973 4096 dispensationem
1002 4035 1151 4083 tuam
1193 4028 1337 4083 dabo
1374 4029 1429 4083 in
1485 4044 1682 4084 manus
1719 4030 1842 4100 ejus
1869 4071 1883 4096 ,
1913 4039 1970 4086 et
1989 4031 2098 4086 erit

505 4115 678 4170 veluti
730 4124 887 4187 pater
923 4116 1333 4173 habitatoribus
1397 4118 1704 4174 Jerusalem
1743 4119 1811 4172 ⁸⁸.
1856 4138 1875 4171 ι
1906 4118 2013 4175 Sed
2041 4130 2099 4175 et

514 4228 533 4258 ι
563 4208 766 4273 Alium,
822 4209 921 4275 ait,
975 4209 1262 4279 pulverem
1319 4209 1615 4281 accipient,
1657 4219 1715 4266 et
1759 4211 1959 4266 linient
1994 4212 2097 4267 do—

506 4316 657 4355 mum
686 4301 732 4333 ”
767 4319 779 4355 :
816 4320 834 4353 ι
885 4301 981 4357 ubi
1049 4301 1448 4373 Ἐξαλείψουσι,
1508 4318 1612 4373 pro
1676 4303 2098 4376 Περιαλείψουσι

504 4394 768 4463 positum.
795 4392 1056 4466 Designat
1080 4396 1271 4461 ethoc,
1299 4412 1330 4452 a
1361 4396 1568 4453 sanctis
1599 4399 1887 4469 prophetis
1915 4399 2097 4454 datam

506 4485 768 4541 Israelitis
792 4487 1263 4554 adhortationem,
1287 4491 1381 4560 qui
1413 4492 1663 4561 pulchris
1693 4492 1969 4562 bonisque
1993 4509 2097 4547 un-

2190 1199 2347 1235 νασιν
2373 1181 2624 1253 ἀφορμή·
2665 1179 2761 1245 οὒς
2805 1179 2902 1234 καὶ
2932 1180 3115 1245 λίθους
3141 1180 3431 1251 ὀνομάζει,
3465 1182 3609 1253 μέρη
3654 1182 3780 1235 τινὰ

2190 1272 2289 1341 τῆς
2319 1272 2448 1343 ὅλης
2494 1272 2673 1336 οἰκίας
2720 1270 2839 1341 ἦτοι
2870 1270 2963 1325 τοῦ
3006 1270 3194 1335 ἔθνους
3240 1272 3581 1336 ὑποδεικνὺς.
3618 1266 3779 1326 Οὗτοι

2189 1364 2245 1417 δὲ
2277 1360 2440 1436 ἦσαν,
2480 1363 2624 1427 τινὲς
2672 1363 2773 1432 μὲν
2802 1362 2910 1416 τῶν
2962 1362 3103 1417 κατὰ
3147 1365 3372 1435 καιροὺς
3400 1363 3664 1434 βασιλέων
3698 1366 3778 1427 εἰς

2190 1454 2386 1526 ἑτέρας
2428 1454 2686 1525 λατρείας
2731 1454 3175 1527 περιπλανῶντες
3218 1454 3310 1507 τὸν
3360 1453 3511 1508 λαόν·
3541 1454 3686 1518 τινὲς
3719 1455 3778 1508 δὲ

2189 1548 2299 1603 τῶν
2326 1546 2823 1619 ψευδοπροφητῶν,
2847 1546 2917 1600 τά
2950 1547 3059 1600 ἀπὸ
3090 1546 3317 1617 καρδίας
3351 1546 3530 1599 αὐτῶν
3552 1545 3769 1600 λαλοῦν-

2190 1659 2302 1705 τες,
2339 1640 2485 1695 καθά
2523 1639 2854 1711 γέγραπται,
2883 1640 2977 1693 κεί)⁸
3008 1640 3106 1710 τὴν
3136 1638 3244 1692 τῶν
3284 1637 3654 1710 ἀκροωμένων
3685 1640 3777 1691 εὐ-

2190 1730 2416 1784 λάϐειαν
2468 1728 2878 1801 παραλύοντες,
2926 1727 3022 1793 οὓς
3068 1731 3162 1783 καὶ
3213 1730 3629 1802 ὑπεξαιρεῖσθαι
3677 1732 3778 1802 τῆς

2190 1821 2367 1886 οἰκίας
2401 1821 2654 1886 κελεύει,
2707 1821 2991 1892 σημαίνων
3033 1821 3125 1874 τὸν
3173 1822 3398 1875 ἐκείνων
3446 1822 3775 1893 ἀφορισμὸν,

2120 1885 2161 1938 Β
2197 1912 2316 1982 ἦτοι
2346 1910 2444 1982 τὴν
2490 1914 2571 1976 εἰς
2613 1885 2924 1982 ἀφανισμὸν
2957 1911 3205 1984 ὲκόολήν.
3254 1912 3467 1966 Ὀποῖόν
3497 1885 3665 1967 ἔστιν⁷
3686 1916 3780 1966 ἐπὶ.

2201 2003 2300 2073 μὲν
2335 2002 2414 2073 τῷ
2471 2004 2699 2075 Ἰεχονίᾳ
2741 2004 2802 2058 τὸ
2849 2003 3140 2076 εἰρημένον
3192 2006 3342 2077 παρά
3391 2005 3549 2059 Θεοῦο
3605 2027 3623 2058 ι
3676 2008 3715 2059 Γ
3716 2005 3775 2078 ἦ,

2195 2098 2363 2151 ἄκουε
2394 2095 2502 2150 τῶν
2527 2096 2702 2165 λόγων
2727 2097 2958 2168 Κυρίου.
2994 2097 3211 2169 Γράψον
3245 2098 3335 2151 τὸν
3363 2100 3533 2170 ἄνδρα
3565 2099 3778 2161 τοῦτον,

2196 2189 2543 2259 ὲκκήρυκτον
2568 2188 2879 2260 ἄνθρωπον.
2918 2207 2937 2240 ι
2984 2188 3107 2241 Ἐπὶ
3133 2188 3188 2242 δὲ
3218 2191 3331 2253 τοῖς
3360 2189 3775 2261 ψευδομάντεσι·

2202 2302 2221 2334 ι
2270 2281 2369 2335 Διὰ
2408 2280 2568 2335 τοῦτο
2597 2280 2899 2353 ἁπεθέρισα
2939 2281 3064 2344 τοὺς
3096 2282 3382 2353 προφήτας
3414 2280 3589 2353 ὑμῶν.
3644 2282 3780 2335 ’Λπ-

2196 2375 2414 2429 έκτεινα
2444 2374 2642 2437 αὐτοὺς
2669 2374 2727 2427 ἐν
2755 2375 2962 2445 ῥήματι
2993 2374 3263 2445 στόματός
3296 2392 3421 2444 μου.
3473 2394 3491 2427 ι
3529 2377 3639 2429 Καὶ
3670 2378 3780 2430 πά-

2195 2467 2278 2520 λιν
2320 2467 2517 2519 ἐκεῖνοο
2561 2484 2579 2517 ι
2620 2464 2721 2519 Διά
2768 2464 2926 2519 τοῦτο
2968 2465 3265 2537 ἡγούμενοι
3293 2466 3423 2519 λαοῦ
3469 2469 3782 2540 ἁττορῤιφὴ-

2197 2575 2382 2612 σονται
2440 2556 2499 2624 ἐξ
2564 2556 2712 2610 οἴκου
2761 2557 2974 2628 τρυφῆς
3030 2557 3257 2622 αὐτῶν,
3301 2559 3389 2613 διὰ
3444 2558 3514 2613 τὰ
3568 2561 3786 2631 πονηρὰ

2195 2649 2605 2721 ἐπιτηδεύματα
2634 2647 2816 2702 αὐτῶν
2845 2646 3180 2716 ἐξώσθησαν.
3215 2669 3233 2699 ι
3261 2650 3372 2703 Καὶ
3401 2651 3585 2704 πάλιν·
3624 2651 3787 2705 «Ἕν-

2196 2760 2321 2797 εκεν
2349 2741 2714 2809 ἀκαθαρσίας,
2750 2740 3019 2813 διεφθάρη
3048 2741 3245 2813 φθορᾷ.
3287 2763 3306 2795 ι
3346 2743 3420 2796 Τὸ
3445 2744 3499 2797 δὲ
3527 2743 3645 2796 ἀντὶ
3673 2743 3787 2797 τῶν

2196 2833 2603 2907 ὑφαιρεθέντων
2636 2833 2817 2899 λίθους
2861 2834 3080 2907 ἑτέρους
3129 2835 3549 2904 ἀντεισάγεσθαι
3593 2836 3785 2904 πάλιν,

2196 2928 2473 3000 καθαροὺς
2519 2928 2616 2982 καὶ
2645 2926 3090 3000 ἀπεξυσμένους,
3127 2927 3278 2999 δηλοῖ
3308 2928 3369 2981 τὸ
3413 2930 3553 2982 κατὰ
3588 2928 3785 3000 καιρὸν

2196 3019 2615 3074 ἀναδείκνυσθαί
2644 3036 2797 3083 τινας
2824 3019 2915 3073 διά
2955 3018 3057 3090 τῆς
3091 3019 3185 3073 τοῦ
3224 3021 3360 3074 Θεοῦ
3394 3020 3623 3092 βουλῆς,
3653 3022 3787 3085 τοὺς

2196 3105 2681 3176 ἀντιστηρίζοντας
2724 3106 2815 3160 τὸν
2853 3102 3001 3160 οἷκον
3043 3107 3280 3180 Ἰσραὴλ,
3312 3108 3406 3162 καὶ
3456 3110 3782 3180 συνέχοντας

2196 3200 2277 3263 εἰς
2316 3198 2648 3272 ἀδιάφθορον
2679 3199 2841 3253 τόπον
2862 3240 2874 3262 ,
2919 3199 2953 3272 ἦ
3000 3199 3257 3269 βασιλέας
3289 3201 3552 3273 δηλονότι,
3585 3202 3619 3274 ἦ
3649 3220 3787 3274 προ-

2198 3291 2408 3361 (νὶταῦ
2456 3291 2490 3362 ἢ
2535 3291 2740 3360 ἁγίους.
2782 3291 2871 3356 Ὠς
2926 3293 2984 3346 ἒν
3038 3292 3116 3363 τῷ
3152 3293 3291 3366 πρὸς
3352 3294 3441 3347 τὸν
3504 3295 3785 3367 μακάριον

2208 3384 2438 3437 Ἡσαΐαν
2466 3384 2743 3455 εἰρημένῳ
2781 3383 2932 3457 παρά
2969 3384 3126 3438 Θεοῦ·
3169 3404 3188 3436 ι
3224 3384 3360 3439 Τάδε
3398 3383 3547 3454 λέγει
3582 3385 3787 3459 Κύριος

2199 3473 2450 3528 Σασαώθο
2490 3474 2732 3544 Πορεύου
2762 3476 2843 3540 εἰς
2881 3475 2941 3529 τὸ
2971 3477 3368 3549 παστοφόριον,
3404 3478 3541 3551 πρὸς
3582 3479 3787 3549 Ὀμνόιν

2197 3565 2289 3618 τὸν
2315 3563 2549 3634 ταμίαν,
2578 3564 2674 3619 καὶ
2719 3564 2877 3618 εἰπὸν
2908 3565 3077 3637 αὐτῷ·
3111 3566 3177 3619 Τί
3212 3568 3277 3621 σὺ
3322 3560 3457 3635 ὧδε;
3494 3568 3586 3621 καὶ
3616 3568 3668 3620 τί
3700 3568 3787 3622 σοί

2199 3658 2348 3708 ἐστιν
2394 3651 2534 3721 ὧδε;
2577 3655 2662 3709 ὅτι
2704 3654 3049 3728 ἐλατόμησας
3095 3658 3307 3729 σεαυτῷ
3349 3651 3449 3712 ὦδε
3499 3661 3783 3730 μνημεῖον,

2199 3748 2295 3801 καὶ
2327 3748 2592 3820 ἐποίησας
2623 3748 2833 3821 σεαυτῷ
2862 3750 2920 3802 ὲν
2951 3749 3139 3822 ὑψηλῷ
3170 3754 3432 3822 μνημεῖον
3453 3792 3467 3815 ,
3505 3753 3595 3804 καὶ
3622 3752 3782 3819 ἔγλυο

2198 3841 2305 3910 ca,-
2340 3841 2552 3912 σεαυτῷ
2582 3842 2641 3895 ὲν
2674 3842 2848 3915 πέτρᾳ
2884 3844 3117 3915 σκηνήν.
3156 3843 3288 3896 ’1δοῦ
3335 3841 3398 3914 δὴ
3444 3843 3648 3915 Κύριος
3682 3844 3784 3895 Σα-

2200 3932 2348 3986 εαὼθ
2374 3932 2599 3987 ἐκδαλεί
2626 3931 2881 4004 ὲκτρίψαι
2913 3932 3103 4005 ἄνδρα,
3130 3933 3227 3987 καὶ
3256 3934 3446 4002 ἀφελεῖ
3467 3934 3564 4004 τὴν
3593 3933 3785 4003 στολήν

2202 4044 2319 4090 σου,
2355 4025 2568 4080 καὶτὸν
2602 4025 2865 4094 στέφανόν
2898 4042 2993 4079 σου
3024 4026 3114 4079 τὸν
3148 4025 3379 4091 ἔνδοξον,
3419 4025 3514 4080 καὶ
3543 4024 3689 4097 ῥίψει
3725 4043 3784 4077 σε

2201 4119 2283 4181 εἰς
2320 4117 2506 4189 χώραν
2552 4115 2796 4187 μεγάλην
2844 4115 2938 4170 καὶ
2982 4116 3332 4189 ἀμέτρητον,
3369 4117 3459 4171 καὶ
3502 4118 3623 4171 ἐκεῖ
3648 4118 3784 4170 ἀπο-

2201 4209 2360 4281 θανῇ.
2390 4209 2500 4263 Καὶ
2532 4206 2688 4281 θήσει
2726 4207 2787 4261 τὸ
2820 4207 2972 4279 ἅρμα
3011 4225 3103 4262 σου
3137 4208 3198 4261 τὸ
3234 4208 3399 4263 καλὸν
3433 4210 3513 4273 εἰς
3540 4208 3787 4280 ἀτιμίαν.

2202 4303 2297 4356 καὶ
2321 4302 2414 4356 τὸν
2442 4297 2590 4356 οἶκον
2615 4300 2712 4355 τοῦ
2743 4301 3009 4372 ἄρχοντός
3037 4318 3131 4354 σου
3155 4303 3234 4364 εἰς
3263 4302 3653 4372 καταπάτημα.
3679 4301 3789 4355 Καὶ

2202 4396 2553 4470 ἀφαιρεθήσῃ
2585 4398 2651 4449 ὲκ
2682 4395 2782 4465 τῆς
2821 4394 3134 4464 οἰκονομίας
3170 4411 3284 4457 σου,
3318 4394 3411 4446 καὶ
3440 4395 3503 4447 ὲκ
3540 4394 3636 4465 τῆς
3660 4396 3789 4447 στά-

2207 4487 2344 4551 σεώς
2390 4504 2506 4541 σου.
2544 4486 2655 4541 Καὶ
2683 4486 2839 4539 ἔσται
2886 4487 2945 4537 ἐν
2979 4488 3043 4556 τῇ
3095 4486 3281 4557 ἡμέρᾳ
3321 4485 3530 4559 ἐκείνῃ,
3574 4483 3790 4537 καλέσω

505 4582 700 4644 gentes
721 4578 1071 4634 sermonibus
1090 4580 1477 4649 peccatoribus
1512 4581 1817 4647 suaserint,
1859 4581 2092 4657 libenter

2204 4580 2295 4632 τον
2329 4578 2497 4633 παῖδά
2535 4595 2636 4649 μου
2684 4577 3001 4647 Ἑλειακεὶμ
3037 4580 3127 4630 τὸν
3160 4578 3251 4631 τοῦ
3289 4576 3546 4639 Χελκίου,
3582 4579 3676 4631 καὶ
3712 4578 3787 4628 ὲν-

504 4669 601 4723 Dei
653 4670 925 4724 voluntati
970 4670 1258 4736 accedere,
1300 4678 1359 4727 et
1403 4687 1567 4727 omne
1614 4673 2092 4742 inquinamentum

2198 4671 2347 4726 δύσω
2396 4672 2559 4727 αὐτὸν
2601 4672 2702 4741 τὴν
2750 4670 2945 4741 στολήν
2980 4689 3074 4723 σου
3098 4712 3111 4734 ,
3152 4672 3243 4724 καί
3274 4671 3364 4723 τὸν
3400 4668 3661 4740 στέφανόν
3698 4686 3791 4721 σου

506 4760 817 4832 detergere,
864 4764 1176 4833 scctarique
1216 4765 1410 4834 potius
1456 4780 1581 4835 quae
1627 4766 1910 4836 lcgislator
1939 4767 2030 4823 ille
2069 4785 2092 4822 a

2198 4763 2356 4819 δώσω
2394 4763 2564 4835 αὐτῷ,
2606 4764 2701 4817 καὶ
2728 4764 2788 4817 τὸ
2812 4764 3037 4835 κράτος,
3072 4766 3167 4817 καὶ
3215 4765 3311 4834 τὴν
3341 4765 3653 4834 οἰκονομίαν
3697 4781 3791 4815 σου

507 4854 624 4909 suis
651 4855 905 4925 cognosci
930 4871 1112 4926 opera:
1142 4858 1382 4927 pretium
1411 4857 1529 4913 fore
1553 4858 1729 4914 duxit.
1753 4859 1913 4930 365
1927 4860 2092 4927 Quale

2200 4859 2358 4912 δώσω
2399 4860 2479 4922 εἰς
2522 4857 2621 4919 τὰς
2668 4860 2855 4929 χεῖρας
2905 4857 3109 4921 αὐτοῦ,
3146 4859 3241 4912 καὶ
3285 4857 3439 4911 ἔσται
3485 4857 3559 4921 ὡς
3612 4858 3795 4930 πατὴρ

508 4947 645 5002 illud
671 4963 701 5002 a
720 4956 1033 5003 sanctorum
1049 4950 1234 5020 aliquo
1258 4950 1327 5005 ad
1343 4950 1493 5021 ipsos
1516 4951 1838 5020 prmdictum
1863 4968 1875 5004 :
1905 4972 1921 5002 ι
1943 4952 2101 5018 Qum-

510 5038 614 5094 rite
628 5038 853 5104 bonum,
872 5049 1052 5095 etnon
1069 5042 1294 5105 malum,
1317 5040 1586 5095 utvivatis
1620 5041 1688 5096 Et
1704 5042 2097 5098 eritsicvohis—

513 5142 637 5184 eum
676 5131 940 5188 Dominus
979 5134 1123 5189 Deus
1167 5135 1520 5205 omnipotens
1543 5136 1606 5189 ⁸⁸.
1639 5153 1656 5184 ι
1682 5135 1750 5190 Ει
1794 5144 1919 5206 post
1945 5137 2093 5191 hmo:

520 5239 538 5270 ι
557 5219 614 5275 Si
640 5229 822 5275 autem
843 5224 1300 5280 redieritrursum
1323 5234 1501 5281 tactus
1521 5226 1707 5295 Iepras,
1726 5235 1783 5281 et
1800 5227 2093 5295 repullula-

514 5312 587 5365 rit
608 5312 662 5366 in
685 5313 870 5376 dumo,
889 5324 1176 5386 postquam
1202 5320 1346 5373 eruti
1368 5318 1573 5373 fuerint
1601 5318 1833 5387 lapides,
1864 5326 1920 5373 et
1945 5328 2097 5388 post-

515 5417 680 5472 quam
700 5404 896 5460 domus
927 5407 1092 5462 fuerit
1110 5425 1230 5464 rasa
1251 5419 1306 5463 et
1321 5419 1611 5480 postquam
1633 5410 1790 5464 linila
1814 5428 1828 5475 ;
1851 5418 1907 5465 et
1923 5410 2100 5480 ingre-

516 5495 699 5550 dietur
716 5499 994 5562 sacerdos,
1021 5508 1075 5553 et
1098 5502 1347 5570 aspiciet,
1393 5502 1437 5554 si
1468 5501 1700 5556 (lili‘usus
1726 5511 1811 5557 est
1836 5510 2014 5557 laetus
2047 5503 2101 5556 in

518 5586 698 5642 dumo.
718 5590 890 5659 Lepra
908 5606 1234 5660 permanens
1249 5598 1334 5644 cst
1351 5592 1403 5644 in
1419 5591 1597 5655 domo,
1622 5594 1903 5649 immunda
1918 5604 2020 5649 est.
2038 5596 2103 5650 Et

589 5789 634 5820 "
657 5792 858 5846 Jercm.
888 5807 1037 5849 mu,
1076 5792 1165 5847 26.

522 5860 618 5918 vit.
652 5877 760 5930 xxv,
792 5861 880 5916 42.
958 5859 1004 5891 ⁸ι
1035 5862 1220 5929 Amos,
1246 5879 1297 5929 ιο,
1329 5863 1414 5917 Μ.

1244 5793 1290 5823 ⁷³
1311 5792 1511 5865 Jerem.
1549 5813 1674 5861 xm,
1708 5799 1793 5853 29.
1875 5798 1918 5829 ’θ
1951 5798 2110 5864 0500,
2138 5816 2209 5865 νιν
2241 5800 2290 5853 5-

2200 4953 2313 5014 τοῖς
2338 4949 2579 5003 οἰκοῦσιν
2606 4951 2663 5002 ὲν
2700 4950 3079 5022 Ἰερουσαλήμ.
3123 4969 3141 5001 ι
3190 4950 3354 5003 ’Λλλά
3383 4950 3478 5003 καὶ
3519 4949 3647 5021 χοῦν
3674 4949 3795 5003 ἓτε-

2209 5060 2322 5116 ρον,
2354 5044 2542 5111 φησὶν,
2575 5042 2859 5113 λήψονται,
2895 5044 2991 5097 καὶ⁴
3015 5044 3361 5115 ἐξαλείφουσι
3391 5045 3487 5115 τὴν
3531 5043 3730 5097 οἰκίαν·
3773 5064 3788 5093 ι

2206 5136 2267 5187 rs
2309 5133 2741 5203 Ἑξαλείψουσιν,
2769 5136 2890 5189 ἀντὶ
2930 5134 3025 5189 τοῦ
3067 5136 3480 5206 περιαλείψουσι
3510 5134 3792 5198 τεθεικώς.

2208 5227 2473 5297 Σημαίνει
2502 5227 2557 5280 δὲ
2583 5229 2677 5282 καὶ
2706 5228 2865 5281 τοῦτο
2892 5228 2989 5298 τὴν
3027 5226 3116 5282 διὰ
3145 5227 3253 5282 τῶν
3294 5227 3468 5295 ἁγέων
3496 5228 3796 5300 προφητῶν

2208 5318 2584 5389 γεγενημένην
2630 5319 2978 5391 παράκλησιν
3028 5319 3105 5390 τῷ
3146 5320 3383 5391 Ἰσραὴλ,
3415 5321 3463 5373 οἳ
3503 5320 3688 5384 καλοῖς
3736 5337 3793 5372 τε

2212 5411 2305 5464 καὶ
2337 5409 2560 5477 ἀγαθοῖς
2609 5410 3053 5482 περιαλείφοντες
3086 5411 3264 5478 λόγοις
3298 5411 3419 5474 τοὺς
3457 5411 3799 5481 ἁμαρτάνον-

2209 5521 2344 5566 τας,
2390 5503 2677 5555 ἀνέπειθον
2728 5502 2865 5555 ἰέναι
2914 5502 3212 5572 προθύμως
3252 5503 3345 5555 ἐπί
3392 5503 3449 5556 τὸ
3499 5502 3689 5556 δοκοῦν
3722 5501 3797 5570 τῷ

2208 5596 2362 5667 Θμῖ),
2400 5597 2491 5648 καὶ
2547 5594 2933 5665 ἀποτρῖϐεσθαι
2990 5597 3085 5665 μὲν
3128 5598 3223 5666 τὴν
3282 5600 3341 5650 ιζκ
3398 5598 3584 5649 πλίὶίον
3637 5599 3797 5668 32m;-

2366 5798 2409 5828 ⁸¹
2442 5798 2603 5854 Mich.
2630 5815 2686 5864 ιι,
2716 5798 2769 5863 9,
2809 5799 2888 5851 l0.
2989 5800 3028 5830 ‘3
3058 5799 3157 5853 lsa.
3194 5816 3323 5864 xui,
3358 5800 3530 5855 ιέἑοὶι.
3611 5797 3655 5829 ⁸³
3692 5799 3798 5855 Le-

2989 5799 3157 5853 “1.5a.
3194 5816 3323 5864 xui,
3358 5800 3530 5855 l3~2L
