4120 6446
340 604 541 662 λωσιν,
584 593 783 668 ζηλοῦν
800 592 860 646 δὲ
910 589 1111 664 μᾶλλον
1136 587 1232 641 καὶ
1282 581 1604 652 ἐπείγεσθαι
1636 579 1721 650 ἐφ’
1750 573 1833 642 οἷς
1864 577 1929 632 ἂν
1959 579 2007 636 Α

341 698 373 748 6
397 689 697 764 νομοθέτης
719 686 916 740 εἰδέναι
934 685 1206 754 χρήσιμον
1222 680 1348 742 τοὺς
1375 675 1739 748 λατρεύοντας
1762 669 1933 742 αὐτῷ.

330 788 572 847 -Ὁποῢν
602 789 722 841 ἐστι
741 785 804 838 τὺ
826 784 894 837 δι’
924 779 1043 843 ἑνὸς
1070 776 1181 831 τῶν
1215 777 1386 845 ἁγίων
1411 773 1550 842 πρὸς
1576 769 1771 832 αὐτοὺς
1794 768 1942 839 είρη-

352 883 515 955 μένον
534 897 549 911 '
589 901 610 934 ι
652 876 1029 948 Ἐκζητήσατε
1054 872 1117 924 τὸ
1148 868 1333 932 καλὸν,
1368 865 1464 921 καὶ
1490 865 1564 935 μὴ
1587 862 1650 917 τὸ
1679 857 1938 931 πονηρὸν,

354 950 498 1039 δπως
524 970 782 1043 ζήσεσθε,
809 968 905 1023 καὶ
929 965 1083 1020 ἔσται
1107 961 1312 1033 Κύριος
1330 961 1359 1013 ό
1384 957 1537 1022 Θεὸς,
1570 957 1599 1008 6
1627 950 1940 1023 παντοκρά-

359 1083 470 1135 τωρ
507 1062 682 1126 οὕτως
727 1057 848 1132 μεθ’
889 1054 1065 1127 ὑμῶν.
1117 1071 1135 1103 3
1186 1049 1299 1104 Καὶ
1351 1047 1492 1119 μετὰ
1534 1043 1694 1099 τοῦτό
1738 1055 1937 1112 φησιν’

364 1177 383 1212 ι
432 1157 553 1211 Ἐὰν
582 1154 641 1208 δὲ
686 1150 893 1223 ἐπέλθῃ
924 1148 1088 1202 πάλιν
1126 1142 1239 1214 ἁφὴ
1266 1145 1365 1213 τῆς
1392 1141 1602 1209 λέπρας
1624 1182 1640 1206 ,
1670 1135 1769 1190 καὶ
1806 1136 1942 1189 ἀνα-

357 1249 508 1323 τείλῃ
536 1250 592 1301 ὲν
623 1249 689 1317 τῇ
717 1243 902 1314 οἰκίᾳ,
938 1239 1077 1313 μετὰ
1104 1238 1167 1292 τό
1196 1235 1433 1302 ἐξελθεῖν
1456 1233 1586 1296 τοὺς
1609 1229 1811 1292 λίθους,
1850 1227 1947 1282 καὶ

361 1319 506 1413 μετᾶ
533 1341 602 1404 ,τὸ
625 1335 1002 1405 ἁποξυσθῆναι
1032 1332 1131 1404 τὴν
1192 1329 1393 1389 οἰκίαν,
1435 1325 1533 1380 καὶ
1569 1322 1706 1396 μετὰ
1744 1322 1807 1376 τὸ
1849 1319 1941 1387 ἐξ·

357 1430 825 1505 αλειερθῆναιΚαὶ
854 1426 1226 1482 εἰσελεύσεται
1253 1424 1284 1475 6
1313 1422 1514 1493 ἱερεὺς,
1542 1418 1638 1473 καὶ
1674 1415 1866 1486 δψεται
1898 1414 1949 1467 εί

355 1528 683 1599 διακέχυται
703 1527 737 1596 ἡ
765 1524 880 1593 ἁφὴ
916 1523 973 1575 ὲν
1013 1522 1081 1591 τῇ
1109 1516 1277 1589 οἰκίᾳ.
1306 1514 1498 1585 Λέπρα
1530 1514 1769 1583 ἐμμονός

358 1625 421 1676 ὲν
566 1619 744 1689 οἰκίᾳ·
792 1614 1103 1685 ἁκάθαρτός
1153 1616 1322 1667 ἐστιν.
1358 1607 1473 1663 Καὶ
1513 1601 1804 1659 καθελοῦσι
1853 1600 1953 1671 τὴν

360 1712 565 1773 οἰκίαν,
598 1710 692 1765 καὶ
718 1707 787 1762 τὰ
829 1706 965 1774 ξύλα
1012 1706 1183 1774 αὐτῆς
1205 1743 1219 1767 ,
1257 1701 1354 1757 καὶ
1379 1700 1509 1761 τοὺς
1533 1695 1717 1760 λίθους
1746 1694 1918 1764 αὐτῆς
1937 1732 1952 1757 ,

361 1806 461 1860 καὶ
493 1804 671 1859 πάντα
706 1801 797 1855 τὸν
842 1799 974 1871 χοῦν
1001 1797 1102 1869 τῆς
1141 1795 1324 1857 οἰκίας
1361 1791 1665 1858 ἐξοίσουσιν
1700 1786 1808 1854 ἔξω
1854 1784 1955 1854 τῆς

358 1895 574 1958 πόλεως
602 1898 684 1958 είς
718 1893 885 1948 τόπον
912 1888 1245 1959 ἀκάθαρτον.
1290 1905 1310 1938 3
1348 1884 1481 1937 Ὅτε
1524 1881 1636 1953 γὰρ
1679 1878 1825 1942 ἅπας
1858 1877 1957 1929 ὲπ-
1986 1925 2030 1983 Β

357 1989 560 2060 ενοήθη
589 1985 889 2059 θεραπείας
914 1983 1117 2055 τρόπος
1147 1982 1260 2044 τοῖς
1281 1978 1341 2045 ἐξ
1371 1975 1610 2047 Ἰσραὴλ,
1626 1973 1720 2027 καὶ
1744 1968 1957 2039 ὠφέλη-

358 2098 464 2137 σαν
498 2080 598 2152 μὲν
632 2079 787 2133 οὐδὲν
835 2072 1294 2145 ὑπεξαιρεθέντες
1337 2072 1386 2124 οἰ
1419 2067 1740 2140 ψωριῶντες
1784 2061 1954 2125 λίθοι,

357 2172 624 2244 ἀνόνητος
652 2171 712 2224 δὲ
736 2167 1031 2238 ἀπεδείχθη
1069 2164 1259 2219 λοιπὸν
1290 2163 1388 2216 καὶ
1413 2164 1446 2233 ή
1481 2159 1571 2216 διὰ
1606 2159 1714 2211 τῶν
1747 2171 1959 2228 προφη-

354 2270 474 2324 τῶν
499 2265 726 2337 ἀλοιφὴ,
755 2261 1024 2322 τουτέστι,
1054 2257 1425 2330 παράκλησις,
1462 2254 1771 2323 εἰσέρχεται
1796 2247 1959 2302 πάλιν

366 2357 802 2427 ἐπισκεψόμενος
817 2355 918 2425 τὴν
937 2349 1228 2423 λεπρῶσαν
1247 2349 1277 2400 6
1308 2344 1506 2419 ἱερεύς.
1525 2342 1829 2412 Εἱσϐέϐηκε
1851 2339 1961 2410 γὰρ

359 2454 428 2507 ὲν
464 2450 602 2522 τῷδε
635 2446 715 2519 τῷ
741 2446 934 2516 κόσμῳ
963 2442 1103 2516 μετὰ
1129 2440 1384 2511 σώματος
1407 2440 1437 2492 6
1460 2435 1793 2506 Μονογενής.
1829 2432 1962 2487 Ὅτε

360 2546 596 2614 γέγονεν
633 2539 924 2611 ἄνθρωπος
949 2576 966 2603 ,
997 2535 1173 2606 πόσην
1219 2532 1253 2604 ἢ
1290 2530 1414 2585 τίνα
1447 2527 1750 2601 μεταϐολὴν
1773 2526 1840 2580 ὲκ
1864 2523 1963 2594 τῆς

356 2636 607 2710 ἀρχαίας
660 2631 996 2704 φαυλότητος
1045 2628 1126 2691 εἰς
1169 2625 1373 2695 πολλὴν
1425 2621 1638 2693 ἀγαθὴν
1690 2616 1965 2672 πολιτείαν

365 2709 911 2800 ἐλέγχει-Συναγωγὴ
936 2718 1408 2793 περισκεψόμενος
1433 2712 1705 2786 ἀκριϐῶς.
1743 2709 1968 2778 Ἐπειδὴ

366 2822 433 2877 δὲ
465 2819 665 2876 πάθεσι
711 2820 824 2882 τοῖς
854 2816 914 2884 ἐξ
947 2813 1126 2888 ἀρχῆς
1172 2809 1502 2882 ὲνεχομένην
1532 2807 1613 2860 ἔτι
1665 2802 1967 2866 κατέλαϐε,

372 2917 474 2972 καὶ
505 2912 771 2969 νοσοῦσαν
806 2911 1045 2981 ἔμμονον
1071 2905 1170 2978 τὴν
1195 2903 1562 2974 ἀκαθαρσίαν,
1586 2894 1970 2969 καθαιρεῖσθαι

372 3005 709 3078 προστάττει
743 3000 950 3064 λοιπὸν,
981 2995 1370 3069 ἐκπέμπεσθαι
1411 2993 1469 3047 δὲ
1505 2993 1586 3054 εἰς
1622 2989 1791 3044 τόπον
1835 2984 1974 3040 ἀκά-

376 3099 597 3170 θαρτον.
638 3096 874 3151 Λέλυται
898 3093 1009 3164 γὰρ
1032 3092 1130 3162 ὅλη
1163 3089 1274 3144 τῶν
1317 3085 1643 3154 Ἰουδαίωνὴ
1685 3080 1776 3136 διὰ
1803 3080 1971 3150 νόμου

378 3166 660 3251 σύστασις,
693 3186 787 3240 καὶ
815 3183 877 3237 τὸ
898 3182 1049 3245 ἔθνος
1076 3181 1157 3244 εἰς
1185 3176 1364 3231 πάντα
1389 3169 1783 3243 διεσκορπίσθη
1809 3166 1974 3220 τόπον

375 3279 715 3351 ἀκάθαρτον,
746 3275 891 3331 κατὰ
916 3274 978 3329 τὸ
1010 3275 1068 3327 ὲν
1101 3269 1413 3340 προφήταις
1442 3262 1762 3336 εἰρημένοψ
1802 3277 1824 3314 ι
1859 3256 1974 3313 Καὶ
2001 3265 2044 3325 c

372 3373 726 3445 διασκορπιῶ
779 3370 979 3432 αὐτοὺς
1021 3367 1103 3429 είς
1134 3363 1314 3419 πάντα
1339 3360 1563 3429 ἄνεμον.
1607 3375 1626 3408 3
1678 3355 1752 3409 "H
1785 3370 1804 3405 ι
1845 3352 1977 3407 Λικ-

382 3467 498 3538 μιῶ
525 3444 726 3528 αὐτοὺς
745 3463 826 3527 εἰς
853 3461 1033 3516 πάντα
1056 3458 1126 3513 τὰ
1153 3455 1305 3526 ἔθνη.
1343 3472 1363 3507 3
1385 3448 1693 3524 Παραλήψῃ
1713 3448 1795 3510 είς
1820 3444 1981 3500 τοῦτο

381 3530 722 3623 καλῶςηιαὶ
748 3555 808 3607 τὸ
845 3550 999 3623 παρὰ
1033 3547 1127 3603 τοῦ
1162 3543 1418 3616 Σωτῆρος
1443 3538 1736 3610 εἰρημένον
1767 3533 1861 3589 ἐπὶ
1903 3530 1982 3602 τῷ

382 3648 505 3720 ναῷ
528 3648 607 3718 τῷ
630 3648 760 3721 παρ’
792 3645 998 3705 αὐτοῖς⁹
1041 3658 1059 3689 ι
1097 3635 1337 3691 Βλέπετε
1362 3630 1535 3685 ταῦτα
1568 3628 1767 3682 πάντα.
1811 3621 1984 3693 Ἀμὴν

381 3713 535 3810 is}...
578 3713 733 3810 δμῖνζ
780 3736 843 3788 οὐ
885 3733 962 3805 μὴ
993 3730 1152 3801 μείνῃ
1184 3726 1332 3789 λίθος
1366 3723 1461 3778 ιπι
1498 3721 1646 3774 λίθον
1666 3756 1682 3784 ,
1726 3717 1785 3782 ὅς
1812 3716 1875 3770 οὐ
1907 3713 1985 3786 μὴ

383 3805 860 3902 καταλυθήσεται.
897 3845 916 3879 3
966 3821 1244 3901 Ἐπιλέγει
1285 3816 1346 3872 δὲ
1370 3807 1605 3877 τούτοις,
1637 3811 1721 3865 ὅτι
1758 3828 1778 3862 ι
1815 3809 1930 3871 Πᾶς
1957 3805 1987 3858 ὁ

382 3897 851 3998 εἰσπορευόμενος
881 3920 962 3983 εἰς
993 3897 1091 3987 τὴν
1116 3912 1318 3974 οίκίαν,
1344 3908 1528 3971 πάσας
1557 3904 1658 3968 τὰς
1675 3901 1893 3974 ἡμέρας
1924 3897 1990 3962 ἃς

385 3993 757 4090 ἀφωρισμένη
806 4011 990 4076 ἐστὶν,
1029 4005 1342 4077 ἀκάθαρτος
1388 4000 1541 4055 ἔσται
1569 3998 1677 4059 ἕως
1724 3993 1987 4064 ἑσπέρας.
2072 4036 2073 4039 η

387 4083 576 4167 καὶτὸ
621 4083 970 4178 κοιμώμενος
1002 4104 1061 4157 ὲν
1100 4100 1168 4169 τῇ
1215 4095 1366 4167 οἰκίᾳ
1391 4133 1409 4158 ,
1440 4091 1634 4146 πλυνεῖ
1681 4087 1751 4141 τὰ
1798 4083 1993 4155 ἱμάτια

390 4202 618 4271 ἑαυτοῦ,
659 4176 756 4256 καὶ
801 4196 1114 4268 ἀκάθαρτος
1147 4191 1302 4245 ἔσται
1349 4186 1458 4250 ἓως
1509 4180 1771 4251 ἑσπέρας.
1824 4176 1941 4231 Καὶ
1967 4176 1997 4228 6

392 4263 686 4353 taOiuw'év
719 4293 787 4361 τῇ
837 4263 1011 4358 οἰκίᾳ,
1046 4283 1210 4338 πάλιν
1253 4277 1456 4350 ὁμοίως
1478 4289 1491 4303 ο
1534 4291 1552 4324 3
1588 4271 1768 4325 έκεῖνο
1808 4263 1996 4334 σαφῶς

397 4385 689 4459 ὑποδηλῶν
740 4383 824 4437 ὅτι
882 4381 991 4443 πᾶς
1031 4379 1060 4432 6
1105 4377 1221 4439 τοῖς
1284 4365 1560 4430 Ἰουδαίοις
1613 4360 1737 4417 καθ’
1786 4355 1994 4413 οίονοῦν

396 4499 526 4539 τινα
568 4478 794 4551 τρόπον,
841 4472 932 4528 διὰ
970 4470 1065 4526 τοῦ
1107 4467 1178 4523 τὰ
1218 4466 1308 4520 ἴσα
1350 4462 1571 4533 φρονεῖν
1617 4452 1996 4524 κολλώμενος,

400 4577 561 4634 ἔσται
589 4573 656 4642 δὴ
687 4571 908 4631 πάντως
952 4564 1046 4620 καὶ
1076 4562 1175 4631 τῆς
1216 4559 1440 4613 ἐκείνων
1472 4548 1813 4620 ἀκαθαρσίας
1868 4543 1997 4616 μέτ-

401 4686 553 4741 οχος.
608 4661 740 4720 Είτα
791 4658 952 4716 πάλιν
999 4653 1382 4723 ὲπαθρήσοντα
1425 4645 1525 4717 τὴν
1568 4639 1876 4710 λεπρῶσαν,
1911 4635 2006 4688 καὶ

403 4729 563 4825 agili;
596 4756 843 4828 εἰσφέρει
862 4752 953 4806 τὸν
975 4747 1154 4820 ἱερέαο
1193 4764 1211 4795 ι
1263 4741 1391 4796 Ἐὰν
1425 4739 1534 4809 γὰρ
1560 4729 2006 4806 παραγενόμενος

404 4821 625 4925 εἰσέλθῃ
652 4895 667 4918 ,
696 4821 862 4919 equi»
881 4884 897 4909 ,
937 4845 965 4899 6
999 4840 1179 4913 ἱερεὺς
1206 4835 1316 4909 ἴδῃ.
1348 4833 1460 4889 Καὶ
1510 4831 1619 4884 ἰδοὺ
1663 4824 1913 4897 διαχύσει
1943 4821 2007 4875 οὐ

413 4915 681 5020 διαχεῖται
706 4915 883 5014 ἦίἁφὴ
921 4938 981 4990 ὲν
1022 4936 1088 5005 τῇ
1115 4931 1299 5002 οἰκίᾳ,
1334 4924 1477 4999 μετὰ
1518 4922 1581 4976 τὺ
1617 4915 2010 4986 ἐξαλειφθῆναι

418 5004 745 5111 τὴνῆοίκίαν,
771 5004 1031 5086 aeriam
1058 5004 1250 5095 ήὰςρή.
1286 5039 1304 5072 3
1333 5011 1629 5086 Καθῃρέθη
1664 5010 1761 5082 μὲν
1784 5007 1893 5076 γὰρ
1925 5004 2013 5057 διὰ

420 5135 517 5205 τὴν
543 5134 621 5196 εἰς
648 5125 887 5200 Χριστὸν
921 5116 1206 5192 παροινίαν
1230 5113 1306 5175 ὼς
1334 5107 1641 5176 ἀκάθαρτος
1670 5105 1704 5174 ἡ
1734 5098 1845 5154 τῶν
1885 5096 2010 5153 ἰου-
2076 5150 2081 5154 ,

416 5189 972 5287 δαίωντευναγωγὴ,
1003 5189 1118 5266 *καὶ
1163 5206 1268 5276 τῆς
1320 5200 1457 5257 Θεοῦ
1501 5197 1685 5268 φιλίας
1728 5189 2009 5258 ὲξώλισθε.

422 5322 570 5391 Πλὴν
607 5320 665 5372 ὲν
701 5283 885 5382 τούτῳ.
909 5283 1123 5379 μακρὸν
1149 5295 1529 5371 παρατείνασα
1558 5288 1771 5361 χρόνον,
1803 5303 1820 5334 ι
1856 5283 2015 5353 ἄχρις
2078 5336 2083 5341 _

421 5369 744 5477 δίνί-εἰσέλθῃ
773 5369 1141 5469 τὸ
1168 5369 1278 5444 τῶν
1310 5384 1504 5451 ἐθνῶν,
1546 5402 1564 5433 3
1612 5378 1753 5434 κατὰ
1782 5374 1880 5446 τὴν
1918 5369 2014 5425 τοῦ

420 5504 643 5562 Παύλου
678 5467 888 5568 φωνὴν,
936 5467 1292 5560 έλεηθήσεται
1343 5478 1496 5551 παρὰ
1531 5468 1793 5544 Χριστοῦ.
1858 5467 2015 5519 Ἐπι-

428 5558 920 5665 σὲπτομένοίδὴ
974 5558 1140 5638 πάλιν
1172 5575 1343 5648 αὐτὴν
1378 5569 1522 5628 κατὰ
1567 5568 1629 5622 τὺ
1671 5559 1917 5635 λεληθὼς
1945 5558 2020 5621 ὡς

426 5690 591 5751 Θεοῦ,
615 5656 711 5741 καὶ
748 5656 918 5737 πάλιν
940 5678 1018 5741 εἰς
1052 5668 1400 5736 δικαιοσύνην
1425 5666 1513 5719 ἐπ’
1558 5660 1811 5731 ἐσχάτοις
1856 5656 2024 5708 ἐπαν-

430 5788 467 5841 ά
495 5798 663 5844 ·οντος
696 5776 946 5849 χρόνοις,
978 5762 1327 5833 δικαιοσύνην
1363 5759 1421 5814 δὲ
1451 5756 1666 5819 πάντως
1700 5752 1796 5823 τὴν
1820 5747 1907 5802 διὰ

504 5904 551 5933 ³⁵
583 5897 761 5955 Levit.
818 5907 929 5953 xw,
987 5884 1174 5942 4343.

434 5975 525 6032 ιῖ.
639 5972 683 6003 ⁸³
740 5964 901 6030 ibid,
938 5959 1026 6018 48.
1103 5957 1147 5989 ’°

479 5994 525 6030 ί.

1090 6186 1095 6193 ’
1170 6194 1191 6229 \

1286 456 1811 523 GLAPtlYBORUM
1851 454 1919 511 IN
1961 446 2337 508 LEVITICUM
2377 422 2621 501 uess.’

2034 572 2327 627 destruent
2355 566 2605 623 domum,
2630 566 2687 612 et
2725 556 2874 627 ligna
2902 553 3044 625 ejus,
3077 556 3135 604 et
3154 544 3369 617 lapides
3401 544 3544 617 ejus,
3570 548 3630 597 et

2039 674 2262 718 omnem
2285 658 2572 729 pulverem
2594 650 2794 705 domus
2822 644 3056 701 offerent
3077 646 3234 696 extra
3262 635 3546 692 civitatem
3570 630 3629 685 in

2039 755 2227 811 locum
2258 744 2608 805 immundum
2632 741 2699 793 ⁸⁸.
2732 758 2751 792 3
2784 737 2924 793 Cum
2956 733 3127 804 igitur
3184 727 3367 785 omnis
3407 722 3632 780 intelle—

1939 5744 2028 5799 πίι

1286 5806 1321 5833 ,ν
1367 5806 1420 5814 η
1755 5806 1791 5823 ,Α

1286 5877 1333 5910 ⁸⁸
1379 5878 1584 5931 Jerem.
1641 5886 1786 5930 XLIX,
1820 5868 1908 5929 52,
1959 5863 1984 5913 '5

2105 5858 2290 5913 Amos.
2332 5870 2405 5918 Ix,
2434 5851 2485 5905 9.
2565 5845 2606 5875 ετ
2636 5839 2823 5897 Matth.
2862 5850 3004 5898 xxiv,
3044 5830 3099 5882 ‘2.
3174 5826 3219 5855 ⁸⁸
3251 5816 3428 5881 LCViL
3458 5829 3567 5875 MV.
3622 5806 3712 5871 46,

639 5933 761 5952 πηι.
822 5933 898 5946 ι...
995 5933 1052 5942 ν,

639 5972 683 6003 ⁸⁹
740 5964 853 6023 ibid
886 5933 1026 6030 :48.
1103 5957 1147 5989 ’θ
1176 5955 1333 6013 Rem.
1360 5966 1432 6021 xx,
1626 5945 1665 5976 θ’
1707 5940 1867 5996 Mich.
1911 5933 2061 6005 n36.

3521 422 3628 478 εἶά

2042 851 2167 901 etus
2188 842 2263 898 sit
2287 831 2674 893 medieationis
2698 827 2899 883 modus
2921 822 3190 880 lsraelitis
3237 815 3542 885 adhibitus,
3575 819 3635 868 et

2043 935 2184 991 nihil
2212 930 2524 1005 profuerint
2550 920 2798 993 exempti
2820 919 3033 990 lapides
3068 915 3255 972 scabie
3288 909 3503 976 infecti,
3546 907 3635 962 in-

2044 1027 2201 1083 utilis
2216 1000 2373 1080 vvere
2429 1015 2750 1092 apparuerit
2777 1021 2835 1069 et
2856 1010 3256 1083 prophetarum
3280 1003 3492 1067 unctio,
3525 1000 3635 1054 hoc

2045 1129 2152 1186 est,
2179 1114 2534 1179 adhortatio;
2584 1110 2790 1165 iterum
2815 1101 3123 1175 ingreditur
3156 1096 3416 1155 sacerdos
3454 1093 3640 1162 lepro-

2048 1229 2139 1270 sas
2161 1208 2616 1268 consideraturus
2646 1200 2814 1256 aedes.
2842 1195 3089 1252 Accessit
3114 1191 3263 1246 enim
3287 1188 3437 1242 hunc
3475 1197 3640 1239 mun-

2054 1492 2124 1547 ab
2148 1488 2374 1558 antiqua
2403 1480 2760 1553 improbitate
2790 1477 2848 1531 in
2880 1485 3137 1543 magnam
3182 1474 3503 1533 rectamque
3540 1474 3642 1529 ρο-

2054 1583 2251 1645 litlam,
2279 1548 2653 1633 calumniatur
2677 1565 3038 1624 considerans
3054 1565 3312 1615 accurate
3337 1548 3646 1625 Synagoga?

2056 1640 2353 1742 Postquam
2373 1679 2505 1722 vero
2526 1662 2596 1718 ab
2621 1660 2783 1715 initio
2809 1650 3199 1712 affectionibus
3224 1654 3438 1715 captam
3464 1640 3647 1696 adhuc

2059 1731 2292 1835 recepit,
2344 1767 2403 1816 et
2445 1750 2797 1829 permanenti
2825 1749 2981 1818 lepra
3028 1742 3378 1799 laborantem
3439 1731 3647 1793 auferri

2062 1824 2287 1914 tandem
2304 1824 2484 1926 jubet,
2508 1846 2792 1915 mittitque
2831 1842 2887 1897 in
2908 1840 3097 1895 locum
3125 1828 3500 1890 immundum.
3526 1824 3650 1879 Dis-

2060 1951 2275 2007 solutus
2301 1915 2477 2001 ἐπιῇ
2503 1947 2656 1996 totus
2684 1934 3003 1992 Judaeorum
3040 1934 3128 1984 est
3180 1933 3381 1986 cretus,
3433 1915 3649 1988 perle-

2059 2056 2182 2113 gem
2209 2040 2599 2107 congregatus,
2633 2035 2691 2083 et
2706 2024 2951 2094 undique
2972 2019 3223 2089 dispersa
3248 2014 3305 2068 in
3331 2012 3516 2066 locum
3542 2006 3650 2062 im-

2059 2102 2265 2202 purum
2291 2102 2445 2180 natie
2472 2140 2485 2176 :
2512 2127 2574 2176 ut
2620 2125 2678 2174 et
2724 2133 2756 2173 a
2812 2109 3104 2185 prophetis
3150 2102 3479 2176 praedictum
3530 2110 3654 2150 esse

2063 2219 2430 2290 accepimus:
2474 2232 2492 2265 ι
2544 2211 2889 2280 Dispergam,
2931 2199 3135 2271 inquit,
3193 2210 3291 2250 eos
3344 2193 3400 2247 in
3435 2204 3655 2245 omnem

2064 2320 2312 2371 ventum.
2347 2328 2366 2360 3
2399 2308 2471 2362 Et
2499 2323 2555 2359 ει
2583 2298 2877 2358 Ventilabo
2902 2310 3000 2350 eos
3027 2291 3095 2347 ad
3122 2302 3317 2345 omnes
3338 2294 3528 2356 gentes
3542 2281 3609 2335 ³⁸.
3633 2299 3651 2332 ν

2066 2370 2241 2457 Recte
2273 2396 2325 2452 id
2356 2392 2534 2463 accipi
2583 2389 2750 2445 docet
2788 2383 2925 2440 illud
2960 2399 2991 2437 a
3016 2379 3303 2458 salvatore
3343 2382 3538 2429 nostro
3590 2370 3659 2425 de

2066 2491 2277 2562 templo
2322 2460 2638 2543 Salomonis
2682 2476 2830 2550 apud
2864 2476 2991 2531 illos
3016 2467 3437 2544 pronuntiatum
3465 2480 3478 2516 :
3513 2481 3530 2513 ι
3563 2460 3659 2517 Vi-

2065 2583 2196 2640 dete
2219 2582 2338 2637 haec
2365 2575 2570 2633 omnia.
2597 2572 2774 2628 Amen
2799 2568 2926 2623 dico
2953 2562 3134 2626 vobis,
3159 2576 3274 2614 non
3315 2556 3666 2624 relinquetur

2069 2676 2165 2733 hic
2200 2674 2340 2744 lapis
2379 2684 2548 2741 super
2580 2663 2822 2736 lapidem
2856 2660 2953 2732 qui
3001 2672 3114 2711 non
3176 2652 3499 2707 destruatur
3531 2644 3600 2698 ⁸⁷.
3639 2661 3660 2698 3

2072 2738 2309 2839 Subjicit
2352 2738 2639 2831 Scriptura
2692 2774 2706 2810 :
2749 2752 2900 2820 «Qui
2962 2750 3021 2804 in
3066 2747 3294 2802 domum
3322 2738 3669 2812 ingredietur

2072 2857 2333 2913 omnibus
2354 2852 2555 2909 diebus
2605 2847 2812 2920 quibus
2858 2848 3146 2914 segregata
3179 2845 3293 2903 est,
3350 2829 3670 2888 immundus

2073 2949 2182 3005 erit
2207 2959 2381 3017 usque
2427 2942 2498 2998 ad
2531 2951 2842 3009 vesperam.
2886 2933 2955 2987 Et
3003 2929 3099 3002 qui
3132 2926 3340 2984 dormit
3384 2924 3439 2978 in
3480 2921 3668 2981 domo,

2074 3041 2284 3100 lavabit
2310 3038 2645 3094 vestimenta
2673 3045 2792 3093 sua,
2826 3035 2884 3083 et
2908 3021 3229 3080 immundus
3257 3018 3363 3074 erit
3399 3028 3576 3085 usque
3602 3012 3671 3067 ad

2075 3148 2386 3208 vesperam.
2415 3131 2485 3186 Et
2508 3126 2604 3199 qui
2651 3119 3013 3181 manducabit
3055 3117 3114 3172 in
3150 3113 3346 3170 eadem
3388 3109 3575 3171 domo,
3604 3103 3675 3160 ad

2076 3229 2335 3288 eumdem
2353 3222 2581 3280 modum
2591 3219 2660 3275 ⁸⁸.
2687 3239 2705 3272 3
2726 3218 2886 3274 Clare
2903 3213 3166 3269 nimirum
3196 3206 3330 3264 illud
3351 3203 3675 3267 ostendens,

2081 3332 2145 3381 ut
2170 3318 2424 3394 quisquis
2470 3313 2678 3373 Iudaeis
2732 3304 3146 3382 quodammodo
3196 3299 3390 3357 eadem
3412 3291 3681 3366 sapiendo

2079 3384 2410 3486 coniunctus
2434 3408 2526 3473 sit,
2560 3402 2810 3477 ejusdem
2836 3393 3208 3454 immunditiis
3238 3388 3522 3462 particeps
3566 3384 3679 3438 ﬁat.

2081 3511 2160 3566 De
2172 3476 2304 3563 hinc
2317 3504 2386 3562 ad
2398 3504 2678 3573 leprosum
2692 3493 2989 3552 aediﬁcium
3001 3483 3467 3546 considerandum
3484 3476 3686 3534 adduci

2085 3604 2271 3660 denuo
2308 3595 2658 3654 sacerdotem
2697 3590 2778 3645 sic
2805 3587 2925 3642 ait:
2967 3604 2985 3636 ι
3015 3582 3073 3639 Si
3108 3579 3384 3636 accedens
3438 3573 3684 3628 intrave-

2086 3695 2161 3751 rit
2188 3690 2466 3754 saccrdos,
2528 3693 2585 3741 et
2613 3681 2835 3737 viderit.
2886 3678 2956 3732 Et
2993 3689 3124 3730 ecce
3188 3669 3353 3742 368
3390 3663 3691 3720 diﬁ‘usione

2090 3805 2203 3845 non
2246 3794 2331 3841 est
2388 3752 2626 3839 diﬁ‘usus
2659 3782 2841 3830 tactus
2874 3770 2930 3824 in
2975 3768 3162 3827 domo,
3201 3768 3494 3832 postquam
3531 3752 3691 3808 linita

2092 3881 2198 3938 fuit
2227 3878 2448 3938 domus,
2477 3870 2608 3941 quia
2638 3872 2864 3922 sanatus
2891 3866 2976 3915 est
3018 3863 3200 3912 tactus
3226 3850 3293 3904 ⁸³.
3336 3868 3353 3900 3
3400 3847 3692 3901 Destrueta

2092 3933 2394 4040 estitaque
2412 3933 2642 4021 Iudaica
2676 3958 2984 4029 Synagoga,
3013 3945 3161 4018 quod
3187 3944 3244 3998 in
3280 3939 3566 3996 Christum
3590 3933 3691 3988 de-

2094 4066 2360 4125 bacchata
2385 4061 2458 4114 sit
2486 4064 2549 4112 ut
2576 4054 2816 4123 impura,
2851 4065 2882 4104 a
2924 4046 3133 4115 Deique
3167 4036 3409 4095 amicitia
3441 4029 3689 4100 expulsa.

2095 4162 2216 4229 Quo
2257 4157 2316 4210 in
2358 4160 2506 4209 statu
2533 4161 2663 4205 cum
2686 4144 2782 4201 diu
2813 4135 3203 4211 permanserit.
3245 4150 3262 4180 ‹
3296 4129 3476 4182 donec
3538 4119 3695 4175 venit

2097 4211 2387 4325 plenitudo
2420 4242 2690 4315 gentium,
2741 4255 2759 4287 3
2796 4243 2857 4289 ut
2890 4230 3095 4288 Paulus
3142 4222 3391 4293 loquitur
3412 4217 3492 4281 9";
3526 4211 3695 4267 mise-

2099 4344 2316 4401 rebitur
2335 4340 2457 4411 ejus
2479 4333 2759 4390 Christus.
2777 4322 3180 4383 Considerante
3205 4312 3356 4369 enim
3386 4310 3499 4363 Deo
3521 4309 3695 4374 ipsam

2102 4440 2317 4499 denuo,
2360 4397 2666 4489 secundum
2724 4418 2873 4492 quod
2920 4425 2981 4471 ut
3020 4411 3120 4468 Dei
3164 4407 3336 4464 oblita
3382 4402 3581 4462 fuerat,
3627 4397 3696 4451 ad

2100 4493 2375 4605 justitiam
2421 4524 2622 4578 iterum
2684 4509 2897 4570 ultimis
2955 4501 3301 4575 temporibus
3362 4493 3698 4554 adducetur,

2041 4617 2080 4671 ο
2100 4590 2376 4700 justitiam
2404 4619 2629 4687 inquam
2654 4622 2776 4681 quae
2794 4614 2879 4661 est
2911 4619 2979 4659 ex
3012 4599 3117 4655 ﬁde
3150 4605 3205 4652 et
3261 4590 3533 4649 charitate
3572 4598 3699 4655 erga

2110 4722 2306 4776 Deum.
2335 4708 2565 4769 Accedit
2595 4706 2784 4774 itaque
2822 4698 3048 4752 visurus
3085 4691 3261 4764 ipsam
3298 4698 3495 4740 rursus
3550 4693 3703 4735 sum-

2112 4825 2236 4865 mus
2268 4802 2549 4865 sacerdos,
2569 4807 2625 4853 et
2648 4793 2936 4850 meliorem
2955 4800 3082 4843 cum
3128 4777 3422 4852 repererit,
3452 4769 3709 4844 purgabit

2112 4897 2403 4958 confestim
2438 4908 2503 4949 ac
2538 4886 2793 4959 recipiet,
2825 4891 2889 4938 ut
2939 4896 2968 4934 a
3007 4875 3181 4933 sacris
3244 4867 3529 4941 prophetis
3568 4875 3711 4932 pric-

2123 5138 2241 5148 -..--
2275 5138 2389 5159 τ---

2120 5183 2437 5251 suscipiam,
2483 5182 2540 5228 et
2592 5182 2733 5240 quos
2770 5160 3104 5232 repuleram.
3155 5154 3225 5207 Et
3257 5159 3456 5220 ponam
3504 5138 3714 5196 contri-

3266 5242 3327 5251 “-
3368 5239 3383 5251 ι
3562 5249 3569 5251 ξ
3606 5232 3714 5251 ,In‘...

2123 5285 2234 5330 tam
2273 5232 2330 5324 in
2361 5232 2625 5335 reliquias
2656 5261 2721 5311 ".
2758 5276 2775 5307 ι
2810 5252 2954 5309 Alibi
2981 5263 3112 5304 vero
3157 5262 3169 5298 :
3212 5264 3229 5294 ι
3266 5239 3476 5296 Diebus
3525 5232 3716 5289 multis

2122 5365 2395 5426 sedebunt
2425 5358 2522 5413 ﬁlii
2553 5351 2720 5411 Israel
2756 5349 2875 5403 sine
2910 5359 3060 5415 rege,
3122 5339 3241 5395 sine
3273 5330 3547 5406 principe,
3595 5325 3717 5380 sine

2124 5455 2417 5519 sacriﬁcio,
2450 5452 2569 5507 sine
2602 5443 2781 5509 altari,
2815 5442 2934 5495 sine
2974 5431 3307 5495 sacerdotio,
3368 5426 3488 5480 sine
3542 5417 3719 5474 mani-

2127 5508 2534 5608 festationibus.
2571 5540 2643 5594 Et
2671 5543 2797 5607 post
2850 5530 2968 5585 haec
3003 5529 3351 5581 revertentur
3390 5515 3488 5570 ﬁlii
3522 5508 3712 5571 Israel,

2129 5654 2185 5701 et
2216 5647 2463 5714 qumrent
2485 5631 2779 5691 Dominum
2810 5627 2983 5680 Deum
3018 5633 3204 5683 suum,
3235 5623 3289 5668 et
3312 5607 3484 5667 David
3532 5616 3714 5673 regem

3075 5712 3083 5714 “
3551 5695 3568 5714 1
3600 5692 3713 5714 --ε,.

2133 5692 2185 5701 ν-
2220 5692 2352 5714 γη-
2378 5692 2411 5695 -.

2133 5752 2296 5795 suum
2333 5752 2345 5786 :
2380 5742 2435 5788 et
2480 5725 2779 5798 stupebuut
2810 5718 2876 5774 ad
2930 5712 3225 5771 Dominum
3256 5714 3309 5760 et
3352 5714 3516 5770 super
3551 5692 3717 5749 bonis
