4120 6464
520 447 629 507 575

1516 446 1572 501 Β.
1612 446 1891 503 οῖιιιιιιι
1929 440 2405 504 ΑιΕΧΑΝῡιιιΝι
2442 446 2764 504 Αιιειιιιιρ.

3692 455 3799 513 576

520 562 644 634 ejus
668 560 727 616 in
750 556 1071 615 novissimis
1118 557 1317 613 diebus
1340 557 1407 611 ”.
1469 574 1488 609 ι
1524 557 1780 629 [aspecta
1811 572 1949 615 vero
1991 558 2098 615 ade

2214 564 2386 623 στεως
2434 557 2532 612 καὶ
2577 557 2799 630 ἀγάπης
2842 559 2940 631 τῆς
2982 561 3064 623 είς
3105 560 3291 619 αὐτόν.
3343 562 3797 637 Παραγενησεται

519 651 762 722 leprosa,
797 669 816 701 ι
841 648 1128 713 Sacerdos,
1166 647 1367 718 inquit,
1392 647 1653 720 purgabit
1673 662 1799 704 eam
1849 656 1910 706 et
1925 656 2108 705 sumet

519 742 589 799 ad
633 741 1030 814 puriﬁcandam
1076 739 1306 796 domum
1341 739 1483 796 duas
1541 740 1786 797 aviculae
1824 740 2103 807 viventes,

520 828 775 900 mundas,
802 842 859 890 et
889 834 1101 906 lignum
1139 832 1454 899 cedrinum,
1500 841 1558 889 et
1596 847 1829 889 coccum
1870 842 2102 899 tortum,

517 934 576 983 et
608 927 909 999 hyssopum
933 926 1002 982 “.
1038 945 1057 979 ι
1089 926 1168 983 Ac
1192 926 1379 981 statim
1411 943 1425 981 :
1464 945 1485 978 ι
1515 925 1803 982 Aviculam
1823 926 2104 983 viventem

517 1017 692 1091 tinget
720 1018 776 1074 in
809 1019 1077 1091 sanguine
1101 1018 1609 1091 aviculaejugulata
1648 1018 1708 1075 in
1745 1032 1889 1089 aqua
1937 1017 2104 1073 fervi—

518 1111 630 1166 da:
675 1124 731 1169 et
758 1113 813 1168 in
841 1114 1057 1170 avicula
1095 1113 1332 1178 viventi,
1374 1120 1432 1167 et
1474 1112 1533 1167 in
1578 1112 1730 1184 ligno
1780 1111 2011 1168 cedrino
2048 1121 2106 1167 et

516 1202 776 1275 hyssopo,
811 1213 868 1261 et
894 1220 1059 1262 cocco
1082 1206 1528 1277 conglomerato:
1566 1204 1857 1274 mittetque
1910 1203 2106 1259 avicu-

516 1292 626 1349 lam
652 1295 835 1350 vivam
868 1304 1024 1352 extra
1055 1296 1335 1351 civitatem
1374 1295 1432 1349 in
1468 1309 1727 1365 campum
1769 1309 1996 1366 purum,
2046 1301 2106 1350 et

518 1388 765 1458 expiabit
785 1388 1033 1454 domum,
1066 1396 1121 1444 et
1145 1387 1349 1443 munda
1376 1387 1484 1443 erit
1514 1387 1581 1441 “.
1614 1405 1633 1439 ι

2211 650 2392 706 τοίνυν
2425 652 2840 724 ὲπισκοπήσων,
2884 652 2979 709 καὶ
3017 654 3263 720 είσαῦθις
3310 654 3481 727 αὐτὴν
3521 659 3552 712 ὁ
3579 658 3800 716 πάντων

2209 743 2533 817 ἀρχιερεύς·
2588 745 2683 800 καὶ
2739 744 3127 820 βελτιουμένην
3178 749 3397 819 εὑρὼν,
3457 754 3801 825 παραχρῆμα

2211 836 2505 908 καθαριεῖ,
2540 837 2632 891 καὶ
2674 837 3033 909 προσδέξεται
3053 879 3071 907 ,
3100 840 3243 895 κατά
3289 841 3353 896 τὸ
3385 843 3676 915 είρημένον
3709 845 3799 901 διὰ

2209 925 2320 983 τῶν
2350 928 2524 996 ἁγίων
2546 929 2865 1000 προφητῶνο
2901 948 2921 983 ι
2981 930 3067 984 Ἐν
3101 933 3168 1003 τῇ
3196 932 3382 1005 ἡμέρᾳ
3409 932 3615 1008 ἐκείνῃ,
3650 934 3800 1005 λέγει

2210 1016 2437 1086 Κύριος,
2472 1018 2689 1085 συνάξω
2716 1020 2816 1093 τὴν
2841 1021 3199 1096 ἀπωσμένην,
3240 1026 3334 1079 καὶ
3354 1025 3453 1100 τὴν
3480 1046 3802 1101 συντετριμ-

2215 1111 2384 1182 μένην
2417 1111 2751 1185 είσδέξομαι,
2785 1114 2880 1169 καὶ
2916 1114 3012 1180 οὓς
3044 1118 3376 1191 ἀπωσάμην.
3413 1122 3526 1175 Καὶ
3559 1121 3800 1195 θήσομαι

2210 1202 2311 1274 τὴν
2343 1207 2816 1277 συντετριμμένην
2844 1209 2924 1273 είς
2957 1208 3282 1282 ὁπόλημμα.
3323 1232 3343 1266 ι
3386 1213 3500 1269 Καὶ
3539 1215 3599 1271 ὲν
3627 1216 3801 1287 ἑτέρῳ

2211 1293 2270 1349 δὲ
2299 1294 2483 1351 πάλιν·
2516 1314 2537 1349 ι
2588 1296 2735 1352 Διότι
2765 1298 2980 1371 ἡμέρας
3017 1301 3218 1365 πολλὰς
3249 1303 3566 1359 καθίσονται
3596 1307 3645 1359 οί
3692 1308 3802 1359 υἱοὶ

2226 1386 2444 1458 Ἰσραὴλ
2482 1389 2582 1444 οὐκ
2613 1389 2768 1454 δντος
2802 1391 3098 1462 βασιλέως,
3129 1394 3255 1448 οὐδὲ
3300 1396 3453 1461 ὄντος
3498 1398 3759 1470 ἄρχοντος
3783 1441 3796 1462 ,

518 1480 621 1534 οὐκ
667 1479 834 1553 οὔσης
865 1480 1085 1546 θυσίας,
1135 1480 1255 1534 οὐδὲ
1294 1481 1446 1543 δντος
1493 1478 1882 1549 θυσιαστηρίου
1909 1518 1923 1543 ,
1968 1477 2094 1531 οὔτε
2135 1476 2573 1548 ίερατείας,οΰτε
2598 1481 2791 1554 δήλων.
2820 1484 2930 1538 Καὶ
2949 1486 3088 1554 μετά
3142 1488 3315 1542 ταῦτα
3370 1489 3800 1562 ἐπιστρέφουσιν

519 1572 570 1625 οί
616 1573 724 1626 υἱοὶ
778 1572 994 1644 Ἰσραὴλ
1018 1614 1033 1639 ,
1065 1571 1161 1627 καὶ
1190 1569 1578 1643 ὲπιξητήσουσι
1636 1569 1730 1623 τὸν
1769 1569 1904 1625 Θεὸν
1968 1567 2172 1633 αὐτῶν,
2212 1570 2308 1624 καὶ
2344 1571 2509 1626 Δασὶδ
2531 1572 2624 1626 τὸν
2654 1572 2881 1643 βασιλέα
2923 1576 3107 1632 αὐτῶν
3130 1594 3145 1609 ⁸
3179 1580 3275 1633 καὶ
3316 1581 3676 1652 ἐκστήσονται
3704 1583 3803 1638 ἐπὶ

518 1660 598 1732 τῷ
627 1662 817 1734 Κυρίῳ
839 1704 852 1728 ,
881 1661 981 1716 καὶ
1025 1660 1118 1713 ἐπὶ
1152 1661 1265 1724 τοϊς
1290 1659 1513 1728 ἀγαθοῖς
1556 1658 1724 1713 αὑτοῦ
1754 1659 1841 1713 ἐπ’
1868 1657 2101 1730 ἐσχάτου
2140 1656 2251 1713 τῶν
2278 1660 2525 1732 ἡμερῶν.
2563 1663 2733 1718 Ὅταν
2770 1660 2865 1720 οὗν
2932 1668 3281 1745 ὲπισκοπήσῃ
3348 1673 3449 1745 τὴν
3477 1674 3794 1745 λεπρῶσαν,

519 1755 703 1824 φησὶν,
744 1757 773 1809 6
816 1755 1031 1827 ἱερεὺς,
1078 1754 1172 1806 καὶ
1201 1751 1477 1826 καθαρίσῃ
1519 1752 1725 1823 αύτήνυ
1767 1752 1863 1806 καὶ
1900 1750 2163 1823 λήψονται
2215 1750 2518 1821 ἀφαγνίσαι
2549 1755 2650 1828 τὴν
2687 1757 2866 1812 οἰκίαν
2929 1759 3022 1815 δύο
3083 1763 3299 1835 ὀρνίθια
3335 1763 3513 1830 ζῶντα
3556 1768 3797 1840 καθαρὰ,

517 1844 612 1898 καὶ
644 1844 799 1910 ξύλον
826 1845 1107 1916 κέδρινον,
1141 1846 1235 1899 καὶ
1266 1844 1653 1916 κεκλωσμένον
1694 1845 1967 1910 κόκκινον,
2036 1842 2133 1897 καὶ
2171 1842 2271 1914 τὴν
2310 1843 2585 1904 ὕσσωπον.
2630 1868 2649 1901 ι
2702 1850 2814 1904 Kal
2858 1851 3056 1907 πάλιν·
3102 1873 3121 1908 ι
3159 1856 3233 1911 Τδ
3272 1858 3510 1929 ὀρνίθιον
3556 1860 3618 1914 τδ
3686 1859 3797 1926 ζῶν

516 1939 677 2010 βάψει
715 1939 850 1994 αὐτὸ
882 1941 962 2003 είς
997 1938 1059 1993 τδ
1099 1935 1239 2012 αἷμα
1269 1938 1364 1993 τοῦ
1393 1938 1631 2012 ὀρνιθίου
1668 1937 2021 2010 ἐσφαγμένου
2049 1937 2109 1990 ἑν
2144 1935 2225 2008 τῷ
2276 1935 2432 1993 ὕδατι
2491 1942 2689 2009 ζῶντι,
2717 1946 2811 2001 καὶ
2841 1950 2901 2002 έν
2920 1948 3000 2020 τῷ
3023 1949 3245 2021 ὁρνιθίιρ
3277 1950 3355 2023 τῷ
3387 1950 3581 2017 ζῶντι,
3612 1954 3707 2007 καὶ
3738 1955 3799 2006 ὲν

511 2031 589 2103 τῷ
624 2030 765 2101 ξύλῳ
797 2030 876 2103 τῷ
913 2031 1164 2104 κεδρίνῳ,
1227 2031 1324 2087 καὶ
1388 2032 1447 2085 ὲν
1486 2035 1554 2104 τῇ
1586 2030 1846 2103 ὑσσώπῳ,
1882 2030 1978 2086 καὶ
2000 2032 2060 2085 ἒν
2086 2029 2167 2101 τῷ
2199 2032 2571 2109 κεκλωσμένῳ
2620 2040 2881 2113 κοκκίνῳ,
2929 2044 3025 2097 καὶ
3068 2042 3425 2110 ὲξαποστελεῐ
3459 2046 3522 2100 τὸ
3557 2047 3797 2118 ὀρνίθιον

510 2127 572 2182 τὸ
614 2128 722 2194 ζῶν
755 2127 859 2192 ἔξω
889 2128 989 2198 τῆς
1024 2128 1234 2192 πόλεως
1268 2128 1350 2191 είς
1375 2126 1558 2181 πεδίον
1583 2126 1842 2199 καθαρὸν,
1867 2128 1964 2181 καὶ
1991 2124 2299 2193 ἐξιλάσεται
2330 2132 2582 2204 περὶτῆς
2609 2136 2808 2203 οἰκίας,
2833 2139 2928 2193 καὶ
2962 2140 3183 2213 καθαρὰ
3202 2141 3363 2197 ἔσται
3421 2161 3442 2196 ι

577 2222 632 2278 ι.
665 2221 769 2276 Hic
784 2236 999 2276 rursum
1033 2219 1167 2274 mihi
1191 2220 1339 2275 clare
1366 2219 1659 2276 considera
1685 2227 1863 2275 totum
1884 2217 2095 2276 Christi

2268 2218 2334 2275 δ’.
2365 2222 2527 2278 Ὅλον
2549 2224 2613 2297 δὴ
2642 2226 2806 2282 πάλιν
2834 2231 2892 2283 έν
2917 2229 3131 2297 τούτοις
3155 2233 3445 2306 περιάθρει
3473 2234 3660 2304 σαφῶς
3694 2238 3796 2291 τοῦ

511 2313 861 2387 mysterium,
897 2320 953 2366 et
992 2311 1252 2382 baptismi
1289 2310 1727 2368 mundationem.
1752 2310 1903 2368 Duos
1953 2310 2098 2366 enim

2207 2311 2463 2385 Σωτῆρος
2498 2318 2657 2387 ἡμῶν
2689 2320 2752 2373 τὸ
2781 2323 3108 2395 μυστήριον,
3144 2326 3240 2379 καὶ
3266 2326 3359 2380 τὸν
3399 2327 3487 2382 διὰ
3511 2328 3605 2383 τοῦ
3635 2331 3795 2400 ἀγίου

512 2421 763 2477 passeres
786 2405 907 2475 capi
928 2402 1087 2475 jubet
1104 2403 1260 2459 vivos
1291 2418 1356 2459 ac
1382 2401 1643 2468 mundos,
1677 2409 1741 2457 ut
1759 2397 2098 2469 intelligere:

2208 2400 2588 2476 βαπτίσματος
2617 2408 2983 2482 καθαρισμόν.
3018 2412 3122 2467 Δύο
3163 2414 3265 2486 μὲν
3299 2421 3410 2488 γὰρ
3439 2418 3652 2491 ὀρνίθια
3684 2397 3795 2492 *λη-

512 2514 611 2569 per
638 2497 795 2551 vivos
833 2494 995 2550 alites
1013 2493 1295 2549 caelestem
1324 2492 1500 2548 Deum
1528 2490 1694 2547 simul
1722 2499 1780 2546 et
1794 2489 2098 2556 hominem,

2206 2494 2411 2568 φθῆναι
2439 2499 2652 2555 κελεύει
2700 2499 2884 2567 ζῶντα
2921 2506 3017 2560 καὶ
3052 2507 3269 2581 καθαρά
3295 2523 3309 2538 ·
3350 2510 3440 2565 ἵνα
3465 2489 3667 2584 νοήσῃς
3704 2489 3798 2569 διὰ

511 2589 606 2661 qui
639 2587 877 2659 duplicis
892 2594 1102 2641 naturae
1129 2584 1197 2640 ad
1224 2600 1326 2640 nos
1350 2585 1522 2649 venit,
1546 2591 1780 2654 utraque
1806 2596 2018 2646 earum,
2041 2589 2104 2636 ut

510 2680 835 2753 oportet,sic
848 2674 1104 2734 distincta
1124 2696 1136 2730 :
1158 2676 1563 2743 Verbumtenim
1590 2686 1711 2732 erat
1737 2692 1804 2730 ex
1815 2676 1927 2731 Deo
1939 2674 2102 2730 Patre

510 2775 863 2838 clariﬁcatus,
891 2779 947 2828 et
977 2788 1007 2827 e
1043 2770 1278 2825 muliere
1303 2784 1538 2824 carneus
1567 2776 1751 2833 natus,
1780 2784 1892 2823 non
1912 2776 2100 2824 tamen

510 2865 908 2925 divisus.Unus
930 2863 1081 2918 enim
1103 2878 1169 2917 ex
1193 2869 1426 2933 utraque
1446 2868 1645 2915 natura
1660 2859 1821 2931 367
1844 2857 2100 2915 Christus

506 2966 612 3014 est.
651 2958 951 3027 Propterea
988 2951 1112 3007 duae
1130 2951 1360 3006 avicula:
1382 2949 1678 3020 capiuntur
1709 2958 1875 3020 atque
1929 2948 2100 3004 intel-

512 3051 757 3121 liguntur
792 3054 853 3100 ut
875 3061 1046 3100 unum
1073 3049 1332 3113 utraque,
1368 3041 1466 3096 sed
1497 3040 1620 3095 vlva
1651 3055 1715 3096 ac
1741 3041 1972 3095 munda.
2000 3039 2097 3096 Vi-

511 3152 619 3197 tam
660 3140 811 3197 cnim
840 3147 896 3194 et
923 3137 1229 3210 puritatem
1281 3146 1503 3188 omnem
1535 3132 1827 3188 continens
1852 3141 1937 3188 est
1977 3130 2097 3204 ipse

511 3252 572 3288 ex
598 3247 655 3287 se
684 3231 954 3294 Verbum,
981 3235 1039 3282 et
1073 3242 1140 3281 ex
1169 3225 1395 3296 Virgine
1419 3225 1688 3295 templum
1711 3225 1900 3280 vivum
1963 3223 2100 3281 Ver-

510 3323 644 3378 bum
690 3316 904 3376 habens
941 3320 997 3373 in
1031 3316 1235 3388 seipse.
1264 3316 1559 3386 Proprium
1601 3316 1750 3371 enim
1782 3315 1862 3371 illi
1893 3326 2097 3387 Corpus

510 3414 633 3479 fuit,
664 3422 721 3470 et
763 3427 875 3469 non
911 3410 1152 3466 alienum
1190 3408 1442 3480 gesmvit.
1477 3407 1617 3463 Hinc
1648 3424 1801 3465 unus
1834 3408 2094 3480 idemque

510 3506 668 3563 Jesus
713 3504 985 3561 Christus.
1023 3503 1233 3558 Praeter
1273 3501 1517 3555 aviculas
1554 3510 1611 3555 et
1655 3500 1947 3556 cedrinum
1995 3518 2091 3557 su-

510 3613 662 3653 mere
673 3598 831 3669 jubet
855 3595 1083 3667 lignum,
1105 3601 1166 3647 ut
1188 3591 1719 3663 indeincorruptum
1746 3607 1869 3648 esse
1884 3591 2094 3648 Christi

510 3705 713 3760 corpus
743 3701 1022 3759 agnoscas.
1066 3684 1179 3740 Nec
1207 3684 1356 3740 enim
1392 3683 1740 3753 corruptioni
1763 3683 2092 3751 obnoxium,

513 3781 593 3835 uti
633 3788 688 3836 et
734 3778 933 3834 cedrus
984 3775 1337 3848 putredinem
1364 3775 1565 3831 nescit.
1594 3776 1667 3832 Ut
1687 3791 1822 3832 vero
1844 3776 2098 3832 incorru-

510 3870 703 3943 ptibile
748 3885 869 3925 esse
897 3869 1102 3924 sciatur
1147 3875 1398 3923 sanctum
1440 3866 1648 3922 Christi
1698 3882 1919 3937 corpus,
1964 3868 2097 3924 hinc

509 3960 831 4017 credibilior
850 3970 933 4016 est
965 3960 1033 4015 de
1067 3958 1474 4015 resurrectione
1517 3958 1690 4029 ipsius
1741 3975 1925 4016 sermo
1972 3960 2098 4016 red-

509 4054 677 4110 ditus.
713 4053 1013 4109 Coccinum
1051 4067 1187 4107 vero
1242 4059 1423 4108 totum
1451 4050 1519 4105 de
1563 4058 1742 4106 morte
1787 4050 2096 4108 Servatoris

508 4145 909 4203 confessionem
938 4151 1186 4200 nostram
1210 4143 1481 4213 designat.
1507 4143 1583 4197 De
1607 4143 1853 4198 Ecclesia
1907 4144 2095 4216 itaque

509 4240 563 4294 in
604 4238 833 4296 Cantico
870 4237 1215 4294 canticorum
1244 4235 1450 4289 dicitur
1481 4250 1493 4288 :
1537 4253 1554 4286 ι
1596 4234 1751 4290 Sicut
1785 4236 1921 4292 vitta
1965 4251 2095 4292 coc-

507 4332 663 4389 cinea
708 4331 852 4387 labia
889 4338 1000 4395 tua,
1055 4344 1212 4386 soror
1269 4342 1396 4383 mea
1457 4341 1658 4397 sponsa
1720 4326 1785 4381 ⁹⁸.
1840 4347 1858 4380 ι
1923 4326 2095 4384 Labia

507 4424 655 4479 enim
683 4423 947 4479 Ecclesiae
1002 4437 1223 4493 semper
1278 4418 1722 4489 redemptionem
1766 4419 1822 4473 in
1879 4418 2093 4497 Christi

508 4520 770 4593 sanguine
796 4517 1120 4590 praedicant,
1179 4524 1236 4571 et
1291 4514 1360 4569 de
1401 4528 1466 4568 ea
1520 4511 1647 4568 ﬁdei
1691 4512 2093 4583 professionem

509 4612 628 4668 ﬁeri
662 4613 970 4683 imperant;
1018 4608 1144 4664 ideo
1199 4607 1350 4662 vittae
1404 4605 1679 4661 coccineae
1731 4615 1882 4661 recte
1920 4606 2095 4677 ipsius

508 4705 652 4760 labia
697 4709 1126 4772 comparantur;
1188 4698 1416 4771 mystica
1476 4712 1610 4753 vero
1667 4699 2095 4755 communicatio

509 4795 914 4853 benedictionis
943 4793 1140 4849 mortis
1167 4790 1377 4848 Christi
1425 4787 1594 4844 habet
1627 4790 1965 4859 praeconium
2017 4791 2093 4854 si:

2203 2586 2315 2642 τῶν
2342 2591 2610 2647 πετεινῶν
2635 2594 2729 2647 τὸν
2767 2595 3019 2668 οὐράνιον
3038 2599 3329 2672 ἄνθρωπον
3359 2602 3496 2672 ὁμοῦ
3519 2605 3614 2659 καί
3635 2604 3798 2670 Θεὸν,

2204 2681 2286 2745 είς
2320 2680 2413 2736 δύο
2445 2682 2545 2753 μὲν
2591 2684 2813 2755 φύσεις,
2844 2689 2970 2743 ὅσον
3012 2685 3147 2761 ἧκεν
3175 2693 3258 2758 είς
3281 2693 3375 2747 τὸν
3404 2695 3611 2769 ἑκάστῃ
3660 2697 3805 2767 πρέ-

2206 2788 2379 2828 ποντα
2411 2774 2570 2844 λόγον
2606 2776 3005 2851 διαιρούμενον.
3048 2783 3219 2852 Λόγος
3248 2783 3359 2858 γὰρ
3386 2782 3457 2856 ἦν
3488 2790 3518 2842 6
3563 2791 3628 2843 ὲκ
3654 2789 3800 2843 Θεοῦ

2205 2865 2421 2939 Πατρδς
2477 2870 2843 2943 ἀναλάμψας,
2892 2876 2952 2928 ὲν
3024 2876 3190 2947 σαρκὶ
3246 2880 3313 2947 τῇ
3372 2879 3438 2932 ἐκ
3488 2881 3752 2949 γυναικὸς
3778 2924 3796 2950 ,

2204 2960 2345 3032 πλὴν
2399 2962 2461 3015 οὐ
2506 2964 2885 3036 μεριζόμενος.
2938 2960 3038 3031 Εἷς
3071 2967 3181 3038 γὰρ
3230 2969 3289 3035 ἐξ
3334 2971 3539 3042 ἀμφοῖν
3585 2975 3614 3026 ό
3657 2974 3800 3043 Χρι-

2204 3052 2348 3118 στός.
2388 3054 2503 3109 Kal
2539 3055 2628 3111 διὰ
2666 3056 2823 3112 τοῦτο
2852 3059 2929 3122 ὡς
2957 3059 3052 3114 δύο
3074 3060 3412 3132 λαμϐάνεται
3438 3063 3511 3118 τὰ
3548 3066 3799 3135 ὀρνίθια,

2202 3146 2299 3200 καὶ
2325 3148 2529 3202 νοεῖται
2558 3146 2724 3203 πάλιν
2744 3192 2759 3217 ,
2789 3151 2864 3215 ὡς
2893 3151 2952 3204 ἓν
2974 3153 3261 3224 ἀμφότερα
3283 3196 3298 3221 ,
3329 3153 3468 3225 πλὴν
3492 3155 3672 3221 ζῶντα
3700 3160 3802 3212 καὶ

2203 3233 2440 3307 καθαρά.
2477 3238 2631 3310 Ζωῆς
2663 3239 2772 3311 γὰρ
2800 3240 2895 3294 καὶ
2927 3240 3301 3313 καθαρότητος
3330 3244 3549 3317 ἁπάσης
3583 3262 3801 3319 παρεκ-

2200 3325 2354 3392 τικδς
2380 3326 2477 3381 καὶ
2514 3328 2680 3393 αὐτὸς
2705 3328 2829 3384 καθ’
2857 3331 3049 3386 ἑαυτὸν
3073 3333 3103 3386 6
3135 3334 3305 3404 Λόγος
3323 3380 3337 3401 ,
3375 3336 3469 3390 καὶ
3494 3340 3523 3391 ὁ
3548 3340 3612 3392 ἐκ
3642 3341 3801 3412 Παρ-

2202 3416 2357 3473 θένου
2392 3418 2518 3483 ναὸς
2538 3420 2630 3474 τὸν
2657 3419 2837 3486 ζῶντα
2865 3422 3036 3491 Λόγον
3062 3423 3203 3494 ἔχων
3227 3426 3286 3479 ὲν
3314 3428 3510 3500 ἑαυτῷ.
3546 3425 3654 3484 Ἦν
3683 3430 3802 3503 γὰρ

2202 3510 2333 3565 ἴδιον
2358 3511 2523 3566 αὐτοῦ
2549 3511 2610 3566 τὸ
2634 3513 2825 3584 σῶμα,
2856 3515 2950 3567 καὶ
2970 3516 3072 3570 οὐκ
3092 3517 3372 3592 ἀλλότριον
3394 3522 3636 3594 φόρημα.
3663 3527 3801 3579 Διά-

2200 3621 2282 3658 τοι
2314 3604 2472 3658 τοῦτο
2519 3598 2601 3669 εἷς
2628 3604 2835 3677 Κύριος
2881 3606 3092 3672 Ἰησοῦς
3141 3610 3394 3681 Χριστός.
3442 3613 3589 3684 Πρὸς
3628 3615 3685 3668 δέ
3726 3632 3800 3684 γε

2198 3695 2311 3757 τοῖς
2340 3692 2620 3766 ὀρνιθίοις,
2650 3696 2747 3749 καὶ
2776 3694 2934 3761 ξύλον
2960 3696 3207 3769 κέδρινον
3231 3700 3531 3771 λαμϐάνειν
3558 3704 3799 3771 κελεύει,

2198 3785 2288 3839 ἵνα
2317 3785 2407 3841 διὰ
2443 3786 2636 3841 τούτου
2676 3787 2954 3860 ἄφθαρτον
2978 3785 3117 3846 εῖναι
3147 3793 3208 3847 τὸ
3237 3794 3396 3866 σῶμα
3435 3796 3634 3867 νοήσῃς
3658 3798 3805 3868 Χρι-

2202 3877 2350 3934 στοῦ.
2387 3879 2461 3932 Οὐ
2487 3879 2597 3952 γὰρ
2626 3874 2737 3934 οἶδε
2763 3880 3082 3953 διαφθοράν·
3122 3888 3468 3957 παραιτεῖται
3497 3886 3607 3958 γάρ
3632 3890 3664 3958 ἡ
3701 3890 3803 3941 κέ-

2198 3968 2324 4042 δρος
2352 3969 2412 4023 τὸ
2442 3967 2783 4041 φθείρεσθαι.
2819 3971 2919 4025 Διά
2942 3971 3000 4024 δὲ
3023 3969 3120 4025 τοῦ
3148 3973 3223 4045 μὴ
3251 3974 3626 4046 κατεφθάρθαι
3651 3978 3803 4030 νοεῖν

2196 4062 2260 4117 τὸ
2286 4062 2443 4133 ἅγιον
2475 4062 2636 4134 σῶμα
2671 4064 2909 4137 Χριστοῦ
2929 4104 2947 4131 ,
2975 4065 3202 4131 πιθανὸς
3231 4067 3295 4139 δὴ
3325 4066 3445 4121 λίαν
3472 4070 3501 4121 6
3531 4067 3661 4140 περὶ
3692 4069 3801 4138 τῆς

2198 4155 2551 4220 ἀναστάσεως
2589 4154 2759 4210 αὐτοῦ
2807 4157 2966 4226 λόγος
3004 4159 3339 4232 εἰσφέρεται.
3382 4160 3456 4213 Τὸ
3493 4160 3550 4215 δὲ
3585 4161 3802 4216 κεκλω·

2201 4251 2396 4324 σμένον
2431 4250 2705 4319 κόκκινον,
2750 4251 2848 4323 τὴν
2880 4253 2971 4305 ἐπὶ
3012 4251 3088 4323 τῷ
3137 4252 3350 4319 θανάτῳ
3394 4253 3488 4307 τοῦ
3537 4253 3800 4325 Σωτῆρος

2197 4342 2358 4416 ἡμῶν
2387 4342 2678 4414 ὁμολογίαν
2707 4343 3091 4415 ὑποσημαίνει.
3133 4345 3243 4398 Kal
3284 4343 3415 4412 γοῦν
3444 4345 3659 4416 είρηταί
3689 4361 3797 4398 που

2198 4435 2329 4509 περὶ
2353 4436 2452 4507 τῆς
2495 4434 2821 4506 Ἐκκλησίας
2863 4437 2921 4489 ὲν
2961 4434 3039 4507 τῷ
3073 4435 3315 4508 ’ᾼσματι
3353 4436 3463 4490 τῶν
3496 4439 3792 4509 ᾀσμάτων·

2204 4544 2224 4578 ι
2291 4527 2380 4591 Ὠς
2427 4524 2689 4597 σπαρτίον
2742 4525 2995 4580 κόκκινον
3051 4525 3205 4597 χείλη
3256 4543 3347 4580 σου
3369 4567 3383 4592 ,
3438 4527 3642 4599 ἀδελφή
3686 4544 3795 4598 μου

2196 4615 2407 4688 νύμφη.
2458 4634 2475 4668 ι
2520 4613 2741 4685 Ἐπειδὴ
2768 4614 2878 4685 γὰρ
2905 4615 2991 4667 ἀεὶ
3027 4615 3125 4677 τῆς
3168 4613 3497 4684 Ἑκκλησίας
3536 4612 3608 4666 τὰ
3639 4614 3795 4685 χείλη

2197 4711 2297 4781 τὴν
2337 4708 2424 4763 διὰ
2464 4707 2559 4762 τοῦ
2592 4707 2820 4778 αἵματος
2859 4706 2953 4759 τοῦ
2992 4705 3230 4775 Χριστοῦ
3281 4706 3553 4777 σωτηρίαν
3581 4706 3797 4773 ἀνακην

2200 4804 2411 4877 ρύττει,
2458 4800 2551 4854 καὶ
2599 4800 2687 4852 ἐπ’
2723 4787 2889 4870 ἀὐτῷ
2945 4797 3043 4866 τῆς
3092 4797 3326 4861 πίστεως
3359 4797 3457 4868 τὴν
3502 4797 3799 4868 ὁμολογίαν

508 4890 622 4945 ml“
652 4905 709 4945 θ·
731 4886 1156 4945 Γοευΐΐεοιίοηίε
1198 4884 1467 4956 θίυδάθῐη-
1508 4881 1641 4950 Qum
1665 4891 1721 4938 εἴ
1751 4883 1931 4954 Primo
1961 4898 2094 4955 Pm'
2126 4903 2170 4958 Ι)
2200 4893 2468 4949 ποιεῖσθαι
2499 4891 2709 4946 κελεύει
2751 4891 2842 4945 τὸν
2867 4891 3335 4962 προσερχόμενον,
3382 4890 3633 4960 σπαρτίῳ
3659 4907 3763 4942 κοκ
3784 4921 3797 4929 -

510 4982 655 5039 ﬁteri
680 4982 1081 5054 persuadentu’r
1111 4978 1332 5036 Christo
1372 4978 1596 5045 initiati,
1631 4975 1832 5033 deinde
1865 4975 1935 5030 ad
1993 4976 2094 5031 ba-

510 5078 771 5148 ptismum
827 5074 1198 5141 adducuntur,
1247 5073 1675 5144 perﬁcimusque
1725 5086 1821 5126 eos
1870 5069 1925 5124 in
1973 5084 2099 5123 san—

511 5170 677 5241 guine
712 5168 904 5223 aeterni
930 5166 1269 5231 testamenti,
1321 5174 1383 5221 ut
1419 5165 1707 5237 Scriptura
1752 5161 2000 5232 loquitur
2028 5160 2093 5212 “.

515 5261 669 5317 Fidei
697 5261 845 5317 enim
872 5259 1276 5315 confessionem
1300 5258 1359 5313 in
1390 5258 1656 5329 sanguine
1676 5253 1885 5311 Christi
1919 5251 2099 5309 cocci-

518 5364 651 5406 num
672 5348 956 5419 designat;
981 5346 1258 5419 hys50pus
1293 5356 1477 5403 autem
1501 5346 1676 5402 sancti
1699 5343 1938 5415 Spiritus
1985 5343 2098 5398 ler-

518 5454 731 5495 vorem.
763 5437 951 5494 Calida
997 5438 1143 5494 enim
1168 5439 1287 5494 haec
1314 5438 1487 5494 herba
1519 5447 1635 5511 est,
1675 5445 1733 5493 ct
1775 5434 2106 5507 frigiditates

518 5533 830 5604 detergens,
853 5547 916 5587 ac
944 5547 1184 5603 purgans
1217 5531 1458 5586 morbos.
1510 5531 1659 5587 Talis
1709 5531 1856 5587 enim
1893 5528 1948 5584 in
2002 5543 2104 5584 nos

521 5622 694 5680 sancti
736 5620 976 5693 Spiritus
1026 5622 1249 5693 energia
1306 5622 1520 5676 exsistit
1543 5631 1597 5677 et
1650 5623 1750 5679 vis.
1821 5641 1838 5675 ι
1888 5623 2098 5689 Sumct,

524 5717 725 5788 inquit,
750 5718 1024 5787 leprosam
1060 5714 1283 5770 domum
1330 5715 1635 5771 emundans
1683 5717 1954 5771 aviculam
2013 5718 2099 5771 vi-

595 5898 821 5969 "Osee,
873 5916 952 5970 ιιι,
1006 5898 1140 5968 1,5.
1219 5897 1265 5928 ⁸³
1303 5895 1477 5952 Levit.
1512 5914 1619 5967 xw,
1660 5898 1747 5954 49.
1825 5898 2263 5968 “ibid.,50-53.
2344 5902 2388 5935 9°"
2438 5901 2687 5970 Cantus,
2730 5901 2783 5956 3.

2210 4989 2343 5058 κίνῳ
2371 4984 2693 5054 παρεικάζει
2722 4983 2903 5047 καλῶς
2933 4984 3003 5037 τὰ
3050 4986 3202 5054 χείλη
3249 4984 3445 5052 αὐτῆς·
3481 4982 3577 5037 καὶ
3621 4982 3798 5052 αὐτῆς

2198 5080 2257 5135 δὲ
2278 5080 2377 5149 τῆς
2404 5076 2677 5148 μυστικῆς
2700 5076 2948 5146 εὐλογίας
2976 5078 3008 5147 ἠ
3044 5074 3262 5145 μέθεξις
3287 5073 3652 5143 καταγγελίαν
3679 5073 3797 5144 ἔχει

2199 5170 2291 5226 τοῦ
2316 5168 2546 5225 θανάτου
2578 5168 2670 5222 καὶ
2700 5168 2800 5237 τῆς
2827 5166 3175 5228 ἀναστάσεως
3204 5164 3369 5218 αὐτοῦ
3403 5164 3497 5217 τοῦ
3528 5162 3793 5235 Χριστοῦ.

2203 5264 2268 5318 "A
2304 5262 2405 5317 καῖ
2435 5260 2704 5333 πρότερον
2733 5259 3014 5329 ὁμολογεῖν
3062 5257 3449 5319 ἀναπείθοντες
3501 5255 3628 5319 τοὺς
3669 5270 3801 5310 πισ-

2205 5355 2458 5417 τεύοντας
2477 5394 2490 5418 ,
2525 5350 2876 5425 προσάγομέν
2922 5367 2980 5403 τε
3009 5348 3086 5421 τῷ
3114 5348 3256 5420 ἁγίῳ
3286 5348 3655 5420 βαπτίσματι,
3701 5347 3797 5401 καὶ

2203 5450 2518 5521 τελειοῦμεν
2549 5448 2606 5501 ὲν
2637 5446 2827 5518 αἵματι
2850 5444 3125 5515 Διαθήκης
3148 5443 3389 5505 αἰωνίου,
3419 5441 3563 5496 καθά
3587 5440 3797 5510 γέγρα-

2204 5562 2356 5601 πται.
2391 5543 2502 5597 Kal
2545 5539 2654 5612 γὰρ
2693 5541 2792 5612 τὴν
2824 5540 2917 5593 ἐπὶ
2954 5538 3032 5609 τῷ
3064 5538 3257 5608 αἵματι
3300 5535 3394 5589 τοῦ
3424 5534 3663 5608 Χριστοῦ
3695 5534 3798 5600 τῆς

2204 5637 2440 5699 πίστεως
2471 5632 2762 5703 ὁμολογίαν
2783 5675 2796 5699 ,
2838 5631 2926 5686 διὰ
2958 5631 3053 5684 τοῦ
3090 5628 3345 5684 κοκκίνου
3387 5627 3674 5699 σημαίνεισ
3707 5625 3795 5679 διὰ

2200 5725 2254 5778 δὲ
2294 5725 2391 5796 τῆς
2456 5723 2746 5786 ὑσσώπου,
2800 5721 2899 5793 τὴν
2944 5720 3034 5773 τοῦ
3064 5719 3221 5788 ἁγίου
3268 5718 3587 5789 Πνεύματος
3622 5716 3794 5780 ζέσιν.

2861 5900 2906 5934 ⁸⁸
2966 5899 3134 5956 Hebr.
3193 5916 3303 5972 λιιι,
3344 5901 3434 5957 20.
