4120 6444
302 329 408 386 577

1272 327 1798 387 GLAPHYRORUM
1838 326 1907 382 IN
1948 324 2326 380 LEV'lTllCU-M
2363 324 2588 380 LIBER.

3491 326 3594 383 578

300 443 494 516 Θερμὴ
543 443 653 516 γὰρ
699 443 905 516 ἡπόα,
950 446 1044 500 καὶ
1089 446 1194 500 τῶν
1240 447 1303 498 ἐκ
1329 445 1670 517 ψυχρότητος
1714 442 1904 497 παθῶν

2009 449 2252 506 ventem,
2289 449 2346 495 et
2371 441 2580 512 lignum
2601 440 2910 506 cedrinum,
2947 449 3002 495 et
3035 455 3262 496 coccum
3293 448 3597 508 tortum,ct

304 535 610 608 σμηκτική.
638 535 874 607 Τοιαύτη
911 536 967 590 δὲ
1000 538 1094 590 καὶ
1124 539 1157 608 ἡ
1186 535 1279 590 τοῦ
1314 536 1470 606 ἁγίου
1501 535 1821 606 Πνεῦματος
1844 535 1902 587 ἐν

302 630 434 699 ἡμῖν
461 627 717 698 ἐνέργειά
743 645 803 680 τε
832 627 925 682 καὶ
952 627 1202 699 δύναμις.
1242 647 1260 680 ι
1294 630 1540 699 Λήψεται
1567 628 1748 693 τοίνυν
1767 670 1781 694 ,
1807 644 1904 698 φη-

303 721 390 775 σὶν
410 760 424 785 ,
445 722 475 776 6
501 719 738 789 ἁγνίζων
761 720 858 792 τὴν
879 720 1319 793 λελεπρωμένην,
1348 722 1411 777 τὸ
1429 721 1665 794 ὀρνίθιον
1688 721 1749 774 τὸ
1771 720 1901 788 ζῶν,

307 815 401 870 καὶ
438 815 499 868 τὸ
530 813 775 886 κέδρινον
802 813 958 878 ξύλον
978 853 993 880 ,
1031 815 1123 869 καὶ
1151 815 1212 869 τὸ
1242 817 1525 882 κόκκινον,
1558 817 1653 870 καὶ
1681 815 1782 888 τὴν
1806 813 1904 868 ὓσ-

310 925 524 972 σωπον,
558 908 653 962 καὶ
687 908 850 978 βάψει
878 908 1018 962 αὐτὰ
1055 909 1136 972 είς
1168 908 1231 962 τὸ
1256 905 1394 980 αἷμα
1419 908 1512 963 τοῦ
1545 908 1781 981 ὀρνιθίου
1807 906 1902 961 τοῦ

316 1000 664 1071 ἐσφαγμένου
684 1041 698 1065 ,
723 1001 810 1071 ἐφ’
850 1001 1003 1055 ὕδατι
1035 1001 1197 1066 ζῶντι
1215 1043 1232 1068 ,
1268 1003 1360 1057 καὶ
1387 1003 1708 1075 περιρρανεῖ
1731 1003 1788 1054 ὲν
1808 1001 1906 1054 αὐ-

315 1099 424 1159 τοῖς
451 1095 543 1148 ἐπὶ
570 1095 672 1166 τὴν
700 1095 879 1150 οἰκίαν
910 1095 1163 1160 ἑπτάκις.
1200 1097 1310 1151 Καὶ
1343 1098 1566 1166 ἀφανιεῖ
1592 1095 1692 1166 τὴν
1727 1093 1903 1148 οὶκίαν

312 1190 371 1240 ἐν
398 1186 475 1256 τῷ
506 1187 704 1257 αἵματι
731 1187 824 1241 τοῦ
854 1188 1094 1257 ὀρνιθίου
1112 1231 1126 1254 ,
1149 1190 1242 1244 καὶ
1266 1191 1324 1242 ὲν
1349 1190 1426 1262 τῷ
1446 1189 1596 1243 ὕδατι
1618 1188 1693 1259 τῷ
1717 1185 1900 1252 ζῶντι,

311 1278 404 1332 καὶ
437 1282 494 1332 ἐν
523 1278 602 1349 τῷ
627 1279 770 1350 ξύλῳ
808 1279 886 1351 τῷ
920 1281 1154 1353 κεδρίνῳ
1174 1321 1188 1346 ,
1220 1283 1315 1336 καὶ
1343 1284 1402 1335 ὲν
1423 1283 1489 1353 τῇ
1519 1279 1784 1352 ὑσσώπῳ,
1810 1278 1906 1333 καὶ

309 1369 368 1419 ἐν
391 1366 468 1437 τῷ
489 1366 858 1440 κεκλωσμένῳ
883 1372 1140 1442 κοκκίνῳ.
1179 1389 1200 1424 ι
1239 1371 1314 1425 Οὐ
1342 1370 1448 1443 γὰρ
1489 1371 1693 1442 ἑτέρως
1743 1369 1906 1424 δῦνα-

311 1457 432 1511 σθαι
464 1459 568 1529 τὴν
609 1457 718 1515 τῶν
743 1460 1013 1516 Ἰουδαίων
1043 1463 1377 1533 Συναγωγὴν
1413 1462 1505 1517 τὸν
1531 1461 1591 1529 ἐξ
1625 1460 1908 1525 ἀπειθείας

308 1548 726 1603 ἀποπλύνασθαι
779 1551 1092 1623 μολυσμὸν,
1123 1555 1217 1607 καὶ
1254 1553 1354 1624 τὴν
1389 1555 1452 1606 ὲκ
1494 1553 1602 1606 τῶν
1645 1552 1906 1606 ποικίλων

310 1641 806 1713 πλημμελημάτων
838 1644 1138 1699 ἀποθέσθαι
1170 1645 1392 1716 κηλίδα,
1418 1645 1578 1698 πάλιν
1597 1647 1727 1716 ἡμῖν
1761 1646 1789 1698 6
1822 1643 1910 1697 v6-

313 1750 416 1803 μος
467 1733 750 1804 ὑποδηλοί,
783 1737 832 1788 εἰ
865 1736 939 1808 μὴ
969 1735 1058 1789 διὰ
1104 1736 1272 1808 μόνης
1306 1737 1558 1806 εὐλογίας
1603 1736 1706 1806 τῆς
1753 1734 1907 1805 παρὰ

307 1823 553 1893 Χριστοῦ
574 1865 588 1889 ,
622 1825 716 1878 καὶ
743 1825 844 1896 τῆς
885 1827 964 1889 είς
1001 1825 1164 1880 αὑτὸν
1193 1826 1485 1899 ὁμολογίας
1517 1828 1614 1880 καὶ
1643 1826 1903 1891 πίστεως,

304 1914 701 1988 τελειουμένης
727 1916 970 1987 δηλονότι
995 1919 1091 1971 καὶ
1114 1917 1482 1990 ἁγιαζομένης
1513 1918 1601 1972 διὰ
1628 1915 1724 1971 τοῦ
1761 1915 1906 1987 βαπ-

301 2007 577 2078 τίσματος
608 2009 704 2062 τοῦ
754 2009 932 2078 ἁγίου.
997 2010 1288 2082 Ἐπιτήρει
1331 2012 1437 2085 γὰρ
1486 2013 1634 2076 ὅπως
1675 2011 1767 2066 διὰ
1797 2007 1909 2064 τῶν

301 2101 622 2172 εἰρημένων
641 2101 936 2175 ὁλόκληρος
961 2104 1093 2175 ἡμῖν
1118 2105 1489 2176 ζωγραφεῖται
1516 2103 1782 2177 Χριστὸς,
1813 2102 1909 2156 καὶ

298 2195 332 2264 ἡ
373 2194 432 2245 ὲν
463 2193 615 2263 αὐτῷ
662 2194 845 2258 πίστις
877 2213 937 2248 τε
980 2196 1073 2250 καὶ
1115 2197 1376 2267 ὁμολογία
1417 2198 1764 2268 σημαίνεται.
1810 2194 1910 2250 Διὰ

302 2285 414 2354 μὲν
440 2285 551 2356 γὰρ
575 2284 670 2338 τοῦ
693 2285 930 2358 ὸρνιθίου
954 2288 1046 2342 τοῦ
1069 2287 1272 2354 ζῶντος
1293 2331 1308 2353 ,
1341 2289 1434 2342 τὸν
1464 2289 1552 2342 ἀεὶ
1574 2288 1752 2354 ζῶντα
1768 2330 1782 2352 ,
1813 2287 1908 2341 καὶ

301 2376 576 2440 ζωοποιδν
624 2378 719 2432 καὶ
764 2379 1017 2452 οὐράνιον
1066 2382 1288 2453 νοήσαις
1321 2383 1525 2451 Λόγον,
1575 2383 1664 2438 διὰ
1709 2381 1765 2436 δὲ
1813 2380 1908 2434 τοῦ

301 2470 696 2540 ἐσφαγμένου,
743 2470 805 2525 τὸ
851 2471 1034 2543 τίμιον
1085 2469 1229 2545 αἷμα
1285 2473 1382 2528 τοῦ
1431 2473 1700 2537 παθόντος
1753 2471 1906 2528 ναοῦ.

298 2561 484 2632 Σαρκὶ
522 2561 630 2631 γὰρ
681 2561 845 2616 αὐτὸν
893 2563 1222 2618 πεπονθέναι
1262 2565 1482 2637 φαμὲν,
1538 2565 1679 2637 πλὴν
1727 2565 1804 2630 ὡς
1851 2566 1911 2620 ὲν

305 2651 430 2720 ίδίῳ
458 2650 695 2722 σώματι.
727 2651 830 2706 Διὰ
859 2652 915 2706 δὲ
949 2652 1042 2708 τοῦ
1071 2655 1320 2726 ἀσήπτου
1357 2655 1545 2722 ξύλου,
1592 2656 1692 2729 τὴν
1731 2657 1911 2729 σάρκα

301 2743 411 2816 τὴν
435 2743 765 2817 ἀδιάφθορον
785 2761 799 2775 ·
822 2745 911 2800 διὰ
936 2747 994 2800 δὲ
1021 2748 1120 2819 τῆς
1147 2748 1401 2803 ὑσσώπου
1419 2791 1434 2815 ,
1455 2749 1516 2803 τὸ
1539 2749 1765 2821 Πνεῦμα
1783 2766 1795 2778 ³
1822 2748 1911 2804 διὰ

301 2835 363 2890 δὲ
395 2834 489 2889 τοῦ
523 2837 813 2902 κοκκίνου,
844 2839 945 2909 τὴν
977 2840 1062 2907 ἐφ’
1095 2839 1288 2910 αἵματι
1330 2839 1608 2913 Διαθήκης
1649 2840 1749 2914 τὴν
1781 2843 1913 2912 ὁμο-

303 2927 497 2995 λογίαν
515 2943 528 2956 '
575 2928 662 2983 διὰ
692 2930 749 2982 δὲ
776 2929 872 2983 τοῦ
901 2930 1106 2994 ζῶντος
1133 2930 1328 2996 ὓδατος
1349 2972 1362 2995 ,
1396 2933 1496 3002 τὴν
1526 2933 1790 2998 ζωοποιδν
1815 2931 1910 2987 τοῦ

306 3017 694 3090 βαπτίσματος
723 3020 912 3092 χάριν,
948 3023 1014 3094 ἣν
1043 3023 1138 3077 καὶ
1168 3024 1224 3077 ὲν
1259 3022 1410 3095 αὐτῷ
1432 3024 1512 3095 τῷ
1533 3023 1696 3078 πάθει
1729 3023 1911 3090 καλῶς

305 3111 686 3182 ὓπεσήμαινεν
736 3116 770 3185 ἡ
819 3115 952 3183 ἁγία
1005 3114 1099 3168 τοῦ
1152 3116 1406 3186 Σωτῆρος
1452 3117 1612 3188 ἡμῶν
1661 3117 1907 3189 πλευρὰ,

307 3203 456 3276 ὕδωρ
481 3205 560 3276 τῷ
591 3207 788 3277 αἵματι
822 3209 1323 3280 συνεκπέμπουσα,
1365 3203 1411 3278 ᾧ
1447 3211 1542 3264 καὶ
1581 3211 1780 3282 χρῆναι
1808 3211 1908 3280 τὴν

301 3301 487 3353 οἰκίαν
523 3301 941 3372 ἐπιρραίνεσθαί
993 3319 1187 3373 φησιν,
1241 3303 1327 3356 ἵνα
1369 3303 1462 3356 καὶ
1500 3304 1908 3373 ἀφαγνίζηται,

301 3388 453 3443 κατὰ
499 3391 562 3443 τὸ
615 3391 908 3462 εἰρημένον
950 3391 1209 3466 Ἰεζεχιὴλ
1253 3394 1332 3464 τῷ
1377 3396 1666 3466 προφήτῃ·
1720 3413 1738 3446 ι
1800 3395 1909 3448 Καὶ

300 3482 553 3552 λείψομαι
585 3484 730 3553 ὑμᾶς
778 3485 842 3536 ἐκ
873 3484 981 3538 τῶν
1017 3483 1219 3550 ἐθνῶν,
1262 3485 1355 3539 καὶ
1402 3486 1614 3551 συνάξω
1655 3485 1801 3555 ὑμᾶς
1845 3487 1910 3538 ὲκ

298 3572 421 3628 τῶν
459 3573 682 3645 χωρῶν,
729 3576 822 3628 καὶ
853 3576 1002 3646 ῥανῶ
1030 3576 1116 3646 ἐφ’
1164 3577 1309 3648 ὑμᾶς
1339 3576 1482 3647 ὕδωρ
1514 3577 1787 3650 καθαρὸν,
1815 3577 1913 3631 καὶ

302 3664 808 3736 καθαρισθήσεσθε.
863 3687 880 3719 ι
926 3668 1380 3740 Περιρραίνεσοαι
1411 3670 1466 3723 δὲ
1508 3672 1603 3723 καὶ
1642 3671 1742 3723 οὐκ
1793 3672 1910 3722 εἰσ-

299 3754 463 3820 άπαξ
485 3756 680 3826 αὐτὴν,
702 3756 818 3810 ἀλλ’
847 3758 1079 3822 ἑπτάκις
1105 3758 1337 3814 κελεύει.
1373 3777 1390 3810 ι
1414 3753 1486 3813 υἷ’)
1513 3759 1621 3830 γὰρ
1649 3758 1909 3832 ἐπλεόνα-

299 3869 402 3904 σεν
448 3851 482 3920 ἡ
525 3850 799 3922 ἁμαρτία,
835 3852 1439 3924 ὑπερεπερίσσευσενή
1485 3853 1664 3924 χάρις.
1719 3871 1739 3904 ι
1775 3847 1909 3905 Εἶτα

295 3941 522 4005 τούτοις
565 3943 764 4010 ἐπάγει
796 3943 958 3995 πάλιν
1001 3945 1030 3996 6
1072 3941 1404 4012 νομοθέτης,
1449 3943 1531 3995 ὅτι
1577 3942 1670 3995 καὶ
1711 3940 1910 4006 ἐξαπο-

299 4035 491 4089 στελεί
519 4034 580 4087 τὸ
605 4035 840 4105 ὀρνίθιον
868 4035 928 4087 τὸ
958 4032 1066 4097 ζῶν
1094 4034 1199 4101 ἕξω
1232 4035 1331 4105 τῆς
1361 4034 1569 4098 πόλεως
1607 4035 1687 4096 είς
1720 4033 1783 4085 τὸ
1812 4051 1910 4086 πε-

295 4130 457 4192 δίον,
499 4131 593 4181 καὶ
644 4128 953 4194 ὲξιλὰσεται
993 4128 1121 4199 περὶ
1162 4126 1262 4197 τῆς
1308 4127 1515 4192 οίκίας,
1552 4127 1644 4180 καὶ
1690 4124 1912 4195 καθαρὰ

296 4221 485 4275 ἔσται.
537 4222 630 4285 Εἰς
677 4221 846 4274 τύπον
887 4222 987 4292 τῆς
1052 4220 1320 4274 Ἰουδαίων
1368 4219 1737 4291 Συναγωγῆς,
1787 4219 1907 4290 ἤτοι

296 4313 516 4376 παντὸς
553 4313 652 4366 τοῦ
686 4313 874 4376 ἔθνους
897 4355 913 4379 ,
946 4313 1046 4384 τὴν
1067 4312 1270 4381 ἀρτίως
1297 4313 1429 4383 ἡμῖν
1470 4309 1910 4381 κατωνομασμέ-

297 4424 408 4477 νην
443 4423 462 4456 ι
486 4405 678 4462 Οἰκίαν
702 4425 722 4457 ι
755 4405 1047 4475 ἐλάϐομεν.
1072 4405 1235 4458 Πόλιν
1264 4403 1320 4457 δὲ
1347 4399 1486 4458 εἶναι
1522 4402 1788 4473 δώσομεν,
1809 4401 1909 4472 τὴν

2008 534 2326 605 hyssopum,
2352 542 2409 587 et
2449 535 2620 604 tinget
2661 549 2725 588 ea
2762 535 2818 587 in
2873 534 3137 603 sanguine
3167 534 3397 589 avicula:
3435 535 3598 606 jugu-

2006 623 2130 680 lataa
2161 624 2218 678 in
2245 639 2385 693 aqua
2403 624 2635 689 fervida,
2671 633 2728 680 et
2753 633 3008 696 asperget
3033 625 3089 679 in
3126 625 3210 680 eis
3230 625 3458 682 domum
3504 641 3596 682 se-

2005 716 2170 786 pties.
2211 715 2280 770 Et
2309 715 2626 786 puriﬁcabit
2659 717 2885 772 domum
2924 718 2980 772 in
3034 718 3300 788 sanguine
3344 719 3594 783 aviculae,

2005 816 2062 863 et
2096 809 2153 863 in
2196 823 2339 878 aqua
2363 808 2592 874 viventi,
2641 819 2698 864 et
2741 810 2796 864 in
2819 811 2968 881 ligno
3025 811 3274 875 cedrino,
3305 818 3361 866 et
3388 811 3444 866 in
3470 812 3598 883 hys-

2006 914 2162 970 sopo,
2197 909 2256 955 et
2286 899 2343 954 in
2400 901 2629 955 coccino
2675 902 3087 972 conglomerato
3114 903 3180 956 '7.
3208 922 3227 954 ›
3273 903 3392 957 Non
3445 903 3596 957 enim

2007 990 2168 1045 aliter
2211 991 2456 1060 potuisse
2477 990 2796 1046 Iudaeorum
2819 993 3159 1065 Synagogam
3201 995 3272 1050 ab
3303 994 3600 1050 inﬁdelita-

2006 1083 2078 1138 tis
2127 1083 2388 1140 sordibus
2443 1085 2616 1150 ablui,
2650 1092 2759 1139 cta
2799 1085 2966 1140 variis
2995 1087 3324 1142 delictorum
3366 1086 3600 1142 maculis

2007 1175 2315 1248 detergeri,
2372 1193 2594 1233 rursum
2643 1179 2806 1234 nobis
2849 1179 2938 1233 lex
2990 1179 3284 1244 ostendat,
3332 1181 3441 1235 nisi
3483 1180 3598 1234 sola

2005 1267 2216 1324 Christi
2238 1270 2648 1336 benedictione,
2690 1281 2855 1341 atque
2883 1271 3050 1342 368
3094 1270 3152 1324 in
3186 1286 3314 1325 eum
3384 1271 3602 1326 contes-

2008 1361 2164 1417 sione
2203 1377 2267 1416 ac
2296 1361 2403 1417 ﬁde
2423 1403 2438 1428 ,
2473 1362 2718 1432 perfecta
2738 1363 3004 1418 nimirum
3037 1370 3094 1417 et
3119 1363 3454 1418 sanctiﬁcata
3500 1379 3600 1433 per

2009 1461 2262 1510 sanctum
2291 1455 2580 1524 baptisma.
2608 1455 2853 1511 Observa
2880 1456 3065 1526 itaque
3094 1463 3154 1510 ut
3189 1455 3350 1510 nobis
3388 1456 3602 1525 integer

1964 1607 1967 1610 ,
2009 1561 2077 1602 ex
2098 1546 2263 1602 dictis
2291 1547 2546 1604 Christus
2562 1548 2900 1620 depingitur,
2935 1558 2992 1605 et
3021 1550 3076 1604 in
3100 1565 3228 1605 eum
3263 1548 3398 1604 ﬁdes
3435 1556 3604 1618 atque

2009 1638 2284 1694 confessio
2310 1639 2642 1696 ostenditur.
2686 1642 2746 1696 ln
2777 1641 2994 1696 avicula
3029 1641 3240 1696 etenim
3292 1642 3416 1696 viva
3451 1656 3602 1696 sem-

2010 1745 2110 1800 per
2141 1731 2333 1787 vivens
2373 1741 2430 1787 et
2455 1732 2743 1789 viviﬁcans
2768 1749 2832 1788 ac
2863 1734 3088 1789 cmleste
3115 1734 3358 1790 Verbum
3391 1735 3604 1790 intelli-

1938 1807 1981 1867 Β
2009 1837 2105 1893 gas
2147 1840 2159 1877 :
2200 1823 2259 1878 in
2317 1831 2556 1880 mactata
2606 1841 2740 1881 vero
2789 1826 3027 1891 avicula,
3077 1827 3384 1896 pretiosum
3411 1826 3603 1896 templi

2009 1914 2271 1984 patientis
2305 1918 2647 1988 sanguinem.
2685 1918 2862 1974 Carne
2909 1919 3057 1974 enim
3106 1935 3329 1990 passum
3364 1919 3606 1974 dicimus

2007 2004 2313 2074 Christum,
2357 2016 2418 2063 ut
2450 2017 2633 2065 tamen
2657 2011 2713 2066 in
2739 2027 2838 2066 suo
2863 2026 3120 2082 corpore.
3146 2013 3207 2066 ln
3245 2012 3394 2083 ligno
3416 2020 3602 2067 autem

2007 2095 2336 2167 incorrupto
2384 2113 2607 2154 carnem
2663 2100 2970 2170 accipimus
3029 2099 3456 2171 incorruptam;
3502 2116 3604 2171 per

2009 2187 2328 2258 hyssopum,
2367 2189 2655 2258 spiritum;
2699 2206 2800 2259 per
2856 2191 3145 2246 coccinum
3196 2207 3347 2250 vero.
3385 2192 3443 2246 in
3481 2208 3608 2247 san-

2007 2279 2174 2349 guine
2217 2280 2534 2335 testamenti
2548 2281 2985 2349 confessionem;
3014 2285 3069 2337 in
3086 2300 3228 2354 aqua
3251 2292 3436 2339 autem
3457 2284 3604 2350 viva,

2010 2371 2312 2426 salutarem
2336 2371 2698 2443 intelligimus
2725 2374 2983 2444 baptismi
3010 2377 3264 2446 gratiam,
3304 2392 3427 2446 qua:
3451 2386 3507 2432 et
3550 2377 3606 2432 in

2011 2460 2131 2532 ipsa
2169 2461 2429 2533 passione
2466 2464 2699 2535 pulchre
2748 2465 2978 2522 exhibet
3025 2482 3245 2522 sacrum
3297 2468 3610 2523 Servatoris

2011 2555 2191 2611 nostri
2213 2557 2382 2623 latus,
2424 2571 2454 2613 e
2488 2573 2600 2628 quo
2629 2574 2773 2628 aqua
2817 2559 2981 2615 simul
3034 2569 3090 2616 et
3144 2561 3369 2632 sanguis
3397 2560 3608 2632 proflu-

2011 2648 2092 2702 xit
2121 2662 2263 2719 :quo
2288 2649 2457 2704 etiam
2473 2649 2698 2706 domum
2717 2653 2933 2724 aspergi
2951 2662 3208 2722 oportere
3235 2655 3330 2719 ait,
3360 2664 3422 2708 ut
3439 2655 3608 2709 etiam

2013 2743 2286 2814 expietur,
2315 2746 2471 2815 juxta
2503 2745 2813 2801 Ezechielis
2850 2748 3131 2818 propheta:
3150 2765 3342 2804 vocem
3370 2767 3384 2802 :
3419 2769 3436 2800 ι
3474 2750 3609 2803 Tol-

2011 2834 2144 2900 lam,
2171 2835 2369 2905 inquit,
2409 2852 2508 2891 vos
2541 2837 2610 2892 de
2657 2839 2934 2907 gentibus,
2970 2848 3027 2894 et
3057 2840 3400 2911 congregabo
3425 2856 3524 2895 vos
3538 2842 3609 2896 de

2013 2927 2179 2982 terris
2213 2946 2225 2980 :
2262 2934 2318 2982 et
2339 2927 2622 2983 eﬂ'undam
2649 2944 2816 2998 super
2847 2945 2947 2983 vos
2968 2945 3167 2998 aquam
3227 2930 3512 2994 mundam,
3552 2937 3612 2986 et

2014 3021 2422 3076 mundabimini
2451 3020 2519 3076 9‘.
2549 3041 2567 3073 ι
2613 3022 2842 3093 Aspergi
2865 3031 3050 3076 autent
3073 3023 3236 3093 jubet
3279 3039 3391 3077 non
3437 3024 3609 3078 semel

2014 3112 2262 3178 domum,
2293 3114 2388 3168 sed
2415 3115 2638 3184 septies.
2671 3135 2688 3166 ι
2736 3115 2839 3171 Ubi
2878 3115 3028 3169 enim
3063 3114 3368 3169 abundavit
3417 3132 3612 3186 pecca-

2015 3213 2156 3271 tum,
2190 3207 2666 3276 superabundavit
2691 3215 2747 3263 et
2775 3208 2953 3278 gratia
2990 3210 3056 3261 99.
3089 3227 3107 3258 ι
3138 3207 3348 3262 Deinde
3381 3209 3468 3263 his
3516 3209 3610 3264 de-

2011 3313 2124 3353 nuo
2167 3298 2322 3353 addit
2376 3299 2657 3370 legislator
2713 3307 2775 3354 ut
2820 3301 3062 3355 dimittat
3109 3301 3382 3355 aviculam
3431 3302 3609 3357 vivam

2012 3399 2167 3446 extra
2200 3389 2398 3444 urbem
2434 3391 2492 3445 in
2511 3407 2792 3462 campum,
2835 3401 2892 3446 et
2923 3392 3251 3462 precabitur
3275 3407 3375 3462 pro
3421 3391 3610 3458 domo,

2012 3483 2328 3553 mundaque
2357 3484 2487 3539 erit.
2537 3485 2811 3540 Nimirum
2848 3486 2904 3540 in
2943 3495 3133 3557 typum
3175 3486 3416 3542 Judaicae
3468 3486 3611 3558 Syn-

2011 3591 2214 3648 agogze,
2230 3577 2344 3632 sive
2362 3578 2607 3648 gentium
2629 3579 2898 3640 omnium,
2925 3594 3088 3649 quam
3110 3594 3292 3648 nuper
3313 3579 3605 3632 «Domum;

2011 3671 2440 3735 nominavimus,
2482 3672 2821 3741 accepimus.
2855 3671 3060 3726 Urbem
3107 3687 3240 3726 vero
3282 3686 3403 3726 esse
3459 3671 3612 3725 dice-

2013 3778 2137 3818 mus
2194 3763 2495 3817 multarum
2543 3763 2748 3818 aedium
2797 3762 3371 3832 comprehensionem.
3423 3761 3612 3817 Talem

2011 3870 2134 3910 esse
2172 3871 2474 3926 cognosces
2500 3855 2691 3911 orbem
2727 3855 3090 3910 habitabilem
3123 3855 3293 3909 multa
3322 3854 3612 3909 hominum

2013 3963 2217 4018 genera
2251 3948 2735 4018 complectentem,
2773 3957 2830 4004 at
2867 3948 3214 4003 ﬁrmamento
3253 3947 3424 4001 veluti
3452 3962 3612 4002 muro

2011 4040 2251 4109 quodam
2284 4040 2764 4104 circumcinctum,
2790 4046 2916 4110 post
2950 4039 3097 4109 quod
3131 4038 3353 4094 tandem
3388 4039 3608 4108 amplus

2010 4131 2361 4200 mundusquc
2388 4131 2632 4186 caelestis
2657 4130 2808 4185 orbis
2853 4145 3083 4200 campus
3123 4129 3470 4199 intelligitur.
3500 4129 3610 4184 Do-

2011 4232 2101 4277 cet
2126 4221 2314 4291 itaque
2343 4221 2626 4293 legislator
2655 4237 2755 4292 per
2785 4222 3056 4277 aviculam
3090 4230 3246 4275 extra
3297 4221 3496 4274 urbem
3552 4220 3611 4274 in

2011 4329 2268 4383 campum
2295 4313 2580 4368 dimissam
2598 4313 2804 4368 Christi
2825 4329 2854 4368 e
2879 4313 3088 4367 mundo
3121 4313 3609 4383 demigrationem,

2012 4411 2070 4460 et
2109 4404 2166 4458 in
2197 4405 2369 4460 caelos
2400 4420 2711 4460 ascensum.
2771 4405 2872 4460 Hic
2907 4406 3056 4461 enim
3085 4406 3154 4460 ad
3197 4407 3368 4460 Deum
3391 4417 3449 4461 et
3506 4407 3611 4463 Pa-

299 4497 524 4556 πολλῶν
549 4500 742 4555 οἰκιῶν
761 4501 1137 4572 περιεκτικήν.
1171 4498 1441 4569 Τοιαύτην
1464 4498 1587 4552 τινὰ
1611 4493 1756 4553 εἶναι
1781 4498 1907 4568 νοήο

2015 4503 2156 4551 trem
2182 4510 2310 4551 cum
2331 4497 2505 4560 venit,
2548 4512 2650 4566 pro
2676 4497 2838 4552 nobis
2873 4497 3156 4562 omnibus,
3183 4507 3240 4552 et
3286 4497 3608 4553 Iudaeorum

302 4612 425 4658 σεις
450 4595 552 4665 τὴν
575 4593 697 4648 καθ’
726 4595 874 4664 ἡμᾶς
903 4592 1228 4662 οἰκουμένην
1247 4633 1261 4655 ,
1281 4590 1453 4645 πολλὰ
1483 4590 1581 4662 μὲν
1605 4588 1911 4661 ἀνθρώπων

304 4681 647 4750 συνέχουσαν
675 4683 806 4752 γένη
827 4700 840 4714 ο
873 4681 1047 4751 τείχει
1081 4681 1136 4734 δὲ
1166 4683 1356 4754 ὥσπερ
1381 4680 1490 4734 τινὶ
1526 4679 1709 4750 κύκλῳ
1749 4696 1909 4749 περι-

302 4771 632 4844 εζωσμένην
679 4772 758 4843 τῷ
808 4772 1180 4844 στερεώματι·
1239 4772 1358 4843 μεθ’
1405 4771 1433 4824 ὃ
1479 4769 1664 4825 λοιπὸν
1711 4770 1812 4841 ἤδη
1847 4769 1910 4821 τὸ

303 4863 487 4916 πλατύ
509 4881 567 4918 τε
594 4867 687 4920 καὶ
714 4864 954 4936 καθαρὸν
981 4865 1090 4918 τῶν
1108 4866 1223 4920 ἄνω
1244 4865 1464 4936 κόσμων
1483 4866 1683 4918 νοεῖται
1705 4862 1905 4916 πεδίον.

305 4953 565 5006 Διδάσκει
590 4953 771 5009 τοίνυν
797 4957 826 5008 6
858 4954 1156 5026 νομοθέτης
1180 4954 1270 5008 διὰ
1297 4954 1392 5008 τοῦ
1426 4953 1564 5024 πρὸς
1592 4955 1654 5007 τὸ
1682 4952 1787 5017 ἔξω
1812 4953 1910 5022 τῆς

309 5046 523 5110 πόλεως
551 5048 732 5102 πεδίον
762 5049 1007 5103 ἀνίεσθαι
1043 5049 1102 5102 τὸ
1131 5048 1367 5119 ὀρνίθιον
1387 5088 1401 5114 ,
1428 5049 1530 5118 τήν
1563 5062 1622 5099 τε
1649 5047 1758 5100 ἀπὸ
1779 5046 1910 5099 κόσ-

308 5155 417 5208 μου
455 5141 786 5208 μετάστασιν
806 5183 820 5203 ,
851 5141 945 5195 καὶ
970 5140 1069 5212 τὴν
1096 5141 1176 5203 είς
1211 5140 1474 5211 οὐρανοὺς
1512 5139 1780 5193 ἀνάδασιν
1811 5137 1906 5192 τοῦ

305 5224 569 5291 Χριστοῦ.
621 5227 870 5295 Γεγονὼς
909 5229 1024 5299 γὰρ
1051 5222 1206 5291 οὗτος
1249 5229 1386 5298 πρὸς
1427 5227 1520 5281 τὸν
1558 5226 1779 5298 Πατέρα
1813 5228 1909 5280 καὶ

303 5321 472 5385 Θεὸν,
507 5323 649 5392 ὑπὲρ
701 5323 960 5377 ἁπάντων
1005 5323 1164 5396 ήμῶν
1208 5325 1302 5377 καὶ
1330 5323 1430 5394 τῆς
1475 5323 1744 5378 Ἰουδαίων
1771 5325 1908 5376 Συν-

305 5418 535 5488 αγωγῆς
558 5460 572 5482 ,
611 5417 945 5483 ὲξιλάσεται,
971 5419 1063 5472 καὶ
1099 5417 1650 5490 καθαρισθησόμεθα.
1691 5419 1908 5487 Ὥσπερ

302 5509 418 5580 γὰρ
445 5511 474 5562 6
517 5510 833 5579 σοφώτατός
895 5531 1030 5583 φησι
1071 5515 1323 5587 μαθητὴς
1377 5513 1665 5584 Ἰωάννης·

2019 4585 2302 4658 Synagoga
2327 4587 2739 4658 deprecabitur,
2781 4595 2838 4644 et
2891 4588 3320 4644 emundabimur
3357 4605 3478 4643 nos.
3522 4588 3614 4644 Sic

2017 4679 2164 4734 enim
2203 4681 2644 4750 sapientissimus
2665 4681 2972 4752 discipulus
2991 4681 3233 4737 Joannes
3266 4699 3278 4734 :
3313 4701 3331 4732 ι
3361 4681 3613 4736 Advoca-

1962 4828 1969 4834 ,
2011 4779 2150 4835 tum,
2179 4771 2276 4835 ait,
2333 4771 2604 4826 habemus
2648 4771 2794 4842 apud
2845 4773 3066 4827 Patrem
3109 4772 3298 4828 Jesum
3323 4771 3610 4828 Christum

2006 4862 2238 4932 justum.
2259 4862 2328 4916 Et
2353 4861 2471 4932 ipse
2494 4872 2578 4917 est
2600 4863 2924 4935 propitiatio
2963 4879 3065 4933 pro
3091 4863 3334 4933 peccatis
3365 4865 3607 4928 nostris;

2009 4969 2120 5010 non
2148 4970 2250 5024 pro
2275 4955 2480 5010 nostris
2499 4967 2685 5010 autem
2714 4964 2949 5020 tantum,
2978 4955 3074 5011 sed
3097 4956 3264 5010 etiam
3284 4970 3386 5025 pro
3435 4953 3632 5010 totius

2011 5048 2205 5103 mundi
2233 5049 2272 5102 ί.
2303 5068 2322 5101 ›
2359 5049 2531 5103 Recte
2581 5049 2765 5118 itaque
2806 5048 3011 5104 Judzeis
3053 5047 3220 5118 369
3246 5049 3364 5117 ipse
3411 5047 3552 5103 dixit
3592 5065 3606 5103 :

2023 5159 2042 5193 ι
2083 5139 2140 5196 Si
2167 5141 2469 5196 crederetis
2495 5141 2652 5205 Mosi,
2678 5141 2982 5196 crederetis
3019 5141 3214 5209 utique
3266 5146 3324 5194 et
3347 5139 3508 5203 mihi,
3541 5140 3614 5196 de

2018 5248 2104 5290 me
2128 5233 2276 5288 enim
2307 5233 2400 5289 ille
2426 5233 2651 5302 scripsit
2681 5235 2722 5287 ¹.
2753 5253 2770 5282 ι
2809 5233 2914 5288 Per
2940 5247 3104 5303 quem
3129 5240 3187 5288 et
3215 5248 3342 5288 cum
3363 5248 3475 5302 quo
3497 5233 3613 5288 Deo

2017 5341 2083 5381 ae
2109 5325 2258 5380 Patri
2291 5324 2464 5395 gloria
2491 5333 2656 5394 atque
2695 5324 2988 5395 imperium
3028 5341 3154 5381 cum
3178 5333 3369 5381 sancto
3400 5325 3612 5396 Spiritu

2021 5419 2077 5474 in
2104 5417 2304 5473 saecula
2329 5415 2678 5472 saeculorum.
2705 5416 2899 5472 Amen.

1746 5533 1764 5563 ‹
1803 5512 2168 5584 Παράκλητον
2234 5509 2432 5582 ἔχομεν
2476 5512 2615 5582 πρὸς
2670 5512 2762 5565 τὸν
2805 5512 3058 5583 Πατέρα,
3122 5513 3330 5583 Ἰησοῦν
3373 5509 3611 5581 Χριστὸν

302 5601 536 5658 δίκαιον.
568 5604 680 5656 Καὶ
704 5606 864 5670 αὐτὸς
894 5607 1123 5680 ἱλασμός
1149 5609 1296 5662 ἐστιν
1317 5608 1456 5678 ὑπὲρ
1483 5609 1592 5661 τῶν
1653 5603 1942 5676 ἁμαρτιῶν
1981 5602 2172 5675 ⁴ἡμῶν,
2212 5603 2274 5657 οὑ
2323 5605 2454 5674 περὶ
2492 5603 2602 5659 τῶν
2639 5606 2925 5677 ἡμετέρων
2990 5605 3047 5659 δὲ
3100 5606 3288 5676 μόνον,
3339 5602 3474 5656 ἀλλὰ
3517 5603 3610 5654 καὶ

380 5776 423 5809 ³⁷
454 5775 636 5832 Levit.
674 5794 784 5848 xxv,
821 5781 911 5850 51,
972 5782 1059 5838 52.
1141 5785 1186 5816 ⁸⁸
1225 5783 1426 5840 Ezech.
1457 5801 1637 5854 xxxvi,
1671 5787 1762 5842 24.
1839 5788 1885 5820 ’ν

2007 5803 2072 5842 m.
2100 5804 2153 5854 ν,
2179 5787 2268 5843 20.
2353 5790 2365 5820 ¹
2395 5787 2416 5843 l
2456 5788 2613 5845 Joan.
2662 5807 2722 5852 ιι,
2754 5790 2804 5854 1,
2844 5789 2896 5842 2.
2978 5790 2995 5820 ³
3031 5788 3186 5843 Joan.
3215 5769 3268 5853 ν,
3297 5783 3385 5839 66.
3487 5783 3490 5786 ’
