4120 6446
546 314 651 371 στι)
1546 310 1603 366 S.
1644 308 1919 366 CYRILLI
1959 306 2429 363 ALEXANDRINI
2467 306 2785 363 ARCHIEP.
3710 307 3812 361 580

546 432 676 502 περὶ
711 431 835 485 ὅλου
866 429 959 483 τοῦ
990 432 1221 499 κόσμου.
1266 446 1284 477 ι
1326 425 1520 488 Καλῶς
1563 420 1657 478 οὖν
1725 424 1836 493 ἄρα
1896 422 2032 492 πρὸς
2077 421 2360 482 Ἰουδαίους
2391 420 2658 489 ἔφασκενο
2695 439 2712 471 ι
2756 420 2818 472 Εἰ
2858 418 3171 472 ἐπιστεύετε
3240 420 3445 489 Moysi},
3497 418 3809 472 emanasse

544 526 610 578 ἂν
636 524 779 595 ὲμοί·
822 525 954 595 περὶ
983 524 1092 592 γὰρ
1120 520 1257 592 ἐμοῦ
1289 520 1495 582 ὲκεῖνος
1527 516 1751 587 ἔγραψε.
1797 535 1815 565 ι
1847 515 1925 567 Δι’
1957 508 2020 567 οῦ
2056 514 2148 569 καὶ
2190 512 2309 584 μεθ’
2339 508 2399 567 οῦ
2434 514 2513 583 τῷ
2540 511 2658 582 Θεῷ
2683 514 2776 565 καὶ
2811 512 2987 582 Πατρί
3019 513 3048 581 ἡ
3079 510 3207 575 δόξα
3243 512 3337 564 καὶ
3396 509 3458 564 τὸ
3479 512 3680 582 κράτος
3713 511 3810 565 σὺν

543 617 684 686 ἁγίῳ
722 614 996 684 Πνεύματι
1021 616 1100 675 εἰς
1133 614 1261 675 τοὺς
1287 610 1490 674 αἰῶνας
1518 609 1628 662 τῶν
1657 608 1891 663 αἰώνων.
1934 610 1988 662 ’Δ
2000 608 2129 678 μήν.

542 728 620 781 De
657 741 716 781 eo
765 725 902 795 quod
931 724 1115 777 Aaron
1148 738 1253 775 non
1298 737 1505 792 semper
1550 720 1880 792 ingrediatur
1928 718 2114 774 Sancta

2234 719 2375 786 Περί
2398 718 2507 773 τοῦ
2536 718 2622 788 μὴ
2650 718 3027 795 εἰσέρχῌεσθαι
3061 719 3170 795 τ’ρν
3208 715 3424 795 ᾏαρὼν
3449 714 3545 769 διὰ
3583 724 3812 784 παντὸς

1157 802 1485 847 sanctorum.

604 890 654 943 l.
676 887 1000 958 Unigenitus
1012 900 1137 939 cum
1153 892 1294 939 esset
1316 894 1509 954 suapte
1526 893 1727 939 natura
1748 884 1912 946 Deus,
1930 897 1999 936 ex
2014 881 2126 937 Deo

540 982 700 1036 Patre
712 987 896 1045 natus,
911 976 1133 1032 demisit
1149 977 1392 1045 seipsum
1407 976 1477 1030 ad
1496 976 1553 1030 id
1570 976 1716 1046 quod
1729 992 1832 1031 nos
1842 992 2054 1042 sumus,
2071 986 2126 1032 et

540 1074 595 1128 in
625 1081 771 1127 terra
800 1071 1058 1142 apparuit
1085 1069 1388 1124 secundum
1424 1069 1758 1139 Scripturas,
1788 1075 1955 1138 atque
1980 1071 2125 1123 inter

539 1163 794 1218 homines
819 1171 906 1217 est
928 1171 1200 1225 versatus,
1234 1160 1399 1230 idque
1427 1175 1537 1215 non
1561 1161 1791 1215 alterius
1810 1160 1890 1213 rei
1916 1174 2082 1214 causa
2103 1199 2118 1224 ,

538 1270 705 1325 quam
732 1262 793 1308 ut
810 1253 992 1319 nobis,
1017 1252 1164 1309 sicut
1185 1252 1405 1307 divinus
1426 1252 1632 1307 Paulus
1655 1253 1734 1306 ait
1754 1253 1797 1316 ⁸,
1813 1267 1873 1306 se
1903 1252 2121 1306 miseri-

540 1346 765 1401 cordem
791 1352 1098 1415 praestaret,
1122 1343 1413 1400 etﬁdelem
1440 1343 1780 1398 sacerdotem
1800 1343 1869 1397 ad
1896 1351 2121 1413 peccata

537 1445 729 1493 nostra
740 1435 884 1505 apud
902 1436 1075 1490 Deum
1088 1434 1378 1503 expianda.
1397 1432 1508 1488 Lex
1525 1433 1671 1488 enim
1689 1448 1810 1503 qua:
1825 1448 1921 1503 per
1935 1433 2120 1487 Mosen

536 1536 622 1583 est
640 1528 837 1598 priscis
859 1526 985 1581 data
1015 1525 1384 1580 mediantibus
1413 1524 1640 1594 angelis,
1660 1524 1912 1578 homines
1936 1523 2119 1579 effecit

538 1618 870 1681 sacerdotes,
889 1616 983 1686 qui
996 1617 1273 1670 communi
1293 1624 1502 1669 natura:
1518 1614 2114 1680 inﬁrmitatelaborant,

536 1709 678 1764 etob
697 1709 803 1762 hoc
815 1707 1021 1763 debent
1038 1747 1053 1771 ,
1077 1707 1221 1762 sicut.
1234 1722 1336 1776 pro
1360 1705 1568 1776 populi,
1600 1706 1676 1760 ita
1709 1722 1809 1775 pro
1830 1706 1946 1761 suis
1968 1707 2116 1776 ipso-

535 1815 658 1854 rum
682 1799 1009 1870 ignorantiis
1025 1798 1225 1853 oﬂ‘erre
1246 1798 1378 1852 Deo.
1400 1797 1472 1851 At
1503 1798 1731 1852 verbum
1755 1798 2116 1868 jurisjurandi

532 1893 680 1964 quod
712 1893 1044 1963 patefactum
1061 1900 1145 1947 est
1168 1901 1321 1946 extra
1336 1892 1532 1961 legem,
1562 1908 1580 1941 ι
1610 1890 1809 1944 Filium
1828 1892 2118 1946 constituit

532 1986 588 2041 in
625 1994 892 2042 aeternum
908 1984 1234 2055 perfectum,
1258 1983 1356 2053 qui
1379 1991 1436 2038 et
1459 1982 1680 2053 penitus
1694 1998 1913 2038 servare
1936 1992 2116 2054 potest

532 2091 631 2132 eos
658 2076 753 2146 qui
782 2075 1058 2131 accedunt
1077 2076 1190 2130 Deo
1206 2089 1305 2145 per
1336 2074 1536 2144 ipsum,
1566 2082 1758 2143 utpote
1787 2073 1883 2144 qui
1901 2089 2122 2144 semper

2620 792 2708 852 εἰς
2741 790 2813 842 τὰ
2846 791 3018 858 ’Ἅγια
3045 786 3163 841 τῶν
3194 788 3396 857 ἁγίων.

2302 886 2369 934 α’.
2392 879 2522 943 Θεὸς
2545 878 2621 933 ὢν
2643 881 2801 949 φύσει
2832 883 2926 933 καὶ
2954 883 3015 935 ὲκ
3043 879 3177 933 Θεοῦ
3209 879 3421 949 Πατρδς
3452 880 3480 932 ὁ
3503 878 3811 949 Μονογενὴς

2232 971 2471 1041 καθῆκεν
2496 972 2684 1025 ἑαυτὸν
2711 974 2767 1025 ὲν
2799 975 2911 1035 τοῖς
2936 973 3057 1025 καθ’
3077 971 3242 1041 ἡμᾶς.
3268 970 3363 1022 καὶ
3392 971 3481 1021 ἐπὶ
3504 970 3607 1040 γῆς
3626 969 3808 1041 ὤφθη,

2231 1062 2372 1116 κατὰ
2408 1063 2468 1115 τὸ
2506 1064 2926 1135 γεγραμμένον,
2981 1063 3073 1116 καὶ
3112 1064 3225 1125 τοῖς
3272 1060 3581 1132 ἀνθρώποις
3620 1077 3813 1113 συνανο

2229 1155 2496 1225 εστράφη,
2522 1154 2616 1209 καὶ
2637 1156 2735 1224 οὐχ
2757 1155 2942 1226 ἑτέρου
2963 1171 3054 1206 του
3083 1155 3259 1223 χάριν,
3281 1152 3314 1221 ἢ
3340 1153 3448 1217 ἵνα,
3472 1150 3614 1205 καθά
3646 1168 3812 1222 φησιν

2226 1248 2256 1300 ὁ
2296 1245 2583 1309 θεσπέσιος
2617 1245 2860 1309 Παῦλος,
2902 1246 3146 1316 ἐλεήμων
3191 1243 3437 1315 γένηται,
3477 1243 3575 1296 καί⁵
3618 1244 3813 1306 πιστὸς

2227 1338 2522 1409 ἀρχιερεὺς
2548 1338 2613 1392 τὰ
2640 1338 2776 1408 πρὸς
2801 1338 2955 1403 Θεὸν,
2974 1339 3054 1400 εἰς
3069 1336 3131 1389 τὸ
3154 1334 3471 1390 ἱλάσκεσθαι
3496 1338 3613 1397 ταῖς
3638 1336 3812 1404 ἁμαρ-

2224 1431 2370 1493 τίαις
2404 1428 2501 1483 τοῦ
2547 1430 2699 1485 λαοῦ.
2748 1431 2931 1502 Νόμος
2975 1432 3074 1501 μὲν
3109 1429 3221 1499 γὰρ
3263 1426 3354 1482 διὰ
3405 1428 3650 1490 Μωσέως
3694 1432 3810 1493 τοῖς

2226 1527 2394 1581 πὰλαι
2435 1525 2862 1595 τεθεσπισμένος
2909 1522 3353 1593 μεσολαϐούντων
3390 1526 3667 1594 ἀγγέλων,
3708 1526 3810 1577 ἁν-

2225 1617 2475 1689 θρώπους
2519 1616 2809 1686 καθίστησι
2845 1615 2972 1678 τοὺς
2998 1615 3203 1685 ίερέας,
3243 1616 3341 1687 τὴν
3372 1616 3555 1686 κοινὴν
3585 1615 3685 1685 τῆς
3714 1614 3811 1683 φύ-

2225 1727 2362 1773 σεως
2388 1708 2675 1771 νοσοῦντας
2700 1706 2981 1760 ἀσθένειαν
2998 1749 3015 1770 ,
3042 1708 3137 1760 καὶ
3163 1708 3229 1760 δι’
3258 1708 3425 1779 αὐτὴν
3459 1707 3765 1777 ὀφείλοντας
3786 1746 3805 1771 ,

2223 1801 2477 1872 καθάπερ
2522 1801 2661 1869 ὑπὲρ
2702 1798 2809 1852 τῶν
2851 1798 2945 1851 τοῦ
2979 1798 3150 1862 λαοῦ,
3204 1799 3346 1853 οὕτω
3388 1801 3480 1853 καὶ
3519 1799 3657 1869 ὑπὲρ
3695 1799 3807 1850 τῶν

2226 1893 2371 1946 ἰδίων
2405 1891 2795 1961 ἀγνοημάτων,
2831 1888 3022 1943 Θυσίαν
3074 1890 3422 1960 προσφέρειν.
3465 1890 3525 1943 '0
3563 1890 3619 1943 δὲ
3649 1888 3806 1956 λόγος

2220 1984 2320 2053 τῆς
2343 1983 2669 2053 ὁρκομοσίας
2692 1982 2792 2052 τῆς
2826 1982 2964 2052 μετὰ
2989 1980 3173 2050 νόμον,
3211 2000 3229 2031 ι
3265 1980 3391 2033 Υἱὶν
3419 1982 3498 2044 εἰς
3522 1981 3613 2033 τὸν
3635 1980 3806 2034 αἰῶνα

2152 2056 2196 2111 Β
2226 2074 2641 2145 τετελειωμένον
2661 2091 2674 2105 ·
2698 2074 2820 2127 ὅθεν
2842 2076 2937 2127 καὶ
2966 2072 3157 2137 σώζειν
3182 2074 3260 2136 εἰς
3285 2072 3346 2126 τὸ
3376 2072 3633 2136 παντελὲς
3656 2071 3810 2125 δύνα-

532 2168 669 2223 vivit
685 2168 752 2222 ad
775 2165 1227 2222 intercedendum
1248 2180 1349 2235 pro
1371 2165 1480 2219 illis
1496 2164 1535 2218 ".
1558 2183 1576 2215 ι
1600 2164 1787 2234 Neque
1808 2178 1939 2218 vero
1964 2162 2114 2219 Chri-

2226 2183 2315 2220 ται
2339 2167 2463 2230 τοὺς
2492 2165 2959 2237 προσερχομένους
2989 2164 3055 2217 δι’
3087 2163 3250 2217 αὑτοῦ
3280 2163 3357 2235 τῷ
3383 2163 3503 2233 Θεῷ
3522 2203 3536 2228 ,
3573 2164 3806 2217 πάντοτε

531 2268 653 2313 stus
673 2273 843 2327 prose
868 2256 1190 2311 intercedet.
1220 2256 1289 2309 Et
1342 2256 1481 2309 ratio
1515 2254 1740 2324 quidem
1783 2254 1841 2308 in
1867 2261 2123 2323 promptu

530 2359 615 2404 est
641 2366 655 2401 :
677 2349 803 2417 quia
831 2363 939 2401 non
958 2347 1087 2401 fecit
1117 2354 1444 2416 peccatum:
1479 2353 1536 2398 at
1578 2344 1763 2414 potius
1805 2359 1902 2411 pro
1938 2344 2118 2399 nobis.

530 2443 708 2511 Atque
753 2441 858 2495 hoc
904 2439 1133 2509 pulchre
1175 2438 1469 2493 admodum
1496 2437 1656 2492 nobis
1709 2436 1951 2491 declarat
1983 2437 2123 2492 Pau-

530 2536 618 2591 lus
657 2535 907 2591 scribens
932 2536 1001 2589 de
1028 2550 1096 2589 eo
1119 2574 1134 2598 ,
1174 2553 1191 2585 ι
1223 2533 1395 2599 Quem
1430 2532 1719 2603 proposuit
1759 2532 1908 2588 Deus
1934 2533 2122 2603 prepi-

533 2626 785 2681 tiatorem
822 2641 920 2695 per
953 2624 1116 2679 ﬁdem
1146 2625 1204 2678 in
1238 2624 1508 2694 sanguine
1546 2623 1724 2693 ipsius
1742 2623 1784 2677 ⁸.
1825 2643 1844 2675 ›
1874 2623 2117 2694 Ideoque

529 2726 588 2773 et
618 2718 673 2771 in
712 2717 912 2771 Sancta
948 2724 1267 2771 sanctorum
1295 2732 1423 2770 eum
1446 2715 1525 2770 ait
1561 2715 1873 2786 ingressum
1904 2716 2074 2771 semel
2099 2755 2113 2781 ,

532 2809 627 2879 qui
664 2816 927 2864 aeternam
969 2807 1408 2878 redemptionem
1427 2807 1661 2872 invenit,
1692 2822 1909 2877 unaque
1936 2806 2117 2861 hostia

532 2900 780 2971 perfecit,
804 2909 861 2956 et
883 2899 1108 2969 quidem
1131 2900 1188 2954 in
1218 2908 1776 2970 perpetuum,omnes
1799 2898 1893 2969 qui
1914 2898 2117 2953 sancti-

532 2994 783 3048 ﬁcantnr.
835 2991 992 3049 Unde
1030 2999 1088 3047 et
1128 3007 1230 3047 nos
1273 2991 1469 3047 salvati
1508 3007 1698 3046 sumus
1730 2992 1852 3060 ipso
1889 3000 2113 3061 peccata

532 3094 715 3139 nostra
744 3084 988 3147 tollente,
1020 3091 1077 3137 et
1103 3097 1202 3152 pro
1232 3081 1394 3136 nobis
1426 3081 1731 3137 cruciatum
1774 3081 2108 3135 sustinente.

534 3173 725 3229 Posuit
751 3172 900 3227 enim
932 3171 1171 3227 animam
1212 3186 1367 3226 suam
1400 3172 1590 3227 volens
1616 3186 1716 3241 pro
1751 3170 1932 3235 nobis,
1970 3179 2110 3224 tam-

530 3264 692 3320 metsi
719 3263 921 3318 iterum
945 3263 1244 3317 suscitatus
1280 3262 1371 3317 sit.
1406 3263 1552 3317 Deus
1584 3262 1733 3317 enim
1761 3270 1883 3315 erat
1915 3269 2110 3330 suapte

2224 2256 2332 2321 ζῶν
2372 2260 2450 2319 εἰς
2482 2256 2541 2310 τὸ
2566 2257 2911 2326 ἐντυγχάνειν
2941 2255 3081 2328 ὑπὲρ
3114 2254 3314 2309 αύτῶν.
3370 2275 3389 2305 ι
3436 2252 3805 2318 Ἐξιλάσσεται

2223 2348 2278 2402 δὲ
2307 2351 2335 2402 ὁ
2362 2348 2615 2420 Χριστὸς,
2643 2349 2842 2417 ἥκιστα
2874 2348 2968 2417 μὲν
2999 2348 3140 2419 ὑπὲρ
3165 2347 3380 2406 ἑαυτοῦ.
3416 2347 3521 2399 Kal
3548 2345 3749 2417 ἀληθὴς
3777 2348 3808 2400 ὁ

2222 2440 2410 2511 λόγος·
2448 2441 2521 2494 Οὐ
2568 2441 2679 2510 γὰρ
2723 2439 2978 2510 ἐποίησεν
3026 2439 3335 2509 ἁμαρτίαν’
3371 2438 3510 2509 ὑπὲρ
3552 2437 3707 2509 ἡμῶν
3747 2436 3805 2490 δὲ

2225 2534 2443 2604 μᾶλλον.
2479 2534 2589 2586 Καὶ
2616 2532 2774 2587 τοῦτο
2802 2535 2936 2603 ἡμῖν
2963 2526 3022 2585 εὖ
3053 2530 3196 2601 μάλα
3225 2532 3479 2601 σαφτινιεῖ
3508 2528 3805 2602 γεγραφὼς

2219 2627 2247 2677 ὀ
2274 2624 2559 2687 θεσπέσιος
2581 2622 2793 2686 Παῦλος
2819 2622 2948 2693 περὶ
2985 2621 3172 2674 αὐτοῦ’
3203 2622 3299 2672 Ὃν
3332 2617 3588 2690 προέθετο
3613 2620 3641 2671 ὁ
3671 2617 3803 2682 Θεὸς

2222 2717 2533 2787 ἱλαστήριον
2558 2716 2649 2769 διὰ
2682 2717 2918 2777 πίστεως
2958 2715 3017 2766 ὲν
3057 2712 3134 2783 τῷ
3157 2712 3322 2765 αὐτοῦ
3352 2712 3565 2783 αἵματι.
3605 2730 3626 2764 ι
3654 2709 3803 2764 Ταύ-

2216 2824 2370 2879 τῃτοι
2401 2807 2495 2860 καὶ
2516 2806 2898 2877 εἰσϐεϐηκέναι
2930 2805 3093 2877 φησὶν
3118 2803 3280 2857 αὐτὸν
3302 2806 3381 2867 εἰς
3403 2804 3470 2856 τὰ
3499 2804 3666 2870 ’Ἅγια
3691 2802 3805 2855 τῶν

2218 2896 2387 2966 ἁγίων
2428 2897 2594 2962 ἅπαξ,
2643 2898 2736 2952 καὶ
2774 2897 3001 2952 αἰωνίαν
3032 2895 3304 2967 λύτρωσιν
3334 2895 3669 2967 εύράμενον,
3706 2898 3804 2948 καὶ

2219 2992 2318 3061 μιᾷ
2348 2992 2636 3062 προσφορᾷ
2664 2990 3072 3054 τετελειωκότα,
3106 2990 3196 3043 καὶ
3224 2988 3384 3041 τοῦτο
3410 2989 3491 3051 εἰς
3518 2988 3579 3041 τὸ
3621 2988 3802 3057 διηνε-

2218 3083 2314 3148 κὲς
2342 3086 2469 3149 τοὺς
2494 3084 2910 3155 ἁγιαζομένους.
2949 3084 3061 3137 Καὶ
3095 3081 3418 3154 σεσώσμεθα
3460 3081 3558 3152 μὲν
3602 3083 3762 3151 ⁴ἡμεῖς
3783 3098 3799 3113 ο

2213 3176 2373 3239 αὐτὸς
2401 3175 2458 3230 δὲ
2482 3176 2582 3241 τὰς
2624 3178 2899 3248 ἁμαρτίας
2929 3176 3086 3248 ἡμῶν
3118 3175 3261 3247 αἴρει
3282 3215 3297 3241 ,
3347 3174 3440 3227 καὶ
3478 3172 3605 3243 περί
3640 3171 3799 3243 ἡμῶν

2212 3268 2482 3323 ὁδννᾶται.
2524 3269 2751 3323 Τέθεικε
2790 3269 2899 3340 γὰρ
2949 3269 3048 3339 τὴν
3103 3267 3239 3323 ἰδίαν
3288 3266 3468 3339 ψυχὴν
3514 3263 3801 3338 ἐθελοντὴς

530 3365 746 3420 natura,
770 3362 963 3424 estque
1007 3355 1062 3407 in
1087 3353 1242 3409 oculis
1268 3353 1338 3408 ad
1368 3352 1654 3408 dexteram
1685 3352 1864 3407 Patris
1906 3371 1924 3403 ι
1961 3367 2108 3407 sem-

2219 3360 2358 3432 ὑπὲρ
2390 3360 2577 3431 ἡμῶν·
2615 3360 2756 3431 πλὴν
2794 3359 3014 3415 ἀνεϐίω.
3052 3359 3184 3423 Θεὸς
3224 3360 3336 3430 γὰρ
3374 3355 3442 3429 ἦν
3472 3359 3668 3428 φύσει,
3705 3358 3802 3412 καὶ

529 3461 629 3516 per
650 3445 844 3499 vivens
883 3450 948 3498 ut
1000 3443 1308 3499 intercedat
1359 3459 1459 3512 pro
1505 3443 1731 3508 sanctis,
1762 3461 1779 3494 ι
1824 3451 1887 3497 ut
1942 3443 2108 3512 paulo

529 3544 657 3592 ante
704 3535 966 3591 diximus.
1017 3536 1191 3591 Porro
1224 3535 1341 3590 haec
1369 3550 1402 3589 a
1452 3549 1539 3588 me
1591 3549 1814 3588 rursum
1847 3542 2109 3603 tanquam

528 3646 598 3685 ex
644 3630 804 3701 legali
845 3629 991 3685 dicta
1014 3637 1144 3684 sunt
1169 3628 1387 3694 umbra,
1414 3642 1581 3697 quam
1615 3634 1671 3682 et
1711 3643 1821 3697 quo
1844 3637 2004 3698 pacto
2049 3643 2109 3684 se

529 3720 763 3785 habeat,
794 3720 1101 3776 luculenter
1128 3734 1417 3789 exponam.
1458 3717 1737 3787 Scriptum
1768 3726 1853 3772 est
1874 3719 2022 3772 enim
2049 3719 2109 3773 in

529 3811 778 3868 Levitico
818 3831 833 3867 :
865 3831 884 3864 ι
914 3812 982 3867 Et
1012 3812 1153 3866 dixit
1196 3810 1462 3865 Dominus
1479 3809 1548 3863 ad
1591 3809 1776 3864 Mosen
1810 3828 1824 3863 :
1856 3810 2109 3880 Loquere

526 3907 732 3964 Aaroni
755 3905 912 3961 fratri
943 3915 1060 3970 tuo,
1090 3921 1204 3960 non
1224 3903 1567 3974 ingrediatur
1596 3903 1748 3958 omni
1775 3912 2021 3974 tempore
2052 3904 2108 3960 in

542 3998 915 4053 sanctuarium
936 3997 1081 4052 intra
1096 3996 1282 4051 velum
1307 4010 1492 4050 coram
1511 3995 1675 4066 37o
1692 3996 2104 4066 propitiatorio,

527 4084 674 4155 quod
702 4094 789 4140 est
815 4084 872 4139 in
916 4100 1040 4139 arca
1070 4083 1402 4149 testimonii,
1435 4099 1504 4138 ne
1538 4084 1680 4139 forte
1718 4085 2010 4141 moriatur.
2046 4086 2106 4140 In

525 4178 672 4233 nube
705 4177 856 4232 enim
887 4176 1163 4245 apparebo
1198 4177 1253 4230 in
1295 4176 1768 4246 propitiatorio'.»
1807 4176 2110 4249 Oportebat

525 4271 697 4335 enim,
720 4268 1012 4339 oportebat
1041 4268 1262 4339 inquam
1285 4309 1299 4333 ,
1352 4270 1626 4325 Aaronem
1658 4279 1921 4341 praestare
1973 4271 2110 4327 ima-

524 4362 707 4433 ginem
727 4368 785 4416 et
814 4368 1003 4432 typum
1035 4361 1330 4416 sacerdotii
1362 4358 1605 4428 Christi,
1643 4372 1811 4433 atque
1842 4363 1969 4419 ideo
1996 4379 2108 4418 non

524 4454 676 4509 omni
716 4453 882 4518 hora,
938 4453 996 4507 id
1030 4459 1116 4509 est
1162 4464 1426 4525 tempore,
1455 4456 1513 4510 in
1556 4455 1757 4512 Sancta
1790 4462 2107 4511 sanctorum

525 4543 759 4600 introire
781 4544 1226 4615 permittebatur,
1250 4545 1318 4600 ad
1334 4546 1780 4601 sanctiﬁcandam
1803 4547 1968 4617 hujus
1988 4564 2107 4620 my-

525 4637 681 4692 sterii
711 4638 1054 4709 dignitatem.
1092 4636 1351 4692 Christus
1383 4638 1533 4691 enim
1579 4638 1748 4691 semel
1787 4639 2067 4710 ingressus
2089 4681 2104 4705 ,

2215 3450 2363 3505 ἔστιν
2386 3454 2443 3506 ὲν
2474 3452 2722 3522 οὐρανοῖς
2742 3453 2800 3504 ἐν
2818 3452 2967 3523 δεξιᾷ
2992 3450 3087 3505 τοῦ
3110 3452 3342 3523 Πατρὸς,
3379 3471 3398 3503 ‹
3436 3452 3666 3506 πάντοτε
3693 3448 3803 3513 ζῶν

2214 3543 2295 3606 εἰς
2333 3542 2394 3596 τὸ
2418 3542 2764 3613 ἐντυγχάνειν
2796 3542 2936 3614 ὑπὲρ
2970 3544 3174 3613 ἁγίων,
3220 3560 3237 3593 ι
3279 3542 3528 3611 καθάπερ
3575 3540 3804 3609 ἔναγχος

2214 3633 2371 3705 ἔφην.
2405 3635 2515 3688 Kal
2562 3634 2721 3688 ταυτί
2757 3653 2847 3705 μοι
2892 3634 3054 3688 πάλιν
3095 3636 3170 3697 ὡς
3209 3635 3274 3688 ἐκ
3325 3633 3555 3704 νομικῆς
3586 3633 3803 3703 εἴρηται

2215 3726 2399 3792 σκιᾶς,
2429 3726 2495 3797 ἣν
2531 3726 2626 3778 καὶ
2655 3725 2803 3788 ὅπως
2833 3726 2899 3779 ἂν
2926 3725 3040 3796 ἔχοι
3075 3724 3263 3794 σαφῶς
3294 3726 3672 3795 ἀφηγήσομαι.
3704 3721 3803 3774 Γέ-

2213 3834 2460 3887 γραπται
2490 3816 2667 3870 τοίνυν
2703 3818 2763 3871 ὲν
2801 3816 2882 3888 τῷ
2927 3816 3216 3887 Λευῖτικῷ*
3254 3835 3273 3868 ι
3308 3817 3417 3869 Καὶ
3444 3811 3565 3868 εἷπε
3598 3813 3803 3884 Κύριος

2215 3908 2352 3980 πρὸς
2376 3908 2604 3978 Μωσῆψ
2630 3907 2878 3979 Δὰλησον
2909 3908 3046 3979 πρὸς
3079 3906 3292 3979 Ἀαρὼν
3310 3909 3407 3961 τὸν
3424 3907 3651 3976 ἀδελφόν
3678 3922 3797 3968 σου,

2218 3998 2291 4069 μὴ
2309 3996 2711 4068 εἰσπορευέσθω
2735 4000 2917 4053 πᾶσαν
2938 3998 3091 4069 ὤραν
3118 3999 3225 4051 τῶν
3253 3998 3427 4066 ἁγίων
3448 3997 3510 4051 τὸ
3531 3997 3801 4069 ἐσώτερον

2212 4090 2306 4144 τοῦ
2335 4092 2859 4161 καταπετάσματος,
2891 4094 2972 4155 εἰς
3005 4091 3299 4162 πρόσωπον
3321 4089 3415 4144 τοῦ
3443 4091 3630 4160 ἰλαστη
3640 4091 3755 4162 ρίου
3780 4128 3800 4155 ,

2213 4188 2241 4241 ὃ
2269 4189 2415 4240 ἐστιν
2458 4185 2550 4238 ἐπὶ
2594 4184 2694 4254 τῆς
2744 4181 2980 4237 κιϐωτοῦ
3029 4181 3125 4235 τοῦ
3176 4183 3512 4256 μαρτυρίου,
3561 4184 3653 4237 καὶ
3698 4182 3802 4239 οὐκ

2214 4277 2589 4333 ἀποθανεῖται.
2654 4275 2743 4328 Ἑν
2789 4274 2900 4345 γὰρ
2945 4274 3146 4345 νεφέλῃ
3200 4273 3509 4345 ὀφθήσομαι
3560 4273 3654 4326 ἐπὶ
3702 4271 3799 4326 τοῦ

2216 4366 2553 4442 ἱλαστηρίου.
2596 4388 2615 4421 ι
2655 4368 2801 4421 Ἔδει
2830 4367 2962 4439 γὰρ,
2996 4365 3105 4421 ἔδει
3129 4367 3219 4421 τὸν
3256 4366 3469 4437 ⁹Διιρὼν
3494 4367 3681 4422 εἰκόνα
3707 4369 3801 4423 καὶ

2212 4463 2382 4517 τύπον
2412 4459 2762 4531 ἀποπληροῦν
2798 4457 3139 4529 τεταγμένην
3179 4458 3280 4528 τῆς
3316 4459 3617 4530 ἱερωσύνης
3658 4459 3797 4529 Χρι-

2217 4554 2342 4608 στοῦ
2373 4552 2447 4625 μὴ
2475 4552 2618 4606 κατὰ
2655 4553 2836 4605 πᾶσαν
2868 4549 3048 4622 ὥραν,
3091 4552 3258 4622 ἠγουν
3291 4551 3352 4605 ὲν
3385 4552 3549 4604 παντί
3595 4550 3797 4622 καιρῷ,

2212 4647 2312 4718 τὴν
2334 4648 2416 4710 εἰς
2459 4644 2531 4698 τὰ
2577 4645 2746 4713 Ἀγια
2771 4642 2881 4696 τῶν
2913 4642 3084 4710 ἁγίων
3122 4643 3442 4713 ποιούμενον
3482 4643 3796 4714 εἰσδρομὴν,

522 4737 810 4793 sternam,
843 4736 906 4782 ut
928 4728 1289 4797 dixi,reperit
1329 4728 1780 4798 redemptionem.
1815 4730 2108 4786 Peccatum

2216 4738 2373 4791 οἱονεὶ
2398 4733 2809 4807 παρασημαίνει
2834 4734 2929 4788 τοῦ
2956 4735 3258 4806 μυστηρίου
3284 4735 3346 4789 τὸ
3365 4734 3579 4798 κάλλος.
3615 4732 3801 4798 Ἀπαξ

525 4820 690 4891 igitur
716 4829 804 4876 est
832 4820 890 4874 in
928 4820 1099 4889 ipsam
1124 4820 1437 4886 veritatem,
1488 4835 1587 4890 per
1622 4836 1687 4877 ea
1721 4838 1844 4892 quae
1875 4823 1930 4876 in
1962 4824 2106 4895 typis

2216 4829 2322 4899 γὰρ
2352 4827 2674 4897 εἰσὸἐδηκεν
2723 4827 2753 4878 ὁ
2802 4826 3060 4897 Χριστὸς,
3108 4827 3332 4881 αἰωνίαν
3371 4826 3677 4898 λύτρωσιν,
3721 4823 3800 4889 ὡς

525 4921 674 4978 sunt,
701 4913 748 4967 si
786 4912 988 4982 saepius
1033 4927 1198 4982 quam
1244 4914 1527 4967 annuatim
1549 4921 1606 4968 et
1634 4914 1802 4969 semel
1830 4914 1884 4968 in
1906 4914 2105 4971 Sancta

2216 4920 2367 4989 ἔφην,
2401 4917 2722 4989 εὑράμενος.
2762 4916 3152 4989 Πλημμέλημα
3181 4919 3359 4972 τοίνυν
3391 4920 3470 4981 εἰς
3499 4918 3669 4988 αὐτὴν
3698 4916 3803 4986 τὴν

526 5011 841 5059 sanctorum
881 5003 1120 5059 introeat
1150 5002 1332 5058 Aaron
1355 5044 1369 5066 ,
1405 5004 1501 5059 sed
1550 5018 1769 5076 semper
1798 5017 1857 5061 et
1884 5008 2106 5077 quando

2216 5005 2470 5076 ἀλήθειαν
2512 5008 2601 5063 διὰ
2645 5009 2754 5063 τῶν
2798 5012 2856 5064 ἐν
2903 5010 3115 5074 τύποις,
3165 5011 3226 5064 τὸ
3276 5011 3349 5082 μὴ
3384 5011 3504 5065 κατ’
3553 5011 3672 5075 ἔτος
3705 5013 3801 5064 καὶ

525 5107 919 5168 opportunum.
946 5096 1156 5153 Idcirco
1199 5097 1457 5167 praecepit
1503 5097 1555 5151 ei
1592 5097 1738 5153 Deus
1799 5098 1948 5153 hunc
2007 5114 2103 5154 ac-

2216 5103 2362 5167 ἁπαξ
2388 5104 2467 5166 εἰς
2489 5102 2559 5155 τὰ
2587 5103 2755 5170 ’Δγια
2782 5103 2890 5156 τῶν
2920 5103 3092 5172 ἁγίων
3112 5103 3409 5157 εἰσελαύνει
3431 5103 3520 5156 τὸν
3560 5102 3798 5173 ’Λαρὼν,

528 5199 645 5243 tum
700 5188 1030 5243 servandum
1055 5229 1069 5252 ,
1107 5203 1177 5243 ne
1220 5187 1362 5242 forte
1394 5187 1682 5243 moriatur.
1732 5188 1852 5243 Jam
1879 5204 2011 5245 vero
2058 5189 2104 5245 si

2216 5194 2346 5248 ἀλλὰ
2373 5193 2516 5248 κατὰ
2550 5196 2733 5248 πᾶσαν
2755 5194 2926 5266 ὤραν,
2957 5197 3158 5260 καί’ὠς
3189 5196 3247 5250 ὲν
3277 5196 3438 5250 παντί
3470 5197 3667 5268 καιρῷ.
3698 5198 3800 5249 Διὰ

526 5277 778 5346 capitalis
798 5292 960 5347 ptena
989 5279 1289 5333 constituta
1332 5287 1418 5334 est
1445 5278 1502 5333 in
1540 5294 1668 5334 eum
1702 5281 1797 5349 qui
1831 5288 2109 5352 transgre-

526 5369 678 5423 ditur
697 5368 969 5431 umbram,
997 5376 1053 5422 et
1082 5369 1332 5441 impingit
1357 5372 1412 5425 in
1438 5381 1624 5443 typum
1651 5374 1918 5437 veritatis,
1944 5374 2107 5443 quale

527 5460 749 5515 demum
796 5462 1125 5531 supplicium
1164 5463 1408 5518 manebit
1454 5478 1550 5521 eos
1605 5465 1700 5535 qui
1754 5476 1986 5536 peccant
2048 5467 2103 5520 in

528 5549 700 5619 ipsam
741 5552 1047 5619 veritatem,
1081 5554 1185 5609 hoc
1222 5563 1327 5616 est,
1358 5554 1410 5607 in
1436 5554 1757 5610 Christum?
1783 5557 1941 5624 Quod
1972 5558 2104 5627 qni-

596 5726 617 5759 ⁸
649 5726 813 5784 llcbr.
839 5744 896 5797 ιι,
938 5728 1018 5782 Π.
1099 5730 1119 5760 ’⁵
1176 5729 1340 5784 llebr.
1395 5746 1486 5795 vn,
1532 5732 1620 5785 25.
1698 5735 1717 5764 ⁵
1752 5735 1908 5791 Rom.
1943 5753 2019 5805 tn,
2056 5738 2142 5791 ‘23.

2205 5285 2363 5342 τοῦτο
2396 5284 2595 5356 χρῆναι
2626 5289 2814 5359 τηρεῖν
2860 5289 3251 5360 προστέταχεν,
3292 5290 3377 5342 ἴνα
3419 5288 3494 5359 μὴ
3524 5288 3794 5361 ἀποθάνῃ.

2207 5377 2269 5430 Εἰ
2300 5376 2356 5430 δὲ
2387 5376 2616 5441 θάνατος
2644 5373 2712 5449 ἦν
2740 5381 2773 5450 ἠ
2800 5378 2926 5450 δίκη
2971 5380 3050 5451 τῷ
3083 5381 3412 5453 παραλύοντι
3461 5379 3560 5451 τὴν
3613 5379 3794 5443 σκιὰν,

2207 5470 2300 5521 καὶ
2329 5470 2406 5533 εἰς
2434 5470 2526 5524 τὸν
2556 5470 2658 5539 τῆς
2699 5471 2958 5543 ἀληθείας
2991 5473 3429 5543 ὲμπαροινοῦντα
3478 5473 3676 5535 τύπον,
3709 5472 3798 5536 τίς

2207 5559 2357 5614 ἔσται
2396 5561 2583 5613 λοιπὸν
2626 5564 2659 5630 ἡ
2694 5562 3012 5635 ἐπιτίμησις
3057 5567 3170 5629 τοῖς
3200 5568 3279 5630 εἰς
3329 5566 3501 5637 αὐτὴν
3536 5565 3797 5636 πλημμε-

2224 5738 2243 5767 θ
2275 5737 2451 5792 Lavit.
2491 5754 2600 5805 xw,
2625 5739 2680 5792 2.
