4120 6442
301 303 397 356 531

1203 303 1728 363 GLAPHYRORUM
1770 310 1837 364 IN
1879 311 2255 369 LEVITICUM
2298 275 2550 396 LIBERI.

3491 329 3596 384 582

297 415 448 466 laici
482 414 583 484 τὴν
623 413 884 484 ἀλήθειαν
912 455 924 476 ,
957 413 1202 467 τουτέστι
1245 417 1515 487 Χριστόν;
1572 421 1636 473 "0
1683 423 1748 491 δὴ
1800 440 1895 475 πε-

2005 425 2130 482 dem
2156 436 2309 484 certe
2343 430 2596 486 fecerunt
2627 433 2822 500 Judasi,
2851 436 2944 505 qui
2971 452 3080 491 non
3119 439 3592 508 recipiuntﬁdem:

294 507 571 580 πράχασιν
611 506 854 560 Ἰουδαῖοι
879 507 976 576 τὴν
1005 508 1083 571 είς
1107 508 1269 561 αὐτὸν
1293 511 1474 564 πίστιν
1503 513 1564 565 ού
1599 514 1890 584 προσιέμε-

294 615 404 664 νοι,
438 599 525 650 καὶ
581 599 723 652 κατὰ
759 599 986 669 μυρίους
1023 599 1180 662 ὅσους
1227 601 1588 671 ἀτιμάζοντες
1620 605 1890 674 τρόπους,

294 692 389 744 καί
433 709 514 744 τοι
545 691 775 758 λέγοντα
809 693 1029 760 σαφῶς·
1071 711 1086 743 ι
1141 692 1282 761 Ἐγώ
1314 695 1429 764 εἰμι
1476 697 1510 767 ἡ
1563 696 1827 767 ἀλήθεια,
1869 719 1886 750 ι

293 781 539 835 τουτέστι
593 781 701 832 τῶν
728 783 784 834 ἐν
814 782 964 852 νόμῳ
996 781 1182 836 τύπων
1208 786 1238 852 ἡ
1268 783 1568 855 πλήρωσις.
1600 785 1763 850 Τέλος
1785 788 1892 858 γάρ

296 873 462 944 νόμου
494 873 590 926 ναὶ
622 873 918 945 προφητῶν
957 875 983 925 ὁ
1028 875 1282 945 Χριστός.
1327 877 1534 947 Γράφει
1566 879 1674 950 γάρ
1721 879 1891 950 οὕτως

300 968 430 1037 ἡμῖν
463 967 490 1018 ὁ
520 966 838 1036 νομομαθὴς
873 969 968 1020 καὶ
1010 967 1304 1038 ἱερώτατος
1354 969 1585 1035 Παῦλος.
1636 971 1894 1042 Εἴργεται

305 1059 476 1112 τοίνυν
519 1061 546 1111 ὁ
607 1059 844 1130 Ἀαρὼν,
877 1059 968 1113 τοῦ
1008 1059 1083 1131 μὴ
1119 1060 1392 1115 ποιεῖσθαι
1423 1062 1511 1117 διὰ
1553 1063 1752 1127 παντὸς
1795 1065 1892 1134 τὴν

303 1153 382 1213 είς
408 1149 473 1203 τά
500 1151 666 1219 ’Ἅγια
696 1150 802 1204 τῶν
830 1151 998 1220 ἁγίων
1029 1151 1281 1224 εἰσϐολὴν
1304 1194 1318 1220 ,
1355 1154 1440 1207 ἵνα
1467 1154 1560 1208 τοῦ
1590 1157 1892 1226 μυστηρίου

299 1244 359 1296 τὸ
388 1243 582 1306 κάλλος
623 1242 994 1314 άδιαλώϐητόν
1018 1261 1077 1297 τε
1111 1245 1206 1298 καὶ
1236 1246 1558 1315 άκραισνές,
1587 1248 1680 1300 καὶ
1702 1247 1894 1311 αὐταῖς

297 1336 427 1406 ἡμῖν
462 1333 836 1404 άναστράπτοι
868 1335 988 1396 ταῖς
1031 1337 1230 1398 σκιαῖς.
1266 1335 1342 1388 Δι’
1365 1336 1519 1399 ἔτους
1548 1338 1648 1407 μὲν
1673 1332 1766 1390 οὖν
1798 1339 1894 1390 καὶ

296 1426 418 1479 καθ’
445 1426 542 1479 ἐνα
574 1426 768 1496 καιρὸν
797 1428 828 1497 ἡ
855 1428 1079 1490 εἴσοδος.
1109 1427 1241 1480 Τίνα
1269 1428 1311 1480 δ’
1334 1428 1400 1481 ἂν
1431 1428 1642 1496 γένοιτο
1671 1430 1890 1498 τρόπον,

295 1521 392 1574 καὶ
413 1520 515 1573 οὐκ
548 1519 613 1573 ἂν
639 1519 877 1591 ἁμάρτοι
904 1520 996 1573 τοῦ
1027 1519 1674 1592 πρέποντος,ἐνομοθέτει
1696 1520 1889 1590 λέγων·

297 1629 316 1660 ι
352 1607 543 1673 Οὕτως
577 1609 944 1663 εἰσελεύσεται
994 1609 1204 1681 ’Λαρὼν
1247 1611 1326 1674 είς
1360 1612 1419 1664 τὸ
1451 1610 1625 1680 ἅγιον.
1673 1612 1762 1666 Ἐν
1801 1612 1896 1683 μό-

293 1718 415 1771 σχῳ
454 1701 518 1754 ἐκ
552 1699 690 1770 βοῶν
724 1701 855 1771 περὶ
890 1701 1188 1771 ἁμαρτίας,
1213 1705 1310 1755 καὶ
1351 1703 1508 1774 κριὸν
1541 1705 1620 1767 είς
1660 1703 1892 1776 ὁλοκάρ-

291 1808 489 1862 πῶμα,
526 1791 614 1842 καὶ
644 1789 848 1861 χιτῶνα
883 1789 1063 1843 λινοῦν
1090 1792 1423 1860 ἡγιασμένον
1466 1791 1774 1859 ἐνδύσεται,

289 1883 623 1953 περισκελὲς
662 1882 844 1936 λινοῦν
874 1883 1027 1936 ἔσται
1071 1885 1164 1936 ἐπὶ
1199 1884 1292 1937 τοῦ
1323 1885 1533 1955 χρωτὸς
1567 1885 1756 1946 αὐτοῦ,
1802 1887 1896 1940 καὶ

287 1977 474 2046 ζώνην
497 1977 649 2049 λινῆν
677 1977 936 2042 ζῶσεται,
971 1979 1066 2032 καὶ
1091 1978 1305 2049 κίδαριν
1329 1979 1482 2051 λινῆν
1516 1979 1892 2052 περιθήσεται.

297 2070 522 2142 Ὶμάτια
555 2071 686 2140 ἅγιά
719 2071 868 2124 ἐστι·
907 2072 1000 2124 καὶ
1032 2071 1284 2126 λούσεται
1323 2072 1471 2124 ὕδατι
1500 2073 1608 2126 πᾶν
1640 2072 1699 2126 τὸ
1738 2072 1894 2143 σῶμα

285 2161 486 2223 αὑτοῦ,
518 2163 607 2215 καὶ
634 2162 915 2216 ἐνδύσεται
939 2163 1098 2217 αὐτά.
1133 2163 1244 2217 Καὶ
1275 2164 1424 2236 παρὰ
1447 2163 1547 2234 τῆς
1573 2165 1896 2233 συναγωγῆς

281 2255 404 2308 τῶν
451 2255 583 2308 υἱῶν
637 2255 852 2328 Ἰσραὴλ
903 2255 1130 2326 λήψεται
1170 2255 1262 2309 δύο
1305 2257 1572 2328 χιμάρους
1626 2256 1686 2321 ἐξ
1727 2256 1896 2324 αίγῶν

284 2352 425 2422 περὶ
483 2350 796 2422 ἁμαρτίας,
857 2351 952 2404 καὶ
1016 2351 1171 2422 κριὸν
1227 2351 1324 2405 ἕνα
1375 2354 1454 2414 είς
1511 2351 1891 2422 ὁλοκαύτωμα.

284 2444 406 2497 Καὶ
459 2442 722 2513 προσάξει
781 2442 993 2514 Ἀαρὼν
1031 2443 1121 2496 τὸν
1158 2444 1357 2515 μόσχον
1406 2443 1496 2496 τὸν
1537 2445 1665 2516 περὶ
1713 2445 1892 2516 ἀμαρ-

283 2536 416 2599 τίας
461 2537 561 2607 τῆς
603 2535 824 2601 ἑαυτοῦ,
869 2539 962 2590 καὶ
1014 2537 1322 2604 ἐξιλάσεται
1368 2539 1497 2611 περὶ
1546 2539 1740 2593 ἐαυτοῦ
1799 2543 1891 2594 καὶ

281 2629 388 2682 τοῦ
429 2630 580 2682 eheu
630 2629 816 2684 αὑτοῦ.
851 2632 962 2683 Καὶ
1015 2631 1245 2702 λήψεται
1293 2633 1418 2696 τοῦς
1459 2632 1552 2686 δύο
1601 2634 1892 2703 χιμάρους,

285 2725 392 2780 καὶ
417 2726 601 2796 στήσει
629 2725 830 2789 αὐτοὺς
858 2725 1037 2778 ἔναντι
1063 2727 1270 2797 Κυρίου
1299 2729 1451 2798 παρὰ.
1473 2728 1573 2800 τὴν
1597 2728 1767 2800 θύραν
1797 2727 1896 2800 τῆς
1927 2764 1930 2766 -

287 2818 504 2888 σκηνῆς
544 2817 639 2870 τοῦ
693 2817 1033 2889 μαρτυρίου,
1091 2819 1188 2872 καὶ
1235 2818 1489 2892 ἐπιθήσει
1552 2819 1762 2893 ’Λαρὼν
1800 2821 1896 2874 ἐπὶ

282 2913 422 2973 τοὶς
442 2909 533 2963 δύο
559 2910 829 2982 χιμάρους
854 2911 1077 2983 κλῆρον,
1112 2911 1207 2966 ἕνα
1232 2912 1308 2984 τῷ
1331 2913 1541 2985 Κυρίῳ,
1569 2915 1664 2968 καὶ
1691 2914 1895 2986 κλῆρον

285 3003 391 3056 ἕνα
423 3001 503 3074 τῷ
543 3002 945 3074 ἁποπομπαίῳ.
985 3001 1096 3056 Καὶ
1141 3001 1406 3075 προσάξει
1453 3003 1662 3075 Ἀαρὼν
1692 3004 1782 3059 τὸν
1809 3004 1892 3076 χί-

291 3113 495 3166 μαρον,
529 3095 614 3165 ἐφ’
647 3095 704 3149 ὃν
728 3096 966 3164 ἐπῆλθεν
993 3096 1078 3149 ἐπ’
1101 3097 1250 3169 αύτῷ
1274 3101 1301 3151 ὁ
1335 3098 1536 3170 κλῆρος
1579 3098 1655 3169 τῷ
1680 3100 1868 3172 Κυρίῳ

291 3190 396 3241 καὶ
429 3188 712 3258 προσοίσει
745 3191 874 3261 περὶ
920 3190 1195 3262 ἁμαρτίας
1221 3207 1234 3220 ο
1274 3191 1369 3244 καὶ
1398 3191 1491 3245 τὸν
1522 3193 1778 3264 χίμαρον,
1808 3195 1874 3262 ἐφ

283 3280 344 3333 ὃν
393 3280 420 3332 ὁ
466 3280 666 3350 κλῆρος
713 3280 808 3334 τοῦ
851 3282 1268 3353 ἁποπομπαίου,
1312 3284 1498 3353 στήσει
1524 3283 1689 3337 αὑτὸν
1717 3283 1894 3348 ζῶντα

283 3373 478 3426 ἔναντι
508 3372 717 3443 Κυρίου
763 3372 857 3426 τοῦ
894 3374 1248 3438 ἐξιλάσασθαι
1297 3377 1383 3429 ἐπ’
1417 3375 1606 3438 αὐτοῦ,
1638 3375 1777 3438 ὥστε
1811 3375 1896 3442 ὲξο

281 3465 617 3520 αποστεῖλαι
633 3467 796 3521 αὐτὸν
819 3468 895 3531 εἰς
911 3468 1007 3538 τὴν
1031 3469 1386 3541 ἁποπομπὴν,
1406 3471 1500 3523 καὶ
1516 3471 1716 3541 ἀφήσει
1731 3470 1895 3523 αὐτὸν

283 3574 374 3624 εἷς
408 3557 506 3627 τὴν
540 3557 766 3629 ἔρημον.
806 3578 824 3610 ι
861 3558 966 3612 Τὸν
1001 3560 1100 3630 μὲν
1135 3556 1228 3614 οῦν
1250 3561 1348 3632 τῆς
1380 3561 1570 3625 Θυσίας
1600 3562 1658 3614 ἐν
1683 3561 1897 3624 τούτοις

282 3651 428 3722 ἡμῖν
463 3650 743 3720 ἐξηγεῖται
782 3651 1005 3722 τρόπον.
1056 3648 1191 3706 Εἶτα
1229 3655 1641 3725 προσκεκόμικε
1674 3653 1766 3707 τὸν
1796 3655 1894 3724 μό-

283 3761 429 3816 σχον
474 3744 687 3816 Ἀαρὼν
724 3745 816 3798 τὸν
847 3764 912 3798 πε
924 3747 977 3815 pl.
1003 3746 1103 3817 τῆς
1133 3747 1404 3817 ἁμαρτίας
1429 3748 1528 3818 τῆς
1561 3747 1775 3812 ἑαυτοῦ,
1802 3747 1896 3801 καὶ

280 3839 390 3893 τοῦ
424 3839 576 3891 οἴκου
605 3839 823 3893 ἐαυτοῦ.
855 3841 898 3892 Τ
901 3839 1168 3911 εθυμένου
1193 3840 1249 3894 δὲ
1277 3840 1371 3894 τοῦ
1403 3842 1628 3912 μόσχου,
1661 3841 1755 3894 καὶ
1787 3841 1894 3911 μὴν

281 3933 390 3986 τοῦ
435 3931 594 4003 κριοῦ
618 3933 906 4001 γεγονότος
933 3935 1012 3997 είς
1033 3933 1415 4005 ὁλοκαύτωμα,
1454 3935 1597 3988 κατὰ
1625 3934 1716 3988 τὸν
1746 3933 1896 4005 αὐτῷ

283 4025 582 4096 πρέποντα
628 4025 827 4096 νόμον·
886 4027 997 4081 Καὶ
1039 4027 1295 4099 λήψεται,
1349 4027 1520 4098 φησι,
1561 4027 1622 4080 τὸ
1674 4029 1897 4100 πυρείον

284 4115 510 4186 πλῆρες
544 4115 834 4185 ἀνθράκων
866 4117 1038 4188 πυρὸς
1067 4118 1175 4170 ἀπὸ
1202 4117 1295 4170 τοῦ
1332 4117 1723 4188 θυσιαστηρίου
1758 4119 1898 4171 ἁπέ-

285 4226 453 4263 ναντι
483 4208 712 4279 Κυρίου.
759 4211 868 4262 Καὶ
898 4209 1179 4280 πληρώσει
1211 4209 1310 4274 τὰς
1331 4212 1521 4281 χεῖρας
1552 4210 1899 4282 θυμιάματος

285 4302 607 4368 συνθέσεως
647 4303 870 4374 λεπτῆς,
905 4303 1001 4356 καὶ
1032 4305 1259 4358 εἰσοίσει
1308 4304 1575 4375 ἐσώτερον
1606 4303 1701 4357 τοῦ
1732 4321 1898 4358 κατα-

285 4395 676 4466 πετάσματος,
729 4397 820 4449 καὶ
855 4395 1107 4467 ἐπιθήσει
1142 4397 1203 4449 τὸ
1245 4396 1500 4468 θυμίαμα
1541 4397 1636 4450 ἐπὶ
1679 4396 1737 4450 τὸ
1787 4394 1900 4467 πῦρ

1874 3142 1966 3210 1ο

2001 529 2057 574 at
2080 522 2265 590 potius
2283 523 2451 579 variis
2485 527 2855 596 modisipsam
2875 529 3184 585 deformant
3214 541 3378 602 atque.
3406 534 3594 588 detur-

2001 623 2134 682 pant
2167 633 2178 666 :
2212 631 2527 686 quanquam
2581 620 2674 674 ille
2722 622 3008 677 manifeste
3048 623 3197 679 dicat
3233 642 3244 677 :
3289 644 3306 675 ι
3336 625 3448 694 Ego
3474 641 3596 681 sum

1999 705 2204 760 veritas
2232 707 2274 771 ⁷,
2312 725 2329 758 ι
2361 708 2466 763 hoc
2493 720 2597 773 est,
2634 711 2892 780 legalium
2923 720 3180 784 typorum
3216 725 3271 769 et
3297 714 3595 785 ﬁgurarum

2001 798 2271 868 impletio.
2294 800 2446 855 Finis
2465 802 2615 856 enim
2641 803 2776 873 legis
2801 811 2856 857 et
2893 805 3290 873 prophetarum
3327 814 3411 860 est
3432 804 3596 860 Chri-

2001 894 2174 946 stus“.
2217 893 2296 947 lta
2325 893 2474 948 enim
2515 895 2676 949 nobis
2711 896 2909 950 scribit
2958 898 3330 966 peritissimus
3373 898 3508 968 legis
3540 906 3597 952 et

2001 988 2386 1044 sanctissimus
2431 990 2654 1045 Paulus.
2694 993 3013 1050 Prohibitus
3059 996 3226 1066 igitur
3270 1004 3356 1050 est
3384 995 3588 1058 Aaron,

2000 1094 2069 1132 ne
2093 1094 2313 1149 semper
2339 1080 2502 1135 adeat
2547 1081 2746 1136 Sancta
2773 1091 3112 1149 sanctorum,
3140 1096 3202 1139 ut
3232 1085 3481 1156 mysterii
3513 1084 3599 1139 di-

1999 1172 2182 1243 gnitas
2221 1173 2293 1228 sit
2319 1174 2581 1229 inviolata
2608 1184 2774 1246 atque
2804 1177 3038 1248 integra,
3065 1179 3336 1248 nobisque
3367 1195 3434 1233 ex
3462 1178 3598 1248 ipsis

2001 1266 2216 1321 umbris
2239 1267 2535 1322 elucescat.
2584 1268 2797 1324 idcirco
2826 1270 3100 1340 ingressio
3137 1270 3305 1325 ﬁebat
3344 1271 3514 1324 semel
3540 1279 3597 1324 et

2002 1376 2113 1414 uno
2136 1368 2405 1430 tempore.
2431 1359 2552 1426 Quo
2575 1371 2759 1414 autem
2786 1363 2952 1417 modo
2979 1363 3180 1418 debeat
3208 1363 3348 1427 ﬁeri,
3380 1372 3440 1416 ut
3485 1379 3596 1416 non

2001 1452 2296 1506 aberrctur
2333 1467 2364 1506 a
2401 1452 2627 1516 decoro,
2683 1452 2840 1506 addit
2892 1453 3176 1523 legislator
3220 1454 3310 1509 his
3350 1452 3542 1507 verbis
3582 1470 3594 1504 :

2010 1563 2028 1594 ι
2065 1543 2156 1597 Sic
2177 1532 2524 1614 ingredietur
2555 1544 2740 1597 Aaron
2764 1545 2816 1598 in
2839 1554 3116 1599 sanctum.
3147 1547 3253 1600 Per
3275 1545 3510 1599 vitulum
3530 1559 3597 1596 ex

2003 1635 2181 1690 bobus
2209 1651 2310 1705 pro
2333 1644 2583 1706 peccato,
2613 1644 2669 1690 ct
2692 1637 2924 1691 arietem
2971 1637 3026 1691 in
3074 1638 3483 1701 holocaustum,
3514 1644 3600 1689 tu-

2001 1727 2240 1797 nicaque
2288 1727 2434 1782 linea
2473 1728 2812 1783 sanctiﬁcata
2859 1729 3142 1793 induetur,
3209 1745 3273 1784 ac
3335 1728 3600 1783 feminale

1805 1794 1898 1892 καί·
1933 1803 1971 1856 Β
2000 1820 2210 1875 lineum
2233 1821 2340 1875 erit
2369 1836 2537 1890 supra
2573 1830 2758 1876 cutem
2796 1823 2992 1890 ipsius,
3022 1838 3270 1892 zonaqne
3300 1822 3448 1875 linea
3473 1821 3598 1875 cin-

1999 1920 2180 1984 getur,
2241 1912 2472 1967 cidarim
2532 1913 2733 1968 lineam
2789 1915 3036 1983 imponet
3078 1914 3205 1968 sibi.
3256 1914 3597 1968 Vestimenta

2001 2012 2189 2059 sancta
2214 2014 2378 2065 sunt,
2413 2013 2468 2060 et
2490 2005 2768 2060 lavabitur
2791 2021 2932 2076 aqua
2962 2014 3136 2060 totum
3169 2022 3374 2075 corpus
3399 2005 3595 2075 ipsius.

1999 2106 2055 2150 et
2089 2097 2176 2152 his
2222 2097 2505 2152 induetur.
2563 2098 2772 2152 Deinde
2804 2115 2835 2152 a
2865 2099 3296 2168 congregatione
3352 2096 3596 2152 ﬁliorum

2000 2188 2166 2243 lsrael
2202 2189 2437 2259 recipiet
2469 2189 2610 2244 duos
2635 2190 2824 2245 hircos
2858 2207 2926 2244 ex
2969 2191 3154 2260 capris
3197 2205 3300 2260 pro
3335 2198 3596 2259 peccato,

2000 2287 2166 2350 atque
2193 2281 2425 2336 arietem
2470 2297 2643 2336 unum
2687 2283 2745 2335 in
2776 2282 3166 2336 holocaustum
3202 2299 3213 2334 :
3244 2281 3598 2348 adducetque

1999 2369 2182 2425 Aaron
2226 2371 2497 2436 vitulum,
2542 2372 2636 2441 qui
2673 2381 2758 2427 est.
2788 2388 2886 2442 pro
2910 2381 3138 2442 peccato
3189 2372 3272 2427 sui
3320 2372 3515 2442 ipsius,
3541 2381 3602 2426 et

1998 2461 2251 2516 exorabit
2276 2477 2381 2531 pro
2419 2477 2479 2516 se
2503 2472 2560 2517 et
2585 2477 2683 2517 sua
2713 2462 2940 2517 familia.
2972 2464 3169 2518 Postea
3196 2463 3435 2534 accipiet
3458 2462 3599 2517 duos

1997 2553 2187 2609 hircos
2213 2594 2226 2619 ,
2276 2562 2333 2608 et
2358 2562 2564 2609 statuet
2589 2570 2686 2610 eos
2709 2570 2895 2610 coram
2929 2555 3165 2610 Domino
3202 2555 3270 2609 ad
3300 2563 3490 2624 portas
3513 2563 3600 2608 ta-

1997 2644 2285 2701 bernaculi
2331 2647 2633 2701 testimonii
2670 2665 2681 2700 :
2715 2656 2771 2702 et
2799 2649 2982 2702 mittet
3012 2647 3195 2702 Aaron
3236 2647 3396 2717 371
3429 2662 3600 2716 super

1998 2737 2140 2792 duos
2159 2737 2346 2794 hircos
2367 2746 2546 2794 sortes
2574 2758 2587 2792 :
2619 2756 2784 2793 unam
2801 2741 3056 2803 Domino,
3080 2748 3136 2794 et
3164 2739 3394 2793 alteram
3431 2754 3598 2807 capro

1997 2830 2308 2886 emissario.
2365 2831 2522 2886 Tunc
2580 2831 2823 2886 adducet
2867 2833 3051 2886 Aaron
3126 2831 3378 2894 hircum,
3429 2845 3599 2899 super

1997 2939 2162 2994 quem
2190 2924 2362 2980 exivit
2392 2940 2513 2980 sors
2543 2925 2800 2990 Domino,
2833 2934 2888 2980 et
2917 2925 3116 2980 offeret
3146 2940 3272 2978 cum
3319 2940 3420 2994 pro
3463 2935 3596 2993 pec-

1997 3025 2120 3071 cato
2151 3015 2246 3070 sed
2272 3014 2510 3079 hircum,
2550 3030 2721 3084 super
2765 3030 2931 3084 quem
2963 3014 3166 3068 cecidit
3196 3030 3318 3068 sors
3361 3014 3596 3068 emissa-

1997 3108 2090 3173 rii,
2131 3115 2338 3163 statuet
2366 3107 2643 3161 viventem
2688 3107 2744 3160 in
2783 3115 3084 3176 conspectu
3117 3106 3358 3172 Domini,
3391 3113 3454 3159 ut
3496 3119 3600 3175 pro

1997 3200 2118 3271 ipso
2140 3198 2491 3268 deprecetur,
2536 3206 2599 3252 ut
2620 3198 2839 3254 emittat
2863 3214 2992 3252 eum
3019 3199 3075 3252 in
3108 3199 3484 3263 emissionem,
3510 3205 3598 3252 at-

1997 3307 2106 3362 que
2130 3290 2375 3345 dimittat.
2408 3307 2536 3345 eum
2565 3291 2619 3344 in
2644 3291 3005 3346 solitudinem
3030 3292 3072 3345 ⁸.
3109 3312 3126 3343 ι
3159 3292 3379 3346 Modum
3405 3293 3598 3361 itaque

1999 3383 2258 3439 sacriﬁcii
2286 3385 2342 3438 in
2366 3385 2454 3439 h‘is
2474 3385 2663 3439 verbis
2698 3385 2944 3455 exponit.
2974 3385 3182 3440 Deinde
3211 3384 3392 3439 Aaron
3426 3385 3600 3439 addu-

1997 3478 2078 3532 xit
2114 3477 2351 3531 vitulum
2385 3477 2731 3532 offerendum
2770 3493 2868 3546 pro
2898 3478 2984 3532 sui
3023 3477 3200 3548 ipsius
3233 3486 3481 3547 peccato,
3513 3487 3601 3532 at-

1998 3586 2107 3640 que
2129 3585 2232 3640 pro
2283 3585 2382 3624 sua
2426 3569 2611 3624 domo.
2647 3570 2884 3625 Mactato
2919 3577 3103 3624 autem
3154 3569 3348 3633 vitulo,
3381 3577 3436 3624 et
3467 3571 3599 3624 item

1999 3661 2157 3716 hirco
2180 3660 2458 3716 destinato
2508 3661 2563 3716 in
2598 3661 3010 3726 holocaustum,
3039 3663 3193 3733 juxta
3233 3661 3484 3716 eamdem
3525 3662 3603 3715 le-

1998 3770 2124 3826 gem
2162 3773 2174 3808 :
2210 3774 2228 3806 ι
2275 3755 2468 3820 Tunc,
2529 3755 2740 3826 inquit,
2799 3756 3038 3826 accipiet
3085 3756 3430 3810 thuribulum
3481 3757 3601 3825 ple-

2000 3864 2133 3903 num
2159 3849 2502 3904 carbonibus
2523 3849 2665 3920 ignis
2690 3850 2758 3904 ab
2782 3850 2941 3904 altari
2984 3850 3132 3919 quod
3158 3857 3243 3903 est
3267 3865 3452 3904 coram
3497 3851 3605 3904 Do-

2000 3941 2172 3996 mino.
2215 3941 2580 4011 lmplebitque
2609 3958 2806 3996 manus
2854 3958 2983 3997 suas
3017 3941 3372 4013 thymiamate
3419 3941 3604 3996 tenuis

2001 4031 2441 4099 compositionis,
2473 4039 2529 4085 et
2561 4031 2762 4086 inferet
2810 4032 2952 4086 intra
2978 4032 3161 4086 velum
3181 4073 3195 4094 ,
3243 4032 3600 4101 imponetque

2002 4119 2299 4191 thymiama
2333 4119 2446 4191 igni
2469 4135 2655 4175 coram
2686 4122 2942 4185 Domino,
2970 4131 3133 4191 atque
3159 4138 3331 4191 vapor
3363 4122 3600 4192 thymia—

2002 4215 2166 4270 matis
2217 4223 2364 4285 teget
2415 4213 2890 4284 pr0pitiatorium,
2921 4215 3071 4283 quod
3118 4223 3204 4268 est
3242 4229 3410 4283 super
3438 4213 3598 4266 testi--

2002 4307 2209 4373 monia,
2261 4315 2318 4360 et
2350 4321 2462 4360 non
2495 4307 2790 4361 morietur.
2837 4307 3032 4360 Postea
3066 4306 3304 4374 accipiet
3354 4305 3425 4359 de
3469 4320 3599 4358 san-

2002 4399 2172 4470 guine
2194 4399 2378 4463 vituli,
2407 4406 2465 4452 et
2491 4398 2937 4468 aspergetdigito
2971 4398 3025 4451 in
3065 4397 3510 4467 propitiatorium
3532 4398 3599 4450 ad

284 4490 480 4544 ἔναντι
513 4488 740 4560 Κυρίου,
771 4491 867 4542 καί
901 4489 1137 4560 καλύψει
1167 4491 1199 4560 ἡ
1234 4491 1402 4560 ἀτμὶς
1431 4489 1525 4543 τοῦ
1556 4490 1895 4562 θυμιάματος

2008 4493 2282 4548 orientem
2324 4507 2510 4546 coram
2568 4490 2978 4561 prepitiatorio,
3015 4490 3221 4560 septies
3250 4497 3503 4559 aspcrget
3533 4489 3602 4544 de

286 4583 353 4637 τὸ
401 4580 720 4652 ἱλαστήριον
765 4581 826 4633 τὸ
854 4581 946 4633 ἐπὶ
974 4582 1081 4634 τῶν
1117 4583 1455 4652 μαρτυρίων,
1489 4583 1586 4637 καὶ
1626 4583 1727 4635 οὐκ
1758 4583 1895 4636 ἁπο-

287 4673 564 4726 θανεῖται.
597 4671 707 4725 Καὶ
739 4670 974 4742 λήψεται
1008 4671 1116 4724 ἀπὸ
1144 4670 1238 4724 τοῦ
1262 4673 1495 4742 αἵματος
1524 4671 1618 4726 τοῦ
1652 4671 1856 4743 μόσχου
1879 4713 1894 4738 ,

290 4763 390 4816 καὶ
417 4764 572 4832 ρανεῖ
597 4759 675 4832 τῷ
701 4761 954 4831 δακτύλῳ
981 4761 1041 4814 τὸ
1072 4761 1461 4834 θυσιαστήριον
1484 4781 1496 4794 ·
1531 4765 1686 4834 ῥανεῖ
1721 4763 1893 4818 ἐπτά-

289 4873 388 4919 κις
416 4855 523 4910 ἀπὸ
552 4855 645 4908 τοῦ
681 4854 915 4926 αἵματος
958 4854 1039 4924 τῷ
1071 4854 1321 4926 δακτύλῳ
1365 4857 1552 4911 αὑτοῦ.
1593 4877 1611 4908 ›
1644 4859 1897 4929 Προσεπ-

296 4949 430 5015 ἁγει
461 4947 517 5000 δὲ
550 4947 761 5011 τούτοις
782 4965 794 4977 ο
841 4967 858 4998 ι
887 4947 996 5000 Καὶ
1027 4947 1223 5017 σφάξει
1253 4949 1344 5002 τὸν
1373 4949 1612 5020 χίμαρον
1643 4952 1773 5021 περὶ
1801 4950 1902 5021 τῆς

299 5039 581 5108 ἁμαρτίας
609 5041 702 5094 τὸν
730 5040 886 5111 παρὰ
915 5040 1007 5095 τοῦ
1034 5041 1168 5095 λαοῦ
1196 5041 1379 5096 ἔναντι
1407 5043 1501 5096 τοῦ
1540 5043 1768 5113 Κυρίου,
1805 5044 1901 5096 καὶ

298 5131 528 5186 εἰσοίσει
562 5132 673 5188 ἀπὸ
713 5132 808 5186 τοῦ
849 5133 1084 5203 αἵματος
1111 5132 1277 5187 αὑτοῦ
1301 5121 1571 5205 ἐσώτερον
1596 5134 1692 5188 τοῦ
1732 5152 1904 5188 κατα·

294 5223 656 5295 ’πετάσματος
676 5242 688 5254 ·
720 5226 816 5280 καὶ
862 5228 1075 5297 ποιήσει
1108 5226 1172 5280 τὸ
1211 5221 1352 5298 αἷμα
1386 5227 1574 5292 αὐτοῦ,
1611 5228 1673 5280 ὃν
1704 5227 1908 5298 τρόπον

298 5319 529 5390 ἐποίησε
559 5319 622 5373 τὸ
652 5314 791 5391 αἷμα
834 5319 928 5374 τοῦ
970 5321 1194 5392 μόσχου.
1245 5341 1264 5373 ι
1294 5321 1404 5376 Καὶ
1431 5322 1591 5375 ταυτὶ
1631 5321 1696 5394 δὴ
1733 5321 1907 5376 ταῦτα

295 5413 644 5483 προστέταχε
709 5414 988 5482 γενέσθαι,
1033 5414 1174 5486 ὑπὲρ
1219 5414 1314 5469 τοῦ
1361 5414 1711 5482 ὲξιλάσασθαί
1762 5433 1903 5485 φημι

297 5504 446 5576 ὑπὲρ
474 5504 585 5558 τῶν
631 5505 990 5578 ἁκαθαρσιῶν
1031 5507 1140 5560 τῶν
1183 5508 1313 5560 υἱῶν
1378 5508 1615 5578 Ἰσραὴλ,
1652 5508 1746 5561 καὶ
1777 5510 1908 5578 περὶ

299 5597 496 5650 πασῶν
531 5597 640 5652 τῶν
669 5599 959 5670 ἁμαρτιῶν
995 5600 1194 5654 αὐτῶν.
1241 5602 1578 5672 Κατεχρίετο
1613 5601 1667 5654 δὲ
1697 5601 1772 5671 τῷ
1816 5603 1903 5654 αϊ-

381 5776 399 5808 ⁷
439 5777 600 5834 Joau.
637 5795 743 5846 xiv,
775 5783 826 5835 6.
908 5781 928 5809 ⁸
953 5781 1111 5835 Rom.
1142 5797 1192 5846 ιι,
1222 5781 1273 5835 ιι.
1353 5782 1370 5812 ⁹
1404 5781 1580 5837 chit.
1610 5800 1719 5845 xvi,
1755 5783 1910 5841 5-10.

2004 4586 2269 4656 sanguine
2304 4584 2476 4656 digito
2499 4600 2600 4639 suo
2627 4585 2691 4638 ¹⁰.
2719 4604 2736 4634 ›
2771 4583 2938 4638 Addit
2962 4590 3145 4637 autem
3174 4583 3262 4636 his
3286 4599 3299 4635 :
3333 4603 3350 4632 ι
3375 4581 3602 4636 Hircum

2004 4698 2106 4753 pro
2133 4689 2361 4750 peccato
2389 4679 2577 4749 populi
2607 4677 2871 4732 mactabit
2907 4691 3094 4730 coram
3148 4675 3405 4737 Domino,
3433 4681 3490 4728 et
3516 4673 3604 4727 in-

2003 4775 2148 4829 feret
2193 4774 2517 4846 sanguinem
2541 4774 2662 4843 ejus
2709 4772 2855 4826 intra
2891 4771 3109 4834 velum,
3157 4768 3434 4838 facietque
3476 4782 3603 4821 cum

2007 4866 2274 4937 sanguine
2313 4865 2479 4937 hujus
2505 4865 2650 4920 sicut
2686 4863 2817 4919 fecit
2844 4879 2969 4918 cum
2993 4863 3263 4934 sanguine
3293 4861 3455 4914 vituli
3481 4860 3544 4913 ".
3580 4879 3598 4910 ι

2011 4960 2189 5030 Atque
2230 4959 2348 5015 hac
2391 4967 2588 5014 cuncta
2621 4957 2737 5012 ﬁeri
2765 4956 3084 5020 ordinavit,
3127 4962 3187 5008 ut
3211 4952 3472 5007 sacerdos
3506 4951 3606 5006 de-

2011 5062 2336 5124 precaretur
2354 5060 2411 5106 et
2433 5059 2618 5106 oraret
2643 5067 2745 5122 pro
2769 5048 3137 5103 immunditiis
3154 5047 3392 5100 ﬁliorum
3417 5045 3604 5107 Israel,

2011 5158 2069 5202 et
2087 5162 2188 5216 pro
2210 5144 2471 5199 omnibus
2488 5142 2730 5214 peccatis
2755 5141 2890 5196 suis.
2920 5140 3239 5210 Ungebatur
3260 5144 3444 5192 autem
3477 5152 3608 5192 san-

2013 5239 2180 5310 guine
2202 5236 2394 5300 vituli,
2427 5242 2484 5289 et
2508 5235 2638 5288 item
2685 5232 2860 5295 hirci,
2898 5246 3009 5285 non
3046 5231 3224 5285 solum
3267 5230 3607 5300 propitiato-

2016 5332 2162 5384 rium
2186 5334 2352 5396 atque
2380 5325 2635 5378 intimum
2667 5321 3104 5386 tabernaculum,
3143 5320 3248 5374 hoc
3270 5327 3376 5383 est,
3409 5313 3610 5375 Sancta

2016 5428 2368 5477 sanctorum,
2413 5416 2508 5470 sed
2547 5415 2714 5470 etiam
2744 5413 2924 5484 ipsum
2958 5413 3133 5468 altare
3175 5413 3518 5468 oblationmn
3555 5412 3610 5465 in

2017 5511 2197 5581 primo
2251 5508 2629 5562 tabernaculo.
2666 5507 2753 5561 Ait
2779 5507 2928 5561 enim
2954 5521 3184 5561 rursus:
3219 5525 3234 5556 ι
3263 5505 3333 5559 Et
3359 5503 3611 5575 egredie-

2017 5614 2108 5660 tur
2131 5603 2197 5658 ad
2251 5603 2424 5657 altare
2457 5601 2602 5671 quod
2634 5611 2716 5657 est
2758 5615 2945 5654 coram
2975 5601 3228 5667 Domino,
3259 5607 3314 5653 et
3344 5598 3612 5667 depreca-

2000 5788 2039 5820 ¹⁶
2065 5786 2224 5842 il)id..
2259 5785 2424 5841 l‘l-H
2519 5787 2556 5816 ¹¹
2602 5785 2762 5841 il)id..
2798 5785 2883 5840 l5.
