4120 6452
503 325 613 382 585
1506 317 1560 370 S.
1601 313 1876 370 CYRILLI
1914 311 2389 370 ALEXANDRINI
2427 313 2745 368 ARCHIEP.
3667 317 3771 374 534

501 436 652 493 bitur
682 435 741 490 in
780 449 878 500 eo,
923 431 1264 503 accipietque
1305 430 1374 485 de
1431 429 1699 500 sanguine
1730 427 1892 482 vituli
1913 435 2078 496 atque

2194 447 2317 500 ματι
2350 428 2444 482 τοῦ
2475 445 2532 480 τε
2565 429 2790 498 μόσχου,
2845 427 2939 480 καὶ
2983 427 3088 498 μὴν
3124 425 3216 479 καὶ
3239 426 3332 480 τοῦ
3364 431 3619 500 χιμάρου,
3649 433 3771 499 οὐκ).

503 528 665 592 hirci,
703 543 869 597 quem
897 526 1143 594 imponet
1189 537 1356 592 super
1381 536 1590 577 cornua
1636 519 1845 582 altaris,
1885 520 1942 573 in
1969 518 2084 572 cir-

2194 521 2350 592 μόνον
2393 518 2456 571 τὸ
2507 517 2840 587 ἱλαστήριον,
2892 519 2985 570 καὶ
3034 519 3067 587 ή
3110 516 3356 586 ὲσωτέρα
3404 519 3596 590 σκηνὴ,
3657 538 3773 573 του-

503 620 676 674 cuitu.
710 619 778 672 Et
804 625 1058 686 asperget
1088 615 1144 669 in
1175 615 1353 684 ipsum
1391 613 1459 667 de
1486 612 1753 683 sanguine
1779 611 1953 681 digito
1985 625 2088 665 suo

2194 613 2358 676 τέστι,
2390 611 2460 664 τὰ
2503 611 2672 677 ’Ἅγια
2698 608 2806 661 τῶν
2844 609 3036 676 ἁγίων,
3065 609 3202 662 ἀλλὰ
3248 609 3343 661 καὶ
3392 610 3521 664 αὐτὸ
3565 612 3625 664 τὸ
3663 613 3771 667 τῶν

503 709 731 779 septies,
763 717 893 762 tunc
921 706 1238 776 puriﬁcabit
1269 705 1449 774 ipsum
1477 745 1492 770 ,
1527 715 1582 759 et
1617 702 1987 758 sanctificabit
2020 703 2090 757 ab

2194 699 2579 772 καρπωμάτων
2620 696 3040 768 θυσιαστήριον,
3094 701 3152 752 ὲν
3202 701 3268 770 τῇ
3325 700 3518 773 πρώτῃ
3574 707 3768 776 σκηνῇ.

503 797 868 852 immunditiis
908 797 1145 850 ﬁliorum
1197 796 1364 850 Israel
1389 796 1451 848 ".
1495 814 1514 846 ›
1542 794 1712 849 Addit
1756 802 1938 847 autem
1965 809 2091 847 rur-

503 905 594 945 sus
627 889 710 943 his
747 907 757 941 :
793 907 810 939 ι
842 889 911 942 Et
934 888 1172 942 adducet
1199 887 1416 941 hircum
1452 885 1727 940 viventem
1756 924 1770 949 ,
1813 885 2088 954 imponet-

501 998 607 1052 que
634 981 813 1035 Aaron
848 980 986 1034 duas
1009 994 1204 1034 manus
1243 994 1371 1034 suas
1395 979 1450 1031 in
1478 987 1644 1048 caput
1666 977 1806 1030 hirci
1830 975 2084 1030 viventis.

501 1074 566 1128 Et
594 1072 948 1126 confitebitur
985 1087 1153 1140 super
1178 1072 1356 1140 ipsum
1413 1070 1698 1124 universas
1760 1067 2087 1137 iniquitates

501 1165 738 1225 ﬁliorum
779 1162 966 1224 Israel,
1005 1162 1166 1230 372
1195 1175 1496 1228 omnesque
1521 1157 1840 1227 injustitias,
1878 1164 1934 1210 et
1965 1171 2086 1210 om-

502 1255 589 1310 nia
616 1263 840 1323 peccata
876 1254 1140 1322 ipsorum.
1163 1253 1230 1306 Et
1262 1253 1509 1320 imponet
1533 1251 1650 1320 ipsa
1673 1251 1728 1304 in
1754 1257 1918 1319 caput
1949 1247 2092 1302 hirci

502 1346 757 1408 viventis,
789 1343 1117 1412 emittetque
1153 1343 1331 1411 ipsum
1362 1357 1460 1410 per
1495 1355 1719 1394 manum
1747 1337 1990 1392 hominis
2020 1337 2089 1392 ad

502 1436 606 1490 hoc
658 1434 834 1504 parati
891 1434 946 1488 in
995 1434 1295 1488 desertum.
1346 1432 1414 1486 Et
1443 1422 1684 1500 portabit
1711 1429 1901 1483 hircus
1942 1429 1998 1482 in
2029 1442 2090 1482 se

503 1541 694 1580 omnes
717 1525 1038 1594 iniquitates
1083 1539 1276 1578 eorum
1321 1523 1378 1576 in
1405 1522 1636 1586 invium,
1669 1520 1876 1576 etenim
1906 1519 2091 1573 mittet

503 1617 716 1670 hircum
747 1616 804 1669 in
825 1615 1106 1669 desertum
1127 1615 1188 1666 ¹³.
1230 1633 1247 1664 ι

2194 793 2336 861 Ἔφη
2379 790 2488 862 γὰρ
2521 789 2716 843 πάλιν·
2757 808 2776 840 ι
2818 791 2928 843 Καὶ
2959 789 3297 854 ἐξελεύσεται
3347 793 3439 846 ἐπὶ
3474 793 3538 845 τὸ
3585 794 3774 849 θυσια.

2196 884 2418 953 στήριον
2447 879 2508 932 τὸ
2539 880 2802 932 ἀπέναντι
2834 880 3066 948 Κυρίου,
3110 881 3206 934 καὶ
3233 880 3539 944 ἑξιλάσεται
3568 885 3654 936 ἐπ’
3681 887 3777 938 αὑ-

2193 973 2287 1026 τοῦ
2311 989 2324 1002 ·
2364 973 2460 1024 καὶ
2481 971 2712 1040 λήψεται
2745 970 2852 1024 ἀπὸ
2889 970 2984 1023 τοῦ
3018 971 3248 1041 αἵματος
3285 971 3382 1024 τοῦ
3415 975 3641 1043 μόσχου,
3680 978 3776 1028 καὶ

2193 1063 2302 1118 ἀπὸ
2342 1061 2437 1115 τοῦ
2481 1063 2710 1132 αἵματος
2738 1060 2834 1115 τοῦ
2877 1063 3135 1132 χιμάρου,
3178 1062 3273 1115 καὶ
3304 1063 3553 1135 ἐπιθήσει
3587 1066 3676 1117 ἐπὶ
3709 1067 3778 1118 τὰ

2193 1156 2399 1227 κέρατα
2428 1154 2524 1208 τοῦ
2558 1153 2953 1224 θυσιαστηρίου
2997 1151 3296 1206 κύκλωθεν.
3339 1155 3450 1208 Καὶ
3499 1157 3651 1224 ρανεῖ
3689 1157 3776 1207 ἐπ’

2197 1243 2329 1297 αὐτὸ
2355 1242 2464 1297 ἀπὸ
2500 1240 2594 1294 τοῦ
2641 1241 2873 1312 αἵματος
2907 1241 2986 1310 τῷ
3029 1241 3278 1312 δακτύλῳ
3318 1242 3486 1296 αὑτοῦ
3524 1245 3774 1307 ἑπτάκις,

2196 1336 2290 1390 καὶ
2319 1334 2614 1407 καθαρίσει
2637 1333 2790 1401 αὐτὸ,
2829 1334 2924 1387 καὶ
2953 1334 3171 1401 ἀγιάσει
3197 1335 3326 1387 αὐτὸ
3360 1335 3465 1388 ἀπὸ
3491 1335 3598 1388 τῶν
3642 1339 3778 1391 ἀκα-

2196 1424 2437 1496 θαρσιῶν
2473 1423 2581 1478 τῶν
2618 1423 2748 1478 υἱῶν
2798 1423 3038 1493 Ἰσραήλ.
3079 1441 3096 1474 ι
3125 1425 3468 1494 Προσεπάγει
3496 1425 3553 1478 δὲ
3592 1427 3768 1479 πάλιν·

2201 1537 2220 1571 ι
2261 1519 2372 1572 Καὶ
2399 1514 2662 1589 προσάξει
2704 1516 2798 1569 τὸν
2845 1517 3078 1588 χίμαρον
3115 1515 3204 1569 τὸν
3233 1516 3431 1582 ζῶντα,
3465 1519 3559 1571 καὶ
3588 1518 3780 1590 ἐπιθή-

2199 1626 2282 1661 σει
2324 1607 2533 1680 ’Λαρὼν
2565 1606 2664 1671 τὰς
2691 1606 2787 1661 δύο
2823 1611 3013 1679 χεῖρας
3058 1607 3223 1662 αὑτοῦ
3271 1609 3364 1662 ἐπὶ
3401 1610 3500 1678 τὴν
3533 1610 3776 1681 κεφαλὴν

503 1708 594 1761 τοῦ
625 1708 858 1780 χιμάρου
888 1706 982 1760 τοῦ
1018 1707 1239 1770 ζῶντος.
1280 1707 1386 1761 Καὶ
1406 1705 1758 1777 ἐξαγορεύσει
1797 1706 1883 1758 ἐπ’
1912 1703 2080 1758 αὐτοῦ
2121 1703 2303 1766 πάσας
2328 1703 2429 1766 τὰς
2457 1701 2690 1772 ἀνομίας
2711 1703 2820 1755 τῶν
2851 1703 2985 1756 υίῶν
3029 1701 3262 1775 Ἰσραὴλ,
3325 1706 3417 1758 καὶ
3447 1706 3623 1769 πάσας
3677 1708 3777 1768 τὰς

503 1799 717 1861 ἀδικίας
745 1799 946 1864 αὐτῶν,
974 1799 1067 1852 καὶ
1111 1799 1292 1862 πάσας
1327 1799 1424 1862 τὰς
1455 1797 1732 1870 ἁμαρτίας
1795 1796 1997 1852 αὐτῶν.
2067 1797 2178 1851 Καὶ
2214 1797 2466 1868 ἐπιθήσει
2506 1798 2674 1861 αὑτὰς
2717 1798 2810 1851 ἐπὶ
2846 1798 2944 1868 τὴν
2982 1799 3222 1871 κεφαλὴν
3261 1799 3354 1854 τοῦ
3400 1802 3635 1872 χιμάρου
3681 1802 3774 1855 τοῦ

501 1891 722 1957 ζῶντος,
757 1894 853 1945 καὶ
890 1893 1242 1956 ἐξαποστελεῖ
1279 1896 1336 1946 ὲν
1366 1893 1510 1964 χειρὶ
1554 1893 1842 1963 ἀνθρώπου
1871 1893 2090 1964 ἑτοίμου
2129 1892 2209 1955 εἰς
2276 1891 2376 1963 τὴν
2407 1891 2635 1963 ἔρημον.
2684 1893 2793 1946 Καὶ
2867 1892 3096 1964 λήψεται
3125 1897 3154 1948 6
3198 1895 3428 1966 χίμαρος
3470 1897 3555 1965 ἐφ’
3601 1893 3778 1964 ἑαυτῷ

500 1989 599 2052 τὰς
639 1989 869 2059 ἀνομίας
906 1988 1085 2042 αὐτῶν
1112 1992 1192 2054 είς
1223 1990 1322 2061 τὴν
1359 1989 1578 2055 ἄϐατον,
1615 1990 1711 2044 καῖ
1780 1989 2131 2057 ὲξαποστελεῖ
2167 1987 2258 2041 τὸν
2285 1987 2518 2059 χίμαρον
2540 1990 2619 2050 είς
2647 1988 2872 2060 ἔρημον.
2916 2008 2934 2040 ι

567 2085 621 2139 2.
649 2083 782 2151 Quae
821 2084 988 2155 igitur
1012 2085 1067 2139 in
1096 2086 1237 2157 typis
1262 2101 1361 2156 per
1403 2087 1628 2141 oracula
1658 2085 1754 2140 Dei
1783 2086 1916 2141 olim
1950 2099 2084 2156 pro-

2258 2083 2324 2154 β’.
2362 2084 2545 2137 Ταῦτα
2590 2085 2688 2156 μὲν
2718 2082 2810 2138 οὖν
2865 2085 2922 2138 ὲν
2962 2083 3152 2148 τύποις
3185 2084 3591 2157 τεθεσπισμένα
3633 2085 3778 2140 κατὰ

500 2177 614 2231 dita
640 2184 790 2242 sunt,
815 2176 889 2230 ita
913 2191 972 2230 se
994 2176 1222 2235 habent,
1245 2184 1302 2229 et
1335 2176 1415 2232 sic
1437 2178 1662 2246 quidem
1687 2183 1914 2248 peracta
1937 2185 2088 2232 sunt.

502 2268 796 2336 Postquam
849 2282 984 2321 vero
1029 2267 1296 2337 praateriit
1339 2269 1574 2334 umbra,
1620 2279 1676 2324 et
1733 2269 2093 2324 correctionis

502 2369 720 2428 tempus
750 2359 974 2413 advenit
999 2355 1018 2423 ,’
1059 2359 1293 2430 agedum
1317 2402 1330 2425 ,
1357 2377 1475 2431 age,
1504 2361 1893 2416 subtilioribus
1925 2371 2091 2430 atque

501 2449 850 2519 politioribus
879 2451 1307 2520 cogitationibus
1330 2460 1572 2518 utentes,
1602 2467 1829 2521 scopum
1859 2452 1996 2522 legis
2022 2449 2090 2504 ad

499 2539 703 2594 Christi
749 2540 1071 2610 mysterium
1119 2542 1538 2600 transferamus.
1573 2561 1589 2592 ι
1619 2543 1908 2612 Ingressus
1941 2541 2091 2596 enim

499 2642 585 2688 est
611 2634 780 2689 semel
823 2634 877 2687 in
911 2632 1109 2688 Sancta
1138 2643 1453 2688 sanctorum
1480 2634 1747 2688 Dominus
1778 2642 1968 2688 noster
2002 2632 2092 2688 Je-

499 2738 594 2778 sus
625 2721 899 2789 Christus,
928 2733 1132 2778 aster-na
1161 2723 1539 2793 redemptione
1581 2724 1803 2778 inventa
1833 2723 1896 2776 η.
1930 2742 1949 2774 υ
1977 2722 2092 2779 ϐεε-

503 2823 682 2868 terum
729 2815 784 2869 in
825 2815 1091 2885 sanguine
1139 2815 1334 2870 aeterni
1391 2817 1728 2880 testamenti,
1784 2830 1964 2885 neque
1990 2830 2091 2885 per

498 2907 819 2978 sanguinem
866 2906 1150 2962 hircorum
1210 2915 1268 2960 et
1311 2905 1646 2972 vitulorum,
1697 2906 1793 2961 sed
1824 2922 1924 2976 per
1957 2921 2090 2976 pro-

498 2998 680 3067 prium
711 2996 1036 3068 sanguinem
1074 2996 1280 3050 delevit
1316 3004 1605 3066 peccatum
1639 2996 1849 3050 mundi.
1887 2996 2093 3051 Immo-

497 3087 641 3144 latus
673 3089 822 3143 enim
841 3097 926 3143 est
955 3104 1066 3142 non
1095 3103 1195 3158 pro
1224 3103 1347 3153 suo,
1378 3088 1472 3142 sed
1498 3103 1600 3156 pro
1631 3096 1822 3142 nostro
1841 3096 2087 3158 peccato.

501 3178 811 3250 Sequemur
833 3181 1020 3249 itaque
1046 3180 1337 3249 perspicue
1361 3179 1660 3234 admodum
1684 3180 1909 3235 umbras
1933 3181 2089 3252 legis.

499 3271 631 3325 Erat
659 3272 844 3335 enim,
891 3279 948 3326 et
999 3271 1222 3341 quidem
1267 3272 1652 3335 vehementer,
1689 3274 2049 3340 (conveniens
2077 3315 2090 3339 ,

501 3371 594 3416 aut
626 3363 812 3431 potius
840 3348 1235 3426 necessarium,
1273 3369 1332 3414 ut
1359 3361 1586 3415 divinus
1618 3361 1800 3416 Aaron
1835 3379 1936 3432 pro
1961 3380 2091 3435 pro-

503 3424 644 3524 priis
681 3452 1008 3521 ignorantiis
1049 3424 1259 3506 hostias
1290 3453 1533 3506 offerret.
1564 3453 1686 3507 Non
1730 3424 1879 3508 enim
1926 3424 2093 3510 debet
2121 3424 2162 3482 Ο

506 3544 733 3614 intelligi
763 3559 962 3613 expers
991 3543 1228 3613 peccati,
1264 3559 1387 3597 eum
1422 3543 1590 3598 fuerit
1617 3544 1802 3599 homo.
1835 3545 1896 3599 In
1932 3545 2094 3601 Chri-

501 3648 648 3690 stum
692 3650 826 3688 vero
857 3635 996 3688 nihil
1043 3635 1152 3688 tale
1201 3634 1368 3689 cadit.
1402 3635 1630 3688 Multum
1672 3637 2094 3708 abest:quippe

500 3726 596 3794 qui
624 3733 879 3793 tanquam
910 3726 1056 3779 Deus
1082 3735 1274 3794 suapte
1303 3734 1499 3779 natura
1529 3727 1600 3781 sit
1631 3743 1829 3798 expers
1858 3730 2090 3798 peccati.

503 3819 617 3872 Imo
647 3833 776 3872 vere
825 3818 880 3872 in
925 3818 1045 3888 ipso
1091 3828 1146 3873 et
1179 3834 1277 3888 per
1305 3819 1484 3888 ipsum
1513 3829 1597 3875 est
1627 3821 1794 3875 etiam
1845 3823 2094 3892 ipsorum

502 3921 818 3964 sanctorum
837 3909 1151 3979 purificatio
1172 3951 1186 3974 ,
1205 3911 1584 3978 sacerdotum,
1641 3913 1893 3982 inquam,
1928 3914 2094 3968 simul

502 4010 557 4053 et
590 4001 940 4069 p0pulorum.
970 4001 1106 4057 Vide
1145 4001 1293 4056 enim
1323 4017 1434 4071 quo
1454 4012 1616 4072 pacto
1640 4002 1824 4058 Aaron
1855 4003 2094 4058 hostiam

502 4088 557 4142 in
583 4089 804 4144 Christo
830 4089 1165 4146 intellectam
1211 4100 1266 4146 et
1293 4091 1527 4147 odorem
1563 4093 1861 4148 ‘suavitatis
1890 4094 2096 4150 intellin

503 4178 728 4248 gibilem
778 4177 835 4233 in
874 4178 1117 4239 victimis
1154 4194 1256 4249 pro
1282 4194 1341 4234 se
1372 4179 1669 4234 describat.
1700 4181 1922 4237 Vitulus
1944 4181 2095 4236 enim

501 4277 692 4325 eratet
712 4270 856 4324 aries
889 4271 945 4325 in
972 4271 1376 4326 holocaustum.
1414 4272 1749 4343 lntelligitur
1777 4288 1947 4343 porro
1973 4290 2097 4328 rur-

504 4377 626 4417 sum
657 4377 756 4431 per
805 4363 1044 4417 vitulum
1085 4363 1362 4418 Christus.
1410 4363 1548 4419 Nam
1586 4379 1709 4434 quae
1751 4379 1852 4434 pro
1890 4365 2098 4421 sanctis

501 4453 813 4508 offeruntur
830 4455 1164 4524 Deo,0pima
1199 4463 1350 4519 sunt,
1380 4463 1438 4509 et
1459 4455 1866 4525 opulentissimi
1881 4457 2095 4512 sacrifi-

503 4545 716 4600 ciorum
738 4546 910 4600 modi.
943 4545 1174 4601 Sacrum
1197 4555 1381 4601 autem
1404 4546 1606 4600 animal
1631 4553 1687 4600 et
1720 4546 1948 4617 reliquis
1971 4562 2095 4601 om-

503 4634 668 4688 nibus
690 4649 814 4703 quai
842 4634 909 4688 ad
949 4635 1372 4690 sacrificandum
1411 4644 1538 4706 apta
1585 4646 1718 4692 sunt
1744 4637 2093 4706 prastantior

503 4731 588 4778 est
621 4723 848 4778 vitulus.
900 4723 1246 4794 Quapropter
1279 4726 1488 4780 vitulus
1517 4725 1955 4782 subindicaverit
1986 4743 2090 4782 no-

503 4811 592 4866 bis
621 4812 877 4867 sacrilieii
906 4813 1330 4882 perfectionem.
1364 4814 1524 4871 Aries
1561 4825 1743 4871 autem
1781 4831 1976 4871 rursus
2001 4816 2084 4870 of-

505 4901 682 4959 fertur
729 4904 786 4960 in
819 4905 1222 4972 holocaustum,
1253 4908 1382 4976 quia
1407 4909 1673 4966 Dominus
1701 4917 1892 4964 noster
1928 4909 2088 4966 Jesus

503 4993 758 5051 Christus
778 4996 890 5052 Deo
915 5005 972 5052 et
999 4998 1149 5053 Patri
1191 4998 1370 5054 factus
1388 5009 1474 5056 est
1504 5001 1561 5054 in
1599 5000 1827 5056 odorem
1846 5001 2088 5056 suavita-

508 5086 598 5151 tis,
625 5097 818 5158 utpote
853 5090 949 5160 qui
975 5090 1032 5145 in
1065 5091 1247 5162 seipse
1289 5092 1757 5148 abominationem
1785 5103 1845 5148 et
1874 5091 2093 5148 foedita-

509 5186 617 5232 tem
644 5179 854 5248 peccati
889 5197 989 5251 pro
1014 5181 1223 5237 mundo
1261 5182 1596 5239 dissolverit.
1631 5182 1875 5240 Observa
1903 5191 2086 5238 autem

509 5271 786 5338 quomodo
826 5273 1207 5343 praescriptum
1249 5273 1323 5328 sit
1352 5275 1554 5330 Aaroni
1589 5286 1652 5330 ut
1694 5275 1904 5345 quibus
1946 5283 2088 5328 tem-

511 5361 737 5428 poribus
772 5361 1078 5430 ingreditur
1111 5363 1310 5420 Sancta
1356 5375 1694 5431 sanctorum,
1733 5375 1791 5422 et
1831 5375 2090 5421 accurate

509 5450 720 5520 peragit
745 5450 1014 5506 sacrificia
1051 5469 1152 5523 pro
1179 5456 1294 5511 suis
1320 5457 1678 5526 ignorantiis,
1715 5467 1828 5514 tum
1876 5468 2088 5527 tempo-

509 5542 589 5597 ris
645 5542 701 5596 in
740 5540 933 5596 habitu
976 5545 1277 5613 pontificali
1318 5563 1424 5602 non
1471 5549 1633 5619 373
1673 5549 2087 5618 conspiciatur;

584 5716 626 5748 ¹²
676 5716 854 5773 Levit.
894 5721 1112 5792 “1,18,
1160 5721 1240 5778 19.
1324 5723 1365 5755 ¹⁸
1408 5723 1544 5778 ibid.
1612 5724 1702 5791 20,
1738 5723 1828 5779 21.

2197 2177 2409 2248 καιρὸν,
2443 2171 2544 2231 ὧδέ
2578 2194 2638 2230 τε
2663 2177 2797 2247 ἔχει,
2829 2178 2924 2232 καὶ
2961 2177 3026 2248 δὴ
3057 2177 3150 2230 καὶ
3190 2178 3508 2249 ἐπράττετο.
3557 2178 3777 2250 Ἐπειδὴ

2194 2267 2250 2322 δὲ
2276 2267 2608 2338 παρῴχηκεν
2649 2271 2682 2340 ἡ
2719 2268 2868 2332 σκιὰ,
2899 2269 2992 2322 καὶ
3022 2270 3049 2322 6
3082 2270 3178 2339 τῆς
3217 2268 3553 2340 διορθώσεως
3583 2270 3774 2342 ἐνέστη

2195 2361 2408 2427 καιρὸς,
2442 2359 2574 2428 φέρε
2601 2358 2686 2429 δὴ,
2717 2359 2849 2430 φέρε
2891 2359 3115 2422 λεπταῖς
3144 2360 3236 2412 καὶ
3277 2361 3643 2424 ἀστειοτάτοις
3687 2362 3777 2413 ὲν-

2194 2447 2364 2510 νοίαις
2406 2448 2704 2518 χρώμενοι,
2734 2446 2825 2500 τὸν
2857 2445 2950 2498 τοῦ
2999 2448 3165 2518 νόμου
3214 2447 3412 2501 σκοπὸν
3453 2447 3544 2499 ἐπὶ
3581 2447 3641 2500 τὸ
3681 2446 3776 2501 τοῦ

2192 2535 2430 2608 Χριστοῦ
2460 2537 2756 2608 μυστήριον
2797 2537 3285 2606 μεταπλάττωμεν.
3326 2555 3344 2589 ι
3396 2536 3626 2606 Είσῆλθε
3676 2538 3778 2608 μὲν

2192 2630 2302 2701 γάρ
2350 2631 2430 2693 είς
2469 2630 2538 2683 τὰ
2597 2631 2764 2699 ’Ἅγια
2801 2630 2910 2685 τῶν
2949 2631 3119 2698 ἁγίων
3174 2633 3258 2699 ἐφ’
3305 2630 3451 2696 ἅπαξ
3495 2634 3523 2685 6
3569 2631 3778 2702 Κύριος

2193 2720 2349 2792 ἡμῶν
2393 2719 2600 2791 Ἰησοῦς
2650 2721 2906 2792 Χριστὸς,
2955 2723 3177 2776 αἰωνίαν
3224 2721 3490 2793 λύτρωσιν
3539 2723 3777 2795 εὑράμε-

2193 2829 2304 2876 νος.
2347 2831 2365 2864 ι
2403 2812 2551 2885 Πλὴν
2578 2814 2635 2866 ὲν
2675 2813 2867 2883 αἵματι
2909 2813 3175 2884 διαθήκης
3206 2814 3444 2879 αἰωνίου,
3482 2815 3576 2868 καὶ
3615 2815 3675 2867 οὺ
3705 2814 3776 2866 δι’

2194 2903 2426 2974 αἵματος
2456 2903 2674 2973 τράγων
2703 2904 2798 2957 καὶ
2837 2903 3072 2975 μόσχων,
3105 2905 3190 2958 διὰ
3223 2905 3277 2958 δὲ
3306 2905 3395 2958 τοῦ
3445 2906 3574 2959 ἰδίου
3612 2907 3777 2976 αἴμα·

2194 3011 2308 3058 τος,
2341 2994 2660 3063 ἀπαλείφων
2697 2995 2794 3066 τὴν
2823 2996 3100 3066 ἁμαρτίαν
3136 2997 3228 3050 τοῦ
3260 2997 3487 3066 κόσμου.
3543 2997 3777 3051 Τέθυται

2195 3084 2306 3157 γὰρ
2341 3087 2443 3156 οὐχ
2497 3087 2639 3158 ὺπέρ
2665 3104 2729 3155 γε
2771 3088 2869 3157 τῆς
2908 3089 3104 3142 ἑαυτοῦ
3150 3091 3338 3150 ποθεν,
3369 3090 3483 3142 ἀλλ’
3511 3091 3647 3162 ὑπὲρ
3678 3092 3778 3160 τῆς

2196 3174 2676 3248 ἡμῶνσωτηρίας.
2707 3176 2978 3247 Ἐιξνόμεθα
3006 3179 3069 3249 δὴ
3099 3175 3190 3233 οὖν
3208 3181 3300 3234 καὶ
3331 3182 3521 3244 αὐταῖς
3550 3178 3607 3236 εὖ
3635 3183 3782 3254 μάλα

2195 3267 2314 3328 ταῖς
2342 3265 2435 3318 τοῦ
2477 3267 2643 3337 νόμου
2695 3272 2895 3332 σκιαῖς,
2941 3265 3050 3322 τΗν
3099 3271 3194 3340 μὲν
3231 3271 3323 3324 καὶ
3365 3273 3568 3345 σφόδρα
3607 3273 3778 3337 εἰκὸς,

2204 3355 2476 3425 μᾶλλονδὲ
2500 3358 2596 3409 καὶ
2619 3359 2935 3426 ἀναγκαῖον,
2965 3359 3056 3414 τὸν
3083 3359 3369 3414 θεσπέσιον
3399 3361 3608 3433 ’Δαρὼν
3634 3363 3780 3434 ὑπὲρ

2196 3445 2306 3498 τῶν
2341 3446 2488 3500 ίδίων
2521 3449 2883 3518 ἀγνοημάτων
2919 3449 3108 3504 θυσίαν
3154 3453 3508 3524 προσφέρειν.
3545 3455 3619 3506 Ub
3669 3455 3779 3525 γάρ

2198 3533 2265 3587 ἂν
2303 3538 2474 3588 νοοῖτο
2501 3537 2738 3606 γεγονὼς
2773 3539 2868 3592 τοῦ
2904 3541 3248 3612 πλημμελεῖν
3291 3547 3348 3597 ὲν
3379 3545 3656 3615 ἀμείνοσιν
3687 3549 3780 3601 ἄν-

2198 3622 2413 3692 θρωπος
2453 3624 2550 3679 ὢν.
2578 3627 2798 3698 Χριστῷ
2824 3629 2880 3680 δὲ
2909 3629 3094 3682 οὐκέτι
3133 3629 3192 3682 τὸ
3227 3632 3466 3686 τοιοῦτον
3506 3634 3737 3704 ἁρμόσει
3763 3651 3776 3664 ·

2197 3715 2394 3769 πολλοῦ
2425 3734 2487 3785 γε
2511 3718 2606 3770 καὶ
2630 3719 2726 3771 δεῖ.
2760 3721 3294 3791 Καταπεπλούτηκεν
3319 3724 3427 3794 γὰρ
3457 3725 3513 3776 ἐν
3551 3725 3654 3796 ἰδίᾳ
3679 3724 3780 3792 gni-

2200 3824 2284 3860 σει
2309 3807 2372 3860 τὸ
2398 3808 2757 3878 ἁπλημμελὲς
2781 3811 2858 3873 ὡς
2887 3812 3038 3875 Θεός.
3067 3814 3215 3883 Πλὴν
3241 3816 3296 3868 ὲν
3320 3818 3386 3868 ab
3398 3815 3468 3885 τῷ
3501 3833 3558 3868 τε
3587 3817 3684 3868 καὶ
3709 3817 3778 3869 δι’

2197 3897 2386 3964 αὐτοῦ,
2408 3900 2500 3952 καὶ
2529 3900 2708 3954 αὐτῶν
2729 3901 2839 3954 τῶν
2861 3905 3260 3976 ἠγιασμένωνή
3285 3907 3568 3978 κάθαρσις,
3589 3907 3779 3980 ἱερέων

2194 3991 2257 4044 τὲ
2286 4007 2451 4062 φημι,
2488 3994 2708 4066 καὶμὴν
2740 3997 2834 4050 καὶ
2859 3997 3024 4051 λαῶν.
3058 3999 3167 4051 Θέα
3197 3999 3304 4071 γὰρ
3329 4001 3474 4063 ὅπως
3503 4003 3530 4053 6
3566 4001 3779 4072 ’Λαρὼν

2193 4082 2293 4155 τὴν
2314 4085 2370 4137 ὲν
2396 4085 2617 4156 Χριστῷ
2639 4087 2933 4158 νοουμένην
2965 4088 3154 4144 θυσίαν
3177 4091 3269 4143 καὶ
3297 4092 3492 4162 νοητὴν
3521 4093 3778 4163 εὐοσμίαν

2195 4175 2252 4230 ἐν
2283 4178 2399 4239 τοῖς
2436 4177 2577 4247 ὑπὲρ
2609 4178 2773 4230 αὑτοῦ
2817 4178 3053 4249 θύμασιν
3091 4181 3512 4236 ὑποπλάττεται.
3560 4183 3778 4254 Μόσχος

2196 4264 2304 4336 γὰρ
2329 4261 2399 4338 ἦν
2433 4267 2528 4321 xa‘t
2552 4269 2704 4339 κριὸς
2725 4270 2805 4332 είς
2830 4270 3213 4326 ὁλοκαύτωσιν.
3255 4274 3475 4326 Νοεῖται
3518 4274 3574 4327 δὲ
3616 4275 3778 4329 πάλιν

2195 4359 2272 4423 ὡς
2299 4358 2356 4413 ἓν
2380 4376 2444 4428 γε
2467 4359 2545 4432 τῷ
2577 4360 2762 4431 μόσχῳ
2785 4362 3041 4431 Χριστός.
3083 4364 3400 4435 Ἀμφιλαφῆ
3436 4365 3544 4436 γὰρ
3570 4365 3688 4418 λίαν
3711 4367 3775 4420 τὰ

2197 4452 2338 4523 ὑπὲρ
2369 4450 2544 4521 ἁγίων
2581 4453 3062 4524 προσκομιζόμενα
3101 4455 3177 4526 τῷ
3219 4456 3359 4527 Θεῷ,
3393 4459 3487 4510 καὶ
3533 4457 3775 4511 πλούσιοι

2198 4543 2404 4614 σφόδρα
2435 4543 2545 4596 τῶν
2584 4545 2844 4598 τοιούτοιν
2875 4549 2924 4600 οί
2955 4548 3168 4618 τρόποι.
3213 4547 3380 4620 Ἱερὸν
3407 4548 3464 4602 δὲ
3491 4548 3644 4614 ζῶον,
3680 4552 3776 4603 καὶ

2175 4635 2304 4688 ’τῶν
2331 4633 2508 4687 ἄλλων
2529 4634 2788 4690 ἁπάντων
2812 4637 2920 4689 τῶν
2941 4641 3021 4700 είς
3043 4638 3238 4692 θυσίαν
3253 4641 3595 4710 ἐπιτηδείων,
3615 4641 3777 4712 ὑπερ·

2194 4725 2444 4794 κείμενον
2469 4723 2531 4776 τὺ
2550 4723 2644 4777 τοῦ
2677 4727 2876 4796 μόσχου
2904 4731 3116 4800 χρῆμα.
3145 4731 3354 4787 Οὐκοῦν
3379 4734 3476 4804 τῆς
3505 4734 3696 4799 θυσίας
3715 4736 3778 4788 τὸ

2193 4817 2397 4868 τέλειον
2420 4815 2794 4888 ὑπεμφήνοιεν
2827 4819 2895 4874 ἂν
2933 4822 3068 4891 ἡμῖν
3098 4824 3126 4875 6
3150 4824 3367 4894 μόσχος.
3407 4826 3576 4896 Κριὸς
3596 4827 3652 4878 δὲ
3681 4828 3777 4880 πά·

2193 4906 2276 4960 λιν
2296 4907 2376 4968 είς
2409 4904 2794 4974 ὁλοκαύτωσιν,
2825 4912 3016 4980 γέγονε
3043 4913 3152 4984 γὰρ
3187 4916 3267 4976 είς
3292 4916 3469 4988 ὀσμὴν
3495 4917 3720 4981 εὐωδίας
3749 4922 3776 4974 6

2193 4999 2399 5071 Κύριος
2433 5001 2588 5073 ἡμῶν
2639 5002 2845 5071 Ἰησοῦς
2888 5005 3144 5074 Χριστὸς,
3173 5007 3250 5077 τῷ
3280 5008 3397 5078 Θεῷ
3435 5011 3527 5062 καὶ
3563 5011 3737 5080 Πατρί
3763 5027 3775 5039 '

2192 5091 2252 5144 τὺ
2276 5093 2437 5146 οίονεῖ
2463 5093 2718 5166 βδελυρόν
2738 5111 2798 5146 τε
2837 5094 2930 5150 καὶ
2957 5096 3236 5166 κάκοσμον
3257 5099 3356 5168 τῆς
3388 5100 3660 5171 ἁμαρτίας
3682 5101 3775 5155 τοῦ

2192 5182 2399 5253 κόσμου
2463 5183 2755 5255 παραλύων
2818 5187 2876 5239 ὲν
2933 5186 3131 5257 ἑαυτῷ.
3195 5189 3471 5260 Ἐπιτήρει
3515 5190 3572 5244 δὲ
3627 5193 3777 5258 ὅπως

2193 5277 2666 5345 προστεταγμένος
2708 5278 2737 5328 ὁ
2799 5276 3012 5348 Ἀαρὼν
3047 5280 3147 5349 τὴν
3191 5282 3270 5343 εἰς
3319 5282 3384 5334 τὰ
3439 5283 3605 5350 "Avia
3665 5283 3776 5336 τῶν

2192 5367 2362 5435 ἁγίων
2390 5368 2640 5440 εἰσϐολὴν
2682 5369 2955 5423 ποιεῖσθαι
2993 5371 3136 5424 κατά
3161 5372 3407 5442 καιροὺς,
3441 5375 3535 5426 καὶ
3573 5375 3778 5428 ἀποπεο

2196 5459 2402 5532 ραίνειν
2443 5455 2502 5513 ιῦ
2546 5460 2691 5530 μάλα
2731 5461 2832 5524 τὰς
2866 5461 3006 5531 ὺπέρ
3044 5479 3108 5531 γε
3144 5464 3250 5517 τῶν
3299 5464 3444 5518 ἰδίων
3494 5467 3777 5536 ἀγνοημάα

2191 5567 2300 5604 των
2329 5551 2538 5619 θυσίας,
2576 5553 2678 5607 οὐκ
2722 5556 2780 5611 ὲν
2812 5555 2889 5628 τῷ
2935 5557 3035 5629 τῆς
3068 5559 3483 5631 ἀρχιερωσύνης
3531 5561 3777 5630 σχήματι

1911 5725 1954 5756 ιδ
1995 5725 2162 5781 Hebr.
2190 5742 2263 5796 ix,
2303 5727 2387 5784 12.
