4120 6442
506 349 615 405 6θῦ

1542 342 1596 399 S.
1640 340 1916 399 CYRILLI
1956 340 2431 399 ALEXANDMNI
2471 340 2792 419 ARCIHEB.

3700 342 3813 411 6045»,

514 490 531 519 ι
571 470 839 535 Obsecro,
875 469 1135 535 domne,
1189 483 1259 523 ne
1291 467 1544 537 imponas
1576 467 1738 523 nobis
1772 476 2060 537 peccatum
2084 508 2099 532 ,

2210 468 2331 538 ρίῳ’
2376 468 2648 523 εἰσέλθετε
2689 470 3011 533 ἐνσάκκοις
3052 467 3493 540 λειτουργοῦντες
3521 466 3674 538 Θεῷ,
3719 468 3807 535 ὅτι

505 560 636 629 quia
669 561 1039 631 ignoravimus
1091 561 1147 615 in
1202 575 1367 629 quem
1423 558 1777 629 peccavimus
1825 558 1892 614 ⁵⁸.
1929 578 1946 610 ι
1997 556 2099 625 Qui

505 655 655 708 enim
682 671 748 709 ex
768 670 969 725 genere
996 654 1217 709 lsraelis
1252 659 1405 717 sunt,
1455 651 1761 722 habituque
1795 651 2102 707 secundum

506 762 727 802 carnem
762 764 795 801 a
827 746 1111 817 Synagoga
1135 745 1455 802 Judteorum
1484 761 1597 801 non
1638 745 1826 809 alieni,
1854 744 1952 801 sed
2000 744 2101 799 de-

506 836 699 891 clarati
732 836 1120 907 mysteriorum
1154 836 1253 890 Dei
1279 834 1715 906 dispensatores,
1756 836 1815 890 hi
1860 834 2103 893 oblatnri

506 936 636 982 sunt
668 928 780 983 Deo
811 943 1008 998 preces
1049 943 1153 999 pro
1185 928 1309 983 istis
1347 928 1445 998 qui
1467 940 1537 985 ex
1568 927 1881 999 ignorantia
1906 943 2102 998 pecca-

505 1030 727 1087 verunt,
767 1036 1088 1091 quanquam
1123 1021 1230 1091 ipsi
1271 1020 1433 1076 initio
1477 1020 1647 1076 simili
1679 1020 1856 1091 culpae
1892 1020 2104 1075 fuerint

503 1112 747 1169 obnoxii.
774 1111 1051 1167 Caeterum
1078 1111 1306 1182 quidem
1327 1118 1492 1169 orant
1508 1109 1816 1173 Christum,
1839 1124 1909 1164 ne
1933 1109 2100 1167 simul

504 1201 561 1256 in
599 1217 695 1257 eos
719 1202 995 1259 irruatira
1026 1201 1246 1259 Patris:
1280 1202 1593 1273 cujusmodi
1622 1201 1729 1271 fuit
1752 1201 1989 1265 Paulus,
2022 1201 2100 1256 ita

503 1293 694 1349 dicens
730 1312 744 1349 :
781 1315 800 1345 ι
832 1295 1072 1360 Fratres,
1098 1296 1353 1351 voluntas
1378 1295 1520 1350 bona
1545 1294 1730 1349 cordis
1756 1291 1886 1359 mei,
1919 1300 1977 1347 ct
1996 1293 2097 1349 ob-

504 1385 744 1441 secratio
772 1385 843 1441 ad
888 1387 1063 1442 Deum
1094 1402 1197 1457 pro
1234 1386 1434 1441 lsraelc
1483 1396 1570 1442 est
1600 1385 1668 1441 ad
1712 1385 1947 1441 salutem
1971 1385 2037 1437 ⁵⁷.
2074 1403 2093 1435 ι

507 1477 709 1533 Verum
740 1479 837 1550 qui
861 1481 968 1536 hoc
992 1481 1133 1537 dixit
1165 1488 1287 1535 erat
1325 1479 1674 1550 dispensator
1708 1482 2101 1551 mysteriorum

505 1562 624 1628 Dei,
655 1573 822 1635 atque
853 1568 1114 1625 sacerdos
1136 1567 1311 1623 divini
1339 1568 1622 1637 praeconii,
1660 1568 1807 1625 sicut
1828 1568 1959 1624 olim
1997 1566 2104 1623 fuit

505 1656 709 1713 Aaron.
741 1659 1027 1716 Clamante
1051 1668 1240 1716 autem
1286 1660 1436 1715 Mose
1473 1676 1575 1731 pro
1618 1662 1859 1732 lcprosa,
1911 1669 1972 1717 et
2015 1676 2104 1717 ro—

502 1757 667 1819 gante
688 1758 751 1805 ut
778 1758 1088 1817 sanaretur,
1122 1753 1267 1808 Deus
1300 1753 1477 1809 veniae
1513 1753 1710 1811 dandae
1753 1754 2100 1825 supersedet,

2207 559 2475 613 ἀπέλιπεν
2514 558 2574 623 ἐξ
2613 559 2766 612 οἴκου
2797 557 2933 611 Θεοῦ
2981 558 3138 629 ἡμῶν
3182 559 3345 612 θυσία
3387 560 3483 629 καί
3520 559 3797 629 σπονδή..)

2207 647 2470 718 Πρόσεισι
2512 647 2570 700 δὲ
2613 646 2789 715 λέγων
2831 647 2910 718 τῷ
2954 649 3221 720 πανσὸφῳ
3264 649 3459 720 Μωσῖγ
3504 670 3520 701 ι
3563 651 3801 723 Δέομαι,

2206 737 2402 809 Κύριε,
2420 737 2496 808 μὴ
2521 736 2784 809 συνεπιθῇ
2813 740 2942 809 ἡμῖν
2966 739 3265 808 ἁμαρτίαν,
3292 738 3426 792 διότι
3452 740 3804 810 ἠγνοήκαμεν

2204 825 2399 885 καθ’οῦ
2418 829 2763 901 ἡμάρτομεν.
2781 830 2872 881 »Οἱ
2895 832 3004 900 γὰρ
3021 830 3169 900 γένει
3195 831 3293 902 μὲν
3315 831 3469 895 ὗντες
3485 831 3543 910 ἐξ
3559 812 3813 903 Ἰσραὴλ,

2203 923 2297 977 καὶ
2337 925 2401 993 τῇ
2434 920 2574 979 κατὰ
2597 922 2774 994 σάρκα
2799 924 2979 993 σχέσει
3011 925 3110 992 τῆς
3142 924 3421 977 Ἰουδαίων
3467 925 3805 995 Συναγωγῆς

2201 1017 2305 1070 οὐκ
2341 1016 2495 1079 ὄντες
2535 1016 2833 1085 ἀλλότριοι,
2874 1017 3192 1087 μυστηρίων
3216 1017 3270 1069 δὲ
3297 1017 3406 1068 τῶν
3428 1015 3521 1069 τοῦ
3550 1016 3813 1087 Σωτῆρος

2200 1104 2360 1185 ἡμῶν
2384 1104 2828 1176 ἀποδεδειγμένοι
2855 1105 3069 1175 ταμίαι,
3100 1106 3166 1160 τὰ
3189 1106 3330 1177 ὑπὲρ
3357 1105 3465 1158 τῶν
3494 1106 3551 1170 ἐξ
3581 1107 3808 1169 ἀγνοίας

2201 1197 2601 1270 ἡμαρτηκότων
2639 1198 2930 1269 ἀναφέρειν
2972 1198 3199 1269 ἔμελλον
3236 1200 3550 1269 προσευχάς
3580 1215 3592 1226 ·
3624 1199 3808 1251 καίτοι

2203 1292 2647 1362 συμπταίσαντες
2674 1295 2730 1347 ἐν
2769 1294 2934 1365 ἀρχῇ.
2969 1293 3061 1364 Μὴ
3105 1292 3493 1348 συνεπιθέσθαι
3522 1292 3580 1346 δὲ
3618 1295 3682 1363 τῇ
3706 1293 3807 1347 τοῦ

2201 1384 2417 1457 Πατρὸς
2472 1386 2612 1457 ὀργῇ
2670 1384 3052 1457 παρακαλοῦσι
3114 1386 3373 1457 Χριστὸν,
3433 1386 3571 1457 ὅπερ
3628 1384 3809 1439 ἐποίει

2201 1476 2376 1546 λέγων
2414 1479 2443 1531 ὀ
2465 1478 2696 1543 Παῦλος·
2744 1499 2762 1531 ι
2809 1478 3079 1550 Ἀδελφοὶ,
3109 1481 3142 1548 ἡ
3183 1480 3282 1549 μὲν
3302 1477 3521 1531 εὐδοχια
3544 1478 3639 1548 τῆς
3660 1477 3811 1547 ἐμῆς

2168 1569 2453 1643 ’καρδίας,
2487 1572 2583 1626 καὶ
2626 1574 2653 1643 ἡ
2676 1571 2861 1641 δέησις
2901 1570 3039 1645 πρὸς
3060 1570 3151 1625 τὸν
3175 1571 3308 1625 Θεὸν
3349 1570 3490 1639 ὑπὲρ
3516 1568 3697 1622 αὐτῶν
3723 1570 3810 1632 εἰς

2206 1662 2504 1733 σωτηρίαν.
2558 1682 2576 1714 ι
2625 1660 2766 1717 Ἀλλ’
2808 1659 2879 1734 ἦν
2916 1663 3076 1716 τοῦτο
3127 1662 3324 1730 λέγων,
3376 1661 3471 1715 καὶ
3520 1660 3810 1729 οἰκονόμος

2212 1755 2539 1827 μυστηρίων,
2568 1755 2732 1819 Θεοῦ,
2771 1758 2867 1810 καὶ
2908 1755 3191 1826 ίερουργὸς
3213 1754 3307 1809 τοῦ
3337 1755 3482 1808 θείου
3512 1751 3809 1825 κηρύγμα-

502 1858 565 1899 ac
594 1844 733 1900 dicit
761 1864 773 1898 :
811 1864 830 1898 ι
875 1846 1178 1917 Separetur
1233 1856 1446 1918 septem
1480 1848 1680 1905 diebus
1712 1856 1867 1905 extra
1891 1857 2092 1914 castra,

2210 1862 2309 1910 τος·
2354 1847 2492 1918 ὅπερ
2537 1842 2605 1918 ἦν
2652 1848 2774 1901 τότε
2819 1848 2914 1901 καὶ
2949 1848 2977 1900 ὁ
3020 1846 3257 1917 Ἀαρών.
3311 1845 3557 1909 Βοῶντος
3605 1844 3661 1898 δέ
3709 1843 3810 1897 τοῦ

501 1942 558 1989 et
581 1934 780 1991 deinde
806 1936 1153 2008 ingrediatur
1179 1936 1244 1991 ⁵⁸.
1287 1957 1306 1990 ι

2108 1988 2117 1999 ,
2192 1939 2437 2004 Μωσέως
2466 1941 2607 2013 ὑπὲρ
2630 1941 2728 2013 τῆς
2757 1942 3182 2014 λελεπρωμένης
3230 1941 3324 1995 καὶ
3351 1939 3607 1994 ἰάσασθαι
3628 1956 3814 2008 παρα-

504 2031 798 2097 καλοῦντος
846 2033 1039 2106 αὒτὴν,
1101 2034 1456 2107 ὑπερτίθεται
1501 2036 1564 2091 τὺ
1622 2036 1933 2106 συγγνῶναι
1971 2036 2103 2102 Θεός
2128 2052 2142 2066 ·
2191 2056 2209 2089 ι
2240 2037 2654 2109 ’Λςρορισθήτω,
2716 2038 2912 2107 λέγων,
2956 2037 3098 2092 ἐπτά
3140 2037 3359 2107 ἡμέρας
3392 2035 3498 2101 ἔξω
3532 2035 3634 2106 τῆς
3662 2050 3811 2104 παρ-

500 2127 761 2201 εμϐολῆς,
793 2130 888 2183 καὶ
923 2131 1063 2202 μετά
1101 2133 1275 2186 ταῦτα
1298 2130 1668 2187 εἰσελεύσεται
1696 2134 1881 2189 πάλιν.
1921 2154 1939 2187 ι

572 2223 626 2278 4.
654 2224 783 2279 Ηαεο
809 2225 1043 2281 historia
1072 2227 1235 2282 nobis
1257 2229 1462 2283 iterum
1482 2230 1636 2284 velut
1662 2230 1717 2284 in
1736 2230 1977 2301 imagine
2006 2245 2100 2285 os-

505 2315 705 2381 tendit,
733 2333 898 2387 quam
920 2327 1111 2388 parata
1132 2320 1201 2375 sit
1228 2320 1414 2375 divina
1444 2328 1640 2377 natura
1674 2323 1743 2377 ad
1787 2324 2104 2396 misericor-

506 2408 655 2463 diam
700 2411 1102 2480 praastandam,
1154 2418 1212 2468 et
1258 2412 1325 2467 ad
1356 2414 1772 2484 propitiandum
1808 2416 2107 2486 promptis-

505 2500 645 2556 sima
677 2520 691 2554 :
725 2509 781 2557 at
807 2518 940 2559 vero
968 2505 1323 2561 multitudine
1345 2520 1727 2576 saepenumero
1753 2514 1810 2562 et
1830 2500 2105 2579 magnitu-

505 2592 636 2648 dine
665 2603 982 2651 nostrorum
1006 2595 1339 2653 delictorum
1365 2600 1685 2655 retardatur
1702 2642 1717 2667 ,
1758 2610 1816 2657 et
1844 2602 2100 2674 benigni—

504 2691 675 2740 tatem
699 2702 829 2757 erga
877 2702 1003 2743 reos
1041 2688 1248 2745 diﬂert.
1277 2690 1393 2746 Hoc
1420 2690 1568 2747 idem
1625 2691 1921 2764 signiﬁcat,
1980 2710 2103 2749 mea

503 2777 733 2847 quidem
765 2779 1074 2847 sententia,
1103 2782 1253 2852 quod
1288 2797 1502 2854 magna;
1544 2799 1741 2854 preces
1783 2794 2102 2842 sanctorum

504 2879 563 2926 et
592 2873 1032 2943 supplicationes
1068 2876 1136 2931 ad
1194 2878 1368 2933 Deum
1411 2878 1570 2934 facta:
1602 2879 1714 2934 sint
1735 2895 1839 2950 pro
1872 2880 2100 2947 lsraele,

504 2978 633 3017 cum
666 2971 852 3019 tamen
903 2965 1022 3020 fieri
1067 2983 1177 3021 non
1199 2976 1387 3038 posset
1434 2978 1497 3022 ut
1545 2983 1762 3038 poenam
1811 2970 2103 3043 effugeret,

505 3052 676 3125 κθ
702 3055 797 3125 qui
817 3055 890 3111 ob
918 3063 1068 3112 tanta
1090 3066 1316 3128 peccata
1354 3068 1504 3115 esset
1519 3059 1846 3129 damnatus;
1872 3062 2111 3132 ideoque

505 3148 742 3203 et’Deus
776 3148 1214 3205 misericordiam
1249 3152 1530 3221 posterius
1559 3169 1725 3225 quam
1765 3171 1982 3225 poenam
2009 3157 2108 3211 ad-

507 3239 711 3294 hibuit.
743 3239 901 3306 Quod
928 3250 1112 3297 autem
1141 3257 1525 3315 sapenumcro
1554 3246 1703 3301 Dcus
1744 3257 1978 3318 propter
2002 3263 2107 3302 no-

506 3338 620 3386 stra
635 3331 835 3387 delicta
857 3334 1224 3391 exacerbetur
1246 3344 1413 3408 atque
1436 3338 1706 3405 irritetur,
1729 3341 1903 3407 itaut,
1918 3357 2108 3412 quam—
2139 3364 2179 3421 ε

508 3426 595 3479 vis
632 3425 899 3480 immensa
926 3427 1223 3484 clementia
1244 3430 1317 3485 sit
1339 3432 1627 3501 praeditus,
1656 3441 1839 3488 tamen
1866 3449 1987 3489 eam
2022 3435 2108 3488 in-

510 3518 729 3573 terdum
758 3518 982 3576 differat
1016 3529 1182 3591 atque
1231 3523 1526 3588 subducat,
1554 3523 1705 3579 haud
1752 3524 1977 3580 difﬁcile
2025 3534 2113 3581 est

510 3610 594 3665 vel
633 3627 701 3666 ex
724 3611 814 3667 his
836 3612 971 3684 ipsis
1001 3614 1212 3671 videre.
1242 3616 1381 3671 Nam
1405 3631 1532 3673 cum
1556 3618 1763 3674 credem
1787 3618 2115 3687 Babylonio-

511 3719 636 3758 rum
680 3705 801 3775 lege
844 3706 973 3762 belli
1016 3707 1072 3762 in
1123 3708 1345 3766 Judmos
1396 3710 1801 3781 grassantium,
1839 3726 1963 3782 qua:
2011 3727 2114 3767 suo

511 3805 762 3866 tempore
787 3797 841 3852 in
888 3798 1115 3870 regione
1156 3796 1474 3855 Judaeorum
1512 3799 1700 3855 futura
1727 3810 1883 3865 erat,
1932 3816 2113 3871 quon-

511 3888 638 3942 dam
667 3904 767 3959 per
791 3889 1060 3960 Spiritum
1091 3889 1347 3946 Ieremia:
1369 3891 1657 3960 prophetae
1701 3891 2022 3954 revelasset,
2051 3906 2116 3947 ac

509 3980 620 4052 jam
649 3983 909 4050 permulti
938 3982 1357 4047 occubuissent,
1387 3983 1709 4053 mortuique
1732 3983 1939 4054 passim
1979 3998 2116 4038 con~

513 4072 884 4141 spicerentur,
905 4082 1023 4129 tum
1046 4072 1115 4128 ad
1145 4078 1401 4128 sanctum
1436 4074 1766 4144 prophetam
1791 4075 1873 4129 ait
1904 4093 1916 4127 :
1955 4093 1975 4124 ι
1996 4075 2115 4130 Heu

514 4164 671 4229 mihi,
705 4165 835 4235 quia
865 4165 1071 4221 defecit
1107 4167 1291 4222 anima
1328 4182 1448 4222 mea
1485 4176 1713 4237 propter
1747 4167 2113 4223 interfectos:

513 4257 805 4314 circumito
848 4258 970 4314 vias
997 4258 1331 4324 Jerusalem,
1357 4266 1416 4315 et
1448 4259 1662 4323 videte,
1697 4267 1756 4314 et
1777 4259 2116 4330 cognoscite,

512 4359 571 4405 et
609 4351 844 4421 quaerite
898 4350 955 4406 in
994 4352 1194 4422 plateis
1235 4352 1413 4422 ipsius
1441 4366 1510 4406 an
1556 4352 1860 4407 inveniatis
1902 4351 2116 4416 virum,

512 4442 610 4510 qui
637 4440 805 4497 faciat
830 4441 1129 4513 judicium,
1166 4450 1225 4500 et
1273 4450 1490 4514 qurerat
1529 4442 1714 4507 fidem,
1763 4451 1821 4498 et
1848 4444 2122 4514 propitius

513 4548 614 4589 ero
645 4535 748 4597 eis,
773 4535 912 4591 dicit
947 4535 1218 4592 Dominus
1241 4536 1311 4591 ⁸⁸⁸.
1347 4556 1368 4588 ι
1399 4536 1641 4592 Videsne
1678 4536 1732 4590 in
1783 4536 1875 4591 his
1907 4544 2118 4607 quanto

515 4629 788 4686 adiciatur
817 4629 1011 4686 dolore
1032 4637 1265 4700 propter
1305 4630 1519 4686 occisos
1540 4671 1554 4695 ,
1586 4645 1904 4699 quanquam
1936 4631 2118 4686 liben-

2273 2227 2337 2282 δ’.
2392 2225 2554 2296 Ἡμῖν
2595 2224 2670 2289 ὡς
2703 2226 2762 2279 ἐν
2806 2225 2975 2280 εἰκόνι
3018 2225 3453 2288 διαδεικνύοντος
3494 2223 3589 2277 τοῦ
3622 2224 3810 2293 λόγου,

2204 2325 2287 2378 ὅτι
2316 2324 2510 2392 ταχεῖα
2558 2321 2659 2391 μὲν
2709 2322 2789 2384 εἰς
2825 2320 3020 2386 ἐλεεῖν,
3064 2319 3162 2374 καὶ
3190 2319 3389 2388 τρόπον
3416 2316 3539 2372 τινὰ
3571 2317 3709 2388 πρὸς
3746 2317 3815 2370 τὸ

2206 2414 2547 2489 παρακαλεῖν
2598 2412 2800 2484 ἑαυτὴν
2829 2416 2864 2473 ἠ
2893 2414 3014 2467 θεία
3059 2414 3222 2482 φύσις
3253 2412 3603 2483 ἐτοιμοτάτη,
3645 2410 3722 2482 τῷ
3747 2411 3817 2465 δὲ

2207 2508 2405 2581 πλήθει.
2450 2506 2712 2569 πολλάκις
2747 2505 2781 2577 ἢ
2809 2505 2888 2576 τῷ
2920 2505 3144 2577 μεγέθει
3199 2504 3309 2558 τῶν
3338 2505 3627 2576 ἡμετέρων
3654 2520 3816 2556 πταιο

2209 2602 2432 2674 σμάτων
2453 2600 2913 2672 ἀποτραχύνεται,
2940 2599 3032 2654 καὶ
3054 2598 3153 2670 τὴν
3183 2599 3278 2651 ἐπὶ
3303 2602 3415 2663 τοῖς
3445 2598 3650 2669 ἐνόχοις
3680 2597 3811 2665 φιλ-

2207 2690 2524 2762 ανθρωπίαν
2562 2689 2875 2745 ἀναδύεται.
2908 2689 2982 2760 Ση
2993 2688 3173 2759 μαίνει
3200 2689 3257 2742 δὲ
3288 2688 3531 2752 κάκεῖνο,
3575 2687 3714 2741 κατά
3744 2702 3813 2754 γε

2211 2783 2302 2838 τὸν
2346 2782 2615 2853 ἡμέτερον
2658 2780 2807 2844 νοῦν,
2859 2781 2940 2834 ὅτι
2978 2781 3146 2850 πολλὴ
3191 2780 3290 2850 μὲν
3332 2780 3505 2846 ἁγίων
3543 2776 3817 2850 πρεσϐεία

2212 2874 2522 2946 ἀναϐέϐηκε
2569 2873 2706 2945 πρὸς
2746 2872 2838 2925 τὸν
2877 2871 3032 2937 Θεὸν,
3079 2870 3222 2941 ὑπὲρ
3269 2869 3364 2923 τοῦ
3407 2869 3655 2939 Ἰσραήλ*
3708 2870 3814 2922 οὐκ

2214 2967 2571 3039 ἐνδεχομένου
2599 2967 2659 3021 δὲ
2688 2965 2783 3020 τοῦ
2807 2965 2883 3036 μὴ
2911 2964 3347 3034 κολασθήσεσθαι.
3369 2962 3603 3034 πρέπειν
3623 2961 3811 3026 αὐτὸν,

2214 3063 2316 3123 οὐκ
2334 3062 2428 3116 ἐπὶ
2458 3062 2573 3125 τοῖς
2594 3058 2822 3132 τυχοῦσι
2848 3058 3344 3127 κατεγνωσμένων,
3363 3056 3617 3125 δεύτερον
3642 3055 3815 3109 ἐτίθει

2213 3155 2314 3226 τῆς
2341 3153 2500 3223 δίκης
2524 3152 2616 3206 τὸν
2645 3152 2815 3206 ἔλεον.
2848 3151 2972 3204 Ὅτι
2994 3148 3052 3204 δὲ
3077 3149 3338 3213 πολλάκις
3358 3149 3448 3206 διὰ
3470 3150 3580 3203 τῶν
3610 3150 3819 3220 ἡμετέ-

2215 3262 2324 3317 ρων
2352 3244 2713 3315 πταισμάτων
2740 3242 3123 3313 παραθήγεται
3151 3242 3310 3307 Θεὸς,
3339 3244 3421 3313 είς
3445 3242 3506 3296 τι
3529 3242 3623 3295 καὶ
3642 3242 3819 3311 αὐτῆς

2214 3337 2328 3393 ἐσθ’
2351 3338 2441 3392 ὅτε
2469 3337 2570 3407 τῆς
2595 3337 2679 3391 ὃτι
2713 3336 2951 3408 μάλιστα
2976 3334 3304 3405 φιλαιτάτης
3328 3333 3480 3403 αὐτῷ
3513 3333 3818 3404 γαληνότη-

2213 3445 2305 3491 τος
2343 3430 2625 3483 κατοκνεῖν
2659 3427 2758 3499 τὴν
2803 3424 3067 3491 ἐπίδοσιν,
3112 3427 3349 3496 χαλεπὸν
3401 3427 3555 3480 οὐδὲν
3600 3426 3694 3481 καὶ
3725 3425 3820 3479 διὰ

2213 3521 2421 3576 τούτων
2455 3521 2604 3575 ίδεῖν.
2649 3520 3094 3574 Ἀπεκαλύπτετό
3122 3537 3179 3573 τε
3205 3518 3295 3573 διὰ
3328 3518 3424 3573 τοῦ
3452 3520 3611 3587 ἁγίου
3643 3518 3820 3571 Πνεύ‹

2219 3630 2386 3685 ματος
2455 3614 2702 3684 Ἱερεμίᾳ
2752 3612 2831 3683 τῷ
2883 3612 3142 3683 προφήτῃ
3191 3611 3292 3681 τὴν
3348 3612 3618 3681 ἐσομένην
3674 3610 3820 3665 κατὰ

2216 3705 2444 3779 καιροὺς
2492 3707 2551 3760 ὲν
2594 3704 2751 3776 χώρᾳ
2785 3707 2855 3775 τῇ
2905 3704 3015 3759 τῶν
3061 3702 3329 3756 Ἰουδαίων
3364 3703 3615 3772 σφαγήν·
3656 3718 3822 3756 κατα·

2214 3800 2518 3873 τρεχόντων
2562 3798 2733 3868 αὐτὴν
2774 3796 3018 3866 πολέμου
3067 3796 3221 3868 νόμῳ
3254 3795 3365 3849 τῶν
3413 3794 3777 3857 Βαϐυλωνίων
3803 3809 3817 3823 ·

2215 3894 2333 3949 ἀλλ’
2387 3892 2464 3956 ὡς
2507 3890 2720 3945 πολλῶν
2772 3892 2878 3962 ἥδη
2930 3889 3212 3944 πεσόντων
3265 3905 3327 3942 τε
3372 3887 3469 3941 καὶ
3522 3886 3820 3957 ὁρωμένων

2216 3982 2451 4054 νεκρῶν,
2490 3981 2629 4053 πρὸς
2669 3982 2826 4051 ἆγιον
2870 3981 3160 4052 προφήτην
3205 3979 3370 4049 φησί·
3422 3998 3442 4039 ᾳ
3488 3978 3559 4033 Οἵ
3604 3995 3696 4049 μοι
3736 3980 3816 4034 ὅτι

2218 4076 2462 4130 ἐκλείπει
2495 4077 2531 4146 ὴ
2561 4074 2712 4147 ψυχή
2767 4092 2894 4145 μου,
2936 4074 3029 4128 ἐπὶ
3051 4074 3166 4136 τοῖς
3215 4071 3617 4145 ἀνῃρημένοις
3660 4087 3820 4141 περι-

2217 4168 2459 4241 δράμετε
2493 4170 2552 4223 ὲν
2598 4170 2721 4232 ταῖς
2766 4167 2906 4232 ὁδοῖς
2946 4163 3328 4237 Ἰερουσαλὴμ,
3379 4166 3475 4218 καὶ⁵
3518 4164 3689 4227 ἴδετε,
3725 4165 3824 4217 καὶ

2222 4262 2422 4332 γνῶτε,
2474 4261 2570 4316 καὶ
2609 4259 2889 4333 ζητήσατε
2924 4260 2984 4313 ἐν
3010 4260 3131 4322 ταῖς
3161 4256 3446 4320 πλατείαις
3477 4256 3651 4326 αὐτῆς
3677 4273 3690 4286 ·
3722 4255 3820 4308 ἐὰν

2219 4350 2417 4424 εὕρητε
2440 4351 2633 4424 ἄνδρα,
2664 4353 2713 4404 εἰ
2738 4350 2856 4405 εστι
2878 4348 3049 4404 ποιῶν
3073 4351 3267 4422 κρῖμα.
3294 4348 3389 4403 καὶ
3410 4347 3592 4418 ζητῶν
3616 4347 3818 4409 πίστιν,

2221 4446 2316 4499 καὶ
2348 4445 2507 4509 ἵλεως
2540 4445 2736 4515 ἔσομαι
2786 4444 2993 4509 αὐτοῖς,
3027 4441 3178 4511 λέγει
3221 4444 3443 4515 Κύριος.
3492 4459 3513 4492 ι
3556 4442 3720 4511 Ὁρᾷς
3762 4443 3821 4494 ἐν

2219 4538 2432 4602 τούτοις
2463 4537 2728 4591 ὠδίνοντα
2746 4536 2849 4606 μὲν
2878 4534 2974 4587 ἐπὶ
2992 4536 3106 4599 τοῖς
3129 4535 3498 4607 ἀνῃρημένοις
3520 4533 3706 4598 αὑτὸν,
3729 4536 3821 4587 καὶ

2222 4629 2517 4700 πρόχειρον
2573 4629 2672 4698 μὲν
2718 4628 2897 4681 ἐλεεῖν
2962 4626 3221 4681 ἐθέλοντα
3278 4626 3379 4695 τὴν
3425 4624 3817 4697 Ἱερουσαλήμ”

514 4730 603 4777 ter
652 4722 822 4777 vellet
854 4720 1298 4777 misericordiam
1355 4722 1755 4794 Hierosolymis
1814 4723 2110 4778 exercere?

2224 4721 2550 4793 εἰργόμενον
2586 4719 2644 4772 δέ
2677 4736 2783 4773 που
2808 4721 2895 4788 ἐφ’
2926 4718 3126 4773 ἑαυτοῦ
3158 4717 3462 4789 μονονουχὶ,
3487 4718 3582 4771 καὶ
3608 4716 3825 4770 ἀνασει-

516 4813 613 4870 sed
657 4823 843 4870 tamen
870 4812 941 4869 ab
982 4812 1119 4884 ipsis
1139 4814 1547 4883 quodammodo
1572 4815 1780 4877 claudit
1805 4816 2115 4887 benignita-

516 4915 628 4961 tem
655 4906 761 4963 sibi
796 4906 1023 4963 insitam
1044 4947 1059 4972 ,
1090 4914 1321 4977 propter
1350 4918 1704 4977 peccatorum
1750 4908 1950 4963 molem
1984 4924 2118 4979 pro-

517 4999 818 5069 pemodum
845 5017 967 5057 eam
996 5001 1291 5057 retrahens
1310 5010 1480 5071 atque
1504 5007 1793 5067 avertens;
1830 5001 2117 5056 nihilomi—

518 5106 626 5145 nus
648 5103 832 5147 tamen
874 5092 1075 5162 quaerit
1119 5091 1444 5147 occasiones
1478 5090 1801 5154 miserendi,
1826 5091 1903 5147 ita
1938 5100 2001 5147 ut
2034 5090 2119 5146 vel

520 5181 593 5235 ob
621 5196 793 5236 unum
815 5180 1025 5252 justum
1049 5181 1186 5238 velit
1208 5181 1350 5237 iram
1375 5180 1679 5251 deponere.
1705 5180 1949 5237 Jubebat
1969 5181 2118 5236 enim

521 5272 937 5328 circumeuntes
966 5273 1162 5328 urbem
1199 5288 1370 5328 unum
1400 5272 1505 5328 sibi
1555 5272 1853 5329 ostendere
1881 5273 2112 5343 justum.

523 5366 692 5423 Maria
723 5369 909 5438 itaque
930 5368 1211 5424 emittitur
1232 5370 1304 5424 ob
1332 5369 1564 5439 lepram,
1597 5385 1706 5439 qua
1743 5377 1867 5425 erat
1891 5369 2114 5423 infecta.

524 5460 630 5515 Sed
658 5460 915 5531 populus,
939 5460 1035 5521 ait,
1059 5476 1165 5514 non
1195 5469 1282 5515 est
1308 5462 1615 5531 profectus,
1644 5461 1825 5516 donec
1857 5460 2118 5516 mundata

524 5561 672 5608 esset
700 5552 889 5607 Maria.
917 5551 1051 5606 Nam
1066 5560 1123 5606 et
1145 5568 1247 5608 nos
1270 5554 1364 5622 qui
1389 5553 1728 5609 credidimus
1764 5553 1816 5608 in
1835 5553 2120 5609 Christum

526 5643 899 5716 exspectatnri
924 5659 1117 5702 sumus
1145 5645 1460 5702 Iudaeorum
1486 5648 1928 5718 puriﬁcationem
1948 5689 1963 5706 .
1999 5662 2120 5703 eam

2228 4810 2469 4882 ράζοντα
2495 4809 2596 4881 τὴν
2626 4810 2910 4882 θεοπρεπῆ
2934 4809 3302 4880 γαληνότητα,
3321 4807 3409 4863 διὰ
3429 4807 3488 4861 τὸ
3515 4808 3615 4877 τῆς
3643 4808 3826 4879 ἁμαρ·

2221 4902 2343 4966 τίας
2366 4900 2695 4973 ὑπέρογκον,
2724 4901 2997 4974 ζητοῦντα
3017 4901 3064 4954 δ’
3097 4896 3192 4954 οῦν
3217 4901 3369 4972 ὅμως
3391 4899 3487 4954 τοῦ
3516 4900 3826 4954 κατοικτεί-

2226 5013 2344 5068 ρειν
2375 4995 2474 5057 τὰς
2497 4995 2778 5067 ἀφορμὰς,
2811 4996 2906 5051 καὶ
2938 4987 3027 5065 ἔφ’
3063 4994 3145 5047 ἐνὶ
3178 4993 3404 5048 θέλοντα
3440 4991 3730 5046 καταλύειν
3757 4990 3825 5044 τὰ

2224 5090 2290 5143 ἐκ
2323 5088 2426 5158 τῆς
2454 5088 2628 5162 ὀργῆς
2648 5106 2661 5122 '
2690 5089 2790 5146 ἕνα
2820 5089 2932 5161 γὰρ
2971 5088 3143 5159 ἄνδρα
3172 5087 3302 5152 τοὺς
3340 5086 3598 5151 θέλοντας
3624 5086 3828 5139 ἐπιδει-

2226 5179 2420 5237 κνύναι
2460 5179 2651 5235 πιστὸν
2709 5183 2769 5236 ἐν
2817 5181 2956 5251 αὐτῇ
3003 5178 3379 5233 διεπλάττετο.
3449 5176 3829 5246 Ἐκπέμπεται

2218 5271 2401 5325 τοίνυν
2429 5273 2460 5342 ὴ
2499 5271 2738 5344 Μαριὰμ
2772 5272 2866 5324 ἐπὶ
2892 5273 2961 5341 τῇ
2996 5268 3178 5339 λέπρα
3209 5268 3466 5338 κάτοχος.
3531 5265 3674 5320 ’Δλλ’
3728 5266 3829 5319 οὐκ

2220 5360 2405 5437 ἐξῇρε,
2438 5365 2627 5435 φησὶν,
2661 5366 2691 5418 ὁ
2712 5364 2864 5426 λαὸς.
2882 5363 2989 5428 ἕως
3013 5363 3354 5437 ἐκαθαρίσθη
3381 5361 3635 5431 Μαριάμ.
3667 5360 3827 5431 Περι-

2228 5458 2501 5529 μενοῧμεν
2532 5459 2641 5529 γὰρ
2670 5459 2766 5512 καὶ
2806 5459 2969 5529 ἡμεῖς
2998 5460 3048 5512 οἱ
3077 5457 3427 5518 πιστεύοντες
3468 5454 3550 5517 εἰς
3592 5451 3829 5522 Χριστὸν

2224 5552 2317 5604 τὸν
2355 5551 2465 5604 τῶν
2512 5550 2781 5604 Ἰουδαίων
2819 5549 3184 5622 καθαρισμὸν,
3213 5549 3375 5617 δῆλον
3421 5545 3479 5600 δὲ
3508 5545 3591 5599 ὅτι
3619 5543 3711 5597 τὸν
3736 5542 3825 5596 διὰ

2228 5644 2484 5707 πίστεως,
2504 5643 2678 5699 -Οῦτω
2702 5661 2760 5697 τε
2794 5644 2853 5697 τὸ
2880 5644 3068 5700 λοιπὸν
3110 5644 3207 5707 τὰς
3237 5644 3292 5695 ἐν
3328 5639 3464 5714 τῷδε
3500 5638 3574 5708 τῷ
3603 5636 3701 5709 βίῳ
3725 5650 3825 5703 κα.-

602 5825 648 5858 “
674 5826 837 5883 Num.
865 5842 960 5895 xu,
990 5827 1073 5882 li.
1152 5827 1197 5859 ⁸⁷
1222 5829 1381 5885 Rom.
1420 5846 1474 5895 x,
1520 5829 1568 5884 1.
1614 5829 1691 5907 ni“
1721 5831 1881 5888 Num.
1919 5849 2011 5901 xn,
2047 5833 2127 5889 ll.
2208 5834 2480 5892 "Jercm.
2514 5848 2589 5901 ιγ,
2630 5831 2727 5900 51;
2760 5848 2812 5899 v,
2852 5833 2901 5888 l.
