4120 6450
345 360 456 421 605

1410 354 1944 420 GLAPHYRORUM
1983 358 2054 417 ΙΝ
2093 361 2428 421 NUMEROS
2459 359 2688 420 LIBER.

3573 370 3680 428 606

339 480 670 547 ιταλισκόντες
701 482 932 556 σκηνὰς,
963 481 1058 536 ἀπὶ
1094 481 1200 553 τὴν
1224 481 1343 537 ἀνω
1370 473 1528 538 πόλιν
1555 483 1952 555 ἀναζεύξομεν,

2073 499 2309 554 mquam,
2341 501 2466 554 quae
2495 493 2582 540 est
2613 502 2712 556 per
2744 485 2930 542 iidem.
2977 485 3069 542 Sic
3095 484 3318 542 tandem
3343 483 3672 546 tabernacu~

341 571 446 629 καὶ
499 573 584 637 εις
630 573 734 646 τὴν
780 575 879 646 τῆς
919 573 1258 644 ἐπαγγελίας
1310 574 1776 648 ἀναδραμούμεθα
1828 575 1956 645 γῆν.

356 661 651 735 ’Δληθεύει
682 663 749 736 δὴ
775 661 871 720 οὖν
897 667 926 719 ὁ
949 665 1163 736 Σωτὴρ,
1190 664 1322 718 ὅταν
1347 663 1482 736 λέγῃ
1512 663 1648 736 πρὸς
1666 667 1796 729 τοὺς
1831 664 1961 718 Ἰου-

339 754 556 818 δαίους
606 774 624 806 ι
661 755 725 808 Ei
759 755 1050 808 πιστεύετε
1087 750 1290 826 Μωσῇ,
1331 755 1651 809 ἐπιστεύετε
1698 755 1766 810 ἂν
1795 756 1918 826 ἐμοί
1943 774 1956 786 ·

343 845 480 918 περὶ
517 845 627 915 γάρ
655 845 792 918 ἐμοῦ
815 848 1023 910 ἐκεῖνος
1065 846 1309 919 ἔγραψε·
1354 865 1372 898 ι
1407 845 1474 900 δι’
1504 840 1566 901 οὗ
1598 847 1697 901 καὶ
1751 847 1872 917 μεθ’
1899 838 1960 900 οὗ

305 971 316 1018 ε
343 936 423 1006 τῷ
455 936 581 1007 Θεῷ
627 938 726 990 καὶ
756 938 938 1008 Πατρὶ
965 939 1000 1010 ἡ
1031 937 1158 1003 δόξα
1191 939 1291 992 σὺν
1330 937 1474 1008 ἁγίῳ
1521 937 1826 1009 Πνεύματι,
1865 938 1962 992 νῦν

309 1033 316 1068 ῖ
349 1033 448 1085 καὶ
471 1032 588 1098 ἀεὶ,
611 1032 710 1088 καὶ
741 1033 821 1098 είς
849 1033 978 1098 τοὺς
1001 1032 1208 1097 αἰῶνας
1234 1032 1344 1086 τῶν
1366 1030 1602 1087 αἰώνων.
1645 1034 1840 1105 ’Δμήν.

353 1314 496 1396 gap!
531 1311 648 1376 τῶν
698 1314 1268 1448 κατασκεψαμὲιςων
1309 1318 1428 1392 τὴν
1467 1312 1585 1394 γῆν
1621 1315 1736 1392 τῆς
1779 1320 1963 1394 ἐπαγ-

1037 1411 1106 1448 γε
1152 1411 1276 1448 tae.

1037 1411 1276 1462 γελιας.

422 1492 497 1539 α’.
551 1484 869 1558 Ἐξαίρετος
906 1485 1006 1558 μὲν
1045 1489 1074 1541 ὁ
1103 1470 1310 1560 κλῆρος
1335 1490 1448 1552 τοῖς
1491 1489 1711 1561 ἀγαπᾷν
1745 1489 1960 1560 ᾑρημέ-

351 1590 472 1642 νοις
510 1578 604 1634 τὸν
639 1579 780 1633 ὅλων
817 1579 1046 1651 βασιλέα
1079 1580 1237 1636 Θεόν.
1281 1581 1646 1652 Ἠτοίμασται
1679 1582 1736 1635 δὲ
1779 1584 1964 1646 αὐτοῖς

357 1673 470 1726 τῶν
503 1674 644 1746 ὑπὲρ
672 1672 801 1729 νοῦν
847 1673 1077 1743 ἀγαθῶν
1115 1676 1149 1746 ή
1207 1675 1424 1747 κτῆσις.
1469 1675 1581 1730 Καὶ
1625 1675 1962 1729 πιστώσεται

357 1763 539 1835 λέγων
569 1768 598 1821 ὁ
623 1767 904 1839 μακάριος
935 1769 1228 1840 προφήτης
1275 1769 1510 1831 Ἡσαΐας
1529 1787 1544 1802 ο
1576 1788 1594 1821 ι
1637 1769 1794 1823 Ἔστι
1831 1769 1962 1838 κλη-

357 1861 586 1933 ρονομία
607 1865 722 1926 τοῖς
747 1862 1117 1935 θεραπεύουσι
1145 1862 1409 1936 Κύριον.)
1440 1864 1553 1919 Καὶ
1582 1863 1773 1918 πάλιν·
1809 1883 1827 1916 ι
1855 1863 1963 1916 Καὶ
1999 1841 2040 1898 Β

353 1953 456 2028 ἔσῃ
495 1955 779 2020 πεποιθὼς
808 1958 904 2011 ἐπὶ
934 1958 1163 2029 Κύριον,
1206 1957 1302 2011 καὶ
1325 1957 1653 2012 ἀναϐιϐάσει
1685 1975 1746 2010 σε
1779 1957 1873 2010 ἐπὶ
1898 1955 1967 2009 τὰ

349 2045 538 2114 ἀγαθά
559 2049 661 2119 τῆς
691 2051 826 2118 γῆς·
872 2049 971 2102 καὶ
994 2045 1206 2118 ψωμιεί
1232 2065 1294 2102 σε
1330 2048 1429 2121 τὴν
1453 2048 1826 2120 κληρονομίαν
1859 2049 1966 2101 Ἰα-

355 2134 474 2192 κὼϐ
508 2137 604 2192 τοῦ
641 2139 857 2212 Πατρός
889 2156 1007 2193 σου.
1039 2133 1114 2194 Τὺ
1150 2139 1259 2212 γὰρ
1290 2142 1467 2211 στόμα
1492 2139 1702 2212 Κυρίου
1735 2139 1966 2210 ἐλάλησε

350 2228 552 2286 ταῦτα.
604 2249 624 2284 ι
676 2229 890 2286 Οὐκοῦν
923 2231 1135 2304 ἀληθὴς
1191 2233 1260 2289 ἂν
1306 2235 1416 2306 εῐη,
1455 2235 1550 2289 καὶ
1594 2233 1965 2305 ὲρηρεισμένη

353 2323 538 2397 πάντη
559 2342 618 2379 τε
646 2325 744 2380 καὶ
770 2325 992 2390 πάντως
1011 2327 1046 2398 ἡ
1078 2326 1373 2399 ὑπόσχεσις
1393 2339 1408 2358 ο
1430 2328 1491 2380 ού
1513 2327 1623 2399 γὰρ
1651 2329 1720 2382 ἂν
1743 2328 1966 2399 ἁμάρτῃ

351 2419 653 2490 τάληθοῦς,
669 2420 780 2476 οὐδ’
799 2420 869 2476 ἂν
887 2420 1243 2493 διαψεύσαιτό
1267 2439 1401 2476 ποτε
1421 2418 1483 2476 τὸ
1498 2421 1592 2476 τοῦ
1606 2421 1742 2476 Θεοῦ
1768 2422 1964 2493 στόμακ

350 2513 702 2583 ειποπερανεῖ
728 2511 787 2566 δὲ
817 2512 1036 2578 πάντως
1083 2512 1156 2568 τὰ
1204 2508 1622 2585 ἐπηγγελμένα.
1661 2514 1774 2567 Καὶ
1808 2513 1969 2567 τοῦτο

354 2605 518 2672 εἰδὼς
545 2603 575 2660 ό
605 2605 900 2672 θεσπέσιος
919 2607 1178 2680 Μελῳδὸς
1194 2607 1340 2663 οὕτω
1369 2607 1472 2662 πού
1505 2626 1641 2680 φησι
1669 2625 1682 2638 ·
1712 2629 1729 2661 ‹
1760 2609 1966 2680 Κύριος

357 2700 522 2773 μερὶς
555 2701 658 2774 τῆς
692 2701 1068 2774 κληρονομίας
1108 2717 1244 2774 μου·
1291 2701 1360 2756 σὺ
1404 2698 1454 2755 εἷ
1499 2703 1528 2754 ὁ
1569 2700 1966 2755 ἀποκαθιστῶν

356 2795 461 2865 τὴν
485 2793 858 2867 κληρονομίαν
878 2794 1024 2867 ἐμοί.
1066 2815 1085 2848 ι
1127 2795 1286 2860 Τίνες
1311 2790 1404 2850 οῦν
1425 2796 1535 2868 ἄρα
1558 2797 1608 2848 οἱ
1633 2792 1967 2868 θεραπεύον-

355 2899 453 2956 τες
481 2885 576 2945 ’τὸν
597 2888 831 2962 Κύριον,
859 2889 894 2962 ἢ
926 2891 1024 2944 καὶ
1043 2889 1126 2954 είς
1149 2889 1302 2954 τίνας
1327 2888 1472 2944 οῦτω
1499 2888 1757 2960 λαμπρός
1784 2905 1846 2940 τε
1872 2886 1970 2940 καὶ

351 2981 686 3058 ἁξιόληπτος
730 2985 1066 3057 καταντήσει
1107 2985 1345 3057 κλῆρος;
1394 2985 1459 3037 Οἱ
1492 2983 1571 3055 τῷ
1610 2983 1730 3054 Θεῷ
1775 2979 1970 3037 δοκοῦν

351 3072 756 3152 ἀποπεραίνειν
784 3077 1206 3142 ὲσπουδακότες,
1234 3078 1330 3132 καὶ
1363 3077 1501 3149 πρὸς
1523 3078 1632 3133 πᾶν
1659 3075 1839 3131 ὁτιοῦν
1861 3075 1970 3128 τῶν

2063 576 2135 631 lis
2158 576 2327 648 hujus
2347 579 2472 632 vitae
2493 579 2777 634 derelictis
2799 579 2868 634 ad
2893 595 3190 650 supernam
3223 587 3571 634 revertemur
3595 581 3673 634 ci-

2064 671 2313 736 vitatem,
2338 681 2505 743 atque
2532 673 2587 727 i‘n
2623 679 2828 729 terram
2856 690 3001 729 verm
3030 673 3422 744 promissionis
3443 681 3675 728 conten-

2064 767 2281 824 demus.
2306 765 2448 823 Vere
2493 768 2665 839 igitur
2708 767 2844 824 dicit
2889 769 3146 824 Salvator
3183 777 3399 833 noster,
3447 769 3676 838 quando

2065 861 2144 916 ait
2163 852 2240 915 ad'
2272 861 2494 917 Iudaeos
2551 879 2564 915 :
2616 882 2634 912 ‹
2677 861 2734 917 Si
2783 863 3089 918 crederetis
3136 863 3308 927 Mosi,
3369 863 3677 924 crederetis

2065 955 2260 1026 utique
2289 964 2347 1011 et
2389 956 2525 1010 mihi
2560 973 2572 1009 :
2607 956 2677 1010 de
2707 971 2794 1010 me
2831 957 2984 1010 enim
3027 957 3120 1013 ille
3149 958 3378 1028 scripsit
3399 958 3444 988 ⁶⁰
3473 976 3484 1010 :
3519 977 3535 1008 ι
3576 975 3676 1027 por

2064 1065 2232 1120 quem
2259 1058 2317 1105 et
2354 1065 2480 1105 cum
2505 1064 2618 1121 quo
2653 1051 2769 1105 Deo
2815 1058 2871 1103 et
2903 1049 3048 1104 Patri
3089 1051 3262 1119 gloria
3313 1066 3438 1104 cum
3485 1058 3674 1104 sancto

2068 1144 2302 1214 Spiritu,
2350 1160 2503 1198 nunc
2549 1151 2606 1199 et
2632 1159 2875 1213 semper,
2897 1151 2955 1198 et
2985 1144 3040 1197 in
3081 1143 3281 1199 saecula
3319 1143 3673 1199 saeculorum.

2066 1235 2263 1292 Amen.

2190 1350 2268 1406 De
2305 1351 2371 1406 iis
2395 1352 2490 1422 qui
2521 1353 2878 1422 explorarunt
2902 1357 3103 1405 terram
3141 1349 3531 1422 promissionis.

2139 1509 2358 1569 Eximia
2399 1519 2554 1568 certe
2587 1510 2887 1567 hereditas
2934 1520 3019 1566 est
3048 1507 3160 1565 illis
3207 1509 3306 1580 qui
3332 1507 3506 1564 totius
3545 1509 3675 1564 uni‘
3715 1539 3718 1542 ~

2067 1606 2216 1664 versi
2244 1621 2433 1677 regem
2455 1605 2644 1662 Iesum
2668 1603 2955 1660 Christum
2987 1603 3152 1675 387
3190 1602 3425 1673 diligere
3456 1601 3672 1665 volunt,

2067 1693 2346 1764 siquidem
2384 1694 2666 1764 possessio
2687 1693 2963 1751 honorum
2984 1700 3226 1747 mentem
3256 1706 3478 1747 omnem
3515 1708 3675 1747 exce-

2068 1787 2322 1842 dentium
2351 1787 2460 1842 illis
2481 1796 2672 1858 parata
2705 1795 2810 1843 est.
2852 1787 3029 1858 Hujus
3057 1787 3136 1843 rei
3160 1786 3326 1841 ﬁdem
3378 1785 3510 1840 facit
3541 1785 3674 1840 bea-

2069 1890 2161 1937 tus
2196 1880 2466 1954 propheta
2490 1882 2659 1937 Isaias
2686 1882 2765 1936 ita
2799 1881 2993 1936 dicens
3027 1899 3040 1934 :
3089 1901 3107 1932 ‹
3144 1880 3448 1936 Ητιποᾱίιοε
3469 1887 3555 1934 est
3578 1895 3677 1934 co-

2069 1976 2318 2032 lentibus
2358 1975 2657 2031 Dominum
2683 1975 2748 2028 “.
2789 1994 2808 2027 ι
2869 1969 2939 2028 Ει
2981 1989 3178 2028 rursus
3219 1990 3231 2026 :
3272 1992 3289 2024 ι
3319 1971 3580 2027 Conﬂdes
3619 1972 3676 2025 in

2068 2068 2387 2131 Dominum,
2419 2075 2475 2122 et
2509 2067 2762 2123 traducet
2809 2075 2862 2122 te
2888 2067 2944 2122 in
2991 2075 3196 2122 terram
3231 2067 3456 2130 bonam,
3509 2070 3565 2120 et
3593 2066 3676 2120 ci-

2068 2160 2227 2216 babit
2261 2168 2312 2216 te
2349 2160 2675 2215 haereditate
2707 2160 2878 2216 Jacob
2916 2159 3094 2230 patris
3123 2159 3226 2213 tui.
3266 2157 3340 2213 Os
3379 2158 3527 2212 enim
3567 2157 3674 2212 Do-

2069 2251 2207 2305 mini
2236 2252 2354 2306 haec
2381 2251 2630 2305 locutum
2660 2258 2748 2305 est
2764 2251 2829 2303 θ’.
2869 2269 2886 2300 ι
2913 2249 3055 2305 Vera
3088 2249 3256 2318 igitur
3281 2256 3338 2302 et
3369 2247 3526 2301 ﬁrma
3553 2263 3675 2300 om-

2068 2345 2206 2399 nino
2251 2351 2338 2400 est
2374 2343 2692 2414 promissio,
2741 2350 2935 2413 utpote
2969 2357 3095 2412 quae
3133 2359 3164 2395 a
3214 2341 3450 2395 veritate
3488 2355 3678 2395 errare

2071 2443 2333 2508 nequeat,
2365 2452 2469 2492 nec
2492 2436 2701 2506 poterit
2739 2451 3077 2506 quemquam
3111 2434 3303 2490 fallere
3344 2451 3408 2490 os
3435 2433 3675 2496 Domini,

2071 2530 2168 2585 sed
2192 2529 2343 2600 quod
2403 2530 2701 2600 promittit,
2741 2529 3056 2586 certissime
3097 2528 3333 2599 perficit.
3374 2528 3546 2598 Cujus
3595 2528 3676 2581 rei

2070 2639 2182 2678 non
2213 2624 2441 2694 ignarus
2491 2623 2782 2684 Psalmista
2823 2623 2898 2678 ita
2945 2623 3076 2677 alibi
3125 2622 3306 2677 dicit:
3349 2641 3368 2672 ι
3413 2621 3681 2675 Dominus

2070 2725 2202 2788 pars
2228 2716 2569 2772 haereditatis
2599 2732 2760 2781 mete,
2789 2716 3058 2772 etcalicis
3090 2715 3201 2770 mei
3242 2733 3253 2768 :
3296 2721 3350 2768 tu
3381 2729 3440 2768 es
3462 2712 3558 2783 qui
3586 2728 3677 2766 re-

2071 2809 2273 2865 stitues
2314 2809 2699 2864 haareditatem
2740 2822 2921 2864 meam
2967 2809 3104 2864 mihi
3129 2807 3194 2862 ”.
3239 2827 3258 2858 ι
3303 2805 3411 2862 Sed
3449 2806 3676 2876 quinam

2071 2906 2204 2954 sunt
2231 2899 2308 2953 illi
2337 2900 2585 2956 cultores
2623 2899 2879 2963 Domini,
2906 2899 2972 2954 ad
3009 2914 3154 2970 quos
3197 2897 3338 2952 adeo
3393 2897 3576 2967 ampla
3622 2902 3680 2951 et

2073 2999 2225 3065 grata
2250 2999 2484 3050 ventura
2508 2993 2582 3049 sit
2629 2991 2964 3049 hmreditas?
2999 2992 3103 3059 Qui
3139 2991 3192 3044 id
3231 2991 3378 3062 quod
3420 2991 3532 3045 Deo
3558 2989 3676 3058 pla-

2073 3095 2164 3142 cet
2191 3094 2457 3156 prtestare
2486 3086 2763 3162 nituntur,
2792 3094 2849 3141 et
2876 3085 2942 3140 ad
2968 3084 3155 3138 omnia
3181 3083 3344 3138 laude
3372 3082 3536 3153 digna
3559 3080 3675 3135 for-

354 3173 834 3245 τεθαυμασμένων
862 3172 1103 3244 ἀμελητὶ
1134 3172 1374 3248 διᾴττειν
1393 3172 1617 3237 εἰδότες,
1645 3171 1740 3226 καὶ
1768 3170 1969 3234 παντὸς

2076 3176 2208 3233 titer
2225 3176 2589 3242 contendunt,
2614 3192 2678 3231 ac
2711 3175 3138 3246 diligentissime
3173 3172 3429 3243 quemvis
3480 3171 3680 3226 adver-

354 3265 556 3340 ἐχθροῦ
591 3264 890 3321 καταθλεῖν
929 3265 1237 3320 ἀοκνότατα
1265 3264 1618 3338 προθέμενοι,
1645 3265 1736 3318 καὶ
1760 3266 1859 3334 οὐχ
1896 3263 1972 3325 ὡς

358 3360 524 3425 ἰδίαις
551 3359 846 3432 δυνάμεσι,
901 3359 1072 3431 ἢγουν
1113 3358 1424 3430 εὐτεκνίαις
1469 3359 1968 3431 ἐπιθαρσήσαντες,

353 3451 478 3506 ἀλλ’
508 3451 676 3506 ὅπλον
695 3449 889 3524 ὥσπερ
910 3467 964 3504 τι
996 3450 1392 3522 προϊσχόμενοι
1420 3450 1520 3523 τὴν
1549 3449 1760 3506 ἄνωθεν
1785 3449 1968 3520 χάριν,

278 3617 290 3627 .
357 3545 749 3617 προεστηκότα
793 3561 856 3598 τε
910 3543 1009 3599 καὶ
1072 3541 1483 3608 συνασπίζοντα
1530 3541 1624 3597 τὸν
1670 3542 1781 3597 τῶν
1831 3542 1971 3596 ὅλων

356 3640 585 3709 ἔχοντες
612 3638 765 3693 Θεόν.
807 3637 1164 3702 Διατεθέντες
1201 3636 1313 3709 γάρ
1347 3637 1512 3704 οῦτω,
1556 3637 1755 3707 φασίν*
1795 3656 1814 3690 ι
1859 3636 1974 3690 Οὐκ

356 3731 458 3784 ἐπὶ
487 3729 569 3801 τῷ
594 3728 734 3803 τόξῳ
756 3747 862 3803 μου
883 3729 1087 3795 ὲλπιῶ,
1111 3729 1260 3803 καὶὴ
1297 3731 1544 3802 ῥομφαία
1576 3748 1680 3802 μου
1709 3729 1772 3784 ού
1805 3729 1973 3784 σώσει

359 3839 456 3894 με.
488 3821 744 3886 Ἔσωσας
774 3821 886 3895 γὰρ
908 3821 1060 3894 ἡμᾶς
1099 3822 1166 3877 ἑκ
1187 3821 1298 3876 τῶν
1329 3821 1629 3878 θλιϐόντων
1671 3823 1843 3894 ἡμᾶς,
1876 3823 1974 3876 καὶ

353 3913 490 3978 τοῦς
519 3912 818 3985 μισοῦντας
854 3914 1008 3985 ἡμᾶς
1041 3911 1415 3986 κατῄσχυνας.
1453 3932 1472 3966 ι
1509 3915 1651 3980 Τοὺς
1701 3914 1804 3987 μὲν
1835 3915 1972 3985 ἀγα-

353 4007 491 4071 Οοὺς
529 4007 627 4063 καὶ
645 4005 1105 4080 εὐτολμοτάτους,
1137 4007 1234 4062 καὶ
1265 4008 1346 4072 είς
1371 4006 1435 4061 τὸ
1455 4008 1656 4080 χρῆναι
1693 4008 1972 4063 πιστεύειν

356 4099 748 4174 ἑτοιμοτέρους
774 4139 792 4166 ,
851 4101 1344 4172 ὲκπρεπεστάτους
1403 4101 1682 4168 ἀποτελεῖ,
1736 4102 1973 4174 πλουσίᾳ

357 4192 510 4265 χειρὶ
532 4189 812 4264 διανέμων
839 4190 910 4246 τά
941 4191 1158 4262 ἀγαθάο
1180 4193 1310 4258 τοὺς
1334 4192 1391 4248 δέ
1415 4211 1480 4264 γε
1519 4194 1591 4248 τὰ
1623 4194 1848 4249 πάντων
1886 4196 1971 4250 ατ-

359 4302 562 4358 σχιστα
588 4286 770 4340 νοσεῖν
795 4285 1114 4358 ᾑρημένους
1149 4286 1232 4351 είς
1275 4285 1338 4340 τὸ
1371 4286 1621 4354 ἀπειθὲς,
1661 4289 1970 4342 ἀποϐουκο-

357 4379 520 4452 λήσει
567 4377 792 4442 πάντως
836 4377 950 4432 τῶν
992 4377 1317 4434 ἀπολέκτων
1363 4379 1592 4453 ἀγέλης,
1629 4381 1726 4436 καὶ
1772 4382 1973 4447 παντὸς

355 4471 700 4543 ἁποσοδήσει
743 4459 1074 4543 πράγματος
1097 4471 1517 4544 κατευφραίνειν
1543 4473 1770 4539 εἰδότος.
1817 4476 1972 4530 Ἐπι-

2077 3267 2288 3324 sarium
2354 3283 2620 3338 superare
2688 3267 2991 3332 laborant:
3038 3265 3205 3334 idque
3261 3279 3373 3318 non
3438 3263 3680 3333 propriis

2076 3361 2290 3417 viribus
2319 3361 2631 3425 ascribunt,
2658 3376 2882 3430 sumque
2923 3358 3234 3422 industrim,
3277 3356 3323 3412 si
3352 3355 3576 3426 quando
3598 3356 3680 3410 vi—

2074 3454 2306 3509 ctoriam
2335 3453 2662 3517 obtineant,
2715 3468 2781 3507 ae
2814 3450 3159 3522 triumphum
3207 3454 3527 3519 reportent;
3580 3445 3674 3502 sed

2074 3545 2307 3617 gratiam
2329 3560 2360 3600 e
2383 3545 2639 3615 supernis
2671 3543 2842 3599 veluti
2878 3559 3031 3598 arma
3073 3539 3325 3610 quredam
3353 3554 3468 3609 prie
3503 3554 3562 3593 se
3602 3537 3680 3592 fc-

2076 3647 2230 3705 runt,
2282 3638 2604 3708 habentque
2649 3637 2819 3708 hujus
2875 3635 3122 3691 universi
3166 3636 3342 3689 Deum
3388 3631 3678 3704 przcsidem

2075 3742 2244 3804 atque
2272 3739 2765 3803 propugnatorem.
2800 3731 2879 3786 lta
2908 3731 3057 3786 enim
3109 3727 3370 3784 instructi
3410 3735 3578 3797 atque
3608 3725 3679 3780 ita

2074 3827 2262 3883 animo
2306 3825 2492 3880 aﬂecti
2525 3824 2685 3880 aiunt
2728 3840 2854 3880 cum
2906 3822 3153 3878 Davide:
3201 3841 3219 3872 ι
3261 3821 3378 3876 Non
3430 3820 3489 3874 in
3547 3833 3680 3873 arcu

2073 3935 2201 3976 meo
2225 3918 2482 3990 sperabo,
2511 3933 2694 3988 neque
2726 3916 2946 3988 gladius
2971 3930 3130 3970 meus
3165 3913 3410 3969 servabit
3452 3927 3560 3968 me.
3597 3909 3681 3964 Tu

2073 4013 2226 4070 enim
2257 4010 2509 4068 liberasti
2536 4025 2639 4066 nos
2664 4010 2734 4066 ab
2754 4007 3129 4080 atiligentibus
3151 4021 3276 4073 nos,
3307 4012 3366 4060 et
3407 4003 3502 4074 qui
3543 4003 3680 4059 ode—

2075 4112 2207 4160 runt
2234 4118 2336 4158 nos
2373 4100 2757 4159 confudisti“.
2799 4120 2818 4152 ι
2885 4100 3069 4155 Bonos
3131 4099 3317 4170 itaque
3369 4112 3432 4151 ac
3485 4095 3678 4160 fortes,

2075 4199 2285 4271 quique
2308 4198 2378 4254 ad
2405 4195 2752 4254 credendum
2772 4193 3150 4265 promptiores
3182 4197 3344 4257 sunt,
3380 4190 3526 4244 Deus
3561 4205 3681 4243 ma-

2075 4294 2225 4349 xime
2253 4291 2500 4364 insignes
2538 4289 2739 4354 edicit,
2785 4289 2935 4358 larga
2973 4303 3140 4342 manu
3189 4286 3336 4341 bona
3382 4284 3677 4346 triouens;

2074 4405 2174 4444 cos
2199 4400 2334 4443 vero
2358 4386 2454 4457 qui
2479 4382 2818 4454 turpissimis
2854 4381 3282 4452 quibuscunque
3335 4377 3489 4433 vitiis
3527 4378 3682 4432 labo-

2078 4491 2224 4548 rant,
2252 4489 2310 4537 et
2332 4479 2401 4535 ad
2427 4476 2875 4534 incredulitatem
2897 4473 3166 4529 labuntur
3187 4511 3202 4533 .
3242 4471 3416 4543 abigit
3462 4470 3534 4524 ab
3564 4470 3680 4524 ele-

355 4567 608 4638 φωνήσει
631 4564 690 4620 δὲ
717 4563 796 4630 ὡς
828 4563 963 4637 παρ⁴
984 4564 1206 4637 ἑκάστῳ
1227 4565 1466 4638 μάλιστα
1489 4568 1717 4633 δικαίως
1735 4587 1750 4601 ο
1777 4590 1796 4621 ι
1819 4569 1968 4644 Αὕτη

2078 4583 2297 4631 ctorum
2329 4587 2515 4644 grege,
2552 4579 2611 4626 et
2642 4570 2713 4625 ab
2737 4568 2892 4646 omni
2939 4583 3026 4633 re,
3057 4583 3181 4638 quae
3205 4565 3451 4621 laetitiam
3481 4563 3682 4620 afferre

358 4663 396 4730 ἡ
435 4658 600 4730 μερίς
620 4675 744 4724 σου,
781 4658 944 4729 μερὶς
969 4657 1066 4713 τοῦ
1099 4660 1353 4716 ἀπειθεῖν
1377 4662 1524 4733 ὑμᾶς
1554 4663 1698 4734 ἐμοί.
1731 4683 1750 4715 ι
1784 4665 1970 4718 Τοιού-

354 4769 475 4816 τοις
516 4750 994 4815 ὑποπεπτωκότας
1023 4751 1341 4824 ἐγκλήμασι
1383 4754 1510 4818 τοὺς
1547 4754 1654 4810 τῶν
1698 4757 1972 4812 Ἰουδαίων

353 4847 572 4918 δήμους
633 4845 967 4918 εὑρήσομεν.
1039 4845 1336 4919 Τοιγάρτοι
1406 4849 1804 4922 διωλισθήκασι
1869 4854 1971 4923 τῆς

360 4937 608 5002 ἐλπίδος,
637 4939 735 4991 καὶ
761 4937 1071 5010 ἀπόκληροι
1099 4941 1465 5012 μεμενήκασι.
1501 4942 1683 4996 καίτοι
1718 4943 1820 5013 τῆς
1844 4944 1970 5013 κλη-

367 5030 626 5102 ρονομίας
641 5029 816 5103 οὔσης
843 5031 1031 5086 αὐτῶν
1049 5049 1061 5060 ·
1083 5032 1248 5104 εἴπερ
1274 5035 1426 5088 ἐστὶν
1446 5034 1670 5107 ἀληθὲς,
1692 5036 1769 5100 ὡς
1790 5038 1974 5092 αὐτῶν

359 5127 505 5182 εἰσιν
523 5127 580 5180 αἱ
612 5125 964 5195 ἐπαγγελίαι,
994 5126 1140 5181 κατά
1172 5126 1272 5200 τὴν
1301 5125 1397 5184 τοῦ
1435 5130 1712 5201 μακαρίου
1755 5133 1971 5186 Παύλου

360 5217 572 5288 φωνήν.
613 5215 837 5288 Ἐπειδὴ
863 5215 923 5271 δὲ
953 5216 1291 5288 ἠπειθήκασι
1318 5215 1397 5288 τῷ
1415 5217 1671 5272 καλοῦντι
1696 5221 1832 5289 πρὸς
1870 5222 1969 5274 αὖ·

357 5311 486 5375 τὰς,
517 5309 783 5381 ἀμέτοχοι
816 5311 1187 5384 μεμενήκασι,
1223 5310 1320 5366 καὶ
1357 5311 1502 5365 κατά
1526 5311 1629 5382 τὴν
1657 5311 1754 5366 τοῦ
1790 5314 1972 5386 Σωτῆ-

361 5421 456 5474 ρος
499 5405 724 5476 φωνήνο
763 5423 784 5462 ι
824 5392 1124 5475 Γεγόνασιν
1157 5406 1208 5459 οι
1254 5404 1472 5475 ἔσχατοι
1513 5405 1743 5478 πρῶτοι,
1794 5409 1888 5461 καὶ
1922 5409 1971 5462 oi

358 5497 578 5570 πρῶτοι
606 5497 848 5569 ἔσχατοι.
882 5517 901 5550 ι
930 5498 1040 5554 Καὶ
1064 5497 1226 5553 τοῦτο
1251 5498 1318 5570 δὴ
1347 5499 1510 5555 πάλιν
1543 5499 1602 5567 ἐξ
1633 5501 1818 5554 αὐτῶν
1840 5504 1976 5572 ἡμῖν

357 5593 472 5645 τῶν
512 5591 894 5663 ἀρχαιοτέρων
929 5596 1375 5664 προανειρωνείτο
1411 5595 1784 5666 Γραμμὰτων.
1817 5597 1972 5667 Ἔχει

357 5685 417 5739 δὲ
443 5685 621 5740 οὕτω·
654 5704 673 5738 ι
713 5686 824 5740 Καὶ
863 5686 1004 5756 μετά
1040 5685 1212 5741 ταῦτα
1245 5686 1440 5761 ἐξῇρεν
1469 5691 1498 5743 ὁ
1542 5689 1668 5753 λαὸς
1710 5689 1770 5754 ἐξ
1813 5690 1965 5744 ’Λσο-

437 5803 484 5834 ίθ
519 5803 677 5857 Joan.
702 5818 757 5866 v,
790 5803 877 5856 46.
961 5806 1002 5838 εί
1047 5808 1146 5863 lsa.
1170 5824 1275 5864 Ην.
1316 5808 1397 5862 l7.

437 5807 484 5834 “’
519 5807 757 5866 Joan.v,
790 5807 877 5856 Ml.
961 5807 1002 5838 εί
1047 5808 1275 5864 Isauv.
1316 5808 1397 5862 l7.
1480 5808 1650 5866 "lsa.
1697 5825 1842 5876 tvm,
1889 5807 1970 5868 ii.

373 5867 420 5908 I3
461 5874 628 5908 “th
676 5890 740 5908 τι·
799 5873 865 5908 AR

381 5873 420 5908 ⁵⁵
461 5874 652 5939 ltatth.
676 5890 766 5941 μ,
799 5873 888 5938 16.

2077 4669 2272 4742 possit,
2308 4673 2577 4724 semovet.
2615 4662 2957 4720 Acclamabit
2980 4670 3166 4718 autem
3194 4661 3396 4716 animis
3423 4661 3680 4724 istorum,

2076 4772 2134 4820 et
2171 4761 2386 4832 optimo
2425 4757 2655 4831 quidem
2699 4760 2823 4829 jure
2869 4775 2882 4811 :
2929 4777 2946 4808 ι
2975 4757 3082 4811 lsta
3124 4763 3210 4811 est
3247 4753 3428 4825 portio
3476 4761 3680 4815 vestra,

2076 4869 2280 4926 nempe
2301 4862 2364 4908 ut
2380 4866 2492 4907 non
2521 4849 2766 4906 credatis
2789 4848 2927 4904 mihi
2945 4848 3045 4901 “.i
3081 4846 3398 4904 Istiusmodi
3426 4843 3682 4899 crimini-

2079 4948 2187 5006 bus
2221 4947 2457 5020 populos
2486 4943 2805 5001 Judmorum
2840 4942 3113 4997 obnoxios
3136 4939 3497 5010 reperiemus.
3525 4937 3684 4992 Unde

2081 5053 2138 5100 ct
2171 5059 2271 5114 spe
2323 5039 2698 5102 exciderunt,
2743 5046 2912 5106 atque
2946 5033 3267 5091 ethredes
3322 5037 3682 5095 manserunt;

2079 5136 2299 5196 etiamsi
2339 5133 2636 5191 haereditas
2673 5131 2922 5202 ipsorum
2949 5135 3130 5193 esset;
3181 5125 3460 5197 siquidem
3491 5141 3685 5180 verum

2078 5239 2165 5283 est
2186 5226 2335 5298 quod
2361 5239 2554 5280 eorum
2582 5222 2695 5278 sint
2718 5218 3306 5292 promissiones,juxta
3328 5217 3686 5272 voccmhcati

2077 5320 2254 5378 Pauli.
2278 5319 2348 5374 At
2372 5324 2732 5388 posteaquam
2766 5328 2876 5367 non
2911 5310 3269 5367 crediderunt
3290 5311 3362 5376 ei,
3385 5310 3479 5380 qui
3513 5311 3579 5366 ad
3609 5310 3689 5380 ip-

2079 5429 2168 5468 sas
2203 5407 2603 5482 promissiones
2637 5403 2876 5468 vocavit,
2907 5410 3233 5460 manserunt
3272 5409 3529 5458 exsortes
3559 5419 3570 5454 :
3603 5410 3680 5464 et,

2075 5499 2548 5577 quemadmodum
2601 5495 2858 5553 Salvator
2917 5503 3111 5550 noster
3165 5496 3410 5551 docuit:
3467 5514 3488 5545 ι
3532 5494 3681 5548 Facti

2074 5606 2205 5655 sunt
2235 5591 2398 5667 primi
2427 5588 2629 5654 ultimi,
2669 5596 2725 5645 et
2753 5587 2933 5644 ultimi
2962 5589 3125 5659 primi
3159 5589 3223 5642 ⁶⁶.
3264 5609 3282 5639 ι
3314 5587 3471 5654 Quod
3501 5586 3707 5654 ipsum.

2069 5689 2233 5745 nobis
2263 5688 2318 5741 in
2342 5683 2628 5742 veteribus
2651 5679 2877 5738 Litteris
2904 5682 3386 5753 prmsigniiicaulm
3419 5685 3504 5732 est
3522 5717 3536 5740 ,
3559 5690 3686 5746 quae

2054 5809 2097 5840 “3
2127 5807 2270 5866 Psal.
2308 5821 2396 5874 xv,
2602 5799 2647 5831 ""
2691 5799 2833 5858 Psal.
2861 5813 3010 5865 mu,
3048 5799 3101 5852 7.
3212 5796 3257 5828 ⁸⁸
3300 5795 3402 5850 lsa.
3428 5808 3559 5859 xvn,
3591 5791 3676 5846 li.
