4056 6260
472 304 530 358 ii
1577 301 2014 358 ARGUMEMTA
2054 296 2593 364 CLAPHYRORUM.
3657 309 3730 369 12

3333 441 3705 455 M

1711 575 1831 665 IN
1910 571 2471 667 EXODUM.

1155 748 1282 803 LIB.
1316 748 1354 801 l.

2793 746 2943 800 ΛΟΓ.
2994 746 3068 800 A'.

466 841 546 897 De
568 842 843 897 nativitate
871 839 1063 911 Hoysis
1091 838 1298 895 Christo
1324 836 1615 910 applicata.
2156 872 2170 888 .
2251 874 2264 887 .
2345 874 2358 887 .
2441 875 2453 890 .
2536 875 2549 888 .
2630 876 2642 888 .
2720 875 2740 890 .
2818 876 2830 888 .
2910 874 2924 886 .
3015 875 3027 887 .
3105 876 3116 887 .
3202 876 3214 888 .
3299 877 3313 891 .
3391 878 3404 892 .
3483 876 3498 892 .
3576 877 3592 892 .
3670 879 3685 893 .

467 931 707 1001 Amplius
733 931 797 983 de
826 929 1022 1000 Moyse.
1055 928 1227 984 Exodi
1250 945 1286 982 ι.

1168 928 1227 984 di
1250 945 1286 982 ι.
2155 925 2286 977 Ἔτι
2316 924 2453 992 περὶ
2493 924 2770 991 Μωσέως.

444 1021 544 1076 .De
569 1021 763 1075 visione
796 1020 986 1091 Moysis
1009 1022 1065 1073 in
1093 1019 1240 1072 rubo.
1264 1018 1437 1073 Exodi
1461 1035 1519 1080 ιι,
1551 1034 1628 1071 ιιι.

2151 1015 2291 1084 Περὶ
2333 1014 2447 1084 τῆς
2494 1016 2753 1083 Μωσέως
2805 1018 3098 1084 ὀπτασίας
3139 1017 3248 1087 τῆς
3303 1019 3373 1072 ἐν
3416 1017 3494 1084 τῷ
3532 1019 3719 1085 βάτῳ.

1135 1130 1263 1185 LIB.
1304 1130 1367 1185 ll.
2419 1174 2424 1179 .
2803 1130 2956 1184 ΛΟΓ.
2994 1131 3069 1185 B’.

469 1223 545 1277 De
573 1224 738 1277 hostia
772 1222 915 1291 agni.
948 1221 1117 1275 Exod.
1145 1235 1238 1274 xu.

2149 1220 2288 1289 Περὶ
2312 1220 2421 1288 τῆς
2446 1222 2664 1288 θυσίας
2694 1222 2799 1275 τοῦ
2836 1223 3047 1290 ἀμνοῦ.

471 1313 547 1365 De
573 1314 961 1367 consecratione
989 1313 1478 1383 primogenitorum.
1514 1310 1688 1365 Exodi
1710 1326 1825 1366 xm.

1786 1326 1825 1366 ι,
2149 1306 2289 1374 Περὶ
2324 1306 2435 1375 τῆς
2465 1307 2807 1375 ἀναθέσεως
2833 1308 2952 1362 τῶν
2983 1313 3388 1377 πρωτοτόκων.

469 1403 545 1456 De
578 1403 813 1468 Merrha,
843 1413 890 1456 et
924 1402 1063 1473 ligno
1098 1402 1237 1473 quod
1266 1411 1532 1455 ostensum
1554 1411 1629 1454 est
1654 1402 1803 1455 beato
1847 1400 2035 1471 Moysi.

2148 1399 2287 1466 Περὶ
2317 1399 2569 1467 Μερῤᾶς,
2598 1400 2695 1453 καὶ
2744 1401 2849 1454 τοῦ
2900 1401 3091 1466 ξύλου
3118 1404 3364 1470 παραδει
3370 1405 3617 1473 χθέντος
3645 1404 3721 1471 τῷ

538 1491 712 1551 Exodi
728 1507 812 1546 xv.
1324 1538 1333 1547 .

2212 1491 2483 1556 μακαρίῳ
2509 1489 2716 1557 Μωσῇ.
2968 1539 2990 1569 I

467 1581 543 1637 De
569 1600 769 1637 manna
804 1593 853 1636 et
872 1585 1154 1636 coturnice.
1188 1583 1363 1637 Exodi
1386 1598 1493 1636 xw.

2150 1578 2291 1644 Περὶ
2326 1578 2435 1631 τοῦ
2466 1579 2666 1646 μάννα
2698 1582 2796 1635 καὶ
2839 1582 2947 1651 τῆς
2977 1584 3437 1654 ὀρτυγομήτρας.

463 1673 544 1727 De
572 1674 736 1726 tribus
769 1691 799 1726 a
818 1673 991 1743 Moyse
1020 1675 1248 1743 patratis
1274 1673 1622 1727 admirandis.
1656 1671 1828 1726 Exodi
1859 1688 1935 1736 ιιι,
1966 1688 2038 1727 1v.

2150 1669 2288 1738 Περὶ
2317 1668 2436 1723 τῶν
2464 1669 2560 1722 διὰ
2589 1671 2843 1737 Μωσέως
2874 1674 3207 1741 γεγονότων
3236 1676 3412 1743 τριῶν
3434 1676 3716 1745 σημείων.

1125 1783 1257 1838 LIB.
1287 1784 1376 1840 Ill.
2792 1785 2944 1839 ΛΟΓ.
2996 1785 3070 1839 Γ’.

466 1875 545 1930 De
571 1885 723 1946 petra
755 1892 1021 1947 percussa.
1052 1875 1226 1930 Exodi
1265 1892 1410 1942 xvu;
1447 1877 1610 1931 Num.
1639 1892 1726 1932 xx.

1553 1892 1610 1930 n.
1639 1892 1726 1932 xx.
2139 1873 2282 1941 Περὶ
2324 1871 2431 1941 τῆς
2468 1875 2884 1944 παταχθείσης
2916 1876 3155 1946 πέτρας.

465 1967 544 2022 De
594 1968 693 2021 Dei
733 1970 790 2022 in
843 1977 1072 2021 montem
1114 1965 1247 2021 Sina
1291 1967 1570 2035 descensu,
1619 1978 1669 2022 et
1736 1968 2041 2022 assistentia

2141 1964 2282 2034 Περὶ
2310 1965 2422 2035 τῆς
2451 1966 2522 2021 ἐν
2557 1967 2637 2033 τῷ
2667 1967 2786 2036 ὄρει
2811 1967 2958 2025 Σινᾶ
2993 1969 3276 2039 καθόδου,
3315 1971 3415 2025 καὶ
3456 1971 3569 2042 τῆς
3612 1989 3715 2027 παρ

536 2058 776 2113 Israelis.
810 2058 984 2113 Exodi
1017 2074 1123 2112 χιχ.

2200 2058 2560 2125 ραστάσεως
2604 2061 2714 2114 τοῦ
2760 2060 3022 2129 Ἰσραήλ.

463 2151 540 2205 De
577 2167 796 2205 ascensu
834 2149 1024 2221 Moysis
1057 2158 1107 2205 et
1151 2150 1336 2206 Aaron
1368 2153 1426 2205 in
1484 2159 1734 2217 montem,
1767 2152 1891 2205 item
1922 2150 2036 2206 Na-

2142 2148 2282 2217 Περὶ
2300 2148 2410 2217 τῆς
2436 2152 2524 2214 εὶς
2543 2150 2611 2203 τὸ
2645 2151 2782 2219 ὅρος
2799 2153 3024 2207 ἀνόδου
3050 2155 3309 2222 Μωσέως
3337 2158 3436 2211 καὶ
3471 2158 3715 2227 Ἀαρὼν,

533 2243 655 2308 dab,
686 2242 875 2308 Abiud,
907 2251 958 2296 et
1008 2245 1344 2312 septuaginta
1392 2243 1456 2297 de
1512 2243 1802 2298 senioribus
1853 2241 2055 2317 populi.

2216 2242 2314 2294 καὶ
2364 2241 2570 2296 Ναδὰό
2607 2241 2704 2295 καὶ
2746 2243 2995 2310 Ἀϐιοὺδ,
3040 2245 3286 2300 καὶτῶν
3310 2247 3716 2318 ἐϐδομήκοντα

532 2334 727 2388 Israel.
761 2334 933 2389 Exodi
966 2350 1111 2389 xxiv.

2208 2332 2626 2402 πρεσϐυτέρων
2660 2333 2768 2388 τοῦ
2818 2336 2983 2389 λαοῦ.

463 2424 541 2479 De
573 2425 736 2479 vitulo
769 2441 923 2497 quem
947 2424 1193 2496 con/lavit
1223 2423 1416 2479 Israel.
1451 2425 1625 2480 Exodi
1656 2441 1819 2480 χχχιι.

1409 2464 1416 2479 .
1451 2425 1625 2480 Exodi
1656 2441 1819 2480 χχχιι.
2136 2426 2273 2494 Περὶ
2308 2427 2710 2494 μοσχοποιίας
2745 2427 3011 2495 Ἰσραήλ.

462 2516 542 2573 De
568 2516 831 2572 velamine
861 2519 917 2572 in
946 2516 1080 2587 facie
1105 2516 1316 2589 Moysis.
1347 2516 1519 2572 Exodi
1560 2533 1738 2572 xxxiv.

2135 2513 2274 2583 Περὶ
2312 2513 2418 2568 τοῦ
2458 2514 2844 2581 κωύμματος
2875 2512 2981 2567 τοῦ
3010 2513 3081 2566 έν
3124 2512 3204 2578 τῷ
3246 2513 3543 2582 προσώπῳ
3588 2518 3715 2568 Μω-

2206 2606 2379 2670 σέως.

1648 2880 1767 2968 IN
1842 2878 2553 3003 LEYITICUM.

458 3053 608 3120 Quod
635 3050 826 3109 Christi
856 3056 1030 3126 passio
1061 3056 1130 3108 sit
1155 3053 1434 3110 salutaris.
1472 3054 1646 3111 Levit.
1682 3072 1739 3110 ιι.

1635 3098 1646 3109 .
1682 3072 1739 3110 ιι.
2140 3055 2272 3110 Ὀτι
2311 3054 2569 3124 Χριστοῦ
2597 3054 2662 3109 τὸ
2694 3053 2883 3120 πάθος
2916 3052 3231 3122 σωτήριον.

458 3148 609 3215 Quod
635 3165 728 3203 nos
756 3152 985 3219 mystica:
1013 3150 1384 3205 benedictionis
1414 3150 1538 3221 [acti
1581 3152 1886 3220 participes,
1909 3167 2025 3204 om-

2141 3148 2271 3200 Ὀτι
2314 3145 2422 3215 τῆς
2485 3144 2789 3215 μυστικῆς
2844 3145 3130 3215 εὐλογίας
3167 3145 3236 3197 έν
3259 3144 3496 3214 μεθέξει
3540 3161 3710 3215 γεγο-

527 3240 653 3293 nino
687 3255 750 3292 ac
779 3240 985 3309 penitus
1014 3239 1187 3293 sancti
1229 3239 1495 3309 divinique
1524 3240 1690 3291 simus
1715 3239 1902 3307 futuri.
1921 3240 2029 3294 Le-

2198 3240 2392 3303 νότες,
2434 3236 2586 3305 ἅγιοι
2607 3236 2705 3290 καὶ
2736 3236 2878 3303 ἱεροὶ
2904 3236 3100 3305 πάντη
3146 3236 3245 3290 καὶ
3291 3236 3531 3301 πάντως
3572 3235 3706 3290 50'6-

529 3329 707 3394 vit.vi,
741 3346 868 3384 xvu.

764 3346 868 3384 :vu.
2195 3327 2366 3393 μεθα.

457 3418 535 3471 De
564 3419 903 3472 inundatione
928 3418 1107 3490 leprae.
1134 3420 1310 3475 Levii.
1351 3436 1472 3489 xxv;
1509 3421 1670 3475 Num.
1702 3438 1753 3474 v.

1702 3438 1753 3474 v.
2133 3415 2272 3485 Περὶ
2309 3415 2416 3470 τοῦ
2462 3415 2836 3485 καθαρισμοῦ
2888 3415 3000 3484 τῆς
3043 3416 3290 3486 λέπρας.

455 3509 532 3563 De
562 3509 872 3563 Iudaeorum
916 3506 1218 3580 Synagoga.
1247 3518 1306 3563 ut
1360 3513 1693 3565 contumacia
1751 3510 1819 3563 sit
1856 3510 2026 3580 lapsa.

2133 3510 2269 3577 Περὶ
2308 3508 2421 3578 τῆς
2461 3507 2580 3562 τῶν
2620 3508 2923 3562 Ἰουδαίων
2946 3507 3325 3579 συναγωγῆς,
3350 3507 3440 3563 ὅτι
3477 3507 3704 3574 συνέϐη

525 3601 607 3655 Ex
639 3600 814 3656 Levit.
848 3616 955 3665 xiv,
987 3600 1246 3667 Jeremia,
1279 3603 1440 3667 Isaia,
1474 3603 1785 3667 Ezechiele,
1819 3612 1918 3655 etc.

1513 3604 1785 3667 lzechicle,
1819 3612 1918 3655 etc.
2203 3599 2415 3655 πεσεῖν
2447 3599 2644 3666 αὐτὴν
2692 3597 2760 3663 ἐξ
2795 3599 3115 3665 ἀπειθείας.

454 3692 533 3746 De
559 3708 618 3746 eo
646 3692 783 3762 quod
816 3691 995 3746 Aaron
1051 3708 1155 3746 non
1204 3708 1408 3763 semper
1456 3692 1788 3764 ingrediatur
1830 3690 2029 3746 Sancta

2130 3690 2269 3757 Περὶ
2303 3689 2407 3743 τοῦ
2448 3689 2534 3758 μὴ
2569 3686 2946 3755 εὶσέρχεσθαι
2986 3687 3094 3741 τὸν
3144 3687 3371 3757 Ἀαρὼν
3420 3687 3519 3742 διὰ
3553 3698 3704 3744 πανυ

522 3792 849 3839 sanctorum.
888 3783 1065 3837 Levit.
1090 3799 1197 3838 XVI.

2203 3778 2308 3844 τός
2345 3780 2432 3842 εὶς
2463 3779 2536 3833 τὰ
2570 3775 2748 3847 ’Ἅγια
2791 3775 2911 3830 τῶν
2939 3778 3142 3847 ἁγίων.

3304 3914 3699 3929 *ῤ-

497 3915 573 3932 -ῑ,

1678 4065 1786 4154 IN
1864 4062 2481 4155 NUMEBOS.

448 4239 527 4295 De
558 4239 784 4304 Christo,
817 4249 865 4292 et
909 4239 1220 4294 Juda'orum
1274 4237 1580 4311 Synagoga,
1628 4253 1698 4292 ex
1725 4236 1886 4291 Num.
1921 4253 2018 4303 xu,

1969 4253 2018 4303 ιι,
2130 4238 2270 4305 Περὶ
2305 4239 2562 4307 Χριστοῦ
2606 4238 2706 4293 καὶ
2741 4235 2848 4304 τῆς
2890 4237 3183 4292 Ἰουδαίων
3212 4235 3571 4305 Συναγωγῆς

518 4328 672 4386 Oscae
694 4346 787 4394 vn,
811 4329 1013 4385 Jercm.
1048 4345 1159 4395 xm,
1191 4339 1286 4383 etc.

2120 4329 2261 4397 Περὶ
2311 4328 2430 4383 τῶν
2472 4329 3026 4400 κατασκεψαμένων
3071 4328 3185 4396 τὴν
3228 4327 3346 4399 γῆν
3374 4324 3482 4395 τῆς
3520 4325 3699 4396 ἐπαγ-

447 4420 527 4474 De
573 4421 636 4474 iis
692 4421 780 4491 qui
815 4420 1170 4491 explorarunt
1204 4429 1402 4473 terram
1446 4419 1824 4490 promissionis.
1858 4418 2019 4474 Num.
2190 4420 2416 4489 γελίας.
2948 4467 2963 4481 κ

521 4526 643 4576 xlv;
680 4511 842 4565 Deut.
878 4527 932 4577 1;
968 4509 1136 4565 Josue
1158 4527 1266 4564 xlv.
2120 4512 2123 4525 ‘

2120 4511 2250 4565 Ὀτι
2275 4511 2521 4581 γέγονεν
2545 4511 2689 4581 ἡμῖν
2714 4511 2893 4579 ἄρτος
2921 4511 3070 4580 ζωῆς
3113 4515 3146 4566 ό
3181 4512 3457 4578 Χριστός.

447 4597 713 4651 Christum
735 4598 878 4652 nobis
909 4614 1019 4652 esse
1055 4615 1245 4670 panem
1267 4600 1405 4654 vitaz.
1432 4598 1595 4654 Num.
1622 4614 1708 4652 xv.

2122 4600 2258 4668 Περὶ
2294 4599 2407 4669 τῆς
2440 4600 2752 4671 δαμάλεως
2785 4600 2891 4667 τῆς
2927 4599 3178 4668 πυρρᾶς,
3221 4598 3331 4666 τῆς
3380 4595 3695 4649 κατακαεί-

447 4686 525 4741 De
558 4704 717 4741 vacca
749 4688 874 4758 rufa
905 4696 1056 4742 extra
1076 4696 1253 4743 castra
1280 4688 1567 4743 combusta.
1602 4690 1765 4745 Num.
1800 4708 1908 4746 χιχ.

1528 4707 1567 4743 ι.
1602 4690 1765 4745 Num.
1800 4708 1908 4746 χιχ.
2190 4706 2309 4756 σης
2343 4690 2458 4755 ἔξω
2482 4690 2594 4760 τῆς
2638 4687 3039 4759 παρεμϐολῆς.
3122 4740 3130 4746 .

445 4774 524 4831 De
554 4785 794 4851 serpente
821 4794 984 4833 aeneo.
1013 4778 1175 4832 Num.
1205 4794 1329 4845 xxi;
1369 4778 1525 4833 Joan.
1562 4796 1638 4833 ιιι.

1451 4794 1525 4833 m.
1562 4796 1638 4833 ιιι.
2120 4783 2259 4850 Περὶ
2298 4782 2402 4837 τοῦ
2436 4782 2627 4851 ὄφεως
2668 4782 2773 4836 τοῦ
2803 4781 3053 4851 χαλκοῦ.

1414 5027 1536 5112 ΙΝ
1614 5025 2726 5119 DEUTERONOMIUM.

369 5213 396 5238 υ
446 5199 522 5253 De
544 5198 712 5252 vitula
740 5199 890 5269 cujus
926 5200 1071 5252 nervi
1092 5200 1281 5252 concisi
1312 5209 1435 5252 sunt
1468 5201 1524 5253 in
1550 5200 1710 5255 valle.
1735 5202 1968 5256 Deut.xx

2113 5200 2252 5269 Περὶ
2296 5199 2404 5269 τῆς
2462 5201 3058 5273 νενευροκοπημένης
3127 5200 3436 5271 δαμάλεως
3466 5202 3562 5253 ’ἐν
3610 5198 3686 5269 τῇ

443 5288 521 5344 De
551 5286 771 5342 muliere
793 5294 968 5359 capta,
1007 5303 1133 5342 rasa
1174 5295 1222 5343 et
1272 5291 1531 5359 unguibus
1578 5293 1815 5359 praecisa.
1852 5294 2009 5346 Deut.
2180 5293 2454 5362 φάραγγι.

510 5392 624 5440 χχι,
650 5376 737 5432 10.
2112 5383 2251 5451 Περὶ
2297 5383 2408 5453 τῆς
2450 5384 2825 5453 αἰχμαλώτου
2858 5381 3144 5459 γυναικὸς
3204 5381 3539 5451 ξυρομένης
3583 5382 3681 5437 καὶ

445 5469 518 5522 De
544 5486 602 5521 eo
623 5470 713 5539 qui
747 5478 933 5523 contra
961 5472 1128 5526 hostes
1161 5471 1378 5527 militat.
1407 5473 1566 5528 Deut.
1595 5490 1744 5529 xxm.

1022 5479 1128 5526 hstes
1161 5471 1378 5527 militat.
1407 5473 1566 5528 Deut.
1595 5490 1744 5529 xxm.
2180 5474 2624 5544 όνυχιζομένης.

443 5563 515 5617 De
540 5563 811 5617 duodecim
873 5563 1134 5632 lapidibus
1185 5566 1390 5620 albario
1423 5566 1573 5622 illitis
1629 5576 1777 5621 trans
1806 5567 2003 5621 Jorda-

1950 5585 2003 5620 π-
2110 5565 2251 5631 Περὶ
2282 5566 2391 5619 τοῦ
2429 5565 2837 5634 πολεμοῦντος
2869 5564 3016 5633 πρὸς
3048 5565 3184 5630 τοὺς
3219 5562 3552 5631 ἐναντίους.

510 5672 646 5706 nem.
681 5655 841 5708 Deut.
871 5670 1031 5708 χχιιι.

2113 5655 2248 5724 Περὶ
2274 5655 2390 5710 τῶν
2414 5657 2601 5711 λίθων
2623 5656 3077 5724 κεκονιαμένων.

444 5745 514 5801 Ου’
552 5746 798 5798 electione
828 5744 1002 5797 .hsuc.
1038 5745 1191 5797 Deut.
1225 5761 1364 5798 xxxi.

1354 5785 1364 5797 .
2112 5748 2249 5816 Περὶ
2289 5747 2548 5817 ἐκλογῆς
2583 5747 2687 5801 τοῦ
2725 5747 2950 5816 Ἰησοῦ,
