4056 6260
399 403 2470 438 W

2474 406 3605 438 Μ

1166 565 1395 653 ΤΟΥ
1430 568 1575 652 ΕΝ
1611 564 1975 652 ΑΓΙΟΙΣ
2012 561 2447 652 ΠΑΤΡΟΣ
2521 565 2851 652 ΗΜΩΝ

1335 744 2703 954 ΚΥΡΙΑΛΟΥ

1144 1039 1981 1096 ’ΔΡΧῙΕΠῙΣΚΟΙῘΟΥ
2076 1040 2813 1099 ΔΛΕΞΑΝΔΡΕῘΔΣ

980 1203 1869 1343 ΓΛΑΦΥΡΩΝ
1950 1208 2210 1338 ΕΙΣ
2303 1212 3001 1343 ΓΕΝΕΣΙΝ

1559 1442 1924 1532 ΛΟΓΟΣ
1996 1444 2468 1532 ΠΡΩΤΟΣ.

372 1824 549 2001 S.
778 1814 1557 1998 PATRIS
1739 1812 2530 1995 NOSTRI
2737 1815 3615 1995 CYBILLI

1467 2133 1931 2194 ALEXANDRLE
1989 2132 2529 2203 ARCHIEPISCOPI,

916 2317 2126 2449 GLAPHYRORUM
2189 2315 2345 2440 IN
2420 2312 3118 2445 GENESIM

1517 2601 1869 2694 LIBER
1943 2605 2429 2698 PRIMUS.

1938 2818 2012 2832 α·-

378 2953 502 3016 ὀτι
542 2960 639 3016 διὰ
687 2959 890 3028 πάσης
932 2959 1043 3029 τῆς
1095 2961 1352 3027 Μωσέως

443 3030 695 3100 Χριστοῦ
716 3029 1050 3099 μυστήριον
1081 3029 1529 3101 αἰνιγματωδῶς(
1557 3029 1930 3102 σημαίνεται.

448 3159 468 3192 ε
518 3139 805 3210 Ἐρευνᾶτε
834 3139 930 3203 τὰς
958 3139 1197 3209 Γραφὰς,
1236 3159 1254 3191 ι
1286 3144 1398 3204 τοῖς
1439 3142 1710 3197 Ἰουδαίων
1746 3143 1936 3214 δήμοις

372 3229 836 3301 προσπεφώνηκεν
878 3232 906 3282 ὁ
943 3231 1206 3301 Χριστόςο
1240 3233 1339 3304 οὐχ
1370 3233 1574 3304 ἑτέρως
1623 3235 1689 3288 ἂν
1721 3234 1935 3305 ἰσχῦσαι

367 3322 468 3393 τῆς
515 3321 739 3385 αἰωνιας
800 3321 945 3392 ζωῆς
999 3322 1280 3392 ἐφικέσθαι
1333 3324 1504 3386 τινας,
1568 3325 1935 3396 ἐναργέστατα

366 3413 559 3483 λέγων,
604 3415 650 3466 εἰ
690 3414 764 3485 μὴ
814 3414 1063 3486 καθάπερ
1088 3414 1207 3468 τινὰ
1254 3415 1524 3487 θησαυρὸν
1554 3417 1934 3487 ἀνορύττοντες

366 3502 428 3555 τὸ
461 3502 691 3572 γράμμα
741 3503 802 3556 τὸ
846 3503 1087 3573 νομικὸν,
1130 3503 1223 3555 τὸν
1266 3506 1325 3555 ἐν
1361 3505 1507 3574 αὑτῴ
1557 3506 1934 3577 κεκρυμμένον

367 3591 807 3661 περιεργάζοιντο
847 3591 1212 3664 μαργαρίτην,
1237 3593 1505 3656 τουτέστι,
1543 3595 1796 3665 Χριστὸν,
1837 3598 1933 3649 «ἐν

365 3672 410 3746 ᾧ
432 3679 632 3743 πάντες
671 3680 807 3733 εἰσὶν
840 3681 890 3733 οἱ
930 3680 1195 3750 θησαυροὶ
1218 3682 1316 3750 τῆς
1346 3682 1537 3750 σοφίας
1562 3685 1655 3736 καὶ
1680 3685 1933 3750 γνώσεως

365 3773 415 3826 oi
465 3774 790 3843 ἀπόκρυφοι,
845 3790 864 3823 ι
922 3774 1062 3827 κατὰ
1108 3773 1206 3844 τήν
1250 3771 1347 3829 τοῦ
1402 3776 1671 3843 μακαρίου
1718 3776 1930 3829 Παύλου

367 3865 567 3934 φωνήν.
612 3864 745 3934 Περὶ
775 3865 873 3934 τῆς
904 3864 1048 3917 οὕτω
1093 3864 1297 3934 σεπτῆς
1345 3872 1436 3919 καὶ
1478 3867 1807 3935 ἀξιαγάστου
1844 3884 1933 3921 σο-

365 3951 495 4020 φίας
534 3952 654 4022 ἦτοι
697 3951 949 4019 γνώσεως
989 3952 1092 4022 ἔφη
1137 3971 1240 4007 που
1287 3958 1383 4008 καὶ
1436 3955 1704 4025 Σολομῶνσ
1740 3975 1759 4007 ι
1806 3955 1931 4010 Ἐὰν

367 4044 608 4116 ζητήσῃς
652 4045 819 4114 αὐτὴν
849 4044 1038 4114 ὥσπερ
1076 4045 1361 4118 ἀργύριον,
1393 4048 1488 4101 καὶ
1520 4047 1596 4111 ὼς
1624 4046 1929 4119 θησαυροὺς

364 4135 730 4204 ἀνερευνήσῃς
777 4134 965 4205 αὐτὴν,
1022 4136 1143 4188 τότε
1186 4138 1449 4207 συνήσειςι
1483 4136 1646 4204 φόϐον
1704 4138 1930 4209 Κυρίου,

364 4226 459 4279 καὶ
505 4225 796 4294 ἐπίγνωσιν
845 4225 981 4280 Θεοῦ
1027 4228 1285 4300 εὑρήσῃς.
1329 4247 1347 4279 ι
1384 4228 1595 4281 Γένοιτο
1642 4227 1686 4280 δ’
1717 4228 1782 4282 ἂν
1812 4228 1931 4281 οὐδὲ

1452 2963 1658 3042 σαφής,
1701 2965 1770 3046 τῤ
1824 2964 1965 3028 τοῦ⁴

1452 3051 1520 3099 υς
1557 3050 1930 3102 σημαίνεται.

2038 2967 2081 3036 ι
2113 2963 2264 3032 Quod
2294 2982 2387 3037 per
2423 2971 2601 3023 omnia
2635 2967 2793 3022 Hosis
2827 2971 2931 3022 scri
2971 2977 3026 3022 ta
3075 2972 3378 3039 mysterium
3413 2968 3611 3025 Christe

2521 3037 2751 3105 ﬁgurate
2777 2987 3119 3105 signiﬁcetur.

2521 3037 2751 3108 ﬁgurate
2777 3037 3119 3107 signiﬁcetur.

2114 3165 2134 3198 ι
2169 3146 2499 3213 Scrutamiui
2525 3146 2837 3215 Scripturas
2861 3149 2897 3212 ',
2935 3166 2953 3198 ι
2986 3147 3212 3202 Judaico
3232 3148 3435 3217 populo
3456 3147 3614 3215 Chri-

2036 3247 2153 3296 stus
2186 3238 2533 3295 inclamavit:
2560 3252 2671 3292 non
2702 3238 2808 3294 alia
2847 3240 3059 3294 ratione
3097 3238 3166 3293 ad
3193 3238 3357 3292 vitam
3398 3240 3611 3309 pertin-

2034 3347 2162 3401 gere
2202 3348 2361 3403 posse
2406 3331 2669 3402 quosdam
2716 3331 3004 3386 manifeste
3047 3330 3256 3394 dicens,
3306 3332 3413 3385 nisi
3443 3334 3612 3388 veluti

2036 3427 2353 3481 thesaurum
2391 3425 2681 3495 quemdam
2714 3423 3035 3477 etl'odieutes
3081 3422 3307 3492 legalem
3351 3423 3610 3489 litteram,

2035 3516 2274 3571 abditam
2314 3516 2369 3570 in
2392 3532 2456 3570 ea
2494 3515 2862 3585 margaritam,
2893 3512 2996 3567 hoc
3018 3519 3121 3576 est,
3144 3511 3445 3577 Christum,
3480 3529 3607 3583 per-

2034 3608 2336 3677 vestigent,
2372 3626 2389 3656 ι
2427 3606 2482 3659 in
2513 3620 2622 3676 quo
2652 3611 2781 3659 sunt
2817 3619 3007 3657 omnes
3053 3603 3293 3658 thesauri
3328 3604 3611 3673 sapientia:

2033 3706 2089 3752 et
2117 3698 2358 3753 scientiae
2393 3695 2718 3760 absconditi,
2759 3714 2776 3745 ›
2807 3696 2961 3764 juxta
2994 3693 3139 3748 beati
3167 3694 3317 3749 Pauli
3354 3708 3543 3748 vocem
3568 3695 3611 3747 ².

2034 3790 2110 3844 De
2142 3789 2245 3842 hac
2286 3803 2452 3858 porro
2500 3787 2637 3842 adeo
2678 3784 2992 3841 veneranda
3050 3784 3484 3852 admirandaque
3519 3799 3608 3837 sa-

2033 3874 2238 3943 pientia
2265 3890 2329 3928 ac
2360 3874 2587 3928 scientia
2623 3873 2878 3927 Salomon
2902 3873 3067 3925 etiam
3106 3871 3235 3924 alibi
3263 3872 3379 3924 ait:
3406 3871 3456 3939 2
3493 3890 3511 3920 ι
3556 3871 3609 3924 Si

2032 3960 2313 4029 quaesieris
2336 3975 2455 4014 eam
2515 3961 2658 4013 sicut
2697 3966 2981 4027 argentum
3006 3996 3020 4019 ,
3057 3966 3113 4010 et
3145 3959 3290 4011 sicut
3323 3958 3612 4012 thesauros

2033 4060 2306 4106 scrutatus
2337 4049 2507 4103 fueris
2534 4064 2651 4102 eam
2674 4088 2687 4110 ,
2720 4056 2849 4101 tunc
2893 4046 3167 4117 intelliges
3209 4048 3458 4107 timorem
3502 4049 3609 4103 De-

2034 4141 2190 4205 miui,
2218 4149 2274 4194 et
2302 4138 2583 4194 scientiam
2636 4137 2732 4191 Dei
2776 4137 3023 4191 invenies
3058 4137 3098 4193 ³.
3153 4156 3172 4189 ι
3227 4137 3333 4193 Cui
3386 4141 3607 4210 quidem

2034 4232 2114 4285 rei
2166 4229 2301 4285 nihil
2361 4227 2804 4299 aequiparandum
2855 4226 3022 4282 fuerit
3069 4228 3398 4299 inculpatam
3439 4231 3606 4284 vitam

365 4318 457 4372 τοῦ
482 4318 683 4372 τοιοῦδε
713 4320 773 4373 τδ
801 4321 1130 4385 ἰσοστατοῦν,
1166 4320 1320 4391 παρὰ
1350 4336 1411 4373 τε
1440 4323 1549 4383 τοῖς
1574 4320 1672 4390 τὴν
1694 4317 1927 4389 ἀμώμη-

2033 4320 2420 4383 laudantibus,
2488 4319 2711 4389 optimis
2774 4317 3351 4399 prmstantispimisque
3430 4322 3605 4375 actio-

367 4426 459 4462 τον
502 4407 783 4463 ἐπαινοῦσι
831 4409 994 4480 ζωὴν,
1049 4412 1140 4463 καὶ
1174 4409 1474 4480 κατορθοῦν
1526 4409 1820 4480 ᾑρημένοις
1861 4409 1929 4461 τὰ

365 4498 585 4554 πάντων
620 4499 814 4568 ἄριστα
847 4501 938 4552 καὶ
986 4499 1254 4572 ἐξαίρετα,
1302 4501 1397 4553 καὶ
1438 4501 1614 4570 φωτὸς
1658 4500 1752 4552 τοῦ
1787 4499 1930 4551 θείου

364 4591 458 4643 Irim
485 4592 683 4643 οἰκεῖον
732 4591 1105 4662 ἀναπιμπλᾶσι
1136 4592 1261 4645 νοῦν
1280 4610 1296 4623 ·
1328 4591 1417 4644 διά
1438 4609 1520 4645 τοι
1543 4589 1637 4643 τοῦ
1671 4590 1780 4642 δεῖν
1819 4591 1933 4651 τοῖς

364 4683 492 4756 περὶ
515 4681 648 4735 Θεοῦ
677 4680 854 4750 λόγοις
882 4684 1279 4752 ἀκαταλήπτως
1302 4683 1594 4752 ἐντρυφᾷν,
1625 4681 1716 4734 καὶ
1743 4680 1933 4749 λύχνον

363 4772 552 4844 ὥσπερ
580 4772 700 4827 τινὰ
726 4773 997 4827 ποιεῖσθαι
1028 4771 1090 4825 τὸ
1119 4772 1358 4844 Γράμρα
1388 4771 1447 4824 τδ
1479 4769 1642 4842 ἱερὸν,
1674 4768 1813 4822 κατὰ
1843 4769 1932 4821 τὸν

364 4863 516 4931 ἅγιον
573 4863 877 4933 Ψαλμῳδδν
946 4862 1346 4934 διακεκραγότα
1397 4879 1456 4915 τε
1522 4861 1615 4914 καὶ
1670 4859 1930 4927 λέγονταο

370 4973 389 5005 ι
424 4955 628 5025 Λύχνος
664 4957 776 5018 τοῖς
820 4954 943 5008 ποσί
993 4972 1094 5025 μου
1134 4957 1162 5007 ὁ
1193 4954 1354 5025 νόμος
1396 4971 1510 5017 σου,
1547 4954 1639 5005 καὶ
1674 4950 1789 5020 φῶς
1816 4953 1934 5009 ταῖς

363 5045 564 5115 τρίϐοις
593 5064 715 5115 μου.
757 5064 775 5096 ι
807 5045 1015 5099 Οὐκοῦν
1043 5045 1338 5117 ἐπειδήπερ
1368 5042 1550 5112 σαφῶς
1582 5042 1674 5095 καὶ
1698 5043 1931 5108 ἀναφανυ

364 5135 451 5189 δδν
497 5135 638 5207 ζωῆς
687 5138 803 5189 ἐστι
860 5136 958 5207 τῆς
1001 5137 1218 5190 αἰωνίου
1269 5135 1545 5206 πρόξενον,
1584 5134 1679 5187 καὶ
1714 5133 1932 5203 ἀπάσης

365 5229 495 5297 ἡμῖν
516 5229 779 5298 εὐθυμίας
798 5228 916 5292 ὁδὸς
937 5229 998 5282 τὸ
1018 5228 1477 5300 περιεργάζεσθαι
1507 5226 1679 5295 φιλεῖν
1706 5224 1768 5277 τὸ
1797 5224 1933 5293 Χρι-

365 5316 493 5371 στοῦ
539 5322 835 5391 μυστήριον
855 5338 870 5353 ·
904 5321 1037 5392 φέρε
1066 5321 1130 5393 δὴ
1181 5322 1340 5374 πάλιν
1377 5318 1576 5391 ἱδρῶτα
1604 5314 1931 5388 προσθέντες

361 5406 456 5461 τὸν
481 5408 817 5481 ὀνησιφόρον,
850 5411 943 5464 καὶ
971 5410 1078 5483 πρό
1106 5425 1168 5478 γε
1200 5411 1305 5463 τῶν
1338 5409 1511 5465 ἄλλων
1540 5407 1635 5459 καὶ
1673 5407 1803 5475 ἡμῖν
1833 5404 1929 5456 αὖ·

360 5500 492 5567 τοῖς,
508 5499 576 5553 τὰ
599 5499 665 5554 δι’
687 5492 763 5553 ὧν
785 5499 851 5554 ἂν
876 5502 1008 5571 ἡμῖν
1031 5501 1089 5554 τὸ
1117 5500 1351 5570 Χριστοῦ
1375 5498 1670 5568 μυστήριον
1694 5491 1753 5547 εὖ
1785 5494 1928 5564 μάλα

428 5678 449 5712 ¹
476 5680 630 5738 Joan.
658 5699 712 5741 ν.
746 5682 832 5737 19.
908 5680 1064 5746 ’,σοι
1100 5697 1164 5741 u.
1189 5681 1240 5734 3.
1307 5680 1325 5712 ³
1356 5680 1511 5733 Prov.
1544 5695 1602 5742 ιι,
1630 5678 1683 5741 4,
1716 5678 1763 5730 5.

2035 4412 2197 4466 nibus
2241 4425 2433 4465 vacare
2473 4409 2786 4463 volentibus
2817 4449 2832 4472 ,
2887 4417 2945 4463 et
2989 4419 3228 4464 mentem
3266 4409 3458 4464 divino
3520 4413 3606 4464 lu-

2030 4504 2176 4556 mine
2210 4502 2470 4570 repletam
2505 4500 2834 4554 habentibus
2867 4517 2879 4553 :
2914 4510 3205 4569 propterea
3249 4501 3394 4571 quod
3441 4517 3605 4571 opor-

2033 4598 2141 4644 teat
2175 4591 2229 4644 in
2260 4590 2347 4653 iis,
2383 4604 2505 4659 quae
2544 4589 2612 4642 de
2654 4589 2765 4642 Deo
2805 4590 3007 4658 scripta
3053 4599 3201 4654 sunt,
3235 4590 3608 4645 indesinenter

2029 4697 2148 4736 sese
2191 4681 2494 4745 oblectare,
2527 4693 2590 4734 ae
2630 4679 2804 4733 veluti
2853 4679 3133 4734 lucernam
3182 4682 3471 4749 quamdam
3518 4697 3606 4736 sa—

2030 4786 2178 4825 cram
2213 4770 2545 4840 Scripturam
2598 4768 2701 4823 sibi
2745 4776 3021 4833 statuere,
3067 4772 3219 4840 juxta
3265 4772 3603 4827 Psalmistam

2035 4862 2357 4917 clamantem
2397 4876 2460 4915 ac
2495 4861 2807 4915 dicentem:
2841 4879 2859 4911 ι
2913 4860 3162 4914 Lucerna
3208 4862 3441 4931 pedibus
3470 4864 3605 4917 meis

2033 4950 2121 5004 lex
2146 4958 2256 5015 tua,
2291 4959 2346 5004 et
2376 4950 2558 5004 lumen
2590 4949 2801 5003 semitis
2829 4950 2968 5003 meis
2999 4951 3039 5002 ⁵.
3070 4969 3088 4999 ι
3115 4950 3251 5005 Cum
3284 4952 3466 5020 itaque
3497 4968 3603 5008 ma-

2033 5038 2229 5094 nifeste
2266 5047 2559 5109 aperteque
2607 5047 2859 5092 accurata
2897 5038 3142 5107 mysterii
3191 5038 3396 5093 Christi
3449 5040 3601 5093 inve-

2032 5132 2249 5201 stigatio
2284 5140 2544 5186 aeternam
2580 5131 2749 5185 vitam
2806 5130 3096 5193 conciliet,
3148 5137 3204 5183 et
3264 5131 3332 5184 ad
3389 5146 3603 5183 omnem

2032 5223 2198 5277 animi
2223 5223 2666 5292 tranquillitatem
2695 5233 2845 5278 recta
2865 5221 3023 5275 nobis
3048 5220 3120 5274 sit
3142 5221 3257 5284 via;
3281 5236 3399 5288 age,
3416 5236 3601 5275 rursus

2035 5313 2382 5367 utilissimum
2408 5314 2648 5367 laborem
2672 5312 3012 5381 adjicientes,
3044 5325 3107 5364 ac
3135 5323 3246 5378 pne
3275 5308 3415 5374 aliis,
3440 5311 3601 5365 etiam

2032 5405 2194 5463 nobis
2219 5405 2368 5476 ipsis,
2398 5421 2460 5461 ea
2492 5421 2589 5475 per
2616 5421 2737 5474 qua:
2754 5404 2954 5458 Christi
2984 5399 3299 5471 mysterium
3324 5418 3485 5472 quam
3512 5418 3602 5472 οι·-

2033 5498 2164 5553 time
2211 5498 2371 5552 nobis
2413 5495 2706 5566 signiﬁcari
2755 5492 2946 5562 possit,
2984 5491 3240 5562 colligere
3288 5493 3495 5564 pariter
3549 5506 3599 5546 οι

1845 5676 1865 5704 ’⁸
1898 5676 2035 5731 Psai.
2077 5690 2255 5731 cxvm.
2286 5673 2404 5725 405.
