4056 6260
456 355 518 407 15
1470 351 1525 406 S.
1568 351 1842 406 CYRlLLl
1881 352 2346 408 ALEXANDRINI
2382 351 2698 409 ARClllEP.
3642 335 3710 414 16Δ

453 485 563 540 quo
583 479 740 540 pacto
770 471 1034 541 cujusque
1069 469 1147 524 rei
1173 484 1366 524 sensus
1392 483 1510 524 sese
1540 469 1759 535 habent,
1781 470 2027 524 oratione

2138 473 2614 543 κατασημαίνοιτο,
2665 473 2980 544 συναγεῖραι
3029 491 3086 526 τε
3131 475 3264 545 ἅμα,
3323 485 3414 528 καὶ
3461 476 3606 540 ὅπως
3637 479 3702 530 ἀν

453 561 709 630 persequi
738 560 1162 627 contendamus,
1198 569 1259 615 ut
1285 575 1405 629 qua:
1435 575 1466 613 a
1499 559 1660 615 nobis
1687 560 1909 616 inventa
1943 560 2029 614 di-

454 661 650 721 ctaque
695 660 844 718 sunt,
880 650 1108 706 subtiles
1157 650 1515 721 cogitationes
1561 648 1849 714 habentia,
1889 665 2029 704 non-

454 759 733 814 nunquam
783 744 1058 799 veriorum
1110 743 1634 812 contemplationum
1692 740 2033 797 doctioribus

453 836 595 890 bona
627 836 738 890 sint
775 835 1012 899 occasio,
1047 844 1103 889 et
1131 834 1333 906 gradus
1365 833 1767 903 quodammodo
1795 833 1864 887 ad
1890 849 2029 902 prae-

453 915 771 980 stantiorem
829 925 1175 993 maximeque
1228 924 1518 978 sublimem
1549 924 1694 978 illam
1746 923 2030 977 scientiam

451 1017 768 1071 evehentes.
800 1016 1150 1086 Exponemus
1182 1015 1364 1084 itaque
1393 1015 1601 1069 utiliter
1624 1029 1688 1068 ea
1711 1028 1833 1082 quae
1857 1013 2030 1070 histo-

453 1110 566 1162 rice
601 1115 749 1177 gesta
777 1114 928 1171 sunt,
960 1106 1418 1176 convenientique
1445 1121 1634 1160 eorum
1663 1103 2031 1159 declaratione

451 1200 719 1263 adhibita,
750 1207 807 1253 et
830 1198 1000 1254 veluti
1034 1215 1104 1253 ex
1147 1207 1275 1268 typo
1315 1206 1478 1268 atque
1524 1196 1716 1250 umbra
1757 1195 2030 1249 narratio-

452 1305 580 1345 nem
607 1288 1078 1354 transformantes,
1108 1291 1305 1344 claram
1333 1287 1782 1356 manifestamque
1810 1301 1930 1341 eam
1955 1286 2032 1340 ef-

452 1381 720 1446 ﬁciemus,
757 1382 1014 1436 tendente
1046 1382 1207 1435 nobis
1233 1379 1478 1435 oratione
1507 1379 1574 1432 ad
1597 1379 1800 1433 Christi
1834 1385 2033 1448 myste-

455 1472 619 1538 rium,
645 1481 700 1527 et
727 1473 902 1542 ipsum
923 1472 1157 1527 habente
1184 1472 1346 1526 ﬁnem
1371 1488 1384 1523 :
1409 1470 1680 1539 siquidem
1703 1484 1895 1522 verum
1916 1476 2028 1532 est,

453 1564 598 1633 quod
639 1563 763 1618 ﬁnis
800 1564 936 1635 legis
963 1572 1020 1618 et
1059 1563 1453 1632 prophetarum
1492 1571 1576 1615 est
1619 1559 1869 1615 Christus
1898 1559 1938 1612 ⁵.
1974 1558 2031 1612 Si

451 1670 582 1710 vero
611 1655 814 1710 alicubi
859 1654 1159 1723 contingat,
1201 1653 1364 1706 etiam
1399 1652 1655 1705 aberrare
1695 1651 1762 1704 ab
1803 1651 1869 1705 iis
1912 1666 2032 1719 qute

453 1746 624 1817 magis
654 1751 782 1800 sunt
811 1748 1198 1807 consentanea,
1231 1751 1417 1811 utpote
1443 1741 1498 1794 in
1527 1749 1676 1795 tanta
1701 1742 2032 1810 contempla-

453 1835 668 1891 tionum
695 1831 998 1888 subtilitate
1024 1839 1186 1903 atque
1209 1833 1564 1896 obscuritate,
1593 1847 1808 1900 aequum
1837 1841 1920 1884 est
1953 1839 2032 1884 -ut

453 1927 669 1981 veniam
701 1924 847 1995 apud
875 1925 1138 1979 lectorem
1175 1923 1538 1978 inveniamus.
1575 1923 1870 1978 Sciendum
1899 1938 2032 1977 vero

455 2019 620 2072 etiam
643 2017 769 2082 hoc,
793 2015 938 2087 quod
960 2031 1084 2070 cum
1101 2015 1178 2069 De
1199 2015 1506 2068 adoratione
1521 2023 1569 2067 et
1593 2013 1736 2067 cultu
1762 2017 1817 2068 in
1840 2015 2032 2084 spiritu

457 2115 507 2160 et
521 2109 740 2162 veritate
765 2122 871 2161 xvn
887 2105 1060 2161 libros
1078 2105 1480 2175 scripserimus,
1498 2107 1835 2175 multamque
1855 2105 1912 2158 in
1927 2105 2034 2159 illis

455 2199 976 2268 contemplationum
1019 2197 1231 2268 capiam
1283 2198 1550 2266 complexi
1599 2197 1805 2261 simus,
1855 2196 2034 2265 capita

456 2292 586 2346 huic
621 2291 773 2360 operi
799 2291 1000 2345 inserta
1033 2297 1185 2343 certo
1218 2289 1451 2342 consilio
1481 2288 1952 2356 pretermisimus,
1980 2296 2036 2340 et

457 2381 820 2434 inexaminata
851 2379 1174 2448 reliquimus
1209 2396 1222 2429 :
1254 2377 1468 2432 tametsi
1518 2378 1796 2430 interdum
1837 2377 2036 2430 accidit

457 2481 519 2525 ut
558 2471 788 2540 alicujus
829 2453 1019 2524 eorum
1051 2468 1360 2523 necessaria
1403 2467 1472 2521 de
1514 2481 1678 2522 causa
1716 2465 2033 2520 memineri-

457 2576 599 2615 mus.
626 2559 918 2616 Ordiemur
938 2560 1121 2629 itaque
1145 2559 1214 2613 ab
1243 2559 1310 2612 iis
1331 2572 1452 2630 quae
1483 2557 1540 2613 in
1566 2557 1761 2615 Genesi
1787 2565 1913 2614 sunt
1940 2572 2037 2629 po-

458 2653 644 2708 litiora
676 2661 733 2706 et
761 2649 1080 2719 selectiora;
1110 2660 1273 2721 atque
1297 2651 1372 2705 ita
1397 2650 1655 2720 deinceps
1684 2650 1874 2704 ordine
1907 2649 2034 2703 reli-

459 2758 602 2813 quos
644 2743 808 2798 Mosis
841 2737 1012 2800 libros
1044 2734 1464 2813 percurrentes,
1508 2752 1758 2797 accurate
1790 2743 1841 2812 3
1881 2743 2035 2796 inve-

466 2834 810 2904 stigabimus,
841 2849 952 2888 una
976 2850 1101 2888 cum
1126 2833 1215 2888 his
1238 2833 1402 2887 etiam
1430 2847 1494 2886 ea
1519 2847 1640 2900 quae
1665 2847 1732 2886 ex
1758 2833 1866 2886 alio
1891 2846 2038 2884 com-

460 2927 728 2982 mentario
787 2925 854 2980 ad
916 2940 1143 2996 scopum
1206 2924 1365 2981 nobis
1422 2924 1762 2996 propositum
1824 2923 2035 2978 condu-

461 3028 612 3076 cunt.

1093 3110 1171 3164 De
1212 3111 1402 3166 Adam.

532 3202 558 3253 l
572 3241 584 3254 .
603 3201 762 3272 Legis
775 3217 901 3256 vere
921 3202 1132 3271 peritus
1155 3211 1208 3255 et
1226 3201 1623 3256 sacratissimus
1640 3202 1862 3267 Paulus,
1887 3203 2034 3257 salu—

463 3292 536 3346 tis
564 3306 664 3360 per
706 3290 984 3346 Christum
1026 3292 1344 3362 mysterium
1395 3293 1890 3360 exploratissimum
1937 3295 2036 3346 ha-

463 3383 629 3448 bens,
690 3383 802 3449 ait,
864 3383 1316 3437 instaurationem
1372 3383 1429 3436 in
1475 3383 1594 3452 ipso
1636 3381 1877 3437 futuram
1918 3398 2037 3437 om-

464 3475 643 3538 nium,
681 3489 802 3542 qua:
857 3472 911 3527 in
941 3473 1079 3526 caelo
1115 3481 1171 3526 et
1200 3487 1320 3540 quae
1360 3471 1415 3525 in
1465 3481 1614 3526 terra
1646 3480 1792 3536 sunt,
1841 3472 1896 3524 in
1947 3471 2041 3526 be-

456 3565 734 3635 .neplacito
759 3579 822 3619 ac
852 3564 1130 3618 voluntate
1158 3563 1254 3617 Dei
1277 3562 1507 3618 Patris“:
1542 3562 1926 3617 universorum
1957 3564 2041 3616 ni-

464 3658 667 3711 mirum
708 3656 1226 3727 redintegrationem
1269 3671 1568 3725 eorumque
1622 3672 1745 3725 quae
1786 3665 2040 3725 corrupta

464 3755 656 3812 erant,
699 3748 765 3802 ad
811 3747 1104 3816 pristinum
1155 3762 1315 3800 suum
1363 3753 1564 3800 statum
1602 3747 2037 3812 restitutionem,

465 3836 908 3908 anacephalwosis
971 3836 1086 3890 sive
1136 3835 1540 3889 instauratiom‘s
1585 3835 1805 3890 nomine
1851 3836 2040 3904 appel-

464 3927 604 3983 lans.
651 3928 974 3983 Meminerat
1021 3926 1198 3991 enim,
1233 3925 1309 3980 uti
1345 3940 1443 3996 par
1480 3935 1591 3992 est,
1635 3927 1732 3980 Dei
1776 3927 1908 3981 alibi
1945 3944 2042 3998 per

462 4034 652 4074 vocem
701 4019 1095 4090 prophetarum
1144 4018 1379 4074 dicentis
1426 4037 1438 4072 :
1491 4037 1510 4070 ι
1554 4019 1634 4073 Ne
1681 4018 2042 4074 memineritis

465 4110 734 4179 priorum,
779 4117 836 4164 et
879 4109 1101 4180 antiqua
1136 4125 1205 4164 ne
1248 4110 1531 4181 colligatis.
1593 4111 1734 4165 Ecce
1764 4124 1864 4180 ego
1900 4109 2040 4165 facio

465 4209 626 4260 nova,
655 4210 777 4265 quae
803 4210 952 4251 nunc
989 4196 1259 4260 orientur,
1289 4205 1345 4250 et
1369 4199 1709 4267 cognoscetis
1734 4214 1797 4251 ea
1823 4199 1864 4252 ".
1909 4217 1927 4249 ι
1958 4198 2042 4253 ld-

465 4285 614 4339 circo
639 4285 806 4340 etiam
827 4285 964 4356 ipse,
988 4293 1178 4356 utpote
1205 4285 1260 4339 in
1287 4284 1488 4340 divinis
1522 4285 1870 4340 sermonibus
1901 4301 2040 4341 enu-

467 4376 648 4440 tritus,
671 4391 792 4445 qua:
832 4375 992 4431 nobis
1042 4376 1099 4430 in
1142 4376 1229 4430 bis
1263 4375 1521 4445 praedicta
1558 4384 1708 4441 sunt,
1742 4375 1904 4430 ﬁnem
1929 4378 2041 4446 jam

2133 563 2359 616 ἕκαστον
2389 564 2606 618 ἐννοιῶν
2647 563 2780 634 ἔχοι,
2810 567 3037 618 διειπεῖν
3081 571 3495 641 σπουδάσωμεν·
3531 573 3605 637 ὼς
3635 575 3701 626 ἂν

2133 654 2343 721 γένοιτο
2368 655 2433 706 τὰ
2475 655 2608 724 πρὸς
2651 657 2808 724 ήμῶν
2839 657 3102 726 εἰρημένα
3134 658 3333 723 λεπτὰς
3356 661 3545 730 ἔχοντα
3573 681 3703 731 φαν-

2132 745 2344 808 τασίας,
2377 744 2487 798 ἔσθ’
2525 746 2612 798 ὅτε
2649 746 2709 798 τὺ
2742 747 3099 818 ἀληθέστερον
3131 749 3519 821 θεωρημάτων,
3571 758 3704 826 πρό-

2135 854 2296 906 φασις
2348 837 2526 909 ἀγαθὴ
2581 842 2694 902 τοῖς
2746 841 3199 910 εὐμαθεστέροις,
3253 847 3347 897 καὶ
3401 847 3704 918 ἀναϐασμοὶ

2133 929 2331 999 τρόπον
2375 931 2515 989 τινὰ,
2553 929 2686 1000 πρὸς
2729 932 2827 996 τὴν
2873 933 3130 1000 ἀμείνονά
3167 951 3225 986 τε
3277 935 3369 986 καὶ
3417 937 3704 1007 ὑπερτάτω

2134 1021 2392 1090 κειμένην
2419 1021 2835 1091 ἀνακομίζοντες
2851 1023 3074 1090 γνῶσιν.
3096 1025 3466 1095 Ἐκθησόμεθα
3494 1029 3550 1080 δὲ
3571 1046 3704 1099 χρη-

2137 1113 2330 1182 σίμως,
2387 1112 2649 1182 πρότερον
2695 1114 2810 1182 μὲν,
2859 1115 2925 1166 τὰ
2979 1116 3265 1185 ἱστορικῶς
3310 1120 3700 1189 πεπραγμέναο

2133 1203 2564 1272 διασαφήσαντες
2583 1204 2638 1257 δὲ
2671 1206 2737 1258 τὰ
2761 1207 2934 1259 τοιάδε
2969 1208 3314 1279 συμμέτρως,
3347 1211 3440 1262 καὶ
3472 1205 3560 1262 οἷά
3599 1229 3704 1282 περ

2135 1294 2204 1345 ἐκ
2245 1292 2418 1345 τύπου
2463 1294 2554 1346 καὶ
2595 1297 2753 1356 σκιᾶς
2802 1296 3264 1363 μεταπλάττοντες
3320 1299 3382 1351 τὸ
3425 1300 3701 1371 διήγημα,

2136 1384 2282 1451 σαφῆ
2310 1383 2648 1452 ποιησόμεθα
2679 1384 2776 1455 τὴν
2805 1387 3100 1457 ἀφήγησιν,
3128 1389 3545 1454 άπονενευκὸτος
3570 1394 3703 1462 ήμῖν

2133 1470 2226 1524 τοῦ
2264 1472 2420 1540 λόγου
2465 1473 2602 1544 πρὸς
2645 1474 2706 1527 τὸ
2749 1475 2985 1545 Χριστοῦ
3044 1482 3359 1549 μυστήριον,
3395 1482 3488 1534 καὶ
3541 1481 3704 1534 αὑτὸν

2135 1563 2347 1631 ἔχοντος
2376 1564 2572 1633 πέρας,
2610 1563 2767 1634 είπερ
2818 1566 2962 1618 ἐστὶν
2991 1567 3206 1637 ἀληθὲς,
3249 1573 3328 1622 ὅτι
3359 1571 3510 1634 τέλος
3539 1571 3702 1642 νόμου

2136 1656 2230 1706 καὶ
2289 1655 2582 1725 προφητῶν
2632 1657 2661 1708 6
2719 1657 2972 1726 Χριστός.
3019 1659 3082 1713 Εἰ
3140 1661 3300 1732 δέπη
3348 1665 3556 1731 γένοιτο
3611 1664 3705 1718 καὶ

2136 1746 2477 1816 ἀφαμαρτεῖν
2527 1745 2634 1798 τῶν
2689 1747 3148 1819 πρεπωδεστέρων
3199 1752 3275 1815 ὡς
3322 1756 3379 1807 ὲν
3431 1755 3703 1824 ἰσχνότητι

2133 1836 2416 1906 νοημάτων
2461 1838 2554 1889 καὶ
2598 1837 2836 1908 ἀσαφείᾳ
2889 1839 3077 1908 πολλῇ,
3129 1841 3514 1912 συγγνώμονας
3567 1842 3703 1899 εἰναι

2135 1931 2399 1998 προσήκει
2449 1929 2574 1992 τοὺς
2621 1930 3060 2000 ἐντευξομένους.
3132 1932 3323 1986 Ἰστέον
3378 1935 3434 1987 δὲ
3489 1937 3575 2006 δή,
3623 1939 3703 1991 ὅτι

2131 2018 2271 2087 Περὶ
2295 2018 2404 2086 τῆς
2426 2020 2494 2072 ἑν
2516 2021 2803 2086 πνεύματι
2836 2021 2933 2074 καὶ
2954 2023 3204 2090 ἀληθείᾳ
3235 2026 3707 2092 προσκυνήσεως

2134 2110 2232 2162 καὶ
2268 2111 2549 2176 ,λατρείας
2603 2111 2972 2164 ἑπτακαίδεκα
3025 2112 3307 2175 συνθέντες
3375 2113 3574 2183 βιϐλία,
3613 2117 3708 2168 καὶ

2135 2201 2335 2272 πολλὴν
2386 2203 2441 2253 ὲν
2487 2201 2715 2264 ἐκείνοις
2759 2201 3107 2272 ἀθροίσαντες
3139 2205 3424 2274 νοημάτων
3463 2204 3705 2275 πληθὺν,

2134 2297 2467 2364 παρήκαμεν
2511 2294 2868 2365 οἰκονομικῶς
2908 2297 2973 2365 τῇ
3029 2297 3366 2368 προκειμένῃ
3414 2302 3705 2369 συγγραφῇ

2133 2386 2203 2438 τὰ
2239 2385 2567 2452 ἐντεταμένα
2620 2385 2910 2452 κεφάλαια,
2959 2387 3051 2438 καὶ
3089 2386 3424 2440 ἀϐασάνιστα
3473 2390 3706 2458 τετηρήο

2136 2491 2343 2544 καμεν·
2379 2473 2480 2526 κᾶν
2522 2475 2574 2526 εἰ
2598 2490 2699 2526 που
2737 2473 2932 2542 συνέϐη
2967 2475 3332 2544 μνημονεῦσαί
3361 2492 3505 2538 τινος
3547 2478 3622 2540 ὡς
3650 2479 3706 2543 ἐξ

2136 2566 2434 2635 ἀναγκαίου
2463 2565 2643 2634 λόγου.
2699 2565 2999 2637 Ἀρξόμεθα
3041 2566 3219 2620 τοίνυν
3250 2567 3357 2620 τῶν
3390 2567 3481 2619 ἐπὶ
3513 2571 3576 2638 τῇ
3613 2568 3708 2619 Γε-

2135 2660 2280 2714 νέσει
2333 2659 2804 2729 γλαφυρωτέρωνο
2856 2657 2998 2710 οῦτω
3055 2675 3112 2709 τε
3160 2658 3344 2711 λοιπὸν
3393 2657 3592 2728 ἑφεξῆς
3638 2659 3707 2712 τὰ

2137 2753 2300 2804 πέντε
2345 2747 2594 2813 Μωσέως
2636 2750 2937 2820 δραμόντες
2987 2749 3185 2818 βιϐλία,
3237 2751 3708 2821 περιεργασάμεθα

2138 2844 2274 2914 πρὸς
2310 2845 2490 2905 αὐτοῖς
2544 2843 2639 2894 καὶ
2667 2842 2734 2894 τὰ
2763 2843 2826 2894 ὲκ
2855 2842 2955 2911 τῆς
2988 2841 3177 2912 ἑτέρας
3209 2841 3428 2913 γραφῆς
3463 2841 3542 2911 τῷ
3572 2857 3709 2910 προ-

2137 2933 2373 3004 κειμένῳ
2403 2933 2649 3006 χρήσιμα
2688 2930 2892 3001 σκοπῷ.

2663 3105 2804 3174 Περί
2835 3106 2941 3161 τοῦ
2981 3104 3183 3176 Ἀδάμ.

2205 3208 2273 3255 α’.
2309 3202 2369 3255 '0
2389 3197 2701 3270 νομομαθὴς
2717 3198 2930 3268 ἀληθῶς
2945 3198 3037 3251 καὶ
3054 3199 3343 3267 ἱερώτατος
3359 3197 3592 3260 Παῦλος,
3611 3197 3711 3268 τῆς

2136 3291 2223 3352 διὰ
2266 3291 2500 3360 Χριστοῦ
2555 3291 2827 3358 σωτηρίας
2886 3289 3214 3358 ὲννενοηκὼς
3268 3288 3330 3341 τὸ
3392 3289 3707 3358 μυστήριον,

2138 3382 2615 3450 ἀνακεφαλαίωσιν
2653 3385 2709 3434 ὲν
2771 3381 2921 3450 αὐτῷ
2961 3380 3214 3447 γενέσθαι
3245 3379 3377 3448 φησὶ
3401 3378 3510 3431 τῶν
3544 3396 3602 3431 τε
3651 3380 3710 3432 ὲν

2137 3473 2350 3543 οὐρανῷ
2389 3473 2480 3526 καὶ
2524 3471 2633 3526 τῶν
2676 3473 2768 3525 ἐπὶ
2807 3473 2908 3542 τῆς
2934 3472 3060 3542 γῆς,
3097 3475 3157 3525 ὲν
3181 3470 3397 3542 εὐδοκία
3422 3489 3480 3524 τε
3501 3471 3594 3526 καὶ
3623 3470 3710 3524 θε-

2137 3565 2288 3634 λήσει
2323 3563 2416 3616 τοῦ
2445 3561 2577 3634 Θεοῦ
2624 3562 2719 3616 καὶ
2763 3563 2993 3634 Πατρὺς,
3045 3564 3143 3633 τὴν
3181 3563 3288 3616 τῶν
3311 3563 3447 3616 ὅλων
3478 3563 3708 3628 ἐπανόρ-

2140 3656 2320 3718 θωσιν,
2357 3656 2450 3707 καὶ
2478 3653 2574 3726 τήν
2604 3655 2682 3715 εἰς
2707 3654 2842 3722 ὅπερ
2867 3650 2934 3724 ἦν
2961 3656 3018 3708 ὲν
3045 3655 3184 3725 ἀρχῇ
3219 3654 3576 3724 ἀναφοίτησιν
3599 3654 3710 3708 τῶν

2139 3745 2620 3818 κατεφθαρμένων,
2651 3745 2729 3815 τῷ
2750 3745 2862 3813 τῆς
2886 3745 3460 3815 ἀνακεφαλαιώσεως
3484 3746 3708 3816 σαφηνί-

2141 3839 2246 3902 ζων
2273 3839 2514 3907 ὀνόματι.
2547 3837 2885 3908 Διεμέμνητο
2914 3838 3022 3907 γάρ
3044 3855 3166 3898 που,
3203 3837 3345 3891 κατά
3363 3854 3428 3906 γε
3454 3837 3515 3889 τὸ
3541 3837 3706 3902 εἰκὸς,

2139 3928 2273 3982 Θεοῦ
2297 3927 2544 3996 λέγοντος
2584 3927 2672 3980 διὰ
2721 3928 2904 3998 φωνῆς
2948 3926 3275 3997 προφητῶνο
3311 3947 3331 3978 ι
3372 3926 3465 3996 Μὴ
3497 3943 3709 3996 μνημο-

2141 4020 2324 4074 νεύετε
2370 4020 2438 4073 τὰ
2469 4020 2681 4090 πρῶτα,
2719 4018 2813 4072 καὶ
2850 4017 2919 4071 τὰ
2947 4019 3148 4087 ἀρχαῖα
3188 4017 3263 4088 μὴ
3309 4015 3705 4086 συλλογίζεσθε.

2153 4112 2284 4167 Ἰδοὺ
2311 4111 2423 4181 ἐγὼ
2447 4111 2586 4166 ποιῶ
2617 4110 2803 4171 καινὰ,
2830 4110 2866 4164 ἃ
2893 4109 2988 4164 νῦν
3020 4109 3286 4173 ἀνατελεϊ,
3312 4110 3408 4162 καὶ
3436 4107 3708 4177 γνώσεσθε

2139 4200 2297 4254 αὐτά.
2329 4219 2347 4253 ι
2375 4199 2661 4271 Τοιγάρτοι
2690 4199 2783 4252 καὶ
2810 4198 2972 4260 αὐτὸς
2995 4197 3088 4250 ἆτε
3111 4199 3204 4250 καὶ
3229 4197 3391 4260 θείοις
3413 4197 3712 4268 ἐντεθραμ-

2145 4291 2302 4360 μένος
2331 4291 2528 4359 λόγοις,
2560 4291 2659 4361 τήν
2699 4293 2757 4344 ὲν
2798 4290 3008 4354 τούτοις
3035 4291 3168 4361 ἡμῖν
3195 4290 3589 4361 προαγόρευσιν
3615 4292 3707 4343 ὲκ-

2143 4381 2560 4451 πεπερασμένην
2593 4381 2694 4450 ήδη
2722 4399 2837 4443 πως
2865 4382 2922 4434 ὲν
2950 4380 3172 4452 Χριστῷ
3202 4381 3483 4452 παρέδειξε
3513 4381 3705 4451 λέγων’

464 4466 656 4520 sortita
684 4481 804 4521 esse
844 4467 902 4521 in
943 4465 1162 4523 Christo
1189 4466 1448 4532 ostendit,
1483 4466 1672 4522 dicens
1702 4486 1712 4519 :
1748 4485 1766 4518 ι
1797 4465 1953 4532 Quod
1995 4468 2036 4522 si

2149 4493 2173 4534 ς
2208 4474 2369 4525 ’Ὠστε
2413 4472 2468 4524 εῐ
2495 4489 2578 4535 τις
2624 4473 2682 4524 ὲν
2723 4471 2942 4542 Χριστῷ
2987 4473 3148 4542 καινὴ
3182 4473 3378 4539 κτίσις,
3404 4473 3471 4527 τὰ
3508 4473 3709 4542 ἀρχαῖα

464 4578 587 4632 qua
620 4563 677 4617 in
708 4563 926 4619 Christo
957 4573 1042 4619 est
1066 4578 1207 4618 nova
1237 4571 1518 4629 creatura,
1550 4572 1738 4618 vetera
1766 4563 2046 4634 praeterie-

467 4661 623 4720 runt;
662 4669 792 4711 ecce
832 4655 974 4710 facta
1020 4662 1148 4710 sunt
1181 4655 1365 4709 omnia
1408 4670 1549 4709 nova
1593 4654 1635 4707 ⁸.
1681 4673 1700 4706 ι
1749 4653 2042 4709 Reformati

463 4745 610 4798 enim
647 4760 836 4800 sumus
863 4746 918 4801 in
950 4746 1192 4811 Christo,
1219 4755 1276 4802 et
1305 4745 1432 4800 facti
1465 4759 1607 4800 nova
1635 4753 1888 4799 creatura
1919 4762 1930 4796 :
1959 4755 2044 4798 at-

464 4850 573 4904 que
604 4835 660 4890 in
700 4836 840 4906 ipso,
867 4845 924 4892 et
957 4838 1178 4907 quidem
1217 4838 1352 4900 solo,
1383 4850 1587 4889 novum
1623 4850 1822 4888 nomen
1862 4834 2044 4903 adepti

464 4944 672 4983 sumus.
719 4928 909 4984 Vocati
961 4928 1108 4984 enim
1155 4944 1347 4983 sumus
1393 4926 1619 4982 Christi.
1671 4925 2037 4992 Quamobrem

465 5020 607 5074 idem
658 5020 877 5075 divinus
907 5019 1117 5096 .Paulus
1155 5019 1286 5072 alibi
1329 5033 1548 5074 rursum
1591 5017 1659 5072 de
1703 5016 1864 5070 nobis
1902 5017 1977 5068 ait
2023 5033 2034 5066 :

471 5132 489 5163 ι
523 5111 627 5178 Qui
653 5121 835 5166 autem
863 5119 991 5166 sunt
1018 5110 1222 5167 Christi
1245 5109 1395 5173 Jesu,
1426 5124 1647 5164 carnem
1679 5123 1832 5163 suam
1863 5108 2042 5162 cruci-

465 5203 704 5258 ﬂxerunt
748 5218 876 5257 cum
923 5202 1074 5258 vitiis
1114 5210 1173 5257 et
1217 5200 1678 5271 concupiscentiis
1715 5200 1758 5253 ’.
1795 5219 1812 5250 ι
1843 5198 2040 5253 Sancta

464 5295 610 5348 enim
641 5304 725 5350 est
749 5295 861 5348 vita
885 5308 1076 5349 eorum
1099 5293 1193 5363 qui
1219 5293 1274 5348 in
1297 5292 1516 5348 Christo
1539 5292 1751 5355 vivunt,
1776 5299 1833 5345 et
1853 5305 2046 5343 cama-

465 5385 612 5440 libus
633 5385 924 5441 aﬂ'ectibus
939 5386 1212 5456 superior,
1236 5393 1564 5452 terrenaque
1585 5380 1930 5436 immunditia
1953 5395 2045 5432 va-

467 5491 586 5531 cua.
623 5475 779 5544 Quod
821 5486 1003 5532 autem
1047 5476 1412 5532 adventurum
1444 5483 1590 5530 esset
1633 5472 1795 5527 nobis
1844 5485 2044 5524 nomen

469 5578 690 5631 novum,
732 5566 967 5622 inditum
999 5565 1160 5621 nobis
1191 5565 1247 5619 in
1274 5564 1513 5630 Christo,
1553 5562 1900 5618 manifestum
1931 5559 2047 5614 fue-

541 5753 560 5782 '
599 5753 753 5807 Rom.
787 5768 840 5816 χ,
869 5747 920 5806 ιζ
1000 5751 1020 5782 ⁸
1050 5750 1249 5818 prcs.
1281 5766 1318 5814 ι,
1355 5749 1437 5803 l0.
1514 5751 1532 5781 ⁷
1565 5749 1664 5803 lsa.
1695 5765 1838 5813 mn,
1874 5747 1957 5800 l8.
2036 5745 2056 5774 "
2087 5745 2126 5798 ll
2153 5742 2276 5797 Cor.
2315 5758 2363 5804 γ,
2396 5741 2485 5805 l7;
2522 5742 2685 5809 Apoc.
2719 5741 2904 5805 “1,5.

2140 4562 2438 4632 παρῆλθεν,
2472 4561 2580 4614 ἰδοῦ
2609 4559 2800 4628 γέγονε
2843 4561 2910 4614 τά
2935 4561 3110 4614 πάντα
3144 4562 3325 4614 καινά.
3371 4579 3390 4610 ›
3446 4562 3710 4612 ’Λνεστοι-

2140 4649 2414 4722 χειώμεθα
2429 4649 2536 4718 γὰρ
2557 4653 2613 4702 ὲν
2629 4648 2865 4719 Χριστῷ,
2887 4650 2981 4702 καὶ
3007 4649 3308 4716 γεγόναμεν
3330 4647 3486 4717 καινή
3509 4647 3705 4712 κτίσις.

2142 4741 2250 4793 Καὶ
2270 4743 2327 4792 ὲν
2347 4738 2494 4807 αὐτῷ
2515 4737 2578 4808 δὴ
2610 4738 2702 4790 καὶ
2728 4739 2874 4807 μόνῳ
2901 4737 2961 4789 τὸ
2992 4737 3176 4790 καινὸν
3205 4736 3372 4806 ὄνομα
3402 4737 3709 4807 πεπλουτή-

2143 4848 2334 4900 καμεν·
2363 4829 2674 4899 κεκλήμεθα
2692 4829 2799 4899 γὰρ
2823 4828 3082 4899 Χριστοῦ.
3101 4827 3210 4881 Καὶ
3225 4827 3355 4894 γοῦν
3369 4828 3530 4880 πάλιν
3549 4829 3709 4890 αὐτός

2147 4923 2246 4975 πού
2269 4939 2431 4992 φησιν
2454 4923 2482 4973 6
2505 4921 2786 4983 θεσπέσιος
2805 4920 3010 4981 Παῦλος
3027 4923 3155 4991 περὶ⁴
3181 4920 3356 4990 ήμῶν·
3391 4939 3410 4971 ι
3450 4921 3512 4971 Oi
3540 4919 3596 4971 δὲ
3616 4920 3708 4972 τοῦ

2144 5011 2379 5083 Χριστοῦ
2419 5011 2589 5082 Ἰησοῦ
2638 5011 2735 5080 τὴν
2768 5013 2942 5082 σάρκα
2968 5010 3316 5080 ἐσταύρωσαν
3344 5011 3439 5062 σὺν
3465 5012 3576 5072 τοῖς
3607 5026 3711 5063 πα-

2145 5103 2352 5172 θήμασι
2398 5102 2494 5155 καὶ
2524 5104 2646 5164 ταῖς
2679 5099 3010 5172 ἐπιθυμίαις.
3061 5118 3079 5150 ι
3139 5098 3499 5168 Ἀγιοπρεπής
3537 5097 3644 5168 γὰρ
3680 5100 3711 5151 6

2147 5193 2259 5262 βίος
2287 5196 2396 5254 τοῖς
2421 5193 2479 5244 ὲν
2516 5189 2755 5262 Χριστῷ,
2787 5191 2880 5242 καί
2913 5189 3187 5261 σαρκικῶν
3215 5189 3470 5241 ἐπέκεινα
3501 5187 3709 5250 παθῶν,

2143 5284 2236 5336 καὶ
2272 5282 2507 5350 γεώδους
2547 5280 2905 5350 ἀκαθαρσίας.
2940 5281 3062 5333 Ὅτι
3092 5279 3150 5333 δὲ
3184 5277 3406 5348 ἔμελλεν
3435 5278 3584 5348 ἥξειν
3625 5278 3710 5346 ἐφ’

2142 5377 2290 5445 ἡμᾶς
2325 5374 2386 5426 τὸ
2426 5373 2609 5427 καινὸν
2633 5371 2879 5442 ὄνοματὸ
2907 5371 3195 5440 ἐπικληθὲν
3221 5371 3353 5439 ἡμῖν
3380 5371 3437 5422 ὲν
3471 5367 3708 5439 Χριστῷ,

2146 5464 2312 5527 σαφὲς
2363 5463 2428 5516 ἂν
2472 5463 2702 5530 γένοιτο,
2749 5461 2882 5514 Θεοῦ
2921 5458 3344 5531 διακεκραγότος
3387 5456 3479 5511 διὰ
3529 5457 3712 5526 φωνῆς

2146 5555 2314 5622 ἁγίων
2335 5570 2348 5584 ·
2390 5573 2408 5605 ι
2454 5555 2576 5617 Τοῖς
2601 5554 2906 5608 δουλεύουσί
2935 5570 3024 5623 μοι
3050 5552 3383 5622 κληθήσεται
3403 5550 3572 5620 ὄνομα
3596 5568 3713 5603 και-

2985 5740 3003 5772 ⁹
3032 5738 3206 5794 Galat.
3236 5755 3286 5798 ν,
3318 5739 3405 5792 ει.
