4056 6260
316 441 379 496 Π
1328 439 1595 497 ςιΑΡιιῒ
1603 439 1787 498 RORU
1795 441 1843 495 Μ
1876 442 1903 496 Ιζ

2004 440 2281 496 ΞΕΝΕΞΙΜ
2318 441 2448 497 LIB.
2490 441 2528 494 1.
3499 433 3564 486 l‘l

315 554 425 624 νῦν,
449 555 479 611 6
507 554 937 627 εύλογηθήσιται
968 555 1060 608 ἐπὶ
1085 554 1182 624 τῆς
1210 554 1364 624 γῆς.»
1396 555 1759 627 Εὑλογήσουσι
1781 556 1888 627 γὰρ

2004 559 2082 623 -it,
2131 559 2399 613 clamante
2442 557 2553 611 Deo
2588 569 2685 625 per
2729 569 2920 610 vocem
2965 561 3276 606 sanctorum
3317 568 3328 602 :
3369 569 3397 608 l.
3434 549 3563 604 Ser-

315 646 406 700 τὸν
440 645 575 699 Θεδν
612 646 706 700 τὸν
753 644 1024 717 ἀληθινόν.
1076 645 1285 698 Οὐκοῦν
1323 646 1619 717 ἐπειδήπερ
1663 647 1763 700 οὐκ
1821 647 1887 700 ἂν

317 735 613 790 ινδοιάσειέ
651 753 756 799 τις,
799 734 936 806 ὀρθά
977 735 1071 788 καὶ
1107 735 1292 788 εἰκότα
1325 738 1541 805 φρονεῖν
1590 737 1886 808 ᾑρημένος,

318 827 402 879 ὅτι
442 826 601 880 καινά
647 826 870 893 γέγονεν
893 826 952 877 ὲν
988 824 1229 896 Χριστῷ,
1265 825 1418 895 φέρε,
1455 825 1889 896 καταθρήσωμεν

318 915 418 986 τὴν
445 916 746 968 παλαίωσιν
787 916 909 985 ητις
943 913 1074 968 ποτέ
1102 914 1240 979 ἑστι,
1272 915 1366 968 καὶ
1392 914 1536 976 τινος
1577 915 1644 968 ἂν
1682 914 1891 982 λέγοιτο

320 1004 571 1073 γενέσθαι
596 1007 758 1076 τυχὸν
792 1008 826 1077 ἡ
857 1006 988 1078 πρὸς
1017 1005 1240 1074 ἄμεινον
1268 1006 1660 1076 ἐπανόρθωσις,
1681 1006 1756 1069 ὡς
1784 1006 1891 1058 ἀπό

320 1113 384 1160 γε
403 1098 497 1151 τοῦ
520 1098 596 1168 μὴ
619 1099 701 1160 εἰς
726 1097 874 1151 ἀπαν
899 1096 1172 1168 ἐρρῶσθαι
1190 1113 1249 1151 τε
1275 1098 1369 1150 καὶ
1399 1097 1694 1168 ἀλωόήτως
1724 1097 1888 1166 ἔχειν’

322 1188 484 1256 ἡγουν
515 1186 626 1240 ἀπὸ
670 1187 763 1240 τοῦ
798 1187 1263 1258 κατεφθαρμένου,
1295 1189 1389 1242 καὶ
1420 1190 1499 1250 εἰς
1525 1189 1660 1259 ὅπερ
1698 1188 1798 1240 οὐκ
1822 1182 1892 1257 ἦν

322 1277 379 1328 ἐν
412 1278 605 1346 ἀρχαῖς
640 1277 920 1346 ἀδοκήτως
951 1278 1411 1348 ὑπενηνεγμένου.
1465 1277 1642 1347 Εῐδείη
1688 1277 1796 1347 γάρ
1825 1276 1892 1329 ἂν

318 1359 422 1419 ὧδέ
449 1382 554 1429 τις,
589 1368 684 1420 καὶ
718 1367 863 1436 μάλα
891 1368 1087 1439 ὀρθῶς,
1123 1367 1183 1422 τὸ
1221 1369 1450 1434 ὅποιπερ
1482 1368 1548 1422 ἂν
1580 1370 1710 1438 ἡμῖν
1743 1369 1771 1420 6
1797 1366 1891 1420 τοῦ

325 1454 678 1524 προτεθέντος
704 1456 865 1524 λόγου
893 1455 1096 1526 διᾴττει
1127 1456 1350 1524 σκοπὸς,
1379 1458 1475 1511 καὶ
1497 1457 1558 1510 τὺ
1581 1457 1893 1527 ἀμωμήτως

323 1542 469 1615 ιχον,
499 1542 763 1613 ὲξοίχοιτο
796 1543 864 1597 ἂν
888 1541 1162 1616 οὐδαμῶς.

397 1802 468 1873 β’.
507 1803 713 1858 οὐκοῦν
738 1804 766 1856 6
789 1801 895 1858 τῶν
915 1804 1048 1859 δλων
1075 1805 1462 1878 ἁριστοτέχνης
1492 1805 1643 1870 Θεδς,
1672 1805 1896 1877 δυνάμει

1988 646 2264 702 viemibus
2287 646 2421 700 mihi
2444 645 2729 701 vocabitur
2752 658 2953 698 nomen
2980 656 3202 708 novum,
3231 638 3376 710 quod
3400 639 3567 693 bene-

1988 733 2202 790 dicetur
2232 750 2397 805 super
2443 742 2641 789 terram
2674 733 2736 786 ¹⁶.
2791 751 2809 784 ι
2855 730 3186 786 Benedicent
3215 730 3362 784 enim
3392 727 3563 782 Deum

1988 841 2199 880 verum.
2240 823 2375 881 Cum
2410 824 2591 894 itaque
2624 837 2810 886 nemo,
2855 819 2950 890 qui
2995 827 3141 874 recte
3174 819 3378 873 sentire
3411 816 3562 878 velit,

1989 915 2325 970 dubitaverit
2363 914 2509 983 quod
2556 928 2697 966 nova
2735 911 2877 966 facta
2915 910 3026 963 sint
3057 908 3113 962 in
3143 907 3392 973 Christo,
3422 922 3568 976 qua:-

1991 1021 2114 1059 nam
2151 1005 2267 1059 haec
2303 1004 2603 1074 antiquatio
2632 1003 2747 1057 sive
2774 1009 3022 1056 veterum
3053 997 3279 1053 abolitio
3310 997 3404 1060 sit,
3447 1012 3564 1066 age,
3631 1039 3636 1043 .

1990 1096 2430 1160 consideremus,
2466 1105 2522 1150 et
2553 1096 2836 1165 cuiusnam
2890 1091 2971 1146 rei
3014 1089 3156 1144 facta
3203 1104 3323 1143 esse
3355 1087 3568 1142 dicatur

1993 1186 2048 1239 in
2070 1185 2267 1240 melius
2291 1185 2617 1239 instauratio
2637 1203 2649 1237 :
2672 1183 2934 1238 nimirum
2963 1196 3030 1236 ex
3054 1195 3121 1234 eo
3145 1177 3291 1249 quod
3318 1192 3427 1232 non
3457 1192 3571 1231 om-

1992 1277 2124 1331 nino
2152 1276 2425 1347 integrum
2471 1283 2607 1340 erat,
2640 1290 2818 1344 neque
2844 1286 3072 1344 prorsus
3109 1270 3358 1334 illaasum,
3385 1279 3480 1325 aut
3504 1282 3569 1321 ex

1991 1383 2060 1424 eo
2112 1368 2257 1438 quod
2289 1375 2614 1437 corruptum
2655 1374 2776 1421 erat
2807 1374 2972 1435 atque
3024 1377 3056 1417 a
3087 1361 3268 1432 priore
3296 1368 3440 1414 statu
3484 1357 3569 1410 in—
3668 1347 3677 1362 ’

1993 1465 2152 1512 caute
2195 1457 2515 1512 desciverat.
2551 1457 2629 1511 Ita
2661 1456 2832 1521 enim,
2866 1463 2923 1509 et
2954 1451 3176 1523 quidem
3200 1457 3348 1505 recte
3379 1447 3570 1503 admo-

1994 1548 2148 1614 dum,
2178 1562 2419 1618 quonam
2435 1547 2595 1601 nobis
2627 1546 2895 1616 propositi
2924 1543 3195 1599 sermonis
3224 1554 3422 1611 soopus
3450 1548 3571 1594 ten-

1995 1639 2087 1701 dat
2107 1679 2122 1704 ,
2154 1638 2210 1712 4
2242 1639 2582 1710 intelligitur,
2609 1636 2869 1705 nullaque
2920 1633 3132 1690 ratione
3181 1645 3344 1686 verus
3381 1640 3575 1684 sensus

1997 1743 2098 1783 nos
2140 1727 2360 1797 fugerit.

2066 1816 2119 1871 2.
2150 1816 2401 1886 Optimus
2439 1815 2621 1885 itaque
2654 1813 2899 1869 omnium
2944 1810 3123 1885 epifex
3153 1811 3318 1870 Deus.
3354 1807 3572 1878 propria

326 1896 395 1965 τῇ
416 1893 523 1965 εδὶᾳ
541 1893 633 1948 καὶ
660 1898 1047 1966 παντουργικῇ,
1072 1897 1343 1963 τουτέστι,
1367 1896 1445 1968 τῷ
1473 1896 1605 1967 Υἱῷ,
1632 1898 1767 1969 πρὸς
1790 1899 1896 1951 πᾶν

2004 1923 2095 1963 sua
2125 1907 2368 1977 potentia
2401 1907 2648 1963 omnium
2678 1904 2975 1968 eﬂ’ectrice,
3020 1903 3125 1957 hoc
3162 1909 3266 1967 est,
3302 1900 3458 1961 Filio,
3504 1897 3575 1952 ad

326 1980 507 2036 ὁτιοῦν
551 1982 658 2036 τῶν
684 1983 972 2054 πρακτέων
1029 1985 1342 2055 χρώμενος’
1403 2005 1422 2039 ι
1456 1987 1652 2056 Γέγονε
1696 1986 1804 2059 γὰρ
1829 1987 1893 2041 δι’

328 2071 492 2124 αὐτοῦ
515 2071 585 2125 τά
611 2071 814 2137 πάντα,
850 2074 947 2126 καὶ
978 2075 1146 2146 χωρὶς
1169 2074 1333 2128 αὐτοῦ
1360 2076 1575 2144 ἐγένετο
1613 2076 1731 2130 οὐδὲ
1760 2076 1838 2128 ἓνο
1871 2095 1890 2128 ι

328 2163 557 2234 οὐρανόν
600 2180 662 2216 τε
701 2164 796 2217 καὶ
835 2164 940 2233 γῆν
964 2166 1058 2219 καὶ
1093 2167 1198 2235 πρό
1227 2182 1290 2234 γε
1317 2167 1426 2219 τῶν
1457 2166 1631 2220 ἀλλων
1658 2170 1715 2220 έν
1756 2168 1895 2238 ἀρχῇ

330 2253 726 2327 διετεκτήνατο,
775 2255 866 2308 καὶ
907 2257 1042 2326 πρὸς
1080 2257 1293 2324 γένεσιν
1339 2258 1543 2321 ἐκάλει,
1584 2259 1760 2312 καίτοι
1823 2259 1897 2328 μὴ

329 2343 460 2397 ὄντα
481 2346 628 2399 ποτέ.
654 2345 777 2409 Πῶς
795 2346 850 2399 δὲ
874 2348 1001 2417 ἀρα,
1031 2347 1192 2417 τυχὸν
1216 2348 1360 2409 εττις
1378 2348 1574 2419 ἔροιτο,
1599 2350 1692 2402 καὶ
1713 2349 1896 2412 πόθεν,

328 2433 620 2490 ἀκούσεται
647 2437 785 2508 πρὸς
814 2437 970 2508 ἡμῶν
1006 2437 1067 2490 τὸ
1094 2439 1255 2506 σοφὸν
1279 2438 1344 2508 δὴ
1374 2438 1529 2492 τοῦτο
1559 2440 1653 2492 καὶ
1679 2440 1900 2511 ἄριστον

327 2525 576 2595 ἀληθῶς·
613 2545 632 2578 ι
663 2527 759 2590 Τις
799 2527 940 2596 ἔγνω
978 2527 1103 2581 νοῦν
1139 2529 1380 2598 Κυρίου;
1418 2528 1452 2599 ῆ
1483 2529 1568 2592 τίς
1600 2529 1898 2599 σύμϐουλος

328 2615 493 2669 αὑτοῦ
525 2616 769 2685 ὲγένετο;
802 2636 820 2669 ι
854 2620 917 2672 Εἰ
949 2619 1057 2689 γάρ
1083 2618 1145 2689 δή
1171 2636 1250 2683 τις
1287 2618 1460 2673 ἕλοιτο
1491 2619 1559 2673 τά
1587 2621 1759 2674 τοιάδε
1785 2621 1901 2673 δια-

334 2708 545 2776 μαθεῖν,
569 2709 649 2762 ὅτι
679 2709 862 2781 δεήσει
890 2712 1107 2775 πάντως
1132 2710 1280 2782 αύτῷ
1314 2713 1404 2764 καὶ
1443 2709 1533 2764 νοῦ
1565 2711 1658 2766 καὶ
1685 2712 1899 2784 φρενὸς,

333 2801 474 2852 κατά
535 2817 599 2868 γε
640 2801 738 2870 τὴν
789 2804 845 2854 ὲν
894 2801 1013 2873 Θεῷ
1064 2803 1382 2873 νοουμένην,
1433 2806 1533 2857 οὐκ
1578 2807 1896 2874 ἀμφίλογον.

344 2891 479 2943 Ἀλλ’
507 2893 590 2945 ὅτι
618 2893 791 2963 μικρά
817 2894 885 2947 τά
906 2895 964 2946 ἐν
993 2895 1124 2965 ἡμῖν
1146 2895 1179 2966 ἢ
1209 2896 1302 2948 καὶ
1329 2896 1482 2948 οὐδὲν
1513 2896 1647 2960 ὅλως
1667 2897 1741 2960 ὡς
1768 2899 1902 2967 πρὸς

332 2982 484 3048 Θεὸν,
527 2987 774 3054 σαφηνιεῖ
805 2985 861 3038 δὲ
889 2984 1061 3053 λέγων
1095 2986 1256 3050 αὐτός
1288 3002 1302 3016 ·
1334 3005 1352 3036 ι
1390 2988 1463 3040 Ού
1515 2987 1623 3058 γάρ
1668 2991 1805 3040 εἰσιν
1846 2989 1904 3040 αἱ

337 3073 522 3142 βουλαί
550 3091 674 3142 μου,
719 3075 793 3136 ὡς
826 3078 880 3129 αἱ
921 3076 1105 3145 βουλαὶ
1143 3077 1319 3147 ὑμῶν,
1351 3079 1469 3131 οὐδὲ
1496 3078 1683 3147 ὥσπερ
1713 3079 1767 3130 al
1795 3077 1905 3130 ὁδοὶ

338 3161 515 3231 ὑμῶν,
564 3163 620 3214 αι
663 3163 769 3216 ὁδοί
820 3182 943 3234 μου.
984 3165 1124 3218 Ἀλλ’
1150 3167 1226 3230 ὠς
1254 3167 1446 3237 ἀπέχει
1471 3169 1500 3219 6
1541 3167 1768 3238 ,οὐρανὸς
1800 3166 1906 3220 ἀπὸ

336 3252 437 3322 τῆς
479 3253 600 3323 γῆς,
655 3251 827 3317 οὕτως
876 3254 1069 3324 ἀπέχει
1116 3256 1148 3326 ἠ
1194 3255 1309 3319 ὁδός
1342 3273 1446 3327 μου
1476 3257 1582 3309 ἀπὸ
1621 3256 1728 3309 τῶν
1765 3256 1900 3309 ὁδῶν
1929 3245 1970 3301 C

339 3342 510 3412 ὑμῶν,
558 3343 653 3396 καὶ
704 3343 772 3396 τά
815 3344 1147 3415 διανοήματα
1182 3347 1334 3416 ὑμῶν
1378 3347 1486 3398 ἀπὸ
1528 3346 1626 3416 τῆς
1668 3345 1906 3409 διανοίας

340 3451 464 3502 μου.
499 3451 518 3484 ο
578 3433 836 3488 ’Δνείσθω
862 3436 926 3506 δὴ
958 3431 1075 3497 οῦν,
1108 3436 1183 3498 ὡς
1214 3436 1442 3508 περιττὴ
1492 3437 1584 3489 καὶ
1611 3437 1906 3507 οὐδαμόθεν

335 3525 631 3596 ἁλώσιμος,
681 3528 714 3596 ή
747 3527 875 3597 περὶ
908 3528 1111 3580 τούτων
1157 3528 1406 3597 βάσανος.
1442 3531 1773 3600 Δημιουργεί
1800 3529 1907 3600 γὰρ

337 3617 413 3680 ὡς
436 3613 564 3681 οἶδε,
597 3618 692 3671 καὶ
730 3618 877 3680 ὅπως
906 3617 972 3673 ἂν
999 3618 1214 3673 δύναιτο
1235 3619 1386 3681 Θεός.
1431 3621 1907 3689 Ἐκπεποιημένων

337 3710 402 3781 δὴ
447 3707 540 3765 οὖν
595 3711 824 3783 ούρανοῦ
877 3712 971 3767 καὶ
1021 3712 1126 3780 γῆς
1164 3712 1222 3766 ὲν
1251 3712 1465 3782 ἀρχαῖς,
1510 3707 1628 3765 εἶτα
1665 3713 1763 3782 τῆς
1801 3712 1908 3764 τῶν

339 3801 541 3854 ὑδάτων
565 3801 804 3872 πληθύος
831 3802 910 3863 εἰς
936 3800 1030 3854 ἕνα
1053 3799 1229 3870 χῶρον
1259 3800 1712 3871 συνεσταλμένηςο
1743 3801 1908 3853 εἴκειν

341 3891 447 3962 γάρ
474 3887 542 3961 ἦν
583 3893 794 3962 ἀνάγκη
845 3890 923 3962 τῷ
968 3891 1204 3960 λέγοντιο
1246 3910 1264 3944 ι
1295 3891 1620 3963 Συναχθήτω
1671 3892 1732 3944 τὸ
1766 3891 1908 3963 ὕδωρ

340 3984 418 4045 εἰς
461 3982 779 4054 συναγωγὴν
830 3983 990 4052 μίαν·
1055 4001 1074 4034 ι
1130 3981 1524 4046 ὲξεκαλύπτετο
1572 3983 1670 4052 μὲν
1729 3984 1761 4053 ἡ
1812 3985 1905 4049 γῆ,

341 4074 500 4136 πόσις
545 4074 602 4127 δὲ
647 4076 767 4138 ταῖς
803 4074 946 4128 οὕτω
985 4073 1286 4127 πολυειδέσι
1321 4074 1593 4143 πανταχοῦ
1639 4074 1906 4142 ηνθίζετο,

343 4166 433 4218 καὶ
480 4160 547 4235 ἦν
595 4166 878 4237 ἀσυνήθως
925 4164 1338 4236 εύπρεμνοτάτη
1382 4165 1556 4231 ξύλων
1616 4164 1911 4233 ἐγκάρπων

344 4254 579 4325 λαχοῦσα
624 4256 856 4325 γένεσιν.
917 4257 1098 4311 Ἠλίου
1135 4256 1191 4310 δὲ
1231 4257 1325 4310 καὶ
1367 4256 1596 4326 σελήνης
1633 4255 1912 4322 ἐφαίνοντο

345 4345 557 4411 κύκλοι,
612 4335 717 4401 καὶ⁴
747 4348 910 4417 νόμος
946 4343 1015 4417 ἦν
1062 4348 1090 4400 6
1141 4346 1293 4418 παρὰ
1320 4346 1410 4400 τοῦ
1445 4346 1580 4400 Θεοῦ
1633 4346 1910 4418 βραϐεύων

343 4438 561 4506 ἑκάστῳ
586 4438 646 4492 τὸ
692 4440 792 4507 τῆς
836 4438 1006 4508 ἀρχῆς
1029 4440 1240 4511 μέτρον.
1287 4440 1563 4511 Τετάχατο
1590 4441 1718 4511 γὰρ,
1753 4443 1781 4494 6
1812 4441 1910 4510 μὲν

1998 2012 2381 2068 quamcunque
2405 2012 2519 2051 rem
2545 1996 2808 2067 agendam
2834 2009 2967 2049 usus
2996 2013 3008 2047 :
3041 2012 3059 2045 ι
3087 1991 3281 2049 Omnia
3304 1991 3451 2044 enim
3482 2004 3576 2058 per

1999 2089 2180 2160 ipsum
2209 2089 2349 2145 facta
2378 2097 2527 2152 sunt,
2559 2096 2615 2142 et
2643 2088 2761 2141 sine
2792 2086 2909 2156 ipso
2936 2085 3139 2140 factum
3171 2092 3255 2140 est
3281 2083 3419 2136 nihil
3450 2083 3514 2145 “,
3550 2101 3566 2133 ι

1998 2182 2198 2237 οωιιιηι
2237 2196 2301 2235 ac
2333 2188 2557 2241 terram,
2590 2186 2646 2233 et
2672 2176 2893 2246 quidem
2927 2184 3052 2230 ante
3080 2175 3185 2230 alia
3228 2174 3384 2227 initio
3420 2188 3573 2227 crea-

1999 2276 2098 2338 vit,
2129 2283 2186 2329 et
2216 2274 2282 2328 ad
2309 2282 2492 2328 ortum
2519 2273 2753 2336 vocavit,
2778 2284 2903 2325 cum
2941 2269 3144 2338 alioqui
3170 2282 3452 2335 nunquam
3478 2281 3574 2319 ex-

2000 2364 2286 2418 stitissent.
2320 2362 2376 2417 Si
2413 2369 2592 2416 autem
2625 2360 2808 2415 forsan
2838 2359 2964 2430 quis
2988 2357 3154 2420 dicat,
3179 2370 3287 2424 quo
3316 2361 3494 2424 pacto,
3520 2361 3577 2406 et

2000 2454 2177 2517 unde,
2209 2453 2395 2508 audiet
2436 2468 2467 2507 a
2511 2452 2669 2507 nobis
2701 2452 2918 2522 sapiens
2950 2450 3053 2505 hoc
3081 2448 3458 2517 optimumque
3489 2461 3576 2499 re-

1999 2559 2160 2598 vera:
2188 2563 2205 2594 ‹
2227 2543 2361 2609 Quis
2382 2543 2634 2612 cognovit
2666 2550 2904 2597 mentem
2924 2539 3174 2594 Domini?
3193 2546 3288 2592 aut
3305 2537 3428 2606 quis
3451 2552 3579 2590 con-

2001 2634 2241 2688 siliarius
2269 2634 2386 2704 ejus
2422 2632 2526 2686 fuit
2555 2634 2630 2686 "?
2666 2652 2683 2684 ι
2714 2632 2770 2687 Si
2802 2633 2951 2687 enim
2991 2632 3115 2702 quis
3146 2629 3460 2701 hujusmodi
3493 2645 3580 2683 res

2003 2723 2282 2794 inquirere
2313 2724 2464 2788 velit,
2499 2723 2729 2777 dubium
2768 2738 2876 2777 non
2909 2731 2992 2777 est
3021 2722 3154 2792 quin
3184 2721 3234 2776 ei
3269 2720 3580 2775 intellectus

2002 2823 2057 2871 ει
2086 2829 2260 2877 mens,
2290 2814 2335 2868 si
2369 2830 2494 2867 cum
2526 2815 2637 2867 Deo
2668 2812 2938 2877 conferas,
2974 2813 3085 2866 sint
3122 2810 3393 2865 defutura.
3425 2809 3578 2875 Quod

2002 2916 2185 2961 autem
2209 2905 2427 2977 pusilla,
2451 2913 2545 2958 aut
2567 2905 2704 2957 nihil
2729 2919 2954 2974 prorsus
2977 2904 3087 2957 sint
3106 2911 3292 2957 nostra
3321 2900 3387 2954 ad
3407 2901 3579 2954 Deum

2003 2997 2219 3059 collata,
2252 2997 2481 3065 ipsemet
2509 2992 2769 3059 declarat,
2796 2993 2986 3047 dicens
3021 3010 3034 3045 :
3070 3010 3087 3043 ι
3126 2992 3247 3045 Non
3274 2990 3423 3043 enim
3454 2998 3583 3043 sunt

2004 3083 2231 3137 consilia
2259 3099 2399 3148 mea,
2431 3084 2571 3138 sicut
2603 3084 2830 3137 consilia
2863 3089 3046 3137 vestra
3071 3096 3085 3134 :
3111 3092 3290 3151 neque
3318 3077 3461 3133 sicut
3492 3092 3579 3133 se-

2005 3170 2152 3224 mita:
2193 3177 2408 3232 vestrae,
2438 3170 2541 3224 viae
2585 3185 2752 3235 mete;
2798 3169 2892 3223 sed
2925 3167 3387 3239 quemadmodum
3418 3167 3582 3222 distat

2006 3261 2203 3316 coelum
2239 3277 2270 3315 a
2309 3269 2472 3326 terra,
2506 3261 2581 3315 ita
2614 3260 2778 3314 distat
2807 3261 2893 3316 via
2933 3276 3051 3316 mea
3083 3276 3113 3315 a
3140 3261 3244 3316 viis
3271 3261 3489 3322 vestris,
3526 3271 3581 3315 ot

2008 3352 2362 3422 cogitationes
2392 3360 2586 3407 vestra:
2633 3368 2662 3406 a
2694 3352 3022 3422 cogitatione
3065 3367 3185 3406 mea
3217 3352 3279 3406 ⁸³.
3335 3371 3354 3403 ι
3394 3352 3582 3407 Valeat

2009 3443 2190 3512 itaque
2217 3451 2474 3513 tanquam
2512 3444 2804 3512 superﬂua,
2840 3457 3068 3512 qua-que
3097 3443 3310 3512 concipi
3345 3458 3451 3496 non
3479 3457 3576 3512 po-

2008 3539 2134 3597 test,
2169 3532 2361 3586 harum
2395 3547 2579 3586 rerum
2615 3531 2906 3602 indagatio.
2934 3532 3095 3588 Creat
3125 3534 3270 3587 enim
3298 3533 3443 3589 sicut
3478 3549 3577 3586 πιθα

2007 3623 2105 3687 vit,
2133 3631 2188 3678 et
2212 3631 2272 3677 ut
2296 3631 2490 3692 potens
2511 3630 2595 3676 est
2620 3622 2781 3677 Deus.
2813 3621 3024 3678 Creatis
3053 3622 3236 3692 itaque
3264 3622 3419 3676 initio
3441 3622 3584 3675 coal»

2007 3721 2063 3769 et
2092 3722 2256 3778 terra,
2286 3729 2349 3768 ac
2378 3713 2577 3769 deinde
2619 3728 2884 3783 aquarum
2923 3712 3274 3767 multitudine
3315 3713 3373 3766 in
3410 3727 3578 3767 unum

2007 3806 2188 3860 locum
2221 3811 2520 3868 contracta,
2546 3819 2769 3860 necesse
2793 3805 2940 3860 enim
2968 3812 3087 3859 erat
3111 3819 3305 3874 parere
3339 3802 3541 3857 dicenti
3566 3820 3579 3855 :

2017 3917 2034 3949 ‹
2068 3897 2440 3968 Congregetur
2467 3913 2607 3966 aqua
2637 3897 2694 3950 in
2738 3895 3213 3966 congregationem
3258 3908 3423 3947 unam
3461 3893 3523 3954 ιθ,
3558 3913 3575 3944 ι

2010 3989 2222 4043 detecta
2250 3988 2470 4057 quidem
2514 3994 2600 4043 est
2643 3994 2808 4049 terra,
2866 3993 3120 4052 tantaque
3149 3983 3446 4036 herbarum
3486 3999 3582 4036 va-

2011 4080 2202 4133 rietate
2225 4077 2480 4139 ellloruit,
2511 4083 2673 4146 atque
2701 4073 2959 4129 inusitato
2988 4081 3117 4127 tunc
3147 4088 3298 4128 more
3333 4072 3583 4130 fructife-

2012 4183 2198 4223 rarum
2249 4166 2508 4224 arborum
2542 4164 2684 4219 fetus
2720 4180 2788 4223 ex
2828 4179 2886 4218 se
2922 4163 3092 4226 dedit.
3120 4164 3260 4219 Solis
3304 4172 3488 4219 autem
3528 4173 3584 4219 et

2011 4260 2151 4315 luna:
2191 4258 2355 4313 orbes
2387 4263 2776 4328 apparuerunt,
2823 4255 3115 4325 divinaque
3156 4256 3244 4310 lex
3287 4255 3584 4325 unicuique

2011 4351 2153 4409 initii
2196 4350 2280 4407 sui
2316 4322 2539 4406 modum
2580 4322 3406 4417 dispertiebatur:Constitutus
3435 4322 3582 4402 enim
3630 4322 3652 4459 I

2010 4448 2094 4495 est
2119 4441 2210 4496 ille
2237 4439 2458 4509 quidem
2487 4438 2542 4492 in
2575 4438 2720 4493 diem
2757 4453 2821 4492 ac
2850 4438 3224 4508 splendorem;
3257 4438 3374 4497 haec
3401 4448 3581 4493 autem
3627 4438 3638 4537 ί

343 4529 426 4590 εις
451 4526 536 4598 ὴῶ
581 4529 677 4582 καὶ
703 4527 874 4596 αὐγάς
894 4545 908 4559 ο
938 4531 970 4599 ή
999 4529 1058 4582 δὲ
1091 4531 1170 4593 εἰς
1213 4529 1384 4583 νύκτα
1435 4531 1530 4584 καὶ
1560 4532 1779 4592 σκότος’
1815 4530 1903 4583 καὶ

2013 4531 2069 4586 in
2110 4539 2327 4586 noctem
2368 4538 2424 4584 et
2470 4528 2744 4584 tenebras.
2788 4527 2974 4599 Ipsum
3015 4544 3147 4584 vero
3175 4529 3341 4584 etiam
3385 4531 3583 4585 coelum
3624 4566 3630 4599 ί

342 4619 507 4680 αὐτὸς
533 4618 591 4672 δὲ
619 4621 731 4683 τοῖς
754 4619 973 4690 ἄστροις
999 4620 1028 4672 6
1053 4618 1276 4689 σύμπας
1302 4622 1433 4689 ἡμῖν
1453 4619 1680 4690 οὐρανὸς
1711 4623 1911 4691 κατερ-

343 4711 572 4778 ραίνετο.
600 4711 710 4763 Kal.
740 4709 845 4781 μὴν
870 4709 963 4763 καὶ
985 4708 1069 4778 ἐφ’
1097 4711 1205 4780 ὅτῳ
1228 4710 1534 4778 γεγόνασιν,
1565 4710 1910 4781 ὲθεσμοθέτει

346 4801 547 4868 λέγων·
582 4823 600 4851 ι
641 4803 752 4855 Kal
780 4801 1025 4855 ἔστωσαν
1083 4802 1163 4864 εἰς
1198 4803 1399 4871 σημεῖα.
1425 4803 1519 4854 καὶ
1561 4804 1641 4864 εἰς
1665 4805 1908 4875 καιροὺς,

345 4893 435 4946 καὶ
467 4893 546 4954 εἰς
577 4892 790 4962 ἡμέρας
842 4893 937 4945 καὶ⁵
979 4893 1058 4955 εἱς
1088 4892 1389 4956 ἐνιαυτοὺς,
1423 4892 1517 4946 καὶ
1548 4891 1788 4946 ἔστωσαν
1831 4895 1910 4955 εἰς

345 4981 540 5048 ψαῦσιν
585 4982 643 5033 ὲν
676 4979 757 5050 τῷ
790 4979 1127 5050 στερεωματι
1179 4980 1270 5034 τοῦ
1318 4981 1570 5052 ούρανοῦ,
1616 4982 1755 5034 ὥστε
1787 4983 1910 5049 gai-

347 5090 450 5125 νειν
479 5073 571 5125 ἐπὶ
599 5072 700 5142 τῆς
723 5071 847 5142 γῆς.
885 5089 904 5122 ι
951 5072 1168 5141 Ἐπειδὴ
1200 5073 1255 5126 δὲ
1283 5073 1395 5144 ζωὴ
1415 5073 1557 5127 κατά
1582 5073 1741 5142 φύσιν
1764 5075 1910 5127 ἐστὶν

346 5170 374 5221 6
404 5169 509 5239 τῶν
541 5169 678 5223 ὅλων
704 5169 1068 5241 Δημιουργδςν
1096 5170 1189 5224 καὶ
1214 5168 1383 5240 αὐτὴν
1425 5168 1533 5223 τῶν
1572 5170 1777 5222 ὑδάτων
1814 5169 1912 5238 τὴν

346 5260 501 5325 φύσιν
537 5261 747 5332 μητέρα
776 5261 992 5332 νηκτῶν
1024 5262 1117 5314 καὶ
1144 5261 1252 5314 τῶν
1282 5263 1362 5325 εις
1388 5260 1527 5332 ἀέρα
1558 5261 1771 5332 πτηνῶν
1800 5264 1914 5333 εἰρ-

349 5351 559 5418 γάζετο.
588 5353 694 5422 Γῆν
727 5353 784 5406 δὲ
830 5352 894 5423 δὴ
925 5353 1086 5406 πάλιν
1131 5353 1345 5406 ἐκέλευε
1379 5355 1472 5406 καὶ
1505 5353 1717 5422 κτηνῶν
1746 5352 1909 5406 πολύ·

345 5461 548 5514 μορφον
574 5444 823 5499 ἐκδοῦναι
857 5444 1042 5514 φύσιν,
1079 5446 1172 5498 καὶ
1201 5445 1380 5515 θηρῶν
1413 5444 1620 5514 ἀγρίων
1645 5447 1910 5498 ἁτίθοιστα

275 5574 292 5586 .
337 5535 493 5604 γένη.
526 5538 632 5591 Καὶ
655 5537 894 5606 ἀμελητὶ
919 5537 979 5588 τὸ
1005 5536 1192 5611 δοκοῦν
1223 5537 1315 5589 καὶ
1335 5538 1474 5607 ὑπὲρ
1506 5535 1628 5590 νοῦν
1653 5538 1913 5606 agam:-

339 5641 482 5678 τετη.
515 5627 623 5696 Ἐφ’
648 5627 868 5697 ἑκάστῳ
889 5628 994 5681 τῶν
1025 5627 1424 5696 πεποιημένων,
1464 5629 1637 5695 Λόγος
1663 5623 1728 5696 ἦν
1756 5629 1781 5678 6
1816 5628 1910 5694 δη-

422 5739 648 5812 Μέρος.
679 5759 737 5812 ιι,
766 5744 865 5808 17;
895 5759 973 5808 ιιι,
1005 5743 1090 5796 i2.

347 5808 433 5875 14,
468 5803 549 5865 15ξ

1210 5743 1242 5771 ¹¹
1281 5742 1433 5795 Joan.
1473 5759 1505 5803 ι,

1710 5742 1745 5770 ¹²
1784 5741 1937 5793 Rom.
1976 5753 2045 5800 χι,
2081 5737 2166 5787 Si.

2014 4633 2186 4679 totum
2217 4623 2389 4678 stellis
2421 4620 2737 4691 insignitum
2779 4581 2882 4676 est.
2926 4621 2985 4674 in
3026 4636 3189 4690 quem
3229 4636 3395 4692 porro
3424 4637 3582 4676 usum
3623 4581 3638 4684 l

2015 4715 2151 4775 facta
2182 4715 2310 4778 sint,
2352 4713 2559 4777 docuit,
2588 4713 2776 4771 dicens
2819 4729 2831 4766 :
2868 4730 2887 4761 ‹
2921 4711 2988 4767 Et
3012 4712 3123 4767 sint
3145 4713 3202 4766 in
3239 4713 3412 4784 signa,
3441 4721 3498 4768 et
3529 4713 3583 4766 in

2013 4815 2278 4874 tempora,
2303 4815 2359 4859 et
2388 4805 2442 4857 in
2476 4804 2613 4866 dies,
2636 4814 2692 4858 et
2727 4804 2783 4858 in
2823 4817 2995 4858 annos
3024 4820 3037 4856 :
3065 4810 3122 4857 et
3153 4803 3264 4860 sint
3297 4803 3352 4858 in
3377 4804 3583 4858 illumi-

2013 4897 2289 4949 nationem
2324 4895 2378 4949 in
2412 4894 2750 4952 ﬁrmamento
2775 4894 2922 4957 caeli,
2950 4902 3012 4947 ut
3036 4893 3256 4949 luceant
3281 4908 3446 4962 super
3473 4903 3584 4947 ter-

2016 4999 2129 5037 ram
2165 4984 2226 5038 ¹³.
2281 5001 2300 5035 ›
2345 4982 2483 5037 Cum
2528 4998 2661 5038 vero
2692 4984 2803 5039 vita
2848 4983 3175 5038 naturaliter
3222 4982 3295 5038 sit
3339 4983 3586 5037 omnium

2016 5073 2226 5144 Opifex,
2252 5073 2424 5143 ipsam
2454 5074 2621 5128 etiam
2646 5088 2907 5144 aquarum
2934 5083 3206 5139 naturam,
3239 5082 3470 5129 matrem
3492 5090 3586 5128 na-

2018 5167 2248 5221 tatilium
2303 5174 2359 5219 et
2383 5165 2667 5219 volucrum
2715 5180 2896 5221 aerem
2941 5166 3360 5235 permeantium,
3390 5179 3585 5233 opera-

2018 5266 2107 5312 tus
2152 5265 2252 5311 est.
2290 5256 2515 5311 Terram
2559 5271 2690 5310 vero
2734 5271 2947 5309 rursum
2984 5256 3150 5325 jussit
3196 5255 3583 5310 multiformem

2011 5351 2385 5421 jumentorum
2424 5355 2675 5404 naturam
2701 5347 2882 5409 edere,
2913 5354 2968 5400 et
2998 5347 3237 5400 ferorum
3269 5345 3585 5402 animalium

2017 5440 2280 5495 indomita
2330 5453 2561 5509 genera,
2619 5435 3130 5505 promptissimcque
3176 5434 3443 5504 quidquid
3482 5436 3584 5506 ipsi

2018 5531 2265 5599 placuit,
2341 5543 2617 5597 supraque
2683 5539 2899 5579 omnem
2979 5525 3317 5579 intellectum
3383 5527 3583 5581 effecit.

2018 5621 2455 5689 Uniuscujusque
2505 5617 2650 5670 enim
2693 5617 2769 5671 rei
2811 5631 2971 5686 quam
3019 5617 3165 5681 fecit,
3191 5618 3431 5672 Verbum
3465 5617 3586 5685 ορξ-

2287 5732 2323 5760 ‘-‘
2353 5732 2452 5784 lsa.
2494 5748 2571 5784 iv.
2609 5731 2657 5796 8,
2690 5732 2738 5783 9.
2859 5734 2895 5761 "
2927 5732 3058 5788 Gen.
3091 5750 3125 5797 ι,
3157 5732 3205 5787 9.
3312 5729 3510 5784 "ibid.
3548 5744 3583 5793 ι,
