4056 6260
454 442 520 499 19
1439 446 1495 500 s.
1538 445 1812 502 cmeu
1849 448 2316 513 ALEXANDRl-Nl
2353 455 2673 513 ARCHIEP.
3609 452 3683 510 αθ

446 559 532 612 fex
555 557 680 625 fuit,
718 559 768 630 5
794 562 1050 632 solusque
1074 570 1242 618 nutus
1279 563 1346 619 iis
1370 573 1552 619 ortum
1591 566 1842 635 praebuit.
1875 568 1993 624 Cun

2119 575 2398 644 μιουργὸς,
2444 575 2541 629 καὶ⁵
2573 576 2746 648 νεῦμα
2786 575 2946 647 μόνον
2978 577 3012 647 ἡ
3046 574 3276 645 γένεσις.
3324 571 3675 643 ’Δνδανούσῃς

446 664 577 704 vero
597 644 780 705 rerum
803 662 1110 708 creatarum
1133 663 1356 709 ornatus
1373 670 1434 709 ac
1456 656 1809 725 pulchritudo
1845 658 2011 714 etiam

448 741 829 797 universorum
859 741 1049 813 Opiﬁci
1105 746 1377 815 placeret,
1419 755 1698 816 postremo
1744 749 1812 803 ad
1857 752 2010 821 ejus,

445 833 600 904 cujus
624 848 788 888 causa
816 833 932 889 hac
962 834 1102 889 facta
1136 845 1313 900 erant,
1348 837 1680 892 creationem
1723 855 1781 894 se
1815 850 2011 895 contu-

443 923 526 987 lit,
570 923 830 988 hominis,
870 924 1113 994 inquam.
1154 923 1450 994 Oportebat
1494 928 1661 994 enim,
1691 932 2009 999 oportebat,

441 1013 688 1067 omnium
710 1023 1037 1080 creatorem,
1066 1016 1272 1070 bonum
1302 1032 1399 1071 sua
1420 1028 1614 1073 natura
1636 1021 2008 1085 cxsistentem,

440 1117 502 1155 ac
534 1103 718 1171 potius
753 1104 931 1171 ipsum
957 1105 1182 1171 bonum,
1210 1106 1263 1161 id
1292 1108 1435 1177 quod
1473 1119 1575 1175 est,
1609 1110 1773 1165 etiam
1801 1128 1830 1165 a
1850 1113 2010 1168 nobis

439 1195 713 1262 cognosci.
757 1195 1053 1266 Oportebat
1092 1208 1297 1254 terram
1336 1199 1591 1255 refertam
1637 1217 1756 1256 esse
1792 1202 1860 1256 iis
1913 1204 2009 1272 qui

440 1284 619 1352 ipsum
647 1286 951 1356 glorificare
978 1299 1219 1355 nossent,
1251 1298 1307 1345 et
1344 1306 1409 1345 ex
1443 1292 1816 1346 concinnitate
1853 1307 2006 1347 crea-

439 1383 687 1429 turarum
725 1375 1000 1433 Creatoris
1048 1380 1276 1450 gloriam
1314 1381 1538 1435 intueri.
1569 1382 1724 1446 Nam,
1754 1391 1814 1438 ut
1842 1383 2007 1438 Isaias

438 1466 834 1535 propheta‘ait:
870 1488 888 1520 ι
919 1469 1036 1524 Non
1055 1471 1111 1524 in
1136 1487 1337 1525 vanum
1368 1472 1547 1526 fecisti
1579 1488 1718 1537 eam,
1752 1492 1770 1523 3
1802 1482 2006 1528 terram

436 1555 723 1621 nimirum,
758 1576 777 1609 ι
820 1558 915 1613 sed
946 1568 1007 1613 ut
1049 1561 1391 1635 habitaretur
1424 1561 1484 1614 ⁸⁸.
1524 1580 1542 1612 3
1572 1561 1805 1616 Necesse
1840 1564 2008 1633 igitur

432 1655 551 1702 erat
568 1647 768 1702 animal
790 1649 845 1702 in
866 1649 984 1718 ipsa
1002 1649 1246 1714 formari,
1269 1651 1477 1704 ratione
1497 1650 1806 1719 praeditum,
1824 1660 2007 1707 osten-

432 1744 508 1800 sis
530 1746 684 1815 prius
712 1745 813 1814 ipsi
849 1745 1126 1810 omnibus,
1157 1761 1277 1815 qua:
1306 1746 1374 1799 ad
1403 1746 1821 1801 delectationem
1858 1746 2004 1802 face-

431 1842 574 1895 rent,
599 1850 850 1903 qumque,
876 1842 937 1888 ut
962 1844 1109 1888 recte
1148 1835 1289 1890 facta
1327 1835 1667 1901 viderentur,
1707 1838 2002 1906 persuade-

2110 661 2167 714 δέ
2202 665 2296 715 καὶ
2329 663 2476 735 αύτῷ
2505 664 2581 733 τῷ
2608 664 2720 718 τῶν
2748 663 2884 717 ὅλων
2917 663 3132 733 τεχνίτῃ
3164 663 3263 732 τῆς
3289 662 3348 714 ἐν
3377 663 3489 723 τοῖς
3517 674 3675 727 γεγοο

2111 754 2256 808 νόσιν
2281 754 2597 826 εὐκοσμίας,
2631 755 2822 824 σκέψις
2852 754 3023 825 εἰσῄει
3055 751 3241 805 λοιπὸν
3273 750 3434 818 ἑτέρα
3487 747 3578 801 τὸν
3611 745 3674 799 δι’

2109 842 2168 896 ὃν
2194 844 2376 897 ἐκεῖνα
2409 845 2664 916 παρήχθη
2687 838 2830 914 ’πρὸς
2861 842 3115 915 ὕπαρξιν,
3147 840 3458 894 τελευταῖον
3492 835 3677 904 εἰσφέ-

2112 949 2301 1003 ρουσα,
2341 935 2484 1003 φημὶ
2532 935 2589 987 δὲ
2633 936 2723 988 τὸν
2767 934 3072 1005 ἄνθρωπον.
3111 932 3259 985 Ἔδει
3282 929 3411 999 γὰρ,
3446 927 3554 981 ἔδει
3585 925 3676 979 τὸν

2107 1023 2214 1077 τῶν
2240 1024 2377 1077 ὅλων
2397 1024 2738 1095 Δημιουργὸν
2766 1023 2967 1092 ἀγαθὸν
2997 1023 3124 1076 ὄντα
3152 1020 3294 1074 κατὰ
3325 1018 3507 1089 φύσιν,
3538 1014 3677 1086 μᾶλ⁸

2107 1114 2194 1167 λον
2225 1114 2281 1167 δὲ
2326 1115 2456 1168 αὐτὸ
2488 1114 2548 1168 τὸ
2579 1114 2781 1183 ἀγαθὸν
2822 1114 2968 1167 τοῦθ’
3017 1114 3154 1183 ὅπερ
3198 1110 3335 1174 ἐστὶ,
3393 1109 3486 1162 καὶ
3540 1106 3679 1179 πρὸς

2106 1208 2264 1278 ἡμῶν
2308 1207 2691 1277 γινώσκεσθαι.
2731 1206 2878 1259 Ἔδει
2920 1205 3101 1275 πλήρη
3144 1201 3396 1271 γενέσθαι
3429 1199 3526 1269 τὴν
3569 1196 3676 1266 γῆν

2105 1298 2213 1350 τῶν
2238 1298 2452 1351 εἰδότων
2475 1296 2791 1364 δοξολογεῖν,
2815 1295 2909 1348 καλ¹
2930 1295 3036 1347 ἀπὸ
3055 1291 3318 1360 καλλονῆς
3339 1288 3675 1358 κτισμάτων,

2105 1389 2248 1442 καθὰ
2294 1390 2624 1459 γέγραπται,
2663 1388 2762 1458 τὴν
2810 1386 2904 1440 τοῦ
2950 1383 3474 1455 δεδημιουργηκότος
3501 1396 3674 1434 κατα-

2106 1479 2434 1533 σκέπτεσθαι
2448 1480 2626 1546 δόξαν.
2660 1479 2748 1558 ’μς
2767 1477 2917 1548 γάρὸ
2936 1476 3221 1546 προφήτης
3236 1472 3401 1543 φησιν
3423 1469 3669 1532 Ἡσαΐας,

2111 1589 2129 1621 ι
2166 1571 2279 1623 Οὐκ
2318 1571 2398 1632 είς
2430 1569 2586 1623 κενὸν
2617 1569 2880 1639 ἐποίησας
2917 1566 3109 1636 αὐτὴν,
3145 1583 3166 1615 3
3200 1563 3357 1633 δῆλον
3382 1562 3438 1615 δὲ
3462 1563 3543 1616 ὅτι
3572 1561 3674 1631 τὴν

2105 1656 2240 1724 γῆν,
2275 1675 2293 1707 ι
2327 1656 2442 1709 ἀλλ’
2483 1657 2563 1718 εἰς
2606 1655 2668 1707 τὸ
2730 1652 3121 1709 κατοικεῖσθαι.
3159 1670 3179 1704 3
3223 1648 3333 1704 Ἦν
3371 1644 3465 1703 οὖν
3502 1651 3672 1714 ἀναγ-

2105 1748 2278 1808 καῖον,
2315 1743 2455 1807 ζῶον
2480 1747 2536 1797 ἐν
2563 1745 2700 1813 αὑτῇ
2730 1743 3061 1796 πλάττεσθαι
3090 1741 3326 1809 λογικὸν,
3355 1740 3673 1813 προαναδει-

2104 1835 2341 1906 χθέντων
2379 1833 2545 1889 αὐτοῦ
2586 1832 2696 1886 τῶν
2727 1834 2827 1886 ὅσα
2862 1833 2978 1885 ἐστὶ
3004 1832 3261 1884 τελοῦντα
3287 1832 3423 1900 πρὸς
3458 1831 3671 1903 τέρψιν,

434 1931 571 1978 rent.
602 1920 813 1981 Idcirco
848 1934 1262 1995 praemonstrato
1299 1927 1353 1982 in
1389 1927 1601 1983 decenti
1633 1936 1825 1982 ornatu
1860 1928 1993 1984 ccela

2102 1927 2196 1980 καὶ
2228 1926 2363 1997 πρός
2383 1942 2445 1994 γε
2467 1920 2526 1978 εὖ
2556 1924 2885 1994 πεποιῆσθαι
2909 1924 3105 1976 δοκεῖν.
3137 1921 3405 1991 Ταύτῃτοι
3432 1938 3672 1992 προανα-

430 2026 494 2066 ac
519 2019 687 2079 terra,
717 2021 774 2069 et
796 2031 917 2084 quae
952 2015 1008 2069 in
1038 2015 1105 2070 iis
1129 2024 1274 2081 sunt,
1303 2017 1539 2072 hominis
1564 2018 1895 2074 creationem
1916 2026 2000 2073 est

429 2116 736 2173 aggressus,
758 2107 913 2177 cujus
938 2114 1119 2160 ortum
1142 2107 1420 2177 antiquius
1440 2118 1622 2164 mente
1638 2118 1994 2180 conceperat;

430 2195 644 2250 tametsi
668 2211 887 2251 omnem
926 2197 1088 2251 aliam
1124 2208 1435 2254 creaturam
1459 2214 1525 2254 ex
1557 2207 1801 2270 tempore
1831 2202 1997 2257 verbo

421 2299 490 2341 ac
517 2288 739 2357 proprio
764 2304 1016 2344 sermone
1047 2289 1328 2354 formarat,
1361 2299 1422 2345 ut
1458 2291 1620 2346 Deus.
1650 2292 1786 2346 Cum
1813 2301 1996 2347 autem

427 2377 590 2430 homo
615 2377 816 2431 animal
847 2379 916 2431 sit
965 2393 1157 2433 revera
1191 2362 1479 2448 pulchrum
1521 2381 1742 2450 Deoque
1779 2381 1996 2435 similli-

426 2480 598 2531 mum,
666 2483 736 2521 ne
772 2468 1052 2522 videretur
1098 2484 1368 2538 suprema:
1421 2470 1606 2539 gloria:
1645 2472 1996 2527 simulacrum

423 2558 616 2613 eodem
658 2558 1003 2615 formationis
1044 2561 1227 2625 modo,
1259 2576 1369 2630 quo
1409 2561 1528 2615 alia:
1573 2569 1838 2617 creatum
1876 2579 1997 2633 quae

423 2647 562 2723 tales
592 2663 702 2701 non
722 2658 868 2713 sunt,
891 2657 1164 2714 constare,
1189 2649 1602 2715 deliberatione,
1624 2652 1993 2722 manualique,

423 2743 483 2789 ut
512 2735 585 2790 ita
612 2734 812 2801 dicam,
841 2737 1158 2806 operatione
1180 2738 1299 2807 ejus
1333 2746 1662 2792 structuram
1688 2747 1773 2794 est
1803 2740 1995 2810 digna-

422 2836 528 2881 tus.
558 2825 813 2880 Formato
841 2826 993 2880 enim
1031 2841 1100 2880 ex
1139 2835 1283 2880 terra
1314 2826 1627 2891 simulacro,
1659 2829 1861 2883 animal
1905 2845 1994 2883 ra-

421 2917 568 2972 tione
602 2916 891 2987 praaditum
927 2917 1061 2972 illud
1095 2917 1298 2981 effecit,
1325 2926 1510 2987 atque,
1537 2927 1597 2973 ut
1619 2920 1854 2990 praprize
1893 2937 1994 2975 na-

418 3013 553 3060 turae
591 3005 859 3061 rationem
902 3014 1214 3076 superaret,
1254 3006 1620 3076 corruptionis
1663 3017 1884 3077 experte
1930 3024 1994 3064 ac

416 3095 723 3151 vivificante
771 3096 967 3166 spiritu
1010 3097 1194 3152 statim
1247 3096 1544 3168 insignivit.
1591 3097 1866 3168 Scriptum
1907 3107 1993 3153 est

415 3186 562 3239 cnim
606 3204 620 3239 :
669 3206 687 3237 ι
720 3187 789 3240 Et
829 3188 1122 3242 insuﬂlavit
1157 3189 1215 3242 in
1255 3189 1450 3242 faciem
1493 3189 1613 3258 ejus
1656 3191 1991 3259 spiraculum

417 3276 561 3339 vitae,
592 3282 648 3330 et
689 3275 862 3330 factus
902 3283 989 3330 cst
1014 3277 1179 3331 homo
1201 3277 1254 3330 in
1279 3277 1514 3331 animam
1540 3278 1813 3332 viventem
1847 3280 1928 3332 "‘.
1966 3299 1984 3331 3

416 3365 624 3422 Deinde
647 3367 906 3439 paradiso
931 3383 996 3423 ac
1016 3369 1229 3424 deliciis
1249 3370 1489 3434 donavit,
1514 3378 1569 3425 et
1593 3369 1647 3423 in
1668 3371 1850 3424 omnia
1874 3386 1995 3439 quae

413 3457 473 3512 in
505 3466 653 3514 terra
701 3469 829 3515 sunt
868 3460 1158 3530 imperium
1211 3460 1263 3516 ei
1303 3461 1530 3527 tribuit,
1567 3461 1992 3531 natatilibusque

416 3549 579 3605 simul
608 3557 666 3605 et
692 3550 1010 3605 volucribus
1036 3549 1282 3621 pmfecit
1307 3568 1321 3605 :
1348 3551 1479 3621 quin
1505 3557 1561 3606 et
1597 3550 1840 3606 ferorum
1871 3553 1991 3606 ani-

415 3638 639 3693 maiium
679 3648 945 3703 armenta,
994 3654 1207 3695 necnon
1249 3656 1313 3695 ea
1370 3657 1490 3710 quae
1531 3657 1802 3697 venenosa
1842 3648 1988 3707 sunt,

2100 2020 2272 2090 φήνας
2305 2019 2362 2071 ἐν
2393 2017 2583 2087 κόσμῳ
2613 2016 2693 2087 τῷ
2712 2015 2898 2069 δέοντι
2941 2015 3043 2085 γῆν
3070 2031 3131 2067 τε
3173 2014 3266 2067 καὶ
3292 2012 3537 2083 οὐρανὸν,
3575 2013 3672 2066 καὶ

2097 2109 2165 2163 τὰ
2191 2111 2249 2162 ὲν
2275 2111 2474 2172 αὐτοῖς,
2498 2108 2590 2160 ἐπὶ
2618 2106 2715 2179 τὴν
2738 2106 2831 2160 τοῦ
2870 2105 3156 2178 ἀνθρώπου
3185 2102 3469 2175 κεχώρηκε
3498 2119 3668 2156 κατα-

2100 2202 2333 2273 σκευήν⁸
2393 2191 2455 2252 οὗ
2500 2199 2598 2268 τῆς
2662 2198 2928 2266 γενέσεως
2995 2196 3374 2269 πρεσϐυτέραν
3435 2195 3671 2247 ἐποιεῖτο

2095 2294 2194 2364 τὴν
2234 2292 2454 2360 σκέψιν·
2506 2289 2686 2342 καίτοι
2730 2289 2830 2360 τὴν
2873 2288 3039 2355 ἄλλην
3075 2287 3292 2341 ἃπασαν
3327 2285 3507 2340 κτίσιν
3533 2288 3669 2340 ἀπο.

2100 2382 2393 2452 σχεδιάζων
2440 2381 2667 2451 ῥήματι,
2717 2380 2809 2432 καὶ
2847 2377 2928 2448 τῷ
2979 2377 3092 2449 ἰδίῳ
3118 2377 3261 2448 λόγῳ
3293 2377 3545 2439 συνιστὰς
3591 2375 3670 2439 ὡς

2097 2475 2247 2536 Θεός.
2280 2472 2571 2542 Ἐπειδὴδέ
2596 2474 2743 2525 ἐστιν
2763 2471 3045 2540 ἄνθρωπος
3071 2468 3205 2534 ζῶον
3226 2468 3441 2539 ἀληθῶς
3472 2467 3669 2536 εὐφυὲς

2097 2562 2190 2617 καὶ
2243 2563 2664 2616 θεοειδέστατον·
2722 2561 2797 2625 ὡς
2854 2560 2919 2615 ἂν
2956 2560 3029 2630 μὴ
3077 2560 3206 2631 δοκῇ
3254 2560 3351 2629 τῆς
3407 2556 3669 2611 ἀνωτάτω

2095 2654 2249 2724 δόξης
2278 2653 2338 2706 τὸ
2374 2654 2619 2724 μίμημα,
2652 2652 2761 2706 τῶν
2793 2651 2922 2706 ἴσων
2951 2653 3031 2716 είς
3059 2653 3275 2722 ποίησιν
3308 2653 3419 2713 τοῖς
3440 2650 3538 2720 οὐχ
3562 2641 3665 2702 ὧδε

2095 2745 2277 2816 ἔχουσι
2312 2746 2516 2816 λαχεῖν,
2554 2745 2645 2797 καὶ
2684 2743 3021 2814 προσουλίοις
3062 2743 3224 2812 ἐτίμα
3250 2742 3343 2795 καὶ
3366 2740 3666 2813 αὐτουργίᾳ

2092 2838 2153 2890 τὸ
2196 2837 2462 2907 τέχνημα.
2509 2836 2767 2907 Ἀγαλμα
2812 2834 2870 2887 δὲ
2906 2834 3204 2897 διαπλάσας
3247 2836 3311 2887 ἐκ
3346 2833 3472 2902 γῆς,
3526 2833 3665 2898 ζῶον

2093 2928 2226 2980 αὐτὸ
2240 2927 2453 2996 λογικὸν
2483 2927 2753 2992 ἀποτελεῖ,
2776 2927 2870 2980 καὶ
2896 2926 2982 2979 ίνα
3010 2926 3134 2988 τοὺς
3157 2925 3254 2996 τῆς
3286 2924 3420 2987 ίδίας
3449 2926 3664 2990 φύσεως

2092 3019 2379 3090 ἁνατρέχοι
2406 3019 2617 3088 λόγους.
2650 3018 2946 3090 ἄφθαρτον,
2989 3016 3249 3083 ζωοποιὸν
3287 3015 3446 3079 εὐθὺς
3472 3016 3662 3087 ἐνεχά-

2095 3124 2255 3178 ραττε
2277 3109 2493 3180 πνεῦμα
2513 3126 2526 3139 ·
2551 3110 2857 3181 γέγραπται
2875 3108 3006 3179 γάρ’
3038 3127 3057 3160 ι
3096 3108 3203 3160 Καὶ
3229 3105 3558 3177 ἐνεφύσησεν
3580 3107 3662 3171 είς

2092 3198 2152 3251 τὸ
2171 3199 2460 3267 πρόσωπον
2483 3199 2647 3251 αὐτοῦ
2669 3200 2836 3267 πνοὴν
2855 3196 3023 3267 ζωῆς,
3044 3197 3139 3250 καὶ
3159 3196 3378 3264 ἐγένετο
3410 3196 3437 3248 ὁ
3453 3195 3661 3264 ἄνθρω-

2096 3301 2194 3348 πος
2233 3288 2312 3348 εἰς
2332 3285 2510 3356 ψυχὴν
2536 3285 2738 3349 ζῶσαν.
2782 3304 2800 3336 3
2835 3285 2968 3338 Εἶτα
2988 3284 3313 3354 παραδείσου
3335 3285 3428 3337 καὶ
3449 3284 3663 3353 τρυφῆς

2093 3373 2263 3441 ἠξίου,
2281 3375 2376 3428 καὶ
2398 3375 2457 3427 τὸ
2478 3375 2618 3427 κατά
2648 3378 2862 3430 πάντων
2884 3374 2993 3428 τῶν
3016 3374 3106 3428 ἐπὶ
3129 3375 3233 3444 γῆς
3260 3373 3405 3445 αύτῷ
3432 3390 3661 3446 προσνε-

2093 3464 2301 3535 νέμηκε
2345 3465 2542 3537 κράτος
2568 3482 2582 3497 ο
2614 3467 2832 3535 νηκτοῖς
2856 3463 3094 3518 ἐπετίθει
3127 3465 3221 3518 καὶ
3244 3465 3466 3535 πτηνοῖς
3497 3461 3660 3532 ἡγού-

2095 3572 2286 3625 μενον,
2321 3556 2415 3609 καὶ
2435 3555 2634 3624 ἀγέλας
2660 3557 2758 3626 μὲν
2794 3556 3002 3627 ἀγρίων
3026 3554 3173 3626 αὐτῷ
3212 3553 3544 3622 κατεζεύγνυ
3563 3553 3660 3624 θη-

2094 3646 2203 3718 ρῶν
2222 3686 2236 3709 ,
2273 3646 2625 3716 ύπεστρώννυ
2647 3647 2702 3701 δὲ
2739 3647 2832 3702 καὶ
2861 3648 3001 3701 αὐτὰ
3021 3650 3134 3712 τοῖς
3162 3647 3341 3711 ἄλλοις
3376 3646 3509 3717 ὁμοῦ
3548 3644 3659 3699 τῶν

413 3730 576 3785 simul
597 3746 723 3786 cum
752 3732 876 3786 aliis
898 3731 1000 3802 ipsi
1032 3732 1282 3801 subjecit.
1312 3732 1464 3799 Quod
1495 3742 1675 3788 autem
1701 3735 1991 3791 conveniat

2096 3739 2313 3794 ἰοϐόλων
2338 3739 2408 3793 τὰ
2436 3739 2588 3809 γένη.
2629 3738 2952 3793 Ἑκδεδιέναι
2980 3738 3035 3791 δὲ
3060 3738 3141 3792 ὅτι
3168 3738 3435 3808 προσήκει
3460 3736 3553 3790 τὸν
3572 3734 3660 3789 ἄν·

415 3822 594 3879 timeri
617 3822 916 3899 hominem,
939 3823 1280 3880 naturalibus
1304 3824 1517 3895 legibus
1539 3826 1825 3894 persuasit.
1857 3825 1990 3880 Erat

2096 3828 2324 3899 θρωπον,
2355 3830 2603 3898 φυσικοῖς
2641 3828 2930 3881 ’ἐκέλευσεν
2971 3826 3282 3880 ἀναπείθειν
3317 3827 3522 3893 νόμοις.
3546 3821 3658 3877 Ἦν

411 3917 596 3988 itaque
634 3897 903 3989 suprema:
940 3917 1129 3988 gloriae
1159 3918 1535 3981 simulacrum,
1567 3923 1623 3971 et
1664 3916 1861 3972 divina:
1886 3933 1985 3987 po-

2096 3897 2180 3973 ούν
2204 3920 2312 3990 ἄρα
2336 3897 2433 3989 τῆς
2451 3917 2710 3972 ἀνωτάτω
2728 3917 2884 3988 δόξης
2901 3917 2962 3970 τὸ
2984 3918 3300 3987 ἐκμαγεῖον,
3321 3917 3415 3969 καὶ
3436 3915 3657 3985 θεοπρε-

411 4007 621 4063 testatis
651 4007 828 4078 imago
848 4021 1014 4077 super
1045 4015 1266 4072 terram,
1290 4007 1475 4061 homo.
1502 4005 1639 4062 Cum
1666 4021 1794 4062 vero
1825 4023 1988 4077 opor-

2096 4013 2221 4075 ποῦς
2246 4010 2494 4079 ἐξουσίας
2523 4008 2686 4063 εἰκὼν
2706 4009 2799 4061 ἐπὶ
2819 4008 2923 4078 γῆς
2942 4010 2970 4063 ό
2999 4006 3303 4079 ἄνθρωπος.
3336 4007 3553 4077 Ἐπειδὴ
3595 4004 3655 4059 δέ

410 4107 547 4155 teret
567 4115 694 4154 eum
717 4101 810 4169 qui
834 4101 888 4155 in
914 4108 1061 4154 tanta
1091 4100 1263 4171 gloria
1290 4108 1453 4170 atque
1479 4099 1692 4157 deliciis
1715 4109 1834 4163 erat
1855 4117 1985 4157 con-

2096 4102 2173 4157 ιὸν
2212 4104 2292 4165 είς
2333 4100 2490 4156 τοῦτο
2533 4100 2737 4171 ἥκοντα
2773 4099 2960 4153 λοιπὸν
2999 4098 3251 4162 εὐκλείας
3289 4098 3384 4152 καὶ
3439 4096 3656 4167 τρυφῆς

407 4189 654 4254 stitutus,
678 4187 1006 4258 intelligere,
1038 4204 1097 4243 se
1125 4190 1329 4243 habere
1354 4190 1528 4243 Deum
1559 4191 1871 4259 praefectum
1893 4209 1982 4248 re-

2096 4190 2330 4244 iter6évat
2370 4190 2433 4261 δή
2474 4205 2579 4243 που
2619 4187 2838 4250 πάντως
2876 4186 3068 4258 ἐχρῆν,
3117 4187 3201 4239 ὅτι
3227 4184 3360 4239 Θεὸν
3403 4183 3517 4254 ἔχει
3559 4185 3655 4237 τὸν

407 4293 636 4350 gcmque
664 4294 728 4333 ac
752 4278 1057 4343 dominum,
1081 4294 1173 4342 ne,
1205 4278 1374 4332 nimia
1395 4279 1754 4349 prosperitate
1783 4282 1980 4344 elatus,

2096 4279 2438 4347 ἐφεστηκότα,
2467 4277 2691 4348 βασιλέα
2731 4294 2789 4330 τε
2819 4276 2914 4331 καὶ
2939 4275 3146 4346 κύριον·
3174 4275 3261 4329 ἵνα
3282 4270 3357 4345 μὴ
3371 4275 3484 4336 ταῖς
3512 4272 3655 4342 ἄγαν

408 4368 663 4426 facillime
683 4370 740 4438 6
760 4368 815 4423 in
838 4383 959 4423 eam
990 4368 1373 4439 cogitationem
1405 4367 1705 4435 laberetur,
1732 4380 1793 4424 ut
1823 4385 1880 4425 se
1911 4371 1981 4427 ab

2096 4369 2401 4440 εὐημερίαις
2450 4369 2769 4439 ἐτοιμότατα
2825 4366 3135 4440 διολισθήσῃ
3184 4368 3266 4431 είς
3326 4364 3389 4419 τὸ
3444 4364 3653 4419 οίεσθαι

393 4461 544 4531 ejus,
566 4460 658 4531 qui
684 4459 975 4529 imperium
996 4466 1163 4525 tenet,
1184 4466 1451 4529 potestate
1471 4458 1704 4514 liberum
1727 4474 1848 4514 esse
1868 4460 1983 4515 exi-

2096 4456 2240 4527 ιυχὸν
2280 4456 2622 4528 ἀπηλλάχθαι
2663 4456 2759 4510 καὶ
2804 4455 3052 4522 ἐξουσίας
3104 4457 3200 4511 καὶ
3243 4456 3345 4529 τῆς
3391 4455 3485 4510 τοῦ
3516 4471 3655 4527 κρα-

404 4551 667 4615 stimaret,
698 4549 871 4620 legem
915 4549 1098 4603 statim
1140 4548 1310 4613 dedit,
1355 4557 1411 4604 et
1454 4550 1977 4622 transgressionibus

2096 4546 2295 4609 τοῦντος
2317 4546 2610 4618 ὑπεροχῆς,
2633 4553 2798 4619 νόμον
2821 4546 2982 4612 εὐθὺς
3003 4547 3192 4611 ἐδίδου,
3211 4547 3305 4601 καὶ
3320 4549 3442 4610 ταῖς
3470 4562 3651 4617 παρα-

404 4634 579 4693 minas
610 4638 855 4692 vindices
884 4636 1101 4708 adjecit.
1138 4637 1402 4693 Peccandi
1433 4638 1581 4692 enim
1608 4639 1757 4693 nulla
1796 4639 1978 4695 adhuc

2096 4636 2300 4691 idosotv
2349 4638 2584 4691 ἐποιεῖτο
2623 4638 2839 4706 γείτονα
2875 4637 2976 4709 τὴν
3016 4635 3351 4700 κολάζουσαν
3396 4635 3646 4706 ἀπειλήν.

399 4735 520 4782 erat
547 4727 605 4782 in
634 4726 817 4790 terris,
851 4741 962 4781 uno
994 4725 1291 4781 exsistente
1327 4741 1391 4780 ac
1414 4725 1551 4790 solo,
1581 4725 1741 4781 ratio.
1776 4727 1847 4783 Ut
1876 4742 1976 4781 au-

2096 4725 2392 4798 Ἀμαρτίας
2423 4725 2523 4795 μέν
2553 4725 2664 4798 γὰρ
2714 4726 2867 4782 οὖπω
2888 4743 2974 4791 τις
3009 4722 3078 4798 ἦν
3103 4725 3196 4779 ἐπὶ
3218 4726 3317 4796 τῆς
3348 4722 3495 4794 γῆςό
3520 4725 3649 4795 τρόο

401 4829 509 4874 tcm
543 4818 699 4875 ﬂeret
731 4819 896 4875 etiam
919 4818 1022 4873 sub
1051 4818 1190 4889 lege,
1245 4817 1547 4888 excogitata
1582 4825 1666 4872 cst
1686 4817 1789 4888 ipsi
1827 4834 1977 4873 man-

2096 4832 2199 4879 τος,
2237 4814 2355 4878 ἐνὸς
2399 4813 2555 4877 ὄντος
2599 4815 2694 4869 καὶ⁸
2727 4815 2909 4886 μόνου.
2948 4815 3068 4868 Ἵνα
3098 4814 3156 4867 δέ
3184 4812 3395 4882 γένοιτο
3425 4812 3518 4867 καὶ
3543 4812 3651 4866 ὑπὸ

397 4910 510 4965 dati
550 4909 878 4966 observandi
906 4909 1062 4965 ratio.
1096 4928 1113 4960 ι
1141 4909 1221 4964 Ex
1243 4910 1392 4965 omni
1412 4908 1582 4972 enim,
1611 4908 1806 4978 inquit,
1830 4909 1978 4981 ligno

2096 4909 2257 4977 νόμον,
2272 4907 2543 4961 ἐπενοεττό
2559 4925 2643 4971 τις
2662 4907 2809 4978 αὐτῷ
2830 4908 2923 4961 καὶ
2949 4906 3190 4977 φυλακῆς
3207 4906 3407 4976 τρόπος
3420 4920 3434 4934 ·
3456 4921 3480 4957 c
3513 4902 3649 4956 Ἀπὸ

396 5002 544 5073 quod
587 5002 644 5057 in
684 4999 936 5072 paradiso
968 5008 1053 5056 est
1092 5000 1383 5054 comedes:
1420 5015 1489 5055 ex
1526 4998 1675 5070 ligno
1707 5015 1839 5054 vero
1882 5015 1977 5055 co—

397 5091 694 5163 gnoscendi
730 5092 934 5147 bonum
974 5099 1032 5146 et
1055 5091 1278 5155 malum,
1306 5105 1415 5145 non
1456 5088 1755 5146 comedetis
1792 5104 1859 5145 ex
1883 5105 1968 5144 eo.

393 5184 509 5251 Qua
559 5191 745 5240 autem
785 5183 873 5238 die
918 5182 1269 5238 comederitis
1309 5196 1375 5235 ex
1417 5195 1513 5241 eo,
1549 5188 1726 5234 morte
1765 5181 1968 5235 morie-

395 5275 528 5331 mini
554 5275 618 5328 ".
649 5295 668 5328 3
697 5275 903 5331 Deinde
929 5282 1150 5345 accepta
1187 5288 1291 5328 una
1318 5281 1595 5329 costarum
1623 5273 1815 5328 Adami
1847 5291 1969 5329 mu-

397 5380 495 5421 ner
526 5365 811 5429 formatur,
846 5379 968 5436 quae
1009 5364 1112 5434 ipsi
1145 5362 1213 5418 ad
1244 5361 1487 5416 sobolem
1519 5361 1841 5431 gignendam
1882 5363 1968 5416 in-

396 5457 642 5521 ser-viret,
675 5455 889 5528 ipsique
925 5456 1260 5521 conviveret,
1296 5454 1467 5509 veluti
1511 5452 1756 5524 ejusdem
1803 5470 1967 5524 gene-

393 5548 488 5610 ris,
517 5552 574 5599 et
611 5545 665 5599 in
696 5546 886 5600 eadem
918 5562 1043 5602 cum
1076 5562 1142 5601 eo
1175 5544 1522 5621 simplicitate
1551 5544 1792 5611 degeret.
1819 5545 1971 5599 Post-

392 5654 554 5710 quam
589 5652 722 5693 vero
751 5636 955 5693 diaboli
987 5636 1459 5692 circumventione
1488 5635 1555 5691 ad
1587 5637 1969 5707 transgressio-

507 5816 548 5846 “
581 5815 681 5871 isa.
718 5832 838 5882 ην,
878 5813 965 5869 18.
1042 5814 1101 5847 ³⁸⁸
1133 5811 1268 5868 Gen.
1298 5828 1358 5875 ιι,
1385 5813 1437 5865 7.
1514 5813 1554 5845 ⁸⁷
1588 5814 1719 5869 ibid.
1756 5810 1832 5879 i6,
1874 5817 1954 5871 l7.

2079 5000 2187 5070 γὰρ
2214 5000 2414 5063 παντὸς
2436 4999 2611 5067 ξύλου,
2643 5001 2796 5071 φησὶ,
2818 4999 2910 5053 τοῦ
2935 5002 2992 5053 ἐν
3009 4998 3087 5070 τῷ
3113 4997 3424 5069 παραδείσῳ
3448 4994 3646 5068 βρώσει

2080 5094 2251 5165 φάγῃ.
2331 5092 2465 5145 Ἀπὸ
2495 5092 2550 5145 δὲ
2611 5092 2707 5145 τοῦ
2736 5093 2891 5159 ξύλου
2919 5092 3014 5146 τοῦ
3045 5090 3331 5161 γινώσκειν
3353 5088 3515 5144 καλὸν
3550 5088 3647 5143 καὶ

2079 5182 2332 5254 πονηρὸν,
2376 5184 2438 5237 οὐ
2483 5182 2724 5251 φάγεσθε
2768 5185 2864 5238 ἀπ’
2907 5182 3094 5237 αὐτοῦ.
3127 5184 3230 5236 Ἢν
3259 5183 3305 5236 δ’
3335 5182 3402 5235 ἂν
3433 5180 3646 5252 ἡμέραν

2079 5273 2289 5344 φάγητε
2334 5273 2428 5326 ἀπ’
2482 5273 2672 5339 αὐτοῦ,
2720 5273 2951 5327 θάνατον
3001 5273 3376 5327 ἀποθανεῖσθε.
3430 5291 3449 5325 3
3509 5268 3643 5327 Εἶτα

2080 5366 2208 5432 μιᾶς
2243 5362 2339 5416 τοῦ
2392 5364 2563 5435 Ἀδὰμ
2594 5364 3019 5435 παραιρεθείσης
3046 5363 3305 5434 πλευρᾶς,
3335 5361 3397 5414 τὸ
3425 5362 3643 5429 γύναιόν

2075 5454 2132 5508 δὲ
2174 5455 2485 5513 πλάττεται.
2535 5457 2795 5527 καὶπρὸς
2845 5455 3047 5509 παίδων
3093 5453 3254 5522 γονὴν
3302 5453 3643 5522 ὐπηρετῆσον

2077 5545 2244 5614 αὐτῷ,
2296 5548 2392 5599 καὶ
2439 5547 2824 5617 συμϐιοτεῦσον
2866 5548 2943 5611 ὡς
2983 5546 3263 5617 ὁμογενὲς,
3318 5545 3413 5597 καὶ
3442 5543 3505 5614 δὴ
3549 5542 3643 5598 καὶ

2079 5637 2531 5711 συνδιαιτώμενον
2574 5641 2632 5694 ὲν
2686 5640 2946 5711 άπλότητι
2999 5639 3246 5694 διατελεῖς
3320 5635 3536 5708 Ἐπειδὴ
3584 5636 3641 5690 δὲ
