4056 6260
345 392 408 446 2-1
1372 389 1892 449 GLAPHYROBUM

2036 358 2337 447 GENESIM
2374 393 2503 447 LIB.
2546 393 2582 447 ι.
3538 389 3610 444 ιε.

347 513 466 573 ταῖς
493 507 589 562 τοῦ
619 506 866 560 διαϐόλου
899 505 1210 576 παρηνέχθη
1243 507 1628 574 συκοφαντίαις
1653 508 1790 579 πρὸς
1821 525 1921 560 πα-

2027 522 2151 562 nem
2186 508 2452 578 pellectus
2474 516 2577 571 est,
2601 518 2656 564 et
2676 509 2992 579 decerptum
3017 525 3046 563 e
3073 508 3237 564 vetita
3270 508 3464 562 arbore
3494 506 3609 561 fru-

349 601 600 672 ράὁασιν,
659 598 754 650 καὶ
798 597 858 649 τὸ
907 598 1214 667 ἀπόρρητον
1269 597 1377 649 τῶν
1426 597 1598 664 ξύλων
1658 598 1919 668 ἐδώδιμον

349 692 673 761 ἐποιήσατο·
703 686 1108 756 συγκατώλισθε
1137 687 1192 740 δὲ
1226 689 1320 740 καὶ
1345 688 1505 751 αὐτὸς
1543 691 1571 742 6
1619 690 1921 760 προπάτωρ

361 782 551 852 Ἀδὰμ,
587 783 620 851 ή
655 781 814 850 φύσις
844 779 1006 841 εὐθὺς
1036 779 1250 849 θανάτῳ
1276 780 1676 844 κατεδικάζετο.
1709 782 1817 834 Καὶ
1845 781 1922 852 τῷ

352 877 450 942 μὲν
483 874 686 949 γυναίῳ
733 873 814 938 τὸ,
848 890 867 923 ‹
921 872 1010 926 Ἐν
1057 871 1255 935 λύπαις
1304 872 1433 943 τέξῃ
1470 871 1657 934 τέκνα,
1706 893 1722 924 ι
1756 873 1835 942 τῷ
1865 874 1923 927 δὲ

361 966 552 1034 Ἀδὰμ,
589 984 607 1017 ι
661 963 1090 1035 Ἐπικατάρατος
1129 966 1162 1035 ή
1193 967 1264 1035 γῆ
1304 967 1360 1017 ἐν
1387 968 1497 1028 τοῖς
1528 965 1710 1036 ἔργοις
1741 982 1857 1029 σου,
1898 982 1915 1015 ι

350 1054 686 1125 προσεφώνει
729 1054 881 1117 Θεός.
907 1055 1018 1108 Καὶ
1061 1055 1195 1124 πρός
1223 1072 1283 1124 γε
1313 1055 1376 1126 δὴ
1410 1055 1640 1119 τούτοις,
1683 1056 1791 1109 τῶν
1822 1074 1920 1109 πο-

348 1145 618 1200 λυεύκτων
652 1146 746 1199 καὶ
784 1148 841 1199 ἐν
875 1148 1072 1217 ἀρχαῖς
1119 1147 1546 1218 ἐνδιαιτημάτων
1580 1150 1674 1202 καὶ
1701 1150 1798 1218 τῆς
1828 1149 1921 1202 τοῦ

349 1236 678 1306 παραδείσου
703 1237 917 1305 τρυφῆς
954 1237 1356 1310 ἐξεπέμποντο.
1390 1237 1593 1307 Γυμνοὶ
1617 1238 1673 1290 δὲ
1713 1239 1797 1291 ὅτι
1829 1240 1923 1290 καὶ

349 1326 652 1397 ἀνείμονες,
674 1327 768 1380 καὶ
790 1330 848 1380 ὲν
872 1327 1028 1397 χρείᾳ
1050 1327 1235 1381 λοιπὸν
1262 1328 1584 1398 ἐσθημάτων
1607 1327 1779 1392 ὄντες,
1804 1330 1923 1382 τότε

347 1417 409 1486 δὴ
439 1417 591 1484 μόλις
641 1417 966 1486 ἐμάνθανον·
1021 1417 1114 1470 καὶ
1142 1417 1368 1487 χιτῶνες
1399 1415 1537 1490 ἦσαν
1571 1419 1752 1481 αὐτοῖς
1792 1419 1925 1490 πρὸς

347 1507 508 1561 τοῦτο
556 1508 893 1579 δερματινοὶ,
930 1509 1066 1562 Θεοῦ
1119 1510 1620 1581 κατοικτείραντος·
1673 1510 1768 1564 καὶ
1821 1511 1926 1579 γῆν

349 1600 726 1669 ἑπεγράφοντο
772 1601 1003 1670 μητέρα,
1059 1601 1152 1654 καὶ
1199 1603 1311 1664 τοῖς
1340 1603 1442 1671 τῆς
1481 1602 1688 1672 φθορᾶς
1719 1603 1923 1671 ὑπεφέη

352 1708 507 1759 ροντο
531 1691 995 1755 λίνοις-,ἐλελοίπει
1025 1694 1101 1757 δὲ,
1134 1687 1307 1763 οἶμαι,
1339 1693 1615 1757 παντελῶς
1645 1694 1797 1747 οὐδὲν
1821 1695 1927 1748 τῶν

349 1785 430 1844 είς
445 1772 694 1852 ὶσχάτην
720 1783 1091 1854 ταλαιπωρίαν
1121 1785 1324 1848 αὐτοῖς.

2022 608 2170 653 etum
2193 600 2452 664 comedit,
2485 600 2670 670 lapsus
2703 608 2884 655 autem
2922 617 3029 655 una
3058 609 3141 656 est
3174 601 3383 670 primus
3408 616 3607 669 parens

2022 682 2214 754 Adam,
2236 699 2428 746 natura
2452 692 2633 745 statim
2657 698 2830 745 morte
2862 690 3116 745 damnata
3142 698 3242 745 est.
3296 690 3363 744 Et
3392 689 3606 743 mulieri

2023 781 2245 851 quidem
2278 799 2290 834 :
2333 800 2350 831 ι
2387 781 2574 836 Paries
2617 782 2673 835 in
2704 781 2986 836 doloribus
3018 780 3186 846 filios;
3229 800 3246 831 ι
3270 780 3401 833 Adae
3433 796 3602 835 vero:

2032 891 2048 922 ι
2079 872 2362 927 Maledicta
2395 882 2538 927 terra
2567 872 2620 926 in
2664 873 2923 943 operibus
2951 873 3080 937 tuis,
3115 891 3133 922 ι
3164 872 3307 926 Deus
3344 873 3609 926 acclama-

2024 964 2101 1017 vit
2153 963 2217 1016 ³⁸.
2267 965 2533 1018 Prmterea
2567 964 2981 1035 jucundissimis
3031 964 3167 1027 illis,
3204 963 3406 1033 quibus
3449 963 3607 1016 initio

2025 1055 2382 1120 fruebantur,
2429 1055 3031 1125 voluptuosissimisque
3086 1055 3222 1109 locis
3264 1063 3320 1108 et
3366 1053 3606 1124 paradisi

2025 1147 2238 1202 deliciis
2267 1155 2396 1201 sunt
2437 1147 2616 1217 ejecti.
2657 1145 2793 1200 Cum
2824 1159 2955 1199 vero
2995 1143 3126 1198 nudi
3160 1158 3223 1197 ac
3252 1142 3368 1197 sine
3404 1144 3604 1198 amietu

2023 1246 2227 1302 essent,
2258 1237 2613 1307 vestibusque
2658 1234 2916 1304 deinceps
2963 1233 3289 1304 indigerent,
3338 1240 3467 1287 tunc
3507 1233 3605 1287 de-

2027 1346 2175 1385 mum
2211 1337 2602 1400 cognoverunt.
2639 1326 2860 1381 Tunica:
2909 1341 3073 1396 porro
3103 1336 3263 1379 erant
3310 1324 3444 1394 ipsis
3490 1325 3605 1393 pel-

2026 1421 2196 1484 lieeae,
2217 1420 2634 1475 eommiserante
2656 1418 2768 1472 Deo
2797 1435 2809 1469 :
2835 1424 2890 1471 et
2912 1424 3110 1470 terrain
3134 1413 3324 1469 matris
3346 1413 3503 1468 titulo
3526 1413 3607 1466 in-

2027 1510 2386 1581 signiverunt,
2417 1509 2778 1577 interitusque
2813 1506 2948 1561 retia
2982 1507 3352 1569 incurrerunt,
3378 1520 3442 1560 ac
3468 1503 3604 1558 nihil

2028 1603 2185 1672 plane
2214 1601 2345 1671 ipsis
2379 1599 2448 1655 ad
2475 1606 2775 1654 extremam
2806 1595 3169 1652 calamitatem
3201 1593 3394 1649 deluit.

417 1877 487 1938 γ’.
531 1871 687 1925 Ἀλλά
711 1873 764 1926 τί
788 1873 922 1942 δῆτα
943 1891 957 1937 ;
980 1876 1204 1945 φήσειεν
1234 1874 1322 1941 ἂν,
1355 1872 1528 1947 οἶμαι,
1566 1876 1668 1939 τίς·
1702 1879 1751 1929 εἰ
1795 1876 1923 1946 πρὸς

2102 1880 2154 1934 5.
2184 1879 2452 1935 Caeterum
2482 1876 2625 1931 dicat
2649 1874 2802 1945 quis,
2846 1879 2908 1927 ut
2937 1870 3173 1925 arbitror
3210 1887 3221 1921 :
3267 1868 3325 1924 Si
3357 1867 3604 1922 futurum

348 1961 615 2034 τοσαύτην
641 1964 866 2034 ἔμελλεν
892 1963 1187 2034 ἀθλιότητα
1226 1966 1649 2036 κατοιχήσεσθαι
1687 1964 1923 2034 γεγονὼς

346 2055 375 2105 6
399 2053 706 2126 ἄνθρωπος,
738 2054 856 2122 πῷς
883 2056 987 2108 οὐκ
1011 2056 1234 2126 ἄμεινον
1257 2057 1406 2127 αὐτῷ
1435 2058 1581 2129 παρά
1607 2058 1740 2112 πολὺ
1766 2059 1922 2111 νοοῖτ’

347 2143 414 2197 ἂν
449 2145 672 2207 είκότως
698 2147 759 2198 τὸ
785 2146 860 2217 μὴ
884 2145 1148 2217 ὑπάρχειν
1170 2148 1365 2212 αὑτόνς
1389 2149 1654 2221 Λαμπρὸν
1675 2149 1731 2202 δὲ
1751 2148 1922 2214 οὕτως

350 2236 445 2287 καὶ
469 2234 798 2303 ἀξιάγαστον
826 2237 1080 2290 ἀποτελεῖ
1118 2238 1209 2291 τὸν
1245 2239 1344 2291 οὐκ
1372 2241 1450 2301 είς
1483 2239 1699 2309 μακρὰν
1731 2240 1923 2309 ἐσόμε-

347 2343 437 2379 νον
457 2327 673 2396 οίκτρὸν
691 2329 779 2381 καὶ
801 2329 1053 2393 ἐλεεινὸν,
1087 2329 1179 2382 καὶ
1201 2331 1257 2382 ὲν
1282 2330 1387 2400 ἀρᾷ
1411 2331 1504 2383 καὶ
1522 2330 1667 2402 δίκῃ.
1710 2332 1921 2400 Ἦγνόει

348 2416 449 2485 μὲν
479 2411 572 2470 οὖν
605 2418 809 2487 ἥκιστά
840 2435 904 2486 γε
932 2421 995 2472 τδ
1040 2419 1230 2489 μέλλον
1260 2420 1391 2484 Θεὸς
1420 2420 1495 2474 ὣν
1529 2422 1668 2475 κατά
1703 2422 1864 2490 φύσιν
1893 2425 1922 2478 6

347 2511 708 2579 Δημιουργός.
756 2509 974 2580 Ἐπειδὴ
1010 2510 1068 2563 δὲ
1115 2511 1269 2574 εἰδὼς
1309 2513 1617 2582 εἰργάζετο,
1659 2513 1774 2576 πῶς
1820 2515 1921 2568 οὐκ

346 2599 606 2670 ἀδικήσας
655 2601 855 2670 μᾶλλον
899 2601 933 2671 ἢ
978 2600 1110 2669 γοῦν
1154 2603 1350 2674 ὀνήσας
1391 2604 1658 2659 ἁλώσεται
1685 2648 1699 2672 ,
1763 2604 1921 2677 εἴπερ

347 2691 488 2742 ἐστὶν
512 2691 734 2760 ἄμεινον
758 2690 974 2760 ἀληθῶς
999 2693 1111 2756 τοῖς
1135 2693 1415 2764 ἐσομένοις
1441 2696 1641 2761 ἀθλίως
1668 2697 1730 2753 τὸ
1754 2697 1922 2766 μηδό-

344 2779 450 2844 λως
478 2782 650 2834 ἐλθεῖν
678 2783 760 2845 είς
796 2783 1030 2851 γένεσιν,
1061 2783 1204 2838 κατά
1236 2801 1297 2852 γε
1337 2786 1431 2856 τὴν
1473 2786 1637 2840 αὑτοῦ
1682 2787 1776 2840 τοῦ
1806 2789 1920 2840 Σω-

349 2875 509 2940 τῆρος
548 2872 732 2944 φωνήν
751 2913 765 2936 ,
795 2875 862 2945 ἢν
891 2875 985 2928 ἐπὶ
1013 2874 1091 2945 τῷ
1121 2876 1351 2947 προδότῃ
1379 2877 1638 2948 λελάληκε
1681 2877 1916 2948 μαθητῇο

356 2981 372 3011 ι
411 2963 587 3017 Καλὸν
615 2960 684 3034 ἦν
709 2964 880 3036 αὐτῷ,
912 2968 960 3019 εί
985 2967 1085 3020 οὒκ
1119 2968 1378 3039 ἐγεννήθη
1409 2972 1437 3023 6
1469 2969 1754 3040 ἄνθρωπος
1780 2971 1922 3022 ἐκεῖ·

350 3071 472 3120 νος;
506 3073 528 3107 ι
572 3056 714 3128 Πρὸς
751 3057 817 3126 δὴ
863 3057 931 3110 τά
956 3059 1181 3112 τοιαῦτα
1230 3059 1395 3130 φαίην
1424 3059 1512 3121 ἂν,
1544 3061 1624 3112 ὅτι
1655 3060 1923 3131 σφαλερὸν

351 3144 491 3213 ἄγαν
515 3147 610 3200 καὶ
632 3147 731 3219 τῆς
755 3150 836 3211 είς
855 3147 1006 3217 λῆξιν
1039 3150 1274 3221 ἡκούσης
1297 3150 1703 3220 ἑμὸροντησίας
1730 3151 1919 3219 ἐγγὺς,

355 3235 552 3304 μᾶλλον
586 3237 640 3290 δὲ
670 3236 802 3291 είσω
833 3255 891 3291 τε
923 3239 1015 3292 καὶ
1043 3241 1296 3313 ἐπέκεινα
1329 3242 1488 3304 πολὺ,
1523 3241 1584 3294 1:6
1617 3243 1730 3304 τοῖς
1761 3241 1923 3306 θείοις

353 3329 661 3398 σκέμμασιν
702 3328 778 3392 ὡς
811 3329 910 3384 οὐκ
960 3330 1135 3401 ὀρθῶς
1170 3332 1453 3400 γεγονόσιν
1493 3333 1788 3404 ἐπιτιμᾷν·
1831 3333 1928 3385 καὶ⁹

350 3418 444 3490 τὴν
469 3418 730 3472 ἀνωτάτω
747 3419 928 3487 φύσιν,
954 3419 988 3491 ἢ
1011 3420 1102 3473 τοῦ
1135 3420 1434 3491 πρέποντος
1455 3422 1923 3492 ἀλογῆσαιτυχδν,

351 3508 539 3580 ἢγοῦν
569 3508 777 3565 οῑεσθαι
818 3511 1140 3582 διαμαρτεῖν
1189 3510 1286 3564 τοῦ
1321 3512 1594 3582 χρησίμου
1636 3528 1696 3563 τε
1725 3513 1818 3564 καὶ
1865 3513 1927 3564 ὲν

351 3600 627 3669 ἀμείνοσιν
658 3601 734 3662 ὡς
771 3600 829 3654 ἐν
870 3618 933 3670 γε
985 3605 1097 3666 τοῖς
1144 3600 1268 3656 καθ’
1315 3603 1485 3673 ἡμᾶς.
1531 3601 1739 3672 Πρέποι
1771 3602 1817 3654 δ’
1860 3601 1926 3655 ἂν

354 3692 550 3759 μᾶλλον
585 3695 644 3746 ὲν
668 3697 788 3758 ταῖς
821 3694 1035 3763 βουλαῖς
1075 3694 1170 3748 καὶ
1198 3694 1489 3766 πράγμασι
1519 3695 1578 3749 τὸ
1609 3695 1926 3766 ἀμωμήτως

351 3781 470 3851 ἔχον
533 3782 904 3853 ἀπονέμοντας
951 3786 1110 3856 αὐτῇ,
1162 3786 1545 3854 παραιτεῖσθαι
1609 3787 1671 3839 τὸ
1710 3788 1926 3857 φρονεῖν

350 3874 489 3946 ὑπὲρ
516 3874 552 3928 ἃ
584 3875 665 3929 δεῖ
693 3879 931 3948 φρονεῖν,
966 3877 1060 3931 καὶ
1091 3878 1152 3930 τὸ
1180 3876 1469 3947 περίεργον
1499 3879 1557 3931 ὲν
1589 3877 1799 3941 τούτοις
1827 3878 1926 3932 οὐκ

351 3966 749 4037 ἀνεπίπληκτον
777 3970 895 4038 ὲᾷν.
947 3969 1057 4022 Καὶ
1102 3968 1234 4038 πρός
1266 3985 1330 4037 γε
1363 3968 1428 4037 δὴ
1472 3969 1646 4038 τούτῳ
1683 3969 1922 4030 κάκεῖνο,

350 4053 502 4126 οἶμαί
530 4075 653 4123 που,
687 4059 1137 4126 καταλογίζεσθαι
1159 4060 1284 4129 χρή·
1320 4059 1547 4126 πότερον
1569 4062 1678 4121 τοῖς
1703 4060 1764 4112 τὸ
1789 4057 1926 4111 εἶναι

356 4149 491 4216 μετά
523 4149 616 4202 τοῦ
659 4145 717 4202 εὖ
756 4144 898 4202 εἶναι
935 4150 1222 4220 λαχοῦσιν⁹
1263 4151 1484 4220 ἄμεινον
1517 4151 1580 4219 δή
1616 4166 1717 4202 που
1755 4150 1815 4201 τὸ
1852 4149 1926 4219 μὴ

352 4237 523 4289 ἐλθεῖν
559 4239 637 4298 είς
667 4238 900 4304 γένεσιν,
944 4239 1108 4307 ἤγουν
1149 4239 1211 4290 τὸ
1243 4237 1519 4308 ὑπάρξαι,
1554 4237 1648 4290 καὶ
1691 4236 1788 4306 τῆς
1832 4236 1925 4289 τοῦ

354 4327 702 4396 Δημιουργοῦ
758 4328 1080 4397 μεταλαχεῖν
1130 4331 1500 4401 ἡμερότητος’
1559 4327 1671 4384 ἀλλ’
1709 4329 1809 4380 οὐκ
1860 4327 1926 4381 ἂν

354 4417 646 4470 ὲνδοιάσειέ
677 4433 784 4479 τις,
833 4416 1081 4483 καθάπερ
1119 4419 1350 4490 ἐγῷμαι.
1409 4421 1616 4488 Ὥσπερ
1661 4418 1769 4488 γὰρ
1815 4420 1926 4478 τοῖς

2025 1980 2146 2026 erat
2178 1979 2240 2025 ut
2283 1969 2351 2024 ad
2385 1978 2587 2024 tantam
2622 1965 2898 2020 miseriam
2929 1963 3094 2017 homo
3133 1961 3309 2016 factus
3349 1951 3603 2030 prolabe-

2025 2068 2200 2122 retur,
2230 2072 2341 2126 quo
2368 2065 2528 2127 pacto
2560 2070 2670 2110 non
2710 2053 2882 2108 multo
2911 2051 3084 2107 satius
3116 2050 3313 2104 merito
3353 2049 3602 2120 judican-

2024 2150 2153 2203 dum
2210 2149 2309 2212 sit,
2355 2148 2531 2217 ipsum
2579 2162 2686 2200 non
2720 2142 3018 2200 exsistere?
3065 2139 3420 2210 Splendidum
3476 2133 3605 2194 vero

2024 2241 2162 2295 adeo
2193 2247 2354 2308 atque
2396 2237 2772 2292 admirabilem
2809 2233 3094 2289 constituit
3133 2247 3280 2296 eum,
3322 2231 3415 2300 qui
3460 2231 3602 2284 haud

2024 2332 2196 2387 multo
2217 2339 2339 2401 post
2355 2339 2500 2384 esset
2520 2329 2739 2383 futurus
2763 2322 3111 2389 miserabilis,
3134 2321 3604 2390 exsecrationique

2023 2432 2078 2478 et
2106 2439 2281 2493 pinna:
2317 2421 2605 2476 obnoxius.
2651 2418 2816 2488 Atqui
2851 2429 3195 2486 nequaquam
3225 2413 3445 2483 ignarus
3487 2422 3604 2466 erat

2024 2513 2333 2568 futurorum
2354 2512 2516 2573 Deus,
2539 2517 2731 2562 natura
2762 2507 3033 2562 exsistens
3060 2513 3295 2560 creator.
3317 2503 3452 2558 Cum
3474 2519 3602 2558 vero

2023 2602 2268 2674 prudens
2308 2617 2372 2656 ac
2418 2600 2599 2656 sciens
2627 2606 2884 2668 operatus
2929 2595 3112 2659 fuerit,
3144 2608 3254 2664 quo
3297 2602 3452 2662 pacto
3494 2608 3600 2646 non

2023 2695 2275 2750 nocuisse
2323 2693 2506 2764 potius
2563 2706 2726 2760 quam
2775 2687 2982 2758 juvisse
3030 2683 3509 2754 deprehendetur,
3557 2683 3601 2737 si

2023 2787 2186 2841 modo
2214 2786 2386 2841 satius
2426 2799 2616 2839 revera
2655 2791 2738 2837 est
2773 2782 2860 2844 iis,
2903 2780 2997 2848 qui
3042 2776 3227 2832 miseri
3261 2776 3431 2829 futuri
3471 2776 3601 2840 sint,

2022 2896 2131 2934 non
2173 2879 2323 2934 nasci
2366 2877 2578 2948 potius,
2616 2877 2768 2947 juxta
2814 2873 2988 2943 ipsius
3032 2869 3329 2925 Salvatoris
3380 2883 3602 2932 vocem,

2023 2987 2186 3040 quam
2219 2971 2287 3025 de
2318 2970 2599 3039 proditore
2639 2965 2911 3035 discipulo
2957 2962 3133 3016 dixit:
3171 2981 3187 3009 ‹
3238 2961 3446 3014 Bonum
3490 2969 3605 3013 erat

2025 3060 2106 3123 ei,
2174 3060 2220 3113 si
2291 3073 2400 3111 non
2470 3065 2635 3109 natus
2701 3061 2846 3108 esset
2914 3052 3078 3104 homo
3138 3049 3227 3101 ille
3289 3048 3371 3099 "?
3440 3065 3457 3096 ι
3522 3045 3603 3101 Ad

2026 3149 2076 3219 ’1
2100 3149 2205 3204 hoc
2227 3161 2356 3202 vero
2389 3143 2788 3215 responderim,
2815 3141 3137 3195 damnosum
3165 3136 3430 3206 imprimis
3458 3152 3605 3192 sum-

2027 3257 2239 3312 maeque
2262 3241 2499 3295 vesania:
2523 3235 2857 3308 proximum,
2889 3242 2985 3287 aut
3003 3231 3185 3301 potius
3212 3230 3405 3300 quavis
3443 3244 3604 3286 vesa-

2026 3334 2117 3388 nia
2146 3333 2322 3403 majus
2350 3347 2490 3396 esse,
2520 3329 2616 3384 Dei
2650 3326 2877 3383 consilia
2908 3331 3164 3394 tanquam
3200 3338 3309 3376 non
3341 3331 3490 3375 recta
3522 3321 3606 3375 in-

2027 3425 2306 3489 simulare,
2347 3434 2404 3478 et
2443 3435 2754 3491 supremam
2808 3419 2956 3472 illam
3004 3425 3257 3470 naturam
3315 3422 3410 3468 aut
3468 3413 3602 3466 recti

2026 3531 2212 3571 curam
2235 3515 2466 3570 fortasse
2511 3527 2621 3567 non
2656 3510 2860 3564 habere
2887 3508 3223 3568 existimare,
3280 3503 3604 3573 autalioqui

2026 3615 2219 3677 putare
2268 3607 2441 3675 ipsam
2493 3604 2549 3656 in
2599 3602 2685 3665 iis,
2741 3616 2864 3669 qua:
2910 3600 3075 3654 rebus
3122 3596 3327 3651 nostris
3370 3595 3605 3649 maxime

2027 3697 2363 3751 conveniunt
2390 3703 2555 3764 atque
2579 3690 2900 3762 expediunt,
2930 3689 3041 3742 falli
3074 3697 3132 3743 et
3156 3685 3354 3755 decipi.
3407 3685 3475 3740 At
3505 3700 3605 3754 poo-

2029 3787 2138 3842 tius
2192 3801 2291 3856 par
2337 3791 2443 3848 est,
2492 3797 2762 3838 summam
2805 3779 3165 3834 consiliorum
3215 3778 3604 3843 actionumque

2026 3876 2420 3949 perfectionem
2476 3873 2580 3944 ipsi
2631 3873 2956 3935 tribuentes,
2992 3870 3151 3938 longe
3185 3868 3255 3921 ab
3299 3882 3365 3920 eo
3391 3868 3603 3932 abesse,

2028 3979 2088 4024 ut
2130 3969 2272 4024 ultra
2320 3982 2483 4036 quam
2529 3980 2723 4034 sapere
2760 3978 2869 4014 non
2903 3967 3120 4027 oportet
3164 3957 3459 4026 sapiamus,
3504 3975 3601 4012 an-

2030 4060 2282 4126 xiamque
2334 4057 2534 4109 horum
2574 4050 3067 4120 investigationem,
3118 4064 3239 4118 qua:
3287 4047 3444 4116 culpa
3498 4065 3605 4101 non

2027 4157 2206 4211 vacat,
2236 4145 2676 4217 praetermittere.
2706 4143 2787 4198 Ad
2817 4143 2933 4196 hinc
2957 4149 3140 4195 autem
3165 4139 3330 4194 etiam
3359 4137 3513 4202 illud,
3547 4148 3605 4193 ut

2029 4240 2290 4303 arbitror,
2319 4236 2754 4291 animadvertere
2785 4241 3006 4303 Oportet
3034 4250 3045 4284 :
3088 4239 3273 4285 utrum
3305 4229 3389 4294 iis,
3426 4228 3518 4297 qui
3549 4237 3607 4282 et

2027 4345 2146 4385 esse
2178 4337 2235 4383 et
2275 4328 2415 4382 bene
2451 4341 2571 4380 esse
2620 4324 2804 4394 adepti
2831 4331 2978 4386 sunt,
3011 4322 3183 4376 satius
3215 4320 3285 4374 sit
3315 4327 3465 4373 ortos
3495 4333 3604 4371 non

2027 4438 2147 4476 esse
2185 4437 2254 4475 an
2281 4433 2412 4474 vero
2453 4418 2737 4481 exsistere,
2788 4426 2844 4470 et
2888 4415 3163 4470 Creatoris
3214 4412 3604 4482 benignitatem

352 4509 637 4577 ἐσομένοις
667 4507 945 4571 ἀθλίως,εί
973 4511 1352 4580 παρενεχθεῖεν
1380 4514 1460 4572 είς
1494 4510 1724 4577 γένεσιν,
1755 4510 1815 4562 τὸ
1849 4509 1922 4580 μὴ

2028 4511 2325 4580 consequi;
2362 4509 2633 4577 siquidem
2672 4521 2851 4569 nemo,
2887 4521 3005 4558 mea
3039 4503 3261 4572 quidem
3310 4501 3627 4562 sententia,‘

351 4601 539 4655 τούτου
565 4603 745 4670 τυχεῖν
783 4601 1032 4655 νοοῖτ’.ἂν
1062 4603 1284 4665 εἰκότως
1312 4601 1532 4671 ἄμεινόν
1560 4617 1616 4653 τε
1648 4601 1740 4654 καὶ
1769 4601 1921 4671 αἱρε-

351 4693 582 4763 τώτερον
600 4709 614 4725 ο
647 4691 787 4746 κατά
807 4694 896 4746 τὸν
919 4695 1101 4754 αὐτὸν,
1135 4689 1311 4762 οἶμαι,
1348 4694 1546 4763 τρόπον
1586 4692 1680 4744 καὶ
1709 4694 1818 4754 τοῖς
1847 4692 1922 4753 ὡς

352 4783 547 4852 ἥκιστα
566 4783 991 4854 διακεισομένοις
1014 4786 1116 4855 χρῆ
1126 4802 1201 4855 μα
1223 4784 1384 4837 καλόν
1410 4801 1469 4836 τε
1490 4783 1581 4836 καὶ
1602 4781 1922 4847 ἀξιόληπτον

284 4872 288 4876 ’
353 4873 410 4925 τὸ
448 4875 503 4925 ἐν
532 4873 766 4945 ὑπάρξει
796 4875 1049 4942 γενέσθαι
1084 4875 1180 4928 καὶ
1215 4875 1333 4946 ζῇν.
1373 4873 1436 4926 Τί
1476 4869 1589 4935 οὖν,
1630 4874 1750 4926 εἰπέ
1797 4889 1920 4943 μοις

356 4965 560 5033 Χρῆναι
583 4964 694 5032 γὰρ
718 4965 891 5032 ἔγωγέ
926 4981 1068 5034 φημι
1094 4965 1185 5018 τὸν
1217 4965 1309 5018 ἐπὶ
1334 4965 1452 5017 τόδε
1483 4964 1639 5031 λόγον
1667 4963 1926 5017 ἀναϐιϐά-

357 5053 540 5117 ζεσθαι
587 5054 726 5126 πρὸς
765 5055 920 5125 ήμῶν
961 5059 1054 5109 καὶ
1096 5059 1176 5119 εἰς
1222 5056 1291 5108 τὰ
1321 5058 1455 5110 πολὺ
1491 5056 1610 5110 λίαν
1661 5055 1769 5108 τῶν
1800 5056 1924 5107 καθ’

358 5145 499 5212 ἡμᾶς
540 5145 830 5200 ἑπέκειναο
863 5147 1006 5217 φημὶ
1052 5147 1109 5201 δὲ
1151 5147 1215 5217 δή
1251 5147 1408 5200 πάλιν
1452 5148 1577 5209 τοὺς
1624 5145 1925 5216 μακαρίους

357 5235 637 5304 ἀγγέλους.
672 5238 1000 5309 [πεποίηνται
1036 5239 1091 5291 δὲ
1122 5239 1185 5310 δὴ
1216 5238 1368 5308 παρὰ
1397 5237 1555 5305 Θεοῦ,
1601 5239 1692 5289 καὶ
1727 5237 1825 5306 τὴν
1868 5235 1927 5301 ἐξ

355 5325 454 5377 οὐκ
488 5326 657 5379 ὄντων
698 5327 910 5397 ἔχουσιν
939 5330 1020 5390 εἰς
1055 5329 1116 5381 τὸ
1148 5323 1289 5382 εἶναι
1318 5329 1550 5399 πάροδον
1583 5327 1836 5395 Ἀγγελοί
1868 5343 1928 5380 τε

358 5419 514 5470 καὶἈ
525 5418 837 5490 ρχάγγελοι,
853 5419 1111 5487 Θρόνοιτε
1130 5420 1522 5486 καὶἙξουσίαι,
1551 5420 1814 5490 Δυνάμεις
1838 5417 1929 5469 καὶ

367 5509 576 5578 Ἀρχαὶ,
595 5511 690 5561 καὶ
723 5510 863 5562 αὐτὰ
891 5509 946 5563 δὲ
974 5510 1108 5580 πρὸς
1153 5511 1360 5575 τούτοις
1386 5513 1452 5566 τά
1481 5512 1730 5566 ἀνώτατα
1763 5510 1928 5579 Σερα-

357 5597 477 5666 φίμ.
523 5599 724 5653 Ἐτέλει
749 5600 802 5653 δὲ
825 5604 918 5654 καὶ
939 5601 1098 5663 αὐτὸς
1128 5603 1184 5652 ἐν
1211 5605 1318 5664 τοῖς
1349 5604 1624 5671 γεγονόσιν
1655 5603 1681 5655 6
1714 5601 1925 5672 δράκων

428 5770 630 5828 “Gen.
666 5789 744 5840 ιη,
777 5773 860 5842 16,
901 5775 987 5828 l7.
1074 5775 1113 5804 ¹⁹
1145 5774 1304 5828 Mare.
1348 5792 1451 5842 xiv,
1493 5777 1580 5830 2|.

2031 4601 2381 4666 dubitaverit.
2428 4597 2897 4665 Quemadmodum
2933 4596 3079 4649 enim
3118 4594 3204 4656 iis,
3234 4608 3469 4662 quorum
3497 4593 3600 4646 mi-

2032 4710 2153 4748 sera
2197 4691 2440 4747 conditio
2487 4698 2571 4745 est
2616 4690 2820 4751 futura,
2871 4688 2916 4741 si
2962 4687 3030 4740 ad
3076 4693 3258 4739 ortum
3308 4684 3601 4747 ducantur,

2034 4785 2203 4840 satius
2234 4782 2431 4838 merito
2458 4779 2916 4850 expetibiliusque
2947 4777 3130 4838 fuerit,
3165 4777 3210 4829 si
3245 4775 3299 4829 id
3328 4791 3437 4829 non
3471 4788 3603 4826 eon—

2032 4881 2374 4943 sequantur:
2407 4869 2598 4925 eadem
2643 4869 2804 4938 plane
2850 4866 3058 4920 ratione
3110 4865 3199 4927 iis,
3249 4863 3343 4931 qui
3397 4877 3603 4928 nequa-

2033 4981 2196 5035 quam
2231 4964 2304 5017 ita
2336 4961 2513 5016 all‘ecti
2541 4959 2764 5022 fuerint,
2804 4959 3033 5027 pulchra
3083 4954 3480 5021 laudabilisque
3519 4966 3605 5004 res

2033 5057 2123 5118 sit,
2143 5053 2404 5108 exsistere
2438 5067 2501 5105 ac
2520 5051 2722 5104 vivere.
2749 5047 2888 5114 Quid
2917 5047 3081 5117 igitur
3105 5045 3128 5098 ?
3153 5044 3405 5098 obsecro.
3427 5040 3603 5109 Opor-
3628 5092 3637 5127 ι

2035 5154 2149 5199 tere
2181 5143 2328 5198 enim
2363 5155 2561 5195 censeo
2612 5153 2919 5197 sermonem
2965 5136 3067 5188 hac
3110 5133 3178 5187 de
3228 5147 3286 5186 re
3324 5131 3486 5184 etiam
3537 5130 3631 5210 ad;

2033 5252 2116 5299 ea,
2151 5250 2272 5303 qua}
2321 5235 2482 5303 longe
2531 5231 2809 5300 superiora
2862 5227 3020 5281 nobis
3058 5231 3206 5284 sunt,
3253 5221 3504 5275 traduci:
3537 5213 3630 5303 ad"

2035 5327 2244 5385 beatos,
2281 5323 2526 5393 inquam,
2578 5335 2767 5373 rursus
2795 5316 3033 5383 angelos.
3067 5311 3213 5364 Facti
3242 5310 3387 5364 enim
3425 5318 3550 5362 sunt
3575 5311 3633 5360 υτ

2030 5417 2160 5477 Deo,
2187 5423 2242 5468 et
2270 5431 2300 5467 a
2328 5429 2437 5468 non
2466 5428 2587 5466 esse
2627 5410 2694 5464 ad
2727 5425 2848 5463 esse
2903 5412 3029 5458 sunt
3083 5401 3258 5454 vocati
3308 5401 3495 5469 Angeli
3549 5408 3605 5450 et

2030 5504 2373 5574 Archangeli,
2412 5501 2622 5555 Throni
2650 5515 2711 5553 ac
2734 5500 3051 5554 Potestates,
3077 5492 3319 5545 Virtutes
3358 5500 3414 5543 et
3443 5489 3604 5543 Prin-

2030 5599 2263 5669 eipatus,
2324 5595 2542 5664 aliaque
2590 5593 2675 5647 his
2720 5590 2897 5644 adhuc
2939 5585 3240 5655 superiora,
3296 5578 3599 5648 Seraphim.
