4056 6260
444 431 512 489 es
1466 437 1521 494 s.
1562 438 1838 497 cmeLl
1875 441 2347 499 ALEXANDRINI
2383 401 2697 505 Ananiae.
3623 447 3694 503 ιι

441 553 717 606 Accensus
769 559 950 606 autem
998 559 1081 607 est
1127 553 1293 608 etiam
1346 553 1404 610 in
1449 554 1537 622 iis,
1573 569 1694 624 qua!
1725 557 2013 623 exsistunt,

2120 560 2149 612 ό
2170 560 2501 630 ἀποστάτης,
2531 560 2624 612 καὶ
2655 560 2713 613 αἱ
2745 561 2840 616 σὺν
2868 559 3017 629 αὐτῷ
3055 559 3312 630 δυνάμεις
3337 561 3394 614 αἱ
3433 567 3688 632 πονηραὶ,

443 641 610 697 draco
651 649 913 712 apostata,
949 643 1176 713 aliaeque
1204 660 1330 700 eum
1358 661 1425 701 eo
1465 663 1646 716 pravae
1675 657 2007 717 potestates:

442 742 496 788 et
529 741 684 789 erant
710 749 818 788 una
857 749 983 789 cum
1028 735 1150 792 aliis
1191 737 1394 792 sanctis
1437 745 1600 807 atque
1655 739 2014 796 rationalibus

443 826 743 890 creaturis,
797 840 1064 895 supernas
1115 829 1426 882 mansiones
1470 829 1778 899 implentes,
1829 833 2012 887 excel-

441 914 614 969 lentes
662 916 718 970 in
756 917 948 986 gloria,
991 918 1151 989 longe
1183 921 1562 988 praastantiore
1591 928 1646 974 et
1670 920 2010 991 incomparaa

440 1006 625 1060 biliter
675 1009 1031 1074 sublimiore,
1088 1027 1248 1080 quam
1293 1022 1480 1068 nostra
1535 1021 1638 1077 est,
1698 1013 2011 1070 conditione

439 1095 650 1164 praediti
679 1114 690 1148 :
723 1098 868 1151 unde
898 1098 1105 1153 dictum
1141 1110 1225 1154 est
1243 1101 1372 1154 alibi
1403 1117 1432 1154 a
1462 1101 1572 1156 Deo
1602 1120 1616 1155 :
1649 1121 1667 1154 ι
1695 1102 1831 1156 Cum
1865 1103 2011 1159 Che-

440 1185 620 1240 rubim
642 1188 800 1256 posui
826 1197 876 1243 te
904 1191 968 1243 ".
1000 1210 1017 1242 ι
1053 1190 1321 1246 Caeterum
1350 1192 1560 1248 ﬁrmam
1581 1194 1800 1264 quidem
1819 1211 1881 1250 ac
1897 1205 2010 1252 sta-

439 1275 606 1330 bilem
645 1293 796 1331 suam
841 1280 1066 1349 gloriam
1097 1281 1299 1335 habent
1321 1292 1508 1336 sancta
1529 1281 1848 1348 Cherubim,
1878 1297 2010 1354 pro-

438 1366 723 1437 priamque
752 1369 1068 1440 dignitatem
1092 1371 1468 1427 inconcussam
1497 1381 1721 1428 tuentur
1745 1392 1757 1428 :
1785 1383 1841 1428 et
1859 1376 2010 1430 mille

437 1459 610 1512 millia
633 1459 877 1517 serviunt
899 1461 1029 1527 Deo,
1068 1478 1132 1518 ac
1155 1465 1382 1518 totidem
1411 1465 1685 1535 myriades
1716 1467 2010 1522 astiterunt

435 1552 487 1605 ei
527 1553 591 1605 ¹¹.
627 1551 836 1621 Lapsus
875 1562 1057 1608 autem
1089 1561 1175 1608 est
1209 1569 1334 1608 cum
1361 1554 1484 1608 aliis
1516 1554 1763 1619 Satanas,
1803 1571 2010 1624 suaque

435 1643 607 1715 gloria
655 1645 919 1714 privatus.
954 1644 1091 1698 Cum
1118 1643 1301 1713 itaque
1326 1660 1356 1698 a
1384 1645 1603 1714 propria
1623 1659 1720 1699 sua
1745 1645 2011 1715 dignitate

436 1733 757 1788 deiecturus
781 1741 946 1797 esset,
973 1747 1071 1787 sua
1096 1741 1287 1803 sponte
1323 1734 1390 1788 ad
1418 1733 1806 1789 offendendum
1837 1735 2008 1789 Deum

435 1837 737 1877 conversus
776 1821 980 1887 etl‘ecit,
1035 1829 1096 1876 ut
1137 1838 1168 1876 a
1225 1823 1500 1876 creatione
1554 1831 1887 1889 sanctorum,
1922 1823 2008 1878 in-

2115 649 2209 702 καὶ
2237 645 2377 720 ἦσαν
2406 649 2542 719 ὁμοῦ
2571 651 2683 712 τοῖς
2722 649 2904 713 ἀλλοις
2945 650 3122 719 ἀγίοις
3168 652 3262 704 καὶ
3298 650 3537 718 λογικοῖς
3575 653 3693 704 κτί-

2114 757 2304 810 σμασι,
2325 740 2426 804 τὰς
2457 741 2569 794 ἀνω
2602 741 2936 812 πληροῦντες
2981 742 3168 812 μονὰς,
3196 741 3592 810 διαπρέποντες
3632 742 3693 797 ἐν

2112 832 2260 903 δόξῃ,
2292 833 2385 885 καὶ
2406 833 2514 885 τῶν
2538 833 2661 886 καθ’
2677 835 2828 904 ἡμᾶς
2849 834 2983 886 πολὺ
3013 833 3076 904 δὴ
3097 833 3218 886 λίαν
3235 834 3294 885 ὲν
3314 834 3581 903 ἀμείνοσι,
3598 835 3694 886 καὶ

2112 913 2447 991 ἀσύγκριτον
2479 922 2694 992 ἔχοντες
2721 923 2818 994 τὴν
2858 924 3148 994 ὑπεροχήν.
3182 923 3293 976 Καὶ
3320 921 3450 990 γοῦν
3478 924 3691 992 εἴρηταί

2113 1029 2215 1063 που
2248 1011 2397 1083 παρὰ
2426 1013 2583 1066 Θεοῦο
2621 1033 2641 1066 ι
2675 1015 2830 1068 Μετά
2857 1015 2966 1067 τῶν
2999 1015 3278 1084 Χερουϐὶμ
3303 1014 3520 1068 τέθεικά
3547 1031 3627 1069 σε.
3665 1033 3686 1066 ι

2125 1102 2266 1155 Ἀλλ’
2299 1105 2696 1174 ἐρηρεισμένην
2747 1105 2847 1176 μὲν
2882 1105 3065 1175 ἔχουσι
3105 1105 3202 1175 τὴν
3246 1104 3408 1171 δόξαν
3451 1105 3518 1158 τά
3559 1107 3693 1173 ἀγια

2110 1193 2424 1264 Χερουϐὶμ,
2476 1196 2570 1247 καὶ
2614 1194 2776 1259 σώζει
2826 1195 3058 1264 βεϐαίως
3100 1195 3197 1266 τὴν
3239 1196 3444 1248 οἰκείαν
3493 1196 3688 1266 ἀρχήν.

2112 1285 2221 1336 Καὶ
2251 1285 2419 1355 χίλιαί
2447 1302 2507 1338 τε
2535 1286 2768 1355 χιλιάδες
2798 1286 3173 1356 λειτουργοῦσι
3197 1285 3346 1354 Θεῷ,
3373 1287 3466 1338 καὶ
3498 1285 3690 1356 μύριαι

2112 1375 2373 1447 μυριάδες
2412 1377 2872 1446 παρειστήκεισαν
2912 1376 3080 1446 αὐτῷ.
3119 1376 3433 1429 Κατώλισθε
3477 1375 3532 1428 δὲ
3569 1375 3689 1445 μεθ’

2111 1465 2312 1536 ἑτέρων
2338 1467 2367 1517 ὁ
2406 1465 2678 1529 Σατανᾶς,
2710 1465 2804 1517 καὶ
2830 1466 2928 1534 τῆς
2957 1465 3161 1526 οἰκείας
3189 1464 3347 1534 δόξης
3377 1463 3685 1532 ἐστέρηται.

2113 1554 2236 1623 Ἆρ’
2275 1549 2368 1607 οὖν
2421 1555 2723 1626 ἐπειδήπερ
2773 1556 3060 1610 ἀπολιπεῖν
3111 1555 3301 1626 ἔμελλε
3333 1556 3433 1625 τὴν
3481 1555 3689 1606 οἰκείαν

2110 1645 2283 1714 ἀρχὴν
2310 1644 2590 1715 ἐθελοντὴς
2619 1646 2904 1708 διανεύσας
2939 1648 3032 1699 ἐπὶ
3070 1648 3130 1699 τὺ
3156 1645 3519 1717 προσκρούειν
3544 1644 3683 1714 Θεῷ’

2110 1733 2266 1786 ὄκνον
2281 1733 2630 1804 εισδέχεσθαι,
2646 1735 2735 1787 τὸν
2753 1736 2844 1788 ἐπὶ
2863 1739 2929 1806 τῇ
2971 1738 3184 1806 ποιήσει
3206 1738 3348 1808 φημὶ
3392 1736 3498 1791 τῶν
3521 1736 3690 1804 ἁγίων

2112 1824 2375 1891 ἀγγέλων,
2400 1825 2491 1878 τὺν
2521 1825 2630 1878 τῶν
2663 1826 2800 1879 ὅλων
2833 1827 3024 1896 έδέησε
3046 1829 3422 1898 Δημιουργδν,
3453 1829 3549 1881 καὶ
3587 1827 3688 1896 τὴν

437 1928 623 1982 quam,
671 1914 1010 1984 angelorum,
1045 1912 1434 1968 universorum
1463 1911 1656 1984 Opit‘ex
1694 1914 2006 1982 desisteret,

2115 1889 2256 1966 οῦτω
2289 1889 2545 1986 λαμπρὰν
2577 1916 2672 1968 καὶ
2716 1889 3041 1984 ἀξιάγαστον
3067 1889 3458 1969 ἀποσείσασθαι
3488 1889 3684 1970 κτίσιν.

435 2004 494 2071 8
537 2003 783 2073 adeoque
822 2002 1077 2058 eximiam
1104 2011 1266 2074 atque
1303 2005 1680 2061 admirabilem
1704 2015 2010 2063 creaturam

434 2092 774 2152 deturbaret.
821 2096 891 2152 At
920 2113 1052 2154 vero
1092 2114 1202 2169 quo
1249 2107 1408 2170 pacto
1436 2115 1547 2154 non
1584 2099 1784 2169 injuria
1817 2100 2012 2155 aﬂ‘ecta

438 2184 740 2254 videretur,
783 2189 890 2245 nisi
937 2189 1005 2244 ad
1040 2197 1221 2245 ortum
1256 2190 1490 2245 adducta
1527 2190 1741 2256 fuisset,
1777 2191 2014 2246 circum-

437 2290 589 2336 stans
610 2295 736 2334 eum
759 2296 825 2335 eo
851 2297 1026 2352 usque
1055 2291 1110 2337 et
1137 2283 1442 2338 inserviens
1467 2283 1781 2348 multitudo,
1813 2299 1877 2338 ac
1900 2284 2014 2338 Deo

437 2368 675 2422 creatori
725 2369 993 2440 integram
1036 2385 1095 2425 se
1146 2385 1392 2434 servans,
1425 2377 1482 2425 et
1516 2371 1752 2440 propria:
1782 2385 1895 2426 suae
1926 2372 2013 2426 di-

437 2459 662 2530 gnitatis
722 2459 1058 2515 oblivionem
1119 2475 1467 2532 nequaquam
1533 2462 1646 2531 pati
1691 2462 2016 2517 sustinens?

436 2549 580 2617 Quid
633 2551 805 2617 enim,
863 2550 952 2607 die
991 2552 1146 2617 mihi,
1179 2553 1336 2607 valde
1361 2553 1538 2618 obest,
1563 2553 1608 2608 si
1626 2553 1876 2608 nonnulli
1901 2569 2016 2624 prae

437 2657 536 2697 sua
589 2643 901 2713 arrogantia
951 2658 1015 2698 ac
1047 2642 1211 2708 fastu,
1267 2660 1298 2698 a
1344 2644 1492 2698 bono
1532 2651 1696 2711 statu,
1725 2645 1839 2700 sive
1867 2660 2011 2712 esse,

437 2734 808 2790 exciderunt?
842 2735 907 2790 Hi
944 2751 1076 2792 vero
1129 2737 1239 2792 illis
1271 2736 1682 2807 praestantiores
1717 2751 1843 2792 cum
1902 2737 2015 2792 Deo

436 2826 749 2891 exsistunt“,
819 2826 1100 2898 ipsiusque
1148 2827 1485 2898 benignitate
1542 2826 1750 2882 affatim
1801 2827 2010 2892 referti,

437 2916 676 2972 assiduis
707 2922 871 2986 atque
915 2918 1352 2973 indesinentibus
1378 2917 1636 2974 laudibus
1667 2933 1792 2972 eum
1823 2934 2014 2988 prose-

436 3014 703 3076 quuntur.
753 3005 834 3062 Ac
880 3006 948 3061 de
974 3007 1126 3077 ipsis,
1167 3009 1426 3074 arbitror,
1460 3009 1589 3063 alibi
1624 3009 1818 3064 beatus
1844 3011 2013 3065 David

436 3096 680 3168 loquitur
711 3111 728 3151 τ
771 3117 790 3150 ι
825 3098 976 3154 Beati
1006 3115 1198 3156 omnes
1242 3101 1553 3156 habitantes
1587 3102 1643 3156 in
1686 3102 1849 3156 domo
1897 3110 2010 3168 tua,

436 3187 495 3242 in
543 3189 742 3243 saecula
777 3191 1102 3245 saeculorum
1127 3192 1432 3274 laudabunt
1470 3201 1522 3247 te
1554 3195 1620 3247 ²¹.
1663 3212 1680 3245 ›
1721 3193 1858 3248 Cum
1882 3210 2014 3264 ergo
2040 3220 2082 3276 ο

437 3273 506 3329 de
535 3274 622 3330 his
659 3290 841 3330 sermo
867 3277 939 3330 ita
975 3293 1032 3332 se
1058 3278 1277 3345 habeat,
1312 3273 1431 3351 age,
1471 3282 1637 3335 etiam
1662 3283 1718 3336 in
1769 3283 1857 3346 iis,
1891 3299 2014 3352 quae

437 3362 504 3417 ad
561 3377 663 3418 nos
717 3364 867 3434 ipsos
888 3366 1190 3436 pertinent,
1229 3369 1479 3425 eamdem
1513 3371 2012 3427 considerationem

438 3453 815 3510 adhibeamus.

506 3545 562 3599 4.
591 3545 789 3601 Factus
805 3547 954 3601 enim
985 3557 1069 3604 est
1102 3550 1156 3605 in
1188 3550 1461 3622 principio
1482 3552 1670 3620 homo,
1705 3571 1817 3611 sua:
1843 3555 2014 3626 ipsius

437 3633 734 3691 voluntatis
755 3634 1029 3704 dominus,
1072 3639 1343 3710 liberque,
1374 3642 1443 3696 ad
1477 3643 1623 3712 quod
1650 3643 1803 3709 velit,
1832 3654 2014 3701 motus

437 3725 490 3778 ei
539 3733 624 3780 est
663 3728 1034 3784 concreditus.
1085 3729 1253 3786 Liber
1285 3733 1431 3786 enim
1453 3742 1537 3788 est
1567 3735 1732 3799 Deus,
1761 3735 1831 3790 ad
1856 3737 2014 3806 cujus

439 3815 732 3886 imaginem
773 3818 1040 3876 formatus
1063 3830 1164 3876 est.
1193 3821 1272 3877 Ita
1301 3823 1595 3894 siquidem,
1624 3840 1802 3895 neque
1830 3826 2009 3892 aliter,

436 3905 656 3963 laudem
687 3911 946 3982 consequi
979 3919 1210 3982 poterat,
1243 3930 1408 3984 quam
1447 3915 1494 3970 si
1527 3916 1871 3970 voluntarius
1891 3932 2011 3971 cer-

437 4010 662 4056 neretur
703 4002 926 4059 virtutis
969 4014 1270 4075 opera-tor,
1311 4022 1653 4079 operumque
1693 4009 2009 4079 puritatem,

437 4099 698 4160 tanquam
747 4095 952 4150 mentis
995 4095 1235 4152 fructum
1278 4099 1489 4167 ederet,
1515 4117 1626 4156 non
1651 4101 1822 4155 veluti
1849 4109 2012 4155 natu-

437 4183 567 4237 ralis
617 4184 963 4239 necessitatis
1003 4188 1280 4253 eﬂ‘ectum,
1334 4207 1457 4259 quas
1483 4200 1637 4246 extra
1660 4191 1713 4244 id
1741 4193 1886 4260 quod
1910 4193 2011 4247 bo-

437 4287 568 4326 num
609 4280 716 4338 est,
761 4289 890 4328 eum
927 4273 1056 4328 ferri
1103 4291 1212 4330 non
1258 4277 1486 4342 sineret,
1527 4279 1742 4334 etiamsi
1787 4281 1842 4333 id
1866 4282 2013 4349 quod

439 4361 543 4416 tale
577 4376 687 4415 non
719 4371 822 4429 est,
852 4363 1030 4420 facere
1058 4366 1240 4422 vellet.
1275 4366 1519 4438 Adeptns
1563 4368 1730 4440 igitur
1781 4379 1866 4424 est
1907 4371 2013 4425 ini-

440 4451 516 4506 tio
545 4451 712 4506 homo
742 4452 977 4508 liberum
1004 4462 1166 4524 atque
1191 4456 1505 4525 expeditum
1530 4458 1598 4512 ad
1619 4459 1870 4528 quamvis
1898 4474 2014 4513 rem

2115 2001 2247 2058 Εἶτα
2271 2003 2388 2068 πῶς
2417 2006 2516 2059 οὐκ
2545 2006 2612 2061 ἂν
2639 2005 2926 2076 ἠδικῆσθαι
2961 2005 3183 2069 δόξειεν,
3227 2005 3278 2056 εί
3322 2005 3396 2073 μὴ
3428 2003 3686 2074 παρήχθη

2114 2093 2250 2164 πρὸς
2271 2094 2482 2161 γένεσιν
2515 2097 2548 2166 ή
2579 2094 2910 2166 παρεστῶσά
2938 2111 2995 2146 τε
3027 2095 3107 2156 είς
3132 2092 3294 2162 δεῦρο
3321 2091 3417 2145 καὶ
3442 2091 3685 2159 λειτουρ-

2111 2185 2286 2252 γοῦσα
2317 2185 2525 2254 πληθὺς
2543 2225 2558 2250 ,
2583 2187 2677 2240 καὶ
2705 2186 2824 2256 Θεῷ
2846 2187 2922 2256 τῷ
2945 2183 3333 2256 τεκτηναμένῳ
3356 2181 3598 2253 τηροῦσα
3622 2181 3688 2234 τὸ

2113 2277 2355 2346 γνήσιον,
2383 2277 2476 2328 καὶ
2507 2275 2570 2328 τὸ
2599 2278 2677 2339 είς
2700 2275 2872 2346 λήθην
2893 2275 3068 2328 ἐλθεῖν
3096 2276 3196 2345 τῆς
3228 2275 3364 2336 ἰδίας
3391 2272 3565 2343 ἀρχῆς
3585 2270 3689 2324 οὐκ

2113 2365 2416 2436 ἀνεχομένη
2440 2365 2671 2432 παθεῖν;
2705 2366 2770 2418 Τί
2798 2365 2929 2436 γὰρ,
2958 2364 3078 2418 είπέ
3121 2382 3232 2435 μοι,
3262 2365 3324 2416 τὸ
3358 2364 3563 2432 σφόδρα
3591 2361 3686 2414 λυ·-

2114 2456 2269 2522 ποῦν,
2313 2457 2363 2509 εί
2408 2455 2816 2527 διημαρτήκασι
2847 2473 2990 2519 τινες
3037 2455 3097 2519 ὲξ
3141 2453 3443 2524 ὑπεροψίας
3484 2451 3577 2504 τοῦ
3624 2446 3685 2503 εὗ

2113 2543 2250 2601 εἶναι
2279 2547 2474 2618 τυχόν;
2510 2547 2779 2616 Ἀλλ“οί’γε
2803 2549 3008 2602 τούτων
3032 2547 3306 2617 ἀμείνους,
3337 2546 3524 2598 έστᾶσι
3549 2543 3688 2613 μετά

2113 2638 2270 2703 Θεοῦ,
2314 2639 2409 2693 καὶ
2437 2638 2536 2708 τῆς
2572 2639 2907 2708 ἡμερότητος
2936 2637 3101 2692 αὐτοῦ
3150 2637 3420 2700 πλουσίως
3447 2635 3688 2704 ἀναπιμ-

2113 2730 2379 2801 πλάμενοι
2401 2769 2417 2796 ,
2466 2735 2703 2803 μακραῖς
2765 2731 2858 2785 καὶ
2895 2729 3292 2801 ἀκαταλήκτοις
3362 2725 3687 2792 δοξολογίαις

2113 2822 2591 2894 καταγεραίρουσι.
2625 2823 2733 2876 Καὶ
2761 2823 2890 2892 περὶ
2917 2822 3116 2887 αὐτῶν,
3147 2817 3299 2891 οἶμαί
3322 2837 3449 2882 που,
3472 2819 3636 2889 φησιν
3656 2817 3688 2869 ὸ

2118 2915 2383 2986 μακάριος
2408 2916 2570 2970 Δαὸίδ
2589 2934 2603 2947 ⁸
2641 2936 2659 2969 ι
2693 2917 2966 2988 Μακάριοι
2999 2915 3201 2978 πάντες
3231 2915 3281 2966 οἱ
3308 2911 3687 2975 κατοικοῦντες

2114 3009 2170 3060 tv
2192 3006 2272 3078 τῷ
2291 3009 2424 3079 οἴκῳ
2445 3024 2558 3071 σου,
2590 3010 2669 3072 είς
2689 3009 2816 3070 τοὺς
2831 3004 3033 3070 αίῶνας
3053 3006 3160 3059 τῶν
3183 3005 3395 3058 αἰώνων
3412 3002 3684 3056 αίνέσουσί

2115 3115 2195 3152 σε.
2237 3117 2256 3150 ι
2297 3100 2550 3169 Ἔχοντος
2581 3099 2637 3152 δὲ
2675 3093 2775 3152 ὧδε
2806 3098 2901 3151 τοῦ
2933 3098 3062 3168 περὶ
3092 3096 3296 3151 τούτων
3324 3095 3483 3163 λόγου
3502 3133 3520 3159 ,
3551 3093 3688 3164 φέρι

2114 3189 2372 3253 καθέντες
2397 3191 2496 3260 τὴν
2527 3189 2758 3260 βάσανον
2791 3190 2886 3245 καὶ
2914 3192 2971 3245 ἐν
2999 3192 3110 3254 τοῖς
3138 3189 3259 3244 καθ’
3293 3187 3440 3258 ἡμᾶς
3465 3184 3684 3251 αὐτοὺς,

2114 3280 2290 3335 έκεῖνο
2310 3278 2751 3351 διασκεψώμεθα.

2182 3557 2246 3612 δ’.
2283 3555 2554 3626 Πεποίητο
2595 3555 2694 3626 μὲν
2721 3555 2830 3628 γὰρ
2861 3557 2890 3609 ὁ
2929 3555 3214 3626 ἄνθρωπος
3254 3554 3312 3607 tv
3351 3554 3546 3626 ἀρχαῖς
3577 3554 3688 3607 τῶν

2117 3646 2261 3700 ίδίων
2285 3645 2605 3716 θελημάτων
2635 3645 2734 3709 τὰς
2774 3647 2928 3716 ἡνίας
2959 3645 3422 3715 πεπιστευμένος,
3457 3645 3551 3698 καὶ
3589 3643 3688 3715 τὴν

2113 3739 2196 3806 ἐφ’
2224 3731 2376 3809 ᾧπερ
2409 3737 2474 3791 ἂν
2499 3736 2672 3789 ἕλοιτο
2716 3735 2886 3807 ῥοπὴν
2919 3737 3209 3806 ἀνειμένην
3237 3734 3396 3805 ἔχων.
3445 3732 3689 3787 Ἐλεύθε-

2114 3843 2206 3896 ρον
2231 3825 2340 3895 γὰρ
2367 3823 2427 3878 τὺ
2449 3823 2623 3888 Θεῖον,
2654 3823 2788 3893 πρὸς
2808 3822 2836 3874 δ
2861 3823 2955 3875 καὶ
2989 3840 3055 3891 με
3064 3823 3335 3892 μόρφωτο.
3359 3815 3488 3872 *Ωδε
3515 3817 3572 3870 δὲ
3595 3811 3686 3887 ἦν,

2112 3912 2285 3986 οἶμαι,
2326 3915 2420 3968 καὶ
2462 3916 2561 3985 οὐχ
2590 3914 2790 3984 ἑτέρως
2837 3914 3135 3983 κεκτῆσθαι
3164 3913 3223 3964 τὸ
3250 3911 3609 3979 ἀξιάγαστον,
3639 3908 3687 3960 εἰ

2112 4007 2402 4080 ἐθελοντὴς
2443 4006 2618 4078 ὁρῷτο
2649 4006 2749 4076 τῆς
2791 4005 2994 4076 ἀρετῆς
3033 4004 3291 4075 ἐργάτης,
3338 4005 3432 4057 καὶ⁹
3464 4003 3688 4071 γνώμης

2113 4101 2252 4171 ἔχων
2283 4098 2496 4170 καρπὸν
2515 4137 2530 4161 ,
2555 4096 2618 4149 τὺ
2647 4097 2705 4149 tv
2738 4096 2920 4167 ἔργοις
2958 4095 3266 4166 εἱλικρινὲς,
3303 4095 3402 4147 οὐκ
3445 4094 3687 4164 ἀνάγκης

2113 4192 2302 4262 ὥσπερ
2338 4190 2685 4257 ἀποτέλεσμα
2717 4188 2972 4257 φυσικῆς,
3005 4186 3103 4238 οὐκ
3137 4184 3383 4254 ἐφιείσης
3411 4183 3545 4246 ὅλως
3584 4181 3690 4246 ἔξω

2115 4283 2377 4351 φέρεσθαι
2403 4280 2498 4334 τοῦ
2528 4279 2716 4346 καλοῦ,
2747 4279 2850 4332 κᾶν
2885 4279 2933 4331 εἰ
2959 4277 3092 4348 δρᾷν
3117 4277 3293 4329 ἕλοιτο
3321 4276 3379 4328 τὸ
3411 4275 3485 4346 μὴ
3515 4275 3688 4338 οὕτως

2116 4369 2257 4438 ἔχον.
2290 4368 2498 4421 Οὐκοῦν
2530 4369 2740 4437 ἀνῆπτο
2768 4367 2866 4437 μὲν
2893 4368 2948 4420 ἐν
2976 4368 3170 4436 ἀρχαῖς
3197 4368 3225 4419 ὁ
3263 4365 3549 4436 ἄνθρωπος
3587 4365 3689 4432 τὴν

2116 4456 2200 4526 ἐφ’
2229 4456 2402 4510 ἆπασι
2422 4458 2535 4518 τοῖς
2556 4455 2850 4526 πρακτέοις
2874 4456 3163 4524 ἀνειμένην
3181 4472 3242 4508 τε
3264 4455 3358 4508 καὶ
3374 4453 3570 4523 ἄφετον
3589 4452 3690 4521 τῆς

439 4543 707 4612 agendam
755 4545 957 4600 mentis
1011 4555 1218 4601 motum
1256 4567 1268 4601 :
1319 4557 1576 4605 ueterum
1622 4550 1876 4605 draconis
1908 4551 2013 4604 im-

2115 4548 2350 4610 διανοίας
2374 4549 2546 4619 ῥοπήν
2560 4563 2574 4578 ⁸
2598 4547 2732 4601 ἀλλά
2753 4549 2864 4610 τοῖς
2886 4549 2980 4599 τοῦ
3001 4547 3288 4618 δράκοντος
3311 4549 3684 4615 φενακισμοῖς.

443 4635 688 4704 posturis
745 4635 812 4690 ad
849 4653 974 4707 qua:
1000 4638 1226 4696 minime
1259 4641 1641 4707 conveniebat,
1696 4642 2016 4711 impruden-

437 4734 522 4780 ter
574 4734 658 4780 est
697 4727 982 4798 abreptus,
1026 4730 1343 4802 nullamque
1382 4732 1542 4802 plane
1572 4733 2018 4801 transgressionis

438 4816 711 4872 rationem
738 4817 950 4873 habuit.
993 4819 1204 4876 Idcirco
1236 4831 1413 4878 morte
1435 4831 1600 4892 atque
1626 4823 1850 4878 interitu
1880 4825 2019 4879 mul-

437 4912 582 4963 tatus
630 4919 714 4964 est
739 4948 752 4973 ,
800 4911 1154 4980 praevidente,
1186 4922 1246 4968 ut
1266 4914 1521 4978 arbitror,
1555 4916 1668 4969 Deo
1703 4917 2014 4982 utilitatem,

435 5013 558 5068 quae
603 4999 656 5054 id
709 5002 855 5071 quod
906 5002 1181 5059 acciderat
1229 5014 1486 5060 secutura
1522 5015 1686 5062 esset.
1737 5007 2015 5064 Conversa

435 5091 582 5146 enim
617 5094 784 5147 semel
820 5093 889 5148 ad
926 5104 1210 5164 peccatum
1241 5096 1483 5162 homine,
1509 5097 1790 5168 ipsiusque
1814 5108 2011 5155 natura

436 5183 740 5241 deﬂexione
789 5185 846 5240 in
897 5185 1093 5240 vitium
1128 5185 1429 5252 laborante,
1482 5188 1654 5243 instar
1687 5190 1800 5245 fere
1828 5191 2010 5261 impu-

438 5286 622 5326 rorum
667 5274 982 5345 spirituum,
1027 5283 1353 5345 perpetuum
1393 5276 1448 5331 in
1485 5284 1635 5332 terra
1665 5280 1866 5334 malum
1912 5281 2009 5334 de-

440 5365 769 5429 prehensum
817 5377 918 5424 est.
979 5369 1198 5425 Utiliter
1251 5369 1433 5439 itaque
1473 5370 1692 5425 inventa
1714 5379 1798 5426 est
1829 5371 2010 5427 carnis

444 5466 606 5517 mors,
632 5469 743 5511 non
763 5456 819 5511 in
840 5459 1150 5515 absolutum
1175 5459 1458 5516 interitum
1481 5461 1678 5517 animal
1697 5463 2006 5533 traducens,

442 5542 538 5598 sed
571 5544 753 5613 potius
794 5545 851 5600 in
882 5551 1310 5617 renovationem,
1332 5560 1515 5623 atque,
1543 5561 1606 5608 ut
1634 5552 1708 5608 ita
1739 5554 2006 5620 dicamus,

445 5637 701 5704 tanquam
739 5649 836 5690 vas
861 5637 1135 5707 quoddam
1160 5640 1497 5696 confractum
1519 5657 1618 5698 suo
1647 5651 1892 5715 tempore
1919 5660 2009 5698 re-

2115 4641 2199 4707 ἐφ’
2227 4639 2264 4693 ἃ
2297 4640 2370 4709 μὴ
2400 4639 2698 4709 προσῆκεν,
2735 4637 3012 4698 ἀσυνέτως
3047 4636 3463 4705 παρεκομίζετο,
3493 4635 3587 4686 καὶ
3618 4634 3684 4687 δι’

2114 4729 2326 4792 οὐδενὸς
2379 4729 2614 4781 ἐποιεῖτο
2675 4727 2833 4797 λόγου
2882 4726 2981 4797 τὴν
3031 4724 3359 4794 παράϐασιν.
3418 4723 3687 4793 Ταύτῃτοι

2116 4819 2500 4884 κατεδικάζετο
2542 4820 2758 4889 θανάτῳ
2797 4818 2891 4871 καὶ
2935 4816 3140 4887 φθορᾷ,
3181 4814 3647 4886 προαναθροῦντος
3671 4855 3685 4877 ,

2115 4908 2291 4984 οἶμαι,
2323 4913 2457 4966 Θεοῦ
2484 4913 2545 4966 τὸ
2564 4914 2639 4976 ὡς
2665 4913 2720 4965 ἔν
2754 4930 2816 4981 γε
2840 4910 2916 4981 τῷ
2938 4908 3304 4980 συμϐεϐηκότι
3323 4907 3688 4961 λυσιτελέστε-

2125 5023 2235 5075 ρον.
2257 5003 2621 5068 Διανενευκὼς
2636 4998 2749 5075 γὰρ
2769 5004 2915 5069 ἅπαξ
2936 5004 3014 5066 εἰς
3044 4999 3314 5072 ἁμαρτίαν
3336 5002 3364 5053 ὁ
3383 5001 3686 5072 ἄνθρωπος,

2118 5098 2212 5151 καὶ
2238 5098 2624 5168 ἀρρωστούσης
2647 5096 2795 5167 αὐτῷ
2819 5096 2919 5165 τῆς
2946 5095 3160 5163 φύσεως
3182 5094 3280 5164 τὴν
3309 5095 3387 5155 είς
3415 5093 3482 5146 τά
3511 5091 3691 5160 φαῦλα

2121 5188 2313 5257 ῥοπὴν,
2350 5188 2410 5240 tv
2443 5189 2542 5258 ἴσῳ
2577 5205 2679 5240 που
2717 5187 2858 5256 τάχα
2887 5189 3000 5250 τοῖς
3030 5184 3361 5255 ἀκαθάρτοις
3394 5182 3686 5253 πνεύμασι,

2117 5279 2362 5348 διηνεκὲς
2393 5278 2487 5331 ἐπὶ
2519 5279 2622 5348 γῆς
2650 5279 3006 5347 κατεφωρᾶτο
3027 5274 3216 5329 κακόν.
3259 5275 3558 5327 Ἐπενοεῖτο
3582 5273 3690 5325 τοί-

2119 5387 2212 5423 νυν
2242 5370 2527 5442 χρησίμως
2546 5372 2574 5422 ὁ
2598 5369 2699 5440 τῆς
2727 5368 2925 5436 σαρκὸς
2957 5368 3204 5430 θάνατος,
3239 5365 3339 5418 οὐκ
3372 5366 3451 5428 είς
3470 5364 3688 5446 ὄλεθρον

2117 5460 2337 5531 ὁλοτελῆ
2383 5458 2768 5530 παραπέμπων
2815 5457 2875 5510 τὸ
2919 5456 3088 5520 ζῶον·
3125 5456 3207 5518 είς
3254 5454 3602 5524 καινουργίαν
3633 5452 3689 5507 δὲ

2121 5553 2341 5622 μᾶλλον,
2380 5553 2492 5620 καὶ,
2517 5551 2583 5604 ἶν’
2607 5549 2781 5614 οὕτως
2804 5550 3067 5619 εἴπωμεν,
3095 5551 3175 5612 εἰς
3207 5547 3507 5617 ἀνασκευὴν
3523 5540 3612 5601 οἷά
3635 5561 3688 5598 τι

2117 5644 2311 5709 σκεῦος
2365 5641 2825 5712 συντεθλασμένον
2873 5641 3015 5696 κατά
3063 5640 3290 5712 καιροὺς
3341 5637 3685 5708 ἐφυλάττετο.

516 5813 558 5844 ’θ
583 5812 782 5869 Ezech.
817 5829 998 5881 nvni,
1030 5813 1113 5870 l4.
1188 5816 1227 5847 ²¹
1257 5814 1391 5868 Dan.
1424 5831 1516 5879 vn,
1552 5816 1633 5869 l0.
1711 5818 1753 5849 "
1781 5818 1921 5872 Psal.
1963 5835 2182 5888 Luxu],
2218 5820 2299 5918 5.⁴
