4056 6260
429 437 501 494 95
1457 441 1683 492 bLAPll
1695 442 1721 491 ἱ
1736 441 1975 494 ιιυιιωι

2079 454 2082 495 l
2123 445 2423 497 παιδιαὶ
2463 447 2590 498 LIB.
2637 460 2673 498 ι.
3601 432 3669 484 26

430 552 555 606 Ὅτι
594 551 692 621 μὲν
725 551 832 622 γὰρ
863 550 1196 622 συμϐήσεται
1231 551 1432 623 μεταξὺ
1469 551 1545 622 τῷ
1567 552 1692 624 ζώῳ
1719 553 1779 606 τὸ
1812 553 1975 607 παθεῖ

2107 554 2400 611 ﬁciendum
2429 559 2685 613 servavit.
2713 558 2868 625 Quod
2906 561 3052 615 enim
3083 561 3188 616 hoc
3218 562 3426 618 homini
3455 573 3681 621 eventu-

429 641 526 714 τὴν
556 643 790 712 φθορὰν,
817 642 917 695 οὐκ
952 643 1219 713 ἠγνόηκεν
1252 645 1281 696 ὁ
1327 643 1688 714 Δημιουργὸς,
1724 643 1838 696 ἀλλ’
1869 645 1999 714 ηπί-

429 749 616 794 στατο,
654 733 791 803 μετά
825 733 1015 786 τούτου
1049 735 1144 787 καὶ
1179 734 1286 787 τῶν
1324 735 1541 787 ἀτόπων
1571 736 1669 804 τὴν
1696 735 1870 799 λύσιν,
1907 737 2000 788 καὶ

427 821 527 892 τῆς
550 820 753 893 φθορᾶς
783 823 881 893 τὴν
913 823 1208 893 ἀναίρεσιν,
1243 825 1336 876 καὶ
1359 825 1435 887 είς
1467 825 1528 877 τὸ
1553 824 1772 894 ἄμεινον
1806 826 2000 877 ἀνακο-

431 914 607 983 μιδὴν,
631 913 726 966 καὶ
745 913 852 966 τῶν
878 916 937 967 ἐν
964 915 1157 985 ἀρχαῖς
1177 914 1398 981 ἀγαθῶν
1417 915 1515 985 τὴν
1533 914 1816 985 ἀνάληψιν.
1843 915 1995 986 ’ᾘδει

424 1005 530 1076 γὰρ
557 1008 640 1060 ὅτι
678 1005 884 1076 πέμψει
928 1008 1070 1060 κατά
1099 1009 1323 1077 καιροὺς
1353 1007 1444 1059 τὸν
1477 1006 1606 1060 ίδιον
1652 1005 1778 1058 Υἰδν
1812 1007 1870 1059 ἐν
1904 1008 1997 1059 ἀν-

424 1096 668 1168 θρωπεία
711 1101 888 1168 μορφῇ
917 1099 1306 1168 τεθνηξόμενον
1353 1099 1492 1167 ὑπὲρ
1530 1096 1686 1167 ἡμῶν
1709 1137 1723 1159 ,
1763 1098 1855 1150 καὶ
1900 1097 1994 1150 τοῦ

423 1186 651 1240 Θανάτου
698 1187 1070 1241 καταλύσοντα
1115 1189 1342 1258 κράτος,
1388 1187 1475 1240 ἴνα
1520 1189 1613 1242 καὶ
1657 1186 1866 1256 νεκρῶν
1901 1189 1995 1240 καὶ

423 1276 637 1340 ζώντων
675 1277 958 1349 κυριεύσῃ.
996 1280 1058 1332 Τί
1095 1281 1238 1351 γάρ;
1272 1282 1321 1333 εί
1357 1279 1432 1351 μὴ
1466 1278 1664 1341 πάντες
1703 1278 1994 1331 πεπιστεύ-

422 1385 610 1430 κασιν,
651 1368 763 1422 ἀλλ’
803 1369 904 1438 ἥγε
953 1369 1062 1422 τῶν
1109 1371 1462 1441 σεσωσμένων
1505 1369 1711 1441 πληθὺς
1745 1369 1992 1440 ἀριθμῶν

420 1461 684 1529 κρείττων
717 1463 1036 1536 ὑπάρχουσα
1060 1501 1075 1526 ,
1121 1462 1221 1532 τῆς
1265 1462 1486 1515 ἐκείνων
1525 1462 1799 1525 ἀπωλείας
1828 1463 1991 1514 οἱονεὶ

420 1552 817 1621 κατορχήσεται
848 1570 862 1583 ·
914 1553 1009 1607 καὶ
1052 1552 1114 1605 τὸ
1157 1551 1358 1606 λυποῦν
1399 1552 1486 1605 ἐπ’
1532 1553 1781 1618 ἐκείνοις,
1823 1552 1989 1605 ἕωλον

417 1641 715 1706 ἀποφανεῖ,
755 1643 1037 1713 μονονουχὶ
1081 1643 1343 1711 λέγουσα·
1383 1642 1681 1713 Τοιγαροῦν
1731 1642 1988 1696 «ἔδονται

416 1731 516 1799 τῆς
553 1731 762 1784 ἑαυτῶν
794 1731 916 1784 ὁδοῦ
949 1732 1073 1795 τοὺς
1112 1731 1372 1803 καρπούς.
1413 1750 1432 1783 ι
1471 1730 1841 1795 Διασώζεσθαι
1880 1731 1987 1802 γάρ

417 1821 559 1888 ἐξὸν,
587 1824 637 1875 εί
670 1823 1032 1893 βεϐούλοιντο,
1067 1825 1159 1877 καὶ
1184 1824 1464 1896 διαδρᾶναι
1510 1825 1606 1894 μὲν
1645 1824 1753 1877 τῶν
1785 1825 1986 1894 μεταξὺ

2111 663 2232 700 rum
2265 657 2430 714 esset,
2471 659 2528 703 ut
2571 650 2855 704 interitum
2885 653 3115 717 subiret,
3150 669 3492 724 nequaquam
3524 657 3681 727 igno-

2107 740 2266 794 rabat
2315 739 2574 809 Creator;
2599 742 2693 797 sed
2737 743 2944 798 sciebat
2973 745 3387 800 subsecuturam
3414 746 3470 816 9
3492 758 3680 817 postea

2105 830 2234 884 mali
2280 831 2631 897 solutionem,
2680 842 2737 887 et
2784 832 3038 887 interitus
3071 834 3424 898 ablutionem,
3453 837 3679 890 restitu-

2105 918 2419 989 tionemque
2455 921 2509 974 in
2541 921 2756 985 melius,
2787 937 2851 975 ac
2871 923 3228 991 pristinorum
3272 924 3540 978 bonorum
3593 942 3680 981 re.

2103 1009 2430 1076 ceptionem.
2474 1011 2691 1066 Sciebat
2747 1013 2896 1067 enim
2943 1014 3088 1083 quod
3137 1016 3380 1070 mitteret
3411 1032 3512 1070 suo
3535 1027 3677 1070 tem-

2101 1111 2234 1165 pore
2264 1098 2460 1152 Filium
2480 1116 2639 1155 suum
2662 1101 2717 1154 in
2747 1101 2984 1156 humana
3012 1102 3206 1166 forma,
3243 1105 3338 1172 qui
3372 1120 3472 1173 pro
3517 1105 3676 1161 nobis

2101 1189 2402 1244 moriturus
2433 1199 2597 1255 esset,
2649 1192 2949 1262 mortisque
2995 1193 3285 1262 imperium
3347 1196 3672 1261 aboliturus,

2100 1287 2161 1333 ut
2207 1280 2458 1333 vivorum
2497 1281 2658 1335 simul
2697 1291 2754 1336 et
2793 1291 3135 1335 mortuorum
3169 1282 3500 1338 dominetur.
3530 1286 3672 1352 Quid

2097 1369 2244 1425 enim
2267 1371 2290 1423 ?
2315 1369 2370 1425 Si
2398 1387 2506 1425 non
2527 1386 2716 1426 omnes
2743 1372 3118 1435 crediderunt,
3149 1382 3297 1426 certe
3341 1374 3670 1428 salvatorum

2097 1461 2514 1516 innumerabilis
2563 1463 2858 1517 multitudo
2917 1464 3134 1518 illorum
3191 1463 3470 1518 interitum
3537 1482 3667 1535 quo-

2096 1553 2386 1610 dammodo
2435 1557 2671 1610 elevabit
2705 1575 2717 1610 :
2761 1572 3064 1628 eorumque
3112 1558 3214 1612 hac
3239 1558 3304 1612 de
3328 1574 3489 1613 causa
3512 1559 3664 1614 dolo-

2095 1660 2212 1700 rem
2256 1662 2458 1701 vanum
2507 1649 2831 1715 declarabit,
2877 1657 3090 1704 tantum
3119 1666 3229 1705 non
3256 1653 3445 1707 dicens
3477 1671 3488 1706 :
3523 1672 3540 1702 ι
3567 1653 3670 1708 Co-

2094 1737 2322 1792 medunt
2370 1753 2481 1794 suae
2533 1739 2778 1810 ipsorum
2830 1741 2933 1796 vite
2971 1741 3182 1796 fructus
3213 1743 3279 1795 ".
3320 1761 3336 1793 ι
3372 1742 3506 1797 Cum
3535 1743 3668 1812 ipsis

2094 1827 2290 1880 salvari
2319 1827 2528 1894 liceret,
2564 1830 2611 1884 si
2635 1830 2958 1896 voluissent,
2993 1840 3048 1885 et
3071 1847 3155 1897 ea,
3185 1832 3389 1902 quibus
3422 1843 3665 1903 postmo-

416 1913 914 1984 παρεισδεδυκότων
956 1914 1028 1968 τὰ
1065 1915 1238 1986 βλάϐη
1257 1955 1274 1980 ,
1299 1915 1390 1968 τὸν
1422 1915 1692 1987 λυτρωτδν
1727 1917 1790 1968 ού
1822 1933 1975 1986 προσ-

2088 1917 2219 1971 dum
2257 1917 2488 1974 involuti
2537 1929 2684 1986 sunt,
2715 1921 2913 1976 damna
2957 1923 3186 1988 evitare,
3242 1924 3662 1994 Rcdemptorem

417 2002 622 2069 ίενται,
678 2005 925 2059 τουτέστι
948 2043 964 2068 ,
1000 2005 1257 2077 Χριστόν.
1298 2001 1446 2076 ’Δρα
1477 2006 1586 2074 γὰρ
1624 2005 1677 2058 εί
1710 2023 1813 2072 τις,
1861 2007 1982 2058 είπέ

414 2113 526 2166 μοι,
570 2097 639 2150 τά
663 2099 741 2161 είς
765 2097 1032 2167 γηπονίαν
1058 2097 1329 2168 τεχνίτης,
1357 2100 1468 2160 τοῖς
1499 2097 1606 2150 τῶν
1633 2097 1864 2168 δένδρων
1890 2097 1982 2150 εύ-

412 2186 734 2258 φυεστέροις
756 2187 850 2240 τὸν
871 2187 1001 2241 ίδιον
1017 2188 1320 2260 ἐνεπίμπλη
1351 2190 1545 2260 κῆπον⁸
1568 2186 1684 2242 εἶτα
1709 2189 1783 2260 μὴ
1805 2189 1982 2244 πάντα

410 2276 698 2344 διαφυγεῖν
723 2277 791 2330 τά
821 2279 886 2332 ἐκ
910 2277 1180 2350 διαφόρων
1208 2279 1396 2334 αίτιῶν
1425 2279 1737 2351 συμϐέϐηκε
1772 2281 1944 2353 βλάϐη
1965 2298 1980 2314 ·

409 2369 512 2422 οὐκ
543 2369 611 2422 ἂν
637 2369 799 2422 οἴοιτό
825 2386 904 2432 τις
942 2370 1017 2440 μὴ
1045 2371 1221 2441 ὀρθῶς
1246 2371 1461 2426 ἑλέσθαι
1483 2373 1665 2427 πονεῖν
1684 2373 1778 2427 τὸν
1809 2389 1982 2444 γηπο-

405 2461 517 2513 νεῖν
547 2459 862 2530 ᾐρημένον;
911 2460 1049 2512 Ἀλλ’
1081 2461 1181 2513 οὐκ
1213 2460 1300 2525 ἂν,
1333 2457 1507 2532 οἶμαι,
1531 2463 1614 2527 τὶς
1643 2464 1981 2534 καταμωμή-

404 2566 578 2604 σαιτο.
608 2548 810 2602 Πολλοῦ
837 2566 898 2617 γε
929 2550 1024 2603 κα)⁵
1049 2548 1164 2604 δεῖ·
1194 2553 1223 2604 ό
1250 2551 1348 2620 μὲν
1371 2550 1479 2622 γὰρ
1502 2551 1600 2622 τὴν
1620 2552 1844 2605 δέουσαν
1869 2552 1979 2605 τῶν

404 2641 828 2711 πεφυτευμένων
863 2643 1098 2695 ἐποιεῖτο
1145 2643 1430 2714 φροντίδα,
1465 2643 1533 2696 τὰ
1557 2643 1613 2695 δὲ
1655 2642 1978 2714 ἡρῤῶστησε

404 2732 466 2785 τὸ
491 2732 698 2785 παθεῖν.
722 2729 849 2802 Ἆρ’
871 2728 962 2785 οὖν
985 2732 1217 2803 ἐροῦμεν
1237 2733 1311 2796 ὡς
1332 2728 1398 2802 ἦν
1417 2733 1634 2803 ἄμεινον
1654 2735 1714 2787 τὸ
1738 2734 1979 2805 μηδόλως

408 2823 604 2893 χρῆναί
641 2839 792 2886 τινας
828 2822 965 2877 ίέναι
993 2823 1087 2876 ἐπὶ
1126 2823 1186 2876 τὺ
1227 2825 1515 2893 γηπονεῖν⁶
1559 2824 1696 2893 μήτε
1734 2823 1839 2894 μὴν
1867 2826 1977 2886 τοῖς

406 2916 812 2984 εὐγενεστάτοις
859 2914 1201 2986 ἐντεθηλέναι
1248 2917 1432 2984 φυτοῖς
1473 2914 1564 2968 τὸν
1615 2915 1972 2984 παράδεισον,

383 3009 500 3083 ,ὶᾷν
525 3009 579 3061 δέ
612 3007 808 3077 μᾶλλον
838 3006 1046 3060 ἀνελεῖν
1079 3006 1157 3068 είς
1197 3005 1341 3059 ἂπαν
1373 3007 1470 3076 τῆς
1497 3005 1825 3076 φυτουργίας
1850 3006 1975 3069 τοὺς

409 3099 671 3166 τρόπους,
699 3100 786 3151 ἴνα
815 3099 890 3168 μὴ
924 3097 1188 3152 ἀδικοῖντο
1222 3095 1330 3150 τῶν
1359 3097 1784 3166 πεφυτευμένων
1813 3097 1970 3162 τινά;

410 3191 520 3244 Καὶ
551 3189 666 3253 πῶς
697 3184 788 3243 οὖν
819 3190 918 3242 οὐκ
945 3187 1285 3262 ἀπόπληκτον
1315 3188 1508 3260 κομιδῇ
1537 3188 1600 3240 τὸ
1630 3186 1804 3258 ὀρθῶς
1829 3187 1971 3257 ἐχειν

406 3280 612 3336 οίεσθαι
637 3282 792 3336 ταυτί
813 3298 829 3347 ;

469 3466 532 3517 ε’.
559 3459 674 3514 Οὐκ
699 3455 791 3514 οῦν
821 3458 922 3512 ούκ
947 3457 1005 3512 ἐν
1029 3457 1150 3528 δίκῃ
1173 3455 1493 3530 γραφόμεθα
1517 3455 1609 3508 τὸν
1635 3456 1706 3525 Δη
1717 3453 1973 3526 μιουργὸν

402 3552 808 3624 παρενεγκόντα
843 3552 976 3622 πρὸς
1009 3547 1277 3618 ὕπαρξιν,
1312 3548 1537 3610 ἑαυτοὺς
1569 3547 1624 3600 δὲ
1667 3547 1865 3617 μᾶλλον
1892 3548 1975 3599 al-

399 3641 703 3712 τιασόμεθα
746 3641 844 3711 τὴν
874 3641 1179 3694 ἐθελούσιον
1211 3639 1474 3702 παθόντες
1521 3637 1723 3708 βλάϐην
1743 3676 1758 3700 ,
1789 3641 1838 3690 εί
1881 3638 1972 3695 νοῦ

401 3734 498 3786 καὶ
525 3731 722 3802 φρενός
757 3733 922 3799 ἐσμεν
971 3733 1026 3784 ἐν
1056 3729 1224 3800 καλῷ.
1275 3730 1399 3783 Ὀτι
1444 3729 1552 3800 γάρ
1585 3729 1973 3799 παρακομίζων

399 3821 559 3884 εὐθὺς
584 3823 663 3884 είς
700 3819 762 3873 τὸ
785 3817 922 3872 εἶναι
949 3819 1040 3873 τὸν
1067 3818 1374 3890 ἄνθρωπον,
1404 3818 1602 3871 ἐνενόει
1630 3820 1726 3888 μὲν
1768 3819 1849 3871 ὃτι
1885 3836 1974 3872 πε-

401 3913 572 3962 σεῖται
615 3911 695 3972 είς
731 3911 828 3980 τὴν
871 3909 1110 3980 φθοράνο
1153 3909 1253 3961 οὐκ
1283 3909 1465 3978 ἠγνόει
1493 3908 1550 3960 δὲ
1585 3909 1677 3961 καὶ⁸
1706 3911 1831 3972 τοὺς
1873 3911 1972 3980 τῆς

399 3999 690 4070 θεραπείας
739 3999 1008 4069 τρόπους,
1062 3996 1344 4050 ἀναπείθει
1397 3996 1581 4066 σαφῶς
1614 3999 1642 4050 ό
1690 3997 1972 4060 θεσπέσιος

398 4091 734 4160 Παῦλος,τῆς
757 4091 845 4143 διὰ
868 4089 1103 4162 Χριστοῦ
1134 4089 1405 4160 σωτηρίας
1430 4089 1529 4159 τὴν
1549 4087 1623 4150 ὼς
1653 4089 1710 4138 ἐν
1733 4087 1972 4158 προγνώ-

311 4175 316 4182 ’
399 4197 484 4235 στι
527 4181 837 4252 πνεύματος
887 4181 1219 4252 ἀρχαιότητα
1267 4181 1578 4250 μαρτυρῶν.
1637 4180 1970 4232 Ἐπιστέλλει

395 4270 504 4342 γὰρ
537 4270 708 4333 οὕτως
754 4269 1002 4340 Τιμοθέῳ
1042 4269 1119 4340 τῷ
1163 4269 1348 4339 οίκείῳ
1396 4267 1638 4338 μαθητῇ·
1681 4286 1699 4318 ι
1749 4269 1839 4339 Μὴ
1877 4266 1970 4322 οὖν

397 4363 766 4432 ἐπαισχυνθῇς
797 4362 860 4414 τὸ
903 4362 1196 4434 μαρτύριον
1236 4361 1331 4415 τοῦ
1365 4361 1568 4432 Κυρίου
1611 4362 1788 4431 ἡμῶν,
1834 4364 1967 4433 μηδὲ

397 4456 500 4524 ἐμὲ
520 4455 609 4506 τὸν
662 4454 882 4522 δέσμιον
932 4454 1126 4507 αὐτοῦ’
1176 4454 1311 4508 ἀλλά
1360 4455 1844 4522 συγκακοπάθησον
1889 4455 1967 4523 τῷ

396 4544 717 4614 Εὑαγγελίῳ
746 4545 884 4597 κατά
922 4544 1146 4614 δύναμιν
1179 4544 1314 4598 Θεοῦ
1354 4545 1445 4597 τοῦ
1496 4544 1764 4606 σώσαντος
1797 4546 1963 4614 ἡμᾶς,

394 4637 487 4689 καὶ
513 4635 839 4697 καλέσαντος
871 4637 1060 4705 κλήσει
1086 4636 1239 4706 ἁγίᾳ,
1267 4636 1328 4688 οὐ
1356 4635 1498 4688 κατά
1524 4635 1593 4688 τὰ
1620 4635 1755 4705 ἔργα
1781 4638 1814 4706 ἡ
1825 4636 1960 4704 μῶν,

393 4727 526 4780 ἀλλά
553 4726 693 4780 κχτὰ
719 4727 851 4780 ίδίαν
872 4728 1131 4796 πρόθεσιν
1159 4728 1248 4779 καὶ
1267 4727 1426 4797 χάριν
1448 4728 1545 4797 τὴν
1567 4726 1807 4780 δοθεῖσαν
1831 4729 1960 4796 ἡμῖν

392 4821 450 4870 ἐν
475 4819 694 4890 Χριστῷ
727 4817 899 4889 Ἰησοῦ
919 4819 1024 4890 πρὸ
1052 4819 1260 4889 χρόνων
1283 4819 1534 4884 αίωνίων,
1561 4819 1960 4890 φανερωθεῖσαν

390 4909 448 4962 δὲ
483 4910 571 4961 ἐπ’
605 4909 850 4979 ἐσχάτων
880 4908 987 4961 τῶν
1016 4911 1223 4978 χρόνων
1263 4907 1351 4960 διὰ
1381 4909 1475 4978 τῆς
1521 4909 1839 4976 ἐπιφανείας
1866 4907 1959 4960 τοῦ

392 5001 641 5070 Σωτῆρος
683 4999 841 5070 ἡμῶν
899 4999 1074 5070 Ἰησοῦ
1109 4999 1368 5069 Χριστοῦ.
1410 5017 1428 5049 ι
1478 4999 1712 5068 Ἐτὲροις
1757 4999 1813 5050 δὲ
1851 4993 1956 5048 αὖ·

398 5109 416 5140 ι
442 5091 696 5161 Οἴδαμεν.
720 5091 802 5144 ὅτι
823 5093 938 5153 τοῖς
958 5089 1213 5157 ἀγαπῶσι
1235 5089 1322 5141 τὸν
1344 5090 1475 5141 Θεὸν
1507 5090 1682 5142 πάντα
1710 5090 1962 5158 συνεργεῖ

392 5185 468 5246 είς
506 5182 742 5250 ἀγαθὸν,
772 5183 884 5244 τοῖς
915 5181 1055 5234 κατὰ
1086 5181 1344 5250 πρόθεσιν
1378 5181 1591 5248 κλητοῖς
1627 5177 1793 5232 οὖσιν.
1840 5181 1959 5232 Ὅτι

391 5271 482 5336 οὓς
508 5273 778 5341 προέγνω,
810 5274 905 5325 καὶ
933 5270 1204 5340 προώρισε
1239 5272 1595 5340 συμμόρφους
1625 5273 1723 5340 τῆς
1755 5271 1960 5333 εἰκόνος

391 5362 482 5415 τοῦ
521 5363 650 5417 Υίοῦ
703 5362 900 5426 αὑτοῦ,
933 5364 1013 5426 είς
1055 5362 1115 5415 τὸ
1153 5357 1294 5414 εἶναι
1325 5361 1487 5414 αὐτὸν
1528 5361 1868 5431 πρωτότοκον
1901 5362 1956 5412 ἐν

391 5455 599 5520 πολλοῖς
655 5455 924 5523 ἀδελφοῖς.
975 5452 1081 5517 Οὒς
1134 5455 1188 5508 δὲ
1247 5453 1548 5526 προώρισε,
1600 5453 1818 5516 τούτους
1865 5452 1955 5505 καὶ

388 5546 609 5600 ἐκάλεσε
631 5559 645 5575 ⁶
681 5547 773 5599 καὶ
814 5545 906 5610 οὓς
936 5546 1160 5599 ἐκάλεσε
1183 5590 1196 5610 ,
1233 5547 1452 5608 τούτους
1493 5547 1586 5598 καὶ
1619 5544 1952 5598 ἐδικαίωσεν.

386 5635 494 5702 Οὓς
519 5638 577 5693 δέ
605 5637 917 5705 ἐδικαίωσε,
947 5637 1168 5701 τούτους
1204 5638 1295 5692 καὶ
1341 5637 1607 5704 ἐδόξασεν.
1648 5656 1665 5687 ›
1718 5634 1955 5699 Ἀκούεις

463 5815 688 5875 “Prov.
719 5832 756 5884 ι,
791 5815 879 5870 5i.
959 5815 1002 5846 "'
1031 5813 1072 5868 ll
1105 5811 1242 5865 Tim.
1285 5828 1322 5876 ι,
1361 5811 1503 5866 8-10.

2091 2022 2199 2061 non
2245 2007 2562 2073 admittunt,
2615 2010 2718 2065 hoc
2767 2019 2851 2066 est
2900 2011 3198 2067 Christum.
3249 2013 3304 2067 Si
3333 2014 3456 2081 quis
3491 2013 3660 2076 enim,

2089 2097 2304 2162 amabo,
2353 2098 2596 2154 colendae
2626 2108 2786 2156 terra:
2833 2102 3027 2157 artifex
3052 2104 3512 2172 praestantissimis
3534 2104 3660 2173 qui-

2090 2188 2300 2260 busque
2323 2191 2613 2248 arboribus
2632 2193 2854 2249 hortum
2886 2210 3048 2249 suum
3081 2195 3390 2265 impleverit
3417 2215 3428 2249 :
3463 2196 3661 2251 deinde

2087 2294 2220 2334 vero
2263 2297 2374 2337 non
2421 2298 2614 2339 omnes
2667 2284 2886 2351 damna,
2933 2302 3053 2356 qua:
3091 2286 3322 2341 diversis
3374 2287 3442 2341 de
3480 2288 3660 2342 causis

2086 2372 2348 2429 obvenire
2395 2376 2592 2441 solent,
2613 2375 2895 2447 effugiant,
2940 2393 3121 2440 nemo,
3159 2386 3219 2432 ut
3249 2378 3506 2442 arbitror,
3541 2379 3657 2432 exi-

2085 2465 2390 2520 stimaverit
2440 2477 2601 2523 terrae
2639 2469 2910 2523 cultorem
2951 2479 3096 2524 recte
3132 2470 3371 2539 plautare
3393 2469 3654 2535 noluisse,

2084 2570 2262 2624 neque
2316 2572 2448 2612 vero
2488 2557 2796 2627 quisquam,
2825 2558 2904 2612 uti
2926 2560 3140 2628 opinor,
3175 2559 3325 2618 illum
3356 2560 3657 2629 reprehen-

2084 2645 2244 2701 derit.
2288 2648 2470 2718 Longe
2528 2650 2677 2704 enim
2736 2651 2942 2706 abest:
2995 2651 3266 2720 siquidem
3313 2665 3433 2704 eam
3492 2666 3655 2720 quam

2083 2736 2326 2804 oportuit
2354 2737 2421 2791 ad
2459 2737 2816 2807 plantandum
2844 2754 3032 2794 curam
3078 2739 3350 2804 adhibuit,
3387 2740 3494 2794 illa:
3525 2755 3656 2794 vero

2081 2826 2397 2883 inﬁrmitate
2446 2829 2784 2884 laborarunt.
2818 2830 2899 2884 An
2937 2830 3117 2900 itaque
3163 2831 3410 2886 dicemus
3446 2830 3657 2900 prarsti-

2083 2917 2212 2972 tisse
2236 2927 2296 2972 ut
2329 2919 2554 2974 omnino
2577 2935 2608 2973 a
2641 2920 2978 2990 plantatione
3005 2930 3262 2986 cessaret,
3292 2935 3468 2990 neque
3489 2935 3654 2990 gene-

2082 3007 2380 3063 rosissimis
2425 3010 2625 3078 plantis
2683 3011 2904 3066 hortum
2961 3027 3122 3067 suum
3156 3020 3492 3074 consereret,
3539 3026 3656 3064 om-

2081 3111 2320 3166 nemque
2384 3099 2440 3151 in
2498 3101 2818 3153 universum
2874 3101 3118 3155 colenda:
3173 3109 3330 3155 terra).
3385 3101 3652 3156 rationem

2085 3187 2400 3252 tollendam,
2436 3203 2505 3242 ne
2540 3188 2814 3258 aliquibus
2857 3190 3057 3259 plantis
3087 3191 3198 3260 jam
3221 3192 3486 3246 consertis
3504 3191 3655 3244 dam-

2003 3265 2045 3322 C
2079 3292 2211 3331 num
2261 3278 2512 3332 accidat?
2553 3278 2672 3344 Quo
2716 3289 2874 3349 pacto
2927 3296 3056 3335 vero
3091 3297 3200 3336 non
3225 3282 3523 3336 absurdum
3553 3281 3653 3336 ad~

2075 3370 2299 3423 modum
2341 3370 2526 3434 fuerit,
2561 3370 2605 3424 si
2637 3371 2741 3425 hoc
2769 3381 2915 3426 recte
2951 3387 3009 3426 se
3047 3372 3250 3427 habere
3285 3375 3654 3427 censeamus?

2129 3461 2180 3513 5.
2196 3461 2544 3531 Nequaquam
2565 3461 2727 3532 igitur
2741 3463 2912 3516 Deum
2932 3463 3306 3518 incusabimus
3324 3471 3648 3527 creatorem,

2074 3553 2168 3622 qui
2203 3561 2362 3606 ortus
2393 3553 2566 3607 nostri
2608 3561 2800 3607 auctor
2858 3553 3047 3618 fuerit,
3105 3555 3200 3608 sed
3252 3556 3307 3608 in
3357 3569 3457 3608 nos
3505 3556 3652 3624 ipsos

2072 3644 2254 3712 potius
2297 3645 2510 3714 culpam
2550 3644 2922 3708 conferemus,
2971 3647 3065 3714 qui
3103 3645 3413 3698 voluntario
3451 3645 3651 3698 damno

2072 3734 2359 3798 allicimur,
2419 3735 2464 3788 si
2514 3737 2677 3791 modo
2720 3746 2866 3791 recte
2912 3737 3160 3806 judicare
3195 3735 3444 3789 velimus.
3493 3736 3647 3800 Quod

2071 3825 2218 3879 enim
2262 3825 2446 3879 statim
2495 3825 2772 3880 hominem
2826 3827 2892 3880 ad
2925 3826 3298 3880 cxsistendum
3332 3825 3644 3887 traducens,

2071 3917 2238 3970 sciret
2285 3932 2410 3970 eum
2451 3917 2732 3986 lapsurum
2773 3916 2828 3968 in
2865 3916 3168 3977 interitum,
3193 3915 3448 3983 quodque
3485 3931 3646 3969 cura-

2071 4007 2237 4061 tionis
2290 4007 2480 4059 modos
2524 4022 2633 4058 non
2672 4005 2975 4071 ignorabat,
3027 4004 3311 4056 manifeste
3354 4006 3640 4071 persuadet

2070 4097 2290 4150 divinus
2309 4097 2529 4159 Paulus,
2553 4095 2782 4148 salutem
2809 4109 2906 4162 per
2933 4093 3232 4157 Christum,
3260 4109 3380 4148 eam
3403 4110 3524 4164 qua:
3560 4106 3646 4151 est

2069 4187 2222 4239 velut
2247 4185 2301 4238 in
2321 4182 2744 4255 praecognitione
2775 4183 3022 4254 spiritus,
3055 4181 3372 4238 testiﬁcaris.
3399 4184 3476 4238 ita
3493 4186 3641 4238 enim

2071 4277 2356 4330 Timotheo
2414 4274 2640 4344 proprio
2697 4289 2797 4328 suo
2853 4273 3125 4343 discipulo
3181 4274 3416 4328 scribit:
3466 4295 3483 4326 ι
3519 4275 3640 4330 Noli

2069 4367 2252 4436 itaque
2292 4364 2622 4420 erubescere
2665 4363 3040 4418 testimonium
3076 4365 3292 4418 Domini
3320 4366 3513 4429 nostri,
3541 4382 3640 4420 ne-

2068 4474 2173 4527 que
2217 4473 2299 4511 me
2345 4457 2588 4510 vinctum
2651 4457 2800 4510 illius
2839 4473 2850 4508 :
2895 4455 2989 4510 sed
3029 4455 3301 4509 collabora
3349 4456 3642 4527 Evangelio

2063 4548 2214 4615 juxta
2243 4547 2542 4615 potentiam
2578 4545 2709 4608 Dei,
2765 4544 2858 4613 qui
2891 4560 2990 4598 nos
3023 4545 3299 4607 liberavit,
3335 4552 3392 4598 et
3429 4547 3642 4600 vocavit

2068 4637 2348 4690 vocatione
2397 4652 2493 4689 sua
2527 4646 2732 4698 sancta,
2769 4650 2874 4688 non
2917 4634 3218 4688 secundum
3241 4650 3408 4703 opera
3430 4646 3637 4700 nostra,

2067 4728 2161 4782 sed
2195 4726 2496 4781 secundum
2529 4725 2869 4795 propositum
2910 4725 3012 4793 ιο
3054 4739 3234 4788 suum,
3283 4735 3340 4777 et
3385 4726 3637 4793 gratiam,

2067 4832 2187 4886 qua;
2227 4816 2353 4869 data
2397 4822 2482 4868 est
2520 4815 2682 4868 nobis
2720 4814 2774 4866 in
2827 4813 3046 4866 Christo
3070 4813 3196 4866 Jesu
3239 4823 3364 4866 ante
3393 4823 3638 4882 tempora

2065 4906 2366 4968 srecularia,
2417 4905 2762 4958 manifestata
2812 4912 2896 4956 est
2939 4913 3120 4957 autem
3172 4919 3318 4956 nunc
3348 4904 3403 4956 in
3433 4905 3638 4957 ultimis

2067 4999 2406 5066 temporibus
2461 5013 2559 5066 per
2606 4997 3062 5050 illuminationem
3115 4994 3410 5049 Salvatoris
3460 4996 3632 5048 nostri

2064 5089 2193 5142 Jcsu
2211 5088 2494 5142 Christi".
2522 5107 2538 5137 ι
2571 5087 2706 5141 Aliis
2729 5096 2911 5139 autem
2941 5100 3129 5138 rursus
3153 5103 3164 5137 :
3200 5104 3217 5134 ι
3255 5083 3468 5138 Scimus
3489 5083 3632 5152 quod

2066 5179 2424 5248 diligentibus
2466 5179 2635 5232 Deum
2679 5177 2863 5232 omnia
2905 5183 3269 5245 cooperantur
3297 5175 3350 5226 in
3404 5173 3630 5237 bonum,

2065 5270 2152 5323 his
2207 5270 2300 5338 qui
2336 5270 2489 5338 juxta
2519 5268 2860 5340 propositum
2894 5267 3071 5320 vocati
3119 5273 3245 5317 sunt
3278 5263 3470 5317 sancti.
3497 5265 3630 5318 Nam

2063 5376 2201 5428 quos
2233 5361 2526 5428 praescivit,
2556 5360 2776 5414 eosdem
2810 5367 2865 5410 et
2889 5355 3292 5424 pnedcstinavit
3324 5357 3633 5411 conformes

2063 5451 2181 5506 ﬁeri
2215 5451 2466 5520 imaginis
2497 5451 2618 5504 Filii
2651 5450 2756 5509 sui,
2797 5457 2857 5500 ut
2885 5449 2998 5515 ipse
3036 5447 3107 5498 sit
3143 5447 3536 5515 primogenitus
3575 5449 3631 5501 in

2065 5543 2250 5596 multis
2267 5541 2548 5595 fratribus.
2575 5541 2721 5604 Quos
2746 5546 2928 5592 autem
2960 5537 3383 5608 praedestinavit,
3410 5539 3630 5593 eosdem

2064 5645 2117 5688 et
2174 5632 2430 5695 vocavit;
2474 5638 2528 5684 et
2587 5645 2726 5699 quos
2768 5630 3000 5696 vocavit,
3055 5631 3154 5686 hos
3191 5637 3244 5685 et
3276 5629 3626 5698 justiticavit;
