4056 6260
351 466 417 519 27

1363 465 1418 520 S.
1462 465 1737 522 CYRILLI
1777 462 2247 520 ALEXANDRINI
2287 461 2608 518 ARCHIEP.

3525 449 3605 508 9.8

348 594 489 649 quos
531 587 715 633 autem
740 577 1079 649 justiflcavit,
1110 580 1212 636 hos
1232 588 1290 636 et
1317 582 1641 653 glorificavit
1666 583 1732 636 ³⁸.
1766 602 1782 633 ι
1815 582 1923 636 Αυ-

2040 584 2169 645 ἱπως
2197 580 2441 634 δεδόσθαι
2464 577 2597 649 φησί
2619 577 2720 649 τὴν
2744 577 2804 631 ὲν
2833 577 3054 649 Χριστῷ
3076 579 3234 650 χάριν
3264 575 3372 646 πρὸ
3392 572 3602 645 χρόνων

350 668 438 723 dis
492 684 602 738 quo
655 675 816 737 pacto
863 667 1045 722 datam
1090 683 1210 723 esse
1254 669 1331 722 ait
1359 670 1590 739 gratiam
1624 668 1679 722 in
1701 667 1921 723 Christo

349 765 478 812 ante
515 766 719 812 aeterna
752 765 1000 826 tempora
1034 774 1046 808 :
1081 758 1366 827 praescitos
1390 767 1571 812 autem
1599 773 1662 813 ac
1682 757 1889 827 praetiui
1909 788 1924 800 -

352 856 437 901 tos
480 847 765 901 manifeste
816 862 848 901 a
886 848 1001 902 Deo
1043 856 1099 903 et
1130 849 1292 903 Patre
1324 850 1576 918 eos,.qui
1616 849 1926 903 eonformes

351 938 522 994 futuri
561 946 717 999 erant
748 939 972 1010 imagini
1024 939 1151 993 Filii
1198 940 1416 1010 ipsius?
1447 940 1738 995 Praescitus
1776 941 1923 994 enim

352 1035 456 1093 est,
484 1036 546 1082 ut
574 1028 687 1082 dixi
712 1071 726 1094 ,
760 1027 1158 1082 incarnationis
1192 1029 1405 1084 modus.
1447 1027 1768 1099 Opportuno
1793 1045 1925 1084 vero

355 1129 604 1190 tempore
633 1122 953 1176 morborum
979 1122 1177 1177 solutio
1207 1121 1585 1176 administrata
1637 1129 1742 1187 est,
1778 1122 1926 1192 quod

354 1210 532 1281 ipsum
568 1212 769 1266 Paulus
802 1228 1022 1266 rursum
1070 1220 1322 1277 testatur,
1363 1213 1438 1266 ita
1474 1212 1763 1267 scribens:
1802 1200 1825 1263 ἰ
1862 1212 1925 1265 Ei

354 1311 540 1358 autem
591 1305 683 1374 qui
736 1312 931 1374 potens
972 1312 1056 1360 est
1087 1321 1183 1360 vos
1218 1305 1541 1360 confirmare
1568 1307 1720 1376 juxta
1744 1306 1929 1360 Evan-

354 1392 558 1463 gelium
597 1408 779 1447 meum
820 1402 877 1449 et
924 1395 1370 1464 praedicationem
1399 1394 1529 1450 Jesu
1562 1394 1786 1460 Christi,
1837 1411 1925 1450 se-

355 1483 599 1538 cundum
644 1485 1034 1539 revelationem
1084 1485 1349 1556 mysterii,
1398 1485 1739 1555 temporibus
1766 1493 1926 1539 aeter-

357 1577 443 1632 nis
464 1579 638 1642 taciti,
669 1578 816 1648 quod
843 1594 993 1633 nune
1022 1578 1355 1647 patefactum
1375 1585 1459 1632 est
1485 1592 1586 1647 per
1621 1577 1929 1647 Scripturas

355 1672 768 1741 prophetarum,
810 1670 1114 1725 secundum
1159 1677 1491 1739 prmceptum
1526 1670 1715 1723 αξιοι-οἰ
1740 1669 1838 1724 Dei
1861 1670 1926 1724 ad

354 1759 729 1815 obeditionem
767 1762 916 1827 fidei,
957 1763 1013 1817 iu
1043 1765 1255 1819 cunctis
1286 1764 1543 1834 gentibus
1569 1765 1797 1834 cogniti:
1828 1764 1929 1819 soli

355 1849 590 1918 sapienti
618 1852 731 1906 Deo
757 1867 855 1921 per
883 1852 1069 1908 Jesum
1099 1853 1400 1919 Christum,
1434 1854 1524 1908 cui
1545 1853 1716 1924 gloria
1745 1852 1800 1907 in
1827 1868 1929 1908 sae-

356 1940 499 1994 cula.
543 1940 717 1995 Amen
765 1941 831 1995 ¹⁶.
875 1962 893 1993 ι
945 1943 1196 1999 Tacitum
1238 1945 1388 2000 enim
1426 1955 1546 2000 erat
1588 1944 1929 2017 mysterium,
1965 1922 2004 1977 Β

358 2030 765 2086 manifestatum
801 2042 984 2090 autem
1018 2052 1164 2091 nunc
1188 2052 1283 2106 per
1306 2037 1480 2106 legem
1523 2044 1578 2091 et
1619 2037 1931 2106 prophetas,

356 2122 510 2192 juxta
537 2123 873 2179 voluntatem
902 2126 998 2182 Dei
1034 2142 1097 2182 ac
1118 2127 1315 2186 Patris.
1344 2127 1625 2199 Siquidem
1646 2129 1935 2184 instaurati

364 2229 554 2268 sumus
592 2214 648 2268 in
680 2214 898 2270 Christo
957 2216 1024 2271 ad
1052 2218 1346 2287 pristinum
1371 2227 1592 2285 statum,
1625 2220 1844 2275 abolitis
1868 2220 1936 2275 iis

368 2318 488 2372 quae
525 2305 876 2373 postmodum
909 2305 1177 2361 diabolica
1202 2306 1393 2361 fraude
1417 2308 1574 2362 nobis
1603 2308 1931 2362 acciderant.

370 2394 449 2448 Ita
499 2395 645 2449 enim
681 2411 901 2450 rursum
942 2396 1146 2451 Paulus
1177 2397 1245 2451 de
1270 2398 1513 2451 omnium
1544 2406 1795 2452 nostrum
1823 2397 1938 2452 Sal-

360 2492 548 2539 vatore
596 2485 813 2540 Christo
861 2487 978 2541 ait:
1028 2506 1044 2537 ι
1078 2486 1137 2540 In
1165 2503 1272 2557 quo
1317 2488 1583 2543 habemus
1604 2489 1935 2559 redemptio-

362 2590 487 2629 nem
530 2591 631 2645 per
653 2577 973 2648 sanguinem
1009 2579 1147 2647 ejus,
1189 2578 1567 2633 remissionem
1589 2590 1936 2649 peccatorum

362 2666 666 2721 secundum
700 2667 919 2722 divitias
944 2668 1129 2738 gratiae
1157 2668 1295 2738 ejus,
1325 2685 1447 2737 quae
1474 2670 1940 2739 superabundavit

364 2753 420 2809 in
447 2755 627 2821 nobis,
662 2757 718 2810 in
749 2757 896 2811 omni
925 2756 1190 2826 sapientia
1232 2766 1287 2812 et
1318 2759 1628 2827 prudentia,
1662 2767 1723 2814 ut
1747 2769 1939 2815 notum

363 2846 571 2901 faceret
604 2848 763 2902 nobis
816 2857 1215 2903 sacramentum
1257 2849 1557 2903 voluntatis
1581 2866 1712 2915 suae,
1741 2865 1939 2906 secun-

364 2939 495 2994 dum
547 2939 953 3009 beneplacitum
999 2939 1136 3009 ejus,
1184 2940 1327 3010 quod
1362 2942 1646 3011 proposuit
1673 2944 1730 2997 in
1765 2959 1851 3008 eo,
1884 2944 1941 3000 in

364 3029 772 3100 dispensatione
812 3027 1171 3098 plenitudinis
1232 3036 1541 3099 temporum
1570 3072 1584 3097 ,
1639 3032 1941 3088 instaurare

364 3118 548 3172 omnia
610 3118 666 3172 in
717 3117 958 3184 Christo,
1012 3135 1133 3189 qua:
1180 3118 1234 3173 in
1286 3120 1440 3175 cmlis
1475 3128 1620 3189 sunt,
1649 3129 1705 3176 et
1731 3137 1852 3190 qua:
1885 3122 1941 3176 in

367 3218 513 3263 terra
543 3216 691 3271 sunt,
728 3208 787 3261 in
818 3208 958 3277 ipso.
994 3209 1053 3263 In
1079 3225 1189 3279 quo
1218 3210 1384 3264 etiam
1413 3219 1469 3264 et
1514 3226 1616 3266 nos
1655 3212 1794 3265 forte
1841 3228 1939 3266 vo-

357 3299 473 3354 cati
495 3312 706 3362 sumus,
728 3297 1096 3367 praedestinati
1119 3299 1420 3353 secundum
1443 3300 1782 3369 propositum
1800 3301 1938 3371 ejus,

366 3387 462 3457 qui
484 3391 745 3456 operatur
771 3385 953 3439 omnia
979 3385 1134 3456 juxta
1162 3386 1455 3440 consilium
1484 3388 1784 3443 voluntatis
1808 3403 1938 3454 suae,

370 3482 432 3529 ut
470 3475 643 3529 simus
683 3474 739 3531 in
780 3473 1001 3528 laudem
1038 3474 1224 3545 gloria:
1250 3475 1397 3530 illius
1427 3492 1526 3531 nos
1553 3476 1649 3547 qui
1672 3484 1797 3533 ante
1824 3495 1945 3549 spe-

370 3566 613 3620 ravimus
660 3565 717 3618 in
744 3563 964 3619 Christo
992 3565 1058 3619 ¹⁷.
1099 3584 1116 3616 ι
1149 3565 1292 3620 Ecce
1321 3582 1515 3621 rursus
1546 3568 1798 3637 prmfiniti
1824 3571 1947 3639 qui-

371 3654 499 3709 dem
523 3668 732 3717 sumus,
754 3653 907 3724 juxta
936 3655 1278 3724 propositum
1294 3657 1502 3723 Patris,
1542 3659 1640 3728 ιι
1667 3659 1943 3729 antiquio-

375 3759 493 3799 rem
547 3742 952 3813 quodammodo
1006 3744 1173 3798 etiam
1219 3760 1371 3815 spem
1403 3763 1565 3816 quam
1601 3749 1781 3818 ipsum
1824 3766 1945 3805 esse

374 3834 544 3900 nacti,
578 3833 692 3889 Deo
754 3833 859 3889 hoc
905 3835 1249 3904 pnesciente,
1300 3851 1364 3890 ac
1397 3839 1616 3907 propria
1667 3838 1948 3895 voluntate

374 3940 495 3994 qua:
547 3924 708 3982 nobis
757 3934 1025 3979 eventura
1075 3933 1236 3979 erant
1287 3925 1596 3981 ordinante.
1650 3928 1947 3997 Postquam

373 4015 522 4071 enim
573 4014 789 4085 decepit
836 4014 1107 4069 Adamum
1160 4014 1320 4070 initio
1363 4026 1421 4072 et
1471 4017 1744 4074 vecordiae
1790 4034 1946 4074 reum

375 4103 566 4158 statuit
617 4105 827 4173 peccati
882 4104 1157 4169 inventor,
1229 4104 1298 4159 ad
1340 4113 1573 4163 mortem
1611 4109 1687 4164 ita
1733 4109 1946 4165 traduci

375 4194 623 4264 contigit,
650 4208 923 4263 poenaque
958 4195 1015 4246 in
1048 4208 1239 4247 omnes
1270 4195 1522 4251 homines
1544 4200 1802 4266 pervasit,
1830 4203 1947 4256 vcl-

376 4284 457 4339 uti
501 4299 570 4337 ex
604 4283 790 4337 radice
820 4281 877 4338 in
911 4298 1094 4337 ramos
1124 4283 1254 4337 vitio
1286 4298 1406 4338 sese
1441 4296 1789 4356 propagante.
1839 4291 1949 4344 Rc-

374 4372 562 4444 gnavit
581 4371 730 4425 enim
762 4371 832 4424 ab
864 4370 1035 4424 Adam
1062 4380 1118 4424 et
1143 4387 1317 4441 usque
1346 4373 1413 4426 ad
1442 4373 1679 4444 Moysen.
1710 4378 1949 4432 Peccan-

378 4462 528 4517 tibus
575 4474 707 4515 vero
746 4459 803 4514 in
855 4459 1215 4516 similitudine
1268 4464 1715 4533 transgressionis
1755 4467 1947 4533 Adam,

2021 670 2288 725 αἰωνίων·
2338 668 2717 741 προεγνῶσθαι
2767 667 2824 720 δὲ
2876 669 2970 722 καὶ
3018 668 3356 738 προωρίσθαι
3413 666 3597 736 σαφῶς

2024 757 2175 831 παρὰ
2198 758 2291 812 τοῦ
2316 757 2451 811 Θεοῦ
2488 757 2582 810 καὶ
2620 755 2833 826 Πατρός
2860 755 2987 818 τοὺς
3021 754 3379 825 συμμόρφους
3405 751 3599 823 ἐσομέ-

2023 866 2145 913 νους
2175 850 2273 919 τῆς
2308 848 2513 911 εἰκόνος
2555 845 2650 900 τοῦ
2684 846 2816 899 Υἰοῦ
2849 845 3037 900 αὐτοῦ.
3087 845 3440 917 Προέγνωστο
3466 847 3597 913 γάρ,

2023 941 2097 1003 ὡς
2128 940 2297 1011 ἔφην,
2328 942 2356 993 ό
2376 940 2476 1007 τῆς
2511 938 2973 1010 ἐνανθρωπήσεως
3010 937 3244 1009 τρόπος’
3283 934 3617 1006 ὲταμιεύετο,

2022 1031 2079 1084 δὲ
2105 1031 2283 1103 καιρῷ
2305 1029 2383 1102 τῷ
2404 1031 2733 1102 προσήκοντι
2754 1028 2863 1081 τῶν
2890 1028 3145 1099 ἀῤῥωστη
3155 1026 3340 1097 μάτων
3365 1028 3398 1096 ἡ
3425 1024 3596 1090 λύσις,

2025 1123 2118 1177 καὶ
2150 1123 2491 1194 μαρτυρήσει
2523 1122 2684 1175 πάλιν
2706 1123 2734 1174 ό
2762 1120 2990 1183 Παῦλος,
3012 1119 3111 1173 ὡδὶ
3132 1117 3433 1189 ἐγγράψας·
3466 1136 3485 1168 ‹
3510 1115 3602 1187 Τῷ

2024 1214 2081 1267 δὲ
2103 1214 2384 1284 δυναμένῳ
2411 1213 2557 1283 ἡμᾶς
2584 1212 2832 1282 στηρίξαι
2859 1211 2999 1264 κατά
3020 1211 3081 1263 τὸ
3117 1208 3449 1277 Εὐαγγέλιόν
3478 1224 3599 1277 μου,

2026 1307 2121 1358 καὶ
2154 1304 2216 1358 τὸ
2260 1306 2522 1375 κήρυγμα
2570 1301 2744 1373 Ἰησοῦ
2776 1301 3011 1372 Χριστοῦ
3031 1339 3046 1364 ,
3089 1299 3227 1354 κατά
3260 1296 3603 1364 ἀποκάλυψιν

1990 1410 1999 1418 “
2029 1397 2328 1468 μυστηρίου
2354 1396 2569 1467 χρόνοις
2593 1394 2831 1457 αἰωνίοις
2857 1393 3238 1462 σεσιγημένου,
3268 1387 3603 1461 φανερωθέν-

2025 1505 2115 1551 τος
2141 1488 2234 1541 νῦν
2255 1489 2343 1542 διά
2366 1505 2425 1540 τε
2446 1486 2676 1557 Γραφῶν
2703 1484 3052 1556 προφητικῶν
3074 1484 3203 1539 κατ’,
3221 1481 3483 1552 ἐπιταγὴν
3507 1479 3601 1535 τοῦ

2028 1577 2244 1630 αἰωνίου
2274 1577 2432 1640 Θεοῦ,
2478 1579 2557 1640 είς
2595 1575 2842 1646 ὑπακοὴν
2880 1576 3117 1637 πίστεως
3140 1613 3154 1635 ,
3186 1576 3266 1636 εἰς
3310 1573 3490 1626 πάντα
3536 1576 3607 1627 τά

2030 1667 2157 1735 ἔθνη
2191 1666 2609 1736 γνωρισθέντος,
2643 1667 2788 1736 μόνῳ
2818 1665 2965 1736 σοφῷ
2978 1664 3107 1736 ,Θεῷ
3139 1665 3226 1719 διὰ
3262 1663 3434 1735 Ἰησοῦ
3464 1663 3603 1733 Χρι-

2033 1757 2180 1818 στοῦ,
2212 1750 2255 1824 ᾧ
2280 1758 2312 1827 ἡ
2339 1756 2465 1820 δόξα
2486 1758 2565 1820 εἰς
2596 1756 2684 1809 τὸν
2707 1756 2896 1809 αἰῶνα.
2932 1755 3123 1827 ’Λμήν.
3162 1774 3180 1806 ι
3214 1756 3478 1826 Σεσίγητο
3506 1753 3605 1825 μὲν

2030 1848 2138 1920 γὰρ
2159 1849 2218 1901 τὸ
2254 1850 2580 1920 μυστήριον,
2611 1847 2965 1917 πεφανέρωτο
2999 1845 3054 1897 δὲ
3091 1844 3208 1906 νῦν,
3241 1841 3329 1898 δὶά
3353 1863 3409 1897 τε
3439 1846 3602 1916 νόμου

2036 1941 2128 1993 καὶ
2160 1939 2454 2011 προφητῶν
2473 1980 2487 2001 ,
2519 1939 2658 1993 κατά
2689 1939 2906 2009 θέλησιν
2940 1935 3033 1990 τοῦ
3067 1935 3200 1989 Θεοῦ
3250 1937 3343 1990 καὶ
3372 1936 3601 2007 Πατρός.

2047 2031 2561 2102 Ἀνεστοιχειώμεθα
2609 2031 2703 2085 καὶ
2751 2030 2861 2102 γὰρ
2909 2031 2966 2083 ὲν
3003 2027 3225 2100 Χριστῷ
3274 2027 3409 2098 πρὸς
3445 2027 3507 2079 τὸ
3547 2027 3607 2080 ὲν

2034 2123 2261 2193 ἀρχαῖς,
2295 2122 2789 2193 ἀνατετραμμένων
2827 2121 2935 2175 τῶν
2971 2120 3172 2191 μεταξὺ
3209 2116 3609 2189 παρεισσεϐλη-

2034 2214 2208 2266 κότων
2238 2213 2296 2279 ἐξ
2322 2214 2538 2282 ἀπάτης
2570 2214 2901 2285 διαδολικῆς.
2934 2215 3077 2283 Ἔφη
3118 2213 3227 2282 γὰρ
3256 2205 3359 2264 ὧδε
3394 2209 3552 2263 πάλιν
3576 2212 3605 2264 ὸ

2036 2301 2246 2365 Παῦλος
2277 2303 2405 2372 περὶ
2431 2302 2524 2355 τοῦ
2555 2302 2771 2356 πάντων
2827 2303 2984 2373 ἡμῶν
3046 2303 3298 2373 Σωτῆρος
3335 2299 3629 2371 Χριστοῦ⁶’

2043 2411 2061 2444 ι
2083 2393 2171 2444 Ἐν
2194 2385 2237 2459 ᾧ
2259 2390 2454 2462 ἔχομεν
2477 2390 2576 2462 τὴν
2612 2392 2990 2462 ἀπολύτρωσιν
3022 2390 3111 2443 διὰ
3141 2390 3235 2442 τοῦ
3268 2390 3496 2458 αἵματος
3514 2387 3611 2439 αὒ-

2035 2481 2152 2544 τοῦ,
2187 2480 2284 2550 τὴν
2311 2480 2505 2549 ἄφεσιν
2531 2480 2639 2533 τῶν
2662 2479 3076 2551 ἁμαρτημάτων
3092 2477 3233 2531 κατὰ
3260 2477 3347 2530 τὸν
3381 2475 3611 2529 πλοῦτον

2037 2571 2136 2639 τῆς
2166 2571 2531 2641 χρηστότητος
2556 2570 2745 2635 αὐτοῦ,
2770 2568 2838 2643 ἦς
2854 2571 3237 2643 ἐπερίσσευσεν
3265 2570 3343 2631 εἰς
3370 2570 3535 2639 ἡμᾶς,
3553 2568 3610 2620 ὲν

2040 2662 2187 2734 πάσῃ
2223 2662 2383 2733 σοφία
2411 2661 2506 2714 καὶ
2532 2663 2811 2734 φρονήσει,
2846 2663 3113 2733 γνωρίσας
3155 2663 3284 2732 ἡμῖν
3312 2660 3369 2714 τὸ
3407 2660 3613 2731 μυστή-

2042 2768 2155 2822 ριον
2178 2750 2270 2804 τοῦ
2298 2751 2599 2823 θελήματος
2628 2752 2815 2819 αὐτοῦ,
2846 2753 2986 2805 κατὰ
3018 2753 3115 2823 τὴν
3145 2751 3389 2805 εὐδοκίαν
3420 2749 3610 2811 αὐτοῦ,

2039 2841 2106 2911 ἣν
2134 2841 2392 2911 προέθετο
2416 2844 2473 2896 ὲν
2501 2842 2649 2913 αὐτῷ
2681 2846 2760 2907 εἰς
2782 2845 3094 2915 οἰκονομίαν
3123 2843 3217 2897 τοῦ
3249 2841 3613 2914 πληρώματος

2041 2931 2148 2983 τῶν
2185 2932 2422 3005 καιρῶν,
2470 2933 3054 3002 ἀνακεφαλαιώσασθαι
3098 2935 3167 2988 τά
3213 2934 3388 2986 πάντα
3437 2934 3495 2985 ὲν
3535 2930 3614 3001 τῷ

2042 3021 2279 3093 Χριστῷ,
2303 3023 2371 3076 τὰ
2401 3024 2458 3076 ὲν
2484 3026 2597 3086 τοῖς
2626 3024 2892 3094 οὐρανοῖς,
2922 3026 3015 3078 καλ¹
3051 3028 3118 3078 τὰ
3148 3024 3242 3076 ἐπὶ
3268 3023 3368 3092 τῆς
3400 3023 3525 3091 γῆς,
3556 3023 3614 3073 ἐν

2040 3111 2206 3181 αὐτῷ.
2246 3114 2334 3165 Ἐν
2361 3106 2404 3180 ᾧ
2439 3113 2534 3166 καὶ
2573 3114 2996 3186 ἐκληρώθημεν,
3028 3114 3441 3186 προορισθέντες
3474 3110 3615 3165 κατὰ

2044 3202 2299 3271 πρόθεσιν
2328 3204 2421 3257 τοῦ
2444 3204 2513 3257 τὰ
2538 3202 2713 3259 πάντα
2746 3205 3095 3277 ἐνεργοῦντος
3131 3207 3272 3259 κατά
3294 3204 3393 3276 τὴν
3422 3202 3616 3275 βουλὴν

2041 3290 2136 3343 τοῦ
2172 3290 2474 3361 θελήματος
2509 3295 2696 3360 αὑτοῦ,
2732 3299 2810 3358 εἰς
2831 3299 2891 3350 τὸ
2932 3295 3069 3349 εἶναι
3105 3298 3251 3365 ἡμᾶς
3286 3298 3365 3358 εἰς
3398 3295 3616 3348 ἔπαινον

2041 3381 2198 3451 δόξης
2220 3384 2385 3436 αὐτοῦ
2407 3389 2532 3448 τοὺς
2552 3384 2961 3457 προηλπικότας
2985 3387 3041 3438 ὲν
3063 3385 3140 3455 τῷ
3159 3384 3398 3454 Χριστῷ.
3427 3403 3445 3435 ι
3485 3383 3614 3436 Ἰδοὺ

2042 3475 2108 3547 δὴ
2140 3476 2300 3529 πάλιν
2330 3477 2717 3548 προωρίσμεθα
2750 3479 2846 3547 μὲν
2865 3519 2879 3542 ,
2923 3477 3060 3530 κατὰ
3088 3476 3343 3549 πρόθεσιν
3373 3475 3467 3529 τοῦ
3502 3476 3614 3527 Πα⁴

2044 3568 2170 3639 τρός
2191 3585 2205 3600 ·
2233 3569 2615 3639 πρεσϐυτέραν
2638 3569 2695 3622 δὲ
2710 3568 2860 3622 ὥσπε
2869 3588 2900 3640 ρ
2927 3571 3021 3622 καί
3036 3569 3132 3638 τὴν
3148 3569 3337 3622 ἐλπίδα
3362 3568 3457 3621 τοῦ
3477 3563 3616 3620 εἶναι

2047 3659 2524 3729 πεπλουτήκαμεν,
2577 3655 2711 3713 Θεοῦ
2750 3660 2811 3713 τὸ
2841 3660 3027 3730 χρῆμα
3060 3659 3487 3729 προεγνωκότος,
3523 3657 3616 3709 καὶ

2048 3749 2105 3801 ὲν
2138 3749 2292 3812 ἰδίαις
2323 3749 2538 3819 βουλαῖς
2568 3749 2636 3803 τά
2669 3751 2753 3819 ἐφ’
2788 3751 2921 3819 ἡμῖν
2960 3750 3200 3819 ἑπόμενα
3238 3747 3616 3817 καταγράφον-

2047 3857 2157 3904 τος.
2204 3840 2424 3911 Ἐπειδὴ
2460 3840 2566 3912 γάρ
2621 3841 2951 3909 πεφενάκικε
2993 3840 3087 3892 τὸν
3142 3840 3329 3909 Ἀδάμ,
3377 3837 3617 3897 καὶτοῖς

2047 3929 2147 4000 τῆς
2176 3930 2460 4001 ῥᾳστώνης
2488 3930 2826 4001 ἐγκλήμασιν
2844 3930 3027 3999 ένοχον
3044 3929 3319 4000 ἀπέφηνεν
3339 3929 3394 3981 ὲν
3424 3927 3617 3997 ἀρχαῖς

2048 4024 2076 4076 ὁ
2105 4023 2204 4094 τῆς
2253 4022 2527 4093 ἁμαρτίας
2561 4020 2811 4091 εὑρετὴς,
2864 4018 3332 4090 κατακομισθῆναι
3374 4034 3433 4069 τε
3477 4016 3618 4070 οὕτω

2051 4114 2246 4184 συνέϐη
2280 4114 2415 4185 πρὸς
2449 4114 2676 4169 θάνατον
2701 4154 2715 4178 ,
2772 4106 3151 4183 διαϐέϐηκεδὲ
3180 4113 3259 4174 εἰς
3291 4112 3499 4172 πάντας
3524 4110 3617 4162 ἀν-

2050 4206 2302 4277 θρώπους
2339 4209 2371 4278 ἡ
2406 4207 2552 4279 δίκη,
2585 4207 2837 4278 καθάπερ
2868 4210 2931 4260 ὲκ
2967 4206 3123 4277 ῥίζης
3154 4205 3244 4258 ἐπὶ
3273 4204 3339 4256 τά
3366 4202 3426 4267 ἐξ
3452 4203 3618 4271 αὐτῆς

2054 4299 2222 4360 ἰόντος
2253 4298 2344 4350 τοῦ
2376 4299 2599 4362 πάθους·
2646 4299 2996 4368 βεϐασίλευκε
3037 4296 3145 4367 γάρ
3181 4295 3288 4349 ἀπὸ
3328 4294 3497 4362 Ἀδὰμ
3526 4294 3618 4345 καὶ

2054 4384 2215 4454 μέχρι
2242 4385 2504 4449 Μωσέως,
2536 4387 2627 4438 καὶ
2657 4388 2748 4439 ἐπὶ
2778 4387 2902 4449 τοὺς
2942 4386 3368 4456 ἁμαρτήσαντας
3419 4383 3512 4436 ἐπὶ
3544 4379 3619 4451 τῷ

2051 4472 2355 4544 ὁμοιώματι
2377 4475 2480 4544 τῆς
2499 4475 2861 4546 παραϐάσεως
2897 4478 3066 4546 ’Λδὰμ
3110 4477 3294 4530 λοιπὸν
3311 4475 3619 4544 ἀναγκαίως

376 4547 690 4605 necessario
730 4547 990 4618 deinceps
1029 4550 1264 4619 providit
1303 4552 1419 4607 suis
1466 4556 1736 4610 creaturis
1764 4573 1940 4612 rerum

2057 4565 2352 4635 προενόησε
2395 4565 2503 4618 τῶν
2537 4567 2679 4620 ἰδίων
2716 4568 3042 4638 ,κτισμάτων
3069 4572 3096 4622 ό
3131 4569 3489 4638 Δημιουργὺς,
3528 4566 3620 4617 καί

376 4642 591 4712 Opifex,
640 4649 696 4695 et
745 4640 1043 4695 secundam
1077 4643 1480 4711 quodammodo
1529 4647 1690 4702 nobis
1742 4651 1956 4718 generis

379 4733 620 4787 radicem
666 4731 1009 4786 machinatus
1047 4740 1152 4796 est,
1190 4748 1312 4802 qua:
1347 4750 1448 4789 nos
1475 4736 1541 4790 ad
1567 4736 1851 4805 pristinam
1873 4739 1956 4792 in-

375 4822 789 4892 corruptionem
848 4823 1169 4889 reduceret,
1219 4836 1281 4880 ut
1332 4828 1795 4896 quemadmodum
1853 4847 1953 4887 nos

375 4911 555 4981 prima
587 4927 653 4966 ac
682 4920 900 4966 terrena
931 4913 1108 4984 imago
1148 4914 1418 4970 moriendi
1453 4919 1780 4973 necessitate
1815 4921 1950 4976 insi-

375 5004 569 5077 gnivit,
612 5013 668 5059 et
705 5004 959 5059 interitus
1002 5004 1214 5074 laqueis
1242 5005 1505 5062 involvit:
1542 5008 1617 5062 ita
1647 5009 1806 5065 nobis
1830 5027 1954 5065 rur-

375 5108 471 5153 sus
519 5097 819 5152 secundum
866 5106 923 5153 et
967 5103 1092 5168 post
1140 5096 1295 5153 illum
1344 5098 1695 5169 principium,
1727 5102 1833 5156 hoc
1862 5113 1948 5158 est

375 5187 661 5253 Christus,
708 5189 1119 5260 similitudoque
1161 5205 1287 5245 eum
1340 5190 1456 5261 ipso
1504 5208 1605 5261 per
1653 5193 1943 5263 spiritum,

378 5278 571 5332 mortis
615 5288 866 5349 expertes
906 5281 1151 5336 declaret
1198 5291 1292 5337 :et
1325 5283 1467 5338 sicut
1495 5299 1596 5339 nos
1616 5283 1729 5339 illic
1753 5284 1947 5339 inobe-

381 5364 583 5419 dientia
615 5368 682 5421 ad
744 5371 1072 5441 supplicium
1106 5372 1282 5436 duxit,
1345 5373 1418 5429 ita
1475 5374 1565 5429 hic
1631 5374 1947 5430 obedientia

384 5455 781 5513 benedictionis
853 5463 1092 5518 cmlestis
1165 5472 1328 5534 atque
1419 5474 1661 5535 paterna:
1726 5467 1949 5536 partici-

384 5558 480 5613 pes
503 5544 718 5599 eliiciat.
761 5566 779 5597 ι
812 5549 1007 5605 Factus
1034 5561 1120 5607 est
1147 5556 1316 5619 enim,
1375 5575 1391 5605 ι
1453 5555 1650 5626 inquit,
1686 5575 1703 5607 ι
1738 5557 1949 5627 primus

384 5632 549 5689 homo
607 5636 772 5692 Adam
825 5640 878 5693 in
940 5642 1175 5696 animam
1232 5646 1504 5703 viventem
1555 5667 1565 5698 :
1620 5649 1948 5704 novissimus

2054 4655 2211 4724 ῥίζαν
2244 4657 2373 4726 ἡμῖν
2420 4656 2608 4727 ὥσπερ
2636 4657 2730 4710 τοῦ
2760 4660 2952 4726 γένους
2990 4660 3300 4728 ἐμηχανᾶτο
3337 4657 3615 4725 δευτέραν,

2050 4745 2131 4807 εἰς
2173 4743 2483 4815 ἀφθαρσίαν
2527 4747 2674 4817 ἡμᾶς
2711 4747 2807 4818 τὴν
2852 4748 3123 4819 προτέραν
3160 4743 3615 4809 ἀναϐιϐάζουσαν,

2050 4839 2118 4892 ἵν’
2150 4837 2338 4910 ὥσπερ
2378 4842 2525 4911 ἡμᾶς
2568 4844 2599 4911 ή
2632 4842 2726 4895 τοῦ
2778 4842 2996 4913 πρώτου
3025 4858 3083 4893 τε
3119 4842 3214 4893 καὶ
3242 4839 3348 4893 ἀπὸ
3388 4839 3486 4908 τῆς
3515 4840 3619 4909 γῆς

2050 4927 2317 4998 ἐχάραξεν
2360 4929 2548 4995 είκὼν,
2597 4930 2656 4983 τὸ
2706 4930 3020 4984 ἐκτεθνάναι
3066 4932 3197 4992 δεῖν,
3248 4929 3344 4982 καὶ
3389 4932 3500 5006 τοῖς
3524 4928 3620 4997 τῆς

2049 5018 2255 5089 φθορᾶς
2283 5019 2546 5072 ὲναλῶναι
2574 5018 2788 5089 βρόχοις
2806 5036 2819 5049 ·
2844 5019 2986 5072 οῦτω
3007 5018 3169 5073 πάλιν
3194 5019 3372 5088 ήμίνή
3394 5015 3618 5085 δευτέρα

2053 5108 2147 5161 καὶ
2180 5109 2295 5178 μετ’
2325 5110 2531 5161 ἐκεῖνον
2558 5108 3001 5179 ἀρχὴ.τουτέστι,
3027 5108 3280 5179 Χριστὸς,
3308 5108 3401 5161 καὶ
3429 5108 3463 5177 ἡ
3486 5105 3618 5178 πρὸς

2052 5198 2212 5252 αὐτὸν
2240 5199 2500 5269 ὁμοίωσις
2530 5197 2617 5251 διὰ
2654 5199 2984 5270 πνεύματος,
3018 5199 3078 5252 τὸ
3125 5197 3428 5266 ἀνώλεθρον
3460 5198 3618 5265 ὲνση-

2055 5291 2289 5360 μήνηται
2315 5306 2331 5322 ’
2375 5291 2469 5343 καὶ
2506 5289 2692 5361 ὥσπερ
2721 5291 2866 5361 ἡμᾶς
2911 5292 2970 5342 ὲν
3019 5289 3211 5358 ἐκείνῳ
3276 5287 3337 5340 τὸ
3363 5286 3621 5355 δυσήκοον

2053 5383 2174 5443 ταῖς
2204 5382 2496 5452 τιμωρίαις
2521 5382 2849 5451 ὑπήνεγκεν,
2878 5380 3050 5443 οὕτως
3078 5381 3136 5432 ὲν
3163 5379 3336 5449 τούτῳ
3360 5377 3421 5429 τὸ
3453 5379 3620 5431 είκτιο

2056 5471 2148 5523 κόν
2177 5471 2355 5523 καὶτὸ
2393 5474 2472 5534 είς
2510 5471 2657 5525 ἀπαν
2698 5471 2945 5533 εὐπειθὲς
3003 5469 3249 5537 εὐλογίας
3291 5469 3388 5539 τῆς
3417 5467 3621 5522 ἀνωθεν

2057 5560 2149 5613 καὶ
2175 5559 2324 5632 παρά
2351 5562 2560 5633 Πατρὺς
2580 5564 2831 5634 ἀποφήνῃ
2861 5560 3284 5632 μετεσχηκότας.
3313 5577 3331 5610 ι
3377 5557 3620 5624 Ἐγένετο

2056 5648 2183 5717 γὰρ,
2211 5668 2228 5700 ι
2268 5650 2452 5720 φησὶν,
2481 5671 2495 5704 ι
2532 5655 2559 5705 ό
2589 5652 2800 5722 πρῶτος
2828 5652 3111 5723 ἄνθρωπος
3146 5651 3316 5722 Ἀδάμ
3337 5653 3415 5715 είς
3445 5650 3620 5723 ψυχὴν

457 5817 501 5849 ²⁵
525 5817 681 5875 Rom.
718 5837 829 5890 vm,
860 5822 1041 5879 28—50.
1117 5826 1160 5858 ²⁶
1188 5826 1345 5881 Rom.
1386 5844 1488 5895 xvi,
1520 5829 1699 5887 ‘23—‘27.
1779 5834 1821 5864 ”
1857 5833 2054 5903 Ephcs.
2096 5849 2129 5890 ι,
2162 5833 2192 5887 7
2228 5834 2310 5886 l2.
