4056 6260
428 400 528 456 9¹)”

1446 396 1965 453 GLAPHYRORUM

2109 399 2410 456 GENESIM
2447 399 2574 454 LIB.
2618 399 2659 452 I.
3597 403 3668 458 50

430 505 633 570 ζῶσαν,
662 509 692 559 6
735 505 959 576 ἔσχατος
1010 507 1180 577 ’Δδάμ
1232 509 1311 571 εἰς
1355 506 1572 578 πνεῦμα
1619 507 1934 573 ζωοποιοῦν.
1972 528 1991 560 ι

2100 512 2267 566 Adam
2297 513 2351 567 in
2400 511 2652 581 spiritum
2696 510 3060 566 viviﬁcantem
3085 511 3150 565 ⁸⁸.
3187 531 3204 563 ι
3247 512 3456 567 Rursus
3485 521 3667 568 autem

432 596 542 648 Kal
575 596 736 650 πάλιν
776 597 975 667 ἑτέρως
1005 600 1137 668 ἡμῖν
1174 598 1305 650 αὐτὸ
1339 597 1600 666 διεσάφει,
1631 598 1835 666 λέγων’
1870 618 1888 651 ι
1937 599 1996 653 '0

433 686 651 758 πρῶτος
689 686 977 758 ἄνθρωπος
1008 691 1072 742 ὲκ
1098 689 1200 757 γῆς
1223 688 1403 758 χοϊκός
1427 705 1441 719 ο
1463 691 1492 741 6
1516 688 1762 760 δεύτερος
1788 688 1998 760 ἀνθρω-

433 779 573 839 ποςό
595 777 794 848 Κύριος
823 777 883 844 ἐξ
913 778 1162 850 οὐρανοῦ.
1192 776 1318 842 Ole;
1349 781 1377 833 6
1415 780 1616 850 χοῖκδς,
1644 779 1872 833 τοιοῦτοι
1904 780 1999 831 καὶ

430 868 480 918 at
513 868 718 936 χοϊκοί·
753 871 847 922 καὶ
889 865 1001 932 οἷος
1046 872 1076 923 6
1125 871 1468 940 ἐπουράνιος,
1525 869 1754 922 τοιοῦτοι
1811 869 1906 921 καὶ
1948 869 1997 921 οἱ

430 959 758 1029 ἐπουράνιοι.
792 961 902 1012 Καὶ
942 958 1122 1022 καθὼς
1157 960 1497 1031 ἑφορέσαμεν
1536 959 1632 1030 τὴν
1681 962 1864 1013 εἰκόνα
1903 960 1997 1013 τοῦ

429 1048 636 1116 χοϊκοῦ,
665 1048 970 1120 φορέσομεν
1002 1049 1095 1102 καὶ
1123 1048 1223 1118 τὴν
1253 1050 1437 1103 είκόνα
1469 1049 1560 1102 τοῦ
1593 1051 1935 1122 ἐπουρανίου.
1974 1069 1992 1102 ι

433 1138 543 1190 Καὶ
569 1133 744 1201 αὖθιςο
771 1159 789 1192 ι
818 1140 1057 1210 Χριστὸς
1083 1142 1231 1209 ἡμᾶς
1255 1141 1584 1211 ἐξηγόρασεν
1606 1142 1669 1196 ῑκ
1700 1143 1801 1211 τῆς
1826 1143 1998 1196 κατά-

433 1245 531 1304 ρας
549 1229 641 1282 τοῦ
661 1230 848 1300 νόμου,
868 1232 1152 1301 γενόμενος
1174 1231 1482 1300 ὑπὲρὴμῶν
1497 1232 1731 1303 κατάρα.
1745 1249 1868 1283 ι-ι
1895 1233 1999 1286 Τε-

431 1322 740 1375 ταπείνωκε
771 1322 881 1393 γάρ
919 1323 1132 1387 ἑαυτὸν,
1163 1341 1181 1372 ι
1209 1322 1353 1377 καθὰ
1374 1323 1685 1394 γέγραπται
1704 1341 1718 1356 ο
1748 1323 2001 1377 καθίκετο

431 1410 487 1462 δὲ
527 1412 619 1464 καὶ
652 1412 934 1482 ἐθελοντὴς
972 1415 1029 1464 ὲν
1058 1415 1169 1476 τοῖς
1192 1412 1312 1465 καθ’
1343 1414 1547 1484 ήμᾶςὸ
1591 1414 1882 1483 μονογενὴς
1905 1413 1999 1466 τοῦ

435 1500 568 1552 Θεοῦ
591 1500 785 1568 Λόγος,
816 1502 915 1570 οὐχ
945 1501 1031 1554 ἴνα
1068 1503 1185 1570 μεθ’
1215 1502 1372 1572 ἡμῶν
1413 1501 1756 1572 βασιλεύηται
1805 1500 1880 1571 τῷ
1906 1501 1994 1553 θα·

435 1592 600 1662 νάτῳ,
643 1592 1104 1664 παραπέμποντος
1131 1592 1224 1645 τοῦ
1270 1592 1437 1664 ’Δδάμ
1466 1594 1560 1647 καὶ
1602 1594 1682 1655 είς
1716 1592 1877 1645 αὑτὸν
1902 1592 2002 1663 τὴν

434 1683 702 1753 νέκρωσιν
722 1699 735 1711 '
770 1683 954 1753 ἐπειδὴ
989 1684 1137 1735 ἐστιν
1159 1683 1321 1747 αὐτὸς
1344 1685 1372 1736 6
1388 1685 1454 1736 τά
1477 1685 1655 1738 πάντα
1688 1682 1998 1751 ζωογονῶνο

436 1772 551 1825 ἀλλ’
587 1773 674 1825 ἵνα
701 1773 760 1824 τὸ
794 1776 858 1844 τῇ
896 1773 1070 1844 φθορᾷ
1101 1773 1330 1844 κάτοχον
1375 1770 1516 1837 εἶδος
1559 1775 1866 1844 ἀποφήνας,
1901 1790 2002 1844 με·

434 1864 822 1936 ταστοιχειώσῃ
864 1865 1000 1936 πρὸς
1054 1865 1224 1934 ξωήν.
1270 1865 1538 1936 Ταῦτῃτοι
1593 1866 1785 1934 γέγονε
1842 1863 1997 1935 σάρξ.
2031 1852 2072 1906 Β

433 1952 588 2006 Οῦτω
615 1954 708 2006 καὶ
737 1957 766 2006 ὁ
793 1955 952 2022 σοφὸς
992 1955 1192 2024 γράφει
1222 1955 1460 2016 Παῦλος⁸
1501 1973 1518 2006 ι
1558 1954 1778 2023 Ἐπειδὴ
1805 1953 1910 2023 γὰρ
1933 1953 1999 2007 δι’

433 2042 720 2112 ἀνθρώπου
757 2043 1010 2106 θάνατος,
1040 2045 1134 2097 καὶ¹
1159 2045 1227 2096 δι’
1258 2043 1544 2115 ἀνθρώπου
1587 2045 1880 2108 ἀνάστασις
1917 2063 2003 2098 νε-

436 2133 607 2202 κρῶν,
628 2136 722 2186 καὶ
752 2134 940 2205 ὥσπερ
967 2137 1114 2205 ἐντῷ
1145 2135 1312 2205 Ἀδάμ
1334 2137 1531 2199 πάντες
1547 2137 1998 2207 ἀποθνήσκουσιν,

437 2224 581 2277 οῦτω
606 2225 701 2278 καὶ
734 2225 792 2278 ἐν
829 2224 905 2294 τῷ
935 2224 1155 2296 Χριστῷ
1186 2226 1385 2288 πάντες
1411 2222 1924 2297 ζωοποιηθήσονται.
1976 2245 1995 2277 ι

449 2313 680 2385 Ἀμαθὲ;
709 2316 816 2385 γάρ
839 2315 1065 2378 οἴεσθαι,
1092 2316 1300 2387 γηγενῆ
1327 2315 1425 2386 μὲν
1446 2316 1573 2369 ὄντα
1595 2318 1687 2369 καὶ
1714 2316 2000 2387 ἄνθρωπον

431 2409 521 2462 τὸν
551 2408 719 2478 Ἀδάμ
741 2409 840 2476 τῆς
872 2409 958 2459 ἐπ’
982 2406 1132 2478 αὑτῷ
1154 2407 1448 2477 γενομένης
1470 2407 1607 2477 ἀρᾶς
1629 2408 1730 2477 τὴν
1747 2407 1999 2476 δύναμιν,

432 2500 679 2570 καθάπερ
713 2499 836 2552 τινὰ
883 2498 1106 2570 κλῆρον,
1146 2499 1431 2571 διᾴττοντα
1471 2498 1736 2567 φυσικῶς,
1776 2501 1855 2563 εἰς
1881 2501 2000 2552 ὅλον

437 2590 648 2659 πέμψαι
682 2590 742 2642 τὸ
782 2588 937 2657 γένος
963 2605 976 2619 ·
1027 2588 1233 2643 ἄνωθεν
1271 2589 1328 2642 δὲ
1360 2588 1489 2642 ὄντα
1519 2590 1613 2642 καὶ⁵
1651 2589 1712 2653 ἐξ
1745 2590 1998 2659 οὐρανοῦ,

432 2683 523 2735 καὶ
550 2681 681 2734 Θεὸν
711 2680 851 2735 κατά
899 2680 1061 2751 φύσιν
1090 2680 1180 2732 τὸν
1226 2679 1591 2750 Ἐμμανουὴλ,
1629 2680 1833 2732 καὶτὸν
1867 2680 2002 2750 πρὸς

434 2774 575 2842 ἡμᾶς
606 2772 864 2842 ὁμοίωσιν
896 2771 1191 2841 ἐσχηκότα,
1236 2771 1330 2824 καὶ
1367 2769 1616 2839 δεύτερον
1659 2771 1790 2840 ἡμῖν
1834 2769 2003 2839 Ἀδάμ

436 2863 715 2931 γεγονότα,
756 2863 829 2933 μὴ
872 2863 994 2931 οὐχὶ
1028 2862 1130 2931 τῆς
1158 2861 1365 2923 οἰκείας
1393 2859 1538 2929 ζωῆς
1571 2859 1841 2922 πλουσίως
1875 2876 2002 2929 μετ⁹

441 2955 733 3024 εσχηκότας
761 2956 1036 3024 ἀποφῆναι
1061 2951 1222 3006 πάλιν
1250 2952 1376 3015 τοὺς
1402 2951 1563 3021 οἷπερ
1590 2951 1655 3004 ἂν
1678 2951 1882 3003 ἕλοιντο
1903 2951 2004 3018 τῆς

442 3045 574 3113 πρὸς
605 3045 765 3097 αὑτὸν
784 3044 1108 3114 οἰκειότητος
1133 3044 1192 3095 ὲν
1222 3042 1402 3094 πίστει
1426 3041 1764 3112 μεταλαχεῖν.
1791 3040 2005 3092 Σύσσω-

440 3151 533 3205 μοι
571 3133 670 3204 μὲν
701 3133 812 3204 γὰρ
848 3133 1149 3202 γεγόναμεν
1194 3131 1343 3202 αὐτῷ
1377 3132 1443 3184 δι’
1477 3131 1725 3198 εὐλογίας
1770 3130 1871 3199 τῆς
1906 3147 2006 3200 μυ-

2098 603 2258 658 aliter
2294 603 2398 657 hoc
2436 603 2612 671 ipsum
2650 601 2810 655 nobis
2852 603 3114 666 declarat,
3153 602 3447 672 inquiens:
3493 624 3511 656 ι
3551 605 3671 659 Pri-

2099 710 2221 748 mus
2270 695 2434 749 homo
2478 693 2545 747 de
2577 703 2720 747 terra
2759 702 3053 758 terrenus;
3087 694 3361 748 secundus
3386 693 3570 758 homo,
3599 694 3667 748 de

2099 786 2239 839 emlo
2297 786 2554 840 cmlestis.
2607 783 2795 850 Qualis
2837 794 3125 848 terrenus,
3172 786 3308 838 tales
3350 795 3405 839 et
3463 788 3667 840 terreni

2099 883 2227 929 sunt
2259 893 2271 927 :
2297 874 2473 943 qualis
2495 874 2752 936 caelestis,
2774 874 2908 926 tales
2933 881 2988 927 et
3003 874 3253 928 caelestes
3294 874 3462 943 Igitur
3480 890 3669 944 quem-

2099 966 2394 1020 admodum
2430 964 2758 1035 gestavimus
2805 965 3098 1033 imaginem
3134 965 3360 1026 terreni,
3389 974 3670 1033 portemus

2098 1061 2154 1107 et
2202 1054 2491 1123 imaginem
2538 1054 2776 1108 cmlestis
2827 1054 2893 1106 ’⁸.
2929 1072 2946 1104 ι
2998 1054 3065 1106 Et
3095 1069 3328 1107 rursus:
3371 1074 3389 1104 ι
3417 1054 3669 1109 Christus

2099 1160 2201 1199 nos
2251 1146 2480 1201 redemit
2523 1146 2591 1201 de
2648 1144 2938 1199 maledicto
2990 1145 3143 1213 legis,
3177 1143 3352 1199 factus
3378 1160 3480 1214 pro
3506 1145 3669 1199 nobis

2100 1235 2450 1289 maledictum
2473 1235 2536 1288 '°.
2569 1254 2691 1286 ι-ι
2719 1233 3036 1288 llumiliavit
3057 1234 3202 1287 enim
3233 1234 3608 1302 semetipsum,
3642 1253 3659 1283 ν

2099 1325 2244 1379 sicut
2285 1325 2549 1393 scriptum
2580 1324 2750 1387 est",
2800 1339 3006 1393 suaque
3032 1332 3226 1392 sponte
3264 1323 3318 1375 in
3359 1331 3545 1377 nostra
3570 1322 3666 1375 de—

2101 1413 2314 1467 scendit
2353 1414 2693 1483 unigenitum
2719 1414 2815 1468 Dei
2844 1414 3103 1477 Verbum,
3128 1429 3237 1467 non
3260 1423 3319 1468 ut
3345 1430 3452 1468 una
3481 1413 3667 1467 nobis—

2102 1520 2224 1559 cum
2273 1503 2465 1559 mortis
2500 1505 2789 1573 imperium
2820 1505 3048 1569 subiret,
3076 1504 3476 1559 transmittente
3505 1504 3668 1559 etiam

2102 1598 2157 1652 in
2182 1597 2359 1667 ipsum
2381 1597 2589 1651 Adamo
2618 1595 3092 1651 mortiﬁcationem
3119 1595 3410 1666 (siquidem
3446 1596 3558 1664 ipse
3585 1603 3672 1648 est

2103 1690 2286 1744 omnia
2321 1686 2659 1756 viviﬁcans);
2704 1686 2800 1741 sed
2833 1695 2893 1740 ut
2925 1686 3163 1755 speciem
3191 1685 3352 1739 morti
3379 1684 3667 1738 obnoxiam

2104 1780 2418 1843 ostendens,
2465 1779 2534 1833 ad
2579 1778 2742 1832 vitam
2779 1775 3119 1831 transferret.
3150 1776 3360 1831 Idcirco
3382 1775 3559 1829 factus
3587 1781 3671 1828 est

2102 1883 2268 1922 caro:
2299 1876 2461 1936 atque
2486 1866 2559 1919 ita
2591 1867 2806 1936 sapiens
2840 1865 3042 1920 Paulus
3079 1864 3273 1919 scribit
3304 1881 3317 1916 :
3365 1882 3382 1913 ι
3417 1861 3670 1928 Quando-

2101 1959 2324 2028 quidem
2367 1957 2514 2012 enim
2543 1972 2642 2026 per
2678 1957 2953 2012 hominem
2986 1971 3153 2019 mors,
3183 1962 3239 2009 et
3268 1970 3364 2025 per
3393 1955 3671 2009 hominem

2101 2052 2267 2116 etiam
2299 2049 2628 2104 resurrectio
2660 2063 2690 2101 a
2724 2047 2956 2101 mortuis
2985 2064 2997 2099 :
3028 2056 3084 2101 et
3103 2047 3246 2100 sicut
3274 2046 3327 2098 in
3351 2045 3520 2099 Adam
3549 2059 3670 2097 om-

2103 2155 2200 2193 nes
2237 2139 2568 2202 moriuntur,
2606 2137 2679 2190 ita
2715 2137 2881 2190 etiam
2923 2135 2979 2188 in
3015 2135 3235 2190 Christo
3269 2149 3460 2187 omnes
3491 2132 3671 2186 viviﬁ-

2103 2231 2376 2285 cabuntur
2397 2229 2458 2281 ³².
2490 2248 2507 2280 ι
2534 2227 2846 2282 Absurdum
2865 2228 3014 2281 enim
3037 2226 3138 2294 12
3162 2224 3329 2279 fuerit
3354 2224 3671 2279 existimare

2100 2338 2130 2377 e
2157 2332 2302 2376 terra
2331 2321 2551 2391 quidem
2578 2320 2802 2384 factum,
2831 2328 2994 2388 atque
3021 2317 3297 2371 hominem
3320 2315 3672 2369 exsistentem

2101 2408 2294 2476 Adam,
2332 2408 2743 2472 exsecrationis,
2771 2423 2891 2477 quae
2923 2406 3024 2476 ipsi
3046 2405 3264 2469 accidit,
3281 2405 3390 2457 vim
3414 2413 3671 2473 tanquam

2102 2498 2475 2553 luereditatem
2505 2494 2794 2565 quamdam
2816 2494 3139 2548 naturaliter
3166 2492 3221 2546 in
3250 2492 3565 2546 universum
3583 2508 3673 2562 ge-
3711 2504 3714 2508 ·

2101 2605 2206 2642 nus
2243 2588 2543 2642 humanum
2596 2584 3012 2639 transmittere:
3067 2598 3366 2653 supernum
3427 2598 3557 2636 vero
3609 2596 3672 2635 ac

2102 2680 2402 2742 cmlestem,
2441 2688 2496 2732 et
2537 2678 2704 2731 Deum
2738 2675 3039 2729 secundum
3068 2684 3319 2728 naturam
3344 2673 3670 2727 Emmanue-

2101 2772 2230 2834 lem,
2266 2779 2619 2838 nostramque
2660 2766 3074 2822 similitudinem
3109 2775 3349 2829 nactum,
3379 2780 3441 2818 ac
3474 2778 3671 2818 secun-

2102 2862 2233 2915 dum
2262 2861 2424 2915 nobis
2447 2860 2618 2914 Adam
2647 2858 2924 2921 eﬁ‘ectum,
2958 2872 3068 2911 non
3096 2857 3261 2911 etiam
3287 2853 3516 2924 perinde
3548 2853 3672 2906 vitae

2103 2967 2215 3006 sua:
2261 2952 2557 3021 participes
2592 2949 2807 3004 abunde
2834 2948 3049 3002 eﬁicere
3080 2963 3176 3000 eos
3207 2946 3301 3015 qui
3331 2943 3672 2998 familiarita-

2105 3050 2215 3096 tem
2261 3058 2386 3097 cum
2423 3042 2541 3109 ipso
2574 3042 2630 3095 in
2671 3040 2775 3093 ﬁde
2809 3038 2947 3092 inire
2974 3037 3269 3090 voluerint.
3307 3034 3671 3104 Concorporei

2104 3132 2252 3188 enim
2282 3132 2333 3186 ei
2364 3129 2491 3186 facti
2515 3145 2704 3184 sumus
2731 3145 2829 3199 per
2876 3126 3158 3199 mysticam
3210 3127 3670 3183 benedictionem.

438 3224 644 3294 στικῆς.
686 3222 972 3292 Ἡνώμεθα
995 3222 1048 3275 δὲ
1079 3223 1170 3275 καὶ
1190 3222 1312 3276 καθ’
1336 3222 1526 3293 ἓτερον
1555 3221 1773 3292 τρόπον,
1797 3223 1877 3274 ὅτι
1904 3220 2000 3290 τῆς

2105 3223 2252 3280 Uniti
2288 3230 2471 3277 autem
2517 3237 2708 3276 sumus
2751 3220 2916 3276 etiam
2959 3220 3065 3274 alio
3110 3219 3292 3283 modo,
3320 3219 3448 3288 quia
3478 3218 3672 3274 divinae

433 3312 582 3376 θείας
630 3313 796 3367 αὑτοῦ
849 3313 1064 3382 φύσεως
1111 3314 1415 3382 γεγόναμεν
1469 3311 1713 3365 κοινωνοὶ
1768 3311 1856 3365 διά
1906 3311 2000 3364 τοῦ

432 3404 761 3475 πνεύματος.
826 3403 1198 3468 Ἐναυλίζεται
1228 3405 1338 3476 γάρ
1371 3406 1491 3467 ταῖς
1527 3404 1638 3457 τῶν
1684 3403 1853 3473 ἁγίων
1900 3404 2000 3471 ψυ-

432 3498 588 3564 χαῖς,
626 3497 720 3549 καὶ
756 3496 832 3558 ώς
884 3499 913 3549 6
963 3497 1228 3568 μακάριος
1289 3495 1540 3564 Ἰωάννης
1588 3495 1751 3564 φησίν
1787 3511 1798 3524 ·
1848 3514 1866 3545 ι
1913 3495 2000 3547 Ἐν

431 3586 605 3655 τούτῳ
633 3584 977 3656 γινώσκομεν
1008 3587 1089 3639 ὅτι
1118 3588 1176 3637 ἐν
1199 3586 1332 3654 ἡμῖν
1354 3587 1519 3651 ἐστιν,
1543 3587 1606 3638 ἐκ
1635 3585 1728 3638 τοῦ
1751 3585 1999 3654 Πνεῦμα-

432 3695 523 3742 τος
554 3673 618 3733 οὗ
649 3679 848 3732 ἔδωκεν
885 3680 1040 3748 ἡμῖν.
1101 3696 1120 3729 ι
1178 3676 1388 3730 Οὐκοῦν
1418 3678 1579 3740 αὑτός
1608 3680 1754 3730 ἐστιν
1784 3678 1938 3747 ἡμῶν
1966 3678 1998 3746 ἡ

432 3766 565 3837 ζωὴ,
595 3766 759 3829 αὐτὸς
783 3767 816 3836 ἡ
839 3765 1142 3828 δικαίωσις.
1174 3765 1488 3836 Γέγραπται
1509 3765 1565 3818 δὲ
1594 3767 1786 3819 πάλιν·
1819 3785 1838 3817 ι
1878 3767 1941 3818 ’Λ
1954 3767 1997 3836 ρ’

429 3853 521 3912 οὖν
558 3857 633 3921 ὡς
648 3857 716 3910 δι’
740 3857 858 3921 ἑνὸς
882 3855 1333 3926 παραπτώματος
1362 3859 1439 3919 είς
1457 3858 1662 3918 πάντας
1682 3855 2001 3927 ἀνθρώπους

429 3949 511 4010 είς
545 3945 886 4018 κατάκριμα,
925 3946 1068 3999 οῦτω
1120 3945 1212 3998 καὶ
1247 3945 1313 3999 δι’
1361 3945 1479 4009 ἐνὸς
1517 3945 1881 4016 δικαιώματος
1923 3948 2002 4010 εἰς

431 4039 637 4103 πάντας
674 4037 995 4108 ἀνθρώπους
1021 4039 1100 4100 είς
1120 4036 1399 4090 δικαίωσιν
1419 4035 1584 4105 ζωῆς.
1620 4055 1638 4088 ι
1663 4037 1771 4090 Καὶ
1811 4037 1969 4089 πάλιν
1985 4053 1998 4067 ·

435 4149 453 4181 ι
493 4130 704 4198 Ὠσπερ
726 4130 835 4199 γὰρ
861 4128 948 4182 διὰ
979 4128 1081 4198 τῆς
1116 4127 1400 4199 παρακοῆς
1437 4128 1532 4180 τοῦ
1566 4127 1683 4190 ἑνὸς
1713 4127 2002 4198 ἀνθρώπου

427 4221 741 4291 ἁμαρτωλοὶ
782 4220 1192 4290 κατεστάθησαν
1236 4221 1285 4272 oi
1325 4217 1531 4281 πολλοὶ,
1575 4218 1718 4272 οὕτω
1768 4219 1856 4274 διά
1905 4221 2002 4290 τῆς

429 4312 682 4381 ὑπακοῆς
704 4310 799 4364 τοῦ
830 4309 948 4373 ἑνὸς
968 4309 1252 4381 ἀνθρώπου
1274 4310 1473 4364 δίκαιοι
1504 4310 2002 4381 κατασταθήσονται

425 4403 478 4454 oi
504 4399 715 4454 πολλοί.
740 4419 775 4471 γ»
807 4399 962 4452 Ἐστι
992 4400 1168 4454 τοίνυν
1190 4400 1289 4454 οὐκ
1316 4401 1657 4470 ἀσυμφανὲς,
1692 4401 1768 4464 ώς
1803 4403 1900 4454 καὶ
1944 4404 2002 4454 ὲν

427 4491 609 4562 ’Δδάμ
638 4490 718 4563 τῷ
766 4489 964 4563 πρώτῳ
989 4491 1049 4545 τὸ
1075 4493 1169 4545 ἐπὶ
1199 4492 1434 4561 Χριστὸν
1461 4493 1755 4563 μυστήριον
1782 4492 1999 4564 διεμορ·

427 4580 596 4652 φοῦτο
615 4582 757 4649 τότε,
785 4582 847 4637 οὐ
879 4582 969 4636 διά
995 4598 1059 4650 γε
1097 4580 1160 4637 τὺ
1186 4577 1303 4635 ἴσον
1337 4582 1772 4650 ἀπαραλλάκτως
1800 4584 1994 4636 ἀνατυο

423 4674 720 4746 πούμενον,
762 4673 880 4728 ἀλλ’
923 4674 1127 4745 ἑτέρως
1169 4688 1230 4725 τε
1281 4672 1403 4743 ἔχον
1436 4675 1530 4728 καὶ
1569 4676 1629 4728 ὲν
1659 4675 1998 4747 ἀντιστρόφῳ

425 4766 689 4837 σχήματι.
729 4764 788 4818 'U
817 4765 915 4836 μὲν
938 4763 1048 4833 γὰρ
1083 4758 1152 4833 ἦν
1179 4763 1322 4835 ἁρχὴ
1346 4763 1426 4835 τῷ
1457 4766 1628 4834 γένει,
1663 4765 1802 4836 πρὸς
1839 4765 2000 4820 θάνα-

424 4840 533 4919 τον,
577 4854 714 4925 πρὸς
745 4854 907 4925 ἀράν,
944 4854 1081 4924 πρὸς
1131 4854 1477 4926 κατάκρισιν·
1524 4859 1554 4910 6
1583 4857 1640 4911 δὲ
1685 4857 1824 4927 πρὸς
1890 4859 2000 4912 πᾶν

424 4940 754 5006 τούναντίον,
793 4942 874 5005 εις
912 4941 1079 5011 ζωὴν,
1123 4943 1205 5007 είς
1258 4943 1531 5012 εὐλογίαν,
1583 4947 1663 5008 εἰς
1692 4946 1994 5002 δικαίωσιν.

427 5029 534 5083 Καὶ
559 5031 589 5083 6
626 5029 728 5099 μὲν
773 5030 853 5094 είς
887 5030 1063 5100 σάρκα
1093 5029 1222 5100 μίαν
1252 5031 1462 5102 ἐδέχετο
1486 5034 1585 5105 τὴν
1619 5039 1870 5103 γυναῖκα,
1903 5038 1997 5090 καὶ⁵

426 5119 642 5174 διόλωλε
671 5121 738 5175 δι’
768 5120 939 5190 αὐτῆς
958 5135 972 5148 ·
1003 5121 1239 5191 Χριστὸς
1263 5121 1320 5175 δὲ
1340 5122 1438 5192 τὴν
1468 5125 1790 5196 Ἐκκλησίαν
1820 5127 1996 5197 ἑαυτῴ

427 5211 715 5266 συνάπτων
739 5209 829 5265 διὰ
859 5209 956 5264 τοῦ
988 5211 1319 5281 πνεύματος,
1356 5214 1612 5283 ὲκρύεταί
1640 5234 1698 5268 τε
1727 5220 1819 5271 καὶ
1861 5220 1993 5272 ἀνα-

428 5300 610 5367 σώζει,
643 5304 738 5355 καὶ
767 5302 986 5373 ἀπάτης
1031 5302 1343 5373 διαϐολικῆς
1387 5306 1642 5360 ἀποτελεῖ
1686 5310 1993 5379 κρείττονα.

427 5395 719 5469 Τοιγάρτοι
750 5398 845 5451 καὶ
877 5399 1161 5452 ἀναπείθει
1211 5399 1369 5470 βοᾷν·
1419 5419 1435 5451 ι
1487 5401 1562 5453 Οὐ
1597 5399 1704 5470 γὰρ
1737 5401 1899 5455 αὐτοῦ
1930 5401 1997 5454 τά

428 5489 673 5557 νοήματα
702 5489 1028 5560 ἀγνοοῦμεν.
1070 5508 1088 5539 ι
1121 5491 1229 5542 Καὶ
1257 5492 1285 5543 6
1317 5492 1415 5558 μὲν
1463 5491 1761 5562 προπάτωρ
1804 5492 1995 5561 ’Λδὰμη

429 5577 700 5648 ἁμαρτίας
719 5579 949 5648 ὀψώνιον
966 5583 1058 5636 καὶ
1087 5582 1453 5651 παραϐάσεως
1477 5581 1633 5650 δίκην
1664 5583 1872 5650 ἐδέχετο
1902 5583 1997 5650 τὴν

499 5691 544 5722 ’⁸
572 5695 590 5747 1
623 5694 751 5750 COr.
785 5713 872 5759 xv,
903 5698 989 5750 45.

433 5774 508 5828 tu,
533 5762 621 5818 24.

1068 5700 1110 5729 '9
1147 5697 1276 5751 ibid.
1313 5699 1492 5751 47-19.
1569 5701 1610 5730 ³ο
1644 5699 1814 5753 Calai.
1851 5717 1924 5761 Ill,
1961 5701 2043 5751 I5.

701 5767 742 5798 “
775 5767 931 5822 Rom.
965 5784 1017 5834 ν,
1058 5767 1138 5822 I8.
1221 5768 1264 5799 ³⁵
1297 5767 1427 5820 ibid.
1462 5769 1541 5823 I9.
1620 5770 1661 5799 ³⁸
1690 5771 1731 5822 ll
1754 5772 1876 5824 Cor.
1905 5787 1957 5835 ll,
1984 5770 2065 5822 II.

2104 3315 2277 3384 ipsius
2301 3322 2510 3369 naturae
2540 3313 2668 3368 facti
2699 3327 2889 3377 sumus
2923 3311 3222 3380 participes
3258 3326 3356 3379 per
3386 3309 3671 3378 Spiritum.

2102 3405 2374 3459 Inhahitat
2405 3405 2551 3458 enim
2598 3413 2911 3457 sanctorum
2959 3401 3188 3463 animas,
3227 3408 3284 3454 et
3317 3397 3672 3468 quemadmo-

2102 3498 2231 3552 dum
2261 3498 2321 3551 Β.
2369 3497 2607 3552 Joannes
2644 3495 2719 3549 ait
2749 3513 2762 3546 :
2806 3513 2823 3544 ι
2857 3494 2918 3548 In
2959 3493 3064 3546 hoc
3101 3490 3482 3562 cognoscimus
3527 3488 3673 3558 quod

2102 3590 2156 3644 in
2182 3589 2342 3644 nobis
2363 3596 2467 3652 est,
2495 3604 2563 3642 ex
2586 3586 2793 3656 Spiritu
2832 3599 2994 3654 quem
3019 3583 3169 3637 dedit
3200 3582 3359 3636 nobis
3395 3581 3458 3634 ³³.
3499 3599 3517 3630 ›
3555 3579 3674 3648 Ipse

2102 3682 2268 3752 igitur
2314 3687 2398 3735 est
2434 3688 2623 3734 nostra
2665 3679 2795 3741 vita,
2848 3677 2965 3746 ipse
3010 3673 3348 3744 justiﬁcatio.
3398 3672 3673 3740 Scriptum

2100 3781 2282 3827 autem
2316 3781 2401 3827 est
2424 3785 2640 3825 rursum
2663 3788 2674 3822 :
2711 3787 2728 3820 ι
2751 3769 2921 3838 Igitur
2936 3766 3189 3834 sicutper
3208 3764 3372 3817 unius
3392 3761 3673 3822 delictum,

2101 3863 2156 3916 in
2212 3878 2402 3916 omnes
2435 3860 2688 3915 homines
2720 3858 2777 3911 in
2801 3853 3311 3911 condemnationem
3340 3868 3354 3912 ;
3388 3850 3467 3904 sic
3498 3857 3553 3903 et
3580 3864 3674 3917 per

2100 3951 2264 4005 unius
2283 3950 2572 4020 justitiam,
2606 3947 2662 4000 in
2683 3959 2873 3997 omnes
2894 3940 3142 3995 homines
3160 3941 3213 3993 in
3232 3936 3674 4009 justiﬁeationem

2101 4041 2227 4095 vitae
2252 4041 2316 4092 ³⁸.
2347 4058 2365 4090 ι
2401 4039 2469 4093 Et
2511 4051 2730 4091 rursum
2765 4052 2779 4086 :
2816 4052 2834 4084 ι
2871 4033 3025 4087 Sicut
3046 4031 3192 4085 enim
3222 4044 3321 4100 per
3350 4027 3676 4083 inobedien-

2103 4133 2231 4186 tiam
2249 4131 2410 4186 unius
2433 4128 2673 4184 hominis
2693 4133 3009 4197 peccatores
3034 4121 3314 4179 constituti
3336 4127 3463 4175 sunt
3488 4120 3676 4179 multi:

2102 4225 2177 4279 ita
2235 4238 2334 4294 per
2396 4219 2772 4276 obedientiam
2835 4218 3002 4272 unius
3075 4215 3206 4286 justi
3272 4215 3686 4271 constituentur

2099 4315 2258 4370 multi
2282 4314 2347 4368 ³⁸.
2371 4334 2388 4364 ι
2413 4313 2633 4368 Minime
2664 4311 2829 4381 igitur
2841 4310 3260 4373 obscurumest,
3278 4308 3424 4378 quod
3441 4309 3604 4361 etiam
3623 4307 3675 4359 in

2099 4406 2278 4475 primo
2320 4403 2494 4458 Adam
2539 4401 2744 4458 Christi
2785 4400 3108 4471 mysterium
3144 4408 3273 4455 tunc
3292 4398 3677 4454 adumbratum

2031 4527 2072 4582 ο
2101 4496 2224 4561 fuit,
2247 4512 2355 4550 non
2368 4511 2464 4565 per
2477 4494 2684 4564 aequale
2707 4494 2931 4548 omnino
2962 4492 3337 4546 indifferenter
3363 4490 3674 4561 ﬁguratum,

2103 4586 2196 4642 sed
2219 4583 2583 4640 diversimode
2601 4599 2659 4637 se
2687 4583 2917 4647 habens,
2941 4590 2996 4636 et
3022 4597 3052 4636 e
3087 4597 3372 4636 converso.
3409 4581 3502 4634 Ille
3530 4578 3675 4632 enim

2102 4677 2207 4732 fuit
2245 4675 2576 4746 principium
2605 4675 2794 4745 generi
2832 4675 3072 4729 humano
3089 4673 3155 4728 ad
3174 4681 3429 4735 mortem,
3447 4670 3646 4726 maledi

2103 4768 2338 4823 ctionem
2353 4776 2409 4821 et
2432 4766 2939 4820 condemnationem
2959 4783 2970 4818 :
2990 4765 3082 4820 hic
3097 4780 3226 4819 vero
3239 4764 3306 4818 ad
3324 4762 3505 4816 omnia
3518 4760 3675 4828 plane

2104 4859 2401 4922 contraria,
2446 4857 2515 4912 ad
2542 4857 2732 4922 vitam,
2765 4857 3208 4912 benedictionem
3234 4871 3297 4909 ac
3329 4851 3674 4924 iustiﬁcatio-

2104 4965 2249 5004 nem.
2289 4949 2467 5018 Atque
2503 4948 2594 5002 ille
2636 4948 2858 5019 quidem
2898 4948 2955 5002 in
2995 4963 3158 5001 unam
3184 4959 3406 5000 carnem
3437 4940 3676 5009 suscepit

2103 5040 2410 5102 mulierem,
2431 5045 2485 5092 et
2500 5053 2599 5107 per
2616 5037 2760 5092 illam
2781 5035 3022 5092 interiit:
3053 5035 3304 5090 Christus
3329 5046 3459 5085 vero
3486 5029 3675 5083 Eccle-

2103 5132 2238 5186 siam
2285 5130 2390 5184 sibi
2424 5129 2527 5199 ipsi
2575 5130 2956 5199 conglutinans
2978 5143 3074 5195 per
3104 5125 3380 5194 spiritum,
3417 5120 3586 5172 salvat
3611 5134 3674 5172 ac

2104 5222 2317 5285 liberat,
2357 5230 2414 5275 et
2445 5220 2731 5275 diabolicis
2783 5218 3070 5272 fraudibus
3100 5212 3437 5281 superiorem
3489 5208 3668 5263 eﬂicit.

2101 5313 2310 5367 Idcirco
2344 5313 2508 5366 etiam
2541 5311 2771 5365 clamare
2805 5308 2997 5362 suadet
3028 5324 3041 5358 :
3080 5325 3096 5355 ι
3124 5304 3311 5370 Neque
3335 5299 3480 5356 enim
3505 5300 3674 5369 ipsius

2103 5401 2458 5472 cogitationes
2481 5401 2794 5469 ignoramus
2837 5395 2902 5446 ³⁸.
2942 5413 2960 5444 ι
3010 5394 3075 5448 Et
3096 5393 3303 5464 primus
3331 5391 3550 5460 quidem
3577 5406 3673 5458 pa-

2105 5508 2232 5545 rens
2277 5490 2448 5544 Adam
2495 5486 2705 5557 peccati
2757 5482 3085 5546 mercedem,
3139 5498 3204 5535 ac
3233 5479 3674 5547 transgressionis

2104 5599 2215 5636 suae
2252 5596 2466 5650 pcenam
2497 5578 2620 5631 tulit
2653 5576 2932 5630 interitum
2959 5593 2972 5639 ;
2997 5576 3215 5630 Christo
3239 5581 3416 5625 autem
3443 5571 3507 5621 ad
3545 5585 3672 5636 pec-

2159 5699 2198 5728 ³¹
2234 5698 2427 5766 Philip.
2457 5713 2512 5759 ll,
2544 5696 2575 5749 8
2674 5695 2715 5725 ³³
2755 5693 2773 5746 I
2809 5693 2934 5746 Cor.
2968 5710 3052 5757 xv,
3091 5692 3180 5753 2|,
3222 5687 3308 5740 9:2.
3392 5685 3433 5713 ³⁸
3463 5683 3480 5733 I
3511 5683 3668 5735 .loan.
