4056 6260
368 445 434 502 31
486 426 493 432 ’
1386 444 1441 500 S.
1483 443 1755 501 CYRILLI
1798 444 2266 503 ALEXANDRINI
2303 448 2621 506 ARCHIEP.
3527 452 3609 509 -ῑε

367 561 554 611 catum
593 554 809 627 justitia
857 555 1249 627 imputabatur,
1284 558 1589 612 secundum
1633 556 1945 614 Iudaeorum

2051 557 2255 629 φθοράν
2276 577 2288 591 ο
2325 560 2580 633 ἔγκλημα
2599 562 2655 618 Gl
2688 558 2757 634 ἦν
2787 564 2820 636 ἡ
2847 564 3160 635 δικαιοσύνη
3200 566 3441 638 Χριστῷ,
3469 576 3610 622 κατα

367 655 673 719 stuporem.
724 647 934 704 Idcirco
977 663 1078 719 per
1132 648 1441 717 passionem
1487 648 1681 703 mortis
1730 648 1942 702 honore

368 750 664 796 coronatur
710 750 767 796 et
815 741 1011 812 gloria,
1054 742 1213 814 juxta
1259 741 1406 797 beati
1450 741 1605 796 Pauli
1651 754 1841 795 vocem
1872 739 1937 791 ⁸⁷.

366 831 638 886 Praeterea
666 831 846 902 primo
876 831 956 886 illi
982 830 1153 885 Adam
1182 832 1297 887 sola
1323 829 1701 886 tantummodo
1733 843 1798 883 ea
1819 841 1942 898 qua:

367 924 422 977 in
471 932 615 979 terra
635 932 814 988 erant,
847 924 1093 993 subjecta
1121 931 1298 986 erant,
1326 922 1547 978 Christo
1575 935 1706 975 vero
1735 918 1939 973 omnia.

368 1012 619 1067 Flectunt
638 1013 783 1067 enim
817 1012 920 1082 ipsi
949 1027 1093 1082 genu
1125 1013 1328 1074 omnia,
1360 1010 1621 1073 coelestia,
1654 1007 1937 1064 terrestria

366 1108 531 1172 atque
562 1104 794 1169 inferna,
818 1113 877 1159 et
899 1104 1080 1160 omnis
1104 1104 1204 1175 13
1233 1104 1416 1174 lingua
1446 1100 1758 1164 conﬁtetur,
1788 1098 1934 1170 quod

366 1191 633 1252 Dominus
661 1196 819 1252 Iesus
841 1195 1094 1253 Christus
1119 1196 1175 1250 in
1197 1196 1368 1267 gloria
1390 1194 1488 1249 Dei
1509 1192 1703 1250 Patris.
1730 1190 1923 1245 Amen.

900 1402 980 1457 De
1012 1401 1145 1458 Cain
1173 1412 1222 1457 et
1256 1401 1406 1458 Αιει.

439 1488 491 1543 ί.
514 1488 767 1561 Subiecta
792 1490 1012 1560 quidem
1042 1490 1147 1547 fuit
1177 1490 1417 1546 hominis
1440 1496 1657 1552 natura,
1689 1487 1857 1541 veluti
1880 1486 1935 1539 in

2040 666 2103 718 γε
2137 649 2238 721 τὴν
2268 652 2377 707 τῶν
2422 654 2690 709 Ἰουδαίων
2742 655 3158 729 ἐμϐροντησίαν.
3203 660 3491 733 Τοιγάρτοι
3520 660 3609 714 διὰ

2038 740 2101 793 τὸ
2129 740 2360 813 πάθημα
2395 744 2488 798 τοῦ
2517 744 2750 802 θανάτου
2799 752 2933 821 τιμῇ
2962 749 3320 819 στεφανοῦται
3346 752 3440 805 καὶ
3458 751 3607 822 δόξῃ,

2040 831 2181 885 κατὰ
2204 834 2304 902 τὴν
2335 834 2430 889 τοῦ
2483 839 2754 909 μακαρίου
2784 839 2999 893 Παύλου
3036 841 3239 913 φωνήν.
3268 841 3378 895 Καὶ
3399 841 3478 913 τῷ
3512 843 3609 912 μὲν

2053 920 2226 992 Ἀδὰμ
2280 926 2418 993 μόνα
2447 944 2508 980 τε
2546 929 2641 981 καὶ
2684 929 2838 999 μόλις
2878 929 2947 984 τὰ
2975 931 3067 984 ἐπὶ
3111 932 3213 1002 γῆς
3243 931 3604 985 ὑπετάττετο·

2041 1008 2261 1082 Χριστῷ
2291 1014 2349 1067 δὲ
2382 1016 2448 1070 τὰ
2478 1018 2675 1072 πάντα.
2725 1019 2950 1090 Κάμψει
2982 1020 3091 1090 γὰρ
3144 1020 3292 1092 αὐτῷ
3335 1023 3444 1075 πᾶν
3474 1021 3607 1089 γόνυ

2039 1101 2401 1176 ἐπουρανίων,
2420 1110 2515 1161 καλ⁸
2536 1111 2814 1179 ἐπιγείων,
2829 1113 2921 1165 καὶ
2944 1112 3332 1181 καταχθονίων,
3369 1113 3463 1167 καὶ
3502 1114 3608 1166 πᾶ·-

2034 1207 2102 1244 σα
2144 1195 2365 1262 γλῶσσα
2398 1198 2820 1270 ὲξομολογεῖται,
2865 1202 2947 1258 ὅτι
2986 1202 3189 1275 Κύριος
3227 1201 3431 1276 Ἰησοῦς
3470 1206 3607 1275 Χρι-

2037 1285 2159 1351 στὸς
2185 1290 2266 1354 είς
2288 1290 2444 1359 δόξαν
2475 1293 2612 1347 Θεοῦ
2635 1295 2865 1365 Πατρός.
2904 1295 3092 1367 Ἀμήν.

2327 1403 2466 1473 Περὶ
2494 1404 2600 1460 τοῦ
2626 1407 2794 1472 Κάτν,
2822 1407 2921 1462 καὶ
2953 1408 3058 1462 τοῦ
3089 1410 3286 1464 "A681.

2102 1498 2172 1550 a'.
2223 1493 2618 1567 ’Υπενήνεκται
2662 1499 2760 1569 μὲν
2801 1500 2836 1570 ἡ
2882 1499 3168 1571 ἀνθρώπου
3220 1498 3398 1570 φύσις,
3433 1501 3511 1565 ὡς
3550 1504 3609 1556 ἐν

369 1579 638 1650 principio
663 1582 882 1652 generis
912 1582 971 1637 in
997 1581 1229 1645 Adamo,
1269 1589 1333 1636 ut
1358 1583 1522 1634 modo
1541 1578 1677 1642 dixi,
1703 1579 1860 1631 morti
1890 1586 1940 1631 et

2045 1584 2177 1656 ἁρχῇ
2206 1585 2302 1638 τοῦ
2340 1587 2530 1654 γένους
2574 1591 2633 1642 ὲν
2678 1588 2872 1659 Ἀδὰμ,
2919 1589 3174 1661 καθάπερ
3198 1589 3336 1660 ἔφην
3376 1590 3607 1661 ἀρτίως,

282 1718 285 1727 ι
369 1678 578 1739 peccato
609 1670 931 1741 :redempta
960 1679 1142 1725 autem
1190 1678 1271 1724 est
1301 1684 1413 1723 non
1444 1668 1606 1723 aliter
1641 1682 1805 1737 quam
1845 1682 1944 1737 per

2045 1673 2269 1739 θανάτῳ
2312 1675 2413 1728 καὶ
2442 1676 2729 1744 ἁμαρτὶᾳο
2772 1677 3106 1748 λελύτρωται
3147 1679 3205 1733 δὲ
3237 1680 3336 1751 οὐχ
3382 1680 3606 1752 ἑτέρως,

367 1762 547 1816 solum
574 1761 877 1818 Christum.
928 1762 1067 1817 Nam
1092 1762 1239 1818 sicut
1262 1760 1436 1832 ipsius
1475 1759 1778 1830 discipulus
1798 1760 1937 1814 scri-

370 1854 452 1909 bit
490 1871 504 1908 :
546 1872 565 1904 ι
599 1852 721 1923 Non
750 1863 835 1909 est
862 1853 1011 1937 aliud
1038 1869 1239 1909 nomen
1257 1854 1362 1910 sub
1387 1853 1525 1909 caelo
1556 1852 1742 1908 datum
1765 1852 1941 1907 homi-

369 1945 554 2011 nibus,
596 1945 654 2000 in
698 1961 808 2016 quo
845 1953 1098 2024 oporteat
1142 1960 1244 2001 nos
1286 1944 1482 2000 salvari
1506 1944 1573 1998 '9.
1604 1963 1623 1996 ι
1687 1943 1941 2013 Oportuit

371 2137 733 2187 stauratorem
788 2129 909 2186 fieri
954 2144 1147 2185 eorum
1183 2144 1306 2199 quae
1349 2136 1605 2197 corrupta
1641 2133 1827 2190 erant,
1855 2126 1940 2181 vi-

373 2220 619 2292 tiumque
657 2235 725 2276 ex
763 2228 989 2292 peccato
1026 2227 1366 2274 contractum
1414 2215 1730 2288 profligare,
1769 2215 1943 2286 quod-

370 2327 480 2380 que
507 2312 648 2367 male
680 2311 920 2366 habebat
943 2310 1184 2373 abolere,
1225 2317 1388 2378 atque
1412 2308 1482 2362 iis
1513 2308 1607 2377 qui
1626 2322 1726 2376 per
1762 2306 1940 2376 ipsum

372 2402 502 2457 facti
527 2409 706 2466 erant,
731 2401 939 2455 bonum
974 2400 1225 2454 habitum
1263 2396 1490 2468 largiter
1521 2396 1810 2465 impertiri.
1846 2395 1942 2450 Di-

373 2495 514 2549 vina
543 2494 691 2548 enim
720 2492 980 2564 potentia:
1000 2507 1065 2548 ac
1085 2491 1277 2547 virtuti
1312 2489 1635 2561 praeclarum
1669 2488 1776 2541 hoc
1807 2501 1945 2556 opus

375 2585 688 2651 tribuerim,
713 2601 839 2641 cum
868 2600 933 2640 ea
954 2600 1076 2655 quae
1105 2599 1214 2638 non
1236 2591 1367 2638 sunt
1390 2581 1459 2636 ad
1491 2596 1609 2636 esse
1634 2580 1942 2643 traducere,

376 2685 492 2732 tum
516 2690 583 2732 ea
607 2691 729 2747 quas
750 2691 782 2730 a
805 2683 956 2730 recto
998 2676 1382 2744 inculpatoque
1410 2679 1556 2727 statu
1584 2670 1942 2733 deﬂexerunt,

374 2768 444 2823 ad
470 2767 677 2822 bonum
703 2767 954 2822 habitum
981 2780 1261 2821 revocare.
1288 2769 1552 2819 Ostensus
1571 2763 1754 2833 itaque
1778 2774 1861 2817 est
1888 2762 1947 2817 in

375 2859 546 2915 Adam
570 2858 737 2931 hujus
782 2859 862 2914 rei
895 2866 1076 2930 typus.
1106 2857 1306 2913 Videas
1344 2864 1527 2911 autem
1559 2856 1736 2926 ipsum
1773 2854 1946 2908 nihilo

376 2951 555 3006 secius
581 2950 637 3006 id
664 2951 720 3004 in
741 2949 863 3006 aliis
897 2949 966 3004 ab
986 2949 1104 3019 ipso
1130 2947 1286 3002 factis
1324 2946 1748 3002 describentem.
1780 2945 1944 3001 Sum-

328 3092 339 3101 .
378 3042 563 3097 matim
592 3040 740 3096 enim
786 3040 843 3095 in
873 3038 1094 3095 Christo
1119 3037 1327 3108 colligit
1352 3037 1532 3091 omnia
1558 3052 1679 3106 quae
1708 3036 1763 3091 in
1791 3037 1946 3092 caelis

373 3143 573 3203 etqua:
610 3133 664 3187 in
699 3142 843 3188 terra
869 3133 1017 3187 Deus
1058 3139 1115 3186 et
1139 3132 1319 3186 Pater.
1349 3130 1418 3185 Et
1446 3129 1591 3199 quod
1625 3129 1692 3183 ad
1727 3144 1790 3185 ea
1824 3144 1946 3198 quae

377 3223 602 3276 minime
631 3222 918 3286 convenit,
946 3222 1158 3290 lapsum
1195 3227 1334 3283 erat,
1371 3219 1440 3273 ad
1468 3221 1707 3289 primum
1742 3228 1945 3274 statum

379 3312 627 3377 reducit;
657 3312 727 3366 iis
750 3327 872 3381 quae
904 3311 1116 3366 interea
1136 3310 1478 3373 acciderant,
1515 3310 1687 3379 ipsius
1732 3324 1796 3364 ac
1819 3309 1944 3379 qui-

2043 1763 2184 1835 πλὴν
2209 1765 2292 1818 ὅτι
2318 1765 2405 1820 διὰ
2426 1766 2586 1837 μόνου
2603 1767 2862 1838 Χριστοῦ.
2901 1769 2986 1832 Ὠς
3006 1768 3115 1841 γὰρ
3140 1771 3168 1824 ὀ
3185 1770 3348 1824 αὐτοῦ
3364 1771 3610 1843 γέγραφε

2047 1856 2312 1929 μαθητὴς,
2349 1877 2370 1911 ι
2414 1858 2529 1913 Οὐκ
2562 1857 2709 1912 ἔστιν
2729 1849 2901 1930 ὄνομα
2923 1858 3108 1932 ἕτερον
3144 1861 3248 1914 ὑπὸ
3270 1862 3359 1914 τὸν
3383 1862 3610 1934 οὐρανὸν

2042 1948 2104 2001 τὸ
2129 1948 2411 2019 δεδομένον
2431 1951 2490 2003 ὲν
2512 1948 2836 2021 ἀνθρώποις,
2868 1952 2924 2004 ὲν
2947 1942 2992 2019 ᾧ
3017 1951 3097 2004 δεῖ
3126 1951 3357 2020 σωθῆναι
3385 1953 3550 2020 ἡμᾶς.
3582 1969 3602 2003 ι

257 2066 263 2071 -
368 2038 518 2093 enim
547 2052 675 2093 eum
703 2053 804 2109 per
826 2052 992 2109 quem
1015 2036 1200 2093 omnia
1229 2043 1411 2092 ortum
1452 2042 1613 2091 nacta
1650 2041 1814 2101 sunt,
1849 2034 1938 2089 in-

2046 2036 2191 2089 Ἔδει
2213 2036 2344 2109 γὰρ,
2379 2036 2486 2090 ἔδει
2514 2037 2604 2091 τὸν
2644 2037 2709 2091 δι’
2742 2032 2803 2092 οὗ
2844 2039 2911 2091 τὰ
2960 2039 3135 2093 πάντα
3179 2038 3434 2110 παρήχθη
3474 2040 3609 2109 πρὸς

2043 2122 2297 2195 ὓπαρξιν,
2315 2126 2705 2197 ἀνακαινιστὴν
2726 2127 2977 2195 γενέσθαι
2994 2128 3102 2182 τῶν
3123 2128 3605 2199 κατεφθαρμένων,

2041 2216 2137 2268 καὶ
2166 2214 2263 2287 τὴν
2287 2219 2351 2270 ὲκ
2386 2219 2487 2287 τῆς
2511 2218 2783 2291 ἁμαρτίας
2832 2219 3114 2284 ὲξελᾶσθαι
3164 2223 3410 2291 πήρωσιν
3433 2235 3448 2250 ·
3480 2238 3610 2275 κατ-

2040 2309 2277 2378 αργῆσαι
2300 2309 2356 2362 δὲ
2382 2308 2445 2362 τὸ
2464 2310 2689 2373 λυποῦν,
2733 2312 2827 2364 καὶ
2857 2312 2917 2364 τὸ
2957 2308 3017 2365 εὖ
3061 2308 3199 2366 εἶναι
3230 2314 3390 2368 πάλιν
3411 2314 3611 2367 διανεῖ-

2044 2416 2144 2469 μαι
2165 2399 2435 2462 πλουσίως
2462 2403 2576 2464 τοῖς
2604 2401 2670 2454 δι’
2701 2401 2867 2455 αὐτοῦ
2889 2401 3156 2471 γεγονόσι.
3185 2403 3477 2474 Δυνάμεως
3502 2404 3610 2475 γὰρ

2040 2487 2142 2556 τῆς
2187 2488 2546 2558 θεοπρεποῦς,
2589 2492 2685 2544 καὶ
2721 2491 2906 2562 μέντοι
2943 2495 3038 2546 καὶ
3060 2492 3329 2560 ἐξουσίας,
3371 2494 3519 2565 δοίην
3544 2495 3612 2548 ἂν

2043 2576 2221 2646 ἔγωγε
2253 2578 2513 2651 λαμπρὰν
2552 2581 2806 2648 γενέσθαι
2839 2582 3200 2654 κατόρθωσιν,
3229 2584 3320 2637 καὶ
3342 2584 3404 2637 τὸ
3431 2586 3495 2637 ὲκ
3516 2584 3610 2638 τοῦ

2047 2670 2120 2743 μὴ
2150 2669 2302 2735 δντος
2338 2674 2419 2735 είς
2458 2671 2519 2725 τὸ
2550 2668 2685 2726 εἶναι
2718 2672 2981 2726 δύνασθαι
3016 2677 3391 2745 παρενεγκεῖν,
3423 2675 3517 2728 καὶ
3544 2676 3613 2729 τὰ

2042 2755 2137 2810 τοῦ
2161 2754 2340 2819 καλῶς
2350 2776 2411 2811 τε
2432 2759 2526 2812 καὶ
2549 2758 2843 2830 ἀλωὸήτως
2870 2760 3015 2831 ἔχειν
3034 2763 3393 2833 ἡμαρτηκότα
3426 2781 3614 2833 μονον-

2042 2849 2163 2918 ουχὶ
2190 2849 2560 2922 παλινάγρετα
2589 2851 2725 2920 πρὸς
2749 2850 2811 2904 τὸ
2851 2847 2910 2904 εὖ
2939 2849 3078 2906 εἶναι
3115 2853 3319 2907 καλεῖν.
3341 2854 3614 2908 Δέδεικται

2048 2937 2148 3008 μὲν
2183 2933 2275 2991 οὗν
2309 2939 2367 2991 ἐν
2416 2938 2590 3005 Ἀδὰμ
2629 2940 2658 2992 ὀ
2692 2940 2784 2993 ἐπὶ
2812 2939 2950 3010 τῷδε
2988 2941 3178 3017 τύπος.
3212 2942 3338 2995 Ἴδοι
3362 2943 3407 2996 δ’
3430 2943 3496 2998 ἄν
3533 2961 3616 3007 τις

2043 3029 2196 3083 οὐδὲν
2244 3023 2408 3099 ἦττον
2453 3029 2616 3083 αὐτὸν
2658 3032 2755 3085 καὶ
2799 3033 2857 3086 ὲν
2891 3035 3004 3096 τοῖς
3052 3032 3112 3098 ἐξ
3156 3032 3322 3087 αὐτοῦ
3365 3034 3614 3104 γεγονόσι

2045 3121 2411 3191 γραφόμενον.
2455 3121 2976 3190 Ἀνακεφαλαιοῦται
3004 3124 3110 3195 γὰρ
3141 3126 3198 3178 ὲν
3222 3124 3444 3196 Χριστῷ
3467 3125 3535 3178 τά
3557 3143 3614 3178 τε

2046 3214 2104 3265 ὲν
2134 3215 2246 3276 τοῖς
2277 3214 2527 3284 οὐρανοῖς
2557 3213 2652 3267 καὶ
2680 3215 2748 3269 τὰ
2772 3215 2862 3267 ἐπὶ
2884 3217 2982 3285 τῆς
3010 3216 3115 3285 γῆς
3147 3218 3175 3269 ὀ
3204 3215 3334 3279 Θεὸς
3373 3216 3468 3269 καὶ
3507 3234 3615 3269 πα-

2046 3303 2171 3372 τήρ.
2202 3304 2311 3355 Kal
2337 3303 2399 3355 τὸ
2420 3305 2503 3371 ἐφ’
2532 3303 2568 3357 ἃ
2604 3305 2679 3374 μὴ
2712 3305 2989 3375 προσῆκεν
3013 3305 3329 3374 ὀλισθῆσαν,
3358 3305 3618 3359 ἀναϐιϐά-

377 3402 501 3456 dem
524 3402 696 3457 solius
716 3401 1026 3457 interventu
1064 3400 1132 3455 de
1156 3400 1336 3454 medio
1372 3399 1621 3463 sublatis,
1645 3399 1823 3468 iisque
1851 3399 1945 3467 qui

2050 3391 2201 3455 ζεται
2222 3392 2355 3463 πρὸς
2375 3392 2436 3445 τὸ
2465 3394 2523 3444 ὲν
2556 3394 2772 3463 ἀρχαῖς,
2801 3394 2870 3446 δι’
2906 3394 3071 3448 αὐτοῦ
3106 3394 3169 3464 δὴ
3196 3384 3289 3447 καὶ
3324 3396 3482 3465 μόνου
3509 3398 3618 3450 τῶν
3702 3466 3717 3473 υ

379 3493 435 3547 in
481 3502 629 3548 terra
676 3500 807 3548 sunt
855 3492 923 3547 ad
950 3493 1249 3547 novitatem
1297 3500 1560 3547 creatura:
1609 3491 1945 3547 instauratis.

379 3583 529 3638 Nova
565 3584 713 3637 enim
742 3583 803 3637 fit
841 3596 1095 3640 creatura
1125 3585 1179 3637 in
1214 3583 1352 3653 ipso,
1374 3591 1430 3637 ει
1450 3598 1615 3639 verus
1638 3592 1722 3638 est
1747 3598 1946 3638 sermo.

381 3674 515 3730 Vide
562 3676 746 3747 itaque
782 3676 948 3730 etiam
989 3676 1046 3730 in
1080 3676 1217 3730 Abel
1261 3685 1318 3731 et
1336 3674 1471 3731 Cain
1514 3675 1717 3731 Christi
1751 3682 1952 3747 myste-

381 3767 546 3831 rium,
571 3767 827 3837 perquod
849 3767 1012 3823 etiam
1037 3766 1227 3822 salvati
1255 3781 1463 3821 sumus.
1485 3766 1759 3836 Scriptura
1784 3766 1950 3837 igitur

378 3866 466 3912 est
498 3857 552 3911 in
574 3857 769 3913 Genesi
806 3875 820 3912 :
855 3877 875 3909 ι
913 3858 1085 3913 Adam
1113 3866 1295 3912 autem
1339 3858 1592 3927 cognovit
1620 3857 1787 3912 Evam
1818 3872 1952 3912 ιιιιο-

380 3961 497 4002 rem
552 3962 728 4012 suam,
771 3957 828 4003 ει
856 3947 1175 4018 concipiens
1201 3946 1415 4018 peperit
1440 3946 1594 4011 Cain,
1651 3956 1709 4002 et
1761 3947 1945 4002 dixit:

379 4037 601 4093 Possedi
634 4040 909 4095 hominem
946 4055 1045 4109 per
1064 4040 1258 4102 Deum,
1288 4047 1345 4093 ct
1378 4038 1590 4093 addidit
1617 4053 1812 4109 parere
1838 4036 1948 4091 fra-

380 4138 520 4181 trem
572 4129 690 4198 ejus
724 4129 880 4183 Abel.
928 4128 995 4183 Et
1040 4129 1143 4184 fuit
1180 4128 1314 4184 Abel
1355 4138 1540 4198 pastor
1575 4126 1947 4193 ovium;Cain

378 4230 562 4273 autem
595 4219 971 4288 fuitagricola.
1003 4219 1072 4273 Et
1097 4219 1297 4272 factum
1329 4229 1432 4280 est,
1474 4228 1599 4287 post
1626 4220 1746 4273 dies
1784 4220 1948 4273 obtu-

379 4305 444 4361 lit
472 4305 606 4361 Cain
640 4306 708 4360 de
735 4305 1007 4361 fructibus
1050 4314 1210 4361 terrae
1246 4305 1575 4360 sacriﬁcium
1604 4305 1863 4370 Domino,
1894 4315 1952 4361 et

379 4394 515 4449 Abel
547 4394 748 4469 obtulit
778 4404 835 4449 ct
867 4395 982 4465 ipse
1014 4394 1082 4450 de
1098 4395 1474 4465 primogenitis
1495 4395 1678 4450 ovium
1704 4411 1948 4460 suarum,

378 4493 436 4538 et
467 4483 535 4537 de
567 4482 820 4553 adipibus
847 4498 1055 4538 earum.
1086 4483 1156 4539 Et
1188 4484 1426 4553 respexit
1459 4484 1604 4539 Deus
1634 4484 1702 4539 ad
1731 4483 1865 4539 Abel
1896 4494 1954 4540 et

377 4574 448 4629 ad
476 4589 703 4629 munera
744 4574 909 4646 ejus':
937 4575 1005 4630 ad
1061 4573 1197 4631 Cain
1239 4584 1421 4631 autem
1463 4583 1519 4630 et
1569 4575 1635 4629 ad
1682 4574 1950 4632 sacrificia

376 4666 500 4737 ejus
535 4680 647 4719 non
680 4664 933 4721 attendit.
1000 4665 1069 4720 Et
1110 4664 1443 4721 tristificavit
1498 4664 1631 4720 Cain
1679 4666 1857 4730 valde,
1891 4674 1946 4721 et

377 4754 618 4810 concidit
639 4755 823 4809 vultus
872 4754 1008 4824 ejus.
1057 4754 1161 4826 ιι
1206 4753 1275 4809 Ει
1320 4753 1459 4809 dixit
1495 4753 1760 4809 Dominus
1802 4755 1947 4809 Deus

377 4844 512 4899 Cain
549 4844 787 4912 :,Quare
840 4844 1014 4901 tristis
1060 4844 1236 4901 factus
1283 4859 1363 4908 es,
1404 4851 1461 4898 ct
1501 4860 1670 4914 quare
1711 4844 1951 4900 concidit

377 4936 543 4992 facies
562 4936 697 4993 tua?
744 4936 937 4992 Nonne
994 4936 1038 4991 si
1073 4943 1221 4991 recte
1271 4936 1557 4999 obtuleris,
1589 4944 1737 4992 recte
1768 4945 1950 4992 autem

379 5043 487 5082 non
520 5027 794 5092 diviseris,
817 5027 1091 5098 peccasti?
1118 5025 1369 5094 Quiesce,
1391 5035 1448 5081 et
1478 5026 1545 5081 ad
1575 5034 1629 5083 te
1663 5028 1952 5105 conversio

375 5121 515 5188 ejus,
551 5128 607 5174 et
641 5126 697 5173 tu
731 5118 903 5188 ipsius
930 5117 1305 5173 dominaberis
1326 5117 1391 5171 ⁸ο.
1433 5135 1452 5170 ι
1489 5116 1559 5172 Ει
1577 5118 1740 5187 paulo
1775 5128 1898 5189 post
1934 5137 1946 5172 :

382 5228 405 5259 ί
440 5209 509 5264 Et
554 5210 691 5265 dixit
721 5209 855 5267 Cain
903 5208 971 5265 ad
1015 5208 1151 5265 Abel
1183 5208 1407 5263 fratrem
1445 5223 1604 5263 suum
1644 5226 1656 5262 :
1692 5209 1949 5279 Egredia—

381 5318 504 5357 mur
542 5305 599 5358 in
637 5320 847 5375 agrum.
896 5305 966 5361 Et
988 5304 1190 5359 factum
1216 5311 1320 5369 est,
1349 5317 1475 5358 cum
1504 5313 1686 5358 essent
1707 5303 1763 5358 in
1784 5319 1944 5374 agro,

380 5395 619 5449 surrexit
649 5396 779 5451 Cain
806 5398 862 5452 in
906 5398 1042 5454 Abel
1080 5397 1305 5452 fratrem
1358 5410 1549 5461 suum,
1581 5405 1637 5451 et
1676 5395 1950 5452 interfecit

379 5500 526 5539 rum.
554 5485 624 5540 Et
660 5485 738 5541 ait
777 5487 1043 5544 Dominus
1075 5489 1144 5543 ad
1169 5488 1341 5544 Cain:
1365 5487 1470 5544 Ubi
1502 5495 1586 5544 est
1614 5487 1750 5544 Abel
1780 5488 1951 5544 frater

381 5575 547 5630 tuus?
594 5575 662 5630 Et
682 5575 856 5630 dixit:
891 5577 1012 5631 Non
1047 5578 1160 5632 scio
1196 5594 1209 5631 :
1243 5579 1488 5649 nunquid
1532 5588 1716 5635 custos
1768 5579 1952 5636 fratris

382 5667 488 5722 mei
518 5680 638 5722 sum
680 5666 832 5737 ego?
880 5667 949 5723 Et
980 5666 1117 5722 dixit
1170 5667 1314 5723 Deus
1348 5687 1361 5723 :
1391 5668 1532 5735 Quid
1574 5670 1749 5727 fecisti
1801 5672 1954 5726 hoc?

2054 3480 2255 3551 μεταξὺ
2302 3480 2884 3551 παρεισὸεὸληκότων,
2930 3484 3225 3554 οἰχομένων
3258 3485 3357 3557 ἥδη
3394 3485 3528 3556 πρδς
3558 3485 3619 3539 τδ

2053 3572 2244 3641 μηδὲν,
2270 3572 2364 3626 καὶ
2384 3573 2464 3633 είς
2488 3573 2785 3644 καινότητα
2814 3574 3044 3638 κτίσεως
3065 3576 3621 3646 ἀναστοιχειουμένων

2048 3663 2156 3715 τῶν
2202 3664 2294 3716 ἐπὶ
2324 3664 2425 3732 τῆς
2473 3664 2596 3733 γῆς.
2643 3666 2823 3736 Καινὴ
2855 3665 2964 3735 γὰρ
3005 3667 3184 3730 κτίσις
3215 3669 3271 3720 ὲν
3312 3668 3481 3737 αὐτῷ,
3523 3668 3620 3721 καὶ

2048 3753 2251 3824 ἀληθὴς
2280 3754 2308 3805 ὀ
2334 3752 2510 3819 λόγος.
2546 3755 2735 3823 Ἀθρει
2761 3756 2824 3826 δὴ
2854 3752 2966 3819 οὖν,
2994 3756 3149 3827 ἄθρει
3173 3758 3264 3810 καὶ
3290 3759 3347 3809 ὲν
3379 3757 3542 3810 ’Δϐελ
3559 3775 3619 3811 τε

2049 3843 2143 3896 καὶ
2180 3843 2337 3907 Κάῖν,
2372 3843 2431 3897 τὸ
2466 3843 2701 3913 Χριστοῦ
2746 3847 3065 3918 μυστήριον,
3120 3847 3186 3899 δι’
3231 3842 3291 3902 οὗ
3324 3850 3416 3901 καὶ
3452 3848 3622 3901 σεσώ-

2050 3937 2244 4006 σμεθα.
2271 3936 2584 4008 Γέγραπται
2610 3938 2787 3991 τοίνυν
2828 3939 2884 3990 ὲν
2906 3941 2968 4008 τῇ
3012 3938 3225 3992 Γενέσει
3251 3956 3264 3970 ·
3309 3959 3328 3991 ι
3371 3940 3540 4010 Ἀδὰμ
3564 3940 3622 3993 δὲ

2002 4037 2017 4051 ‘
2049 4026 2190 4094 ἔγνω
2219 4026 2366 4082 Εὕαν
2392 4027 2490 4099 τὴν
2506 4031 2741 4097 γυναῖκα
2768 4029 2955 4092 αὑτοῦ,
2985 4031 3078 4083 καὶ
3105 4031 3439 4085 συλλαϐοῦσα
3470 4031 3622 4085 ἔτεκε

2047 4117 2138 4168 τὸν
2165 4117 2325 4182 Κάῖν,
2363 4119 2457 4172 καὶ
2480 4114 2635 4173 εἶπεν
2659 4137 2673 4151 ο
2709 4118 3059 4191 Ἐκτησάμην
3086 4121 3370 4193 ἄνθρωπον
3412 4124 3500 4176 διὰ
3527 4123 3622 4177 τοῦ

2049 4208 2207 4272 Θεοῦ,
2243 4210 2339 4263 καὶ
2379 4210 2677 4280 προσέθετο
2705 4215 2885 4264 τεκεῖν
2922 4213 3014 4267 τὸν
3064 4212 3291 4282 ἀδελφὸν
3335 4214 3498 4268 αὑτοῦ
3530 4216 3623 4267 τὸν

2054 4300 2239 4353 "A631.
2273 4302 2382 4354 Kal
2409 4302 2625 4369 ἐγένετο
2649 4301 2815 4356 Ἀὅελ
2838 4302 3040 4374 ποιμὴν
3067 4304 3372 4374 προϐάτων.
3404 4306 3543 4358 Κάῖν
3566 4306 3623 4358 δὲ

2048 4387 2117 4460 ἦν
2150 4390 2519 4462 ἐργαζόμενος
2559 4392 2657 4463 τὴν
2687 4397 2810 4465 γῆν.
2841 4395 2950 4447 Kal
2977 4396 3192 4463 ἐγένετο
3233 4395 3352 4466 μεθ’
3388 4398 3622 4468 ἡμέρας,

2051 4484 2250 4552 ἤνεγκε
2297 4482 2437 4536 Κάῖν
2482 4483 2591 4536 ἀπὸ
2620 4484 2730 4536 τῶν
2772 4486 2998 4557 καρπῶν
3031 4488 3131 4555 τῆς
3176 4487 3281 4557 γῆς
3314 4487 3504 4542 θυσίαν
3547 4488 3627 4558 τῷ

2051 4573 2260 4644 Κυρίῳ,
2297 4574 2391 4627 καὶ
2423 4574 2589 4627 ’Λόελ
2611 4576 2809 4645 ἤνεγκε
2836 4577 2930 4631 καὶ
2957 4577 3117 4640 αὐτὸς
3144 4578 3251 4630 ἀπὸ
3282 4578 3389 4629 τῶν
3416 4595 3620 4647 πρωτο-

2052 4663 2224 4716 τόκων
2256 4663 2366 4718 τῶν
2411 4666 2697 4735 προϐάτων
2730 4665 2915 4730 αὑτοῦ,
2950 4667 3044 4719 καὶ
3079 4667 3186 4719 ἀπὸ
3229 4668 3337 4719 τῶν
3386 4667 3626 4719 στεάτων

1979 4723 2021 4778 D
2050 4754 2247 4807 αὐτῶν.
2288 4755 2395 4808 Kal
2433 4723 2642 4808 ὲιπεῖόεν
2668 4758 2696 4809 ό
2727 4757 2858 4820 Θεὸς
2884 4723 2979 4810 επὶ
3015 4756 3202 4819 Ἅϐελ,
3242 4758 3336 4810 καὶ
3384 4759 3477 4811 ἐπὶ
3513 4761 3628 4823 τοῖς

2048 4845 2240 4917 δώροις
2274 4846 2468 4899 αὑτοῦ·
2504 4847 2597 4899 ἐπὶ
2628 4847 2683 4900 δὲ
2712 4848 2849 4900 Κάίν
2888 4865 2980 4901 και
3014 4849 3108 4901 ἐπὶ
3138 4850 3255 4911 ταῖς
3287 4847 3496 4912 θυσίαις
3528 4849 3627 4902 αὑ-

2049 4933 2144 4987 τοῦ
2167 4935 2229 4987 οὐ
2262 4934 2551 5005 προσέσχε.
2588 4937 2698 4988 Kal
2743 4935 2985 5005 ἐλύπησε
3028 4937 3119 4991 τὸν
3168 4938 3309 4991 Κάῖν
3345 4939 3483 5002 λίαν,
3529 4938 3626 4993 καὶ

2053 5025 2315 5078 συνέπεσε
2347 5026 2408 5079 τὸ
2454 5027 2745 5096 πρόσωπον
2794 5027 2981 5081 αὑτοῦ.
3032 5029 3143 5083 Kal
3195 5027 3315 5082 εἶπε
3351 5029 3554 5101 Κύριος
3596 5031 3625 5084 ὀ

2051 5114 2184 5177 Θεὸς
2207 5114 2284 5184 τῷ
2312 5116 2471 5170 Κόιῖνο
2528 5116 2689 5170 Ἰνατί
2735 5117 3032 5189 περίλυπος
3082 5117 3294 5188 ἐγένου,
3341 5121 3436 5175 καὶ
3483 5121 3626 5175 ἱνατί

2055 5207 2316 5261 συνέπεσε
2369 5208 2428 5261 τὸ
2463 5208 2752 5279 πρόσωπόν
2783 5225 2914 5277 σου;
2960 5211 3075 5264 Οὐκ
3108 5211 3204 5265 ἐὰν
3244 5213 3421 5283 ὀρθῶς
3462 5229 3625 5290 προσ-

2054 5300 2303 5371 ενέγκῃς,
2336 5298 2511 5371 ὀρθῶς
2551 5300 2609 5353 δὲ
2657 5300 2731 5370 μὴ
2777 5300 2977 5373 διέλῃς.
3008 5304 3288 5374 ἥμαρτες
3331 5306 3619 5375 ἡσύχασον,

2048 5392 2182 5471 πρὸς
2198 5391 2304 5461 σὲή
2330 5392 2630 5463 ἐπιστροφὴ
2655 5393 2838 5459 αὑτοῦ,
2866 5394 2957 5447 καὶ
2978 5393 3040 5446 σὺ
3068 5393 3252 5464 ἄρξεις
3278 5395 3461 5451 αὐτοῦ.
3478 5416 3496 5448 ι
3514 5394 3622 5449 Kal

2053 5486 2166 5556 μετ’
2181 5486 2356 5554 ὀλίγα·
2377 5505 2395 5539 ι
2422 5487 2529 5541 Kal
2556 5483 2677 5541 εἷπε
2697 5488 2837 5543 Κάἳν
2852 5490 2986 5560 πρὸς
3002 5490 3167 5544 Ἀσελ
3185 5490 3276 5545 τὸν
3292 5491 3514 5561 ἀδελφὸν
3531 5492 3622 5543 ab-

2048 5581 2164 5634 τοῦ·
2184 5580 2485 5651 Διέλθωμεν
2497 5582 2558 5653 δὴ
2578 5584 2656 5645 εἰς
2668 5581 2726 5635 τὸ
2740 5582 2937 5637 πεδίον.
2953 5585 3060 5638 Kal
3084 5585 3298 5652 ἐγένετο
3311 5588 3366 5638 ἐν
3390 5584 3466 5652 τῷ
3484 5581 3619 5637 εἶναι

2052 5673 2247 5735 αὐτοὺς
2270 5674 2326 5724 ὲν
2358 5672 2434 5741 τῷ
2472 5673 2659 5745 πεδίῳ,
2697 5675 2788 5728 καὶ
2820 5675 3019 5746 ἀνέστη
3048 5676 3188 5731 Κάῖν
3214 5677 3305 5730 ἐπὶ
3334 5676 3497 5730 Ἅϐελ
3529 5674 3620 5728 τὸν

453 5783 492 5814 θ’
521 5781 719 5852 mann.
752 5798 810 5851 ιι,
837 5781 889 5839 9.
972 5781 1195 5851 "ibid,
1226 5782 1309 5849 l0,
1346 5785 1430 5839 ιι.
1475 5784 1516 5816 ³ο
1556 5787 1673 5842 Act.
1715 5805 1785 5856 ιν,
1817 5789 1900 5842 ιε.

2052 5787 2186 5844 Gen.
2224 5804 2292 5853 iv,
2330 5788 2438 5843 l-7.
