4056 6260
399 366 470 421 35
1411 357 1936 414 GLAPHYRORUM
1973 356 2040 414 IN
2075 356 2379 415 GENESIM
2415 360 2550 416 LIB.
2590 362 2631 416 l.
3584 370 3653 424 δι

397 474 624 544 ἀδελφδν
650 472 840 537 αὑτοῦ,
876 474 968 526 καὶ
995 471 1314 526 ἀπέκτεινεν
1341 471 1524 526 αὐτόν.
1572 471 1680 525 Καὶ
1711 467 1833 525 εἷπε
1865 470 1969 525 Κύ-

2085 472 2198 526 Vox
2229 473 2514 543 sanguinis
2544 473 2728 530 fratris
2750 477 2828 530 tui
2848 476 3045 533 clamat
3063 477 3130 533 ad
3163 491 3248 532 me
3270 477 3339 532 dc
3378 486 3544 532 terra.
3586 478 3653 535 Et

400 583 516 637 ριος
539 567 570 618 6
607 565 740 628 Θεὸς
778 563 918 635 πρὸς
963 566 1136 618 Κάῐψ
1173 561 1283 616 Ποῦ
1314 561 1461 615 ἐστιν
1504 562 1670 614 Ἅϐελ
1696 562 1726 612 6
1750 561 1969 630 ἀδελφός

2084 576 2233 616 nunc
2271 562 2598 617 maledictus
2631 570 2689 617 tu
2732 578 2764 617 a
2797 573 2964 631 terra,
3014 581 3136 636 quae
3162 565 3376 634 aperuit
3403 580 3465 618 os
3491 579 3654 619 suum

401 673 527 722 sou;
555 657 615 710 '0
639 655 697 709 δὲ
722 649 894 708 εἶπεν·
919 655 994 708 Ού
1021 652 1275 721 γινώσκω
1294 670 1308 684 ·
1334 652 1410 722 μὴ
1433 651 1608 721 φύλαξ
1627 651 1721 706 τοῦ
1745 650 1969 720 ἀδελφοῦ

2082 651 2150 705 ad
2181 652 2592 722 suscipiendum
2618 656 2941 725 sanguinem
2974 656 3160 712 fratris
3182 658 3261 711 tui
3283 673 3312 711 a
3353 672 3514 711 manu
3537 667 3650 711 tua.

405 745 506 817 μού
536 746 650 815 εῖμι
674 743 784 813 ἐγώ
808 760 823 808 ;
853 743 965 795 Kal.
994 739 1146 795 εἶπεν
1169 741 1368 804 δΘεός’
1402 740 1468 793 Τί
1491 741 1789 811 ἐποίησας;
1817 740 1969 811 Φωνὴ

2080 740 2348 808 Quoniam
2366 745 2686 814 operaberis
2709 754 2934 813 terram,
2969 756 3026 803 et
3056 765 3167 804 non
3200 749 3364 804 addet
3390 750 3653 803 virtutem

402 836 627 907 αἵματος
658 833 751 887 τοῦ
784 833 1012 902 ἀδελφοῦ
1058 849 1151 886 σου
1199 832 1296 902 βοᾷ
1327 830 1462 902 πρός
1503 847 1569 900 με
1611 833 1676 884 ὲκ
1716 830 1817 900 τῆς
1845 830 1969 900 γῆς.

2079 848 2234 888 suam
2255 835 2384 889 dare
2416 835 2551 900 tibi,
2583 837 2866 906 suspirans
2883 847 2939 893 et
2957 847 3196 894 tremens
3220 838 3331 893 eris
3362 853 3526 908 super
3539 846 3654 891 ter-

400 927 510 981 Kai.
539 925 633 979 νῦν
667 925 1075 995 ὲπικατάρατος
1113 923 1179 976 σὺ
1209 924 1303 975 ἐπὶ
1336 925 1436 991 τῆς
1472 923 1595 992 γῆς.
1643 922 1679 992 ἢ
1721 921 1878 990 εχανε
1912 922 1969 975 τὸ

2079 938 2217 977 ram.
2250 923 2319 978 Et
2355 923 2497 979 dixit
2540 925 2675 981 Cain
2723 927 2790 980 ad
2829 928 3156 983 Dominum:
3199 930 3369 1001 Maius
3394 929 3654 985 delictum

402 1019 574 1090 στόμα
601 1017 769 1088 αὐτῆς
793 1015 1053 1080 δέξασθαι
1084 1013 1145 1066 τὺ
1187 1007 1330 1084 αἷμα
1377 1010 1471 1064 τοῦ
1509 1010 1740 1078 ἀδελφοῦ
1780 1027 1876 1064 σου
1914 1013 1969 1065 ἐκ

2084 1030 2267 1069 meum
2293 1032 2457 1086 quam
2494 1027 2555 1072 ut
2594 1020 2909 1073 remittatur
2943 1021 3097 1074 mihi.
3135 1021 3202 1076 Et
3241 1023 3286 1076 si
3323 1023 3513 1093 ejicias
3563 1034 3656 1078 me

400 1110 498 1181 τῆς
526 1107 705 1181 χειρός
736 1123 852 1161 σου.
877 1104 1004 1160 Ὀτι
1028 1106 1168 1175 έργᾷ
1191 1103 1290 1174 τὴν
1309 1103 1438 1172 γῆν,
1462 1103 1557 1156 καὶ
1587 1103 1648 1154 οὐ
1677 1101 1969 1172 προσθήσει

2076 1106 2241 1162 hodie
2273 1122 2304 1162 a
2334 1109 2470 1164 facie
2511 1118 2693 1177 terrae,
2723 1121 2779 1166 et
2799 1127 2829 1166 a
2860 1111 2998 1167 facie
3023 1119 3114 1167 tua
3144 1113 3469 1178 abscondar,
3491 1122 3547 1168 et
3560 1128 3657 1167 ero

400 1201 500 1271 τὴν
527 1201 680 1270 ἰσχὺν
703 1197 875 1267 αὐτῆς
906 1195 1092 1251 δοῦναί
1123 1211 1203 1247 σοι
1227 1209 1240 1223 ·
1278 1193 1481 1246 στένων
1511 1194 1605 1244 καὶ
1632 1193 1852 1263 τρέμων
1877 1192 1973 1262 ἔσῃ

404 1292 496 1344 ἐπὶ
525 1290 624 1360 τῆς
655 1290 781 1360 γῆς.
813 1289 920 1340 Kai
953 1284 1073 1339 εἷπε
1100 1285 1241 1338 Κάῖν
1265 1283 1402 1354 πρὸς
1434 1281 1656 1352 Κύριον·
1688 1277 1902 1346 Μείξων
1935 1285 1968 1352 ἡ

402 1382 548 1435 αἰτία
582 1398 684 1451 μου
709 1379 804 1432 τοῦ
831 1375 1098 1446 ἀφεθῆναί
1133 1391 1221 1445 με.
1257 1373 1369 1426 Καὶ
1396 1374 1444 1424 ει
1484 1372 1730 1437 ἐκϐαλεῖς
1770 1388 1836 1442 με
1877 1373 1972 1440 σή-

403 1488 567 1544 μερον
587 1471 696 1525 ἀπὺ
722 1468 1013 1541 προσώπου
1044 1468 1141 1536 τῆς
1156 1466 1282 1534 γῆς,
1307 1465 1403 1517 καὶ
1433 1463 1541 1517 ἀπὸ
1564 1463 1657 1515 τοῦ
1681 1460 1971 1533 προσώπου

401 1582 494 1618 σου
525 1564 891 1637 κρυϐήσομαι,
929 1560 1025 1613 καὶ
1060 1560 1252 1628 ἔσομαι
1288 1557 1488 1609 στένων
1518 1555 1609 1608 καὶ
1640 1555 1856 1625 τρέμων
1880 1553 1973 1606 ἐπὶ

402 1654 496 1724 τῆς
522 1654 648 1723 γῆς,
685 1653 780 1704 καὶ
826 1650 999 1711 ἔσται,
1047 1648 1155 1708 πᾶς
1184 1649 1212 1699 6
1257 1645 1528 1715 εὑρίσκων
1579 1659 1645 1711 με
1683 1644 1974 1694 ἀποκτενεῖ

2076 1209 2302 1264 gemens
2339 1205 2395 1252 et
2444 1207 2688 1256 tremens
2735 1217 2901 1271 super
2927 1211 3131 1255 terram
3166 1219 3179 1255 :
3228 1211 3284 1256 et
3311 1205 3436 1267 erit,
3476 1201 3656 1258 omnis

2079 1285 2368 1343 inveniens
2401 1305 2487 1344 me
2499 1292 2713 1346 occidet
2737 1308 2843 1347 me.
2867 1293 2935 1347 Et
2959 1293 3096 1346 dixit
3117 1293 3167 1348 ei
3190 1294 3454 1348 Dominus
3478 1295 3652 1348 Deus:

2076 1375 2196 1431 Non
2235 1379 2334 1442 sic,
2353 1381 2533 1434 omnis
2551 1383 2643 1451 qui
2662 1383 2925 1438 occiderit
2953 1383 3108 1448 Cain,
3143 1394 3350 1453 septem
3385 1384 3657 1438 vindictas

2076 1468 2338 1522 exsolvet.
2366 1470 2432 1523 Et
2455 1473 2639 1541 posuit
2668 1473 2930 1527 Dominus
2961 1475 3106 1528 Deus
3133 1475 3348 1545 signum
3379 1474 3545 1539 Cain,
3597 1483 3656 1528 ut

2077 1572 2187 1611 non
2219 1559 2553 1616 interficeret
2591 1578 2719 1617 eum
2753 1566 2933 1619 omnis
2953 1566 3046 1634 qui
3078 1564 3374 1619 invenisset
3393 1580 3539 1620 eum.
3588 1565 3656 1621 Et

2077 1662 2331 1717 egressus
2358 1659 2442 1704 est
2471 1651 2604 1706 Cain
2628 1668 2656 1707 a
2695 1652 2831 1707 facie
2871 1654 2967 1708 Dei
2989 1655 3053 1708 “.
3096 1673 3114 1705 ι

404 1762 491 1816 με.
531 1745 644 1797 Καὶ
686 1738 837 1794 εἷπεν
878 1737 1027 1807 αὗτῷ
1076 1736 1279 1806 Κύριος
1321 1738 1350 1787 ὁ
1383 1735 1544 1797 Θεός’
1577 1733 1690 1802 Οὐχ
1744 1731 1947 1794 οὕτως’
1994 1736 2102 1799 πᾶς
2156 1738 2185 1788 6
2253 1740 2578 1805 ἀποκτείνας
2638 1745 2794 1806 Κάῖν,
2832 1746 2971 1798 έπτά
3009 1743 3368 1813 ὲκδικούμενα
3409 1742 3655 1814 παραλύτ

402 1850 507 1887 σει.
539 1833 647 1886 Καὶ
679 1830 828 1883 ἔθετο
858 1828 1058 1901 Κύριος
1081 1829 1109 1880 6
1139 1826 1273 1889 Θεὸς
1303 1826 1530 1895 σημεῖον
1562 1822 1641 1893 τῷ
1678 1822 1840 1888 Κάῖν,
1872 1821 1968 1876 τοῦ
2008 1825 2082 1896 μὴ
2112 1828 2320 1885 ἀνελεῖν
2333 1831 2496 1887 αὐτὸν
2546 1833 2722 1888 πάντα
2769 1836 2862 1890 τὸν
2881 1836 3204 1907 εὑρίσκοντα
3223 1835 3406 1890 αὐτόν.
3433 1834 3653 1906 Ἑξῆλθσ

396 1926 458 1978 δὴ
486 1924 627 1977 Κάῖν
662 1920 771 1974 ἀπὸ
799 1919 1094 1992 προσώπου
1124 1917 1214 1970 τοῦ
1247 1915 1406 1969 Θεοῦ.
1440 1933 1458 1966 ι

472 2085 535 2155 β’.
575 2084 717 2138 Κάῖν
781 2082 878 2152 μὲν
900 2081 1080 2134 τοίνυν
1125 2080 1221 2132 καὶ
1249 2080 1430 2149 μέντοι
1459 2080 1553 2132 καὶ
1586 2078 1769 2144 Ἀϐελ,
1806 2079 1969 2148 ἄμφω

2150 2089 2205 2143 2.
2239 2089 2373 2145 Cain
2395 2089 2578 2160 itaque
2608 2099 2662 2144 et
2681 2090 2814 2145 Abel
2849 2090 3010 2144 ambo
3031 2088 3143 2143 nati
3182 2095 3312 2144 sunt
3361 2103 3428 2143 ex
3458 2088 3652 2152 Adam,

403 2176 503 2242 μὶν
549 2173 841 2243 ἐγενέσθην
889 2172 949 2236 ἐξ
1008 2170 1197 2242 Ἀδὰμ,
1253 2170 1456 2233 κλῶνες
1500 2169 1555 2221 δὲ
1599 2165 1974 2240 ἦσαν-ὥσπερ

287 2278 296 2283 '
400 2265 662 2336 τρυφεροί
676 2282 737 2317 τε
752 2264 846 2318 καὶ
872 2263 1132 2325 εὐανθεῖς,
1181 2259 1339 2332 ῥίζης
1365 2261 1672 2330 ἀνίσχοντες
1699 2261 1756 2312 ὲν
1781 2260 1975 2330 ἀρχαῖς

401 2373 462 2409 τε
508 2356 602 2408 καὶ
645 2352 887 2425 πρώτης·
923 2354 1020 2406 καὶ
1049 2353 1137 2404 ἐπ’
1181 2353 1365 2415 αὐτοῖς
1408 2353 1441 2421 ἡ
1480 2351 1767 2422 ἀνθρώπου
1816 2351 1976 2419 φύσις

399 2445 631 2515 ἐμελέτα
657 2444 718 2497 τὺ
750 2443 1111 2513 καρπογόνον,
1144 2442 1236 2495 κα)⁵
1265 2442 1327 2495 τὸ
1348 2441 1675 2505 αὐξάνεσθαι
1709 2442 1804 2494 καὶ
1843 2441 1977 2511 πλη·

397 2535 651 2590 θύνεσθαι
696 2535 848 2605 μόλις
891 2529 961 2602 ἦν
1003 2535 1062 2586 έν
1091 2535 1233 2604 ἀρχῇ
1273 2531 1366 2584 τοῦ
1411 2532 1719 2601 φαίνεσθαι,
1773 2532 1870 2584 καὶ
1918 2534 1975 2585 ὲν

400 2625 546 2695 ἰσχύι
603 2625 810 2678 λοιπόν.
859 2624 998 2677 Ἀλλ’
1023 2626 1052 2677 6
1084 2624 1181 2692 μὲν
1207 2623 1348 2676 Κάῖν
1377 2623 1658 2693 προεπήδα
1696 2622 1873 2693 χρόνῳ
1898 2621 1975 2692 τῷ

397 2718 538 2771 κατὰ
567 2718 804 2783 γένεσιν.
834 2714 1034 2768 Εἵπετο
1060 2714 1116 2767 δὲ
1149 2715 1244 2767 καὶ
1270 2709 1338 2784 ἦν
1370 2713 1487 2783 μετ’
1519 2713 1680 2766 αὑτὸν
1711 2714 1740 2765 6
1787 2713 1970 2767 Ἀδελ-

399 2809 491 2859 Ital
512 2807 618 2870 ἕως
645 2807 744 2877 μὲν
767 2806 939 2875 ἧστην
960 2804 1159 2858 ἁπαλοί
1185 2821 1245 2857 τε
1265 2804 1356 2857 καὶ
1389 2804 1519 2869 νέοι,
1553 2804 1805 2873 καθάπερ
1833 2804 1973 2866 τινὲς

402 2899 599 2950 νεοττοὶ
626 2896 1031 2966 παρετρέφοντο
1053 2897 1167 2957 τοῖς
1209 2894 1613 2962 γεγεννηκόσιν.
1673 2894 1888 2965 Ἐπειδὴ
1916 2895 1974 2947 δὲ

404 2986 481 3048 είς
519 2986 657 3056 ἥϐην
679 2987 729 3038 οῖ
762 2986 970 3039 νεανίαι
1010 2980 1195 3055 ἦλθον,
1235 2985 1329 3038 καὶ
1367 2985 1553 3038 λοιπὸν
1587 2983 1870 3047 τελοῦντες
1915 2987 1972 3037 έν

405 3075 654 3146 ἀνδράσιν
684 3076 982 3143 ἐφαίνοντο,
1012 3074 1146 3144 πρὸς
1175 3074 1467 3145 διαφόρους
1502 3075 1808 3145 ἐτράποντο
1854 3074 1972 3141 φιλ-

403 3167 612 3236 εργίας.
637 3167 749 3221 Καὶ
771 3169 798 3220 6
830 3167 927 3236 μὲν
955 3166 1116 3231 Κάῖν,
1147 3166 1351 3236 ἡσθεὶς,
1393 3161 1546 3234 οἶμαί
1590 3182 1717 3228 που,
1744 3163 1974 3234 χλοηφό-

402 3262 571 3333 ρούσῃ
601 3262 665 3330 τῇ
697 3262 787 3330 γῇ,
814 3261 909 3314 καὶ
938 3260 1070 3314 πολὺ
1094 3261 1156 3330 δὴ
1187 3259 1306 3314 λίαν
1345 3259 1569 3327 εῠξυλόν
1601 3276 1659 3312 τε
1689 3261 1782 3312 καὶ
1821 3259 1972 3330 εὐερ·

397 3354 665 3422 γεστάτην
703 3351 866 3424 ὁρῶν,
922 3353 1015 3406 καὶ
1069 3355 1301 3422 καρποῖς
1340 3352 1562 3423 ὡραίοις
1612 3351 1971 3421 πεποικιλμέ-

2075 2177 2406 2249 fueruntque
2436 2188 2694 2248 tanquam
2736 2180 2845 2234 duo
2892 2180 3065 2232 teneri
3113 2194 3176 2233 ac
3215 2179 3474 2234 florentes
3528 2195 3654 2234 sur-

2076 2271 2208 2335 culi,
2237 2286 2303 2324 ex
2336 2286 2445 2325 una
2473 2286 2536 2325 ac
2574 2271 2749 2340 prima
2779 2270 2962 2324 radice
3005 2270 3111 2323 orti
3140 2287 3154 2323 :
3194 2278 3249 2324 et
3276 2270 3331 2323 in
3371 2270 3458 2323 his
3474 2270 3654 2324 homi-

2075 2360 2162 2414 nis
2189 2369 2382 2414 natura
2405 2359 2793 2415 fecunditatem
2827 2359 3155 2423 exercebat,
3200 2374 3556 2428 crescereque
3590 2371 3654 2414 ac

2076 2451 2429 2520 multiplicari
2464 2452 2686 2504 vixdum
2718 2451 2878 2505 initio
2901 2451 3212 2513 videbatur,
3251 2458 3306 2503 et
3336 2450 3535 2504 robore
3558 2465 3654 2504 au-

2075 2539 2209 2608 geri.
2247 2538 2516 2594 Caeterum
2535 2538 2666 2594 Cain
2688 2539 2911 2607 quidem
2943 2547 3098 2592 ortus
3136 2546 3380 2607 tempore
3414 2552 3653 2607 praeces-

2074 2627 2162 2680 sit.
2200 2625 2537 2681 Subsecutus
2578 2634 2761 2680 autem
2807 2640 2935 2679 eum
2979 2632 3063 2679 est
3102 2625 3271 2689 Abel;
3306 2639 3370 2678 ac
3406 2623 3651 2692 quandiu

2075 2718 2263 2772 tenelli
2307 2733 2372 2772 ac
2406 2718 2686 2789 juvenculi
2725 2724 2929 2781 essent,
2970 2716 3142 2771 instar
3183 2716 3459 2785 pullorum
3506 2711 3651 2783 apud

2073 2817 2329 2877 parentes
2379 2810 2768 2864 educabantur.
2832 2809 3124 2877 Postquam
3172 2821 3306 2860 vero
3348 2802 3654 2874 pubertatis

2075 2911 2293 2972 tempus
2315 2909 2689 2965 excesserunt,
2714 2908 2770 2955 et
2802 2901 2869 2954 ad
2894 2900 3107 2953 virilem
3143 2905 3359 2953 aetatem
3387 2909 3653 2965 pervene-

2074 3003 2223 3058 runt,
2259 2994 2489 3049 diversis
2518 2994 2716 3049 studiis
2764 3002 2929 3062 atque
2956 2991 3218 3059 operibus
3245 3001 3367 3041 sese
3406 2983 3650 3037 tradide-

2074 3092 2225 3137 runt.
2265 3083 2341 3136 Ac
2386 3083 2522 3137 Cain
2576 3084 2842 3152 quidem,
2902 3080 3123 3148 opinor,
3167 3087 3328 3130 terra:
3372 3074 3650 3128 viriditate

2075 3173 2394 3237 delectatus,
2435 3188 2664 3241 eamque
2696 3167 3062 3225 ﬂoridissimis
3093 3164 3386 3222 arboribus
3421 3169 3478 3216 et
3506 3170 3648 3217 tem-

2072 3265 2300 3337 pestivis
2354 3264 2623 3319 fructibus
2656 3270 2903 3317 ornatam
2952 3259 3182 3322 videns,
3245 3255 3314 3310 ad
3357 3254 3646 3310 cultiorem

2071 3372 2191 3412 eam
2229 3356 2571 3410 cernentium
2595 3354 2766 3409 oculis
2797 3349 3159 3407 exhibendam
3178 3389 3192 3413 ,
3218 3346 3459 3402 studium
3484 3358 3647 3400 suum

396 3458 515 3509 νην,
560 3441 673 3494 δεῖν
724 3441 880 3510 ᾠήθη
929 3442 1052 3504 ταῖς
1097 3440 1418 3503 ἐπιεικείαις
1467 3440 1788 3510 ἀποφαίνειν
1834 3442 1969 3511 ἡμε-

2071 3445 2462 3502 conferendum
2493 3445 2743 3516 putavit:
2778 3457 3006 3512 quaeque
3039 3456 3107 3495 ex
3143 3455 3201 3494 se
3239 3454 3302 3492 ac
3327 3445 3516 3506 suapte
3542 3450 3645 3490 na-

401 3532 626 3602 ροτέραν
683 3532 794 3584 τῶν
832 3531 1129 3602 δρωμένων
1163 3531 1262 3604 τὴν
1299 3531 1421 3600 δψιν
1442 3547 1455 3562 ·
1507 3532 1602 3585 καὶ
1643 3531 1713 3584 τά
1762 3531 1970 3584 οἴκοθέν

395 3637 456 3672 τε
490 3621 584 3673 καὶ
621 3621 868 3690 φυσικῶς
913 3621 1210 3692 ἀξιέραστα
1241 3623 1335 3677 καὶ
1365 3622 1686 3691 αὐτομάτως
1708 3625 1787 3686 είς
1813 3624 1971 3676 τοῦτο

396 3711 650 3782 διήκοντα
691 3712 921 3775 κάλλους
980 3712 1233 3766 διενοεῖτό
1294 3730 1397 3766 που
1421 3753 1436 3778 ,
1488 3714 1630 3767 κατά
1675 3730 1739 3782 γε
1791 3713 1853 3766 τὸ
1895 3715 1973 3767 εί-

396 3802 492 3869 κδς
552 3805 629 3866 ὡς
677 3806 728 3857 εί
786 3804 999 3874 τύχοιεν
1050 3804 1274 3876 ἱδρῶτος
1331 3803 1705 3873 γεωπονικοῦ,
1772 3795 1970 3876 ῥᾳδίως

395 3896 463 3950 ἂν
510 3905 587 3958 είς
635 3896 757 3966 δψιν
805 3896 979 3950 ἐλθεῖν
1011 3935 1026 3960 ,
1057 3895 1155 3966 τὴν
1224 3897 1569 3967 ἀσυγκρίτως
1602 3896 1968 3968 προφερεστέ-

400 4004 500 4059 ρον
556 3986 912 4051 Ἐσκευάζετο
934 3986 1000 4056 δὴ
1034 3983 1134 4040 οὖν
1163 3986 1648 4058 ἀγροικοπρεπῶς,
1684 3988 1781 4041 καὶ
1806 3987 1969 4041 παντὶ

396 4080 462 4150 δὴ
507 4077 684 4131 σθένει
739 4078 1050 4148 χρώμενος,
1085 4078 1474 4149 ἀποπεραίνειν
1507 4079 1666 4149 ἠθελε
1711 4080 1803 4132 τὸν
1846 4095 1970 4132 σκο-

396 4168 519 4220 πόν.
556 4167 755 4221 Ἐδίδου
794 4168 852 4221 δὲ
884 4167 1034 4238 αὐτῷ
1080 4166 1267 4237 ῐσωςή
1317 4168 1478 4237 φύσις
1519 4168 1580 4220 τὸ
1627 4168 1824 4221 εἰδέναι
1876 4168 1968 4221 καὶ

397 4259 569 4312 ταῦτα
581 4290 604 4324 -,
641 4260 737 4313 καὶ
763 4258 903 4322 θεῖος
934 4260 1013 4322 είς
1055 4259 1180 4312 νοῦν
1214 4260 1308 4313 καὶ¹
1340 4259 1652 4331 ἀπόρρητος
1697 4258 1859 4328 νόμος
1886 4261 1970 4312 ὲν-

395 4350 664 4422 εχάραττέ
700 4365 802 4402 που
838 4349 936 4420 τὴν
959 4343 1033 4402 ὧν
1061 4350 1126 4403 ἂν
1152 4349 1327 4402 ελοιτο
1352 4347 1572 4416 γνῶσιν.
1620 4349 1780 4402 Ἀλλά
1807 4349 1965 4402 ταυτὶ

404 4443 502 4510 μὲν
546 4444 575 4493 6
603 4441 745 4494 Ka'iv
780 4440 1011 4510 σπουδῆς
1034 4441 1280 4511 ἠξιοῦτο,
1311 4442 1405 4496 καὶ
1434 4441 1632 4495 πόνων·
1671 4441 1836 4495 Ἀδελ
1862 4442 1917 4495 δὲ
1940 4443 1967 4494 6

405 4531 570 4600 σοφὸς
607 4529 703 4585 τὸν
736 4531 827 4584 ἐπὶ
857 4528 1030 4597 ξύλοις
1070 4531 1298 4603 ἱδρῶτα,
1329 4533 1423 4585 καὶ
1460 4533 1714 4603 σκαπάνῃ
1755 4531 1961 4602 μεθεὶς,

400 4622 492 4674 καὶ
531 4621 638 4694 μὴν
675 4624 766 4676 καὶ
809 4623 988 4698 ἄρπης
1036 4625 1138 4676 οὐκ
1182 4623 1536 4692 ἀνεχόμενος,
1572 4623 1794 4690 ἀγέλαις
1837 4623 1966 4675 όῖων

396 4713 741 4783 ἐπετρέπετο.
770 4712 1146 4786 Παρεκόμιζον
1173 4713 1230 4766 δὲ
1265 4713 1394 4776 ἴσως
1433 4717 1512 4777 είς
1549 4713 1708 4766 τοῦτο
1738 4713 1963 4784 γνώμης

398 4801 577 4868 αὐτὸν,
608 4804 812 4875 ἀρνειοὶ
841 4806 940 4875 μὲν
969 4805 1241 4876 μητράσιν
1270 4805 1462 4856 λεπτὸν
1496 4804 1831 4875 ὑπηχοῦντες
1861 4805 1959 4869 ἔτι,

399 4893 492 4946 καὶ
524 4895 676 4963 μόλις
711 4895 1166 4967 ἀναϐληχόμενοι.
1198 4895 1426 4958 ἁπαλοῖς
1452 4896 1508 4948 δὲ
1550 4897 1641 4948 καὶ
1675 4897 1965 4963 νεοπαγέσι

400 4985 555 5037 ποσὶν
597 4986 816 5040 εὐανθεῖ
861 4988 970 5058 πόᾳ
1019 4988 1191 5059 βραχὺ
1242 4987 1670 5057 διασκαίροντες·
1722 4988 1814 5039 καὶ
1862 4986 1966 5056 μὴν

399 5075 490 5126 ἐπὶ
521 5077 679 5129 τοῦτο
716 5078 813 5130 καὶ
843 5080 901 5130 al
943 5079 1185 5149 μηκάδες
1226 5074 1379 5146 αἶγες
1414 5078 1482 5130 τὰ
1523 5078 1834 5146 ὑψηλότατα
1862 5078 1967 5131 τῶν

401 5165 612 5234 πετρῶν
660 5168 899 5236 ἀμογητὶ
952 5167 1405 5238 διαθρώσκουσαι.
1453 5169 1633 5236 Ψήφῳ
1668 5166 1746 5228 δὲ,
1787 5163 1964 5235 οἶμαι,

401 5254 650 5327 παγκάλῃ
677 5257 776 5326 τὴν
822 5257 1151 5328 ποιμενικὴν
1182 5255 1478 5326 στεφανοῦν
1508 5256 1661 5324 ἠξίου
1703 5256 1862 5323 σοφὸς
1893 5253 1966 5308 ὣν

400 5342 572 5410 ἄγαν,
599 5346 701 5415 τῆς
743 5349 830 5399 ἐπ’
859 5348 1170 5417 ἀνθρώποις
1213 5347 1516 5418 ἡγεμονίας
1564 5346 1965 5416 προμελέτησιν

396 5434 586 5506 ὥσπερ
618 5438 743 5490 τινὰ
774 5438 835 5490 τὸ
876 5438 1064 5508 χρῆμα
1091 5438 1260 5499 τιθεὶς
1280 5477 1295 5498 ,
1327 5432 1429 5489 ὧδέ
1467 5454 1523 5488 τε
1555 5436 1699 5506 ἔχειν
1729 5434 1968 5505 ἡγούμε-

340 5551 342 5557 π
395 5542 506 5591 νος.
547 5527 708 5582 Δαῶν
747 5528 1008 5599 ποιμένας
1037 5530 1162 5593 τοὺς
1198 5528 1367 5581 ἐθνῶν
1396 5527 1429 5598 ἢ
1462 5527 1687 5593 πόλεων,
1720 5526 1966 5596 ἦδήμων

469 5729 511 5764 ⁸⁸
543 5731 677 5786 Gen.
721 5748 794 5799 Iv,
825 5733 971 5788 846.

2072 3541 2197 3589 tura
2242 3533 2310 3587 ad
2352 3548 2594 3589 amorem
2624 3532 2707 3587 sui
2752 3530 3141 3601 provocabant,
3186 3542 3251 3581 ac
3289 3533 3646 3595 spontaneam

2072 3626 2221 3680 illam
2243 3624 2710 3696 pulchritudinem
2742 3637 2855 3694 pra:
2881 3637 2940 3677 se
2980 3621 3252 3683 ferebant,
3283 3615 3641 3687 excogitavit;

2070 3725 2151 3782 ut,
2180 3717 2358 3787 quoad
2378 3718 2497 3787 ejus
2520 3716 2639 3771 fieri
2668 3721 2871 3786 posset,
2913 3712 3013 3782 15
3056 3710 3401 3782 agriculture
3430 3705 3643 3763 beneﬁ-

2070 3807 2154 3863 cio
2179 3806 2338 3876 longe
2359 3806 2797 3876 praestantiorem
2836 3810 3118 3872 aspectum
3149 3800 3222 3854 ob
3247 3799 3436 3853 oculos
3473 3811 3646 3865 pone-

2069 3905 2213 3952 rent.
2244 3898 2522 3953 Rusticam
2551 3897 2736 3966 itaque
2760 3895 2928 3949 vitam
2953 3892 3166 3962 agebat,
3191 3888 3527 3955 summisque
3555 3884 3644 3942 vi-

2068 3988 2223 4043 ribus
2244 3987 2312 4042 ad
2348 3988 2455 4042 hoc
2507 3986 2750 4041 studium
2790 3983 3121 4038 enitebatur.
3162 3977 3324 4033 Dedit
3359 3985 3543 4030 autem
3589 3979 3648 4032 ei

2068 4086 2263 4132 natura
2282 4092 2481 4146 parens
2513 4077 2617 4129 hoc
2651 4075 2708 4128 in
2760 4085 2960 4143 genere
2992 4069 3298 4130 scientiam,
3349 4066 3643 4136 divinaque

2068 4178 2126 4224 et
2155 4167 2449 4223 ineffabilis
2477 4167 2567 4220 lex
2595 4163 2874 4235 impressit
2905 4175 3095 4216 eorum
3117 4175 3238 4230 quae
3272 4157 3526 4228 cupiebat
3544 4173 3641 4213 co-

2068 4259 2388 4330 gnitionem.
2442 4256 2621 4327 Atque
2655 4255 2760 4310 hac
2785 4251 3008 4324 quidem
3041 4252 3097 4306 in
3136 4265 3196 4305 re
3238 4248 3372 4305 Cain
3399 4249 3640 4304 studium

2068 4364 2228 4404 suum
2244 4363 2318 4403 ac
2342 4347 2592 4403 laborem
2632 4342 2922 4415 impendit.
2965 4339 3195 4411 Sapiens
3223 4354 3356 4394 vero
3387 4339 3544 4403 Abel,
3569 4339 3639 4393 li-

2068 4439 2301 4510 gonibus
2320 4452 2391 4492 ac
2416 4436 2648 4492 falcibus
2667 4433 3015 4506 posthabitis,
3050 4433 3131 4487 rei
3165 4432 3434 4502 pecuariae
3455 4431 3640 4486 stude-

2068 4529 2178 4582 bat.
2227 4526 2591 4581 Adduxerunt
2639 4539 2775 4579 vero
2812 4522 3062 4578 fortassis
3098 4536 3226 4576 eum
3258 4522 3312 4575 in
3344 4521 3484 4575 hanc
3514 4536 3638 4575 sen-

2068 4621 2293 4674 tentiam
2318 4617 2558 4688 agniculi
2581 4617 2800 4686 quidem
2827 4615 3093 4668 matribus
3121 4613 3234 4666 suis
3258 4620 3444 4681 argute
3465 4611 3638 4667 succi-

2068 4718 2282 4773 nentes,
2304 4723 2367 4762 ac
2387 4707 2612 4762 vixdum
2632 4707 2896 4769 halantes,
2924 4704 3287 4773 mollibusque
3321 4718 3383 4758 ac
3422 4703 3636 4757 tenellis

2068 4800 2301 4870 pedibus
2332 4814 2432 4868 per
2490 4813 2688 4852 vernas
2730 4795 2927 4850 herbas
2967 4796 3313 4850 lascivientes
3366 4809 3630 4853 :_necn0n

2063 4906 2239 4959 caprae
2270 4890 2578 4951 balatrices,
2608 4887 2869 4941 altissima
2886 4900 3114 4954 quaeque
3141 4885 3360 4953 rupium
3383 4884 3634 4951 praecipi-

2064 4981 2139 5035 tia
2179 4981 2330 5034 nullo
2381 4978 2599 5047 negotio
2648 4977 3034 5046 persultantes.
3084 4972 3303 5041 Optimo
3352 4985 3484 5024 vero
3512 4971 3635 5039 jure

2062 5071 2391 5139 pastoralem
2421 5070 2587 5123 vitam
2613 5068 2830 5136 sapiens
2867 5062 3163 5118 admodum
3189 5062 3325 5116 Abel
3363 5059 3633 5131 probavit,

2066 5161 2667 5231 przeexercitamentum
2699 5155 2973 5226 quoddam
2998 5151 3332 5221 praefectura:
3353 5148 3495 5217 apud
3535 5148 3634 5200 ho-

2066 5250 2241 5304 mines
2259 5249 2311 5302 id
2342 5249 2448 5303 sibi
2468 5256 2735 5308 statuens,
2764 5253 2926 5311 atque
2947 5241 3021 5294 ita
3049 5255 3107 5293 se
3141 5253 3254 5291 rem
3277 5237 3479 5289 habere
3503 5251 3633 5290 cen-

2064 5358 2208 5397 scns.
2242 5342 2411 5395 Porro
2435 5355 2602 5394 sacra:
2632 5339 2796 5391 etiam
2831 5349 2895 5387 ac
2915 5329 3180 5385 divinitus
3200 5327 3471 5396 inspirata:
3488 5326 3633 5382 Scri-

2065 5448 2242 5504 pturaa
2280 5443 2336 5486 et
2364 5429 2587 5485 Graecia:
2626 5428 2933 5495 sapientum
2964 5417 3303 5472 consuetudo
3332 5425 3417 5471 est
3450 5425 3636 5485 pasto-

2067 5543 2156 5582 res
2174 5525 2499 5595 populorum
2525 5532 2719 5573 vocare
2735 5530 2830 5569 eos
2850 5511 2943 5581 qui
2963 5507 3241 5581 gentibus,
3261 5517 3357 5563 aut
3385 5506 3632 5571 urbibus,
