4056 6260
407 344 476 399 55
1420 334 1476 391 S.
1515 332 1791 390 CYRILLI
1827 334 2297 391 ALEXANDle
2335 332 2656 389 ARCHIEP.
3571 337 3640 392 36

402 466 502 513 aut
553 454 773 526 populis
833 460 963 508 sunt
1014 451 1279 523 praefecti.
1323 448 1464 507 Cum
1519 450 1704 521 itaque
1742 449 1978 506 duorum

2089 449 2488 523 προεστηκότας
2514 447 2801 521 ὀνομάζειν
2822 449 2942 513 ἔθος
2972 449 3064 505 καὶ
3087 450 3228 522 αὐτῇ
3250 451 3315 521 τῇ
3346 450 3534 523 Γραφῇ
3572 453 3643 524 τῇ

411 543 639 604 istorum
683 545 949 615 juvenum
997 543 1137 598 alter
1166 556 1227 597 se
1256 539 1603 611 agricultura:
1639 538 1976 606 tradidisset,

401 636 544 690 alter
568 650 700 689 vero
731 631 1094 703 praestantiori
1110 629 1323 695 studio,
1354 629 1640 700 pastoritio
1671 629 1933 683 nimirum
1962 646 1976 682 :

409 723 671 794 temporis
687 735 1008 792 progressus
1028 718 1198 774 Caino
1218 717 1442 788 quidem
1461 717 1671 784 hortos,
1690 717 1979 773 arboribus

408 816 641 880 densos,
691 823 749 869 et
789 811 1131 882 tempestivis
1173 808 1443 865 fructibus
1496 816 1743 875 onustos,
1804 807 1977 874 dedit,

408 906 566 961 Abeli
589 914 774 960 autem
803 903 861 957 in
888 902 1236 957 innumeram
1266 898 1678 954 multitudinem
1704 912 1826 968 quae
1864 898 1980 954 col-

407 996 620 1067 legerat
639 993 918 1065 produxit.
972 991 1179 1047 Deinde
1212 991 1301 1046 lex
1337 1004 1461 1061 qua:
1491 990 1549 1045 in
1580 988 1740 1045 nobis
1766 998 1853 1045 est
1892 988 1952 1044 in

408 1095 550 1142 nata:
598 1086 698 1142 Dei
725 1084 933 1140 notitia:
979 1098 1076 1139 eos
1114 1083 1265 1138 viros
1302 1081 1554 1138 incitavit
1601 1079 1672 1136 ad
1703 1079 1983 1136 oﬂ‘erenda

408 1177 657 1232 omnium
680 1174 930 1232 Creatori
956 1182 1121 1245 atque
1152 1173 1333 1230 omnis
1361 1172 1492 1229 boni
1512 1171 1692 1228 datori
1713 1173 1849 1239 Deo,
1883 1188 1983 1243 pro

409 1268 648 1336 acceptis
672 1265 972 1330 beneﬁciis,
990 1263 1277 1321 sacriﬁcia.
1300 1263 1537 1320 Tametsi
1555 1263 1704 1323 enim
1724 1272 1984 1334 corrupta

410 1366 516 1421 est,
549 1370 725 1427 neque
746 1370 877 1411 vera
912 1370 1032 1410 esse
1058 1353 1306 1409 cernitur
1327 1368 1519 1409 eorum
1548 1352 1642 1423 qui
1662 1352 1828 1410 idolis
1862 1367 1982 1409 ser-

407 1452 566 1505 viunt
595 1445 952 1518 pernoscendi
980 1444 1119 1499 ratio
1141 1445 1263 1515 quis
1288 1444 1361 1500 sit
1390 1444 1769 1499 universorum
1792 1442 1986 1511 factor,

411 1547 591 1594 tamen
615 1537 801 1592 innata
825 1534 1073 1605 quaedam
1107 1549 1171 1588 ac
1200 1533 1513 1589 necessaria
1538 1532 1623 1586 lex
1646 1532 1754 1585 hoc
1776 1532 1905 1599 agit,
1932 1542 1990 1588 et

2081 540 2440 611 θεοπνεύστῳ,
2463 541 2563 595 καὶ
2592 541 2705 604 τοῖς
2751 538 3021 609 Ἑλλήνων
3046 539 3290 608 λογάσιν.
3331 541 3644 595 ’Δπονενευ-

2081 633 2259 687 κότοιν
2289 633 2355 702 δὴ
2377 627 2471 687 οὖν
2507 633 2620 685 τοῖν
2647 631 2906 697 νεανίαιν,
2935 628 3030 683 τοῦ
3076 629 3176 700 μὲν
3217 630 3312 684 ἐπὶ
3355 630 3639 701 γηπονίαν,

2080 722 2307 792 θατέρου
2339 739 2403 791 γε
2438 723 2546 793 μὴν
2571 722 2646 784 ὡς
2674 720 2767 774 ἐπί
2791 738 2845 773 τι
2876 720 2986 774 τῶν
3017 721 3350 791 ἀμεινόνων,
3390 723 3492 792 τὴν
3520 737 3643 774 ποι-

2084 813 2332 886 μενικὴν,
2363 810 2589 883 προῖὼν,
2617 813 2646 865 6
2669 811 2860 883 χρόνος
2878 809 2958 882 τῷ
2978 810 3117 864 Κάῖν
3152 810 3249 882 μὲν
3267 809 3401 863 δασὺ
3430 810 3647 880 κομῶν-

2078 921 2179 969 τας
2207 905 2333 968 τοὺς
2354 903 2561 973 κήπους
2587 902 2680 956 καὶ
2710 903 2939 973 καρποῖς
2965 899 3189 973 ὡραίοις
3225 898 3405 953 ἐπίθει
3431 900 3647 972 διαὸρι-

2082 995 2214 1060 θεῖς’
2279 993 2358 1065 τῷ
2410 993 2469 1048 δέ
2526 992 2693 1047 ’Ἅϐελ
2755 992 3105 1066 προήκουσαν
3164 992 3246 1056 είς
3305 990 3515 1061 πληθὺν
3570 991 3647 1055 ὡς

2082 1085 2341 1157 πλείστην
2389 1085 2524 1154 ὅσην
2573 1082 2828 1138 ἀπετέλει
2872 1083 2942 1138 τά
2983 1080 3459 1153 συναγηγερμένα.
3512 1076 3647 1134 Εἶτα

2083 1175 2246 1247 νόμος
2286 1175 2318 1228 6
2351 1176 2410 1228 ἐν
2455 1176 2587 1246 ἡμῖν
2626 1175 2725 1245 τῆς
2752 1172 3011 1244 ἐμφύτου
3050 1170 3410 1241 θεογνωσίας,
3462 1170 3647 1225 ἐκάλει

2082 1266 2208 1330 τοὺς
2248 1263 2445 1336 ἄνδρας
2480 1265 2616 1335 πρὸς
2651 1263 2715 1318 τὸ
2745 1263 2858 1317 δεῖν
2901 1263 3164 1318 ἀνάπτειν
3202 1261 3272 1316 τά
3317 1261 3648 1333 χαριστήρια

2081 1356 2161 1428 τῷ
2207 1355 2426 1412 πάντων
2483 1353 2837 1428 Δημιουργῷ,
2887 1354 2984 1408 καὶ
3028 1352 3230 1417 παντὸς
3277 1354 3409 1424 ἡμῖν
3440 1349 3646 1421 ἀγαθοῦ

2081 1444 2270 1517 δοτῆρι
2315 1444 2455 1517 Θεῷ.
2506 1445 2570 1498 Et
2610 1444 2718 1514 γάρ
2745 1444 2862 1497 ἐστι
2915 1441 3362 1511 κατεφθαρμένος
3411 1438 3506 1492 καὶ
3547 1436 3649 1491 ούκ

2082 1535 2287 1606 ἀληθὴς
2314 1536 2504 1606 ὁρᾶται
2528 1534 2690 1605 τυχὸν
2733 1535 2793 1587 ἐν
2818 1535 2931 1598 τοῖς
2972 1532 3207 1586 εἰδώλων
3250 1531 3650 1604 προσκυνηταῖς

410 1636 705 1697 spontanea
720 1621 961 1694 cognitio
983 1621 1187 1675 excitat
1205 1620 1272 1687 ad
1295 1619 1550 1689 superius
1571 1616 1704 1687 quid
1724 1617 1987 1688 longeque

2089 1627 2105 1679 5
2121 1624 2217 1678 τοῦ
2235 1624 2483 1678 διειδέναι
2497 1625 2696 1687 σκοπὸς
2711 1624 2795 1688 τίς
2807 1625 2837 1676 6
2854 1623 2963 1678 τῶν
2981 1623 3115 1677 ὅλων
3135 1623 3251 1677 ἐστὶ
3267 1623 3516 1694 ποιητὴς.
3534 1621 3653 1677 ἀλλ’

408 1718 758 1788 praestantius
767 1729 931 1785 quam
948 1728 1036 1767 res
1047 1710 1382 1776 mortalium,
1396 1710 1503 1764 hoc
1512 1719 1600 1765 est
1609 1708 1987 1773 Deum,mente

2089 1709 2170 1767 ιῦν
2190 1712 2427 1783 ἔμφυτός
2452 1729 2511 1765 τε
2528 1713 2621 1765 καὶ
2643 1713 2934 1780 ἀναγκαῖος
2955 1712 3221 1766 διανύττει
3238 1713 3422 1783 νόμος,
3448 1714 3543 1766 καὶ
3556 1714 3649 1766 αὑ·

410 1783 854 1879 concipiendum.
870 1802 1044 1857 Oﬂert
1070 1801 1253 1868 itaque
1279 1813 1433 1853 sacer
1461 1812 1527 1852 ac
1556 1796 1987 1866 sapientissimus

2089 1803 2433 1866 τοκέλευστος
2464 1801 2667 1871 ἐγείρει
2691 1799 2913 1869 γνῶσις,
2934 1801 3014 1862 εἵς
3038 1818 3101 1867 γε
3130 1801 3189 1854 τὸ
3212 1802 3406 1872 χρῆναι
3435 1803 3574 1856 νοεῖν
3592 1803 3652 1854 τὸ

411 1897 544 1951 Abel
563 1895 766 1965 optima
786 1907 850 1947 ac
869 1890 1223 1945 selectissima
1241 1902 1470 1958 quaeque
1488 1902 1518 1942 e
1537 1901 1637 1941 suo
1652 1901 1834 1957 grege.
1848 1903 1867 1936 ι
1885 1883 1987 1940 0b-

2089 1892 2430 1966 5περτεροῦν,
2443 1893 2538 1946 καὶ
2559 1893 2777 1959 ἄμεινον
2792 1890 3128 1961 ἀσυγκρίτως
3148 1888 3181 1959 ἢ
3199 1890 3653 1959 καθ’ήμᾶς,τουτ-

414 1986 541 2041 tulit
559 1984 728 2048 enim,
761 2003 780 2035 ι
821 1983 1018 2054 inquit,
1052 2001 1070 2034 ι
1108 1982 1177 2038 de
1211 1981 1592 2053 primogenitis
1643 1981 1829 2036 ovium
1857 1995 1985 2036 sua-

413 2092 557 2141 rum,
574 2083 631 2131 et
656 2076 723 2130 de
736 2074 991 2144 adipibus
1011 2088 1219 2135 earum,
1245 2093 1264 2125 ι
1297 2073 1402 2128 hoc
1433 2082 1519 2128 est
1539 2071 1982 2143 praestantissima

410 2173 576 2232 atque
601 2160 817 2221 eximia.
857 2160 925 2215 Et
948 2159 1201 2215 sacriﬁcii
1226 2159 1456 2215 rationis
1487 2174 1599 2214 non
1621 2159 1863 2230 ignarus,
1892 2173 1987 2228 ap-

411 2253 592 2324 posuit
623 2252 828 2322 adipes.
861 2252 969 2323 16
995 2250 1128 2306 Cain
1178 2265 1313 2307 vero
1350 2266 1462 2306 non
1500 2250 1653 2315 item,
1684 2250 1781 2305 sed
1813 2250 1986 2305 multo

412 2344 807 2414 negligentius;
855 2341 1092 2411 optimos
1139 2341 1289 2396 enim
1339 2356 1587 2410 quosque
1621 2339 1838 2394 fructus
1871 2340 1986 2394 suis

414 2433 608 2489 usibus
629 2432 915 2495 servabat,
946 2430 1204 2485 secundis
1240 2439 1423 2484 autem
1470 2445 1534 2484 ac
1578 2430 1868 2485 vilioribus
1899 2446 1987 2485 su-

414 2534 666 2592 premum
693 2520 866 2575 Deum
890 2517 1211 2573 honorabat.
1238 2516 1383 2587 Ignis
1408 2517 1591 2586 itaque
1621 2518 1835 2573 coalitus
1869 2518 1990 2573 des-

415 2611 658 2668 cendens
704 2609 891 2665 Abelis
921 2622 1151 2664 munera
1183 2607 1514 2678 absumpsit.
1561 2626 1579 2658 ι
1610 2607 1692 2662 Ad
1726 2606 1858 2663 Cain
1894 2622 1990 2662 au-

417 2712 549 2766 tem,
573 2710 629 2757 et
659 2698 933 2756 sacriﬁcia’
947 2700 1065 2770 ejus
1091 2713 1203 2754 non
1228 2696 1480 2762 attendit,
1520 2716 1539 2749 ι
1578 2697 1777 2767 inquit.
1802 2697 1989 2766 Neque

417 2790 564 2847 enim
612 2790 808 2846 solitus
848 2789 990 2860 ignis
1034 2789 1155 2860 ejus
1197 2787 1463 2844 sacriﬁcia
1508 2788 1728 2843 invasit.
1772 2786 1888 2854 Qua
1919 2788 1988 2842 de

416 2897 582 2938 causa
609 2881 785 2937 doluit
814 2881 1075 2951 graviter,
1103 2880 1399 2949 animoque
1424 2879 1666 2935 concidit
1701 2877 1855 2933 Cain.
1882 2878 1990 2933 Co-

416 2973 567 3045 gnita
598 2986 728 3027 vero
765 2971 880 3026 odii
917 2987 1103 3036 causa,
1134 2979 1192 3026 et
1240 2986 1340 3026 cur
1381 2970 1517 3026 Abel
1544 2970 1801 3040 praelatus
1822 2978 1986 3033 esset,

415 3079 527 3118 non
556 3063 622 3118 ad
654 3062 826 3132 culpae
856 3077 967 3117 suae
989 3060 1389 3117 correctionem
1415 3059 1599 3130 potius
1638 3074 1697 3114 se
1735 3059 1987 3123 contulit,

418 3156 514 3212 sed
542 3158 598 3210 in
626 3155 977 3224 impotentem
1000 3156 1138 3209 iram
1162 3159 1476 3224 proreptus,
1529 3150 1740 3220 primus
1783 3150 1854 3205 ab
1888 3151 1990 3205 ho-

419 3246 662 3300 minibus
683 3246 824 3299 natis
849 3245 1130 3298 indomitae
1164 3243 1385 3298 invidia:
1405 3251 1600 3298 auctor
1623 3243 1750 3307 fuit,
1777 3258 1842 3296 ac
1864 3251 1988 3296 tan-

423 3349 538 3393 tum
563 3351 672 3390 non
694 3335 762 3390 de
803 3334 992 3389 divino
1018 3333 1145 3388 odio
1169 3332 1468 3388 vindictam
1503 3346 1726 3387 sumens
1765 3331 1992 3386 Abelem

420 3428 582 3485 laude
596 3426 930 3481 cumulatum
956 3425 1081 3479 dolo
1114 3423 1496 3488 circumvenit,
1522 3421 1808 3491 mutuique
1839 3436 1993 3476 amo-

422 3522 502 3576 ris
537 3521 712 3590 legem
738 3518 1002 3587 infringit,
1036 3516 1309 3571 diabolica
1333 3515 1556 3585 quidem
1592 3513 1857 3584 pravitate
1892 3512 1994 3566 im-

422 3608 635 3678 piisque
660 3604 902 3660 consiliis
939 3612 1178 3658 mentem
1218 3603 1473 3657 refertam
1500 3602 1747 3669 habens,
1785 3600 1994 3672 ﬁngens

422 3706 604 3752 autem
629 3696 834 3751 bonum
869 3694 1053 3749 verbis
1084 3711 1097 3747 :
1143 3712 1160 3744 ι
1212 3692 1569 3764 Egrediamur
1592 3693 1763 3758 enim,
1791 3691 1990 3762 inquit,

424 3787 483 3841 iu
496 3801 770 3856 campum.
802 3805 821 3838 ›
855 3785 1027 3840 Audis
1057 3800 1167 3854 quo
1197 3792 1356 3854 pacto
1377 3784 1584 3840 vocarit
1613 3784 1672 3838 in
1692 3798 1903 3854 agrum,
1934 3790 1996 3837 ut

420 3888 699 3949 spectator
736 3893 848 3935 sua:
876 3878 1173 3948 diligentia
1210 3877 1549 3946 cultumque
1585 3883 1752 3939 esset,
1795 3884 1851 3930 et
1874 3875 1995 3944 pul-

420 3971 693 4026 cherrima
715 3969 925 4025 ﬂorum.
950 3968 1214 4025 varietate
1234 3968 1423 4023 oculos
1456 3966 1744 4037 pasceret?
1772 3965 1842 4020 At
1863 3980 1994 4021 vero

421 4061 716 4118 nefandum
748 4061 1013 4133 ﬂagitium
1051 4059 1364 4124 committit,
1425 4074 1490 4114 ac
1516 4057 1690 4113 veluti
1723 4056 1995 4128 primitias

420 4153 684 4223 quasdam
722 4153 882 4206 morti
935 4152 1156 4207 fratrem
1203 4167 1362 4206 suum
1415 4151 1582 4216 dicat,
1632 4151 1993 4219 humanaeque

424 4240 791 4297 naturaeviam
821 4239 888 4293 ad
901 4238 1255 4293 homicidium
1281 4238 1474 4308 aperit.
1499 4240 1871 4308 lnterrogante
1898 4255 1995 4293 au-

2076 1987 2191 2041 έστι
2228 1985 2377 2039 Θεόν.
2415 1985 2570 2052 Ἀγει
2598 1982 2661 2052 δὴ
2695 1977 2788 2035 οὖν
2816 1981 2845 2033 6
2873 1981 2969 2052 μὲν
3005 1981 3148 2053 ίερός
3170 1997 3228 2032 τε
3253 1980 3349 2033 καὶ
3380 1981 3649 2049 πάνσοφος

2088 2074 2256 2129 Ἀϐελ
2275 2075 2341 2128 τὰ
2366 2075 2467 2145 τῆς
2497 2074 2698 2144 ἀγέλης
2719 2070 3014 2135 ἀπόλεκτα,
3047 2069 3142 2122 καὶ
3162 2067 3471 2141 ἀριστίνδην
3497 2069 3656 2137 ἐγκε-

2086 2165 2340 2236 κριμένα·
2380 2183 2399 2215 ι
2449 2164 2686 2233 Ἤνεγκε
2726 2162 2856 2234 γὰρ,
2886 2181 2906 2215 ι
2942 2162 3129 2232 φησὶν,
3160 2179 3179 2213 ι
3218 2160 3329 2218 ἀπὸ
3355 2159 3465 2214 τῶν
3495 2176 3650 2231 πρω-

2087 2254 2321 2311 τοτόκωῖδ
2345 2254 2454 2308 τῶν
2479 2255 2691 2325 ἀμνῶν,
2729 2254 2823 2308 καὶ
2842 2251 2949 2307 ἀπὸ
2978 2251 3089 2306 τῶν
3126 2251 3365 2306 στεάτων
3398 2250 3598 2313 αὐτῶν,
3629 2267 3648 2302 ι

2087 2348 2334 2402 τουτέστι
2371 2346 2444 2400 τά
2477 2345 2784 2418 προύχοντα
2810 2346 2908 2398 καὶ
2949 2343 3226 2413 ἐξαίρετα.
3267 2343 3376 2396 Καὶ
3420 2343 3513 2396 τὸν
3555 2341 3654 2410 τῆς

2091 2438 2404 2509 ἱερουργίας
2465 2436 2564 2490 οὐκ
2631 2436 2905 2506 ἀγνοήσας
2957 2432 3189 2504 τρόπον,
3246 2431 3528 2502 παρετίθει
3588 2433 3655 2484 τὰ

2090 2529 2309 2582 στέατα.
2334 2528 2474 2580 Κάῖν
2499 2526 2556 2579 δέ
2582 2529 2682 2596 οὐχ
2709 2525 2902 2589 οὕτως,
2930 2525 3066 2577 πολὺ
3096 2523 3153 2577 δὲ
3184 2520 3304 2575 λίαν
3336 2519 3643 2592 ἀτημελῶς·

2088 2619 2154 2671 τὰ
2187 2619 2284 2688 μὲν
2311 2616 2420 2688 γὰρ
2449 2617 2531 2670 ὅτι
2566 2615 2804 2686 μάλιστα
2832 2612 2941 2667 τῶν
2976 2612 3200 2683 ὼρίμων
3230 2611 3507 2681 ἐκπρεπῆ,
3536 2613 3654 2673 ταῖς

2094 2708 2250 2772 ίδίαις
2290 2705 2573 2777 ἐχαρίζετο
2612 2706 2880 2776 τρυφαῖς,
2910 2702 3099 2755 ἐλύπει
3145 2699 3205 2755 δέ
3249 2704 3360 2763 τοῖς
3383 2700 3657 2771 δευτέροις

2088 2800 2181 2852 τὸν
2225 2799 2317 2852 ἐπὶ
2372 2797 2588 2850 πάντων
2634 2796 2786 2850 Θεόν.
2840 2793 3052 2848 Οὐκοῦν
3114 2794 3208 2847 ἐπὶ
3256 2792 3355 2862 μέν
3399 2794 3510 2855 τοῖς
3560 2791 3656 2845 τοῦ

2095 2887 2261 2942 ’Λσελ
2307 2885 2500 2959 δώροις
2540 2885 2654 2957 πῦρ
2713 2885 2902 2940 καθιέν
2954 2882 3274 2953 οὐρανόθεν,
3319 2882 3659 2935 δαπανᾶσθαι

2094 2977 2472 3050 παρεσκεύασε
2496 2975 2570 3035 τά
2605 2974 2920 3046 ἱερώματαο
2957 2993 2975 3026 ι
3024 2974 3147 3027 Ἐπὶ
3178 2973 3234 3026 δὲ
3265 2972 3408 3026 Κάῖν
3430 2975 3524 3027 καὶ
3565 2973 3659 3026 ἐπὶ

2095 3072 2215 3133 ταῖς
2235 3070 2449 3130 θυσίαις
2465 3066 2630 3122 αὑτοῦ
2650 3107 2666 3133 ,
2689 3067 2750 3120 ού
2776 3066 3045 3138 προσέσχε
3064 3084 3112 3129 ,ι
3141 3064 3326 3136 φησίν.
3359 3065 3433 3117 Οὐ
3461 3065 3569 3136 γὰρ
3597 3065 3659 3117 τὸ

2096 3159 2322 3230 σύνηθες
2364 3158 2584 3226 ἐπηφίει
2630 3156 2742 3227 πῦρ
2771 3158 2887 3220 τοῖς
2933 3152 3482 3226 προσενηνεγμένοις.
3541 3152 3656 3207 Ἐν-

2092 3251 2281 3304 τεῦθεν
2319 3251 2347 3302 ό
2392 3249 2531 3302 Κάῖν
2574 3248 2792 3302 ἀνιᾶται
2841 3247 3081 3319 σφόδρα,
3118 3244 3214 3298 καὶ
3256 3244 3409 3298 ἀλύει
3449 3243 3656 3307 δεινῶς.

2094 3339 2489 3408 Διδασκόμενος
2533 3337 2590 3390 δέ
2634 3338 2732 3407 τῆς
2773 3335 3129 3406 ἀποστροφῆς
3185 3333 3283 3404 τὴν
3329 3334 3534 3400 αίτίαν,
3566 3335 3659 3389 καὶ

2092 3431 2273 3500 ψῆφον
2310 3428 2521 3492 ἑλόντος
2546 3427 2646 3498 τὴν
2674 3428 2885 3497 ἀμείνω
2915 3425 3010 3479 τοῦ
3046 3424 3235 3487 Ἅϐελ,
3266 3424 3365 3477 οὐκ
3391 3424 3660 3495 ἐτράπετο

2097 3522 2298 3590 μᾶλλον
2332 3519 2469 3590 πρὸς
2514 3517 2886 3589 ἐπανόρθωσιν
2926 3516 3034 3569 τῶν
3078 3515 3534 3584 διεπταισμένωνο
3579 3515 3659 3576 εἰς

2093 3611 2262 3684 ὀργὰς
2294 3610 2351 3663 δὲ
2395 3610 2660 3679 ἀκαίρους
2698 3607 3175 3678 ἁποταυρούμενος
3220 3605 3435 3677 πρῶτος
3466 3607 3523 3658 ἐν
3566 3605 3661 3658 ἀν-

2095 3697 2332 3769 θρώποις
2370 3697 2461 3750 τὸν
2494 3697 2781 3751 ἀτίθασσον
2809 3695 2990 3749 ὼδίνει
3038 3694 3253 3763 φθόνον·
3293 3692 3576 3765 μονονουχὶ
3601 3692 3658 3745 δέ

2093 3788 2192 3857 τῆς
2238 3784 2587 3855 ἀποστροφῆς
2628 3786 2968 3856 ἀμυνόμενος
3019 3785 3111 3840 τδν
3167 3786 3277 3840 τῶν
3322 3785 3459 3840 ὅλων
3505 3786 3662 3849 Θεὸν,

2094 3879 2231 3948 δόλῳ
2263 3877 2468 3948 μέτεισι
2500 3877 2592 3930 τὸν
2622 3876 3094 3947 τεθαυμασμένον.
3127 3878 3236 3931 Καὶ
3268 3877 3431 3947 νόμον
3467 3876 3659 3930 ἐπάτει

2095 3969 2505 4039 φιλοστοργίας,
2550 3966 2860 4038 διαὸολικῆς
2913 3967 3013 4037 μὲν
3057 3967 3390 4039 φαυλότητος
3430 3968 3524 4022 καὶ
3565 3969 3660 4021 ἀν-

2093 4059 2254 4112 οσίων
2282 4056 2613 4128 σκεμμάτων
2633 4095 2648 4119 ,
2692 4057 3183 4126 ἐκμεμεστωμένον
3216 4055 3354 4126 ἔχων
3394 4055 3482 4109 τὸν
3509 4054 3658 4109 νοῦν⁶

2095 4148 2459 4220 πλαττόμενος
2498 4148 2552 4200 δὲ
2582 4147 2648 4200 τδ
2682 4147 2915 4218 χρηστὸν
2960 4148 3039 4209 εἰς
3064 4146 3274 4214 λόγους·
3310 4164 3328 4197 ι
3355 4144 3661 4215 Διέλθωμεν

2094 4240 2234 4309 γὰρ,
2263 4239 2427 4310 φησὶν
2449 4279 2462 4301 ,
2492 4240 2572 4301 είς
2604 4238 2664 4290 τὸ
2694 4236 2894 4289 πεδίον.
2935 4254 2954 4286 ι
3012 4235 3252 4299 ’Λκούεις
3288 4237 3438 4297 ὅπως
3476 4235 3663 4289 ἐκάλει

421 4342 534 4385 tem
554 4330 667 4385 Deo
693 4345 758 4384 ac
794 4328 1011 4383 dicente
1043 4344 1056 4381 :
1099 4346 1116 4378 ι
1144 4328 1249 4384 Ubi
1279 4336 1367 4382 est
1411 4325 1545 4382 Abel
1584 4326 1751 4381 frater
1781 4328 1945 4382 tuus?
1968 4347 1987 4379 ι

2100 4330 2195 4398 μὲν
2232 4330 2318 4381 ἐπ’
2364 4329 2568 4397 ἀγροὺς
2610 4327 2686 4391 ὡς
2730 4328 2975 4396 ἐπόπτης
3017 4326 3192 4380 ἔσοιτο
3234 4329 3333 4396 τῆς
3364 4327 3665 4389 ἐπιεικείας

424 4422 690 4478 mentitur
703 4421 871 4477 miser
895 4463 910 4486 ,
940 4435 1239 4490 aspereque
1276 4418 1492 4475 obviam
1519 4419 1581 4482 it,
1623 4438 1641 4469 ι
1668 4418 1787 4473 Non
1820 4421 1986 4485 scio,»

2097 4419 2297 4486 αὑτοῦ,
2327 4420 2423 4471 καὶ
2464 4418 2565 4488 τῆς
2611 4419 2720 4471 τῶν
2752 4419 2958 4473 ἀνθέων
3005 4419 3321 4482 πολυειδοῦς
3365 4417 3664 4473 ἀπολαύσοι

427 4512 699 4581 inquiens.
733 4512 1027 4580 Postquam
1050 4525 1183 4565 vero
1206 4508 1490 4563 homicidii
1516 4508 1801 4562 convictus
1826 4516 1910 4563 est
1937 4517 1987 4563 et

2099 4508 2261 4576 θέας;
2319 4508 2678 4562 Ἀνοσιεύεται
2724 4508 2813 4572 δὲ,
2858 4510 2951 4562 καὶ
2998 4511 3324 4581 πρωτόλειον
3375 4508 3565 4579 ὥσπερ
3609 4523 3663 4558 τι

424 4602 904 4657 maledictionibus
934 4601 1246 4671 subjectus;
1280 4600 1618 4655 existimavit
1646 4608 1829 4655 autem
1867 4617 1990 4655 rur-

424 4708 548 4749 sum
568 4693 714 4762 quod
745 4693 1044 4747 moriturus
1080 4700 1227 4747 esset
1248 4692 1415 4759 etiam
1447 4691 1560 4761 ipse
1585 4731 1599 4756 ,
1626 4690 1842 4745 etiamsi
1889 4706 1999 4746 non

424 4782 589 4837 vellet
609 4783 772 4845 Deus,
789 4781 1043 4851 quodque
1060 4781 1175 4837 hanc
1200 4782 1385 4837 futura
1406 4790 1552 4837 esset
1569 4781 1767 4836 divinae
1797 4781 1892 4836 iraa
1907 4796 1996 4836 so-

424 4875 582 4929 lutio.
604 4873 748 4928 Dixit
765 4873 913 4929 enim
937 4892 950 4927 :
985 4894 1003 4925 ‹
1024 4874 1082 4929 Si
1105 4873 1293 4944 ejicies
1314 4887 1401 4927 me
1425 4871 1629 4927 hodiea
1652 4871 1790 4927 facie
1812 4878 1993 4936 terrae,

424 4973 480 5019 et
492 4980 521 5019 a
540 4964 678 5018 facie
699 4971 789 5017 tua
800 4962 1125 5028 abscondar,
1151 4971 1207 5017 et
1229 4977 1326 5016 ero
1339 4969 1629 5032 gemenset
1653 4970 1892 5015 tremens
1905 4976 1996 5014 su-

426 5073 524 5127 per
543 5066 768 5121 terram,
790 5064 846 5111 et
860 5056 988 5121 erit,
1005 5056 1182 5110 omnis
1203 5055 1485 5110 inveniens
1504 5069 1592 5109 me
1606 5053 1823 5110 occidet
1837 5069 1941 5109 me.
1964 5073 1981 5105 ι

423 5149 694 5225 Caeterum
721 5148 869 5218 quod
898 5148 1125 5202 omnino
1154 5154 1319 5216 atque
1356 5146 1721 5216 undequaque
1757 5145 1988 5201 maledi-

424 5239 698 5295 ctionibus
728 5240 1056 5311 subjaceret,
1095 5238 1532 5309 ﬂagitiorumque
1551 5253 1776 5294 suorum
1800 5253 1990 5308 poenas

425 5328 616 5394 lueret,
640 5332 1005 5387 miserrimam
1026 5331 1083 5385 in
1114 5329 1276 5385 terris
1293 5329 1461 5384 vitam
1482 5345 1664 5400 agens,
1684 5328 1989 5385 certissimo

423 5420 604 5487 scivit,
654 5421 868 5478 dicente
913 5422 1201 5478 manifeste
1252 5422 1404 5476 Deo:
1456 5439 1476 5474 ι
1513 5422 1635 5476 Non
1693 5421 1801 5487 sic;
1863 5420 1992 5490 quia

427 5511 608 5566 omnis
628 5511 722 5581 qui
744 5513 1183 5580 occideritCain,
1224 5520 1436 5583 septem
1481 5511 1759 5567 vindictas
1811 5510 1993 5566 exsol-

426 5609 537 5654 vet.
584 5620 603 5651 ι
656 5600 875 5671 Septem
919 5618 1049 5657 vero
1080 5605 1233 5687 ponit
1253 5619 1350 5673 pro
1371 5603 1576 5667 multis,
1632 5602 1787 5672 quasi
1812 5601 1991 5655 dicat:

428 5692 725 5748 Multorum
779 5702 942 5764 atque
989 5694 1280 5764 impiorum
1331 5694 1657 5750 delictorum
1698 5693 1996 5749 fratricida:

2039 4587 2059 4605 ’
2099 4597 2195 4653 καὶ
2227 4598 2480 4669 ἀπαρχὴν
2512 4595 2590 4666 τῷ
2632 4596 2847 4667 Θανάτῳ
2896 4597 3080 4651 δίδωσι
3125 4598 3218 4650 τὸν
3251 4597 3539 4666 ὁμαίμονα,
3568 4595 3663 4648 καὶ

2096 4692 2198 4762 τῆς
2233 4693 2314 4754 εἰς
2357 4691 2670 4761 μιαιφονίαν
2716 4690 2836 4744 ὁδοῦ
2868 4694 2933 4759 τῇ
2981 4688 3266 4758 ἀνθρώπου
3312 4687 3471 4757 φύσει
3521 4686 3665 4740 διδά-

2097 4782 2294 4846 σκαλος
2325 4778 2412 4853 ἦν.
2445 4782 2954 4852 Διαπυνθανομένου
2985 4781 3041 4834 δὲ
3062 4780 3155 4833 τοῦ
3187 4779 3319 4832 Θεοῦ
3353 4781 3448 4833 καὶ
3479 4776 3663 4847 λέγον-

2092 4890 2201 4938 τος,
2238 4893 2258 4926 ι
2301 4873 2409 4927 Ποῦ
2440 4872 2604 4927 ’Λεελ
2641 4877 2670 4928 6
2703 4875 2927 4945 ἀδελφός
2962 4891 3090 4938 σου;
3128 4894 3146 4926 ι
3176 4874 3465 4944 ψευδοεπεῖ
3505 4873 3603 4945 μὲν
3634 4873 3664 4924 6

2091 4963 2321 5028 δείλαιος
2340 5005 2355 5029 ,
2384 4966 2477 5019 καὶ
2510 4965 2827 5029 ὑπαντιάζει
2862 4965 3111 5037 σκληρῶς
3140 4965 3231 5033 τὸ,
3259 4985 3277 5017 ι
3322 4966 3437 5018 Ούκ
3466 4960 3601 5029 οἶδα,
3637 4981 3656 5014 ι

2095 5055 2285 5124 λέγων.
2338 5056 2554 5128 Ἐπειδὴ
2598 5057 2653 5109 δὲ
2685 5056 2946 5126 φονευτὴς
2988 5056 3286 5127 ἠλέγχετο,
3319 5056 3413 5111 καὶ
3456 5055 3659 5123 ὑπενή-

2096 5165 2280 5201 νεκται
2307 5151 2426 5207 ταῖς
2461 5150 2639 5220 ἀραῖς,
2661 5148 2817 5218 ᾠήθη
2848 5149 2904 5202 δὲ
2934 5148 3095 5202 πάλιν
3119 5148 3202 5202 ὅτι
3224 5146 3541 5218 τεθνήξεται
3568 5146 3664 5199 καὶ

2096 5238 2292 5304 αὐτὸς,
2333 5240 2424 5293 καὶ
2452 5242 2500 5292 εἰ
2533 5240 2607 5311 μὴ
2644 5240 2883 5309 βούλοιτο
2914 5240 3080 5305 Θεὸς,
3114 5241 3208 5294 καὶ
3240 5239 3393 5303 λύσις
3418 5238 3569 5293 ἔσται
3602 5238 3663 5290 τὸ

2095 5332 2283 5401 χρῆμα
2312 5329 2461 5401 αὐτῷ
2488 5331 2587 5401 τῆς
2615 5333 2681 5385 ἐκ
2717 5330 2852 5385 Θεοῦ
2883 5332 3070 5402 ὀργῆς.
3102 5333 3349 5401 Ἔφασκε
3374 5328 3507 5400 γάρ·
3542 5348 3561 5381 ι
3601 5329 3662 5381 Εί
3696 5374 3702 5380 .

2098 5422 2332 5494 ἐκϐάλῃς
2366 5440 2435 5493 με
2484 5424 2722 5495 σήμερον
2766 5425 2874 5478 ἀπὸ
2919 5424 3212 5495 προσώπου
3256 5427 3357 5495 τῆς
3398 5426 3524 5494 γῆς,
3569 5421 3664 5475 καὶ

2096 5513 2204 5566 ἀπὸ
2230 5513 2323 5567 τοῦ
2357 5514 2648 5584 προσώπου
2677 5532 2769 5569 σου
2799 5515 3168 5587 κρυϐήσομαι,
3196 5515 3290 5569 καὶ
3319 5514 3512 5585 ἔσομαι
3542 5512 3661 5566 στέ-

2099 5621 2206 5658 νων
2245 5606 2341 5658 καὶ
2382 5605 2599 5676 τρέμων
2634 5606 2727 5659 ἐπὶ
2752 5607 2852 5675 τῆς
2878 5608 3003 5677 γῆς,
3029 5608 3124 5661 καὶ
3152 5606 3336 5668 ἐσται,
3372 5606 3478 5667 πᾶς
3511 5604 3539 5655 ό
3569 5602 3661 5654 εὑ-

2102 5694 2303 5764 ρίσκων
2340 5711 2405 5765 με
2439 5696 2725 5749 ἀποκτενεῖ
2764 5713 2851 5767 με,
2897 5716 2915 5749 ι
2967 5696 3106 5750 Ἀλλ’
3129 5698 3210 5752 ὅτι
3252 5697 3428 5765 πάντη
3469 5710 3526 5746 τε
3572 5697 3667 5746 καὶ
