4056 6260
406 344 475 399 57
1428 337 1947 394 GLAPHYROBUM
1982 339 2049 394 IN
2087 338 2387 396 GENESIM
2426 342 2554 398 LIB.
2598 344 2636 397 1.
3584 349 3655 403 38

406 456 620 518 πάντως
647 452 993 508 ὑποκείσεται
1018 456 1138 517 ταις
1177 455 1338 525 ἀραῖς
1370 454 1466 507 καὶ
1493 456 1601 508 τῶν
1627 454 1846 508 οίκείων
1875 456 1959 508 ἀν·

2073 455 2206 512 Cain
2243 473 2461 527 pamam
2505 459 2767 523 exsolvet,
2814 461 2909 530 qui
2953 462 3072 531 ejus
3108 463 3444 531 corporalem
3483 465 3651 518 vitam

401 548 855 620 οσιουργημάτων
901 547 1086 615 ὑφέξει
1129 548 1230 611 τὰς
1270 548 1427 612 δίκας
1469 547 1779 619 τρισάθλιον
1813 549 1870 603 ὲν
1900 552 1970 619 γῇ

405 639 693 711 διατρίϐων
715 638 847 709 βίον,
871 639 1293 711 ὲπληροφορεῖτο
1323 657 1388 694 σα
1398 639 1513 710 φῶς
1535 639 1670 692 Θεοῦ
1701 641 1969 708 λέγοντοςο

412 751 430 782 ι
463 731 577 801 Οὐχ
614 731 812 795 οὕτως,
838 730 920 783 ὅτι
962 731 1071 794 πᾶς
1103 733 1133 783 6
1166 732 1495 795 ἀποκτείνας
1534 731 1673 785 Κάῖν
1714 731 1854 785 ὲπτά
1882 733 1973 784 ὲκ-

407 823 696 893 δικούμενα
743 821 1068 892 παραλύσει.
1123 840 1142 873 ι
1188 823 1263 876 Τὺ
1308 823 1367 876 δὲ
1416 822 1556 877 ὲπτά
1594 822 1811 893 τίθησιν
1854 823 1974 876 ἀντὶ

406 914 498 968 τοῦ
522 913 710 977 πολλὰ,
724 915 911 984 ὅμοιον
933 911 1026 968 οὖν
1047 914 1124 978 ὡς
1147 916 1196 969 εί
1214 915 1384 984 λέγει,
1410 914 1732 968 πολλῶνκαλ⁵
1745 916 1974 970 ἀνοσίων

404 1003 888 1075 πλημμελημάτων
945 1008 1218 1076 χαριεῖται
1276 1004 1430 1075 δίκην
1478 1004 1557 1076 τῷ
1598 1005 1973 1075 ἀδελφοκτόνῳ

406 1094 566 1158 Κάῖν,
586 1095 615 1147 6
641 1095 742 1163 τῆς
767 1094 1089 1164 ὲνσωμάτου
1116 1094 1261 1165 ζωῆς
1297 1095 1470 1157 ἀνιεὶς
1512 1095 1694 1148 αὐτόν.
1725 1094 1788 1147 Et
1814 1094 1872 1148 δὲ
1907 1095 1970 1165 δή

399 1201 485 1246 τις
511 1185 689 1239 ἕλοιτο
716 1187 811 1239 καὶ
838 1186 980 1239 ἑπτά
1014 1184 1106 1239 τὸν
1137 1185 1370 1256 ἀριθμὸν
1408 1181 1545 1240 εῖναι
1571 1185 1753 1254 λέγειν
1781 1185 1850 1238 τά
1875 1187 1970 1238 ὲκ-

401 1273 719 1345 δικούμενα,
755 1274 990 1345 χαλεπὸν
1031 1275 1184 1328 οὐδὲν
1222 1274 1635 1347 ἀναμετροῦντα
1659 1277 1856 1339 εἰπεῖν,
1889 1274 1970 1328 δτι

401 1363 591 1436 πρώτη
628 1365 729 1434 μὲν
761 1367 1005 1437 ἁμαρτία
1045 1365 1124 1436 τῷ
1153 1366 1316 1428 Κάῖν,
1344 1366 1405 1419 τὸ
1435 1365 1510 1437 μὴ
1542 1365 1734 1419 διελεῖν
1770 1365 1967 1436 ὀρθῶς,

406 1456 541 1525 μήτε
578 1455 684 1526 μὴν
720 1456 987 1527 ἀναθῆναι
1016 1456 1135 1527 Θεῴ
1168 1457 1238 1509 τά
1276 1457 1494 1510 πάντων
1530 1455 1805 1527 ἐξαίρετα.
1839 1455 1969 1508 Δεῦ-

401 1562 556 1616 τερον
583 1547 641 1600 δὲ
659 1546 724 1617 δὴ
746 1547 806 1600 τὸ
839 1547 1085 1618 μαθόντα
1112 1548 1211 1618 τὴν
1247 1548 1518 1618 ἁμαρτίαν
1556 1547 1629 1617 μὴ
1667 1547 1968 1618 τραπέσθαι

402 1635 537 1705 πρὸς
569 1636 909 1704 μετάγνωσιν
931 1676 945 1699 ,
970 1637 1064 1690 καὶ
1093 1640 1212 1700 ταῖς
1244 1638 1326 1698 είς
1363 1635 1427 1688 τὸ
1469 1636 1688 1705 ἄμεινον
1732 1636 1962 1708 ἀναδρο-

407 1731 533 1797 μαῖς
564 1728 895 1799 ἐπανορθοῦν
921 1730 988 1783 τά
1012 1727 1402 1799 διεπταισμένα
1421 1770 1435 1794 ,
1480 1727 1886 1799 καταθήγεσθαι
1910 1728 1968 1782 δὲ

2075 549 2295 603 laeserit.
2332 549 2389 604 Si
2416 550 2541 620 quis
2568 560 2751 605 autem
2780 551 2912 606 velit
2947 553 3315 622 septenarium
3338 569 3650 620 numerum,

2074 656 2137 695 ea
2161 641 2275 710 ipsa
2312 630 2549 710 quorum
2593 641 2833 697 vindicta
2876 644 3150 710 sumitur,
3202 645 3406 709 dicere,
3447 661 3653 716 nequa-

2074 746 2238 802 quam
2266 732 2552 788 erraverit.
2585 734 2830 789 Primum
2857 735 3007 789 enim
3051 746 3336 806 peccatum
3358 735 3491 792 Cain
3521 737 3647 802 fuit,

2078 823 2180 893 17
2207 823 2357 893 quod
2379 839 2491 879 non
2517 834 2666 881 recte
2702 828 2939 896 partitus
2970 827 3159 893 fuerit,
3191 844 3370 898 neque
3402 829 3648 883 omnium

2073 914 2281 985 optima
2302 915 2416 971 Deo
2437 917 2792 972 consecrarit.
2829 916 3144 973 Secundum
3171 933 3325 984 vero,
3358 917 3526 988 quod,
3558 934 3649 974 co-

2072 1004 2225 1077 gnito
2247 1011 2496 1074 peccato,
2512 1005 2835 1074 pmnitentia
2860 1004 3057 1060 ductus
3083 1020 3195 1060 non
3231 1006 3322 1070 sit,
3346 1022 3526 1076 neque
3562 1022 3649 1061 re-

2072 1095 2191 1149 ditu
2215 1094 2286 1149 ad
2308 1094 2505 1149 melius
2529 1102 2814 1164 peccatum
2848 1110 3008 1150 suum
3034 1094 3363 1160 emendarit,
3393 1097 3648 1167 quodque

2073 1183 2443 1241 inﬂammatus
2466 1184 2633 1240 fuerit
2671 1183 2739 1238 ad
2769 1185 2927 1249 iram,
2964 1186 3308 1255 proximique
3346 1187 3432 1239 sui
3476 1187 3648 1257 gloria

2074 1277 2345 1343 irritatus,
2373 1292 2538 1349 quem
2572 1277 2772 1331 imitari
2797 1277 2982 1347 potius
3010 1293 3108 1348 par
3132 1286 3272 1343 erat,
3305 1293 3416 1333 non
3461 1278 3635 1333 inimi-

2072 1385 2199 1426 cum
2224 1384 2471 1432 censere,
2496 1377 2658 1438 atque
2692 1368 2894 1437 iniquis
2931 1370 3104 1425 oculis
3147 1370 3367 1425 intueri.
3400 1370 3644 1424 Tertium

2071 1468 2275 1524 autem,
2302 1474 2367 1514 ac
2385 1458 2558 1513 veluti
2587 1457 2771 1512 aditus
2802 1458 3029 1528 quidam
3066 1459 3133 1514 ad
3156 1459 3359 1514 eadem
3390 1461 3645 1515 commit-

2071 1549 2312 1613 tendam,
2373 1547 2615 1602 crudelis
2655 1549 2881 1602 invidia.
2935 1549 3202 1616 Quartum
3252 1565 3418 1614 vero,
3473 1550 3643 1604 illud:

2077 1660 2096 1693 ι
2138 1639 2499 1711 Egrediamur
2529 1640 2585 1693 in
2608 1655 2882 1709 campum,
2930 1660 2949 1691 ι
2983 1640 3093 1696 doli
3131 1657 3196 1696 ac
3237 1641 3445 1697 fraudis
3483 1656 3646 1711 argu-

2070 1740 2336 1787 mentum.
2368 1730 2631 1799 Quintum
2681 1732 2862 1802 impiae
2895 1731 3060 1786 caedis
3099 1734 3327 1787 crimen.
3365 1734 3645 1787 Annumo-

403 1819 540 1888 πρὸς
589 1819 790 1890 ὸργάς,
836 1821 930 1872 καὶ
988 1822 1109 1881 ταῖς
1162 1818 1256 1872 τοῦ
1315 1819 1488 1882 πέλας
1551 1819 1960 1889 εὐδοκιμήσεων

2075 1824 2182 1877 rari
2213 1839 2346 1879 vero
2400 1838 2500 1893 pro
2538 1831 2691 1878 sexto
2741 1832 2966 1892 peccato
2986 1833 3198 1892 potest,
3240 1824 3464 1877 mentiri
3511 1823 3642 1877 Deo.

402 1908 804 1978 ὲποτρύνεσθαι·
835 1909 894 1962 ὃν
925 1908 1032 1962 ἔδει
1080 1925 1183 1962 που
1234 1910 1452 1972 πάντως
1493 1907 1708 1961 ἑλέσθαι
1750 1907 1966 1978 ζηλοῦν,

399 1999 497 2051 οὐκ
525 1997 718 2070 ἐχθρὸν
743 1999 1000 2069 ἡγεῖσθαι
1020 2041 1035 2065 ,
1067 1999 1164 2054 καὶ
1204 1999 1411 2062 ἀδίκοις
1456 1998 1698 2068 ὄμμασιν
1736 1998 1967 2052 ὑποϐλέ-

398 2089 618 2145 πεσθαι.
648 2091 822 2162 Τρίτη
849 2092 906 2144 δὲ
946 2091 1041 2144 καὶ.
1080 2091 1401 2162 προεισεολή
1434 2091 1524 2154 τις
1560 2090 1748 2161 ὥσπερ
1767 2091 1864 2162 τῆς
1889 2092 1968 2156 είς

398 2179 460 2233 τὸ
503 2181 702 2251 χρῆναι
754 2183 920 2253 φονᾷν
961 2183 1318 2253 ἀγριότητος,
1361 2185 1390 2236 6
1431 2183 1703 2252 ἀνήμερος
1750 2181 1963 2251 φθόνος.

400 2269 646 2343 Τετάρτη
671 2272 716 2325 δ’
752 2274 902 2339 αὐτὸ,
941 2292 961 2325 ι
992 2273 1297 2345 Διέλθωμεν
1324 2275 1404 2338 εἰς
1428 2272 1487 2327 τὸ
1510 2273 1712 2339 πεδίον,
1758 2291 1777 2325 ι
1812 2274 1962 2326 δόλου

398 2360 494 2413 καὶ
529 2361 746 2431 ἀπάτης
783 2361 1054 2426 ἀπόδειξιν
1091 2362 1232 2432 ἔχον.
1257 2363 1485 2433 Πέμπτη
1525 2364 1581 2416 δὲ
1622 2365 1721 2435 τῆς
1747 2364 1962 2418 ἀνοσίου

398 2453 706 2521 μιαιφονίας
744 2453 812 2507 τά
843 2453 1187 2524 ἐγκλήματα.
1234 2454 1665 2525 Καταλογισθείη
1703 2455 1747 2506 δ’
1787 2455 1853 2507 ἂν
1888 2456 1967 2519 είς

2074 1914 2179 1968 Pro
2202 1913 2454 1983 septimo,
2483 1913 2630 1982 quod
2677 1912 2849 1966 invito
2881 1912 2995 1967 Deo
3018 1914 3356 1968 existimaret
3389 1929 3447 1968 se
3487 1929 3645 1983 posse

2073 2004 2315 2074 eﬂ’ugere
2368 2002 2719 2072 supplicium,
2757 2002 2866 2056 vita
2910 2003 3183 2072 corporali
3232 2013 3432 2072 praeter
3473 2004 3648 2073 ipsius

2071 2096 2409 2149 voluntatem
2476 2102 2745 2162 ereptum.
2802 2091 3116 2148 «Caeterum
3171 2094 3363 2159 dedit,
3428 2094 3646 2164 inquit,

2072 2185 2220 2239 Deus
2241 2184 2456 2253 signum
2487 2181 2652 2245 Cain,
2692 2189 2754 2235 ut
2781 2181 3264 2239 noninterﬁceret
3290 2199 3418 2237 eum
3467 2184 3648 2237 omnis

2071 2274 2168 2345 qui
2218 2273 2516 2327 invenisset
2541 2287 2688 2326 eum.
2738 2271 2806 2324 Et
2847 2285 3105 2340 egressus
3135 2279 3221 2326 est
3264 2272 3399 2326 Cain
3435 2288 3466 2326 a
3507 2271 3645 2326 faeie

2068 2363 2186 2418 Dei.
2235 2382 2254 2415 ι
2317 2362 2510 2418 Statim
2571 2371 2753 2418 autem
2818 2361 3295 2417 maledictionibus
3368 2362 3648 2431 subjectus

2062 2453 2186 2519 fuit,
2215 2453 2437 2523 odiique
2462 2452 2656 2507 modus
2692 2452 3020 2507 subsecutus
3046 2460 3150 2507 est.
3191 2453 3329 2506 Eum
3374 2452 3524 2507 enim
3548 2452 3644 2521 qui

394 2544 551 2598 ἕκτον
584 2545 735 2616 αὐτῷ
767 2545 1169 2616 πλημμέλημα,
1193 2545 1255 2598 τὸ
1290 2546 1653 2617 ψευδοεπῆσαι
1690 2546 1779 2600 τὸν
1808 2546 1960 2599 Θεὸν.

2063 2545 2167 2616 iam
2196 2545 2264 2600 ad
2294 2559 2568 2599 summum
2601 2543 2846 2598 omnium
2873 2543 3141 2598 malorum
3176 2544 3511 2613 pervenerit,
3533 2558 3644 2613 quo

396 2635 490 2698 Είς
527 2636 753 2706 ἕϐδομον
784 2636 862 2701 δὲ,
891 2636 953 2690 τὸ
980 2639 1204 2701 ἄκοντος
1227 2635 1320 2690 τοῦ
1353 2636 1507 2701 Θεοῦ,
1537 2637 1778 2707 νομίζειν
1801 2636 1960 2689 δύνα-

2063 2644 2217 2705 pacto
2239 2636 2533 2705 purissima
2573 2635 3024 2704 sanetissimaque
3071 2645 3267 2691 natura
3299 2652 3408 2691 non
3450 2651 3640 2707 asper-

399 2726 516 2778 σθαι
548 2727 826 2799 διαδρᾶναι
849 2726 948 2791 τὰς
977 2727 1152 2793 δίκας,
1184 2730 1284 2797 τῆς
1330 2731 1387 2781 ὲν
1437 2727 1650 2796 σώματι
1691 2728 1835 2797 ζωῆς
1860 2728 1961 2781 οὐκ
2058 2728 2266 2781 netur?

396 2815 732 2887 ἀνεθελήτως
761 2818 1200 2889 ἀπηλλαγμένον.
1244 2838 1264 2869 ι
1324 2818 1484 2871 Ἀλλά
1518 2817 1748 2882 δέδωκε,
1814 2818 2000 2888 φησὶν,
2036 2818 2065 2869 6
2105 2815 2239 2878 Θεὸς
2287 2818 2510 2886 σημεῖον
2545 2813 2622 2884 τῷ
2653 2815 2792 2868 Κάῖν
2839 2813 2933 2868 τοῦ
2975 2815 3049 2885 μὴ
3091 2816 3411 2871 ἀποκτεῖναι
3479 2818 3640 2871 αὐτὸν

398 2909 571 2963 πάντα
630 2910 720 2964 τὸν
768 2911 1091 2980 εὑρίσκοντα
1134 2911 1326 2965 αὐτόν.
1371 2910 1594 2980 Ἐξῆλθε
1629 2911 1686 2963 δὲ
1727 2911 1867 2964 Κὰῖν
1932 2911 2040 2963 ἀπὸ
2080 2906 2374 2980 προσώπου
2425 2906 2518 2960 τοῦ
2566 2906 2722 2962 Θεοῦ.
2773 2928 2792 2959 ›
2845 2906 3133 2976 ’Υπέκειτο
3184 2907 3240 2960 δὲ
3299 2909 3640 2979 παραχρῆμα

396 3004 513 3064 ταῖς
536 3003 714 3071 ἀραῖς,
745 3005 839 3056 καὶ
864 3006 892 3056 6
911 3004 1010 3073 τῆς
1047 3005 1398 3075 ἀποστροφῆς
1431 3004 1714 3074 ἠκολούθει
1740 3005 1960 3074 τρόπος.
2002 3004 2107 3056 Τὸν
2137 3003 2243 3072 γάρ
2273 3019 2354 3054 τοι
2394 3003 2528 3072 πρὸς
2592 3000 2742 3071 λῆξιν
2803 3000 2898 3053 τοῦ
2927 3001 3131 3062 παντὸς
3172 3000 3273 3070 ήδη
3320 3001 3639 3056 διελάσαντα

398 3096 570 3148 κακοῦ
605 3098 988 3151 ἑποπτεύσειεν
1031 3098 1096 3152 ἂν
1131 3099 1248 3163 πῶς
1282 3102 1315 3168 ή
1352 3100 1626 3166 πάναγνος
1652 3101 1746 3151 καὶ
1791 3098 2068 3168 ἁγιωτάτη
2098 3096 2298 3166 (ptime;

461 3191 535 3246 γ’.
572 3186 681 3239 Καὶ
714 3188 870 3239 ταυτὶ
894 3187 991 3257 μὲν
1037 3189 1166 3258 ήμῖν
1206 3188 1283 3252 ὡς
1325 3190 1384 3240 ἐν
1426 3187 1589 3258 πάχει
1621 3189 1960 3258 πραγμάτων

2139 3185 2191 3238 5.
2233 3186 2409 3253 Atque
2435 3183 2551 3237 haec
2579 3182 2801 3252 quidem
2846 3182 2972 3236 rudi
2997 3177 3160 3238 modo
3181 3191 3344 3255 atque
3380 3184 3639 3243 historice

397 3276 490 3328 καὶ
535 3276 821 3346 ίπορικῶς
868 3278 1104 3348 εἰρήσθω
1143 3279 1299 3342 τέως.
1356 3278 1844 3349 Μεταχρωννύντες
1902 3279 1959 3332 δὲ

393 3364 580 3434 ὥσπερ
605 3364 704 3435 τῆς
721 3365 928 3430 είκόνος
952 3366 1050 3438 τὴν
1079 3367 1315 3439 γραφὴν,
1340 3369 1432 3420 καὶ
1456 3368 1553 3438 τὴν
1589 3370 1646 3420 ἐν
1678 3368 1758 3438 τῷ
1782 3369 1958 3439 γράμ-

395 3473 522 3524 ματι
555 3455 716 3509 σκιὰν
748 3458 1251 3528 μεταχαράττοντες
1284 3461 1367 3522 είς
1399 3458 1678 3528 ἀλήθειαν,
1710 3460 1839 3528 φέρε
1868 3459 1955 3528 δὴ,

391 3548 522 3619 φέρε
540 3589 555 3616 ,
581 3550 676 3602 καὶ
707 3548 827 3602 λίαν
871 3549 1065 3619 ἰσχνῶς
1092 3550 1296 3604 ’ἐκαστα
1339 3550 1716 3621 βασανίζοντες
1735 3592 1750 3615 ,
1783 3553 1957 3604 ἐκεῖνο

389 3640 636 3710 λέγωμεν
655 3682 670 3706 ,
699 3641 782 3694 ὅτι
807 3641 869 3694 τὸ
906 3641 1144 3712 Χριστοῦ
1177 3644 1475 3713 μυστήριον
1501 3643 1847 3714 καταθρήσαι
1871 3659 1956 3705 τις

390 3728 454 3782 ἂν
480 3731 1029 3801 προανατυπούμενον
1058 3732 1115 3784 ὲν
1145 3732 1341 3802 ἀρχαῖς
1374 3732 1449 3796 ὡς
1478 3736 1535 3786 ὲν
1566 3735 1693 3803 σκιᾷ
1714 3732 1788 3802 τῷ
1817 3749 1955 3801 συμ-

388 3821 662 3890 ϐεϐηκότι.
696 3823 842 3875 Ἔδει
875 3822 1005 3893 γὰρ,
1028 3822 1133 3875 ἔδει
1164 3822 1261 3892 τῆς
1290 3823 1575 3894 ἀνθρώπου
1607 3824 1820 3893 φύσεως
1845 3822 1957 3875 δια-

386 3910 634 3980 τεθείσης
659 3913 739 3974 είς
773 3912 1068 3981 ἁμαρτίαν,
1098 3911 1190 3964 καὶ
1224 3914 1333 3972 τοῖς
1357 3911 1450 3966 τοῦ
1475 3912 1705 3966 θανάτου
1743 3912 1956 3981 βρόχοις

385 3999 662 4070 ἀδοκήτως
699 4000 1098 4071 ὲνειλημμένης
1117 4038 1133 4062 ,
1158 3999 1219 4052 τὸ
1244 4001 1343 4071 τῆς
1368 4004 1442 4065 εἰς
1474 4002 1534 4053 τὸ
1563 4002 1786 4070 ἄμεινον
1820 4001 1950 4053 ἀνα-

385 4091 615 4160 κομιδῆς
665 4091 1176 4162 προαναφωνεῖσθαι
1229 4093 1558 4163 μυστήριον,
1605 4091 1702 4146 καὶ
1746 4091 1837 4143 τὸν
1884 4092 1953 4144 δι’

383 4185 533 4253 ἡμᾶς
577 4184 674 4237 καὶ
718 4183 859 4254 ὑπὲρ
901 4184 1058 4254 ἡμῶν
1096 4183 1490 4255 τεθνηξόμενον
1538 4182 1681 4236 κατὰ
1726 4184 1951 4253 καιροὺς

386 4273 462 4343 μὴ
493 4272 825 4343 ἀγνοηθῆναι
848 4275 1100 4343 Χριστόν.
1137 4273 1436 4343 Πεποίηται
1467 4272 1644 4327 τοίνυν
1682 4272 1710 4323 6
1740 4271 1955 4343 προπά-

380 4380 499 4434 τωρ
542 4363 716 4432 Ἀδάμ
747 4365 891 4415 κατά
917 4381 980 4431 γε
1012 4363 1109 4432 τὴν
1151 4365 1331 4417 πίστιν
1358 4362 1466 4416 τῶν
1502 4362 1660 4433 ἱερῶν
1686 4363 1952 4432 Γραμμά-

383 4470 495 4506 των
515 4492 530 4518 ,
557 4452 676 4505 κατ’
708 4453 890 4505 είκόνα
924 4454 1015 4507 καὶ
1048 4454 1166 4508 καθ’
1188 4455 1444 4525 ὁμοίωσιν
1475 4453 1630 4507 Θεοῦ.
1652 4455 1949 4522 Γεγέννην-

2063 3274 2330 3328 hactenus
2365 3271 2509 3326 dicta
2555 3269 2685 3325 sint.
2715 3269 2783 3324 At
2826 3286 2958 3325 vero
2993 3271 3244 3342 imaginis
3293 3274 3639 3331 lineamentis

2060 3379 2188 3419 suos
2208 3364 2418 3418 colores
2434 3362 2882 3432 superducentes,
2907 3371 2962 3417 et
2980 3364 3229 3418 umbram
3258 3365 3454 3421 littera:
3474 3367 3541 3421 ad
3559 3368 3637 3422 rei

2059 3456 2343 3510 veritatem
2379 3453 2857 3519 transformantes,
2891 3469 2955 3509 ac
2993 3455 3205 3525 singula
3231 3457 3514 3512 subtiliter
3547 3459 3635 3513 in-

2059 3542 2409 3612 vestigantes,
2436 3541 2575 3595 illud
2609 3541 2875 3606 dicamus,
2905 3541 3052 3610 quod
3079 3542 3285 3598 Christi
3313 3545 3635 3614 mysterium

2058 3633 2113 3686 in
2153 3632 2220 3686 iis
2274 3647 2395 3700 quae
2442 3631 2572 3684 olim
2623 3630 2986 3695 acciderunt,
3026 3631 3436 3701 prmﬁguratum
3476 3633 3634 3687 facile

2057 3723 2182 3792 quis
2213 3730 2488 3793 agnoscat.
2522 3720 2823 3790 Oportebat
2867 3722 3015 3776 enim
3051 3723 3306 3792 prolapsa
3345 3723 3401 3776 in
3446 3740 3636 3792 pecca-

2058 3822 2172 3868 tum
2202 3813 2441 3867 humana
2488 3821 2703 3877 natura,
2744 3813 3049 3881 mortisque
3081 3814 3300 3881 laqueis
3351 3814 3635 3881 inOpinato

2057 3905 2324 3969 involuta,
2361 3906 2680 3975 mysterium
2712 3904 3149 3959 restitutionisin
3171 3903 3365 3956 melius
3389 3903 3632 3970 praedici,

2056 4003 2111 4048 et
2147 4010 2273 4049 eum
2304 3997 2398 4062 qui
2435 4002 2660 4063 pr0pter
2691 4009 2813 4054 nos,
2849 4008 2912 4045 ac
2937 4008 3041 4060 pro
3070 3992 3231 4046 nobis
3261 4007 3360 4045 suo
3390 3997 3652 4062 tempore'

2056 4081 2356 4134 moriturus
2376 4089 2514 4143 erat,
2545 4079 2825 4132 Christum
2859 4094 2969 4132 non
2995 4079 3254 4148 ignorari.
3298 4079 3495 4136 Factus
3531 4081 3633 4151 igi-

2056 4178 2145 4223 tur
2163 4179 2248 4224 est
2284 4169 2495 4239 primus
2519 4178 2672 4239 pater
2698 4169 2892 4234 Adam,
2932 4178 3097 4238 prout
3121 4170 3523 4226 sacrreLittcrte
3551 4181 3632 4226 te-

2054 4270 2287 4325 stantur,
2314 4262 2470 4330 juxta
2509 4261 2800 4330 imaginem
2825 4276 2888 4315 ac
2909 4260 3328 4317 similitudinem
3362 4262 3478 4316 Dei.
3509 4263 3630 4318 Nati

2054 4359 2235 4405 autem
2284 4358 2411 4404 sunt
2442 4356 2498 4403 et
2533 4358 2924 4419 processerunt
2959 4351 3027 4404 ab
3052 4365 3138 4414 eo,
3175 4351 3386 4419 primus
3407 4350 3629 4420 quidem

2051 4444 2222 4509 Cain;
2286 4442 2562 4496 secundus
2605 4454 2739 4494 vero
2777 4450 2900 4509 post
2928 4440 3119 4506 illum,
3159 4441 3312 4495 Abel.
3359 4441 3631 4496 Caaterum

384 4561 476 4596 ται
503 4543 560 4597 δὲ
587 4544 681 4597 καὶ
716 4545 978 4614 προῆλθον
1005 4547 1100 4600 ἀπ’
1140 4545 1328 4607 αὐτοῦ,
1356 4546 1568 4614 πρῶτος
1604 4546 1702 4614 μὲν
1731 4547 1758 4598 6
1788 4545 1950 4608 Κάῖν,

2063 4534 2228 4590 Caino
2251 4535 2472 4604 quidem
2508 4533 2725 4587 lsraelis
2748 4548 3042 4602 personam
3071 4533 3626 4588 accommodabimus.

380 4633 630 4703 δεύτερος
662 4634 719 4686 δὲ
747 4636 862 4704 μετ’
886 4636 1090 4689 ἐκεῖνον
1114 4637 1143 4687 6
1177 4635 1363 4688 Ἀϐελ.
1401 4634 1558 4687 Ἀλλὰ
1582 4632 1657 4704 τῷ
1689 4634 1785 4704 μὲν
1809 4635 1950 4687 Κάῖν

2063 4630 2332 4699 Siquidem
2391 4629 2505 4698 ipse
2576 4630 2740 4683 etiam
2792 4629 3067 4694 Christus,
3126 4630 3357 4699 populos
3410 4630 3628 4686 Iudaeo-

379 4725 439 4777 τὸ
465 4723 526 4788 ἐξ
567 4725 785 4795 Ἰσραὴλ
818 4726 1109 4796 πρόσωπον
1146 4725 1534 4796 περιθήσομεν.
1575 4723 1723 4776 Ἐπεί
1750 4740 1830 4775 τοι
1857 4721 1946 4776 καὶ

2063 4736 2175 4776 rum
2198 4722 2405 4777 eisdem
2426 4736 2551 4774 cum
2586 4720 2757 4775 Caino
2783 4722 3030 4776 moribus
3060 4722 3316 4791 praeditos
3343 4723 3521 4790 ipsum
3552 4723 3626 4775 si-

380 4815 540 4877 αὐτὸς
569 4817 597 4868 6
617 4815 852 4886 Χριστὸς
886 4817 1205 4887 ἰσοτρόπους
1234 4815 1393 4878 ὄντας
1416 4815 1494 4885 τῷ
1519 4816 1658 4867 Κὰῖν
1690 4814 1816 4874 τοὺς
1842 4812 1950 4864 τῶν

2063 4813 2311 4884 gniﬁcare
2362 4813 2709 4882 praedicabat.
2757 4813 2835 4867 Ita
2883 4813 3032 4867 enim
3071 4812 3148 4866 ait
3187 4831 3198 4864 :
3240 4831 3257 4863 ι
3304 4812 3358 4865 Si
3390 4827 3486 4865 vos
3525 4814 3628 4881 ιθ

392 4903 654 4958 Ἰουδαίων
681 4906 916 4976 δήμους,
952 4907 1115 4959 αὑτὸν
1150 4907 1544 4978 προσημαίνειν
1579 4905 1748 4974 ἠξίου.
1778 4905 1950 4965 Αὐτὸς

2063 4902 2365 4955 manseritis
2386 4903 2443 4955 in
2469 4917 2722 4956 sermone
2759 4917 2901 4966 meo,
2933 4918 3062 4956 vere
3085 4900 3340 4969 discipuli
3369 4901 3475 4953 mei
3515 4901 3626 4954 eri-

381 4996 487 5065 γὰρ
519 4996 775 5064 ἔφασκεν·
825 5018 843 5050 ι
888 5000 1014 5053 Ἐἀν
1055 5001 1212 5069 ὑμεῖς
1261 5000 1457 5069 μένητε
1495 4998 1552 5049 ἐν
1580 4998 1657 5067 τῷ
1695 4996 1835 5065 λόγῳ
1870 4995 1947 5065 τῷ

2063 4992 2147 5057 lis,
2178 5000 2233 5046 et
2275 4994 2614 5062 cognoscetis
2655 4994 2941 5047 veritatem
2966 5034 2980 5057 ,
3027 5001 3083 5047 et
3128 4992 3334 5046 veritas
3371 4990 3626 5044 liberabit

383 5082 530 5152 δμῷ,
568 5084 782 5155 ἀληθῶς
842 5087 1081 5158 μαθηταί
1126 5104 1227 5157 μου
1271 5087 1492 5150 ἔσεσθε,
1535 5087 1628 5140 καὶ
1671 5086 1945 5154 γνώσεσθε

382 5171 476 5242 τὴν
509 5174 800 5246 ἀλήθειαν,
835 5178 932 5231 καὶ
976 5181 1010 5247 ἡ
1056 5177 1283 5248 ἀλήθεια
1326 5176 1682 5250 ἐλευθερώσει
1727 5177 1890 5247 ὑμᾶς.
1926 5195 1944 5229 ι

381 5263 442 5313 Ol
466 5263 520 5315 δὲ
544 5266 641 5332 τῆς
667 5267 943 5338 πατρικῆς
965 5267 1279 5338 ἐλευθερίας
1305 5267 1366 5319 οὐ
1404 5267 1677 5327 συνιέντες
1716 5267 1776 5318 τὸ
1818 5265 1950 5319 κάλο

378 5352 494 5418 λος,
535 5361 818 5428 σαρκικοῖς
867 5359 1181 5430 αὐχήμασιν
1233 5357 1646 5427 ὲναγλαῒζεσθαι
1692 5359 1803 5411 δεῖν
1851 5361 1946 5410 ὲπ-

372 5447 648 5517 εχείρουν,
684 5451 958 5518 λέγοντες·
1007 5471 1026 5502 ι
1064 5450 1295 5520 Σπέρμα
1341 5451 1591 5520 Ἀϐραάμ
1624 5452 1821 5520 ἐσμεν,
1850 5450 1945 5502 καὶ

367 5536 548 5590 οὐδενὶ
591 5540 1015 5611 δεδουλεύκαμεν
1064 5539 1305 5594 πώποτε.
1335 5541 1456 5604 Πῶς
1504 5543 1567 5595 σὺ
1614 5540 1826 5607 λέγεις,
1861 5541 1941 5592 ὅτι

1180 5717 1222 5747 ⁸³
1261 5719 1393 5771 ibid.

449 5711 494 5745 "
529 5716 684 5772 Joan.
719 5735 829 5779 vm,
866 5719 955 5779 51,
986 5719 1075 5770 52.
1180 5717 1222 5747 ³³
1261 5719 1393 5771 ibid.
1429 5719 1517 5772 35.

2057 5100 2153 5141 vos
2183 5085 2247 5137 δ’.
2284 5103 2302 5135 ι
2349 5085 2430 5138 Illi
2471 5100 2601 5139 vero
2645 5094 2885 5155 paternae
2932 5085 3206 5139 libertatis
3256 5082 3623 5152 pulchritudi-

2048 5192 2172 5231 nem
2195 5190 2542 5244 nequaquam
2580 5176 2968 5245 intelligentes,
2999 5173 3393 5243 earnaligloria
3429 5171 3624 5226 ﬂorere

2048 5267 2361 5329 studebant,
2395 5267 2643 5322 dicentes
2678 5285 2690 5320 :
2737 5286 2754 5317 ι
2803 5266 3000 5320 Semen
3035 5265 3267 5319 Abrahae
3287 5278 3480 5316 sumus
3505 5303 3518 5326 ,
3570 5274 3624 5316 et

2045 5358 2251 5412 nemini
2293 5359 2621 5411 servit-imus
2650 5372 2910 5424 unquam.
2948 5354 3231 5419 Quomodo
3255 5362 3313 5407 tu
3341 5353 3496 5417 dicis,
3532 5353 3625 5406 Li-

2044 5450 2162 5503 beri
2214 5448 2370 5501 critis
2402 5449 2483 5501 u?
2512 5468 2528 5498 ι
2563 5447 2704 5513 Quid
2737 5446 2904 5513 igitur
2932 5444 2997 5496 ad
3027 5442 3141 5496 haec
3172 5443 3465 5499 Christus?
3495 5462 3512 5492 ι
3568 5443 3626 5493 Si

2046 5541 2174 5604 lilii,
2215 5559 2231 5589 ι
2269 5538 2466 5607 inquit,
2501 5557 2517 5588 ι
2570 5536 2802 5590 Abrahae
2833 5535 3056 5598 essetis,
3089 5548 3254 5604 Opera
3277 5530 3512 5589 Abrahzc
3544 5531 3625 5583 ιιι-
