4056 6260
393 356 462 413 39
1414 343 1470 399 S.
1512 341 1788 398 CYRILLI
1826 339 2299 398 ALEXANDRINI
2332 342 2651 400 ARCHIEP.
3574 345 3646 401 40

390 464 609 523 ceretis.
640 462 797 519 Nune
827 469 1012 517 autem
1050 457 1300 530 quaeritis
1328 472 1417 512 me
1456 455 1768 511 interﬁcere
1797 455 1975 510 homi-

2090 459 2397 531 Ἐλεύθεροι
2429 458 2656 526 tacetis;
2698 478 2716 510 ι
2754 459 2820 512 Τί
2844 453 2936 514 οὖν
2975 459 3111 531 πρὸς
3159 459 3328 513 ταῦτα
3373 461 3642 532 Χριστόςς

391 573 540 622 nem,
581 555 676 625 qui
707 554 998 609 veritatem
1031 552 1190 607 vobis
1214 552 1433 605 locutus
1459 561 1580 603 sum
1609 587 1625 611 ,
1669 561 1834 616 quam
1871 563 1972 601 au-

392 649 506 706 divi
538 663 570 703 a
600 648 802 710 Patre;
847 645 954 699 hoc
989 643 1266 697 Abraham
1304 655 1417 695 non
1449 638 1668 694 fecit“.
1699 657 1716 689 ι
1756 638 1973 693 Patrem

391 749 575 796 autem
607 738 740 811 ipsis
768 737 963 792 tribuit
1002 735 1258 790 Satanam
1281 774 1296 796 ,
1333 732 1524 787 dicens
1559 749 1571 784 :
1605 749 1622 782 ι
1654 731 1762 786 Vos
1792 729 1974 784 facitis

390 849 557 905 opera
583 832 755 902 patris
793 830 986 885 vestri.
1015 827 1112 881 Ille
1136 823 1413 879 homicida
1446 830 1566 877 erat
1596 821 1665 876 ab
1691 819 1851 875 initio
1871 860 1885 884 ,
1918 827 1975 874 et

391 925 450 980 in
483 926 712 979 veritate
729 937 840 977 non
863 919 1036 984 stetit,
1066 917 1195 987 quia
1218 914 1452 971 mendax
1486 922 1590 977 est,
1623 913 1974 982 quemadmo-

391 1015 524 1070 dum
553 1022 608 1068 et
634 1022 789 1084 pater
826 1012 946 1082 ejus
973 1009 1041 1062 ".
1077 1026 1096 1060 ι
1140 1007 1495 1084 Nequaquam
1522 1019 1654 1059 vero
1689 1002 1973 1058 existima-

390 1106 596 1169 bimus,
635 1082 792 1158 recte
832 1100 1136 1156 sentientes
1159 1137 1174 1162 ,
1201 1082 1484 1152 Christum
1523 1093 1677 1165 pravi
1715 1109 1780 1148 ac
1808 1093 1976 1148 totius

393 1196 522 1252 mali
558 1194 803 1250 auctoris
837 1191 1102 1247 daamonis
1127 1187 1478 1252 meminisse;
1511 1184 1606 1240 sed
1650 1182 1856 1238 rabidis
1875 1181 1974 1237 Ju-

305 1299 308 1302 ’
393 1289 546 1353 dacis,
580 1286 910 1356 impiamque
951 1283 1056 1353 ipsi
1101 1281 1304 1337 czedem
1345 1276 1823 1340 machinantibus,
1855 1274 1974 1344 pri-

395 1395 543 1432 mum
578 1379 734 1432 illum
757 1375 1087 1430 homicidam
1107 1370 1492 1440 mendaciique
1505 1368 1971 1433 concinnatorem,

391 1471 547 1536 Cain,
582 1471 802 1539 inquam
823 1508 836 1533 ,
875 1476 1086 1536 patrem
1115 1464 1393 1528 statuisse,
1435 1471 1600 1530 atque
1643 1460 1793 1514 illius
1815 1459 1974 1513 Sata-

394 1577 519 1616 nam
574 1558 782 1631 peccati
844 1565 1148 1613 auctorem.
1208 1553 1594 1620 Quzerentibus
1650 1549 1970 1612 nonnullis,

394 1667 556 1722 quem
585 1660 797 1722 patrem
841 1647 1075 1702 daemoni
1128 1643 1311 1698 daturi
1350 1642 1544 1705 simus,
1582 1647 1678 1693 aut
1704 1639 1865 1708 quale
1888 1639 1974 1692 di-

394 1743 537 1798 cturi
559 1743 730 1796 simus
751 1753 874 1793 esse
895 1737 1067 1807 ipsius
1093 1733 1377 1805 pravitatis
1394 1732 1746 1801 archetypum
1769 1745 1784 1796 ;
1807 1729 1975 1784 Caino

2082 571 2099 604 ι
2124 552 2186 603 Et
2212 551 2398 616 τέκνα,
2437 569 2456 602 ι
2484 551 2669 621 φησὶν,
2699 569 2718 603 ι
2752 549 2849 603 τοῦ
2880 549 3130 620 Ἀϐραὰμ
3159 546 3278 621 ἦτε,
3305 550 3372 603 τὰ
3401 551 3535 622 ἔργα
3547 551 3645 605 τοῦ

2089 643 2336 715 Ἀϐραάμ
2369 646 2602 697 εποιεῖτε
2631 644 2717 699 ἄν.
2753 643 2889 697 Νυνὶ
2910 643 2966 695 δὲ
2993 642 3204 712 ζητεῖτέ
3231 659 3297 712 με
3327 644 3648 697 ἀποκτεῖναι

2074 735 2380 806 ἄνθρωπον,
2404 735 2464 799 ὃς
2486 735 2584 806 τὴν
2613 735 2868 806 ἀλήθειαν
2892 737 3021 805 ὑμῖν
3045 735 3340 804 λελάληκα,
3355 737 3421 804 ἣν
3440 737 3650 806 ἤκουσα

2077 823 2229 893 παρά
2271 823 2367 877 τοῦ
2417 824 2650 894 Πατρός·
2696 822 2856 877 τοῦτο
2899 823 3148 894 Ἀϐραὰμ
3197 830 3297 876 οὑκ
3341 823 3586 894 ἐποίησε.
3622 841 3641 874 ι

2075 912 2298 983 Πατέρα
2344 913 2402 966 δὲ
2456 913 2638 977 αὐτοῖς
2689 912 2952 982 ἀπονέμει
2999 911 3092 965 τὸν
3133 913 3412 979 Σατανᾶν,
3451 912 3645 980 λέγων·

2083 1024 2101 1055 ι
2143 1004 2332 1074 Ὑμεῖς
2367 1005 2570 1057 ποιεῖτε
2609 1004 2676 1058 τὰ
2702 1002 2839 1074 ἔργα
2867 1003 2960 1057 τοῦ
3009 1003 3218 1074 πατρὸς
3248 1001 3422 1074 ὑμῶν.
3474 1003 3651 1056 Ἐκεῖ-

2075 1111 2163 1156 νος
2190 1095 2637 1166 ἀνθρωποκτόνος
2661 1090 2729 1165 ἦν
2756 1093 2851 1148 ἀπ’
2882 1094 3056 1165 ἀρχῆς
3075 1135 3088 1155 ,
3117 1095 3212 1147 καὶ
3241 1096 3296 1146 tv
3320 1097 3386 1164 τῇ
3421 1091 3651 1164 ἀληθείᾳ

2074 1187 2170 1256 οὐχ
2197 1187 2444 1256 ἕστηκεν,
2467 1186 2549 1239 ὅτι
2577 1184 2817 1255 ψεύστης
2857 1186 2993 1250 ἐστὶ,
3034 1183 3218 1247 καθὼς
3258 1184 3353 1237 καὶ⁵
3392 1185 3420 1236 6
3465 1185 3650 1254 πατὴρ

2074 1275 2260 1330 αὑτοῦ.
2295 1293 2313 1326 ι
2347 1275 2458 1328 Καὶ
2479 1274 2704 1328 οὐδέπου
2726 1273 2914 1344 νομιοῦ
2923 1291 3043 1344 μεν,
3058 1273 3303 1336 νοοῦντες
3331 1272 3528 1343 ὀρθῶς,
3552 1263 3649 1327 τοῦ

2077 1367 2314 1436 πονηροῦ
2353 1384 2412 1420 τε
2447 1365 2543 1419 καὶ
2586 1365 2897 1436 ἀρχεκάκου
2945 1364 3200 1434 δαίμονος
3244 1363 3650 1435 διαμεμνῆσθαι

2075 1459 2330 1529 Χριστόν·
2377 1456 2797 1527 ὲκλελυττηκόσι
2837 1456 2892 1509 δὲ
2933 1459 3050 1520 τοῖς
3092 1457 3385 1521 Ἰουδαίοις,
3425 1457 3520 1510 καὶ
3551 1455 3650 1526 τὴν

2075 1551 2295 1603 ἀνοσίαν
2323 1550 2445 1603 κατ’
2475 1549 2642 1604 αὑτοῦ
2672 1549 2986 1621 μιαιφονίαν
3014 1549 3286 1616 ὠδίνουσι,
3311 1549 3403 1602 τὸν
3435 1549 3650 1619 πρῶτον

2075 1641 2520 1710 ἀνθρωποκτόνον
2561 1641 2657 1693 καὶ
2695 1640 2791 1694 τοῦ
2831 1641 3062 1710 ψεύδους
3101 1642 3480 1712 ὲπιτηδευτὴν,
3509 1641 3651 1711 φημὶ

2073 1731 2140 1800 δὴ
2167 1731 2258 1786 τὸν
2285 1731 2448 1796 Κάῖν,
2477 1730 2662 1784 δίδωσι
2691 1733 2928 1802 πατέρα,
2963 1734 3219 1786 κάκείνου
3243 1734 3331 1787 τὸν
3384 1735 3646 1797 Σατανᾶν,

396 1835 580 1903 itaque
625 1829 798 1884 veluti
843 1829 1140 1898 archetypo
1186 1833 1445 1894 tanquam
1495 1821 1726 1892 efﬁgiem
1787 1821 1979 1874 tribuit

2080 1821 2171 1876 τὸν
2214 1821 2312 1892 τῆς
2346 1821 2618 1892 ἁμαρτίας
2665 1821 2913 1892 εὑρετήν.
2959 1822 3440 1876 Ἐπιδιδασκόντων
3487 1823 3652 1894 τινῶν

394 1941 492 1980 eos
520 1924 614 1993 qui
654 1919 950 1990 impietatis
983 1934 1091 1988 qua
1122 1917 1212 1971 ille
1250 1915 1510 1985 praeditus
1533 1921 1636 1976 est,
1668 1910 1980 1966 similitudi-

399 2030 522 2069 nem
545 2029 654 2083 pra:
676 2029 733 2067 se
759 2011 962 2066 ferunt.
990 2007 1150 2075 Quod
1171 2007 1320 2061 enim
1355 2004 1622 2060 Salvatori
1651 2003 1874 2059 Christo
1894 2003 1978 2057 fa-

399 2105 611 2160 miliare
651 2103 723 2157 sit
757 2100 1013 2156 Satanam
1067 2112 1265 2153 vocare
1295 2110 1422 2151 eum
1461 2095 1556 2165 qui
1601 2095 1750 2149 illius
1797 2109 1980 2148 mores

397 2195 584 2258 refert,
611 2192 866 2248 facillime
889 2191 1016 2261 quis
1043 2188 1266 2252 viderit,
1293 2199 1418 2241 cum
1452 2186 1568 2255 ipse
1589 2184 1795 2240 sanctis
1814 2182 1981 2238 disci-

397 2284 542 2354 pulis
573 2282 721 2337 dicat
756 2297 769 2334 :
811 2298 830 2330 ‹
862 2279 1054 2334 Nonne
1084 2293 1186 2347 ego
1231 2291 1330 2330 vos
1375 2273 1670 2328 duodecim
1721 2273 1895 2343 elegi,
1924 2279 1981 2325 et

397 2389 526 2429 ecce
559 2388 703 2428 unus
728 2387 797 2426 ex
824 2371 984 2425 vobis
1014 2369 1269 2423 diabolus
1303 2375 1389 2420 est
1405 2367 1486 2418 3’?
1515 2385 1532 2416 ι
1569 2363 1981 2432 Comparandus

398 2467 582 2534 itaque
610 2471 694 2518 est
715 2463 887 2519 Caino
916 2461 1105 2524 Israel,
1135 2459 1203 2514 de
1233 2473 1341 2528 quo
1364 2457 1630 2527 scriptum
1668 2463 1788 2510 est:
1833 2473 1852 2506 ι
1887 2455 1980 2508 Fi-

398 2556 508 2610 lius
550 2568 706 2608 meus
755 2549 1154 2622 primogenitus
1189 2548 1357 2603 Israel
1377 2547 1442 2599 ⁵⁷.
1475 2565 1493 2597 ι
1527 2547 1657 2602 Post
1703 2545 1980 2614 primoge-

398 2645 577 2698 nitum
593 2657 725 2697 vero
759 2642 923 2696 Israel
953 2639 1229 2695 secundus
1263 2639 1530 2708 tempore,
1568 2645 1624 2691 et
1652 2634 1982 2690 novissimus

395 2742 623 2790 exortus
661 2741 746 2789 est
792 2731 1078 2796 Christus,
1111 2730 1258 2785 ﬁlius
1289 2730 1454 2784 etiam
1495 2729 1610 2799 ipse
1663 2726 1855 2782 Adam.
1896 2725 1982 2780 ld-

399 2823 549 2880 circo
579 2823 746 2878 etiam
800 2821 996 2876 Filium
1028 2822 1254 2875 hominis
1285 2821 1566 2890 sapienter
1607 2825 1864 2886 certaque
1896 2831 1982 2870 ra-

397 2917 547 2970 tione
575 2915 816 2984 seipsum
852 2913 1059 2982 ubique
1088 2912 1348 2981 appellat.
1372 2909 1641 2965 Caeterum
1674 2907 1842 2962 Israel
1883 2921 1979 2961 co-

396 3007 511 3063 lere
549 3007 718 3060 Deum
756 3004 1020 3074 putabat,
1053 3003 1293 3057 offerens
1329 2999 1687 3071 temporarias
1711 2999 1981 3068 facileque

397 3103 806 3151 marcescentes
840 3109 949 3158 res,
983 3101 1039 3148 et
1062 3108 1294 3162 quarum
1328 3107 1496 3162 parva
1547 3092 1687 3144 ratio
1721 3090 1976 3154 habetur,

2079 1912 2203 1966 τίνα
2233 1912 2446 1983 πατέρα
2470 1912 2549 1983 τῷ
2584 1912 2816 1983 διαϐόλῳ
2838 1912 3103 1982 δώσομεν,
3137 1912 3170 1983 ἢ
3197 1915 3348 1966 ποῖον
3381 1911 3518 1968 εἷναί
3552 1933 3652 1983 φα-

2084 2021 2183 2074 μεν
2220 2007 2321 2076 τῆς
2357 2004 2565 2058 ἐκείνου
2635 2004 2966 2074 δυστροπίας
3005 2004 3067 2057 τὺ
3104 2004 3439 2075 ἀρχέτυπον,
3485 2006 3653 2076 ἀρχε-

2078 2097 2233 2167 τύπῳ
2263 2097 2319 2149 δὲ
2349 2096 2539 2168 ὥσπερ
2564 2095 2640 2166 τῷ
2664 2096 2805 2150 Κάϊν
2833 2096 3086 2167 καθάπερ
3123 2096 3310 2150 εἰκόνα
3350 2095 3653 2167 προσνέμει

2080 2188 2207 2251 τοὺς
2234 2187 2332 2256 τῆς
2371 2187 2598 2258 ἐνούσης
2639 2187 2788 2258 αὐτῷ
2820 2187 3137 2252 δυσσεϐείας
3170 2187 3270 2258 τὴν
3299 2189 3379 2251 είς
3405 2188 3514 2243 πᾶν
3544 2189 3654 2240 ὁτι-

2081 2279 2174 2334 οῦν
2207 2279 2503 2350 ἐμφέρειαν
2530 2281 2706 2333 νοσεῖν
2747 2277 3089 2349 εἰρημένους.
3127 2279 3252 2332 Ὀτι
3290 2278 3400 2350 γὰρ
3429 2278 3550 2342 ἔθος
3579 2276 3655 2346 τῷ

2082 2370 2295 2438 Σωτῆρι
2319 2367 2560 2439 Χριστῷ,
2592 2368 2834 2423 Σατανᾶν
2857 2367 3152 2422 ἀποκαλεῖν
3184 2369 3276 2421 τὸν
3301 2373 3414 2432 τοῖς
3443 2371 3652 2422 ἐκείνου

2082 2460 2438 2530 προσεοικότα
2487 2459 2747 2530 τρόποις,
2797 2460 3235 2531 καταθρήσωμεν
3290 2459 3355 2514 ἂν
3391 2461 3488 2515 καὶ
3531 2459 3655 2513 λίαν

2081 2550 2319 2621 ἀμογητὶ
2346 2552 2458 2614 τοῖς
2503 2551 2680 2619 ἀγίοις
2726 2551 2950 2619 λέγοντα
2998 2552 3268 2622 μαθηταῖς
3289 2566 3304 2582 ⁸
3343 2571 3361 2604 ι
3403 2553 3518 2606 Οὐκ
3542 2550 3654 2620 ἐγὼ

2083 2639 2228 2708 ὑμᾶς
2253 2639 2377 2702 τοὺς
2404 2639 2612 2693 δώδεκα
2644 2639 2996 2710 ἐξελεξάμην,
3029 2641 3123 2693 καὶ
3166 2641 3274 2693 ίδοὺ
3305 2636 3385 2705 εἷς
3409 2641 3469 2705 ἐξ
3497 2641 3652 2711 ὑμῶν
3709 2707 3712 2709 Α

2082 2725 2328 2788 διάϐολός
2371 2728 2526 2792 tam;
2569 2728 2977 2799 Παρεικαστέον
3020 2727 3199 2782 τοίνυν
3259 2729 3336 2799 τῷ
3385 2730 3527 2784 Κάῖν
3559 2727 3654 2784 τὸν

2094 2817 2332 2888 Ἰσραὴλ,
2363 2819 2494 2890 περὶ
2521 2810 2582 2872 οὗ
2606 2819 2934 2887 γέγραπταιο
2970 2837 2990 2870 ‹
3026 2819 3153 2882 Υἱὸς
3183 2820 3525 2889 πρωτότοκός
3551 2835 3652 2889 μου

2096 2909 2329 2980 Ἰσραήλ.
2395 2929 2412 2960 ι
2449 2910 2606 2964 Μετά
2656 2910 2712 2964 δέ
2766 2927 2832 2978 γε
2868 2911 2961 2964 τὸν
3005 2910 3347 2981 πρωτότοκον
3411 2908 3650 2979 Ἰσραὴλ,

2081 2998 2332 3070 δεύτερος
2377 2999 2563 3070 ὥσπερ
2609 3003 2666 3054 tv
2708 3001 2916 3073 χρόνῳ,
2961 3001 3056 3054 καὶ
3104 2999 3368 3062 νεώτατος
3407 3000 3651 3071 ἀνεφάνη

2081 3091 2336 3162 Χριστὸς,
2375 3091 2490 3154 υίὸς
2531 3092 2624 3146 καὶ
2667 3093 2828 3156 αὐτὸς
2869 3093 2964 3145 τοῦ
3017 3093 3206 3163 Ἀδάμ.
3240 3092 3528 3164 Τοιγάρτοι
3557 3091 3654 3150 καὶ

396 3185 741 3254 terrenisque
761 3184 960 3238 studiis
988 3191 1100 3237 tota
1134 3179 1537 3250 quodammodo
1574 3189 1756 3233 mente
1785 3177 1976 3232 afﬁxus

2085 3183 2222 3236 Υὶὸν
2258 3181 2577 3250 ἀνθρώπου
2613 3183 2793 3252 σοφῶς
2822 3201 2880 3236 τε
2928 3187 3023 3237 καὶ
3055 3183 3413 3256 οίκονομικῶς
3460 3183 3653 3237 ἑαυτὸν

398 3280 538 3329 erat.
581 3291 599 3324 ι
633 3272 994 3341 Agriculturae
1022 3270 1172 3324 enim
1192 3269 1422 3323 vacabat
1441 3268 1596 3332 Cain,
1631 3267 1768 3321 Abel
1797 3275 1980 3322 autem

397 3373 519 3418 erat
545 3370 731 3432 pastor
766 3362 953 3416 ovium
992 3379 1038 3414 ι.
1079 3359 1376 3415 Praefectus
1417 3359 1566 3413 enim
1610 3365 1695 3411 est
1729 3357 1981 3412 rationali

399 3453 550 3526 gregi
584 3451 931 3514 Emmanuel,
962 3459 1128 3520 atque
1162 3449 1278 3520 ipse
1311 3456 1394 3504 est
1438 3449 1631 3504 Pastor
1659 3447 1750 3502 ille
1781 3447 1978 3511 bonus,

399 3543 495 3613 qui
525 3561 543 3594 ι
581 3543 638 3598 in
680 3543 801 3597 loco
846 3541 1036 3612 pingui
1080 3549 1138 3597 et
1156 3541 1376 3611 pascuis
1421 3538 1736 3604 uberrimis,
1765 3557 1784 3591 ι
1841 3540 1983 3594 sicut

405 3632 511 3704 ιθ
551 3631 818 3702 scriptum
846 3640 932 3688 est
953 3632 1020 3697 “,
1049 3646 1320 3702 supernos
1349 3646 1414 3686 ac
1448 3631 1544 3701 qui
1569 3644 1736 3700 super
1779 3637 1982 3685 terram

401 3734 531 3780 sunt
573 3739 767 3795 greges
817 3724 1012 3795 pascit.
1063 3723 1147 3779 Ad
1193 3739 1358 3794 quem
1415 3725 1583 3780 etiam
1628 3722 1982 3793 propheticus

401 3832 584 3873 sermo
609 3818 862 3872 clamavit
909 3833 922 3869 :
963 3835 981 3869 ι
1018 3817 1187 3873 Pasce
1227 3818 1490 3887 populum
1543 3825 1700 3870 tuum
1736 3815 1790 3868 in
1828 3815 1983 3885 virga

401 3909 664 3964 custodiae
693 3917 818 3974 tuae,
857 3923 989 3965 oves
1027 3909 1364 3965 haereditatis
1399 3908 1594 3964 tuae“.
1632 3927 1651 3958 ι
1682 3906 1846 3962 Israel
1875 3905 1980 3960 ita-

401 4017 508 4071 que
535 4001 770 4056 terrenis
798 4001 965 4057 rebus
992 4001 1167 4057 Deum
1197 4001 1445 4066 colebat,
1485 4000 1722 4056 offerens
1751 3999 1943 4070 legalia
1963 4039 1977 4064 ,

401 4097 459 4143 et
512 4089 725 4159 ingrata
773 4090 878 4159 ipsi
908 4089 1173 4145 sacrificia
1212 4105 1562 4146 consecrans.
1583 4090 1792 4149 Idcirco
1813 4093 1978 4148 etiam

400 4177 614 4234 audivit
638 4194 737 4248 per
766 4194 954 4232 vocem
975 4183 1149 4234 sancti
1171 4183 1453 4249 prophetae
1478 4199 1491 4234 :
1537 4202 1556 4233 ι
1589 4183 1978 4241 Holocaustum

403 4267 636 4322 arietum
671 4275 909 4331 tuorum,
969 4276 1026 4321 et
1071 4267 1287 4337 adipem
1319 4269 1525 4334 ovium,
1566 4277 1623 4325 et
1660 4276 1978 4344 sanguinem

403 4357 688 4410 hircorum
726 4370 790 4409 ac
818 4363 1101 4410 taurorum
1153 4371 1263 4410 non
1302 4357 1448 4422 volo,
1499 4374 1680 4428 neque
1717 4363 1979 4419 veneritis

403 4455 666 4516 apparere
695 4447 849 4499 mihi.
880 4446 1012 4512 Quis
1040 4448 1188 4501 enim
1212 4450 1465 4517 quaesivit
1497 4451 1613 4506 haec
1629 4451 1697 4506 de
1724 4455 1977 4509 manibus

402 4536 601 4590 vestris
617 4535 640 4587 ?
656 4535 865 4589 calcare
899 4537 1102 4589 atrium
1128 4550 1310 4591 meum
1332 4553 1441 4592 non
1467 4539 1772 4608 apponetis.
1797 4540 1854 4595 Si
1873 4543 1973 4596 ob-
2011 4518 2050 4571 θ

405 4627 641 4682 tuleritis
661 4627 1041 4698 similaginem,
1064 4644 1295 4694 vanum;
1317 4629 1620 4695 incensum,
1644 4632 1978 4690 abominatio

402 4726 488 4772 est
517 4717 652 4770 mihi
686 4717 753 4769 ⁸ο.
785 4736 802 4768 ι
839 4717 908 4770 Ει
949 4717 1147 4770 iterum
1181 4735 1194 4770 :
1231 4737 1249 4770 ι
1282 4718 1554 4785 Quorsum
1591 4722 1728 4776 mihi
1757 4724 1886 4778 thus
1911 4741 1980 4780 ex

403 4805 546 4859 Saba
574 4804 783 4859 aﬂ'ertis
802 4845 817 4868 ,
849 4814 906 4859 et
935 4807 1342 4861 cinnamomum
1367 4807 1435 4863 de
1466 4818 1613 4864 terra
1648 4811 1980 4883 longinqua?

403 4899 732 4953 Holocausta
761 4906 944 4953 vestra
977 4915 1086 4953 non
1120 4909 1249 4954 sunt
1291 4902 1425 4956 mihi
1461 4910 1634 4973 grata,
1670 4920 1850 4974 neque
1889 4921 1979 4960 sa-

400 4990 609 5044 crificia
639 4997 821 5045 vestra
865 5007 953 5045 me
1005 4991 1280 5047 delectant
1314 4993 1381 5046 δι.
1432 5013 1450 5045 ι
1508 4995 1624 5050 Ηοο
1664 5005 1852 5065 aperte
1892 5006 1978 5052 est

400 5081 573 5137 Deum
623 5082 691 5136 ad
731 5082 999 5137 sacrificia
1043 5082 1176 5138 Cain
1208 5099 1320 5140 non
1352 5085 1674 5141 attendisse.
1710 5087 1846 5142 Abel
1875 5105 1974 5143 au-

400 5182 511 5226 tem
533 5174 750 5244 justus,
776 5175 884 5228 hoc
911 5182 996 5229 est
1037 5174 1314 5240 Christus,
1349 5176 1549 5231 obtulit
1579 5179 1692 5232 Deo
1731 5180 1973 5233 rationa-

400 5259 535 5314 lium
590 5264 820 5318 ovilium
864 5264 1249 5335 primogenita,
1284 5265 1390 5320 hoc
1419 5271 1522 5330 est,
1552 5266 1742 5322 faciles
1767 5283 1831 5322 ac
1859 5277 1974 5323 tra—

401 5349 632 5404 ctabiles
676 5354 842 5409 corde
864 5394 879 5419 ,
930 5361 986 5409 et
1019 5354 1256 5409 infantes
1284 5355 1517 5420 malitia,
1548 5357 1890 5426 selectosque
1916 5357 1974 5410 in

400 5439 738 5507 virtutibus,
780 5458 845 5498 ac
890 5445 1252 5501 similitudine
1300 5461 1426 5502 cum
1453 5446 1572 5516 ipso
1621 5446 1974 5517 primogeniti

401 5529 625 5601 gloriam
648 5544 762 5600 pra:
791 5549 848 5588 se
885 5535 1144 5592 ferentes.
1171 5537 1418 5593 Ecclesia
1456 5539 1604 5593 enim
1635 5539 1973 5610 primogeni-

475 5640 519 5714 ξε
544 5640 700 5714 Joan_.
725 5659 840 5707 vm,
871 5645 959 5707 59,
985 5647 1071 5699 40.
1141 5648 1186 5680 ⁸⁵
1210 5649 1344 5703 ibid.
1377 5651 1464 5704 44.
1537 5653 1582 5684 ⁵⁸
1614 5651 1768 5707 Joan.
1810 5667 1882 5714 vr,
1920 5652 2006 5704 71.

403 5707 576 5764 ³⁸153·
607 5727 640 5777 I,
671 5712 847 5764 11—13.
927 5715 967 5747 "
1007 5716 1205 5772 Jerem.
1253 5735 1322 5782 γι,
1363 5719 1446 5771 21).

2083 3271 2338 3342 ὠνόμαζε
2375 3275 2638 3345 πανταχῖγ
2669 3274 2784 3327 ἀλλ’
2813 3275 2841 3326 6
2874 3275 2974 3344 μὲν
3013 3275 3251 3345 Ἰσραὴλ,
3280 3277 3445 3345 τιμᾷν
3475 3275 3652 3329 ὲδόκει

2082 3360 2216 3416 Θεὸν
2255 3361 2580 3432 προσφέρων
2606 3361 2678 3416 τὰ
2707 3360 3021 3432 πρόσκαιρα
3044 3364 3140 3416 καὶ
3183 3363 3524 3434 εὐμάραντα,
3555 3364 3652 3418 καὶ

2083 3445 2159 3504 ὧν
2199 3453 2261 3506 οὐ
2313 3453 2519 3522 σφόδρα
2563 3453 2728 3516 πολὺς
2775 3455 2803 3506 6
2847 3452 3036 3521 λόγος,
3081 3453 3173 3507 καὶ
3217 3455 3332 3517 τοῖς
3375 3455 3504 3524 περὶ
3546 3454 3652 3524 γῆν

2084 3541 2515 3612 σπουδάσμασιν,
2547 3541 2668 3596 ὅλον
2711 3540 2900 3612 ὥσπερ
2939 3542 3105 3598 ἐτίθει
3131 3543 3222 3597 τὸν
3262 3543 3439 3598 νοῦν.ι
3464 3545 3652 3616 Ἐτρά-

2083 3649 2214 3686 πετο
2246 3632 2352 3704 γάρ
2381 3634 2461 3695 εις
2489 3632 2786 3703 γεηπονίαν
2811 3634 2839 3684 6
2871 3634 3033 3696 Κάῖν,
3070 3634 3238 3688 Ἀϐελ
3265 3636 3322 3690 δὲ
3349 3630 3418 3707 ἦν
3447 3637 3651 3708 ποιμὴν

2082 3721 2390 3793 προϐάτων.
2449 3723 2764 3793 Καθηγεϊτο
2815 3723 2923 3796 γὰρ
2971 3725 3069 3796 τῆς
3117 3724 3340 3797 λογικῆς
3383 3728 3581 3799 ἀγέλης
3621 3729 3652 3779 6

2095 3814 2475 3887 Ἐμμανουὴλ,
2523 3815 2618 3867 καὶ
2671 3813 2832 3876 αὑτός
2879 3816 3028 3867 ἐστιν
3076 3815 3105 3867 6
3150 3816 3363 3886 Ποιμὴν
3405 3817 3434 3868 6
3486 3817 3650 3881 καλὸς

2081 3907 2109 3960 6
2147 3926 2166 3958 ι
2201 3908 2260 3960 tv
2291 3905 2444 3976 τόπῳ
2479 3907 2656 3970 πίονι,
2700 3906 2794 3959 καὶ
2844 3907 2902 3959 tv
2960 3908 3099 3977 νομῇ
3159 3907 3378 3978 ἀγαθῇ,
3429 3927 3448 3959 ι
3505 3909 3649 3962 καθὰ

2079 3999 2416 4069 γέγραπται,
2457 3996 2557 4060 τὰς
2594 3997 2707 4051 ἀνω
2731 4015 2804 4052 ,τε
2852 3999 2946 4053 καὶ
2989 3999 3082 4052 ἐπὶ
3119 4003 3221 4070 γῆς
3259 4000 3649 4069 διαποιμαίνων

2079 4089 2298 4157 ἀγέλας.
2343 4089 2488 4159 Πρὸς
2541 4088 2600 4141 ὃν
2641 4091 2735 4142 καὶ
2779 4092 2808 4142 6
2859 4090 3198 4161 προφητικὸς
3253 4091 3649 4161 ἀναπεφώνηκε

2078 4179 2252 4249 λόγος’
2301 4199 2320 4232 ι
2356 4181 2616 4251 Ποίμαινε
2655 4181 2746 4234 τὸν
2776 4181 2901 4234 λαόν
2945 4198 3039 4233 σου
3080 4183 3136 4233 tv
3181 4181 3361 4252 ῥάϐδῳ
3399 4182 3650 4252 φυλακῆς

2081 4289 2204 4334 σου,
2255 4272 2500 4342 πρόϐατα
2547 4272 2911 4343 κληρονομίας
2961 4289 3077 4325 σου.
3135 4290 3154 4323 ι
3218 4255 3427 4329 Οὐκοῦν
3471 4277 3500 4327 6
3549 4275 3648 4344 μὲν

2090 4360 2303 4431 Ἰσραὴλ
2320 4354 2430 4424 τοῖς
2453 4362 2836 4433 γεωδεστέροις
2865 4362 3017 4433 ἠξίου
3041 4381 3092 4417 τι
3101 4365 3205 4435 μᾷν
3228 4365 3318 4418 τὸν
3343 4365 3492 4430 Θεὸν,
3520 4383 3649 4436 καρ-

2080 4452 2332 4522 ποφορῶν
2379 4453 2449 4504 τὰ
2493 4453 2550 4504 tv
2599 4452 2782 4520 νόμῳ,
2832 4454 2928 4506 καὶ
2971 4455 3068 4518 τὰς
3108 4457 3457 4528 ἀνεθελήτους
3501 4455 3648 4521 αὺτῷ

2080 4546 2271 4607 θυσίας
2296 4543 2596 4610 ¹ἀνατιθείς.
2638 4543 2939 4615 Τοιγαροῦν
2973 4546 3067 4598 καὶ
3107 4545 3308 4614 ἢκουσε
3335 4547 3424 4599 διά
3467 4547 3649 4616 φωνῆς

2081 4636 2272 4704 ἁγίων·
2322 4654 2340 4687 ι
2388 4633 2772 4704 Ὁλοκαύτωμα
2815 4636 2923 4688 τῶν
2963 4635 3134 4705 κριῶν
3181 4652 3308 4699 σου,
3356 4637 3451 4688 καὶ
3484 4639 3647 4709 στέαρ

2079 4724 2278 4796 ἀρνῶν,
2310 4724 2403 4777 καὶ
2443 4719 2580 4794 αἷμα
2618 4725 2835 4794 τράγων
2873 4724 2966 4776 καὶ
2998 4721 3232 4792 ταύρων,
3257 4725 3317 4775 οὐ
3355 4723 3646 4794 βούλομαι,

2078 4811 2185 4863 οὐδ’
2216 4811 2281 4864 ἂν
2326 4809 2558 4881 ἔρχησθε
2609 4810 2838 4880 ὀφθῆναί
2892 4828 3002 4880 μοι.
3054 4810 3149 4873 Τίς
3196 4811 3303 4882 γάρ
3353 4813 3648 4885 ὲξεζήτησε

2077 4897 2250 4953 ταῦτα
2275 4901 2339 4953 ὲκ
2365 4901 2475 4954 τῶν
2507 4899 2706 4971 χειρῶν
2753 4900 2944 4969 ὑμῶν;
2979 4903 3168 4954 πατεῖν
3197 4902 3296 4974 τὴν
3342 4903 3508 4972 αὐλήν
3547 4919 3645 4972 μου

2080 4991 2140 5043 οὐ
2189 4991 2583 5062 προσθήσεσθε.
2639 4993 2764 5048 Ἐὰν
2804 4994 2999 5064 φέρετε
3045 4995 3342 5064 σεμίδαλιν,
3398 4996 3644 5065 μάταιον·

2082 5080 2333 5152 θυμίαμα
2353 5121 2366 5146 ,
2399 5081 2671 5152 βδέλυγμα
2700 5084 2788 5152 μοί
2819 5085 2956 5138 ἐστι.
2999 5101 3018 5135 ι
3048 5087 3156 5138 Καὶ
3180 5087 3362 5153 πάλιν,
3394 5105 3414 5138 ι
3452 5088 3567 5139 Ἵνα
3595 5087 3646 5138 τί

2085 5191 2176 5243 μοι
2208 5174 2420 5226 λίϐανον
2453 5174 2517 5226 ὲκ
2538 5173 2723 5226 Σαϐϐᾶ
2750 5174 2963 5244 φέρετε,
2991 5177 3084 5229 καὶ
3111 5176 3430 5246 κινάμωμον
3455 5179 3518 5229 ὲκ
3544 5176 3647 5244 γῆς

2085 5266 2388 5336 μακρόθεν;
2437 5266 2516 5320 Τὰ
2547 5265 2975 5336 ὁλοκαυτώματα
3003 5267 3155 5339 ὑμῶν
3181 5270 3248 5323 οὐ
3315 5268 3426 5321 είσὶ
3457 5266 3644 5330 δεκτὰ,

2081 5357 2176 5408 καὶ
2205 5357 2260 5408 αἱ
2305 5356 2482 5412 θυσίαι
2517 5357 2669 5428 ὑμῶν
2711 5361 2809 5429 οὐχ
2851 5359 3049 5428 ἧδυνάν
3082 5378 3170 5430 με.
3218 5378 3236 5412 ι
3293 5360 3462 5414 Τοῦτό
3503 5363 3648 5414 ἔστιν

2081 5446 2326 5516 ἐναργῶς
2355 5447 2415 5500 τὸ
2444 5449 2535 5502 ἐπὶ
2555 5452 2675 5513 ταῖς
2704 5449 2915 5514 θυσίαις
2939 5449 3031 5503 τοῦ
3065 5451 3204 5504 Κάῖν
3231 5452 3304 5522 μὴ
3339 5467 3648 5523 προσεσχη-

2082 5538 2234 5590 κέναι
2277 5537 2429 5592 Θεόν.
2464 5540 2629 5594 Ἀϐελ
2665 5542 2723 5594 δὲ
2761 5544 2789 5595 6
2831 5541 3072 5605 δίκαιος,
3109 5544 3356 5596 τουτέστι
3385 5542 3646 5609 Χριστὸς,

2081 5651 2123 5683 ⁸⁷
2155 5651 2325 5705 Exod.
2365 5669 2436 5717 Iv,
2476 5653 2563 5706 ‘29..
2644 5654 2686 5686 ¹’⁸
2726 5656 2827 5708 15η.
2861 5674 2982 5721 tux,
3011 5657 3094 5709 ΞΠ.
3178 5660 3216 5688 κί’
3249 5656 3406 5708 Μέέὶι.
3439 5675 3528 5720 vn,
3561 5658 3641 5711 Iit.

4029 3065 4052 3154 ι
