4056 6260
466 347 539 404 ιδ
1465 347 1521 405 S.
1562 347 1833 405 CYRlLLl
1871 348 2337 407 ALEXANDRINI
2375 352 2691 410 ARCHIEP.
3636 354 3699 410 μ

466 462 706 519 Domini.
745 482 767 514 ι
797 461 928 518 Tale
959 460 1090 532 quid
1132 459 1333 515 accidit
1363 460 1644 526 lsraelitis,
1686 461 1753 515 ad
1777 470 1915 529 quos
1943 459 2030 514 di-
2063 505 2068 521 γ

2094 480 2103 521 ι
2133 460 2231 531 τὴν
2259 461 2353 514 τοῦ
2377 465 2657 534 προφήτου
2683 463 2884 535 φωνὴν,
2915 465 3007 518 καὶ
3037 463 3193 520 τοῦτο
3212 462 3366 526 εἰδὼς
3390 466 3696 535 προανεφώο

467 565 615 611 ctum
653 563 738 610 est
765 570 864 624 per
887 568 1077 608 vocem
1107 552 1387 623 propheta
1423 570 1436 604 :
1469 570 1486 601 ι
1515 550 1747 617 Quando
1769 550 2031 606 extende-

2137 568 2237 616 νει,
2271 550 2464 621 λέγων·
2498 572 2516 605 ι
2549 556 2659 609 Καὶ
2689 556 2736 608 si
2767 555 2842 626 μὴ
2864 555 3072 621 Κύριος
3100 554 3324 609 Σαϐαὼθ
3345 555 3698 623 ἐγκατέλιπεν

464 646 591 701 ritis
624 660 819 700 manus
838 652 1050 699 vestras
1089 643 1157 698 ad
1190 659 1301 708 me,
1337 650 1577 697 avertam
1616 643 1806 697 oeulos
1824 657 1976 697 meos
2003 657 2032 696 a

2136 645 2265 714 ἡμῖν
2311 646 2566 717 σπέρμα,
2612 646 2687 710 ὡς
2722 647 2931 718 Σόδομα
2975 647 3041 700 ἂν
3089 646 3446 717 ἐγενήθημεν,
3491 646 3586 699 καὶ
3627 647 3695 707 ὡς

463 738 650 803 vobis;
675 745 727 792 et
743 737 787 793 si
808 736 1303 807 multiplicaveritis
1322 735 1625 789 orationem
1643 741 1901 798 vestram,
1922 749 2033 788 non

2132 734 2385 806 Γόμορρα
2411 734 2476 788 ἂν
2495 734 2872 806 ὡμοιώθημεν.
2905 755 2922 788 ι
2948 735 3059 789 Καὶ
3081 736 3178 805 μέν
3198 752 3280 787 τοι
3301 735 3551 806 καὶπρὸς
3569 734 3697 804 τῷδε

464 829 749 883 exaudiam
785 842 901 881 ves.
940 826 1131 880 Manus
1157 825 1304 881 enim
1348 834 1543 879 vestrae
1571 824 1834 894 sanguine
1859 825 2034 893 plenae

2133 827 2226 878 καὶ
2255 827 2285 878 6
2328 826 2613 889 θεσπέσιος
2642 825 2895 897 Μελῳδὸς
2915 865 2930 887 ,
2964 826 3038 898 μὴ
3069 828 3149 888 είς
3175 825 3320 879 ἆπαν
3351 826 3698 894 ἀφανίζεσθαι

464 926 594 972 sunt
612 918 679 970 ⁶⁰.
723 936 744 968 ι
769 916 1101 972 Deciderunt
1131 913 1277 968 enim
1309 915 1690 968 universorum
1718 912 2030 976 Dominum,

2131 914 2223 968 τὸν
2261 915 2476 987 Ἰσραὴλ
2511 916 2759 989 ἐλιπάρει
2793 917 2930 987 πρὸς
2953 916 3043 970 τὸν
3072 917 3180 969 τῶν
3205 917 3340 969 ὅλων
3369 915 3501 970 Θεόν
3519 932 3535 947 ·
3570 935 3588 968 ι
3613 918 3696 985 Μὴ

464 1008 566 1076 2,1
593 1017 650 1062 et
672 1022 783 1077 pra:
805 1006 976 1061 nimia
1011 996 1290 1074 impiefate
1318 1002 1435 1057 ausi
1460 1010 1588 1057 sunt
1607 1002 1821 1057 dicere:
1849 1022 1866 1053 ι
1894 1002 2032 1058 San—

2131 1007 2456 1079 ἀποκτείνῃς
2495 1009 2722 1071 αὐτοὺς,
2771 1010 2979 1079 μήποτε
3014 1008 3378 1062 ἐπιλάθωνται
3406 1007 3499 1062 τοῦ
3533 1008 3693 1079 νόμου

462 1100 585 1170 guis
613 1102 733 1170 ejus
754 1113 918 1168 super
941 1112 1043 1151 nos
1072 1103 1128 1150 et
1156 1111 1319 1165 super
1362 1094 1503 1149 ﬁlios
1540 1094 1843 1149 nostros".
1870 1114 1888 1145 ι
1929 1093 2029 1150 At-

2133 1115 2244 1152 σου.
2284 1117 2303 1149 ι
2352 1098 2497 1167 Πλὴν
2542 1098 2846 1169 ὲκϐέϐηκεν
2886 1102 2914 1152 6
2955 1099 3094 1153 Κάῖν
3135 1098 3244 1152 ἀπὸ
3280 1097 3572 1169 προσώπου
3608 1099 3695 1151 τοῦ

461 1194 557 1263 qui
581 1193 802 1262 sanguis
834 1191 969 1245 Abel
1002 1190 1263 1245 adversus
1299 1188 1474 1244 solum
1498 1186 1901 1242 interfectorem
1921 1187 2033 1242 cla-

2130 1190 2284 1245 Θεοῦ.
2311 1192 2624 1262 Γέγραπται
2651 1191 2759 1261 γὰρ
2787 1190 2986 1253 οὕτως’
3019 1209 3039 1241 ι
3089 1188 3312 1259 Ἐξῆλθι
3341 1190 3400 1243 δὲ
3424 1191 3565 1243 Κάῖν
3599 1191 3702 1243 ἀπὸ

461 1284 632 1338 mavit
678 1301 691 1336 :
729 1282 1004 1352 pretiosus
1031 1296 1162 1335 vero
1193 1279 1399 1335 Christi
1427 1278 1650 1349 sanguis
1673 1278 1789 1333 fere
1816 1286 2027 1333 tantum

2130 1279 2422 1352 προσώπου
2445 1281 2541 1334 τοῦ
2568 1280 2722 1334 Θεοῦ·
2756 1300 2775 1332 ι
2813 1280 3110 1336 πεπόνθασι
3134 1281 3192 1334 δέ
3216 1299 3270 1334 τι
3298 1280 3538 1335 τοιοῦτον
3571 1284 3618 1334 οἱ
3646 1283 3703 1345 ἐξ

460 1372 714 1429 clamavit
757 1372 1021 1427 adversus
1070 1370 1383 1426 Iudaeorum
1434 1369 1817 1424 crudelitatem
1863 1375 2027 1436 atque

2141 1372 2374 1442 Ἰσραὴλ,
2402 1372 2537 1442 πρὸς
2574 1370 2666 1435 οὒς
2689 1371 2907 1443 εἴρηται
2927 1371 3014 1427 διὰ
3052 1375 3236 1442 φωνῆς
3267 1371 3362 1426 τοῦ
3390 1373 3666 1443 προφήτου
3684 1389 3697 1403 ·

459 1462 902 1535 ingratitudinem
949 1480 962 1515 :
1013 1460 1267 1516 liberavit
1311 1467 1495 1514 autem
1528 1459 1794 1513 mundum
1828 1474 1858 1512 a
1895 1473 2025 1527 pec-

2134 1484 2153 1516 ι
2202 1467 2368 1518 Ὅταν
2404 1466 2501 1528 τὰς
2530 1468 2717 1536 χεῖρας
2753 1464 2908 1534 ὑμῶν
2937 1465 3215 1532 ὲκτείνητε
3249 1464 3386 1534 πρός
3434 1480 3522 1533 με,
3571 1464 3698 1517 ἀπο·

456 1567 612 1621 eato,
647 1563 835 1625 utpote
859 1553 1014 1609 fusus
1035 1569 1136 1623 pro
1178 1554 1320 1622 ipso.
1361 1550 1571 1605 Idcirco
1615 1549 1781 1604 etiam
1806 1548 2027 1601 divinus

2130 1550 2347 1620 στρέψω
2368 1551 2492 1614 τοὺς
2527 1550 2838 1622 ὀφθαλμούς
2867 1567 2969 1621 μου
3003 1550 3095 1619 ἀφ’
3130 1550 3301 1621 ὑμῶν,
3327 1552 3421 1605 καὶ
3443 1552 3537 1605 ἐὰν
3567 1551 3703 1621 πλη-

457 1645 658 1701 Paulus
684 1645 784 1711 ait,
839 1663 856 1696 ι
887 1643 1150 1698 accedere
1178 1657 1300 1705 nos,
1322 1640 1417 1709 qui
1442 1654 1537 1709 per
1561 1638 1723 1693 ﬁdem
1743 1637 2025 1709 iustiﬁcati

2128 1639 2321 1712 θύνητε
2346 1641 2443 1712 τὴν
2480 1642 2684 1711 δέησιν,
2723 1643 3240 1714 οῦκ.εἰσακούσομαι
3276 1645 3453 1714 ὑμῶν.
3491 1647 3556 1699 Αἱ
3592 1645 3699 1716 γὰρ

453 1751 675 1801 sumus,
733 1733 947 1789 fusione
985 1731 1266 1802 sanguinis
1318 1731 1517 1786 melius
1554 1731 1814 1800 loquente
1857 1743 2024 1797 quam

2127 1735 2306 1803 χεῖρες
2337 1732 2489 1802 ὑμῶν
2511 1734 2738 1804 αἵματος
2763 1734 3010 1804 πλήρεις.
3045 1754 3063 1787 ι
3104 1736 3453 1789 Ἀπέκτειναν
3479 1736 3589 1808 γὰρ
3609 1736 3698 1789 τδν

451 1826 674 1897 sanguis
699 1824 888 1880 Abelis
915 1826 981 1878 θ’.
1019 1844 1037 1875 ι
1072 1822 1217 1878 illud
1250 1837 1384 1877 vero
1433 1822 1597 1876 etiam
1631 1821 1700 1875 iis
1732 1835 1853 1890 quae
1880 1818 2024 1873 dicta

2095 1849 2097 1861 ι
2124 1823 2233 1876 τῶν
2260 1823 2396 1877 ὅλων
2419 1824 2643 1892 Κύριον,
2668 1825 2761 1877 καὶ
2784 1825 3178 1896 τετολμήκασιν
3204 1829 3377 1880 εἰπεῖν
3405 1828 3469 1881 ὲκ
3500 1827 3697 1899 πολλῆς

450 1927 580 1973 sunt
617 1916 987 1989 adjiciendum
1014 1921 1149 1986 puto
1194 1932 1207 1968 :
1247 1933 1265 1965 ι
1304 1914 1597 1983 Postquam
1620 1911 1790 1977 enim,
1823 1910 2022 1981 inquit,

2122 1912 2262 1989 ᾷγαν
2299 1913 2675 1984 ἀνοσιότητος,
2724 1934 2743 1965 ι
2793 1914 2868 1967 Τὸ
2901 1909 3040 1985 αἷμα
3070 1915 3234 1973 αὐτοῦ
3273 1917 3359 1984 ἐφ’
3399 1918 3579 1988 ἡμᾶς,
3603 1919 3699 1971 καὶ

447 1985 701 2062 mortuus
727 2014 810 2061 est
851 1985 1024 2069 Abel,
1057 2002 1311 2075 cognovit
1358 2002 1531 2057 Adam
1578 2001 1747 2057 Evam
1795 2016 2023 2056 uxorem

2122 1985 2214 2055 ε’πὶ
2242 2002 2311 2056 τὰ
2335 2003 2501 2057 τέκνα
2525 2003 2702 2074 ἡμῶν.
2745 2023 2765 2057 ι
2826 2004 2989 2058 Ἀλλὰ
3017 2006 3079 2059 τὸ
3108 2007 3207 2075 μὲν
3232 2001 3373 2077 αἷμα
3405 1985 3500 2060 τοῦ
3534 2008 3702 2063 ’Λϐελ

447 2114 602 2152 suam
627 2139 641 2162 ,
670 2106 725 2153 et
750 2096 1067 2167 concipiens
1111 2094 1327 2165 peperit
1373 2093 1565 2158 lilium,
1600 2100 1657 2147 et
1686 2093 1902 2147 vocavit
1927 2108 2023 2147 no-

2124 2094 2282 2164 μόνον
2312 2095 2457 2166 τάχα
2473 2113 2576 2149 που
2606 2098 3012 2168 καταπκράγει
3034 2097 3129 2153 τοῦ
3153 2097 3435 2167 φονευτοῦ·
3463 2099 3524 2152 τὸ
3546 2099 3700 2169 δέλγε

445 2203 570 2243 men
596 2190 715 2260 ejus
745 2186 908 2253 Seth,
951 2187 1179 2242 dicens:
1212 2184 1506 2241 Suscitavit
1539 2183 1685 2239 enim
1708 2183 1846 2237 mihi
1880 2184 2022 2237 Deus

2119 2185 2298 2254 τίμιον
2333 2183 2473 2257 αἷμα
2513 2187 2606 2240 τοῦ
2646 2188 2884 2259 Χριστοῦ
2920 2189 3304 2260 κατακέκραγε
3347 2190 3447 2260 μὲν
3475 2192 3570 2244 καὶ
3597 2193 3699 2261 τῆς

443 2295 631 2337 semen
681 2279 833 2335 aliud
880 2293 983 2349 pro
1037 2277 1215 2341 Abel,
1270 2291 1432 2346 quem
1472 2275 1674 2330 occidit
1715 2274 1849 2329 Cain
1881 2273 1947 2326 ⁸³.
1992 2292 2013 2324 ι

2118 2276 2226 2328 τῶν
2263 2277 2527 2330 Ἰουδαίων
2547 2278 2829 2348 ὠμότητος
2854 2280 2947 2332 καὶ
2968 2280 3317 2349 ἀχαριστίας·
3346 2280 3509 2351 ιξῆρε
3528 2280 3586 2333 δὲ
3609 2281 3702 2333 τὸν

441 2375 649 2431 Deinde
672 2375 836 2445 paulo
856 2381 1015 2444 post:
1043 2390 1060 2422 ι
1086 2370 1231 2425 Vixit
1262 2379 1467 2433 autem,
1501 2388 1521 2418 ι
1561 2367 1760 2437 inquit,
1803 2386 1820 2418 ι
1848 2366 2019 2421 Adam

2117 2361 2323 2432 κόσμον
2342 2364 2438 2433 τῆς
2461 2364 2755 2435 ἁμαρτίας,
2780 2364 2855 2428 ὡς
2880 2367 3178 2435 κεχυμένον
3202 2368 3341 2438 ὑπὲρ
3365 2367 3552 2422 αὐτοῦ.
3581 2369 3699 2423 Τοι-

442 2466 712 2522 ducentos
761 2475 818 2520 et
842 2463 1062 2534 triginta
1078 2476 1287 2526 annos,
1318 2468 1375 2516 et
1402 2459 1758 2530 genuitjuxta
1780 2459 2017 2529 speciem

2117 2448 2309 2521 γάρτοι
2335 2452 2498 2521 φησιν
2521 2454 2550 2505 6
2573 2452 2854 2516 θεσπέσιος
2878 2455 3104 2518 Παῦλος*
3143 2474 3161 2506 ι
3199 2456 3525 2528 Προσελθείν
3548 2460 3702 2529 ἡμᾶς

443 2554 637 2625 ipsius,
674 2562 732 2608 et
753 2555 908 2624 juxta
942 2550 1232 2622 imaginem
1267 2548 1458 2619 ipsius,
1486 2556 1542 2603 et
1562 2548 1778 2603 vocavit
1816 2562 2016 2602 nomen

2115 2543 2240 2605 τοὺς
2279 2544 2337 2596 ὲν
2380 2543 2559 2596 πίστει
2609 2543 3091 2616 δεδικαιωμένους,
3133 2546 3367 2616 αἵματος
3415 2551 3702 2620 ῥαντισμῷ

438 2646 560 2717 ejus
596 2644 730 2701 Seth
742 2645 809 2697 ⁸⁷⁵.
835 2664 854 2697 ι
890 2643 1024 2699 Vide
1054 2643 1240 2712 itaque
1269 2639 1415 2711 quod
1437 2648 1561 2710 post
1590 2639 1806 2696 obitum
1827 2639 2018 2694 Abelis

2116 2635 2362 2703 κρεῖττον
2406 2632 2650 2686 λαλοῦντι
2697 2635 2855 2705 παρὰ
2883 2634 2975 2687 τὸν
3025 2635 3209 2689 Ἀϐελ.
3241 2654 3261 2688 ι
3316 2638 3524 2708 Πρέποι
3554 2637 3601 2691 δ’
3633 2640 3702 2695 ἂν

439 2737 754 2794 simillimus
793 2737 874 2801 ei,
905 2735 1000 2806 qui
1047 2734 1115 2789 ad
1157 2733 1451 2804 imaginem
1498 2747 1562 2787 ac
1594 2731 2015 2787 similitudinem

2114 2724 2355 2791 κάκεῖνο,
2374 2719 2548 2796 οἶμαι,
2564 2729 2675 2790 τοῖς
2697 2727 3007 2799 εἰρημένοις
3028 2730 3362 2798 ἐπενεγκεῖν.
3376 2748 3395 2780 ι
3411 2728 3564 2782 Μετὰ
3589 2731 3705 2802 γάρ

428 2831 533 2887 Dei
560 2830 739 2886 factus
787 2836 939 2893 erat,
973 2827 1079 2882 hoc
1123 2835 1208 2881 est
1258 2824 1484 2889 Adamo,
1518 2824 1761 2880 nascitur
1792 2838 2014 2879 rursum

2112 2833 2196 2870 τοι
2223 2815 2283 2869 τὸ
2305 2817 2642 2884 ἐκτεθνάναι,
2666 2819 2798 2889 φησὶ
2817 2859 2833 2883 ,
2858 2819 2949 2872 τὸν
2974 2819 3162 2886 Ἀϐελ,
3191 2821 3332 2889 ἔγνω
3361 2821 3532 2891 Ἀδὰμ
3549 2822 3703 2877 Εῦαν

438 2919 582 2975 ﬁlius
617 2919 770 2974 Seth.
795 2918 1091 2985 Postquam
1119 2914 1264 2969 enim
1295 2913 1599 2968 secundum
1626 2927 1845 2969 carnem
1866 2927 2013 2967 mor-

2111 2907 2210 2977 τὴν
2238 2911 2471 2975 γυναῖκα
2503 2909 2666 2962 αὐτοῦ
2690 2948 2704 2973 ,
2731 2910 2827 2963 καὶ
2866 2910 3205 2965 συλλαϐοῦσα
3232 2912 3416 2964 ἔτεκεν
3441 2911 3576 2979 υίὸν,
3604 2915 3706 2968 καὶ

439 3017 566 3064 tuus
590 3015 674 3063 est
692 3006 1015 3062 Emmanuel
1038 3046 1053 3071 ,
1097 3004 1245 3060 aliud
1274 3005 1455 3060 statim
1485 3012 1669 3058 ortum
1703 3010 1789 3058 est
1821 3016 2009 3057 semen

2110 2999 2434 3070 ἐπωνόμασε
2455 3001 2516 3054 τδ
2537 3001 2707 3072 ὄνομα
2727 3001 2890 3054 αὐτοῦ
2904 3002 3033 3072 Σὴο,
3052 3003 3304 3069 λέγουσα·
3336 3004 3707 3077 Ἐξανέστησε

433 3100 663 3164 Adamo,
696 3113 1012 3169 supremam
1055 3097 1113 3152 in
1144 3097 1325 3167 seipso
1356 3095 1556 3152 divinae
1587 3093 1837 3165 imaginis
1879 3093 2006 3164 pul-

2111 3091 2220 3163 γάρ
2256 3109 2344 3161 μοι
2385 3094 2414 3145 6
2450 3092 2578 3155 Θεὸς
2625 3092 2847 3165 σπέρμα
2886 3092 3075 3163 ἕτερον
3116 3093 3237 3147 ἀντὶ
3263 3095 3448 3161 Ἅϐελ,
3499 3096 3562 3149 ὃν
3599 3099 3708 3152 ἀπ-

435 3190 807 3244 chritudinem
837 3188 1187 3243 lucrifaciens
1216 3205 1229 3241 :
1260 3207 1278 3238 ι
1314 3184 1706 3241 Transformati
1735 3184 1885 3239 enim
1915 3198 2011 3237 su-

2116 3182 2322 3237 έκιεινε
2343 3183 2502 3238 Κάἳν.
2528 3203 2547 3236 ι
2566 3180 2699 3239 Εἶτα
2728 3182 2845 3254 μεθ’
2873 3182 3057 3256 ἕτερα·
3099 3185 3336 3257 «Ἐζησε
3364 3186 3445 3251 δὲ,
3463 3211 3484 3247 ι
3505 3190 3704 3259 φησὶν,

437 3296 560 3336 mus
588 3280 643 3334 in
665 3278 944 3335 Christum
975 3294 1070 3348 per
1104 3276 1357 3348 spiritum
1388 3275 1674 3331 credentes
1704 3275 1768 3329 ⁸⁵.
1803 3294 1822 3325 ι
1853 3274 2011 3341 Quod

2122 3273 2325 3344 «Ἀδὰμ
2346 3276 2641 3345 τριάκοντα
2661 3276 2754 3328 καὶ
2772 3276 3017 3331 διακόσια
3030 3276 3145 3346 ἕτη’
3165 3277 3258 3329 καὶ
3278 3277 3533 3347 ἐγέννησε
3558 3281 3711 3335 κατὰ

434 3381 618 3428 autem
647 3371 736 3427 his
783 3371 952 3426 veluti
997 3369 1151 3425 radix
1183 3368 1430 3439 quaedam
1459 3366 1676 3438 generis
1704 3374 1760 3421 et
1796 3366 2011 3421 occasio

2113 3364 2214 3435 τὴν
2255 3363 2400 3416 ἰδέαν
2435 3363 2636 3431 αὐτοῦ,
2681 3366 2774 3419 καὶ
2803 3366 2945 3419 κατὰ
2987 3368 3087 3437 τὴν
3124 3366 3308 3420 εἰκόνα
3350 3367 3555 3435 αὑτοῦ,
3607 3372 3711 3425 καὶ

432 3459 641 3516 Christi
691 3474 842 3514 mors
906 3459 1107 3523 fuerit,
1169 3457 1402 3527 ipsemet
1454 3464 1708 3520 testatur,
1755 3455 1947 3510 dicens
1992 3473 2006 3509 :

2114 3459 2437 3532 ἐπωνόμασε
2459 3459 2521 3512 τὸ
2559 3459 2729 3531 ὄνομα
2758 3460 2924 3513 αὐτοῦ
2964 3460 3092 3531 Σήθ.
3127 3480 3145 3513 ι
3194 3462 3384 3533 Ἄθρει
3405 3463 3468 3533 δὴ
3493 3461 3596 3517 οὖν
3620 3468 3709 3521 ὅτι

441 3571 460 3603 ι
503 3551 698 3616 Amen,
744 3565 904 3606 amen
948 3548 1074 3604 dico
1102 3548 1257 3604 vobis
1290 3566 1302 3601 :
1335 3548 1449 3604 Nisi
1476 3563 1705 3618 granum
1745 3547 2006 3602 frumenti

2117 3551 2254 3622 μετὰ
2271 3551 2362 3604 τὸν
2385 3551 2549 3604 Ἀϐελ
2568 3550 2816 3614 θάνατον,
2840 3553 3243 3624 ἐμφερέστατος
3261 3553 3340 3625 τῷ
3363 3556 3482 3608 κατ’
3504 3559 3713 3613 εἰκόνα

432 3642 636 3698 cadens
657 3642 713 3696 in
727 3650 927 3697 terram
945 3649 1219 3697 mortuum
1235 3638 1601 3709 fuerit,ipsum
1613 3639 1787 3694 solum
1804 3648 2005 3706 manet;

2114 3644 2209 3695 καὶ
2248 3642 2507 3712 ὁμοίωσιν
2546 3641 2713 3706 Θεοῦ,
2761 3642 3010 3696 τουτέστι
3066 3644 3146 3714 τῷ
3199 3645 3403 3716 Ἀδὰμ,
3447 3646 3714 3706 τίκτεται

432 3736 480 3791 si
506 3751 638 3792 vero
673 3743 949 3791 mortuum
973 3733 1162 3799 fuerit,
1184 3732 1418 3788 multum
1438 3731 1677 3787 fructum
1706 3730 1885 3787 affert.
1910 3731 1955 3762 ⁶⁶
1982 3751 2000 3783 ι

2116 3731 2276 3785 πάλιν
2312 3732 2426 3794 υίὸς
2459 3731 2588 3803 Σήθ.
2632 3733 2785 3786 Μετὰ
2826 3734 2945 3804 γάρ
2971 3751 3053 3786 τοι
3098 3733 3161 3787 τὸ
3191 3735 3497 3793 ,ἀποθανεῖν
3554 3743 3714 3793 κατὰ

426 3825 661 3892 Quando
687 3810 854 3898 igitur
871 3824 1073 3882 cecidit
1099 3823 1154 3879 in
1176 3831 1381 3878 terram
1402 3821 1573 3878 veluti
1587 3836 1814 3892 granum
1831 3820 2008 3890 quod-

2116 3820 2293 3891 σάρκα
2313 3821 2404 3874 τὸν
2438 3820 2804 3894 Ἐμμανουὴλ,
2834 3822 3019 3894 ἕτερον
3060 3824 3222 3888 εὐθὺς
3253 3826 3424 3895 ἀνέφυ
3466 3830 3718 3902 σπέρμα

422 3919 578 3985 dam,
602 3918 776 3975 instar
795 3919 978 3990 spica,
1002 3916 1287 3988 multiplex
1310 3924 1560 3972 exortum
1580 3923 1682 3980 est,
1716 3913 2007 3970 reformata

2118 3911 2188 3982 τῷ
2223 3911 2413 3982 Ἀδὰμ,
2448 3911 2853 3966 καταπλουτοῦν
2877 3916 2935 3967 ἐν
2971 3913 3149 3984 ἑαυτῷ
3173 3916 3273 3985 τῆς
3301 3915 3451 3980 Θείας
3482 3920 3720 3986 εἰκόνος

431 4007 489 4063 in
512 4007 629 4079 ipso
651 4008 891 4064 humana
920 4017 1117 4064 natura
1146 4007 1214 4062 ad
1242 4006 1474 4077 primam
1505 4004 1653 4059 illam
1686 4002 2002 4075 imaginem,

2120 4003 2170 4056 εδ
2195 4004 2496 4073 ὑπέρτατον
2519 4003 2734 4068 κάλλος·
2761 4022 2781 4055 ι
2809 4005 3299 4077 ’Δναμορφούμεθα
3329 4009 3439 4079 γὰρ
3458 4010 3550 4074 εἰς
3567 4013 3722 4083 xm;

422 4098 498 4153 ad
518 4101 674 4170 cujus
691 4098 1109 4153 similitudinem
1125 4096 1338 4168 primus
1360 4096 1528 4151 homo
1553 4103 1772 4152 creatus
1804 4094 1926 4150 luit.

2122 4095 2235 4147 στὸν
2272 4094 2361 4148 διὰ
2385 4095 2694 4166 πνεύματος
2722 4095 2772 4149 οἱ
2792 4097 3159 4162 πιστεύοντες.
3192 4119 3211 4152 ι
3242 4099 3364 4153 Ὅτι
3402 4099 3460 4152 δὲ
3481 4103 3724 4170 τούτοις

426 4190 616 4259 γένους
639 4189 764 4261 ῥίζα
788 4206 871 4252 τις
889 4188 1078 4258 ὥσπερ
1098 4187 1192 4239 καὶ
1211 4187 1482 4257 πρόφασις
1501 4189 1529 4240 6
1551 4187 1788 4256 Χριστοῦ
1813 4187 2001 4255 γέγονε
2039 4185 2288 4252 θάνατος,
2312 4185 2474 4252 αὐτὸς
2492 4187 2651 4242 τοῦτο
2690 4189 3022 4245 πιστώσεται
3080 4190 3273 4260 λέγων·
3298 4208 3317 4241 ι
3339 4188 3728 4269 Ἀμὴν,ἀμῂν

425 4280 571 4349 λέγω
603 4282 754 4350 ὐμϊνο
791 4278 887 4333 ἐὰν
938 4278 1014 4350 μὴ
1051 4279 1080 4331 ό
1120 4277 1317 4340 κόκκος
1350 4274 1444 4330 τοῦ
1496 4276 1643 4329 σίτου
1693 4275 1873 4330 πεσὼν
1921 4278 2000 4339 εἰς
2034 4279 2133 4347 τὴν
2180 4279 2285 4347 γῆν
2348 4281 2631 4353 ἀποθάνῃ,
2679 4280 2841 4346 aia-:6;
2875 4284 3035 4352 μόνος
3081 4285 3262 4354 μένει·
3296 4283 3400 4339 ἐὰν
3430 4285 3491 4341 δὲ
3558 4293 3723 4345 ἀπο..

428 4376 599 4448 Θάνῃ,
640 4373 807 4427 πολὺν
840 4372 1053 4443 καρπὸν
1077 4372 1252 4443 φέρει.
1298 4391 1316 4424 ι
1341 4372 1471 4425 Ὅτε
1522 4371 1700 4424 τοίνυν
1752 4371 2044 4425 πέπτωκεν
2080 4369 2170 4426 οἷά
2204 4391 2290 4437 τις
2331 4374 2529 4439 κόκκος
2567 4379 2646 4439 είς
2699 4381 2824 4448 γῆν,
2868 4380 3137 4450 ἁστάχυος
3171 4380 3349 4452 δίκην,
3398 4383 3728 4453 πολλοστὸς

426 4467 637 4535 ἀνέφυ,
683 4464 780 4534 τῆς
825 4461 1115 4532 ἀνθρώπου
1160 4460 1374 4531 φύσεως
1420 4460 1897 4533 ἀναπλαττομένης
1941 4460 1999 4514 ἐν
2038 4462 2207 4531 αὐτῷ,
2233 4463 2367 4536 πρὸς
2391 4464 2488 4534 τὴν
2527 4466 2586 4518 ὲν
2631 4467 2829 4537 ἀρχαῖς
2886 4470 3106 4534 “mw,
3142 4471 3264 4525 καθ.
3312 4473 3380 4544 ἦν
3412 4475 3442 4527 ὁ
3472 4478 3721 4547 πρῶτος

427 4556 650 4625 γέγονεν
678 4554 982 4624 ἄνθρωπος.
1870 4592 1879 4597 ,

494 4647 548 4700 4.
588 4643 781 4716 Opera:
825 4642 1061 4715 pretium
1106 4657 1239 4697 vero
1273 4640 1440 4697 fuerit
1471 4640 1787 4712 progeniem
1829 4645 1996 4697 etiam
2030 4644 2075 4703 D

2170 4641 2234 4696 δ’.
2268 4643 2447 4707 Ἄξιον
2469 4644 2524 4697 δὲ
2543 4647 2641 4699 καὶ
2668 4646 2727 4699 τὸ
2746 4647 2805 4713 ὲξ
2822 4648 3024 4718 ἀμφοῖν
3041 4652 3187 4721 ἡμᾶς
3208 4654 3717 4727 πολυπραγμονεῖς.

426 4737 716 4807 utriusque
760 4734 1060 4806 inquirere,
1089 4732 1264 4798 Caini,
1302 4733 1544 4803 inquam,
1575 4741 1633 4786 et
1663 4732 1815 4788 Seth.
1864 4733 2001 4788 Nam

2124 4733 2278 4797 γένος,
2314 4733 2374 4786 τό
2414 4751 2475 4787 τε
2512 4735 2607 4788 τοῦ
2648 4737 2787 4790 Κάῖν
2819 4740 2961 4809 φημὶ
2991 4742 3082 4794 καὶ
3110 4741 3204 4795 τοῦ
3233 4729 3371 4815 ’Σήθσ
3398 4750 3726 4817 περιέσται

421 4830 586 4883 etiam
638 4825 766 4882 inde
815 4824 1026 4896 aliquid
1071 4824 1322 4880 utilitatis
1369 4823 1529 4878 nobis
1563 4824 1876 4880 accesserit.
1922 4825 2003 4879 ita

2121 4826 2209 4897 (Cap
2235 4825 2298 4896 δή
2330 4843 2383 4878 τι
2419 4826 2711 4880 κάντεῦθεν
2744 4830 2877 4898 ἡμῖν
2912 4830 2974 4883 τὸ
3001 4831 3187 4885 τελοῦν
3222 4836 3302 4897 είς
3341 4835 3560 4905 ὄνησιν
3610 4844 3723 4910 γέ·

420 4936 555 4976 vero
617 4919 884 4990 scriptum
940 4925 1024 4972 est
1055 4933 1067 4971 :
1101 4935 1119 4967 ι
1163 4916 1231 4972 Et
1280 4916 1535 4986 cognovit
1582 4914 1717 4971 Cain
1772 4930 1998 4971 uxorem

2124 4934 2342 4987 νραπται
2387 4918 2445 4972 δὲ
2489 4919 2691 4982 οὕτως’
2731 4937 2749 4970 ι
2790 4921 2899 4974 Καὶ
2936 4921 3078 4991 ἔγνω
3114 4925 3257 4979 Κάῖν
3299 4926 3399 4996 τὴν
3445 4935 3726 4995 γυναῖκα

419 5025 598 5077 suam,
640 5017 697 5066 et
733 5006 1051 5080 concipiens
1099 5006 1314 5077 peperit
1357 5006 1524 5071 Enos,
1564 5015 1620 5062 et
1664 5015 1785 5061 erat
1823 5007 1997 5062 aedili-

2126 5008 2286 5073 εὐτοῦ,
2321 5010 2417 5063 καὶ
2445 5010 2782 5064 συλλαϐοῦσα
2814 5011 2967 5066 ἔτεκε
3004 5014 3096 5068 τὸν
3140 5014 3306 5079 Ἐνὼς
3327 5056 3341 5081 ,
3378 5018 3473 5070 καὶ
3501 5015 3589 5092 ἦν
3636 5028 3728 5077 οἰ-

420 5118 551 5158 eans
598 5100 816 5165 urbem,
863 5108 922 5154 et
968 5096 1374 5169 cognominavit
1406 5098 1598 5152 urbem
1633 5098 1855 5154 nomine
1900 5098 1998 5153 ﬁlii

2127 5100 2548 5173 ιοδομῶνιπόλιν,
2575 5104 2670 5157 καὶ
2693 5104 3015 5176 ἐπωνόμασε
3037 5106 3135 5179 τὴν
3167 5108 3325 5162 πόλιν
3341 5109 3433 5161 ἐπὶ
3462 5111 3556 5181 τῷ
3588 5116 3729 5169 ὀνό-

420 5192 505 5247 sui
536 5190 747 5248 Enoch.
797 5187 1002 5245 Genuit
1045 5196 1227 5242 autem
1258 5185 1406 5242 Enos
1437 5185 1666 5252 Gaidad,
1694 5198 1751 5243 et
1790 5187 1995 5245 Caidad

2125 5209 2236 5245 ιατι
2262 5193 2358 5246 τοῦ
2387 5194 2503 5247 υἱοῦ
2527 5194 2693 5248 αὐτοῦ
2732 5195 2916 5261 Ἐνώς.
2960 5199 3248 5271 Ἐγεννήθη
3278 5200 3335 5254 δὲ
3366 5201 3444 5271 τῷ
3491 5204 3727 5273 Ἐνὼς,

419 5281 610 5354 genuit
648 5279 907 5347 Maviael;
940 5286 997 5334 et
1037 5277 1262 5333 Maviael
1304 5277 1492 5349 genuit
1528 5277 1904 5347 Mathusalem,
1942 5289 1998 5335 et

2130 5282 2326 5347 ἀῖδὰδ,
2356 5284 2453 5338 καὶ
2480 5284 2676 5339 Γαῖδάδ
2705 5286 2963 5359 ἐγέννησε
2993 5290 3085 5343 τὸν
3112 5292 3383 5348 Μαουῒαν.
3417 5296 3543 5349 Καὶ
3582 5301 3732 5356 Ma...

420 5369 774 5427 Mathusalem
797 5370 988 5441 genuit
1019 5367 1281 5431 Lamecb;
1310 5375 1366 5422 et
1393 5369 1606 5439 accepit
1632 5370 1735 5425 sibi
1758 5370 1994 5427 Lamech

2133 5374 2250 5436 υτας
2275 5375 2534 5445 ἐγέννησε
2553 5375 2643 5430 τὸν
2666 5377 3017 5446 Μαϐουσάλα,
3043 5383 3136 5435 καὶ
3162 5384 3504 5438 Μαθουσάλα
3541 5391 3703 5459 ὲγέν
3719 5425 3735 5436 .

420 5462 526 5531 22
552 5459 689 5514 duas
709 5474 931 5524 uxores,
948 5473 1148 5513 nomen
1170 5459 1266 5514 uni
1287 5458 1403 5515 Ada
1417 5500 1432 5525 ,
1456 5469 1513 5515 et
1528 5475 1725 5516 nomen
1742 5461 1995 5518 secundae

2130 5479 2226 5533 ησε
2249 5463 2341 5518 τὸν
2364 5465 2574 5536 Λάμεχ,
2600 5467 2695 5521 καὶ
2717 5467 2910 5522 ἔλαϐεν
2937 5470 3114 5542 ἑαυτῷ
3137 5474 3329 5545 Λάμεχ
3361 5474 3455 5528 δύο
3491 5458 3732 5546 rubori;

422 5554 584 5609 Sella.
635 5550 781 5605 Dixit
824 5560 1007 5607 autem
1049 5550 1287 5607 Lamech
1331 5552 1594 5608 uxoribus
1635 5554 1753 5610 suis
1786 5552 1903 5609 Ada
1937 5563 1995 5609 et

2133 5571 2218 5617 ας·
2247 5554 2420 5626 ὄνομα
2441 5556 2498 5610 δὲ
2523 5558 2625 5629 μιᾷ
2656 5559 2802 5624 ’Δδὰ,
2824 5562 2919 5615 καὶ
2936 5561 3105 5633 ὄνομα
3126 5567 3192 5636 τῇ
3222 5565 3454 5638 δευτέρᾳ
3490 5570 3733 5631 Σελλά.

493 5669 537 5699 ⁸⁸
560 5668 661 5722 lsa.
692 5682 751 5730 ιι,
781 5668 867 5722 15.
945 5666 988 5699 "
1024 5668 1212 5726 Matth.
1254 5672 1525 5739 xxvn,25.
1604 5674 1646 5705 "
1685 5673 1850 5729 Hebr.
1889 5689 1982 5738 xu,
2017 5674 2025 5726 ‘.

423 5737 468 5767 “
494 5736 650 5795 Joan.
681 5753 771 5804 xu,
797 5736 889 5793 ει.

2204 5675 2249 5708 ⁸³
2281 5673 2418 5732 Gen.
2446 5691 2517 5743 iv,
2549 5677 2636 5733 τε.
2704 5679 2749 5712 ⁸⁸
2775 5678 2911 5736 Gen.
2948 5699 2999 5747 ν,
3030 5682 3080 5737 5.
3162 5685 3248 5739 “l
3276 5684 3405 5740 Cor.
3445 5699 3568 5755 xu,
3621 5692 3737 5753 27.

3980 5158 3981 5245 ι

3978 5336 3981 5423 J
