4056 6260
516 422 589 480 (.7
1545 422 1601 478 S.
1641 420 1914 478 CYRlLLl
1954 419 2424 481 ALEXANDRINI
2458 427 2778 486 ARCHIEP.
3716 432 3784 492 48

514 558 649 599 eum
685 541 888 616 alioqui
932 540 1106 596 sancti
1160 540 1216 595 id
1271 540 1376 594 sibi
1420 542 1771 613 cogitandum
1809 557 1873 595 ac
1909 542 2097 596 dicen-

2205 545 2268 617 δὴ
2303 548 2539 617 τρόπον,
2595 552 2626 604 ὁ
2674 549 2847 621 αὐτῆς
2893 550 2992 621 τῆς
3035 548 3180 621 ζωῆς
3225 550 3520 622 ἀγνοηθείη
3562 550 3784 623 καιρόςε

523 634 676 700 dum,
718 641 882 704 atque
928 632 984 686 in
1026 632 1133 687 hoc
1179 632 1522 707 gloriandum
1570 642 1829 687 censeant
1867 651 1879 686 :
1928 652 1945 684 ι
1982 633 2102 687 Non

524 726 793 782 habemus
818 725 908 780 hic
938 731 1249 779 manentem
1281 724 1580 789 civitatem,
1611 724 1707 779 sed
1738 724 1978 778 futuram
2015 723 2100 777 in-

523 817 829 888 quirimus,
893 817 1052 886 cujus
1124 816 1460 871 architectus
1534 826 1698 886 atque
1767 814 1948 885 cpifex
2020 825 2105 871 est

528 912 669 964 Deus
703 909 769 963 ⁷⁵.
808 929 825 961 ι
875 909 1050 965 Vitam
1085 924 1218 965 vero
1260 909 1424 980 hujus
1464 909 1668 972 szeeuli,
1702 907 2102 979 peregrinatio-

525 1019 648 1059 nem
682 1018 803 1057 esse
836 1001 1155 1056 existiment
1181 1011 1237 1055 et
1265 1009 1477 1055 vocent.
1509 1000 1585 1056 Ita
1613 1016 1745 1055 vero
1779 999 1982 1054 alicubi
2016 999 2101 1054 di—

523 1095 687 1151 vinus
726 1094 899 1151 David
938 1093 1122 1165 psallit
1156 1110 1170 1146 :
1219 1112 1237 1144 ι
1268 1092 1506 1147 Remitte
1545 1091 1699 1156 mihi,
1732 1093 1859 1162 quia
1893 1091 2101 1146 advena

522 1204 643 1242 sum
701 1187 758 1241 in
807 1195 954 1241 terra
997 1193 1053 1239 et
1099 1185 1452 1255 peregrinus,
1503 1184 1644 1239 sicut
1684 1199 1876 1239 omnes
1918 1190 2103 1254 patres

524 1278 633 1334 mei
663 1277 731 1332 ⁷⁸.
768 1297 786 1329 ι
813 1277 890 1333 De
917 1276 985 1331 iis
1008 1277 1254 1346 veroqui
1292 1285 1503 1333 terrena
1522 1276 1781 1348 cogitant,
1814 1276 1868 1330 in
1893 1276 2101 1345 psalmo

520 1368 941 1442 quadragesimo
968 1376 1162 1424 octavo
1202 1368 1276 1422 ita
1311 1367 1389 1423 ait
1416 1386 1428 1420 :
1458 1387 1477 1418 ι
1508 1366 2099 1439 Cognominaruntno-

522 1462 671 1518 mina
694 1461 866 1518 suain
887 1459 1335 1533 generationibus
1352 1460 1553 1515 suis".
1580 1478 1598 1511 ι
1625 1458 1795 1515 Ortus
1812 1467 1994 1515 autem
2015 1467 2100 1513 est

519 1572 586 1610 ex
630 1553 762 1612 Seth
785 1554 1007 1610 divinus
1038 1551 1207 1619 Enos,
1231 1551 1299 1606 de
1326 1567 1436 1621 quo
1473 1551 1741 1620 scriptum
1775 1558 1859 1604 est
1888 1566 1901 1603 :
1947 1568 1964 1599 ι
1999 1548 2101 1603 Hic

518 1645 760 1718 speravit
779 1645 1026 1701 invocari
1048 1644 1272 1699 nomine
1298 1642 1514 1718 Domini
1535 1641 1633 1695 Dei
1654 1641 1739 1695 sui
1765 1641 1833 1694 ⁷⁷.
1863 1659 1881 1691 ι
1915 1638 2104 1696 Genus

517 1737 663 1792 enim
695 1737 749 1791 in
777 1735 1000 1792 Christo
1029 1749 1247 1789 sacrum
1279 1706 1344 1788 at:
1374 1741 1644 1798 sanctum,
1675 1740 1732 1787 et
1761 1732 1818 1786 in
1846 1748 1941 1803 spe
1980 1732 2100 1803 glo-

2212 656 2231 687 σ
2280 638 2578 712 Ὀαθαλμοὶ
2603 642 2731 713 γὰρ,
2768 659 2785 692 ι
2827 640 2981 712 φησι,
3019 660 3038 693 ι
3082 641 3291 712 Κυρίου
3336 642 3428 695 ἐπὶ
3459 642 3722 705 δικαίους.
3762 660 3780 693 ι

2204 729 2312 782 Καὶ
2341 732 2369 783 ὁ
2405 732 2502 801 μὲν
2534 731 2787 805 δεύτερος
2834 731 2996 797 εὐθὺς
3034 732 3142 787 ἀπὸ
3184 733 3324 787 Κάῖν
3365 730 3552 796 Ἐνὼς,
3579 733 3788 785 ἐπώνυο

2206 837 2306 890 μον
2336 821 2492 893 ἔσχεν
2535 824 2593 876 ἐν
2628 827 2691 895 τῇ
2732 826 2801 896 γῇ
2836 824 2990 879 πόλιν
3013 842 3025 855 ·
3065 824 3242 878 καίτοι
3271 823 3379 877 τῶν
3412 825 3581 892 ἁγίων
3622 824 3697 888 ὡς
3729 825 3787 875 ὲν

2202 914 2517 984 αὐχήματος
2543 913 2694 980 τάξει
2726 918 3109 988 πεποιημένων
3136 917 3196 970 τὸ
3225 919 3421 987 χρῆναι
3454 917 3671 987 φρονεῖν
3693 916 3788 969 καὶ

2200 1003 2413 1074 λέγειν·
2451 1007 2565 1061 Οὐκ
2591 1007 2786 1079 ἔχομεν
2830 1001 2931 1062 ὧδε
2978 1009 3243 1078 μένουσαν
3283 1007 3472 1085 πόλων
3518 1005 3657 1061 ἀλλὰ
3690 1007 3787 1077 τὴν

2204 1097 2507 1169 μέλλουσαν
2555 1099 2945 1171 ἐπιζητοῦμεν,
3000 1095 3065 1171 ἧς
3110 1100 3361 1171 τεχνίτης
3401 1099 3494 1153 καὶ
3523 1099 3789 1171 δημιουρ-

2201 1186 2293 1253 γὸς
2326 1187 2355 1238 ὁ
2388 1186 2543 1250 Θεός.
2587 1206 2605 1238 ι
2641 1188 2988 1259 Ἠγουμένων
3018 1206 3077 1241 τε
3110 1190 3204 1245 καὶ
3245 1188 3620 1257 ὀνομαζόντων
3657 1206 3791 1261 παρ-

2199 1272 2378 1327 οικίαν
2438 1274 2536 1345 τὴν
2578 1275 2635 1328 ὲν
2676 1274 2813 1345 τῷδε
2856 1275 2936 1345 τῷ
2979 1276 3080 1346 βίῳ
3118 1276 3283 1348 ζωήν.
3328 1275 3535 1329 Ψάλλει
3590 1274 3646 1327 δέ
3685 1294 3787 1329 που

2201 1365 2294 1419 καὶ
2326 1367 2354 1420 ὁ
2388 1364 2676 1430 Θεσπέσιος
2705 1367 2900 1421 Δαϐίδ’
2946 1387 2966 1420 ι
3006 1369 3167 1432 ’Ᾱνες
3204 1386 3314 1440 μοι,
3345 1368 3426 1422 ὅτι
3462 1367 3571 1436 ἐγὼ
3600 1367 3791 1438 πάροι·

2200 1455 2296 1519 κός
2333 1456 2451 1527 εἰμι
2490 1459 2547 1511 ἐν
2591 1459 2659 1530 τῇ
2687 1461 2756 1530 γῇ
2794 1460 2889 1513 καὶ
2930 1459 3332 1532 παρεπίδημος,
3369 1458 3552 1523 καθὼς
3581 1461 3787 1522 πάντες

2198 1547 2248 1600 oi
2281 1547 2516 1619 πατέρες
2556 1567 2677 1619 μου.
2723 1569 2742 1602 ι
2785 1551 2919 1623 Περὶ
2946 1550 3004 1605 δὲ
3028 1551 3137 1606 τῶν
3177 1551 3247 1605 τὰ
3287 1552 3507 1619 ἐπίγεια
3539 1551 3791 1624 φρονούν-

2198 1654 2327 1704 των,
2355 1639 2411 1690 ὲν
2437 1638 2515 1709 τῷ
2545 1647 2635 1710 μη¹
2657 1640 2857 1713 ψαλμῷ
2878 1642 3049 1710 λέγει·
3076 1663 3094 1695 ‹
3117 1642 3549 1697 Ἐπεκαλέσαντο
3578 1642 3649 1696 τὰ
3678 1642 3790 1695 ὀνό-

2201 1746 2349 1799 ματα
2376 1728 2556 1782 αὐτῶν
2594 1730 2687 1783 ἐπὶ
2720 1732 2829 1789 τῶν
2857 1732 3029 1800 γενῶν
3056 1734 3255 1789 αὐτῶν.
3280 1753 3298 1787 ι
3344 1734 3538 1803 Ἀνέφυ
3585 1733 3640 1787 δὲ
3680 1733 3790 1787 ἀπὸ

518 1828 611 1883 τίω
638 1842 802 1898 supra
826 1825 1105 1880 hominem
1134 1833 1405 1880 versatur.
1438 1823 1720 1894 Siquidem
1742 1839 1868 1879 cum
1892 1823 2097 1879 terreni

2201 1821 2307 1893 Σὴθ
2337 1824 2373 1881 ὁ,
2394 1820 2680 1886 θεσπέσιος
2724 1823 2909 1887 Ἐνὼς,
2936 1825 3066 1894 περὶ
3095 1818 3157 1878 οὗ
3193 1829 3534 1898 γέγραπται·
3557 1847 3575 1878 ι
3617 1822 3787 1889 υῦτος

518 1918 709 1982 simus,
737 1916 979 1987 adoptati
1017 1932 1206 1972 sumus
1240 1917 1296 1971 in
1331 1914 1474 1971 ﬁlios
1502 1916 1747 1972 omnium
1773 1915 2012 1981 Domini,
2044 1925 2097 1971 et

2202 1892 2432 1985 ἤλπισεν
2472 1914 2853 1970 ἐπικαλεῖσθαι
2892 1916 2969 1987 τῷ
3009 1892 3235 1988 ϐνόματι
3272 1892 3487 1989 *Κυρίου
3522 1919 3616 1972 τοῦ
3649 1918 3787 1973 Θεοῦ

518 2007 574 2063 in
608 2008 804 2064 fratres
832 2006 1061 2074 Christi,
1095 2007 1189 2078 qui
1218 2014 1444 2078 propter
1464 2023 1567 2062 nos
1593 2006 1768 2077 factus
1798 2014 1883 2063 est
1904 2006 2101 2061 similis

518 2100 695 2164 nobis,
734 2110 795 2155 ut
824 2100 989 2155 etiam
1017 2115 1117 2154 nos
1145 2116 1244 2170 per
1264 2098 1444 2171 ipsum
1466 2084 1901 2170 praestantiorem
1936 2106 2101 2170 atque

517 2192 756 2247 humana
794 2193 1055 2263 majorem
1077 2191 1327 2262 gloriam,
1361 2189 1438 2245 dii
1460 2180 1720 2246 nimirum
1744 2191 1918 2262 gratia
1932 2197 2101 2260 atque

512 2285 852 2357 benignitate
879 2286 1441 2355 ,jconsequeremum
1464 2283 1580 2355 Ego
1618 2284 1766 2339 enim
1783 2282 1919 2350 dixi,
1962 2303 1980 2335 ι
2018 2284 2102 2339 in-

513 2375 635 2445 quit
662 2392 673 2427 :
700 2394 719 2425 ι
750 2374 836 2428 1)ίί
875 2374 1029 2439 estis,
1060 2382 1116 2428 et
1135 2373 1233 2426 lilii
1253 2373 1467 2428 Excelsi
1486 2389 1677 2428 omnes
1703 2375 1772 2427 ⁷⁸.
1797 2394 1815 2425 ι
1849 2373 2104 2444 Speravit

517 2468 701 2539 itaque
735 2466 882 2520 Enos
909 2465 1093 2520 vocari
1123 2464 1191 2519 ab
1216 2464 1339 2520 aliis
1364 2465 1586 2520 nomine
1620 2465 1836 2521 Domini
1866 2465 1963 2520 Dei
1992 2464 2097 2532 sui,

516 2559 622 2614 hoc
650 2566 753 2622 est,
779 2558 944 2612 Deus.
975 2556 1111 2612 Cum
1138 2555 1287 2611 enim
1315 2562 1464 2611 esset
1490 2568 1600 2611 non
1627 2556 1833 2628 absque
1860 2556 2099 2613 admira-

517 2649 666 2705 tione
705 2647 1011 2703 sanctitatis
1042 2646 1215 2717 gloria
1248 2634 1542 2711 excellens,
1577 2645 1749 2701 Deum
1786 2647 1965 2719 ipsum
1999 2664 2099 2704 vo-

515 2747 713 2794 carunt
750 2737 1107 2793 humaniores
1142 2736 1390 2808 quidam,
1425 2753 1684 2809 supremo
1728 2740 1882 2794 illum
1927 2740 2102 2797 hono-

516 2847 573 2886 re
603 2846 803 2885 ornare
840 2828 1143 2901 cupientes.
1172 2828 1442 2884 Proeedat
1478 2829 1663 2901 itaque
1696 2832 1857 2887 nobis
1878 2832 1943 2887 ad
1968 2849 2099 2903 pro-

514 2923 755 2995 positum
780 2936 980 2977 sermo.
1001 2920 1177 2977 Judaei
1202 2921 1407 2976 etenim
1433 2920 1548 2994 (qui
1569 2931 1625 2978 et
1646 2922 1815 3003 ﬁgura
1842 2924 1952 2996 24,
1973 2933 2101 2979 sunt

514 3026 859 3093 posterorum
888 3011 1044 3086 Cain)
1073 3013 1218 3084 quod
1262 3014 1484 3085 quidem
1522 3013 1652 3082 sint,
1694 3026 2101 3087 cognoscuntur

513 3109 582 3163 ab
612 3107 861 3163 omnium
903 3106 1018 3189 Deo
1047 3122 1060 3159 :
1086 3104 1236 3177 quod
1279 3121 1411 3162 vero
1450 3122 1560 3165 non
1592 3107 1703 3162 sint
1738 3106 1997 3181 descripti
2041 3109 2097 3165 in

2200 2007 2391 2064 αὐτοῦ.
2435 2026 2454 2059 ι
2496 2008 2569 2062 Τὸ
2596 2008 2708 2081 γὰρ
2749 2010 2806 2063 ἐν
2839 2010 3064 2082 Χριστῷ
3094 2011 3251 2079 γένος
3295 2010 3451 2079 ᾶγιον
3489 2013 3583 2065 καὶ
3618 2014 3789 2082 ἱερὸν,

2202 2099 2299 2153 καὶ
2348 2100 2406 2152 ὲν
2448 2098 2626 2154 ἐλπίδι
2653 2099 2811 2172 δόξης
2849 2101 2951 2172 τῆς
2990 2102 3131 2175 ὑπὲρ
3164 2101 3473 2173 ἄνθρωπον.
3503 2102 3672 2174 Εἴπερ
3702 2102 3791 2155 ὃν·

2200 2207 2292 2252 τες
2325 2190 2392 2244 ἐκ
2426 2190 2554 2260 γῆς,
2596 2191 2915 2263 κεκλήμεθα
2951 2193 3087 2263 πρὸς
3135 2192 3408 2247 υἱοθεσίαν
3440 2191 3534 2245 τοῦ
3568 2194 3791 2246 πάντων

2201 2285 2502 2348 Δεσπότου,
2555 2284 2651 2337 καὶ
2701 2285 2781 2348 είς
2826 2283 3168 2355 ἀδελφότητα
3211 2284 3303 2338 τοῦ
3339 2272 3597 2356 Χριστοῦ.
3636 2285 3694 2348 ὃς
3720 2284 3788 2337 δι’

2202 2377 2347 2448 ἡμᾶς
2374 2377 2566 2446 γέγονε
2616 2377 2737 2431 καθ’
2763 2379 2934 2448 ἡμᾶς,
2981 2379 3069 2432 ἵνα
3113 2379 3206 2432 καὶ
3245 2380 3406 2450 ἡμεῖς
3445 2380 3511 2432 δι’
3538 2364 3788 2432 αὑτδνὲν

2201 2470 2453 2542 ἀμείνοσί
2483 2487 2541 2524 τε
2581 2469 2678 2524 καὶ
2719 2471 2857 2543 ὑπὲρ
2897 2471 3184 2543 ἄνθρωπον
3229 2470 3363 2538 θεοὶ,
3397 2470 3639 2541 δηλονότι
3687 2472 3788 2540 χά-

2202 2579 2311 2632 ριτι
2334 2562 2428 2615 καὶ
2461 2560 2861 2632 φιλανθρωπίᾳ,
2889 2562 2985 2631 τὴν
3020 2562 3176 2629 δόξαν
3208 2559 3721 2632 ἁποκερδαίνοντες.
3763 2580 3781 2609 ο

2207 2674 2225 2706 ι
2248 2653 2388 2724 Ἐγὼ
2401 2653 2506 2725 γὰρ
2528 2649 2878 2724 εἷπαμφησί·
2922 2653 3070 2708 »Θεοί
3101 2654 3245 2716 ἐστε,
3277 2653 3371 2707 καὶ
3392 2652 3499 2705 υἱοὶ
3526 2651 3787 2719 Ὑψίστου

2201 2745 2421 2808 πάντες.
2479 2762 2499 2794 ›
2536 2744 2770 2798 Ἦλπισε
2822 2743 3005 2797 τοίνυν
3045 2741 3209 2805 Ἑνὼς
3252 2740 3620 2810 κληθήσεσθαι
3655 2738 3789 2805 παρ’

2199 2840 2400 2910 ἐτέρων
2421 2840 2506 2892 ἐπ’
2522 2835 2746 2909 ὀνόματι
2773 2835 2980 2906 Κυρίου
3002 2833 3094 2887 τοῦ
3119 2832 3253 2887 Θεοῦ
3284 2830 3446 2886 αἱ.τοῦ
3465 2847 3477 2861 ’
3512 2829 3786 2887 τουτέστι.

2154 2922 2160 2928 ’
2200 2930 2354 2994 Θεός.
2385 2928 2605 2999 Ἐπειδὴ
2630 2928 2738 2999 γὰρ
2760 2922 2828 2999 ἦν
2856 2928 2958 2980 οὐκ
2992 2926 3342 2995 ἁθαύμαστος
3376 2927 3488 2986 τοῖς
3517 2923 3615 2993 τῆς
3644 2921 3789 2977 ὁσιό-

2199 3037 2361 3092 τητος
2411 3019 2713 3091 ἐμπρέπων
2756 3020 3058 3091 αὐχήμασι,
3110 3018 3242 3071 Θεὸν
3286 3015 3568 3085 ὠνόμαζον
3621 3014 3788 3068 αὐτὸν

2197 3112 2309 3166 τῶν
2328 3110 2751 3184 ἐπιεικεστέρων
2781 3111 2920 3178 τάχα
2954 3110 3057 3163 που
3079 3127 3221 3173 τινες
3248 3112 3312 3178 τῇ
3341 3109 3620 3179 ὑπερτάτῃ
3650 3109 3785 3179 τιμῇ

514 3201 657 3256 libro
698 3200 844 3264 vitae,
884 3198 1234 3255 manifestum
1270 3206 1355 3254 est
1394 3215 1464 3255 ex
1495 3216 1562 3256 eo
1589 3200 1738 3271 quod
1777 3201 1886 3257 vita
1916 3211 2097 3273 poste-

2200 3202 2497 3273 στεφανοῦν
2522 3203 2809 3275 ᾑρημένοι.
2851 3202 3063 3255 Ἰὶκέτω
3085 3202 3148 3272 δὴ
3175 3198 3268 3257 οὖν
3291 3202 3318 3252 ὁ
3339 3200 3494 3267 λόγος
3524 3202 3661 3269 ἡμῖν
3694 3202 3789 3252 ἐπὶ

515 3306 702 3346 rorum
742 3288 878 3345 Cain
927 3289 1147 3345 silentio
1192 3290 1564 3360 praetermissa
1609 3292 1700 3347 sit.
1742 3291 1899 3359 Quod
1946 3294 2095 3348 enim

512 3382 854 3454 descriptum
880 3378 949 3436 sit
982 3395 1156 3451 genus
1176 3381 1231 3436 in
1252 3380 1493 3448 Christo,
1513 3381 1644 3436 etin
1668 3383 1933 3438 memoria
1953 3384 2097 3455 apud

515 3473 710 3536 Deum,
745 3471 1087 3526 demonstrat
1124 3479 1314 3541 aperte
1353 3471 1553 3527 litteris
1583 3472 1855 3542 proditam
1883 3488 2003 3529 esse
2034 3490 2099 3529 ac

515 3562 846 3632 descriptam
869 3563 1140 3634 justorum
1170 3563 1362 3628 vitam,
1390 3579 1604 3630 eorum,
1632 3565 1876 3635 inquam,
1905 3567 2001 3637 qui
2030 3582 2099 3622 ex

516 3656 649 3713 Seth
682 3656 791 3712 orti
821 3662 968 3711 sunt.
997 3655 1175 3726 Atque
1206 3654 1398 3710 Enoch
1426 3654 1651 3724 quidem
1680 3657 1955 3713 secundus
1983 3665 2097 3713 sta-

516 3745 614 3802 tim
647 3763 714 3802 ει
750 3745 907 3813 Cain,
950 3745 1145 3801 urbem
1183 3744 1377 3799 habuit
1423 3759 1492 3800 ex
1537 3760 1638 3799 suo
1681 3745 1922 3802 nomine.
1970 3746 2098 3803 Sola

513 3840 720 3896 ctenim
746 3845 964 3894 terrena
985 3837 1228 3909 cogitant
1255 3837 1444 3893 miseri
1475 3837 1671 3903 Judaei,
1702 3838 2097 3911 primOgenito-

514 3946 635 3987 rum
673 3928 973 3986 Ecclesiam
1018 3943 1133 3985 non
1173 3938 1595 3998 cognoscentes,
1640 3944 1821 3997 neque
1861 3931 1929 3985 ad
1982 3946 2098 3988 etn-

513 4025 705 4081 lestem
756 4023 1035 4080 civitatem
1087 4022 1505 4079 contendentes.
1561 4022 1866 4079 Praeclarus
1911 4033 2097 4080 autem

510 4116 696 4171 evadit
725 4115 871 4171 ﬁlius
904 4115 1060 4179 Seth,
1087 4115 1191 4172 hoc
1222 4124 1329 4180 est,
1360 4116 1529 4171 Enos.
1554 4114 1793 4171 Vocatur
1811 4116 1960 4175 enim
1982 4118 2095 4189 jam

511 4208 680 4263 etiam
703 4207 868 4261 Deus.
894 4205 1068 4276 Hujus
1088 4220 1219 4258 vero
1244 4207 1322 4260 rei
1344 4207 1519 4275 gloria
1546 4207 1734 4262 donati
1765 4222 1978 4275 sumus,
1999 4211 2096 4280 qui

515 4314 612 4367 per
651 4296 813 4349 fidem
852 4293 1074 4349 Christo
1104 4307 1204 4346 nos
1229 4292 1630 4362 copulavimus,
1670 4293 1897 4364 speique
1929 4296 1987 4349 in
2015 4297 2098 4366 ip-

513 4404 634 4445 sum
682 4387 911 4443 ﬁrmiter
962 4385 1314 4441 adhaasimus.
1365 4385 1575 4441 Addam
1616 4402 1750 4443 vero
1792 4387 1883 4443 his
1933 4388 2096 4444 aliam

513 4482 681 4538 etiam
719 4495 831 4535 non
870 4476 1120 4535 inutilem
1152 4476 1673 4534 considerationem.
1708 4478 1764 4535 Si
1790 4480 1918 4550 quis
1947 4481 2093 4535 enim

2196 3294 2288 3349 τὸν
2316 3297 2515 3349 οἰκεῖον
2556 3294 2777 3347 σκοπόν.
2824 3294 3065 3346 Ἰουδαῖοι
3118 3294 3216 3363 μὲν
3260 3292 3390 3361 γὰρ,
3423 3291 3472 3342 οἳ
3513 3289 3610 3343 καὶ
3649 3292 3791 3343 εἰσὶν

2197 3385 2407 3448 εἰκόνες
2449 3384 2558 3438 τῶν
2599 3384 2707 3437 ἀπὸ
2765 3384 2937 3437 Κάῖν·
2992 3384 3074 3436 ὅτι
3122 3384 3227 3453 μέν
3269 3385 3395 3441 εἰσι,
3422 3382 3791 3451 γινώσκονται

2199 3476 2351 3547 παρά
2371 3494 2433 3544 γε
2457 3475 2546 3528 τοῦ
2572 3476 2788 3533 πάντων
2811 3473 2947 3528 Θεοῦ
2972 3492 2984 3505 ·
3011 3475 3093 3528 ὃτι
3121 3474 3178 3527 δὲ
3228 3474 3326 3545 τὴν
3356 3477 3693 3546 ἀπογραφὴν
3732 3478 3789 3527 ὲν

2197 3566 2367 3639 βίϐλῳ
2390 3567 2535 3637 ζωῆς
2563 3567 2663 3621 οὐκ
2691 3565 2898 3637 ἔχουσι,
2930 3566 3098 3635 σαφὲς
3140 3565 3209 3620 ἂν
3237 3565 3447 3635 γένοιτο
3475 3565 3565 3619 διὰ
3591 3582 3662 3636 γε
3691 3565 3787 3619 τοῦ

2199 3661 2521 3731 πσιγῆσθαι
2553 3658 2665 3712 τῶν
2703 3659 2811 3712 ἀπὸ
2845 3659 2986 3717 Κάῖν
3015 3658 3115 3730 τὴν
3154 3657 3323 3729 ζωήν.
3354 3660 3479 3711 Ὅτι
3506 3657 3621 3728 γὰρ
3650 3659 3788 3713 ἀνά-

2197 3766 2444 3820 γραπτον
2468 3748 2529 3801 τὸ
2556 3750 2613 3802 ἐν
2635 3747 2856 3819 Χριστῷ
2880 3748 3059 3816 γένος,
3090 3747 3187 3800 καὶ
3221 3749 3278 3800 ὲν
3311 3748 3502 3819 μνήμῃ
3534 3749 3601 3818 τῇ
3633 3750 3791 3819 παρὰ

2197 3839 2338 3909 Θεῷ,
2369 3836 2745 3910 παραδείξειεν
2793 3837 2883 3904 ἂν,
2916 3832 3071 3908 οἶμαι
3102 3854 3226 3900 που,
3258 3836 3322 3889 τὸ
3360 3839 3790 3907 ἀναγεγράφθαι

2199 3929 2409 3999 σαφῶς,
2456 3929 2556 3999 τὴν
2598 3929 2707 3984 τῶν
2757 3928 2982 3982 δικαίων
3027 3928 3207 4000 ζωὴν,
3239 3928 3382 3997 φημὶ
3426 3926 3491 3997 δὴ
3526 3927 3642 3983 τῶν
3678 3931 3792 3983 ἀπὸ

2197 4022 2329 4093 Σήθ.
2357 4021 2466 4076 Καὶ
2498 4023 2526 4077 ὁ
2566 4021 2665 4091 μὲν
2704 4020 2869 4084 Ἐνὼς
2899 4019 3152 4091 δεύτερος
3185 4018 3346 4081 εὐθὺς
3377 4019 3444 4072 ἐκ
3485 4019 3653 4086 Κὰῖν,
3689 4021 3789 4074 πό-

2195 4114 2277 4168 λιν
2303 4113 2459 4183 ἔσχεν
2492 4111 2805 4181 ἐπώνυμον.
2848 4112 3107 4182 ΦρΟνΟὖσι
3138 4112 3248 4181 γὰρ
3291 4110 3429 4180 μόνα
3460 4109 3526 4164 τὰ
3559 4112 3662 4165 ἐπὶ
3686 4114 3792 4183 γῆς

2194 4208 2244 4259 οι
2288 4205 2516 4268 τάλανες
2552 4204 2816 4266 Ἰουδαῖοι,
2846 4202 2943 4273 τὴν
2976 4204 3082 4255 τῶν
3115 4203 3475 4274 πρωτοτόκων
3508 4204 3616 4257 οὐκ
3648 4206 3790 4259 εἰδό-

2195 4314 2283 4359 τες
2308 4296 2621 4366 ἐκκλησίαν,
2658 4282 2781 4349 οὔτε
2821 4294 2927 4368 μὴν
2959 4296 3039 4359 εἰς
3069 4295 3166 4365 τὴν
3193 4295 3306 4350 ἄνω
3332 4295 3660 4360 σπεύδοντες
3686 4298 3790 4349 πό-

2195 4388 2297 4442 λιν.
2323 4389 2615 4458 Εὺδοκιμεῐ
2654 4388 2709 4440 δὲ
2741 4388 2859 4440 λίαν
2903 4388 2932 4441 ὁ
2963 4387 3071 4456 duo
3110 4387 3242 4457 Σὴθ,
3271 4386 3542 4449 τουτέστι,
3591 4387 3785 4452 Ἐνώς.

2209 4479 2564 4548 Ὀνομάζεται
2617 4479 2727 4550 γὰρ
2759 4478 2860 4549 ήδη
2907 4479 3003 4531 καὶ
3036 4479 3189 4536 Θεὸς.
3222 4477 3691 4550 Πεπλουτήκαμεν
3729 4480 3787 4532 δὲ

513 4572 670 4628 Caini
698 4583 756 4627 et
791 4569 922 4627 Scth
961 4578 1307 4640 posterorum
1338 4583 1515 4640 genus
1541 4578 1846 4636 recenseat,
1875 4569 2096 4641 praeﬁxo

2199 4571 2283 4625 διὰ
2308 4571 2546 4634 πίστεως
2577 4569 2677 4640 τὴν
2715 4570 2809 4622 ἐπὶ
2848 4569 2984 4640 τῷδε
3014 4570 3191 4635 δόξαν,
3213 4572 3263 4623 οἱ
3288 4569 3510 4640 Χριστῷ
3555 4571 3789 4641 προσδε-

515 4663 805 4734 utriusquo
838 4662 1009 4718 veluti
1048 4661 1233 4718 radice
1261 4660 1498 4731 quadam
1526 4660 1757 4728 Adamo,
1797 4664 2090 4734 septimum

513 4755 739 4827 quidem
772 4755 841 4811 ab
867 4769 935 4810 eo
963 4751 1208 4809 inveniet
1236 4752 1471 4807 Lamech
1497 4768 1565 4808 ex
1591 4751 1727 4809 Cain
1754 4762 1972 4821 nam;
2002 4771 2091 4811 se-

513 4849 747 4921 ptimum
790 4863 929 4903 vero
983 4862 1205 4900 rursum
1251 4846 1439 4900 Enocls
1490 4861 1559 4899 cx
1602 4845 1734 4901 Seth
1780 4864 1792 4899 :
1832 4847 1907 4903 ita
1941 4849 2090 4903 enim

512 4942 801 5012 utriusque
830 4940 1003 4995 series
1033 4955 1156 4995 sese
1184 4938 1352 4993 habet
1386 4956 1397 4990 :
1435 4956 1453 4989 ι
1484 4937 1679 5002 Adam,
1700 4938 1857 5004 Cain,
1882 4940 2089 5005 Enoch,

510 5032 739 5097 Gaidad,
763 5031 1013 5096 Maviael,
1037 5028 1414 5093 Mathusalae,
1439 5026 1697 5082 Lamech.
1727 5048 1746 5080 ο
1779 5029 1847 5083 Et
1864 5045 2090 5085 rursus:

517 5143 536 5175 ι
574 5124 775 5188 Adam,
822 5121 987 5188 Seth,
1038 5122 1214 5184 Enos,
1257 5119 1495 5185 Cainau,
1552 5120 1869 5185 Malalehel,
1906 5122 2089 5185 Jared,

511 5217 769 5271 Euoehn
809 5214 1107 5271 Videamus
1141 5214 1330 5284 itaque
1363 5211 1420 5266 in
1459 5211 1662 5283 quibus
1692 5222 1945 5284 uterque.
1982 5214 2090 5268 La-

513 5308 669 5361 mech
701 5307 848 5363 enim
887 5322 1016 5363 cum
1054 5306 1323 5362 uxoribus
1348 5306 1466 5362 suis
1491 5306 1948 5362 consuetudinem
1991 5308 2090 5361 ha—

512 5397 653 5460 buit,
689 5398 883 5454 dicens
914 5418 926 5453 :
971 5418 991 5451 ι
1026 5399 1226 5454 Audite
1268 5414 1457 5455 vocem
1501 5412 1701 5463 meam,
1736 5413 1936 5453 uxores
1983 5398 2090 5453 La-

513 5491 692 5553 mech,
718 5491 944 5545 auribus
963 5491 1229 5562 percipite
1253 5504 1536 5546 sermones
1555 5504 1734 5554 meos;
1757 5489 1886 5560 quia
1911 5490 2090 5545 virum

512 5583 689 5635 occidi
715 5582 768 5635 in
789 5582 990 5636 vulnus
1010 5584 1166 5647 mihi,
1197 5591 1253 5637 et
1285 5583 1753 5639 adolescentulum
1780 5582 1834 5635 in
1860 5582 2089 5635 livorem

514 5672 670 5738 mihi,
699 5672 827 5743 quia
862 5673 1066 5742 septies
1100 5673 1435 5729 vindicatum
1470 5681 1556 5727 est
1584 5688 1651 5727 ex
1682 5670 1817 5727 Cain
1845 5688 1859 5723 :
1884 5686 1949 5723 ex
1984 5668 2090 5723 La-

576 5790 624 5821 "
648 5789 815 5845 liebr.
853 5790 1058 5853 sum”.

513 5860 666 5916 Joan.
710 5876 760 5926 χ,
791 5860 823 5909 5
839 5862 877 5913 ἱ.

1168 5791 1215 5822 ⁷⁸
1241 5790 1381 5845 Psal.
1408 5805 1628 5855 xxmn,
1671 5788 1756 5852 15,
1788 5788 1874 5841 Η.
1952 5787 1999 5819 ⁷⁸
2042 5786 2182 5840 Psal.
2209 5803 2390 5852 sunt,
2437 5786 2524 5841 l2.

2197 4662 2572 4734 δραμηκότες,
2613 4662 2709 4715 καὶ
2746 4663 2844 4732 τῆς
2874 4664 2953 4725 είς
2989 4663 3152 4716 αὐτὸν
3197 4661 3431 4725 ἐλπίδος,
3464 4663 3642 4733 ἀπρὶξ
3674 4665 3787 4733 ήμ-

2200 4756 2377 4827 μένοι.
2409 4754 2716 4825 Προσθείην
2764 4754 2809 4806 δ’
2840 4753 2907 4808 ἂν
2953 4753 3034 4808 ἔτι
3084 4753 3179 4807 καὶ
3222 4754 3438 4823 ἑτέραν,
3473 4748 3554 4818 οἷς
3621 4754 3787 4825 ἔφην,

2199 4848 2528 4918 ἐπιτήρησιν
2553 4845 2881 4913 ἀναγκαίαν.
2912 4845 3258 4912 Γενεαλογεῖν
3286 4846 3397 4915 γὰρ
3417 4844 3581 4915 εἴπερ
3609 4843 3791 4898 ἓλοιτό

2197 4957 2281 5002 τις
2312 4938 2442 5003 τούς
2469 4955 2529 4993 τε
2556 4938 2667 4992 ἀπὸ
2694 4938 2835 4992 Κάῖν
2865 4940 2961 4991 καὶ
2992 4937 3121 5007 Σὴθ,
3153 4938 3481 5007 προαναθεὶς
3510 4939 3788 5009 ἑκατέρου

2199 5031 2356 5102 ῥίζαν
2396 5029 2587 5099 ὥσπερ
2630 5026 2756 5081 τινὰ
2801 5028 2893 5082 τὸν
2931 5027 3124 5098 Ἀδὰμ,
3154 5027 3382 5097 ἕϐδομον
3423 5028 3524 5097 μὴν
3553 5029 3789 5099 εὑρήσει

2194 5122 2387 5192 Λάμεχ
2432 5121 2521 5175 διὰ
2563 5120 2659 5174 τοῦ
2698 5121 2840 5174 Κάῐν
2882 5120 3198 5192 ἐρχόμενον·
3244 5119 3472 5188 ἕϐδομον
3518 5121 3576 5173 δὲ
3619 5119 3791 5173 αὑτὸν

2210 5213 2381 5282 Ἑνὼχ
2403 5211 2493 5266 διὰ
2518 5210 2613 5265 τοῦ
2647 5210 2756 5281 Σὴθ
2808 5212 3094 5279 γεγονότα.
3131 5213 3284 5281 Ἔχει
3319 5210 3376 5264 δὲ
3401 5210 3576 5273 οὕτως
3627 5213 3664 5281 ἡ
3702 5213 3792 5263 ἐπ’

2196 5306 2400 5373 dp.qu
2443 5303 2553 5357 τῶν
2594 5302 2840 5374 γενητῶν
2878 5302 3287 5373 ἁπαρίθμησις·
3324 5319 3343 5352 ι
3386 5300 3579 5371 Ἀδὰμ,
3616 5302 3789 5360 Mitt.

2208 5395 2395 5461 Ἐνὼς,
2436 5394 2653 5458 Γαῖδὰδ,
2690 5395 2960 5458 Μαουῒας,
2990 5394 3344 5456 Μαθουσάλα,
3377 5394 3593 5462 Λάμεχ.
3623 5413 3643 5446 ο
3681 5393 3791 5446 Καὶ

2195 5486 2390 5538 πάλιν·
2430 5504 2449 5536 ι
2503 5485 2716 5556 Ἀδὰμ,
2767 5485 2908 5554 Σὴθ,
2956 5483 3154 5546 Ἐνὼς,
3202 5483 3412 5544 Καῖέιν,
3467 5480 3788 5551 Μαλελεὴλ,

2207 5578 2398 5647 Ἰάρεδ,
2434 5578 2624 5648 Ἑνώχ.
2674 5596 2692 5630 ν
2732 5577 2964 5648 Ἰδωμεν
3003 5577 3182 5629 τοίνυν
3223 5578 3284 5629 ἐν
3318 5575 3460 5628 τίσιν
3493 5573 3788 5645 ἑκάτερος.

2207 5669 2266 5721 '0
2290 5668 2391 5739 μὲν
2422 5669 2529 5740 γὰρ
2557 5670 2749 5741 Λάμεχ
2772 5672 2895 5733 ταῖς
2923 5668 3117 5722 ἑαυτοῦ
3142 5667 3389 5737 γυναιξὶν
3408 5667 3789 5730 ἀνεκοινοῦτο,

2645 5788 2690 5819 ιη
2729 5785 2869 5842 Gen,
2910 5803 2984 5850 ιγ,
3021 5785 3109 5839 26.
3225 5786 3269 5815 ⁷⁸⁸
3296 5784 3438 5838 Psal.
3486 5797 3675 5847 Lxxxx,
3720 5784 3790 5848 ϐε
