4056 6260
439 313 500 373 ει
1454 311 1510 367 S.
1552 311 1829 367 CYRILLI
1865 308 2335 367 ALEXANDRINI
2374 309 2690 366 AKCHIEP.
3625 307 3694 365 ΞΩ

439 432 706 503 temporis
718 432 1039 487 hominibus
1059 432 1202 485 Dens
1217 430 1365 484 Enos
1390 449 1401 482 :
1428 429 1696 500 siquidem
1715 444 1840 485 cum
1857 426 2015 499 justi-

2120 428 2397 498 Κέκληται
2442 427 2553 499 γὰρ
2595 426 2746 499 παρά
2793 430 2903 490 τοῖς
2959 427 3212 497 τηνικάδε
3252 426 3383 491 Θεὸς
3426 429 3455 480 ὁ
3505 428 3691 491 Ἐνώς.

440 526 548 590 tite,
582 540 690 595 qua
722 523 987 594 praeditus
1015 530 1153 586 erat,
1184 522 1617 593 magnitudinem
1655 521 2010 585 mirarentur,

437 617 611 674 Deum
651 615 834 671 statim
877 614 1266 679 nominarunt,
1313 613 1733 669 convenientem
1778 610 2014 667 maxime

439 706 678 765 hominis
699 705 886 762 virtuti
911 720 1032 759 eam
1064 704 1486 775 appellationem
1508 703 1903 758 existimantes.
1933 701 2014 756 Ex

439 800 586 860 lines
617 812 768 860 vero,
798 797 913 857 sive
953 813 1022 852 eo
1063 798 1151 853 cui
1185 813 1488 869 cognomen
1534 807 1654 852 erat
1697 797 1864 859 Deus,
1896 796 2010 850 nati

437 898 567 947 sunt
593 889 710 953 alii,
738 900 863 959 post
890 904 1032 959 quos
1059 889 1225 945 etiam
1259 889 1496 944 Lamech
1531 897 1688 958 pater
1722 887 1838 943 Noe
1868 905 1880 941 :
1917 887 2013 957 qui

438 979 493 1036 in
528 979 626 1037 lilii
668 979 955 1039 nativitatc
994 980 1267 1051 propheta
1313 979 1498 1035 statim
1547 986 1633 1033 est
1679 978 2010 1044 declaratus,

436 1072 898 1141 quemadmodum
930 1072 1046 1128 fere
1084 1072 1250 1127 etiam
1274 1070 1566 1126 Zacharias
1616 1069 1671 1125 in
1708 1069 1873 1125 beato
1906 1070 2012 1124 Ba-

436 1164 619 1232 ptista.
650 1163 888 1218 Lameoh
917 1162 1066 1218 enim
1093 1162 1266 1219 ﬁlium
1291 1178 1450 1217 suum
1484 1160 2010 1232 vocavitNoe,quod

435 1254 706 1324 signiﬁcat
744 1255 1015 1323 requiem,
1047 1254 1094 1311 si
1137 1255 1195 1309 in
1236 1263 1478 1309 nostram
1521 1253 1764 1324 linguam
1804 1268 1870 1308 ea
1909 1268 2013 1308 vox

435 1344 820 1403 transferatur.
861 1346 1119 1402 Reddens
1153 1361 1287 1401 vero
1317 1345 1722 1415 quodammodo
1751 1345 2011 1416 hujusce-

432 1435 584 1494 modi
609 1436 993 1508 appellationis
1013 1451 1233 1493 causam
1253 1435 1492 1492 Lamecb
1525 1454 1537 1489 :
1571 1455 1590 1487 ι
1619 1435 1741 1499 llic,
1767 1454 1785 1485 ι
1808 1435 2008 1506 inquit,

438 1545 456 1575 ι
486 1522 775 1594 quiescere
820 1523 987 1587 faciet
1033 1540 1136 1581 nos
1192 1523 1263 1581 ab
1306 1522 1571 1592 operibus
1612 1520 1837 1586 nostris,
1882 1529 1941 1576 et
1980 1537 2012 1577 a

431 1626 580 1673 terra
620 1615 711 1675 cui
734 1616 1021 1681 maledixit
1041 1615 1311 1670 Dominus
1330 1614 1476 1669 Deus
1491 1611 1560 1667 υ.
1582 1633 1601 1663 ι
1627 1613 1704 1668 De
1727 1612 2015 1682 splendida

428 1709 595 1781 igitur
630 1709 774 1768 adeo
821 1718 989 1780 atque
1036 1707 1245 1778 optima
1276 1722 1372 1777 spe
1404 1706 1521 1763 Noe
1566 1705 1825 1760 nativitas
1867 1720 2013 1775 prm-

425 1802 576 1858 dicta
616 1810 704 1861 est
746 1802 1051 1859 veteribus.
1100 1800 1171 1856 Et
1225 1799 1450 1870 quidem
1501 1797 1749 1853 decimus
1789 1796 1897 1852 fuit
1943 1797 2014 1853 ab

427 1894 603 1948 Adam
626 1908 728 1963 per
771 1891 905 1948 Setb
955 1891 1014 1947 in
1055 1890 1276 1962 generis
1317 1889 1498 1955 serie,
1539 1887 1900 1959 pervenitque
1943 1886 2013 1944 ad

430 1983 609 2052 ipsum
637 1997 811 2053 usque
839 1981 1028 2039 vocari
1048 1981 1119 2039 ab
1138 1980 1397 2037 omnibus
1420 1981 1562 2036 Deos
1588 1980 1737 2035 Enos
1762 1985 2019 2049 posteros

430 2081 790 2142 cognomento
803 2074 955 2131 Dei.¢
977 2071 1247 2131 Cancrum
1265 2082 1436 2139 erat,»
1460 2072 1689 2143 inquiet
1716 2071 1829 2127 Noe
1852 2071 2015 2142 quin-

427 2173 720 2235 gentorum
760 2181 1069 2231 annorum,
1114 2174 1173 2221 et
1221 2166 1413 2237 genuit
1461 2175 1574 2222 tres
1622 2164 1801 2231 ﬁlios,
1853 2164 2010 2230 Scm,

428 2253 623 2322 Cham,
662 2263 721 2313 et
744 2254 1004 2325 Japbetb;
1033 2275 1052 2308 ι
1088 2265 1147 2315 et
1187 2255 1316 2313 Sem
1347 2255 1593 2326 quidem,
1639 2255 1686 2310 si
1725 2254 2011 2311 chraam

429 2343 891 2416 signiﬁcationem
907 2345 1095 2402 Graec
1123 2345 1444 2410 transferas,
1474 2346 1865 2415 perfectionem,
1895 2346 2012 2409 sive

432 2435 678 2506 plantam
728 2436 1003 2508 signiﬁcat
1040 2454 1055 2490 :
1102 2434 1273 2493 Cbam
1311 2451 1446 2491 vero
1480 2435 1808 2491 calidiutcm
1849 2453 1868 2491 :
1924 2437 2015 2492 Ja-

432 2524 604 2595 pheth
659 2534 845 2582 autem
902 2524 1293 2581 dilatationem.
1360 2525 1568 2582 Deinde
1624 2527 1805 2597 inquit
1859 2542 2012 2582 sacra

433 2616 721 2686 Scriptura
748 2633 763 2670 :
795 2635 814 2668 ι
843 2616 914 2673 Et
942 2616 1149 2674 factum
1185 2625 1291 2683 est,
1327 2616 1549 2688 quando
1586 2628 1874 2688 coeperunt
1907 2619 2012 2674 bo.

422 2705 612 2772 'mines
636 2707 994 2782 multiplicari
1021 2724 1187 2782 super
1216 2718 1441 2775 terram,
1479 2718 1537 2766 et
1570 2710 1695 2766 ﬁliae
1716 2719 1857 2772 natae
1885 2721 2015 2768 sunt

432 2801 531 2856 eis.
567 2800 828 2857 Videntes
861 2810 1046 2856 autem
1080 2800 1195 2856 ﬁlii.
1219 2802 1316 2857 Dei
1348 2801 1488 2856 ﬁlias
1526 2802 1835 2869 hominum,
1865 2804 2013 2874 quod

434 2889 681 2963 pulchra)
720 2897 872 2957 sunt,
913 2899 1243 2961 acceperunt
1281 2890 1387 2946 sibi
1420 2906 1622 2947 uxores
1657 2907 1725 2947 ex
1756 2893 2015 2950 omnibus

434 2998 572 3052 quas
596 2982 896 3055 elegerant.
928 2981 999 3039 Et
1037 2983 1175 3039 dixit
1206 2983 1471 3040 Dominus
1507 2985 1651 3041 Deus
1682 3003 1694 3038 :
1722 2986 1841 3041 Non
1884 3002 2013 3057 per-

2130 520 2347 592 Ἐπειδῂ
2384 522 2493 592 γὰρ
2539 522 2875 591 ἐτεθήπεσαν
2915 520 3014 589 τῆς
3056 519 3282 590 ἐνούσης
3316 519 3466 591 αὐτῷ
3493 521 3695 575 δικαιο-

2119 612 2285 683 σύνης
2325 613 2386 666 τὸ
2434 612 2685 684 μέγεθος,
2723 613 2859 667 Θεδν
2903 611 3188 683 ὠνόμαζον
3233 612 3419 676 εὐθὺς,
3462 613 3693 684 πρέπειν

2117 705 2200 757 ὅτι
2245 704 2482 776 μάλιστά
2513 722 2575 773 γε
2612 707 2678 777 τῇ
2710 703 2806 757 τοῦ
2834 704 3027 775 ἀνδρὸς
3057 705 3226 777 ἀρετῇ
3251 703 3348 774 τὴν
3380 702 3692 774 ἐπωνυμίαν

2117 797 2430 868 ἡγούμενοι.
2489 797 2621 850 ’Δπὺ
2667 796 2724 850 δὲ
2769 795 2864 850 τοῦ
2914 795 3110 861 Ἐνὼς,
3173 796 3294 866 ἦτοι
3326 793 3422 848 τοῦ
3464 796 3694 865 ἐπίκλην

2115 890 2276 956 Θεοῦ,
2318 892 2608 961 γεγόνασιν
2639 891 2837 961 ἕτεροι,
2879 890 2996 961 μεθ’
3025 888 3120 954 οὓς
3164 890 3258 943 καὶ
3286 889 3480 958 Λάμεχ
3504 891 3533 942 ὁ
3570 889 3692 942 Νῶε

2117 986 2320 1057 πατὴρ,
2361 985 2421 1048 ὃς
2451 985 2546 1038 ἐπὶ
2576 986 2644 1055 τῇ
2672 982 2766 1037 τοῦ
2801 983 2991 1047 παιδὸς
3020 983 3262 1052 γενήσει,
3295 983 3584 1052 προφήτης
3606 981 3698 1033 εὐ-

2116 1077 2212 1139 θὺς
2231 1077 2634 1131 ἀναδείκνυται·
2671 1073 2923 1145 καθάπερ
2958 1073 3150 1144 ἀμέλει
3180 1073 3275 1124 καί
3311 1072 3584 1143 Ζαχαρίας
3603 1071 3695 1123 ἐπὶ

2092 1168 2191 1239 ’τῷ
2226 1166 2482 1238 μακαρίῳ
2509 1166 2811 1235 Βαπτιστῇ.
2844 1163 2967 1217 Νῶε
3005 1163 3104 1233 μὲν
3137 1162 3243 1235 γὰρ
3273 1164 3301 1215 ὁ
3333 1160 3525 1232 Λάμεχ
3554 1159 3693 1213 ὠνό-

2117 1259 2255 1332 μαζε
2295 1258 2385 1312 τὸν
2425 1259 2576 1312 υἱόνο
2615 1258 2645 1310 ὃ
2691 1259 2838 1309 ἐστιν
2889 1256 3219 1318 ἀνάπαυσις,
3280 1255 3330 1307 εἰ
3364 1251 3586 1321 γλώσσῃ
3626 1251 3694 1319 τῇ

2113 1349 2236 1403 καθ’
2263 1350 2409 1420 ἡμᾶς
2426 1349 2460 1420 ἡ
2477 1347 2620 1413 λέξις
2645 1344 3073 1417 διερμηνεύοιτο.
3100 1343 3408 1407 Ἀποδιδοὺς
3428 1341 3484 1396 δὲ
3506 1340 3698 1409 ὥσπερ

2111 1440 2211 1510 τὴν
2237 1439 2418 1494 αἰτίαν
2449 1439 2546 1510 τῆς
2575 1438 2789 1491 τοιᾶσδε
2821 1434 3116 1506 κλήσεωςό
3148 1433 3360 1502 Λάμεχ,
3392 1451 3409 1483 ι
3453 1426 3641 1495 Οὗτος,
3672 1447 3692 1478 ι

2114 1531 2268 1600 φησὶ,
2304 1547 2323 1579 ι
2349 1527 2710 1585 διαναπαῦσαι
2729 1528 2877 1598 ἡμᾶς
2907 1525 3018 1580 ἀπὸ
3046 1523 3160 1578 τῶν
3187 1522 3364 1595 ἔργων
3396 1521 3576 1594 ἡμῶν,
3604 1520 3700 1573 καὶ

2113 1621 2224 1676 ἀπὸ
2256 1622 2356 1690 τῆς
2384 1621 2487 1690 γῆς
2513 1615 2583 1690 ἦς
2611 1618 2966 1689 κατηράσατο
2998 1616 3204 1686 Κύριος
3245 1617 3273 1669 ὁ
3303 1614 3456 1679 Θεός.
3505 1633 3525 1666 ο
3574 1611 3700 1666 Ἐπὶ

2113 1711 2395 1781 λαμπραῖς
2436 1705 2530 1763 οὖν
2577 1707 2720 1761 οὕτω
2763 1710 2859 1762 καὶ
2899 1708 3308 1778 λιπαρωτάταις
3364 1707 3610 1769 ἐλπίσιν,
3664 1705 3699 1774 ή

2114 1803 2238 1858 Νῶε
2268 1805 2485 1871 γένεσις
2529 1801 2973 1872 προανεφωνεῖτο
2999 1801 3115 1861 τοῖς
3143 1797 3333 1851 πάλαι.
3373 1799 3486 1851 Καὶ
3520 1790 3699 1868 ἦν’δέ-

2113 1912 2279 1959 κατος
2309 1892 2368 1961 ἐξ
2409 1892 2586 1962 ’Δδάμ
2621 1890 2711 1944 διὰ
2755 1888 2864 1962 Σὴθ
2918 1886 3441 1957 γενεαλογούμενος,
3503 1885 3702 1955 μέχρις

2111 1985 2279 2041 αὐτοῦ
2305 1985 2609 2058 διήκοντος,
2645 1981 2741 2036 τοῦ
2760 1978 3152 2051 διακεκλῆσθαι
3190 1977 3323 2041 δεῖν,
3355 1977 3491 2049 πρὸς
3526 1977 3704 2030 ἀπάν-

2111 2095 2221 2131 των
2262 2076 2451 2139 Θεοὺς,
2493 2075 2620 2134 τοὺς
2672 2072 2732 2138 ἐξ
2777 2069 2948 2134 Ἐνὼς
2982 2068 3280 2141 γεγονότας
3325 2067 3421 2121 τοῦ
3468 2066 3702 2136 ἐπίκλην

2111 2169 2270 2225 Θεοῦ.
2311 2187 2332 2221 ε
2382 2167 2526 2221 Ἀλλ’
2553 2163 2622 2238 ἦν
2645 2168 2672 2219 ὁ
2699 2163 2845 2228 Νῶε,
2882 2181 2902 2215 ι
2929 2162 3120 2234 quem
3140 2159 3511 2215 πεντακοσίων
3537 2157 3700 2219 ἐτῶν,

2112 2261 2206 2316 καὶ
2238 2260 2494 2330 ἐγέννησε
2523 2259 2672 2327 τρεῖς
2698 2256 2870 2321 υἱοὺς,
2900 2253 2994 2308 τὸν
3014 2251 3157 2322 Σὴμ,
3189 2251 3283 2305 τὸν
3299 2250 3449 2321 Χάμ,
3470 2251 3564 2303 τὸν
3598 2248 3701 2303 Ἰά-

2114 2353 2237 2423 φεθ.
2274 2372 2292 2404 ι
2330 2350 2441 2406 Καὶ
2468 2349 2497 2401 ὁ
2525 2349 2626 2420 μὲν
2650 2347 2770 2417 Σὴμ
2790 2344 3251 2419 τελειότης,ἦτοι
3271 2345 3545 2412 φύτευμα
3570 2356 3699 2411 μετο

2111 2443 2430 2516 ονομάζοιτο
2480 2441 2548 2497 ἃν
2608 2439 2669 2506 ἐξ
2726 2438 2996 2511 Ἑϐραίων
3048 2438 3130 2500 εἰς
3188 2435 3417 2490 Ἐλλάδα
3481 2434 3733 2503 φωνήνν

2111 2537 2401 2607 θερμασία
2429 2534 2488 2588 δὲ
2522 2535 2552 2588 ὁ
2579 2532 2743 2604 Χάμ·
2780 2532 3140 2600 πλατυσμὸς
3175 2529 3232 2583 δέ
3252 2531 3280 2582 ό
3322 2527 3524 2598 Ίάφεθ.
3565 2520 3698 2579 Εἶτά

2114 2646 2247 2700 φησι
2301 2629 2363 2682 τὸ
2402 2627 2644 2698 Γράμμα
2699 2625 2760 2679 τὸ
2828 2624 3002 2694 ἱερόν·
3059 2641 3078 2674 ‹
3136 2621 3385 2690 Ἐγένετο
3431 2620 3489 2674 δέ
3537 2617 3698 2690 ἡνίκα

2112 2723 2348 2795 ἧρξαντο
2390 2722 2439 2780 οἱ
2478 2719 2755 2791 ἂνθρωποι
2794 2717 2979 2771 πολλοί
3021 2715 3271 2784 γίνεσθαι
3305 2715 3401 2770 ἐπὶ
3440 2713 3539 2781 τῆς
3568 2711 3696 2779 γῆς,

2112 2813 2209 2867 καὶ
2235 2811 2538 2884 θυγατέρες
2555 2810 2929 2881 ἐγεννήθησαν
2953 2808 3160 2871 αὐτοῖς.
3178 2807 3404 2868 ’ἰδόντες
3425 2805 3483 2859 δὲ
3509 2806 3559 2858 oi
3595 2800 3701 2855 uixit

2111 2904 2211 2960 τοῦ
2251 2903 2391 2958 Θεοῦ
2428 2902 2528 2967 τὰς
2567 2902 2878 2975 θυγατέρας
2914 2900 3024 2954 τῶν
3055 2897 3380 2970 ἀνθρώπων,
3415 2897 3499 2951 ὅτι
3542 2890 3703 2952 καλαί

2112 2997 2270 3059 εἰσιν,
2303 2994 2493 3049 ἔλαϐον
2539 2995 2754 3056 ἑαυτοῖς
2785 2993 3052 3062 γυναῖκας
3088 2990 3195 3044 ἀπὸ
3240 2989 3434 3043 πασῶν
3484 2981 3558 3041 ὧν
3613 2985 3701 3048 ἐξ·

438 3073 680 3129 manebit
703 3073 934 3155 spiritus
961 3089 1116 3131 meus
1152 3073 1209 3142 in
1235 3074 1554 3145 hominibus
1588 3075 1728 3143 istis,
1765 3075 1822 3132 in
1850 3084 2013 3132 aster.

2119 3085 2389 3151 ελέξαντο.
2417 3084 2530 3137 Καὶ
2549 3080 2670 3137 εἷπε
2701 3081 2906 3154 Κύριος
2933 3083 2961 3135 ὁ
2991 3080 3154 3144 Θεόςο
3186 3080 3261 3135 Οὐ
3296 3080 3370 3151 μὴ
3395 3077 3705 3148 καταμείνῃ

436 3180 591 3230 num,
628 3182 697 3221 eo
731 3166 877 3236 quod
911 3167 1024 3222 sint
1062 3166 1167 3238 ipsi
1214 3182 1430 3223 carnes.
1465 3167 1644 3224 Erunt
1680 3177 1865 3223 autem
1897 3167 2017 3223 dies

438 3258 657 3311 illorum
705 3265 926 3312 centum
955 3257 1147 3329 viginti
1178 3259 1328 3315 anni.
1358 3258 1430 3315 At
1456 3258 1702 3330 gigantes
1731 3267 1891 3313 erant
1919 3273 2015 3313 su-

438 3361 537 3415 per
561 3353 762 3401 terram
789 3344 845 3400 in
870 3346 1070 3402 diebus
1095 3346 1206 3402 illis
1225 3346 1293 3401 ⁸⁸.
1316 3367 1336 3399 ο
1363 3346 1432 3402 Et
1457 3355 1582 3417 past
1608 3347 1748 3403 illud
1774 3364 1788 3400 :
1825 3365 1846 3398 ‹
1864 3347 2021 3402 Post-

437 3451 602 3505 quam
649 3435 881 3507 ingressi
905 3445 1035 3492 sunt
1071 3437 1168 3492 ﬁlii
1211 3438 1305 3494 Dei
1340 3437 1411 3493 ad
1446 3437 1588 3495 ﬁlias
1616 3438 1925 3504 hominum,
1960 3447 2019 3494 et

435 3534 750 3596 genuerunt
778 3528 889 3585 illis
918 3546 931 3582 :
962 3529 1053 3584 isti
1083 3528 1309 3585 fuerunt
1333 3530 1582 3602 gigantes
1608 3546 1640 3586 a
1675 3530 1877 3586 saeculo
1913 3531 2016 3586 ho-

439 3620 616 3678 mines
671 3621 942 3678 nominati
988 3621 1058 3678 ".
1102 3643 1123 3676 ι
1174 3624 1472 3696 Postquam
1515 3624 1664 3680 enim
1716 3624 2016 3681 humanum

435 3728 612 3783 genus
640 3713 697 3769 in
719 3729 970 3785 magnam
995 3715 1405 3772 multitudinem
1427 3723 1512 3772 est
1543 3724 1925 3788 propagatum,
1962 3716 2017 3773 in

435 3806 677 3867 absurda
726 3807 1023 3865 mulierum
1068 3808 1344 3866 desideria
1386 3809 1648 3880 prolapsi,
1689 3809 1888 3880 inquit,
1920 3809 2017 3865 ﬁlii

435 3897 552 3963 Dei,
580 3907 914 3969 acceperunt
935 3898 1038 3955 sibi
1065 3899 1201 3971 ipsis
1226 3900 1488 3956 mulieres
1515 3915 1580 3956 ex
1603 3900 1864 3955 omnibus
1883 3916 2020 3971 quas

432 3989 730 4063 elegerant.
759 3990 871 4067 as
887 3990 1075 4064 Neque
1090 4007 1225 4048 vero
1251 3992 1589 4066 ignoramus,
1610 3991 1667 4047 in
1687 3991 2017 4063 quibusdam

433 4083 840 4153 exemplaribus
860 4084 936 4140 ita
967 4094 1155 4158 aperte
1175 4085 1284 4165 legi
1311 4103 1326 4154 ξ
1359 4105 1379 4145 t
1406 4085 1670 4148 Videutes
1694 4093 1882 4141 autem
1915 4099 2016 4139 an-

434 4173 541 4243 geli
570 4173 670 4229 Dei
700 4172 841 4229 ﬁlias
870 4174 1177 4231 hominum.
1200 4197 1219 4227 ι
1243 4177 1511 4232 Praeterea
1537 4178 1870 4255 detorquent
1896 4177 2019 4248 qui-

434 4265 560 4319 dam
585 4265 950 4335 voluptuarite
979 4265 1144 4337 hujus
1163 4266 1293 4321 vitae
1320 4266 1742 4337 incusationem,
1770 4268 2018 4338 adeoque

438 4356 681 4426 turpium
723 4357 1087 4427 cupiditatum
1136 4359 1353 4429 culpam
1406 4359 1463 4413 in
1503 4359 1749 4429 perditos
1797 4359 2019 4432 angelos

2117 3175 2181 3229 τὸ
2213 3174 2434 3246 πνεῦμά
2462 3191 2564 3244 μου
2590 3175 2648 3227 ἐν
2685 3175 2801 3236 τοῖς
2853 3171 3163 3244 ἀνθρώποις
3212 3172 3457 3236 τούτοις,
3500 3174 3579 3234 εἰς
3614 3166 3706 3221 τὸν

2118 3266 2310 3333 αἰῶνα,
2334 3265 2423 3318 διὰ
2461 3264 2521 3317 τὸ
2565 3260 2707 3317 εἶναι
2744 3264 2943 3326 αὐτοὺς
2989 3263 3221 3332 σάρκας.
3258 3261 3519 3313 Ἔσονται
3554 3259 3610 3312 δὲ
3649 3255 3703 3308 αἱ

2117 3361 2328 3432 ἡμέραι
2357 3357 2521 3412 αὐτοῦ
2560 3356 2643 3428 ρκ’
2670 3355 2787 3427 ἐτη.
2820 3357 2883 3408 Oi
2921 3355 2977 3408 δὲ
3022 3355 3278 3423 γίγαντες
3315 3348 3454 3424 ἦσαν
3486 3354 3582 3407 ἐπὶ
3608 3349 3705 3418 τῆς

2118 3450 2241 3520 γῆς,
2289 3450 2347 3500 ἐν
2390 3449 2513 3510 ταῖς
2551 3445 2787 3517 ἡμέραις
2817 3445 3076 3509 ἐκείναις.
3123 3464 3141 3495 ι
3174 3444 3284 3498 Καὶ
3328 3443 3448 3515 μετ’
3488 3444 3701 3498 ἐκεῖνο·

2126 3560 2143 3591 ι
2188 3541 2275 3604 Ὠς
2299 3532 2367 3594 ἂν
2395 3538 2808 3608 εἰσεπορεύοντο
2833 3537 2884 3590 οἱ
2917 3537 3024 3590 υίοί
3037 3535 3132 3591 τοῦ
3155 3535 3290 3590 Θεοῦ
3309 3535 3446 3606 πρὸς
3475 3534 3578 3598 τὰς
3608 3530 3705 3585 θυ-

2118 3630 2253 3702 γατέ
2262 3648 2362 3703 ρας
2378 3629 2486 3683 τῶν
2517 3628 2845 3699 ἀνθρώπων,
2869 3629 2962 3682 καὶ
2988 3628 3286 3696 ἐγέννησαν
3306 3629 3545 3691 ἐαυτοῖςυ
3567 3623 3708 3679 ἐκεῖ·

2118 3742 2201 3781 νοι
2233 3719 2375 3795 ἦσαν
2411 3723 2459 3775 οἱ
2487 3721 2741 3790 γίγαντες
2774 3722 2823 3774 oi
2859 3720 2954 3774 ἀπ’
2995 3718 3196 3782 αἰῶνος
3241 3719 3290 3771 οἱ
3335 3716 3623 3789 ἄνθρωποι
3654 3711 3704 3764 οἰ

2118 3814 2427 3888 ὀνομαστοί.
2467 3832 2486 3866 ι
2541 3812 2758 3885 Ἐπειδὴ
2787 3812 2897 3882 γὰρ
2918 3814 2999 3876 εἰς
3032 3810 3234 3882 πολλὴν
3265 3809 3365 3882 ἢδη
3400 3808 3618 3882 πληθὺν
3648 3802 3711 3858 τδ

2120 3908 2230 3962 τῶν
2267 3904 2573 3978 ἀνθρώπων
2598 3904 2896 3970 ἐξετείνετο
2924 3904 3102 3973 γένος,
3130 3904 3211 3967 εἰς
3237 3901 3539 3972 ἐπιθυμίαν
3559 3902 3713 3954 ἐκτοο

2120 3998 2380 4069 τωτάτην
2414 3997 2653 4067 γυναίων
2690 3996 3113 4059 ἐκπεπτωκότες
3159 3995 3209 4049 οἱ
3248 3993 3388 4058 υἱοὶ,
3417 3993 3580 4067 φησί,
3614 3984 3709 4042 τοῦ

2118 4089 2289 4154 Θεοῦ,
2342 4088 2535 4143 ἔλαϐον
2576 4089 2793 4152 ἑαυτοῖς
2830 4089 3096 4156 γυναῖκας
3132 4084 3242 4140 ἀπὸ
3281 4084 3475 4139 πασῶν
3508 4077 3586 4139 ὧν
3622 4077 3708 4142 ἐξ·

2119 4183 2386 4250 ελέξαντο.
2424 4182 2658 4252 Οἴδαμεν
2690 4177 2784 4235 οὖν
2819 4180 3037 4235 ὅτιτῶν
3064 4178 3417 4248 ἀντιγράφων
3458 4176 3581 4236 τινὰ
3621 4188 3709 4230 πε·

2122 4275 2293 4346 ριέχει
2328 4274 2513 4342 σαφῶς
2536 4290 2549 4303 ο
2586 4292 2604 4323 ι
2638 4273 2859 4336 Ἰδόντες
2894 4272 2950 4326 δὲ
2986 4273 3036 4324 οἰ
3066 4268 3290 4340 ἄγγελοι
3315 4268 3409 4322 τοῦ
3440 4265 3580 4324 Θεοῦ
3609 4258 3709 4324 τάς

2120 4362 2428 4435 θυγατέρας
2469 4361 2577 4414 τῶν
2611 4361 2933 4432 ἀνθρώπων.
2974 4354 2992 4414 ὁ
3031 4357 3165 4416 Εἶτα
3196 4359 3591 4432 περιτρέπουσί
3627 4371 3710 4407 τι-

438 4449 762 4520 conjiciunt,
799 4450 928 4521 quia
960 4466 992 4506 a
1029 4450 1304 4523 principio
1330 4467 1431 4507 suo
1461 4451 1834 4517 desciverunt,
1874 4452 2015 4508 sicut

2121 4472 2212 4518 νες
2251 4446 2369 4526 τῆς
2394 4453 2753 4537 φιλοσαρκίας
2801 4453 2869 4506 τά
2908 4452 3264 4524 ἐγκλήματα,
3299 4456 3393 4509 καί
3435 4455 3537 4525 τῆς
3567 4448 3709 4503 οὕτω

439 4542 706 4611 scriptum
736 4551 821 4598 est
845 4541 914 4595 ⁸⁸.
943 4543 1058 4615 Ego
1097 4558 1229 4599 vero
1263 4544 1514 4614 quemvis
1548 4544 1718 4600 animi
1762 4545 2016 4600 morbum

436 4631 546 4685 illis
567 4632 864 4689 convenire
892 4633 1149 4699 dixerim,
1176 4645 1342 4705 atque
1372 4636 1704 4691 asseruerim
1730 4653 1742 4689 :
1779 4636 1858 4691 rei
1884 4653 2018 4693 vero

436 4723 817 4791 probationem
862 4741 1027 4797 quam
1056 4727 1374 4800 longissime
1407 4728 1477 4783 ab
1515 4743 1584 4783 eo
1624 4729 1772 4799 quod
1816 4730 2016 4786 rationi

435 4825 866 4873 consentaneum
899 4827 1003 4885 est,
1032 4818 1165 4875 ferri
1192 4820 1373 4877 sinere
1397 4819 1698 4876 absurdum
1724 4821 2015 4892 imprimis,

435 4922 559 4963 meo
587 4908 811 4979 quidem
831 4910 1065 4981 judicio,
1101 4910 1290 4966 fuerit.
1318 4911 1436 4967 Hoc
1457 4913 1605 4976 enim
1640 4921 1892 4972 nostrum
1932 4912 2020 4967 in-

434 5000 688 5056 stitutum
717 5011 822 5066 est,
858 5003 1221 5075 singulorum,
1248 5020 1371 5075 quae
1403 5005 1606 5075 scripta
1641 5014 1790 5071 sunt,
1818 5006 2020 5061 verita-

438 5100 548 5149 tem
579 5092 895 5166 inquirere,
924 5112 1035 5151 non
1061 5105 1245 5152 autem
1272 5095 1327 5150 in
1355 5096 1674 5152 universum
1698 5095 2018 5167 daemoniaci

436 5184 613 5255 gregis
642 5186 865 5241 morbos
893 5186 1219 5258 intelligere.
1251 5185 1481 5256 Semper
1501 5186 1662 5240 enim
1688 5186 2020 5257 cupiditates

438 5275 655 5330 iunatos
697 5277 754 5332 in
790 5279 950 5334 nobis
992 5286 1178 5333 motus
1218 5277 1374 5348 sequi
1415 5278 1684 5333 videmus.
1717 5278 1827 5334 Aut
1870 5280 2017 5335 enim

438 5368 619 5423 carnis
650 5369 781 5424 vitia
807 5387 1073 5439 amamus,
1116 5382 1212 5429 aut
1244 5388 1342 5443 per
1382 5388 1504 5443 qua!
1533 5388 1618 5436 ea,
1644 5388 1766 5444 qum
1794 5371 1864 5426 ad
1893 5388 2017 5438 car-

439 5476 563 5516 nem
589 5461 867 5532 pertinent
893 5464 1048 5529 ﬁunt,
1073 5466 1296 5521 maximi
1324 5466 1503 5521 facere
1529 5466 1790 5520 solemus.
1847 5465 2018 5519 Volu-

439 5560 619 5628 ptates
657 5562 840 5617 autem
877 5569 1218 5626 nequaquam
1239 5574 1338 5611 nos
1376 5568 1529 5621 extra
1556 5557 1833 5620 naturales
1874 5556 2021 5627 leges

511 5729 556 5762 "
595 5732 732 5787 Gen.
758 5748 809 5797 ν,
835 5732 923 5786 ‘29.
1008 5731 1051 5761 ⁸³
1074 5729 1208 5786 Gen.
1237 5748 1310 5796 vr,
1344 5733 1447 5785 l-i.

2129 4546 2528 4618 μυσαρωτάτης
2553 4545 2849 4617 ἐπιθυμίας
2876 4545 3181 4600 ἀνάπτουσι
3228 4546 3327 4607 τὰς
3360 4545 3542 4604 αἰτίας
3580 4538 3710 4589 ὠλι-

2126 4636 2385 4719 σθηκόσιν
2409 4636 2681 4705 ἀγγέλοις,
2702 4636 2751 4689 οἳ
2780 4634 2877 4706 τὴν
2895 4634 3030 4688 ἰδίαν
3062 4634 3239 4706 ἀρχὴν
3261 4633 3321 4685 ού
3343 4630 3707 4719 τετηρήκασι,

2123 4717 2266 4782 κατὰ
2288 4727 2350 4780 τὸ
2379 4726 2790 4801 γεγραμμένον.
2836 4722 2978 4793 Ἐγὼ
3011 4723 3067 4777 δὲ
3104 4723 3187 4776 ὅτι
3222 4721 3331 4775 πᾶν
3368 4717 3711 4791 ἀρρώστημα

2122 4820 2214 4874 νοῦ
2262 4820 2462 4892 πρέποι
2500 4818 2566 4872 ἂν
2608 4818 2857 4884 ἐκείνοις,
2903 4817 3073 4886 φαίην
3106 4814 3172 4868 ἂν
3207 4814 3301 4867 καὶ
3334 4810 3708 4880 συνθήσομα⁵’

2117 4911 2179 4964 τὸ
2215 4912 2273 4966 δέ
2299 4928 2364 4980 γε
2390 4911 2484 4964 τοῦ
2519 4910 2730 4974 εἰκότος
2755 4905 3020 4978 λογισμοῦ
3048 4906 3148 4978 τὴν
3183 4905 3277 4959 ἐπὶ
3310 4902 3389 4972 τῷ
3420 4901 3711 4972 πράγματι

2123 5006 2304 5061 πίστιν
2326 5004 2401 5068 ὼς
2435 5003 2710 5067 ἀπωτάτω
2739 5003 3004 5074 φέρεσθαι
3040 5000 3367 5071 συγχωρεῖν,
3405 4996 3492 5068 εἴη
3515 4994 3603 5055 ἂν,
3636 4985 3710 5046 ὦς

2119 5097 2181 5166 γέ
2206 5115 2298 5169 μοι
2327 5096 2601 5168 φαίνεται,
2642 5096 2752 5150 τῶν
2793 5094 3178 5151 ἀτοπωτάτων.
3203 5089 3414 5152 Σκοπὸς
3450 5086 3560 5158 γάρ
3583 5078 3711 5151 ἡμῖν

2128 5189 2225 5259 τὴν
2278 5190 2362 5258 ἐφ’
2410 5189 2627 5258 ἐκάστῳ
2672 5187 2781 5241 τῶν
2834 5182 3240 5255 γεγραμμένων
3264 5179 3522 5251 ἀλήθειαν
3546 5181 3711 5268 κατα-

2130 5278 2459 5332 σκέπτεσθαι
2504 5276 2698 5348 φιλεῖν,
2729 5276 2964 5347 καὶοῦχί
2993 5274 3056 5346 δὴ
3089 5274 3309 5335 πάντως
3351 5269 3417 5323 τὰ
3460 5267 3559 5336 τῆς
3602 5267 3711 5348 τῳν

2127 5369 2396 5441 δαιμόνων
2416 5347 2618 5441 ἀγέλης
2644 5370 2844 5423 ἐννοεῖν
2872 5365 3304 5439 ἀρρωστήματα.
3334 5361 3588 5416 Μάλιστα
3614 5347 3712 5441 μὲν

2128 5440 2236 5534 γὰρ
2291 5461 2378 5514 ἀεὶ
2429 5463 2529 5524 τὰς
2576 5440 2875 5532 ἐπιθυμίας
2921 5458 3195 5528 ἑπομένας
3238 5454 3459 5524 ὁρῶμεν
3503 5446 3616 5505 τοῖς
3655 5440 3710 5488 ἐν

2129 5551 2268 5623 ἡμῖν
2292 5554 2473 5622 αὐτοῖς
2500 5555 2590 5609 καί.
2615 5556 2874 5625 ἐμγύτοις
2907 5553 3219 5624 κινήμασιν,
3246 5546 3440 5622 Ἠγάρ
3474 5541 3542 5596 τὰ
3582 5546 3709 5599 MP“

1525 5733 1567 5761 εἰ
1598 5733 1733 5787 lhid.
1805 5729 1855 5760 “
1881 5732 2037 5787 Joan.
2065 5745 2176 5794 vm,
2219 5729 2305 5783 Μ.
