4056 6260
292 409 359 462 5:,
1313 407 1836 467 GLAPHYRORUM
1877 407 1943 463 ω
1984 403 2292 462 GENESIM
2327 402 2454 459 un.
2497 403 2561 459 Ir.
3483 362 3555 458 εἰ

290 523 384 588 κὸς
411 523 720 594 ἀγαπῶμεν
751 522 919 594 πάθη,
944 523 976 596 ἢ
1004 521 1074 577 δι’
1095 514 1171 578 ὧν
1205 522 1271 578 ἀν
1301 524 1511 593 γένοιτο
1547 523 1614 578 τὰ
1650 523 1872 596 σαρκὸς,

1979 520 2185 585 ferunt,
2212 518 2363 592 juxta
2389 518 2442 574 id
2467 515 2616 589 quod
2645 516 2781 574 mihi
2807 519 2947 575 bene
2984 533 3047 573 ac
3082 533 3211 575 vere
3236 517 3441 576 habere
3472 525 3554 577 vi-

290 614 467 667 ταῦτα
512 615 643 685 περὶ
690 614 941 667 πλείστου
979 616 1153 668 ποιεῖν
1197 614 1502 684 εἰθίσμεθα.
1534 611 1680 680 Ἐξω
1713 614 1769 668 δὲ
1796 613 1875 665 νό-

298 722 417 775 μων
439 705 549 757 τῶν
571 704 840 774 φυσικῶν,
881 706 980 759 οὐκ
1014 703 1440 776 ἀποκομίζουσιν
1480 706 1625 777 ἡμᾶς
1664 706 1871 776 ἡδοναὶ,

299 797 443 850 κατά
482 814 546 865 γε
586 798 646 849 τὸ
697 797 845 868 αὐτῷ
890 814 981 868 μοι
1020 797 1202 862 καλῶς
1240 816 1300 852 τε
1352 799 1448 853 καὶ
1482 799 1697 868 ἀληθῶς
1732 798 1874 868 ἔχειν

296 888 507 942 δοκοῦν.
540 881 662 941 Οἷον
689 888 819 959 φέρε
852 890 1049 953 εἰπεῖν,
1076 888 1273 961 βρῶσίς
1297 907 1355 943 τε
1389 890 1482 943 καὶ
1514 890 1690 954 πόσις,
1716 889 1810 942 καὶ
1840 890 1874 959 ή

300 977 531 1043 γυναίων
573 978 733 1049 τυχὸν
770 978 956 1050 όμιλία
985 980 1217 1052 φυσικὴ,
1259 985 1457 1050 σαρκὸς
1505 979 1571 1034 ἂν
1596 976 1705 1033 εἶεν
1739 980 1876 1051 ἔργα

299 1081 357 1117 τε
395 1067 487 1119 καὶ
519 1067 683 1138 πάθη.
731 1065 969 1123 Πλούτου
1010 1069 1067 1124 δὲ.
1110 1066 1178 1124 αὖ
1222 1072 1317 1124 καὶ
1356 1072 1516 1141 δόξης
1551 1070 1872 1142 ἐπιθυμίαι,

298 1159 413 1220 ταῖς
457 1158 557 1229 τῆς
606 1161 808 1231 σαρκὸς
845 1162 1205 1232 ὑπηρετοῦσιν
1247 1164 1498 1234 ἡδοναῖς,
1548 1164 1639 1215 καὶ
1689 1162 1874 1233 σχεδὸν

300 1247 509 1303 ἅπαντα
531 1250 619 1304 διά
655 1252 858 1306 τούτων
883 1253 1105 1325 ἔρχεται
1135 1254 1205 1308 τά
1231 1258 1288 1309 ἐν
1321 1254 1510 1326 κόσμῳ
1537 1254 1704 1324 πάθη,
1733 1252 1876 1307 κατά

296 1339 358 1391 τὸ
389 1339 577 1411 λεχθὲν
615 1343 693 1412 τῷ
721 1344 870 1416 σοφῷ
905 1345 1145 1417 μαθητῇ,
1182 1348 1262 1400 ὅτι
1299 1365 1317 1398 ι
1360 1348 1468 1400 πᾶν
1491 1346 1550 1403 τὺ
1576 1349 1633 1399 ὲν
1662 1346 1872 1416 κόσμῳ,

297 1433 331 1500 ὴ
362 1432 626 1504 ἐπιθυμία
655 1437 757 1505 τῆς
800 1439 1005 1508 σαρκὸς
1052 1439 1147 1491 καὶ
1184 1440 1218 1510 ἡ
1259 1439 1521 1509 ἐπιθυμία
1541 1438 1650 1492 τῶν
1678 1437 1876 1507 ὀφθαλ-

300 1522 435 1591 μῶν,
465 1526 560 1579 καὶ
585 1528 618 1597 ἡ
649 1525 933 1591 ἀλαζονεία
964 1529 1059 1582 τοῦ
1089 1529 1228 1598 βίου.
1266 1549 1284 1580 ι
1310 1529 1432 1584 Τῶν
1456 1529 1709 1583 τοιούτων
1732 1530 1875 1599 ἡμᾶς

297 1613 355 1665 αἱ
398 1617 593 1685 πικραὶ
621 1617 904 1689 ἐπιθυμίαι
948 1619 1042 1672 καὶ
1082 1619 1272 1683 δειναὶ,
1306 1619 1691 1690 σαγηνεύουσιν
1728 1620 1877 1673 εὐκό-

296 1705 404 1772 λως
436 1707 530 1760 ἐπὶ
556 1707 619 1761 τὸ
654 1711 871 1780 φρονεῖν
896 1711 1109 1764 ἑλέσθαι
1140 1712 1232 1764 καὶ
1265 1710 1398 1781 δρᾷν
1426 1710 1496 1763 τά
1518 1711 1614 1781 τῆς
1638 1711 1839 1781 σαρκός
1859 1727 1871 1741 ·

206 1836 207 1839 η
298 1797 407 1852 τῶν
434 1815 499 1867 γε
549 1800 655 1870 μὴν
687 1796 792 1867 ἔξω
819 1800 1067 1869 σώματος
1096 1803 1189 1856 καὶ
1222 1802 1374 1873 παρὰ
1403 1800 1563 1868 φύσιν
1601 1802 1754 1872 ὲρᾷν,
1794 1800 1879 1853 οὐ·

1976 612 2167 679 detur;
2200 620 2407 682 utpote,
2436 611 2670 682 exempli
2701 611 2895 682 gratia,
2921 625 3049 667 esus
3077 626 3141 666 ac
3166 620 3349 683 potus,
3375 622 3430 671 et
3454 629 3551 669 na-

1976 703 2171 759 turalis
2219 717 2345 757 cum
2400 701 2727 757 mulieribus
2772 714 3141 773 congressus,
3194 702 3378 760 carnis
3425 713 3557 759 sunt

1975 808 2142 865 Opera
2165 802 2221 847 et
2244 793 2393 847 vitia.
2408 792 2735 847 Divitiarum
2758 799 2942 847 autem
2969 806 3033 846 ac
3051 792 3237 863 gloria:
3257 793 3549 860 desideria,

1976 885 2159 940 carnis
2201 883 2575 954 voluptatibus
2606 883 2933 945 inserviunt,
2973 882 3267 953 omniaque
3309 883 3422 939 fere
3454 900 3554 955 per

1974 978 2093 1032 haec
2120 977 2174 1031 in
2197 975 2402 1031 mundo
2424 973 2732 1046 procedunt
2754 972 2907 1039 vitia,
2923 973 3078 1045 juxta
3102 971 3236 1029 illud
3260 989 3290 1027 a
3307 973 3551 1043 sapiente

1979 1069 2247 1139 discipulo
2293 1068 2499 1123 dictum
2532 1065 2836 1134 :Quoniam
2868 1084 2887 1119 ι
2938 1080 3100 1120 omne
3155 1066 3302 1136 quod
3350 1075 3436 1121 est
3495 1066 3552 1120 in

1977 1161 2203 1225 mundo,
2226 1158 2669 1231 concupiscentia
2698 1157 2877 1213 carnis
2896 1165 3000 1223 est,
3025 1165 3081 1213 et
3107 1157 3551 1227 concupiscentia

1976 1251 2283 1318 oculorum,
2312 1261 2369 1307 et
2394 1249 2650 1322 superbia
2677 1251 2802 1305 vitae
2827 1250 2893 1304 ⁸⁸.
2925 1270 2941 1300 ι
2977 1248 3325 1321 Ejuscemodi
3364 1264 3550 1304 rerum

1976 1359 2078 1399 nos
2118 1345 2317 1400 acerba
2348 1345 2640 1416 graviaque
2664 1342 2935 1398 desideria
2993 1341 3151 1397 facile
3184 1341 3435 1396 incscant
3481 1337 3549 1393 ad

1975 1451 2038 1491 ea
2068 1434 2355 1507 cogitanda
2395 1451 2459 1491 ac
2498 1435 2744 1489 facienda
2785 1450 2907 1505 quae
2935 1434 3117 1490 carnis
3149 1441 3294 1489 sunt.
3325 1432 3395 1490 Ut
3420 1448 3552 1487 vero

1975 1542 2039 1582 ea
2061 1543 2182 1598 quae
2205 1535 2360 1581 extra
2386 1541 2584 1596 corpus
2613 1541 2678 1579 ac
2711 1535 2911 1596 praeter
2948 1535 3200 1580 naturam
3232 1534 3361 1580 sunt
3399 1540 3551 1581 ame-

1977 1635 2119 1684 mus,
2145 1617 2293 1675 nulla
2319 1618 2457 1674 ratio
2481 1617 2640 1673 nobis
2662 1617 3015 1688 persuaserit.
3035 1618 3243 1673 Deinde
3263 1634 3375 1689 quo
3394 1627 3554 1689 pacto

1977 1726 2089 1766 non
2119 1709 2365 1767 stultitiae
2406 1709 2716 1780 proximum
2760 1710 2832 1764 sit
2874 1708 3059 1766 dicere
3115 1710 3344 1781 spiritus
3385 1725 3551 1767 carne

1980 1801 2313 1871 superiores,
2362 1800 2432 1855 ab
2479 1816 2654 1870 eaque
2687 1809 2948 1862 semotos.
3005 1800 3307 1855 carnalium
3364 1816 3566 1857 amore-

297 1885 409 1950 δεῖς
441 1887 721 1942 ἀναπείσει
750 1887 922 1957 λόγος.
960 1885 1093 1943 Εἶτα
1125 1890 1243 1954 πῶς
1270 1870 1372 1944 οῦκ
1417 1889 1482 1943 ἂν
1518 1870 1725 1958 γένοιτο
1764 1905 1872 1959 μω-

1982 1870 2125 1959 tangi
2156 1909 2168 1944 :
2196 1891 2413 1961 qualem
2437 1890 2505 1944 ad
2541 1889 2648 1945 hoc
2674 1890 2980 1945 naturalem
3013 1900 3221 1946 motum
3264 1891 3567 1959 habentes”

301 1978 423 2047 ρίας
465 1978 633 2049 ἐγγὺς
668 1980 729 2033 τὸ
768 1980 1049 2052 σαρκικῶν
1085 1980 1315 2054 ἐρᾶσθαι
1351 1981 1530 2050 λέγειν
1569 1981 1636 2034 τὰ
1678 1980 1875 2052 σαρκὸς

297 2069 557 2142 ἀνωτέρω
580 2069 678 2123 καλ¹
701 2068 1032 2141 ἐξεστηκότα
1072 2071 1357 2142 πνεύματα
1374 2087 1390 2103 ο
1422 2071 1579 2125 ποίαν
1614 2072 1694 2135 είς
1720 2071 1876 2125 τοῦτο

303 2160 520 2229 κίνησιν
533 2160 726 2233 ἔχοντα
744 2162 1045 2235 quamth
1065 2163 1221 2217 ποὶου
1238 2163 1399 2235 νόμου
1416 2161 1870 2236 κατερεθίζοντος,

305 2246 558 2320 καθάπερ
593 2250 804 2321 ἀμέλει,
851 2252 943 2305 καὶ⁸
971 2253 1115 2323 ἡμᾶς
1143 2251 1343 2317 αὐτοὺς
1382 2251 1463 2317 εἷς
1502 2269 1566 2322 γε
1587 2252 1649 2306 τὸ
1673 2254 1874 2324 χρῆναι

302 2338 463 2410 διψᾷν
490 2339 557 2393 τὰ
584 2342 759 2395 τοιάδε
784 2341 891 2395 τῶν
909 2343 1114 2408 παθῶν,
1136 2342 1311 2407 ἄλλως
1338 2361 1395 2397 τε
1415 2361 1430 2409 ;
1461 2345 1552 2415 Μὴ
1575 2344 1684 2419 γὰρ
1705 2344 1769 2416 δὴ
1785 2362 1871 2398 τυ-

303 2432 400 2502 χόν
424 2432 525 2502 τῆς
544 2434 636 2486 ἐπὶ
665 2432 873 2497 τούτοις
898 2435 1076 2499 αίτίας
1108 2435 1521 2507 ἀπαλλάττομεν
1557 2436 1667 2490 τῶν
1693 2438 1875 2509 δαιμο-

299 2520 428 2574 νίων
460 2522 517 2575 τὸ
550 2522 754 2592 στίφος.
777 2523 1012 2579 Ἀνόσιον
1034 2526 1143 2597 γὰρ
1167 2528 1260 2580 καὶ
1285 2526 1633 2599 βέϐηλον,καὶ
1664 2530 1743 2593 εἰς
1767 2529 1873 2582 πᾶν

296 2612 476 2665 ὁτιοῦν
510 2613 619 2668 τῶν
660 2615 906 2669 ἐκτόπων
944 2617 1189 2680 εὐπετές.
1215 2619 1325 2672 Καὶ
1353 2620 1574 2674 νοσείτω
1599 2619 1737 2691 μετὰ
1763 2621 1873 2675 τῶν

298 2696 496 2759 ἄλλων,
521 2701 569 2752 εί
596 2699 761 2763 δοκεῖ,
782 2702 875 2755 καὶ
897 2703 998 2766 τὰς
1020 2704 1169 2775 παρά
1182 2704 1343 2775 φύσιν
1363 2707 1573 2779 ἡδονάς.
1592 2709 1873 2764 Ἀλλ’ὅταν

298 2791 330 2861 ἡ
369 2789 486 2843 θεία
512 2789 661 2859 λέγει
695 2791 909 2865 Γραφὴ,
941 2796 1016 2860 ὡς
1041 2797 1310 2869 συνῄεσαν
1342 2800 1438 2870 μὲν
1462 2802 1573 2865 τοῖς
1603 2802 1868 2871 γυναίοις,

298 2879 365 2932 τὰ
392 2878 450 2934 δὲ
472 2879 625 2934 ἔτεκε
668 2882 797 2948 τοὺς
837 2884 1206 2956 καλουμένους
1237 2887 1498 2958 γίγαντας
1521 2907 1534 2921 ·
1570 2892 1869 2956 τουτέστιν.

302 2967 512 3032 ἐξαίσια
558 2970 782 3040 τέρατα,
830 2973 971 3046 πλὴν
1014 2974 1334 3047 ἀνθρώπους
1387 2978 1672 3048 λογικούς·
1702 2983 1754 3036 τί
1806 2985 1869 3055 δὴ

301 3059 410 3130 ἀρα
458 3061 590 3132 πρὸς
628 3064 788 3117 τοῦτο
826 3066 1385 3142 δια).ογίξεσθαιχρή;
1414 3073 1486 3125 Οὐ
1516 3073 1624 3144 γὰρ
1654 3075 1761 3128 ἀπό
1807 3093 1870 3144 γε

304 3153 631 3223 πνευμάτων
666 3156 773 3209 τῶν
801 3158 1069 3212 ἀπωτάτω
1102 3161 1306 3233 σαρκὸς
1342 3164 1539 3231 γένοιτ’
1577 3166 1643 3218 ἂν
1669 3166 1749 3230 είς
1777 3166 1871 3236 γύ-

302 3261 453 3301 ναιον
478 3243 763 3317 ἀνθρώπου
799 3250 1089 3322 καταϐολή.
1130 3252 1553 3323 Εἰκαιομυθοῦσι
1592 3254 1649 3309 δέ
1705 3273 1870 3324 τινες,

301 3337 395 3390 καὶ
432 3337 888 3406 κατασοφίζονται
920 3339 980 3393 τὺ
1022 3341 1233 3412 χρῆμα,
1259 3341 1506 3406 πιθανοῖς
1553 3344 1629 3402 ὡς
1673 3346 1871 3402 οἴονται

298 3426 580 3499 λογισμοῖς
617 3430 674 3482 τὸ
697 3429 956 3485 ἀδύνατον
990 3433 1446 3499 ὑποκλέπτοντεςσ
1481 3435 1742 3503 γεγοθότα
1764 3438 1871 3509 γὰρ

299 3517 358 3573 ὲν
389 3520 613 3590 ἀνδράσι
634 3520 952 3594 τὰ-πονηρά
984 3540 1116 3592 φασι
1145 3523 1415 3596 δαιμόνια,
1446 3527 1514 3580 δι’
1547 3527 1721 3581 αὐτῶν
1760 3530 1871 3600 εἱρ-

301 3613 498 3680 γάζετο
521 3612 618 3679 τάς
656 3613 763 3667 τῶν
810 3616 1142 3687 σπερμάτων
1191 3616 1515 3680 καταϐολὰς.
1554 3618 1793 3691 Ἀκαλλῆ
1815 3620 1871 3674 δὲ

304 3704 506 3776 σφόδρα
533 3705 627 3758 καὶ
659 3705 900 3776 ἀμαθίας
925 3706 1173 3778 ἔμπλεων
1200 3706 1289 3761 τὸν
1309 3708 1465 3777 λόγον
1495 3708 1678 3772 αὑτοδς
1707 3711 1872 3783 εὑρή-

304 3812 487 3866 σομεν.
527 3797 594 3851 ὐ
634 3797 744 3869 γὰρ
782 3798 881 3852 οὐκ
926 3797 1149 3870 εἴρηκεν
1205 3798 1239 3869 ἠ
1281 3798 1395 3853 θεία
1421 3798 1630 3871 Γραφὴ,
1659 3800 1777 3855 τινα
1806 3800 1870 3873 δὴ

303 3886 502 3959 τρόπον
545 3888 980 3960 παραδεξόμεθα,
1027 3890 1119 3943 καὶ
1177 3891 1235 3943 ὲν
1275 3893 1387 3954 τοῖς
1429 3889 1643 3961 ἀληθῶς
1688 3890 1871 3961 ἔχουσι

303 3977 808 4049 καταλογιούμεθα;
868 3979 1078 4033 υύκοῦν
1144 3979 1569 4050 ἀναγνωσόμεθα
1636 3980 1836 4050 μᾶλλον
1856 3996 1869 4010 ·

306 4088 326 4120 ι
360 4068 582 4133 Ἰδόντες
611 4069 667 4122 δὲ
697 4070 747 4123 oi
786 4072 892 4124 υἱοὶ
920 4069 1014 4123 τοῦ
1043 4068 1177 4123 Θεοῦ
1209 4069 1305 4134 τὰς
1328 4069 1634 4141 θυγατέρας
1658 4070 1765 4123 τῶν
1789 4073 1875 4124 ἀν-

297 4159 554 4232 θρώπων,
598 4160 682 4215 ὅτι
722 4161 884 4215 καλαί
927 4163 1084 4226 εἰσιν,
1118 4161 1307 4215 ἔλαϐον
1345 4163 1558 4224 ἑαυτοῖς
1609 4164 1874 4229 γυναῖκας

295 4251 410 4307 ἀπὸ
460 4254 650 4309 πασῶν
702 4248 778 4308 ὧν
820 4254 1147 4321 ἐξελέξαντο.
1170 4274 1190 4308 ι
1233 4253 1495 4324 Ἐμπεδοί
1551 4252 1613 4305 δὲ
1673 4255 1873 4324 μᾶλλον

294 4345 434 4416 ἡμῖν
458 4343 636 4417 ὀρθῶς
680 4344 909 4414 ἔχουσαν
931 4345 1029 4419 τὴν
1047 4345 1255 4401 τοιάνδε
1278 4345 1515 4417 γραφὴν,
1538 4345 1632 4399 καὶ
1657 4345 1689 4417 ἡ
1722 4343 1875 4423 παρὰ

290 4434 410 4490 τῶν
437 4434 641 4505 ἑτέρων
683 4437 1024 4506 ἑρμηνευτῶν
1058 4437 1329 4501 ἀπόδοσις.
1373 4439 1603 4503 ’Λκύλας
1638 4439 1738 4509 μὲν
1764 4441 1873 4510 γάρ

1976 1992 2070 2037 aut
2096 1999 2203 2054 qua
2231 1983 2354 2053 iege
2381 1996 2478 2037 eos
2500 1980 2787 2047 incitante,
2813 1982 3276 2052 quemadmodum
3308 1984 3421 2040 fere
3452 2000 3554 2044 nos

1976 2074 2125 2141 ipsos
2173 2074 2240 2128 ad
2287 2072 2624 2142 ejuscemodi
2669 2072 2959 2128 aﬂ'ectibus
3008 2073 3405 2138 laborandum,
3458 2084 3567 2135 aut

1975 2163 2128 2219 aliis?
2164 2163 2352 2233 Neque
2398 2178 2532 2218 vero
2568 2162 2765 2218 harum
2811 2180 2993 2219 rerum
3037 2166 3195 2235 culpa
3243 2165 3552 2221 daemonum

1977 2254 2196 2310 turbam
2227 2253 2547 2307 liberamus.
2582 2252 2790 2324 lmpuri
2820 2255 2969 2308 enim
3009 2271 3073 2311 ac
3113 2255 3352 2326 profani,
3390 2265 3553 2326 atque

1975 2346 2032 2401 in
2061 2343 2295 2416 quodvis
2319 2342 2678 2412 turpitudinis
2711 2359 2885 2414 genus
2913 2345 3187 2417 proclives
3214 2352 3362 2400 sunt.
3388 2346 3550 2417 Atqui

1974 2437 2187 2493 laboret
2233 2436 2420 2500 etiam,
2466 2436 2511 2491 si
2565 2436 2765 2508 placet,
2808 2452 2933 2491 cum
2982 2437 3125 2502 aliis,
3177 2437 3567 2509 voluptatibus

1974 2543 2193 2599 quoque
2210 2538 2419 2582 natura:
2439 2541 2551 2581 sua:
2569 2525 3020 2603 repugnantibus.
3041 2524 3313 2582 Caeterum
3331 2525 3552 2601 quando

1973 2621 2156 2676 divina
2171 2619 2453 2690 Scriptura
2492 2618 2671 2697 inquit
2695 2618 2842 2689 quod
2856 2618 3133 2690 congressi
3148 2630 3277 2673 sunt
3292 2634 3415 2679 eum
3434 2634 3554 2673 mu-

1973 2711 2222 2777 lieribus,
2251 2711 2481 2783 29min
2506 2726 2636 2771 vero
2673 2718 3004 2780 pepererunt
3030 2719 3252 2771 vocatos
3285 2710 3575 2782 gigantes,

1973 2803 2079 2861 hoc
2110 2812 2219 2868 est,
2243 2803 2484 2875 ingentia
2522 2811 2786 2867 monstra,
2812 2811 3075 2859 caeterum
3109 2801 3362 2857 homines
3385 2803 3549 2857 ratio-

1971 2897 2059 2953 nis
2082 2897 2382 2968 participes
2398 2938 2426 2960 ,,
2443 2896 2574 2966 quid
2606 2896 2673 2951 de
2698 2896 2803 2951 hoc
2828 2895 3063 2966 amplius
3087 2895 3364 2966 ambigere
3388 2910 3551 2964 opor-

1974 2991 2088 3045 tet?
2108 2990 2295 3059 Neque
2322 2989 2467 3043 enim
2491 3005 2520 3045 a
2557 2988 2843 3059 spiritibus
2876 2986 3193 3058 longissime
3217 3003 3248 3043 a
3273 3000 3437 3040 carne
3465 3001 3552 3039 se-

1972 3082 2141 3136 motis
2166 3080 2260 3134 flat
2293 3079 2347 3133 in
2378 3079 2607 3140 muliere
2633 3078 2875 3133 hominis
2902 3076 3246 3137 constitutio.
3271 3076 3555 3145 Nugantur

1973 3178 2165 3227 autem
2183 3170 2456 3235 nonnulli,
2486 3178 2541 3225 et
2570 3170 2726 3223 vanis
2749 3167 3076 3229 commentis
3097 3182 3215 3223 rem
3244 3168 3582 3232 involvunt,‘

1976 3262 2390 3329 verisimilibus,
2417 3272 2477 3317 ut
2500 3260 2858 3325 arbitrantur,
2879 3259 3185 3315 rationibus
3206 3259 3258 3314 id
3276 3257 3421 3330 quod
3447 3260 3550 3314 im-

1975 3353 2236 3427 possibile
2261 3360 2366 3417 est,
2406 3352 2711 3423 palliantcs.
2742 3350 2969 3421 Illapsos
3005 3351 3153 3405 enim
3193 3350 3468 3405 daemones
3494 3351 3579 3411 inm

1974 3447 2146 3502 malos
2160 3446 2339 3510 aiunt,
2367 3461 2430 3500 ac
2455 3460 2550 3517 per
2572 3444 2716 3523 ipsos
2735 3445 2945 3499 semina
2968 3443 3225 3503 immissa.
3246 3441 3571 3501 Absurdam.

1972 3532 2104 3598 vero
2114 3552 2277 3612 atque
2293 3540 2613 3612 ignorantia:
2631 3538 2847 3609 plenam
2862 3552 2983 3594 esse
3009 3552 3201 3593 eorum
3227 3537 3553 3597 sententiam
3578 3583 3587 3598 ι

1973 3633 2130 3695 facile
2155 3632 2576 3703 comperiemus.
2604 3630 2739 3685 Nam
2782 3628 2927 3700 quod
2956 3644 3108 3684 sacra
3137 3626 3419 3703 Scriptura
3442 3641 3551 3688 non

1974 3731 2224 3789 testatur,
2237 3738 2471 3794 quanam
2496 3722 2707 3776 ratione
2725 3720 3098 3784 admittemus,
3114 3727 3275 3787 atque
3292 3733 3391 3795 pro
3407 3717 3554 3771 veris
3572 3764 3579 3771 κ

1973 3812 2297 3868 habebimus
2310 3815 2335 3866 ?
2356 3812 2504 3867 Hanc
2529 3810 2695 3881 igitur
2712 3810 2895 3880 potius
2911 3809 3207 3869 lectionem
3226 3821 3548 3876 sequemur:

1982 3923 1999 3954 ι
2026 3903 2287 3959 Videntes
2312 3913 2495 3958 autem
2528 3902 2622 3956 filii
2645 3901 2741 3955 Dei
2770 3900 2908 3959 ﬁlias
2929 3898 3235 3961 hominum,
3259 3895 3409 3963 quod
3427 3898 3549 3965 pul-

1973 3993 2119 4049 chrae
2140 4003 2341 4056 essent,
2362 3999 2694 4058 acceperunt
2716 3988 2819 4041 sibi
2842 4000 3042 4040 uxores
3057 3999 3125 4040 ex
3146 3984 3401 4039 omnibus
3417 4000 3552 4054 quas

1973 4083 2270 4153 elegerant.
2300 4102 2317 4131 ι
2342 4081 2490 4134 Facit
2512 4086 2693 4132 autem
2719 4078 2785 4131 ad
2811 4078 2973 4147 hujus
2990 4075 3244 4132 lectionis
3262 4074 3561 4137 confirmas

1977 4174 2179 4227 tionem
2200 4171 2431 4225 aliorum
2453 4168 2615 4224 etiam
2648 4167 3008 4238 interpretum
3030 4165 3333 4222 translatio.
3354 4166 3548 4237 Aquila

1974 4264 2120 4321 enim
2142 4262 2353 4334 inquit:
2378 4261 2616 4315 Videntcs
2637 4267 2814 4313 autem
2837 4258 2939 4327 ﬁlii
2965 4259 3181 4314 deorum
3213 4257 3356 4328 ﬁlias
3379 4260 3549 4315 homi-

1974 4372 2119 4411 num.
2139 4354 2499 4427 Symmachus
2519 4366 2669 4416 vero,
2692 4366 2790 4422 pro
2808 4350 2911 4421 ﬁlii
2932 4352 3169 4417 deorum,
3198 4351 3474 4407 transtulit
3486 4350 3550 4421 ﬁ-

1975 4448 2035 4502 lii
2062 4455 2331 4518 potentum
2355 4462 2371 4499 :
2406 4442 2547 4498 ﬁlios
2567 4442 2758 4512 utique
2780 4442 3009 4499 deorum
3030 4458 3094 4498 ac
3110 4451 3394 4513 potentum
3412 4442 3553 4507 filios

290 4544 496 4597 φησιν,
547 4525 801 4593 Ἰδόντες
832 4527 899 4581 δὲ
939 4533 991 4583 οι
1021 4530 1138 4585 υἱοὶ
1174 4529 1293 4584 τῶν
1325 4531 1476 4585 θεῶν
1500 4531 1605 4597 τὰς
1627 4531 1870 4600 θυγατέι.

1977 4538 2105 4595 Seth
2124 4547 2286 4608 atque
2302 4537 2450 4591 Enos
2466 4543 2815 4602 vocaverunt;
2830 4535 2900 4590 ob
2912 4550 3031 4589 eam
3046 4549 3154 4605 qua
3170 4534 3382 4605 praediti
3397 4545 3554 4597 erant

280 4635 413 4697 ρας
450 4616 574 4673 τῶν
614 4617 956 4688 ἀνθρώπων.
995 4620 1292 4691 Σύμμαχος
1339 4620 1394 4674 δὲ
1449 4616 1517 4697 αὖ
1579 4623 1699 4675 ἀντὶ
1754 4621 1869 4687 τοῦ,

288 4710 417 4765 υἱοὶ
443 4708 564 4763 τῶν
595 4708 762 4774 θεῶν,
795 4711 1089 4767 ἐκδέδωκεν
1117 4717 1171 4767 ot
1195 4713 1308 4768 υἱοὶ
1341 4713 1457 4769 τῶν
1479 4715 1875 4771 δυναστευόν-

286 4818 435 4857 των.
476 4802 640 4866 Υἱοὺς
665 4802 721 4856 δὲ
743 4801 881 4857 θεῶν
910 4805 1003 4857 καὶ
1027 4806 1133 4876 μὴν
1162 4805 1257 4859 καὶ
1281 4806 1711 4863 δυναστευόντων
1748 4812 1872 4874 τοὺς

283 4892 409 4949 ἀπό
429 4910 492 4963 γε
525 4892 619 4947 τοῦ
644 4894 750 4965 Σὴθ
780 4896 870 4949 καὶ
898 4895 993 4949 τοῦ
1036 4896 1205 4961 Ἐνὼς
1237 4898 1540 4971 ὠνόμαζον,
1574 4900 1660 4955 διά
1694 4920 1750 4955 τε
1774 4903 1872 4972 τὴν

281 4983 527 5038 ἐνοῦσαν
555 4986 739 5049 αὐτοῖς
771 4988 1025 5058 ὁσιότητα
1061 4989 1154 5042 καὶ
1198 4990 1491 5058 φιλοθεῖαν,
1524 4992 1616 5046 καὶ
1642 4993 1703 5045 τὸ
1737 4994 1873 5046 πάν-

279 5092 406 5130 των
436 5074 697 5131 δύνασθαι
731 5078 1019 5132 καταθλεῖν
1050 5081 1157 5132 τῶν
1180 5081 1591 5151 ἀνθεστηκότων
1610 5101 1621 5113 ·
1656 5085 1873 5155 ἐπαμύ-

282 5169 482 5232 νοντός
513 5184 613 5221 που
655 5171 796 5224 κατά
822 5171 882 5225 τὸ
920 5173 1067 5235 εἰκὸς
1094 5171 1186 5226 τοῦ
1236 5173 1391 5243 Θεοῦ,
1426 5178 1519 5229 καὶ
1578 5178 1876 5247 περιφανὲς

278 5261 695 5338 ἀποφαίνοντος
721 5261 782 5316 τὸ
817 5262 1108 5334 ἱερώτατόν
1132 5282 1191 5318 τε
1224 5266 1317 5320 καὶ
1339 5267 1492 5334 ἆγιον
1522 5267 1679 5335 γένος
1698 5286 1711 5299 ·
1739 5269 1875 5341 ὅπερ

277 5349 358 5421 ἦν
402 5350 638 5420 ἄμικτον
686 5352 764 5422 τῷ
801 5354 991 5425 ἑτέρῳ,
1022 5356 1289 5422 τουτέστι,
1316 5361 1427 5421 τοῖς
1467 5359 1572 5412 ἀπὸ
1606 5360 1744 5415 Κάῖν
1782 5362 1876 5415 καὶ

280 5439 409 5510 μὴν
434 5438 531 5491 καὶ
564 5440 784 5510 Λάμεχ’
816 5442 873 5506 ὃς
901 5444 964 5513 δὴ
990 5445 1083 5498 καὶ
1099 5448 1221 5500 κατ’
1248 5446 1388 5517 ἴχνος
1416 5447 1516 5504 ἰὼν
1530 5449 1619 5502 τοῦ
1650 5452 1871 5523 πατρὸς,

278 5530 493 5596 γέγονε
522 5530 783 5600 φονευτής
812 5546 824 5557 ·
847 5531 1117 5602 ὡμολόγει
1175 5536 1302 5607 γὰρ,
1337 5556 1352 5588 ι
1383 5539 1502 5591 Ὅτι
1553 5539 1720 5611 ἄνδρα
1764 5541 1870 5593 ἀπ-

276 5619 522 5671 έκτεινα
552 5618 630 5678 είς
647 5617 867 5687 τραῦμα
891 5621 1031 5691 ἐμοὶ,
1069 5623 1162 5674 καὶ
1196 5624 1473 5678 νεανίσκον
1511 5627 1587 5696 εἰς
1635 5626 1872 5694 μώλωπα

360 5795 416 5825 ’³
460 5794 507 5849 ll
546 5795 702 5853 Joan.
739 5812 795 5862 υ,
829 5797 910 5851 i6.

1980 4627 2390 4695 sanctimoniam
2415 4642 2477 4681 ac
2500 4626 2782 4697 pietatem,
2808 4625 3064 4696 quodque
3088 4640 3279 4681 omnes
3295 4625 3550 4685 adversa-

1980 4719 2090 4773 rios
2112 4718 2268 4773 facile
2290 4724 2634 4787 superarent,
2659 4716 2960 4786 opitulante
2987 4715 3140 4786 ipsis,
3176 4724 3236 4771 ut
3257 4714 3553 4770 verisimile

1978 4816 2081 4870 est,
2101 4807 2232 4869 Deo,
2259 4814 2619 4878 sanctumque
2638 4819 2811 4875 genus
2834 4802 3162 4867 illustrante,
3185 4803 3333 4875 quod
3352 4817 3553 4873 nequa-

1979 4912 2141 4967 quam
2187 4897 2342 4951 alteri
2384 4897 2683 4951 immistum
2738 4902 2879 4961 erat,
2930 4894 3037 4950 hoc
3078 4904 3184 4959 est,
3237 4895 3304 4953 iis
3340 4894 3431 4962 qui
3487 4908 3567 4946 ex.

1970 4988 2103 5043 Cain
2155 4988 2261 5043 orti
2308 4996 2483 5054 erant,
2530 4996 2586 5043 et
2630 4986 2888 5052 Lamech,
2924 4985 3021 5055 qui
3066 4984 3329 5038 nimirum
3377 4990 3552 5052 pater-

1971 5080 2059 5135 nis
2104 5080 2350 5151 vestigiis
2410 5080 2687 5143 insistens,
2752 5079 2857 5132 fuit
2908 5075 3204 5131 homicida.
3262 5074 3555 5130 Confessus

1971 5169 2118 5223 enim
2139 5178 2259 5225 est:
2290 5188 2307 5221 ‹
2340 5168 2608 5235 Quoniam
2644 5170 2825 5224 virum
2855 5166 3035 5222 occidi
3085 5165 3142 5219 in
3167 5166 3367 5219 vulnus
3398 5162 3553 5225 mihi,

1973 5269 2028 5316 et
2082 5260 2548 5317 adolescentulum
2596 5262 2652 5317 in
2697 5261 2935 5315 vibicem
2994 5257 3146 5310 mihi.
3217 5276 3234 5307 ι
3301 5253 3552 5321 Quandiu

1984 5351 2167 5422 itaque
2215 5367 2431 5408 sacrum
2475 5367 2646 5425 genus
2667 5350 2875 5418 absque
2922 5346 3033 5400 ullo
3062 5345 3189 5397 mali
3226 5345 3554 5400 commercio

1982 5444 2139 5509 vixit,
2189 5444 2409 5514 pietatis
2452 5458 2580 5515 erga
2621 5442 2796 5496 Deum
2846 5433 3202 5508 pulchritudo
3269 5452 3407 5507 pura
3456 5437 3552 5490 ad«

1982 5536 2090 5589 huc
2152 5544 2207 5589 ct
2273 5536 2487 5588 sincera
2546 5534 2602 5586 in
2664 5530 2798 5599 ipsis
2863 5525 3126 5596 fulgebat,
3176 5528 3553 5582 admirabiles?

1981 5644 2087 5695 que
2140 5642 2234 5680 eos
2288 5625 2542 5678 faciebat.
2577 5626 2870 5690 Postquam
2913 5633 3044 5671 vero
3085 5617 3373 5682 ad‘carnis
3409 5619 3542 5676 desi~
