4056 6260
518 351 587 411 ιδ
1546 364 1602 420 S.
1643 364 1916 423 CYlllLlJ
1958 366 2429 429 ALEXANDRINI
2468 375 2786 432 ARCBIEP.
3714 378 3777 431 3‘1

516 468 672 525 deria
713 471 975 544 prolapsi,
1019 481 1075 528 et
1116 475 1406 531 mulierum
1447 478 1622 533 forma
1666 480 1812 551 capti
1861 484 2092 552 turpiter

2201 487 2342 556 ἐμοὶ.
2370 507 2390 540 ι
2425 491 2570 554 Ἕως
2601 492 2700 562 μὲν
2732 487 2826 545 οὖν
2862 492 2921 544 τὸ
2952 491 3098 561 ἱερὸν
3129 491 3285 558 γένος
3308 489 3445 545 αὐτὸ
3475 490 3594 544 καθ’
3626 490 3783 544 ἑαυτὸ

519 559 882 618 defecerunt:
922 583 941 615 ι
969 564 1315 637 Acceperunt
1353 570 1523 635 enim,
1554 590 1572 621 ›
1606 569 1807 641 inquit,
1849 592 1867 623 ι
1895 590 2097 632 uxores

517 667 586 707 ex
613 654 871 710 omnibus
908 672 1045 727 quas
1086 659 1366 729 elegerant
1402 677 1432 717 e
1474 660 1693 718 filiabus
1722 662 2030 731 hominum,
2070 689 2089 720 ι

517 745 624 806 hoc
639 755 745 819 est,
767 763 831 804 ex
852 751 1112 822 progenie
1132 752 1266 809 Cain
1285 771 1301 820 ;
1326 755 1543 811 etiamsi
1566 756 1645 812 dii
1667 765 1725 812 et
1748 756 1978 814 deorum
1998 758 2097 815 ﬁlii

517 844 572 889 et
605 846 892 908 potentum
917 853 1268 910 vocarentur,
1296 845 1363 901 ad
1401 862 1593 902 eorum
1631 863 1813 904 mores
1836 848 2097 922 deinceps

518 942 638 983 sese
663 930 1038 997 contulerunt,
1068 934 1323 1004 turpique
1349 951 1413 990 ac
1437 936 1675 1007 profana:
1696 938 1823 993 vitae
1846 954 1965 994 sese
1991 949 2100 996 tra-

452 1054 469 1067 .
517 1015 795 1074 diderunt.
827 1020 896 1075 Et
928 1033 1263 1092 pepererunt
1292 1026 1517 1097 quidem
1542 1027 1802 1083 mulieres
1832 1037 2093 1096 monstra,

516 1105 856 1179 depravante
884 1112 1147 1170 nimirum
1172 1115 1432 1188 deinceps
1453 1118 1564 1173 Deo
1595 1119 1961 1175 humanorum
1979 1137 2099 1177 cor-

519 1214 717 1268 porum
754 1202 1240 1272 pulchritudinem,
1264 1207 1335 1263 ob
1355 1224 1546 1264 eorum
1568 1209 1623 1263 in
1649 1210 1992 1266 meretricios
2006 1228 2099 1282 ap-

518 1291 726 1365 petitus
747 1291 1243 1365 intemperantiam.
1269 1299 1376 1370 30
1391 1299 1683 1355 Pariebant
1700 1310 1882 1358 autem
1908 1303 2064 1373 gigan
2081 1334 2096 1343 -

518 1390 623 1445 tes,
650 1382 755 1439 hoc
786 1395 890 1450 est,
921 1386 1176 1443 robustos
1204 1399 1367 1460 atque
1401 1403 1664 1463 agrestes,
1691 1395 1971 1459 multaque
2005 1395 2099 1449 de—

515 1470 791 1529 formitate
819 1475 1153 1544 laborantes,
1172 1490 1228 1534 et
1246 1497 1541 1551 corporum
1564 1481 1940 1551 magnitudine
1963 1486 2099 1538 alios

514 1574 855 1635 superantes.
908 1569 1207 1627 Sciendum
1263 1583 1448 1627 autem
1504 1582 1608 1637 est,
1664 1573 1935 1627 familiare
1981 1588 2100 1628 esse

514 1672 682 1713 sacra:
725 1658 1045 1731 Scriptura,
1092 1678 1189 1717 eos
1236 1665 1331 1733 qui
1384 1663 1591 1735 ingenti
1645 1677 1843 1718 ronore
1885 1662 2100 1734 praediti

514 1760 661 1815 sunt,
703 1753 949 1824 gigantes
996 1757 1294 1826 appellare.
1332 1755 1509 1827 Atque
1546 1757 1670 1811 ideo
1708 1756 1775 1810 de
1818 1756 2000 1812 Persis
2038 1773 2103 1812 ac

2199 579 2294 633 καὶ
2327 580 2527 650 ἀμιγὲς
2571 580 2669 636 τοῦ
2714 582 2961 652 χείρονος
2998 580 3249 643 διετέλει,
3271 582 3371 650 τῆς
3418 580 3497 643 είς
3527 580 3659 633 Θεὸν
3692 583 3777 634 εῦ-

2199 668 2416 733 σεϐείας
2460 669 2522 724 τὸ
2561 669 2757 734 κάλλος
2785 671 3085 742 ἀκραιφνὲς
3133 669 3213 724 έτι
3257 671 3349 725 καὶ
3371 670 3781 742 ἁπαραποίητον

2200 762 2570 833 ἐναστράπτον
2616 766 2673 818 ἐν
2716 764 2899 827 αὐτοῖς
2917 758 3007 834 ἦν,
3051 763 3145 818 καὶ
3192 763 3556 831 άξιαγάστους
3595 761 3778 815 ἐτίθει.

2210 852 2430 923 Ἐπειδὴ
2457 854 2513 907 δὲ
2548 853 2890 927 παρώλισθον
2913 856 2993 917 εἰς
3021 854 3400 924 φιλοσαρκίας,
3425 854 3521 906 καὶ
3545 851 3781 920 γυναίων

2197 943 2365 1016 ὥραις
2402 945 2823 1016 ὲκσεσοόημένοι
2870 945 3007 1016 πρὸς
3036 945 3335 999 ἀπόστασιν
3375 939 3534 1011 ἦσαν,
3572 962 3590 993 ι
3621 941 3781 994 Ἐλα-

2197 1035 2290 1088 6ον
2317 1035 2447 1107 γὰρ.
2477 1056 2495 1089 ι
2532 1037 2717 1107 φησὶν,
2755 1056 2772 1087 ι
2794 1035 2903 1090 ἀπὸ
2927 1035 3118 1089 πασῶν
3134 1028 3207 1089 ὧν
3239 1033 3551 1099 ἐξελέξαντο
3579 1036 3642 1086 ὲκ
3672 1032 3782 1085 τῶν

2199 1126 2516 1198 θυγατέρων
2571 1125 2679 1179 τῶν
2735 1125 3075 1194 ἀνθρώπων·
3103 1145 3122 1178 ι
3186 1125 3456 1184 τουτέστι,
3512 1124 3622 1176 τῶν
3675 1121 3780 1175 άπὸ

2199 1215 2338 1269 Κάῖν
2359 1231 2372 1244 ·
2405 1214 2582 1269 καίτοι
2616 1212 2729 1266 θεοὶ
2757 1213 2852 1266 καὶ
2886 1212 3025 1266 θεῶν
3071 1214 3199 1275 υίοὶ,
3229 1213 3321 1265 καὶ
3350 1208 3781 1264 δυναστευόντων

2196 1304 2604 1377 ὀνομαζόμενοι,
2648 1305 3085 1376 παρεκομίζοντο
3126 1303 3313 1358 λοιπὸν
3365 1301 3501 1374 πρὸς
3538 1300 3607 1353 τὰ
3640 1298 3783 1351 ἑκείυ

2196 1415 2303 1451 νων
2342 1397 2462 1468 ἔθη,
2508 1397 2601 1451 καὶ
2642 1399 2719 1460 είς
2762 1397 2996 1466 αἰσχράν
3022 1413 3080 1448 τε
3113 1397 3207 1450 καὶ
3248 1394 3475 1466 βέϐηλον
3508 1391 3779 1446 πολιτείαν

2198 1490 2291 1541 καὶ
2317 1488 2487 1560 ζωήν.
2517 1489 2629 1543 Καὶ
2664 1488 2874 1540 ἔτικτον
2908 1488 3007 1559 μὲν
3050 1488 3107 1541 αἱ
3137 1490 3395 1556 γυναῖκες
3423 1486 3648 1556 τέρατα,
3676 1500 3780 1537 πα-

2200 1582 2633 1652 ραχαράττοντος
2659 1579 2795 1632 Θεοῦ
2827 1581 2919 1632 καὶ
2946 1580 3083 1633 αὐτὰ
3131 1580 3316 1633 λοιπὸν
3346 1577 3455 1633 τῶν
3501 1573 3776 1646 ἀνθρωπί-

2200 1687 2307 1722 νων
2347 1670 2619 1740 σωμάτων
2647 1668 2715 1722 τὰ
2746 1669 2939 1738 κάλλη,
2971 1670 3058 1723 διὰ
3095 1671 3155 1723 τὸ
3196 1669 3434 1737 ἀκρατὲς
3463 1669 3543 1731 είς
3570 1664 3780 1733 ὀρέξεις

2202 1762 2470 1832 πορνικὰς
2512 1760 2619 1814 τῶν
2660 1760 2934 1828 τηνικάδε.
2962 1757 3141 1813 ἾΙσαν
3173 1762 3226 1813 δὲ
3254 1762 3302 1813 οἱ
3338 1760 3643 1830 τικτόμενοι
3689 1757 3777 1825 γί-

514 1840 683 1897 Medis
712 1858 812 1912 per
844 1859 1036 1900 vocem
1077 1847 1364 1917 prophetas
1403 1848 1479 1900 ita
1505 1846 1583 1901 ait
1612 1865 1625 1903 :
1663 1866 1679 1897 ι
1712 1845 1973 1917 Gigantes
2002 1863 2092 1901 ve-

2199 1870 2426 1922 γαντες,
2455 1852 2753 1916 τουτέστιν,
2784 1851 2963 1922 ἄγριοί
2990 1868 3048 1904 τε
3080 1853 3174 1905 καὶ
3199 1850 3497 1913 εὐσθενείς,
3522 1850 3617 1903 καὶ
3646 1847 3779 1901 πολὺ

511 1932 676 1991 niunt
715 1934 783 1990 ad
824 1936 1162 2006 implendum
1194 1937 1329 1993 iram
1364 1954 1562 2003 meam,
1595 1938 1897 2010 gaudentes
1927 1937 2092 2011 simul

514 2033 571 2081 et
610 2026 945 2083 contumelia
988 2026 1288 2089 allicientes
1338 2028 1407 2084 ⁸⁷.
1440 2052 1457 2081 ι
1506 2030 1665 2084 Nulla
1699 2046 1832 2085 vero
1878 2030 2092 2084 ratione

512 2114 828 2177 Graecorum
857 2121 1160 2183 mendaciis
1193 2123 1355 2179 ﬁdem
1377 2122 1757 2184 adhibeamus.
1783 2122 2093 2179 Consueve-

514 2219 644 2275 runt
666 2215 814 2270 enim
838 2232 1029 2273 eorum
1063 2219 1358 2291 sapientes,
1380 2235 1445 2275 ac
1472 2220 1748 2290 praecipue
1774 2228 1970 2291 poetae,
1991 2234 2094 2289 pro

512 2318 611 2362 sua
646 2304 878 2363 libidine
921 2324 1106 2365 rerum
1151 2320 1376 2366 naturas
1406 2311 1843 2376 accommodare,
1884 2318 1941 2365 et
1971 2324 2094 2378 quae

513 2409 680 2461 parva
724 2403 889 2466 atque
926 2397 1138 2469 abjecta
1187 2408 1317 2454 sunt
1365 2399 1648 2463 extollere,
1693 2405 1755 2452 et
1792 2397 2095 2469 splendidis

514 2478 834 2549 mendaciis,
863 2500 928 2540 ac
950 2486 1245 2544 verborum
1282 2487 1410 2543 fuco
1438 2503 1655 2552 ornare,
1682 2488 1897 2544 etiamsi
1934 2487 2094 2558 longe

512 2587 543 2633 ιι
564 2571 795 2629 veritate
830 2574 1053 2631 aberret
1084 2577 1277 2631 oratio.
1309 2576 1556 2643 Quorum
1588 2577 1812 2647 quidem
1842 2578 2094 2632 nonnulli

517 2668 685 2721 totam
711 2663 950 2723 Siciliam
992 2667 1061 2725 ab
1095 2684 1205 2723 uno
1235 2670 1452 2740 gigante
1473 2670 1530 2725 in
1563 2671 1764 2726 coelum
1793 2671 2095 2743 projectam

515 2753 849 2819 fabulantur.
876 2758 982 2814 Alii
1013 2774 1143 2816 vero
1172 2761 1239 2818 de
1262 2761 1371 2819 alio
1393 2761 1628 2833 quodam
1654 2763 1830 2817 multo
1856 2762 2096 2819 crassius

514 2848 875 2904 mentiuntur.
905 2850 1149 2907 Fuerunt
1179 2852 1327 2908 enim
1352 2854 1598 2924 quidam,
1628 2863 1688 2910 ut
1710 2854 1844 2920 dixi,
1867 2853 2096 2911 horrido

514 2946 736 3007 aspectu
770 2946 827 2994 et
871 2940 1097 2996 immani
1138 2942 1335 2999 robore
1362 2943 1603 3015 praediti,
1633 2945 1905 3017 rigidique
1931 2952 2095 3015 atque

518 3026 824 3098 horribiles,
848 3047 1141 3104 corporum
1164 3037 1331 3091 etiam
1354 3036 1729 3108 magnitudine
1754 3036 1893 3097 alios
1917 3037 2097 3095 excel-

514 3127 704 3187 .entes,
724 3131 985 3180 caeterum
1008 3131 1379 3198 nequaquam,
1409 3135 1471 3182 ut
1498 3128 1574 3184 illi
1606 3128 1939 3194 fabulantur,
1966 3145 2094 3184 ver-

511 3208 617 3265 tice
646 3214 826 3269 nubes
857 3214 1137 3277 ferientes.

2192 1944 2457 2008 παθόντες
2488 1943 2548 1999 τὸ
2586 1944 2839 2015 εἰδεχθὲς,
2878 1943 2972 1997 καὶ
3019 1946 3133 2006 τοῖς
3164 1942 3272 1995 τῶν
3310 1942 3578 2009 σωμάτων
3618 1940 3781 2010 μεγέ-

2192 2034 2309 2089 θεσι
2338 2035 2788 2101 πλεονεκτοῦντες
2817 2036 2924 2090 τῶν
2957 2035 3154 2097 ἄλλων.
3199 2032 3395 2087 Ίστέον
3440 2030 3498 2085 δὲ
3540 2031 3622 2084 ὅτι
3652 2030 3781 2091 τοὺς

2191 2126 2333 2196 ἄγαν
2365 2128 2766 2198 εὐρωστάτους,
2792 2129 3056 2198 γίγαντας
3100 2124 3399 2179 ἀποκαλεῖν
3440 2120 3781 2176 κατείθισταί

2193 2236 2311 2283 πως
2356 2218 2458 2288 τῆς
2498 2218 2860 2274 θεοπνεύστου
2909 2219 3132 2289 Γραφῆς
3194 2217 3222 2268 ὁ
3278 2214 3457 2284 λόγος.
3497 2213 3609 2267 Καὶ
3643 2210 3779 2281 γοῦν

2192 2309 2297 2381 ἔφη
2339 2312 2468 2382 περί
2494 2328 2555 2364 τε
2584 2310 2810 2383 Περσῶν
2843 2311 2939 2364 καὶ
2968 2311 3168 2380 Μήδιον
3201 2307 3290 2362 διὰ
3322 2307 3508 2378 φωνῆς
3559 2321 3779 2375 προφη-

2191 2401 2335 2455 τῶν·
2375 2422 2393 2454 ι
2419 2402 2678 2471 Γίγαντες
2714 2402 2965 2473 ἔρχονται
2998 2399 3288 2472 πληρῶσαι
3334 2398 3428 2453 τὸν
3473 2396 3645 2467 θυμόν
3680 2412 3781 2466 μου

2195 2490 2480 2561 χαίροντες
2511 2490 2628 2561 ἅμα
2667 2492 2761 2544 καὶ
2808 2489 3142 2562 ὑϐρίζοντες.
3169 2507 3188 2541 ι
3227 2484 3676 2560 Προσκεισόμεθα
3723 2482 3780 2537 δὲ

2193 2580 2444 2651 οὐδαμῶς
2472 2584 2592 2645 ταῖς
2639 2581 2908 2652 Ἑλλήνων
2936 2579 3304 2650 ψευὸοεπίαις.
3330 2577 3568 2631 meum
3591 2574 3703 2645 γὰρ
3731 2573 3782 2627 οἱ

2194 2674 2327 2745 παρ’
2356 2674 2541 2736 αὐτοῖς
2583 2672 2831 2742 λογάδες,
2884 2676 3108 2741 ποιηταὶ
3147 2671 3204 2725 δὲ
3246 2670 3504 2742 μάλιστα,
3539 2665 3684 2720 κατὰ
3721 2664 3783 2718 τὸ

2195 2765 2377 2829 αὐτοῖς
2418 2759 2477 2819 εὖ
2525 2763 2670 2836 ἔχειν
2718 2763 2927 2824 δοκοῦν,
2962 2764 3059 2826 τὰς
3104 2763 3212 2816 τῶν
3284 2760 3628 2833 πραγμάτων
3679 2758 3783 2824 ἀφ-

2196 2856 2447 2929 ηγεῖσθαί
2479 2874 2537 2910 τε
2570 2857 2665 2909 καὶ
2695 2855 3043 2910 διαπλάττειν
3076 2854 3294 2923 φύσεις·
3329 2854 3507 2922 αἶρειν
3555 2865 3614 2901 τε
3645 2844 3782 2917 ὑψοῦ

2194 2948 2265 3003 τὰ
2313 2948 2486 3019 μικρὰ
2542 2948 2637 3001 καὶ
2688 2946 3120 3018 κατερῤιμμένα,
3152 2944 3247 2998 καὶ
3276 2946 3396 3005 ταῖς
3423 2942 3561 3009 ἄγαν
3586 2938 3781 3008 ψευδο-

2200 3039 2417 3110 μυθίαις
2439 3038 2876 3108 κατασεμνύνειν
2903 3034 3113 3089 οἴεσθαι
3140 3035 3267 3093 δεῖν,
3311 3034 3414 3087 κᾶν
3445 3034 3494 3085 εἰ
3528 3030 3662 3084 πολὺ
3686 3027 3783 3083 τοῦ

2198 3132 2497 3204 πρέποντος
2530 3131 2791 3201 ὲξοίχοιτο
2836 3129 2894 3182 τὸ
2934 3129 3196 3199 διήγημα.
3234 3120 3332 3178 Ὧν
3363 3127 3390 3178 ὁ
3424 3123 3522 3194 μὲν
3554 3120 3652 3193 τὴν
3695 3120 3782 3173 Σι-

2191 3220 2375 3274 κελίαν
2406 3220 2534 3289 ὅλην
2569 3219 2659 3288 ὑφ’
2685 3219 2802 3283 ἑνὸς
2835 3218 2943 3271 τῶν
2977 3219 3252 3286 γιγάντων
3292 3212 3620 3287 ἀνερρἱθαι
3646 3211 3782 3280 φησι

512 3301 595 3363 εἰς
615 3302 709 3355 τὸν
730 3305 977 3375 οὐρανὸν,
999 3311 1026 3361 ό
1050 3308 1106 3361 δὲ
1150 3312 1243 3363 καὶ
1274 3310 1353 3364 ἔτι
1384 3312 1569 3385 μεῖζόν
1633 3331 1693 3367 τε
1723 3315 1817 3367 καὶ
1871 3315 2247 3386 άπηχέστερον
2308 3312 2392 3381 ἐφ’
2423 3312 2592 3386 ἑτέρῳ
2616 3311 2893 3381 ψεύδεται.
2923 3311 3183 3378 Γεγόνασι
3212 3308 3309 3378 μὲν
3333 3307 3464 3375 γὰρ,
3502 3306 3578 3369 ὼς
3619 3304 3781 3374 ἔφην,

508 3389 676 3446 δεινοὶ
736 3401 835 3464 μὲν
873 3397 1023 3460 ἰδεῖν,
1071 3402 1295 3455 ἄπλετοι
1338 3403 1392 3455 δὲ
1438 3406 1517 3467 εἰς
1571 3403 1743 3477 ἀλκήν
1798 3405 2026 3476 σκληροὶ
2080 3406 2176 3459 καὶ
2225 3404 2565 3473 δυσάντητοι,
2610 3403 2707 3456 καὶ
2764 3406 2884 3465 ταῖς
2944 3403 3053 3455 τῶν
3122 3399 3391 3469 σωμάτων
3455 3399 3778 3468 ὑπεροχαῖς,

514 3484 686 3555 βραχὺ
730 3487 870 3541 κατὰ
904 3488 965 3540 τὸ
994 3490 1141 3554 εἰκὸς
1183 3491 1290 3544 τῶν
1316 3492 1488 3546 ἄλλων
1534 3493 1979 3566 ὑπεραιρόμενοι,
2017 3494 2154 3567 πλὴν
2184 3494 2266 3560 οῦ,
2296 3492 2547 3563 καθάπερ
2569 3494 2618 3545 oi
2641 3492 2710 3545 τά
2739 3492 2825 3545 ἐπ’
2860 3492 3043 3555 αὐτοῖς
3072 3490 3473 3562 μυθοπλαστεῖν
3501 3487 3779 3552 εἰωθότες,

468 3602 474 3607 ν
500 3578 607 3633 ’καὶ
625 3577 807 3632 αὐτῶν
834 3579 1072 3652 ἥπτοντο
1093 3583 1293 3653 νεφῶν.

580 3673 634 3731 5.
674 3669 811 3730 Cum
865 3674 1050 3745 itaque
1089 3677 1472 3746 generationes
1506 3678 1653 3735 inter
1690 3695 1747 3735 se
1790 3681 2091 3736 commistas

2265 3674 2334 3745 γ’.
2351 3674 2724 3746 Μεμιγμένων
2749 3674 3038 3746 τοιγαροῦν
3056 3672 3307 3742 αλλήλοις
3331 3672 3440 3727 τῶν
3467 3671 3660 3739 γενῶν,
3687 3674 3782 3728 καὶ

515 3775 717 3834 essent,
743 3783 1045 3838 omnesque
1068 3768 1263 3824 effreni
1306 3769 1515 3840 impetu
1539 3771 1608 3826 ad
1634 3780 1919 3843 peceatum
1947 3771 2085 3843 lapsi

2194 3769 2407 3823 πάντων
2464 3767 2904 3820 ἁπονενευκότων
2985 3768 3065 3829 είς
3147 3763 3399 3835 ἀχάλινον
3458 3764 3773 3835 ἁμαρτίαν·

511 3867 757 3917 essent“
782 3859 953 3925 Vidit,
970 3880 987 3911 ι
1012 3860 1145 3926 ιιίι,‹
1169 3861 1433 3919 Dominus
1463 3863 1628 3930 Deus,
1655 3864 1799 3936 quod
1818 3864 2087 3935 multipli-

2198 3879 2215 3912 ι
2239 3855 2387 3925 Εἷδε,
2428 3879 2445 3911 ι
2469 3858 2627 3928 φησὶ,
2669 3877 2686 3908 ι
2718 3859 2964 3932 Κύριοςό
2985 3857 3137 3919 Θεὸς,
3169 3858 3245 3910 ὅτι
3278 3855 3701 3927 ἑπληθύνθησαν
3725 3858 3783 3911 αἱ

509 3957 643 4011 cate
669 3958 799 4005 sunt
825 3951 1046 4006 malitia
1084 3951 1369 4008 hominum
1397 3969 1564 4025 super
1602 3962 1800 4010 terram
1830 3973 1842 4008 :
1878 3962 1935 4009 et
1966 3969 2087 4011 om-

2194 3951 2383 4006 κακίαι
2414 3949 2525 4002 τῶν
2557 3948 2861 4020 ἀνθρώπων
2892 3950 2984 4003 ἐπὶ
3008 3949 3105 4019 τῆς
3126 3948 3250 4016 γῆς,
3285 3948 3381 4002 καὶ
3410 3950 3517 4011 πᾶς
3540 3947 3782 4011 τιςδια-

509 4041 595 4097 nis
631 4041 835 4113 cogitat
876 4041 932 4096 in
978 4043 1147 4100 corde
1186 4059 1287 4100 suo
1325 4044 1619 4116 diligenter
1648 4046 1790 4103 mala
1829 4044 2092 4102 omnibus.

508 4130 726 4199 diebus,
753 4141 812 4188 et
839 4134 1100 4203 cogitavit
1129 4135 1275 4190 Deus
1307 4135 1442 4206 (sive
1479 4138 1721 4207 paenituit
1751 4127 1900 4201 eum,
1932 4137 2089 4207 juxta

508 4223 671 4278 aliam
692 4222 1227 4293 interpretationem,
1252 4225 1464 4294 Aquila:
1486 4213 1767 4297 nimirum)
1793 4227 1938 4296 quod
1960 4227 2089 4287 fecit

511 4314 790 4369 hominem
833 4313 893 4371 in
937 4322 1105 4379 terra,
1149 4322 1206 4368 et
1247 4314 1527 4385 cogitavit,
1563 4332 1627 4372 ac
1661 4316 1842 4373 dixit:
1886 4317 2088 4372 Delebo

510 4405 789 4460 hominem
815 4420 980 4476 quem
1002 4406 1105 4461 feci
1139 4422 1169 4461 a
1201 4406 1339 4461 facie
1368 4416 1548 4473 terrae,
1576 4408 1646 4462 ab
1674 4408 1893 4463 homine
1918 4424 2088 4478 usque

509 4494 577 4549 ad
609 4494 943 4576 jumentum,
995 4503 1051 4550 et
1095 4510 1124 4549 a
1171 4494 1463 4566 rcptilibus
1510 4512 1686 4566 usque
1734 4496 1802 4552 ad
1845 4495 2088 4552 volatilia

510 4585 656 4641 coeli.
682 4584 950 4642 Paenituit
974 4586 1121 4641 enim
1146 4602 1231 4641 me
1256 4587 1403 4659 quod
1437 4588 1661 4643 fecerim
1689 4603 1802 4643 eos.
1837 4588 1953 4643 Noe
1987 4604 2088 4642 au-

512 4687 620 4731 tem
655 4677 867 4733 invenit
896 4678 1125 4750 gratiam
1154 4694 1338 4733 coram
1367 4679 1598 4734 Domino
1629 4680 1740 4734 Deo
1766 4676 1834 4731 ⁸⁸.
1870 4698 1888 4729 ι
1920 4678 2077 4733 lntel~

511 4765 633 4839 ligis
676 4782 787 4838 quo
830 4778 993 4838 pacto
1036 4783 1255 4822 omnem
1308 4768 1588 4824 hominem
1632 4769 1817 4825 delere
1872 4770 2084 4823 statuit.

508 4860 643 4915 Cum
688 4874 820 4916 vero
864 4860 978 4916 Noe
1020 4860 1242 4931 pietatis
1274 4860 1468 4917 studiis
1500 4869 1648 4917 esset
1690 4869 1938 4927 ornatus,
1985 4860 2087 4917 soli

510 4951 612 5022 ipsi
647 4952 897 5023 placatus
921 4960 1026 5018 est,
1052 4968 1233 5023 neque
1274 4968 1400 5007 cum
1427 4952 1551 5008 aliis
1589 4968 1719 5008 eum
1757 4952 1958 5023 perdit,
1990 4952 2085 5007 sed

2189 4044 2390 4097 νοεῖται
2418 4042 2556 4111 ὲντῇ
2592 4040 2791 4112 καρδίᾳ
2818 4040 2982 4093 αὐτοῦ
3014 4040 3295 4109 ἐπιμελῶς
3328 4038 3541 4109 πονηρά
3596 4038 3781 4103 πάσας

2188 4137 2286 4201 τὰς
2317 4134 2555 4205 ἡμέρας,
2591 4134 2686 4186 καὶ
2724 4132 3030 4202 ἐνεθυμήθη
3052 4133 3244 4195 ὁθεὸς,
3273 4152 3290 4183 ι
3322 4131 3442 4202 ἦτοι
3477 4131 3779 4200 μετεμελή-

2189 4227 2255 4298 θη
2277 4243 2290 4256 °
2334 4226 2429 4280 καὶ
2480 4224 2600 4283 καθ’
2624 4224 2821 4295 ἑτέραν
2849 4223 2906 4276 δὲ
2939 4223 3175 4286 ἔκδοσιν,
3212 4222 3310 4293 τὴν
3349 4220 3575 4275 ’Δκύλου
3605 4222 3774 4291 φημὶ,

2197 4318 2350 4368 ιὊτι
2365 4315 2585 4384 ἐποίησε
2606 4315 2696 4366 τὸν
2719 4311 3001 4384 ἄνθρωπον
3024 4313 3115 4365 ἐπὶ
3127 4312 3225 4379 τῆς
3254 4313 3378 4382 γῆς,
3398 4312 3491 4363 καὶ
3506 4311 3646 4364 διενο
3662 4310 3775 4381 ’,Θη,

2188 4406 2283 4459 καὶ
2302 4400 2454 4458 εἶπεν
2476 4422 2489 4435 ·
2536 4402 2851 4471 ’Λπαλείψω
2884 4403 2975 4457 τὸν
3004 4403 3290 4473 ἄνθρωπον
3319 4402 3379 4455 ὃν
3400 4401 3633 4472 ἐποίησα
3669 4400 3775 4454 ἀπὸ

2193 4495 2484 4567 προσώπου
2509 4497 2609 4564 τῆς
2642 4495 2746 4564 γῆς
2765 4511 2779 4524 θ
2812 4494 2919 4547 ἀπὸ
2943 4492 3229 4561 ἀνθρώπου
3269 4493 3373 4557 ἕως
3396 4494 3650 4562 κτήνους,
3680 4491 3774 4545 καὶ

2191 4586 2301 4640 ἀπὸ
2345 4584 2455 4639 τῶν
2505 4584 2753 4656 ἑρπετῶν
2802 4583 2907 4647 ἓως
2934 4583 3042 4637 τῶν
3075 4583 3338 4637 πετεινῶν
3370 4582 3468 4657 τοῦ
3494 4581 3727 4655 οὐρανοῦ
3756 4598 3768 4609 ·

2189 4678 2270 4731 ὅτι
2303 4676 2646 4749 ἐνεθυμήθην
2696 4676 2781 4728 ὅτι
2839 4676 3070 4745 ἐποίησα
3115 4676 3331 4734 αὐτούς.
3371 4675 3496 4729 Νῶε
3543 4675 3600 4729 δὲ
3641 4670 3771 4745 εὗρε

2191 4766 2351 4837 χάριν
2383 4763 2616 4819 ἐνώπιον
2661 4763 2870 4834 Κυρίου
2913 4764 3007 4817 τοῦ
3057 4764 3213 4818 Θεοῦ.
3242 4784 3262 4817 ι
3293 4765 3489 4835 Συνίης
3513 4766 3596 4818 ὅτι
3630 4765 3775 4820 κατὰ

2190 4856 2392 4921 παντὸς
2431 4856 2719 4927 ἀνθρώπου
2749 4855 2997 4925 βούλεται
3029 4856 3128 4926 τὴν
3175 4857 3517 4926 ἀπὰλειψειν.
3554 4858 3774 4928 Ἐπειδὴ

2189 4949 2244 5002 δὲ
2276 4952 2388 5012 τοῖς
2413 4950 2513 5019 τῆς
2545 4948 2828 5010 εὐσεϐείας
2859 4948 3082 5018 τρόποις
3109 4949 3138 5000 ό
3164 4948 3285 5001 Νῶε
3317 4947 3769 5013 κατεκαλλύνε-το,

507 5058 633 5098 cum
659 5043 915 5101 universa
946 5043 1150 5105 familia
1179 5043 1374 5107 salvat,
1399 5043 1641 5116 dicitque
1668 5044 1720 5099 ei
1751 5061 1763 5097 ι
1799 5062 1819 5097 ι
1849 5043 2090 5114 Tempus

2194 5040 2522 5095 δυσωπεῖται
2548 5038 2709 5108 μόνον
2729 5054 2743 5069 ·
2785 5039 2878 5091 καὶ
2908 5038 2968 5091 οὐ
3000 5037 3336 5092 συνδιόλλυσι
3389 5042 3503 5104 τοῖς
3559 5042 3772 5111 ἑτέροις

506 5133 685 5191 omnis
702 5132 945 5191 hominis
964 5135 1118 5191 venit
1137 5149 1323 5190 coram
1346 5151 1454 5201 me,
1470 5135 1601 5206 quia
1616 5135 1823 5209 repleta
1842 5142 1926 5192 est
1944 5144 2088 5191 terra

509 5227 795 5297 iniquitate
811 5229 881 5284 ab
893 5227 994 5295 eis,
1006 5238 1063 5284 et
1076 5243 1205 5283 ecce
1218 5244 1318 5300 ego
1335 5228 1647 5298 disperdam
1659 5244 1777 5295 eos,
1788 5239 1845 5286 et
1860 5238 2084 5285 terram.

511 5317 613 5373 Fac
633 5318 799 5389 igitur
816 5322 914 5377 tibi
933 5336 1116 5378 arcam
1134 5320 1204 5378 de
1226 5321 1388 5393 lignis
1412 5323 1714 5394 quadratis;
1736 5323 2092 5378 mansiuncu-

510 5410 587 5463 las
611 5408 777 5466 facies
798 5411 852 5466 in
873 5428 958 5478 ea,
977 5422 1032 5468 et
1050 5413 1411 5470 bituminabis
1432 5430 1553 5471 eam
1572 5415 1901 5471 intrinsecus
1921 5424 1976 5469 et
1995 5431 2089 5470 ex-

510 5498 784 5564 trinsecus
807 5499 1096 5559 bitumine.
1127 5504 1195 5559 Et
1216 5500 1320 5575 31
1347 5503 1426 5559 sic
1445 5503 1611 5559 facies
1628 5518 1812 5561 arcam
1837 5522 1849 5557 :
1871 5511 2088 5557 trecen-

512 5599 692 5646 torum
737 5591 1050 5647 cubitorum
1082 5593 1368 5664 longitudo
1407 5610 1569 5660 arex,
1610 5605 1668 5653 et
1697 5593 2089 5666 quinquaginta

507 5681 822 5742 cubitorum
849 5684 1104 5749 latitudo,
1132 5695 1189 5740 et
1224 5685 1444 5755 triginta
1483 5688 1794 5751 cubitorum
1836 5685 2087 5747 altitudo.

583 5800 755 5861 "lsa.
801 5817 907 5867 xxv,
933 5802 984 5857 9.
1065 5798 1363 5864 "Cum",
1406 5799 1497 5855 3—3

2192 5132 2377 5195 αὑτὸν,
2407 5130 2678 5195 ἀνασώζει
2709 5130 2764 5183 δὲ
2799 5130 3038 5187 πανοικί.
3077 5132 3187 5184 Καὶ
3210 5131 3274 5203 δή
3310 5149 3475 5201 φησιν
3506 5132 3639 5203 πρὸς
3673 5132 3772 5184 αὑ-

2192 5226 2283 5279 τόν
2302 5242 2315 5255 ο
2353 5246 2369 5277 ι
2390 5224 2597 5296 Καιρὸς
2629 5224 2833 5288 παντὸς
2859 5223 3147 5293 ἀνθρώπου
3174 5224 3298 5295 ἥκει
3337 5225 3579 5278 ἐναντίον
3612 5223 3771 5294 ἐμοῦ,

2191 5319 2274 5371 ὃτι
2305 5318 2551 5389 ἐπλήσθη
2599 5318 2631 5387 ή
2679 5316 2751 5387 γῆ
2793 5314 3007 5380 ἀδικίας
3039 5316 3133 5369 ἀπ’
3160 5314 3359 5381 αὐτῶν,
3390 5316 3483 5369 καὶ
3520 5315 3628 5369 ἰδοῦ
3658 5312 3773 5381 ἐγὼ

2193 5407 2541 5480 καταφθείρω
2561 5409 2780 5471 αὐτοὺς,
2813 5408 2909 5461 καὶ
2932 5408 3031 5478 τὴν
3054 5406 3177 5477 γῆν.
3228 5406 3458 5476 Ποίησον
3496 5403 3589 5461 οῦν
3620 5424 3771 5460 σεαυο

2191 5499 2271 5570 τῷ
2299 5497 2530 5553 κιϐωτὸν
2553 5500 2616 5551 ὲκ
2655 5498 2827 5562 ξύλων
2859 5499 3238 5568 τετραγώνων·
3268 5497 3487 5561 νοσσιάς
3521 5500 3769 5570 ποιήσεις

2195 5588 2337 5643 κατὰ
2380 5587 2479 5660 τὴν
2508 5589 2759 5653 κιϐωτὸν,
2807 5588 2903 5641 καὶ
2952 5584 3329 5657 άσφαλτὼσεις
3362 5586 3532 5657 αὐτὴν
3563 5583 3770 5639 ἔσωθεν

2194 5697 2252 5732 τε
2286 5679 2377 5733 καὶ
2407 5678 2625 5748 ἔξωθεν,
2660 5681 2725 5748 τῇ
2774 5678 3052 5746 ἀσφάλτῳ.
3083 5674 3191 5729 Καὶ
3226 5674 3369 5731 οὕτω
3401 5675 3645 5746 ποιήσεις
3670 5671 3770 5743 τὴν
