4056 6260
545 347 614 404 59
1575 349 1631 404 s.
1671 344 1946 401 crsu.”
1988 342 2454 398 ALEXANDRINI
2492 343 2811 399 ARCHIEP.
3741 318 3806 389 eo

619 462 672 515 4.
709 459 848 516 Cum
882 462 1064 531 itaque
1101 477 1284 519 sermo
1328 466 1486 519 nobis
1523 465 1632 518 huc
1681 477 1857 532 usque
1889 461 1962 515 sit
2009 477 2134 530 per-

2307 461 2367 514 δ’.
2421 462 2747 530 ’Δφιγμένου
2774 461 2830 512 δὲ
2861 459 2957 530 ήδη
2990 459 3124 529 πρὸς
3153 459 3307 511 τοῦτο
3346 458 3473 528 ἡμῖν
3506 455 3597 508 τοῦ
3629 455 3804 522 λόγου,

545 549 782 615 ductus,
809 559 864 604 et
888 552 940 604 in
956 551 1114 607 nudae
1135 552 1334 608 litterae
1355 554 1669 607 narratione
1697 551 1962 605 historico
1989 565 2138 603 more

551 649 944 710 consumptus,
991 643 1130 696 nihil
1167 644 1314 697 ultra
1334 685 1348 709 ,
1381 653 1443 698 ut
1465 660 1566 714 ego
1601 643 1822 713 quidem
1864 641 2138 704 arbitror,

554 732 872 802 requiritur.
927 732 1038 803 Age
1081 734 1300 803 itaque,
1343 735 1557 805 singula
1606 749 1800 788 eorum
1844 747 1965 801 quae
1995 731 2140 786 dicta

555 831 684 877 sunt
708 823 886 891 capita
928 832 1280 893 repetentes,
1315 827 1587 880 occultam
1636 827 1784 879 intus
1834 824 1888 876 in
1923 823 1989 877 iis
2013 838 2142 876 con-

554 912 964 980 templationem
1043 914 1473 976 transferentes,
1544 913 1749 969 Christi
1819 911 2141 982 mysterium

552 1000 980 1065 concinnemus,
1007 1010 1064 1055 et
1095 1002 1290 1056 salutis
1322 1018 1419 1071 per
1446 1002 1621 1072 ipsum
1658 1001 1908 1070 praastitae
1952 999 2143 1068 imagi-

554 1105 678 1143 nem
691 1091 984 1160 quamdam
996 1107 1059 1146 ac
1074 1102 1256 1162 typum
1269 1093 1435 1147 fuisse
1447 1091 1798 1147 ostendamus
1810 1091 1922 1145 Noe
1940 1090 2138 1159 ipsum,

556 1181 883 1252 sapiensque
925 1192 1088 1252 atque
1122 1184 1398 1239 ineffabile
1442 1183 1509 1238 de
1558 1199 1683 1238 arca
1720 1182 1921 1237 divina:
1961 1181 2141 1250 provi-

555 1270 756 1326 dentiae
781 1274 1090 1328 consilium.
1131 1275 1300 1329 Natus
1323 1276 1507 1344 itaque
1541 1283 1625 1329 est
1650 1275 1764 1328 Noe
1787 1289 1852 1327 ex
1881 1273 2138 1337 Lamech,

555 1376 665 1415 non
680 1376 747 1414 eo
769 1361 862 1430 qui
884 1363 1061 1416 virum
1087 1372 1142 1417 et
1177 1363 1576 1417 adolescentem
1609 1363 1922 1426 occiderat,
1952 1363 2046 1417 sed
2074 1379 2140 1416 ex

552 1451 660 1504 alio
683 1451 926 1520 ejusdem
947 1451 1184 1506 nominis
1209 1467 1276 1506 ex
1295 1452 1447 1506 Seth.
1474 1452 1633 1507 Ortus
1662 1462 1844 1506 autem
1867 1460 1954 1506 est
1975 1453 2139 1506 etiam

553 1543 814 1596 Dominus
861 1552 1049 1598 noster
1094 1544 1256 1599 Jesus
1295 1543 1548 1598 Christus
1584 1560 1653 1598 ex
1701 1544 1902 1607 Israel,
1949 1553 2140 1598 sancto

548 1631 771 1699 quidem
812 1641 1037 1702 propter
1073 1643 1290 1702 patres,
1322 1641 1581 1687 caeterum
1615 1649 1682 1688 ex
1720 1635 1921 1704 populo
1960 1649 2142 1689 mores

550 1721 786 1776 Lamech
849 1723 1156 1784 referente,
1199 1729 1362 1791 atque
1405 1724 1648 1793 ejusdem
1701 1740 1824 1778 cum
1871 1724 2140 1778 homicida

550 1813 866 1877 sententiae,
905 1813 1148 1883 ejusdem
1188 1814 1353 1868 etiam
1394 1814 1632 1869 nominis
1661 1823 1930 1884 quatenus
1956 1815 2134 1869 horni-

552 1899 710 1953 cidaa.
752 1900 967 1956 Dictum
1007 1912 1190 1957 autem
1233 1914 1317 1958 est
1341 1893 1471 1958 alibi
1492 1903 1560 1958 ad
1602 1904 1818 1960 Iudaeos
1849 1923 1862 1957 :
1899 1924 1915 1954 ι
1962 1903 2135 1970 Quem

553 1991 943 2061 prophetarum
973 2011 1082 2054 non
1111 1997 1434 2052 occiderunt
1455 2006 1640 2066 patres
1657 1996 1825 2052 vestri
1845 1996 1928 2049 9"?
1957 2016 1974 2047 ι
2012 1997 2078 2049 Et
2104 2012 2134 2050 a

554 2082 808 2140 Christo:
855 2107 872 2137 ι
912 2088 981 2141 Ει
1018 2103 1117 2142 vos
1162 2089 1384 2159 implete
1440 2105 1750 2144 mensuram
1791 2098 2007 2158 patrum
2046 2103 2138 2141 ve-

552 2182 788 2231 strorum
811 2179 875 2232 9‘.
908 2198 926 2230 ι
944 2179 1087 2245 Quin
1106 2181 1270 2236 etiam
1297 2197 1394 2250 per
1408 2197 1596 2236 vocem
1619 2180 1769 2235 lsaiaa
1783 2180 1919 2234 aitzc
1951 2179 2136 2244 Quan-

551 2267 624 2321 do
671 2270 1034 2326 extenderitis
1085 2287 1282 2326 manus
1331 2280 1544 2326 vestras
1605 2271 1672 2324 ad
1720 2286 1842 2332 me,
1894 2277 2138 2324 avertam

551 2360 740 2414 oculos
773 2377 924 2415 meos
949 2376 978 2414 a
1013 2362 1205 2416 vobis:
1237 2371 1294 2417 et
1325 2364 1367 2415 si
1400 2361 1899 2429 multiplicaveritis
1933 2361 2139 2413 oratio-

555 2463 678 2502 nem
701 2489 714 2510 ,
746 2465 856 2504 non
888 2452 1176 2506 exaudiam
1207 2468 1337 2517 vos;
1369 2467 1565 2507 manus
1595 2452 1742 2506 enim
1783 2459 1980 2508 vestrae
2011 2467 2140 2507 san-

553 2540 718 2610 guine
742 2541 917 2610 plena:
939 2542 1048 2596 sint
1079 2543 1146 2594 ".
1181 2562 1198 2594 ι
1228 2543 1393 2612 Atqui
1425 2542 1537 2596 Noe
1571 2542 1898 2596 undecimus
1941 2543 2045 2596 fuit
2072 2559 2142 2597 ex

553 2630 746 2684 Adam.
773 2630 1026 2686 Christus
1055 2647 1190 2686 vero
1213 2647 1432 2686 rursum
1465 2632 1634 2687 veluti
1675 2632 1730 2686 in
1763 2632 1955 2687 ultimo
1979 2643 2142 2702 atque

558 2719 850 2775 undecimo
886 2730 1130 2790 tempore
1189 2738 1410 2777 carnem
1456 2724 1784 2793 assumpsit,
1837 2733 2142 2794 nostraeque

556 2812 750 2866 salutis
810 2813 1340 2869 administrationem
1389 2825 1474 2870 est
1540 2830 1719 2870 orsus.
1767 2815 1920 2882 Quod
1959 2820 2033 2871 ita
2085 2833 2144 2872 se

555 2903 792 2968 habere,
841 2921 1146 2974 verumque
1195 2921 1349 2972 esse,
1401 2907 1561 2961 facile
1599 2923 1666 2962 ex
1716 2909 1887 2963 sacris
1922 2908 2144 2964 Litteris

555 2995 834 3050 didiceris.
869 2998 962 3050 llle
995 2997 1143 3052 enim
1180 2999 1274 3067 qui
1325 2999 1607 3067 operarios
1635 2999 1888 3054 mercede
1931 3001 2142 3055 condu-

552 3103 684 3144 cens
708 3089 764 3143 in
793 3089 1009 3144 vineam
1031 3106 1185 3145 suam
1212 3091 1443 3146 vocabat
1463 3091 1599 3145 hora
1623 3091 1910 3146 undecima
1929 3134 1943 3157 ,
1980 3109 2144 3162 quos-
2169 3122 2212 3179 ο

554 3179 679 3233 dam
713 3180 784 3233 ita
820 3182 1188 3250 compellavit,
1211 3190 1403 3252 gentes
1441 3183 1702 3237 nimirum
1739 3202 1750 3236 :
1801 3202 1818 3234 ι
1857 3183 1999 3249 Quid
2037 3192 2147 3238 sta-

553 3270 630 3326 tis
642 3269 747 3338 33
773 3270 863 3324 hic
885 3279 994 3324 tota
1011 3271 1098 3324 die
1112 3272 1272 3326 otiosi
1293 3273 1338 3304 ⁹⁷
1352 3273 1402 3325 2»
1428 3273 1567 3341 Ipsis
1582 3288 1714 3326 vero
1740 3282 1927 3341 aperte
1955 3273 2145 3328 dicen-

557 3359 704 3414 tibus
742 3360 889 3428 quod
921 3376 1082 3415 nemo
1117 3378 1213 3416 eos
1244 3363 1594 3418 conduxisset
1648 3364 1832 3434 (nemo
1875 3363 2146 3433 siquidem

557 3460 685 3512 ante
716 3450 1014 3505 Salvatoris
1029 3453 1204 3507 nostri
1227 3453 1522 3508 adventum
1547 3463 1739 3524 gentes
1761 3454 1826 3508 ad
1849 3456 1943 3508 Dei
1965 3456 2150 3525 cogni-

559 3543 763 3596 tionem
801 3543 1059 3612 vocavit),
1098 3544 1330 3614 benigne
1368 3558 1432 3598 ac
1469 3545 1768 3600 clementer
1821 3547 2102 3616 respondit
2132 3565 2143 3600 :

567 3651 583 3681 ι
620 3633 698 3687 Ite
724 3642 782 3686 et
804 3649 899 3687 vos
928 3634 981 3687 in
1010 3634 1226 3688 vineam
1245 3675 1259 3699 ,
1296 3645 1354 3690 et
1374 3636 1741 3706 quodcunque
1762 3638 2146 3708 fueritjustum

558 3724 702 3778 dabo
723 3724 879 3779 vobis
895 3727 960 3778 ’3.
1001 3745 1017 3776 ι
1059 3727 1232 3780 Porro
1261 3728 1346 3782 lex
1377 3729 1542 3781 etiam
1578 3745 1676 3797 per
1719 3729 1938 3800 Moysen
1965 3730 2109 3783 edita
2131 3771 2146 3794 ,

558 3816 682 3886 agni
726 3817 1109 3871 mactationem
1175 3818 1242 3872 ad
1282 3834 1574 3888 vesperum
1627 3830 1682 3872 et
1735 3820 1804 3873 ad
1866 3821 2147 3874 lucernam

557 3907 742 3977 peragi
758 3907 942 3977 jussit.
971 3908 1251 3978 Siquidem
1277 3909 1495 3964 labente
1517 3909 1629 3979 jam
1649 3910 2052 3980 quodammodo
2081 3911 2148 3965 ad

558 4011 812 4052 occasum
859 4007 1138 4069 tempore,
1169 4015 1233 4055 ac
1286 4009 1495 4056 tantum
1531 4016 1640 4056 non
1679 4001 2036 4058 contrahente
2091 4018 2148 4056 SC

559 4098 828 4156 praesente
861 4093 1094 4156 saeculo,
1141 4093 1458 4162 unigenitus
1501 4093 1597 4147 Dei
1646 4093 1818 4148 Filius
1846 4094 2012 4148 homo
2066 4103 2150 4149 est

560 4177 768 4241 factus,
799 4188 1141 4250 mortemque
1160 4197 1260 4249 pro
1280 4185 1538 4236 omnibus
1568 4192 1653 4237 est
1666 4199 1986 4252 perpessus,
2015 4186 2152 4240 libe-

562 4284 691 4322 rans
718 4285 747 4322 a
782 4285 940 4337 paena
958 4277 1014 4324 et
1037 4271 1308 4339 supplicio
1329 4311 1344 4334 ,
1375 4281 1539 4339 atque
1560 4270 1630 4324 ab
1646 4272 1794 4325 omni
1819 4273 2148 4342 ejuscemodi

565 4368 713 4414 metu
746 4360 1060 4429 longissime
1104 4376 1394 4416 removens
1425 4377 1522 4416 eos
1575 4361 1671 4430 qui
1701 4361 1863 4416 fidem
1894 4377 2150 4432 suscepe-

2240 552 2315 614 ὡς
2366 553 2423 604 ὲν
2469 552 2742 621 ἀφηγήσει
2783 550 2966 602 λοιπὸν
3019 552 3083 620 τῇ
3141 548 3280 602 κατά
3334 547 3392 599 τὸ
3426 545 3659 615 γράμμα
3717 544 3806 594 καὶ

2242 643 2547 713 ίστορικῶς,
2567 642 2724 704 ἐνδεῖ,
2749 641 2824 704 ῶς
2839 657 2901 708 γε
2922 636 3094 710 οἶμαι,
3117 637 3389 699 παντελῶς
3407 635 3575 689 οὐδέν.
3591 635 3724 704 Φέρε
3743 633 3802 700 δὴ

2239 729 2334 786 οὖν
2361 735 2480 786 κατ’
2519 733 2662 802 τχνος
2717 733 2825 785 τῶν
2871 731 3172 802 εἰρημένων
3217 729 3315 800 τὴν
3360 728 3467 780 ἔσω
3492 723 3806 796 κεκρυμμέ-

2241 842 2336 896 νην
2374 823 2780 895 διακομίζοντες
2822 823 3076 892 θεωρίαν,
3127 821 3187 874 τὺ
3235 817 3470 890 Χριστοῦ
3513 818 3804 888 μυστήριον

2239 918 2671 987 διαπλάττωμεν,
2713 917 2806 970 καὶ
2847 916 2945 983 τῆς
2984 915 3050 967 δι’
3074 912 3238 967 αὑτοῦ
3305 909 3577 979 σωτηρίας
3625 908 3805 959 εἰκόνα

2239 1009 2572 1077 δεικνύωμεν
2615 1007 2739 1060 Νῶέ
2781 1023 2839 1059 τε
2873 1006 3056 1068 αὐτὸν,
3089 1004 3183 1057 καὶ
3221 1003 3318 1072 τὴν
3353 999 3446 1052 ἐπὶ
3483 1002 3546 1070 τῇ
3593 994 3804 1062 κιὸωτῷ

2243 1100 2413 1168 σοφὴν
2441 1099 2531 1151 καὶ
2559 1099 2869 1169 ἀπόρρητον
2909 1096 3238 1164 οἰκονομίαν.
3276 1089 3598 1158 Γεγέννηται
3630 1087 3805 1138 τοίνυν

2241 1190 2361 1244 Νῶε
2391 1191 2479 1244 διὰ
2508 1190 2718 1258 Λάμεχ,
2744 1188 2865 1258 οὐχὶ
2891 1185 2982 1239 τοῦ
3005 1180 3506 1256 προπεφονευκότος
3524 1178 3692 1246 ἄνδρα
3713 1175 3806 1227 καὶ

2243 1281 2543 1342 νεανίσκον,
2578 1279 2692 1331 ἀλλ’
2717 1275 2776 1341 ἐξ
2830 1275 3121 1345 ὁμωνύμου
3161 1270 3253 1324 τοῦ
3305 1271 3391 1324 διὰ
3447 1267 3573 1339 Σήθ.
3613 1267 3804 1332 ’Λνέφυ

2239 1372 2296 1424 δὲ
2329 1371 2424 1424 καὶ
2456 1372 2484 1423 ὁ
2527 1368 2729 1438 Κύριος
2772 1366 2930 1436 ἡμῶν
2976 1363 3182 1435 Ἰησοῦς
3219 1361 3451 1432 Χριστὸς
3476 1359 3534 1422 ἐξ
3568 1356 3803 1427 Ἰσραὴλ,

2239 1463 2398 1530 ἁγίου
2453 1462 2550 1531 μὲν
2594 1459 2681 1511 διά
2721 1459 2846 1520 τοὺς
2879 1457 3150 1528 πατέρας’
3182 1453 3237 1519 ἐξ
3286 1445 3804 1522 ὁμοτροποῦντοςδὲ

2240 1552 2370 1606 λαοῦ
2401 1551 2494 1603 τοῦ
2539 1549 2731 1619 Λάμεχ
2775 1548 2868 1600 καὶ
2899 1542 3405 1616 ὁμογνωμονοῦντας
3439 1539 3516 1609 τῷ
3546 1537 3804 1606 φονευτῇ·

2241 1643 2527 1713 ὁμωνύμου
2593 1656 2650 1691 τε
2705 1639 2803 1708 ήδη
2853 1636 2988 1690 καθὸ
3043 1636 3294 1704 φονευτῇ.
3338 1632 3564 1703 Εἴρηται
3607 1627 3662 1680 δέ
3708 1641 3807 1676 που

2242 1734 2378 1804 πρὸς
2419 1730 2738 1791 Ἰουδαίουςο
2782 1747 2800 1779 ι
2860 1727 2992 1780 Τίνα
3037 1727 3147 1778 τῶν
3197 1723 3490 1795 προφητῶν
3537 1721 3636 1772 οὑκ
3687 1720 3794 1770 ἀπ·

2177 1793 2216 1845 Β
2241 1793 2488 1878 ἐκτειναν
2524 1823 2573 1887 οἱ
2615 1819 2854 1890 πατέρες
2908 1815 3093 1888 ὑμῶν;
3120 1835 3138 1869 ι
3175 1793 3286 1868 καὶ
3324 1813 3477 1884 παρὰ
3535 1809 3808 1882 Χριστοῦ·

2243 1935 2260 1966 ι
2285 1915 2395 1968 Καὶ
2436 1913 2593 1983 ὑμεῖς
2633 1907 3061 1980 ἀναπληρώσατε
3095 1907 3157 1959 τὸ
3187 1905 3387 1975 μέτρον
3413 1903 3526 1954 τῶν
3550 1901 3807 1971 πατέρων

2238 2005 2453 2076 ὑμῶν.»
2494 2004 2602 2056 Kal.
2657 2001 2761 2072 μὴν
2825 2002 2918 2053 καὶ
2964 1998 3053 2052 διὰ
3101 1997 3283 2067 φωνῆς
3339 1993 3558 2048 Ἡσαΐου
3612 1991 3808 2061 φησίν·

2252 2117 2270 2148 ι
2296 2097 2462 2148 Ὅταν
2494 2095 2591 2156 τὰς
2643 2096 2833 2164 χεῖρας
2889 2091 3164 2160 ὲκτείνητε
3188 2079 3322 2158 πρὸς
3365 2085 3453 2157 μὲ,
3483 2082 3812 2153 ἀποστρέψω

2237 2190 2361 2251 τοὺς
2400 2186 2711 2256 ὀφθαλμούς
2765 2202 2864 2254 μου
2915 2184 3006 2252 ἀφ’
3031 2181 3212 2252 ὑμῶν’
3248 2178 3343 2232 καὶ
3376 2176 3471 2230 ὲάν
3506 2175 3811 2245 πληθύνητε

2238 2282 2336 2350 τὴν
2368 2280 2572 2349 δέησιν,
2603 2277 2703 2330 οὐκ
2733 2274 3121 2343 είσακούσομαι
3177 2269 3349 2342 ὑμῶν·
3397 2271 3454 2322 αἱ
3501 2266 3607 2336 γὰρ
3633 2268 3814 2336 χεῖρες

2242 2371 2396 2440 ὑμῶν
2460 2369 2693 2438 αἵματος
2749 2366 2992 2436 πλήρεις.
3020 2383 3036 2413 ι
3092 2363 3201 2414 Καὶ
3250 2360 3531 2422 ἑνδέκατος
3587 2358 3684 2429 μὲν
3760 2357 3815 2422 ἐξ

2253 2465 2422 2532 Ἀδὰμ
2442 2463 2470 2514 ὁ
2492 2460 2642 2513 Νῶε·
2676 2457 2908 2526 Χριστὸς
2937 2455 2994 2507 δὲ
3024 2454 3086 2524 δὴ
3123 2453 3282 2506 πάλιν
3308 2451 3382 2513 ὡς
3413 2452 3470 2503 ἐν
3505 2450 3720 2519 ἐσχάτῳ
3757 2464 3813 2499 τε

2242 2557 2335 2610 καὶ
2370 2552 2639 2622 ἑνδεκάτῳ
2687 2549 2863 2620 καιρῷ
2897 2547 3222 2617 γεγέννηται
3273 2543 3415 2598 κατὰ
3474 2543 3674 2613 σάρκα,
3726 2541 3814 2594 καὶ

2241 2647 2340 2716 τῆς
2372 2645 2458 2713 ἐφ’
2490 2644 2620 2712 ἡμῖν
2666 2639 2975 2710 οἰκονομίας
3029 2638 3276 2708 ἄρχεται.
3313 2635 3483 2688 Τοῦτο
3521 2634 3566 2686 δ’
3613 2631 3680 2685 ἂν
3715 2632 3814 2701 μά-

2245 2736 2356 2799 θοις
2377 2729 2477 2787 ὧδὲ
2512 2750 2570 2785 τε
2607 2731 2748 2800 ἔχειν
2778 2731 2870 2782 καὶ
2900 2728 3113 2798 ἀληθὲς,
3144 2728 3225 2779 ὅτι
3258 2725 3434 2792 πάντη
3465 2740 3524 2776 τε
3556 2723 3649 2775 καὶ
3683 2721 3815 2775 πάν-

2243 2845 2351 2892 τως
2372 2828 2534 2896 ἐρεῖς,
2565 2824 2671 2876 ἀπό
2697 2839 2760 2891 γε
2784 2820 2892 2873 τῶν
2925 2819 3082 2891 ἱερῶν
3113 2816 3464 2888 Γραμμάτων
3521 2815 3815 2867 ἀναπεπει-

2249 2917 2462 2988 σμένος.
2508 2916 2567 2966 Ὀ
2611 2913 2719 2982 γάρ
2751 2928 2830 2962 τοι
2855 2911 2978 2970 τοὺς
3009 2908 3244 2978 ἐργάτας
3284 2906 3362 2969 είς
3397 2904 3487 2955 τὸν
3521 2900 3820 2971 ἀμπελῶνα

2251 3007 2608 3080 μισθούμενος
2644 3007 2701 3057 ὲν
2740 3002 2856 3072 ὥρᾳ
2878 3003 2944 3070 τῇ
2980 2998 3240 3068 ἑνδεκάτῃ
3265 2992 3702 3067 προσπεφώνηκέ
3729 3009 3814 3080 τι.

2250 3074 2332 3150 σιν
2359 3113 2370 3126 ’
2403 3074 2547 3149 οῦτοι
2570 3094 2614 3147 δ’
2649 3091 2714 3144 ἂν
2740 3087 2848 3144 εἷεν
2874 3090 2922 3141 οἱ
2957 3086 3016 3152 ἐξ
3045 3085 3236 3148 ἐθνῶν,
3285 3101 3303 3135 ι
3327 3083 3392 3136 Τί
3430 3082 3698 3151 ἑστήκατε
3722 3074 3819 3132 ὦδε

2252 3189 2379 3258 ὃλην
2411 3187 2507 3256 τὴν
2542 3184 2752 3254 ἡμέραν
2785 3179 2978 3250 ἀργοῖς
3007 3199 3025 3230 ι
3062 3177 3182 3229 Τῶν
3204 3175 3260 3228 δὲ
3288 3172 3589 3242 ἀναφανδὸν
3614 3170 3822 3240 εἰρηκό-

2255 3296 2386 3340 των,
2412 3279 2494 3328 ὄτι
2517 3275 2699 3336 υὺδεὶς
2737 3273 2884 3342 ἡμᾶς
2919 3268 3262 3340 ἐμισθώσατο
3285 3281 3300 3296 ’
3335 3263 3569 3334 κέκληκε
3599 3261 3712 3332 γὰρ
3740 3260 3824 3313 οὐ·

2253 3372 2364 3432 δεὶς
2393 3368 2498 3439 πρὸ
2534 3368 2628 3436 τῆς
2671 3365 2764 3417 τοῦ
2812 3363 3065 3432 Σωτῆρος
3094 3358 3252 3430 ἡμῶν
3284 3356 3580 3426 ἐπιδημίας
3606 3357 3688 3417 είς
3721 3354 3825 3407 Geo-

2252 3460 2486 3530 γνωσίαν
2545 3459 2612 3512 τὰ
2667 3456 2824 3526 ἔθνη·
2884 3452 3134 3524 χρηστῶς
3193 3450 3284 3504 καὶ
3341 3446 3817 3518 φιλοικτιρμόνως,

2258 3571 2276 3602 ι
2314 3550 2580 3618 Ὑπάγετε
2608 3548 2702 3601 καὶ
2741 3547 2916 3616 ὑμεῖς,
2944 3564 2962 3594 ι
2999 3544 3183 3613 φησὶν,
3227 3542 3344 3604 «είς
3381 3539 3473 3592 τὸν
3505 3536 3822 3608 ἀμπελῶνα,

2252 3643 2348 3696 καὶ
2375 3642 2402 3694 ὃ
2438 3639 2531 3694 ἐὰν
2655 3637 2883 3701 δίκαιον,
2925 3633 3080 3687 δώσω
3133 3633 3282 3702 ὑμῖν.
3307 3649 3325 3681 ι
3385 3629 3540 3684 Καὶὸ
3571 3626 3660 3680 διὰ
3696 3629 3823 3680 Μω-

2255 3734 2389 3796 σέως
2418 3733 2582 3802 νόμος
2611 3729 2709 3800 τὴν
2732 3726 2827 3781 τοῦ
2858 3726 3132 3797 προϐάτου
3162 3722 3376 3793 σφαγὴν
3417 3720 3691 3790 ἀναμέσον
3721 3719 3826 3770 τῶν

2254 3821 2577 3893 ἑσπερινῶν,
2615 3819 2751 3890 πρὸς
2796 3817 3038 3888 ἑσπέραν
3066 3831 3124 3867 τε
3176 3812 3271 3866 καὶ
3305 3812 3410 3864 ὑπὸ
3446 3809 3676 3880 λύχνους
3727 3808 3824 3879 ’ήδη

2252 3914 2520 3969 τελεῖσθαι
2567 3910 2954 3980 προστέταχεν.
3001 3907 3179 3960 Οἱονεὶ
3219 3904 3328 3975 γάρ
3366 3919 3482 3965 πως
3526 3901 3612 3954 ἐπ’
3639 3901 3827 3961 αὑταῖς

2253 4009 2351 4081 ήδη
2398 4007 2630 4075 δυσμαῖς
2676 4003 2902 4072 ἥκοντος
2951 4000 3045 4052 τοῦ
3089 3995 3306 4067 καιροῦ,
3345 3993 3626 4066 μονονουχὶ
3651 3991 3710 4044 δὲ
3739 3992 3827 4044 καὶ

2255 4094 2678 4164 συστελλομένου
2715 4090 2900 4145 λοιπὸν
2939 4089 3034 4142 τοῦ
3064 4086 3328 4158 παρόντος
3358 4083 3570 4149 αἰῶνος,
3605 4082 3827 4150 γέγονεν

2253 4189 2534 4260 ἄνθρωπος
2564 4189 2592 4241 ὁ
2612 4183 2923 4252 Μονογενὴς
2953 4178 3047 4234 τοῦ
3077 4177 3211 4232 Θεοῦ
3239 4177 3433 4245 Λόγος,
3451 4175 3545 4228 καὶ
3573 4175 3670 4244 τὴν
3693 4173 3827 4240 ὑπὲρ

2256 4283 2469 4336 πάντων
2492 4281 2686 4348 ἀνέτλη
2718 4276 2950 4346 σφαγὴν,
2981 4271 3172 4342 ποινῆς
3197 4271 3292 4323 καὶ
3324 4271 3480 4340 δίκης
3509 4265 3824 4333 ἐλευθερῶν.

2258 4373 2351 4427 καὶ
2383 4370 2581 4432 παντὸς
2639 4367 2734 4420 τοῦ
2794 4365 3001 4418 τοιοῦδε
3055 4362 3308 4431 δείματος
3356 4357 3628 4412 ἀπωτάτω
3660 4354 3828 4414 τιθεὶς

565 4450 692 4505 rint.
739 4451 858 4521 Ipse
899 4453 1047 4507 enim
1075 4469 1241 4508 verus
1272 4462 1356 4508 est
1379 4454 1526 4519 Noe,
1566 4454 1672 4510 hoc
1696 4463 1808 4520 est,
1843 4455 2056 4525 justitia
2098 4464 2146 4509 el

2257 4469 2382 4529 τοὺς
2433 4461 2886 4522 πεπιστευκότας.
2921 4455 3091 4518 Αὐτὸς
3135 4455 3240 4524 γάρ
3285 4454 3430 4504 ἐστιν
3471 4451 3499 4502 ὁ
3536 4446 3677 4500 κατὰ
3703 4445 3828 4513 ἀλή-

565 4542 784 4612 requies
819 4561 830 4595 :
861 4544 968 4599 hoc
1023 4545 1170 4599 enim
1235 4561 1436 4600 nomen
1487 4547 1665 4615 ipsum
1735 4546 2148 4616 interpretatur.

572 4634 906 4690 «Justiﬁcati
946 4638 1150 4691 etenim
1195 4654 1421 4704 sumus,
1468 4638 1770 4694 secundum
1806 4638 2150 4708 Scripturas,

566 4737 677 4777 non
697 4737 764 4776 ex
783 4725 1043 4792 operibus
1057 4726 1285 4795 justilire‘
1305 4769 1318 4791 ,
1345 4744 1466 4797 qua:
1494 4729 1724 4783 fecimus
1741 4742 1860 4790 nos,
1889 4727 1983 4781 sed
1999 4729 2153 4796 juxta

569 4829 816 4884 magnam
847 4815 1018 4884 ipsius
1051 4817 1551 4873 misericordiam”.
1589 4839 1606 4870 ι
1638 4819 1835 4873 Factus
1860 4819 2044 4887 itaque
2068 4827 2154 4873 est

567 4905 727 4960 nobis
747 4906 1328 4978 credentibusjustitia
1347 4911 1599 4964 Christus
1622 4951 1636 4974 ,
1663 4926 1764 4964 nec
1785 4927 1893 4964 non
1911 4911 2152 4980 requies,

566 4996 612 5050 si
647 4997 811 5050 modo
847 5014 976 5053 vere
1006 4999 1212 5054 dicitur
1245 5018 1257 5052 :
1297 5019 1313 5049 ι
1345 5000 1499 5066 Quod
1541 5003 1752 5071 languit
1792 5001 1906 5070 ipse
1932 5009 2154 5070 propter

566 5085 885 5154 iniquitates
915 5095 1131 5141 nostras
1152 5130 1165 5152 ,
1200 5097 1257 5142 et
1296 5097 1519 5158 propter
1548 5099 1771 5159 peccata
1821 5100 2006 5145 nostra
2041 5101 2154 5145 tra-

566 5177 713 5234 ditus
733 5187 837 5245 est,
870 5189 926 5234 et
951 5180 1129 5236 vibice
1163 5182 1283 5251 ejus
1336 5196 1529 5236 omnes
1575 5183 1750 5236 sanati
1799 5199 1988 5237 sumus
2023 5201 2033 5235 :
2065 5191 2154 5244 et,

568 5269 829 5326 Dominus
878 5271 1107 5326 tradidit
1152 5273 1331 5342 ipsum
1379 5289 1479 5342 pro
1545 5274 1786 5343 peccatis
1832 5275 2074 5336 nostris,
2131 5294 2148 5325 ι

563 5360 716 5427 juxta
761 5365 1046 5432 prophetae
1085 5381 1281 5420 vocem
1309 5366 1346 5417 ¹.
1375 5365 1514 5420 Cum
1557 5365 1746 5434 itaque
1773 5365 2026 5420 Christus
2060 5381 2159 5434 pro

570 5451 729 5504 nobis
754 5467 947 5521 passus
980 5457 1053 5510 sit
1089 5457 1418 5521 carnaliter,
1456 5456 1601 5511 beati
1637 5464 1802 5527 atque
1853 5456 2159 5511 admirandi

569 5556 776 5598 sumus.
805 5545 948 5611 Quid
983 5549 1130 5602 enim
1168 5567 1279 5605 non
1313 5552 1581 5621 ejusmodi
1621 5551 1900 5606 consecuti
1937 5565 2160 5613 sumus,

641 5658 688 5688 ”
714 5658 829 5712 Act.
867 5676 936 5713 vn
961 5701 975 5720 ,
1013 5662 1097 5714 52.
1209 5666 1254 5695 "
1281 5663 1465 5717 Matth.
1519 5666 1783 5726 “111,31”.

576 5727 592 5757 ⁵
623 5727 725 5784 13a.
761 5745 870 5793 Lm,
899 5730 948 5795 5,
975 5732 1023 5785 6.

1887 5666 1930 5694 "‘
1971 5663 2070 5714 lsa.
2099 5679 2134 5725 1,
2168 5663 2248 5715 lii.

2258 4561 2409 4614 θειαν
2440 4557 2586 4619 Νῶε,
2633 4554 2933 4615 τουτέστιν,
2968 4551 3001 4619 ἡ
3043 4545 3355 4614 δικαιοσύνη
3410 4542 3502 4595 καὶ
3529 4545 3561 4611 ἡ
3589 4540 3829 4592 ἀνάπαυ-

2259 4669 2374 4716 σις*
2433 4645 2790 4719 ἑρμηνεύεται
2855 4640 2964 4711 γὰρ
2999 4634 3098 4692 ὧδε
3141 4638 3214 4689 ’τὸ
3253 4636 3439 4705 ὄνομα.
3503 4653 3520 4684 ι
3546 4626 3828 4684 Δεδικαιώ-

2263 4742 2400 4815 μεθα
2429 4740 2560 4809 γὰρ,
2606 4737 2749 4790 κατὰ
2781 4733 2878 4796 τάς
2910 4729 3152 4803 Γραφὰς,
3184 4729 3302 4819 οῦκ-
3331 4724 3389 4819 εξ
3427 4725 3602 4819 ἔργων
3627 4720 3830 4819 ’δικαιο-

2258 4809 2444 4900 σύνης,
2492 4821 2564 4880 ὧν
2600 4825 2934 4892 ἐποιήσαμεν
2985 4819 3167 4888 ἡμεῖς,
3223 4814 3356 4866 ἀλλὰ
3418 4810 3560 4864 κατὰ
3593 4809 3654 4860 τὸ
3699 4809 3830 4900 πολὺ

2253 4896 2418 4977 αὐτοῦ
2449 4919 2614 4978 ἕλεος.
2641 4935 2658 4966 ι
2693 4913 2887 4980 Γέγονε
2919 4910 3098 4962 τοίνυν
3125 4909 3259 4976 ἡμῖν
3290 4906 3403 4965 τοῖς
3441 4896 3832 4954 πεπιστευκόσι

2253 4987 2568 5077 δικαιοσύνη
2608 5004 2863 5076 Χριστὸς,
2895 5001 2992 5054 καὶ
3043 4999 3150 5070 μὴν
3195 4998 3290 5050 καὶ
3316 4995 3644 5053 ἀνάπαυσις,
3677 4987 3833 5077 εἰπερ

2256 5103 2402 5157 ἐστὶν
2431 5075 2670 5169 ἀληθὲς,
2694 5115 2711 5146 ι
2744 5097 2832 5158 Ὠς
2861 5093 3264 5164 μεμαλάκισται
3299 5087 3396 5156 μὲν
3426 5083 3589 5143 αὐτὸς
3622 5078 3710 5169 διὰ
3738 5075 3831 5135 τὰς

2258 5187 2488 5256 ἀνομίας
2527 5168 2711 5255 ἡμῶν,
2754 5183 2849 5234 καὶ
2904 5181 2990 5233 διὰ
3049 5178 3150 5242 τὰς
3182 5173 3457 5247 ἁμαρτίας
3515 5168 3671 5240 ἡμῶν
3703 5180 3832 5232 παρ-

2259 5255 2437 5350 εδόθη,
2478 5281 2570 5330 καὶ
2619 5275 2695 5346 τῷ
2749 5273 2976 5345 μώλωπι
3006 5271 3170 5326 αὑτοῦ
3218 5271 3374 5338 ἡμεῖς
3421 5265 3664 5359 ἰάθημε-ν.
3694 5255 3830 5359 ~lia-‘1.

2261 5370 2465 5441 Κύριος
2519 5367 2834 5439 παρέδωκεν
2889 5364 3049 5417 αὑτὸν
3098 5364 3214 5424 ταῖς
3263 5357 3558 5428 ἁμαρτίαις
3604 5353 3824 5441 ἡμῶν,ι

2263 5459 2406 5514 κατά
2453 5459 2550 5527 τὴν
2607 5457 2698 5511 τοῦ
2751 5457 3030 5526 προφήτου
3096 5455 3296 5523 φωνήν.
3337 5445 3574 5520 Χριστοῦ
3605 5440 3696 5498 οὖν
3729 5455 3828 5490 πα-

2267 5549 2447 5611 θόντος
2478 5546 2616 5617 ὑπὲρ
2649 5547 2805 5615 ἡμῶν
2838 5547 3019 5614 σαρκὶ,
3051 5545 3311 5613 μακάριοι
3340 5541 3432 5592 καὶ
3458 5534 3828 5602 ἀξιοζήλωτοι.

2349 5664 2393 5692 ⁸⁷
2424 5661 2614 5715 Matth.
2658 5676 2743 5723 xx,
2771 5659 2820 5711 6.
2930 5659 2975 5688 °"
3008 5655 3147 5710 lhirl.
3187 5656 3237 5706 7.
3343 5653 3389 5683 ”
3415 5651 3571 5704 Rom.
3629 5663 3704 5709 tu,
3740 5644 3826 5697 ει.
