4056 6260
271 310 332 364 6|
1291 305 1812 363 GlAP-IIYRORUII
1851 307 1919 363 IN
1956 309 2256 367 GENESIM
2296 309 2423 365 LIB.
2464 310 2529 365 II.
3461 302 3531 358 62

276 426 384 479 Καὶ
408 423 457 476 τί
497 423 639 494 7&9;
678 423 802 494 οὐχὶ
831 423 941 475 τῶν
980 422 1199 477 τοιῶνδε
1248 422 1721 494 μετακεκλήμεθα,
1756 424 1844 477 καὶ

1951 427 2267 483 οωιεςιίδιιε
2292 426 2453 483 donis
2488 427 2800 489 aﬂuentes,
2825 438 3124 494 eorumque
3150 422 3528 492 participatio-

273 513 386 567 τῶν
424 514 698 585 οὐρανίων
747 513 1101 584 χαρισμάτων
1146 513 1605 584 ητατρυφῶμεν,
1632 514 1725 568 καὶ
1749 530 1849 568 κα-

276 605 689 674 ταπλουτοῦμεν
738 604 837 674 τὴν
891 603 1126 675 μέθεξιν,
1179 606 1274 658 καὶ
1314 606 1377 658 τὸ
1430 606 1697 676 δυσαχθὲς
1747 607 1850 675 τῆς

278 694 573 765 ἁμαρτίας,
604 691 963 756 ἀποϐαλόντες
994 692 1232 763 φορτίον,
1262 693 1523 762 ἀνιέμεθα
1556 692 1741 746 λοιπὸν
1770 694 1851 754 είς

278 783 582 854 εὐημερίαν
610 783 1024 853 πνευματικήν;
1068 780 1282 836 Ἑκάλει
1309 783 1417 855 γὰρ
1449 784 1594 853 ἡμᾶς
1625 784 1707 846 είς
1729 784 1852 837 τοῦ-

276 893 345 929 το
373 877 543 943 λέγων
572 875 733 937 αὑτός
752 873 973 927 οιΔεῦτε
998 874 1135 945 πρὸς
1168 874 1261 943 μὲ,
1295 875 1499 938 πάντες
1521 876 1573 927 οἱ
1604 874 1848 928 κοπιῶν-

280 982 372 1028 τες
444 963 534 1017 καὶ
608 963 1048 1034 πεφορτισμένοι,
1113 963 1270 1030 κάγὼ
1320 965 1620 1018 ἀναπαύσω
1683 967 1845 1035 ὑμᾶς.

286 1058 484 1123 ⁸Ἄρατε
536 1054 627 1107 τὸν
681 1054 842 1122 ζυγόν
889 1072 992 1125 μου
1040 1055 1126 1123 ἐφ’
1154 1058 1317 1126 ὑμᾶς,
1369 1058 1465 1111 καὶ
1509 1057 1709 1127 μάθετε
1753 1060 1848 1112 ἀπ’

277 1144 414 1215 ἐμοῦ
460 1147 542 1198 ὅτι
592 1145 766 1215 πρᾶός
806 1147 921 1217 εἰμι
970 1148 1063 1199 καὶ
1095 1148 1348 1211 ταπεινὸς
1388 1151 1455 1219 τῇ
1495 1149 1714 1219 καρδίᾳ,
1756 1150 1850 1205 καὶ

278 1235 534 1305 εὑρήσετε
579 1234 887 1287 ἀνάπαυσιν
934 1236 1055 1298 ταῖς
1086 1234 1285 1305 ψυχαῖς
1328 1235 1501 1305 ὑμῶν.
1525 1255 1543 1287 ι
1574 1237 1699 1291 Ὀτι
1740 1237 1850 1308 7&9

276 1323 501 1392 ἔμελλεν
529 1322 841 1378 ἀναπαῦσαι
872 1326 1020 1395 ἡμᾶς
1058 1325 1088 1376 ὁ
1113 1324 1368 1394 Χριστὸς,
1389 1326 1484 1379 καὶ
1509 1328 1540 1378 ὁ
1574 1326 1849 1398 ἀρχάγγε-

275 1415 367 1478 λος
411 1414 652 1484 Γαϐριὴλ
692 1414 1063 1485 προανεφώνει
1088 1419 1157 1487 τῇ
1204 1417 1338 1486 ἁγία
1367 1418 1629 1491 Παρθένῳ
1654 1420 1848 1488 λέγων’

286 1528 303 1559 ι
333 1506 424 1578 Μὴ
449 1505 638 1575 φοϐοῦ,
667 1506 924 1577 Μαριάμ·
954 1502 1113 1578 εὗρες
1137 1507 1246 1579 7&9
1266 1508 1426 1579 χάριν
1445 1510 1593 1581 παρά
1606 1510 1683 1580 τῷ
1707 1510 1846 1581 Bup-

277 1599 374 1653 καὶ
420 1599 529 1652 ἰδοὺ
574 1599 818 1670 συλλήψῃ
859 1600 916 1652 ὲν
953 1601 1168 1670 γαστρὶ,
1212 1601 1308 1670 ,καὶ
1353 1600 1527 1665 τέξεις
1573 1603 1687 1657 υίόν
1709 1620 1722 1633 ·
1753 1604 1852 1657 καὶ

279 1691 531 1755 καλέσεις
560 1690 624 1745 τὸ
651 1690 823 1762 ὄνομα
849 1691 1013 1745 αὐτοῦ
1050 1690 1248 1762 Ἰησοῦν
1268 1710 1281 1723 ·
1323 1694 1486 1757 αὐτὸς
1527 1695 1637 1763 7&9
1682 1694 1847 1748 σώσει

1910 590 1915 597 ι
1951 533 2077 573 nem
2099 519 2314 588 adepti,
2373 527 2431 572 et
2485 518 2699 588 abjecto
2751 516 3082 587 ‘gravissimo
3126 514 3334 585 peccati
3374 514 3526 584 iugo,

1948 625 2132 665 nonne
2166 611 2435 679 spirituali
2488 609 2742 679 deinceps
2791 608 3051 663 felicitate
3098 606 3362 661 fruimur?
3405 606 3527 676 Ipse

1947 699 2097 754 enim
2136 714 2239 754 nos
2289 700 2357 754 ad
2403 700 2508 754 hoc
2547 699 2791 763 vocavit,
2829 698 3060 753 dicens:
3103 717 3122 748 ι
3154 697 3411 752 Accedite
3456 698 3526 752 ad

1948 805 2058 854 me,
2081 804 2273 844 omnes
2293 790 2387 860 qui
2410 789 2672 844 laboratis
2695 798 2753 844 et
2773 788 2984 845 onerati
3006 789 3161 853 estis,
3181 797 3235 842 et
3254 805 3354 859 ego
3379 788 3524 843 refo-

1947 880 2148 936 ciliabo
2184 895 2300 934 vos.
2328 879 2523 934 Tollite
2556 881 2746 949 jugum
2783 895 2966 934 meum
2999 894 3164 949 super
3191 896 3287 934 vos
3307 921 3321 945 ,
3358 890 3413 935 et
3437 880 3526 934 di-

1946 972 2083 1027 scite
2111 986 2252 1026 ame
2275 972 2405 1042 quia
2427 971 2578 1027 milis
2598 986 2719 1025 sum
2751 979 2807 1025 et
2830 970 3053 1024 humilis
3074 969 3260 1033 corde,
3280 979 3335 1025 et
3369 972 3526 1025 inve-

1947 1063 2113 1117 nietis
2146 1063 2393 1132 requiem
2447 1062 2736 1117 animabus
2777 1063 2975 1131 vestris
3019 1064 3062 1113 ³.
3104 1081 3121 1113 ι
3167 1061 3323 1126 Quod
3376 1062 3523 1115 enim

1947 1154 2190 1223 quietem
2214 1153 2375 1209 nobis
2396 1153 2627 1209 daturus
2643 1163 2791 1208 esset
2806 1153 3060 1208 Christus
3077 1192 3091 1215 ,
3117 1151 3335 1207 Gabriel
3358 1152 3523 1207 etiam

1947 1245 2307 1315 archangelus
2322 1253 2524 1300 sanctae
2543 1245 2750 1315 Virgini
2766 1245 2846 1299 sic
2865 1244 3141 1314 praedixit:
3170 1262 3187 1294 ι
3210 1243 3288 1298 Ne
3307 1243 3522 1306 timeas,

1948 1324 2148 1392 Maria:
2172 1338 2428 1393 invenisti
2455 1338 2603 1392 enim
2642 1339 2869 1409 gratiam
2899 1337 3042 1407 apud
3076 1337 3265 1391 Deum.
3292 1336 3360 1390 Et
3395 1352 3524 1391 ecce

1946 1429 2225 1499 concipies
2261 1430 2316 1483 in
2353 1439 2542 1493 utero,
2567 1437 2625 1484 et
2660 1431 2840 1499 paries
2867 1428 3070 1493 ﬁlium,
3103 1438 3160 1483 et
3187 1428 3408 1483 vocabis
3426 1440 3525 1482 no-

1947 1536 2073 1575 men
2100 1522 2219 1592 ejus
2245 1520 2451 1575 Iesum.
2486 1520 2607 1590 Ipse
2650 1521 2798 1574 enim
2831 1521 3040 1574 salvum
3070 1520 3237 1574 faciet
3263 1519 3523 1588 populum

1947 1625 2106 1665 suum
2128 1625 2158 1663 a
2182 1609 2419 1678 peccatis
2451 1608 2565 1663 suis
2584 1611 2622 1662 ³.
2660 1628 2679 1660 ι
2712 1608 3023 1674 Quinetiam
3053 1608 3224 1662 divini
3245 1608 3526 1677 propheta.-

1947 1698 2190 1768 requiem
2211 1713 2310 1767 per
2322 1698 2501 1767 ipsum
2516 1706 2836 1752 eventuram
2855 1705 3108 1751 accurate
3123 1696 3521 1766 praedixerunt;

278 1781 369 1837 τὸν
398 1782 526 1835 λαὸν
569 1780 738 1837 αὑτοῦ
800 1782 906 1836 ἀπὸ
958 1782 1065 1836 τῶν
1117 1784 1402 1854 αμαρτιῶν
1452 1762 1652 1839 αὐτῶν.
1678 1805 1697 1837 ι
1734 1786 1844 1840 Καὶ

1948 1762 2182 1857 quorum
2212 1762 2398 1843 unus:
2434 1807 2453 1839 ι
2495 1786 2754 1853 Conﬁde,
2806 1806 2825 1839 ι
2870 1787 3084 1858 inquit,
3123 1762 3145 1838 ἓ
3188 1785 3359 1850 Sion,
3414 1803 3523 1843 non

282 1872 391 1941 μὴν
412 1872 509 1926 καὶ
531 1873 582 1926 oi
610 1871 886 1927 θεσπέσιοι
938 1874 1217 1945 προφῆται
1244 1876 1344 1944 τὴν
1372 1876 1441 1927 δι’
1479 1876 1645 1930 αὐτοῦ
1682 1893 1843 1946 γενη.

280 1965 514 2035 σομένην
557 1964 867 2020 ἀνάπαυσιν
905 1969 1322 2036 προαναφωνεῖν
1384 1967 1731 2032 ἐσπούδαζον.
1789 1970 1847 2022 Ὀ

284 2052 385 2121 μὶν
403 2053 515 2125 7&9
548 2052 758 2124 ῐφασκε
779 2071 794 2087 ο
869 2054 1138 2125 «θάρσει,
1179 2052 1335 2119 Σιὼν,
1363 2055 1438 2125 μὴ
1472 2057 1847 2126 παρείσθωσαν

284 2144 343 2195 αί
389 2144 568 2213 χεῖρές
619 2160 737 2208 σου,
784 2144 1036 2216 Κύριοςὸ
1065 2143 1197 2208 Oed;
1233 2160 1327 2198 σου
1373 2146 1431 2199 ὲν
1467 2147 1550 2199 σοὶ
1598 2147 1840 2211 δυνατὸς,

285 2232 453 2287 σώσει
483 2251 563 2294 σε,
586 2237 1007 2307 καὶάνακαινιεῖ
1031 2253 1089 2290 σε
1115 2238 1173 2290 ὲν
1198 2240 1263 2309 τῇ
1301 2238 1576 2309 ἀγαπήσει
1601 2238 1784 2295 αὑτοῦ.
1816 2258 1835 2291 ο

290 2324 522 2390 Ἡσαΐας
549 2326 607 2380 δὲ
637 2323 705 2381 οὗ
730 2327 1012 2398 μονονουχὶ
1039 2331 1129 2382 καὶ
1153 2331 1212 2382 ιν
1238 2326 1361 2398 ὄψει
1389 2328 1576 2384 λοιπὸν
1608 2332 1844 2384 ἰποιεῖτο

273 2417 486 2485 λέγων’
546 2437 565 2469 ι
596 2416 891 2488 Ἱσχύσατε,
923 2421 1103 2490 χεῖρες
1143 2420 1457 2490 ἀνειμένοι,
1506 2423 1600 2476 καὶ
1637 2423 1842 2489 γόνατα

270 2509 718 2581 παραλελυμὲνα,
744 2510 1186 2582 παρακαλέσατε,
1207 2514 1257 2566 oi
1293 2511 1602 2583 ὄλιγόψυχοι
1636 2517 1702 2584 τῇ
1728 2515 1843 2568 δια-

271 2602 412 2673 νοίᾳ,
465 2601 741 2672 ἰσχύσατε,
792 2602 869 2672 μὴ
930 2601 1199 2670 φοϐεῖσθε.
1242 2604 1372 2658 Ἰδοὺ
1417 2607 1448 2658 ὁ
1486 2604 1617 2668 Θεὸς
1652 2605 1840 2676 ἡμῶν.

285 2695 417 2749 Ἰδοὺ
460 2694 664 2766 Κύριος
712 2696 852 2767 μετά
898 2694 1082 2765 ἰσχύος
1126 2693 1365 2765 ιρχεται,
1402 2695 1498 2747 καὶ
1543 2697 1571 2747 ὁ
1603 2695 1842 2766 βραχίων

277 2783 419 2855 μετὰ
461 2786 708 2857 κυρείας.
746 2786 837 2850 Ὧς
873 2788 903 2840 ὁ
954 2784 1159 2855 ποιμὴν
1210 2788 1469 2855 ποιμανεῖ
1492 2785 1555 2840 τὸ
1589 2787 1842 2856 ποίμνιον

274 2874 462 2940 αὐτοῦ,
512 2878 608 2930 καὶ
652 2876 732 2947 τῷ
782 2876 1029 2947 βραχίονι
1058 2876 1225 2930 αὑτοῦ
1266 2877 1484 2942 συνάξει
1513 2875 1704 2947 ἄρνας,
1744 2876 1841 2930 καὶ

273 2965 376 3029 τὰς
422 2966 482 3018 ἐν
514 2966 715 3038 γαστρὶ
763 2965 991 3036 ἐχούσας
1026 2966 1416 3037 παρακαλέσει.
1439 2986 1458 3018 ι
1496 2968 1689 3034 Γέγονε
1737 2965 1841 3019 τοί-

271 3074 371 3113 νυν
402 3059 535 3126 ἡμῖν
582 3057 896 3126 δικαιοσύνη
928 3074 991 3110 τε
1033 3058 1129 3112 καὶ
1174 3057 1483 3120 ἀνάπαυσις
1509 3059 1538 3111 ὁ
1564 3057 1799 3126 Χριστός
1821 3073 1836 3087 ο
1866 3082 1913 3142 c

273 3146 487 3201 σέσωκε
537 3146 593 3201 δὲ
637 3149 787 3217 ἡμᾶς
821 3149 917 3200 καὶ
967 3148 1075 3201 ἀπὸ
1128 3151 1227 3218 τῆς
1246 3150 1351 3219 γῆς
1380 3144 1451 3221 ἧς
1490 3145 1843 3217 κατηράσατο

272 3235 519 3305 Κύριοςό
558 3236 710 3300 Θεός.
768 3237 938 3291 Ταυτὶ
990 3238 1100 3310 7&9
1143 3240 1277 3311 ἡμῖν
1336 3241 1430 3292 ἐπὶ
1468 3238 1591 3292 Νῶε
1629 3254 1843 3309 προφη-

268 3327 445 3382 τεύων
465 3327 704 3397 ἔφασκεν
725 3328 756 3382 ὁ
772 3328 985 3399 Λάμεχ.
1012 3331 1168 3383 Ἐστι
1194 3330 1251 3383 δὲ
1290 3330 1392 3383 οὐκ
1418 3330 1720 3398 ἀμφίλογον
1755 3330 1840 3383 ὅτι

268 3420 371 3489 τῆς
406 3421 464 3473 εν
498 3420 671 3489 ’Δδὰμ
721 3420 1087 3490 παραϐάσεως
1118 3420 1189 3474 τὰ
1225 3420 1562 3491 ἐγκλήματα,
1625 3419 1840 3473 λέλυται

270 3508 436 3563 πάλιν
458 3511 514 3562 ὲν
542 3508 779 3581 Χριστῷ.
818 3528 836 3561 ι
855 3511 1052 3579 Γέγονε
1073 3511 1185 3581 γάρ
1209 3511 1350 3581 ὑπὲρ
1370 3512 1527 3581 ἡμῶν
1552 3512 1787 3583 κατάρα,
1813 3530 1832 3564 ι

267 3599 416 3654 κατὰ
453 3599 515 3653 τὸ
545 3600 949 3672 γεγραμμένον,
990 3601 1090 3672 τῆς
1137 3602 1371 3672 ἀρχαίας
1395 3604 1534 3673 ἀρᾶς
1566 3603 1841 3657 ἀπαλλάτ-

264 3708 381 3745 των
412 3692 513 3761 τὴν
535 3692 658 3762 γῆν.
692 3690 771 3746 Δι’
801 3692 965 3746 αὑτοῦ
993 3692 1102 3764 7&9
1143 3693 1361 3747 ἅπαντα
1407 3695 1544 3765 πρὸς
1577 3696 1638 3750 τὸ
1662 3698 1718 3749 ὲν
1744 3698 1842 3768 ἁρ-

260 3782 393 3851 χαῖς
418 3780 946 3850 ἀνακεφαλαιοῢσθαί
970 3798 1153 3853 φαμεν
1170 3783 1264 3836 τὸν
1288 3784 1506 3854 Πατέρα
1538 3785 1630 3839 καὶ
1663 3785 1799 3840 Θεόν
1820 3801 1836 3816 ⁸

271 3892 291 3924 ι
317 3873 431 3926 Καὶ
460 3871 531 3925 τά
570 3873 668 3942 μὲν
702 3874 902 3947 ἀρχαῖα
938 3873 1202 3945 παρῆλθε,
1231 3876 1420 3943 γέγονε
1460 3876 1516 3929 δὲ
1563 3877 1632 3930 τά
1664 3877 1838 3931 πάντα

261 3963 455 4029 καινά,
500 3964 595 4017 καὶ
639 3964 693 4017 εῐ
718 3981 802 4029 τις
850 3967 909 4019 ἐν
956 3966 1176 4038 Χριστῷ
1203 3967 1363 4036 καινὴ
1402 3969 1632 4031 κτίσις.»
1669 3970 1839 4039 Εἴπερ

257 4053 389 4105 εστὶ
416 4052 665 4125 δεύτερος
707 4043 879 4125 ’Δδὰμ
905 4054 971 4108 δι’
1006 4056 1255 4127 ὑπακοῆς
1280 4057 1604 4126 ἀνατρέπων
1647 4056 1707 4109 τὸ
1747 4055 1839 4109 τοῦ

256 4142 697 4215 πρωτοπλὼτου
735 4145 1124 4217 κατηγόρημασ
1162 4147 1306 4216 φημὶ
1344 4146 1409 4217 δὴ
1432 4146 1531 4216 τὴν
1560 4148 1619 4198 ἐν
1649 4146 1840 4215 ἀρχαῖς

258 4231 602 4305 παραίτησιν
656 4236 1031 4307 γεγενημένην
1086 4238 1394 4308 παρακοήν.
1449 4230 1577 4290 Ὧδε
1628 4240 1842 4306 φρονεῖν

257 4324 448 4379 ὲδόκει
484 4326 580 4379 καὶ
613 4326 693 4396 τῷ
726 4326 997 4397 θεσπεσίῳ
1019 4327 1233 4399 Παύλῳ.
1262 4328 1465 4400 Γράφει
1498 4328 1605 4399 γὰρ
1633 4327 1838 4391 οὕτως’

1945 1880 2320 1935 dissolvantur
2366 1895 2562 1935 manus
2605 1889 2729 1935 tunc.
2775 1881 3038 1934 Dominus
3061 1880 3208 1935 Deus
3255 1878 3365 1952 35
3397 1888 3526 1936 tuus

1943 1972 2101 2028 fortis
2126 1973 2181 2026 in
2204 1983 2287 2037 te,
2320 1971 2553 2026 salvabit
2576 1980 2630 2025 te
2649 2012 2664 2034 ,
2689 1978 2745 2025 et
2775 1971 3056 2025 lnnovahit
3088 1978 3140 2025 te
3165 1972 3222 2025 in
3258 1971 3526 2027 charitate

1944 2079 2041 2119 sua
2066 2063 2106 2118 ⁸.
2133 2084 2152 2113 ι
2186 2064 2351 2119 Isaias
2390 2073 2570 2117 autem
2615 2071 2823 2118 tantum
2871 2077 2980 2117 non
3003 2063 3075 2117 oh
3114 2064 3303 2117 oculos
3331 2064 3523 2133 ponit,

1941 2155 2169 2210 dicens:
2204 2174 2223 2205 ε
2255 2154 2675 2218 Confortamin-i,
2708 2169 2903 2208 manus
2944 2154 3217 2217 remissae,
3256 2163 3312 2208 et
3350 2169 3525 2223 genua

1941 2244 2240 2311 dissoluta;
2268 2245 2649 2307 consolamini,
2669 2243 3044 2315 pusillanimes
3069 2253 3283 2298 mente:
3310 2243 3526 2298 confor-

1943 2335 2156 2400 tamini,
2187 2350 2256 2389 ne
2287 2335 2544 2390 timeatis.
2571 2335 2710 2389 Ecce
2743 2335 2887 2390 Deus
2917 2343 3125 2389 noster.
3164 2334 3306 2388 Ecce
3344 2335 3526 2389 Domi-

1941 2442 2047 2481 nus
2066 2441 2190 2480 cum
2210 2426 2412 2480 virtute
2433 2426 2611 2491 venit,
2639 2434 2697 2481 et
2725 2426 3014 2481 brachium
3047 2440 3170 2481 cum
3192 2425 3522 2479 dominatio-

1942 2531 2031 2571 ne.
2079 2514 2233 2571 Sicut
2262 2524 2450 2585 pastor
2496 2524 2683 2586 pascet
2718 2531 2938 2587 gregem
2985 2531 3177 2579 suum,
3206 2524 3265 2570 et
3296 2515 3525 2570 brachio

1942 2621 2042 2659 suo
2056 2606 2407 2676 congregabit
2423 2621 2609 2676 agnos,
2626 2616 2681 2661 et
2695 2614 3038 2676 praegnantes
3056 2606 3428 2661 consolabitur
3443 2606 3484 2660 '.
3498 2625 3517 2656 ι

1943 2695 2141 2750 Factus
2177 2694 2362 2764 itaque
2384 2702 2469 2749 est
2495 2694 2655 2748 nobis
2673 2694 2887 2764 justitia
2900 2701 2957 2748 et
2987 2693 3208 2761 requies
3229 2691 3482 2746 Christus
3506 2708 3519 2741 :

1940 2785 2193 2841 liberavit
2241 2794 2423 2841 autem
2466 2801 2565 2840 nos
2594 2786 2756 2841 etiam
2787 2801 2818 2839 a
2844 2793 2992 2840 terra
3027 2784 3116 2838 cui
3162 2781 3524 2837 maledixerat

1941 2876 2205 2932 Dominus
2228 2877 2395 2931 Deus.
2428 2876 2541 2931 Hoc
2571 2877 2719 2930 enim
2751 2875 2913 2930 nobis
2946 2874 3015 2928 de
3043 2874 3158 2928 Noe
3191 2872 3525 2942 prophetans

1942 2968 2084 3022 dixit
2145 2968 2384 3022 Lamech
2409 2968 2450 3020 ⁸.
2485 2967 2554 3021 At
2594 2981 2728 3021 vero
2773 2980 3120 3035 nequaquam
3168 2962 3398 3017 dubium
3441 2971 3525 3015 est

1942 3057 2089 3127 quod
2123 3057 2575 3127 transgressionis
2599 3056 2653 3110 in
2694 3056 2863 3110 Adam
2899 3055 3177 3109 accusatio
3210 3054 3266 3108 in
3305 3052 3525 3108 Christo

1943 3161 2135 3201 rursus
2157 3145 2360 3201 abolita
2400 3146 2522 3199 sit:
2564 3164 2583 3197 ι
2630 3145 2829 3199 Factus
2874 3144 3021 3198 enim
3069 3151 3157 3198 est
3211 3158 3313 3213 pro
3362 3142 3525 3197 nobis

1942 3236 2289 3301 maledictio,
2328 3255 2347 3287 ι
2388 3236 2533 3292 sicut
2559 3235 2824 3305 scriptum
2864 3237 3023 3300 est",
3060 3251 3091 3289 a
3134 3234 3306 3289 veteri
3351 3235 3521 3288 male-

1941 3327 2182 3383 dictione
2229 3336 2428 3382 terram
2462 3326 2721 3381 liberans.
2741 3325 2845 3381 Per
2868 3326 3046 3396 ipsum
3082 3324 3353 3395 siquidem
3382 3323 3524 3377 dici-

1941 3436 2065 3475 mus
2078 3421 2293 3474 Patrem
2317 3434 2381 3490 ac
2400 3419 2571 3473 Deum
2595 3425 2789 3474 cuncta
2811 3426 3177 3472 restaurasse:
3203 3436 3222 3467 ι
3244 3417 3323 3471 Ac
3338 3423 3520 3470 vetera

1939 3510 2160 3582 quidem
2188 3511 2598 3580 praeterierunt,
2625 3509 2764 3564 facta
2786 3517 2916 3564 sunt
2940 3518 3125 3563 autem
3146 3507 3329 3562 omnia
3347 3520 3517 3567 nova;

1940 3603 1986 3657 si
2016 3617 2124 3673 qua
2151 3618 2293 3657 nova
2324 3601 2381 3656 in
2401 3601 2618 3657 Christo
2647 3609 2897 3656 creatura
2925 3600 2998 3655 ’.ι
3022 3598 3302 3669 Siquidem
3327 3612 3522 3652 secun-

1940 3694 2045 3749 dus
2089 3692 2260 3748 Adam
2285 3708 2384 3763 per
2428 3692 2799 3748 obedientiam
2838 3692 3038 3745 avertit
3069 3690 3229 3759 primi
3276 3686 3527 3757 parentis

1940 3786 2183 3849 crimen,
2218 3793 2461 3839 veterem
2486 3824 2501 3849 ,
2543 3784 2763 3852 inquam
2785 3822 2799 3846 ,
2834 3781 2979 3836 illam
3020 3781 3205 3835 statim
3237 3778 3395 3831 initio
3422 3790 3518 3829 cx-

1938 3875 2206 3946 pulsionis
2245 3890 2495 3937 causam,
2546 3871 2997 3927 inobedientiam.
3039 3867 3196 3932 Quod
3244 3874 3299 3920 et
3325 3866 3521 3918 Paulus

1941 3966 2245 4029 conﬁrmat,
2264 3967 2484 4020 dicens:
2513 3984 2530 4014 ι
2552 3959 3019 4028 Quemadmodum
3035 3957 3183 4011 enim
3205 3971 3301 4026 per
3328 3955 3519 4009 inobe-

1941 4058 2205 4112 dientiam
2249 4055 2415 4110 unius
2464 4052 2703 4108 hominis
2740 4059 3057 4122 peccatores
3088 4047 3372 4103 constituti
3419 4062 3518 4101 su-

1942 4164 2086 4211 mus,
2122 4147 2196 4201 ita
2233 4156 2290 4201 et
2309 4162 2407 4216 per
2431 4144 2595 4198 unius
2622 4141 2990 4198 obedientiam
3011 4140 3147 4210 justi
3177 4140 3518 4195 constituen-

1944 4245 2031 4292 tur
2053 4237 2208 4292 multi
2235 4237 2276 4290 '.
2308 4256 2325 4289 ι
2367 4234 2566 4291 Factus
2610 4242 2695 4289 est
2742 4240 2926 4288 autem
2953 4232 3208 4287 Christus
3257 4231 3521 4286 obedieus

1941 4328 2087 4383 Patri
2114 4342 2287 4397 usque
2320 4327 2387 4381 ad
2421 4335 2652 4380 mortem
2674 4365 2689 4390 ,
2742 4331 2975 4379 mortem
3013 4333 3192 4378 autem
3247 4322 3427 4377 crucis
3454 4322 3516 4374 '°.

265 4437 290 4469 ε
322 4417 543 4488 Ὠσπερ
571 4417 685 4489 γὰρ
720 4417 811 4471 διὰ
851 4418 949 4489 τῆς
984 4422 1264 4490 παρακοῆς
1293 4420 1388 4473 τοῦ
1411 4420 1530 4483 ἑνὸς
1550 4419 1837 4490 ἀνθρώπου

1942 4419 2410 4486 Quemadmodum
2449 4418 2616 4488 igitur
2654 4416 2944 4471 maledicta
2984 4424 3101 4470 erat
3127 4424 3268 4470 terra
3303 4416 3374 4469 ob
3412 4417 3523 4484 pri-

256 4506 595 4578 ἁμαρτωλοὶ
636 4508 1065 4581 κατεστάθησαν,
1125 4512 1270 4565 οὕτω
1316 4512 1409 4564 καὶ
1452 4512 1538 4566 διὰ
1575 4512 1677 4582 τῆς
1733 4512 1841 4564 ὐπ-

252 4598 445 4669 ακοῆς
471 4597 564 4652 τοῦ
592 4600 731 4667 ἑνὸς,
754 4600 949 4656 δίκαιοι
972 4603 1478 4673 κατασταθήσονται
1513 4603 1717 4656 πολλοί.
1745 4602 1842 4655 Γέ-

254 4707 397 4759 γονε
424 4690 483 4744 δὲ
506 4692 536 4743 ὁ
561 4692 794 4762 Χριστὸς
825 4694 1063 4764 ὑπήκοος
1100 4694 1178 4766 τῷ
1200 4695 1376 4763 Πατρὶ
1402 4695 1564 4765 μέχρι
1588 4694 1840 4756 θανάτου,

252 4780 505 4835 θανάτου
542 4782 599 4836 δὲ
632 4782 885 4852 σταυροῦ.
910 4804 931 4836 ι
962 4786 1172 4855 ’Ὠσπερ
1196 4781 1292 4839 οὖν
1313 4786 1585 4854 ἐπάρατος
1610 4780 1678 4855 ἦν
1703 4786 1736 4855 ή
1769 4784 1842 4853 γῆ

248 4873 360 4927 διὰ
395 4874 497 4943 τὴν
531 4874 591 4927 ἐν
613 4874 814 4945 ἀρχαῖς
859 4877 1167 4946 παράϐασιν
1197 4879 1256 4930 ὲν
1299 4875 1648 4943 Ἀδὰμ,οὖτω
1688 4875 1844 4944 γέγο-

250 4981 361 5018 νεν
385 4964 729 5036 εὐλογημένη
759 4965 848 5019 διὰ
877 4967 976 5037 τὴν
1006 4966 1252 5036 ὑπακοὴν
1270 4965 1363 5018 τοῦ
1387 4965 1647 5036 Χριστοῦ.
1691 4964 1841 5018 Ἐλυ-

252 5052 521 5123 τρώσατο
552 5053 610 5106 δὲ
653 5055 749 5108 καὶ
778 5055 981 5124 ἑτέρως
1021 5057 1166 5125 ἡμᾶς
1187 5055 1294 5109 ἀπὸ
1312 5056 1408 5126 τῆς
1437 5055 1540 5125 γῆς
1569 5054 1842 5125 ὲπαράτου

251 5143 660 5213 γεγενημένης.
711 5163 729 5194 ι
755 5146 989 5208 Καινοὺς
1037 5144 1146 5215 7&9
1178 5146 1460 5217 οὐρανοὺς,
1510 5146 1605 5199 καὶ
1655 5145 1846 5216 καινὴν

248 5234 399 5302 γῆν,
434 5233 576 5288 κατά
621 5236 690 5288 τὰ
721 5236 1116 5306 ἐπαγγέλματα
1157 5238 1346 5302 αὑτοῦ,
1390 5237 1795 5307 προσδοκῶμεν,
1821 5256 1838 5287 ο

246 5324 416 5378 καθὰ
467 5326 561 5377 καὶ
609 5328 637 5380 6
687 5328 849 5394 σοφὸς
896 5329 991 5381 τοῦ
1034 5330 1285 5401 Σωτῆρος
1333 5330 1517 5401 εἴρηκε
1577 5329 1844 5399 μαθητής.

264 5416 614 5470 Ἐνεκαίνισε
653 5417 712 5471 δὲ
743 5421 877 5489 ἡμῖν
906 5422 999 5473 καὶ
1021 5420 1121 5487 τὴν
1151 5423 1231 5484 είς
1262 5420 1328 5474 τὰ
1370 5421 1482 5474 ἄνω
1535 5438 1592 5474 τε
1641 5423 1733 5475 καὶ
1767 5423 1846 5486 είς

339 5618 364 5693 ξ
401 5615 591 5693 nam.
620 5636 699 5693 xl,
731 5619 820 5693 es,
850 5621 949 5693 ea.
1036 5622 1055 5652 ³
1100 5620 1214 5693 Luc
1269 5637 1306 5684 ι,
1334 5622 1513 5693 50,51.
1589 5624 1606 5654 ι
1633 5623 1799 5693 Soph.

1966 5629 2046 5686 l6,
2087 5627 2168 5677 l7.
2240 5623 2258 5652 ⁵
2286 5621 2569 5693 Isa.__x§xv,
2616 5615 2668 5678 ὃς
2706 5628 2805 5693 xi...
2834 5610 2917 5693 ἴς),
2956 5608 3037 5661 Η.

1941 4526 2084 4564 mam
2112 4510 2258 4563 illam
2290 4509 2779 4578 transgressionem
2820 4508 2876 4561 in
2917 4508 3087 4561 Adam
3108 4548 3123 4571 ,
3162 4507 3235 4561 ita
3274 4507 3415 4562 facta
3439 4517 3523 4561 cst

1941 4599 2230 4655 benedicta
2268 4607 2491 4668 propter
2540 4597 2910 4653 obedientiam
2966 4595 3190 4652 Christi.
3244 4596 3523 4650 Liberavit

1942 4698 2126 4743 autem
2155 4703 2256 4742 nos
2291 4687 2455 4742 etiam
2485 4688 2590 4741 alia
2626 4688 2839 4742 ratione
2864 4702 2895 4740 a
2936 4693 3082 4739 terra
3122 4684 3409 4738 maledicta
3436 4683 3518 4737 ef-

1942 4780 2102 4835 fecta.
2146 4799 2164 4829 ι
2208 4779 2389 4833 Novos
2426 4779 2589 4833 .enim
2642 4779 2839 4843 caelos,
2892 4785 2950 4831 et
2993 4790 3189 4830 novam
3239 4784 3459 4834 terram,
3494 4791 3511 4820 ι

1944 4872 2095 4942 juxta
2124 4871 2511 4940 promissiones
2553 4870 2759 4939 ipsius,
2804 4888 2822 4919 ι
2869 4876 3280 4937 exspectamus,
3316 4883 3332 4913 ι
3380 4862 3521 4916 sicut

1949 4972 2006 5018 et
2053 4965 2270 5034 sapiens
2320 4962 2525 5018 Christi
2567 4963 2871 5032 discipulus
2903 4960 3041 5014 dixit
3083 4960 3144 5010 “.
3194 4955 3521 5010 lnstauravit

1948 5065 2132 5112 autem
2161 5057 2320 5110 nobis
2342 5056 2508 5109 etiam
2535 5055 2601 5109 ad
2629 5069 2864 5123 superna
2885 5059 2939 5105 et
2966 5052 3020 5103 in
3054 5049 3220 5103 caelos
3254 5046 3517 5098 reditum:

1939 5160 1995 5203 et
2025 5165 2331 5218 praecursor
2378 5164 2475 5217 pro
2516 5148 2679 5202 nobis
2729 5153 2970 5200 sanctam
3008 5150 3210 5195 terram
3247 5139 3524 5205 ingressus

1939 5251 2051 5305 est,
2076 5243 2233 5312 cujus
2266 5248 2581 5295 mansuetos
2625 5237 2874 5292 hmredes
2897 5234 3014 5287 fore
3052 5229 3191 5283 dixit
3212 5267 3226 5289 ,
3256 5227 3361 5279 hoc
3403 5234 3518 5281 est.

1941 5333 2036 5401 qui
2066 5330 2379 5401 evangelica
2421 5327 2709 5396 disciplina
2761 5324 2829 5377 ad
2877 5315 3352 5375 mansuetudinem
3394 5325 3522 5367 sunt

1942 5421 2142 5477 edocti.
2170 5419 2450 5489 Siquidem
2488 5420 2573 5471 lex
2605 5415 2826 5469 oculum
2861 5424 2961 5480 pro
2998 5406 3155 5461 oculo
3175 5446 3190 5470 ,
3223 5414 3278 5459 et
3302 5405 3519 5458 dentem

3135 5609 3155 5638 ⁸
3184 5608 3318 5661 Gen.
3352 5622 3402 5670 ν,
3431 5607 3517 5665 ‘39.

248 5687 280 5721 '
325 5684 500 5743 Calnt.
521 5705 599 5753 ιιι,
638 5690 722 5743 I3.
800 5677 821 5717 ⁸⁵
848 5690 889 5744 11
913 5692 1041 5746 Cor.
1067 5707 1119 5755 v,
1148 5692 1233 5743 I7.
1295 5677 1328 5721 "
1357 5677 1507 5745 Rom.
1537 5709 1587 5754 ν,
1618 5677 1723 5745 ἱίέδ
1786 5698 1824 5724 ’τ’

1942 5677 2081 5765 iiii—ip.
2108 5712 2161 5755 ιι,
2191 5694 2240 5743 8.
2309 5690 2342 5718 “
2383 5688 2424 5740 II
2459 5688 2597 5740 Pctr.
2638 5677 2715 5746 in,
2746 5680 2828 5746 l3;
2861 5681 3024 5749 Apoc.
3068 5694 3175 5745 3m,
3206 5677 3255 5729 I.
