4056 6260
578 366 647 420 (εδ
1605 360 1662 415 S.
1703 359 1977 417 CYRILLI
2017 360 2483 417 ALEXANDRINI
2520 358 2839 417 ARCHIEP.
3772 344 3844 397 δι’

580 495 683 548 pro
707 478 873 535 dente
895 520 911 542 ,
944 488 1001 535 et
1027 479 1226 535 vulnus
1263 493 1363 548 pro
1404 478 1653 544 vulnere,
1683 477 1854 549 indigi
1907 479 2156 549 injuriam

2263 482 2528 550 οὐρανοὺς
2579 481 2959 549 ἁναφοίτησιψ
2998 479 3092 533 καὶ
3136 479 3445 550 πρόδρομος
3486 476 3626 547 ὑπὲρ
3683 478 3841 544 ὴμεῖν

583 569 949 625 inferentibus
989 571 1169 640 jussit.
1212 569 1466 624 Christus
1507 578 1690 623 autem
1740 569 1940 624 nobis:
1978 589 1996 619 ι
2030 571 2161 623 Per-

582 660 809 715 eutienti
833 668 936 725 te"
976 661 1173 732 inquit,
1201 681 1218 712 ι
1263 662 1317 715 in
1353 661 1630 716 dexteram
1655 661 1947 726 maxillam,
1981 662 2161 731 praebe

582 750 657 803 iii
684 764 745 807 et-
764 752 925 806 aliam
955 754 1018 805 ‘3.
1057 773 1074 803 ι
1104 753 1218 807 Noe
1250 753 1418 822 igitur
1446 752 1770 807 undecimus
1789 761 1951 808 natus
1973 764 2058 807 est
2091 753 2162 808 ab

582 842 751 896 Adam
787 843 894 912 35
924 859 1022 913 per
1054 843 1186 898 Setb
1216 855 1274 899 et
1304 844 1484 907 Enos,
1524 862 1544 895 ι
1578 844 1672 913 qui
1710 844 1951 913 speravit
1979 847 2161 900 vocari

582 934 802 989 nomine
826 936 920 989 Dei
955 936 1045 994 sui
1080 937 1144 1000 ¹³,
1185 955 1203 986 ι
1234 936 1303 989 ob
1332 948 1597 989 summam
1632 933 1890 1002 pietatem
1925 934 2157 1003 vitaeque

581 1026 1015 1081 sanctimoniam.
1052 1028 1387 1083 Describitur
1417 1034 1597 1081 autem
1625 1026 1792 1080 etiam
1842 1026 2162 1095 genealogia

580 1118 799 1171 Domini
820 1119 994 1173 nostri
1054 1119 1184 1174 Jesu
1212 1119 1416 1174 Christi
1439 1135 1470 1173 a
1497 1118 1701 1173 sanctis
1720 1116 2076 1186 evangelistis
2093 1118 2163 1172 ab

580 1209 753 1262 Adam
790 1210 856 1264 ad
884 1209 1085 1279 Joseph
1118 1224 1325 1278 usque,
1358 1224 1457 1278 per
1475 1222 1724 1271 omnem,
1753 1217 1815 1261 ut
1838 1206 1913 1260 ita
1961 1206 2161 1272 dicam,

582 1307 830 1354 sanctum
851 1340 866 1364 ,
893 1299 1218 1370 genealogiaa
1250 1313 1501 1353 sermone
1518 1296 1705 1351 ducto.

2262 572 2342 633 ei;
2387 569 2483 639 τὴν
2529 570 2688 637 ἁγίαν
2740 570 3037 641 είσέφρησε
3096 571 3233 639 γῆν
3287 570 3355 639 ἢν
3406 568 3842 638 κληρονομήσειν

2261 659 2468 728 ἔφασκε
2506 659 2634 721 τοὺς
2666 661 2878 730 πραεῖς,
2915 658 3184 721 τουτέστι,
3226 659 3351 722 τοὺς
3398 661 3512 721 τοῖς
3548 660 3841 726 εὐαγγελι-

2263 750 2378 810 κοῖς
2427 747 2743 816 μαθήμασιν
2787 748 2868 808 είς
2920 746 3202 816 πραότητα
3263 747 3839 816 παιδαγωγουμένους.

2263 840 2434 909 Εἴπερ
2466 841 2493 892 ὁ
2533 840 2629 907 μὲν
2673 832 2867 909 νόμος,¹
2895 839 3175 908 ὀφθαλμὸν
3220 839 3340 892 ἀντὶ
3386 837 3690 907 ὀφθαλμοῦ,
3744 839 3845 890 καὶ

2262 932 2448 985 ὀδόντα
2480 932 2597 984 ἀντὶ
2634 931 2864 996 ὀδόντος,
2892 930 3113 1001 τραῦμά
3130 947 3190 983 τε
3223 930 3342 983 ἀντὶ
3363 930 3692 1000 τραύματος,
3714 929 3843 982 ἀντ-

2267 1021 2567 1090 επάγεσθαι
2604 1021 2712 1074 δεῖν
2771 1023 2883 1085 τοῖς
2914 1021 3188 1075 ἀδικοῦσιν
3238 1021 3541 1077 ἐκέλευσεν,
3582 1021 3742 1087 Ἡμῖν
3782 1017 3843 1072 δὲ

2268 1111 2657 1183 Χριστὸς,ιΤῷ
2673 1111 2886 1177 παίοντί
2905 1128 2986 1177 σε,
3012 1114 3258 1181 »φησὶνμ
3288 1112 3369 1175 είς
3396 1112 3494 1182 τὴν
3521 1110 3700 1174 δεξιὰν
3725 1124 3846 1161 σια-

2270 1204 2424 1272 γόνα,
2463 1202 2693 1272 στρέψον
2737 1201 2886 1271 αὐτῷ
2925 1201 3019 1255 καὶ
3056 1200 3155 1273 τὴν
3210 1201 3394 1270 ἄλλην.
3427 1220 3445 1253 ι
3500 1199 3629 1252 Νῶε
3664 1198 3846 1251 τοίνυν

2272 1296 2494 1362 γέγονεν
2533 1293 2818 1355 ἑνδέκατος
2850 1292 2909 1359 ἐξ
2951 1291 3124 1362 ’Δδὰμ
3164 1291 3253 1345 διά
3285 1308 3345 1345 τε
3375 1291 3482 1362 Σὴθ
3517 1290 3610 1342 καὶ
3653 1286 3843 1349 Ἐνώς,

590 1390 733 1453 ι-Ὂς
782 1390 1007 1460 ἤλπισεν
1055 1389 1428 1445 ἐπικαλεῖσθαι
1480 1387 1541 1440 τὸ
1601 1386 1776 1457 ὄνομα
1832 1385 2035 1456 Κυρίου
2085 1383 2176 1437 τοῦ
2231 1382 2368 1436 Θεοῦ
2438 1382 2663 1444 cornu,»
2700 1380 2787 1435 διὰ
2850 1381 3110 1451 πλείστην
3162 1381 3419 1450 ὁσιότητα
3482 1379 3577 1430 καὶ
3621 1375 3843 1444 Θεοφιλῆ

586 1482 874 1535 πολιτείαν.
907 1481 1309 1551 Γενεαλογεῖται
1379 1480 1436 1533 δέ
1486 1480 1581 1533 καὶ
1613 1482 1641 1532 ό
1704 1478 1908 1549 Κύριος
1950 1476 2106 1548 ἡμῶν
2147 1476 2352 1546 Ἰησοῦς
2392 1476 2421 1527 ὁ
2469 1475 2704 1546 Χριστὸς
2750 1472 2898 1543 παρὰ
2939 1473 3048 1526 τῶν
3095 1474 3265 1541 ἁγίων
3335 1472 3734 1539 εὐαγγελιστῶν
3781 1470 3845 1537 ἐξ

594 1573 782 1643 Ἀδὰμ,
811 1574 905 1628 καὶ
942 1574 1132 1644 μέχρις
1160 1573 1323 1626 αὐτοῦ
1351 1572 1444 1624 τοῦ
1481 1571 1679 1640 Ἰωσὴφ
1724 1570 1811 1624 διὰ
1843 1570 2064 1636 παντὸς,
2122 1569 2197 1632 ὡς
2235 1568 2363 1632 ἔπος
2409 1570 2603 1631 εἰπεῖν,
2644 1566 2821 1635 ἁγίου,
2856 1564 2951 1620 τοῦ
2982 1565 3080 1636 τῆς
3117 1562 3463 1633 γενεαλογίας
3495 1562 3721 1630 ἥκοντος
3755 1560 3846 1612 λό-

582 1679 700 1730 γου.

577 1844 903 1909 dummodo,
941 1843 1426 1912 confusionemque
1454 1844 1598 1897 inter
1621 1857 1678 1897 se
1712 1842 2158 1913 generationum,

577 1934 783 1997 sancti,
819 1933 1073 2002 inquam,
1106 1948 1233 1987 cum
1259 1948 1325 1988 eo
1353 1933 1446 2003 qui
1476 1932 1601 1987 talis
1630 1947 1741 1987 non
1772 1938 1887 1995 est,
1915 1931 2019 1987 hoc
2042 1939 2157 1994 est,

578 2024 806 2093 profano
836 2033 1000 2093 atque
1032 2024 1267 2093 impuro.
1293 2022 1764 2090 Quemadmodum
1787 2024 1935 2078 enim
1972 2021 2067 2091 qui
2092 2036 2161 2076 ex

577 2113 724 2168 tinos
742 2114 853 2169 nati
877 2122 1062 2177 erant,
1087 2121 1451 2184 cognomento
1480 2113 1596 2179 dii,
1628 2115 1685 2171 in
1714 2113 1854 2168 ﬁlias
1874 2113 2159 2169 hominum

572 2211 929 2265 exarserunt,
957 2218 1068 2272 quo
1105 2203 1247 2259 facto
1277 2203 1479 2258 diversi
1514 2217 1547 2258 a
1572 2203 1768 2273 seipsis
1793 2211 1922 2258 sunt
1941 2201 2122 2258 eﬂ‘ecti
2141 2243 2158 2267 ,

571 2300 627 2344 et
652 2290 720 2344 ad
743 2306 934 2345 earum
961 2307 1142 2347 mores
1170 2308 1235 2346 ac
1259 2293 1407 2363 leges
1429 2293 1597 2349 vitam
1631 2308 1784 2348 suam
1814 2293 2162 2349 instituentes

571 2382 880 2438 defectione
912 2383 968 2436 in
1012 2383 1406 2438 absurdissima
1426 2398 1657 2452 quaeque
1695 2383 2014 2439 laborarunt
2041 2402 2054 2437 :
2086 2384 2161 2441 ita

571 2473 737 2527 etiam
785 2472 880 2541 qui
920 2487 988 2526 ex
1028 2471 1292 2542 sanguine
1337 2471 1504 2527 Israel
1550 2473 1656 2527 orti
1712 2481 1874 2537 sunt,
1914 2473 2159 2543 quandiu

575 2564 699 2617 vitae
734 2562 1153 2618 sanctimoniam
1191 2570 1591 2627 exercuerunt,
1638 2571 1694 2617 et
1739 2564 1897 2618 avita:
1943 2564 2161 2634 pietatis

571 2655 809 2723 optimos
846 2654 1155 2709 imitatores
1198 2669 1317 2709 sese
1357 2653 1739 2723 prmbucrunt,
1774 2668 1990 2709 omnem
2033 2656 2159 2725 qui-

569 2744 694 2798 dem
726 2742 1012 2813 pravitatis
1028 2742 1250 2797 modum
1279 2758 1311 2797 a
1327 2758 1384 2797 se
1400 2743 1756 2814 proﬂigarunt
1771 2783 1785 2807 ,
1818 2754 1874 2799 et
1888 2745 2159 2801 sinceram

570 2836 798 2890 omnino
847 2843 1013 2905 atque
1048 2834 1314 2889 illibatam
1371 2837 1431 2892 in
1488 2834 1684 2904 seipsis
1732 2836 1983 2906 gloriosa;
2035 2836 2161 2892 vita:

569 2926 785 2980 laudem
821 2935 1238 2981 conservarunt.
1268 2926 1561 2995 Postquam
1592 2942 1724 2982 vero
1776 2927 2023 2983 ﬁnitimis
2057 2944 2157 2997 po-

568 3018 712 3087 pulis
755 3024 885 3075 sunt
929 3016 1192 3083 immisti,
1227 3016 1523 3081 damnante
1554 3017 1608 3072 id
1642 3017 1785 3089 lege,
1832 3019 2015 3074 statim
2055 3034 2155 3074 ne-

649 1755 702 1808 5.
748 1752 1021 1807 Cmterum
1044 1766 1141 1821 age
1163 1792 1176 1816 ,
1212 1750 1462 1805 dicamus
1484 1749 1988 1820 coinquinationem
2021 1763 2156 1818 quo-

2333 1752 2394 1799 e'.
2439 1744 2597 1798 Ἀλλὰ
2636 1720 2769 1815 φέρε
2795 1784 2810 1807 ,
2863 1743 3110 1812 λέγωμεν
3154 1742 3248 1794 τὸν
3293 1741 3457 1794 οἱονεὶ
3504 1740 3718 1811 φυρμὸν
3748 1740 3846 1793 καὶ

2265 1838 2361 1906 τὴν
2389 1838 2469 1898 είς
2495 1834 2700 1906 ἄλληλα
2730 1833 3027 1903 γενομένην
3056 1833 3317 1901 ἀνάχυσιν
3351 1831 3460 1885 τῶν
3490 1830 3717 1900 γενεῶν,
3743 1830 3843 1884 τοῦ

2262 1943 2322 1979 τε
2362 1926 2519 1993 ἁγίου
2562 1925 2737 1994 φημὶ,
2772 1924 2867 1977 καὶ
2898 1922 2993 1976 τοῦ
3029 1921 3109 1994 μὴ
3152 1922 3382 1985 τοιοῦδε,
3419 1922 3672 1976 τουτέστι
3700 1965 3713 1986 ,
3743 1921 3841 1975 τοῦ

2264 2015 2491 2086 βεϐήλου
2531 2017 2623 2070 καὶ
2654 2014 3066 2085 μυσαρωτάτου.
3100 2015 3309 2083 Ὅνπερ
3341 2011 3451 2082 γὰρ
3473 2012 3678 2082 τρόπον
3702 2015 3751 2068 οί
3781 2013 3843 2079 ἐξ

2274 2105 2437 2169 Ὲνὼς
2468 2106 2752 2175 γεγονότες
2785 2103 2878 2159 τοῦ
2906 2103 3136 2175 ἐπίκλην
3164 2102 3324 2166 Θεοῦ,
3352 2105 3471 2165 ταῖς
3493 2103 3604 2156 τῶν
3626 2102 3841 2175 ἀνθρώ-

2262 2215 2378 2251 πων
2408 2198 2506 2251 ἐπε
2515 2197 2768 2267 μαίνοντο
2791 2196 3142 2266 θυγατράσιν,
3167 2188 3228 2249 οὗ
3259 2193 3542 2275 γεγονότος
3558 2194 3841 2265 ἑτερότρο-

2263 2289 2353 2341 ποί
2374 2304 2432 2340 τε
2460 2282 2597 2357 ἦσαν
2625 2286 2806 2350 εὐθὺς,
2833 2287 2929 2340 καὶ
2957 2289 3069 2351 τοῖς
3100 2286 3324 2341 ἐκείνων
3357 2286 3512 2358 ἦθεσί
3539 2302 3599 2338 τε
3635 2286 3732 2340 καὶ⁵
3750 2286 3838 2339 νό-

2263 2396 2384 2450 μοις
2412 2378 2649 2433 διαϐιοῦν
2683 2378 2967 2449 ᾑρημένοι,
2994 2377 3093 2449 τὴν
3119 2379 3199 2441 είς
3232 2378 3340 2432 πᾶν
3362 2376 3540 2430 ότιοῦν
3558 2375 3667 2430 τῶν
3686 2377 3843 2429 ἐκτό-

2261 2488 2378 2524 πων
2401 2468 2823 2541 κατηρρὡτουν
2854 2466 3173 2541 ἁποφθορὰν
3194 2486 3208 2501 ο
3238 2467 3412 2532 οὕτως
3455 2469 3550 2523 καὶ
3581 2470 3630 2521 οἱ
3653 2468 3720 2532 ἐξ
3751 2468 3842 2521 αἶ·

2264 2579 2432 2632 ματος
2465 2560 2557 2614 τοῦ
2607 2560 2855 2633 Ἰσραὴλ,
2892 2560 2996 2623 ἓως
3024 2560 3123 2632 μὲν
3153 2556 3294 2632 ἦσαν
3333 2558 3703 2630 ἁγιοπρεποῦς
3738 2576 3840 2614 πο-

2259 2654 2457 2719 λιτείας
2500 2654 2751 2724 ἐργάται,
2783 2654 2879 2708 καὶ
2917 2654 3249 2725 προγονικῆς
3297 2653 3579 2717 εὐσεϐείας
3623 2652 3840 2723 ἄριστοι

2263 2746 2516 2815 μιμηταὶ,
2555 2745 2735 2798 πάντα
2767 2745 2866 2815 μὲν
2900 2742 3310 2809 ἁπεσπούδαζον
3350 2733 3685 2813 φαυλότητος
3716 2743 3842 2813 τρό-

2260 2854 2380 2900 πον,
2415 2838 2805 2908 ἁπαραποξητά
2839 2854 2898 2891 τε
2951 2835 3230 2901 παντελῶς
3266 2837 3341 2900 ὡς
3369 2836 3427 2890 ἓν
3461 2852 3525 2905 γε
3550 2835 3615 2908 δή
3653 2851 3842 2904 σφισιν

2258 2929 2460 2993 αὐτοῖς,
2489 2930 2587 2999 τῆς
2618 2928 2872 2991 εὐκλεοῦς
2902 2929 3174 2993 πολιτείας
3200 2931 3538 2999 τετηρήκασι
3565 2927 3634 2980 τὰ
3666 2925 3841 2997 αὐχή-

2261 3039 2426 3092 ματα.
2471 3022 2686 3092 Ἐπειδὴ
2720 3021 2776 3074 δὲ
2817 3024 2929 3084 τοῖς
2965 3021 3188 3091 ὁμόροις
3216 3018 3427 3073 ἔθνεσιν
3459 3018 3835 3080 ἐνεπλέκοντο,

564 3110 770 3179 quitia,
817 3125 940 3179 quae
964 3110 1024 3164 in
1070 3109 1139 3164 iis
1184 3109 1481 3180 regnabat,
1525 3109 1757 3179 repleti,
1792 3118 1849 3165 et
1883 3109 2156 3179 proclives

2259 3089 2433 3167 καίτοι
2477 3089 2893 3182 διαδεδληκότος
2933 3089 3216 3182 τὸίχρῆμα
3251 3109 3347 3162 τοῦ
3379 3110 3544 3179 νόμου
3594 3109 3836 3176 ἀναπιμο

565 3198 861 3251 admodum
887 3199 955 3252 ad
980 3198 1176 3253 vitium
1197 3239 1212 3261 ,
1247 3213 1312 3254 ac
1334 3199 1537 3268 quibus
1566 3214 1677 3253 non
1712 3200 1972 3255 extremis
1996 3201 2155 3256 malis

566 3287 880 3343 laborantes
914 3296 1044 3342 sunt
1075 3289 1444 3358 deprehensi?
1486 3289 1653 3359 Atqui
1690 3291 1800 3345 hoc
1834 3291 2006 3361 magis
2047 3293 2156 3346 mi-

568 3378 800 3432 randum
819 3386 924 3433 est.
946 3378 1150 3433 Gentes
1170 3379 1315 3433 enim
1332 3388 1612 3436 creaturas
1636 3389 1826 3435 contra
1849 3391 2155 3438 creatorem

566 3484 631 3523 ac
654 3468 921 3523 factorem
970 3470 1248 3535 colentes,
1289 3481 1355 3525 et
1396 3470 1454 3526 in
1509 3485 1755 3526 errorem
1802 3470 1870 3527 de
1923 3472 2157 3529 deorum

565 3558 876 3628 pluralitate
895 3559 1080 3629 lapsae,
1103 3560 1367 3619 honorem
1389 3561 1733 3617 daemonibus
1748 3562 2151 3620 exhibuerunt:

565 3651 732 3706 [smel
778 3666 911 3707 vero
953 3652 1234 3722 primitiva
1277 3668 1341 3708 ac
1371 3664 1597 3723 paterna
1640 3654 1853 3725 origine
1892 3665 2150 3724 sanctus,

564 3742 725 3796 nihili
771 3742 933 3812 plane
979 3743 1346 3799 defectionem
1399 3745 1548 3804 fecit.
1608 3746 1816 3802 Idcirco
1862 3748 2008 3803 Deus
2056 3765 2155 3818 per

562 3849 753 3896 vocem
777 3842 1023 3891 sanctam
1039 3836 1108 3891 ad
1129 3851 1226 3892 eos
1241 3836 1319 3891 ait
1338 3854 1351 3890 :
1384 3857 1403 3887 ι
1423 3838 1585 3892 Abite
1608 3838 1664 3893 in
1691 3839 1896 3894 insulas
1912 3837 2150 3906 Cetbim,

558 3933 617 3983 et
650 3926 834 3983 videte
852 3964 868 3992 ,
908 3927 1037 3982 etin
1056 3926 1234 3983 Cedar
1256 3928 1460 3984 mittite
1479 3970 1494 3994 ,
1531 3938 1588 3985 et
1616 3930 1961 3987 considerate
1987 3932 2155 3987 vehe-

560 4026 808 4083 menter,
843 4026 901 4074 et
930 4018 1112 4075 videte
1149 4020 1196 4075 si
1228 4019 1372 4076 facta
1410 4027 1539 4075 sunt
1577 4020 1704 4084 talia
1732 4039 1745 4075 :
1772 4019 1818 4075 si
1856 4021 2152 4079 mutabunt

2259 3202 2523 3271 πλάμενοι
2552 3201 2890 3272 παραχρῆμα
2920 3202 3019 3270 τῆς
3054 3199 3279 3266 ἐνούσης
3304 3199 3484 3260 αὐτοῖς
3526 3196 3836 3268 βδελυρίας,

2255 3293 2606 3363 εὐπάροιστοί
2623 3311 2680 3346 τε
2709 3294 2803 3346 καὶ
2827 3291 3055 3362 ἐλαφροὶ
3080 3293 3222 3354 λίαν,
3254 3291 3348 3343 καὶ
3374 3291 3426 3342 τί
3448 3291 3557 3359 γὰρ
3583 3288 3704 3358 οὐχὶ
3724 3286 3841 3342 τῶν

2256 3385 2516 3439 ἀνωτάτω
2543 3383 2731 3438 κακῶν
2759 3382 3041 3446 νοσοῦντες
3082 3382 3397 3452 ἡλίσκοντο;
3440 3380 3550 3432 Καὶ
3575 3378 3702 3447 τόγε
3728 3394 3838 3431 πα-

2256 3474 2624 3547 ραδοξότερον.
2657 3477 2700 3527 Τ
2704 3476 2737 3528 ἁ
2772 3475 2870 3543 μὲν
2893 3473 3000 3545 γὰρ
3025 3474 3156 3542 ἔθνη
3182 3475 3248 3541 τῇ
3275 3471 3449 3526 κτίσει
3470 3470 3644 3523 καίτοι
3674 3469 3840 3521 λελα-

2253 3566 2519 3636 τρευκότα
2565 3566 2714 3636 παρὰ
2761 3565 2851 3619 τὸν
2884 3565 3134 3635 κτίστην,
3185 3563 3281 3617 καὶ
3319 3563 3570 3631 ποιητὴν,
3611 3561 3707 3625 καὶ
3753 3561 3835 3622 είς

2254 3654 2513 3709 πολύθεον
2544 3656 2752 3726 πλάνην
2779 3654 3178 3709 ἁπονενευκότα
3208 3655 3274 3722 τῇ
3323 3652 3459 3723 πρὸς
3495 3650 3655 3704 τοῦτο
3690 3665 3827 3718 γνηο

2255 3746 2493 3815 σιὸτητι,
2524 3745 2621 3808 τὰς
2667 3746 2776 3799 τῶν
2819 3744 3088 3815 δαιμόνων
3132 3743 3333 3811 ἀγέλας
3380 3743 3604 3811 ἐτίμων.
3670 3741 3730 3793 '0
3771 3740 3833 3794 δὲ

2252 3835 2454 3889 ἄνωθέν
2482 3853 2540 3889 τε
2571 3836 2664 3889 καὶ
2698 3836 2765 3889 ἐκ
2807 3835 3059 3907 πατέρων
3093 3834 3246 3903 ἁγιος
3290 3831 3502 3902 Ἰσραὴλ
3524 3874 3537 3895 ,
3569 3832 3628 3885 ἐν
3658 3831 3830 3899 ὀλίγῳ

2254 3927 2532 3991 παντελῶς
2564 3928 2801 3979 ἐποιεῖτο
2842 3926 2988 3995 λόγῳ
3030 3926 3130 3996 τὴν
3178 3924 3499 3978 ἀπόστασιν.
3537 3925 3829 3993 Τοιγάρτοι

2251 4017 2382 4083 Θεὸς
2402 4017 2489 4071 διὰ
2515 4018 2698 4087 ῳωνῆς
2717 4017 2877 4084 ἁγίας
2891 4016 3026 4086 φησὶ
3050 4017 3184 4085 πρὸς
3209 4014 3405 4076 αὐτούς
3429 4030 3440 4042 ·
3471 4033 3488 4065 ι
3532 4012 3829 4066 ’Δπέλθετσ

558 4119 750 4178 gentes
769 4110 905 4165 deos
929 4125 1064 4166 suos
1081 4150 1097 4177 ,
1116 4120 1175 4166 et
1197 4120 1344 4167 certe
1366 4112 1424 4166 hi
1456 4128 1567 4167 non
1595 4124 1727 4169 sunt
1753 4114 1852 4169 dii.
1883 4113 1953 4169 At
1976 4129 2152 4185 popu-

2259 4113 2327 4174 είς
2361 4114 2556 4181 νήσους
2584 4110 2832 4179 Χετιεὶμ,
2865 4109 2961 4162 καὶ
3002 4107 3138 4161 ἴδετε
3162 4145 3181 4172 ,
3225 4107 3320 4160 καῖ.
3352 4104 3432 4169 είς
3463 4105 3655 4178 Κηδὰρ
3688 4108 3831 4159 ἁπο-

560 4198 649 4265 lus
676 4215 834 4254 meus
865 4200 1099 4255 mutavit
1125 4201 1354 4268 gloriam
1389 4215 1582 4256 eorum
1600 4243 1615 4267 ,
1648 4205 1717 4259 de
1740 4222 1849 4273 qua
1866 4222 1978 4260 non
2018 4223 2148 4276 pro-

2259 4202 2494 4256 στείλατε
2520 4244 2535 4269 ,
2578 4201 2673 4254 καλ⁵
2700 4200 2931 4268 νοήσατε
2967 4199 3175 4271 σφόδρα
3197 4239 3213 4264 ,
3259 4198 3353 4251 καὶ
3382 4199 3521 4251 ἴδετε
3558 4200 3609 4250 εί
3634 4198 3826 4264 γέγονε

560 4289 706 4343 derit
738 4289 838 4342 eis.
874 4288 1171 4357 Obstupuit
1197 4288 1397 4344 omium
1425 4304 1591 4359 super
1624 4290 1761 4357 hoc,
1787 4299 1845 4347 et
1876 4292 2150 4348 inhorruit

2259 4295 2493 4357 τοιαῦτα,
2533 4295 2583 4345 εί
2609 4292 2926 4359 ἁλλάξονται
2954 4290 3080 4361 ἔθνη
3123 4291 3277 4354 θεοὺς
3313 4289 3492 4343 αὐτῶν
3513 4331 3528 4356 ,
3560 4290 3658 4343 καὶ
3680 4280 3824 4342 οῦτοι

565 4390 712 4446 terra
740 4389 898 4434 extra
924 4380 1178 4444 modum,
1206 4380 1345 4434 dicit
1372 4380 1657 4436 Dominus.
1692 4380 1832 4447 Quia
1851 4382 1965 4439 duo
2004 4385 2143 4439 mala

2259 4385 2348 4436 oux
2377 4383 2482 4434 εἰσὶ
2521 4380 2726 4435 θεοί.’()
2753 4383 2809 4435 δὲ
2830 4383 2957 4445 λαός
2987 4398 3087 4452 μου
3116 4381 3385 4451 ἠλλάξατο
3416 4381 3516 4451 τὴν
3540 4381 3696 4447 δόξαν
3721 4382 3821 4434 αὺ-

561 4469 690 4524 fecit
714 4468 950 4538 populus
973 4484 1130 4525 meus
1158 4488 1171 4523 :
1204 4470 1289 4525 Me
1318 4469 1732 4541 dereliquerunt
1754 4472 1960 4528 fontem
1989 4490 2145 4545 aquae

2259 4471 2373 4536 τῶν,
2413 4470 2471 4536 ἐξ
2501 4466 2568 4541 ἦς
2605 4472 2704 4524 οὐκ
2743 4472 3206 4541 ὠφεληθήσονται.
3270 4471 3493 4543 Ἑξέστη
3534 4474 3562 4525 ὁ
3592 4471 3821 4542 οὐρανὸς

560 4560 823 4625 viventis,
850 4569 906 4615 et
938 4560 1197 4617 foderunt
1239 4563 1346 4618 sibi
1374 4564 1528 4619 lacus
1570 4565 1863 4631 contritas,
1893 4567 1989 4637 qui
2034 4583 2146 4623 non

2259 4563 2334 4616 ιπὶ
2365 4562 2558 4632 τούτῳ,
2588 4564 2680 4617 καὶ
2716 4561 2932 4633 ἔφριξεν
2966 4564 2998 4634 ἡ
3025 4563 3097 4634 γῆ
3127 4563 3221 4617 ἐπὶ
3248 4562 3436 4617 πλεῖον
3474 4563 3705 4632 σφόδρα,
3736 4563 3824 4615 λέ-

563 4658 820 4719 poterunt
843 4666 1041 4722 aquam
1071 4654 1356 4710 continere
1390 4654 1454 4708 ιδ.
1489 4674 1507 4707 ι
1545 4656 1613 4709 Ει
1647 4672 1870 4713 rursum
1903 4676 1916 4712 :
1953 4678 1971 4710 ι
2007 4658 2148 4726 Quia

2259 4670 2327 4722 (ει
2351 4654 2582 4724 Κύριος·
2608 4656 2689 4708 ὄτι
2715 4655 2810 4708 δύο
2836 4656 2930 4708 καὶ
2957 4656 3171 4727 πονηρὰ
3193 4656 3448 4727 ἐποίησεν
3473 4659 3502 4710 ὁ
3524 4657 3654 4719 λαός
3681 4672 3784 4726 μου
3806 4671 3819 4685 ⁸

555 4743 709 4810 juxta
745 4757 1037 4798 numerum
1057 4743 1277 4798 urbium
1307 4754 1527 4800 tuarum
1544 4755 1704 4801 erant
1722 4747 1800 4802 dii
1828 4749 1930 4813 tui,
1969 4750 2109 4805 Juda
2126 4791 2142 4816 ,

2376 4746 2734 4814 ἐγκατέλιπον
2766 4747 2947 4817 πηγὴν
2978 4746 3168 4812 ὓδατος
3199 4747 3408 4812 ζῶντος
3431 4790 3447 4815 ,
3480 4750 3574 4803 καὶ
3605 4748 3824 4819 ὤρυξαν

557 4841 613 4897 et
648 4835 953 4889 secundum
999 4850 1291 4890 numerum
1334 4835 1548 4891 viarum
1583 4838 1887 4895 Jerusalem
1933 4842 2111 4896 sacriﬁ

2259 4838 2452 4901 ἑαυτοῖς
2486 4837 2724 4899 λάκκους
2754 4839 3284 4909 συντετριμμένους,
3314 4838 3363 4891 οἳ
3407 4840 3469 4892 οὐ
3497 4840 3824 4910 δυνήσονται

557 4934 823 4989 paverunt
847 4926 971 4981 Baal
1011 4941 1156 4981 :cur
1196 4929 1486 4999 loquimini
1527 4929 1596 4984 ad
1647 4930 1769 4984 me?
1809 4928 2011 4987 Omnes
2041 4948 2143 4988 vos

2259 4926 2383 4999 ὓδωρ
2404 4927 2665 4998 συνέχειν.
2686 4930 2793 4983 Καὶ
2809 4928 2971 4983 πάλιν
2988 4946 3001 4961 ·
3048 4932 3170 4983 Ὅτι
3204 4929 3347 4983 κατὰ
3366 4930 3597 5002 ἀριθμὸν
3613 4930 3826 4985 πόλεών

555 5016 893 5086 deliquistis,
926 5018 1036 5089 36
1067 5028 1125 5074 et
1147 5034 1338 5076 omnes
1359 5036 1456 5077 vos
1481 5022 1646 5092 impie
1676 5022 1863 5092 egistis
1879 5023 2142 5081 adversus

2259 5037 2354 5083 που,
2383 5018 2522 5092 ἦσαν
2552 5021 2663 5075 θεοί
2694 5038 2808 5087 σου,
2844 5021 3036 5085 Ἰούδα,
3074 5023 3168 5076 καὶ⁴
3192 5023 3334 5077 κατὰ
3364 5022 3601 5094 ἀριθμὸν
3630 5022 3823 5076 διόδων

557 5122 662 5171 me,
703 5107 836 5162 dicit
862 5108 1127 5165 Dominus
1154 5111 1218 5165 ".
1253 5130 1271 5164 ι
1298 5112 1358 5167 ln
1383 5119 1593 5168 tantam
1633 5114 1782 5169 enim
1812 5115 2138 5184 pravitatem

2259 5113 2335 5183 εῆς
2374 5112 2747 5184 Ἰερουσαλὴμ,
2780 5113 2932 5167 ἔθυον
2955 5116 3020 5186 τῇ
3053 5114 3220 5169 Βάαλ·
3255 5115 3340 5167 ἵνα
3373 5115 3425 5167 τί
3445 5113 3656 5167 λαλεῖτε
3683 5115 3824 5184 πρός

553 5198 974 5270 cogitationum,
997 5216 1062 5256 ac
1086 5203 1270 5271 potius
1314 5217 1544 5273 operum
1567 5203 1707 5274 lapsi
1736 5213 1896 5271 sunt,
1925 5215 1989 5262 ut
2004 5221 2135 5262 eum

2259 5222 2306 5257 ιε
2329 5220 2343 5269 ;
2374 5205 2581 5268 Πάντες
2605 5206 2763 5273 ὑμεῖς
2789 5206 3124 5277 ὴνομήσατε,
3149 5207 3245 5261 καὶ
3274 5207 3474 5270 πάντες
3506 5207 3664 5277 ὑμεῖς
3686 5207 3818 5275 ήσε-

555 5289 877 5347 mulieribus
930 5294 1080 5364 vagis
1124 5295 1545 5365 errantibusque
1591 5296 1773 5353 adhuc
1813 5299 2136 5355 commisce.

2259 5296 2444 5365 Βήσατε
2478 5297 2559 5360 είς
2586 5296 2685 5366 ἐμὲ
2705 5335 2720 5360 ,
2751 5295 2897 5365 λέγει
2926 5297 3148 5368 Κύριος.
3191 5316 3210 5350 ι
3257 5297 3578 5368 Κατῴχοντο
3606 5298 3717 5368 γὰρ
3738 5298 3824 5361 είς

556 5386 767 5435 rentur.
823 5382 960 5438 Cum
998 5400 1131 5441 vero
1152 5385 1522 5456 peperissent,
1556 5403 1782 5443 necesse
1825 5389 1984 5458 plane
2015 5398 2136 5444 erat

2259 5385 2399 5440 τοῦτο
2429 5388 2747 5459 σκαιότητος
2776 5387 3084 5459 λογισμῶν,
3120 5388 3318 5459 μᾶλλον
3349 5389 3407 5441 δέ
3433 5389 3528 5442 καὶ
3559 5389 3822 5459 ἐγχειρηο

553 5466 697 5523 l’etus
732 5471 1087 5531 Judaicorum
1133 5478 1338 5532 rituum
1368 5477 1570 5535 notitia
1594 5478 1872 5550 insigniri,
1912 5487 1968 5533 et
2020 5480 2132 5534 cir-

553 5559 943 5615 curneisionem
966 5574 1154 5619 octava
1177 5568 1266 5623 die
1286 5609 1299 5632 ,
1337 5569 1716 5641 sacriﬁeiaque
1746 5571 1813 5625 ad
1846 5570 1987 5623 hanc
2018 5584 2131 5623 rem

618 5736 658 5768 "
693 5738 881 5795 Matth.
907 5758 958 5805 v,
1006 5743 1093 5807 59;
1124 5744 1254 5799 Luc.
1284 5762 1355 5807 vi,
1382 5745 1471 5799 29.
1552 5749 1591 5779 "
1621 5748 1758 5802 Gen.
1800 5765 1869 5813 ιν,
1902 5747 1989 5801 ‘26.
2076 5749 2115 5778 "'
2138 5748 2338 5803 Jerem.
2366 5766 2418 5813 ll,
2460 5750 2635 5805 l0-l3.

2244 5479 2447 5547 μάτων,
2487 5480 2563 5543 ὡς
2594 5480 2832 5548 γυναίοις
2873 5481 2971 5551 μὲν
3012 5481 3399 5551 ἐπιμίσγεσθαι
3440 5480 3817 5550 πλανωμένοις

2238 5569 2338 5622 ἔτι.
2385 5571 2601 5641 Ἐπειδὴ
2633 5572 2689 5625 δέ
2718 5572 2948 5638 ἔτικτον,
2979 5572 3154 5625 καίτοι
3194 5572 3310 5627 δέον
3345 5571 3504 5634 εὐθὺς
3534 5570 3635 5642 τῆς
3684 5571 3817 5624 Ἰουτ

2713 5752 2754 5782 ’⁸
2791 5751 2949 5813 ll)id.,
2978 5748 3070 5814 ΞΒ,
3096 5750 3184 5805 29.
3231 5788 3235 5792 ι
