  <div class='ocr_page' id='page_1' title='image "/cluster/home/n/w/nwhite01/storage/ocr_20150623/69/mdp.39015078384446/041.png"; bbox 0 0 4056 6260; ppageno 0'>
   <div class='ocr_carea' id='block_1_1' title="bbox 516 322 3783 432">
    <p class='ocr_par' dir='ltr' id='par_1_1' title="bbox 516 322 3783 432">
     <span class='ocr_line' id='line_1_1' title="bbox 516 322 3783 432; baseline -0.005 -2"><span class='ocrx_word' id='word_1_1' title='bbox 516 322 596 432; x_wconf 30' lang='grc'><strong>67.</strong></span> <span class='ocrx_word' id='word_1_2' title='bbox 1552 367 1610 423; x_wconf 90' lang='lat' dir='ltr'><strong>S.</strong></span> <span class='ocrx_word' id='word_1_3' title='bbox 1643 364 1920 423; x_wconf 76' lang='lat' dir='ltr'><strong>CYRILLI</strong></span> <span class='ocrx_word' id='word_1_4' title='bbox 1942 348 2429 419; x_wconf 31' lang='lat' dir='ltr'><strong>&#39;ALEXANDRINI</strong></span> <span class='ocrx_word' id='word_1_5' title='bbox 2471 362 2789 419; x_wconf 78' lang='lat' dir='ltr'><strong>ARCHIEP.</strong></span> <span class='ocrx_word' id='word_1_6' title='bbox 3715 357 3783 415; x_wconf 83' lang='lat'><strong>68</strong></span> 
     </span>
    </p>
   </div>
   <div class='ocr_carea' id='block_1_2' title="bbox 518 472 2106 550">
    <p class='ocr_par' dir='ltr' id='par_1_2' title="bbox 518 476 2101 550">
     <span class='ocr_line' id='line_1_2' title="bbox 518 476 2101 550; baseline -0.01 -5"><span class='ocrx_word' id='word_1_7' title='bbox 518 491 710 545; x_wconf 89' lang='lat' dir='ltr'><strong>decem</strong></span> <span class='ocrx_word' id='word_1_8' title='bbox 752 485 1011 550; x_wconf 82' lang='lat' dir='ltr'><strong>denariis,</strong></span> <span class='ocrx_word' id='word_1_9' title='bbox 1044 497 1262 538; x_wconf 81' lang='lat' dir='ltr'><strong>rursum</strong></span> <span class='ocrx_word' id='word_1_10' title='bbox 1294 480 1363 535; x_wconf 86' lang='lat' dir='ltr'><strong>ad</strong></span> <span class='ocrx_word' id='word_1_11' title='bbox 1399 479 1665 534; x_wconf 88' lang='lat' dir='ltr'><strong>unitatem</strong></span> <span class='ocrx_word' id='word_1_12' title='bbox 1703 476 2101 532; x_wconf 75' lang='lat' dir='ltr'><strong>revolutiOnem</strong></span> 
     </span>
    </p>
   </div>
   <div class='ocr_carea' id='block_1_3' title="bbox 2206 472 3781 550">
    <p class='ocr_par' dir='ltr' id='par_1_3' title="bbox 2206 472 3781 544">
     <span class='ocr_line' id='line_1_3' title="bbox 2206 472 3781 544; baseline 0 -16"><span class='ocrx_word' id='word_1_13' title='bbox 2206 476 2473 541; x_wconf 78' lang='grc' dir='ltr'><strong>τουτέστι,</strong></span> <span class='ocrx_word' id='word_1_14' title='bbox 2507 477 2535 529; x_wconf 98' lang='lat'><strong>6</strong></span> <span class='ocrx_word' id='word_1_15' title='bbox 2564 477 2763 530; x_wconf 75' lang='grc' dir='ltr'>ἑκατὸν</span> <span class='ocrx_word' id='word_1_16' title='bbox 2795 478 2859 530; x_wconf 78' lang='grc' dir='ltr'>ὲκ</span> <span class='ocrx_word' id='word_1_17' title='bbox 2890 474 3135 531; x_wconf 75' lang='grc' dir='ltr'><strong>δεκάδων</strong></span> <span class='ocrx_word' id='word_1_18' title='bbox 3167 473 3329 533; x_wconf 70' lang='grc' dir='ltr'>δέκαο</span> <span class='ocrx_word' id='word_1_19' title='bbox 3355 477 3447 534; x_wconf 72' lang='grc' dir='ltr'>καὶ</span> <span class='ocrx_word' id='word_1_20' title='bbox 3476 472 3781 544; x_wconf 56' lang='grc' dir='ltr'>ἀνακύκλητ</span> 
     </span>
    </p>
   </div>
   <div class='ocr_carea' id='block_1_4' title="bbox 501 564 2103 645">
    <p class='ocr_par' dir='ltr' id='par_1_4' title="bbox 501 564 2103 645">
     <span class='ocr_line' id='line_1_4' title="bbox 501 564 2103 645; baseline -0.011 -9"><span class='ocrx_word' id='word_1_21' title='bbox 501 581 751 637; x_wconf 83' lang='lat' dir='ltr'><strong>.habens.</strong></span> <span class='ocrx_word' id='word_1_22' title='bbox 780 575 937 643; x_wconf 84' lang='lat' dir='ltr'><strong>Quod</strong></span> <span class='ocrx_word' id='word_1_23' title='bbox 975 574 1142 645; x_wconf 75' lang='lat' dir='ltr'><strong>igitur</strong></span> <span class='ocrx_word' id='word_1_24' title='bbox 1173 571 1323 636; x_wconf 82' lang='lat' dir='ltr'><strong>dixi,</strong></span> <span class='ocrx_word' id='word_1_25' title='bbox 1364 570 1421 625; x_wconf 89' lang='lat' dir='ltr'><strong>in</strong></span> <span class='ocrx_word' id='word_1_26' title='bbox 1456 568 1631 624; x_wconf 88' lang='lat' dir='ltr'><strong>sacris</strong></span> <span class='ocrx_word' id='word_1_27' title='bbox 1668 566 1899 623; x_wconf 82' lang='lat' dir='ltr'><strong>Litteris</strong></span> <span class='ocrx_word' id='word_1_28' title='bbox 1922 564 2103 636; x_wconf 81' lang='lat' dir='ltr'><strong>perfe-</strong></span> 
     </span>
    </p>
   </div>
   <div class='ocr_carea' id='block_1_5' title="bbox 519 659 2104 740">
    <p class='ocr_par' dir='ltr' id='par_1_5' title="bbox 519 659 2104 740">
     <span class='ocr_line' id='line_1_5' title="bbox 519 659 2104 740; baseline -0.008 -16"><span class='ocrx_word' id='word_1_29' title='bbox 519 670 719 725; x_wconf 86' lang='lat' dir='ltr'><strong>ctionis</strong></span> <span class='ocrx_word' id='word_1_30' title='bbox 746 666 1054 740; x_wconf 79' lang='lat' dir='ltr'><strong>symbolum</strong></span> <span class='ocrx_word' id='word_1_31' title='bbox 1078 673 1182 729; x_wconf 88' lang='lat' dir='ltr'><strong>est,</strong></span> <span class='ocrx_word' id='word_1_32' title='bbox 1211 661 1394 717; x_wconf 89' lang='lat' dir='ltr'><strong>omnis</strong></span> <span class='ocrx_word' id='word_1_33' title='bbox 1417 674 1682 715; x_wconf 91' lang='lat' dir='ltr'><strong>numerus</strong></span> <span class='ocrx_word' id='word_1_34' title='bbox 1704 659 1759 713; x_wconf 89' lang='lat' dir='ltr'><strong>in</strong></span> <span class='ocrx_word' id='word_1_35' title='bbox 1779 668 1945 728; x_wconf 89' lang='lat' dir='ltr'><strong>caput</strong></span> <span class='ocrx_word' id='word_1_36' title='bbox 1965 674 2104 728; x_wconf 88' lang='lat' dir='ltr'><strong>quo-</strong></span> 
     </span>
    </p>
   </div>
   <div class='ocr_carea' id='block_1_6' title="bbox 521 749 2104 834">
    <p class='ocr_par' dir='ltr' id='par_1_6' title="bbox 521 749 2104 834">
     <span class='ocr_line' id='line_1_6' title="bbox 521 749 2104 834; baseline -0.01 -16"><span class='ocrx_word' id='word_1_37' title='bbox 521 760 811 820; x_wconf 85' lang='lat' dir='ltr'><strong>dammodo</strong></span> <span class='ocrx_word' id='word_1_38' title='bbox 847 758 1088 834; x_wconf 85' lang='lat' dir='ltr'><strong>rediens,</strong></span> <span class='ocrx_word' id='word_1_39' title='bbox 1123 764 1410 826; x_wconf 86' lang='lat' dir='ltr'><strong>postquam</strong></span> <span class='ocrx_word' id='word_1_40' title='bbox 1449 753 1517 809; x_wconf 91' lang='lat' dir='ltr'><strong>ad</strong></span> <span class='ocrx_word' id='word_1_41' title='bbox 1550 751 1971 808; x_wconf 80' lang='lat' dir='ltr'><strong>convenientem</strong></span> <span class='ocrx_word' id='word_1_42' title='bbox 2002 749 2104 819; x_wconf 83' lang='lat' dir='ltr'><strong>ipsi</strong></span> 
     </span>
    </p>
   </div>
   <div class='ocr_carea' id='block_1_7' title="bbox 518 844 2105 925">
    <p class='ocr_par' dir='ltr' id='par_1_7' title="bbox 518 844 2105 925">
     <span class='ocr_line' id='line_1_7' title="bbox 518 844 2105 925; baseline -0.009 -14"><span class='ocrx_word' id='word_1_43' title='bbox 518 867 577 911; x_wconf 88' lang='lat' dir='ltr'><strong>et</strong></span> <span class='ocrx_word' id='word_1_44' title='bbox 594 852 923 925; x_wconf 66' lang='lat' dir='ltr'><strong>praeﬁnitum</strong></span> <span class='ocrx_word' id='word_1_45' title='bbox 947 850 1241 905; x_wconf 84' lang='lat' dir='ltr'><strong>terminum</strong></span> <span class='ocrx_word' id='word_1_46' title='bbox 1261 846 1594 918; x_wconf 84' lang='lat' dir='ltr'><strong>pervenerit.</strong></span> <span class='ocrx_word' id='word_1_47' title='bbox 1625 845 1758 900; x_wconf 84' lang='lat' dir='ltr'><strong>Vide</strong></span> <span class='ocrx_word' id='word_1_48' title='bbox 1778 844 1961 913; x_wconf 85' lang='lat' dir='ltr'><strong>itaque</strong></span> <span class='ocrx_word' id='word_1_49' title='bbox 1982 858 2105 899; x_wconf 86' lang='lat' dir='ltr'><strong>san-</strong></span> 
     </span>
    </p>
   </div>
   <div class='ocr_carea' id='block_1_8' title="bbox 518 935 2105 1010">
    <p class='ocr_par' dir='ltr' id='par_1_8' title="bbox 518 935 2105 1010">
     <span class='ocr_line' id='line_1_8' title="bbox 518 935 2105 1010; baseline -0.008 -10"><span class='ocrx_word' id='word_1_50' title='bbox 518 955 619 1000; x_wconf 65' lang='lat' dir='ltr'><strong>ctae</strong></span> <span class='ocrx_word' id='word_1_51' title='bbox 653 944 937 1000; x_wconf 84' lang='lat' dir='ltr'><strong>Trinitatis</strong></span> <span class='ocrx_word' id='word_1_52' title='bbox 976 940 1349 997; x_wconf 89' lang='lat' dir='ltr'><strong>omnimodam</strong></span> <span class='ocrx_word' id='word_1_53' title='bbox 1390 938 1802 1010; x_wconf 82' lang='lat' dir='ltr'><strong>perfectionem,</strong></span> <span class='ocrx_word' id='word_1_54' title='bbox 1838 935 2009 991; x_wconf 89' lang='lat' dir='ltr'><strong>veluti</strong></span> <span class='ocrx_word' id='word_1_55' title='bbox 2049 935 2105 989; x_wconf 92' lang='lat' dir='ltr'><strong>in</strong></span> 
     </span>
    </p>
   </div>
   <div class='ocr_carea' id='block_1_9' title="bbox 520 1027 2102 1102">
    <p class='ocr_par' dir='ltr' id='par_1_9' title="bbox 520 1027 2102 1102">
     <span class='ocr_line' id='line_1_9' title="bbox 520 1027 2102 1102; baseline -0.006 -12"><span class='ocrx_word' id='word_1_56' title='bbox 520 1038 700 1092; x_wconf 88' lang='lat' dir='ltr'><strong>tribus</strong></span> <span class='ocrx_word' id='word_1_57' title='bbox 740 1037 1056 1092; x_wconf 81' lang='lat' dir='ltr'><strong>cubitorum</strong></span> <span class='ocrx_word' id='word_1_58' title='bbox 1085 1032 1352 1089; x_wconf 89' lang='lat' dir='ltr'><strong>centuriis</strong></span> <span class='ocrx_word' id='word_1_59' title='bbox 1392 1029 1773 1102; x_wconf 80' lang='lat' dir='ltr'><strong>signiﬁcatam.</strong></span> <span class='ocrx_word' id='word_1_60' title='bbox 1803 1028 1930 1082; x_wconf 78' lang='lat' dir='ltr'><strong>Haec</strong></span> <span class='ocrx_word' id='word_1_61' title='bbox 1954 1027 2102 1081; x_wconf 90' lang='lat' dir='ltr'><strong>enim</strong></span> 
     </span>
    </p>
   </div>
   <div class='ocr_carea' id='block_1_10' title="bbox 518 1119 2100 1199">
    <p class='ocr_par' dir='ltr' id='par_1_10' title="bbox 518 1119 2100 1199">
     <span class='ocr_line' id='line_1_10' title="bbox 518 1119 2100 1199; baseline -0.008 -13"><span class='ocrx_word' id='word_1_62' title='bbox 518 1141 604 1186; x_wconf 91' lang='lat' dir='ltr'><strong>est</strong></span> <span class='ocrx_word' id='word_1_63' title='bbox 643 1144 785 1185; x_wconf 73' lang='lat' dir='ltr'><strong>arcae</strong></span> <span class='ocrx_word' id='word_1_64' title='bbox 820 1127 1127 1199; x_wconf 80' lang='lat' dir='ltr'><strong>longitudo.</strong></span> <span class='ocrx_word' id='word_1_65' title='bbox 1166 1125 1323 1193; x_wconf 84' lang='lat' dir='ltr'><strong>Quod</strong></span> <span class='ocrx_word' id='word_1_66' title='bbox 1350 1139 1482 1179; x_wconf 91' lang='lat' dir='ltr'><strong>vero</strong></span> <span class='ocrx_word' id='word_1_67' title='bbox 1512 1122 1604 1187; x_wconf 89' lang='lat' dir='ltr'><strong>sit,</strong></span> <span class='ocrx_word' id='word_1_68' title='bbox 1639 1130 1703 1176; x_wconf 93' lang='lat' dir='ltr'><strong>ut</strong></span> <span class='ocrx_word' id='word_1_69' title='bbox 1731 1121 1806 1175; x_wconf 92' lang='lat' dir='ltr'><strong>ita</strong></span> <span class='ocrx_word' id='word_1_70' title='bbox 1835 1119 2100 1183; x_wconf 82' lang='lat' dir='ltr'><strong>dicamus,</strong></span> 
     </span>
    </p>
   </div>
   <div class='ocr_carea' id='block_1_11' title="bbox 520 1214 2109 1294">
    <p class='ocr_par' dir='ltr' id='par_1_11' title="bbox 520 1214 2109 1294">
     <span class='ocr_line' id='line_1_11' title="bbox 520 1214 2109 1294; baseline -0.007 -15"><span class='ocrx_word' id='word_1_71' title='bbox 520 1223 788 1294; x_wconf 83' lang='lat' dir='ltr'><strong>perfectio</strong></span> <span class='ocrx_word' id='word_1_72' title='bbox 807 1220 1207 1291; x_wconf 80' lang='lat' dir='ltr'><strong>perfectionum</strong></span> <span class='ocrx_word' id='word_1_73' title='bbox 1225 1217 1410 1273; x_wconf 80' lang='lat' dir='ltr'><strong>Deitas</strong></span> <span class='ocrx_word' id='word_1_74' title='bbox 1429 1217 1486 1270; x_wconf 90' lang='lat' dir='ltr'><strong>in</strong></span> <span class='ocrx_word' id='word_1_75' title='bbox 1514 1215 1744 1278; x_wconf 78' lang='lat' dir='ltr'><strong>unitate,</strong></span> <span class='ocrx_word' id='word_1_76' title='bbox 1771 1214 2014 1269; x_wconf 77' lang='lat' dir='ltr'><strong>declarat</strong></span> <span class='ocrx_word' id='word_1_77' title='bbox 2031 1214 2109 1268; x_wconf 89' lang='lat' dir='ltr'><strong>la-</strong></span> 
     </span>
    </p>
   </div>
   <div class='ocr_carea' id='block_1_12' title="bbox 522 1306 2105 1384">
    <p class='ocr_par' dir='ltr' id='par_1_12' title="bbox 522 1306 2105 1384">
     <span class='ocr_line' id='line_1_12' title="bbox 522 1306 2105 1384; baseline -0.007 -14"><span class='ocrx_word' id='word_1_78' title='bbox 522 1316 720 1380; x_wconf 86' lang='lat' dir='ltr'><strong>titudo,</strong></span> <span class='ocrx_word' id='word_1_79' title='bbox 753 1312 1147 1384; x_wconf 76' lang='lat' dir='ltr'><strong>quinquaginta</strong></span> <span class='ocrx_word' id='word_1_80' title='bbox 1166 1308 1369 1365; x_wconf 88' lang='lat' dir='ltr'><strong>cubitis</strong></span> <span class='ocrx_word' id='word_1_81' title='bbox 1403 1316 1682 1371; x_wconf 79' lang='lat' dir='ltr'><strong>constans,</strong></span> <span class='ocrx_word' id='word_1_82' title='bbox 1716 1307 1823 1362; x_wconf 87' lang='lat' dir='ltr'><strong>hoc</strong></span> <span class='ocrx_word' id='word_1_83' title='bbox 1856 1315 1960 1371; x_wconf 87' lang='lat' dir='ltr'><strong>est,</strong></span> <span class='ocrx_word' id='word_1_84' title='bbox 1986 1306 2105 1361; x_wconf 81' lang='lat' dir='ltr'><strong>vel—</strong></span> 
     </span>
    </p>
   </div>
   <div class='ocr_carea' id='block_1_13' title="bbox 526 1394 2103 1475">
    <p class='ocr_par' dir='ltr' id='par_1_13' title="bbox 526 1394 2103 1475">
     <span class='ocr_line' id='line_1_13' title="bbox 526 1394 2103 1475; baseline -0.008 -14"><span class='ocrx_word' id='word_1_85' title='bbox 526 1408 609 1461; x_wconf 90' lang='lat' dir='ltr'><strong>uti</strong></span> <span class='ocrx_word' id='word_1_86' title='bbox 659 1406 714 1460; x_wconf 89' lang='lat' dir='ltr'><strong>in</strong></span> <span class='ocrx_word' id='word_1_87' title='bbox 742 1414 949 1475; x_wconf 85' lang='lat' dir='ltr'><strong>septem</strong></span> <span class='ocrx_word' id='word_1_88' title='bbox 970 1399 1296 1471; x_wconf 88' lang='lat' dir='ltr'><strong>septenariis</strong></span> <span class='ocrx_word' id='word_1_89' title='bbox 1318 1396 1576 1469; x_wconf 80' lang='lat' dir='ltr'><strong>adjuncta</strong></span> <span class='ocrx_word' id='word_1_90' title='bbox 1609 1396 1745 1467; x_wconf 80' lang='lat' dir='ltr'><strong>ipsis</strong></span> <span class='ocrx_word' id='word_1_91' title='bbox 1772 1396 1939 1451; x_wconf 87' lang='lat' dir='ltr'><strong>etiam</strong></span> <span class='ocrx_word' id='word_1_92' title='bbox 1978 1394 2103 1449; x_wconf 89' lang='lat' dir='ltr'><strong>uni-</strong></span> 
     </span>
    </p>
   </div>
   <div class='ocr_carea' id='block_1_14' title="bbox 522 1487 2105 1565">
    <p class='ocr_par' dir='ltr' id='par_1_14' title="bbox 522 1487 2105 1565">
     <span class='ocr_line' id='line_1_14' title="bbox 522 1487 2105 1565; baseline -0.008 -12"><span class='ocrx_word' id='word_1_93' title='bbox 522 1507 663 1563; x_wconf 84' lang='lat' dir='ltr'><strong>tate;</strong></span> <span class='ocrx_word' id='word_1_94' title='bbox 703 1496 827 1551; x_wconf 85' lang='lat' dir='ltr'><strong>ideo</strong></span> <span class='ocrx_word' id='word_1_95' title='bbox 854 1494 1002 1565; x_wconf 90' lang='lat' dir='ltr'><strong>quod</strong></span> <span class='ocrx_word' id='word_1_96' title='bbox 1037 1508 1146 1548; x_wconf 86' lang='lat' dir='ltr'><strong>una</strong></span> <span class='ocrx_word' id='word_1_97' title='bbox 1190 1491 1262 1546; x_wconf 86' lang='lat' dir='ltr'><strong>sit</strong></span> <span class='ocrx_word' id='word_1_98' title='bbox 1297 1490 1528 1546; x_wconf 87' lang='lat' dir='ltr'><strong>Deitatis</strong></span> <span class='ocrx_word' id='word_1_99' title='bbox 1565 1497 1783 1542; x_wconf 85' lang='lat' dir='ltr'><strong>natura.</strong></span> <span class='ocrx_word' id='word_1_100' title='bbox 1827 1487 1948 1557; x_wconf 88' lang='lat' dir='ltr'><strong>Ipsa</strong></span> <span class='ocrx_word' id='word_1_101' title='bbox 1975 1500 2105 1541; x_wconf 91' lang='lat' dir='ltr'><strong>vero</strong></span> 
     </span>
    </p>
   </div>
   <div class='ocr_carea' id='block_1_15' title="bbox 515 1579 2105 1650">
    <p class='ocr_par' dir='ltr' id='par_1_15' title="bbox 515 1579 2105 1650">
     <span class='ocr_line' id='line_1_15' title="bbox 515 1579 2105 1650; baseline -0.009 -4"><span class='ocrx_word' id='word_1_102' title='bbox 515 1591 683 1646; x_wconf 82' lang='lat' dir='ltr'><strong>etiam</strong></span> <span class='ocrx_word' id='word_1_103' title='bbox 705 1587 958 1650; x_wconf 86' lang='lat' dir='ltr'><strong>altitudo,</strong></span> <span class='ocrx_word' id='word_1_104' title='bbox 978 1601 1091 1640; x_wconf 86' lang='lat' dir='ltr'><strong>non</strong></span> <span class='ocrx_word' id='word_1_105' title='bbox 1112 1583 1283 1638; x_wconf 90' lang='lat' dir='ltr'><strong>alium</strong></span> <span class='ocrx_word' id='word_1_106' title='bbox 1314 1581 1476 1637; x_wconf 91' lang='lat' dir='ltr'><strong>nobis</strong></span> <span class='ocrx_word' id='word_1_107' title='bbox 1513 1595 1678 1650; x_wconf 87' lang='lat' dir='ltr'><strong>quam</strong></span> <span class='ocrx_word' id='word_1_108' title='bbox 1715 1579 1864 1633; x_wconf 84' lang='lat' dir='ltr'><strong>hunc</strong></span> <span class='ocrx_word' id='word_1_109' title='bbox 1883 1592 2105 1633; x_wconf 85' lang='lat' dir='ltr'><strong>sensum</strong></span> 
     </span>
    </p>
   </div>
   <div class='ocr_carea' id='block_1_16' title="bbox 466 1654 2103 1753">
    <p class='ocr_par' dir='ltr' id='par_1_16' title="bbox 466 1654 2103 1753">
     <span class='ocr_line' id='line_1_16' title="bbox 466 1654 2103 1753; baseline -0.009 -15"><span class='ocrx_word' id='word_1_110' title='bbox 466 1673 473 1677; x_wconf 48' lang='grc'><strong><em>⁷</em></strong></span> <span class='ocrx_word' id='word_1_111' title='bbox 518 1681 710 1753; x_wconf 72' lang='lat' dir='ltr'><strong>gignit.</strong></span> <span class='ocrx_word' id='word_1_112' title='bbox 732 1677 1083 1734; x_wconf 83' lang='lat' dir='ltr'><strong>Terminatur</strong></span> <span class='ocrx_word' id='word_1_113' title='bbox 1105 1674 1255 1729; x_wconf 89' lang='lat' dir='ltr'><strong>enim</strong></span> <span class='ocrx_word' id='word_1_114' title='bbox 1277 1673 1335 1727; x_wconf 91' lang='lat' dir='ltr'><strong>in</strong></span> <span class='ocrx_word' id='word_1_115' title='bbox 1361 1670 1577 1728; x_wconf 87' lang='lat' dir='ltr'><strong>tertiam</strong></span> <span class='ocrx_word' id='word_1_116' title='bbox 1605 1654 1918 1725; x_wconf 83' lang='lat' dir='ltr'><strong>cubitorum</strong></span> <span class='ocrx_word' id='word_1_117' title='bbox 1944 1668 2103 1725; x_wconf 78' lang='lat' dir='ltr'><strong>dees-</strong></span> 
     </span>
    </p>
   </div>
   <div class='ocr_carea' id='block_1_17' title="bbox 518 1761 2103 1830">
    <p class='ocr_par' dir='ltr' id='par_1_17' title="bbox 518 1761 2103 1830">
     <span class='ocr_line' id='line_1_17' title="bbox 518 1761 2103 1830; baseline -0.009 0"><span class='ocrx_word' id='word_1_118' title='bbox 518 1775 665 1830; x_wconf 73' lang='lat' dir='ltr'><strong>dem.</strong></span> <span class='ocrx_word' id='word_1_119' title='bbox 689 1773 748 1827; x_wconf 85' lang='lat' dir='ltr'><strong>in</strong></span> <span class='ocrx_word' id='word_1_120' title='bbox 779 1784 951 1825; x_wconf 86' lang='lat' dir='ltr'><strong>unum</strong></span> <span class='ocrx_word' id='word_1_121' title='bbox 989 1782 1118 1822; x_wconf 91' lang='lat' dir='ltr'><strong>vero</strong></span> <span class='ocrx_word' id='word_1_122' title='bbox 1145 1780 1339 1821; x_wconf 86' lang='lat' dir='ltr'><strong>rursus</strong></span> <span class='ocrx_word' id='word_1_123' title='bbox 1373 1778 1647 1819; x_wconf 87' lang='lat' dir='ltr'><strong>summum</strong></span> <span class='ocrx_word' id='word_1_124' title='bbox 1675 1761 1895 1818; x_wconf 84' lang='lat' dir='ltr'><strong>desinit.</strong></span> <span class='ocrx_word' id='word_1_125' title='bbox 1926 1780 1945 1813; x_wconf 77' lang='grc' dir='ltr'><strong>ι</strong></span> <span class='ocrx_word' id='word_1_126' title='bbox 1978 1761 2103 1816; x_wconf 88' lang='lat' dir='ltr'><strong>Tri-</strong></span> 
     </span>
    </p>
   </div>
   <div class='ocr_carea' id='block_1_18' title="bbox 2208 565 3785 638">
    <p class='ocr_par' dir='ltr' id='par_1_18' title="bbox 2208 565 3785 638">
     <span class='ocr_line' id='line_1_18' title="bbox 2208 565 3785 638; baseline -0.002 -18"><span class='ocrx_word' id='word_1_127' title='bbox 2208 584 2292 620; x_wconf 89' lang='grc' dir='ltr'><strong>σιν</strong></span> <span class='ocrx_word' id='word_1_128' title='bbox 2316 565 2455 636; x_wconf 76' lang='grc' dir='ltr'>ἔχων</span> <span class='ocrx_word' id='word_1_129' title='bbox 2481 566 2574 620; x_wconf 74' lang='grc' dir='ltr'>καὶ</span> <span class='ocrx_word' id='word_1_130' title='bbox 2598 566 2908 638; x_wconf 82' lang='grc' dir='ltr'><strong>ἀναδρομὴν</strong></span> <span class='ocrx_word' id='word_1_131' title='bbox 2931 566 3029 637; x_wconf 80' lang='grc' dir='ltr'>τὴν</span> <span class='ocrx_word' id='word_1_132' title='bbox 3058 569 3138 631; x_wconf 91' lang='grc' dir='ltr'><strong>είς</strong></span> <span class='ocrx_word' id='word_1_133' title='bbox 3165 566 3366 638; x_wconf 80' lang='grc' dir='ltr'>μονάδα</span> <span class='ocrx_word' id='word_1_134' title='bbox 3394 567 3578 622; x_wconf 84' lang='grc' dir='ltr'>πάλιν.</span> <span class='ocrx_word' id='word_1_135' title='bbox 3607 566 3785 635; x_wconf 80' lang='grc' dir='ltr'>Ὅπερ</span> 
     </span>
    </p>
   </div>
   <div class='ocr_carea' id='block_1_19' title="bbox 2205 654 3786 731">
    <p class='ocr_par' dir='ltr' id='par_1_19' title="bbox 2205 654 3786 731">
     <span class='ocr_line' id='line_1_19' title="bbox 2205 654 3786 731; baseline -0.002 -19"><span class='ocrx_word' id='word_1_136' title='bbox 2205 654 2301 712; x_wconf 80' lang='grc' dir='ltr'>οὖν</span> <span class='ocrx_word' id='word_1_137' title='bbox 2350 658 2510 730; x_wconf 72' lang='grc' dir='ltr'>ἔφην,</span> <span class='ocrx_word' id='word_1_138' title='bbox 2548 657 2889 729; x_wconf 80' lang='grc' dir='ltr'><strong>τελειότητος</strong></span> <span class='ocrx_word' id='word_1_139' title='bbox 2933 658 3201 730; x_wconf 87' lang='grc' dir='ltr'>σύμϐολον</span> <span class='ocrx_word' id='word_1_140' title='bbox 3232 659 3388 731; x_wconf 87' lang='grc' dir='ltr'>παρά</span> <span class='ocrx_word' id='word_1_141' title='bbox 3433 676 3497 728; x_wconf 84' lang='grc' dir='ltr'><strong>γε</strong></span> <span class='ocrx_word' id='word_1_142' title='bbox 3541 660 3608 729; x_wconf 80' lang='grc' dir='ltr'><strong>τῇ</strong></span> <span class='ocrx_word' id='word_1_143' title='bbox 3663 657 3786 727; x_wconf 65' lang='grc' dir='ltr'>θεία</span> 
     </span>
    </p>
   </div>
   <div class='ocr_carea' id='block_1_20' title="bbox 2207 748 3787 822">
    <p class='ocr_par' dir='ltr' id='par_1_20' title="bbox 2207 748 3787 822">
     <span class='ocr_line' id='line_1_20' title="bbox 2207 748 3787 822; baseline 0 -22"><span class='ocrx_word' id='word_1_144' title='bbox 2207 749 2396 820; x_wconf 71' lang='grc' dir='ltr'>Γραφῇ</span> <span class='ocrx_word' id='word_1_145' title='bbox 2416 786 2432 811; x_wconf 87' lang='grc'><strong>,</strong></span> <span class='ocrx_word' id='word_1_146' title='bbox 2464 748 2574 811; x_wconf 74' lang='grc' dir='ltr'>πᾶς</span> <span class='ocrx_word' id='word_1_147' title='bbox 2604 748 2839 819; x_wconf 75' lang='grc' dir='ltr'>ἀριθμὸς</span> <span class='ocrx_word' id='word_1_148' title='bbox 2872 749 3064 803; x_wconf 88' lang='grc' dir='ltr'>ἀνόπιν</span> <span class='ocrx_word' id='word_1_149' title='bbox 3103 750 3292 822; x_wconf 84' lang='grc' dir='ltr'>ὥσπερ</span> <span class='ocrx_word' id='word_1_150' title='bbox 3322 750 3416 804; x_wconf 84' lang='grc' dir='ltr'>ίὼν</span> <span class='ocrx_word' id='word_1_151' title='bbox 3443 751 3583 822; x_wconf 83' lang='grc' dir='ltr'>μετὰ</span> <span class='ocrx_word' id='word_1_152' title='bbox 3616 751 3676 803; x_wconf 84' lang='grc' dir='ltr'>τὸ</span> <span class='ocrx_word' id='word_1_153' title='bbox 3706 750 3787 811; x_wconf 84' lang='grc' dir='ltr'><strong>είς</strong></span> 
     </span>
    </p>
   </div>
   <div class='ocr_carea' id='block_1_21' title="bbox 2211 838 3786 913">
    <p class='ocr_par' dir='ltr' id='par_1_21' title="bbox 2211 838 3786 913">
     <span class='ocr_line' id='line_1_21' title="bbox 2211 838 3786 913; baseline 0.001 -23"><span class='ocrx_word' id='word_1_154' title='bbox 2211 838 2383 908; x_wconf 82' lang='grc' dir='ltr'>πέρας</span> <span class='ocrx_word' id='word_1_155' title='bbox 2399 838 2558 909; x_wconf 70' lang='grc' dir='ltr'>ἥκειν</span> <span class='ocrx_word' id='word_1_156' title='bbox 2585 838 2649 892; x_wconf 78' lang='grc' dir='ltr'>τὸ</span> <span class='ocrx_word' id='word_1_157' title='bbox 2675 839 2822 910; x_wconf 79' lang='grc' dir='ltr'>αὐτῷ</span> <span class='ocrx_word' id='word_1_158' title='bbox 2852 840 3059 912; x_wconf 79' lang='grc' dir='ltr'>πρέπον</span> <span class='ocrx_word' id='word_1_159' title='bbox 3085 858 3144 895; x_wconf 82' lang='grc' dir='ltr'><strong>τε</strong></span> <span class='ocrx_word' id='word_1_160' title='bbox 3175 843 3269 895; x_wconf 78' lang='grc' dir='ltr'>καὶ</span> <span class='ocrx_word' id='word_1_161' title='bbox 3292 842 3613 913; x_wconf 79' lang='grc' dir='ltr'>ὡρισμένον.</span> <span class='ocrx_word' id='word_1_162' title='bbox 3645 842 3786 909; x_wconf 69' lang='lat' dir='ltr'><strong>&quot;Op:</strong></span> 
     </span>
    </p>
   </div>
   <div class='ocr_carea' id='block_1_22' title="bbox 2207 929 3787 1002">
    <p class='ocr_par' dir='ltr' id='par_1_22' title="bbox 2207 929 3787 1002">
     <span class='ocr_line' id='line_1_22' title="bbox 2207 929 3787 1002; baseline -0.001 -19"><span class='ocrx_word' id='word_1_163' title='bbox 2207 930 2384 984; x_wconf 78' lang='grc' dir='ltr'>τοίνυν</span> <span class='ocrx_word' id='word_1_164' title='bbox 2412 930 2514 1000; x_wconf 83' lang='grc' dir='ltr'>τῆς</span> <span class='ocrx_word' id='word_1_165' title='bbox 2538 929 2698 999; x_wconf 80' lang='grc' dir='ltr'>ἁγίας</span> <span class='ocrx_word' id='word_1_166' title='bbox 2726 931 2959 1002; x_wconf 86' lang='grc' dir='ltr'>Τριάδος</span> <span class='ocrx_word' id='word_1_167' title='bbox 3004 931 3065 984; x_wconf 80' lang='grc' dir='ltr'>τὸ</span> <span class='ocrx_word' id='word_1_168' title='bbox 3100 933 3413 986; x_wconf 80' lang='grc' dir='ltr'>παντέλειον</span> <span class='ocrx_word' id='word_1_169' title='bbox 3441 931 3516 996; x_wconf 85' lang='grc' dir='ltr'>ὡς</span> <span class='ocrx_word' id='word_1_170' title='bbox 3550 935 3606 984; x_wconf 75' lang='grc' dir='ltr'>ἐν</span> <span class='ocrx_word' id='word_1_171' title='bbox 3639 929 3787 1001; x_wconf 77' lang='grc' dir='ltr'>τρισὶ</span> 
     </span>
    </p>
   </div>
   <div class='ocr_carea' id='block_1_23' title="bbox 2208 1021 3782 1095">
    <p class='ocr_par' dir='ltr' id='par_1_23' title="bbox 2208 1021 3782 1095">
     <span class='ocr_line' id='line_1_23' title="bbox 2208 1021 3782 1095; baseline -0.001 -20"><span class='ocrx_word' id='word_1_172' title='bbox 2208 1023 2428 1093; x_wconf 77' lang='grc' dir='ltr'>πήχεων</span> <span class='ocrx_word' id='word_1_173' title='bbox 2474 1022 2814 1076; x_wconf 81' lang='grc' dir='ltr'>ἑκατοντάσι.</span> <span class='ocrx_word' id='word_1_174' title='bbox 2863 1022 3034 1075; x_wconf 78' lang='grc' dir='ltr'>Τοῦτο</span> <span class='ocrx_word' id='word_1_175' title='bbox 3076 1023 3188 1095; x_wconf 83' lang='grc' dir='ltr'><strong>γὰρ</strong></span> <span class='ocrx_word' id='word_1_176' title='bbox 3223 1024 3400 1094; x_wconf 76' lang='grc' dir='ltr'>μῆκος</span> <span class='ocrx_word' id='word_1_177' title='bbox 3438 1027 3503 1095; x_wconf 78' lang='grc' dir='ltr'>τῇ</span> <span class='ocrx_word' id='word_1_178' title='bbox 3544 1021 3782 1089; x_wconf 80' lang='grc' dir='ltr'>κιϐωτῷ.</span> 
     </span>
    </p>
   </div>
   <div class='ocr_carea' id='block_1_24' title="bbox 2210 1110 3783 1184">
    <p class='ocr_par' dir='ltr' id='par_1_24' title="bbox 2210 1110 3783 1184">
     <span class='ocr_line' id='line_1_24' title="bbox 2210 1110 3783 1184; baseline -0.001 -19"><span class='ocrx_word' id='word_1_179' title='bbox 2210 1115 2330 1165; x_wconf 85' lang='grc' dir='ltr'><strong>Ὅτι</strong></span> <span class='ocrx_word' id='word_1_180' title='bbox 2366 1112 2427 1181; x_wconf 65' lang='grc' dir='ltr'><strong>δέ⁴</strong></span> <span class='ocrx_word' id='word_1_181' title='bbox 2448 1114 2584 1177; x_wconf 77' lang='grc' dir='ltr'>ἐστι,</span> <span class='ocrx_word' id='word_1_182' title='bbox 2607 1112 2674 1165; x_wconf 83' lang='grc' dir='ltr'><strong>ἶν’</strong></span> <span class='ocrx_word' id='word_1_183' title='bbox 2699 1110 2874 1175; x_wconf 77' lang='grc' dir='ltr'>οὕτως</span> <span class='ocrx_word' id='word_1_184' title='bbox 2901 1112 3167 1183; x_wconf 72' lang='grc' dir='ltr'>εἴπωμεν,</span> <span class='ocrx_word' id='word_1_185' title='bbox 3207 1114 3479 1184; x_wconf 86' lang='grc' dir='ltr'>τελειότης</span> <span class='ocrx_word' id='word_1_186' title='bbox 3511 1113 3783 1182; x_wconf 75' lang='grc' dir='ltr'>τελειοτή-</span> 
     </span>
    </p>
   </div>
   <div class='ocr_carea' id='block_1_25' title="bbox 2204 1202 3785 1278">
    <p class='ocr_par' dir='ltr' id='par_1_25' title="bbox 2204 1202 3785 1278">
     <span class='ocr_line' id='line_1_25' title="bbox 2204 1202 3785 1278; baseline -0.001 -20"><span class='ocrx_word' id='word_1_187' title='bbox 2204 1222 2313 1258; x_wconf 87' lang='grc' dir='ltr'><strong>των</strong></span> <span class='ocrx_word' id='word_1_188' title='bbox 2342 1207 2376 1276; x_wconf 78' lang='grc' dir='ltr'>ἠ</span> <span class='ocrx_word' id='word_1_189' title='bbox 2398 1206 2474 1269; x_wconf 88' lang='grc' dir='ltr'>ὡς</span> <span class='ocrx_word' id='word_1_190' title='bbox 2493 1208 2551 1258; x_wconf 76' lang='grc' dir='ltr'>ὲν</span> <span class='ocrx_word' id='word_1_191' title='bbox 2580 1204 2766 1275; x_wconf 79' lang='grc' dir='ltr'>μονάδι</span> <span class='ocrx_word' id='word_1_192' title='bbox 2786 1204 3010 1274; x_wconf 79' lang='grc' dir='ltr'>θεότης,</span> <span class='ocrx_word' id='word_1_193' title='bbox 3033 1204 3406 1278; x_wconf 79' lang='grc' dir='ltr'>ύπεμφήνειεν</span> <span class='ocrx_word' id='word_1_194' title='bbox 3431 1206 3496 1260; x_wconf 74' lang='grc' dir='ltr'>ἂν</span> <span class='ocrx_word' id='word_1_195' title='bbox 3522 1206 3583 1258; x_wconf 84' lang='grc' dir='ltr'>τὸ</span> <span class='ocrx_word' id='word_1_196' title='bbox 3605 1202 3785 1275; x_wconf 82' lang='grc' dir='ltr'>εὖρος,</span> 
     </span>
    </p>
   </div>
   <div class='ocr_carea' id='block_1_26' title="bbox 2206 1293 3787 1368">
    <p class='ocr_par' dir='ltr' id='par_1_26' title="bbox 2206 1293 3787 1368">
     <span class='ocr_line' id='line_1_26' title="bbox 2206 1293 3787 1368; baseline -0.001 -19"><span class='ocrx_word' id='word_1_197' title='bbox 2206 1293 2265 1350; x_wconf 81' lang='grc' dir='ltr'>εὖ</span> <span class='ocrx_word' id='word_1_198' title='bbox 2318 1297 2462 1366; x_wconf 84' lang='grc' dir='ltr'>μάλα</span> <span class='ocrx_word' id='word_1_199' title='bbox 2498 1296 2592 1348; x_wconf 74' lang='grc' dir='ltr'><strong>ἐπὶ</strong></span> <span class='ocrx_word' id='word_1_200' title='bbox 2616 1297 2814 1366; x_wconf 75' lang='grc' dir='ltr'>πήχεις</span> <span class='ocrx_word' id='word_1_201' title='bbox 2860 1295 2936 1349; x_wconf 76' lang='grc' dir='ltr'><strong>ἱὸν</strong></span> <span class='ocrx_word' id='word_1_202' title='bbox 2968 1298 3343 1368; x_wconf 73' lang='grc' dir='ltr'><strong>πεντήκοντα⁸</strong></span> <span class='ocrx_word' id='word_1_203' title='bbox 3374 1297 3669 1360; x_wconf 74' lang='grc' dir='ltr'><strong>τουτέστιν,</strong></span> <span class='ocrx_word' id='word_1_204' title='bbox 3709 1297 3787 1359; x_wconf 84' lang='grc' dir='ltr'>ὼς</span> 
     </span>
    </p>
   </div>
   <div class='ocr_carea' id='block_1_27' title="bbox 2206 1387 3787 1459">
    <p class='ocr_par' dir='ltr' id='par_1_27' title="bbox 2206 1387 3787 1459">
     <span class='ocr_line' id='line_1_27' title="bbox 2206 1387 3787 1459; baseline -0.001 -19"><span class='ocrx_word' id='word_1_205' title='bbox 2206 1391 2264 1440; x_wconf 71' lang='grc' dir='ltr'>ιν</span> <span class='ocrx_word' id='word_1_206' title='bbox 2294 1387 2586 1457; x_wconf 75' lang='grc' dir='ltr'>ἑϐδομάσιν</span> <span class='ocrx_word' id='word_1_207' title='bbox 2630 1387 2772 1441; x_wconf 76' lang='grc' dir='ltr'><strong>ἑπτὰ</strong></span> <span class='ocrx_word' id='word_1_208' title='bbox 2800 1389 3311 1459; x_wconf 72' lang='grc' dir='ltr'>προσενηνεγμένης</span> <span class='ocrx_word' id='word_1_209' title='bbox 3339 1389 3532 1452; x_wconf 79' lang='grc' dir='ltr'>αὐταῖς</span> <span class='ocrx_word' id='word_1_210' title='bbox 3562 1388 3659 1441; x_wconf 80' lang='grc' dir='ltr'>καὶ</span> <span class='ocrx_word' id='word_1_211' title='bbox 3690 1404 3787 1457; x_wconf 85' lang='grc' dir='ltr'>μο-</span> 
     </span>
    </p>
   </div>
   <div class='ocr_carea' id='block_1_28' title="bbox 2206 1475 3787 1551">
    <p class='ocr_par' dir='ltr' id='par_1_28' title="bbox 2206 1475 3787 1551">
     <span class='ocr_line' id='line_1_28' title="bbox 2206 1475 3787 1551; baseline -0.001 -17"><span class='ocrx_word' id='word_1_212' title='bbox 2206 1482 2380 1543; x_wconf 76' lang='grc' dir='ltr'>νάδος,</span> <span class='ocrx_word' id='word_1_213' title='bbox 2405 1481 2495 1535; x_wconf 84' lang='grc' dir='ltr'>διὰ</span> <span class='ocrx_word' id='word_1_214' title='bbox 2519 1481 2579 1534; x_wconf 84' lang='grc' dir='ltr'>τὸ</span> <span class='ocrx_word' id='word_1_215' title='bbox 2604 1480 2734 1551; x_wconf 80' lang='grc' dir='ltr'>μίαν</span> <span class='ocrx_word' id='word_1_216' title='bbox 2761 1475 2903 1533; x_wconf 77' lang='grc' dir='ltr'>εἶναι</span> <span class='ocrx_word' id='word_1_217' title='bbox 2925 1479 3191 1551; x_wconf 87' lang='grc' dir='ltr'>Θεότητος</span> <span class='ocrx_word' id='word_1_218' title='bbox 3217 1480 3399 1550; x_wconf 87' lang='grc' dir='ltr'>φύσιν.</span> <span class='ocrx_word' id='word_1_219' title='bbox 3433 1482 3543 1534; x_wconf 75' lang='lat' dir='ltr'><strong>Kal</strong></span> <span class='ocrx_word' id='word_1_220' title='bbox 3570 1479 3701 1535; x_wconf 76' lang='grc' dir='ltr'>αὐτὸ</span> <span class='ocrx_word' id='word_1_221' title='bbox 3730 1480 3787 1533; x_wconf 78' lang='grc' dir='ltr'>δὲ</span> 
     </span>
    </p>
   </div>
   <div class='ocr_carea' id='block_1_29' title="bbox 2205 1561 3783 1645">
    <p class='ocr_par' dir='ltr' id='par_1_29' title="bbox 2205 1561 3783 1645">
     <span class='ocr_line' id='line_1_29' title="bbox 2205 1561 3783 1645; baseline 0.002 -22"><span class='ocrx_word' id='word_1_222' title='bbox 2205 1570 2266 1623; x_wconf 82' lang='grc' dir='ltr'>τὸ</span> <span class='ocrx_word' id='word_1_223' title='bbox 2293 1569 2449 1640; x_wconf 75' lang='grc' dir='ltr'>ὕψος,</span> <span class='ocrx_word' id='word_1_224' title='bbox 2471 1572 2569 1641; x_wconf 75' lang='grc' dir='ltr'>οὐχ</span> <span class='ocrx_word' id='word_1_225' title='bbox 2590 1572 2783 1642; x_wconf 76' lang='grc' dir='ltr'>ἑτέραν</span> <span class='ocrx_word' id='word_1_226' title='bbox 2802 1572 2934 1642; x_wconf 79' lang='grc' dir='ltr'>ἡμῖν</span> <span class='ocrx_word' id='word_1_227' title='bbox 2955 1570 2989 1642; x_wconf 81' lang='grc' dir='ltr'>ἢ</span> <span class='ocrx_word' id='word_1_228' title='bbox 3014 1572 3222 1643; x_wconf 87' lang='grc' dir='ltr'>ταύτην</span> <span class='ocrx_word' id='word_1_229' title='bbox 3242 1573 3420 1627; x_wconf 87' lang='grc' dir='ltr'>ὠδίνει</span> <span class='ocrx_word' id='word_1_230' title='bbox 3441 1561 3538 1645; x_wconf 67' lang='grc' dir='ltr'>τῖὴν</span> <span class='ocrx_word' id='word_1_231' title='bbox 3556 1572 3783 1627; x_wconf 74' lang='grc' dir='ltr'>ἔννοιαν.</span> 
     </span>
    </p>
   </div>
   <div class='ocr_carea' id='block_1_30' title="bbox 2220 1663 3781 1735">
    <p class='ocr_par' dir='ltr' id='par_1_30' title="bbox 2220 1663 3781 1735">
     <span class='ocr_line' id='line_1_30' title="bbox 2220 1663 3781 1735; baseline -0.001 -18"><span class='ocrx_word' id='word_1_232' title='bbox 2220 1664 2671 1734; x_wconf 84' lang='grc' dir='ltr'>Ἀποπεραίνεται</span> <span class='ocrx_word' id='word_1_233' title='bbox 2702 1664 2803 1734; x_wconf 82' lang='grc' dir='ltr'>μὲν</span> <span class='ocrx_word' id='word_1_234' title='bbox 2827 1665 2936 1735; x_wconf 79' lang='grc' dir='ltr'>γὰρ</span> <span class='ocrx_word' id='word_1_235' title='bbox 2966 1666 3046 1728; x_wconf 90' lang='grc' dir='ltr'><strong>είς</strong></span> <span class='ocrx_word' id='word_1_236' title='bbox 3081 1665 3301 1735; x_wconf 76' lang='grc' dir='ltr'>πήχεων</span> <span class='ocrx_word' id='word_1_237' title='bbox 3333 1664 3531 1718; x_wconf 80' lang='grc' dir='ltr'>δεκάδα</span> <span class='ocrx_word' id='word_1_238' title='bbox 3561 1663 3781 1735; x_wconf 81' lang='grc' dir='ltr'>τρίτην·</span> 
     </span>
    </p>
   </div>
   <div class='ocr_carea' id='block_1_31' title="bbox 2206 1754 3789 1828">
    <p class='ocr_par' dir='ltr' id='par_1_31' title="bbox 2206 1754 3789 1828">
     <span class='ocr_line' id='line_1_31' title="bbox 2206 1754 3789 1828; baseline -0.001 -18"><span class='ocrx_word' id='word_1_239' title='bbox 2206 1758 2287 1820; x_wconf 83' lang='grc' dir='ltr'><strong>εἰς</strong></span> <span class='ocrx_word' id='word_1_240' title='bbox 2313 1756 2409 1810; x_wconf 71' lang='grc' dir='ltr'>ἕνα</span> <span class='ocrx_word' id='word_1_241' title='bbox 2440 1756 2498 1809; x_wconf 76' lang='grc' dir='ltr'>δὲ</span> <span class='ocrx_word' id='word_1_242' title='bbox 2524 1754 2588 1828; x_wconf 83' lang='grc' dir='ltr'>δὴ</span> <span class='ocrx_word' id='word_1_243' title='bbox 2619 1755 2711 1809; x_wconf 80' lang='grc' dir='ltr'><strong>τὸν</strong></span> <span class='ocrx_word' id='word_1_244' title='bbox 2751 1755 3149 1827; x_wconf 73' lang='grc' dir='ltr'>ὑπερκείμενόν</span> <span class='ocrx_word' id='word_1_245' title='bbox 3174 1772 3234 1809; x_wconf 86' lang='grc' dir='ltr'><strong>τε</strong></span> <span class='ocrx_word' id='word_1_246' title='bbox 3273 1756 3367 1808; x_wconf 75' lang='grc' dir='ltr'>καὶ</span> <span class='ocrx_word' id='word_1_247' title='bbox 3393 1756 3654 1809; x_wconf 72' lang='grc' dir='ltr'>ἀνωτάτω</span> <span class='ocrx_word' id='word_1_248' title='bbox 3683 1768 3789 1808; x_wconf 86' lang='grc' dir='ltr'>κα-</span> 
     </span>
    </p>
   </div>
   <div class='ocr_carea' id='block_1_32' title="bbox 519 1845 2106 1937">
    <p class='ocr_par' dir='ltr' id='par_1_32' title="bbox 519 1852 2100 1937">
     <span class='ocr_line' id='line_1_32' title="bbox 519 1852 2100 1937; baseline -0.009 -16"><span class='ocrx_word' id='word_1_249' title='bbox 519 1867 669 1937; x_wconf 82' lang='lat' dir='ltr'><strong>ginta</strong></span> <span class='ocrx_word' id='word_1_250' title='bbox 709 1863 879 1927; x_wconf 86' lang='lat' dir='ltr'><strong>enim,</strong></span> <span class='ocrx_word' id='word_1_251' title='bbox 921 1880 941 1912; x_wconf 71' lang='grc' dir='ltr'><strong>ι</strong></span> <span class='ocrx_word' id='word_1_252' title='bbox 975 1859 1174 1928; x_wconf 86' lang='lat' dir='ltr'><strong>inquit,</strong></span> <span class='ocrx_word' id='word_1_253' title='bbox 1210 1876 1231 1909; x_wconf 75' lang='grc' dir='ltr'><strong>ι</strong></span> <span class='ocrx_word' id='word_1_254' title='bbox 1260 1856 1574 1912; x_wconf 86' lang='lat' dir='ltr'><strong>cubitorum</strong></span> <span class='ocrx_word' id='word_1_255' title='bbox 1616 1852 1850 1910; x_wconf 86' lang='lat' dir='ltr'><strong>altitudo</strong></span> <span class='ocrx_word' id='word_1_256' title='bbox 1876 1853 2049 1923; x_wconf 88' lang='lat' dir='ltr'><strong>ipsius</strong></span> <span class='ocrx_word' id='word_1_257' title='bbox 2088 1871 2100 1907; x_wconf 94' lang='lat'>:</span> 
     </span>
    </p>
   </div>
   <div class='ocr_carea' id='block_1_33' title="bbox 2206 1845 3787 1937">
    <p class='ocr_par' dir='ltr' id='par_1_33' title="bbox 2206 1845 3787 1918">
     <span class='ocr_line' id='line_1_33' title="bbox 2206 1845 3787 1918; baseline -0.003 -18"><span class='ocrx_word' id='word_1_258' title='bbox 2206 1848 2430 1918; x_wconf 73' lang='grc' dir='ltr'>ταλήγιι</span> <span class='ocrx_word' id='word_1_259' title='bbox 2472 1847 2654 1901; x_wconf 76' lang='grc' dir='ltr'>πάλιν.</span> <span class='ocrx_word' id='word_1_260' title='bbox 2691 1866 2711 1900; x_wconf 73' lang='grc' dir='ltr'><strong>ι</strong></span> <span class='ocrx_word' id='word_1_261' title='bbox 2743 1848 3050 1917; x_wconf 79' lang='grc' dir='ltr'><strong>Τριάκοντα.</strong></span> <span class='ocrx_word' id='word_1_262' title='bbox 3075 1845 3217 1916; x_wconf 73' lang='grc' dir='ltr'>γὰρ,</span> <span class='ocrx_word' id='word_1_263' title='bbox 3260 1864 3279 1896; x_wconf 71' lang='grc' dir='ltr'><strong>ι</strong></span> <span class='ocrx_word' id='word_1_264' title='bbox 3310 1848 3466 1916; x_wconf 81' lang='grc' dir='ltr'>φησὶ,</span> <span class='ocrx_word' id='word_1_265' title='bbox 3507 1865 3526 1898; x_wconf 79' lang='grc' dir='ltr'><strong>ι</strong></span> <span class='ocrx_word' id='word_1_266' title='bbox 3565 1849 3787 1916; x_wconf 77' lang='grc' dir='ltr'>πήχεων</span> 
     </span>
    </p>
   </div>
   <div class='ocr_carea' id='block_1_34' title="bbox 516 1943 2101 2013">
    <p class='ocr_par' dir='ltr' id='par_1_34' title="bbox 516 1943 2101 2013">
     <span class='ocr_line' id='line_1_34' title="bbox 516 1943 2101 2013; baseline -0.009 -1"><span class='ocrx_word' id='word_1_267' title='bbox 516 1965 578 2012; x_wconf 87' lang='lat' dir='ltr'><strong>et</strong></span> <span class='ocrx_word' id='word_1_268' title='bbox 608 1956 667 2010; x_wconf 86' lang='lat' dir='ltr'><strong>in</strong></span> <span class='ocrx_word' id='word_1_269' title='bbox 694 1965 865 2009; x_wconf 88' lang='lat' dir='ltr'><strong>unum</strong></span> <span class='ocrx_word' id='word_1_270' title='bbox 902 1950 1151 2006; x_wconf 89' lang='lat' dir='ltr'><strong>cubitum</strong></span> <span class='ocrx_word' id='word_1_271' title='bbox 1178 1945 1584 2003; x_wconf 85' lang='lat' dir='ltr'><strong>eonsummabis</strong></span> <span class='ocrx_word' id='word_1_272' title='bbox 1614 1960 1739 2000; x_wconf 86' lang='lat' dir='ltr'><strong>eam</strong></span> <span class='ocrx_word' id='word_1_273' title='bbox 1774 1946 1840 1997; x_wconf 82' lang='lat'><strong>&quot;.</strong></span> <span class='ocrx_word' id='word_1_274' title='bbox 1869 1963 1887 1996; x_wconf 75' lang='grc' dir='ltr'><strong>ι</strong></span> <span class='ocrx_word' id='word_1_275' title='bbox 1914 1943 2101 2013; x_wconf 71' lang='lat' dir='ltr'><strong>Siqui-</strong></span> 
     </span>
    </p>
   </div>
   <div class='ocr_carea' id='block_1_35' title="bbox 520 2040 2105 2111">
    <p class='ocr_par' dir='ltr' id='par_1_35' title="bbox 520 2040 2105 2111">
     <span class='ocr_line' id='line_1_35' title="bbox 520 2040 2105 2111; baseline -0.009 -8"><span class='ocrx_word' id='word_1_276' title='bbox 520 2048 647 2103; x_wconf 85' lang='lat' dir='ltr'><strong>dem</strong></span> <span class='ocrx_word' id='word_1_277' title='bbox 666 2053 856 2103; x_wconf 85' lang='lat' dir='ltr'><strong>saneta</strong></span> <span class='ocrx_word' id='word_1_278' title='bbox 876 2043 1118 2098; x_wconf 85' lang='lat' dir='ltr'><strong>Trinitas</strong></span> <span class='ocrx_word' id='word_1_279' title='bbox 1140 2040 1197 2095; x_wconf 90' lang='lat' dir='ltr'><strong>in</strong></span> <span class='ocrx_word' id='word_1_280' title='bbox 1223 2048 1333 2096; x_wconf 89' lang='lat' dir='ltr'><strong>tres</strong></span> <span class='ocrx_word' id='word_1_281' title='bbox 1355 2040 1693 2111; x_wconf 82' lang='lat' dir='ltr'><strong>hypostases,</strong></span> <span class='ocrx_word' id='word_1_282' title='bbox 1716 2052 1819 2092; x_wconf 87' lang='lat' dir='ltr'><strong>nec</strong></span> <span class='ocrx_word' id='word_1_283' title='bbox 1841 2051 1951 2091; x_wconf 86' lang='lat' dir='ltr'><strong>non</strong></span> <span class='ocrx_word' id='word_1_284' title='bbox 1976 2050 2105 2106; x_wconf 89' lang='lat' dir='ltr'><strong>pro—</strong></span> 
     </span>
    </p>
   </div>
   <div class='ocr_carea' id='block_1_36' title="bbox 521 2128 2102 2210">
    <p class='ocr_par' dir='ltr' id='par_1_36' title="bbox 521 2128 2102 2210">
     <span class='ocr_line' id='line_1_36' title="bbox 521 2128 2102 2210; baseline -0.008 -16"><span class='ocrx_word' id='word_1_285' title='bbox 521 2142 767 2210; x_wconf 84' lang='lat' dir='ltr'><strong>priarum</strong></span> <span class='ocrx_word' id='word_1_286' title='bbox 794 2148 1150 2207; x_wconf 87' lang='lat' dir='ltr'><strong>personarum</strong></span> <span class='ocrx_word' id='word_1_287' title='bbox 1190 2132 1529 2187; x_wconf 83' lang='lat' dir='ltr'><strong>diﬂ‘erentias</strong></span> <span class='ocrx_word' id='word_1_288' title='bbox 1559 2130 1807 2195; x_wconf 88' lang='lat' dir='ltr'><strong>dilatata,</strong></span> <span class='ocrx_word' id='word_1_289' title='bbox 1844 2128 1901 2182; x_wconf 89' lang='lat' dir='ltr'><strong>in</strong></span> <span class='ocrx_word' id='word_1_290' title='bbox 1940 2142 2102 2183; x_wconf 88' lang='lat' dir='ltr'><strong>unam</strong></span> 
     </span>
    </p>
   </div>
   <div class='ocr_carea' id='block_1_37' title="bbox 520 2221 2103 2286">
    <p class='ocr_par' dir='ltr' id='par_1_37' title="bbox 520 2221 2103 2286">
     <span class='ocr_line' id='line_1_37' title="bbox 520 2221 2103 2286; baseline -0.008 0"><span class='ocrx_word' id='word_1_291' title='bbox 520 2230 746 2286; x_wconf 88' lang='lat' dir='ltr'><strong>Deitatis</strong></span> <span class='ocrx_word' id='word_1_292' title='bbox 778 2235 1032 2283; x_wconf 88' lang='lat' dir='ltr'><strong>naturam</strong></span> <span class='ocrx_word' id='word_1_293' title='bbox 1062 2224 1429 2282; x_wconf 81' lang='lat' dir='ltr'><strong>contrahitur.</strong></span> <span class='ocrx_word' id='word_1_294' title='bbox 1460 2222 1665 2278; x_wconf 88' lang='lat' dir='ltr'><strong>Gentes</strong></span> <span class='ocrx_word' id='word_1_295' title='bbox 1686 2222 1836 2276; x_wconf 85' lang='lat' dir='ltr'><strong>enim</strong></span> <span class='ocrx_word' id='word_1_296' title='bbox 1872 2221 2103 2275; x_wconf 90' lang='lat' dir='ltr'><strong>deorum</strong></span> 
     </span>
    </p>
   </div>
   <div class='ocr_carea' id='block_1_38' title="bbox 518 2307 2102 2386">
    <p class='ocr_par' dir='ltr' id='par_1_38' title="bbox 518 2307 2102 2386">
     <span class='ocr_line' id='line_1_38' title="bbox 518 2307 2102 2386; baseline -0.006 -16"><span class='ocrx_word' id='word_1_297' title='bbox 518 2315 831 2386; x_wconf 83' lang='lat' dir='ltr'><strong>pluralitate</strong></span> <span class='ocrx_word' id='word_1_298' title='bbox 863 2314 1125 2384; x_wconf 76' lang='lat' dir='ltr'><strong>gaudent.</strong></span> <span class='ocrx_word' id='word_1_299' title='bbox 1155 2309 1267 2367; x_wconf 82' lang='lat' dir='ltr'><strong>Nos</strong></span> <span class='ocrx_word' id='word_1_300' title='bbox 1291 2319 1476 2365; x_wconf 87' lang='lat' dir='ltr'><strong>autem</strong></span> <span class='ocrx_word' id='word_1_301' title='bbox 1516 2307 1754 2373; x_wconf 87' lang='lat' dir='ltr'><strong>Patrem,</strong></span> <span class='ocrx_word' id='word_1_302' title='bbox 1790 2316 1847 2364; x_wconf 90' lang='lat' dir='ltr'><strong>et</strong></span> <span class='ocrx_word' id='word_1_303' title='bbox 1882 2308 2102 2372; x_wconf 83' lang='lat' dir='ltr'><strong>Filium,</strong></span> 
     </span>
    </p>
   </div>
   <div class='ocr_carea' id='block_1_39' title="bbox 518 2396 2105 2473">
    <p class='ocr_par' dir='ltr' id='par_1_39' title="bbox 518 2396 2105 2473">
     <span class='ocr_line' id='line_1_39' title="bbox 518 2396 2105 2473; baseline -0.006 -14"><span class='ocrx_word' id='word_1_304' title='bbox 518 2413 574 2459; x_wconf 92' lang='lat' dir='ltr'><strong>et</strong></span> <span class='ocrx_word' id='word_1_305' title='bbox 604 2402 869 2473; x_wconf 84' lang='lat' dir='ltr'><strong>Spiritum</strong></span> <span class='ocrx_word' id='word_1_306' title='bbox 908 2410 1161 2455; x_wconf 89' lang='lat' dir='ltr'><strong>sanctum</strong></span> <span class='ocrx_word' id='word_1_307' title='bbox 1194 2399 1252 2452; x_wconf 88' lang='lat' dir='ltr'><strong>in</strong></span> <span class='ocrx_word' id='word_1_308' title='bbox 1296 2396 1536 2468; x_wconf 82' lang='lat' dir='ltr'><strong>propriis</strong></span> <span class='ocrx_word' id='word_1_309' title='bbox 1576 2411 1766 2451; x_wconf 87' lang='lat' dir='ltr'><strong>revera</strong></span> <span class='ocrx_word' id='word_1_310' title='bbox 1796 2396 2105 2468; x_wconf 84' lang='lat' dir='ltr'><strong>hypostasi-</strong></span> 
     </span>
    </p>
   </div>
   <div class='ocr_carea' id='block_1_40' title="bbox 523 2490 2104 2559">
    <p class='ocr_par' dir='ltr' id='par_1_40' title="bbox 523 2490 2104 2559">
     <span class='ocr_line' id='line_1_40' title="bbox 523 2490 2104 2559; baseline -0.006 -6"><span class='ocrx_word' id='word_1_311' title='bbox 523 2501 626 2554; x_wconf 87' lang='lat' dir='ltr'><strong>bus</strong></span> <span class='ocrx_word' id='word_1_312' title='bbox 651 2496 1070 2559; x_wconf 83' lang='lat' dir='ltr'><strong>constituentes,</strong></span> <span class='ocrx_word' id='word_1_313' title='bbox 1101 2493 1314 2548; x_wconf 83' lang='lat' dir='ltr'><strong>unitate</strong></span> <span class='ocrx_word' id='word_1_314' title='bbox 1352 2500 1562 2547; x_wconf 58' lang='lat' dir='ltr'><strong>natura!</strong></span> <span class='ocrx_word' id='word_1_315' title='bbox 1591 2505 1789 2546; x_wconf 87' lang='lat' dir='ltr'><strong>ornare</strong></span> <span class='ocrx_word' id='word_1_316' title='bbox 1817 2490 2057 2545; x_wconf 85' lang='lat' dir='ltr'><strong>solemus</strong></span> <span class='ocrx_word' id='word_1_317' title='bbox 2087 2506 2104 2555; x_wconf 91' lang='lat'><strong>;</strong></span> 
     </span>
    </p>
   </div>
   <div class='ocr_carea' id='block_1_41' title="bbox 518 2579 2102 2644">
    <p class='ocr_par' dir='ltr' id='par_1_41' title="bbox 518 2579 2102 2644">
     <span class='ocr_line' id='line_1_41' title="bbox 518 2579 2102 2644; baseline -0.007 1"><span class='ocrx_word' id='word_1_318' title='bbox 518 2598 578 2644; x_wconf 92' lang='lat' dir='ltr'><strong>et</strong></span> <span class='ocrx_word' id='word_1_319' title='bbox 611 2586 930 2644; x_wconf 83' lang='lat' dir='ltr'><strong>substantiae</strong></span> <span class='ocrx_word' id='word_1_320' title='bbox 956 2584 1243 2640; x_wconf 84' lang='lat' dir='ltr'><strong>identitate</strong></span> <span class='ocrx_word' id='word_1_321' title='bbox 1273 2590 1487 2638; x_wconf 84' lang='lat' dir='ltr'><strong>tantum</strong></span> <span class='ocrx_word' id='word_1_322' title='bbox 1527 2595 1641 2637; x_wconf 85' lang='lat' dir='ltr'><strong>non</strong></span> <span class='ocrx_word' id='word_1_323' title='bbox 1681 2579 1847 2636; x_wconf 89' lang='lat' dir='ltr'><strong>simul</strong></span> <span class='ocrx_word' id='word_1_324' title='bbox 1884 2589 2067 2635; x_wconf 91' lang='lat' dir='ltr'><strong>erecta</strong></span> <span class='ocrx_word' id='word_1_325' title='bbox 2088 2620 2102 2644; x_wconf 92' lang='lat'><strong>,</strong></span> 
     </span>
    </p>
   </div>
   <div class='ocr_carea' id='block_1_42' title="bbox 520 2668 2106 2743">
    <p class='ocr_par' dir='ltr' id='par_1_42' title="bbox 520 2668 2106 2743">
     <span class='ocr_line' id='line_1_42' title="bbox 520 2668 2106 2743; baseline -0.006 -11"><span class='ocrx_word' id='word_1_326' title='bbox 520 2676 578 2732; x_wconf 88' lang='lat' dir='ltr'><strong>iu</strong></span> <span class='ocrx_word' id='word_1_327' title='bbox 612 2692 784 2732; x_wconf 89' lang='lat' dir='ltr'><strong>unum</strong></span> <span class='ocrx_word' id='word_1_328' title='bbox 822 2675 1072 2731; x_wconf 88' lang='lat' dir='ltr'><strong>cubitum</strong></span> <span class='ocrx_word' id='word_1_329' title='bbox 1103 2672 1320 2743; x_wconf 73' lang='lat' dir='ltr'><strong>longam</strong></span> <span class='ocrx_word' id='word_1_330' title='bbox 1350 2678 1408 2727; x_wconf 90' lang='lat' dir='ltr'><strong>et</strong></span> <span class='ocrx_word' id='word_1_331' title='bbox 1436 2671 1625 2737; x_wconf 90' lang='lat' dir='ltr'><strong>latam,</strong></span> <span class='ocrx_word' id='word_1_332' title='bbox 1657 2685 1761 2725; x_wconf 89' lang='lat' dir='ltr'><strong>nec</strong></span> <span class='ocrx_word' id='word_1_333' title='bbox 1792 2685 1903 2724; x_wconf 89' lang='lat' dir='ltr'><strong>non</strong></span> <span class='ocrx_word' id='word_1_334' title='bbox 1941 2668 2106 2723; x_wconf 87' lang='lat' dir='ltr'><strong>altam</strong></span> 
     </span>
    </p>
   </div>
   <div class='ocr_carea' id='block_1_43' title="bbox 519 2759 2106 2832">
    <p class='ocr_par' dir='ltr' id='par_1_43' title="bbox 519 2759 2106 2832">
     <span class='ocr_line' id='line_1_43' title="bbox 519 2759 2106 2832; baseline -0.006 -8"><span class='ocrx_word' id='word_1_335' title='bbox 519 2783 705 2824; x_wconf 80' lang='lat' dir='ltr'><strong>arcam</strong></span> <span class='ocrx_word' id='word_1_336' title='bbox 739 2780 1205 2824; x_wconf 84' lang='lat' dir='ltr'><strong>consummamus.</strong></span> <span class='ocrx_word' id='word_1_337' title='bbox 1237 2763 1423 2818; x_wconf 79' lang='lat' dir='ltr'><strong>Salvat</strong></span> <span class='ocrx_word' id='word_1_338' title='bbox 1450 2763 1635 2832; x_wconf 83' lang='lat' dir='ltr'><strong>itaque</strong></span> <span class='ocrx_word' id='word_1_339' title='bbox 1662 2776 1763 2816; x_wconf 86' lang='lat' dir='ltr'><strong>nos</strong></span> <span class='ocrx_word' id='word_1_340' title='bbox 1785 2776 1886 2831; x_wconf 88' lang='lat' dir='ltr'><strong>per</strong></span> <span class='ocrx_word' id='word_1_341' title='bbox 1904 2761 2017 2831; x_wconf 73' lang='lat'><strong>38</strong></span> <span class='ocrx_word' id='word_1_342' title='bbox 2040 2759 2106 2813; x_wconf 85' lang='lat' dir='ltr'><strong>ﬁ-</strong></span> 
     </span>
    </p>
   </div>
   <div class='ocr_carea' id='block_1_44' title="bbox 520 2850 2108 2919">
    <p class='ocr_par' dir='ltr' id='par_1_44' title="bbox 520 2850 2108 2919">
     <span class='ocr_line' id='line_1_44' title="bbox 520 2850 2108 2919; baseline -0.004 -7"><span class='ocrx_word' id='word_1_343' title='bbox 520 2856 645 2912; x_wconf 88' lang='lat' dir='ltr'><strong>dem</strong></span> <span class='ocrx_word' id='word_1_344' title='bbox 671 2854 946 2919; x_wconf 85' lang='lat' dir='ltr'><strong>Christus,</strong></span> <span class='ocrx_word' id='word_1_345' title='bbox 977 2863 1034 2909; x_wconf 91' lang='lat' dir='ltr'><strong>et</strong></span> <span class='ocrx_word' id='word_1_346' title='bbox 1057 2852 1228 2909; x_wconf 85' lang='lat' dir='ltr'><strong>veluti</strong></span> <span class='ocrx_word' id='word_1_347' title='bbox 1256 2852 1313 2907; x_wconf 89' lang='lat' dir='ltr'><strong>in</strong></span> <span class='ocrx_word' id='word_1_348' title='bbox 1352 2860 1536 2906; x_wconf 86' lang='lat' dir='ltr'><strong>arcam</strong></span> <span class='ocrx_word' id='word_1_349' title='bbox 1573 2851 1633 2905; x_wconf 83' lang='lat' dir='ltr'><strong>in</strong></span> <span class='ocrx_word' id='word_1_350' title='bbox 1667 2850 1968 2907; x_wconf 83' lang='lat' dir='ltr'><strong>Eeclesiam</strong></span> <span class='ocrx_word' id='word_1_351' title='bbox 2006 2865 2108 2905; x_wconf 87' lang='lat' dir='ltr'><strong>nos</strong></span> 
     </span>
    </p>
   </div>
   <div class='ocr_carea' id='block_1_45' title="bbox 521 2941 2104 3015">
    <p class='ocr_par' dir='ltr' id='par_1_45' title="bbox 521 2941 2104 3015">
     <span class='ocr_line' id='line_1_45' title="bbox 521 2941 2104 3015; baseline -0.004 -12"><span class='ocrx_word' id='word_1_352' title='bbox 521 2946 754 3011; x_wconf 89' lang='lat' dir='ltr'><strong>inducit,</strong></span> <span class='ocrx_word' id='word_1_353' title='bbox 779 2945 836 3000; x_wconf 88' lang='lat' dir='ltr'><strong>in</strong></span> <span class='ocrx_word' id='word_1_354' title='bbox 871 2960 980 3015; x_wconf 91' lang='lat' dir='ltr'><strong>qua</strong></span> <span class='ocrx_word' id='word_1_355' title='bbox 1006 2942 1291 3013; x_wconf 86' lang='lat' dir='ltr'><strong>constituti</strong></span> <span class='ocrx_word' id='word_1_356' title='bbox 1332 2942 1527 2998; x_wconf 89' lang='lat' dir='ltr'><strong>mortis</strong></span> <span class='ocrx_word' id='word_1_357' title='bbox 1554 2951 1762 2997; x_wconf 85' lang='lat' dir='ltr'><strong>metum</strong></span> <span class='ocrx_word' id='word_1_358' title='bbox 1789 2941 2104 3007; x_wconf 86' lang='lat' dir='ltr'><strong>evademus,</strong></span> 
     </span>
    </p>
   </div>
   <div class='ocr_carea' id='block_1_46' title="bbox 517 3034 2104 3093">
    <p class='ocr_par' dir='ltr' id='par_1_46' title="bbox 517 3034 2104 3093">
     <span class='ocr_line' id='line_1_46' title="bbox 517 3034 2104 3093; baseline -0.003 0"><span class='ocrx_word' id='word_1_359' title='bbox 517 3038 699 3093; x_wconf 85' lang='lat' dir='ltr'><strong>securi</strong></span> <span class='ocrx_word' id='word_1_360' title='bbox 728 3053 797 3092; x_wconf 88' lang='lat' dir='ltr'><strong>ne</strong></span> <span class='ocrx_word' id='word_1_361' title='bbox 826 3052 951 3093; x_wconf 88' lang='lat' dir='ltr'><strong>cum</strong></span> <span class='ocrx_word' id='word_1_362' title='bbox 998 3034 1207 3090; x_wconf 89' lang='lat' dir='ltr'><strong>mundo</strong></span> <span class='ocrx_word' id='word_1_363' title='bbox 1244 3034 1695 3090; x_wconf 85' lang='lat' dir='ltr'><strong>condemnemur.</strong></span> <span class='ocrx_word' id='word_1_364' title='bbox 1737 3034 1933 3090; x_wconf 85' lang='lat' dir='ltr'><strong>Aderit</strong></span> <span class='ocrx_word' id='word_1_365' title='bbox 1957 3035 2104 3090; x_wconf 85' lang='lat' dir='ltr'><strong>enim</strong></span> 
     </span>
    </p>
   </div>
   <div class='ocr_carea' id='block_1_47' title="bbox 520 3122 1593 3199">
    <p class='ocr_par' dir='ltr' id='par_1_47' title="bbox 520 3122 1593 3199">
     <span class='ocr_line' id='line_1_47' title="bbox 520 3122 1593 3199; baseline -0.004 -17"><span class='ocrx_word' id='word_1_366' title='bbox 520 3128 680 3184; x_wconf 86' lang='lat' dir='ltr'><strong>nobis</strong></span> <span class='ocrx_word' id='word_1_367' title='bbox 706 3129 888 3199; x_wconf 86' lang='lat' dir='ltr'><strong>justus</strong></span> <span class='ocrx_word' id='word_1_368' title='bbox 913 3125 1050 3192; x_wconf 86' lang='lat' dir='ltr'><strong>Noe,</strong></span> <span class='ocrx_word' id='word_1_369' title='bbox 1081 3126 1187 3182; x_wconf 89' lang='lat' dir='ltr'><strong>hoc</strong></span> <span class='ocrx_word' id='word_1_370' title='bbox 1214 3132 1300 3179; x_wconf 85' lang='lat' dir='ltr'><strong>est</strong></span> <span class='ocrx_word' id='word_1_371' title='bbox 1319 3122 1593 3180; x_wconf 84' lang='lat' dir='ltr'><strong>Christus.</strong></span> 
     </span>
    </p>
   </div>
   <div class='ocr_carea' id='block_1_48' title="bbox 2203 1937 3786 2009">
    <p class='ocr_par' dir='ltr' id='par_1_48' title="bbox 2203 1937 3786 2009">
     <span class='ocr_line' id='line_1_48' title="bbox 2203 1937 3786 2009; baseline -0.002 -17"><span class='ocrx_word' id='word_1_372' title='bbox 2203 1938 2264 1992; x_wconf 82' lang='grc' dir='ltr'><strong>τδ</strong></span> <span class='ocrx_word' id='word_1_373' title='bbox 2304 1937 2437 2008; x_wconf 76' lang='grc' dir='ltr'>ὕψος</span> <span class='ocrx_word' id='word_1_374' title='bbox 2469 1939 2671 2008; x_wconf 75' lang='grc' dir='ltr'>αὐτῆςο</span> <span class='ocrx_word' id='word_1_375' title='bbox 2710 1938 2806 1993; x_wconf 65' lang='grc' dir='ltr'><strong>καὶ¹</strong></span> <span class='ocrx_word' id='word_1_376' title='bbox 2852 1941 2933 2002; x_wconf 83' lang='grc' dir='ltr'><strong>είς</strong></span> <span class='ocrx_word' id='word_1_377' title='bbox 2963 1938 3060 1992; x_wconf 75' lang='grc' dir='ltr'>ἕνα</span> <span class='ocrx_word' id='word_1_378' title='bbox 3101 1938 3280 2009; x_wconf 76' lang='grc' dir='ltr'>πῆχυν</span> <span class='ocrx_word' id='word_1_379' title='bbox 3314 1938 3653 2001; x_wconf 79' lang='grc' dir='ltr'>συντελέσεις</span> <span class='ocrx_word' id='word_1_380' title='bbox 3684 1938 3786 1990; x_wconf 74' lang='grc' dir='ltr'><strong>αὺ-</strong></span> 
     </span>
    </p>
   </div>
   <div class='ocr_carea' id='block_1_49' title="bbox 2201 2029 3785 2103">
    <p class='ocr_par' dir='ltr' id='par_1_49' title="bbox 2201 2029 3785 2103">
     <span class='ocr_line' id='line_1_49' title="bbox 2201 2029 3785 2103; baseline -0.001 -19"><span class='ocrx_word' id='word_1_381' title='bbox 2201 2032 2320 2103; x_wconf 84' lang='grc' dir='ltr'>τήν.</span> <span class='ocrx_word' id='word_1_382' title='bbox 2395 2050 2414 2082; x_wconf 76' lang='grc' dir='ltr'><strong>ι</strong></span> <span class='ocrx_word' id='word_1_383' title='bbox 2474 2030 2824 2102; x_wconf 83' lang='grc' dir='ltr'>Εὐρυνομένη</span> <span class='ocrx_word' id='word_1_384' title='bbox 2861 2030 2973 2100; x_wconf 83' lang='grc' dir='ltr'><strong>γὰρ</strong></span> <span class='ocrx_word' id='word_1_385' title='bbox 3000 2029 3190 2101; x_wconf 81' lang='grc' dir='ltr'>ὥσπερ</span> <span class='ocrx_word' id='word_1_386' title='bbox 3231 2030 3312 2093; x_wconf 79' lang='grc' dir='ltr'><strong>είς</strong></span> <span class='ocrx_word' id='word_1_387' title='bbox 3343 2032 3495 2100; x_wconf 82' lang='grc' dir='ltr'>τρεῖς</span> <span class='ocrx_word' id='word_1_388' title='bbox 3543 2029 3785 2083; x_wconf 78' lang='grc' dir='ltr'>ὑποστά-</span> 
     </span>
    </p>
   </div>
   <div class='ocr_carea' id='block_1_50' title="bbox 2205 2119 3783 2191">
    <p class='ocr_par' dir='ltr' id='par_1_50' title="bbox 2205 2119 3783 2191">
     <span class='ocr_line' id='line_1_50' title="bbox 2205 2119 3783 2191; baseline 0.001 -18"><span class='ocrx_word' id='word_1_389' title='bbox 2205 2138 2340 2174; x_wconf 83' lang='grc' dir='ltr'>σεων</span> <span class='ocrx_word' id='word_1_390' title='bbox 2366 2121 2457 2175; x_wconf 70' lang='grc' dir='ltr'>καὶ</span> <span class='ocrx_word' id='word_1_391' title='bbox 2481 2121 2586 2191; x_wconf 82' lang='grc' dir='ltr'>μὴν</span> <span class='ocrx_word' id='word_1_392' title='bbox 2615 2122 2709 2174; x_wconf 64' lang='grc' dir='ltr'>καὶ</span> <span class='ocrx_word' id='word_1_393' title='bbox 2740 2120 3047 2191; x_wconf 79' lang='grc' dir='ltr'>προσώπων</span> <span class='ocrx_word' id='word_1_394' title='bbox 3081 2119 3265 2175; x_wconf 74' lang='grc' dir='ltr'>ίδικῶν</span> <span class='ocrx_word' id='word_1_395' title='bbox 3289 2120 3551 2191; x_wconf 75' lang='grc' dir='ltr'>διαφορὰς</span> <span class='ocrx_word' id='word_1_396' title='bbox 3581 2121 3615 2191; x_wconf 76' lang='grc' dir='ltr'>ἡ</span> <span class='ocrx_word' id='word_1_397' title='bbox 3652 2120 3783 2189; x_wconf 82' lang='grc' dir='ltr'>ἁγία</span> 
     </span>
    </p>
   </div>
   <div class='ocr_carea' id='block_1_51' title="bbox 2204 2202 3781 2282">
    <p class='ocr_par' dir='ltr' id='par_1_51' title="bbox 2204 2202 3781 2282">
     <span class='ocr_line' id='line_1_51' title="bbox 2204 2202 3781 2282; baseline 0 -19"><span class='ocrx_word' id='word_1_398' title='bbox 2204 2210 2401 2282; x_wconf 79' lang='grc' dir='ltr'>Τριάς,</span> <span class='ocrx_word' id='word_1_399' title='bbox 2432 2214 2511 2274; x_wconf 80' lang='grc' dir='ltr'>εἰς</span> <span class='ocrx_word' id='word_1_400' title='bbox 2552 2210 2681 2281; x_wconf 85' lang='grc' dir='ltr'>μίαν</span> <span class='ocrx_word' id='word_1_401' title='bbox 2712 2209 2979 2282; x_wconf 84' lang='grc' dir='ltr'>Θεότητος</span> <span class='ocrx_word' id='word_1_402' title='bbox 3012 2202 3177 2264; x_wconf 66' lang='grc' dir='ltr'>οἱονεὶ</span> <span class='ocrx_word' id='word_1_403' title='bbox 3204 2210 3548 2263; x_wconf 70' lang='grc' dir='ltr'><strong>συστέλλεται</strong></span> <span class='ocrx_word' id='word_1_404' title='bbox 3596 2209 3781 2278; x_wconf 83' lang='grc' dir='ltr'>φύσιν.</span> 
     </span>
    </p>
   </div>
   <div class='ocr_carea' id='block_1_52' title="bbox 2204 2300 3783 2372">
    <p class='ocr_par' dir='ltr' id='par_1_52' title="bbox 2204 2300 3783 2372">
     <span class='ocr_line' id='line_1_52' title="bbox 2204 2300 3783 2372; baseline -0.001 -17"><span class='ocrx_word' id='word_1_405' title='bbox 2204 2301 2467 2369; x_wconf 80' lang='grc' dir='ltr'>Ἕλληνες</span> <span class='ocrx_word' id='word_1_406' title='bbox 2499 2302 2595 2372; x_wconf 80' lang='grc' dir='ltr'>μὲν</span> <span class='ocrx_word' id='word_1_407' title='bbox 2624 2300 2735 2372; x_wconf 79' lang='grc' dir='ltr'><strong>γὰρ</strong></span> <span class='ocrx_word' id='word_1_408' title='bbox 2766 2300 2867 2372; x_wconf 84' lang='grc' dir='ltr'>τὴν</span> <span class='ocrx_word' id='word_1_409' title='bbox 2896 2303 2978 2364; x_wconf 85' lang='grc' dir='ltr'><strong>είς</strong></span> <span class='ocrx_word' id='word_1_410' title='bbox 3012 2301 3276 2355; x_wconf 87' lang='grc' dir='ltr'>πολύθεον</span> <span class='ocrx_word' id='word_1_411' title='bbox 3304 2301 3573 2371; x_wconf 80' lang='grc' dir='ltr'>πλάνησιν</span> <span class='ocrx_word' id='word_1_412' title='bbox 3607 2300 3783 2370; x_wconf 79' lang='grc' dir='ltr'>τιμῶ·-</span> 
     </span>
    </p>
   </div>
   <div class='ocr_carea' id='block_1_53' title="bbox 2207 2393 3785 2468">
    <p class='ocr_par' dir='ltr' id='par_1_53' title="bbox 2207 2393 3785 2468">
     <span class='ocr_line' id='line_1_53' title="bbox 2207 2393 3785 2468; baseline 0.001 -22"><span class='ocrx_word' id='word_1_413' title='bbox 2207 2410 2291 2448; x_wconf 89' lang='grc' dir='ltr'><strong>σιν</strong></span> <span class='ocrx_word' id='word_1_414' title='bbox 2314 2393 2454 2447; x_wconf 78' lang='grc' dir='ltr'>ὀδόν.</span> <span class='ocrx_word' id='word_1_415' title='bbox 2501 2394 2692 2464; x_wconf 81' lang='grc' dir='ltr'><strong>Ἡμεῖς</strong></span> <span class='ocrx_word' id='word_1_416' title='bbox 2737 2393 2795 2447; x_wconf 76' lang='grc' dir='ltr'>δὲ</span> <span class='ocrx_word' id='word_1_417' title='bbox 2830 2394 3048 2466; x_wconf 82' lang='grc' dir='ltr'>Πατέρα</span> <span class='ocrx_word' id='word_1_418' title='bbox 3068 2436 3083 2459; x_wconf 93' lang='grc'><strong>,</strong></span> <span class='ocrx_word' id='word_1_419' title='bbox 3129 2394 3223 2448; x_wconf 74' lang='grc' dir='ltr'><strong>καὶ</strong></span> <span class='ocrx_word' id='word_1_420' title='bbox 3257 2394 3363 2468; x_wconf 83' lang='grc' dir='ltr'>μὴν</span> <span class='ocrx_word' id='word_1_421' title='bbox 3393 2395 3486 2449; x_wconf 72' lang='grc' dir='ltr'>καὶ</span> <span class='ocrx_word' id='word_1_422' title='bbox 3526 2394 3653 2448; x_wconf 81' lang='grc' dir='ltr'><strong>Υἱὸν</strong></span> <span class='ocrx_word' id='word_1_423' title='bbox 3688 2395 3785 2448; x_wconf 74' lang='grc' dir='ltr'>καὶ</span> 
     </span>
    </p>
   </div>
   <div class='ocr_carea' id='block_1_54' title="bbox 2206 2483 3783 2556">
    <p class='ocr_par' dir='ltr' id='par_1_54' title="bbox 2206 2483 3783 2556">
     <span class='ocr_line' id='line_1_54' title="bbox 2206 2483 3783 2556; baseline 0 -18"><span class='ocrx_word' id='word_1_424' title='bbox 2206 2486 2360 2553; x_wconf 70' lang='grc' dir='ltr'>ἅγιον</span> <span class='ocrx_word' id='word_1_425' title='bbox 2390 2483 2616 2555; x_wconf 78' lang='grc' dir='ltr'>Πνεῦμα</span> <span class='ocrx_word' id='word_1_426' title='bbox 2645 2484 3128 2556; x_wconf 71' lang='grc' dir='ltr'>καταλογιζόμενοι</span> <span class='ocrx_word' id='word_1_427' title='bbox 3152 2503 3212 2539; x_wconf 83' lang='grc' dir='ltr'><strong>τε</strong></span> <span class='ocrx_word' id='word_1_428' title='bbox 3257 2486 3352 2539; x_wconf 69' lang='grc' dir='ltr'>καὶ</span> <span class='ocrx_word' id='word_1_429' title='bbox 3386 2485 3627 2548; x_wconf 77' lang='grc' dir='ltr'>τιθέντες</span> <span class='ocrx_word' id='word_1_430' title='bbox 3649 2484 3783 2554; x_wconf 79' lang='grc' dir='ltr'>ἁλη-</span> 
     </span>
    </p>
   </div>
   <div class='ocr_carea' id='block_1_55' title="bbox 2206 2574 3784 2649">
    <p class='ocr_par' dir='ltr' id='par_1_55' title="bbox 2206 2574 3784 2649">
     <span class='ocr_line' id='line_1_55' title="bbox 2206 2574 3784 2649; baseline 0.001 -20"><span class='ocrx_word' id='word_1_431' title='bbox 2206 2576 2314 2640; x_wconf 76' lang='grc' dir='ltr'><strong>θῶς</strong></span> <span class='ocrx_word' id='word_1_432' title='bbox 2347 2578 2404 2630; x_wconf 75' lang='grc' dir='ltr'>ἑν</span> <span class='ocrx_word' id='word_1_433' title='bbox 2438 2577 2800 2630; x_wconf 77' lang='grc' dir='ltr'>ὑποστάσεσιν</span> <span class='ocrx_word' id='word_1_434' title='bbox 2848 2576 3062 2642; x_wconf 85' lang='grc' dir='ltr'>ίδικαῖς,</span> <span class='ocrx_word' id='word_1_435' title='bbox 3091 2577 3306 2649; x_wconf 78' lang='grc' dir='ltr'>ἑνότητι</span> <span class='ocrx_word' id='word_1_436' title='bbox 3337 2574 3551 2647; x_wconf 83' lang='grc' dir='ltr'>φύσεως</span> <span class='ocrx_word' id='word_1_437' title='bbox 3581 2593 3784 2644; x_wconf 75' lang='grc' dir='ltr'>στεφα-</span> 
     </span>
    </p>
   </div>
   <div class='ocr_carea' id='block_1_56' title="bbox 2205 2667 3785 2740">
    <p class='ocr_par' dir='ltr' id='par_1_56' title="bbox 2205 2667 3785 2740">
     <span class='ocr_line' id='line_1_56' title="bbox 2205 2667 3785 2740; baseline -0.001 -18"><span class='ocrx_word' id='word_1_438' title='bbox 2205 2667 2331 2722; x_wconf 84' lang='grc' dir='ltr'>νοῦν</span> <span class='ocrx_word' id='word_1_439' title='bbox 2359 2667 2663 2739; x_wconf 80' lang='grc' dir='ltr'>είθίσμεθα.</span> <span class='ocrx_word' id='word_1_440' title='bbox 2687 2669 2797 2723; x_wconf 82' lang='lat' dir='ltr'><strong>Kal.</strong></span> <span class='ocrx_word' id='word_1_441' title='bbox 2816 2670 2884 2739; x_wconf 79' lang='grc' dir='ltr'><strong>τῇ</strong></span> <span class='ocrx_word' id='word_1_442' title='bbox 2912 2670 3010 2740; x_wconf 84' lang='grc' dir='ltr'>τῆς</span> <span class='ocrx_word' id='word_1_443' title='bbox 3033 2669 3219 2733; x_wconf 74' lang='grc' dir='ltr'>οὐσίας</span> <span class='ocrx_word' id='word_1_444' title='bbox 3237 2669 3526 2738; x_wconf 85' lang='grc' dir='ltr'>ταυτότητι</span> <span class='ocrx_word' id='word_1_445' title='bbox 3549 2667 3785 2738; x_wconf 80' lang='grc' dir='ltr'>συνεγεί-</span> 
     </span>
    </p>
   </div>
   <div class='ocr_carea' id='block_1_57' title="bbox 2209 2758 3788 2831">
    <p class='ocr_par' dir='ltr' id='par_1_57' title="bbox 2209 2758 3788 2831">
     <span class='ocr_line' id='line_1_57' title="bbox 2209 2758 3788 2831; baseline 0 -20"><span class='ocrx_word' id='word_1_446' title='bbox 2209 2774 2395 2830; x_wconf 86' lang='grc' dir='ltr'>ροντες</span> <span class='ocrx_word' id='word_1_447' title='bbox 2430 2758 2713 2829; x_wconf 68' lang='grc' dir='ltr'>μονονουχὶ</span> <span class='ocrx_word' id='word_1_448' title='bbox 2743 2760 2837 2812; x_wconf 74' lang='grc' dir='ltr'>καὶ</span> <span class='ocrx_word' id='word_1_449' title='bbox 2864 2759 2944 2823; x_wconf 87' lang='grc' dir='ltr'><strong>είς</strong></span> <span class='ocrx_word' id='word_1_450' title='bbox 2971 2759 3068 2812; x_wconf 74' lang='grc' dir='ltr'>ἕνα</span> <span class='ocrx_word' id='word_1_451' title='bbox 3096 2759 3276 2830; x_wconf 78' lang='grc' dir='ltr'>πῆχυν</span> <span class='ocrx_word' id='word_1_452' title='bbox 3306 2761 3407 2830; x_wconf 83' lang='grc' dir='ltr'>τὴν</span> <span class='ocrx_word' id='word_1_453' title='bbox 3441 2759 3659 2831; x_wconf 82' lang='grc' dir='ltr'>μακρὰν</span> <span class='ocrx_word' id='word_1_454' title='bbox 3691 2760 3788 2812; x_wconf 74' lang='grc' dir='ltr'>καὶ</span> 
     </span>
    </p>
   </div>
   <div class='ocr_carea' id='block_1_58' title="bbox 2207 2848 3788 2920">
    <p class='ocr_par' dir='ltr' id='par_1_58' title="bbox 2207 2848 3788 2920">
     <span class='ocr_line' id='line_1_58' title="bbox 2207 2848 3788 2920; baseline 0.002 -20"><span class='ocrx_word' id='word_1_455' title='bbox 2207 2848 2447 2919; x_wconf 77' lang='grc' dir='ltr'>εὐρεῖαν,</span> <span class='ocrx_word' id='word_1_456' title='bbox 2476 2849 2571 2901; x_wconf 74' lang='grc' dir='ltr'>καὶ</span> <span class='ocrx_word' id='word_1_457' title='bbox 2596 2849 2695 2920; x_wconf 78' lang='grc' dir='ltr'>μέν</span> <span class='ocrx_word' id='word_1_458' title='bbox 2723 2865 2807 2902; x_wconf 87' lang='grc' dir='ltr'><strong>τοι</strong></span> <span class='ocrx_word' id='word_1_459' title='bbox 2836 2848 2931 2902; x_wconf 74' lang='grc' dir='ltr'>καὶ</span> <span class='ocrx_word' id='word_1_460' title='bbox 2962 2848 3192 2919; x_wconf 73' lang='grc' dir='ltr'>ὑψηλὴν,</span> <span class='ocrx_word' id='word_1_461' title='bbox 3226 2848 3590 2920; x_wconf 80' lang='grc' dir='ltr'>συντελοῦμεν</span> <span class='ocrx_word' id='word_1_462' title='bbox 3617 2849 3788 2903; x_wconf 83' lang='grc' dir='ltr'>κιϐω-</span> 
     </span>
    </p>
   </div>
   <div class='ocr_carea' id='block_1_59' title="bbox 2205 2938 3784 3013">
    <p class='ocr_par' dir='ltr' id='par_1_59' title="bbox 2205 2938 3784 3013">
     <span class='ocr_line' id='line_1_59' title="bbox 2205 2938 3784 3013; baseline 0 -20"><span class='ocrx_word' id='word_1_463' title='bbox 2205 2939 2317 2993; x_wconf 82' lang='grc' dir='ltr'>τόν.</span> <span class='ocrx_word' id='word_1_464' title='bbox 2351 2938 2646 3004; x_wconf 80' lang='grc' dir='ltr'>Ἀνασώζει</span> <span class='ocrx_word' id='word_1_465' title='bbox 2693 2942 2981 3013; x_wconf 73' lang='grc' dir='ltr'>τοιγαροῦν</span> <span class='ocrx_word' id='word_1_466' title='bbox 3024 2942 3173 3013; x_wconf 76' lang='grc' dir='ltr'>ἡμᾶς</span> <span class='ocrx_word' id='word_1_467' title='bbox 3201 2940 3259 2994; x_wconf 80' lang='grc' dir='ltr'>ὲν</span> <span class='ocrx_word' id='word_1_468' title='bbox 3297 2941 3480 2994; x_wconf 84' lang='grc' dir='ltr'>πίστει</span> <span class='ocrx_word' id='word_1_469' title='bbox 3526 2941 3784 3012; x_wconf 82' lang='grc' dir='ltr'>Χριστὸς,</span> 
     </span>
    </p>
   </div>
   <div class='ocr_carea' id='block_1_60' title="bbox 2207 3027 3785 3105">
    <p class='ocr_par' dir='ltr' id='par_1_60' title="bbox 2207 3027 3785 3105">
     <span class='ocr_line' id='line_1_60' title="bbox 2207 3027 3785 3105; baseline 0.002 -20"><span class='ocrx_word' id='word_1_470' title='bbox 2207 3033 2302 3086; x_wconf 77' lang='grc' dir='ltr'>καὶ</span> <span class='ocrx_word' id='word_1_471' title='bbox 2328 3027 2416 3085; x_wconf 74' lang='grc' dir='ltr'><strong>οἶά</strong></span> <span class='ocrx_word' id='word_1_472' title='bbox 2437 3049 2541 3104; x_wconf 83' lang='grc' dir='ltr'><strong>περ</strong></span> <span class='ocrx_word' id='word_1_473' title='bbox 2563 3034 2641 3097; x_wconf 90' lang='grc' dir='ltr'><strong>είς</strong></span> <span class='ocrx_word' id='word_1_474' title='bbox 2666 3033 2898 3088; x_wconf 80' lang='grc' dir='ltr'>κιϐωτὸν</span> <span class='ocrx_word' id='word_1_475' title='bbox 2926 3034 3278 3100; x_wconf 79' lang='grc' dir='ltr'>είσοικίζεται</span> <span class='ocrx_word' id='word_1_476' title='bbox 3301 3033 3400 3104; x_wconf 78' lang='grc' dir='ltr'>τὴν</span> <span class='ocrx_word' id='word_1_477' title='bbox 3436 3029 3785 3105; x_wconf 77' lang='grc' dir='ltr'>Ἐκκλησίαν,</span> 
     </span>
    </p>
   </div>
   <div class='ocr_carea' id='block_1_61' title="bbox 2207 3117 3787 3198">
    <p class='ocr_par' dir='ltr' id='par_1_61' title="bbox 2207 3117 3787 3198">
     <span class='ocr_line' id='line_1_61' title="bbox 2207 3117 3787 3198; baseline 0.004 -23"><span class='ocrx_word' id='word_1_478' title='bbox 2207 3124 2265 3176; x_wconf 73' lang='grc' dir='ltr'>ἑν</span> <span class='ocrx_word' id='word_1_479' title='bbox 2384 3124 2671 3193; x_wconf 81' lang='grc' dir='ltr'>γεγονότες</span> <span class='ocrx_word' id='word_1_480' title='bbox 2723 3125 3143 3198; x_wconf 81' lang='grc' dir='ltr'>ὓπερνηξόμεθα</span> <span class='ocrx_word' id='word_1_481' title='bbox 3176 3125 3275 3197; x_wconf 73' lang='grc' dir='ltr'>μὲν</span> <span class='ocrx_word' id='word_1_482' title='bbox 3320 3124 3415 3180; x_wconf 75' lang='grc' dir='ltr'><strong>τοῦ</strong></span> <span class='ocrx_word' id='word_1_483' title='bbox 3458 3125 3691 3182; x_wconf 83' lang='grc' dir='ltr'>θανάτου</span> <span class='ocrx_word' id='word_1_484' title='bbox 3724 3127 3787 3181; x_wconf 82' lang='grc' dir='ltr'><strong>τδ</strong></span> 
     </span>
    </p>
   </div>
   <div class='ocr_carea' id='block_1_62' title="bbox 519 3212 3788 3290">
    <p class='ocr_par' dir='ltr' id='par_1_62' title="bbox 519 3212 3788 3290">
     <span class='ocr_line' id='line_1_62' title="bbox 519 3212 3788 3290; baseline 0.002 -21"><span class='ocrx_word' id='word_1_485' title='bbox 519 3217 680 3287; x_wconf 82' lang='grc' dir='ltr'>δεῖμα</span> <span class='ocrx_word' id='word_1_486' title='bbox 703 3258 719 3282; x_wconf 96' lang='grc'><strong>,</strong></span> <span class='ocrx_word' id='word_1_487' title='bbox 768 3216 1216 3287; x_wconf 78' lang='grc' dir='ltr'>διαδιδράσκομεν</span> <span class='ocrx_word' id='word_1_488' title='bbox 1260 3215 1319 3268; x_wconf 84' lang='grc' dir='ltr'>δὲ</span> <span class='ocrx_word' id='word_1_489' title='bbox 1348 3214 1410 3267; x_wconf 82' lang='grc' dir='ltr'><strong>τὺ</strong></span> <span class='ocrx_word' id='word_1_490' title='bbox 1461 3213 1991 3284; x_wconf 85' lang='grc' dir='ltr'>συγκατακρίνεσθαι</span> <span class='ocrx_word' id='word_1_491' title='bbox 2024 3212 2103 3284; x_wconf 81' lang='grc' dir='ltr'><strong>τῷ</strong></span> <span class='ocrx_word' id='word_1_492' title='bbox 2139 3213 2351 3285; x_wconf 80' lang='grc' dir='ltr'>κόσμῳ.</span> <span class='ocrx_word' id='word_1_493' title='bbox 2384 3216 2644 3270; x_wconf 79' lang='grc' dir='ltr'>Συνέσται</span> <span class='ocrx_word' id='word_1_494' title='bbox 2707 3217 2815 3289; x_wconf 83' lang='grc' dir='ltr'><strong>γὰρ</strong></span> <span class='ocrx_word' id='word_1_495' title='bbox 2853 3219 2983 3290; x_wconf 74' lang='grc' dir='ltr'>ἡμῖν</span> <span class='ocrx_word' id='word_1_496' title='bbox 3008 3220 3037 3273; x_wconf 84' lang='grc' dir='ltr'>ὁ</span> <span class='ocrx_word' id='word_1_497' title='bbox 3073 3217 3280 3285; x_wconf 88' lang='grc' dir='ltr'>δίκαιος</span> <span class='ocrx_word' id='word_1_498' title='bbox 3338 3221 3483 3290; x_wconf 87' lang='grc' dir='ltr'>Νῶε,</span> <span class='ocrx_word' id='word_1_499' title='bbox 3538 3224 3788 3278; x_wconf 80' lang='grc' dir='ltr'>τουτέστι</span> 
     </span>
    </p>
   </div>
   <div class='ocr_carea' id='block_1_63' title="bbox 521 3307 777 3380">
    <p class='ocr_par' dir='ltr' id='par_1_63' title="bbox 521 3307 777 3380">
     <span class='ocr_line' id='line_1_63' title="bbox 521 3307 777 3380; baseline -0.004 -19"><span class='ocrx_word' id='word_1_500' title='bbox 521 3307 777 3380; x_wconf 85' lang='grc' dir='ltr'>Χριστός.</span> 
     </span>
    </p>
   </div>
   <div class='ocr_carea' id='block_1_64' title="bbox 595 3387 2106 3469">
    <p class='ocr_par' dir='ltr' id='par_1_64' title="bbox 595 3394 2103 3467">
     <span class='ocr_line' id='line_1_64' title="bbox 595 3394 2103 3467; baseline -0.002 -15"><span class='ocrx_word' id='word_1_501' title='bbox 595 3399 648 3453; x_wconf 89' lang='lat'><strong>7.</strong></span> <span class='ocrx_word' id='word_1_502' title='bbox 677 3397 870 3467; x_wconf 68' lang='lat' dir='ltr'><strong>Operm</strong></span> <span class='ocrx_word' id='word_1_503' title='bbox 896 3396 1134 3467; x_wconf 88' lang='lat' dir='ltr'><strong>pretium</strong></span> <span class='ocrx_word' id='word_1_504' title='bbox 1163 3410 1290 3450; x_wconf 86' lang='lat' dir='ltr'><strong>vero</strong></span> <span class='ocrx_word' id='word_1_505' title='bbox 1310 3410 1432 3451; x_wconf 90' lang='lat' dir='ltr'><strong>esse</strong></span> <span class='ocrx_word' id='word_1_506' title='bbox 1453 3395 1712 3461; x_wconf 86' lang='lat' dir='ltr'><strong>arbitror,</strong></span> <span class='ocrx_word' id='word_1_507' title='bbox 1743 3402 1997 3451; x_wconf 72' lang='lat' dir='ltr'><strong>accurate</strong></span> <span class='ocrx_word' id='word_1_508' title='bbox 2017 3394 2103 3450; x_wconf 84' lang='lat' dir='ltr'><strong>in-</strong></span> 
     </span>
    </p>
   </div>
   <div class='ocr_carea' id='block_1_65' title="bbox 2206 3387 3787 3469">
    <p class='ocr_par' dir='ltr' id='par_1_65' title="bbox 2279 3387 3787 3469">
     <span class='ocr_line' id='line_1_65' title="bbox 2279 3387 3787 3469; baseline 0.005 -22"><span class='ocrx_word' id='word_1_509' title='bbox 2279 3393 2346 3459; x_wconf 67' lang='lat' dir='ltr'><strong>C&#39;.</strong></span> <span class='ocrx_word' id='word_1_510' title='bbox 2380 3391 2641 3458; x_wconf 71' lang='grc' dir='ltr'>Ἄξιον-δὲ</span> <span class='ocrx_word' id='word_1_511' title='bbox 2664 3387 2819 3465; x_wconf 75' lang='grc' dir='ltr'>οἶμαι</span> <span class='ocrx_word' id='word_1_512' title='bbox 2848 3394 3374 3469; x_wconf 82' lang='grc' dir='ltr'>πολυπραγμονῆσαι</span> <span class='ocrx_word' id='word_1_513' title='bbox 3401 3399 3614 3464; x_wconf 81' lang='grc' dir='ltr'>λεπτῶς</span> <span class='ocrx_word' id='word_1_514' title='bbox 3641 3401 3787 3465; x_wconf 85' lang='grc' dir='ltr'>τίνες</span> 
     </span>
    </p>
   </div>
   <div class='ocr_carea' id='block_1_66' title="bbox 523 3485 2107 3564">
    <p class='ocr_par' dir='ltr' id='par_1_66' title="bbox 523 3485 2107 3564">
     <span class='ocr_line' id='line_1_66' title="bbox 523 3485 2107 3564; baseline -0.006 -16"><span class='ocrx_word' id='word_1_515' title='bbox 523 3492 748 3564; x_wconf 83' lang='lat' dir='ltr'><strong>quirere</strong></span> <span class='ocrx_word' id='word_1_516' title='bbox 795 3489 1020 3559; x_wconf 88' lang='lat' dir='ltr'><strong>quinam</strong></span> <span class='ocrx_word' id='word_1_517' title='bbox 1050 3503 1156 3543; x_wconf 91' lang='lat' dir='ltr'><strong>una</strong></span> <span class='ocrx_word' id='word_1_518' title='bbox 1182 3502 1308 3541; x_wconf 89' lang='lat' dir='ltr'><strong>cum</strong></span> <span class='ocrx_word' id='word_1_519' title='bbox 1341 3486 1455 3541; x_wconf 86' lang='lat' dir='ltr'><strong>Noe</strong></span> <span class='ocrx_word' id='word_1_520' title='bbox 1485 3501 1673 3541; x_wconf 86' lang='lat' dir='ltr'><strong>arcam</strong></span> <span class='ocrx_word' id='word_1_521' title='bbox 1713 3485 1827 3541; x_wconf 85' lang='lat' dir='ltr'><strong>sint</strong></span> <span class='ocrx_word' id='word_1_522' title='bbox 1855 3485 2107 3556; x_wconf 78' lang='lat' dir='ltr'><strong>ingressi,</strong></span> 
     </span>
    </p>
   </div>
   <div class='ocr_carea' id='block_1_67' title="bbox 523 3574 2109 3650">
    <p class='ocr_par' dir='ltr' id='par_1_67' title="bbox 523 3574 2109 3650">
     <span class='ocr_line' id='line_1_67' title="bbox 523 3574 2109 3650; baseline -0.006 -12"><span class='ocrx_word' id='word_1_523' title='bbox 523 3592 583 3638; x_wconf 88' lang='lat' dir='ltr'><strong>et</strong></span> <span class='ocrx_word' id='word_1_524' title='bbox 612 3581 845 3637; x_wconf 82' lang='lat' dir='ltr'><strong>salutem</strong></span> <span class='ocrx_word' id='word_1_525' title='bbox 874 3594 975 3650; x_wconf 90' lang='lat' dir='ltr'><strong>per</strong></span> <span class='ocrx_word' id='word_1_526' title='bbox 999 3576 1159 3632; x_wconf 86' lang='lat' dir='ltr'><strong>ﬁdem</strong></span> <span class='ocrx_word' id='word_1_527' title='bbox 1193 3585 1249 3631; x_wconf 91' lang='lat' dir='ltr'><strong>et</strong></span> <span class='ocrx_word' id='word_1_528' title='bbox 1271 3591 1468 3646; x_wconf 89' lang='lat' dir='ltr'><strong>aquam</strong></span> <span class='ocrx_word' id='word_1_529' title='bbox 1490 3576 1603 3632; x_wconf 88' lang='lat' dir='ltr'><strong>sint</strong></span> <span class='ocrx_word' id='word_1_530' title='bbox 1626 3575 1929 3632; x_wconf 77' lang='lat' dir='ltr'><strong>consecuti.</strong></span> <span class='ocrx_word' id='word_1_531' title='bbox 1958 3574 2109 3631; x_wconf 85' lang='lat' dir='ltr'><strong>Scri-</strong></span> 
     </span>
    </p>
   </div>
   <div class='ocr_carea' id='block_1_68' title="bbox 525 3668 2165 3745">
    <p class='ocr_par' dir='ltr' id='par_1_68' title="bbox 525 3668 2165 3745">
     <span class='ocr_line' id='line_1_68' title="bbox 525 3668 2165 3745; baseline -0.005 -16"><span class='ocrx_word' id='word_1_532' title='bbox 525 3682 681 3745; x_wconf 91' lang='lat' dir='ltr'><strong>ptum</strong></span> <span class='ocrx_word' id='word_1_533' title='bbox 706 3671 874 3743; x_wconf 71' lang='lat' dir='ltr'><strong>igitur</strong></span> <span class='ocrx_word' id='word_1_534' title='bbox 903 3678 988 3725; x_wconf 92' lang='lat' dir='ltr'><strong>est</strong></span> <span class='ocrx_word' id='word_1_535' title='bbox 1019 3690 1036 3721; x_wconf 79' lang='grc' dir='ltr'><strong>ι</strong></span> <span class='ocrx_word' id='word_1_536' title='bbox 1060 3668 1206 3740; x_wconf 91' lang='lat' dir='ltr'><strong>quod</strong></span> <span class='ocrx_word' id='word_1_537' title='bbox 1228 3668 1507 3741; x_wconf 72' lang='lat' dir='ltr'><strong>ingressus</strong></span> <span class='ocrx_word' id='word_1_538' title='bbox 1520 3678 1606 3724; x_wconf 90' lang='lat' dir='ltr'><strong>est</strong></span> <span class='ocrx_word' id='word_1_539' title='bbox 1620 3669 1735 3724; x_wconf 86' lang='lat' dir='ltr'><strong>Noe</strong></span> <span class='ocrx_word' id='word_1_540' title='bbox 1752 3668 1809 3725; x_wconf 90' lang='lat' dir='ltr'><strong>in</strong></span> <span class='ocrx_word' id='word_1_541' title='bbox 1824 3684 2030 3733; x_wconf 83' lang='lat' dir='ltr'><strong>arcam,</strong></span> <span class='ocrx_word' id='word_1_542' title='bbox 2053 3675 2111 3724; x_wconf 83' lang='lat' dir='ltr'><strong>et</strong></span> <span class='ocrx_word' id='word_1_543' title='bbox 2161 3684 2165 3688; x_wconf 70' lang='grc'><strong>’</strong></span> 
     </span>
    </p>
   </div>
   <div class='ocr_carea' id='block_1_69' title="bbox 526 3756 2111 3832">
    <p class='ocr_par' dir='ltr' id='par_1_69' title="bbox 526 3756 2111 3832">
     <span class='ocr_line' id='line_1_69' title="bbox 526 3756 2111 3832; baseline -0.004 -15"><span class='ocrx_word' id='word_1_544' title='bbox 526 3761 624 3818; x_wconf 86' lang='lat' dir='ltr'><strong>ﬁlii</strong></span> <span class='ocrx_word' id='word_1_545' title='bbox 659 3760 858 3832; x_wconf 89' lang='lat' dir='ltr'><strong>ipsius,</strong></span> <span class='ocrx_word' id='word_1_546' title='bbox 878 3767 935 3815; x_wconf 92' lang='lat' dir='ltr'><strong>et</strong></span> <span class='ocrx_word' id='word_1_547' title='bbox 968 3774 1105 3814; x_wconf 81' lang='lat' dir='ltr'><strong>uxor</strong></span> <span class='ocrx_word' id='word_1_548' title='bbox 1132 3759 1325 3828; x_wconf 90' lang='lat' dir='ltr'><strong>ipsius,</strong></span> <span class='ocrx_word' id='word_1_549' title='bbox 1349 3765 1409 3812; x_wconf 93' lang='lat' dir='ltr'><strong>et</strong></span> <span class='ocrx_word' id='word_1_550' title='bbox 1440 3771 1638 3813; x_wconf 77' lang='lat' dir='ltr'><strong>uxores</strong></span> <span class='ocrx_word' id='word_1_551' title='bbox 1673 3756 1910 3813; x_wconf 86' lang='lat' dir='ltr'><strong>ﬁliorum</strong></span> <span class='ocrx_word' id='word_1_552' title='bbox 1939 3756 2111 3828; x_wconf 84' lang='lat' dir='ltr'><strong>ipsius</strong></span> 
     </span>
    </p>
   </div>
   <div class='ocr_carea' id='block_1_70' title="bbox 527 3849 2108 3922">
    <p class='ocr_par' dir='ltr' id='par_1_70' title="bbox 527 3849 2108 3922">
     <span class='ocr_line' id='line_1_70' title="bbox 527 3849 2108 3922; baseline -0.004 -13"><span class='ocrx_word' id='word_1_553' title='bbox 527 3867 652 3909; x_wconf 90' lang='lat' dir='ltr'><strong>cum</strong></span> <span class='ocrx_word' id='word_1_554' title='bbox 684 3852 804 3922; x_wconf 87' lang='lat' dir='ltr'><strong>ipso</strong></span> <span class='ocrx_word' id='word_1_555' title='bbox 827 3850 895 3904; x_wconf 79' lang='lat'><strong>&quot;.</strong></span> <span class='ocrx_word' id='word_1_556' title='bbox 926 3870 944 3901; x_wconf 70' lang='grc' dir='ltr'><strong>ι</strong></span> <span class='ocrx_word' id='word_1_557' title='bbox 970 3849 1192 3905; x_wconf 66' lang='grc' dir='ltr'>Ιυᾱυῑὶι</span> <span class='ocrx_word' id='word_1_558' title='bbox 1230 3856 1415 3904; x_wconf 89' lang='lat' dir='ltr'><strong>autem</strong></span> <span class='ocrx_word' id='word_1_559' title='bbox 1448 3864 1572 3903; x_wconf 90' lang='lat' dir='ltr'><strong>cum</strong></span> <span class='ocrx_word' id='word_1_560' title='bbox 1615 3849 1721 3914; x_wconf 90' lang='lat' dir='ltr'><strong>bis,</strong></span> <span class='ocrx_word' id='word_1_561' title='bbox 1748 3864 1816 3904; x_wconf 83' lang='lat' dir='ltr'><strong>ex</strong></span> <span class='ocrx_word' id='word_1_562' title='bbox 1840 3849 1989 3904; x_wconf 88' lang='lat' dir='ltr'><strong>omni</strong></span> <span class='ocrx_word' id='word_1_563' title='bbox 2014 3862 2108 3919; x_wconf 74' lang='lat' dir='ltr'><strong>ge-</strong></span> 
     </span>
    </p>
   </div>
   <div class='ocr_carea' id='block_1_71' title="bbox 525 3939 2110 4011">
    <p class='ocr_par' dir='ltr' id='par_1_71' title="bbox 525 3939 2110 4011">
     <span class='ocr_line' id='line_1_71' title="bbox 525 3939 2110 4011; baseline -0.004 -11"><span class='ocrx_word' id='word_1_564' title='bbox 525 3959 656 4000; x_wconf 87' lang='lat' dir='ltr'><strong>nere</strong></span> <span class='ocrx_word' id='word_1_565' title='bbox 697 3941 1017 3998; x_wconf 89' lang='lat' dir='ltr'><strong>animalium</strong></span> <span class='ocrx_word' id='word_1_566' title='bbox 1066 3951 1127 3998; x_wconf 84' lang='lat' dir='ltr'><strong>et</strong></span> <span class='ocrx_word' id='word_1_567' title='bbox 1166 3941 1473 3997; x_wconf 85' lang='lat' dir='ltr'><strong>volucrium</strong></span> <span class='ocrx_word' id='word_1_568' title='bbox 1523 3947 1732 4011; x_wconf 85' lang='lat' dir='ltr'><strong>septem</strong></span> <span class='ocrx_word' id='word_1_569' title='bbox 1772 3939 1995 4011; x_wconf 89' lang='lat' dir='ltr'><strong>quidem</strong></span> <span class='ocrx_word' id='word_1_570' title='bbox 2042 3956 2110 3995; x_wconf 79' lang='lat' dir='ltr'><strong>ex</strong></span> 
     </span>
    </p>
   </div>
   <div class='ocr_carea' id='block_1_72' title="bbox 527 4032 2109 4104">
    <p class='ocr_par' dir='ltr' id='par_1_72' title="bbox 527 4032 2109 4104">
     <span class='ocr_line' id='line_1_72' title="bbox 527 4032 2109 4104; baseline -0.002 -14"><span class='ocrx_word' id='word_1_571' title='bbox 527 4034 766 4099; x_wconf 83' lang='lat' dir='ltr'><strong>mundis,</strong></span> <span class='ocrx_word' id='word_1_572' title='bbox 799 4034 909 4089; x_wconf 90' lang='lat' dir='ltr'><strong>duo</strong></span> <span class='ocrx_word' id='word_1_573' title='bbox 932 4048 1066 4089; x_wconf 84' lang='lat' dir='ltr'><strong>vero</strong></span> <span class='ocrx_word' id='word_1_574' title='bbox 1097 4049 1166 4088; x_wconf 82' lang='lat' dir='ltr'><strong>ex</strong></span> <span class='ocrx_word' id='word_1_575' title='bbox 1191 4033 1508 4089; x_wconf 87' lang='lat' dir='ltr'><strong>immundis.</strong></span> <span class='ocrx_word' id='word_1_576' title='bbox 1538 4033 1618 4087; x_wconf 88' lang='lat' dir='ltr'><strong>lta</strong></span> <span class='ocrx_word' id='word_1_577' title='bbox 1645 4032 1794 4087; x_wconf 90' lang='lat' dir='ltr'><strong>enim</strong></span> <span class='ocrx_word' id='word_1_578' title='bbox 1824 4032 1938 4087; x_wconf 92' lang='lat' dir='ltr'><strong>Deo</strong></span> <span class='ocrx_word' id='word_1_579' title='bbox 1966 4047 2109 4104; x_wconf 72' lang='lat' dir='ltr'><strong>prae-</strong></span> 
     </span>
    </p>
   </div>
   <div class='ocr_carea' id='block_1_73' title="bbox 525 4123 2112 4196">
    <p class='ocr_par' dir='ltr' id='par_1_73' title="bbox 525 4123 2112 4196">
     <span class='ocr_line' id='line_1_73' title="bbox 525 4123 2112 4196; baseline -0.001 -16"><span class='ocrx_word' id='word_1_580' title='bbox 525 4127 710 4196; x_wconf 89' lang='lat' dir='ltr'><strong>cipere</strong></span> <span class='ocrx_word' id='word_1_581' title='bbox 746 4126 927 4179; x_wconf 83' lang='lat' dir='ltr'><strong>visum</strong></span> <span class='ocrx_word' id='word_1_582' title='bbox 976 4124 1101 4178; x_wconf 75' lang='lat' dir='ltr'><strong>fuit.</strong></span> <span class='ocrx_word' id='word_1_583' title='bbox 1142 4125 1378 4179; x_wconf 85' lang='lat' dir='ltr'><strong>Nomina</strong></span> <span class='ocrx_word' id='word_1_584' title='bbox 1419 4133 1602 4181; x_wconf 85' lang='lat' dir='ltr'><strong>autem</strong></span> <span class='ocrx_word' id='word_1_585' title='bbox 1648 4124 1887 4179; x_wconf 88' lang='lat' dir='ltr'><strong>ﬁliorum</strong></span> <span class='ocrx_word' id='word_1_586' title='bbox 1934 4123 2112 4193; x_wconf 89' lang='lat' dir='ltr'><strong>ipsius</strong></span> 
     </span>
    </p>
   </div>
   <div class='ocr_carea' id='block_1_74' title="bbox 528 4212 2110 4284">
    <p class='ocr_par' dir='ltr' id='par_1_74' title="bbox 528 4212 2110 4284">
     <span class='ocr_line' id='line_1_74' title="bbox 528 4212 2110 4284; baseline -0.001 -15"><span class='ocrx_word' id='word_1_587' title='bbox 528 4216 676 4279; x_wconf 88' lang='lat' dir='ltr'><strong>Scm,</strong></span> <span class='ocrx_word' id='word_1_588' title='bbox 703 4213 897 4278; x_wconf 89' lang='lat' dir='ltr'><strong>Cham,</strong></span> <span class='ocrx_word' id='word_1_589' title='bbox 925 4212 1181 4282; x_wconf 81' lang='lat' dir='ltr'><strong>Japheth.</strong></span> <span class='ocrx_word' id='word_1_590' title='bbox 1206 4213 1604 4281; x_wconf 86' lang='lat' dir='ltr'><strong>Interpretatur</strong></span> <span class='ocrx_word' id='word_1_591' title='bbox 1622 4229 1756 4268; x_wconf 83' lang='lat' dir='ltr'><strong>vero</strong></span> <span class='ocrx_word' id='word_1_592' title='bbox 1779 4215 1904 4268; x_wconf 74' lang='lat' dir='ltr'><strong>Seni</strong></span> <span class='ocrx_word' id='word_1_593' title='bbox 1922 4216 2110 4284; x_wconf 75' lang='lat' dir='ltr'><strong>planta</strong></span> 
     </span>
    </p>
   </div>
   <div class='ocr_carea' id='block_1_75' title="bbox 526 4302 2109 4374">
    <p class='ocr_par' dir='ltr' id='par_1_75' title="bbox 526 4302 2109 4374">
     <span class='ocr_line' id='line_1_75' title="bbox 526 4302 2109 4374; baseline -0.001 -15"><span class='ocrx_word' id='word_1_594' title='bbox 526 4312 585 4359; x_wconf 83' lang='lat' dir='ltr'><strong>et</strong></span> <span class='ocrx_word' id='word_1_595' title='bbox 612 4304 896 4374; x_wconf 79' lang='lat' dir='ltr'><strong>perfectus,</strong></span> <span class='ocrx_word' id='word_1_596' title='bbox 917 4302 1089 4357; x_wconf 89' lang='lat' dir='ltr'><strong>Cham</strong></span> <span class='ocrx_word' id='word_1_597' title='bbox 1118 4318 1251 4357; x_wconf 89' lang='lat' dir='ltr'><strong>vero</strong></span> <span class='ocrx_word' id='word_1_598' title='bbox 1280 4303 1735 4373; x_wconf 81' lang='lat' dir='ltr'><strong>ardor;Japheth</strong></span> <span class='ocrx_word' id='word_1_599' title='bbox 1766 4312 1950 4359; x_wconf 87' lang='lat' dir='ltr'><strong>autem</strong></span> <span class='ocrx_word' id='word_1_600' title='bbox 1980 4303 2109 4359; x_wconf 78' lang='lat' dir='ltr'><strong>lati-</strong></span> 
     </span>
    </p>
   </div>
   <div class='ocr_carea' id='block_1_76' title="bbox 531 4392 2110 4467">
    <p class='ocr_par' dir='ltr' id='par_1_76' title="bbox 531 4392 2110 4467">
     <span class='ocr_line' id='line_1_76' title="bbox 531 4392 2110 4467; baseline 0.004 -21"><span class='ocrx_word' id='word_1_601' title='bbox 531 4394 677 4447; x_wconf 74' lang='lat' dir='ltr'><strong>tudo.</strong></span> <span class='ocrx_word' id='word_1_602' title='bbox 717 4392 923 4447; x_wconf 85' lang='lat' dir='ltr'><strong>Salvati</strong></span> <span class='ocrx_word' id='word_1_603' title='bbox 950 4393 1099 4447; x_wconf 86' lang='lat' dir='ltr'><strong>enim</strong></span> <span class='ocrx_word' id='word_1_604' title='bbox 1129 4408 1322 4448; x_wconf 88' lang='lat' dir='ltr'><strong>sumus</strong></span> <span class='ocrx_word' id='word_1_605' title='bbox 1352 4394 1410 4448; x_wconf 89' lang='lat' dir='ltr'><strong>in</strong></span> <span class='ocrx_word' id='word_1_606' title='bbox 1439 4394 1660 4450; x_wconf 87' lang='lat' dir='ltr'><strong>Christo</strong></span> <span class='ocrx_word' id='word_1_607' title='bbox 1683 4410 1783 4465; x_wconf 91' lang='lat' dir='ltr'><strong>per</strong></span> <span class='ocrx_word' id='word_1_608' title='bbox 1806 4394 1990 4461; x_wconf 84' lang='lat' dir='ltr'><strong>ﬁdem,</strong></span> <span class='ocrx_word' id='word_1_609' title='bbox 2014 4398 2110 4467; x_wconf 87' lang='lat' dir='ltr'><strong>qui</strong></span> 
     </span>
    </p>
   </div>
   <div class='ocr_carea' id='block_1_77' title="bbox 528 4481 2108 4559">
    <p class='ocr_par' dir='ltr' id='par_1_77' title="bbox 528 4481 2108 4559">
     <span class='ocr_line' id='line_1_77' title="bbox 528 4481 2108 4559; baseline 0.004 -22"><span class='ocrx_word' id='word_1_610' title='bbox 528 4499 596 4538; x_wconf 84' lang='lat' dir='ltr'><strong>ex</strong></span> <span class='ocrx_word' id='word_1_611' title='bbox 626 4481 1042 4552; x_wconf 79' lang='lat' dir='ltr'><strong>imperfectione</strong></span> <span class='ocrx_word' id='word_1_612' title='bbox 1065 4483 1191 4538; x_wconf 76' lang='lat' dir='ltr'><strong>vita:</strong></span> <span class='ocrx_word' id='word_1_613' title='bbox 1211 4485 1400 4556; x_wconf 80' lang='lat' dir='ltr'><strong>legalis</strong></span> <span class='ocrx_word' id='word_1_614' title='bbox 1427 4485 1483 4540; x_wconf 92' lang='lat' dir='ltr'><strong>in</strong></span> <span class='ocrx_word' id='word_1_615' title='bbox 1503 4487 1830 4557; x_wconf 70' lang='lat' dir='ltr'><strong>evangelica:</strong></span> <span class='ocrx_word' id='word_1_616' title='bbox 1846 4487 1973 4543; x_wconf 67' lang='lat' dir='ltr'><strong>vitae</strong></span> <span class='ocrx_word' id='word_1_617' title='bbox 1988 4504 2108 4559; x_wconf 85' lang='lat' dir='ltr'><strong>per-</strong></span> 
     </span>
    </p>
   </div>
   <div class='ocr_carea' id='block_1_78' title="bbox 528 4573 2113 4644">
    <p class='ocr_par' dir='ltr' id='par_1_78' title="bbox 528 4573 2113 4644">
     <span class='ocr_line' id='line_1_78' title="bbox 528 4573 2113 4644; baseline 0.001 -16"><span class='ocrx_word' id='word_1_618' title='bbox 528 4574 855 4639; x_wconf 82' lang='lat' dir='ltr'><strong>fectionem,</strong></span> <span class='ocrx_word' id='word_1_619' title='bbox 906 4574 1078 4629; x_wconf 86' lang='lat' dir='ltr'><strong>veluti</strong></span> <span class='ocrx_word' id='word_1_620' title='bbox 1132 4575 1317 4630; x_wconf 90' lang='lat' dir='ltr'><strong>tenelli</strong></span> <span class='ocrx_word' id='word_1_621' title='bbox 1368 4573 1590 4644; x_wconf 86' lang='lat' dir='ltr'><strong>quidam</strong></span> <span class='ocrx_word' id='word_1_622' title='bbox 1636 4575 1877 4628; x_wconf 87' lang='lat' dir='ltr'><strong>stolones</strong></span> <span class='ocrx_word' id='word_1_623' title='bbox 1922 4590 2113 4629; x_wconf 86' lang='lat' dir='ltr'><strong>sumus</strong></span> 
     </span>
    </p>
   </div>
   <div class='ocr_carea' id='block_1_79' title="bbox 528 4663 2108 4734">
    <p class='ocr_par' dir='ltr' id='par_1_79' title="bbox 528 4663 2108 4734">
     <span class='ocr_line' id='line_1_79' title="bbox 528 4663 2108 4734; baseline 0.001 -16"><span class='ocrx_word' id='word_1_624' title='bbox 528 4664 931 4734; x_wconf 86' lang='lat' dir='ltr'><strong>transplantati.</strong></span> <span class='ocrx_word' id='word_1_625' title='bbox 966 4663 1179 4719; x_wconf 85' lang='lat' dir='ltr'><strong>Idcirco</strong></span> <span class='ocrx_word' id='word_1_626' title='bbox 1212 4663 1378 4718; x_wconf 89' lang='lat' dir='ltr'><strong>etiam</strong></span> <span class='ocrx_word' id='word_1_627' title='bbox 1417 4663 1639 4717; x_wconf 86' lang='lat' dir='ltr'><strong>divinus</strong></span> <span class='ocrx_word' id='word_1_628' title='bbox 1675 4664 1846 4719; x_wconf 86' lang='lat' dir='ltr'><strong>David</strong></span> <span class='ocrx_word' id='word_1_629' title='bbox 1889 4664 2108 4720; x_wconf 72' lang='lat' dir='ltr'><strong>Judzeo-</strong></span> 
     </span>
    </p>
   </div>
   <div class='ocr_carea' id='block_1_80' title="bbox 2208 3480 3785 3563">
    <p class='ocr_par' dir='ltr' id='par_1_80' title="bbox 2208 3480 3785 3563">
     <span class='ocr_line' id='line_1_80' title="bbox 2208 3480 3785 3563; baseline 0.004 -24"><span class='ocrx_word' id='word_1_630' title='bbox 2208 3484 2275 3539; x_wconf 79' lang='grc' dir='ltr'>ἂν</span> <span class='ocrx_word' id='word_1_631' title='bbox 2312 3486 2513 3539; x_wconf 88' lang='grc' dir='ltr'>νοοῖντο</span> <span class='ocrx_word' id='word_1_632' title='bbox 2555 3484 2716 3554; x_wconf 76' lang='grc' dir='ltr'>τυχὸν</span> <span class='ocrx_word' id='word_1_633' title='bbox 2748 3484 2800 3538; x_wconf 88' lang='grc' dir='ltr'>οἱ</span> <span class='ocrx_word' id='word_1_634' title='bbox 2833 3484 2912 3556; x_wconf 81' lang='grc' dir='ltr'><strong>τῷ</strong></span> <span class='ocrx_word' id='word_1_635' title='bbox 2950 3486 3075 3540; x_wconf 85' lang='grc' dir='ltr'><strong>Νῶε</strong></span> <span class='ocrx_word' id='word_1_636' title='bbox 3124 3480 3527 3554; x_wconf 78' lang='grc' dir='ltr'>συνεισθέοντες</span> <span class='ocrx_word' id='word_1_637' title='bbox 3563 3493 3645 3555; x_wconf 90' lang='grc' dir='ltr'><strong>εἰς</strong></span> <span class='ocrx_word' id='word_1_638' title='bbox 3687 3492 3785 3563; x_wconf 81' lang='grc' dir='ltr'>τὴν</span> 
     </span>
    </p>
   </div>
   <div class='ocr_carea' id='block_1_81' title="bbox 2208 3575 3786 3656">
    <p class='ocr_par' dir='ltr' id='par_1_81' title="bbox 2208 3575 3786 3656">
     <span class='ocr_line' id='line_1_81' title="bbox 2208 3575 3786 3656; baseline 0.003 -25"><span class='ocrx_word' id='word_1_639' title='bbox 2208 3577 2461 3644; x_wconf 68' lang='grc' dir='ltr'>κιϐωτὸν,</span> <span class='ocrx_word' id='word_1_640' title='bbox 2487 3578 2583 3630; x_wconf 81' lang='grc' dir='ltr'>καὶ</span> <span class='ocrx_word' id='word_1_641' title='bbox 2604 3577 2703 3647; x_wconf 85' lang='grc' dir='ltr'>τὴν</span> <span class='ocrx_word' id='word_1_642' title='bbox 2719 3575 2807 3630; x_wconf 82' lang='grc' dir='ltr'>διὰ</span> <span class='ocrx_word' id='word_1_643' title='bbox 2834 3577 3070 3643; x_wconf 82' lang='grc' dir='ltr'>πίστεώς</span> <span class='ocrx_word' id='word_1_644' title='bbox 3091 3594 3149 3632; x_wconf 86' lang='grc' dir='ltr'><strong>τε</strong></span> <span class='ocrx_word' id='word_1_645' title='bbox 3173 3582 3267 3635; x_wconf 71' lang='grc' dir='ltr'>καὶ</span> <span class='ocrx_word' id='word_1_646' title='bbox 3292 3581 3482 3647; x_wconf 81' lang='grc' dir='ltr'>ὕδατος</span> <span class='ocrx_word' id='word_1_647' title='bbox 3507 3584 3786 3656; x_wconf 74' lang='grc' dir='ltr'>σωτηρίαν</span> 
     </span>
    </p>
   </div>
   <div class='ocr_carea' id='block_1_82' title="bbox 2206 3668 3784 3747">
    <p class='ocr_par' dir='ltr' id='par_1_82' title="bbox 2206 3668 3784 3747">
     <span class='ocr_line' id='line_1_82' title="bbox 2206 3668 3784 3747; baseline 0.004 -24"><span class='ocrx_word' id='word_1_648' title='bbox 2206 3668 2707 3740; x_wconf 83' lang='grc' dir='ltr'>ἀποκερδαίνοντες.</span> <span class='ocrx_word' id='word_1_649' title='bbox 2755 3668 3069 3740; x_wconf 81' lang='grc' dir='ltr'>Γέγραπται</span> <span class='ocrx_word' id='word_1_650' title='bbox 3105 3670 3317 3739; x_wconf 86' lang='grc' dir='ltr'>τοίνυν,</span> <span class='ocrx_word' id='word_1_651' title='bbox 3364 3674 3447 3727; x_wconf 79' lang='grc' dir='ltr'>ὅτι</span> <span class='ocrx_word' id='word_1_652' title='bbox 3492 3693 3510 3727; x_wconf 84' lang='grc' dir='ltr'><strong>ι</strong></span> <span class='ocrx_word' id='word_1_653' title='bbox 3553 3674 3784 3747; x_wconf 81' lang='grc' dir='ltr'>Είσῆλθε</span> 
     </span>
    </p>
   </div>
   <div class='ocr_carea' id='block_1_83' title="bbox 2207 3759 3784 3840">
    <p class='ocr_par' dir='ltr' id='par_1_83' title="bbox 2207 3759 3784 3840">
     <span class='ocr_line' id='line_1_83' title="bbox 2207 3759 3784 3840; baseline 0.004 -26"><span class='ocrx_word' id='word_1_654' title='bbox 2207 3761 2332 3814; x_wconf 84' lang='grc' dir='ltr'><strong>Νῶε</strong></span> <span class='ocrx_word' id='word_1_655' title='bbox 2362 3761 2440 3824; x_wconf 87' lang='grc' dir='ltr'><strong>είς</strong></span> <span class='ocrx_word' id='word_1_656' title='bbox 2477 3760 2577 3831; x_wconf 83' lang='grc' dir='ltr'>τὴν</span> <span class='ocrx_word' id='word_1_657' title='bbox 2604 3759 2859 3827; x_wconf 80' lang='grc' dir='ltr'>κιϐωτὸν,</span> <span class='ocrx_word' id='word_1_658' title='bbox 2893 3760 2985 3814; x_wconf 71' lang='grc' dir='ltr'>καὶ</span> <span class='ocrx_word' id='word_1_659' title='bbox 3023 3762 3072 3813; x_wconf 88' lang='grc' dir='ltr'>οἱ</span> <span class='ocrx_word' id='word_1_660' title='bbox 3105 3764 3209 3817; x_wconf 74' lang='grc' dir='ltr'>υἱοὶ</span> <span class='ocrx_word' id='word_1_661' title='bbox 3238 3764 3426 3830; x_wconf 80' lang='grc' dir='ltr'>αὐτοῦ,</span> <span class='ocrx_word' id='word_1_662' title='bbox 3459 3767 3553 3820; x_wconf 76' lang='grc' dir='ltr'>καὶ</span> <span class='ocrx_word' id='word_1_663' title='bbox 3585 3768 3617 3837; x_wconf 74' lang='grc' dir='ltr'><strong>ὴ</strong></span> <span class='ocrx_word' id='word_1_664' title='bbox 3649 3764 3784 3840; x_wconf 81' lang='grc' dir='ltr'>γυνὴ</span> 
     </span>
    </p>
   </div>
   <div class='ocr_carea' id='block_1_84' title="bbox 2207 3850 3779 3927">
    <p class='ocr_par' dir='ltr' id='par_1_84' title="bbox 2207 3850 3779 3927">
     <span class='ocr_line' id='line_1_84' title="bbox 2207 3850 3779 3927; baseline 0.005 -22"><span class='ocrx_word' id='word_1_665' title='bbox 2207 3850 2395 3914; x_wconf 79' lang='grc' dir='ltr'>αὑτοῦ,</span> <span class='ocrx_word' id='word_1_666' title='bbox 2429 3851 2520 3905; x_wconf 80' lang='grc' dir='ltr'>καὶ</span> <span class='ocrx_word' id='word_1_667' title='bbox 2545 3853 2601 3905; x_wconf 81' lang='lat' dir='ltr'><strong>al</strong></span> <span class='ocrx_word' id='word_1_668' title='bbox 2624 3853 2877 3919; x_wconf 83' lang='grc' dir='ltr'>γυναῖκες</span> <span class='ocrx_word' id='word_1_669' title='bbox 2899 3851 3011 3907; x_wconf 90' lang='grc' dir='ltr'><strong>τῶν</strong></span> <span class='ocrx_word' id='word_1_670' title='bbox 3042 3853 3173 3907; x_wconf 75' lang='grc' dir='ltr'>υἱῶν</span> <span class='ocrx_word' id='word_1_671' title='bbox 3199 3855 3364 3909; x_wconf 77' lang='grc' dir='ltr'>αὐτοῦ</span> <span class='ocrx_word' id='word_1_672' title='bbox 3392 3857 3509 3927; x_wconf 87' lang='grc' dir='ltr'>μετ’</span> <span class='ocrx_word' id='word_1_673' title='bbox 3538 3860 3726 3915; x_wconf 81' lang='grc' dir='ltr'>αὐτοῦ.</span> <span class='ocrx_word' id='word_1_674' title='bbox 3761 3881 3779 3913; x_wconf 70' lang='grc' dir='ltr'><strong>ι</strong></span> 
     </span>
    </p>
   </div>
   <div class='ocr_carea' id='block_1_85' title="bbox 2207 3941 3786 4013">
    <p class='ocr_par' dir='ltr' id='par_1_85' title="bbox 2207 3941 3786 4013">
     <span class='ocr_line' id='line_1_85' title="bbox 2207 3941 3786 4013; baseline 0.006 -20"><span class='ocrx_word' id='word_1_675' title='bbox 2207 3941 2661 4011; x_wconf 82' lang='grc' dir='ltr'>Συνεισκεκόμικε</span> <span class='ocrx_word' id='word_1_676' title='bbox 2689 3941 2744 3994; x_wconf 74' lang='grc' dir='ltr'>δὲ</span> <span class='ocrx_word' id='word_1_677' title='bbox 2774 3941 3007 4006; x_wconf 82' lang='grc' dir='ltr'>τούτοις,</span> <span class='ocrx_word' id='word_1_678' title='bbox 3032 3944 3125 3996; x_wconf 75' lang='grc' dir='ltr'>καὶ</span> <span class='ocrx_word' id='word_1_679' title='bbox 3159 3945 3266 3998; x_wconf 74' lang='grc' dir='ltr'><strong>ἀπὸ</strong></span> <span class='ocrx_word' id='word_1_680' title='bbox 3297 3946 3496 4012; x_wconf 81' lang='grc' dir='ltr'>παντὸς</span> <span class='ocrx_word' id='word_1_681' title='bbox 3519 3947 3661 4013; x_wconf 79' lang='grc' dir='ltr'>ζώου</span> <span class='ocrx_word' id='word_1_682' title='bbox 3691 3949 3786 4005; x_wconf 78' lang='grc' dir='ltr'><strong>καὶ</strong></span> 
     </span>
    </p>
   </div>
   <div class='ocr_carea' id='block_1_86' title="bbox 2207 4031 3784 4107">
    <p class='ocr_par' dir='ltr' id='par_1_86' title="bbox 2207 4031 3784 4107">
     <span class='ocr_line' id='line_1_86' title="bbox 2207 4031 3784 4107; baseline 0.004 -20"><span class='ocrx_word' id='word_1_683' title='bbox 2207 4032 2317 4087; x_wconf 89' lang='grc' dir='ltr'><strong>τῶν</strong></span> <span class='ocrx_word' id='word_1_684' title='bbox 2358 4031 2645 4096; x_wconf 85' lang='grc' dir='ltr'>πετεινῶν,</span> <span class='ocrx_word' id='word_1_685' title='bbox 2686 4032 2825 4085; x_wconf 70' lang='grc' dir='ltr'>ἑπτὰ</span> <span class='ocrx_word' id='word_1_686' title='bbox 2859 4032 2959 4103; x_wconf 87' lang='grc' dir='ltr'>μὲν</span> <span class='ocrx_word' id='word_1_687' title='bbox 2985 4033 3093 4088; x_wconf 88' lang='grc' dir='ltr'><strong>τῶν</strong></span> <span class='ocrx_word' id='word_1_688' title='bbox 3127 4035 3406 4107; x_wconf 91' lang='grc' dir='ltr'>καθαρῶν,</span> <span class='ocrx_word' id='word_1_689' title='bbox 3452 4039 3557 4093; x_wconf 78' lang='grc' dir='ltr'><strong>ἀνὰ</strong></span> <span class='ocrx_word' id='word_1_690' title='bbox 3605 4039 3700 4095; x_wconf 90' lang='grc' dir='ltr'><strong>δύο</strong></span> <span class='ocrx_word' id='word_1_691' title='bbox 3726 4040 3784 4096; x_wconf 77' lang='grc' dir='ltr'>δὲ</span> 
     </span>
    </p>
   </div>
   <div class='ocr_carea' id='block_1_87' title="bbox 2205 4120 3785 4203">
    <p class='ocr_par' dir='ltr' id='par_1_87' title="bbox 2205 4120 3785 4203">
     <span class='ocr_line' id='line_1_87' title="bbox 2205 4120 3785 4203; baseline 0.004 -25"><span class='ocrx_word' id='word_1_692' title='bbox 2205 4124 2315 4178; x_wconf 82' lang='grc' dir='ltr'><strong>τῶν</strong></span> <span class='ocrx_word' id='word_1_693' title='bbox 2360 4123 2703 4195; x_wconf 84' lang='grc' dir='ltr'>ἀκαθάρτων.</span> <span class='ocrx_word' id='word_1_694' title='bbox 2761 4123 2965 4176; x_wconf 79' lang='grc' dir='ltr'>Ἐδόκει</span> <span class='ocrx_word' id='word_1_695' title='bbox 3011 4124 3121 4195; x_wconf 80' lang='grc' dir='ltr'><strong>γὰρ</strong></span> <span class='ocrx_word' id='word_1_696' title='bbox 3162 4120 3267 4180; x_wconf 80' lang='grc' dir='ltr'><strong>ὧδε</strong></span> <span class='ocrx_word' id='word_1_697' title='bbox 3323 4127 3672 4200; x_wconf 84' lang='grc' dir='ltr'>θεσμοθετεῖν</span> <span class='ocrx_word' id='word_1_698' title='bbox 3705 4130 3785 4203; x_wconf 86' lang='grc' dir='ltr'>τῷ</span> 
     </span>
    </p>
   </div>
   <div class='ocr_carea' id='block_1_88' title="bbox 2207 4213 3779 4291">
    <p class='ocr_par' dir='ltr' id='par_1_88' title="bbox 2207 4213 3779 4291">
     <span class='ocr_line' id='line_1_88' title="bbox 2207 4213 3779 4291; baseline 0.006 -25"><span class='ocrx_word' id='word_1_699' title='bbox 2207 4213 2345 4284; x_wconf 81' lang='grc' dir='ltr'>Θεῷ.</span> <span class='ocrx_word' id='word_1_700' title='bbox 2378 4214 2647 4285; x_wconf 82' lang='grc' dir='ltr'>Ὀνόματα</span> <span class='ocrx_word' id='word_1_701' title='bbox 2665 4213 2721 4266; x_wconf 83' lang='grc' dir='ltr'>δὲ</span> <span class='ocrx_word' id='word_1_702' title='bbox 2736 4215 2849 4278; x_wconf 86' lang='grc' dir='ltr'>τοῖς</span> <span class='ocrx_word' id='word_1_703' title='bbox 2870 4216 3005 4278; x_wconf 81' lang='grc' dir='ltr'>υἱοῖς</span> <span class='ocrx_word' id='word_1_704' title='bbox 3020 4214 3205 4281; x_wconf 79' lang='grc' dir='ltr'>αὐτοῦ,</span> <span class='ocrx_word' id='word_1_705' title='bbox 3229 4216 3370 4289; x_wconf 80' lang='grc' dir='ltr'>Σὴμ,</span> <span class='ocrx_word' id='word_1_706' title='bbox 3389 4219 3538 4291; x_wconf 82' lang='grc' dir='ltr'>Χὰμ,</span> <span class='ocrx_word' id='word_1_707' title='bbox 3572 4220 3750 4291; x_wconf 65' lang='lat' dir='ltr'><strong>meo</strong></span> <span class='ocrx_word' id='word_1_708' title='bbox 3765 4236 3779 4250; x_wconf 88' lang='grc'><strong>·</strong></span> 
     </span>
    </p>
   </div>
   <div class='ocr_carea' id='block_1_89' title="bbox 2207 4308 3775 4383">
    <p class='ocr_par' dir='ltr' id='par_1_89' title="bbox 2207 4308 3775 4383">
     <span class='ocr_line' id='line_1_89' title="bbox 2207 4308 3775 4383; baseline 0.008 -24"><span class='ocrx_word' id='word_1_709' title='bbox 2207 4308 2621 4379; x_wconf 80' lang='grc' dir='ltr'>διερμηνεύεται</span> <span class='ocrx_word' id='word_1_710' title='bbox 2649 4310 2704 4362; x_wconf 79' lang='grc' dir='ltr'>δὲ</span> <span class='ocrx_word' id='word_1_711' title='bbox 2730 4312 2758 4364; x_wconf 93' lang='lat'><strong>6</strong></span> <span class='ocrx_word' id='word_1_712' title='bbox 2787 4311 2887 4380; x_wconf 81' lang='grc' dir='ltr'>μὲν</span> <span class='ocrx_word' id='word_1_713' title='bbox 2916 4311 3056 4382; x_wconf 83' lang='grc' dir='ltr'>Σὴμ,</span> <span class='ocrx_word' id='word_1_714' title='bbox 3081 4313 3350 4383; x_wconf 69' lang='grc' dir='ltr'>φύτευμα</span> <span class='ocrx_word' id='word_1_715' title='bbox 3384 4315 3480 4368; x_wconf 84' lang='grc' dir='ltr'>καὶ</span> <span class='ocrx_word' id='word_1_716' title='bbox 3511 4316 3731 4383; x_wconf 68' lang='grc' dir='ltr'>τέλειος</span> <span class='ocrx_word' id='word_1_717' title='bbox 3760 4332 3775 4346; x_wconf 84' lang='grc'><strong><em>⁸</em></strong></span> 
     </span>
    </p>
   </div>
   <div class='ocr_carea' id='block_1_90' title="bbox 2209 4397 3783 4476">
    <p class='ocr_par' dir='ltr' id='par_1_90' title="bbox 2209 4397 3783 4476">
     <span class='ocr_line' id='line_1_90' title="bbox 2209 4397 3783 4476; baseline 0.005 -25"><span class='ocrx_word' id='word_1_718' title='bbox 2209 4401 2502 4465; x_wconf 74' lang='grc' dir='ltr'>θερμασία</span> <span class='ocrx_word' id='word_1_719' title='bbox 2514 4397 2573 4452; x_wconf 87' lang='grc' dir='ltr'>δὲ</span> <span class='ocrx_word' id='word_1_720' title='bbox 2594 4402 2622 4452; x_wconf 91' lang='lat'><strong>6</strong></span> <span class='ocrx_word' id='word_1_721' title='bbox 2645 4399 2799 4469; x_wconf 79' lang='grc' dir='ltr'>Χὰμ,</span> <span class='ocrx_word' id='word_1_722' title='bbox 2830 4401 2925 4453; x_wconf 76' lang='grc' dir='ltr'>καὶ</span> <span class='ocrx_word' id='word_1_723' title='bbox 2938 4405 3297 4471; x_wconf 73' lang='grc' dir='ltr'>πλατυσμὸς</span> <span class='ocrx_word' id='word_1_724' title='bbox 3321 4406 3350 4458; x_wconf 88' lang='lat'><strong>6</strong></span> <span class='ocrx_word' id='word_1_725' title='bbox 3389 4407 3586 4476; x_wconf 75' lang='grc' dir='ltr'>Ἰάφεθ.</span> <span class='ocrx_word' id='word_1_726' title='bbox 3607 4409 3783 4460; x_wconf 86' lang='grc' dir='ltr'>Σεσώ-</span> 
     </span>
    </p>
   </div>
   <div class='ocr_carea' id='block_1_91' title="bbox 2211 4488 3780 4564">
    <p class='ocr_par' dir='ltr' id='par_1_91' title="bbox 2211 4488 3780 4564">
     <span class='ocr_line' id='line_1_91' title="bbox 2211 4488 3780 4564; baseline 0.006 -23"><span class='ocrx_word' id='word_1_727' title='bbox 2211 4488 2386 4559; x_wconf 87' lang='grc' dir='ltr'>σμεθα</span> <span class='ocrx_word' id='word_1_728' title='bbox 2434 4489 2544 4562; x_wconf 80' lang='grc' dir='ltr'>γὰρ</span> <span class='ocrx_word' id='word_1_729' title='bbox 2582 4492 2639 4543; x_wconf 82' lang='grc' dir='ltr'>ὲν</span> <span class='ocrx_word' id='word_1_730' title='bbox 2672 4491 2895 4564; x_wconf 82' lang='grc' dir='ltr'>Χριστῷ</span> <span class='ocrx_word' id='word_1_731' title='bbox 2929 4494 3018 4548; x_wconf 73' lang='grc' dir='ltr'><strong>διὰ</strong></span> <span class='ocrx_word' id='word_1_732' title='bbox 3068 4496 3306 4561; x_wconf 85' lang='grc' dir='ltr'>πίστεως</span> <span class='ocrx_word' id='word_1_733' title='bbox 3351 4500 3399 4551; x_wconf 80' lang='grc' dir='ltr'><strong>οἱ</strong></span> <span class='ocrx_word' id='word_1_734' title='bbox 3449 4500 3507 4564; x_wconf 76' lang='grc' dir='ltr'><strong>ἐξ</strong></span> <span class='ocrx_word' id='word_1_735' title='bbox 3559 4500 3780 4562; x_wconf 70' lang='grc' dir='ltr'>ἀτελοῦς</span> 
     </span>
    </p>
   </div>
   <div class='ocr_carea' id='block_1_92' title="bbox 2209 4579 3780 4662">
    <p class='ocr_par' dir='ltr' id='par_1_92' title="bbox 2209 4579 3780 4662">
     <span class='ocr_line' id='line_1_92' title="bbox 2209 4579 3780 4662; baseline 0.008 -31"><span class='ocrx_word' id='word_1_736' title='bbox 2209 4579 2401 4650; x_wconf 87' lang='grc' dir='ltr'>ῶσπερ</span> <span class='ocrx_word' id='word_1_737' title='bbox 2434 4581 2711 4646; x_wconf 87' lang='grc' dir='ltr'>πολιτείας</span> <span class='ocrx_word' id='word_1_738' title='bbox 2751 4582 2853 4653; x_wconf 84' lang='grc' dir='ltr'>τῆς</span> <span class='ocrx_word' id='word_1_739' title='bbox 2882 4586 3021 4639; x_wconf 86' lang='grc' dir='ltr'>κατὰ</span> <span class='ocrx_word' id='word_1_740' title='bbox 3050 4587 3209 4659; x_wconf 86' lang='grc' dir='ltr'>νόμον</span> <span class='ocrx_word' id='word_1_741' title='bbox 3238 4590 3319 4651; x_wconf 84' lang='grc' dir='ltr'><strong>εἰς</strong></span> <span class='ocrx_word' id='word_1_742' title='bbox 3346 4588 3445 4661; x_wconf 79' lang='grc' dir='ltr'>τὴν</span> <span class='ocrx_word' id='word_1_743' title='bbox 3474 4591 3572 4662; x_wconf 79' lang='grc' dir='ltr'>τῆς</span> <span class='ocrx_word' id='word_1_744' title='bbox 3615 4592 3780 4657; x_wconf 81' lang='grc' dir='ltr'>εὐαγ-</span> 
     </span>
    </p>
   </div>
   <div class='ocr_carea' id='block_1_93' title="bbox 2208 4668 3780 4752">
    <p class='ocr_par' dir='ltr' id='par_1_93' title="bbox 2208 4668 3780 4752">
     <span class='ocr_line' id='line_1_93' title="bbox 2208 4668 3780 4752; baseline 0.01 -32"><span class='ocrx_word' id='word_1_745' title='bbox 2208 4668 2428 4742; x_wconf 84' lang='grc' dir='ltr'>γελικῆς</span> <span class='ocrx_word' id='word_1_746' title='bbox 2456 4670 2788 4735; x_wconf 76' lang='grc' dir='ltr'>παιδεύσεως</span> <span class='ocrx_word' id='word_1_747' title='bbox 2810 4675 3141 4746; x_wconf 84' lang='grc' dir='ltr'>τελειότητα.</span> <span class='ocrx_word' id='word_1_748' title='bbox 3165 4678 3415 4750; x_wconf 83' lang='grc' dir='ltr'>καθάπερ</span> <span class='ocrx_word' id='word_1_749' title='bbox 3436 4682 3559 4734; x_wconf 74' lang='grc' dir='ltr'>τινὰ</span> <span class='ocrx_word' id='word_1_750' title='bbox 3585 4683 3780 4752; x_wconf 48' lang='lat' dir='ltr'><strong>prio/3a</strong></span> 
     </span>
    </p>
   </div>
   <div class='ocr_carea' id='block_1_94' title="bbox 528 4752 2106 4838">
    <p class='ocr_par' dir='ltr' id='par_1_94' title="bbox 528 4752 2105 4824">
     <span class='ocr_line' id='line_1_94' title="bbox 528 4752 2105 4824; baseline 0.003 -17"><span class='ocrx_word' id='word_1_751' title='bbox 528 4768 651 4808; x_wconf 84' lang='lat' dir='ltr'><strong>rum</strong></span> <span class='ocrx_word' id='word_1_752' title='bbox 684 4754 966 4824; x_wconf 82' lang='lat' dir='ltr'><strong>populum,</strong></span> <span class='ocrx_word' id='word_1_753' title='bbox 994 4752 1439 4824; x_wconf 84' lang='lat' dir='ltr'><strong>justiﬁeationem</strong></span> <span class='ocrx_word' id='word_1_754' title='bbox 1464 4767 1563 4822; x_wconf 90' lang='lat' dir='ltr'><strong>per</strong></span> <span class='ocrx_word' id='word_1_755' title='bbox 1581 4752 1859 4808; x_wconf 86' lang='lat' dir='ltr'><strong>Christum</strong></span> <span class='ocrx_word' id='word_1_756' title='bbox 1880 4771 1988 4810; x_wconf 89' lang='lat' dir='ltr'><strong>non</strong></span> <span class='ocrx_word' id='word_1_757' title='bbox 2007 4756 2105 4811; x_wconf 89' lang='lat' dir='ltr'><strong>ad-</strong></span> 
     </span>
    </p>
   </div>
   <div class='ocr_carea' id='block_1_95' title="bbox 2206 4752 3781 4838">
    <p class='ocr_par' dir='ltr' id='par_1_95' title="bbox 2211 4761 3781 4838">
     <span class='ocr_line' id='line_1_95' title="bbox 2211 4761 3781 4838; baseline 0.008 -26"><span class='ocrx_word' id='word_1_758' title='bbox 2211 4761 2609 4832; x_wconf 80' lang='grc' dir='ltr'>πεφυτευμένοι</span> <span class='ocrx_word' id='word_1_759' title='bbox 2635 4761 2828 4817; x_wconf 84' lang='grc' dir='ltr'>λεπτά.</span> <span class='ocrx_word' id='word_1_760' title='bbox 2866 4765 3157 4838; x_wconf 84' lang='grc' dir='ltr'>Τοιγάρτοι</span> <span class='ocrx_word' id='word_1_761' title='bbox 3183 4769 3278 4821; x_wconf 78' lang='grc' dir='ltr'><strong>καὶ</strong></span> <span class='ocrx_word' id='word_1_762' title='bbox 3307 4769 3334 4820; x_wconf 85' lang='grc' dir='ltr'>ὁ</span> <span class='ocrx_word' id='word_1_763' title='bbox 3366 4769 3650 4833; x_wconf 80' lang='grc' dir='ltr'>θεσπέσιος</span> <span class='ocrx_word' id='word_1_764' title='bbox 3675 4775 3781 4825; x_wconf 82' lang='grc' dir='ltr'><strong>Δα-</strong></span> 
     </span>
    </p>
   </div>
   <div class='ocr_carea' id='block_1_96' title="bbox 528 4840 2106 4934">
    <p class='ocr_par' dir='ltr' id='par_1_96' title="bbox 528 4840 2106 4917">
     <span class='ocr_line' id='line_1_96' title="bbox 528 4840 2106 4917; baseline 0.004 -22"><span class='ocrx_word' id='word_1_765' title='bbox 528 4841 840 4895; x_wconf 74' lang='lat' dir='ltr'><strong>mittentem</strong></span> <span class='ocrx_word' id='word_1_766' title='bbox 861 4840 1132 4912; x_wconf 84' lang='lat' dir='ltr'><strong>increpat,</strong></span> <span class='ocrx_word' id='word_1_767' title='bbox 1153 4841 1344 4896; x_wconf 82' lang='lat' dir='ltr'><strong>dicens</strong></span> <span class='ocrx_word' id='word_1_768' title='bbox 1365 4857 1379 4893; x_wconf 89' lang='lat'><strong>:</strong></span> <span class='ocrx_word' id='word_1_769' title='bbox 1408 4859 1427 4891; x_wconf 77' lang='grc' dir='ltr'><strong>ι</strong></span> <span class='ocrx_word' id='word_1_770' title='bbox 1447 4840 1696 4897; x_wconf 70' lang='lat' dir='ltr'><strong>Dilexisti</strong></span> <span class='ocrx_word' id='word_1_771' title='bbox 1716 4843 1919 4899; x_wconf 89' lang='lat' dir='ltr'><strong>malum</strong></span> <span class='ocrx_word' id='word_1_772' title='bbox 1942 4847 2106 4917; x_wconf 79' lang='lat' dir='ltr'><strong>magis</strong></span> 
     </span>
    </p>
   </div>
   <div class='ocr_carea' id='block_1_97' title="bbox 2206 4840 3778 4934">
    <p class='ocr_par' dir='ltr' id='par_1_97' title="bbox 2209 4851 3778 4934">
     <span class='ocr_line' id='line_1_97' title="bbox 2209 4851 3778 4934; baseline 0.008 -30"><span class='ocrx_word' id='word_1_773' title='bbox 2209 4851 2295 4906; x_wconf 71' lang='grc' dir='ltr'>ϐὶδ</span> <span class='ocrx_word' id='word_1_774' title='bbox 2321 4855 2435 4917; x_wconf 85' lang='grc' dir='ltr'>τοῖς</span> <span class='ocrx_word' id='word_1_775' title='bbox 2466 4854 2566 4924; x_wconf 83' lang='grc' dir='ltr'>μὲν</span> <span class='ocrx_word' id='word_1_776' title='bbox 2596 4853 2707 4907; x_wconf 90' lang='grc' dir='ltr'><strong>τῶν</strong></span> <span class='ocrx_word' id='word_1_777' title='bbox 2747 4852 3017 4910; x_wconf 84' lang='grc' dir='ltr'>Ἰουδαίων</span> <span class='ocrx_word' id='word_1_778' title='bbox 3043 4858 3192 4922; x_wconf 87' lang='grc' dir='ltr'>λαοῖς</span> <span class='ocrx_word' id='word_1_779' title='bbox 3221 4861 3322 4933; x_wconf 79' lang='grc' dir='ltr'>τὴν</span> <span class='ocrx_word' id='word_1_780' title='bbox 3354 4863 3412 4915; x_wconf 79' lang='grc' dir='ltr'>ὲν</span> <span class='ocrx_word' id='word_1_781' title='bbox 3452 4863 3675 4934; x_wconf 84' lang='grc' dir='ltr'>Χριστῷ</span> <span class='ocrx_word' id='word_1_782' title='bbox 3700 4864 3778 4917; x_wconf 85' lang='grc' dir='ltr'>δι-</span> 
     </span>
    </p>
   </div>
   <div class='ocr_carea' id='block_1_98' title="bbox 526 4932 2106 5023">
    <p class='ocr_par' dir='ltr' id='par_1_98' title="bbox 526 4932 2106 5023">
     <span class='ocr_line' id='line_1_98' title="bbox 526 4932 2106 5023; baseline 0.003 -36"><span class='ocrx_word' id='word_1_783' title='bbox 526 4948 690 5003; x_wconf 82' lang='lat' dir='ltr'><strong>quam</strong></span> <span class='ocrx_word' id='word_1_784' title='bbox 720 4932 950 5023; x_wconf 64' lang='lat' dir='ltr'><strong>bonum,</strong></span> <span class='ocrx_word' id='word_1_785' title='bbox 987 4933 1337 5023; x_wconf 75' lang='lat' dir='ltr'><strong>iniquitatem</strong></span> <span class='ocrx_word' id='word_1_786' title='bbox 1362 4935 1542 5023; x_wconf 71' lang='lat' dir='ltr'><strong>magis</strong></span> <span class='ocrx_word' id='word_1_787' title='bbox 1569 4949 1734 5005; x_wconf 88' lang='lat' dir='ltr'><strong>quam</strong></span> <span class='ocrx_word' id='word_1_788' title='bbox 1761 4937 1910 5007; x_wconf 87' lang='lat' dir='ltr'><strong>loqui</strong></span> <span class='ocrx_word' id='word_1_789' title='bbox 1937 4938 2106 5008; x_wconf 64' lang='lat' dir='ltr'><strong>aequi-</strong></span> 
     </span>
    </p>
   </div>
   <div class='ocr_carea' id='block_1_99' title="bbox 2206 4932 3783 5023">
    <p class='ocr_par' dir='ltr' id='par_1_99' title="bbox 2208 4932 3783 5023">
     <span class='ocr_line' id='line_1_99' title="bbox 2208 4932 3783 5023; baseline 0.011 -31"><span class='ocrx_word' id='word_1_790' title='bbox 2208 4938 2436 4994; x_wconf 83' lang='grc' dir='ltr'>καίωσιν</span> <span class='ocrx_word' id='word_1_791' title='bbox 2469 4943 2529 4995; x_wconf 77' lang='grc' dir='ltr'>οὐ</span> <span class='ocrx_word' id='word_1_792' title='bbox 2567 4943 2952 5014; x_wconf 78' lang='grc' dir='ltr'>προσιεμένοις</span> <span class='ocrx_word' id='word_1_793' title='bbox 2990 4947 3260 5018; x_wconf 78' lang='grc' dir='ltr'>ἐπετίμα,</span> <span class='ocrx_word' id='word_1_794' title='bbox 3298 4949 3470 5019; x_wconf 81' lang='grc' dir='ltr'>λέγων</span> <span class='ocrx_word' id='word_1_795' title='bbox 3494 4932 3517 4983; x_wconf 14' lang='grc' dir='ltr'>’ί</span> <span class='ocrx_word' id='word_1_796' title='bbox 3548 4973 3566 5003; x_wconf 79' lang='grc' dir='ltr'><strong>ι</strong></span> <span class='ocrx_word' id='word_1_797' title='bbox 3619 4932 3783 5023; x_wconf 62' lang='grc' dir='ltr'><strong>Ἦγάα</strong></span> 
     </span>
    </p>
   </div>
   <div class='ocr_carea' id='block_1_100' title="bbox 531 5017 2106 5115">
    <p class='ocr_par' dir='ltr' id='par_1_100' title="bbox 531 5017 2106 5095">
     <span class='ocr_line' id='line_1_100' title="bbox 531 5017 2106 5095; baseline 0.006 -21"><span class='ocrx_word' id='word_1_798' title='bbox 531 5026 718 5074; x_wconf 83' lang='lat' dir='ltr'><strong>tatem.</strong></span> <span class='ocrx_word' id='word_1_799' title='bbox 753 5017 1001 5073; x_wconf 80' lang='lat' dir='ltr'><strong>Dilexisti</strong></span> <span class='ocrx_word' id='word_1_800' title='bbox 1045 5019 1231 5074; x_wconf 85' lang='lat' dir='ltr'><strong>omnia</strong></span> <span class='ocrx_word' id='word_1_801' title='bbox 1263 5021 1429 5077; x_wconf 75' lang='lat' dir='ltr'><strong>verba</strong></span> <span class='ocrx_word' id='word_1_802' title='bbox 1479 5023 1960 5095; x_wconf 67' lang='lat' dir='ltr'><strong>praecipitationis,</strong></span> <span class='ocrx_word' id='word_1_803' title='bbox 2000 5027 2106 5082; x_wconf 90' lang='lat' dir='ltr'><strong>lin-</strong></span> 
     </span>
    </p>
   </div>
   <div class='ocr_carea' id='block_1_101' title="bbox 2206 5017 3785 5115">
    <p class='ocr_par' dir='ltr' id='par_1_101' title="bbox 2208 5017 3785 5115">
     <span class='ocr_line' id='line_1_101' title="bbox 2208 5017 3785 5115; baseline 0.01 -32"><span class='ocrx_word' id='word_1_804' title='bbox 2208 5048 2391 5101; x_wconf 87' lang='grc' dir='ltr'>πησας</span> <span class='ocrx_word' id='word_1_805' title='bbox 2425 5034 2623 5087; x_wconf 87' lang='grc' dir='ltr'>κακίαν</span> <span class='ocrx_word' id='word_1_806' title='bbox 2674 5033 2816 5106; x_wconf 82' lang='grc' dir='ltr'>ὑπὲρ</span> <span class='ocrx_word' id='word_1_807' title='bbox 2872 5017 3245 5108; x_wconf 72' lang='grc' dir='ltr'>ἁγαθοσύνήν·</span> <span class='ocrx_word' id='word_1_808' title='bbox 3294 5017 3510 5097; x_wconf 74' lang='grc' dir='ltr'>ἀδικίαν</span> <span class='ocrx_word' id='word_1_809' title='bbox 3547 5017 3785 5115; x_wconf 38' lang='grc' dir='ltr'>ὑπὲρ-τὸ</span> 
     </span>
    </p>
   </div>
   <div class='ocr_carea' id='block_1_102' title="bbox 526 5108 2106 5205">
    <p class='ocr_par' dir='ltr' id='par_1_102' title="bbox 526 5108 2106 5181">
     <span class='ocr_line' id='line_1_102' title="bbox 526 5108 2106 5181; baseline 0.007 -18"><span class='ocrx_word' id='word_1_810' title='bbox 526 5124 688 5180; x_wconf 79' lang='lat' dir='ltr'><strong>gnam</strong></span> <span class='ocrx_word' id='word_1_811' title='bbox 731 5108 978 5164; x_wconf 85' lang='lat' dir='ltr'><strong>dolosam</strong></span> <span class='ocrx_word' id='word_1_812' title='bbox 1012 5111 1078 5164; x_wconf 66' lang='grc'><strong>⁸⁵.</strong></span> <span class='ocrx_word' id='word_1_813' title='bbox 1119 5129 1138 5162; x_wconf 73' lang='grc' dir='ltr'><strong>ι</strong></span> <span class='ocrx_word' id='word_1_814' title='bbox 1165 5110 1694 5181; x_wconf 83' lang='lat' dir='ltr'><strong>Blasphemaverunt</strong></span> <span class='ocrx_word' id='word_1_815' title='bbox 1733 5116 1880 5171; x_wconf 80' lang='lat' dir='ltr'><strong>enim</strong></span> <span class='ocrx_word' id='word_1_816' title='bbox 1909 5118 2106 5174; x_wconf 89' lang='lat' dir='ltr'><strong>intem-</strong></span> 
     </span>
    </p>
   </div>
   <div class='ocr_carea' id='block_1_103' title="bbox 2206 5108 3777 5205">
    <p class='ocr_par' dir='ltr' id='par_1_103' title="bbox 2206 5108 3777 5205">
     <span class='ocr_line' id='line_1_103' title="bbox 2206 5108 3777 5205; baseline 0.01 -32"><span class='ocrx_word' id='word_1_817' title='bbox 2206 5121 2434 5193; x_wconf 86' lang='grc' dir='ltr'>λαλῆσαι</span> <span class='ocrx_word' id='word_1_818' title='bbox 2461 5122 2810 5196; x_wconf 86' lang='grc' dir='ltr'>δικαιοσύνην</span> <span class='ocrx_word' id='word_1_819' title='bbox 2828 5140 2844 5156; x_wconf 83' lang='grc'><strong><em>⁸</em></strong></span> <span class='ocrx_word' id='word_1_820' title='bbox 2884 5129 3179 5200; x_wconf 78' lang='grc' dir='ltr'>ἠγάπησας</span> <span class='ocrx_word' id='word_1_821' title='bbox 3208 5131 3383 5185; x_wconf 81' lang='grc' dir='ltr'>πάντα</span> <span class='ocrx_word' id='word_1_822' title='bbox 3424 5108 3777 5205; x_wconf 30' lang='grc' dir='ltr'>ῥήματαῖκα-</span> 
     </span>
    </p>
   </div>
   <div class='ocr_carea' id='block_1_104' title="bbox 527 5200 2106 5277">
    <p class='ocr_par' dir='ltr' id='par_1_104' title="bbox 527 5200 2106 5277">
     <span class='ocr_line' id='line_1_104' title="bbox 527 5200 2106 5277; baseline 0.007 -22"><span class='ocrx_word' id='word_1_823' title='bbox 527 5208 786 5270; x_wconf 71' lang='grc' dir='ltr'>Ροηηιοι-</span> <span class='ocrx_word' id='word_1_824' title='bbox 810 5200 867 5255; x_wconf 91' lang='lat' dir='ltr'><strong>in</strong></span> <span class='ocrx_word' id='word_1_825' title='bbox 885 5201 1381 5269; x_wconf 53' lang='lat' dir='ltr'><strong>Filiumuldcirco,</strong></span> <span class='ocrx_word' id='word_1_826' title='bbox 1412 5206 1667 5277; x_wconf 66' lang='lat' dir='ltr'><strong>iinquit,r</strong></span> <span class='ocrx_word' id='word_1_827' title='bbox 1692 5209 1838 5265; x_wconf 84' lang='lat' dir='ltr'><strong>Deus</strong></span> <span class='ocrx_word' id='word_1_828' title='bbox 1856 5209 2106 5266; x_wconf 87' lang='lat' dir='ltr'><strong>destruet</strong></span> 
     </span>
    </p>
   </div>
   <div class='ocr_carea' id='block_1_105' title="bbox 528 5289 2106 5366">
    <p class='ocr_par' dir='ltr' id='par_1_105' title="bbox 528 5289 2106 5366">
     <span class='ocr_line' id='line_1_105' title="bbox 528 5289 2106 5366; baseline 0.006 -23"><span class='ocrx_word' id='word_1_829' title='bbox 528 5300 581 5344; x_wconf 89' lang='lat' dir='ltr'><strong>te</strong></span> <span class='ocrx_word' id='word_1_830' title='bbox 611 5290 669 5344; x_wconf 90' lang='lat' dir='ltr'><strong>in</strong></span> <span class='ocrx_word' id='word_1_831' title='bbox 697 5289 861 5346; x_wconf 71' lang='lat' dir='ltr'><strong>ﬁnem</strong></span> <span class='ocrx_word' id='word_1_832' title='bbox 884 5310 899 5346; x_wconf 88' lang='lat'><strong>:</strong></span> <span class='ocrx_word' id='word_1_833' title='bbox 920 5293 1117 5349; x_wconf 84' lang='lat' dir='ltr'><strong>evellet</strong></span> <span class='ocrx_word' id='word_1_834' title='bbox 1136 5302 1208 5358; x_wconf 80' lang='lat' dir='ltr'><strong>te,</strong></span> <span class='ocrx_word' id='word_1_835' title='bbox 1247 5302 1305 5347; x_wconf 85' lang='lat' dir='ltr'><strong>et</strong></span> <span class='ocrx_word' id='word_1_836' title='bbox 1338 5295 1628 5366; x_wconf 76' lang='lat' dir='ltr'><strong>emigrabit</strong></span> <span class='ocrx_word' id='word_1_837' title='bbox 1662 5304 1714 5351; x_wconf 92' lang='lat' dir='ltr'><strong>te</strong></span> <span class='ocrx_word' id='word_1_838' title='bbox 1745 5297 1816 5352; x_wconf 87' lang='lat' dir='ltr'><strong>de</strong></span> <span class='ocrx_word' id='word_1_839' title='bbox 1850 5298 2106 5353; x_wconf 83' lang='lat' dir='ltr'><strong>taberna-</strong></span> 
     </span>
    </p>
   </div>
   <div class='ocr_carea' id='block_1_106' title="bbox 536 5380 2106 5446">
    <p class='ocr_par' dir='ltr' id='par_1_106' title="bbox 536 5380 2106 5446">
     <span class='ocr_line' id='line_1_106' title="bbox 536 5380 2106 5446; baseline 0.009 -14"><span class='ocrx_word' id='word_1_840' title='bbox 536 5380 656 5434; x_wconf 73' lang='lat' dir='ltr'><strong>:ulo</strong></span> <span class='ocrx_word' id='word_1_841' title='bbox 692 5387 808 5445; x_wconf 89' lang='lat' dir='ltr'><strong>tuo,</strong></span> <span class='ocrx_word' id='word_1_842' title='bbox 832 5391 889 5437; x_wconf 86' lang='lat' dir='ltr'><strong>et</strong></span> <span class='ocrx_word' id='word_1_843' title='bbox 915 5383 1154 5440; x_wconf 82' lang='lat' dir='ltr'><strong>radicem</strong></span> <span class='ocrx_word' id='word_1_844' title='bbox 1186 5385 1255 5440; x_wconf 89' lang='lat' dir='ltr'><strong>de</strong></span> <span class='ocrx_word' id='word_1_845' title='bbox 1280 5394 1427 5440; x_wconf 88' lang='lat' dir='ltr'><strong>terra</strong></span> <span class='ocrx_word' id='word_1_846' title='bbox 1451 5387 1755 5442; x_wconf 84' lang='lat' dir='ltr'><strong>viventium</strong></span> <span class='ocrx_word' id='word_1_847' title='bbox 1783 5389 1849 5442; x_wconf 79' lang='grc'><strong>³⁸.</strong></span> <span class='ocrx_word' id='word_1_848' title='bbox 1887 5408 1906 5441; x_wconf 85' lang='grc'><strong>›</strong></span> <span class='ocrx_word' id='word_1_849' title='bbox 1934 5390 2012 5445; x_wconf 92' lang='lat' dir='ltr'><strong>De</strong></span> <span class='ocrx_word' id='word_1_850' title='bbox 2036 5390 2106 5446; x_wconf 90' lang='lat' dir='ltr'><strong>iis</strong></span> 
     </span>
    </p>
   </div>
   <div class='ocr_carea' id='block_1_107' title="bbox 530 5472 2101 5543">
    <p class='ocr_par' dir='ltr' id='par_1_107' title="bbox 530 5472 2101 5543">
     <span class='ocr_line' id='line_1_107' title="bbox 530 5472 2101 5543; baseline 0.008 -20"><span class='ocrx_word' id='word_1_851' title='bbox 530 5483 658 5524; x_wconf 86' lang='lat' dir='ltr'><strong>vero</strong></span> <span class='ocrx_word' id='word_1_852' title='bbox 680 5472 776 5541; x_wconf 91' lang='lat' dir='ltr'><strong>qui</strong></span> <span class='ocrx_word' id='word_1_853' title='bbox 791 5473 1235 5543; x_wconf 65' lang='lat' dir='ltr'><strong>iustiﬁcationes:</strong></span> <span class='ocrx_word' id='word_1_854' title='bbox 1255 5486 1313 5532; x_wconf 92' lang='lat' dir='ltr'><strong>et</strong></span> <span class='ocrx_word' id='word_1_855' title='bbox 1342 5477 1510 5535; x_wconf 86' lang='lat' dir='ltr'><strong>vitam</strong></span> <span class='ocrx_word' id='word_1_856' title='bbox 1540 5477 1594 5533; x_wconf 92' lang='lat' dir='ltr'><strong>in</strong></span> <span class='ocrx_word' id='word_1_857' title='bbox 1628 5477 1849 5534; x_wconf 88' lang='lat' dir='ltr'><strong>Christo</strong></span> <span class='ocrx_word' id='word_1_858' title='bbox 1874 5490 2059 5536; x_wconf 84' lang='lat' dir='ltr'><strong>amant</strong></span> <span class='ocrx_word' id='word_1_859' title='bbox 2087 5498 2101 5535; x_wconf 90' lang='lat'><strong>:</strong></span> 
     </span>
    </p>
   </div>
   <div class='ocr_carea' id='block_1_108' title="bbox 536 5558 2101 5633">
    <p class='ocr_par' dir='ltr' id='par_1_108' title="bbox 536 5558 2101 5633">
     <span class='ocr_line' id='line_1_108' title="bbox 536 5558 2101 5633; baseline 0.011 -23"><span class='ocrx_word' id='word_1_860' title='bbox 536 5575 555 5609; x_wconf 83' lang='grc' dir='ltr'><strong>ι</strong></span> <span class='ocrx_word' id='word_1_861' title='bbox 592 5558 823 5615; x_wconf 84' lang='lat' dir='ltr'><strong>Plantati</strong></span> <span class='ocrx_word' id='word_1_862' title='bbox 856 5562 912 5616; x_wconf 90' lang='lat' dir='ltr'><strong>in</strong></span> <span class='ocrx_word' id='word_1_863' title='bbox 940 5562 1105 5620; x_wconf 85' lang='lat' dir='ltr'><strong>domo</strong></span> <span class='ocrx_word' id='word_1_864' title='bbox 1131 5566 1371 5633; x_wconf 87' lang='lat' dir='ltr'><strong>Domini,</strong></span> <span class='ocrx_word' id='word_1_865' title='bbox 1394 5564 1450 5623; x_wconf 92' lang='lat' dir='ltr'><strong>in</strong></span> <span class='ocrx_word' id='word_1_866' title='bbox 1484 5569 1641 5625; x_wconf 87' lang='lat' dir='ltr'><strong>atriis</strong></span> <span class='ocrx_word' id='word_1_867' title='bbox 1666 5570 1763 5625; x_wconf 90' lang='lat' dir='ltr'><strong>Dei</strong></span> <span class='ocrx_word' id='word_1_868' title='bbox 1796 5572 1970 5627; x_wconf 86' lang='lat' dir='ltr'><strong>nostri</strong></span> <span class='ocrx_word' id='word_1_869' title='bbox 2001 5570 2101 5627; x_wconf 83' lang='lat' dir='ltr'><strong>ﬁo-</strong></span> 
     </span>
    </p>
   </div>
   <div class='ocr_carea' id='block_1_109' title="bbox 586 5722 1563 5808">
    <p class='ocr_par' dir='ltr' id='par_1_109' title="bbox 586 5722 1563 5808">
     <span class='ocr_line' id='line_1_109' title="bbox 586 5722 1563 5808; baseline 0.003 -16"><span class='ocrx_word' id='word_1_870' title='bbox 586 5722 589 5727; x_wconf 43' lang='grc'><em>’</em></span> <span class='ocrx_word' id='word_1_871' title='bbox 636 5734 683 5767; x_wconf 77' lang='grc'><strong>⁸³</strong></span> <span class='ocrx_word' id='word_1_872' title='bbox 716 5734 850 5792; x_wconf 86' lang='lat' dir='ltr'><strong>Gen.</strong></span> <span class='ocrx_word' id='word_1_873' title='bbox 880 5754 951 5805; x_wconf 73' lang='lat' dir='ltr'><strong>v1,</strong></span> <span class='ocrx_word' id='word_1_874' title='bbox 983 5740 1067 5795; x_wconf 82' lang='lat' dir='ltr'><strong>l6.</strong></span> <span class='ocrx_word' id='word_1_875' title='bbox 1144 5743 1186 5774; x_wconf 73' lang='grc'>’³</span> <span class='ocrx_word' id='word_1_876' title='bbox 1209 5741 1346 5797; x_wconf 89' lang='lat' dir='ltr'><strong>Cen.</strong></span> <span class='ocrx_word' id='word_1_877' title='bbox 1376 5759 1470 5808; x_wconf 85' lang='lat' dir='ltr'><strong>vn,</strong></span> <span class='ocrx_word' id='word_1_878' title='bbox 1513 5745 1563 5796; x_wconf 91' lang='lat'><strong>7.</strong></span> 
     </span>
    </p>
   </div>
   <div class='ocr_carea' id='block_1_110' title="bbox 1674 5746 2162 5815">
    <p class='ocr_par' dir='ltr' id='par_1_110' title="bbox 1674 5746 2162 5815">
     <span class='ocr_line' id='line_1_110' title="bbox 1674 5746 2162 5815; baseline 0.01 -16"><span class='ocrx_word' id='word_1_879' title='bbox 1674 5746 1876 5801; x_wconf 71' lang='lat' dir='ltr'><strong>“Psal.</strong></span> <span class='ocrx_word' id='word_1_880' title='bbox 1910 5764 1980 5813; x_wconf 85' lang='lat' dir='ltr'><strong>LI,</strong></span> <span class='ocrx_word' id='word_1_881' title='bbox 2017 5750 2069 5815; x_wconf 75' lang='grc'><strong>5,</strong></span> <span class='ocrx_word' id='word_1_882' title='bbox 2111 5751 2162 5804; x_wconf 86' lang='grc'>6.</span> 
     </span>
    </p>
   </div>
   <div class='ocr_carea' id='block_1_111' title="bbox 2204 5213 3785 5298">
    <p class='ocr_par' dir='ltr' id='par_1_111' title="bbox 2204 5213 3785 5298">
     <span class='ocr_line' id='line_1_111' title="bbox 2204 5213 3785 5298; baseline 0.008 -33"><span class='ocrx_word' id='word_1_883' title='bbox 2204 5213 2571 5284; x_wconf 82' lang='grc' dir='ltr'>ταποντισμοῢ</span> <span class='ocrx_word' id='word_1_884' title='bbox 2599 5256 2613 5281; x_wconf 97' lang='grc'><strong>,</strong></span> <span class='ocrx_word' id='word_1_885' title='bbox 2667 5217 2918 5287; x_wconf 88' lang='grc' dir='ltr'>γλῶσσαν</span> <span class='ocrx_word' id='word_1_886' title='bbox 2963 5220 3163 5275; x_wconf 83' lang='grc' dir='ltr'>δολίαν.</span> <span class='ocrx_word' id='word_1_887' title='bbox 3214 5241 3234 5273; x_wconf 71' lang='grc' dir='ltr'><strong>ι</strong></span> <span class='ocrx_word' id='word_1_888' title='bbox 3285 5225 3785 5298; x_wconf 71' lang='grc' dir='ltr'>Δεόυσςρημήκασιν</span> 
     </span>
    </p>
   </div>
   <div class='ocr_carea' id='block_1_112' title="bbox 2205 5303 3784 5393">
    <p class='ocr_par' dir='ltr' id='par_1_112' title="bbox 2205 5303 3784 5393">
     <span class='ocr_line' id='line_1_112' title="bbox 2205 5303 3784 5393; baseline 0.011 -38"><span class='ocrx_word' id='word_1_889' title='bbox 2205 5304 2316 5374; x_wconf 82' lang='grc' dir='ltr'>γὰρ</span> <span class='ocrx_word' id='word_1_890' title='bbox 2338 5303 2657 5370; x_wconf 69' lang='grc' dir='ltr'>ὰκαθέιιτως</span> <span class='ocrx_word' id='word_1_891' title='bbox 2683 5309 2764 5370; x_wconf 85' lang='grc' dir='ltr'><strong>είς</strong></span> <span class='ocrx_word' id='word_1_892' title='bbox 2784 5307 2877 5362; x_wconf 83' lang='grc' dir='ltr'>τὸν</span> <span class='ocrx_word' id='word_1_893' title='bbox 2904 5309 3082 5368; x_wconf 83' lang='grc' dir='ltr'>Υίόν.‹</span> <span class='ocrx_word' id='word_1_894' title='bbox 3110 5311 3211 5365; x_wconf 74' lang='grc' dir='ltr'>Διὰ</span> <span class='ocrx_word' id='word_1_895' title='bbox 3234 5311 3416 5376; x_wconf 80' lang='grc' dir='ltr'>τοῦτο,</span> <span class='ocrx_word' id='word_1_896' title='bbox 3457 5333 3476 5365; x_wconf 69' lang='grc' dir='ltr'><strong>ι</strong></span> <span class='ocrx_word' id='word_1_897' title='bbox 3502 5317 3718 5393; x_wconf 51' lang='lat' dir='ltr'><strong>(malva</strong></span> <span class='ocrx_word' id='word_1_898' title='bbox 3757 5322 3784 5372; x_wconf 64' lang='lat' dir='ltr'><strong>ei</strong></span> 
     </span>
    </p>
   </div>
   <div class='ocr_carea' id='block_1_113' title="bbox 2206 5394 3782 5476">
    <p class='ocr_par' dir='ltr' id='par_1_113' title="bbox 2206 5394 3782 5476">
     <span class='ocr_line' id='line_1_113' title="bbox 2206 5394 3782 5476; baseline 0.009 -30"><span class='ocrx_word' id='word_1_899' title='bbox 2206 5394 2340 5458; x_wconf 73' lang='grc' dir='ltr'>Θεὸς</span> <span class='ocrx_word' id='word_1_900' title='bbox 2368 5394 2588 5449; x_wconf 87' lang='grc' dir='ltr'>καθελεῖ</span> <span class='ocrx_word' id='word_1_901' title='bbox 2619 5414 2679 5450; x_wconf 82' lang='grc' dir='ltr'><strong>σε</strong></span> <span class='ocrx_word' id='word_1_902' title='bbox 2717 5399 2797 5463; x_wconf 79' lang='grc' dir='ltr'>εἰς</span> <span class='ocrx_word' id='word_1_903' title='bbox 2833 5399 3019 5465; x_wconf 79' lang='grc' dir='ltr'>τέλος·</span> <span class='ocrx_word' id='word_1_904' title='bbox 3066 5403 3278 5457; x_wconf 80' lang='grc' dir='ltr'>ὲκτίλαι</span> <span class='ocrx_word' id='word_1_905' title='bbox 3313 5422 3373 5457; x_wconf 87' lang='grc' dir='ltr'><strong>σε</strong></span> <span class='ocrx_word' id='word_1_906' title='bbox 3402 5406 3497 5459; x_wconf 74' lang='grc' dir='ltr'>καὶ</span> <span class='ocrx_word' id='word_1_907' title='bbox 3540 5424 3782 5476; x_wconf 84' lang='grc' dir='ltr'>μετανα-</span> 
     </span>
    </p>
   </div>
   <div class='ocr_carea' id='block_1_114' title="bbox 2209 5486 3786 5568">
    <p class='ocr_par' dir='ltr' id='par_1_114' title="bbox 2209 5486 3786 5568">
     <span class='ocr_line' id='line_1_114' title="bbox 2209 5486 3786 5568; baseline 0.011 -33"><span class='ocrx_word' id='word_1_908' title='bbox 2209 5486 2428 5538; x_wconf 82' lang='grc' dir='ltr'>στεύσαι</span> <span class='ocrx_word' id='word_1_909' title='bbox 2460 5501 2520 5539; x_wconf 85' lang='grc' dir='ltr'><strong>σε</strong></span> <span class='ocrx_word' id='word_1_910' title='bbox 2548 5486 2657 5540; x_wconf 81' lang='grc' dir='ltr'><strong>ἀπὸ</strong></span> <span class='ocrx_word' id='word_1_911' title='bbox 2681 5490 3040 5562; x_wconf 85' lang='grc' dir='ltr'>σκηνώματός</span> <span class='ocrx_word' id='word_1_912' title='bbox 3075 5510 3189 5560; x_wconf 89' lang='grc' dir='ltr'>σου,</span> <span class='ocrx_word' id='word_1_913' title='bbox 3226 5496 3321 5548; x_wconf 78' lang='grc' dir='ltr'>καὶ</span> <span class='ocrx_word' id='word_1_914' title='bbox 3347 5496 3406 5549; x_wconf 83' lang='grc' dir='ltr'>τὸ</span> <span class='ocrx_word' id='word_1_915' title='bbox 3435 5496 3653 5568; x_wconf 79' lang='grc' dir='ltr'>ῥίζωμά</span> <span class='ocrx_word' id='word_1_916' title='bbox 3687 5516 3786 5552; x_wconf 81' lang='grc' dir='ltr'><strong>σου</strong></span> 
     </span>
    </p>
   </div>
   <div class='ocr_carea' id='block_1_115' title="bbox 2209 5574 3791 5659">
    <p class='ocr_par' dir='ltr' id='par_1_115' title="bbox 2209 5574 3791 5659">
     <span class='ocr_line' id='line_1_115' title="bbox 2209 5574 3791 5659; baseline 0.012 -33"><span class='ocrx_word' id='word_1_917' title='bbox 2209 5576 2273 5626; x_wconf 81' lang='grc' dir='ltr'>ὲκ</span> <span class='ocrx_word' id='word_1_918' title='bbox 2322 5575 2424 5645; x_wconf 82' lang='grc' dir='ltr'>γῆς</span> <span class='ocrx_word' id='word_1_919' title='bbox 2462 5574 2702 5638; x_wconf 81' lang='grc' dir='ltr'>ζώντων.</span> <span class='ocrx_word' id='word_1_920' title='bbox 2742 5600 2760 5632; x_wconf 74' lang='grc' dir='ltr'><strong>ι</strong></span> <span class='ocrx_word' id='word_1_921' title='bbox 2802 5582 2939 5654; x_wconf 75' lang='grc' dir='ltr'>Περὶ</span> <span class='ocrx_word' id='word_1_922' title='bbox 2967 5583 3022 5636; x_wconf 81' lang='grc' dir='ltr'>δὲ</span> <span class='ocrx_word' id='word_1_923' title='bbox 3058 5585 3164 5639; x_wconf 89' lang='grc' dir='ltr'><strong>τῶν</strong></span> <span class='ocrx_word' id='word_1_924' title='bbox 3200 5587 3563 5659; x_wconf 76' lang='grc' dir='ltr'>ὴγαπηκότων</span> <span class='ocrx_word' id='word_1_925' title='bbox 3594 5589 3691 5659; x_wconf 66' lang='grc' dir='ltr'>τὴν</span> <span class='ocrx_word' id='word_1_926' title='bbox 3729 5590 3791 5645; x_wconf 82' lang='grc' dir='ltr'>ἐν</span> 
     </span>
    </p>
   </div>
   <div class='ocr_carea' id='block_1_116' title="bbox 2241 5752 2528 5807">
    <p class='ocr_par' dir='ltr' id='par_1_116' title="bbox 2241 5752 2528 5807">
     <span class='ocr_line' id='line_1_116' title="bbox 2241 5752 2528 5807; baseline 0.01 -3"><span class='ocrx_word' id='word_1_927' title='bbox 2241 5752 2285 5782; x_wconf 79' lang='grc'><strong>’⁸</strong></span> <span class='ocrx_word' id='word_1_928' title='bbox 2311 5752 2447 5806; x_wconf 82' lang='lat' dir='ltr'><strong>Ibid.</strong></span> <span class='ocrx_word' id='word_1_929' title='bbox 2479 5753 2528 5807; x_wconf 89' lang='lat'><strong>7.</strong></span> 
     </span>
    </p>
   </div>
  </div>
