4056 6260
256 320 326 375 69
632 314 637 317 ’
1290 320 1811 381 GLAPHYRORUM
1852 321 1919 376 IN
1958 319 2259 377 CENESIM
2298 320 2426 375 LIB.
2469 321 2537 376 ll.
3470 326 3537 377 70

263 442 488 515 Χριστῷ
512 439 798 495 δικαίωσιν
829 438 923 492 καὶ
952 436 1098 509 ζωήν
1123 454 1136 466 ο
1177 455 1197 490 ι
1236 435 1642 507 Πεφυτευμένοι
1671 436 1730 488 tv
1774 431 1855 503 τῷ

1967 432 2157 488 rebunt
2188 433 2254 487 κ.
2295 452 2314 484 ι
2345 432 2501 499 Quod
2528 402 2658 488 vero
2691 448 2801 487 non
2829 433 3035 505 absque
3068 434 3256 490 divino
3282 436 3425 507 igne,
3454 452 3534 494 at-

264 537 402 605 οῐκῳ
427 532 662 605 Κυρίου,
690 533 749 585 tv
779 532 899 594 ταῖς
924 531 1115 593 αὐλαῖς
1140 528 1234 583 τοῦ
1266 528 1403 582 Θεοῦ
1435 527 1595 599 ἡμῶν
1626 524 1854 595 ἐξανθή-

269 638 482 676 σουσιν.
517 639 534 671 ι
567 621 692 672 Ὀτι
713 619 770 672 δὲ
793 618 852 670 ού
882 616 1004 689 δίχα
1031 617 1128 670 τοῦ
1153 616 1297 671 θείου
1323 616 1496 685 πυρὸς
1520 615 1613 669 καὶ
1635 612 1853 684 νοητοῦ,

280 717 379 769 καὶ
413 713 582 765 οἱονεὶ
605 712 703 781 τῆς
747 708 834 763 διὰ
871 708 1180 779 πνεύματος
1218 707 1523 780 θερμασίας
1550 707 1856 778 ἐνήργηκεν

272 809 358 869 είς
391 806 542 875 ἡμᾶς
568 804 667 872 τὴν
698 803 828 872 παρ’
857 801 1053 854 ἑαυτοῦ
1084 800 1244 871 χάριν
1280 802 1310 854 6
1348 799 1723 870 Ἐμμανουὴλ,
1761 816 1856 854 πι-

274 896 540 950 στῦσεται
571 893 664 945 καὶ
700 896 730 945 6
773 891 1061 955 θεσπέσιος
1095 890 1307 954 Παῦλος
1337 907 1352 921 ο
1393 910 1412 943 ι
1454 889 1546 961 Τῷ
1573 889 1857 960 πνεύματι

276 987 498 1050 ζέοντας
525 983 752 1056 ὁρᾶσθαι
791 982 960 1038 θέλων
997 984 1125 1045 τοὺς
1174 984 1232 1036 ὲν
1282 982 1543 1053 ἁγιασμῷ
1583 980 1858 1050 κεκλημέ-

278 1092 422 1138 νους.
482 1092 502 1124 ι
558 1073 722 1127 Οὐδὲν
762 1072 819 1125 δὲ
849 1067 1012 1143 ἧττον
1055 1072 1204 1142 ἡμᾶς
1247 1070 1472 1140 ἔμπεδοί
1512 1070 1605 1124 καὶ
1631 1070 1661 1123 6
1694 1069 1858 1137 σοφὸς

292 1168 546 1236 Ἰωάννης
573 1165 748 1233 λέγων
769 1178 783 1192 ⁸
821 1182 840 1215 ι
881 1161 1022 1231 Ἐγὼ
1055 1163 1152 1233 μὲν
1184 1161 1429 1232 βαπτίζω
1457 1162 1601 1231 ὑμᾶς
1625 1162 1682 1213 tv
1705 1159 1858 1213 ὕδατι

280 1260 361 1322 είς
388 1259 708 1328 μετάνοιανο
726 1258 756 1310 6
779 1256 835 1309 δὲ
859 1257 1036 1309 ὀπίσω
1067 1273 1171 1323 μου
1200 1255 1493 1327 ἐρχόμενος
1514 1251 1859 1325 ἰσχυρότερός

284 1366 388 1421 μου
409 1349 588 1400 ἐστίν’
619 1342 681 1401 οὗ
717 1346 816 1399 οὐκ
842 1348 957 1417 εἰμὶ
990 1344 1176 1408 ἱκανὸς
1207 1345 1277 1397 τά
1299 1343 1625 1414 ὑποδήματα
1660 1339 1860 1411 βαστάο

287 1455 396 1491 σαι.
433 1438 606 1500 Αὐτὸς
649 1437 796 1506 ὑμᾶς
846 1435 1104 1506 βαπτίσει
1157 1435 1216 1487 tv
1263 1432 1543 1503 Πνεύματι
1589 1432 1731 1502 άγίῳ
1766 1429 1860 1483 καὶ⁵

284 1528 440 1598 πυρί.
481 1546 500 1579 ι
549 1511 890 1594 muscum
920 1524 1018 1595 μὲν
1041 1522 1149 1593 γὰρ
1171 1523 1205 1592 ἡ
1227 1521 1334 1576 τῶν
1377 1519 1643 1574 Ἰουδαίων
1670 1518 1858 1589 ἀγάπη

292 1620 379 1673 διὰ
415 1619 507 1686 τὸ,
528 1637 547 1670 ι
602 1615 983 1686 Πληθυνθῆναι
1017 1614 1116 1684 τὴν
1157 1612 1385 1682 ἀνομίαν
1418 1611 1548 1683 παρ’
1578 1611 1794 1674 αὐτοῖς,
1832 1626 1853 1662 ι

293 1711 438 1764 καθὰ
469 1707 801 1779 γέγραπται.
842 1704 1046 1775 Θερμοὶ
1087 1703 1145 1757 δὲ
1186 1702 1253 1774 δὴ
1295 1700 1416 1755 λίαν
1465 1700 1560 1755 καὶ
1604 1700 1740 1772 πρός
1796 1714 1859 1765 γε

288 1799 449 1853 τοῦτο
483 1770 665 1868 ἦμεῖς.
712 1770 998 1865 Τοιγάρτοι
1034 1770 1249 1863 φαμένί
1299 1812 1317 1843 ι
1354 1790 1419 1845 Τί
1451 1792 1599 1862 ἡμᾶς
1637 1770 1860 1861 χωρίσει
1894 1770 1934 1826 θ

289 1890 399 1944 ἀπὸ
432 1889 533 1958 τῆς
570 1889 786 1956 ἀγάπης
814 1885 910 1939 τοῦ
943 1882 1220 1955 Χριστοῦ;
1250 1881 1463 1951 θλίψις,
1505 1881 1541 1952 ἢ
1599 1895 1859 1949 στενοχω-

292 1981 415 2050 ρίας
449 1980 482 2051 ἢ
512 1979 692 2049 λιμὸς,
714 1978 751 2049 ἢ
781 1974 1042 2044 διωγμὸς,
1078 1974 1113 2044 ἢ
1142 1972 1441 2043 γυμνότης,
1473 1971 1507 2042 ἢ
1536 1969 1797 2035 κίνδυνος,
1827 1968 1861 2041 ἢ

298 2074 577 2143 μάχαιρα;
619 2089 638 2121 ι
676 2067 885 2122 Οὐκοῦν
910 2065 1020 2119 τῶν
1047 2064 1276 2128 ζεόντων
1304 2062 1381 2132 τῷ
1402 2061 1668 2132 πνεύματι
1696 2059 1863 2122 τύπος

300 2163 368 2215 ἂν
396 2163 604 2230 γένοιτο
626 2159 720 2212 καὶ
744 2158 884 2229 μάλα
913 2156 1088 2227 σαφὴς
1111 2157 1139 2209 6
1167 2155 1316 2225 Χὰμ,
1340 2154 1397 2218 ὃς
1426 2157 1624 2207 νοεῖται
1650 2156 1862 2222 θερμα-

301 2253 561 2307 σία.¹’οτι
590 2250 647 2303 δὲ
661 2251 755 2304 καὶ
775 2251 853 2312 είς
874 2246 1185 2318 πλατυσμδν
1209 2246 1431 2319 καρδίας
1449 2244 1864 2317 άπενενήγμεθα

297 2347 395 2416 τῆς
425 2347 483 2398 6v
512 2344 662 2413 νόμῳ
699 2342 841 2411 ζωῆς
865 2340 964 2410 τὴν
989 2338 1168 2407 θλίψιν
1205 2338 1564 2403 ἐκϐαίνοντες,
1606 2338 1864 2409 ὑπεμφή-

298 2453 436 2489 νειεν
456 2435 523 2488 ἂν
537 2437 567 2487 6
583 2433 761 2505 τρίτος
780 2433 911 2503 ἡμῖν
945 2430 1145 2501 Ἰάφεθ,
1167 2431 1248 2494 είς
1272 2428 1634 2499 πλατυσμὸν
1651 2446 1869 2500 μετονο-

296 2526 615 2596 μαζόμενος.
664 2522 941 2586 Ἰουδαίοις
982 2522 1079 2592 μὲν
1113 2521 1221 2593 γάρ
1254 2519 1593 2592 προσεφώνει
1622 2521 1754 2583 Θεὸς
1779 2518 1868 2573 διὰ

295 2617 477 2687 φωνῆς
524 2615 751 2669 Ἡσαΐου
773 2631 789 2647 ο
826 2632 845 2665 ι
868 2612 1165 2666 ’Δκούσατε
1212 2612 1367 2681 λόγον
1415 2612 1644 2684 Κυρίου,
1676 2611 1868 2683 ἄνδρες

294 2706 666 2777 τεθλιμμένοι,
700 2705 794 2758 καὶ
825 2704 1083 2775 ἄρχοντες
1106 2703 1200 2757 τοῦ
1222 2703 1351 2757 λαοῦ
1380 2703 1475 2757 τοῦ
1497 2706 1555 2756 tv
1596 2704 1868 2775 Ἰερουσα-

296 2798 426 2866 λήμ“
478 2816 498 2848 ι
532 2796 644 2849 Καὶ
689 2795 888 2849 πάλιν*
931 2813 951 2845 ι
1000 2796 1219 2850 Μάθετε
1249 2794 1470 2848 ἀκούειν
1507 2795 1871 2866 σ-τι-τνοχωρού⁴

303 2902 473 2957 μενοι.
513 2905 533 2939 ι
572 2885 922 2957 Ἑκϐεΰηκὼς
956 2886 1014 2939 δὲ
1051 2888 1078 2939 6
1112 2885 1321 2949 Παῦλος
1352 2885 1451 2956 τὴν
1481 2887 1542 2937 tv
1568 2884 1718 2955 νόμῳ
1751 2884 1869 2938 στέ-

303 2994 465 3030 νωσιν
511 2977 947 3048 προσπεφώνηκέ
972 2994 1081 3030 τισι
1109 2976 1219 3031 τῶν
1248 2978 1347 3048 ἤδη
1389 2976 1831 3032 πεπιστευκότων
1854 2992 1866 3005 ·

1954 538 2062 595 que
2096 524 2453 579 intellectuali
2487 532 2543 580 et
2565 526 2734 579 veluti
2761 525 2955 580 ardore
2985 543 3081 596 per
3114 528 3388 597 spiritum,
3415 546 3536 599 gra-

1957 615 2109 680 tiam,
2143 630 2264 684 qua:
2282 615 2351 669 ab
2380 615 2499 685 ipso
2530 615 2586 670 in
2620 631 2720 671 nos
2751 616 3010 679 manavit,
3043 628 3301 687 operatus
3322 620 3393 675 sit
3414 621 3539 675 Em-

1956 707 2196 770 manuel,
2220 707 2504 761 continuat
2532 706 2753 761 divinus
2778 706 2998 773 Paulus,
3020 709 3221 779 iubens
3247 726 3344 766 eos
3394 732 3412 763 ι
3443 715 3538 782 qui

1957 798 2015 853 in
2048 798 2477 853 sanctificatione
2506 798 2685 853 vocati
2726 809 2874 863 sunt,
2912 798 3189 855 ferventes
3221 803 3416 872 spiritu
3459 805 3541 859 vi-

1958 888 2075 943 deri
2117 890 2182 942 ⁸⁷.
2225 908 2243 940 ι
2289 888 2445 956 Quod
2479 888 2839 943 nihilominus
2882 898 3115 944 testatur
3141 890 3401 958 Joannes,
3453 893 3539 947 di-

1958 994 2126 1035 cens:
2162 999 2182 1030 ι
2215 980 2326 1049 Ego
2362 979 2583 1049 quidem
2628 980 2847 1050 baptizo
2873 996 2971 1034 vos
3004 981 3058 1035 in
3098 998 3236 1051 aqua
3264 984 3333 1038 ad
3360 985 3538 1054 pmni-

1960 1073 2207 1128 tentiam.
2236 1071 2337 1138 Qui
2365 1081 2546 1125 autem
2570 1079 2693 1141 post
2722 1087 2808 1127 me
2826 1071 2998 1137 venit,
3023 1073 3300 1143 potentior
3322 1090 3409 1129 me
3432 1085 3534 1139 est,

1960 1165 2117 1235 cujus
2136 1179 2244 1217 non
2271 1178 2392 1217 sum
2423 1162 2653 1217 idoneus
2677 1171 2739 1217 ut
2762 1163 3130 1218 calceamenta
3159 1173 3391 1233 portem.
3419 1165 3538 1234 Ipso

1959 1271 2059 1310 vos
2096 1254 2399 1325 baptizabit
2433 1254 2640 1323 Spiritu
2671 1265 2861 1309 sancto
2889 1264 2946 1309 et
2980 1254 3091 1323 igni
3132 1256 3197 1308 ’⁸.
3253 1275 3270 1305 ι
3306 1255 3539 1311 Refrixit

1959 1346 2107 1400 enim
2150 1345 2388 1402 charitas
2415 1345 2763 1410 Iudaeorum,
2806 1361 2873 1400 eo
2911 1347 3057 1416 quod
3101 1365 3117 1396 ι
3167 1345 3540 1416 multiplicata

1961 1437 2071 1493 sint
2101 1437 2416 1507 iniquitates
2443 1452 2657 1502 eorum,
2693 1457 2711 1489 ι
2739 1435 2881 1492 sicut
2909 1439 3175 1509 scriptum
3202 1449 3287 1493 est
3310 1440 3375 1491 ".
3406 1437 3538 1493 Fer-

1961 1536 2152 1584 ventes
2193 1535 2376 1582 autem
2412 1526 2706 1583 admodum
2740 1529 2906 1582 etiam
2945 1528 3013 1582 ad
3056 1529 3163 1583 hoc
3198 1543 3389 1583 sumus
3420 1544 3538 1583 nos.

1962 1619 2071 1691 39
2106 1619 2316 1674 Idcirco
2349 1619 2615 1673 dicimus:
2650 1639 2668 1670 ι
2707 1617 2842 1685 Quis
2866 1634 2968 1674 nos
2995 1619 3271 1690 separabit
3294 1635 3326 1674 a
3357 1619 3541 1675 chari-

1965 1720 2072 1767 tate
2101 1710 2343 1767 Christi?
2377 1709 2692 1765 tribulatio?
2722 1726 2791 1764 an
2824 1709 3114 1781 angustia?
3144 1726 3214 1764 an
3240 1709 3447 1765 fames?
3472 1724 3543 1765 an

1963 1803 2216 1858 nuditas?
2229 1818 2297 1857 an
2313 1801 2734 1872 perieulum?an
2749 1801 3174 1871 persecutioian
3191 1801 3403 1872 gladius
3421 1802 3499 1855 ὀἳ
3515 1822 3533 1854 ι

1965 1894 2150 1967 Typus
2186 1894 2352 1965 igitur
2387 1910 2575 1949 eorum
2600 1892 2695 1964 qui
2727 1894 2944 1950 fervent
2973 1895 3193 1965 spiritu,
3230 1904 3288 1950 et
3317 1895 3543 1967 quidem

1964 1984 2286 2040 manifestus
2325 1984 2640 2049 admodum,
2667 1982 2836 2038 fuerit
2863 1970 3055 2049 Cbam,
3085 1984 3180 2055 qui
3212 1985 3536 2057 interpreta—

1966 2082 2076 2138 tur,
2107 2075 2299 2147 fervor.
2330 2074 2484 2141 Quod
2520 2089 2652 2128 vero
2683 2074 2849 2129 etiam
2881 2073 2938 2129 in
2971 2075 3247 2130 laxitatem
3276 2076 3391 2131 sive
3423 2077 3545 2132 lati-

1967 2158 2212 2220 tudinem
2248 2163 2428 2218 cordis
2458 2162 2677 2217 deducti
2717 2163 2909 2229 simus,
2941 2163 3290 2220 aﬂlictionem
3314 2165 3441 2221 vita:
3470 2166 3547 2220 le—

1977 2257 2114 2328 galis
2128 2255 2355 2327 egressi,
2377 2255 2571 2310 tertius
2599 2255 2761 2311 nobis
2787 2255 3021 2326 Japheth
3036 2262 3223 2326 aperte
3245 2256 3511 2328 signiﬁcat
3527 2298 3542 2319 ,

1966 2348 2059 2418 qui
2087 2346 2384 2401 latitudinis
2421 2361 2723 2417 cognomen
2750 2348 2982 2417 accepit.
3006 2346 3222 2402 Judmos
3243 2346 3445 2401 etenim
3468 2346 3548 2399 al-

1968 2436 2181 2491 locutus
2217 2444 2302 2491 est
2339 2437 2485 2491 Deus
2509 2451 2608 2507 per
2628 2451 2820 2491 vocem
2855 2437 3136 2507 propheta:
3162 2436 3352 2491 Isaiae:
3386 2455 3404 2487 ι
3432 2435 3544 2491 Au-

1967 2525 2080 2581 dite
2106 2541 2418 2584 sermonem
2444 2524 2684 2591 Domini,
2712 2525 2817 2580 viri
2843 2524 3050 2591 aﬂlicti,
3072 2535 3129 2581 et
3154 2525 3431 2596 principes
3446 2541 3543 2596 po-

1967 2619 2082 2689 puli
2118 2618 2173 2673 in
2196 2619 2499 2674 Jerusalem
2529 2617 2627 2671 ³¹.›
2656 2618 2725 2673 Et
2750 2634 2965 2673 rursum
2994 2637 3007 2671 :
3038 2638 3057 2670 ‹
3100 2618 3303 2674 Discite
3329 2618 3546 2682 audire,

1969 2710 2260 2781 angustiati
2303 2711 2368 2764 ³⁸.
2404 2730 2423 2761 ι
2449 2711 2652 2765 Paulus
2683 2718 2865 2764 autem
2906 2725 3032 2765 cum
3065 2709 3166 2764 has
3197 2709 3334 2781 legis
3375 2725 3551 2780 angu-

1969 2804 2101 2859 stias
2130 2802 2423 2867 evasisset,
2469 2801 2797 2871 quibusdam
2832 2816 3056 2865 eorum,
3097 2800 3192 2871 qui
3233 2801 3344 2871 jam
3388 2800 3549 2855 fidem

1969 2894 2202 2965 amplexi
2238 2902 2416 2957 erant,
2446 2892 2520 2947 ita
2542 2893 2653 2947 ait:
2685 2911 2703 2944 ι
2742 2891 2816 2947 Os
2840 2902 3088 2947 nostrum
3113 2901 3263 2961 patet
3283 2891 3350 2945 ad
3375 2905 3491 2953 vos,
3518 2905 3553 2943 ο

1969 2983 2264 3049 Corinthii,
2300 2999 2395 3037 cor
2419 2991 2668 3037 nostrum
2693 2982 2977 3036 dilatatam
3004 2989 3108 3035 est.
3137 2980 3255 3033 Non
3279 2978 3556 3049 angustia—

309 3088 330 3120 ι
358 3070 433 3121 'l'b
460 3069 632 3139 στόμα
673 3069 828 3139 ἡμῶν
859 3067 1063 3138 άνέῳγε
1108 3067 1241 3139 πρὸς
1267 3069 1438 3138 ὑμᾶς,
1476 3065 1771 3137 Κορίνθιοι.
1806 3066 1867 3118 Ἥ

1974 3076 2108 3129 mini
2132 3075 2191 3129 in
2215 3074 2376 3129 nobis
2399 3090 2412 3125 :
2436 3072 2823 3143 angustiamini
2844 3080 3028 3125 autem
3059 3072 3114 3124 in
3137 3069 3440 3123 visceribus
3466 3085 3556 3124 ve-

301 3160 502 3232 καρδία
531 3158 687 3229 ἡμῶν
702 3158 1039 3213 πεπλάτυται
1061 3179 1072 3190 ·
1096 3160 1155 3213 οὐ
1188 3156 1610 3228 στενοχωρεῖσθε
1637 3158 1695 3210 tv
1717 3158 1871 3227 ἡμῖν.

302 3249 736 3320 Σπενοχωρεῐσθε
769 3250 826 3303 δὲ
872 3251 929 3303 ἐν
965 3252 1078 3312 τοῖς
1106 3250 1438 3320 σπλάγχνοις
1467 3247 1644 3318 ὑμῶν.
1677 3246 1789 3317 Τὴν
1817 3246 1874 3301 δὲ

299 3342 473 3410 αὐτὴν
497 3341 863 3411 ἀντιμισθίαν,
894 3340 968 3402 ὡς
995 3340 1208 3403 τέκνοις
1228 3340 1394 3409 λέγω,
1424 3337 1761 3410 πλατύνθητε
1781 3338 1877 3391 καὶ

300 3435 484 3503 ὑμεῖς.
517 3431 609 3503 Μὴ
635 3432 852 3501 γίνεσθε
877 3432 1326 3503 ἑτεροζυγοῦντες
1354 3430 1623 3490 άπίστοιςς
1651 3449 1670 3483 ι
1714 3431 1876 3484 Ἠκο-

299 3522 529 3577 λούθουν
554 3521 663 3592 γὰρ
680 3522 767 3575 ἔτι
794 3523 911 3584 τοῖς
961 3522 1231 3575 Ἰουδαίων
1262 3520 1562 3590 ὲντάλμασι
1580 3561 1595 3586 ,
1625 3520 1717 3573 καὶ
1754 3521 1877 3573 dvo-

299 3616 486 3685 νήτοις
536 3612 976 3676 εἰκαιοδουλίαις.
1017 3612 1225 3665 Ψάλλει
1272 3612 1330 3666 δέ
1378 3628 1479 3664 που
1520 3611 1613 3665 καὶ
1646 3612 1675 3663 6
1715 3608 1878 3664 Δαόὶδ

299 3707 444 3777 πρὸς
473 3705 566 3760 τὸν
603 3705 716 3759 τῶν
754 3705 903 3759 ὅλων
932 3703 1162 3774 Σωτῆρα
1192 3703 1447 3774 Χριστὸν,
1487 3702 1561 3767 ὡς
1606 3704 1670 3756 ὲκ
1707 3718 1878 3774 προσ-

301 3799 460 3852 ώπου
490 3798 584 3852 τοῦ
613 3798 735 3852 νέου
757 3796 889 3850 λαοῦ
922 3797 1017 3850 καὶ
1035 3797 1095 3848 tv
1120 3794 1340 3865 Χριστῷ
1362 3812 1374 3825 ’
1410 3814 1429 3847 ι
1481 3794 1626 3849 Ὀδὸν
1652 3793 1880 3848 ἐντολῶν

301 3906 404 3944 σου
449 3889 703 3961 ἔδραμον,
743 3889 872 3943 ὅταν
920 3887 1225 3949 ἑπλάτυνας
1258 3886 1354 3957 τὴν
1403 3885 1628 3957 καρδίαν
1677 3902 1797 3955 μου.
1855 3903 1874 3936 ι

300 3980 662 4035 Πεπλάτυται
683 3980 795 4051 γὰρ
817 3978 976 4049 ἡμῶν
1004 3980 1034 4031 6
1060 3975 1185 4040 νοῦς
1212 3978 1290 4040 είς
1312 3977 1526 4045 σοφίαν,
1557 3975 1881 4045 ὲνηυλισμέ-

299 4088 400 4127 νου
437 4088 497 4123 τε
539 4071 633 4125 καὶ
674 4069 955 4142 ᾡκηκότος
991 4070 1052 4121 tv
1086 4069 1211 4130 ’ταῖς
1253 4066 1512 4120 ἁπάντων
1554 4066 1754 4135 ψυχαῖς
1795 4063 1882 4117 διὰ

1974 3168 2123 3223 stris.
2171 3164 2433 3222 Eamdem
2477 3173 2661 3220 autem
2711 3162 2978 3217 habentes
3023 3160 3553 3225 remunerationem,

1977 3269 2232 3330 tanquam
2261 3257 2387 3313 ﬁliis
2426 3256 2569 3321 dico,
2613 3254 2915 3310 dilatamini
2944 3263 3002 3309 et
3022 3268 3137 3308 vos.
3162 3251 3341 3306 Nolite
3366 3252 3556 3322 iugum

1975 3350 2177 3406 ducere
2205 3364 2329 3404 cum
2357 3344 2758 3401 infidelibus".
2790 3363 2808 3395 ι
2841 3341 3277 3413 Αοίιιιὶεεοεὺαιιι
3293 3339 3439 3395 enim
3462 3340 3557 3394 ad-

1976 3438 2085 3492 huc
2108 3437 2419 3493 Iudaeorum
2441 3432 2745 3506 praeceptis,
2769 3439 2825 3487 et
2851 3430 3188 3503 iufrugiferis
3209 3428 3554 3499 vaniloquiis.

1975 3528 2145 3584 David
2180 3537 2363 3583 autem
2404 3525 2537 3581 alibi
2568 3506 2742 3581 ita'ad
2787 3524 3172 3579 universorum
3217 3521 3556 3577 Salvatorem

1975 3619 2253 3675 Christum
2305 3617 2480 3679 canit,
2516 3614 2687 3669 veluti
2735 3629 2803 3668 ex
2837 3629 3070 3683 persona
3118 3612 3246 3667 novi
3291 3626 3355 3666 ac
3392 3610 3555 3666 Chri-

1977 3710 2137 3769 stiani
2164 3708 2386 3780 populi:
2419 3727 2437 3759 ι
2466 3707 2620 3762 Viam
2646 3704 3027 3759 mandatorum
3060 3712 3278 3758 tuorum
3313 3701 3555 3764 cucurri,

1978 3801 2197 3873 quando
2242 3798 2478 3854 dilatasti
2521 3813 2616 3851 cor
2646 3812 2829 3851 meum
2868 3795 2932 3848 “.
2983 3814 3001 3845 ι
3028 3793 3371 3862 Ampliticata
3409 3789 3557 3843 enim

1979 3910 2042 3948 ac
2075 3892 2296 3947 dilatata
2331 3899 2415 3944 est
2446 3902 2601 3942 mens
2649 3895 2837 3939 nostra
2869 3885 2936 3937 ad
2976 3881 3297 3950 sapientiam
3340 3878 3558 3931 inhabi-

1981 3990 2129 4035 tants
2166 3979 2221 4031 in
2249 3977 2494 4031 omnium
2527 3971 2726 4025 animis
2748 3985 2845 4039 per
2882 3967 3157 4037 spiritum,
3180 3962 3555 4017 Emmanuele.

1983 4066 2333 4139 Ejuscemodi
2385 4064 2551 4135 igitur
2574 4070 2703 4117 sunt
2729 4060 2766 4115 ii
2795 4058 2892 4130 qui
2941 4059 2999 4112 in
3042 4055 3260 4113 Christo
3308 4062 3437 4109 sunt
3462 4069 3561 4122 per

302 4162 624 4231 πνεύματος
659 4162 755 4215 τοῦ
806 4159 1174 4233 Ἐμμανουήλ.
1220 4158 1426 4213 Τοιοίδε
1463 4157 1561 4227 μὲν
1600 4152 1692 4209 οὖν
1735 4156 1783 4208 oi.
1828 4157 1885 4208 tv
1987 4160 2171 4213 ﬁdem.

300 4252 533 4322 Χριστῷ
557 4253 644 4307 διὰ
673 4253 931 4315 πίστεως.

377 4269 533 4323 κστῳ
557 4269 644 4307 ora
673 4269 931 4315 πιστεως.

377 4351 453 4417 η’.
474 4344 597 4397 Ὀτι
624 4343 682 4396 δὲ
702 4341 929 4409 πλείστη
959 4340 1054 4410 μὲν
1076 4342 1110 4412 ἡ
1134 4338 1244 4394 τῶν
1259 4340 1316 4392 tv
1333 4337 1511 4391 πίστει
1532 4335 1867 4407 δεδικαιωμὲ-

2057 4339 2108 4394 8.
2147 4335 2302 4404 Quod
2346 4344 2526 4389 autem
2559 4333 2815 4401 frequens
2840 4327 3133 4384 admodum
3167 4325 3239 4380 sit
3270 4322 3559 4394 purissima

467 4431 836 4503 καθαρωτάτη
865 4429 1090 4502 πληθὺς,
1135 4435 1302 4503 μείων
1341 4448 1404 4501 γε
1439 4431 1547 4502 μὴν
1574 4432 1607 4497 ἡ
1638 4427 1698 4492 ἐξ
1755 4430 1854 4479 Ἴου

1991 4445 2183 4486 eorum
2230 4428 2326 4498 qui
2382 4443 2480 4496 per
2538 4424 2701 4477 fidem
2742 4419 3021 4492 iustificati
3076 4425 3205 4473 sunt
3244 4414 3560 4475 multitudo,

298 4528 503 4589 δαίων,
540 4523 808 4594 ἁναμάθοι
837 4524 919 4586 τις
935 4523 1001 4576 ἂν
1027 4523 1275 4577 ἐντευθεν
1306 4519 1559 4592 ἀμογητί.
1590 4519 1759 4571 Ἑπτὰ
1790 4518 1867 4588 μὲι

1992 4523 2170 4576 ιηίιιοι·
2192 4535 2324 4573 vero
2354 4518 2697 4579 Judazorum,
2741 4514 2900 4568 facile
2939 4513 3062 4581 quis
3107 4511 3237 4565 hinc
3277 4508 3561 4579 intelligat.

298 4620 425 4689 γὰρ
474 4619 535 4669 tv
570 4619 636 4687 τῇ
669 4614 887 4685 κιϐωτῷ
914 4614 984 4668 τά
1023 4616 1088 4668 ἐκ
1116 4614 1225 4667 τῶν
1256 4611 1510 4684 καθαρῶν
1540 4611 1867 4679 είσκεκόμικε

1993 4614 2212 4683 Septem
2239 4611 2383 4665 enim
2408 4610 2462 4663 in
2483 4623 2663 4663 arcam
2686 4622 2751 4660 ex
2778 4605 2998 4661 mundis
3020 4602 3261 4658 immissa
3284 4609 3431 4664 sunt,
3454 4599 3565 4654 duo

301 4707 491 4773 ζώων,
526 4707 631 4760 ἀνὰ
662 4705 755 4758 δύο
780 4705 837 4759 δὲ
869 4700 934 4758 αὖ
991 4705 1059 4756 τὰ
1092 4705 1157 4755 ἐκ
1194 4701 1302 4755 τῶν
1342 4700 1686 4771 ἀκαθάρτων·
1729 4713 1867 4749 τουτ-

1992 4714 2175 4759 autem
2206 4720 2273 4758 ex
2310 4702 2625 4764 immundis,
2672 4701 2775 4754 hoc
2812 4710 2915 4764 est,
2946 4696 3161 4752 Domini
3198 4693 3560 4749 interfectori-

303 4800 451 4861 ἐστι,
475 4798 584 4851 τῶν
613 4797 976 4868 κυριοκτόνων
1020 4794 1307 4848 Ἰουδαίων.
1345 4813 1364 4845 ι
1399 4793 1670 4845 Σέσωσται
1701 4790 1808 4860 γὰρ
1830 4789 1867 4840 τί

1991 4799 2096 4853 bus
2125 4795 2347 4853 Iudaeis.
2379 4814 2397 4844 ι
2430 4792 2605 4847 Salva:
2630 4790 2777 4845 enim
2808 4789 2963 4843 factae
2998 4792 3127 4839 sunt
3157 4782 3398 4849 reliquiae
3431 4780 3499 4844 ³⁸,
3540 4800 3559 4829 ι

303 4888 683 4958 κατάλειμμα,
721 4906 740 4938 ι
774 4887 916 4940 κατὰ
940 4888 1041 4956 τὴν
1084 4886 1177 4938 τοῦ
1203 4884 1480 4955 προφήτου
1511 4885 1711 4951 φωνήν.
1749 4880 1864 4948 Illi;

1988 4893 2139 4962 juxta
2168 4886 2448 4958 prophetae
2465 4897 2677 4939 vocem.
2699 4880 2964 4934 Praeterea
2986 4873 3132 4943 quod
3157 4868 3419 4939 temporis
3441 4881 3569 4936 pro-

302 4978 397 5032 ὃτι
447 4979 591 5032 κατὰ
627 4980 855 5049 καιροὺς
904 4975 1307 5030 άπανίστασθαί
1355 4973 1417 5027 τε
1467 4973 1563 5028 καὶ
1600 4973 1867 5043 ἀποψοιτᾷ

1994 4994 2180 5051 gressu
2225 4993 2256 5031 a
2302 4975 2408 5030 fide
2453 4970 2751 5029 discessuri
2795 4965 3172 5033 defecturique
3211 4967 3397 5015 essent
3426 4972 3568 5012 non-

307 5070 413 5138 τῆς
443 5071 679 5134 πίστεως
701 5047 926 5140 ἔμελλόν
944 5056 1092 5132 τινες
1122 5068 1233 5121 τῶν
1264 5067 1323 5132 ἐξ
1366 5067 1593 5137 αἵματος
1659 5064 1867 5136 Ἰσραὴλ

1994 5047 2130 5125 nulli
2158 5086 2225 5123 ex
2253 5066 2516 5136 sanguine
2552 5062 2739 5124 Israel,
2769 5071 2989 5113 rursum
3034 5053 3261 5125 ﬁgurate
3291 5047 3568 5119 signiﬁca-

311 5136 600 5218 ὑπετύπου
645 5136 828 5218 πάλιν.
865 5184 884 5215 ι
931 5160 1245 5215 Ἀπέστειλε
1298 5136 1437 5231 γὰρ,
1469 5178 1487 5210 ι
1542 5158 1726 5227 φησὶν,
1767 5176 1785 5207 ι
1832 5159 1867 5209 t1

1998 5160 2095 5213 vit.
2135 5178 2151 5208 ι
2186 5156 2381 5212 Emisit
2409 5154 2577 5216 enim,
2624 5171 2641 5202 ›
2678 5150 2877 5220 inquit,
2921 5166 2938 5198 ι
2969 5161 3037 5200 ex
3063 5160 3186 5199 arca
3218 5153 3466 5201 corvum,
3500 5136 3568 5189 ad

307 5254 415 5322 τῆς
450 5254 682 5307 κιϐωτοῦ
711 5255 802 5308 τὸν
850 5255 1063 5324 κόρακα
1093 5253 1219 5306 ἰδεῖν
1251 5252 1300 5304 εί
1332 5249 1607 5303 κεκόπακε
1632 5247 1693 5299 τὸ
1725 5246 1867 5317 ὕδωρ

2000 5249 2296 5303 videndum
2329 5246 2374 5300 si
2405 5250 2671 5299 cessasset
2713 5256 2873 5309 aqua;
2905 5238 2997 5291 ille
3035 5250 3167 5289 vero
3208 5245 3320 5285 non
3364 5237 3448 5283 est
3482 5244 3571 5280 rc~

307 5349 343 5400 6
364 5319 421 5399 δὲ
457 5346 555 5417 οὐχ
577 5319 937 5417 ύπέστρεψενξ
971 5363 989 5397 ι
1010 5343 1298 5413 Ἐνεπνίγη
1329 5341 1407 5406 δὲ,
1433 5336 1607 5411 οἶμαι,
1627 5341 1738 5402 τοῖς
1765 5338 1863 5391 ’ύδα

2001 5355 2193 5393 versus
2210 5338 2275 5390 ³⁸.
2308 5355 2325 5386 ι
2353 5335 2683 5390 Submersus
2703 5338 2882 5384 autem
2905 5336 3007 5387 est,
3030 5331 3092 5377 ut
3110 5321 3368 5384 arbitror,
3393 5319 3568 5388 aquis,

315 5455 422 5501 σιν,
456 5437 687 5509 ἐρεισμά
711 5455 770 5491 τε
801 5438 895 5491 καὶ
935 5437 1124 5490 στάσιν
1143 5436 1240 5504 οὐχ
1266 5430 1538 5503 εὑρηκώς.
1569 5431 1774 5485 Οὐκοῦν
1836 5446 1865 5482 τ

2005 5429 2097 5484 ubi
2120 5426 2443 5481 subsisteret
2469 5439 2576 5477 non
2606 5418 2906 5474 inveniens.
2934 5411 3201 5479 Quocirca
3228 5425 3259 5464 a
3291 5407 3395 5463 ﬁde
3418 5406 3575 5463 Chri-

2684 5552 2728 5583 ²⁹
2750 5551 2889 5604 Psal.
2914 5566 3000 5613 xv,
3031 5549 3116 5601 M.
3195 5544 3240 5576 ³⁸
3267 5543 3425 5598 Rom.
3456 5558 3570 5607 vm,

388 5582 430 5614 “
451 5579 592 5635 Psal.
620 5595 728 5642 xei,
756 5575 843 5628 14.
916 5574 958 5605 ’⁷
985 5571 1238 5627 ll’l‘hess.
1278 5588 1337 5638 ιι,
1381 5570 1466 5633 ίὸς
1509 5570 1664 5624 Rom.
1694 5585 1785 5631 xu,
1816 5568 1867 5620 ll

388 5650 409 5679 ε
505 5650 648 5679 an...
704 5660 871 5679 ...νη-
924 5644 991 5679 ιι
1087 5644 1131 5674 8!
1166 5643 1244 5679 Ιαι.
1293 5656 1411 5679 ιτνι
1462 5641 1492 5679 Κ
1628 5640 1737 5679 ³³11
1783 5639 1859 5679 {In

1979 5566 2022 5598 "‘
2051 5564 2241 5618 Matth.
2284 5556 2579 5621 111,·11,1ἳ.
2684 5556 2728 5583 ’³
2751 5556 2889 5604 Psal.
2914 5566 3000 5613 xv,
3031 5556 3116 5601 Μ.
3195 5556 3240 5576 ὐ
3270 5556 3425 5598 ltum.
3456 5558 3563 5607 vin,

1969 5653 2016 5679 -ιΔ
2060 5633 2249 5679 11-1.5.
2325 5631 2367 5660 ³ἰ
2396 5627 2535 5679 Psal.
2572 5638 2751 5679 cxvm,
2780 5620 2867 5673 9:2.
2980 5620 3022 5651 ³⁸
3050 5619 3150 5673 lsa.
3182 5631 3236 5679 x,
3272 5613 3378 5678 Ὧς
3407 5613 3563 5665 Rom.

334 5649 428 5704 ss.
451 5620 894 5707 “??'is;.“';g.f.'..,
924 5620 1025 5696 ιιῗ
1060 5620 1669 5704 ’δ’ῐὲεὶξίᾶιγῖξ’δῖ’ψῦ
1698 5620 1914 5692 item.
1947 5653 2019 5700 vr,
2060 5633 2249 5686 ιι-ιι.
2325 5620 2367 5660 τι
2396 5627 2535 5680 Psal.
2572 5638 2751 5685 cxvm,
2780 5620 2867 5673 ενι.

323 5736 395 5787 ιι,
424 5720 514 5774 27.
593 5719 637 5751 ³⁸
662 5718 803 5773 Gen.
834 5713 1018 5779 vtu,6.
