4056 6260
520 335 590 392 Ἠ
1531 323 1587 379 S.
1626 323 1901 379 CYRILLI
1942 322 2411 381 ALEXANDDIM
2442 323 2761 379 ARCliiEP.
3717 309 3787 362 τὶ

525 446 594 500 sti
646 440 951 497 desciscere
1003 445 1168 510 atque
1224 437 1450 493 alienari
1504 436 1685 492 omnis
1733 436 1991 490 interitus
2030 446 2114 492 est

2233 438 2314 508 ιῆς
2348 438 2581 501 πίστεως
2606 435 2965 508 ἀπολισθῆσαι
3014 432 3107 489 τοῦ
3142 432 3377 503 Χριστοῦ
3430 435 3524 487 καὶ
3585 434 3788 488 ἀπονο-

528 547 712 587 causa.
741 529 820 584 Ita
845 529 1008 583 etiam
1034 527 1231 581 beatus
1253 526 1455 580 Paulus
1487 525 1555 580 iis
1577 525 1669 595 qui
1700 536 1822 595 post
1840 524 2000 579 ﬁdem
2023 541 2107 579 ae-

530 631 741 693 ceptam
778 621 831 675 in
857 621 974 691 lege
1000 618 1227 690 perfecti
1253 626 1432 680 erant,
1456 626 1549 672 aut
1575 618 1778 686 alioqui
1803 618 2115 673 existimant

531 731 588 769 se
611 715 725 768 fore
758 712 1030 783 perfectos
1057 729 1069 763 :
1102 729 1120 760 ι
1151 710 1408 764 Evaeuati
1442 710 1596 775 estis,
1626 729 1642 759 ι
1676 709 1872 779 inquit,
1898 708 2007 781 40
2033 729 2050 759 ι
2084 726 2115 764 a

530 803 778 867 Christo,
818 801 912 872 qui
942 802 998 855 in
1033 801 1151 870 lege
1181 798 1579 869 justiﬁeamini,
1616 815 1645 853 a
1673 799 1842 869 gratia
1877 798 2114 853 excidis-

532 893 620 947 tis.
643 892 754 947 Nos
775 892 921 946 enim
944 890 1139 960 spiritu
1171 904 1240 943 ex
1272 887 1376 943 ﬁde
1404 903 1556 958 spem
1577 887 1805 960 justitiae
1829 897 2115 957 exspecta-

533 1000 656 1039 mus
678 985 744 1038 ”.
775 1004 793 1035 ι
827 982 1216 1037 Animadverte
1247 990 1428 1035 autem
1460 996 1567 1050 quo
1589 991 1748 1050 pacto
1777 996 1844 1034 ex
1876 979 2115 1034 immun-

534 1075 621 1129 dis
664 1075 983 1130 volucribus
1015 1089 1213 1130 corvus
1252 1072 1495 1128 del'ector
1535 1069 1719 1127 fuerit.
1759 1072 1929 1126 Erant
1968 1072 2114 1126 enim

537 1168 788 1222 nonnulli
805 1182 872 1220 ex
891 1165 1093 1221 Judzeis
1136 1164 1228 1235 qui
1250 1173 1373 1234 post
1383 1162 1827 1234 justiﬁcationem
1848 1177 1947 1233 per
1962 1162 2119 1233 Chri-

539 1267 684 1314 stum
714 1265 990 1327 acceptam
1027 1257 1093 1311 ad
1124 1257 1259 1328 legis
1286 1256 1509 1310 umbras
1534 1256 1804 1310 redibant.
1838 1255 1916 1311 Ac
1954 1255 2021 1311 de
2051 1256 2118 1313 iis

540 1350 783 1420 quidem,
808 1357 869 1403 ut
887 1348 1142 1412 arbitror,
1162 1350 1379 1419 sapiens
1393 1347 1632 1402 Joannes
1653 1346 1846 1401 scribit
1870 1365 1881 1400 :
1915 1366 1932 1396 ι
1961 1345 2005 1401 Α
2022 1362 2120 1400 no-

541 1438 627 1493 bis
658 1437 860 1508 egressi
901 1444 1054 1501 sunt,
1087 1436 1181 1490 sed
1217 1452 1328 1490 non
1375 1444 1535 1490 erant
1571 1451 1639 1490 ex
1683 1435 1860 1489 nobis.
1899 1435 2035 1489 Nam
2073 1436 2118 1490 si

541 1528 769 1583 fuissent
783 1543 849 1581 ex
866 1526 1046 1589 nobis,
1060 1526 1491 1597 permansissent
1506 1526 1692 1595 utique
1707 1526 1990 1581 nobiseum
2009 1527 2071 1579 3“.
2095 1547 2113 1578 ι

540 1618 762 1673 Dicente
793 1625 973 1671 autem
998 1617 1161 1671 etiam
1188 1614 1394 1685 Spiritu
1418 1616 1702 1670 manifeste
1744 1616 1887 1685 quod
1918 1636 1934 1663 ι
1965 1617 2017 1669 in
2042 1616 2121 1671 ul-

538 1707 687 1762 timis
716 1707 1055 1778 temporibus
1076 1706 1333 1761 deficient
1361 1706 1582 1777 quidam
1614 1722 1646 1761 a
1679 1706 1805 1772 ﬁde,
1832 1708 2120 1762 attenden-

2221 527 2532 598 σφίζεσθαι,
2569 528 2783 592 πάντως
2824 525 3079 598 πρόξενον
3127 523 3420 586 ἀπωλείας.
3462 523 3616 577 Οὕτω
3639 526 3734 577 καὶ
3757 525 3789 577 6

2216 618 2484 689 μακάριος
2534 616 2746 681 Παῦλος
2776 619 2888 679 τοῖς
2923 615 3060 686 μετά
3097 613 3191 685 τὴν
3227 613 3407 666 πίστιν
3436 614 3495 665 ὲν
3524 614 3675 683 νόμῳ
3701 629 3790 666 τε·

2212 708 2565 778 λειουμένοις,
2587 708 2751 777 ἠγουν
2784 704 3043 775 οἱηθείσιν
3077 704 3292 757 ἔσεσθαι
3327 703 3575 767 τελείοις,
3605 723 3622 753 ι
3650 704 3792 756 Κατ-

2215 797 2520 869 ηργήθητε,
2552 796 2794 869 ιφησὶν,ι
2836 793 2944 848 ἀπὸ
2968 792 3226 865 Χριστοῦ,
3243 792 3437 855 οἵτινες
3457 794 3515 845 ὲν
3535 792 3683 863 νόμῳ
3705 791 3787 846 δι-

2215 888 2493 951 καιοῦσθε,
2540 888 2637 958 τῆς
2666 868 2883 957 χάριτος
2935 882 3249 949 ἐξεπέσατε·
3280 885 3437 953 ἡμεῖς
3476 884 3582 953 γὰρ
3625 882 3780 943 πνεύ-

2218 999 2346 1052 ματι
2374 983 2437 1032 ὲκ
2462 980 2698 1042 πίστεως
2728 978 2917 1032 ἐλπίδα
2947 976 3287 1047 δικαιοσύνης
3321 975 3784 1046 ἀπεκδεχόμεθα.»

2219 1070 2409 1144 Ἀθρει
2446 1071 2502 1124 δὲ
2532 1071 2680 1133 ὅπως
2713 1071 2777 1123 ἐκ
2817 1071 2927 1122 τῶν
2973 1067 3297 1138 ἀκαθάρτων
3328 1065 3547 1136 πτηνῶν
3572 1067 3601 1118 ὁ
3624 1066 3794 1138 κόραξ

2216 1162 2549 1239 ἀποστάτης.
2596 1157 2775 1215 Ἦσαν
2800 1159 2909 1231 γὰρ
2943 1158 3002 1224 ἐξ
3049 1159 3318 1215 Ἰουδαίων
3349 1160 3398 1211 oi
3436 1157 3575 1229 μετά
3606 1157 3703 1227 τὴν
3732 1159 3792 1215 ιν

2218 1253 2439 1325 Χριστῷ
2470 1252 2754 1308 δικαίωσιν
2781 1252 2973 1305 ἀνόπιν
3006 1250 3177 1313 ἰόντες
3210 1249 3303 1302 ἐπὶ
3335 1250 3435 1312 τὰς
3485 1248 3579 1301 τοῦ
3626 1249 3793 1317 νόμου

2220 1346 2400 1408 σκιάς.
2420 1345 2529 1399 Καὶ
2541 1344 2669 1414 περὶ
2682 1337 3037 1411 αὑτῶν,οἷμαὶ
3058 1358 3179 1403 που,
3200 1341 3289 1392 καὶ
3306 1343 3333 1393 6
3350 1340 3510 1409 σοφὸς
3542 1339 3795 1411 Ἰωάννης

2219 1438 2419 1508 γράφει
2444 1454 2453 1464 ·
2482 1456 2500 1485 ι
2538 1433 2627 1499 Ἐξ
2650 1432 2804 1504 ἡμῶν
2833 1432 3076 1502 ἐξῆλθον,
3100 1431 3213 1484 ἀλλ’
3239 1434 3338 1484 οὐκ
3364 1427 3505 1502 ἦσαν
3526 1432 3586 1498 ἐξ
3612 1433 3793 1503 ἡμῶν·

2223 1530 2270 1581 εἰ
2298 1527 2406 1598 γὰρ
2428 1521 2567 1596 ἦσαν
2598 1525 2658 1590 ἐξ
2678 1528 2711 1594 ἡ
2723 1524 2857 1594 μῶν,
2885 1524 3267 1594 μεμενήκεσαν
3291 1521 3356 1576 ἂν
3394 1522 3513 1592 μεθ’
3556 1522 3729 1593 ἡμῶν.
3768 1542 3791 1576 ι

2222 1618 2483 1683 Λέγοντος
2522 1615 2578 1668 δὲ
2619 1615 2714 1669 καὶ
2743 1614 2835 1667 τοῦ
2882 1614 3198 1684 Πνεῦματος
3231 1615 3495 1684 ἐναργῶς,
3530 1615 3612 1669 ὃτι
3653 1634 3673 1664 ι
3707 1616 3797 1670 Ἐν

2226 1706 2473 1775 ὑστέροις
2487 1707 2692 1776 καιροῖς
2709 1704 2918 1774 άποσιοή
2928 1703 3108 1756 σονταί
3125 1719 3269 1767 τινες
3281 1705 3377 1773 τῆς
3397 1704 3797 1774 πίστεως,προ-

541 1807 626 1853 tes
658 1796 944 1866 spiritibus
972 1796 1179 1850 erroris
1200 1796 1243 1827 "
1281 1812 1295 1861 ;
1330 1814 1348 1846 ι
1378 1795 1503 1849 vide
1532 1796 1695 1849 etiam
1725 1796 1887 1866 hujus
1908 1795 1985 1849 rei
2010 1811 2126 1850 ma-

2233 1796 2476 1866 σέχοντες
2492 1794 2762 1865 πνεύμασι
2779 1794 3161 1866 πλάνοις,›ὅρα
3184 1797 3278 1850 καὶ
3293 1795 3445 1849 τοῦδε
3467 1795 3614 1864 σαφῆ
3631 1796 3800 1849 τύπον

542 1888 802 1942 nifestum
835 1895 1020 1958 typum
1060 1902 1160 1957 per
1197 1886 1310 1943 Noe
1345 1886 1570 1941 factum.
1604 1886 1798 1942 Emisit
1829 1887 1974 1941 enim
2011 1888 2124 1956 pri-

546 1993 691 2033 mam
723 1994 786 2033 ac
815 1978 1109 2032 secundam
1135 1977 1444 2032 columbam
1468 1978 1841 2047 speculaturas
1866 1977 2127 2047 quodam-

549 2067 711 2121 modo
751 2082 818 2120 an
862 2067 1199 2122 subsedisset
1252 2066 1538 2122 diluvium.
1584 2067 1676 2121 Hre
1728 2083 1859 2122 vero
1898 2082 2127 2123 reversa:

546 2167 694 2223 sunt,
726 2157 896 2213 veluti
933 2158 987 2212 in
1030 2173 1253 2213 caveam
1287 2159 1340 2213 in
1375 2173 1577 2221 arcam,
1615 2156 1852 2231 habente
1887 2174 1993 2213 una
2038 2175 2122 2212 ra-

546 2260 696 2302 mum
727 2254 782 2301 in
825 2263 919 2302 ore
949 2263 1068 2311 suo,
1095 2248 1241 2302 sicut
1273 2249 1536 2318 scriptum
1570 2257 1654 2303 est
1681 2250 1748 2310 "°,
1785 2250 1941 2303 oliva:
1970 2248 2130 2302 nimi-

542 2356 690 2396 rum.
724 2341 1068 2394 Emittuntur
1098 2340 1246 2393 enim
1276 2340 1446 2393 sancti
1486 2356 1515 2392 a
1543 2338 1761 2394 Christo
1798 2342 2131 2410 speeulaturi

550 2434 837 2497 mundum,
869 2433 1073 2502 quique
1105 2433 1160 2486 in
1188 2447 1256 2486 eo
1292 2441 1441 2486 sunt.
1475 2432 1727 2488 Redeunt
1750 2440 1930 2487 autem
1963 2435 2131 2488 veluti

549 2526 838 2596 loquentes
873 2539 1084 2594 pacem.
1121 2523 1237 2578 Iloc
1262 2524 1409 2578 enim
1447 2523 1688 2578 arbitror
1723 2525 1943 2595 oblique
1970 2525 2134 2596 signi-

553 2614 716 2669 ﬁcare
738 2628 948 2668 ramum
969 2613 1125 2667 oliva:
1147 2612 1202 2665 in
1230 2628 1322 2667 ore
1344 2613 1628 2668 columbae.
1653 2604 1805 2668 Oliva
1825 2616 1973 2669 enim
1995 2631 2135 2670 sem-

552 2722 653 2775 per
680 2714 765 2761 est
793 2704 1099 2778 symbolum
1136 2704 1304 2775 pacis.
1329 2704 1409 2759 Pii
1437 2706 1656 2775 quidem
1681 2706 1846 2776 igitur
1865 2716 1994 2761 sunt
2016 2707 2130 2778 qui,

553 2813 652 2867 per
698 2796 858 2851 ﬁdem
891 2798 1137 2868 purgati,
1176 2806 1233 2852 et
1268 2798 1438 2852 veluti
1472 2797 1526 2852 in
1565 2798 1980 2852 mansuetudine
2012 2799 2136 2854 vita:

553 2886 879 2957 evangelica:
899 2903 929 2941 a
954 2888 1064 2941 Deo
1088 2887 1288 2942 delecti
1313 2896 1458 2941 sunt.
1483 2885 1750 2941 Caterum
1778 2887 1924 2957 quod
1958 2905 2023 2942 ex
2050 2886 2135 2958 ip-

554 2981 629 3035 sis
661 2981 826 3034 etiam
860 2980 1110 3034 nonnulli
1139 2979 1193 3033 in
1234 2980 1440 3034 ultimis
1480 2980 1850 3049 temporibus,
1882 2988 1942 3034 ut
1976 2982 2138 3036 modo

554 3070 687 3137 dixi,
717 3071 824 3126 sint
852 3070 1141 3136 defecturi,
1168 3079 1328 3143 typus
1349 3070 1450 3125 iste
1483 3069 1742 3125 declarat.
1775 3071 1956 3126 Tertia
1988 3073 2133 3127 enim

554 3171 715 3232 atque
748 3163 937 3218 ultima
966 3163 1204 3216 mittitur
1237 3162 1509 3228 columba,
1544 3178 1724 3232 neque
1760 3162 1835 3218 illi
1860 3178 2004 3219 curae
2036 3164 2138 3220 fuit

557 3251 787 3315 reditus,
814 3252 1077 3304 remansit
1098 3251 1266 3304 enim.
1296 3270 1313 3301 ι
1342 3245 1668 3318 Quies'cente
1698 3242 1879 3308 autem
1905 3253 2134 3318 diluvio,

557 3341 805 3398 subsedit
831 3356 955 3395 arca
990 3352 1156 3412 super
1185 3350 1399 3397 montes
1424 3341 1628 3396 Ararad
1659 3342 1725 3408 εί,
1764 3362 1780 3393 ι
1805 3359 1941 3412 quos
1966 3344 2141 3411 inter-

558 3431 866 3501 pretaberis
890 3407 1247 3484 testimonium
1282 3430 1592 3486 descensus.
1630 3430 1843 3486 Excelsi
1896 3432 2041 3486 enim
2078 3447 2142 3487 ac

558 3520 727 3574 veluti
762 3520 817 3574 in
864 3520 1144 3593 montibus
1188 3520 1472 3575 constituti
1513 3528 1674 3585 sunt,
1711 3519 1783 3573 ob
1817 3519 2141 3591 evangelicae

558 3611 687 3665 vita:
724 3609 1141 3675 sublimitatem,
1164 3610 1256 3681 qui
1289 3610 1345 3664 in
1372 3609 1591 3665 Christo
1617 3626 1714 3680 per
1736 3608 1919 3674 ﬁdem,
1946 3626 2139 3681 super-

560 3718 727 3767 num,
782 3701 1040 3772 quodque
1088 3718 1156 3757 ex
1202 3703 1341 3757 ccelo
1392 3701 1677 3756 descendit
1726 3700 1823 3755 Dei
1864 3700 2139 3766 Verbum,

559 3792 744 3849 ubivis
773 3801 1042 3847 terrarum
1076 3788 1374 3863 praedicant
1398 3810 1411 3844 :
1437 3791 1639 3863 quibus
1668 3791 1783 3862 ipse
1809 3790 1975 3846 etiam
1997 3790 2142 3845 Deus

561 3881 838 3947 inclamat,
872 3898 971 3954 per
991 3897 1183 3937 vocem
1216 3881 1496 3952 prophetae
1536 3898 1549 3933 :
1581 3900 1599 3932 ι
1632 3879 1765 3936 Sitis
1791 3880 1927 3934 mihi
1954 3886 2140 3943 testes,

560 3979 618 4027 et
647 3988 747 4045 ego
780 3972 964 4038 testis,
1007 3972 1142 4029 dicit
1189 3972 1455 4028 Dominus
1498 3972 1675 4037 Deus,
1712 3981 1768 4027 et
1805 3988 1943 4043 puer
1977 3988 2140 4045 quem

561 4062 699 4132 elegi
723 4063 791 4116 “.
822 4082 841 4114 ι
872 4062 1173 4117 Sublimior
1194 4063 1375 4133 itaque
1399 4071 1482 4117 est
1507 4062 1738 4118 terrenis
1757 4062 1922 4118 rebus
1949 4079 2139 4119 eorum

562 4151 658 4220 qui
686 4152 741 4205 in
773 4151 988 4206 Christo
1021 4162 1148 4205 sunt
1174 4154 1362 4221 gloria.

2225 1889 2312 1943 διὰ
2329 1888 2452 1942 Νῶε
2474 1888 2858 1959 γεγενημένον.
2898 1887 3206 1942 Ἀπέστειλε
3238 1887 3340 1957 μὲν
3364 1886 3472 1957 γὰρ
3494 1885 3715 1957 πρώτην
3737 1903 3800 1940 τι

2227 1978 2322 2030 καὶ
2348 1978 2608 2049 δευτέραν
2630 1977 2958 2048 περιστερὰν
2996 1977 3501 2046 κατασκεψομένας,
3535 1976 3723 2047 ὥσπερ
3749 1979 3801 2031 ει

2228 2070 2284 2122 ὲν
2315 2068 2567 2138 ὑφιζήσει
2593 2068 2813 2136 γέγονεν
2833 2070 2859 2121 6
2890 2068 3291 2136 κατακλυσμὸς.
3321 2068 3390 2120 Al.
3417 2068 3474 2121 δὲ
3504 2069 3799 2139 ὑπενόστη·

2232 2175 2330 2212 σαν
2353 2159 2427 2222 ὡς
2456 2160 2535 2220 είς
2583 2158 2777 2212 καλιὰν
2815 2159 2893 2222 εἰς
2927 2157 3027 2229 τὴν
3078 2157 3329 2222 κιϐωτὸν,
3381 2158 3475 2215 καί
3515 2176 3569 2211 τι
3594 2159 3802 2229 κάρφος

2232 2251 2460 2321 ἐχούσης
2486 2252 2615 2321 μιᾶς
2642 2251 2699 2302 ὲν
2717 2250 2795 2320 τῷ
2820 2250 3049 2320 στόματι
3084 2250 3273 2319 αὐτῆς,
3301 2249 3441 2304 καθά
3469 2251 3800 2321 γέγραπται,

2233 2341 2389 2404 θαλὸς
2412 2341 2468 2394 δὲ
2503 2342 2658 2395 τοῦτο
2694 2341 2873 2404 ἐλαίας
2899 2338 2986 2413 ἦν.
3023 2341 3468 2397 Ἀποστὲλλονται
3500 2342 3599 2412 μὲν
3628 2342 3734 2425 γὰρ
3752 2344 3803 2396 oi

2234 2432 2377 2500 ἅγιοι
2408 2432 2557 2502 παρὰ
2589 2432 2826 2504 Χριστοῦ
2856 2434 3322 2503 κατασκεψόμενοί
3352 2451 3410 2488 τε
3445 2435 3538 2487 τὸν
3579 2436 3804 2505 κόσμον,

2234 2522 2328 2577 καὶ
2353 2520 2478 2584 τοὺς
2508 2522 2565 2571 ὲν
2592 2520 2760 2590 αὐτῷ.
2804 2521 3189 2575 Ὑπονοστοῦσι
3223 2522 3281 2575 δὲ
3305 2522 3493 2593 ὥσπερ
3522 2522 3809 2587 λαλοῦντες

2235 2613 2474 2682 εἰρήνην.
2510 2611 2670 2666 Τουτὶ
2694 2614 2801 2682 γὰρ
2825 2609 2980 2684 οἶμαι
3022 2614 3262 2682 πλαγίως
3306 2615 3603 2685 ὑποδηλοῦν
3631 2615 3692 2669 τὸ
3748 2617 3809 2669 ἐν

2238 2705 2465 2773 στόματι
2489 2706 2700 2760 κεῖσθαι
2716 2707 2815 2776 τῆς
2838 2709 3164 2779 περιστερᾶς
3191 2707 3280 2763 τὸν
3294 2709 3393 2776 τῆς
3428 2708 3608 2771 ἐλαίας
3625 2707 3807 2763 θαλὸν.

2237 2797 2511 2866 Σύμϐολον
2533 2796 2641 2868 γὰρ
2665 2799 2886 2870 εἰρήνης
2924 2799 3013 2853 ἀεί
3049 2797 3166 2862 πώς
3193 2802 3306 2852 ἐστι
3340 2798 3402 2852 ab
3441 2800 3625 2868 φυτόν.
3650 2799 3811 2857 Φιλό-

2238 2885 2348 2937 θεοι
2401 2886 2499 2956 μὲν
2553 2883 2648 2940 οὖν
2699 2890 2749 2940 οι
2809 2888 2989 2943 πίστει
3044 2888 3467 2959 κεκαθαρμένοι.
3516 2891 3609 2947 καὶ
3644 2889 3720 2954 ὡς
3751 2891 3812 2943 ὲν

2241 2977 2504 3048 πραότητι
2536 2978 2811 3043 πολιτείας
2835 2978 3216 3051 εὑαγγελικῆς,
3249 2980 3537 3035 ἀπόλεκτοι
3565 2981 3644 3049 τῷ
3670 2979 3812 3050 Θεῷ.

2240 3069 2404 3140 Πλὴν,
2434 3071 2517 3123 ὅτι
2543 3073 2635 3125 καὶ
2658 3071 2716 3139 ἐξ
2746 3072 2927 3125 αὐτῶν
2956 3074 3360 3142 ἀποστήσονταί
3386 3090 3529 3136 τινες
3554 3076 3610 3129 ὲν
3644 3074 3811 3143 ἐσχά-

2237 3179 2348 3224 τοις
2380 3165 2608 3231 καιροῖς,
2654 3165 2901 3235 καθάπερ
2938 3165 3072 3236 ἔφην
3104 3165 3327 3237 ἀρτίως,
3375 3166 3671 3237 ἐμφήνσιεν
3691 3166 3760 3220 ἂν
3784 3148 3849 3219 δ’

2234 3253 2423 3323 τύπος.
2453 3256 2624 3327 Τρίτη
2652 3255 2760 3325 γὰρ
2798 3259 2891 3311 καὶ
2936 3258 3222 3312 τελευταία
3254 3258 3532 3328 πέμπεται
3565 3272 3814 3325 περιστα-

2240 3343 2331 3413 ρὰ,
2365 3344 2461 3399 καὶ
2489 3346 2589 3397 οὐκ
2620 3345 2847 3416 ἐμελέτα
2870 3347 2967 3417 τὴν
3000 3347 3362 3418 ὑποστροφήν.
3402 3346 3815 3417 ’Δπομεμένηπω

2239 3432 2367 3505 γάρ.
2398 3452 2416 3483 ι
2451 3432 2917 3505 ’Υπολοφήσαντος
2940 3436 2998 3489 δὲ
3022 3435 3115 3489 τοῦ
3162 3434 3568 3505 κατακλυσμοῦ,
3597 3435 3814 3489 κεκάθι-

2240 3541 2338 3587 κεν
2371 3527 2403 3595 ἡ
2432 3512 2660 3588 κιϐωτός
2695 3525 2787 3579 ἐπὶ
2816 3527 2885 3579 τὰ
2914 3528 3016 3599 ὅρη
3060 3528 3315 3598 Ἀραρὰτ,
3349 3545 3369 3578 ι
3401 3526 3810 3598 ἃδιερμηνιύε-

2238 3632 2330 3667 ται
2355 3618 2649 3684 μαρτυρία
2670 3615 3070 3684 καταϐάσεως.
3110 3616 3334 3686 ’Υψηλοὶ
3372 3616 3481 3687 γὰρ
3501 3616 3692 3687 ῶσπερ
3721 3618 3815 3670 καὶ

2238 3706 2400 3759 οἱονεί
2418 3724 2534 3770 πως
2568 3709 2624 3761 ἐν
2647 3707 2798 3778 ὄρεσι
2825 3707 2912 3761 διὰ
2942 3709 3003 3761 τὸ
3026 3709 3124 3779 τῆς
3159 3707 3520 3777 εὐαγγελικῆς
3545 3707 3815 3771 πολιτείας

2240 3795 2695 3867 ὑπερανεστηκὺς,
2723 3799 2771 3850 οἱ
2807 3799 2863 3850 ὲν
2892 3799 3109 3870 Χριστῷ
3132 3799 3217 3855 διὰ
3238 3797 3817 3862 πίστεως,τὸνάνωθεν

2213 3942 2219 3947 ,
2240 3887 2335 3938 καὶ
2365 3885 2425 3951 ἐξ
2442 3887 2668 3958 οὐρανοῦ
2686 3888 3095 3959 καταϐεϐηκότα
3121 3890 3254 3943 Θεδν
3285 3891 3479 3957 Λόγον,
3516 3893 3629 3953 τοῖς
3648 3891 3818 3944 ἁπαν-

2239 3977 2378 4048 ταχῆ
2409 3978 2788 4048 κηρύττοντες,
2820 3975 2900 4045 οἷς
2927 3982 3022 4034 καὶ
3051 3980 3213 4045 αὐτὸς
3258 3979 3527 4050 ἐπεφώνει
3569 3980 3700 4045 Θεὸς
3727 3980 3817 4034 διὰ

2242 4070 2519 4143 προφήτου
2553 4071 2753 4141 φωνῆς·
2793 4089 2811 4121 ι
2851 4070 3069 4124 Γίνεσθέ
3113 4089 3203 4141 μοι
3254 4072 3548 4143 μάρτυρες.
3582 4071 3677 4125 καὶ
3705 4068 3815 4139 ἐγὼ

2243 4160 2476 4232 μάρτυς,
2511 4160 2655 4229 λέγει
2684 4162 2886 4232 Κύριος
2911 4164 2939 4215 6
2968 4162 3119 4228 Θεὸςο
3157 4163 3249 4215 καὶ
3276 4165 3305 4217 6
3334 4164 3460 4226 παῖς
3487 4163 3547 4217 ὃν
3573 4161 3815 4230 ἐξελεξάσ

2246 4267 2373 4319 μην.
2411 4270 2429 4301 ι
2480 4252 2758 4322 Ἀνωτέρω
2778 4252 2840 4323 δὴ
2862 4249 2953 4306 οὖν
2973 4253 3071 4322 τῆς
3102 4256 3157 4306 ἐν
3192 4252 3380 4324 κόσμῳ
3410 4253 3816 4325 χθαμαλόυιτος

2241 4340 2350 4393 τῶν
2383 4342 2441 4393 ὲν
2467 4342 2684 4412 Χριστῷ
2712 4344 2778 4396 τὰ
2798 4346 3112 4415 αὐχήματα.

640 4448 694 4504 9.
713 4445 868 4513 Quod
887 4455 1070 4501 autem
1088 4459 1336 4500 summus
1351 4442 1515 4499 etiam
1534 4442 1781 4498 Pontifex
1798 4442 2131 4498 nobist‘actus

2320 4428 2385 4482 θ’.
2415 4404 2608 4496 Γέγονε
2637 4404 2693 4484 δὲ
2737 4433 2820 4484 ὅτι
2852 4404 3295 4504 καί-Ἀρχιεριὺς
3315 4435 3401 4503 ἐφ’
3435 4435 3581 4506 ἡμᾶς
3624 4434 3654 4487 6
3680 4404 3815 4505 ’Ἑρ

564 4540 638 4596 sit
671 4530 1023 4600 Emmanuel,
1080 4552 1180 4607 per
1233 4551 1396 4607 quem
1440 4545 1496 4591 et
1541 4550 1818 4590 accessura
1854 4535 1998 4590 nacti
2047 4550 2142 4590 su-

566 4646 690 4684 mus
726 4629 795 4683 ad
828 4630 1045 4683 Patrem
1086 4642 1151 4683 ac
1185 4627 1390 4691 Deum,
1431 4626 1782 4696 innovatique
1815 4634 1872 4681 et
1914 4627 2145 4696 pristino

566 4719 732 4779 statui
767 4719 1038 4782 restituti,
1063 4718 1266 4772 abolita
1290 4717 1703 4781 maledictione,
1744 4732 1865 4786 qua:
1899 4732 1929 4770 a
1966 4718 2146 4787 primo

566 4819 793 4880 parente
832 4809 888 4864 in
925 4825 1027 4864 nos
1058 4817 1352 4880 propagata
1391 4815 1530 4872 erat,
1551 4823 1617 4862 ex
1646 4808 1715 4862 iis
1734 4823 1854 4878 quae
1887 4807 2145 4878 deinceps

564 4902 765 4971 scripta
803 4908 957 4965 sunt,
989 4899 1383 4955 animadverte.
1405 4897 1509 4970 41
1540 4918 1557 4949 ι
1587 4899 1878 4969 Postquam
1913 4898 2091 4963 enim,
2120 4916 2137 4948 ι

565 4992 773 5062 inquit,
810 5012 828 5044 ι
856 4992 1058 5051 siccata
1076 5001 1163 5047 est
1181 5000 1349 5055 terra,
1369 5006 1622 5061 egressus
1633 4999 1717 5045 est
1732 4990 1844 5045 Noe
1864 5006 2067 5054 arcam,
2089 5000 2145 5044 et

563 5099 758 5140 omnes
772 5084 868 5153 qui
891 5099 1017 5139 cum
1039 5084 1160 5154 ipso
1176 5090 1356 5145 erant.
1381 5090 1435 5136 et
1456 5080 1683 5145 erexit,»
1719 5079 1947 5149 inquit,t
1974 5079 2145 5132 altare

567 5176 709 5229 Deo:
737 5184 794 5230 et
813 5175 1027 5246 accepit
1050 5189 1117 5228 ex
1138 5172 1398 5229 omnibus
1422 5169 1751 5225 animalibus
1770 5167 2011 5231 mundis,
2047 5167 2147 5221 ob-

568 5268 797 5335 tuiitque
816 5265 1133 5321 holocausta
1154 5278 1318 5333 super
1328 5259 1540 5315 altareu
1552 5257 1888 5314 Etodoratus
1903 5264 2005 5318 est,
2028 5274 2047 5308 ι
2063 5254 2146 5308 in-

566 5346 708 5423 quit,
742 5373 758 5404 ι
784 5356 1046 5410 Dominus
1071 5354 1296 5410 odorem
1316 5348 1620 5412 suavitatis,
1650 5355 1705 5401 et
1734 5343 2146 5399 dixitDominus

569 5441 732 5505 Deus,
795 5445 1105 5515 necogitans
1132 5461 1144 5495 :
1169 5444 1290 5498 Neu
1325 5439 1523 5496 addam
1560 5436 1796 5508 amplius
1819 5434 2146 5491 maledicere

570 5538 727 5585 terrae
754 5541 976 5601 propter
1009 5546 1173 5599 opera
1204 5528 1490 5586 hominum
1525 5524 1587 5579 “.
1627 5543 1645 5576 ι
1674 5524 1742 5579 Et
1777 5520 1941 5592 paulo
1965 5528 2086 5590 post
2126 5535 2139 5573 :

636 5657 681 5689 ³⁷
701 5657 874 5712 Calat.
902 5657 1028 5720 v,4,
1050 5658 1099 5712 5.
1179 5658 1220 5687 ἠ
1253 5655 1451 5718 Πρωὶ.
1473 5671 1531 5720 ιι,
1557 5655 1642 5708 l9.
1716 5653 1802 5707 “l
1835 5650 1975 5717 Tim.
2005 5666 2074 5716 tv,
2103 5649 2122 5702 1

2233 5651 2260 5679 ’θ
2295 5647 2561 5713 Gen.vm,
2586 5649 2669 5703 Η.
2727 5651 2769 5683 ⁸⁸
2799 5650 2936 5705 Ibid.
2974 5650 3025 5702 4.

568 5742 682 5795 vm,
726 5726 884 5780 18-21
901 5766 913 5778 .

2250 4517 2511 4588 μανουὴλ,
2538 4518 2604 4571 δι’
2637 4515 2697 4575 οὗ
2731 4524 2825 4575 καὶ
2838 4524 2936 4594 τὴν
2964 4526 3329 4596 προσαγωγὴν
3353 4526 3669 4596 ἐσχήκαμεν
3687 4523 3822 4594 πρδς

2244 4608 2332 4661 τὸν
2359 4609 2577 4681 Πατέρα
2610 4613 2704 4665 καὶ
2731 4612 2883 4676 Θεὸν,
2913 4617 3003 4669 καὶ
3033 4618 3490 4689 ἀνεκαινίσθημεν
3517 4620 3650 4688 πρὸς
3678 4614 3741 4672 τὸ
3764 4617 3823 4669 ιν

2245 4698 2460 4770 ἀρχαῖς,
2507 4700 2801 4774 λελυμένης
2854 4705 2956 4775 τῆς
3001 4708 3160 4779 ἀρᾶς.
3217 4708 3317 4778 τῆς
3366 4711 3458 4764 ἐπὶ
3492 4709 3575 4779 τῷ
3608 4725 3821 4781 πρωτο-

2247 4790 2470 4861 πλάστῳ
2496 4796 2660 4863 φημὶ,
2690 4796 2791 4866 δρα
2819 4796 2883 4867 δὴ
2923 4803 3035 4864 τοίς
3062 4799 3265 4871 ἑφεξῆς
3292 4802 3699 4874 γεγραμμένοις
3720 4800 3826 4870 ἐμ-

2249 4879 2479 4934 6αλεῖν.ι
2504 4883 2718 4952 Ἐπειδὴ
2735 4885 2845 4957 γὰρ
2870 4887 3163 4960 ἐξηράνθη,
3206 4891 3448 4961 »φησὶνμ
3482 4893 3517 4960 ἡ
3542 4890 3636 4959 γῆ,
3670 4888 3830 4960 ἐξῆλ-

2249 4972 2339 5027 θεν
2368 4975 2397 5025 ὁ
2444 4975 2564 5027 Νῶε
2599 4979 2697 5046 τῆς
2744 4977 3000 5046 κιϐωτοῦ,
3049 4983 3142 5036 καὶ
3184 4984 3385 5045 πάντες
3427 4985 3480 5037 οἱ
3529 4983 3625 5036 σῦν
3655 4981 3830 5052 αὐτῷ.

2250 5064 2360 5116 Καὶ
2392 5063 2729 5137 ᾠκοδόμησε,
2766 5072 2957 5151 (φησι,
2987 5092 3006 5123 ι
3035 5071 3420 5145 θυσιαστήριον
3452 5073 3528 5143 τῷ
3546 5072 3686 5142 Θεῷ,
3736 5072 3824 5125 καὶ

2245 5154 2435 5209 ἔλαϐεν
2470 5158 2578 5211 ἀπὸ
2616 5160 2832 5214 πάντων
2859 5163 2966 5215 τῶν
3011 5166 3223 5236 κτηνῶν
3267 5166 3375 5218 τῶν
3403 5164 3682 5234 καθαρῶν.
3736 5165 3831 5217 καὶ

2246 5247 2357 5300 ἀπὸ
2399 5248 2617 5303 πάντων
2645 5250 2752 5304 τῶν
2787 5254 3049 5309 πετεινῶν
3095 5257 3202 5312 τῶν
3236 5258 3512 5326 καθαρῶν,
3541 5256 3637 5309 καὶ
3667 5255 3838 5325 ἀνήν-

2245 5355 2406 5407 εγκεν
2443 5340 2846 5413 όλοκαρπώσεις
2898 5347 2991 5399 ἐπὶ
3042 5349 3101 5401 τὸ
3130 5348 3532 5418 θυσιαστήριον.
3569 5344 3678 5398 Καὶ
3724 5342 3836 5397 ὠσ-

2248 5427 2460 5498 φράνθη
2507 5432 2536 5483 6
2564 5431 2697 5494 Θεὸς
2738 5433 2913 5505 ὀσμὴν
2952 5436 3199 5500 εὐωδίας.
3246 5438 3356 5491 Καὶ
3394 5433 3515 5488 εἷπε
3548 5433 3753 5503 Κύριος
3809 5432 3840 5482 δ

2248 5519 2376 5582 Θεὸς
2404 5520 2728 5590 διανοηθείς·
2754 5526 2828 5576 Οὐ
2852 5526 3146 5598 προσθήσω
3173 5528 3254 5581 ἐτι
3286 5522 3706 5596 καταράσασθαι
3732 5520 3841 5588 τὴν

3110 5650 3153 5679 ⁸²
3176 5648 3280 5702 lsa.
3304 5661 3449 5709 xuu,
3473 5642 3554 5695 l0.
3634 5642 3672 5669 π
3691 5639 3839 5695 Gen.
