4056 6260
352 332 424 392 '73
1380 324 1847 384 GLAPHYBORU
1856 327 1903 381 Μ
1937 326 1948 383 l

2050 315 2345 382 GENESIM
2388 315 2515 382 LIB.
2556 326 2624 382 11.
3552 316 3623 382 74

354 452 463 522 γῆν
498 450 584 506 διὰ
613 449 682 504 τά
701 449 839 523 ἔργα
881 449 987 502 τῶν
1022 444 1343 520 ἀνθρώπων.
1363 446 1471 499 Καὶ
1501 445 1620 516 μεθ’
1650 444 1812 514 ἔτερα
1839 444 1942 498 πά-

2052 463 2068 494 ι
2102 436 2170 498 Ει
2204 443 2486 498 benedixit
2524 443 2790 498 Dominus
2822 442 2967 498 Deus
2992 442 3106 498 Noe
3138 449 3194 497 et
3230 440 3355 497 ﬁliis
3392 442 3531 514 ejus,
3565 456 3621 499 et

357 543 464 598 λιν·
499 563 517 596 ι
554 545 665 598 Καὶ
711 542 972 614 εὐλόγησε
1024 540 1231 611 Κύριος
1276 540 1305 592 6
1354 537 1488 602 Θεὸς
1524 539 1618 591 τὸν
1666 537 1813 601 Νῶε,
1849 536 1943 591 καὶ

357 634 488 698 τοὺς
532 635 683 698 υἱοὺς
707 631 891 696 αὐτοῦ,
935 630 1031 685 καὶ
1058 626 1214 684 εἶπεν
1250 629 1455 692 αὐτοῖς·
1488 625 1799 693 Αὺξάνεσθε
1851 628 1945 679 καὶ

362 725 720 797 πληθύνεσθε,
756 724 851 779 καὶ
897 721 1224 795 πληρώσατε
1275 720 1374 793 τὴν
1405 720 1530 791 γῆν,
1561 719 1657 773 καὶ
1699 734 1944 772 κατακυ-

366 814 615 886 ριεύσατε
642 815 830 885 αὐτῆς,
856 813 951 868 καὶ
975 815 1004 866 6
1021 812 1185 882 φόϐος
1212 809 1383 881 ὑμῶν,
1402 811 1496 863 καὶ
1516 810 1546 863 6
1564 808 1765 880 τρόμος
1792 807 1944 861 ἔσται

362 907 458 961 ἐπὶ
485 908 617 960 πᾶσι
651 908 763 971 τοῖς
797 905 1030 977 Θηρίοις,
1063 905 1158 959 καὶ
1179 903 1275 958 ἐπὶ
1310 905 1444 957 πᾶσι
1469 905 1583 966 τοῖς
1604 902 1825 974 κτήνεσι
1845 903 1942 973 τῆς

361 1001 484 1069 γῆς,
519 1000 613 1052 καὶ
649 998 742 1051 ἐπὶ
784 997 962 1052 πάντα
995 996 1064 1051 τὰ
1105 995 1271 1067 ὄρνεα
1296 993 1391 1048 τοῦ
1415 992 1668 1066 οὐρανοῦ,
1704 993 1796 1046 καὶ
1851 991 1945 1043 ἐπὶ

360 1093 538 1146 πάντα
570 1090 641 1144 τὰ
692 1089 988 1159 κινούμενα
1037 1088 1134 1142 ἐπὶ
1176 1089 1275 1159 τῆς
1322 1088 1447 1156 γῆς,
1480 1084 1575 1139 καὶ
1611 1084 1705 1138 ἐπὶ
1735 1082 1945 1147 πάντας

361 1183 487 1246 τοὺς
515 1180 705 1252 ἰχθύας
728 1183 826 1252 τῆς
851 1179 1129 1250 θαλάσσης
1151 1196 1165 1210 ·
1192 1178 1299 1232 ὑπὸ
1325 1180 1512 1248 χεῖρας
1531 1176 1660 1246 ὑμῖν
1673 1175 1936 1230 δέδωκα.»

360 1274 575 1328 Οὐκοῦν
602 1275 692 1327 ὅτε
726 1272 951 1341 γέγονεν
990 1271 1148 1343 ἡμῶν
1177 1269 1468 1342 ἀρχιερεὺς
1495 1271 1525 1322 6
1563 1266 1820 1339 Χριστὸς,
1850 1265 1945 1320 καὶ

360 1364 880 1436 προσεκομίσθημεν
929 1363 997 1417 δι’
1031 1362 1197 1415 αὑτοῦ
1253 1361 1464 1433 νοητῶς
1510 1362 1589 1425 εἰς
1631 1360 1808 1432 ὀσμὴν
1855 1361 1944 1413 εὐ·

361 1457 529 1521 ωδίας
539 1455 621 1528 τῷ
635 1455 756 1527 Θεῷ
773 1455 873 1511 καὶ
891 1454 1094 1523 Πατρὶ,
1120 1453 1245 1507 τότε
1270 1456 1369 1507 καὶ
1390 1454 1448 1506 εὐ
1458 1453 1675 1524 μενείας
1685 1454 1785 1524 τῆς
1813 1454 1942 1524 παρ’

330 1548 531 1607 ,αὐτοῦ
562 1549 835 1611 πλουσίως
884 1545 1188 1617 ήξιώμεθα,
1232 1546 1327 1598 καὶ
1368 1544 1590 1616 βεϐαίαν
1630 1546 1945 1618 ἐσχήκαμεν

360 1641 465 1712 τὴν
500 1639 784 1703 ὑπόθεσιν,
826 1632 921 1691 τοῦ
978 1636 1180 1709 μηκέτι
1239 1635 1362 1690 καθ’
1389 1635 1548 1707 ἡμῶν
1598 1637 1813 1707 ἰσχῦσαι
1854 1637 1945 1690 τὸν

367 1732 624 1787 θάνατον.
672 1731 905 1786 Λέλυται
946 1731 1042 1783 καὶ
1088 1728 1157 1783 τὰ
1189 1728 1248 1795 ἐξ
1285 1728 1478 1799 ὀργῆς,
1528 1726 1734 1798 οἴχεται
1766 1727 1825 1780 δέ
1852 1745 1944 1781 ποι

2045 534 2184 588 dixit
2219 534 2302 589 eis
2338 551 2350 587 :
2384 534 2628 590 Crescite
2674 543 2730 590 et
2772 533 3212 604 multiplicamini
3235 566 3251 595 ,
3287 543 3343 589 et
3400 534 3619 606 implete

2046 634 2279 689 terram,
2325 634 2382 681 et
2420 625 2777 681 dominamini
2817 625 2954 697 ejus.
3013 626 3082 681 Et
3121 625 3285 681 timor
3316 634 3529 691 vester,
3565 640 3623 682 et

2047 726 2250 772 tremor
2274 726 2454 773 vester
2469 718 2575 774 erit
2602 734 2767 789 super
2790 726 2979 774 Omnes
3001 718 3222 785 bestias,
3238 729 3296 776 et
3324 734 3488 791 super
3508 728 3625 775 om-

2044 811 2134 866 nia
2155 812 2409 866 animalia
2439 820 2615 878 terrae,
2639 816 2694 867 et
2715 825 2881 883 super
2903 827 3094 868 omnes
3114 829 3242 868 aves
3265 814 3409 878 cmli,
3431 822 3488 868 et
3507 820 3624 868 om-

2044 918 2144 958 nes
2164 903 2343 974 pisces
2362 903 2527 958 maris
2545 905 2647 958 sub
2662 904 2916 959 manibus
2930 904 3088 959 vobis
3108 904 3235 958 dedi
3257 904 3321 959 ⁸³,
3354 923 3372 956 ι
3395 903 3624 970 Quando

2046 995 2228 1066 itaqde
2263 995 2439 1053 factus
2466 998 2550 1051 est
2584 1004 2773 1051 noster
2802 995 3047 1066 pontifex
3073 995 3347 1062 Christus,
3371 1005 3427 1051 ct
3454 996 3624 1052 oblati

2045 1098 2238 1144 sumus
2268 1102 2369 1159 per
2395 1090 2573 1160 ipsum
2608 1088 2969 1159 spiritualiter
3003 1088 3058 1142 in
3089 1088 3317 1143 odorem
3342 1088 3626 1145 suavitatis

2044 1182 2158 1237 Deo
2190 1196 2255 1236 ac
2284 1181 2460 1247 Patri,
2495 1189 2625 1237 tunc
2664 1182 2829 1236 etiam
2868 1180 3223 1251 benignitatis
3259 1182 3379 1252 ejus
3416 1180 3624 1237 aﬁ‘atim

2046 1288 2239 1327 sumus
2272 1273 2567 1343 participes
2594 1273 2811 1336 effecti,
2849 1272 3171 1343 ﬁrmamque
3204 1275 3623 1345 promissionem

2045 1364 2213 1429 nacti,
2248 1373 2483 1419 mortem
2515 1380 2626 1418 non
2658 1365 2894 1434 amplius
2924 1364 2980 1419 in
3004 1380 3106 1420 nos
3142 1364 3433 1436 imperium
3468 1365 3626 1420 habl—

2045 1460 2246 1513 turam.
2272 1456 2487 1511 Abolita
2519 1457 2685 1511 etiam
2722 1468 2852 1513 sunt
2879 1474 2964 1521 ea,
3000 1467 3123 1529 quae
3154 1459 3327 1530 ipsius
3357 1461 3492 1515 iram
3527 1475 3623 1516 co-

2044 1549 2331 1614 mitantur,
2349 1556 2405 1605 et
2427 1550 2631 1604 veteris
2652 1550 2799 1605 illius
2820 1552 3222 1606 maledictionis
3241 1552 3473 1609 effectus
3496 1554 3626 1609 sub.

2044 1639 2159 1693 lati.
2204 1639 2484 1695 Benedicti
2519 1641 2668 1695 enim
2701 1656 2891 1695 sumus
2928 1641 2983 1696 in
3027 1642 3269 1708 Christo,
3328 1659 3428 1714 per
3460 1660 3624 1714 quem

2045 1742 2102 1787 et
2135 1732 2189 1787 in
2220 1749 2331 1803 quo
2365 1734 2478 1788 Deo
2519 1749 2583 1789 ac
2621 1734 2769 1790 Patri
2801 1735 2973 1805 gloria
3012 1748 3138 1790 cum
3182 1744 3373 1792 sancto
3415 1736 3624 1807 Spiritu

368 1824 468 1877 καὶ
492 1822 561 1878 τὰ
593 1825 658 1877 ἐκ
698 1823 795 1895 τῆς
838 1823 1074 1895 ἀρχαίας
1122 1822 1261 1892 ἀρᾶς
1287 1820 1525 1891 ἐκείνης.
1576 1818 1941 1891 Ηύλογήμεθα

2050 1828 2102 1881 in
2139 1828 2337 1883 saecula
2371 1828 2714 1883 saeculorum.
2761 1828 2952 1883 Amen.

367 1917 477 1989 γὰρ
505 1918 563 1972 ἐν
594 1916 838 1988 Χριστῷ,
871 1916 940 1969 δι’
996 1906 1061 1968 οῦ
1122 1913 1220 1967 καὶ
1254 1910 1373 1983 μεθ’
1402 1903 1464 1965 οὗ
1490 1909 1570 1981 τῷ
1596 1909 1717 1980 Θεῷ
1759 1911 1933 1982 Ila.va
1977 1915 2011 1985 ἡ
2047 1917 2194 1983 δόξα,
2221 1920 2319 1973 σὺν
2364 1918 2441 1990 τῷ
2485 1920 2625 1990 ἁγίῳ
2675 1920 2953 1991 Πνεύματι
2997 1922 3079 1986 είς
3122 1924 3244 1988 τοὺς
3275 1923 3477 1990 αίῶνας
3512 1926 3625 1980 τῶν

364 2010 603 2068 αἰώνων.
650 2011 849 2081 ’Δμήν.

447 2143 589 2212 Περὶ
617 2142 731 2212 τῆς
773 2140 1140 2212 γυμνώσεως
1175 2138 1282 2194 τοῦ
1314 2138 1442 2194 Νῶε
1476 2136 1695 2193 καὶτοῦ
1727 2130 1872 2209 Χάμ.

451 2248 521 2314 α’.
549 2251 1098 2327 Συμπεπερασμένων
1131 2246 1383 2305 ἁπάντων
1411 2248 1520 2304 τῶν
1546 2250 1639 2304 ἐπὶ
1671 2252 1737 2321 τῇ
1783 2240 1946 2304 κιϐω-

373 2346 477 2417 τῷ,
501 2347 595 2400 καὶ
640 2342 1027 2414 παρῳχηκότος
1077 2341 1176 2412 μὲν
1204 2338 1298 2394 τοῦ
1333 2338 1735 2410 κατακλυσμοῦ,
1775 2355 1949 2409 γηπο-

368 2435 587 2499 νοῦντος
608 2434 666 2488 δὲ
689 2433 789 2505 ἤδη
829 2430 925 2485 τοῦ
955 2430 1102 2495 Νῶε,
1131 2429 1253 2484 τίνα
1274 2429 1339 2502 δὴ
1370 2430 1479 2501 ἀρα
1500 2429 1570 2483 τὰ
1598 2432 1658 2485 ἐν
1672 2428 1822 2499 αὐτῷ
1852 2446 1951 2483 περ

364 2527 661 2601 πραγμένα
693 2525 848 2597 παρά
877 2523 972 2578 τοῦ
1021 2522 1174 2593 Χάμ,
1234 2521 1754 2594 πολυπραγμονήσει
1787 2520 1948 2575 πάλιν

363 2622 500 2692 ἡμῖν
531 2621 561 2673 6
613 2617 791 2687 λόγος.
864 2614 1180 2668 Ἀναπείσει
1229 2612 1339 2683 γὰρ
1392 2604 1458 2684 δὴ
1511 2613 1637 2677 τοὺς
1682 2612 1842 2684 οἷπερ
1882 2610 1949 2666 ἂν

363 2707 573 2767 ἕλοιντο
598 2709 837 2766 διαϐιοῦν
865 2706 1104 2778 ἐννόμως
1124 2707 1224 2777 τῆς
1248 2705 1328 2768 είς
1352 2705 1479 2769 τοὺς
1506 2704 1749 2776 πατέρας
1769 2702 1949 2768 αἰδοῦς

364 2804 521 2861 οὐδὲν
552 2803 616 2856 τὸ
647 2800 908 2873 παράπαν
944 2795 1197 2870 ἡγεῖσθαι
1241 2792 1575 2860 ίσοστατοῦν,
1613 2795 1709 2849 καὶ
1752 2810 1952 2867 παραι-

367 2896 580 2950 τεῖσθαι
608 2892 793 2962 σαφῶς
818 2890 895 2956 ῶς
919 2908 972 2944 τι
1010 2888 1120 2944 τῶν
1166 2888 1598 2958 σφαλερωτάτων
1624 2887 1684 2940 τὸ
1725 2887 1867 2943 κατά
1897 2903 1949 2940 τι

373 2991 506 3060 γοῦν
558 2990 693 3053 ὅλως
725 2987 1030 3059 ὲπιμειδιᾷν
1060 2987 1265 3049 αὐτοῖς,
1298 2983 1405 3039 κᾶν
1432 2984 1484 3037 εί
1526 2981 1620 3036 τοῦ
1650 2982 1951 3055 πρέποντος

375 3082 486 3149 ἔξω
542 3081 795 3150 φέροιντο
848 3077 1020 3149 βραχὺ
1066 3080 1186 3141 ταῖς
1227 3076 1327 3148 τῆς
1379 3075 1596 3145 φύσεως
1647 3073 1952 3139 ἀσθενείαις

374 3169 823 3244 ὕπενηνεγμένοι.
864 3170 986 3226 Ὅτι
1027 3171 1137 3243 γάρ
1184 3172 1380 3226 σεπτὸν
1429 3172 1518 3226 ἀεί
1551 3171 1668 3237 πώς
1698 3173 1815 3225 ἐστι
1844 3170 1953 3225 τῶν

370 3260 577 3332 γονέων
603 3259 663 3314 τὸ
692 3259 899 3332 χρῆμα,
931 3259 1025 3314 καὶ
1053 3260 1217 3325 αὐτὸς
1242 3263 1272 3315 6
1296 3260 1436 3327 θεῖος
1468 3262 1618 3334 ἡμᾶς
1643 3260 1952 3315 ὲκπαιδεύει

2398 2138 2475 2193 De
2519 2141 2806 2195 nudatione
2850 2141 2960 2196 Noe
2998 2152 3047 2197 et
3087 2142 3272 2200 Clmm.

2122 2251 2174 2305 l.
2215 2251 2458 2307 Peractis
2500 2251 2760 2307 omnibus
2797 2263 2919 2322 qua:
2960 2252 3030 2308 ad
3084 2268 3267 2309 aream
3319 2257 3623 2326 pertinent.

2050 2357 2283 2413 cumque
2309 2343 2421 2414 jam
2453 2350 2727 2419 cessasset
2759 2343 3051 2409 diluvium,
3081 2357 3138 2400 et
3171 2345 3285 2401 Noe
3324 2348 3626 2419 agricultu-

2050 2450 2165 2489 ram
2201 2445 2500 2500 exerceret,
2524 2418 2774 2506 quaznain
2798 2437 2901 2506 ipsi
2931 2452 2962 2492 a
2992 2437 3164 2493 (Ibam
3193 2418 3493 2497 acciderint
3527 2443 3627 2499 itet

2050 2542 2172 2581 rum
2206 2527 2566 2597 inquiramus.
2612 2528 2794 2585 Facile
2830 2530 2978 2585 enim
3013 2547 3081 2586 ex
3120 2532 3187 2588 iis
3227 2533 3624 2601 intellexerint.

2051 2619 2146 2690 qui
2164 2620 2402 2691 legitime
2421 2621 2587 2675 vitam
2610 2621 2896 2677 instituere
2916 2622 3107 2689 velint,
3127 2625 3264 2680 nihil
3286 2628 3511 2682 omnino
3531 2643 3630 2683 an-s

2053 2710 2283 2781 tiquius,
2311 2718 2407 2766 aut
2444 2712 2599 2782 prius
2629 2713 2964 2782 habendum,
3002 2732 3165 2786 quam
3191 2730 3447 2788 parentes
3470 2737 3627 2776 reve-

2052 2803 2185 2870 reri,
2222 2803 2648 2875 fugiendumque
2687 2816 2943 2877 tanquam
2976 2810 3200 2865 noxium
3232 2811 3502 2881 imprimis
3534 2828 3630 2868 eos

2051 2912 2377 2968 quacunque
2419 2897 2631 2953 ratione
2662 2898 2922 2961 irridere,
2963 2899 3177 2956 etiamsi
3233 2917 3628 2972 nonnunquam

2053 2990 2121 3044 ab
2142 3005 2210 3044 eo
2228 2989 2374 3059 quod
2396 3004 2493 3057 par
2510 2998 2595 3043 est
2632 3006 2743 3059 prae
2770 2997 2980 3044 naturae
3003 3006 3115 3046 suae
3141 2991 3516 3049 imbecillitate
3536 2997 3631 3051 dea-

2052 3080 2292 3135 tlectant.
2318 3078 2474 3145 Quod
2491 3080 2639 3133 enim
2657 3081 2941 3140 veneratio
2957 3092 3171 3135 summa
3196 3086 3517 3152 parentibus
3535 3088 3632 3143 dea-

2053 3171 2270 3237 beatur,
2309 3171 2425 3242 ipsa
2452 3171 2617 3225 etiam
2641 3170 2825 3226 divina
2852 3172 2941 3228 lex
2974 3188 3075 3228 nos
3106 3173 3284 3230 docet.
3308 3174 3445 3231 Cum
3482 3180 3628 3234 enim

2054 3260 2209 3330 prius
2250 3260 2603 3331 praecepisset
2637 3277 2808 3316 unum
2846 3278 2911 3317 ac
2946 3273 3141 3319 natura
3190 3266 3363 3321 Deum
3398 3284 3468 3323 ex
3519 3278 3631 3324 tota

366 3352 557 3422 νόμος·
594 3349 963 3421 προεπιτάξας
996 3350 1104 3423 γὰρ
1126 3351 1235 3405 δεῖν
1268 3351 1329 3416 ἐξ
1355 3349 1483 3422 ὅλης
1507 3351 1682 3423 ψυχῆς
1703 3352 1796 3405 καὶ
1816 3354 1948 3423 καρ-

2053 3352 2237 3407 anima
2268 3362 2324 3408 et
2343 3352 2508 3408 corde
2533 3353 2825 3408 amandum
2854 3370 2975 3410 esse
3007 3374 3020 3410 :
3052 3374 3070 3407 ι
3106 3357 3344 3426 Honora,
3373 3379 3392 3412 ι
3428 3360 3628 3431 inquit,

364 3446 491 3509 δίας
517 3443 608 3499 τὸν
642 3444 738 3497 ἕνα
774 3460 837 3497 τε
889 3444 983 3497 καὶ
1009 3443 1169 3512 φύσει
1207 3442 1339 3498 Θεὸν
1375 3443 1619 3514 ἀγαπᾷν,
1653 3462 1672 3495 ι
1713 3442 1881 3513 Τίμα,
1922 3460 1943 3495 ›

366 3539 534 3610 φησὶ,
579 3557 598 3592 ι
626 3532 719 3593 τὸν
748 3536 960 3610 πατέρα
998 3554 1113 3601 σου,
1153 3537 1248 3591 καὶ
1280 3536 1491 3609 μητέρα
1522 3548 1639 3603 σου,
1670 3535 1756 3589 ἵνα
1780 3531 1839 3590 εὗ
1868 3551 1952 3588 σοι

364 3631 621 3704 γένηται,
655 3630 750 3683 καὶ
786 3628 886 3700 ἔσῃ
922 3627 1221 3701 μακρόϐιος
1264 3627 1356 3683 ἐπὶ
1390 3628 1492 3699 τῆς
1529 3630 1652 3699 γῆς.
1694 3645 1714 3680 ›
1760 3628 1848 3680 Ἐν
1871 3627 1951 3680 εί-

364 3722 493 3778 κόνι
520 3724 631 3794 γὰρ
664 3720 854 3792 ῶσπερ
887 3719 983 3775 καὶ
997 3721 1056 3774 ἐν
1091 3720 1321 3791 μιμήσει
1342 3718 1477 3773 Θεοῦ
1512 3717 1951 3787 καταλογισθείεν
1980 3713 1987 3717 ’

361 3813 440 3869 ἂν
479 3815 530 3866 οἱ
567 3811 975 3883 γεγεννηκότες.
1019 3828 1039 3862 ι
1064 3808 1348 3880 Μνήσθητι
1374 3808 1501 3881 γὰρ,
1541 3827 1561 3861 ›
1608 3809 1795 3879 φησιν,
1830 3808 1951 3861 «ὅτι

359 3907 439 3962 δι’
453 3905 633 3960 αὐτῶν
646 3901 1282 3976 ὲγεννήθης.›Ταύτῃτοι
1299 3901 1460 3956 πάλιν
1483 3901 1698 3973 φησὶν,ι
1719 3898 1946 3969 Ὀφθαλ-

363 4000 480 4073 μὸν
539 3996 926 4067 καταγελῶντα
958 3994 1188 4067 πατρὸς,
1239 3993 1335 4048 καὶ
1388 3990 1722 4064 ἀτιμᾴζοντα
1773 3992 1951 4060 γῆρας

364 4090 633 4164 μητέρος,
657 4089 991 4160 ὲκκόψαισαν
1013 4086 1175 4139 αὑτὸν
1212 4084 1446 4157 κόρακες
1491 4085 1557 4138 ὲκ
1594 4082 1702 4137 τῶν
1736 4080 1951 4151 φαράγ-

360 4198 510 4251 γων.
540 4198 561 4231 ι
611 4179 735 4233 Ὅτι
760 4177 939 4231 τοίνυν
971 4177 1066 4230 καὶ
1087 4178 1145 4229 ὲν
1178 4175 1287 4248 ἀρᾷ
1338 4175 1434 4229 καὶ
1482 4174 1608 4244 δίκῃ
1637 4172 1700 4225 τὸ
1730 4171 1805 4242 μὴ
1841 4164 1952 4225 δεῖν

357 4270 584 4327 οἴεσθαι
620 4270 783 4341 τιμᾷν
824 4268 1092 4340 πατέρας,
1127 4268 1218 4321 καὶ
1260 4265 1369 4339 μὴν
1395 4265 1487 4319 καὶ
1512 4254 1694 4329 αἰδοῦς
1733 4263 1952 4334 ἀπάσης

357 4360 591 4430 ἀξιοῦν,
642 4361 740 4414 καὶ
794 4354 887 4413 διά
933 4376 997 4428 γε
1051 4350 1145 4413 τοῦ
1192 4357 1324 4430 Χὰμ
1361 4357 1629 4429 ἀνάμάθοι
1651 4370 1735 4421 τις
1762 4354 1828 4411 ἂν
1856 4354 1952 4411 καὶ

353 4457 500 4512 λίαν
531 4452 787 4517 εὐκόλως.
844 4471 862 4504 ι
888 4447 1066 4507 Ἦσαν
1100 4453 1225 4524 γὰρ,
1258 4471 1276 4504 ι
1312 4454 1496 4522 φησιν,
1553 4470 1571 4503 ι
1604 4453 1654 4505 οἱ
1689 4451 1794 4504 υίο)⁸
1826 4450 1951 4504 Νῶε

354 4549 421 4603 οἱ
456 4544 766 4611 ἐξελθόντες
823 4545 887 4597 ὲκ
936 4543 1034 4614 τῆς
1064 4541 1321 4607 κιϐωτοῦ,
1358 4541 1497 4613 Σὴμ,
1532 4541 1683 4611 Χάμ,
1744 4539 1948 4611 Ἰάιρεθ.

356 4640 506 4711 Χάμ
530 4638 587 4692 δὲ
611 4632 680 4708 ἦν
706 4635 887 4708 πατὴρ
917 4635 1160 4691 Χαναὰν.
1206 4628 1367 4703 Τρεῖς
1415 4627 1560 4688 οὗτοί
1584 4634 1724 4688 εἰσιν
1759 4634 1808 4688 οἱ
1844 4633 1950 4686 υἱοὶ

2061 3464 2080 3496 ι
2122 3452 2332 3514 patrem
2372 3454 2528 3501 tuum
2561 3453 2617 3501 et
2643 3454 2875 3501 matrem
2913 3455 3081 3514 tuam,
3128 3459 3189 3505 ut
3220 3452 3360 3508 bene
3394 3454 3468 3508 sit
3504 3456 3627 3522 tibi,

2052 3545 2109 3591 et
2140 3535 2218 3591 sis
2249 3537 2529 3608 longaevus
2564 3552 2729 3608 super
2767 3547 2971 3594 terram
3011 3540 3076 3594 “.
3123 3560 3142 3593 ι
3180 3543 3441 3600 Parentes
3479 3547 3628 3602 enim

2052 3622 2224 3679 Deum
2259 3625 2566 3691 imitantur,
2604 3627 2833 3697 ejusque
2864 3628 3154 3697 imaginem
3194 3646 3304 3699 pra:
3334 3648 3392 3687 se
3421 3633 3627 3690 ferunt.

2051 3714 2160 3787 42
2203 3734 2221 3767 ι
2263 3716 2556 3781 Memento,
2600 3735 2620 3767 ι
2670 3717 2870 3787 inquit,
2910 3737 2929 3769 ι
2971 3719 3117 3788 quod
3154 3736 3253 3789 per
3291 3724 3439 3792 ipsos
3469 3736 3631 3781 natus

2053 3808 2131 3864 sis
2150 3809 2215 3863 ⁸⁸.
2250 3828 2270 3861 ι
2313 3801 2523 3865 Idcirco
2551 3826 2764 3865 rursum
2791 3812 2869 3865 ait
2909 3828 2921 3862 :
2962 3830 2981 3861 ι
3009 3810 3261 3875 Oculum,
3290 3815 3385 3880 qui
3416 3814 3631 3874 deridet

2053 3906 2287 3971 patrem,
2306 3910 2363 3955 et
2390 3901 2487 3971 qui
2514 3901 2808 3954 inbonorat
2835 3908 3172 3953 senectutem
3201 3905 3413 3969 matris,
3435 3918 3631 3965 eruunt

2052 4006 2180 4047 eum
2218 3994 2371 4047 corvi
2400 3992 2469 4045 de
2502 3989 2843 4044 convallibus
2885 3988 2950 4042 ⁸⁸.
2988 4009 3008 4041 ι
3036 3990 3193 4057 Quod
3233 3992 3417 4063 itaque
3456 3999 3629 4055 male.

2054 4066 2225 4136 dictio
2256 4090 2313 4136 et
2354 4079 2683 4150 supplicium
2714 4080 2983 4137 debeatur
3026 4082 3095 4138 iis
3126 4084 3219 4154 qui
3267 4086 3531 4145 honorem
3565 4108 3632 4149 ac

2052 4171 2415 4227 reverentiam
2450 4171 2772 4242 parentibus
2806 4171 3090 4244 derogant,
3119 4190 3219 4245 per
3257 4177 3427 4233 Cbam
3462 4181 3629 4239 etiam

2051 4262 2213 4319 facile
2241 4263 2367 4335 quis
2395 4262 2678 4335 intelligat.
2713 4282 2733 4315 ι
2777 4264 2948 4337 Erant
2986 4266 3154 4332 enim,
3192 4286 3211 4318 ι
3245 4268 3442 4340 inquit,
3474 4292 3493 4324 ι
3531 4274 3630 4330 ﬁlii

2051 4354 2188 4420 Noe,
2211 4356 2305 4426 qui
2331 4355 2536 4428 egressi
2564 4362 2693 4411 sunt
2719 4371 2789 4411 ex
2818 4372 2967 4424 arca,
2998 4358 3625 4434 Sem,Cham,Japheth.

2053 4444 2225 4501 Cham
2250 4453 2434 4499 autem
2472 4454 2593 4500 erat
2626 4450 2780 4514 pater
2805 4445 3082 4502 Chanaan.
3117 4448 3253 4506 Tres
3281 4451 3344 4505 hi
3374 4464 3504 4509 sunt
3531 4456 3629 4510 ﬁlii

2052 4538 2188 4593 Noe.
2223 4537 2306 4592 Ab
2334 4537 2422 4591 his
2446 4537 2781 4592 disseminati
2812 4547 2942 4593 sunt
2978 4554 3143 4610 super
3171 4542 3481 4600 universam
3519 4555 3629 4603 ter-

2054 4645 2194 4685 ram.
2226 4630 2295 4685 Et
2317 4629 2483 4700 coepit
2518 4618 2633 4685 Noe
2663 4630 2828 4686 homo
2862 4631 3100 4703 agricola
3128 4643 3307 4700 terrae,
3335 4646 3391 4691 et
3416 4639 3629 4709 planta-

353 4733 518 4789 Νῶε.
565 4731 698 4785 Ἀπὸ
727 4730 932 4785 τούτων
963 4727 1340 4799 διεσπάρησαν
1373 4728 1466 4780 ἐπὶ
1501 4728 1681 4780 πασᾶν
1700 4727 1798 4797 τὴν
1823 4727 1946 4796 γῆν.

2054 4723 2134 4777 vit
2150 4721 2386 4788 vineam,
2416 4730 2473 4777 et
2498 4721 2639 4777 bibit
2658 4722 2726 4778 de
2746 4722 2895 4789 vino,
2919 4733 2975 4778 et
2997 4722 3301 4780 inebriatus
3319 4736 3421 4791 est,
3447 4737 3503 4782 et
3524 4745 3628 4782 nu-

355 4824 483 4879 Καὶ
519 4821 723 4895 ἤρξατο
768 4820 891 4875 Νῶε
928 4814 1213 4893 ἄνθρωπος
1244 4819 1486 4891 γεωργὸς
1521 4820 1645 4890 γῆς,
1690 4821 1782 4872 καὶ
1814 4818 1945 4889 ἐφύ-

352 4929 560 4965 τευσεν
596 4910 914 4981 ἀμπελῶνα,
944 4911 1041 4965 καὶ
1084 4908 1235 4964 ἔπιεν
1276 4910 1341 4963 ὲκ
1364 4908 1459 4963 τοῦ
1492 4909 1659 4976 οἴνου,
1692 4908 1787 4963 καὶ
1816 4909 1945 4980 έμε-

354 5003 565 5073 Ούσθη,
600 5002 693 5054 καὶ
742 5000 1033 5072 ἐγυμνώθη
1086 5002 1143 5053 ἐν
1193 5000 1270 5071 τῷ
1296 5001 1428 5070 οἴκῳ
1466 4997 1653 5053 αὐτοῦ·
1694 5000 1787 5053 καὶ
1836 4995 1944 5053 εῐδε

357 5094 501 5163 Χάμ
521 5094 549 5145 6
574 5092 754 5164 πατὴρ
774 5092 995 5145 Χαναὰν
1020 5091 1119 5163 τὴν
1151 5092 1431 5163 γύμνωσιν
1474 5091 1568 5145 τοῦ
1602 5092 1812 5164 πατρὸς
1843 5092 1944 5145 αὖ·

356 5183 485 5248 τοῦ,
522 5184 615 5238 καὶ
651 5182 877 5249 ἐξελθὼν
899 5182 1190 5254 ἐπήγγειλε
1214 5185 1325 5245 τοῖς
1350 5183 1598 5251 ἀδελφοῖς
1625 5183 1789 5237 αὑτοῦ
1819 5183 1942 5248 ἔξω.

358 5275 484 5329 Καὶ
509 5274 763 5339 λαϐόντες
797 5275 919 5346 Σὴμ
944 5275 1038 5329 καὶ
1101 5275 1279 5345 Ἰάφεθ
1306 5275 1369 5328 τὸ
1418 5275 1653 5345 ἱμάτιον,
1692 5274 1947 5327 ἐπέθεντο

360 5364 465 5417 ἐπὶ
488 5364 556 5417 τά
581 5364 670 5418 δύο
701 5365 847 5420 νῶτα
878 5366 1077 5433 αὐτῶν,
1115 5366 1207 5419 καὶ
1247 5365 1624 5437 ἐπορεύθησαν
1647 5365 1946 5436 ὁπισθοερα-

355 5455 496 5519 νῶς,
519 5457 617 5514 καὶ
651 5456 1026 5527 συνεκάλυψαν
1063 5456 1163 5529 τὴν
1199 5455 1476 5528 γύμνωσιν
1496 5455 1590 5511 τοῦ
1624 5456 1827 5527 πατρὸς
1851 5452 1949 5511 αύ-

355 5545 498 5610 τῶν,
533 5549 710 5602 καὶτὸ
745 5548 1035 5620 πρόσωπον
1062 5546 1242 5604 αὐτῶν
1294 5546 1671 5619 ὁπισθοφανὲς,
1717 5550 1811 5603 καὶ
1848 5549 1947 5617 τὴν

2054 4815 2214 4870 datus
2253 4822 2336 4869 est
2364 4814 2423 4869 in
2459 4813 2621 4869 domo
2650 4830 2749 4870 sua
2793 4831 2807 4867 :
2846 4822 2903 4869 et
2934 4815 3073 4870 vidit
3101 4815 3270 4870 Cham
3301 4825 3457 4885 pater
3483 4819 3627 4874 Cha-

2054 4923 2194 4962 naan
2241 4907 2545 4962 nuditatem
2587 4907 2757 4977 patris
2803 4907 2922 4972 sui,
2970 4915 3025 4961 et
3061 4922 3311 4977 egressus
3355 4908 3629 4966 nuntiavit

2055 4999 2269 5055 duobus
2307 4999 2569 5054 fratribus
2601 4999 2716 5054 suis
2755 5018 2769 5052 :
2804 5006 2861 5054 et
2903 4997 3233 5066 accipientes
3268 4998 3393 5055 Sem
3440 5010 3497 5056 et
3533 5001 3625 5056 Ja-

2054 5093 2224 5163 pheth
2256 5093 2481 5163 pallium
2508 5090 2886 5160 imposuerunt
2912 5103 3077 5158 super
3092 5087 3201 5143 duo
3221 5088 3381 5144 dorsa
3412 5105 3625 5154 eorum,

2053 5192 2109 5239 et
2134 5184 2477 5239 incesserunt
2501 5191 2829 5245 retrorsum,
2858 5189 2913 5235 et
2951 5189 3291 5249 operuerunt
3321 5180 3627 5237 nuditatem

2050 5274 2222 5344 patris
2252 5272 2336 5327 sui
2379 5289 2390 5324 :
2422 5271 2697 5342 faciesque
2734 5284 2923 5323 eorum
2949 5283 3153 5321 aversae
3179 5276 3354 5335 erant,
3376 5279 3432 5326 et
3454 5273 3628 5341 patris

2053 5364 2355 5418 nuditatem
2408 5378 2517 5417 non
2560 5363 2838 5416 viderunt.
2882 5358 3171 5427 Evigilavit
3212 5370 3395 5418 autem
3435 5364 3550 5418 Noe
3593 5379 3626 5418 a

2051 5454 2199 5519 vino,
2221 5462 2277 5507 et
2304 5453 2558 5521 cognovit
2579 5463 2920 5518 quaecunque
2946 5446 3074 5501 fecit
3097 5448 3148 5502 ei
3178 5449 3321 5508 ﬁlius
3346 5453 3549 5526 junior,
3571 5463 3627 5507 et

2052 5545 2128 5600 ait
2171 5562 2182 5597 :
2227 5542 2546 5598 Maledictus
2582 5541 2872 5608 Chanaan,
2905 5554 3097 5596 servus
3142 5540 3473 5602 domesticus
3517 5543 3628 5599 erit

475 5720 527 5756 ιδ
548 5722 684 5780 Gen.
718 5742 791 5789 ix,
820 5718 877 5791 ἶ,
904 5727 958 5780 2.
1024 5726 1067 5757 δ’
1090 5726 1265 5781 Exod.
1291 5743 1380 5793 xx,
1404 5728 1493 5783 2L
1561 5729 1608 5762 "
1630 5728 1811 5787 Eccle.
1839 5742 1932 5796 vn,

2126 5724 2169 5757 ‘5
2196 5724 2356 5780 Prov.
2394 5737 2517 5792 xxx,
2568 5721 2665 5800 .17.

685 5816 957 5879 PATROL.
1003 5817 1119 5879 Gn.
1164 5816 1369 5877 LXIX.

3288 5805 3327 5867 3
