4056 6260
504 344 582 403 75
1537 333 1621 390 8.·
1639 330 1917 391 (Πωιυῖ
1955 330 2427 393 ALEXANDRINI
2466 332 2783 393 ARCHIEP.
3711 349 3780 407 τε

504 462 769 523 fratribus
789 461 922 528 suis,
939 469 994 515 et
1012 459 1089 515 ait
1112 476 1125 512 :
1147 454 1477 513 Benedictus
1490 454 1761 511 Dominus
1774 452 2087 519 DeusSem,

2195 455 2476 524 γύμνωσιν
2519 454 2614 509 τοῦ
2661 454 2868 526 πατρὸς
2924 454 3025 510 ούκ
3073 450 3235 515 εἶδον.
3264 456 3528 532 Ἐξένηῷε
3562 463 3620 518 δὲ
3657 463 3781 520 Νῶε

504 560 562 607 ει
583 550 689 605 crit
716 548 972 607 Chanaan
1011 560 1204 603 servus
1242 546 1382 616 ejus.
1414 544 1614 600 Dilatet
1645 544 1791 600 Deus
1822 544 2085 614 dapheth,

503 650 561 696 ct
594 641 802 697 habitet
834 641 888 695 in
933 637 1185 696 tentoriis
1215 636 1363 703 Sun,
1389 647 1446 694 et
1484 636 1579 693 fiat
1604 636 2090 695 Chanaan-servus

458 720 463 725 ’
488 734 622 805 τίεις
647 734 712 787 ⁸⁷.
749 752 768 785 ι
798 732 911 788 Noe
943 731 1090 787 enim
1116 746 1242 786 cum
1276 730 1490 785 vineam
1519 728 1835 800 plantassot,
1866 728 1982 783 suis
2005 727 2089 783 las

484 824 734 880 iboribus
770 822 1021 888 vacabat,
1058 830 1220 892 atque
1248 820 1437 876 ebrius
1464 827 1661 890 praeter
1706 833 1915 873 morem
1950 817 2086 873 effe-

498 928 625 972 ctus
639 924 741 971 est.
764 913 931 985 Atqui
956 913 1235 984 inopinata
1266 911 1531 967 ebrietate
1559 919 1843 980 correptus
1870 917 1974 974 est,
2000 908 2087 962 in-

500 1010 649 1065 scius
674 1017 840 1079 atque
865 1006 1186 1079 imprudens
1218 1005 1467 1060 detectus
1491 1009 1595 1067 est,
1627 1000 1774 1056 domi
1807 1008 1864 1057 et
1889 1016 1919 1054 a
1946 1000 2089 1054 mul-

501 1102 572 1156 tis
603 1116 717 1155 non
746 1100 917 1154 visus.
949 1098 1049 1154 llic
1073 1113 1203 1153 vero
1233 1112 1427 1169 parum
1464 1108 1609 1150 sanae
1625 1094 1823 1150 mentis
1842 1134 1856 1159 ,
1890 1091 2086 1161 Cham,

500 1194 745 1263 inquam,
779 1208 846 1247 ex
880 1190 1175 1262 spectaculi
1201 1190 1545 1245 deformitate
1572 1188 1717 1243 risus
1742 1186 2088 1242 occasionem

500 1285 759 1357 captavit,
791 1299 971 1354 neque
996 1283 1173 1339 solum
1195 1298 1305 1337 non
1327 1281 1557 1347 obtexit,
1582 1288 1748 1351 atque
1770 1294 1931 1350 opem
1964 1279 2090 1334 tulit

499 1377 645 1448 patri
673 1392 793 1440 suo,
827 1390 990 1446 quem
1016 1374 1205 1429 vinum
1245 1373 1451 1429 vicerat
1482 1379 1647 1443 atque
1673 1378 2084 1442 prostraverat:

500 1467 620 1533 scd,
644 1466 843 1521 omissa
869 1463 971 1519 hac
1001 1480 1154 1529 cura,
1184 1473 1243 1518 et
1268 1463 1479 1517 honore
1501 1462 1595 1531 qui
1621 1460 1833 1532 parenti
1855 1459 2089 1515 debetur

496 1560 764 1632 neglecto,
791 1558 931 1614 alios
966 1557 1134 1612 etiam
1160 1555 1230 1610 ad
1269 1553 1627 1625 spectandum
1660 1551 1875 1619 invitat,
1905 1561 1963 1607 et
1999 1566 2087 1608 se-

489 1662 924 1723 nemtanquam
957 1650 1015 1704 in
1048 1664 1215 1706 scena
1246 1645 1514 1703 fratribus
1551 1643 1897 1701 irridendum
1919 1658 2088 1715 expo-

496 1745 599 1800 nit.
626 1743 709 1800 llli
734 1757 870 1798 vero
891 1738 1103 1796 nefario
1130 1738 1278 1793 illius
1298 1735 1533 1792 consilio
1556 1751 1669 1793 non
1689 1736 2086 1800 auscultarunt,

2195 547 2302 602 ἀπὸ
2333 545 2427 600 τοῦ
2473 548 2636 611 οίνου,
2669 549 2763 603 καὶ
2815 547 2958 617 ἔγνω
2983 551 3083 604 ὅσα
3116 550 3374 620 ἐποίησεν
3409 552 3556 624 αὐτῷ
3593 557 3623 609 6
3665 556 3779 622 υἱὸς

2195 636 2359 692 αὑτοῦ
2389 641 2417 692 6
2443 637 2723 709 νεώτερος,
2743 640 2839 693 καὶ
2856 636 3026 696 εἶπεν·
3082 641 3514 714 Ἐπικατάρατος
3536 646 3778 711 Χαναὰν,

2195 733 2324 793 παῖς
2353 732 2570 801 οἰκέτης
2599 730 2755 785 ἔσται
2803 734 2918 796 τοῖς
2967 731 3219 803 ἀδελφοῖς
3248 734 3436 799 αὑτοῦ,
3466 734 3562 789 καὶ
3602 731 3776 790 εἷπεν·

2194 822 2497 892 Εὐλογητὸς
2532 821 2737 893 Κύριος
2787 822 2816 874 6
2858 822 2994 886 Θεὸς
3033 822 3175 894 Σὴμ,
3220 823 3317 877 καὶ
3360 822 3514 877 ἔσται
3558 825 3782 881 Χαναὰν

2196 915 2325 976 παῖς
2348 911 2535 967 αὑτοῦ.
2576 914 2850 967 Πλατύναι
2887 915 2916 968 ό
2949 912 3085 978 Θεὸς
3131 913 3210 983 τῷ
3244 913 3444 983 Ὶάφεθ,
3478 915 3574 968 καὶ
3600 931 3782 968 κατοι-

2196 1006 2419 1077 κησάτω
2454 1008 2513 1059 ὲν
2542 1007 2654 1069 τοῖς
2685 1003 3006 1076 σκηνώμασι
3043 1005 3184 1077 Σὴμ,
3218 1007 3315 1060 καὶ
3354 1007 3638 1079 γενηθήτω
3668 1008 3784 1063 Χα-

2195 1097 2332 1152 ναὰν
2373 1099 2502 1160 παῖς
2534 1095 2719 1150 αὑτοῦ.
2755 1115 2774 1149 ι
2817 1096 2941 1151 Νῶε
2979 1097 3077 1167 μὲν
3109 1098 3219 1168 γὰρ
3270 1097 3567 1169 ἀμπελῶνα
3600 1116 3780 1168 πεφυη

2194 1187 2428 1255 τευκὼς,
2459 1188 2569 1242 τῶν
2593 1190 2812 1243 οίκείων
2837 1189 3147 1261 ἐνεφορεῖτο
3173 1189 3370 1252 πόνων,
3403 1190 3500 1244 καὶ⁵
3535 1192 3782 1255 κάτοινος

2197 1281 2299 1354 μὲν
2342 1281 2628 1352 ἀσυνήθως
2659 1277 2748 1352 ἦν.
2794 1281 3082 1352 ’Δδόκητον
3108 1282 3166 1337 δὲ
3204 1282 3472 1351 φιλοινίας
3506 1283 3780 1355 ἔγκλημα,

2192 1376 2291 1449 τὴν
2340 1376 2662 1449 ἀνεθέλητον
2705 1377 3005 1448 ὑπομείνας
3049 1376 3351 1448 γύμνωσιν,
3386 1376 3530 1430 οῖκοι
3578 1391 3641 1428 τε
3684 1375 3785 1429 καὶ

2193 1467 2438 1531 ἄποπτος
2458 1462 2527 1538 ἦν
2547 1469 2657 1533 τοῖς
2682 1466 2916 1531 πολλοῖς.
2964 1468 3021 1520 '0
3042 1466 3099 1520 δὲ
3119 1468 3216 1532 τὰς
3243 1467 3447 1539 φρένας
3477 1467 3577 1521 οὐκ
3603 1468 3786 1537 ἀσφαει

2194 1559 2313 1631 λὴς,
2345 1561 2489 1631 φημί
2517 1559 2581 1632 δὴ
2619 1560 2712 1614 τὸν
2737 1558 2890 1631 Χάμ,
2916 1560 3014 1631 τῆς
3037 1559 3167 1625 θέας
3202 1559 3264 1614 τὸ
3286 1560 3531 1633 ἀπρεπὲς
3563 1560 3783 1614 ἀνοσίου

2195 1649 2429 1719 γέλωτος
2454 1651 2692 1705 ἐποιεῖτο
2728 1650 3033 1722 πρόφασινο
3059 1650 3236 1704 καίτοι
3274 1650 3657 1723 καταμφιάσαι
3694 1650 3783 1717 δὲ,

2199 1744 2482 1814 μονονουχὶ
2504 1743 2561 1798 δὲ
2588 1743 2683 1799 κιι)⁸
2711 1743 2990 1815 ἐπαμῦναι
3020 1741 3101 1813 τῷ
3118 1742 3372 1813 φύσαντι,
3423 1742 3563 1816 μέθῃ
3585 1742 3783 1796 πλεον-

496 1852 564 1893 ac
589 1836 776 1907 potius
813 1841 1073 1889 eventum
1116 1832 1199 1887 rei
1243 1829 1658 1900 redarguentcs,
1699 1838 1756 1884 et
1794 1829 2087 1898 spectaculi

2194 1835 2529 1907 εκτουμένῳ,
2567 1836 2801 1899 καὶτοῖς
2838 1835 2899 1901 ἐξ
2924 1834 3069 1895 οῖνου
3110 1834 3448 1904 πταίσμασιν
3474 1836 3783 1905 ὑπενηνεγ-

497 1925 906 1983 deformitatem
939 1922 1188 1981 vestibus
1215 1920 1576 1985 occultantes,
1600 1926 1907 1979 retrorSum
1933 1919 2085 1976 ince-

496 2016 723 2073 debant.
754 2016 945 2072 Visum
972 2013 1120 2068 enim
1158 2012 1293 2083 ipsis
1333 2019 1419 2067 est
1461 2010 1549 2082 pie
1590 2025 1772 2082 agere,
1795 2019 1853 2066 et
1876 2009 2087 2067 femora

496 2110 692 2181 patris,
717 2124 817 2180 per
838 2122 961 2178 qua:
986 2105 1092 2162 orti
1118 2113 1294 2171 erant,
1325 2103 1589 2160 revereri.
1632 2103 1928 2173 Postquam
1954 2116 2086 2159 vero

490 2201 908 2274 expergefactus
925 2207 1031 2266 est,
1054 2198 1308 2255 conscius
1327 2196 1432 2253 fuit
1454 2196 1534 2253 rei
1552 2205 1730 2268 pater,
1754 2195 1863 2268 53
1892 2204 1951 2251 et
1971 2210 2087 2250 ma-

491 2292 686 2350 ledixit
714 2291 903 2347 statim
942 2290 1017 2356 ei,
1050 2290 1144 2359 qui
1188 2287 1390 2343 debitae
1434 2288 1539 2358 ipsi
1577 2286 1902 2342 reverentiae
1937 2287 2090 2357 leges

495 2396 707 2443 temere
751 2383 987 2439 violarat
1028 2399 1041 2434 :
1083 2389 1140 2436 et
1181 2379 1465 2435 servitutis
1505 2380 1696 2451 iugum
1743 2378 1850 2448 ipsi
1887 2378 2086 2434 merito

496 2475 732 2547 imponit
758 2474 1055 2531 :Chanaan
1079 2486 1284 2528 vocans
1312 2477 1540 2542 propter
1562 2486 1681 2536 eos,
1717 2469 1813 2540 qui
1850 2485 1920 2524 ex
1966 2469 2086 2540 ipso

496 2567 699 2624 orituri
721 2573 881 2623 erant
901 2564 1261 2629 Chananteos,
1290 2563 1386 2634 qui
1424 2561 1679 2633 supplicii
1708 2562 1885 2633 ipsius
1911 2562 2084 2633 parti-

490 2658 650 2729 cipes
689 2655 862 2712 futuri
905 2661 1084 2709 erant.
1124 2652 1187 2707 In
1226 2651 1541 2706 universam
1575 2650 1725 2705 enim
1765 2649 2084 2721 progeniem

494 2765 660 2821 poena
687 2756 984 2820 propagata
1005 2753 1110 2802 est.
1145 2744 1435 2805 Benedixit
1457 2750 1640 2799 autem
1673 2745 1757 2799 eis
1780 2744 1876 2815 qui
1905 2743 2083 2814 ipsum

494 2843 856 2898 lionorarant.

2194 1925 2365 1998 μένῳ.
2413 1925 2576 1981 Ἀλλά
2610 1929 2810 1999 παρεὶς
2828 1925 2901 1981 τά
2942 1926 3148 1992 τοιάδε,
3191 1925 3288 1981 καὶ
3326 1925 3429 1997 τῆς
3460 1929 3540 1990 είς
3560 1926 3658 1980 τὸν
3680 1926 3784 1998 φύ-

2193 2033 2365 2072 σαντα
2393 2018 2558 2091 τιμῆς
2583 2019 2645 2072 οὐ
2689 2019 2927 2092 μετρίως
2963 2016 3269 2089 ὀλιγωρῶν,
3319 2016 3601 2088 προξενεῖν
3629 2019 3786 2074 ἀπεί-

2190 2124 2349 2179 γεται
2384 2111 2501 2174 τοῖς
2549 2109 2730 2176 ἄλλοις
2778 2111 2879 2183 τὴν
2936 2110 3088 2174 θίαν,
3114 2110 3210 2165 καὶ
3266 2110 3471 2183 σκηνὴν
3517 2105 3611 2167 οἷά
3655 2130 3784 2169 τινα

2190 2198 2452 2272 προσθεὶς
2480 2198 2573 2254 τὸν
2594 2200 2932 2273 πρεσϐύτην,
2965 2201 3130 2273 γελᾷν
3162 2201 3448 2257 ἀναπείθει
3479 2203 3607 2268 τοὺς
3627 2203 3785 2258 ἀδελ-

2190 2291 2345 2365 φούς.
2398 2293 2524 2347 υῖδε
2546 2288 2690 2364 ἦσαν
2730 2293 2988 2366 ἀμείνους
3022 2297 3125 2365 τῆς
3152 2296 3209 2350 ὲν
3255 2294 3405 2368 αὐτῷ
3431 2295 3776 2362 δυσϐουλίαςο

2188 2384 2680 2456 κατασοφιζόμενοι
2708 2384 2765 2440 δὲ
2794 2384 2855 2440 τὸ
2901 2386 3271 2459 συμϐεϐηκὸς,
3298 2388 3394 2442 καὶ
3428 2388 3527 2461 τῆς
3558 2387 3690 2454 θέας
3717 2389 3782 2443 τὸ

2187 2474 2424 2540 ἀκαλλὲς
2457 2478 2573 2540 τοῖς
2604 2475 3010 2549 περιϐλήμασιν
3040 2477 3412 2547 ἀφανίζοντες,
3437 2478 3628 2532 ἀνόπιν
3652 2477 3783 2533 ἐϐά-

2187 2565 2355 2633 διζον.
2391 2568 2596 2623 Ἐδόκει
2627 2567 2737 2641 γάρ
2764 2568 3010 2623 εὐσεϐεῖν
3038 2570 3245 2635 αὐτοῖς,
3291 2569 3385 2623 καὶ
3428 2567 3639 2640 μηροὺς
3686 2569 3780 2623 ai-

2186 2657 2395 2713 δεῖσθαι
2419 2660 2648 2730 πατρὸς,
2663 2660 2731 2714 δι’
2770 2654 2846 2715 ὧν
2870 2660 2966 2715 καὶ
2997 2660 3307 2730 γεγόνασιν.
3338 2660 3493 2714 Ἐπεὶ
3518 2660 3575 2714 δὲ
3594 2660 3780 2732 διεγη-

2189 2750 2458 2821 γερμένος
2485 2748 2544 2804 ιν
2573 2750 2825 2822 αἰσθήσει
2872 2746 2967 2805 τοῦ
3010 2752 3332 2828 πράγματος
3379 2751 3602 2821 γέγονεν
3622 2754 3651 2805 6
3676 2768 3782 2805 πα·-

2188 2837 2319 2911 τὴρ,
2353 2841 2626 2912 ἐπαρᾶται
2666 2841 2767 2912 μὲν
2785 2841 2948 2907 εὐθὺς
2970 2842 3061 2895 τὸν
3087 2841 3182 2895 τοῦ
3210 2844 3535 2914 πρέποντος,
3567 2844 3662 2898 καὶ
3677 2844 3780 2915 τῆς

492 2944 579 3003 εἰς
609 2937 772 2995 αὐτὸν
801 2936 986 3000 αἰδοῦς
1016 2935 1350 3007 ὴφειδηκάτα
1396 2933 1746 3007 παραλόγως,
1786 2934 1881 2987 καὶ
1924 2931 2089 3003 ζυγὸν
2124 2933 2274 3007 αύτῷ
2301 2935 2393 2990 τὸν
2416 2937 2689 2991 οἰκετικὸν
2723 2937 2965 2992 ἐπετίθει
3028 2937 3272 3004 δικαίως,
3329 2939 3550 2992 Χαναὰν
3578 2938 3780 3008 ὀνομά-

497 3030 609 3097 ζων
656 3032 747 3086 διὰ
781 3032 911 3096 τοὺς
958 3030 1020 3096 ἐξ
1059 3028 1225 3083 αὐτοῦ
1287 3027 1648 3092 Χαναναίους,
1688 3027 1739 3081 οἳ
1771 3028 1867 3082 καὶ
1897 3027 1998 3100 τῆς
2039 3026 2197 3099 δίκης
2239 3030 2390 3103 αύτῷ
2454 3030 2817 3104 συμμεθέξειν
2866 3030 3113 3103 ἔμελλον.
3161 3032 3422 3104 Παγγενῆ
3479 3031 3588 3104 γὰρ
3651 3033 3781 3087 ἐκο-

497 3121 715 3189 λάζετο.
746 3123 1028 3194 Εὐλόγηκε
1060 3121 1118 3176 δὲ
1144 3120 1272 3185 τοὺς
1296 3121 1658 3192 τιμήσαντας.

571 3217 629 3271 2.
648 3216 989 3287 Significavit
1004 3226 1188 3271 autem
1208 3216 1315 3269 hoc
1331 3216 1511 3285 ipsum
1529 3230 1791 3269 arcanum
1809 3215 2087 3285 quoddam

2263 3217 2328 3286 β’.
2368 3214 2659 3285 Ἐμφήνειε
2689 3211 2735 3264 δ’
2766 3211 2835 3265 ἂν
2872 3208 3289 3281 αἰνιγματωδῶς
3314 3208 3408 3263 καὶ
3435 3208 3551 3263 τόδε
3580 3208 3644 3281 δὴ
3674 3209 3781 3265 πά-

492 3309 571 3364 de
598 3307 807 3365 Judaeis
828 3310 1172 3380 mysterium.
1197 3306 1335 3362 Tres
1349 3306 1499 3362 enim
1531 3321 1725 3361 omnes
1747 3307 1938 3377 populi
1964 3307 2084 3362 fue-

502 3409 655 3455 runt.
692 3398 965 3455 Nimirum
993 3399 1088 3470 qui
1119 3400 1176 3453 in
1192 3399 1377 3469 primo
1417 3404 1697 3468 tempore,
1724 3398 2086 3468 quemadmo-

498 3494 637 3547 dum
688 3500 746 3546 et
775 3491 900 3546 Sem
934 3509 948 3545 :
978 3490 1149 3545 medii
1217 3504 1372 3556 vero,
1431 3490 1527 3561 qui
1586 3505 1685 3561 per
1732 3489 2086 3545 maledictum

498 3584 677 3641 Cbam
723 3582 1109 3655 intelliguntur
1138 3601 1151 3637 :
1190 3582 1338 3638 tertii
1361 3592 1544 3637 autem
1579 3598 1644 3637 ac
1677 3583 1963 3653 postremi,
1989 3597 2089 3654 per

505 3674 763 3731 ultimum
782 3674 1038 3746 Japheth,
1088 3675 1185 3745 qui
1220 3675 1620 3744 interpretatur
1646 3673 1914 3729 dilatatio.
1933 3674 2091 3730 Post-

502 3780 671 3839 quam
691 3781 826 3823 vero
852 3767 1016 3823 nobis
1052 3766 1318 3822 revelavit
1349 3765 1495 3820 Deus
1516 3779 1581 3819 ac
1616 3764 1780 3820 Pater
1803 3765 2088 3841 proprium

500 3859 729 3926 Filium,
763 3859 858 3931 qui
882 3874 983 3931 per
1000 3858 1182 3915 femur
1211 3857 1577 3929 signiﬁcatur,
1625 3864 1682 3913 et
1704 3865 1973 3927 quantum
2002 3865 2088 3911 at-

502 3955 646 4010 tinet
663 3955 732 4011 ad
758 3954 1104 4025 spiritualem
1128 3953 1361 4009 Deitatis
1378 3951 1872 4025 pulchritudinem,
1900 3950 2089 4007 defor-

507 4061 651 4101 mem
677 4055 842 4116 atque
870 4048 1232 4103 invenustum
1251 4054 1480 4118 propter
1497 4046 1899 4103 humanitatem
1927 4046 2090 4119 (ἀίε-

503 4149 615 4205 que
629 4135 781 4189 enim
799 4134 993 4190 habuit
1009 4136 1264 4202 formam,
1290 4151 1471 4205 neque
1493 4137 1963 4205 pulchritudinem
1982 4136 2049 4202 “,
2064 4154 2082 4189 ι

501 4231 658 4299 juxta
696 4227 981 4297 prophetae
1017 4225 1232 4296 vocem)
1256 4242 1271 4292 ;
1300 4234 1433 4281 tunc
1457 4226 1703 4292 demum,
1729 4228 2091 4297 quemadmo-

506 4320 643 4374 dum
668 4320 784 4389 ipse
800 4332 988 4373 rerum
1005 4318 1191 4373 exitus
1210 4317 1524 4383 testabitur,
1542 4319 1758 4388 primus
1781 4318 2009 4390 quidem
2028 4334 2093 4375 ac

396 4465 401 4469 .
509 4421 824 4484 postremus
853 4412 1112 4482 populus,
1174 4409 1283 4465 hoc
1331 4419 1435 4477 est,
1491 4410 1585 4483 qui
1624 4412 1783 4468 initio
1828 4427 1892 4467 ac
1925 4410 2091 4483 primi

507 4503 895 4571 crediderunt;
938 4518 1156 4579 necnon
1211 4505 1308 4575 qui
1350 4511 1579 4560 vocatus
1613 4513 1699 4561 est
1750 4506 1808 4560 in
1856 4503 2088 4572 ultimis,

510 4595 735 4651 reveriti
780 4602 908 4650 sunt
945 4596 1381 4651 Emmanuclem.
1445 4596 1734 4651 Benedixit
1772 4605 1959 4652 autem
2008 4595 2090 4652 eis

508 4685 657 4741 Deus
684 4699 747 4739 ac
776 4684 957 4739 Pater.
982 4682 1092 4750 Qui
1130 4700 1266 4739 vero
1305 4684 1452 4739 inter
1511 4683 1650 4739 duos
1674 4684 1841 4739 hosce
1872 4684 2089 4739 medius

509 4776 636 4843 fuit,
656 4775 898 4834 irridens
929 4773 1210 4831 Christum
1245 4776 1317 4830 ob
1362 4775 1723 4831 humanitatis
1768 4774 2091 4831 deformita-

511 4881 653 4936 tem,"
676 4878 732 4925 et
756 4868 852 4925 Dei
880 4867 1083 4924 Filium
1110 4867 1299 4922 multis
1332 4867 1648 4938 ignominiis
1674 4866 1934 4934 adiciens,
1967 4883 2088 4923 ser-

512 4962 745 5017 vitutem
761 4960 951 5025 subiit,
977 4969 1034 5015 ct
1053 4960 1198 5015 avita
1228 4959 1483 5015 libertate
1514 4958 1738 5014 excidit.
1774 4958 1931 5026 Quod
1956 4975 2088 5015 vero

511 5053 685 5111 futuri
725 5053 837 5109 sint
871 5053 967 5124 qui
1017 5052 1075 5107 in
1133 5052 1344 5107 ultimis
1378 5052 1720 5124 temporibus
1770 5067 1838 5107 cx
1883 5051 2090 5107 Iudaeis

511 5148 765 5211 credant,
785 5148 1093 5219 primorum
1118 5146 1335 5200 illorum
1365 5145 1662 5216 participes
1697 5161 1761 5200 ac
1783 5144 1942 5210 socii,
1975 5145 2093 5200 velr

513 5242 596 5295 uti
647 5242 702 5296 in
735 5256 903 5296 unam
933 5239 1216 5296 civitatem
1270 5238 1388 5293 sive
1424 5236 1821 5293 habitationem
1867 5254 1931 5293 ac
1986 5237 2087 5292 do-

516 5351 666 5390 mum
724 5336 962 5401 collecti,
997 5336 1103 5390 hoc
1152 5342 1255 5401 cst,
1296 5332 1618 5397 Ecclesiam,
1663 5331 1961 5387 declaravit
2002 5330 2090 5385 di-

515 5442 681 5481 cens:
725 5447 741 5477 ι
765 5412 1131 5483 Βὶιιιιειίκιιε
1150 5426 1386 5497 Japhcth
1424 5425 1552 5498 (hoc
1587 5431 1689 5488 est,
1728 5423 1894 5478 tertio
1925 5433 2090 5493 atque

517 5519 730 5581 ultimo,
760 5518 955 5571 tertius
973 5519 1120 5571 enim
1150 5516 1434 5588 Japhcth),
1466 5526 1519 5572 ct
1572 5515 1783 5571 habitet
1809 5516 1865 5570 in
1914 5516 2094 5571 domi-

517 5607 618 5664 bus
649 5607 773 5661 S:~:n
812 5608 939 5679 (hoc
966 5616 1069 5672 est,
1090 5606 1144 5661 in
1170 5609 1404 5679 primis),
1425 5619 1479 5664 et
1505 5609 1868 5665 iiatChanaan
1895 5624 2089 5664 servus

585 5787 629 5818 ⁸⁷
664 5788 800 5841 Gen.
849 5803 921 5861 rx,
961 5785 1146 5841 18-27.
1235 5784 1277 5819 “'
1308 5786 1409 5841 lsa.
1452 5802 1561 5851 Lm,
1595 5787 1648 5840 9..

2186 3308 2269 3362 λιν
2295 3306 2356 3359 τὸ
2400 3307 2492 3358 ἐπὶ
2523 3308 2635 3368 τοῖς
2687 3304 2966 3366 Ἰουδαίοις
2999 3303 3319 3374 μυστήριον.
3361 3303 3522 3375 Τρεῖς
3551 3303 3649 3374 μὲν
3670 3303 3782 3374 γὰρ

2191 3403 2240 3455 οἱ
2274 3401 2484 3464 πάντες
2510 3398 2768 3468 γεγόνασι
2790 3395 2931 3462 λαοὶ,
2955 3396 3055 3448 ὅτε
3087 3398 3143 3449 ὲν
3169 3393 3370 3465 πρώτῳ
3394 3395 3573 3466 καιρῷ
3603 3394 3781 3449 καθά-

2191 3510 2297 3564 περ
2348 3494 2443 3546 καὶ
2488 3492 2518 3544 6
2563 3490 2719 3562 Σὴμ,
2768 3488 2862 3543 καὶ
2922 3488 3028 3559 μὴν
3093 3487 3189 3542 καὶ
3227 3487 3256 3538 6
3307 3486 3394 3540 διὰ
3434 3488 3601 3557 μέσου
3636 3489 3783 3543 κατὰ

2190 3586 2279 3640 τὸν
2310 3585 2583 3655 ἐπάρατον
2622 3582 2773 3652 Χὰμ,
2813 3582 2908 3635 καὶ
2940 3582 2968 3633 6
2995 3579 3176 3651 τρίτος
3221 3582 3248 3633 6
3282 3580 3494 3643 λοῖσθος
3527 3584 3699 3634 νοοῖτο
3732 3582 3780 3634 δ’

2191 3678 2257 3733 ἂν
2291 3677 2365 3741 ὡς
2403 3679 2462 3730 ὲν
2498 3675 2828 3739 τελευταίοις
2874 3673 3078 3743 Ἰάφεθ,
3119 3673 3177 3738 δς
3219 3672 3583 3745 ἑρμηνεύεται
3624 3677 3783 3728 πλα-

2190 3771 2442 3839 τυσμός.
2483 3767 2700 3838 Ἐπειδὴ
2725 3766 2779 3820 δὲ
2804 3767 2934 3837 ἡμῖν
2960 3765 3311 3835 ἀπεκάλυψεν
3340 3767 3367 3819 ό
3396 3764 3529 3829 Θεὸς
3550 3767 3644 3819 καὶ
3669 3766 3782 3819 Πα-

2191 3861 2296 3934 τὴρ
2332 3861 2423 3914 τὸν
2466 3859 2596 3914 ἴδιον
2624 3860 2784 3925 Υίὸν,
2829 3858 2888 3922 ὃς
2923 3858 3012 3912 διὰ
3058 3858 3252 3930 μηρῶν
3287 3859 3647 3929 σημαίνεται,
3684 3860 3784 3912 καὶ

2191 3958 2313 4012 ὅσον
2349 3950 2484 4029 ἧκεν
2514 3956 2690 4010 εἰπεῖν
2718 3955 2797 4017 είς
2826 3952 2888 4007 τὸ
2923 3952 3110 4022 νοητὸν
3139 3950 3240 4021 τῆς
3272 3949 3523 4021 θεότητος
3560 3949 3781 4014 κάλλος,

2190 4046 2478 4121 ἀσχήμονά
2512 4062 2572 4100 τε
2593 4047 2690 4100 καὶ
2728 4044 2941 4116 ἀτερπῆ
2971 4043 3060 4097 διὰ
3093 4042 3152 4096 τὸ
3180 4040 3540 4113 ἀνθρώπινον·
3586 4060 3605 4094 ι
3640 4042 3781 4097 Οὐδὲ

2190 4140 2300 4213 γὰρ
2332 4134 2480 4211 εῖχεν
2535 4133 2697 4201 εἶδος,
2743 4135 2863 4191 οὐδὲ
2920 4135 3134 4199 κάλλος,
3170 4154 3188 4186 ι
3221 4134 3360 4188 κατὰ
3390 4134 3488 4206 τὴν
3516 4133 3612 4189 τοῦ
3644 4151 3782 4206 προ-

2192 4233 2361 4302 φήτου
2418 4233 2639 4301 φωνήψ
2694 4230 2815 4284 τότε
2856 4227 2926 4299 δὴ
2963 4228 3104 4293 τότε,
3150 4226 3296 4281 καθὰ
3331 4226 3426 4280 καὶ
3476 4224 3616 4297 αὐτὴ
3666 4224 3780 4279 τῶν

2193 4320 2535 4392 πραγμάτων
2584 4321 3084 4393 ἐπιμαρτυρήσειεν
3131 4317 3197 4373 ἂν
3242 4318 3276 4389 ἠ
3317 4315 3567 4380 ἔκϐασις,
3606 4316 3634 4368 6
3677 4315 3779 4386 μὲν

2193 4411 2410 4485 πρῶτός
2442 4428 2502 4464 τε
2552 4410 2643 4464 καὶ
2668 4409 2878 4473 λοῖσθος
2910 4409 3060 4472 λαὸς,
3093 4408 3374 4463 τουτέστιν
3395 4449 3410 4474 ,
3450 4408 3500 4460 oi
3538 4409 3595 4461 ὲν
3633 4407 3778 4478 ἀρχῇ

2194 4504 2288 4558 καὶ
2316 4502 2522 4577 πρῶτοι
2549 4501 2959 4565 πιστεύσαντες,
2984 4502 3077 4555 καὶ
3108 4501 3217 4574 μὴν
3255 4501 3350 4554 καὶ
3374 4502 3404 4553 6
3429 4498 3780 4570 κληθησάμε-

2194 4613 2283 4659 νος
2308 4596 2365 4648 ὲν
2401 4594 2669 4665 ἐσχάτοις,
2696 4593 3099 4662 δεδυσώπηνται
3128 4593 3220 4646 τὸν
3271 4591 3640 4663 Ἐμμανουήλ.
3673 4590 3779 4644 Εὐ-

2194 4687 2452 4760 λόγηνται
2478 4686 2533 4739 δὲ
2564 4686 2631 4739 δι’
2655 4685 2819 4740 αὑτοῦ
2848 4686 2999 4757 παρὰ
3024 4686 3118 4740 τοῦ
3147 4684 3281 4740 Θεοῦ
3317 4684 3410 4738 καὶ
3442 4683 3676 4755 Πατρός.
3719 4682 3780 4736 '0

2195 4782 2251 4835 δέ
2298 4799 2362 4851 γε
2403 4784 2516 4835 τοῖν
2559 4779 2705 4833 δυοῖν
2761 4779 2962 4851 μεταξὺ
3016 4780 3293 4849 γεγονὼς,
3350 4776 3779 4848 καταμειδιάσας

2196 4872 2384 4945 ὥσπερ
2418 4872 2659 4944 Χριστοῦ
2690 4872 2778 4926 διὰ
2810 4873 2871 4927 τὸ
2906 4875 3003 4944 τῆς
3048 4870 3466 4944 ἀνθρωπότητος
3511 4867 3775 4932 ἀκαλλὲς,

2196 4967 2291 5019 καὶ
2316 4967 2409 5018 τὸν
2440 4966 2505 5018 ὲκ
2533 4963 2667 5017 Θεοῦ
2700 4964 2978 5034 πεφηνότα
2993 4964 3120 5017 Υἱὸν
3150 4962 3290 5018 κατὰ
3325 4961 3551 5025 πολλοὺς
3580 4958 3781 5030 ἀτιμά-

2192 5072 2288 5121 σας
2309 5056 2565 5129 τρόπους,
2591 5058 2647 5109 ὲν
2674 5054 2751 5125 τῷ
2771 5055 2867 5126 τῆς
2889 5055 3133 5119 δουλείας
3154 5054 3543 5126 ἀπομεμένηκε
3566 5052 3774 5123 τρόπῳ,

2192 5150 2289 5203 καὶ
2319 5150 2416 5221 τῆς
2444 5148 2554 5202 τῶν
2588 5147 2838 5219 πατέρων
2874 5147 3184 5218 ἐλευθερίας
3218 5146 3546 5201 ἀπώλισθεν.
3577 5145 3697 5196 Ὅτι
3719 5142 3778 5195 δὲ

2192 5241 2415 5313 ἔμελλον
2473 5243 2522 5295 οἱ
2571 5243 2630 5295 ὲν
2677 5242 2927 5311 ἐσχάτοις
2984 5242 3197 5309 καιροῖς
3245 5241 3309 5293 ὲκ
3346 5238 3453 5293 τῶν
3506 5236 3778 5292 Ἰουδαίων

2193 5334 2581 5398 πιστεύσαντες
2601 5332 2711 5387 τῶν
2731 5332 2960 5404 πρώτων
2983 5329 3201 5384 ἔσεσθαι
3226 5329 3472 5383 κοινωνοὶ
3498 5328 3780 5398 μονονουχὶ⁵

2195 5426 2287 5482 καὶ
2311 5427 2552 5497 όμέστιοι
2577 5443 2591 5458 ο
2627 5426 2719 5480 ἆτε
2746 5425 2809 5496 δὴ
2841 5425 2933 5479 καὶ
2970 5425 3048 5488 είς
3082 5423 3208 5494 μίαν
3241 5421 3651 5492 συνενεχθέντες
3679 5420 3778 5473 πό-

2194 5517 2297 5581 λιν,
2328 5519 2497 5588 ηγουν
2524 5517 2744 5589 αύλὴνῆ
2776 5516 2980 5577 ἑστίαν,
3005 5514 3249 5568 τουτέστι
3292 5513 3390 5583 τὴν
3428 5511 3774 5583 Ἐκκλησίαν,

2196 5608 2468 5677 ύπέφηνεν
2494 5606 2999 5671 είπὼν,ιΠλατύναι
3031 5607 3058 5659 ὁ
3088 5605 3217 5669 Θεὸς
3248 5604 3324 5675 τῷ
3358 5602 3590 5673 delapso,»
3620 5617 3775 5655 τουτο
