4056 6260
502 380 571 437 79
1535 377 1589 433 Β.
1612 371 1909 431 -CYR~ILLI
1946 371 2088 427 ALE‘

2187 371 2413 427 NDRINI
2452 371 2766 430 ARCHIEP.
3684 371 3759 431 εο

504 514 627 570 quae
662 495 729 553 ad
754 495 920 552 cmlos
960 509 1129 564 usque
1150 492 1524 565 .pertingeret,
1560 491 1831 547 mdiﬁcare
1860 489 2084 544 omnino

2200 488 2555 558 ’Υπειλήφασι
2570 488 2698 559 γὰρ,
2717 487 2816 541 οὐκ
2839 479 2935 539 οἷδ’
2962 485 3130 554 ὅπως,
3150 484 3326 556 πάντη
3341 498 3400 539 τε
3419 486 3517 540 καὶ
3539 487 3759 553 πάντως

504 607 686 663 posse.
705 589 933 645 Fuerint
959 597 1141 642 autem
1169 586 1251 651 hi,
1279 586 1335 639 ni
1374 585 1550 650 fallor,
1582 593 1742 656 typus
1769 582 2082 639 Iudaeorum

508 678 912 750 imprudentius,
941 677 1036 747 qui
1067 691 1125 731 se
1152 675 1453 730 amicitiam
1488 689 1615 728 cum
1645 673 1759 727 Deo
1786 671 1927 726 inire
1946 685 2085 740 pos-

505 785 563 822 se
593 767 1047 838 putabant,atque
1072 773 1285 820 tantum
1311 779 1422 818 non
1445 762 1654 818 aditum
1688 762 1743 816 in
1760 761 1962 817 coelum
1977 760 2082 815 sibi

505 867 775 922 sternere,
804 871 918 912 non
940 872 1004 911 ea
1048 872 1172 927 quae
1192 856 1297 927 ipsi
1325 854 1617 926 placebant
1643 862 1909 925 grataque
1923 858 2084 907 erant

502 948 787 1013 facientes,
825 963 1006 1017 neque
1030 963 1130 1018 per
1173 946 1338 1003 ﬁdem
1380 946 1439 1001 in
1474 945 1800 1012 Christum;
1834 945 1931 1000 sed
1969 945 2085 999 vel-

504 1036 585 1091 uti
633 1036 830 1090 turrim
864 1035 1159 1105 quamdam
1190 1035 1497 1105 erigentes,
1552 1034 1756 1089 nudam
1806 1049 1871 1089 ac
1912 1032 2084 1089 solam

501 1138 722 1199 patrum
760 1143 988 1182 suorum
1008 1127 1256 1198 gloriam,
1283 1134 1338 1181 et
1362 1126 1434 1181 ob
1474 1141 1593 1181 eam
1617 1141 1829 1181 summa
1854 1141 2084 1196 quaeque

504 1219 893 1290 imprudenter
933 1219 1039 1274 sibi
1078 1218 1420 1289 pollicentes.
1468 1217 1673 1274 Passim
1720 1216 1869 1273 enim
1914 1217 2085 1273 Abra-

505 1309 633 1365 ham
661 1312 1030 1374 nominantes,
1065 1317 1120 1363 et
1157 1318 1500 1365 terrenarum
1527 1323 1712 1364 rerum
1734 1308 1958 1380 gloriam
1976 1308 2082 1367 sibi

504 1411 815 1458 astruentes
862 1403 1138 1457 videntur.
1186 1400 1461 1455 Caeterum
1509 1400 1686 1455 iratus
1740 1409 1826 1457 est
1854 1400 1937 1456 eis
1987 1401 2082 1471 qui

507 1495 701 1550 turrim
741 1493 1084 1549 mdificabant
1115 1493 1282 1557 Deus,
1323 1500 1381 1547 et
1424 1493 1483 1545 in
1512 1493 1715 1547 multas
1743 1508 1840 1547 eos
1871 1493 2086 1564 linguas

502 1587 709 1642 divisit.
773 1585 930 1653 Quod
995 1600 1128 1639 vero
1182 1584 1292 1639 illis
1346 1584 1550 1639 accidit
1596 1593 1730 1639 tunc
1797 1587 2081 1657 temporis,

502 1678 786 1748 praedictio
832 1677 940 1732 fuit
973 1689 1167 1731 eorum
1201 1690 1324 1745 qua:
1358 1674 1560 1731 Iudaeis
1578 1684 1909 1732 evenerunt:
1950 1677 2084 1732 sub-

502 1771 655 1826 limia
685 1769 838 1825 enim
872 1765 1175 1822 admodum
1209 1765 1542 1836 cogitantes,
1590 1773 1648 1821 et
1683 1780 1783 1836 per
1810 1780 1932 1835 quae
1976 1765 2083 1819 mi-

490 1863 655 1918 ».nime
690 1866 910 1931 oportet
931 1858 1141 1912 aditum
1165 1857 1271 1913 sibi
1294 1856 1368 1912 ad
1400 1857 1601 1913 omium
1621 1867 1900 1928 parantes,
1921 1857 2083 1913 dissi-
2117 1838 2158 1895 Β

504 1952 617 2024 pati
645 1957 773 2007 sunt
794 1949 851 2004 in
869 1949 1050 2005 varias
1076 1948 1311 2020 linguas,
1343 1948 1449 2004 hoc
1472 1957 1577 2015 est,
1628 1948 1684 2003 in
1725 1963 1918 2005 omnes
1950 1964 2082 2021 gen-

490 2053 611 2100 .tes.
646 2040 890 2113 Dispersi
916 2041 1065 2096 enim
1109 2047 1240 2097 sunt
1275 2055 1373 2096 sua
1398 2039 1641 2110 regione,
1692 2039 1832 2097 urbe
1874 2054 1941 2094 ac
1982 2040 2081 2095 do-

504 2136 690 2192 mibus
716 2133 955 2206 expulsi,
995 2140 1052 2189 et
1091 2132 1224 2189 facti
1263 2141 1396 2189 sunt
1438 2132 1660 2188 erronei
1700 2131 1757 2187 in
1802 2131 2081 2204 gentibus,

498 2232 654 2301 juxta
679 2227 971 2299 Prophetae
1000 2241 1188 2282 vocem
1220 2225 1287 2281 ⁸⁸.
1328 2225 1603 2282 Caeterum
1650 2225 1708 2280 in
1734 2224 1956 2282 Christo
1990 2240 2085 2280 va-

489 2321 672 2377 .rietas
699 2319 1016 2389 linguarum
1040 2318 1250 2373 bonum
1273 2318 1493 2389 signum
1541 2324 1682 2372 erat.
1731 2315 2085 2387 Congregatis

503 2413 654 2468 enim
704 2409 992 2480 discipulis
1016 2409 1485 2464 diePentecostes
1521 2407 1577 2461 in
1608 2421 1777 2462 unam
1826 2406 2081 2462 domum:

436 2543 442 2547 .
510 2525 533 2557 4
555 2505 757 2561 Factus
770 2510 875 2569 est,
905 2522 923 2555 ι
956 2501 1156 2572 inquit,
1194 2520 1212 2552 ι
1235 2509 1462 2572 repente
1483 2500 1559 2556 de
1585 2499 1726 2556 cutio
1746 2514 1916 2556 sonus
1960 2507 2084 2555 tan-

506 2610 672 2667 quam
698 2594 909 2664 impetu
936 2591 1212 2648 venientis
1243 2589 1406 2647 ﬂatus
1424 2589 1789 2657 vehementis,
1823 2597 1881 2645 et
1904 2589 2084 2661 reple-

505 2687 588 2742 vit
616 2695 788 2742 totam
805 2687 1032 2741 domum
1056 2683 1152 2739 ubi
1184 2691 1346 2740 erant
1370 2683 1645 2739 sedentes.
1693 2681 1762 2738 Et
1804 2682 1936 2765 visa:
1956 2691 2088 2739 sunt

505 2779 619 2836 illis
650 2778 905 2834 dissectaa
957 2777 1158 2849 linguae
1196 2776 1349 2831 velut
1387 2776 1580 2847 ignea),
1607 2774 1861 2845 seditque
1921 2788 2087 2845 super

502 2867 756 2940 singulos
772 2881 988 2933 eorum,
1008 2874 1070 2922 et
1088 2866 1284 2937 repleti
1315 2872 1444 2921 sunt
1472 2880 1664 2921 omnes
1713 2864 1919 2935 Spiritu
1964 2879 2090 2919 san-

502 2969 617 3025 cto,
639 2966 1043 3030 cmperuntque
1083 2957 1235 3027 loqui
1287 2956 1415 3012 aliis
1442 2956 1668 3028 linguis,
1710 2963 1876 3027 prout
1915 2954 2088 3025 Spiri-

504 3058 598 3106 tus
618 3049 787 3106 dabat
804 3048 990 3120 eloqui
1023 3047 1139 3103 illis
1165 3047 1232 3100 5".
1256 3065 1276 3099 ›
1333 3044 1477 3113 Quid
1502 3062 1639 3102 vero
1677 3043 2088 3116 loquebantur?

504 3143 890 3233 suppeditante
929 3140 1319 3233 ipsisquiritu
1368 3138 1590 3233 aditum
1639 3137 1710 3192 ad
1746 3152 2005 3233 superna,
2029 3144 2088 3191 et
2113 3173 2157 3233 α

505 3248 796 3292 ascensum
816 3232 873 3286 in
899 3232 1068 3286 caelos
1085 3231 1143 3285 in
1162 3230 1384 3286 Christo
1403 3245 1502 3300 per
1520 3229 1706 3293 fidem,
1728 3228 2086 3298 omniumque

506 3343 608 3399 per
636 3324 958 3380 universum
983 3320 1175 3376 orbem
1207 3328 1475 3376 terrarum
1500 3318 1829 3390 linguarum,
1855 3318 1971 3374 sive
1989 3332 2089 3388 po-

507 3417 786 3489 pulorum,
810 3413 925 3485 sive
974 3412 1215 3482 gentium
1242 3408 1299 3464 in
1353 3408 1619 3464 unitatem
1662 3421 1991 3463 concursum
2029 3406 2088 3461 in

509 3506 744 3577 Spiritu.
765 3500 1146 3559 Confitebatur
1186 3498 1336 3556 enim
1380 3499 1561 3554 omnis
1588 3497 1776 3568 lingua
1800 3496 2087 3553 hominum

506 3596 751 3662 Christo,
801 3594 1086 3666 ipsiusque
1123 3591 1383 3663 mysteria
1426 3589 1776 3661 loquebatur.
1818 3587 2088 3656 Quocirca

505 3689 747 3746 varietas
768 3686 993 3759 quidem
1014 3685 1327 3757 linguarum
1353 3683 1412 3739 in
1440 3683 1578 3740 turri
1603 3682 1820 3754 signum
1835 3689 1952 3738 erat
1976 3681 2089 3738 dis-

507 3780 800 3853 sipationis
858 3793 923 3834 ac
968 3774 1371 3849 profugationis
1415 3775 1475 3831 in
1536 3789 1731 3830 omnes
1777 3782 2002 3846 gentes:
2028 3774 2088 3830 in

506 3873 726 3931 Christo
767 3886 902 3928 vero
942 3870 1158 3943 signum
1218 3882 1520 3926 concursus
1576 3866 1634 3921 in
1671 3865 1940 3922 unitatem
1988 3880 2092 3937 per

507 3966 803 4037 Spiritum.
829 3970 1158 4020 etaccessus
1177 3961 1245 4018 ad
1280 3961 1503 4019 coelum.
1529 3959 1733 4016 Factus
1746 3958 1899 4015 enim
1924 3958 2089 4017 nobis

506 4064 595 4113 est
612 4055 866 4112 Christus
888 4074 906 4106 ι
932 4053 1103 4110 turris
1141 4052 1506 4119 fortitudinis,
1528 4070 1549 4104 ι
1586 4053 1743 4125 juxta
1767 4050 1880 4124 ἥδ
1924 4050 2085 4108 Psal-

510 4145 687 4201 mistae
722 4160 914 4200 vocem
950 4145 1017 4206 ",
1047 4145 1105 4197 in
1143 4159 1436 4212 supernam
1478 4143 1759 4199 civitatem
1804 4142 2087 4198 transmit-

509 4246 654 4301 tens,
692 4243 750 4289 et
793 4240 1111 4289 sanctorum
1167 4232 1487 4303 angelorum
1525 4232 1713 4287 choris
1747 4233 2084 4302 conjungens

509 4340 608 4381 eos
634 4324 729 4395 qui
751 4323 809 4377 in
846 4321 1013 4378 terris
1044 4321 1269 4392 degunt.

2188 578 2425 650 ἰσχύσειν
2512 580 2608 633 καὶ
2679 578 2839 650 ἄχρις
2889 576 2956 633 ἂν
2998 578 3177 633 αὐτῶν
3239 579 3485 651 οὐρανῶν
3545 580 3639 634 τὸν
3694 582 3761 636 ἐκ

2184 667 2406 722 πλίνθου
2436 685 2496 722 τε
2521 668 2615 722 καὶ
2649 668 2752 739 γῆς
2780 667 3174 739 ἀναδείμασθαι
3205 667 3435 739 πύργον.
3466 664 3589 722 Εἶεν
3616 669 3659 722 δ’
3692 669 3762 724 ἂν

2184 760 2264 822 εἰς
2283 759 2470 825 τύπον,
2489 754 2641 829 οἶμαι
2660 776 2786 824 που,
2810 759 2904 812 καὶ
2928 759 3083 813 αὐτοὶ
3096 758 3160 831 δὴ
3184 759 3345 812 πάλιν
3360 759 3462 829 τῆς
3493 759 3762 814 Ἰουδαίων

2184 853 2497 918 ἀσυνεσίας,
2521 853 2772 924 εὑρήσειν
2802 850 3177 923 ὑπειληφότων
3204 851 3303 921 τὴν
3338 851 3473 921 πρὸς
3513 850 3646 905 Θεὸν
3682 853 3762 904 οε-

2184 942 2472 1014 κειότητα·
2510 941 2796 1013 μονονουχὶ
2821 941 2893 995 -δέ
2933 941 3029 995 καὶ
3069 940 3239 1012 αὐτὴν
3274 941 3374 1012 τὴν
3415 942 3495 1005 είς
3541 940 3611 994 τὰ
3648 938 3763 993 ἄνω

2185 1036 2438 1108 πορείαν,
2470 1035 2531 1089 οὐ
2562 1034 2651 1089 διά
2678 1050 2744 1103 γε
2776 1032 2869 1087 τοῦ
2909 1034 3041 1105 δρᾷν
3073 1032 3290 1086 ἑλέσθαι
3315 1032 3475 1104 τυχὸν
3510 1031 3579 1086 τὰ
3611 1030 3765 1102 αὺτῷ

2182 1127 2441 1183 δοκοῦντα
2465 1127 2558 1182 καὶ
2580 1126 2725 1198 φίλα,
2749 1125 2873 1179 οὔτε
2898 1125 3003 1197 μὴν
3026 1125 3116 1179 διὰ
3140 1126 3374 1189 πίστεως
3401 1128 3500 1197 τῆς
3526 1127 3605 1190 εἰς
3622 1126 3764 1196 Χρι-

2186 1221 2330 1288 στὸν,
2351 1221 2465 1276 ἀλλ’
2494 1221 2685 1292 ὥσπερ
2704 1218 2827 1273 τινὰ
2849 1217 3061 1290 πύργον
3089 1217 3502 1284 ἐξανιστάντων,
3533 1217 3763 1290 ἀμαθῶς

2184 1315 2243 1368 τὸ
2268 1314 2360 1367 ἐπὶ
2384 1316 2564 1386 γυμνῇ
2613 1312 2708 1366 καὶ
2738 1311 2872 1383 μόνῃ
2899 1312 2965 1382 τῇ
2987 1310 3096 1364 τῶν
3117 1310 3370 1382 πατέρων
3390 1310 3609 1381 εὐκλείᾳ
3628 1325 3764 1380 φρο-

2185 1407 2343 1476 νῆσαι
2367 1405 2434 1458 τὰ
2465 1403 2664 1476 ὑψηλά.
2700 1403 2848 1458 ’Δνω
2871 1419 2932 1456 τε
2961 1401 3070 1473 γὰρ
3090 1401 3185 1456 καὶ
3214 1403 3365 1457 κάτω
3386 1403 3476 1455 τὸν
3510 1402 3764 1473 ’Δὸραὰμ

2184 1497 2540 1569 ὀνομάζοντες
2558 1536 2573 1563 ,
2602 1496 2697 1552 καὶ
2727 1495 2935 1567 γηΐνοις
2968 1494 3250 1565 αὐχήμασι
3273 1492 3372 1565 τὴν
3404 1493 3540 1548 ἰδίαν
3571 1494 3763 1563 ὥσπερ

2185 1589 2590 1660 οίκοδομοῦντες
2618 1587 2798 1655 δόξαν,
2829 1586 2915 1639 ἀεί
2944 1603 3060 1649 πως
3087 1585 3571 1655 κατεγινώσκοντο.
3618 1584 3761 1638 Ἀλλ’

2185 1679 2422 1751 ἐπετίμα
2453 1679 2550 1749 μὲν
2581 1681 2694 1741 τοῖς
2721 1677 2811 1731 τὸν
2850 1676 3057 1748 πύργον
3080 1676 3515 1748 τεκταινομένοις
3546 1679 3575 1730 ὁ
3605 1675 3760 1741 Θεὸς,

2186 1772 2280 1827 καὶ
2302 1774 2383 1837 είς
2411 1771 2610 1837 πολλὰς
2636 1771 2831 1833 αὐτοὺς
2861 1768 3189 1840 κατεμέριζε
3220 1767 3490 1837 γλώσσας.
3523 1770 3765 1840 Προανα-

2186 1864 2427 1937 φὼνησιν
2449 1862 2507 1916 δὲ
2541 1862 2728 1933 ῶσπερ
2752 1860 2874 1914 τινὰ
2900 1859 3151 1930 γενέσθαι
3182 1858 3382 1929 φαμὲν,
3418 1859 3480 1912 τδ
3507 1859 3594 1912 ἐπ’
3620 1858 3766 1913 ἐκεί-

2166 1972 2296 2018 .νοις
2332 1954 2472 2020 τότε,
2516 1952 2625 2007 τῶν
2658 1954 2769 2016 τοῖς
2811 1950 3087 2013 Ἰουδαίοις
3135 1947 3581 2019 συμϐεϐηκότων.
3625 1950 3764 2021 Φρο-

2162 2045 2410 2111 -νοῦντας
2429 2043 2538 2116 γὰρ
2561 2044 2684 2099 λίαν
2703 2044 2773 2097 τὰ
2800 2042 3001 2115 ὑψηλὰ,
3023 2041 3118 2095 καὶ
3135 2039 3202 2095 δι’
3224 2032 3299 2094 ὧν
3321 2041 3521 2111 ἥκιστα
3540 2039 3648 2113 χρὴ
3662 2040 3764 2111 τὴν

2185 2142 2264 2204 είς
2309 2139 2380 2194 τὰ
2420 2139 2532 2194 ἄνω
2577 2138 2875 2210 ζητοῦντας
2927 2135 3186 2207 πορείαν,
3232 2133 3630 2189 κατεσκέδασεν
3680 2135 3762 2198 είς

2183 2228 2615 2300 πολυγλωσσίαν,
2642 2227 2943 2289 τουτέστιν,
2960 2226 3040 2288 εἰς
3063 2223 3244 2278 πάντα
3262 2223 3333 2279 τὰ
3356 2222 3506 2295 ἔθνη.
3529 2223 3764 2277 Διεσπά-

2189 2338 2358 2396 ρησαν
2385 2320 2494 2391 γὰρ
2519 2318 2705 2390 χώρας
2729 2334 2789 2371 τε
2806 2317 2911 2389 ,τῆς
2938 2315 3087 2385 σφῶν
3114 2316 3210 2370 καὶ
3231 2315 3457 2380 πόλεως,
3484 2315 3579 2370 καὶ
3598 2316 3763 2369 οἴκων

2185 2412 2369 2484 ἀπηλα
2376 2412 2547 2483 μένοι,
2562 2410 2657 2464 καὶ
2667 2409 2923 2479 γεγόνασι
2935 2407 3203 2478 πλανῆται
3215 2408 3396 2473 ἐντοῖς
3407 2408 3607 2474 ἔθνεσι,
3620 2407 3764 2462 κατὰ

2185 2503 2283 2577 τὴν
2313 2503 2599 2575 Προφήτου
2630 2494 2835 2572 φωνήν.
2874 2500 3014 2555 Ἀλλ’
3042 2502 3101 2554 ἐν
3123 2498 3345 2573 Χριστῷ
3369 2499 3430 2553 τὸ
3450 2499 3765 2569 πολύγλωσ-

2187 2611 2299 2660 σον,
2325 2596 2548 2665 σημεῖον
2571 2589 2640 2665 ἦν
2665 2593 2887 2663 ἀγαθόν.
2917 2592 3284 2663 Συνηγμένων
3311 2592 3421 2663 γὰρ
3444 2591 3554 2646 τῶν
3588 2592 3766 2665 μαθη-

2185 2681 2295 2736 τῶν
2326 2682 2469 2736 κατὰ
2489 2682 2590 2753 τὴν
2612 2682 2828 2754 ἡμέραν
2842 2684 2942 2753 τῆς
2968 2681 3358 2751 Πεντηκοστῆς
3381 2683 3460 2746 είς
3478 2677 3625 2737 οἷκον
3644 2682 3762 2736 ἕνα*

2192 2786 2212 2821 ι
2252 2769 2517 2839 Ἐγένετο,
2567 2790 2587 2824 ι
2636 2772 2822 2842 φησὶν,
2860 2789 2880 2824 ι
2917 2773 2983 2825 ἐκ
3012 2770 3111 2824 τοῦ
3141 2770 3372 2842 ούρανοῦ
3413 2772 3566 2843 ἄφνω
3609 2768 3763 2846 ἦχος,

2186 2862 2376 2935 ὥσπερ
2405 2863 2710 2937 φερομένης
2738 2863 2908 2934 πνοῆς
2943 2863 3142 2935 βιαίας,
3184 2866 3278 2919 καὶ
3303 2865 3622 2938 ἐπλήρωσεν
3646 2867 3768 2921 ὅλον

2186 2953 2279 3007 τὸν
2314 2950 2463 3007 οἷκον
2504 2947 2564 3008 οὗ
2598 2952 2740 3027 ἦσαν
2779 2955 3101 3027 καθήμενοι.
3126 2958 3243 3012 Καὶ
3284 2954 3545 3026 ὤφθησαν
3580 2957 3769 3022 αὐτοῖς

2186 3044 2634 3118 διαμεριζόμεναι
2666 3046 2909 3115 γλῶσσαι
2954 3047 3084 3102 ὡσεὶ
3115 3048 3307 3120 πυρὸς,
3338 3049 3561 3103 ἐκάθισὲ
3587 3066 3645 3102 τε
3679 3050 3766 3120 ἐφ’

2187 3137 2285 3193 ἕνα
2310 3137 2540 3192 ἕκαστον
2569 3138 2771 3206 αὐτῶν,
2812 3139 2909 3193 καὶ
2942 3138 3292 3211 ἐπλήσθησαν
3318 3139 3559 3205 ἅπαντες
3597 3139 3769 3194 Πνεύ-

2194 3246 2362 3301 ματος
2401 3229 2584 3298 ἁγίου,
2627 3230 2722 3283 καὶ
2754 3229 2988 3302 ἤρξαντο
3019 3231 3199 3285 λαλεῖν
3224 3231 3440 3304 ἑτέραις
3469 3231 3765 3301 γλώσσαις,

2190 3320 2371 3386 καθὼς
2402 3321 2465 3375 τὸ
2489 3320 2715 3393 Πνεῦμα
2739 3322 2913 3376 ἐδίδου
2937 3324 3125 3388 αὐτοῖς
3153 3323 3614 3395 ἀποφθέγγεσθαι.
3652 3343 3672 3377 ι
3703 3325 3769 3379 Τί

2189 3412 2249 3467 δὲ
2277 3412 2341 3485 δὴ
2369 3412 2467 3467 καὶ
2499 3413 2755 3480 ἐλάλουν;
2786 3415 3148 3487 χορηγοῦντος
3187 3417 3282 3471 τοῦ
3316 3417 3633 3489 Πνεύματος
3669 3417 3770 3490 τὴν

2191 3504 2272 3567 είς
2302 3502 2373 3557 τὰ
2410 3502 2524 3557 ἅνω
2555 3503 2780 3576 πορείαν
2800 3546 2814 3570 ,
2843 3505 2944 3578 τὴν
2986 3507 3066 3570 εἰς
3096 3506 3362 3578 οὐρανοὺς
3404 3506 3671 3561 ἀνάϐασιν
3709 3509 3771 3563 ἐν

2191 3591 2415 3665 Χριστῷ
2455 3592 2544 3675 διὰ
2593 3594 2859 3659 πίστεως,
2892 3594 2993 3665 τὴν
3026 3595 3286 3652 ἁπάντων
3330 3596 3440 3651 τῶν
3481 3597 3624 3653 κατὰ
3668 3598 3770 3671 τήν

2189 3685 2513 3757 οἰκουμένην
2539 3687 2800 3755 γλωσσῶν
2822 3728 2836 3748 ,
2863 3689 2981 3760 ἦτοι
3010 3689 3208 3761 λαῶνῆ
3238 3691 3409 3745 ἐθνῶν
3441 3693 3521 3755 εἰς
3544 3691 3771 3763 ἑνότητα

2193 3775 2498 3847 συνδρομὴν
2539 3777 2598 3831 ἐν
2646 3777 2943 3849 Πνεύματι.
2990 3778 3411 3851 Ἐξωμολογεῖτο
3440 3783 3550 3852 γὰρ
3581 3782 3770 3836 ἅπασα

2190 3866 2414 3937 γλῶσσα
2447 3868 2655 3941 βροτῶν
2678 3869 2758 3941 τῷ
2783 3870 3023 3943 Χριστῷ,
3051 3872 3146 3926 καὶ
3170 3872 3239 3927 τὰ
3267 3873 3430 3928 αὐτοῦ
3456 3875 3637 3929 ἐλάλει
3671 3893 3771 3945 μυ-

2193 3959 2413 4031 στήρια.
2457 3960 2666 4015 Οὐκοῦν
2697 3961 2791 4015 ἐπὶ
2833 3962 2933 4033 μὲν
2960 3963 3054 4017 τοῦ
3094 3963 3305 4038 πύργου
3337 3965 3645 4038 σκεδασμοῦ
3675 3969 3770 4022 καὶ

2193 4050 2513 4123 ἁποδρομῆς
2561 4052 2660 4125 τῆς
2701 4056 2783 4118 είς
2827 4055 3004 4109 πάντα
3052 4055 3121 4110 τὰ
3161 4055 3326 4125 ἔθνη.
3362 4061 3591 4129 σημεῖον
3632 4054 3701 4130 ἦν
3733 4062 3768 4131 η

2193 4140 2592 4212 πολυγλωσσία·
2619 4145 2712 4198 ἐπὶ⁹
2733 4143 2790 4198 δὲ
2816 4145 2907 4200 τοῦ
2929 4146 3189 4218 Χριστοῦ,
3204 4149 3303 4221 τῆς
3323 4150 3404 4214 είς
3428 4151 3654 4222 ἑνότητα
3681 4152 3768 4207 διὰ

2192 4232 2510 4304 Πνεύματος
2544 4236 2880 4309 συνδρομῆς,
2905 4240 3002 4293 καὶ
3042 4239 3145 4310 τῆς
3174 4243 3254 4305 εἰς
3284 4242 3353 4296 τὰ
3378 4244 3490 4298 ἄνω
3517 4244 3763 4317 πορείας.

2189 4320 2384 4392 Γέγονε
2412 4325 2520 4397 γὰρ
2550 4329 2680 4397 ήμῖν
2704 4331 2733 4383 ὁ
2762 4330 3015 4402 Χριστὸς,
3048 4350 3067 4384 ι
3101 4332 3310 4404 πύργος
3340 4334 3541 4406 ἰσχύος,
3582 4355 3601 4390 ι
3630 4336 3767 4392 κατὰ

507 4419 610 4490 τὴν
645 4416 741 4471 τοῦ
775 4415 1086 4481 Ψάλλοντος
1118 4415 1323 4488 φωνὴν,
1358 4416 1439 4481 είς
1466 4415 1564 4487 τὴν
1600 4414 1712 4472 ἄνω
1754 4414 2087 4487 διακομίζων
2125 4415 2301 4484 πόλιν,
2339 4421 2434 4475 καὶ
2463 4424 2576 4485 τοῖς
2599 4423 2708 4478 τῶν
2762 4425 2932 4494 ἁγίων
2995 4429 3243 4498 ἀγγέλων
3277 4434 3563 4489 συνάπτων
3591 4437 3767 4509 χοροῖς

511 4515 639 4579 τοὺς
674 4512 768 4567 ἐπὶ
796 4512 899 4584 τῆς
937 4511 1062 4583 γῆς.

863 4664 943 4721 De
970 4664 1240 4722 Abraham
1272 4668 1333 4720 'et
1368 4665 1726 4722 Melchisedec.

580 4780 635 4835 1.
676 4776 877 4848 Legem
912 4776 1139 4847 quidem
1169 4776 1224 4832 in
1265 4777 1539 4833 auxilium
1586 4776 1741 4833 dedit
1793 4777 2085 4833 universo-

508 4887 633 4929 rum
663 4868 949 4925 Dominus.
986 4867 1064 4923 Ita
1091 4868 1241 4922 enim
1278 4868 1542 4938 scriptum
1576 4876 1661 4923 cst
1694 4868 1782 4924 ⁸⁶’.
1817 4866 2088 4923 ϐεειετιιω

509 4965 659 5038 quod
682 4965 770 5019 lex
789 4961 946 5033 quasi
966 4974 1173 5031 pueros
1202 4959 1461 5025 instruat,
1505 4959 1709 5015 Christi
1774 4973 1908 5015 vero
1966 4973 2087 5029 my-

510 5058 739 5116 sterium
802 5052 1069 5124 perﬁciat,
1102 5066 1450 5122 nequaquam
1514 5049 1733 5106 difficile
1794 5048 1961 5104 fuerit
2019 5064 2088 5104 ex

511 5149 648 5220 ipsis
676 5145 849 5203 sacris
887 5144 1113 5199 Litteris
1149 5142 1357 5209 videre,
1423 5143 1652 5214 ejusque
1705 5139 2087 5212 probationem

511 5239 640 5293 inde
670 5244 940 5307 petentes,
982 5243 1039 5289 et
1071 5233 1358 5289 verissima
1407 5233 1745 5303 colligentes.
1788 5230 2086 5287 Suffecerit

514 5336 721 5389 autem,
750 5336 812 5380 ut
834 5325 1100 5391 arbitror,
1138 5324 1361 5380 divinus
1389 5323 1614 5388 Paulus,
1635 5322 1828 5378 dicens
1844 5321 1913 5377 de
1947 5321 2086 5376 duo-

525 5418 628 5472 bus
659 5414 1024 5470 Testamentis
1059 5433 1071 5468 :
1115 5434 1134 5467 ι
1155 5414 1455 5487 Abrogatio
1491 5413 1715 5485 quidem
1766 5413 1839 5479 sit
1875 5428 2084 5484 praece-

520 5507 702 5563 dentis
722 5504 980 5571 mandati,
1008 5507 1079 5561 ob
1111 5507 1489 5565 infirmitatem
1511 5508 1653 5579 ejus,
1689 5515 1854 5578 atque
1910 5507 2082 5562 inuti—

515 5600 744 5656 litatem.
775 5596 923 5651 Nihil
948 5598 1095 5652 enim
1115 5600 1345 5667 perfecit
1367 5602 1480 5657 lex:
1533 5599 1949 5672 superinduclio
1984 5615 2085 5653 au-

2348 4666 2486 4734 Περί
2522 4668 2629 4722 τοῦ
2667 4669 2916 4739 Ἀϐραὰμ
2947 4670 3044 4726 καί
3081 4672 3188 4728 τοῦ
3216 4679 3613 4747 Μελχισεδέκ.

2266 4781 2335 4829 α’.
2377 4775 2559 4847 Νόμον
2606 4778 2704 4848 μὲν
2750 4780 2830 4843 είς
2862 4780 3113 4852 βοήθειαν
3145 4783 3374 4840 δέδωκεν
3414 4790 3446 4842 ό
3488 4791 3598 4844 τῶν
3634 4792 3771 4847 ὅλων

2195 4865 2357 4931 Θεός·
2391 4867 2700 4939 γέγραπται
2737 4869 2846 4942 γὰρ
2874 4871 2988 4925 ὡδί.
3024 4874 3171 4945 Πλὴν
3210 4878 3290 4930 ὅτι
3321 4882 3646 4952 παιδοκομεῖ
3673 4884 3771 4954 μὲν

2193 4959 2223 5010 ὁ
2267 4958 2450 5029 νόμος,
2499 4961 2696 5014 τελειοῖ
2728 4961 2785 5015 δέ
2825 4962 3008 5018 λοιπὸν
3052 4965 3114 5020 τδ
3158 4969 3397 5041 Χριστοῦ
3446 4977 3768 5048 μυστήριον,

2194 5049 2427 5119 χαλεπὸν
2451 5050 2602 5105 οὐδὲν
2642 5052 2702 5118 ἐξ
2734 5054 2913 5110 αὐτῶν
2951 5059 3101 5127 ἡμᾶς
3130 5061 3423 5134 καταθρεῖν
3463 5066 3571 5120 τῶν
3608 5068 3772 5140 ἱερῶν

2196 5143 2572 5213 Γραμμάτων,
2610 5144 2709 5216 τὴν
2738 5146 2831 5199 ἐπὶ
2867 5149 3001 5219 τῷδε
3033 5153 3215 5206 πίστιν
3247 5156 3665 5229 ἐρανιζομὲνους
3707 5158 3771 5217 εὗ

2198 5232 2364 5303 μάλα,
2403 5236 2583 5290 καὶτὰ
2608 5236 2782 5309 ἀληθῆ
2818 5240 3171 5310 συλλέγοντας
3190 5261 3204 5275 ο
3234 5246 3449 5319 ἀπόχρη
3487 5249 3564 5313 δὲ,
3590 5246 3768 5320 οἶμαι,

2194 5328 2288 5380 καὶ
2324 5329 2352 5381 ό
2397 5327 2681 5393 θεσπέσιος
2711 5331 2885 5400 λέγων
2915 5335 3123 5398 Παῦλος
3153 5339 3279 5409 περὶ
3311 5344 3430 5393 ταῖν
3473 5341 3619 5394 δυοῖν
3656 5344 3775 5397 δια-

2193 5414 2420 5486 θήκαιν·
2469 5436 2488 5469 ι
2550 5418 2831 5491 ’Λθὲτησις
2878 5422 2977 5493 μὲν
3015 5424 3123 5496 γὰρ
3159 5427 3367 5496 γίνεται
3420 5432 3775 5502 προαγούσης

2191 5506 2411 5577 ἐντολῆς
2450 5508 2534 5561 διὰ
2569 5509 2631 5563 τὸ
2662 5513 2829 5583 αὐτῆς
2873 5515 3096 5579 ἀσθενὲς
3145 5520 3236 5571 καὶ
3275 5519 3566 5588 ἀνωφελές.
3602 5523 3777 5579 Οὐδὲν

2193 5599 2303 5668 γὰρ
2336 5598 2645 5654 ἐτελείωσεν
2686 5605 2715 5656 ὁ
2746 5606 2908 5674 νόμος
2929 5623 2942 5637 ο
2980 5610 3326 5681 ἐπεισαγωγὴ
3369 5611 3425 5665 δὲ
3458 5612 3777 5683 κρείττονος

582 5776 631 5812 ⁵⁸
674 5780 821 5839 Psal.
862 5781 1053 5850 cv,41.
1130 5783 1175 5816 ⁸⁸
1208 5784 1328 5842 Act.
1364 5801 1421 5853 ιι,
1451 5786 1572 5843 2-4.
1648 5788 1856 5845 "Psal.
1884 5802 1972 5853 ιι,
2020 5785 2075 5840 4.

2187 5785 2221 5819 ν
2252 5784 2427 5844 Galat.
2457 5805 2534 5858 nr,
2570 5790 2662 5846 24.
