4056 6260
295 369 384 431 ’81
1328 365 1850 425 GLAPHYRORUM
1888 365 1954 422 IN
1993 364 2294 422 GENESIM
2336 366 2463 424 Ll'B.
2506 368 2572 424 lf.
3518 372 3589 432 32

319 483 577 551 ὶλπίδος,
608 482 678 539 δι’
699 476 770 558 ἧς
799 480 1086 554 ἐγγίζομεν
1122 478 1201 551 τῷ
1223 479 1363 551 Θεῷ.
1409 499 1430 534 ι
1465 479 1676 536 Οὐκοῦν
1706 481 1773 535 τοι
1809 481 1902 553 μέν

2014 486 2125 533 tem
2173 480 2418 536 melioris
2441 482 2578 552 spei,
2612 497 2709 553 per
2740 499 2905 555 quam
2958 485 3462 558 appropinquamus
3518 492 3586 544 ad

319 592 410 639 τις
456 574 552 629 καὶ
603 572 752 650 μάλα
805 573 1001 645 ῥᾳδίως
1041 572 1121 635 είς
1156 571 1467 643 οἰκειότητα
1511 572 1612 643 τὴν
1646 573 1723 637 ὡς
1770 573 1909 645 πρὸς

320 666 483 734 Θεὸν,
512 666 574 719 ού
605 666 697 721 διά
718 683 782 735 γε
810 667 911 736 τῆς
941 663 1167 737 πρώτης
1202 664 1299 719 καὶ
1325 664 1627 735 Μωσαῑκῆς
1663 663 1907 735 ἐντολῆς

323 756 418 811 διὰ
445 758 546 828 τῆς
571 756 868 827 λεγομένης
892 755 949 809 δὲ
980 755 1306 827 ὲπεισῆχθαι
1330 754 1562 822 ἐλπίδος,
1593 757 1661 827 ἢν
1688 758 1807 820 ταῖς
1827 756 1909 821 είς

324 845 391 899 τὺ
418 845 638 917 ἄμεινον
662 845 867 917 ψήφοις
900 845 1197 917 στεφανοῦν
1235 845 1412 900 ἐδόκει
1448 844 1528 917 τῷ
1562 846 1908 920 μυσταγωγῷ

328 936 467 1008 πρὸς
491 934 750 1008 ἀλήθειαν
776 937 1048 1008 βλέποντι.
1096 935 1423 1008 Ἠθετῆσθαι
1442 935 1503 990 δὲ
1533 936 1723 1006 σαφῶς
1745 937 1817 991 τά
1846 939 1907 992 εν

328 1026 478 1098 νόμῳ
513 1029 668 1099 φησὶ,
704 1030 799 1083 καὶ
842 1030 943 1102 τῆς
986 1028 1335 1102 προαγούσης
1380 1029 1604 1101 ἐντολῆς
1633 1029 1696 1083 τὸ
1738 1029 1908 1101 μηδὲν

328 1120 586 1175 δύνασθαι
615 1122 857 1176 τελειοῦν
882 1121 1224 1195 καθοριζων,
1264 1122 1570 1192 ἐπιστέλλει
1609 1121 1907 1193 Ἑϐραίοις

333 1232 360 1266 ο
383 1214 449 1268 Εἰ
482 1213 594 1285 γὰρ
616 1215 651 1285 ἠ
684 1211 876 1286 πρώτη
906 1214 1087 1285 εκείνη
1118 1210 1189 1287 ἦν
1209 1214 1520 1286 ἄμεμπτος,
1556 1214 1751 1270 οὐκᾶν
1787 1214 1908 1269 δευ-

325 1303 491 1377 τέρας
521 1305 766 1377 ἐζητεῖτο
800 1305 986 1370 τόπος.
1019 1305 1389 1377 Μεμφόμενος
1412 1308 1522 1379 γάρ
1550 1306 1690 1378 αὐτῇ
1720 1305 1869 1374 λέγει
1888 1320 1903 1337 ·

339 1394 469 1449 Ἰδοὺ
497 1395 704 1467 ήμέραι
729 1394 998 1468 ἔρχονται,
1024 1395 1174 1465 λέγει
1212 1395 1421 1469 Κύριος
1438 1435 1455 1460 ,
1480 1396 1575 1452 καὶ
1603 1395 1908 1450 συντελέσω

324 1486 421 1541 ἀπὶ
443 1487 538 1542 τὸν
570 1485 719 1542 οἷκον
763 1487 1002 1560 Ἰσραὴλ,
1036 1487 1132 1542 καὶ
1164 1487 1260 1541 ἀπὶ
1282 1488 1377 1542 τὸν
1397 1482 1547 1544 οἷκον
1594 1486 1765 1543 Ἰούδα
1786 1486 1906 1542 δια⁶

326 1577 503 1650 θήκην
553 1579 786 1652 καινὴν,
828 1579 892 1633 ού
936 1579 1081 1634 κατά
1112 1578 1213 1650 τήν
1235 1578 1505 1651 διαθήκην
1533 1579 1601 1651 ήν
1646 1577 1906 1650 διαθιμην

324 1672 437 1735 τοῖς
470 1672 747 1742 πατράσιν
775 1671 963 1726 αὐτῶν
982 1673 1041 1726 ἐν
1061 1672 1243 1745 ήμέρᾳ
1262 1673 1653 1746 ἔπιλαδομένου
1677 1689 1783 1745 μου
1802 1672 1907 1742 τῆς

326 1760 509 1833 χειρὸς
549 1761 771 1828 abuius,
803 1762 1091 1833 ἐξαγαγεὶν
1121 1764 1321 1828 αὐτοὺς
1352 1765 1420 1818 ἐκ
1456 1764 1557 1836 γῆς
1586 1763 1866 1834 Αἰγύπτου
1885 1776 1902 1793 ο

2009 570 2182 625 Deum
2211 570 2280 626 ".
2312 590 2330 623 ι
2360 572 2629 639 Quocirca
2688 574 2849 631 facile
2882 576 3177 633 admodum
3218 581 3344 650 quis
3398 579 3592 637 amici-

2010 663 2144 719 tiam
2178 678 2306 718 cum
2328 665 2441 719 Deo
2476 664 2770 732 invenerit,
2806 684 2917 723 non
2968 685 3070 740 per
3101 671 3343 742 primum
3370 673 3503 729 illud
3534 681 3591 730 et

2008 752 2307 807 Mosaicum
2362 755 2700 821 mandatum,
2735 756 2831 812 sed
2882 773 2985 829 per
3011 775 3135 816 eam
3165 778 3287 833 qua:
3329 765 3588 835 superin-

2009 843 2174 900 ducta
2206 843 2414 901 dicitur
2470 860 2662 916 spem:
2692 862 2860 917 quam
2897 848 3123 919 quidem
3154 853 3245 908 ille
3306 869 3589 911 sacrorum

2007 935 2691 1010 mysterioruminterpres
2708 941 2867 1011 plena
2889 942 3283 1012 approbatione
3305 950 3596 1018 prosequi-

2011 1036 2102 1082 tur
2135 1026 2207 1082 ad
2237 1028 2524 1084 veritatem
2553 1030 2875 1102 respiciens.
2915 1032 3135 1089 Abolita
3157 1043 3343 1090 autem
3369 1052 3491 1093 esse
3525 1055 3590 1093 ea

2007 1130 2131 1186 qua
2173 1115 2234 1171 in
2285 1116 2408 1190 lege
2456 1125 2587 1174 sunt
2637 1119 2929 1176 manifeste
2984 1122 3099 1186 ait,
3153 1131 3215 1178 et
3269 1125 3589 1194 pmcedens

2007 1208 2332 1265 mandatum
2370 1209 2510 1266 nihil
2544 1211 2995 1285 perlicere-posse
3041 1212 3333 1281 definiens,
3383 1216 3451 1272 ad
3482 1217 3591 1273 He-

2008 1299 2192 1356 braeos
2218 1300 2296 1356 ita
2322 1300 2557 1357 scribit:
2596 1321 2616 1355 ι
2640 1303 2777 1359 Nam
2802 1304 2850 1360 si
2881 1304 3014 1360 illud
3040 1306 3196 1377 prius
3211 1307 3370 1377 culpa
3395 1323 3586 1367 vacas-

2007 1398 2114 1456 set,
2146 1405 2261 1447 non
2311 1392 2508 1463 utique
2536 1393 2764 1450 secundi
2788 1394 2945 1451 locus
2989 1395 3387 1467 inquireretur.
3425 1400 3587 1455 Vitu-

2006 1496 2209 1552 perans
2228 1483 2374 1538 enim
2407 1483 2567 1551 illud,
2589 1484 2804 1554 inquit:
2848 1486 2992 1543 Ecce
3017 1487 3141 1543 dies
3162 1490 3411 1555 venient,
3451 1492 3589 1547 dicit

2008 1570 2296 1637 Dominus,
2344 1579 2402 1627 et
2424 1573 2823 1629 consummabo
2849 1588 3019 1646 super
3046 1576 3272 1633 domum
3300 1580 3489 1646 Israel,
3530 1593 3589 1639 et

2007 1675 2177 1732 super
2218 1660 2446 1719 domum
2473 1662 2615 1719 Juda
2651 1670 3043 1721 testamentum
3091 1682 3320 1736 novum,
3352 1687 3464 1728 non
3493 1688 3587 1729 se-

2006 1753 2249 1811 cundum
2289 1762 2680 1812 testamentum
2728 1757 2878 1828 quod
2925 1757 3049 1814 fer-ii
3111 1762 3363 1831 patribus
3392 1781 3588 1822 eorum

327 1851 409 1907 δτι
441 1852 599 1907 αὐτοὶ
644 1854 745 1908 οὐκ
781 1854 1061 1927 ὶνέμιιναν
1094 1856 1154 1910 ὲν
1195 1858 1265 1928 τῇ
1308 1855 1541 1928 διαθήκη
1583 1873 1706 1927 μου,
1748 1853 1902 1925 κάγῶ

2007 1841 2065 1898 in
2101 1843 2194 1899 die
2225 1859 2336 1915 qua
2363 1844 2706 1915 apprehendi
2728 1860 2952 1902 manum
2975 1862 3174 1904 eorum
3195 1859 3257 1906 ut
3286 1851 3586 1909 educerem

322 1942 574 2016 ἠμέλησα
600 1945 801 2012 αὐτῶν,
835 1946 987 2017 λέγει
1012 1946 1242 2019 Κύριος.
1282 1947 1410 2001 Ὅτι
1437 1946 1577 2019 αὕτη
1603 1950 1638 2019 ή
1670 1946 1907 2019 διαθήκη

319 2034 392 2107 ἢν
429 2036 758 2110 διαθήσομαι
798 2038 879 2109 τῷ
917 2040 1055 2109 οίκῳ
1107 2038 1327 2110 Ἰσραὴλ
1371 2038 1511 2109 μετά
1554 2038 1654 2103 τὰς
1697 2039 1908 2111 ἡμέρας

322 2120 564 2189 ἀκτῖνας,
603 2125 761 2194 λέγει
808 2125 1049 2196 Κύριος·
1084 2125 1261 2191 διδοὺς
1302 2127 1500 2198 νόμους
1546 2145 1648 2200 μου
1687 2129 1768 2193 τίς
1807 2130 1906 2200 τὴν

326 2206 570 2265 διάνοιαν
613 2214 818 2279 αὐτῶν,
866 2214 961 2269 καὶ
995 2215 1089 2268 ἐπὶ
1121 2215 1352 2287 καρδίας
1396 2218 1577 2272 αὐτῶν
1614 2219 1909 2291 ἐπιγράψω

328 2304 530 2369 αὐτούς
549 2320 564 2336 ο
587 2306 685 2359 καὶ
710 2304 903 2377 ἔσομαι
932 2307 1117 2372 αὐτοῖς
1145 2308 1226 2372 είς
1245 2307 1378 2363 Θεὸν
1396 2350 1411 2374 ,
1439 2310 1532 2365 καὶ
1562 2313 1718 2366 αὐτοὶ
1747 2313 1903 2368 ἔσον-

325 2394 419 2449 ταί
457 2411 549 2466 μοι
573 2397 654 2459 εἰς
674 2395 821 2451 λαόν.
848 2396 958 2451 Καὶ
987 2397 1050 2450 οὐ
1092 2397 1169 2468 μή
1209 2397 1515 2464 διδάξουσιν
1545 2400 1778 2467 ἕκαστος
1809 2402 1907 2457 τὸν

321 2483 549 2558 πλησίον
584 2487 776 2553 αὐτοῦ,
812 2489 908 2542 καὶ
933 2488 1164 2554 ἕκαστος
1212 2488 1305 2543 τὸν
1324 2489 1553 2561 ἀδελφὸν
1584 2492 1773 2561 αὑτοῦ,
1812 2492 1901 2547 λέ-

316 2591 535 2647 γοντες’
571 2578 748 2634 Γνῶθι
786 2580 879 2634 τὸν
901 2579 1126 2651 Κύριον·
1165 2581 1246 2635 ὅτι
1281 2579 1482 2646 πάντες
1519 2582 1797 2655 είδήσουσί
1827 2601 1900 2655 με

316 2669 428 2725 ἀπὸ
459 2672 658 2743 μικροῦ
704 2672 814 2737 ἕως
852 2674 1092 2745 μεγάλου
1134 2673 1349 2741 αὐτῶν,
1392 2676 1475 2730 ὃτι
1503 2676 1661 2741 ῐλεως
1699 2676 1901 2747 ἔσομαι

317 2764 434 2826 ταις
463 2763 762 2836 ἁμαρτίαις
787 2764 987 2831 αὐτῶν,
1011 2767 1108 2820 καὶ
1124 2767 1234 2820 τῶν
1256 2766 1495 2838 ἀνομιῶν
1525 2766 1704 2822 αὐτῶν
1728 2768 1790 2821 οὐ
1821 2766 1898 2839 μή

323 2856 545 2929 μνησθῶ
585 2857 687 2914 ἔτι.
727 2877 748 2911 ι
790 2858 1072 2931 Ἐπιφέρει
1100 2858 1160 2912 δὶ
1188 2857 1401 2920 τούτοις
1423 2858 1584 2923 εὐθύς
1602 2874 1618 2891 ⁸
1646 2876 1666 2911 ι
1722 2859 1812 2913 Ἐν
1838 2858 1900 2913 δὲ

319 2945 601 3019 τῷλὲγειν
633 2951 829 3022 καινὴν
851 2989 868 3016 ,
905 2950 1260 3004 πεπαλαίωκε
1291 2950 1392 3022 τὴν
1428 2950 1691 3023 πρώτην-
1734 2950 1800 3004 es
1840 2950 1898 3005 δὲ

327 3035 722 3108 παλαιούμενον
753 3040 848 3093 καὶ
865 3039 1164 3111 γηράσκον,
1187 3040 1354 3109 ἔγγὺς
1367 3041 1733 3112 ἀφανισμοῦ.»
1753 3041 1900 3096 Οὐκ-

327 3126 425 3181 οῦν
445 3128 676 3200 ἀσθενὴς
696 3131 917 3201 δνόμος,
935 3132 1030 3185 καὶ
1062 3131 1197 3186 πολὺ
1229 3132 1291 3186 τὸ
1312 3132 1545 3203 ἀδρανὲς
1560 3132 1683 3203 ἔχον
1707 3133 1901 3204 δρᾶται

2006 1931 2129 1988 illos
2150 1932 2221 1988 de
2243 1940 2393 1988 terra
2418 1932 2671 2006 Egypti:
2712 1934 2977 2005 quoniam
3034 1936 3139 2008 ipsi
3163 1953 3277 1994 non
3327 1955 3590 2010 perman-

2005 2032 2200 2080 serunt
2227 2024 2286 2079 in
2315 2031 2644 2081 testamento
2668 2040 2812 2091 meo,
2840 2035 2898 2081 et
2914 2041 3018 2098 ego
3038 2028 3256 2100 neglexi
3306 2045 3424 2097 eos,
3450 2032 3589 2087 dicit

2004 2115 2291 2172 Dominus.
2326 2115 2467 2183 Quia
2494 2116 2600 2171 hoc
2635 2124 2737 2172 est
2772 2126 3164 2175 testamentum
3219 2123 3367 2192 quod
3400 2122 3588 2193 dispo-

2005 2221 2132 2262 nam
2164 2206 2354 2262 domui
2398 2206 2568 2263 Israel
2593 2217 2720 2278 post
2766 2209 2889 2265 dies
2938 2210 3082 2276 illos,
3125 2211 3261 2267 dicit
3286 2213 3586 2269 Dominus:

2005 2296 2142 2354 dans
2165 2298 2314 2370 leges
2351 2313 2502 2355 meas
2547 2299 2607 2355 in
2648 2308 3167 2369 mentem'eorum,
3214 2312 3272 2360 et
3317 2304 3372 2359 in
3418 2304 3587 2362 corde

2004 2389 2413 2460 superscriham
2440 2405 2557 2457 eas,
2577 2397 2635 2447 et
2655 2406 2756 2447 ero
2778 2391 2936 2447 eisin
2968 2393 3166 2461 Deum,
3194 2403 3252 2450 et
3282 2394 3388 2466 ipsi
3419 2409 3590 2454 erunt

2007 2480 2145 2535 mihi
2166 2480 2225 2536 in
2254 2481 2546 2552 populum,
2571 2489 2630 2538 et
2657 2496 2768 2537 non
2801 2481 3025 2538 docebit
3052 2486 3434 2557 unusquisque
3454 2503 3586 2558 pro-

2007 2570 2227 2627 ximum:
2267 2587 2457 2639 suum,
2498 2582 2556 2629 et
2583 2570 2965 2645 unusquisque
3004 2575 3231 2632 fratrem
3285 2593 3467 2643 suum,
3502 2579 3588 2640 di-

2008 2676 2172 2719 cens:
2202 2662 2484 2735 Cognosce
2501 2665 2835 2731 Dominum;
2865 2668 3131 2739 quoniam
3164 2685 3359 2725 omnes
3404 2672 3586 2726 scient

2008 2768 2096 2809 me
2118 2769 2151 2809 a
2185 2754 2402 2811 minore
2430 2772 2608 2828 usque
2646 2758 2716 2814 ad
2749 2760 3015 2831 majorem
3062 2776 3279 2827 eorum,
3308 2763 3437 2832 quia
3460 2779 3588 2833 pro-

2006 2843 2178 2914 pitius
2208 2860 2306 2901 ero
2347 2846 2733 2918 iniquitatibus
2757 2866 2975 2915 eorum,
3011 2861 3067 2907 et
3102 2863 3451 2923 peccatorum
3485 2870 3582 2909 eo-

2006 2950 2129 2992 rum
2145 2937 2258 3008 jam
2286 2941 2759 2997 nonmemorabor
2785 2941 2852 2996 ⁸⁸.
2874 2961 2893 2994 ι
2926 2942 3125 2997 Subdit
3152 2954 3335 3000 autem
3370 2946 3455 3000 his
3476 2955 3586 3000 sta-

2004 3026 2136 3081 tim:
2173 3046 2192 3079 ι
2220 3029 2462 3086 Dicendo
2485 3041 2669 3088 autem
2692 3048 2917 3097 novum,
2939 3036 3207 3088 veteravit
3228 3036 3401 3104 prius.
3424 3034 3582 3102 Quod

2004 3126 2101 3173 aut
2135 3121 2457 3190 antiquatur
2482 3138 2547 3178 ac
2578 3126 2835 3188 senescit,
2866 3139 3037 3194 prope
3058 3126 3337 3182 interitum
3355 3136 3439 3182 est
3463 3129 3531 3182 δ’.
3555 3147 3576 3179 ι

326 3215 523 3273 λοιπὸν
541 3185 677 3291 πρδς
701 3239 765 3291 γε
786 3185 847 3276 τὸ
866 3185 1121 3279 δύνασθαί
1149 3242 1294 3296 φημι
1326 3185 1681 3289 τελειοῦν

2004 3185 2286 3265 [inbecilla
2301 3211 2486 3281 itaque
2500 3213 2706 3286 lexﬁ']
2717 3224 2803 3269 est
2818 3185 3124 3285 parumque
3140 3217 3319 3271 valida
3340 3217 3409 3273 ad
3428 3219 3501 3284 id,
3521 3230 3584 3275 ut

327 3310 482 3381 σμόν.
517 3312 638 3366 Ὅτι
669 3313 727 3367 δὲ
748 3313 987 3384 ἀμείνων
1007 3317 1041 3387 ή
1082 3317 1140 3370 ὲν
1169 3316 1394 3388 Χριστῷ
1430 3316 1712 3381 δικαίωσις
1747 3317 1843 3371 κα)⁵
1865 3318 1901 3389 ή

322 3396 568 3470 λατρεία,
601 3400 736 3455 Θεοῦ
764 3402 1193 3476 διακεκραγότος
1210 3404 1419 3478 ἀκούσῃ
1445 3406 1634 3476 σαφῶς
1652 3406 1903 3478 διάπρο-

321 3489 511 3562 φητῶν
537 3491 745 3562 φωνῆς,
777 3495 890 3558 τοῖς
914 3495 1013 3566 τὴν
1031 3495 1258 3567 ἔννομον
1281 3497 1603 3569 τετιμηκόσι
1620 3496 1898 3569 λατρείαν,

318 3581 420 3636 καὶ
461 3583 623 3638 οἱονεί
669 3603 789 3650 πως
839 3586 1011 3659 ἀπρὶξ
1060 3588 1330 3660 ἡμμένοις
1361 3589 1461 3660 τῆς
1499 3588 1901 3660 παλαιωθείσης

316 3674 561 3748 ἕντολῆς,
592 3677 723 3731 ποτὶ
757 3678 877 3750 μὲν,
910 3697 930 3731 ι
965 3680 1281 3750 Λούσασθε,
1322 3682 1553 3755 καθαροὶ
1585 3683 1837 3753 γένεσθεε
1874 3702 1894 3736 ι

322 3767 462 3822 ποτε
503 3766 562 3821 δὲ
589 3768 654 3841 δὴ
688 3765 779 3838 αὖ,
830 3790 852 3823 ι
898 3772 1087 3827 Ἐλεον
1118 3773 1258 3827 θέλω
1301 3775 1396 3829 καὶ
1431 3775 1493 3829 οὐ
1532 3775 1758 3843 θυσίαν,
1803 3775 1900 3830 καὶ

315 3858 616 3926 ἐπίγνωσιν
638 3860 776 3914 Θεοῦ
804 3862 839 3933 ἢ
866 3861 1317 3935 ὁλοκαυτώματα.
1369 3884 1388 3919 ι
1431 3865 1740 3938 Ἠλεήμεθα
1787 3864 1897 3937 γὰρ

311 3949 380 4003 ιν
413 3950 656 4022 Χριστῷ,
695 3952 791 4006 καὶ
813 3954 872 4007 ὲν
908 3952 1058 4025 αὐτῷ
1089 3955 1398 4028 τεθεάμεθα
1425 3956 1631 4030 νοητῶς
1665 3957 1757 4011 τὸν
1784 3957 1892 4010 na.

309 4037 474 4112 τέρα,
504 4040 601 4095 καὶ
632 4041 722 4096 τὸν
751 4041 912 4113 φύσει
946 4044 1078 4099 Θεὸν
1106 4045 1446 4118 ἐγνώκαμεν.

387 4304 458 4376 β’.
485 4305 765 4371 Εὐπετοῦς
805 4306 862 4361 δὲ
893 4307 1035 4376 άγαν
1081 4309 1234 4372 ὄντος
1281 4306 1455 4379 μυρία
1501 4305 1600 4377 μὲν
1634 4305 1736 4359 ὅσα
1780 4305 1896 4369 τοῖς

308 4396 636 4467 εἰρημένοις
683 4398 1044 4469 ὶπισωρεύειν
1070 4398 1171 4463 ἔτι,
1206 4398 1668 4470 προσεπενεγκεῖν
1693 4395 1752 4448 δὲ
1782 4411 1896 4464 φω-

2000 3300 2273 3370 perﬁcere
2298 3301 2355 3357 in
2375 3303 2865 3368 sanqtiﬁcationem
2890 3307 3085 3374 possit.
3106 3305 3270 3373 Quod
3284 3323 3416 3363 vero
3444 3325 3585 3378 pra:-

2000 3393 2234 3449 stantior
2251 3394 2325 3449 sit
2347 3394 2406 3449 in
2425 3394 2645 3451 Christo
2666 3396 2903 3467 justiﬁca
2913 3397 2989 3453 tio
3010 3406 3068 3452 et
3087 3398 3288 3462 cultus,
3304 3399 3476 3455 Deum
3502 3400 3584 3471 ip-

1999 3497 2120 3539 sum
2143 3499 2243 3555 per
2264 3501 2455 3542 vocem
2475 3486 2869 3557 pr0phetarnm
2901 3498 3092 3560 aperte
3119 3490 3445 3547 clamantem
3479 3506 3579 3547 au—

1999 3573 2140 3642 dies,
2177 3576 2246 3632 ad
2268 3592 2383 3644 eos,
2402 3578 2496 3649 qui
2517 3578 2746 3650 legalem
2774 3580 2984 3635 cultum
3006 3581 3501 3651 amplectebantur,
3525 3593 3584 3637 et

1998 3668 2171 3724 veteri
2193 3669 2453 3725 mandato
2467 3672 2578 3742 jam
2599 3672 2884 3742 antiquato
2904 3672 3185 3729 mordicus
3203 3673 3579 3736 adhzerebant,

1998 3758 2235 3816 subinde
2253 3761 2476 3831 quidem
2499 3780 2511 3815 :
2534 3781 2552 3813 ι
2570 3761 2872 3829 Lavamini,
2894 3764 3084 3819 mundi
3106 3774 3282 3819 estote
3300 3765 3379 3827 ⁸ος
3409 3782 3427 3814 ο
3452 3763 3582 3817 sub-

1998 3848 2129 3907 inde
2156 3865 2290 3906 vero
2340 3869 2353 3905 :
2403 3852 2872 3909 «Misericordiam
2911 3856 3058 3919 volo,
3110 3863 3172 3908 et
3217 3869 3329 3907 non
3372 3852 3582 3906 sacrifi-

1998 3941 2166 4007 cium,
2220 3951 2283 3998 et
2312 3944 2682 4014 cognitionem
2723 3946 2820 3999 Dei
2846 3947 3019 4013 magis
3054 3959 3217 4011 quam
3254 3944 3579 3999 holocauto-

1998 4042 2146 4088 mata
2171 4034 2239 4086 “.
2262 4053 2280 4083 ι
2313 4033 2744 4088 Misericordiam
2771 4033 2920 4085 enim
2956 4032 3012 4085 in
3041 4031 3265 4087 Christo
3295 4036 3579 4088 consecuti

1997 4138 2209 4187 sumus,
2245 4132 2302 4176 et
2327 4124 2384 4177 in
2415 4123 2535 4193 ipso
2561 4122 2803 4179 vidimus
2849 4123 3176 4194 spiritaliter
3218 4126 3462 4193 Patrem,
3516 4135 3577 4183 et

1997 4214 2171 4270 Deum
2195 4225 2392 4271 natura
2419 4215 2771 4272 exsistentem
2798 4217 3174 4287 cognovimus.

2066 4307 2122 4362 2.
2149 4307 2288 4364 Cum
2311 4318 2496 4364 autem
2525 4308 2682 4364 facile
2712 4309 3005 4365 admodum
3042 4311 3114 4366 sit
3158 4311 3580 4368 innumerabilia

1996 4400 2086 4457 his
2117 4403 2492 4469 accumulare,
2540 4414 2597 4458 et
2629 4412 2939 4459 sanctorum
2978 4407 3372 4477 prophetarum
3424 4407 3578 4463 testi-

308 4487 423 4551 νὰς
462 4486 764 4558 προφητῶν
803 4489 989 4557 ἁγίων,
1023 4491 1088 4545 δι’
1119 4484 1197 4546 ὧν
1228 4492 1293 4547 άν
1332 4509 1415 4555 τις
1455 4491 1555 4544 ῐδοι
1594 4488 1691 4543 καὶ
1751 4486 1897 4557 μάλα

2004 4493 2184 4548 monia
2200 4493 2417 4558 aﬂ‘erre,
2452 4510 2552 4562 per
2576 4511 2698 4566 quae
2728 4497 3076 4578 manifestum
3098 4500 3273 4554 cuivis
3298 4515 3421 4555 esse
3448 4516 3579 4571 pos-

307 4579 517 4647 σαφῶς
554 4580 933 4650 ἀπαράδεκτον
959 4582 1038 4655 τῷ
1086 4581 1206 4654 θεῷ
1253 4584 1352 4652 τὴν
1400 4580 1543 4634 κατὰ
1592 4579 1753 4650 νόμον
1795 4577 1893 4631 λα-

2004 4582 2094 4646 sit,
2124 4581 2352 4652 legalem
2395 4583 2604 4638 cultum
2639 4586 2749 4640 Deo
2791 4595 3072 4657 acceptum
3118 4606 3229 4644 non
3252 4606 3372 4646 esse
3393 4633 3407 4655 ,
3442 4608 3511 4647 ne
3550 4610 3581 4648 a

305 4669 530 4739 τρείαν·
573 4670 661 4725 ἴνα
691 4671 766 4744 μὴ
798 4672 894 4726 τοῦ
939 4672 1306 4745 προκειμένου
1353 4669 1559 4726 σκοποῦ
1602 4670 1693 4723 τὸν
1739 4667 1895 4735 λόγον

2006 4671 2260 4740 praesenti
2290 4671 2540 4729 instituto
2565 4689 2875 4730 sermonem
2912 4686 3221 4735 avertamus
3244 4721 3258 4745 ,
3304 4697 3442 4736 neve
3462 4683 3583 4737 lon-

308 4762 731 4834 ὲξελκύσωμεν,
762 4767 857 4818 καὶ
903 4766 1105 4836 οἴχοιτό
1138 4781 1240 4817 που
1272 4762 1491 4834 μακρὰν
1522 4761 1581 4814 τὸ
1613 4760 1888 4830 διήγημα,

2005 4762 2124 4832 gius
2144 4772 2423 4819 excrescat
2444 4765 2620 4820 oratio
2645 4766 2904 4821 aliorsum
2931 4768 3274 4835 divertende,
3306 4773 3370 4826 ad
3401 4773 3579 4842 ipsum

306 4854 504 4926 τρίϐον
551 4855 742 4928 ὥσπερ
782 4858 867 4927 ἐφ’
930 4857 1123 4929 ἑτέραν
1172 4856 1278 4922 ἰὸν,
1323 4856 1410 4910 ἐπ’
1454 4854 1615 4907 αὐτὸν
1652 4852 1756 4923 ’ήδη
1800 4852 1897 4922 βα-

2004 4852 2114 4921 jam
2159 4851 2408 4908 divinum
2449 4854 2721 4909 Abraham
2765 4873 2867 4913 nos
2909 4859 3273 4913 conferamus.
3304 4859 3408 4924 Qui
3455 4875 3582 4913 cum

309 4946 584 5018 διούμεθα
654 4947 748 5002 τὸν
813 4947 1107 5001 θεσπέσιον
1154 4946 1445 5017 ”Α6ραάμ.
1509 4945 1604 5007 Ὃς
1665 4942 1898 5011 ἐπείπερ

2007 4942 2248 5001 audisset
2274 4956 2528 5017 nepotem
2552 4964 2712 5003 suum
2743 4948 2847 5006 Lot
2889 4951 2945 5005 in
2977 4951 3320 5020 inopinatum
3358 4950 3580 5020 pericu-

310 5040 554 5095 ὲπύθετο
572 5040 666 5095 τὸν
695 5040 1069 5110 ἀδελφόπαιδα
1104 5039 1227 5094 Λὼτ
1255 5040 1532 5109 ἀδοκήτως
1559 5036 1897 5091 κεκινδυνευ-

2004 5034 2116 5090 lum
2147 5036 2406 5093 incidisse
2439 5039 2745 5111 (habitabat
2776 5042 2925 5097 enim
2968 5042 3030 5095 in.
3058 5042 3310 5097 Sodomis
3334 5082 3347 5107 ,
3387 5050 3443 5096 et
3470 5043 3581 5112 jam

314 5131 475 5196 ιιὸτα,
507 5132 749 5204 κατῴκει
781 5131 889 5204 γὰρ
919 5135 976 5186 ὲν
1012 5131 1291 5199 Σοδόμοις,
1318 5130 1412 5184 καὶ
1445 5132 1504 5182 ὲν
1528 5128 1767 5190 οἰκέταις
1792 5124 1893 5196 ήδη

2004 5126 2121 5195 iure
2161 5127 2289 5182 belli
2327 5128 2384 5183 in
2413 5130 2652 5186 hostian
2694 5141 3020 5201 potestatem
3044 5132 3312 5201 venerat),
3352 5133 3585 5186 armavit

314 5217 390 5294 ἦν
419 5223 742 5295 δορίληπτος
784 5224 894 5289 ὢν,
939 5221 1212 5287 ἐξοπλίζει
1263 5223 1361 5294 μὲν
1405 5222 1532 5283 τοὺς
1575 5219 1894 5287 οἰκογενεῖς,

2004 5219 2330 5274 vernaculos
2379 5236 2541 5285 suos,
2594 5232 2650 5277 et
2687 5224 2825 5278 alios
2868 5222 3134 5292 quosdam
3181 5223 3584 5279 confwderatos

319 5310 422 5365 καὶ
447 5313 667 5384 ἑτέρους
700 5315 851 5377 τινάς
896 5312 1005 5367 τῶν
1048 5314 1378 5383 συνωμότων
1419 5310 1645 5382 Ἑσχὸλ,
1686 5309 1900 5373 Ἀννάν,

2007 5311 2223 5374 Eschol,
2241 5312 2453 5367 Annam
2480 5324 2536 5369 et
2563 5315 2826 5377 Mambre,
2864 5320 3030 5381 atque
3053 5312 3316 5368 adversus
3348 5313 3585 5369 victores

320 5402 421 5457 καὶ
460 5404 726 5477 Μαμὸρῖγ
778 5405 1069 5475 ἀντεξάγει
1113 5404 1172 5457 δὲ
1221 5406 1334 5466 τοῖς
1379 5402 1753 5469 νενικηκόσιν,
1800 5402 1902 5455 οὐκ

2006 5402 2223 5459 fortiter
2254 5402 2308 5457 in
2341 5405 2514 5459 aciem
2544 5406 2732 5460 educit
2752 5414 2839 5469 ,et
2859 5405 2927 5458 ab
2952 5418 3146 5456 eorum
3174 5406 3458 5475 tyrannide
3488 5407 3584 5459 ho-

319 5497 582 5565 ἀγεννῶς,
616 5499 832 5568 καὶτῆς
857 5499 1083 5566 ἐκείνων
1110 5496 1421 5561 πλεονεξίας
1452 5495 1781 5550 ἀπαλλάττει
1811 5495 1902 5547 τὸν

2007 5493 2437 5557 mincmliberat,
2472 5511 2686 5564 unaque
2705 5510 2827 5547 cum
2860 5508 2926 5547 eo
2962 5492 3234 5561 ingentem
3256 5495 3414 5550 aliam
3437 5498 3582 5550 mul-

320 5585 628 5659 ἄνθρωπον.
663 5590 777 5643 Καὶ
824 5592 922 5644 σὺν
963 5588 1114 5660 αὐτῷ
1160 5588 1425 5659 πλείστην
1456 5589 1588 5659 ὅσην
1622 5586 1902 5651 ἀνασώζει

2009 5585 2298 5640 titudinem
2339 5586 2513 5639 salvat
2551 5585 2828 5639 communi
2872 5585 3073 5638 damno
3114 5594 3169 5640 ct
3215 5588 3463 5657 periculo
3496 5588 3581 5642 in-

1765 5768 1808 5801 ”
1845 5767 1984 5823 ibid.
2028 5768 2109 5822 15.
2218 5766 2383 5822 “15a.
2417 5764 2563 5831 1,l6.
2616 5824 2620 5829 ,
2665 5765 2702 5795 ⁶¹
2734 5765 2916 5820 Matth.
2948 5781 3037 5834 \zz;
3068 5767 3119 5822 7.

397 5764 435 5796 "’
460 5771 632 5831 Hebr.
670 5790 763 5837 vn.
795 5774 881 5839 l8,
924 5774 1008 5830 l9.
1088 5775 1132 5804 5"
1163 5772 1326 5827 Hebr.
1353 5787 1463 5838 vm,
1520 5770 1671 5824 7—H.
