4056 6260
499 314 573 373 8:3
1521 315 1575 371 S.
1617 315 1892 378 CYRILLI
1920 317 2394 375 ALEXANDle
2431 319 2748 376 ARCHIEP.
3686 321 3757 379 ει

500 429 764 484 volutam.
812 428 1127 484 Revertenti
1182 443 1315 485 vero
1361 428 1586 486 domum
1642 442 1698 487 et
1729 432 1965 488 illustria
1997 434 2076 489 rei

2185 435 2426 506 πληθὺν,
2471 431 2911 507 συνηδικημένην
2962 433 3056 489 καὶ
3099 432 3534 490 κινδυνεύουσαν.
3588 433 3754 490 Ὑποσ-

501 521 762 590 praeclare
802 520 1062 576 adversus
1099 521 1285 578 hostes
1339 531 1506 594 gestas
1577 524 1810 595 insignia
1846 525 2074 590 ferenti,

499 613 716 668 obviam
760 613 859 683 ipsi
891 613 1108 668 iverunt
1137 614 1204 679 ii,
1232 616 1328 685 qui
1378 616 1550 685 ipsius
1583 631 1748 687 opera
1795 633 1859 672 ac
1892 617 2078 672 labore

499 703 670 774 adjuti
706 713 880 757 erant.
903 704 981 758 Ita
1006 706 1156 762 enim
1177 705 1441 775 scriptum
1467 716 1551 762 est
1577 724 1590 762 :
1620 726 1638 758 ι
1676 706 1944 777 Egressus
1974 721 2075 760 au-

502 806 608 852 tem
644 811 738 849 rex
781 794 1141 850 Sodomorum
1179 797 1234 850 in
1275 813 1568 852 occursum
1603 800 1751 869 ejus,
1789 807 2076 868 postquam

501 902 755 942 reversus
795 895 879 942 est
923 903 953 942 a
982 888 1130 942 caede
1173 888 1626 955 Chodorlaomor,
1675 898 1732 944 et
1760 906 1951 961 regum
1981 892 2076 960 qui

498 994 622 1032 cum
649 993 714 1031 eo
736 1019 752 1042 ,
787 978 845 1032 in
881 979 1021 1033 valle
1057 980 1195 1034 Save
1227 981 1292 1034 ⁸³.
1326 1001 1345 1032 ι
1384 981 1484 1042 Hic
1529 990 1650 1036 erat
1677 998 1904 1052 campus
1934 983 2077 1053 regis

498 1071 880 1126 Melchisedec.
914 1091 931 1123 ι
949 1071 1018 1126 At
1039 1088 1170 1128 vero
1191 1074 1573 1137 Melchisedec,
1594 1055 1698 1129 rex.
1717 1074 1918 1140 Solem,
1943 1090 2074 1144 pro-

499 1163 626 1218 tulit
655 1163 758 1233 ipsi
789 1179 959 1233 panes
987 1174 1044 1220 et
1067 1165 1277 1220 vinum.
1309 1168 1441 1222 Erat
1471 1176 1653 1222 autem
1681 1166 1941 1222 sacerdos
1977 1165 2074 1220 Dei

498 1256 770 1320 altissimi,
805 1256 1155 1312 etbenedixit
1182 1258 1232 1312 ei
1271 1257 1654 1323 Melehisedec,
1685 1267 1742 1314 et
1773 1258 1943 1314 dixit:
1971 1259 2074 1314 Be-

499 1347 751 1404 nedictus
774 1348 1049 1402 Abraham
1071 1351 1184 1404 Deo
1200 1350 1487 1415 altissimo,
1509 1351 1604 1420 qui
1641 1351 1849 1406 creavit
1874 1351 2076 1405 cmlum

499 1447 555 1493 et
584 1447 784 1493 terram
813 1447 901 1493 :et
934 1439 1257 1495 benedictus
1272 1441 1418 1496 Deus
1440 1442 1762 1505 aitissimus,
1787 1441 1880 1510 qui
1905 1440 2074 1496 tradi-

498 1529 581 1585 dit
604 1529 852 1591 inimicos
874 1539 995 1586 tuos
1019 1533 1266 1601 captivos
1286 1533 1409 1587 tibi.
1433 1534 1503 1588 Et
1531 1533 1686 1588 dedit
1711 1533 1764 1588 ei
1799 1533 2076 1588 Abraham

497 1621 764 1678 decimam
805 1638 876 1676 ex
919 1623 1180 1678 omnibus
1195 1624 1260 1677 ”.
1301 1624 1480 1680 rVide
1507 1624 1692 1694 itaque
1722 1623 2080 1694 perfectionis

497 1729 595 1786 per
629 1715 911 1786 Christum
944 1723 1102 1787 typos
1121 1716 1268 1770 clare
1289 1715 1346 1770 in
1371 1715 1735 1772 Melchisedeo
1755 1717 2074 1781 emicantes,

2181 527 2456 582 νοστοῦντι
2491 527 2547 580 δὲ
2578 526 2739 592 οίκοι,
2785 525 2879 581 καὶ
2907 525 3008 596 τῆς
3051 525 3173 580 κατ’
3217 525 3430 598 ἐχθρῶν
3465 525 3754 596 εὐανδρίας

2181 620 2354 674 σεπτὰ
2386 620 2608 692 φέροντι
2634 620 2703 674 τὰ
2746 619 3122 691 γνωρίσματα,
3163 619 3566 692 προσυπήντων
3606 618 3754 690 αὐτῷ

2179 710 2493 778 ἀναγκαίως
2540 711 2590 763 οἱ
2630 708 2720 762 διὰ
2756 708 2867 777 τῶν
2912 709 3080 761 αὑτοῦ
3133 708 3314 762 πόνων
3389 708 3751 778 ὡφελημένοι.

2178 803 2492 872 Γέγραπται
2522 801 2632 873 γὰρ
2659 801 2852 864 οῦτως·
2891 819 2910 852 ι
2963 799 3186 871 Ἐξῆλθε
3227 799 3286 853 δὲ
3315 799 3567 870 βασιλεὺς
3597 799 3753 851 Σοδύι

2182 911 2296 964 μων
2325 896 2405 957 είς
2436 895 2739 963 ἀπάντησιν
2764 892 2934 964 αὐτῷ,
2972 892 3111 962 μετὰ
3139 893 3200 946 τὸ
3229 892 3572 964 ὑποστρέψαι
3592 891 3755 945 αὑτὸν

2176 985 2283 1039 ἀπὸ
2313 986 2413 1055 τῆς
2445 985 2620 1055 κοπῆς
2656 984 2750 1038 τοῦ
2780 985 3188 1055 Χοδολογόμορ,
3221 984 3318 1038 καὶ
3344 985 3452 1038 τῶν
3484 982 3752 1053 βασίλεων

2176 1076 2287 1129 τῶν
2328 1077 2445 1147 μετ’
2487 1075 2674 1141 αὐτοῦ,
2699 1077 2780 1139 είς
2816 1076 2914 1146 τὴν
2944 1076 3169 1130 κοιλάδα
3193 1075 3289 1128 τοῦ
3320 1077 3488 1145 Σαυῆ.
3523 1094 3541 1126 ι
3578 1073 3753 1127 Τοῦτο

2177 1170 2232 1223 δὲ
2279 1164 2348 1239 ἦν
2404 1169 2590 1222 πεδίον
2638 1167 2921 1238 βασιλέως·
2969 1168 3308 1239 προσεπάγει
3347 1167 3404 1220 δὶ
3449 1168 3532 1220 ὅτι
3582 1186 3600 1218 ι
3642 1165 3754 1220 Καὶ

2176 1257 2531 1328 Μελχισεδὲκ,
2563 1257 2812 1326 βασιλεὺς
2841 1256 3054 1326 Σαλήμ,
3072 1255 3363 1326 ἐξήνεγκεν
3385 1257 3533 1327 αὐτῷ
3556 1258 3753 1327 ἄρτους

2176 1349 2273 1404 καὶ
2309 1344 2470 1402 οἶνον·
2511 1343 2580 1419 ἦν
2608 1347 2664 1400 δὲ
2703 1347 2882 1418 ἱερεὺς
2925 1346 3020 1400 τοῦ
3061 1347 3196 1401 Θεοῦ
3230 1346 3325 1401 τοῦ
3365 1349 3610 1417 ὑψίστου.
3640 1347 3749 1401 Καὶ

2177 1439 2437 1510 εύλόγησε
2500 1439 2590 1492 τὸν
2651 1437 2934 1508 Ἀϐραὰμ,
2984 1438 3078 1491 καὶ
3150 1433 3321 1494 εἶπεν·
3374 1438 3753 1508 Εὐλογημένος

2191 1532 2442 1603 Ἀδραὰμ
2471 1531 2549 1603 τῷ
2573 1531 2693 1604 Θεῷ
2718 1531 2797 1602 τῷ
2823 1531 3032 1603 ὑψίστῳ
3050 1572 3066 1597 ,
3094 1531 3154 1596 δς
3187 1532 3367 1586 ἔκτισε
3393 1531 3489 1585 τὸν
3523 1529 3754 1602 οὐρανὸν

2178 1623 2274 1677 καὶ
2318 1623 2418 1694 τὴν
2465 1622 2590 1693 γῆν.
2638 1624 2749 1677 Καὶ
2782 1624 3078 1696 εὐλογητὸς
3113 1627 3142 1678 6
3183 1623 3317 1688 Θεὸς
3353 1626 3382 1678 6
3416 1623 3666 1693 ῦψιστος,
3694 1620 3755 1684 δς

2180 1713 2466 1783 παρέδωκε
2497 1715 2623 1777 τοὺς
2668 1713 2898 1786 ἐχθρούς
2946 1733 3042 1769 σου
3089 1715 3434 1787 ὑποχειρίους
3484 1731 3612 1777 σου,
3657 1712 3754 1766 καὶ

496 1777 556 1878 et
599 1777 796 1874 legalis
834 1777 1020 1860 eulttis
1068 1821 1384 1861 mensuram
1411 1806 1748 1862 inferiorem.
1795 1777 2076 1878 Siquidem

2185 1777 2381 1858 ῐδωκεν
2407 1802 2558 1874 αὐτῷ
2587 1777 2821 1876 δεκάτην
2861 1777 2970 1859 ἀπὸ
3002 1777 3240 1858 πάντων..
3348 1777 3540 1875 Ἀθρει
3569 1803 3634 1873 δὴ
3660 1797 3756 1855 οὖν

501 1894 872 1950 indubitatum
891 1904 977 1952 est
1002 1936 1016 1962 ,
1053 1897 1200 1966 quod
1224 1897 1447 1953 omnino
1483 1899 1537 1953 id
1567 1899 1714 1969 quod
1734 1901 1920 1954 minus
1945 1909 2031 1955 est
2058 1940 2073 1965 ,

499 2001 532 2047 α
571 1988 779 2058 majore
828 2003 892 2043 ac
947 1989 1327 2059 praestantiore
1374 1990 1740 2056 benedieitur,
1776 1990 1888 2063 4⁸
1923 1992 2078 2063 juxta

501 2076 842 2148 Scripturam
865 2081 930 2136 ⁸³.
972 2081 1146 2138 Radix
1181 2091 1365 2137 autem
1387 2083 1790 2152 quodammodo
1806 2084 2078 2139 Israelita-

501 2183 624 2222 rum
649 2167 869 2226 divinus
896 2169 1208 2236 Abraham,
1245 2179 1302 2227 et
1329 2173 1606 2228 excellens
1643 2173 1698 2226 in
1743 2173 1862 2244 ipso
1912 2173 2074 2239 Levi,

499 2259 670 2314 divini
719 2263 1011 2319 sacerdotii
1045 2264 1218 2334 gloria
1250 2273 1498 2320 ornatus.
1543 2284 1562 2316 ‹
1600 2265 1874 2322 Cmterum
1895 2265 2078 2320 adhuc

501 2348 558 2409 in
589 2349 737 2405 illius
782 2353 987 2407 lumbis
1023 2353 1380 2409 delitescebat
1406 2355 1472 2409 ⁸³.
1519 2374 1538 2406 ι
1568 2354 1850 2426 Siquidem
1883 2355 2080 2411 beatus

502 2436 776 2499 Abraham
820 2455 1014 2496 eorum
1061 2444 1156 2512 qui
1209 2459 1277 2499 ex
1330 2445 1447 2515 ipso
1480 2460 1773 2516 progressu
1817 2446 2080 2516 temporis

503 2529 699 2584 orituri
726 2541 919 2599 erant,
959 2535 1208 2604 potentia
1238 2544 1393 2606 pater
1436 2544 1578 2593 er-at.
1610 2537 1682 2592 At
1717 2537 1823 2593 hoc
1857 2539 2080 2608 quidem

503 2638 626 2677 esse
651 2624 891 2681 arbitror
911 2627 1187 2697 sapienter
1203 2629 1413 2685 dictum
1433 2629 1502 2684 de
1529 2630 1683 2685 Levi.
1716 2629 1911 2686 Adhuc
1931 2631 2082 2686 enim

506 2726 628 2771 erat
660 2718 717 2772 in
752 2718 956 2776 lumbis
983 2721 1154 2790 patris
1195 2721 1416 2791 quando
1455 2723 1534 2778 illi
1581 2723 1799 2778 obviam
1824 2723 1924 2777 ivit
1946 2722 2080 2778 Mel-

506 2807 782 2866 cbisedec.
831 2810 1128 2867 Benedicta
1165 2813 1350 2882 itaque
1400 2821 1485 2869 est
1523 2814 1737 2884 iustitia
1767 2813 1956 2884 legalis
1983 2827 2083 2884 per

505 2898 714 2956 cultum
749 2901 804 2955 in
859 2902 1115 2970 Christo,
1165 2906 1323 2975 cujus
1368 2913 1534 2976 typus
1567 2913 1654 2960 est
1695 2903 2078 2960 Melchisedec.

504 2989 664 3056 Quod
683 3007 813 3048 vero
829 2993 1334 3066 incomparabiliter
1349 2997 1538 3052 utilior
1571 2997 1645 3052 sit
1673 3011 1738 3052 ea
1765 2996 2084 3052 benedictio

2178 1895 2280 1966 τῆς
2293 1896 2352 1948 ἐν
2371 1894 2592 1966 Χριστῷ
2612 1893 2948 1958 τελειώσεως
2967 1895 3094 1956 τοὺς
3122 1894 3329 1956 τύπους
3350 1893 3756 1963 ὲναστράπτον-

2177 2005 2276 2051 τας
2319 1987 2566 2058 ἐναργῶς
2605 1987 2686 2058 τῷ
2728 1986 3096 2057 Μελχισεδὲκ,
3129 1986 3225 2038 καὶ
3257 1985 3356 2054 τῆς
3402 1983 3547 2037 κατὰ
3590 1983 3759 2054 νόμον

2178 2079 2431 2150 λατρείας
2469 2079 2530 2132 τὸ
2564 2079 2760 2150 μέτρον
2789 2080 2848 2131 ἐν
2885 2078 3113 2147 μείοσιν.
3141 2076 3313 2148 Εἴπερ
3356 2075 3502 2128 ἐστὶν
3531 2075 3632 2128 οὐκ
3672 2075 3760 2126 ἐν-

2177 2172 2424 2227 δοιαστὸν
2469 2171 2552 2224 ὅτι
2585 2171 2763 2240 πάντη
2802 2185 2862 2222 τε
2903 2170 2995 2223 καὶ
3031 2170 3246 2232 πάντως
3283 2169 3344 2221 τὸ
3391 2168 3611 2220 ἔλαττον
3650 2165 3757 2218 ὑπὸ

2177 2265 2272 2320 τοῦ
2316 2265 2622 2336 κρείττονος
2673 2263 3005 2331 εὐλογεῖται,
3053 2261 3197 2316 κατὰ
3239 2263 3302 2315 τὸ
3343 2259 3753 2331 γεγραμμένον.

2192 2356 2346 2421 Ῥίζα
2403 2357 2460 2410 δὲ
2511 2355 2701 2426 ῶσπερ
2760 2355 2870 2407 τῶν
2939 2352 3000 2418 ἐξ
3073 2352 3324 2424 Ἰσραὴλ,
3379 2354 3408 2405 6
3469 2348 3759 2412 θεσπέσιος

2193 2449 2470 2521 ’Δδραὰμ,
2512 2450 2608 2502 καὶ
2629 2449 2689 2502 τὸ
2714 2450 2772 2502 ἰν
2802 2447 2951 2519 αὐτῷ
2980 2441 3217 2516 προῦχόν
3241 2463 3300 2498 τε
3335 2445 3429 2498 καὶ
3455 2442 3754 2514 ἐξαίρετον,

2179 2545 2208 2600 ὁ
2250 2542 2414 2606 Λευῒ,
2464 2544 2577 2605 τοῖς
2621 2541 2721 2612 τῆς
2771 2541 2922 2604 θείας
2966 2539 3264 2610 ἱερωσύνης
3313 2534 3757 2607 κατεστεμμένος

2180 2635 2516 2705 αὐχήμασιν.
2555 2650 2576 2686 ε
2627 2631 2769 2686 Ἀλλ’
2802 2627 2871 2702 ἦν
2894 2632 2954 2685 ἐν
2985 2631 3144 2699 ὀσφύϊ
3171 2629 3422 2701 κείμενος
3455 2629 3554 2682 ἔτι.
3604 2645 3624 2679 ι
3655 2629 3759 2680 Au-

2180 2727 2343 2796 νὰμει
2380 2725 2490 2796 γὰρ
2519 2720 2587 2795 ἦν
2614 2723 2723 2778 τῶν
2752 2723 2812 2788 ἐξ
2834 2722 3000 2776 αὐτοῦ
3039 2721 3184 2776 κατὰ
3228 2722 3452 2791 καιροὺς
3481 2719 3760 2789 ἐσομένων

2181 2817 2364 2886 πατὴρ
2389 2819 2417 2869 6
2445 2817 2714 2888 μακάριος
2751 2813 3019 2887 Ἀϐραάμ.
3050 2813 3153 2867 Καὶ
3177 2812 3358 2879 τοῦτο,
3387 2808 3565 2881 οἶμαι,
3610 2809 3755 2872 ἐστὶ,

2181 2909 2244 2962 τὸ
2267 2907 2444 2979 σοφῶς
2475 2909 2598 2978 είρη
2608 2906 2767 2977 μένον
2798 2907 2926 2977 περὶ
2951 2905 3044 2958 τοῦ
3061 2905 3213 2960 Astii.
3239 2905 3360 2957 Ἔτι
3381 2903 3491 2973 γὰρ
3518 2898 3584 2973 ἦν
3609 2902 3667 2954 ὲν
3687 2903 3757 2973 τῇ

2181 2998 2344 3067 ὀσφύϊ
2373 2998 2468 3051 τοῦ
2508 2998 2734 3070 πατρὸς,
2763 2998 2851 3051 ὅτε
2888 2999 3220 3068 συνήντησεν
3248 2994 3397 3066 αὐτῷ
3429 2995 3458 3047 6
3486 2993 3760 3062 Μελχισεη

505 3097 627 3150 quae
670 3084 1032 3176 benedicendi
1083 3087 1342 3148 facultate
1371 3089 1600 3159 praedita
1633 3095 1761 3154 est,
1809 3103 1974 3159 quam
2015 3103 2080 3143 ea

2185 3091 2300 3148 δέκ.
2348 3091 2660 3161 Εύλόγηται
2715 3089 2894 3143 τοίνυν
2953 3091 2986 3159 ἡ
3041 3088 3180 3142 κατὰ
3197 3087 3392 3176 ῌνόμον
3443 3081 3758 3156 δικαιοσύνη

508 3190 639 3242 quze.
681 3175 773 3231 illa
811 3179 1016 3234 virtute
1041 3191 1220 3245 caret,
1256 3197 1420 3236 nemo
1463 3181 1686 3250 quidem
1725 3181 2081 3236 dubitaverit.

510 3263 616 3323 Sed
642 3266 841 3322 horum
871 3269 1096 3338 quidem
1139 3281 1405 3328 accuratae
1439 3272 1891 3343 contemplationi
1936 3286 2088 3333 nunc

509 3359 1014 3432 supersedebimus.

580 3633 636 3688 3.
671 3633 978 3702 interroget
1009 3638 1192 3685 autem
1224 3630 1453 3686 fortasse
1503 3639 1559 3684 et
1592 3645 1706 3700 prae
1743 3631 1958 3687 caeteris
1999 3631 2086 3686 di-

511 3723 698 3782 scendi
727 3723 980 3794 cupidus,
1005 3722 1259 3793 quisnam
1288 3721 1459 3778 fuerit
1488 3722 1871 3779 Melchisedee.
1895 3724 2088 3779 Varias

509 3815 656 3871 enim
689 3814 978 3886 opiniones
1017 3813 1087 3869 de
1143 3828 1210 3868 eo
1249 3814 1503 3868 nonnulli
1551 3813 2084 3880 comminiscuntur,

509 3907 664 3962 vanis
692 3907 853 3976 nugis
884 3905 1264 3976 imprudenter
1286 3905 1454 3976 capti,
1486 3914 1543 3959 et
1567 3903 1767 3959 divina:
1787 3904 2089 3974 Scriptura:

511 3999 963 4056 consuetudinem
1006 4013 1117 4053 non
1163 3998 1305 4054 bene
1341 3999 1626 4054 callentes.
1670 3995 1901 4064 Quidam
1940 3997 2088 4052 enim

512 4093 566 4146 in
592 4092 802 4146 visione
823 4100 986 4159 atque
1019 4090 1077 4145 in
1104 4090 1285 4159 specie
1314 4097 1548 4153 tantum,
1571 4105 1694 4159 quae
1726 4098 1968 4145 nostram
1995 4104 2088 4144 re—

511 4183 700 4247 ferret,
719 4181 986 4252 Spiritum
1009 4189 1258 4234 sanctum
1284 4181 1595 4234 occurrisse
1617 4220 1630 4243 ,
1657 4181 1870 4248 solique
1889 4180 2088 4236 victori

512 4277 747 4334 Abrahae
773 4275 954 4328 visum
975 4287 1095 4328 esse
1122 4271 1392 4327 alIlrmant
1420 4289 1432 4325 :
1457 4271 1552 4326 alii
1572 4285 1705 4325 vero
1729 4285 1840 4324 non
1862 4270 2087 4340 quidem

516 4369 640 4431 hoc,
689 4363 942 4420 deterriti
974 4363 1235 4417 nimirum
1279 4362 1622 4418 absurditate
1661 4361 1826 4431 hujus
1871 4367 2092 4416 senten-

2187 3181 2339 3252 παρὰ
2367 3181 2466 3249 τῆς
2503 3182 2561 3233 ὲν
2600 3179 2820 3250 Χριστῷ
2858 3178 3150 3249 λατρείας,
3191 3171 3258 3243 ἦς
3293 3177 3463 3239 τύπος
3494 3176 3523 3227 6
3551 3173 3761 3244 Μελχι-

2187 3271 2363 3324 σεδέκ.
2393 3270 2818 3340 Προφερεστέρα
2843 3268 2900 3328 δὲ
2925 3270 3008 3322 ὅτι
3040 3268 3135 3322 καὶ
3164 3265 3510 3338 ἀσυγκρίτως
3545 3265 3578 3335 ὴ
3610 3264 3764 3318 εὐλο-

2185 3363 2304 3434 γία,
2337 3361 2425 3414 οἶα
2447 3377 2506 3413 τε
2531 3360 2628 3428 τῆς
2654 3359 2752 3430 οὐχ
2795 3353 2898 3413 ὧδε
2935 3358 3166 3430 ἐχούσης
3187 3397 3203 3423 ,
3232 3357 3350 3420 πῶς
3380 3355 3446 3410 ἂν
3471 3352 3765 3411 ἐνδοιασεά

2184 3468 2302 3517 τιςς
2345 3450 2508 3508 Ἀλλά
2530 3450 2660 3520 περὶ
2689 3451 2794 3520 μὶν
2808 3449 2918 3504 τῶν
2941 3449 3200 3503 τοιούτων
3226 3446 3424 3518 ἰσχνῶς
3445 3448 3541 3501 καὶ
3562 3446 3766 3517 διεσμιε

2185 3539 2483 3616 λευμένως,
2513 3539 2612 3594 οὐκ
2640 3541 2722 3602 είς
2749 3538 2966 3610 μακρὰν
2995 3538 3364 3609 θεωρήσομεν.

2257 3638 2328 3700 γ’.
2358 3631 2782 3702 Φιλοπευστήσει
2811 3631 2870 3686 δὲ
2905 3630 3034 3694 ἴσως
3063 3631 3159 3683 καὶ
3188 3630 3296 3704 πρό
3329 3648 3395 3700 γε
3425 3630 3536 3684 τῶν
3566 3628 3766 3693 ἄλλων.

2185 3726 2218 3779 ὁ
2259 3727 2650 3796 χριστομαχεῖν
2715 3723 3026 3796 ᾑρημένος,
3069 3723 3155 3789 τίς
3200 3725 3265 3795 δὴ
3316 3724 3425 3796 ἄρα
3467 3726 3698 3794 γέγονεν
3740 3728 3769 3779 6

2187 3817 2545 3887 Μελχισεδέκ.
2591 3817 2878 3888 Διαφόροις
2928 3817 3041 3888 γὰρ
3086 3815 3270 3880 δόξαις
3315 3819 3438 3881 ταῖς
3479 3818 3566 3871 ἐπ’
3615 3817 3769 3890 αὐτῷ

2188 3907 2593 3979 καταμεθύουσί
2619 3926 2763 3974 τινες
2783 3949 2800 3974 ,
2832 3909 3011 3972 ῦθλοις
3037 3909 3266 3972 είκαίοις
3298 3909 3578 3973 ἀσυνέτως
3606 3909 3772 3964 ἐνολι-

2193 4003 2514 4074 σθήσαντες,
2556 4003 2650 4055 καὶ
2683 4005 2796 4064 τοῖς
2827 4001 2976 4054 ἔθεσι
3011 4000 3115 4071 τῆς
3160 3999 3517 4054 θεοπνεύστου
3545 4001 3770 4072 Γραφῆς

2188 4096 2250 4148 ού
2278 4095 2481 4165 σφόδρα
2509 4093 2969 4165 προσεσχηκὸτες.
2991 4095 3053 4146 Οἱ
3080 4093 3178 4163 μὲν
3201 4093 3310 4163 γὰρ
3337 4092 3412 4155 ὡς
3441 4093 3498 4145 ὲν
3521 4093 3768 4162 φάσματι

2189 4189 2281 4242 καὶ
2320 4188 2451 4241 εῖδει
2493 4187 2640 4259 μόνῳ
2673 4186 2752 4258 τῷ
2802 4186 2925 4238 καθ’
2961 4186 3108 4254 ἡμᾶς
3154 4185 3214 4238 τὸ
3242 4183 3478 4254 Πνεῦμα
3522 4182 3582 4237 τὸ
3613 4184 3768 4252 ἆγιον

2192 4279 2520 4346 ὑπαντῆσαι,
2559 4281 2656 4331 καὶ
2689 4277 2855 4347 μόνον
2901 4275 3134 4348 ὀφθῆναί
3177 4293 3308 4346 φασι
3351 4275 3661 4345 νενικηκότι
3692 4273 3769 4345 τῷ

2204 4365 2472 4437 Ἀϐραάμ.
2510 4365 2576 4418 οι
2614 4365 2672 4418 δὲ
2714 4364 2872 4418 τοῦτο
2906 4365 3002 4434 μὲν
3046 4364 3188 4436 οὐχί·
3234 4364 3434 4418 δεδίασι
3459 4363 3591 4434 γὰρ,
3615 4357 3770 4434 οἶμαι

516 4458 621 4522 tiae,
651 4456 951 4529 potentiam
984 4469 1115 4509 vero
1147 4469 1268 4510 esse
1299 4462 1553 4510 asserunt
1589 4451 1960 4509 multitudinis
1990 4468 2081 4507 an-

2197 4476 2303 4514 mu
2321 4500 2336 4525 ,
2368 4457 2428 4512 τὸ
2449 4457 2583 4512 πολὺ
2613 4456 2733 4511 λίαν
2749 4456 3106 4519 ἀπονενευκὸς
3134 4458 3214 4520 εἰς
3235 4456 3298 4510 τὸ
3325 4455 3576 4520 ἀκαλλὲς,
3606 4454 3767 4509 δύνα-

514 4549 760 4621 gelorum
791 4548 1060 4604 illustrem
1099 4556 1259 4618 atque
1283 4535 1557 4602 eximiam.
1593 4546 1782 4603 Traxit
1795 4555 1978 4602 autem
1993 4561 2090 4603 eos

512 4643 570 4696 in
591 4642 734 4696 hanc
759 4641 1088 4696 sententiam
1110 4641 1259 4695 iners
1281 4654 1498 4704 eorum,
1528 4647 1591 4693 ut
1616 4639 1857 4704 videtur,
1885 4654 1950 4694 ac
1977 4647 2093 4695 sto-

514 4733 624 4787 lida
650 4747 824 4786 mens.
864 4730 1000 4786 Cum
1031 4730 1177 4785 enim
1197 4771 1212 4794 ,
1247 4729 1524 4800 inquiunt,
1563 4727 1958 4800 interpretetur
1987 4729 2089 4785 Sa-

513 4827 620 4885 lcm
648 4841 756 4897 pax
780 4824 858 4879 “z
893 4840 991 4880 rex
1022 4839 1156 4878 vero.
1187 4822 1367 4878 Saiem
1403 4821 1769 4877 Melchisedec
1809 4821 2092 4893 cognomi-

515 4929 674 4976 natus
689 4928 794 4983 est,
821 4933 890 4974 ne
919 4925 1234 4980 censeatur,
1263 4913 1539 4983 inquiunt,
1567 4913 1752 4977 homo,
1789 4913 1882 4968 sed
1909 4911 2085 4982 Spiri—

517 5025 605 5069 tus
665 5010 1026 5082 signiﬁcetur.
1067 5007 1359 5078 PrOprium
1415 5005 1564 5060 enim
1612 5011 1698 5060 est
1783 5019 1888 5074 pax
1941 5004 2082 5068 Dei,

517 5105 738 5174 ipseque
765 5101 916 5158 solus
939 5100 1090 5171 pacis
1114 5107 1198 5156 est
1237 5107 1447 5154 auctor.
1476 5096 1752 5167 Adjiciunt
1788 5111 1920 5150 vero
1953 5095 2040 5150 his
2069 5113 2082 5149 :

515 5192 571 5246 Si
625 5208 806 5264 neque
854 5190 1185 5262 principium
1235 5188 1479 5248 dierum,
1534 5201 1714 5255 neque
1768 5186 1932 5240 ﬁnem
1961 5185 2088 5240 vitae

519 5283 682 5338 habet
705 5325 718 5348 ,
766 5299 878 5353 quo
919 5292 1078 5353 pacto
1117 5297 1224 5336 non
1261 5277 1552 5333 dementiae
1591 5286 1974 5346 argumentum
2017 5277 2088 5331 sit

520 5372 771 5442 principii
805 5390 867 5428 ac
890 5373 1012 5429 ﬁnis
1053 5372 1350 5429 carentiam
1384 5370 1592 5424 homini
1618 5369 2089 5424 tribuereHnlcl—

522 5462 716 5533 ligatur
740 5464 922 5532 itaque
949 5464 1184 5534 Spiritus
1215 5478 1463 5526 rursum.
1489 5461 1543 5518 Si
1582 5461 1726 5516 enim
1757 5461 2086 5516 assimilatus

523 5561 604 5610 est
635 5555 770 5608 Filio
805 5555 1096 5619 Altissimi,
1134 5563 1316 5610 manet
1353 5566 1532 5610 autem
1559 5555 1722 5610 etiam
1755 5555 2094 5611 sacerdosin

595 5735 630 5770 ⁵³
665 5733 801 5793 Gen.
824 5753 928 5802 MV,
972 5737 1120 5792 I-l7.

1200 5739 1398 5793 r'3Ibid.
1450 5741 1638 5807 IS-‘ZQ‘,
1665 5745 1829 5800 II‘IIN‘.
1861 5763 1950 5808 vn,
1987 5744 2084 5800 I~3
2178 5743 2220 5774 ""
2260 5742 2396 5799 Ibid.
2437 5745 2485 5798 7.

2195 4569 2285 4625 μιν
2307 4550 2363 4604 δὲ
2383 4545 2524 4604 εἶναι
2548 4549 2968 4621 διῖσχυρίςονται
2992 4551 3091 4621 τῆς
3118 4550 3227 4603 τῶν
3251 4549 3500 4617 ἀγγέλων
3529 4547 3771 4619 πληθύος

2193 4642 2470 4715 περιφανῆ
2514 4659 2572 4694 τε
2616 4641 2710 4694 καὶ
2760 4641 3034 4711 ἔκκριτον.
3072 4642 3422 4712 Παρεκὸμιτε
3465 4641 3524 4694 δὲ
3574 4639 3772 4702 αὐτοὺς

2193 4736 2275 4797 είς
2316 4733 2416 4804 τὴν
2468 4731 2562 4786 ἐπὶ
2608 4731 2786 4802 τούτῳ
2827 4731 3019 4796 δόξαν,
3047 4732 3318 4804 ἀδρανὴς,
3355 4731 3430 4796 ὡς
3465 4731 3610 4785 ἔοικε
3631 4775 3645 4796 ,
3676 4729 3774 4783 καὶ

2193 4823 2472 4893 ἀσύφηλος
2519 4821 2664 4886 νοῦς.
2721 4823 2940 4894 Ἐπειδὴ
2985 4823 3128 4893 γὰρ,
3172 4826 3370 4892 φασὶν,
3407 4823 3771 4895 ἑρμηνεύεται

2194 4915 2386 4985 Σαλὴμ
2435 4914 2661 4983 εἰρήνη·
2712 4914 2963 4984 βασιλεὺς
3012 4915 3070 4968 δὲ
3124 4917 3317 4987 Σαλὴμ
3361 4919 3389 4970 6
3437 4913 3772 4986 Μελχισεδὲκ

2194 5006 2644 5075 κατωνόμασται,
2684 5007 2757 5076 μὴ
2792 5005 3077 5076 ἄνθρωπος
3119 5007 3365 5071 νοείσθω,
3412 5007 3576 5076 φασὶν
3599 5045 3614 5068 ,
3654 5003 3773 5059 ἀλλ’

2195 5097 2335 5150 ἔστω
2373 5097 2434 5149 τὸ
2487 5096 2708 5166 Πνεῦμα
2751 5097 3098 5168 δηλούμενον.
3144 5100 3303 5152 Ἴδιον
3345 5098 3454 5169 γὰρ
3499 5099 3532 5166 ἡ
3578 5097 3771 5167 εἰρήνη

2196 5187 2353 5252 Θεοῦ,
2385 5189 2479 5241 καὶ
2510 5187 2672 5252 αὐτὸς
2709 5189 2934 5259 εἰρήνης
2975 5191 3236 5260 κατάρξει
3283 5192 3464 5260 μόνος.
3519 5189 3774 5258 Προσεπο

2195 5279 2455 5346 ἀγουσιδὲ
2475 5279 2707 5344 τούτοις,
2741 5281 2802 5334 Εἰ
2835 5283 2972 5352 μήτε
3001 5283 3172 5355 ἀρχὴν
3191 5284 3432 5354 ἡμερῶν,
3459 5285 3594 5353 μήτε
3625 5281 3773 5350 ζωῆς

2194 5371 2348 5434 τέλος
2373 5370 2506 5441 ἔχει,
2535 5373 2596 5424 τὸ
2619 5372 2855 5443 ἄναρχον
2884 5391 2943 5426 τε
2989 5375 3082 5428 καὶ
3112 5374 3468 5444 ἀτελεύτητον
3498 5373 3776 5444 ἀνθρώπῳ

2197 5462 2562 5532 προσνέμειν,
2605 5464 2724 5528 πῶς
2766 5465 2865 5517 οὐκ
2909 5465 2976 5518 ἂν
3023 5465 3238 5532 γένοιτο
3281 5465 3490 5535 μωρίας
3544 5464 3769 5534 γραφῆς

2199 5554 2444 5607 Νοείσθω
2480 5554 2544 5626 δὴ
2573 5552 2666 5610 οὖν
2707 5557 2764 5611 τὺ
2804 5555 3028 5626 Πνεῦμα
3065 5558 3245 5612 πάλιν.
3283 5559 3343 5610 ΕΞ
3375 5558 3484 5627 γὰρ
3536 5556 3626 5610 καὶ
3666 5557 3766 5628 ἀέρα

2568 5744 2610 5775 εδ
2643 5741 2778 5798 Ibid.
2826 5743 2905 5795 I0.
2985 5741 3027 5770 “
3058 5740 3193 5796 Ibid.
3236 5738 3284 5797 2.
