  <div class='ocr_page' id='page_1' title='image "/cluster/home/n/w/nwhite01/storage/ocr_20150623/69/mdp.39015078384446/051.png"; bbox 0 0 4056 6260; ppageno 0'>
   <div class='ocr_carea' id='block_1_1' title="bbox 479 328 3744 398">
    <p class='ocr_par' dir='ltr' id='par_1_1' title="bbox 479 328 3744 398">
     <span class='ocr_line' id='line_1_1' title="bbox 479 328 3744 398; baseline -0.004 -2"><span class='ocrx_word' id='word_1_1' title='bbox 479 339 547 398; x_wconf 86' lang='grc'>87</span> <span class='ocrx_word' id='word_1_2' title='bbox 1485 335 1541 391; x_wconf 91' lang='lat' dir='ltr'><strong>S.</strong></span> <span class='ocrx_word' id='word_1_3' title='bbox 1573 334 1844 391; x_wconf 76' lang='lat' dir='ltr'><strong>CYRILLI</strong></span> <span class='ocrx_word' id='word_1_4' title='bbox 1883 333 2355 390; x_wconf 75' lang='lat' dir='ltr'><strong>ALEXANDRINI</strong></span> <span class='ocrx_word' id='word_1_5' title='bbox 2393 333 2711 391; x_wconf 81' lang='lat' dir='ltr'><strong>ARCHIEP.</strong></span> <span class='ocrx_word' id='word_1_6' title='bbox 3677 328 3744 384; x_wconf 76' lang='lat'><strong>83</strong></span> 
     </span>
    </p>
   </div>
   <div class='ocr_carea' id='block_1_2' title="bbox 475 452 2066 535">
    <p class='ocr_par' dir='ltr' id='par_1_2' title="bbox 475 458 2061 535">
     <span class='ocr_line' id='line_1_2' title="bbox 475 458 2061 535; baseline -0.006 -14"><span class='ocrx_word' id='word_1_7' title='bbox 475 464 622 521; x_wconf 76' lang='lat' dir='ltr'><strong>Nihil</strong></span> <span class='ocrx_word' id='word_1_8' title='bbox 667 463 853 535; x_wconf 91' lang='lat' dir='ltr'><strong>itaque</strong></span> <span class='ocrx_word' id='word_1_9' title='bbox 890 461 1196 526; x_wconf 86' lang='lat' dir='ltr'><strong>obstiterit,</strong></span> <span class='ocrx_word' id='word_1_10' title='bbox 1225 474 1336 531; x_wconf 90' lang='lat' dir='ltr'><strong>quo</strong></span> <span class='ocrx_word' id='word_1_11' title='bbox 1379 458 1562 514; x_wconf 90' lang='lat' dir='ltr'><strong>minus</strong></span> <span class='ocrx_word' id='word_1_12' title='bbox 1590 469 1772 523; x_wconf 87' lang='lat' dir='ltr'><strong>recte,</strong></span> <span class='ocrx_word' id='word_1_13' title='bbox 1808 464 1972 528; x_wconf 91' lang='lat' dir='ltr'><strong>atque</strong></span> <span class='ocrx_word' id='word_1_14' title='bbox 2001 467 2061 512; x_wconf 92' lang='lat' dir='ltr'><strong>ut</strong></span> 
     </span>
    </p>
   </div>
   <div class='ocr_carea' id='block_1_3' title="bbox 2166 452 3743 535">
    <p class='ocr_par' dir='ltr' id='par_1_3' title="bbox 2166 452 3743 530">
     <span class='ocr_line' id='line_1_3' title="bbox 2166 452 3743 530; baseline -0.003 -19"><span class='ocrx_word' id='word_1_15' title='bbox 2166 458 2271 511; x_wconf 81' lang='grc' dir='ltr'><strong>ὑπὸ</strong></span> <span class='ocrx_word' id='word_1_16' title='bbox 2303 459 2401 530; x_wconf 84' lang='grc' dir='ltr'><strong>τῆς</strong></span> <span class='ocrx_word' id='word_1_17' title='bbox 2434 458 2690 525; x_wconf 85' lang='grc' dir='ltr'>σκοτίας;</span> <span class='ocrx_word' id='word_1_18' title='bbox 2737 457 2771 528; x_wconf 80' lang='grc' dir='ltr'>ἢ</span> <span class='ocrx_word' id='word_1_19' title='bbox 2815 454 2931 520; x_wconf 82' lang='grc' dir='ltr'>πῶς</span> <span class='ocrx_word' id='word_1_20' title='bbox 2971 455 3188 525; x_wconf 83' lang='grc' dir='ltr'>ἐλέγετο</span> <span class='ocrx_word' id='word_1_21' title='bbox 3221 454 3351 526; x_wconf 65' lang='grc' dir='ltr'><strong>περ)⁸</strong></span> <span class='ocrx_word' id='word_1_22' title='bbox 3389 452 3602 520; x_wconf 79' lang='grc' dir='ltr'>αὐτῶν,</span> <span class='ocrx_word' id='word_1_23' title='bbox 3647 454 3743 506; x_wconf 85' lang='grc' dir='ltr'>καὶ</span> 
     </span>
    </p>
   </div>
   <div class='ocr_carea' id='block_1_4' title="bbox 474 540 2066 626">
    <p class='ocr_par' dir='ltr' id='par_1_4' title="bbox 474 551 2066 626">
     <span class='ocr_line' id='line_1_4' title="bbox 474 551 2066 626; baseline -0.003 -17"><span class='ocrx_word' id='word_1_24' title='bbox 474 571 577 626; x_wconf 87' lang='lat' dir='ltr'><strong>par</strong></span> <span class='ocrx_word' id='word_1_25' title='bbox 597 564 700 620; x_wconf 88' lang='lat' dir='ltr'><strong>est,</strong></span> <span class='ocrx_word' id='word_1_26' title='bbox 735 571 1055 611; x_wconf 85' lang='lat' dir='ltr'><strong>censeamus</strong></span> <span class='ocrx_word' id='word_1_27' title='bbox 1085 554 1363 610; x_wconf 87' lang='lat' dir='ltr'><strong>hominem</strong></span> <span class='ocrx_word' id='word_1_28' title='bbox 1390 554 1614 625; x_wconf 87' lang='lat' dir='ltr'><strong>quidem</strong></span> <span class='ocrx_word' id='word_1_29' title='bbox 1643 553 1810 608; x_wconf 89' lang='lat' dir='ltr'><strong>fuisse</strong></span> <span class='ocrx_word' id='word_1_30' title='bbox 1839 551 2066 606; x_wconf 86' lang='lat' dir='ltr'><strong>Melchi-</strong></span> 
     </span>
    </p>
   </div>
   <div class='ocr_carea' id='block_1_5' title="bbox 2166 540 3744 626">
    <p class='ocr_par' dir='ltr' id='par_1_5' title="bbox 2168 540 3744 621">
     <span class='ocr_line' id='line_1_5' title="bbox 2168 540 3744 621; baseline -0.006 -18"><span class='ocrx_word' id='word_1_31' title='bbox 2168 549 2277 603; x_wconf 89' lang='grc' dir='ltr'>τῶν</span> <span class='ocrx_word' id='word_1_32' title='bbox 2314 549 2567 621; x_wconf 81' lang='grc' dir='ltr'>ἡγεῖσθαι</span> <span class='ocrx_word' id='word_1_33' title='bbox 2611 549 2890 619; x_wconf 81' lang='grc' dir='ltr'><strong>λαχόντων</strong></span> <span class='ocrx_word' id='word_1_34' title='bbox 2911 589 2925 612; x_wconf 93' lang='grc'><strong>,</strong></span> <span class='ocrx_word' id='word_1_35' title='bbox 2957 566 2976 599; x_wconf 71' lang='grc' dir='ltr'><strong>ι</strong></span> <span class='ocrx_word' id='word_1_36' title='bbox 3019 547 3225 615; x_wconf 80' lang='grc' dir='ltr'>Ἀφετε</span> <span class='ocrx_word' id='word_1_37' title='bbox 3279 543 3480 607; x_wconf 75' lang='grc' dir='ltr'>αὐτοὺς</span> <span class='ocrx_word' id='word_1_38' title='bbox 3503 585 3518 610; x_wconf 93' lang='grc'><strong>,</strong></span> <span class='ocrx_word' id='word_1_39' title='bbox 3553 540 3744 611; x_wconf 67' lang='grc' dir='ltr'>τυορλοί</span> 
     </span>
    </p>
   </div>
   <div class='ocr_carea' id='block_1_6' title="bbox 475 633 2066 718">
    <p class='ocr_par' dir='ltr' id='par_1_6' title="bbox 475 644 2057 718">
     <span class='ocr_line' id='line_1_6' title="bbox 475 644 2057 718; baseline -0.003 -16"><span class='ocrx_word' id='word_1_40' title='bbox 475 648 660 713; x_wconf 74' lang='lat' dir='ltr'><strong>sedeo,</strong></span> <span class='ocrx_word' id='word_1_41' title='bbox 685 657 947 717; x_wconf 88' lang='lat' dir='ltr'><strong>certoque</strong></span> <span class='ocrx_word' id='word_1_42' title='bbox 972 656 1217 718; x_wconf 88' lang='lat' dir='ltr'><strong>tempore</strong></span> <span class='ocrx_word' id='word_1_43' title='bbox 1246 661 1503 718; x_wconf 81' lang='lat' dir='ltr'><strong>regnasse</strong></span> <span class='ocrx_word' id='word_1_44' title='bbox 1531 646 1587 702; x_wconf 88' lang='lat' dir='ltr'><strong>in</strong></span> <span class='ocrx_word' id='word_1_45' title='bbox 1609 645 1812 711; x_wconf 87' lang='lat' dir='ltr'><strong>Salem,</strong></span> <span class='ocrx_word' id='word_1_46' title='bbox 1841 644 2057 700; x_wconf 86' lang='lat' dir='ltr'><strong>etiamsi</strong></span> 
     </span>
    </p>
   </div>
   <div class='ocr_carea' id='block_1_7' title="bbox 2166 633 3740 718">
    <p class='ocr_par' dir='ltr' id='par_1_7' title="bbox 2166 633 3740 710">
     <span class='ocr_line' id='line_1_7' title="bbox 2166 633 3740 710; baseline -0.005 -18"><span class='ocrx_word' id='word_1_47' title='bbox 2166 640 2303 694; x_wconf 78' lang='grc' dir='ltr'>εἰσιν</span> <span class='ocrx_word' id='word_1_48' title='bbox 2326 639 2510 710; x_wconf 86' lang='grc' dir='ltr'>ὁδηγοὶ</span> <span class='ocrx_word' id='word_1_49' title='bbox 2532 639 2779 709; x_wconf 62' lang='lat' dir='ltr'><strong>rugam»);</strong></span> <span class='ocrx_word' id='word_1_50' title='bbox 2811 658 2829 690; x_wconf 69' lang='grc' dir='ltr'><strong>ι</strong></span> <span class='ocrx_word' id='word_1_51' title='bbox 2872 638 3011 692; x_wconf 90' lang='grc' dir='ltr'>Ποία</span> <span class='ocrx_word' id='word_1_52' title='bbox 3040 638 3150 708; x_wconf 83' lang='grc' dir='ltr'><strong>γάρ</strong></span> <span class='ocrx_word' id='word_1_53' title='bbox 3179 637 3245 691; x_wconf 83' lang='grc' dir='ltr'><strong>ἂν</strong></span> <span class='ocrx_word' id='word_1_54' title='bbox 3271 639 3444 690; x_wconf 85' lang='grc' dir='ltr'><strong>νοοῖτο</strong></span> <span class='ocrx_word' id='word_1_55' title='bbox 3477 633 3740 702; x_wconf 76' lang='grc' dir='ltr'><strong>τυφλότης</strong></span> 
     </span>
    </p>
   </div>
   <div class='ocr_carea' id='block_1_8' title="bbox 477 724 2066 808">
    <p class='ocr_par' dir='ltr' id='par_1_8' title="bbox 477 738 1018 808">
     <span class='ocr_line' id='line_1_8' title="bbox 477 738 1018 808; baseline 0 -17"><span class='ocrx_word' id='word_1_56' title='bbox 477 738 869 807; x_wconf 88' lang='lat' dir='ltr'><strong>interpretetur</strong></span> <span class='ocrx_word' id='word_1_57' title='bbox 893 753 1018 808; x_wconf 73' lang='lat' dir='ltr'><strong>pax.</strong></span> 
     </span>
    </p>
   </div>
   <div class='ocr_carea' id='block_1_9' title="bbox 2166 724 3742 808">
    <p class='ocr_par' dir='ltr' id='par_1_9' title="bbox 2166 724 3742 803">
     <span class='ocr_line' id='line_1_9' title="bbox 2166 724 3742 803; baseline -0.004 -18"><span class='ocrx_word' id='word_1_58' title='bbox 2166 732 2245 794; x_wconf 84' lang='grc' dir='ltr'><strong>είς</strong></span> <span class='ocrx_word' id='word_1_59' title='bbox 2275 731 2401 786; x_wconf 82' lang='grc' dir='ltr'>νοῦν</span> <span class='ocrx_word' id='word_1_60' title='bbox 2438 731 2648 803; x_wconf 86' lang='grc' dir='ltr'>ὁρῶντα</span> <span class='ocrx_word' id='word_1_61' title='bbox 2677 731 2810 786; x_wconf 86' lang='grc' dir='ltr'>Θεόν</span> <span class='ocrx_word' id='word_1_62' title='bbox 2835 747 2849 798; x_wconf 88' lang='grc'><strong>;</strong></span> <span class='ocrx_word' id='word_1_63' title='bbox 2877 730 3088 785; x_wconf 79' lang='grc' dir='ltr'>Οὐκοῦν</span> <span class='ocrx_word' id='word_1_64' title='bbox 3118 729 3358 800; x_wconf 76' lang='grc' dir='ltr'><strong>ἀμαθίας</strong></span> <span class='ocrx_word' id='word_1_65' title='bbox 3399 725 3656 797; x_wconf 73' lang='grc' dir='ltr'>ἔμπλεων</span> <span class='ocrx_word' id='word_1_66' title='bbox 3682 724 3742 778; x_wconf 72' lang='grc' dir='ltr'>τὺ</span> 
     </span>
    </p>
   </div>
   <div class='ocr_carea' id='block_1_10' title="bbox 473 818 3743 903">
    <p class='ocr_par' dir='ltr' id='par_1_10' title="bbox 473 818 3743 903">
     <span class='ocr_line' id='line_1_10' title="bbox 473 818 3743 903; baseline -0.007 -12"><span class='ocrx_word' id='word_1_67' title='bbox 473 833 596 890; x_wconf 69' lang='grc' dir='ltr'><strong>ταῖς</strong></span> <span class='ocrx_word' id='word_1_68' title='bbox 626 831 903 900; x_wconf 75' lang='grc' dir='ltr'>ὀνομάτων</span> <span class='ocrx_word' id='word_1_69' title='bbox 938 831 1190 903; x_wconf 86' lang='grc' dir='ltr'><strong>ποιότησι</strong></span> <span class='ocrx_word' id='word_1_70' title='bbox 1245 832 1422 901; x_wconf 81' lang='grc' dir='ltr'>πάντη</span> <span class='ocrx_word' id='word_1_71' title='bbox 1470 849 1532 885; x_wconf 82' lang='grc' dir='ltr'><strong>τε</strong></span> <span class='ocrx_word' id='word_1_72' title='bbox 1571 832 1667 885; x_wconf 76' lang='grc' dir='ltr'>καὶ</span> <span class='ocrx_word' id='word_1_73' title='bbox 1731 829 1950 892; x_wconf 86' lang='grc' dir='ltr'>πάντως</span> <span class='ocrx_word' id='word_1_74' title='bbox 1987 827 2082 881; x_wconf 78' lang='grc' dir='ltr'>καὶ</span> <span class='ocrx_word' id='word_1_75' title='bbox 2119 826 2430 882; x_wconf 81' lang='grc' dir='ltr'>αὐτῶντῶν</span> <span class='ocrx_word' id='word_1_76' title='bbox 2487 827 2826 898; x_wconf 78' lang='grc' dir='ltr'><strong>πραγμάτων</strong></span> <span class='ocrx_word' id='word_1_77' title='bbox 2851 826 3146 896; x_wconf 82' lang='grc' dir='ltr'>ἀπονέμειν</span> <span class='ocrx_word' id='word_1_78' title='bbox 3175 824 3235 878; x_wconf 85' lang='grc' dir='ltr'>τὸ</span> <span class='ocrx_word' id='word_1_79' title='bbox 3258 823 3477 894; x_wconf 88' lang='grc' dir='ltr'>κράτος.</span> <span class='ocrx_word' id='word_1_80' title='bbox 3523 818 3743 888; x_wconf 79' lang='grc' dir='ltr'>’Δπείρ-</span> 
     </span>
    </p>
   </div>
   <div class='ocr_carea' id='block_1_11' title="bbox 477 907 3748 995">
    <p class='ocr_par' dir='ltr' id='par_1_11' title="bbox 477 907 3748 995">
     <span class='ocr_line' id='line_1_11' title="bbox 477 907 3748 995; baseline -0.002 -22"><span class='ocrx_word' id='word_1_81' title='bbox 477 919 558 983; x_wconf 83' lang='grc' dir='ltr'><strong>ξει</strong></span> <span class='ocrx_word' id='word_1_82' title='bbox 587 921 666 986; x_wconf 85' lang='grc' dir='ltr'><strong>δὲ,</strong></span> <span class='ocrx_word' id='word_1_83' title='bbox 703 919 885 992; x_wconf 73' lang='grc' dir='ltr'>οἶμαι,</span> <span class='ocrx_word' id='word_1_84' title='bbox 918 923 1107 977; x_wconf 78' lang='grc' dir='ltr'>λοιπὸν</span> <span class='ocrx_word' id='word_1_85' title='bbox 1165 924 1447 989; x_wconf 79' lang='grc' dir='ltr'><strong>παντελῶς</strong></span> <span class='ocrx_word' id='word_1_86' title='bbox 1483 925 1637 979; x_wconf 81' lang='grc' dir='ltr'>οὐδὲν</span> <span class='ocrx_word' id='word_1_87' title='bbox 1687 923 1863 995; x_wconf 83' lang='grc' dir='ltr'><strong>ὀρθῶς</strong></span> <span class='ocrx_word' id='word_1_88' title='bbox 1897 921 1992 977; x_wconf 78' lang='grc' dir='ltr'>καὶ</span> <span class='ocrx_word' id='word_1_89' title='bbox 2057 919 2409 990; x_wconf 78' lang='grc' dir='ltr'><strong>καθηκόντως</strong></span> <span class='ocrx_word' id='word_1_90' title='bbox 2455 921 2704 974; x_wconf 82' lang='grc' dir='ltr'>ὑπονοεῖν</span> <span class='ocrx_word' id='word_1_91' title='bbox 2743 918 3028 990; x_wconf 80' lang='grc' dir='ltr'>ἀνθρογιτον</span> <span class='ocrx_word' id='word_1_92' title='bbox 3072 916 3205 972; x_wconf 74' lang='grc' dir='ltr'>ὄντα</span> <span class='ocrx_word' id='word_1_93' title='bbox 3243 915 3334 969; x_wconf 83' lang='grc' dir='ltr'><strong>τὸν</strong></span> <span class='ocrx_word' id='word_1_94' title='bbox 3382 907 3748 982; x_wconf 66' lang='grc' dir='ltr'>Μελχισεδέκ,</span> 
     </span>
    </p>
   </div>
   <div class='ocr_carea' id='block_1_12' title="bbox 479 1010 2888 1087">
    <p class='ocr_par' dir='ltr' id='par_1_12' title="bbox 479 1010 2888 1087">
     <span class='ocr_line' id='line_1_12' title="bbox 479 1010 2888 1087; baseline 0 -24"><span class='ocrx_word' id='word_1_95' title='bbox 479 1012 926 1082; x_wconf 81' lang='grc' dir='ltr'>βεϐασιλευκέναι</span> <span class='ocrx_word' id='word_1_96' title='bbox 972 1017 1029 1070; x_wconf 82' lang='grc' dir='ltr'><strong>δὲ</strong></span> <span class='ocrx_word' id='word_1_97' title='bbox 1076 1015 1220 1070; x_wconf 88' lang='grc' dir='ltr'><strong>κατά</strong></span> <span class='ocrx_word' id='word_1_98' title='bbox 1261 1017 1488 1087; x_wconf 79' lang='grc' dir='ltr'>καιροὺς</span> <span class='ocrx_word' id='word_1_99' title='bbox 1533 1017 1634 1086; x_wconf 88' lang='grc' dir='ltr'><strong>τῆς</strong></span> <span class='ocrx_word' id='word_1_100' title='bbox 1678 1014 1900 1085; x_wconf 83' lang='grc' dir='ltr'>Σαλὴμ,</span> <span class='ocrx_word' id='word_1_101' title='bbox 1946 1011 2050 1066; x_wconf 79' lang='grc' dir='ltr'><strong>κᾶν</strong></span> <span class='ocrx_word' id='word_1_102' title='bbox 2087 1010 2447 1083; x_wconf 83' lang='grc' dir='ltr'>έρμηνεύοιτο</span> <span class='ocrx_word' id='word_1_103' title='bbox 2469 1011 2631 1082; x_wconf 83' lang='grc' dir='ltr'>τυχὸν</span> <span class='ocrx_word' id='word_1_104' title='bbox 2656 1010 2888 1080; x_wconf 76' lang='grc' dir='ltr'>εἰρήνη.</span> 
     </span>
    </p>
   </div>
   <div class='ocr_carea' id='block_1_13' title="bbox 547 1101 2056 1174">
    <p class='ocr_par' dir='ltr' id='par_1_13' title="bbox 547 1101 2056 1174">
     <span class='ocr_line' id='line_1_13' title="bbox 547 1101 2056 1174; baseline 0 -18"><span class='ocrx_word' id='word_1_105' title='bbox 547 1103 599 1156; x_wconf 78' lang='grc'>4.</span> <span class='ocrx_word' id='word_1_106' title='bbox 642 1101 1118 1158; x_wconf 79' lang='lat' dir='ltr'><strong>Considerandum</strong></span> <span class='ocrx_word' id='word_1_107' title='bbox 1142 1112 1225 1160; x_wconf 92' lang='lat' dir='ltr'><strong>est</strong></span> <span class='ocrx_word' id='word_1_108' title='bbox 1242 1113 1299 1160; x_wconf 90' lang='lat' dir='ltr'><strong>et</strong></span> <span class='ocrx_word' id='word_1_109' title='bbox 1318 1105 1424 1160; x_wconf 88' lang='lat' dir='ltr'><strong>hoc</strong></span> <span class='ocrx_word' id='word_1_110' title='bbox 1441 1119 1661 1174; x_wconf 90' lang='lat' dir='ltr'><strong>quoque</strong></span> <span class='ocrx_word' id='word_1_111' title='bbox 1679 1119 1806 1159; x_wconf 91' lang='lat' dir='ltr'><strong>cum</strong></span> <span class='ocrx_word' id='word_1_112' title='bbox 1837 1104 1905 1158; x_wconf 91' lang='lat' dir='ltr'><strong>iis</strong></span> <span class='ocrx_word' id='word_1_113' title='bbox 1935 1117 2056 1172; x_wconf 71' lang='lat' dir='ltr'><strong>quae</strong></span> 
     </span>
    </p>
   </div>
   <div class='ocr_carea' id='block_1_14' title="bbox 479 1194 2059 1269">
    <p class='ocr_par' dir='ltr' id='par_1_14' title="bbox 479 1194 2059 1269">
     <span class='ocr_line' id='line_1_14' title="bbox 479 1194 2059 1269; baseline 0 -19"><span class='ocrx_word' id='word_1_114' title='bbox 479 1194 626 1250; x_wconf 90' lang='lat' dir='ltr'><strong>dicta</strong></span> <span class='ocrx_word' id='word_1_115' title='bbox 653 1203 817 1250; x_wconf 84' lang='lat' dir='ltr'><strong>sunt:</strong></span> <span class='ocrx_word' id='word_1_116' title='bbox 859 1197 1047 1252; x_wconf 87' lang='lat' dir='ltr'><strong>divina</strong></span> <span class='ocrx_word' id='word_1_117' title='bbox 1089 1198 1294 1253; x_wconf 83' lang='lat' dir='ltr'><strong>etenim</strong></span> <span class='ocrx_word' id='word_1_118' title='bbox 1322 1197 1578 1269; x_wconf 85' lang='lat' dir='ltr'><strong>mysteria</strong></span> <span class='ocrx_word' id='word_1_119' title='bbox 1602 1196 1768 1250; x_wconf 91' lang='lat' dir='ltr'><strong>modo</strong></span> <span class='ocrx_word' id='word_1_120' title='bbox 1791 1211 1892 1266; x_wconf 91' lang='lat' dir='ltr'><strong>per</strong></span> <span class='ocrx_word' id='word_1_121' title='bbox 1934 1210 2059 1265; x_wconf 87' lang='lat' dir='ltr'><strong>spe—</strong></span> 
     </span>
    </p>
   </div>
   <div class='ocr_carea' id='block_1_15' title="bbox 447 1287 2059 1361">
    <p class='ocr_par' dir='ltr' id='par_1_15' title="bbox 447 1287 2059 1361">
     <span class='ocr_line' id='line_1_15' title="bbox 447 1287 2059 1361; baseline 0.001 -20"><span class='ocrx_word' id='word_1_122' title='bbox 447 1303 451 1307; x_wconf 91' lang='grc'><strong>·</strong></span> <span class='ocrx_word' id='word_1_123' title='bbox 479 1287 666 1342; x_wconf 87' lang='lat' dir='ltr'><strong>culum</strong></span> <span class='ocrx_word' id='word_1_124' title='bbox 694 1297 858 1358; x_wconf 91' lang='lat' dir='ltr'><strong>atque</strong></span> <span class='ocrx_word' id='word_1_125' title='bbox 900 1290 1191 1361; x_wconf 80' lang='lat' dir='ltr'><strong>imaginem</strong></span> <span class='ocrx_word' id='word_1_126' title='bbox 1222 1290 1447 1345; x_wconf 83' lang='lat' dir='ltr'><strong>vixdum</strong></span> <span class='ocrx_word' id='word_1_127' title='bbox 1489 1291 1766 1346; x_wconf 84' lang='lat' dir='ltr'><strong>cernimus</strong></span> <span class='ocrx_word' id='word_1_128' title='bbox 1799 1290 1842 1321; x_wconf 72' lang='grc' dir='ltr'>τί</span> <span class='ocrx_word' id='word_1_129' title='bbox 1869 1307 1883 1342; x_wconf 90' lang='lat'>:</span> <span class='ocrx_word' id='word_1_130' title='bbox 1907 1303 2059 1344; x_wconf 90' lang='lat' dir='ltr'><strong>cum-</strong></span> 
     </span>
    </p>
   </div>
   <div class='ocr_carea' id='block_1_16' title="bbox 479 1379 2057 1450">
    <p class='ocr_par' dir='ltr' id='par_1_16' title="bbox 479 1379 2057 1450">
     <span class='ocr_line' id='line_1_16' title="bbox 479 1379 2057 1450; baseline 0 -18"><span class='ocrx_word' id='word_1_131' title='bbox 479 1393 590 1448; x_wconf 87' lang='lat' dir='ltr'><strong>que</strong></span> <span class='ocrx_word' id='word_1_132' title='bbox 619 1379 758 1432; x_wconf 87' lang='lat' dir='ltr'><strong>nihil</strong></span> <span class='ocrx_word' id='word_1_133' title='bbox 789 1379 862 1434; x_wconf 91' lang='lat' dir='ltr'><strong>sit</strong></span> <span class='ocrx_word' id='word_1_134' title='bbox 892 1380 951 1434; x_wconf 88' lang='lat' dir='ltr'><strong>in</strong></span> <span class='ocrx_word' id='word_1_135' title='bbox 983 1380 1150 1435; x_wconf 83' lang='lat' dir='ltr'><strong>rebus</strong></span> <span class='ocrx_word' id='word_1_136' title='bbox 1177 1380 1397 1445; x_wconf 84' lang='lat' dir='ltr'><strong>creatis,</strong></span> <span class='ocrx_word' id='word_1_137' title='bbox 1433 1380 1582 1450; x_wconf 78' lang='lat' dir='ltr'><strong>quod</strong></span> <span class='ocrx_word' id='word_1_138' title='bbox 1615 1380 1827 1450; x_wconf 75' lang='lat' dir='ltr'><strong>integre</strong></span> <span class='ocrx_word' id='word_1_139' title='bbox 1856 1379 2057 1433; x_wconf 72' lang='lat' dir='ltr'><strong>divina:</strong></span> 
     </span>
    </p>
   </div>
   <div class='ocr_carea' id='block_1_17' title="bbox 480 1470 2056 1541">
    <p class='ocr_par' dir='ltr' id='par_1_17' title="bbox 480 1470 2056 1541">
     <span class='ocr_line' id='line_1_17' title="bbox 480 1470 2056 1541; baseline 0 -17"><span class='ocrx_word' id='word_1_140' title='bbox 480 1478 644 1539; x_wconf 90' lang='lat' dir='ltr'><strong>atque</strong></span> <span class='ocrx_word' id='word_1_141' title='bbox 679 1470 941 1526; x_wconf 69' lang='lat' dir='ltr'><strong>ineffabili</strong></span> <span class='ocrx_word' id='word_1_142' title='bbox 972 1479 1181 1526; x_wconf 82' lang='lat' dir='ltr'><strong>naturae</strong></span> <span class='ocrx_word' id='word_1_143' title='bbox 1203 1471 1494 1541; x_wconf 69' lang='lat' dir='ltr'><strong>adaequare</strong></span> <span class='ocrx_word' id='word_1_144' title='bbox 1528 1472 1825 1541; x_wconf 83' lang='lat' dir='ltr'><strong>possimus,</strong></span> <span class='ocrx_word' id='word_1_145' title='bbox 1845 1486 1876 1525; x_wconf 92' lang='lat' dir='ltr'><strong>e</strong></span> <span class='ocrx_word' id='word_1_146' title='bbox 1893 1485 2056 1540; x_wconf 90' lang='lat' dir='ltr'><strong>quam</strong></span> 
     </span>
    </p>
   </div>
   <div class='ocr_carea' id='block_1_18' title="bbox 479 1561 2062 1633">
    <p class='ocr_par' dir='ltr' id='par_1_18' title="bbox 479 1561 2062 1633">
     <span class='ocr_line' id='line_1_18' title="bbox 479 1561 2062 1633; baseline 0 -17"><span class='ocrx_word' id='word_1_147' title='bbox 479 1563 732 1632; x_wconf 89' lang='lat' dir='ltr'><strong>plurimis</strong></span> <span class='ocrx_word' id='word_1_148' title='bbox 760 1563 1025 1633; x_wconf 81' lang='lat' dir='ltr'><strong>exemplis</strong></span> <span class='ocrx_word' id='word_1_149' title='bbox 1047 1577 1271 1632; x_wconf 89' lang='lat' dir='ltr'><strong>quoquo</strong></span> <span class='ocrx_word' id='word_1_150' title='bbox 1298 1561 1467 1616; x_wconf 87' lang='lat' dir='ltr'><strong>modo</strong></span> <span class='ocrx_word' id='word_1_151' title='bbox 1499 1561 1559 1615; x_wconf 87' lang='lat' dir='ltr'><strong>id-</strong></span> <span class='ocrx_word' id='word_1_152' title='bbox 1589 1562 1752 1616; x_wconf 87' lang='lat' dir='ltr'><strong>nobis</strong></span> <span class='ocrx_word' id='word_1_153' title='bbox 1777 1577 2062 1632; x_wconf 88' lang='lat' dir='ltr'><strong>compara-</strong></span> 
     </span>
    </p>
   </div>
   <div class='ocr_carea' id='block_1_19' title="bbox 478 1652 2058 1724">
    <p class='ocr_par' dir='ltr' id='par_1_19' title="bbox 478 1652 2058 1724">
     <span class='ocr_line' id='line_1_19' title="bbox 478 1652 2058 1724; baseline 0.001 -18"><span class='ocrx_word' id='word_1_154' title='bbox 478 1668 621 1718; x_wconf 85' lang='lat' dir='ltr'><strong>mus,</strong></span> <span class='ocrx_word' id='word_1_155' title='bbox 650 1662 712 1708; x_wconf 93' lang='lat' dir='ltr'><strong>ut</strong></span> <span class='ocrx_word' id='word_1_156' title='bbox 733 1653 802 1708; x_wconf 92' lang='lat' dir='ltr'><strong>de</strong></span> <span class='ocrx_word' id='word_1_157' title='bbox 833 1669 898 1708; x_wconf 91' lang='lat' dir='ltr'><strong>ea</strong></span> <span class='ocrx_word' id='word_1_158' title='bbox 913 1653 1155 1724; x_wconf 87' lang='lat' dir='ltr'><strong>cogitare</strong></span> <span class='ocrx_word' id='word_1_159' title='bbox 1174 1668 1239 1708; x_wconf 90' lang='lat' dir='ltr'><strong>ac</strong></span> <span class='ocrx_word' id='word_1_160' title='bbox 1265 1652 1453 1708; x_wconf 85' lang='lat' dir='ltr'><strong>dicere</strong></span> <span class='ocrx_word' id='word_1_161' title='bbox 1471 1653 1767 1722; x_wconf 88' lang='lat' dir='ltr'><strong>possimus,</strong></span> <span class='ocrx_word' id='word_1_162' title='bbox 1793 1663 2058 1722; x_wconf 88' lang='lat' dir='ltr'><strong>quantum</strong></span> 
     </span>
    </p>
   </div>
   <div class='ocr_carea' id='block_1_20' title="bbox 476 1739 2058 1797">
    <p class='ocr_par' dir='ltr' id='par_1_20' title="bbox 476 1739 2058 1797">
     <span class='ocr_line' id='line_1_20' title="bbox 476 1739 2058 1797; baseline 0.001 -3"><span class='ocrx_word' id='word_1_163' title='bbox 476 1739 707 1795; x_wconf 84' lang='lat' dir='ltr'><strong>facultas</strong></span> <span class='ocrx_word' id='word_1_164' title='bbox 724 1750 909 1795; x_wconf 86' lang='lat' dir='ltr'><strong>nostra</strong></span> <span class='ocrx_word' id='word_1_165' title='bbox 947 1741 1074 1794; x_wconf 83' lang='lat' dir='ltr'><strong>fert.</strong></span> <span class='ocrx_word' id='word_1_166' title='bbox 1129 1739 1501 1795; x_wconf 86' lang='lat' dir='ltr'><strong>Nihilominus</strong></span> <span class='ocrx_word' id='word_1_167' title='bbox 1527 1749 1712 1796; x_wconf 89' lang='lat' dir='ltr'><strong>autem</strong></span> <span class='ocrx_word' id='word_1_168' title='bbox 1763 1742 2058 1797; x_wconf 89' lang='lat' dir='ltr'><strong>obscurum</strong></span> 
     </span>
    </p>
   </div>
   <div class='ocr_carea' id='block_1_21' title="bbox 477 1831 2060 1902">
    <p class='ocr_par' dir='ltr' id='par_1_21' title="bbox 477 1831 2060 1902">
     <span class='ocr_line' id='line_1_21' title="bbox 477 1831 2060 1902; baseline 0 -15"><span class='ocrx_word' id='word_1_169' title='bbox 477 1831 776 1887; x_wconf 85' lang='lat' dir='ltr'><strong>admodum</strong></span> <span class='ocrx_word' id='word_1_170' title='bbox 819 1840 906 1886; x_wconf 91' lang='lat' dir='ltr'><strong>est</strong></span> <span class='ocrx_word' id='word_1_171' title='bbox 927 1831 996 1886; x_wconf 90' lang='lat' dir='ltr'><strong>de</strong></span> <span class='ocrx_word' id='word_1_172' title='bbox 1017 1831 1237 1887; x_wconf 86' lang='lat' dir='ltr'><strong>Christo</strong></span> <span class='ocrx_word' id='word_1_173' title='bbox 1269 1831 1616 1902; x_wconf 86' lang='lat' dir='ltr'><strong>mysterium,</strong></span> <span class='ocrx_word' id='word_1_174' title='bbox 1649 1839 1705 1887; x_wconf 90' lang='lat' dir='ltr'><strong>et</strong></span> <span class='ocrx_word' id='word_1_175' title='bbox 1728 1831 2060 1887; x_wconf 89' lang='lat' dir='ltr'><strong>ineamatio-</strong></span> 
     </span>
    </p>
   </div>
   <div class='ocr_carea' id='block_1_22' title="bbox 2235 1097 3740 1172">
    <p class='ocr_par' dir='ltr' id='par_1_22' title="bbox 2235 1097 3740 1172">
     <span class='ocr_line' id='line_1_22' title="bbox 2235 1097 3740 1172; baseline -0.003 -18"><span class='ocrx_word' id='word_1_176' title='bbox 2235 1098 2298 1154; x_wconf 89' lang='grc' dir='ltr'><strong>δ’.</strong></span> <span class='ocrx_word' id='word_1_177' title='bbox 2327 1101 2821 1172; x_wconf 82' lang='grc' dir='ltr'>Προσεπαθρητέον</span> <span class='ocrx_word' id='word_1_178' title='bbox 2857 1101 2913 1154; x_wconf 85' lang='grc' dir='ltr'><strong>δέ</strong></span> <span class='ocrx_word' id='word_1_179' title='bbox 2957 1103 3070 1165; x_wconf 86' lang='grc' dir='ltr'>τοῖς</span> <span class='ocrx_word' id='word_1_180' title='bbox 3112 1099 3427 1172; x_wconf 75' lang='grc' dir='ltr'>εἰρημένοις</span> <span class='ocrx_word' id='word_1_181' title='bbox 3467 1098 3560 1152; x_wconf 70' lang='grc' dir='ltr'>καὶ</span> <span class='ocrx_word' id='word_1_182' title='bbox 3598 1097 3740 1150; x_wconf 70' lang='grc' dir='ltr'>τόδε·</span> 
     </span>
    </p>
   </div>
   <div class='ocr_carea' id='block_1_23' title="bbox 2166 1186 3742 1259">
    <p class='ocr_par' dir='ltr' id='par_1_23' title="bbox 2166 1186 3742 1259">
     <span class='ocr_line' id='line_1_23' title="bbox 2166 1186 3742 1259; baseline 0 -19"><span class='ocrx_word' id='word_1_183' title='bbox 2166 1186 2438 1257; x_wconf 81' lang='grc' dir='ltr'>βλέπομεν</span> <span class='ocrx_word' id='word_1_184' title='bbox 2478 1187 2590 1259; x_wconf 86' lang='grc' dir='ltr'>γὰρ</span> <span class='ocrx_word' id='word_1_185' title='bbox 2619 1188 2744 1258; x_wconf 81' lang='grc' dir='ltr'>ἀρτι</span> <span class='ocrx_word' id='word_1_186' title='bbox 2771 1188 2840 1242; x_wconf 90' lang='grc' dir='ltr'>δι’</span> <span class='ocrx_word' id='word_1_187' title='bbox 2873 1189 3143 1259; x_wconf 73' lang='grc' dir='ltr'><strong>ἐσόπτρου</strong></span> <span class='ocrx_word' id='word_1_188' title='bbox 3185 1189 3280 1243; x_wconf 76' lang='grc' dir='ltr'><strong>καὶ</strong></span> <span class='ocrx_word' id='word_1_189' title='bbox 3319 1187 3645 1258; x_wconf 81' lang='grc' dir='ltr'>αἰνίγματος</span> <span class='ocrx_word' id='word_1_190' title='bbox 3671 1186 3742 1240; x_wconf 84' lang='grc' dir='ltr'><strong>τά</strong></span> 
     </span>
    </p>
   </div>
   <div class='ocr_carea' id='block_1_24' title="bbox 2165 1277 3744 1350">
    <p class='ocr_par' dir='ltr' id='par_1_24' title="bbox 2165 1277 3744 1350">
     <span class='ocr_line' id='line_1_24' title="bbox 2165 1277 3744 1350; baseline -0.002 -20"><span class='ocrx_word' id='word_1_191' title='bbox 2165 1277 2284 1331; x_wconf 84' lang='grc' dir='ltr'>θεῖα</span> <span class='ocrx_word' id='word_1_192' title='bbox 2317 1279 2468 1348; x_wconf 87' lang='grc' dir='ltr'>μόλις</span> <span class='ocrx_word' id='word_1_193' title='bbox 2509 1279 2787 1350; x_wconf 82' lang='grc' dir='ltr'>μυστήρια</span> <span class='ocrx_word' id='word_1_194' title='bbox 2817 1297 2831 1310; x_wconf 73' lang='grc' dir='ltr'><strong>ο</strong></span> <span class='ocrx_word' id='word_1_195' title='bbox 2865 1279 3177 1350; x_wconf 86' lang='grc' dir='ltr'>ὁλοκλήρως</span> <span class='ocrx_word' id='word_1_196' title='bbox 3209 1279 3266 1331; x_wconf 87' lang='grc' dir='ltr'><strong>δέ</strong></span> <span class='ocrx_word' id='word_1_197' title='bbox 3300 1278 3409 1331; x_wconf 85' lang='grc' dir='ltr'>τῶν</span> <span class='ocrx_word' id='word_1_198' title='bbox 3439 1277 3744 1345; x_wconf 83' lang='grc' dir='ltr'>γεγονότων</span> 
     </span>
    </p>
   </div>
   <div class='ocr_carea' id='block_1_25' title="bbox 2163 1366 3744 1440">
    <p class='ocr_par' dir='ltr' id='par_1_25' title="bbox 2163 1366 3744 1440">
     <span class='ocr_line' id='line_1_25' title="bbox 2163 1366 3744 1440; baseline -0.001 -20"><span class='ocrx_word' id='word_1_199' title='bbox 2163 1367 2316 1421; x_wconf 79' lang='grc' dir='ltr'>οὐδὲν</span> <span class='ocrx_word' id='word_1_200' title='bbox 2354 1368 2636 1439; x_wconf 80' lang='grc' dir='ltr'>ἐξομοιοῦν</span> <span class='ocrx_word' id='word_1_201' title='bbox 2683 1368 2896 1438; x_wconf 77' lang='grc' dir='ltr'>ἔχοντες</span> <span class='ocrx_word' id='word_1_202' title='bbox 2924 1371 2992 1440; x_wconf 78' lang='grc' dir='ltr'>τῇ</span> <span class='ocrx_word' id='word_1_203' title='bbox 3025 1368 3150 1438; x_wconf 84' lang='grc' dir='ltr'>θείᾳ</span> <span class='ocrx_word' id='word_1_204' title='bbox 3195 1385 3258 1421; x_wconf 88' lang='grc' dir='ltr'><strong>τε</strong></span> <span class='ocrx_word' id='word_1_205' title='bbox 3304 1369 3401 1421; x_wconf 78' lang='grc' dir='ltr'>καὶ</span> <span class='ocrx_word' id='word_1_206' title='bbox 3440 1366 3744 1438; x_wconf 74' lang='grc' dir='ltr'>ἀπορρήτῳ</span> 
     </span>
    </p>
   </div>
   <div class='ocr_carea' id='block_1_26' title="bbox 2165 1456 3745 1531">
    <p class='ocr_par' dir='ltr' id='par_1_26' title="bbox 2165 1456 3745 1531">
     <span class='ocr_line' id='line_1_26' title="bbox 2165 1456 3745 1531; baseline -0.003 -18"><span class='ocrx_word' id='word_1_207' title='bbox 2165 1459 2359 1528; x_wconf 84' lang='grc' dir='ltr'>φύσει,</span> <span class='ocrx_word' id='word_1_208' title='bbox 2413 1459 2479 1512; x_wconf 84' lang='grc' dir='ltr'><strong>ἐκ</strong></span> <span class='ocrx_word' id='word_1_209' title='bbox 2528 1459 2740 1531; x_wconf 86' lang='grc' dir='ltr'>μυρίων</span> <span class='ocrx_word' id='word_1_210' title='bbox 2793 1459 2933 1512; x_wconf 83' lang='grc' dir='ltr'>ὅσων</span> <span class='ocrx_word' id='word_1_211' title='bbox 2981 1458 3443 1529; x_wconf 82' lang='grc' dir='ltr'>παραδειγμάτων</span> <span class='ocrx_word' id='word_1_212' title='bbox 3505 1456 3745 1529; x_wconf 78' lang='grc' dir='ltr'>μετρίως</span> 
     </span>
    </p>
   </div>
   <div class='ocr_carea' id='block_1_27' title="bbox 2165 1546 3741 1623">
    <p class='ocr_par' dir='ltr' id='par_1_27' title="bbox 2165 1546 3741 1623">
     <span class='ocr_line' id='line_1_27' title="bbox 2165 1546 3741 1623; baseline -0.002 -20"><span class='ocrx_word' id='word_1_213' title='bbox 2165 1551 2528 1623; x_wconf 80' lang='grc' dir='ltr'>ἐρανιζόμεθα</span> <span class='ocrx_word' id='word_1_214' title='bbox 2576 1552 2638 1605; x_wconf 77' lang='grc' dir='ltr'>τὸ</span> <span class='ocrx_word' id='word_1_215' title='bbox 2693 1551 2957 1606; x_wconf 84' lang='grc' dir='ltr'>δύνασθαί</span> <span class='ocrx_word' id='word_1_216' title='bbox 2995 1569 3050 1604; x_wconf 86' lang='grc' dir='ltr'>τι</span> <span class='ocrx_word' id='word_1_217' title='bbox 3091 1551 3223 1622; x_wconf 80' lang='grc' dir='ltr'>περὶ</span> <span class='ocrx_word' id='word_1_218' title='bbox 3263 1551 3435 1619; x_wconf 84' lang='grc' dir='ltr'>αὐτῆς</span> <span class='ocrx_word' id='word_1_219' title='bbox 3468 1550 3501 1619; x_wconf 79' lang='grc' dir='ltr'>ἢ</span> <span class='ocrx_word' id='word_1_220' title='bbox 3538 1550 3678 1601; x_wconf 83' lang='grc' dir='ltr'>νοεῖν</span> <span class='ocrx_word' id='word_1_221' title='bbox 3706 1546 3741 1616; x_wconf 76' lang='grc' dir='ltr'>ἢ</span> 
     </span>
    </p>
   </div>
   <div class='ocr_carea' id='block_1_28' title="bbox 2165 1636 3745 1713">
    <p class='ocr_par' dir='ltr' id='par_1_28' title="bbox 2165 1636 3745 1713">
     <span class='ocr_line' id='line_1_28' title="bbox 2165 1636 3745 1713; baseline -0.003 -17"><span class='ocrx_word' id='word_1_222' title='bbox 2165 1642 2374 1713; x_wconf 81' lang='grc' dir='ltr'>φράσαι</span> <span class='ocrx_word' id='word_1_223' title='bbox 2414 1642 2559 1696; x_wconf 86' lang='grc' dir='ltr'>κατά</span> <span class='ocrx_word' id='word_1_224' title='bbox 2599 1659 2664 1711; x_wconf 88' lang='grc' dir='ltr'><strong>γε</strong></span> <span class='ocrx_word' id='word_1_225' title='bbox 2705 1643 2767 1696; x_wconf 83' lang='grc' dir='ltr'>τὸ</span> <span class='ocrx_word' id='word_1_226' title='bbox 2798 1642 3042 1711; x_wconf 84' lang='grc' dir='ltr'>ἐφικτόν.</span> <span class='ocrx_word' id='word_1_227' title='bbox 3075 1642 3242 1696; x_wconf 81' lang='grc' dir='ltr'>Οὐδὲν</span> <span class='ocrx_word' id='word_1_228' title='bbox 3273 1641 3330 1695; x_wconf 86' lang='grc' dir='ltr'><strong>δέ</strong></span> <span class='ocrx_word' id='word_1_229' title='bbox 3369 1636 3531 1712; x_wconf 87' lang='grc' dir='ltr'>ἦττον</span> <span class='ocrx_word' id='word_1_230' title='bbox 3560 1640 3745 1708; x_wconf 87' lang='grc' dir='ltr'>ἀσυμ-</span> 
     </span>
    </p>
   </div>
   <div class='ocr_carea' id='block_1_29' title="bbox 2165 1731 3746 1804">
    <p class='ocr_par' dir='ltr' id='par_1_29' title="bbox 2165 1731 3746 1804">
     <span class='ocr_line' id='line_1_29' title="bbox 2165 1731 3746 1804; baseline -0.002 -18"><span class='ocrx_word' id='word_1_231' title='bbox 2165 1733 2333 1802; x_wconf 84' lang='grc' dir='ltr'>φανὲς</span> <span class='ocrx_word' id='word_1_232' title='bbox 2370 1734 2510 1803; x_wconf 82' lang='grc' dir='ltr'>ἄγαν</span> <span class='ocrx_word' id='word_1_233' title='bbox 2543 1735 2660 1787; x_wconf 78' lang='grc' dir='ltr'>ἐστὶ</span> <span class='ocrx_word' id='word_1_234' title='bbox 2691 1735 2757 1787; x_wconf 85' lang='grc' dir='ltr'>τὺ</span> <span class='ocrx_word' id='word_1_235' title='bbox 2797 1734 2892 1786; x_wconf 63' lang='grc' dir='ltr'><strong>ἐπὶ¹</strong></span> <span class='ocrx_word' id='word_1_236' title='bbox 2942 1732 3180 1804; x_wconf 78' lang='grc' dir='ltr'>Χριστοῦ</span> <span class='ocrx_word' id='word_1_237' title='bbox 3226 1734 3560 1803; x_wconf 88' lang='grc' dir='ltr'>μυστήριον,</span> <span class='ocrx_word' id='word_1_238' title='bbox 3591 1731 3686 1784; x_wconf 75' lang='grc' dir='ltr'>καὶ</span> <span class='ocrx_word' id='word_1_239' title='bbox 3715 1732 3746 1783; x_wconf 93' lang='lat'><strong>6</strong></span> 
     </span>
    </p>
   </div>
   <div class='ocr_carea' id='block_1_30' title="bbox 2163 1823 3748 1900">
    <p class='ocr_par' dir='ltr' id='par_1_30' title="bbox 2163 1823 3748 1900">
     <span class='ocr_line' id='line_1_30' title="bbox 2163 1823 3748 1900; baseline -0.001 -21"><span class='ocrx_word' id='word_1_240' title='bbox 2163 1827 2263 1898; x_wconf 88' lang='grc' dir='ltr'><strong>τῆς</strong></span> <span class='ocrx_word' id='word_1_241' title='bbox 2304 1827 2773 1900; x_wconf 85' lang='grc' dir='ltr'>ἐνανθρωπήσεως</span> <span class='ocrx_word' id='word_1_242' title='bbox 2804 1827 2962 1896; x_wconf 86' lang='grc' dir='ltr'>λὸγος</span> <span class='ocrx_word' id='word_1_243' title='bbox 3004 1829 3064 1880; x_wconf 85' lang='grc' dir='ltr'>οὺ</span> <span class='ocrx_word' id='word_1_244' title='bbox 3097 1829 3214 1890; x_wconf 81' lang='grc' dir='ltr'>τοῖς</span> <span class='ocrx_word' id='word_1_245' title='bbox 3254 1825 3514 1896; x_wconf 80' lang='grc' dir='ltr'>τυχοῦσιν</span> <span class='ocrx_word' id='word_1_246' title='bbox 3545 1823 3748 1880; x_wconf 83' lang='grc' dir='ltr'>ἁλώσι-</span> 
     </span>
    </p>
   </div>
   <div class='ocr_carea' id='block_1_31' title="bbox 477 1917 2066 1994">
    <p class='ocr_par' dir='ltr' id='par_1_31' title="bbox 477 1921 2064 1994">
     <span class='ocr_line' id='line_1_31' title="bbox 477 1921 2064 1994; baseline 0.002 -19"><span class='ocrx_word' id='word_1_247' title='bbox 477 1921 568 1976; x_wconf 91' lang='lat' dir='ltr'><strong>nis</strong></span> <span class='ocrx_word' id='word_1_248' title='bbox 600 1922 742 1976; x_wconf 89' lang='lat' dir='ltr'><strong>ratio</strong></span> <span class='ocrx_word' id='word_1_249' title='bbox 771 1938 883 1977; x_wconf 90' lang='lat' dir='ltr'><strong>non</strong></span> <span class='ocrx_word' id='word_1_250' title='bbox 920 1922 1152 1976; x_wconf 84' lang='lat' dir='ltr'><strong>cuilibet</strong></span> <span class='ocrx_word' id='word_1_251' title='bbox 1183 1937 1214 1978; x_wconf 91' lang='lat' dir='ltr'><strong>e</strong></span> <span class='ocrx_word' id='word_1_252' title='bbox 1244 1923 1409 1994; x_wconf 81' lang='lat' dir='ltr'><strong>vulgo</strong></span> <span class='ocrx_word' id='word_1_253' title='bbox 1438 1922 1670 1993; x_wconf 81' lang='lat' dir='ltr'><strong>intelligi</strong></span> <span class='ocrx_word' id='word_1_254' title='bbox 1697 1932 1896 1992; x_wconf 81' lang='lat' dir='ltr'><strong>potest.</strong></span> <span class='ocrx_word' id='word_1_255' title='bbox 1930 1923 2064 1978; x_wconf 91' lang='lat' dir='ltr'><strong>Pro-</strong></span> 
     </span>
    </p>
   </div>
   <div class='ocr_carea' id='block_1_32' title="bbox 2166 1917 3748 1994">
    <p class='ocr_par' dir='ltr' id='par_1_32' title="bbox 2168 1917 3748 1991">
     <span class='ocr_line' id='line_1_32' title="bbox 2168 1917 3748 1991; baseline -0.003 -19"><span class='ocrx_word' id='word_1_256' title='bbox 2168 1937 2286 1990; x_wconf 92' lang='grc' dir='ltr'>μος.</span> <span class='ocrx_word' id='word_1_257' title='bbox 2326 1920 2509 1984; x_wconf 80' lang='grc' dir='ltr'>Βαθὺς</span> <span class='ocrx_word' id='word_1_258' title='bbox 2539 1921 2595 1974; x_wconf 87' lang='grc' dir='ltr'>δὲ</span> <span class='ocrx_word' id='word_1_259' title='bbox 2625 1920 2689 1991; x_wconf 84' lang='grc' dir='ltr'>δὴ</span> <span class='ocrx_word' id='word_1_260' title='bbox 2729 1919 2850 1973; x_wconf 87' lang='grc' dir='ltr'>λίαν</span> <span class='ocrx_word' id='word_1_261' title='bbox 2875 1921 2975 1991; x_wconf 92' lang='grc' dir='ltr'><strong>τῆς</strong></span> <span class='ocrx_word' id='word_1_262' title='bbox 3013 1918 3324 1988; x_wconf 79' lang='grc' dir='ltr'>οἰκονομίας</span> <span class='ocrx_word' id='word_1_263' title='bbox 3347 1921 3375 1971; x_wconf 97' lang='lat'><strong>6</strong></span> <span class='ocrx_word' id='word_1_264' title='bbox 3398 1918 3578 1986; x_wconf 85' lang='grc' dir='ltr'>λόγος.</span> <span class='ocrx_word' id='word_1_265' title='bbox 3611 1917 3748 1981; x_wconf 77' lang='grc' dir='ltr'>Θεὸς</span> 
     </span>
    </p>
   </div>
   <div class='ocr_carea' id='block_1_33' title="bbox 477 2012 2062 2086">
    <p class='ocr_par' dir='ltr' id='par_1_33' title="bbox 477 2012 2062 2086">
     <span class='ocr_line' id='line_1_33' title="bbox 477 2012 2062 2086; baseline 0.003 -19"><span class='ocrx_word' id='word_1_266' title='bbox 477 2012 650 2068; x_wconf 83' lang='lat' dir='ltr'><strong>funda</strong></span> <span class='ocrx_word' id='word_1_267' title='bbox 683 2014 884 2085; x_wconf 90' lang='lat' dir='ltr'><strong>quippe</strong></span> <span class='ocrx_word' id='word_1_268' title='bbox 909 2014 1204 2069; x_wconf 87' lang='lat' dir='ltr'><strong>admodum</strong></span> <span class='ocrx_word' id='word_1_269' title='bbox 1258 2024 1344 2070; x_wconf 87' lang='lat' dir='ltr'><strong>est</strong></span> <span class='ocrx_word' id='word_1_270' title='bbox 1387 2015 1586 2071; x_wconf 76' lang='lat' dir='ltr'><strong>divina:</strong></span> <span class='ocrx_word' id='word_1_271' title='bbox 1635 2015 2062 2086; x_wconf 85' lang='lat' dir='ltr'><strong>dispensationis</strong></span> 
     </span>
    </p>
   </div>
   <div class='ocr_carea' id='block_1_34' title="bbox 483 2105 2062 2172">
    <p class='ocr_par' dir='ltr' id='par_1_34' title="bbox 483 2105 2062 2172">
     <span class='ocr_line' id='line_1_34' title="bbox 483 2105 2062 2172; baseline 0.003 -14"><span class='ocrx_word' id='word_1_272' title='bbox 483 2105 646 2158; x_wconf 88' lang='lat' dir='ltr'><strong>ratio.</strong></span> <span class='ocrx_word' id='word_1_273' title='bbox 676 2105 823 2160; x_wconf 91' lang='lat' dir='ltr'><strong>Deus</strong></span> <span class='ocrx_word' id='word_1_274' title='bbox 837 2106 986 2160; x_wconf 88' lang='lat' dir='ltr'><strong>enim</strong></span> <span class='ocrx_word' id='word_1_275' title='bbox 1014 2106 1305 2172; x_wconf 78' lang='lat' dir='ltr'><strong>exsistens,</strong></span> <span class='ocrx_word' id='word_1_276' title='bbox 1334 2114 1391 2161; x_wconf 90' lang='lat' dir='ltr'><strong>et</strong></span> <span class='ocrx_word' id='word_1_277' title='bbox 1410 2122 1477 2161; x_wconf 78' lang='lat' dir='ltr'><strong>ex</strong></span> <span class='ocrx_word' id='word_1_278' title='bbox 1491 2107 1603 2162; x_wconf 90' lang='lat' dir='ltr'><strong>Deo</strong></span> <span class='ocrx_word' id='word_1_279' title='bbox 1623 2107 1922 2162; x_wconf 89' lang='lat' dir='ltr'><strong>secundum</strong></span> <span class='ocrx_word' id='word_1_280' title='bbox 1960 2123 2062 2162; x_wconf 90' lang='lat' dir='ltr'><strong>na-</strong></span> 
     </span>
    </p>
   </div>
   <div class='ocr_carea' id='block_1_35' title="bbox 479 2195 2062 2266">
    <p class='ocr_par' dir='ltr' id='par_1_35' title="bbox 479 2195 2062 2266">
     <span class='ocr_line' id='line_1_35' title="bbox 479 2195 2062 2266; baseline 0.001 -18"><span class='ocrx_word' id='word_1_281' title='bbox 479 2201 660 2250; x_wconf 90' lang='lat' dir='ltr'><strong>turam</strong></span> <span class='ocrx_word' id='word_1_282' title='bbox 689 2195 1033 2266; x_wconf 87' lang='lat' dir='ltr'><strong>Unigenitus,</strong></span> <span class='ocrx_word' id='word_1_283' title='bbox 1065 2195 1243 2252; x_wconf 86' lang='lat' dir='ltr'><strong>factus</strong></span> <span class='ocrx_word' id='word_1_284' title='bbox 1268 2205 1354 2252; x_wconf 88' lang='lat' dir='ltr'><strong>est</strong></span> <span class='ocrx_word' id='word_1_285' title='bbox 1372 2197 1558 2262; x_wconf 88' lang='lat' dir='ltr'><strong>homo,</strong></span> <span class='ocrx_word' id='word_1_286' title='bbox 1581 2215 1601 2248; x_wconf 83' lang='grc'>‹</span> <span class='ocrx_word' id='word_1_287' title='bbox 1633 2205 1692 2252; x_wconf 84' lang='grc' dir='ltr'><strong>ει</strong></span> <span class='ocrx_word' id='word_1_288' title='bbox 1716 2196 1985 2252; x_wconf 86' lang='lat' dir='ltr'><strong>habitavit</strong></span> <span class='ocrx_word' id='word_1_289' title='bbox 2006 2196 2062 2250; x_wconf 91' lang='lat' dir='ltr'><strong>in</strong></span> 
     </span>
    </p>
   </div>
   <div class='ocr_carea' id='block_1_36' title="bbox 476 2285 2064 2358">
    <p class='ocr_par' dir='ltr' id='par_1_36' title="bbox 476 2285 2064 2358">
     <span class='ocr_line' id='line_1_36' title="bbox 476 2285 2064 2358; baseline -0.001 -17"><span class='ocrx_word' id='word_1_290' title='bbox 476 2287 638 2341; x_wconf 86' lang='lat' dir='ltr'><strong>nobis</strong></span> <span class='ocrx_word' id='word_1_291' title='bbox 653 2288 718 2340; x_wconf 79' lang='grc'><strong>⁷³.</strong></span> <span class='ocrx_word' id='word_1_292' title='bbox 748 2306 766 2338; x_wconf 76' lang='grc' dir='ltr'><strong>ι</strong></span> <span class='ocrx_word' id='word_1_293' title='bbox 807 2287 1044 2342; x_wconf 86' lang='lat' dir='ltr'><strong>Vocatus</strong></span> <span class='ocrx_word' id='word_1_294' title='bbox 1069 2287 1235 2342; x_wconf 87' lang='lat' dir='ltr'><strong>etiam</strong></span> <span class='ocrx_word' id='word_1_295' title='bbox 1279 2296 1364 2344; x_wconf 88' lang='lat' dir='ltr'><strong>est</strong></span> <span class='ocrx_word' id='word_1_296' title='bbox 1400 2285 1683 2358; x_wconf 61' lang='lat' dir='ltr'><strong>Apostolus</strong></span> <span class='ocrx_word' id='word_1_297' title='bbox 1731 2297 1786 2342; x_wconf 91' lang='lat' dir='ltr'><strong>et</strong></span> <span class='ocrx_word' id='word_1_298' title='bbox 1815 2286 2064 2356; x_wconf 68' lang='lat' dir='ltr'><strong>Pontifex</strong></span> 
     </span>
    </p>
   </div>
   <div class='ocr_carea' id='block_1_37' title="bbox 477 2377 2064 2448">
    <p class='ocr_par' dir='ltr' id='par_1_37' title="bbox 477 2377 2064 2448">
     <span class='ocr_line' id='line_1_37' title="bbox 477 2377 2064 2448; baseline 0.001 -17"><span class='ocrx_word' id='word_1_299' title='bbox 477 2378 737 2443; x_wconf 78' lang='lat' dir='ltr'><strong>noster&quot;,</strong></span> <span class='ocrx_word' id='word_1_300' title='bbox 766 2377 1132 2448; x_wconf 86' lang='lat' dir='ltr'><strong>liberavitque</strong></span> <span class='ocrx_word' id='word_1_301' title='bbox 1156 2394 1259 2434; x_wconf 89' lang='lat' dir='ltr'><strong>nos</strong></span> <span class='ocrx_word' id='word_1_302' title='bbox 1281 2394 1313 2433; x_wconf 89' lang='lat' dir='ltr'><strong>a</strong></span> <span class='ocrx_word' id='word_1_303' title='bbox 1340 2377 1681 2433; x_wconf 89' lang='lat' dir='ltr'><strong>balbutiente</strong></span> <span class='ocrx_word' id='word_1_304' title='bbox 1703 2379 1845 2448; x_wconf 92' lang='lat' dir='ltr'><strong>lege,</strong></span> <span class='ocrx_word' id='word_1_305' title='bbox 1879 2387 2064 2434; x_wconf 86' lang='lat' dir='ltr'><strong>trans-</strong></span> 
     </span>
    </p>
   </div>
   <div class='ocr_carea' id='block_1_38' title="bbox 479 2468 2065 2548">
    <p class='ocr_par' dir='ltr' id='par_1_38' title="bbox 479 2468 2065 2548">
     <span class='ocr_line' id='line_1_38' title="bbox 479 2468 2065 2548; baseline 0.002 -26"><span class='ocrx_word' id='word_1_306' title='bbox 479 2469 714 2538; x_wconf 88' lang='lat' dir='ltr'><strong>tulitque</strong></span> <span class='ocrx_word' id='word_1_307' title='bbox 755 2468 822 2522; x_wconf 90' lang='lat' dir='ltr'><strong>ad</strong></span> <span class='ocrx_word' id='word_1_308' title='bbox 867 2469 1196 2548; x_wconf 62' lang='lat' dir='ltr'><strong>evangelicae</strong></span> <span class='ocrx_word' id='word_1_309' title='bbox 1226 2469 1535 2540; x_wconf 67' lang='lat' dir='ltr'><strong>disciplinae</strong></span> <span class='ocrx_word' id='word_1_310' title='bbox 1559 2469 1890 2524; x_wconf 91' lang='lat' dir='ltr'><strong>concinnum</strong></span> <span class='ocrx_word' id='word_1_311' title='bbox 1925 2485 2065 2539; x_wconf 66' lang='lat' dir='ltr'><strong>pra:-</strong></span> 
     </span>
    </p>
   </div>
   <div class='ocr_carea' id='block_1_39' title="bbox 479 2561 2058 2632">
    <p class='ocr_par' dir='ltr' id='par_1_39' title="bbox 479 2561 2058 2632">
     <span class='ocr_line' id='line_1_39' title="bbox 479 2561 2058 2632; baseline 0 -16"><span class='ocrx_word' id='word_1_312' title='bbox 479 2561 723 2616; x_wconf 89' lang='lat' dir='ltr'><strong>conium.</strong></span> <span class='ocrx_word' id='word_1_313' title='bbox 755 2561 945 2632; x_wconf 89' lang='lat' dir='ltr'><strong>Neque</strong></span> <span class='ocrx_word' id='word_1_314' title='bbox 999 2562 1055 2616; x_wconf 88' lang='lat' dir='ltr'><strong>id</strong></span> <span class='ocrx_word' id='word_1_315' title='bbox 1095 2563 1274 2618; x_wconf 87' lang='lat' dir='ltr'><strong>solum</strong></span> <span class='ocrx_word' id='word_1_316' title='bbox 1314 2581 1326 2617; x_wconf 94' lang='lat'>:</span> <span class='ocrx_word' id='word_1_317' title='bbox 1369 2578 1560 2618; x_wconf 91' lang='lat' dir='ltr'><strong>verum</strong></span> <span class='ocrx_word' id='word_1_318' title='bbox 1585 2562 1751 2618; x_wconf 89' lang='lat' dir='ltr'><strong>etiam</strong></span> <span class='ocrx_word' id='word_1_319' title='bbox 1785 2577 1910 2618; x_wconf 90' lang='lat' dir='ltr'><strong>cum</strong></span> <span class='ocrx_word' id='word_1_320' title='bbox 1964 2577 2058 2617; x_wconf 90' lang='lat' dir='ltr'><strong>ca-</strong></span> 
     </span>
    </p>
   </div>
   <div class='ocr_carea' id='block_1_40' title="bbox 479 2649 2059 2725">
    <p class='ocr_par' dir='ltr' id='par_1_40' title="bbox 479 2649 2059 2725">
     <span class='ocr_line' id='line_1_40' title="bbox 479 2649 2059 2725; baseline 0.001 -19"><span class='ocrx_word' id='word_1_321' title='bbox 479 2652 618 2723; x_wconf 87' lang='lat' dir='ltr'><strong>ptivi</strong></span> <span class='ocrx_word' id='word_1_322' title='bbox 653 2667 918 2719; x_wconf 82' lang='lat' dir='ltr'><strong>essemus,</strong></span> <span class='ocrx_word' id='word_1_323' title='bbox 938 2653 993 2708; x_wconf 92' lang='lat' dir='ltr'><strong>in</strong></span> <span class='ocrx_word' id='word_1_324' title='bbox 1019 2654 1334 2710; x_wconf 90' lang='lat' dir='ltr'><strong>libertatem</strong></span> <span class='ocrx_word' id='word_1_325' title='bbox 1365 2654 1623 2721; x_wconf 90' lang='lat' dir='ltr'><strong>asseruit,</strong></span> <span class='ocrx_word' id='word_1_326' title='bbox 1655 2653 1873 2709; x_wconf 89' lang='lat' dir='ltr'><strong>devicto</strong></span> <span class='ocrx_word' id='word_1_327' title='bbox 1899 2649 2059 2725; x_wconf 85' lang='lat' dir='ltr'><strong>prin-</strong></span> 
     </span>
    </p>
   </div>
   <div class='ocr_carea' id='block_1_41' title="bbox 481 2743 2066 2816">
    <p class='ocr_par' dir='ltr' id='par_1_41' title="bbox 481 2743 2066 2816">
     <span class='ocr_line' id='line_1_41' title="bbox 481 2743 2066 2816; baseline 0.002 -19"><span class='ocrx_word' id='word_1_328' title='bbox 481 2743 604 2814; x_wconf 88' lang='lat' dir='ltr'><strong>cipe</strong></span> <span class='ocrx_word' id='word_1_329' title='bbox 654 2743 818 2815; x_wconf 88' lang='lat' dir='ltr'><strong>hujus</strong></span> <span class='ocrx_word' id='word_1_330' title='bbox 841 2745 1059 2810; x_wconf 63' lang='lat' dir='ltr'><strong>saeculi,</strong></span> <span class='ocrx_word' id='word_1_331' title='bbox 1114 2754 1172 2801; x_wconf 90' lang='lat' dir='ltr'><strong>et</strong></span> <span class='ocrx_word' id='word_1_332' title='bbox 1211 2762 1280 2801; x_wconf 80' lang='lat' dir='ltr'><strong>ex</strong></span> <span class='ocrx_word' id='word_1_333' title='bbox 1314 2746 1567 2802; x_wconf 84' lang='lat' dir='ltr'><strong>faucibus</strong></span> <span class='ocrx_word' id='word_1_334' title='bbox 1617 2746 1821 2801; x_wconf 88' lang='lat' dir='ltr'><strong>inferni</strong></span> <span class='ocrx_word' id='word_1_335' title='bbox 1861 2746 2066 2816; x_wconf 87' lang='lat' dir='ltr'><strong>eripuit</strong></span> 
     </span>
    </p>
   </div>
   <div class='ocr_carea' id='block_1_42' title="bbox 482 2833 2065 2908">
    <p class='ocr_par' dir='ltr' id='par_1_42' title="bbox 482 2833 2065 2908">
     <span class='ocr_line' id='line_1_42' title="bbox 482 2833 2065 2908; baseline 0.003 -21"><span class='ocrx_word' id='word_1_336' title='bbox 482 2833 709 2903; x_wconf 90' lang='lat' dir='ltr'><strong>sopitos,</strong></span> <span class='ocrx_word' id='word_1_337' title='bbox 733 2843 789 2889; x_wconf 90' lang='lat' dir='ltr'><strong>et</strong></span> <span class='ocrx_word' id='word_1_338' title='bbox 824 2833 1074 2890; x_wconf 84' lang='lat' dir='ltr'><strong>fundavit</strong></span> <span class='ocrx_word' id='word_1_339' title='bbox 1104 2837 1328 2906; x_wconf 89' lang='lat' dir='ltr'><strong>quidem</strong></span> <span class='ocrx_word' id='word_1_340' title='bbox 1355 2837 1678 2901; x_wconf 89' lang='lat' dir='ltr'><strong>Ecclesiam,</strong></span> <span class='ocrx_word' id='word_1_341' title='bbox 1700 2837 2065 2908; x_wconf 89' lang='lat' dir='ltr'><strong>princepsque</strong></span> 
     </span>
    </p>
   </div>
   <div class='ocr_carea' id='block_1_43' title="bbox 481 2923 2066 2996">
    <p class='ocr_par' dir='ltr' id='par_1_43' title="bbox 481 2923 2066 2996">
     <span class='ocr_line' id='line_1_43' title="bbox 481 2923 2066 2996; baseline 0.003 -18"><span class='ocrx_word' id='word_1_342' title='bbox 481 2923 539 2978; x_wconf 87' lang='lat' dir='ltr'><strong>in</strong></span> <span class='ocrx_word' id='word_1_343' title='bbox 561 2940 662 2979; x_wconf 91' lang='lat' dir='ltr'><strong>nos</strong></span> <span class='ocrx_word' id='word_1_344' title='bbox 686 2925 1035 2996; x_wconf 86' lang='lat' dir='ltr'><strong>designatus,</strong></span> <span class='ocrx_word' id='word_1_345' title='bbox 1070 2927 1374 2990; x_wconf 84' lang='lat' dir='ltr'><strong>transmisit</strong></span> <span class='ocrx_word' id='word_1_346' title='bbox 1407 2929 1464 2983; x_wconf 90' lang='lat' dir='ltr'><strong>in</strong></span> <span class='ocrx_word' id='word_1_347' title='bbox 1493 2927 1599 2983; x_wconf 85' lang='lat' dir='ltr'><strong>fide</strong></span> <span class='ocrx_word' id='word_1_348' title='bbox 1615 2926 1933 2993; x_wconf 68' lang='lat' dir='ltr'><strong>Iordanem,</strong></span> <span class='ocrx_word' id='word_1_349' title='bbox 1958 2928 2066 2982; x_wconf 91' lang='lat' dir='ltr'><strong>lar-</strong></span> 
     </span>
    </p>
   </div>
   <div class='ocr_carea' id='block_1_44' title="bbox 481 3014 2069 3088">
    <p class='ocr_par' dir='ltr' id='par_1_44' title="bbox 481 3014 2069 3088">
     <span class='ocr_line' id='line_1_44' title="bbox 481 3014 2069 3088; baseline 0.001 -20"><span class='ocrx_word' id='word_1_350' title='bbox 481 3014 732 3084; x_wconf 88' lang='lat' dir='ltr'><strong>gitusque</strong></span> <span class='ocrx_word' id='word_1_351' title='bbox 761 3024 847 3071; x_wconf 87' lang='lat' dir='ltr'><strong>est</strong></span> <span class='ocrx_word' id='word_1_352' title='bbox 882 3015 1358 3072; x_wconf 89' lang='lat' dir='ltr'><strong>circumcisionem</strong></span> <span class='ocrx_word' id='word_1_353' title='bbox 1389 3016 1446 3071; x_wconf 89' lang='lat' dir='ltr'><strong>in</strong></span> <span class='ocrx_word' id='word_1_354' title='bbox 1476 3017 1696 3088; x_wconf 88' lang='lat' dir='ltr'><strong>spiritu,</strong></span> <span class='ocrx_word' id='word_1_355' title='bbox 1725 3025 1889 3086; x_wconf 88' lang='lat' dir='ltr'><strong>atque</strong></span> <span class='ocrx_word' id='word_1_356' title='bbox 1927 3015 2069 3071; x_wconf 87' lang='lat' dir='ltr'><strong>adeo</strong></span> 
     </span>
    </p>
   </div>
   <div class='ocr_carea' id='block_1_45' title="bbox 482 3106 2066 3181">
    <p class='ocr_par' dir='ltr' id='par_1_45' title="bbox 482 3106 2066 3181">
     <span class='ocr_line' id='line_1_45' title="bbox 482 3106 2066 3181; baseline 0 -18"><span class='ocrx_word' id='word_1_357' title='bbox 482 3106 540 3163; x_wconf 90' lang='lat' dir='ltr'><strong>in</strong></span> <span class='ocrx_word' id='word_1_358' title='bbox 585 3123 814 3179; x_wconf 88' lang='lat' dir='ltr'><strong>regnum</strong></span> <span class='ocrx_word' id='word_1_359' title='bbox 849 3111 1119 3165; x_wconf 71' lang='lat' dir='ltr'><strong>emlorum</strong></span> <span class='ocrx_word' id='word_1_360' title='bbox 1174 3110 1408 3167; x_wconf 84' lang='lat' dir='ltr'><strong>induxit.</strong></span> <span class='ocrx_word' id='word_1_361' title='bbox 1461 3111 1617 3178; x_wconf 87' lang='lat' dir='ltr'><strong>Quod</strong></span> <span class='ocrx_word' id='word_1_362' title='bbox 1675 3111 1860 3181; x_wconf 87' lang='lat' dir='ltr'><strong>itaque</strong></span> <span class='ocrx_word' id='word_1_363' title='bbox 1899 3110 2066 3164; x_wconf 89' lang='lat' dir='ltr'><strong>homo</strong></span> 
     </span>
    </p>
   </div>
   <div class='ocr_carea' id='block_1_46' title="bbox 483 3198 2068 3270">
    <p class='ocr_par' dir='ltr' id='par_1_46' title="bbox 483 3198 2068 3270">
     <span class='ocr_line' id='line_1_46' title="bbox 483 3198 2068 3270; baseline 0.004 -21"><span class='ocrx_word' id='word_1_364' title='bbox 483 3198 787 3252; x_wconf 88' lang='lat' dir='ltr'><strong>secundum</strong></span> <span class='ocrx_word' id='word_1_365' title='bbox 825 3215 925 3253; x_wconf 86' lang='lat' dir='ltr'><strong>nos</strong></span> <span class='ocrx_word' id='word_1_366' title='bbox 951 3199 1126 3255; x_wconf 87' lang='lat' dir='ltr'><strong>factus</strong></span> <span class='ocrx_word' id='word_1_367' title='bbox 1174 3202 1280 3268; x_wconf 90' lang='lat' dir='ltr'><strong>sit,</strong></span> <span class='ocrx_word' id='word_1_368' title='bbox 1303 3201 1498 3266; x_wconf 90' lang='lat' dir='ltr'><strong>divini,</strong></span> <span class='ocrx_word' id='word_1_369' title='bbox 1527 3203 1790 3267; x_wconf 89' lang='lat' dir='ltr'><strong>arbitror,</strong></span> <span class='ocrx_word' id='word_1_370' title='bbox 1831 3217 2068 3270; x_wconf 88' lang='lat' dir='ltr'><strong>evange-</strong></span> 
     </span>
    </p>
   </div>
   <div class='ocr_carea' id='block_1_47' title="bbox 484 3262 2134 3356">
    <p class='ocr_par' dir='ltr' id='par_1_47' title="bbox 484 3262 2134 3356">
     <span class='ocr_line' id='line_1_47' title="bbox 484 3262 2134 3356; baseline 0.001 -15"><span class='ocrx_word' id='word_1_371' title='bbox 484 3287 624 3342; x_wconf 82' lang='lat' dir='ltr'><strong>listae</strong></span> <span class='ocrx_word' id='word_1_372' title='bbox 647 3288 1019 3343; x_wconf 88' lang='lat' dir='ltr'><strong>testimonium</strong></span> <span class='ocrx_word' id='word_1_373' title='bbox 1052 3262 1350 3356; x_wconf 80' lang='lat' dir='ltr'><strong>suffecerit,</strong></span> <span class='ocrx_word' id='word_1_374' title='bbox 1378 3262 1615 3346; x_wconf 87' lang='lat' dir='ltr'><strong>dicentis</strong></span> <span class='ocrx_word' id='word_1_375' title='bbox 1644 3309 1657 3344; x_wconf 78' lang='grc' dir='ltr'><strong>ε</strong></span> <span class='ocrx_word' id='word_1_376' title='bbox 1692 3311 1710 3343; x_wconf 77' lang='grc' dir='ltr'><strong>ι</strong></span> <span class='ocrx_word' id='word_1_377' title='bbox 1729 3262 1798 3345; x_wconf 77' lang='lat' dir='ltr'><strong>Et</strong></span> <span class='ocrx_word' id='word_1_378' title='bbox 1818 3262 2063 3346; x_wconf 69' lang='lat' dir='ltr'><strong>Verbum</strong></span> <span class='ocrx_word' id='word_1_379' title='bbox 2091 3262 2134 3320; x_wconf 76' lang='lat' dir='ltr'><strong>C</strong></span> 
     </span>
    </p>
   </div>
   <div class='ocr_carea' id='block_1_48' title="bbox 485 3379 2063 3451">
    <p class='ocr_par' dir='ltr' id='par_1_48' title="bbox 485 3379 2063 3451">
     <span class='ocr_line' id='line_1_48' title="bbox 485 3379 2063 3451; baseline 0.004 -18"><span class='ocrx_word' id='word_1_380' title='bbox 485 3394 613 3434; x_wconf 89' lang='lat' dir='ltr'><strong>caro</strong></span> <span class='ocrx_word' id='word_1_381' title='bbox 640 3379 845 3434; x_wconf 84' lang='lat' dir='ltr'><strong>factum</strong></span> <span class='ocrx_word' id='word_1_382' title='bbox 874 3387 960 3436; x_wconf 83' lang='lat' dir='ltr'><strong>est</strong></span> <span class='ocrx_word' id='word_1_383' title='bbox 983 3422 996 3446; x_wconf 91' lang='lat'><strong>,</strong></span> <span class='ocrx_word' id='word_1_384' title='bbox 1039 3390 1096 3438; x_wconf 92' lang='lat' dir='ltr'><strong>et</strong></span> <span class='ocrx_word' id='word_1_385' title='bbox 1125 3382 1394 3438; x_wconf 86' lang='lat' dir='ltr'><strong>habitavit</strong></span> <span class='ocrx_word' id='word_1_386' title='bbox 1421 3385 1479 3439; x_wconf 92' lang='lat' dir='ltr'><strong>in</strong></span> <span class='ocrx_word' id='word_1_387' title='bbox 1511 3385 1691 3440; x_wconf 90' lang='lat' dir='ltr'><strong>nobis.</strong></span> <span class='ocrx_word' id='word_1_388' title='bbox 1723 3404 1741 3436; x_wconf 75' lang='grc' dir='ltr'><strong>ι</strong></span> <span class='ocrx_word' id='word_1_389' title='bbox 1771 3384 1927 3451; x_wconf 83' lang='lat' dir='ltr'><strong>Quod</strong></span> <span class='ocrx_word' id='word_1_390' title='bbox 1963 3401 2063 3440; x_wconf 89' lang='lat' dir='ltr'><strong>au-</strong></span> 
     </span>
    </p>
   </div>
   <div class='ocr_carea' id='block_1_49' title="bbox 488 3473 2061 3546">
    <p class='ocr_par' dir='ltr' id='par_1_49' title="bbox 488 3473 2061 3546">
     <span class='ocr_line' id='line_1_49' title="bbox 488 3473 2061 3546; baseline 0.003 -20"><span class='ocrx_word' id='word_1_391' title='bbox 488 3483 598 3530; x_wconf 86' lang='lat' dir='ltr'><strong>tem</strong></span> <span class='ocrx_word' id='word_1_392' title='bbox 623 3481 824 3526; x_wconf 89' lang='lat' dir='ltr'><strong>unctus</strong></span> <span class='ocrx_word' id='word_1_393' title='bbox 845 3473 925 3527; x_wconf 88' lang='lat' dir='ltr'><strong>sit.</strong></span> <span class='ocrx_word' id='word_1_394' title='bbox 946 3473 1111 3528; x_wconf 89' lang='lat' dir='ltr'><strong>etiam</strong></span> <span class='ocrx_word' id='word_1_395' title='bbox 1147 3474 1204 3528; x_wconf 90' lang='lat' dir='ltr'><strong>in</strong></span> <span class='ocrx_word' id='word_1_396' title='bbox 1247 3475 1590 3531; x_wconf 83' lang='lat' dir='ltr'><strong>sacerdotem</strong></span> <span class='ocrx_word' id='word_1_397' title='bbox 1627 3485 1685 3531; x_wconf 89' lang='lat' dir='ltr'><strong>et</strong></span> <span class='ocrx_word' id='word_1_398' title='bbox 1721 3476 2061 3546; x_wconf 89' lang='lat' dir='ltr'><strong>apostolum,</strong></span> 
     </span>
    </p>
   </div>
   <div class='ocr_carea' id='block_1_50' title="bbox 488 3563 2066 3634">
    <p class='ocr_par' dir='ltr' id='par_1_50' title="bbox 488 3563 2066 3634">
     <span class='ocr_line' id='line_1_50' title="bbox 488 3563 2066 3634; baseline 0.004 -18"><span class='ocrx_word' id='word_1_399' title='bbox 488 3563 723 3618; x_wconf 82' lang='lat' dir='ltr'><strong>Aaronis</strong></span> <span class='ocrx_word' id='word_1_400' title='bbox 761 3563 936 3634; x_wconf 82' lang='lat' dir='ltr'><strong>figura</strong></span> <span class='ocrx_word' id='word_1_401' title='bbox 968 3565 1252 3621; x_wconf 85' lang='lat' dir='ltr'><strong>manifeste</strong></span> <span class='ocrx_word' id='word_1_402' title='bbox 1277 3567 1537 3621; x_wconf 88' lang='lat' dir='ltr'><strong>ostendit.</strong></span> <span class='ocrx_word' id='word_1_403' title='bbox 1575 3566 1787 3622; x_wconf 89' lang='lat' dir='ltr'><strong>Unctus</strong></span> <span class='ocrx_word' id='word_1_404' title='bbox 1811 3567 1958 3622; x_wconf 91' lang='lat' dir='ltr'><strong>enim</strong></span> <span class='ocrx_word' id='word_1_405' title='bbox 1983 3575 2066 3621; x_wconf 88' lang='lat' dir='ltr'><strong>est</strong></span> 
     </span>
    </p>
   </div>
   <div class='ocr_carea' id='block_1_51' title="bbox 489 3655 2066 3729">
    <p class='ocr_par' dir='ltr' id='par_1_51' title="bbox 489 3655 2066 3729">
     <span class='ocr_line' id='line_1_51' title="bbox 489 3655 2066 3729; baseline 0.004 -21"><span class='ocrx_word' id='word_1_406' title='bbox 489 3655 610 3709; x_wconf 90' lang='lat' dir='ltr'><strong>oleo</strong></span> <span class='ocrx_word' id='word_1_407' title='bbox 633 3655 1068 3722; x_wconf 80' lang='lat' dir='ltr'><strong>sanctificato,ct</strong></span> <span class='ocrx_word' id='word_1_408' title='bbox 1095 3658 1495 3713; x_wconf 86' lang='lat' dir='ltr'><strong>eonstitutusin</strong></span> <span class='ocrx_word' id='word_1_409' title='bbox 1533 3659 1838 3729; x_wconf 89' lang='lat' dir='ltr'><strong>principem</strong></span> <span class='ocrx_word' id='word_1_410' title='bbox 1869 3658 1969 3729; x_wconf 79' lang='lat'><strong>51</strong></span> <span class='ocrx_word' id='word_1_411' title='bbox 2002 3675 2066 3714; x_wconf 89' lang='lat' dir='ltr'><strong>ac</strong></span> 
     </span>
    </p>
   </div>
   <div class='ocr_carea' id='block_1_52' title="bbox 489 3746 2066 3820">
    <p class='ocr_par' dir='ltr' id='par_1_52' title="bbox 489 3746 2066 3820">
     <span class='ocr_line' id='line_1_52' title="bbox 489 3746 2066 3820; baseline 0.002 -19"><span class='ocrx_word' id='word_1_412' title='bbox 489 3746 808 3818; x_wconf 82' lang='lat' dir='ltr'><strong>praefectum</strong></span> <span class='ocrx_word' id='word_1_413' title='bbox 841 3749 1189 3805; x_wconf 80' lang='lat' dir='ltr'><strong>sacerdotum</strong></span> <span class='ocrx_word' id='word_1_414' title='bbox 1241 3765 1307 3804; x_wconf 85' lang='lat' dir='ltr'><strong>ac</strong></span> <span class='ocrx_word' id='word_1_415' title='bbox 1347 3750 1564 3820; x_wconf 85' lang='lat' dir='ltr'><strong>populi,</strong></span> <span class='ocrx_word' id='word_1_416' title='bbox 1594 3766 1808 3806; x_wconf 88' lang='lat' dir='ltr'><strong>necnon</strong></span> <span class='ocrx_word' id='word_1_417' title='bbox 1853 3766 2066 3806; x_wconf 89' lang='lat' dir='ltr'><strong>summa</strong></span> 
     </span>
    </p>
   </div>
   <div class='ocr_carea' id='block_1_53' title="bbox 489 3839 2066 3913">
    <p class='ocr_par' dir='ltr' id='par_1_53' title="bbox 489 3839 2066 3913">
     <span class='ocr_line' id='line_1_53' title="bbox 489 3839 2066 3913; baseline 0.001 -19"><span class='ocrx_word' id='word_1_418' title='bbox 489 3839 667 3895; x_wconf 87' lang='lat' dir='ltr'><strong>fronte</strong></span> <span class='ocrx_word' id='word_1_419' title='bbox 691 3855 916 3896; x_wconf 66' lang='lat' dir='ltr'><strong>auream~</strong></span> <span class='ocrx_word' id='word_1_420' title='bbox 937 3842 1214 3897; x_wconf 83' lang='lat' dir='ltr'><strong>bracteam</strong></span> <span class='ocrx_word' id='word_1_421' title='bbox 1254 3857 1348 3897; x_wconf 90' lang='lat' dir='ltr'><strong>seu</strong></span> <span class='ocrx_word' id='word_1_422' title='bbox 1399 3843 1656 3898; x_wconf 89' lang='lat' dir='ltr'><strong>laminam</strong></span> <span class='ocrx_word' id='word_1_423' title='bbox 1681 3843 1940 3913; x_wconf 86' lang='lat' dir='ltr'><strong>suscepit,</strong></span> <span class='ocrx_word' id='word_1_424' title='bbox 1969 3858 2066 3897; x_wconf 93' lang='lat' dir='ltr'><strong>no-</strong></span> 
     </span>
    </p>
   </div>
   <div class='ocr_carea' id='block_1_54' title="bbox 488 3933 2066 4004">
    <p class='ocr_par' dir='ltr' id='par_1_54' title="bbox 488 3933 2066 4004">
     <span class='ocr_line' id='line_1_54' title="bbox 488 3933 2066 4004; baseline 0.001 -18"><span class='ocrx_word' id='word_1_425' title='bbox 488 3948 614 3990; x_wconf 90' lang='lat' dir='ltr'><strong>men</strong></span> <span class='ocrx_word' id='word_1_426' title='bbox 639 3934 854 3989; x_wconf 92' lang='lat' dir='ltr'><strong>Domini</strong></span> <span class='ocrx_word' id='word_1_427' title='bbox 881 3935 1207 4004; x_wconf 89' lang='lat' dir='ltr'><strong>inseriptum</strong></span> <span class='ocrx_word' id='word_1_428' title='bbox 1237 3934 1550 3990; x_wconf 87' lang='lat' dir='ltr'><strong>habentem.</strong></span> <span class='ocrx_word' id='word_1_429' title='bbox 1588 3933 1702 3989; x_wconf 86' lang='lat' dir='ltr'><strong>Hoc</strong></span> <span class='ocrx_word' id='word_1_430' title='bbox 1734 3941 1918 3988; x_wconf 91' lang='lat' dir='ltr'><strong>autem</strong></span> <span class='ocrx_word' id='word_1_431' title='bbox 1947 3943 2066 3988; x_wconf 88' lang='lat' dir='ltr'><strong>erat</strong></span> 
     </span>
    </p>
   </div>
   <div class='ocr_carea' id='block_1_55' title="bbox 488 4025 2065 4102">
    <p class='ocr_par' dir='ltr' id='par_1_55' title="bbox 488 4025 2065 4102">
     <span class='ocr_line' id='line_1_55' title="bbox 488 4025 2065 4102; baseline 0.003 -24"><span class='ocrx_word' id='word_1_432' title='bbox 488 4025 854 4081; x_wconf 88' lang='lat' dir='ltr'><strong>clarissimum</strong></span> <span class='ocrx_word' id='word_1_433' title='bbox 888 4027 1191 4082; x_wconf 81' lang='lat' dir='ltr'><strong>Salvatoris.</strong></span> <span class='ocrx_word' id='word_1_434' title='bbox 1228 4029 1405 4084; x_wconf 90' lang='lat' dir='ltr'><strong>nostri</strong></span> <span class='ocrx_word' id='word_1_435' title='bbox 1448 4029 1593 4100; x_wconf 88' lang='lat' dir='ltr'><strong>regis</strong></span> <span class='ocrx_word' id='word_1_436' title='bbox 1629 4029 1937 4102; x_wconf 81' lang='lat' dir='ltr'><strong>symbolum</strong></span> <span class='ocrx_word' id='word_1_437' title='bbox 1961 4070 1974 4094; x_wconf 95' lang='lat'><strong>,</strong></span> <span class='ocrx_word' id='word_1_438' title='bbox 2002 4043 2065 4083; x_wconf 92' lang='lat' dir='ltr'><strong>ae</strong></span> 
     </span>
    </p>
   </div>
   <div class='ocr_carea' id='block_1_56' title="bbox 487 4115 2063 4188">
    <p class='ocr_par' dir='ltr' id='par_1_56' title="bbox 487 4115 2063 4188">
     <span class='ocr_line' id='line_1_56' title="bbox 487 4115 2063 4188; baseline 0.004 -20"><span class='ocrx_word' id='word_1_439' title='bbox 487 4115 660 4169; x_wconf 90' lang='lat' dir='ltr'><strong>veluti</strong></span> <span class='ocrx_word' id='word_1_440' title='bbox 701 4117 1049 4184; x_wconf 88' lang='lat' dir='ltr'><strong>splendidum</strong></span> <span class='ocrx_word' id='word_1_441' title='bbox 1110 4127 1273 4188; x_wconf 89' lang='lat' dir='ltr'><strong>atque</strong></span> <span class='ocrx_word' id='word_1_442' title='bbox 1332 4118 1543 4188; x_wconf 84' lang='lat' dir='ltr'><strong>insigne</strong></span> <span class='ocrx_word' id='word_1_443' title='bbox 1584 4121 1854 4176; x_wconf 84' lang='lat' dir='ltr'><strong>diadema.</strong></span> <span class='ocrx_word' id='word_1_444' title='bbox 1907 4119 2063 4186; x_wconf 85' lang='lat' dir='ltr'><strong>Quod</strong></span> 
     </span>
    </p>
   </div>
   <div class='ocr_carea' id='block_1_57' title="bbox 489 4207 2063 4279">
    <p class='ocr_par' dir='ltr' id='par_1_57' title="bbox 489 4207 2063 4279">
     <span class='ocr_line' id='line_1_57' title="bbox 489 4207 2063 4279; baseline 0.005 -20"><span class='ocrx_word' id='word_1_445' title='bbox 489 4221 619 4261; x_wconf 76' lang='lat' dir='ltr'><strong>vero</strong></span> <span class='ocrx_word' id='word_1_446' title='bbox 646 4207 992 4276; x_wconf 64' lang='lat' dir='ltr'><strong>praestantior</strong></span> <span class='ocrx_word' id='word_1_447' title='bbox 1031 4208 1103 4261; x_wconf 89' lang='lat' dir='ltr'><strong>sit</strong></span> <span class='ocrx_word' id='word_1_448' title='bbox 1131 4211 1282 4268; x_wconf 86' lang='lat' dir='ltr'><strong>cultu</strong></span> <span class='ocrx_word' id='word_1_449' title='bbox 1309 4210 1505 4275; x_wconf 87' lang='lat' dir='ltr'><strong>legali,</strong></span> <span class='ocrx_word' id='word_1_450' title='bbox 1546 4212 1730 4264; x_wconf 86' lang='lat' dir='ltr'><strong>cultus</strong></span> <span class='ocrx_word' id='word_1_451' title='bbox 1778 4228 1878 4279; x_wconf 92' lang='lat' dir='ltr'><strong>per</strong></span> <span class='ocrx_word' id='word_1_452' title='bbox 1900 4213 2063 4267; x_wconf 85' lang='lat' dir='ltr'><strong>Chri-</strong></span> 
     </span>
    </p>
   </div>
   <div class='ocr_carea' id='block_1_58' title="bbox 491 4297 2066 4368">
    <p class='ocr_par' dir='ltr' id='par_1_58' title="bbox 491 4297 2066 4368">
     <span class='ocr_line' id='line_1_58' title="bbox 491 4297 2066 4368; baseline 0.003 -16"><span class='ocrx_word' id='word_1_453' title='bbox 491 4307 636 4352; x_wconf 84' lang='lat' dir='ltr'><strong>stum</strong></span> <span class='ocrx_word' id='word_1_454' title='bbox 663 4337 677 4362; x_wconf 86' lang='lat'><strong>,</strong></span> <span class='ocrx_word' id='word_1_455' title='bbox 732 4299 933 4352; x_wconf 88' lang='lat' dir='ltr'><strong>viderit</strong></span> <span class='ocrx_word' id='word_1_456' title='bbox 962 4297 1085 4367; x_wconf 91' lang='lat' dir='ltr'><strong>quis</strong></span> <span class='ocrx_word' id='word_1_457' title='bbox 1117 4298 1172 4352; x_wconf 91' lang='lat' dir='ltr'><strong>in</strong></span> <span class='ocrx_word' id='word_1_458' title='bbox 1216 4299 1421 4366; x_wconf 85' lang='lat' dir='ltr'><strong>Aaron,</strong></span> <span class='ocrx_word' id='word_1_459' title='bbox 1443 4299 1904 4368; x_wconf 87' lang='lat' dir='ltr'><strong>quemadmodum</strong></span> <span class='ocrx_word' id='word_1_460' title='bbox 1953 4301 2066 4358; x_wconf 86' lang='lat' dir='ltr'><strong>fere</strong></span> 
     </span>
    </p>
   </div>
   <div class='ocr_carea' id='block_1_59' title="bbox 490 4387 2067 4459">
    <p class='ocr_par' dir='ltr' id='par_1_59' title="bbox 490 4387 2067 4459">
     <span class='ocr_line' id='line_1_59' title="bbox 490 4387 2067 4459; baseline 0.003 -16"><span class='ocrx_word' id='word_1_461' title='bbox 490 4389 655 4444; x_wconf 87' lang='lat' dir='ltr'><strong>etiam</strong></span> <span class='ocrx_word' id='word_1_462' title='bbox 697 4387 751 4441; x_wconf 92' lang='lat' dir='ltr'><strong>in</strong></span> <span class='ocrx_word' id='word_1_463' title='bbox 779 4388 1156 4444; x_wconf 79' lang='lat' dir='ltr'><strong>Melchisedec.</strong></span> <span class='ocrx_word' id='word_1_464' title='bbox 1194 4389 1474 4459; x_wconf 90' lang='lat' dir='ltr'><strong>Siquidem</strong></span> <span class='ocrx_word' id='word_1_465' title='bbox 1520 4389 1723 4446; x_wconf 68' lang='lat' dir='ltr'><strong>Levita:</strong></span> <span class='ocrx_word' id='word_1_466' title='bbox 1751 4391 1990 4446; x_wconf 90' lang='lat' dir='ltr'><strong>decimas</strong></span> <span class='ocrx_word' id='word_1_467' title='bbox 2036 4409 2067 4448; x_wconf 89' lang='lat' dir='ltr'><strong>a</strong></span> 
     </span>
    </p>
   </div>
   <div class='ocr_carea' id='block_1_60' title="bbox 491 4480 2064 4553">
    <p class='ocr_par' dir='ltr' id='par_1_60' title="bbox 491 4480 2064 4553">
     <span class='ocr_line' id='line_1_60' title="bbox 491 4480 2064 4553; baseline 0.003 -19"><span class='ocrx_word' id='word_1_468' title='bbox 491 4480 621 4535; x_wconf 85' lang='lat' dir='ltr'><strong>ﬁliis</strong></span> <span class='ocrx_word' id='word_1_469' title='bbox 668 4480 834 4536; x_wconf 87' lang='lat' dir='ltr'><strong>Israel</strong></span> <span class='ocrx_word' id='word_1_470' title='bbox 881 4480 1243 4550; x_wconf 87' lang='lat' dir='ltr'><strong>accipiebant.</strong></span> <span class='ocrx_word' id='word_1_471' title='bbox 1290 4481 1561 4536; x_wconf 60' lang='lat' dir='ltr'><strong>Craterum</strong></span> <span class='ocrx_word' id='word_1_472' title='bbox 1601 4483 1766 4553; x_wconf 84' lang='lat' dir='ltr'><strong>jussit</strong></span> <span class='ocrx_word' id='word_1_473' title='bbox 1810 4484 1954 4540; x_wconf 91' lang='lat' dir='ltr'><strong>Deus</strong></span> <span class='ocrx_word' id='word_1_474' title='bbox 2000 4501 2064 4539; x_wconf 83' lang='lat' dir='ltr'><strong>ex</strong></span> 
     </span>
    </p>
   </div>
   <div class='ocr_carea' id='block_1_61' title="bbox 490 4569 2142 4666">
    <p class='ocr_par' dir='ltr' id='par_1_61' title="bbox 490 4569 2142 4666">
     <span class='ocr_line' id='line_1_61' title="bbox 490 4569 2142 4666; baseline 0.004 -41"><span class='ocrx_word' id='word_1_475' title='bbox 490 4571 804 4626; x_wconf 88' lang='lat' dir='ltr'><strong>Levitarum</strong></span> <span class='ocrx_word' id='word_1_476' title='bbox 835 4569 1065 4627; x_wconf 91' lang='lat' dir='ltr'><strong>decimis</strong></span> <span class='ocrx_word' id='word_1_477' title='bbox 1111 4573 1355 4629; x_wconf 84' lang='lat' dir='ltr'><strong>tribuere</strong></span> <span class='ocrx_word' id='word_1_478' title='bbox 1383 4574 1650 4630; x_wconf 90' lang='lat' dir='ltr'><strong>decimam</strong></span> <span class='ocrx_word' id='word_1_479' title='bbox 1694 4574 1918 4640; x_wconf 84' lang='lat' dir='ltr'><strong>Aaroni,</strong></span> <span class='ocrx_word' id='word_1_480' title='bbox 1950 4585 2067 4631; x_wconf 89' lang='lat' dir='ltr'><strong>tan-</strong></span> <span class='ocrx_word' id='word_1_481' title='bbox 2100 4612 2142 4666; x_wconf 69' lang='grc' dir='ltr'>υ</span> 
     </span>
    </p>
   </div>
   <div class='ocr_carea' id='block_1_62' title="bbox 489 4663 2065 4733">
    <p class='ocr_par' dir='ltr' id='par_1_62' title="bbox 489 4663 2065 4733">
     <span class='ocr_line' id='line_1_62' title="bbox 489 4663 2065 4733; baseline 0.003 -17"><span class='ocrx_word' id='word_1_482' title='bbox 489 4677 654 4732; x_wconf 88' lang='lat' dir='ltr'><strong>quam</strong></span> <span class='ocrx_word' id='word_1_483' title='bbox 709 4663 991 4732; x_wconf 69' lang='lat' dir='ltr'><strong>praat&#39;ecto,</strong></span> <span class='ocrx_word' id='word_1_484' title='bbox 1040 4663 1244 4733; x_wconf 86' lang='lat' dir='ltr'><strong>quique</strong></span> <span class='ocrx_word' id='word_1_485' title='bbox 1274 4666 1346 4720; x_wconf 92' lang='lat' dir='ltr'><strong>ob</strong></span> <span class='ocrx_word' id='word_1_486' title='bbox 1393 4666 1686 4722; x_wconf 88' lang='lat' dir='ltr'><strong>sacerdotii</strong></span> <span class='ocrx_word' id='word_1_487' title='bbox 1727 4667 2065 4723; x_wconf 86' lang='lat' dir='ltr'><strong>functionem</strong></span> 
     </span>
    </p>
   </div>
   <div class='ocr_carea' id='block_1_63' title="bbox 492 4755 2066 4830">
    <p class='ocr_par' dir='ltr' id='par_1_63' title="bbox 492 4755 2066 4830">
     <span class='ocr_line' id='line_1_63' title="bbox 492 4755 2066 4830; baseline 0.003 -20"><span class='ocrx_word' id='word_1_488' title='bbox 492 4769 749 4824; x_wconf 83' lang='lat' dir='ltr'><strong>supremo</strong></span> <span class='ocrx_word' id='word_1_489' title='bbox 775 4755 983 4809; x_wconf 90' lang='lat' dir='ltr'><strong>honore</strong></span> <span class='ocrx_word' id='word_1_490' title='bbox 1013 4756 1276 4824; x_wconf 64' lang='lat' dir='ltr'><strong>praeditus</strong></span> <span class='ocrx_word' id='word_1_491' title='bbox 1298 4766 1434 4812; x_wconf 89' lang='lat' dir='ltr'><strong>erat.</strong></span> <span class='ocrx_word' id='word_1_492' title='bbox 1463 4758 1725 4828; x_wconf 87' lang='lat' dir='ltr'><strong>lntelligis</strong></span> <span class='ocrx_word' id='word_1_493' title='bbox 1749 4759 1932 4828; x_wconf 89' lang='lat' dir='ltr'><strong>itaque</strong></span> <span class='ocrx_word' id='word_1_494' title='bbox 1957 4776 2066 4830; x_wconf 90' lang='lat' dir='ltr'><strong>quo</strong></span> 
     </span>
    </p>
   </div>
   <div class='ocr_carea' id='block_1_64' title="bbox 493 4847 2065 4918">
    <p class='ocr_par' dir='ltr' id='par_1_64' title="bbox 493 4847 2065 4918">
     <span class='ocr_line' id='line_1_64' title="bbox 493 4847 2065 4918; baseline 0.003 -16"><span class='ocrx_word' id='word_1_495' title='bbox 493 4854 650 4917; x_wconf 89' lang='lat' dir='ltr'><strong>pacto</strong></span> <span class='ocrx_word' id='word_1_496' title='bbox 676 4847 843 4903; x_wconf 91' lang='lat' dir='ltr'><strong>etiam</strong></span> <span class='ocrx_word' id='word_1_497' title='bbox 879 4847 936 4902; x_wconf 90' lang='lat' dir='ltr'><strong>in</strong></span> <span class='ocrx_word' id='word_1_498' title='bbox 967 4863 1199 4918; x_wconf 89' lang='lat' dir='ltr'><strong>persona</strong></span> <span class='ocrx_word' id='word_1_499' title='bbox 1227 4849 1405 4904; x_wconf 85' lang='lat' dir='ltr'><strong>Aaron</strong></span> <span class='ocrx_word' id='word_1_500' title='bbox 1456 4848 1587 4905; x_wconf 90' lang='lat' dir='ltr'><strong>Levi</strong></span> <span class='ocrx_word' id='word_1_501' title='bbox 1637 4850 1879 4906; x_wconf 85' lang='lat' dir='ltr'><strong>decimas</strong></span> <span class='ocrx_word' id='word_1_502' title='bbox 1916 4853 2065 4907; x_wconf 90' lang='lat' dir='ltr'><strong>acci-</strong></span> 
     </span>
    </p>
   </div>
   <div class='ocr_carea' id='block_1_65' title="bbox 492 4937 2064 5012">
    <p class='ocr_par' dir='ltr' id='par_1_65' title="bbox 492 4937 2064 5012">
     <span class='ocr_line' id='line_1_65' title="bbox 492 4937 2064 5012; baseline 0.004 -21"><span class='ocrx_word' id='word_1_503' title='bbox 492 4937 667 5006; x_wconf 90' lang='lat' dir='ltr'><strong>piens,</strong></span> <span class='ocrx_word' id='word_1_504' title='bbox 703 4937 1008 4994; x_wconf 90' lang='lat' dir='ltr'><strong>decimatus</strong></span> <span class='ocrx_word' id='word_1_505' title='bbox 1028 4947 1130 4994; x_wconf 91' lang='lat' dir='ltr'><strong>est.</strong></span> <span class='ocrx_word' id='word_1_506' title='bbox 1159 4939 1340 4994; x_wconf 86' lang='lat' dir='ltr'><strong>Aaron</strong></span> <span class='ocrx_word' id='word_1_507' title='bbox 1364 4940 1512 4994; x_wconf 88' lang='lat' dir='ltr'><strong>enim</strong></span> <span class='ocrx_word' id='word_1_508' title='bbox 1538 4939 1745 4995; x_wconf 84' lang='lat' dir='ltr'><strong>Christi</strong></span> <span class='ocrx_word' id='word_1_509' title='bbox 1777 4957 2064 5012; x_wconf 89' lang='lat' dir='ltr'><strong>personam</strong></span> 
     </span>
    </p>
   </div>
   <div class='ocr_carea' id='block_1_66' title="bbox 491 5029 2062 5101">
    <p class='ocr_par' dir='ltr' id='par_1_66' title="bbox 491 5029 2062 5101">
     <span class='ocr_line' id='line_1_66' title="bbox 491 5029 2062 5101; baseline 0.005 -20"><span class='ocrx_word' id='word_1_510' title='bbox 491 5029 678 5084; x_wconf 84' lang='lat' dir='ltr'><strong>refert.</strong></span> <span class='ocrx_word' id='word_1_511' title='bbox 708 5029 885 5100; x_wconf 88' lang='lat' dir='ltr'><strong>Atque</strong></span> <span class='ocrx_word' id='word_1_512' title='bbox 910 5031 1003 5086; x_wconf 89' lang='lat' dir='ltr'><strong>alii</strong></span> <span class='ocrx_word' id='word_1_513' title='bbox 1051 5031 1275 5101; x_wconf 89' lang='lat' dir='ltr'><strong>quidem</strong></span> <span class='ocrx_word' id='word_1_514' title='bbox 1309 5031 1511 5086; x_wconf 71' lang='lat' dir='ltr'><strong>Levita:</strong></span> <span class='ocrx_word' id='word_1_515' title='bbox 1541 5042 1597 5086; x_wconf 90' lang='lat' dir='ltr'><strong>et</strong></span> <span class='ocrx_word' id='word_1_516' title='bbox 1633 5033 1946 5088; x_wconf 84' lang='lat' dir='ltr'><strong>sacerdotes</strong></span> <span class='ocrx_word' id='word_1_517' title='bbox 1981 5035 2062 5089; x_wconf 83' lang='lat' dir='ltr'><strong>le-</strong></span> 
     </span>
    </p>
   </div>
   <div class='ocr_carea' id='block_1_67' title="bbox 489 5119 2065 5194">
    <p class='ocr_par' dir='ltr' id='par_1_67' title="bbox 489 5119 2065 5194">
     <span class='ocr_line' id='line_1_67' title="bbox 489 5119 2065 5194; baseline 0.004 -22"><span class='ocrx_word' id='word_1_518' title='bbox 489 5119 627 5186; x_wconf 80' lang='lat' dir='ltr'><strong>galia</strong></span> <span class='ocrx_word' id='word_1_519' title='bbox 671 5121 942 5176; x_wconf 75' lang='lat' dir='ltr'><strong>sacrificia</strong></span> <span class='ocrx_word' id='word_1_520' title='bbox 989 5123 1349 5194; x_wconf 87' lang='lat' dir='ltr'><strong>peragebant,</strong></span> <span class='ocrx_word' id='word_1_521' title='bbox 1385 5121 1440 5178; x_wconf 94' lang='lat' dir='ltr'><strong>in</strong></span> <span class='ocrx_word' id='word_1_522' title='bbox 1489 5123 1673 5192; x_wconf 89' lang='lat' dir='ltr'><strong>priore</strong></span> <span class='ocrx_word' id='word_1_523' title='bbox 1713 5125 2065 5179; x_wconf 89' lang='lat' dir='ltr'><strong>tabernaculo</strong></span> 
     </span>
    </p>
   </div>
   <div class='ocr_carea' id='block_1_68' title="bbox 490 5213 2068 5272">
    <p class='ocr_par' dir='ltr' id='par_1_68' title="bbox 490 5213 2068 5272">
     <span class='ocr_line' id='line_1_68' title="bbox 490 5213 2068 5272; baseline 0.008 -12"><span class='ocrx_word' id='word_1_524' title='bbox 490 5225 642 5267; x_wconf 79' lang='lat' dir='ltr'><strong>suam</strong></span> <span class='ocrx_word' id='word_1_525' title='bbox 670 5213 962 5270; x_wconf 90' lang='lat' dir='ltr'><strong>stationem</strong></span> <span class='ocrx_word' id='word_1_526' title='bbox 985 5215 1270 5270; x_wconf 90' lang='lat' dir='ltr'><strong>habentes.</strong></span> <span class='ocrx_word' id='word_1_527' title='bbox 1295 5217 1454 5271; x_wconf 88' lang='lat' dir='ltr'><strong>Solus</strong></span> <span class='ocrx_word' id='word_1_528' title='bbox 1489 5227 1670 5271; x_wconf 89' lang='lat' dir='ltr'><strong>autem</strong></span> <span class='ocrx_word' id='word_1_529' title='bbox 1708 5233 1775 5272; x_wconf 79' lang='lat' dir='ltr'><strong>ex</strong></span> <span class='ocrx_word' id='word_1_530' title='bbox 1811 5217 2068 5272; x_wconf 86' lang='lat' dir='ltr'><strong>omnibus</strong></span> 
     </span>
    </p>
   </div>
   <div class='ocr_carea' id='block_1_69' title="bbox 491 5300 2065 5379">
    <p class='ocr_par' dir='ltr' id='par_1_69' title="bbox 491 5300 2065 5379">
     <span class='ocr_line' id='line_1_69' title="bbox 491 5300 2065 5379; baseline 0.007 -27"><span class='ocrx_word' id='word_1_531' title='bbox 491 5300 711 5358; x_wconf 77' lang='lat' dir='ltr'><strong>divinus</strong></span> <span class='ocrx_word' id='word_1_532' title='bbox 741 5326 758 5355; x_wconf 72' lang='grc' dir='ltr'><strong>ι</strong></span> <span class='ocrx_word' id='word_1_533' title='bbox 787 5308 970 5363; x_wconf 85' lang='lat' dir='ltr'><strong>Aaron</strong></span> <span class='ocrx_word' id='word_1_534' title='bbox 997 5308 1162 5363; x_wconf 88' lang='lat' dir='ltr'><strong>semel</strong></span> <span class='ocrx_word' id='word_1_535' title='bbox 1186 5309 1499 5379; x_wconf 89' lang='lat' dir='ltr'><strong>quotannis,</strong></span> <span class='ocrx_word' id='word_1_536' title='bbox 1533 5327 1551 5359; x_wconf 72' lang='grc' dir='ltr'><strong>ι</strong></span> <span class='ocrx_word' id='word_1_537' title='bbox 1580 5317 1640 5362; x_wconf 87' lang='grc' dir='ltr'><strong>ιιι</strong></span> <span class='ocrx_word' id='word_1_538' title='bbox 1675 5309 1939 5378; x_wconf 91' lang='lat' dir='ltr'><strong>scriptum</strong></span> <span class='ocrx_word' id='word_1_539' title='bbox 1963 5319 2065 5372; x_wconf 88' lang='lat' dir='ltr'><strong>est,</strong></span> 
     </span>
    </p>
   </div>
   <div class='ocr_carea' id='block_1_70' title="bbox 498 5391 2066 5469">
    <p class='ocr_par' dir='ltr' id='par_1_70' title="bbox 498 5391 2066 5469">
     <span class='ocr_line' id='line_1_70' title="bbox 498 5391 2066 5469; baseline 0.005 -25"><span class='ocrx_word' id='word_1_540' title='bbox 498 5407 520 5438; x_wconf 86' lang='grc'>‹</span> <span class='ocrx_word' id='word_1_541' title='bbox 546 5391 599 5445; x_wconf 92' lang='lat' dir='ltr'><strong>in</strong></span> <span class='ocrx_word' id='word_1_542' title='bbox 621 5391 817 5448; x_wconf 83' lang='lat' dir='ltr'><strong>Sancta</strong></span> <span class='ocrx_word' id='word_1_543' title='bbox 843 5409 1152 5454; x_wconf 90' lang='lat' dir='ltr'><strong>sanctorum</strong></span> <span class='ocrx_word' id='word_1_544' title='bbox 1184 5399 1656 5469; x_wconf 74' lang='lat' dir='ltr'><strong>ingred-iebatur“</strong></span> <span class='ocrx_word' id='word_1_545' title='bbox 1681 5417 1692 5451; x_wconf 91' lang='lat'>:</span> <span class='ocrx_word' id='word_1_546' title='bbox 1724 5419 1740 5448; x_wconf 77' lang='grc' dir='ltr'><strong>ι</strong></span> <span class='ocrx_word' id='word_1_547' title='bbox 1764 5399 1927 5468; x_wconf 89' lang='lat' dir='ltr'><strong>idque</strong></span> <span class='ocrx_word' id='word_1_548' title='bbox 1957 5416 2066 5454; x_wconf 87' lang='lat' dir='ltr'><strong>non</strong></span> 
     </span>
    </p>
   </div>
   <div class='ocr_carea' id='block_1_71' title="bbox 492 5480 2065 5558">
    <p class='ocr_par' dir='ltr' id='par_1_71' title="bbox 492 5480 2065 5558">
     <span class='ocr_line' id='line_1_71' title="bbox 492 5480 2065 5558; baseline 0.005 -25"><span class='ocrx_word' id='word_1_549' title='bbox 492 5480 610 5536; x_wconf 81' lang='lat' dir='ltr'><strong>sine</strong></span> <span class='ocrx_word' id='word_1_550' title='bbox 640 5483 924 5553; x_wconf 86' lang='lat' dir='ltr'><strong>sanguine,</strong></span> <span class='ocrx_word' id='word_1_551' title='bbox 952 5487 1105 5555; x_wconf 73' lang='lat' dir='ltr'><strong>juxta</strong></span> <span class='ocrx_word' id='word_1_552' title='bbox 1134 5489 1326 5557; x_wconf 86' lang='lat' dir='ltr'><strong>legem.</strong></span> <span class='ocrx_word' id='word_1_553' title='bbox 1357 5486 1541 5558; x_wconf 77' lang='lat' dir='ltr'><strong>Typus</strong></span> <span class='ocrx_word' id='word_1_554' title='bbox 1567 5495 1749 5542; x_wconf 87' lang='lat' dir='ltr'><strong>autem</strong></span> <span class='ocrx_word' id='word_1_555' title='bbox 1781 5485 1884 5539; x_wconf 88' lang='lat' dir='ltr'><strong>fuit</strong></span> <span class='ocrx_word' id='word_1_556' title='bbox 1901 5486 2065 5541; x_wconf 85' lang='lat' dir='ltr'><strong>etiam</strong></span> 
     </span>
    </p>
   </div>
   <div class='ocr_carea' id='block_1_72' title="bbox 563 5620 1584 5692">
    <p class='ocr_par' dir='ltr' id='par_1_72' title="bbox 563 5620 1584 5692">
     <span class='ocr_line' id='line_1_72' title="bbox 563 5620 1584 5692; baseline 0.007 -16"><span class='ocrx_word' id='word_1_557' title='bbox 563 5621 645 5676; x_wconf 80' lang='lat'><strong>&quot;1</strong></span> <span class='ocrx_word' id='word_1_558' title='bbox 677 5620 803 5676; x_wconf 89' lang='lat' dir='ltr'><strong>Cor.</strong></span> <span class='ocrx_word' id='word_1_559' title='bbox 843 5639 954 5688; x_wconf 81' lang='lat' dir='ltr'><strong>xm,</strong></span> <span class='ocrx_word' id='word_1_560' title='bbox 993 5625 1076 5677; x_wconf 66' lang='lat' dir='ltr'><strong>l2.</strong></span> <span class='ocrx_word' id='word_1_561' title='bbox 1157 5627 1201 5655; x_wconf 80' lang='grc'><strong>⁷³</strong></span> <span class='ocrx_word' id='word_1_562' title='bbox 1234 5626 1386 5681; x_wconf 82' lang='lat' dir='ltr'><strong>Joan.</strong></span> <span class='ocrx_word' id='word_1_563' title='bbox 1425 5645 1461 5692; x_wconf 89' lang='grc' dir='ltr'><strong>ι,</strong></span> <span class='ocrx_word' id='word_1_564' title='bbox 1503 5630 1584 5683; x_wconf 78' lang='grc' dir='ltr'>Η.</span> 
     </span>
    </p>
   </div>
   <div class='ocr_carea' id='block_1_73' title="bbox 565 5761 1476 5838">
    <p class='ocr_par' dir='ltr' id='par_1_73' title="bbox 565 5761 1476 5838">
     <span class='ocr_line' id='line_1_73' title="bbox 565 5761 1476 5838; baseline 0.003 -20"><span class='ocrx_word' id='word_1_565' title='bbox 565 5761 643 5838; x_wconf 77' lang='grc' dir='ltr'>(ί)</span> <span class='ocrx_word' id='word_1_566' title='bbox 675 5763 970 5831; x_wconf 83' lang='lat' dir='ltr'><strong>Aubel&#39;tus,</strong></span> <span class='ocrx_word' id='word_1_567' title='bbox 1007 5765 1298 5838; x_wconf 83' lang='grc' dir='ltr'>κοσμῶντι.</span> <span class='ocrx_word' id='word_1_568' title='bbox 1325 5767 1476 5830; x_wconf 75' lang='lat' dir='ltr'><strong>Eon,</strong></span> 
     </span>
    </p>
   </div>
   <div class='ocr_carea' id='block_1_74' title="bbox 2163 2009 3749 2084">
    <p class='ocr_par' dir='ltr' id='par_1_74' title="bbox 2163 2009 3749 2084">
     <span class='ocr_line' id='line_1_74' title="bbox 2163 2009 3749 2084; baseline -0.003 -19"><span class='ocrx_word' id='word_1_569' title='bbox 2163 2011 2271 2084; x_wconf 82' lang='grc' dir='ltr'>γὰρ</span> <span class='ocrx_word' id='word_1_570' title='bbox 2300 2012 2376 2065; x_wconf 83' lang='grc' dir='ltr'><strong>ὢν</strong></span> <span class='ocrx_word' id='word_1_571' title='bbox 2401 2012 2492 2065; x_wconf 71' lang='grc' dir='ltr'><strong>καὶ</strong></span> <span class='ocrx_word' id='word_1_572' title='bbox 2520 2013 2586 2065; x_wconf 82' lang='grc' dir='ltr'><strong>ἐκ</strong></span> <span class='ocrx_word' id='word_1_573' title='bbox 2628 2012 2763 2067; x_wconf 86' lang='grc' dir='ltr'>Θεοῦ</span> <span class='ocrx_word' id='word_1_574' title='bbox 2795 2011 2935 2065; x_wconf 83' lang='grc' dir='ltr'>κατὰ</span> <span class='ocrx_word' id='word_1_575' title='bbox 2970 2010 3132 2080; x_wconf 86' lang='grc' dir='ltr'>φύσιν</span> <span class='ocrx_word' id='word_1_576' title='bbox 3163 2013 3190 2064; x_wconf 90' lang='lat'><strong>6</strong></span> <span class='ocrx_word' id='word_1_577' title='bbox 3222 2009 3554 2080; x_wconf 79' lang='grc' dir='ltr'>Μονογενὴς,</span> <span class='ocrx_word' id='word_1_578' title='bbox 3581 2009 3749 2077; x_wconf 81' lang='grc' dir='ltr'>γέγορ</span> 
     </span>
    </p>
   </div>
   <div class='ocr_carea' id='block_1_75' title="bbox 2164 2103 3749 2176">
    <p class='ocr_par' dir='ltr' id='par_1_75' title="bbox 2164 2103 3749 2176">
     <span class='ocr_line' id='line_1_75' title="bbox 2164 2103 3749 2176; baseline -0.005 -18"><span class='ocrx_word' id='word_1_579' title='bbox 2164 2123 2251 2159; x_wconf 75' lang='grc' dir='ltr'>νιν</span> <span class='ocrx_word' id='word_1_580' title='bbox 2274 2105 2580 2176; x_wconf 75' lang='grc' dir='ltr'>ἄνθρωπος,</span> <span class='ocrx_word' id='word_1_581' title='bbox 2628 2123 2646 2155; x_wconf 76' lang='grc' dir='ltr'><strong>ι</strong></span> <span class='ocrx_word' id='word_1_582' title='bbox 2683 2105 2780 2158; x_wconf 75' lang='grc' dir='ltr'><strong>καὶ</strong></span> <span class='ocrx_word' id='word_1_583' title='bbox 2827 2104 3143 2174; x_wconf 78' lang='grc' dir='ltr'>ἐσκήνωσεν</span> <span class='ocrx_word' id='word_1_584' title='bbox 3178 2103 3235 2156; x_wconf 78' lang='grc' dir='ltr'><strong>ἐν</strong></span> <span class='ocrx_word' id='word_1_585' title='bbox 3263 2103 3413 2172; x_wconf 81' lang='grc' dir='ltr'>ἡμῖν.</span> <span class='ocrx_word' id='word_1_586' title='bbox 3461 2119 3480 2152; x_wconf 71' lang='grc' dir='ltr'><strong>ι</strong></span> <span class='ocrx_word' id='word_1_587' title='bbox 3523 2103 3749 2170; x_wconf 82' lang='grc' dir='ltr'>Κεχρη-</span> 
     </span>
    </p>
   </div>
   <div class='ocr_carea' id='block_1_76' title="bbox 2167 2187 3739 2266">
    <p class='ocr_par' dir='ltr' id='par_1_76' title="bbox 2167 2187 3739 2266">
     <span class='ocr_line' id='line_1_76' title="bbox 2167 2187 3739 2266; baseline -0.005 -18"><span class='ocrx_word' id='word_1_588' title='bbox 2167 2195 2363 2266; x_wconf 88' lang='grc' dir='ltr'>μάτικε</span> <span class='ocrx_word' id='word_1_589' title='bbox 2398 2194 2454 2248; x_wconf 84' lang='grc' dir='ltr'><strong>δὲ</strong></span> <span class='ocrx_word' id='word_1_590' title='bbox 2504 2193 2599 2246; x_wconf 78' lang='grc' dir='ltr'><strong>καὶ</strong></span> <span class='ocrx_word' id='word_1_591' title='bbox 2633 2194 2999 2258; x_wconf 72' lang='grc' dir='ltr'>Ἀπόστολος</span> <span class='ocrx_word' id='word_1_592' title='bbox 3050 2193 3144 2244; x_wconf 80' lang='grc' dir='ltr'><strong>καὶ</strong></span> <span class='ocrx_word' id='word_1_593' title='bbox 3191 2189 3520 2259; x_wconf 78' lang='grc' dir='ltr'>Ἀρχιερεὺς</span> <span class='ocrx_word' id='word_1_594' title='bbox 3554 2187 3739 2259; x_wconf 78' lang='grc' dir='ltr'>ἡμῶν,</span> 
     </span>
    </p>
   </div>
   <div class='ocr_carea' id='block_1_77' title="bbox 2165 2281 3747 2356">
    <p class='ocr_par' dir='ltr' id='par_1_77' title="bbox 2165 2281 3747 2356">
     <span class='ocr_line' id='line_1_77' title="bbox 2165 2281 3747 2356; baseline -0.005 -16"><span class='ocrx_word' id='word_1_595' title='bbox 2165 2286 2260 2340; x_wconf 77' lang='grc' dir='ltr'>καὶ</span> <span class='ocrx_word' id='word_1_596' title='bbox 2294 2284 2604 2356; x_wconf 82' lang='grc' dir='ltr'>ἀπήλλαξεν</span> <span class='ocrx_word' id='word_1_597' title='bbox 2647 2285 2794 2355; x_wconf 84' lang='grc' dir='ltr'>ἡμᾶς</span> <span class='ocrx_word' id='word_1_598' title='bbox 2821 2283 2916 2338; x_wconf 93' lang='grc' dir='ltr'><strong>τοῦ</strong></span> <span class='ocrx_word' id='word_1_599' title='bbox 2951 2281 3369 2354; x_wconf 84' lang='grc' dir='ltr'>βραδυγλώσσου</span> <span class='ocrx_word' id='word_1_600' title='bbox 3403 2282 3570 2353; x_wconf 88' lang='grc' dir='ltr'>νόμου</span> <span class='ocrx_word' id='word_1_601' title='bbox 3595 2319 3609 2345; x_wconf 83' lang='grc'><strong>,</strong></span> <span class='ocrx_word' id='word_1_602' title='bbox 3647 2297 3747 2351; x_wconf 82' lang='grc' dir='ltr'>με·</span> 
     </span>
    </p>
   </div>
   <div class='ocr_carea' id='block_1_78' title="bbox 2163 2373 3741 2446">
    <p class='ocr_par' dir='ltr' id='par_1_78' title="bbox 2163 2373 3741 2446">
     <span class='ocr_line' id='line_1_78' title="bbox 2163 2373 3741 2446; baseline -0.004 -14"><span class='ocrx_word' id='word_1_603' title='bbox 2163 2378 2444 2433; x_wconf 86' lang='grc' dir='ltr'>τατέθεικε</span> <span class='ocrx_word' id='word_1_604' title='bbox 2483 2377 2540 2430; x_wconf 84' lang='grc' dir='ltr'>δὲ</span> <span class='ocrx_word' id='word_1_605' title='bbox 2568 2375 2662 2430; x_wconf 76' lang='grc' dir='ltr'><strong>καὶ</strong></span> <span class='ocrx_word' id='word_1_606' title='bbox 2693 2378 2774 2439; x_wconf 82' lang='grc' dir='ltr'><strong>είς</strong></span> <span class='ocrx_word' id='word_1_607' title='bbox 2815 2375 3088 2445; x_wconf 84' lang='grc' dir='ltr'>εὐφωνίαν</span> <span class='ocrx_word' id='word_1_608' title='bbox 3129 2374 3472 2446; x_wconf 82' lang='grc' dir='ltr'>μαθημάτων</span> <span class='ocrx_word' id='word_1_609' title='bbox 3507 2373 3741 2441; x_wconf 83' lang='grc' dir='ltr'>εὐαγγε-</span> 
     </span>
    </p>
   </div>
   <div class='ocr_carea' id='block_1_79' title="bbox 2162 2465 3746 2540">
    <p class='ocr_par' dir='ltr' id='par_1_79' title="bbox 2162 2465 3746 2540">
     <span class='ocr_line' id='line_1_79' title="bbox 2162 2465 3746 2540; baseline -0.006 -15"><span class='ocrx_word' id='word_1_610' title='bbox 2162 2471 2351 2526; x_wconf 87' lang='grc' dir='ltr'>λικῶν.</span> <span class='ocrx_word' id='word_1_611' title='bbox 2377 2470 2491 2524; x_wconf 76' lang='grc' dir='ltr'><strong>Καὶ</strong></span> <span class='ocrx_word' id='word_1_612' title='bbox 2525 2470 2646 2540; x_wconf 72' lang='grc' dir='ltr'>οὐχὶ</span> <span class='ocrx_word' id='word_1_613' title='bbox 2677 2468 2836 2523; x_wconf 89' lang='grc' dir='ltr'>τοῦτο</span> <span class='ocrx_word' id='word_1_614' title='bbox 2873 2469 3067 2540; x_wconf 86' lang='grc' dir='ltr'>μόνον,</span> <span class='ocrx_word' id='word_1_615' title='bbox 3094 2466 3232 2522; x_wconf 85' lang='grc' dir='ltr'><strong>ἀλλά</strong></span> <span class='ocrx_word' id='word_1_616' title='bbox 3271 2467 3379 2538; x_wconf 82' lang='grc' dir='ltr'><strong>γάρ</strong></span> <span class='ocrx_word' id='word_1_617' title='bbox 3446 2465 3540 2518; x_wconf 75' lang='grc' dir='ltr'><strong>καὶ</strong></span> <span class='ocrx_word' id='word_1_618' title='bbox 3578 2467 3746 2535; x_wconf 80' lang='grc' dir='ltr'>αἰχμ-</span> 
     </span>
    </p>
   </div>
   <div class='ocr_carea' id='block_1_80' title="bbox 2165 2556 3746 2631">
    <p class='ocr_par' dir='ltr' id='par_1_80' title="bbox 2165 2556 3746 2631">
     <span class='ocr_line' id='line_1_80' title="bbox 2165 2556 3746 2631; baseline -0.006 -15"><span class='ocrx_word' id='word_1_619' title='bbox 2165 2562 2406 2625; x_wconf 77' lang='grc' dir='ltr'>αλώτους</span> <span class='ocrx_word' id='word_1_620' title='bbox 2437 2561 2596 2624; x_wconf 77' lang='grc' dir='ltr'>ὄντας</span> <span class='ocrx_word' id='word_1_621' title='bbox 2626 2560 2830 2631; x_wconf 84' lang='grc' dir='ltr'>ἀνῆκεν</span> <span class='ocrx_word' id='word_1_622' title='bbox 2871 2561 3051 2631; x_wconf 74' lang='grc' dir='ltr'>ἡμᾶς,</span> <span class='ocrx_word' id='word_1_623' title='bbox 3093 2557 3336 2612; x_wconf 80' lang='grc' dir='ltr'>καθελὼν</span> <span class='ocrx_word' id='word_1_624' title='bbox 3369 2556 3460 2609; x_wconf 84' lang='grc' dir='ltr'><strong>τὸν</strong></span> <span class='ocrx_word' id='word_1_625' title='bbox 3507 2556 3746 2625; x_wconf 79' lang='grc' dir='ltr'>ἄρχοντα</span> 
     </span>
    </p>
   </div>
   <div class='ocr_carea' id='block_1_81' title="bbox 2164 2649 3746 2721">
    <p class='ocr_par' dir='ltr' id='par_1_81' title="bbox 2164 2649 3746 2721">
     <span class='ocr_line' id='line_1_81' title="bbox 2164 2649 3746 2721; baseline -0.005 -13"><span class='ocrx_word' id='word_1_626' title='bbox 2164 2654 2258 2708; x_wconf 89' lang='grc' dir='ltr'><strong>τοῦ</strong></span> <span class='ocrx_word' id='word_1_627' title='bbox 2303 2653 2499 2716; x_wconf 81' lang='grc' dir='ltr'>αἰῶνος</span> <span class='ocrx_word' id='word_1_628' title='bbox 2539 2651 2766 2717; x_wconf 82' lang='grc' dir='ltr'>τούτου,</span> <span class='ocrx_word' id='word_1_629' title='bbox 2815 2653 2908 2706; x_wconf 78' lang='grc' dir='ltr'><strong>καὶ</strong></span> <span class='ocrx_word' id='word_1_630' title='bbox 2957 2650 3016 2716; x_wconf 83' lang='grc' dir='ltr'><strong>ἐξ</strong></span> <span class='ocrx_word' id='word_1_631' title='bbox 3059 2651 3188 2721; x_wconf 76' lang='grc' dir='ltr'>ᾅδου</span> <span class='ocrx_word' id='word_1_632' title='bbox 3241 2649 3429 2721; x_wconf 81' lang='grc' dir='ltr'>μυχῶν</span> <span class='ocrx_word' id='word_1_633' title='bbox 3472 2649 3746 2721; x_wconf 75' lang='grc' dir='ltr'>ἐρρύσατο</span> 
     </span>
    </p>
   </div>
   <div class='ocr_carea' id='block_1_82' title="bbox 2163 2738 3746 2815">
    <p class='ocr_par' dir='ltr' id='par_1_82' title="bbox 2163 2738 3746 2815">
     <span class='ocr_line' id='line_1_82' title="bbox 2163 2738 3746 2815; baseline -0.005 -16"><span class='ocrx_word' id='word_1_634' title='bbox 2163 2746 2291 2808; x_wconf 77' lang='grc' dir='ltr'>τοὺς</span> <span class='ocrx_word' id='word_1_635' title='bbox 2325 2744 2789 2815; x_wconf 81' lang='grc' dir='ltr'>κεκοιμημένους,</span> <span class='ocrx_word' id='word_1_636' title='bbox 2823 2742 2916 2795; x_wconf 77' lang='grc' dir='ltr'><strong>καὶ</strong></span> <span class='ocrx_word' id='word_1_637' title='bbox 2958 2741 3323 2811; x_wconf 88' lang='grc' dir='ltr'>τεθεμελίωκε</span> <span class='ocrx_word' id='word_1_638' title='bbox 3354 2739 3452 2809; x_wconf 81' lang='grc' dir='ltr'><strong>μὲν</strong></span> <span class='ocrx_word' id='word_1_639' title='bbox 3483 2738 3583 2810; x_wconf 83' lang='grc' dir='ltr'>τὴν</span> <span class='ocrx_word' id='word_1_640' title='bbox 3620 2738 3746 2792; x_wconf 65' lang='grc' dir='ltr'><strong>Ἐκη</strong></span> 
     </span>
    </p>
   </div>
   <div class='ocr_carea' id='block_1_83' title="bbox 2166 2829 3742 2909">
    <p class='ocr_par' dir='ltr' id='par_1_83' title="bbox 2166 2829 3742 2909">
     <span class='ocr_line' id='line_1_83' title="bbox 2166 2829 3742 2909; baseline -0.004 -19"><span class='ocrx_word' id='word_1_641' title='bbox 2166 2837 2426 2909; x_wconf 89' lang='grc' dir='ltr'>κλησίαν,</span> <span class='ocrx_word' id='word_1_642' title='bbox 2474 2834 2915 2907; x_wconf 78' lang='grc' dir='ltr'>κεχειροτόνηται</span> <span class='ocrx_word' id='word_1_643' title='bbox 2963 2832 3022 2885; x_wconf 86' lang='grc' dir='ltr'>δὲ</span> <span class='ocrx_word' id='word_1_644' title='bbox 3066 2832 3164 2885; x_wconf 56' lang='grc' dir='ltr'><strong>καὶ⁸</strong></span> <span class='ocrx_word' id='word_1_645' title='bbox 3212 2831 3394 2902; x_wconf 79' lang='grc' dir='ltr'>ἄρχων</span> <span class='ocrx_word' id='word_1_646' title='bbox 3442 2831 3527 2898; x_wconf 82' lang='grc' dir='ltr'>ἐφ’</span> <span class='ocrx_word' id='word_1_647' title='bbox 3569 2829 3742 2899; x_wconf 75' lang='grc' dir='ltr'>ἡμᾶς,</span> 
     </span>
    </p>
   </div>
   <div class='ocr_carea' id='block_1_84' title="bbox 2167 2918 3748 2995">
    <p class='ocr_par' dir='ltr' id='par_1_84' title="bbox 2167 2918 3748 2995">
     <span class='ocr_line' id='line_1_84' title="bbox 2167 2918 3748 2995; baseline -0.006 -14"><span class='ocrx_word' id='word_1_648' title='bbox 2167 2928 2260 2982; x_wconf 80' lang='grc' dir='ltr'><strong>καὶ</strong></span> <span class='ocrx_word' id='word_1_649' title='bbox 2287 2925 2562 2980; x_wconf 81' lang='grc' dir='ltr'>διεϐίϐασε</span> <span class='ocrx_word' id='word_1_650' title='bbox 2594 2924 2693 2995; x_wconf 81' lang='grc' dir='ltr'><strong>μὲν</strong></span> <span class='ocrx_word' id='word_1_651' title='bbox 2718 2925 2776 2977; x_wconf 83' lang='grc' dir='ltr'><strong>ἐν</strong></span> <span class='ocrx_word' id='word_1_652' title='bbox 2809 2924 2990 2976; x_wconf 83' lang='grc' dir='ltr'>πίστει</span> <span class='ocrx_word' id='word_1_653' title='bbox 3014 2921 3106 2976; x_wconf 82' lang='grc' dir='ltr'><strong>τὸν</strong></span> <span class='ocrx_word' id='word_1_654' title='bbox 3144 2921 3433 2991; x_wconf 83' lang='grc' dir='ltr'>Ἰορδάνην,</span> <span class='ocrx_word' id='word_1_655' title='bbox 3458 2919 3661 2972; x_wconf 84' lang='grc' dir='ltr'>δέδωκε</span> <span class='ocrx_word' id='word_1_656' title='bbox 3685 2918 3748 2972; x_wconf 76' lang='grc' dir='ltr'><strong>δέ</strong></span> 
     </span>
    </p>
   </div>
   <div class='ocr_carea' id='block_1_85' title="bbox 2165 3009 3748 3089">
    <p class='ocr_par' dir='ltr' id='par_1_85' title="bbox 2165 3009 3748 3089">
     <span class='ocr_line' id='line_1_85' title="bbox 2165 3009 3748 3089; baseline -0.008 -19"><span class='ocrx_word' id='word_1_657' title='bbox 2165 3017 2263 3089; x_wconf 81' lang='grc' dir='ltr'><strong>τὴν</strong></span> <span class='ocrx_word' id='word_1_658' title='bbox 2292 3017 2352 3070; x_wconf 87' lang='grc' dir='ltr'><strong>ἐν</strong></span> <span class='ocrx_word' id='word_1_659' title='bbox 2385 3015 2658 3087; x_wconf 81' lang='grc' dir='ltr'>πνεύματι</span> <span class='ocrx_word' id='word_1_660' title='bbox 2691 3013 3018 3086; x_wconf 83' lang='grc' dir='ltr'>περιτομὴν,</span> <span class='ocrx_word' id='word_1_661' title='bbox 3050 3012 3146 3066; x_wconf 71' lang='grc' dir='ltr'>καὶ</span> <span class='ocrx_word' id='word_1_662' title='bbox 3183 3013 3264 3076; x_wconf 85' lang='grc' dir='ltr'>εἰς</span> <span class='ocrx_word' id='word_1_663' title='bbox 3307 3012 3406 3082; x_wconf 82' lang='grc' dir='ltr'>τὴν</span> <span class='ocrx_word' id='word_1_664' title='bbox 3444 3010 3551 3063; x_wconf 79' lang='grc' dir='ltr'><strong>τῶν</strong></span> <span class='ocrx_word' id='word_1_665' title='bbox 3579 3009 3748 3080; x_wconf 50' lang='grc' dir='ltr'>οὐραε</span> 
     </span>
    </p>
   </div>
   <div class='ocr_carea' id='block_1_86' title="bbox 2167 3100 3744 3179">
    <p class='ocr_par' dir='ltr' id='par_1_86' title="bbox 2167 3100 3744 3179">
     <span class='ocr_line' id='line_1_86' title="bbox 2167 3100 3744 3179; baseline -0.004 -16"><span class='ocrx_word' id='word_1_666' title='bbox 2167 3110 2272 3163; x_wconf 83' lang='grc' dir='ltr'><strong>νῶν</strong></span> <span class='ocrx_word' id='word_1_667' title='bbox 2293 3110 2643 3179; x_wconf 85' lang='grc' dir='ltr'>εἰσκεκόμικε</span> <span class='ocrx_word' id='word_1_668' title='bbox 2678 3106 2976 3178; x_wconf 83' lang='grc' dir='ltr'>βασιλείαν.</span> <span class='ocrx_word' id='word_1_669' title='bbox 3011 3107 3133 3158; x_wconf 86' lang='grc' dir='ltr'>’Ότι</span> <span class='ocrx_word' id='word_1_670' title='bbox 3165 3105 3261 3175; x_wconf 78' lang='grc' dir='ltr'>μὲν</span> <span class='ocrx_word' id='word_1_671' title='bbox 3281 3101 3374 3158; x_wconf 81' lang='grc' dir='ltr'><strong>οῦν</strong></span> <span class='ocrx_word' id='word_1_672' title='bbox 3400 3103 3590 3172; x_wconf 89' lang='grc' dir='ltr'>γέγονε</span> <span class='ocrx_word' id='word_1_673' title='bbox 3621 3100 3744 3156; x_wconf 80' lang='grc' dir='ltr'>καθ’</span> 
     </span>
    </p>
   </div>
   <div class='ocr_carea' id='block_1_87' title="bbox 2168 3192 3747 3270">
    <p class='ocr_par' dir='ltr' id='par_1_87' title="bbox 2168 3192 3747 3270">
     <span class='ocr_line' id='line_1_87' title="bbox 2168 3192 3747 3270; baseline -0.004 -17"><span class='ocrx_word' id='word_1_674' title='bbox 2168 3202 2314 3270; x_wconf 82' lang='grc' dir='ltr'>ἡμᾶς</span> <span class='ocrx_word' id='word_1_675' title='bbox 2334 3238 2350 3261; x_wconf 89' lang='grc'><strong>,</strong></span> <span class='ocrx_word' id='word_1_676' title='bbox 2381 3200 2716 3269; x_wconf 84' lang='grc' dir='ltr'>ἀποχρήσειν</span> <span class='ocrx_word' id='word_1_677' title='bbox 2759 3192 2915 3266; x_wconf 78' lang='grc' dir='ltr'>οἶμαι</span> <span class='ocrx_word' id='word_1_678' title='bbox 2957 3196 3184 3264; x_wconf 85' lang='grc' dir='ltr'>λέγοντα</span> <span class='ocrx_word' id='word_1_679' title='bbox 3208 3196 3300 3248; x_wconf 84' lang='grc' dir='ltr'><strong>τὸν</strong></span> <span class='ocrx_word' id='word_1_680' title='bbox 3341 3193 3630 3248; x_wconf 86' lang='grc' dir='ltr'>θεσπέσιον</span> <span class='ocrx_word' id='word_1_681' title='bbox 3656 3193 3747 3246; x_wconf 63' lang='lat'><strong>56-</strong></span> 
     </span>
    </p>
   </div>
   <div class='ocr_carea' id='block_1_88' title="bbox 2166 3286 3743 3361">
    <p class='ocr_par' dir='ltr' id='par_1_88' title="bbox 2166 3286 3743 3361">
     <span class='ocr_line' id='line_1_88' title="bbox 2166 3286 3743 3361; baseline -0.004 -17"><span class='ocrx_word' id='word_1_682' title='bbox 2166 3291 2517 3361; x_wconf 83' lang='grc' dir='ltr'>αγγελιστὴν,</span> <span class='ocrx_word' id='word_1_683' title='bbox 2551 3309 2569 3341; x_wconf 76' lang='grc' dir='ltr'><strong>ι</strong></span> <span class='ocrx_word' id='word_1_684' title='bbox 2611 3290 2720 3342; x_wconf 75' lang='grc' dir='ltr'>Καὶ</span> <span class='ocrx_word' id='word_1_685' title='bbox 2757 3290 2785 3341; x_wconf 92' lang='lat'><strong>6</strong></span> <span class='ocrx_word' id='word_1_686' title='bbox 2821 3289 2992 3356; x_wconf 90' lang='grc' dir='ltr'>Λόγος</span> <span class='ocrx_word' id='word_1_687' title='bbox 3023 3287 3160 3358; x_wconf 82' lang='grc' dir='ltr'>σὰρξ</span> <span class='ocrx_word' id='word_1_688' title='bbox 3196 3287 3432 3356; x_wconf 80' lang='grc' dir='ltr'>ἐγένετο,</span> <span class='ocrx_word' id='word_1_689' title='bbox 3459 3287 3552 3339; x_wconf 73' lang='grc' dir='ltr'><strong>καὶ</strong></span> <span class='ocrx_word' id='word_1_690' title='bbox 3578 3286 3743 3356; x_wconf 81' lang='grc' dir='ltr'>ἐσκή-</span> 
     </span>
    </p>
   </div>
   <div class='ocr_carea' id='block_1_89' title="bbox 2165 3365 3747 3451">
    <p class='ocr_par' dir='ltr' id='par_1_89' title="bbox 2165 3365 3747 3451">
     <span class='ocr_line' id='line_1_89' title="bbox 2165 3365 3747 3451; baseline -0.003 -15"><span class='ocrx_word' id='word_1_691' title='bbox 2165 3399 2337 3437; x_wconf 86' lang='grc' dir='ltr'>νωσεν</span> <span class='ocrx_word' id='word_1_692' title='bbox 2377 3383 2436 3434; x_wconf 86' lang='grc' dir='ltr'><strong>ἐν</strong></span> <span class='ocrx_word' id='word_1_693' title='bbox 2473 3383 2628 3451; x_wconf 83' lang='grc' dir='ltr'>ἡμῖν.</span> <span class='ocrx_word' id='word_1_694' title='bbox 2673 3399 2691 3431; x_wconf 71' lang='grc' dir='ltr'><strong>ι</strong></span> <span class='ocrx_word' id='word_1_695' title='bbox 2738 3380 2860 3434; x_wconf 87' lang='grc' dir='ltr'>’Ότι</span> <span class='ocrx_word' id='word_1_696' title='bbox 2914 3380 2970 3432; x_wconf 86' lang='grc' dir='ltr'>δὲ</span> <span class='ocrx_word' id='word_1_697' title='bbox 3000 3380 3285 3451; x_wconf 86' lang='grc' dir='ltr'>κέχρισται</span> <span class='ocrx_word' id='word_1_698' title='bbox 3335 3378 3430 3432; x_wconf 65' lang='grc' dir='ltr'><strong>καὶ¹</strong></span> <span class='ocrx_word' id='word_1_699' title='bbox 3474 3380 3554 3441; x_wconf 87' lang='grc' dir='ltr'>εἰς</span> <span class='ocrx_word' id='word_1_700' title='bbox 3593 3365 3747 3447; x_wconf 75' lang='grc' dir='ltr'>ίὲρέα</span> 
     </span>
    </p>
   </div>
   <div class='ocr_carea' id='block_1_90' title="bbox 2166 3469 3747 3542">
    <p class='ocr_par' dir='ltr' id='par_1_90' title="bbox 2166 3469 3747 3542">
     <span class='ocr_line' id='line_1_90' title="bbox 2166 3469 3747 3542; baseline -0.006 -14"><span class='ocrx_word' id='word_1_701' title='bbox 2166 3473 2261 3528; x_wconf 71' lang='grc' dir='ltr'><strong>καὶ</strong></span> <span class='ocrx_word' id='word_1_702' title='bbox 2298 3472 2628 3536; x_wconf 85' lang='grc' dir='ltr'>ἀπόστολον,</span> <span class='ocrx_word' id='word_1_703' title='bbox 2676 3473 2710 3541; x_wconf 82' lang='grc' dir='ltr'><strong>ἡ</strong></span> <span class='ocrx_word' id='word_1_704' title='bbox 2759 3470 2854 3524; x_wconf 90' lang='grc' dir='ltr'><strong>τοῦ</strong></span> <span class='ocrx_word' id='word_1_705' title='bbox 2903 3470 3111 3542; x_wconf 86' lang='grc' dir='ltr'>Ἀαρὼν</span> <span class='ocrx_word' id='word_1_706' title='bbox 3171 3469 3445 3535; x_wconf 78' lang='grc' dir='ltr'>ἀνάδειξις</span> <span class='ocrx_word' id='word_1_707' title='bbox 3492 3469 3747 3538; x_wconf 79' lang='grc' dir='ltr'>ὑπεμφή-</span> 
     </span>
    </p>
   </div>
   <div class='ocr_carea' id='block_1_91' title="bbox 2167 3561 3750 3634">
    <p class='ocr_par' dir='ltr' id='par_1_91' title="bbox 2167 3561 3750 3634">
     <span class='ocr_line' id='line_1_91' title="bbox 2167 3561 3750 3634; baseline -0.005 -15"><span class='ocrx_word' id='word_1_708' title='bbox 2167 3584 2306 3621; x_wconf 87' lang='grc' dir='ltr'>νειεν</span> <span class='ocrx_word' id='word_1_709' title='bbox 2383 3566 2450 3620; x_wconf 86' lang='grc' dir='ltr'><strong>ἂν</strong></span> <span class='ocrx_word' id='word_1_710' title='bbox 2535 3565 2628 3619; x_wconf 78' lang='grc' dir='ltr'><strong>καὶ</strong></span> <span class='ocrx_word' id='word_1_711' title='bbox 2704 3565 2852 3633; x_wconf 88' lang='grc' dir='ltr'>μάλα</span> <span class='ocrx_word' id='word_1_712' title='bbox 2927 3563 3138 3634; x_wconf 72' lang='grc' dir='ltr'>σαφῶς.</span> <span class='ocrx_word' id='word_1_713' title='bbox 3220 3561 3555 3632; x_wconf 86' lang='grc' dir='ltr'>Κατεχρίετο</span> <span class='ocrx_word' id='word_1_714' title='bbox 3637 3561 3750 3631; x_wconf 81' lang='grc' dir='ltr'>γὰρ</span> 
     </span>
    </p>
   </div>
   <div class='ocr_carea' id='block_1_92' title="bbox 2166 3651 3750 3728">
    <p class='ocr_par' dir='ltr' id='par_1_92' title="bbox 2166 3651 3750 3728">
     <span class='ocr_line' id='line_1_92' title="bbox 2166 3651 3750 3728; baseline -0.004 -18"><span class='ocrx_word' id='word_1_715' title='bbox 2166 3657 2330 3728; x_wconf 86' lang='grc' dir='ltr'>ἐλαίῳ</span> <span class='ocrx_word' id='word_1_716' title='bbox 2391 3655 2469 3726; x_wconf 84' lang='grc' dir='ltr'>τῷ</span> <span class='ocrx_word' id='word_1_717' title='bbox 2525 3657 2884 3727; x_wconf 84' lang='grc' dir='ltr'>ήγιασμένῳ,</span> <span class='ocrx_word' id='word_1_718' title='bbox 2937 3654 3031 3708; x_wconf 74' lang='grc' dir='ltr'><strong>καὶ</strong></span> <span class='ocrx_word' id='word_1_719' title='bbox 3079 3655 3158 3716; x_wconf 86' lang='grc' dir='ltr'>εἰς</span> <span class='ocrx_word' id='word_1_720' title='bbox 3217 3653 3456 3724; x_wconf 83' lang='grc' dir='ltr'>ἄρχοντα</span> <span class='ocrx_word' id='word_1_721' title='bbox 3509 3651 3750 3704; x_wconf 82' lang='grc' dir='ltr'>τέθειται</span> 
     </span>
    </p>
   </div>
   <div class='ocr_carea' id='block_1_93' title="bbox 2167 3740 3752 3819">
    <p class='ocr_par' dir='ltr' id='par_1_93' title="bbox 2167 3740 3752 3819">
     <span class='ocr_line' id='line_1_93' title="bbox 2167 3740 3752 3819; baseline -0.007 -16"><span class='ocrx_word' id='word_1_722' title='bbox 2167 3750 2260 3804; x_wconf 76' lang='grc' dir='ltr'><strong>καὶ</strong></span> <span class='ocrx_word' id='word_1_723' title='bbox 2290 3748 2589 3819; x_wconf 81' lang='grc' dir='ltr'>ἡγούμενον</span> <span class='ocrx_word' id='word_1_724' title='bbox 2621 3748 2811 3819; x_wconf 85' lang='grc' dir='ltr'>ἱερέων</span> <span class='ocrx_word' id='word_1_725' title='bbox 2843 3748 2938 3801; x_wconf 71' lang='grc' dir='ltr'>καὶ</span> <span class='ocrx_word' id='word_1_726' title='bbox 2976 3743 3258 3812; x_wconf 57' lang='grc' dir='ltr'>λαοῦ,καὶ</span> <span class='ocrx_word' id='word_1_727' title='bbox 3301 3744 3407 3815; x_wconf 82' lang='grc' dir='ltr'><strong>μὴν</strong></span> <span class='ocrx_word' id='word_1_728' title='bbox 3452 3742 3547 3796; x_wconf 77' lang='grc' dir='ltr'><strong>καὶ</strong></span> <span class='ocrx_word' id='word_1_729' title='bbox 3577 3740 3752 3812; x_wconf 65' lang='grc' dir='ltr'>μετώς</span> 
     </span>
    </p>
   </div>
   <div class='ocr_carea' id='block_1_94' title="bbox 2168 3832 3754 3908">
    <p class='ocr_par' dir='ltr' id='par_1_94' title="bbox 2168 3832 3754 3908">
     <span class='ocr_line' id='line_1_94' title="bbox 2168 3832 3754 3908; baseline -0.004 -17"><span class='ocrx_word' id='word_1_730' title='bbox 2168 3855 2290 3901; x_wconf 90' lang='grc' dir='ltr'>ποις</span> <span class='ocrx_word' id='word_1_731' title='bbox 2317 3837 2508 3908; x_wconf 85' lang='grc' dir='ltr'>ἄκροις</span> <span class='ocrx_word' id='word_1_732' title='bbox 2550 3837 2610 3890; x_wconf 79' lang='grc' dir='ltr'><strong>τδ</strong></span> <span class='ocrx_word' id='word_1_733' title='bbox 2641 3837 2857 3907; x_wconf 78' lang='grc' dir='ltr'>ψέλλιον</span> <span class='ocrx_word' id='word_1_734' title='bbox 2892 3836 3106 3904; x_wconf 83' lang='grc' dir='ltr'>ἐδέχετο</span> <span class='ocrx_word' id='word_1_735' title='bbox 3137 3834 3197 3887; x_wconf 83' lang='grc' dir='ltr'>τὸ</span> <span class='ocrx_word' id='word_1_736' title='bbox 3229 3833 3485 3903; x_wconf 84' lang='grc' dir='ltr'>χρυσοῦν,</span> <span class='ocrx_word' id='word_1_737' title='bbox 3527 3833 3647 3902; x_wconf 81' lang='grc' dir='ltr'>ἦτοι</span> <span class='ocrx_word' id='word_1_738' title='bbox 3691 3832 3754 3884; x_wconf 79' lang='grc' dir='ltr'><strong>τὸ</strong></span> 
     </span>
    </p>
   </div>
   <div class='ocr_carea' id='block_1_95' title="bbox 2167 3917 3752 4002">
    <p class='ocr_par' dir='ltr' id='par_1_95' title="bbox 2167 3917 3752 4002">
     <span class='ocr_line' id='line_1_95' title="bbox 2167 3917 3752 4002; baseline -0.005 -22"><span class='ocrx_word' id='word_1_739' title='bbox 2167 3928 2418 3993; x_wconf 84' lang='grc' dir='ltr'>πέταλον,</span> <span class='ocrx_word' id='word_1_740' title='bbox 2442 3928 2660 3999; x_wconf 77' lang='grc' dir='ltr'>γραφὴν</span> <span class='ocrx_word' id='word_1_741' title='bbox 2684 3927 2806 3997; x_wconf 78' lang='grc' dir='ltr'>ἕχον</span> <span class='ocrx_word' id='word_1_742' title='bbox 2835 3927 2896 3979; x_wconf 85' lang='grc' dir='ltr'>τὸ</span> <span class='ocrx_word' id='word_1_743' title='bbox 2923 3927 3093 3995; x_wconf 71' lang='grc' dir='ltr'>ὄνομα</span> <span class='ocrx_word' id='word_1_744' title='bbox 3121 3925 3348 3995; x_wconf 83' lang='grc' dir='ltr'>Κυρίου.</span> <span class='ocrx_word' id='word_1_745' title='bbox 3386 3922 3561 4002; x_wconf 66' lang='grc' dir='ltr'>Τρῦτο</span> <span class='ocrx_word' id='word_1_746' title='bbox 3585 3922 3642 3974; x_wconf 81' lang='grc' dir='ltr'><strong>δὲ</strong></span> <span class='ocrx_word' id='word_1_747' title='bbox 3682 3917 3752 3991; x_wconf 78' lang='grc' dir='ltr'>ἦν</span> 
     </span>
    </p>
   </div>
   <div class='ocr_carea' id='block_1_96' title="bbox 2167 4013 3750 4092">
    <p class='ocr_par' dir='ltr' id='par_1_96' title="bbox 2167 4013 3750 4092">
     <span class='ocr_line' id='line_1_96' title="bbox 2167 4013 3750 4092; baseline -0.006 -18"><span class='ocrx_word' id='word_1_748' title='bbox 2167 4020 2397 4092; x_wconf 77' lang='grc' dir='ltr'>ἐναργὲς</span> <span class='ocrx_word' id='word_1_749' title='bbox 2425 4018 2523 4088; x_wconf 91' lang='grc' dir='ltr'><strong>τῆς</strong></span> <span class='ocrx_word' id='word_1_750' title='bbox 2557 4019 2652 4072; x_wconf 88' lang='grc' dir='ltr'><strong>τοῦ</strong></span> <span class='ocrx_word' id='word_1_751' title='bbox 2682 4018 2934 4090; x_wconf 78' lang='grc' dir='ltr'>Σωτῆρος</span> <span class='ocrx_word' id='word_1_752' title='bbox 2972 4016 3129 4088; x_wconf 78' lang='grc' dir='ltr'>ἡμῶν</span> <span class='ocrx_word' id='word_1_753' title='bbox 3162 4015 3424 4086; x_wconf 82' lang='grc' dir='ltr'>βασιλέως</span> <span class='ocrx_word' id='word_1_754' title='bbox 3460 4013 3750 4084; x_wconf 81' lang='grc' dir='ltr'>σύμϐολον,</span> 
     </span>
    </p>
   </div>
   <div class='ocr_carea' id='block_1_97' title="bbox 2166 4105 3752 4182">
    <p class='ocr_par' dir='ltr' id='par_1_97' title="bbox 2166 4105 3752 4182">
     <span class='ocr_line' id='line_1_97' title="bbox 2166 4105 3752 4182; baseline -0.006 -16"><span class='ocrx_word' id='word_1_755' title='bbox 2166 4112 2262 4167; x_wconf 71' lang='grc' dir='ltr'><strong>καὶ</strong></span> <span class='ocrx_word' id='word_1_756' title='bbox 2288 4112 2450 4172; x_wconf 71' lang='grc' dir='ltr'>οἱονεὶ</span> <span class='ocrx_word' id='word_1_757' title='bbox 2473 4111 2710 4182; x_wconf 89' lang='grc' dir='ltr'>διάδημα</span> <span class='ocrx_word' id='word_1_758' title='bbox 2736 4109 2991 4181; x_wconf 82' lang='grc' dir='ltr'>λαμπρὸν</span> <span class='ocrx_word' id='word_1_759' title='bbox 3027 4109 3118 4163; x_wconf 81' lang='grc' dir='ltr'><strong>καὶ</strong></span> <span class='ocrx_word' id='word_1_760' title='bbox 3161 4108 3474 4178; x_wconf 87' lang='grc' dir='ltr'>περίοπτον.</span> <span class='ocrx_word' id='word_1_761' title='bbox 3524 4106 3651 4161; x_wconf 81' lang='grc' dir='ltr'>’Ότι</span> <span class='ocrx_word' id='word_1_762' title='bbox 3697 4105 3752 4158; x_wconf 73' lang='grc' dir='ltr'>δὲ</span> 
     </span>
    </p>
   </div>
   <div class='ocr_carea' id='block_1_98' title="bbox 2167 4195 3753 4276">
    <p class='ocr_par' dir='ltr' id='par_1_98' title="bbox 2167 4195 3753 4276">
     <span class='ocr_line' id='line_1_98' title="bbox 2167 4195 3753 4276; baseline -0.004 -19"><span class='ocrx_word' id='word_1_763' title='bbox 2167 4205 2405 4276; x_wconf 86' lang='grc' dir='ltr'>ἀμείνων</span> <span class='ocrx_word' id='word_1_764' title='bbox 2422 4204 2523 4274; x_wconf 89' lang='grc' dir='ltr'><strong>τῆς</strong></span> <span class='ocrx_word' id='word_1_765' title='bbox 2551 4203 2784 4275; x_wconf 77' lang='grc' dir='ltr'>νομικῆς</span> <span class='ocrx_word' id='word_1_766' title='bbox 2806 4201 3115 4273; x_wconf 81' lang='grc' dir='ltr'>λατρείαςή</span> <span class='ocrx_word' id='word_1_767' title='bbox 3142 4199 3228 4253; x_wconf 80' lang='grc' dir='ltr'><strong>διὰ</strong></span> <span class='ocrx_word' id='word_1_768' title='bbox 3258 4195 3518 4269; x_wconf 85' lang='grc' dir='ltr'>Χριστοῦ,</span> <span class='ocrx_word' id='word_1_769' title='bbox 3546 4197 3753 4251; x_wconf 84' lang='grc' dir='ltr'>κατίδοι</span> 
     </span>
    </p>
   </div>
   <div class='ocr_carea' id='block_1_99' title="bbox 2168 4290 3752 4368">
    <p class='ocr_par' dir='ltr' id='par_1_99' title="bbox 2168 4290 3752 4368">
     <span class='ocr_line' id='line_1_99' title="bbox 2168 4290 3752 4368; baseline -0.008 -16"><span class='ocrx_word' id='word_1_770' title='bbox 2168 4315 2250 4360; x_wconf 89' lang='grc' dir='ltr'><strong>τις</strong></span> <span class='ocrx_word' id='word_1_771' title='bbox 2291 4297 2358 4350; x_wconf 86' lang='grc' dir='ltr'>ἂν</span> <span class='ocrx_word' id='word_1_772' title='bbox 2399 4297 2476 4360; x_wconf 86' lang='grc' dir='ltr'>ὡς</span> <span class='ocrx_word' id='word_1_773' title='bbox 2521 4300 2577 4351; x_wconf 85' lang='grc' dir='ltr'><strong>ἐν</strong></span> <span class='ocrx_word' id='word_1_774' title='bbox 2639 4296 2885 4368; x_wconf 78' lang='grc' dir='ltr'>Ἀαρὼν,</span> <span class='ocrx_word' id='word_1_775' title='bbox 2936 4295 3190 4366; x_wconf 84' lang='grc' dir='ltr'>καθάπερ</span> <span class='ocrx_word' id='word_1_776' title='bbox 3231 4295 3424 4365; x_wconf 84' lang='grc' dir='ltr'>ἀμέλει</span> <span class='ocrx_word' id='word_1_777' title='bbox 3465 4293 3557 4346; x_wconf 75' lang='grc' dir='ltr'>καὶ</span> <span class='ocrx_word' id='word_1_778' title='bbox 3588 4294 3645 4346; x_wconf 83' lang='grc' dir='ltr'><strong>ἐν</strong></span> <span class='ocrx_word' id='word_1_779' title='bbox 3675 4290 3752 4359; x_wconf 82' lang='grc' dir='ltr'><strong>τῷ</strong></span> 
     </span>
    </p>
   </div>
   <div class='ocr_carea' id='block_1_100' title="bbox 2168 4382 3752 4458">
    <p class='ocr_par' dir='ltr' id='par_1_100' title="bbox 2168 4382 3752 4458">
     <span class='ocr_line' id='line_1_100' title="bbox 2168 4382 3752 4458; baseline -0.005 -17"><span class='ocrx_word' id='word_1_780' title='bbox 2168 4387 2521 4457; x_wconf 86' lang='grc' dir='ltr'>Μελχισεδέκ.</span> <span class='ocrx_word' id='word_1_781' title='bbox 2567 4387 2810 4450; x_wconf 84' lang='grc' dir='ltr'>Δεκάτας</span> <span class='ocrx_word' id='word_1_782' title='bbox 2842 4389 2938 4457; x_wconf 81' lang='grc' dir='ltr'><strong>μὲν</strong></span> <span class='ocrx_word' id='word_1_783' title='bbox 2979 4387 3087 4458; x_wconf 80' lang='grc' dir='ltr'><strong>γάρ</strong></span> <span class='ocrx_word' id='word_1_784' title='bbox 3125 4389 3176 4440; x_wconf 72' lang='grc' dir='ltr'><strong>οἱ</strong></span> <span class='ocrx_word' id='word_1_785' title='bbox 3201 4384 3422 4440; x_wconf 74' lang='grc' dir='ltr'>Λευῖται</span> <span class='ocrx_word' id='word_1_786' title='bbox 3455 4384 3604 4454; x_wconf 76' lang='grc' dir='ltr'>παρὰ</span> <span class='ocrx_word' id='word_1_787' title='bbox 3645 4382 3752 4436; x_wconf 79' lang='grc' dir='ltr'><strong>τῶν</strong></span> 
     </span>
    </p>
   </div>
   <div class='ocr_carea' id='block_1_101' title="bbox 2171 4475 3749 4548">
    <p class='ocr_par' dir='ltr' id='par_1_101' title="bbox 2171 4475 3749 4548">
     <span class='ocr_line' id='line_1_101' title="bbox 2171 4475 3749 4548; baseline -0.004 -17"><span class='ocrx_word' id='word_1_788' title='bbox 2171 4479 2299 4532; x_wconf 85' lang='grc' dir='ltr'>υἱῶν</span> <span class='ocrx_word' id='word_1_789' title='bbox 2333 4477 2551 4548; x_wconf 80' lang='grc' dir='ltr'>Ἰσραὴλ</span> <span class='ocrx_word' id='word_1_790' title='bbox 2592 4477 2732 4531; x_wconf 77' lang='grc' dir='ltr'>κατὰ</span> <span class='ocrx_word' id='word_1_791' title='bbox 2770 4478 2967 4548; x_wconf 89' lang='grc' dir='ltr'>νόμους</span> <span class='ocrx_word' id='word_1_792' title='bbox 3001 4477 3263 4548; x_wconf 82' lang='grc' dir='ltr'>ἐδέχοντο.</span> <span class='ocrx_word' id='word_1_793' title='bbox 3306 4477 3452 4548; x_wconf 82' lang='grc' dir='ltr'>Πλὴν</span> <span class='ocrx_word' id='word_1_794' title='bbox 3502 4475 3749 4529; x_wconf 80' lang='grc' dir='ltr'>ἐκέλευσε</span> 
     </span>
    </p>
   </div>
   <div class='ocr_carea' id='block_1_102' title="bbox 2170 4565 3755 4639">
    <p class='ocr_par' dir='ltr' id='par_1_102' title="bbox 2170 4565 3755 4639">
     <span class='ocr_line' id='line_1_102' title="bbox 2170 4565 3755 4639; baseline -0.004 -16"><span class='ocrx_word' id='word_1_795' title='bbox 2170 4570 2301 4633; x_wconf 82' lang='grc' dir='ltr'>Θεὸς</span> <span class='ocrx_word' id='word_1_796' title='bbox 2331 4571 2394 4621; x_wconf 88' lang='grc' dir='ltr'><strong>ἐκ</strong></span> <span class='ocrx_word' id='word_1_797' title='bbox 2416 4569 2513 4639; x_wconf 87' lang='grc' dir='ltr'><strong>τῆς</strong></span> <span class='ocrx_word' id='word_1_798' title='bbox 2539 4569 2648 4623; x_wconf 84' lang='grc' dir='ltr'><strong>τῶν</strong></span> <span class='ocrx_word' id='word_1_799' title='bbox 2675 4569 2912 4622; x_wconf 85' lang='grc' dir='ltr'>Λευῖτῶν</span> <span class='ocrx_word' id='word_1_800' title='bbox 2944 4568 3176 4639; x_wconf 77' lang='grc' dir='ltr'>δεκάτης</span> <span class='ocrx_word' id='word_1_801' title='bbox 3201 4566 3569 4638; x_wconf 82' lang='grc' dir='ltr'>ἀπονέμεσθαι</span> <span class='ocrx_word' id='word_1_802' title='bbox 3595 4565 3755 4618; x_wconf 81' lang='grc' dir='ltr'>δεκά-</span> 
     </span>
    </p>
   </div>
   <div class='ocr_carea' id='block_1_103' title="bbox 2172 4656 3753 4732">
    <p class='ocr_par' dir='ltr' id='par_1_103' title="bbox 2172 4656 3753 4732">
     <span class='ocr_line' id='line_1_103' title="bbox 2172 4656 3753 4732; baseline -0.012 -5"><span class='ocrx_word' id='word_1_803' title='bbox 2172 4679 2270 4732; x_wconf 83' lang='grc' dir='ltr'><strong>την</strong></span> <span class='ocrx_word' id='word_1_804' title='bbox 2305 4661 2379 4724; x_wconf 80' lang='grc' dir='ltr'><strong>ὡς</strong></span> <span class='ocrx_word' id='word_1_805' title='bbox 2413 4660 2700 4730; x_wconf 83' lang='grc' dir='ltr'>ἡγουμένῳ</span> <span class='ocrx_word' id='word_1_806' title='bbox 2732 4659 2812 4730; x_wconf 80' lang='grc' dir='ltr'>τῷ</span> <span class='ocrx_word' id='word_1_807' title='bbox 2841 4658 3074 4731; x_wconf 79' lang='grc' dir='ltr'>’Λαρὼν,</span> <span class='ocrx_word' id='word_1_808' title='bbox 3107 4660 3249 4712; x_wconf 84' lang='grc' dir='ltr'>κατά</span> <span class='ocrx_word' id='word_1_809' title='bbox 3278 4677 3337 4712; x_wconf 90' lang='grc' dir='ltr'>τε</span> <span class='ocrx_word' id='word_1_810' title='bbox 3371 4658 3462 4711; x_wconf 84' lang='grc' dir='ltr'>τὸν</span> <span class='ocrx_word' id='word_1_811' title='bbox 3503 4656 3597 4711; x_wconf 85' lang='grc' dir='ltr'><strong>τοῦ</strong></span> <span class='ocrx_word' id='word_1_812' title='bbox 3643 4656 3753 4708; x_wconf 87' lang='grc' dir='ltr'>δεῖν</span> 
     </span>
    </p>
   </div>
   <div class='ocr_carea' id='block_1_104' title="bbox 2173 4749 3751 4823">
    <p class='ocr_par' dir='ltr' id='par_1_104' title="bbox 2173 4749 3751 4823">
     <span class='ocr_line' id='line_1_104' title="bbox 2173 4749 3751 4823; baseline -0.004 -17"><span class='ocrx_word' id='word_1_813' title='bbox 2173 4752 2421 4823; x_wconf 80' lang='grc' dir='ltr'>ἱερᾶσθαι</span> <span class='ocrx_word' id='word_1_814' title='bbox 2445 4754 2644 4822; x_wconf 85' lang='grc' dir='ltr'>τρόπον</span> <span class='ocrx_word' id='word_1_815' title='bbox 2683 4753 2806 4814; x_wconf 83' lang='grc' dir='ltr'>ταῖς</span> <span class='ocrx_word' id='word_1_816' title='bbox 2839 4750 3099 4804; x_wconf 82' lang='grc' dir='ltr'>ἀνωτάτω</span> <span class='ocrx_word' id='word_1_817' title='bbox 3150 4751 3391 4820; x_wconf 86' lang='grc' dir='ltr'>κομῶντι</span> <span class='ocrx_word' id='word_1_818' title='bbox 3426 4749 3502 4820; x_wconf 81' lang='grc'><strong>(1)</strong></span> <span class='ocrx_word' id='word_1_819' title='bbox 3542 4749 3751 4817; x_wconf 81' lang='grc' dir='ltr'>τιμαῖς.</span> 
     </span>
    </p>
   </div>
   <div class='ocr_carea' id='block_1_105' title="bbox 2171 4839 3754 4914">
    <p class='ocr_par' dir='ltr' id='par_1_105' title="bbox 2171 4839 3754 4914">
     <span class='ocr_line' id='line_1_105' title="bbox 2171 4839 3754 4914; baseline -0.002 -18"><span class='ocrx_word' id='word_1_820' title='bbox 2171 4844 2335 4909; x_wconf 83' lang='grc' dir='ltr'>Σύνες</span> <span class='ocrx_word' id='word_1_821' title='bbox 2362 4839 2454 4898; x_wconf 82' lang='grc' dir='ltr'><strong>οὖν</strong></span> <span class='ocrx_word' id='word_1_822' title='bbox 2477 4845 2624 4908; x_wconf 84' lang='grc' dir='ltr'>ὅπως</span> <span class='ocrx_word' id='word_1_823' title='bbox 2653 4844 2748 4896; x_wconf 76' lang='grc' dir='ltr'><strong>καὶ</strong></span> <span class='ocrx_word' id='word_1_824' title='bbox 2778 4845 2834 4895; x_wconf 82' lang='grc' dir='ltr'><strong>ὲν</strong></span> <span class='ocrx_word' id='word_1_825' title='bbox 2868 4842 3142 4914; x_wconf 86' lang='grc' dir='ltr'>προσώπῳ</span> <span class='ocrx_word' id='word_1_826' title='bbox 3171 4843 3265 4895; x_wconf 89' lang='grc' dir='ltr'><strong>τοῦ</strong></span> <span class='ocrx_word' id='word_1_827' title='bbox 3307 4841 3516 4912; x_wconf 80' lang='grc' dir='ltr'>’Λαρὼν</span> <span class='ocrx_word' id='word_1_828' title='bbox 3548 4843 3576 4894; x_wconf 92' lang='lat'><strong>6</strong></span> <span class='ocrx_word' id='word_1_829' title='bbox 3597 4841 3754 4893; x_wconf 80' lang='grc' dir='ltr'>δεκά·</span> 
     </span>
    </p>
   </div>
   <div class='ocr_carea' id='block_1_106' title="bbox 2169 4933 3755 5007">
    <p class='ocr_par' dir='ltr' id='par_1_106' title="bbox 2169 4933 3755 5007">
     <span class='ocr_line' id='line_1_106' title="bbox 2169 4933 3755 5007; baseline -0.008 -12"><span class='ocrx_word' id='word_1_830' title='bbox 2169 4956 2268 5002; x_wconf 80' lang='grc' dir='ltr'><strong>τας</strong></span> <span class='ocrx_word' id='word_1_831' title='bbox 2294 4937 2608 5007; x_wconf 88' lang='grc' dir='ltr'>λαμϐάνων,</span> <span class='ocrx_word' id='word_1_832' title='bbox 2641 4935 2769 4989; x_wconf 76' lang='grc' dir='ltr'>Λευῒ</span> <span class='ocrx_word' id='word_1_833' title='bbox 2790 4935 3167 4990; x_wconf 84' lang='grc' dir='ltr'>δεδεκάτωται.</span> <span class='ocrx_word' id='word_1_834' title='bbox 3205 4935 3456 4988; x_wconf 86' lang='grc' dir='ltr'>Τέθειται</span> <span class='ocrx_word' id='word_1_835' title='bbox 3488 4935 3596 5003; x_wconf 76' lang='grc' dir='ltr'><strong>γὰρ</strong></span> <span class='ocrx_word' id='word_1_836' title='bbox 3633 4933 3755 4984; x_wconf 66' lang='lat' dir='ltr'><strong>“Aa-</strong></span> 
     </span>
    </p>
   </div>
   <div class='ocr_carea' id='block_1_107' title="bbox 2175 5025 3756 5101">
    <p class='ocr_par' dir='ltr' id='par_1_107' title="bbox 2175 5025 3756 5101">
     <span class='ocr_line' id='line_1_107' title="bbox 2175 5025 3756 5101; baseline -0.003 -18"><span class='ocrx_word' id='word_1_837' title='bbox 2175 5029 2283 5101; x_wconf 87' lang='grc' dir='ltr'>ρὼν</span> <span class='ocrx_word' id='word_1_838' title='bbox 2323 5031 2403 5092; x_wconf 87' lang='grc' dir='ltr'>εἰς</span> <span class='ocrx_word' id='word_1_839' title='bbox 2451 5029 2740 5099; x_wconf 84' lang='grc' dir='ltr'>πρόσωπον</span> <span class='ocrx_word' id='word_1_840' title='bbox 2784 5028 2875 5081; x_wconf 89' lang='grc' dir='ltr'><strong>τοῦ</strong></span> <span class='ocrx_word' id='word_1_841' title='bbox 2916 5027 3176 5098; x_wconf 88' lang='grc' dir='ltr'>Χριστοῦ.</span> <span class='ocrx_word' id='word_1_842' title='bbox 3227 5027 3340 5080; x_wconf 71' lang='grc' dir='ltr'><strong>Καὶ</strong></span> <span class='ocrx_word' id='word_1_843' title='bbox 3366 5028 3414 5078; x_wconf 84' lang='grc' dir='ltr'><strong>οἱ</strong></span> <span class='ocrx_word' id='word_1_844' title='bbox 3465 5027 3564 5096; x_wconf 78' lang='grc' dir='ltr'><strong>μὲν</strong></span> <span class='ocrx_word' id='word_1_845' title='bbox 3607 5025 3756 5079; x_wconf 77' lang='grc' dir='ltr'>ἄλλοι</span> 
     </span>
    </p>
   </div>
   <div class='ocr_carea' id='block_1_108' title="bbox 2174 5118 3756 5190">
    <p class='ocr_par' dir='ltr' id='par_1_108' title="bbox 2174 5118 3756 5190">
     <span class='ocr_line' id='line_1_108' title="bbox 2174 5118 3756 5190; baseline -0.005 -14"><span class='ocrx_word' id='word_1_846' title='bbox 2174 5123 2372 5185; x_wconf 85' lang='grc' dir='ltr'>πάντες</span> <span class='ocrx_word' id='word_1_847' title='bbox 2422 5119 2641 5175; x_wconf 77' lang='grc' dir='ltr'>Λευῖται</span> <span class='ocrx_word' id='word_1_848' title='bbox 2687 5121 2779 5173; x_wconf 76' lang='grc' dir='ltr'><strong>καὶ</strong></span> <span class='ocrx_word' id='word_1_849' title='bbox 2827 5122 2992 5190; x_wconf 81' lang='grc' dir='ltr'>ἱερεῖς</span> <span class='ocrx_word' id='word_1_850' title='bbox 3032 5121 3130 5183; x_wconf 80' lang='grc' dir='ltr'>τὰς</span> <span class='ocrx_word' id='word_1_851' title='bbox 3176 5120 3316 5173; x_wconf 71' lang='grc' dir='ltr'>κατὰ</span> <span class='ocrx_word' id='word_1_852' title='bbox 3353 5119 3516 5189; x_wconf 84' lang='grc' dir='ltr'>νόμον</span> <span class='ocrx_word' id='word_1_853' title='bbox 3565 5118 3756 5178; x_wconf 81' lang='grc' dir='ltr'>θυσίας</span> 
     </span>
    </p>
   </div>
   <div class='ocr_carea' id='block_1_109' title="bbox 2171 5210 3746 5283">
    <p class='ocr_par' dir='ltr' id='par_1_109' title="bbox 2171 5210 3746 5283">
     <span class='ocr_line' id='line_1_109' title="bbox 2171 5210 3746 5283; baseline -0.004 -17"><span class='ocrx_word' id='word_1_854' title='bbox 2171 5212 2407 5275; x_wconf 75' lang='grc' dir='ltr'>ἐτέλουν,</span> <span class='ocrx_word' id='word_1_855' title='bbox 2459 5212 2644 5265; x_wconf 85' lang='grc' dir='ltr'>στάσιν</span> <span class='ocrx_word' id='word_1_856' title='bbox 2696 5210 2911 5282; x_wconf 79' lang='grc' dir='ltr'>ἔχοντες</span> <span class='ocrx_word' id='word_1_857' title='bbox 2961 5212 3052 5283; x_wconf 60' lang='grc' dir='ltr'>ἐπὶ</span> <span class='ocrx_word' id='word_1_858' title='bbox 3098 5211 3196 5281; x_wconf 81' lang='grc' dir='ltr'><strong>τὴν</strong></span> <span class='ocrx_word' id='word_1_859' title='bbox 3251 5210 3474 5282; x_wconf 74' lang='grc' dir='ltr'>πρώτην</span> <span class='ocrx_word' id='word_1_860' title='bbox 3526 5210 3746 5278; x_wconf 80' lang='grc' dir='ltr'>σκηνήν.</span> 
     </span>
    </p>
   </div>
   <div class='ocr_carea' id='block_1_110' title="bbox 2170 5294 3756 5367">
    <p class='ocr_par' dir='ltr' id='par_1_110' title="bbox 2170 5294 3756 5367">
     <span class='ocr_line' id='line_1_110' title="bbox 2170 5294 3756 5367; baseline -0.006 -12"><span class='ocrx_word' id='word_1_861' title='bbox 2170 5303 2345 5365; x_wconf 82' lang='grc' dir='ltr'>Μόνος</span> <span class='ocrx_word' id='word_1_862' title='bbox 2365 5302 2420 5354; x_wconf 81' lang='grc' dir='ltr'><strong>δὲ</strong></span> <span class='ocrx_word' id='word_1_863' title='bbox 2446 5301 2537 5364; x_wconf 74' lang='grc' dir='ltr'>καὶ</span> <span class='ocrx_word' id='word_1_864' title='bbox 2565 5303 2629 5353; x_wconf 85' lang='grc' dir='ltr'><strong>ἐκ</strong></span> <span class='ocrx_word' id='word_1_865' title='bbox 2656 5300 2872 5354; x_wconf 79' lang='grc' dir='ltr'>πάντων</span> <span class='ocrx_word' id='word_1_866' title='bbox 2904 5301 2932 5352; x_wconf 93' lang='lat'><strong>6</strong></span> <span class='ocrx_word' id='word_1_867' title='bbox 2958 5299 3244 5361; x_wconf 85' lang='grc' dir='ltr'>θεσπέσιος</span> <span class='ocrx_word' id='word_1_868' title='bbox 3276 5317 3294 5348; x_wconf 74' lang='grc' dir='ltr'><strong>ι</strong></span> <span class='ocrx_word' id='word_1_869' title='bbox 3341 5296 3574 5367; x_wconf 69' lang='grc' dir='ltr'>’Λαρὼν,</span> <span class='ocrx_word' id='word_1_870' title='bbox 3610 5294 3756 5358; x_wconf 74' lang='grc' dir='ltr'>ἅπαξ</span> 
     </span>
    </p>
   </div>
   <div class='ocr_carea' id='block_1_111' title="bbox 2168 5389 3754 5462">
    <p class='ocr_par' dir='ltr' id='par_1_111' title="bbox 2168 5389 3754 5462">
     <span class='ocr_line' id='line_1_111' title="bbox 2168 5389 3754 5462; baseline -0.007 -15"><span class='ocrx_word' id='word_1_871' title='bbox 2168 5393 2260 5448; x_wconf 85' lang='grc' dir='ltr'><strong>τοῦ</strong></span> <span class='ocrx_word' id='word_1_872' title='bbox 2291 5393 2558 5456; x_wconf 87' lang='grc' dir='ltr'>ἐνιαυτοῦ,</span> <span class='ocrx_word' id='word_1_873' title='bbox 2591 5412 2609 5443; x_wconf 70' lang='grc' dir='ltr'><strong>ι</strong></span> <span class='ocrx_word' id='word_1_874' title='bbox 2643 5393 2782 5448; x_wconf 90' lang='grc' dir='ltr'><strong>κατά</strong></span> <span class='ocrx_word' id='word_1_875' title='bbox 2811 5393 2871 5445; x_wconf 73' lang='grc' dir='ltr'>τὸ</span> <span class='ocrx_word' id='word_1_876' title='bbox 2900 5391 3301 5462; x_wconf 83' lang='grc' dir='ltr'>γεγραμμένον,</span> <span class='ocrx_word' id='word_1_877' title='bbox 3331 5409 3348 5440; x_wconf 74' lang='grc' dir='ltr'><strong>ι</strong></span> <span class='ocrx_word' id='word_1_878' title='bbox 3383 5391 3462 5452; x_wconf 87' lang='grc' dir='ltr'>εἰς</span> <span class='ocrx_word' id='word_1_879' title='bbox 3489 5389 3555 5440; x_wconf 66' lang='grc' dir='ltr'><strong>τὰ</strong></span> <span class='ocrx_word' id='word_1_880' title='bbox 3586 5389 3754 5451; x_wconf 70' lang='grc' dir='ltr'>Ἅγια</span> 
     </span>
    </p>
   </div>
   <div class='ocr_carea' id='block_1_112' title="bbox 2169 5479 3756 5555">
    <p class='ocr_par' dir='ltr' id='par_1_112' title="bbox 2169 5479 3756 5555">
     <span class='ocr_line' id='line_1_112' title="bbox 2169 5479 3756 5555; baseline -0.008 -13"><span class='ocrx_word' id='word_1_881' title='bbox 2169 5487 2276 5542; x_wconf 83' lang='grc' dir='ltr'>τῶν</span> <span class='ocrx_word' id='word_1_882' title='bbox 2313 5485 2482 5553; x_wconf 82' lang='grc' dir='ltr'>ἁγίων</span> <span class='ocrx_word' id='word_1_883' title='bbox 2512 5485 2702 5555; x_wconf 75' lang='grc' dir='ltr'>εἰσῄει,</span> <span class='ocrx_word' id='word_1_884' title='bbox 2743 5505 2760 5538; x_wconf 71' lang='grc' dir='ltr'><strong>ι</strong></span> <span class='ocrx_word' id='word_1_885' title='bbox 2796 5487 2890 5541; x_wconf 69' lang='grc' dir='ltr'>καὶ</span> <span class='ocrx_word' id='word_1_886' title='bbox 2914 5486 2973 5538; x_wconf 81' lang='grc' dir='ltr'><strong>οῦ</strong></span> <span class='ocrx_word' id='word_1_887' title='bbox 3006 5485 3172 5555; x_wconf 79' lang='grc' dir='ltr'>χωρὶς</span> <span class='ocrx_word' id='word_1_888' title='bbox 3204 5484 3453 5553; x_wconf 78' lang='grc' dir='ltr'>αἵματος,</span> <span class='ocrx_word' id='word_1_889' title='bbox 3494 5479 3633 5535; x_wconf 72' lang='grc' dir='ltr'>κατὰ</span> <span class='ocrx_word' id='word_1_890' title='bbox 3661 5480 3756 5531; x_wconf 72' lang='grc' dir='ltr'><strong>τὸν</strong></span> 
     </span>
    </p>
   </div>
   <div class='ocr_carea' id='block_1_113' title="bbox 1663 5625 2709 5697">
    <p class='ocr_par' dir='ltr' id='par_1_113' title="bbox 1663 5625 2709 5697">
     <span class='ocr_line' id='line_1_113' title="bbox 1663 5625 2709 5697; baseline 0.013 -15"><span class='ocrx_word' id='word_1_891' title='bbox 1663 5630 1895 5684; x_wconf 62' lang='lat' dir='ltr'><strong>7“llcbr.</strong></span> <span class='ocrx_word' id='word_1_892' title='bbox 1957 5647 2033 5697; x_wconf 81' lang='grc' dir='ltr'>ιιι,</span> <span class='ocrx_word' id='word_1_893' title='bbox 2077 5630 2098 5684; x_wconf 85' lang='lat' dir='ltr'><strong>l</strong></span> <span class='ocrx_word' id='word_1_894' title='bbox 2202 5625 2438 5684; x_wconf 69' lang='lat' dir='ltr'><strong>“Hebr-</strong></span> <span class='ocrx_word' id='word_1_895' title='bbox 2482 5641 2553 5693; x_wconf 56' lang='lat'><strong>&#39;3&#39;:</strong></span> <span class='ocrx_word' id='word_1_896' title='bbox 2581 5626 2709 5692; x_wconf 64' lang='lat'><strong>6,7.-</strong></span> 
     </span>
    </p>
   </div>
  </div>
