4056 6260
360 376 435 442 ω
1169 349 1175 355 ’
1372 367 1894 427 CLAPHYRORUM
1931 369 1998 426 IN
2045 370 2347 429 ususer
2384 373 2513 431 us.
2551 375 2615 432 ιι.
3552 382 3629 442 so

362 490 548 563 νόμον.
593 486 778 552 Τύπος
811 485 857 541 δ’
884 484 951 540 ἃν
982 483 1069 555 εἴη
1099 483 1195 538 καὶ
1225 480 1341 537 τόδε
1371 482 1609 554 Χριστοῦ
1664 502 1683 536 ι
1731 482 1827 538 τοῦ
1864 499 1943 537 τε·

2056 485 2163 540 hoc
2184 484 2410 554 Christi,
2452 506 2470 540 ι
2506 490 2602 560 qui
2639 491 2810 548 semel
2853 499 3102 549 mortuus
3131 500 3218 549 est
3245 507 3347 564 pro
3385 498 3626 565 peccatis

360 582 595 647 θνεῶτος
619 578 768 648 απαξ
796 578 934 650 ὑπὲρ
960 576 1069 631 τῶν
1097 574 1384 648 ἁμαρτιῶν
1413 575 1593 647 ήμῶν,
1629 592 1648 625 ι
1683 573 1826 629 κατὰ
1853 573 1953 638 τὰς

365 671 617 745 Γραφάς,
644 667 1045 731 εἰσελαύνοντος
1079 665 1137 720 δὲ
1169 665 1264 719 καὶ
1291 666 1371 730 είς
1397 664 1497 737 τήν
1522 664 1636 720 ἄνω
1660 680 1721 717 τε
1747 664 1844 718 καὶ
1876 665 1953 717 is-

370 763 621 837 ρωτάτην
656 759 884 831 σκηνήν.
917 757 1136 829 Ταύτην
1162 755 1274 829 γὰρ
1300 758 1436 829 ήμίν
1461 755 1793 810 ἐνεκαίνισεν
1811 753 1952 820 όδδν,

367 853 609 924 ἁγιάζων
632 868 693 905 τε
733 850 812 921 τῷ
846 849 1042 921 αἵματι
1071 847 1152 920 τῷ
1182 847 1299 920 ίδίῳ
1323 846 1426 918 τὴν
1465 844 1813 917 Ἐκκλησίαν.
1844 843 1955 900 Καὶ

364 947 395 999 6
422 945 524 1015 μὲν
556 941 842 1007 θεσπέσιος
870 940 1078 1012 Μωσῆς
1097 980 1114 1004 ,
1143 939 1667 1013 προκεχειρισμένος
1703 938 1785 1001 εἰς
1812 936 1951 991 ἀπο-

366 1034 576 1106 στολὴν,
598 1033 777 1090 ἐδέετο
804 1032 899 1086 τοῦ
925 1031 1084 1099 Θεοῦ,
1104 1032 1300 1102 λέγων*
1336 1049 1356 1084 ι
1383 1031 1608 1101 Δέομαί,
1633 1029 1829 1101 Κύριε,
1850 1029 1953 1085 οὐκ

362 1124 585 1189 εὖλαλός
633 1125 749 1197 είμι
788 1123 894 1196 πρὸ
936 1122 1037 1195 τῆς
1083 1121 1210 1194 χθὲς
1231 1160 1248 1185 ,
1284 1121 1409 1176 οὐδὲ
1463 1121 1572 1193 πρὸ
1612 1120 1714 1191 τῆς
1760 1121 1952 1192 τρίτης

369 1217 606 1291 ἡμέρας,
642 1215 766 1270 οὐδὲ
797 1215 893 1285 ἀφ’
919 1208 981 1270 οὗ
1010 1211 1161 1285 ήρξω
1187 1211 1371 1266 λαλεῖν
1401 1209 1481 1282 τῷ
1504 1210 1795 1282 θεράποντι
1829 1227 1948 1277 σου,

365 1306 719 1380 ἰσχνόφωνος,
763 1307 863 1361 καὶ
909 1303 1320 1376 βραδύγλωσσος
1362 1301 1478 1375 δγώ
1518 1302 1655 1372 ειμι.
1698 1320 1719 1355 ι
1766 1302 1947 1373 Προσ-

364 1401 533 1456 ετίθει
572 1401 631 1455 δὲ
659 1401 891 1464 τούτοις⁹
932 1418 950 1450 ι
978 1396 1331 1470 Προχείρισαι
1369 1394 1530 1453 ἄλλον
1567 1395 1861 1467 δυνάμενον
1885 1393 1948 1451 δν

362 1478 709 1556 ἀποστελεῖς.
758 1511 779 1545 ι
829 1486 965 1545 Εἶτα
1002 1489 1139 1561 πρὸς
1180 1488 1344 1543 αὐτὸν
1386 1488 1419 1541 6
1458 1486 1570 1541 τῶν
1609 1486 1745 1541 ὅλων
1787 1486 1944 1550 Θεός*

369 1602 392 1635 ι
424 1581 556 1638 Οὔκ·
588 1582 699 1636 ἰδοὺ
731 1580 948 1656 Ἀαρὼν
975 1583 1005 1635 6
1026 1579 1252 1649 ἀδελφός
1278 1596 1371 1633 σου
1393 1579 1424 1633 6
1440 1579 1694 1651 Λευιτης,
1720 1578 1948 1636 ἄπιστα-ν

365 1689 469 1746 μαι
492 1673 578 1727 ὃτι
598 1671 776 1726 λαλῶν
801 1670 1020 1743 λαλήσει
1050 1668 1212 1733 αὐτός
1235 1684 1337 1733 σοι,
1375 1668 1471 1722 καὶ
1506 1667 1615 1723 ίδοὺ
1647 1667 1810 1732 αὐτὸς
1862 1666 1946 1739 t5-

364 1765 647 1818 ελεύσεται
668 1766 747 1828 εἰς
780 1762 1100 1832 συνάντησίν
1131 1778 1247 1818 σου.
1270 1760 1382 1815 Kal
1420 1758 1543 1815 ίδών
1558 1776 1620 1815 σε
1642 1761 1943 1833 χαρήσεται

2055 576 2259 634 nostris
2282 577 2349 645 ⁷⁵,
2387 598 2407 632 ι
2442 581 2749 637 secundum
2788 582 3120 655 Scripturas,
3150 594 3209 641 et
3246 584 3523 657 ingressus
3567 586 3624 642 in

2054 685 2353 741 supernum
2406 673 2545 731 illud
2611 676 3125 748 sanctissimumque
3186 677 3622 735 tabernaculum.

2053 760 2206 817 Hanc
2232 762 2382 818 enim
2416 763 2563 820 viam
2587 765 2749 822 nobis
2778 766 3128 833 instauravit,
3154 767 3625 839 sanctificavitque

2052 854 2276 926 proprio
2306 857 2570 929 sanguine
2588 858 2910 917 Ecclesiam.
2948 859 3116 931 Atqui
3147 860 3371 916 divinus
3400 860 3623 931 quidem

2051 944 2265 1018 Moyses
2287 947 2497 1006 electus
2519 949 2586 1005 ad
2614 950 2950 1018 missionem,
2970 950 3150 1007 oravit
3173 952 3368 1018 Deum,
3390 950 3583 1008 dicens
3605 969 3620 1006 :

2060 1054 2080 1089 ι
2117 1035 2248 1105 Oro,
2272 1038 2524 1106 Domine,
2545 1055 2658 1098 non
2679 1042 2944 1114 eloquens
2971 1058 3094 1100 sum
3116 1052 3244 1099 ante
3267 1043 3416 1109 heri,
3443 1059 3624 1114 neque

2049 1132 2177 1180 ante
2197 1126 2417 1183 tertiam
2439 1127 2608 1196 diem,
2632 1145 2811 1201 neque
2831 1146 2902 1187 ex
2917 1146 3029 1202 quo
3056 1130 3273 1202 coepisti
3292 1131 3447 1201 loqui
3464 1145 3625 1186 servo

2051 1225 2148 1272 tuo
2174 1234 2190 1271 :
2212 1219 2402 1289 gracili
2435 1234 2571 1278 voce
2593 1230 2651 1277 et
2674 1220 2829 1278 tarda
2864 1221 3053 1292 lingua
3085 1236 3188 1292 ego
3217 1235 3339 1277 sum
3368 1220 3435 1273 τ’.
3468 1238 3488 1272 ι
3515 1219 3625 1276 Ad-

2043 1307 2179 1379 jecit
2199 1316 2383 1365 autem
2415 1310 2533 1366 his:
2573 1330 2593 1364 ι
2628 1312 2781 1385 Elige
2802 1321 3081 1384 potentem
3118 1312 3286 1368 alium
3302 1326 3467 1382 quem
3490 1311 3624 1367 mit-

2050 1399 2219 1455 tes".
2247 1419 2267 1453 ι
2315 1401 2525 1459 Deinde
2563 1403 2710 1459 Deus
2739 1404 2815 1459 ita
2851 1404 3133 1475 respondit
3179 1422 3195 1458 :
3251 1422 3270 1456 ι
3302 1403 3462 1459 Non:
3493 1417 3625 1460 ecce

2045 1488 2228 1545 Aaron
2253 1490 2425 1549 frater
2450 1500 2580 1549 tuus
2614 1494 2831 1553 Levita.
2855 1495 2982 1552 Scio
3000 1496 3149 1567 quod
3167 1496 3401 1567 loquens
3434 1497 3626 1567 loque-

2045 1585 2136 1635 tur
2152 1579 2269 1649 ipse
2290 1580 2429 1647 tibi,
2470 1589 2530 1637 et
2563 1597 2693 1639 ecce
2731 1584 2850 1655 ipse
2874 1586 3193 1657 egredietur
3233 1586 3290 1641 in
3331 1602 3623 1643 occursum

2045 1666 2178 1733 tibi,
2205 1677 2265 1725 et
2289 1669 2485 1726 videns
2528 1679 2582 1727 te
2627 1670 2907 1729 lmtabitur
2939 1674 2997 1729 in
3025 1674 3240 1746 seipse,
3280 1684 3338 1733 et
3374 1676 3528 1732 dices
3552 1675 3624 1731 ad

2043 1773 2190 1823 eum,
2209 1768 2268 1816 et
2287 1760 2446 1818 dabis
2467 1762 2635 1819 verba
2663 1779 2787 1820 mea
2819 1765 2876 1821 in
2899 1780 2964 1822 os
2997 1768 3139 1839 ejus,
3172 1777 3231 1825 et
3259 1783 3363 1841 ego
3382 1769 3625 1839 aperiam

363 1856 426 1912 ἑν
457 1856 634 1928 ἑαυτῷ
654 1896 670 1922 ,
705 1856 798 1909 καὶ
825 1856 972 1927 ἐρεῖς
1000 1853 1135 1926 πρὸς
1167 1853 1353 1919 αὐτὸν,
1396 1853 1493 1906 καὶ
1527 1850 1720 1916 δώσεις
1750 1852 1822 1907 τὰ
1848 1853 1943 1924 ῥή-

2049 1865 2113 1906 os
2143 1858 2322 1919 tuum,
2343 1861 2401 1909 et
2421 1853 2692 1910 instruam
2734 1871 2839 1912 vos
2869 1872 2993 1927 quae
3023 1856 3268 1924 facietis,
3299 1866 3357 1913 et
3379 1860 3497 1929 ipse
3539 1859 3625 1915 lo-

366 1949 512 2019 ματά
540 1965 641 2019 μου
670 1948 726 2002 ὲν
748 1947 830 2019 τῷ
863 1945 1094 2016 στόματι
1120 1946 1286 2000 αὑτοῦ
1317 1945 1412 2002 καὶ
1438 1943 1761 2014 συμϐιϐἀσω
1796 1945 1943 2016 ὑμᾶς

359 2037 401 2096 ἃ»
428 2039 701 2110 ποιήσετε,
729 2037 825 2090 καὶ
846 2036 1075 2105 λαλήσει
1102 2035 1265 2099 αὐτός
1287 2052 1372 2090 σοι
1398 2035 1532 2107 πρὸς
1558 2036 1650 2090 τὸν
1675 2035 1822 2102 λαὸν,
1849 2037 1941 2090 καὶ

366 2128 532 2190 αὐτὸς
576 2127 733 2183 ἔσται
770 2143 867 2182 σου
908 2125 1104 2197 στόμα.
1151 2143 1172 2177 ι
1224 2125 1647 2197 Βραδύγλωσσος
1692 2126 1792 2197 μὲν
1830 2126 1943 2198 γὰρ

367 2219 814 2289 ὁμολογουμένως
838 2217 931 2271 καὶ
958 2217 1352 2286 εύπομεῖνςοὺκ
1377 2215 1531 2280 είδὼς
1549 2217 1577 2270 6
1594 2216 1761 2272 πάλαι
1775 2216 1941 2287 νόμος

365 2310 460 2366 διὰ
487 2311 685 2365 κύκλου
716 2309 866 2382 μόλις
894 2306 1223 2378 μακροῦ,τοῢ
1248 2307 1386 2362 κατά
1410 2307 1472 2361 τὸ
1500 2308 1737 2379 Γράμμα
1769 2307 1936 2380 φημὶ,

360 2402 649 2473 μονονουχὶ
665 2401 758 2456 καὶ
779 2400 1143 2471 ὐποψελλίζων
1171 2400 1204 2471 ή
1211 2400 1302 2470 μίν
1317 2400 1380 2453 τὸ
1393 2399 1509 2473 Θεῷ
1527 2399 1736 2455 δοκοῦν·
1764 2401 1940 2473 στόμα

352 2493 417 2547 δὲ
457 2492 704 2558 Μωσέως
744 2493 807 2548 τὺ
848 2493 1243 2563 εὐφωνότατον,
1287 2492 1316 2545 6
1361 2490 1633 2563 Χριστὸς,
1680 2492 1941 2563 μεθιστὰς

354 2583 485 2649 τοὺς
512 2582 716 2648 τύπους
740 2585 821 2648 είς
840 2582 1120 2654 ἀλήθειαν,
1153 2584 1248 2638 καί⁸
1278 2581 1551 2654 προτιθεὶς
1578 2583 1804 2654 ἑτοίμην
1825 2586 1941 2648 τοῖς

357 2672 675 2751 ἁπανταχοῦ
719 2671 833 2729 τῶν
878 2671 1197 2741 ἀναγκαίων
1236 2671 1337 2742 τὴν
1383 2671 1609 2743 είδησιν.
1651 2672 1940 2751 Τοιγάρτοι

359 2765 526 2837 φησὶν
558 2748 618 2821 ὲν
647 2762 1073 2835 τεσσαρακοστῷ
1105 2764 1201 2817 καὶ
1238 2762 1407 2835 ὀγδόῳ
1427 2763 1663 2835 Ψαλμῷο
1697 2782 1716 2817 ι
1754 2748 1942 2818 Ἀκού-

361 2872 495 2910 σατε
528 2854 722 2920 ταῦτα,
756 2856 934 2913 πάντα
967 2856 1039 2910 τὰ
1079 2854 1230 2926 ἔθνη,
1267 2854 1621 2921 ἐνωτίσασθε,
1658 2855 1859 2920 πάντες
1888 2857 1938 2909 οί

362 2948 736 3013 κατοικοῦντες
758 2948 857 3019 τὴν
882 2947 1227 3018 οἰκουμένην.
1278 2966 1300 3000 ι
1354 2947 1711 3003 Ἀνετυποῦτο
1753 2949 1818 3021 δὴ
1846 2943 1941 3004 οὖν

364 3037 442 3102 ὡς
478 3037 537 3088 ὲν
572 3038 779 3112 Ἀαρὼν
804 3042 834 3094 6
856 3040 1112 3112 Χριστός.
1150 3039 1260 3094 Kal
1294 3040 1356 3094 τό
1384 3057 1450 3109 γε
1482 3038 1939 3112 παραδοξότερον.

367 3126 465 3198 Μὴ
499 3128 607 3198 γάρ
636 3144 719 3180 τοι
747 3127 1067 3202 θαυμάσῃς,
1109 3130 1157 3182 εί
1195 3130 1254 3183 ὲν
1293 3131 1407 3192 τοῖς
1445 3128 1742 3197 ἐγνωκόσιν
1776 3128 1936 3183 αὐτὸν

2040 1948 2242 2010 quetur
2260 1956 2362 2015 pro
2393 1950 2448 1998 te
2474 1942 2544 1997 ad
2560 1944 2846 2014 populum,
2872 1953 2932 2001 et
2965 1945 3083 2016 ipse
3112 1947 3222 2002 erit
3243 1962 3307 2003 os
3325 1954 3483 2003 tuum
3500 1949 3571 2003 ⁷⁷.
3596 1966 3617 2001 ι

2039 2028 2374 2102 Tardiloqua
2416 2033 2566 2091 enim
2601 2049 2795 2091 revera
2840 2044 2927 2093 est
2958 2044 3120 2094 vetus
3152 2038 3262 2105 lex,
3288 2054 3389 2110 per
3433 2039 3629 2110 longos

2037 2122 2306 2179 circuitus
2338 2139 2481 2196 aegre
2517 2125 2682 2182 nobis
2719 2126 2820 2183 Dei
2856 2127 3197 2186 voluntatem
3232 2130 3492 2189 balbutit.
3517 2129 3623 2185 So-

2037 2230 2236 2272 norum
2254 2224 2438 2273 autem
2455 2218 2656 2293 Moysis
2669 2235 2753 2285 os,
2769 2217 3043 2286 Christus,
3064 2230 3224 2293 typos
3245 2222 3315 2276 ad
3336 2223 3627 2279 veritatem

2038 2306 2415 2377 transferens,
2460 2308 2790 2383 facilemque
2818 2312 3079 2367 omnibus
3131 2312 3315 2368 ubivis
3352 2322 3628 2369 terrarum

2037 2401 2358 2457 constitutis
2383 2416 2578 2457 eorum
2602 2418 2726 2474 qua:
2743 2403 3057 2459 necessaria
3078 2412 3228 2468 sunt,
3255 2404 3626 2476 cognitionem

2037 2505 2371 2563 proponens.
2402 2492 2615 2550 Idcirco
2641 2495 2722 2551 sic
2755 2496 2836 2551 ait
2882 2496 2942 2551 in
2970 2496 3394 2568 quadragesimo
3431 2505 3629 2552 octavo

2036 2582 2246 2652 psalmo
2273 2599 2287 2637 :
2331 2601 2350 2635 ι
2384 2583 2491 2656 52
2511 2586 2713 2642 Audite
2750 2587 2896 2653 haec,
2931 2602 3122 2645 omnes
3149 2598 3377 2660 gentes;
3401 2590 3631 2647 auribus

2037 2670 2326 2742 percipite,
2348 2686 2541 2729 omnes
2589 2674 2903 2734 habitantes
2941 2676 3136 2733 orbem
3174 2677 3242 2733 ⁷⁸.
3278 2696 3297 2730 ι
3335 2678 3629 2749 Figuratus

2039 2758 2224 2831 itaque
2246 2762 2303 2817 in
2324 2761 2543 2820 Aarone
2573 2764 2848 2823 Christus.
2874 2767 3042 2838 Atqui
3070 2769 3177 2825 hoc
3211 2770 3386 2840 magis
3416 2770 3627 2826 miran-

2038 2850 2189 2913 dum.
2229 2852 2418 2926 Neque
2435 2856 2587 2912 enim
2620 2859 2864 2927 mireris,
2901 2862 2949 2918 si
2988 2863 3046 2918 in
3071 2862 3176 2928 iis,
3204 2861 3300 2931 qui
3328 2862 3508 2933 ipsum
3535 2878 3631 2918 co-

2037 2953 2297 3017 gnorunt,
2335 2957 2393 3004 et
2418 2947 2595 3021 legem
2625 2952 2864 3017 callent,
2897 2953 3136 3025 propriae
3156 2969 3270 3009 suae
3283 2955 3629 3011 excellentia:

2039 3029 2473 3102 magnitudinem
2512 3033 2903 3101 adumbravit,
2939 3036 3162 3106 quando
3192 3037 3359 3090 etiam
3409 3037 3467 3092 in
3509 3038 3630 3093 viro

2039 3120 2347 3193 alienigena
2376 3131 2637 3180 ostensus
2679 3134 2765 3181 est
2807 3125 2905 3196 qui
2946 3127 3205 3182 Israelem
3249 3142 3280 3181 a
3311 3127 3628 3197 captivitate

495 3192 554 3272 έν
577 3192 783 3290 είδήσει
814 3192 923 3274 τῶν
953 3192 1129 3292 νόμων
1157 3221 1252 3292 τῆς
1288 3221 1424 3285 ιδίας
1453 3192 1725 3292 ὑπεροχῆς
1751 3220 1939 3274 ἐσκια-

2043 3211 2316 3279 liheravit,
2344 3221 2403 3270 et
2427 3223 2673 3270 sanctam
2696 3192 2976 3272 civitatem
2996 3216 3268 3283 fundavit,
3299 3227 3358 3274 et
3378 3192 3627 3290 inexpu-

362 3308 566 3379 γράφει
607 3309 670 3364 τὸ
710 3310 963 3381 μέγεθοςο
994 3311 1082 3366 ὅτε
1128 3313 1225 3365 καὶ
1265 3311 1340 3375 ὡς
1388 3312 1447 3365 ὲν
1491 3310 1650 3382 ἀνδρὶ
1698 3309 1940 3381 πέφηνεν

355 3401 654 3475 ἀλλογενετ,
687 3403 780 3456 καίΙ
811 3403 1185 3474 αἰχμαλωσίας
1221 3404 1421 3458 ἀνιέντι
1455 3404 1546 3459 τὸν
1582 3403 1814 3476 Ἰσραὴλ,
1845 3402 1941 3458 καὶ

355 3493 463 3564 τὴν
496 3494 656 3562 ἁγίαν
703 3494 799 3549 καὶ
837 3495 989 3566 ἱερὰν
1034 3494 1370 3569 θεμελιοῦντι
1413 3497 1588 3565 πόλιν,
1624 3497 1719 3552 καὶ
1765 3496 1941 3567 ἔχοντι

354 3587 573 3657 ἄμαχον
598 3588 699 3660 τὴν
727 3588 871 3641 κατά
903 3588 1120 3643 πάντων
1158 3589 1330 3660 ίσχύν.
1364 3590 1671 3661 Ποιήσομαι
1698 3588 1757 3643 δὲ
1791 3586 1941 3660 σαφῆ

351 3677 460 3751 τὴν
483 3679 778 3750 ἀφήγησιν,
811 3678 1223 3752 βραχυλογήσας
1249 3681 1324 3744 ὡς
1344 3681 1446 3741 ἔνι.

425 3773 494 3820 ε’.
550 3762 728 3822 Ἦκτο
763 3769 861 3840 μὲν
907 3770 1251 3841 αἰχμάλωτος
1291 3774 1327 3841 ή
1369 3768 1598 3827 Ἰουδαία
1642 3771 1806 3839 ποτὲ,
1845 3772 1940 3826 καὶ

352 3860 607 3931 μακροὺς
646 3861 705 3914 ὲν
752 3859 1035 3916 Βαϐυλῶνι
1084 3862 1477 3934 κατετρύχοντο
1517 3863 1742 3936 χρόνους
1788 3865 1837 3917 οί
1880 3863 1940 3931 ἐξ

360 3951 608 4024 Ἰσραὴλ,
642 3952 854 4024 σκληρᾷ
886 3953 981 4011 καὶ
1028 3952 1287 4025 βαρϐάρῳ
1327 3953 1540 4026 δουλεία
1570 3954 1939 4026 κατηχθισμέ-

344 4064 460 4110 νοτ.
506 4044 657 4101 Ἐπεὶ
684 4044 742 4098 δὲ
776 4045 806 4097 ὁ
828 4044 1127 4116 Καμϐύσου
1172 4044 1353 4116 Κῦρος
1378 4045 1577 4115 Μήδων
1604 4061 1664 4097 τε
1697 4045 1814 4114 ἁμα
1849 4044 1941 4097 καὶ

347 4137 467 4209 μὴν
501 4136 596 4191 καὶ
638 4134 865 4207 Περσῶν
908 4135 1274 4207 ἐξηρτημένος
1312 4134 1374 4188 τὸ
1415 4134 1653 4205 κράτος,
1706 4134 1942 4206 πόλεμον

345 4224 575 4296 αἴρεται
601 4224 735 4295 πρὸς
773 4222 1092 4302 Ἀσσυρίους
1113 4223 1348 4296 ὁμόρους
1369 4222 1530 4287 δντας
1555 4224 1651 4276 καὶ
1670 4225 1938 4292 γείτονας,

342 4318 478 4371 τότε
501 4315 565 4388 δὴ
598 4316 720 4369 τότε
763 4316 857 4369 καὶ⁸
882 4316 1049 4387 αὐτὴν
1078 4316 1177 4387 τὴν
1207 4315 1506 4369 Βαϐυλῶνα
1550 4315 1691 4370 κατά
1739 4317 1939 4388 κράτος

343 4405 520 4471 ἑλὼν,
546 4406 719 4475 ἀνῆκε
744 4406 872 4469 τοὺς
904 4406 1184 4472 Ἰουδαίους
1213 4406 1313 4478 τὴν
1353 4406 1654 4479 Ἀσσυρίων
1680 4407 1939 4479 θρηνοῦν-

2038 3305 2244 3377 gnabili
2260 3305 2523 3363 adversus
2545 3323 2739 3365 omnes
2762 3309 2961 3365 robore
2991 3309 3256 3381 praeditus
3281 3319 3419 3367 erat.
3451 3308 3628 3365 Mani-

2037 3396 2231 3455 festam
2280 3408 2464 3456 autem
2513 3407 2572 3456 et
2603 3401 3050 3473 compendiosam
3074 3442 3091 3468 ,
3137 3403 3321 3474 quoad
3353 3404 3477 3476 ejus
3506 3401 3628 3459 ﬁeri

2037 3490 2261 3563 poterit,
2292 3491 2361 3550 de
2379 3507 2448 3550 eo
2466 3494 2840 3555 narrationem
2860 3495 3169 3557 instituam.

2108 3766 2161 3823 5.
2202 3764 2395 3825 Judtea
2419 3767 2645 3839 quidem
2679 3768 2811 3824 olim
2854 3770 3070 3840 captiva
3104 3768 3272 3825 ducta
3297 3768 3421 3832 fuit,
3453 3778 3510 3822 et
3546 3768 3627 3823 ls-

2038 3859 2248 3916 raelitm
2270 3860 2434 3932 longo
2475 3860 2774 3916 admodum
2823 3867 3072 3931 tempore
3110 3859 3249 3913 dura
3282 3858 3626 3927 barbaraque

2039 3950 2306 4023 servitute
2333 3950 2393 4004 in
2429 3950 2708 4020 Babylone
2746 3950 2996 4018 Oppressi
3043 3948 3288 4002 fuerunt.
3329 3948 3624 4017 Postquam

2037 4054 2173 4095 vero
2214 4039 2412 4110 Cyrus,
2462 4038 2748 4108 Cambysis
2801 4038 2970 4102 filius,
3023 4038 3308 4092 Medorum
3358 4037 3522 4093 simul
3570 4048 3627 4093 et

2039 4130 2334 4185 Persarum
2366 4128 2543 4198 copiis
2574 4127 2902 4199 conjunctis,
2934 4128 3142 4183 bellum
3186 4128 3426 4200 Assyriis
3454 4127 3624 4183 ﬁniti-

2040 4221 2147 4276 mis
2173 4235 2238 4275 ac
2281 4218 2481 4279 vicinis
2509 4219 2719 4288 intulit,
2758 4226 2890 4274 tunc
2932 4219 3155 4274 demum
3190 4219 3468 4291 Babylone
3507 4219 3625 4288 ipsa

2040 4309 2095 4364 vi
2128 4316 2306 4379 capta,
2331 4308 2587 4364 liberavit
2626 4307 2845 4364 Judaeos
2884 4308 3233 4380 Assyriorum
3276 4308 3623 4381 tyrannidem

2040 4401 2425 4466 lamentantes,
2455 4415 2637 4471 neque
2685 4401 2893 4473 absque
2934 4401 3193 4472 lacrymis
3237 4411 3617 4466 accurrentes,

342 4514 463 4561 τοις
520 4495 851 4563 πλεονεξίαν,
905 4497 999 4552 καὶ
1055 4499 1158 4552 οὐκ
1213 4498 1477 4570 ἀδακρυτὶ
1531 4497 1897 4570 προσθέοντας
1921 4514 1938 4529 ·

2043 4491 2487 4560 aﬁirmantesque
2520 4491 2843 4563 praedictum
2885 4508 3007 4548 esse
3054 4508 3087 4547 a
3120 4492 3234 4547 Deo
3279 4508 3381 4563 per
3428 4507 3620 4546 vocem

344 4588 870 4674 διαϐεϐαιουμένους
902 4608 959 4645 τε
1004 4592 1088 4644 ὅτι
1126 4590 1222 4644 καὶ
1266 4590 1560 4663 προείρητο
1606 4589 1756 4660 παρά
1801 4588 1939 4644 Θεοῦ

2043 4590 2381 4649 sanctorum,
2406 4582 2555 4651 quod
2579 4591 2848 4642 venturus
2879 4593 3027 4641 esset
3066 4591 3395 4654 opportune,
3438 4592 3495 4638 et
3526 4584 3625 4638 ad—

342 4680 447 4734 διὰ
492 4680 675 4750 φωνῆς
711 4680 902 4750 ἁγίων,
939 4681 1022 4734 ὅτι
1065 4680 1161 4734 καὶ
1197 4677 1318 4750 ἥξει
1364 4678 1507 4735 κατά
1546 4681 1805 4749 καιροὺς,
1842 4679 1939 4734 καὶ

345 4770 644 4842 περιέσται
686 4771 795 4827 τῶν
838 4771 1273 4842 ἀνθεστηκότων,
1318 4770 1413 4825 καὶ
1442 4770 1603 4833 αὐτὸς
1632 4770 1822 4840 ἀνήσει
1852 4769 1941 4822 δε-

352 4862 515 4933 σμῶν
551 4863 678 4927 τοὺς
724 4862 1085 4934 ἠδικημένους
1106 4878 1120 4893 ·
1181 4863 1273 4916 καὶ
1314 4862 1397 4916 ὅτι
1443 4862 1535 4915 τὸν
1576 4856 1722 4917 οἶκον
1761 4862 1946 4932 ἐγερεῖ

348 4954 521 5008 πάλιν
549 4954 714 5018 αὐτὸς
739 4954 830 5008 τὸν
856 4956 915 5007 ὲν
951 4953 1360 5026 Ἱεροσολύμοις,
1379 4954 1437 5007 ὃν
1469 4951 1743 5025 Ἀσσύριοι
1771 4971 1940 5011 κατα-

350 5044 716 5117 πιμπρῶντες
739 5087 756 5112 ,
801 5046 1129 5100 ὲδυσσέϐουν
1156 5048 1235 5111 είς
1266 5046 1420 5102 Θεόν.
1450 5044 1561 5098 Kal
1583 5044 1942 5116 ψευδοεποῦνο

350 5153 458 5199 τας
495 5137 554 5190 ὲν
584 5135 794 5200 τούτοις
832 5137 959 5200 τοὺς
987 5137 1045 5204 ἐξ
1090 5137 1302 5209 Ἰσραὴλ
1337 5139 1436 5209 οὐχ
1469 5138 1798 5209 εὑρήσομεν,
1842 5136 1944 5201 τὰς

355 5225 470 5278 τῶν
509 5227 683 5296 ἁγίων
728 5225 1027 5298 προφητῶν
1077 5227 1661 5299 πολυπραγμονοῦντες
1703 5227 1942 5298 γραφάς.

362 5317 512 5388 Ἔφη
537 5318 593 5381 δὲ
626 5318 768 5374 οὕτω
793 5319 928 5383 Θεὸς
958 5318 1046 5373 διὰ
1068 5320 1253 5390 φωνῆς
1289 5320 1529 5373 Ἡσαΐου·
1565 5337 1583 5370 ι
1622 5318 1777 5372 Οὕτω
1795 5320 1943 5389 λέγει

360 5407 565 5479 Κύριος
594 5413 622 5463 6
654 5410 1019 5482 λυτρούμενός
1056 5428 1115 5464 σε
1135 5449 1150 5476 ,
1178 5411 1273 5465 καὶ
1304 5413 1332 5464 6
1368 5411 1623 5465 πλάσσων
1648 5428 1706 5464 σε
1730 5412 1792 5464 ἐκ
1826 5427 1943 5464 κοι-

357 5496 500 5562 λίας·
546 5500 685 5568 Ἐγὼ
725 5502 933 5577 Κύριος
958 5505 985 5555 ὁ
1020 5501 1289 5555 συντελῶν
1331 5500 1532 5566 ταῦτα,
1574 5501 1814 5567 ἐξέτεινα
1853 5502 1942 5555 τὸν

362 5586 588 5660 οὐρανὸν
626 5592 786 5661 μόνος
808 5632 822 5657 ,
870 5593 963 5645 καὶ
1009 5589 1319 5662 ὲστερέωσα
1357 5589 1454 5659 τὴν
1488 5591 1605 5661 γῆν.
1636 5593 1730 5656 Τίς
1755 5593 1942 5664 ἔτερος

440 5770 487 5804 ⁷δ
525 5770 708 5840 lPetr,
752 5792 832 5844 ιιι,
868 5776 950 5833 18.
1030 5780 1073 5810 ⁷⁵
1118 5779 1289 5835 Exod.
1331 5797 1399 5849 tv,
1434 5781 1513 5837 10.
1594 5781 1639 5814 η
1673 5780 1800 5836 Ibid.
1858 5779 1938 5834 15.

2020 5778 2063 5811 ⁷⁷
2091 5777 2430 5838 1bid.H-IG.

2040 4675 2315 4733 versarios
2356 4673 2756 4740 debellaturus,
2786 4683 2952 4745 atque
2982 4676 3099 4746 ipse
3133 4677 3403 4733 liberaret
3434 4690 3465 4731 e
3499 4677 3623 4731 vin-

2041 4770 2180 4828 culis
2199 4782 2509 4838 0ppressos,
2532 4766 2787 4839 quodque
2806 4784 3029 4823 rursum
3047 4769 3343 4826 aediﬁcaret
3359 4769 3622 4838 templum

2041 4860 2102 4916 in
2151 4859 2566 4932 Hierosolymis,
2614 4860 2763 4930 quod
2816 4860 3058 4933 Assyrii,
3116 4861 3282 4931 impie
3332 4862 3389 4913 in
3448 4859 3623 4915 Deum

2045 4962 2286 5025 agentes,
2311 4951 2690 5009 incenderant.
2715 4953 2891 5007 Porro
2923 4952 3069 5022 quod
3094 4965 3437 5020 nequaquam
3466 4966 3622 5015 men-

2047 5044 2134 5100 titi
2164 5044 2274 5099 sint
2308 5043 2413 5098 hac
2437 5042 2493 5097 in
2526 5058 2586 5097 rc
2606 5042 2885 5107 Israelitae,
2909 5041 3067 5097 facile
3091 5041 3254 5096 nobis
3287 5041 3620 5105 constiterit,

2047 5136 2093 5191 si
2118 5143 2434 5193 sanctorum
2460 5135 2855 5205 prophetarum
2888 5133 3095 5202 scripta
3133 5132 3493 5202 inquiramus.
3532 5132 3623 5187 Ait

2049 5227 2197 5283 enim
2242 5226 2318 5283 ita
2360 5226 2506 5281 Deus
2535 5241 2634 5295 per
2662 5238 2855 5281 vocem
2895 5223 3046 5277 Isaiae
3080 5241 3092 5279 :
3130 5241 3149 5274 ι
3189 5222 3313 5277 Ηωε
3351 5219 3484 5275 dicit
3511 5221 3621 5277 Do-

2050 5319 2234 5374 minus
2266 5317 2546 5373 redimens
2586 5324 2659 5382 te,
2700 5324 2756 5370 et
2798 5314 3041 5369 formans
3074 5321 3126 5368 te
3168 5328 3235 5367 ex
3273 5320 3431 5367 utero
3461 5331 3473 5367 :
3509 5314 3621 5385 Ego

2048 5412 2314 5467 Dominus
2355 5411 2635 5480 complens
2678 5409 2813 5471 haec,
2851 5405 3074 5461 extendi
3114 5407 3310 5461 ccelum
3353 5408 3521 5471 solus,
3563 5416 3623 5465 et

2050 5501 2261 5556 ﬁrmavi
2305 5509 2530 5555 terram.
2570 5498 2706 5563 Quis
2734 5496 2875 5549 alius
2906 5494 3194 5566 dissipabit
3229 5497 3381 5567 signa
3416 5498 3619 5569 Pytho-

2049 5608 2200 5658 num,
2222 5601 2279 5646 et
2308 5589 2681 5645 divinationes
2715 5589 2780 5643 de
2802 5587 2965 5643 corde
2983 5587 3005 5640 ἱ)
3026 5597 3349 5645 convertens
3377 5590 3618 5658 pruden-

2514 5774 2558 5809 ⁷⁸
2590 5774 2729 5832 Psal.
2761 5790 2943 5842 xum,
2978 5774 3023 5828 ι.
