4056 6260
397 319 467 375 95
1406 304 1922 367 σιΑΡιιγιιοιιυιι
1960 304 1993 361 ll

2090 303 2363 362 mussat
2392 303 2521 361 us.
2560 303 2625 359 ιι.
2684 370 2689 379 λ
3578 301 3650 363 9t

396 443 577 499 φους,
622 424 928 499 ἀοράτως,
975 426 1065 480 καὶ
1108 424 1326 496 μακρᾶς
1374 423 1545 486 ἀνῆκε
1597 420 1840 483 δουλείας
1887 419 1979 472 τὸν

2090 417 2422 485 tenebrosos,
2470 415 2839 483 absconditos,
2893 415 3219 483 invisibiles,
3270 422 3330 473 et
3387 414 3649 473 diuturna

409 516 652 591 Ἰσραήλ.
691 515 1053 571 Βεϐασίλευκε
1083 516 1141 569 δὲ
1173 515 1271 586 τῆς
1316 514 1406 567 ὑπ’
1437 511 1665 585 οὐρανὸν
1697 512 1727 563 6
1767 510 1981 581 Ἐμμα-

398 610 589 678 νουὴλ.
614 609 707 663 καὶ
732 609 806 672 ὡς
831 608 939 663 τῶν
958 609 1092 663 ὅλων
1118 606 1345 679 Σωτῆρα
1392 605 1489 660 καὶ
1514 602 1807 673 Λυτρωτήν
1831 603 1981 656 πᾶσα

407 702 507 775 μὲν
536 702 695 754 αὐτὸν
727 701 1026 772 εἰσδέχεται
1060 700 1232 763 πόλις·
1264 700 1471 752 ἀνεῖται
1515 695 1572 750 δὲ
1601 696 1702 767 ήδη
1739 692 1979 757 δουλείας

403 792 499 846 καὶ
537 791 844 858 πλεονεξίας
871 791 1180 860 διαδολικῆς
1213 790 1322 844 πᾶν
1353 790 1476 843 ὅσον
1507 785 1856 848 ὲκὸεϐίαστο,
1885 784 1981 841 καὶ

404 879 498 935 ὑπ’
524 877 671 949 αὐτῷ
699 880 961 951 πράττειν
1004 879 1320 949 ἠνάγκαστο
1345 877 1519 946 γένος.
1557 874 1980 944 Καταφοιτήσας

402 968 459 1022 δὲ
483 968 575 1022 καὶ
603 970 683 1034 εἰς
711 969 835 1040 ᾅδου
865 969 1140 1023 κεκένωκε
1162 966 1471 1038 θησαυροὺς
1499 964 1829 1030 σκοτεινοὺς,
1854 966 1982 1018 ἀπο-

400 1060 662 1133 κρύφους.
701 1063 987 1131 ἀοράτους.
1015 1079 1033 1113 ι
1076 1061 1257 1132 Θύρας
1300 1058 1508 1130 χαλκᾶς
1539 1054 1825 1128 συνέτριψε
1845 1096 1861 1122 ,
1884 1055 1979 1111 καὶ

404 1155 636 1226 μοχλοὺς
664 1151 916 1224 σιδηροῦς
955 1151 1302 1207 συνέθλασεν.
1347 1149 1493 1219 Ἔφη
1518 1147 1628 1220 γὰρ
1659 1149 1772 1211 τοῖς
1808 1148 1866 1201 ιν
1888 1146 1980 1202 δσ-

403 1246 559 1313 σμοῖς
578 1261 590 1276 ’
626 1244 907 1309 Ἐξέλθετε
928 1260 942 1273 ·
978 1243 1070 1298 καὶ
1095 1246 1208 1306 τοίς
1241 1243 1300 1295 ὲν
1332 1241 1411 1312 τῷ
1442 1240 1645 1304 σκότει,
1676 1235 1980 1294 ’Δνακαλύ-

401 1334 928 1406 φθητε.»Τοιγάρτοι
959 1336 1056 1390 καὶ
1086 1333 1254 1390 πάλαι
1282 1333 1423 1404 πρὸς
1451 1330 1569 1385 Ἰὼὸ
1596 1330 1707 1402 εφη
1735 1329 1827 1383 τὸν
1846 1329 1982 1399 an.

402 1427 738 1480 παθὲστατον
778 1427 877 1482 καὶ
917 1425 1361 1493 ἀκαταγώνιστον
1400 1420 1657 1493 ἅθλητήψ
1712 1440 1731 1474 ι
1775 1415 1980 1483 Ἧλθες

402 1514 496 1567 ἰπὶ
538 1513 720 1586 πηγὴν
753 1513 1069 1585 θαλάσσης,
1103 1514 1161 1567 ὲν
1203 1513 1260 1568 δὲ
1298 1512 1499 1583 ἴχνεσιν
1537 1510 1777 1576 ἀϐύσσου
1823 1526 1982 1581 περι·-

404 1601 709 1669 επάτησας.
753 1600 1085 1677 Ἀνοίγονται
1126 1602 1184 1655 δέ
1229 1619 1311 1657 σοι
1341 1600 1490 1673 φόϐῳ
1518 1600 1683 1655 πύλαι
1721 1598 1981 1664 θανάτου,

405 1691 648 1760 πυλωροὶ
677 1691 732 1745 δὲ
756 1689 882 1761 ᾅδου
920 1690 1118 1755 ἰδόντες
1148 1708 1207 1746 σε
1253 1691 1547 1763 ιπτηξαν.›
1567 1689 1981 1762 ’Δναγνὼσομεν

405 1776 515 1847 γὰρ
540 1776 613 1840 ὡς
640 1778 696 1831 ὲν
718 1778 985 1851 ἐρωτήσει
1012 1779 1186 1833 ταυτί·
1218 1780 1417 1835 καταδε
1428 1779 1670 1843 ικνύντος
1694 1778 1789 1833 τοῦ
1817 1777 1982 1847 λόγου

404 1868 473 1920 τὰ
499 1866 585 1921 διὰ
602 1867 834 1939 Χριστοῦ
864 1870 1286 1941 κατορθώματα,
1344 1871 1442 1925 καὶ
1462 1873 1520 1925 ὲν
1550 1872 1733 1934 αὐτοῖς
1768 1886 1981 1938 πεπρα-

403 1959 581 2031 γμένα
622 1963 735 2025 τοῖς
760 1960 856 2014 τοῦ
896 1960 1023 2033 ᾅδου
1056 1964 1266 2031 μυχοῖς.
1305 1962 1400 2025 Εἰς
1432 1961 1590 2016 τοῦτο
1618 1959 1726 2031 γὰρ
1752 1960 1983 2033 Χριστὸς

404 2050 642 2109 ἁπὲθανε
667 2051 763 2103 καὶ
789 2050 1009 2122 ἔζησεν,
1042 2051 1129 2109 ἵνα
1156 2051 1250 2106 καὶ
1287 2053 1499 2125 νεκρῶν
1528 2054 1620 2108 καὶ
1648 2051 1863 2119 ζώντων
1887 2069 1985 2106 κυ-

413 2139 627 2217 ριεύσῃ.
652 2141 766 2195 Καὶ
790 2140 974 2214 Κῦρος
1004 2140 1104 2213 μὲν
1144 2141 1309 2197 πάλαι
1338 2144 1591 2215 χρήματα
1616 2144 1741 2208 δοὺς
1758 2184 1775 2210 ,
1801 2143 1893 2199 τὸν
1923 2145 1982 2198 ἐν

420 2227 813 2301 Ἰεροσολύμοις
840 2231 1201 2303 προστέταχεν
1226 2232 1616 2305 ἀναδείμασθαι
1639 2235 1785 2290 ναόν.
1815 2234 1982 2289 Τεθε-

412 2315 648 2391 μελίωκε
672 2315 728 2370 δὲ
755 2315 851 2388 τὴν
887 2316 1208 2388 Ἐκκλησίαν
1232 2320 1332 2391 τὴν
1364 2320 1525 2390 ἁγίαν
1548 2321 1715 2387 ὅντως
1745 2321 1841 2376 καὶ
1867 2322 1985 2377 δια-

406 2404 598 2475 σόητον
621 2405 794 2471 πόλιν,
820 2406 850 2459 6
887 2405 1254 2480 Ἐμμανουήλ,
1287 2402 1378 2464 οἷὰ
1402 2427 1523 2465 τινα
1552 2409 1724 2465 Βαϐυ)
1736 2411 1852 2466 ῶνα
1884 2428 1985 2466 κα·-

402 2496 658 2562 τασείσας
688 2497 921 2552 εἰσάπαν
950 2498 1050 2572 τὴν
1087 2499 1324 2565 ἀλαζόνα
1363 2502 1459 2560 καὶ
1484 2501 1802 2578 ὑϐρίστριαν
1830 2504 1987 2559 εἰδω-

402 2587 711 2661 λολατρίαν.
740 2589 852 2643 Καὶ
880 2590 1010 2664 περί
1041 2590 1140 2661 μὲν
1181 2591 1368 2665 Κύρου
1397 2591 1550 2659 Θεὸς,
1574 2593 1657 2651 ὄτι
1696 2594 1887 2650 Πάντα
1912 2595 1983 2651 τὰ

402 2672 687 2749 θελήματά
717 2693 821 2747 μου
852 2680 1106 2751 ποιήσει,
1140 2680 1295 2753 φησι.
1324 2681 1767 2756 Προσπεφώνηκε
1792 2684 1852 2743 δι
1881 2702 1986 2739 που

403 2767 494 2820 καὶ
522 2771 636 2832 τοῖς
674 2768 941 2823 Ἰουδαίων
967 2768 1116 2834 λαοῖς
1144 2770 1513 2838 ἰξουθενοῦσιν
1531 2775 1694 2833 αὑτὸν
1716 2775 1746 2829 6
1768 2775 1987 2835 πάντων

405 2856 561 2929 ήμῶν
576 2858 790 2932 Σωτήρ·
816 2878 836 2912 ι
875 2859 1066 2933 Ὑμεῖς
1082 2862 1224 2917 κατὰ
1247 2863 1348 2935 τὴν
1370 2864 1549 2936 σάρκα
1572 2865 1807 2937 κρίνετε.
1829 2884 1848 2918 ι
1876 2866 1988 2922 Καὶ

412 2946 639 3021 ἑτέρωθί
663 2967 789 3017 που,
835 2970 855 3005 ι
892 2953 1003 3007 Καὶ
1031 2954 1129 3010 ἐὰν
1161 2953 1334 3027 κρίνω
1369 2954 1500 3025 ἐγὼ,
1530 2958 1565 3030 ή
1592 2956 1772 3031 κρίσις
1810 2959 1846 3029 ή
1879 2957 1989 3029 ἐμὴ

416 3039 642 3111 ἀληθινή
675 3043 821 3096 ἔστιν
841 3059 855 3074 ο
890 3042 975 3098 δτι
995 3045 1055 3098 οὐ
1080 3044 1228 3118 ζητῶ
1249 3046 1312 3101 τὸ
1346 3046 1559 3119 Θέλημα
1586 3047 1650 3103 τὸ
1674 3048 1826 3119 ἐμὸν,
1854 3047 1992 3103 ἀλλὰ

415 3128 480 3183 τὸ
500 3103 711 3201 ὸὲλημα
726 3131 820 3187 τοῦ
843 3103 1152 3205 πέμψαντός
1173 3155 1239 3208 με
1257 3103 1495 3210 ﬂuat-96;
1524 3157 1544 3191 ι
1575 3139 1686 3195 Καὶ
1894 3140 1992 3212 μὲν
2017 3103 2067 3169 c

415 3219 516 3293 ἔφη
547 3221 701 3287 Θεός’
735 3239 761 3275 ι
802 3224 1070 3281 Ἐκάλεσά
1096 3242 1156 3282 σε
1179 3226 1259 3300 τῷ
1285 3228 1513 3302 ὀνόματί
1559 3247 1684 3303 μου.
1718 3248 1740 3283 ι
1788 3232 1997 3305 Κύριος

408 3311 469 3366 δὲ
495 3313 714 3385 ἀληθῶς
736 3317 765 3370 6
809 3315 1178 3391 Ἐμμανουήλ,
1212 3322 1263 3375 εἰ
1291 3322 1387 3376 καὶ
1418 3320 1657 3394 πέφηνεν
1685 3318 1993 3396 ἄνθρωπος.

414 3401 537 3458 ὀτι
563 3404 623 3458 δὲ
652 3407 734 3470 εἰς
767 3405 939 3462 τύπον
985 3407 1226 3480 Χριστοῦ
1262 3410 1361 3483 τῆς
1401 3410 1560 3482 δόξης
1589 3411 1659 3467 τὰ
1697 3413 1792 3466 ἐπὶ
1826 3413 1997 3486 Κύρῳ

412 3493 648 3550 τιθειται
667 3535 683 3562 ,
713 3496 1123 3571 πληροφορήσει
1149 3500 1338 3571 σαφῶς
1365 3501 1433 3557 τὰ
1461 3502 1587 3575 ἑξῆς
1614 3503 1877 3577 εἰρημένα
1908 3503 1999 3559 διὰ

412 3583 515 3655 τῆς
539 3584 634 3639 τοῦ
676 3589 956 3658 προφήτου
991 3589 1196 3665 φωνῆς’
1230 3611 1250 3645 ι
1311 3589 1454 3663 Ἐγὼ
1488 3593 1721 3666 ἐποίησα
1761 3595 1865 3667 γῆν
1900 3594 1996 3651 καὶ

412 3672 700 3749 ἄνθρωπον
729 3678 816 3733 ἐπ’
844 3680 1037 3751 αὐτῆς.
1093 3681 1237 3756 Ἐγὼ
1275 3686 1341 3756 τῇ
1375 3685 1521 3759 χειρί
1557 3703 1657 3757 μου
1691 3682 1997 3760 ἐστερέωσα

412 3766 504 3823 τὸν
521 3767 769 3839 οὐρανὸν,
793 3771 889 3825 καὶ
908 3772 1042 3832 πᾶσι
1062 3776 1177 3838 τοῖς
1198 3774 1421 3848 ἄστροις
1441 3776 1822 3851 ἀνετειλάμην.
1857 3776 1999 3848 Ἐγὼ

409 3857 613 3932 ἦγειρα
640 3862 802 3915 αὑτὸν
838 3862 982 3918 κατὰ
1017 3864 1389 3939 δικαιοσύνην,
1443 3870 1538 3923 καὶ
1566 3870 1740 3924 πᾶσαι
1786 3868 1846 3924 αί
1888 3869 2001 3923 ὁδοὶ

412 3950 584 4008 αὑτοῦ
628 3951 856 4010 εὐθεῖαι.
912 3947 1081 4021 Οὗτος
1135 3957 1482 4031 οἰκοδομήσει
1507 3958 1606 4031 τήν
1652 3960 1808 4012 πόλιν
1855 3976 2001 4030 μου,

413 4040 511 4094 καὶ
561 4042 668 4114 τήν
723 4043 1103 4115 αἰχμαλωσίαν
1160 4044 1256 4101 τοῦ
1303 4047 1435 4102 λαοῦ
1483 4065 1587 4119 μου
1645 4049 1961 4118 ἐπιστρέψει
1981 4085 1999 4112 ,

413 4129 483 4183 οὐ
538 4131 675 4200 μετὰ
730 4131 964 4205 λύτρων,
1012 4134 1138 4188 οὐδὲ
1198 4136 1337 4206 μετὰ
1386 4134 1592 4206 δώρων,
1641 4130 1761 4188 εἶπε
1798 4135 2002 4209 Κύριος

412 4220 671 4281 Σαϐαὼθ.
724 4223 912 4289 Οὕτως
976 4225 1127 4295 λέγει
1176 4226 1416 4297 Κύριος·
1462 4224 1781 4281 Ἑκοπίασεν
1838 4226 2003 4296 Δίγυ-

415 4323 578 4377 πτος,
622 4316 719 4367 καὶ
759 4316 1019 4386 ἐμπορίαι
1062 4316 1359 4383 Αἰθιόπων,
1395 4316 1491 4371 καὶ
1528 4318 1577 4373 oi
1630 4317 1872 4390 Σαόαεὶμ
1904 4320 2002 4377 ἆν-

2080 508 2345 565 servitute
2368 506 2625 563 lsraelem
2645 507 2871 565 exemit.
2897 507 3275 580 Regnavitque
3299 521 3403 578 per
3429 507 3647 563 univer-

2079 615 2197 657 sam
2243 607 2449 656 terram
2479 598 2824 665 Emmanuel,
2855 608 2914 655 et
2945 608 3206 670 tanquam
3240 597 3487 655 omnium
3528 596 3647 655 Sal.

2078 699 2323 747 vatorem
2353 706 2419 747 ac
2441 690 2864 759 Bedemptorcm
2893 696 3006 745 tota
3033 684 3258 759 quidem
3295 687 3491 744 civitas
3520 701 3651 742 eum

2079 780 2342 851 suscepit,
2364 788 2421 837 et
2447 789 2622 836 totum
2654 795 2829 852 genus
2855 779 3155 835 humanum
3181 779 3295 850 jam
3323 792 3355 832 a
3383 776 3652 833 servitute

2078 886 2143 928 ac
2173 871 2459 943 tyrannide
2484 870 2755 927 diabolica
2774 870 3067 925 liberatum
3088 878 3193 933 est,
3225 867 3439 939 ipsique
3464 866 3656 921 subdi-

2080 970 2196 1018 tum
2226 979 2239 1015 :
2269 960 2608 1018 descendens
2637 969 2820 1018 autem
2860 962 2920 1016 in
2957 960 3234 1016 infernum
3271 959 3501 1015 abstulit
3528 958 3652 1013 the-

2079 1069 2273 1112 sauros
2303 1054 2642 1120 tenebrosae,
2667 1052 3041 1119 absconditos,
3074 1050 3399 1107 invisibiles.
3424 1050 3655 1105 «Pol-tas

2078 1161 2259 1204 encas
2298 1148 2583 1213 contrivit,
2619 1154 2678 1203 et
2716 1153 2905 1203 vectes
2938 1145 3149 1202 ferreos
3184 1143 3455 1215 confregit
3477 1142 3546 1209 ἰς
3584 1142 3655 1198 iis

2079 1240 2177 1310 qui
2221 1239 2280 1294 in
2319 1239 2558 1296 vinculis
2597 1245 2779 1304 erant,
2810 1237 3040 1294 dicens:
3070 1237 3252 1302 Exite,
3279 1243 3338 1292 et
3370 1234 3441 1290 iis
3465 1234 3561 1304 qui
3594 1233 3653 1288 in

2080 1329 2326 1387 tenebris
2339 1331 2704 1387 versabantur
2728 1348 2744 1385 :
2768 1328 3108 1386 Πενείωωί
3128 1326 3197 1383 ⁸⁸.
3215 1347 3237 1381 ι
3256 1325 3471 1387 idcirco
3487 1325 3654 1386 etiam

2079 1420 2211 1475 olim
2258 1419 2328 1474 ad
2368 1421 2829 1490 patientissimum
2869 1426 3036 1490 atque
3087 1417 3355 1474 invictum
3392 1416 3655 1473 athletam

2078 1508 2180 1566 Job
2212 1509 2288 1564 ita
2311 1509 2392 1564 ait
2422 1526 2436 1563 :
2476 1528 2495 1561 ι
2519 1508 2732 1566 Venisti
2765 1507 2836 1564 ad
2864 1507 3075 1563 fontem
3097 1509 3290 1573 maris,
3325 1507 3385 1563 in
3411 1506 3659 1579 vestigiis

2079 1605 2262 1654 autem
2286 1598 2468 1670 abyssi
2490 1598 2819 1666 ambulasti;
2846 1605 3161 1670 apertaque
3182 1598 3282 1654 tibi
3310 1607 3441 1655 sunt
3460 1598 3661 1655 timore

2079 1697 2252 1758 portae
2290 1689 2509 1755 mortis,
2543 1690 2816 1762 ianitores
2847 1699 3035 1747 autem
3067 1688 3273 1746 inferni
3313 1689 3569 1749 videntes
3602 1696 3661 1743 te

2012 1752 2054 1809 Β
2078 1752 2418 1848 expaverunt
2448 1752 2569 1834 ".i
2600 1778 2877 1852 Legemus
2902 1780 3053 1837 enim
3086 1779 3253 1836 veluti
3283 1794 3384 1849 per
3415 1779 3658 1834 interro-

2080 1869 2353 1940 gationem
2377 1870 2516 1936 hac,
2548 1868 2961 1926 demonstrante
3002 1868 3266 1925 nimirum
3301 1882 3554 1924 sermone
3590 1881 3660 1922 ea

2079 1972 2203 2029 quae
2223 1973 2323 2032 per
2340 1958 2621 2015 Christum
2645 1960 2702 2014 in
2730 1959 2864 2033 ipsis
2889 1960 3089 2017 inferni
3122 1958 3499 2030 penetralibus
3520 1972 3659 2031 prm-

2081 2046 2230 2103 clare
2262 2056 2414 2120 gesta
2439 2054 2591 2105 sunt.
2628 2048 2758 2105 Ideo
2794 2050 2944 2109 enim
2976 2048 3233 2105 Christus
3268 2056 3521 2103 mortuus
3550 2053 3657 2113 est,

2081 2148 2141 2195 et
2160 2139 2316 2206 vixit,
2341 2146 2405 2197 ut
2431 2148 2489 2196 et
2514 2149 2862 2197 mortuorum
2884 2148 2942 2197 et
2975 2140 3278 2196 viventium
3321 2139 3657 2195 dominetur.

2082 2229 2153 2286 Et
2176 2229 2351 2303 Cyrus
2377 2231 2601 2303 quidem
2626 2233 2761 2288 olim
2788 2232 2931 2288 datis
2957 2231 3210 2305 pecuniis
3236 2230 3503 2302 templum
3527 2229 3660 2286 Hie—

2083 2319 2374 2393 rosolymis
2405 2320 2725 2378 remdilicari
2750 2322 2935 2394 jussit.
2963 2321 3235 2378 Fundavit
3260 2330 3446 2378 autem
3468 2320 3661 2377 Eccle-

2083 2411 2242 2479 siam,
2293 2420 2539 2468 sanctam
2585 2429 2777 2470 revera
2828 2422 2887 2469 et
2932 2412 3349 2469 celeberrimam
3382 2411 3663 2469 civitatem

2084 2500 2430 2570 Emmanuel,
2470 2510 2730 2574 tanquam
2764 2503 3042 2576 Babylona
3072 2503 3368 2574 quamdam
3406 2511 3667 2560 evertens

2085 2592 2383 2664 superbam
2425 2603 2483 2650 et
2528 2594 2982 2650 contumeliosam
3024 2592 3414 2650 idololatriam.
3466 2592 3547 2648 Ac
3593 2590 3669 2648 de

2084 2678 2226 2754 Cyro
2242 2682 2464 2753 quidem
2488 2682 2653 2749 Deus,
2668 2683 2816 2755 quod
2836 2682 3031 2740 Omnia
3050 2699 3173 2753 quae
3183 2682 3453 2739 voluerim
3475 2682 3662 2747 faciet,

2086 2770 2244 2828 dixit.
2262 2772 2519 2829 Omnium
2540 2790 2672 2830 vero
2694 2783 2951 2830 nostrum
2976 2773 3223 2830 Salvator
3251 2773 3320 2829 ad
3350 2772 3667 2829 Iudaeorum

2087 2864 2321 2939 populos
2346 2866 2527 2938 ipsum
2550 2866 2710 2921 nihili
2731 2867 3055 2938 pendentes,
3093 2868 3170 2922 ita
3205 2865 3339 2921 alibi
3367 2865 3479 2920 ait:
3514 2883 3532 2916 ι
3558 2864 3670 2920 Vos

2090 2957 2395 3012 secundum
2422 2973 2643 3013 carnem
2666 2958 2930 3030 judicatis
2953 2956 3024 3013 ⁸⁸.
3054 2976 3073 3009 ι
3102 2957 3171 3013 Et
3190 2971 3411 3012 rursum
3438 2974 3452 3010 :
3480 2975 3497 3007 ι
3524 2956 3591 3011 Et
3618 2956 3668 3012 si

2088 3048 2278 3120 judico
2313 3064 2436 3121 ego,
2474 3050 2745 3121 judicium
2777 3065 2962 3105 meum
2990 3050 3201 3120 justum
3236 3056 3357 3115 est;
3383 3048 3515 3119 quia
3556 3062 3671 3105 non

2093 3155 2282 3216 quaero
2310 3141 2647 3199 voluntatem
2686 3156 2887 3205 meam,
2928 3140 3025 3197 sed
3057 3141 3393 3196 voluntatem
3422 3141 3544 3213 ejus
3572 3140 3670 3212 qui

2091 3232 2244 3289 misit
2279 3249 2368 3290 me
2394 3233 2573 3291 Patris
2602 3232 2671 3288 ⁸⁸.
2703 3253 2722 3287 ι
2762 3233 2841 3290 Ac
2870 3232 3013 3306 Cyro
3045 3234 3269 3304 quidem
3304 3234 3439 3289 dixit
3477 3235 3623 3290 Deus
3651 3251 3665 3288 :

2100 3343 2120 3378 ι
2139 3325 2345 3382 Vocavi
2389 3333 2442 3382 te
2483 3326 2707 3383 nomine
2730 3341 2875 3384 meo.
2905 3346 2925 3380 ι
2958 3327 3226 3383 Dominus
3263 3335 3448 3383 autem
3479 3341 3672 3382 revera

2091 3426 2176 3474 est
2198 3415 2541 3482 Emmanuel,
2564 3418 2780 3477 tametsi
2802 3419 3056 3490 apparuit
3075 3418 3261 3474 homo.
3281 3416 3438 3486 Quod
3462 3433 3591 3475 vero
3614 3418 3671 3474 in

2093 3515 2283 3581 typum
2306 3506 2492 3580 gloriae
2513 3505 2740 3575 Christi,
2763 3524 2828 3565 ea
2856 3524 2979 3580 quae
3003 3509 3073 3566 de
3099 3508 3242 3582 Cyro
3281 3509 3541 3567 dicuntur
3575 3522 3675 3579 po-

2095 3600 2203 3656 sita
2224 3599 2357 3666 sint,
2382 3615 2449 3655 ex
2477 3599 2546 3656 iis
2565 3615 2689 3671 quae
2717 3600 2978 3673 deinceps
3003 3616 3034 3656 a
3055 3600 3325 3673 propheta
3352 3607 3670 3665 narrantur,

2094 3691 2447 3747 manifestum
2480 3690 2593 3750 ﬁet.
2636 3710 2654 3743 ι
2674 3690 2789 3763 Ego
2811 3691 2917 3748 feci
2946 3700 3155 3751 terram
3183 3699 3241 3746 et
3267 3691 3546 3746 hominem
3575 3704 3673 3744 sn-

2095 3794 2196 3855 per
2219 3797 2361 3839 eam.
2387 3781 2502 3853 Ego
2524 3798 2690 3839 manu
2713 3799 2833 3839 mea
2857 3782 3069 3839 ﬁrmavi
3096 3782 3320 3844 omium,
3338 3788 3393 3833 et
3418 3778 3676 3834 omnibus

2096 3874 2272 3930 stellis
2304 3874 2580 3929 mandavi.
2611 3856 2726 3943 Ego
2748 3873 3009 3927 suscitavi
3036 3887 3164 3925 eum
3204 3885 3330 3925 cum
3361 3869 3593 3941 iustitia,
3617 3877 3677 3926 et

2099 3980 2294 4021 omnes
2314 3965 2419 4019 via:
2469 3966 2589 4034 ejus
2640 3968 2824 4014 rectae.
2876 3960 2999 4030 Ipse
3049 3957 3345 4015 mdificabit
3395 3959 3675 4016 civitatem

2099 4071 2302 4121 meam,
2340 4061 2398 4110 et
2426 4052 2797 4124 captivitatem
2839 4051 3030 4123 populi
3072 4050 3184 4107 mei
3230 4060 3532 4119 convertet,
3563 4067 3676 4109 non

2102 4163 2229 4205 cum
2267 4144 2469 4218 pretio,
2502 4158 2685 4215 neque
2716 4158 2841 4199 cum
2877 4142 3224 4208 muneribus,
3261 4141 3401 4198 dixit
3428 4143 3534 4214 55
3563 4144 3674 4199 Do-

2100 4241 2288 4297 minus
2337 4237 2599 4295 Sabaoth.
2654 4235 2784 4292 Haec
2832 4234 2971 4292 dicit
3013 4234 3279 4291 Dominus
3322 4252 3335 4287 :
3383 4234 3680 4293 Laboravit

2100 4330 2385 4406 Egyptus,
2413 4330 2712 4404 negotiatio
2732 4327 3076 4401 Ethiopum,
3125 4336 3185 4384 et
3211 4326 3412 4384 Sabain
3447 4327 3552 4382 viri
3578 4343 3680 4384 ex.

413 4403 553 4477 δρες
609 4406 807 4476 ὑψηλοὶ
847 4407 939 4460 ἐπὶ
987 4408 1045 4463 σὲ
1074 4407 1422 4483 διαϐήσονται
1447 4449 1463 4476 ,
1525 4412 1620 4466 καί
1664 4428 1747 4464 σοι
1788 4411 1993 4469 ἔσονται

2105 4403 2332 4482 celsi'ad
2361 4431 2415 4478 te
2443 4403 2779 4486 transibunt,
2805 4428 2862 4475 et
2888 4419 2989 4474 tibi
3006 4426 3173 4475 erunt
3190 4417 3333 4473 servi
3358 4435 3371 4470 :
3395 4424 3452 4470 et
3474 4424 3601 4487 post
3623 4424 3682 4472 te

416 4473 629 4562 δοῦλοι,
660 4473 769 4552 *καὶ
821 4497 991 4558 ὀπίσω
1024 4518 1117 4555 σου
1166 4473 1591 4575 ἀκολουθήσουσι
1642 4501 1910 4574 δεδεμένοι
1944 4506 1993 4560 ὲκ

2107 4522 2411 4587 sequentur
2448 4511 2621 4567 vincti
2666 4510 2919 4574 manicis,
2952 4516 3009 4562 et
3041 4507 3349 4562 adorabunt
3379 4515 3454 4570 te,
3486 4513 3543 4559 et
3578 4504 3679 4559 de-

417 4594 788 4667 χειροπέδαις,
811 4596 904 4651 καὶ
925 4598 1363 4671 προσκυνήσουσί
1398 4616 1499 4667 σοι,
1530 4598 1623 4654 καὶ
1643 4599 1701 4653 ὲν
1732 4600 1815 4653 σοὶ
1836 4616 2007 4671 προσ-

415 4685 691 4752 αύξονται,
730 4687 810 4741 ὃτι
840 4688 899 4741 ὲν
930 4689 1014 4741 σοι
1047 4690 1075 4741 6
1102 4689 1231 4754 Θεός
1264 4691 1431 4753 ἐστιν,
1479 4690 1574 4744 καὶ
1602 4691 1701 4744 οὐκ
1731 4689 1846 4745 ἔστι
1874 4689 2007 4754 Θεὸς

418 4778 566 4849 πλὴν
592 4776 708 4831 σοῦ.
743 4779 816 4832 Σὺ
863 4780 972 4850 γὰρ
1006 4773 1055 4833 εἳ
1084 4779 1236 4844 Θεὸς,
1271 4781 1364 4834 καὶ
1391 4781 1490 4833 οὐκ
1534 4779 1775 4851 ᾔδειμεν,
1801 4782 1830 4834 6
1876 4779 2011 4843 Θεὸς

415 4867 521 4923 τοῦ
564 4868 777 4941 Ἰσραὴλ
797 4870 1009 4942 Σωτήρ.
1033 4872 1491 4942 Λίσχυνθήσονται
1519 4872 1614 4925 καὶ
1640 4873 2004 4943 ἐντραπήσον-

417 4978 516 5014 ται
552 4961 752 5026 πάντες
783 4965 830 5017 οἰ
869 4964 1234 5037 ἀντικείμενοι
1257 4963 1426 5035 αύτῷ,
1458 4966 1552 5019 καὶ
1571 4965 1924 5034 πορεύσονται
1950 4966 2007 5018 ἐν

422 5053 679 5125 αἰσχύνῃ.
726 5073 745 5106 ι
790 5055 848 5109 '0
877 5057 986 5128 γὰρ
1022 5056 1251 5126 ποιήσας
1298 5057 1395 5127 τὴν
1429 5053 1552 5125 γῆν,
1593 5057 1687 5109 καὶ
1724 5055 2008 5126 ἄνθρωπον

420 5147 515 5205 ἐπ’
547 5146 738 5216 αὐτῆς,
773 5149 802 5201 6
833 5147 1211 5218 διακοσμήσας
1247 5149 1361 5211 τοῖς
1394 5146 1615 5218 ἄστροις
1639 5145 1728 5199 τὸν
1761 5147 2007 5217 οὐρανὸν,

426 5232 652 5303 ἧγειρεν
677 5236 808 5306 ἡμῖν
833 5233 1181 5308 δικαιοσύνην
1213 5237 1304 5294 τὸν
1347 5235 1554 5309 Ἰησοῦν
1585 5234 2010 5308 ἐκλυτρούμενον

423 5324 662 5396 δωρεὰνθ
721 5346 741 5378 ι
777 5327 1186 5400 Δεδικαιώμεοα
1233 5329 1342 5400 γὰρ
1383 5330 1441 5382 ὲν
1490 5326 1691 5394 πίστει,
1734 5346 1754 5379 ›
1798 5328 2011 5401 δεσμῶν

354 5420 373 5483 ῤ
425 5414 652 5470 ἀνιέντα
678 5420 772 5470 καὶ
797 5420 1193 5490 αἰχμαλωσίας,
1224 5418 1603 5490 οἰκοδομοῦντα
1629 5420 2012 5491 πνευματικῶς

422 5507 538 5589 τὴν
579 5510 777 5582 νοητὴν
829 5510 1201 5582 Ἰερουσαλὴμ,
1240 5513 1334 5564 καὶ
1366 5510 1718 5581 Θεμελιοῦντα
1755 5512 1853 5582 τὴν
1894 5512 2014 5565 Ἐκ-

1477 5626 1521 5657 ⁸²
1552 5627 1651 5681 lsa.
1683 5644 1823 5693 ηις,
1863 5628 1915 5683 9.

1332 5697 1374 5727 ⁸⁷
1404 5699 1559 5755 Rom.
1605 5715 1653 5761 γ,
1684 5700 1727 5751 l.

482 5628 552 5656 ’⁸⁸
592 5629 692 5683 lsa.
732 5646 850 5691 xm,
878 5630 942 5691 ἒς
980 5629 1248 5691 Ρδιιί.ακί,
1290 5628 1373 5682 lli.

424 5712 498 5770 γ,
527 5698 615 5755 3U.
691 5700 736 5731 ⁸⁵
770 5700 873 5760 lsa.
897 5716 1017 5767 διν,
1060 5700 1253 5763 12,16.

2051 5626 2095 5658 ⁸³
2131 5626 2253 5684 Job.
2294 5640 2508 5690 xxxvm,
2534 5624 2715 5681 lli—l7.

2104 4604 2499 4680 precabantur,
2526 4600 2655 4671 quia
2689 4600 2747 4656 in
2784 4607 2838 4655 te
2870 4599 3015 4655 Deus
3052 4605 3157 4663 est,
3184 4603 3242 4653 et
3270 4611 3381 4651 non
3419 4603 3505 4651 est
3535 4594 3682 4649 Deus

2108 4705 2306 4771 praeter
2343 4702 2417 4749 te.
2452 4692 2535 4748 Tu
2566 4692 2716 4747 enim
2754 4706 2814 4747 es
2844 4691 3011 4756 Deus,
3035 4700 3092 4746 et
3134 4689 3500 4751 nescivimus;
3534 4687 3683 4740 Deus

2108 4785 2277 4844 Israel
2307 4783 2574 4839 Salvator.
2604 4780 3022 4837 Confundentur
3056 4786 3114 4835 et
3146 4786 3462 4834 avertentur
3490 4787 3689 4829 omnes

2111 4878 2467 4934 adversantes
2509 4874 2583 4939 ei,
2620 4882 2677 4929 et
2704 4872 3066 4928 ambulabunt
3114 4871 3170 4924 in
3200 4866 3520 4924 confusione
3555 4862 3626 4920 ⁸⁸.
3653 4882 3675 4916 ι

2112 4968 2216 5037 Qui
2245 4968 2394 5023 enim
2424 4965 2633 5021 creavit
2655 4972 2879 5031 terram,
2921 4973 2979 5020 et
3015 4961 3295 5017 hominem
3336 4973 3501 5029 super
3536 4970 3693 5021 eam,.

2113 5060 2319 5130 quique
2351 5057 2549 5113 coelum
2575 5056 2747 5113 stellis
2775 5054 3009 5118 ornavit,
3036 5051 3300 5108 excitavit
3324 5049 3486 5105 nobis
3516 5047 3682 5118 justi.

2115 5153 2245 5206 tiam
2268 5151 2474 5213 Jesum,
2500 5149 2863 5204 redimentem
2890 5145 3056 5217 gratis
3086 5162 3098 5198 :
3133 5163 3152 5196 ι
3180 5141 3467 5199 Justiﬁcati
3495 5154 3686 5195 sumus

2114 5257 2213 5313 per
2245 5241 2407 5296 ﬁdem
2435 5239 2505 5307 ⁸⁷,
2539 5258 2557 5292 ›
2590 5240 2915 5295 liberantem
2938 5252 2968 5289 a
2995 5234 3232 5290 vinculis
3257 5241 3316 5287 et
3344 5230 3691 5302 captivitate,

2116 5332 2476 5388 aediﬁcantem
2520 5330 2878 5401 spiritualiter
2908 5322 3331 5381 intellectualem
3360 5323 3685 5383 Jerusalem,

2118 5432 2174 5477 et
2193 5422 2510 5476 fundantem
2530 5421 2852 5484 Ecclesiam,
2885 5433 3007 5489 quae
3031 5416 3100 5471 ab
3132 5415 3264 5486 ipsis
3294 5414 3487 5469 inferni
3511 5411 3689 5483 port“

2121 5512 2451 5567 commoveri
2484 5525 2593 5564 non
2624 5509 2816 5580 possit,
2846 5524 2947 5564 nec
2971 5508 3039 5564 ab
3070 5507 3308 5563 inimicis
3329 5505 3492 5561 vinci.
3529 5503 3695 5558 llunc

2848 5623 2891 5656 3"
2921 5625 3074 5681 Joan.
3124 5638 3231 5688 γιιι,
3269 5621 3352 5677 l5.
3458 5626 3507 5659 ⁸⁸
3536 5619 3699 5676 .loau.
