4056 6260
438 339 510 395 95
1421 335 1476 392 s.
1516 333 1796 392 CYRILLI
1830 303 2302 391 ALEXANDRINI
2342 333 2659 390 ARCIIIEP‘.
3632 333 3706 394 96

438 449 739 506 secundum
760 456 1011 503 naturam
1039 447 1210 502 Deum
1229 445 1584 501 exsistentem
1605 451 2016 515 cognoscentes,

2137 441 2370 514 κλισίαν,
2402 443 2478 506 ὡς
2501 443 2595 496 καὶ
2623 441 2809 504 αὐταῖς
2837 441 3228 495 ἀκατάσειστον
3262 433 3403 495 εἶναι
3430 443 3550 508 ταῖς
3573 443 3706 517 ᾅδου.

439 541 478 596 ii
503 541 598 611 qui
631 541 762 595 olim
785 546 1123 603 erraverant,
1157 537 1388 593 dicunt:
1425 555 1444 588 ι
1474 536 1555 591 Tu
1577 537 1725 590 enim
1759 550 1819 589 es
1870 535 2016 588 Deus

440 643 648 697 noster,
672 639 729 687 et
751 631 1103 695 nescivimus,
1124 639 1184 685 et
1201 645 1311 684 non
1330 639 1416 684 est
1430 629 1575 683 Deus
1598 636 1796 698 praeter
1822 635 1874 681 te
1895 624 1962 678 ⁸⁸.
1990 644 2009 676 ι

440 725 597 780 Hunc
629 725 958 789 adorabunt,
990 724 1122 778 huic
1159 739 1216 778 se
1245 722 1428 777 flectet
1463 741 1480 772 ι
1508 735 1672 775 omne
1710 735 1874 790 genu,
1902 734 2018 773 om-

440 818 635 887 nisque
693 817 877 886 lingua
923 815 1296 878 conﬁtebitur,
1357 814 1504 884 quod
1543 813 1808 868 Dominus
1857 813 2017 868 Jesus

441 908 693 964 Christus
719 908 774 962 in
797 907 974 978 gloria
1012 915 1097 962 est
1127 907 1225 961 Dei
1259 907 1436 962 Patris
1456 904 1522 960 ⁸⁸.
1555 925 1574 957 ›
1619 905 1758 960 Huic
1792 905 2016 975 quidam

439 1013 508 1054 ex
546 998 812 1053 lsraelitis
854 998 1125 1053 obsistere
1171 1003 1301 1052 sunt
1351 996 1568 1062 conati;
1620 994 1835 1050 confusi
1883 1010 2018 1050 vero

441 1096 589 1154 sunt,
615 1097 672 1143 et
694 1088 1076 1153 conciderunt,
1096 1096 1152 1143 et
1172 1095 1472 1143 retrorsum
1497 1086 1700 1151 ierunt,
1715 1087 1868 1156 juxta
1893 1100 2019 1156 pro-

442 1182 622 1252 phetae
646 1196 858 1235 vocem.
880 1179 1055 1251 Cyrus
1082 1180 1285 1250 itaque,
1306 1179 1588 1250 Cambysis
1619 1177 1784 1243 ﬁlius,
1819 1177 2018 1232 funda-

443 1272 524 1326 vit
549 1272 813 1342 templum
842 1270 938 1326 Dei
968 1271 1024 1324 in
1058 1270 1450 1342 Hierosolymis
1483 1269 1540 1323 in
1579 1277 1766 1340 typum
1787 1269 2015 1324 Christi.

444 1363 599 1431 Quod
627 1378 760 1417 vero
806 1363 922 1432 ipse
963 1361 1285 1416 Emmanuel
1323 1377 1441 1417 rem
1480 1361 1624 1416 hanc
1661 1361 2020 1432 spiritualiter

443 1461 592 1510 esset
617 1454 981 1524 perfecturus,
1013 1469 1113 1524 per
1154 1453 1318 1508 aliam
1356 1453 1541 1508 statim
1586 1453 1816 1522 ﬁguram
1857 1453 2020 1506 intel-

442 1549 598 1617 liges.
630 1547 924 1616 Postquam
954 1546 1103 1602 enim
1133 1545 1310 1616 Cyrus
1342 1545 1602 1599 lsraelem
1635 1560 1665 1598 a
1693 1543 2022 1615 Babylonica

446 1639 710 1694 servitute
734 1638 1010 1702 liberavit,
1035 1637 1205 1692 duces
1237 1637 1421 1691 statim
1461 1651 1529 1692 ac
1551 1637 1721 1692 veluti
1747 1636 2024 1707 principes

446 1729 635 1799 populi
666 1729 938 1800 designati
960 1737 1108 1792 sunt,
1130 1727 1434 1783 Zombabel
1469 1726 1615 1782 ﬁlius
1646 1727 1926 1793 Salathiel,
1956 1743 2024 1783 ex

2117 535 2333 601 πύλαις,
2387 534 2482 588 xui
2522 534 2793 588 ἀνάλωτον
2835 533 3072 604 ἐχθροῖς.
3128 530 3331 586 Τοῦτον
3389 533 3521 589 ὄντα
3569 537 3702 591 Θεὸν

2117 625 2258 679 κατὰ
2284 625 2444 692 φύσιν
2460 625 2911 694 ἐπιγινώσκοντες
2946 626 2995 678 οἱ
3024 623 3188 678 πάλαι
3216 623 3584 696 πλανώμενοι,
3612 628 3701 682 λέ-

2117 731 2296 784 γουσι·
2335 734 2354 766 ι
2392 717 2465 771 Σὺ
2509 716 2617 787 γὰρ
2665 713 2715 769 εἴ
2762 716 2893 779 Θεὸς
2927 716 3108 787 ήμῶν,
3159 716 3255 769 xui.
3305 717 3406 770 οὐκ
3459 719 3699 789 ᾔδειμεν.

2117 808 2228 863 Kui
2250 808 2351 862 οὐκ
2374 808 2489 862 ἐστι
2511 807 2645 872 Θεδς
2667 807 2806 879 πλὴν
2831 806 2946 862 σοῦ.
2980 826 2998 860 ι
3027 807 3216 880 Τούτῳ
3239 812 3702 880 προσκυνήσουσι,

2117 901 2291 973 τοῦτῳ
2321 900 2527 972 κάμψει
2568 920 2586 953 ι
2623 901 2731 954 πᾶν
2764 900 2915 969 γόνυ,
2948 899 3043 954 xui
3072 901 3224 956 πᾶσα
3253 900 3478 970 γλῶσσα
3510 900 3702 971 ἐξομο-

2119 991 2408 1064 λογήσεται
2433 993 2515 1046 ὅτι
2541 990 2744 1062 Κύριος
2777 989 2984 1062 Ἰησοῦς
3013 992 3248 1063 Χριστὸς
3277 994 3355 1056 είς
3383 993 3541 1060 δόξαν
3569 993 3706 1047 Θεοῦ

2119 1083 2354 1154 Πατρός.
2389 1102 2407 1136 ι
2429 1082 2615 1154 Τούτῳ
2642 1083 3043 1153 τετολμήκασιν
3066 1084 3384 1154 ἀντιστῆναι
3419 1103 3563 1149 τινες
3594 1084 3709 1139 τῶν

2119 1174 2179 1242 ἐξ
2219 1174 2456 1246 Ἰσραήλ.
2485 1173 2950 1246 Κατῃσχύνθησαν
2968 1173 3024 1227 δέ
3053 1174 3146 1227 xui
3167 1174 3513 1240 πεπτώκασι,
3534 1177 3627 1230 xui
3647 1178 3706 1228 ἐν

2119 1269 2295 1337 τροπῇ
2341 1265 2708 1336 πεπόρευνται
2741 1266 2883 1320 κατὰ
2917 1266 3016 1336 τὴν
3042 1265 3134 1318 τοῦ
3183 1267 3462 1337 προφήτου
3499 1267 3704 1338 φωνήν.

2121 1354 2304 1427 Κῦρος
2327 1355 2424 1425 μὲν
2447 1349 2540 1408 οῦν
2562 1355 2590 1406 6
2608 1354 2928 1426 Καμϐύσου,
2953 1353 3320 1425 τεθεμελίωκε
3335 1356 3427 1409 τὸν
3451 1355 3596 1410 οἷκον
3613 1354 3706 1410 τοῦ

2121 1445 2258 1499 Θεοῦ
2285 1446 2379 1499 τὸν
2403 1447 2461 1500 ἐν
2495 1446 2907 1518 Ἰεροσολύμοις,
2931 1448 3010 1510 είς
3037 1445 3206 1500 τύπον
3232 1447 3490 1519 Χριστοῦ.
3510 1449 3630 1501 ’Ὀτι
3651 1447 3709 1501 δὲ

2124 1535 2286 1598 αὐτὸς
2319 1534 2542 1604 ἔμελλεν
2567 1536 2596 1588 6
2640 1535 2987 1606 Έμμανουὴλ
3012 1536 3403 1607 ἀποπεραίνειν
3429 1537 3487 1590 τὸ
3517 1536 3710 1607 χρῆμα

2125 1625 2510 1695 πνευματικῶς
2539 1642 2599 1678 τε
2622 1626 2716 1678 xui
2739 1625 3068 1694 νοητῶς,καὶ
3085 1627 3151 1680 δι’
3177 1627 3368 1697 ἐτέρας
3396 1628 3558 1691 εὐθὺς
3587 1629 3712 1690 ἀνα-

2131 1714 2291 1785 μάθοι
2325 1731 2408 1779 τις
2433 1715 2499 1768 ἂν
2555 1715 2781 1779 εἰκόνος.
2825 1714 3043 1786 Ἐπειδὴ
3075 1715 3185 1787 γὰρ
3216 1717 3316 1786 τῆς
3354 1719 3412 1772 ἐν
3431 1717 3712 1771 Βαϐυλῶνι

449 1795 598 1875 tribu
621 1795 855 1884 Juda,et
877 1821 1037 1876 Jesus
1058 1819 1202 1875 ﬁlius
1227 1819 1456 1874 Josedec
1476 1820 1733 1874 sacerdos
1753 1835 1984 1891 magnus
2009 1839 2022 1872 :

2137 1807 2374 1870 δουλείας
2416 1802 2618 1877 ἀνῆκεν
2655 1809 2683 1860 6
2720 1807 2903 1878 Κῦρος
2947 1808 3041 1860 τὸν
3097 1807 3347 1878 Ἰσραήλ’
3399 1808 3714 1880 καθηγηταί.

449 1912 808 1981 quibus,cum
835 1913 1265 1984 Hierosolymam
1290 1913 1691 1983 pervenissent,
1713 1927 1812 1982 per
1835 1928 2026 1968 vocem

450 2004 630 2074 Aggzei
660 2007 942 2075 prophetae
957 2008 1100 2061 Deus
1125 2006 1320 2060 domus
1340 2020 1450 2060 sua:
1467 2005 1814 2060 exstruendaa
1836 2020 2027 2060 curam

453 2093 704 2165 injungit.
741 2096 818 2149 lta
849 2096 995 2150 enim
1024 2097 1288 2167 scriptum
1314 2105 1399 2151 est
1427 2114 1440 2149 :
1478 2115 1497 2146 ‹
1524 2096 1584 2151 In
1613 2111 1756 2152 anno
1785 2096 2030 2152 secundo

452 2185 602 2239 Darii
647 2186 811 2256 regis,
852 2187 908 2240 in
941 2203 1128 2243 mense
1155 2199 1328 2255 sexto,
1360 2188 1417 2243 in
1446 2189 1535 2244 die
1557 2205 1666 2243 una
1696 2189 1921 2253 mensis,
1953 2189 2033 2245 fa-

453 2285 602 2332 ctum
616 2289 700 2332 est
716 2278 945 2332 verbum
962 2280 1174 2334 Domini
1193 2280 1246 2334 in
1269 2296 1434 2334 manu
1449 2280 1626 2351 Aggazi
1643 2280 2034 2350 prophetae,di-

453 2379 585 2420 cens
607 2383 622 2419 :
648 2366 937 2436 Alloquere
953 2367 1277 2430 Zorobabel,
1302 2367 1474 2421 ﬁlium
1491 2368 1774 2432 Salathiel,
1793 2383 1862 2422 ex
1885 2367 2032 2423 tribu

452 2454 902 2520 Juda,et1esum,
920 2456 1093 2511 ﬁlium
1117 2457 1369 2525 Josedec,
1384 2459 1726 2514 sacerdotem
1752 2474 2031 2531 magnum,

457 2547 650 2603 dicens
699 2567 711 2602 :
757 2549 884 2604 Hac
941 2549 1019 2604 ait
1064 2550 1333 2605 Dominus
1381 2552 2040 2622 omnipotenszPopulus

458 2640 564 2696 iste
587 2640 753 2696 dicit:
780 2641 1034 2696 Nondum
1056 2643 1209 2698 venit
1249 2653 1466 2714 tempus
1480 2645 1783 2701 aediﬁcandi
1811 2645 2036 2702 domum

457 2732 695 2787 Domini.
740 2733 808 2788 Et
857 2732 1062 2788 factum
1108 2742 1194 2789 est
1238 2736 1468 2790 verbum
1514 2737 1729 2791 Domini
1773 2738 1828 2792 in
1871 2754 2034 2793 manu

456 2821 638 2894 Aggzei
670 2823 777 2894 56
813 2824 1119 2893 prophetae,
1163 2825 1354 2882 dicens
1393 2845 1406 2880 :
1447 2827 1589 2883 Num
1627 2837 1842 2899 tempus
1879 2829 2037 2885 vobis

457 2922 561 2979 est,
604 2921 665 2967 ut
704 2913 966 2970 habitetis
1004 2916 1060 2970 in
1094 2915 1352 2973 domibus
1391 2919 1646 2974 concavis
1686 2938 1698 2972 :
1743 2929 1799 2975 at
1839 2920 2037 2977 domus

458 3003 675 3060 Domini
721 3005 940 3063 deserta
979 3016 1062 3062 est
1107 3009 1233 3063 “‘1;
1277 3010 1346 3065 Et
1383 3019 1508 3081 post
1546 3026 1720 3082 pauca
1763 3027 1983 3068 rursum
2017 3032 2032 3066 :

467 3113 486 3146 ι
516 3095 585 3149 Ει
626 3098 912 3153 suscitavit
961 3101 1228 3156 Dominus
1273 3101 1528 3171 spiritum
1584 3101 1886 3157 Zorobabel
1937 3101 2035 3158 ﬁlii

462 3185 746 3252 Salathiel,
770 3190 838 3244 de
870 3191 1019 3244 tribu
1048 3193 1211 3257 Iuda,
1233 3201 1290 3246 et
1311 3194 1568 3263 spiritum
1600 3195 1730 3250 Jesu
1754 3196 1851 3248 ﬁlii
1878 3197 2039 3254 Jose-

459 3277 593 3344 dec,
648 3280 953 3336 sacerdotis
1007 3283 1234 3352 magni,
1277 3291 1332 3337 et
1393 3285 1648 3354 spiritum
1691 3289 2039 3358 reliquorum

462 3373 642 3427 omnis
674 3374 863 3443 pepuli
893 3391 906 3426 :
943 3382 998 3428 et
1025 3374 1254 3445 ingressi
1290 3383 1440 3442 sunt,
1477 3384 1534 3432 et
1564 3376 1840 3435 faciebant
1870 3397 2040 3452 opera

464 3463 518 3518 in
561 3464 726 3519 domo
768 3466 986 3520 Domini
1026 3467 1419 3543 omnipotentis
1458 3469 1559 3524 Dei
1601 3471 1688 3524 sui
1729 3472 1796 3524 ".
1833 3492 1852 3523 ι
1902 3473 2040 3528 Vide

465 3556 649 3626 itaque
681 3557 886 3627 duplici
915 3565 1042 3630 typo
1070 3573 1134 3613 ac
1162 3558 1333 3629 ﬁgura
1364 3575 1682 3630 expressum
1708 3563 2044 3622 Emmanue-

463 3647 594 3712 lem,
626 3665 810 3719 regem
845 3649 1090 3720 quidem,
1127 3651 1300 3706 velini
1339 3652 1396 3707 in
1430 3653 1754 3728 Zorobabeil,
1795 3658 1890 3728 qui
1921 3667 2045 3715 erat

463 3754 532 3793 ex
562 3739 706 3794 tribu
729 3741 1030 3812 Juda,qu:e
1059 3750 1174 3817 tum
1195 3743 1459 3814 temporis
1478 3744 1744 3815 regnabat
1771 3747 1826 3801 in
1850 3748 2042 3805 Israel.

465 3829 753 3888 Summum
786 3849 918 3888 vero
954 3834 1292 3904 pontiﬁcem,
1324 3843 1385 3890 ut
1427 3836 1483 3891 in
1525 3853 1722 3909 magno
1759 3839 2044 3896 sacerdote

463 3925 710 3995 ejusdem
739 3941 865 3980 cum
891 3926 1112 3983 Christo
1140 3929 1400 3994 nominis,
1442 3945 1658 3988 necnon
1715 3931 1914 3987 ducem
1943 3934 2046 3990 via:

468 4014 523 4067 in
558 4024 800 4071 sanctam
833 4018 1111 4073 civitatem
1142 4035 1174 4073 e
1207 4028 1355 4075 terra
1391 4021 1842 4093 alienigenarum,
1866 4023 2046 4096 Baby-

464 4105 744 4160 loniorum
776 4109 1021 4176 inquam.
1063 4111 1199 4166 Vide
1223 4112 1389 4164 etiam
1417 4113 1782 4172 architectum
1817 4130 1882 4168 ac
1913 4131 2046 4185 pro-

466 4204 780 4250 curatorem
820 4196 994 4250 sancti
1021 4197 1232 4265 templi.
1257 4196 1562 4265 Sequentes
1584 4200 1730 4252 enim
1761 4216 1859 4268 per
1881 4202 2047 4256 ﬁdem

468 4283 666 4338 ducem
695 4283 997 4348 Christum,
1033 4291 1291 4353 tanquam
1316 4300 1501 4354 regem
1528 4294 1585 4340 et
1612 4301 1886 4341 summum
1914 4304 2049 4357 pon-

468 4375 695 4439 tiﬁcem,
732 4389 800 4428 ex
832 4374 1101 4428 diabolica
1141 4375 1446 4445 tyrannide,
1487 4391 1551 4431 ac
1580 4377 1750 4432 veluti
1792 4393 1860 4432 ex
1905 4385 2047 4432 terra

2129 1899 2470 1968 παραχρῆμα
2497 1898 2590 1950 xui
2631 1898 2794 1951 οἱονεί
2832 1915 2948 1962 πως
2971 1899 3294 1977 ἐξάρχοντες
3336 1900 3714 1954 ἀνεδείκνυντο

2127 1989 2220 2042 τοῦ
2246 1988 2398 2051 λαοῦ,
2424 1988 2730 2060 Ζοροϐάϐελ
2765 1993 2794 2043 6
2818 1989 2911 2042 τοῦ
2939 1990 3207 2062 Σαλαθιήλ
3233 1991 3296 2043 ἐκ
3318 1989 3490 2061 φυλῆς
3518 1991 3715 2057 Ἰοῦδα,

2129 2081 2226 2134 xui
2275 2079 2479 2151 Ἰησοῦς
2513 2082 2541 2134 6
2569 2080 2663 2134 τοῦ
2721 2081 2968 2134 Ἰωσεδὲκ
3017 2083 3044 2134 ὁ
3083 2082 3262 2152 ἱερεὺς
3314 2082 3342 2135 ὁ
3382 2082 3576 2150 μέγας.
3616 2076 3718 2146 Οἷς

2129 2173 2226 2227 καὶ
2255 2173 2579 2244 ἀφιγμένοις
2601 2175 2680 2236 είς
2714 2173 3084 2245 Ἱεροσόλυμα,
3111 2173 3202 2226 διὰ
3245 2174 3428 2247 φωνῆς
3456 2174 3715 2243 Ἀγγαίου

2129 2266 2224 2322 τοῦ
2263 2268 2544 2339 προφήτου
2587 2267 2685 2338 τῆς
2723 2268 2802 2330 είς
2851 2267 2940 2320 τὸν
2972 2261 3119 2319 οἷκον
3165 2265 3382 2336 ἔχεσθαι
3431 2266 3716 2336 φιλεργίας

2132 2359 2463 2431 ἐπισκήπτει
2507 2359 2658 2422 Θεός.
2713 2358 3024 2430 Γέγραπται
3078 2358 3186 2429 γὰρ
3230 2358 3405 2411 οὕτω·
3445 2376 3464 2410 ι
3509 2358 3597 2411 Ἐν
3638 2357 3719 2428 τῷ

2132 2452 2370 2524 δευτέρῳ
2401 2452 2511 2505 ἔτει
2555 2452 2647 2505 ἐπὶ
2681 2451 2908 2524 Δαρείου
2949 2451 3044 2504 τοῦ
3089 2451 3354 2520 βασιλέως
3383 2453 3440 2505 ἐν
3474 2450 3552 2521 τῷ
3586 2448 3723 2521 μηνὶ

2131 2543 2212 2614 τῷ
2250 2543 2413 2613 ἕκτῳ,
2453 2544 2550 2614 μιᾷ
2586 2542 2681 2596 τοῦ
2726 2542 2913 2614 μηνὸς,
2960 2545 3176 2612 ἐγένετο
3202 2543 3362 2612 λόγος
3412 2541 3620 2612 Κυρίου
3659 2542 3718 2594 ἐν

2134 2633 2278 2704 χειρὶ
2333 2633 2590 2701 ’Δγγαίου
2630 2632 2725 2687 τοῦ
2775 2636 3057 2704 προφήτου
3114 2635 3309 2703 λέγων,
3350 2634 3523 2688 Εἰπὸν
3580 2633 3730 2705 πρὸς,

2135 2723 2440 2796 Ζοροϐάϐελ
2482 2723 2575 2778 τὸν
2627 2723 2720 2778 τοῦ
2754 2725 3022 2794 Σαλαθιήλ
3071 2725 3162 2780 τὸν
3204 2728 3269 2779 ἐκ
3303 2725 3476 2796 φυλῆς
3525 2724 3718 2789 Ἰούδα,

2134 2816 2229 2869 xui
2257 2815 2394 2886 πρὸς
2437 2813 2641 2887 Ἰησοῦν
2670 2816 2759 2871 τὸν
2791 2817 2884 2871 τοῦ
2924 2817 3170 2871 Ἰωσεδὲκ
3193 2817 3285 2870 τὸν
3325 2816 3476 2888 ἱερέα
3501 2817 3592 2870 τὸν
3622 2815 3719 2884 μέ-

2133 2925 2257 2977 γαν,
2290 2907 2500 2977 λέγων·
2553 2909 2691 2964 Τάδε
2742 2909 2890 2978 λέγει
2937 2909 3142 2980 Κύριος
3175 2909 3608 2982 παντοκράτωρο
3667 2907 3728 2962 Ὀ-

2134 2999 2260 3064 λαδς
2291 2993 2444 3063 οὗτος
2470 3000 2750 3072 λέγουσιν’
2794 3003 2906 3072 Οὐχ
2936 3003 3060 3071 ἥκει
3093 3003 3121 3054 6
3165 3002 3355 3072 καιρὸς
3391 3000 3486 3053 τοῦ
3515 3000 3722 3078 οἰκοδο-

2142 3093 2311 3164 μῆσαι
2343 3093 2434 3146 τὸν
2463 3095 2610 3148 οῖκον
2639 3094 2868 3166 Κυρίου.
2904 3096 3014 3148 Καὶ
3045 3096 3260 3165 ἐγένετο
3295 3095 3451 3164 λόγος
3481 3095 3539 3147 ἐν
3577 3094 3725 3164 χειρὶ

2151 3183 2406 3252 Ἀγγαίου
2433 3184 2526 3237 τοῦ
2554 3187 2859 3256 προφήτου,
2890 3185 3095 3254 λέγων·
3134 3187 3198 3241 Et
3237 3185 3428 3255 καιρὸς
3459 3185 3560 3255 μὲν
3595 3185 3725 3254 ὑμῖν

2139 3274 2258 3327 ἐστι
2282 3274 2377 3327 τοῦ
2417 3276 2584 3329 οίκεῖν
2616 3277 2674 3328 ἐν
2720 3274 2892 3339 οῐκοις
2918 3275 3363 3346 κοιλοστάθμοιςο
3414 3277 3443 3328 ό
3485 3275 3544 3328 δέ
3577 3268 3728 3337 οἶκος

2140 3366 2347 3437 Κυρίου
2389 3367 2482 3438 ἐξη
2496 3368 2781 3438 ρήμωται;
2809 3385 2828 3419 ι
2863 3367 2974 3421 Καὶ
3009 3367 3127 3438 μεθ’
3156 3367 3321 3440 ἕτερα
3351 3365 3534 3430 πάλιν,
3565 3385 3582 3417 ι
3613 3365 3728 3420 Καὶ

2141 3453 2390 3528 ἐξήγειρε
2421 3455 2624 3526 Κύριος
2662 3456 2723 3509 τὸ
2759 3455 2974 3525 πνεῦμα
2998 3458 3302 3529 Ζοροϐάϐελ
3326 3456 3421 3510 τοῦ
3452 3455 3728 3526 Σαλαθιήλ

2143 3547 2209 3601 ἐκ
2247 3546 2418 3618 φυλῆς
2457 3548 2647 3614 Ἰούδα,
2681 3549 2776 3601 καὶ
2803 3550 2865 3602 τὸ
2892 3549 3112 3618 πνεῦμα
3145 3547 3319 3618 Ἰησοῦ
3353 3547 3446 3600 τοῦ
3482 3546 3730 3599 Ἰωσεδὲκ

2142 3639 2237 3693 τοῦ
2266 3639 2455 3710 ἱερέως
2484 3639 2577 3693 τοῦ
2607 3640 2864 3710 μεγάλου,
2891 3640 2988 3694 xui
3012 3640 3073 3694 τὸ
3098 3638 3317 3711 πνεῦμα
3340 3639 3447 3692 τῶν
3475 3638 3730 3692 καταλοί-

2145 3748 2262 3785 πων
2288 3731 2486 3794 παντὸς
2509 3730 2604 3784 τοῦ
2645 3730 2801 3785 λαοῦ.
2833 3731 2944 3785 Καὶ
2975 3731 3246 3801 εἰσῆλθον,
3276 3731 3372 3784 xui
3399 3729 3617 3782 ἐποίουν
3665 3729 3732 3783 τά

2145 3821 2282 3892 ἔργα
2304 3825 2362 3876 ἐν
2384 3821 2463 3894 τῷ
2480 3822 2614 3894 οἴκῳ
2636 3822 2842 3891 Κυρίου
2868 3822 3304 3894 παντοκράτορος
3331 3821 3464 3875 Θεοῦ
3491 3821 3727 3875 utitde

2151 3914 2342 3985 Ἀθρει
2367 3913 2431 3986 δὴ
2469 3913 2561 3969 οὖν
2587 3914 2664 3978 ὡς
2695 3916 2751 3968 ὲν
2775 3913 2930 3985 τύπῳ
2957 3915 3052 3975 xui.
3088 3914 3255 3967 εἰκόνι
3280 3915 3438 3985 διπλῇ
3470 3913 3562 3966 τὸν
3597 3913 3733 3983 Ἐμ-

2150 4005 2412 4078 μανουήλ,
2458 4005 2690 4077 βασιλέα
2746 4007 2869 4079 μὲν,
2893 4007 2967 4070 ὡς
2997 4005 3054 4059 ἐν
3083 4024 3146 4074 γε
3191 4006 3270 4076 τῷ
3303 4005 3640 4077 Ζοροϐάϐελ,
3675 4005 3733 4068 ὃς

2144 4094 2214 4168 ἦν
2242 4099 2308 4152 ἐκ
2357 4099 2531 4169 φυλῆς
2591 4098 2762 4152 Ἰούδα
2793 4100 2893 4169 τῆς
2937 4099 3058 4153 τότε
3098 4101 3320 4169 κρατεῖν
3364 4097 3638 4167 λαχούσης
3675 4097 3732 4148 ἐν

2161 4189 2378 4260 Ἰσραήλ
2417 4206 2430 4221 ο
2462 4191 2723 4262 ἀρχιερέα
2755 4190 2812 4244 δὲ
2852 4185 2918 4244 αὖ
2947 4190 3022 4254 ὡς
3053 4191 3109 4244 ἐν
3135 4190 3409 4262 ὁμωνύμῳ
3436 4187 3515 4258 τῷ
3551 4185 3730 4257 Ἰησοῦ

2149 4277 2225 4348 τῷ
2251 4280 2497 4349 ἀρχιερεῖ
2528 4281 2604 4350 τῷ
2632 4280 2853 4351 μεγάλῳ
2872 4297 2886 4312 °
2920 4281 3016 4335 xui
3058 4281 3164 4352 μὴν
3191 4281 3284 4333 xui
3309 4281 3606 4349 ἐξάρχοντα
3631 4278 3732 4347 τῆς

2150 4370 2270 4422 ὁδοῦ
2316 4371 2413 4441 τῆς
2457 4371 2537 4434 είς
2575 4371 2672 4442 τὴν
2717 4372 2878 4440 ἁγίαν
2923 4373 3100 4437 πόλιν,
3134 4375 3200 4428 ἐκ
3262 4374 3364 4441 γῆς
3397 4369 3732 4438 ἀλλοφύλων·

468 4465 920 4534 alienigenarum,
956 4480 1023 4518 ex
1055 4463 1247 4518 fraude
1283 4465 1559 4521 mundana
1593 4465 1649 4521 in
1681 4477 1927 4523 sanctam
1965 4469 2035 4523 ci-

2154 4461 2295 4531 φημὶ
2324 4459 2389 4530 δὴ
2415 4460 2576 4513 πάλιν
2601 4462 2698 4532 τῆς
2723 4461 3100 4520 Βαϐυλωνίων.
3136 4463 3327 4533 ’Λθρει
3357 4461 3450 4514 xui.
3478 4474 3733 4529 τεχνουρ-

467 4555 693 4609 vitatcm
758 4555 1097 4625 ingredimur
1155 4555 1454 4610 Ecclesium
1512 4557 2046 4627 primogenitorum,

469 4657 634 4712 quam
663 4643 894 4721 ipsemet
922 4643 1176 4698 Christus
1225 4645 1399 4715 eriget
1432 4644 1490 4698 in
1526 4645 1871 4714 spiritalibus
1904 4647 2048 4716 lapi-

470 4733 659 4800 dibus;
686 4733 833 4804 quod
863 4743 918 4788 et
938 4735 1142 4789 Paulus
1177 4743 1427 4799 testatur,
1452 4737 1699 4793 scribens
1727 4738 1794 4792 iis
1831 4739 1924 4811 qui
1949 4753 2051 4808 per

471 4823 635 4878 ﬁdem
668 4824 936 4895 redempti
968 4832 1114 4889 sunt,
1143 4825 1347 4894 quique
1390 4825 1596 4882 Christi
1634 4827 1879 4898 vestigiis
1917 4828 2051 4883 insi-

471 4925 618 4971 stere
649 4917 839 4971 volunt
870 4935 882 4970 :
924 4936 940 4967 ι
970 4917 1028 4971 ln
1067 4932 1176 4986 quo
1217 4925 1272 4971 et
1304 4931 1402 4971 vos
1442 4917 1603 4972 simul
1635 4917 1887 4973 aediﬁcati
1917 4919 2052 4974 estis

473 5007 529 5062 in
565 5007 939 5062 habitaculum
976 5008 1183 5063 Christi
1223 5008 1279 5061 in
1323 5008 1520 5077 spiritu
1552 5009 1620 5062 θ’.
1657 5028 1674 5059 ι
1717 5008 1874 5075 Quod
1914 5026 2048 5066 vero

473 5099 629 5169 longe
671 5099 986 5169 przcclarior
1018 5099 1088 5154 sit
1122 5098 1295 5170 gloria
1343 5099 1622 5166 Ecclesire,
1673 5117 1837 5171 quam
1885 5102 2048 5173 primi

477 5190 622 5245 illius
644 5192 831 5262 templi
863 5208 931 5247 ex
965 5181 1240 5262 lapidibus
1271 5193 1419 5256 facti,
1456 5193 1688 5262 ipsemet
1725 5208 1823 5264 per
1859 5209 2050 5247 vocem

481 5282 656 5352 Aggaei
683 5282 944 5348 declarat,
987 5283 1179 5338 dicens
1219 5301 1231 5338 :
1273 5301 1290 5334 ‹
1318 5282 1452 5350 Quis
1480 5298 1548 5337 cx
1584 5281 1742 5336 vobis
1775 5281 1912 5335 vidit
1950 5281 2052 5335 do-

483 5387 631 5426 mum
663 5374 819 5428 istam
843 5375 898 5429 in
927 5375 1099 5445 gloria
1128 5391 1226 5430 sua
1258 5391 1365 5446 qua
1403 5382 1548 5439 ante,
1571 5382 1626 5430 et
1659 5373 1936 5444 quomodo
1954 5387 2052 5426 vos

484 5463 678 5518 videtis
703 5465 876 5534 ipsam
903 5482 1052 5520 nunc
1079 5467 1222 5522 sicut
1253 5483 1363 5522 non
1397 5467 1749 5522 cxsistentem
1797 5465 1851 5520 in
1909 5480 2042 5518 con-

485 5560 675 5624 spectu
699 5556 986 5609 vestro"?
1011 5575 1028 5607 ι
1069 5556 1136 5609 Ει
1166 5556 1327 5625 paulo
1356 5565 1481 5626 post
1512 5571 1727 5611 rursum
1755 5572 1767 5609 :
1820 5574 1836 5605 ι
1868 5553 2047 5607 Meum

558 5739 604 5771 “‘
658 5735 756 5792 lsa.
801 5753 917 5803 XLV,
1137 5739 1180 5771 ’τ’

2151 4551 2247 4616 γὸν
2283 4550 2434 4616 ὄντα,
2469 4551 2562 4604 xui.
2585 4553 2919 4624 ἐπιμελητὴν
2946 4554 3037 4607 τοῦ
3067 4553 3223 4621 ἁγίου
3257 4551 3408 4606 ναοῦ.
3447 4551 3734 4619 Ἑπόμενοι

2151 4641 2260 4713 γὰρ
2288 4641 2377 4696 διὰ
2415 4643 2650 4707 πίστεως
2680 4648 2967 4716 καθηγητῇ
3006 4645 3084 4715 τῷ
3130 4643 3372 4716 Χριστῷ,
3409 4642 3486 4706 ὡς
3526 4641 3734 4712 βασιλεί

2152 4731 2245 4783 xui
2282 4732 2550 4802 ἀρχιερεῖ,
2585 4733 2649 4784 ἐκ
2674 4733 2988 4803 διαϐολικῆς
3029 4733 3362 4797 πλεονεξίας,
3406 4733 3500 4786 xui
3545 4730 3732 4798 ὥσπερ

2153 4821 2220 4873 ἐκ
2273 4821 2379 4891 γῆς
2423 4821 2752 4892 ἀλλοφύλων,
2799 4823 2858 4888 ἐξ
2919 4825 3135 4894 ἀπάτης
3186 4823 3458 4895 κοσμικῆς
3513 4825 3592 4886 είς
3635 4822 3734 4891 τὴν

2153 4914 2315 4982 ἁγίαν
2357 4914 2572 4985 εἴσιμεν
2605 4917 2780 4982 πόλιν,
2808 4917 2904 4989 τὴν
2951 4917 3060 4972 τῶν
3089 4917 3450 4988 πρωτοτόκων
3503 4915 3735 4983 Ἐκκλη-

2160 5007 2302 5073 σίαν,
2330 5009 2397 5079 ἣν
2435 5008 2597 5072 αὐτὸς
2631 5011 2810 5080 ἐγερεῖ
2839 5009 3073 5081 Χριστὸς
3113 5010 3187 5072 ὡς
3227 5008 3282 5061 ἕν
3315 5026 3379 5077 γε
3423 5010 3591 5072 λίθοις
3625 5010 3736 5068 τοῖς

2158 5101 2382 5169 νοητοῖς.
2415 5099 2527 5155 Kui
2567 5102 2906 5173 μαρτυρήσει
2941 5101 3168 5171 γράφων
3209 5101 3237 5153 ὁ
3276 5101 3486 5164 Παῦλος
3513 5103 3624 5162 τοῖς
3647 5097 3736 5150 διά

2161 5190 2394 5255 πίστεως
2430 5191 2921 5264 ὲκλελυτρωμένοις
2961 5194 3053 5246 xui
3101 5191 3414 5244 ἀκολουθεῖν
3461 5191 3738 5262 ἑλομένοις

2157 5285 2270 5346 τοῖς
2301 5282 2468 5352 ἴχνεσι
2509 5285 2604 5337 τοῦ
2631 5286 2891 5357 Χριστοῦ·
2929 5305 2948 5338 ι
2999 5288 3086 5340 Ἐν
3185 5287 3280 5340 xui.
3310 5287 3467 5355 ὑμεῖς
3497 5299 3739 5336 συνοικο-

2155 5373 2402 5443 δομεῖσθε
2418 5377 2497 5439 είς
2511 5378 2927 5449 κατοικητήριον
2947 5380 3042 5431 τοῦ
3060 5379 3296 5449 Χριστοῦ
3321 5380 3378 5430 ἐν
3399 5376 3688 5446 πνεύματι.
3713 5391 3734 5425 ι

2159 5464 2281 5518 Ὅτι
2314 5464 2372 5517 δὲ
2411 5466 2506 5517 καὶ
2547 5468 2785 5538 ἀμείνων
2831 5471 2864 5540 ή
2895 5468 3022 5534 δόξα
3065 5469 3164 5540 τῆς
3217 5469 3545 5539 Ἐκκλησίας
3583 5463 3740 5534 παρὰ

2156 5552 2252 5622 τὴν
2301 5553 2522 5627 πρώτην
2565 5557 2657 5612 xui
2696 5560 2753 5611 ἐν
2796 5561 3011 5631 ἀρχαῖς,
3045 5559 3142 5629 τὴν
3174 5558 3265 5611 ἐπί
3303 5557 3365 5627 γέ
3393 5573 3534 5626 φημι
3564 5554 3640 5624 τῷ
3673 5555 3740 5607 ἐκ

1235 5741 1430 5811 Philip.
1485 5760 1540 5811 ll,
1591 5745 1669 5800 ll.
1768 5747 1812 5776 ’θ
1854 5745 1984 5818 Agg.
2026 5761 2035 5799 1

2137 5747 2208 5803 vi.
2287 5747 2325 5779 "
2360 5744 2494 5801 Ibid.
2535 5743 2617 5798 Η.
2668 5743 2761 5831 μυ
2802 5743 3001 5812 Ephes.
3035 5759 3090 5809 ll,
3128 5743 3214 5796 ‘29..
3287 5739 3362 5825 ﬂ"
3423 5736 3552 5807 Agg.
3588 5749 3658 5796 ιι,
3688 5732 3739 5787 ιι.
