4056 6260
390 375 460 428 ίιῗ
1422 365 1950 424 ὒιιΑΡΠΥΒΟΠΕΜ
1993 367 2057 421 IN
2093 366 2401 422 GENESIM
2448 369 2577 422 LIB.
2620 367 2682 424 ll.
3593 375 3666 430 98

391 494 557 548 λίθων
589 491 722 564 ναῷ,
758 492 1162 562 διαμεμήνυκεν
1196 488 1364 542 εἰπὼν
1396 489 1482 541 διὰ
1515 489 1695 558 φωνῆς
1729 488 1986 556 Ἀγγαίου

2091 498 2398 560 argentum,
2426 499 2482 542 et
2515 505 2697 543 meum
2744 504 2964 549 aurum,
2995 488 3130 544 dicit
3174 489 3440 547 Dominus
3483 495 3667 548 omni-

392 583 590 638 πάλιν·
627 603 644 634 ι
682 583 778 646 Τίς
808 583 865 647 ἐξ
893 582 1064 652 ὑμῶν,
1087 582 1146 642 ὃς
1173 576 1278 633 εἶδε
1313 580 1403 633 τὸν
1430 576 1575 632 οἷκον
1601 578 1790 632 τοῦτον
1825 582 1880 632 ὲν
1913 583 1977 648 τῇ

392 677 526 745 δόξῃ
551 675 715 726 αὐτοῦ
741 677 804 744 τῇ
833 673 1161 743 ἔμπροσθεν,
1190 672 1284 725 καὶ
1307 673 1424 735 πῶς
1449 671 1605 742 ὑμεῖς
1629 669 1852 740 βλέπετε
1882 671 1980 722 αύ-

393 768 487 819 τὸν
513 767 607 818 νῦν
637 763 814 827 καθὼς
845 764 942 833 οὐχ
973 762 1284 833 ὑπάρχοντα
1310 761 1540 814 ἐνώπιον
1578 759 1768 831 ύμῶν;
1806 778 1825 809 ι
1871 759 1979 812 Καὶ

395 859 520 929 μεθ’
570 859 726 927 ἕτερα
773 855 959 908 πάλιν·
1021 874 1038 906 ι
1097 853 1255 924 Ἐμὸν
1285 853 1346 905 τὸ
1386 850 1668 923 ἀργύριον,
1719 852 1814 904 καὶ
1846 849 1979 920 ἐμὸν

394 952 455 1002 τὸ
482 950 720 1020 χρυσίον,
745 947 889 1016 λέγει
916 947 1120 1017 Κύριος
1149 945 1568 1014 παντοκράτωρ,
1595 944 1732 998 διότι
1763 943 1977 1014 μεγάλη

391 1042 542 1092 ἔσται
577 1042 609 1109 ἡ
662 1039 788 1104 δόξα
826 1037 919 1090 τοῦ
966 1038 1116 1090 οῖκου
1167 1036 1358 1089 τούτου
1404 1040 1438 1107 ἠ
1473 1036 1676 1106 ἐσχάτη
1707 1035 1848 1106 ὑπὲρ
1879 1035 1978 1106 τῂν

393 1132 636 1202 πρώτην,
690 1130 837 1196 λέγει
896 1130 1098 1201 Κύριος
1151 1128 1580 1198 παντοκράτωρ·
1643 1130 1736 1181 καὶ
1785 1129 1844 1179 ὲν
1901 1125 1978 1196 τῷ

390 1226 541 1293 τόπῳ
584 1223 758 1294 τούτῳ
792 1223 948 1275 δώσω
987 1223 1226 1292 εἰρήνην.
1272 1239 1291 1270 ι
1340 1220 1450 1272 Καὶ
1477 1220 1669 1290 εἰρήνη
1695 1218 1874 1288 ψυχῆς
1900 1220 1980 1280 είς

392 1315 741 1386 περιποίησιν
790 1314 952 1364 παντὶ
994 1313 1068 1382 τῷ
1116 1311 1353 1373 κτίζοντι
1401 1309 1493 1363 τοῦ
1530 1311 1834 1379 ἀναστῆσαι
1876 1309 1968 1361 τὸν

392 1409 518 1461 ναὸν
539 1407 748 1460 τοῦτον.
785 1406 895 1458 Καὶ
937 1404 1192 1473 ἀνιδρωτὶ
1223 1404 1320 1472 μὲν
1367 1402 1431 1456 ἄν
1455 1419 1538 1464 τις
1569 1401 1879 1466 συλλέξαιτο
1908 1400 1978 1453 τὰ

390 1500 458 1554 δι’
474 1497 548 1553 ὧν
573 1502 702 1570 ἡμῖν
726 1499 800 1561 ὼς
831 1498 888 1550 ἓν
908 1514 972 1565 γε
995 1499 1107 1558 τοῖς
1133 1494 1301 1549 πάλαι
1327 1495 1560 1564 Χριστὸς
1581 1495 1972 1564 κατεγράφετο.

396 1590 515 1642 Ἵνα
543 1589 598 1640 δὲ
635 1587 710 1660 μὴ
734 1586 813 1655 τῷ
842 1584 1037 1655 πλήθει
1064 1583 1170 1635 τῶν
1216 1582 1672 1653 παραδειγμάτων
1708 1582 1977 1652 ἀποκομί-

397 1680 582 1746 ζεσθαί
611 1697 703 1732 ποι
736 1677 830 1730 τοῦ
858 1675 1153 1746 πρέποντος
1178 1676 1206 1726 6
1236 1673 1390 1743 λόγος
1411 1676 1544 1746 ἡμῖν
1578 1674 1732 1745 δοκῇ,
1768 1674 1974 1745 παρέν-

397 1789 485 1833 τες
508 1771 642 1832 τέως
665 1769 726 1822 τὸ
743 1770 834 1822 καὶ
860 1769 924 1821 δι’
952 1768 1154 1839 ἑτέρων
1183 1769 1321 1824 ίέναι
1339 1768 1544 1834 λοιπὸν,
1569 1768 1745 1819 ἐκεῖνο
1767 1766 1971 1836 φαμέν·

399 1831 589 1935 Δεῆσει
616 1863 678 1934 δὴ
728 1862 941 1926 πάντως
979 1831 1134 1933 ἡμῖν,
1179 1863 1325 1916 δυοῖν
1363 1831 1578 1915 ἑλέσθαι
1610 1831 1862 1930 θάτερον..
1905 1860 1976 1912 Ἢ
2008 1831 2049 1886 Β

400 1959 506 2025 γὰρ
552 1957 676 2020 τοὺς
725 1955 792 2008 δι’
827 1949 902 2008 ὧν
935 1956 1123 2008 ἐκεῖνα
1155 1954 1444 2022 γεγόνασιν
1479 1954 1711 2007 εἰσάπαν
1753 1953 1977 2024 ἀναιρή-

402 2067 586 2120 σομεν,
631 2047 1017 2116 καθορὶζοντες
1057 2046 1167 2098 τῶν
1201 2045 1386 2099 τύπων
1415 2046 1475 2098 τὸ
1501 2047 1574 2117 μὴ
1602 2046 1721 2100 λίαν
1757 2046 1974 2117 ἀπλημ-

403 2140 582 2208 μελὲς,
606 2140 654 2190 εἱ
693 2140 898 2190 νοοῖντο
922 2136 987 2189 δι’
1023 2136 1326 2208 ἀνθρώπων
1350 2135 1456 2188 τῶν
1490 2137 1613 2190 καθ’
1642 2138 1787 2208 ἡμᾶς
1815 2153 1973 2206 γεγο-

403 2229 571 2292 νότες,
606 2228 782 2281 καίτοι
817 2225 950 2279 πολὺ
996 2227 1114 2279 λίαν
1144 2226 1358 2296 ἔχοντες
1397 2225 1457 2279 τὸ
1486 2226 1798 2298 θεοπρεπὲς·
1832 2228 1866 2300 ἡ
1909 2227 1972 2280 τδ

405 2318 625 2389 Πνεῦμα
655 2318 900 2386 λέγοντες
926 2316 1011 2368 ἀεὶ
1045 2315 1386 2386 μορφοῦσθαι
1412 2317 1548 2387 πρὸς
1579 2311 1717 2380 είδος
1743 2316 1805 2370 τὸ
1847 2316 1969 2370 καθ’

399 2414 571 2481 ἡμᾶς,
608 2407 668 2474 ἐξ
687 2409 929 2479 ἀνάγκης
953 2408 1361 2479 ὁμολογήσομεν
1390 2408 1484 2461 καὶ
1513 2411 1592 2471 είς
1625 2407 1808 2481 Κῦρον
1840 2410 1972 2463 αὐτὸ

2086 591 2281 650 potens
2307 621 2320 644 ,
2356 582 2484 650 quia
2515 597 2708 652 magna
2726 581 2832 636 erit
2854 582 3026 651 gloria
3059 583 3255 638 domus
3293 585 3452 640 istius
3481 586 3666 640 novis-

2085 672 2238 726 simze
2259 672 2547 742 plusquam
2572 673 2782 742 primae,
2810 681 2867 727 et
2898 675 2952 727 in
2984 675 3104 728 loco
3140 674 3245 728 isto
3278 675 3424 729 dabo
3451 691 3664 745 pacem,

2085 763 2221 817 dicit
2250 764 2515 817 Dominus
2542 767 2891 835 omnipotens
2914 767 2981 819 “.
3013 787 3031 817 ι
3071 768 3138 822 Ει
3167 783 3269 836 pax
3297 768 3492 822 animaa
3519 767 3667 822 cedit

2087 853 2143 906 in
2194 855 2594 922 possessionem
2649 858 2799 911 omni
2858 859 3164 912 exstruenti
3219 860 3482 928 templum
3537 860 3662 914 hoc.

2085 946 2254 1000 Multa
2289 957 2553 1016 praeterea
2585 949 2690 1003 alia
2722 950 2878 1005 facile
2919 952 3044 1021 quis
3081 953 3380 1021 collegerit,
3410 969 3507 1022 per
3543 968 3665 1022 quae

2085 1038 2264 1102 nobis,
2309 1048 2370 1092 ut
2407 1040 2462 1093 in
2488 1041 2790 1106 veteribus,
2830 1042 3084 1097 Christus
3112 1044 3545 1098 describebatur.
3586 1044 3664 1100 Ne

2085 1146 2217 1185 vero
2261 1132 2615 1187 multitudine
2660 1135 3035 1204 exemplorum
3071 1150 3253 1188 sermo
3292 1150 3457 1204 supra
3498 1150 3662 1203 quam

2084 1237 2184 1291 par
2211 1231 2296 1276 est
2325 1233 2606 1293 evagetur,
2635 1226 3016 1294 praetermissis
3047 1226 3190 1290 aliis,
3221 1226 3354 1279 illud
3391 1227 3658 1280 dicimus:

2084 1314 2378 1384 Oportebit
2419 1316 2568 1369 enim
2610 1318 2835 1371 omnino
2868 1318 3100 1372 duorum
3149 1319 3380 1372 alterum
3419 1333 3658 1372 sumere.

2082 1406 2192 1460 Aut
2219 1407 2367 1460 enim
2399 1423 2495 1461 eos
2521 1424 2618 1476 per
2645 1424 2782 1478 quos
2809 1409 2898 1462 illa
2921 1409 3059 1463 facta
3089 1419 3235 1473 sunt,
3264 1411 3318 1463 in
3343 1411 3661 1463 universum

2085 1496 2359 1559 tollemus,
2409 1512 2564 1549 suam
2615 1497 2757 1566 typis
2797 1498 3180 1552 auctoritatem
3232 1498 3579 1567 derogantes,
3613 1501 3658 1553 si

2082 1594 2413 1640 censeantur
2458 1602 2557 1656 per
2599 1587 2848 1642 homines
2880 1587 2983 1658 57
3031 1589 3206 1642 nostri
3257 1590 3467 1644 similes
3509 1590 3658 1654 facti,

2084 1678 2296 1732 tametsi
2335 1679 2549 1733 divinas
2587 1695 2675 1734 res
2706 1680 2760 1733 in
2787 1695 2844 1734 se
2877 1681 3229 1746 contineant;
3283 1689 3378 1735 aut
3415 1682 3663 1736 dicentes

2081 1785 2298 1839 semper
2331 1769 2594 1840 Spiritum
2626 1781 2868 1826 nostram
2895 1772 3125 1826 formam
3159 1774 3433 1842 accipere,
3473 1791 3662 1828 neces-

2081 1863 2228 1917 sario
2266 1862 2563 1918 fatebimur
2601 1863 2867 1933 Spiritum
2893 1867 3057 1920 etiam
3080 1865 3136 1918 in
3169 1865 3370 1936 Cyrum
3400 1865 3664 1918 transfor-

2083 1964 2310 2020 matum,
2332 1955 2426 2025 qui
2462 1957 2634 2010 Deum
2658 1972 2767 2010 non
2795 1966 3042 2013 noverat.
3078 1959 3295 2012 Dictum
3319 1958 3465 2011 enim
3487 1967 3570 2011 est
3593 1957 3657 2010 ad

2079 2062 2242 2102 eum:
2277 2067 2294 2098 ι
2327 2048 2409 2101 Tu
2442 2063 2575 2102 vero
2602 2063 2710 2103 non
2746 2050 3113 2119 cognoscebas
3155 2065 3241 2104 me
3264 2051 3331 2103 θ’.
3364 2069 3380 2100 ι
3417 2049 3659 2103 Sublatis

2080 2153 2213 2193 vero
2255 2139 2324 2193 iis
2369 2155 2490 2208 qua:
2539 2140 2594 2194 in
2633 2141 2797 2212 typis,
2847 2141 3042 2195 umbra
3079 2141 3303 2211 quidem
3341 2143 3660 2195 censebitur

2077 2232 2296 2287 Aaron:
2323 2231 2628 2286 Zorobabel
2660 2242 2843 2287 autem
2879 2233 3190 2288 Salathielis
3221 2234 3385 2298 filius,
3412 2243 3466 2287 et
3500 2234 3659 2288 Jesus

2076 2322 2309 2378 Josedec
2337 2321 2503 2387 filius,
2528 2324 2786 2378 sacerdos
2811 2339 3059 2395 magnus,
3088 2325 3225 2379 nihil
3263 2333 3462 2396 praeter
3495 2325 3655 2379 inane

2077 2421 2133 2467 et
2157 2413 2334 2467 solum
2361 2428 2562 2468 nomen
2596 2412 2898 2468 habebunt.

390 2505 788 2561 διαπεπλᾶσθαί
839 2521 992 2570 ποτε,
1045 2504 1138 2558 τὸν
1195 2504 1295 2558 οὐκ
1349 2505 1527 2560 είδότα
1559 2505 1718 2562 Θεόν.
1751 2507 1982 2578 Εἴρηται
2021 2507 2128 2580 γὰρ
2157 2510 2293 2580 πρὸς
2331 2510 2515 2575 αὑτὸν,
2553 2529 2571 2562 ι
2618 2511 2689 2564 Σὺ
2751 2510 2809 2564 δὲ
2874 2512 2974 2566 ούκ
3002 2511 3146 2584 ᾕδεις
3184 2529 3272 2583 με.
3310 2531 3329 2564 ι
3375 2512 3658 2582 ’Δναιρου-

392 2600 568 2671 μένων
611 2598 668 2651 δὲ
701 2597 808 2652 τῶν
850 2598 908 2652 ἐν
941 2595 1154 2662 τύποις,
1193 2597 1325 2651 σκιὰ
1361 2598 1457 2669 μὲν
1489 2598 1618 2662 ἴσως
1671 2598 1702 2652 6
1746 2599 1977 2672 Ἀαρών·
2019 2603 2323 2673 Ζοροϐάϐελ
2346 2604 2400 2658 δὲ
2426 2607 2454 2658 6
2478 2604 2570 2658 τοῦ
2595 2605 2881 2676 Σαλαθιὴλ,
2914 2607 3008 2660 καὶ
3071 2607 3170 2677 μέν
3227 2623 3306 2660 τοι
3327 2607 3420 2660 καὶ
3452 2604 3656 2678 Ἰησοῦς

386 2697 416 2748 6
443 2691 532 2746 τοῦ
594 2689 839 2744 Ἰωσεδὲκ
887 2692 915 2742 6
949 2689 1126 2761 ἱερεὺς
1171 2689 1200 2742 6
1237 2689 1430 2760 μέγας,
1474 2691 1532 2744 ὲν
1565 2691 1827 2760 ὀνόμασιν
1864 2689 1974 2746 εἶεν
2013 2693 2079 2747 ἂν
2106 2693 2280 2764 ψιλοῖς
2311 2713 2370 2749 τε
2398 2697 2493 2750 καὶ
2524 2696 2724 2765 μόνοις.

457 2783 522 2847 ζ’.
577 2781 714 2835 Ἀλλ’
746 2776 900 2852 οἶμαι
925 2779 991 2852 δὴ
1025 2779 1224 2851 μᾶλλον
1250 2781 1314 2833 ἐκ
1338 2779 1598 2851 λογισμοῦ
1629 2780 1723 2834 τοῦ
1760 2781 1968 2845 είκότος

389 2877 899 2947 ἀναπεπεισμένους
930 2876 1266 2930 συναινέσειν
1301 2875 1496 2948 ὀρθῶς,
1531 2878 1608 2941 ὡς
1644 2872 1713 2948 ἦν
1746 2878 1847 2948 μὲν
1873 2877 1968 2932 ἄν·

395 2969 606 3040 θρωπος
629 2970 657 3021 ὁ
680 2967 1035 3038 Μελχισεδὲκ,
1070 2968 1278 3031 πόλεως
1313 2967 1612 3037 βασιλεύων
1638 2968 1738 3039 τῆς
1761 2969 1967 3039 Σαλήμ·

2146 2787 2199 2840 7.
2240 2786 2310 2841 At
2347 2803 2499 2852 vero,
2539 2786 2633 2856 qui
2665 2797 2825 2842 rectae
2856 2787 3084 2844 rationis
3103 2789 3372 2859 judicium
3418 2805 3656 2861 sequun-

2075 2887 2186 2943 tur,
2217 2877 2403 2948 potius
2421 2878 2793 2948 probaverint,
2839 2879 3118 2934 hominem
3163 2881 3332 2935 fuisse
3367 2882 3655 2938 Melchise-

2076 2971 2199 3035 dec,
2229 2986 2410 3041 regem
2447 2971 2686 3024 civitatis
2725 2970 2925 3025 Salem.
2952 2971 3110 3024 Hunc
3137 2988 3269 3025 vero
3287 2972 3448 3026 nobis
3476 2973 3531 3026 in
3572 2982 3655 3044 ty-

394 3062 562 3116 τύπον
609 3059 664 3112 δὲ
699 3060 831 3128 ἡμῖν
872 3059 1030 3112 αὑτὸν
1091 3060 1326 3112 ἐποιεῖτο
1365 3059 1627 3130 Χριστοῦ,
1682 3059 1971 3123 λεπτόνους

2079 3078 2208 3131 pum
2228 3060 2432 3116 Christi
2452 3060 2739 3129 proposuit
2764 3060 2991 3124 Paulus,
3014 3059 3231 3114 subtilis
3249 3061 3656 3132 acerrimusque

399 3154 477 3214 εἰς
522 3149 752 3221 Θεωρίας
795 3151 1164 3219 πνευματικὰς
1209 3151 1472 3222 ὑπάρχων
1519 3153 1547 3204 6
1589 3150 1824 3216 Παῦλος·
1882 3154 1969 3206 ὲν-

2076 3151 2440 3222 spiritualium
2481 3150 3002 3219 contemplationum
3051 3152 3337 3222 indagator
3377 3154 3446 3206 ⁹⁶.
3492 3154 3658 3210 Belu-

403 3239 678 3310 ιστάμενοι
705 3241 761 3292 δὲ
803 3240 941 3310 μετὰ
986 3240 1160 3306 τοῦτο,
1214 3242 1309 3296 καὶ
1343 3241 1495 3294 οὐδὲν
1528 3237 1693 3312 ⁴ἦττον
1727 3242 1975 3311 λέγουσιν

2075 3250 2285 3297 ctantes
2311 3255 2444 3294 vero
2477 3239 2534 3294 hi
2557 3239 2915 3294 nihilominus
2947 3239 3140 3296 dicunt
3170 3242 3532 3300 Melchisedec
3553 3246 3655 3301 ho-

391 3331 468 3396 ὡς
487 3331 772 3404 ἄνθρωπος
803 3331 903 3401 μὲν
949 3331 1046 3384 οὐκ
1071 3327 1137 3403 ἦν
1166 3332 1196 3384 6
1244 3332 1580 3402 Μελχισεδέκ
1600 3349 1614 3364 ·
1643 3333 1705 3387 τὸ
1750 3334 1973 3406 Πνεῦμα

388 3424 447 3478 δὲ
495 3424 693 3494 μᾶλλον
743 3423 804 3476 τὸ
845 3423 1032 3492 ἆγιον·
1062 3423 1097 3494 ἢ
1131 3423 1262 3492 γοῦν
1309 3425 1471 3496 ἑτέρα
1498 3442 1582 3489 τις
1608 3425 1832 3498 δύναμις
1862 3427 1972 3479 τῶν

389 3517 597 3571 ἄνωθεν
651 3515 745 3569 καὶ
794 3513 854 3578 ἐξ
899 3514 1154 3584 ούρανοῦ,
1210 3516 1311 3586 τὴν
1350 3515 1730 3587 λειτουργικὴν
1775 3517 1970 3589 ἔχουσα

386 3608 567 3672 τάξιν·
609 3607 757 3660 δοκεῖ
790 3609 896 3678 γὰρ
932 3602 1035 3662 ὦδε
1077 3609 1295 3678 φρονεῖν
1324 3607 1555 3678 ἑτέροις,
1587 3607 1762 3662 ἐκεῖνό
1790 3626 1970 3679 φαμεν

384 3698 702 3766 ἀναγκαίως
741 3699 822 3751 ὅτι
876 3697 1330 3769 πλημμελήσουσι
1383 3697 1526 3752 κατὰ
1575 3698 1668 3753 δύο
1710 3699 1966 3770 τρόπους,

383 3788 484 3843 καὶ
506 3788 605 3860 τὴν
635 3787 786 3842 Θείαν
819 3789 913 3842 καὶ
945 3789 1184 3860 ἄρρητον
1210 3788 1304 3841 τοῦ
1346 3788 1658 3860 Πνεύματος
1698 3788 1859 3860 φύσιν
1889 3791 1969 3850 εἰς

378 3876 480 3930 τὴν
513 3877 587 3947 μὴ
629 3878 907 3948 πρέποντα
951 3877 1152 3949 τρόπον
1197 3878 1331 3948 αὐτῇ
1383 3877 1817 3949 κατασύροντες,
1873 3878 1968 3932 καὶ

377 3969 489 4039 τὴν
541 3970 802 4040 γεννητὴν
847 3969 942 4024 καὶ
994 3969 1373 4041 πεποιημένην
1431 3970 1630 4034 κτίσιν,
1673 3973 1754 4034 εἰς
1807 3969 1968 4036 δόξαν

379 4061 661 4130 ὑπερτενῆ
715 4061 1013 4130 φληνάφως
1061 4061 1504 4130 ἀνακομίζοντες.
1560 4062 1693 4113 Τίνα
1765 4060 1967 4130 τρόπον

374 4151 518 4223 ἐρῶ.
542 4151 856 4223 Γέγραπται
886 4151 1015 4222 περὶ
1042 4151 1136 4204 τοῦ
1159 4151 1512 4222 Μελχισεδὲκ,
1539 4151 1616 4213 ὡς
1640 4170 1659 4203 ι
1692 4146 1759 4210 ἦν
1789 4150 1968 4221 ἱερεὺς

373 4243 480 4301 τοῦ
528 4245 661 4299 Θεοῦ
697 4246 940 4316 ὑψίστου.
978 4263 997 4298 ι
1045 4246 1108 4298 El
1146 4245 1202 4299 δὲ
1255 4245 1320 4316 δὴ
1365 4245 1426 4297 τὸ
1456 4241 1682 4314 Πνεῦμα
1709 4245 1778 4300 τὸ
1814 4242 1967 4313 ἅγιόν

375 4337 534 4390 ἐστιν
573 4337 602 4389 6
639 4337 992 4406 Μελχισεδὲκ,
1033 4334 1402 4406 κατεκομίσθη
1438 4334 1622 4390 λοιπὸν
1666 4337 1724 4392 ὲν
1755 4337 1966 4408 ἱερουρ-

2073 3335 2276 3389 minem
2317 3349 2428 3388 non
2474 3333 2642 3388 fuisse
2672 3349 2686 3398 ;
2721 3331 2991 3402 Spiritum
3019 3349 3152 3388 vero
3180 3335 3362 3404 potius
3383 3345 3653 3403 sanctum,

2071 3434 2163 3479 aut
2195 3423 2399 3492 alioqui
2445 3423 2607 3477 aliam
2664 3422 2956 3491 quamdam
2995 3432 3317 3492 potestatem
3360 3441 3654 3495 supernam

2071 3525 2234 3585 atque
2254 3514 2554 3579 ctelestem,
2589 3513 2914 3567 sacerdotali
2944 3511 3222 3570 functione
3243 3517 3546 3585 praeditam.
3577 3517 3654 3572 ita

2068 3607 2215 3661 enim
2257 3605 2586 3676 quibusdam
2617 3605 2816 3660 sentire
2840 3605 3036 3675 placet,
3063 3606 3157 3676 qui
3187 3607 3408 3677 quidem
3437 3609 3656 3663 duobus

2067 3697 2247 3753 modis
2266 3711 2454 3752 errare
2480 3695 2698 3751 dicendi
2724 3705 2873 3760 sunt,
2905 3712 3030 3751 cum
3051 3698 3294 3752 divinam
3325 3709 3488 3767 atque
3509 3699 3651 3754 inef-

2066 3790 2289 3845 fabilem
2338 3789 2579 3860 Spiritus
2633 3790 2806 3845 sancti
2842 3798 3090 3844 naturam
3139 3791 3206 3844 ad
3241 3806 3328 3853 ea,
3374 3806 3495 3858 qua:
3547 3790 3652 3859 ipsi

2067 3882 2293 3936 minime
2314 3881 2670 3945 conveniunt,
2693 3881 2984 3934 demittant
3008 3899 3020 3932 :
3048 3889 3161 3932 tum
3183 3887 3508 3943 creaturam,
3531 3896 3652 3949 qua:

2066 3973 2210 4028 facta
2246 3989 2310 4028 ac
2343 3981 2525 4026 creata
2564 3980 2669 4033 est,
2703 3971 2770 4024 ad
2816 3970 3044 4040 gloriam
3076 3969 3235 4038 longe
3264 3969 3379 4038 ipsa
3397 3973 3651 4040 superio~

2069 4078 2186 4118 rem
2217 4061 2416 4116 stolide
2445 4061 2728 4114 extollant.
2755 4059 3001 4125 Quonam
3033 4067 3214 4113 autem
3244 4069 3426 4129 pacto,
3448 4061 3648 4118 dicam.

2069 4152 2346 4221 Scriptum
2375 4159 2462 4205 est
2497 4150 2566 4204 de
2597 4150 2978 4216 Melehisedec,
3006 4151 3153 4222 quod
3199 4171 3218 4203 ι
3245 4161 3362 4208 erat
3393 4155 3650 4211 sacerdos

2066 4240 2165 4296 Dei
2207 4239 2460 4294 altissimi
2502 4240 2571 4293 ’7.
2607 4258 2626 4292 ι
2674 4238 2730 4294 Si
2770 4249 2954 4296 autem
3005 4241 3241 4311 Spiritus
3298 4253 3522 4300 sanctus
3563 4255 3651 4302 est

2066 4332 2451 4397 Melchisedec,
2495 4331 2733 4387 refertur
2778 4331 2924 4387 inter
2967 4333 3279 4391 sacerdotes
3307 4335 3562 4405 Spiritus,
3591 4345 3649 4392 et

373 4431 504 4500 γοϊς
548 4427 612 4482 τδ
643 4429 888 4498 Πνεῦμα,
915 4427 1007 4482 καὶ
1047 4427 1426 4500 λειτουργικὴν
1468 4425 1585 4498 ἔχει
1630 4426 1731 4496 τὴν
1758 4423 1962 4497 ὑπουρ-

2073 4423 2394 4479 sacerdotali
2459 4421 2766 4479 ministerio
2818 4422 3082 4494 fungitur.
3145 4423 3419 4480 Laudabit
3464 4428 3648 4497 itaque

373 4519 536 4589 γίαν.
609 4519 866 4590 Ὑμνήσει
914 4520 977 4591 δὴ
1007 4515 1099 4574 οὖν
1147 4519 1242 4573 καὶ
1286 4518 1416 4572 αὐτὸ
1467 4517 1608 4587 μετά
1637 4517 1750 4572 τῶν
1790 4517 1964 4586 ἁγίων

378 4611 639 4682 αγγέ).ων
696 4611 786 4664 τὸν
834 4611 1092 4666 ἀνωτάτω
1139 4609 1292 4664 Θεόν.
1345 4607 1658 4680 Γέγραπται
1700 4609 1833 4680 γὰρ,
1881 4608 1963 4662 ὃτι

384 4727 404 4760 ι
420 4706 704 4773 Εὐλογεῖτε
720 4704 811 4758 τὸν
833 4705 1060 4774 Κύριον,
1091 4701 1294 4762 πάντες
1330 4699 1379 4752 οἱ
1403 4697 1622 4768 ἄγγελοι
1644 4696 1832 4761 αὐτοῦ,
1861 4696 1967 4750 λει-

370 4797 607 4868 ’.τουργολ⁸
632 4795 816 4860 αὑτοῦ,
854 4795 904 4848 οἱ
946 4793 1227 4856 ποιοῦντες
1256 4791 1317 4844 τὸ
1339 4789 1550 4861 θέλημα
1577 4788 1766 4845 αὐτοῦ.
1812 4807 1832 4841 ι
1860 4788 1962 4859 Εῖη

371 4886 491 4957 γὰρ
515 4885 582 4939 ἂν
613 4883 906 4954 οὐδαμόθεν
923 4879 1271 4952 ἀσυμφανὲς,
1302 4879 1376 4943 ὡς
1407 4877 1466 4942 ὃς
1494 4878 1666 4949 ἑτέρῳ
1694 4895 1795 4930 που
1820 4877 1958 4932 πάν-

371 4995 489 5041 τως
513 4976 803 5048 ἱερουργεῖ,
825 4975 916 5028 καὶ
938 4973 1037 5043 ούχ
1053 4969 1228 5041 ἐαυτῷ
1239 4971 1300 5024 τὸ
1329 4971 1470 5041 ἱερου
1479 4968 1661 5040 ργοῦν,
1690 4969 1962 5040 ἱερουργεῖ

371 5070 434 5124 δὲ
453 5067 530 5138 τῷ
551 5067 690 5138 Θεῷ,
711 5066 787 5138 τῷ
815 5063 1128 5137 προύχοντι.
1154 5061 1361 5116 Οὐκοῦν
1383 5062 1437 5114 εῖ
1454 5079 1634 5131 φαμεν
1659 5060 1960 5132 ἱερατεύειν

373 5160 441 5213 τὸ
463 5159 707 5230 Πνεῦμα,
729 5159 829 5228 τὴν
854 5156 1003 5210 θείαν
1039 5173 1140 5209 που
1173 5154 1386 5218 πάντως
1412 5151 1751 5222 ὑποκάθηται
1778 5151 1956 5218 φύσιν·

377 5251 526 5304 τελεῖ
563 5251 619 5304 δὲ
672 5250 874 5322 μᾶλλον
921 5248 1017 5301 καὶ⁸
1049 5249 1104 5299 ὲν
1148 5246 1415 5315 γενητοῖς,
1456 5243 1550 5296 καὶ
1591 5243 1959 5313 προσκυνήσει

384 5343 486 5413 μὲν
518 5342 633 5414 μεθ’
664 5343 835 5413 ἡμῶν.
885 5338 1130 5408 Ἀγιάσει
1159 5337 1217 5390 δὲ
1263 5335 1480 5397 πάντως
1505 5334 1603 5403 ούχ
1628 5333 1807 5396 ἑαυτὸ,
1840 5331 1962 5386 ὲπεί

376 5451 464 5488 τοι
501 5435 562 5486 τὸ
606 5433 986 5502 ἁγιαζόμενον,
1043 5427 1309 5500 κρείττονε
1362 5443 1464 5478 που
1506 5424 1788 5493 πάντωςῆ
1838 5423 1961 5476 καθ’

379 5526 544 5580 ἑαυτὸ
576 5526 667 5596 τὴν
717 5523 878 5594 φύσιν
917 5522 1223 5589 ἁγιάζεται;
1275 5515 1666 5588 Ἀγιασθήσετσ
1731 5516 1785 5570 δὲ
1841 5515 1960 5586 μεθ’

383 5616 556 5686 ἡμῶν.
604 5617 726 5677 Πῶς
765 5610 858 5668 οὖν
887 5613 961 5665 ἔτι
995 5613 1085 5665 καὶ
1122 5611 1252 5673 Θεὸς
1283 5609 1421 5662 κατὰ
1455 5609 1613 5676 φύειν
1645 5619 1702 5659 το
1738 5605 1960 5673 ἁγιαζό-

455 5807 502 5839 ⁶³
527 5823 657 5878 agg.
684 5823 738 5872 ιι,
771 5807 824 5872 9,
857 5805 938 5858 l0.
1017 5806 1060 5836 ³⁵
1094 5805 1196 5859 15a.
1229 5817 1347 5866 XLV,
1410 5800 1446 5854 ι.

2063 4515 2230 4572 etiam
2263 4515 2378 4585 ipse
2405 4529 2530 4568 cum
2552 4514 2759 4584 angelis
2788 4513 2958 4568 Deum
2993 4514 3340 4570 altissimum.
3370 4515 3646 4587 Scriptum

2063 4615 2150 4661 est
2185 4605 2373 4661 enim:
2406 4622 2424 4656 ι
2460 4603 2772 4658 Benedicite
2807 4604 2938 4668 Deo,
2968 4619 3158 4659 omnes
3177 4607 3353 4677 angeli
3371 4608 3512 4678 ejus,
3539 4609 3646 4663 mi-

2063 4697 2225 4753 nistri
2263 4697 2404 4767 ejus,
2425 4695 2688 4751 facientes
2717 4694 3052 4750 voluntatem
3088 4696 3260 4765 ipsius
3293 4697 3359 4750 ".
3397 4717 3415 4748 ι
3454 4698 3645 4767 Neque

2061 4803 2194 4844 vero
2216 4787 2447 4843 dubium
2483 4802 2604 4842 esse
2631 4787 2853 4858 poterit,
2885 4787 3016 4857 quin
3042 4787 3136 4856 qui
3172 4788 3331 4843 alteri
3361 4789 3522 4843 alicui
3555 4803 3643 4842 sa-

2064 4879 2293 4946 criﬁcat,
2330 4896 2441 4936 non
2473 4879 2579 4934 sibi
2615 4879 2740 4949 ipsi,
2771 4879 2864 4933 sed
2899 4879 3030 4942 Deo,
3058 4889 3117 4933 ut
3144 4879 3439 4948 superiori,
3471 4879 3645 4933 sacri-

2068 4971 2212 5027 ficet.
2237 4971 2504 5039 Quocirca
2528 4971 2573 5027 si
2599 4970 2834 5026 dicimus
2861 4970 3125 5040 Spiritum
3143 4967 3452 5023 sacerdotio
3468 4968 3642 5040 fungi,

2067 5065 2251 5120 divina
2291 5063 2517 5119 omnino
2563 5071 2758 5118 natura
2803 5061 3028 5115 inferior
3071 5059 3196 5124 erit,
3232 5068 3287 5115 et
3319 5061 3519 5114 creatis
3549 5076 3643 5116 ac-

2065 5152 2400 5217 censebitur,
2440 5151 2794 5220 adorabitque
2832 5165 2937 5202 una
2965 5148 3272 5202 nobiscum.
3321 5147 3643 5203 Sanctifica-

2066 5244 2147 5298 bit
2168 5258 2300 5297 vero
2333 5258 2442 5296 non
2477 5243 2738 5312 seipsum,
2775 5239 3044 5308 siquidem
3067 5237 3214 5306 quod
3249 5237 3639 5305 sanctiﬁcatur,

2065 5333 2432 5404 praestantiori
2469 5333 2656 5397 alicui,
2689 5346 2849 5399 quam
2888 5330 3064 5398 ipsum
3087 5343 3154 5381 ex
3178 5342 3276 5381 sua
3309 5335 3504 5382 natura
3536 5341 3640 5395 est,

2063 5424 2451 5478 sanctiﬁcatur.
2492 5419 2932 5476 Sanctificabitur
2981 5419 3162 5487 itaque
3193 5419 3642 5487 nobiscum.Quo

2062 5525 2222 5585 pacto
2261 5515 2426 5584 igitur
2465 5515 2608 5567 Deus
2639 5510 2938 5567 secundum
2961 5519 3208 5566 naturam
3245 5512 3367 5575 erit,
3403 5512 3456 5566 id
3493 5513 3640 5582 quod

2065 5606 2464 5660 sanctificatum
2507 5614 2589 5656 est
2609 5603 2629 5654 ?
2649 5603 2840 5656 Annon
2864 5601 3009 5654 enim
3040 5605 3216 5659 omnis
3237 5603 3490 5660 sacerdos
3513 5620 3638 5658 san-

1533 5801 1576 5832 “
1610 5798 1776 5854 llcbr.
1801 5813 1893 5864 vn,
1942 5796 1961 5849 l
1990 5810 2142 5863 seqq.
2217 5797 2257 5828 9⁷
2290 5793 2428 5849 Psal.
2463 5808 2566 5859 cxx,
2590 5793 2638 5845 fi.
2714 5789 2930 5864 95‘Psal.
2969 5803 3059 5854 cn,
3085 5787 3172 5843 21.
