4056 6260
495 383 565 443 99
1492 377 1550 433 S.
1587 372 1864 434 CYRIIJJ
1902 369 2370 432 ALEXANDRINI
2405 367 2716 429 ARCHIEP.

3655 367 3758 425 100

497 503 795 566 etilicatur,
844 509 1006 571 atque
1058 497 1131 552 ita
1163 496 1470 569 ingreditur
1501 495 1569 550 ad
1591 510 1873 550 sacrorum
1900 494 2075 549 admi-

2185 509 2380 564 μενον;
2418 487 2494 544 Ἦ
2523 491 2630 562 γὰρ
2675 490 2734 542 οὐ
2777 489 2884 552 πᾶς
2910 487 3088 559 ἱερεὺς
3120 486 3428 558 ἁγιάζεται,
3461 487 3656 542 εῖσεισί
3697 505 3759 542 τε

501 594 883 650 nistrationem
920 591 943 644 ?
996 609 1014 641 ι
1043 589 1237 659 Neque
1285 587 1433 642 enim
1467 586 1755 657 quisquam
1786 584 2077 640 sumitsibi

505 683 768 738 honorem
794 682 956 754 (sicut
976 680 1240 751 scriptum
1266 677 1393 749 est),
1415 678 1510 733 sed
1529 678 1622 748 qui
1646 687 1872 732 vocatur
1888 693 1917 731 a
1944 677 2078 742 Deo,

505 783 764 845 tanquam
810 774 991 828 Aaron
1029 773 1097 825 ".
1132 791 1151 822 ι
1195 770 1303 841 58
1345 769 1559 840 Adjecit
1609 777 1791 824 autem
1838 768 2078 822 Paulus:

513 884 532 918 ι
556 866 649 921 Sic
690 873 746 920 et
793 863 1047 920 Christus
1096 877 1208 916 non
1253 860 1608 929 semetipsum
1637 857 1977 929 gloriﬁcavit,
2019 866 2082 913 ut

503 959 749 1029 pontifex
784 956 962 1020 ﬁeret,
997 955 1094 1011 sed
1127 954 1221 1024 qui
1257 953 1474 1008 locutus
1505 959 1588 1007 est
1621 951 1688 1006 ad
1711 967 1838 1006 eum
1865 968 1878 1004 :
1908 949 2080 1006 Filius

501 1063 662 1102 meus
697 1062 757 1102 es
785 1055 865 1112 tu,
905 1060 1004 1117 ego
1031 1045 1195 1100 hodie
1219 1043 1386 1114 genui
1414 1051 1484 1097 te.
1521 1041 1992 1108 Quemadmodum
2023 1049 2083 1096 et

499 1139 610 1194 alio
662 1139 718 1192 in
761 1139 882 1192 loco
933 1137 1072 1192 dixit
1108 1154 1121 1190 :
1160 1135 1240 1189 Tu
1293 1151 1354 1190 es
1393 1133 1649 1190 sacerdos
1698 1133 1756 1188 in
1811 1142 2078 1189 aeternum

501 1233 806 1290 secundum
828 1231 1076 1286 ordinem
1110 1229 1468 1285 Melchisedec
1495 1229 1532 1282 ¹.
1564 1248 1582 1279 ι
1613 1227 1907 1283 Sciendum
1931 1227 2080 1282 enim

500 1335 605 1389 est,
643 1325 790 1395 quod
817 1339 993 1394 neque
1039 1323 1153 1392 ipse
1188 1323 1358 1376 Filius
1396 1322 1640 1376 Verbum
1681 1338 1750 1375 ex
1785 1321 1946 1376 Patre
1987 1336 2078 1376 sa-

501 1417 746 1472 oerdotio
788 1416 936 1485 fungi
983 1415 1214 1479 dicatur,
1244 1421 1301 1467 et
1328 1413 1384 1466 in
1424 1411 1850 1467 sacriﬁcantium
1883 1409 2079 1467 ordine

500 1524 640 1572 esse,
671 1507 777 1562 nisi
813 1508 868 1561 in
899 1514 1164 1577 quantum
1196 1504 1364 1558 homo
1391 1512 1618 1572 propter
1641 1517 1743 1556 nos
1767 1510 1851 1556 est
1879 1501 2076 1562 factus.

498 1610 556 1655 et
597 1601 739 1655 sicut
771 1611 1000 1655 vocatur
1055 1599 1309 1668 propheta
1361 1604 1418 1649 et
1453 1593 1721 1664 apostolus
1765 1595 1806 1658 ’,
1856 1603 2080 1664 propter

499 1690 896 1744 humanitatem
939 1705 1103 1758 quam
1141 1685 1455 1755 assumpsit,
1499 1685 1573 1739 ila
1609 1685 1774 1738 etiam
1810 1685 2074 1740 sacerdos.

495 1782 845 1838 Conveniunt
875 1781 1023 1835 enim
1059 1780 1249 1834 formae
1283 1778 1586 1841 servitutis,
1619 1777 1857 1832 servilia.
1899 1777 2078 1847 Atque

2181 584 2354 648 οὕτως
2404 584 2495 637 ἐπὶ
2539 583 2602 636 τὸ
2631 583 2827 653 χρῆναι
2871 579 3058 636 λοιπὸν
3108 581 3200 635 καὶ
3241 583 3584 653 ίερουργεῖνς
3628 601 3648 633 ι
3682 580 3756 636 Οὐ

2182 676 2288 750 γὰρ
2314 673 2491 746 ἑαυτῷ
2525 692 2610 738 τις
2657 672 2925 744 λαμϐάνει
2960 673 3058 745 τὴν
3083 673 3271 745 τιμὴν,
3317 690 3335 724 ›
3374 672 3517 726 καθά
3556 673 3758 745 γέγρα-

2181 784 2334 830 πται,
2373 785 2390 817 ι
2427 765 2540 819 ἀλλ’
2570 763 2950 834 ὁκαλούμενος
2979 764 3085 817 ὑπὸ
3141 762 3236 816 τοῦ
3267 763 3426 826 Θεοῦ,
3491 764 3632 817 καθὰ
3665 765 3760 818 καὶ

2193 856 2428 928 Ἀαρών.
2462 874 2481 908 ι
2509 855 2872 928 Προστέθεικε
2897 856 2952 910 δὲ
2979 858 3007 910 6
3027 855 3257 922 Παῦλος,
3287 857 3368 910 ὅτι
3413 875 3431 908 ι
3467 859 3578 911 Καὶ
3599 858 3759 924 αὐτὸς

2179 952 2208 1004 6
2237 951 2472 1020 Χριστὸς
2499 950 2598 1022 οὐχ
2633 950 2824 1005 ἑαυτὸν
2857 950 3076 1016 ὲδόξασε
3120 952 3448 1022 γεννηθῆναι
3475 954 3756 1026 ἀρχιερέα,

2180 1041 2295 1094 ἀλλ’
2325 1042 2353 1094 6
2376 1039 2612 1111 λαλήσας
2643 1040 2780 1112 πρὸς
2815 1041 2998 1095 αὐτόν’
3035 1042 3164 1106 Υἱὸς
3192 1059 3293 1113 μου
3319 1041 3368 1096 εἷ
3402 1045 3488 1106 σὺ,
3517 1044 3628 1112 ὲγὼ
3659 1048 3758 1115 σή·

2183 1146 2350 1201 μερον
2397 1130 2706 1201 γεγέννηκά
2733 1147 2813 1186 σε.
2851 1130 3050 1196 Καθὼς
3079 1133 3174 1186 καὶ
3200 1135 3257 1186 ὲν
3287 1133 3458 1205 ἑτέρῳ
3485 1133 3652 1203 λέγει,
3687 1136 3757 1188 Σὺ

2183 1223 2360 1296 ἱερεὺς
2402 1225 2482 1287 είς
2519 1220 2610 1278 τὸν
2643 1223 2815 1277 αἰῶνα
2838 1225 2983 1278 κατὰ
3021 1225 3121 1296 τὴν
3152 1225 3307 1292 τάξιν
3339 1227 3692 1296 Μελχισεδέκ.
3737 1247 3754 1280 ι

2180 1315 2393 1369 Εἰδέναι
2417 1317 2523 1386 γὰρ
2557 1317 2872 1385 ἀναγκαῖον,
2895 1314 2971 1382 ὡς
2995 1315 3105 1371 οὐδ’
3132 1317 3198 1371 ἂν
3228 1317 3392 1382 αὐτὸς
3417 1320 3444 1372 ὁ
3479 1318 3605 1382 Υίὸς
3638 1320 3666 1372 ὁ
3696 1319 3759 1372 ὲκ

2177 1403 2314 1458 θεοῦ
2342 1405 2557 1477 Πατρὸς
2583 1405 2773 1474 Λόγος,
2807 1405 3108 1478 ἱερατεύειν
3137 1406 3374 1477 λέγοιτο,
3407 1409 3501 1462 καὶ
3530 1409 3586 1461 ἐν
3608 1408 3759 1474 τάξει

2178 1496 2432 1565 γενέσθαι
2481 1500 2547 1569 τῇ
2599 1497 2970 1571 λειτουργικῇ,
3019 1501 3069 1552 εἰ
3128 1499 3204 1571 μή
3242 1501 3415 1553 νοοῖτο
3443 1500 3565 1554 καθ’
3613 1501 3759 1571 ἡμᾶς

2181 1588 2443 1655 γεγονὼς,
2481 1590 2576 1645 καὶ
2621 1590 2811 1664 ῶσπερ
2853 1593 3116 1664 κέκληται
3161 1592 3475 1662 προφήτης
3511 1593 3604 1647 καὶ
3652 1593 3758 1665 μὴν

2180 1680 2274 1733 καὶ
2298 1681 2645 1750 ἀπόστολος
2663 1684 2752 1738 διὰ
2779 1683 2839 1738 τὸ
2865 1684 3225 1757 ἀνθρώπινον,
3257 1685 3400 1739 οὕτω
3423 1687 3517 1739 καὶ
3542 1687 3755 1755 ἱερεύς.

2182 1772 2389 1843 Πρέποι
2434 1775 2544 1846 γὰρ
2595 1775 2744 1846 αὑτῷ
2793 1776 2894 1845 τῆς
2940 1777 3184 1841 δουλείας
3237 1779 3499 1849 σχήματι,
3543 1778 3611 1832 τὰ
3639 1778 3760 1832 δου-

497 1876 605 1932 hoc
638 1883 724 1931 est
760 1874 1081 1929 exinanitio.
1109 1873 1213 1940 Qui
1249 1872 1452 1927 etenim
1491 1871 1717 1942 aequalis
1752 1882 1872 1926 erat
1891 1873 2074 1936 Patri,

2179 1864 2423 1938 λοπρεπῆ
2449 1883 2464 1898 ο
2507 1867 2599 1920 καὶ
2631 1866 2788 1921 τοῦτό
2821 1868 2968 1921 ἐστιν
2999 1870 3032 1940 ή
3062 1868 3314 1931 κένωσις.
3351 1869 3412 1922 ⁸0
3441 1870 3550 1941 γὰρ
3582 1870 3761 1941 ὑπάρέ

497 1968 587 2025 cui
619 1969 787 2023 etiam
820 1982 1054 2038 superna
1089 1965 1375 2036 Seraphim
1393 1965 1657 2020 assistunt
1681 1983 1694 2031 ;
1716 1965 1804 2019 cui
1829 1966 2076 2020 serviunt

499 2059 648 2113 mille
695 2058 864 2113 millia
916 2057 1233 2128 angelorum
1285 2057 1326 2122 ³,
1370 2046 1666 2127 postquam
1719 2056 2074 2126 semetipsum

495 2146 798 2201 exinanivit
831 2147 873 2210 ⁸,
904 2155 1034 2201 tunc
1064 2145 1285 2219 demum
1311 2155 1624 2201 sanctorum
1653 2154 1709 2201 et
1741 2147 1857 2201 veri
1890 2147 2074 2202 taber—

496 2237 680 2291 naculi
714 2237 971 2293 sacerdos
989 2237 1298 2293 declaratus
1317 2238 1541 2293 dicitur.
1580 2239 1736 2294 Tunc
1755 2241 1920 2294 etiam
1945 2255 2074 2296 san‘

496 2328 766 2384 ctiﬁcatus
808 2337 893 2384 est
933 2331 1222 2385 nobiscum
1263 2331 1311 2386 is
1337 2333 1433 2400 qui
1482 2347 1703 2386 omnem
1767 2342 2075 2388 creaturam

496 2428 756 2489 superat:
791 2439 809 2472 ι
840 2420 945 2486 Qui
977 2420 1124 2474 enim
1148 2421 1472 2487 sanctiﬁcat,
1504 2441 1523 2473 ι
1565 2423 1762 2493 inquit,
1793 2441 1810 2474 ι
1839 2432 1894 2478 et
1915 2424 1950 2478 ii
1981 2424 2076 2494 qui

496 2511 931 2577 sanctiﬁcantur,
967 2527 1036 2567 ex
1074 2527 1186 2568 uno
1221 2528 1432 2568 omnes.
1477 2513 1595 2580 Qua
1631 2514 1701 2569 de
1757 2531 1920 2571 causa
1965 2533 2077 2573 non

495 2602 669 2673 pudet
697 2603 874 2673 ipsum
909 2603 1106 2659 fratres
1133 2620 1264 2660 suos
1293 2621 1510 2672 vocare,
1541 2607 1731 2663 dicens
1761 2628 1774 2661 :
1802 2610 2076 2668 Nuntiabo

495 2707 700 2748 nomen
743 2703 896 2750 tuum
929 2694 1194 2752 fratribus
1231 2698 1370 2752 meis
1404 2699 1464 2752 δ’.
1498 2717 1517 2750 ι
1556 2698 1913 2758 Sanctificans
1947 2719 2077 2775 ergo

494 2786 663 2853 Deus,
709 2786 928 2857 quando
960 2786 1142 2844 factus
1180 2796 1266 2844 est
1301 2790 1487 2857 homo,
1520 2799 1578 2847 et
1613 2791 1878 2848 habitavit
1901 2795 1958 2850 in
1979 2812 2078 2852 no-

495 2877 583 2933 bis
625 2878 669 2944 “,
708 2888 1046 2950 vocatusque
1078 2887 1163 2935 est
1195 2880 1381 2948 frater,
1427 2883 1731 2939 secundum
1767 2887 2077 2945 humanita-

494 2978 627 3035 tem,
663 2979 795 3026 tunc
825 2971 992 3026 etiam
1026 2972 1313 3028 nobiscum
1354 2975 1684 3032 sanctificari
1717 2978 1941 3035 dicitur.
1974 2980 2074 3036 Sa-

494 3059 743 3116 cerdotio
779 3060 948 3132 igitur
987 3061 1162 3134 fungi,
1193 3074 1250 3119 et
1282 3065 1570 3122 nobiseum
1606 3069 1954 3136 sanctiﬁcari,
1978 3087 2077 3142 per

494 3163 717 3205 carnem
764 3160 1100 3222 assumptam
1151 3155 1254 3224 ipsi
1307 3156 1553 3212 accidit:
1599 3161 2074 3234 exinanitionique

495 3241 690 3310 ipsius,
725 3243 888 3296 modo
934 3253 1084 3298 recte
1115 3247 1320 3302 sentire
1363 3250 1619 3317 velimus,
1671 3253 1789 3308 haec
1830 3225 2076 3311 ascribe-
2103 3225 2150 3288 ϐ

494 3347 639 3386 mus.
692 3330 747 3386 Si
796 3347 927 3386 vero
975 3331 1242 3402 Spiritum
1271 3344 1542 3402 sanetum,
1580 3354 1707 3393 cum
1731 3357 2078 3413 nequaquam

495 3437 555 3476 se
576 3421 962 3487 exinaniverit,
993 3424 1303 3480 sacerdotio
1322 3425 1572 3484 functum
1597 3429 1863 3498 dicamus,
1891 3432 2077 3490 divina

495 3513 676 3582 ipsum
712 3513 883 3583 gloria
924 3514 1223 3584 privamus,
1261 3528 1424 3588 atque
1456 3521 1512 3574 in
1552 3521 1622 3576 iis
1649 3537 1770 3592 qua:
1801 3523 1914 3580 Deo
1936 3525 2076 3582 infe-

495 3605 644 3659 riora
676 3611 825 3669 sunt,
856 3605 1277 3672 constituemus,
1316 3609 1460 3664 inter
1495 3621 1678 3667 creata
1705 3615 2073 3686 collocantes;

494 3703 594 3752 aut
616 3697 910 3752 ostendant
941 3698 1104 3753 nobis
1141 3698 1406 3770 Spiritum
1441 3703 1835 3762 humanitatem
1861 3723 2071 3764 assum-

494 3789 690 3860 psisse,
739 3789 1293 3863 imminutionemque
1335 3792 1524 3849 divino
1578 3797 1809 3853 consilio
1852 3799 2076 3856 institu-

495 3889 606 3936 tam
665 3884 1028 3950 sustinuisse,
1086 3885 1550 3956 quemadmodum
1609 3889 1828 3945 Filium.
1886 3892 2075 3963 Neque

491 3974 641 4029 enim
688 3991 814 4032 cum
853 3978 1338 4037 consubstantialis
1367 3981 1437 4036 sit
1457 3992 1643 4038 sancta
1674 3999 1738 4039 ac
1761 3986 2074 4042 veneranda

493 4063 758 4134 Trinitas,
805 4069 1013 4126 idcirco
1043 4072 1134 4125 cui
1169 4073 1401 4142 quisque
1433 4066 1949 4148 voluerit-personae
1984 4079 2073 4133 in-

493 4156 829 4211 carnationis
875 4158 1018 4210 ratio
1067 4159 1357 4213 tribuenda
1394 4169 1498 4214 est.
1527 4163 1727 4218 Factus
1755 4165 1960 4219 etenim
1989 4171 2074 4218 est

494 4248 680 4310 homo,
714 4261 824 4301 non
861 4246 977 4316 ipse
1017 4247 1195 4312 Pater,
1229 4263 1342 4301 non
1380 4248 1618 4318 Spiritus
1641 4263 1898 4306 sanctus:
1923 4255 2074 4308 solus

493 4351 626 4393 vero
670 4335 860 4390 Pilius.
910 4336 991 4390 lta
1034 4351 1140 4391 nos
1184 4352 1351 4392 sacrae
1405 4339 1626 4396 Littera:
1675 4341 1892 4397 docent.
1929 4343 2072 4409 Quid

493 4425 663 4498 igitur
702 4433 963 4496 torquent
991 4427 1299 4494 veritatem,
1323 4430 1483 4500 eique
1505 4432 1613 4486 vim
1639 4431 1901 4498 inferunt,
1917 4443 1973 4490 et
1993 4436 2068 4502 id,

493 4519 642 4590 quod
664 4516 1054 4574 exinanitionis
1069 4521 1409 4577 occasionem
1422 4538 1532 4579 non
1551 4524 1761 4592 habuit,
1779 4526 2068 4598 Spiritum,

493 4607 740 4676 inquam,
769 4614 1016 4660 sanctum
1047 4606 1384 4665 exinanitum
1417 4614 1774 4681 contendunt,
1795 4616 1851 4670 in
1887 4631 2070 4673 sacer-

493 4699 686 4755 dctum
706 4713 996 4752 numerum
1013 4713 1139 4753 eum
1165 4701 1498 4758 referentes?
1522 4706 1776 4762 sacerdos
1801 4709 1946 4764 enim
1967 4708 2070 4764 fuit

493 4791 872 4848 Melchisedec.
906 4789 1174 4848 Caeterum
1226 4795 1282 4849 in
1308 4795 1594 4863 honorem,
1632 4798 1806 4865 aiunt,
1838 4800 1984 4866 Filii,
2012 4803 2069 4857 in

467 4883 680 4957 ‘typum
719 4885 889 4942 futuri
927 4889 1046 4959 ejus
1076 4886 1182 4958 59
1209 4887 1497 4942 sacerdotii
1531 4891 1646 4960 ipse
1676 4906 1772 4960 per
1805 4907 1862 4948 se
1884 4900 2067 4949 trans-

493 4975 760 5049 ﬁguratus
789 4989 872 5036 est
909 4981 1164 5052 Spiritus.
1191 4980 1356 5050 Ergo,
1381 4979 1612 5036 dixerim
1633 4983 1802 5049 enim,
1831 4986 2067 5055 neglexit

493 5068 732 5138 Spiritus
769 5078 992 5127 sanctus
1039 5072 1303 5128 honorem
1345 5086 1697 5144 amoremque
1739 5074 1793 5130 in
1843 5075 2063 5142 Filium,

492 5177 826 5233 parvamque
856 5163 1020 5234 hujus
1043 5164 1121 5218 rei
1154 5179 1340 5218 curam
1362 5164 1547 5234 gessit.
1588 5165 1752 5235 Atqui
1775 5182 1885 5237 quo
1908 5177 2064 5237 pacto

494 5267 603 5306 non
647 5253 751 5308 hoc
799 5269 998 5308 vanum
1038 5253 1274 5324 cogitatu
1294 5262 1350 5308 et
1371 5252 1518 5308 dictu
1547 5253 1764 5311 fuerit?
1787 5255 2067 5312 Gloriﬁcat

493 5343 640 5397 enim
685 5344 880 5400 Filium
915 5346 1250 5411 Paracletus,
1294 5345 1400 5400 hoc
1439 5353 1542 5409 est,
1589 5344 1846 5417 Spiritus.
1899 5347 1966 5401 Et
1997 5347 2064 5402 de

493 5433 614 5502 ipso
668 5434 848 5507 inquit
888 5455 900 5490 :
948 5439 1084 5495 cllle
1114 5455 1201 5494 me
1227 5438 1551 5494 clariﬁcabit
1600 5439 1641 5491 ⁸.
1673 5458 1690 5490 ι
1737 5437 1840 5506 Qui
1900 5439 2066 5510 igitur

491 5521 761 5580 honorare
787 5528 924 5592 vult,
953 5538 1114 5599 atque
1140 5531 1244 5585 hoc
1263 5531 1482 5600 quidem
1510 5541 1796 5602 perpetuo,
1826 5547 1924 5587 cur
1952 5547 2061 5586 non

2185 1973 2294 2026 χων
2339 1956 2399 2009 έν
2437 1959 2618 2028 μορφῇ
2666 1957 2760 2010 καὶ
2785 1957 2988 2029 ἰσότητι
3019 1957 3114 2010 τοῦ
3148 1959 3379 2030 Πατρὸς,
3407 1952 3452 2026 ᾧ
3495 1961 3591 2012 καὶ
3625 1959 3764 2014 αὐτὰ

2181 2048 2252 2103 τὰ
2274 2050 2386 2104 ἄνω
2411 2052 2793 2122 παρεστήκασι
2823 2053 3096 2124 Σεραφὶμ,
3119 2046 3164 2122 ᾧ
3187 2053 3562 2124 λειτουργοῦσι
3592 2055 3768 2125 χίλιαι

2183 2141 2418 2212 χιλιάδες
2471 2144 2752 2213 ἀγγέλων,
2799 2146 2986 2216 ἐπειδὴ
3035 2147 3337 2199 κεκένωκεν
3375 2147 3594 2212 ἑαυτὸν,
3640 2148 3763 2202 τότε

2181 2233 2245 2304 δὴ
2282 2234 2402 2287 τότε
2449 2233 2560 2287 τῶν
2612 2234 2782 2304 ἁγίων
2810 2235 3120 2308 λειτουργὸς
3164 2237 3386 2308 καὶτῆς
3422 2241 3625 2308 σκηνῆς
3664 2239 3766 2311 τῆς

2183 2326 2448 2397 ἀληθινῆς
2493 2327 2874 2398 ἀναδειχθῆναι
2922 2328 3162 2396 λέγεται.
3193 2329 3326 2382 Τότε
3371 2333 3465 2384 καὶ
3504 2329 3762 2401 ἡγίασται

2186 2420 2306 2491 μεθ’
2380 2420 2538 2492 ήμῶν
2592 2422 2622 2473 6
2667 2421 2808 2492 ὑπὲρ
2861 2414 3041 2476 πᾶσαν
3104 2422 3301 2477 κτίσιν.
3355 2441 3372 2475 ι
3421 2423 3492 2476 Ὀ
3538 2439 3596 2475 τε
3654 2422 3764 2495 γὰρ

2183 2513 2443 2584 ἁγιάζων,
2487 2533 2504 2565 ι
2550 2515 2703 2584 φησὶ,
2741 2533 2759 2565 ι
2803 2513 2894 2568 καὶ
2937 2515 2984 2567 οῖ
3013 2513 3361 2584 ἁγιαζόμενοι
3395 2515 3453 2580 ἐξ
3477 2515 3594 2579 ὲνὸς
3624 2516 3760 2569 πάνς

2179 2624 2294 2670 τες.
2327 2608 2404 2659 Δι’
2437 2607 2506 2678 ἣν
2534 2607 2712 2660 αἰτίαν
2743 2607 2842 2661 ούκ
2875 2607 3262 2678 ἐπαισχύνεται
3293 2608 3554 2678 ἀδελφοὺς
3578 2607 3764 2662 καλεῖν

2183 2700 2400 2765 αὐτοὺς,
2426 2698 2624 2768 λέγων,
2654 2699 2978 2768 Ἀπαγγελῶ
2999 2697 3059 2753 τὸ
3087 2698 3260 2771 ὄνομά
3281 2717 3374 2754 σου
3390 2703 3503 2763 τοῖς
3516 2701 3765 2770 ἀδελφοῖς

2187 2809 2307 2863 μου.
2360 2810 2378 2844 ι
2415 2791 2625 2846 Οὐκοῦν
2662 2794 2690 2846 6
2715 2789 2958 2861 ἁγιάζων
2995 2788 3069 2856 ὡς
3107 2792 3260 2858 Θεὸς,
3294 2793 3382 2846 ὅτε
3411 2792 3634 2862 γέγονεν
3665 2793 3764 2848 ἄν·

2183 2883 2421 2954 θρωπος,
2459 2883 2552 2938 καὶ
2586 2885 2892 2956 ἐσκήνωσεν
2925 2885 2984 2938 ὲν
3017 2886 3168 2957 ήμῖν,
3211 2885 3307 2939 καὶ⁷
3355 2884 3764 2958 κεχρημάτικεν

2182 2973 2411 3044 ἀδελφὸς
2438 2973 2581 3028 κατὰ
2599 2971 2659 3028 τὸ
2680 2972 3038 3045 ἀνθρώπινον,
3065 2975 3184 3028 τότε
3207 2977 3299 3029 καὶ
3328 2977 3424 3030 σὺν
3450 2977 3580 3047 ἡμῖν
3603 2976 3765 3044 άγιά·⁵

2182 3064 2373 3128 ζεσθαι
2407 3065 2643 3135 λέγεται.
2697 3068 2852 3121 Ἐστι
2883 3068 3062 3122 τοίνυν
3105 3069 3198 3122 καὶ
3231 3069 3292 3122 τὸ
3320 3069 3427 3122 δεῖν
3463 3070 3764 3142 ἱερατεύειν

2182 3159 2276 3211 καὶ
2306 3157 2366 3210 τὸ
2388 3158 2710 3226 ἁγιάςεσθαι
2738 3159 2858 3230 μεθ’
2890 3159 3047 3231 ήμῶν
3083 3160 3183 3232 τῆς
3209 3159 3348 3232 μετὰ
3383 3161 3584 3232 σαρκὸς
3613 3163 3761 3216 οίκοε

2179 3248 2388 3318 νομίας.
2425 3249 2536 3302 Καὶ
2577 3252 2693 3312 τοῖς
2742 3249 2844 3320 τῆς
2895 3250 3174 3316 κενώσεως
3214 3251 3452 3324 μέτροις,
3495 3253 3670 3324 ὀρθῶς
3701 3271 3760 3307 τε

2179 3339 2275 3392 καὶ
2315 3339 2632 3411 ἀμωμήτως
2680 3345 2896 3413 φρονεῖν
2943 3345 3234 3415 ᾑρημένοι,
3264 3348 3335 3398 τά
3379 3346 3558 3400 τοιάδε
3590 3363 3762 3419 προσ-

2179 3427 2482 3500 γράψομεν.
2512 3431 2576 3483 Εἰ
2601 3430 2658 3484 δὲ
2689 3431 2753 3502 δὴ
2778 3431 2839 3485 τὸ
2861 3432 3085 3505 Πνεῦμα
3118 3434 3370 3507 μηδαμοῦ
3400 3438 3499 3509 τὴν
3529 3439 3762 3492 κένωσιν

2179 3520 2596 3593 ὑπομεμενηκὸς
2635 3523 2935 3594 ἱερατεύειν
2990 3524 3239 3597 λέγομεν,
3283 3527 3439 3596 δόξης
3492 3529 3627 3582 αὐτὸ
3658 3530 3760 3602 τῆς

2178 3611 2517 3683 θεοπρεποῦς
2544 3612 2846 3687 ἐξοίσομεν,
2887 3617 2981 3670 καὶ
3023 3619 3079 3672 ὲν
3107 3621 3218 3682 τοῖς
3248 3619 3352 3672 ὑπὸ
3384 3619 3516 3674 Θεὸν
3544 3622 3760 3690 λογιού-

2180 3699 2321 3769 μεθά
2364 3717 2489 3764 που,
2537 3701 2732 3774 μέτρον
2758 3703 2906 3776 αὐτῷ
2938 3705 3171 3769 διδόντες
3196 3707 3256 3760 τὸ
3286 3709 3566 3779 γεννητόν.
3599 3713 3668 3764 ’Ἡ
3693 3712 3762 3786 δὴ

2175 3788 2543 3846 δεικνύτωσαν
2589 3794 2720 3863 ήμῖν
2770 3793 3189 3868 ὲνανθρωπῆσαι
3236 3796 3297 3850 τὸ
3357 3797 3603 3870 Πνεῦμα,
3664 3802 3760 3856 καὶ

2177 3878 2442 3934 ὑπόϐασιν
2489 3882 2836 3956 οἰκονομικὴν
2885 3887 3204 3957 ὑπομεῖναν,
3261 3889 3513 3962 καθάπερ
3565 3893 3759 3962 ἀμέλει

2176 3973 2272 4026 καὶ
2317 3973 2411 4028 τὸν
2442 3974 2589 4029 Υίόν.
2625 3977 2703 4030 Οὐ
2751 3978 2860 4050 γὰρ
2893 3979 3190 4054 ἐπειδήπερ
3224 3984 3374 4036 ἐστὶν
3407 3985 3695 4054 ὁμοούσιος
3722 3990 3755 4062 ή

2174 4062 2306 4153 άγία
2339 4064 2432 4118 καὶ
2461 4067 2910 4140 προσκυνουμένη
2942 4071 3134 4142 Τριὰς,
3156 4073 3412 4147 ταύτῃτοι
3433 4077 3555 4131 καθ’
3585 4072 3757 4153 οὗπερ

2174 4152 2242 4208 ἃν
2270 4155 2441 4210 ἕλοιτό
2469 4175 2555 4221 τις
2574 4161 2867 4230 προσώπου
2887 4163 2978 4216 τὸν
3005 4165 3104 4235 τῆς
3129 4165 3596 4240 ὲνανθρωπήσεως
3617 4152 3755 4226 καθέ

2172 4247 2312 4314 οριεῖ
2353 4246 2527 4315 λόγον.
2603 4249 2798 4318 Γέγονε
2845 4253 2955 4325 γὰρ
3007 4253 3326 4326 ἅνθρωπος,
3368 4259 3468 4314 ούκ
3517 4262 3682 4327 αὐτὸς
3724 4264 3753 4317 6

2176 4336 2386 4428 Πατὴρ,
2415 4339 2535 4391 οὐδὲ
2575 4341 2636 4392 τὸ
2679 4344 2904 4417 Πνεῦμα
2936 4347 2994 4400 τὸ
3024 4347 3198 4418 ἅγιον,
3256 4352 3417 4421 μόνος
3445 4353 3502 4407 δὲ
3541 4356 3568 4410 6
3603 4355 3753 4428 Υἱός.

2176 4424 2363 4491 Οὕτως
2406 4429 2550 4498 ἡμᾶς
2579 4432 2634 4484 αἱ
2662 4431 2802 4487 θεῖαι
2839 4441 3379 4512 μεμυσταγωγήκασι
3406 4443 3642 4516 Γραφαί.
3691 4425 3756 4501 Τί

2173 4517 2352 4573 τοίνυν
2381 4520 2808 4592 παραϐιάζονται
2837 4525 2934 4598 τὴν
2962 4528 3238 4602 ἀλήθειαν,
3273 4535 3366 4587 καὶ
3394 4534 3452 4588 τὸ
3482 4536 3754 4606 πρόφασιν

2176 4610 2276 4664 οὐκ
2305 4611 2426 4682 ἔχον
2463 4611 2554 4665 τοῦ
2596 4616 2930 4671 κεκενῶσθαι
2970 4619 3100 4687 δεῖν,
3144 4624 3288 4695 φημὶ
3315 4624 3380 4698 δὴ
3425 4626 3486 4681 τὸ
3529 4629 3754 4700 Πνεῦμα

2175 4702 2236 4754 τὸ
2268 4703 2439 4771 ἅγιον,
2480 4705 2538 4757 έν
2565 4708 2678 4771 τοῖς
2719 4708 2818 4777 τῆς
2861 4709 3143 4777 κενώσεως
3180 4719 3608 4788 κατακομίζουσι
3650 4722 3753 4792 μέ-

2175 4809 2352 4863 τροις,
2382 4794 2539 4865 εῖπερ
2570 4797 2717 4850 ἐστὶν
2756 4798 2972 4870 άληθῶς
3016 4805 3126 4868 τοῖς
3161 4805 3463 4878 ἱερουργεῖν
3488 4811 3755 4879 τεταγμέ-

2175 4901 2285 4975 νοις
2327 4886 2670 4959 ὲναρίθμιονς
2726 4889 2924 4962 Ἰερεῦς
2972 4893 3073 4964 μὲν
3102 4895 3210 4969 γὰρ
3239 4894 3306 4971 ἦν
3335 4901 3363 4953 6
3394 4902 3748 4975 Μελχισεδέκ.

2187 4974 2325 5028 Ἀλλ’
2357 4979 2437 5040 είς
2471 4980 2633 5050 τιμήν
2674 4997 2802 5052 φησι
2848 4982 2940 5035 τοῦ
2981 4983 3110 5038 Υίοῦ
3147 4987 3284 5059 πρὸς
3307 4988 3475 5045 τύπον
3502 4974 3601 5064 τῆς
3629 4993 3751 5049 κατ’

2173 5069 2337 5124 αὐτὸν
2392 5073 2656 5144 ἐσομένης
2701 5077 2999 5150 ἱερωσύνης
3055 5084 3194 5136 κατὰ
3241 5090 3485 5159 καιροὺς,
3519 5091 3652 5144 αὐτὸ
3683 5090 3750 5144 δι’

2175 5162 2365 5216 ἑαυτοῦ
2385 5163 2741 5238 διεμορφοῦτο
2752 5167 2812 5220 τὸ
2824 5170 3065 5241 Πνεῦμα.
3087 5175 3314 5243 Οὐκοῦν,
3330 5179 3600 5251 ἐρήσομαι
3618 5183 3749 5253 γάρ,

2174 5255 2548 5330 κατημέλησεν
2590 5259 2697 5331 ἄρα
2736 5260 2796 5316 τὸ
2828 5263 3051 5336 Πνεῦμα
3088 5267 3148 5320 τὸ
3196 5269 3370 5338 ἅγιον,
3416 5273 3514 5344 τῆς
3536 5277 3614 5338 εἰς
3655 5274 3751 5328 τὸν

2172 5348 2301 5402 Υίὸν
2337 5353 2500 5421 τιμῆς
2543 5354 2638 5407 καὶ
2674 5355 2911 5426 ἀγάπης,
2963 5359 3056 5412 καὶ
3089 5360 3245 5430 ὀλίγα
3276 5365 3368 5418 τοῦ
3424 5366 3753 5438 πράγματος

2172 5444 2474 5512 φροντίζειν
2522 5445 2689 5510 ἀξιοῖ·
2741 5450 2915 5504 καίτοι
2966 5453 3081 5518 πῶς
3127 5456 3186 5508 ού
3237 5456 3400 5529 λῆρος
3453 5460 3554 5531 ἤδη
3590 5459 3750 5514 ταυτὶ

2173 5534 2435 5606 φρονεῖ·ιῆ
2460 5536 2664 5605 λέγειν;
2689 5540 2907 5606 Δοξάζει
2931 5545 3038 5617 γάρ
3055 5547 3144 5600 τὸν
3171 5548 3300 5602 Υἱὸν
3322 5552 3349 5603 ὁ
3364 5551 3750 5621 Παράκλητος,

595 5729 644 5760 ’⁵
672 5727 921 5820 Ιιοὶπῇδ,
941 5730 1008 5820 4,⁸
1030 5730 1248 5820 “'Ll'bid.
1291 5733 1364 5816 δι’
1385 5733 1582 5820 6
1610 5735 1757 5820 ‘Psal.
1794 5735 1905 5820 19-7
1935 5744 2019 5820 _et
2074 5773 2075 5778 η

2179 5781 2191 5820 ,_
2232 5739 2282 5792 4.
2359 5740 2575 5820 ἈΡΘυς.
2605 5759 2753 5820 κνιη,
2783 5745 3151 5820 15;ᾼΑοῐ.7111.
3186 5751 3290 5815 22;
3341 5751 3512 5808 llebr.
3562 5770 3643 5820 ιη,
3685 5753 3742 5811 1.

511 5801 665 5860 iDan.
707 5814 798 5862 vn,
839 5798 918 5852 10.
990 5799 1384 5867 ⁸Ρὴί1ἱρ.ιι,ῖ.
1464 5805 1500 5833 ⁸·
1528 5804 1689 5858 Πρω,
1724 5821 1778 5870 ιι7
1809 5806 1892 5869 ιι,
1930 5807 2031 5875 12;

2179 5809 2214 5862 l.
2246 5826 2352 5879 xxi,
2378 5811 2464 5863 ‘23.
2545 5814 2564 5843 ⁵
2602 5798 2756 5868 Ιυιιηξ
2805 5798 2841 5882 ι,
2872 5798 3550 5889 'iiIT'JBaIC’xi-Tﬁi.
