4056 6260
378 313 480 368 101

1404 300 1927 361 θιενιιγιιοιιωι
1963 301 2028 359 IN
2067 304 2366 364 GENESIM
2408 299 2536 360 LIB.
2575 299 2639 360 ll.

3551 311 3654 370 lfl‘i

377 427 626 483 τουτέστι
651 425 706 480 τὸ
721 422 1090 496 Πνεῦμα.Καὶ
1116 421 1245 494 περὶ.
1263 421 1429 476 αύτοῦ
1458 438 1644 492 φησιν,
1675 440 1694 475 ι
1732 421 1968 486 Ἐκεῖνος

2071 426 2256 495 potius
2305 427 2488 480 Aaron
2525 434 2612 481 est
2664 423 2880 481 factus?
2907 437 3003 483 aut
3032 427 3206 500 Cyrus
3252 428 3542 486 Persarum
3585 447 3651 488 ac

371 520 485 592 ιὲμὲ
510 517 744 585 δοξάσει.
785 536 804 570 ι
835 515 908 569 Τδ
934 514 1110 569 τοίνυν
1158 515 1322 586 τιμᾷν
1369 513 1644 587 ᾑρημένον
1678 513 1772 567 καὶ
1810 511 1969 566 τοῦτο

372 609 799 680 ἀκαταλήκτως,
845 607 1000 679 τίμὴ
1055 605 1256 676 μᾶλλον
1291 606 1427 661 αὐτὸ
1457 606 1679 677 γέγονεν
1721 603 1965 676 ’Δαρὼνς

387 700 520 755 αὐτὸ
557 700 620 770 δὴ
659 701 751 753 καὶ
781 697 964 770 Κῦρος
1004 699 1033 750 6
1062 696 1291 770 Περσῶν
1317 714 1378 751 τε
1406 696 1501 751 καὶ
1529 696 1732 768 Μήδων
1758 697 1969 768 κρατή-

390 810 519 858 σας;
564 792 650 845 καὶ
681 791 783 863 μέν
830 808 913 844 τοι
957 790 1053 844 καὶ
1090 789 1299 862 Ἰησοῦς
1328 791 1358 843 6
1402 789 1497 844 τοῦ
1560 789 1845 856 Ἰωσεδὲκ,
1878 788 1971 841 καὶ

378 886 492 955 ,μέν
529 901 608 936 τοι
656 884 750 936 καὶ⁵
778 882 1080 954 Ζοροϐάϐελ
1122 884 1151 935 ό
1178 880 1275 938 τοῦ
1323 879 1613 952 Σαλαθιῆλ,
1648 883 1677 935 6
1708 883 1770 934 ὲκ
1797 881 1970 951 φυλῆς

401 974 588 1039 Ἰούδα,
617 973 647 1044 ῆ
682 975 773 1029 καὶ
811 975 1034 1044 Μωσῆς,
1072 974 1210 1045 πρὸς
1235 974 1293 1027 ὃν
1331 973 1546 1046 εἴρηταί
1577 991 1680 1027 που
1707 973 1806 1045 τὴν
1835 974 1970 1045 Χρι-

389 1066 516 1119 στοῦ
559 1065 834 1136 μεσιτείαν
867 1066 954 1133 ἐφ’
996 1063 1196 1120 ἑαυτοῦ
1226 1063 1569 1118 δεικνύοντα·
1616 1082 1635 1115 ι
1674 1065 1969 1136 Προφήτην

388 1159 678 1227 ἀναστήσω
718 1158 901 1221 αὐτοῖς
925 1158 991 1210 ἐκ
1022 1156 1129 1210 τῶν
1153 1157 1397 1225 ἀδελφῶν
1422 1156 1623 1218 αὐτῶν,
1652 1156 1842 1229 ὥσπερ
1885 1173 1966 1219 σε,

389 1253 481 1305 καὶ
503 1251 658 1304 δώσω
699 1251 824 1314 τοὺς
849 1250 1037 1317 λόγους
1068 1266 1169 1320 μου
1201 1251 1258 1302 ὲν
1286 1248 1364 1320 τῷ
1396 1247 1627 1319 στόματι
1651 1247 1840 1327 αὑτοῦ,
1877 1246 1972 1303 καλ⁵

388 1342 609 1413 λαλήσει
649 1342 832 1404 αὐτοῖς
881 1340 1020 1394 καθὰ
1053 1340 1119 1395 ἂν
1151 1340 1472 1410 ὲντείλωμαι
1498 1337 1689 1410 αύτῷ;
1736 1357 1756 1389 ι
1794 1339 1858 1392 Τί
1895 1339 1969 1411 μὴ

390 1435 611 1503 γέγονεν
640 1432 770 1486 αὐτὸ
799 1434 894 1486 καλ⁸
927 1431 1131 1501 Ἰησοῦς
1169 1434 1197 1486 6
1222 1432 1317 1485 τοῦ
1346 1431 1524 1500 Ναυῆ,
1555 1432 1584 1484 6
1607 1430 1743 1502 μετὰ
1768 1431 1972 1486 Μωσέα

394 1525 719 1596 στρατηγὸς,
766 1524 825 1588 ὃς
865 1523 1139 1577 διεϐίϐασε
1179 1522 1269 1577 τὸν
1335 1523 1604 1594 Ἰορδάνην
1645 1525 1772 1587 τοὺς
1822 1521 1971 1585 υἱοὺς

407 1619 656 1688 Ἰσραὴλ,
687 1617 780 1669 καὶ
805 1615 1095 1686 περιέτεμε
1135 1615 1431 1685 μαχαίραις
1456 1612 1759 1684 πετρίναις,
1787 1614 1970 1667 είσκε-

382 1708 594 1777 ικόμικε
632 1706 688 1760 δὲ
729 1706 819 1759 καὶ
847 1708 928 1769 είς
963 1705 1060 1778 τὴν
1085 1705 1185 1775 γῆν
1208 1708 1307 1777 τῆς
1344 1704 1708 1774 ὲπαγγελίας;
1734 1704 1768 1775 ἢ
1792 1702 1891 1757 οὐκ
1913 1705 1972 1756 ὲν

2068 514 2350 570 Medorum
2407 517 2553 571 rex?
2593 517 2676 572 vel
2724 517 2884 573 Jesus
2934 518 3082 575 ﬁlius
3129 520 3379 587 Josedec,
3438 537 3651 578 necnon

2068 606 2371 662 Zorobabel
2398 606 2716 662 Salathielis
2749 606 2897 664 ﬁlius
2916 624 2985 663 ex
3006 610 3154 666 tribu
3183 610 3350 676 Juda.
3385 621 3481 667 aut
3502 612 3653 685 Μον-

2067 713 2177 764 ses,
2229 697 2301 753 ad
2345 713 2513 768 quem
2554 697 2761 755 Christi
2808 699 3202 756 mediationem
3245 702 3360 757 sive
3387 702 3652 759 interces-

2066 791 2279 847 sionem
2318 806 2434 862 prae
2470 806 2530 846 se
2557 789 2822 847 ferentem
2867 791 3077 847 dictum
3108 805 3232 849 est:
3278 813 3295 845 ι
3324 793 3653 863 Prophetam

2067 883 2349 938 suscitabo
2385 883 2468 938 eis
2500 899 2569 938 ex
2602 882 2868 940 fratribus
2895 897 3114 945 eorum,
3152 883 3297 939 sicut
3335 892 3409 944 te.
3437 892 3494 939 et
3513 884 3655 940 dabo

2068 990 2351 1031 sermones
2373 989 2525 1030 meos
2551 975 2609 1030 in
2636 989 2734 1030 ore
2765 974 2960 1044 ipsius,
2980 981 3038 1031 et
3064 975 3325 1044 loquetur
3353 976 3435 1030 eis
3459 990 3655 1045 quem-

2067 1067 2364 1123 admodum
2398 1082 2712 1139 praecepero
2730 1067 2782 1122 ei
2813 1068 2832 1099 ⁷
2860 1067 2884 1120 ἲ
2912 1086 2931 1119 ι
2968 1066 3078 1124 Aut
3101 1082 3200 1122 cur
3225 1083 3335 1123 non
3365 1068 3542 1123 factus
3570 1074 3658 1123 est

2066 1159 2232 1214 Josne
2257 1200 2272 1224 ,
2316 1159 2463 1215 ﬁlius
2488 1160 2656 1224 Nave,
2705 1158 2801 1228 qui
2837 1166 2964 1229 post
3003 1159 3222 1230 Moysen
3246 1159 3358 1214 dux
3381 1160 3657 1215 exercitus

2069 1250 2213 1307 fuit?
2241 1251 2335 1320 qui
2377 1251 2621 1306 traduxit
2657 1251 2934 1306 lsraelitas
2961 1266 3060 1322 per
3093 1251 3432 1309 Iordanem?
3459 1261 3515 1306 et
3542 1253 3654 1307 cir-

2069 1343 2330 1398 cumcidit
2353 1343 2547 1398 cultris
2568 1343 2818 1411 lapideis,
2855 1342 3176 1412 induxitque
3203 1342 3257 1397 in
3288 1350 3490 1396 terram
3523 1357 3654 1411 pro-

2070 1434 2387 1487 missionis?
2417 1434 2604 1487 Nonne
2630 1434 2777 1487 enim
2814 1435 2869 1487 in
2900 1433 3122 1488 Christo
3155 1433 3413 1503 baptizati
3440 1449 3650 1497 sumus,

2069 1531 2126 1577 et
2175 1522 2484 1576 circumcisi
2523 1522 2950 1577 circumcisione
3003 1537 3114 1577 non
3172 1522 3500 1588 manufacta,
3556 1539 3654 1592 per

2071 1611 2362 1682 Spiritum,
2388 1612 2517 1667 facti
2546 1621 2730 1667 autem
2771 1627 2964 1670 sumus
2993 1612 3240 1667 heredes
3285 1613 3438 1683 regni
3483 1616 3652 1670 caelo-

2071 1700 2239 1756 rum?
2269 1700 2435 1771 Atqui
2473 1716 2582 1770 quo
2604 1708 2764 1771 pacto
2801 1716 2912 1756 non
2934 1701 3284 1756 manifestum
3318 1701 3424 1757 hoc
3443 1702 3656 1758 fuerit?

396 1795 618 1867 Χριστῷ
656 1794 1058 1866 βεϐαπτίσμεοα
1084 1796 1176 1848 καὶ
1205 1794 1657 1867 περιτετμήμεθα
1686 1794 1786 1866 μὲν
1815 1797 1965 1865 ἀχει-

2070 1788 2337 1857 Quocirca
2382 1790 2428 1844 si
2474 1789 2737 1858 Spiritum
2783 1798 3089 1845 statuemus
3121 1805 3338 1861 semper
3363 1791 3655 1846 fonnatum

399 1890 670 1963 ροποιήτῳ
713 1892 983 1960 περιτομῇ
1033 1888 1125 1942 διὰ
1173 1887 1515 1956 Πνεῦματος,
1566 1888 1869 1957 γεγόναμεν
1909 1887 1968 1941 δὲ

393 1981 722 2053 κληρονόμοι
751 1984 851 2052 τῆς
889 1980 1001 2034 τῶν
1028 1980 1276 2050 οὐρανῶν
1319 1979 1630 2050 βασιλείας;
1654 1980 1831 2034 καίτοι
1854 1980 1969 2045 πῶς

392 2072 556 2127 τοῦτο
576 2073 678 2127 οῦκ
709 2072 971 2142 ἐναργές
1001 2070 1209 2124 οὐκοῦν
1229 2070 1260 2141 ἢ
1285 2070 1347 2124 τὸ
1380 2072 1600 2143 Πνεῦμα
1622 2071 1860 2143 δώσομεν
1883 2073 1972 2128 ἀεὶ

403 2163 802 2236 μυρφούμενον,
841 2162 934 2216 καὶ
977 2162 1053 2225 ὡς
1087 2163 1146 2214 ἐν
1172 2161 1386 2234 ἑκάστῳ
1409 2163 1517 2216 τῶν
1542 2163 1969 2235 ὠνομασμένων,

399 2254 488 2310 ινα
522 2256 727 2326 τιμήσῃ
758 2253 848 2308 τὸν
892 2253 1036 2320 Υίδν,
1065 2254 1234 2324 ῆγουν
1280 2251 1430 2309 ἔσται
1461 2253 1647 2308 λοιπὸν
1693 2253 1902 2326 ἀληθὴς
1941 2255 1971 2307 ό

394 2346 573 2415 λόγος,
598 2345 673 2409 ὡς
697 2345 847 2414 ὀλίγα
868 2343 963 2399 τοῦ
991 2345 1295 2415 πρέποντος
1323 2347 1716 2415 καταφωρᾶται
1740 2362 1971 2419 πεφρον-

2072 1889 2131 1941 et
2164 1881 2334 1936 veluti
2382 1881 2439 1936 in
2487 1896 2821 1953 unoquoque
2860 1897 3077 1949 eorum,
3109 1898 3251 1953 quos
3300 1882 3560 1947 diximus,
3596 1893 3656 1939 ut

2074 1973 2312 2030 honoret
2350 1973 2570 2038 Filium,
2616 1990 2749 2029 vere
2803 1974 2994 2045 utique
3037 1975 3255 2032 dicetur
3303 1991 3527 2046 parvam
3554 1975 3655 2031 de-

2072 2065 2407 2120 corationem
2455 2064 2756 2121 habuisse:
2798 2067 3004 2137 quippe
3051 2070 3146 2136 qui
3197 2076 3447 2122 veterum
3491 2067 3655 2122 alicui

2072 2170 2133 2212 se
2164 2156 2454 2211 immiserit
2481 2156 2538 2210 in
2559 2163 2746 2227 typum
2770 2171 2834 2211 ac
2859 2156 3276 2213 similitudinem
3299 2158 3440 2213 Filii.
3473 2158 3655 2228 Apage

2072 2249 2241 2320 igitur
2253 2263 2382 2303 cum
2410 2248 2515 2303 ista
2536 2247 2934 2318 cogitationum
2958 2247 3320 2306 absurditate.
3366 2247 3654 2303 Melchise-

2072 2342 2175 2398 dec
2205 2341 2389 2412 itaque
2424 2340 2590 2395 homo
2611 2338 2737 2406 fuit,
2757 2354 2870 2395 non
2888 2340 3127 2410 Spiritus
3149 2348 3394 2396 sanctus.

389 2441 563 2503 τικό;’
588 2439 757 2511 ἐφῆκε
783 2439 892 2512 γὰρ
918 2439 982 2511 δὴ
1006 2438 1116 2492 τῶν
1136 2439 1505 2511 ἀρχαιοτέρων
1526 2441 1666 2496 τισὶν
1685 2443 1767 2505 είς
1792 2442 1962 2495 τύπον
1998 2437 2094 2492 καὶ
2157 2437 2417 2506 ὁμοίωσιν
2457 2434 2787 2490 πλάττεσθαι
2822 2434 2920 2490 τοῦ
2962 2434 3093 2492 Υίοῦ
3116 2450 3130 2465 ⁸
3181 2435 3363 2506 ἄπαγε
3403 2435 3505 2508 τῆς
3543 2435 3655 2492 τῶν

387 2531 665 2604 λογισμῶν
705 2531 954 2595 ἀτοπίας.
1000 2529 1210 2586 Οὐκοῦν
1251 2531 1535 2601 ἄνθρωπος
1557 2533 1584 2585 6
1607 2531 1966 2603 Μελχισεδίκ,
2004 2526 2124 2598 οὐχὶ
2145 2525 2204 2579 τὸ
2225 2525 2450 2595 Πνεῦμα
2469 2524 2532 2578 τὸ
2555 2525 2731 2594 ἅγιον.

459 2625 533 2698 η’.
566 2626 691 2679 Ὀτι
729 2623 785 2677 δὲ
829 2623 938 2678 οὐδ’
959 2622 1027 2678 ἂν
1069 2619 1209 2678 εἶναι
1240 2626 1411 2678 νοοῖτο
1446 2623 1678 2694 δύναμις
1715 2625 1847 2694 ἁγία
1877 2623 1972 2681 καὶ

387 2716 760 2791 λειτουργικὴ,
786 2715 930 2769 καθά
959 2717 1176 2787 φρονεῖν
1205 2714 1351 2780 ἔδοξέ
1376 2731 1504 2780 τισι,
1539 2717 1673 2787 φέρε
1705 2716 1767 2787 δὴ
1803 2715 1973 2785 λέγω·

394 2827 512 2882 μεν,
539 2808 607 2865 τὰ
635 2807 694 2873 ἐξ
722 2807 949 2862 είκότων
982 2806 1331 2877 συλλέγοντες
1357 2807 1631 2879 λογισμῶν
1653 2809 1734 2871 είς
1751 2806 1851 2877 τὴν
1873 2806 1972 2877 τῆς

390 2901 650 2972 ἀληθείας
681 2899 975 2965 ἀπόδειξιν.
1021 2900 1283 2964 Ἐκείνοις
1327 2899 1429 2971 μὲν
1476 2898 1604 2971 γὰρ,
1651 2899 1856 2953 τοιόσδε
1889 2914 1972 2960 τις

398 2994 491 3048 καὶ
537 2993 720 3059 σοφὸς,
752 2991 1005 3064 καθάπερ
1032 2987 1124 3046 οὖν
1155 2991 1358 3045 οῖονται
1400 2991 1541 3049 κατά
1574 2992 1718 3060 σφᾶς
1748 2987 1969 3055 αὐτοὺς,

400 3083 723 3155 συντέθηται
763 3083 942 3151 λόγος.
1007 3084 1220 3154 Ἐπειδὴ
1268 3082 1401 3156 γὰρ,
1451 3082 1609 3152 φησὶ,
1660 3081 1970 3150 γέγραπται

399 3177 531 3247 περὶ
546 3174 638 3228 τοῦ
654 3173 1003 3247 Μελχισεδὲκ,
1025 3176 1099 3240 ὡς
1120 3194 1138 3227 ι
1170 3178 1399 3249 ἀπάτωρ
1414 3193 1475 3229 τε
1497 3170 1585 3247 ἦν,
1600 3175 1695 3230 καὶ
1717 3174 1971 3245 ἀμήτωρ.

391 3268 488 3321 καὶ
514 3265 621 3338 μὴν
647 3267 740 3318 καὶ
756 3266 1233 3338 ἀγενεαλόγητοςί
1274 3267 1541 3337 εὐλόγηκε
1569 3264 1625 3318 δὲ
1651 3263 1828 3318 καίτοι
1848 3278 1973 3316 τοσ-

387 3359 545 3412 οῦτον
571 3358 700 3411 ὄντα
733 3358 824 3411 τὸν
872 3357 1147 3429 Ἀϐραάμο
1185 3379 1205 3410 ι
1234 3359 1550 3426 Εὐλογεῖται
1572 3357 1629 3410 δὲ
1656 3355 1720 3408 τὸ
1751 3355 1971 3408 ἔλαττον

390 3449 498 3504 ὑπὸ
518 3449 610 3503 τοῦ
638 3449 944 3520 κρείττονος
964 3449 1058 3502 καὶ
1084 3448 1352 3520 μείζονος,
1381 3469 1400 3502 ι
1417 3450 1633 3518 ἀπάσης
1661 3445 1971 3515 ἀντιλογίας

379 3544 537 3614 δίχαο
570 3545 645 3614 μὴ
672 3541 918 3609 νοείσθω,
959 3542 1081 3595 καθ’
1108 3544 1279 3613 ἡμᾶς,
1327 3541 1442 3596 ἀλλ’
1483 3541 1624 3594 ἔστω
1665 3540 1765 3610 τὴν
1807 3538 1970 3609 φύσιν

385 3634 639 3703 ἄγγελος,
670 3635 858 3704 ἤγουν,
888 3633 996 3686 τῶν
1017 3634 1134 3689 ἀνω
1157 3633 1440 3705 δυνάμεων
1466 3634 1557 3688 καὶ
1582 3629 1970 3703 λειτουργικῶν

385 3725 488 3797 μία
515 3742 601 3790 τις
640 3725 811 3796 σεπτὴ
846 3725 941 3778 καὶ
963 3724 1349 3796 δεδοξασμένη.
1393 3725 1533 3794 Ἐγὼ
1562 3725 1642 3788 δὲ,
1671 3722 1967 3794 ἀγαπητοὶ,

374 3816 710 3888 τεθαύμακα
754 3816 910 3882 λίαν,
959 3819 1007 3870 εί
1055 3817 1254 3887 τρόπος
1305 3816 1505 3880 αὐτοὺς
1550 3815 1833 3876 εὐλαϐείας
1869 3813 1968 3882 τῆς

381 3906 468 3970 είς
508 3905 600 3959 τὸν
650 3905 937 3959 Θεσπέσιον
977 3904 1247 3976 Ἀϐραὰμ,
1287 3905 1389 3975 τῆς
1422 3905 1516 3958 τοῦ
1560 3904 1829 3975 χρησίμου
1873 3901 1968 3956 καὶ

381 3995 691 4068 πρέποντος
713 3997 1020 4068 ἀπεκόμισε
1052 3997 1246 4068 θήρας,
1273 3997 1366 4050 καὶ
1401 3996 1509 4049 τῶν
1540 3993 1856 4060 ἀναγκαίων
1886 3992 1969 4053 είς

376 4088 644 4160 ἀληθείας
673 4088 894 4161 εὕρεσιν
916 4087 1308 4141 ἀπεϐουκόλισε
1331 4085 1627 4156 λογισμῶν.
1657 4084 1749 4146 El;
1769 4082 1794 4132 6
1802 4080 1967 4151 μοίω-

376 4196 475 4233 σιν
494 4179 604 4252 γὰρ
628 4179 693 4250 δὴ
717 4180 812 4233 καὶ
833 4178 1003 4233 τύπον
1015 4176 1109 4232 τοῦ
1145 4176 1488 4249 Ἐμμανουὴλ
1509 4170 1969 4245 παραδεικνύντες

371 4273 523 4343 ἡμῖν
550 4272 642 4325 τὸν
669 4271 1030 4341 Μελχισεδὲκ,
1070 4271 1170 4325 οὐκ
1215 4270 1297 4332 είς
1328 4268 1429 4338 τὴν
1462 4266 1571 4320 τῶν
1623 4264 1966 4338 πραγμάτων

2143 2618 2196 2672 8.
2227 2616 2384 2685 Quod
2413 2632 2548 2672 vero
2578 2631 2760 2688 neque
2792 2623 3035 2687 potestas
3058 2615 3240 2686 aliqua
3272 2625 3457 2673 sancta
3474 2627 3532 2672 et
3552 2616 3653 2674 ad-

2071 2709 2466 2767 ministratoria
2499 2707 2688 2774 fuerit,
2724 2716 2787 2763 ut
2811 2708 3063 2763 nonnulli
3081 2716 3308 2764 censent
3335 2724 3350 2774 ;
3382 2722 3502 2778 age,
3528 2724 3654 2765 rur-

2071 2816 2168 2857 sus
2212 2800 2462 2856 dicamus
2508 2800 2694 2857 ﬁrmas
2729 2799 2972 2855 rationes
3010 2798 3079 2854 ad
3123 2799 3372 2855 veritatis
3420 2799 3653 2855 demon-

2071 2892 2392 2947 strationem
2441 2891 2806 2947 conferentes.
2849 2890 2933 2946 [lli
2972 2890 3121 2946 enim
3156 2889 3388 2958 pulchre
3428 2888 3535 2944 sibi
3573 2888 3656 2946 vi-

2073 2980 2274 3036 dentur
2314 2980 2628 3051 Opinionem
2677 2995 2832 3036 suam
2875 2980 3248 3036 constabilire.
3295 2977 3434 3034 Cum
3480 2979 3652 3048 enim,

2072 3072 2247 3139 aiunt,
2281 3073 2545 3143 scriptum
2570 3074 2641 3128 sit
2670 3072 2740 3128 de
2797 3071 3179 3135 Melchisedec,
3238 3070 3386 3140 quod
3443 3089 3463 3123 ι
3498 3081 3654 3143 patre

2071 3180 2136 3221 ac
2153 3173 2326 3221 matre
2344 3164 2602 3229 caruerit,
2625 3163 2881 3235 quodque
2902 3163 3053 3217 nulla
3079 3162 3228 3217 illius
3247 3163 3561 3233 genealogia
3582 3162 3604 3195 ⁸
3626 3182 3646 3216 ο

2071 3269 2468 3325 recenseatur;
2516 3258 2799 3314 benedixit
2837 3272 2970 3312 vero
3008 3257 3242 3312 Abrahae
3293 3255 3656 3312 Melchisedec

2071 3351 2165 3405 tali
2200 3350 2486 3406 exsisteati
2519 3367 2532 3403 :
2566 3369 2585 3402 ι
2626 3349 2983 3405 Benedicitur
3013 3357 3197 3404 autem
3224 3348 3276 3403 id
3303 3349 3450 3419 quod
3472 3348 3657 3404 minus

2068 3452 2154 3499 est
2176 3459 2205 3498 a
2241 3444 2446 3515 majore
2467 3459 2530 3501 ac
2567 3443 2944 3513 praestantiore
2974 3443 2994 3475 ’
3023 3462 3041 3494 ι
3077 3443 3214 3498 citra
3236 3442 3401 3499 ullam
3429 3451 3653 3498 contro-

2067 3536 2301 3591 versiam
2332 3552 2347 3600 ;
2382 3551 2728 3605 nequaquam
2756 3536 3105 3591 existimetur
3133 3536 3299 3591 homo
3330 3535 3522 3599 fuisse,
3557 3534 3653 3588 sed

2068 3640 2137 3681 ex
2162 3642 2262 3681 sua
2285 3634 2483 3681 natura
2501 3626 2747 3696 angelus,
2773 3634 2868 3681 aut
2900 3625 3105 3694 alioqui
3130 3626 3444 3681 veneranda
3472 3626 3656 3694 aliqua

2066 3725 2123 3772 et
2159 3716 2399 3787 gloriosa
2435 3732 2674 3787 superna
2705 3725 2947 3787 potestas
2979 3725 3142 3786 atque
3164 3717 3650 3772 administratoria.

2066 3809 2180 3879 Ego
2203 3824 2356 3874 vero,
2376 3810 2561 3875 amici,
2582 3810 2826 3864 demiror
2844 3810 3223 3871 vehementer,
3250 3808 3296 3861 si
3319 3808 3460 3861 forte
3481 3807 3656 3876 pietas

2064 3902 2177 3972 eo
2216 3901 2470 3970 quaedam
2516 3916 2582 3955 ac
2630 3900 2940 3954 reverentia
2985 3913 3113 3968 erga
3161 3898 3438 3953 Abraham
3481 3913 3576 3954 eos
3622 3916 3655 3955 a

2067 3999 2221 4048 recto
2258 3992 2570 4054 abduxerit,
2609 3999 2667 4045 et
2694 4006 2724 4044 a
2759 3990 3086 4045 necessariis
3110 3991 3177 4046 ad
3207 3991 3494 4046 veritatem
3519 4006 3656 4047 con-

2068 4081 2406 4151 sequendam
2450 4080 2878 4152 cogitationibus
2922 4081 3206 4138 avulserit.
3252 4082 3389 4139 Cum
3421 4084 3568 4138 enim
3597 4085 3654 4140 in

2067 4174 2482 4235 similitudinem
2524 4175 2589 4229 ac
2639 4183 2827 4244 typum
2877 4173 3253 4229 Emmanuelis
3292 4174 3655 4232 Melchisedec

2066 4274 2338 4333 statuunt,
2370 4282 2481 4322 non
2514 4281 2701 4322 rerum
2724 4267 3047 4337 qualitatem
3067 4268 3439 4333 considerant,
3472 4284 3653 4340 neque

373 4364 653 4433 ’ποιότητα
681 4362 988 4430 βλέπουσιν,
1012 4363 1043 4433 ἢ
1067 4364 1155 4417 τὸν
1170 4362 1272 4433 τῆς
1293 4359 1594 4433 ἱερωσύνης
1611 4357 1965 4429 δοκιμάζουσι

2069 4358 2362 4418 sacerdotii
2418 4356 2644 4412 modum
2695 4358 3000 4428 explorant,
3063 4359 3158 4414 sed
3220 4361 3404 4429 potius
3458 4375 3653 4417 eorum

368 4454 594 4527 τρόπον
618 4469 633 4483 ·
663 4454 1009 4524 βασανίζουσι
1055 4454 1113 4509 δὲ
1161 4454 1361 4525 μᾶλλον
1387 4452 1498 4507 τῶν
1527 4453 1607 4514 είς
1629 4450 1790 4504 τοῦτο
1819 4464 1962 4520 παρ-

369 4561 400 4597 ε
414 4542 767 4614 νηνεγμένων
791 4541 889 4606 τὰς
906 4543 1192 4612 φύσεις.Τί
1207 4541 1317 4611 γὰρ
1343 4541 1410 4594 ἂν
1425 4541 1635 4609 γένοιτο
1653 4540 1714 4593 τὸ
1737 4537 1963 4603 λυποῦν,

368 4633 618 4704 φαίητις
637 4631 702 4686 ἂν
728 4633 951 4698 είκότως
978 4635 1183 4700 αὐτοῖς,
1215 4631 1557 4702 εὐλογεῖσθαι
1584 4631 1965 4702 τδνἋϐραὰμ,

365 4727 458 4788 ὡς
498 4723 560 4789 ἐξ
600 4724 886 4795 ἀνθρώπου
920 4725 1084 4796 τυχὸν
1128 4723 1222 4778 τοῦ
1256 4724 1612 4794 Μελχισεδὲκ,
1665 4721 1766 4778 κᾶν
1802 4723 1850 4775 εί
1891 4720 1967 4793 μὴ

366 4815 558 4867 νοοῖτο
587 4814 847 4882 κρείττων
869 4814 1069 4880 αὐτοῦ;
1095 4814 1168 4867 Οὐ
1201 4812 1311 4883 γὰρ
1340 4815 1395 4867 αί
1426 4812 1614 4884 φύσεις
1639 4813 1698 4864 ὲν
1730 4811 1961 4876 τούτοις,

361 4905 496 4959 ἀλλ’
526 4906 555 4958 6
592 4905 699 4959 τῶν
723 4906 1017 4978 δρωμένων
1041 4905 1393 4976 δοκιμάζεται
1417 4905 1562 4970 νοῦς,
1591 4906 1686 4959 καὶ
1710 4905 1808 4975 τῆς
1833 4904 1962 4973 ἀλη-

363 4996 534 5060 Θείας
560 4997 607 5048 οἱ
636 4996 806 5065 λόγοι,
843 4995 951 5049 τῶν
991 4999 1050 5050 ἑν
1099 4999 1278 5061 σκιαῖς
1325 4996 1663 5067 αίνιγμάτων
1707 4996 1960 5066 ἀμείνους

363 5087 1038 5156 προαναφαίνονται.”οτι
1054 5087 1165 5159 γάρ
1185 5088 1304 5141 ἐστι
1325 5087 1433 5141 τῶν
1452 5086 1571 5141 λίαν
1592 5087 1961 5149 άτοποτάτων,

361 5180 505 5248 οὐχὶ
547 5180 615 5232 τὰ
652 5180 716 5232 ὲκ
744 5179 854 5233 τῶν
894 5184 1312 5253 σημαινομένων
1351 5180 1809 5252 ἀντιπαρεξάγειν
1851 5183 1964 5245 τοῖς

359 5275 443 5326 ἐν
480 5275 678 5336 σκιαῖς,
716 5273 803 5325 ἐπ’
829 5274 1002 5337 αὑτάς
1028 5274 1084 5327 δὲ
1119 5274 1321 5346 μᾶλλον
1351 5275 1485 5328 ίέναι
1515 5274 1614 5337 τὰς
1648 5272 1837 5342 φύσεις
1857 5272 1964 5326 τῶν

357 5366 465 5428 είς
508 5364 670 5434 μέσον
714 5367 1112 5437 ένηνεγμένων,
1157 5368 1281 5441 εἴσῃ
1317 5385 1399 5420 τοι
1433 5365 1745 5420 κάντεῦθεν.
1805 5365 1963 5419 Ἀπό-

356 5458 574 5520 λεκτος
605 5452 674 5527 ἦν
730 5457 964 5528 Ἀαρὼν,
997 5459 1352 5531 προεστηκὼς
1387 5460 1481 5513 καὶ
1525 5458 1826 5529 ἡγούμενος
1866 5458 1965 5527 τῆς

356 5548 548 5615 ἁγίας
596 5548 833 5621 σκηνῆς,
889 5553 1011 5615 ταῖς
1057 5552 1320 5605 ἀνωτάτω
1368 5554 1552 5620 τιμαῖς
1597 5555 1653 5604 ὲν
1697 5549 1962 5620 ἱερωσύνῃ

457 5725 482 5758 ⁷
514 5726 670 5782 Dent.
708 5745 854 5795 xnu,
911 5730 1005 5793 l8;
1050 5730 1167 5782 Act.
1196 5746 1250 5783 ιιι
1281 5770 1293 5794 ,
1346 5730 1433 5784 29..
1510 5729 1528 5759 ⁸
1563 5730 1727 5784 ΙΙΡΙ.›1·.
1763 5747 1853 5797 ιιι,
1898 5728 1947 5781 ὅ.

2069 4449 2272 4519 quibus
2305 4449 2361 4503 id
2388 4447 2551 4505 ofﬁcii
2586 4462 2759 4519 genus
2785 4449 3025 4506 delatum
3057 4459 3163 4515 est,
3199 4459 3426 4507 naturas
3466 4453 3652 4523 inqui-

2068 4548 2216 4595 runt.
2246 4539 2389 4606 Quid
2435 4540 2582 4595 enim
2629 4540 2907 4597 obstiterit
2936 4543 3155 4613 (merito
3198 4543 3323 4613 quis
3374 4543 3440 4598 iis
3481 4543 3650 4616 dicat)

2069 4632 2368 4702 quominus
2392 4631 2671 4688 Abraham
2715 4632 3043 4690 benedictus
3081 4637 3153 4691 sit
3193 4652 3224 4691 a
3270 4636 3650 4703 Melchisedec,

2068 4723 2332 4781 nimirum
2364 4733 2425 4780 ut
2455 4724 2525 4779 ab
2557 4725 2802 4792 homine,
2837 4728 3053 4783 etiamsi
3078 4728 3224 4784 hunc
3255 4729 3348 4784 illo
3383 4745 3492 4783 non
3537 4745 3647 4783 ma-

2063 4815 2243 4886 jorem
2273 4831 2392 4871 esse
2415 4816 2948 4890 credamus?Neque
2995 4820 3142 4875 enim
3185 4820 3243 4873 in
3288 4821 3376 4875 his
3420 4830 3648 4885 naturae,

2069 4906 2166 4961 sed
2201 4923 2392 4964 eorum
2429 4925 2551 4978 quae
2585 4920 2839 4981 aguntur,
2882 4927 3038 4967 mens
3072 4909 3422 4980 expenditur,
3446 4912 3648 4966 verita-

2071 4999 2250 5069 tisque
2274 5015 2560 5057 sermones
2580 5001 2767 5074 ﬁguris
2786 5019 3000 5066 eorum,
3023 5018 3144 5072 quae
3168 5002 3224 5056 in
3254 5002 3465 5058 umbris
3491 5004 3646 5066 ﬁunt,

2070 5093 2479 5160 praestantiores
2536 5104 2852 5151 censentur.
2920 5095 3077 5161 Quod
3133 5096 3280 5150 enim
3323 5094 3652 5150 absurdissL

2069 5197 2218 5237 mum
2265 5183 2356 5248 sit,
2407 5201 2519 5240 non
2559 5201 2623 5241 ea
2651 5203 2772 5257 qua:
2817 5187 3214 5257 signiﬁcantur,
3238 5185 3449 5239 umbris
3477 5200 3648 5256 oppo-

2067 5290 2220 5340 nere,
2253 5276 2349 5330 sed
2373 5277 2557 5346 potius
2590 5293 2782 5333 eorum
2810 5294 2932 5346 qua:
2962 5278 3017 5331 in
3055 5277 3295 5331 medium
3322 5276 3647 5343 aﬁ‘eruntur,

2068 5374 2297 5420 naturas
2349 5368 2680 5436 explorare,
2739 5370 2905 5422 etiam
2969 5368 3100 5422 hinc
3153 5367 3454 5438 intelligere
3496 5368 3646 5425 licet.

2068 5457 2325 5511 Delectus
2349 5459 2493 5511 enim
2521 5469 2639 5513 erat
2681 5462 2882 5522 Aaron,
2909 5475 2973 5512 ac
2995 5459 3285 5528 praefectus
3309 5469 3364 5514 et
3387 5458 3496 5512 dux
3525 5476 3651 5517 san-

2069 5551 2140 5604 cti
2173 5549 2534 5616 tabernaculi,
2571 5566 2824 5622 suprema
2851 5550 3171 5607 sacerdotali
3211 5551 3472 5622 dignitate
3511 5549 3647 5607 insi-

2027 5732 2045 5759 ⁹
2072 5730 2208 5784 Ibid.
2263 5732 2314 5788 7.
