4056 6260
498 376 604 436 103

1511 368 1573 426 S.
1617 362 1891 426 CYitlLLl
1931 363 2398 425 ALEXANDRINI
2438 360 2754 426 ARCHIE'P.

3663 369 3769 432 1θύ

505 491 710 563 gnitns.
741 485 859 553 Quo
896 495 1053 558 pacto
1096 488 1261 558 igitur
1296 487 1667 543 sanetiticatus
1692 489 1819 543 est?
1853 495 2087 542 mactato

2192 490 2656 559 κατεστεμμένος.
2680 486 2806 551 Πῶς
2829 481 2921 540 οῦν
2943 485 3198 556 ἡγιάζετο
3221 502 3234 552 ;
3256 484 3288 555 ἢ
3309 485 3460 557 κριὸς
3478 487 3766 557 ἐσφάζετο,

506 583 700 642 ariete.
747 592 909 650 atque
936 581 1249 636 summitate
1288 581 1494 635 dextrae
1516 581 1692 651 ipsius
1721 581 2002 645 auriculae,
2032 589 2088 634 et

509 689 704 727 manus
728 687 790 726 ac
815 671 990 741 pedis,
1013 672 1280 741 sanguine
1321 672 1623 741 perunctis,
1673 680 1837 739 atque
1880 671 1953 724 ita
2000 684 2087 724 sa-

507 763 753 820 cerdotio
798 763 1047 816 initiatus
1093 763 1221 817 est?
1249 763 1412 832 Atqui
1439 763 1670 818 dixerim
1709 760 2088 833 hujuscemodi

505 856 843 921 hominibus,
912 856 960 910 si
1006 855 1220 910 naturis
1252 870 1444 910 eorum
1484 871 1605 925 qua:
1637 853 1996 936 sanctiﬁcant,
2033 862 2090 908 et

505 963 697 1002 eorum
741 963 864 1016 quae
915 947 1348 1011 sanctiﬁcantur,
1392 947 1673 1001 adhmrere
1727 945 1929 999 bonum
1962 952 2084 1010 est;

505 1054 684 1108 neque
714 1039 898 1108 potius
925 1039 1096 1093 veluti
1119 1053 1186 1092 ex
1215 1049 1342 1108 typo
1381 1047 1437 1092 et
1470 1038 1664 1092 umbra
1691 1036 1760 1091 ad
1789 1036 1962 1106 ipsam
1989 1051 2089 1090 ve-

507 1129 687 1184 ritatis
728 1130 1199 1199 pulchritudinem
1245 1146 1306 1185 se
1351 1130 1619 1193 conferre,
1645 1138 1759 1199 quo
1793 1137 1952 1198 pacto
1975 1128 2088 1198 jam

507 1221 689 1274 minus
718 1237 748 1275 a
789 1221 1169 1290 pmstantiore
1194 1221 1585 1276 benedicitur?
1615 1221 1746 1291 quid
1785 1235 1918 1274 vero
1945 1235 2088 1289 pra:-

509 1312 744 1366 stantius
785 1327 850 1366 ex
891 1312 977 1366 his
1013 1312 1104 1376 sit,
1145 1312 1246 1382 ipsi
1291 1312 1493 1366 dicant.
1540 1313 1708 1366 Porro
1738 1311 1783 1366 si
1815 1311 2087 1366 Aaronem

507 1405 677 1458 ariete
719 1404 1035 1460 inferiorem
1072 1407 1385 1470 statuimus,
1422 1413 1478 1460 et
1507 1405 1576 1459 ab
1612 1403 1832 1459 animali
1862 1403 2088 1458 rationis

507 1507 732 1566 experte
774 1498 1120 1553 benedicitur
1156 1499 1210 1552 id
1241 1499 1387 1569 quod
1427 1499 1636 1553 ratione
1666 1498 1953 1568 praeditum
1983 1505 2086 1562 est,

507 1586 561 1641 id
607 1589 754 1658 quod
801 1589 870 1643 ad
915 1590 1285 1644 sacerdotium
1332 1590 1605 1643 delectum
1655 1597 1793 1652 erat,
1827 1587 2090 1657 sanguine

505 1679 658 1732 nullo
693 1679 1096 1733 sanctiﬁcatum
1134 1679 1402 1743 dicemus,
1445 1686 1501 1732 et
1534 1678 1673 1732 cinis
1701 1677 1856 1731 vituli
1884 1677 2092 1730 aﬂ'usus

505 1779 622 1832 eos,
659 1771 755 1839 qui
796 1771 1092 1840 participes
1115 1769 1244 1823 facti
1268 1770 1398 1832 sint,
1427 1768 1791 1823 sanctiﬁcabit
1815 1768 1881 1822 ad
1910 1766 2090 1822 carnis

2190 581 2282 632 καὶ
2325 579 2399 650 τῷ
2450 581 2644 650 αἵματι
2678 579 2995 650 κατεχρίετο
3043 577 3104 630 τὸ
3136 578 3307 649 ἄκρον
3346 579 3442 632 τοῦ
3490 579 3630 644 ὠτὸς
3676 584 3770 636 τοῦ

2189 668 2385 735 δεξιοῦ,
2419 670 2514 723 καὶ
2549 670 2654 740 μὴν
2707 670 2801 722 καὶ
2829 669 3012 740 χειρὸς
3045 666 3138 720 καὶ
3169 667 3362 732 ποδός’
3399 669 3696 724 ἐτελειοῦτο
3713 671 3770 726 δὲ

2189 761 2350 825 οὕτω,
2383 761 2520 831 πρὸς
2555 760 2899 831 ίερουργίαν;
2934 759 3071 826 ἀλλ’,
3107 752 3151 811 ὦ
3184 759 3482 828 βέλτιστοι,
3512 763 3678 832 φαίην
3705 761 3770 820 ἂν

2191 852 2394 919 αὐτοῖς,
2428 853 2475 905 εί
2501 854 2629 915 ταῖς
2656 851 2851 920 φύσεσι
2871 851 2978 904 τῶν
3012 849 3348 920 άγιαζόντων
3371 852 3464 904 καὶ
3491 852 3599 905 τῶν
3617 854 3771 921 ἁγια-

2191 945 2436 1017 ζομένων
2469 944 2829 1016 προσκεῖσθαι
2855 943 3048 998 καλόνο
3086 944 3180 997 καὶ
3205 945 3328 1014 οὐχὶ
3358 936 3423 1013 δὴ
3462 944 3664 1013 μᾶλλον
3696 936 3772 1008 ὧς

2189 1039 2256 1090 ἐκ
2296 1038 2467 1091 τύπου
2519 1037 2614 1092 καὶ
2656 1038 2814 1100 σκιᾶς
2839 1038 2924 1090 ἐπ’
2954 1036 3087 1091 αὐτὸ
3128 1038 3228 1106 τῆς
3262 1035 3519 1106 ἀληθείας
3555 1032 3687 1090 ἱέναι
3711 1038 3773 1091 τὸ

2190 1129 2408 1194 κάλλος,
2433 1130 2549 1194 πῶς
2573 1131 2652 1182 ἔτι
2681 1130 2741 1182 τὸ
2780 1129 2998 1188 ἔλαττον
3029 1129 3133 1182 ὑπὸ
3162 1129 3258 1182 τοῦ
3291 1129 3598 1200 κρείττονος
3624 1124 3774 1182 εὐλο-

2188 1226 2368 1292 γεῖται
2389 1240 2403 1289 ;
2428 1223 2493 1275 Τί
2525 1222 2586 1276 τὸ
2615 1225 2838 1293 ἄμεινον
2855 1223 2912 1275 ἐν
2939 1221 3168 1286 τούτοις,
3203 1221 3520 1290 φραζόντων
3553 1222 3770 1273 ἐκεῖνοι.

2187 1311 2336 1386 *Αρα
2387 1315 2482 1368 καὶ
2513 1314 2672 1386 κριοῦ
2723 1314 2954 1368 κατόπιν
2998 1313 3089 1366 τὸν
3136 1313 3346 1382 Ἀαρὼν
3396 1311 3668 1382 θήσομεν;
3713 1312 3772 1365 ἐν

2189 1405 2368 1474 ἀλόγῳ
2405 1403 2528 1476 ξώῳ
2557 1405 2858 1460 τελειοῦται
2890 1404 2951 1457 τὸ
2977 1404 3210 1473 λογικόν.
3245 1404 3448 1473 Αἵματι
3483 1401 3774 1472 προϐάτων

2190 1497 2282 1549 τὸν
2313 1495 2613 1549 ἁπόλεκτον
2637 1498 2717 1558 είς
2748 1495 3050 1568 ἱερωσύνην
3087 1493 3351 1564 ἡγιᾶσθαι
3381 1495 3648 1564 φήσομεν,
3675 1494 3774 1547 καὶ

2193 1586 2386 1649 σποδὸς
2429 1587 2717 1658 δαμάλεως
2767 1586 3109 1657 ῥαντίζουσα,
3159 1587 3285 1650 τοὺς
3335 1586 3774 1656 κεκοινωμένους

2191 1676 2428 1747 ἁγιάζει,
2475 1678 2611 1751 πρὸς
2645 1680 2743 1750 τὴν
2778 1679 2876 1748 τῆς
2915 1679 3117 1750 σαρκὸς
3152 1678 3530 1749 καθαρότητα·
3576 1677 3629 1730 τί
3677 1671 3776 1732 οῦν

2195 1767 2302 1838 ἄρα
2326 1767 2389 1821 τδ
2430 1767 2657 1838 χρῆμα;
2703 1767 2757 1820 τί
2785 1767 2894 1821 τῶν
2929 1767 3218 1838 νοημάτων
3261 1768 3322 1820 τὸ
3355 1767 3552 1838 βάθος;
3599 1769 3773 1822 Τύποι

507 1861 823 1930 puritatem.
853 1861 994 1927 Quid
1014 1861 1182 1932 igitur
1205 1861 1320 1916 haec
1343 1877 1431 1915 res
1475 1861 1581 1915 sibi
1623 1860 1779 1914 vult?
1813 1869 1907 1915 aut
1944 1875 2090 1928 qure-

2192 1855 2283 1908 καὶ
2333 1856 2540 1919 εἰκόνες
2581 1855 2650 1910 τὰ
2699 1855 2971 1926 δρώμενα,
3011 1856 3106 1909 καὶ
3155 1856 3226 1909 ἵν’
3275 1855 3451 1920 οὕτως
3501 1856 3770 1928 εἴπωμεν,

507 1965 636 2004 nam
687 1952 882 2006 horum
909 1966 1170 2006 sensuum
1220 1951 1451 2006 altitudo
1481 1951 1504 2003 ?
1537 1951 1672 2023 Typi
1701 1960 1830 2006 sunt
1863 1959 1919 2006 et
1949 1951 2086 2005 ima-

508 2044 682 2114 gines,
705 2052 891 2113 atque,
919 2053 977 2098 ut
1005 2044 1079 2098 ita
1108 2043 1374 2106 dicamus,
1394 2024 1932 2114 praemonstrationes
1959 2057 2086 2096 san-

508 2135 853 2190 ctificationis
872 2150 970 2204 per
987 2134 1287 2190 Christum.
1323 2134 1506 2206 Typus
1537 2149 1671 2190 vero
1696 2135 1752 2188 in
1783 2133 1949 2188 rebus
1977 2147 2088 2187 non

507 2225 969 2281 sanetiﬁcantium
1008 2234 1106 2282 aut
1145 2226 1612 2282 sanctiﬁcatorum
1652 2236 1848 2282 natura
1893 2226 2090 2296 depre-

507 2319 805 2373 henditur:
839 2319 1313 2388 quandoquidem,
1362 2326 1424 2372 ut
1471 2319 1632 2373 modo
1682 2318 1817 2383 dixi,
1845 2318 1900 2372 id
1939 2318 2088 2387 quod

509 2410 859 2480 prmstantius
903 2418 987 2464 est
1034 2409 1103 2462 ab
1154 2409 1417 2464 inferiore
1458 2408 1821 2473 benedicitur,
1851 2407 1897 2462 si
1927 2408 2090 2464 modo

511 2499 856 2570 praestantior
872 2508 957 2555 est
972 2500 1211 2554 hominis
1230 2507 1425 2554 natura
1447 2514 1610 2569 quam
1631 2498 1789 2553 vituli
1805 2507 1861 2553 et
1879 2499 2085 2554 arietis.

509 2591 591 2647 Ne
629 2592 795 2664 igitur
824 2608 921 2647 eos
957 2591 1182 2662 pudeat,
1223 2591 1439 2647 etiamsi
1483 2591 1762 2646 Abraham
1789 2592 1965 2646 multo
1986 2607 2088 2662 ι)οά

513 2684 622 2739 tior
664 2699 728 2739 ac
783 2685 977 2739 melior
1013 2684 1289 2738 exsistens
1321 2698 1485 2754 quam
1517 2683 1898 2750 Melchisedec,
1932 2684 2002 2739 ab
2023 2698 2090 2739 eo

512 2773 838 2831 benedictus
875 2775 1110 2830 dicatur.
1145 2775 1330 2847 Typus
1363 2776 1511 2830 enim
1538 2783 1658 2831 erat
1690 2776 1939 2841 vincens,
1977 2790 2090 2831 non

511 2872 696 2919 autem
737 2865 1115 2920 benedicentis
1153 2873 1369 2920 natura.
1409 2864 1513 2936 61
1561 2865 1726 2920 Miror
1754 2880 1886 2920 vero
1919 2866 2087 2935 quod,

511 2972 634 3011 cum
663 2956 842 3027 ipsum
867 2963 1110 3012 statuant
1133 2956 1192 3010 in
1212 2955 1630 3012 similitudinem
1651 2972 1714 3013 ac
1741 2966 1928 3029 typum
1944 2957 2086 3024 Filii,

511 3058 683 3104 matre
712 3065 776 3104 ac
803 3057 958 3120 patre
986 3064 1175 3104 carere
1205 3048 1540 3103 contendant
1567 3055 1630 3103 ut
1661 3049 1932 3120 angelum,
1963 3064 2089 3105 cum

2188 1947 2463 2018 άγιασμοῦ
2497 1947 2875 2018 προανάδειξις
2917 1943 2986 2017 ἧν
3018 1948 3110 2002 τοῦ
3157 1949 3294 2002 κατὰ
3326 1948 3576 2019 Χριστόν.
3623 1950 3679 2002 Ὀ
3710 1945 3770 2004 δὲ

2186 2039 2356 2103 τύπος
2390 2040 2447 2093 ἐν
2494 2040 2848 2110 πράγμασιν,
2891 2041 2992 2093 οὐκ
3038 2041 3098 2093 ἐν
3139 2043 3205 2111 τῇ
3240 2040 3350 2094 τῶν
3400 2041 3769 2110 ἁγιαζόντων,
3807 2025 3814 2030 ’

2189 2132 2354 2201 ἤγουν
2370 2131 2480 2185 τῶν
2519 2133 2901 2203 ἁγιαζομένων
2939 2133 3334 2204 καταφωρᾶται
3367 2133 3546 2203 φύσει.
3590 2133 3767 2199 Ἐπεὶ,

2187 2223 2441 2294 καθάπερ
2459 2223 2594 2295 ἔφην
2615 2224 2836 2294 ἀρτίως,
2868 2224 2927 2277 τὸ
2953 2228 3200 2295 κρεῖττον
3231 2226 3336 2279 ὑπὸ
3364 2225 3458 2278 τοῦ
3488 2226 3770 2290 ἐλάττονος

2188 2315 2490 2383 εὐλογεῖται
2516 2354 2530 2380 ,
2584 2316 2743 2385 εἷπε-ρ
2797 2316 2946 2368 ἐστὶν
2980 2317 3039 2369 ὲν
3084 2317 3361 2388 ἀμείνοσιν
3409 2318 3440 2388 ή
3482 2317 3770 2389 ἀνθρώπου

2191 2407 2351 2476 φύσις
2379 2407 2668 2478 δαμάλεως
2687 2408 2782 2460 καὶ
2799 2407 2978 2479 κριοῦ.
3006 2407 3098 2478 Μὴ
3126 2409 3307 2463 τοίνυν
3336 2410 3768 2481 ἐρυθριάτωσαν,

2189 2499 2293 2554 κᾶν
2321 2501 2369 2553 εί
2399 2499 2532 2554 πολὺ
2559 2500 2826 2570 κρείττων
2864 2500 3128 2570 ὑπάρχων
3157 2502 3186 2554 ὁ
3220 2501 3471 2572 Ἀϐραὰμ
3501 2499 3596 2556 τοῦ
3631 2503 3772 2555 Μελ-

2189 2591 2427 2662 χισεδὲκ,
2490 2589 2828 2660 εὐλογεῖσθαι
2882 2593 3104 2664 λέγηται
3148 2595 3278 2664 παρ’
3314 2591 3502 2649 αὐτοῦ.
3558 2595 3614 2648 '0
3658 2596 3770 2667 γάρ

2188 2683 2356 2748 τύπος
2371 2680 2440 2756 ἦν
2465 2686 2493 2738 ὁ
2520 2683 2707 2748 νικῶν,
2732 2685 2827 2738 καὶ
2850 2685 2970 2756 οὐχὶ
2985 2685 3049 2757 δὴ
3081 2685 3281 2756 μᾶλλον
3305 2688 3338 2757 ἡ
3366 2685 3458 2739 τοῦ
3483 2685 3774 2756 εὐλογοῦν-

2187 2792 2280 2840 τος
2308 2775 2490 2845 φύσις.
2522 2775 2800 2847 Θαυμάζω
2824 2775 2882 2830 δέ
2904 2777 2986 2830 ὅτι
3014 2776 3110 2830 καὶ
3142 2779 3221 2840 εἰς
3243 2779 3504 2849 ὁμοίωσιν
3542 2777 3637 2833 καὶ
3673 2772 3772 2832 τύ-

2191 2885 2290 2923 πον
2319 2867 2746 2940 διαμορφοῦντες
2768 2868 2929 2924 αὐτὸν
2949 2868 3042 2924 τοῦ
3073 2868 3226 2936 Υίοῦ,
3253 2871 3506 2943 άμήτορά
3532 2888 3591 2924 τε
3630 2868 3775 2925 εἶναι

2189 2961 2283 3016 καὶ
2314 2961 2567 3033 ἀπάτορά
2592 2978 2759 3031 φασιν
2797 2960 2873 3025 ὡς
2902 2952 3151 3030 ἄγγελον,
3197 2962 3375 3016 καίτοι
3422 2963 3624 3034 τρόπον
3646 2963 3772 3018 τινὰ

2189 3054 2284 3108 καὶ
2320 3053 2661 3126 ἁμφιθαλοῦς
2702 3053 2856 3111 ὄντος
2904 3053 3164 3124 Χριστοῦ.
3215 3053 3416 3123 Γέγονε
3468 3053 3576 3124 γὰρ
3619 3055 3773 3125 αὐτῷ

513 3149 746 3211 utroque
766 3151 994 3211 parente
1019 3141 1277 3198 Christus
1307 3143 1711 3212 quodammodo
1733 3141 1944 3199 ﬂoreat.
1973 3143 2089 3199 Ma-

2195 3143 2376 3214 μήτηρ
2413 3142 2511 3213 μὲν
2555 3141 2650 3196 ἐπὶ
2700 3142 2826 3212 γῆς,
2859 3142 2892 3212 ἡ
2937 3142 3067 3211 ἁγία
3095 3142 3393 3214 Παρθένος.
3427 3139 3538 3198 Ἦν
3579 3144 3636 3197 δὲ
3680 3146 3775 3198 καὶ

516 3241 601 3287 ter
629 3231 773 3285 enim
809 3232 982 3300 ipsius
1008 3233 1065 3287 in
1088 3233 1250 3287 terris
1274 3233 1379 3287 fuit
1411 3243 1598 3288 sancta
1630 3235 1815 3304 Virgo.
1835 3235 1969 3289 Erat
1989 3249 2092 3291 au-

516 3331 626 3377 tem
645 3324 696 3377 ei
716 3329 774 3377 et
796 3331 882 3376 est
912 3322 970 3376 in
989 3322 1143 3377 ccelis
1165 3324 1328 3377 Pater
1357 3323 1519 3378 Deus.
1542 3323 1810 3393 Oportere
1836 3339 1971 3378 vero
2001 3339 2093 3378 ar-

514 3413 689 3469 bitror
717 3410 986 3483 imagines
1009 3414 1075 3468 ad
1096 3414 1390 3484 archetypa
1410 3414 1654 3485 depingi.
1672 3413 1941 3480 Quoniam
1962 3426 2096 3469 vero

515 3506 735 3561 divinus
762 3505 985 3571 Paulus,
1027 3524 1046 3555 ι
1086 3506 1273 3574 Neque
1293 3506 1630 3576 principium
1651 3505 1890 3571 dierum,
1916 3521 2096 3576 neque

514 3600 680 3654 ﬁnem
713 3597 838 3652 vitae
871 3597 1074 3652 habere
1117 3595 1498 3660 Melchisedec,
1533 3616 1550 3650 ι
1603 3597 1744 3653 dixit
1774 3593 1860 3664 ¹’⁰;
1891 3599 2096 3655 idcirco

515 3705 643 3744 eum
669 3695 996 3758 potestatem
1024 3687 1347 3742 rationalem
1366 3694 1423 3743 et
1447 3687 1788 3743 sacerdotem
1818 3703 1939 3744 esse
1968 3703 2098 3744 con-

518 3781 772 3846 tendunt,
798 3795 911 3835 non
943 3778 1310 3849 intelligentes
1328 3778 1475 3848 quod
1503 3778 1710 3848 aliquid
1734 3794 1946 3844 eorum,
1974 3794 2096 3850 quae

513 3873 820 3928 necessaria
856 3881 1006 3938 sunt,
1038 3887 1135 3927 eos
1165 3878 1474 3942 praetereat.
1518 3869 1665 3924 Nihil
1709 3870 1856 3924 enim
1903 3885 2095 3924 eorum

513 3980 636 4034 qua:
691 3971 875 4019 creata
923 3971 1072 4029 sunt,
1129 3961 1389 4034 principii
1435 3975 1631 4032 expers
1676 3960 1844 4015 fuerit
1884 3959 2094 4016 ratione

515 4057 775 4126 temporis
805 4075 816 4109 :
839 4055 936 4110 sed
967 4055 1238 4126 quidquid
1257 4056 1315 4109 in
1340 4055 1663 4109 universum
1685 4052 1982 4108 essentiam
2001 4067 2093 4107 ac—

513 4147 682 4217 cepit,
731 4147 838 4200 hoc
865 4147 1029 4198 etiam
1058 4145 1392 4214 principium
1426 4145 1594 4198 habet
1612 4145 1738 4198 vita:
1766 4160 1830 4199 ac
1858 4145 2092 4199 dierum.

515 4238 779 4305 Quisnam
817 4236 1002 4304 itaque
1040 4236 1188 4290 beati
1228 4236 1384 4290 Pauli
1419 4248 1617 4304 scapus
1659 4235 1811 4289 fuit?
1853 4245 1950 4290 aut
1985 4252 2095 4304 quo

517 4335 676 4398 pacto
711 4347 728 4378 ι
759 4327 813 4380 in
846 4324 1259 4380 similitudinem
1301 4339 1365 4378 ac
1403 4336 1586 4395 typum
1611 4323 1814 4379 Christi
1845 4324 1886 4354 ¹¹
1915 4342 1934 4374 ›
1964 4323 2096 4378 Mel-

517 4417 774 4473 chisedec
811 4414 1046 4471 statuit?
1083 4414 1194 4485 Age
1235 4413 1424 4484 igitur.
1467 4412 1703 4468 abducto
1723 4412 2004 4467 intellectu
2028 4413 2096 4467 ab

2194 3233 2339 3286 ἐστιν
2379 3234 2438 3286 ἐν
2480 3232 2696 3303 οὐρανῷ
2739 3231 2951 3304 Πατὴρ,
2989 3233 3016 3286 ὁ
3047 3233 3183 3297 Θεός
3253 3236 3371 3289 Δεῖν
3403 3235 3460 3288 δὲ
3495 3231 3648 3305 οἶμαι
3675 3235 3777 3298 τὰς

2195 3324 2411 3386 εἰκόνας
2447 3322 2778 3393 γράφεσθαι,
2817 3325 2954 3396 πρὸς
2995 3325 3065 3379 τὰ
3097 3326 3403 3397 ἀρχέτυπα.
3448 3327 3663 3398 Ἐπειδὴ
3692 3329 3774 3393 δὲ,

2202 3434 2220 3466 ι
2266 3413 2414 3484 Μήτε
2443 3414 2617 3485 ἀρχὴν
2655 3414 2903 3485 ἡμερῶν,
2939 3417 3075 3488 μήτε
3106 3417 3251 3488 ζωῆς
3296 3419 3440 3490 ἔχειν
3487 3419 3640 3482 τέλος
3681 3420 3778 3474 τὸν

2189 3504 2528 3575 Μελχισεδὲκ
2565 3524 2584 3559 ι
2615 3508 2643 3560 ό
2678 3507 2964 3572 θεσπέσιος
2991 3509 3094 3580 ἔφη
3127 3511 3360 3576 Παῦλος,
3393 3515 3652 3584 ταύτῃτοι
3679 3514 3778 3566 καὶ

2194 3593 2425 3664 δύναμιν
2456 3594 2682 3666 λογικὴν
2708 3595 2803 3648 καὶ
2829 3597 2972 3666 ἱερου
2982 3597 3110 3667 ργδν
3136 3598 3402 3668 ὑπάρχειν
3437 3598 3620 3662 αὐτὸν,
3652 3597 3777 3652 δια-

2194 3685 2460 3738 τείνονταί
2489 3702 2551 3738 τε
2596 3686 2693 3740 καὶ
2722 3685 2973 3754 λέγουσιν
2995 3702 3011 3716 ⁸
3046 3688 3147 3742 οὐκ
3177 3689 3507 3754 ἐννοοῦντες,
3556 3688 3640 3742 ὅτι
3671 3698 3781 3743 πα-

2199 3776 2451 3847 ρατρέχει
2474 3795 2527 3832 τι
2566 3777 2672 3832 τῶν
2714 3778 3026 3848 ἀναγκαίων
3066 3778 3280 3844 αὐτούς.
3329 3779 3495 3833 Οὐδέν
3524 3779 3633 3850 γάρ
3664 3779 3781 3833 τῶν

2194 3867 2492 3922 τελούντων
2520 3869 2577 3922 ἐν
2603 3872 2871 3940 γενητοῖς,
2909 3871 3143 3942 ἄναρχον
3171 3871 3323 3924 ἔσται
3351 3872 3493 3924 κατὰ
3527 3871 3620 3925 τὸν
3641 3873 3777 3945 χρό-

2195 3975 2307 4014 νον.
2353 3959 2492 4012 Ἀλλ’
2558 3961 2770 4031 εῖτιπερ
2811 3961 2947 4025 ὅλως
2996 3962 3277 4033 παρῆκται
3326 3963 3465 4034 πρὸς
3516 3962 3778 4034 ὓπαρξιν,

2195 4047 2353 4104 τοῦτο
2385 4051 2480 4104 καὶ
2502 4051 2678 4122 ἀρχὴν
2706 4051 2820 4122 ἔχει
2853 4051 2999 4122 ζωῆς
3032 4053 3127 4106 καὶ
3160 4053 3402 4126 ἡμερῶν.
3436 4055 3533 4118 Τίς
3561 4051 3653 4108 οὖν
3668 4055 3781 4126 ἄρα

2196 4141 2274 4212 τῷ
2297 4143 2556 4214 μακαρίῳ
2585 4141 2783 4213 Παύλῳ
2809 4143 3000 4211 γέγονε
3023 4145 3224 4208 σκοπὸς
3245 4145 3338 4198 τοῦ
3362 4145 3523 4215 λόγου
3547 4165 3561 4214 ;
3597 4147 3631 4217 ἢ
3658 4147 3782 4210 πῶς

2203 4253 2222 4285 ι
2263 4235 2344 4298 είς
2374 4235 2544 4289 τύπον
2575 4236 2670 4290 καὶ
2711 4235 2972 4306 ὁμοίωσιν
3008 4237 3102 4291 τοῦ
3135 4238 3371 4310 Χριστοῦ
3422 4258 3441 4291 ι
3488 4239 3779 4310 παρέδειξε

2197 4323 2288 4376 τὸν
2318 4324 2683 4394 Μελχισεδέκ;
2712 4327 2832 4381 Τῶν
2859 4328 2917 4394 ἐξ
2941 4330 3276 4402 είκαιότητος
3314 4326 3408 4384 οῦν
3433 4331 3655 4385 ἐννοιῶν
3681 4332 3779 4384 τὸν

2199 4415 2325 4469 νοῦν
2346 4416 2775 4488 ἀποστήσαντες,
2799 4420 2932 4492 φέρε
2954 4422 3017 4493 δὴ
3047 4423 3181 4495 φέρε
3210 4422 3657 4496 διασκεψώμεθα,
3681 4427 3780 4479 καὶ

518 4510 620 4564 hac
664 4507 1002 4564 absurditate
1044 4505 1387 4576 opinionum,
1443 4505 1498 4560 id
1548 4504 1983 4571 consideremus,
2040 4514 2090 4560 et

2198 4506 2273 4572 ὡς
2301 4508 2380 4564 Evr.
2410 4509 2677 4581 λέγωμεν.

517 4600 696 4669 quoad
723 4599 842 4653 ﬁeri
868 4597 1070 4668 poterit
1102 4599 1367 4653 dicamus.

586 4689 639 4746 9.
679 4689 1099 4758 Paulusitaque,
1132 4698 1327 4759 utpote
1365 4689 1459 4759 qui
1493 4689 1668 4760 legem
1693 4691 1899 4760 optime
1937 4689 2102 4747 calle-

516 4781 627 4846 bat,
661 4795 772 4835 non
811 4778 1153 4849 simplicibus
1179 4781 1516 4850 argumentis
1562 4795 1686 4836 cum
1719 4780 1922 4836 Judmis
1970 4795 2097 4851 age-

520 4883 640 4940 aat;
681 4873 778 4929 sed
822 4871 1044 4943 scriptis
1089 4872 1358 4936 Mosaicis,
1406 4872 1610 4942 quibus
1654 4871 1949 4927 verisimile
1981 4881 2099 4927 erat

518 4967 662 5036 ipsos
688 4966 854 5019 etiam
893 4965 1147 5020 nolentes
1193 4978 1466 5025 cessuros,
1525 4963 1620 5033 qui
1663 4963 1880 5017 veritati
1922 4980 2085 5034 repu-

514 5072 679 5128 gnare
715 5068 930 5112 norant.
966 5056 1165 5112 Statuit
1205 5054 1390 5125 itaque
1436 5054 1801 5110 Melchisedec
1845 5054 1900 5108 in
1931 5055 2085 5109 simi-

514 5148 800 5205 litudinem
824 5164 887 5203 ac
919 5156 1103 5219 typum
1129 5143 1354 5212 Christi,
1384 5155 1671 5217 propterea
1704 5147 1849 5216 quod
1876 5147 2088 5200 dicatur

522 5260 541 5292 ι
584 5243 915 5312 rexjustitim
943 5241 1164 5311 etpacis
1195 5241 1256 5294 ⁸³.
1301 5259 1318 5290 ι
1361 5239 1632 5295 Convenit
1659 5239 1806 5295 enim
1851 5240 1956 5294 hoc
1985 5239 2083 5294 soli

516 5334 740 5404 mystica
763 5335 972 5389 ratione
1005 5331 1366 5389 Emmanueli.
1401 5331 1632 5388 Justitia:
1662 5332 1805 5386 enim
1844 5347 1907 5386 ac
1940 5331 2088 5402 pacis

516 5429 704 5475 auctor
731 5431 893 5491 atque
944 5424 1170 5493 largitor
1194 5423 1425 5478 effectus
1449 5430 1533 5477 est
1562 5421 1904 5476 mortalibus.
1943 5439 1959 5470 ι
1988 5421 2085 5475 Ju-

517 5512 732 5567 stiticati
755 5513 1024 5582 siquidem
1048 5531 1238 5570 sumus
1257 5532 1355 5586 per
1380 5518 1558 5587 ipsum
1587 5515 1679 5580 ⁸³,ι
1699 5529 1929 5570 excusso
1958 5529 2086 5583 pec-

517 5604 619 5660 cati
649 5605 797 5676 jugo.
833 5604 1122 5660 Consecuti
1153 5609 1315 5662 etiam
1352 5623 1541 5663 sumus
1572 5623 1758 5678 pacem
1783 5607 1850 5661 ad
1878 5615 2088 5677 patrem

2268 4684 2331 4738 θ’.
2366 4685 2702 4757 Νομομαθὴς
2724 4686 2808 4738 ῶν
2837 4687 2999 4757 ἄγαν,
3029 4691 3128 4744 οὐκ
3153 4688 3212 4754 ἐξ
3233 4689 3418 4744 ἁπλῶν
3442 4690 3663 4745 ἐννοιῶν
3685 4689 3786 4742 τὸν

2197 4777 2334 4848 πρὸς
2371 4778 2660 4842 Ἰουδαίους
2699 4783 2935 4834 ποιεῖται
2968 4781 3147 4850 λόγον,
3187 4783 3301 4837 ἀλλ’
3333 4785 3398 4836 ἐκ
3429 4784 3784 4855 γραμμάτων

2194 4869 2524 4935 Μωσαῖκῶν,
2543 4864 2624 4934 οἷς
2651 4865 2720 4941 ἦν
2743 4871 2888 4935 εἰκὸς
2911 4873 3005 4926 καὶ
3046 4874 3144 4944 οὐχ
3171 4877 3394 4939 ἑκόντας
3425 4877 3786 4947 παραχωρεῖν

2192 4962 2320 5023 τοὺς
2349 4963 2415 5031 τῇ
2442 4961 2674 5033 ἀληθείᾳ
2700 4961 2958 5031 πολεμεῖν
2985 4966 3316 5034 ἐγνωκότας.
3341 4967 3569 5039 Δέχεται
3598 4966 3788 5020 τοίνυν

2194 5052 2286 5105 τὸν
2332 5052 2664 5123 Μελχισεδὲκ
2710 5056 2790 5117 είς
2823 5056 3082 5124 ὁμοίωσιν
3134 5059 3255 5112 τότε
3285 5061 3379 5113 καὶ
3425 5060 3788 5112 ὑποτύπωσιν

2195 5143 2289 5197 τοῦ
2316 5145 2577 5215 Χριστοῦ,
2609 5146 2696 5200 διά
2722 5164 2805 5200 τοι
2833 5148 2892 5202 τὺ
2923 5149 3178 5219 λέγεσθαι
3205 5169 3224 5202 ι
3251 5151 3472 5222 βασιλέα
3499 5151 3787 5206 δικαιοσύ-

2194 5251 2313 5304 νης,
2345 5237 2438 5289 καὶ
2471 5237 2578 5308 μὴν
2612 5238 2705 5291 καὶ
2731 5239 2970 5311 εἰρήνης.
3012 5261 3030 5294 ι
3080 5242 3287 5313 Πρέποι
3317 5243 3425 5312 γάρ
3469 5242 3556 5309 ἂν,
3588 5238 3779 5311 οἶμαι,

2194 5330 2349 5383 ταυτὶ
2380 5329 2442 5399 δὴ
2481 5333 2627 5401 μόνῳ
2659 5331 2800 5385 κατὰ
2827 5331 2980 5401 λόγον
3011 5335 3099 5387 τὸν
3131 5335 3410 5405 μυστικὸν,
3439 5334 3518 5405 τῷ
3561 5335 3786 5404 Ἐμμα-

2194 5425 2374 5493 νουήλ.
2415 5426 2771 5499 Δικαιοσύνης
2808 5427 2918 5498 γὰρ
2955 5429 3050 5480 καὶ
3078 5431 3299 5502 εἰρήνης
3342 5430 3609 5500 πρύτανις
3671 5427 3786 5479 ἀν-

2194 5515 2412 5586 εδείχθη
2466 5520 2577 5581 τοῖς
2623 5519 2715 5572 ἐπὶ
2755 5519 2879 5589 γῆς.
2934 5539 2953 5570 ι
3009 5522 3116 5575 Καὶ
3157 5521 3554 5594 δεδικαιώμεθα
3587 5522 3684 5592 μὲν
3722 5522 3792 5574 ἐν

2195 5607 2365 5678 αὐτῷ,
2430 5627 2450 5660 ι
2499 5609 2558 5662 τὸ
2602 5609 2700 5680 τῆς
2748 5611 3020 5684 ἁμαρτίας
3079 5613 3242 5686 ἄχθος
3286 5613 3789 5687 ἀποπεμψάμενοι.

578 5783 620 5817 ¹⁰
655 5781 821 5839 Hebr.
859 5799 952 5850 vn,
979 5783 1028 5837 ὅ.
1109 5787 1146 5870 ’ξ
1185 5786 1321 5841 ibid.
1403 5789 1442 5820 ¹¹
1469 5788 1606 5843 ibid.
1642 5788 1694 5842 2.
1761 5790 1804 5820 ’³
1829 5789 1986 5844 Rom.
2025 5808 2088 5859 γ,

2206 5791 2225 5847 l
2249 5789 2372 5848 Cor.
2418 5806 2490 5863 vr,
2531 5789 2622 5849 21.
