4056 6260
363 251 468 310 £35

1387 243 1907 302 GLAPHYROBUM
1944 241 2009 297 IN
2049 238 2347 297 GENESlM
2391 239 2519 295 LIB.
2562 241 2626 295 ll.

3513 244 3613 301 l06

375 367 724 440 Ἐσχήκαμεν
753 367 813 420 δὲ
855 367 950 420 καὶ
986 365 1209 436 εἰρήνην
1254 363 1352 434 τὴν
1398 362 1535 434 πρὸς
1578 362 1669 415 τὸν
1717 360 1935 432 Πατέρα

2044 371 2102 411 ac
2128 357 2299 411 Deum
2320 355 2391 411 ab
2415 355 2762 411 immunditia
2787 369 3022 421 morum,
3053 371 3174 427 qua
3197 371 3299 414 nos
3324 357 3391 412 ab
3423 374 3490 414 eo
3526 359 3611 412 di-

367 457 462 512 καὶ
488 456 778 527 Θεὸν,,τὴν
810 455 1216 526 μεσολαϐοῦσάν
1243 471 1305 509 τε
1337 457 1432 509 καὶ
1470 453 1764 509 διιστῶσαν
1789 453 1937 524 ἡμᾶς

365 548 476 603 τῶν
495 550 715 620 τρόπων
751 547 1089 621 ἀκαθαρσίαν
1124 547 1542 618 ἀπονιψάμενοι,
1572 546 1849 617 meum
1876 561 1936 598 τε

369 636 562 708 ὥσπερ
602 624 752 708 αὐτῷ
786 636 877 690 διὰ
909 635 1255 706 πνεύματος·
1297 655 1318 689 ε
1361 637 1422 689 '0
1456 634 1564 706 γὰρ
1601 635 1939 704 κολλώμενος

375 727 447 800 τῷ
480 727 690 799 Κυρίῳ,
733 745 752 779 ι
787 729 972 797 φησὶν,
1012 747 1030 780 ι
1057 728 1116 780 ἓν
1136 726 1356 797 πνεῦμά
1388 729 1557 781 ἐστιν.
1590 746 1609 776 ι
1651 727 1806 780 Ἐστι
1831 725 1937 778 τοί-

371 834 464 869 νυν
494 817 632 871 κιτά
655 835 718 886 γε
745 819 843 887 τὴν
873 818 1099 873 Ἐλλάδα
1124 818 1326 890 φωνὴν,
1362 820 1538 889 Μελχὶ
1563 819 1682 888 μὲν,
1703 823 1735 872 ὀ
1755 819 1938 882 ,βασι-

372 907 509 972 λεύς
530 921 543 935 ο
573 905 733 960 Σεδὲκ
757 907 835 968 δὲ,
861 907 1234 976 δικαιοσύνη.
1250 909 1358 963 Καὶ
1379 909 1478 963 ῐδοι
1496 927 1580 972 τις
1610 909 1676 962 ἂν
1697 910 1786 962 τὸν
1797 909 1940 963 Μελ-

369 997 598 1066 χισεδὲκ,
629 998 704 1061 ὡς
736 1000 793 1051 ὲν
835 998 945 1070 ἰδίᾳ
974 999 1164 1070 κλήσει
1204 1001 1641 1070 πεπλουτηκότα,
1688 1000 1829 1053 κατά
1874 1016 1937 1068 γε

367 1088 462 1156 τὴν
503 1089 567 1141 ὲκ
601 1079 708 1142 τῶν
749 1091 1164 1162 σημαινομένων
1200 1091 1462 1160 δύναμιν,
1521 1091 1602 1158 τὸ,
1636 1091 1936 1156 ,ϐασιλεὺς

364 1181 778 1248 δικαιοσύνης.
815 1183 902 1235 Ἐν
925 1183 983 1236 δὲ
1003 1184 1100 1253 τῷ.
1116 1184 1421 1251 βασιλεὺς
1441 1185 1563 1256 ιῑρῆ
1573 1182 1934 1253 σθαιΣαλὴμ,

365 1273 660 1340 βασιλεὺς
705 1274 971 1343 εἰρήνης.
1023 1276 1269 1348 Ἥρμοσε
1314 1277 1378 1347 δὴ
1428 1272 1524 1330 οὖν
1571 1277 1601 1328 ὁ
1653 1273 1936 1336 Θεσπέσιος

366 1363 598 1428 Παῦλος,
631 1364 706 1430 ὠς
740 1365 798 1432 ἐξ
825 1364 1138 1436 ὁμοιώσεως
1163 1365 1263 1437 ἠδη
1303 1364 1509 1434 σαφοῦς
1533 1381 1593 1417 τε
1623 1362 1719 1417 καὶ
1754 1363 1938 1433 ἀμφα-

367 1454 486 1519 νοῦς
510 1455 603 1510 τοῦ
643 1455 1003 1526 Μελχισεδὲκ,
1029 1457 1099 1510 τά
1122 1456 1304 1510 τοιάδε
1339 1453 1580 1528 Χριστῷ.
1619 1453 1846 1523 Δέχεται
1881 1451 1938 1505 δι

365 1541 464 1612 τῆς
484 1543 623 1614 ὑπὲρ
639 1545 800 1613 νόμον
827 1542 1127 1615 ἱερωσύνης
1145 1542 1432 1614 σύμϐολον,
1454 1543 1516 1597 τὸ
1541 1541 1939 1612 κατευλογῆσαι

365 1632 457 1686 τὸν
502 1633 778 1705 Ἀδραάμ,
812 1630 953 1689 οἶνόν
981 1651 1041 1688 τε
1079 1634 1171 1696 καὶ
1191 1635 1394 1706 ἄρτους
1426 1633 1576 1704 αὺτῷ
1608 1634 1933 1705 παρασχεῖν.

2039 447 2272 502 timebat
2297 454 2461 516 atque
2481 445 2820 517 sejungebat,
2864 445 3035 500 abluti
3078 454 3134 501 et
3169 447 3308 503 uniti
3344 447 3613 521 quodam-

2038 534 2202 591 modo
2227 535 2332 606 ipsi
2352 550 2452 606 per
2473 536 2728 606 spiritum
2772 552 2785 589 :
2823 554 2842 588 ι
2872 536 3007 603 Qui»
3027 538 3175 593 enim
3207 558 3225 590 ι
3251 539 3482 593 Domino
3514 539 3613 592 ad-

2037 627 2226 690 haeret,
2265 644 2282 677 ι
2314 625 2493 696 inquit
2515 626 2681 690 idem,
2715 644 2733 678 ι
2770 642 2912 681 unus
2936 628 3162 696 spiritus
3178 638 3261 683 est
3283 631 3344 683 ".
3372 648 3388 674 ι
3422 629 3614 683 Melchi

2036 721 2222 792 igitur,
2253 721 2297 775 si
2345 720 2530 776 Greece
2575 720 2809 784 reddas,
2858 737 3031 792 regem
3096 722 3383 792 signiﬁcat,
3412 706 3414 708 V
3441 722 3616 777 Sedcc

2036 826 2172 865 vero
2191 812 2484 882 justitiam.
2536 811 2827 882 Faeileque
2861 811 2985 882 quis
3039 813 3437 870 animadvertat
3484 829 3613 884 pro-

2037 903 2213 972 priam
2248 916 2400 956 suam
2439 901 2860 972 appellationem
2898 913 3115 957 nactum
3138 944 3151 968 ,
3185 905 3340 974 juxta
3370 903 3479 957 vim
3518 918 3613 959 eo—

2038 1008 2161 1047 rum
2200 1008 2321 1062 quc
2363 993 2772 1064 signiﬁcantur,
2819 1010 2911 1046 rex
2935 995 3160 1063 justitiw
3191 1012 3209 1049 :
3252 995 3304 1049 in
3339 1010 3405 1049 eo
3433 1005 3613 1049 autem

2038 1083 2184 1152 quod
2227 1083 2409 1137 dictus
2457 1083 2529 1137 sit
2558 1100 2649 1137 rex
2694 1081 2893 1146 Safcm,
2963 1100 3055 1138 rex
3101 1085 3243 1154 pacis
3275 1086 3338 1136 ".
3396 1086 3616 1157 Aptavit

2039 1173 2222 1243 itaque
2255 1174 2474 1228 divinus
2514 1175 2714 1228 Paulus
2745 1174 2861 1228 lucc
2896 1189 2961 1229 ex
2987 1174 3342 1230 similitudine
3377 1177 3520 1229 clara
3553 1191 3615 1228 ac

2039 1264 2324 1320 manifesta
2351 1265 2708 1320 Melchisedcc
2734 1265 2971 1321 Christo.
3009 1266 3209 1322 Statuit
3250 1274 3431 1322 autem
3472 1284 3616 1339 sym-

2038 1355 2224 1411 bolum
2263 1357 2377 1412 slve
2425 1365 2614 1428 typum
2650 1357 2940 1412 sacerdotii
2988 1359 3403 1428 praestantioris,
3449 1376 3613 1430 quam

2037 1454 2122 1501 est
2147 1447 2337 1517 legale,
2360 1447 2802 1502 benedictionem
2834 1449 3066 1505 Abrahae
3095 1451 3312 1516 factam,
3336 1452 3443 1523 62
3471 1452 3614 1507 vini—

2038 1549 2146 1605 que
2167 1543 2224 1589 et
2252 1551 2453 1605 panum
2470 1536 2825 1591 oblationem.
2863 1537 3052 1609 Neque
3081 1536 3230 1595 enim
3262 1541 3367 1597 alia
3404 1541 3616 1597 ratione

2038 1625 2312 1681 benedicti
2334 1641 2524 1681 sumus
2544 1627 2828 1689 aChristo,
2858 1643 3055 1698 magno
3071 1645 3134 1685 ac
3155 1646 3288 1685 vero
3310 1632 3614 1688 sacerdote.

371 1692 776 1793 Ebkoyoﬁpeﬂu-
796 1725 903 1797 γὰρ
943 1727 1041 1796 οὐχ
1083 1692 1285 1795 ἀτέρῶς
1334 1692 1490 1797 παρά
1540 1692 1937 1796 limo-toﬁ,qu

2044 1716 2317 1772 Benedicti
2341 1733 2474 1774 vero
2501 1733 2694 1773 sumus
2707 1719 2931 1788 perinde
2951 1692 3117 1790 atque
3145 1717 3442 1789 Abraham,
3467 1723 3619 1794 prin.

372 1813 609 1884 μεγάλου
630 1832 688 1868 τε
716 1815 808 1869 καὶ
825 1815 1058 1887 ἀληθοῦς
1087 1816 1296 1887 ἱερέως.
1321 1815 1558 1884 Εὐλογού
1569 1817 1702 1886 μεθα
1719 1815 1775 1869 δὲ
1797 1814 1941 1870 κατά

369 1903 458 1956 τὸν
486 1902 767 1958 θεσπέσιον
810 1905 1084 1976 Ἁϐραάμ,
1129 1905 1531 1983 εὐσθενέστατα
1561 1905 1942 1978 καταγωνισά-

372 2010 522 2062 μενοι
559 1995 683 2057 τοὺς
705 1995 977 2065 ἄρχοντας
1007 1996 1101 2049 τοῦ
1123 1996 1320 2060 αἰῶνος
1346 1996 1559 2061 τούτου,
1595 1997 1803 2067 καὶτῆς
1834 1995 1940 2050 τῶν

372 2083 645 2154 πολεμίων
671 2086 852 2155 χειρὸς
887 2085 1143 2155 ἀμείνους
1169 2086 1629 2157 ἀναδεικνύμενα,
1682 2088 1774 2140 καὶ
1807 2086 1940 2156 μηδι

375 2174 492 2236 ενδς
526 2173 634 2227 τῶν
677 2176 737 2228 ὲν
773 2176 963 2245 κόσμῳ
987 2175 1327 2246 δεδεημένοι·
1375 2176 1609 2238 πλοῦτον,
1642 2176 1699 2231 δὲ
1740 2177 1940 2247 μᾶλλον

375 2264 666 2335 ἡγούμενοι
691 2266 881 2338 νοητὸν
909 2265 976 2319 τά
1001 2266 1149 2336 παρά
1177 2266 1333 2333 Θεοῦ,
1371 2268 1463 2324 καὶ
1491 2267 1592 2339 τὴν
1614 2268 1815 2322 εὐκλεᾶ
1847 2269 1938 2321 καὶ

262 2372 265 2375 ‘
373 2357 684 2428 ἀμάραντον
707 2357 816 2410 τῶν
830 2357 1037 2411 ἀνωθεν
1049 2359 1401 2430 χαρισμάτων
1422 2361 1706 2431 διανομήν.
1738 2360 1940 2413 Ἐννόει

369 2445 477 2515 γὰρ
502 2447 584 2502 ὅτι
608 2446 930 2518 νενικηκότα
957 2446 1049 2502 τὸν
1100 2447 1371 2520 ’Δὸραάμ,
1403 2451 1498 2504 καὶ
1531 2449 1939 2521 ὑποστρέφοντα

373 2537 470 2607 μὲν
499 2537 564 2590 ὲκ
605 2538 705 2607 τῆς
739 2541 912 2610 κοπῆς
952 2537 1062 2592 τῶν
1100 2538 1386 2609 βασιλέων,
1421 2537 1566 2594 καθά
1605 2539 1937 2610 γέγραπται,

373 2631 472 2682 οὐκ
493 2628 804 2694 ἀξιώσαντα
830 2629 887 2684 δέ
915 2646 968 2685 τι
994 2629 1146 2701 παρά
1174 2630 1268 2683 τοῦ
1295 2629 1540 2715 Σοδόμων
1569 2629 1829 2700 ἄρχοντος
1859 2630 1938 2692 εἰς

373 2719 505 2779 ἰδίαν
529 2720 721 2791 κτῆσιν
754 2721 916 2786 ἑλεῖν,
943 2721 1205 2791 εὐλόγησε
1230 2721 1320 2775 τὸν
1349 2720 1700 2792 Μελχισεδέκ.
1754 2719 1812 2772 '0
1842 2719 1941 2790 μὲν

368 2807 475 2879 γὰρ
504 2808 806 2880 Σοδομιτῶν
827 2807 1241 2881 ἡγούμενος,ὡ;
1263 2801 1667 2878 νενικηκότιτῷ
1682 2806 1941 2878 Ἀϐραὰμ

377 2898 600 2968 ἔφασκε*
653 2919 672 2953 ι
706 2901 805 2964 Δός
835 2919 927 2973 μοι
965 2902 1091 2964 τοὺς
1132 2901 1352 2973 ἄνδρας,
1384 2900 1482 2972 τὴν
1513 2901 1571 2955 δὲ
1610 2902 1775 2955 ἵππον
1807 2899 1939 2954 λάϐε

377 2987 584 3059 σεαυτῷ
609 3006 654 3040 ·›
687 2992 715 3043 ὀ
750 2991 809 3043 δὲ
849 2991 1074 3060 μηδενὸς
1119 2989 1229 3044 τῶν
1269 2990 1481 3044 ἐκείνου
1530 2988 1941 3060 μεταποιεῖσθαι

377 3079 723 3149 διεγνωκὼς,
784 3099 804 3132 ι
864 3081 1131 3147 Ἐκτενῶ,
1207 3081 1371 3151 φησὶ,
1439 3079 1539 3150 τὴν
1608 3079 1768 3149 χεῖρά
1838 3095 1938 3148 μου

374 3173 515 3245 πρὸς
540 3172 629 3226 τὸν
649 3173 779 3226 Θεὸν
799 3174 889 3226 τὸν
912 3172 1227 3244 ὕψιστονῶς
1258 3172 1442 3226 ἔκτισε
1469 3171 1562 3226 τὸν
1587 3170 1815 3241 οὐρανὸν
1845 3169 1941 3223 καὶ

369 3265 471 3338 τὴν
495 3266 619 3336 γῆν,
653 3268 699 3319 εὶ
733 3265 841 3318 ἀπὸ
874 3265 1135 3336 σπαρτίου
1174 3265 1279 3329 ἓως
1328 3263 1709 3334 σφαιρωτῆρος
1747 3262 1940 3332 ὑποδή.

368 3374 540 3427 ματος
571 3356 807 3428 λήψομαι
836 3356 943 3410 ἀπὸ
979 3357 1196 3410 πάντων
1234 3355 1342 3409 τῶν
1372 3355 1501 3418 σῶν,
1530 3354 1616 3408 ἵνα
1646 3353 1720 3425 μὴ
1756 3352 1936 3423 εἴπῃςσ

379 3443 527 3514 Ἐγὼ
581 3443 879 3498 ὲπλούτισα
907 3444 998 3497 τὸν
1039 3444 1313 3516 Ἀϐραάμ.
1341 3462 1359 3495 ι
1381 3443 1605 3514 Χαίρειν
1623 3442 1731 3514 γάρ
1766 3442 1939 3510 ἁγίοις

358 3532 492 3600 ἔθος
528 3536 628 3589 οὒκ
668 3536 761 3588 ἐπὶ
779 3533 992 3606 πλούτῳ
1019 3535 1288 3606 κοσμικᾷ.
1318 3534 1732 3605 Κεκρατηκότες
1762 3535 1940 3588 τοίνυν

355 3625 581 3698 ὁρατῶν
606 3643 663 3679 τε
690 3627 784 3681 καὶ
799 3627 1047 3698 ἀοράτων
1065 3625 1296 3700 ἐχθρῶν,
1325 3626 1418 3680 καὶ
1433 3625 1586 3680 οὐδὲν
1606 3626 1714 3680 ἀπὸ
1733 3625 1938 3696 κόσμου

354 3715 667 3788 δεχόμενοι,
706 3716 972 3787 τιμῶντες
1005 3716 1063 3770 δὲ
1098 3717 1298 3786 μᾶλλον
1329 3716 1418 3770 τὸν
1449 3716 1654 3771 ἀνωθεν
1692 3716 1939 3782 πλοῦτον,

350 3805 740 3877 εὐλογούμεθα
765 3803 1129 3876 διάΧριστοῦ,
1159 3805 1252 3860 τοῦ
1273 3805 1372 3876 τῆς
1405 3807 1625 3877 εξρήνης
1657 3807 1938 3876 βασιλέως.

348 3894 755 3964 Εὐλογούμεθα
802 3895 880 3960 δὲ,
924 3895 1093 3960 ξένιον
1129 3894 1319 3966 ὥσπερ
1357 3895 1610 3966 οὐρανοῦ,
1658 3897 1752 3948 καὶ
1795 3895 1941 3966 ζωῆς

343 3987 583 4056 ἑφόδιον
609 3985 973 4056 δεχόμενοιτά
1008 3985 1265 4057 μυστικά.
1297 3985 1612 4058 Σεσιγήσθω
1641 3986 1750 4055 γὰρ
1783 3985 1940 4046 τέως,

341 4078 403 4130 εἰ
443 4074 630 4127 δοκεῖ·
670 4074 1042 4144 εὑλογούμεθα
1070 4074 1127 4128 δὲ
1160 4074 1311 4149 ποιρά
1366 4075 1604 4147 Χριστοῦ
1666 4074 1762 4127 καὶ
1806 4090 1944 4145 πρε-

341 4163 584 4230 σϐείαις
609 4169 726 4230 ταῖς
752 4167 891 4238 ὑπὲρ
907 4167 1067 4238 ᾑμῶν
1097 4167 1232 4239 πρὸς
1263 4168 1353 4220 τὸν
1379 4167 1520 4221 Πατὲ
1531 4183 1617 4236 ρα.
1635 4166 1692 4217 '0
1716 4165 1815 4235 μὲν
1836 4164 1944 4233 γὰρ

336 4256 709 4328 Μελχισεδὲκ
771 4258 979 4326 εὐλόγει
1031 4259 1121 4312 τὸν
1185 4257 1471 4328 Ἀϐραὰμ,
1539 4256 1680 4311 οὕτω
1732 4256 1940 4326 λέγων’

2039 1807 2252 1878 cipibus
2284 1809 2468 1863 saeculi
2490 1808 2655 1880 hujus
2672 1809 2966 1865 fortissime
2998 1811 3308 1878 debellatis,
3335 1822 3392 1869 et
3425 1814 3619 1870 adver-

2039 1900 2202 1954 sariis
2229 1900 2543 1970 superiores
2575 1900 2856 1966 declarati,
2891 1902 3207 1973 nulliusque
3243 1918 3458 1968 eorum,
3495 1920 3618 1975 quae

2041 1990 2097 2046 in
2138 1991 2346 2048 mundo
2369 2000 2518 2056 sunt,
2563 1999 2807 2062 egentes,
2849 2001 2904 2047 at
2926 2009 3059 2049 vero
3115 1996 3301 2065 potius
3339 1997 3617 2067 spiritales

2039 2083 2261 2140 divitias
2291 2093 2578 2140 censentes
2636 2098 2700 2137 ea
2749 2100 2874 2160 quae
2909 2086 3005 2140 Dei
3035 2096 3185 2150 sunt,
3227 2096 3283 2143 et
3325 2090 3616 2158 gloriosam

2040 2184 2201 2246 atque
2233 2175 2740 2230 immarcescibilem
2764 2191 3129 2247 supernorum
3160 2179 3428 2237 donorum
3450 2180 3617 2253 largi-

2041 2266 2263 2321 tionem.
2302 2266 2687 2321 Animadverte
2719 2266 2867 2321 enim
2889 2268 3036 2338 quod
3083 2270 3277 2324 victori
3319 2270 3615 2335 Abraham,

2039 2367 2096 2414 et
2115 2357 2364 2413 redeunti
2391 2373 2422 2412 a
2452 2356 2599 2412 caede
2628 2371 2839 2428 regum,
2867 2359 3010 2413 sicut
3053 2360 3316 2430 scriptum
3348 2369 3433 2416 est
3459 2362 3521 2426 ",
3563 2373 3618 2419 et

2040 2449 2353 2520 dedignanti
2375 2448 2673 2519 quidquam
2710 2463 2741 2504 a
2766 2449 3012 2519 principe
3045 2449 3405 2506 Sodomorum
3440 2454 3615 2524 possi-

2041 2538 2278 2597 dendum
2307 2542 2576 2611 accipere,
2609 2540 2892 2596 benedixit
2921 2540 3302 2597 Melchisedcc.
3328 2543 3439 2598 Rex
3469 2546 3615 2599 enim

2042 2633 2407 2689 Sodomorum
2452 2634 2649 2690 victori
2698 2633 2928 2689 Abrahae
2967 2635 3105 2689 dixit
3133 2652 3145 2689 :
3181 2655 3198 2685 ι
3231 2637 3305 2690 Da
3335 2637 3471 2691 mihi
3502 2638 3620 2692 ani-

2042 2739 2179 2789 mas,
2203 2710 2507 2796 equitatum
2533 2740 2662 2780 vero
2697 2725 2796 2780 tibi
2840 2725 3025 2794 accipe
3047 2727 3112 2778 ".
3151 2746 3167 2776 ι
3191 2725 3310 2794 Ipse
3331 2743 3462 2781 vero
3481 2727 3618 2782 nihil

2041 2831 2233 2870 eorum
2259 2831 2381 2886 qua:
2409 2817 2557 2887 regis
2585 2815 2948 2870 Sodomorum
2964 2824 3143 2879 erant,
3170 2815 3274 2870 sibi
3300 2817 3615 2872 vindicans:

2052 2927 2070 2958 ι
2125 2908 2465 2971 Extendam,
2535 2908 2744 2978 inquit,
2816 2921 3036 2962 manum
3087 2922 3263 2961 meam
3315 2908 3382 2959 ad
3448 2909 3617 2963 Deum

2043 2996 2389 3059 altissimum,
2425 2995 2519 3065 qui
2559 2995 2765 3049 creavit
2795 2993 2990 3046 cmlum
3033 3007 3095 3046 ac
3121 3001 3343 3057 terram,
3383 2994 3428 3047 si
3471 3008 3500 3047 a
3530 2995 3620 3049 filo

2045 3083 2408 3154 subtegminis
2439 3098 2613 3152 usque
2643 3082 2709 3135 ad
2744 3080 3033 3150 corrigiam
3072 3080 3242 3135 calcei
3265 3096 3528 3152 accepero
3551 3098 3620 3138 ex

2045 3174 2304 3228 omnibus
2325 3174 2453 3238 tuis,
2482 3179 2544 3227 ut
2563 3187 2671 3227 non
2696 3171 2876 3226 dicas:
2896 3171 3009 3243 Ego
3034 3171 3203 3228 (litavi
3223 3172 3498 3228 Abraham
3519 3172 3612 3229 ⁸⁸.»

2044 3265 2233 3334 Neque
2280 3264 2429 3320 enim
2481 3270 2795 3319 sanctorum
2831 3264 3168 3319 consuetudo
3214 3273 3301 3320 est
3329 3266 3621 3321 mundanis

2045 3357 2255 3412 divitiis
2283 3356 2536 3427 gaudere.
2588 3355 2833 3411 Victores
2863 3355 3044 3426 itaque
3073 3357 3373 3412 visibilium
3414 3358 3621 3427 pariter

2045 3456 2100 3501 et
2126 3447 2481 3501 invisibilium
2516 3446 2884 3509 inimicorum,
2915 3462 3094 3516 neque
3116 3447 3415 3518 quidquam
3457 3464 3621 3504 mun~

2046 3537 2248 3592 danum
2280 3537 2649 3601 admittentes,
2680 3545 2735 3592 at
2764 3536 2946 3607 potius
2973 3552 3237 3608 supernas
3274 3538 3494 3595 divitias
3533 3556 3625 3595 su-

2045 3629 2364 3698 spicientes,
2406 3627 2786 3683 benedicimur
2823 3644 2854 3682 a
2885 3627 3103 3683 Christo
3152 3630 3304 3699 pacis
3337 3647 3485 3701 rege.
3517 3631 3621 3686 Bc»

2046 3718 2354 3772 nedicimur
2383 3725 2585 3781 autem,
2619 3726 2879 3786 tanquam
2901 3717 3106 3772 donum
3124 3719 3246 3772 (εωιί
3279 3725 3336 3770 et
3361 3718 3621 3771 viaticum
3654 3764 3657 3765 ν

2047 3808 2172 3863 vita
2219 3808 2583 3877 suscipientes
2623 3823 2688 3862 ea
2740 3822 2863 3876 quae
2924 3809 3151 3877 mystica
3206 3814 3371 3873 atque
3425 3821 3624 3862 arcana

2048 3892 2195 3952 sunt.
2225 3897 2520 3970 ‘Taceatur,
2549 3897 2594 3948 si
2633 3896 2852 3949 videtur
2873 3934 2885 3956 ,
2921 3895 3205 3963 tantisper.
3240 3892 3624 3950 Benedicimur

2048 4002 2179 4040 vero
2205 4002 2236 4040 a
2264 3985 2483 4040 Christo
2519 3992 2576 4036 et
2602 3982 3078 4051 deprecationibus
3097 3997 3195 4052 pro
3225 3981 3386 4037 nobis
3423 3983 3489 4037 ad
3529 3984 3624 4039 Pa-

2053 4083 2209 4130 trem.
2266 4074 2628 4131 Melchisedcc
2673 4075 2820 4129 enim
2887 4074 3167 4130 benedixit
3208 4074 3471 4138 Abrahtc,
3521 4074 3625 4130 hoc

2050 4177 2248 4237 pacto:
2295 4187 2313 4221 ‹
2343 4166 2670 4224 Benedictus
2708 4167 2856 4222 Deus
2891 4165 3220 4231 altissimus,
3264 4167 3357 4237 qui
3401 4167 3621 4222 tradidit

2052 4259 2304 4314 inimicos
2320 4267 2442 4313 tuos
2470 4259 2718 4333 captivos
2747 4257 2843 4311 tibi
2879 4258 2942 4310 ιθ.
2986 4276 3004 4308 ι
3040 4257 3307 4311 Dominus
3337 4272 3468 4312 vero
3519 4270 3618 4312 no-

342 4373 366 4405 ε
417 4349 744 4418 Εὐλογητὸς
774 4351 803 4402 ὁ
831 4349 963 4412 Θεὸς
985 4350 1012 4400 ὁ
1029 4349 1270 4420 ῦψιστος,
1294 4350 1352 4413 ὃς
1381 4348 1550 4402 ἔδωκε
1572 4351 1698 4413 τοὺς
1718 4349 1941 4422 ἐχθρούς

2050 4361 2164 4406 ster
2195 4351 2355 4407 Jesns
2407 4350 2683 4415 Christus,
2753 4351 3001 4405 omnium
3067 4362 3314 4405 nostrum
3362 4351 3626 4421 prepilia--

332 4461 455 4497 σου
513 4438 864 4510 ὑποχειρίους
898 4457 999 4494 σοι.
1037 4460 1056 4494 ι
1105 4441 1161 4496 '0
1198 4442 1255 4495 δὲ
1283 4440 1487 4511 Κύριος
1524 4440 1684 4512 ἡμῶν
1739 4441 1946 4509 Ἰησοῦς

324 4527 630 4601 Χριστὸς,
655 4526 714 4581 τὸ
739 4526 953 4581 πάντων
986 4529 1142 4600 ἡμῶν
1182 4530 1520 4600 ἱλαστήριον,
1541 4548 1560 4581 ι
1587 4530 1766 4600 Πάτερ
1801 4530 1948 4598 ἅγιε,

329 4623 524 4694 φησὶ,
581 4623 819 4694 τήρησον
862 4621 1057 4684 αὐτοὺς
1094 4621 1151 4674 ὲν
1186 4623 1253 4691 τῇ
1290 4621 1521 4692 ἀληθείᾳ
1547 4638 1662 4675 σου.
1697 4641 1714 4674 ι
1741 4622 1951 4675 Οὐκοῦν

323 4715 444 4771 καὶ
480 4715 558 4766 ἐκ
584 4712 682 4782 τῆς
704 4711 811 4765 τῶν
835 4712 1114 4782 ὀνομάτων
1138 4711 1434 4783 ἑρμηνείας
1456 4712 1691 4784 ἁρπάζει
1721 4712 1781 4765 τὸ
1814 4713 1952 4782 χρή-

325 4821 553 4883 τιμον,
577 4807 658 4870 εἰς
685 4806 1033 4860 ὑποτύπωσιν
1061 4805 1154 4859 τοῦ
1175 4805 1432 4877 Χριστοῦ.
1457 4805 1568 4860 Καὶ
1593 4805 1754 4858 αὐτὸν
1775 4805 1831 4858 δὲ
1852 4805 1951 4873 τῆς

322 4895 676 4975 ἱερωσύνης
694 4897 796 4959 ,τὸν
822 4897 1042 4969 τρόπον,
1061 4898 1142 4961 εἰς
1159 4897 1474 4966 παράδειξιν
1502 4895 1596 4948 τοῦ
1628 4895 1951 4966 πράγματος

322 4992 613 5049 ἐποιεῖτο
639 4989 808 5059 σαφῆ.
847 5007 866 5039 ι
912 4988 1150 5059 Ἀρτους
1188 4987 1296 5059 γὰρ
1335 4987 1430 5041 καὶ
1460 4983 1603 5041 οἶνον
1637 4987 1956 5059 ἐξεκόμιζεν

316 5085 354 5138 ὁ
385 5077 800 5149 Μελχισεδέκ,
823 5095 842 5129 ι
871 5077 994 5130 ’Ὁτι
1014 5077 1073 5130 δὲ
1095 5077 1328 5145 ἀπάτωρ
1356 5077 1640 5147 ῆάμήτωρ
1663 5071 1752 5147 ἦν,
1787 5077 1954 5147 ἤγουν

318 5168 820 5243 ἀγενεαλόγητος.
860 5169 894 5239 ἢ
927 5167 1100 5240 ἀρχὴν
1143 5167 1386 5238 ἡμερῶν.
1427 5167 1460 5238 ἡ
1495 5168 1648 5232 τέλος
1681 5167 1825 5237 ζωῆς
1850 5168 1953 5222 οὐκ

317 5268 493 5340 ἔχων
522 5264 559 5317 ὁ
586 5261 944 5332 Μελχισεδὲκ,
961 5261 1196 5332 οὐδαμοῦ
1219 5261 1594 5332 διαμεμήνυκε
1629 5259 1690 5314 τὸ
1712 5260 1949 5330 Γράμμα

311 5357 394 5427 τὸ
438 5353 639 5428 ἱερὸν.
676 5352 1051 5422 Πεφενάκικεν
1083 5347 1175 5406 οῦν
1209 5351 1336 5424 ἄρα,
1370 5351 1504 5422 φαίη
1536 5367 1618 5414 τις
1644 5350 1708 5404 ἂν
1744 5350 1892 5414 ἴσως,
1921 5349 1949 5400 ὁ

404 5556 461 5588 ⁸⁸
492 5551 517 5607 ῐ
554 5547 692 5603 Cor.
730 5548 919 5610 η,17.
997 5550 1038 5581 ³⁵
1066 5549 1233 5604 Hebr.
1276 5566 1367 5612 vn,
1408 5549 1461 5601 9.
1532 5546 1573 5579 ¹¹
1609 5545 1743 5599 Gen.
1783 5562 1890 5608 xw,
1929 5543 1941 5595 l

2073 5544 2108 5572 ’⁷
2138 5541 2273 5596 Ibid.
2310 5541 2397 5594 Ἡ.

311 5639 476 5689 xv",
519 5619 624 5675 ll.
706 5618 748 5648 “
785 5617 922 5673 Gen.
956 5634 1064 5682 xxv,
1098 5620 1196 5683 l8;
1231 5620 1398 5673 Hebr.
1457 5633 1546 5679 vu,
1582 5617 1686 5667 1-5.

617 5710 894 5771 ΡΑτιιοι..
941 5712 1056 5771 Gn.
1102 5713 1277 5771 LXIX
1293 5755 1307 5772 .

2050 4443 2146 4506 tio,
2195 4462 2212 4494 ι
2250 4444 2409 4497 Pater
2452 4450 2659 4505 sancte,
2716 4442 2912 4511 inquit,
2961 4456 3118 4496 serva
3165 4456 3260 4497 eos
3301 4441 3357 4495 in
3395 4442 3660 4496 veritate

2051 4543 2143 4588 tua
2167 4534 2235 4586 2°.
2278 4553 2295 4582 ι
2345 4533 2424 4586 Ex
2447 4533 2565 4601 ipsa
2624 4532 2790 4601 igitur
2832 4531 3113 4586 nominum
3168 4531 3623 4602 interpretatione

2051 4625 2193 4693 rapit
2222 4624 2276 4678 id
2309 4623 2457 4693 quod
2511 4623 2578 4677 ad
2602 4621 2941 4693 ﬁgurandum
2957 4621 3236 4678 Christum
3261 4621 3408 4677 facit.
3442 4622 3625 4692 Ipsum

2049 4715 2212 4769 etiam
2245 4714 2535 4769 sacerdotii
2565 4712 2789 4769 modum
2820 4713 2874 4767 in
2892 4713 3198 4782 exemplum
3222 4713 3300 4767 rei
3339 4712 3624 4766 manifeste

2052 4805 2124 4858 ob
2146 4805 2334 4860 oculos
2375 4804 2576 4875 posuit.
2628 4822 2647 4855 ι
2679 4804 2855 4859 Panes
2883 4803 3028 4858 enim
3077 4812 3134 4857 et
3184 4802 3371 4855 vinum
3426 4800 3626 4853 obtulit

2056 4894 2490 4950 Melehisedec".
2520 4914 2538 4946 ι
2578 4892 2733 4960 Quod
2760 4909 2890 4948 vero
2922 4900 3074 4962 patre
3104 4906 3168 4945 ac
3193 4898 3366 4943 matre
3388 4894 3621 4950 careret,

2054 4986 2282 5056 ejusque
2326 4985 2640 5056 genealogia
2672 4985 3051 5055 ignoraretur,
3097 4981 3182 5036 vel
3213 4980 3360 5050 quod
3412 4979 3623 5050 princi-

2056 5077 2206 5146 pium
2233 5077 2469 5140 dierum,
2487 5084 2582 5130 aut
2613 5076 2738 5130 vita:
2757 5075 2920 5129 tinem
2949 5087 3060 5127 non
3090 5071 3317 5126 haberet
3338 5069 3624 5124 Melchise-

2057 5167 2179 5233 dec,
2209 5184 2364 5224 sacra
2402 5169 2685 5238 Scriptura
2728 5181 2996 5236 nusquam
3025 5172 3273 5219 testatur.
3310 5161 3502 5214 Falsus
3528 5160 3631 5215 ita-

2055 5271 2163 5325 que
2195 5264 2280 5312 est
2307 5256 2473 5328 (dicat
2500 5256 2727 5310 fortasse
2761 5253 2979 5324 aliquis)
3015 5251 3237 5307 divinus
3257 5249 3477 5304 Paulus.
3505 5249 3624 5304 Non

2053 5349 2163 5419 63
2199 5350 2302 5403 hoc
2331 5348 2566 5402 dicimus
2592 5365 2603 5400 :
2629 5346 2804 5400 absit!
2848 5344 3140 5399 Veritatem
3166 5340 3314 5395 enim
3359 5340 3622 5410 loquitur.

2482 5539 2520 5568 ”‘
2544 5537 2677 5590 Ibid.
2711 5537 2796 5600 ‘22,
2832 5537 2919 5590 ‘23.

2998 5537 3035 5567 ³³
3064 5535 3200 5590 lhid.
3229 5535 3315 5590 20.
3396 5535 3440 5568 ”
3461 5536 3618 5591 Joan.

3231 5698 3264 5762 ι
