4056 6260
504 265 605 323 {07

1514 264 1572 319 S.
1610 263 1888 319 CYRILLI
1930 261 2396 318 ALEXANDRINI
2433 260 2747 318 ARCHIEP.

3644 270 3744 327 108

500 387 570 441 At
600 383 805 456 potius,
832 381 1158 439 artiﬁciosus
1201 382 1494 437 admodum
1529 396 1809 438 sacrorum
1865 391 2068 453 myste-

2175 381 2457 443 θεσπέσιος
2489 379 2724 444 Παῦλος.
2758 380 2832 435 Ού
2860 380 3019 435 τοῦτό
3056 397 3258 453 φαμεν,
3292 382 3368 456 μή
3397 383 3630 453 γένοιτοο
3652 385 3748 441 λα-

504 476 712 531 riorum
745 475 1032 545 interpres,
1056 473 1245 529 statuit
1265 473 1432 528 etiam
1458 473 1851 529 meonomicam
1869 474 2069 529 horum

502 566 869 622 narrationem
911 565 967 620 in
1012 573 1198 635 typum
1236 563 1423 636 gloria:
1470 564 1863 620 Emmanuelis.
1912 562 2071 631 Quod

501 657 648 711 enim
679 655 932 711 sacerdos
964 655 1142 711 solum
1175 663 1298 711 erat
1311 655 1694 720 Melchisedec,
1727 669 1881 711 sacra
1910 655 2071 711 nobis

502 744 784 814 Scriptura
804 741 1064 807 declarat,
1087 758 1259 814 genus
1282 758 1396 799 non
1419 758 1730 810 recensens,
1767 760 1946 814 neque
1962 760 2072 815 quo

500 843 653 903 patre
674 840 770 887 aut
806 842 982 887 matre
1005 840 1169 887 natus
1216 833 1306 897 sit,
1346 833 1442 888 sed
1474 848 1653 903 neque
1707 832 1777 887 ad
1805 840 2071 903 quantum

498 939 764 978 annorum
786 939 1079 979 numerum
1104 925 1446 994 pervenerit,
1475 934 1574 980 aut
1598 923 1787 995 quales
1813 924 2073 979 habuerit

499 1011 791 1067 sacerdotii
815 1013 1211 1081 successiones,
1242 1022 1588 1071 enarrantem
1611 1012 1879 1069 invenias.
1906 1013 2072 1083 Figu-

501 1112 616 1158 rate
645 1104 831 1175 itaque
859 1091 1020 1162 nobis
1038 1105 1282 1178 depingit
1305 1105 1500 1160 borum
1531 1104 1772 1159 narratio
1788 1103 2070 1174 perpetui—

501 1204 669 1251 tatem
708 1207 766 1254 et
802 1198 1061 1270 principii
1094 1198 1390 1254 carentiam
1424 1198 1480 1253 in
1506 1196 1744 1261 Christo,
1775 1212 1884 1266 qua
1927 1196 2073 1253 Deus

500 1295 587 1342 est
616 1307 630 1342 :
672 1289 971 1344 earentiam
1012 1298 1216 1355 autem,
1249 1288 1491 1359 inquam,
1523 1287 1781 1359 principii
1815 1288 1873 1342 in
1898 1303 2073 1358 quam

502 1377 679 1442 litate,
703 1379 963 1435 nimirum
1008 1379 1306 1435 secundum
1346 1387 1579 1448 tempus.
1630 1380 1750 1450 Ipse
1798 1379 1948 1435 enim
1990 1386 2076 1435 est

497 1469 674 1526 faetor
698 1472 1036 1527 seculorum.
1061 1469 1549 1542 Signiﬁcatautem
1599 1478 1863 1539 praeterea
1905 1469 2073 1524 etiam

499 1558 919 1616 indesinentiam
942 1560 1256 1617 sacerdotii.
1301 1580 1319 1615 ι
1362 1560 1598 1626 Idcirco,
1635 1580 1651 1612 ι
1688 1560 1865 1630 inquit
1884 1560 2077 1617 beatus

404 1684 419 1697 ι
496 1650 697 1708 Paulus
742 1652 811 1708 de
856 1650 1240 1718 Melchisedec,
1292 1669 1309 1702 ι
1345 1651 1493 1721 quod
1521 1667 1700 1721 neque
1743 1651 2089 1722 principium

2171 473 2254 527 λετ
2279 473 2392 545 γὰρ
2423 473 2681 545 ἀλήθειαν
2699 492 2714 506 ο
2743 474 2957 545 δέχεται
2982 475 3042 529 δὲ
3086 475 3287 546 μᾶλλον
3318 479 3346 529 6
3388 477 3747 547 μυσταγωγὸς

2168 565 2444 638 τεχνίτης,
2456 566 2686 634 οάνάγων
2702 567 2782 630 εἱς
2803 565 2972 619 τύπον
2986 565 3086 635 τῆς
3109 566 3267 637 δόξης
3279 566 3374 620 τοῦ
3399 567 3744 641 Ἐμμανουήλ

2171 661 2268 714 καὶ
2295 659 2395 730 τὴν
2434 660 2527 713 ἐπὶ
2563 658 2771 725 τούτοις
2818 659 3002 724 αὐτοῖς
3046 662 3397 732 οἰκονομικὴν
3447 664 3742 733 ἀφήγησιν.

2173 752 2297 806 Ὅτι
2323 751 2430 822 γὰρ
2450 751 2608 822 μόνον
2626 747 2693 822 ἦν
2722 751 2900 823 ἱερεὺς
2925 753 2954 806 ό
2972 751 3323 822 Μελχισεδὲκ,
3344 753 3746 824 ήθεόπνευστος

2172 846 2306 915 ήμὶν
2334 844 2580 913 ὑπέφηνε
2610 843 2822 915 Γραφὴ,
2853 842 3009 911 γένος
3036 845 3135 897 οὐκ
3175 842 3517 916 ὀνομάσασα,
3541 843 3574 915 ἢ
3602 844 3745 908 τίνος

2170 935 2336 1005 ἐξέφυ
2382 935 2587 1006 πατρὸς
2621 937 2654 1007 ἢ
2693 935 2930 1007 μητρός·
2968 934 3084 993 ἀλλ’
3122 934 3242 989 οὐδὲ
3282 936 3364 1001 εἱς
3396 936 3562 991 πόσον
3605 935 3744 989 ἑτῶν

2170 1028 2466 1100 κατόληξεν
2505 1026 2758 1098 ἀριθμὸν,
2808 1027 2842 1098 ἢ
2893 1027 3054 1092 ποίας
3096 1027 3236 1098 ἔχων
3280 1028 3593 1098 εὑρίσκεται
3644 1026 3742 1096 τῆς

2172 1119 2470 1191 ἱερωσύνης
2536 1119 2642 1183 τάς
2692 1118 2946 1190 διαδοχὰς
3012 1118 3343 1190 προσθεῖσαν
3396 1118 3740 1191 εύρίσκομεν.

2182 1211 2619 1267 ’Υποπλάττιται
2635 1210 2859 1281 τοίνυνή
2877 1208 2986 1264 τῶν
3000 1208 3270 1263 τοσούτων
3290 1210 3422 1279 ήμϊν
3446 1210 3746 1279 ἀφήγησις,

2169 1302 2331 1357 οἱονεί
2357 1317 2476 1365 πως
2491 1300 2550 1355 τὸ
2571 1300 2817 1372 διηνεκὲς
2842 1301 2936 1355 καὶ
2960 1301 3197 1372 ἀναρχον
3211 1298 3307 1354 τοῦ
3335 1299 3594 1372 Χριστοῦ,
3611 1299 3744 1355 καθὸ

2170 1393 2371 1446 νοεῖται
2399 1390 2553 1455 Θεός.
2597 1390 2866 1461 ’Λναρχον
2893 1389 2948 1443 δέ
2980 1406 3144 1460 φημι,
3176 1390 3240 1444 τὸ
3260 1390 3337 1454 ὡς
3371 1392 3429 1443 ὲν
3461 1388 3743 1460 ποσότητι,

2172 1481 2417 1553 δηλονότι
2437 1483 2505 1553 τῇ
2528 1480 2672 1535 κατά
2692 1480 2904 1551 χρόνον.
2924 1480 3094 1540 Αὐτὸς
3120 1479 3230 1549 γάρ
3258 1479 3374 1531 ἔστι
3403 1477 3514 1532 τῶν
3534 1477 3745 1531 αἱὼνων

2171 1576 2200 1628 ό
2223 1573 2474 1645 ποιητής.
2521 1573 2883 1645 ’Υπεμφαίνει
2910 1572 2969 1626 δι
2997 1572 3133 1643 πρὸς
3166 1570 3343 1642 τούτῳ
3403 1571 3496 1625 καὶ
3523 1569 3585 1624 τδ
3605 1570 3745 1627 ἀκα-

2171 1665 2441 1737 τάληκτον
2483 1664 2581 1733 τῆς
2614 1662 2930 1735 ἱερωσύνης.
2962 1681 2983 1716 ι
3015 1662 3118 1717 Διά
3147 1661 3304 1717 τοῦτό
3335 1681 3356 1716 ι
3392 1678 3556 1733 φησιν
3585 1663 3614 1716 ό
3645 1678 3747 1734 μα·

496 1741 735 1810 dierum,
764 1758 943 1813 neque
964 1743 1088 1796 vita:
1104 1741 1267 1798 line'm
1304 1741 1541 1807 habens,
1583 1742 1914 1799 assimilatus
1937 1758 2069 1799 vero

2175 1758 2360 1827 κάριος
2411 1753 2622 1818 Παῦλος
2665 1755 2794 1825 περὶ
2838 1753 2933 1809 τοῦ
2974 1752 3332 1825 Μελχισεδὲκ,
3389 1753 3473 1806 ὅτι
3529 1772 3551 1807 ι
3607 1758 3745 1825 μήτε

500 1830 639 1887 Filio
665 1833 784 1900 Dei,
811 1842 997 1888 manet
1019 1832 1276 1888 sacerdos
1318 1832 1373 1885 in
1405 1841 1729 1902 perpetuum
1751 1835 1817 1886 “.
1851 1852 1870 1885 ι
1911 1832 2073 1888 Vide-

503 1933 592 1978 tur
613 1932 796 1979 autem
835 1924 999 1979 etiam
1053 1922 1200 1979 aliud
1228 1923 1361 1993 quid
1389 1938 1498 1977 non
1543 1923 1768 1993 vulgare
1820 1923 2069 1980 subindi-

500 2030 650 2084 care,
675 2015 821 2088 quod
855 2016 1075 2090 quidem
1095 2016 1357 2089 qualesit
1381 2015 1655 2088 explicare
1679 2015 1937 2072 conabor.

570 2292 656 2348 10.
712 2290 1067 2349 Obsistebant
1114 2289 1521 2347 IudaaiCbristi
1552 2290 1928 2361 prmdicationi
1955 2332 1970 2358 ,
2014 2300 2074 2348 et

494 2383 796 2457 apostolica
819 2382 1003 2439 studia
1038 2380 1369 2447 irridebant,
1403 2382 1513 2436 duo
1553 2381 1671 2437 hac
1697 2391 2070 2453 opponentes:

502 2492 674 2533 unum
703 2474 949 2546 quidem,
983 2472 1131 2545 quod
1177 2473 1516 2544 impossibile
1561 2481 1708 2530 esset
1753 2474 2073 2530 mandatum

501 2567 752 2639 patribus
770 2580 801 2637 a
822 2564 1001 2636 Moyse
1031 2563 1411 2634 praescriptum
1437 2564 1723 2635 antiquare
1788 2565 2076 2637 legemque

499 2657 786 2727 abrogare,
812 2653 919 2708 alio
951 2651 1171 2708 vivendi
1191 2666 1390 2723 genere
1419 2651 1558 2706 nulli
1585 2659 1832 2707 veterum
1859 2653 2076 2724 cognito

505 2756 701 2821 praeter
722 2744 1037 2815 opinionem
1066 2742 1328 2810 inducto;
1353 2743 1586 2799 alterum
1613 2758 1746 2799 vero
1763 2743 2075 2815 huiusmodi

500 2846 622 2896 erat
653 2857 666 2893 :
707 2835 1116 2893 contendebant
1141 2834 1286 2891 enim
1329 2834 1621 2892 sacerdotii
1650 2836 1877 2907 gloriam
1918 2851 1951 2891 a
1982 2835 2078 2891 de-

499 2932 641 2987 lecta
672 2928 839 2993 tribu,
869 2927 1112 2982 Levitica
1129 2926 1414 2992 nimirum,
1447 2926 1647 2982 auferri
1683 2942 1792 2982 non
1823 2926 2024 2982 debere
2058 2943 2071 2979 :

501 3036 568 3076 eo
590 3019 735 3090 quod
761 3019 963 3089 passim
991 3034 1024 3073 a
1055 3018 1363 3073 ministerio
1391 3019 1577 3089 templi
1604 3019 1749 3075 Deus
1768 3034 1862 3075 eos
1889 3023 2076 3074 arceat
2108 3014 2113 3019 ”

502 3112 595 3183 qui
623 3126 690 3165 ex
711 3126 775 3166 ea
806 3125 917 3165 non
951 3116 1100 3175 sunt,
1138 3116 1546 3180 extremamque
1565 3110 1876 3181 bujusmodi
1908 3118 2077 3165 teme-
2102 3090 2144 3147 ο

503 3202 654 3257 rilati
676 3217 893 3271 poenam
936 3202 1161 3271 irroget.
1195 3201 1437 3257 Conatur
1485 3203 1669 3271 itaque
1692 3202 1916 3267 Paulus,
1940 3201 2079 3272 legis

503 3290 709 3362 optime
737 3291 968 3360 peritus,
998 3289 1386 3346 verisimilibus
1409 3290 1714 3347 rationibus
1750 3292 1909 3362 plane
1931 3307 2080 3347 eom-

414 3444 419 3453 ‘
504 3382 761 3456 probare,
789 3390 951 3452 atque
970 3381 1108 3437 adeo
1142 3396 1209 3436 ex
1233 3382 1353 3452 ipsa
1382 3382 1547 3438 etiam
1576 3381 1859 3453 Scriptura
1901 3397 2077 3450 sacra,

502 3478 654 3551 quod
690 3486 747 3534 et
777 3478 912 3549 legis
938 3476 1172 3543 novitas,
1198 3486 1255 3532 et
1274 3476 1564 3533 sacerdotii
1590 3476 1761 3546 ipsius
1798 3478 2079 3534 translatio

504 3568 767 3643 praedicta
799 3569 871 3624 sit
892 3609 907 3634 ,
934 3566 1191 3638 quodque
1222 3567 1508 3636 utriusque
1551 3566 1873 3638 significatio
1902 3568 1957 3623 in
1991 3577 2077 3641 ty-

508 3661 594 3733 pis
628 3665 1039 3732 praemonstrata
1066 3654 1249 3711 fuerit.
1284 3654 1488 3711 Statuit
1503 3655 1688 3726 itaque
1718 3656 2079 3712 Melchisedec

505 3768 619 3807 non
673 3765 741 3806 ex
780 3748 929 3804 tribu
968 3745 1239 3803 Levitica.
1256 3744 1464 3802 Deinde
1528 3746 1771 3803 ostendit
1819 3748 2077 3803 sacerdo-

503 3851 611 3896 tem
630 3840 853 3913 quidem
885 3837 1055 3894 fuisse
1088 3832 1467 3905 altissimillei,
1492 3837 1809 3895 offerentem
1827 3854 1959 3895 vero
1980 3855 2076 3910 pa-

502 3948 604 3988 nes
633 3940 690 3988 et
711 3932 900 3987 vinum
924 3970 940 3997 ,
994 3938 1159 4000 atque
1192 3929 1265 3985 ita
1304 3929 1373 3985 de
1400 3929 1520 4001 ipso
1552 3930 1628 3985 ait
1664 3948 1677 3987 :
1721 3950 1741 3985 ι
1783 3931 2076 3988 Intuemini

503 4034 683 4081 autem
705 4031 943 4096 quantus
971 4022 1063 4077 hic
1088 4023 1179 4088 sit,
1206 4022 1294 4079 cui
1323 4031 1380 4079 et
1410 4022 1650 4079 decimas
1677 4022 1829 4080 dedit
1846 4024 1913 4079 de
1938 4040 2077 4095 prm-

501 4116 683 4188 cipuis
732 4116 1007 4170 Abraham
1050 4114 1381 4184 patriarcha.
1410 4114 1496 4170 'Et
1552 4115 1773 4184 quidem
1828 4115 1899 4171 de
1949 4115 2078 4170 ﬁliis

503 4205 634 4262 Levi
673 4203 1042 4260 sacerdotium
1088 4204 1445 4273 accipientes,
1501 4205 1819 4261 mandatum
1872 4207 2078 4262 habent

502 4294 620 4366 64
646 4294 888 4349 decimas
918 4308 1134 4347 sumere
1155 4309 1187 4348 a
1215 4294 1419 4363 populo
1441 4293 1742 4376 secundum
1778 4296 1974 4365 legem,
2021 4296 2077 4352 id

504 4397 677 4482 θεὴ-α
708 4385 972 4482 fratribus
1021 4385 1162 4482 suis,
1187 4400 1500 4455 quanquam
1532 4393 1588 4441 et
1607 4386 1711 4482 ipsi
1748 4388 1984 4444 exierint
2009 4390 2077 4447 de
2112 4427 2152 4482 υ

506 4475 711 4532 lumbis
738 4474 1034 4530 Abraham.
1065 4473 1233 4546 Cujus
1252 4482 1434 4530 autem
1463 4477 1741 4546 generatio
1765 4493 1875 4534 non
1897 4495 2075 4536 annu-

504 4576 747 4622 meratur
791 4565 847 4620 in
887 4564 984 4630 eis,
1015 4563 1256 4620 decimas
1297 4567 1532 4636 sumpsit
1566 4568 1635 4624 ab
1685 4569 1981 4639 Abraham,
2022 4581 2080 4628 et

501 4660 653 4713 hunc
691 4657 787 4728 qui
833 4657 1073 4712 habebat
1108 4656 1565 4727 repromissiones
1612 4660 1911 4719 benedixit.
1945 4662 2077 4721 Sine

502 4748 615 4804 ulla
652 4759 844 4803 amem
865 4747 1322 4815 contradictione,
1354 4749 1501 4819 quod
1540 4750 1723 4807 minus
1764 4763 1851 4810 est
1883 4772 1914 4811 a
1957 4771 2077 4812 me-

496 4840 637 4896 liore
665 4838 1100 4896 benedicitur".
1142 4859 1160 4892 ι
1208 4839 1481 4897 Caeterum
1524 4858 1634 4898 non
1666 4843 1723 4899 in
1751 4854 1949 4902 natura
1977 4864 2077 4904 ex-

500 4931 809 4988 cellentiam
870 4931 1267 4999 Melchisedec,
1317 4933 1412 4989 sed
1438 4933 1495 4990 in
1543 4937 1755 4993 ratione
1785 4937 2078 4997 sacerdotii

494 5021 681 5079 inesse
701 5022 936 5078 dicimus
958 5041 970 5075 :
996 5037 1106 5078 non
1144 5033 1411 5080 renuente
1439 5028 1750 5097 patriarcha
1780 5029 2076 5098 Abraham,

499 5113 1085 5186 sedpraeminentiam
1103 5114 1205 5185 ipsi
1222 5115 1525 5182 tribuente,
1556 5127 1721 5188 atque
1745 5119 1953 5186 idcirco
1976 5122 2079 5177 ho-

500 5223 691 5264 norem
716 5207 1017 5273 deferente,
1039 5206 1323 5263 oB‘erende
1341 5206 1602 5263 decimas.
1629 5210 1909 5268 Decimant
1929 5215 2076 5269 enim

503 5294 563 5361 ii,
588 5299 683 5367 qui
733 5314 803 5353 ex
835 5297 1099 5370 sanguine
1129 5297 1270 5352 Levi
1313 5307 1474 5364 sunt,
1520 5301 1805 5369 populum,
1865 5305 2076 5362 etiamsi

487 5384 700 5442 fratres
720 5385 848 5441 sint.
876 5388 927 5443 Is
948 5403 1083 5443 vero
1113 5387 1268 5458 cujus
1299 5390 1580 5458 generatio
1608 5389 1741 5460 ipsis
1770 5407 1878 5447 non
1907 5409 2081 5451 anno-

480 5483 766 5542 .meratur,
789 5475 895 5529 hoc
911 5485 1035 5543 est,
1070 5475 1433 5532 Melchisedec
1464 5476 1838 5549 (nequeenim
1870 5491 1988 5539 erat
2011 5500 2079 5540 ex

524 5631 546 5659 '
612 5649 850 5707 “ﬂebr.
878 5667 973 5721 vn,
989 5651 1050 5708 δ.
1114 5654 1171 5691 ³ο
1204 5653 1349 5711 Ibid.
1376 5655 1498 5712 4-7.

2172 1847 2345 1919 ἀρχήν
2365 1844 2588 1918 ἡμερῶν
2616 1847 2751 1918 μήτε
2775 1843 2921 1915 ζωῆς
2949 1844 3104 1908 τέλος
3124 1845 3285 1916 ἔχων.
3316 1844 3747 1917 ἀφωμοιωμένος

2169 1940 2227 1992 δὲ
2247 1938 2326 2010 τῷ
2358 1937 2473 2009 Υἱῷ
2507 1936 2603 1992 τοῦ
2627 1935 2765 1990 Θεοῦ
2807 1936 2956 2008 μένει
2982 1937 3061 2000 είς
3085 1935 3146 1990 τὸ
3187 1935 3434 2006 διηνεκὲς
3474 1933 3670 2006 ἱερεύς.
3718 1951 3739 1985 ι

2175 2031 2362 2085 Ἔοικε
2399 2030 2456 2085 δὲ
2493 2029 2589 2084 καὶ
2621 2028 2809 2101 ῑτερόν
2838 2045 2892 2082 τι
2932 2028 3099 2098 σοφὸν
3140 2025 3528 2098 βεϐουλεῦσθαι
3561 2025 3744 2082 πάλινο

2171 2122 2267 2176 καὶ
2301 2122 2355 2175 τί
2392 2122 2458 2195 δὴ
2500 2120 2662 2175 τοῦτό
2708 2120 2878 2188 ἔστιν,
2925 2116 3002 2185 ὡς
3049 2118 3116 2173 ἂν
3161 2112 3274 2182 οἷός
3320 2135 3382 2174 τε
3418 2111 3486 2187 ὦ,
3519 2118 3749 2186 διειπετν

2172 2215 2537 2286 πειράσομαιτ

2249 2307 2301 2363 ι’.
2347 2305 2735 2378 ’Δντέπραττον
2774 2304 2824 2358 οἱ
2872 2302 3113 2358 Ἰουδαῖοι
3163 2303 3279 2367 τοῖς
3328 2301 3459 2374 περὶ
3506 2297 3744 2372 Χριστοῦ

2173 2399 2511 2470 κηρύγμασι,
2578 2398 2669 2451 καὶ
2730 2396 2840 2450 τῶν
2890 2394 3262 2450 ἀποπολικῶν
3317 2391 3747 2464 σπουὼσμάτων

2177 2488 2457 2558 μονονουχὶ
2487 2485 2844 2558 καταμειδιᾷν
2887 2484 3152 2557 ἐτόλμων,
3184 2483 3279 2539 δύο
3312 2483 3488 2539 ταῦτα
3537 2480 3749 2554 προτεί-

2174 2592 2383 2641 νοντες·
2414 2576 2473 2630 ἓν
2510 2576 2631 2648 μὲν,
2656 2576 2733 2639 ὡς
2764 2576 2850 2647 εἴη
2886 2575 2994 2628 τῶν
3038 2576 3335 2646 ἀμηχάνων
3364 2574 3464 2646 τήν
3490 2572 3602 2638 τοῖς
3643 2586 3751 2626 πα·

2173 2671 2331 2743 τράσι
2351 2670 2711 2742 διωρισμένην
2737 2668 2825 2722 διὰ
2857 2668 3042 2737 φωνῆς
3066 2666 3159 2722 τοῦ
3198 2666 3475 2737 πανσόφου
3503 2663 3751 2728 Μωσέως

2176 2763 2481 2834 ἀπρακτεῖν
2521 2759 2770 2831 ὲντολὴγς
2794 2757 2889 2811 καὶ
2914 2757 3222 2812 ἀθετεῖσθαι
3260 2756 3351 2810 τὸν
3378 2755 3563 2827 νόμον,
3597 2753 3751 2808 πολι-

2173 2853 2323 2916 τείας
2359 2852 2570 2924 ἑτέρας,
2612 2851 2711 2920 τῆς
2754 2848 2930 2903 οὐδενὶ
2969 2850 3079 2903 τῶν
3116 2848 3284 2904 πάλαι
3324 2845 3748 2918 διεγνωσμένης,

2174 2943 2449 3014 ἀδοκήτως
2491 2941 2922 3013 εἱσκρινομόνης·
2977 2941 3164 3011 ἕτερον
3200 2940 3257 2993 δὲ
3285 2935 3386 2993 αὗο
3425 2939 3518 3009 Μὴ
3550 2935 3661 3009 γὰρ
3682 2936 3750 3007 δὴ

2176 3035 2373 3105 χρῆναι
2411 3031 2806 3105 διισχυρίζοντο
2835 3033 2934 3101 τῆς
2968 3030 3271 3102 ἱερωσύνης
3309 3030 3411 3101 τὴν
3457 3028 3614 3092 δόξαν
3643 3026 3752 3092 ἔξω

2177 3127 2277 3196 τῆς
2316 3124 2614 3179 ἀπολέκτου
2671 3121 2932 3193 φέρεσθαι
2973 3120 3164 3192 φυλῆς,
3196 3119 3462 3186 τουτέστι,
3513 3116 3611 3191 τῆς
3656 3114 3754 3171 τοῦ

2133 3272 2147 3282 ,
2178 3216 2332 3272 Λευῖ.
2364 3216 2512 3269 ΙΙ’Λνω
2547 3231 2606 3268 τε
2652 3213 2745 3267 καὶ
2794 3213 2943 3267 κάτω
2990 3212 3091 3283 τῆς
3144 3212 3202 3265 ὲν
3236 3211 3369 3282 ἱερῷ
3409 3208 3755 3281 λειτουργίας

2178 3306 2574 3369 ἀποσοϐοῦντος
2598 3304 2733 3358 θεοῦ
2765 3305 2892 3369 τοὺς
2922 3303 3023 3357 οὐκ
3054 3302 3211 3367 ὄντας
3247 3301 3444 3372 αὐτῆς,
3468 3300 3561 3355 καὶ
3592 3298 3753 3368 δίκην

2178 3399 2339 3462 εὐθὺς
2365 3397 2453 3469 τῷ
2471 3396 2661 3468 τοιῷδε
2683 3396 2996 3467 τολμήματι
3028 3395 3406 3465 καθορίζοντος
3443 3393 3543 3463 τὴν
3583 3389 3753 3461 ἰσχά-

2177 3510 2298 3564 την.
2339 3488 2692 3559 Ἀγωνίζεται
2737 3487 2916 3542 τοίνυν
2960 3485 3279 3558 νομομαθὴς
3314 3483 3389 3538 ὢν
3445 3485 3474 3538 ό
3518 3480 3753 3550 Παῦλος,

2179 3584 2273 3639 καὶ
2303 3584 2557 3655 πειρᾶται
2591 3581 2972 3652 πληροφορεῖν,
3005 3576 3113 3632 ἀπό
3155 3593 3214 3630 τε
3260 3574 3355 3631 τοῦ
3396 3575 3625 3639 εἰκότος,
3660 3572 3757 3628 καὶ

2182 3673 2361 3744 μέντοι
2419 3673 2514 3727 καὶ
2540 3670 2599 3737 ἐξ
2624 3670 2794 3741 αὐτῆς
2819 3670 2917 3739 τῆς
2969 3667 3326 3723 θεοπνεύστου
3380 3663 3625 3739 Γραφῆς,
3669 3667 3756 3722 δτι

2178 3768 2270 3820 καὶ
2296 3765 2460 3837 νόμου
2492 3763 2765 3834 καινότης,
2796 3763 2889 3815 καὶ
2919 3761 3217 3832 ἱερωσύνης
3240 3760 3409 3830 αὐτῆς
3433 3773 3759 3831 προανεφωο

2178 3860 2319 3911 νεῖτο
2342 3854 2654 3928 μετάθεσις·
2694 3855 2792 3908 καὶ
2818 3853 3234 3924 προανέλαμιῖιεν
3255 3853 3311 3904 ἐν
3336 3850 3529 3913 τύποις
3556 3851 3592 3921 ή
3623 3851 3757 3903 ἑκα-

2178 3945 2335 4016 τέρου
2377 3942 2626 4015 δήλωσις.
2663 3942 2886 4013 Δέχεται
2915 3941 2977 4011 δὴ
3006 3937 3100 3995 οὖν
3139 3941 3237 3995 οὐκ
3288 3942 3352 3994 ὲκ
3397 3938 3574 4010 φυλῆς
3625 3937 3756 3992 ὄντα

2178 4035 2468 4107 Λευῖτικῆς
2494 4033 2586 4087 τὸν
2629 4032 2987 4103 Μελχισεδὲκ,
3014 4027 3134 4087 εἶτα
3177 4030 3445 4086 δείκνυσιν
3473 4029 3623 4100 ἱερέα
3656 4028 3759 4100 μὲν

2177 4127 2306 4181 ὄντα
2346 4125 2440 4180 τοῦ
2483 4124 2707 4196 ὑψίστου
2753 4122 2910 4187 Θεοῦ,
2960 4123 3304 4194 προσάγοντα
3346 4121 3402 4175 δὲ
3432 4121 3527 4175 καὶ
3555 4120 3755 4188 ἄρτους

2178 4216 2273 4271 καὶ
2304 4211 2466 4279 οἶνον,
2515 4214 2620 4285 ἔφη
2648 4231 2708 4267 τε
2755 4210 2897 4267 οὕτω
2936 4213 3063 4280 περὶ
3119 4209 3306 4265 αὐτοῦ’
3344 4229 3362 4261 ι
3385 4208 3650 4279 Θεωρεῖτε
3698 4206 3757 4262 δὲ

2179 4306 2410 4375 πηλίκος
2439 4300 2611 4369 οὗτος,
2754 4305 2848 4360 καὶ
2891 4304 3125 4373 δεκάτην
3158 4301 3413 4373 ’Δσραάμ
3448 4300 3650 4354 ἔδωκεν
3689 4299 3756 4353 ὲκ

2178 4394 2290 4447 τῶν
2332 4393 2653 4465 ἀκροθινίων
2696 4394 2725 4446 ό
2785 4395 3149 4466 πατριάρχης.
3180 4393 3291 4445 Καὶ
3333 4391 3382 4444 οἱ
3419 4390 3518 4462 μὲν
3546 4390 3609 4443 ὲκ
3649 4388 3755 4442 τῶν

2181 4483 2311 4539 υἱῶν
2337 4484 2470 4539 Λευτ
2502 4484 2600 4557 τὴν
2629 4484 2899 4557 ἱερατείαν
2928 4484 3314 4554 λαμϐάνοντες,
3342 4480 3563 4553 ἐντολὴν
3604 4480 3756 4552 ἐχου-

2181 4592 2264 4629 σιν
2286 4572 2651 4629 ἀποδεκατοῖω
2683 4575 2774 4628 τὸν
2805 4574 2933 4627 λαὸν
2972 4573 3112 4627 κατὰ
3140 4573 3231 4626 τὸν
3269 4573 3452 4642 νόμον,
3487 4571 3751 4634 τουτέστι,

2177 4666 2305 4731 τοὺς
2349 4665 2612 4736 ἀδελφοὺς
2657 4664 2856 4729 αὐτῶν,
2891 4664 3092 4736 καίπερ
3138 4661 3523 4733 ἐξεληλυθότας
3548 4661 3612 4713 ὲκ
3657 4657 3758 4730 τῆς

2178 4757 2379 4828 ὀσφύος
2420 4757 2689 4832 Ἀϐραάμ.
2731 4758 2792 4810 '0
2823 4755 2879 4809 δὲ
2911 4755 2984 4827 μὴ
3011 4753 3502 4823 γενεαλογούμενος
3552 4748 3614 4814 ἐξ
3656 4748 3757 4802 αύο

2180 4848 2312 4917 τῶν,
2342 4847 2678 4902 δεδεκάτωκε
2705 4846 2801 4901 τὸν
2836 4845 3111 4916 Ἀὕραάμ,
3147 4845 3242 4898 καὶ
3285 4845 3377 4898 τὸν
3418 4842 3612 4914 ἔχοντα
3659 4839 3759 4903 τὰς

2183 4940 2517 5009 ἐπαγγελίας
2559 4938 2853 5009 εὐλόγηκε·
2890 4936 3061 5008 χωρὶς
3111 4936 3169 4992 δὲ
3219 4936 3400 5006 πάσης
3452 4930 3759 5001 ἀντιλογίας

2184 5030 2247 5084 τδ
2296 5030 2516 5083 ἔλαττον
2573 5030 2677 5084 ὑπὸ
2708 5028 2800 5082 τοῦ
2840 5028 3147 5100 κρείττονος
3191 5026 3513 5094 εὐλογεῖται.
3538 5041 3557 5075 ι
3620 5020 3757 5076 Ἀλλ’

2184 5120 2285 5173 οὐκ
2313 5120 2370 5173 ὲν
2396 5122 2463 5190 τῇ
2494 5117 2653 5188 φύσει
2674 5118 2772 5189 τὴν
2798 5115 3070 5187 ὑπεροχήν
3092 5114 3169 5185 τῷ
3189 5110 3542 5184 Μελχισεδὲκ,
3558 5108 3675 5163 ἀλλ’
3701 5106 3760 5160 ιν

2184 5227 2248 5279 γε
2280 5210 2361 5280 τῷ
2387 5210 2572 5281 τρόπῳ
2597 5211 2693 5281 τῆς
2716 5207 3008 5280 ἱερωσύνης
3031 5204 3230 5260 ἐνεῖναί
3256 5218 3456 5274 φαμεν,
3490 5201 3591 5255 οὐκ
3631 5199 3761 5252 ἀνα-

2185 5301 2429 5367 νεύοντος
2470 5303 2564 5356 τοῦ
2606 5303 2951 5375 προπάτορος
3001 5298 3270 5370 Ἀϐραὰμ,
3306 5294 3675 5365 ἀπονέμοντος
3701 5287 3761 5341 δὲ

2186 5393 2374 5466 ὥσπερ
2406 5395 2468 5449 τὸ
2510 5394 2768 5468 προύχειν
2813 5392 2984 5466 αὐτῷ,
3026 5392 3093 5446 δι’
3133 5383 3208 5445 ὧν
3256 5388 3399 5457 ἔγνω
3442 5383 3632 5456 τιμᾷν,
3662 5378 3761 5434 καὶ

2185 5486 2374 5551 αὑταῖς
2424 5489 2543 5551 ταῖς
2590 5487 2696 5543 τῶν
2738 5485 2978 5542 δεκατῶν
3020 5482 3424 5557 προσαγωγαῖς.
3467 5473 3764 5532 ’Δποδεκα-
