4056 6260
432 322 453 377 Ι
463 320 532 377 09
1447 311 1717 369 GLAPHY
1728 309 1967 366 RORUM

2114 307 2415 366 GENESIM
2453 310 2581 365 LIB.
2626 311 2689 367 ll.
3587 316 3689 375 1ίὶ)

428 438 581 494 τοῦσι
611 436 714 503 μὲν
744 435 853 510 γάρ
882 437 930 490 ot
971 433 1031 499 ἐξ
1073 434 1306 505 αἵματος
1352 431 1485 486 Δευῒ
1511 432 1601 485 τὸν
1630 429 1779 495 λαὸν,
1809 428 1992 500 καίπεε

2117 428 2266 484 tribu
2298 429 2475 502 Levi),
2504 431 2798 488 decimavit
2835 421 3207 489 Abrahamum
3228 476 3242 499 ,
3279 445 3336 493 et
3388 438 3688 496 benedixit.

428 534 588 594 ὄντας
620 525 912 597 ἀδελφούςο
946 528 974 580 6
996 524 1053 577 δὲ
1088 525 1161 595 μὴ
1208 522 1694 594 γενεαλογούμενος
1724 519 1781 585 ἐξ
1807 518 1988 573 αὐτῶν

2113 522 2280 591 Atqui
2307 531 2466 594 typus
2492 524 2713 593 quidem
2744 524 2801 579 in
2844 525 2933 580 his
2970 527 3239 582 consistit.
3274 528 3531 586 Christus
3561 547 3693 587 vero

429 623 724 686 τουτέστιν,
752 621 779 673 6
811 616 1150 688 Μελχισεδὲκ
1185 617 1267 689 (οὐ
1296 615 1405 687 γὰρ
1435 611 1503 685 ἦν
1525 616 1589 669 ὲκ
1624 612 1796 683 φυλῆς
1832 608 1987 679 Aeni)

2113 627 2331 667 rursum
2356 612 2409 666 in
2440 613 2651 671 umbris
2678 613 3009 686 descriptus,
3057 618 3216 687 cujus
3263 620 3544 688 generatio
3582 637 3693 675 non

432 716 770 772 δεδεκάτωκε
810 711 903 765 τὸν
940 706 1223 779 Ἀϐραάμ,
1252 708 1348 761 καὶ
1379 706 1665 775 εύλόγηκε.
1712 704 1823 758 Καὶ
1847 702 1878 753 6
1902 702 1992 771 ’μὲι

2110 713 2504 759 annumeratur
2526 704 2617 769 iis,
2647 705 3067 775 quisceundum
3096 708 3269 779 legem
3299 710 3367 764 ad
3397 712 3689 767 sacerdotii

430 808 617 869 τύπος,
669 806 729 858 ὲν
779 800 1007 865 τούτοις.
1042 799 1277 871 Χριστὸς
1330 799 1387 853 δὲ
1443 798 1506 868 δὴ
1544 791 1633 861 αὖ,
1662 798 1691 850 ὀ
1741 797 1800 848 ὲν
1830 795 1992 854 σκιαῖς

2110 795 2446 852 iunctionem
2477 799 2761 853 constituti
2783 812 2943 855 erant
2963 799 3146 872 (natus
3165 803 3312 857 enim
3338 814 3422 859 est
3452 820 3519 860 ex
3545 806 3690 861 tribu

431 898 789 970 γραφόμενος,
835 892 1265 963 ἀγενεαλόγητος
1330 890 1426 957 ὢν,
1488 891 1601 952 τοῖς
1646 887 1787 955 κατά
1842 886 1992 955 νόμοι

2111 880 2273 952 Iuda,
2287 886 2379 943 cui
2393 887 2602 960 Moyses
2617 890 2756 944 nihil
2777 890 2844 944 de
2868 891 3251 947 sacerdotibus
3271 894 3576 967 praecepit),
3592 897 3690 952 de-

430 989 674 1059 ίερᾶσθαι
707 983 1061 1055 τεταγμένοις
1108 981 1463 1053 (ἁνατέταλκε
1514 978 1622 1050 γάρ
1651 980 1716 1031 ἐκ
1742 978 1841 1046 τῆς
1876 973 1977 1029 Ἰού

2115 976 2338 1031 cimavit
2353 977 2493 1032 ﬁlios
2505 977 2779 1043 chi,‘hoc
2801 988 2904 1041 est,
2933 981 3303 1036 sacerdotium
3331 982 3523 1053 legale.
3537 984 3692 1039 Deci-

423 1083 487 1136 δα
515 1080 709 1151 φυλῆς,
736 1078 816 1141 εἰς
841 1076 907 1148 ἢν
933 1076 1085 1129 οὐδὲν
1119 1092 1183 1127 πε
1195 1075 1247 1146 pl
1270 1072 1469 1146 lepéwv
1487 1071 1693 1142 Μωσῆς
1731 1066 1992 1139 ἐλάλησα)⁴

2116 1067 2284 1121 mavit
2300 1076 2482 1122 autem
2506 1067 2635 1122 olim
2649 1068 2872 1138 quidem
2901 1068 3362 1137 in‘Melchisedec,
3416 1075 3691 1143 posterius

421 1172 752 1226 δεδεκάτωκε
806 1168 934 1231 τοὺς
983 1167 1134 1230 υἱοὺς
1193 1164 1347 1231 Acut,
1383 1163 1654 1227 τουτέστι,
1708 1161 1810 1233 τὴν
1865 1160 1992 1215 κατὲ

2114 1173 2249 1214 vero
2272 1159 2441 1214 etiam
2456 1158 2510 1212 in
2523 1158 2723 1214 Aaron.
2744 1160 3049 1215 Decimavit
3060 1161 3208 1216 enim
3232 1163 3397 1218 etiam
3422 1163 3536 1234 ipse
3551 1164 3691 1219 ﬁlios

329 1229 332 1232 ί
424 1264 585 1334 νόμον
646 1229 977 1333 ἱερωσύνηνῖ
1027 1229 1375 1310 Δεδεκάτωκε
1437 1257 1493 1311 δὲ
1560 1242 1730 1310 πάλαι
1763 1229 1898 1325 ⁷μὲν
1945 1255 1992 1306 ὲι

2112 1250 2264 1315 Levi,
2289 1257 2472 1322 typum
2488 1250 2694 1306 Christi
2723 1267 2836 1322 pne
2858 1268 2915 1308 se
2933 1253 3136 1317 ferens,
3157 1264 3218 1309 ut
3245 1255 3408 1310 modo
3429 1229 3687 1312 diximus.

423 1353 790 1425 Μελχισεδέκο
838 1351 1064 1423 ὕστερον
1113 1349 1169 1403 δὲ
1224 1350 1318 1403 καὶ
1358 1352 1416 1403 ἒν
1461 1347 1690 1421 Ἀαρών.
1734 1345 2103 1401 Ἀπεδεκάτου
2126 1343 2235 1415 γὰρ
2267 1345 2361 1398 καὶ
2403 1344 2564 1408 αὐτὸς
2608 1346 2736 1408 τοὺς
2775 1345 2925 1408 υἱοὺς
2955 1344 3104 1412 Aetli,
3136 1346 3304 1400 τύπον
3339 1347 3553 1419 ὲπὲχων
3590 1350 3690 1419 τῆς

424 1440 723 1517 ἱερωσύνης
753 1441 1016 1514 Χριστοῦ,
1050 1441 1301 1513 καθάπερ
1329 1441 1431 1513 ῆδη
1460 1440 1816 1512 προείπομεν.

494 1540 583 1589 ια’.
619 1529 1026 1587 Ἀπόδέδεικται
1068 1531 1247 1584 τοίνυν
1291 1531 1349 1585 ὲν
1394 1529 1491 1601 μὲν
1535 1528 1610 1600 τῷ
1644 1527 2002 1599 Μελχισεδὲκ,

423 1631 504 1683 ὅτι
539 1624 943 1699 μεταστήτεταί
994 1640 1130 1677 ποτε
1186 1622 1283 1692 τῆς
1331 1619 1631 1692 ἱερωσύνης
1685 1619 1748 1672 τὸ
1792 1620 2000 1690 χρῆμα,

425 1721 524 1792 τῆς
556 1718 697 1773 κατὰ
738 1716 901 1788 νόμον
935 1714 1321 1788 ἱερατευούσης
1372 1713 1574 1783 φυλῆς*
1609 1711 1703 1766 καὶ
1743 1710 1871 1782 μὴν,
1919 1711 2002 1764 ὅτι

428 1814 523 1866 καὶ
545 1811 731 1882 ἕτερος
758 1809 1065 1881 ἱερουργίας
1094 1805 1405 1876 ἀναλάμψει
1454 1804 1655 1877 τρόπος
1691 1821 1747 1858 τε
1789 1803 1883 1857 καὶ
1917 1802 2002 1855 νό-

430 1921 549 1976 μος.
583 1896 691 1956 Ἦν
714 1903 822 1973 γάρ
860 1918 977 1965 πως
1005 1900 1218 1971 ἀνάγκη
1248 1896 1715 1970 συμμεθίστασθαι
1740 1897 1838 1950 καὶ
1866 1896 2004 1948 άπο-

427 1996 617 2067 φοιτᾷν
645 1997 768 2059 ταῖς
803 1992 1141 2065 ἱερουργίαις
1186 1990 1281 2044 καὶ
1326 1990 1487 2044 αὑτὸν
1535 1990 1628 2043 τὸν
1657 1987 1840 2058 νόμον.
1882 1988 2006 2040 Τοι-

429 2088 619 2158 γάρτοι
657 2086 753 2139 καὶ
777 2085 806 2137 6
840 2082 1125 2145 θεσπέσιος
1159 2080 1372 2143 Παῦλος
1403 2081 1686 2151 φιλοσοφεῖ
1718 2079 1785 2134 τά
1807 2079 2002 2145 τοιάδε,

430 2177 526 2232 καί
566 2191 763 2248 φησιν·
799 2194 817 2226 ι
845 2174 906 2231 Et
951 2174 1047 2245 μὲν
1095 2168 1188 2227 οὖν
1232 2173 1512 2237 τελείωσις
1544 2173 1630 2226 διὰ
1655 2173 1751 2243 τῆς
1798 2172 2005 2225 Λευῖτιο

434 2261 533 2337 κῆς
578 2263 877 2337 ἱερωσύνης
901 2260 967 2336 ἦν
1030 2263 1077 2335 (6
1108 2263 1235 2327 λαὸς
1288 2264 1396 2336 γάρ
1439 2264 1525 2316 ἐπ’
1562 2264 1730 2334 αὐτῆς
1780 2280 2002 2333 νενομο-

431 2355 699 2428 θέτηται),
726 2355 807 2418 τίς
842 2355 921 2408 ἔτι
947 2353 1104 2426 χρεία
1133 2353 1274 2407 κατὰ
1298 2354 1398 2425 τὴν
1438 2353 1589 2419 τάξιν
1615 2353 1709 2408 τοῦ
1743 2353 2004 2424 Μελχισε-

424 2446 517 2499 δὲκ
545 2445 730 2514 ἕτερον
768 2442 1084 2497 ἀνίστασθαι
1117 2442 1290 2513 ἱερέα,
1318 2444 1411 2496 καὶ
1455 2442 1515 2495 ού
1549 2442 1689 2497 κατὰ
1714 2441 1814 2512 τὴν
1848 2440 2002 2505 τάξιν

434 2534 644 2607 Ἀαρὼν
676 2534 968 2604 λέγεσθαι;
1018 2533 1468 2605 Μετατιθεμένης
1518 2532 1627 2604 γὰρ
1645 2533 1748 2605 τῆς
1780 2532 2002 2605 ἱερωσύ-

420 2646 537 2699 νης,
576 2628 638 2693 ἐξ
686 2626 934 2697 ἀνάγκης
985 2627 1081 2679 καὶ
1143 2626 1310 2698 νόμον
1366 2624 1658 2697 μετάθεσις
1713 2626 1994 2695 γίνεται.»

421 2719 530 2773 Καὶ
551 2718 712 2772 πάλιν
735 2734 752 2751 ο
792 2737 810 2771 ι
838 2718 949 2773 Καὶ
974 2718 1362 2791 περισσότερον
1391 2717 1471 2773 ἔτι
1491 2717 1794 2789 κατάδηλόν
1828 2719 1997 2782 ἐστιν,

420 2811 469 2865 εί
499 2810 641 2865 κατὰ
660 2810 757 2883 τὴν
791 2810 947 2875 τάξιν
993 2811 1327 2883 Μελχισεδὲκ
1354 2810 1638 2865 ἀνίσταται
1669 2812 1850 2885 ἱερεὺς
1883 2811 2001 2864 ἓτε-

424 2920 535 2970 ρος,
568 2902 628 2966 ὃς
677 2904 740 2956 ού
779 2902 921 2957 κατὰ
963 2902 1127 2973 νόμον
1173 2901 1408 2973 ἐντολῆς
1431 2902 1699 2974 σαρκίνης
1752 2903 1996 2972 γέγονεν,

428 2994 563 3048 ἀλλὰ
588 2996 730 3049 κατὰ
755 2995 986 3065 δύναμιν
1026 2994 1171 3066 ζωῆς
1212 2994 1581 3049 ἀκαταλύτου.
1618 2995 1998 3065 Μαρτυρεῖται

428 3085 560 3157 γὰρ,
586 3086 712 3140 Ὀτι
747 3086 808 3140 σὺ
833 3086 1011 3156 ἱερεὺς
1054 3087 1133 3150 είς
1178 3086 1268 3140 τὸν
1309 3085 1484 3140 αίῶνα
1509 3084 1653 3139 κατὰ
1699 3085 1799 3155 τὴν
1842 3081 1999 3148 τάξιν

2186 1526 2269 1579 ll.
2338 1526 2780 1582 Demonstratum
2848 1529 3035 1599 itaque
3101 1528 3274 1585 estin
3328 1529 3688 1609 Melchisedee

2111 1616 2550 1672 transferendum
2592 1634 2713 1674 esse
2745 1620 3111 1675 sacerdotium
3138 1638 3168 1676 a
3200 1621 3347 1677 tribu
3384 1623 3686 1678 secundum

2109 1708 2283 1779 legem
2308 1708 2362 1764 id
2390 1719 2702 1773 exercente,
2725 1717 2782 1764 et
2804 1710 3031 1765 alterius
3053 1711 3347 1767 sacerdotii
3380 1713 3601 1769 modum
3623 1730 3688 1768 ac

2107 1800 2282 1872 legem
2305 1801 2532 1856 exoriri.
2578 1802 2810 1858 Necesse
2835 1803 2984 1857 enim
3029 1811 3151 1858 erat
3179 1804 3353 1875 legem
3396 1806 3561 1861 etiam
3601 1808 3686 1877 ip-

2108 1907 2223 1947 sam
2251 1908 2357 1947 una
2406 1908 2533 1948 cum
2579 1893 2905 1949 sacerdotiis
2951 1894 3233 1950 transferri
3271 1904 3438 1967 atque
3462 1899 3682 1953 mutari.

2107 1980 2317 2037 Idcirco
2343 1982 2563 2037 divinus
2600 1983 2820 2048 Paulus,
2873 1983 2941 2039 de
2979 1983 3065 2039 his
3091 1984 3258 2039 rebus
3309 1992 3571 2049 tractans,
3610 1986 3686 2040 ita

2106 2072 2182 2127 ait
2214 2090 2226 2126 :
2263 2092 2279 2123 ι
2307 2072 2364 2127 Si
2390 2089 2520 2144 ergo
2542 2074 2942 2149 consummatio
2972 2090 3071 2144 per
3094 2075 3456 2131 sacerdotium
3486 2075 3688 2131 Leviti-

2105 2178 2230 2219 cum
2262 2174 2385 2221 erat
2427 2166 2684 2237 (populus
2724 2166 2871 2221 enim
2918 2167 3022 2221 sub
3065 2166 3182 2236 ipso
3220 2168 3393 2237 legem
3427 2167 3683 2239 accepit),

2105 2256 2238 2325 quid
2262 2256 2443 2312 adhuc
2498 2257 2874 2312 necessarium
2919 2257 3025 2313 fuit
3078 2258 3381 2314 secundum
3432 2260 3685 2314 ordinem

2105 2344 2469 2402 Melchisedec
2506 2347 2676 2402 alium
2704 2363 2929 2419 surgere
2968 2348 3332 2414 sacerdotem,
3362 2359 3418 2405 et
3458 2366 3568 2405 non
3593 2367 3683 2406 se-

2103 2435 2345 2491 cundum
2386 2437 2637 2492 ordinem
2673 2437 2856 2495 Aaron
2896 2438 3007 2495 dici
3031 2440 3055 2493 ?
3077 2439 3366 2497 Translato
3398 2442 3547 2498 enim
3590 2458 3683 2497 sa-

2103 2526 2373 2593 cerdotio,
2398 2543 2625 2584 necesse
2656 2538 2742 2585 est
2774 2537 2837 2584 ut
2858 2538 2914 2585 et
2938 2530 3076 2602 legis
3108 2533 3391 2611 translatio
3426 2534 3603 2590 ﬁat".
3656 2554 3675 2585 ι

2105 2618 2169 2674 Et
2198 2635 2419 2675 rursum
2451 2638 2464 2673 :
2501 2639 2520 2671 ι
2550 2620 2620 2675 Et
2645 2622 2880 2692 amplius
2906 2622 3085 2678 adhuc
3115 2625 3462 2681 manifestum
3498 2634 3602 2691 est,
3634 2626 3680 2682 si

2100 2710 2403 2765 secundum
2428 2712 2679 2767 ordinem
2718 2712 3081 2769 Melchisedec
3120 2726 3382 2787 exsurgat
3422 2719 3564 2774 alius
3597 2735 3682 2775 sa-

2100 2800 2312 2866 cerdos,
2339 2800 2433 2871 qui
2462 2817 2573 2857 non
2617 2802 2921 2858 secundum
2953 2802 3129 2875 legem
3172 2806 3409 2862 mandati
3444 2809 3682 2863 carnalis

2098 2891 2275 2947 factus
2300 2901 2403 2957 est,
2436 2892 2531 2948 sed
2568 2894 2873 2950 secundum
2910 2895 3171 2951 virtutem
3201 2897 3328 2953 vita:
3344 2898 3672 2954 insolubilis.

2098 2982 2451 3040 Contcstatur
2480 2985 2659 3040 enim:
2683 2984 2952 3067 Quoniam
2987 2994 3046 3042 tu
3067 3003 3129 3042 es
3148 2990 3404 3044 sacerdos
3428 2991 3483 3044 in
3516 2992 3689 3046 aster;

2098 3087 2231 3127 num
2286 3073 2588 3128 secundum
2645 3074 2894 3130 ordinem
2939 3076 3389 3133 Melchisedec".
3438 3100 3456 3132 ι
3511 3082 3678 3139 Vides

430 3174 782 3245 Μελχισεδέκ.
808 3195 829 3228 ι
867 3176 1027 3248 Ὁρᾷς
1067 3176 1212 3241 ὅπως
1240 3176 1299 3230 τὸ
1337 3176 1505 3248 μηδὲν
1541 3174 1802 3229 δύνασθαι
1824 3176 1992 3233 τελει-

2102 3178 2213 3233 quo
2244 3170 2406 3234 pacto
2445 3162 2668 3218 damnet
2707 3165 3077 3221 sacerdotium
3111 3167 3299 3239 legale,
3337 3170 3446 3242 65
3485 3182 3677 3243 utpote

428 3264 520 3321 οὖν
542 3268 639 3338 τῆς
675 3267 819 3322 κατὰ
853 3267 1013 3340 νόμον
1043 3269 1345 3353 ἱερωσύνης
1384 3266 1844 3339 καταψηφίζεται,
1873 3284 2002 3338 χρη⁴

425 3358 737 3429 σιμωτάτην
783 3358 1104 3423 ἀποδεικνὺς
1146 3359 1248 3429 τῆς
1303 3358 1613 3432 κρείττονος
1649 3358 1871 3429 ἐντολῆς
1898 3358 1996 3427 τὴν

421 3448 778 3519 ὲπεισφοράν.
823 3449 887 3502 Et
926 3447 1037 3522 γάρ
1074 3444 1143 3522 ἦν
1188 3450 1246 3503 ὲν
1286 3449 1469 3520 ἐκείνῃ
1498 3449 1558 3501 τὸ
1590 3446 1908 3518 ἀναγκαῖον,
1944 3447 1998 3499 τί

424 3539 500 3612 μὴ
531 3540 750 3613 μᾶλλον,
799 3541 957 3612 φησὶ,
1014 3541 1163 3597 κατὰ.
1203 3540 1302 3613 τὴν
1354 3539 1506 3607 τάξιν
1558 3540 1763 3611 Ἀαρὼν
1819 3541 1997 3611 ίερεὺς

418 3632 604 3703 ἕτερος
632 3633 1033 3699 ἀναδείκνυται,
1073 3633 1169 3688 καὶ
1195 3634 1255 3688 οὐ
1285 3630 1430 3688 κατὰ
1462 3631 1560 3705 τὴν
1600 3632 1755 3698 τάξιν
1789 3633 1994 3704 Μελχι-

418 3724 576 3779 σεδὲκ
599 3764 618 3791 ,
657 3723 716 3793 ὃς
750 3721 819 3797 ἦν
848 3725 1106 3796 ὁμοίωσις
1144 3726 1241 3781 καὶ
1274 3726 1443 3790 τύπος
1492 3724 1756 3796 Χριστοῦ,
1791 3725 1995 3797 ἥκιστα

419 3813 521 3885 μὲν
567 3814 849 3886 σαρκικιῖκ
900 3815 1269 3887 ίερατεύοντος
1309 3815 1413 3881 ἔτι,
1464 3815 1607 3870 κατὰ
1652 3815 1883 3886 δύναμιν
1932 3815 1991 3870 δὲ

418 3903 621 3974 μᾶλλον
666 3903 1010 3962 ἀκαταλύτου
1066 3905 1256 3977 (diﬁc;
1309 3905 1511 3978 Τρέφει
1563 3906 1673 3978 γάρ
1726 3907 1871 3978 ἡμᾶς
1912 3908 1992 3970 εἰς

415 3997 733 4068 ἀμάραντον
764 3998 911 4068 ζωὴν
960 4000 1082 4062 ταῖς
1107 4001 1396 4068 μυστικαῖς
1423 3998 1777 4071 ἱερουργίαις,
1809 3997 1988 4051 καίτοι

412 4087 692 4159 σαρκικῶς
739 4086 1108 4160 ίερατεύοντος
1157 4088 1387 4161 Ἀαρών.
1433 4087 1721 4141 Βουθυσίαι
1776 4103 1837 4139 τε
1880 4087 1990 4157 γάρ

409 4181 479 4233 δι’
507 4179 696 4243 αὑτοῦ,
741 4180 837 4235 καὶ
881 4180 1166 4252 προϐάτων
1205 4176 1345 4252 ἦσαν
1381 4180 1605 4249 σφαγαὶ,
1656 4178 1750 4234 καὶ
1797 4179 1991 4243 σποδὸς

408 4269 698 4340 δαμάλεων
759 4270 1082 4341 ῥαντίζουσα
1160 4273 1288 4333 τοὺς
1346 4270 1795 4343 κεκοινωμένους,
1852 4268 1990 4342 προς

404 4361 513 4431 τὴν
541 4364 639 4432 τῆς
683 4363 883 4432 σαρκὸς
925 4363 1305 4436 καθαρότητα⁶
1351 4362 1444 4417 καὶ
1482 4363 1645 4434 ἕτερα
1683 4362 1819 4419 ἄττα
1851 4363 1987 4435 πρὸς

405 4452 648 4520 τούτοις,
698 4454 762 4507 οὐ
804 4455 1111 4511 τελειοῦντα
1164 4456 1305 4511 κατὰ
1354 4455 1660 4528 συνείδησιν
1709 4455 1834 4518 τοὺς
1887 4454 1981 4508 λα-

2102 3272 2248 3343 quod
2277 3273 2415 3330 nihil
2470 3275 2735 3346 perﬁcere
2778 3279 2983 3347 valeat;
3036 3281 3382 3339 utilissimam
3424 3301 3554 3341 vero
3578 3288 3675 3343 de-

2100 3372 2371 3420 monstrat
2394 3382 2515 3423 esse
2558 3368 2803 3425 melioris
2853 3371 3095 3426 mandati
3148 3373 3469 3431 illationem.
3535 3378 3670 3434 Nam
3780 3422 3803 3431 -.

2100 3452 2146 3507 si
2182 3453 2239 3508 in
2263 3453 2377 3520 illo,
2410 3455 2609 3525 inquit,
2642 3456 2851 3513 utilitas
2877 3458 2981 3513 sita
2998 3468 3149 3524 erat,
3198 3476 3299 3515 cur
3338 3477 3448 3517 non
3488 3464 3674 3533 potius

2097 3542 2397 3599 secundum
2407 3546 2658 3603 ordinem
2671 3546 2854 3604 Aaron
2876 3551 3136 3606 sacerdos
3156 3552 3296 3609 alius
3325 3553 3671 3611 demonstra-

2096 3643 2206 3701 tur,
2231 3644 2290 3692 et
2316 3652 2427 3694 non
2477 3639 2779 3696 secundum
2823 3642 3077 3699 ordinem
3122 3644 3519 3713 Melchisedec,
3573 3650 3669 3718 qui

2093 3735 2213 3782 erat
2240 3727 2542 3787 similitudo
2591 3746 2655 3788 ac
2690 3740 2851 3805 typus
2881 3733 3108 3799 Christi,
3142 3751 3253 3791 non
3283 3739 3504 3807 quidem
3548 3754 3670 3792 car~

2093 3818 2290 3874 naliter
2323 3822 2691 3899 sacerdotium
2719 3825 3183 3890 administrantis,
3231 3828 3327 3881 sed
3365 3829 3669 3883 secundum

2091 3910 2348 3966 virtutem
2380 3914 2507 3968 vita:
2531 3913 2950 3969 indissolubilis?
2980 3917 3164 3970 Nutrit
3187 3916 3335 3969 enim
3358 3933 3460 3972 nos
3487 3918 3544 3973 in
3563 3919 3668 3973 im-

2091 4002 2523 4055 marcescibilcm
2545 4002 2711 4055 vitam
2736 4002 2978 4071 mysticis
3014 4002 3298 4059 sacriﬁciis
3318 4046 3332 4069 ,
3360 4008 3461 4061 etsi
3486 4009 3669 4066 Aaron

2092 4090 2386 4143 carnaliter
2414 4090 2722 4145 sacerdotio
2737 4090 3017 4162 fungatur.
3042 4093 3213 4148 Boum
3249 4095 3521 4167 siquidem
3546 4116 3665 4156 ma-

2092 4179 2357 4235 ctationes
2380 4194 2480 4250 per
2501 4181 2697 4250 ipsum,
2724 4189 2780 4238 et
2807 4182 2993 4237 ovium
3016 4184 3419 4242 immolationes
3436 4206 3663 4247 exerce-

2090 4267 2312 4335 bantur,
2343 4278 2402 4325 et
2427 4269 2567 4326 cinis
2586 4270 2885 4326 vitulorum
2916 4286 3214 4345 aspergens
3251 4291 3347 4332 eos
3378 4279 3473 4348 qui
3517 4295 3667 4337 com-

2089 4360 2445 4417 municabant
2473 4361 2543 4417 ad
2572 4364 2751 4418 carnis
2794 4364 3108 4434 puritatem,
3155 4367 3371 4438 aliaque
3398 4380 3663 4440 praeterea

2087 4467 2196 4507 non
2221 4452 2558 4523 perﬁcientia
2611 4455 2912 4511 secundum
2959 4457 3351 4516 conscientiam
3395 4464 3658 4520 cultures.

406 4544 722 4618 τρεύοντας.
761 4565 781 4600 ι
811 4548 1094 4604 ’Δδύνατον
1141 4549 1250 4620 γάρ
1298 4543 1436 4617 αἷμα
1466 4548 1703 4620 ταύρων,
1734 4549 1987 4618 ἀφαιρεῖν

2097 4562 2115 4593 ‹
2145 4543 2484 4613 lmpossibile
2504 4545 2651 4599 enim
2677 4554 2763 4601 est
2798 4552 3118 4619 sanguinem
3153 4562 3435 4609 taurorum
3468 4558 3662 4613 tollere

402 4638 702 4710 ἁμαρτίας.
733 4659 752 4693 ι
798 4640 927 4695 Ὅτε
966 4641 1147 4695 τοίνυν
1193 4641 1288 4695 καὶ
1334 4641 1520 4711 ἕτερος
1560 4642 1690 4712 ἡμῖν
1737 4639 1983 4694 εἶσκεκὸ-

402 4721 596 4799 μισται
622 4728 823 4801 τρόπος
857 4729 1168 4799 ἱερουργίας
1206 4730 1439 4799 ἀφιστὰς
1468 4728 1576 4784 τῶν
1619 4727 1852 4801 πρώτων
1890 4728 1984 4783 καὶ

395 4820 772 4891 ἀρχαιοτέρων
803 4821 966 4886 ἐθῶν,
992 4822 1177 4893 ἕτερός
1229 4839 1332 4876 που
1381 4823 1599 4886 πάντως
1640 4822 1736 4876 καὶ
1779 4820 1979 4893 ἱερεύς.

395 4912 516 4966 Καὶ
546 4913 595 4966 εί
622 4912 811 4983 καινὴν
847 4912 1184 4985 ἐπήγγελται
1214 4914 1475 4985 διαθήκην
1498 4914 1527 4966 6
1557 4913 1708 4977 Θεὸς,
1742 4914 1982 4969 παλαιω-

392 5002 591 5073 Θείσης
618 5003 719 5074 τῆς
755 5003 1000 5076 πρώτης,
1032 5007 1063 5058 6
1095 5004 1238 5059 κατὰ
1295 5005 1394 5077 τὴν
1439 5004 1592 5072 τάξιν
1644 5003 1977 5076 Μελχισεδὲκ

389 5096 601 5165 ἱερεὺς,
634 5094 719 5165 ἐφ’
745 5090 808 5151 οὗ
841 5096 1042 5167 πρέποι
1075 5095 1141 5151 ἂν
1171 5097 1265 5151 καὶ
1301 5098 1359 5150 τὸ
1392 5099 1472 5162 εἰς
1512 5097 1684 5153 αἰῶνα
1713 5097 1973 5151 νοεῖσθαιθ

386 5185 574 5249 οὐδεὶς
605 5185 669 5241 ἂν
696 5187 883 5258 ἕτερος
912 5189 998 5259 εἴη
1037 5189 1187 5259 παρᾶ
1227 5189 1315 5242 τὸν
1340 5191 1543 5260 Κύριον
1572 5190 1729 5262 ἡμῶν
1771 5189 1978 5262 Ἰησοῦν

387 5276 655 5348 Χριστὸν,
671 5277 737 5331 δι’
759 5272 822 5332 οῦ
840 5277 937 5332 καὶ
958 5279 1076 5349 μεθ’
1107 5274 1168 5334 οῦ
1196 5279 1401 5351 esset;
1420 5282 1510 5336 καὶ
1543 5282 1710 5350 Πατρὶ
1726 5282 1851 5348 δόξα
1880 5283 1976 5336 σὺν

385 5365 542 5437 ἁγίῳ
575 5366 869 5440 Πνεύματι,
896 5369 977 5432 είς
1007 5369 1133 5433 τοὺς
1162 5369 1365 5433 αἰῶνας
1392 5369 1499 5423 τῶν
1520 5368 1750 5425 αἰώνων.
1780 5373 1973 5442 Ἀμήν.

467 5523 515 5555 ⁸³
549 5522 715 5581 Hebr.
743 5542 838 5596 vn,
875 5525 1077 5593 11,12.
1154 5529 1198 5561 ’⁸
1235 5527 1369 5582 Ibid.
1401 5526 1593 5595 lli-l7;
1622 5528 1763 5583 Psal.
1801 5546 1905 5595 eis,
1941 5531 1993 5583 ἅ.

2088 4641 2310 4704 peccata
2332 4634 2398 4691 ".
2429 4655 2445 4685 ι
2476 4635 2703 4702 Quando
2726 4636 2891 4707 igitur
2915 4640 3054 4696 alius
3078 4642 3242 4697 etiam
3268 4645 3428 4702 nobis
3450 4649 3661 4704 sacrifi-

2089 4726 2158 4781 cii
2183 4726 2378 4783 modus
2406 4735 2490 4781 est
2508 4726 2786 4795 inductus,
2808 4745 2837 4784 a
2860 4731 3053 4800 primis
3073 4749 3137 4790 ac
3174 4736 3454 4793 veteribus
3493 4741 3662 4794 mori-

2088 4818 2194 4874 bus
2217 4818 2526 4885 abducens,
2557 4819 2698 4875 alius
2718 4820 2883 4877 etiam
2917 4825 3143 4880 omnino
3170 4835 3253 4881 est
3282 4829 3557 4884 sacerdos.
3591 4831 3659 4885 Et

2087 4910 2131 4965 si
2162 4926 2363 4966 novum
2388 4918 2775 4968 testamentum
2814 4917 3156 4971 annuntiavit
3182 4918 3345 4983 Deus,
3372 4922 3658 4991 antiquata

2087 5002 2290 5073 priore,
2335 5002 2592 5059 saecrdds
2634 5004 2938 5060 secundum
2986 5007 3239 5062 ordinem
3270 5008 3653 5076 Melchisedec,

2073 5109 2236 5166 quem
2255 5103 2581 5166 perpetuum
2607 5095 2722 5153 fore
2762 5097 3176 5167 intelligendum
3194 5107 3300 5165 est,
3334 5116 3496 5156 nemo
3515 5103 3657 5158 alius

2074 5187 2260 5252 fuerit,
2288 5196 2654 5259 praeterquam
2683 5189 2950 5244 Dominus
2986 5199 3174 5245 noster
3199 5191 3357 5246 Iesus
3379 5192 3655 5259 Christus,

2074 5295 2171 5350 per
2222 5294 2384 5348 quem
2429 5291 2485 5336 ct
2520 5297 2644 5337 cum
2693 5296 2802 5351 quo
2849 5282 2961 5336 Deo
3016 5290 3071 5337 et
3097 5281 3245 5336 Patri
3306 5284 3478 5353 gloria
3527 5298 3650 5339 cum

2076 5381 2265 5428 sancto
2294 5371 2499 5442 Spiritu
2534 5376 2587 5429 in
2611 5373 2807 5429 secula
2830 5373 3173 5428 saeculorum.
3202 5372 3394 5433 Amen.

2074 5532 2120 5561 ¹⁶
2157 5531 2321 5585 Hebr.
2361 5547 2424 5596 κ,
2462 5533 2514 5585 4.
