4056 6260
404 248 498 309 ill

1430 241 1491 297 ‘S.
1534 240 1805 297 CYRILLI
1848 240 2315 296 ALEXANDRINI
2357 238 2672 295 ARCHIEP.

3522 237 3655 299 ..112

460 450 3630 493 mm

900 615 1694 737 ΓΛΑΦΥΡΩΝ
1755 613 1998 727 ΕΙΣ
2070 530 2409 726 ΤΗΝ
2453 614 3099 730 ΓΕΝΕΣΙΝ

1701 838 2142 928 ΒΙΒΛῙΟΝ
2212 831 2330 927 Γ’.

663 1145 1583 1244 GLAPHYRORUM
1646 1147 1767 1235 IN
1816 1144 2344 1236 GENESIM
2402 1145 2766 1239 LIBER
2840 1146 3409 1240 TERTIUS.

407 1460 489 1519 De
522 1458 806 1540 Abraham,
837 1464 887 1509 et
923 1456 986 1509 de
1025 1456 1371 1538 promissione
1400 1473 1515 1579 (ρετ
1557 1456 1732 1538 Isaae2
1775 1466 1822 1515 et
1850 1457 1986 1527 quod

546 1544 641 1590 per
664 1543 799 1594 ipsos
830 1525 1232 1594 pra’ﬁguratum
1262 1535 1328 1579 ειι
1356 1524 1394 1594 ﬁ
1437 1542 1481 1578 et
1520 1534 1844 1594 mysterium.

2091 1455 2234 1525 Περὶ
2262 1453 2371 1508 τοῦ
2414 1451 2683 1521 Ἀϐραὰμ,
2716 1448 2812 1503 καί
2842 1449 2917 1507 t1”
2921 1469 2953 1520 ς
2991 1449 3356 1524 ἐπαγγελίας
3382 1454 3492 1523 τῆς
3520 1458 3669 1513 κατὰ

2160 1525 2268 1578 τὸν
2311 1523 2538 1587 Ἰσαὰκ,
2582 1523 2679 1577 καὶ
2735 1521 2827 1577 ὅτι
2888 1471 2962 1578 δι’
3005 1523 3203 1579 αὐτῶν
3261 1527 3669 1594 προετυποῖτο

546 1544 641 1590 per
664 1529 799 1598 ipsos
830 1525 1232 1599 pra’ﬁguratum
1262 1528 1328 1579 sit
1356 1525 1481 1594 ﬁdei
1520 1527 1844 1596 mysterium.

480 1708 534 1764 1.
558 1706 879 1765 Pontificem
911 1715 966 1761 et
986 1706 1289 1776 apostolum
1313 1704 1674 1760 confessionis
1692 1714 1887 1762 nostrae
1911 1706 1990 1761 ia-

401 1802 555 1858 ctum
575 1814 694 1855 esse
710 1800 991 1855 Christum
1014 1797 1238 1851 divinus
1274 1798 1476 1853 Paulus
1506 1798 1755 1853 scribit"
1783 1799 1991 1868 :quod-

405 1905 513 1962 que
541 1889 716 1946 veteri
743 1888 835 1944 illo
867 1897 923 1943 et
946 1887 1184 1942 Mosaico
1204 1887 1460 1942 mandato
1490 1887 1992 1958 incomparabiliter

405 1982 605 2040 melius
627 1964 788 2051 atque
811 1980 1022 2043 utilius,
1048 1979 1422 2047 evangelicum
1444 1979 1728 2045 nimirum,
1747 1981 1990 2037 melioris

405 2072 519 2144 σε
547 2084 784 2141 sponsor
825 2071 1135 2124 testamenti
1183 2068 1474 2124 tradiderit
1528 2069 1817 2125 manifeste
1855 2085 1989 2125 con-

408 2161 607 2217 ﬁrmat.
634 2161 703 2217 Et
724 2175 888 2216 verus
914 2166 996 2214 est
1033 2174 1214 2215 sermo
1234 2200 1247 2225 ,
1272 2159 1546 2230 siquidem
1582 2161 1671 2215 lex
1696 2160 1833 2214 iram
1855 2175 1990 2231 ope-

409 2261 581 2318 ratur,
607 2259 664 2307 et
688 2257 976 2322 peccatum
1006 2249 1354 2317 manifestat;
1380 2251 1645 2322 justiﬁcat
1674 2260 1855 2305 autem
1890 2266 1994 2307 nos

407 2344 603 2415 gratia,
650 2340 950 2397 Salvatoris
995 2341 1173 2397 nostri
1214 2340 1553 2411 benignitate
1591 2340 1989 2397 administrata.

406 2432 880 2505 Quemadmodum
916 2432 1064 2486 enim
1098 2431 1213 2501 ipse
1247 2431 1451 2485 alicubi
1484 2433 1559 2486 ait
1588 2472 1603 2496 ,
1665 2448 1776 2487 non
1842 2434 1995 2489 venit

409 2535 474 2583 ut
488 2525 701 2597 iudicet
734 2523 1022 2589 mundum,
1072 2525 1166 2577 sed
1216 2530 1276 2576 ut
1322 2523 1561 2578 salvetur
1613 2525 1851 2581 mundus
1896 2542 1995 2596 per

411 2619 590 2690 ipsum
617 2613 683 2670 ³⁸.
736 2614 893 2682 Quod
919 2615 1113 2686 igitur,
1172 2616 1388 2670 etiamsi
1441 2631 1551 2670 non
1586 2616 1657 2670 sit
1703 2626 1876 2683 ortus,
1910 2633 1996 2673 se-

409 2708 651 2764 cundum
685 2721 928 2772 carnem,
970 2722 1041 2761 ex
1079 2705 1225 2761 tribu
1271 2704 1424 2771 Levi,
1452 2716 1678 2762 vocatus
1704 2717 1884 2763 autem
1911 2717 1995 2763 est

2160 1521 2268 1578 τὸν
2311 1523 2538 1587 Ἰσαὰκ,
2582 1523 2679 1577 καὶ
2735 1521 2827 1577 ὅτι
2888 1521 2962 1578 δι’
3005 1521 3203 1579 αὐτῶν
3261 1521 3671 1594 amantia-tofm

2159 1594 2272 1664 τῆς
2304 1595 2564 1660 πίστεως
2593 1594 2661 1648 τὸ
2676 1594 3038 1664 μυστήριον.

2160 1715 2232 1763 α’.
2278 1708 2567 1780 Ἀρχιερέα
2607 1706 2703 1762 καὶ
2744 1706 3045 1762 ἀπόστολον
3068 1707 3168 1778 τῆς
3201 1707 3489 1779 ὁμολογίας
3516 1708 3672 1780 ἡμῶν

2090 1799 2342 1870 γενέσθαι
2375 1798 2628 1869 Χριστὸν,
2662 1801 2690 1851 6
2720 1798 3005 1861 θεσπέσιος
3041 1797 3243 1867 γράφει
3287 1798 3533 1863 Παῦλος·
3578 1799 3672 1853 καὶ

2095 1891 2220 1963 μὴν,
2259 1891 2341 1945 ὅτι
2365 1890 2464 1962 τῆς
2498 1890 2730 1963 ἀρχαίας
2758 1889 2853 1943 καὶ
2891 1888 2983 1943 διὰ
3032 1890 3275 1955 Μωσέως
3322 1890 3544 1961 ἐντολῆς
3573 1892 3673 1962 τὴν

2090 1983 2434 2055 ἀσυγκρίτως
2463 1983 2674 2051 ἀμείνω
2714 1982 2811 2034 καὶ
2841 1982 3283 2054 προφερεστέραν
3313 1981 3445 2052 ἡμῖν
3486 1983 3672 2035 είσκε-

2093 2074 2355 2146 κομικὼς,
2386 2074 2528 2144 φημὶ
2555 2073 2620 2145 δὴ
2650 2073 2748 2145 τὴν
2780 2071 3159 2144 εύαγγελικὴν,
3207 2073 3517 2144 κρείττονος
3556 2074 3672 2128 δια-

2093 2167 2266 2238 Θήκης
2313 2165 2535 2235 γέγονεν
2566 2165 2861 2236 ἐγγυητὴς,
2903 2162 3273 2218 διεϐεϐαιοῦτο
3308 2163 3518 2236 σαφῶς.
3555 2166 3669 2219 Καὶ

2094 2258 2296 2331 ἀληθὴς
2331 2262 2358 2312 6
2400 2257 2557 2326 λόγος
2580 2273 2593 2287 ο
2628 2258 2787 2326 εἴπερ
2815 2259 2843 2310 6
2873 2255 2972 2327 μὲν
3014 2256 3179 2327 νόμος
3206 2255 3375 2329 ὀργὴν
3397 2256 3675 2330 κατεργά-

2094 2351 2266 2417 ζεται,
2301 2351 2394 2404 καὶ
2422 2348 2695 2420 ἁμαρτίας
2725 2349 2872 2401 ἐστὶν
2909 2348 3353 2419 παραδεικτικδς,
3385 2348 3586 2402 δικαιοῖ
3611 2349 3674 2402 δὲ

2094 2442 2240 2513 ἡμᾶς
2266 2441 2297 2511 ή
2329 2438 2418 2493 διά
2462 2439 2563 2508 τῆς
2591 2437 2683 2491 τοῦ
2724 2437 2973 2509 Σωτῆρος
3009 2437 3167 2509 ὴμῶν
3192 2439 3526 2511 ἡμερότητος
3553 2438 3675 2492 δια-

2094 2529 2394 2600 κονουμένη
2424 2528 2605 2599 χάρις.
2653 2528 2740 2592 Ὡς
2792 2528 2900 2599 γὰρ
2951 2528 3112 2591 αὐτός
3169 2527 3271 2582 πού
3320 2545 3504 2599 φησιν,
3567 2528 3674 2583 ούκ

2092 2618 2255 2692 ἦλθεν
2280 2620 2366 2675 ἴνα
2396 2619 2556 2692 κρίνῃ
2574 2617 2666 2672 τὸν
2697 2618 2924 2688 κόσμον,
2965 2619 3079 2674 ἀλλ’
3110 2621 3196 2674 ἵνα
3227 2619 3372 2692 σωθῇ
3409 2622 3437 2674 6
3464 2620 3675 2692 κόσμος

2094 2711 2159 2764 δι’
2199 2710 2384 2765 αὑτοῦ.
2450 2710 2572 2764 Ὀτι
2626 2709 2827 2776 τοίνυν,
2863 2709 2966 2764 κᾶν
3010 2713 3056 2764 εί
3107 2711 3180 2782 μὴ
3206 2710 3397 2781 γέγονε
3439 2710 3499 2765 τδ
3528 2711 3674 2765 κατὰ

407 2806 563 2855 etest
586 2797 843 2854 sacerdos
863 2797 919 2852 in
945 2806 1212 2853 aeternum
1243 2798 1544 2853 secundum
1575 2800 1826 2855 ordinem
1856 2801 1990 2856 Mel-

2095 2800 2278 2872 σάρκα
2305 2800 2466 2872 τυχὸν
2486 2801 2550 2853 ὲκ
2581 2800 2753 2871 φυλῆς
2771 2799 2863 2854 τοῦ
2895 2799 3050 2865 Λευῒ,
3083 2801 3456 2873 κεχρημάτικέ
3485 2819 3545 2855 τε
3574 2802 3674 2856 καὶ

407 2889 684 2955 chisedec,
717 2888 936 2943 abunde
983 2889 1118 2943 satis
1146 2904 1180 2942 a
1206 2888 1367 2943 nobis
1400 2889 1833 2945 demonstratum
1884 2901 1987 2947 est.

406 2977 563 3047 Quod
594 2994 726 3035 vero
759 2979 1080 3051 mysterium
1106 2978 1510 3051 justiﬁeatiouis
1540 2996 1640 3051 per
1662 2980 1824 3036 ﬁdem
1845 2982 1990 3036 anti-‘

407 3070 675 3142 quiorem,
706 3087 868 3142 quam
893 3070 1238 3127 circumcisio
1268 3071 1536 3143 originem
1560 3072 1778 3139 habeat,
1813 3073 1999 3143 quod—'

408 3175 516 3232 que
532 3160 796 3215 lsraelitis
818 3161 876 3215 in
900 3168 1026 3231 typo
1056 3175 1122 3215 ac
1144 3160 1318 3232 ﬁgura
1342 3161 1774 3232 praenuntiatum
1798 3161 1985 3227 fuerit,

407 3265 506 3307 eos
522 3249 759 3305 nonalia
796 3250 1008 3304 ratione
1032 3266 1272 3320 unquam
1292 3251 1487 3307 salvari
1507 3266 1688 3321 posse,
1711 3267 1873 3321 quam
1892 3268 1991 3322 per

408 3339 690 3398 Christum
707 3340 1097 3412 justiﬁeantem
1118 3340 1367 3411 impium,
1386 3349 1443 3397 et
1466 3341 1838 3396 remittentem
1858 3355 1990 3411 pec-

409 3439 532 3488 cata
567 3449 582 3485 :
606 3441 871 3502 praeterea
915 3432 1065 3502 quod
1095 3432 1341 3487 haeredes
1364 3432 1482 3498 Dei,
1510 3442 1675 3502 atque
1702 3431 1845 3486 inter
1872 3447 1990 3488 ma-

410 3524 556 3580 xime
578 3523 855 3595 legitimos
888 3522 1031 3579 ﬁlios
1070 3523 1376 3579 collocandi
1405 3525 1516 3579 sint
1543 3524 1582 3578 ii
1624 3525 1720 3595 qui
1749 3540 1817 3580 ex
1857 3539 1990 3595 pro-

412 3616 675 3672 missione
704 3622 832 3671 sunt
866 3615 922 3669 in
951 3615 1104 3671 Isaac
1131 3615 1273 3670 facta
1296 3614 1364 3670 ad
1413 3615 1636 3670 beatum
1680 3615 1986 3683 Abraham;

412 3722 534 3778 age,
552 3706 823 3771 dicamus,
842 3721 910 3761 ex
939 3705 1074 3776 ipsis
1095 3706 1265 3760 sacris
1291 3705 1516 3761 Litteris
1538 3707 1908 3775 desumentes,
1934 3714 1992 3762 et

411 3797 844 3872 uniuscujusque
906 3799 986 3854 rei
1057 3806 1370 3853 accuratam
1446 3798 1831 3869 probationem
1889 3814 1989 3870 pe-

412 3896 610 3947 tentes.

2092 2889 2238 2942 ἐστιν
2283 2890 2574 2962 ἀρχιερεὺς
2604 2888 2684 2952 είς
2724 2888 2815 2942 τὸν
2862 2889 3036 2943 αἰῶνα
3087 2891 3229 2944 κατά
3261 2891 3358 2961 τὴν
3387 2890 3542 2957 τάξιν
3569 2893 3675 2957 τῆς

2092 2979 2396 3052 ἱερωσύνης
2442 2978 2798 3049 Μελχισεδὲκ,
2834 2977 3203 3051 ἀποχρώντως
3260 2981 3394 3051 ἡμῖν
3443 2980 3544 3052 ἥδη
3590 2979 3675 3033 δι-

2091 3069 2290 3134 έδειξεν
2321 3072 2349 3124 ό
2380 3069 2559 3138 λόγος.
2595 3068 2718 3122 Ὅτι
2747 3069 2805 3122 δὲ
2852 3070 2952 3140 τῆς
3011 3070 3069 3124 έν
3114 3068 3296 3122 πίστει
3324 3069 3674 3141 δικαιοσύνης

2088 3164 2150 3218 τὸ
2185 3164 2485 3235 μυστήριον
2517 3164 2618 3234 τῆς
2659 3164 2717 3217 ἐν
2769 3163 2920 3234 νόμῳ
2958 3162 3264 3234 περιτομῆς
3294 3162 3676 3236 πρεσϐυτέραν

2047 3264 2052 3269 ·
2091 3254 2202 3325 ἔχει
2254 3255 2355 3325 τὴν
2411 3254 2846 3325 προανάρῤησιν,
2892 3255 2988 3308 καὶ
3041 3255 3123 3308 δτι
3180 3251 3674 3325 προκατεγράφετο

2089 3348 2201 3410 τοῖς
2225 3344 2285 3410 ἐξ
2325 3345 2540 3417 Ἰσραὴλ
2576 3348 2604 3399 6
2632 3346 2801 3409 τύπος
2833 3345 2951 3414 τοῦ,
2983 3345 3057 3417 μὴ
3086 3345 3153 3400 ἂν
3186 3345 3389 3417 ἑτέρως
3410 3344 3671 3400 δύνασθαι

2093 3435 2332 3506 σωθῆναί
2378 3452 2531 3504 ποτε,
2568 3436 2705 3507 πλὴν
2730 3437 2812 3491 ὅτι
2866 3436 2955 3490 διὰ
2990 3437 3152 3508 μόνου
3196 3436 3432 3508 Χριστοῦ
3462 3435 3557 3490 τοῦ
3586 3436 3670 3492 δι-

2091 3527 2373 3591 καιοῦντος
2414 3527 2499 3582 τὸν
2532 3529 2725 3600 ἀσεϐῆ,
2774 3530 2868 3583 καὶ
2924 3530 3167 3592 ἀνιέντος
3190 3529 3528 3601 ἐγκλήματα.
3559 3530 3672 3584 Καὶ

2090 3618 2226 3689 πρός
2256 3634 2318 3687 γε
2349 3618 2413 3689 δὴ
2440 3618 2667 3684 τούτοις,
2689 3620 2770 3672 ὅτι
2800 3618 2935 3673 Θεοῦ
2966 3618 3311 3691 κληρονόμοι,
3340 3619 3435 3673 ml.
3472 3620 3531 3672 ὲν
3557 3623 3673 3685 τοῖς

2089 3713 2171 3766 ὅτι
2188 3711 2421 3782 μάλιστα
2439 3712 2682 3782 γνησίοις
2710 3704 3165 3780 κατατετάξονται
3187 3711 3397 3774 τέκνοις
3423 3711 3473 3763 οί
3496 3698 3673 3782 ε’κτῆς

2089 3803 2439 3874 ἐπαγγελίας,
2456 3805 2553 3876 τῆς
2569 3805 2626 3857 ὲν
2640 3804 2827 3860 Ἰσαὰκ
2844 3804 3214 3875 γεγενημένης
3234 3803 3371 3875 πρὸς
3385 3802 3476 3857 τὸν
3495 3803 3674 3874 μακά·

2091 3894 2204 3968 ριον
2221 3895 2493 3967 Ἁϐραάμ,
2521 3894 2655 3966 φέρε
2676 3894 2740 3966 δὴ
2755 3894 3019 3966 λέγωμεν,
3046 3894 3107 3959 ἐξ
3128 3894 3307 3949 αὐτῶν
3322 3892 3534 3956 ἑλόντες
3560 3892 3672 3946 τῶν

2090 3987 2252 4059 ίερῶν
2291 3986 2662 4059 Γραμμάτων,
2692 3986 2787 4039 καὶ
2823 3985 2924 4048 τὰς
2970 3985 3054 4051 ἐφ’
3084 3986 3300 4057 ἑκάστῳ
3352 3982 3671 4054 ποιούμενοι

2089 4078 2306 4141 πίστεις
2330 4077 2543 4140 λεπτως
2565 4079 2659 4130 καὶ
2691 4075 3105 4148 ἐξητασμένῶς.

478 4166 535 4224 ε.
566 4165 770 4223 Paulus
789 4165 973 4234 itaque
1004 4164 1074 4219 ad
1104 4164 1381 4218 Romanos
1414 4163 1496 4218 ita
1520 4165 1720 4219 scribit
1746 4182 1764 4217 τ
1798 4182 1816 4216 ι
1844 4163 1986 4231 Quid

2169 4170 2236 4243 β’.
2274 4170 2482 4242 Γράφει
2516 4169 2696 4225 τοίνυν
2734 4167 3028 4240 Ῥωμαίοις
3053 4168 3082 4221 6
3110 4164 3399 4239 ἱερώτατος
3431 4164 3667 4231 Παῦλος·

410 4258 578 4331 igitur
604 4257 851 4312 dicemus
883 4253 1157 4309 invenisse
1187 4251 1465 4308 Abraham
1497 4262 1709 4322 patrem
1737 4262 1991 4308 nostrum

411 4347 716 4406 secundum
738 4346 999 4402 carnem?
1040 4344 1097 4400 Si
1140 4347 1288 4399 enim
1323 4344 1596 4399 Abraham
1622 4360 1689 4400 ex
1729 4345 1992 4416 operibus

411 4440 549 4512 legis
571 4436 902 4512 justiﬁeatus
945 4443 1052 4501 est,
1082 4436 1252 4491 habet
1283 4436 1534 4507 gloriam,
1574 4436 1673 4492 sed
1708 4451 1818 4492 non
1847 4436 1992 4508 apud

411 4530 606 4587 Deum.
628 4527 773 4596 Quid
798 4526 946 4583 enim
963 4524 1098 4581 dicit
1113 4524 1689 4597 Scriptura?Credidit
1715 4527 1990 4583 Abraham

414 4622 547 4687 Deo,
560 4629 631 4675 'et
652 4624 966 4688 reputatum
986 4624 1072 4671 est
1098 4615 1181 4670 illi
1199 4616 1267 4672 ad
1286 4616 1574 4687 justitiam.
1604 4618 1668 4673 Ei
1690 4626 1872 4672 autem
1895 4617 1991 4687 qui

412 4717 693 4781 operatur,
717 4721 929 4762 merces
955 4720 1062 4759 non
1086 4705 1388 4775 imputatur
1409 4707 1709 4761 secundum
1736 4707 1988 4778 gratiam,

411 4800 509 4858 sed
536 4798 839 4857 secundum
867 4796 1134 4853 debitum.
1163 4797 1233 4851 Ei
1255 4813 1388 4852 vero
1432 4798 1529 4868 qui
1566 4814 1675 4853 non
1709 4807 1988 4868 operatur,

412 4893 657 4949 credenti
679 4901 865 4948 autem
886 4890 956 4946 sin
986 4906 1112 4946 eum
1141 4889 1237 4959 qui
1254 4888 1518 4960 justilicat
1539 4890 1790 4961 impium,
1824 4906 1990 4962 repu-

416 4992 560 5038 tatur
594 4982 729 5037 ﬁdes
751 4982 871 5053 ejus
897 4980 968 5036 ad
1000 4980 1292 5051 justitiam,
1322 4979 1629 5035 secundum
1649 4982 1990 5050 propositum

413 5076 598 5145 gratiae
627 5074 743 5130 Dei.
791 5073 947 5127 Sicut
984 5081 1040 5127 et
1069 5072 1239 5128 David
1279 5071 1416 5125 dicit
1454 5071 1851 5127 beatitudinem
1887 5072 1989 5127 ho-

414 5161 596 5226 minis,
608 5161 701 5216 cui
724 5161 870 5215 Deus
893 5168 1118 5230 accepto
1139 5161 1247 5216 fert
1256 5159 1545 5232 justitiam,
1560 5160 1682 5216 sine
1695 5163 1954 5232 operibus
1973 5180 1986 5217 :

416 5250 565 5308 Beati
587 5268 821 5321 quorum
854 5252 1096 5307 remissa:
1130 5260 1259 5307 sunt
1307 5252 1645 5323 iniquitates,
1676 5262 1732 5308 et
1754 5269 1989 5323 quorum

415 5351 556 5398 tecta
587 5352 715 5397 sunt
734 5354 984 5411 peccata.
1037 5343 1239 5399 Beatus
1284 5343 1372 5397 vir
1399 5343 1488 5397 cui
1540 5358 1651 5397 non
1703 5343 1991 5412 imputavit

418 5429 680 5487 Dominus
693 5435 1076 5503 peccatum'”.
1098 5433 1385 5490 Beatitudo
1396 5449 1525 5506 ergo
1543 5434 1657 5491 haec
1679 5434 1732 5487 in
1751 5435 1988 5488 circum-

490 5605 740 5665 νέων.
776 5624 856 5677 ιιι,
890 5609 941 5665 1.

1017 5612 1063 5644 ’³
1105 5610 1261 5667 Joan.
1306 5629 1401 5683 xu,
1437 5615 1490 5670 4.
1571 5612 1640 5646 ²⁸¹
1664 5613 1815 5670 ‘Psai.
1846 5630 1988 5681 xxxi,
2016 5615 2065 5669 i.

2091 4263 2157 4316 Τί
2190 4257 2283 4315 οὖν
2334 4261 2566 4333 ἐροῦμεν
2613 4260 2907 4339 εὑρηκέναι
2940 4257 3191 4332 Ἀϐραὰμ
3230 4257 3320 4312 τδν
3349 4257 3668 4329 προπάτορα

2092 4350 2248 4423 ἡμῶν
2281 4352 2423 4405 κατά
2471 4350 2683 4421 σάρκας
2709 4350 2903 4421 Είγάρ
2940 4349 3191 4422 Ἀϐραὰμ
3234 4348 3292 4416 ἐξ
3339 4347 3518 4420 ἔργων
3556 4347 3668 4401 ἐδι-

2093 4440 2327 4513 καιώθη,
2361 4441 2475 4512 ἔχει
2520 4442 2803 4511 καύχημα,
2838 4440 2951 4493 ἀλλ’
2981 4441 3040 4494 ού
3087 4441 3222 4512 πρὸς
3266 4438 3418 4493 Θεόν.
3460 4437 3526 4491 Τί
3555 4437 3666 4509 γάρ

2093 4533 2126 4599 ἡ
2152 4529 2536 4600 Γραφὴλέγει;
2582 4528 2899 4585 Ἐπίστευσε
2930 4530 2987 4585 δὲ
3033 4529 3283 4602 Ἀϐραὰμ
3296 4527 3373 4601 τῷ
3401 4528 3542 4600 Θεῷ,
3568 4528 3668 4583 καὶ

2092 4620 2343 4692 ἐλογίσθη
2389 4620 2539 4691 αύτῷ
2582 4623 2663 4685 είς
2699 4619 3067 4692 δικαιοσύνην.
3101 4620 3191 4691 Τῷ
3222 4621 3280 4675 δὲ
3313 4619 3666 4692 ἐργαζομένῳ

2092 4714 2121 4766 ό
2156 4713 2344 4784 μισθὸς
2373 4713 2435 4765 ού
2463 4711 2735 4781 λογίζεται
2766 4714 2907 4767 κατά
2936 4712 3115 4783 χάριν,
3145 4711 3281 4766 ἀλλὰ
3330 4711 3474 4766 κατά
3520 4712 3666 4780 ὀφεί-

2091 4804 2261 4875 λημα.
2296 4803 2387 4875 Τῷ
2409 4802 2467 4857 δὲ
2499 4804 2575 4876 μὴ
2602 4803 2973 4876 ἐργαζομένῳ,
2999 4803 3307 4858 πιστεύοντι
3353 4802 3410 4855 δὲ
3454 4803 3546 4857 ἐπὶ
3575 4801 3666 4855 τὸν

2091 4893 2399 4950 δικαιοῦντα
2428 4894 2521 4948 τὸν
2562 4895 2761 4965 ἀσεϐῆ,
2793 4894 3068 4963 λογίζεται
3108 4896 3141 4966 ἡ
3180 4895 3363 4958 πίστις
3397 4892 3562 4948 αὐτοῦ
3587 4894 3664 4955 είς

2090 4983 2458 5054 δικαιοσύνην.
2506 4983 2777 5054 Καθάπερ
2816 4985 2912 5038 καὶ
2959 4984 3125 5038 Δασὶδ
3176 4985 3324 5053 λέγει
3359 4983 3450 5038 τὸν
3489 4997 3675 5053 μακαα

2095 5076 2288 5146 ρισμὸν
2312 5074 2403 5129 τοῦ
2431 5074 2739 5146 ἀνθρώπου,
2852 5075 2880 5128 6
2911 5075 3044 5140 Θεὸς
3076 5075 3347 5144 λογίζεται
3389 5072 3665 5129 δικαιοσύο

2090 5184 2209 5237 νην,
2241 5165 2412 5236 χωρὶς
2458 5166 2652 5235 ἔργων’
2687 5166 2964 5235 Μακάριοι
3003 5159 3078 5219 ὧν
3118 5164 3399 5234 ἀφέθησαν
3429 5165 3487 5217 αἱ
3539 5162 3667 5216 ἀνοο

2094 5258 2233 5327 μίαι,
2262 5257 2355 5309 καὶ
2383 5249 2457 5310 ὧν
2494 5256 2952 5326 ὲπεκαλύφοησαν
2983 5257 3037 5310 αἱ
3070 5256 3332 5328 ἁμαρτίαι
3353 5273 3367 5285 ·
3392 5255 3662 5325 μακάριος

2090 5347 2250 5415 ἀνὴρ,
2284 5338 2329 5413 ᾧ
2371 5346 2433 5399 ού
2487 5347 2559 5418 μὴ
2588 5347 2867 5417 λογίσηται
2890 5348 3092 5415 Κύριος
3122 5348 3416 5418 ἁμαρτίαν.
3460 5347 3520 5399 '0
3555 5359 3661 5414 μα·
3732 5348 3749 5364 ’

2091 5437 2360 5509 χειρισμὸς
2403 5433 2494 5491 οὖν
2525 5431 2698 5504 οὗτος,
2729 5439 2817 5492 ἐπὶ
2852 5439 2948 5511 τὴν
2987 5438 3308 5510 περιτομὴν,
3422 5436 3513 5490 καὶ
3565 5431 3658 5488 ἐπὶ
