4056 6260
426 429 527 485 iis
1400 418 1921 480 curamonun
1960 418 2026 474 IN
2066 415 2365 473 cesssm
2407 416 2534 471 LIB.
2575 414 2663 471 m.
3580 422 3687 478 ιιι

426 549 527 620 τὴν
586 545 983 618 ὰκροϐυοτίανς
1034 544 1280 616 Λέγομεν
1326 542 1452 613 γὰρ,
1506 543 1589 597 ὅτι
1638 538 1891 610 ἱλογίσθη
1917 537 1995 608 τῷ

2117 536 2303 592 :isione
2325 543 2530 590 tantum
2550 543 2751 599 manet,
2783 549 2850 589 an
2872 535 3107 591 etiamin
3130 536 3687 608 prmputio?Dicimus

437 638 691 710 Ἀϐραὰμ
737 639 770 709 ἡ
823 636 1002 701 πίστις
1053 640 1132 700 εἰς
1189 633 1557 711 δικαιοσύνην.
1595 633 1720 697 Πῶς
1763 626 1856 685 οὗν
1884 631 2002 684 ἑλο-

2117 626 2253 681 enim
2282 626 2409 696 quia
2432 634 2681 697 reputata
2714 636 2800 681 est
2849 625 3081 682 Abrahae
3121 625 3257 683 ﬁdes
3298 626 3365 682 ad
3390 629 3680 699 justitiam.

432 727 627 799 γίσθη;
667 727 725 781 έν
766 728 1038 798 περιτομῇ
1082 724 1217 786 ὄντι,
1246 722 1278 794 ἢ
1330 725 1387 777 ιν
1414 718 1779 792 ἀκροϐυστία;
1807 717 1923 770 Ούκ
1945 717 2003 769 ἑν

2117 712 2392 781 Quomodo
2420 729 2551 787 ergo
2572 725 2823 786 reputata
2849 715 2968 771 est?
3001 716 3057 770 in
3076 716 3516 784 circumcisione,
3538 735 3605 774 an
3626 721 3680 775 in

434 817 733 888 περιτομῇ,
806 816 993 887 φησιν,
1039 813 1154 869 ἀλλ’
1200 814 1259 868 ὲν
1315 810 1672 882 ἀκροϐυστία.
1732 807 1844 863 Καὶ
1906 822 2004 877 σηο

2117 806 2409 877 praeputio?
2446 807 2563 863 Non
2622 807 2679 863 in
2732 806 3171 874 circumcisione,
3226 808 3423 880 inquit,
3475 809 3571 867 sed
3626 813 3682 867 in

434 910 580 978 μεῖον
634 906 794 960 ιλαϐε
840 905 1163 978 περιτομῆς,
1191 902 1458 974 σφραγῖδα
1516 902 1616 972 τῆς
1661 899 2005 967 δικαιοσύνης

2117 898 2397 969 praeputio.
2451 899 2518 955 Et
2543 899 2757 971 signum
2787 900 2998 970 accepit
3021 901 3475 968 circumcisionis,
3500 903 3682 975 signa-

430 999 526 1067 τῆς
560 997 801 1059 πίστεως
832 996 936 1066 τῆς
963 996 1023 1048 ἐν
1044 996 1112 1065 τῇ
1144 991 1499 1064 ἀκροϐυστίᾳ,
1529 994 1608 1055 είς
1637 991 1698 1045 τὸ
1725 984 1862 1043 εἶναι
1908 989 2007 1041 αύ-

2117 989 2293 1043 culnm
2317 990 2539 1060 iustitia
2560 990 2706 1055 ﬁdei,
2734 1006 2852 1061 qua
2876 1000 2959 1047 est
2978 992 3031 1046 in
3057 992 3346 1062 praeputio,
3412 1002 3472 1048 ut
3494 994 3561 1051 sit
3587 1010 3683 1065 pa-

430 1088 523 1143 τδν
556 1088 774 1160 πατέρα
827 1087 1047 1141 πάντων
1100 1086 1208 1140 τῶν
1256 1086 1620 1139 πιστευόντων
1661 1082 1730 1136 δι’
1772 1077 2008 1151 ἀκροϐυ-

432 1176 606 1241 στίας,
648 1178 731 1238 είς
760 1176 822 1228 τὸ
849 1175 1168 1246 λογισθῆναι
1198 1176 1378 1237 αὐτοῖς
1410 1175 1490 1237 είς
1521 1170 1890 1240 δικαιοσύνην,
1914 1170 2009 1222 καὶ

432 1267 645 1339 πατέρα
688 1267 991 1339 περιτομῆς
1041 1269 1157 1330 τοῖς
1213 1266 1312 1319 οὐκ
1362 1267 1426 1318 ὲκ
1486 1263 1793 1333 περιτομῆς
1827 1261 2006 1331 μόνον,

431 1356 568 1413 ἀλλὰ
591 1360 689 1412 καὶ
716 1363 826 1422 τοῖς
866 1356 1137 1428 στοιχοῦσι
1165 1360 1276 1421 τοῖς
1323 1357 1496 1427 ῐχνεσι
1543 1357 1642 1426 τῆς
1694 1356 1753 1408 ὲν
1778 1354 2012 1425 ἀκροϐυ-

437 1449 560 1519 στίᾳ
616 1448 851 1514 πίστεως
894 1447 1001 1501 ’τοῦ
1044 1448 1253 1519 πατρὸς
1315 1445 1472 1518 ἡμῶν
1521 1444 1794 1517 Ἀϐραὰμ.
1828 1462 1847 1497 ι
1898 1443 2010 1497 Καὶ

434 1540 572 1611 πρὸς
594 1540 660 1612 δὴ
690 1540 924 1603 τούτοις,
958 1532 1274 1611 ἰσχνοτέραν
1302 1539 1382 1593 ἔτι
1415 1541 1646 1593 ποιεῖται
1675 1537 1770 1592 τοῦ
1803 1551 2009 1608 μυστη-

440 1631 556 1702 ρίου
604 1631 705 1702 τὴν
745 1630 997 1702 βάσανον.
1047 1631 1203 1686 Οὕτω
1225 1630 1284 1684 τέ
1316 1647 1479 1700 φησιν
1497 1645 1510 1660 ·
1539 1647 1559 1682 ι
1580 1629 1654 1683 Ού
1684 1630 1794 1700 γὰρ
1815 1627 1903 1682 διὰ
1927 1625 2012 1679 νό-

442 1739 545 1793 μου
592 1723 628 1793 ὴ
676 1721 976 1792 ἀπαγγελία
1020 1721 1100 1793 τῷ
1137 1721 1408 1794 Ἀϐραὰμ,
1443 1721 1477 1792 ἢ
1505 1721 1582 1793 τῷ
1607 1721 1881 1791 σπέρματι
1916 1717 2013 1771 αὺ-

2115 1088 2198 1135 ter
2231 1082 2476 1136 omnium
2517 1083 2857 1138 credentium
2898 1099 2997 1154 per
3038 1085 3389 1155 praeputium,
3418 1093 3480 1140 ut
3518 1101 3684 1157 repu-

2115 1179 2263 1228 tetur
2290 1173 2399 1244 67
2425 1172 2534 1229 illis
2565 1173 2633 1229 ad
2666 1174 2933 1246 justitiam
2972 1194 2984 1229 :
3012 1184 3068 1231 et
3098 1176 3167 1230 sit
3205 1185 3360 1246 pater
3394 1178 3684 1233 circumci-

2116 1263 2286 1319 sionis
2316 1280 2425 1319 non
2478 1264 2546 1320 iis
2594 1272 2803 1320 tantum
2841 1266 2935 1337 qui
2979 1274 3106 1322 sunt
3137 1281 3203 1321 ex
3241 1266 3681 1331 circumcisione,

2117 1353 2213 1408 sed
2241 1361 2297 1408 et
2326 1353 2395 1408 iis
2435 1355 2530 1425 qui
2565 1362 2845 1410 sectantur
2880 1354 3107 1426 vestigia
3160 1355 3307 1422 ﬁdei,
3339 1372 3460 1428 qua:
3496 1366 3580 1413 est
3628 1357 3685 1411 in

2116 1446 2382 1515 praeputio
2406 1446 2576 1515 patris
2622 1447 2793 1501 nostri
2838 1446 3068 1501 Abrahae
3093 1448 3159 1500 ”.
3202 1466 3219 1500 ι
3255 1447 3524 1503 Prmterea
3558 1446 3687 1503 sub-

2119 1536 2353 1591 tiliorem
2393 1537 2554 1607 hujus
2580 1537 2825 1609 mysterii
2861 1538 3240 1608 probationem
3293 1537 3475 1606 addit;
3523 1548 3687 1610 atque

2118 1629 2192 1684 ita
2218 1628 2294 1683 ait
2326 1645 2339 1682 :
2367 1648 2385 1680 ι
2433 1627 2554 1683 Non
2584 1628 2729 1683 enim
2770 1643 2869 1698 per
2905 1629 3080 1700 legem
3110 1629 3402 1700 promissio
3434 1629 3682 1694 Abrahae,

2118 1728 2211 1774 aut
2267 1718 2463 1775 semini
2509 1719 2647 1789 ejus,
2703 1728 2764 1773 ut
2810 1718 2985 1774 haeres
3028 1728 3175 1774 esset
3231 1718 3444 1784 mundi,
3473 1718 3688 1790 sedper

438 1812 558 1879 τοῦ,
588 1812 652 1868 τὺ
686 1815 1022 1887 κληρονόμον
1065 1814 1228 1868 αὐτὸν
1277 1809 1418 1868 εἶναι
1465 1811 1560 1866 τοῦ
1613 1811 1840 1882 κόσμου,
1877 1808 2011 1863 ἀλλὰ

2117 1810 2376 1883 justitiam
2395 1811 2540 1866 ﬁdei.
2564 1809 2621 1865 Si
2660 1810 2805 1866 enim
2831 1809 2926 1880 qui
2976 1825 3043 1865 ex
3070 1810 3211 1881 lege,
3242 1810 3486 1867 lia-redes
3535 1821 3683 1874 sunt.

437 1900 529 1955 διὰ
582 1886 933 1973 δικαιοσύνης
967 1903 1228 1965 πίστεως.
1261 1902 1324 1954 Ei
1352 1900 1465 1972 γὰρ
1492 1901 1544 1953 οἱ
1584 1899 1650 1954 ὲκ
1693 1900 1857 1970 νόμου
1888 1898 2011 1969 κλη-

2117 1904 2389 1960 exinanita
2427 1912 2512 1958 est
2561 1901 2715 1967 ﬁdes,
2760 1909 2816 1957 et
2847 1901 3050 1956 abolita
3099 1911 3185 1958 est
3222 1901 3533 1971 promissio.
3576 1902 3687 1957 Lex

443 1991 680 2064 ρονόμοι,
710 1993 866 2064 φησι,
902 1992 1271 2046 ὶκκεκένωται
1300 1993 1333 2057 ἡ
1384 1990 1590 2057 πίστις,
1615 1988 1708 2042 καὶ
1733 1989 2009 2058 κατήργη-

438 2098 530 2138 ’ται
559 2085 597 2155 ἡ
624 2083 944 2152 ἐπαγγελία.
991 2083 1053 2135 ὐ
1080 2082 1189 2152 γὰρ
1213 2080 1376 2151 νόμος
1399 2080 1567 2152 ὀργὴν
1595 2078 2006 2150 κατεργάζεται.

2112 1996 2259 2051 enim
2307 1996 2443 2050 iram
2476 2002 2755 2064 operatur.
2814 1992 2918 2049 Ubi
2970 1992 3117 2048 enim
3166 2008 3276 2048 non
3328 2001 3412 2048 est
3443 1991 3551 2055 lex,
3585 2007 3686 2047 nec

2111 2086 2507 2160 praevaricatio.
2543 2085 2671 2140 Ideo
2719 2100 2786 2140 ex
2841 2083 2965 2148 ﬁde,
3011 2091 3073 2138 ut
3119 2083 3420 2139 secundum
3456 2085 3686 2156 gratiam

447 2168 524 2230 Οὖ
562 2176 803 2248 γὰρόὐκ
841 2174 957 2228 ἔστι
989 2173 1173 2244 νόμος,
1216 2171 1335 2225 οὐδὲ
1373 2170 1701 2242 παράϐασις.
1729 2172 1827 2224 Διὰ
1854 2170 2011 2223 τοῦτο

2117 2177 2265 2232 ﬁrma
2290 2179 2361 2233 sit
2382 2176 2675 2249 promissio
2706 2174 2854 2230 omni
2880 2172 3232 2239 semini,non
3268 2173 3320 2229 ei
3347 2173 3439 2245 qui
3479 2189 3547 2229 ex
3570 2175 3688 2247 lege

450 2268 516 2322 ἐκ
541 2268 795 2331 πίστεως,
816 2267 899 2320 (va
933 2265 1074 2319 κατὰ
1116 2264 1274 2335 χάριν
1299 2263 1378 2326 είς
1406 2263 1469 2316 τὸ
1500 2258 1635 2316 εἶναι
1661 2262 1884 2333 βεϐαίαν
1911 2262 2011 2334 τὴν

2117 2279 2192 2327 est
2219 2270 2419 2335 solum,
2454 2266 2550 2323 sed
2578 2276 2633 2323 et
2652 2267 2703 2321 ei
2738 2266 2830 2337 qui
2854 2282 2921 2321 ex
2947 2263 3052 2319 ﬁde
3075 2272 3158 2321 est
3179 2264 3432 2331 Abraha,
3455 2266 3551 2336 qui
3589 2282 3690 2337 pa-

447 2358 784 2428 ὲπαγγελίαν
815 2357 977 2411 παντὶ
1012 2354 1093 2426 τῷ
1138 2354 1433 2426 σπέρματι,
1475 2353 1536 2408 οὐ
1575 2353 1653 2425 τῷ
1692 2356 1757 2408 ὲκ
1789 2352 1882 2407 τοῦ
1924 2353 2007 2408 νό-

2117 2368 2192 2417 ter
2223 2369 2309 2416 est
2333 2359 2578 2415 omnium
2611 2367 2858 2413 nostrum
2890 2356 3056 2430 (sicut
3088 2356 3355 2427 scriptum
3393 2365 3502 2422 est,
3559 2360 3691 2429 quia

444 2467 549 2521 μου
576 2451 757 2520 μόνον,
808 2448 946 2503 ἀλλὰ
987 2449 1084 2503 καὶ
1134 2445 1214 2520 τῷ
1255 2448 1321 2500 ὲκ
1374 2446 1613 2510 πίστεως
1647 2445 1919 2519 Ἀϐραὰμ,
1950 2447 2006 2509 ὃς

2117 2464 2318 2525 patrem
2348 2452 2647 2506 multarum
2676 2449 2920 2522 gentium
2950 2448 3109 2521 posui
3130 2448 3225 2522 te),
3256 2458 3384 2505 ante
3407 2450 3579 2504 Deum
3601 2452 3688 2506 cui

438 2544 554 2596 ἐστι
604 2541 788 2613 πατὴρ
832 2540 1050 2595 πάντων
1088 2537 1244 2611 ἡμῶν
1296 2537 1461 2609 (καθὰ
1512 2542 1859 2609 γέγραπται,
1923 2540 2007 2593 ὅτι

2117 2540 2362 2606 credidit,
2402 2541 2493 2610 qui
2525 2538 2765 2594 viviﬁcat
2817 2545 3095 2603 mortuos,
3150 2545 3206 2593 et
3258 2546 3416 2595 vocat
3467 2555 3532 2595 ea
3570 2556 3691 2609 qua:

433 2633 655 2704 Πατέρα
696 2631 906 2686 πολλῶν
960 2630 1133 2685 ιθνῶν
1180 2629 1402 2683 τέθεικά
1462 2628 1568 2697 σε),
1605 2628 1891 2684 κατέναντι
1945 2624 2007 2685 οῦ

2117 2647 2218 2686 non
2271 2639 2420 2697 sunt,
2467 2639 2725 2700 tanquam
2765 2643 2830 2683 ea
2883 2644 3004 2699 quae
3051 2637 3179 2684 sunt
3203 2629 3268 2683 “.
3306 2649 3332 2681 ι
3372 2629 3546 2686 Audis
3582 2647 3692 2700 quo

430 2725 723 2778 ἐπίστευσε
776 2722 937 2789 Θεοῦ,
987 2721 1083 2776 τοῦ
1141 2720 1530 2787 ζωοποιοῦντος
1577 2722 1704 2787 τοὺς
1757 2724 2005 2795 νεκροὺς,

2117 2730 2266 2792 pacto
2312 2724 2515 2792 passim
2569 2718 2857 2776 conﬁrmet
2907 2734 2971 2774 ac
3014 2717 3180 2785 dicat,
3213 2720 3377 2790 idque
3403 2721 3687 2786 acerrime,

431 2818 531 2870 καὶ
558 2815 851 2879 καλοῦντος
890 2814 962 2868 τὰ
989 2815 1065 2887 μὴ
1108 2812 1236 2867 ὄντα
1268 2813 1343 2877 ὡς
1372 2812 1517 2868 ὅντα.
1540 2830 1560 2865 ι
1608 2811 1852 2877 Ἀκούεις
1896 2813 2008 2867 ἄνω

2117 2814 2255 2885 quod
2296 2812 2528 2867 Abrahae
2559 2812 2801 2869 nondum
2830 2810 3177 2877 circumciso,
3222 2810 3318 2867 sed
3344 2811 3525 2866 adhuc
3550 2826 3691 2882 pra:-

431 2922 499 2961 τε
545 2906 641 2961 καὶ
699 2905 850 2960 κὰτω
899 2902 1378 2975 διαϐεϐαιουμένου
1446 2904 1540 2957 καὶ
1586 2901 1857 2973 λέγοντος,
1910 2904 2008 2975 οὐχ

2117 2905 2320 2975 putium
2346 2904 2578 2959 habenti
2601 2904 2727 2959 data
2756 2904 2827 2958 sit
2855 2903 3029 2973 gratia
3058 2902 3367 2972 justiﬁcans
3390 2902 3568 2973 ipsum
3596 2919 3694 2974 per

436 2997 879 3067 ύπεσταλμένιικ,
910 2996 986 3060 ὡς
1023 2994 1178 3049 οὔπω
1209 2996 1309 3065 μὲν
1340 2993 1520 3066 ιχοντι
1564 2993 1662 3065 τὴν
1683 2994 2003 3066 περιτομὴν,

2117 2995 2271 3050 ﬁdem
2292 3036 2306 3062 ,
2326 2995 2582 3065 quodque
2616 2994 2866 3049 haeredes
2886 2992 3147 3049 declarati
3168 2993 3279 3048 sint
3299 2992 3700 3057 beneﬁciorum

441 3090 508 3141 ὲν
539 3088 869 3159 ἀκροϐυστία
905 3089 962 3142 δὲ
994 3087 1190 3159 μᾶλλον
1233 3086 1313 3140 ἔτι
1336 3085 1661 3156 τυγχάνοντι
1693 3084 1898 3140 δέδοται
1931 3085 2009 3157 τῷ

2117 3084 2228 3149 Dei,
2267 3085 2305 3139 ii
2333 3085 2430 3155 qui
2473 3085 2702 3154 vestigia
2729 3084 2926 3139 sectari
2950 3084 3229 3140 voluerint
3268 3083 3413 3150 ﬁdei,
3450 3101 3571 3157 qua:
3610 3097 3701 3145 est

457 3177 708 3250 Ἀϐραὰμ
734 3180 767 3250 ἠ
792 3179 876 3232 διὰ
905 3180 1136 3244 πίστεως
1163 3178 1323 3232 αὐτὸν
1367 3175 1654 3233 δικαιοῦσα
1694 3175 1852 3248 χάρις
1873 3217 1887 3244 ,
1915 3177 2010 3231 καὶ

2117 3173 2169 3229 in
2203 3172 2472 3245 praeputio
2494 3174 2744 3231 Abrahae.
2806 3174 2931 3230 Non
2968 3182 3152 3232 autem
3202 3176 3452 3235 Mosaicis
3485 3180 3698 3236 umbris

439 3268 555 3341 μὴν
581 3270 663 3324 ὅτι
689 3269 1011 3342 κληρονόμοι
1043 3270 1309 3324 τέθεινται
1332 3268 1441 3322 τῶν
1470 3267 1623 3339 παρὰ
1667 3266 1801 3321 Θεοῦ
1861 3285 2011 3339 χαρι-

2117 3264 2518 3337 gloriabuntur,
2578 3281 2756 3336 neque
2806 3268 3079 3323 carnalem
3149 3278 3358 3339 patrem
3416 3271 3690 3327 Abraham

436 3351 666 3430 σμάτων
696 3363 745 3415 οἱ
785 3362 1086 3433 ίχνηλατεϊν
1130 3360 1403 3423 ἐθέλοντες
1426 3362 1525 3430 τῆς
1583 3361 1640 3413 ὲν
1679 3359 2011 3434 ἀκροϐυστίᾳ

2117 3358 2425 3429 jactabunt;
2467 3358 2561 3429 qui
2609 3377 2627 3410 ι
2654 3359 2951 3414 multarum
2994 3359 3238 3431 gentium
3276 3370 3430 3432 pater
3458 3381 3476 3414 ι
3510 3365 3691 3420 nomi-

432 3451 680 3516 πίστεως
744 3453 838 3507 τοῦ
899 3447 1244 3523 προπάτορος
1299 3449 1554 3520 Ἀϐραὰμ
1608 3450 1707 3522 τὴν
1757 3451 2008 3522 μίμησιν,

437 3545 545 3600 καὶ
576 3542 693 3598 οῦτι
726 3560 830 3597 που
878 3543 1096 3608 πάντως
1120 3544 1169 3597 oi
1212 3542 1355 3614 μέγα
1388 3543 1606 3613 φρονεῖν
1640 3542 1889 3609 εἰωθότες
1920 3545 2013 3597 ἐπὶ

426 3637 505 3705 τῇ
541 3634 629 3688 διὰ
672 3634 918 3697 Μωσέως
958 3632 1351 3705 διακονουμένῃ
1400 3633 1548 3704 σκιᾷ,
1600 3634 1694 3686 καὶ
1751 3634 2014 3705 σαρκικδν

425 3723 736 3794 αὐχοῦντες
782 3721 995 3795 πατέρα
1045 3721 1140 3775 τδν
1181 3721 1454 3794 Ἀϐραὰμ,
1497 3722 1556 3786 ὃς
1617 3741 1635 3774 ο
1664 3722 1880 3778 Πολλῶν
1926 3725 2015 3779 ιθ-

420 3815 549 3870 νῶν
577 3833 597 3867 ι
622 3814 936 3887 ὠνόμασται
993 3831 1011 3865 ι
1035 3812 1235 3892 πατὴρ,
1256 3831 1276 3866 ι
1311 3813 1489 3867 καίτοι
1521 3812 1612 3868 τοῦ
1660 3814 1872 3887 Ἰσραὴλ
1898 3814 2016 3880 ἑνὸς

422 3906 629 3968 ιθνους
650 3906 823 3968 ὄντος,
848 3905 954 3958 κᾶν
984 3904 1032 3956 εί
1074 3902 1366 3957 ὲκτείνοιτο
1400 3903 1561 3975 τυχὸν
1601 3905 1684 3968 εἰς
1717 3905 1922 3975 πληθὺν
1952 3905 2011 3958 οὐ

423 4014 507 4069 με
522 3995 890 4067 μετρημένην.
922 3996 1004 4048 ὅτι
1035 3994 1144 4049 τῶν
1180 3995 1238 4048 ἐν
1276 3996 1458 4048 πίστει
1498 3996 1687 4064 γέγονε
1724 3996 1925 4066 πατὴρ,
1964 3997 2015 4050 οἳ

417 4089 494 4153 ἐξ
532 4088 773 4158 ἀπάσης,
823 4087 900 4150 ὡς
944 4086 1074 4150 ἔπος
1129 4087 1323 4151 εἰπεῖν,
1381 4084 1591 4149 πόλεώς
1624 4101 1682 4138 τε
1717 4085 1807 4139 καὶ
1833 4084 2016 4157 χώρας

420 4176 868 4248 συνειλεγμένοι,
903 4176 1180 4248 σύσσωμοι
1211 4173 1503 4245 γεγόνασιν
1544 4176 1602 4228 ὲν
1647 4175 1888 4247 Χριστῷ,
1923 4176 2017 4229 καὶ

416 4272 520 4334 είς
578 4268 916 4341 ἀδελφότητα
986 4267 1277 4339 κέκληνται
1326 4267 1725 4338 πνευματικήν.
1764 4268 2018 4339 Γεγένην-

414 4378 526 4415 ται
564 4359 662 4430 μὲν
698 4360 809 4430 γὰρ
835 4360 893 4426 ἐξ
931 4360 1183 4433 Ἀϐραὰμ
1222 4360 1486 4413 Ἰουδαῖοι.
1525 4360 1671 4431 Πλὴν
1715 4359 1777 4413 ού
1814 4360 2014 4425 πάντες

415 4453 479 4505 οἱ
515 4448 581 4513 ὲξ
626 4448 863 4520 Ἰσραὴλ,
903 4442 1048 4504 οὗτοι
1086 4449 1320 4521 Ἰσραὴλ,
1365 4450 1484 4503 οὐδὲ
1522 4451 1606 4503 ὅτι
1655 4451 1761 4504 eisi.
1795 4449 2015 4521 σπέρμα

2117 3456 2278 3504 natus
2317 3457 2401 3503 cst
2434 3449 2497 3514 ³¹,
2534 3464 2660 3503 cum
2713 3449 2883 3505 Israel
2937 3449 3099 3504 unica
3156 3467 3288 3521 gens
3325 3452 3416 3517 sit,
3475 3453 3693 3509 etiamsi

2116 3541 2259 3597 forte
2297 3542 2354 3597 in
2379 3541 2883 3598 immensurabilem
2911 3542 3318 3599 multitudinem
3344 3554 3568 3602 extensa
3598 3545 3695 3611 sit,

2118 3634 2247 3705 quia
2296 3633 2470 3688 factus
2511 3640 2595 3688 est
2623 3641 2777 3704 pater
2806 3634 3169 3699 credentium,
3204 3637 3297 3705 qui
3320 3653 3388 3692 ex
3417 3636 3691 3702 omnibus,

2119 3733 2181 3780 ut
2215 3725 2289 3779 ita
2332 3724 2531 3789 dicam,
2585 3724 2817 3781 urbibus
2864 3741 2926 3779 ac
2958 3726 3272 3796 regionibus
3296 3735 3424 3780 sunt
3456 3727 3689 3792 collecti,

2119 3826 2594 3882 concorporesque
2627 3811 2757 3867 facti
2813 3813 2869 3865 in
2908 3811 3147 3875 Christo,
3187 3822 3243 3865 et
3271 3814 3325 3866 in
3355 3812 3694 3882 Spiritualem

2120 3902 2516 3958 fraternitatem
2565 3902 2765 3954 vocati.
2802 3899 2920 3954 Orti
2944 3903 3093 3954 enim
3146 3912 3369 3958 suntex
3418 3903 3705 3959 Abraham

2120 3994 2313 4049 Judaei.
2341 3992 2611 4047 Caeterum
2666 4006 2778 4046 non
2834 4006 3027 4047 omnes
3071 3994 3167 4064 qui
3207 4010 3277 4050 ex
3325 3995 3508 4062 Israel,
3565 4006 3703 4052 sunt

2122 4081 2402 4138 Israeliue.
2432 4081 2621 4151 Neque
2644 4096 2775 4145 vero
2810 4097 2877 4137 eo
2906 4083 3053 4153 quod
3086 4085 3197 4141 sint
3226 4101 3412 4143 semen
3441 4087 3694 4155 Abrahm,

2122 4172 2220 4228 ﬁlii
2248 4174 2426 4228 statim
2452 4188 2641 4228 omnes
2658 4181 2784 4228 sunt
2803 4176 3087 4232 censendi.
3112 4178 3547 4257 Pr0pinquiores‘
3563 4195 3699 4236 vero

2120 4267 2171 4323 ei
2209 4265 2342 4321 facit
2369 4265 2503 4322 ﬁdes
2526 4282 2622 4323 eos
2664 4267 2759 4337 qui
2791 4267 2845 4322 in
2880 4270 3149 4340 praeputio
3190 4270 3565 4326 crediderunt.
3591 4271 3696 4327 Fa-

2120 4366 2206 4413 cta
2235 4357 2382 4412 enim
2409 4366 2494 4412 est
2547 4358 2859 4427 promissio,
2892 4358 3126 4431 dataque
3159 4371 3241 4417 cst
3287 4362 3461 4432 gratia
3493 4362 3699 4433 justiﬁ-

2120 4464 2250 4504 cans
2280 4449 2510 4503 Abrahae
2540 4449 2783 4503 nondum
2817 4451 3035 4520 quidem
3065 4454 3409 4517 circumciso,
3451 4452 3562 4508 imo
3595 4470 3701 4525 po—

434 4536 728 4610 ’Δϐραὰμ,
764 4540 961 4603 πάντες
1004 4540 1190 4594 τέκνα.
1255 4541 1591 4612 Προσοικειοϊ
1635 4540 1691 4594 δὲ
1746 4541 1944 4612 μᾶλλον
1980 4544 2011 4612 ἡ

2118 4544 2230 4602 tius
2250 4540 2429 4595 adhuc
2459 4540 2787 4610 praeputium
2814 4543 3061 4609 habenti,
3087 4554 3254 4615 prout
3281 4536 3448 4601 Sacrae
3476 4546 3700 4603 Litteras

414 4631 626 4693 πίστις
652 4624 803 4697 αύτῷ
846 4631 974 4694 τοὺς
1002 4632 1060 4684 ὲν
1083 4629 1419 4702 ἀκροϐυστία
1460 4631 1878 4694 πιστεύσαντας.
1910 4633 2016 4685 Πε-

2122 4640 2413 4692 testantur.

410 4726 659 4797 ποίηται
685 4725 794 4796 γὰρ
815 4728 849 4795 ἠ
878 4726 1192 4797 ὑπόσχεσις,
1218 4723 1425 4778 δέδοται
1459 4723 1515 4778 δὲ
1544 4724 1637 4777 καὶ
1661 4727 1694 4794 ὴ
1722 4724 2002 4779 δικαιοῦσι
2039 4728 2222 4799 χάρις,
2281 4724 2433 4778 οὔπω
2468 4725 2566 4797 μὲν
2603 4725 2777 4797 ἔχοντι
2815 4725 2919 4798 τὴν
2975 4730 3278 4801 περιτομὴν
3311 4728 3389 4799 τῷ
3426 4729 3692 4801 Ἀϐραὰμ,

407 4820 550 4875 δντι
586 4818 642 4873 δὲ
666 4820 865 4890 μᾶλλον
900 4821 959 4873 ὲν
994 4818 1354 4891 ἀκροϐυστίᾳ,
1397 4819 1540 4873 κατὰ
1586 4836 1649 4889 γε
1694 4820 1792 4892 τὴν
1830 4822 2011 4877 πίστιν
2048 4825 2157 4879 τῶν
2191 4822 2349 4896 ἱερῶν
2376 4823 2749 4895 Γραμμὰτων.

492 4913 569 4979 γ’.
599 4908 722 4962 Ὀτι
745 4908 802 4963 δὲ
840 4908 941 4980 τῆς
967 4910 1025 4962 ἐν
1055 4908 1240 4962 πίστει
1265 4906 1615 4971 δικαιοσύνης
1638 4907 1698 4961 τὸ
1718 4909 1892 4979 δῶρον
1913 4911 2012 4965 οὐκ

404 5000 530 5055 ἐπὶ
564 4997 724 5069 μόνον
747 4998 813 5053 ἂν
838 4998 908 5052 ἴοι
936 5000 1030 5053 τὸν
1070 4997 1339 5070 Ἀϐραὰμ,
1381 4998 1430 5052 εί
1456 5000 1549 5053 καὶ
1586 5000 1643 5053 ὲν
1678 4998 1825 5072 αὐτῷ
1850 5000 2013 5071 γέγο-

404 5107 525 5149 νεν
559 5092 593 5162 ή
641 5090 956 5162 ὑπόσχεσις,
1015 5091 1385 5160 ὲκπεφοίτηκε
1445 5090 1503 5144 δὲ
1548 5090 1738 5163 ὥσπερ
1789 5091 1881 5144 καὶ
1932 5092 2013 5154 εἰς

409 5182 647 5244 πάντας
687 5180 875 5236 λοιπὸν
919 5183 1049 5247 τοὺς
1098 5181 1560 5245 πεπιστευκότας,
1600 5181 1829 5251 spina-60!
1850 5182 2013 5236 πάλιν

408 5272 584 5342 ἡμᾶς
607 5273 637 5326 ὁ
670 5271 981 5341 σοφώτατος
1008 5271 1242 5336 Παῦλος,
1266 5268 1345 5335 οἷς
1369 5271 1595 5341 ἔναγχος
1617 5270 1752 5343 ἔφην
1788 5290 2009 5345 προστι-

405 5362 579 5424 θείς’
617 5382 636 5415 ι
690 5365 806 5418 Οὐκ
859 5364 1076 5436 ἐγράφη
1128 5363 1185 5417 δὲ
1235 5363 1303 5416 δι’
1348 5363 1509 5417 αὐτὸν
1552 5362 1731 5432 μόνον,
1776 5365 1856 5418 ὅτι
1892 5366 2007 5420 ὲλοο

401 5452 597 5525 γίσοη
627 5454 777 5524 αὐτῷ
800 5455 935 5526 πρός
957 5453 1322 5524 δικαιοσύνην,
1349 5453 1485 5507 ἀλλὰ
1514 5453 1608 5508 καὶ
1628 5454 1694 5507 δι’
1728 5457 1897 5526 ἡμᾶς,
1929 5452 2010 5521 οἷς

408 5541 621 5615 μέλλει
649 5543 959 5610 λογίζεσθαι
983 5547 1094 5608 τοῖς
1115 5544 1461 5597 πιστεύουσιν
1494 5543 1584 5596 ἐπὶ
1607 5543 1697 5599 τὸν
1722 5546 2010 5618 ἐγείραντα

423 5626 656 5693 Ἰησοῦν
688 5629 779 5682 τὸν
804 5628 1009 5701 Κύριον
1046 5629 1202 5700 ἡμῶν
1237 5631 1300 5683 ὲκ
1345 5630 1587 5700 νεκρῶν·
1637 5631 1694 5694 ὃς
1742 5634 2007 5703 παρεδόθη

511 5800 556 5830 ’³
593 5801 749 5856 Rom.
797 5819 876 5869 iv,
905 5804 1049 5858 iol‘l.
1123 5806 1165 5838 ³⁰
1199 5804 1336 5860 ibid.
1372 5805 1547 5859 [5—17.

1631 5810 1668 5838 ³¹
1714 5811 1871 5862 Rom.
1902 5826 1971 5871 μ’,
2022 5810 2106 5861 l8.

2186 4912 2238 4967 3.
2259 4907 2414 4977 Quod
2435 4926 2568 4965 vero
2594 4911 2799 4966 donum
2817 4912 3043 4983 justitia:
3066 4929 3164 4984 per
3186 4911 3355 4967 ﬁdem
3379 4927 3490 4967 non
3511 4911 3579 4969 ad
3609 4928 3696 4970 so-

2113 4998 2227 5054 lum
2257 4999 2529 5056 Abraham
2574 5003 2903 5072 pertineret,
2945 5003 3166 5059 tametsi
3191 5004 3245 5058 in
3286 5003 3404 5074 ipso
3436 5003 3579 5059 facta
3624 5005 3698 5061 sit

2115 5090 2427 5160 promissio,
2452 5091 2552 5148 sed
2589 5093 2646 5148 in
2668 5109 2859 5149 omnes
2879 5093 3283 5163 quodammodo
3304 5094 3590 5149 credentes
3625 5095 3697 5149 sit

2114 5193 2508 5254 propagatum,
2561 5184 2999 5255 sapientissimus
3042 5187 3156 5256 68
3219 5185 3421 5240 Paulus
3472 5200 3693 5242 rursum

2115 5273 2421 5339 conﬁrmat,
2458 5274 2528 5330 iis
2585 5291 2707 5345 quae
2756 5275 2918 5329 modo
2984 5275 3105 5329 dixi
3153 5274 3418 5344 adjiciens
3457 5294 3470 5331 :
3522 5295 3540 5328 ι
3575 5277 3693 5331 Non

2115 5373 2198 5420 est
2229 5373 2410 5419 autem
2440 5366 2703 5434 scriptum
2731 5371 2954 5435 propter
2991 5364 3169 5433 ipsum
3195 5373 3425 5431 tantum,
3454 5367 3582 5437 quia
3604 5383 3694 5422 re-

2118 5464 2364 5526 putatum
2414 5465 2497 5509 est
2542 5457 2620 5510 illi
2663 5456 2730 5509 ad
2769 5455 3079 5525 justitiam:
3127 5457 3222 5511 sed
3246 5467 3543 5528 etpropter
3571 5474 3694 5523 nos,

2117 5547 2319 5616 quibus
2351 5548 2694 5617 reputabitur
2722 5548 3071 5603 credentibus
3100 5550 3154 5605 in
3205 5567 3353 5615 eum,
3382 5554 3475 5622 qui
3517 5553 3695 5609 susci~

2119 5637 2463 5690 tat'itJe-smn
2502 5637 2779 5695 Christum
2816 5640 3104 5695 Dominum
3158 5651 3403 5696 nostrum
3464 5662 3492 5697 τι
3542 5657 3692 5697 mor-
