4056 6260
431 422 531 479 ίέ5

1449 428 1504 484 S.
1546 427 1818 484 CYRHLLI
1859 423 2323 489 ALEXANDRIM
2356 414 2671 477 ARCHIEP.

3568 403 3665 462 illi

430 530 559 609 tuis,
591 546 685 614 qui
714 546 946 601 traditus
981 556 1064 601 est
1097 556 1321 616 prepter
1350 547 1552 621 delicta
1585 557 1791 610 nostra,
1816 555 1871 602 et
1911 560 1999 599 re-

2110 543 2188 598 διὰ
2220 542 2288 595 τὰ
2329 538 2750 613 παραπτώματα
2778 533 2954 605 ἡμῶν,
2985 532 3078 587 κει.)⁸
3105 521 3563 621 maenaa“)!
3587 522 3666 576 δι·-

412 625 419 633 ’
456 632 667 687 arrexit
699 645 921 705 propter
946 635 1392 706 justiﬁeationem
1432 645 1674 692 nostram
1706 636 1771 688 ³².
1811 656 1829 686 ι
1869 634 1996 690 (Σω-

425 726 562 779 leste
596 724 761 796 igitur
814 724 1019 782 don'um
1075 727 1274 785 divina:
1322 728 1694 799 benignitatis,
1751 727 1994 798 inquam,

425 815 727 885 jzistiﬁeans
755 833 856 872 nos
885 833 984 887 per
1033 817 1216 884 ﬁdem,
1247 835 1353 874 non
1386 820 1560 873 solum
1596 818 1734 873 ﬁlios
1765 818 1998 873 Abrahte

428 907 863 976 comprehendit,
899 909 994 978 qui
1051 926 1120 964 ex
1153 910 1271 981 ipso
1303 910 1604 967 secundum
1628 924 1849 964 carnem
1890 908 1997 963 orti

429 1003 573 1059 sunt,
596 996 691 1051 sed
724 996 819 1066 qui
853 998 1098 1053 eamdem
1129 1015 1251 1053 cum
1271 1015 1338 1053 eo
1366 999 1595 1054 formam
1623 1005 1676 1053 et
1698 998 1998 1053 fraternum

429 1085 670 1140 animum
693 1088 860 1148 nacti.
889 1089 1121 1144 credunt
1143 1091 1198 1144 in
1226 1091 1515 1145 Dominum
1546 1098 1791 1145 nostrum
1812 1090 1997 1146 Jesum

427 1176 743 1245 Christum;
793 1180 849 1234 hi
907 1182 1074 1237 etiam
1121 1182 1519 1238 beneﬁciorum
1578 1183 1672 1237 Dei
1704 1180 2000 1252 participes

429 1277 559 1323 sunt
618 1269 812 1337 futuri,
868 1275 1090 1345 rejecto,
1142 1274 1213 1329 ob
1274 1274 1733 1339 incredulitatem,
1791 1273 1998 1329 carnali

430 1359 647 1418 lsraele.
687 1361 841 1429 Quod
871 1364 1090 1434 quidem
1142 1366 1426 1422 manifeste
1458 1365 1754 1422 admodum
1784 1364 1838 1419 in
1886 1380 1999 1434 my-

428 1454 597 1509 sterio
615 1444 762 1512 lsaac
790 1456 947 1510 nobis
975 1456 1310 1527 descriptum
1341 1466 1444 1512 est.
1462 1457 1758 1522 Caeterum,
1779 1472 1899 1527 age,
1919 1455 1999 1510 di-

429 1557 615 1599 camus
636 1545 813 1615 quoad
840 1548 958 1618 ejus
976 1547 1092 1602 ﬁeri
1116 1547 1338 1616 poterit,
1358 1548 1475 1616 ipsa
1500 1547 1697 1616 Moysis
1714 1546 1917 1615 scripta
1945 1545 1999 1599 in

424 1632 671 1689 medium
695 1636 1008 1692 afferentes.
1045 1637 1123 1691 lla
1166 1652 1298 1691 vero
1328 1637 1531 1691 habent
1568 1655 1581 1689 :
1625 1656 1642 1687 ι
1678 1637 1808 1691 Post
1836 1634 2003 1689 verba

430 1732 610 1780 autem
643 1726 781 1793 haec,
814 1746 832 1779 ›
874 1728 1076 1797 inquit,
1118 1747 1137 1780 ι
1186 1729 1389 1784 factum
1421 1735 1506 1783 est
1533 1727 1760 1782 verbum
1785 1727 2000 1783 Domini

429 1815 497 1869 ad
512 1816 852 1872 Abrahamin
874 1818 1103 1885 visione,
1119 1818 1307 1874 dicens
1330 1820 1435 1875 :Ne
1467 1819 1678 1885 timeas,
1697 1818 1998 1874 Abraham:

2101 634 2395 702 καιοσύνην
2414 630 2592 703 ἡμῶν.
2631 648 2650 681 ›
2687 625 2896 682 Οὐκοῦν
2927 624 3098 690 ξένιον
3117 618 3347 692 ούρανοῦ
3372 617 3467 673 καὶ
3499 615 3669 685 δῶρον

2099 725 2436 797 ἡμερότητος
2449 722 2549 793 τῆς
2571 718 2797 781 ἄνωθεν,
2818 718 2853 787 ἡ
2870 718 2934 770 ὲκ
2957 715 3192 776 πίστεως
3215 704 3670 797 ἡμᾶςδικαιοῦσα

2099 796 2275 891 χάρις·
2312 815 2403 870 καὶ
2448 815 2506 868 ἐν
2538 813 2754 875 τέκνοις
2806 806 3057 880 Ἀϐραὰμ
3101 801 3552 891 καταλογισθεῖενῗ
3581 796 3665 861 ἂν,

2097 890 2214 980 οὐχὶ
2240 909 2308 987 δὴ
2336 908 2555 970 πάντως
2591 907 2641 958 οἱ
2683 903 2745 969 ἐξ
2780 899 2946 957 αὐτοῦ
2980 897 3120 954 κατὰ
3154 896 3334 967 σάρκα
3361 890 3668 961 γεγονότες,

2098 1002 2212 1056 ἀλλ’
2263 1001 2379 1054 ὅσοι
2419 1000 2520 1070 τὴν
2573 994 2709 1072 πρὸς
2754 990 2916 1045 αὑτὸν
2953 987 3367 1057 πεπλουτήκασι
3425 995 3671 1072 συμμορ-

2099 1093 2246 1162 φίαν,
2293 1091 2391 1144 καὶ
2436 1068 2655 1155 ἀδελφοὶ
2706 1081 3029 1154 φρονοῦντες
3074 1074 3422 1130 πιστεύουσιν
3466 1071 3547 1133 εἰς
3584 1068 3672 1162 τὸν

2099 1158 2303 1254 Κύριον
2333 1179 2492 1251 ἡμῶν
2538 1174 2740 1248 Ἰησοῦν
2783 1170 3039 1244 Χριστόν.
3078 1162 3240 1223 Οὗτοι
3267 1166 3363 1220 καὶ
3393 1158 3673 1254 τῶνᾼτιαρά

2098 1250 2234 1327 Θεοῦ
2292 1250 2652 1342 χαρισμάτων
2703 1264 2915 1317 ἔσονται
2955 1257 3301 1330 κληρονόμοι,
3330 1250 3673 1342 παρωθέντος

2099 1364 2157 1430 ἐξ
2183 1340 2439 1424 ἀπιστίας
2461 1359 2555 1412 τοῦ
2583 1355 2720 1410 κατὰ
2744 1354 2922 1422 σάρκα
2954 1349 3187 1423 Ἰσραήλ.
3218 1344 3574 1401 Διεπλάττετο
3594 1340 3670 1403 δὲ,

2101 1453 2192 1506 καὶ
2228 1451 2369 1522 μάλα
2401 1447 2606 1518 σαφῶς,
2632 1442 2908 1501 καὶτοῦτο
2942 1443 3074 1512 ἡμῖν
3101 1442 3159 1493 ὲν
3188 1437 3268 1508 τῷ
3309 1435 3452 1490 κατὰ
3491 1430 3676 1485 Ἰσαὰκ

2103 1542 2405 1612 μυστηρίῳ.
2428 1537 2588 1591 Ἀλλὰ
2619 1536 2751 1607 φέρε
2772 1534 3023 1603 λέγωμεν
3044 1531 3119 1595 ὡς
3141 1529 3221 1583 ἔνι
3237 1529 3301 1600 δὴ
3322 1527 3504 1591 πάλιν,
3537 1523 3676 1578 αὐτὰ

2104 1633 2438 1704 παραθέντες
2467 1633 2546 1694 εἰς
2570 1629 2777 1699 είδησιν
2808 1626 2878 1681 τὰ
2900 1624 3145 1686 Μωσέως
3162 1620 3499 1693 ¹γράμματα.
3521 1617 3678 1684 Ἔχει

2102 1725 2157 1779 δὲ
2184 1722 2407 1787 οὕτως’(
2433 1720 2589 1776 Μετὰ
2612 1720 2668 1773 δὲ
2693 1718 2763 1772 τὰ
2780 1718 3001 1789 ῥήματα
3029 1712 3256 1774 ταῦτα,›
3277 1709 3464 1781 φησιν,
3491 1725 3510 1759 ι
3547 1707 3672 1773 εγε-

2103 1816 2237 1887 νήθη
2264 1815 2415 1884 ῥῆμα
2439 1812 2643 1884 Κυρίου
2672 1809 2809 1881 πρὸς
2837 1806 3089 1879 Ἀϐραὰμ
3106 1806 3162 1857 ὲν
3187 1804 3447 1876 δράματι,
3474 1799 3637 1887 λέγον
3662 1814 3677 1829 υ

431 1922 532 1977 ego
561 1916 838 1980 protegam
860 1919 910 1965 te
941 1928 954 1964 :
991 1927 1202 1967 merces
1225 1919 1316 1966 tua
1336 1912 1505 1966 multa
1527 1913 1632 1967 erit
1653 1912 1835 1967 nimis.
1864 1911 2005 1967 Dicit

2110 1886 2198 1980 Mi;
2220 1886 2386 1977 ιροσοῦ
2423 1902 2694 1975 Ἀϐραάμ,
2727 1899 2839 1969 ἐγὼ
2866 1895 3228 1968 ύπερασπίσω
3249 1909 3363 1947 aeu.
3395 1891 3453 1945 '0
3488 1886 3681 1959 μισθός

432 2007 614 2054 autem
632 1999 901 2056 Abraham
922 2021 934 2055 :
948 2003 1194 2067 Domine,
1211 2002 1340 2073 quid
1354 2003 1486 2057 mihi
1499 2002 1808 2074 dabis?Ego
1822 2010 2004 2058 autem

432 2089 682 2146 dimittor
715 2093 833 2148 sine
870 2093 1154 2149 liberis.At
1172 2093 1315 2149 ﬁlius
1334 2094 1510 2149 Masec
1537 2094 1845 2150 vernacula:
1873 2110 2007 2151 mea:

432 2180 523 2236 hic
563 2182 861 2238 Damascus
905 2184 1137 2239 Eliezer.
1168 2185 1234 2239 Et
1265 2184 1343 2240 ait
1385 2184 1698 2239 Abraham:
1737 2182 2005 2251 Quoniam

431 2270 563 2324 mihi
584 2288 693 2328 non
728 2274 927 2330 dedisti
953 2276 1145 2341 ﬁlium,
1172 2283 1226 2330 at
1259 2275 1585 2331 vernaculus
1606 2290 1762 2329 meus
1776 2274 2006 2330 haeredi-

433 2361 570 2414 tabit
587 2378 691 2417 me.
710 2364 778 2417 Et
798 2365 982 2418 statim
1006 2380 1110 2419 vox
1129 2362 1227 2418 Dei
1249 2363 1389 2418 facta
1404 2372 1488 2418 est
1513 2364 1577 2418 ad
1603 2378 1751 2428 eum,
1784 2362 2006 2419 dicens:

431 2450 550 2505 Non
571 2451 917 2508 haereditabit
939 2463 990 2509 te
1014 2455 1125 2520 hic,
1144 2454 1239 2510 sed
1282 2455 1375 2525 qui
1397 2454 1711 2526 egredietur
1726 2454 1794 2509 de
1828 2464 1901 2520 te,
1919 2455 2009 2509 hic

433 2542 780 2599 litereditabit
798 2551 869 2600 te.
894 2544 1286 2601 Eduxitautem
1307 2561 1433 2601 eum
1452 2544 1618 2610 foras,
1636 2553 1691 2599 et
1709 2544 1845 2598 dixit
1868 2544 1967 2614 ipsi
1992 2562 2004 2596 :

433 2633 662 2704 Respice
681 2635 735 2689 in
752 2635 971 2703 C(elum,
992 2645 1049 2691 et
1068 2653 1297 2692 numera
1312 2637 1516 2704 stellas,
1535 2637 1795 2708 sipoteris
1814 2653 2011 2692 nume-

433 2737 556 2777 rare
579 2723 740 2796 ipsas.
764 2727 831 2781 Et
846 2726 1013 2782 dixit:
1042 2727 1133 2784 Sic
1154 2729 1261 2784 erit
1293 2744 1477 2784 semen
1501 2729 2010 2785 tuum.Etcredidit

432 2815 705 2871 Abraham
724 2819 856 2884 Deo,
887 2828 944 2874 et
981 2828 1293 2891 reputatum
1310 2830 1394 2877 est
1422 2821 1499 2875 illi
1528 2821 1879 2893 adjustitiam
1908 2821 2001 2875 ⁸³.»

432 2909 561 2965 Erat
594 2912 739 2968 enim
763 2913 864 2985 ipsi
896 2914 1141 2986 legitimo
1162 2914 1511 2971 matrimonio
1526 2915 1817 2985 conjuncta
1852 2914 2009 2968 beata

433 2999 583 3068 Sara,
598 3018 718 3072 quae
734 3004 1127 3075 interpretatur
1144 3004 1489 3070 dominatrix,
1509 3005 1706 3061 mulier
1723 3004 2009 3060 formosis-

433 3093 586 3147 sima.
606 3095 682 3148 lta
711 3097 859 3151 enim
895 3094 1181 3169 Scriptura
1209 3105 1457 3152 testatur.
1488 3096 1792 3175 conjuncta
1823 3105 2006 3150 autem

433 3185 664 3256 eratipsi
693 3189 931 3244 secundo
959 3189 1359 3259 quodammodo
1384 3197 1546 3258 atque
1569 3188 1852 3260 illegitimo
1872 3203 2005 3244 con-

433 3276 584 3346 jugio
607 3272 924 3343 vernacula,
956 3279 1060 3333 hoc
1087 3287 1200 3343 est,
1254 3278 1417 3349 Agar,
1455 3294 1576 3350 qua:
1607 3279 2006 3349 interpretatur

440 3367 816 3436 peregrinatio.
856 3366 1023 3438 Atqui
1058 3367 1212 3432 Sara,
1238 3383 1360 3438 quae
1393 3383 1673 3438 nunquam
1707 3367 2004 3438 legitimam

437 3456 649 3524 prolem
684 3467 1035 3527 conceperat,
1067 3457 1290 3528 lugebat
1327 3472 1479 3513 suam
1511 3457 1828 3511 orbitatem.
1867 3456 2009 3527 Agar

435 3555 618 3601 autem
640 3547 852 3619 peperit
865 3548 1164 3605 lsmaelem.
1184 3548 1373 3604 Rebus
1390 3548 1554 3620 igitur
1571 3548 1646 3603 ita
1663 3548 1974 3615 constitutis
1991 3586 2006 3611 ,

436 3636 653 3692 locutus
677 3645 759 3693 est
784 3638 930 3693 Deus
971 3637 1038 3693 ad
1083 3637 1379 3702 Abraham,
1422 3637 1611 3693 dicens
1647 3656 1659 3689 :
1692 3658 1709 3688 ‹
1741 3638 1854 3707 Ego
1878 3651 2011 3706 pro-

442 3736 616 3796 tegam
649 3735 735 3783 te:
778 3743 988 3784 merces
1020 3735 1112 3784 tua
1138 3728 1307 3783 multa
1338 3730 1443 3784 erit
1469 3728 1653 3783 nimis.
1694 3747 1711 3779 ›
1745 3726 1845 3781 llic
1881 3742 2011 3781 vero

439 3813 570 3881 quid
608 3814 675 3869 ad
713 3814 867 3871 haec?
898 3836 914 3867 ι
949 3816 1196 3881 Domine,
1216 3816 1347 3887 quid
1380 3816 1513 3870 mihi
1537 3815 1731 3871 dabis?
1763 3816 1876 3887 Ego
1902 3815 2014 3887 69

442 3911 621 3958 autem
677 3905 925 3962 dimittor
966 3907 1085 3963 sine
1138 3907 1368 3963 liberis:
1425 3906 1572 3962 ﬁlius
1622 3917 1803 3962 autem
1835 3907 2015 3962 Masec

438 3992 742 4048 vernacula:
764 4010 897 4051 mea:
912 3995 1004 4051 hic
1023 3998 1318 4053 Damascus
1335 3997 1568 4053 Eliezer.
1583 4017 1600 4049 ι
1624 3996 2013 4053 Animadverte

439 4084 708 4138 sermonis
734 4087 1147 4154 perfectionem.
1179 4108 1197 4139 ι
1224 4087 1367 4155 Quid
1401 4089 1534 4143 mihi
1561 4089 1769 4155 dabis,»
1809 4088 2009 4160 inquit,

446 4174 741 4230 «Domine?
767 4194 785 4226 ι
808 4175 1070 4246 lntelligis
1088 4194 1198 4247 quo
1225 4188 1384 4247 pacto
1408 4180 1557 4234 nulla
1585 4181 1798 4235 ratione
1823 4196 1880 4234 se
1907 4189 2015 4233 ter-

441 4267 589 4319 renis
645 4265 999 4322 facultatibus
1058 4268 1308 4338 indigere
1360 4268 1554 4333 dicat,
1604 4269 1905 4338 quinetiam
1968 4269 2015 4322 si

440 4356 614 4411 multo
642 4356 798 4427 plura
813 4372 938 4411 eum
962 4358 1245 4427 possidere
1260 4359 1559 4429 contingat,
1583 4374 1924 4430 nequaquam
1958 4373 2016 4414 se

442 4450 510 4503 iis
537 4447 939 4503 oblectaturum
974 4448 1171 4519 inquit,
1204 4450 1309 4505 nisi
1337 4450 1639 4522 legitimum
1671 4450 1871 4505 habeat
1904 4451 2016 4505 hie-

441 4543 650 4608 redem,
684 4558 752 4597 ex
802 4542 977 4598 libero
1009 4543 1357 4599 matrimonio
1402 4553 1591 4599 natum
1638 4558 1767 4599 vere
1819 4541 2012 4597 ﬁlium.

441 4633 576 4688 Vide
591 4640 773 4688 autem
794 4649 1028 4703 quonam
1049 4634 1210 4689 modo
1230 4643 1425 4689 natura
1445 4634 1510 4689 ad
1528 4633 1808 4688 sciendum
1832 4639 2017 4701 aperte

442 4725 498 4779 id
550 4725 698 4796 quod
751 4725 886 4781 utile
925 4735 1030 4792 cst,
1057 4742 1156 4781 sua
1202 4734 1393 4796 sponte
1446 4734 1504 4781 et
1547 4725 1753 4795 absque
1805 4725 2018 4795 legibus

441 4814 661 4887 scriptis
694 4814 919 4871 feratur.
943 4816 1079 4872 Cum
1107 4817 1251 4871 enim
1276 4815 1444 4870 ﬁlium
1461 4815 1708 4878 haberet,
1732 4814 2013 4868 lsmaelem

444 4906 687 4977 inquam,
718 4909 915 4963 orbum
956 4923 1014 4964 se
1040 4906 1256 4962 vocavit
1292 4907 1510 4961 divinus
1535 4906 1830 4960 Abraham.
1853 4903 2017 4959 Novit

444 4998 647 5067 itaque,
677 5008 733 5053 et
759 4999 979 5068 quidem
1009 5007 1213 5070 aperte,
1243 5006 1458 5063 natura,
1497 4996 1642 5068 quod
1670 5011 1847 5066 neque
1872 4995 2016 5051 ﬁlius

444 5089 499 5143 iu
532 5090 848 5145 universum
882 5093 1080 5145 merito
1110 5088 1294 5145 vocari
1325 5088 1515 5160 possit,
1551 5088 1642 5158 qui
1662 5103 1727 5142 ex
1749 5085 2016 5141 adulteri-

450 5181 537 5237 nis
567 5199 631 5239 ac
662 5183 863 5254 spuriis
890 5183 1096 5254 nuptiis
1119 5190 1201 5237 est
1224 5189 1403 5237 natus.
1445 5200 1462 5232 ι
1486 5180 1673 5250 Neque
1693 5178 1838 5234 enim
1867 5178 2018 5234 dabit

444 5271 682 5328 radicem
712 5276 764 5328 in
778 5274 1171 5344 profunditate,
1206 5292 1225 5324 ι
1265 5270 1723 5342 quemadmodum
1753 5269 2014 5339 scriptum

443 5369 527 5417 est
554 5362 617 5416 ”.
640 5361 795 5428 Quod
817 5380 947 5420 vero
970 5364 1181 5421 etiamsi
1226 5362 1551 5433 quibusdam
1592 5360 1735 5415 ﬁlius
1764 5376 1829 5414 ex
1859 5374 2014 5413 serva

445 5461 718 5517 nascatur,
752 5451 943 5524 frigida
967 5470 1029 5509 ac
1046 5470 1185 5509 vana
1206 5469 1294 5509 res
1323 5452 1412 5518 sit,
1444 5466 1620 5521 neque
1645 5450 1831 5505 liberae
1865 5448 2016 5502 dele-

445 5543 670 5597 ctationi
697 5545 1039 5609 ascribenda,
1064 5546 1303 5600 ostendit
1330 5546 1520 5601 dicens
1550 5561 1561 5598 :
1598 5564 1615 5594 ι
1636 5543 1806 5597 Filius
1833 5549 2015 5596 autem

447 5633 624 5691 Mascc
652 5637 958 5691 vernacula:
982 5652 1135 5705 meae,
1162 5638 1251 5692 hic
1282 5638 1575 5692 Damascus
1604 5637 1832 5691 Eliezer.
1856 5652 1872 5684 ι
1905 5634 2018 5687 lloc

2107 1979 2201 2055 σου
2232 1999 2397 2062 πολὺς
2424 1997 2574 2050 ἔσται
2609 1993 2831 2064 σφόδρα.
2862 1991 3024 2057 Λέγει
3061 1987 3135 2042 δὲ·
3166 1983 3438 2056 Ἀϐραάμ·
3471 1979 3681 2034 Δέσποο

2106 2106 2195 2153 τα,
2221 2088 2273 2142 τί
2312 2087 2640 2158 μοιδώσεις;
2670 2081 2812 2151 Ἐγὼ
2834 2081 2890 2136 δὲ
2914 2077 3220 2148 ἀπολύομαι
3247 2075 3491 2135 ἄτεκνος.
3531 2071 3590 2122 '0
3620 2068 3683 2123 δὲ

2108 2182 2221 2244 υἱὸς
2282 2179 2473 2233 Μασὲκ
2515 2177 2618 2246 τῆς
2661 2171 2966 2239 οἱκογενοῦς
3020 2186 3146 2241 μου,
3194 2160 3345 2228 οὗτος
3393 2159 3682 2232 Δαμασκδς

2120 2271 2384 2340 Ἐλιέζερ.
2406 2269 2517 2323 Καὶ
2546 2264 2700 2320 εἶπεν
2735 2262 3006 2335 Ἀϐραάμ·
3040 2256 3258 2327 Ἐπειδὴ
3281 2254 3408 2327 ἔμοι
3422 2253 3522 2306 οὐκ
3555 2249 3684 2303 ἐδωο

2110 2380 2208 2425 κας
2239 2362 2480 2432 σπέρμα,
2530 2359 2560 2412 ὁ
2598 2358 2657 2411 δὲ
2689 2354 2973 2424 οἰκογενής
3016 2367 3118 2421 μου
3153 2344 3556 2417 κληρονομήσει
3590 2356 3681 2412 με.

2109 2455 2218 2509 Καὶ
2250 2452 2412 2513 εὐθὺς
2447 2448 2599 2521 φωνὴ
2624 2446 2832 2518 Κυρίου
2860 2443 3079 2513 ἐγένετο
3106 2439 3243 2510 πρὸς
3279 2435 3462 2498 αὑτὸν,
3496 2432 3687 2500 λέγου-

2113 2560 2208 2600 σα’
2237 2544 2312 2597 Ού
2343 2540 2742 2613 κληρονομήσει
2781 2553 2842 2590 σε
2885 2526 3060 2597 οὗτος,
3096 2531 3213 2584 ἀλλ’
3254 2528 3314 2592 ὃς
3343 2523 3686 2613 ἐξελεύσεται

2110 2637 2175 2689 ἐκ
2209 2634 2334 2697 σοῦ,
2374 2611 2528 2695 οὗτος
2562 2627 2962 2699 κληρονομήσει
2998 2639 3078 2678 σε.
3129 2620 3393 2689 Ἐξήγαγε
3431 2615 3489 2669 δὲ
3520 2611 3688 2667 αὐτὸν

2110 2725 2249 2791 ἔξω,
2280 2724 2374 2778 καὶ
2404 2718 2557 2775 εἶπεν
2597 2717 2774 2789 αύτῷ·
2825 2712 3150 2781 Ἀνάϐλεψον
3183 2710 3247 2778 δὴ
3284 2709 3362 2771 εἰς
3393 2704 3484 2758 τὸν
3522 2702 3690 2773 ούρα-

2110 2817 2220 2879 νδν,
2239 2812 2648 2884 καὶὰρίθμησον
2673 2810 2799 2873 τοὺς
2826 2805 3084 2877 ἀστέρας,
3101 2804 3148 2856 εἰ
3167 2801 3366 2872 δυνήσῃ
3384 2793 3689 2867 ὲξαριθμῆρ

2113 2927 2203 2964 σαι
2227 2906 2443 2970 αὐτούς.
2473 2904 2584 2958 Καὶ
2610 2897 2763 2956 εἶπεν
2780 2917 2793 2931 ο
2828 2897 3017 2959 υῦτως
3034 2895 3185 2948 ἔσται
3212 2891 3274 2946 τὸ
3312 2890 3533 2959 σπέρμα
3566 2901 3687 2939 σου.

2110 3003 2220 3055 Καὶ
2250 2999 2567 3052 ἐπίστευσεν
2613 2992 2864 3064 Ἀϐραάμ
2899 2989 2977 3059 τῷ
3013 2986 3156 3057 Θεῷ,
3187 2985 3281 3039 καλ⁸
3307 2981 3559 3051 ἐλογίσθη
3586 2978 3687 3033 αῦ-

2110 3092 2187 3164 τῷ
2233 3093 2313 3155 είς
2360 3085 2725 3155 δικαιοσύνην.
2767 3101 2786 3134 ι
2821 3082 3069 3150 Συνῆπτο
3115 3078 3212 3149 μὲν
3253 3075 3361 3147 γάρ
3396 3072 3545 3143 αὐτῷ
3590 3070 3693 3164 καὶ

2113 3162 2386 3244 συνέστιος
2433 3174 2501 3249 ἦν
2549 3177 2583 3247 ἡ
2623 3172 2869 3245 μακαρία
2900 3171 3087 3242 Σάρρα
3121 3168 3177 3240 (ἡ
3218 3162 3692 3236 διερμηνευομένη

2108 3272 2320 3342 λέγεται
2340 3265 2660 3339 ἄρχουσα),
2680 3262 2815 3334 γυνὴ
2844 3261 2941 3333 τὴν
2973 3260 3124 3332 ὥραν
3140 3254 3565 3327 ὲκπρεπεστάτη
3592 3252 3693 3305 καὶ

2108 3364 2228 3418 λίαν
2294 3359 2684 3431 εὐπρόσωπος*
2755 3351 3149 3426 μεμαρτύρηκε
3223 3349 3335 3418 γὰρ
3395 3344 3570 3407 οὕτως
3627 3344 3693 3397 τὸ

2109 3455 2350 3526 Γράμμα
2374 3452 2435 3504 τὸ
2459 3448 2622 3520 ἱερόν.
2657 3446 2967 3518 Παρείπετο
2994 3442 3051 3495 δὲ
3083 3440 3355 3509 δευτέροις
3379 3436 3567 3505 ὥσπερ
3594 3433 3693 3488 καὶ

2109 3545 2285 3608 νόθοις
2323 3538 2672 3613 ὑπηρετοῦσα
2704 3537 2903 3607 γάμοις
2945 3536 2978 3604 ἡ
3029 3529 3311 3600 οἱκογενὴς
3333 3570 3348 3596 ,
3383 3526 3691 3589 τουτέστιν,

2114 3639 2149 3708 ή
2190 3638 2371 3705 Ἀγαρ
2413 3631 2529 3705 (καὶ
2566 3631 2704 3701 αὐτὴ
2730 3629 2787 3683 δὲ
2823 3625 3184 3695 παροίκησις
3222 3617 3691 3694 ὲρμηνευομένη).

2124 3707 2261 3780 ’Ἀλλ’
2294 3727 2327 3797 ὴ
2356 3724 2453 3793 μὲν
2492 3722 2698 3793 Σάρρα,
2732 3719 2937 3773 τέκνων
2962 3716 3115 3770 οῦπω
3150 3713 3387 3783 γνησίων
3412 3709 3576 3763 ὠδῖνα
3605 3707 3696 3762 λα-

2113 3816 2302 3879 ϐοῦσα,
2332 3813 2656 3883 κατεθρήνει
2687 3808 2786 3879 τὴν
2803 3805 3079 3861 ἀπαιδίαν,
3118 3804 3183 3856 Ἠ
3217 3801 3273 3855 δὲ
3299 3802 3478 3869 ’Δταρ
3508 3797 3695 3850 ἔτικτε

2110 3908 2199 3961 τὸν
2236 3904 2472 3977 Ἰσμαήλ.
2490 3903 2752 3973 Ἑχόντων
2777 3899 2833 3953 δὲ
2855 3894 2954 3952 ὧδε
2975 3896 3083 3950 τῶν
3109 3897 3164 3947 ἐν
3185 3891 3395 3963 ἱστορίᾳ
3436 3888 3697 3977 πραγμά-

2112 4016 2243 4064 των,
2300 3976 2626 4068 ιτροσελάλει
2663 3990 2796 4054 Θεὸς
2829 3988 2906 4061 τῷ
2949 3984 3201 4058 Ἀϐραὰμ
3237 3982 3443 4049 λέγων·
3489 3998 3508 4030 ι
3547 3976 3694 4045 Ἐγὼ

2112 4087 2477 4159 ύπερασπίσω
2511 4102 2629 4147 σου,
2656 4085 2685 4136 ό
2718 4079 2909 4153 μισθός
2932 4096 3024 4132 σου
3056 4076 3220 4138 πολὺς
3240 4074 3395 4127 ἔσται
3428 4069 3687 4159 σφόδρα,ι

2125 4180 2182 4233 '0
2205 4156 2281 4242 δὲ,
2308 4177 2362 4231 τί
2399 4176 2538 4247 πρὸς
2579 4172 2754 4228 ταῦτά
2793 4186 2954 4241 φησι;
3002 4187 3021 4221 ι
3076 4165 3344 4223 Δέσποτα.
3379 4162 3432 4216 τί
3465 4177 3556 4231 μοι
3582 4156 3693 4213 δώ-

2113 4287 2259 4336 σεις;
2308 4268 2448 4337 Ἐγὼ
2480 4268 2539 4320 δὲ
2580 4265 2889 4334 ἀπολύομαι
2923 4262 3183 4323 ἄτεκνοςο
3217 4259 3245 4310 ό
3266 4257 3321 4309 δὲ
3350 4253 3463 4318 υἱὸς
3495 4252 3695 4306 Maesti:

2114 4361 2214 4429 τῆς
2270 4357 2582 4427 οἰκογενοῦς
2637 4374 2762 4426 μου,
2817 4346 2975 4417 οὗτος
3023 4349 3315 4421 Δαμασκδς
3359 4345 3623 4414 Ἐλιέζερ.
3669 4361 3688 4394 ι

2070 4470 2085 4479 “
2128 4452 2411 4521 Ἐπιτήρει
2456 4448 2552 4502 τοῦ
2592 4448 2751 4517 λόγου
2792 4445 2855 4499 τὸ
2892 4443 3141 4512 ἀκριϐές.
3176 4462 3194 4495 ι
3225 4441 3290 4493 Τί
3336 4455 3425 4508 μοι
3451 4436 3559 4506 γὰρ
3590 4431 3694 4488 δώ-

2122 4561 2254 4608 σεις,
2280 4542 2464 4613 φησὶν,
2500 4535 2545 4594 ὧ
2580 4540 2858 4605 Momm;
2910 4556 2929 4588 ι
2964 4535 3159 4605 Συνίης
3192 4534 3340 4594 ὅπως
3378 4527 3590 4590 οὐδενὸς
3631 4524 3694 4578 τὸ

2120 4634 2380 4704 παράπαν
2422 4630 2501 4683 ἔτι
2538 4627 2745 4681 δεῖσθαί
2781 4641 2913 4695 φησι
2939 4623 3049 4676 τῶν
3081 4619 3335 4688 ἐπιγείων
3366 4617 3690 4704 κτημάτων,

2116 4702 2228 4777 ἀλλ’
2256 4721 2363 4776 οὐδ’
2382 4718 2448 4773 ἂν
2475 4721 2523 4772 εἰ
2551 4716 2760 4786 γένοιτο
2787 4714 2880 4768 καί
2900 4712 2978 4766 ἔτι
3008 4709 3267 4765 πλειόνων
3283 4706 3572 4773 δεσπότης,
3597 4702 3693 4753 θυ-

2119 4812 2312 4885 μηδίαν
2353 4809 2606 4881 ἡγεῖσθαι
2638 4806 2700 4860 τὸ
2739 4802 2929 4877 χρῆμά
2957 4818 3142 4871 φησιν,
3165 4800 3214 4851 εἰ
3236 4798 3310 4868 μὴ
3334 4795 3556 4867 γνήσιον
3578 4790 3693 4885 ἔχοι

2231 4879 2567 4969 κληρονόμον
2601 4895 2661 4961 ἐξ
2702 4892 3001 4962 ὲλευθέρων
3041 4888 3321 4958 ἀναφύντα
3355 4885 3572 4954 γάμων,
3601 4879 3694 4969 ’ὠν

2113 4968 2501 5063 ἁληθῶςῗυὶόν.
2536 4986 2727 5057 ¹Ἀθρει
2752 4984 2830 5046 δὲ,
2869 4983 2952 5035 ὅτι
2992 4980 3131 5051 πρὸς
3165 4977 3227 5032 τὸ
3268 4975 3465 5030 εἰδέναι
3506 4968 3693 5040 σαφῶς

2120 5083 2180 5136 τὺ
2208 5080 2501 5144 λυσιτελὲς,
2535 5079 2569 5148 ἡ
2595 5075 2754 5146 φύσις
2788 5072 3084 5143 αὐτόμολος
3110 5070 3203 5124 καὶ
3236 5068 3357 5138 δίχα
3390 5066 3572 5136 νόμων
3597 5078 3693 5132 γε-

2121 5172 2473 5245 γραμμένων.
2509 5168 2701 5232 Καίτοι
2721 5165 2828 5237 γὰρ
2859 5164 3007 5227 ὃντος
3032 5160 3171 5226 υἱοῦ,
3204 5158 3347 5229 φημὶ
3374 5156 3437 5228 δὴ
3469 5154 3564 5208 τοῦ
3594 5153 3694 5245 ἰσ-

2126 5243 2287 5335 μαὴλ,
2314 5261 2537 5314 ἄτεκνον
2552 5257 2743 5310 ἑαυτὸν
2759 5254 3039 5324 ὠνόμαζεν
3053 5255 3080 5305 ὁ
3099 5249 3382 5311 θεσπέσιος
3416 5243 3687 5335 Ἀϐραάμς

2121 5352 2271 5410 Οἶδεν
2309 5348 2400 5406 οῦν
2454 5352 2560 5421 ἄρα
2600 5348 2694 5401 καὶ
2747 5346 2892 5417 μάλα
2938 5343 3121 5412 capio;
3155 5343 3189 5412 ή
3238 5338 3525 5408 φύσις,ὅτι
3558 5330 3692 5421 μηδὲ

2122 5448 2234 5509 υἱὸς
2250 5445 2382 5506 ὅλως
2403 5441 2715 5511 ὀνομάζοιτο
2732 5438 2795 5492 ἂν
2821 5437 3064 5497 εἰκότως,
3085 5435 3112 5486 ὁ
3134 5435 3196 5484 ἐκ
3217 5429 3485 5499 κιῧδὴλων
3509 5441 3568 5477 τε
3597 5420 3691 5477 καὶ

2121 5538 2291 5592 νόθων
2316 5535 2523 5601 ἁναφὺς
2553 5528 2977 5601 νυμφευμάτων.
3027 5544 3043 5576 ι
3087 5524 3160 5578 Οὐ
3186 5522 3296 5591 γὰρ
3335 5519 3496 5573 δώσει
3536 5512 3691 5585 ῥίζαν

2123 5630 2200 5690 εἰς
2232 5626 2410 5697 βάθος,
2450 5643 2467 5677 ι
2510 5623 2648 5676 κατὰ
2692 5622 2749 5674 τὸ
2776 5616 3182 5689 γεγραμμένον.
3233 5614 3351 5666 ’Ὁτι
3393 5609 3470 5675 δὲ,
3508 5604 3608 5659 κᾶν
3638 5601 3692 5654 εἰ

519 5812 562 5846 ⁸¹
592 5817 747 5872 Rom.
791 5830 862 5881 tv,
896 5811 984 5877 9.3,
1014 5812 1102 5867 ‘21.
1180 5802 1221 5844 ⁸³
1247 5812 1379 5866 Gen.
1419 5828 1505 5875 xv,
1562 5811 1667 5864 1-6.
1743 5810 1784 5838 ³³
1814 5809 1939 5877 Sap.
1970 5823 2039 5867 iv,
2069 5805 2119 5857 5.
