  <div class='ocr_page' id='page_1' title='image "/cluster/home/n/w/nwhite01/storage/ocr_20150623/69/mdp.39015078384446/066.png"; bbox 0 0 4056 6260; ppageno 0'>
   <div class='ocr_carea' id='block_1_1' title="bbox 343 437 448 500">
    <p class='ocr_par' dir='ltr' id='par_1_1' title="bbox 343 437 448 500">
     <span class='ocr_line' id='line_1_1' title="bbox 343 437 448 500; baseline -0.029 0"><span class='ocrx_word' id='word_1_1' title='bbox 343 437 448 500; x_wconf 68' lang='lat'><strong>151</strong></span> 
     </span>
    </p>
   </div>
   <div class='ocr_carea' id='block_1_2' title="bbox 1355 430 2639 502">
    <p class='ocr_par' dir='ltr' id='par_1_2' title="bbox 1355 430 2639 502">
     <span class='ocr_line' id='line_1_2' title="bbox 1355 430 2639 502; baseline -0.001 -1"><span class='ocrx_word' id='word_1_2' title='bbox 1355 441 1878 501; x_wconf 71' lang='grc' dir='ltr'>ςιΑιιιιγιιοιιυΜ</span> <span class='ocrx_word' id='word_1_3' title='bbox 1917 443 1983 500; x_wconf 86' lang='grc' dir='ltr'><strong>ΙΝ</strong></span> <span class='ocrx_word' id='word_1_4' title='bbox 2024 441 2323 502; x_wconf 74' lang='lat' dir='ltr'><strong>GENESIM</strong></span> <span class='ocrx_word' id='word_1_5' title='bbox 2361 444 2486 501; x_wconf 73' lang='lat' dir='ltr'><strong>LIB.</strong></span> <span class='ocrx_word' id='word_1_6' title='bbox 2528 430 2639 500; x_wconf 57' lang='lat' dir='ltr'><strong>Ill.</strong></span> 
     </span>
    </p>
   </div>
   <div class='ocr_carea' id='block_1_3' title="bbox 3497 454 3626 518">
    <p class='ocr_par' dir='ltr' id='par_1_3' title="bbox 3497 454 3626 518">
     <span class='ocr_line' id='line_1_3' title="bbox 3497 454 3626 518; baseline 0.085 -11"><span class='ocrx_word' id='word_1_7' title='bbox 3497 454 3626 518; x_wconf 64' lang='lat' dir='ltr'><strong>H3-</strong></span> 
     </span>
    </p>
   </div>
   <div class='ocr_carea' id='block_1_4' title="bbox 339 553 1912 631">
    <p class='ocr_par' dir='ltr' id='par_1_4' title="bbox 339 553 1912 628">
     <span class='ocr_line' id='line_1_4' title="bbox 339 553 1912 628; baseline 0.001 -21"><span class='ocrx_word' id='word_1_8' title='bbox 339 554 551 625; x_wconf 70' lang='grc' dir='ltr'>γένοιτό</span> <span class='ocrx_word' id='word_1_9' title='bbox 595 569 726 608; x_wconf 74' lang='grc' dir='ltr'>κοτε</span> <span class='ocrx_word' id='word_1_10' title='bbox 754 553 942 608; x_wconf 75' lang='grc' dir='ltr'>τέκνον</span> <span class='ocrx_word' id='word_1_11' title='bbox 973 554 1035 608; x_wconf 71' lang='grc' dir='ltr'>ὲκ</span> <span class='ocrx_word' id='word_1_12' title='bbox 1064 553 1401 628; x_wconf 68' lang='grc' dir='ltr'>θεραπαίνης</span> <span class='ocrx_word' id='word_1_13' title='bbox 1434 557 1582 623; x_wconf 78' lang='grc' dir='ltr'>τισὶ,</span> <span class='ocrx_word' id='word_1_14' title='bbox 1613 556 1819 626; x_wconf 75' lang='grc' dir='ltr'>ψυχρόν</span> <span class='ocrx_word' id='word_1_15' title='bbox 1860 573 1912 609; x_wconf 89' lang='grc' dir='ltr'><strong>τε</strong></span> 
     </span>
    </p>
   </div>
   <div class='ocr_carea' id='block_1_5' title="bbox 2013 553 3626 631">
    <p class='ocr_par' dir='ltr' id='par_1_5' title="bbox 2022 557 3626 631">
     <span class='ocr_line' id='line_1_5' title="bbox 2022 557 3626 631; baseline 0.005 -18"><span class='ocrx_word' id='word_1_16' title='bbox 2022 565 2126 624; x_wconf 89' lang='lat' dir='ltr'><strong>est,</strong></span> <span class='ocrx_word' id='word_1_17' title='bbox 2163 557 2253 613; x_wconf 76' lang='lat' dir='ltr'><strong>(let</strong></span> <span class='ocrx_word' id='word_1_18' title='bbox 2278 557 2412 613; x_wconf 88' lang='lat' dir='ltr'><strong>mihi</strong></span> <span class='ocrx_word' id='word_1_19' title='bbox 2445 557 2707 627; x_wconf 85' lang='lat' dir='ltr'><strong>deinceps</strong></span> <span class='ocrx_word' id='word_1_20' title='bbox 2733 564 2894 611; x_wconf 87' lang='lat' dir='ltr'><strong>natus</strong></span> <span class='ocrx_word' id='word_1_21' title='bbox 2930 572 2996 612; x_wconf 82' lang='lat' dir='ltr'><strong>ex</strong></span> <span class='ocrx_word' id='word_1_22' title='bbox 3022 573 3176 613; x_wconf 84' lang='lat' dir='ltr'><strong>serva</strong></span> <span class='ocrx_word' id='word_1_23' title='bbox 3210 560 3489 631; x_wconf 80' lang='lat' dir='ltr'><strong>sanguinis</strong></span> <span class='ocrx_word' id='word_1_24' title='bbox 3515 580 3626 621; x_wconf 47' lang='grc' dir='ltr'>εον</span> 
     </span>
    </p>
   </div>
   <div class='ocr_carea' id='block_1_6' title="bbox 343 641 1921 714">
    <p class='ocr_par' dir='ltr' id='par_1_6' title="bbox 343 641 1921 714">
     <span class='ocr_line' id='line_1_6' title="bbox 343 641 1921 714; baseline 0.003 -18"><span class='ocrx_word' id='word_1_25' title='bbox 343 643 438 697; x_wconf 74' lang='grc' dir='ltr'>καὶ</span> <span class='ocrx_word' id='word_1_26' title='bbox 483 641 651 696; x_wconf 76' lang='grc' dir='ltr'>ῑωλον</span> <span class='ocrx_word' id='word_1_27' title='bbox 691 642 752 696; x_wconf 79' lang='grc' dir='ltr'><strong>τὺ</strong></span> <span class='ocrx_word' id='word_1_28' title='bbox 788 644 975 714; x_wconf 79' lang='grc' dir='ltr'>χρῆμά</span> <span class='ocrx_word' id='word_1_29' title='bbox 1007 661 1108 698; x_wconf 82' lang='grc' dir='ltr'><strong>που</strong></span> <span class='ocrx_word' id='word_1_30' title='bbox 1134 645 1349 711; x_wconf 80' lang='grc' dir='ltr'>πάντως</span> <span class='ocrx_word' id='word_1_31' title='bbox 1370 685 1385 708; x_wconf 86' lang='grc'><strong>,</strong></span> <span class='ocrx_word' id='word_1_32' title='bbox 1417 648 1511 701; x_wconf 74' lang='grc' dir='ltr'>καὶ</span> <span class='ocrx_word' id='word_1_33' title='bbox 1545 644 1646 701; x_wconf 70' lang='grc' dir='ltr'>οὔκ</span> <span class='ocrx_word' id='word_1_34' title='bbox 1674 646 1748 700; x_wconf 81' lang='grc' dir='ltr'>ἂν</span> <span class='ocrx_word' id='word_1_35' title='bbox 1770 646 1921 700; x_wconf 75' lang='grc' dir='ltr'>ἐλευ-</span> 
     </span>
    </p>
   </div>
   <div class='ocr_carea' id='block_1_7' title="bbox 329 718 1916 806">
    <p class='ocr_par' dir='ltr' id='par_1_7' title="bbox 329 718 1916 806">
     <span class='ocr_line' id='line_1_7' title="bbox 329 718 1916 806; baseline 0.003 -20"><span class='ocrx_word' id='word_1_36' title='bbox 329 718 525 804; x_wconf 75' lang='grc' dir='ltr'>θέροις</span> <span class='ocrx_word' id='word_1_37' title='bbox 555 733 961 805; x_wconf 76' lang='grc' dir='ltr'>καταγράφοιτο</span> <span class='ocrx_word' id='word_1_38' title='bbox 987 732 1274 805; x_wconf 76' lang='grc' dir='ltr'><strong>θυμηδίας,</strong></span> <span class='ocrx_word' id='word_1_39' title='bbox 1299 737 1689 806; x_wconf 79' lang='grc' dir='ltr'>προσαπέδειξε</span> <span class='ocrx_word' id='word_1_40' title='bbox 1713 735 1886 805; x_wconf 85' lang='grc' dir='ltr'>λέγων</span> <span class='ocrx_word' id='word_1_41' title='bbox 1903 754 1916 767; x_wconf 89' lang='grc'>·</span> 
     </span>
    </p>
   </div>
   <div class='ocr_carea' id='block_1_8' title="bbox 353 822 1916 899">
    <p class='ocr_par' dir='ltr' id='par_1_8' title="bbox 353 822 1916 899">
     <span class='ocr_line' id='line_1_8' title="bbox 353 822 1916 899; baseline 0.004 -24"><span class='ocrx_word' id='word_1_42' title='bbox 353 842 371 875; x_wconf 85' lang='grc' dir='ltr'><strong>ι</strong></span> <span class='ocrx_word' id='word_1_43' title='bbox 410 823 676 888; x_wconf 76' lang='grc' dir='ltr'>ὀδὲυίὸς</span> <span class='ocrx_word' id='word_1_44' title='bbox 713 825 907 878; x_wconf 81' lang='grc' dir='ltr'>Μασὲκ</span> <span class='ocrx_word' id='word_1_45' title='bbox 947 827 1047 895; x_wconf 80' lang='grc' dir='ltr'>τῆς</span> <span class='ocrx_word' id='word_1_46' title='bbox 1091 826 1402 895; x_wconf 81' lang='grc' dir='ltr'>οίκογενοῦς</span> <span class='ocrx_word' id='word_1_47' title='bbox 1441 845 1564 899; x_wconf 89' lang='grc' dir='ltr'>μου,</span> <span class='ocrx_word' id='word_1_48' title='bbox 1606 822 1760 892; x_wconf 75' lang='grc' dir='ltr'>οὗτος</span> <span class='ocrx_word' id='word_1_49' title='bbox 1811 831 1916 882; x_wconf 84' lang='grc' dir='ltr'><strong>Δα-</strong></span> 
     </span>
    </p>
   </div>
   <div class='ocr_carea' id='block_1_9' title="bbox 346 912 1918 990">
    <p class='ocr_par' dir='ltr' id='par_1_9' title="bbox 346 912 1918 990">
     <span class='ocr_line' id='line_1_9' title="bbox 346 912 1918 990; baseline 0.004 -23"><span class='ocrx_word' id='word_1_50' title='bbox 346 912 551 982; x_wconf 73' lang='grc' dir='ltr'>μασκδς</span> <span class='ocrx_word' id='word_1_51' title='bbox 584 912 844 986; x_wconf 81' lang='grc' dir='ltr'>Ἐλιέζερ.</span> <span class='ocrx_word' id='word_1_52' title='bbox 881 934 901 967; x_wconf 71' lang='grc' dir='ltr'><strong>ι</strong></span> <span class='ocrx_word' id='word_1_53' title='bbox 953 916 1233 982; x_wconf 85' lang='grc' dir='ltr'>Τουτέστι,</span> <span class='ocrx_word' id='word_1_54' title='bbox 1270 918 1570 990; x_wconf 81' lang='grc' dir='ltr'>Γενήσεταί</span> <span class='ocrx_word' id='word_1_55' title='bbox 1600 935 1689 990; x_wconf 88' lang='grc' dir='ltr'><strong>μοι</strong></span> <span class='ocrx_word' id='word_1_56' title='bbox 1727 919 1918 974; x_wconf 80' lang='grc' dir='ltr'>λοιπὸν</span> 
     </span>
    </p>
   </div>
   <div class='ocr_carea' id='block_1_10' title="bbox 343 1003 1917 1081">
    <p class='ocr_par' dir='ltr' id='par_1_10' title="bbox 343 1003 1917 1081">
     <span class='ocr_line' id='line_1_10' title="bbox 343 1003 1917 1081; baseline 0.006 -26"><span class='ocrx_word' id='word_1_57' title='bbox 343 1004 371 1056; x_wconf 99' lang='lat'><strong>6</strong></span> <span class='ocrx_word' id='word_1_58' title='bbox 407 1003 474 1057; x_wconf 72' lang='lat' dir='ltr'><strong>hc</strong></span> <span class='ocrx_word' id='word_1_59' title='bbox 502 1004 601 1075; x_wconf 84' lang='grc' dir='ltr'>τῆς</span> <span class='ocrx_word' id='word_1_60' title='bbox 643 1004 975 1074; x_wconf 82' lang='grc' dir='ltr'>οίκογενοῦς,</span> <span class='ocrx_word' id='word_1_61' title='bbox 1018 1006 1253 1077; x_wconf 76' lang='grc' dir='ltr'>αἵματος</span> <span class='ocrx_word' id='word_1_62' title='bbox 1296 1008 1527 1080; x_wconf 80' lang='grc' dir='ltr'>φίλημα.</span> <span class='ocrx_word' id='word_1_63' title='bbox 1578 1009 1750 1063; x_wconf 84' lang='grc' dir='ltr'>Τοῦτο</span> <span class='ocrx_word' id='word_1_64' title='bbox 1807 1010 1917 1081; x_wconf 84' lang='grc' dir='ltr'>γάρ</span> 
     </span>
    </p>
   </div>
   <div class='ocr_carea' id='block_1_11' title="bbox 340 1095 1916 1173">
    <p class='ocr_par' dir='ltr' id='par_1_11' title="bbox 340 1095 1916 1173">
     <span class='ocr_line' id='line_1_11' title="bbox 340 1095 1916 1173; baseline 0.005 -25"><span class='ocrx_word' id='word_1_65' title='bbox 340 1095 455 1148; x_wconf 65' lang='grc' dir='ltr'>ἑστι</span> <span class='ocrx_word' id='word_1_66' title='bbox 477 1096 560 1163; x_wconf 76' lang='grc' dir='ltr'><strong>τὸ,</strong></span> <span class='ocrx_word' id='word_1_67' title='bbox 597 1098 1453 1173; x_wconf 74' lang='grc' dir='ltr'>Δαμασκός.Καταλογιο-θήσεται</span> <span class='ocrx_word' id='word_1_68' title='bbox 1475 1102 1530 1156; x_wconf 58' lang='grc' dir='ltr'>δὲ</span> <span class='ocrx_word' id='word_1_69' title='bbox 1557 1103 1648 1156; x_wconf 69' lang='grc' dir='ltr'>καὶ</span> <span class='ocrx_word' id='word_1_70' title='bbox 1674 1105 1753 1167; x_wconf 86' lang='grc' dir='ltr'><strong>είς</strong></span> <span class='ocrx_word' id='word_1_71' title='bbox 1769 1103 1916 1156; x_wconf 85' lang='grc' dir='ltr'>ἀντί-</span> 
     </span>
    </p>
   </div>
   <div class='ocr_carea' id='block_1_12' title="bbox 338 1185 1913 1265">
    <p class='ocr_par' dir='ltr' id='par_1_12' title="bbox 338 1185 1913 1265">
     <span class='ocr_line' id='line_1_12' title="bbox 338 1185 1913 1265; baseline 0.006 -27"><span class='ocrx_word' id='word_1_72' title='bbox 338 1185 497 1255; x_wconf 75' lang='grc' dir='ltr'>ληψιν</span> <span class='ocrx_word' id='word_1_73' title='bbox 519 1185 610 1239; x_wconf 80' lang='grc' dir='ltr'>καὶ</span> <span class='ocrx_word' id='word_1_74' title='bbox 630 1188 951 1259; x_wconf 69' lang='grc' dir='ltr'>δπικουρίαν</span> <span class='ocrx_word' id='word_1_75' title='bbox 982 1189 1080 1260; x_wconf 81' lang='grc' dir='ltr'>τὴν</span> <span class='ocrx_word' id='word_1_76' title='bbox 1111 1191 1261 1262; x_wconf 87' lang='grc' dir='ltr'><strong>παρά</strong></span> <span class='ocrx_word' id='word_1_77' title='bbox 1281 1191 1438 1246; x_wconf 80' lang='grc' dir='ltr'>Θεοῦ.</span> <span class='ocrx_word' id='word_1_78' title='bbox 1468 1191 1638 1246; x_wconf 73' lang='grc' dir='ltr'>Τοῦτο</span> <span class='ocrx_word' id='word_1_79' title='bbox 1669 1195 1777 1265; x_wconf 78' lang='grc' dir='ltr'><strong>γὰρ</strong></span> <span class='ocrx_word' id='word_1_80' title='bbox 1804 1194 1913 1247; x_wconf 83' lang='grc' dir='ltr'><strong>πά-</strong></span> 
     </span>
    </p>
   </div>
   <div class='ocr_carea' id='block_1_13' title="bbox 337 1276 1912 1353">
    <p class='ocr_par' dir='ltr' id='par_1_13' title="bbox 337 1276 1912 1353">
     <span class='ocr_line' id='line_1_13' title="bbox 337 1276 1912 1353; baseline 0.005 -22"><span class='ocrx_word' id='word_1_81' title='bbox 337 1277 418 1331; x_wconf 90' lang='grc' dir='ltr'><strong>λιν</strong></span> <span class='ocrx_word' id='word_1_82' title='bbox 448 1278 510 1332; x_wconf 74' lang='grc' dir='ltr'>τὸ</span> <span class='ocrx_word' id='word_1_83' title='bbox 539 1276 776 1350; x_wconf 77' lang='grc' dir='ltr'>Ελιέζερ.</span> <span class='ocrx_word' id='word_1_84' title='bbox 807 1281 1032 1350; x_wconf 79' lang='grc' dir='ltr'><strong>Ὅμοιον</strong></span> <span class='ocrx_word' id='word_1_85' title='bbox 1055 1278 1149 1336; x_wconf 78' lang='grc' dir='ltr'>οὖν</span> <span class='ocrx_word' id='word_1_86' title='bbox 1168 1282 1244 1346; x_wconf 84' lang='grc' dir='ltr'><strong>ὡς</strong></span> <span class='ocrx_word' id='word_1_87' title='bbox 1263 1284 1312 1336; x_wconf 84' lang='grc' dir='ltr'><strong>εί</strong></span> <span class='ocrx_word' id='word_1_88' title='bbox 1342 1283 1489 1352; x_wconf 84' lang='grc' dir='ltr'>λέγει</span> <span class='ocrx_word' id='word_1_89' title='bbox 1522 1284 1731 1353; x_wconf 72' lang='grc' dir='ltr'>σαφῶςο</span> <span class='ocrx_word' id='word_1_90' title='bbox 1771 1285 1912 1340; x_wconf 82' lang='grc' dir='ltr'>Ἀνθ’</span> 
     </span>
    </p>
   </div>
   <div class='ocr_carea' id='block_1_14' title="bbox 339 1368 1913 1448">
    <p class='ocr_par' dir='ltr' id='par_1_14' title="bbox 339 1368 1913 1448">
     <span class='ocr_line' id='line_1_14' title="bbox 339 1368 1913 1448; baseline 0.003 -23"><span class='ocrx_word' id='word_1_91' title='bbox 339 1368 567 1437; x_wconf 76' lang='grc' dir='ltr'>αἵματος</span> <span class='ocrx_word' id='word_1_92' title='bbox 586 1369 681 1424; x_wconf 80' lang='grc' dir='ltr'>τοῦ</span> <span class='ocrx_word' id='word_1_93' title='bbox 710 1371 933 1441; x_wconf 77' lang='grc' dir='ltr'>γνησίου</span> <span class='ocrx_word' id='word_1_94' title='bbox 966 1372 1060 1425; x_wconf 81' lang='grc' dir='ltr'>καὶ</span> <span class='ocrx_word' id='word_1_95' title='bbox 1081 1373 1303 1444; x_wconf 81' lang='grc' dir='ltr'><strong>ἀγάπης</strong></span> <span class='ocrx_word' id='word_1_96' title='bbox 1329 1375 1468 1444; x_wconf 60' lang='grc' dir='ltr'><strong>τῆςλ1</strong></span> <span class='ocrx_word' id='word_1_97' title='bbox 1497 1375 1648 1436; x_wconf 77' lang='grc' dir='ltr'>αὐτὸ.</span> <span class='ocrx_word' id='word_1_98' title='bbox 1680 1376 1913 1448; x_wconf 69' lang='grc' dir='ltr'>αἵματος</span> 
     </span>
    </p>
   </div>
   <div class='ocr_carea' id='block_1_15' title="bbox 340 1456 1913 1535">
    <p class='ocr_par' dir='ltr' id='par_1_15' title="bbox 340 1456 1913 1535">
     <span class='ocr_line' id='line_1_15' title="bbox 340 1456 1913 1535; baseline 0.004 -24"><span class='ocrx_word' id='word_1_99' title='bbox 340 1456 549 1528; x_wconf 76' lang='grc' dir='ltr'>φίλημα</span> <span class='ocrx_word' id='word_1_100' title='bbox 594 1459 688 1512; x_wconf 76' lang='grc' dir='ltr'>καὶ</span> <span class='ocrx_word' id='word_1_101' title='bbox 739 1459 1027 1531; x_wconf 70' lang='grc' dir='ltr'>ἀντίληψις</span> <span class='ocrx_word' id='word_1_102' title='bbox 1077 1462 1111 1531; x_wconf 78' lang='grc' dir='ltr'><strong>ἡ</strong></span> <span class='ocrx_word' id='word_1_103' title='bbox 1155 1461 1310 1530; x_wconf 86' lang='grc' dir='ltr'><strong>παρά</strong></span> <span class='ocrx_word' id='word_1_104' title='bbox 1360 1462 1495 1516; x_wconf 86' lang='grc' dir='ltr'><strong>Θεοῦ</strong></span> <span class='ocrx_word' id='word_1_105' title='bbox 1553 1465 1801 1535; x_wconf 81' lang='grc' dir='ltr'>καθάπερ</span> <span class='ocrx_word' id='word_1_106' title='bbox 1854 1466 1913 1531; x_wconf 78' lang='grc' dir='ltr'><strong>ἐξ</strong></span> 
     </span>
    </p>
   </div>
   <div class='ocr_carea' id='block_1_16' title="bbox 340 1551 1911 1627">
    <p class='ocr_par' dir='ltr' id='par_1_16' title="bbox 340 1551 1911 1627">
     <span class='ocr_line' id='line_1_16' title="bbox 340 1551 1911 1627; baseline 0.004 -23"><span class='ocrx_word' id='word_1_107' title='bbox 340 1551 580 1621; x_wconf 72' lang='grc' dir='ltr'>ἀνάγκης</span> <span class='ocrx_word' id='word_1_108' title='bbox 625 1552 654 1604; x_wconf 90' lang='lat'><strong>6</strong></span> <span class='ocrx_word' id='word_1_109' title='bbox 690 1551 974 1622; x_wconf 79' lang='grc' dir='ltr'>οἰκογενής</span> <span class='ocrx_word' id='word_1_110' title='bbox 1014 1569 1114 1621; x_wconf 90' lang='grc' dir='ltr'><strong>μου</strong></span> <span class='ocrx_word' id='word_1_111' title='bbox 1151 1553 1475 1621; x_wconf 72' lang='grc' dir='ltr'><strong>γενήσεται⁸</strong></span> <span class='ocrx_word' id='word_1_112' title='bbox 1513 1553 1664 1607; x_wconf 66' lang='grc' dir='ltr'>ἔσται</span> <span class='ocrx_word' id='word_1_113' title='bbox 1708 1555 1764 1609; x_wconf 84' lang='grc' dir='ltr'><strong>δέ</strong></span> <span class='ocrx_word' id='word_1_114' title='bbox 1808 1574 1911 1627; x_wconf 87' lang='grc' dir='ltr'><strong>μου</strong></span> 
     </span>
    </p>
   </div>
   <div class='ocr_carea' id='block_1_17' title="bbox 341 1639 1909 1719">
    <p class='ocr_par' dir='ltr' id='par_1_17' title="bbox 341 1639 1909 1719">
     <span class='ocr_line' id='line_1_17' title="bbox 341 1639 1909 1719; baseline 0.004 -26"><span class='ocrx_word' id='word_1_115' title='bbox 341 1641 433 1694; x_wconf 80' lang='grc' dir='ltr'>καὶ</span> <span class='ocrx_word' id='word_1_116' title='bbox 460 1640 817 1712; x_wconf 76' lang='grc' dir='ltr'><strong>κληρονόμος.</strong></span> <span class='ocrx_word' id='word_1_117' title='bbox 851 1658 871 1692; x_wconf 87' lang='grc' dir='ltr'><strong>ι</strong></span> <span class='ocrx_word' id='word_1_118' title='bbox 905 1642 970 1694; x_wconf 86' lang='grc' dir='ltr'>Τί</span> <span class='ocrx_word' id='word_1_119' title='bbox 1000 1639 1093 1696; x_wconf 82' lang='grc' dir='ltr'>οὖν</span> <span class='ocrx_word' id='word_1_120' title='bbox 1131 1658 1220 1712; x_wconf 86' lang='grc' dir='ltr'><strong>μοι</strong></span> <span class='ocrx_word' id='word_1_121' title='bbox 1243 1641 1468 1710; x_wconf 78' lang='grc' dir='ltr'>δώσειςς</span> <span class='ocrx_word' id='word_1_122' title='bbox 1510 1664 1529 1695; x_wconf 74' lang='grc' dir='ltr'><strong>ι</strong></span> <span class='ocrx_word' id='word_1_123' title='bbox 1577 1646 1635 1698; x_wconf 74' lang='lat' dir='ltr'><strong>Et</strong></span> <span class='ocrx_word' id='word_1_124' title='bbox 1674 1646 1748 1716; x_wconf 75' lang='grc' dir='ltr'>μὴ</span> <span class='ocrx_word' id='word_1_125' title='bbox 1778 1649 1909 1719; x_wconf 77' lang='grc' dir='ltr'>γνή-</span> 
     </span>
    </p>
   </div>
   <div class='ocr_carea' id='block_1_18' title="bbox 341 1728 1912 1812">
    <p class='ocr_par' dir='ltr' id='par_1_18' title="bbox 341 1728 1912 1812">
     <span class='ocr_line' id='line_1_18' title="bbox 341 1728 1912 1812; baseline 0.004 -29"><span class='ocrx_word' id='word_1_126' title='bbox 341 1746 458 1784; x_wconf 84' lang='grc' dir='ltr'>σιον</span> <span class='ocrx_word' id='word_1_127' title='bbox 481 1728 662 1800; x_wconf 76' lang='grc' dir='ltr'>ῐχοιμι</span> <span class='ocrx_word' id='word_1_128' title='bbox 679 1731 770 1784; x_wconf 76' lang='grc' dir='ltr'>τὸν</span> <span class='ocrx_word' id='word_1_129' title='bbox 793 1730 1182 1801; x_wconf 77' lang='grc' dir='ltr'>διαδεξόμενον,</span> <span class='ocrx_word' id='word_1_130' title='bbox 1213 1733 1319 1787; x_wconf 78' lang='grc' dir='ltr'>ὑπὸ</span> <span class='ocrx_word' id='word_1_131' title='bbox 1336 1733 1526 1804; x_wconf 88' lang='grc' dir='ltr'>μῶμον</span> <span class='ocrx_word' id='word_1_132' title='bbox 1556 1736 1709 1791; x_wconf 77' lang='grc' dir='ltr'>ἔσται</span> <span class='ocrx_word' id='word_1_133' title='bbox 1735 1738 1912 1812; x_wconf 78' lang='grc' dir='ltr'>πάντῃ</span> 
     </span>
    </p>
   </div>
   <div class='ocr_carea' id='block_1_19' title="bbox 340 1818 1911 1894">
    <p class='ocr_par' dir='ltr' id='par_1_19' title="bbox 340 1818 1911 1894">
     <span class='ocr_line' id='line_1_19' title="bbox 340 1818 1911 1894; baseline 0.006 -20"><span class='ocrx_word' id='word_1_134' title='bbox 340 1837 400 1874; x_wconf 78' lang='grc' dir='ltr'><strong>τι</strong></span> <span class='ocrx_word' id='word_1_135' title='bbox 436 1820 532 1875; x_wconf 81' lang='grc' dir='ltr'>καὶ</span> <span class='ocrx_word' id='word_1_136' title='bbox 563 1821 778 1886; x_wconf 74' lang='grc' dir='ltr'>πάντως</span> <span class='ocrx_word' id='word_1_137' title='bbox 819 1823 851 1874; x_wconf 88' lang='lat'><strong>6</strong></span> <span class='ocrx_word' id='word_1_138' title='bbox 876 1823 966 1886; x_wconf 79' lang='grc' dir='ltr'>σὸς</span> <span class='ocrx_word' id='word_1_139' title='bbox 1004 1823 1278 1894; x_wconf 71' lang='grc' dir='ltr'>Ἀϐραὰμ.</span> <span class='ocrx_word' id='word_1_140' title='bbox 1310 1818 1357 1876; x_wconf 82' lang='grc' dir='ltr'>ὧ</span> <span class='ocrx_word' id='word_1_141' title='bbox 1388 1827 1662 1880; x_wconf 78' lang='grc' dir='ltr'><strong>Δέσποτα.</strong></span> <span class='ocrx_word' id='word_1_142' title='bbox 1689 1827 1911 1882; x_wconf 87' lang='grc' dir='ltr'>Τέκνων</span> 
     </span>
    </p>
   </div>
   <div class='ocr_carea' id='block_1_20' title="bbox 341 1894 1990 1988">
    <p class='ocr_par' dir='ltr' id='par_1_20' title="bbox 341 1894 1990 1988">
     <span class='ocr_line' id='line_1_20' title="bbox 341 1894 1990 1988; baseline 0.004 -21"><span class='ocrx_word' id='word_1_143' title='bbox 341 1914 451 1984; x_wconf 76' lang='grc' dir='ltr'>γὰρ</span> <span class='ocrx_word' id='word_1_144' title='bbox 482 1913 686 1986; x_wconf 69' lang='grc' dir='ltr'>ἕρημος</span> <span class='ocrx_word' id='word_1_145' title='bbox 710 1915 1115 1988; x_wconf 56' lang='grc' dir='ltr'>ἀπαλλάττεται</span> <span class='ocrx_word' id='word_1_146' title='bbox 1139 1915 1248 1968; x_wconf 85' lang='grc' dir='ltr'><strong>τῶν</strong></span> <span class='ocrx_word' id='word_1_147' title='bbox 1274 1917 1544 1988; x_wconf 77' lang='grc' dir='ltr'>ἀληθινῶν</span> <span class='ocrx_word' id='word_1_148' title='bbox 1564 1920 1658 1972; x_wconf 78' lang='grc' dir='ltr'>καὶ</span> <span class='ocrx_word' id='word_1_149' title='bbox 1681 1920 1739 1986; x_wconf 73' lang='grc' dir='ltr'><strong>ἐξ</strong></span> <span class='ocrx_word' id='word_1_150' title='bbox 1768 1920 1917 1974; x_wconf 73' lang='grc' dir='ltr'>ὲλευο</span> <span class='ocrx_word' id='word_1_151' title='bbox 1949 1894 1990 1946; x_wconf 73' lang='grc' dir='ltr'><strong><em>Β</em></strong></span> 
     </span>
    </p>
   </div>
   <div class='ocr_carea' id='block_1_21' title="bbox 341 2004 1921 2079">
    <p class='ocr_par' dir='ltr' id='par_1_21' title="bbox 341 2004 1921 2079">
     <span class='ocr_line' id='line_1_21' title="bbox 341 2004 1921 2079; baseline 0.004 -21"><span class='ocrx_word' id='word_1_152' title='bbox 341 2005 524 2075; x_wconf 81' lang='grc' dir='ltr'>θέρας.</span> <span class='ocrx_word' id='word_1_153' title='bbox 573 2005 712 2059; x_wconf 75' lang='grc' dir='ltr'>Ἀλλ’</span> <span class='ocrx_word' id='word_1_154' title='bbox 756 2005 818 2058; x_wconf 80' lang='grc' dir='ltr'>οὐ</span> <span class='ocrx_word' id='word_1_155' title='bbox 862 2004 1052 2075; x_wconf 85' lang='grc' dir='ltr'>μακρά</span> <span class='ocrx_word' id='word_1_156' title='bbox 1076 2005 1364 2059; x_wconf 72' lang='grc' dir='ltr'>λυπεῖσθαι</span> <span class='ocrx_word' id='word_1_157' title='bbox 1401 2007 1493 2060; x_wconf 84' lang='grc' dir='ltr'><strong>τδν</strong></span> <span class='ocrx_word' id='word_1_158' title='bbox 1535 2008 1742 2062; x_wconf 89' lang='grc' dir='ltr'>δίκαιον</span> <span class='ocrx_word' id='word_1_159' title='bbox 1771 2011 1921 2079; x_wconf 75' lang='grc' dir='ltr'>ἠφίει</span> 
     </span>
    </p>
   </div>
   <div class='ocr_carea' id='block_1_22' title="bbox 342 2096 1917 2168">
    <p class='ocr_par' dir='ltr' id='par_1_22' title="bbox 342 2096 1917 2168">
     <span class='ocr_line' id='line_1_22' title="bbox 342 2096 1917 2168; baseline 0.004 -19"><span class='ocrx_word' id='word_1_160' title='bbox 342 2096 495 2159; x_wconf 75' lang='grc' dir='ltr'>θεὸς.</span> <span class='ocrx_word' id='word_1_161' title='bbox 527 2096 760 2167; x_wconf 79' lang='grc' dir='ltr'><strong>Σπέρμα</strong></span> <span class='ocrx_word' id='word_1_162' title='bbox 802 2096 917 2167; x_wconf 77' lang='grc' dir='ltr'><strong>γὰρ</strong></span> <span class='ocrx_word' id='word_1_163' title='bbox 953 2096 1112 2160; x_wconf 76' lang='grc' dir='ltr'>εὐθὺς</span> <span class='ocrx_word' id='word_1_164' title='bbox 1144 2098 1449 2168; x_wconf 65' lang='grc' dir='ltr'>ἀπήγγελτο</span> <span class='ocrx_word' id='word_1_165' title='bbox 1474 2099 1532 2151; x_wconf 66' lang='grc' dir='ltr'>τὸ</span> <span class='ocrx_word' id='word_1_166' title='bbox 1558 2100 1616 2153; x_wconf 80' lang='grc' dir='ltr'>ἑν</span> <span class='ocrx_word' id='word_1_167' title='bbox 1663 2101 1863 2166; x_wconf 77' lang='grc' dir='ltr'>Ἰσαὰκ,</span> <span class='ocrx_word' id='word_1_168' title='bbox 1890 2103 1917 2156; x_wconf 84' lang='grc' dir='ltr'><strong>δ</strong></span> 
     </span>
    </p>
   </div>
   <div class='ocr_carea' id='block_1_23' title="bbox 347 2185 1918 2263">
    <p class='ocr_par' dir='ltr' id='par_1_23' title="bbox 347 2185 1918 2263">
     <span class='ocr_line' id='line_1_23' title="bbox 347 2185 1918 2263; baseline 0.004 -27"><span class='ocrx_word' id='word_1_169' title='bbox 347 2185 442 2240; x_wconf 66' lang='grc' dir='ltr'>καὶ</span> <span class='ocrx_word' id='word_1_170' title='bbox 468 2185 758 2257; x_wconf 81' lang='grc' dir='ltr'>ίσάριθμον</span> <span class='ocrx_word' id='word_1_171' title='bbox 783 2185 1004 2239; x_wconf 67' lang='grc' dir='ltr'>ἔσεσθαί</span> <span class='ocrx_word' id='word_1_172' title='bbox 1032 2203 1163 2257; x_wconf 80' lang='grc' dir='ltr'>φησι</span> <span class='ocrx_word' id='word_1_173' title='bbox 1190 2189 1256 2259; x_wconf 81' lang='grc' dir='ltr'>τῇ</span> <span class='ocrx_word' id='word_1_174' title='bbox 1292 2186 1399 2240; x_wconf 85' lang='grc' dir='ltr'><strong>τῶν</strong></span> <span class='ocrx_word' id='word_1_175' title='bbox 1420 2188 1664 2258; x_wconf 80' lang='grc' dir='ltr'><strong>ἀστέρων</strong></span> <span class='ocrx_word' id='word_1_176' title='bbox 1685 2191 1918 2263; x_wconf 73' lang='grc' dir='ltr'>ἀμετρή-</span> 
     </span>
    </p>
   </div>
   <div class='ocr_carea' id='block_1_24' title="bbox 346 2275 1916 2348">
    <p class='ocr_par' dir='ltr' id='par_1_24' title="bbox 346 2275 1916 2348">
     <span class='ocr_line' id='line_1_24' title="bbox 346 2275 1916 2348; baseline 0.003 -19"><span class='ocrx_word' id='word_1_177' title='bbox 346 2293 457 2330; x_wconf 87' lang='grc' dir='ltr'><strong>των</strong></span> <span class='ocrx_word' id='word_1_178' title='bbox 484 2277 703 2348; x_wconf 78' lang='grc' dir='ltr'>πληθύῖ.</span> <span class='ocrx_word' id='word_1_179' title='bbox 728 2275 1098 2331; x_wconf 83' lang='grc' dir='ltr'>Διεϐεϐαιοῦτο</span> <span class='ocrx_word' id='word_1_180' title='bbox 1123 2277 1205 2341; x_wconf 74' lang='grc' dir='ltr'>δὲ,</span> <span class='ocrx_word' id='word_1_181' title='bbox 1228 2279 1309 2331; x_wconf 86' lang='grc' dir='ltr'>ὅτι</span> <span class='ocrx_word' id='word_1_182' title='bbox 1338 2278 1545 2348; x_wconf 75' lang='grc' dir='ltr'>μυρίων</span> <span class='ocrx_word' id='word_1_183' title='bbox 1573 2280 1712 2333; x_wconf 82' lang='grc' dir='ltr'>δσων</span> <span class='ocrx_word' id='word_1_184' title='bbox 1747 2280 1916 2334; x_wconf 80' lang='grc' dir='ltr'>ἐθνῶν</span> 
     </span>
    </p>
   </div>
   <div class='ocr_carea' id='block_1_25' title="bbox 346 2368 1917 2442">
    <p class='ocr_par' dir='ltr' id='par_1_25' title="bbox 346 2368 1917 2442">
     <span class='ocr_line' id='line_1_25' title="bbox 346 2368 1917 2442; baseline 0.003 -20"><span class='ocrx_word' id='word_1_185' title='bbox 346 2368 675 2438; x_wconf 77' lang='grc' dir='ltr'>κληθήσεται</span> <span class='ocrx_word' id='word_1_186' title='bbox 707 2368 916 2440; x_wconf 68' lang='grc' dir='ltr'>πατὴρ,</span> <span class='ocrx_word' id='word_1_187' title='bbox 947 2368 1123 2422; x_wconf 84' lang='grc' dir='ltr'>καίτοι</span> <span class='ocrx_word' id='word_1_188' title='bbox 1167 2370 1279 2433; x_wconf 73' lang='grc' dir='ltr'>τοῖς</span> <span class='ocrx_word' id='word_1_189' title='bbox 1319 2371 1398 2433; x_wconf 83' lang='grc' dir='ltr'><strong>είς</strong></span> <span class='ocrx_word' id='word_1_190' title='bbox 1430 2370 1682 2424; x_wconf 78' lang='grc' dir='ltr'>ἀπαιδίαν</span> <span class='ocrx_word' id='word_1_191' title='bbox 1718 2374 1917 2442; x_wconf 77' lang='grc' dir='ltr'>ἐπτοη-</span> 
     </span>
    </p>
   </div>
   <div class='ocr_carea' id='block_1_26' title="bbox 344 2455 1916 2534">
    <p class='ocr_par' dir='ltr' id='par_1_26' title="bbox 344 2455 1916 2534">
     <span class='ocr_line' id='line_1_26' title="bbox 344 2455 1916 2534; baseline 0.004 -25"><span class='ocrx_word' id='word_1_192' title='bbox 344 2455 504 2525; x_wconf 87' lang='grc' dir='ltr'>μένος</span> <span class='ocrx_word' id='word_1_193' title='bbox 528 2457 765 2528; x_wconf 74' lang='grc' dir='ltr'>δείμασι.</span> <span class='ocrx_word' id='word_1_194' title='bbox 798 2474 818 2509; x_wconf 88' lang='grc' dir='ltr'><strong>ι</strong></span> <span class='ocrx_word' id='word_1_195' title='bbox 856 2458 1196 2512; x_wconf 82' lang='grc' dir='ltr'>Πεπίστευκε</span> <span class='ocrx_word' id='word_1_196' title='bbox 1220 2457 1298 2523; x_wconf 80' lang='grc' dir='ltr'>δὲ,</span> <span class='ocrx_word' id='word_1_197' title='bbox 1332 2463 1521 2530; x_wconf 69' lang='grc' dir='ltr'>φησιν,</span> <span class='ocrx_word' id='word_1_198' title='bbox 1557 2461 1809 2534; x_wconf 72' lang='grc' dir='ltr'>’Δϐραάμ</span> <span class='ocrx_word' id='word_1_199' title='bbox 1837 2463 1916 2534; x_wconf 79' lang='grc' dir='ltr'><strong>τῷ</strong></span> 
     </span>
    </p>
   </div>
   <div class='ocr_carea' id='block_1_27' title="bbox 337 2546 1914 2626">
    <p class='ocr_par' dir='ltr' id='par_1_27' title="bbox 337 2546 1914 2626">
     <span class='ocr_line' id='line_1_27' title="bbox 337 2546 1914 2626; baseline 0.006 -26"><span class='ocrx_word' id='word_1_200' title='bbox 337 2546 477 2619; x_wconf 75' lang='grc' dir='ltr'>Θεῷ,</span> <span class='ocrx_word' id='word_1_201' title='bbox 511 2549 607 2602; x_wconf 83' lang='grc' dir='ltr'>καὶ</span> <span class='ocrx_word' id='word_1_202' title='bbox 639 2548 894 2620; x_wconf 71' lang='grc' dir='ltr'>ἐλογίσθη</span> <span class='ocrx_word' id='word_1_203' title='bbox 932 2549 1084 2620; x_wconf 85' lang='grc' dir='ltr'>αὐτῷ</span> <span class='ocrx_word' id='word_1_204' title='bbox 1133 2552 1214 2615; x_wconf 86' lang='grc' dir='ltr'><strong>είς</strong></span> <span class='ocrx_word' id='word_1_205' title='bbox 1269 2552 1634 2624; x_wconf 72' lang='grc' dir='ltr'>δικαῖοσύνην.</span> <span class='ocrx_word' id='word_1_206' title='bbox 1677 2572 1697 2606; x_wconf 72' lang='grc' dir='ltr'><strong>ι</strong></span> <span class='ocrx_word' id='word_1_207' title='bbox 1742 2554 1914 2626; x_wconf 86' lang='grc' dir='ltr'>Γέρας</span> 
     </span>
    </p>
   </div>
   <div class='ocr_carea' id='block_1_28' title="bbox 335 2633 1915 2720">
    <p class='ocr_par' dir='ltr' id='par_1_28' title="bbox 335 2633 1915 2720">
     <span class='ocr_line' id='line_1_28' title="bbox 335 2633 1915 2720; baseline 0.007 -30"><span class='ocrx_word' id='word_1_208' title='bbox 335 2633 428 2692; x_wconf 74' lang='grc' dir='ltr'>οὖν</span> <span class='ocrx_word' id='word_1_209' title='bbox 470 2637 584 2709; x_wconf 64' lang='grc' dir='ltr'>ἔχει</span> <span class='ocrx_word' id='word_1_210' title='bbox 624 2638 725 2710; x_wconf 79' lang='grc' dir='ltr'>τὴν</span> <span class='ocrx_word' id='word_1_211' title='bbox 769 2639 1147 2720; x_wconf 81' lang='grc' dir='ltr'>δικαιοσύνην,</span> <span class='ocrx_word' id='word_1_212' title='bbox 1197 2644 1227 2697; x_wconf 93' lang='lat'><strong>6</strong></span> <span class='ocrx_word' id='word_1_213' title='bbox 1270 2643 1452 2698; x_wconf 77' lang='grc' dir='ltr'>πίστει</span> <span class='ocrx_word' id='word_1_214' title='bbox 1482 2645 1655 2715; x_wconf 81' lang='grc' dir='ltr'>τιμῶν</span> <span class='ocrx_word' id='word_1_215' title='bbox 1679 2645 1775 2700; x_wconf 76' lang='grc' dir='ltr'><strong>τὸν</strong></span> <span class='ocrx_word' id='word_1_216' title='bbox 1805 2646 1915 2701; x_wconf 84' lang='grc' dir='ltr'><strong>τῶν</strong></span> 
     </span>
    </p>
   </div>
   <div class='ocr_carea' id='block_1_29' title="bbox 338 2730 1914 2806">
    <p class='ocr_par' dir='ltr' id='par_1_29' title="bbox 338 2730 1914 2806">
     <span class='ocr_line' id='line_1_29' title="bbox 338 2730 1914 2806; baseline 0.006 -23"><span class='ocrx_word' id='word_1_217' title='bbox 338 2730 478 2784; x_wconf 84' lang='grc' dir='ltr'>δλων</span> <span class='ocrx_word' id='word_1_218' title='bbox 500 2730 800 2802; x_wconf 77' lang='grc' dir='ltr'>Δεσπότην.</span> <span class='ocrx_word' id='word_1_219' title='bbox 852 2731 1266 2804; x_wconf 78' lang='grc' dir='ltr'>Μεμαρτύρηκε</span> <span class='ocrx_word' id='word_1_220' title='bbox 1317 2733 1426 2806; x_wconf 84' lang='grc' dir='ltr'><strong>γὰρ</strong></span> <span class='ocrx_word' id='word_1_221' title='bbox 1464 2735 1551 2790; x_wconf 80' lang='grc' dir='ltr'>διὰ</span> <span class='ocrx_word' id='word_1_222' title='bbox 1589 2735 1819 2805; x_wconf 80' lang='grc' dir='ltr'>τούτου,</span> <span class='ocrx_word' id='word_1_223' title='bbox 1851 2738 1914 2792; x_wconf 74' lang='grc' dir='ltr'><strong>τὸ</strong></span> 
     </span>
    </p>
   </div>
   <div class='ocr_carea' id='block_1_30' title="bbox 338 2819 1914 2893">
    <p class='ocr_par' dir='ltr' id='par_1_30' title="bbox 338 2819 1914 2893">
     <span class='ocr_line' id='line_1_30' title="bbox 338 2819 1914 2893; baseline 0.005 -20"><span class='ocrx_word' id='word_1_224' title='bbox 338 2820 515 2874; x_wconf 73' lang='grc' dir='ltr'>πάντα</span> <span class='ocrx_word' id='word_1_225' title='bbox 539 2819 800 2875; x_wconf 76' lang='grc' dir='ltr'>δύνασθαι</span> <span class='ocrx_word' id='word_1_226' title='bbox 817 2821 1118 2893; x_wconf 78' lang='grc' dir='ltr'>κατορθοῦν</span> <span class='ocrx_word' id='word_1_227' title='bbox 1141 2822 1308 2893; x_wconf 79' lang='grc' dir='ltr'>αὐτῷ·</span> <span class='ocrx_word' id='word_1_228' title='bbox 1340 2825 1369 2876; x_wconf 90' lang='lat'><strong>6</strong></span> <span class='ocrx_word' id='word_1_229' title='bbox 1389 2824 1446 2878; x_wconf 83' lang='grc' dir='ltr'>δὲ</span> <span class='ocrx_word' id='word_1_230' title='bbox 1472 2824 1700 2890; x_wconf 73' lang='grc' dir='ltr'>ἄπιστός</span> <span class='ocrx_word' id='word_1_231' title='bbox 1727 2843 1787 2880; x_wconf 87' lang='grc' dir='ltr'><strong>τε</strong></span> <span class='ocrx_word' id='word_1_232' title='bbox 1819 2827 1914 2881; x_wconf 70' lang='grc' dir='ltr'><strong>καὶ</strong></span> 
     </span>
    </p>
   </div>
   <div class='ocr_carea' id='block_1_31' title="bbox 340 2911 1911 2988">
    <p class='ocr_par' dir='ltr' id='par_1_31' title="bbox 340 2911 1911 2988">
     <span class='ocr_line' id='line_1_31' title="bbox 340 2911 1911 2988; baseline 0.004 -24"><span class='ocrx_word' id='word_1_233' title='bbox 340 2911 637 2983; x_wconf 77' lang='grc' dir='ltr'>ἀμελητὴς,</span> <span class='ocrx_word' id='word_1_234' title='bbox 669 2911 886 2978; x_wconf 75' lang='grc' dir='ltr'>ἀλαζὼν</span> <span class='ocrx_word' id='word_1_235' title='bbox 918 2912 1072 2966; x_wconf 67' lang='grc' dir='ltr'>ἔσται</span> <span class='ocrx_word' id='word_1_236' title='bbox 1113 2913 1211 2968; x_wconf 72' lang='grc' dir='ltr'><strong>και</strong></span> <span class='ocrx_word' id='word_1_237' title='bbox 1251 2912 1531 2986; x_wconf 76' lang='grc' dir='ltr'>ὑϐριστής.</span> <span class='ocrx_word' id='word_1_238' title='bbox 1566 2917 1821 2970; x_wconf 83' lang='grc' dir='ltr'>Πεσεϊται</span> <span class='ocrx_word' id='word_1_239' title='bbox 1849 2917 1911 2988; x_wconf 79' lang='grc' dir='ltr'>δὴ</span> 
     </span>
    </p>
   </div>
   <div class='ocr_carea' id='block_1_32' title="bbox 344 2998 1911 3076">
    <p class='ocr_par' dir='ltr' id='par_1_32' title="bbox 344 2998 1911 3076">
     <span class='ocr_line' id='line_1_32' title="bbox 344 2998 1911 3076; baseline 0.004 -22"><span class='ocrx_word' id='word_1_240' title='bbox 344 2998 434 3055; x_wconf 76' lang='grc' dir='ltr'>οὖν</span> <span class='ocrx_word' id='word_1_241' title='bbox 456 3002 712 3076; x_wconf 78' lang='grc' dir='ltr'>ταύτῃτοι</span> <span class='ocrx_word' id='word_1_242' title='bbox 737 3003 925 3058; x_wconf 78' lang='grc' dir='ltr'>λοιπὸν</span> <span class='ocrx_word' id='word_1_243' title='bbox 953 3004 1050 3058; x_wconf 73' lang='grc' dir='ltr'>καὶ</span> <span class='ocrx_word' id='word_1_244' title='bbox 1077 3004 1185 3058; x_wconf 74' lang='grc' dir='ltr'><strong>ὑπὸ</strong></span> <span class='ocrx_word' id='word_1_245' title='bbox 1210 3005 1368 3076; x_wconf 81' lang='grc' dir='ltr'>δίκην</span> <span class='ocrx_word' id='word_1_246' title='bbox 1393 3008 1486 3060; x_wconf 77' lang='grc' dir='ltr'>καὶ</span> <span class='ocrx_word' id='word_1_247' title='bbox 1511 3007 1720 3075; x_wconf 82' lang='grc' dir='ltr'>λόγους.</span> <span class='ocrx_word' id='word_1_248' title='bbox 1761 3025 1780 3058; x_wconf 88' lang='grc' dir='ltr'><strong>ι</strong></span> <span class='ocrx_word' id='word_1_249' title='bbox 1810 3009 1911 3060; x_wconf 85' lang='grc' dir='ltr'><strong>Πε-</strong></span> 
     </span>
    </p>
   </div>
   <div class='ocr_carea' id='block_1_33' title="bbox 348 3090 1911 3168">
    <p class='ocr_par' dir='ltr' id='par_1_33' title="bbox 348 3090 1911 3168">
     <span class='ocr_line' id='line_1_33' title="bbox 348 3090 1911 3168; baseline 0.003 -22"><span class='ocrx_word' id='word_1_250' title='bbox 348 3093 634 3148; x_wconf 82' lang='grc' dir='ltr'>πίστευκεν</span> <span class='ocrx_word' id='word_1_251' title='bbox 671 3090 762 3149; x_wconf 77' lang='grc' dir='ltr'>οὖν</span> <span class='ocrx_word' id='word_1_252' title='bbox 803 3093 1056 3167; x_wconf 77' lang='grc' dir='ltr'>’Δϐραάμ</span> <span class='ocrx_word' id='word_1_253' title='bbox 1101 3095 1180 3167; x_wconf 84' lang='grc' dir='ltr'><strong>τῷ</strong></span> <span class='ocrx_word' id='word_1_254' title='bbox 1214 3095 1362 3168; x_wconf 82' lang='grc' dir='ltr'>Θεῷ,</span> <span class='ocrx_word' id='word_1_255' title='bbox 1414 3097 1512 3150; x_wconf 58' lang='grc' dir='ltr'><strong>καὶ⁴</strong></span> <span class='ocrx_word' id='word_1_256' title='bbox 1565 3097 1911 3152; x_wconf 79' lang='grc' dir='ltr'>δεδικαίωται</span> 
     </span>
    </p>
   </div>
   <div class='ocr_carea' id='block_1_34' title="bbox 348 3183 1911 3260">
    <p class='ocr_par' dir='ltr' id='par_1_34' title="bbox 348 3183 1911 3260">
     <span class='ocr_line' id='line_1_34' title="bbox 348 3183 1911 3260; baseline 0.004 -23"><span class='ocrx_word' id='word_1_257' title='bbox 348 3185 479 3255; x_wconf 79' lang='grc' dir='ltr'>παρ’</span> <span class='ocrx_word' id='word_1_258' title='bbox 503 3183 672 3256; x_wconf 79' lang='grc' dir='ltr'>αὐτῷ.</span> <span class='ocrx_word' id='word_1_259' title='bbox 712 3204 733 3238; x_wconf 69' lang='grc' dir='ltr'><strong>ι</strong></span> <span class='ocrx_word' id='word_1_260' title='bbox 771 3187 1138 3258; x_wconf 81' lang='grc' dir='ltr'>Προσαπαιτεῖ</span> <span class='ocrx_word' id='word_1_261' title='bbox 1165 3187 1221 3243; x_wconf 70' lang='grc' dir='ltr'>δὲ</span> <span class='ocrx_word' id='word_1_262' title='bbox 1250 3191 1476 3260; x_wconf 76' lang='grc' dir='ltr'>σημεῖον</span> <span class='ocrx_word' id='word_1_263' title='bbox 1508 3189 1588 3251; x_wconf 86' lang='grc' dir='ltr'><strong>είς</strong></span> <span class='ocrx_word' id='word_1_264' title='bbox 1624 3187 1911 3258; x_wconf 82' lang='grc' dir='ltr'>βεϐαίωσιν</span> 
     </span>
    </p>
   </div>
   <div class='ocr_carea' id='block_1_35' title="bbox 344 3275 1915 3350">
    <p class='ocr_par' dir='ltr' id='par_1_35' title="bbox 344 3275 1915 3350">
     <span class='ocr_line' id='line_1_35' title="bbox 344 3275 1915 3350; baseline 0.003 -20"><span class='ocrx_word' id='word_1_265' title='bbox 344 3277 437 3330; x_wconf 81' lang='grc' dir='ltr'>καὶ</span> <span class='ocrx_word' id='word_1_266' title='bbox 461 3275 715 3345; x_wconf 83' lang='grc' dir='ltr'>ἀλήθειαν</span> <span class='ocrx_word' id='word_1_267' title='bbox 727 3276 935 3344; x_wconf 81' lang='grc' dir='ltr'>τῶν,ώ;</span> <span class='ocrx_word' id='word_1_268' title='bbox 951 3277 1186 3343; x_wconf 73' lang='grc' dir='ltr'>ἔσονται,</span> <span class='ocrx_word' id='word_1_269' title='bbox 1212 3278 1763 3350; x_wconf 78' lang='grc' dir='ltr'>προεπηγγελμένων.</span> <span class='ocrx_word' id='word_1_270' title='bbox 1783 3276 1915 3334; x_wconf 81' lang='grc' dir='ltr'>Εἶτα</span> 
     </span>
    </p>
   </div>
   <div class='ocr_carea' id='block_1_36' title="bbox 338 3366 1915 3441">
    <p class='ocr_par' dir='ltr' id='par_1_36' title="bbox 338 3366 1915 3441">
     <span class='ocr_line' id='line_1_36' title="bbox 338 3366 1915 3441; baseline 0.003 -22"><span class='ocrx_word' id='word_1_271' title='bbox 338 3366 471 3430; x_wconf 80' lang='grc' dir='ltr'>Θεὸς</span> <span class='ocrx_word' id='word_1_272' title='bbox 504 3366 859 3440; x_wconf 75' lang='grc' dir='ltr'>οἰκονομικῶς</span> <span class='ocrx_word' id='word_1_273' title='bbox 892 3369 1193 3438; x_wconf 77' lang='grc' dir='ltr'>σκήπτεται</span> <span class='ocrx_word' id='word_1_274' title='bbox 1224 3370 1284 3424; x_wconf 81' lang='grc' dir='ltr'>τὸ</span> <span class='ocrx_word' id='word_1_275' title='bbox 1313 3372 1586 3441; x_wconf 72' lang='grc' dir='ltr'>ἐνώμοτον</span> <span class='ocrx_word' id='word_1_276' title='bbox 1611 3371 1915 3424; x_wconf 82' lang='grc' dir='ltr'>καταδονεῐ-</span> 
     </span>
    </p>
   </div>
   <div class='ocr_carea' id='block_1_37' title="bbox 339 3458 1916 3532">
    <p class='ocr_par' dir='ltr' id='par_1_37' title="bbox 339 3458 1916 3532">
     <span class='ocr_line' id='line_1_37' title="bbox 339 3458 1916 3532; baseline 0.001 -19"><span class='ocrx_word' id='word_1_277' title='bbox 339 3458 463 3513; x_wconf 87' lang='grc' dir='ltr'>σθαί</span> <span class='ocrx_word' id='word_1_278' title='bbox 509 3475 626 3522; x_wconf 72' lang='grc' dir='ltr'><strong>πως</strong></span> <span class='ocrx_word' id='word_1_279' title='bbox 672 3459 810 3532; x_wconf 68' lang='grc' dir='ltr'>πρὸς</span> <span class='ocrx_word' id='word_1_280' title='bbox 842 3460 1098 3530; x_wconf 77' lang='grc' dir='ltr'>διψυχίαν</span> <span class='ocrx_word' id='word_1_281' title='bbox 1139 3460 1240 3515; x_wconf 77' lang='grc' dir='ltr'>οὐκ</span> <span class='ocrx_word' id='word_1_282' title='bbox 1284 3461 1466 3531; x_wconf 82' lang='grc' dir='ltr'>ἀφιεὶς</span> <span class='ocrx_word' id='word_1_283' title='bbox 1501 3461 1592 3516; x_wconf 76' lang='grc' dir='ltr'>τὸν</span> <span class='ocrx_word' id='word_1_284' title='bbox 1623 3479 1916 3516; x_wconf 83' lang='grc' dir='ltr'>πεπιστευ-</span> 
     </span>
    </p>
   </div>
   <div class='ocr_carea' id='block_1_38' title="bbox 338 3547 1917 3624">
    <p class='ocr_par' dir='ltr' id='par_1_38' title="bbox 338 3547 1917 3624">
     <span class='ocr_line' id='line_1_38' title="bbox 338 3547 1917 3624; baseline 0.003 -21"><span class='ocrx_word' id='word_1_285' title='bbox 338 3549 492 3604; x_wconf 71' lang='grc' dir='ltr'>κότα.</span> <span class='ocrx_word' id='word_1_286' title='bbox 533 3548 846 3619; x_wconf 81' lang='grc' dir='ltr'>Γέγραπται</span> <span class='ocrx_word' id='word_1_287' title='bbox 877 3550 987 3620; x_wconf 88' lang='grc' dir='ltr'><strong>γάρ</strong></span> <span class='ocrx_word' id='word_1_288' title='bbox 1008 3548 1202 3614; x_wconf 71' lang='grc' dir='ltr'><strong>οὕτως⁹</strong></span> <span class='ocrx_word' id='word_1_289' title='bbox 1235 3568 1253 3602; x_wconf 86' lang='grc' dir='ltr'><strong>ι</strong></span> <span class='ocrx_word' id='word_1_290' title='bbox 1287 3547 1424 3605; x_wconf 62' lang='lat' dir='ltr'><strong>Eine</strong></span> <span class='ocrx_word' id='word_1_291' title='bbox 1454 3552 1511 3607; x_wconf 75' lang='grc' dir='ltr'>δὲ</span> <span class='ocrx_word' id='word_1_292' title='bbox 1548 3553 1686 3624; x_wconf 77' lang='grc' dir='ltr'>πρὸς</span> <span class='ocrx_word' id='word_1_293' title='bbox 1712 3553 1875 3608; x_wconf 80' lang='grc' dir='ltr'>αὐτόν</span> <span class='ocrx_word' id='word_1_294' title='bbox 1895 3571 1917 3600; x_wconf 75' lang='grc' dir='ltr'>ο.</span> 
     </span>
    </p>
   </div>
   <div class='ocr_carea' id='block_1_39' title="bbox 351 3641 1914 3716">
    <p class='ocr_par' dir='ltr' id='par_1_39' title="bbox 351 3641 1914 3716">
     <span class='ocr_line' id='line_1_39' title="bbox 351 3641 1914 3716; baseline 0.003 -20"><span class='ocrx_word' id='word_1_295' title='bbox 351 3641 494 3711; x_wconf 78' lang='grc' dir='ltr'><strong>Ἐγὼ</strong></span> <span class='ocrx_word' id='word_1_296' title='bbox 517 3644 544 3697; x_wconf 91' lang='lat'><strong>6</strong></span> <span class='ocrx_word' id='word_1_297' title='bbox 567 3641 700 3706; x_wconf 76' lang='grc' dir='ltr'>Θεὸς</span> <span class='ocrx_word' id='word_1_298' title='bbox 726 3645 757 3697; x_wconf 86' lang='lat'><strong>6</strong></span> <span class='ocrx_word' id='word_1_299' title='bbox 780 3642 1065 3712; x_wconf 68' lang='grc' dir='ltr'>ἐξαγαγών</span> <span class='ocrx_word' id='word_1_300' title='bbox 1094 3662 1151 3699; x_wconf 77' lang='grc' dir='ltr'><strong>σε</strong></span> <span class='ocrx_word' id='word_1_301' title='bbox 1181 3646 1245 3700; x_wconf 76' lang='grc' dir='ltr'>ἐκ</span> <span class='ocrx_word' id='word_1_302' title='bbox 1277 3644 1460 3716; x_wconf 84' lang='grc' dir='ltr'>χώρας</span> <span class='ocrx_word' id='word_1_303' title='bbox 1483 3645 1784 3711; x_wconf 85' lang='grc' dir='ltr'>Χαλδαίων,</span> <span class='ocrx_word' id='word_1_304' title='bbox 1805 3645 1914 3700; x_wconf 78' lang='grc' dir='ltr'><strong>ὥσ·-</strong></span> 
     </span>
    </p>
   </div>
   <div class='ocr_carea' id='block_1_40' title="bbox 334 3732 1909 3809">
    <p class='ocr_par' dir='ltr' id='par_1_40' title="bbox 334 3732 1909 3809">
     <span class='ocr_line' id='line_1_40' title="bbox 334 3732 1909 3809; baseline 0.004 -23"><span class='ocrx_word' id='word_1_305' title='bbox 334 3751 395 3786; x_wconf 86' lang='grc' dir='ltr'><strong>τε</strong></span> <span class='ocrx_word' id='word_1_306' title='bbox 415 3732 600 3788; x_wconf 79' lang='grc' dir='ltr'>δοῦναί</span> <span class='ocrx_word' id='word_1_307' title='bbox 630 3749 720 3787; x_wconf 73' lang='grc' dir='ltr'>σου</span> <span class='ocrx_word' id='word_1_308' title='bbox 749 3733 848 3805; x_wconf 76' lang='grc' dir='ltr'>τὴν</span> <span class='ocrx_word' id='word_1_309' title='bbox 888 3735 995 3803; x_wconf 78' lang='grc' dir='ltr'>γῆν</span> <span class='ocrx_word' id='word_1_310' title='bbox 1035 3735 1238 3806; x_wconf 82' lang='grc' dir='ltr'>ταύτην</span> <span class='ocrx_word' id='word_1_311' title='bbox 1275 3735 1680 3808; x_wconf 76' lang='grc' dir='ltr'>κληρονομῆσαι</span> <span class='ocrx_word' id='word_1_312' title='bbox 1718 3738 1909 3809; x_wconf 81' lang='grc' dir='ltr'>αὐτήν.</span> 
     </span>
    </p>
   </div>
   <div class='ocr_carea' id='block_1_41' title="bbox 335 3818 1912 3900">
    <p class='ocr_par' dir='ltr' id='par_1_41' title="bbox 335 3818 1912 3900">
     <span class='ocr_line' id='line_1_41' title="bbox 335 3818 1912 3900; baseline 0.004 -23"><span class='ocrx_word' id='word_1_313' title='bbox 335 3818 471 3877; x_wconf 65' lang='lat' dir='ltr'><strong>Eius</strong></span> <span class='ocrx_word' id='word_1_314' title='bbox 491 3824 568 3878; x_wconf 80' lang='grc' dir='ltr'>δέ·</span> <span class='ocrx_word' id='word_1_315' title='bbox 599 3825 846 3879; x_wconf 76' lang='grc' dir='ltr'>Δέσποτα</span> <span class='ocrx_word' id='word_1_316' title='bbox 877 3825 1070 3897; x_wconf 79' lang='grc' dir='ltr'>Κύριε,</span> <span class='ocrx_word' id='word_1_317' title='bbox 1104 3826 1318 3880; x_wconf 79' lang='grc' dir='ltr'>κατάτί</span> <span class='ocrx_word' id='word_1_318' title='bbox 1343 3827 1626 3899; x_wconf 70' lang='grc' dir='ltr'>γνιίισομαι</span> <span class='ocrx_word' id='word_1_319' title='bbox 1660 3828 1740 3882; x_wconf 75' lang='grc' dir='ltr'>ὅτι</span> <span class='ocrx_word' id='word_1_320' title='bbox 1779 3829 1912 3900; x_wconf 86' lang='grc' dir='ltr'>κλη-</span> 
     </span>
    </p>
   </div>
   <div class='ocr_carea' id='block_1_42' title="bbox 335 3912 1910 3992">
    <p class='ocr_par' dir='ltr' id='par_1_42' title="bbox 335 3912 1910 3992">
     <span class='ocr_line' id='line_1_42' title="bbox 335 3912 1910 3992; baseline 0.003 -23"><span class='ocrx_word' id='word_1_321' title='bbox 335 3917 625 3986; x_wconf 83' lang='grc' dir='ltr'>ρονομήσω</span> <span class='ocrx_word' id='word_1_322' title='bbox 654 3917 859 3987; x_wconf 73' lang='grc' dir='ltr'>αὖτήνς</span> <span class='ocrx_word' id='word_1_323' title='bbox 900 3912 1033 3971; x_wconf 64' lang='lat' dir='ltr'><strong>Eine</strong></span> <span class='ocrx_word' id='word_1_324' title='bbox 1082 3917 1139 3971; x_wconf 75' lang='grc' dir='ltr'>δὲ</span> <span class='ocrx_word' id='word_1_325' title='bbox 1182 3916 1351 3989; x_wconf 76' lang='grc' dir='ltr'>αὐτῷ·</span> <span class='ocrx_word' id='word_1_326' title='bbox 1378 3918 1529 3972; x_wconf 85' lang='grc' dir='ltr'>Λάϐε</span> <span class='ocrx_word' id='word_1_327' title='bbox 1556 3936 1644 3990; x_wconf 90' lang='grc' dir='ltr'><strong>μοι</strong></span> <span class='ocrx_word' id='word_1_328' title='bbox 1677 3920 1910 3992; x_wconf 74' lang='grc' dir='ltr'>δάμαλιν</span> 
     </span>
    </p>
   </div>
   <div class='ocr_carea' id='block_1_43' title="bbox 329 4005 1912 4079">
    <p class='ocr_par' dir='ltr' id='par_1_43' title="bbox 329 4005 1912 4079">
     <span class='ocr_line' id='line_1_43' title="bbox 329 4005 1912 4079; baseline 0.001 -17"><span class='ocrx_word' id='word_1_329' title='bbox 329 4005 726 4076; x_wconf 73' lang='grc' dir='ltr'>τριετίζουσαν,</span> <span class='ocrx_word' id='word_1_330' title='bbox 748 4008 846 4060; x_wconf 71' lang='grc' dir='ltr'>καὶ</span> <span class='ocrx_word' id='word_1_331' title='bbox 860 4008 1014 4079; x_wconf 79' lang='grc' dir='ltr'>κριὸν</span> <span class='ocrx_word' id='word_1_332' title='bbox 1043 4007 1400 4079; x_wconf 77' lang='grc' dir='ltr'>τριετίζοντα,</span> <span class='ocrx_word' id='word_1_333' title='bbox 1428 4010 1521 4063; x_wconf 73' lang='grc' dir='ltr'><strong>και</strong></span> <span class='ocrx_word' id='word_1_334' title='bbox 1544 4011 1801 4078; x_wconf 82' lang='grc' dir='ltr'>τρυγόνα,</span> <span class='ocrx_word' id='word_1_335' title='bbox 1819 4011 1912 4063; x_wconf 79' lang='grc' dir='ltr'>καὶ</span> 
     </span>
    </p>
   </div>
   <div class='ocr_carea' id='block_1_44' title="bbox 332 4097 1912 4170">
    <p class='ocr_par' dir='ltr' id='par_1_44' title="bbox 332 4097 1912 4170">
     <span class='ocr_line' id='line_1_44' title="bbox 332 4097 1912 4170; baseline 0.002 -19"><span class='ocrx_word' id='word_1_336' title='bbox 332 4098 688 4169; x_wconf 79' lang='grc' dir='ltr'>περιστεράν.</span> <span class='ocrx_word' id='word_1_337' title='bbox 745 4097 948 4151; x_wconf 73' lang='grc' dir='ltr'>Ἐλαϐε</span> <span class='ocrx_word' id='word_1_338' title='bbox 985 4098 1042 4152; x_wconf 66' lang='grc' dir='ltr'>δὲ</span> <span class='ocrx_word' id='word_1_339' title='bbox 1099 4099 1280 4170; x_wconf 71' lang='grc' dir='ltr'>ἑαυτῷ</span> <span class='ocrx_word' id='word_1_340' title='bbox 1327 4102 1500 4154; x_wconf 83' lang='grc' dir='ltr'>ταῦτα</span> <span class='ocrx_word' id='word_1_341' title='bbox 1565 4101 1773 4163; x_wconf 77' lang='grc' dir='ltr'>πάντα,</span> <span class='ocrx_word' id='word_1_342' title='bbox 1817 4100 1912 4154; x_wconf 76' lang='grc' dir='ltr'>καὶ</span> 
     </span>
    </p>
   </div>
   <div class='ocr_carea' id='block_1_45' title="bbox 326 4187 1906 4262">
    <p class='ocr_par' dir='ltr' id='par_1_45' title="bbox 326 4187 1906 4262">
     <span class='ocr_line' id='line_1_45' title="bbox 326 4187 1906 4262; baseline 0.002 -20"><span class='ocrx_word' id='word_1_343' title='bbox 326 4187 526 4242; x_wconf 74' lang='grc' dir='ltr'>διεῖλεν</span> <span class='ocrx_word' id='word_1_344' title='bbox 557 4187 696 4242; x_wconf 80' lang='grc' dir='ltr'>αὐτά</span> <span class='ocrx_word' id='word_1_345' title='bbox 715 4189 877 4260; x_wconf 86' lang='grc' dir='ltr'>μέσα,</span> <span class='ocrx_word' id='word_1_346' title='bbox 897 4191 990 4243; x_wconf 77' lang='grc' dir='ltr'><strong>καὶ</strong></span> <span class='ocrx_word' id='word_1_347' title='bbox 1007 4189 1202 4261; x_wconf 80' lang='grc' dir='ltr'>ἱθηκεν</span> <span class='ocrx_word' id='word_1_348' title='bbox 1222 4191 1615 4262; x_wconf 79' lang='grc' dir='ltr'>ἀντιπρόσωπα</span> <span class='ocrx_word' id='word_1_349' title='bbox 1636 4190 1906 4260; x_wconf 84' lang='grc' dir='ltr'>ἀλλήλοις.</span> 
     </span>
    </p>
   </div>
   <div class='ocr_carea' id='block_1_46' title="bbox 328 4276 1907 4351">
    <p class='ocr_par' dir='ltr' id='par_1_46' title="bbox 328 4276 1907 4351">
     <span class='ocr_line' id='line_1_46' title="bbox 328 4276 1907 4351; baseline 0.001 -19"><span class='ocrx_word' id='word_1_350' title='bbox 328 4279 416 4332; x_wconf 83' lang='grc' dir='ltr'><strong>Τά</strong></span> <span class='ocrx_word' id='word_1_351' title='bbox 428 4276 654 4351; x_wconf 78' lang='grc' dir='ltr'>δὲϐρνεα</span> <span class='ocrx_word' id='word_1_352' title='bbox 669 4279 732 4332; x_wconf 78' lang='grc' dir='ltr'>οὐ</span> <span class='ocrx_word' id='word_1_353' title='bbox 742 4279 924 4335; x_wconf 79' lang='grc' dir='ltr'>διεῖλε.</span> <span class='ocrx_word' id='word_1_354' title='bbox 954 4281 1177 4351; x_wconf 78' lang='grc' dir='ltr'>Κατέϐη</span> <span class='ocrx_word' id='word_1_355' title='bbox 1191 4281 1250 4334; x_wconf 73' lang='grc' dir='ltr'>δὲ</span> <span class='ocrx_word' id='word_1_356' title='bbox 1278 4279 1440 4351; x_wconf 74' lang='grc' dir='ltr'>ὔρνεα</span> <span class='ocrx_word' id='word_1_357' title='bbox 1463 4279 1555 4333; x_wconf 68' lang='grc' dir='ltr'><strong>ἐπὶ</strong></span> <span class='ocrx_word' id='word_1_358' title='bbox 1572 4279 1639 4334; x_wconf 87' lang='grc' dir='ltr'><strong>τά</strong></span> <span class='ocrx_word' id='word_1_359' title='bbox 1657 4279 1907 4351; x_wconf 82' lang='grc' dir='ltr'>σώματα,</span> 
     </span>
    </p>
   </div>
   <div class='ocr_carea' id='block_1_47' title="bbox 326 4368 1910 4440">
    <p class='ocr_par' dir='ltr' id='par_1_47' title="bbox 326 4368 1910 4440">
     <span class='ocr_line' id='line_1_47' title="bbox 326 4368 1910 4440; baseline 0.002 -19"><span class='ocrx_word' id='word_1_360' title='bbox 326 4368 428 4422; x_wconf 69' lang='grc' dir='ltr'><strong>ἐπὶ</strong></span> <span class='ocrx_word' id='word_1_361' title='bbox 445 4369 513 4423; x_wconf 89' lang='grc' dir='ltr'><strong>τά</strong></span> <span class='ocrx_word' id='word_1_362' title='bbox 532 4369 942 4440; x_wconf 82' lang='grc' dir='ltr'>ϐιχοτομήματα</span> <span class='ocrx_word' id='word_1_363' title='bbox 972 4370 1152 4426; x_wconf 79' lang='grc' dir='ltr'>αὐτῶν</span> <span class='ocrx_word' id='word_1_364' title='bbox 1171 4389 1184 4402; x_wconf 87' lang='grc'><strong>·</strong></span> <span class='ocrx_word' id='word_1_365' title='bbox 1218 4370 1312 4425; x_wconf 79' lang='grc' dir='ltr'>καὶ</span> <span class='ocrx_word' id='word_1_366' title='bbox 1345 4371 1698 4426; x_wconf 80' lang='grc' dir='ltr'>συνεκάθισεν</span> <span class='ocrx_word' id='word_1_367' title='bbox 1725 4370 1910 4435; x_wconf 81' lang='grc' dir='ltr'>αὐτοῖς</span> 
     </span>
    </p>
   </div>
   <div class='ocr_carea' id='block_1_48' title="bbox 340 4459 1909 4534">
    <p class='ocr_par' dir='ltr' id='par_1_48' title="bbox 340 4459 1909 4534">
     <span class='ocr_line' id='line_1_48' title="bbox 340 4459 1909 4534; baseline 0.002 -21"><span class='ocrx_word' id='word_1_368' title='bbox 340 4459 622 4531; x_wconf 68' lang='grc' dir='ltr'>Ἀϐραάμ.</span> <span class='ocrx_word' id='word_1_369' title='bbox 640 4461 776 4532; x_wconf 71' lang='grc' dir='ltr'>Περὶ</span> <span class='ocrx_word' id='word_1_370' title='bbox 796 4461 852 4516; x_wconf 75' lang='grc' dir='ltr'>δὲ</span> <span class='ocrx_word' id='word_1_371' title='bbox 873 4463 1024 4534; x_wconf 78' lang='grc' dir='ltr'>ἡλίου</span> <span class='ocrx_word' id='word_1_372' title='bbox 1055 4463 1289 4533; x_wconf 83' lang='grc' dir='ltr'>δυσμὰς,</span> <span class='ocrx_word' id='word_1_373' title='bbox 1313 4463 1565 4528; x_wconf 73' lang='grc' dir='ltr'>ἔκστασις</span> <span class='ocrx_word' id='word_1_374' title='bbox 1595 4464 1789 4517; x_wconf 73' lang='grc' dir='ltr'>ἔπεσεν</span> <span class='ocrx_word' id='word_1_375' title='bbox 1817 4463 1909 4517; x_wconf 72' lang='grc' dir='ltr'>επὶ</span> 
     </span>
    </p>
   </div>
   <div class='ocr_carea' id='block_1_49' title="bbox 2023 646 3621 720">
    <p class='ocr_par' dir='ltr' id='par_1_49' title="bbox 2023 646 3621 720">
     <span class='ocr_line' id='line_1_49' title="bbox 2023 646 3621 720; baseline 0.005 -19"><span class='ocrx_word' id='word_1_376' title='bbox 2023 649 2235 703; x_wconf 86' lang='lat' dir='ltr'><strong>latium.</strong></span> <span class='ocrx_word' id='word_1_377' title='bbox 2260 648 2376 704; x_wconf 80' lang='lat' dir='ltr'><strong>Hoc</strong></span> <span class='ocrx_word' id='word_1_378' title='bbox 2400 647 2547 704; x_wconf 88' lang='lat' dir='ltr'><strong>enim</strong></span> <span class='ocrx_word' id='word_1_379' title='bbox 2563 654 2646 703; x_wconf 91' lang='lat' dir='ltr'><strong>est</strong></span> <span class='ocrx_word' id='word_1_380' title='bbox 2681 646 2995 703; x_wconf 82' lang='lat' dir='ltr'><strong>Damascus.</strong></span> <span class='ocrx_word' id='word_1_381' title='bbox 3028 648 3391 720; x_wconf 79' lang='lat' dir='ltr'><strong>Reputabitur</strong></span> <span class='ocrx_word' id='word_1_382' title='bbox 3418 663 3621 709; x_wconf 80' lang='lat' dir='ltr'><strong>autem.</strong></span> 
     </span>
    </p>
   </div>
   <div class='ocr_carea' id='block_1_50' title="bbox 2023 730 3626 799">
    <p class='ocr_par' dir='ltr' id='par_1_50' title="bbox 2023 730 3626 799">
     <span class='ocr_line' id='line_1_50' title="bbox 2023 730 3626 799; baseline 0.004 -7"><span class='ocrx_word' id='word_1_383' title='bbox 2023 738 2078 793; x_wconf 89' lang='lat' dir='ltr'><strong>in</strong></span> <span class='ocrx_word' id='word_1_384' title='bbox 2107 730 2605 795; x_wconf 68' lang='lat' dir='ltr'><strong>remunerationem</strong></span> <span class='ocrx_word' id='word_1_385' title='bbox 2661 747 2718 796; x_wconf 90' lang='lat' dir='ltr'><strong>et</strong></span> <span class='ocrx_word' id='word_1_386' title='bbox 2755 741 3018 796; x_wconf 79' lang='lat' dir='ltr'><strong>auxilium</strong></span> <span class='ocrx_word' id='word_1_387' title='bbox 3068 756 3096 795; x_wconf 84' lang='lat' dir='ltr'><strong>a</strong></span> <span class='ocrx_word' id='word_1_388' title='bbox 3135 741 3268 795; x_wconf 90' lang='lat' dir='ltr'><strong>Deo.</strong></span> <span class='ocrx_word' id='word_1_389' title='bbox 3301 740 3414 798; x_wconf 72' lang='lat' dir='ltr'><strong>Hoc</strong></span> <span class='ocrx_word' id='word_1_390' title='bbox 3453 743 3626 799; x_wconf 65' lang='lat' dir='ltr'><strong>enim:</strong></span> 
     </span>
    </p>
   </div>
   <div class='ocr_carea' id='block_1_51' title="bbox 2019 831 3604 904">
    <p class='ocr_par' dir='ltr' id='par_1_51' title="bbox 2019 831 3604 904">
     <span class='ocr_line' id='line_1_51' title="bbox 2019 831 3604 904; baseline 0.004 -19"><span class='ocrx_word' id='word_1_391' title='bbox 2019 846 2240 886; x_wconf 83' lang='lat' dir='ltr'><strong>rursum</strong></span> <span class='ocrx_word' id='word_1_392' title='bbox 2273 841 2358 886; x_wconf 88' lang='lat' dir='ltr'><strong>est</strong></span> <span class='ocrx_word' id='word_1_393' title='bbox 2394 831 2624 887; x_wconf 82' lang='lat' dir='ltr'><strong>Eliezer.</strong></span> <span class='ocrx_word' id='word_1_394' title='bbox 2669 833 2903 888; x_wconf 86' lang='lat' dir='ltr'><strong>Perinde</strong></span> <span class='ocrx_word' id='word_1_395' title='bbox 2936 833 3101 904; x_wconf 78' lang='lat' dir='ltr'><strong>igitur</strong></span> <span class='ocrx_word' id='word_1_396' title='bbox 3143 843 3248 898; x_wconf 87' lang='lat' dir='ltr'><strong>est,</strong></span> <span class='ocrx_word' id='word_1_397' title='bbox 3277 849 3340 889; x_wconf 89' lang='lat' dir='ltr'><strong>ac</strong></span> <span class='ocrx_word' id='word_1_398' title='bbox 3383 834 3427 890; x_wconf 88' lang='lat' dir='ltr'><strong>si</strong></span> <span class='ocrx_word' id='word_1_399' title='bbox 3457 833 3604 892; x_wconf 81' lang='lat' dir='ltr'><strong>dicat</strong></span> 
     </span>
    </p>
   </div>
   <div class='ocr_carea' id='block_1_52' title="bbox 2018 921 3603 994">
    <p class='ocr_par' dir='ltr' id='par_1_52' title="bbox 2018 921 3603 994">
     <span class='ocr_line' id='line_1_52' title="bbox 2018 921 3603 994; baseline 0.003 -19"><span class='ocrx_word' id='word_1_400' title='bbox 2018 927 2205 992; x_wconf 86' lang='lat' dir='ltr'><strong>aperte</strong></span> <span class='ocrx_word' id='word_1_401' title='bbox 2235 940 2246 975; x_wconf 88' lang='lat'>:</span> <span class='ocrx_word' id='word_1_402' title='bbox 2274 921 2381 976; x_wconf 88' lang='lat' dir='ltr'><strong>Pro</strong></span> <span class='ocrx_word' id='word_1_403' title='bbox 2408 922 2670 994; x_wconf 79' lang='lat' dir='ltr'><strong>sanguine</strong></span> <span class='ocrx_word' id='word_1_404' title='bbox 2689 922 2932 994; x_wconf 88' lang='lat' dir='ltr'><strong>legitimo</strong></span> <span class='ocrx_word' id='word_1_405' title='bbox 2957 932 3014 977; x_wconf 90' lang='lat' dir='ltr'><strong>et</strong></span> <span class='ocrx_word' id='word_1_406' title='bbox 3065 938 3272 989; x_wconf 82' lang='lat' dir='ltr'><strong>amore,</strong></span> <span class='ocrx_word' id='word_1_407' title='bbox 3305 923 3398 993; x_wconf 88' lang='lat' dir='ltr'><strong>qui</strong></span> <span class='ocrx_word' id='word_1_408' title='bbox 3425 925 3475 979; x_wconf 82' lang='lat' dir='ltr'><strong>ei</strong></span> <span class='ocrx_word' id='word_1_409' title='bbox 3509 925 3603 980; x_wconf 89' lang='lat' dir='ltr'><strong>de-</strong></span> 
     </span>
    </p>
   </div>
   <div class='ocr_carea' id='block_1_53' title="bbox 2018 1011 3623 1085">
    <p class='ocr_par' dir='ltr' id='par_1_53' title="bbox 2018 1011 3623 1085">
     <span class='ocr_line' id='line_1_53' title="bbox 2018 1011 3623 1085; baseline 0.002 -19"><span class='ocrx_word' id='word_1_410' title='bbox 2018 1011 2200 1078; x_wconf 89' lang='lat' dir='ltr'><strong>betur,</strong></span> <span class='ocrx_word' id='word_1_411' title='bbox 2262 1013 2516 1068; x_wconf 76' lang='lat' dir='ltr'><strong>solatium</strong></span> <span class='ocrx_word' id='word_1_412' title='bbox 2562 1014 2844 1085; x_wconf 76' lang='lat' dir='ltr'><strong>sanguinis</strong></span> <span class='ocrx_word' id='word_1_413' title='bbox 2890 1021 2945 1068; x_wconf 92' lang='lat' dir='ltr'><strong>et</strong></span> <span class='ocrx_word' id='word_1_414' title='bbox 2991 1015 3363 1069; x_wconf 82' lang='lat' dir='ltr'><strong>remuneratio</strong></span> <span class='ocrx_word' id='word_1_415' title='bbox 3408 1031 3439 1070; x_wconf 81' lang='lat' dir='ltr'><strong>a</strong></span> <span class='ocrx_word' id='word_1_416' title='bbox 3490 1016 3623 1071; x_wconf 73' lang='lat' dir='ltr'><strong>Deo~</strong></span> 
     </span>
    </p>
   </div>
   <div class='ocr_carea' id='block_1_54' title="bbox 2016 1102 3600 1178">
    <p class='ocr_par' dir='ltr' id='par_1_54' title="bbox 2016 1102 3600 1178">
     <span class='ocr_line' id='line_1_54' title="bbox 2016 1102 3600 1178; baseline 0 -22"><span class='ocrx_word' id='word_1_417' title='bbox 2016 1102 2326 1157; x_wconf 88' lang='lat' dir='ltr'><strong>necessario</strong></span> <span class='ocrx_word' id='word_1_418' title='bbox 2347 1103 2480 1157; x_wconf 89' lang='lat' dir='ltr'><strong>mihi</strong></span> <span class='ocrx_word' id='word_1_419' title='bbox 2500 1102 2591 1158; x_wconf 84' lang='lat' dir='ltr'><strong>lict</strong></span> <span class='ocrx_word' id='word_1_420' title='bbox 2613 1102 2959 1178; x_wconf 84' lang='lat' dir='ltr'><strong>vernaculus,</strong></span> <span class='ocrx_word' id='word_1_421' title='bbox 2988 1117 3250 1171; x_wconf 83' lang='lat' dir='ltr'><strong>meusque</strong></span> <span class='ocrx_word' id='word_1_422' title='bbox 3275 1102 3452 1159; x_wconf 74' lang='lat' dir='ltr'><strong>han-es</strong></span> <span class='ocrx_word' id='word_1_423' title='bbox 3472 1103 3600 1159; x_wconf 89' lang='lat' dir='ltr'><strong>erit.</strong></span> 
     </span>
    </p>
   </div>
   <div class='ocr_carea' id='block_1_55' title="bbox 2024 1179 3600 1264">
    <p class='ocr_par' dir='ltr' id='par_1_55' title="bbox 2024 1179 3600 1264">
     <span class='ocr_line' id='line_1_55' title="bbox 2024 1179 3600 1264; baseline 0.002 -19"><span class='ocrx_word' id='word_1_424' title='bbox 2024 1212 2042 1245; x_wconf 86' lang='grc' dir='ltr'><strong>ι</strong></span> <span class='ocrx_word' id='word_1_425' title='bbox 2071 1192 2211 1259; x_wconf 86' lang='lat' dir='ltr'><strong>Quid</strong></span> <span class='ocrx_word' id='word_1_426' title='bbox 2246 1193 2412 1264; x_wconf 86' lang='lat' dir='ltr'><strong>igitur</strong></span> <span class='ocrx_word' id='word_1_427' title='bbox 2441 1193 2597 1248; x_wconf 88' lang='lat' dir='ltr'><strong>dabis</strong></span> <span class='ocrx_word' id='word_1_428' title='bbox 2639 1192 2806 1247; x_wconf 84' lang='lat' dir='ltr'><strong>mihi?</strong></span> <span class='ocrx_word' id='word_1_429' title='bbox 2834 1179 2851 1243; x_wconf 60' lang='grc' dir='ltr'><strong>ὲ</strong></span> <span class='ocrx_word' id='word_1_430' title='bbox 2892 1191 3009 1246; x_wconf 84' lang='lat' dir='ltr'><strong>Nisi</strong></span> <span class='ocrx_word' id='word_1_431' title='bbox 3031 1191 3339 1262; x_wconf 89' lang='lat' dir='ltr'><strong>legitimum</strong></span> <span class='ocrx_word' id='word_1_432' title='bbox 3367 1191 3600 1248; x_wconf 81' lang='lat' dir='ltr'><strong>habeam</strong></span> 
     </span>
    </p>
   </div>
   <div class='ocr_carea' id='block_1_56' title="bbox 2015 1279 3606 1352">
    <p class='ocr_par' dir='ltr' id='par_1_56' title="bbox 2015 1279 3606 1352">
     <span class='ocr_line' id='line_1_56' title="bbox 2015 1279 3606 1352; baseline -0.001 -16"><span class='ocrx_word' id='word_1_433' title='bbox 2015 1296 2406 1346; x_wconf 86' lang='lat' dir='ltr'><strong>successorem,</strong></span> <span class='ocrx_word' id='word_1_434' title='bbox 2424 1279 2770 1352; x_wconf 84' lang='lat' dir='ltr'><strong>despicabilis</strong></span> <span class='ocrx_word' id='word_1_435' title='bbox 2784 1281 3007 1336; x_wconf 89' lang='lat' dir='ltr'><strong>omnino</strong></span> <span class='ocrx_word' id='word_1_436' title='bbox 3029 1281 3133 1334; x_wconf 91' lang='lat' dir='ltr'><strong>erit</strong></span> <span class='ocrx_word' id='word_1_437' title='bbox 3154 1287 3279 1336; x_wconf 92' lang='lat' dir='ltr'><strong>tuus</strong></span> <span class='ocrx_word' id='word_1_438' title='bbox 3302 1280 3606 1348; x_wconf 82' lang='lat' dir='ltr'><strong>Abraham,</strong></span> 
     </span>
    </p>
   </div>
   <div class='ocr_carea' id='block_1_57' title="bbox 2016 1371 3596 1443">
    <p class='ocr_par' dir='ltr' id='par_1_57' title="bbox 2016 1371 3596 1443">
     <span class='ocr_line' id='line_1_57' title="bbox 2016 1371 3596 1443; baseline 0.001 -17"><span class='ocrx_word' id='word_1_439' title='bbox 2016 1372 2264 1427; x_wconf 87' lang='lat' dir='ltr'><strong>Domine.</strong></span> <span class='ocrx_word' id='word_1_440' title='bbox 2282 1371 2459 1428; x_wconf 90' lang='lat' dir='ltr'><strong>Orbus</strong></span> <span class='ocrx_word' id='word_1_441' title='bbox 2476 1373 2623 1428; x_wconf 89' lang='lat' dir='ltr'><strong>enim</strong></span> <span class='ocrx_word' id='word_1_442' title='bbox 2643 1372 2901 1443; x_wconf 84' lang='lat' dir='ltr'><strong>legitimis</strong></span> <span class='ocrx_word' id='word_1_443' title='bbox 2930 1388 2996 1427; x_wconf 77' lang='lat' dir='ltr'><strong>ex</strong></span> <span class='ocrx_word' id='word_1_444' title='bbox 3019 1372 3193 1427; x_wconf 89' lang='lat' dir='ltr'><strong>libera</strong></span> <span class='ocrx_word' id='word_1_445' title='bbox 3213 1371 3341 1427; x_wconf 79' lang='lat' dir='ltr'><strong>ﬁliis</strong></span> <span class='ocrx_word' id='word_1_446' title='bbox 3360 1372 3596 1428; x_wconf 88' lang='lat' dir='ltr'><strong>decedit.</strong></span> 
     </span>
    </p>
   </div>
   <div class='ocr_carea' id='block_1_58' title="bbox 2012 1460 3597 1532">
    <p class='ocr_par' dir='ltr' id='par_1_58' title="bbox 2012 1460 3597 1532">
     <span class='ocr_line' id='line_1_58' title="bbox 2012 1460 3597 1532; baseline 0.001 -17"><span class='ocrx_word' id='word_1_447' title='bbox 2012 1460 2283 1516; x_wconf 56' lang='lat' dir='ltr'><strong>(laterum</strong></span> <span class='ocrx_word' id='word_1_448' title='bbox 2327 1461 2471 1516; x_wconf 83' lang='lat' dir='ltr'><strong>Deus</strong></span> <span class='ocrx_word' id='word_1_449' title='bbox 2506 1477 2618 1516; x_wconf 89' lang='lat' dir='ltr'><strong>non</strong></span> <span class='ocrx_word' id='word_1_450' title='bbox 2665 1461 2758 1516; x_wconf 93' lang='lat' dir='ltr'><strong>diu</strong></span> <span class='ocrx_word' id='word_1_451' title='bbox 2804 1463 3010 1532; x_wconf 83' lang='lat' dir='ltr'><strong>justum</strong></span> <span class='ocrx_word' id='word_1_452' title='bbox 3057 1477 3290 1517; x_wconf 75' lang='lat' dir='ltr'><strong>mmrere</strong></span> <span class='ocrx_word' id='word_1_453' title='bbox 3328 1464 3597 1532; x_wconf 86' lang='lat' dir='ltr'><strong>permisit.</strong></span> 
     </span>
    </p>
   </div>
   <div class='ocr_carea' id='block_1_59' title="bbox 2014 1551 3600 1623">
    <p class='ocr_par' dir='ltr' id='par_1_59' title="bbox 2014 1551 3600 1623">
     <span class='ocr_line' id='line_1_59' title="bbox 2014 1551 3600 1623; baseline 0.002 -17"><span class='ocrx_word' id='word_1_454' title='bbox 2014 1551 2206 1606; x_wconf 84' lang='lat' dir='ltr'><strong>Statim</strong></span> <span class='ocrx_word' id='word_1_455' title='bbox 2240 1552 2386 1605; x_wconf 87' lang='lat' dir='ltr'><strong>enim</strong></span> <span class='ocrx_word' id='word_1_456' title='bbox 2432 1567 2618 1606; x_wconf 87' lang='lat' dir='ltr'><strong>semen</strong></span> <span class='ocrx_word' id='word_1_457' title='bbox 2637 1552 2891 1622; x_wconf 86' lang='lat' dir='ltr'><strong>promisit</strong></span> <span class='ocrx_word' id='word_1_458' title='bbox 2916 1553 2969 1607; x_wconf 92' lang='lat' dir='ltr'><strong>in</strong></span> <span class='ocrx_word' id='word_1_459' title='bbox 3003 1551 3171 1617; x_wconf 66' lang='lat' dir='ltr'><strong>lsdac,</strong></span> <span class='ocrx_word' id='word_1_460' title='bbox 3200 1552 3346 1623; x_wconf 90' lang='lat' dir='ltr'><strong>quod</strong></span> <span class='ocrx_word' id='word_1_461' title='bbox 3377 1559 3433 1608; x_wconf 87' lang='lat' dir='ltr'><strong>et</strong></span> <span class='ocrx_word' id='word_1_462' title='bbox 3467 1555 3600 1609; x_wconf 76' lang='lat' dir='ltr'><strong>stel-</strong></span> 
     </span>
    </p>
   </div>
   <div class='ocr_carea' id='block_1_60' title="bbox 2011 1640 3601 1713">
    <p class='ocr_par' dir='ltr' id='par_1_60' title="bbox 2011 1640 3601 1713">
     <span class='ocr_line' id='line_1_60' title="bbox 2011 1640 3601 1713; baseline 0.001 -16"><span class='ocrx_word' id='word_1_463' title='bbox 2011 1644 2186 1698; x_wconf 86' lang='lat' dir='ltr'><strong>larum</strong></span> <span class='ocrx_word' id='word_1_464' title='bbox 2219 1642 2606 1696; x_wconf 81' lang='lat' dir='ltr'><strong>innumerabili</strong></span> <span class='ocrx_word' id='word_1_465' title='bbox 2631 1642 2967 1697; x_wconf 84' lang='lat' dir='ltr'><strong>multitudini</strong></span> <span class='ocrx_word' id='word_1_466' title='bbox 3002 1659 3100 1713; x_wconf 79' lang='lat' dir='ltr'><strong>par</strong></span> <span class='ocrx_word' id='word_1_467' title='bbox 3124 1643 3240 1699; x_wconf 76' lang='lat' dir='ltr'><strong>fore</strong></span> <span class='ocrx_word' id='word_1_468' title='bbox 3269 1645 3363 1697; x_wconf 87' lang='lat' dir='ltr'><strong>ait.</strong></span> <span class='ocrx_word' id='word_1_469' title='bbox 3389 1640 3601 1699; x_wconf 78' lang='lat' dir='ltr'><strong>Conﬁr-</strong></span> 
     </span>
    </p>
   </div>
   <div class='ocr_carea' id='block_1_61' title="bbox 2012 1733 3600 1805">
    <p class='ocr_par' dir='ltr' id='par_1_61' title="bbox 2012 1733 3600 1805">
     <span class='ocr_line' id='line_1_61' title="bbox 2012 1733 3600 1805; baseline 0.003 -19"><span class='ocrx_word' id='word_1_470' title='bbox 2012 1743 2123 1788; x_wconf 86' lang='lat' dir='ltr'><strong>mat</strong></span> <span class='ocrx_word' id='word_1_471' title='bbox 2147 1742 2330 1789; x_wconf 86' lang='lat' dir='ltr'><strong>autem</strong></span> <span class='ocrx_word' id='word_1_472' title='bbox 2367 1733 2516 1803; x_wconf 89' lang='lat' dir='ltr'><strong>quod</strong></span> <span class='ocrx_word' id='word_1_473' title='bbox 2538 1733 2948 1788; x_wconf 78' lang='lat' dir='ltr'><strong>innumerarum</strong></span> <span class='ocrx_word' id='word_1_474' title='bbox 2982 1734 3225 1805; x_wconf 84' lang='lat' dir='ltr'><strong>gentium</strong></span> <span class='ocrx_word' id='word_1_475' title='bbox 3258 1734 3413 1804; x_wconf 86' lang='lat' dir='ltr'><strong>pater</strong></span> <span class='ocrx_word' id='word_1_476' title='bbox 3455 1745 3600 1791; x_wconf 86' lang='lat' dir='ltr'><strong>esset</strong></span> 
     </span>
    </p>
   </div>
   <div class='ocr_carea' id='block_1_62' title="bbox 2014 1822 3598 1895">
    <p class='ocr_par' dir='ltr' id='par_1_62' title="bbox 2014 1822 3598 1895">
     <span class='ocr_line' id='line_1_62' title="bbox 2014 1822 3598 1895; baseline 0.004 -19"><span class='ocrx_word' id='word_1_477' title='bbox 2014 1822 2312 1886; x_wconf 84' lang='lat' dir='ltr'><strong>vocandus,</strong></span> <span class='ocrx_word' id='word_1_478' title='bbox 2367 1823 2580 1878; x_wconf 87' lang='lat' dir='ltr'><strong>etiamsi</strong></span> <span class='ocrx_word' id='word_1_479' title='bbox 2637 1823 2894 1878; x_wconf 88' lang='lat' dir='ltr'><strong>orbitatis</strong></span> <span class='ocrx_word' id='word_1_480' title='bbox 2924 1833 3073 1879; x_wconf 86' lang='lat' dir='ltr'><strong>metu</strong></span> <span class='ocrx_word' id='word_1_481' title='bbox 3107 1825 3395 1895; x_wconf 85' lang='lat' dir='ltr'><strong>perculsus</strong></span> <span class='ocrx_word' id='word_1_482' title='bbox 3431 1833 3598 1882; x_wconf 86' lang='lat' dir='ltr'><strong>esset.</strong></span> 
     </span>
    </p>
   </div>
   <div class='ocr_carea' id='block_1_63' title="bbox 2027 1914 3597 1988">
    <p class='ocr_par' dir='ltr' id='par_1_63' title="bbox 2027 1914 3597 1988">
     <span class='ocr_line' id='line_1_63' title="bbox 2027 1914 3597 1988; baseline 0.003 -21"><span class='ocrx_word' id='word_1_483' title='bbox 2027 1934 2044 1967; x_wconf 87' lang='grc' dir='ltr'><strong>ι</strong></span> <span class='ocrx_word' id='word_1_484' title='bbox 2068 1914 2315 1971; x_wconf 83' lang='lat' dir='ltr'><strong>Credidit</strong></span> <span class='ocrx_word' id='word_1_485' title='bbox 2342 1926 2545 1979; x_wconf 89' lang='lat' dir='ltr'><strong>autem,</strong></span> <span class='ocrx_word' id='word_1_486' title='bbox 2590 1915 2789 1985; x_wconf 86' lang='lat' dir='ltr'><strong>inquit,</strong></span> <span class='ocrx_word' id='word_1_487' title='bbox 2816 1914 3089 1977; x_wconf 80' lang='lat' dir='ltr'><strong>Abraham</strong></span> <span class='ocrx_word' id='word_1_488' title='bbox 3132 1916 3261 1980; x_wconf 91' lang='lat' dir='ltr'><strong>Deo,</strong></span> <span class='ocrx_word' id='word_1_489' title='bbox 3295 1924 3350 1972; x_wconf 90' lang='lat' dir='ltr'><strong>et</strong></span> <span class='ocrx_word' id='word_1_490' title='bbox 3376 1927 3597 1988; x_wconf 85' lang='lat' dir='ltr'><strong>reputa-</strong></span> 
     </span>
    </p>
   </div>
   <div class='ocr_carea' id='block_1_64' title="bbox 2021 2007 3600 2081">
    <p class='ocr_par' dir='ltr' id='par_1_64' title="bbox 2021 2007 3600 2081">
     <span class='ocr_line' id='line_1_64' title="bbox 2021 2007 3600 2081; baseline 0.002 -20"><span class='ocrx_word' id='word_1_491' title='bbox 2021 2017 2136 2062; x_wconf 90' lang='lat' dir='ltr'><strong>tum</strong></span> <span class='ocrx_word' id='word_1_492' title='bbox 2158 2016 2244 2065; x_wconf 88' lang='lat' dir='ltr'><strong>est</strong></span> <span class='ocrx_word' id='word_1_493' title='bbox 2266 2007 2317 2063; x_wconf 89' lang='lat' dir='ltr'><strong>ei</strong></span> <span class='ocrx_word' id='word_1_494' title='bbox 2339 2008 2407 2061; x_wconf 87' lang='lat' dir='ltr'><strong>ad</strong></span> <span class='ocrx_word' id='word_1_495' title='bbox 2451 2007 2738 2079; x_wconf 75' lang='lat' dir='ltr'><strong>justitiam.</strong></span> <span class='ocrx_word' id='word_1_496' title='bbox 2753 2027 2770 2059; x_wconf 76' lang='grc' dir='ltr'><strong>ι</strong></span> <span class='ocrx_word' id='word_1_497' title='bbox 2789 2007 3079 2063; x_wconf 70' lang='lat' dir='ltr'><strong>Praemium</strong></span> <span class='ocrx_word' id='word_1_498' title='bbox 3107 2009 3287 2079; x_wconf 82' lang='lat' dir='ltr'><strong>itaque</strong></span> <span class='ocrx_word' id='word_1_499' title='bbox 3305 2007 3483 2064; x_wconf 78' lang='lat' dir='ltr'><strong>aufert</strong></span> <span class='ocrx_word' id='word_1_500' title='bbox 3505 2011 3600 2081; x_wconf 83' lang='lat' dir='ltr'><strong>ju-</strong></span> 
     </span>
    </p>
   </div>
   <div class='ocr_carea' id='block_1_65' title="bbox 2018 2097 3609 2164">
    <p class='ocr_par' dir='ltr' id='par_1_65' title="bbox 2018 2097 3609 2164">
     <span class='ocr_line' id='line_1_65' title="bbox 2018 2097 3609 2164; baseline 0.001 -11"><span class='ocrx_word' id='word_1_501' title='bbox 2018 2099 2250 2164; x_wconf 82' lang='lat' dir='ltr'><strong>stitiam,</strong></span> <span class='ocrx_word' id='word_1_502' title='bbox 2279 2097 2383 2153; x_wconf 77' lang='lat' dir='ltr'><strong>ﬁde</strong></span> <span class='ocrx_word' id='word_1_503' title='bbox 2411 2100 2792 2153; x_wconf 88' lang='lat' dir='ltr'><strong>universorum</strong></span> <span class='ocrx_word' id='word_1_504' title='bbox 2817 2099 3106 2153; x_wconf 86' lang='lat' dir='ltr'><strong>Dominum</strong></span> <span class='ocrx_word' id='word_1_505' title='bbox 3125 2100 3327 2155; x_wconf 76' lang='lat' dir='ltr'><strong>colens.</strong></span> <span class='ocrx_word' id='word_1_506' title='bbox 3344 2098 3609 2155; x_wconf 72' lang='lat' dir='ltr'><strong>Testatus</strong></span> 
     </span>
    </p>
   </div>
   <div class='ocr_carea' id='block_1_66' title="bbox 2017 2190 3597 2261">
    <p class='ocr_par' dir='ltr' id='par_1_66' title="bbox 2017 2190 3597 2261">
     <span class='ocr_line' id='line_1_66' title="bbox 2017 2190 3597 2261; baseline 0.001 -18"><span class='ocrx_word' id='word_1_507' title='bbox 2017 2191 2165 2244; x_wconf 90' lang='lat' dir='ltr'><strong>enim</strong></span> <span class='ocrx_word' id='word_1_508' title='bbox 2215 2200 2299 2245; x_wconf 89' lang='lat' dir='ltr'><strong>est</strong></span> <span class='ocrx_word' id='word_1_509' title='bbox 2350 2205 2448 2260; x_wconf 87' lang='lat' dir='ltr'><strong>per</strong></span> <span class='ocrx_word' id='word_1_510' title='bbox 2499 2190 2604 2245; x_wconf 88' lang='lat' dir='ltr'><strong>hoc</strong></span> <span class='ocrx_word' id='word_1_511' title='bbox 2656 2190 2855 2260; x_wconf 90' lang='lat' dir='ltr'><strong>ipsum,</strong></span> <span class='ocrx_word' id='word_1_512' title='bbox 2902 2191 3084 2244; x_wconf 87' lang='lat' dir='ltr'><strong>omnia</strong></span> <span class='ocrx_word' id='word_1_513' title='bbox 3131 2199 3388 2260; x_wconf 70' lang='lat' dir='ltr'><strong>prmstare</strong></span> <span class='ocrx_word' id='word_1_514' title='bbox 3434 2200 3597 2261; x_wconf 83' lang='lat' dir='ltr'><strong>atque</strong></span> 
     </span>
    </p>
   </div>
   <div class='ocr_carea' id='block_1_67' title="bbox 2016 2271 3600 2351">
    <p class='ocr_par' dir='ltr' id='par_1_67' title="bbox 2016 2271 3600 2351">
     <span class='ocr_line' id='line_1_67' title="bbox 2016 2271 3600 2351; baseline 0 -15"><span class='ocrx_word' id='word_1_515' title='bbox 2016 2281 2230 2336; x_wconf 68' lang='lat' dir='ltr'><strong>edicere</strong></span> <span class='ocrx_word' id='word_1_516' title='bbox 2251 2296 2431 2351; x_wconf 82' lang='lat' dir='ltr'><strong>posse.</strong></span> <span class='ocrx_word' id='word_1_517' title='bbox 2472 2280 2794 2336; x_wconf 84' lang='lat' dir='ltr'><strong>lncredulus</strong></span> <span class='ocrx_word' id='word_1_518' title='bbox 2807 2271 2940 2337; x_wconf 74' lang='lat' dir='ltr'><strong>vero</strong></span> <span class='ocrx_word' id='word_1_519' title='bbox 2967 2289 3022 2336; x_wconf 86' lang='lat' dir='ltr'><strong>et</strong></span> <span class='ocrx_word' id='word_1_520' title='bbox 3056 2289 3401 2351; x_wconf 86' lang='lat' dir='ltr'><strong>contemptor</strong></span> <span class='ocrx_word' id='word_1_521' title='bbox 3447 2297 3600 2336; x_wconf 84' lang='lat' dir='ltr'><strong>arro-</strong></span> 
     </span>
    </p>
   </div>
   <div class='ocr_carea' id='block_1_68' title="bbox 2017 2370 3606 2443">
    <p class='ocr_par' dir='ltr' id='par_1_68' title="bbox 2017 2370 3606 2443">
     <span class='ocr_line' id='line_1_68' title="bbox 2017 2370 3606 2443; baseline 0.001 -19"><span class='ocrx_word' id='word_1_522' title='bbox 2017 2385 2158 2442; x_wconf 85' lang='lat' dir='ltr'><strong>gans</strong></span> <span class='ocrx_word' id='word_1_523' title='bbox 2173 2370 2341 2425; x_wconf 78' lang='lat' dir='ltr'><strong>fuerit</strong></span> <span class='ocrx_word' id='word_1_524' title='bbox 2365 2386 2427 2426; x_wconf 88' lang='lat' dir='ltr'><strong>ac</strong></span> <span class='ocrx_word' id='word_1_525' title='bbox 2447 2371 2914 2436; x_wconf 83' lang='lat' dir='ltr'><strong>contumeliosus;</strong></span> <span class='ocrx_word' id='word_1_526' title='bbox 2944 2370 3140 2424; x_wconf 87' lang='lat' dir='ltr'><strong>merito</strong></span> <span class='ocrx_word' id='word_1_527' title='bbox 3163 2371 3346 2442; x_wconf 82' lang='lat' dir='ltr'><strong>itaque</strong></span> <span class='ocrx_word' id='word_1_528' title='bbox 3379 2386 3606 2443; x_wconf 64' lang='lat' dir='ltr'><strong>pennam-</strong></span> 
     </span>
    </p>
   </div>
   <div class='ocr_carea' id='block_1_69' title="bbox 2015 2461 3597 2536">
    <p class='ocr_par' dir='ltr' id='par_1_69' title="bbox 2015 2461 3597 2536">
     <span class='ocr_line' id='line_1_69' title="bbox 2015 2461 3597 2536; baseline 0 -18"><span class='ocrx_word' id='word_1_529' title='bbox 2015 2480 2079 2520; x_wconf 74' lang='grc' dir='ltr'>ιε</span> <span class='ocrx_word' id='word_1_530' title='bbox 2110 2463 2440 2535; x_wconf 79' lang='lat' dir='ltr'><strong>supplicium</strong></span> <span class='ocrx_word' id='word_1_531' title='bbox 2481 2464 2746 2523; x_wconf 86' lang='lat' dir='ltr'><strong>incurret.</strong></span> <span class='ocrx_word' id='word_1_532' title='bbox 2788 2482 2807 2514; x_wconf 83' lang='grc' dir='ltr'><strong>ι</strong></span> <span class='ocrx_word' id='word_1_533' title='bbox 2849 2461 3095 2519; x_wconf 82' lang='lat' dir='ltr'><strong>Credidit</strong></span> <span class='ocrx_word' id='word_1_534' title='bbox 3131 2463 3299 2536; x_wconf 86' lang='lat' dir='ltr'><strong>igitur</strong></span> <span class='ocrx_word' id='word_1_535' title='bbox 3323 2462 3597 2519; x_wconf 81' lang='lat' dir='ltr'><strong>Abraham</strong></span> 
     </span>
    </p>
   </div>
   <div class='ocr_carea' id='block_1_70' title="bbox 2016 2544 3597 2627">
    <p class='ocr_par' dir='ltr' id='par_1_70' title="bbox 2016 2544 3597 2627">
     <span class='ocr_line' id='line_1_70' title="bbox 2016 2544 3597 2627; baseline -0.001 -18"><span class='ocrx_word' id='word_1_536' title='bbox 2016 2555 2147 2620; x_wconf 90' lang='lat' dir='ltr'><strong>Deo,</strong></span> <span class='ocrx_word' id='word_1_537' title='bbox 2170 2565 2226 2610; x_wconf 90' lang='lat' dir='ltr'><strong>et</strong></span> <span class='ocrx_word' id='word_1_538' title='bbox 2246 2554 2583 2627; x_wconf 80' lang='lat' dir='ltr'><strong>justiﬁeatus</strong></span> <span class='ocrx_word' id='word_1_539' title='bbox 2596 2563 2680 2610; x_wconf 84' lang='lat' dir='ltr'><strong>est</strong></span> <span class='ocrx_word' id='word_1_540' title='bbox 2700 2555 2769 2609; x_wconf 90' lang='lat' dir='ltr'><strong>ab</strong></span> <span class='ocrx_word' id='word_1_541' title='bbox 2783 2570 2869 2611; x_wconf 90' lang='lat' dir='ltr'><strong>eo.</strong></span> <span class='ocrx_word' id='word_1_542' title='bbox 2892 2574 2911 2607; x_wconf 70' lang='grc' dir='ltr'><strong>ι</strong></span> <span class='ocrx_word' id='word_1_543' title='bbox 2931 2553 3147 2624; x_wconf 71' lang='lat' dir='ltr'><strong>Repetit</strong></span> <span class='ocrx_word' id='word_1_544' title='bbox 3173 2544 3355 2609; x_wconf 83' lang='lat' dir='ltr'><strong>autem</strong></span> <span class='ocrx_word' id='word_1_545' title='bbox 3380 2553 3597 2626; x_wconf 84' lang='lat' dir='ltr'><strong>signum</strong></span> 
     </span>
    </p>
   </div>
   <div class='ocr_carea' id='block_1_71' title="bbox 2014 2644 3596 2716">
    <p class='ocr_par' dir='ltr' id='par_1_71' title="bbox 2014 2644 3596 2716">
     <span class='ocr_line' id='line_1_71' title="bbox 2014 2644 3596 2716; baseline -0.002 -15"><span class='ocrx_word' id='word_1_546' title='bbox 2014 2647 2071 2701; x_wconf 89' lang='lat' dir='ltr'><strong>in</strong></span> <span class='ocrx_word' id='word_1_547' title='bbox 2097 2646 2567 2702; x_wconf 79' lang='lat' dir='ltr'><strong>conﬁrmationem</strong></span> <span class='ocrx_word' id='word_1_548' title='bbox 2609 2661 2672 2702; x_wconf 91' lang='lat' dir='ltr'><strong>ac</strong></span> <span class='ocrx_word' id='word_1_549' title='bbox 2709 2647 2994 2702; x_wconf 84' lang='lat' dir='ltr'><strong>veritatem</strong></span> <span class='ocrx_word' id='word_1_550' title='bbox 3034 2644 3150 2716; x_wconf 72' lang='lat'><strong>70</strong></span> <span class='ocrx_word' id='word_1_551' title='bbox 3175 2645 3596 2716; x_wconf 85' lang='lat' dir='ltr'><strong>promissorum.</strong></span> 
     </span>
    </p>
   </div>
   <div class='ocr_carea' id='block_1_72' title="bbox 2014 2736 3593 2812">
    <p class='ocr_par' dir='ltr' id='par_1_72' title="bbox 2014 2736 3593 2812">
     <span class='ocr_line' id='line_1_72' title="bbox 2014 2736 3593 2812; baseline -0.003 -17"><span class='ocrx_word' id='word_1_552' title='bbox 2014 2741 2158 2795; x_wconf 85' lang='lat' dir='ltr'><strong>Deus</strong></span> <span class='ocrx_word' id='word_1_553' title='bbox 2179 2755 2311 2812; x_wconf 80' lang='lat' dir='ltr'><strong>ergo</strong></span> <span class='ocrx_word' id='word_1_554' title='bbox 2352 2738 2614 2811; x_wconf 83' lang='lat' dir='ltr'><strong>singulari</strong></span> <span class='ocrx_word' id='word_1_555' title='bbox 2663 2739 2892 2794; x_wconf 89' lang='lat' dir='ltr'><strong>consilio</strong></span> <span class='ocrx_word' id='word_1_556' title='bbox 2931 2739 3302 2809; x_wconf 86' lang='lat' dir='ltr'><strong>juramentum</strong></span> <span class='ocrx_word' id='word_1_557' title='bbox 3349 2736 3593 2800; x_wconf 88' lang='lat' dir='ltr'><strong>adhibet,</strong></span> 
     </span>
    </p>
   </div>
   <div class='ocr_carea' id='block_1_73' title="bbox 2014 2827 3601 2906">
    <p class='ocr_par' dir='ltr' id='par_1_73' title="bbox 2014 2827 3601 2906">
     <span class='ocr_line' id='line_1_73' title="bbox 2014 2827 3601 2906; baseline -0.004 -20"><span class='ocrx_word' id='word_1_558' title='bbox 2014 2847 2083 2886; x_wconf 89' lang='lat' dir='ltr'><strong>ne</strong></span> <span class='ocrx_word' id='word_1_559' title='bbox 2123 2830 2189 2896; x_wconf 85' lang='lat' dir='ltr'><strong>is,</strong></span> <span class='ocrx_word' id='word_1_560' title='bbox 2212 2831 2429 2902; x_wconf 86' lang='lat' dir='ltr'><strong>quijam</strong></span> <span class='ocrx_word' id='word_1_561' title='bbox 2450 2829 2780 2906; x_wconf 81' lang='lat' dir='ltr'><strong>crediderat,</strong></span> <span class='ocrx_word' id='word_1_562' title='bbox 2810 2829 2992 2884; x_wconf 88' lang='lat' dir='ltr'><strong>animo</strong></span> <span class='ocrx_word' id='word_1_563' title='bbox 3015 2827 3313 2883; x_wconf 88' lang='lat' dir='ltr'><strong>vacillaret.</strong></span> <span class='ocrx_word' id='word_1_564' title='bbox 3347 2828 3424 2883; x_wconf 84' lang='lat' dir='ltr'><strong>lta</strong></span> <span class='ocrx_word' id='word_1_565' title='bbox 3449 2827 3601 2881; x_wconf 81' lang='lat' dir='ltr'><strong>enim</strong></span> 
     </span>
    </p>
   </div>
   <div class='ocr_carea' id='block_1_74' title="bbox 2013 2916 3597 2988">
    <p class='ocr_par' dir='ltr' id='par_1_74' title="bbox 2013 2916 3597 2988">
     <span class='ocr_line' id='line_1_74' title="bbox 2013 2916 3597 2988; baseline 0 -15"><span class='ocrx_word' id='word_1_566' title='bbox 2013 2919 2279 2988; x_wconf 85' lang='lat' dir='ltr'><strong>scriptum</strong></span> <span class='ocrx_word' id='word_1_567' title='bbox 2305 2926 2388 2973; x_wconf 88' lang='lat' dir='ltr'><strong>est</strong></span> <span class='ocrx_word' id='word_1_568' title='bbox 2416 2937 2428 2971; x_wconf 92' lang='lat'>:</span> <span class='ocrx_word' id='word_1_569' title='bbox 2465 2937 2485 2967; x_wconf 81' lang='grc' dir='ltr'><strong>ι</strong></span> <span class='ocrx_word' id='word_1_570' title='bbox 2515 2918 2663 2972; x_wconf 76' lang='lat' dir='ltr'><strong>Dixit</strong></span> <span class='ocrx_word' id='word_1_571' title='bbox 2696 2925 2879 2973; x_wconf 85' lang='lat' dir='ltr'><strong>autem</strong></span> <span class='ocrx_word' id='word_1_572' title='bbox 2906 2917 2973 2972; x_wconf 89' lang='lat' dir='ltr'><strong>ad</strong></span> <span class='ocrx_word' id='word_1_573' title='bbox 3006 2932 3131 2972; x_wconf 90' lang='lat' dir='ltr'><strong>eum</strong></span> <span class='ocrx_word' id='word_1_574' title='bbox 3160 2936 3172 2972; x_wconf 91' lang='lat'><strong>:</strong></span> <span class='ocrx_word' id='word_1_575' title='bbox 3197 2917 3310 2988; x_wconf 84' lang='lat' dir='ltr'><strong>Ego</strong></span> <span class='ocrx_word' id='word_1_576' title='bbox 3331 2916 3479 2971; x_wconf 88' lang='lat' dir='ltr'><strong>Deus</strong></span> <span class='ocrx_word' id='word_1_577' title='bbox 3501 2916 3597 2985; x_wconf 82' lang='lat' dir='ltr'><strong>qui</strong></span> 
     </span>
    </p>
   </div>
   <div class='ocr_carea' id='block_1_75' title="bbox 2012 3006 3595 3080">
    <p class='ocr_par' dir='ltr' id='par_1_75' title="bbox 2012 3006 3595 3080">
     <span class='ocr_line' id='line_1_75' title="bbox 2012 3006 3595 3080; baseline -0.001 -15"><span class='ocrx_word' id='word_1_578' title='bbox 2012 3009 2177 3065; x_wconf 76' lang='lat' dir='ltr'><strong>eduxi</strong></span> <span class='ocrx_word' id='word_1_579' title='bbox 2215 3019 2268 3065; x_wconf 92' lang='lat' dir='ltr'><strong>te</strong></span> <span class='ocrx_word' id='word_1_580' title='bbox 2297 3010 2366 3064; x_wconf 89' lang='lat' dir='ltr'><strong>de</strong></span> <span class='ocrx_word' id='word_1_581' title='bbox 2395 3008 2472 3064; x_wconf 89' lang='lat' dir='ltr'><strong>Ur</strong></span> <span class='ocrx_word' id='word_1_582' title='bbox 2505 3009 2726 3080; x_wconf 86' lang='lat' dir='ltr'><strong>regione</strong></span> <span class='ocrx_word' id='word_1_583' title='bbox 2748 3008 3148 3071; x_wconf 63' lang='lat' dir='ltr'><strong>Chaldmorum,</strong></span> <span class='ocrx_word' id='word_1_584' title='bbox 3176 3017 3236 3061; x_wconf 92' lang='lat' dir='ltr'><strong>ut</strong></span> <span class='ocrx_word' id='word_1_585' title='bbox 3260 3008 3446 3061; x_wconf 88' lang='lat' dir='ltr'><strong>darem</strong></span> <span class='ocrx_word' id='word_1_586' title='bbox 3495 3006 3595 3064; x_wconf 72' lang='lat' dir='ltr'><strong>tibi</strong></span> 
     </span>
    </p>
   </div>
   <div class='ocr_carea' id='block_1_76' title="bbox 2015 3099 3597 3156">
    <p class='ocr_par' dir='ltr' id='par_1_76' title="bbox 2015 3099 3597 3156">
     <span class='ocr_line' id='line_1_76' title="bbox 2015 3099 3597 3156; baseline -0.001 0"><span class='ocrx_word' id='word_1_587' title='bbox 2015 3110 2218 3156; x_wconf 79' lang='lat' dir='ltr'><strong>terram</strong></span> <span class='ocrx_word' id='word_1_588' title='bbox 2261 3101 2403 3155; x_wconf 89' lang='lat' dir='ltr'><strong>hanc</strong></span> <span class='ocrx_word' id='word_1_589' title='bbox 2467 3100 2812 3155; x_wconf 65' lang='lat' dir='ltr'><strong>haereditarc.</strong></span> <span class='ocrx_word' id='word_1_590' title='bbox 2857 3099 2945 3155; x_wconf 77' lang='lat' dir='ltr'><strong>Ait</strong></span> <span class='ocrx_word' id='word_1_591' title='bbox 3007 3108 3188 3154; x_wconf 87' lang='lat' dir='ltr'><strong>autem</strong></span> <span class='ocrx_word' id='word_1_592' title='bbox 3225 3117 3236 3153; x_wconf 90' lang='lat'>:</span> <span class='ocrx_word' id='word_1_593' title='bbox 3279 3099 3597 3156; x_wconf 87' lang='lat' dir='ltr'><strong>Dominator</strong></span> 
     </span>
    </p>
   </div>
   <div class='ocr_carea' id='block_1_77' title="bbox 2014 3189 3594 3260">
    <p class='ocr_par' dir='ltr' id='par_1_77' title="bbox 2014 3189 3594 3260">
     <span class='ocr_line' id='line_1_77' title="bbox 2014 3189 3594 3260; baseline 0.001 -15"><span class='ocrx_word' id='word_1_594' title='bbox 2014 3191 2244 3247; x_wconf 90' lang='lat' dir='ltr'><strong>Domine</strong></span> <span class='ocrx_word' id='word_1_595' title='bbox 2277 3191 2441 3255; x_wconf 90' lang='lat' dir='ltr'><strong>Deus,</strong></span> <span class='ocrx_word' id='word_1_596' title='bbox 2481 3189 2783 3246; x_wconf 87' lang='lat' dir='ltr'><strong>secundum</strong></span> <span class='ocrx_word' id='word_1_597' title='bbox 2810 3190 2941 3260; x_wconf 92' lang='lat' dir='ltr'><strong>quid</strong></span> <span class='ocrx_word' id='word_1_598' title='bbox 2982 3189 3149 3245; x_wconf 86' lang='lat' dir='ltr'><strong>sciam</strong></span> <span class='ocrx_word' id='word_1_599' title='bbox 3185 3190 3330 3260; x_wconf 86' lang='lat' dir='ltr'><strong>quod</strong></span> <span class='ocrx_word' id='word_1_600' title='bbox 3358 3189 3594 3247; x_wconf 59' lang='lat' dir='ltr'><strong>haeredi-</strong></span> 
     </span>
    </p>
   </div>
   <div class='ocr_carea' id='block_1_78' title="bbox 2016 3280 3598 3352">
    <p class='ocr_par' dir='ltr' id='par_1_78' title="bbox 2016 3280 3598 3352">
     <span class='ocr_line' id='line_1_78' title="bbox 2016 3280 3598 3352; baseline 0.001 -16"><span class='ocrx_word' id='word_1_601' title='bbox 2016 3281 2142 3336; x_wconf 89' lang='lat' dir='ltr'><strong>tabo</strong></span> <span class='ocrx_word' id='word_1_602' title='bbox 2167 3283 2327 3337; x_wconf 87' lang='lat' dir='ltr'><strong>eam?</strong></span> <span class='ocrx_word' id='word_1_603' title='bbox 2350 3281 2495 3336; x_wconf 81' lang='lat' dir='ltr'><strong>Dixit</strong></span> <span class='ocrx_word' id='word_1_604' title='bbox 2516 3289 2697 3336; x_wconf 90' lang='lat' dir='ltr'><strong>autem</strong></span> <span class='ocrx_word' id='word_1_605' title='bbox 2714 3281 2762 3336; x_wconf 90' lang='lat' dir='ltr'><strong>ei</strong></span> <span class='ocrx_word' id='word_1_606' title='bbox 2783 3281 3006 3352; x_wconf 87' lang='lat' dir='ltr'><strong>:Accipe</strong></span> <span class='ocrx_word' id='word_1_607' title='bbox 3024 3280 3157 3335; x_wconf 89' lang='lat' dir='ltr'><strong>mihi</strong></span> <span class='ocrx_word' id='word_1_608' title='bbox 3180 3280 3409 3335; x_wconf 87' lang='lat' dir='ltr'><strong>vitulum</strong></span> <span class='ocrx_word' id='word_1_609' title='bbox 3429 3280 3598 3337; x_wconf 83' lang='lat' dir='ltr'><strong>trien-</strong></span> 
     </span>
    </p>
   </div>
   <div class='ocr_carea' id='block_1_79' title="bbox 2015 3371 3596 3445">
    <p class='ocr_par' dir='ltr' id='par_1_79' title="bbox 2015 3371 3596 3445">
     <span class='ocr_line' id='line_1_79' title="bbox 2015 3371 3596 3445; baseline 0.001 -20"><span class='ocrx_word' id='word_1_610' title='bbox 2015 3387 2163 3438; x_wconf 90' lang='lat' dir='ltr'><strong>nem,</strong></span> <span class='ocrx_word' id='word_1_611' title='bbox 2198 3384 2255 3429; x_wconf 92' lang='lat' dir='ltr'><strong>et</strong></span> <span class='ocrx_word' id='word_1_612' title='bbox 2294 3389 2517 3445; x_wconf 87' lang='lat' dir='ltr'><strong>caprum</strong></span> <span class='ocrx_word' id='word_1_613' title='bbox 2554 3372 2844 3435; x_wconf 89' lang='lat' dir='ltr'><strong>triennem,</strong></span> <span class='ocrx_word' id='word_1_614' title='bbox 2881 3383 2937 3428; x_wconf 91' lang='lat' dir='ltr'><strong>et</strong></span> <span class='ocrx_word' id='word_1_615' title='bbox 2976 3372 3201 3427; x_wconf 86' lang='lat' dir='ltr'><strong>arietem</strong></span> <span class='ocrx_word' id='word_1_616' title='bbox 3247 3371 3492 3436; x_wconf 86' lang='lat' dir='ltr'><strong>trimum,</strong></span> <span class='ocrx_word' id='word_1_617' title='bbox 3538 3378 3596 3427; x_wconf 85' lang='lat' dir='ltr'><strong>et</strong></span> 
     </span>
    </p>
   </div>
   <div class='ocr_carea' id='block_1_80' title="bbox 2016 3459 3590 3532">
    <p class='ocr_par' dir='ltr' id='par_1_80' title="bbox 2016 3459 3590 3532">
     <span class='ocr_line' id='line_1_80' title="bbox 2016 3459 3590 3532; baseline -0.004 -16"><span class='ocrx_word' id='word_1_618' title='bbox 2016 3469 2285 3520; x_wconf 89' lang='lat' dir='ltr'><strong>turturem</strong></span> <span class='ocrx_word' id='word_1_619' title='bbox 2315 3474 2370 3519; x_wconf 92' lang='lat' dir='ltr'><strong>et</strong></span> <span class='ocrx_word' id='word_1_620' title='bbox 2393 3462 2721 3520; x_wconf 84' lang='lat' dir='ltr'><strong>columbam.</strong></span> <span class='ocrx_word' id='word_1_621' title='bbox 2750 3461 2817 3516; x_wconf 86' lang='lat' dir='ltr'><strong>Et</strong></span> <span class='ocrx_word' id='word_1_622' title='bbox 2842 3463 3054 3532; x_wconf 89' lang='lat' dir='ltr'><strong>accepit</strong></span> <span class='ocrx_word' id='word_1_623' title='bbox 3081 3460 3188 3515; x_wconf 85' lang='lat' dir='ltr'><strong>sibi</strong></span> <span class='ocrx_word' id='word_1_624' title='bbox 3229 3459 3412 3516; x_wconf 89' lang='lat' dir='ltr'><strong>omnia</strong></span> <span class='ocrx_word' id='word_1_625' title='bbox 3437 3459 3554 3516; x_wconf 66' lang='lat' dir='ltr'><strong>haec</strong></span> <span class='ocrx_word' id='word_1_626' title='bbox 3578 3476 3590 3510; x_wconf 87' lang='lat'><strong>:</strong></span> 
     </span>
    </p>
   </div>
   <div class='ocr_carea' id='block_1_81' title="bbox 2013 3552 3590 3624">
    <p class='ocr_par' dir='ltr' id='par_1_81' title="bbox 2013 3552 3590 3624">
     <span class='ocr_line' id='line_1_81' title="bbox 2013 3552 3590 3624; baseline -0.002 -15"><span class='ocrx_word' id='word_1_627' title='bbox 2013 3563 2069 3610; x_wconf 87' lang='lat' dir='ltr'><strong>et</strong></span> <span class='ocrx_word' id='word_1_628' title='bbox 2088 3554 2276 3610; x_wconf 88' lang='lat' dir='ltr'><strong>divisit</strong></span> <span class='ocrx_word' id='word_1_629' title='bbox 2297 3571 2361 3611; x_wconf 87' lang='lat' dir='ltr'><strong>ea</strong></span> <span class='ocrx_word' id='word_1_630' title='bbox 2376 3554 2576 3618; x_wconf 89' lang='lat' dir='ltr'><strong>media,</strong></span> <span class='ocrx_word' id='word_1_631' title='bbox 2594 3562 2649 3609; x_wconf 90' lang='lat' dir='ltr'><strong>et</strong></span> <span class='ocrx_word' id='word_1_632' title='bbox 2667 3553 2850 3624; x_wconf 89' lang='lat' dir='ltr'><strong>posuit</strong></span> <span class='ocrx_word' id='word_1_633' title='bbox 2870 3569 2932 3608; x_wconf 90' lang='lat' dir='ltr'><strong>ea</strong></span> <span class='ocrx_word' id='word_1_634' title='bbox 2957 3553 3230 3608; x_wconf 89' lang='lat' dir='ltr'><strong>contraria</strong></span> <span class='ocrx_word' id='word_1_635' title='bbox 3251 3552 3316 3607; x_wconf 87' lang='lat' dir='ltr'><strong>ad</strong></span> <span class='ocrx_word' id='word_1_636' title='bbox 3336 3552 3590 3609; x_wconf 81' lang='lat' dir='ltr'><strong>invicem.</strong></span> 
     </span>
    </p>
   </div>
   <div class='ocr_carea' id='block_1_82' title="bbox 2013 3642 3594 3703">
    <p class='ocr_par' dir='ltr' id='par_1_82' title="bbox 2013 3642 3594 3703">
     <span class='ocr_line' id='line_1_82' title="bbox 2013 3642 3594 3703; baseline -0.001 -2"><span class='ocrx_word' id='word_1_637' title='bbox 2013 3645 2081 3702; x_wconf 80' lang='lat' dir='ltr'><strong>At</strong></span> <span class='ocrx_word' id='word_1_638' title='bbox 2108 3663 2236 3703; x_wconf 88' lang='lat' dir='ltr'><strong>aves</strong></span> <span class='ocrx_word' id='word_1_639' title='bbox 2273 3663 2381 3703; x_wconf 89' lang='lat' dir='ltr'><strong>non</strong></span> <span class='ocrx_word' id='word_1_640' title='bbox 2416 3646 2621 3701; x_wconf 79' lang='lat' dir='ltr'><strong>divisit.</strong></span> <span class='ocrx_word' id='word_1_641' title='bbox 2668 3645 3079 3701; x_wconf 82' lang='lat' dir='ltr'><strong>Descenderam</strong></span> <span class='ocrx_word' id='word_1_642' title='bbox 3109 3654 3291 3699; x_wconf 90' lang='lat' dir='ltr'><strong>autem</strong></span> <span class='ocrx_word' id='word_1_643' title='bbox 3342 3642 3594 3699; x_wconf 82' lang='lat' dir='ltr'><strong>volucres</strong></span> 
     </span>
    </p>
   </div>
   <div class='ocr_carea' id='block_1_83' title="bbox 2012 3733 3591 3811">
    <p class='ocr_par' dir='ltr' id='par_1_83' title="bbox 2012 3733 3591 3811">
     <span class='ocr_line' id='line_1_83' title="bbox 2012 3733 3591 3811; baseline -0.004 -16"><span class='ocrx_word' id='word_1_644' title='bbox 2012 3756 2175 3811; x_wconf 86' lang='lat' dir='ltr'><strong>supra</strong></span> <span class='ocrx_word' id='word_1_645' title='bbox 2206 3755 2435 3810; x_wconf 90' lang='lat' dir='ltr'><strong>corpora</strong></span> <span class='ocrx_word' id='word_1_646' title='bbox 2480 3747 2537 3793; x_wconf 88' lang='lat' dir='ltr'><strong>et</strong></span> <span class='ocrx_word' id='word_1_647' title='bbox 2565 3736 2864 3791; x_wconf 86' lang='lat' dir='ltr'><strong>divisiones</strong></span> <span class='ocrx_word' id='word_1_648' title='bbox 2890 3752 3102 3799; x_wconf 91' lang='lat' dir='ltr'><strong>eorum,</strong></span> <span class='ocrx_word' id='word_1_649' title='bbox 3129 3744 3185 3790; x_wconf 91' lang='lat' dir='ltr'><strong>et</strong></span> <span class='ocrx_word' id='word_1_650' title='bbox 3203 3734 3345 3789; x_wconf 87' lang='lat' dir='ltr'><strong>sedit</strong></span> <span class='ocrx_word' id='word_1_651' title='bbox 3370 3749 3494 3787; x_wconf 90' lang='lat' dir='ltr'><strong>cum</strong></span> <span class='ocrx_word' id='word_1_652' title='bbox 3511 3733 3591 3788; x_wconf 83' lang='lat' dir='ltr'><strong>eis</strong></span> 
     </span>
    </p>
   </div>
   <div class='ocr_carea' id='block_1_84' title="bbox 2011 3823 3591 3887">
    <p class='ocr_par' dir='ltr' id='par_1_84' title="bbox 2011 3823 3591 3887">
     <span class='ocr_line' id='line_1_84' title="bbox 2011 3823 3591 3887; baseline -0.007 0"><span class='ocrx_word' id='word_1_653' title='bbox 2011 3831 2304 3887; x_wconf 82' lang='lat' dir='ltr'><strong>Abraham.</strong></span> <span class='ocrx_word' id='word_1_654' title='bbox 2335 3829 2491 3886; x_wconf 91' lang='lat' dir='ltr'><strong>Circa</strong></span> <span class='ocrx_word' id='word_1_655' title='bbox 2529 3837 2712 3884; x_wconf 89' lang='lat' dir='ltr'><strong>autem</strong></span> <span class='ocrx_word' id='word_1_656' title='bbox 2744 3828 2876 3883; x_wconf 87' lang='lat' dir='ltr'><strong>solis</strong></span> <span class='ocrx_word' id='word_1_657' title='bbox 2900 3840 3152 3882; x_wconf 85' lang='lat' dir='ltr'><strong>occasum</strong></span> <span class='ocrx_word' id='word_1_658' title='bbox 3193 3824 3424 3878; x_wconf 79' lang='lat' dir='ltr'><strong>exstasis</strong></span> <span class='ocrx_word' id='word_1_659' title='bbox 3446 3823 3591 3878; x_wconf 86' lang='lat' dir='ltr'><strong>ceci-</strong></span> 
     </span>
    </p>
   </div>
   <div class='ocr_carea' id='block_1_85' title="bbox 2010 3911 3592 3990">
    <p class='ocr_par' dir='ltr' id='par_1_85' title="bbox 2010 3911 3592 3990">
     <span class='ocr_line' id='line_1_85' title="bbox 2010 3911 3592 3990; baseline -0.004 -16"><span class='ocrx_word' id='word_1_660' title='bbox 2010 3920 2093 3976; x_wconf 89' lang='lat' dir='ltr'><strong>dit</strong></span> <span class='ocrx_word' id='word_1_661' title='bbox 2117 3935 2283 3990; x_wconf 87' lang='lat' dir='ltr'><strong>supra</strong></span> <span class='ocrx_word' id='word_1_662' title='bbox 2322 3919 2619 3983; x_wconf 79' lang='lat' dir='ltr'><strong>Abraham,</strong></span> <span class='ocrx_word' id='word_1_663' title='bbox 2657 3925 2713 3970; x_wconf 89' lang='lat' dir='ltr'><strong>et</strong></span> <span class='ocrx_word' id='word_1_664' title='bbox 2738 3932 2866 3971; x_wconf 91' lang='lat' dir='ltr'><strong>ecce</strong></span> <span class='ocrx_word' id='word_1_665' title='bbox 2897 3916 3073 3982; x_wconf 84' lang='lat' dir='ltr'><strong>caligo</strong></span> <span class='ocrx_word' id='word_1_666' title='bbox 3114 3911 3402 3966; x_wconf 84' lang='lat' dir='ltr'><strong>tenebrosa</strong></span> <span class='ocrx_word' id='word_1_667' title='bbox 3433 3911 3592 3968; x_wconf 84' lang='lat' dir='ltr'><strong>irruit</strong></span> 
     </span>
    </p>
   </div>
   <div class='ocr_carea' id='block_1_86' title="bbox 2012 3999 3594 4075">
    <p class='ocr_par' dir='ltr' id='par_1_86' title="bbox 2012 3999 3594 4075">
     <span class='ocr_line' id='line_1_86' title="bbox 2012 3999 3594 4075; baseline -0.003 -13"><span class='ocrx_word' id='word_1_668' title='bbox 2012 4010 2068 4063; x_wconf 90' lang='lat' dir='ltr'><strong>in</strong></span> <span class='ocrx_word' id='word_1_669' title='bbox 2098 4025 2254 4075; x_wconf 90' lang='lat' dir='ltr'><strong>eum;</strong></span> <span class='ocrx_word' id='word_1_670' title='bbox 2303 4017 2359 4063; x_wconf 87' lang='lat' dir='ltr'><strong>et</strong></span> <span class='ocrx_word' id='word_1_671' title='bbox 2405 4009 2612 4063; x_wconf 89' lang='lat' dir='ltr'><strong>dictum</strong></span> <span class='ocrx_word' id='word_1_672' title='bbox 2653 4013 2739 4059; x_wconf 92' lang='lat' dir='ltr'><strong>est</strong></span> <span class='ocrx_word' id='word_1_673' title='bbox 2784 4004 2853 4057; x_wconf 88' lang='lat' dir='ltr'><strong>ad</strong></span> <span class='ocrx_word' id='word_1_674' title='bbox 2907 4002 3178 4057; x_wconf 80' lang='lat' dir='ltr'><strong>Abraham</strong></span> <span class='ocrx_word' id='word_1_675' title='bbox 3210 3999 3594 4071; x_wconf 84' lang='lat' dir='ltr'><strong>:Cognoscens</strong></span> 
     </span>
    </p>
   </div>
   <div class='ocr_carea' id='block_1_87' title="bbox 2011 4091 3602 4168">
    <p class='ocr_par' dir='ltr' id='par_1_87' title="bbox 2011 4091 3602 4168">
     <span class='ocr_line' id='line_1_87' title="bbox 2011 4091 3602 4168; baseline -0.003 -15"><span class='ocrx_word' id='word_1_676' title='bbox 2011 4099 2170 4162; x_wconf 91' lang='lat' dir='ltr'><strong>scies,</strong></span> <span class='ocrx_word' id='word_1_677' title='bbox 2199 4098 2346 4168; x_wconf 86' lang='lat' dir='ltr'><strong>quod</strong></span> <span class='ocrx_word' id='word_1_678' title='bbox 2390 4095 2740 4167; x_wconf 89' lang='lat' dir='ltr'><strong>peregrinum</strong></span> <span class='ocrx_word' id='word_1_679' title='bbox 2781 4093 2888 4148; x_wconf 89' lang='lat' dir='ltr'><strong>erit</strong></span> <span class='ocrx_word' id='word_1_680' title='bbox 2931 4108 3118 4147; x_wconf 90' lang='lat' dir='ltr'><strong>semen</strong></span> <span class='ocrx_word' id='word_1_681' title='bbox 3154 4098 3307 4146; x_wconf 88' lang='lat' dir='ltr'><strong>tuum</strong></span> <span class='ocrx_word' id='word_1_682' title='bbox 3342 4091 3398 4146; x_wconf 89' lang='lat' dir='ltr'><strong>in</strong></span> <span class='ocrx_word' id='word_1_683' title='bbox 3446 4101 3602 4166; x_wconf 24' lang='lat' dir='ltr'><strong>terra,</strong></span> 
     </span>
    </p>
   </div>
   <div class='ocr_carea' id='block_1_88' title="bbox 2010 4183 3593 4260">
    <p class='ocr_par' dir='ltr' id='par_1_88' title="bbox 2010 4183 3593 4260">
     <span class='ocr_line' id='line_1_88' title="bbox 2010 4183 3593 4260; baseline -0.002 -15"><span class='ocrx_word' id='word_1_684' title='bbox 2010 4206 2119 4245; x_wconf 90' lang='lat' dir='ltr'><strong>non</strong></span> <span class='ocrx_word' id='word_1_685' title='bbox 2146 4205 2264 4253; x_wconf 84' lang='lat' dir='ltr'><strong>sua,</strong></span> <span class='ocrx_word' id='word_1_686' title='bbox 2295 4198 2350 4245; x_wconf 90' lang='lat' dir='ltr'><strong>et</strong></span> <span class='ocrx_word' id='word_1_687' title='bbox 2387 4187 2682 4260; x_wconf 85' lang='lat' dir='ltr'><strong>subjicient</strong></span> <span class='ocrx_word' id='word_1_688' title='bbox 2709 4184 2963 4243; x_wconf 76' lang='lat' dir='ltr'><strong>servituti</strong></span> <span class='ocrx_word' id='word_1_689' title='bbox 3003 4200 3118 4250; x_wconf 88' lang='lat' dir='ltr'><strong>eos,</strong></span> <span class='ocrx_word' id='word_1_690' title='bbox 3145 4194 3200 4239; x_wconf 93' lang='lat' dir='ltr'><strong>et</strong></span> <span class='ocrx_word' id='word_1_691' title='bbox 3230 4183 3489 4255; x_wconf 84' lang='lat' dir='ltr'><strong>allligent,</strong></span> <span class='ocrx_word' id='word_1_692' title='bbox 3535 4195 3593 4242; x_wconf 84' lang='lat' dir='ltr'><strong>et</strong></span> 
     </span>
    </p>
   </div>
   <div class='ocr_carea' id='block_1_89' title="bbox 2010 4275 3591 4348">
    <p class='ocr_par' dir='ltr' id='par_1_89' title="bbox 2010 4275 3591 4348">
     <span class='ocr_line' id='line_1_89' title="bbox 2010 4275 3591 4348; baseline -0.003 -11"><span class='ocrx_word' id='word_1_693' title='bbox 2010 4281 2374 4337; x_wconf 89' lang='lat' dir='ltr'><strong>humiliabunt</strong></span> <span class='ocrx_word' id='word_1_694' title='bbox 2400 4279 2559 4334; x_wconf 89' lang='lat' dir='ltr'><strong>annis</strong></span> <span class='ocrx_word' id='word_1_695' title='bbox 2573 4278 2987 4348; x_wconf 84' lang='lat' dir='ltr'><strong>quadringentis</strong></span> <span class='ocrx_word' id='word_1_696' title='bbox 3011 4295 3023 4331; x_wconf 90' lang='lat'><strong>:</strong></span> <span class='ocrx_word' id='word_1_697' title='bbox 3042 4285 3096 4331; x_wconf 90' lang='lat' dir='ltr'><strong>et</strong></span> <span class='ocrx_word' id='word_1_698' title='bbox 3110 4284 3348 4346; x_wconf 84' lang='lat' dir='ltr'><strong>gentem,</strong></span> <span class='ocrx_word' id='word_1_699' title='bbox 3367 4275 3457 4331; x_wconf 88' lang='lat' dir='ltr'><strong>cui</strong></span> <span class='ocrx_word' id='word_1_700' title='bbox 3471 4291 3591 4332; x_wconf 88' lang='lat' dir='ltr'><strong>ser-</strong></span> 
     </span>
    </p>
   </div>
   <div class='ocr_carea' id='block_1_90' title="bbox 2008 4366 3590 4444">
    <p class='ocr_par' dir='ltr' id='par_1_90' title="bbox 2008 4366 3590 4444">
     <span class='ocr_line' id='line_1_90' title="bbox 2008 4366 3590 4444; baseline -0.003 -18"><span class='ocrx_word' id='word_1_701' title='bbox 2008 4373 2179 4438; x_wconf 90' lang='lat' dir='ltr'><strong>vient,</strong></span> <span class='ocrx_word' id='word_1_702' title='bbox 2223 4387 2326 4444; x_wconf 89' lang='lat' dir='ltr'><strong>ego</strong></span> <span class='ocrx_word' id='word_1_703' title='bbox 2370 4370 2646 4442; x_wconf 87' lang='lat' dir='ltr'><strong>judicabo.</strong></span> <span class='ocrx_word' id='word_1_704' title='bbox 2690 4369 2818 4425; x_wconf 88' lang='lat' dir='ltr'><strong>Post</strong></span> <span class='ocrx_word' id='word_1_705' title='bbox 2865 4369 2981 4423; x_wconf 67' lang='lat' dir='ltr'><strong>haec</strong></span> <span class='ocrx_word' id='word_1_706' title='bbox 3008 4376 3189 4422; x_wconf 86' lang='lat' dir='ltr'><strong>autem</strong></span> <span class='ocrx_word' id='word_1_707' title='bbox 3239 4366 3590 4438; x_wconf 84' lang='lat' dir='ltr'><strong>egredientnr</strong></span> 
     </span>
    </p>
   </div>
   <div class='ocr_carea' id='block_1_91' title="bbox 2009 4457 3593 4532">
    <p class='ocr_par' dir='ltr' id='par_1_91' title="bbox 2009 4457 3593 4532">
     <span class='ocr_line' id='line_1_91' title="bbox 2009 4457 3593 4532; baseline -0.004 -12"><span class='ocrx_word' id='word_1_708' title='bbox 2009 4466 2116 4520; x_wconf 78' lang='lat' dir='ltr'><strong>huc</strong></span> <span class='ocrx_word' id='word_1_709' title='bbox 2146 4480 2271 4519; x_wconf 90' lang='lat' dir='ltr'><strong>cum</strong></span> <span class='ocrx_word' id='word_1_710' title='bbox 2295 4461 2622 4532; x_wconf 88' lang='lat' dir='ltr'><strong>supellectili</strong></span> <span class='ocrx_word' id='word_1_711' title='bbox 2645 4461 2834 4515; x_wconf 87' lang='lat' dir='ltr'><strong>multa.</strong></span> <span class='ocrx_word' id='word_1_712' title='bbox 2863 4458 2943 4513; x_wconf 88' lang='lat' dir='ltr'><strong>Tu</strong></span> <span class='ocrx_word' id='word_1_713' title='bbox 2975 4466 3157 4512; x_wconf 89' lang='lat' dir='ltr'><strong>autem</strong></span> <span class='ocrx_word' id='word_1_714' title='bbox 3185 4457 3290 4513; x_wconf 90' lang='lat' dir='ltr'><strong>ibis</strong></span> <span class='ocrx_word' id='word_1_715' title='bbox 3315 4457 3380 4512; x_wconf 87' lang='lat' dir='ltr'><strong>ad</strong></span> <span class='ocrx_word' id='word_1_716' title='bbox 3408 4466 3593 4528; x_wconf 81' lang='lat' dir='ltr'><strong>patres</strong></span> 
     </span>
    </p>
   </div>
   <div class='ocr_carea' id='block_1_92' title="bbox 325 4548 1912 4652">
    <p class='ocr_par' dir='ltr' id='par_1_92' title="bbox 325 4550 1905 4625">
     <span class='ocr_line' id='line_1_92' title="bbox 325 4550 1905 4625; baseline 0.003 -21"><span class='ocrx_word' id='word_1_717' title='bbox 325 4550 430 4604; x_wconf 69' lang='grc' dir='ltr'>τὸν</span> <span class='ocrx_word' id='word_1_718' title='bbox 477 4550 748 4623; x_wconf 78' lang='grc' dir='ltr'>Ἀϐραὰμ,</span> <span class='ocrx_word' id='word_1_719' title='bbox 775 4554 868 4608; x_wconf 76' lang='grc' dir='ltr'>καὶ</span> <span class='ocrx_word' id='word_1_720' title='bbox 901 4555 1010 4608; x_wconf 75' lang='grc' dir='ltr'>ίδοὺ</span> <span class='ocrx_word' id='word_1_721' title='bbox 1044 4555 1207 4623; x_wconf 73' lang='grc' dir='ltr'>φόϐος</span> <span class='ocrx_word' id='word_1_722' title='bbox 1227 4555 1498 4618; x_wconf 78' lang='grc' dir='ltr'>σκοτεινὸς</span> <span class='ocrx_word' id='word_1_723' title='bbox 1529 4555 1700 4625; x_wconf 79' lang='grc' dir='ltr'>μέγας</span> <span class='ocrx_word' id='word_1_724' title='bbox 1717 4555 1905 4608; x_wconf 68' lang='grc' dir='ltr'>ἐπιπί-</span> 
     </span>
    </p>
   </div>
   <div class='ocr_carea' id='block_1_93' title="bbox 2013 4548 3590 4652">
    <p class='ocr_par' dir='ltr' id='par_1_93' title="bbox 2013 4548 3590 4623">
     <span class='ocr_line' id='line_1_93' title="bbox 2013 4548 3590 4623; baseline -0.004 -12"><span class='ocrx_word' id='word_1_725' title='bbox 2013 4564 2134 4610; x_wconf 92' lang='lat' dir='ltr'><strong>tuos</strong></span> <span class='ocrx_word' id='word_1_726' title='bbox 2157 4569 2282 4609; x_wconf 89' lang='lat' dir='ltr'><strong>eum</strong></span> <span class='ocrx_word' id='word_1_727' title='bbox 2315 4567 2471 4623; x_wconf 84' lang='lat' dir='ltr'><strong>pace,</strong></span> <span class='ocrx_word' id='word_1_728' title='bbox 2503 4552 2750 4622; x_wconf 87' lang='lat' dir='ltr'><strong>sepultus</strong></span> <span class='ocrx_word' id='word_1_729' title='bbox 2786 4552 2842 4605; x_wconf 90' lang='lat' dir='ltr'><strong>in</strong></span> <span class='ocrx_word' id='word_1_730' title='bbox 2876 4558 3157 4605; x_wconf 88' lang='lat' dir='ltr'><strong>senectute</strong></span> <span class='ocrx_word' id='word_1_731' title='bbox 3192 4551 3356 4605; x_wconf 84' lang='lat' dir='ltr'><strong>bona.</strong></span> <span class='ocrx_word' id='word_1_732' title='bbox 3385 4548 3590 4616; x_wconf 79' lang='lat' dir='ltr'><strong>Quarta</strong></span> 
     </span>
    </p>
   </div>
   <div class='ocr_carea' id='block_1_94' title="bbox 327 4639 1912 4716">
    <p class='ocr_par' dir='ltr' id='par_1_94' title="bbox 327 4641 1907 4716">
     <span class='ocr_line' id='line_1_94' title="bbox 327 4641 1907 4716; baseline 0.003 -23"><span class='ocrx_word' id='word_1_733' title='bbox 327 4657 460 4701; x_wconf 76' lang='grc' dir='ltr'>πτει</span> <span class='ocrx_word' id='word_1_734' title='bbox 503 4641 669 4714; x_wconf 77' lang='grc' dir='ltr'>αὐτῷ.</span> <span class='ocrx_word' id='word_1_735' title='bbox 718 4645 830 4698; x_wconf 78' lang='grc' dir='ltr'><strong>Καὶ</strong></span> <span class='ocrx_word' id='word_1_736' title='bbox 866 4644 1065 4716; x_wconf 50' lang='lat' dir='ltr'><strong>appeal}</strong></span> <span class='ocrx_word' id='word_1_737' title='bbox 1104 4643 1242 4712; x_wconf 74' lang='grc' dir='ltr'>πρὸς</span> <span class='ocrx_word' id='word_1_738' title='bbox 1285 4643 1559 4715; x_wconf 70' lang='grc' dir='ltr'>Ἀϐραάμ·</span> <span class='ocrx_word' id='word_1_739' title='bbox 1612 4645 1907 4698; x_wconf 84' lang='grc' dir='ltr'>Γινώσκων</span> 
     </span>
    </p>
   </div>
   <div class='ocr_carea' id='block_1_95' title="bbox 2013 4639 3586 4716">
    <p class='ocr_par' dir='ltr' id='par_1_95' title="bbox 2013 4639 3586 4714">
     <span class='ocr_line' id='line_1_95' title="bbox 2013 4639 3586 4714; baseline -0.005 -12"><span class='ocrx_word' id='word_1_740' title='bbox 2013 4655 2190 4702; x_wconf 87' lang='lat' dir='ltr'><strong>autem</strong></span> <span class='ocrx_word' id='word_1_741' title='bbox 2221 4643 2573 4714; x_wconf 78' lang='lat' dir='ltr'><strong>generatione</strong></span> <span class='ocrx_word' id='word_1_742' title='bbox 2606 4648 2950 4696; x_wconf 84' lang='lat' dir='ltr'><strong>revertentur</strong></span> <span class='ocrx_word' id='word_1_743' title='bbox 2990 4639 3116 4695; x_wconf 88' lang='lat' dir='ltr'><strong>huc.</strong></span> <span class='ocrx_word' id='word_1_744' title='bbox 3147 4640 3399 4696; x_wconf 85' lang='lat' dir='ltr'><strong>Nondum</strong></span> <span class='ocrx_word' id='word_1_745' title='bbox 3441 4641 3586 4696; x_wconf 90' lang='lat' dir='ltr'><strong>enim</strong></span> 
     </span>
    </p>
   </div>
   <div class='ocr_carea' id='block_1_96' title="bbox 324 4731 1906 4808">
    <p class='ocr_par' dir='ltr' id='par_1_96' title="bbox 324 4731 1906 4808">
     <span class='ocr_line' id='line_1_96' title="bbox 324 4731 1906 4808; baseline 0.004 -23"><span class='ocrx_word' id='word_1_746' title='bbox 324 4731 636 4803; x_wconf 52' lang='lat' dir='ltr'><strong>rubonﬁu</strong></span> <span class='ocrx_word' id='word_1_747' title='bbox 669 4734 932 4807; x_wconf 75' lang='grc' dir='ltr'>πάροικον</span> <span class='ocrx_word' id='word_1_748' title='bbox 953 4736 1108 4789; x_wconf 72' lang='grc' dir='ltr'>ἔσται</span> <span class='ocrx_word' id='word_1_749' title='bbox 1141 4735 1204 4789; x_wconf 80' lang='grc' dir='ltr'>τὸ</span> <span class='ocrx_word' id='word_1_750' title='bbox 1231 4735 1454 4808; x_wconf 82' lang='grc' dir='ltr'>σπέρμα</span> <span class='ocrx_word' id='word_1_751' title='bbox 1492 4753 1584 4789; x_wconf 89' lang='grc' dir='ltr'><strong>σου</strong></span> <span class='ocrx_word' id='word_1_752' title='bbox 1614 4737 1671 4789; x_wconf 78' lang='grc' dir='ltr'>ὲν</span> <span class='ocrx_word' id='word_1_753' title='bbox 1701 4739 1772 4807; x_wconf 79' lang='grc' dir='ltr'><strong>γῇ</strong></span> <span class='ocrx_word' id='word_1_754' title='bbox 1803 4737 1906 4791; x_wconf 73' lang='grc' dir='ltr'>οὐκ</span> 
     </span>
    </p>
   </div>
   <div class='ocr_carea' id='block_1_97' title="bbox 326 4823 1903 4894">
    <p class='ocr_par' dir='ltr' id='par_1_97' title="bbox 326 4823 1903 4894">
     <span class='ocr_line' id='line_1_97' title="bbox 326 4823 1903 4894; baseline 0.002 -17"><span class='ocrx_word' id='word_1_755' title='bbox 326 4824 461 4894; x_wconf 71' lang='grc' dir='ltr'>ἰδίᾳ,</span> <span class='ocrx_word' id='word_1_756' title='bbox 482 4823 576 4877; x_wconf 73' lang='grc' dir='ltr'>καὶ</span> <span class='ocrx_word' id='word_1_757' title='bbox 589 4824 947 4879; x_wconf 81' lang='grc' dir='ltr'>δουλώσουσιν</span> <span class='ocrx_word' id='word_1_758' title='bbox 970 4827 1186 4891; x_wconf 79' lang='grc' dir='ltr'>αὐτοὺς,</span> <span class='ocrx_word' id='word_1_759' title='bbox 1211 4827 1305 4882; x_wconf 64' lang='grc' dir='ltr'>καὶ</span> <span class='ocrx_word' id='word_1_760' title='bbox 1333 4828 1674 4882; x_wconf 81' lang='grc' dir='ltr'>κακώσουσιν</span> <span class='ocrx_word' id='word_1_761' title='bbox 1703 4827 1903 4892; x_wconf 76' lang='grc' dir='ltr'>αὐτοὺς</span> 
     </span>
    </p>
   </div>
   <div class='ocr_carea' id='block_1_98' title="bbox 322 4913 1906 4992">
    <p class='ocr_par' dir='ltr' id='par_1_98' title="bbox 322 4913 1906 4992">
     <span class='ocr_line' id='line_1_98' title="bbox 322 4913 1906 4992; baseline 0.003 -23"><span class='ocrx_word' id='word_1_762' title='bbox 322 4916 423 4986; x_wconf 75' lang='grc' dir='ltr'><strong>ἔτη</strong></span> <span class='ocrx_word' id='word_1_763' title='bbox 452 4917 799 4985; x_wconf 80' lang='grc' dir='ltr'>τετρακόσια.</span> <span class='ocrx_word' id='word_1_764' title='bbox 836 4917 911 4972; x_wconf 80' lang='grc' dir='ltr'>Τὸ</span> <span class='ocrx_word' id='word_1_765' title='bbox 940 4919 998 4972; x_wconf 79' lang='grc' dir='ltr'>δὲ</span> <span class='ocrx_word' id='word_1_766' title='bbox 1027 4918 1180 4982; x_wconf 75' lang='grc' dir='ltr'>εθνος</span> <span class='ocrx_word' id='word_1_767' title='bbox 1207 4913 1252 4987; x_wconf 79' lang='grc' dir='ltr'><strong>ᾧ</strong></span> <span class='ocrx_word' id='word_1_768' title='bbox 1285 4920 1380 4974; x_wconf 64' lang='grc' dir='ltr'>ἐὰν</span> <span class='ocrx_word' id='word_1_769' title='bbox 1410 4919 1756 4986; x_wconf 79' lang='grc' dir='ltr'>ϐουλεύσωσι,</span> <span class='ocrx_word' id='word_1_770' title='bbox 1786 4937 1906 4992; x_wconf 87' lang='grc' dir='ltr'>κρι-</span> 
     </span>
    </p>
   </div>
   <div class='ocr_carea' id='block_1_99' title="bbox 320 5005 1905 5082">
    <p class='ocr_par' dir='ltr' id='par_1_99' title="bbox 320 5005 1905 5082">
     <span class='ocr_line' id='line_1_99' title="bbox 320 5005 1905 5082; baseline 0.003 -23"><span class='ocrx_word' id='word_1_771' title='bbox 320 5006 400 5062; x_wconf 80' lang='grc' dir='ltr'><strong>νῶ</strong></span> <span class='ocrx_word' id='word_1_772' title='bbox 425 5005 556 5073; x_wconf 70' lang='grc' dir='ltr'>ἐγώ.</span> <span class='ocrx_word' id='word_1_773' title='bbox 585 5008 741 5062; x_wconf 77' lang='grc' dir='ltr'>Μιτά</span> <span class='ocrx_word' id='word_1_774' title='bbox 773 5008 830 5061; x_wconf 72' lang='grc' dir='ltr'>δὲ</span> <span class='ocrx_word' id='word_1_775' title='bbox 866 5008 1042 5063; x_wconf 79' lang='grc' dir='ltr'>ταῦτα</span> <span class='ocrx_word' id='word_1_776' title='bbox 1070 5009 1442 5074; x_wconf 75' lang='grc' dir='ltr'>ἐξελεύσονται</span> <span class='ocrx_word' id='word_1_777' title='bbox 1474 5005 1576 5066; x_wconf 82' lang='grc' dir='ltr'>ὧδε</span> <span class='ocrx_word' id='word_1_778' title='bbox 1610 5011 1748 5082; x_wconf 84' lang='grc' dir='ltr'><strong>μετά</strong></span> <span class='ocrx_word' id='word_1_779' title='bbox 1769 5014 1905 5064; x_wconf 81' lang='grc' dir='ltr'>ἀπο-</span> 
     </span>
    </p>
   </div>
   <div class='ocr_carea' id='block_1_100' title="bbox 323 5097 1906 5175">
    <p class='ocr_par' dir='ltr' id='par_1_100' title="bbox 323 5097 1906 5175">
     <span class='ocr_line' id='line_1_100' title="bbox 323 5097 1906 5175; baseline 0.004 -26"><span class='ocrx_word' id='word_1_780' title='bbox 323 5097 530 5167; x_wconf 73' lang='grc' dir='ltr'>σκευῆς</span> <span class='ocrx_word' id='word_1_781' title='bbox 559 5097 781 5169; x_wconf 85' lang='grc' dir='ltr'>πολλῆς.</span> <span class='ocrx_word' id='word_1_782' title='bbox 809 5101 884 5154; x_wconf 78' lang='grc' dir='ltr'>Σὺ</span> <span class='ocrx_word' id='word_1_783' title='bbox 914 5101 972 5154; x_wconf 75' lang='grc' dir='ltr'>δὲ</span> <span class='ocrx_word' id='word_1_784' title='bbox 1005 5101 1284 5174; x_wconf 75' lang='grc' dir='ltr'>ἀπελεύσῃ</span> <span class='ocrx_word' id='word_1_785' title='bbox 1327 5103 1461 5175; x_wconf 73' lang='grc' dir='ltr'>πρὸς</span> <span class='ocrx_word' id='word_1_786' title='bbox 1493 5104 1624 5167; x_wconf 78' lang='grc' dir='ltr'>τοὺς</span> <span class='ocrx_word' id='word_1_787' title='bbox 1662 5102 1906 5173; x_wconf 85' lang='grc' dir='ltr'>πατέρας</span> 
     </span>
    </p>
   </div>
   <div class='ocr_carea' id='block_1_101' title="bbox 323 5190 1904 5266">
    <p class='ocr_par' dir='ltr' id='par_1_101' title="bbox 323 5190 1904 5266">
     <span class='ocr_line' id='line_1_101' title="bbox 323 5190 1904 5266; baseline 0.004 -26"><span class='ocrx_word' id='word_1_788' title='bbox 323 5205 422 5240; x_wconf 87' lang='grc' dir='ltr'><strong>σου</strong></span> <span class='ocrx_word' id='word_1_789' title='bbox 462 5190 578 5258; x_wconf 79' lang='grc' dir='ltr'>μετ’</span> <span class='ocrx_word' id='word_1_790' title='bbox 611 5191 858 5262; x_wconf 81' lang='grc' dir='ltr'>είρήνης,</span> <span class='ocrx_word' id='word_1_791' title='bbox 893 5194 1123 5264; x_wconf 67' lang='grc' dir='ltr'>τραφεὶς</span> <span class='ocrx_word' id='word_1_792' title='bbox 1156 5195 1220 5247; x_wconf 75' lang='grc' dir='ltr'>ὲν</span> <span class='ocrx_word' id='word_1_793' title='bbox 1252 5196 1412 5265; x_wconf 82' lang='grc' dir='ltr'>γήρει</span> <span class='ocrx_word' id='word_1_794' title='bbox 1457 5195 1628 5265; x_wconf 83' lang='grc' dir='ltr'>καλῷ.</span> <span class='ocrx_word' id='word_1_795' title='bbox 1656 5195 1904 5266; x_wconf 82' lang='grc' dir='ltr'>Τετάρτῃ</span> 
     </span>
    </p>
   </div>
   <div class='ocr_carea' id='block_1_102' title="bbox 319 5276 1909 5354">
    <p class='ocr_par' dir='ltr' id='par_1_102' title="bbox 319 5276 1909 5354">
     <span class='ocr_line' id='line_1_102' title="bbox 319 5276 1909 5354; baseline 0.004 -25"><span class='ocrx_word' id='word_1_796' title='bbox 319 5276 382 5329; x_wconf 74' lang='grc' dir='ltr'>δὲ</span> <span class='ocrx_word' id='word_1_797' title='bbox 422 5278 605 5348; x_wconf 75' lang='grc' dir='ltr'>γενεᾷ,</span> <span class='ocrx_word' id='word_1_798' title='bbox 645 5280 1162 5353; x_wconf 80' lang='grc' dir='ltr'>ἀποστραφήσονται</span> <span class='ocrx_word' id='word_1_799' title='bbox 1200 5281 1323 5337; x_wconf 88' lang='grc' dir='ltr'>ὧδε.</span> <span class='ocrx_word' id='word_1_800' title='bbox 1367 5281 1535 5336; x_wconf 74' lang='grc' dir='ltr'>υΰπω</span> <span class='ocrx_word' id='word_1_801' title='bbox 1569 5282 1678 5354; x_wconf 81' lang='grc' dir='ltr'>γὰρ</span> <span class='ocrx_word' id='word_1_802' title='bbox 1711 5285 1909 5336; x_wconf 84' lang='grc' dir='ltr'>ἀναπε-</span> 
     </span>
    </p>
   </div>
   <div class='ocr_carea' id='block_1_103' title="bbox 323 5368 1898 5447">
    <p class='ocr_par' dir='ltr' id='par_1_103' title="bbox 323 5368 1898 5447">
     <span class='ocr_line' id='line_1_103' title="bbox 323 5368 1898 5447; baseline 0.005 -26"><span class='ocrx_word' id='word_1_803' title='bbox 323 5368 642 5441; x_wconf 72' lang='grc' dir='ltr'>πλήρωνται</span> <span class='ocrx_word' id='word_1_804' title='bbox 696 5373 754 5426; x_wconf 87' lang='grc' dir='ltr'><strong>αί</strong></span> <span class='ocrx_word' id='word_1_805' title='bbox 802 5374 1071 5445; x_wconf 83' lang='grc' dir='ltr'>ἁμαρτίαι</span> <span class='ocrx_word' id='word_1_806' title='bbox 1114 5374 1223 5428; x_wconf 87' lang='grc' dir='ltr'><strong>τῶν</strong></span> <span class='ocrx_word' id='word_1_807' title='bbox 1267 5373 1612 5447; x_wconf 73' lang='grc' dir='ltr'>Ἀμορραίων</span> <span class='ocrx_word' id='word_1_808' title='bbox 1665 5374 1768 5439; x_wconf 78' lang='grc' dir='ltr'>ἕως</span> <span class='ocrx_word' id='word_1_809' title='bbox 1807 5377 1898 5429; x_wconf 81' lang='grc' dir='ltr'><strong>τοῦ</strong></span> 
     </span>
    </p>
   </div>
   <div class='ocr_carea' id='block_1_104' title="bbox 318 5460 1899 5538">
    <p class='ocr_par' dir='ltr' id='par_1_104' title="bbox 318 5460 1899 5538">
     <span class='ocr_line' id='line_1_104' title="bbox 318 5460 1899 5538; baseline 0.013 -27"><span class='ocrx_word' id='word_1_810' title='bbox 318 5460 441 5513; x_wconf 73' lang='grc' dir='ltr'>νῦν.</span> <span class='ocrx_word' id='word_1_811' title='bbox 484 5461 704 5534; x_wconf 76' lang='grc' dir='ltr'>Ἐπειδὴ</span> <span class='ocrx_word' id='word_1_812' title='bbox 745 5464 802 5517; x_wconf 76' lang='grc' dir='ltr'>δὲ</span> <span class='ocrx_word' id='word_1_813' title='bbox 842 5465 1060 5534; x_wconf 78' lang='grc' dir='ltr'>ἐγένετο</span> <span class='ocrx_word' id='word_1_814' title='bbox 1091 5469 1119 5520; x_wconf 86' lang='lat'><strong>6</strong></span> <span class='ocrx_word' id='word_1_815' title='bbox 1151 5467 1303 5537; x_wconf 77' lang='grc' dir='ltr'>ἥλιος</span> <span class='ocrx_word' id='word_1_816' title='bbox 1339 5467 1473 5537; x_wconf 81' lang='grc' dir='ltr'>πρὸς</span> <span class='ocrx_word' id='word_1_817' title='bbox 1505 5467 1732 5538; x_wconf 71' lang='grc' dir='ltr'>δυσμὰς,</span> <span class='ocrx_word' id='word_1_818' title='bbox 1770 5467 1899 5538; x_wconf 56' lang='grc' dir='ltr'>φλὸξ</span> 
     </span>
    </p>
   </div>
   <div class='ocr_carea' id='block_1_105' title="bbox 320 5549 1898 5628">
    <p class='ocr_par' dir='ltr' id='par_1_105' title="bbox 320 5549 1898 5628">
     <span class='ocr_line' id='line_1_105' title="bbox 320 5549 1898 5628; baseline 0.007 -26"><span class='ocrx_word' id='word_1_819' title='bbox 320 5549 563 5617; x_wconf 71' lang='grc' dir='ltr'>ἐγένετο.</span> <span class='ocrx_word' id='word_1_820' title='bbox 595 5554 708 5607; x_wconf 71' lang='grc' dir='ltr'><strong>Καὶ</strong></span> <span class='ocrx_word' id='word_1_821' title='bbox 744 5553 853 5609; x_wconf 71' lang='grc' dir='ltr'>ἰδοὺ</span> <span class='ocrx_word' id='word_1_822' title='bbox 883 5555 1135 5620; x_wconf 81' lang='grc' dir='ltr'>κλίϐανος</span> <span class='ocrx_word' id='word_1_823' title='bbox 1168 5556 1582 5627; x_wconf 70' lang='grc' dir='ltr'>καπνιζομενος,</span> <span class='ocrx_word' id='word_1_824' title='bbox 1623 5558 1717 5611; x_wconf 77' lang='grc' dir='ltr'>καὶ</span> <span class='ocrx_word' id='word_1_825' title='bbox 1758 5558 1898 5628; x_wconf 81' lang='grc' dir='ltr'>λαμ-</span> 
     </span>
    </p>
   </div>
   <div class='ocr_carea' id='block_1_106' title="bbox 321 5639 1899 5719">
    <p class='ocr_par' dir='ltr' id='par_1_106' title="bbox 321 5639 1899 5719">
     <span class='ocr_line' id='line_1_106' title="bbox 321 5639 1899 5719; baseline 0.004 -26"><span class='ocrx_word' id='word_1_826' title='bbox 321 5639 494 5705; x_wconf 78' lang='grc' dir='ltr'>πάδες</span> <span class='ocrx_word' id='word_1_827' title='bbox 526 5643 720 5715; x_wconf 73' lang='grc' dir='ltr'>πυρὸς,</span> <span class='ocrx_word' id='word_1_828' title='bbox 755 5643 811 5697; x_wconf 84' lang='grc' dir='ltr'>αἳ</span> <span class='ocrx_word' id='word_1_829' title='bbox 868 5644 1081 5717; x_wconf 77' lang='grc' dir='ltr'>διῆλθον</span> <span class='ocrx_word' id='word_1_830' title='bbox 1129 5646 1231 5701; x_wconf 85' lang='grc' dir='ltr'><strong>ἀνά</strong></span> <span class='ocrx_word' id='word_1_831' title='bbox 1275 5647 1439 5717; x_wconf 77' lang='grc' dir='ltr'>μέσον</span> <span class='ocrx_word' id='word_1_832' title='bbox 1477 5648 1584 5701; x_wconf 78' lang='grc' dir='ltr'><strong>τῶν</strong></span> <span class='ocrx_word' id='word_1_833' title='bbox 1618 5648 1899 5719; x_wconf 77' lang='grc' dir='ltr'>διχοτομη-</span> 
     </span>
    </p>
   </div>
   <div class='ocr_carea' id='block_1_107' title="bbox 399 5815 920 5884">
    <p class='ocr_par' dir='ltr' id='par_1_107' title="bbox 399 5815 920 5884">
     <span class='ocr_line' id='line_1_107' title="bbox 399 5815 920 5884; baseline 0.008 -11"><span class='ocrx_word' id='word_1_834' title='bbox 399 5817 446 5850; x_wconf 80' lang='grc'>³⁹</span> <span class='ocrx_word' id='word_1_835' title='bbox 473 5815 610 5875; x_wconf 85' lang='lat' dir='ltr'><strong>Gen.</strong></span> <span class='ocrx_word' id='word_1_836' title='bbox 649 5837 734 5884; x_wconf 80' lang='lat' dir='ltr'><strong>xv,</strong></span> <span class='ocrx_word' id='word_1_837' title='bbox 770 5824 920 5877; x_wconf 69' lang='lat'><strong>7-18.</strong></span> 
     </span>
    </p>
   </div>
   <div class='ocr_carea' id='block_1_108' title="bbox 2007 4732 3586 4806">
    <p class='ocr_par' dir='ltr' id='par_1_108' title="bbox 2007 4732 3586 4806">
     <span class='ocr_line' id='line_1_108' title="bbox 2007 4732 3586 4806; baseline -0.004 -15"><span class='ocrx_word' id='word_1_838' title='bbox 2007 4737 2292 4806; x_wconf 64' lang='lat' dir='ltr'><strong>completa:</strong></span> <span class='ocrx_word' id='word_1_839' title='bbox 2307 4742 2436 4790; x_wconf 88' lang='lat' dir='ltr'><strong>sunt</strong></span> <span class='ocrx_word' id='word_1_840' title='bbox 2449 4734 2766 4804; x_wconf 85' lang='lat' dir='ltr'><strong>iniquitates</strong></span> <span class='ocrx_word' id='word_1_841' title='bbox 2777 4732 3218 4787; x_wconf 72' lang='lat' dir='ltr'><strong>Amorrlneorum</strong></span> <span class='ocrx_word' id='word_1_842' title='bbox 3236 4747 3407 4802; x_wconf 86' lang='lat' dir='ltr'><strong>usque</strong></span> <span class='ocrx_word' id='word_1_843' title='bbox 3420 4746 3586 4785; x_wconf 89' lang='lat' dir='ltr'><strong>nunc.</strong></span> 
     </span>
    </p>
   </div>
   <div class='ocr_carea' id='block_1_109' title="bbox 2008 4821 3589 4896">
    <p class='ocr_par' dir='ltr' id='par_1_109' title="bbox 2008 4821 3589 4896">
     <span class='ocr_line' id='line_1_109' title="bbox 2008 4821 3589 4896; baseline -0.004 -14"><span class='ocrx_word' id='word_1_844' title='bbox 2008 4829 2298 4896; x_wconf 83' lang='lat' dir='ltr'><strong>Postquam</strong></span> <span class='ocrx_word' id='word_1_845' title='bbox 2342 4833 2526 4880; x_wconf 89' lang='lat' dir='ltr'><strong>autem</strong></span> <span class='ocrx_word' id='word_1_846' title='bbox 2567 4825 2678 4895; x_wconf 73' lang='lat' dir='ltr'><strong>iam</strong></span> <span class='ocrx_word' id='word_1_847' title='bbox 2703 4824 2805 4878; x_wconf 70' lang='lat' dir='ltr'><strong>&#39;uit</strong></span> <span class='ocrx_word' id='word_1_848' title='bbox 2829 4824 2909 4878; x_wconf 91' lang='lat' dir='ltr'><strong>sol</strong></span> <span class='ocrx_word' id='word_1_849' title='bbox 2953 4822 3018 4877; x_wconf 90' lang='lat' dir='ltr'><strong>ad</strong></span> <span class='ocrx_word' id='word_1_850' title='bbox 3057 4837 3333 4885; x_wconf 82' lang='lat' dir='ltr'><strong>occasum,</strong></span> <span class='ocrx_word' id='word_1_851' title='bbox 3373 4821 3589 4875; x_wconf 85' lang='lat' dir='ltr'><strong>ﬂamma</strong></span> 
     </span>
    </p>
   </div>
   <div class='ocr_carea' id='block_1_110' title="bbox 2006 4907 3589 4972">
    <p class='ocr_par' dir='ltr' id='par_1_110' title="bbox 2006 4907 3589 4972">
     <span class='ocr_line' id='line_1_110' title="bbox 2006 4907 3589 4972; baseline -0.004 -6"><span class='ocrx_word' id='word_1_852' title='bbox 2006 4912 2147 4966; x_wconf 80' lang='lat' dir='ltr'><strong>facta</strong></span> <span class='ocrx_word' id='word_1_853' title='bbox 2185 4921 2286 4967; x_wconf 92' lang='lat' dir='ltr'><strong>est.</strong></span> <span class='ocrx_word' id='word_1_854' title='bbox 2313 4911 2382 4966; x_wconf 85' lang='lat' dir='ltr'><strong>Et</strong></span> <span class='ocrx_word' id='word_1_855' title='bbox 2407 4927 2535 4966; x_wconf 83' lang='lat' dir='ltr'><strong>ecce</strong></span> <span class='ocrx_word' id='word_1_856' title='bbox 2564 4909 3064 4972; x_wconf 79' lang='lat' dir='ltr'><strong>clibanust‘umans,</strong></span> <span class='ocrx_word' id='word_1_857' title='bbox 3087 4919 3143 4963; x_wconf 89' lang='lat' dir='ltr'><strong>et</strong></span> <span class='ocrx_word' id='word_1_858' title='bbox 3167 4915 3435 4961; x_wconf 91' lang='lat' dir='ltr'><strong>venerunt</strong></span> <span class='ocrx_word' id='word_1_859' title='bbox 3454 4907 3589 4960; x_wconf 88' lang='lat' dir='ltr'><strong>lam-</strong></span> 
     </span>
    </p>
   </div>
   <div class='ocr_carea' id='block_1_111' title="bbox 2007 4995 3585 5074">
    <p class='ocr_par' dir='ltr' id='par_1_111' title="bbox 2007 4995 3585 5074">
     <span class='ocr_line' id='line_1_111' title="bbox 2007 4995 3585 5074; baseline -0.005 -16"><span class='ocrx_word' id='word_1_860' title='bbox 2007 5004 2173 5072; x_wconf 81' lang='lat' dir='ltr'><strong>pades</strong></span> <span class='ocrx_word' id='word_1_861' title='bbox 2198 5003 2358 5074; x_wconf 79' lang='lat' dir='ltr'><strong>ignis,</strong></span> <span class='ocrx_word' id='word_1_862' title='bbox 2380 5018 2500 5073; x_wconf 66' lang='lat' dir='ltr'><strong>quae</strong></span> <span class='ocrx_word' id='word_1_863' title='bbox 2513 5001 2845 5056; x_wconf 88' lang='lat' dir='ltr'><strong>transierunt</strong></span> <span class='ocrx_word' id='word_1_864' title='bbox 2865 5015 2963 5068; x_wconf 88' lang='lat' dir='ltr'><strong>per</strong></span> <span class='ocrx_word' id='word_1_865' title='bbox 2995 4998 3236 5052; x_wconf 87' lang='lat' dir='ltr'><strong>medium</strong></span> <span class='ocrx_word' id='word_1_866' title='bbox 3255 4995 3585 5051; x_wconf 84' lang='lat' dir='ltr'><strong>divisionum</strong></span> 
     </span>
    </p>
   </div>
   <div class='ocr_carea' id='block_1_112' title="bbox 2006 5085 3583 5157">
    <p class='ocr_par' dir='ltr' id='par_1_112' title="bbox 2006 5085 3583 5157">
     <span class='ocr_line' id='line_1_112' title="bbox 2006 5085 3583 5157; baseline -0.003 -13"><span class='ocrx_word' id='word_1_867' title='bbox 2006 5091 2237 5145; x_wconf 86' lang='lat' dir='ltr'><strong>istarum</strong></span> <span class='ocrx_word' id='word_1_868' title='bbox 2265 5092 2329 5144; x_wconf 85' lang='grc'><strong>³⁸.</strong></span> <span class='ocrx_word' id='word_1_869' title='bbox 2361 5108 2379 5141; x_wconf 72' lang='grc' dir='ltr'><strong>ι</strong></span> <span class='ocrx_word' id='word_1_870' title='bbox 2410 5089 2680 5145; x_wconf 68' lang='lat' dir='ltr'><strong>Cmterum</strong></span> <span class='ocrx_word' id='word_1_871' title='bbox 2705 5103 2952 5157; x_wconf 71' lang='lat' dir='ltr'><strong>quaenam</strong></span> <span class='ocrx_word' id='word_1_872' title='bbox 2987 5085 3056 5139; x_wconf 89' lang='lat' dir='ltr'><strong>sit</strong></span> <span class='ocrx_word' id='word_1_873' title='bbox 3077 5101 3268 5140; x_wconf 89' lang='lat' dir='ltr'><strong>eorum</strong></span> <span class='ocrx_word' id='word_1_874' title='bbox 3296 5101 3416 5154; x_wconf 74' lang='lat' dir='ltr'><strong>quae</strong></span> <span class='ocrx_word' id='word_1_875' title='bbox 3442 5085 3583 5140; x_wconf 83' lang='lat' dir='ltr'><strong>facta</strong></span> 
     </span>
    </p>
   </div>
   <div class='ocr_carea' id='block_1_113' title="bbox 2005 5177 3581 5247">
    <p class='ocr_par' dir='ltr' id='par_1_113' title="bbox 2005 5177 3581 5247">
     <span class='ocr_line' id='line_1_113' title="bbox 2005 5177 3581 5247; baseline -0.004 -9"><span class='ocrx_word' id='word_1_876' title='bbox 2005 5192 2132 5238; x_wconf 90' lang='lat' dir='ltr'><strong>sunt</strong></span> <span class='ocrx_word' id='word_1_877' title='bbox 2173 5184 2332 5246; x_wconf 84' lang='lat' dir='ltr'><strong>ratio,</strong></span> <span class='ocrx_word' id='word_1_878' title='bbox 2376 5181 2607 5237; x_wconf 87' lang='lat' dir='ltr'><strong>studiosi</strong></span> <span class='ocrx_word' id='word_1_879' title='bbox 2657 5179 3104 5242; x_wconf 76' lang='lat' dir='ltr'><strong>considerabant,</strong></span> <span class='ocrx_word' id='word_1_880' title='bbox 3148 5185 3204 5232; x_wconf 89' lang='lat' dir='ltr'><strong>et</strong></span> <span class='ocrx_word' id='word_1_881' title='bbox 3227 5177 3581 5247; x_wconf 84' lang='lat' dir='ltr'><strong>jurisjurandi</strong></span> 
     </span>
    </p>
   </div>
   <div class='ocr_carea' id='block_1_114' title="bbox 2006 5266 3580 5343">
    <p class='ocr_par' dir='ltr' id='par_1_114' title="bbox 2006 5266 3580 5343">
     <span class='ocr_line' id='line_1_114' title="bbox 2006 5266 3580 5343; baseline -0.006 -12"><span class='ocrx_word' id='word_1_882' title='bbox 2006 5275 2227 5331; x_wconf 91' lang='lat' dir='ltr'><strong>modum</strong></span> <span class='ocrx_word' id='word_1_883' title='bbox 2248 5283 2501 5330; x_wconf 88' lang='lat' dir='ltr'><strong>accurate</strong></span> <span class='ocrx_word' id='word_1_884' title='bbox 2525 5273 2822 5343; x_wconf 89' lang='lat' dir='ltr'><strong>inquirent,</strong></span> <span class='ocrx_word' id='word_1_885' title='bbox 2843 5269 2972 5339; x_wconf 89' lang='lat' dir='ltr'><strong>quid</strong></span> <span class='ocrx_word' id='word_1_886' title='bbox 2994 5269 3098 5322; x_wconf 89' lang='lat' dir='ltr'><strong>sibi</strong></span> <span class='ocrx_word' id='word_1_887' title='bbox 3117 5267 3289 5320; x_wconf 85' lang='lat' dir='ltr'><strong>frusta</strong></span> <span class='ocrx_word' id='word_1_888' title='bbox 3310 5267 3424 5320; x_wconf 86' lang='lat' dir='ltr'><strong>sive</strong></span> <span class='ocrx_word' id='word_1_889' title='bbox 3440 5266 3580 5321; x_wconf 81' lang='lat' dir='ltr'><strong>divi-</strong></span> 
     </span>
    </p>
   </div>
   <div class='ocr_carea' id='block_1_115' title="bbox 2005 5356 3583 5432">
    <p class='ocr_par' dir='ltr' id='par_1_115' title="bbox 2005 5356 3583 5432">
     <span class='ocr_line' id='line_1_115' title="bbox 2005 5356 3583 5432; baseline -0.007 -9"><span class='ocrx_word' id='word_1_890' title='bbox 2005 5369 2188 5422; x_wconf 87' lang='lat' dir='ltr'><strong>siones</strong></span> <span class='ocrx_word' id='word_1_891' title='bbox 2223 5367 2413 5428; x_wconf 88' lang='lat' dir='ltr'><strong>velint,</strong></span> <span class='ocrx_word' id='word_1_892' title='bbox 2445 5367 2859 5432; x_wconf 80' lang='lat' dir='ltr'><strong>interrogantes,</strong></span> <span class='ocrx_word' id='word_1_893' title='bbox 2898 5358 3029 5428; x_wconf 90' lang='lat' dir='ltr'><strong>qnid</strong></span> <span class='ocrx_word' id='word_1_894' title='bbox 3067 5357 3229 5411; x_wconf 90' lang='lat' dir='ltr'><strong>etiam</strong></span> <span class='ocrx_word' id='word_1_895' title='bbox 3273 5356 3453 5410; x_wconf 83' lang='lat' dir='ltr'><strong>avium</strong></span> <span class='ocrx_word' id='word_1_896' title='bbox 3484 5375 3583 5413; x_wconf 84' lang='lat' dir='ltr'><strong>vo-</strong></span> 
     </span>
    </p>
   </div>
   <div class='ocr_carea' id='block_1_116' title="bbox 2007 5448 3591 5526">
    <p class='ocr_par' dir='ltr' id='par_1_116' title="bbox 2007 5448 3591 5526">
     <span class='ocr_line' id='line_1_116' title="bbox 2007 5448 3591 5526; baseline -0.004 -12"><span class='ocrx_word' id='word_1_897' title='bbox 2007 5461 2151 5514; x_wconf 85' lang='lat' dir='ltr'><strong>latus</strong></span> <span class='ocrx_word' id='word_1_898' title='bbox 2169 5468 2226 5513; x_wconf 90' lang='lat' dir='ltr'><strong>et</strong></span> <span class='ocrx_word' id='word_1_899' title='bbox 2254 5459 2308 5512; x_wconf 91' lang='lat' dir='ltr'><strong>in</strong></span> <span class='ocrx_word' id='word_1_900' title='bbox 2329 5459 2474 5526; x_wconf 90' lang='lat' dir='ltr'><strong>ipsas</strong></span> <span class='ocrx_word' id='word_1_901' title='bbox 2495 5467 2816 5514; x_wconf 84' lang='lat' dir='ltr'><strong>concursus,</strong></span> <span class='ocrx_word' id='word_1_902' title='bbox 2840 5450 2972 5519; x_wconf 81' lang='lat' dir='ltr'><strong>quid</strong></span> <span class='ocrx_word' id='word_1_903' title='bbox 2994 5466 3124 5504; x_wconf 82' lang='lat' dir='ltr'><strong>vero</strong></span> <span class='ocrx_word' id='word_1_904' title='bbox 3140 5448 3284 5520; x_wconf 88' lang='lat' dir='ltr'><strong>quod</strong></span> <span class='ocrx_word' id='word_1_905' title='bbox 3311 5448 3591 5521; x_wconf 38' lang='lat' dir='ltr'><strong>Abraham.</strong></span> 
     </span>
    </p>
   </div>
   <div class='ocr_carea' id='block_1_117' title="bbox 2008 5541 3580 5614">
    <p class='ocr_par' dir='ltr' id='par_1_117' title="bbox 2008 5541 3580 5614">
     <span class='ocr_line' id='line_1_117' title="bbox 2008 5541 3580 5614; baseline -0.004 -9"><span class='ocrx_word' id='word_1_906' title='bbox 2008 5567 2130 5605; x_wconf 87' lang='lat' dir='ltr'><strong>cum</strong></span> <span class='ocrx_word' id='word_1_907' title='bbox 2157 5551 2238 5603; x_wconf 90' lang='lat' dir='ltr'><strong>eis</strong></span> <span class='ocrx_word' id='word_1_908' title='bbox 2267 5549 2472 5609; x_wconf 86' lang='lat' dir='ltr'><strong>sedeat,</strong></span> <span class='ocrx_word' id='word_1_909' title='bbox 2495 5547 2626 5614; x_wconf 88' lang='lat' dir='ltr'><strong>quid</strong></span> <span class='ocrx_word' id='word_1_910' title='bbox 2649 5546 2814 5599; x_wconf 87' lang='lat' dir='ltr'><strong>etiam</strong></span> <span class='ocrx_word' id='word_1_911' title='bbox 2849 5543 3060 5599; x_wconf 80' lang='lat' dir='ltr'><strong>[lamina</strong></span> <span class='ocrx_word' id='word_1_912' title='bbox 3101 5558 3198 5614; x_wconf 88' lang='lat' dir='ltr'><strong>per</strong></span> <span class='ocrx_word' id='word_1_913' title='bbox 3230 5541 3472 5600; x_wconf 88' lang='lat' dir='ltr'><strong>medium</strong></span> <span class='ocrx_word' id='word_1_914' title='bbox 3497 5545 3580 5599; x_wconf 68' lang='lat' dir='ltr'><strong>d2-</strong></span> 
     </span>
    </p>
   </div>
   <div class='ocr_carea' id='block_1_118' title="bbox 2009 5636 3208 5706">
    <p class='ocr_par' dir='ltr' id='par_1_118' title="bbox 2009 5636 3208 5706">
     <span class='ocr_line' id='line_1_118' title="bbox 2009 5636 3208 5706; baseline -0.005 -10"><span class='ocrx_word' id='word_1_915' title='bbox 2009 5645 2280 5698; x_wconf 77' lang='lat' dir='ltr'><strong>vismnum</strong></span> <span class='ocrx_word' id='word_1_916' title='bbox 2309 5638 2598 5694; x_wconf 89' lang='lat' dir='ltr'><strong>transiens.</strong></span> <span class='ocrx_word' id='word_1_917' title='bbox 2629 5636 2977 5706; x_wconf 74' lang='lat' dir='ltr'><strong>Explicemus</strong></span> <span class='ocrx_word' id='word_1_918' title='bbox 3006 5636 3208 5705; x_wconf 85' lang='lat' dir='ltr'><strong>itaque.</strong></span> 
     </span>
    </p>
   </div>
  </div>
