4056 6260
439 341 541 402 ΗΕ)
1470 338 1526 394 S.
1567 338 1841 394 CYRILLI
1885 337 2354 397 ALEXANDle
2392 338 2708 395 ARCHJEP.
3599 335 3715 394 190

440 453 631 526 μάτων
692 450 915 506 τούτων.
960 469 977 502 ι
1029 447 1190 502 Ἀλλά
1249 446 1301 501 τί
1370 448 1433 519 δὴ
1476 448 1692 511 πάντως
1722 449 1839 502 ἐστὶ
1884 449 1944 502 τὸ
1976 449 2369 518 γεγενημένον,
2410 452 2438 502 6
2496 446 2803 520 φιλομαθὴς
2854 443 3282 515 κατασκέψεται,
3332 443 3427 499 καὶ
3474 443 3575 499 τόν
3606 444 3707 516 τῆς

408 539 783 613 ’ὁρκωμοσίας
829 539 1248 610 περιεργάσεται
1295 536 1514 608 τρόπον·
1582 537 1636 591 τί
1699 537 1766 592 ἂν
1800 536 2075 607 βούλοιντο
2113 536 2308 608 δηλοῦν
2343 537 2414 592 τὰ
2466 539 2902 610 διχοτομήματα,
2941 536 3149 603 λέγων,
3189 534 3241 588 τί
3270 534 3326 588 δὲ
3358 534 3708 606 τῶν-ὀρνέων

436 635 471 704 ἡ
511 633 725 704 πτῆσις,
758 630 944 684 καὶτὰ
976 633 1062 683 ἐπ’
1096 630 1237 684 αύτά
1276 630 1580 701 συνδρομή·
1616 630 1668 683 τί
1715 628 1770 681 δὲ
1813 629 1878 701 δὴ
1916 625 1983 683 αὖ
2024 630 2119 684 καὶ
2184 631 2217 700 ἡ
2274 630 2369 685 τοῦ
2410 630 2665 702 ’Δὸραάμ
2698 628 3065 699 συγκάθησις,
3111 625 3164 680 τί
3205 625 3263 679 δὲ
3294 626 3391 680 καὶ
3440 627 3478 697 ἠ
3504 625 3637 694 φλὸξ
3671 628 3708 698 ἡ

440 727 723 797 διᾴττουσαι
758 724 920 794 μέσον
940 724 1046 777 τῶν
1076 723 1548 795 διχοτομημάτων.
1589 721 2010 793 Ἀφηγησόμεθα
2046 722 2112 795 δὴ
2142 719 2256 778 οὖν.

508 821 559 875 4.
585 818 742 890 Apud
763 817 1354 890 Chaldaeosjuramenti
1382 835 1513 873 usus
1527 819 1649 883 fuit,
1675 834 1773 889 per
1785 818 2027 873 medium

2225 821 2287 875 δ’.
2330 819 2667 888 ’Δναγκαίως
2686 819 2850 890 ὅρκου
2873 817 3062 889 γρείαν
3085 815 3321 887 ἐπλήρου
3338 814 3627 878 Χαλδαίοις
3644 813 3709 869 τὸ

440 913 780 979 animalium,
821 927 941 982 qua:
968 911 1025 965 in
1059 910 1197 964 duas
1235 918 1419 981 partes
1451 909 1673 965 discissa
1706 916 1909 975 essent,
1945 908 2026 963 in-

2144 910 2215 964 ῑιά
2248 910 2413 981 μέσον
2450 908 2703 963 ίέναιτῶν
2728 905 3194 979 διχοτομηθέντων
3207 904 3381 969 ζώων,
3401 906 3497 959 καὶ
3517 907 3701 961 οἱονεί-

439 1005 659 1070 cedere,
683 1003 930 1058 dicentes
955 1001 1357 1072 quodammodo
1381 1001 1524 1055 facto
1544 1000 1681 1071 ipso,
1710 1001 1814 1055 hoc
1829 1009 2022 1071 pacto:

2144 1018 2240 1065 τως
2290 1002 2591 1069 ἀναφωνεῖν
2636 999 2703 1052 δι’
2745 997 2912 1052 αὐτοῦ
2947 995 3042 1050 τοῦ
3083 995 3364 1067 δρωμένου
3409 993 3575 1048 οὓτω·
3611 993 3704 1064 Μὴ

441 1095 518 1150 Ne
565 1094 693 1149 ﬁam
744 1101 807 1148 ut
851 1093 989 1148 haec.
1021 1090 1161 1147 Cum
1224 1092 1409 1162 itaque
1459 1091 1748 1147 Chaldaeus
1806 1091 2026 1146 natione

442 1192 588 1240 esset
629 1184 926 1248 Abraham,
975 1191 1030 1237 et
1056 1198 1249 1238 recens
1279 1183 1453 1252 patria
1495 1182 1847 1245 excessisset,
1884 1181 2028 1236 Deus

442 1281 707 1329 consueto
731 1272 958 1328 fmderis
991 1287 1140 1326 more
1165 1272 1243 1327 uti
1267 1271 1451 1343 jussit,
1486 1281 1648 1341 atque
1677 1287 1782 1326 una
1823 1270 2027 1326 Christi

444 1366 766 1438 mysterium
807 1365 860 1419 in
893 1365 977 1429 iis,
1004 1380 1124 1434 qua:
1156 1363 1626 1428 sacrificabantur,
1657 1363 1888 1435 pulchre
1925 1363 2028 1417 im-

442 1455 653 1526 plicuit.
682 1455 816 1516 Cum
843 1470 972 1510 vero
998 1455 1053 1509 in
1079 1464 1224 1509 terra
1259 1469 1499 1524 expansa
1533 1461 1719 1507 essent
1738 1452 1931 1516 frusta,
1966 1468 2031 1506 ac

446 1549 587 1603 Deus
609 1565 708 1619 per
739 1548 983 1603 medium
1009 1546 1342 1601 transiturus
1364 1555 1531 1609 esset,
1566 1545 1771 1605 multae,
1805 1546 1909 1614 71
1945 1545 2032 1599 in-

442 1638 579 1706 quit,
602 1652 731 1692 aves
745 1636 814 1690 ad
825 1651 889 1690 ea
905 1641 1325 1699 concurrerunt,
1344 1642 1399 1688 et
1419 1633 1624 1688 assedit
1640 1633 1721 1687 eis
1734 1632 2030 1718 Abraham,

447 1725 548 1780 hoc
578 1733 664 1780 est
689 1724 937 1779 assidens
962 1723 1278 1787 custodivit,
1306 1739 1373 1778 ne
1415 1723 1672 1778 damnum
1704 1725 1772 1779 iis
1803 1724 2033 1779 inferre-

447 1826 558 1881 tur,
594 1830 731 1870 neve
756 1831 841 1879 ea,
873 1831 994 1884 qua:
1017 1814 1083 1869 ad
1125 1814 1421 1886 juramenti
1450 1830 1608 1869 usum
1640 1815 1834 1870 collata
1855 1821 2031 1889 erant,

2126 1091 2384 1163 γενοίμην
2423 1091 2500 1155 ὡς
2522 1091 2674 1145 τάδε.
2715 1088 2968 1159 Χαλδαίῳ
2995 1088 3060 1160 δὴ
3098 1084 3193 1142 οὖν
3220 1088 3281 1140 τδ
3321 1085 3478 1155 γένος
3529 1076 3708 1157 ὑπάρ-

2128 1181 2365 1254 χοντιτῷ
2394 1181 2667 1252 Ἀϐραὰμ,
2694 1180 2788 1235 καὶ
2815 1179 3057 1251 ἄρτι-τῆς
3088 1177 3418 1248 ενεγκούσης
3438 1177 3701 1240 suetam,

2126 1275 2195 1329 τὰ
2232 1274 2437 1346 συνήθη
2467 1273 2598 1344 δρᾷν
2624 1273 2719 1326 ἐπὶ
2754 1273 2868 1336 τοῖς
2900 1271 3086 1343 ὅρκοις
3118 1269 3404 1322 ἐκέλευσεν
3432 1269 3706 1338 οἰκονομι-

2130 1367 2240 1430 κῶς
2286 1366 2314 1418 6
2364 1364 2473 1419 τῶν
2511 1364 2647 1418 ὅλων
2685 1363 2961 1433 Δεσπότης
2981 1402 2995 1427 ,
3030 1359 3349 1414 ἀναπλέκων
3386 1359 3618 1420 ἀστείως
3648 1359 3706 1410 εν

2130 1460 2241 1520 τοῖς
2277 1455 2590 1527 τεθυμένοις
2635 1456 2696 1507 τὸ
2739 1451 2978 1524 Χριστοῦ
3019 1452 3334 1522 μυστήριον.
3386 1447 3604 1519 Ἐπειδὴ
3648 1447 3706 1501 δὲ

2135 1550 2213 1611 εἰς
2254 1547 2357 1617 γῆν
2411 1546 2606 1616 ἐφεξῆς
2640 1544 2877 1616 ήπλοῦτο
2924 1543 3110 1596 λοιπὸν
3155 1542 3224 1595 τὰ
3265 1539 3703 1610 διχοτομήματα,

2133 1639 2333 1693 ὡσανεὶ
2351 1637 2631 1709 μέλλοντος
2645 1635 2732 1689 διὰ
2764 1636 2925 1705 μέσον
2953 1636 3149 1704 χωρεῖν
3166 1635 3258 1687 τοῦ
3286 1631 3444 1697 Θεοῦ,
3481 1628 3707 1702 Ὀρνεα,

2137 1730 2321 1801 φησὶν,
2357 1729 2443 1782 ἐπ’
2471 1728 2612 1782 αὐτὰ
2647 1726 2858 1781 συνέθει
2890 1726 3081 1788 πολλὰ,
3101 1725 3193 1778 καὶ
3227 1722 3579 1777 συνεκάθισεν
3606 1721 3709 1775 αύο

2134 1827 2245 1887 τοῖς
2298 1821 2569 1893 Ἀϐραάμ.
2604 1819 2893 1882 Τουτέστι,
2933 1818 3235 1889 περιξήσας
3269 1815 3596 1885 ἐφύλαττεν,
3621 1812 3709 1866 ἴνα

446 1904 747 1960 immundis
795 1903 989 1958 avibus
1041 1905 1096 1959 in
1144 1905 1382 1975 praedam
1432 1903 1678 1974 exposita
1732 1912 1934 1959 essent.
1967 1904 2037 1958 At

2144 1914 2214 1984 μή
2254 1930 2308 1966 τι
2348 1913 2558 1979 γένοιτο
2598 1910 2813 1981 βλάϐος,
2855 1910 2950 1962 καὶ
2986 1911 3096 1970 τοῖς
3128 1904 3458 1976 ἀκαθάρτοις
3483 1904 3590 1957 τῶν
3615 1903 3709 1974 69-

450 2014 579 2054 vcro
610 1997 713 2052 sub
738 2013 991 2052 occasum
1041 1997 1192 2062 solis,
1240 1998 1438 2067 inquit,
1501 1997 1776 2052 Abraham
1834 1997 2034 2053 exstasi

2144 2004 2272 2057 νέων
2293 2002 2608 2074 προκέοιντο
2628 2002 2800 2072 τροφὴ
2827 2000 2897 2054 τά
2910 2001 2990 2063 εἰς
3000 1999 3161 2069 ὅρκου
3179 1998 3367 2069 χρείαν
3386 2011 3713 2077 παρενηνεγ-

446 2095 504 2143 et
525 2098 673 2143 metu
698 2097 987 2158 correptus
1023 2096 1124 2143 est.
1152 2087 1408 2155 Qumnam
1441 2097 1622 2143 autem
1663 2104 1853 2142 rursus
1874 2089 2038 2159 hujus

2144 2093 2296 2164 μένα.
2331 2094 2466 2163 Περὶ
2504 2093 2560 2145 δὲ
2584 2092 2792 2162 δυσμάς
2822 2092 2996 2161 ἡλίου,
3035 2091 3218 2161 φησιν,
3266 2107 3284 2140 ι
3335 2088 3589 2151 ἔκστασις
3616 2087 3713 2140 καὶ

448 2180 525 2234 rei
565 2179 780 2235 occasio
823 2178 1012 2245 fuerit,
1061 2179 1238 2235 dicam
1280 2179 1459 2250 quoad
1511 2187 1720 2249 potero.
1768 2179 2034 2235 Chaldaeis

2144 2159 2301 2255 ρόὸος
2349 2159 2632 2238 ἐπιπίπτει
2804 2159 3075 2253 ’Ᾰὸραάμ.
3097 2159 3137 2231 5
3179 2179 3291 2232 Καὶ
3323 2176 3405 2242 τίς
3437 2177 3506 2230 ἂν
3541 2178 3715 2230 νοοῖτο

445 2285 563 2326 mos
587 2280 707 2326 erat
735 2279 993 2342 receptus
1040 2271 1223 2324 avium
1275 2271 1484 2325 volatus
1540 2278 1794 2324 accurate
1840 2271 2034 2325 obser-

449 2375 599 2417 vare.
642 2360 901 2421 Permisit
928 2361 1110 2430 itaque
1159 2359 1542 2413 universorum
1585 2357 1847 2414 Dominus
1887 2366 2034 2414 certa

450 2451 688 2516 ratione,
725 2451 891 2507 exiis
928 2466 1050 2520 quae
1095 2449 1423 2520 quibusdam
1465 2449 1636 2504 moris
1664 2458 1785 2504 erat
1829 2449 2033 2515 facere,
2072 2478 2079 2485 λ

450 2537 639 2591 doceri
688 2522 893 2595 futura.
922 2536 1279 2608 Congregatis
1336 2538 1521 2607 itaque
1553 2553 1718 2608 supra
1759 2547 2036 2613 segmenta

449 2627 663 2694 avibus,
698 2628 984 2697 perculsus
1018 2637 1101 2683 est
1124 2638 1272 2684 metu
1301 2627 1598 2695 Abraham,
1632 2628 1852 2700 ignarus
1871 2630 2036 2684 nimi-

453 2735 595 2785 rum,
629 2735 740 2790 quo
762 2729 857 2775 aut
892 2720 949 2774 in
976 2734 1114 2790 quos
1163 2719 1375 2790 signum
1407 2720 1513 2775 hoc
1539 2719 1805 2787 tenderet.
1839 2722 2037 2776 Malum

452 2811 597 2865 enim
626 2810 728 2881 ipsi
760 2811 1069 2876 videbatur,
1096 2811 1427 2881 anxiumque
1448 2810 1624 2882 ipsum
1648 2827 1710 2865 ac
1742 2811 2037 2867 sollicitum

404 2901 735 2985 reddebat,
794 2901 1195 2971 impurissimas
1253 2918 1381 2958 aves
1437 2903 1719 2958 sacrificiis
1761 2903 2035 2960 advolare.

452 2994 765 3063 Immundas
790 2994 937 3049 enim
987 2993 1101 3049 fere
1166 3002 1295 3050 sunt
1347 3010 1474 3049 aves
1529 2995 1848 3051 carnivorae.
1901 2995 2038 3051 Cum

450 3084 633 3153 itaque
661 3083 884 3154 proprio
920 3082 1084 3153 capiti
1126 3092 1416 3148 metueret,
1444 3099 1513 3136 ne
1548 3082 1600 3136 in
1638 3083 1815 3154 ipsum
1852 3099 1940 3138 res
1976 3100 2040 3140 ea

453 3180 725 3241 vergeret,
761 3172 1130 3227 sollicitudine
1167 3174 1257 3226 illa
1289 3181 1461 3241 atque
1476 3189 1677 3244 angore
1712 3174 1866 3228 illum
1906 3158 2042 3237 libe-

455 3270 559 3317 rat.
604 3284 622 3315 ι
652 3263 839 3333 Neque
883 3263 1030 3317 enim
1066 3263 1309 3328 venient,
1362 3262 1560 3331 inquit,
1623 3279 1790 3334 super
1836 3271 1886 3319 te
1922 3281 2043 3334 qua:

454 3355 669 3409 vereris
698 3374 709 3408 :
734 3370 1068 3426 cognoscens
1091 3364 1274 3409 autem
1322 3355 1482 3418 scies,
1510 3355 1655 3424 quod
1692 3357 2041 3426 peregrinum

2136 2275 2299 2328 πάλιν
2330 2273 2542 2345 ήτοῦδε
2576 2272 2882 2345 πρόφασις,
2915 2270 3177 2342 φράσαιμ’
3203 2267 3271 2322 ἂν
3309 2267 3385 2331 ὡς
3424 2264 3713 2320 ενιπΧαλο

2133 2365 2305 2429 δαίοις
2333 2360 2401 2435 ἦν
2432 2363 2553 2428 ἔθος
2582 2362 2675 2416 καὶ
2710 2364 2768 2417 ὲν
2795 2361 3062 2431 ὑπολήψει
3082 2362 3293 2432 χρηστῇ
3324 2360 3421 2413 καὶ
3450 2357 3713 2427 ἀδιασλή-

2134 2475 2213 2529 τῳ
2247 2456 2550 2520 παντελῶς,
2596 2452 3055 2526 περιεργάζεσθαι
3105 2449 3319 2513 λεπτῶς
3364 2449 3473 2502 τῶν
3512 2447 3716 2518 ὀρνέων

2135 2549 2232 2613 τὰς
2266 2549 2509 2618 πτήσεις.
2559 2546 2738 2615 Ἥφίει
2776 2544 2840 2615 δὴ
2870 2539 2964 2597 οὖν
2993 2541 3352 2612 οἰκονομικῶς
3379 2542 3407 2592 6
3440 2536 3555 2593 τῶν
3577 2539 3716 2592 ὅλων

2136 2639 2290 2703 Θεὸς,
2325 2637 2387 2702 ἐξ
2413 2630 2486 2690 ὧν
2515 2636 2630 2707 ᾔδει
2659 2636 2752 2690 καὶ
2775 2635 2908 2706 δρᾷν
2935 2629 3003 2704 ἦν
3029 2632 3151 2694 ἔθος
3183 2631 3326 2694 τισὶ,
3362 2628 3716 2683 παιδεύεσθαι

2136 2726 2205 2777 τὰ
2239 2725 2494 2793 ἐσόμενα.
2529 2722 2966 2793 Συνενεχθέντων
2994 2721 3176 2775 τοίνυν
3209 2721 3303 2774 ἐπὶ
3332 2718 3402 2772 τὰ
3424 2717 3715 2788 διχοτομήε-

2143 2836 2286 2890 ματα
2318 2818 2425 2871 τῶν
2464 2816 2706 2888 πτηνῶν,
2734 2813 3141 2885 ὲξεδειματοῦτο
3167 2812 3353 2866 λοιπὸν
3377 2813 3405 2865 6
3429 2808 3718 2871 θεσπέσιος

2152 2910 2425 2982 Ἀϐραὰμ,
2452 2906 2782 2980 ὲννενοηκώς
2819 2923 2922 2961 που
2954 2905 3116 2976 τάχα,
3151 2907 3247 2958 ποῖ
3277 2904 3341 2974 δὴ
3363 2904 3470 2973 ἄρα
3500 2902 3595 2955 καὶ
3626 2901 3717 2953 ἐπὶ

2139 3004 2289 3067 τίνας
2327 3004 2389 3057 τὸ
2420 3005 2642 3073 σημεῖον
2668 3001 2980 3071 ἐκϐήσεται.
3021 2999 3226 3052 Φαῦλον
3271 2995 3381 3065 γὰρ
3415 2994 3583 3060 εἶναι,
3620 2994 3718 3046 καὶ

2140 3096 2258 3166 ούχῖ
2298 3094 2409 3148 τῶν
2456 3093 2561 3160 ἔξω
2613 3090 2892 3163 φροντίδος
2934 3088 3111 3142 ἐδόκει
3154 3088 3215 3141 τὸ
3257 3085 3555 3154 επιπτῆναι
3604 3088 3719 3147 τοῖς

2142 3187 2347 3257 θύμασι
2381 3187 2450 3238 τὰ
2480 3184 2588 3238 τῶν
2621 3183 2824 3254 ὀρνέων
2843 3180 3237 3253 βδελυρώτατα.
3280 3177 3590 3248 Ἀκάθαρτα
3610 3173 3719 3244 γάρ

2145 3296 2261 3341 πως
2291 3278 2380 3331 ἀεὶ
2412 3276 2481 3329 τὰ
2515 3275 2883 3346 σαρκοφαγεῖν
2919 3271 3174 3341 εἰωθότα.
3229 3268 3480 3322 Ἐπειδὰν
3509 3267 3566 3321 δὲ
3593 3265 3721 3336 περὶ

2143 3370 2239 3439 τῆς
2271 3368 2406 3430 ἰδίας
2423 3366 2611 3420 ἐδεδίει
2636 3364 2897 3434 κεφαλῆς,
2935 3363 3007 3433 μὴ
3034 3363 3141 3434 ἀρα
3169 3377 3285 3424 πως
3313 3359 3407 3413 καὶ
3427 3360 3512 3412 ἐπ’
3550 3357 3721 3427 αὐτὴν

455 3447 565 3502 erit
583 3462 771 3501 semen
799 3456 952 3502 tuum
980 3446 1034 3500 in
1064 3454 1207 3501 terra
1243 3446 1421 3499 aliena
1454 3446 1519 3497 ³⁸.
1565 3465 1583 3497 ι
1619 3447 1688 3502 Et
1723 3448 1881 3502 multi
1917 3448 2041 3518 qui-

2145 3459 2216 3519 ῐοι
2247 3456 2308 3510 τὸ
2351 3456 2559 3527 χρῆμα,
2596 3454 2699 3524 τῆς
2731 3454 2824 3507 ἐπὶ
2861 3450 3074 3514 τούτοις
3106 3448 3349 3513 ἀγωνίας
3385 3446 3549 3501 αὑτὸν
3583 3447 3720 3500 ἀπο-

458 3541 582 3596 dem
607 3546 791 3604 erunt,
835 3538 1092 3593 infestare
1124 3538 1389 3602 volentes,
1430 3555 1664 3609 quorum
1696 3547 1855 3609 typus
1888 3549 2044 3595 erant

458 3647 587 3687 aves
602 3629 888 3685 sacriﬁciis
904 3630 1239 3685 advolantes.
1262 3629 1529 3685 Creterum
1554 3646 1744 3701 parum
1763 3641 2042 3696 nocentes,

459 3738 649 3794 poenas
683 3723 856 3778 luent.
905 3742 925 3774 ‹
979 3721 1059 3776 Τυ
1102 3738 1232 3777 vero
1268 3721 1502 3778 decedes
1551 3722 1619 3777 ad
1666 3731 1849 3792 patres
1901 3730 2043 3787 tuos,

459 3816 708 3888 sepultus
774 3816 830 3871 in
893 3825 1177 3871 senectute
1222 3816 1386 3870 bona.
1442 3834 1460 3866 ι
1511 3815 1717 3871 Deinde
1759 3815 1856 3880 ait,
1900 3816 2045 3885 quod

461 3910 564 3964 sub
586 3924 838 3965 occasum
866 3908 1003 3966 solis
1032 3928 1049 3961 ι
1081 3907 1297 3964 ﬂamma
1315 3907 1456 3980 ignis
1476 3918 1533 3963 et
1566 3907 1819 3965 clibanus
1837 3915 1893 3962 et
1915 3908 2049 3963 lam-

458 3999 626 4068 pades
653 4001 993 4056 transierunt
1026 4015 1125 4071 per
1156 4000 1401 4055 medium
1437 3998 1792 4054 divisionum.
1825 4017 1843 4050 ι
1876 3997 2046 4053 Intel-

461 4091 647 4161 ligitur
681 4107 814 4146 vero
847 4108 1068 4147 rursum
1107 4091 1161 4143 in
1188 4091 1372 4161 specie
1401 4091 1542 4160 ignis
1577 4091 1857 4156 divinitas,
1895 4092 2051 4161 juxta

456 4178 840 4236 Chaldaeorum
866 4179 1343 4243 consuetudinem,
1372 4180 1745 4249 juramentum
1792 4180 2046 4247 implens.

453 4269 672 4327 idcirco
694 4271 913 4325 divinus
932 4271 1136 4325 Paulus
1162 4270 1216 4324 in
1241 4269 1539 4340 juramenti
1562 4271 1674 4324 vim
1705 4270 1809 4325 hoc
1835 4272 2047 4335 statuit,

463 4364 656 4418 dicens
686 4381 698 4416 :
731 4382 750 4414 ι
799 4362 1032 4417 Abrahae
1063 4377 1297 4431 namque
1322 4362 1647 4432 promittens
1693 4362 1858 4427 Deus,
1910 4379 2050 4432 quo-

461 4457 612 4511 niam
647 4455 920 4509 neminem
967 4453 1162 4508 habuit
1185 4444 1284 4524 per
1309 4469 1471 4523 quem
1497 4455 1707 4525 juraret
1766 4455 2049 4525 majorem,

458 4546 664 4614 juravit
687 4562 785 4616 per
835 4545 1222 4615 semetipsum,
1284 4544 1511 4600 dicens:
1545 4546 1661 4600 Nisi
1721 4545 2053 4601 benedicens

464 4635 784 4692 benedicam
818 4646 891 4700 te,
925 4644 981 4691 et
1021 4635 1391 4705 multiplicans
1434 4636 1809 4705 multiplicabo
1858 4645 1932 4691 te.
1984 4635 2053 4691 Et

465 4725 545 4779 sic
569 4724 958 4796 longanimiter
974 4722 1178 4788 ferens,
1203 4724 1434 4793 adeptus
1454 4732 1538 4778 est
1554 4724 2047 4793 repromissionem.

463 4815 724 4872 llomines
773 4815 921 4872 enim
968 4831 1068 4887 per
1112 4815 1374 4885 majorem
1398 4815 1481 4870 sui
1530 4816 1717 4886 jnrant
1770 4824 1827 4871 et
1871 4817 2050 4873 omnis
2083 4814 2124 4867 ι)

465 4909 851 4964 (εοηιτοινρι-εἱίε
900 4925 1095 4966 eorum
1146 4906 1290 4973 ﬁnis,
1322 4907 1389 4962 ad
1437 4907 1926 4973 conﬁrmationem,
1965 4917 2051 4964 est

459 5001 851 5071 juramentum.
883 5001 942 5057 in
975 5015 1085 5072 quo
1123 4997 1496 5055 abundantius
1539 4998 1731 5052 volens
1759 4999 2049 5054 ostendere

464 5093 607 5148 Deus
636 5093 1047 5163 pollicitationis
1091 5092 1403 5148 lueredibus
1437 5090 1872 5147 immobilitatem
1911 5106 2048 5146 con-

465 5183 572 5248 silii
616 5183 722 5247 sui,
771 5182 1099 5254 interposuit
1131 5180 1538 5253 jusjurandum,
1576 5187 1638 5234 ut
1674 5195 1772 5248 per
1798 5178 1934 5234 duas
1959 5195 2050 5235 res

467 5272 795 5337 immobiles,
840 5273 1045 5345 quibus
1090 5270 1424 5342 impossibile
1460 5277 1544 5325 est
1581 5268 1804 5324 mentiri
1854 5269 2047 5333 Deum,

468 5361 827 5419 fortissimum
854 5366 1108 5422 solatium
1141 5364 1462 5429 habeamus,
1488 5365 1584 5435 qui
1615 5360 1960 5433 confugimus
1981 5361 2051 5418 ad

472 5456 761 5509 tenendam
789 5457 1119 5526 propositam
1146 5471 1299 5526 spem
1325 5455 1369 5488 ³⁷
1427 5474 1446 5507 ι

2146 3549 2283 3603 λύει.
2319 3566 2338 3601 ι
2369 3548 2443 3601 Οὐ
2461 3545 2570 3616 γὰρ
2585 3546 2726 3616 ἥξει.
2760 3545 2947 3617 φησὶν,
2982 3542 3074 3597 ἐπὶ
3098 3542 3157 3595 σὲ
3182 3540 3253 3595 τὰ
3283 3539 3718 3609 ὑποπτευόμενα.

2147 3639 2438 3694 Γινώσκων
2480 3638 2537 3691 δὲ
2586 3637 2770 3708 γνώσῃ
2810 3636 2892 3689 ὅτι
2933 3634 3194 3706 πάροικον
3230 3631 3382 3685 ἔσται
3411 3630 3723 3700 τδσπέρμα

2150 3747 2241 3784 σου
2282 3731 2342 3782 ὲν
2376 3732 2445 3799 γῇ
2475 3726 2750 3798 ἀλλοτρίᾳ.
2791 3745 2810 3777 ι
2857 3725 2967 3778 Καὶ
3006 3722 3191 3777 πολλοὶ
3224 3721 3324 3791 μὲν
3365 3720 3578 3774 ἔσονται
3603 3719 3724 3771 λίαν

2147 3824 2195 3877 οἱ
2225 3820 2426 3876 κακοῦν
2456 3820 2749 3883 ἐθέλοντες,
2775 3812 2849 3873 ὧν
2878 3813 3017 3889 ἦσαν
3046 3818 3126 3879 είς
3145 3815 3316 3868 τύπον
3339 3814 3409 3867 τά
3442 3816 3555 3876 τοῖς
3591 3828 3723 3881 πρου

2149 3913 2420 3983 κειμένοις
2439 3910 2673 3982 θύμασιν
2688 3910 2779 3963 ἐπὶ
2796 3907 3057 3982 π[τ]ἀντα
3076 3907 3259 3979 ὄρνεα.
3292 3905 3439 3975 Πλὴν
3452 3905 3608 3973 ὀλίγα
3636 3904 3726 3957 λεο

2149 4005 2479 4076 λυπηκότες,
2512 4002 2829 4056 ἀποτίσουσι
2868 4000 3040 4062 δίκας.
3069 4019 3087 4051 ι
3120 4000 3192 4052 Σὺ
3212 3999 3270 4052 δὲ
3288 3996 3564 4069 ἀπελεύσῃ
3591 3994 3725 4064 πρὸς

2149 4098 2273 4161 τοὺς
2311 4095 2555 4168 πατέρας
2586 4108 2715 4159 σου,
2743 4093 2969 4164 τραφεὶς
3009 4093 3065 4146 ἐν
3096 4092 3259 4164 γήρει
3299 4088 3470 4159 καλῷ,
3526 4107 3542 4139 ι
3593 4080 3724 4140 Εἶτά

2153 4206 2337 4258 φησιν,
2366 4188 2447 4240 ὅτι
2479 4186 2614 4257 πρὸς
2643 4186 2836 4247 αὐταῖς
2856 4184 2957 4255 ἤδη
2991 4184 3223 4253 δυσμαῖς
3245 4180 3529 4250 γεγονότος
3550 4174 3727 4249 ἡλίου,

2159 4297 2175 4327 ι
2220 4276 2353 4346 φλὸξ
2391 4275 2562 4346 πυρὸς
2612 4264 2705 4329 καὶ
2745 4276 2999 4338 κλίϐανος
3041 4274 3135 4328 καὶ
3179 4272 3461 4343 λαμπάδες
3504 4270 3595 4324 διὰ
3632 4270 3724 4340 μέ-

2156 4386 2262 4421 σων
2296 4367 2463 4437 ᾔεσαν
2491 4366 2599 4419 τῶν
2644 4366 3112 4435 διχοτομημάτων.
3163 4383 3181 4416 ι
3226 4364 3447 4416 Νοεῖται
3476 4361 3533 4415 δὲ
3564 4360 3722 4415 πάλιν

2152 4459 2211 4510 ἐν
2234 4456 2362 4509 εἴδει
2378 4455 2548 4529 πυρὸς
2573 4454 2635 4508 τὸ
2662 4453 2839 4520 Θεῖον,
2870 4454 3008 4508 κατά
3024 4453 3122 4525 τὴν
3143 4455 3251 4507 τῶν
3280 4452 3565 4506 Χαλδαίων
3600 4466 3722 4503 συν-

2154 4547 2360 4618 ήθειαν.
2380 4547 2470 4599 τὸν
2502 4546 2661 4616 ὅρκον
2683 4543 3051 4615 ἀποπληροῦν.
3085 4544 3372 4616 Τοιγάρτοι
3409 4544 3501 4598 καὶ
3532 4545 3562 4597 6
3591 4543 3721 4596 θεσ-

2157 4642 2339 4704 πέσιος
2370 4639 2578 4701 Παῦλος
2633 4638 2714 4700 είς
2749 4639 2914 4708 ὅρκου
2940 4637 3172 4706 δύναμιν
3196 4637 3407 4706 δέχεται
3432 4635 3496 4689 τὸ
3515 4636 3722 4707 χρῆμα,

2157 4731 2247 4785 καί
2274 4748 2407 4802 φησι
2426 4746 2437 4757 ·
2467 4749 2483 4781 ι
2508 4728 2597 4799 Τῴ
2627 4729 2684 4782 δὲ
2726 4728 2979 4800 Ἀϐραὰμ
3011 4728 3477 4798 ἐπαγγειλάμενος
3508 4728 3537 4778 6
3573 4725 3722 4787 Θεὸς,

2156 4823 2276 4875 ἐπεὶ
2308 4822 2426 4874 κατ’
2455 4819 2668 4883 οὐδενὸς
2702 4816 2815 4890 εἶχε
2858 4819 3105 4890 μείζονος
3138 4820 3355 4890 ὀμόσαι,
3388 4818 3568 4889 ὤμοσε
3607 4817 3725 4871 καθ’

2154 4912 2368 4976 ἑαυτοῦ,
2409 4908 2583 4980 λέγων
2604 4926 2618 4942 '
2652 4907 2732 4965 Ἦ
2783 4910 2888 4983 μὴν
2921 4911 3159 4980 εὐλογῶν
3198 4912 3480 4982 εὐλογήσω
3523 4927 3604 4973 σε,
3636 4907 3755 4970 καὶ

2155 5004 2440 5076 πληθύνων
2478 5001 2736 5074 πληθυνῶ
2776 5020 2857 5057 σε.
2894 5003 3007 5058 Καὶ
3057 4996 3213 5066 οὗτος
3254 4999 3722 5073 μακροθυμήσας.

2153 5096 2384 5166 ἐπέτυχε
2428 5093 2531 5165 τῆς
2574 5092 2928 5163 ἐπαγγελίας.
2963 5093 3276 5165 ΙἌνθρωποι
3321 5092 3432 5162 γάρ
3465 5088 3609 5144 κατά
3631 5084 3724 5140 τοῦ

2157 5186 2399 5259 μείζονος
2418 5185 2700 5257 ὀμνύουσι,
2734 5186 2829 5240 καὶ
2858 5186 3041 5255 πάσης
3068 5184 3250 5248 αὐτοῖς
3279 5182 3591 5251 ἀντιλογίας
3627 5179 3726 5233 πέ-

2159 5293 2292 5349 ρας,
2332 5276 2412 5338 εἰς
2453 5275 2770 5345 βεϐαίωσιν’,
2812 5277 2840 5329 ό
2884 5276 3067 5345 ὅρκος.
3125 5275 3213 5329 Ἐν
3252 5268 3297 5341 ᾧ
3343 5269 3728 5344 περισσότερον

2160 5363 2481 5435 βουλόμενος
2518 5366 2547 5418 6
2591 5363 2723 5428 Θεὸς
2779 5363 3039 5429 ἐπιδεῖξαι
3086 5365 3197 5426 τοῖς
3242 5363 3597 5432 κληρονόμοις
3635 5359 3733 5428 τῆς

2159 5456 2492 5526 ἐπαγγελίας
2528 5456 2589 5509 τὸ
2612 5456 2944 5526 ἀμετάθετον
2967 5455 3066 5525 τῆς
3105 5454 3300 5525 βουλῆς
3326 5451 3514 5518 αὑτοῦ,
3548 5448 3737 5521 ἐμεσίν

468 5560 658 5597 τευσεν
684 5546 832 5615 ὅρκῳ
856 5583 871 5607 ,
901 5544 985 5597 ἵνα
1024 5543 1114 5598 διά
1151 5545 1245 5599 δύο
1285 5546 1629 5617 πραγμάτων
1659 5541 2029 5613 ἀμεταθέτων,
2071 5544 2129 5597 ὲν
2164 5538 2245 5608 οἷς
2273 5545 2534 5600 ἀδύνατον
2566 5544 2871 5613 ψεύσασθαι
2917 5545 3007 5600 τὸν
3061 5544 3213 5609 Θεὸν,
3249 5541 3482 5614 ἰσχυρὰν
3554 5538 3735 5609 παρά.

470 5635 663 5705 κλησιν
694 5635 926 5706 ῑχωμεν,
966 5638 1012 5689 οἱ
1035 5638 1441 5705 καταφυγόντες
1468 5637 1742 5709 κρατῆσαι
1771 5635 1868 5707 τῆς
1916 5638 2277 5709 ποοκειμένης
2304 5639 2535 5703 ἐλπίδος.
2582 5659 2600 5692 ›

532 5751 575 5783 ³⁸
601 5751 736 5809 Gen.
761 5770 852 5819 xv,
885 5754 980 5821 i5;
1033 5756 1151 5809 Act.
1191 5772 1283 5821 vu,
1333 5757 1384 5810 6.
1458 5757 1496 5788 ³⁷
1528 5756 1697 5811 Hebr.
1724 5773 1794 5823 vt,
1845 5758 2031 5814 1548.
