4056 6260
314 377 414 437 121

1329 393 1850 452 GLAPHYRORUH
1884 397 1954 453 IN
1986 397 2287 456 GENESII
2324 401 2454 458 LIB.
2492 402 2579 459 ΠΙ.

3460 412 3565 470 121

384 504 448 552 ι’.
492 498 973 570 Οἰκονομικώτατα
1001 505 1178 561 τοίνυν
1201 507 1471 579 ἐνώμοτον
1501 513 1603 581 τήν
1636 514 1857 582 tuane

2012 514 2118 584 ³12
2131 516 2182 571 5.
2202 516 2632 575 Pmdentiasime
2643 519 2810 591 igitur
2821 521 2968 578 Deus
2978 520 3394 593 promissionem
3406 523 3561 595 jure~
3578 536 3579 539 ‘

313 584 433 640 λίαν
460 587 697 641 ἐποιεῖτο
717 588 866 655 Θεὸς,
901 592 1077 647 καίτοι
1104 594 1420 665 ψευδοεπείν
1447 600 1547 652 οὐκ
1563 600 1718 665 εἰδώς
1740 619 1754 634 ο
1787 602 1878 665 ἶν’,

313 674 390 740 ὡς
412 676 443 728 6
472 675 758 744 θεσπέσιος
785 684 982 753 γράφει
1012 686 1252 753 Παῦλος,
1283 689 1509 761 ισχυράν
1537 691 1750 762 εχωμεν
1779 694 1880 763 τήν

313 766 677 839 παράκλησιν,
700 772 780 824 δτι
808 773 951 843 πρὸς
967 775 1141 847 πέρας
1166 778 1460 850 ἐκϐήσεται
1494 783 1669 854 πάντη
1697 801 1756 838 τε
1786 787 1880 839 καὶ

314 856 533 922 πάντως
570 861 670 914 οὐκ
709 863 1073 930 ἐνδοιάζοντος
1115 866 1219 921 ἔτι.
1274 871 1485 924 οὐκοῦν
1533 872 1731 943 (βραχὺ
1771 876 1879 945 γὰρ

313 951 502 1005 ἀνόπιν
521 954 837 1025 ἀνακομίσαι
856 957 949 1013 τὸν
971 957 1149 1030 λόγον)
1178 961 1237 1016 ιν
1259 960 1443 1016 ὠδῖσιν
1470 963 1553 1018 ἔτι
1577 966 1676 1034 τῆς
1700 967 1879 1039 Ἀγαρ

309 1041 541 1113 ἐχούσης
568 1043 920 1119 τὺνἹσμαὴλ,
945 1048 1402 1124 δεδυσφόρηκενή
1436 1054 1645 1126 Σάρρα,
1672 1054 1772 1126 τῆς
1799 1056 1878 1111 σί-

307 1134 564 1201 κογενοῦς
606 1136 704 1190 οὐκ
757 1140 1057 1221 ἐνεγκοῦσα
1111 1141 1255 1213 τάχα
1304 1160 1408 1198 που
1460 1146 1530 1199 τὰ
1561 1146 1656 1200 ἐπί
1690 1164 1754 1216 γε
1798 1151 1876 1221 τῷ

305 1228 593 1294 κυοφορείν
647 1212 956 1298 αὐχήματα,
1006 1229 1102 1286 καὶ
1138 1212 1239 1302 τήν
1277 1232 1340 1286 οὐ
1388 1235 1616 1305 μετρίαν

304 1310 438 1371 Εἶτα
494 1316 595 1385 τῆς
638 1319 824 1382 ἑστίας
851 1321 1087 1388 ιλαύνει,
1145 1324 1239 1377 καὶ
1274 1319 1447 1397 οὗπερ
1479 1326 1546 1381 ἂν
1577 1328 1749 1383 ῑλοιτο
1774 1330 1874 1401 βα-

299 1405 466 1471 δίζειν
491 1408 763 1476 ἐκέλευεν,
807 1410 1031 1482 ἐφέντος
1079 1414 1217 1487 αὐτῇ
1242 1416 1401 1471 τοῦτο
1439 1417 1572 1489 δρᾷ-δ
1607 1419 1702 1473 τοῦ
1733 1421 1875 1476 κατὰ

300 1494 469 1564 νόμον
514 1500 933 1569 συνῳκηκότος,
975 1505 1120 1574 φημὶ
1154 1504 1218 1577 δὴ
1268 1506 1365 1561 τοῦ
1422 1508 1692 1581 Ἁϐραάμ.
1731 1512 1872 1566 Ἀλλ’

278 1584 378 1649 ’ὡς
410 1586 472 1640 τὸ
508 1588 749 1659 Γράμμα
778 1593 914 1661 φησὶ
949 1593 1013 1647 τὸ
1041 1595 1202 1666 ἱερὸν,
1247 1615 1267 1649 ι
1306 1591 1477 1671 Εὗρεν
1506 1602 1674 1674 αὐτήν
1701 1603 1872 1673 ἄγγε-

297 1675 393 1739 λος
416 1678 626 1748 Κυρίου
682 1680 777 1734 τοῦ
808 1681 943 1736 Θεοῦ
976 1686 1070 1738 ἐπὶ
1110 1687 1209 1757 τῆς
1237 1691 1421 1761 πηγῆς
1452 1692 1548 1745 τοῦ
1590 1694 1781 1759 ὓδατος
1808 1698 1871 1750 ὲν

297 1769 368 1837 τῇ
395 1768 591 1840 ἐρήμῳ
615 1770 673 1823 ιν
700 1774 766 1842 τῇ
795 1771 899 1843 ὁδῷ
930 1774 1089 1844 Σούρ.
1117 1777 1224 1841 Kal
1249 1776 1404 1834 εἶπεν
1425 1782 1562 1854 αὐτῇ
1586 1786 1618 1837 6
1640 1785 1871 1854 ἄγγελος

1976 614 2214 685 jurando
2247 617 2609 685 conﬁrmavit,
2647 634 2773 676 cum
2814 622 3018 692 alioqui
3062 621 3282 678 mentiri
3328 624 3558 689 nesciat,

1983 719 2062 776 ut,
2084 714 2544 782 quemadmodum
2569 717 2788 774 divinus
2810 718 3013 775 Paulus
3040 722 3234 777 scribit
3254 721 3318 787 ⁸³,
3342 721 3560 778 ﬁrmum

1980 811 2233 867 solatium
2277 812 2578 872 habeamus
2603 817 2780 888 ipsum
2827 819 3032 889 absque
3083 822 3192 876 ullo
3236 822 3404 877 dubio
3437 837 3564 883 uro-

1980 911 2267 967 missiones
2294 930 2422 970 suas
2444 915 2509 970 ad
2539 917 2701 973 ﬁnem
2735 920 3149 990 perducturum.
3178 921 3444 990 Quocirca
3471 923 3562 994 (li-

1978 1007 2073 1064 bet
2098 1012 2243 1066 enim
2271 1014 2435 1084 paulo
2450 1016 2611 1072 altius
2624 1034 2930 1076 sermonem
2953 1021 3223 1093 repetere)
3248 1037 3371 1077 cum
3381 1021 3562 1077 adhuc

1976 1109 2120 1182 Agar
2158 1111 2443 1170 lsmaelem
2472 1124 2630 1174 utero
2690 1131 2951 1191 gestaret,
2986 1124 3214 1179 moleste
3253 1123 3380 1188 tulit
3403 1122 3558 1190 Sara.

1974 1238 2087 1280 non
2133 1224 2319 1285 ferens
2357 1231 2620 1289 nimirum
2652 1251 2825 1292 servae
2853 1237 2926 1293 ob
2970 1237 3362 1296 fecunditatem
3399 1253 3558 1293 arro-

1972 1328 2215 1397 gantiam
2261 1341 2319 1386 et
2349 1335 2556 1404 grande
2592 1337 2966 1407 supercilium.
2994 1339 3199 1395 Deinde
3242 1339 3405 1396 domo
3453 1340 3559 1412 eji-

1973 1426 2070 1492 cit,
2096 1438 2153 1483 et
2173 1445 2285 1499 quo
2310 1431 2547 1488 voluerit
2570 1435 2651 1490 ire
2671 1435 2848 1506 jubet,
2875 1438 3166 1493 mandante
3185 1437 3444 1493 nimirum
3479 1439 3558 1496 illi

1973 1534 2036 1580 ut
2060 1526 2165 1583 hoc
2192 1528 2398 1586 faceret
2449 1532 2692 1604 legitimo
2728 1551 2827 1590 suo
2856 1538 3072 1603 marito,
3107 1537 3380 1592 Abraham
3406 1538 3561 1592 scili-

1972 1627 2060 1673 cet
2083 1618 2149 1673 ³⁸.
2181 1619 2474 1689 (ἔπιθι-ωτι,
2521 1631 2583 1679 ut
2609 1640 2760 1681 sacra
2822 1626 3103 1698 Scriptura
3135 1630 3250 1695 ait,
3296 1650 3315 1681 ι
3343 1629 3556 1684 Invenit

1972 1727 2093 1767 eam
2122 1714 2346 1784 angelus
2379 1715 2595 1771 Domini
2629 1718 2783 1788 juxta
2818 1718 3021 1774 fontem
3063 1735 3217 1790 aqum
3255 1720 3312 1773 in
3339 1720 3557 1775 deserto

1973 1799 2029 1854 in
2055 1800 2143 1855 via
2168 1801 2294 1857 Sur.
2336 1803 2407 1860 Et
2430 1805 2569 1861 dixit
2600 1806 2676 1861 illi
2720 1808 2946 1879 angelus
2978 1808 3192 1863 Domini
3230 1826 3243 1862 :
3275 1809 3419 1879 Agar
3460 1825 3557 1863 an.

298 1857 539 1927 Κυρίουο
580 1861 755 1932 Ἅγαρ
787 1863 1046 1968 παιδίσκη
1093 1867 1344 1938 Σάρῤας,
1385 1870 1551 1925 πόθεν
1578 1873 1742 1947 ερχῃς
1775 1878 1857 1930 κα]

1973 1892 2098 1947 eilia
2115 1893 2283 1961 Sarae,
2316 1896 2460 1951 unde
2487 1897 2673 1962 venis,
2697 1906 2753 1952 et
2776 1857 2885 1968 {uo
2906 1898 3089 1952 vadis?
3116 1898 3182 1953 Et
3204 1899 3281 1953 ait
3306 1857 3393 1953 ΓΑ
3417 1897 3554 1953 facie

299 1944 402 1998 ποῦ
435 1947 668 2019 mpsim;
691 1951 798 2004 Kal
825 1946 1001 2005 εἶπενο
1033 1954 1168 2009 Ἀπὸ
1196 1956 1491 2025 προσώπου
1766 1962 1868 2034 τῆς

298 2034 499 2104 κυρίας
528 2054 631 2106 μου
664 2039 777 2106 ἐγὼ
801 2038 1204 2111 ἀποδιδράσκω.
1236 2042 1372 2098 Eine
1394 2046 1459 2099 δὲ
1485 2048 1624 2119 αὐτῇ
1647 2052 1677 2103 6
1708 2051 1871 2120 ἄγγε-

298 2125 392 2189 λος
422 2128 649 2197 Κυρίου·
689 2130 1098 2203 ’Δποστρὰφηθι
1132 2135 1269 2206 πρὸς
1293 2137 1392 2208 τήν
1410 2140 1606 2211 κυρίαν
1625 2157 1741 2206 σου,
1774 2145 1868 2198 καὶ

299 2216 669 2288 ταπεινώθητι
695 2219 801 2272 ὑπὸ
832 2220 929 2284 τὰς
955 2226 1142 2295 χεῖρας
1160 2228 1383 2297 αὐτῆς.»
1402 2229 1512 2282 Καὶ
1537 2231 1867 2303 ὑπενόστησι

299 2307 402 2376 μὲν
448 2311 481 2379 ή
523 2309 716 2379 ¹Ἅγαρ,
767 2313 862 2366 καὶ
910 2313 1000 2367 τὸν
1043 2315 1143 2385 τῆς
1193 2316 1435 2384 δουλείας
1468 2321 1638 2377 ὑπέδυ
1678 2322 1865 2393 ζυγόν.

307 2397 644 2465 Ἐνομοθέτει
690 2399 748 2453 δὲ
807 2401 898 2454 καὶ
952 2401 1083 2466 Θεὸς
1129 2403 1247 2479 ήδη,
1288 2405 1387 2477 τήν
1435 2410 1742 2482 περιτομὴν
1785 2412 1866 2484 τῷ

301 2489 574 2562 Ἀϐραὰμ.
614 2490 808 2561 λέγων·
856 2512 875 2545 ι
915 2495 989 2549 Σὺ
1024 2496 1082 2550 δὲ
1115 2498 1215 2570 τὴν
1251 2499 1515 2573 διαθήκην
1548 2523 1651 2574 μου
1675 2506 1865 2579 διατη-

286 2582 497 2654 ρήσεις,
522 2584 588 2638 σὺ
619 2584 796 2639 καὶτὸ
826 2586 1049 2659 σπέρμα
1077 2606 1171 2648 σου
1195 2592 1335 2662 μετὰ
1362 2594 1421 2648 σὲ
1441 2598 1522 2659 είς
1544 2598 1643 2662 τὰς
1670 2598 1864 2667 γενεὰς

282 2674 486 2727 αὐτῶν.
510 2675 617 2728 Καὶ
646 2673 783 2747 αὕτη
809 2680 843 2747 ή
876 2677 1110 2751 διαθήκη
1141 2682 1209 2753 ήν
1237 2682 1601 2756 διατηρήσεις.
1632 2689 1739 2743 ἀνὰ
1765 2690 1861 2760 μέ-

285 2781 378 2818 σον
411 2764 547 2835 ἐμοῦ
594 2767 688 2844 καὶ
723 2769 901 2837 ὑμῶν,
936 2771 1033 2825 καὶ
1069 2772 1175 2827 ἀνὰ
1207 2773 1372 2844 μέσον
1414 2777 1508 2831 τοῦ
1545 2780 1861 2851 σπέρματός

285 2872 380 2909 σου
424 2858 504 2920 είς
530 2857 645 2940 ,τὰς
693 2860 888 2929 γενεὰς
928 2861 1132 2918 αὐτῶν.
1182 2864 1656 2940 Περιτμηθήσεται
1704 2872 1860 2941 ὑμῶν

289 2946 400 3001 πᾶν
438 2935 742 3018 ἀρσενικὸν,
773 2951 869 3004 καὶ
909 2935 1385 3025 περιτμηθήσεσθε
1417 2935 1526 3029 ⁷τήν
1556 2935 1859 3034 σάρκα-τῆς

288 3034 653 3102 ἀκροϐυστίας
679 3038 853 3108 ὑμῶν,
888 3042 981 3094 καὶ
1027 3041 1179 3096 ἔσται
1221 3046 1301 3108 είς
1335 3049 1561 3116 σημεῖον
1591 3048 1859 3121 διαθήκης

1971 1983 2121 2040 Sara:
2161 1986 2396 2042 dominae
2428 2004 2562 2044 mea:
2602 1988 2768 2061 fugio.
2815 1990 2963 2045 Dixit
2985 1999 3167 2044 autem
3202 1990 3252 2044 ei
3283 1990 3507 2061 angelus
3536 2007 3550 2044 :

1970 2075 2269 2132 Revertere
2299 2078 2365 2133 ad
2406 2077 2682 2134 dominam
2708 2090 2877 2145 tuam,
2912 2089 2967 2134 et
2994 2080 3285 2134 humiliare
3307 2079 3410 2133 sub
3436 2094 3554 2133 ma-

1968 2162 2135 2218 nibus
2163 2166 2282 2236 ejus
2306 2165 2372 2220 “.
2407 2185 2425 2218 ι
2463 2167 2533 2223 Et
2567 2175 2786 2223 reversa
2840 2176 2925 2223 est
2967 2168 3129 2237 Agar,
3168 2176 3225 2221 et
3276 2167 3555 2222 servitutis

1961 2254 2154 2325 jugum
2190 2256 2381 2313 subiit.
2416 2257 2760 2330 Praeseripsit
2793 2266 2976 2313 autem
3025 2258 3290 2313 Dominus
3328 2255 3557 2311 Abrahae

1967 2340 2469 2416 circumcisionem,
2488 2348 2679 2407 dicens
2708 2367 2721 2403 :
2757 2369 2774 2401 ι
2806 2350 2889 2404 Tu
2911 2357 3094 2405 autem
3124 2356 3343 2419 pactum
3370 2359 3553 2401 meum

1964 2438 2267 2505 custodies,
2297 2446 2355 2494 tu
2380 2448 2437 2497 et
2477 2457 2664 2497 semen
2684 2450 2841 2497 tuum
2863 2448 2989 2512 post
3014 2442 3155 2506 te,in
3174 2437 3556 2511 generationes

1964 2543 2108 2585 suas.
2138 2530 2209 2586 Et
2250 2531 2354 2586 hoc
2394 2541 2616 2602 paetum
2656 2532 2804 2603 quod
2844 2531 3164 2587 observabis
3209 2530 3353 2585 inter
3383 2543 3471 2583 me
3498 2536 3556 2582 et

1962 2634 2081 2684 vos,
2112 2628 2169 2674 et
2194 2621 2339 2676 inter
2360 2638 2547 2680 semen
2585 2634 2740 2679 tuum
2768 2624 2823 2678 in
2848 2623 3229 2695 generationes
3256 2636 3400 2677 suas.
3429 2619 3553 2675 Cir-

1960 2712 2306 2768 eumeidetur
2321 2714 2479 2769 vobis
2502 2730 2663 2770 omne
2690 2716 3077 2779 masculinum,
3103 2722 3159 2769 et
3196 2711 3558 2769 circumcide-

1959 2802 2032 2855 tis
2055 2818 2276 2861 carnem
2294 2807 2545 2877 praaputii
2568 2808 2759 2872 vestri,
2782 2814 2836 2862 et
2860 2807 2968 2862 erit
3005 2807 3061 2861 in
3086 2806 3301 2877 signum
3330 2804 3557 2859 foederis

1959 2895 2106 2949 inter
2131 2910 2219 2949 me
2246 2905 2303 2950 et
2327 2912 2443 2952 vos.
2484 2898 2553 2953 Et
2578 2898 2759 2953 infans
2790 2906 2915 2952 octo
2943 2897 3165 2952 dierum
3189 2893 3554 2950 circumcide-

1959 2989 2058 3035 tur
2078 2984 2256 3049 vobis,
2280 3001 2441 3041 omne
2459 2988 2823 3042 masculinum
2840 2987 2897 3040 in
2921 2986 3302 3056 generationes
3322 2989 3550 3037 vestras.

1958 3072 2302 3129 Vernaculus
2353 3077 2551 3131 domus
2578 3089 2707 3142 tuae,
2745 3087 2803 3132 et
2829 3078 3115 3147 emptitius
3144 3091 3211 3130 ex
3242 3074 3390 3129 omni
3441 3072 3554 3129 ﬁlio

288 3126 399 3179 ἀνὰ
430 3126 594 3197 μέσον
625 3129 757 3200 ἐμοῦ
788 3131 880 3184 καὶ
912 3133 1083 3204 ὑμῶν.
1114 3136 1223 3190 Kal
1266 3138 1478 3192 παιδίον
1518 3140 1857 3214 ὀκταήμερον

2113 3126 2298 3129 νηη-
2361 3126 2548 3131 _-____-
2582 3126 2707 3142 __--,
2750 3126 2801 3132 η
2836 3126 3111 3147 Mr---"
3151 3126 3211 3130 -_
3504 3126 3545 3129 ,-

1959 3164 2160 3229 alieno,
2206 3166 2302 3237 qui
2344 3183 2454 3222 non
2506 3179 2590 3225 est
2619 3169 2687 3224 de
2734 3170 2943 3224 semine
2990 3180 3106 3233 tuo,
3135 3166 3553 3223 circumcisione

287 3219 758 3290 περιτμηθήσεται
789 3222 938 3293 ὑμῖν,
978 3226 1083 3279 πᾶν
1112 3226 1399 3299 ἀρσενικὸν
1421 3232 1501 3294 είς
1533 3232 1632 3295 τὰς
1660 3234 1854 3301 γενεὰς
1882 3217 1923 3275 C

284 3308 463 3379 ὑμῶν.
508 3311 566 3366 '0
608 3312 890 3385 οἰκογενής
939 3316 1033 3369 καὶ
1067 3319 1095 3370 6
1132 3319 1542 3394 ἀργυρώνητος,
1580 3325 1689 3379 ἀπὸ
1718 3344 1857 3381 παν-

280 3403 375 3464 τὸς
413 3400 530 3455 υἱοῦ
562 3402 863 3474 ἀλλοτρίου,
906 3406 965 3471 ὃς
1003 3408 1105 3464 οὐκ
1141 3410 1289 3466 ἔστιν
1313 3414 1379 3467 ὲκ
1413 3414 1507 3469 τοῦ
1541 3417 1855 3489 σπέρματός

284 3509 407 3557 σου,
450 3498 718 3566 περιτομῇ
750 3498 1242 3572 περιτμηθήσεται,
1271 3505 1301 3557 6
1333 3507 1614 3579 οἰκογενὴς
1647 3512 1746 3582 τῆς
1778 3512 1854 3565 οι-

280 3581 406 3646 κίας
432 3600 524 3636 σου
557 3584 652 3639 καὶ
697 3588 726 3640 6
752 3587 1155 3661 ἀργυρώνητος.
1190 3595 1300 3649 Kal
1346 3594 1499 3651 ἔσται
1541 3600 1576 3671 ή
1620 3599 1852 3675 διαθήκη

280 3692 385 3746 μου
434 3675 527 3729 ἐπὶ
571 3677 670 3745 τῆς
719 3680 923 3752 σαρκὸς
964 3682 1141 3755 ὑμῶν,
1176 3686 1257 3750 είς
1304 3686 1569 3762 διαθήκην
1612 3692 1848 3753 αἰώνιον.

276 3765 389 3820 Καὶ
427 3766 798 3840 ἀπερίτμητος
836 3771 1032 3843 ἄρσην,
1060 3773 1119 3837 6;
1148 3776 1209 3829 οὐ
1245 3778 1717 3853 περιτμηθήσεται
1750 3787 1850 3856 τὴν

275 3856 460 3928 σάρκα
493 3857 593 3928 τῆς
621 3859 989 3930 ἀκροϐυστίας
1025 3865 1214 3932 αὐτοῦ,
1252 3870 1319 3938 τῇ
1359 3869 1626 3943 ἡμέρᾳ-τῇ
1661 3875 1849 3947 ὀγδόῃ.

270 3945 789 4021 ἑξολοθρευθήσεται
827 3953 861 4023 ή
898 3953 1044 4025 ψυχὴ
1080 3955 1264 4028 ἐκείνη
1303 3960 1368 4013 ὲκ
1396 3959 1495 4015 τοῦ
1523 3962 1709 4031 γένους
1748 3945 1850 4017 a67-

265 4038 392 4106 τῆς,
437 4037 519 4093 ὅτι
562 4039 664 4111 τὴν
706 4040 967 4114 διαθήκην
1008 4064 1109 4116 μου
1152 4048 1519 4106 διεσκέδασεν.
1563 4072 1582 4105 ι
1629 4054 1847 4125 Ἐπειδὴ

262 4127 328 4182 δὲ
362 4125 431 4199 ἦν
458 4132 757 4199 ἀναγκαῖον
785 4138 903 4199 τοῖς·
922 4134 1086 4201 θείοις
1139 4140 1385 4195 ὑπείκειν
1418 4145 1628 4213 νόμοις,
1691 4162 1848 4216 περι-

266 4219 484 4290 ετμήθη
525 4220 623 4290 μὲν
645 4224 674 4275 6
705 4221 988 4290 θεσπέσιος
1003 4228 1253 4300 ’Δϐραὰμ
1277 4234 1518 4287 πανοικί.
1544 4234 1847 4306 Περιέτεμε

264 4308 324 4362 δὲ
352 4311 447 4364 καί
471 4314 583 4376 τοῖς
613 4313 794 4379 ἄλλοις
832 4317 969 4387 ὁμοῦ
1007 4319 1097 4373 τὸν
1167 4323 1406 4395 Ἰσμαήλ.
1452 4324 1492 4377 Γ
1494 4326 1752 4397 εγένηται
1785 4329 1844 4383 δὲ

264 4401 454 4455 λοιπὸν
480 4403 510 4455 6
539 4404 606 4456 ὲκ
637 4404 736 4474 τῆς
778 4406 1084 4481 ἐλευθέρας,
1115 4414 1393 4467 τουτέστιν
1421 4415 1450 4466 6
1492 4417 1696 4475 Ἰσαάκ.
1734 4421 1843 4477 Kal

1956 3256 2404 3323 eireumcidetur,
2436 3259 2767 3315 vernaculus
2797 3260 2993 3315 domus
3017 3269 3123 3315 tum
3151 3269 3208 3315 et
3234 3257 3548 3329 emptitius:

1954 3357 2011 3404 et
2052 3350 2160 3406 erit
2191 3362 2411 3422 pactum
2470 3368 2655 3407 meum
2714 3354 2773 3408 in
2818 3368 2984 3409 carne
3017 3362 3224 3414 vestra,
3264 3351 3320 3405 in
3372 3348 3552 3405 fmdus

1952 3448 2243 3496 uernum.
2282 3443 2351 3498 Et
2376 3443 2797 3501 incircumcisus
2834 3444 3130 3509 musculus,
3162 3443 3255 3513 qui
3293 3456 3405 3497 non
3438 3442 3549 3496 cir-

1953 3532 2297 3589 cumeidetur
2336 3550 2556 3591 carnem
2597 3539 2849 3608 prteputii
2896 3538 2982 3593 sui
3012 3538 3068 3592 in
3098 3537 3188 3593 die
3208 3547 3421 3602 octava,
3456 3552 3551 3591 ex-

1954 3624 2342 3692 terminabitur
2368 3636 2424 3682 et
2450 3626 2729 3684 delcbitur
2770 3628 2951 3683 anima
2992 3628 3085 3682 illa
3115 3628 3182 3682 de
3201 3643 3399 3699 genere
3421 3641 3544 3691 suo,

1950 3717 2077 3786 quia
2113 3725 2331 3786 paetum
2369 3735 2551 3775 meum
2579 3720 2945 3791 dissipavit“.
2985 3740 3003 3772 ι
3047 3719 3184 3775 Cum
3223 3720 3409 3789 itaque
3442 3734 3544 3773 ne-

1949 3809 2247 3862 cessarium
2268 3819 2414 3865 esset
2437 3811 2642 3867 divinis
2657 3812 2871 3882 legibus
2890 3812 3288 3880 obtemperare,
3308 3809 3546 3863 circum-

1947 3898 2096 3953 eisus
2144 3900 2368 3969 quidem
2405 3911 2489 3955 est
2536 3902 2812 3955 Abraham
2874 3915 2998 3954 eum
3028 3899 3284 3951 universa
3316 3895 3539 3951 familia.

1946 3984 2306 4040 Circumcidit
2340 3997 2522 4041 autem
2561 4002 2665 4040 una
2698 4001 2824 4039 cum
2871 3986 2994 4039 aliis
3034 3984 3199 4037 etiam
3235 3981 3542 4039 lsmaeiem.

1948 4074 2120 4129 Natus
2151 4086 2333 4129 autem
2351 4084 2435 4130 est
2457 4083 2647 4145 postea
2669 4074 2813 4129 ﬁlius
2834 4092 2901 4129 ex
2918 4075 3115 4138 libera,
3135 4073 3243 4128 hoc
3271 4080 3354 4128 est
3372 4072 3542 4127 Isaac.

1947 4163 2087 4229 Quid
2117 4165 2186 4219 ad
2218 4166 2368 4220 haec?
2400 4166 2588 4236 Neque
2623 4181 2753 4220 vero
2779 4168 2889 4237 jam
2928 4164 3231 4222 tolerabilis
3262 4174 3378 4220 erat
3412 4180 3545 4235 spu-

1947 4256 2062 4312 rius
2092 4258 2238 4314 ﬁlius
2287 4260 2482 4315 ludens
2512 4260 2568 4314 in
2602 4260 2767 4315 domo
2808 4260 2913 4331 '73
2948 4260 3161 4324 lsmael,
3203 4261 3291 4314 cui
3330 4269 3543 4315 tantum

1944 4346 2061 4405 fere
2090 4351 2318 4407 honoris
2346 4353 2697 4409 deferebatur
2724 4362 2887 4424 atque
2931 4355 3099 4409 lsaac.
3143 4373 3160 4405 ι
3189 4354 3337 4408 Vidit
3370 4352 3540 4417 enim,

1945 4435 2144 4508 inquit,
2177 4440 2310 4495 Sara
2351 4441 2521 4496 ﬁlium
2584 4443 2728 4513 Agar
2765 4443 3047 4515 Aigyptiae,
3075 4443 3168 4512 qui
3214 4452 3375 4497 natus
3421 4451 3543 4497 erat

260 4493 318 4544 τί
342 4491 406 4546 τδ
439 4493 576 4562 μετὰ
598 4492 784 4565 τοῦτο;
811 4500 886 4553 Οὐ
914 4504 1150 4573 φορητὸς
1168 4501 1237 4575 ήν
1272 4505 1352 4558 ἔτι
1385 4509 1413 4560 6
1440 4509 1593 4573 νόθος
1620 4512 1841 4584 ἀθύρων

2180 4491 2310 4495 πη
2352 4491 2521 4496 ρ--η-
2584 4491 2718 4513 "om
2765 4491 3047 4515 --οη--η,
3080 4491 3168 4512 νιν
3214 4491 3373 4497 ----ς-η
3425 4491 3541 4497 ----ν

1956 4530 2195 4595 Abrahae,
2235 4531 2516 4587 ludentem
2539 4548 2662 4587 cum
2709 4533 2860 4587 Isaac
2888 4534 2999 4587 ﬁlio
3052 4550 3153 4588 suo
3182 4534 3247 4586 δ’.
3278 4553 3295 4584 ι
3332 4531 3542 4587 Deinde

262 4584 380 4647 υἱὸς
403 4584 544 4638 κατὰ
560 4586 657 4657 τὴν
667 4588 851 4643 ἑστίαν
866 4593 896 4644 6
916 4592 935 4644 Ι
942 4593 1147 4661 σμαὴλ,
1167 4596 1262 4648 καὶ
1282 4597 1339 4651 ὲν
1357 4597 1456 4668 ἴσῳ
1476 4616 1578 4653 που
1598 4603 1738 4673 τάχα
1759 4604 1837 4675 τῷ

275 4675 463 4729 Ἰσαὰκ
498 4677 826 4749 τιμώμενος.
848 4700 866 4733 ι
898 4677 1020 4736 Εἷδε
1035 4683 1174 4757 γὰρ,
1208 4688 1364 4758 φησὶ,
1398 4691 1584 4763 Σάρρα
1609 4693 1701 4747 τὸν
1722 4695 1835 4750 υίὸν

180 4771 193 4781 ’
262 4767 447 4836 Ἀγαρ
469 4766 570 4837 τῆς
606 4769 930 4837 Αἰγυπτίας,
961 4771 1019 4835 ὃς
1057 4774 1274 4841 ἐγένετο
1298 4778 1375 4849 τῷ
1408 4779 1684 4852 Ἀϐραὰμ,
1707 4783 1836 4838 παί-

255 4854 426 4919 ζοντα
448 4858 588 4927 μετὰ
623 4859 811 4915 Ἰσαὰκ
838 4861 934 4915 τοῦ
967 4863 1082 4917 υίοῦ
1113 4866 1305 4936 αὐτῆς.
1361 4888 1379 4921 ›
1414 4866 1550 4925 Εἶτα
1586 4873 1835 4943 πρόσεισι

251 4945 652 5019 δεδακρυμένη,
680 4951 900 5006 κατὰτὸ
926 4955 1090 5020 είκδς,
1123 4956 1216 5011 κα)⁵
1248 4957 1503 5026 λέγουσα⁸
1537 4980 1557 5014 ι
1594 4964 1833 5024 Ἔκϐαλε

251 5037 356 5106 τὴν
385 5037 681 5111 παιδίσκην
710 5041 936 5115 ταύτην,
987 5048 1081 5101 καὶ
1112 5048 1203 5102 τὸν
1242 5049 1357 5105 υἱὸν
1396 5053 1586 5123 αὐτῆς.
1618 5058 1692 5110 Οὐ
1723 5059 1832 5129 γὰρ

254 5127 348 5220 μή
368 5127 768 5220 κληρονομήσει
796 5137 826 5188 6
864 5137 976 5199 υίὸς
1004 5138 1107 5209 τῆς
1142 5141 1434 5214 παιδίσκης
1457 5145 1659 5218 ταύτης
1694 5127 1832 5220 μετᾶ

247 5214 351 5268 τοῦ
390 5216 505 5270 υἱοῦ
540 5236 643 5289 μου
684 5222 892 5278 Ἰσαάκ.
930 5226 1170 5299 Σκληρὸν
1205 5229 1297 5295 δὲ,
1335 5234 1522 5302 φησὶν,
1564 5214 1736 5309 eaad”
1770 5239 1831 5293 τὸ

246 5307 406 5391 ρῇμα
435 5309 637 5380 σφόδρα
661 5312 905 5367 ἐναντίον
943 5315 1188 5388 Ἀϐραὰμ
1228 5320 1357 5391 περὶ
1381 5323 1473 5376 τοῦ
1499 5323 1615 5377 υἱοῦ
1636 5307 1821 5382 αὑτοῦ.

244 5389 387 5448 him
423 5395 479 5450 δὲ
515 5400 543 5452 6
576 5398 711 5464 Θεὸς
742 5402 822 5473 τῷ
867 5405 1136 5476 Ἀϐραάμ·
1172 5409 1265 5478 Μὴ
1305 5389 1548 5483 σκληρὸν
1583 5415 1721 5471 ἔστω
1767 5421 1827 5474 τὸ

246 5484 403 5554 ῥῆμα
444 5488 685 5544 ἐναντίον
729 5507 822 5545 σου
863 5495 986 5565 περὶ
1028 5496 1120 5549 τοῦ
1163 5498 1375 5552 παιδίου
1434 5503 1526 5555 καὶ
1560 5507 1687 5577 περὶ
1728 5509 1828 5579 τῆς

243 5576 558 5652 παιδίσκης.
603 5582 793 5636 Πάντα
838 5584 935 5638 ὅσα
980 5586 1076 5640 ἐὰν
1122 5590 1250 5660 εἴπῃ
1297 5607 1376 5645 σοι
1424 5595 1630 5667 Σάρρα,
1665 5601 1828 5653 ἄκουε

1942 4622 2127 4692 prodit
2167 4622 2325 4686 ﬂens,
2358 4630 2420 4676 ut
2462 4624 2760 4678 verisimile
2806 4634 2909 4688 est,
2948 4639 3012 4677 ac
3062 4624 3291 4678 dicens:
3324 4641 3341 4674 ι
3389 4623 3540 4692 Ejiee

1941 4712 2192 4767 ancillam
2231 4712 2371 4768 hanc
2397 4722 2453 4768 et
2479 4712 2651 4768 ﬁlium
2689 4716 2825 4785 ejus.
2853 4715 2972 4769 Non
3011 4716 3157 4769 enim
3198 4714 3542 4770 haereditabit

1942 4802 2087 4857 ﬁlius
2122 4803 2335 4857 ancilla-
2382 4804 2548 4874 hujus
2580 4820 2704 4859 cum
2730 4806 2842 4860 ﬁlio
2866 4823 2988 4861 meo
3012 4807 3181 4861 Isaac.
3211 4808 3421 4859 Durum
3443 4822 3539 4859 au-

1942 4894 2073 4952 tem,
2095 4889 2292 4960 inquit,
2309 4891 2488 4945 visum
2508 4903 2593 4948 est
2612 4894 2840 4949 verbum
2865 4895 2969 4948 hoc
2987 4895 3339 4948 vehementer
3353 4908 3535 4947 coram

1940 4978 2214 5035 Abraham
2229 4981 2298 5037 de
2329 4982 2447 5037 ﬁlio
2469 4998 2587 5038 suo.
2612 4986 2761 5041 Dixit
2782 4995 2965 5041 autem
3000 4984 3391 5039 DcusAbrahte
3423 4985 3536 5040 :Ne

1938 5070 2137 5127 durum
2176 5074 2248 5129 sit
2286 5091 2472 5131 coram
2509 5085 2561 5131 te
2606 5077 2674 5133 de
2718 5078 2831 5132 ﬁlio
2872 5088 2929 5133 et
2975 5077 3042 5131 de
3079 5076 3296 5132 ancilla.
3341 5076 3535 5132 Omnia

1935 5176 2058 5230 qua:
2094 5162 2295 5218 dixerit
2338 5167 2437 5220 tibi
2486 5168 2640 5234 Sara,
2697 5170 2824 5224 audi
2859 5185 3050 5224 vocem
3120 5170 3258 5237 ejus,
3309 5169 3437 5237 quia
3478 5169 3532 5222 in

1937 5251 2085 5307 Isaac
2115 5254 2402 5312 vocabitur
2429 5258 2526 5313 tibi
2563 5276 2782 5325 semen;
2816 5260 2989 5313 ﬁlium
3034 5259 3198 5312 etiam
3235 5258 3447 5314 ancilla:
3482 5260 3534 5315 in

1932 5351 2149 5410 gentem
2183 5361 2434 5417 magnam
2455 5349 2670 5415 faciam,
2700 5350 2828 5419 quia
2865 5365 3053 5403 semen
3092 5357 3244 5401 tuum
3274 5358 3376 5415 est,
3403 5351 3533 5404 Sur-

1936 5434 2075 5489 rexit
2114 5447 2296 5491 autem
2348 5439 2619 5494 Abraham
2666 5455 2846 5503 mane,
2900 5448 2953 5493 et
3001 5438 3213 5509 accepit
3261 5455 3432 5510 panes
3478 5451 3535 5497 ct

1938 5530 2114 5576 utrem
2169 5540 2341 5594 aqum,
2389 5537 2445 5581 et
2489 5528 2640 5581 dedit
2685 5528 2847 5597 Agar,
2898 5539 2951 5583 ct
2987 5528 3248 5599 imposuit
3296 5544 3529 5599 puerum

1938 5624 2104 5678 super
2138 5613 2396 5666 humeros
2422 5616 2558 5684 ejus,
2610 5624 2662 5669 cl
2696 5615 2903 5671 dimisit
2928 5633 3069 5670 eam.
3109 5615 3314 5670 Abiens
3351 5628 3397 5665 θ·
3425 5627 3530 5669 tem

353 5753 591 5817 "Hebr.
620 5781 691 5831 vt,
728 5765 912 5821 lli-l8.
989 5768 1032 5800 "
1084 5770 1221 5825 Gen.
1263 5788 1369 5841 xvi,
1418 5776 1531 5831 {-6.
1611 5780 1654 5809 ⁸ο
1699 5779 1836 5836 Ibid.
1872 5783 1899 5836 7
1937 5784 1984 5838 9.
2068 5788 2106 5817 ⁴¹
2142 5788 2277 5844 Gen.
2322 5793 2617 5857 xvn,9-H.
2696 5797 2733 5825 ’³⁵
2770 5794 2908 5845 Cen.
2941 5792 3124 5850 “1.9.
