4056 6260
517 372 635 431 425

1553 377 1609 437 8.
1653 379 1929 438 CYRILLI
1969 384 2440 443 ALEXANDBINI
2478 386 2795 445 ARCHIEP.

3666 372 3795 450 ἰει

528 483 749 541 errabat
775 500 875 556 per
896 483 1174 541 desertum
1186 486 1339 558 juxta
1364 497 1591 559 puteum
1605 492 1931 551 Juramenti.
1953 492 2107 553 Defe-

2210 497 2312 569 τῆς
2348 499 2534 570 φωνῆς
2586 501 2793 572 αὐτῆς,
2839 502 2920 556 ὅτι
2963 503 3023 556 ἐν
3085 501 3270 556 Ἰσαάκ
3325 500 3659 574 κληθήσεταί
3707 522 3793 561 σοι

528 573 607 631 clt
645 582 823 630 autem
871 590 1011 645 aqua
1056 577 1214 643 utris,
1263 587 1321 633 et
1361 582 1590 652 projecit
1632 599 1864 654 puerum
1917 588 2109 644 subter

531 679 693 719 unam
738 663 998 731 abietem,
1042 673 1100 722 et
1131 666 1323 723 abiens
1366 668 1506 726 sedit
1534 688 1565 728 e
1607 675 1824 744 regione
1880 677 1999 748 ejus
2040 676 2109 733 de

527 755 707 826 longe,
735 754 892 825 quasi
922 771 1083 811 arcus
1111 758 1336 830 jactum.
1363 761 1507 818 Dixit
1538 764 1685 819 enim
1717 783 1728 818 :
1755 765 1875 821 Non
1909 767 2110 824 videbo

527 854 760 901 mortem
790 845 887 901 ﬁlii
924 849 1054 914 mei,
1094 859 1151 904 et
1176 851 1314 905 sedit
1340 867 1407 906 ex
1441 853 1689 910 adverso.
1726 855 1978 929 clamans
2007 875 2107 914 au-

464 990 469 996 ,
527 943 636 991 tem
676 951 814 1008 puer
851 937 1019 994 ﬂevit.
1050 941 1119 996 Et
1147 942 1425 999 exaudivit
1458 943 1600 1001 Deus
1628 962 1859 1016 puerum
1888 950 1955 1006 de
1989 952 2109 1007 loco

456 1027 469 1075 ἱ
526 1026 620 1081 ubi
649 1037 791 1083 erat.
813 1028 883 1084 Et
910 1030 1126 1088 vocavit
1162 1033 1388 1103 angelus
1416 1034 1630 1090 Domini
1660 1037 1801 1108 Agar
1839 1039 1908 1095 de
1945 1041 2104 1106 cmlo,

519 1123 581 1171 et
616 1114 758 1171 dixit
793 1118 846 1172 ei
877 1136 890 1171 :
916 1118 1058 1185 Quid
1112 1128 1214 1186 est,
1248 1121 1422 1194 Agar?
1462 1138 1530 1179 ne
1573 1126 1789 1192 timeas,
1830 1129 2109 1186 exaudivit

521 1206 673 1260 enim
707 1205 853 1263 Deus
879 1224 1069 1265 vocem
1104 1212 1261 1279 pueri
1287 1212 1356 1268 de
1382 1214 1504 1269 loco
1530 1215 1627 1270 ubi
1658 1224 1761 1271 est.
1788 1216 1982 1290 Surge,
2019 1234 2109 1276 ao-

508 1295 647 1365 ,cipe
693 1311 947 1367 puerum,
985 1305 1043 1353 et
1096 1307 1219 1355 tene
1257 1316 1419 1356 manu
1451 1311 1543 1359 tua
1582 1319 1731 1358 eum.
1776 1306 1845 1360 Et
1894 1308 2109 1377 aperuit

522 1384 671 1442 Deus
703 1388 892 1444 oculos
927 1390 1092 1455 illius,
1129 1398 1186 1446 et
1218 1391 1355 1448 vidit
1387 1403 1614 1463 puteum
1668 1410 1824 1466 aqua
1854 1397 2011 1464 vivae,
2052 1409 2109 1455 et

522 1476 679 1541 abiit,
713 1485 767 1533 et
786 1478 1029 1548 implevit
1062 1486 1240 1534 utrem
1261 1495 1423 1550 aqua,
1446 1490 1503 1535 et
1530 1480 1683 1535 dedit
1714 1494 1903 1551 potum
1934 1500 2108 1554 puero

519 1582 639 1622 suo.
680 1567 747 1623 Et
779 1566 884 1624 fuit
918 1568 1064 1624 Deus
1102 1583 1228 1624 cum
1258 1584 1452 1638 puero.
1493 1569 1561 1625 Et
1594 1573 1770 1627 crevit
1805 1574 1869 1627 ⁸³.
1900 1594 1918 1626 ι
1954 1576 2108 1631 Divi-

2211 587 2448 659 σπέρμα.
2479 589 2586 644 Καὶ
2617 590 2708 644 τὸν
2747 592 2861 646 υίδν
2886 592 2944 645 δὲ
2975 592 3072 662 τῆς
3107 591 3400 663 παιδίσκης
3428 592 3664 664 ταύτης,
3705 597 3791 660 τίς

2206 677 2359 740 ιθνος
2417 678 2559 748 μέγα
2602 681 2816 751 ποιήσω
2859 681 3042 746 αὐτὸν,
3088 683 3172 736 δτι
3215 681 3442 751 σπέρμα
3473 684 3569 735 σοῦ
3613 684 3785 739 ἐστιν.

2220 768 2445 840 Ἀνέστη
2490 769 2548 823 δέ
2597 770 2848 845 Ἀϐραὰμ
2888 773 2952 827 τὸ
2985 772 3153 844 πρωῒ,
3189 772 3284 827 καὶ
3327 772 3528 828 ἐλαϐεν
3584 773 3787 843 ἄρτους

2205 860 2300 912 καὶ
2326 860 2493 914 ἀσκὸν
2525 859 2736 925 ὕδατος,
2783 862 2878 915 καὶ
2906 862 3107 917 ἔδωκεν
3139 864 3338 934 Ἅγαρ,
3375 863 3471 917 καὶ
3512 861 3791 933 ἐπέθηκεν

2208 945 2295 997 ἐπὶ
2319 946 2411 999 τὸν
2434 940 2588 1016 ὦμον
2624 948 2718 1002 καὶ
2748 950 2810 1002 τὸ
2838 950 3072 1016 παιδίον,
3105 949 3201 1005 καὶ
3233 948 3555 1006 ἀπέστειλεν
3589 953 3782 1023 αὐτήν.

2220 1033 2551 1091 ’Δπελθοῦσα
2569 1037 2628 1091 δέ
2669 1038 2938 1094 ἐπλανᾶτο
2957 1039 3057 1111 τὴν
3094 1039 3320 1111 ερημον,
3351 1039 3492 1095 κατά
3521 1042 3584 1095 τὸ
3605 1041 3787 1113 φρέαρ

2207 1124 2300 1180 τοῦ
2332 1126 2559 1198 Ὅρκου.
2598 1126 2841 1193 Ἐξέλιπε
2858 1128 2916 1182 δέ
2940 1129 3000 1183 τὸ
3033 1129 3179 1201 ὕδωρ
3222 1131 3294 1184 ἐκ
3333 1130 3427 1184 τοῦ
3457 1129 3651 1194 ἀσκοῦ,
3687 1131 3782 1189 καὶ

2207 1216 2397 1288 ἔρριψε
2424 1217 2487 1271 τὸ
2530 1218 2740 1273 παιδίον
2765 1220 3025 1274 ὑποκάτω
3059 1223 3189 1292 μιᾶς
3208 1220 3428 1286 ἐλάτης.
3446 1219 3785 1277 ’Δπελθοῦσα

2205 1307 2284 1371 δέ,
2321 1308 2559 1381 ἐκάθητο
2604 1310 2865 1385 ἀπέναντι
2897 1309 3060 1364 αὐτοῦ
3118 1310 3417 1384 μακρόθεν,
3463 1310 3596 1364 ὡσεὶ
3626 1310 3786 1376 τόξου

2208 1396 2388 1469 βολήν.
2422 1394 2556 1454 Eius
2585 1400 2696 1471 γάρ
2723 1418 2737 1432 ·
2774 1401 2849 1455 Οὐ
2899 1401 2974 1474 μὴ
3005 1400 3099 1456 ἴδω
3129 1401 3221 1456 τὸν
3267 1401 3496 1455 θάνατον
3524 1399 3621 1455 τοῦ
3656 1418 3786 1454 παι-

2206 1488 2319 1543 δίου
2360 1506 2485 1561 μου,
2511 1492 2606 1545 καὶ
2639 1491 2893 1547 ἐκάθισεν
2921 1493 3181 1547 ἀπέναντι
3211 1493 3400 1552 αὐτοῦ,
3449 1493 3790 1563 ’Δναϐοῆσαν

2205 1578 2261 1634 δὲ
2312 1580 2374 1633 τὸ
2424 1582 2636 1636 παιδίον
2687 1582 2971 1637 ἔκλαυσεν.
3019 1584 3324 1655 Είσήκουσε
3363 1583 3421 1637 δέ
3450 1585 3479 1637 ὁ
3506 1568 3642 1645 Geo;
3683 1576 3799 1652 τῆξ

517 1674 623 1714 nus
639 1659 788 1715 enim
808 1659 1087 1714 Abraham
1120 1660 1239 1730 lege
1279 1669 1508 1727 naturae,
1557 1678 1679 1732 qua;
1717 1664 1877 1725 nobis
1908 1666 2107 1724 libero-

2208 1669 2395 1740 φωνῆς
2422 1671 2516 1726 τοῦ
2550 1672 2765 1727 παιδίου
2800 1676 2867 1728 ἐκ
2897 1674 2999 1728 τοῦ
3043 1675 3212 1729 τόπου
3241 1671 3306 1730 οῦ
3327 1671 3419 1746 ἦν.
3454 1675 3564 1728 Καὶ
3593 1673 3786 1727 ἐκάλει

518 1765 643 1804 rum
666 1765 911 1805 amorem
939 1749 1157 1815 indidit,
1176 1750 1356 1805 victus
1382 1750 1625 1808 lsmaelis
1653 1770 1839 1810 curam
1861 1758 2105 1828 gerebat.

2208 1773 2301 1811 σεν
2329 1759 2559 1827 ἄγγελος
2589 1761 2681 1815 τοῦ
2708 1762 2844 1816 Θεοῦ
2873 1762 2970 1835 τὴν
2997 1764 3177 1834 Ἅγαρ
3201 1766 3265 1818 ἐκ
3284 1763 3381 1818 τοῦ
3407 1762 3661 1837 οὐρανοῦ,
3690 1761 3789 1816 καὶ

520 1840 815 1908 Postquam
853 1854 984 1894 vero
1015 1838 1199 1894 divino
1247 1840 1473 1896 oraculo
1507 1842 1751 1899 monitus
1777 1854 1879 1911 est,
1908 1857 1970 1903 ut
2002 1849 2103 1903 soli

2207 1845 2357 1904 εἶπεν
2386 1851 2551 1924 αὑτῇο
2582 1851 2647 1907 Τί
2677 1856 2849 1916 ἐστιν,
2889 1856 3103 1928 Ἀγαρς
3147 1856 3222 1927 μὴ
3259 1855 3428 1926 φοϐοῦ
3454 1871 3467 1888 ο
3500 1854 3789 1924 ἐπακήκοε

519 1930 670 1986 Isaac
694 1930 1019 1995 adhaereret,
1042 1940 1231 2002 utpote
1253 1931 1321 1987 ad
1352 1948 1513 2003 quem
1539 1936 1828 2006 promissio
1864 1940 2105 2009 pertineo

2207 1942 2317 2014 γὰρ
2341 1946 2370 1998 δ
2396 1943 2529 2010 Θεὸς
2557 1948 2659 2018 τῆς
2681 1948 2870 2019 φωνῆς
2901 1948 2996 2003 τοῦ
3021 1950 3237 2004 παιδίου
3265 1966 3360 2004 σου
3385 1950 3450 2004 ἐκ
3488 1948 3584 2004 τοῦ
3605 1949 3778 2003 τόπου

520 2020 634 2086 bat,
655 2022 863 2078 dimisit
893 2022 1116 2094 quidem
1141 2023 1301 2095 Agar,
1335 2033 1390 2080 et
1410 2042 1517 2081 una
1555 2043 1679 2082 cum
1703 2029 1910 2087 infante
1942 2032 2099 2090 herili

2207 2030 2266 2090 οῦ
2286 2034 2452 2093 εστιν.
2501 2038 2789 2111 Ἀνάστηθι
2823 2040 2917 2095 καὶ
2943 2040 3076 2096 λάϐε
3099 2041 3160 2095 τὸ
3192 2041 3423 2107 παιδίον,
3441 2042 3538 2096 καὶ
3572 2042 3781 2112 κράτη·

517 2111 682 2168 domo
725 2115 988 2171 excedere
1019 2116 1203 2187 jussit,
1235 2115 1440 2174 Christi
1476 2118 1739 2175 nimirum
1778 2124 2099 2195 mysterium

2207 2143 2301 2180 σον
2329 2132 2394 2201 τῇ
2439 2131 2582 2202 χειρί
2635 2148 2731 2185 σου
2774 2133 2930 2189 αὐτό.
2985 2134 3097 2189 Καὶ
3143 2134 3376 2205 ἀνέῳξεν
3416 2137 3447 2188 ὀ
3487 2111 3623 2197 Θιδςγ
3654 2134 3787 2196 τοὺς

515 2201 673 2272 legali
698 2210 823 2275 typo
850 2215 1322 2275 praemonstrante.
1815 2291 1827 2298 _

2207 2220 2516 2292 ὀφθαλμοὺς
2567 2225 2775 2297 αὐτῆς,
2825 2227 2919 2282 καὶ
2963 2223 3071 2281 εἶδε
3122 2201 3301 2298 φρέαρ
3329 2227 3520 2290 ὓδατος
3558 2226 3781 2291 ζῶντος,

514 2300 609 2353 καὶ
657 2300 929 2371 ἐπορεύθη
953 2341 968 2365 ,
1009 2302 1106 2354 καὶ
1156 2301 1358 2374 ἔπλησε
1410 2304 1501 2359 τὸν
1539 2306 1708 2360 ἀσκὸν
1745 2291 1960 2375 ὕδατος,
2005 2312 2100 2367 καὶ
2137 2315 2358 2370 ὲπότισε
2384 2291 2448 2371 τὸ
2480 2291 2714 2375 παιδίονξ
2738 2322 2849 2375 Καὶ
2880 2318 2949 2394 ἦν
2975 2291 3177 2387 ὁΘεδςπ
3219 2291 3355 2394 μετᾶ
3415 2321 3511 2379 τοῦ
3547 2320 3782 2387 παιδίου,

516 2392 611 2445 καὶ
649 2391 881 2465 ηὐξήθη.
915 2411 934 2446 ⁸
977 2395 1036 2447 Ὀ
1065 2394 1163 2464 μὲν
1195 2395 1304 2465 γὰρ
1368 2396 1651 2464 θεσπέσιος
1696 2400 1968 2475 Ἀϐραὰμ,
2000 2410 2112 2471 τοῖς
2145 2409 2246 2480 τῆς
2309 2412 2652 2481 φιλοπαιδίας
2698 2391 3011 2488 ἡττώμενος
3048 2391 3253 2488 νόμοις,
3315 2420 3652 2487 μετεποιεῖτο
3684 2415 3783 2470 τοῦ

527 2479 774 2555 Ἰσμαήλ.
822 2483 1041 2556 Ἐπειδὴ
1077 2486 1134 2540 δὲ
1160 2486 1221 2539 τὺ
1260 2485 1405 2540 θεῖον
1427 2489 1591 2543 αὐτὸν
1623 2492 1811 2547 ἐκάλει
1835 2479 2217 2570 χρησμῲδημα
2276 2479 2415 2573 πρὸς
2450 2520 2515 2573 γε
2560 2504 2623 2558 τὸ
2664 2479 2865 2577 χρῆναί
2917 2507 3063 2580 μόνῳ
3084 2479 3443 2578 προσκεῖσθαι
3489 2505 3566 2577 τῷ
3596 2506 3785 2561 Ἰσαάκ

511 2570 591 2637 ὡς
627 2574 714 2628 ἐπ’
746 2574 896 2645 αὐτῷ
938 2576 1239 2648 γενομένης
1289 2577 1386 2647 τῆς
1441 2578 1794 2649 ἐπαγγελίας,
1836 2586 1985 2655 ἠφίει
2019 2588 2120 2661 τὴν
2144 2570 2345 2666 Ἀγαρν,
2386 2570 2482 2650 καί
2538 2570 2802 2668 suos};
2865 2570 3057 2670 βρέφει
3097 2570 3194 2670 τῆς
3237 2570 3560 2670 δεσποτικῆς
3599 2598 3784 2663 ἑστίας

518 2666 779 2738 ἀπαίρειν
815 2667 1054 2732 ἐκέλευε,
1089 2667 1184 2723 τοῦ
1241 2671 1384 2725 κατά
1416 2672 1651 2744 Χριστὸν
1683 2680 1984 2751 μυστηρίου
2021 2682 2115 2737 τὸν
2150 2686 2319 2740 τύπον
2341 2685 2438 2740 τοῦ
2467 2666 2633 2758 νόμου
2664 2666 3182 2759 προαναιραίνοντος.

584 2760 639 2817 6.
672 2759 995 2817 Referamus
1019 2761 1204 2833 itaque
1233 2779 1543 2822 sermonem
1563 2784 1593 2823 a
1612 2771 1791 2842 capite
1820 2791 1833 2826 :
1861 2775 1937 2831 ita
1956 2776 2104 2833 enim

2284 2780 2359 2846 ς’.
2392 2781 2503 2835 Καὶ
2531 2780 2596 2853 δὴ
2625 2782 2719 2836 καὶ
2747 2782 2996 2853 λέγωμεν
3018 2783 3445 2855 ἀνακομίζοντες
3469 2783 3785 2851 ἀναγκαίως

513 2849 956 2906 manifestissime
998 2852 1124 2922 quis
1159 2854 1364 2921 videat,
1403 2858 1548 2927 quod
1600 2860 1687 2927 iis,
1726 2878 1850 2933 qua:
1880 2864 1936 2920 in
1987 2867 2107 2938 lege

2210 2870 2292 2934 είς
2316 2871 2378 2924 τὸ
2405 2873 2463 2925 ἐν
2502 2849 2699 2944 ἀργαῖς
2729 2849 2830 2928 τδν⁷
2848 2849 3026 2943 λόγον.
3059 2849 3511 2926 Εὐσννοπτότατα
3536 2849 3646 2943 γάρ
3684 2871 3785 2926 ὡδὶ

512 2952 662 3009 sunt,
690 2942 1005 3013 antiquiora
1024 2944 1132 3000 sint
1162 2960 1227 3002 ea
1254 2962 1375 3017 quae
1388 2964 1486 3018 per
1511 2949 1792 3008 Christum
1815 2972 1829 3008 :
1850 2956 2107 3028 quodque

2212 2942 2640 3035 καταθεῷτόῖτις
2677 2966 2774 3029 ἂν,
2809 2965 2891 3018 ὅτι
2936 2963 3282 3038 πρεσϐύτερα
3310 2966 3418 3019 τῶν
3451 2967 3510 3019 ἐν
3535 2942 3684 3034 νόμῳ
3716 2964 3786 3017 τὰ

510 3041 638 3089 ante
670 3033 1147 3091 circumcisionem
1202 3036 1310 3110 74
1337 3039 1659 3109 justiﬁcatio
1707 3060 1807 3115 per
1836 3045 2000 3103 ﬁdem
2037 3049 2107 3105 sit

2211 3053 2302 3107 διά
2332 3033 2590 3127 Χριίστοῦο
2623 3057 2718 3110 καὶ
2749 3055 2851 3126 τῆς
2873 3058 2931 3110 ὲν
2970 3033 3133 3129 σαρκὶ
3166 3033 3499 3128 περιτομῆς,
3534 3058 3567 3127 ή
3594 3033 3666 3109 ἐνί
3690 3057 3783 3109 πίο

510 3132 748 3180 ostensa.
790 3125 1017 3198 Signum
1046 3129 1194 3183 enim
1223 3129 1411 3186 datum
1449 3141 1535 3188 est
1576 3132 1811 3190 Abrahae
1869 3136 2107 3194 circum-

2215 3163 2331 3202 στει
2371 3125 2673 3216 δικαίωσις,
2698 3125 3061 3221 ἀρχαιοτέραν
3096 3148 3209 3220 ἔχει
3244 3125 3781 3222 ’τὴνπροανάδειξιι

511 3215 649 3271 cisio
698 3216 755 3272 in
793 3219 1062 3288 praeputio
1104 3219 1253 3286 ﬁdei,
1299 3223 1455 3293 juxta
1505 3226 1897 3294 sapientissimi
1954 3229 2102 3289 Pauli

2209 3240 2441 3310 Σημεϊον
2468 3239 2580 3310 γάρ
2608 3215 2816 3295 δέδοται
2855 3239 2934 3312 τῷ
2964 3215 3231 3312 ’Ἀϐραὰμ
3270 3215 3320 3312 ἡ-
3339 3215 3611 3311 περιτομὴ
3634 3280 3649 3301 ,
3683 3240 3785 3309 τῆς

510 3320 725 3366 vocem.
784 3308 1000 3364 Acerbe
1058 3309 1244 3380 itaque
1285 3311 1500 3370 ferebat
1563 3314 1764 3372 beatus
1807 3317 2107 3385 Abraham,

2209 3308 2659 3401 ὲννάκροϐυστίᾳ
2705 3308 2974 3395 πίστεώς,
3010 3308 3153 3384 κατὰ
3193 3308 3303 3400 τὴν⁷
3337 3308 3432 3384 τοῦ

511 3397 661 3467 quod
689 3413 799 3453 non
843 3408 990 3455 esset
1035 3409 1190 3471 pater
1232 3401 1331 3457 ﬁlii
1359 3404 1542 3470 liberi,
1582 3405 1902 3479 habensque
1937 3409 2107 3466 ﬁlium

2207 3397 2418 3473 Παύλου
2438 3397 2674 3493 ’φωνήν.
2742 3421 3122 3493 Δεδυσφόρηκε
3184 3397 3368 3476 τοίνυν
3419 3421 3448 3473 ὀ
3504 3397 3785 3491 μακάριος

512 3502 582 3541 ex
621 3486 892 3559 Egyptia,
932 3491 1094 3562 Agar,
1149 3491 1393 3562 inquam,
1426 3498 1813 3561 mmstissimus
1856 3501 2107 3572 degebat,

515 3576 687 3631 instar
705 3577 959 3634 orbitatis
985 3594 1108 3635 esse
1137 3596 1368 3640 censens
1412 3601 1602 3642 semen
1622 3589 1870 3658 spurium
1907 3601 1965 3648 et
1999 3608 2109 3650 non

514 3666 774 3725 liberum.
827 3668 1123 3740 Postquam
1163 3688 1296 3729 vero
1332 3677 1727 3746 promissiones
1759 3681 1828 3738 de
1865 3683 2109 3755 legitimo

512 3755 627 3812 ﬁlio
655 3758 888 3829 accepit,
920 3761 1184 3818 nimirum
1216 3764 1385 3833 Isaac,
1411 3769 1666 3840 clareque
1701 3772 1931 3836 audivit,
1961 3775 2108 3844 quod

512 3861 612 3918 per
644 3847 822 3920 ipsum
849 3850 1069 3908 futurus
1095 3862 1244 3910 esset
1269 3866 1428 3927 pater
1461 3858 1800 3918 inﬁnitarum
1827 3872 1992 3935 atque
2019 3865 2108 3921 in-

509 3939 935 3997 numerabilium
950 3943 1219 4014 gentium,
1234 3947 1571 4018 justiﬁeatus
1584 3961 1671 4009 est
1683 3953 1937 4010 credens.
1950 3955 2108 4023 Quod

509 4040 694 4088 autem
713 4047 1073 4103 possessurus
1093 4046 1242 4095 esset
1274 4048 1479 4098 terram
1503 4059 1536 4100 ο
1559 4045 1672 4102 Deo
1702 4046 1808 4118 ipsi
1837 4059 2109 4106 monstra-

513 4128 645 4189 tam,
677 4141 696 4175 ι
721 4120 843 4178 Tibi
861 4126 1032 4192 enim,
1056 4147 1075 4179 ι
1109 4129 1312 4199 inquit,
1343 4151 1362 4184 ι
1396 4134 1541 4190 dabo
1570 4143 1773 4193 terram
1813 4139 1957 4197 hanc
1982 4142 2051 4208 “,
2079 4160 2101 4195 ι

511 4220 573 4265 ιιι
597 4212 802 4266 certior
839 4212 998 4271 ﬁeret
1027 4218 1260 4287 rogavit,
1294 4220 1523 4277 dicens:
1567 4242 1587 4276 ι
1620 4226 1872 4294 Domine,
1913 4247 2110 4289 secun-

510 4301 642 4356 dum
661 4302 795 4373 quid
814 4305 984 4361 sciam
1019 4309 1165 4377 quod
1186 4309 1526 4369 baereditabo
1550 4314 1634 4371 “2
1660 4337 1680 4369 ι
1725 4319 1939 4377 Idcirco
1964 4324 2109 4381 Deus

512 4399 575 4445 ut
600 4389 897 4448 divisiones
931 4395 1207 4466 acciperet
1242 4400 1428 4471 jussit,
1463 4403 1691 4462 vitulam
1729 4409 2023 4479 triennem,
2052 4422 2110 4470 ct

510 4495 753 4551 capram,
776 4490 833 4537 et
871 4484 1122 4553 arietem,
1150 4498 1207 4545 et
1245 4499 1517 4550 turturem
1562 4505 1619 4554 et
1653 4500 1986 4561 columbam.
2037 4506 2108 4563 Et

2205 3510 2488 3583 Ἀϐραάμ,
2519 3513 2602 3565 ὅτι
2642 3511 2716 3584 μὴ
2750 3512 2945 3566 τέκνου
2990 3512 3213 3582 γέγονεν
3256 3510 3544 3582 ἐλευθέρου
3577 3511 3781 3583 πατὴρ.

2206 3601 2318 3655 Καὶ
2349 3600 2442 3656 τὸν
2476 3604 2541 3656 ἐκ
2571 3603 2673 3674 τῆς
2714 3604 3020 3673 Αἰγυπτίας
3058 3602 3197 3674 ἔχων
3226 3601 3342 3656 υἱὸν
3362 3642 3377 3667 ,
3406 3602 3551 3674 φημὶ
3577 3601 3643 3674 δὴ
3685 3603 3786 3673 τῆς

2210 3694 2424 3764 Ἀγαρ,
2466 3693 2799 3765 ἀθυμώτατα
2840 3694 3103 3756 διετέλει,
3144 3695 3202 3747 ἐν
3245 3692 3345 3765 ίσῳ
3384 3693 3485 3763 τῆς
3528 3691 3787 3755 ἀπαιδίας

2204 3787 2377 3850 τιθεὶς
2410 3788 2633 3859 σπέρμα
2667 3787 2728 3841 τὸ
2764 3788 2919 3843 νόθον
2959 3788 3054 3843 καὶ
3085 3787 3185 3841 οὐκ
3215 3785 3523 3858 ἐλεύθερον.
3563 3784 3785 3855 Ἐπειδὴ

2205 3878 2261 3932 δὲ
2306 3877 2422 3941 τάςι
2455 3878 2792 3948 ἐπαγγελίας
2842 3879 3057 3949 ἐδέχετο
3099 3879 3196 3941 τὰς
3226 3877 3319 3932 ἐπί
3357 3892 3422 3945 γε
3449 3875 3529 3947 τῷ
3575 3875 3790 3945 γνησίῳ

2208 3968 2394 4034 παιδὶ,
2440 3968 2585 4040 φημὶ
2619 3968 2684 4040 δὴ
2740 3966 2820 4039 τῷ
2861 3968 3067 4035 Ἰσαὰκ,
3118 3965 3285 4037 ἧκουέ
3332 3983 3391 4020 τε
3437 3962 3666 4033 σαφῶς,
3710 3962 3789 4028 ὥς

2204 4058 2358 4112 ἔσται
2390 4058 2575 4132 πατὴρ
2611 4060 2670 4113 ἐν
2690 4056 2838 4128 αὐτῷ
2866 4058 3076 4129 μυρίων
3102 4074 3161 4111 τε
3186 4058 3326 4111 ὅσων
3353 4056 3448 4109 καὶ
3471 4053 3786 4126 ἀναριθμή-

2204 4164 2314 4204 των
2357 4149 2564 4215 ἐθνῶν,
2600 4149 2906 4205 ἐδικαιοῦτο
2958 4136 3251 4205 πιστεὺἱον,
3300 4148 3424 4202 Ὀτι
3471 4145 3531 4200 δέ
3579 4146 3676 4200 καὶ
3726 4146 3801 4198 ἐνί

2205 4239 2533 4309 κατασχέσει
2563 4241 2853 4312 γενήσεται
2882 4239 2982 4311 τῆς
3010 4237 3412 4310 ἐπιδειχθείσης
3438 4234 3590 4305 αῦτῷ
3632 4234 3789 4302 παρὰ

2206 4323 2344 4379 Θεοῦ
2372 4328 2496 4397 γῆς,
2518 4344 2537 4379 ι
2565 4328 2658 4380 Σοὶ
2677 4328 2808 4399 γὰρ,
2842 4326 3241 4397 ἔφασκε,δώσω
3267 4327 3367 4397 τὴν
3395 4325 3501 4395 γῆν
3521 4322 3731 4394 ταύτην
3758 4341 3781 4374 ι

2208 4415 2672 4488 πληροφορείσθω
2698 4416 2996 4488 παρεκάλει
3021 4415 3218 4485 λέγων·
3244 4433 3264 4466 ι
3286 4413 3554 4479 Δέσποτα,
3570 4411 3715 4464 κατά
3731 4408 3786 4461 τί

2205 4503 2485 4576 γνώσομαι
2512 4503 2689 4573 τοῦτο,
2717 4506 2799 4560 ὅτι
2838 4504 3234 4578 κληρονομήσω
3260 4503 3434 4573 αὐτήν
3458 4519 3471 4566 ἱ
3500 4521 3520 4553 ³
3560 4498 3787 4569 Ταύτῃ·

507 4570 887 4668 quadrupedia
922 4578 1148 4668 quidem
1190 4583 1492 4642 animantia
1544 4589 1767 4648 discidit
1808 4593 2106 4664 Abraham,

2212 4570 2294 4649 τοι
2318 4570 2452 4661 Θείας
2477 4570 2776 4668 λαμϐάνειν
2804 4570 3020 4650 ἐκέλευε
3058 4570 3586 4666 τά-διχοτομηματα,
3610 4590 3786 4659 δάμα-

508 4669 565 4715 et
585 4665 860 4723 contraria
892 4666 961 4722 ad
984 4682 1043 4723 se
1071 4669 1307 4755 invicem
1335 4677 1542 4745 posuit,
1579 4680 1685 4737 hoc
1718 4693 1823 4749 est,
1862 4686 2107 4743 seriatim

2210 4687 2293 4741 λιν
2319 4665 2719 4759 τριετίζουσαν,
2753 4685 2888 4757 αῐγά
2921 4705 2983 4742 τε
3013 4687 3172 4758 ὁμοῦ,
3202 4665 3295 4741 καὶ
3328 4686 3436 4757 μὴν
3472 4683 3568 4738 καὶ
3605 4680 3782 4753 κριὸν,

508 4751 799 4810 collocavit
823 4773 836 4809 :
877 4772 1008 4813 aves
1025 4752 1159 4816 vero
1188 4779 1302 4820 non
1335 4766 1560 4837 divisit;
1588 4771 1773 4844 abegit
1805 4785 1989 4833 autem
2016 4792 2107 4834 vo-

2207 4751 2447 4850 τρυγδνα
2568 4779 2663 4832 καὶ
2707 4751 3059 4850 περίπεράνί
3087 4778 3195 4832 Καὶ
3237 4776 3307 4831 τὰ
3329 4751 3446 4847 ’μέν
3477 4751 3783 4844 τετράποδα

508 4841 690 4899 lucrcs
737 4842 1004 4919 damnum
1040 4848 1246 4909 inferre
1296 4856 1605 4927 cupientes.
1652 4841 1778 4917 sole
1820 4872 2004 4922 autem
2036 4869 2107 4923 ad

2208 4841 2337 4922 1:th-
2364 4867 2520 4934 ζώων
2574 4841 2997 4940 διδιχοτομηκεν
3053 4841 3357 4938 ’Δϐραάμξ
3387 4841 3788 4936 ἀντιπρόσωπα

506 4948 760 4989 occasum
790 4948 1071 5009 vergente,
1112 4942 1259 4999 Deus
1310 4944 1368 5000 in
1405 4947 1589 5015 specie
1608 4949 1769 5020 .ignis
1807 4952 2107 5014 divisiones

2207 4958 2266 5013 δὲ
2308 4960 2591 5031 ἀλλήλοις,
2634 4958 2883 5014 τουτέστι
2904 5000 2918 5027 ,
2952 4958 3229 5030 στοιχηδὸν
3274 4956 3563 5011 συνετίθει.
3599 4954 3684 5008 Τὰ
3728 4952 3787 5006 δδ

508 5020 629 5080 illas
659 5030 977 5095 pertransiit
1002 5031 1070 5086 “.
1109 5052 1128 5085 ι
1167 5033 1355 5101 Qualis
1396 5036 1582 5108 itaque
1621 5041 1926 5111 spiritualis
1961 5048 2104 5105 ratio

2207 5050 2374 5119 δρνεα
2405 5020 2466 5104 οὐ
2506 5020 2721 5106 διεῖλεν.
2769 5020 3146 5104 Ἐπεσόϐείδέ
3174 5050 3267 5103 καὶ
3297 5048 3368 5102 τὰ
3396 5043 3787 5114 καταφθείρειν

508 5114 622 5169 sive
657 5131 852 5173 sensus
887 5120 975 5176 his
1020 5125 1517 5184 accommodandus
1543 5131 1637 5197 sit,
1670 5149 1772 5204 pro
1800 5136 1968 5192 virili
2009 5139 2099 5194 di-

2207 5114 2457 5196 ἐθέλοντα
2505 5143 2615 5197 τῶν
2662 5142 2901 5223 πτηνῶν.
2956 5141 3137 5195 Ἠλίου
3182 5142 3241 5194 δὲ
3267 5140 3368 5211 ἤδη
3410 5137 3548 5208 πρὸς
3589 5134 3785 5194 αὐταῖς

506 5220 714 5263 Camn?»
2203 5232 2557 5305 καταίροντος
2596 5220 2843 5298 ταῖς-είς
2892 5234 3131 5305 ἑσπέραν
3182 5232 3495 5301 ἐσχατιαῖς,
3550 5228 3611 5279 ἐν
3654 5223 3782 5276 εῖδει

508 5299 678 5369 πυρὸς
718 5301 883 5356 διέθει
930 5304 999 5358 τὰ
1027 5294 1443 5381 δίχοτομήματα
1470 5310 1623 5379 Θεός.
1682 5316 1841 5372 Ποῖον
1897 5317 1991 5374 οὖν
2055 5322 2164 5393 ἄρα
2202 5294 2836 5399 λόγον’ἐφαρμόσαίμεν-
2862 5325 2930 5380 ἂν
2968 5294 3081 5387 rei;
3118 5294 3346 5376 τοιοίσδε
3389 5313 3781 5387 πνευματικὸν,

507 5392 742 5463 ἐροῦμεν
778 5397 853 5460 ὡς
882 5397 979 5454 ἔνι.

577 5483 629 5541 7.
654 5484 870 5542 Primus
884 5490 1029 5544 enim
1050 5493 1456 5561 quodammodo
1495 5498 1640 5559 ﬁlius
1660 5503 1830 5559 totius
1851 5504 2094 5559 universi

2272 5500 2337 5566 ζ’.
2370 5501 2564 5570 Γέγονε
2606 5502 2706 5573 μὲν
2748 5501 2856 5573 γὰρ
2898 5499 3111 5571 πρῶτος
3155 5497 3343 5569 ὥσπερ
3387 5498 3501 5561 υίὸς
3546 5499 3627 5570 τῷ
3672 5500 3783 5553 τῶν

511 5570 621 5629 lico
666 5574 767 5631 fuit
803 5579 1101 5635 secundum
1145 5598 1364 5641 carnem
1400 5588 1584 5647 Israel.
1629 5611 1647 5645 ι
1694 5593 1865 5648 Filius
1920 5595 2092 5659 enim,

2199 5592 2336 5645 ὅλων
2363 5590 2482 5663 Θεῷ
2511 5594 2537 5644 ὁ
2568 5592 2706 5645 κατά
2743 5592 2921 5661 σάρκα
2970 5589 3205 5661 Ἰσραήλ.
3251 5608 3269 5640 ι
3306 5589 3429 5652 Υἱὸς
3456 5588 3587 5657 γὰρ,
3623 5590 3779 5662 φησι,

584 5755 629 5787 δ’
667 5746 804 5813 Gen.
839 5774 941 5825 χιιι,
988 5760 1163 5815 lit-2|.
1241 5764 1283 5797 “
1307 5766 1442 5822 Gen.
1478 5781 1602 5833 xm,
1641 5768 1692 5822 8.
1770 5770 1811 5802 "
1846 5770 1981 5825 Gen.
2006 5786 2091 5836 xv,

2316 5769 2361 5801 “
2384 5769 2524 5824 Ibid.
2550 5769 2705 5825 9-1".
