4056 6260
226 359 330 418 125

1235 360 1752 438 supernos-un
1792 382 1855 437 IN
1893 382 2194 439 GENESIM
2229 381 2360 437 us.
2400 382 2492 439 ιιι.

3380 387 3478 443 Ιὶδ

224 479 574 546 πρωτότοκος
591 499 696 555 μου
722 486 956 559 Ἰσραήλτ
988 507 1006 540 ι
1034 488 1172 561 πλὴν
1199 492 1276 556 ὡς
1300 493 1368 548 ἐκ
1396 494 1589 565 δούλης
1621 496 1716 550 καὶ
1735 497 1768 549 ὲλ

1898 496 2098 568 inquit,
2146 497 2549 571 primogenitae
2624 515 2782 557 meus
2838 503 3092 559 Israel".
3149 521 3169 554 ι
3206 500 3479 560 CIL-terum

221 571 500 639 Αἰγύπτου
527 573 955 648 λελυτρωμένος.
1003 571 1140 635 Ἀλλ’
1178 583 1238 637 tv
1263 585 1475 649 τέκνοις
1502 587 1666 642 αὐτὸν
1693 589 1795 641 οὐκ

226 659 377 728 ἠξίου
429 661 564 728 Θεὸς
607 669 1056 737 καταλογίζεσθαι
1105 674 1272 728 ποθεν
1311 674 1365 748 (ἡ
1415 677 1796 749 φιλελεύθερος

220 752 333 822 γὰρ
377 755 475 808 καὶ
514 756 832 827 φιλογνησία
873 760 1080 835 φύσις)⁶
1148 760 1333 836 ιζήτει
1375 766 1433 820 δὲ
1476 767 1676 838 μᾶλλον
1702 768 1794 822 τὸν

220 844 514 901 άνδάνοντα
551 848 710 912 λαὸν,
737 853 1022 917 coorto-ct,
1052 855 1144 909 τὸν
1177 857 1269 911 διὰ
1308 857 1545 924 πίστεως
1590 863 1691 931 τῆς
1734 863 1792 915 tv

223 936 440 1008 Χριστῷ
464 941 582 994 κατ’
610 944 964 1012 ἐπαγγελίαν,
991 947 1051 999 tv
1075 940 1121 1014 ᾧ
1146 949 1243 1002 καὶ
1270 950 1505 1021 πατέρες
1532 954 1791 1020 γεγόνασι

221 1026 425 1081 πολλῶν
452 1029 621 1084 ἐθνῶν
640 1072 655 1095 ,
679 1035 729 1086 oi
761 1034 907 1106 ἀμφὶ
936 1036 1026 1089 τὸν
1050 1036 1341 1095 θεσπέσιον
1379 1041 1649 1113 Ἁϐραάμ.
1677 1044 1789 1097 Κε-

216 1115 661 1191 κληρονομήκασι
689 1122 798 1193 γὰρ
825 1126 925 1194 τὴν
956 1126 1051 1199 επὶ
1078 1127 1212 1198 τῷδε
1255 1129 1416 1197 δόξαν
1435 1171 1450 1195 ,
1484 1132 1585 1185 οὐκ
1619 1134 1682 1185 tv
1710 1132 1790 1203 τῷ

215 1208 360 1261 κατὰ
402 1210 579 1281 σάρκα
621 1212 873 1285 Ἰσραὴλ.
898 1216 1016 1269 ἀλλ’
1043 1220 1102 1272 tv
1138 1221 1254 1283 τοῖς
1285 1221 1343 1287 ἐξ
1372 1220 1541 1275 ἐθνῶν
1579 1222 1668 1276 διὰ
1696 1222 1788 1275 πί-

214 1315 384 1363 στεως
418 1300 906 1376 άνασεσωσμένοις.
948 1310 1062 1364 Καὶ
1107 1308 1451 1384 μαρτυρήσει
1485 1314 1713 1386 γράφων
1758 1318 1788 1370 ὁ

214 1388 446 1454 Παῦλος.
471 1394 547 1446 Ού
572 1395 681 1465 γὰρ
711 1396 803 1451 διὰ
829 1397 997 1468 νόμου
1027 1401 1061 1471 ἡ
1100 1402 1402 1469 ἐπαγγελία
1427 1403 1505 1474 τῷ
1536 1404 1787 1475 Ἁϐραάμ

211 1480 294 1542 είς
319 1480 380 1533 τὸ
408 1481 742 1556 κληρονόμον
775 1487 943 1541 αὑτὸν
972 1485 1110 1544 εἶναι
1149 1492 1354 1562 κόσμου
1375 1532 1390 1558 ,
1418 1493 1554 1548 ἀλλὰ
1585 1494 1676 1549 διά
1709 1494 1786 1548 δι-

212 1572 510 1643 καιοσύνης
579 1577 839 1642 πίστεως.
898 1580 1347 1654 Ἐπιγραφόμεθα
1395 1585 1506 1657 γὰρ
1574 1586 1785 1656 πατέρα

207 1659 301 1714 τὸν
348 1662 638 1737 Ἁϐραάμ,
680 1669 728 1722 oi
762 1671 821 1724 tv
858 1671 1192 1746 ἀκροϐυστίᾳ
1225 1675 1649 1741 πιστεύσαντες,
1690 1677 1786 1730 καὶ

208 1753 332 1808 καθ’
353 1757 645 1829 ὁμοιότητα
688 1760 785 1832 τὴν
819 1764 986 1817 αὐτοῦ
1012 1767 1165 1837 παρὰ
1208 1767 1349 1821 Θεοῦ
1390 1768 1781 1839 δικαιούμενοι.

1895 588 2067 643 veluti
2097 604 2167 643 ex
2191 605 2366 656 serva,
2393 600 2451 646 et
2478 606 2545 646 ex
2566 590 2800 663 ,Βαγριο
2838 594 3175 664 redemptus.
3208 592 3316 648 Sed
3338 592 3481 651 inter

1893 677 2037 734 ﬁlios
2091 679 2364 751 legitimos
2424 696 2770 752 nequaquam
2810 698 2938 738 eum
2991 684 3135 739 Deus
3189 698 3479 741 numerare

1891 771 2145 842 dignatus
2172 780 2257 827 est
2294 771 2511 844 (natura
2550 775 2699 829 enim
2742 785 2829 831 est
2859 774 3067 838 libera,
3105 784 3163 830 et
3188 791 3377 832 amans
3395 777 3478 832 le-

1890 863 2126 934 gitima)
2162 865 2454 934 :quaesivit
2493 876 2675 921 autem
2708 866 2895 937 potius
2933 867 3197 937 populum
3235 868 3330 937 qui
3363 868 3480 937 pla-

1889 964 2059 1019 ceret,
2082 957 2189 1012 hoc
2204 964 2311 1023 est,
2331 973 2427 1028 per
2450 957 2611 1013 ﬁdem
2642 959 2698 1013 in
2715 957 2996 1013 Christum
3015 957 3318 1013 secundum
3345 972 3475 1028 pro-

1889 1046 2227 1112 missionem,
2262 1048 2320 1103 in
2356 1063 2468 1118 quo
2485 1049 2651 1103 etiam
2678 1056 2835 1118 pater
2864 1047 3043 1103 factus
3066 1058 3152 1104 est
3176 1048 3474 1102 multarum

1887 1136 2132 1206 gentium
2165 1136 2458 1193 Abraham.
2509 1139 2662 1195 Hanc
2699 1139 2848 1195 enim
2881 1139 3109 1210 gloriam
3152 1138 3475 1195 haereditate

1887 1226 2071 1296 adepti
2096 1235 2222 1282 sunt
2241 1230 2466 1298 posteri,
2479 1244 2590 1284 non
2611 1231 2667 1285 in
2687 1230 2887 1285 lsraelc
2908 1230 3208 1285 secundum
3227 1243 3470 1294 carnem,

1885 1316 1980 1371 sed
2013 1317 2069 1371 in
2093 1317 2161 1371 iis
2178 1319 2274 1388 qui
2303 1333 2371 1372 ex
2400 1319 2658 1389 gentibus
2677 1319 2870 1375 salvati
2900 1327 3048 1384 sunt,
3073 1318 3219 1389 quod
3242 1326 3299 1373 et
3327 1316 3471 1372 Pau-

1885 1408 1971 1463 lus
1992 1416 2246 1473 testatur,
2281 1410 2472 1465 dicens
2502 1427 2516 1463 :
2551 1430 2571 1462 ι
2609 1411 2799 1481 Neque
2839 1410 2986 1465 enim
3015 1425 3114 1479 per
3139 1410 3312 1479 legem
3338 1423 3470 1478 pro-

1885 1499 2074 1555 missio
2092 1500 2342 1565 Abrahae,
2372 1510 2434 1555 ut
2461 1501 2639 1556 haeres
2659 1510 2806 1556 esset
2830 1500 3044 1565 mundi,
3071 1500 3166 1556 sed
3186 1516 3283 1570 per
3306 1500 3470 1571 justi-

1887 1591 2015 1645 tiam
2041 1589 2168 1645 ﬁdei
2186 1592 2249 1645 “.
2289 1610 2308 1642 ι
2334 1591 2493 1647 Patre
2508 1593 2657 1646 enim
2683 1593 2958 1647 Abraham
2980 1592 3223 1661 insigniti
3257 1605 3469 1656 sumus,

1883 1685 1979 1754 qui
2009 1684 2063 1738 in
2089 1683 2359 1754 praeputio
2386 1684 2682 1748 credimus,
2711 1694 2769 1740 et
2792 1683 2858 1739 ad
2889 1685 3011 1755 ejus
3051 1682 3471 1753 similitudinem

1882 1776 1914 1830 ιι
1941 1775 2052 1831 Deo
2072 1773 2355 1846 justiﬁcati
2382 1790 2592 1831 sumus.
2629 1775 2882 1830 Declarat
2902 1782 3085 1828 autem
3110 1772 3272 1827 nobis
3299 1772 3469 1826 vehe-

206 1847 474 1915 Σαςρηνιεῖ
495 1849 554 1903 δὲ
585 1852 791 1926 σφόδρα
829 1853 892 1907 τὸ
918 1854 1062 1909 θεῖον
1090 1858 1221 1926 ἡμῖν
1264 1861 1560 1930 μυστήριον
1615 1875 1768 1928 νομο-

1877 1873 2089 1921 menter
2112 1865 2360 1921 divinum
2400 1864 2720 1937 mysterium
2754 1864 2957 1920 Paulus
2979 1863 3118 1935 legis
3133 1862 3364 1933 peritus.
3385 1860 3468 1915 lta

207 1937 386 2008 μαθὴς
412 1937 487 1992 ὢν
508 1942 539 1995 ό
572 1942 805 2008 Παῦλος.
856 1946 1193 2001 Ἐπιστέλλει
1223 1946 1335 2019 γάρ
1373 1948 1470 2003 ὡδὶ
1508 1949 1645 2018 μετὰ
1668 1948 1770 2020 τὴν

205 2027 265 2079 ἐν
292 2027 515 2100 Χριστῷ
546 2032 849 2099 τελείωσιν,
891 2035 1087 2090 άνόπιν
1115 2032 1301 2108 ὥσπερ
1333 2037 1471 2092 ίούσι
1510 2037 1777 2102 Γαλάταις

208 2118 499 2191 ἐπιτιμῶν·
537 2142 558 2176 ι
601 2125 805 2196 Λέγετέ
830 2145 920 2199 μοι
943 2130 993 2182 ei
1022 2129 1127 2184 ὑπὸ
1153 2130 1314 2200 νόμον
1336 2130 1582 2193 θέλοντες
1613 2127 1771 2197 εἶναι,

207 2209 300 2262 τὸν
322 2211 487 2281 νόμον
510 2214 614 2268 ούκ
638 2215 899 2282 cimices;
933 2219 1243 2292 Γέγραπται
1269 2218 1376 2292 γὰρ
1404 2221 1484 2273 ὅτι
1526 2220 1774 2292 Ἀϐρααμ

201 2297 299 2354 δύο
342 2303 495 2368 υίοὺς
525 2304 703 2377 ἔσχεν,
736 2307 830 2362 ἕνα
870 2313 934 2364 ἐκ
964 2313 1063 2382 τῆς
1095 2312 1386 2382 παιδίσκης
1405 2352 1421 2377 ,
1452 2313 1546 2367 καὶ
1578 2313 1675 2366 ινα
1706 2315 1772 2366 ἐκ

199 2392 299 2461 τῆς
332 2393 643 2467 ἐλευθέρας.
685 2399 823 2452 Ἀλλ’
850 2403 879 2456 ὁ
908 2402 1008 2471 μὲν
1036 2404 1102 2457 ὲκ
1138 2402 1238 2473 τῆς
1278 2403 1568 2473 παιδίσκης
1586 2445 1602 2465 ,
1630 2404 1773 2459 κατὰ

197 2484 380 2555 σάρκα
420 2488 737 2561 γεγένηταιο
767 2494 796 2545 ὀ
821 2492 880 2546 δὲ
915 2495 981 2546 ἑκ
1010 2495 1111 2565 τῆς
1151 2495 1476 2567 ἐλευθέρας,
1495 2496 1563 2549 δι’
1591 2498 1769 2567 ἐπαγ-

195 2577 399 2645 γελίας.
453 2580 650 2636 Ἀτινά
700 2581 853 2638 ἔστιν
919 2585 1389 2658 ἀλληγορούμενα.
1443 2584 1612 2643 Λῦται
1658 2590 1769 2662 γάρ

193 2670 331 2722 εἰσιν
357 2673 415 2725 αἱ
441 2672 536 2727 δύο
565 2674 843 2745 διαθῆκαι·
881 2677 980 2748 μία
1019 2678 1141 2750 μὲν.
1169 2679 1287 2759 amb
1315 2680 1477 2752 ὄρους
1504 2681 1654 2744 Σινά,
1686 2686 1769 2747 εἰς

192 2761 440 2818 δουλείαν
480 2767 751 2834 γεννῶσα,
779 2768 902 2839 ἥτις
932 2770 1086 2823 ἐστὶν
1127 2769 1332 2845 Ἀγαρ.
1365 2772 1441 2826 Τδ
1467 2774 1577 2845 γὰρ
1615 2774 1766 2841 Σινᾶ,

191 2852 320 2923 ὅρος
340 2850 488 2911 ἐστὶν
512 2859 574 2911 tv
613 2861 679 2929 τῇ
737 2861 985 2933 ’Δραϐίςι⁸
1020 2867 1294 2934 συστοιχεῐ
1330 2865 1389 2921 δὲ
1426 2869 1491 2938 τῇ
1524 2866 1622 2920 νῦν
1670 2867 1769 2920 ἰε-

202 2946 505 3018 ρουσαλὶπμ,
538 2950 775 3006 δουλεύει
810 2953 869 3007 δὲ
905 2954 1042 3024 μετὰ
1080 2955 1192 3009 τῶν
1219 2958 1429 3011 τέκνων
1467 2959 1658 3030 αὐτῆς.
1702 2960 1767 3012 Ἦ

195 3032 255 3086 δὲ
278 3035 395 3090 ἄνω
424 3037 796 3110 Ἰερουσαλὴμ,
819 3043 1078 3115 ἐλευθέρα
1106 3046 1277 3110 εστὶν,
1299 3047 1423 3117 ητις
1443 3031 1559 3100 ἐστὶ
1587 3049 1768 3119 μήτηρ

197 3122 378 3195 ἡμῶν.
424 3126 739 3198 Γέγραπται
783 3133 910 3205 γάρ·
955 3134 1309 3207 Εὐφράνθητι
1367 3139 1557 3208 στεῖρα
1610 3138 1643 3208 ἡ
1703 3137 1766 3190 οὐ

1881 1954 2026 2010 enim
2042 1953 2281 2019 Galatas,
2296 1962 2584 2024 postquam
2598 1953 2820 2010 Christo
2848 1953 3044 2010 initiati
3070 1960 3273 2017 essent,
3295 1961 3470 2007 retro-

1881 2044 2138 2099 cedentes
2162 2044 2270 2115 75
2307 2045 2555 2115 increpat
2595 2062 2610 2099 :
2649 2064 2667 2095 ι
2698 2045 2874 2101 Dicite
2901 2044 3061 2109 mihi,
3096 2045 3191 2115 qui
3222 2043 3326 2099 sub
3346 2045 3467 2115 lege

1879 2136 2048 2195 vultis
2066 2151 2208 2202 esse,
2245 2138 2422 2208 legem
2450 2152 2560 2192 non
2597 2136 2832 2193 auditis?
2867 2137 3141 2207 Scriptum
3179 2143 3265 2191 est
3293 2137 3464 2200 enim,

1877 2228 2136 2299 quoniam
2164 2228 2439 2284 Abraham
2477 2228 2619 2284 duos
2645 2228 2784 2285 ﬁlios
2816 2229 3047 2284 habuit:
3070 2243 3241 2283 unum
3271 2227 3341 2283 de
3367 2242 3467 2282 an-

1877 2318 2023 2383 cilla,
2047 2326 2104 2373 et
2137 2333 2308 2373 unum
2328 2317 2610 2374 delibera.
2663 2318 2770 2374 Sed
2793 2319 2888 2389 qui
2923 2318 2993 2373 de
3025 2317 3240 2383 ancilla,
3270 2330 3467 2373 secun-

1878 2407 2007 2463 dum
2049 2423 2270 2463 carnem
2304 2419 2466 2464 natus
2507 2418 2592 2464 est
2622 2426 2636 2462 :
2667 2409 2761 2480 qui
2808 2417 2990 2464 autem
3026 2407 3094 2464 de
3141 2407 3333 2471 libera,
3368 2422 3466 2476 per

1877 2498 2363 2566 repromissionem
2403 2515 2570 2569 :qum
2625 2505 2754 2554 sunt
2789 2514 2890 2569 per
2928 2495 3246 2570 allegoriam
3293 2496 3460 2553 dicta.

1877 2588 2005 2645 Haec
2033 2591 2180 2646 enim
2218 2599 2347 2646 sunt
2372 2592 2485 2647 duo
2515 2600 2842 2648 testamenta
2878 2609 2892 2645 :
2924 2605 3094 2646 unum
3142 2589 3364 2661 quidem
3405 2591 3463 2644 in

1878 2691 2063 2739 monte
2083 2682 2233 2748 Sina,
2259 2684 2316 2739 in
2335 2684 2657 2740 servitutem
2688 2700 2980 2755 generans,
3016 2698 3138 2753 quae
3163 2693 3250 2738 est
3278 2682 3460 2753 Agar:

1876 2772 2006 2829 Sina
2032 2782 2219 2830 autem
2248 2790 2408 2831 mons
2430 2784 2516 2831 est
2550 2776 2605 2830 in
2632 2776 2850 2841 Arabia,
2887 2775 2985 2845 qui
3008 2774 3334 2844 conjunetus
3375 2779 3462 2828 est

1873 2866 1924 2921 ei
1972 2881 2093 2936 qua:
2111 2882 2261 2922 nunc
2290 2876 2375 2924 est
2405 2868 2725 2933 Jerusalem,
2740 2877 2798 2924 et
2821 2868 2993 2923 servit
3012 2882 3137 2921 cum
3160 2866 3288 2920 ﬁliis
3323 2864 3456 2920 suis.

1874 2958 1970 3012 Illa
1985 2965 2168 3012 autem
2187 2974 2310 3028 quae
2326 2974 2545 3013 sursum
2567 2968 2652 3014 est
2671 2958 2998 3023 Jerusalem,
3018 2958 3192 3012 libera
3212 2964 3315 3020 est,
3338 2969 3463 3025 qua

1871 3057 1958 3103 est
1975 3058 2152 3103 mater
2171 3059 2378 3104 nostra.
2413 3049 2689 3119 Scriptum
2708 3057 2794 3104 est
2819 3050 3024 3104 etenim
3052 3067 3065 3101 :
3093 3042 3325 3113 Laetare,
3345 3059 3463 3105 ste-

1874 3137 1990 3192 rilis
2027 3153 2151 3207 qua:
2200 3153 2313 3193 non
2346 3138 2533 3208 paris:
2558 3154 2812 3210 erumpe,
2852 3148 2909 3194 et
2950 3140 3145 3203 clama,
3196 3155 3319 3210 qua
3348 3154 3459 3195 non

192 3213 478 3283 τίκτουσα,
522 3219 686 3290 ῥῆξον
730 3224 825 3276 καὶ
875 3223 1069 3296 βόησον
1103 3229 1138 3297 ἡ
1188 3228 1292 3282 οὐκ
1335 3227 1634 3292 ὠδίνουσα,
1680 3229 1763 3282 ὅτι

1870 3228 2109 3297 parturis
2133 3245 2147 3282 :
2172 3229 2303 3298 quia
2340 3228 2498 3283 multi
2536 3228 2632 3285 ﬁlii
2671 3230 2905 3286 desertae
2939 3231 3115 3303 magis
3146 3247 3309 3302 quam
3340 3232 3460 3303 ejus

191 3308 366 3363 πολλὰ
396 3310 466 3365 τά
485 3313 653 3368 τέκνα
682 3315 782 3385 τῆς
810 3316 908 3388 ιρή
918 3335 1021 3387 μου
1057 3319 1260 3390 μᾶλλον
1278 3358 1294 3385 ,
1323 3321 1357 3392 ἢ
1396 3322 1496 3391 τῆς
1535 3320 1768 3392 ἐχούσης

186 3398 281 3455 τδν
309 3401 499 3475 ἄνδρα.
550 3405 743 3476 Ἡμεῖς
767 3406 825 3461 δὲ
844 3448 860 3472 ,
892 3408 1141 3477 ἀδελφοὶ,
1167 3410 1313 3465 κατὰ
1366 3412 1552 3465 Ἰσαὰκ
1590 3414 1765 3482 ἑπαγ-

185 3490 375 3559 γελίας
410 3494 576 3548 τέκνα
605 3497 792 3567 ἐσμέν.
833 3498 973 3551 Ἀλλ’
996 3499 1187 3572 ὥσπερ
1221 3501 1343 3554 τότε
1364 3503 1394 3555 ὁ
1419 3500 1559 3554 κατὰ
1586 3501 1763 3573 σάρκα

183 3581 468 3653 γεννηθεὶς
494 3583 685 3640 ἐδίωκε
713 3587 805 3642 τὸν
838 3591 980 3644 κατὰ
1023 3590 1269 3662 πνεῦμα,
1312 3590 1485 3656 οὕτως
1517 3592 1611 3649 καὶ
1647 3590 1760 3645 νῦν.

197 3671 359 3728 Ἀλλὰ
383 3674 438 3729 τί
462 3676 610 3745 λέγει
637 3679 671 3749 ή
702 3679 916 3752 Γραφής
953 3682 1193 3736 Ἔκϐαλε
1217 3682 1317 3753 τὴν
1347 3684 1638 3755 παιδίσκην
1664 3683 1760 3736 καὶ

180 3759 275 3815 τδν
309 3762 425 3816 υίδν
452 3764 624 3836 αὐτῆς
643 3781 658 3795 ·
692 3768 754 3820 οὐ
796 3769 906 3840 γὰρ
934 3772 1010 3841 μὴ
1037 3771 1420 3845 κληρονομήση
1456 3774 1485 3826 ὁ
1514 3773 1631 3837 υίὸς
1662 3774 1764 3845 τῆς

183 3850 480 3921 παιδίσκης
528 3853 669 3924 μετὰ
710 3856 808 3911 τοῦ
834 3858 955 3913 uiui}
978 3860 1078 3932 τῆς
1113 3861 1426 3934 ἐλευθέρας.
1469 3864 1658 3935 Ἡμεῖς
1680 3864 1759 3931 δὲ,

182 3941 425 4011 ἀδελφοὶ,
452 3944 553 3998 οὐκ
591 3946 760 4017 ἐσμὲν
789 3951 1086 4022 παιδίσκης
1113 3953 1297 4017 τέκνα,
1326 3954 1466 4009 ἀλλὰ
1490 3957 1591 4025 τῆς
1617 3956 1763 4009 ἐλευ-

184 4031 380 4103 θέρας,
414 4037 480 4106 τῇ
527 4035 814 4110 ἐλευθερία
859 4034 893 4115 ᾗ
935 4045 1085 4112 ἡμᾶς
1122 4045 1360 4116 Χριστὸς
1388 4045 1759 4115 ἠλευθέρωσε.

181 4121 422 4192 inﬁxus
441 4120 556 4190 οὖν,
576 4129 672 4182 καὶ
702 4127 778 4199 μὴ
800 4130 963 4184 πάλιν
993 4131 1142 4205 ζυγῷ
1164 4135 1411 4198 δουλείας
1437 4136 1706 4207 ἒνέχεσθε.
1734 4155 1755 4190 ι

182 4211 377 4283 Συνίης
398 4208 515 4281 οὖν,
552 4217 701 4282 ὅπως
728 4218 838 4272 τῶν
865 4219 959 4275 δύο
995 4223 1273 4297 διαθηκῶν
1309 4243 1478 4297 φησιν
1514 4226 1761 4299 ἐναργῶς

178 4305 416 4369 είκόνας,
456 4309 637 4379 Ἀγαρ
667 4327 728 4364 τε
756 4313 852 4367 καὶ
881 4314 1120 4387 Σάρραν.
1158 4318 1268 4371 Καὶ
1304 4318 1632 4390 παρεικάζει
1657 4319 1757 4391 μὲν

177 4394 239 4447 τὸ
265 4394 669 4466 θεραπαινίδιον
705 4402 769 4470 τῇ
820 4403 930 4456 τῶν
971 4405 1242 4461 Ἰουδαίων
1270 4410 1456 4479 μητρὶ,
1484 4409 1752 4473 τουτέστι,

1862 3336 1985 3391 qua
2001 3320 2167 3377 habet
2181 3322 2382 3377 virum.
2401 3323 2513 3379 Nos
2537 3332 2743 3389 autem,
2764 3324 2978 3388 fratres,
2994 3324 3292 3380 secundum
3311 3324 3461 3381 lsaac

1862 3413 2248 3483 promissionis
2286 3413 2381 3469 ﬁlii
2418 3429 2628 3470 sumus.
2658 3414 2763 3471 Sed
2787 3416 3063 3487 quomodo
3102 3424 3234 3470 tunc
3273 3415 3322 3471 is
3362 3418 3457 3486 qui

1862 3504 2167 3560 secundum
2197 3521 2420 3561 carnem
2457 3517 2619 3564 natus
2647 3508 2844 3574 fuerat,
2860 3508 3302 3579 persequebatur
3328 3523 3456 3563 eum

1862 3592 1956 3662 qui
1978 3593 2282 3649 secundum
2320 3594 2598 3665 spiritum,
2622 3596 2696 3650 ita
2721 3604 2777 3651 et
2804 3611 2970 3651 nunc.
3017 3595 3124 3651 Sed
3146 3594 3281 3665 quid
3322 3594 3459 3649 dicit

1862 3681 2178 3753 Scriptura?
2207 3684 2355 3751 Ejice
2383 3687 2639 3742 ancillam
2675 3699 2733 3741 et
2773 3685 2947 3742 ﬁlium
2977 3687 3119 3756 ejus.
3144 3685 3265 3739 Non
3306 3684 3454 3738 enim

1861 3773 2038 3830 haeres
2066 3776 2174 3831 erit
2192 3776 2336 3833 ﬁlius
2355 3779 2568 3833 ancilla:
2586 3793 2712 3833 cum
2740 3776 2853 3833 ﬁlio
2881 3779 3089 3832 liberae.
3110 3777 3223 3830 Nos
3243 3785 3450 3838 autem,

1858 3857 2074 3929 fratres,
2116 3881 2226 3920 non
2250 3881 2446 3921 sumus
2480 3866 2694 3921 ancillae
2719 3865 2838 3930 ﬁlii,
2871 3866 2969 3919 sed
3007 3866 3217 3927 liberm,
3259 3878 3368 3932 qua
3393 3863 3459 3915 li-

1859 3952 2070 4009 bertate
2088 3953 2344 4010 Christus
2370 3971 2472 4009 nos
2492 3954 2768 4008 liberavit.
2801 3952 2953 4006 State
2990 3951 3176 4021 igitur,
3197 3960 3254 4005 et
3280 3951 3454 4005 nolito

1860 4042 2060 4098 iterum
2076 4044 2208 4114 jugo
2229 4043 2515 4098 servitutis
2530 4041 2803 4098 contineri
2824 4042 2889 4096 “.
2933 4060 2952 4093 ι
2985 4042 3253 4112 lntelligis
3271 4042 3455 4113 itaque

1859 4149 1970 4203 quo
2000 4141 2161 4204 pacto
2203 4131 2493 4188 manifeste
2536 4131 2774 4187 duorum
2811 4139 3262 4189 testamentorum
3302 4142 3456 4206 typos

1855 4239 1977 4279 esse
2005 4224 2153 4281 dicat
2185 4223 2328 4296 Agar
2362 4231 2421 4280 et
2462 4223 2675 4281 Saram.
2744 4225 2815 4281 Et
2859 4225 3178 4281 ancillulam
3231 4226 3453 4297 quidem

1859 4324 2140 4386 comparat
2176 4316 2489 4372 Iudaeorum
2524 4315 2709 4381 matri,
2735 4316 2843 4371 hoc
2869 4324 2974 4381 est,
3014 4316 3265 4371 terrestri
3291 4317 3451 4373 Jeru-

1857 4407 2025 4465 salem
2046 4425 2058 4460 :
2082 4407 2351 4477 siquidem
2372 4407 2654 4462 servitutis
2674 4407 2890 4477 legibus
2910 4405 3130 4460 subdita
3151 4414 3254 4471 est,
3272 4420 3453 4476 neque

172 4488 242 4556 τῇ
273 4488 369 4541 ἐπὶ
393 4488 498 4557 γῆς
540 4489 915 4566 Ἰερουσαλὴμ,
947 4496 1071 4549 ὲπεί
1090 4515 1174 4550 τοι
1199 4499 1442 4564 δουλείας
1471 4501 1755 4572 ὑπέστρω-

1870 4497 2038 4552 libero
2068 4497 2266 4566 Spiritu
2292 4496 2545 4566 praedita.
2578 4497 2817 4551 Primam
2842 4511 2975 4551 vero
2988 4511 3053 4551 ac
3078 4496 3331 4560 liberam,
3363 4497 3454 4551 ni-.

169 4594 269 4630 ται
300 4578 515 4649 νόμοις,
560 4561 656 4637 καὶ
693 4585 794 4639 οὐκ
834 4561 1107 4659 ἐλευθέρῳ
1136 4561 1437 4660 διαπρέπει.
1458 4561 1749 4663 πνεύματι.

1870 4588 2064 4642 mirum
2086 4587 2274 4642 Saram
2341 4586 2522 4658 (cujus
2555 4587 2722 4643 etiam
2751 4601 2951 4641 nomen
2985 4586 3192 4643 idcirco
3207 4587 3451 4644 domina-

168 4670 218 4720 Τ
219 4669 288 4740 ὴν
324 4669 383 4723 δέ
410 4688 473 4739 γε
501 4673 726 4747 πρώτην
753 4677 848 4731 καὶ
881 4678 1191 4751 ἐλευθέραν,
1218 4697 1291 4751 φη
1301 4681 1362 4750 μὶ
1388 4681 1450 4752 δὴ
1483 4683 1583 4754 τὴν
1613 4682 1751 4755 Σάρ-

168 4763 300 4831 ῥαν,
338 4763 373 4832 ἦ
397 4763 491 4816 καὶ
517 4764 792 4836 ἄρχουσα
815 4769 1073 4842 ταύτῃτω.
1106 4770 1202 4824 καὶ
1232 4773 1612 4842 ἑρμηνεύεται,
1653 4777 1755 4845 τῆς

164 4851 312 4920 ὑψοῦ
344 4870 408 4907 τε
447 4857 541 4911 καὶ
570 4856 685 4912 ἄνω
737 4860 909 4930 φησιν
958 4862 1313 4932 Ἰερουσαλὴμ
1359 4864 1596 4934 άνῆφθαι
1627 4867 1755 4930 τοὺς

161 4941 396 5012 τύπους,
423 4948 830 5020 γεγενῆσθαίτε
874 4953 1089 5023 μητέρα
1117 4952 1526 5009 διαϐεϐαιοῦται
1567 4957 1754 5025 σαφῶς

160 5035 283 5089 τῶν
324 5037 385 5091 tv
437 5041 619 5094 πίστει
662 5042 1132 5113 δεδικαιωμένων,
1181 5047 1275 5099 καὶ
1319 5046 1380 5110 ἐξ
1421 5047 1754 5116 ἐπαγγελίας

163 5125 308 5179 Θεοῦ
339 5128 732 5201 κεκλημένων,
770 5134 853 5196 εἰς
881 5133 943 5186 τὸ
968 5129 1110 5189 εἶναι
1137 5136 1302 5189 τέκνα
1340 5136 1435 5188 τοῦ
1480 5137 1750 5208 Ἀϐραάμ.

166 5239 186 5270 ι
241 5219 435 5288 Ἡμεῖς
471 5223 611 5293 γάρ,
654 5241 673 5274 ι
723 5223 879 5294 φησι,
931 5243 950 5276 ι
995 5226 1139 5280 κατὰ
1187 5227 1373 5281 Ἰσαὰκ
1415 5229 1750 5296 ἐπαγγελίας

155 5305 332 5361 τέκνα
366 5309 552 5378 ἐσμέν,
594 5330 616 5364 ι
666 5314 1120 5386 Ἦλευθερώμεοα
1148 5317 1255 5388 γὰρ
1284 5319 1340 5370 tv
1386 5319 1637 5390 Χριστῷ,
1677 5320 1743 5375 δι’

157 5392 222 5451 οὗ
253 5398 351 5452 καὶ
399 5401 457 5452 ἐν
491 5395 629 5485 ᾧιτὺ
660 5403 805 5460 θεῖον
846 5409 942 5461 καὶ
990 5407 1196 5461 ἄνωθεν
1243 5409 1744 5477 καταπ>.ουτοῦντες

158 5487 399 5560 πνεῦμα,
426 5493 901 5565 κατατετάγμεθεί
925 5500 1022 5567 μὲν
1055 5500 1111 5551 ὲν
1151 5501 1363 5564 τέκνοις
1401 5501 1559 5569 Θεοῦ,
1589 5504 1741 5571 Κρά-

153 5580 330 5652 (alter
352 5582 436 5651 δὲ,
466 5584 635 5643 Ἄόΰᾶ
656 5589 692 5640 ὀ
717 5589 943 5657 Πατὴρ,
968 5591 1060 5643 καὶ
1086 5591 1410 5661 κληρονόμοι
1438 5595 1740 5665 γεγόναμεν

258 5698 301 5729 ⁸⁷
336 5698 608 5765 Exod.lv,
636 5702 726 5756 22.
802 5702 847 5737 ⁸⁸
875 5705 1032 5759 liom.
1077 5723 1147 5769 iv,
1194 5706 1275 5758 l5.

154 5766 325 5824 Calai.
374 5786 456 5835 ιιι,
495 5770 552 5828 6,

1358 5709 1400 5737 ³⁵³
1432 5708 1603 5763 Gaiat.
1640 5727 1710 5775 iv,
1750 5710 1809 5761 21
1855 5710 1940 5763 3|.

1857 4680 1964 4733 trix
2014 4678 2453 4751 interpretatur),
2504 4677 2762 4734 sublimis
2803 4678 2953 4734 illius
3005 4687 3169 4750 atque
3202 4694 3452 4750 superna:

1856 4768 2161 4823 Jerusalem
2181 4778 2365 4840 typum
2394 4784 2508 4840 pra:
2526 4785 2585 4825 sc
2607 4769 2755 4824 ferre
2781 4767 2877 4833 ait,
2905 4777 3245 4839 matremque
3265 4781 3451 4839 aperte

1855 4858 2055 4915 factam
2073 4875 2194 4914 esse
2213 4859 2500 4915 conﬁrmat
2544 4876 2738 4917 eorum
2773 4860 2868 4931 qui
2920 4875 3019 4930 per
3046 4860 3213 4913 ﬁdem
3245 4858 3446 4927 justiﬁ-

1856 4950 1965 5004 cati
1990 4958 2136 5014 sunt,
2167 4957 2222 5004 et
2263 4966 2330 5005 ex
2368 4950 2737 5020 promissione
2768 4950 2863 5006 Dei
2918 4947 3118 5011 vocati,
3162 4955 3224 5000 ut
3265 4954 3451 5000 essent

1856 5040 1953 5094 ﬁlii
1996 5040 2251 5096 Abrahae.
2299 5060 2319 5093 ι
2364 5042 2475 5097 Nos
2526 5043 2699 5108 enim,
2746 5062 2764 5094 ι
2819 5041 3019 5110 inquit,
3084 5057 3103 5091 ι
3144 5036 3449 5092 secundum

1850 5131 2000 5186 Isaac
2027 5131 2411 5202 promissionis
2434 5132 2529 5186 ﬁlii
2562 5148 2753 5188 sumus
2780 5132 2848 5196 ⁵ο,
2893 5150 2911 5180 ι
2941 5131 3252 5185 libertatem
3272 5126 3447 5198 siqui—

1848 5221 1974 5276 dem
2020 5221 2306 5277 consecuti
2350 5237 2542 5276 sumus
2573 5239 2671 5291 per
2699 5221 3002 5284 Christum,
3061 5236 3160 5289 per
3192 5234 3356 5287 quem
3389 5229 3446 5274 et

1852 5315 1907 5369 in
1947 5330 2057 5384 quo
2094 5316 2342 5370 divinum
2373 5330 2436 5369 ac
2466 5317 2743 5370 caelestem
2785 5314 3038 5382 spiritum
3070 5312 3274 5380 adepti,
3301 5312 3444 5369 inter

1852 5410 1994 5464 ﬁlios
2022 5410 2117 5464 Dei
2150 5411 2431 5465 constituti
2471 5425 2696 5470 sumus;
2733 5408 3027 5461 clamamus
3068 5418 3249 5463 autem
3274 5410 3438 5480 Abba,

1856 5500 2041 5562 Pater,
2058 5511 2111 5553 et
2130 5499 2376 5553 hmredes
2392 5499 2518 5551 facti
2533 5511 2722 5549 smnus
2743 5496 3010 5550 bonorum
3028 5499 3071 5529 "
3095 5515 3215 5568 qua:
3239 5502 3442 5555 sanctis

1850 5606 1977 5648 sunt
1996 5593 2282 5663 promissa,
2311 5594 2535 5663 jurante
2572 5599 2782 5644 tantum
2812 5605 2920 5643 non
2949 5607 3047 5660 per
3079 5594 3435 5663 semetipsum

2022 5710 2066 5740 δ”
2091 5710 2247 5762 Rem.
2279 5708 2433 5773 n38;
2465 5706 2635 5761 Calai.
2664 5722 2734 5767 iv,
2762 5706 2848 5758 9.3.
2929 5708 2967 5737 ’“
3000 5708 3154 5761 Rom.
3190 5724 3300 5769 vm.
3336 5709 3429 5769 lii;
