4056 6260
627 389 732 445 12⁷
1658 391 1712 447 S.
1754 393 2028 449 CYRILLI
2071 393 2535 448 ALEXANDRINI
2573 392 2891 451 ARCIIIEP.
3786 392 3901 446 128

625 505 757 560 Deo.
793 503 1118 559 Continetur
1161 503 1310 559 enim
1353 505 1408 558 in
1454 505 1768 575 iuramento
1807 507 1984 563 Patris
2017 508 2184 564 Filius

2317 508 2423 562 τῶν
2473 509 2899 578 ἐπηγγελμένων
2937 507 3048 570 τοῖς
3089 505 3262 574 ἁγίοις
3304 506 3557 575 ἀγαθῶν,
3606 509 3904 577 μονονουχὶ

627 596 741 647 sive
769 595 890 663 ejus
936 595 1278 664 mysterium.
1310 593 1608 649 Consuevit
1645 596 1792 650 enim
1824 597 1984 652 Pater
2025 599 2184 668 jurar'

2314 599 2408 652 καὶ
2445 599 2801 668 ὀμωμοκότος
2856 598 2978 651 καθ’
3015 597 3206 650 ἑαυτοῦ
3240 597 3333 650 τοῦ
3363 596 3518 651 Θεοῦ.
3557 596 3899 669 Παρελήφθη

628 700 725 754 per
747 686 1021 754 propriam
1051 686 1309 740 virtutem
1331 685 1473 740 Filii.
1495 686 1671 756 Atque
1693 687 1798 742 hoc
1810 697 1894 743 est
1907 689 2094 757 jurare
2113 704 2212 758 per

623 777 1000 846 semetipsum.
1037 776 1318 847 Siquidem
1348 794 1457 832 non
1493 779 1634 833 alius
1671 778 1740 832 ab
1769 779 1888 848 ipso
1912 791 1996 834 est
2019 781 2208 847 Filius,

628 866 736 936 ’16
762 868 1062 922 secundum
1106 871 1358 924 essentiae
1401 871 1687 936 rationem,
1723 870 1966 939 inquam,
1995 881 2052 927 et
2088 872 2214 927 Dei-

629 959 758 1015 tatis
812 960 1174 1016 identitatem.
1206 962 1413 1017 Idcirco
1463 963 1682 1017 divinus
1716 964 1946 1036 Moyses,
1993 965 2212 1034 quando

629 1049 790 1104 nobis
827 1051 1100 1120 jurantem
1154 1053 1323 1106 Deum
1363 1054 1620 1117 ostendit,
1668 1055 1943 1110 dicentem
1974 1055 2120 1120 facit,
2156 1067 2213 1112 et

631 1134 854 1204 quidem
890 1139 1175 1195 manifeste
1203 1157 1216 1192 :
1250 1159 1268 1191 ε
1311 1140 1448 1206 Quia
1497 1142 1628 1196 tollo
1661 1143 1717 1196 in
1753 1144 1954 1198 coelum
1989 1158 2210 1201 manum

631 1241 828 1290 meam,
853 1236 910 1282 et
929 1229 1057 1297 juro
1076 1244 1172 1298 per
1187 1230 1468 1285 dexteram
1492 1247 1667 1286 meam
1695 1233 1792 1287 ⁸³.»
1815 1235 2044 1290 Dextera
2062 1240 2209 1292 enim

631 1317 728 1371 Dei
756 1335 820 1372 ac
853 1321 1029 1375 Patris
1057 1332 1142 1376 est
1181 1323 1370 1388 Filius,
1397 1341 1497 1394 per
1529 1341 1693 1395 quem
1737 1327 2010 1384 universis
2032 1331 2210 1385 domi-

601 1415 811 1472 .natur,
855 1414 1176 1480 cunctisque
1214 1413 1446 1482 imperat
1489 1422 1545 1469 et
1576 1416 1760 1471 divine
1794 1428 2209 1488 operatur,'vo-

629 1512 759 1551 cans
778 1514 840 1552 ea
860 1515 980 1568 quae
1008 1518 1118 1556 non
1148 1514 1277 1559 sunt
1317 1505 1385 1558 ad
1411 1513 1615 1569 ortum,
1651 1517 1706 1562 et
1743 1509 1810 1563 iis
1835 1526 1956 1579 quae
1982 1511 2093 1580 jam
2123 1527 2211 1566 or-

628 1599 742 1643 tum
785 1600 1136 1661 acceperunt,
1192 1604 1254 1649 ut
1313 1604 1461 1650 recte
1519 1611 1578 1650 se
1630 1597 1888 1662 habeant,
1940 1600 2207 1656 tribuens.

624 1678 893 1744 Quocirca
923 1683 1282 1752 jurejurando
1326 1685 1648 1754 interposito
1677 1687 1746 1741 ad
1781 1689 2208 1746 confirmandam

628 1770 940 1827 ha:redibus
960 1775 1339 1841 promissionis
1379 1776 1560 1842 fidem,
1587 1779 1880 1836 Salvatoris
1901 1784 2073 1837 nostri
2091 1801 2207 1855 my—

2312 686 2421 759 7&9
2443 689 2520 752 ὼς
2551 692 2609 742 ἑν
2635 691 2782 760 ὅρκῳ
2810 687 2904 742 τοῦ
2940 689 3150 760 Πατρδς
3176 689 3204 741 ὁ
3228 688 3359 752 υἱὸς,
3392 690 3511 758 ἦτοι
3538 688 3608 742 τὸ
3629 688 3714 742 ἐπ’
3737 687 3899 758 αὐτῷ

2316 783 2634 853 μυστήριον.
2671 781 2833 844 Ἔθος
2864 780 2973 852 γὰρ
3010 780 3238 850 ὀμνύναι
3279 780 3359 850 τῷ
3398 781 3575 850 Πατρὶ
3614 779 3692 843 ὡς
3741 781 3898 834 κατά

2315 871 2448 934 ιδίας
2477 871 2760 942 δυνάμεως
2789 871 2882 924 τοῦ
2923 870 3076 937 Υῐοῦ,
3110 870 3205 924 καὶ
3237 870 3394 924 τοῦτό
3427 872 3542 924 ἐστι
3567 870 3629 924 τὸ
3656 871 3896 942 ὀμνύναι

2312 961 2433 1015 καθ’
2485 962 2698 1017 ἑαυτοῦ.
2762 961 3022 1034 Ἐπείπερ
3067 963 3166 1034 οὐχ
3213 962 3400 1034 έτερος
3464 964 3598 1032 παρ’
3652 961 3816 1015 αὑτὸν
3861 963 3897 1014 ὁ

2313 1053 2460 1118 Υἱὸς,
2503 1055 2646 1108 κατά
2671 1072 2758 1124 γε,
2795 1055 2960 1125 φημὶ,
2989 1057 3084 1124 τῆς
3120 1054 3304 1118 οὐσίας
3348 1055 3440 1107 τὸν
3478 1053 3655 1122 λόγον,
3691 1055 3787 1107 καὶ
3825 1056 3894 1107 τδ

2310 1145 2506 1198 ταυτὸν
2535 1145 2635 1216 τῆς
2681 1145 2953 1214 θεότητος.
2992 1145 3102 1198 Καὶ
3131 1144 3262 1214 γοῦν
3305 1146 3333 1196 ὁ
3363 1144 3647 1207 Θεσπέσιος
3677 1143 3893 1210 Μωσῆς

2311 1235 2401 1287 ὅτε
2430 1235 2668 1306 δέδειχεν
2704 1236 2837 1306 ἡμῖν
2873 1235 3115 1305 ὀμνύντα
3143 1235 3298 1298 Θεὸν,
3336 1232 3753 1304 παρακεκόμικε
3796 1233 3892 1284 λέ-

2309 1343 2475 1393 γοντα
2505 1327 2601 1379 καὶ
2635 1326 2783 1395 μάλα
2819 1326 3026 1394 σαφῶς,
3055 1327 3135 1379 ὃτι
3181 1344 3199 1376 ι
3251 1325 3304 1378 Ἀ
3316 1323 3395 1394 ρῶ
3427 1324 3508 1386 εἰς
3536 1322 3626 1375 τὸν
3654 1321 3891 1392 οὐρανὸν

2308 1417 2409 1487 τὴν
2441 1419 2601 1488 χεῖρά
2637 1435 2768 1488 μου,
2805 1419 2898 1471 καὶ
2929 1417 3172 1488 ὀμοῦμαι
3209 1418 3274 1488 τῇ
3298 1415 3451 1484 δεξιᾷ
3490 1432 3611 1485 μου.
3656 1431 3674 1464 ι
3720 1412 3888 1476 Δεξιά

2311 1509 2420 1578 7&9
2446 1511 2540 1562 τοῦ
2573 1510 2710 1564 Θεοῦ
2753 1512 2848 1564 καὶ
2887 1511 3119 1581 Πατρδς,
3152 1513 3180 1565 ὁ
3213 1510 3360 1574 Υἱὸς,
3391 1509 3459 1562 δι’
3500 1503 3569 1580 ἦς
3597 1507 3707 1561 τῶν
3743 1507 3890 1560 ὅλων

2310 1604 2648 1672 κατακρατεῖ
2670 1643 2684 1665 ,
2715 1604 2810 1656 καὶ
2842 1604 3007 1656 οἱονεὶ
3043 1601 3137 1656 τοῦ
3182 1601 3383 1665 παντὸς
3423 1599 3884 1671 καταδράσσεται,

2311 1692 2405 1746 καὶ
2433 1691 2750 1764 θεοπρεπῶς
2795 1693 3087 1765 ἐργάζεται
3132 1693 3314 1748 καλῶν
3353 1694 3423 1746 τὰ
3454 1692 3553 1744 οὐκ
3578 1691 3707 1744 ὅντα
3746 1688 3886 1760 πρὸς

2310 1781 2544 1850 γένεσιν,
2580 1785 2673 1836 καὶ
2707 1786 2817 1848 τοῖς
2868 1785 2970 1854 ἤδη
3010 1783 3281 1852 γεγονόσι,
3311 1781 3374 1834 τὸ
3421 1777 3480 1835 εὖ
3527 1777 3669 1833 εἶναι
3701 1777 3886 1832 διανέ-

627 1862 855 1916 sterium
876 1865 1210 1931 continetur,
1243 1866 1615 1938 figuratusque
1643 1879 1728 1924 est
1757 1871 1927 1926 veluti
1950 1874 2005 1927 in
2034 1873 2184 1929 vitul:

2313 1887 2450 1940 μων.
2501 1871 2710 1926 Οὐκοῦν
2769 1873 2846 1934 ὡς
2892 1874 2949 1924 ὲν
2993 1872 3156 1943 ὅρκου
3206 1871 3366 1941 χρείᾳ
3412 1867 3754 1939 βεϐαιοῦντος
3798 1869 3884 1930 εἰς

626 1951 899 2017 Christus,
928 1962 984 2008 et
1007 1956 1062 2009 in
1100 1970 1259 2026 capra
1292 1966 1346 2012 et
1380 1960 1570 2022 ariete,
1601 1976 1665 2015 ac
1705 1961 1874 2018 veluti
1897 1963 1953 2016 in
1988 1964 2203 2021 duabus

627 2043 840 2108 avibus,
867 2053 1100 2109 turture,
1130 2047 1372 2118 inquam,
1402 2058 1456 2104 et
1497 2051 1770 2105 columba.
1807 2051 2063 2118 Quaenam
2100 2071 2200 2108 au~

627 2139 734 2185 tem
759 2133 923 2188 etiam
956 2135 1120 2206 hujus
1146 2137 1226 2192 rei
1262 2139 1404 2194 ratio
1445 2140 1539 2205 sit,
1567 2140 1746 2210 quoad
1777 2151 1988 2212 potero,
2023 2144 2200 2215 expli-

623 2224 778 2280 cabo.

690 2496 742 2552 8.
783 2498 1186 2570 Nonnunquam
1210 2502 1356 2558 enim
1393 2504 1466 2560 ob
1507 2505 1783 2576 ingentem
1818 2509 2194 2567 fortitudinem

619 2596 786 2657 atque
824 2589 1195 2660 insuperabile
1243 2596 1436 2660 robur,
1457 2597 1706 2652 divinum
1758 2616 1988 2670 nempe,
2031 2604 2194 2658 vitulo

619 2691 1000 2750 comparatur;
1038 2700 1428 2756 nonnunquam
1451 2705 1585 2743 vero
1622 2699 1846 2760 propter
1880 2693 2194 2750 humanita-

620 2779 750 2838 tem,
779 2781 834 2826 et
864 2774 1012 2842 quod
1038 2775 1215 2830 factus
1243 2779 1314 2832 sit
1335 2779 1438 2833 sub
1463 2780 1600 2850 lege,
1626 2781 1793 2835 vitula
1816 2794 2058 2839 vocatur.
2098 2787 2195 2842 Mi-

615 2879 723 2920 nus
746 2866 892 2920 enim
915 2883 1130 2937 semper
1151 2876 1235 2922 est
1256 2881 1417 2940 atque
1441 2872 1670 2928 inferius
1689 2874 1905 2930 femella
1929 2881 2187 2946 masculo,

615 2957 784 3010 veluti
811 2958 1092 3026 superiore
1114 2975 1177 3013 ac
1201 2962 1597 3029 praestantiore.
1621 2962 1851 3019 Omnem
1874 2967 2020 3022 enim
2041 2985 2192 3024 crea-

617 3055 795 3099 turam
839 3057 1062 3116 superat
1106 3049 1292 3115 Filius,
1323 3059 1379 3106 et
1420 3051 1833 3124 incomparabili
1865 3058 2188 3116 excellentia

611 3146 924 3192 creatorum
953 3151 1205 3196 naturam
1242 3145 1536 3210 antecedit,
1562 3147 1800 3202 radicem
1839 3149 2051 3205 habens
2090 3168 2184 3206 su-

2304 1960 2489 2013 πίστιν
2527 1961 2630 2031 τῆς
2675 1961 3010 2031 ἐπαγγελίας
3048 1962 3175 2025 τοὺς
3224 1960 3630 2030 κληρονόμους,
3675 1957 3736 2010 τὸ
3779 1954 3880 2009 τοῦ

2302 2051 2553 2122 Σωτῆρος
2596 2052 2752 2122 ἡμῶν
2798 2049 3118 2125 παρελήφθη
3174 2053 3489 2122 μυστήριον.
3534 2049 3644 2103 Καὶ
3679 2049 3878 2101 ἀνετυ-

2303 2142 2467 2198 ποῦτο
2493 2144 2557 2214 δὴ
2591 2144 2788 2214 μᾶλλον
2816 2144 2892 2208 ὡς
2911 2147 2967 2197 ὲν
2996 2145 3220 2215 δαμάλει
3246 2143 3501 2213 Χριστὸς,
3530 2143 3623 2196 καὶ
3647 2141 3750 2212 μὴν
3776 2139 3875 2193 καὶ

2300 2231 2436 2299 αἰγὶ,
2472 2232 2566 2284 καὶ
2597 2231 2757 2304 κριῷ,
2792 2233 2886 2286 καὶ
2913 2233 2989 2296 ὠς
3021 2236 3077 2286 ὲν
3109 2232 3252 2284 δυοῖν
3300 2231 3621 2301 στρουθίοιν,
3650 2231 3873 2298 τρυγόνι

2297 2337 2378 2384 τε,
2411 2323 2576 2392 φημὶ,
2605 2324 2698 2377 καὶ
2739 2326 3057 2395 περιστερᾷ.
3099 2325 3206 2378 Καὶ
3226 2325 3310 2386 τίς
3326 2323 3390 2377 ἂν
3423 2325 3453 2376 ό
3480 2321 3668 2376 τούτου
3701 2323 3879 2376 νοοῖτο

2297 2408 2474 2478 λόγος,
2497 2412 2639 2466 κατὰ
2671 2414 2730 2466 τὸ
2749 2414 3022 2484 ἐγχωροῦν
3050 2416 3235 2485 ἀφηγή
3246 2432 3426 2485 σομαι.

2365 2503 2436 2576 η’.
2475 2506 2611 2559 Ποτὲ
2645 2506 2744 2575 μὲν
2770 2506 2878 2578 γὰρ
2905 2507 2993 2562 διὰ
3019 2507 3080 2560 τὸ
3105 2509 3244 2576 ἄγαν
3273 2505 3525 2568 εὐσθενὲς
3553 2505 3645 2559 κα¹ι
3672 2503 3874 2558 ἀκατα-

2295 2595 2556 2665 γώνιστον
2611 2598 2690 2660 εἰς
2745 2598 2935 2670 ἀλκὴν,
2982 2598 3138 2670 δῆλον
3182 2597 3238 2651 δὲ
3287 2598 3368 2650 ὅτι
3413 2597 3511 2666 τὴν
3566 2594 3867 2664 θεοπρεπῆ,

2287 2689 2504 2757 μόσχῳ
2533 2690 2945 2760 παρεικάζεται.
2987 2690 3122 2742 Ποτὲ
3153 2689 3210 2742 δὲ
3248 2685 3337 2752 αὖ,
3369 2687 3459 2742 διὰ
3495 2687 3556 2739 τὸ
3591 2683 3870 2756 ἀνθρώπι-

2292 2799 2402 2844 νον,
2445 2783 2538 2836 καὶ¹
2567 2782 2688 2837 ἐπεί
2715 2799 2798 2836 τοι
2841 2781 3068 2851 γέγονεν
3093 2781 3197 2835 ὑπὸ
3226 2781 3387 2852 νόμον
3406 2821 3422 2844 ,
3460 2779 3717 2848 δάμαλις
3745 2777 3868 2829 όνοο

2294 2873 2547 2944 μάζεται.
2588 2873 2836 2926 Κατόπιν
2873 2873 2982 2942 γάρ
3025 2889 3143 2934 πως
3196 2872 3284 2925 ἀεὶ
3333 2871 3427 2925 καὶ
3486 2872 3544 2924 ὲν
3593 2866 3766 2941 μείοσι
3803 2868 3869 2924 τδ

2291 2963 2424 3035 θῆλυ
2478 2963 2574 3017 τοῦ
2620 2964 2851 3034 ἄρρενος
2896 2962 2971 3026 ὼς
3021 2961 3322 3033 ἡγουμένου
3372 2963 3466 3014 καὶ
3515 2959 3860 3032 προῦχοντος.

2301 3054 2546 3125 Ἀπάτης
2602 3053 2700 3123 μὲν
2744 3052 2856 3122 7&9
2912 3051 3168 3105 ἐπέκεινα
3213 3050 3442 3113 κτίσεως
3480 3051 3509 3105 ὁ
3555 3051 3730 3114 Υἱὸς,
3767 3048 3865 3104 καὶ

2288 3145 2638 3215 ἀσυγκρίτοις
2669 3144 2964 3215 ὑπεροχαῖς
2994 3143 3092 3212 τὴν
3155 3143 3263 3198 τῶν
3289 3143 3530 3214 γενητῶν
3563 3141 3858 3214 ὑπερφέρει

615 3243 862 3295 premum
885 3231 1128 3284 omnium
1149 3232 1386 3298 Patrem,
1410 3234 1603 3300 Deum,
1626 3236 1869 3304 inquam.
1893 3239 2184 3308 Postquam

2288 3236 2447 3304 φύσιν
2473 3253 2534 3288 τε
2575 3236 2669 3289 καὶ
2701 3234 2857 3299 δόξαν
2879 3275 2893 3299 ,
2933 3235 3082 3305 ῥίζαν
3112 3233 3253 3304 ἔχων
3285 3235 3383 3304 τὴν
3416 3234 3696 3301 ἀνωτάτην
3718 3274 3732 3296 ,
3767 3233 3858 3286 τὸν

613 3335 744 3374 vero
769 3320 1088 3376 incarnatus
1114 3331 1216 3387 est,
1253 3324 1357 3378 sub
1389 3326 1504 3394 lege
1538 3335 1622 3380 est
1653 3326 1848 3382 factus.
1892 3328 2102 3384 Idcirco
2128 3341 2186 3385 et

610 3413 688 3465 ait
729 3430 742 3465 :
795 3432 813 3461 ‹
842 3412 960 3467 Νοη
1001 3415 1126 3469 veni
1171 3416 1386 3471 solvere
1432 3417 1629 3487 legem,
1663 3418 1759 3473 sed
1799 3419 2026 3488 implere
2063 3422 2129 3474 ".
2157 3442 2176 3474 ι

617 3503 948 3559 'I‘rihuemus
986 3517 1169 3561 autem
1201 3508 1276 3571 id,
1306 3509 1350 3564 si
1397 3520 1545 3564 recte
1575 3512 1780 3565 sentire
1805 3512 2057 3578 velimus,
2085 3532 2181 3570 ex-

613 3587 928 3650 Inanitioni.
975 3596 1188 3652 Idcirco
1237 3598 1405 3653 vitula
1458 3600 1662 3654 dicitur
1691 3600 1965 3666 Christus,
1999 3605 2180 3677 Moyse

611 3687 748 3756 legis
779 3686 974 3741 faciem
1013 3688 1366 3760 adimplente,
1389 3691 1476 3745 vel
1499 3690 1723 3748 definita
1752 3709 1852 3763 per
1884 3710 2010 3749 eum
2040 3698 2176 3767 lege.

608 3776 961 3832 Assimilatur
983 3787 1165 3833 autem
1191 3779 1357 3835 etiam
1379 3797 1575 3852 capre.
1603 3779 1720 3848 Qua
1743 3783 1810 3838 de
1837 3787 2042 3841 causa?
2065 3786 2178 3842 Ob-

609 3868 730 3923 tulit
759 3869 908 3924 enim
940 3871 1180 3940 seipsum
1208 3887 1308 3941 pro
1341 3871 1580 3941 peccatis
1613 3875 1848 3937 nostris,
1877 3878 2176 3932 secundum

604 3957 939 4038 Seripturas.
967 3962 1164 4018 Hircus
1180 3971 1364 4019 autem
1390 3963 1446 4017 in
1474 3963 1594 4034 lege
1617 3966 1945 4022 sacrificium
1968 3979 2052 4024 est
2075 3986 2177 4040 pro

599 4061 845 4120 peccato.
875 4053 1234 4124 Comparatur
1270 4071 1403 4111 vero
1445 4055 1610 4111 etiam
1643 4060 1818 4123 arieti,
1859 4059 1984 4115 ideo
2027 4063 2174 4131 quod

603 4142 884 4196 rationalis
910 4145 1086 4212 gregis
1109 4146 1180 4198 sit
1198 4146 1328 4198 dux.
1353 4147 1560 4202 Unicus
1578 4150 1725 4202 enim
1748 4150 1859 4203 dux
1886 4160 2074 4206 noster
2090 4161 2175 4208 est

597 4229 872 4293 Christus,
899 4241 955 4285 et
999 4248 1100 4287 nos
1126 4234 1348 4303 quidem
1389 4253 1407 4285 ι
1440 4237 1676 4306 populus
1708 4254 1922 4306 pascua
1961 4243 2078 4309 ejus
2117 4251 2173 4296 et

596 4330 729 4370 oves
761 4333 954 4372 manus
980 4321 1100 4388 ejus
1125 4323 1214 4386 δ”,
1246 4342 1264 4372 ι
1300 4323 1443 4377 sicut
1468 4325 1733 4394 scriptum
1757 4334 1858 4380 est.
1877 4327 2170 4397 Postquam

596 4422 730 4482 vero
767 4409 1100 4466 assimilatus
1135 4420 1218 4467 est
1255 4428 1353 4482 per
1394 4414 1577 4469 omnia
1603 4416 1885 4482 fratribus,
1925 4419 2030 4473 hoc
2063 4430 2166 4486 est,

594 4589 744 4644 bitur
769 4590 992 4660 quidem
1023 4593 1078 4647 in
1117 4597 1298 4661 πίσεα,
1331 4597 1762 4669 intelligiturque
1791 4600 2066 4670 perfectus
2102 4618 2166 4657 ac

591 4681 722 4735 dux.
753 4684 964 4739 Arietes
1001 4685 1147 4739 enim
1192 4702 1407 4756 semper
1445 4698 1575 4743 sunt
1615 4705 1840 4760 gregum
1884 4691 2160 4746 ductores.

590 4769 737 4825 Idem
777 4773 959 4842 itaque
996 4783 1052 4830 et
1081 4775 1248 4830 vitula
1279 4785 1384 4842 est,
1419 4793 1486 4833 eo
1518 4780 1664 4849 quod
1703 4780 1806 4835 sub
1839 4781 1958 4852 lege
1984 4783 2076 4847 sit,
2107 4792 2163 4838 et

586 4861 750 4917 etiam
785 4864 954 4920 veluti
982 4882 1168 4937 capra,
1207 4867 1428 4923 victima
1466 4885 1568 4939 pro
1599 4879 1859 4940 peccato;
1897 4881 2159 4941 praeterea

585 4955 724 5007 aries
758 4961 819 5008 ut
837 4955 966 5010 dux.
992 4956 1162 5028 Cujus
1193 4959 1435 5030 vestigiis
1461 4960 1715 5016 insistere
1741 4962 2046 5031 cupientes,
2073 4973 2158 5018 at-

582 5060 691 5114 que
720 5047 1136 5114 contendentes,
1185 5049 1242 5103 in
1285 5049 1445 5105 bonis
1495 5051 1733 5121 pascuis,
1783 5061 1842 5107 et
1881 5073 1898 5104 ι
1929 5053 1985 5107 in
2033 5054 2154 5110 loco

581 5135 773 5206 pingui
813 5137 1021 5193 erimus
1062 5141 1345 5194 constituti
1371 5141 1439 5206 “,
1471 5162 1488 5192 ι
1533 5143 1638 5213 77
1680 5145 1832 5214 juxta
1875 5146 2155 5216 prophetas

582 5241 792 5292 vocem,
820 5235 876 5282 et
905 5227 960 5283 in
985 5231 1156 5285 sacris
1180 5231 1412 5286 stabulis
1450 5233 1872 5288 diversabimur.
1909 5237 2154 5292 Dedueet

579 5316 724 5370 enim
750 5333 851 5374 nos
888 5319 942 5374 in
985 5322 1238 5377 caelestes
1285 5325 1753 5395 mansionesipse
1798 5338 1853 5380 et
1897 5327 2059 5391 aries,
2099 5339 2153 5382 et

577 5420 826 5462 summus
852 5421 1055 5480 pastor,
1093 5423 1148 5469 et
1188 5415 1356 5470 veluti
1391 5433 1535 5472 unus
1577 5434 1643 5473 ex
1684 5419 1844 5473 nobis
1881 5419 1984 5474 sub
2012 5419 2150 5489 lege,

576 5505 740 5566 atque
763 5515 928 5570 supra
953 5502 1148 5572 legem,
1175 5512 1236 5559 ut
1265 5505 1408 5561 Deus
1430 5508 1543 5578 ipse
1585 5509 1764 5563 omnis
1806 5508 2150 5580 iustiﬁcatio,

577 5589 789 5642 tametsi
832 5609 846 5639 ι
877 5590 1018 5646 inter
1045 5593 1262 5664 iniquos
1293 5607 1578 5667 reputatus
1604 5610 1686 5654 est
1707 5601 1775 5665 ",
1807 5620 1823 5652 ι
1850 5609 1906 5655 et
1936 5616 2035 5670 pro
2055 5615 2155 5653 no-

642 5762 687 5795 "
720 5763 875 5818 Deut.
913 5783 1073 5834 xxxii,
1101 5769 1184 5822 IO.
1264 5771 1306 5802 "
1334 5771 1519 5826 .‘Iatth.
1560 5791 1610 5838 ν,
1658 5776 1738 5828 l7.
1818 5777 1883 5809 "'
1922 5777 2058 5832 Psal.
2105 5793 2318 5842 uniti,
2359 5778 2440 5833 15.

2284 3326 2394 3380 τῶν
2432 3325 2569 3380 ὅλων
2609 3327 2835 3398 Πατέρα
2905 3326 3050 3396 φημὶ
3095 3325 3159 3396 δὴ
3204 3326 3298 3379 καὶ
3341 3325 3494 3380 Θεόν,
3539 3325 3756 3395 Ἐπειδὴ
3800 3325 3857 3379 δὲ

2285 3417 2498 3486 πέφυκε
2522 3417 2644 3470 καθ’
2667 3419 2835 3488 ἡμᾶς,
2859 3433 3030 3488 κεχρη
3041 3416 3268 3486 μάτικεν
3293 3417 3398 3470 ὑπὸ
3424 3417 3584 3488 νόμον
3604 3416 3679 3480 ὡς
3702 3415 3858 3487 {7706-

2287 3525 2466 3579 μενον.
2482 3508 2770 3579 Τοιγάρτοι
2805 3509 2899 3562 καὶ
2930 3508 3220 3578 ἔφασκενοι
3242 3509 3354 3562 Οὐκ
3378 3503 3540 3578 ἦλθον
3558 3507 3858 3562 καταλῦσαι

2281 3601 2374 3654 τὸν
2405 3601 2602 3671 νόμον,
2641 3600 2774 3654 ἀλλά
2826 3601 3137 3671 πληρῶσαι.
3171 3618 3192 3652 ι
3233 3598 3602 3670 Ἀναθήσομεν
3644 3597 3700 3652 δὲ
3761 3599 3859 3657 καὶ

2279 3691 2436 3745 τοῦτο
2463 3695 2574 3755 τοῖς
2597 3692 2696 3761 τῆς
2723 3689 3006 3753 κενώσεως
3044 3691 3284 3761 μέτροις,
3317 3688 3453 3759 ὀρθὰ
3483 3689 3699 3759 φρονεῖν
3719 3689 3853 3758 ᾑρη-

2283 3781 2453 3852 μένοι.
2488 3781 2587 3834 Διά
2615 3781 2772 3834 τοῦτο
2801 3780 3056 3850 δάμαλις
3082 3781 3110 3832 ό
3136 3779 3372 3850 Χριστὸς
3395 3818 3407 3839 ,
3446 3777 3508 3832 τὸ
3543 3777 3637 3831 τοῦ
3684 3775 3856 3848 νόμου

2279 3873 2572 3942 πρόσωπον
2621 3871 3061 3943 ἀναπληροῦντος
3107 3870 3380 3934 Μωσέως,
3421 3870 3540 3940 ἦτοι
3589 3867 3684 3922 τοῦ
3732 3867 3855 3921 κατ’

2277 3965 2438 4019 αὑτὸν
2466 3964 2776 4036 ὁρισθέντος
2809 3964 2997 4034 νόμου.
3059 3963 3444 4033 Ἀφομοιοῦται
3493 3961 3549 4014 δὲ
3583 3962 3679 4013 καὶ
3703 3962 3850 4030 alrl.

2276 4057 2375 4111 Διά
2407 4058 2568 4111 ποίαν
2609 4056 2824 4120 alt-(av;
2874 4054 3286 4126 Προσκεκόμικε
3327 4053 3434 4122 γάρ
3479 4050 3673 4104 ἑαυτὸν
3708 4051 3852 4124 ὑπὲρ

2273 4150 2382 4203 τῶν
2405 4149 2687 4221 ἁμαρτιῶν
2713 4148 2870 4219 ἡμῶν
2887 4189 2900 4211 ,
2926 4147 3067 4203 κατά
3105 4145 3208 4209 τὰς
3240 4145 3484 4215 Γραφάς.
3514 4146 3767 4217 Χιμαρος
3790 4146 3850 4200 δὲ

2272 4241 2332 4294 τὸ
2367 4242 2504 4313 ὑπὲρ
2551 4241 2826 4312 ἁμαρτίας
2870 4239 3018 4310 θῦμα
3045 4237 3185 4292 κατά
3218 4237 3308 4289 τὸν
3336 4236 3517 4308 νόμον.
3553 4237 3848 4307 Παραϐάλ-

2273 4331 2422 4385 λεται
2446 4332 2500 4385 δὲ
2541 4334 2637 4386 καὶ
2664 4333 2828 4399 κριῷ,
2853 4330 2944 4385 διὰ
2968 4331 3028 4384 τὸ
3054 4331 3162 4384 τῶν
3187 4329 3423 4398 λογικῶν
3455 4330 3706 4401 ἡγεῖσθαι
3735 4347 3848 4383 ποι-

2277 4420 2466 4489 μνὶων.
2501 4415 2597 4484 Εἷς
2637 4420 2745 4491 γὰρ
2795 4419 2952 4490 ⁴ἡμῶν
2995 4420 3110 4472 ὲστι
3157 4419 3475 4490 καθηγητὴς
3519 4420 3548 4472 ὁ
3589 4418 3842 4488 Χριστός.

485 4501 488 4503 ’
595 4498 774 4563 nobis,
799 4499 1095 4558 demittens
1121 4505 1360 4575 seipsum
1383 4506 1450 4560 ad
1481 4508 1931 4574 exinanitionem,
1959 4510 2168 4566 descri-

2286 4513 2382 4564 Καὶ
2403 4513 2563 4581 ἡμεῖς
2599 4510 2698 4583 μὲν
2732 4511 2859 4574 λαὸς
2887 4510 3060 4580 νομῆς
3095 4510 3261 4564 αὑτοῦ
3309 4510 3404 4562 καὶ
3449 4510 3698 4577 πρόϐατα
3730 4525 3845 4578 χει-

2271 4603 2362 4672 ρὸς
2386 4603 2574 4666 αὐτοῦ,
2603 4603 2744 4656 κατά
2771 4602 2832 4654 τὺ
2854 4601 3260 4671 γεγραμμένον.
3296 4597 3512 4666 Ἐπειδὴ
3543 4598 3599 4650 δὲ
3621 4597 3840 4667 ὡμοιώ-

2265 4693 2331 4765 θη
2354 4694 2496 4747 κατά
2520 4693 2697 4746 πάντα
2723 4695 2833 4756 τοῖς
2867 4693 3132 4760 ἀδελφοῖς,
3155 4688 3610 4759 τουτέστιν-ἡμῖν,
3648 4691 3842 4754 καθεὶς

2263 4785 2452 4839 ἑαυτὸν
2487 4787 2568 4849 εἰς
2597 4785 2858 4851 κένωσιν,
2887 4786 3160 4855 γράφεται
3201 4781 3300 4853 μὲν
3342 4780 3400 4834 ὲν
3427 4779 3570 4849 κριῷ
3590 4823 3604 4846 ,
3635 4782 3838 4834 νοεῖται

2261 4893 2324 4945 γε
2369 4877 2475 4947 μὴν
2524 4876 2847 4947 ἡγούμενος.
2894 4875 3058 4945 Κριοὶ
3105 4873 3215 4946 γὰρ
3261 4871 3348 4926 ἀεὶ
3392 4872 3494 4942 τῆς
3536 4871 3734 4942 ἀγέλης
3787 4873 3837 4925 οι

2260 4965 2606 5038 προῦχοντες.
2659 4964 2717 5018 '0
2755 4964 2915 5026 αὐτὸς
2945 4960 3040 5017 οῦν
3069 4962 3176 5032 ἀρα
3208 4961 3299 5015 καὶ
3323 4960 3608 5030 δάμαλις,
3638 4960 3727 5013 διά
3751 4976 3836 5012 τοι

2259 5057 2320 5111 τὸ
2347 5058 2456 5110 ὑπὸ
2498 5056 2692 5127 νόμον,
2735 5057 2828 5108 καὶ
2864 5053 2972 5126 μὴν
3009 5055 3103 5108 καὶ
3141 5055 3217 5116 ὡς
3245 5052 3348 5117 αἲξ
3374 5092 3390 5117 ,
3419 5053 3648 5121 σφάγιον
3693 5050 3833 5120 ὑπὲρ

2261 5148 2556 5219 ἁμαρτίας.
2608 5147 2721 5200 Καὶ
2769 5147 2994 5218 προσέτι
3031 5145 3197 5214 κριὸς
3221 5185 3236 5210 ,
3275 5143 3351 5207 ὡς
3393 5145 3714 5214 ἡγούμενος.
3754 5137 3831 5194 υῦ

2257 5244 2371 5304 τοῖς
2403 5242 2604 5310 ἴχνεσιν
2631 5239 2858 5292 ἕπεσθαι
2901 5239 3010 5292 δεῖν
3041 5238 3329 5309 ᾑρημένοι,
3367 5236 3460 5288 καὶ
3487 5232 3830 5288 διασπεύδονο

2256 5347 2367 5392 τες,
2405 5348 2422 5381 ι
2479 5331 2570 5385 Ἐν
2615 5331 2752 5400 νομῇ
2787 5327 2988 5400 ἀγαθῇ,
3014 5328 3110 5382 καὶ
3141 5330 3199 5380 ὲν
3238 5327 3386 5396 τόπῳ
3431 5325 3598 5388 πῖονι,
3635 5342 3652 5374 ι
3689 5322 3830 5376 κατά

2253 5419 2351 5490 τὴν
2381 5420 2476 5472 τοῦ
2513 5422 2794 5491 προφήτου
2849 5419 3033 5489 φωνὴν
3053 5460 3067 5483 ,
3099 5416 3338 5486 ἐσόμεθα
3362 5457 3376 5480 ,
3413 5417 3508 5468 καὶ
3547 5415 3606 5466 ὲν
3637 5413 3829 5474 αὐλαῖς

2255 5509 2426 5577 ἱεραῖς
2476 5507 2872 5578 καταλύσομεν.
2923 5507 3178 5561 Ἐνοικιεῖ
3217 5503 3324 5574 γάρ
3371 5503 3518 5572 ἡμᾶς
3563 5503 3683 5566 ταῖς
3715 5501 3827 5554 ἀνω

2257 5600 2462 5666 μοναῖς,
2500 5597 2660 5661 αὐτὸς
2682 5597 2759 5651 ὢν
2787 5599 2880 5653 καὶ
2909 5595 3062 5666 κριὸς
3091 5596 3185 5650 καὶ
3227 5593 3565 5666 ἀρχιποέμην
3584 5633 3598 5657 ,
3628 5590 3720 5644 καὶ
3749 5588 3825 5650 ὼς

2521 5781 2563 5811 ⁵”
2607 5780 2802 5836 Ειςςὴ.
2853 5795 3030 5844 xxxiv,
3077 5779 3155 5832 ll.
3236 5777 3279 5807 ³⁸
3319 5776 3418 5830 lsa-
3477 5790 3586 5832 l-"Iv
3633 5773 3714 5826 ίῖ·
