4056 6260
205 257 299 314 129

1216 248 1734 305 GLAPHYRORUM
1774 251 1840 304 ΙΝ
1876 250 2179 308 GENESDI
2215 252 2342 307 LIB.
2385 253 2476 307 Ill.

3366 255 3470 313 l50

204 367 277 435 εἷς
303 371 359 436 ἐξ
409 369 570 440 ἡμῶν
603 369 711 422 ὑπὸ
747 369 935 438 νόμον,
964 368 1057 420 καὶ
1100 366 1238 436 ὑπὲρ
1284 366 1473 435 νόμον,
1519 366 1592 429 ὡς
1645 365 1778 429 Θεὸς

1885 366 1965 422 bis
1995 377 2285 423 mactatus.
2320 369 2612 439 Figuratus
2644 384 2778 424 vero
2817 386 3039 424 rursum
3083 379 3169 425 est
3210 371 3375 426 veluti
3411 372 3466 428 in

206 461 355 525 αὐτὸς
391 461 427 531 ἠ
473 462 626 513 πᾶσα
667 460 987 523 δικαίωσις,
1016 459 1065 510 εί
1098 459 1189 511 καὶ
1220 475 1237 508 ι
1294 458 1382 509 Ἐν
1410 460 1524 520 τοῖς
1555 457 1780 526 ἀνόμοις

153 623 155 625 ι
206 552 472 622 ἐλογίσθη,
515 571 535 605 ›
571 552 665 604 καὶ
690 550 791 620 τὴν
815 550 880 602 δι’
912 552 1057 620 ἡμᾶς
1087 549 1345 618 ὑπέμεινε
1379 549 1615 618 σφαγήν.
1638 547 1783 617 Μορ-

207 644 393 713 φοῦται
415 645 476 698 δέ
502 639 571 697 αὖ
611 645 702 697 καὶ
722 643 797 706 ὡς
823 644 882 695 ἐν
907 641 1125 712 τρυγόνι
1163 641 1262 694 καὶ
1300 641 1621 710 περιστερᾷ.
1672 640 1781 691 Δύ-

204 734 288 797 τδς
326 734 439 804 γὰρ
478 733 513 802 ἡ
564 732 698 801 μόνη
747 732 912 802 νοητὴ
957 734 1048 785 καὶ
1092 731 1389 796 λαλιστάτη
1435 725 1688 796 τρυγὼν,
1720 728 1780 781 τδ

184 821 466 893 -εύστομον
491 819 702 891 ἀληθῶς
732 819 1042 890 στρουθίον,
1073 822 1102 873 6
1138 818 1200 883 ἐξ
1233 817 1465 889 ούρανοῦ
1514 817 1609 870 καὶ
1642 816 1782 871 dvo;-

206 912 327 978 θεν,
376 911 436 975 ὃς
472 913 583 973 τοῖς
622 910 1003 978 εὐαγγελικοῖς
1053 910 1379 981 κηρύγμασι
1437 906 1782 978 κατεκηλησε

209 1006 304 1075 τὴν
346 1004 439 1058 ὑπ’
478 1002 727 1074 οὐρανόν·
778 995 825 1069 ᾧ
875 1003 968 1055 καὶ
1016 1001 1156 1073 αὕτη
1220 998 1694 1071 προσπεφώνηκεν
1746 1000 1782 1069 η

210 1095 386 1166 νύμφη
409 1136 425 1159 ,
447 1094 763 1157 τουτέστιν,
805 1095 840 1163 ὴ
869 1092 931 1157 ἐξ
962 1092 1132 1147 ἐθνῶν
1183 1090 1500 1161 Ἐκκλησία·
1540 1109 1559 1141 ι
1597 1089 1781 1154 Δεῐξόν

209 1203 299 1256 μοι
323 1185 421 1256 τὴν
448 1185 575 1254 ὄψιν
610 1201 730 1248 σου,
767 1184 864 1237 καὶ
889 1180 1178 1237 ἀκούτισόν
1210 1199 1299 1254 μοι
1331 1184 1430 1253 τὴν
1456 1182 1641 1252 φωνήν
1660 1195 1778 1233 σου·

203 1278 335 1346 ὃτιή
368 1277 516 1346 φωνή
552 1293 645 1329 σου
686 1276 874 1346 ἡδεῖα,
908 1275 1002 1328 καὶ
1031 1277 1065 1345 ἡ
1105 1275 1230 1346 ὄψις
1276 1291 1370 1326 σοο
1408 1273 1606 1344 ὡραία.
1657 1291 1677 1324 ι
1721 1273 1780 1324 '0

205 1367 361 1431 αὐτὸς
386 1369 421 1438 ὴ
445 1367 591 1437 ἀπλῆ
623 1369 720 1421 καὶ
748 1366 1095 1437 ἀκάκουργος
1152 1365 1246 1419 καὶ
1273 1364 1426 1419 δόλον
1452 1364 1554 1418 οὐκ
1583 1363 1780 1433 ἔχουσα

205 1457 540 1529 περιστερά.
587 1458 663 1512 Ού
692 1459 801 1529 γὰρ
830 1457 1038 1528 εὑρέθη
1088 1476 1106 1508 ι
1161 1456 1311 1521 δόλος
1352 1459 1410 1510 ἐν
1436 1455 1513 1526 τῷ
1553 1457 1779 1526 στόματι

204 1549 401 1613 αὺῡοῦ,
446 1568 465 1602 ι
511 1548 656 1602 κατά
699 1548 762 1602 τὸ
804 1546 1215 1618 γεγραμμένον.
1254 1547 1610 1617 Τριετίζουσα
1655 1546 1711 1600 δὲ
1739 1545 1778 1612 ή

1886 468 2098 515 turture
2133 468 2189 514 et
2213 460 2484 515 columba.
2513 461 2634 530 Ipse
2661 462 2814 516 enim
2846 472 2931 517 est
2957 463 3152 516 unicus
3176 463 3265 516 ille
3297 465 3466 532 spiri-

1884 550 2047 604 tualis
2090 567 2154 605 ac
2205 565 2440 606 sonoros
2485 552 2754 621 imprimis
2785 561 2982 617 turtur,
3027 568 3225 607 canora
3277 568 3465 610 revera

1880 640 2017 702 avis,
2044 640 2138 710 qui
2160 656 2227 695 ex
2254 641 2395 696 caelo
2431 657 2494 694 ac
2537 657 2771 711 superne
2817 644 3151 712 evangelicis
3206 644 3466 713 pradica-

1885 730 2130 785 tionibus
2169 731 2489 786 universum
2534 739 2805 787 terrarum
2836 734 3030 787 orbem
3065 743 3323 803 personat
3353 753 3366 786 :
3396 734 3465 789 ad

1881 835 2043 889 quem
2070 821 2185 891 ipsa
2207 837 2426 891 sponsa,
2459 821 2564 876 hoc
2597 832 2681 876 est
2718 822 2983 888 Ecclesia,
3014 839 3080 878 ex
3101 823 3359 893 gentibus
3393 825 3466 879 ita

1880 909 2152 964 exclamat
2188 928 2200 962 :
2246 928 2263 962 ι
2292 909 2537 965 Ostende
2572 911 2706 964 mihi
2742 910 2937 965 faciem
2984 921 3154 976 tuam,
3180 921 3237 968 et
3272 911 3463 966 audire

1883 1015 1969 1054 me
2002 1000 2307 1056 facvocem
2335 1010 2519 1067 tuam;
2547 1001 2676 1072 quia
2707 1017 2812 1056 vox
2848 1011 2940 1056 tua
2965 1002 3167 1067 suavis,
3193 1013 3251 1057 et
3293 1003 3464 1057 facies

1884 1098 1976 1145 tua
2017 1092 2247 1160 pulchra
2283 1095 2352 1144 “.
2392 1111 2412 1144 ι
2452 1093 2571 1162 Ipse
2602 1095 2768 1148 etiam
2800 1103 2884 1148 est
2923 1094 3154 1163 simplex
3180 1103 3346 1165 atque
3380 1095 3464 1149 in-

1882 1199 2106 1249 nocens,
2132 1185 2418 1254 omnisque
2452 1185 2562 1239 doli
2584 1200 2781 1255 expers
2795 1185 3056 1240 columba.
3087 1186 3273 1256 Neque
3309 1187 3459 1241 enim

1883 1274 2140 1329 inventus
2161 1283 2248 1329 est
2276 1294 2294 1325 ι
2321 1276 2376 1329 in
2402 1290 2497 1330 ore
2526 1277 2646 1346 ejus
2676 1275 2837 1330 dolus
2863 1276 2933 1341 ⁸⁷,
2959 1294 2977 1326 ι
3023 1275 3163 1331 sicut
3195 1276 3460 1346 scriptum

1879 1377 1983 1422 est.
2022 1366 2195 1423 Vitula
2230 1376 2414 1422 autem
2451 1367 2702 1432 triennis,
2740 1374 2800 1420 ut
2833 1377 2889 1421 et
2921 1366 3132 1434 reliqua
3177 1367 3456 1420 animalia.

1882 1456 2171 1512 Perfectus
2204 1458 2352 1513 enim
2381 1465 2467 1511 est
2502 1472 2569 1510 ex
2617 1456 2767 1509 omni
2812 1464 2964 1526 parte
3005 1457 3289 1510 Dominus.
3325 1457 3460 1511 Ani-

1882 1547 2154 1602 mantium
2187 1547 2460 1617 siquidem
2491 1547 2669 1601 aetatis
2695 1547 2905 1616 integra
2929 1555 3140 1601 statura
3170 1547 3464 1616 perfectio—

204 1640 455 1710 δάμαλις
475 1681 491 1704 ,
523 1641 620 1694 καὶ
655 1639 760 1710 μὴν
791 1640 889 1694 καὶ
931 1639 998 1693 τὰ
1026 1638 1191 1710 ἔτερα
1219 1638 1328 1692 τῶν
1359 1638 1596 1710 κτηνῶν.
1639 1638 1782 1692 Παν-

1885 1653 2012 1692 nem
2056 1637 2285 1692 Deitatis
2325 1637 2382 1692 in
2413 1638 2709 1707 Unigenito
2741 1639 3021 1706 eleganter
3062 1637 3348 1708 signiﬁcat.
3381 1640 3461 1694 Ac

207 1733 410 1794 τέλειος
435 1731 546 1801 γὰρ
579 1732 610 1784 6
652 1731 874 1802 Κύριος.
920 1730 1030 1800 Τῆς
1063 1730 1172 1784 τῶν
1211 1730 1426 1801 κτηνῶν
1465 1729 1684 1800 ἡλικίας
1713 1727 1780 1782 τδ

1885 1728 2206 1784 dividuntur
2233 1729 2455 1799 quide
2494 1730 2752 1789 animalia
2804 1729 3058 1800 (dissecta
3093 1729 3241 1783 enim
3283 1728 3454 1800 sunt).

209 1823 281 1886 ὡς
307 1825 364 1876 ἐν
392 1822 618 1892 Θεότητι
651 1823 853 1877 τέλειον
880 1820 976 1875 τοῦ
1009 1820 1346 1889 Μονογενοῦς
1375 1820 1784 1891 ὑποφαινούσης

211 1916 458 1979 ἀστείως.
490 1916 600 1969 Καὶ
622 1914 1021 1969 διαπτύσσεται
1055 1913 1154 1983 μὲν
1188 1914 1258 1966 τὰ
1285 1914 1481 1983 κτήνη·
1522 1912 1784 1982 δεδιχοιῖό⁴

1883 1821 2079 1876 Avium
2107 1835 2239 1875 vero
2271 1835 2370 1890 par
2411 1820 2708 1875 indivisum
2743 1821 2962 1875 mansit.
3012 1818 3145 1887 Quae
3194 1835 3327 1875 vero
3374 1823 3454 1874 rei

1886 1911 2052 1984 hujus
2086 1912 2265 1967 ratio?
2303 1912 2586 1979 Quatenus
2617 1913 2766 1968 enim
2798 1912 3115 1983 unigenitus
3151 1912 3248 1967 Dei
3289 1912 3460 1970 Filius

214 2010 409 2075 μηνται
438 2004 567 2075 γάρ.
599 2004 897 2074 Μεμένηκε
917 2003 975 2056 δὲ
998 2001 1110 2056 τῶν
1134 2001 1433 2073 στρουθίων
1464 2003 1788 2076 ἀδιχοτόμηο

1886 2019 2011 2060 caro
2039 2011 2124 2059 est
2145 2003 2342 2068 factus,
2364 2003 2577 2059 divisus
2603 2012 2690 2059 est
2715 2002 3140 2073 quodammodo,
3171 2011 3228 2058 et
3259 2003 3316 2058 in
3352 2003 3456 2058 du-

214 2111 302 2157 τος
349 2097 383 2165 ἡ
428 2094 580 2158 δυάς.
619 2096 730 2148 Καὶ
774 2095 860 2158 τίς
894 2097 923 2147 6
946 2093 1134 2160 λόγος;
1172 2086 1249 2165 τῌ
1297 2093 1396 2162 μὲν
1442 2093 1548 2164 γὰρ
1591 2094 1781 2162 γέγονε

218 2183 352 2255 σὰρξ
393 2187 421 2238 6
457 2185 750 2256 μονογενὴς
783 2183 877 2238 τοῦ
907 2183 1042 2238 Θεοῦ
1066 2185 1257 2252 Λόγος,
1293 2184 1454 2237 οίονεί
1490 2201 1607 2248 πως
1640 2185 1779 2239 δεδι-

211 2275 535 2346 χοτόμηται,
575 2277 668 2330 καὶ
695 2277 773 2339 είς
808 2274 1040 2346 θεωρίαν
1062 2275 1347 2344 εὐρύνεται
1385 2275 1485 2344 τὴν
1526 2275 1721 2346 διπλῆν
1749 2279 1777 2331 ό

209 2365 295 2418 ἐπ’
334 2365 488 2435 αύτῴ
534 2365 708 2434 λόγος.
748 2365 864 2418 Ὀτὲ
913 2364 1014 2434 μὲν
1059 2363 1189 2435 γὰρ,
1223 2365 1322 2437 τὴν
1359 2365 1432 2430 ὡς
1467 2366 1531 2418 ἐκ
1562 2367 1776 2437 Πατρδς

209 2454 369 2509 αὑτοῦ
421 2456 573 2510 οείαν
615 2457 708 2511 καὶ
752 2455 1064 2527 ἀπόρρητον
1102 2454 1331 2525 νοοῦμεν
1362 2455 1644 2526 γέννησιν·
1685 2457 1776 2511 ότὶ

209 2545 261 2598 δέ
287 2540 373 2608 αὖ,
404 2544 466 2599 τὸ
505 2544 605 2616 τῆς
646 2544 1114 2618 ἐνανθρωτιήσεως
1147 2544 1417 2617 λαλοῦμεν
1450 2549 1775 2619 μυστήριον,

211 2637 269 2690 τὸ
308 2637 442 2706 βαθὺ
491 2637 592 2708 τῆς
637 2638 950 2708 οἰκονομίας
1017 2639 1301 2709 μονονουχὶ
1353 2638 1779 2702 διαπτύσσοντες

212 2726 302 2779 καὶ
336 2725 631 2790 ἀπλοῦντες
679 2728 759 2790 είς
816 2727 1028 2796 είδησιν
1077 2733 1187 2790 τοῖς
1233 2727 1332 2780 οὐκ
1379 2727 1577 2779 εἰδόσιν
1621 2727 1773 2781 αὐτό.

221 2817 357 2870 Ἀλλ’
390 2820 438 2870 εί
478 2817 573 2871 καὶ
614 2817 803 2887 γέγονε
841 2816 1020 2881 διττὸς
1064 2816 1229 2870 οἱονεί
1271 2834 1387 2880 πως
1426 2819 1453 2870 ὁ
1494 2818 1580 2870 ἐπ’
1627 2817 1776 2888 αὐτῷ

204 2906 383 2976 λόγος,
414 2907 529 2961 ἀλλ’
552 2902 633 2968 εἷς
669 2924 773 2960 που
815 2907 1034 2972 πάντως
1062 2909 1158 2963 καὶ
1181 2909 1210 2961 6
1237 2908 1420 2972 αὐτὸς,
1447 2908 1507 2961 ού
1538 2908 1777 2980 διαιρού-

208 3014 372 3069 μενος
398 3000 477 3062 είς
501 2998 615 3061 δύο,
650 2999 790 3069 μετά
825 3000 924 3070 τὴν
954 3001 1091 3072 πρὸς
1136 3001 1316 3072 σάρκα
1361 3000 1599 3055 σύνοδον.
1636 3001 1775 3054 Οὔτε

209 3083 320 3156 μὴν
357 3086 443 3148 εἰς
471 3084 604 3139 υίῶν
634 3085 802 3139 δυάδα
826 3088 1174 3158 τεμνόμενος·
1211 3084 1292 3151 είς
1321 3090 1431 3160 γὰρ
1457 3090 1550 3143 καὶ
1583 3090 1780 3161 ἀμέριο

207 3191 334 3238 στος
363 3177 393 3228 6
425 3176 680 3246 Χριστός.
726 3177 905 3242 Τύπος
945 3178 989 3231 δ’
1015 3181 1083 3234 ἂν
1122 3180 1332 3249 γένοιτο
1366 3183 1461 3236 καὶ
1490 3182 1645 3236 τοῦδε
1683 3199 1782 3236 σα-

210 3265 333 3335 φὴς,
369 3264 431 3320 τὸ
477 3266 806 3339 ἀδιάτμητον
851 3267 957 3322 τῶν
999 3270 1317 3341 στρουθίων·
1353 3291 1372 3324 ι
1414 3271 1493 3326 Τὰ
1535 3273 1643 3345 γὰρ
1690 3273 1783 3344 ap-

211 3371 338 3419 νεα,
418 3357 618 3426 φησὶν,
687 3358 747 3410 ού
815 3358 999 3412 διεῖλε.
1051 3378 1069 3409 ι
1117 3361 1228 3416 Καὶ
1308 3361 1636 3433 ἐσημαίνετο
1684 3363 1784 3434 μὲν

203 3443 284 3506 ὡς
315 3443 424 3496 ἀπὸ
471 3446 569 3514 τῆς
612 3444 714 3515 γῆς
755 3444 843 3498 διὰ
888 3446 949 3497 τὸ
1001 3446 1363 3518 ἀνθρώπινον,
1399 3449 1476 3514 ὡς
1524 3449 1579 3501 εν
1613 3467 1674 3519 γε
1706 3449 1785 3521 τῷ

208 3531 420 3602 μόσχῳ,
458 3533 550 3585 καὶ
576 3533 681 3604 μὴν
706 3533 800 3586 καὶ
828 3534 946 3602 αἰγὶ
978 3535 1072 3589 καὶ
1103 3535 1261 3607 κριῷ.
1287 3537 1506 3593 Νοεῖται
1536 3539 1591 3592 δὲ
1623 3541 1785 3595 πάλιν

202 3623 283 3686 ὡς
321 3622 386 3688 ἐξ
425 3623 657 3694 ούρανοῦ
688 3627 783 3679 καὶ
811 3625 1039 3692 ἄνωθεν,
1073 3627 1158 3681 διά
1183 3645 1268 3681 τοι
1290 3629 1350 3682 τὸ
1383 3627 1524 3685 εῖναι
1574 3633 1602 3685 6
1653 3633 1785 3698 Θεὸς

198 3715 294 3769 διὰ
323 3713 433 3767 τῶν
481 3715 798 3785 στρουθίων.
831 3717 953 3768 Ὀτι
982 3715 1039 3770 δὲ
1083 3717 1264 3770 καίτοι
1310 3719 1409 3789 τὴν
1443 3721 1584 3792 ὑπὲρ
1626 3723 1784 3794 ήμῶν

202 3803 458 3858 ἑκούσιον
488 3806 882 3876 ὑπομείναντος
921 3809 1156 3878 σφαγὴν,
1182 3826 1198 3858 ι
1225 3808 1285 3860 Ἥ
1319 3809 1451 3881 σὰρξ
1489 3812 1655 3864 αὐτοῦ
1685 3814 1785 3867 ούκ

205 3890 338 3961 εἶδε,
364 3913 383 3945 ι
413 3896 552 3949 κατὰ
577 3895 639 3948 τὸ
668 3898 1069 3969 γεγραμμένον,
1110 3918 1128 3951 ι
1165 3899 1478 3973 διαφθοράν·
1521 3921 1540 3954 i
1570 3904 1664 3956 καὶ
1701 3904 1784 3957 ὅτι

205 3987 350 4039 κατά
393 3984 492 4057 την
534 3985 628 4039 τοῦ
676 3987 993 4053 Ψάλλοντος
1039 3990 1244 4061 φωνὴν,
1278 4010 1296 4042 ι
1349 3992 1461 4044 Ούκ
1511 3992 1785 4062 ὠφελήσει

206 4079 405 4151 ἐχθρὸς
433 4081 491 4133 ἐν
520 4078 693 4150 αὐτῷ,
718 4080 813 4133 κα)⁸
844 4080 959 4142 υίὸς
998 4079 1232 4151 ἀνομίας
1265 4083 1326 4136 οὐ
1355 4082 1656 4153 προσθήσει
1689 4081 1783 4134 τοῦ

209 4169 466 4224 κακῶσαι
507 4170 688 4224 αὐτόν.
723 4188 742 4221 ›
776 4169 1159 4241 Παραδείξειεν
1189 4171 1254 4226 ἂν
1283 4174 1378 4226 καὶ
1410 4172 1557 4242 μάλα
1598 4170 1786 4239 σαφῶς

207 4260 281 4323 ὡς
311 4261 369 4312 ἐν
388 4259 547 4329 τύπῳ
573 4259 639 4330 δὴ
671 4259 828 4313 πάλιν
845 4262 874 4313 6
899 4259 1186 4322 θεσπέσιος
1227 4260 1501 4330 Ἀὕραάμ,
1530 4257 1598 4311 τὰ
1622 4275 1787 4312 κατα-

1883 2095 2080 2164 plieem
2099 2093 2593 2149 considerationem
2620 2108 2802 2149 sermo
2834 2092 2901 2148 de
2925 2107 2992 2147 eo
3019 2091 3300 2146 dilatatur.
3320 2092 3458 2146 Nam

1882 2186 2159 2242 interdum
2184 2184 2354 2241 veluti
2383 2185 2624 2241 divinam
2662 2196 2827 2254 atque
2858 2182 3193 2238 ineﬂ‘abilem
3234 2183 3355 2253 ejus
3390 2197 3458 2237 ex

1882 2279 2039 2334 Patre
2089 2280 2498 2350 generationem
2548 2277 2908 2347 intelligimus
2958 2293 2971 2329 :
3022 2274 3299 2330 interdum
3327 2288 3460 2329 vero

1882 2367 2276 2424 incarnationis
2296 2369 2467 2438 ipsius
2479 2367 2795 2438 mysterium
2814 2366 3115 2436 loquimur,
3133 2364 3457 2436 profundam

1882 2460 2079 2515 divina
2103 2459 2598 2516 administrationis
2626 2459 2893 2515 rationem
2919 2465 3129 2513 tantum
3156 2473 3262 2513 non
3286 2458 3459 2528 expli-

1881 2559 2067 2605 cantes
2101 2559 2263 2620 atque
2298 2551 2670 2620 expendentes
2701 2549 2771 2603 ad
2805 2563 3022 2612 eorum,
3060 2549 3155 2618 qui
3194 2547 3248 2602 id
3294 2548 3454 2617 igno-

1882 2647 2026 2705 rant,
2055 2641 2414 2696 intellectum.
2436 2640 2708 2696 Caeterum
2726 2640 2943 2694 tametsi
2974 2638 3151 2694 factus
3166 2639 3237 2693 sit
3255 2638 3457 2707 duplex

1881 2729 2282 2800 quodammodo
2310 2729 2377 2784 de
2406 2744 2473 2782 eo
2493 2744 2694 2793 sermo,
2722 2743 2867 2782 unus
2887 2735 3067 2782 tamen
3097 2727 3322 2781 omnino
3351 2733 3456 2789 est,

1881 2837 2060 2892 neque
2083 2821 2294 2877 divisus
2321 2822 2376 2875 in
2405 2821 2537 2884 duo,
2570 2828 2691 2889 post
2721 2826 3052 2888 assumptum
3080 2832 3321 2871 carnem.
3349 2816 3459 2870 Ne-

1881 2929 1987 2983 que
2010 2928 2142 2967 vero
2178 2913 2233 2967 in
2267 2912 2504 2966 ﬁliorum
2542 2910 2861 2964 dualitatem
2888 2909 3157 2962 dissectus
3183 2915 3286 2967 est,
3319 2922 3461 2959 unus

1883 3003 2154 3074 siquidem
2180 3011 2344 3071 atque
2374 3001 2642 3054 indivisus
2660 3008 2743 3053 est
2770 2998 3041 3052 Christus.
3071 2996 3256 3066 Typus
3278 3005 3460 3049 autem

1887 3095 2051 3164 hujus
2098 3093 2179 3147 rei
2226 3091 2566 3146 clarissimus
2611 3088 2797 3154 fuerit,
2850 3102 2978 3142 aves
3030 3102 3140 3141 non
3190 3087 3458 3141 dissecue.

1893 3205 1910 3236 ι
1936 3185 2078 3240 Aves
2129 3183 2299 3246 enim,
2341 3180 2537 3251 inquit,
2581 3196 2691 3234 non
2737 3178 2941 3233 divisit.
2973 3177 3081 3232 iEt
3124 3177 3461 3249 significatus

1884 3274 2107 3345 quidem
2145 3273 2249 3328 fuit
2296 3281 2550 3328 terrenus
2596 3271 2667 3325 ob
2706 3270 3131 3334 humanitatem,
3177 3270 3347 3324 veluti
3397 3271 3452 3325 in

1883 3367 2077 3430 vitulo,
2118 3381 2283 3435 capra
2323 3374 2379 3419 et
2422 3363 2633 3418 ariete:
2674 3362 2998 3434 intelligitur
3039 3370 3222 3415 autem
3271 3378 3463 3416 rursus

1885 3456 2125 3512 cmlestis
2157 3471 2221 3510 ac
2247 3470 2538 3526 supernus,
2564 3454 2688 3508 ideo
2715 3451 2861 3523 quod
2896 3453 3039 3507 Deus
3063 3452 3154 3517 sit,
3184 3468 3281 3522 per
3313 3468 3458 3507 aves.

1883 3547 2041 3612 Quod
2070 3562 2222 3612 vero,
2245 3546 2458 3601 etiamsi
2493 3545 2858 3600 voluntariam
2894 3559 2995 3613 pro
3035 3543 3193 3598 nobis
3230 3552 3459 3598 mortem

1885 3639 2134 3704 subierit,
2172 3657 2190 3690 ι
2218 3653 2344 3693 caro
2379 3637 2552 3708 ipsius
2576 3653 2686 3691 non
2719 3636 2858 3691 vidit
2889 3635 3297 3704 corruptionem
3337 3635 3406 3697 ⁵³,
3437 3653 3452 3681 ι

1880 3733 2032 3802 juxta
2051 3731 2389 3801 Scripturam
2413 3750 2424 3784 :
2445 3729 2893 3800 quodque,juxta
2914 3726 3218 3781 Psalmista:
3244 3737 3455 3783 vocem,

1893 3842 1910 3874 ι
1930 3822 2339 3894 Nonjuvabitur
2362 3821 2618 3875 inimicus
2635 3821 2689 3874 in
2713 3836 2800 3882 eo,
2816 3827 2871 3871 et
2883 3817 2992 3885 73
3004 3815 3147 3866 filius
3160 3811 3465 3878 iniquitatis

1885 3930 1994 3968 non
2017 3923 2253 3982 apponet
2270 3928 2468 3966 nocere
2485 3912 2537 3965 ei
2556 3914 2624 3975 δίς
2640 3931 2655 3958 ι
2684 3907 2973 3962 manifesto
2993 3917 3206 3956 rursum
3231 3910 3355 3971 typo
3375 3901 3456 3953 di-

1886 4002 2048 4055 vinus
2077 4000 2350 4054 Abraham
2379 3999 2653 4067 ﬁguravit,
2683 4009 2876 4049 arcens
2897 4009 2926 4047 a
2960 3991 3316 4045 cadaveribus
3342 3992 3461 4044 ani-

1887 4089 2112 4146 malium
2145 4088 2512 4142 dissectorum
2556 4100 2683 4140 aves
2727 4083 2986 4138 damnum
3021 4081 3284 4136 illaturus.
3315 4080 3462 4136 Prm-

1887 4181 2135 4235 nuntiata
2177 4194 2309 4235 vero
2358 4177 2593 4234 Abraha:
2643 4176 2970 4239 vexatione,
3033 4189 3140 4244 qua
3204 4172 3464 4242 temporis

1887 4284 2141 4324 successu
2194 4268 2400 4340 posteri
2448 4267 2643 4338 ipsius,
2678 4266 2784 4320 hoc
2827 4275 2910 4319 est
2944 4262 3229 4328 Israelittc,
3275 4263 3463 4333 oppri-

211 4349 458 4421 φθείρειν
489 4348 742 4402 ἐθέλοντα
769 4349 878 4402 τῶν
903 4349 1145 4423 πτηνῶν,
1174 4350 1408 4419 ἀφιστὰς
1446 4349 1555 4402 τῶν
1580 4349 1783 4421 διχοτο-

1887 4359 2072 4414 mendi
2109 4368 2329 4427 essent,
2377 4369 2433 4414 et
2473 4356 2795 4412 admiranda
2840 4371 3032 4411 eorum
3067 4354 3461 4423 redemptione,

209 4443 512 4512 μημάτων.
562 4442 1115 4515 Προαπαγγελθείσης
1161 4443 1220 4498 δὲ
1269 4441 1346 4512 τῷ
1396 4442 1650 4513 Ἀϐραὰμ
1682 4442 1784 4510 τῆς

203 4535 477 4604 ἐσομένης
501 4533 648 4587 κατὰ
678 4534 896 4605 καιροὺς
927 4539 984 4589 ἐν
1011 4535 1280 4604 Αἰγύπτῳ
1309 4531 1620 4597 πλεονεξίας
1643 4534 1784 4586 κατὰ

201 4626 318 4679 τῶν
359 4626 421 4691 ἐξ
456 4624 687 4694 αἵματος
728 4624 891 4681 αὑτοῦ
914 4666 929 4692 ,
977 4626 1261 4690 τουτέστι,
1293 4622 1388 4678 τοῦ
1447 4624 1663 4697 Ἰσραὴλ
1694 4627 1786 4677 καὶ

200 4714 306 4786 τῆς
344 4713 654 4784 παραδόξου
680 4715 1028 4786 λυτρώσεως,
1063 4735 1081 4767 ι
1111 4715 1249 4787 Περὶ
1286 4714 1385 4779 τὰς
1414 4714 1598 4786 ἡλίου,
1629 4715 1783 4784 φησὶ,

200 4806 422 4876 δυσμὰς
452 4803 705 4869 κλίϐανος
728 4806 895 4877 πυρὸς
931 4805 1348 4876 καπνιζόμενος,
1384 4806 1477 4858 καὶ
1509 4805 1787 4876 λαμπάδες

203 4898 403 4967 πυρὸς,
430 4895 518 4949 διὰ
546 4895 726 4968 μέσων
749 4897 918 4970 ᾔεσαν
940 4897 1050 4952 τῶν
1082 4897 1554 4967 διχοτομημάτων.
1597 4913 1616 4945 ι
1649 4896 1789 4967 [lpo-

202 4989 453 5042 ανέτειλε
489 4991 589 5058 μὶν
617 4988 724 5061 γὰρ
755 4990 867 5042 τῶν
896 4989 954 5056 ἐξ
978 4987 1311 5058 ἐπαγγελίας
1351 4991 1378 5041 6
1416 4988 1504 5042 διὰ
1540 4989 1789 5050 Μωσέως

202 5081 404 5150 νόμος,
440 5078 686 5143 δουλείας
724 5097 784 5133 τε
824 5079 953 5152 πέρι
996 5080 1105 5133 τῶν
1148 5079 1205 5146 ἐξ
1258 5081 1497 5152 Ἰσραὴλ,
1541 5081 1633 5133 καὶ
1684 5078 1787 5150 μὴν

204 5174 298 5224 καὶ
332 5169 696 5241 λυτρὼσεως,
737 5173 924 5244 μακρά
952 5175 1064 5235 τοῖς
1102 5173 1474 5244 ἀκροωμένοις
1517 5170 1786 5241 εἰσφέρων

204 5265 271 5317 τὰ
297 5263 623 5334 διηγήματα
644 5304 659 5318 .
704 5265 790 5317 Ἐν
817 5265 1068 5334 ἐσχάτοις
1092 5263 1148 5315 δὲ
1193 5263 1284 5316 τοῦ
1319 5263 1513 5326 αἰῶνος
1551 5262 1786 5332 καιροῖς,

206 5355 299 5408 καὶ
334 5352 509 5407 οἱονεὶ
543 5352 677 5423 πρὸς
716 5354 972 5425 ἑσπέραν,
1013 5373 1031 5406 ι
1063 5353 1255 5423 Γέγονε
1297 5353 1433 5424 σὰρξ
1480 5353 1506 5404 6
1533 5352 1722 5419 Λόγος.
1765 5367 1782 5399 ι

205 5442 306 5517 Εῖη
330 5446 469 5515 γὰρ,
493 5438 674 5513 οἶμαι,
694 5449 864 5511 τουτὶ,
882 5446 974 5497 κα⁴ι
998 5445 1083 5498 ’έτε
1094 5462 1182 5514 ρον
1199 5445 1370 5510 οὐδὲν,
1394 5443 1473 5510 τὸ,
1496 5441 1567 5506 t'o;
1587 5443 1642 5496 ὲν
1659 5441 1787 5495 εἴδει

283 5628 330 5660 ⁵⁸
372 5626 541 5688 Cant.
582 5643 641 5698 ιι,
676 5628 760 5683 14.
837 5630 877 5663 ⁸⁷
912 5628 1015 5685 Isa.
1047 5631 1229 5698 Llll,9.

1896 4470 1914 4501 ‹
1942 4451 2044 4506 sub
2076 4465 2332 4504 occasum
2359 4449 2510 4512 solis,
2544 4467 2561 4499 ι
2596 4448 2797 4517 inquit,
2830 4466 2848 4496 ι
2873 4447 3120 4501 clibanus
3143 4445 3375 4510 fumans,
3410 4454 3463 4498 et

1888 4539 2166 4611 lampades
2182 4539 2340 4609 ignis,
2359 4537 2697 4591 transierunt
2709 4552 2806 4607 per
2821 4536 3061 4590 medium
3079 4535 3426 4590 divisionum.
3440 4554 3458 4586 ι

1890 4633 2149 4687 Praeluxit
2169 4632 2318 4686 enim
2345 4630 2432 4695 iis,
2464 4629 2558 4699 qui
2589 4645 2654 4683 ex
2678 4628 3043 4699 promissione
3069 4636 3216 4692 sunt,
3252 4628 3337 4680 lex
3368 4642 3465 4697 per

1892 4724 2132 4795 Moysen,
2167 4724 2381 4794 longam
2411 4723 2762 4779 auditoribus
2798 4723 2864 4777 de
2900 4722 3162 4777 servitute
3191 4721 3463 4774 Israelita—

1894 4829 2014 4865 rum
2078 4828 2178 4866 nec
2241 4828 2351 4867 non
2402 4829 2594 4867 eorum
2646 4812 3023 4881 redemptione
3096 4811 3464 4863 narrationem

1895 4903 2202 4957 continens.
2235 4903 2296 4957 In
2330 4902 2539 4957 ultimis
2579 4911 2759 4956 autem
2801 4901 2982 4955 saeculi
3018 4898 3377 4967 temporibus,
3412 4905 3468 4950 et

1895 4993 2298 5061 quodammodo
2331 4994 2397 5047 ad
2434 5008 2745 5063 vesperum,
2790 5011 2807 5042 ι
2836 4991 3075 5044 Verbum
3105 5001 3233 5040 caro
3264 4986 3466 5040 factum

1894 5091 1996 5135 est.
2023 5103 2040 5133 ι
2086 5082 2200 5137 [Ioc
2236 5084 2383 5138 enim
2435 5082 2724 5153 significat,
2764 5095 2943 5149 neque
2983 5076 3132 5131 aliud
3168 5077 3466 5146 quidquam

1894 5172 2131 5228 divinam
2159 5182 2322 5245 atque
2355 5174 2686 5229 ineﬂ'abilem
2721 5181 2992 5235 namram,
3013 5168 3182 5222 veluti
3212 5168 3266 5220 in
3290 5165 3467 5234 specie

1894 5263 2034 5335 ignis
2063 5265 2364 5321 divisiones
2387 5266 2688 5320 transiisse.
2721 5263 2994 5317 Caeterum
3031 5279 3048 5310 ι
3076 5259 3227 5318 Erat,
3267 5255 3465 5324 inquit,

1895 5356 2109 5412 flamma
2156 5359 2295 5428 ignis
2337 5367 2391 5412 et
2426 5357 2676 5411 clibanus
2709 5354 2945 5414 fumans,
2983 5358 3038 5402 et
3078 5345 3360 5415 lampades
3388 5344 3467 5413 ig-

1896 5461 2029 5500 nem.
2063 5469 2079 5498 ι
2119 5448 2343 5501 Factum
2375 5446 2523 5498 enim
2551 5452 2634 5496 est
2666 5456 2857 5494 revera
2889 5434 3259 5493 venerandum
3286 5435 3467 5490 incar-

1339 5630 1386 5663 "
1415 5628 1555 5685 Psal.
1596 5645 1681 5701 xv,
1715 5627 1813 5698 10;
1852 5628 1968 5681 Act.
2005 5642 2060 5695 ιι,
2085 5624 2171 5676 51.
2253 5618 2476 5693 l“"1’sal.
2515 5632 2764 5686 Lxxxvm,
2790 5617 2879 5671 25.
