4056 6260
630 306 721 363 151
811 316 818 323 ’

1644 302 1700 358 S.
1740 298 2015 357 CYRILLI
2055 298 2879 359 ALEXANDRINPARCHIE’P.

3772 307 3867 364 159-

623 420 861 479 nationis
889 424 1231 493 mysterium,
1261 418 1345 473 eis
1385 416 1479 487 qui
1523 416 1757 470 credere
1786 414 2108 477 noluerunt,
2137 427 2168 467 e

2297 415 2468 487 πυρὸς
2496 417 2593 486 τὴν
2626 416 2779 470 θείαν
2807 433 2866 470 τε
2915 416 3008 471 καὶ
3032 416 3343 504 ἀπόρρητον
3371 416 3563 485 φύσιν,
3604 416 3692 471 ἐπ’
3731 419 3864 472 αὐτὰ

623 512 968 567 refractarios
1001 525 1119 564 sese
1155 509 1541 578 praebuerunt.
1572 506 1824 561 clibanus
1853 512 1912 559 et
1946 503 2190 568 ﬂamma,

620 612 677 657 et
723 602 966 656 omnium
1008 601 1241 655 maxime
1285 598 1629 654 intolerabile
1676 604 1840 666 atque
1870 602 2191 649 extremum

618 691 965 760 supplicium.
988 691 1223 760 ideoque
1248 689 1315 744 de
1335 689 1618 752 lsraelitis,
1646 688 1739 757 qui
1763 685 1967 741 Christi
1994 693 2194 756 myste—

621 781 765 835 rium
803 790 1011 836 temere
1038 781 1367 836 contumelia
1393 779 1689 835 adicientes
1714 777 1950 848 improbi
1971 792 2037 832 ac
2062 778 2195 832 cen-

619 879 863 929 tumaces
886 884 1014 929 sunt
1036 873 1385 943 deprehensi,
1407 872 1577 928 David
1601 873 1675 928 ita
1704 872 1782 926 ait
1808 871 1875 926 ad
1902 872 2191 926 universo-

618 978 739 1017 rum
771 962 988 1018 Patrem
1038 979 1102 1018 ac
1148 965 1319 1018 Deum
1367 981 1379 1017 :
1436 963 1653 1018 «Pones
1683 976 1780 1017 eos
1822 972 1883 1017 ut
1913 961 2190 1017 clibanum

618 1055 759 1126 ignis
784 1055 840 1108 in
876 1064 1119 1125 tempore
1150 1055 1336 1109 vultus
1361 1054 1464 1108 tui.
1488 1054 1739 1119 Domine,
1763 1054 1818 1106 in
1838 1053 1918 1107 ira
1945 1060 2037 1106 tua
2062 1067 2195 1107 con-

620 1145 866 1200 turbabis
892 1160 1006 1207 eos,
1055 1151 1113 1200 et
1150 1146 1402 1200 absumet
1443 1158 1541 1199 eos
1586 1144 1728 1215 ignis
1754 1144 1820 1196 “.
1878 1162 1897 1194 ι
1953 1142 2194 1213 Tempus

617 1244 799 1289 autem
840 1235 993 1304 faciei
1031 1235 1206 1290 Patris
1260 1237 1460 1290 merito
1484 1250 1606 1291 esse
1648 1242 1939 1289 censeatur
1978 1241 2193 1304 tempus

619 1324 1029 1391 incarnationis,
1081 1327 1350 1397 siquidem
1396 1327 1563 1382 facies
1601 1332 1766 1396 atque
1806 1326 1985 1396 imago
2016 1325 2193 1380 Patris

614 1426 700 1469 εει
726 1414 911 1469 Filius.
938 1415 1133 1488 ingens
1171 1418 1355 1488 itaque
1388 1416 1603 1472 flamma
1634 1424 1689 1471 et
1720 1417 1971 1471 clibanus
2009 1425 2194 1471 manet

612 1517 708 1557 cos
751 1503 845 1573 qui
892 1506 1211 1575 mysterium
1259 1505 1659 1560 incarnationis
1727 1503 2005 1574 Unigeniti
2058 1505 2195 1574 reji--

609 1592 809 1648 ciunt:
848 1594 916 1648 iis
958 1608 1091 1650 vero
1130 1596 1224 1665 qui
1265 1597 1560 1650 adventum
1611 1595 1785 1665 ipsius
1825 1603 2186 1665 agnoverunt,

608 1681 753 1737 sicut
779 1682 1042 1752 scriptum
1073 1690 1178 1746 est,
1221 1701 1240 1735 ι
1268 1683 1520 1738 Lucerna
1545 1683 1602 1738 in
1643 1682 1891 1737 tenebris
1918 1682 2128 1745 lucens,
2161 1701 2180 1734 ι

2294 507 2532 579 διᾴττειν
2561 508 2632 563 τά
2656 509 2914 580 διχοτομή
2926 525 3091 580 ματα.
3147 509 3288 563 Ἀλλ’
3321 528 3340 561 ι
3376 505 3505 575 Ἦν,
3536 510 3704 581 φησι,
3740 510 3865 580 φλὸξ

2295 600 2466 672 πυρὸς
2486 641 2502 666 ,
2540 602 2635 654 καὶ
2665 600 2920 665 κλίϐανος
2957 601 3158 673 πυρὸς,
3190 601 3285 655 καὶ
3309 601 3592 672 λαμπάδες
3617 602 3808 674 πυρός.
3841 622 3859 655 ι

2294 690 2496 758 Γέγονε
2520 689 2630 760 γὰρ
2670 689 2886 761 ἀληθῶς
2931 689 2995 743 τὸ
3037 689 3236 743 σεπτὸν
3265 690 3368 760 τῆς
3405 689 3865 761 ὲνανθρωπήσεως

2297 780 2621 850 μυστήριον,
2651 782 2764 843 τοῖς
2802 780 2899 850 μὲν
2938 777 3185 833 ἀπειθεῖν
3214 779 3519 851 ᾑρημένοις
3547 780 3643 833 καὶ
3670 782 3864 834 ἀπονε-

2292 872 2511 925 νευκόσι
2538 871 2676 943 πρὸς
2701 871 2763 925 τὸ
2792 872 3002 943 ἐξήνιον
3022 911 3035 934 ,
3070 870 3323 934 κλίϐανος
3369 887 3433 923 τε
3460 872 3557 924 καὶ
3587 871 3741 940 φλὸξ,
3774 870 3865 925 καὶ

2292 962 2325 1031 ἡ
2357 961 2547 1014 πασῶν
2586 962 2858 1033 ἀφόρητος
2883 962 2977 1015 καὶ
3019 961 3222 1032 ἐσχάτη
3246 960 3395 1031 δίκη.
3439 962 3551 1015 Καὶ
3579 962 3713 1030 γοῦν
3740 964 3866 1034 περὶ

2290 1053 2402 1107 τῶν
2425 1052 2486 1117 ἐξ
2530 1053 2745 1124 Ἰσραὴλ
2762 1093 2777 1118 ,
2801 1053 2854 1107 οἳ
2882 1053 2943 1107 τὸ
2970 1052 3209 1123 Χριστοῦ
3250 1053 3547 1125 μυστήριον
3588 1054 3867 1119 ἀσυνέτως

2294 1142 2738 1214 περιυϐρίζοντες
2774 1143 3024 1197 κακόνοοί
3061 1160 3120 1197 τε
3148 1144 3242 1197 καὶ
3278 1144 3539 1209 ἀλαζόνες
3556 1144 3863 1216 ἡλίσκοντο,

2293 1232 2458 1302 φησὶν
2484 1233 2513 1285 ὁ
2542 1232 2708 1286 Δαὸὶδ
2743 1231 2878 1302 πρὸς
2912 1232 3004 1285 τὸν
3031 1232 3140 1286 τῶν
3173 1232 3311 1286 ὅλων
3335 1233 3559 1304 Πατέρα
3587 1234 3683 1288 καὶ
3711 1233 3864 1288 Θεὸν·

2297 1342 2316 1375 ι
2348 1324 2546 1394 Θήσεις
2573 1323 2775 1386 αὐτοὺς
2799 1323 2876 1387 ὡς
2916 1322 3171 1378 κλίϐανον
3203 1324 3402 1392 πυρὸς,
3435 1325 3516 1389 είς
3552 1324 3745 1395 καιρὸν
3772 1325 3866 1378 τοῦ

2294 1411 2594 1482 προσώπου
2625 1429 2753 1468 σουι
2785 1411 2960 1485 Κύριε
2983 1451 2998 1476 ,
3026 1414 3084 1467 ἐν
3109 1416 3176 1486 τῇ
3211 1415 3348 1485 ὀργῇ
3384 1429 3477 1467 σου
3513 1413 3868 1485 συνταράξεις

2290 1505 2509 1568 αὐτοὺς,
2552 1506 2649 1560 καὶ
2690 1505 3068 1574 καταφάγεται
3116 1506 3315 1570 αὐτοὺς
3355 1504 3488 1577 πῦρ.
3523 1525 3543 1556 ι
3581 1505 3785 1578 Καιρδς
3808 1505 3867 1559 δι

2290 1598 2616 1666 προσώπου
2676 1597 2784 1652 τοῦ
2828 1597 3061 1665 Πατρός
3083 1637 3099 1663 ,
3144 1599 3174 1652 δ
3223 1598 3324 1668 τῆς
3394 1595 3867 1668 ὲνανθρωπήσεως

2288 1689 2465 1743 νοοῖτο
2510 1687 2577 1741 ἀν
2636 1687 2882 1751 εἰκότως·
2934 1689 3091 1760 εἴπερ
3133 1691 3250 1743 ἐστὶ
3298 1691 3395 1746 καὶ
3437 1688 3727 1761 πρόσωπον
3770 1689 3869 1741 καὶ

608 1783 665 1829 et
697 1772 982 1828 diabolica:
1013 1773 1261 1844 caliginis
1284 1773 1614 1830 densitatem
1636 1772 1932 1842 dissipans,
1955 1780 2011 1827 et
2032 1787 2172 1826 scan-

2290 1779 2456 1836 είκὼν
2500 1778 2595 1834 τοῦ
2645 1779 2781 1833 Θεοῦ
2813 1778 2908 1833 καὶ
2944 1780 3180 1850 Πατρὸς,
3215 1782 3245 1835 ὁ
3268 1782 3414 1845 Υἱός.
3470 1780 3679 1836 οὐκοῦν
3732 1778 3867 1849 φλὸξ

609 1861 768 1927 dalis,
793 1878 914 1932 qua:
937 1877 1057 1917 sese
1077 1863 1338 1931 oti'erunt,
1358 1867 1599 1921 cultores
1619 1863 1825 1920 oii‘endi
1845 1876 1953 1918 non
1974 1863 2180 1919 sinens.

608 1954 687 2009 ita
725 1955 885 2010 nobis
921 1956 1135 2011 vocavit
1168 1955 1368 2011 Filium
1401 1956 1548 2011 Deus
1579 1971 1646 2011 ac
1676 1957 1841 2011 Pater
1874 1956 2040 2010 etiam
2084 1971 2185 2026 per

607 2059 798 2100 vocem
826 2046 995 2113 lsaize,
1028 2046 1257 2102 dicens}
1294 2065 1312 2098 ι
1342 2049 1573 2117 Propter
1593 2047 1722 2103 Sion
1751 2061 1860 2101 non
1889 2047 2103 2110 tacebo,
2130 2056 2186 2103 et

611 2143 838 2207 propter
860 2137 1161 2193 Jerusalem
1183 2154 1294 2194 non
1317 2139 1599 2204 desistam,
1625 2139 1804 2194 donec
1836 2147 2014 2203 exeat,
2041 2139 2188 2194 sicut

604 2229 814 2296 lumen,
833 2230 1044 2301 justitia
1066 2246 1206 2286 mea.
1239 2231 1489 2287 Salutare
1506 2241 1695 2288 autem
1719 2246 1901 2286 meum
1935 2231 2080 2286 sicut
2102 2231 2187 2284 iu-

540 2336 555 2347 ‘
605 2335 787 2376 cernae
809 2321 1025 2377 ardebit
1046 2322 1111 2375 σί.
1139 2343 1156 2374 ι
1180 2323 1432 2378 Salutare
1454 2323 1600 2378 enim
1622 2330 1679 2377 et
1699 2322 1914 2393 justitia
1934 2337 1965 2376 a
1986 2322 2098 2376 Deo
2118 2335 2183 2376 ac

605 2409 765 2464 Patre
787 2411 844 2464 in
878 2426 982 2465 nos
1000 2410 1176 2465 factus
1206 2419 1290 2466 est
1311 2411 1483 2466 Filius
1514 2429 1527 2465 :
1557 2412 1668 2482 79
1692 2412 1965 2481 siquidem
1994 2426 2186 2466 verum

604 2508 708 2565 est,
739 2499 887 2568 quod
932 2514 1030 2569 per
1058 2498 1237 2570 ipsum
1273 2496 1659 2571 justifieamur,
1697 2511 2042 2571 mortemque
2075 2503 2186 2572 jam

604 2590 736 2645 olim
762 2591 817 2645 in
846 2607 948 2647 nos
971 2590 1262 2661 imperium
1290 2600 1637 2648 exercentem
1662 2594 1967 2656 vincentes,
1994 2607 2188 2647 rursus

603 2680 670 2734 ad
719 2680 1187 2752 incorruptionem
1238 2683 1640 2749 transferimur,
1694 2690 1754 2738 et
1795 2682 1865 2738 ad
1912 2681 1990 2747 id,
2037 2682 2186 2752 quod

604 2771 762 2825 initio
800 2779 917 2826 erat
943 2779 1158 2838 natura,
1194 2772 1582 2827 reformamur.

2286 1872 2454 1945 ἀγρία
2486 1871 2584 1925 καὶ
2612 1871 3018 1939 κλίϐανοςβοῇς
3045 1871 3289 1926 ἀπωθεῖν
3316 1872 3561 1926 δθέλουσι
3591 1873 3693 1942 τῆς
3714 1873 3869 1926 ὲναν-

2287 1965 2622 2034 θρωπήσεως
2671 1962 2766 2016 τοῦ
2809 1962 3149 2031 Μονογενοῦς
3180 1962 3242 2016 τὸ
3280 1964 3597 2034 μυστήριον.
3629 1964 3757 2026 Τοῖς
3801 1978 3865 2032 γε

2291 2055 2397 2127 μὴν
2447 2054 2785 2124 ἐπεγνωκόσι
2829 2055 2929 2125 τὴν
2982 2054 3308 2123 ἐπιφάνειαν
3351 2052 3542 2118 αὐτοῦ,
3578 2053 3725 2107 καθά
3772 2053 3866 2122 γέ-

2286 2162 2553 2217 γραπται,
2588 2164 2608 2197 ι
2643 2144 2883 2216 Λαμπάς
2907 2147 2964 2198 ὲν
2997 2145 3175 2217 σκότῳ
3208 2144 3540 2214 φωτίζουσα,
3581 2158 3601 2194 ι
3642 2142 3740 2197 καὶ
3769 2144 3869 2212 τῆς

2290 2241 2602 2311 διαϐολικῆς
2652 2241 2852 2312 ἀχλύος
2896 2241 2959 2295 τὸ
3014 2242 3189 2312 πάχος
3238 2240 3720 2305 ἀπολεπτύνουσα,
3771 2240 3869 2295 καὶ

2287 2335 2401 2397 τοῖς
2423 2331 2512 2386 διὰ
2537 2332 2700 2403 μέσον
2723 2331 3087 2404 προσπταίειν
3116 2330 3432 2394 σκανδάλοις
3452 2329 3551 2401 τὴν
3576 2330 3684 2383 τῶν
3711 2331 3872 2384 σεσο-

2289 2422 2471 2493 μένων
2504 2421 2669 2476 αὐτὸν
2697 2422 2799 2476 οὐκ
2831 2423 3046 2491 ἑφιεϊσα
3076 2421 3305 2491 πληθύν.
3340 2420 3528 2485 Οὕτως
3563 2422 3697 2493 ἡμῖν
3722 2421 3871 2476 ὠνό-

2289 2512 2428 2584 μαζε
2457 2512 2550 2567 τδν
2601 2511 2729 2567 Υἱόν
2776 2512 2805 2565 ὁ
2840 2513 2973 2576 Θεὸς
3010 2512 3104 2566 καὶ
3144 2512 3368 2583 Πατὴρ,
3401 2514 3497 2566 καὶ
3539 2512 3629 2567 διὰ
3677 2514 3872 2584 φωνῆς

2298 2604 2542 2668 Ἡσαΐου,
2580 2603 2771 2671 λέγων·
2813 2622 2832 2655 ι
2861 2603 2959 2658 Διά
2985 2601 3124 2658 Σιὼν
3144 2604 3206 2657 οὐ
3238 2589 3611 2676 σιωπήσομαι,
3643 2605 3737 2657 και
3775 2605 3869 2659 διὰ

2297 2693 2655 2766 Ἰερουσαλὴμ
2693 2694 2794 2747 οὐκ
2830 2694 3036 2764 ἀνήσω,
3088 2694 3193 2758 ἕως
3239 2694 3305 2749 ἂν
3342 2693 3530 2766 ἐξέλθῃ
3558 2696 3634 2759 ὼς
3677 2693 3801 2765 φῶς
3834 2697 3871 2768 ἠ

2283 2785 2599 2855 δικαιοσύνη
2649 2800 2772 2855 μου.
2806 2784 2880 2837 Τδ
2906 2784 2963 2837 δὲ
2992 2783 3258 2855 σωτήριόν
3299 2800 3431 2855 μου,
3458 2784 3537 2846 ὡς
3577 2784 3873 2855 λαμπάδες

602 2881 958 2954 καυθήσεται.
1010 2901 1029 2933 ι
1096 2884 1370 2955 Σωτήριον
1429 2883 1540 2955 γὰρ
1585 2884 1680 2937 καὶ
1724 2882 2039 2954 δικαιοσύνη
2083 2879 2236 2952 παρά
2273 2877 2369 2932 τοῦ
2414 2876 2551 2930 Θεοῦ
2608 2877 2704 2931 xui.
2755 2876 2968 2949 Πατρὸς
3013 2877 3095 2940 είς
3158 2877 3307 2946 ἡμᾶς
3354 2874 3579 2942 γέγονεν
3632 2877 3661 2928 δ
3709 2875 3868 2939 Υἱός

605 2977 772 3046 εἴπερ
801 2979 948 3031 ἐστὶν
969 2977 1168 3050 ἀληθὲς
1193 2980 1267 3044 ὼς
1297 2980 1355 3032 ὲν
1385 2977 1534 3049 αύτῷ
1590 2977 1948 3050 δικαιούμεθα
1970 3018 1984 3041 ,
2019 2976 2111 3031 καὶ
2162 2976 2254 3030 τὸν
2290 2973 2459 3028 πάλαι
2499 2971 2623 3026 καθ’
2663 2970 2821 3042 ἡμῶν
2855 2970 3268 3042 τυραννήσαντα
3309 2967 3568 3031 νικῶντες
3604 2968 3869 3036 θάνατον,

600 3068 1073 3143 παλινδρομοῦμεν
1108 3073 1187 3136 εἰς
1210 3072 1542 3144 ἀφθαρσίαν,
1579 3073 1675 3128 καὶ
1701 3074 1781 3136 είς
1814 3072 1950 3143 ὅπερ
1976 3066 2045 3143 ἦν
2075 3072 2133 3124 ὲν
2171 3069 2365 3141 ἀρχαῖς
2397 3071 2430 3138 ἡ
2469 3067 2632 3137 φύσις
2654 3063 3142 3136 ἀναμορφούμεθα.

666 3165 719 3219 9.
761 3165 916 3231 Quod
949 3181 1081 3220 vero
1117 3167 1488 3222 necessarium
1522 3174 1662 3232 erat,
1701 3183 1824 3223 cum
1858 3168 1969 3238 jam
2002 3182 2170 3236 appa-

2346 3162 2411 3216 θ’.
2435 3162 2559 3215 ’Ότι
2593 3160 2651 3214 δὲ
2674 3156 2743 3230 ἦν
2776 3160 3072 3229 ἀναγκαῖον
3102 3154 3405 3229 πεφηνότος
3446 3154 3546 3229 ἤδη
3581 3154 3675 3229 τοῦ
3720 3157 3871 3229 Ἐμο

599 3254 800 3309 ruisset
844 3254 1200 3318 Emmanuel,
1256 3256 1687 3328 mysteriumque
1736 3256 1910 3326 ipsius
1964 3256 2169 3310 mundo

597 3341 999 3399 manifestatum
1022 3352 1186 3410 esset,
1209 3344 1426 3401 Mosaici
1454 3346 1637 3401 cultus
1661 3352 1816 3417 typos
1839 3345 2169 3415 evangelicae

596 3431 899 3501 disciplinae
951 3431 1145 3503 subjici
1188 3449 1252 3488 ac
1296 3426 1523 3499 cedere,
1574 3442 1764 3504 utpote
1802 3434 2169 3504 praestantiori

596 3520 1023 3599 perfectior-ique
1055 3522 1346 3588 mandato,
1384 3523 1554 3578 veluti
1590 3522 1715 3578 rudi
1755 3523 1992 3593 quodam
2040 3530 2168 3595 typo

597 3626 792 3665 rursus
816 3608 1201 3665 adumbratum
1228 3620 1331 3666 est.
1365 3611 1625 3678 Quisnam
1666 3628 1800 3667 vero
1836 3613 1926 3680 sit,
1964 3613 2162 3669 dicam.

592 3700 730 3757 Cum
753 3700 900 3756 enim
936 3699 1071 3756 Sara
1109 3700 1310 3756 sterilis
1329 3710 1494 3768 esset,
1545 3701 1689 3774 Agar
1715 3719 1848 3758 vero
1879 3701 2165 3758 lsmaelem

591 3793 918 3864 peperisset,
970 3793 1110 3848 elata
1149 3800 1233 3848 est
1276 3800 1332 3848 et
1377 3803 1673 3850 contumax
1718 3794 1981 3849 adversus
2022 3794 2164 3849 libe-

593 3900 707 3939 ram
736 3883 895 3941 facta.
933 3884 1063 3943 Sara
1092 3892 1273 3940 autem
1313 3883 1461 3941 illius
1486 3885 1886 3943 contumaciam
1909 3900 2167 3955 arrogan-

591 3975 830 4046 tiamque
861 3977 1143 4048 aegerrime
1186 3977 1332 4043 tulit,
1365 3986 1422 4032 et
1457 3977 1647 4033 afﬂixit
1673 3975 1999 4049 Egyptiam.
2039 3977 2164 4031 Haec

590 4083 721 4122 vero
756 4068 918 4122 domo
952 4067 1183 4140 aufugit,
1219 4077 1274 4124 et
1304 4085 1403 4139 per
1431 4069 1784 4125 solitudinem
1815 4068 2038 4124 erravit.
2071 4067 2162 4123 In-

591 4157 885 4228 terrogavit
924 4169 1108 4212 autem
1150 4174 1271 4213 eam
1316 4161 1543 4228 angelus
1604 4176 1673 4215 ex
1715 4161 1876 4226 coelo,
1921 4174 2161 4231 quonam

588 4250 725 4313 iret,
773 4256 830 4301 et
880 4247 1023 4303 unde
1064 4248 1297 4303 veniret.
1352 4247 1483 4315 Quae
1529 4249 1852 4318 respondit:
1887 4269 1905 4301 ι
1933 4252 1979 4305 Λ
2018 4250 2159 4305 facie

588 4339 738 4394 Sane
783 4337 1017 4392 dominae
1061 4352 1195 4392 mea:
1247 4336 1416 4409 fugio.
1465 4357 1484 4389 ι
1532 4336 1674 4404 Quid
1727 4339 1896 4410 igitur
1937 4340 2160 4395 divinus

586 4426 849 4498 angelus?
888 4445 906 4477 ι
936 4426 1255 4491 Revertere,
1296 4425 1496 4497 inquit,
1541 4428 1608 4482 ad
1652 4428 1931 4484 dominam
1982 4438 2155 4497 tuam,

2278 3252 2517 3325 μανουὴλ
2541 3292 2555 3316 ,
2583 3251 2680 3305 καὶ
2717 3249 2810 3304 τοῦ
2875 3250 2997 3303 κατ’
3031 3248 3196 3302 αὐτὸν
3236 3242 3537 3319 μυστηρίου
3589 3248 3870 3317 παραδει-

2271 3339 2493 3411 χθέντος
2525 3340 2584 3392 ὲν
2613 3339 2826 3408 κόσμῳ,
2860 3337 2960 3407 τῆς
2989 3336 3293 3406 Μωσαῖκῆς
3325 3335 3585 3408 λατρείας
3605 3335 3731 3400 τοὺς
3764 3337 3871 3392 τύ-

2272 3448 2408 3495 πους
2452 3431 2565 3493 τοῖς
2623 3426 2994 3497 standum;
3043 3425 3408 3497 παιδεύμασιν
3460 3418 3862 3497 ὑποφέρεσθαι,

2270 3524 2365 3576 καὶ
2410 3521 2655 3577 ὑπείκειν
2688 3519 2876 3590 ὥσπερ
2907 3519 3028 3583 ταῖς
3077 3518 3327 3589 ἀμείνοσι
3361 3518 3454 3573 καὶ
3492 3519 3866 3590 τελεωτέραις

2269 3614 2531 3679 ἐντολαῖς,
2559 3612 2984 3683 ὲσκιαγραφεϊτο
3016 3609 3176 3663 πάλιν
3202 3609 3277 3673 ὡς
3308 3610 3367 3663 ὲν
3398 3607 3553 3680 τύπῳ
3576 3608 3635 3663 τὸ
3660 3608 3863 3681 χρῆμα

2269 3708 2454 3777 παχεῖ.
2501 3704 2613 3759 Καὶ
2662 3705 2745 3767 τίς
2789 3703 2854 3774 δὴ
2900 3695 3086 3769 οὗτος,
3136 3702 3266 3774 ἐρῶ.
3330 3702 3549 3773 Ἐπειδὴ
3596 3701 3706 3773 γὰρ
3747 3704 3863 3758 οὐκ

2267 3796 2444 3850 ἔτικτε
2484 3785 2582 3866 μὲν
2609 3796 2646 3867 ἡ
2673 3795 2890 3866 Σάρρα,
2920 3791 3295 3862 κεκυοφόρηκε
3332 3791 3390 3845 δὲ
3419 3791 3509 3846 τὸν
3556 3791 3785 3863 Ἱσμαὴλ
3820 3794 3859 3864 ὴ

2270 3888 2472 3958 Ἀγαρ,
2507 3886 2678 3957 ὀφρὺν
2713 3885 3067 3940 ἀνατείνουσα
3098 3884 3237 3937 κατὰ
3265 3884 3364 3953 τῆς
3387 3882 3674 3954 ἐλευθέρας
3700 3883 3859 3952 ἐφω-

2265 3979 2396 4051 ρᾶτο
2422 3976 2627 4031 λοιπόν.
2660 3976 2845 4049 Σάρρα
2862 3976 2917 4029 δὲ
2940 3976 3040 4029 ούκ
3068 3974 3249 4045 ὀῖστὴν
3281 3974 3514 4028 ἐποιεῖτο
3546 3973 3642 4045 τὴν
3673 3974 3858 4046 ὑπερ-

2263 4070 2445 4141 οῲίαν,
2482 4069 2577 4128 καὶ
2594 4067 2658 4141 δὴ
2690 4069 2784 4123 καὶ
2818 4068 3015 4122 ἐκάκου
3048 4067 3147 4139 τὴν
3179 4065 3501 4141 Αίγυπτίανν
3555 4066 3619 4120 Ἡ
3652 4066 3711 4120 δὲ
3742 4066 3858 4139 τῆς

2263 4108 2447 4229 ἐστίαέ
2497 4108 2739 4234 ἀπέδρα,
2794 4160 2888 4215 καὶ
2937 4108 3201 4214 ὲπλανέτο
3258 4108 3400 4213 κατὰ
3452 4108 3553 4228 [iw
3610 4108 3852 4229 ἐρημονῖ

2265 4253 2468 4323 Ἥρετο
2491 4252 2548 4305 δὲ
2572 4252 2740 4323 αὐτὴν
2768 4248 2998 4319 ἄγγελος
3027 4247 3087 4314 ἐξ
3114 4246 3368 4320 ούρανοῦ,
3398 4248 3518 4300 ὅποι
3540 4263 3596 4299 τε
3625 4245 3694 4299 ἴοι
3744 4250 3854 4302 καὶ

2261 4341 2383 4396 ὅθεν
2422 4342 2527 4397 ἵκοι
2568 4342 2751 4398 πάλιν.
2800 4342 2864 4395 Ἥ
2902 4342 2959 4396 δὲ
2999 4341 3135 4414 πρὸς
3165 4339 3338 4396 ταῦτά
3386 4356 3569 4412 φησιν’
3630 4357 3648 4391 ι
3702 4339 3855 4395 Ἀπὸ

2262 4431 2553 4503 προσώπου
2577 4433 2792 4505 Σάρρας
2808 4432 2908 4505 τῆς
2924 4433 3116 4506 κυρίας
3139 4451 3239 4504 μου
3260 4431 3369 4503 ἐγὼ
3386 4431 3788 4502 ἀποδιδράσκω.
3824 4453 3847 4486 ι

584 4530 641 4575 et
670 4518 958 4574 humiliare
992 4516 1094 4574 sub
1129 4533 1294 4573 manu
1328 4519 1466 4590 ejus.
1499 4537 1518 4571 ›
1556 4518 1716 4575 Prior
1755 4520 1904 4575 enim
1936 4529 2157 4578 ostensa

2277 4525 2329 4576 Γί
2357 4519 2451 4577 οὖν
2486 4525 2513 4577 ὁ
2541 4525 2826 4589 θεσπέσιος
2858 4525 3123 4595 ἄγγελος;
3169 4545 3187 4577 ‹
3214 4523 3644 4595 Ἀποστράφηθι,
3680 4525 3850 4595 φησὶ,

582 4622 667 4666 est
698 4611 887 4680 legalis
909 4608 1196 4680 disciplina
1217 4610 1472 4666 lsraelem
1502 4612 1833 4679 parturiens.
1857 4610 1994 4667 Cum
2023 4630 2156 4668 vero

582 4714 741 4757 serva
774 4708 921 4754 esset
956 4697 1155 4770 (neque
1193 4700 1341 4753 enim
1373 4709 1494 4754 erat
1526 4700 1581 4753 in
1620 4716 1684 4754 ea
1715 4701 1942 4770 spiritus
1979 4703 2154 4758 liber-

582 4791 756 4861 tatis),
788 4790 942 4862 prius
964 4797 1175 4845 tantum
1196 4804 1308 4843 non
1335 4790 1550 4860 peperit
1578 4790 1842 4860 populum
1869 4790 2153 4865 Egyptia-

579 4900 705 4939 cum
732 4898 895 4956 quam
934 4896 1135 4936 novam
1182 4889 1346 4950 atque
1377 4881 1747 4951 evangelicam
1782 4882 2149 4954 disciplinam.

577 4973 786 5031 Idcirco
808 4975 949 5030 elata
971 4980 1054 5029 est
1077 4973 1282 5037 animo,
1299 4982 1354 5027 et
1373 4980 1658 5043 persecuta
1680 4982 1766 5028 est
1786 4972 2147 5044 Christianos,

577 5073 634 5120 et
659 5065 923 5120 adversus
951 5063 1265 5135 evangelica
1298 5072 1567 5134 praecepta
1598 5063 1706 5118 alte
1745 5064 2035 5136 supercilia
2065 5074 2146 5121 at-

580 5155 794 5219 tollens,
836 5154 1026 5209 multis
1072 5151 1251 5208 modis
1292 5162 1376 5208 est
1414 5153 1777 5223 deprehensa.
1824 5155 2149 5226 increpabat

574 5245 724 5302 enim
759 5254 977 5300 sanctos
1005 5244 1282 5315 apostolos
1294 5243 1606 5299 Iudaeorum
1631 5244 1932 5316 Synagoga,
1960 5258 2147 5317 aperte

573 5336 763 5392 dicens
790 5354 802 5393 :
840 5356 857 5387 ι
892 5334 1173 5406 Praecepto
1204 5335 1564 5406 praecepimus
1586 5335 1745 5391 vobis
1773 5351 1841 5390 ne
1874 5336 2150 5395 doceretis

573 5430 631 5489 in
653 5430 874 5489 nomine
888 5430 1014 5496 hoc,
1032 5440 1088 5486 et
1102 5446 1229 5486 ecce
1249 5429 1555 5500 replevistis
1569 5428 1872 5485 Jerusalem
1894 5430 2144 5488 doctrina

572 5530 753 5580 vestra
780 5520 846 5578 ⁶¹.
877 5539 898 5575 ›
935 5521 1100 5576 Vides
1142 5535 1253 5591 quo
1298 5529 1459 5591 pacto
1494 5519 1722 5576 insultat
1758 5518 1905 5576 Sane
1940 5518 2143 5593 Egyp-

640 5702 687 5737 ⁶⁶
728 5702 867 5760 Psal.
920 5718 1009 5771 xx,
1041 5682 1146 5756 ⁵10.
1224 5699 1268 5733 ⁸¹
1317 5700 1421 5756 Isa.
1473 5717 1599 5767 Lxu,
1636 5700 1690 5755 i.
1771 5701 1816 5733 “
1842 5699 1961 5755 Act.
1987 5717 2057 5769 ιν,
2090 5701 2139 5754 i.

2264 4616 2399 4687 πρὸς
2428 4615 2527 4686 τὴν
2557 4616 2750 4689 κυρίαν
2784 4633 2900 4675 σου.
2940 4618 3033 4670 καὶ
3067 4613 3428 4683 ταπεινώθητι
3461 4614 3566 4666 ὑπὸ
3593 4615 3692 4679 τὰς
3726 4619 3885 4700 χεῖ-ἑ

2265 4724 2362 4777 ρας
2403 4706 2594 4777 αὐτῆς.
2635 4726 2653 4759 ι
2700 4704 3095 4779 Προανεδείχθη
3147 4703 3245 4773 μὲν
3294 4703 3402 4773 γὰρ
3442 4702 3708 4758 ὠδίνουσα
3743 4705 3850 4759 τὸν

2274 4797 2489 4870 Ἰσραὴλ
2534 4800 2567 4869 ή
2616 4797 2757 4853 κατᾶ
2823 4796 2987 4869 νόμον
3039 4793 3288 4867 λατρεία.
3347 4794 3564 4858 Οίκέτις
3605 4793 3663 4848 δὲ
3699 4792 3853 4850 οὖσα.

2262 4889 2502 4961 (πνεῦμα
2537 4891 2646 4963 γὰρ
2684 4889 2965 4961 ἐλεύθερον
3005 4888 3106 4942 οὐκ
3138 4883 3207 4958 ἦν
3245 4889 3303 4941 ὲν
3329 4884 3510 4959 αὐτῇ),
3547 4889 3850 4959 μονονουχὶ
3953 4904 3969 4913 λ

2259 4983 2701 5056 προεκυοφὸρησε
2745 4983 2844 5054 τῆς
2879 4982 3005 5046 νέας
3042 4981 3138 5036 καὶ
3196 4980 3560 5051 εὐαγγελικῆς
3609 4978 3850 5032 παιδεύ-

2256 5089 2393 5138 σεως
2430 5074 2520 5128 τὸν
2555 5074 2614 5139 ἐξ
2645 5073 2922 5143 Αἰγύπτου
2960 5072 3110 5128 λαόν.
3168 5073 3459 5143 Τοιγάρτοι
3493 5071 3587 5125 καὶ
3627 5072 3851 5143 πεφρό-

2254 5180 2385 5235 νηκε
2418 5163 2579 5235 μέγα,
2613 5164 2707 5219 καὶ
2728 5164 2915 5218 ἐδίωκε
2940 5165 3068 5230 τοὺς
3089 5167 3146 5219 ὲν
3175 5165 3414 5237 Χριστῷ,
3438 5164 3532 5218 καὶ
3561 5163 3703 5217 κατὰ
3721 5161 3850 5216 τῶν

2255 5254 2628 5325 εὐαγγελικῶν
2691 5254 3079 5327 θεσπισμάτων
3159 5255 3369 5327 ὑψηλὴν
3433 5257 3667 5326 αἴρουσα
3726 5250 3848 5324 τὴν

2251 5343 2453 5415 ὀφρὺν,
2509 5343 2861 5415 πολυτρόπως
2910 5345 3180 5415 ἡλίσκετο.
3245 5343 3511 5415 Ἐπετίμα
3560 5343 3669 5413 γὰρ
3714 5344 3848 5407 τοῖς

2252 5433 2428 5500 ἁγίοις
2491 5434 2812 5499 ἀποστόλοις
2832 5437 2866 5506 ὴ
2893 5433 3002 5489 τῶν
3043 5433 3307 5488 Ἰουδαίων
3338 5432 3656 5503 Συναγωγὴ,
3680 5433 3852 5504 διαρο

2250 5524 2416 5595 ρήδην
2434 5523 3080 5598 λέγουσαοιΠαραγγελίῑι
3104 5524 3554 5595 παρηγγείλαμεν
3573 5523 3720 5594 ὑμῖν,
3747 5523 3850 5596 μὴ
