4056 6260
261 219 367 278 135

1289 216 1813 273 GLAPHYRORUM
1851 216 1918 272 ΙΝ
1950 215 2250 292 GENESIM
2295 219 2422 275 LIB.
2464 219 2552 276 111.

3425 230 3528 287 ίδό

259 332 530 409 διδάσκειν
563 332 663 387 ἐπὶ
687 331 765 403 τῷ
795 332 1020 402 ὀνόματι
1041 331 1230 402 τούτῳ,
1247 333 1342 384 καλ⁸
1361 331 1473 386 ἰδοὺ
1499 332 1841 404 ἐπληρώσατε

1956 331 2050 397 tia,
2074 343 2132 388 et
2155 334 2415 390 ancillula
2436 335 2622 392 libera
2645 346 2732 393 est
2750 348 3065 395 contumax.
3092 339 3360 398 Ceterum
3384 345 3527 402 vieta
3575 414 3581 416 _

262 423 358 492 τὴν
384 407 752 495 Ἰερουσαλὴμ
770 423 867 493 τῆς
888 421 1101 493 διδαχῆς
1119 421 1289 492 ὑμῶν.
1321 439 1340 474 ι
1378 423 1544 494 Ὁρᾷς
1558 423 1705 486 ὅπως
1723 420 1848 476 κατ-

263 515 553 587 επαίρεται
569 518 668 587 τῆς
680 516 941 588 Σάρραςὴ
957 513 1243 582 Αἰγυπτία,
1258 513 1353 568 καὶ
1373 514 1549 568 καταθ
1558 512 1846 584 ρασύνεται

263 604 361 677 τῆς
386 605 683 676 ἐλευθέρας
700 606 759 658 τὸ
779 605 1194 677 θεραπαινίδιον.
1233 603 1372 658 Ἀλλ’
1394 605 1611 657 ἐνικᾶτο
1625 604 1703 675 τῷ
1727 605 1850 677 χρό-

267 712 364 768 νῳ,
384 697 483 750 καὶ
512 696 908 767 ἀποδιδράσκει,
930 697 1130 767 τρόπον
1156 695 1278 749 τινὰ
1295 694 1517 767 τιμῶσα
1532 698 1593 750 τὸ
1612 696 1845 768 ὲξήνιον,

273 789 664 858 προστάττεται
690 787 745 841 δὲ
769 789 839 842 δι’
859 789 1091 858 ἀγγέλου
1119 789 1320 857 φωνῆς,
1347 789 1421 859 μὴ
1456 788 1848 859 παραιτεῖσθαι

275 876 375 949 τὴν
412 877 723 950 ἐλευθέραν,
758 867 1037 947 τουτέστι,
1070 883 1169 953 τὴν
1207 884 1287 947 εἰς
1317 883 1599 956 ἐλεύθερον
1629 884 1847 956 ἀξίωμα

278 969 539 1024 καλοῦσαν
595 971 903 1034 παίδευσιν,
962 974 1346 1028 ταπεινοῦσθαι
1401 976 1459 1029 δὲ
1509 976 1708 1046 μᾶλλον
1741 977 1847 1030 ὑπὸ

275 1058 373 1120 τὰς
413 1062 594 1130 χεῖρας
635 1061 830 1131 αὐτῆς.
890 1063 954 1116 Ἣ
1004 1061 1115 1135 γὰρ
1153 1063 1241 1119 διὰ
1276 1065 1438 1136 νόμου
1470 1067 1716 1136 λατρεία,
1760 1067 1848 1124 διὰ

277 1151 563 1220 σχημάτων
610 1151 764 1205 ίοῦσα
807 1154 901 1207 καὶ
937 1154 1160 1218 τύπων,
1205 1156 1443 1210 δουλεύει
1479 1158 1680 1229 τρόπον
1724 1157 1849 1211 τινὰ

275 1244 383 1304 τοῖς
429 1242 804 1310 εὐαγγελικοίς
858 1244 1258 1315 παιδεύμασιν,
1300 1247 1540 1320 ἀμυδρὸν
1581 1248 1680 1318 τῆς
1708 1247 1844 1319 άλη-

271 1331 420 1396 θείας
458 1332 519 1385 τὸ
570 1332 765 1396 κάλλος
815 1335 897 1402 ἐφ’
947 1337 1115 1406 ἑαυτῇ
1160 1336 1498 1392 δεικνύουσα.
1549 1340 1626 1391 Δι’
1678 1340 1845 1407 ἀγγέ-

271 1423 374 1475 λων
411 1423 590 1476 τοίνυν
627 1425 656 1475 6
689 1424 856 1494 πάλαι
883 1424 972 1478 διὰ
1008 1426 1252 1490 Μωσέως
1282 1426 1508 1498 ὡρίζετο
1539 1428 1726 1498 νόμος,
1752 1430 1847 1483 καὶ

267 1513 360 1567 διὰ
400 1515 588 1584 φωνῆς
634 1515 874 1583 ἀγγέλου
919 1518 1033 1578 τοῖς
1076 1516 1165 1570 διὰ
1206 1517 1441 1587 Χριστοῦ
1489 1517 1846 1591 θεσπίσμασιν

270 1603 564 1674 ὑποφέρειν
622 1603 813 1677 ὥσπερ
865 1606 1260 1677 προσ-τάσσεται
1308 1607 1398 1660 τὸν
1456 1609 1689 1678 αὐχένα,
1751 1610 1846 1663 καὶ

1949 431 2035 477 est
2058 432 2329 501 tempore,
2352 426 2596 497 fugitque
2615 428 3019 498 quodammodo
3041 435 3394 493 contumacia:
3415 447 3527 492 sua

1947 527 2140 583 ptenas
2172 515 2348 571 luens.
2375 516 2627 573 Morietur
2667 527 2852 574 autem
2876 537 2976 590 per
3001 538 3191 578 vocem
3221 526 3420 596 angeli,
3455 542 3524 583 ne

1947 604 2219 676 despiciat
2239 606 2489 672 liberam,
2512 607 2617 663 hoc
2638 619 2724 665 est
2773 610 3144 680 disciplinam,
3168 614 3236 669 ad
3257 615 3526 673 libertatis

1947 695 2272 766 dignitatem
2314 706 2628 761 vocantem,
2660 708 2715 752 at
2753 700 2938 769 potius
2976 708 3037 756 ut
3071 702 3394 760 humilietur
3421 706 3523 761 sub

1947 801 2112 841 manu
2139 788 2277 859 ejus.
2304 787 2496 844 Cultus
2529 788 2674 842 enim
2703 789 2891 860 legalis
2927 807 3026 861 per
3054 791 3255 863 ﬁguras
3278 811 3342 851 ac
3368 807 3521 867 typcs

1945 872 2205 930 incedens
2230 875 2400 930 servit
2429 875 2831 946 quodammodo
2863 881 3199 950 evangelica:
3232 882 3520 950 doctrinae,

1945 965 2234 1022 obscuram
2259 967 2552 1037 quamdam
2570 968 2819 1023 veritatis
2838 969 3311 1038 pulchritudinem
3334 990 3445 1043 pra:
3464 991 3522 1031 se

1945 1056 2147 1115 ferens.
2171 1060 2278 1115 Per
2309 1062 2532 1130 angelos
2548 1060 2730 1131 itaque
2749 1070 2910 1116 vetus
2931 1061 3130 1134 Moysis
3167 1064 3253 1118 lex
3277 1065 3385 1120 lata
3416 1075 3518 1129 est,

1944 1155 2000 1201 et
2031 1164 2130 1218 per
2161 1163 2349 1204 vocem
2391 1150 2572 1221 angeli
2605 1151 2893 1220 pmceptis
2922 1166 3019 1221 per
3047 1151 3328 1207 Christum
3354 1153 3521 1210 editis

1945 1242 2217 1297 cervicem
2239 1243 2645 1312 quodammodo
2664 1244 2988 1299 submittere
3013 1245 3261 1314 iubetur,
3280 1255 3335 1300 et
3358 1247 3520 1302 subdi

1944 1333 2057 1403 80
2089 1334 2298 1397 liberae,
2335 1334 2552 1389 etiamsi
2583 1335 2781 1391 cedere
2815 1337 2971 1391 nolit.
3013 1336 3127 1392 Hoc
3166 1339 3314 1392 enim
3353 1339 3517 1408 Spiri-

1946 1423 2168 1480 tualiter
2193 1423 2500 1495 signiﬁcare
2525 1426 2804 1482 arbitror:
2844 1445 2863 1476 ι
2891 1428 3058 1498 Agar,
3090 1427 3378 1484 humiliare
3419 1430 3521 1485 sub

1943 1527 2109 1566 manu
2140 1511 2289 1567 Sane
2328 1514 2391 1566 ”.
2436 1533 2453 1564 υ
2484 1513 2674 1583 Neque
2698 1529 2828 1568 vero
2851 1514 3072 1568 silentio
3098 1516 3521 1584 praetermitten-

1946 1601 2076 1656 dum
2116 1617 2240 1658 esse
2270 1617 2491 1667 censeo,
2537 1604 2684 1673 quod
2721 1614 2775 1659 et
2819 1604 3043 1659 divinus
3085 1605 3288 1660 Paulus
3328 1621 3422 1660 eas
3469 1606 3523 1660 in

272 1669 659 1751 ὓποκλίνεσθαι
687 1700 753 1769 τῇ
783 1669 1059 1770 ξὴυθέρᾳ,
1093 1699 1187 1751 καὶ
1218 1700 1314 1770 οὐχ
1345 1669 1562 1754 ἑκοῦσα⁹
1585 1669 1841 1771 παραχωο

1946 1692 2182 1747 duorum
2219 1669 2673 1749 testamentorum
2709 1696 3017 1765 exemplum
3054 1697 3335 1766 posuerit;
3374 1697 3522 1751 illam

273 1791 409 1858 ρεῖν.
443 1789 613 1842 Τοῦτο
638 1789 764 1860 γὰρ,
794 1785 967 1860 οἶμαι,
1020 1788 1228 1861 νοητῶς
1269 1792 1385 1844 ἔστι
1432 1795 1516 1857 τὸ,
1564 1793 1669 1845 ὑπὸ
1686 1796 1844 1864 χεῖρα

267 1880 371 1948 τῆς
409 1880 625 1950 Σάρρας
682 1880 937 1949 γενέσθαι
995 1881 1096 1952 τὴν
1143 1883 1344 1953 Ἅγαρ.
1413 1883 1737 1955 Μεμνῆσθαι
1788 1883 1844 1935 δὲ

264 1968 591 2036 ἀναγκαῖον,
627 1969 704 2034 ὡς
731 1969 1007 2040 διαθηκῶν
1033 1969 1204 2025 δυάδα
1234 1970 1473 2025 τέθεικεν
1509 1972 1676 2038 αὐτὰς
1702 1973 1794 2026 καὶ
1818 1975 1847 2025 6

263 2058 556 2124 θεσπέσιος
599 2061 812 2126 Παῦλος
837 2101 851 2124 ,
894 2061 994 2133 τὴν
1027 2062 1126 2132 μὲν
1157 2063 1236 2126 εἰς
1270 2063 1508 2117 δουλείαν
1537 2065 1841 2134 γεννῶσαν,

262 2148 558 2220 σύστοιχόν
585 2167 644 2203 τε
674 2152 742 2220 τῇ
772 2149 867 2203 νῦν
907 2150 1258 2221 Ἰερουσαλήμ
1285 2168 1299 2183 ⁸
1327 2152 1423 2223 τὴν
1452 2153 1508 2206 δὲ
1532 2154 1612 2216 είς
1632 2152 1842 2206 ἐλευθε-

260 2237 393 2307 ρίας
416 2239 657 2309 ἀξίωμα,
683 2239 824 2309 φημὶ
847 2237 908 2306 δὴ
933 2239 1030 2309 τὴν
1053 2240 1287 2311 Σάρραν.
1323 2239 1443 2293 Ὅτι
1464 2241 1520 2293 δὲ
1544 2242 1841 2311 πεφηνότος

258 2327 367 2399 ήδη
399 2327 636 2398 Χριστοῦ
664 2327 1008 2382 συνανατελεῖ
1024 2328 1086 2399 δὴ
1117 2332 1334 2392 πάντως
1365 2330 1460 2399 τῆς
1486 2332 1544 2384 ὲν
1573 2332 1839 2403 πνεύματι

256 2422 570 2492 περιτομῆς
601 2420 629 2472 6
660 2420 868 2491 καιρὸς,
919 2420 1228 2475 ὲδιδάσκετο
1273 2421 1458 2492 σαφῶς
1501 2425 1530 2476 6
1572 2426 1840 2495 μακάριος

231 2516 236 2523 ’
269 2509 550 2582 Ἁϐραάμ.
596 2511 974 2582 Ἐθεσμοθέτει
1007 2513 1116 2586 γὰρ
1141 2515 1169 2567 6
1199 2512 1351 2577 Θεὸς,
1385 2513 1445 2567 τὸ
1476 2515 1672 2586 χρῆναι
1706 2515 1841 2586 πλη-

257 2600 396 2672 ροῦν
423 2600 525 2670 τὴν
549 2600 872 2673 περιτομὴν,
907 2602 995 2655 διὰ
1025 2602 1319 2673 σαρκικῶν,
1346 2599 1521 2673 οἶμαι,
1542 2605 1841 2676 παραδειγ-

259 2691 458 2758 μάτων
520 2695 942 2763 προαναφαίνων
972 2692 1041 2746 τὰ
1071 2695 1261 2766 νοητά.
1293 2714 1312 2746 ι
1367 2696 1840 2768 Περιτμηθησεται

255 2783 371 2853 γάρ
405 2799 521 2846 σου,
554 2783 708 2854 φησὶ,
734 2785 841 2837 πᾶν
865 2785 1169 2857 ἀρσενικόν.
1210 2805 1229 2838 ι
1277 2787 1385 2840 Καὶ
1421 2790 1538 2851 ταῖς
1568 2789 1648 2850 είς
1685 2788 1842 2841 τοῦτο

255 2870 576 2942 ρᾳστὼναις
634 2873 852 2946 ὄλεθρον
883 2876 977 2928 καὶ
1004 2875 1281 2930 ἀπώλειαν
1319 2877 1615 2948 ὲπεμέτρει
1638 2877 1738 2948 τὴν
1765 2877 1843 2930 δί-

257 2979 387 3038 κην·
421 2963 524 3036 ἔφη
554 2965 682 3037 γὰρ,
710 2967 791 3018 ὅτι
822 2967 917 3019 καὶ
939 2967 1308 3038 ἀπερίτμητος
1339 2968 1535 3040 ἄρσην,
1569 2968 1626 3031 6;
1652 2970 1712 3022 οὐ
1745 2986 1837 3023 πε-

255 3054 664 3127 ριτμηθήσεται
697 3057 797 3128 τὴν
824 3057 1002 3130 σάρκα
1032 3058 1130 3127 τῆς
1163 3058 1528 3130 ἀκροϐυστίας
1554 3059 1720 3113 αὐτοῦ
1774 3062 1839 3131 τῇ

250 3149 456 3224 ἡμέρᾳ
484 3153 551 3223 τῇ
577 3152 760 3224 ὀγδόῃ,
786 3152 1296 3224 ὲξολοθρευθήσεται
1324 3155 1358 3225 ἡ
1385 3154 1531 3226 ψυχὴ
1567 3155 1750 3225 ἐκείνη
1777 3155 1842 3206 ὲκ

249 3239 348 3295 τοῦ
373 3241 574 3311 γένους
600 3244 790 3314 αὐτῆς,
814 3243 1021 3314 ὅτιιτὴν
1058 3244 1329 3315 διαθήκην
1352 3230 1456 3316 μῖυ
1477 3245 1838 3299 διεσκέδασεν.

262 3331 444 3405 Ὁρᾷς
479 3333 562 3386 ὄτι
595 3334 692 3404 τῆς
726 3337 784 3388 ἐν
818 3334 1091 3406 πνεύματι
1135 3336 1230 3391 καὶ
1271 3337 1498 3409 ἀληθείᾳ
1539 3336 1842 3410 περιτομῆς

248 3425 431 3488 τύπος
462 3422 654 3496 ῶσπερ
692 3442 775 3487 τις
809 3425 868 3478 ὲν
900 3427 1064 3494 σαρκὶ
1107 3426 1501 3496 προεδείκνυτο.
1536 3428 1839 3498 Πράττεται

249 3518 363 3589 γὰρ
397 3521 473 3589 τῇ
501 3517 682 3587 ὀγδόῃ,
732 3518 855 3572 καθ’
889 3518 955 3590 ἢν
995 3519 1059 3573 ἐκ
1102 3520 1313 3591 νεκρῶν
1348 3521 1548 3576 ἀνεὸίω
1585 3522 1835 3594 Χριστός.

245 3611 361 3664 Καὶ
387 3609 589 3682 καιρδς
615 3605 685 3680 ἦν
713 3610 815 3681 ἤδη
847 3610 942 3665 τοῦ
972 3612 1294 3683 μεταλαχεῖν
1321 3613 1477 3681 άγίου
1504 3614 1642 3666 Πνεύ
1651 3630 1836 3684 ματος,

243 3700 345 3754 καὶ
377 3700 487 3771 τὴν
526 3700 585 3751 ἐν
613 3700 764 3768 αὐτῷ
795 3700 1046 3770 δέχεσθαι
1073 3702 1404 3773 περιτομὴν,
1436 3702 1498 3757 οὐ
1533 3704 1708 3775 σάρκα
1750 3703 1842 3756 λυ-

236 3790 522 3854 ποῦντος,
555 3790 690 3844 ἀλλὰ
726 3790 943 3860 πνεῦμα
984 3790 1373 3862 καθαίροντος·
1411 3793 1472 3846 οὐ
1513 3794 1840 3863 σωματικῶν

236 3881 696 3944 ἀπαλλάττοντος
729 3880 936 3951 ρύπων,
975 3881 1111 3936 ἀλλὰ
1140 3881 1388 3953 ψυχικῶν
1421 3884 1568 3953 ἡμᾶς
1602 3883 1839 3954 νοσημά-

232 3989 353 4026 των
389 3973 756 4038 ἀπολύοντος.
790 3973 918 4025 Ὅτε
946 3971 1054 4042 γὰρ
1085 3973 1284 4026 ἀνεϐίω
1317 3973 1571 4044 Χριστὸς,
1603 3972 1840 4024 καταλύ-

237 4082 343 4129 σας
363 4065 473 4121 τοῦ
501 4065 733 4123 θανάτου
759 4065 820 4120 τὸ
841 4065 1058 4135 κράτος.
1077 4065 1196 4118 τότε
1223 4064 1307 4135 δὴ,
1323 4065 1444 4117 τότε
1470 4061 1564 4116 καὶ
1584 4063 1841 4131 ἀπαρχὴν

234 4155 444 4228 ὥσπερ
470 4157 595 4210 τινὰ
614 4155 709 4210 τοῦ
736 4157 891 4225 ἁγίου
916 4155 1232 4225 Πνεύματος
1278 4158 1390 4216 τοῖς
1418 4152 1593 4222 ἁγίοις
1619 4152 1842 4221 ἐνέθηκε

236 4251 557 4321 μαθηταῖς.
599 4249 927 4320 Ἐνεφύσησε
953 4248 1084 4320 γὰρ,
1109 4247 1297 4316 φησὶν,
1323 4246 1403 4309 είς
1426 4244 1624 4309 αὐτοὺς
1642 4244 1836 4313 λέγων·

1947 1784 2170 1854 quidem
2214 1785 2526 1856 gignentem
2577 1785 2634 1840 in
2674 1785 3020 1852 servitutem,
3058 1797 3113 1842 et
3153 1786 3424 1845 conﬁnem
3468 1787 3522 1844 ei

1949 1892 2068 1947 quae
2100 1891 2248 1932 nunc
2268 1885 2353 1932 est
2385 1875 2711 1941 Jerusalem,
2739 1877 2881 1932 hanc
2912 1893 3044 1933 vero
3069 1878 3124 1932 in
3148 1878 3420 1934 libertatis
3433 1879 3519 1933 di-

1947 1969 2247 2038 gnitatem,
2300 1967 2493 2024 Saram
2558 1969 2802 2039 inquam.
2847 1968 3003 2036 Quod
3030 1985 3182 2036 vero,
3231 1979 3518 2040 postquam

1947 2058 2264 2128 apparuerit
2286 2058 2562 2125 Christus,
2593 2075 2700 2114 una
2724 2061 3003 2114 exorietur
3030 2069 3247 2129 tempus
3280 2061 3521 2116 circum-

1948 2149 2175 2204 cisionis
2223 2149 2278 2203 in
2338 2150 2555 2220 spiritu,
2599 2150 2831 2206 edoctus
2870 2160 2955 2207 est
3000 2150 3286 2207 manifeste
3328 2151 3524 2209 beatus

1947 2241 2243 2295 Abraham.
2268 2241 2536 2312 Prmcepit
2560 2243 2708 2298 enim
2741 2243 2854 2313 jam
2877 2243 3022 2298 Deus
3044 2243 3521 2301 circumcisionem

1948 2333 2278 2404 implendam
2304 2347 2446 2397 esse,
2474 2349 2572 2404 per
2607 2334 2870 2396 carnalia,
2895 2344 2956 2389 ut
2986 2333 3249 2400 arbitror,
3278 2337 3523 2407 exempla

1948 2420 2374 2492 pmsigniﬁcans
2417 2422 2744 2490 spiritualia.
2802 2441 2819 2474 ι
2852 2420 3292 2477 Circumcidetur
3341 2423 3520 2485 enim,

1949 2513 2151 2583 inquit,
2191 2528 2354 2568 omne
2399 2513 2726 2578 masculum,
2758 2532 2776 2565 ι
2818 2513 3273 2584 ηεςιὶεοῃιίεηυε
3316 2513 3418 2568 hac
3465 2513 3521 2568 in

1947 2613 2103 2672 parte
2128 2605 2359 2675 capitale
2387 2607 2718 2677 supplicium
2751 2606 3028 2676 proponit.
3052 2605 3144 2660 Ait
3171 2604 3340 2668 enim,
3374 2605 3522 2676 quod

1956 2713 1974 2744 ι
2007 2692 2427 2751 incircumcisus
2478 2696 2788 2759 masculus,
2844 2697 2937 2766 qui
2993 2709 3105 2749 non
3163 2695 3524 2750 circumcisus

1947 2783 2115 2839 fuerit
2148 2800 2370 2841 carnem
2404 2788 2658 2858 prmputii
2688 2787 2772 2843 sui
2808 2796 2998 2841 octava
3027 2785 3137 2850 die,
3174 2785 3525 2856 disperdetur

1948 2874 2131 2928 anima
2157 2874 2246 2929 illa
2273 2891 2341 2929 ex
2368 2876 2722 2945 generatione
2755 2891 2873 2941 sua,
2908 2876 3037 2945 quia
3077 2884 3298 2945 pactum
3338 2889 3523 2930 meum

1949 2961 2239 3031 dissipavit
2262 2963 2357 3016 εδ.»
2380 2964 2548 3022 Vides
2579 2964 2725 3034 quod
2760 2964 3109 3019 circumcisio
3133 2964 3191 3017 in
3217 2978 3380 3018 carne
3408 2964 3522 3024 vel-

1944 3053 2026 3108 uti
2068 3060 2229 3124 typus
2251 3054 2472 3124 quidam
2498 3056 2953 3124 praemonstra‘tus
2987 3056 3059 3110 sit
3089 3055 3526 3111 circumcisionis

1943 3145 2001 3199 in
2024 3145 2221 3215 spiritu
2276 3152 2333 3199 et
2375 3145 2627 3200 veritate.
2678 3145 2765 3201 Fit
2813 3145 2964 3200 enim
3011 3153 3204 3200 octavo
3253 3145 3365 3211 die,
3411 3161 3524 3217 quo

1941 3234 2199 3293 Christus
2245 3252 2277 3292 a
2317 3236 2554 3293 mortuis
2607 3236 2848 3303 revixit;
2882 3244 2939 3293 et
2977 3245 3194 3307 tempus
3235 3246 3356 3293 erat
3387 3239 3520 3309 jam,

1940 3339 2002 3384 ut
2034 3328 2272 3399 Spiritus
2301 3330 2475 3386 sancti
2512 3329 2810 3400 participes
2835 3328 3200 3394 eﬁiceremur,
3228 3330 3521 3394 circumci-

1939 3419 2258 3490 sionemque
2289 3419 2350 3474 in
2376 3419 2495 3490 ipso
2522 3421 2952 3490 susciperemus,
2980 3437 3109 3491 quae
3150 3436 3259 3477 non
3300 3437 3520 3477 carnem

1939 3511 2197 3577 alliceret,
2219 3512 2314 3568 sed
2342 3512 2595 3583 spiritum
2624 3520 2905 3585 purgaret,
2935 3530 3045 3569 non
3079 3530 3110 3570 a
3142 3516 3522 3592 corporalibus

1940 3603 2194 3658 sordibus
2223 3604 2508 3669 liberaret,
2554 3604 2651 3661 sed
2694 3605 2864 3658 animi
2909 3605 3133 3660 morbos
3173 3605 3517 3660 dissolveret.

1939 3691 2168 3758 Quando
2210 3692 2359 3748 enim
2407 3692 2664 3749 Christus
2709 3693 2930 3757 revixit,
2971 3692 3244 3747 dissoluto
3289 3693 3522 3764 imperio

1938 3785 2151 3850 mortis,
2183 3794 2314 3840 tunc
2351 3783 2571 3839 demum
2599 3785 2771 3840 veluti
2797 3784 3071 3854 primitias
3093 3782 3359 3850 quasdam
3395 3781 3519 3850 Spi-

1939 3876 2079 3930 ritus
2112 3876 2284 3931 sancti
2328 3875 2615 3944 discipulis
2655 3875 2903 3929 immisit.
2941 3870 3242 3925 lnsuﬁlavit
3279 3871 3426 3925 enim
3464 3872 3521 3926 in

1938 3962 2088 4032 ipsos
2119 3962 2336 4027 dicens,
2368 3980 2386 4011 ‹
2416 3961 2664 4028 Accipite
2693 3960 2958 4029 Spiritum
2987 3965 3235 4012 sanctum
3259 3959 3325 4011 ".
3360 3978 3378 4009 ›
3407 3957 3520 4014 Ca-

1934 4054 2028 4123 jus
2086 4054 2252 4107 etiam
2304 4051 2592 4106 sententia:
2638 4059 2725 4106 est
2771 4050 3211 4121 sapientissimus
3261 4050 3518 4115 Joannes,

1941 4146 2132 4201 dicens
2157 4163 2170 4198 :
2199 4164 2215 4195 ι
2238 4143 2491 4200 Nondum
2517 4144 2664 4200 enim
2688 4154 2808 4198 erat
2831 4144 3069 4214 Spiritus
3096 4151 3316 4198 sanctus
3337 4143 3517 4207 datus,

1941 4236 2067 4307 quia
2087 4236 2245 4291 Jesus
2269 4235 2513 4292 nondum
2537 4244 2657 4290 erat
2682 4233 3019 4306 gloriﬁcatus
3041 4232 3106 4285 ⁸⁸.
3128 4250 3145 4282 ›
3172 4232 3519 4288 Cloriﬁcatus

233 4358 253 4391 ι
309 4340 548 4395 Λάϐετε
584 4340 807 4410 Πνεῦμα
837 4341 1012 4407 ἆγιον.
1069 4358 1088 4390 ι
1127 4336 1463 4408 muscam
1492 4334 1549 4388 δὲ
1587 4335 1664 4406 τῷ
1696 4334 1838 4404 λόγῳ

1944 4326 2213 4396 siquidem
2241 4334 2348 4390 est,
2374 4341 2499 4380 cum
2530 4325 2834 4380 resurrexit
2857 4340 2888 4378 a
2917 4322 3150 4378 mortuis
3183 4334 3376 4382 octavo
3404 4324 3514 4380 dic.

228 4430 333 4483 καὶ
364 4431 400 4482 6
437 4432 751 4498 σοφώτατος
794 4430 1068 4504 Ἰωάννης,
1091 4429 1298 4494 λέγων’
1334 4449 1351 4479 ι
1382 4427 1607 4481 Οὐδέπω
1635 4426 1744 4497 γὰρ
1767 4421 1836 4496 ἦν

228 4521 489 4591 Πνεῦμα
522 4521 693 4590 ἅγιον,
719 4523 800 4575 ὅτι
840 4520 1046 4590 Ἰησοῦς
1075 4518 1286 4572 οὐδέπω
1317 4516 1597 4588 ἐδοξάσθη.
1633 4537 1652 4570 ι
1683 4517 1838 4570 Δεδό-

227 4612 450 4677 ξασται
490 4613 588 4682 μὲν
626 4611 756 4684 γὰρ,
788 4612 1158 4682 ἐγηγερμένος
1189 4612 1254 4663 ὲκ
1294 4609 1538 4680 νεκρῶν,
1572 4607 1712 4661 κατὰ
1737 4608 1837 4677 τὴν

218 4702 470 4772 ὀγδόην.
509 4703 796 4774 Τοιγάρτοι
824 4705 918 4756 καὶ
959 4704 1037 4765 εἰς
1068 4703 1217 4771 ἡμᾶς
1253 4700 1454 4770 ἠνέχθη
1500 4700 1561 4752 τὸ
1597 4699 1834 4768 πνεῦμα,

218 4792 325 4846 καὶ
383 4794 457 4845 ἐν
489 4792 636 4855 αύτῷ
663 4790 1112 4863 περιτετμήμεθα
1141 4792 1408 4859 περιτομῇ
1439 4788 1837 4858 ἀχειροποιήτῳ

214 4883 322 4938 καὶ
355 4885 568 4954 νοητῇ.
613 4883 851 4938 Ἀνδάνει
888 4881 996 4952 γὰρ
1028 4873 1184 4942 οὗτος
1215 4878 1333 4955 Θεῷ
1355 4879 1452 4948 τῆς
1482 4879 1785 4948 περιτομῆς
1809 4879 1838 4930 6

206 4975 473 5044 τρόπος.
506 4974 616 5027 Καὶ
635 4974 764 5044 γοῦν
789 4976 817 5028 6
843 4959 1124 5035 θεσπέσιος
1153 4970 1366 5033 Παῦλος
1409 4963 1511 5024 ὧδὲ
1539 4971 1612 5040 πή
1649 4985 1834 5039 φησιν’

213 5084 237 5118 ι
279 5068 370 5122 Οὐ
413 5066 541 5136 γὰρ
570 5068 600 5120 ὀ
624 5069 679 5120 ἐν
705 5066 780 5136 τῷ
805 5063 1025 5136 φανερῷ
1065 5062 1314 5124 Ἰουδαῖός
1344 5062 1510 5116 ἐστιν.
1560 5061 1678 5113 οὐδὲ
1712 5062 1744 5129 ἡ
1780 5062 1839 5112 ὲν

1940 4419 2152 4472 Idcirco
2183 4418 2348 4472 etiam
2389 4418 2445 4471 in
2488 4432 2590 4471 nos
2632 4416 2929 4472 translatus
2966 4425 3050 4470 est
3082 4415 3340 4486 Spiritus,
3371 4427 3426 4472 et
3457 4419 3515 4474 in

1942 4511 2060 4580 ipso
2077 4508 2388 4563 circumcisi
2408 4522 2600 4562 sumus
2611 4506 3154 4561 circumcisionenon
3168 4522 3330 4561 manu
3352 4507 3512 4573 facta,

1941 4602 2036 4657 sed
2063 4599 2358 4670 spirituali.
2395 4598 2492 4653 Hic
2515 4597 2663 4651 enim
2705 4597 3140 4652 circumcisionis
3179 4599 3373 4654 modus
3404 4601 3516 4655 Deo

1942 4694 2138 4762 placet.
2158 4689 2321 4759 Atqui
2346 4689 2565 4744 divinus
2583 4690 2784 4744 Paulus
2807 4690 2934 4744 alibi
2964 4689 3037 4744 ita
3066 4689 3144 4745 ait
3167 4707 3211 4742 ;‹
3231 4691 3348 4745 Non
3366 4692 3514 4750 enim

1942 4784 2036 4853 qui
2055 4784 2112 4836 in
2126 4781 2417 4836 manifesto
2431 4780 2653 4836 Iudaeus
2680 4788 2781 4843 est,
2807 4797 2982 4850 neque
3010 4797 3130 4850 qua:
3157 4781 3207 4832 in
3226 4780 3517 4833 manifesto

1938 4877 1994 4930 in
2006 4890 2169 4930 carne
2186 4883 2270 4929 est
2285 4871 2652 4937 circumcisio;
2671 4869 2766 4925 sed
2784 4871 2874 4940 qui
2891 4872 2945 4924 in
2962 4867 3280 4924 abscondito
3294 4867 3516 4922 Iudaeus

1943 4975 2027 5023 est
2044 4965 2460 5022 etcircumcisio
2484 4963 2665 5019 cordis
2688 4962 2739 5015 in
2763 4962 2980 5031 Spiritu,
3001 4974 3110 5012 non
3129 4956 3515 5028 littera:eujus

1938 5059 2057 5115 laus
2094 5074 2204 5112 non
2238 5073 2304 5112 ex
2335 5055 2675 5118 hominibus,
2706 5053 2801 5108 sed
2848 5068 2915 5106 ex
2955 5052 3066 5105 Deo
3093 5047 3266 5102 est".
3299 5065 3317 5098 ι

201 5155 296 5228 τῷ
333 5156 589 5227 φανερῷ
613 5159 670 5210 ὲν
697 5159 859 5229 σαρκὶ
888 5156 1178 5228 περιτομὴ,
1209 5153 1322 5208 ἀλλ’
1352 5155 1381 5207 6
1412 5155 1469 5205 ὲν
1534 5151 1613 5223 τῷ
1652 5153 1907 5224 κρυπτῷ
1957 5152 2223 5215 Ἰουδαῖος,
2263 5149 2356 5204 καὶ
2399 5146 2668 5234 περιτομὴ
2720 5143 2948 5214 καρδίας
2996 5145 3052 5194 ὲν
3101 5138 3403 5207 πνεύματι,
3453 5136 3514 5190 οὗ

203 5248 569 5320 γράμματι.
604 5239 677 5300 Οῦ
706 5249 734 5301 6
771 5247 989 5310 ἔπαινος
1021 5247 1122 5300 οὐκ
1169 5246 1229 5311 ἐξ
1260 5243 1585 5316 ἀνθρώπων,
1621 5243 1735 5295 ἀλλ’
1766 5245 1831 5296 ὲκ
1868 5243 1961 5297 τοῦ
1992 5240 2148 5296 Θεοῦ.
2192 5260 2210 5291 ι

283 5338 348 5395 ι’.
395 5337 834 5408 ’Λπρακτούσης
857 5338 915 5391 δὲ
943 5337 1021 5390 ὅτι
1047 5336 1144 5406 τῆς
1171 5339 1228 5390 ιν
1255 5337 1406 5408 νόμῳ
1433 5333 1712 5405 λατρείας,
1741 5333 1836 5388 καὶ

203 5425 708 5506 κατακρατούσης
732 5428 831 5500 ἠδη
859 5429 955 5499 τῆς
985 5428 1109 5492 νέας
1136 5428 1226 5481 καὶ
1250 5430 1308 5481 ἐν
1334 5424 1577 5497 Χριστῷ,
1605 5425 1698 5479 καὶ
1728 5424 1836 5478 τῶν

314 5601 576 5677 ⁸³,ϐειι
605 5599 782 5668 ινι,9.
877 5601 1092 5678 _"'Cen.
1118 5618 1244 5669 xvii,
1288 5602 1374 5655 lt.

2012 5333 2099 5387 10.
2142 5330 2298 5398 Quod
2325 5345 2454 5383 vero
2481 5334 2727 5383 cessante
2757 5323 2908 5375 cultu
2932 5317 3110 5388 legali,
3139 5323 3194 5368 et
3220 5313 3512 5386 imperium

1941 5424 2224 5480 obtinente
2259 5435 2400 5475 novo
2437 5433 2535 5490 per
2568 5413 2874 5476 Christum,
2905 5407 3264 5476 ﬁdelibusque
3297 5402 3513 5477 populis

1492 5601 1536 5634 "
1567 5600 1722 5655 Joan.
1749 5615 1838 5663 xx,
1871 5597 1961 5649 21.
2040 5595 2083 5625 “
2114 5593 2267 5649 Joan.
2292 5604 2386 5653 vn,
2415 5586 2501 5641 59.
2578 5588 2620 5618 ⁸⁷
2656 5586 2813 5641 Rom.
2842 5601 2899 5652 ιι,
2920 5583 3011 5638 28.
