4056 6260
543 302 644 359 135

1527 296 1585 352 S.
1630 293 1906 351 CYRILLI
1945 293 2413 351 ALEXANDRIN‘I
2454 295 2770 351 ARCHIEP.

3702 301 3798 357 156

536 415 645 484 jam
665 411 888 478 exortis,
905 412 998 482 qui
1032 413 1175 467 inter
1202 411 1406 466 liberos
1422 411 1527 480 δι
1553 410 1694 465 ﬁlios
1713 408 1997 464 constituti
2018 425 2117 464 ne-

2221 409 2279 464 ἐν
2321 410 2500 478 πίστει
2538 410 2686 465 λαῶν
2719 410 3210 481 ἀναδεδειγμένων,
3258 412 3307 464 οἳ
3335 413 3427 468 καὶ
3466 414 3524 468 ἐν
3554 417 3665 480 τοῖς
3706 419 3798 487 τῆς

539 520 646 575 que
661 505 912 575 spiritum
931 505 1184 559 servilem
1199 504 1466 558 habentes
1478 505 1733 567 clamant,
1753 502 1916 565 Abba,
1940 501 2120 566 Pater,

542 607 754 667 tempus
789 607 906 652 erat
927 598 1036 667 jam
1075 607 1134 650 ut
1173 595 1487 650 Iudaeorum
1525 594 1803 666 Synagoga
1842 593 2122 663 ablegare-

540 698 649 751 tur,
677 695 732 740 et
755 687 999 742 exhaeres
1028 685 1434 757 quodammodo
1461 683 1838 753 promissionis
1863 683 2118 753 populus,

541 779 632 847 qui
681 795 749 832 ex
793 779 861 833 iis
910 779 1171 843 oriretur,
1225 777 1396 832 ﬁeret.
1447 777 1621 830 Porro
1670 775 1817 844 quod
1861 790 2120 829 successu

543 868 804 938 temporis
825 867 896 922 sit
938 882 1284 930 reversurus,
1321 875 1376 919 et
1427 874 1684 935 acceptus
1725 864 1837 917 Deo
1879 862 2118 927 futurus,

539 959 795 1028 quodque
829 973 1121 1028 supernam
1149 955 1389 1011 caelestis
1419 954 1602 1008 Patris
1632 953 2022 1022 benignitatem
2052 955 2124 1008 sit

539 1059 886 1121 cxperturus,
908 1058 961 1103 et
985 1047 1324 1102 Salvatorem
1352 1061 1415 1100 ac
1437 1047 1860 1114 Redemptorem
1898 1045 2120 1098 univer-

541 1156 730 1195 serum
781 1141 1122 1211 cogniturus,
1165 1153 1320 1194 sacra
1369 1136 1654 1206 Scriptura
1697 1150 1915 1190 rursum
1960 1135 2122 1190 nobis

544 1232 835 1304 signiﬁcat.
867 1231 1156 1286 Ludebant
1185 1230 1333 1284 enim
1358 1228 1502 1282 inter
1533 1243 1591 1281 se
1622 1227 1948 1282 insultantes
1972 1227 2120 1282 invi-

541 1339 660 1379 cem
709 1324 888 1394 pueri,
935 1324 1084 1377 Isaac
1134 1321 1394 1375 nimirum
1435 1328 1491 1374 ct
1536 1318 1750 1372 lsmael.
1801 1320 2120 1374 Persecutio

539 1425 743 1478 autem,
769 1423 830 1468 ut
859 1415 1115 1478 arbitror,
1145 1420 1264 1468 erat
1297 1426 1470 1483 genus
1500 1409 1638 1475 ludi,
1669 1420 1831 1479 atque
1861 1411 2120 1481 inseque-

540 1508 702 1563 batur
722 1507 940 1576 quidem
969 1506 1194 1570 Ismael;
1229 1503 1470 1573 fugiebat
1491 1511 1670 1556 autem
1694 1502 1862 1556 Isaac.
1892 1503 2118 1574 lndigne

540 1609 721 1654 autem
771 1600 877 1654 hoc
923 1597 1136 1652 ferebat
1182 1596 1372 1650 libera:
1419 1609 1595 1657 mens,
1665 1594 1816 1647 Sara:
1871 1592 2115 1662 inquam,

539 1691 787 1762 dixitque
839 1689 908 1744 ad
954 1689 1202 1743 divinum
1247 1685 1566 1740 Abraham:
1617 1703 1634 1734 ι
1668 1684 1817 1753 Ejice
1863 1684 2114 1738 ancillam

539 1753 783 1847 hanc,-et
818 1780 992 1834 ﬁlium
1019 1780 1156 1849 ejus.
1182 1777 1371 1846 Neque
1412 1776 1558 1830 enim
1597 1774 1940 1828 lizereditabit
1974 1773 2117 1828 iilius
2148 1753 2188 1807 Β

541 1873 753 1928 ancillae
781 1872 947 1941 hujus
1005 1885 1127 1924 cum
1161 1867 1272 1921 ﬁlio
1302 1883 1424 1922 meo
1451 1868 1599 1922 Isaac
1623 1866 1688 1919 ⁸⁸.
1718 1886 1733 1916 ι
1766 1865 1952 1935 Neque
1984 1881 2116 1920 vero

536 1963 815 2033 jucundus
859 1961 963 2015 fuit
1008 1961 1197 2015 auditu
1239 1959 1328 2013 hic
1358 1973 1539 2013 sermo
1581 1957 1832 2012 Abrahae.
1878 1957 2118 2012 Monitus

539 2058 721 2104 autem
754 2057 838 2113 est
867 2066 896 2104 a
919 2050 1032 2104 Deo
1051 2048 1544 2118 obtemperandum
1572 2062 1692 2102 esse
1727 2047 1969 2101 sermoni
2017 2046 2116 2101 Sa-

539 2157 633 2195 rte.
671 2141 806 2195 Dato
846 2140 1030 2209 itaque
1073 2138 1216 2209 Agar
1257 2139 1460 2194 viatico
1507 2138 1662 2208 panis
1701 2147 1954 2208 etaquze,
2007 2153 2116 2192 una

538 2248 662 2288 cum
688 2232 800 2286 ﬁlio
842 2232 912 2286 ab
959 2231 1120 2286 herili
1147 2231 1309 2285 domo
1332 2230 1616 2285 discedere
1639 2229 1819 2300 jussit.
1846 2227 1977 2295 Quae
1998 2229 2119 2298 qui-

539 2323 663 2377 dem
713 2322 848 2376 abiit
889 2328 1083 2376 mmsta
1125 2335 1189 2374 ac
1237 2319 1393 2373 ﬂens.
1440 2319 1710 2374 Cancrum
1759 2320 1978 2391 errabat
2019 2334 2119 2388 per

540 2414 916 2469 solitudinem.
961 2411 1314 2466 Periclitante
1381 2427 1516 2465 vero
1563 2410 1674 2464 ﬁlio
1720 2427 1783 2464 ac
1833 2412 2112 2480 plorante,

548 2501 838 2570 c-Aperuit,
871 2499 1065 2569 inquit,
1097 2500 1238 2554 Deus
1265 2501 1453 2554 oculos
1481 2499 1642 2569 Agar,
1669 2509 1725 2554 et
1747 2500 1886 2554 vidit
1909 2499 2116 2555 fontem

544 2607 698 2661 aqua
729 2590 985 2655 viventis,
1023 2598 1078 2645 et
1114 2589 1266 2644 dedit
1305 2589 1357 2642 ei
1399 2599 1589 2659 potum
1624 2589 1690 2640 δ’.
1722 2610 1738 2640 ι
1768 2589 1904 2644 Vide
1949 2591 2116 2661 igitur

538 2697 649 2751 quo
672 2688 830 2751 pacto
857 2681 924 2736 ad
953 2681 1197 2752 mysterii
1233 2680 1575 2735 intellectum
1631 2679 1746 2749 ipse
1781 2681 1945 2735 etiam
1980 2697 2115 2751 pue-

539 2786 726 2824 rorum
765 2770 929 2824 ludus
961 2784 1072 2823 non
1110 2777 1195 2823 est
1225 2769 1453 2823 inutilis.
1487 2769 1819 2824 Persecutus
1855 2769 2002 2823 enim
2032 2776 2116 2825 est

514 2933 515 2936 η
538 2860 732 2915 lsmael
754 2860 922 2915 lsaac.
939 2859 1208 2914 Caeterum
1233 2858 1378 2928 quod
1398 2873 1656 2912 successu
1688 2858 1948 2927 temporis
1973 2858 2116 2912 ﬁlius

537 2951 770 3015 ancillae,
805 2950 911 3005 hoc
940 2959 1025 3005 est
1059 2950 1270 3014 lsmael,
1309 2948 1483 3002 ﬁlium
1526 2949 1731 3012 liberae,
1759 2949 1873 3004 sive
1899 2948 2116 3004 ﬁdelem

2224 501 2516 571 ἐλευθέρας
2567 499 2834 555 τέθεινται
2893 501 3104 566 τέκνοις
3162 502 3224 556 τὸ
3284 502 3649 576 δουλοπρεπὲς
3702 509 3797 562 οὐκ

2224 591 2439 661 ἔχοντες
2459 590 2672 661 πνεῦμα
2690 592 3106 664 (διακεκράγασι
3135 594 3264 663 γάρ’
3281 594 3469 659 Ἀϐσᾶ,
3492 598 3524 649 ὁ
3555 595 3792 665 Πατὴρ),

2223 683 2412 753 καιρὸς
2452 678 2520 753 ἦν
2577 683 2716 753 ἤδη,
2764 683 2861 754 τὴν
2894 683 3002 737 τῶν
3060 684 3326 739 Ἰουδαίων
3377 686 3794 758 ἀποπέμπεσθαι

2226 774 2512 828 συναυλίαν
2537 776 2629 828 καὶ
2653 776 3002 845 Συναγωγὴν,
3039 776 3132 829 καὶ
3153 776 3463 849 ἀπόκληρον
3489 777 3675 849 ὥσπερ
3702 781 3796 850 τῆς

2223 865 2556 934 ἐπαγγελίας
2601 866 2691 919 τὸν
2719 866 2777 932 ἐξ
2805 866 2976 936 αὐτῆς
3007 866 3259 933 γενέσθαι
3291 867 3435 920 λαόν.
3466 869 3576 921 Καὶ
3597 869 3699 939 μὴν
3719 870 3794 923 ὅτι

2223 958 2314 1010 καὶ
2339 957 2655 1027 ἐπιστρέψει
2695 957 2835 1010 κατὰ
2869 960 3113 1027 καιροὺς,
3145 958 3238 1010 καὶ
3277 956 3429 1010 ἔσται
3463 961 3646 1030 δεκτὴ,
3676 964 3796 1016 τεύ-

2223 1047 2370 1113 ξεται
2391 1046 2446 1100 δέ
2469 1047 2563 1101 καὶ
2586 1049 2683 1116 τῆς
2704 1047 2907 1102 ἄνωθεν
2931 1048 3024 1102 καὶ
3042 1049 3192 1118 παρὰ
3215 1049 3426 1120 Πατρὸς
3446 1050 3795 1122 ἡμερότητος,

2221 1140 2310 1192 τὸν
2340 1139 2446 1191 τῶν
2474 1140 2610 1193 ὅλων
2643 1139 2872 1210 Σωτῆρα
2899 1141 2991 1192 καὶ
3011 1139 3306 1210 Λυτρωτὴν
3331 1141 3793 1208 ἐπιγινώσκουσα,

2202 1224 2475 1301 ’σημαίνει
2501 1230 2564 1301 δὴ
2590 1231 2748 1284 πάλιν
2772 1234 2832 1283 τὸ
2855 1231 3095 1302 Γράμμα
3110 1231 3171 1284 τὸ
3199 1232 3362 1302 ἱερόν.
3399 1234 3660 1298 Ἐπαιξον
3701 1234 3796 1306 μὲν

2220 1321 2328 1392 γὰρ
2380 1321 2628 1392 ἀλλήλοιν
2681 1321 3094 1392 ἐπιθρώσκοντα
3138 1322 3206 1376 τὰ
3249 1324 3549 1394 μειράκια,
3612 1326 3798 1379 Ἰσαὰκ

2219 1409 2478 1481 δηλονότι,
2516 1412 2611 1465 καὶ
2666 1413 2846 1483 μέντοι
2876 1412 2971 1466 καὶ
3014 1413 3260 1483 Ὶσμαήλ.
3301 1413 3492 1477 Δίωξις
3517 1415 3607 1478 δέ,
3648 1411 3798 1486 οἶμαί

2221 1520 2345 1567 που,
2375 1503 2476 1572 τῆς
2499 1504 2717 1566 παιδιάς
2737 1499 2804 1573 ἦν
2829 1505 2856 1556 6
2883 1503 3102 1574 τρόποςο
3135 1504 3230 1557 καὶ
3256 1505 3440 1557 εἵπετο
3469 1505 3567 1575 μὲν
3588 1504 3798 1558 διώκων

2218 1596 2247 1647 6
2292 1594 2532 1665 Ἰσμαὴλ,
2567 1598 2924 1668 κατεφωρᾶτο
2964 1595 3022 1648 δέ
3063 1595 3280 1664 φεύγων
3326 1597 3354 1648 6
3404 1596 3608 1649 Ἰσαάκ.
3661 1594 3796 1648 Ἀλλ’

2219 1683 2519 1751 ἠγανάκτει
2552 1684 2688 1754 πρὸς
2710 1685 2867 1739 τοῦτο
2896 1685 2992 1755 τῆς
3023 1684 3316 1756 ἐλευθέρας
3345 1686 3372 1737 ὁ
3401 1685 3542 1749 νοῦς,
3569 1685 3714 1756 φημὶ
3737 1685 3798 1753 δὴ

2217 1773 2320 1842 τῆς
2357 1774 2594 1844 Σάρρας.
2632 1775 2739 1829 Kal
2770 1774 2834 1844 δὴ
2872 1776 2966 1828 καὶ
2995 1774 3201 1844 ἔφασκε
3228 1776 3363 1846 πρὸς
3395 1776 3487 1830 τὸν
3515 1776 3800 1830 θεσπέσιον

2231 1864 2499 1936 Ἀϐραάμυ
2541 1884 2559 1916 ‹
2599 1865 2833 1919 Ἔκϐαλε
2862 1867 2961 1936 τὴν
2992 1866 3282 1936 παιδίσκην
3314 1867 3520 1937 ταύτην
3577 1869 3673 1921 καὶ
3711 1867 3800 1920 τὸν

2217 1956 2332 2009 υίδν
2364 1957 2533 2027 αὐτῆς
2554 1976 2568 1990 ’
2596 1957 2655 2010 οὐ
2693 1957 2802 2027 γὰρ
2833 1957 2907 2027 μὴ
2934 1957 3334 2028 κληρονομήσει
3359 1959 3388 2010 6
3409 1959 3526 2022 υίὸς
3549 1958 3650 2028 τῆς
3676 1977 3801 2011 παιο

2215 2048 2406 2120 δίσκης
2433 2049 2637 2118 ταύτης
2675 2047 2811 2118 μετὰ
2845 2047 2937 2101 τοῦ
2975 2047 3090 2100 υἱοῦ
3126 2065 3224 2118 μου
3265 2049 3468 2104 Ἰσαάκ.
3503 2067 3522 2101 ι
3558 2051 3672 2102 Καὶ
3705 2051 3802 2104 οὐκ

2217 2140 2491 2210 ἁτάραχος
2519 2139 2616 2210 μὲν
2648 2141 2676 2191 6
2705 2139 2860 2207 λόγος
2893 2135 2960 2209 ἦν
2991 2140 3048 2191 ἐν
3079 2139 3211 2193 ὠσὶν
3253 2140 3524 2212 Ἀϐραάμ.
3559 2143 3798 2195 Ἤκουσε

2216 2229 2274 2282 δέ
2295 2230 2449 2299 παρὰ
2478 2229 2612 2282 Θεοῦ
2637 2271 2651 2293 ,
2687 2228 2748 2282 τὸ
2787 2231 2981 2300 χρῆναι
3007 2233 3120 2295 τοῖς
3155 2231 3256 2300 τῆς
3287 2232 3504 2304 Σάρρας
3537 2233 3801 2287 καταστεί-

2218 2319 2404 2373 θεσθαι
2434 2319 2633 2388 λόγοις.
2659 2320 2769 2374 Καὶ
2789 2321 2851 2392 δὴ
2881 2322 2973 2374 καὶ
2997 2321 3178 2394 ἄρτοις
3201 2323 3295 2376 καὶ
3319 2323 3474 2376 ὕδασι
3496 2323 3593 2396 τὴν
3621 2325 3801 2398 Ἀγαρ

2219 2411 2537 2479 ἐφοδιάσας,
2573 2410 2709 2481 ὁμοῦ
2755 2410 2831 2482 τῷ
2883 2412 3034 2472 παιδὶ
3089 2413 3188 2482 τῆς
3239 2412 3566 2485 δεσποτικῆς
3615 2416 3801 2478 ἑστίας

2217 2501 2468 2554 ἀπελθεῖν
2513 2501 2783 2561 ἐκέλευεν.
2847 2503 2909 2555 Ἦ
2960 2502 3014 2555 δέ
3058 2502 3230 2572 ᾤχετο
3277 2504 3377 2575 μὲν
3423 2506 3664 2561 ἁλύουσα
3708 2506 3802 2561 καὶ

2215 2593 2623 2663 δεδακρυμένηο
2657 2591 2794 2663 πλὴν
2827 2592 3095 2646 ἐπλανᾶτο
3128 2594 3270 2648 κατὰ
3301 2597 3397 2667 τὴν
3416 2597 3636 2668 ἔρημον.
3669 2599 3802 2652 Κιν-

2215 2683 2524 2747 δυνεύοντος
2583 2683 2642 2737 δὲ
2707 2681 2804 2736 τοῦ
2888 2683 3102 2736 παιδίου
3181 2685 3275 2739 καὶ
3327 2687 3797 2758 κατοιμώζοντος,

2224 2795 2242 2826 ι
2280 2764 2539 2846 Διήνοιξε,
2563 2775 2750 2844 φησὶν,
2777 2776 2804 2827 6
2825 2773 2959 2836 Θεὸς
2981 2775 3106 2838 τοὺς
3129 2774 3439 2846 ὀφθαλμοὺς
3461 2776 3562 2845 τῆς
3594 2777 3797 2848 Ἅγαρ.

2218 2867 2311 2919 καὶ
2338 2861 2443 2920 εἶδε
2476 2865 2658 2937 πηγὴν
2698 2865 2886 2928 ὕδατος
2921 2865 3140 2929 ζῶντος,
3174 2866 3267 2918 καί
3305 2866 3552 2919 ἐπότισεν
3580 2867 3740 2922 αὑτό.
3777 2885 3796 2912 ι

2223 2957 2410 3028 ’Λθρει
2433 2956 2496 3028 δὴ
2526 2953 2618 3011 οὖν
2650 2957 2797 3020 ὅπως
2824 2957 2961 3027 πρὸς
2994 2956 3092 3027 τὴν
3133 2955 3226 3009 τοῦ
3265 2956 3564 3028 μυστηρίου
3595 2957 3803 3025 γνῶσιν

537 3057 602 3095 ac
623 3041 1002 3096 Christianum
1035 3041 1320 3111 populum,
1351 3039 1703 3095 insccuturus
1739 3048 1905 3104 esset,
1938 3039 2116 3094 decla-

2219 3047 2315 3099 οὖκ
2362 3045 2648 3110 ὰσυντελές
2691 3045 2811 3099 οὐδέ
2854 3044 2985 3099 αὑτό
3029 3061 3133 3098 που
3167 3045 3304 3116 τάχα
3342 3045 3450 3097 τῶν
3489 3045 3709 3118 νηπίων
3743 3045 3803 3100 τὸ

540 3134 682 3188 ravit
702 3133 891 3187 dicens
916 3133 1112 3188 beatus
1137 3133 1339 3187 Paulus
1367 3131 1434 3186 de
1463 3131 1690 3186 lsmaele
1711 3141 1767 3188 et
1803 3132 1972 3195 Isaac,
2011 3131 2116 3186 hoc

539 3228 698 3291 pact-0
727 3240 739 3273 :
776 3241 792 3271 ι
820 3221 928 3275 Sed
979 3221 1252 3289 quomodo
1281 3231 1418 3274 tunc
1442 3221 1487 3275 is
1519 3221 1612 3290 qui
1645 3221 1948 3274 secundum
1998 3222 2147 3273 car-'

505 3325 665 3376 ,nem
690 3316 851 3363 natus
875 3308 1074 3373 fuerat,
1096 3308 1527 3379 persequebatur
1547 3323 1673 3361 eum
1695 3307 1787 3376 qui
1813 3306 2114 3360 secundum

539 3399 839 3469 spiritum:
881 3401 956 3453 ita
997 3409 1054 3453 et
1090 3414 1240 3453 nunc
1270 3399 1338 3450 ⁷ο.
1372 3417 1390 3450 ι
1437 3399 1731 3466 Postquam
1776 3411 1908 3449 vero
1953 3410 2118 3464 repu—

539 3491 725 3560 gnavit
757 3491 950 3546 lsmael
1001 3492 1069 3547 iis
1103 3491 1196 3560 qui
1228 3505 1295 3544 ex
1329 3489 1503 3543 libera
1534 3489 1648 3541 nati
1685 3487 1863 3552 erant,
1892 3486 2116 3557 ejicitur

539 3578 800 3650 deinceps
829 3580 1142 3635 Judaaormn
1183 3579 1484 3651 Synagoga,
1529 3585 1696 3631 tenue
1728 3585 1890 3645 atque
1928 3576 2112 3646 exigui

540 3674 687 3728 succi
716 3672 977 3726 viaticum
1026 3671 1257 3735 habens,
1306 3683 1502 3740 panem
1540 3667 1799 3722 nimirum
1834 3676 1890 3722 et
1918 3683 2114 3737 aquam

540 3766 668 3836 (hoc
698 3772 784 3818 est
826 3777 1137 3818 sermonem
1187 3761 1256 3815 de
1303 3761 1616 3831 cognitione
1658 3774 1722 3812 ac
1766 3757 1972 3828 pietate
2012 3775 2116 3830 pro

540 3858 786 3928 ipsorum
810 3852 1077 3924 modulo),
1104 3869 1202 3924 per
1221 3868 1342 3922 quae
1366 3867 1463 3921 par
1479 3859 1600 3905 erat
1622 3849 1769 3919 ipsos
1789 3863 1900 3902 non
1921 3848 1978 3902 in
1997 3849 2118 3903 uni-

537 3965 759 4007 versum
786 3949 1083 4020 perituros.
1117 3946 1262 4000 Deus
1296 3945 1443 4000 enim
1477 3942 1678 3997 alicubi
1710 3942 1917 4010 inquit,
1943 3941 2114 3996 veluti

540 4042 789 4112 reliquiis
821 4039 1147 4112 quibusdam
1191 4047 1356 4107 atque
1394 4036 1592 4106 exiguo
1631 4033 1868 4103 quodam
1907 4033 2116 4088 semine

539 4134 727 4202 legalis
748 4133 968 4201 pietatis
1005 4132 1060 4184 in
1099 4130 1300 4183 lsraele
1328 4129 1575 4182 relictis:
1615 4145 1631 4177 ι
1657 4127 1727 4180 Ει
1758 4141 1857 4180 ero
1890 4125 2023 4194 ipsis
2058 4125 2115 4178 in

540 4221 1024 4277 sanctificationem
1051 4219 1159 4286 82
1187 4233 1410 4287 parvam
1435 4217 1490 4269 in
1527 4216 1850 4285 regionibus
1897 4215 1952 4268 in
1980 4229 2117 4284 quas

545 4310 774 4382 ingressi
821 4309 1024 4362 iuerint
1049 4309 1180 4361 illuc
1206 4308 1274 4360 ⁷⁸.
1311 4325 1329 4357 ι
1361 4305 1626 4359 Modicam
1664 4312 1847 4358 autem
1870 4303 2116 4356 sanctiﬁ-

2216 3137 2455 3208 ἄθυρμα.
2523 3136 2745 3190 Ἐδίωκε
2797 3136 2893 3206 μὲν
2943 3135 3051 3206 γὰρ
3101 3137 3130 3188 6
3168 3136 3395 3207 Ἰσμαὴλ
3441 3135 3532 3189 τὸν
3590 3137 3797 3192 Ἰσαάκ.

2229 3226 2368 3277 Ἀλλ’
2398 3227 2479 3278 ὅτι
2507 3225 2690 3289 διώξει.
2721 3226 2860 3280 κατὰ
2882 3227 3108 3295 καιροὺς
3138 3227 3165 3277 6
3199 3227 3264 3278 ἐκ
3295 3231 3394 3296 τῆς
3441 3226 3798 3299 θεραπαίνης,

2215 3316 2490 3369 τουτέστιν
2515 3354 2530 3378 ,
2562 3316 2590 3368 6
2633 3315 2874 3386 ’1σμαὴλ,
2911 3315 3002 3368 τὸν
3036 3318 3100 3367 ἐκ
3126 3315 3226 3385 τῆς
3271 3315 3582 3387 ἐλευθέρας,
3630 3320 3801 3389 ἧγουν

2215 3405 2306 3458 τὸν
2335 3407 2393 3458 ἐν
2421 3404 2600 3456 πίστει
2631 3405 2724 3456 καὶ
2754 3406 2812 3457 ἐν
2853 3402 3076 3474 Χριστῷ
3101 3402 3249 3468 λαὸν,
3281 3403 3525 3474 διεσάφει
3565 3398 3743 3474 λέγων
3775 3409 3802 3460 6

2221 3497 2490 3566 μακάριος
2511 3494 2742 3560 Παῦλος,
2775 3494 2868 3546 ἐπί
2897 3511 2954 3547 τε
2988 3493 3084 3548 τοῦ
3113 3495 3339 3567 Ίσμαὴλ
3361 3498 3455 3550 καὶ
3482 3497 3575 3550 τοῦ
3611 3499 3803 3554 Ἰσαὰκ

2216 3587 2356 3640 οὕτω
2389 3586 2562 3654 λέγων
2581 3601 2593 3614 ·
2632 3604 2651 3637 ι
2707 3586 2847 3638 Ἀλλ’
2878 3585 3067 3656 ὥσπερ
3092 3587 3214 3639 τότε
3245 3589 3273 3641 6
3302 3568 3446 3641 κατὰ
3476 3590 3657 3661 σάρκα
3690 3607 3804 3660 γεν-

2217 3673 2398 3744 νηθεὶς
2449 3673 2638 3726 ἐδίωκε
2685 3674 2778 3727 τὸν
2832 3673 2974 3727 κατὰ
3021 3674 3276 3745 πνεῦμα,
3308 3674 3448 3730 οὕτω
3478 3678 3571 3731 καὶ
3614 3678 3734 3735 νῦν.
3778 3698 3798 3731 ι

2230 3766 2446 3836 Ἐπειδὴ
2471 3765 2526 3819 δέ
2563 3765 2914 3837 πεπολέμηκε
2942 3769 3056 3829 τοῖς
3087 3765 3145 3830 ἐξ
3170 3767 3463 3840 ἐλευθέρας
3484 3771 3513 3822 6
3550 3771 3798 3842 Ἰσμαὴλ,

2218 3858 2560 3927 ἐκπέμπεται
2588 3857 2774 3911 λοιπὸν
2805 3859 2837 3928 ή
2863 3858 2971 3911 τῶν
3013 3857 3282 3913 Ἰουδαίων
3313 3861 3632 3932 Συναγωγή,
3675 3879 3802 3916 στυ-

2217 3949 2342 4018 γνὸν
2374 3949 2465 4002 καὶ
2484 3948 2747 4019 ἀλιπαρὲς
2769 3949 2978 4018 ἐφόδιον
3002 3949 3218 4019 ἔχουσα,
3247 3950 3411 4023 ἄρτον
3431 3970 3491 4005 τε
3513 3955 3607 4007 καὶ
3630 3953 3799 4029 ὕδωρ.

2218 4031 2542 4104 Τουτέστιν,
2578 4036 3018 4108 ἐπιμετρηθέντα
3054 4040 3253 4109 τρόπον
3284 4041 3405 4094 τινὰ
3445 4041 3701 4108 γνώσεώς
3741 4060 3802 4096 τε

2218 4129 2312 4183 καὶ
2344 4128 2626 4191 εὐσεϐείας
2663 4127 2841 4196 λόγον,
2876 4128 2942 4180 δι’
2990 4120 3064 4182 ὧν
3113 4124 3180 4201 ἦν
3223 4130 3368 4194 εἰκὸς
3415 4132 3514 4185 οὐκ
3564 4133 3803 4191 είσὰπαν

2218 4220 2532 4290 οἰχήσεσθαι
2577 4219 2713 4289 πρὸς
2747 4218 2808 4271 τὸ
2840 4218 3158 4298 ἐκτεθνάναι
3201 4220 3331 4276 δεῖν.
3363 4221 3505 4292 Ἔφη
3537 4222 3644 4293 γάρ
3698 4240 3800 4277 που

2219 4312 2371 4376 Θεὸς,
2391 4311 2641 4379 λείψανον
2666 4310 2856 4380 ὥσπερ
2879 4327 2932 4363 τι
2972 4311 3066 4364 καὶ
3090 4310 3311 4383 σπέρμα
3333 4311 3507 4383 βραχὺ
3536 4312 3635 4382 τῆς
3653 4314 3801 4368 κατὰ

540 4401 812 4458 cntionem
854 4398 1114 4453 lsraelitis
1162 4397 1278 4452 fore
1322 4396 1416 4460 ait,
1459 4402 1583 4464 post
1621 4393 2019 4462 dispersionem
2063 4393 2118 4446 in

2219 4400 2382 4470 νόμον
2409 4400 2704 4463 ἐπιεικείας
2729 4401 3134 4465 καταλελοιπὼς
3163 4403 3221 4455 ἐν
3251 4401 3328 4473 τῷ
3363 4403 3595 4475 Ἰσραήλο
3635 4423 3653 4454 ι
3687 4405 3800 4459 Καὶ

542 4496 752 4559 gentes,
781 4486 906 4540 ideo
944 4485 1089 4554 quod
1119 4500 1227 4539 non
1257 4483 1551 4539 admodum
1594 4481 1765 4536 fortes
1803 4497 1866 4536 ac
1905 4481 2116 4536 strenui

2223 4490 2415 4560 ἔσομαι
2446 4491 2630 4553 αὐτοῖς
2666 4492 2745 4554 εἰς
2787 4492 3063 4562 ἁγίασμα,
3081 4494 3274 4566 μικρὸν
3313 4496 3370 4547 ἐν
3406 4497 3526 4558 ταῖς
3565 4493 3796 4566 χώραις,

541 4579 653 4634 sint
685 4576 879 4640 Judaei,
907 4591 974 4630 ne
1004 4576 1070 4630 ad
1108 4576 1279 4645 ipsam
1313 4575 1535 4645 quidem
1562 4589 1593 4628 a
1633 4573 1815 4644 Moyse
1861 4574 2116 4643 prmscri-

2221 4578 2282 4635 οῦ
2321 4582 2415 4636 ἐὰν
2462 4582 2772 4637 εἰσέλθωσιν
2816 4586 2975 4640 ἐκεῖ.»
2991 4586 3201 4655 Μικρὸν
3249 4586 3306 4637 δέ
3351 4602 3516 4653 φησιν
3550 4587 3802 4658 ἁγίασμα

542 4679 689 4740 ptam
721 4668 893 4737 legem
915 4666 1267 4736 implendam,
1291 4666 1548 4736 quodque
1577 4679 1770 4734 parum
1819 4664 2115 4719 admodum

2221 4673 2550 4744 γενήσεσθαι
2597 4677 2710 4737 τοῖς
2751 4675 2809 4739 ἐξ
2858 4677 3108 4746 Ἰσραὴλ,
3169 4675 3306 4744 μετά
3351 4692 3412 4744 γε
3457 4675 3556 4747 τὴν
3594 4679 3652 4730 ἐν
3683 4682 3800 4741 τοῖς

541 4777 606 4817 ac
631 4775 699 4814 ne
729 4759 818 4813 vix
855 4758 1079 4827 quidem
1120 4758 1480 4812 observarent
1524 4755 2001 4810 circumcisionem
2058 4756 2114 4811 in

2222 4764 2401 4817 ἔθνεσι
2430 4764 2748 4838 διασπορὰν,
2767 4765 2854 4820 διά
2885 4783 2965 4819 τοι
2995 4766 3055 4818 τὸ
3094 4764 3168 4835 μὴ
3202 4765 3340 4834 ἄγαν
3368 4766 3476 4820 τῶν
3526 4767 3800 4822 Ἰουδαίων

541 4890 706 4931 carne
759 4881 815 4929 et
858 4870 1192 4926 vacationem
1237 4869 1304 4924 ab
1347 4885 1512 4939 Opere
1553 4868 1606 4922 in
1650 4869 1908 4924 Sabbato.
1955 4869 2118 4924 Panis

2223 4855 2472 4920 εὐσθενὲς
2515 4858 2594 4920 είς
2639 4857 2701 4910 τὸ
2736 4857 3015 4923 δύνασθαι,
3058 4858 3223 4927 φημὶ,
3270 4857 3372 4912 κᾶν
3414 4858 3546 4924 γοῦν
3586 4860 3677 4913 τὸν
3708 4861 3802 4913 διὰ

544 4969 727 5036 itaque
753 4973 808 5019 et
834 4979 972 5034 aqua
991 4963 1081 5015 vix
1102 4961 1263 5015 datur
1287 4961 1340 5014 in
1363 4961 1618 5017 viaticum
1646 4961 1696 5014 ei
1721 4977 1843 5031 qua:
1865 4962 1918 5015 in
1942 4960 2119 5016 servi-

546 5065 719 5112 tutem
747 5064 870 5110 nata
893 5063 1030 5118 erat,
1059 5055 1163 5109 hoc
1179 5053 1587 5108 estJudzeorum
1613 5053 2116 5125 SynagogteAtque

543 5163 686 5219 aegre
703 5145 922 5217 quidem
942 5145 1066 5199 tulit
1087 5143 1360 5198 Abraham
1382 5142 1504 5213 ejici
1526 5143 1687 5213 Agar,
1705 5142 1912 5196 dimisit
1931 5151 2114 5196 tamen

545 5237 896 5310 praecipiente
923 5235 1054 5288 Deo.
1086 5233 1286 5287 Alﬁixit
1312 5233 1456 5286 enim
1495 5249 1684 5288 revera
1723 5241 1937 5287 sanctos
1980 5248 2113 5302 apo-

545 5329 717 5385 stolos
735 5337 790 5381 et
813 5324 1171 5394 evangelistas
1193 5323 1450 5378 excideris
1469 5323 1651 5378 lsrael.
1673 5324 1941 5379 Caeterum
1961 5339 2116 5394 sepa-

548 5420 651 5476 rati
675 5427 806 5474 sunt
838 5417 908 5471 ab
932 5432 1018 5481 eo,
1042 5417 1206 5472 etiam
1245 5427 1442 5487 praeter
1475 5431 1627 5471 suam
1654 5416 2014 5479 voluntatem,
2043 5417 2115 5470 ob

546 5511 882 5567 voluntatem
906 5508 1002 5564 Dei
1045 5519 1099 5566 ct
1126 5523 1374 5579 amorem,
1403 5521 1528 5580 erga
1555 5507 1854 5564 Christum.
1883 5508 2038 5563 Unde
2061 5514 2117 5561 et

2218 4949 2460 5012 Μωσέως
2489 4949 2876 5020 ἀποπεραίνειν
2917 4950 3105 5020 νόμον,
3136 4949 3379 5017 ὀλίγιστα
3418 4950 3474 5003 δέ
3512 4953 3606 5006 καὶ
3642 4951 3801 5021 μόλις

2218 5041 2530 5111 ἐπιτηρεῖν,
2562 5041 2660 5112 τὴν
2688 5043 2745 5094 ἐν
2789 5042 2952 5112 σαρκί
2998 5058 3102 5094 που
3150 5041 3292 5112 τάχα
3326 5042 3655 5113 περιτομὴν,
3696 5045 3799 5096 καὶ

2215 5132 2413 5202 ἀργίαν
2443 5133 2541 5204 τὴν
2587 5136 2646 5186 ἐν
2695 5133 2976 5204 Σαϐϐάτῳ.
3020 5133 3213 5188 ’Υδατι
3259 5133 3438 5187 τοίνυν
3478 5136 3572 5187 καὶ
3609 5133 3797 5202 ἄρτοις

2220 5225 2556 5294 ἐφοδιάζεται
2590 5225 2739 5295 μόλις
2765 5228 2797 5294 ἡ
2823 5226 2898 5288 είς
2925 5225 3171 5279 δουλείαν
3197 5225 3463 5294 γεννῶσα,
3493 5225 3794 5282 τουτέστιν,

2219 5319 2252 5387 ἡ
2289 5317 2399 5371 τῶν
2454 5317 2723 5371 Ἰουδαίων
2771 5317 3086 5387 Συναγωγή.
3132 5317 3240 5370 Καὶ
3283 5316 3646 5386 δεδυσφόρηκε
3692 5315 3796 5384 μὲν

2234 5409 2483 5480 Ἀϐραὰμ
2532 5405 2938 5477 ἀποτρεχούσης
2989 5407 3090 5476 τῆς
3140 5406 3353 5477 Ἀγαρ,
3410 5406 3560 5476 imitat
3603 5405 3648 5458 δ’
3697 5399 3796 5458 οὖν

2221 5503 2367 5572 ὅμως
2397 5499 2532 5554 Θεοῦ
2574 5500 3017 5574 προστάττοντος.
3079 5497 3300 5551 Ἐλύπεῐ
3333 5496 3432 5568 μὲν
3458 5496 3564 5567 γὰρ
3597 5491 3797 5566 ὁμολο-

619 5685 1074 5756 "Gen.xx1,10;
1115 5686 1289 5748 Galat.
1344 5702 1416 5755 iv,
1449 5686 1541 5743 50.
1613 5687 1658 5720 "
1681 5685 1815 5744 Gen.
1855 5703 1966 5756 ut,
2006 5689 2092 5745 l9.
2166 5689 2215 5725 τ’
2245 5686 2417 5744 Galat.
2453 5701 2525 5754 iv,
2557 5685 2646 5743 29.
2725 5683 2989 5743 "Ezech.
3025 5699 3097 5744 xv.
3140 5682 3222 5736 16.
