4056 6260
353 214 451 265 157
1366 207 1884 260 υιΑιιιιιιιυιιυιι
1920 206 1985 258 ιΝ

348 320 628 393 γουμένως
655 320 781 383 τοὺς
812 318 1001 388 ἁγίους
1042 316 1370 393 ἀποστόλρυς
1409 317 1506 370 καὶ⁵
1538 315 1920 386 εὐαγγελιστάς
1949 322 1992 379 Α

348 413 632 468 ἐκπίπτων
682 412 712 463 6
768 408 1007 480 Ἰσραήλ.
1054 404 1197 478 Πλὴν
1239 407 1662 475 ἀπενοσφιζοντο
1696 408 1790 461 καὶ
1820 406 1920 477 οὐχ

350 504 569 566 ἑκόντες
596 501 787 564 αὐτοῦ,
822 503 909 555 διά
933 519 1011 554 τοι
1036 500 1095 554 τὸ
1126 499 1203 570 τῷ
1233 497 1353 569 Θεῷ
1382 498 1573 552 δοκοῦν
1596 498 1693 553 καὶ
1713 499 1810 570 τὴν
1840 501 1921 561 εἰς

351 593 592 666 Χριστὸν
612 594 902 662 ἀγάπησιν.
922 592 1028 646 Καὶ
1048 591 1178 660 γοῦν
1203 592 1230 643 6
1250 590 1534 655 θεσπέσιος
1553 591 1753 663 γράφει
1773 591 1919 645 Παῦ-

352 687 467 749 λος,
504 704 521 736 ι
561 685 683 738 Ὅτι
722 683 858 753 λύπη
904 683 993 753 μοί
1020 685 1135 735 ὲστι
1179 682 1410 752 μεγάλη,
1448 683 1541 735 καὶ
1581 682 1920 744 ἀδιάλειπτος

356 774 516 843 ὀδύνη
540 776 601 843 τῇ
636 772 827 843 καρδίᾳ
860 789 981 842 μου.
1029 772 1295 841 Ηύχόμην
1320 771 1427 842 γάρ
1455 771 1615 834 αὐτὸς
1644 770 1754 841 ἐγὼ
1790 772 1920 827 ἀνά-

360 864 416 916 θε
427 881 498 933 μα
530 860 661 915 εἶναι
686 861 792 914 ἀπὸ
816 859 1076 932 Χριστοῦ,
1097 861 1234 930 ὑπὲρ
1258 861 1366 912 τῶν
1396 859 1637 929 ἀδελφῶν
1662 861 1768 914 τῶν
1792 878 1919 930 συγ-

359 953 527 1022 γενῶν
555 969 653 1022 μου
682 950 792 1005 τῶν
842 951 983 1005 κατά
1010 951 1209 1022 σάρκα,
1250 951 1441 1013 οἵτινές
1476 953 1614 1004 εἰσιν
1652 952 1917 1023 Ἰσραηλῖ-

356 1060 457 1097 ται.
483 1044 503 1094 ὁ
542 1043 922 1112 ’Δπόπεμπτος
943 1041 999 1094 δὲ
1013 1041 1281 1111 γενομένη
1311 1043 1345 1112 ή
1373 1041 1483 1094 τῶν
1516 1041 1784 1096 Ἰουδαίων
1815 1044 1919 1114 μή-

354 1151 473 1203 τηρ,
524 1136 767 1203 μακροὺς
800 1132 1069 1185 ἐπλανᾶτο
1107 1132 1363 1203 χρόνους·
1396 1133 1489 1185 καὶ
1538 1133 1917 1187 κεκινδύνευκε

356 1225 451 1293 μὲν
468 1224 760 1277 ἀπολέσθαι
800 1223 984 1276 λοιπὸν
1024 1224 1103 1286 εἰς
1132 1223 1191 1275 τὺ
1216 1222 1499 1287 παντελές.
1529 1224 1643 1276 ἀλλ’
1667 1225 1716 1276 ει
1749 1240 1918 1296 κραυ-

350 1313 568 1380 γάσειαν
600 1312 939 1375 ἀναϐοῶντες
971 1312 1113 1364 κατὰ
1148 1314 1369 1383 καιροὺς
1401 1311 1532 1381 πρὸς
1558 1312 1711 1378 Θεὸν,
1742 1314 1916 1383 πάντη

349 1422 407 1458 τε
452 1406 546 1459 καὶ
585 1405 802 1468 πάντως
841 1403 1245 1474 ἐλεηθήσονται.
1295 1404 1555 1468 Διανοίξει
1596 1405 1703 1475 γὰρ
1738 1403 1918 1458 αὐτῶν

346 1496 443 1566 τῆς
472 1496 706 1558 διανοίας
736 1497 865 1556 τοὺς
894 1494 1224 1563 ὀφθαλμοὺς,
1256 1496 1351 1547 καὶ
1387 1494 1604 1563 ὄψονται
1639 1495 1734 1548 καὶ
1766 1495 1919 1549 αὐτοὶ

346 1586 446 1658 τὴν
488 1588 674 1657 πηγὴν
703 1586 801 1639 τοῦ
842 1585 1042 1650 ζῶντος
1081 1584 1298 1652 ὓδατος,
1333 1586 1604 1648 τουτέστι,
1639 1586 1873 1657 Χριστόν
1900 1602 1914 1615 ο

350 1679 446 1730 καὶ
466 1677 532 1748 δὴ
554 1679 648 1731 καὶ¹
669 1677 899 1740 πιόντες,
927 1679 985 1729 ὲν
1003 1676 1148 1745 αὐτῷ
1171 1675 1445 1747 ζήσονται.
1493 1677 1830 1747 Δουσάμενοί
1855 1693 1915 1730 τε
1947 1704 1990 1764 Β

354 1769 452 1821 καὶ
496 1769 722 1838 καθαροὶ
758 1769 1103 1837 γενήσονται,
1156 1767 1298 1821 κατά
1340 1768 1441 1839 τὴν
1484 1767 1578 1821 τοῦ
1636 1768 1914 1839 προφήτου

356 1859 557 1928 φωνήν.
590 1859 704 1910 Ὅτι
730 1856 786 1909 δέ
814 1858 931 1909 ἐστι
958 1856 1113 1926 πηγὴ
1150 1855 1293 1926 ζωῆς
1322 1858 1350 1907 6
1381 1855 1632 1927 Χριστὸς,
1667 1856 1917 1923 σαφηνιετ

349 1947 519 2015 λέγων
548 1949 577 2001 6
598 1947 899 2018 Ψαλμῳδὸς
934 1950 1072 2017 πρὸς
1104 1946 1195 1997 τὸν
1230 1947 1285 1998 ὲν
1306 1946 1552 2015 οὐρανοῖς
1581 1943 1797 2013 Πατέρα
1825 1943 1917 1997 καὶ

347 2038 510 2092 Θεόνο
568 2058 588 2091 t
638 2040 729 2101 Ὧς
767 2037 1076 2108 ὲπλήθυνας
1114 2036 1176 2089 τὸ
1208 2035 1354 2098 ἔλεός
1384 2051 1478 2087 σου
1508 2036 1536 2088 6
1575 2034 1735 2097 Θεόςί
1770 2035 1817 2086 οι
1860 2033 1916 2086 δὲ

347 2129 456 2181 υἱοὶ
501 2130 611 2181 τῶν
659 2127 982 2198 ἀνθρώπων,
1030 2128 1088 2179 ὲν
1134 2126 1310 2197 σκέπῃ
1341 2125 1449 2178 τῶν
1493 2123 1772 2195 πτερύγων
1821 2140 1915 2177 σου

348 2217 627 2271 ὲλπιοῦσι·
658 2216 1078 2286 μεθυσθήσονται
1106 2214 1214 2268 ἀπὸ
1236 2214 1485 2284 πιότητος
1512 2212 1658 2266 οἴκου
1684 2228 1796 2279 σου,
1821 2212 1916 2266 καὶ

340 2310 436 2363 τὸν
465 2310 803 2381 χειμάρρουν
831 2309 928 2375 τῆς
961 2306 1173 2377 τρυφῆς
1203 2323 1295 2359 σου
1340 2308 1542 2369 ποτιεῖς
1578 2305 1803 2372 αὐτοὺς,
1830 2307 1914 2360 ὅτι

2027 204 2326 260 GEhESIM
2363 205 2491 262 LIB.
2532 207 2620 263 ΠΙ.
3484 208 3583 266 158

2021 316 2240 373 divinus
2266 318 2466 374 Paulus
2494 320 2568 375 ita
2594 322 2783 377 scribit
2808 340 2819 374 :
2856 342 2874 374 ι
2904 323 3169 389 Quoniam
3206 326 3424 381 tristitia
3450 329 3583 382 mihi

2019 420 2214 476 magna
2244 416 2347 472 est,
2374 417 2430 463 et
2457 409 2749 464 continuus
2781 409 2936 465 dolor
2967 410 3117 466 cordi
3150 428 3289 468 meo.
3319 414 3583 484 Optabam

2018 494 2165 548 enim
2203 510 2302 565 ego
2335 496 2449 566 ipse
2482 497 2770 553 anathema
2804 514 2924 555 esse
2954 516 2983 554 a
3013 500 3230 557 Christo
3267 518 3365 573 pro
3394 503 3584 559 fratri-

2019 585 2124 641 bus
2150 586 2307 647 meis,
2333 587 2427 655 qui
2460 597 2587 643 sunt
2624 592 2838 659 cognati
2872 591 2977 645 mei
3011 593 3307 648 secundum
3340 610 3583 661 carnem,

2018 677 2111 746 qui
2139 685 2265 731 sunt
2286 677 2544 734 Israelita:
2563 682 2630 733 ⁸⁸.
2666 700 2684 732 ι
2711 682 2895 750 Ejecta
2919 682 3102 752 itaque
3133 685 3443 742 Judzeorum
3467 705 3583 743 ma-

2019 774 2104 820 ter
2148 766 2322 820 multo
2377 774 2622 837 tempore
2658 769 2882 835 erravit,
2923 781 2977 826 et
3017 773 3319 841 periclitata
3363 777 3583 845 quidem

2017 862 2121 917 est,
2154 869 2223 909 ne
2254 854 2309 907 in
2339 855 2656 910 universum
2692 857 2917 927 periret.
2949 859 3218 916 Cancrum
3258 864 3302 917 si
3337 866 3593 934 plorave-

2018 945 2131 999 rint
2149 946 2445 1001 clamantes
2463 961 2719 1003 successu
2744 953 3005 1021 temporis
3042 953 3109 1007 ad
3145 955 3337 1021 Deum,
3372 959 3587 1013 miseri-

2017 1037 2257 1092 cordiam
2282 1038 2506 1093 omnino
2535 1051 2959 1110 consequentur.
2977 1043 3199 1113 Aperiet
3221 1047 3367 1101 enim
3392 1063 3584 1103 eorum

2018 1129 2219 1183 mentis
2247 1130 2849 1202 oculos,videbuntque
2874 1138 3038 1189 etiam
3072 1136 3176 1206 ipsi
3201 1137 3405 1192 fontem
3429 1156 3586 1210 aqua;

2016 1219 2274 1283 viventis,
2292 1220 2398 1275 hoc
2421 1232 2506 1275 est
2521 1222 2820 1289 Christum,
2857 1232 2912 1279 et
2933 1225 3185 1282 bibentes
3204 1227 3259 1284 in
3274 1244 3339 1284 eo
3358 1231 3582 1296 vivent,

2018 1309 2299 1379 ablutique
2322 1312 2512 1366 mundi
2538 1312 2867 1379 eﬁicientur,
2883 1316 3036 1387 juxta
3064 1319 3342 1387 propheta:
3369 1336 3593 1376 vocem-

2019 1398 2173 1465 Quod
2190 1416 2322 1455 vero
2352 1402 2425 1455 sit
2448 1402 2570 1456 fons
2595 1405 2720 1459 vita:
2745 1405 2996 1461 Christus
3017 1406 3255 1462 declarat
3274 1410 3583 1475 Psalmista,

2020 1490 2209 1545 dicens
2234 1491 2301 1545 ad
2327 1491 2540 1545 Patrem
2567 1494 2842 1548 cwlestem
2869 1511 2932 1548 ac
2961 1497 3159 1549 Deum:
3186 1516 3204 1548 ι
3221 1497 3584 1563 Quemadmo-

2018 1579 2150 1633 dum
2184 1580 2558 1650 multiplicasti
2592 1584 3021 1640 misericordiam
3045 1595 3215 1651 tuam,
3254 1589 3399 1643 Deus
3436 1608 3448 1643 :
3489 1591 3583 1644 ﬁlii

2017 1675 2201 1723 autem
2227 1669 2512 1723 hominum
2545 1672 2601 1724 in
2630 1672 2868 1741 tegmine
2901 1674 3111 1728 alarum
3141 1683 3360 1730 tuarum
3396 1694 3584 1748 spera-

2019 1759 2176 1814 bunt.
2202 1760 2627 1817 lnebriabuntur
2651 1764 2720 1817 ab
2754 1765 3005 1820 ubertate
3028 1767 3223 1823 domus
3249 1776 3357 1823 tua:
3380 1778 3435 1824 et
3472 1779 3584 1825 tor-

2020 1858 2179 1906 rente
2228 1851 2527 1920 voluptatis
2553 1861 2659 1908 tuae
2689 1855 2903 1923 potabis
2934 1872 3050 1922 eos,
3083 1858 3211 1927 quia
3237 1860 3380 1929 apud
3417 1869 3469 1916 te
3500 1873 3585 1917 est

2016 1940 2139 1995 fons
2166 1941 2291 1996 vita
2324 1942 2390 1995 “.
2419 1960 2439 1993 ι
2475 1942 2670 1999 Nullus
2693 1954 2875 2000 autem
2900 1957 3099 2017 praeter
3132 1950 3279 2004 hunc
3310 1961 3393 2005 est
3418 1968 3582 2022 quam

2017 2030 2292 2097 Christus,
2317 2049 2415 2103 per
2446 2049 2611 2103 quem
2637 2044 2693 2090 et
2716 2051 2840 2091 cum
2868 2054 2977 2107 quo
2998 2040 3110 2093 Deo
3138 2056 3199 2094 ac
3228 2042 3375 2095 Patri
3414 2045 3583 2113 gloria

2016 2130 2074 2176 et
2098 2125 2345 2192 potentia
2372 2139 2498 2178 cum
2523 2134 2731 2191 sancto,
2760 2136 2816 2182 et
2841 2129 3290 2185 consubstantiali
3319 2133 3511 2201 ipsius.
3528 2146 3583 2189 et

2018 2214 2326 2270 viviﬁcante
2367 2215 2576 2285 Spiritu
2610 2217 2666 2272 in
2698 2219 2882 2274 omnia
2920 2235 2983 2275 ac
3015 2223 3347 2291 sempiterna
3391 2226 3582 2280 saecula

2018 2308 2363 2362 saeculorum.
2398 2307 2590 2363 Amen.

340 2401 496 2471 παρὰ
523 2402 604 2453 σοὶ
630 2398 781 2470 πηγὴ
811 2396 973 2469 ζωῆς.
1010 2418 1028 2451 ι
1069 2400 1181 2469 Οὐχ
1205 2399 1391 2469 ἔτερος
1414 2397 1471 2451 δὲ
1502 2398 1652 2469 παρά
1681 2397 1908 2468 ταύτην,
1944 2397 1978 2468 ἢ
2007 2398 2036 2450 6
2066 2399 2314 2469 Χριστός.
2357 2401 2433 2454 Δι’
2499 2396 2560 2457 οὗ
2626 2406 2720 2458 καὶ
2755 2405 2872 2476 μεθ’
2905 2400 2967 2461 οὗ
2997 2407 3075 2478 τῷ
3121 2407 3242 2478 Θεῷ
3273 2408 3366 2461 καὶ
3407 2410 3584 2481 Πατρὶ

338 2493 380 2563 ὴ
416 2491 542 2558 δόξα
586 2491 679 2544 καὶ
740 2490 803 2542 τὸ
860 2489 1093 2557 κράτος,
1136 2492 1233 2545 σὺν
1270 2490 1346 2561 τῷ
1392 2490 1531 2561 ἁγίῳ
1575 2491 1670 2544 καὶ
1708 2492 1979 2563 ὁμοουσεῳ

336 2587 438 2643 καὶ
465 2587 852 2658 ἀτελευτήτους
887 2584 1088 2651 αἰῶνας
1126 2584 1235 2638 τῶν
1268 2583 1493 2638 αἰώνων.
1541 2585 1729 2655 Ἀμήν.

551 2721 695 2789 Περὶ
739 2717 846 2773 τοῦ
899 2718 1143 2787 Ἀϐραὰμ
1184 2716 1280 2771 καὶ
1328 2715 1431 2770 τοῦ
1478 2715 1701 2771 Ἰσαάκ.

417 2864 487 2912 α’.
521 2876 540 2908 ι
575 2855 686 2911 Καὶ
718 2855 934 2924 ἐγένετο
971 2852 1108 2923 μετά
1137 2852 1205 2906 τά
1236 2853 1455 2923 ῥήματα
1481 2851 1685 2914 ταῦτα,
1721 2850 1751 2903 6
1782 2849 1915 2914 Θιδς

332 2945 605 3018 ὲπεὶραζε
665 2946 755 2998 τὸν
818 2942 1100 3014 Ἀϐραὰμ,
1164 2942 1258 2995 καὶ
1321 2935 1441 2993 εἷπε
1508 2940 1645 3011 πρὸς
1705 2939 1910 2993 αὐτόν·

349 3037 633 3108 ’Δϐραάμ,
661 3035 927 3105 ’Δϐραάμ.
954 3033 1013 3085 '0
1028 3033 1085 3086 δὲ
1098 3027 1277 3085 εἶπεν
1316 3030 1445 3084 Ἰδοὺ
1468 3028 1578 3098 ἐγώ
1596 3069 1610 3083 .
1636 3028 1748 3081 Καὶ
1771 3024 1912 3081 εἷπε·

330 3126 497 3183 Λάϐε
528 3125 619 3178 τδν
646 3125 760 3178 υἱόν
796 3141 887 3177 σου
925 3124 1016 3177 τὸν
1039 3119 1350 3192 ἀγαπητὸν,
1382 3121 1442 3175 δν
1470 3119 1794 3190 ἠγάπησας,
1823 3118 1914 3172 τὸν

346 3216 563 3283 Ἰσαὰκ,
594 3217 688 3270 καὶ
723 3215 1013 3287 πορεύθητι
1043 3216 1121 3278 εις
1153 3216 1252 3286 τὴν
1279 3215 1385 3285 γῆν
1410 3215 1508 3283 τὴν
1548 3211 1757 3284 ὑψηλὴν
1776 3252 1791 3275 ,
1822 3212 1914 3264 καὶ

328 3309 601 3378 ἀνένεγκε
646 3307 810 3362 αὐτὸν
858 3309 939 3370 εἰς
978 3307 1352 3379 ὀλοκάρπωσιν
1389 3306 1474 3375 ἐφ’
1502 3305 1560 3358 ἓν
1599 3304 1708 3358 τῶν
1744 3304 1912 3376 ὀρέων

325 3396 415 3455 ὧν
444 3401 509 3455 ἀν
535 3418 617 3454 σοι
650 3400 809 3454 εἴπω.
842 3419 862 3452 ι
886 3399 1120 3452 Τοιαῦτα
1144 3400 1243 3469 μὲν
1265 3398 1329 3470 δὴ
1357 3398 1426 3453 τὰ
1449 3397 1632 3451 θεόθεν
1664 3397 1911 3467 διηγγελ-

332 3492 504 3563 μένα.
531 3492 691 3562 Ἀμελ
701 3490 871 3563 [λ[ητ“ι
887 3486 978 3544 οὖν
1001 3494 1030 3543 ὁ
1045 3490 1246 3553 δίκαιος
1262 3488 1524 3555 ἐπισάξας
1558 3489 1654 3559 τὴν
1673 3488 1792 3541 ὄνον
1818 3489 1911 3542 αὑ-

324 3582 459 3646 τοῦ,
474 3582 618 3637 καθά
640 3582 969 3653 γέγραπται,
986 3581 1128 3634 δυοῖν
1144 3580 1199 3634 δὲ
1224 3579 1404 3650 μόνοιν
1430 3579 1667 3633 οἱκέταιν
1682 3577 1909 3632 ἕπεσθαι

322 3673 580 3738 διειπὼν,
627 3675 725 3727 καὶ
756 3672 847 3725 τὸν
892 3671 1171 3740 ἀγαπητὸν
1217 3670 1471 3741 ἁρπάσας
1504 3670 1636 3735 υἱὸν,
1686 3670 1778 3722 ἐπὶ
1812 3669 1908 3739 τὴν

325 3765 531 3820 θυσίαν
555 3763 747 3834 ᾤχετο.
787 3760 1005 3832 Ἐπειδὴ
1024 3761 1080 3813 δὲ
1104 3762 1182 3822 εις
1204 3760 1295 3812 τὸν
1320 3760 1462 3831 ἱερὸν
1485 3760 1687 3812 ἐκεῖνον
1714 3761 1910 3827 ἀφῖκτο

322 3857 517 3927 χῶρον
549 3855 708 3926 τρίτῃ
754 3852 905 3923 μόλις
948 3851 1132 3921 ήμέρᾳ
1154 3890 1169 3914 ,
1207 3870 1227 3903 ι
1263 3850 1537 3905 Καθίσατε
1570 3849 1733 3904 αὑτοῦ
1772 3849 1910 3920 μετά

321 3947 439 4018 τῆς
468 3947 612 4011 δνου,
643 3964 661 3997 ι
681 3946 793 4007 τοῖς
827 3943 1067 4005 οἰκέταις
1096 3941 1258 4011 φησιν
1276 3957 1321 3993 ἰ
1344 3940 1452 4009 ἐγὼ
1482 3941 1537 3994 δὲ
1558 3941 1650 3993 καὶ
1686 3940 1748 3993 τὸ
1785 3958 1910 3992 παι-

315 4039 520 4110 δάριον
567 4032 952 4104 διελευσόμεθα
988 4033 1093 4095 ἕως
1141 4025 1272 4097 ὧδε,
1310 4033 1403 4084 καὶ
1436 4030 1910 4101 προσκυνήσαντες

316 4129 745 4199 ἀναστρέφομεν
770 4125 906 4197 πρὸς
935 4126 1097 4195 ὑμᾶς.
1131 4142 1151 4176 ι
1195 4122 1579 4194 Ἐπιφορτίσας
1600 4120 1657 4172 δὲ
1685 4120 1773 4173 τὸν
1797 4121 1909 4172 υἱὸν

312 4223 450 4284 τοῖς
477 4222 556 4284 εἰς
579 4218 953 4290 ὁλοκάρπωσιν
978 4215 1173 4281 ξύλοις,
1200 4216 1294 4267 καὶ
1322 4210 1562 4282 βαδίζειν
1588 4210 1759 4274 οὕτως
1783 4211 1912 4265 ἀνα-

310 4313 530 4374 πείσας
552 4349 568 4376 ,
594 4307 894 4381 ἠκολούθει.
941 4307 1158 4377 Ἐπειδὴ
1183 4306 1240 4359 δὲ
1271 4306 1333 4359 τὸ
1367 4303 1651 4373 παιδάριον
1681 4304 1912 4356 ἀνεπυν-

314 4404 533 4457 θάνετο
556 4401 651 4454 τοῦ
682 4399 902 4471 πατρὸς,
928 4398 1082 4466 λέγον
1102 4413 1117 4428 ο
1142 4417 1162 4448 ι
1187 4397 1316 4450 Ἰδοὺ
1340 4396 1400 4449 τὸ
1424 4395 1536 4467 πῦρ
1560 4397 1653 4449 καὶ
1674 4395 1741 4449 τὰ
1759 4395 1907 4459 ξύλα,
1943 4430 1986 4484 D

311 4492 443 4546 ποῦ
494 4491 608 4544 ἐστι
652 4491 712 4543 τὸ
753 4489 1020 4561 πρόϐατον
1069 4490 1148 4550 εἰς
1186 4488 1595 4557 ὁλοκάρπωσιν;
1656 4486 1713 4539 '0
1753 4486 1905 4551 Θεὸς,

309 4582 526 4654 φησὶν,
582 4581 772 4652 ὄψεται
830 4578 1003 4649 ἑαυτῷ
1058 4575 1327 4646 πρόϐατον
1382 4577 1463 4638 εις
1511 4576 1906 4645 ὁλοκάρπωσιν,

306 4677 578 4730 τέκνον.»
613 4672 1066 4742 ’Δναδειμάμενος
1091 4669 1225 4722 δὲ’τὸ
1252 4669 1392 4722 θεῖον
1420 4668 1594 4721 ἐκεῖνο
1621 4666 1909 4735 θυσιαστή-
1974 4703 1979 4717 .

311 4782 452 4837 ρτον
474 4804 493 4828 ,
535 4764 859 4835 ὲπισωρεύει
889 4763 959 4815 τά
990 4760 1142 4826 ξύλα.
1184 4758 1598 4830 Συμποδίσαντα
1639 4757 1698 4812 δὲ
1725 4758 1817 4812 καὶ
1848 4756 1909 4811 τὸ

310 4852 624 4928 μειράκιον
657 4854 743 4907 ἐπ’
772 4853 976 4916 αὐτοῖς,
1000 4851 1096 4904 καὶ
1121 4850 1186 4919 δὴ
1216 4848 1308 4902 καὶ
1335 4846 1435 4917 τῆς
1467 4847 1740 4918 μαχαίρας
1764 4848 1910 4899 ὲπει-

302 4947 648 5017 λημμένον,
678 4944 914 5014 ἀγγέλου
954 4940 1239 4996 διακωλύει
1272 4939 1442 5009 φωνὴ,
1488 4939 1562 5007 μὴ
1599 4937 1662 5007 δὴ
1710 4936 1906 5008 χρῆναι

302 5037 571 5105 λέγουσα
596 5035 658 5090 τὸ
687 5036 971 5106 παιδάριον
994 5032 1359 5100 ἀποσφάττειν
1391 5029 1548 5082 αὐτόν
1572 5068 1585 5082 .
1612 5027 1907 5095 ἐγνωκέναι

301 5130 439 5198 γὰρ
464 5128 563 5179 τὸν
587 5128 719 5182 Θεὸν
760 5128 861 5198 ήδη
889 5126 987 5196 τὴν
1030 5123 1438 5193 ἐνυπάρχουσαν
1471 5119 1619 5189 αὑτῷ
1652 5118 1907 5189 πρόθεσιν

298 5217 576 5287 ἀγαθήν.
614 5215 746 5272 Εἶτα
787 5217 942 5287 κριὸν
986 5215 1093 5267 τῶν
1142 5213 1403 5284 κεράτων
1438 5210 1804 5280 ἐξηρτημένον
1850 5210 1907 5260 ἐν

299 5306 495 5380 φυτῷ
544 5307 711 5361 Σαϐὲκ
751 5305 983 5361 κατιδὼν
1012 5307 1041 5358 6
1071 5304 1273 5367 δίκαιος
1293 5340 1308 5364 ,
1343 5300 1646 5370 ἀναπληροῖ
1673 5299 1771 5371 τὴν
1811 5300 1906 5353 θυι

294 5403 451 5455 σεαν
476 5439 496 5463 ,
535 5396 648 5451 dmi.
685 5399 781 5452 τοῦ
823 5397 1007 5459 παιδὸς
1039 5396 1325 5465 ἀναφέρων
1370 5392 1548 5447 αὐτόν.
1589 5392 1811 5445 Κάτεισι
1850 5393 1905 5444 δὲ

379 5580 441 5613 ν’
482 5577 649 5632 Rom.
682 5592 756 5639 1x,
777 5574 865 5628 25.
941 5573 986 5606 ⁸⁸
1012 5573 1152 5629 Psal.
1178 5573 1407 5635 xxxv,8.
1488 5572 1529 5603 ⁶¹
1553 5571 1835 5635 Gemuit,
1870 5571 1917 5636 i,
1940 5571 1993 5624 ‘2.

664 5667 931 5733 PAi‘ROL.
976 5669 1089 5730 Gn.
1138 5669 1339 5728 LXIX.

2014 2492 2176 2546 αὑτοῦ
2210 2494 2302 2549 καὶ
2346 2494 2595 2565 ζωοποιῷ
2642 2498 2954 2569 Πνεύματι,
3000 2503 3080 2565 εις
3109 2503 3236 2566 τοὺς
3269 2502 3583 2573 σύμπαντας

2482 2714 2560 2768 De
2582 2714 2853 2771 Abraham
2875 2727 2923 2773 et
2951 2718 3123 2775 Isaac.

2088 2846 2139 2899 1.
2177 2865 2194 2897 ι
2224 2846 2293 2900 Ει
2341 2846 2543 2902 factum
2580 2856 2664 2903 est
2704 2858 2827 2918 post
2847 2852 3010 2905 verba
3032 2852 3164 2918 haec,
3190 2855 3333 2910 Deus
3359 2860 3586 2913 tentavit

2016 2937 2312 3002 Abraham,
2336 2946 2393 2992 et
2410 2939 2643 2993 dixitei:
2670 2941 2963 3007 Abraham,
2993 2944 3285 2999 Abraham.
3307 2947 3375 3002 Et
3401 2948 3541 3003 dixit
3569 2968 3581 3004 :

2016 3028 2157 3083 Ecce
2183 3044 2317 3098 ego;
2355 3030 2465 3100 83
2502 3038 2558 3084 et
2592 3030 2729 3084 dixit
2753 3050 2766 3083 :
2790 3032 2990 3103 Accipe
3040 3034 3212 3089 ﬁlium
3256 3044 3408 3092 tuum
3446 3040 3585 3097 dile-

2018 3125 2188 3181 ctum,
2229 3132 2394 3186 quem
2441 3118 2703 3183 dilexisti,
2746 3120 2912 3185 lsaac,
2943 3131 2999 3177 et
3022 3124 3159 3178 vade
3186 3125 3241 3181 in
3271 3134 3468 3183 terram
3488 3145 3586 3185 ex-

2018 3208 2241 3273 celsam,
2267 3216 2322 3263 et
2341 3209 2477 3264 oﬂ‘er
2502 3225 2627 3264 eum
2645 3210 2720 3265 ibi
2742 3212 2799 3266 in
2827 3213 3204 3271 holocaustum
3230 3233 3395 3289 super
3412 3237 3586 3276 unum

2016 3300 2305 3365 montium,
2341 3317 2480 3371 quos
2509 3302 2609 3356 tibi
2635 3303 2825 3358 dixero
2855 3304 2919 3358 ".
2954 3324 2973 3356 ι
3015 3305 3191 3377 Atque
3224 3309 3339 3365 hare
3364 3312 3584 3381 quidem

2016 3390 2286 3446 divinitus
2326 3392 2601 3449 mandata.
2652 3393 2843 3450 Justus
2889 3411 3021 3452 vero
3070 3399 3343 3456 Abraham
3394 3403 3584 3459 incun-

2015 3490 2226 3535 ctanter
2250 3490 2419 3537 strato
2441 3484 2595 3537 asino
2626 3500 2745 3557 suo,
2769 3498 2831 3542 ut
2852 3486 2929 3542 ibi
2956 3489 3219 3560 scriptum
3238 3502 3341 3558 est,
3368 3494 3585 3551 duobus

2016 3578 2226 3626 tantum
2265 3571 2481 3629 famulis
2508 3588 2695 3628 secum
2729 3578 3042 3649 assumptis,
3076 3591 3406 3652 acceptoque
3444 3585 3585 3639 dile-

2014 3675 2102 3721 cto
2128 3664 2239 3722 ﬁlio
2256 3682 2356 3723 suo
2382 3667 2547 3734 Isaac,
2574 3669 2640 3725 ad
2660 3669 2982 3725 sacriﬁcium
3004 3671 3257 3727 ducebat.
3293 3674 3584 3744 Postquam

2013 3773 2146 3813 vero
2191 3759 2260 3813 ad
2317 3769 2565 3815 sanctum
2612 3760 2766 3814 illum
2812 3761 2991 3815 locum
3032 3762 3391 3831 pervenisset,
3425 3765 3585 3819 tertia

2020 3850 2243 3905 vixdum
2286 3852 2374 3905 die
2413 3852 2552 3905 dixit
2585 3852 2805 3906 famulis
2832 3854 2988 3906 suis:
3027 3872 3045 3902 ι
3082 3853 3279 3906 Sedete
3321 3854 3411 3908 hic
3459 3872 3585 3911 cum

2015 3941 2188 3995 asino.
2232 3941 2345 4009 Ego
2385 3950 2569 3995 autem
2605 3949 2663 3994 et
2706 3957 2845 4009 puer
2872 3941 3228 3997 transibimus
3252 3959 3425 4014 usque
3455 3948 3581 4011 huc,

2017 4038 2073 4082 et
2124 4036 2411 4097 postquam
2456 4028 2899 4095 adoraverimus,
2954 4040 3296 4088 revertemur
3344 4038 3412 4092 ad
3466 4055 3581 4095 vos.

2016 4118 2263 4188 Cumque
2304 4128 2584 4174 onerasset
2629 4118 2800 4174 ﬁlium
2841 4121 3004 4192 lignis
3058 4123 3125 4178 ad
3169 4126 3584 4185 sacriﬁcandum

2015 4207 2359 4274 necessariis,
2406 4195 2570 4279 atque
2619 4210 2693 4265 ita
2718 4208 2972 4267 incedere
3005 4213 3276 4283 jussisset,
3313 4219 3583 4288 sequeba-

2018 4307 2108 4353 tur
2133 4299 2266 4370 ipse.
2302 4298 2439 4356 Cum
2463 4311 2646 4356 autem
2682 4318 2820 4373 puer
2848 4311 3057 4373 patrem
3094 4322 3251 4361 suum
3296 4319 3584 4378 perconta-

2017 4400 2188 4455 retur,
2220 4391 2445 4447 dicens:
2484 4412 2502 4443 ι
2531 4394 2671 4448 Ecce
2693 4394 2835 4464 ignis
2857 4404 2915 4450 et
2940 4396 3081 4466 ligna
3108 4413 3123 4462 ;
3166 4397 3259 4452 ubi
3280 4408 3364 4453 est
3388 4402 3506 4455 ovis
3525 4402 3580 4456 in

2012 4479 2392 4536 holocaustum
2415 4482 2623 4549 ?Deus,
2656 4484 2854 4554 inquit,
2876 4487 3186 4556 providebit
3212 4490 3316 4543 sibi
3341 4505 3498 4545 ovem
3524 4493 3578 4546 in

2011 4571 2409 4639 holocaustum,
2445 4574 2541 4629 ﬁli.
2577 4594 2597 4627 ι
2624 4576 2915 4631 Exstructo
2953 4585 3135 4632 autem
3190 4578 3378 4635 divino
3419 4581 3576 4636 altari

2011 4666 2283 4736 congessit
2314 4666 2493 4738 ligna;
2532 4677 2589 4723 et
2619 4669 2927 4741 colligatum
2960 4670 3131 4726 ﬁlium
3182 4672 3442 4742 imposuit
3474 4674 3575 4735 eis,

2011 4756 2477 4828 accipientemque
2510 4774 2698 4815 ensem
2729 4762 2911 4831 angeli
2944 4778 3050 4817 vox
3076 4763 3354 4833 prohibet,
3391 4764 3579 4817 dicens

2010 4861 2082 4900 ne
2127 4855 2330 4902 mactet
2369 4848 2571 4914 ﬁlium,
2614 4853 2929 4921 cognovisse
2967 4853 3114 4907 enim
3163 4852 3334 4905 Deum
3379 4852 3577 4906 bonam

2012 4937 2184 5006 ipsius
2216 4936 2576 4993 intentionem
2622 4955 2730 5009 qua
2767 4942 3027 5011 praeditus
3050 4948 3185 4994 erat.
3222 4941 3350 4995 Viso
3381 4942 3578 4995 deinde

2012 5031 2203 5095 ariete,
2250 5030 2344 5100 qui
2384 5030 2642 5085 cornibus
2688 5031 2833 5087 inter
2864 5046 3059 5099 vepres
3103 5029 3276 5085 Sabec
3315 5031 3574 5093 haerebat,

2010 5120 2097 5174 vir
2150 5121 2329 5191 justus
2377 5122 2589 5192 peragit
2638 5122 2986 5184 sacriﬁcium,
3035 5121 3258 5176 arietem
3309 5138 3410 5190 pro
3467 5120 3578 5175 ﬁlio

2012 5212 2284 5279 oﬁ‘erens;
2313 5221 2476 5283 atque
2504 5214 2579 5267 ita
2622 5214 2689 5268 ad
2738 5213 2973 5266 famulos
3006 5226 3135 5264 suos
3166 5211 3329 5273 redit,
3368 5212 3576 5266 salvum

2012 5302 2144 5372 ipsis
2190 5304 2434 5359 referens
2482 5303 2654 5358 ﬁlium
2685 5304 2750 5355 “.
2790 5322 2808 5352 ›
2860 5300 3112 5354 Historia:
3158 5299 3324 5369 igitur
3351 5302 3575 5372 prolixi-

2011 5402 2177 5448 tatem
2216 5396 2592 5463 praacidentes,
2630 5408 2691 5447 ac
2743 5390 2911 5445 veluti
2957 5389 3010 5442 in
3053 5404 3317 5447 summam
3364 5399 3584 5447 contra-

2074 5570 2116 5601 "
2142 5569 2275 5624 ibid.
2310 5570 2461 5624 5-l9.

3150 5662 3185 5721 5
