4056 6260
554 290 656 347 159

1580 287 1635 341 S.
1677 283 1949 338 CYltlLLl
1986 284 2449 340 ALEXANDRINI
2490 287 2806 345 ARCHIEP.

3697 301 3716 352 l
3734 303 3791 354 10

553 412 746 469 hentes
768 424 832 465 ea
885 425 1004 479 quae
1049 406 1341 463 convenire
1394 405 1726 461 videbuntur
1768 403 1835 459 ad
1890 404 2117 460 demon-

2223 407 2392 473 οὕτως
2439 409 2572 479 πρὸς
2617 412 2742 475 τοὺς
2786 410 3038 479 οἰκέτας,
3079 412 3206 482 ὑγιᾶ
3254 412 3433 484 φέρων
3480 411 3660 475 αὐτοῖς
3708 413 3796 467 τὸν

552 503 834 561 strandum
855 500 1149 556 Salvatoris
1171 498 1346 554 nostri
1372 497 1691 570 mysterium
1721 511 1820 567 per
1840 496 1954 551 hate
1978 511 2121 565 pra:-

551 594 842 665 ﬁguratum
869 606 1008 656 esse,
1034 605 1134 660 pro
1165 589 1310 644 virili
1331 589 1603 659 explicare
1622 603 1691 643 ne
1714 602 2018 658 gravemur.
2062 586 2120 643 Si

550 701 679 741 vero
719 700 829 739 non
866 682 1050 737 omnia
1092 697 1214 752 qum
1243 681 1298 734 in
1343 680 1573 735 historia
1610 679 1981 745 continentur,
2006 680 2120 751 spi-

550 776 734 832 rituali
767 771 1212 844 contemplationi
1259 770 1614 836 conveniunt,
1662 784 1826 824 nemo
1876 769 2119 825 damnet.

543 867 681 923 Nam
731 866 789 920 in
838 865 1215 937 praestantiore
1259 862 1505 918 historia).
1548 868 1703 932 parte
1745 875 2122 930 saepenumero

543 960 678 1016 latet
742 959 1045 1030 spiritualis
1101 958 1445 1021 intellectus,
1497 953 1958 1026 quemadmodum
2004 953 2121 1008 fere

545 1052 915 1109 odoratissimi
954 1052 1010 1107 in
1071 1050 1249 1106 hortis
1297 1049 1481 1113 ﬂores,
1530 1046 1823 1119 superﬂuis
1876 1046 2119 1102 exterius

543 1144 690 1199 foliis
717 1135 1032 1209 Onerantur,
1063 1158 1184 1213 quae
1213 1142 1258 1197 si
1278 1141 1401 1212 quis
1420 1140 1622 1204 demat,
1637 1138 1850 1199 nudum
1869 1137 2119 1191 inveniet

545 1235 601 1289 id
660 1236 808 1306 quod
868 1235 1101 1291 delectat
1134 1241 1191 1289 et
1235 1235 1407 1305 juvat.
1441 1231 1523 1286 Ad
1561 1229 1913 1301 allegoricum
1949 1227 2118 1300 igitur

543 1344 763 1385 sensum
787 1346 965 1385 sermo
991 1328 1369 1385 transferatur.

2225 500 2355 555 νίόν.
2386 501 2459 554 Τὸ
2486 502 2584 571 μὲν
2613 498 2706 556 οὖν
2742 503 2842 573 τῆς
2883 504 3123 575 ἱστορίας
3170 505 3523 576 ἐπιτεμόντες
3576 503 3793 569 πλάτος,

2217 593 2315 650 καὶ
2349 593 2425 656 ὡς
2460 593 2516 645 ἐν
2551 593 2742 665 βραχεί
2771 597 3180 664 συνενεγκόντες
3219 596 3363 667 λόγῳ
3394 596 3455 649 τὸ
3487 594 3795 649 λυσιτελοῦν

2222 678 2298 739 είς
2329 676 2596 742 ἀπόδειξιν
2625 680 2744 746 τοῦ,
2788 680 2877 734 διὰ
2908 682 3111 736 τούτων
3155 682 3214 737 τὸ
3253 684 3379 754 περὶ
3417 682 3512 737 τοῦ
3547 684 3796 755 Σωτῆρος

2219 766 2375 837 ἡμῶν
2435 769 2945 839 προανατυποῦσθαι
3011 773 3330 843 μυστήριον,
3367 777 3510 827 κατά
3569 773 3794 844 δύναμιν

2221 859 2385 913 πάλιν
2424 861 2526 931 τὴν
2556 860 2764 914 ἑαυτῶν
2788 860 3157 937 λαμϐάνοντες
3184 904 3198 930 ,
3230 866 3467 931 ἐξειπεῖν
3502 865 3602 919 οὐκ
3630 864 3790 934 ὀκνή-

2221 970 2406 1024 σομεν.
2451 954 2511 1007 El
2551 953 2606 1006 δὲ
2636 954 2700 1026 δὴ
2732 953 2809 1025 μὴ
2852 955 3030 1010 πάντα
3067 956 3253 1010 ἕποιτο
3292 956 3438 1028 λόγῳ
3479 957 3548 1011 τὰ
3588 960 3646 1012 ἐν
3677 960 3794 1020 ταῖς

2223 1043 2486 1115 ἱστορίαις
2526 1043 2774 1114 κείμενα,
2804 1043 3176 1100 καταιτιάσθω
3207 1046 3415 1117 μηδείς.
3461 1046 3550 1100 Ἐν
3578 1046 3687 1118 γάρ
3716 1046 3793 1118 τῷ

2219 1133 2457 1207 περιττῷ
2499 1136 2596 1205 τῆς
2633 1135 2870 1206 ἱστορίας
2903 1135 3163 1201 πολλάκις
3196 1137 3497 1209 κρύπτεται
3527 1141 3591 1192 τὸ
3628 1156 3793 1193 πνευ-

2225 1229 2453 1299 ματικόν
2474 1245 2487 1258 ·
2521 1229 2709 1300 ῶσπερ
2739 1224 2831 1282 οὖν
2863 1228 3053 1298 ἀμέλει
3087 1230 3181 1283 καὶ
3204 1231 3274 1284 τὰ
3301 1231 3422 1285 λίαν
3455 1231 3795 1302 εὐοσμότατα

2217 1320 2326 1374 τῶν
2377 1320 2434 1373 ἐν
2483 1319 2741 1390 λειμῶσιν
2792 1320 2996 1374 ἀνθέων
3046 1322 3274 1386 είκαίοις
3324 1321 3522 1387 ἔξωθεν
3575 1322 3796 1392 φύλλοις

542 1422 1026 1493 περιχλαινίζεται,
1062 1423 1205 1494 ἅπερ
1243 1422 1407 1486 εἴτις
1444 1421 1742 1490 ἀποτέμοι,
1773 1417 1977 1489 γυμνὸν
2020 1416 2243 1488 εὑρήσει
2272 1416 2334 1469 τὸ
2362 1413 2603 1484 ὠφελοῦν
2626 1430 2685 1466 τε
2719 1413 2815 1468 καὶ
2868 1417 3158 1487 χρήσιμον.
3230 1415 3430 1469 Είσίτω
3486 1416 3552 1489 δὴ
3613 1417 3797 1472 τοίνυν

541 1517 670 1585 ἡμῖν
705 1515 802 1583 τῆς
833 1513 1157 1584 ἀλληγορίας
1193 1516 1224 1566 6
1260 1514 1436 1581 λόγος.

608 1606 660 1659 2.
685 1605 842 1673 Quod
870 1606 1057 1676 itaque
1078 1612 1320 1659 tentatus
1351 1603 1521 1659 fuerit
1545 1603 1844 1669 Abraham,
1866 1611 1923 1657 et
1944 1601 2118 1657 ﬁlium
2149 1611 2193 1667 Β

2293 1598 2357 1669 β’.
2390 1597 2463 1651 Τὸ
2486 1597 2585 1668 μὲν
2603 1592 2697 1651 οῦν
2722 1596 3080 1669 πειράζεσθαι
3096 1598 3187 1651 τὸν
3213 1599 3483 1671 μακάριον
3521 1600 3794 1673 Ἀϐραὰμ,

539 1711 701 1752 suum
741 1695 1004 1749 dilectum
1044 1693 1332 1748 immolare
1378 1694 1450 1748 sit
1481 1695 1688 1764 jussus,
1743 1692 2030 1763 quodque,
2061 1698 2117 1745 ut

2222 1690 2320 1745 καὶ
2350 1689 2498 1743 θύειν
2528 1689 2911 1743 ἐπιτάττεσθαι
2940 1688 3030 1740 τὸν
3056 1688 3170 1742 υίδν
3205 1690 3297 1743 τὸν
3329 1692 3633 1761 ἀγαπητὸν,
3665 1694 3795 1747 δυσ-

538 1784 836 1849 verisimile
868 1792 973 1849 est,
1012 1799 1121 1838 non
1160 1783 1367 1852 absque
1400 1799 1598 1854 magno
1635 1782 1804 1837 animi
1841 1781 2029 1836 dolore
2066 1780 2121 1835 id

541 1876 707 1932 fuerit
740 1889 1028 1946 aggressus
1068 1883 1129 1928 ut
1169 1881 1344 1944 pater,
1388 1882 1445 1929 et
1491 1874 1759 1929 acerrimo
1785 1882 1996 1928 naturas
2020 1871 2121 1927 sti-

539 1968 689 2023 mulo
725 1967 792 2022 ad
828 1980 1069 2021 amorem
1090 1980 1219 2036 erga
1245 1964 1416 2019 tilium
1450 1965 1776 2030 concitatus,
1802 1962 1914 2035 84
1940 1958 2119 2032 'potio-

534 2074 656 2117 rem
674 2068 858 2115 tamen
891 2073 1079 2113 curam
1109 2057 1367 2113 habuerit
1386 2057 1518 2113 boni
1545 2056 1692 2127 quod
1710 2072 1776 2111 ea
1804 2072 1873 2111 ex
1894 2070 1954 2110 re
1985 2070 2120 2109 con-

537 2160 891 2222 sequeretur,
928 2151 1033 2207 hoc
1064 2151 1243 2222 ipsum
1277 2157 1333 2205 et
1356 2150 1577 2220 quidem
1615 2156 1803 2221 aperte
1824 2147 2121 2204 admodum

536 2243 697 2297 nobis
738 2241 1013 2312 signiﬁcat
1058 2240 1195 2296 illud
1235 2255 1267 2295 a
1309 2238 1591 2296 Salvatore
1630 2251 1821 2295 nosn'o
1864 2237 2116 2294 dictum:

544 2354 561 2382 ι
593 2334 673 2387 lta
690 2333 882 2387 dilexit
905 2333 1049 2385 Deus
1078 2329 1370 2394 mundum,
1404 2337 1468 2383 ut
1495 2329 1696 2385 Filium
1733 2342 1895 2383 suum
1920 2326 2119 2397 unige-

538 2425 713 2479 nitum
746 2421 981 2487 dederit,
1034 2428 1095 2475 ut
1135 2419 1314 2475 omnis
1359 2421 1455 2490 qui
1502 2420 1676 2475 credit
1729 2419 1786 2474 in
1839 2434 1968 2473 eum
2008 2433 2120 2474 non

540 2523 746 2586 pereat,
792 2513 888 2569 scd
927 2512 1130 2566 habeat
1174 2510 1344 2565 vitam
1375 2518 1637 2566 aeternam
1689 2509 1754 2562 “.
1797 2527 1817 2561 ι
1867 2508 1925 2563 Si
1971 2509 2118 2563 enim

534 2613 754 2677 oportet
773 2603 938 2659 etiam
962 2602 1265 2656 humanum
1289 2599 1422 2670 quid
1447 2599 1654 2665 dicere,
1678 2598 1748 2653 ad
1774 2597 2118 2653 manifestam

533 2709 730 2749 sensus
754 2691 1301 2755 demonstrationem,
1337 2688 1685 2744 remordebat
1715 2688 2118 2759 quodammodo

534 2789 708 2842 Deum
732 2800 795 2840 ac
835 2785 1074 2849 Patrem,
1101 2797 1228 2837 cum
1255 2781 1455 2837 Filium
1486 2789 1711 2852 propter
1739 2796 1841 2835 nos
1876 2781 1943 2835 ad
1966 2795 2117 2834 mor-

532 2886 646 2933 tem
701 2875 965 2941 mitteret,
1015 2872 1235 2928 tametsi
1273 2870 1479 2928 sciebat
1533 2871 1690 2926 illu’m
1741 2870 1880 2925 nihil
1929 2869 2115 2927 damni

2223 1779 2490 1852 φοροῦντα
2520 1779 2639 1849 μὲν,
2682 1779 2825 1833 κατὰ
2877 1779 2938 1831 τὸ
2984 1778 3151 1843 εἰκὸς,
3186 1779 3261 1842 ὡς
3311 1783 3646 1854 γεννήτορα,
3698 1785 3796 1838 καὶ

2222 1868 2410 1942 θερμῷ
2433 1869 2531 1940 τῆς
2559 1869 2774 1938 φύσεως
2805 1868 3014 1939 κέντρῳ
3044 1868 3179 1939 πρὸς
3201 1869 3580 1940 φιλοστοργίαν
3608 1875 3799 1926 νυσσό-

2223 1978 2405 2032 μενον,
2432 1962 2785 2032 προτιμῶντα
2808 1961 2851 2014 δ’
2881 1955 2972 2013 οὖν
3000 1961 3149 2031 ὅμως
3172 1961 3231 2013 τὸ
3260 1961 3324 2013 ἐκ
3344 1960 3438 2014 τοῦ
3463 1963 3797 2033 πράγματος

2221 2053 2446 2122 ἀγαθὸν,
2481 2052 2611 2107 αὐτὸ
2634 2052 2698 2125 δὴ
2724 2053 2887 2108 πάλιν
2916 2054 3048 2123 ἡμῖν
3068 2054 3163 2106 καὶ
3186 2053 3395 2126 σφόδρα
3406 2054 3590 2123 σαφῶς
3616 2058 3799 2109 ἐκεῖνο

2219 2143 2369 2214 δηλοῖ
2398 2143 2459 2196 τὸ
2493 2142 2643 2213 παρά
2668 2142 2763 2197 τοῦ
2788 2143 3042 2215 Σωτῆρος
3070 2144 3358 2215 εἰρημένον
3380 2183 3396 2210 ,
3434 2162 3453 2195 ι
3499 2144 3656 2200 Οὕτω
3683 2146 3798 2218 γὰρ

2220 2234 2507 2305 ἠγάπησεν
2525 2235 2553 2286 6
2577 2233 2711 2297 Θεὸς
2739 2233 2831 2287 τὸν
2867 2234 3092 2304 κόσμον,
3118 2235 3193 2299 ὡς
3214 2235 3306 2289 τὸν
3336 2235 3463 2289 Υίὸν
3496 2235 3659 2290 αὐτοῦ
3700 2238 3798 2291 τὸν

2223 2322 2486 2395 μονογενῆ
2511 2322 2731 2388 ἔδωκεν,
2757 2322 2844 2376 ῐνα
2882 2324 2990 2387 πᾶς
3026 2326 3054 2377 6
3078 2323 3351 2379 πιστεύων
3375 2327 3456 2389 εἰς
3493 2325 3678 2393 αὐτὸν,
3713 2328 3794 2398 μὴ

2217 2414 2505 2485 ἀπόληται,
2534 2413 2649 2467 ἀλλ’
2692 2412 2805 2484 ἔχει
2840 2413 2982 2486 ζωὴν
3025 2413 3260 2470 αἰώνιον.
3300 2433 3319 2467 ι
3361 2416 3426 2469 Ei
3449 2415 3559 2488 γὰρ
3588 2419 3695 2489 χρή
3738 2435 3795 2471 τι

2220 2507 2313 2560 καὶ
2360 2504 2697 2576 ἀνθρώπινον
2734 2506 2910 2560 εἰπεῖν
2952 2507 3031 2569 εἰς
3074 2506 3351 2571 ἀπόδειξιν
3391 2506 3486 2561 τοῦ
3521 2509 3797 2580 νοήματος

2219 2599 2446 2670 ἐναργῆ,
2464 2598 2820 2652 κατεδάκνετο
2845 2599 3043 2669 τρόπον
3064 2599 3190 2653 τινά
3213 2599 3445 2671 πέμπων
3461 2602 3540 2663 είς
3560 2599 3800 2657 θάνατον

2218 2690 2284 2744 δι’
2315 2692 2464 2762 ἡμᾶς
2488 2691 2578 2744 τὸν
2601 2690 2727 2743 Υίὸν
2762 2692 2790 2743 6
2819 2690 2951 2755 Θεὸς
2980 2692 3075 2744 καὶ
3105 2692 3312 2763 Πατὴρ,
3339 2692 3387 2744 εί
3408 2692 3501 2744 καὶ
3528 2691 3644 2762 ᾔδει
3673 2707 3798 2746 πει-

2222 2783 2448 2852 σόμενον
2494 2781 2602 2835 τῶν
2649 2781 2963 2836 λυπούντων
3001 2782 3156 2836 οὐδὲν
3182 2823 3198 2849 ,
3232 2784 3354 2836 ἐπεὶ
3395 2784 3491 2836 καὶ
3530 2782 3689 2845 αὐτὸς
3722 2777 3798 2854 ἦν

2219 2872 2437 2944 ἀπαθὴς
2466 2873 2543 2936 ὡς
2578 2872 2733 2938 Θεός.
2773 2874 2964 2944 Ὅμως
3005 2874 3049 2928 δ’
3088 2869 3181 2929 οὖν
3222 2874 3282 2928 τὸ
3320 2875 3386 2928 ἐκ
3421 2874 3518 2928 τοῦ
3559 2875 3796 2931 θανάτου

530 2983 842 3041 passurum,
886 2964 1331 3037 quandoquidem
1363 2964 1530 3020 etiam
1560 2963 1678 3033 ipse
1700 2971 1821 3018 erat
1853 2962 2110 3033 impassi-

2216 2967 2485 3037 χρήσιμον
2516 2965 2735 3032 ἐννοῶν,
2768 2967 2865 3035 τὴν
2895 2967 3171 3036 ἁπάντων,
3202 2966 3369 3039 φημὶ,
3401 2964 3674 3038 cio-mpm;
3697 2972 3799 3023 και

532 3061 662 3116 bilis
706 3068 768 3115 ut
807 3059 972 3114 Deus.
1022 3057 1415 3114 Verumtamen
1447 3070 1571 3110 eum
1606 3054 1936 3126 intelligeret
1960 3056 2113 3111 utili-

534 3160 699 3205 tatem
737 3165 858 3219 quae
898 3165 965 3204 ex
988 3150 1109 3220 ejus
1134 3156 1308 3204 morte
1338 3155 1605 3212 manaret,
1642 3147 1889 3203 omnium
1917 3163 2114 3218 nempe

532 3242 680 3296 salus
714 3256 780 3294 ac
821 3240 954 3306 vita,
990 3240 1408 3311 indulgentiam,
1437 3255 1558 3309 qua:
1586 3240 1733 3293 Patri
1762 3240 2038 3304 convenit,
2062 3240 2115 3295 ei

536 3331 873 3400 posthabuit.
923 3330 1192 3397 Quocirca
1223 3332 1389 3387 etiam
1432 3330 1633 3385 Paulus
1669 3331 1850 3400 ipsum
1874 3330 2114 3385 admira-

537 3435 626 3478 tus
665 3432 773 3487 est,
823 3423 1050 3478 dicens:
1080 3444 1097 3475 ι
1124 3423 1228 3489 Qui
1261 3423 1487 3494 proprio
1528 3423 1667 3477 Filio
1704 3438 1815 3477 non
1844 3422 2112 3492 pepercit,

532 3512 635 3566 sed
686 3527 787 3581 pro
832 3512 994 3567 nobis
1046 3513 1305 3567 omnibus
1366 3512 1590 3567 tradidit
1621 3513 1777 3567 illum
1823 3513 1890 3566 “.
1932 3532 1951 3565 ι
1998 3512 2113 3579 Qua

534 3605 681 3659 enim
726 3604 785 3659 in
830 3620 889 3661 re
925 3605 1189 3660 consistat
1225 3605 1550 3659 miraculum
1586 3605 1809 3670 amoris,
1834 3620 1945 3675 quo
1971 3606 2118 3661 Deus

531 3713 598 3752 ac
627 3699 788 3753 Pater
808 3712 910 3752 nos
928 3705 1011 3753 est
1032 3707 1376 3767 prosecutus,
1406 3697 1511 3753 nisi
1535 3698 1682 3768 quod
1705 3698 1926 3768 aliquod
1950 3698 2115 3753 etiam

534 3799 732 3857 prater
760 3789 1099 3844 voluntatem
1120 3789 1446 3845 sustinuisse
1477 3789 1631 3844 visus
1652 3790 1744 3854 sit,
1769 3789 1991 3843 tradens
2014 3804 2117 3859 pro

536 3881 693 3936 nobis
727 3880 924 3935 Filium
962 3879 1170 3935 suum?
1216 3879 1346 3934 Tale
1372 3880 1519 3935 enim
1558 3879 1691 3950 quid
1734 3880 1893 3933 nobis
1935 3878 2118 3933 innuit

533 3974 736 4029 Paulus
762 3973 952 4029 dicens
972 3972 1108 4028 illud
1142 3989 1156 4026 :
1186 3992 1205 4025 ι
1237 3973 1355 4029 Non
1384 3973 1651 4044 pepercit,
1685 3991 1703 4024 ι
1738 3972 1884 4043 quod
1908 3987 2114 4042 nequa-

533 4083 698 4136 quam
736 4067 805 4121 de
854 4068 923 4121 iis
961 4083 1084 4136 quae
1122 4066 1351 4122 fortuito
1383 4065 1640 4120 accidunt
1659 4063 1893 4129 dicatur,
1930 4063 2025 4118 sed
2044 4062 2114 4117 de

536 4157 605 4211 iis
670 4163 904 4220 tantum,
958 4156 1051 4224 qui
1109 4171 1359 4225 magnam
1412 4155 1651 4223 aliquam
1704 4170 1820 4208 rem
1870 4162 2109 4223 patrant,

535 4245 997 4315 quemadmodum
1027 4246 1083 4298 in
1129 4244 1223 4299 illo
1248 4263 1261 4299 :
1306 4264 1323 4295 ι
1354 4243 1637 4298 Ρηειεηάε
1664 4243 1939 4297 funiculos
1966 4253 2110 4307 tuos,

535 4346 592 4391 ct
627 4338 811 4392 clavos
858 4345 981 4389 tuos
1020 4336 1315 4389 corrobora
1345 4353 1357 4387 :
1396 4334 1577 4389 adhuc
1611 4335 1665 4387 in
1713 4333 1955 4388 dexteris
1976 4333 2113 4387 etin

535 4426 780 4483 sinistris
831 4426 999 4481 dilata
1031 4426 1097 4478 ⁸⁸.
1139 4444 1158 4477 ›
1197 4424 1426 4481 Itidem:
1469 4443 1486 4474 ι
1540 4425 1690 4495 Fige,
1732 4439 1802 4478 ne
1829 4438 2041 4494 parcas.
2087 4441 2104 4473 ι

536 4521 603 4576 Ει
636 4533 856 4573 rursum
882 4536 895 4571 :
941 4536 960 4569 ‹
991 4516 1151 4573 Salva
1182 4516 1377 4573 ductos
1404 4517 1474 4572 ad
1504 4526 1756 4581 mortem,
1792 4526 1850 4572 et
1871 4517 1966 4587 qui
1999 4525 2113 4571 tra-

539 4614 744 4665 huntur
767 4609 834 4664 ad
859 4610 1162 4674 interitum,
1186 4610 1423 4665 liberare
1455 4624 1525 4664 ne
1555 4626 1739 4665 cesses
1761 4611 1824 4662 “.
1865 4626 1882 4659 ι
1935 4607 2112 4678 Atque

538 4703 652 4756 haec
700 4692 924 4771 quidem
969 4700 1133 4756 nobis
1184 4701 1242 4755 in
1284 4700 1440 4767 illud,
1493 4720 1511 4751 ι
1538 4702 1736 4770 Accipe
1774 4699 1947 4755 ﬁlium
1971 4699 2112 4753 dile-

536 4799 684 4845 ctum
737 4792 804 4856 ⁸⁷,
843 4810 861 4843 ι
922 4790 1066 4846 dicta
1109 4791 1235 4846 sint.
1266 4789 1370 4857 Qui
1405 4806 1540 4845 vero
1571 4807 1756 4846 senem
1783 4790 2113 4845 comitantur

536 4883 723 4939 famuli
747 4883 859 4939 duo
879 4891 1044 4954 atque
1066 4882 1133 4939 ad
1159 4884 1377 4938 tertiam
1401 4884 1545 4939 diem
1564 4897 1758 4953 usque,
1795 4890 1954 4953 typus
1986 4890 2113 4937 sunt

536 4975 772 5029 duorum
812 4976 1139 5045 populorum
1182 4983 1500 5029 vocatorum
1549 4974 1617 5029 ad
1671 4974 1990 5029 servitutem
2016 4989 2115 5043 per

538 5065 733 5133 legem,
764 5064 926 5119 lsrael
974 5066 1236 5121 nimirum
1276 5073 1333 5121 et
1374 5066 1557 5122 Juda:
1605 5065 1697 5136 qui
1741 5065 1853 5120 sola
1900 5065 1995 5120 Dei
2049 5080 2114 5119 ac

538 5155 713 5211 Patris
756 5164 1026 5227 przecepta
1055 5157 1333 5228 sequenda
1364 5172 1484 5213 esse
1518 5158 1803 5229 putabant,
1852 5156 2116 5227 quemad-

538 5246 761 5303 modum
805 5248 905 5314 illi,
949 5248 1265 5315 Abraham;
1302 5249 1547 5305 nondum
1587 5257 1980 5320 cognoscentes
2022 5248 2115 5303 Fi-

538 5336 692 5403 lium,
728 5354 827 5407 per
857 5355 1021 5411 quem
1052 5340 1257 5405 omnia,
1290 5356 1468 5411 neque
1496 5341 1672 5397 Patris
1701 5339 1997 5405 haeredem,
2022 5356 2118 5395 eu-

534 5427 622 5497 jus
665 5427 1093 5497 pulcherrimam
1137 5429 1426 5502 imaginem
1460 5447 1573 5503 pra:
1605 5447 1661 5487 se
1695 5431 1800 5485 fert
1833 5432 2115 5501 parvulus,

537 5526 591 5569 rt
623 5519 801 5573 adhuc
837 5519 891 5572 in
914 5520 1036 5573 sinu
1076 5522 1242 5588 patris
1265 5523 1347 5576 sui
1376 5524 1563 5593 jacens
1587 5524 1754 5586 Isaac,
1803 5522 2114 5592 nequedum

613 5630 833 5703 9.10.1".
862 5648 937 5693 111,
970 5632 1049 5697 Ιίῖ;
1096 5636 1109 5689 Ι
1142 5637 1295 5692 Juan.
1332 5655 1399 5703 tv,
1444 5639 1494 5692 9.

1575 5638 1617 5669 "‘
1666 5638 1822 5692 Rern.
1863 5654 1972 5701 vm,
2016 5638 2099 5690 52.

537 5698 581 5728 “
614 5701 753 5756 Gen.
782 5717 916 5766 uti,
959 5704 1011 5762 ιζ,

2148 4290 2188 4344 D

2214 3058 2382 3130 ζωὴν,
2423 3059 2522 3131 τῆς
2565 3060 2735 3130 πατρὶ⁹
2776 3059 3096 3130 πρεπούσης
3146 3059 3528 3132 φιλοστοργίας
3574 3059 3795 3130 ἡμέλει.

2212 3149 2304 3202 Διὸ
2329 3150 2392 3221 δὴ
2428 3149 2521 3203 καὶ
2548 3149 2761 3214 Παῦλος
2786 3149 2949 3203 αὑτὸν
2975 3148 3356 3220 ἀπεθαύμαζε,
3386 3149 3559 3216 λέγων
3586 3164 3600 3178 ·
3635 3166 3656 3201 ι
3690 3147 3797 3213 ’ος

2213 3257 2276 3309 γε
2302 3239 2394 3293 τοῦ
2421 3241 2549 3295 ίδίου
2581 3240 2712 3307 ἴῖίοῦ
2735 3240 2834 3293 οὐκ
2860 3241 3136 3310 ἐφείσατο,
3161 3240 3274 3294 ἀλλ’
3306 3241 3445 3311 ὑπὲρ
3470 3242 3502 3312 ἡ
3512 3241 3627 3312 μῶν
3656 3239 3799 3293 πάνυ

2212 3349 2323 3385 των
2354 3332 2672 3403 παρέδωκεν
2719 3332 2901 3386 αὐτόν.
2943 3352 2962 3384 ι
3003 3333 3128 3386 Ἐπὶ
3154 3333 3260 3387 τίνι
3286 3334 3334 3387 δ’
3364 3333 3430 3387 ἂν
3461 3333 3671 3403 γένοιτο
3706 3333 3795 3387 δι-

2214 3424 2387 3486 καίως
2413 3422 2474 3475 τὸ
2503 3422 2690 3494 θαῦμα
2713 3425 2814 3494 τῆς
2840 3426 2918 3486 είς
2947 3426 3093 3495 ἡμᾶς
3136 3426 3357 3496 ἀγάπης
3400 3425 3495 3478 τοῦ
3534 3423 3666 3478 Θεοῦ
3695 3424 3798 3478 καὶ

2216 3515 2450 3585 Πατρὸς,
2470 3517 2519 3569 εί
2542 3516 2615 3586 μή
2640 3531 2696 3568 τι
2723 3516 2818 3568 καὶ
2833 3516 2940 3569 τῶν
2962 3516 3273 3588 ἀϐουλήτων
3298 3516 3476 3581 ἔδοξεν
3498 3518 3798 3588 ὑπομένειν

2216 3603 2493 3675 παραδοὺς
2535 3603 2676 3675 ὑπὲρ
2705 3604 2860 3675 ἡμῶν
2889 3604 2979 3657 τὸν
3014 3604 3143 3659 ἴδιον
3168 3605 3337 3671 Υίόν;
3379 3606 3631 3659 Τοιοῦτον
3670 3607 3793 3678 ’γάρ

2213 3714 2296 3751 τοι
2327 3697 2628 3767 ωεῖνὴμᾶς
2651 3697 2933 3751 ἀναπείθει
2961 3696 3040 3762 τὸ,
3072 3716 3091 3748 ι
3123 3698 3237 3751 οὐκ
3264 3698 3542 3767 ἐφείσατο,
3579 3717 3598 3748 ι
3618 3697 3799 3767 λέγων

2213 3791 2241 3843 6
2271 3787 2502 3852 Παῦλος.
2522 3789 2702 3859 Ὅπερ
2723 3788 2823 3841 οὐκ
2851 3787 2915 3842 ἂν
2945 3788 3037 3841 ἐπὶ
3055 3791 3165 3853 τοῖς
3188 3787 3410 3859 τυχοῦσι
3430 3789 3621 3860 ῥηθείη
3637 3791 3795 3853 ποτέ,

2215 3880 2329 3933 ἀλλ’
2355 3881 2447 3932 ἐπὶ
2478 3881 2659 3950 μόνοις
2696 3882 2809 3944 τοῖς
2851 3879 3088 3950 μεγάλου
3113 3882 3257 3944 τινὸς
3298 3881 3799 3950 κατανεανιευομέ-

2213 3989 2325 4036 νοις
2369 3971 2728 4042 πράγματος,
2758 3971 2833 4035 ὡς
2864 3972 2922 4024 ἐν
2960 3970 3060 4041 τῷ,
3095 3990 3114 4023 ι
3167 3971 3443 4025 Πλάτυνον
3494 3972 3563 4025 τά
3594 3974 3802 4042 σχοινι-

2216 4062 2397 4134 σματά
2433 4080 2547 4126 σου,
2579 4062 2671 4116 καὶ
2697 4061 2824 4126 τοὺς
2866 4063 3177 4127 πασσάλους
3207 4080 3302 4117 σου
3325 4064 3677 4134 κατίσχυσον,
3710 4063 3800 4117 ἔτι

2213 4155 2293 4217 εἰς
2331 4152 2400 4206 τὰ
2444 4151 2596 4220 δεξιά
2634 4153 2731 4207 καὶ
2775 4154 2852 4217 είς
2884 4154 2954 4207 τὰ
2980 4156 3246 4227 ἀριστερά
3277 4157 3607 4210 ἐκπέτασον·
3651 4175 3670 4209 ι
3710 4157 3801 4212 ἐτι

2212 4244 2289 4310 δὲ,
2324 4245 2409 4297 ὅτι
2442 4263 2460 4296 ι
2512 4242 2714 4313 Πῆξον.
2753 4243 2827 4315 μὴ
2865 4239 3050 4315 φείσῃ.
3097 4263 3117 4296 ι
3161 4245 3271 4298 Καὶ
3303 4246 3487 4312 πάλιν,
3524 4265 3544 4299 ι
3600 4245 3799 4301 Ῥῦσαι

2215 4333 2518 4402 ἀγομένους
2545 4335 2627 4395 είς
2653 4334 2903 4399 θάνατον,
2919 4336 3013 4388 καὶ⁵
3037 4334 3264 4406 ὲκπρίου
3290 4336 3691 4406 κτεινομένους,
3715 4338 3799 4407 μὴ

2216 4423 2398 4493 φείσῃ.
2435 4441 2454 4474 ι
2488 4424 2597 4476 Καὶ
2625 4423 2797 4476 ταῦτα
2824 4425 2923 4494 μὲν
2957 4427 3088 4496 ἡμῖν
3124 4429 3204 4491 είς
3233 4426 3314 4494 τὸ,
3343 4446 3362 4479 ι
3390 4427 3535 4481 Λάϐε
3557 4427 3645 4480 τὸν
3677 4427 3802 4481 υίόν

2217 4533 2309 4569 σου
2356 4516 2447 4570 τὸν
2490 4517 2796 4589 ἀγαπητὸν,
2818 4538 2838 4571 r
2869 4521 3166 4591 εἰρήσεται.
3204 4521 3267 4573 0i
3302 4520 3358 4573 δὲ
3399 4520 3476 4590 τῷ
3510 4519 3801 4593 πρεσϐύτῃ

2216 4609 2879 4682 συμπαρομαρτυροῦντες
2904 4613 3001 4666 καὶ
3040 4610 3517 4682 συμπαραθέοντες
3577 4612 3799 4667 οἰκέται

2212 4699 2305 4753 δύο
2328 4699 2420 4753 καὶ
2447 4699 2610 4769 μέχρι
2641 4699 2740 4770 τῆς
2779 4700 2968 4771 τρίτης
2989 4701 3225 4772 ἡμέρας,
3256 4700 3427 4763 τύπος
3458 4699 3523 4754 ἂν
3548 4694 3661 4753 εἷεν
3681 4704 3800 4757 τῶν

2214 4794 2293 4857 είς
2315 4791 2557 4845 δουλείαν
2578 4791 2932 4860 κεκλημένων
2953 4792 3041 4846 διά
3071 4791 3165 4845 τοῦ
3196 4791 3361 4862 νόμου
3380 4791 3474 4846 δύο
3500 4792 3670 4859 λαῶν,
3693 4795 3799 4848 τοῦ

2213 4897 2271 4933 τε
2316 4878 2532 4951 Ἰσραὴλ
2561 4880 2764 4933 καὶτοῦ
2806 4881 2997 4946 Ἰούδα,
3026 4881 3189 4952 φημί.
3230 4881 3298 4935 Οἵ
3330 4883 3424 4936 καὶ
3451 4884 3634 4954 μόνοις
3655 4885 3800 4956 χρῆ-

2213 4990 2301 5026 ναι
2321 4975 2434 5035 τοῖς
2451 4971 2547 5025 τοῦ
2584 4972 2719 5025 Θεοῦ
2762 4973 2856 5026 καὶ
2893 4974 3103 5044 Πατρὸς
3147 4973 3458 5028 ἀκολουθεῖν
3486 4977 3651 5047 ᾤοντο
3677 4977 3798 5029 δια-

2213 5067 2511 5134 τάγμασιν,
2538 5064 2728 5135 ῶσπερ
2757 5065 2952 5118 ἐκεῖνοι
2991 5065 3070 5135 τῷ
3114 5066 3383 5139 Ἀϐραὰμ,
3414 5067 3567 5121 οὔπω
3588 5068 3678 5121 τὸν
3706 5067 3798 5121 δι’

2215 5154 2286 5214 οὗ
2314 5158 2491 5212 πάντα
2516 5156 2764 5221 νοοῦντες
2791 5157 2940 5221 Υἱὸν,
2959 5158 3082 5211 οὐδὲ
3109 5158 3201 5212 τὸν
3227 5160 3322 5213 τοῦ
3352 5158 3565 5229 Πατρὸς
3591 5158 3797 5229 κληρο-

2214 5247 2377 5317 νόμον
2419 5244 2896 5314 ἐπιγινώσκοντες,
2938 5239 3111 5317 οῦπερ
3141 5246 3207 5301 ἂν
3228 5249 3467 5318 εἰσφέροι
3498 5247 3798 5315 καλλίστην

2216 5340 2347 5409 ἡμῖν
2361 5338 2460 5409 τὴν
2472 5336 2685 5404 εἰκόνα,
2717 5336 2911 5409 μικρὸς
2938 5339 3032 5391 καὶ
3048 5340 3106 5391 ἐν
3131 5339 3348 5402 κόλποις
3370 5338 3451 5392 ἐτι
3470 5339 3565 5392 τοῦ
3587 5337 3799 5392 οἰκείου

2215 5429 2420 5500 πατρὸς
2446 5431 2475 5482 6
2508 5426 2695 5482 Ἰσαὰκ
2735 5429 3008 5500 κείμενος,
3040 5430 3134 5482 καὶ
3159 5429 3257 5500 τὴν
3286 5431 3520 5502 δεσπότῃ
3548 5430 3799 5501 πρέπου-

2218 5539 2316 5576 σαν
2346 5521 2496 5574 οὔπω
2539 5521 2721 5592 φορῶν
2767 5520 3035 5585 ἐξουσίαν.
3078 5517 3187 5574 Ἦν
3226 5523 3324 5593 μὲν
3357 5523 3464 5591 γὰρ
3505 5524 3597 5575 καὶ
3645 5521 3799 5573 ἔστιν

2183 5640 2223 5669 ⁸⁵
2271 5638 2500 5703 15ῖι.ιιν,
2552 5636 2604 5689 2.
2688 5637 2731 5668 ⁸⁸
2765 5639 2924 5693 Prov.
2977 5640 3129 5701 xxrv‘,
3170 5639 3224 5689 ll
3256 5655 3269 5703 ;
3299 5638 3438 5691 Psal.
3492 5654 3669 5704 LXXXI,
3737 5640 3801 5693 4.
