4056 6260
355 281 448 337 HI

1346 258 1865 320 GLAPHYROIIUM
1904 256 1967 310 ιιν
2009 255 2306 307 (ὶιιΜιὸιΜ
2347 256 2456 307 LIB
2494 252 2583 306 III.

3498 253 3599 309 ΗΞ

353 393 440 445 ἀεὶ
483 389 685 459 Κύριος
721 388 815 443 καὶ
856 385 989 448 Θεὸς
1033 379 1346 441 παντέλειος
1378 379 1408 430 ὀ
1433 376 1580 438 Υἱός.
1626 373 1718 443 Τῷ
1756 369 1812 424 δέ
1847 368 1923 439 μὴ

2040 363 2440 419 :onvenientem
2459 360 2677 419 Christo
2694 369 3020 430 potestatem
3041 374 3253 432 gerens.
3284 361 3416 418 Erat
3428 364 3598 428 enim,

355 485 521 537 πᾶσιν
540 483 811 550 ὑπάρχειν
834 474 1166 546 καταφανὴς,
1189 471 1283 526 καὶ
1306 466 1539 541 μάλιστα
1558 466 1669 527 τοῖς
1693 460 1925 523 ἀνοσίοις

363 573 648 636 Ἰουδαίοις
677 572 762 635 εἰς
805 570 971 641 μόνην
998 566 1164 638 ὁρῶσι
1204 563 1302 632 τὴν
1350 559 1552 631 σάρκα,
1602 554 1797 627 μικρός
1842 567 1925 613 τις

359 663 502 721 εἶναι
539 664 635 718 καὶ
674 664 703 716 ό
744 660 916 731 τυχὼν
950 655 1245 727 ἐνομίζετο.
1286 651 1690 723 Συμμετρεῖται
1720 644 1779 700 δέ
1808 660 1925 705 suo;

363 756 643 824 ἀναλόγως
675 752 767 806 καὶ
803 753 925 814 ταῖς
953 747 1204 803 ἁπάντων
1231 741 1491 803 διανοίαις
1517 741 1550 808 ή
1591 737 1720 808 περὶ
1760 732 1926 824 αῦτοῦ

366 822 585 918 γνῶσις.
620 844 729 897 Καὶ
755 841 927 913 μικρά
961 840 1061 911 μὲν
1093 840 1152 892 ἐν
1184 836 1424 907 μικροῖς,
1459 829 1667 902 μεγάλη
1698 828 1754 882 δὲ
1776 822 1844 881 αὖ
1870 826 1928 878 ἐν

373 917 622 1010 μεγαλοις
649 935 985 1005 εὑρίσκεται.
1015 931 1128 985 Καὶ
1161 928 1292 997 γοῦν
1319 927 1368 980 οἱ
1398 924 1498 994 μὲν
1536 917 1811 993 προφῆταί
1836 934 1931 986 φα-

370 1048 472 1093 σιν,
514 1029 595 1081 ὅτι
625 1045 642 1077 ι
667 1025 858 1094 Μέγας
892 1012 986 1078 καὶ
1021 1020 1252 1091 φοϐερός
1273 1019 1420 1071 ἐστιν
1455 1015 1547 1069 ἐτιί⁸
1576 1013 1783 1073 πάντας
1804 1011 1929 1072 τοὺς

365 1116 674 1189 περικύκλῳ
698 1113 884 1181 αὐτοῦ,
916 1133 934 1166 ι
974 1110 1247 1175 τουτέστι,
1269 1107 1398 1170 τοὺς
1433 1104 1601 1174 ἐγγὺς
1637 1100 1802 1156 αὐτοῦ
1835 1117 1929 1169 γε-

361 1208 585 1277 γονότας
603 1205 692 1261 διά
723 1203 925 1274 πολλὴν
952 1203 1092 1271 ἄγαν
1117 1201 1420 1270 ἀγχίνοιαν.
1469 1194 1659 1248 Ὠδίνει
1686 1192 1742 1245 δέ
1779 1190 1874 1244 καὶ
1901 1191 1932 1243 ὀ

358 1300 566 1364 Παῦλός
590 1316 763 1363 τινας,
805 1314 825 1349 t
875 1297 1069 1367 ’Δχρις
1095 1288 1157 1347 οῦ
1183 1289 1442 1362 μορφωθῇ
1464 1285 1701 1359 Χριστὸς
1738 1284 1796 1335 ἐν
1830 1281 1927 1335 αὺ-

357 1395 487 1456 τοῖς.
532 1411 551 1444 ι
586 1391 897 1455 Τουτέστιν,
920 1388 1081 1459 ἄχρις
1111 1385 1176 1439 ἂν
1200 1385 1250 1437 οἱ
1273 1380 1496 1453 μεγάλοι
1518 1378 1613 1432 καὶ
1632 1374 1932 1444 ὑπερφυεῖς

358 1484 457 1554 τῆς
508 1483 763 1552 θεότητος
818 1478 988 1535 αὑτοῦ
1044 1475 1391 1548 χαρακτῆρες
1442 1474 1522 1534 εἰς
1562 1468 1656 1522 τὸν
1706 1465 1934 1554 ἐκείνων

364 1553 550 1646 ἠρέμα
607 1571 1019 1626 διαπλάττοιντο
1061 1566 1207 1621 νοῦν.
1243 1565 1316 1617 Τὸ
1342 1563 1397 1615 δέ
1433 1556 1790 1627 ἀκολουθῆσαι
1834 1553 1934 1646 μέν

360 1643 488 1725 τοὺς
521 1662 740 1725 οἰκέτας
795 1661 890 1714 καὶ
948 1659 1112 1729 μέχρι
1162 1655 1351 1727 τρίτης
1398 1651 1632 1724 ἡμέρας,
1693 1646 1769 1719 μὴ
1828 1643 1934 1717 μὴν

2024 464 2083 512 et
2127 463 2241 519 est,
2270 469 2489 524 semper
2523 452 2789 508 Dominus
2819 468 2884 508 ac
2924 452 3069 508 Deus
3103 451 3380 523 perfectus
3409 452 3599 511 Filius.

2026 546 2156 603 Ideo
2196 561 2330 602 vero
2375 545 2524 615 quod
2574 560 2683 599 non
2737 543 2993 600 omnibus
3029 542 3358 613 conspicuus
3411 544 3502 611 sit,
3545 556 3605 602 et

2028 638 2265 694 maxime
2299 636 2484 707 impiis
2512 634 2715 690 Judaais
2749 633 2819 688 ad
2845 634 3015 688 solam
3047 649 3267 689 carnem
3302 635 3602 705 respicien-

2028 731 2197 795 tibus,
2228 729 2489 800 parvulus
2519 727 2789 798 quispiam
2831 726 3149 798 putabatur.
3187 725 3438 798 Cognitio
3471 744 3605 784 vero

2029 822 2205 893 ipsius
2250 821 2495 876 omnium
2546 818 2847 874 intellectui
2876 818 3161 889 azquaiiter
3194 804 3609 891 correspoudet,’

2028 921 2085 968 et
2125 927 2289 983 parva
2333 910 2442 982 85
2484 909 2707 980 quidem
2752 918 2836 964 est
2870 908 2925 963 in
2957 924 3147 979 parvo,
3169 925 3362 981 magna
3390 926 3520 966 vero
3552 912 3607 966 in

2029 1004 2261 1075 magnis.
2292 1001 2455 1071 Atqui
2486 1002 2769 1072 propheta:
2785 1000 3007 1072 quidem
3027 1000 3239 1066 dicunt,
3266 1001 3412 1071 quod
3446 1022 3463 1054 ι
3490 1018 3608 1057 ma-

2030 1109 2170 1166 gnus
2195 1108 2259 1148 ac
2280 1092 2545 1148 terribilis
2570 1102 2655 1148 cst
2701 1108 2866 1161 super
2906 1107 3098 1149 omnes
3132 1092 3224 1163 qui
3275 1092 3330 1148 in
3370 1092 3608 1148 circuitu

2032 1184 2207 1255 ipsius
2220 1182 2287 1250 “,
2317 1204 2335 1236 ι
2358 1185 2463 1239 hoc
2482 1194 2586 1249 est,
2611 1185 2707 1254 qui
2733 1186 2876 1240 circa
2901 1186 3080 1255 ipsum
3101 1194 3229 1239 sunt
3257 1200 3357 1255 per
3380 1186 3606 1240 multam

2034 1280 2403 1350 sagacitatem.
2439 1279 2682 1335 Parturit
2703 1288 2885 1334 autem
2913 1279 3078 1335 etiam
3105 1280 3309 1334 Paulus
3340 1281 3607 1351 quosdam

2042 1386 2060 1420 ι
2100 1367 2275 1423 donec
2334 1367 2602 1423 formetur
2639 1368 2891 1424 Christus
2928 1369 2984 1422 in
3024 1369 3156 1438 ipsis
3191 1370 3258 1435 ⁸⁸,
3291 1390 3309 1422 ι
3354 1370 3461 1426 hoc
3500 1381 3605 1435 est,

2035 1458 2213 1513 donec
2256 1461 2437 1530 magni
2477 1470 2644 1531 atque
2679 1460 2932 1516 immensi
2983 1460 3287 1516 divinitatis
3330 1463 3450 1533 ejus
3476 1464 3608 1519 cha-

2034 1555 2279 1603 racteres
2306 1551 2566 1620 paulatim
2590 1552 2647 1605 in
2680 1566 2874 1605 eorum
2903 1551 3181 1607 mentibus
3208 1553 3608 1624 imprimantur.

2036 1637 2193 1705 Quod
2216 1657 2350 1696 vero
2379 1641 2552 1697 secuti
2576 1642 2687 1697 sint
2705 1641 2893 1696 famuli
2916 1658 3091 1712 usque
3115 1644 3180 1698 ad
3205 1647 3426 1700 tertium
3442 1647 3608 1713 diem,

367 1756 464 1808 καὶ
507 1751 898 1824 ἐπιτετράφθαι
931 1748 1068 1820 πρὸς
1103 1746 1203 1816 τὴν
1234 1744 1336 1814 γῆν
1373 1736 1802 1810 ἀνακομίζεσθαι
1837 1734 1934 1804 τὴν

2040 1746 2214 1800 neque
2262 1746 2585 1788 concessum
2619 1732 2689 1787 iis
2724 1731 2911 1797 fuerit,
2938 1741 2999 1787 ut
3022 1733 3090 1788 ad
3108 1735 3379 1791 excelsam
3407 1748 3464 1794 et
3482 1754 3611 1794 san-

370 1845 580 1914 ὑᾲηλήν
627 1860 685 1896 τε
734 1842 825 1895 καὶ
868 1839 1056 1911 ἱερὰν,
1094 1835 1336 1899 καθίζειν
1390 1832 1447 1886 δὲ
1498 1829 1700 1902 μᾶλλον
1753 1827 1935 1888 αὐτοῖς

370 1931 761 2003 προστετάχθαι
811 1932 952 2001 μετά
989 1928 1091 1998 τῆς
1138 1925 1285 1987 δνου,
1330 1923 1431 1991 τὴν
1477 1920 1565 1973 διὰ
1598 1918 1764 1986 νόμου
1802 1914 1935 1986 πρὸς

366 2025 496 2077 Θεὸν
521 2020 879 2092 ἀκολούθησιν
913 2017 1023 2072 τῶν
1051 2016 1146 2069 δύο
1168 2013 1317 2067 λαῶν
1350 2010 1626 2080 ὑποδηλοῖ,
1661 2008 1755 2062 καὶ
1778 2005 1935 2076 μέχρι

364 2113 460 2169 τοῦ
497 2114 681 2185 τρίτου
716 2109 1125 2181 παρατείνασαν
1169 2105 1383 2177 χρόνου,
1419 2100 1683 2166 τουτέστι,
1730 2097 1821 2151 τοῦ
1848 2113 1937 2149 τε-

367 2203 639 2268 λευταίου,
671 2201 791 2255 καθ’
814 2201 873 2257 ὃν
906 2200 1035 2269 ⁴ἡμῖν
1052 2197 1293 2265 ἐπεφάνη
1315 2193 1568 2264 Χριστός.
1595 2191 1753 2259 Τρισὶ
1772 2188 1880 2259 γάρ
1908 2189 1937 2239 ὁ

368 2293 592 2365 σύμπας
606 2292 736 2346 αἰὼν
757 2292 1101 2363 ἐκμετρεῖται
1119 2287 1344 2357 καιροῖς,
1366 2283 1738 2356 παρῳχηκότι,
1768 2280 1933 2352 φημὶ,

364 2385 464 2437 καὶ
502 2382 776 2445 ἐνεστῶτι,
807 2382 901 2433 καί
944 2378 1211 2449 μέλλοντι.
1243 2374 1451 2428 Οὐκοῦν
1475 2376 1533 2428 ἐν
1558 2373 1727 2445 τρίτῳ
1759 2372 1819 2425 τὸ
1848 2372 1938 2425 τέ-

362 2473 474 2536 λος.
520 2470 887 2542 Ἐπιδημῆσαί
930 2486 992 2539 γε
1025 2468 1130 2539 μὴν
1162 2467 1254 2520 τὸν
1292 2465 1527 2537 Χριστὸν
1578 2466 1636 2517 ἐν
1690 2464 1938 2534 ἐσχάτοις

363 2562 456 2615 τοῦ
486 2561 681 2624 αἰῶνος
711 2563 944 2631 καιροῖς,
976 2561 1007 2629 ὴ
1032 2558 1151 2611 θεία
1179 2556 1327 2625 λέγει
1345 2554 1558 2625 Γραφή.
1589 2552 1940 2607 Κατακολου-

365 2651 537 2725 θήσας
563 2650 745 2705 τοίνυν
766 2651 795 2701 ό
819 2649 1033 2720 Ἰσραὴλ
1056 2647 1144 2701 διὰ
1171 2647 1338 2717 νόμου
1372 2645 1450 2715 τῷ
1484 2643 1623 2716 Θεῷ,
1656 2644 1748 2698 καὶ
1779 2643 1939 2714 μέχρι

363 2741 472 2795 τῶν
496 2741 707 2814 χρόνων
738 2741 837 2810 τῆς
874 2736 969 2792 τοῦ
1003 2737 1255 2808 Σωτῆρος
1284 2735 1441 2807 ἡμῶν
1481 2732 1798 2804 ἐπιδημίας.
1838 2733 1939 2785 οὐκ

363 2831 593 2904 ἠθέλησε
624 2830 712 2883 διὰ
752 2829 852 2899 τῆς
886 2827 1122 2887 πίστεως
1149 2822 1507 2893 ἀκολουθῆσαι
1539 2819 1783 2892 Χριστῷ,
1802 2819 1940 2890 πρὸς

367 2923 460 2976 τὸν
501 2923 644 2993 ὑπὲρ
690 2920 909 2974 πάντων
958 2914 1305 2973 ἀναϐαίνοντι
1350 2912 1601 2973 θάνατον,
1635 2909 1835 2981 μᾶλλον
1882 2908 1939 2962 δέ

370 3015 465 3068 καὶ
505 3012 808 3067 κεκώλυται
836 3001 925 3064 διὰ
970 3007 1173 3069 πολλὰς
1211 3006 1506 3078 ἁμαρτίας.
1536 3003 1801 3073 Πώρωσις
1829 3001 1941 3070 γάρ

2035 1828 2180 1875 ctam
2213 1828 2418 1876 terram
2475 1821 2946 1888 conscenderent,
2986 1831 3042 1877 at
3084 1824 3269 1894 potius
3315 1826 3455 1896 jussi
3503 1827 3613 1882 sint

2035 1919 2229 1975 sedere
2260 1918 2337 1974 ibi
2361 1934 2486 1973 cum
2511 1918 2687 1983 asino,
2708 1918 2849 1973 duos
2869 1918 3099 1989 populos
3116 1935 3215 1989 per
3245 1920 3419 1991 legem
3438 1922 3610 1979 Deum

2036 2018 2327 2080 sequentes
2354 2009 2640 2081 signiﬁcat,
2674 2011 2742 2065 ad
2777 2010 2999 2066 tertium
3032 2018 3249 2082 tempus
3270 2030 3465 2084 usque,
3508 2016 3614 2073 hoc

2036 2109 2140 2165 est,
2170 2108 2532 2171 postremum,
2581 2100 2639 2155 in
2684 2116 2794 2171 quo
2841 2101 3002 2157 nobis
3036 2104 3288 2173 apparuit
3338 2104 3610 2162 Christus.

2038 2192 2242 2247 Tribus
2281 2193 2428 2247 enim
2463 2193 2803 2264 temporibus
2830 2194 3150 2248 universum
3194 2197 3453 2251 saeculum
3496 2214 3613 2255 me-

2038 2283 2228 2349 timur,
2280 2283 2578 2354 prazterito,
2634 2284 2878 2355 inquam,
2923 2286 3198 2356 presenti,
3235 2294 3293 2340 et
3318 2286 3524 2344 futuro.
3554 2289 3614 2344 In

2039 2375 2203 2429 tertio
2242 2373 2409 2446 igitur
2451 2383 2696 2445 tempore
2731 2375 2855 2431 ﬁnis
2879 2376 3240 2448 signiﬁcatur.
3268 2376 3497 2435 Venisse
3521 2396 3617 2437 au-

2039 2474 2147 2519 tem
2185 2465 2461 2521 Christum
2492 2465 2549 2519 in
2586 2466 2793 2522 ultimis
2823 2468 3007 2522 saeculi
3043 2469 3386 2538 temporibus
3431 2470 3616 2526 divina

2040 2557 2323 2628 Scriptura
2364 2558 2461 2613 ait.
2494 2558 2728 2613 Secutus
2755 2574 2887 2630 ergo
2911 2559 3077 2615 Israel
3111 2560 3282 2615 Deum
3317 2578 3415 2632 per
3440 2563 3614 2634 legem

2040 2648 2205 2702 etiam
2241 2663 2415 2719 usque
2438 2646 2507 2702 ad
2533 2654 2775 2718 tempora
2800 2648 3067 2704 adventus
3096 2650 3269 2705 nostri
3297 2649 3613 2718 Salvatoris,

2039 2737 2217 2792 noluit
2259 2753 2359 2808 per
2398 2736 2559 2791 ﬁdem
2596 2739 2751 2808 sequi
2791 2737 3091 2805 Christum,
3144 2740 3213 2796 ad
3245 2749 3479 2796 mortem
3516 2758 3616 2813 pro

2043 2828 2301 2882 omnibus
2353 2827 2692 2883 subeundam
2741 2828 3071 2894 venientem,
3116 2830 3227 2883 imo
3260 2846 3394 2885 vero
3424 2832 3615 2901 prohi-

2041 2916 2191 2971 bitus
2230 2925 2315 2971 est
2339 2917 2411 2971 ob
2443 2926 2793 2986 peccatorum
2834 2919 3263 2980 multitudinem.
3324 2922 3618 2978 Induratus

2042 3009 2189 3063 enim
2219 3018 2386 3064 estex
2423 3019 2575 3078 parte
2617 3009 2783 3065 Israel
2809 3028 2821 3063 :
2848 3011 2996 3081 quod
3019 3011 3357 3081 signiﬁcatur
3384 3028 3483 3083 per
3505 3015 3617 3071 asi—

371 3107 482 3162 ἀπδ
525 3105 724 3176 μέρους
752 3104 943 3174 γέγονε
982 3100 1063 3171 τῷ
1112 3099 1363 3170 Ἰσραήλ·
1412 3098 1533 3169 ητις
1563 3096 1652 3149 διὰ
1681 3095 1780 3164 τῆς
1819 3094 1938 3149 ὄνου

2044 3090 2197 3161 num,
2235 3098 2328 3167 qui
2353 3096 2572 3150 famulis
2599 3096 2810 3151 aderat.
2851 3098 3134 3168 Siquidem
3157 3100 3346 3156 asinus
3363 3111 3618 3160 extremae

373 3194 696 3267 σημαίνεται
711 3195 806 3265 τῆς
823 3195 936 3256 τοῖς
955 3191 1196 3253 οἰκέταις
1228 3187 1494 3257 συνούσης
1514 3186 1658 3239 τότε.
1694 3184 1944 3253 Ἀλογίας

369 3287 481 3360 γὰρ
516 3287 689 3358 ήδνος
705 3287 800 3356 τῆς
828 3284 1063 3356 ἐσχάτης
1103 3279 1301 3335 εἰκών·
1340 3279 1563 3348 ἀλογίας
1590 3277 1648 3330 δέ
1687 3276 1875 3330 τέκνον
1909 3277 1943 3346 ἡ

367 3376 645 3448 πώρωσις.
687 3375 762 3428 Τὸ
803 3374 887 3440 δέ,
923 3372 1030 3427 τῶν
1071 3370 1297 3427 οἰκετῶν
1339 3367 1797 3437 ἀπονοσφίζεσθαι
1845 3367 1943 3438 μὲν

368 3470 466 3524 καὶ
505 3469 813 3539 ἀναχωρεῖν
857 3466 975 3537 ἃμα
1005 3465 1084 3537 τῷ
1122 3464 1224 3536 υἰῷ
1265 3463 1358 3517 τὸν
1388 3461 1622 3534 πατέρα,
1662 3460 1736 3523 ὡς
1765 3459 1821 3512 δέ
1851 3459 1945 3512 καὶ

367 3562 450 3624 εἰς
479 3544 632 3622 αῦθις
667 3557 929 3628 ἐπανήξει
960 3557 1142 3625 λέγειν
1166 3573 1180 3587 ·
1216 3553 1444 3627 (ιἘγὼ
1481 3552 1611 3624 γὰρ,
1653 3553 1805 3622 φησὶ,
1852 3549 1945 3603 καὶ

367 3647 432 3701 τὸ
464 3646 749 3717 παιδάριον
790 3644 1174 3715 διελευσόμεθα
1206 3645 1309 3706 ἐως
1348 3637 1473 3706 ὧδε,
1501 3642 1594 3695 καὶ
1635 3640 1945 3711 προσκυνή-

370 3756 563 3802 σαντες
603 3737 1017 3808 ἀναστρέφομεν
1070 3736 1209 3806 πρὸς
1249 3720 1443 3805 ύμᾶς,)
1477 3752 1496 3785 ι
1543 3733 1799 3803 σημαίνει
1844 3730 1943 3801 τὴν

370 3832 707 3902 πρόσκαιρον
748 3828 1093 3901 ἀναχώρησιν
1130 3827 1223 3881 τοῦ
1266 3827 1400 3880 Θεοῦ
1446 3826 1543 3897 τὴν
1569 3827 1633 3878 ἐκ
1660 3824 1768 3877 τῶν
1814 3822 1944 3875 υἱῶν

382 3922 622 3995 Ἰσραὴλ,
654 3922 748 3974 καί
779 3921 877 3991 τὴν
922 3921 1014 3973 ἐπὶ
1039 3919 1182 3973 τέλει
1222 3917 1330 3971 τῶν
1372 3917 1582 3971 αἰώνων
1626 3917 1712 3968 ἐπ’
1746 3913 1945 3975 αὐτοὺς

369 4013 640 4083 ἐσομένην
679 4012 1050 4081 ὑποστροφὴν,
1082 4010 1170 4063 διά
1199 4010 1298 4079 τῆς
1332 4011 1413 4071 εἰς
1442 4006 1674 4078 Χριστὸν
1710 4005 1945 4063 πίστεως

367 4104 815 4175 ἐπιτελουμένην.
850 4104 1019 4156 Ὅταν
1055 4103 1167 4174 γὰρ
1203 4102 1262 4154 τὸ
1307 4101 1581 4171 πλήρωμα
1616 4096 1725 4148 τῶν
1775 4094 1946 4148 ἐθνῶν

370 4198 610 4269 εἰσέλθῃ,
639 4197 763 4249 τότε
811 4197 915 4258 πᾶς
957 4193 1174 4265 Ἰσραὴλ
1206 4193 1530 4263 σωθήσεται.
1564 4189 1637 4240 Τὸ
1660 4187 1717 4240 δέ
1755 4189 1830 4257 μὴ
1856 4186 1945 4239 λέ-

369 4304 489 4356 γειν
524 4288 626 4358 μὲν
659 4285 906 4358 ἐναργῶς
937 4285 1028 4339 τὸν
1060 4284 1329 4354 μακάριον
1366 4278 1636 4352 Ἀϐραὰμ,
1661 4278 1741 4331 ὅτι
1769 4276 1946 4330 θύσων

371 4380 546 4434 ἄνεισι
574 4380 666 4431 τὸν
714 4378 850 4441 υἱὸν,
885 4377 1160 4449 πρόφασιν
1193 4375 1248 4428 δὲ
1273 4373 1461 4442 ὥσπερ
1495 4372 1576 4437 τὸ,
1610 4391 1627 4422 ι
1670 4372 1816 4434 Ἕως
1840 4365 1940 4424 ὦδε

369 4465 775 4534 διελευσόμεθα,
815 4484 833 4517 ι
858 4464 1063 4526 λαϐεῖν,
1088 4466 1314 4533 σημεῖον
1336 4461 1401 4516 ἂν
1422 4461 1629 4530 γένοιτο
1660 4460 1828 4527 σαφὲς
1850 4456 1942 4510 τοῦ

375 4557 452 4628 μὴ
475 4556 829 4610 πεπιστεῦθαι
856 4559 968 4619 τοῖς
1004 4554 1273 4607 Ἰουδαίων
1303 4552 1451 4614 λαοῖς
1481 4552 1543 4604 τὸ
1568 4548 1804 4620 Χριστοῦ
1838 4566 1943 4619 μυ-

376 4649 612 4719 στήριον.
652 4649 761 4703 Καὶ
796 4647 1004 4719 ἀληθὴς
1035 4648 1166 4716 ἡμῖν
1209 4646 1239 4696 ὁ
1280 4643 1409 4714 περὶ
1459 4640 1646 4694 τούτου
1694 4641 1943 4708 φανεῖται

370 4739 551 4807 λόγος,
596 4740 726 4793 ὅταν
761 4739 961 4809 ἴδωμεν
1004 4737 1097 4789 τὸν
1134 4734 1339 4805 Ἰησοῦν
1387 4730 1794 4804 προσλαλοῦντα
1846 4729 1943 4799 μὲν

386 4830 657 4894 Ἰουδαίοις
689 4831 763 4895 ὡς
812 4833 868 4884 ἐν
921 4827 1257 4897 παραϐολαῖς
1313 4826 1409 4877 καὶ
1467 4823 1531 4876 δι’
1587 4820 1944 4889 αἰνιγμάτων,

373 4919 602 4988 λέγοντα
644 4920 702 4973 δέ
729 4920 826 4972 καὶ
860 4919 995 4987 πρὸς
1028 4916 1153 4978 τοὺς
1182 4913 1370 4966 ἐαυτοῦ
1406 4911 1648 4981 μαθητάς
1669 4928 1681 4941 υ
1721 4927 1740 4960 ι
1793 4909 1947 4977 Ὑμῖν

374 5009 580 5063 δέδοται
609 5009 814 5078 γνῶναι
840 5010 908 5062 τά
937 5008 1209 5077 μυστήρια
1238 5004 1336 5074 τῆς
1368 5000 1644 5071 βασιλείας
1664 4999 1757 5052 τοῦ
1785 4998 1945 5062 Θεοῦ,

374 5103 484 5164 τοῖς
515 5100 571 5154 δὲ
606 5100 816 5162 λοιποῖς
837 5100 894 5151 ἐν
927 5094 1284 5166 παραϐολαῖς.
1324 5112 1343 5143 ι
1377 5092 1450 5144 Τὸ
1477 5091 1534 5143 δέ
1556 5107 1619 5158 γε
1641 5089 1946 5158 παιδάριον,

378 5193 675 5257 τουτέστιν,
712 5193 740 5243 ὁ
783 5190 990 5247 Ἰσαὰκ,
1024 5190 1137 5249 τοῖς
1168 5185 1269 5253 τῆς
1306 5182 1722 5244 ὁλοκαυτώσεως
1771 5181 1948 5247 ξύλοις

381 5281 796 5354 κατεφορτίζετο
833 5281 923 5334 διὰ
954 5279 1132 5349 χειρὸς
1167 5277 1259 5330 τοῦ
1288 5277 1514 5346 πατρὸς,
1537 5276 1629 5327 καὶ
1658 5275 1819 5344 μέχρι
1843 5274 1948 5325 τῶν

380 5372 477 5442 τῆς
516 5373 708 5435 θυσίας
741 5372 1050 5441 ἀφικνεῖται
1088 5368 1287 5420 τόπων.
1329 5363 1670 5432 Ἐπωμάδιον
1705 5364 1813 5432 γὰρ
1858 5365 1947 5415 τὸν

383 5469 576 5519 οἰκεῖον
621 5467 804 5535 φέρων
862 5463 1113 5533 σταυρὸν,
1167 5459 1271 5524 ἔξω
1323 5456 1422 5525 τῆς
1486 5454 1659 5526 πύλης
1693 5454 1890 5508 ἔπαθεν
1921 5457 1949 5507 ό

416 5578 465 5609 ⁸³
496 5581 637 5631 Pani.
685 5594 935 5640 cavavit],
965 5575 1014 5629 8.
1096 5575 1138 5607 ⁶⁹
1173 5572 1347 5628 Galat.
1379 5586 1451 5635 IV,
1492 5569 1577 5623 I9.
1660 5570 1705 5606 ⁷ο
1736 5568 1870 5621 Gen.
1907 5585 1937 5620 x

2066 5570 2115 5620 5.
2160 5569 2201 5598 ⁷⁸
2236 5570 2393 5629 Rom,
2420 5586 2492 5626 VI,
2521 5570 2608 5620 9.8.

2046 3186 2479 3242 irrationalitatis
2505 3196 2589 3241 est
2618 3195 2796 3257 typus.
2837 3188 3273 3247 Irrationalitatis
3306 3208 3438 3249 vero
3473 3193 3619 3252 fetus

2044 3287 2129 3335 est
2166 3278 2474 3334 obduratio.
2514 3279 2670 3347 Quod
2709 3296 2842 3336 vero
2890 3298 2922 3337 a
2965 3281 3185 3338 famulis
3227 3296 3534 3355 separetur,
3562 3298 3619 3343 et

2044 3387 2153 3427 una
2185 3387 2310 3427 cum
2346 3370 2458 3426 ﬁlio
2500 3372 2759 3428 succedat
2790 3383 2964 3443 pater,
3009 3375 3267 3446 quodque
3309 3393 3503 3434 rursus
3527 3394 3617 3435 re-

2042 3479 2330 3519 versurum
2361 3479 2419 3519 se
2443 3463 2589 3518 dicat
2618 3482 2630 3518 :
2676 3464 2816 3535 «Ego
2837 3466 3006 3531 enim,
3028 3484 3046 3517 ι
3083 3465 3285 3537 inquit,
3322 3485 3342 3520 ι
3369 3477 3427 3524 et
3458 3485 3616 3540 puer,

2044 3557 2398 3611 transibimus
2427 3573 2600 3627 usque
2631 3557 2762 3624 huc,
2786 3567 2842 3614 et
2869 3567 3161 3629 postquam
3180 3561 3617 3627 adoraverimus,

2018 3646 2343 3701 'redibimus
2384 3647 2452 3701 ad
2498 3663 2596 3702 vos
2634 3648 2703 3713 ⁸η,
2738 3667 2756 3699 ι
2801 3649 3070 3720 signiﬁcat
3103 3652 3484 3721 temporariam
3523 3652 3621 3708 Dei

2043 3749 2075 3787 a
2107 3734 2230 3789 ﬁliis
2262 3736 2427 3791 Israel
2459 3738 2881 3806 separationem,
2932 3748 2989 3794 et
3038 3740 3094 3793 in
3150 3743 3623 3800 consummatione

2043 3826 2366 3896 saeculorum
2404 3826 2642 3880 reditum
2683 3827 2751 3881 ad
2786 3828 2933 3898 ipsos
2968 3829 3213 3882 futurum
3245 3844 3344 3898 per
3370 3829 3532 3885 ﬁdem
3566 3833 3621 3888 in

2043 3917 2341 3972 Christum.
2391 3916 2619 3983 Quando
2674 3918 2823 3971 enim
2882 3939 2899 3969 (
2927 3918 3210 3987 plenitudo
3249 3920 3495 3989 gentium
3535 3925 3621 3979 in-

2045 4024 2229 4078 gressa
2276 4007 2471 4070 fuerit,
2525 4015 2659 4061 tunc
2706 4007 2887 4061 omnis
2937 4007 3103 4061 Israel
3143 4008 3445 4063 salvabitur
3492 4013 3558 4064 “.
3597 4031 3616 4063 ›

2046 4097 2200 4162 Quod
2223 4108 2356 4149 vero
2380 4096 2573 4150 beatus
2598 4095 2872 4151 Abraham
2896 4112 3007 4151 non
3032 4104 3218 4167 aperte
3256 4098 3422 4165 dicat,
3462 4116 3520 4156 se
3554 4104 3622 4158 ad
3679 4107 3689 4122 ‘

2047 4187 2464 4243 sacriﬁcandum
2495 4186 2666 4242 ﬁlium
2708 4205 2867 4245 suum
2905 4191 3300 4257 conscendere,
3334 4194 3428 4248 sed
3459 4209 3621 4249 occa-

2047 4279 2255 4335 sionem
2302 4286 2565 4349 praatexat
2609 4299 2621 4334 :
2687 4301 2704 4332 ι
2746 4281 3124 4338 Transibimus
3179 4300 3350 4355 usque
3398 4285 3507 4342 huc
3544 4304 3558 4352 ;
3598 4309 3613 4339 ι

2048 4371 2333 4426 manifeste
2367 4369 2637 4439 signiﬁcat
2666 4372 2975 4427 Iudaeorum
3004 4375 3234 4444 populos
3269 4374 3472 4431 Christi
3503 4393 3619 4449 my-

2049 4464 2220 4517 sterio
2253 4463 2417 4518 ﬁdem
2452 4480 2563 4519 non
2594 4465 2929 4520 adhibuisse.
2966 4465 3033 4519 Et
3063 4482 3228 4521 verus
3258 4469 3481 4537 quidem
3519 4470 3621 4524 hac

2048 4555 2117 4608 de
2153 4571 2213 4613 re
2244 4570 2426 4610 sermo
2463 4555 2624 4610 nobis
2646 4556 2943 4623 videbitur,
2969 4572 3094 4612 cum
3126 4558 3410 4613 videamus
3433 4560 3619 4614 Jesnm

2048 4645 2284 4709 Iudaeos,
2333 4645 2507 4700 veluti
2558 4646 2612 4700 in
2661 4647 2955 4716 parabolis,
3004 4649 3393 4719 alloquentem,
3421 4652 3533 4723 86
3566 4663 3622 4706 ct

2049 4748 2148 4806 per
2198 4735 2401 4805 ﬁguras
2430 4753 2445 4801 ;
2483 4736 2552 4791 ad
2598 4736 2899 4808 discipulos
2934 4748 3117 4794 autem
3146 4756 3276 4796 suos
3303 4742 3577 4797 dicentem
3605 4763 3615 4795 :

2054 4845 2071 4877 ι
2103 4825 2274 4881 Vobis
2302 4826 2490 4881 datum
2518 4837 2602 4883 est
2631 4844 2792 4884 nosse
2838 4830 3095 4901 mysteria
3135 4832 3287 4901 regni
3327 4832 3445 4895 Dei,
3490 4833 3621 4887 reli-

2045 4918 2169 4986 quis
2212 4933 2345 4973 τοι-ο
2398 4920 2455 4973 in
2497 4919 2775 4990 parabolis
2816 4922 2882 4975 ⁷³.
2919 4941 2937 4972 ι
2994 4922 3137 4975 Puer
3185 4936 3337 4985 vero,
3380 4921 3486 4976 hoc
3515 4933 3619 4987 est,

2046 5005 2215 5073 Isaac,
2253 5009 2419 5079 lignis
2455 4992 2523 5063 ad
2557 5010 2886 5064 sacriﬁcium
2911 5010 3243 5063 onerabatur
3269 5026 3368 5081 per
3399 5028 3619 5066 manum

2047 5100 2238 5166 patris,
2277 5112 2333 5156 ct
2367 5116 2539 5169 usque
2571 5102 2636 5155 ad
2671 5102 2851 5155 locum
2886 5101 3137 5156 sacrificii
3168 5102 3433 5173 procedit.
3460 5103 3622 5158 Chri-

2050 5196 2169 5242 stus
2204 5190 2351 5243 enim
2392 5190 2669 5259 propriam
2712 5204 2930 5244 crucem
2957 5191 3201 5246 humeris
3233 5201 3451 5261 gestans
3471 5205 3623 5248 extra

2050 5288 2260 5347 portam
2312 5295 2503 5348 passus
2548 5290 2652 5344 est,
2699 5296 2807 5333 non
2853 5281 3091 5335 humana
3128 5283 3180 5334 vi
3212 5282 3280 5335 ad
3313 5282 3620 5350 passionem

2050 5378 2291 5432 coactus,
2341 5369 2434 5421 sed
2482 5385 2547 5423 ex
2590 5369 2809 5437 propria
2865 5370 3144 5422 voluntate
3179 5379 3234 5424 et
3271 5369 3493 5424 decreto
3527 5372 3623 5426 Dei

2051 5473 2115 5511 ac
2163 5458 2360 5521 Patris,
2400 5459 2554 5527 juxta
2593 5457 2646 5508 id
2688 5456 2833 5523 quod
2870 5457 2983 5525 ipsc
3015 5459 3210 5513 Pontio
3245 5460 3422 5516 Pilato
3451 5460 3619 5517 dixit:

2690 5571 2732 5601 ⁷⁵
2758 5570 2945 5624 Matth.
2973 5586 3085 5636 xm,
3112 5573 3171 5625 II
