4056 6260
513 286 618 344 N3

1544 286 1598 342 S.
1639 286 1915 345 CYR‘ILLI
1953 283 2425 342 ALEXANDRINI
2464 280 2783 339 ARCHLEP.

3676 290 3782 349 146

519 423 538 455 ι
580 402 699 459 Non
737 403 969 459 haberes
1002 403 1267 459 adversus
1301 419 1388 459 me
1420 411 1747 475 potestatem
1770 405 1956 472 ullam,
1988 403 2093 460 nisi

2215 401 2454 474 ἰ(ριστὸς,
2481 400 2582 454 οὐκ
2618 399 2676 467 ἐξ
2706 368 3067 470 ἀνθρωπίνης.
3100 399 3279 470 ἰσχύος
3307 400 3668 473 βεϐιασμένος
3700 407 3782 470 εἰς

514 497 641 550 data
672 495 770 550 tibi
805 504 949 551 esset
972 496 1209 566 desuper
1237 496 1304 549 ".
1334 514 1352 548 ι
1390 496 1686 567 lmpositus
1713 504 1895 551 autem
1934 496 2098 568 lignis

515 588 685 653 Isaac,
726 603 755 641 a
795 598 969 643 morte
1012 599 1068 644 et
1103 589 1357 658 passione
1393 589 1671 644 eximitur.
1709 588 1867 643 Aries
1906 603 2039 645 vero
2068 604 2099 643 a

517 679 629 732 Deo
676 677 837 733 datus
881 679 938 733 in
983 679 1317 734 sacriﬁcium
1367 679 1633 735 ascendit.
1674 680 1806 736 Erat
1835 679 2098 735 enim‘re-

514 784 644 824 vera
692 770 840 840 quod
892 786 960 825 ex
1002 771 1243 827 essentia
1288 771 1386 827 Dei
1429 786 1493 827 ac
1534 772 1712 827 Patris
1749 780 1930 828 ortum
1981 779 2101 828 erat

516 860 758 915 Verbum
775 860 832 915 in
850 861 1072 932 proprio
1100 864 1323 934 templo,
1345 863 1490 933 quod
1507 879 1575 918 ex
1589 864 1832 935 Virgine,
1854 865 2096 935 inquam,

514 950 678 1005 etiam
718 951 866 1022 ligno
908 951 1086 1008 aﬂixo.
1131 953 1414 1010 Exsistens
1440 970 1570 1009 vero
1595 962 1656 1008 ut
1692 955 1857 1021 Deus,
1883 955 2101 1025 impati-

514 1041 643 1102 bilis
669 1052 725 1098 et
765 1045 1112 1112 immortalis,
1166 1062 1196 1100 a
1248 1056 1426 1101 morte
1464 1055 1521 1101 et
1559 1047 1813 1119 passione
1857 1048 2101 1119 seipsum

496 1136 736 1191 exemit.
786 1136 1051 1192 Ascendit
1094 1145 1278 1193 autem
1318 1139 1375 1193 in
1419 1138 1645 1194 odorem
1680 1139 1964 1195 suavitatis
1991 1141 2102 1195 Deo

515 1240 580 1281 ac
604 1226 755 1281 Patri
783 1243 882 1298 per
912 1230 1198 1300 proprium
1237 1246 1458 1301 corpus,
1499 1230 1646 1300 quod
1675 1230 1792 1301 ipse
1827 1232 2103 1301 accepisse

517 1318 723 1374 dicitur
771 1336 803 1374 a
843 1321 1022 1386 Patre,
1069 1325 1222 1394 juxta
1255 1323 1309 1377 id
1345 1324 1494 1393 quod
1536 1324 1593 1378 in
1627 1324 1858 1379 Psalmis
1894 1324 2103 1401 dictum

515 1419 620 1475 est,
656 1413 826 1468 veluti
854 1414 922 1469 ab
951 1415 1068 1485 ipso
1096 1433 1109 1468 :
1144 1435 1163 1467 ι
1197 1416 1538 1471 Sacriﬁcium
1560 1424 1617 1472 et
1644 1417 1978 1473 oblationem
2002 1433 2102 1473 no-

517 1501 665 1556 luisti
694 1521 705 1555 :
736 1518 937 1572 corpus
974 1513 1156 1560 autem
1192 1505 1470 1576 perfecisti
1504 1506 1663 1572 mihi,
1706 1508 2024 1562 holocausta
2049 1514 2106 1563 et

517 1609 617 1664 pro
644 1605 866 1666 peccato
895 1613 1006 1652 non
1041 1597 1353 1666 postulasti.
1387 1597 1543 1653 Tunc
1573 1598 1683 1654 dixi
1710 1617 1722 1652 :
1754 1600 1895 1654 Ecce
1921 1599 2099 1654 venio.

516 1686 576 1742 In
615 1688 792 1758 capite
821 1688 950 1743 libri
984 1689 1252 1759 scriptum
1277 1697 1363 1745 est
1392 1691 1459 1746 de
1495 1706 1603 1756 me,
1629 1690 1702 1747 Ut
1738 1691 1977 1747 facerem
2009 1708 2106 1747 vo-

516 1778 783 1833 luntatem
814 1791 985 1844 tuam,
1021 1780 1168 1835 Deus
1198 1795 1377 1846 meus,
1410 1780 1561 1835 volui
1606 1782 1671 1835 ⁷⁸.
1707 1800 1725 1833 ι
1772 1781 1928 1848 Quod
1971 1798 2105 1839 vero
2139 1764 2177 1819 Β

520 1883 641 1938 quae
664 1869 718 1922 in
756 1868 1009 1934 historia,
1037 1886 1201 1940 quam
1230 1886 1344 1941 prae
1366 1872 1623 1927 manibus
1643 1872 1933 1938 habemus,
1968 1889 2103 1928 con-

520 1960 788 2025 tinentur,
829 1960 1058 2030 pulchre
1094 1958 1390 2018 admodum
1438 1963 1506 2018 ad
1535 1962 1818 2020 Christum
1857 1963 2105 2019 referan-

523 2059 633 2117 tur,
686 2051 990 2107 testabatur
1033 2053 1152 2124 ipse
1202 2054 1391 2110 dicens
1421 2073 1435 2108 :
1471 2075 1489 2107 ι
1517 2055 1575 2110 In
1606 2056 1785 2126 capite
1817 2055 1944 2111 libri
1966 2058 2106 2112 scri-

521 2153 677 2212 ptum
711 2151 797 2198 est
833 2143 901 2199 de
934 2159 1074 2199 me.»
1114 2145 1313 2201 Totum
1350 2146 1497 2202 enim
1534 2147 1733 2219 Moysis
1762 2149 2019 2204 volumen
2049 2150 2107 2204 in

521 2237 764 2307 quinqu‘e
802 2238 977 2294 libros
1011 2248 1096 2294 est
1115 2240 1400 2311 partitum.
1429 2239 1606 2310 Caput
1630 2248 1813 2297 autem
1837 2241 2108 2312 quodam-

523 2328 687 2384 modo
725 2338 781 2385 et
817 2330 1149 2401 principium
1191 2333 1360 2386 totius
1394 2330 1691 2387 voluminis
1738 2342 1823 2388 est
1875 2334 2106 2400 Genesis,

517 2421 578 2474 in
628 2436 735 2490 qua
767 2421 885 2476 haec
914 2422 982 2477 de
1018 2438 1086 2476 eo
1125 2422 1328 2492 scripta
1362 2430 1509 2477 sunt.
1540 2421 1696 2489 Quod
1727 2439 1860 2479 vero
1889 2440 2107 2481 rursum

524 2519 704 2582 caput,
744 2512 801 2565 in
840 2511 1011 2567 sacris
1042 2510 1228 2568 Libris
1260 2512 1595 2583 principium
1626 2514 1916 2586 signiﬁcet,
1949 2516 2110 2573 facile

527 2603 840 2658 constiterit
872 2604 945 2670 ei,
977 2605 1071 2674 qui
1101 2604 1236 2659 illud
1267 2621 1298 2658 a
1323 2604 1494 2660 Paulo
1522 2605 1729 2661 dictum
1754 2607 2107 2665 intellexerit:

533 2714 552 2744 ι
592 2693 729 2759 Quia
755 2694 936 2748 omnis
974 2694 1078 2748 viri
1124 2702 1289 2764 caput
1320 2703 1406 2749 est
1430 2693 1705 2761 Christus,
1737 2706 1901 2768 caput
1926 2707 2111 2753 autem

525 2787 777 2842 mulieris
814 2788 926 2853 vir,
965 2796 1131 2858 caput
1166 2795 1350 2841 autem
1381 2784 1605 2852 Christi,
1640 2788 1786 2844 Deus
1809 2790 1875 2843 ⁷⁵.
1904 2809 1922 2840 ι
1955 2789 2114 2845 Prin-

478 2914 481 2919 λ
525 2877 731 2948 cipium
779 2878 927 2933 enim
979 2877 1086 2932 viri
1127 2887 1211 2932 est
1259 2875 1533 2942 Christus,
1561 2877 1764 2948 quippe
1801 2877 1894 2948 qui
1928 2893 2055 2933 eum
2081 2893 2114 2933 a

525 2983 637 3024 non
681 2983 802 3024 esse
827 2966 896 3023 ad
943 2984 1064 3024 esse
1095 2967 1434 3039 perduxerit.
1462 2966 1800 3038 Principium
1827 2984 1960 3024 vero
1986 2984 2113 3023 rur-

2199 494 2262 548 τὸ
2290 492 2505 556 παθεῖν,
2529 492 2643 545 ἀλλ’
2674 492 2741 545 ἐκ
2770 489 3075 561 θελήματος
3101 492 3325 559 οἰκείου,
3352 493 3448 546 καὶ
3468 492 3663 562 βουλῆς
3684 495 3781 549 τοῦ

2199 585 2334 640 Θεοῦ
2369 586 2466 639 καὶ
2503 584 2738 656 Πατρὸς,
2773 584 2915 637 κατὰ
2937 583 2998 637 τὸ
3028 584 3318 656 εἰρημένον
3353 587 3483 657 παρ’
3515 570 3679 642 αὑτοῦ
3703 587 3793 658 τῷι

2201 678 2412 749 Ποντίῳ
2438 678 2674 747 Πιλάτῳ,
2713 695 2731 728 ι
2772 677 2886 729 Οὐκ
2920 675 3064 746 ἔχεις
3090 678 3212 730 κατ’
3238 676 3376 748 ἐμοῦ
3405 677 3654 743 ἐξουσίαν
3685 679 3782 731 οὑ-

2198 770 2413 841 δεμίαν,
2440 771 2488 821 εί
2522 767 2597 840 μὴ
2616 764 2683 840 ἦν
2708 767 2991 839 δεδομένον
3022 785 3105 821 σοι
3150 768 3379 823 ἄνωθεν.
3417 788 3435 821 ι
3480 769 3782 834 Ἐπιτεθεὶς

2199 861 2254 914 δὲ
2275 863 2387 924 τοῖς
2412 859 2592 927 ξύλοις
2618 861 2647 911 6
2692 858 2899 927 Ἰσαὰκ,
2932 860 3027 914 καὶ
3049 858 3145 912 τοῦ
3181 859 3415 915 θανάτου
3440 861 3535 916 καὶ
3559 861 3653 916 τοῦ
3678 878 3784 915 πα-

2201 952 2314 1007 θεῖν
2336 952 2761 1006 ὑποκλέπτεται.
2790 951 2962 1023 Κριὸς
2982 950 3039 1004 δὲ
3061 953 3143 1015 εἰς
3163 953 3263 1023 τὴν
3290 953 3480 1005 θυσίαν
3500 953 3782 1008 ἀναϐαίνει

2201 1043 2501 1108 θεόσδοτος.
2538 1045 2651 1097 Καὶ
2691 1042 2802 1114 γὰρ
2833 1038 2900 1113 ἦν
2950 1043 3047 1113 μέν
3086 1044 3256 1107 ὅντως
3286 1045 3314 1097 6
3354 1045 3420 1097 ἐκ
3457 1044 3555 1115 τῆς
3594 1046 3786 1109 οὐσίας

2199 1136 2294 1190 τοῦ
2341 1136 2476 1190 Θεοῦ
2517 1138 2611 1189 καὶ
2652 1134 2866 1205 Πατρὸς
2903 1133 3228 1205 ἀναλάμψας
3257 1134 3428 1204 Λόγος
3462 1137 3522 1191 ἐν
3559 1135 3638 1206 τῷ
3672 1134 3789 1206 ἰδίῳ

2202 1228 2336 1300 ναῷ,
2381 1228 2458 1298 τῷ
2490 1231 2554 1282 ἐκ
2576 1226 2879 1298 Παρθένου,
2919 1228 3085 1297 φημὶ,
3135 1229 3228 1281 καὶ
3272 1227 3676 1299 προσηλωθέντι
3708 1225 3789 1298 τῷ

2205 1321 2369 1393 ξύλῳ,
2416 1321 2716 1391 ’Υπάρχων
2750 1319 2807 1372 δέ
2835 1318 2911 1383 ὡς
2943 1319 3076 1384 Θεὸς
3105 1319 3324 1391 ἀπαθὴς
3366 1321 3460 1374 καὶ
3496 1321 3786 1387 ἀθάνατος,

2202 1415 2297 1468 καὶ
2327 1413 2558 1467 θανάτου
2585 1413 2679 1467 καὶ
2709 1410 2916 1474 πάθους
2942 1413 3133 1466 ἐαυτὸν
3160 1413 3445 1481 ὑπεξάγει.
3481 1413 3788 1467 Ἀναϐαίνει

2202 1507 2258 1560 δὲ
2292 1509 2371 1570 εἰς
2394 1506 2570 1577 ὀσμὴν
2594 1505 2823 1569 εὐωδίας
2859 1504 2937 1575 τῷ
2958 1504 3077 1576 Θεῷ
3100 1506 3194 1559 καὶ
3229 1506 3403 1577 Πατρὶ
3427 1505 3516 1559 διὰ
3532 1505 3624 1559 τοῦ
3657 1505 3789 1560 ἰδίου

2207 1596 2482 1668 σώματος,
2523 1598 2661 1670 ὅπερ
2708 1597 2870 1662 αὐτὸς
2918 1597 3197 1668 εἰληφέναι
3243 1598 3460 1666 λέγεται
3510 1597 3663 1670 παρὰ
3691 1597 3790 1652 τοῦ

2208 1690 2440 1761 Πατρὸς,
2472 1691 2614 1744 κατὰ
2638 1690 2700 1743 τὸ
2727 1691 2785 1745 ἐν
2820 1691 3073 1763 Ψαλμοῖς
3102 1692 3392 1763 εἰρημένον
3418 1691 3494 1756 ὡς
3532 1694 3664 1764 παρ’
3686 1693 3792 1746 αὑ-

2206 1781 2330 1835 τοῦο
2365 1800 2384 1833 ι
2421 1782 2624 1836 Θυσίαν
2646 1783 2742 1837 καὶ
2778 1784 3097 1854 προσφορὰν
3133 1784 3235 1836 οὐκ
3278 1783 3575 1853 ἠθέλησας,
3629 1784 3795 1857 σῶμα

2205 1874 2263 1928 δὲ
2291 1873 2607 1946 κατηρτίσω
2628 1891 2740 1944 μοι,
2769 1874 3216 1946 ὁλοκαυτώματα,
3236 1875 3332 1927 καὶ
3358 1878 3489 1947 περὶ
3512 1877 3797 1946 ἁμαρτίας

2206 1966 2306 2019 οὐκ
2337 1965 2656 2035 εὐδόκησας.
2681 1965 2817 2019 Τότε
2846 1961 3021 2019 εἶπον·
3061 1964 3198 2019 Ἰδοὺ
3223 1965 3363 2036 ἥκω.
3412 1967 3500 2019 Ἐν
3540 1966 3797 2035 κεφαλίδι

2210 2056 2417 2128 βιϐλίου
2444 2057 2759 2129 γέγραπται
2778 2057 2908 2128 περὶ
2929 2057 3061 2128 ἐμοῦ
3082 2074 3095 2087 °
3117 2055 3224 2110 Τοῦ
3250 2056 3475 2127 ποιῆσαι
3494 2058 3555 2111 τὸ
3570 2059 3792 2130 θέλημά
3843 2118 3847 2122 ,

2210 2166 2303 2203 σου
2345 2148 2675 2221 ἠϐουλήθην.
2731 2168 2750 2200 ι
2799 2150 2923 2202 ’Ότι
2956 2149 3012 2201 δέ
3067 2147 3133 2202 τὰ
3177 2151 3240 2202 ἐκ
3289 2149 3390 2220 τῆς
3433 2150 3798 2223 προτεθείσης

2207 2241 2340 2311 ἡμῖν
2370 2240 2611 2311 ἱστορίας
2636 2239 2816 2303 καλῶς
2846 2239 2909 2310 δὴ
2939 2238 3061 2292 λίαν
3091 2241 3171 2302 είς
3204 2238 3440 2310 Χριστὸν
3474 2239 3800 2310 άνοισθήσε-

2208 2347 2321 2395 ται,
2345 2330 2690 2402 μαρτυρήσει
2712 2330 2876 2384 πάλιν
2904 2330 3062 2393 αὐτός
3095 2347 3195 2383 που
3217 2329 3394 2400 λέγων
3416 2347 3428 2360 ·
3465 2350 3484 2382 ι
3519 2329 3610 2385 Ἐν
3629 2348 3799 2401 κεφα-

2209 2421 2313 2475 λίδι
2359 2421 2565 2492 βιϐλίου
2616 2421 2929 2494 γέγραπται
2978 2422 3109 2493 περὶ
3150 2420 3306 2493 ἐμοῦ.
3363 2440 3383 2475 ›
3432 2422 3644 2475 Βιϐλίον
3681 2424 3799 2496 γὰρ

2211 2511 2549 2583 πενταμερές
2597 2511 2718 2566 ὅλον
2752 2512 2868 2565 ἐστὶ
2904 2511 2966 2565 τὸ
3011 2513 3259 2576 Μωσέως
3287 2512 3614 2581 σοφώτατον
3658 2512 3797 2583 σύγ-

2211 2618 2466 2673 γραμμα.
2526 2603 2754 2674 Κεφαλὴ
2793 2603 2848 2656 δὲ
2890 2602 3078 2675 ὥσπερ
3114 2605 3210 2657 καὶ
3258 2604 3402 2677 ἁρχὴ
3433 2603 3530 2658 τοῦ
3583 2604 3798 2676 βιϐλίου

2212 2694 2435 2759 παντὸς,
2471 2695 2501 2765 ἡ
2536 2695 2768 2765 ἐπίκλην
2810 2694 3084 2763 Γένεσις,
3121 2698 3179 2750 ἐν
3205 2690 3439 2772 ταῦτα
3476 2700 3797 2771 γέγραπται

2213 2784 2342 2856 περὶ
2378 2784 2649 2857 Χριστοῦ.
2695 2785 2817 2840 Ὀτι
2859 2786 2917 2840 δέ
2951 2786 3114 2841 πάλιν
3142 2788 3177 2859 ή
3212 2786 3450 2858 κεφαλὴ
3483 2788 3582 2860 τὴν
3619 2790 3800 2861 ἀρχὴν

2214 2876 2365 2948 παρὰ
2394 2879 2512 2941 ταῖς
2540 2876 2713 2942 θείαις
2742 2878 2998 2950 σημαίνει
3026 2879 3293 2951 Γραφαίς,
3326 2880 3801 2956 πληροφορηθήσῃ

2214 2968 2418 3035 καλῶς,
2433 2970 2607 3023 ἐκεῖνο
2632 2970 3003 3042 συνιεὶς,ὄπερ
3021 2972 3049 3024 6
3065 2970 3275 3035 Παῦλός
3297 2988 3461 3042 φησιν
3485 2989 3500 3004 ’
3532 2956 3801 3044 ι”Οτιπερ

526 3076 622 3116 sus
668 3060 917 3116 mulieris
956 3061 1064 3126 vir,
1119 3068 1344 3131 propter
1387 3058 1444 3113 id
1494 3059 1640 3129 quod
1686 3058 1894 3115 dictum
1922 3067 2025 3127 est,
2057 3070 2112 3117 et

2217 3062 2419 3127 παντὸς
2457 3062 2702 3134 ἀνδρὸς-1]
2726 3063 2964 3134 κεφαλὴ,
2988 3064 3016 3117 6
3033 3064 3277 3135 Χριστὸς
3305 3064 3714 3136 ἐστιν.Κεφαλὴ
3740 3066 3800 3119 δέ

524 3168 656 3208 vere
687 3152 927 3208 factum:
960 3172 978 3204 ι
999 3153 1129 3223 ’Ipsa
1145 3151 1438 3207 vocabitur
1469 3150 1686 3218 mulier,
1724 3152 1853 3223 quia
1888 3168 1956 3207 ex
1991 3151 2112 3207 viro

2222 3155 2505 3224 γυναικὸς,
2521 3155 2722 3227 ὁάνήρ.
2747 3155 2975 3226 Κεφαλὴ
2995 3156 3052 3210 δὲ
3079 3155 3341 3227 Χριστοῦ,
3362 3156 3588 3222 ὁΘεός.»
3626 3157 3800 3229 Ἀρχὴ

524 3244 703 3314 ipsius
740 3251 1020 3313 assumpta
1049 3252 1133 3297 est
1165 3243 1232 3296 ⁷⁸.
1270 3261 1288 3293 ι
1330 3241 1536 3297 Christi
1570 3251 1753 3297 autem
1780 3242 2112 3313 principium

2223 3247 2322 3318 μὲν
2356 3247 2466 3317 γὰρ
2487 3245 2580 3299 τοῦ
2622 3246 2814 3318 ἀνδρὸς
2841 3249 2869 3301 6
2899 3248 3134 3318 Χριστὸς
3153 3287 3168 3314 ,
3199 3247 3275 3311 ὡς
3312 3249 3379 3301 ὲκ
3408 3249 3503 3302 τοῦ
3536 3248 3614 3320 μὴ
3641 3248 3801 3313 ὄντος

530 3336 702 3389 Deum
728 3334 905 3404 ipsum
937 3348 1058 3387 esse
1101 3331 1213 3398 ait;
1255 3332 1525 3402 siquidem
1562 3348 1630 3387 ex
1652 3332 1772 3402 ipso
1808 3332 2112 3387 sectmdum

2221 3338 2300 3402 εἰς
2333 3337 2394 3390 τὺ
2429 3332 2570 3390 εἴναι
2601 3336 2979 3406 παρενεγκών.
3021 3335 3191 3408 Ἀρχὴ
3228 3336 3284 3390 δὲ
3316 3336 3478 3392 πάλιν
3518 3338 3667 3391 ἐστὶν
3698 3337 3801 3408 τῆς

531 3432 784 3479 naturam
836 3432 921 3479 est
968 3424 1159 3490 Filius,
1205 3432 1261 3479 et
1302 3423 1634 3495 principium
1683 3424 1850 3478 habet
1898 3423 2112 3478 Patrem

2229 3428 2488 3497 γυναικὸς
2537 3429 2565 3482 6
2608 3426 2768 3499 ἀνὴρ,
2806 3427 2894 3481 διὰ
2925 3427 2986 3481 τὸ
3031 3428 3320 3500 εἰρημένον
3354 3445 3415 3482 τε
3438 3429 3532 3483 καὶ
3579 3427 3802 3499 άληθῶς

530 3515 808 3586 principio
844 3523 1143 3581 carentem,
1193 3515 1302 3586 87
1354 3515 1688 3586 sempiterne
1739 3514 1943 3585 alioqui
1991 3529 2112 3570 cum

2229 3518 2642 3590 πεπραγμένον’
2693 3537 2711 3570 ι
2746 3517 2893 3589 Αὕτη
2940 3518 3274 3590 κληθήσεται
3313 3519 3472 3590 γυνὴ,
3498 3519 3581 3573 ὅτι
3607 3520 3673 3572 ἐκ
3704 3516 3798 3573 τοῦ

534 3609 656 3676 ipso
683 3606 1039 3662 coexsistens.
1605 3624 1611 3631 -

2223 3608 2417 3681 ἀνδρὸς
2460 3609 2631 3681 αὐτῆς
2678 3609 2909 3682 ἐλήφθη.
2943 3628 2963 3660 ι
3013 3610 3254 3682 Χριστοῦ
3288 3612 3348 3665 δέ
3395 3611 3592 3683 ἀρχὴν,
3636 3609 3801 3664 αὐτὸν

422 3722 443 3729 ε
535 3695 679 3754 εἶναέ
702 3716 835 3769 φησι
878 3698 972 3751 τὸν
1013 3697 1166 3765 Θεδν,
1204 3698 1436 3771 ἐπείπερ
1470 3699 1529 3766 ἐξ
1569 3699 1733 3753 αὐτοῦ
1768 3699 1910 3754 κατὰ
1951 3699 2112 3771 φύσιν
2150 3701 2299 3756 ἐστὶν
2349 3704 2377 3756 6
2430 3702 2576 3770 Υἱὸς,
2613 3704 2708 3758 καὶ
2728 3704 2901 3776 ἀρχὴν
2923 3702 3155 3776 ἄναρχος
3184 3704 3295 3776 ἔχει
3324 3702 3414 3757 τὸν
3441 3703 3802 3777 γεννήσαντα,
3908 3716 3917 3737 '

537 3797 674 3873 μετᾶ
699 3796 794 3850 καὶ
830 3794 924 3849 τοῦ
957 3794 1324 3867 συνυπάρχειν
1352 3796 1540 3860 άῖδίως
1574 3796 1744 3868 αὐτῷ.

605 3892 659 3947 3.
698 3888 915 3962 Optime
969 3890 1160 3962 igitur,
1189 3905 1310 3944 mea
1361 3889 1587 3960 quidem
1639 3892 1946 3959 sententia,
1987 3893 2121 3948 huic

536 3983 778 4041 historiae
817 3980 1022 4039 Christi
1070 3981 1388 4054 mysterium
1444 3983 1964 4040 accommodabitur.
2004 3985 2119 4057 Ego

534 4092 670 4133 vero
697 4092 896 4132 censeo
929 4076 1176 4131 divinum
1203 4075 1477 4132 Abraham
1505 4091 1718 4131 summe
1750 4078 1911 4133 nobis
1941 4078 2119 4134 admi—

539 4167 809 4231 randum,
867 4167 1207 4235 summisque
1259 4166 1515 4221 laudibus
1572 4169 1916 4224 evehendum
1967 4186 2115 4237 esse;

2296 3896 2364 3959 γ’.
2406 3888 2639 3962 Ἀριστα
2669 3888 2766 3960 μὲν
2815 3884 2946 3953 οὖν,
3001 3887 3254 3959 καθάπερ
3283 3879 3518 3958 ἐγῷμαι,
3559 3888 3672 3950 τοῖς
3706 3888 3804 3959 τῆς

2230 3980 2468 4053 ἱστορίας
2505 3981 2684 4048 λόγοις
2738 3980 3080 4051 ἐφήρμοσται
3125 3979 3185 4032 τὸ
3221 3979 3537 4050 μυστήριον.
3576 3976 3699 4050 Χρὴ
3722 3979 3801 4043 δέ,

2226 4071 2403 4146 οἶμαι,
2428 4073 2612 4127 λοιπὸν
2641 4072 2864 4143 ἐξαισίῳ
2895 4070 3133 4142 θαύματι
3154 4068 3806 4141 κατακαλλύνεσθαιπρὸς

2226 4169 2384 4239 ἡμῶν
2431 4166 2522 4220 τὸν
2559 4164 2848 4219 θεσπέσιον
2911 4164 3194 4235 Ἀϐραὰμ,
3226 4163 3321 4217 καὶ
3358 4165 3470 4227 τοῖς
3514 4163 3594 4225 εἰς
3635 4161 3806 4233 ἄκρον

541 4268 805 4329 praeterea
823 4257 995 4311 divini
1020 4254 1237 4310 artiﬁcii
1264 4255 1690 4324 profunditatem
1713 4270 1965 4315 accurate
1986 4276 2112 4315 con-

2227 4258 2470 4320 ἐπαίνοις
2502 4256 2702 4310 εὐκλεᾶ
2729 4257 2842 4319 τοῖς
2879 4253 3191 4325 ἁπανταχοῦ
3221 4253 3318 4307 καὶ
3346 4253 3644 4326 περίοπτον
3672 4255 3807 4306 ἁνα-

542 4347 913 4404 siderandam.
936 4345 1277 4401 Tentabatur
1291 4346 1439 4401 enim
1460 4346 1680 4403 divinus
1698 4348 1994 4415 Abraham,
2010 4366 2121 4405 non

544 4441 830 4513 ignorante
856 4437 969 4492 Deo
992 4446 1248 4492 eventum
1283 4436 1362 4491 rei
1398 4454 1410 4490 :
1441 4452 1620 4507 neque
1651 4438 1797 4492 enim
1824 4437 2121 4508 quidquam

542 4533 710 4586 lateat
759 4537 998 4584 mentem
1053 4525 1298 4581 omnium
1348 4527 1643 4583 consciam.
1696 4528 1907 4584 Idcirco
1955 4529 2122 4585 etiam

544 4624 691 4676 Deus
715 4618 855 4674 dixit
888 4637 900 4671 :
937 4636 955 4669 ι
988 4616 1121 4684 Quis
1151 4626 1237 4673 est
1266 4616 1376 4683 hic,
1405 4617 1501 4688 qui
1528 4619 1669 4674 celat
1695 4635 1783 4674 me
1811 4620 2120 4686 consilium,

547 4710 838 4766 continens
857 4717 1040 4764 autem
1064 4707 1232 4762 verba
1257 4706 1313 4761 in
1333 4708 1498 4763 corde
1516 4723 1603 4763 me
1624 4716 1781 4779 putat
1804 4710 1973 4767 latere
1993 4712 2075 4765 “’7?
2096 4730 2114 4763 ι

545 4804 616 4859 Ει
647 4818 746 4874 per
774 4816 963 4857 vocem
994 4799 1147 4855 Isaia:
1178 4814 1396 4853 rursum
1425 4816 1439 4853 :
1476 4817 1494 4849 ι
1524 4798 1660 4866 Quia
1685 4816 1784 4871 ego
1810 4816 1931 4856 sum
1956 4801 2120 4868 Deus,

545 4904 603 4953 et
647 4910 757 4952 non
799 4900 884 4951 est
922 4893 1065 4949 alius
1101 4900 1300 4963 praeter
1342 4906 1430 4946 me
1462 4889 1531 4957 ⁷⁸,
1591 4893 1923 4949 annuntians
1968 4895 2124 4965 prius

546 4988 840 5044 novissima
857 4986 1175 5058 priusquam
1192 4980 1343 5046 ﬂant,
1366 4979 1598 5037 etsimul
1627 4983 1894 5053 completa
1926 4995 2072 5040 sunt.
2100 5005 2118 5037 ι

546 5078 862 5135 Ahsurdum
901 5078 1084 5147 itaque
1118 5075 1174 5129 in
1210 5072 1405 5144 primis
1431 5071 1789 5144 iudicandum
1821 5074 2006 5143 fuerit,
2040 5093 2129 5132 ar-

548 5170 743 5228 bitrari
772 5170 946 5224 Deum
976 5168 1147 5223 totius
1176 5164 1417 5221 universi
1450 5163 1634 5220 futura
1667 5165 1940 5236 ignorare,
1971 5168 2126 5224 ideo-

549 5278 658 5334 que
705 5269 917 5317 tentare
956 5258 1250 5313 Abraham.
1297 5255 1566 5312 Caeterum
1600 5259 1970 5315 necessarium
2011 5268 2130 5315 erat

550 5366 663 5407 non
690 5350 747 5405 in
769 5350 883 5405 sola
910 5349 1008 5405 Dei
1033 5347 1345 5419 cognitione
1363 5349 1498 5419 justi
1532 5356 1695 5419 caput
1720 5349 2004 5415 illustrari,
2031 5350 2128 5406 sed

551 5442 726 5513 ipsius
761 5440 999 5509 laudem,
1034 5439 1464 5513 praeclarissimis
1505 5440 1672 5496 rebus
1716 5450 1965 5497 testatam
2007 5457 2127 5497 om-

552 5533 707 5588 nium
740 5533 1050 5605 cognitione
1082 5532 1584 5604 approbationeque
1622 5532 1910 5589 celebrari.
1952 5532 2126 5605 Opor-

2226 4346 2561 4400 δείκνυσθαι.
2612 4347 2723 4399 Καὶ
2771 4344 2907 4417 πρός
2942 4361 3007 4413 γε
3051 4343 3116 4415 δὴ
3165 4341 3342 4412 τούτῳ
3390 4341 3808 4415 περιαθρεῖσθαι

2231 4437 2417 4508 σαφῶς
2442 4439 2544 4508 τῆς
2586 4435 2734 4499 θείας
2766 4436 3047 4506 εὐτεχνίας
3073 4436 3206 4505 ἡμῖν
3234 4434 3292 4488 τὸ
3324 4432 3509 4505 βάθος.
3550 4432 3809 4504 Ἐπειρά-

2230 4527 2354 4594 ζετο
2382 4531 2490 4600 γὰρ
2515 4530 2543 4582 6
2568 4526 2856 4591 θεσπέσιος
2891 4525 3166 4597 Ἀϐραὰμ,
3183 4525 3286 4578 οὐκ
3311 4524 3643 4595 ὴγνοηκότος
3670 4521 3807 4577 Θεοῦ

2228 4619 2290 4673 τὸ
2327 4619 2605 4689 ἐσόμενον.
2651 4616 2819 4672 Λάθοι
2862 4616 2971 4686 γὰρ
3012 4615 3077 4668 ἂν
3105 4613 3258 4666 οὐδὲν
3282 4611 3373 4663 τὸν
3404 4609 3584 4663 πάντα
3626 4610 3808 4665 εἰδάτα

2235 4710 2378 4766 νοῦν.
2417 4709 2706 4782 Τοιγάρτοι
2736 4709 2831 4761 καὶ
2862 4707 3096 4777 ἔφασκεσ
3136 4721 3155 4754 ι
3193 4700 3288 4763 Τίς
3316 4693 3470 4762 οὗτος
3490 4700 3520 4752 6
3546 4701 3810 4770 κρύπτων

2236 4820 2302 4875 με
2331 4802 2548 4873 βουλὴν,
2577 4801 2818 4871 συνέχων
2847 4799 2904 4853 δὲ
2934 4800 3152 4869 ῥήματα
3183 4794 3239 4845 ἐν
3265 4790 3482 4862 καρδίᾳ,
3508 4791 3609 4862 ἐμὲ
3635 4790 3810 4845 οἴεται

2236 4892 2529 4964 κρύπτειν;
2572 4911 2591 4944 ι
2639 4892 2732 4944 καὶ
2767 4889 2857 4942 διὰ
2896 4886 3080 4958 φωνῆς
3124 4883 3345 4936 Ἦσαῖου
3380 4881 3541 4935 πάλιν
3571 4897 3586 4912 ’
3628 4900 3648 4933 ι
3685 4882 3810 4935 Ὅτι

2232 4983 2342 5053 ἐγώ
2365 4985 2481 5054 εἰμι
2505 4986 2532 5037 6
2560 4983 2713 5046 Θεὸς,
2735 4982 2829 5035 καὶ
2855 4981 2954 5033 οὑκ
2983 4978 3129 5031 ἐστιν
3156 4974 3234 5028 έτι
3258 4975 3396 5044 πλὴν
3420 4973 3577 5045 ἐμοῦ.
3619 4974 3812 5042 ’Δναγ-

2232 5075 2436 5146 γέλλων
2475 5075 2738 5147 πρότερον
2790 5071 2859 5125 τά
2900 5070 3106 5139 ἔσχατα
3154 5068 3285 5139 πρὶν
3325 5066 3464 5121 αὐτὰ
3511 5065 3808 5135 γενέσθαι,

2233 5167 2328 5221 καὶ
2354 5166 2470 5238 ἅμα
2498 5163 2923 5219 συντετέλεσται.
2954 5179 2971 5212 ι
2990 5158 3198 5212 Οὐκοῦν
3223 5158 3569 5229 ἀπόπληκτον
3589 5156 3807 5228 κομιδῇ,

2234 5260 2329 5315 καὶ
2354 5262 2412 5314 ἐν
2437 5262 2548 5323 τοῖς
2575 5257 2714 5326 ἄγαν
2745 5254 3147 5323 ἀπηχεστάτοις
3185 5248 3661 5319 καταλογιούμεθα
3685 5263 3813 5317 φρο-

2235 5350 2451 5413 νοῦντες
2477 5349 2673 5420 ὀρθῶς,
2698 5346 2759 5400 τὸ
2776 5342 3104 5414 ἠγνοηκέναι
3130 5344 3228 5412 μὲν
3256 5340 3463 5395 οἴεσθαι
3483 5341 3552 5393 τὰ
3579 5339 3811 5408 ἐσόμενα

2236 5443 2326 5496 τὸν
2368 5442 2477 5495 τῶν
2532 5442 2669 5496 ὅλων
2727 5436 2887 5498 Θεὸν,
2937 5433 3221 5502 πειράζειν
3271 5432 3328 5487 δέ
3380 5432 3469 5486 διὰ
3519 5430 3678 5484 τοῦτο
3721 5429 3812 5481 τὸν

2251 5508 2520 5611 Ἀβρῖάμ.
2565 5532 2702 5585 Ἀλλ’
2732 5528 2800 5602 ἦν
2850 5528 3147 5598 ἀναγκαῖον
3172 5568 3185 5591 ,
3231 5524 3307 5596 μὴ
3339 5526 3397 5578 ἐν
3443 5524 3642 5592 είδήσει
3678 5520 3812 5597 μόνῃ

630 5650 843 5709 "Joan.
884 5672 992 5724 χιε,
1019 5654 1105 5709 Η.
1182 5654 1228 5685 ⁷⁸
1261 5654 1613 5724 Ρειιίηχκκιι,
1645 5656 1717 5724 9;
1755 5658 1922 5715 Hebr.
1957 5673 2008 5721 κ,
2043 5656 2094 5708 7.

2215 5658 2217 5678 ‘
2260 5655 2279 5708 1
2312 5653 2439 5707 Cor.
2481 5669 2555 5717 an,
2581 5652 2646 5717 ὃς
2675 5650 2872 5720 Ephcs.
2900 5664 2953 5711 τιν,
2978 5646 3067 5699 25.
3142 5644 3189 5675 ⁷⁸
3210 5643 3347 5699 Gen.
3397 5657 3452 5706 ιι,
3478 5640 3566 5694 25.
3645 5639 3693 5673 "'
3712 5634 3817 5696 Job

563 5724 854 5791 xxxvmﬂ.
934 5720 979 5758 ⁷⁸
1027 5725 1129 5781 lsa.
1184 5739 1299 5791 χιτ,
1372 5723 1561 5777 18-22.
