4056 6260
311 404 417 462 145

1326 397 1848 456 GLAPHYRORUM
1884 398 1952 453 IN
1988 397 2289 454 GENESIM
2327 400 2454 461 LIB.
2496 401 2583 457 ΠΙ,

3458 401 3561 459 ηδ

311 527 383 597 ττι
427 522 584 593 παρά
631 521 755 591 Θεῷ
803 520 899 592 τὴν
944 519 1036 573 τοῦ
1089 517 1300 573 δικαίου
1334 518 1891 591 καταλαμπρύνεσθαι

2001 517 2143 573 tebat
2192 517 2356 572 etiam
2405 533 2683 573 sacrarum
2724 518 3055 579 Litterarum
3099 519 3366 588 prmconio
3408 534 3561 574 sum-

315 613 598 684 κεφαληνο
648 611 1035 682 εὐκλεεστάτην
1091 610 1148 665 δὲ
1200 610 1402 682 μᾶλλον
1449 610 1890 680 καταπλουτῆσαι

316 704 421 778 τὴν
454 701 730 768 εὔκλειαν,
764 702 855 758 καὶ
878 704 936 755 ὲν
958 702 1076 766 ταῖς
1109 702 1367 756 ἁπάντων
1395 702 1630 771 γνώσεσι
1661 700 1749 754 διὰ
1772 699 1891 754 πεί-

331 812 436 868 ρας
462 796 630 864 αὐτῆς
658 796 743 864 ἐφ’
766 794 935 851 ἅπασι
963 796 1070 857 τοῖς
1090 794 1334 864 ἀρίστοις
1362 792 1888 865 μεμαρτυρημένην’

328 886 477 939 Ἔδει
493 885 577 939 καὶ
593 884 681 939 διά
694 884 798 940 τῶν
816 883 973 956 ἱερῶν
990 884 1212 954 βοᾶσθαι
1234 885 1610 957 Γραμμάτων,
1633 885 1717 939 ὅτι
1744 884 1894 937 πλεῖ-

330 990 450 1027 στον
479 974 598 1027 ὅσον
623 974 683 1026 ἐν
707 972 856 1044 αὐτῷ
897 973 956 1027 τὸ
981 973 1215 1045 εὐήνιον,
1255 975 1477 1028 καὶτῶν
1506 974 1893 1045 θεσπισμάτων

328 1061 492 1125 πολὺς
521 1057 589 1132 ἦν
628 1063 657 1114 ὁ
699 1061 889 1129 λόγος,
933 1060 1132 1132 μᾶλλον
1165 1062 1223 1114 δὲ
1250 1062 1313 1114 τὸ
1350 1061 1681 1132 ὐπρτεροῦν
1718 1059 1890 1116 οὐδέν.

325 1145 465 1205 Ἧκε
491 1152 546 1204 δὲ
578 1154 660 1214 είς
686 1151 845 1204 τοῦτο
876 1151 1103 1224 γνώμης
1123 1169 1181 1205 τε
1211 1152 1306 1205 καὶ
1338 1151 1677 1223 προθυμίας,
1699 1154 1775 1215 ὡς
1801 1153 1896 1205 καὶ

321 1244 486 1314 αὐτῆς
515 1243 780 1314 ἀλογῆσαι
809 1245 909 1313 τῆς
940 1244 1021 1307 είς
1058 1245 1250 1299 τέκνον
1281 1244 1523 1315 ἀγάπης,
1549 1245 1646 1299 καὶ
1670 1246 1771 1315 τὴν
1799 1246 1895 1316 τῆς

326 1328 704 1392 παιδοκτονίας
741 1329 817 1400 μὴ
846 1330 1161 1384 καταδεῖσαι
1188 1333 1430 1403 γραφήν.
1465 1333 1576 1386 Καὶ
1606 1333 1668 1386 τό
1693 1349 1758 1402 γε
1792 1350 1896 1386 πα-

323 1419 685 1491 ραδοξότερον,
736 1422 795 1474 ὲν
836 1422 986 1492 αὐτῷ
1022 1423 1397 1494 προσεδόκησε
1460 1423 1637 1496 πατὴρ
1678 1424 1895 1479 ἔσεσθαι

324 1512 539 1566 πολλῶν
563 1512 760 1567 ἐθνῶν.
800 1513 942 1566 Ἀλλ’
970 1513 1089 1584 ⁴ᾔδει
1110 1514 1203 1566 καὶ
1225 1514 1557 1584 ἀψευδοῦντα
1578 1515 1717 1588 πρὸς
1739 1516 1897 1569 τοῦτο

320 1602 477 1656 Θεόν;
500 1597 637 1656 Εἶτα
656 1602 1050 1674 προσεκόμιζεν
1071 1606 1148 1669 είς
1174 1605 1362 1659 Θυσίαν
1390 1606 1451 1659 τὸ
1471 1607 1775 1678 παιδάριον,
1797 1607 1897 1660 οὐκ

327 1695 387 1746 ὲν
428 1692 738 1760 ἀπογνώσει
786 1691 1023 1762 γεγονὼς
1081 1694 1187 1748 τῶν
1242 1696 1665 1767 ἐπηγγελμένων
1684 1736 1700 1760 ,
1762 1697 1897 1750 ἀλλά

328 1782 452 1843 ταῖς
481 1780 575 1834 τοῦ
623 1780 889 1834 Δεσπότου
938 1782 1229 1853 δυνάμεσιν
1265 1784 1517 1848 ἀναθεὶς,
1549 1785 1611 1838 τὸ
1653 1785 1801 1848 ὅπως
1832 1784 1898 1838 ἀν

1990 622 2135 661 mam
2172 607 2291 677 ejus
2327 607 2694 663 obedientiam
2729 607 3027 673 decantari,
3056 607 3310 678 quodque
3343 608 3560 666 divino-

1993 712 2114 752 rum
2144 706 2539 768 praeceptorum
2571 711 2819 767 magnam
2845 697 3112 751 rationein
3143 696 3416 761 habuerit,
3451 699 3561 752 imo

1991 787 2137 859 quod
2172 788 2310 842 nihil
2344 788 2497 858 prius
2524 787 2632 842 illis
2658 787 2876 841 dixerit.
2911 786 2989 841 Ita
3015 787 3163 841 enim
3189 786 3418 842 aﬁ‘ectus
3439 779 3565 852 fuit,
3590 838 3593 845 .

1994 878 2240 948 adeoque
2279 885 2535 947 prompto
2574 878 2778 943 animo,
2818 885 2879 930 ut
2915 878 3094 946 ipsum
3130 877 3294 932 etiam
3334 892 3462 950 erga
3501 879 3566 933 ﬁ-

1993 969 2127 1023 lium
2153 984 2393 1024 amorem
2425 968 2742 1039 neglexerit,
2776 978 2943 1038 utque
2975 969 3071 1022 ﬁlii
3106 970 3427 1026 sui‘caedem
3457 985 3568 1025 non

1992 1065 2300 1113 vereretur.
2334 1057 2404 1111 Et
2424 1056 2571 1126 quod
2599 1056 2770 1127 magis
2793 1057 3124 1123 mirandum,
3147 1058 3204 1112 in
3233 1058 3352 1129 ipso
3380 1075 3566 1129 spera-

1995 1147 2089 1202 bat
2116 1156 2275 1217 pater
2304 1147 2423 1201 ﬁeri
2456 1148 2749 1203 multarum
2778 1149 3040 1219 gentium.
3067 1149 3338 1206 Cal-erum
3360 1150 3573 1207 sciebat

1995 1241 2168 1296 Deum
2202 1241 2423 1297 mentiri
2454 1256 2565 1296 non
2589 1256 2770 1311 posse.
2805 1243 3011 1298 Deinde
3042 1243 3266 1299 adduxit
3298 1243 3471 1303 ﬁlium
3499 1245 3577 1300 ad

1996 1331 2346 1397 sacriﬁcium,
2380 1346 2493 1387 non
2514 1332 2582 1387 de
2603 1332 2981 1402 promissionis
3008 1335 3238 1391 veritate
3265 1336 3564 1407 ambigens,

1996 1420 2092 1474 sed
2124 1420 2192 1474 ad
2213 1420 2429 1474 Domini
2456 1426 2783 1489 potestatem
2812 1421 3075 1488 referens,
3097 1439 3332 1493 quanam
3357 1426 3570 1480 ratione

1992 1507 2337 1581 jurijurando
2364 1524 2464 1565 suo
2508 1519 2696 1565 staret.
2733 1511 2922 1581 Neque
2955 1527 3087 1567 vero
3126 1514 3445 1585 infrugit'era
3485 1531 3571 1569 res

1996 1601 2046 1655 ei
2084 1600 2209 1665 fuit,
2236 1601 2463 1657 tentatio
2513 1616 2637 1656 cum
2689 1609 2842 1657 tanta
2910 1604 3212 1661 acerbitate
3257 1608 3566 1678 conjuncta.

1998 1692 2238 1746 Edoctus
2255 1692 2403 1745 enim
2425 1698 2530 1757 est,
2549 1690 2721 1746 veluti
2744 1705 2811 1746 ex
2831 1706 2898 1747 eo
2917 1691 3065 1763 quod
3083 1700 3411 1748 eventurum
3429 1703 3567 1755 erat.

2000 1781 2417 1838 resurrectionis
2460 1797 2491 1835 a
2532 1782 2766 1837 mortuis
2822 1784 3039 1838 omnem
3089 1784 3359 1840 rationem
3403 1800 3568 1855 supe-

328 1873 497 1943 είδείη
542 1871 780 1942 πληροῦν
823 1872 885 1925 τὸ
926 1871 1272 1943 ώμοσμὲνον.
1300 1876 1413 1928 Καὶ⁸
1443 1876 1544 1928 οὐκ
1583 1876 1810 1946 ἀκερδὲς
1840 1876 1900 1929 τὸ

2001 1888 2127 1928 rans
2162 1879 2327 1943 atque
2359 1873 2687 1943 stupendum
2717 1874 3039 1929 miraculum
3070 1892 3083 1927 :
3112 1883 3376 1944 prsterea
3400 1890 3567 1930 vene-

326 1961 517 2034 χρῆμα
536 1962 706 2034 αὐτῷ,
724 1964 904 2017 καίτοι
926 1964 1015 2017 διά
1039 1964 1235 2037 πείρας
1253 1965 1383 2019 ίόντι
1403 1968 1499 2037 τῆς
1518 1965 1659 2020 οὕτω
1679 1968 1897 2037 πικρᾶς.

338 2054 688 2108 Ἐδιδάσκετο
721 2055 837 2126 γὰρ
866 2055 943 2119 ὡς
971 2056 1081 2109 ἀπό
1115 2073 1178 2125 γε
1224 2056 1320 2110 τοῦ
1352 2058 1635 2128 μέλλοντος
1668 2059 1899 2129 συμϐαίο

326 2159 464 2207 νειν,
497 2144 600 2212 τῆς
642 2145 707 2197 ὲκ
750 2145 962 2216 νεκρῶν
1000 2146 1346 2210 ἀναστάσεως
1396 2148 1458 2201 τὸ
1501 2148 1658 2219 λόγου
1701 2151 1900 2213 παντὸς

327 2231 473 2302 πέρα
492 2232 590 2285 καὶ
613 2231 973 2298 ἀξιάκουστον
995 2230 1179 2302 θαῦμα
1197 2274 1209 2296 ,
1237 2233 1332 2288 καὶ
1360 2236 1583 2307 προσέτι
1609 2236 1669 2290 τὸ
1697 2237 1895 2291 σεπτὸν

322 2321 420 2375 καὶ
456 2321 601 2391 μέγα
641 2322 741 2392 τῆς
789 2322 1251 2393 ὲνανθρωπήσεως
1293 2323 1384 2378 τοῦ
1423 2325 1760 2395 Μονογενοῦς
1795 2344 1898 2396 μυ-

324 2409 563 2481 στήριον.
602 2410 712 2463 Καὶ
755 2411 887 2478 γοῦν
934 2413 963 2464 6
999 2410 1286 2476 Θεσπέσιος
1332 2404 1565 2480 Παῦλος,
1601 2434 1621 2468 ι
1673 2418 1896 2481 Πίστει,

327 2501 495 2571 φησὶ,
546 2502 947 2573 προσενήνοχεν
1002 2503 1257 2575 Ἀϐραὰμ
1285 2506 1377 2562 τὸν
1426 2508 1616 2563 Ἰσαάκ
1643 2490 1899 2580 πειραζόο

329 2609 518 2665 μενος,
552 2593 648 2647 καὶ⁵
676 2595 769 2646 τὸν
804 2594 1068 2665 μονογενῆ
1102 2596 1438 2668 προσέφερεν
1470 2601 1498 2653 6
1525 2598 1625 2663 τάς
1662 2600 1900 2669 ἐπαγγε-

324 2680 440 2747 λίας
472 2683 881 2755 ἀναδεξάμενος.
913 2685 1055 2756 Πρὸς
1077 2685 1136 2740 δν
1155 2687 1409 2759 ἐλαλήθη·
1427 2689 1516 2742 Ἐν
1559 2689 1744 2745 Ἰσαὰκ
1769 2689 1901 2761 κλη-

2001 1964 2232 2021 randum
2264 1973 2427 2035 atque
2450 1965 2642 2035 ingens
2666 1965 3057 2021 incarnationis
3078 1966 3353 2035 Unigeniti
3373 1976 3568 2038 myste-

2000 2057 2163 2110 rium.
2211 2055 2368 2111 Unde
2409 2063 2467 2109 et
2515 2056 2735 2111 divinus
2783 2056 2985 2111 Paulus
3029 2073 3043 2109 :
3101 2075 3119 2108 ι
3176 2056 3326 2121 Fide,
3369 2056 3567 2127 inquit,

2000 2147 2202 2203 obtulit
2240 2147 2515 2203 Abraham
2552 2147 2701 2202 Isaac
2723 2163 2847 2203 cum
2881 2155 3205 2213 tentaretur,
3237 2155 3293 2203 et
3318 2149 3569 2217 unigeni-

1999 2245 2118 2292 tum
2162 2236 2447 2301 oﬁ‘erebat,
2494 2238 2551 2291 in
2592 2253 2703 2307 quo
2758 2244 3077 2308 susceperat
3123 2236 3573 2307 repromissiones

2003 2328 2093 2401 (ad
2130 2342 2295 2398 quem
2328 2327 2535 2383 dictum
2561 2336 2681 2383 est:
2715 2327 2854 2394 Quia
2891 2328 2949 2381 in
2974 2326 3122 2382 Isaac
3148 2326 3263 2398 88
3286 2325 3573 2381 vocabitur

2000 2420 2102 2475 tibi
2140 2418 2371 2489 semen),
2419 2418 2693 2474 arbitrans
2720 2418 2848 2489 quia
2878 2427 2936 2473 et
2972 2433 3003 2473 a
3035 2417 3268 2472 mortuis
3308 2417 3572 2472 suscitare

1999 2519 2195 2580 potens
2231 2516 2317 2565 est
2354 2510 2516 2573 Deus,
2552 2509 2697 2565 unde
2730 2525 2857 2564 eum
2890 2517 2947 2563 et
2983 2509 3040 2563 in
3072 2508 3384 2579 parabolam
3412 2522 3572 2564 acce-

1999 2600 2082 2671 pit
2107 2601 2175 2653 7’.
2210 2619 2230 2651 ι
2266 2598 2403 2655 Cum
2441 2599 2588 2654 enim
2630 2613 2887 2654 successu
2914 2600 3177 2668 temporis
3201 2600 3346 2653 Deus
3376 2614 3441 2653 ac
3467 2599 3570 2653 Pa—

2000 2699 2085 2747 ter
2109 2692 2287 2763 ipsum
2313 2692 2482 2747 veluti
2520 2690 2760 2746 radicem
2796 2705 2861 2746 ac
2889 2690 3221 2760 principium
3254 2690 3571 2744 innumera-

328 2767 549 2839 θήσεταί
581 2788 663 2824 σοι
698 2771 921 2842 σπέρμα
940 2789 955 2802 ’
987 2773 1346 2845 λογισάμενος
1376 2778 1458 2830 ὅτι
1482 2779 1575 2832 καὶ
1602 2780 1667 2833 ὲκ
1689 2780 1898 2850 νεκρῶν

2001 2800 2122 2839 rum
2159 2783 2404 2853 gentium
2435 2792 2759 2838 ostensurus
2789 2789 2954 2846 esset,
2986 2790 3202 2835 mortuo
3232 2794 3335 2849 pro
3367 2778 3573 2832 mundo

330 2857 540 2930 ἐγεῖραι
569 2860 792 2925 δυνατὸς
823 2864 851 2915 ό
881 2863 1036 2926 Θεὸς,
1068 2864 1190 2919 ὅθεν
1216 2866 1376 2920 αὐτὸν
1404 2870 1499 2922 καὶ
1533 2872 1590 2923 ὲν
1612 2870 1898 2943 παραϐολῇ

2001 2876 2377 2939 Emmanuele,
2414 2875 2623 2929 idcirco
2655 2888 2755 2943 per
2783 2874 2925 2927 hanc
2959 2871 3336 2939 tentationem,
3369 2868 3576 2923 utiliter

329 2951 640 3022 ἐκομίσατο.
690 2973 711 3007 ι
772 2955 991 3028 Ἐπειδὴ
1038 2958 1147 3029 γὰρ
1184 2958 1374 3028 ἔμελλε
1415 2960 1559 3015 κατὰ
1607 2965 1831 3035 καιροὺς
1872 2966 1900 3017 ὁ

2001 2966 2196 3021 doctus
2215 2973 2299 3020 est
2313 2967 2496 3036 justus
2526 2963 2801 3017 Abraham
2828 2963 3155 3016 immensum
3195 2967 3358 3028 atque
3381 2957 3573 3011 ineﬁ‘a-

328 3043 463 3108 Θεὸς
506 3046 602 3099 καὶ
640 3047 862 3120 Πατὴρ,
900 3049 1056 3120 ῥίζαν
1107 3050 1297 3122 ὥσπερ
1342 3053 1505 3109 αὑτὸν
1542 3056 1639 3108 καὶ
1685 3056 1900 3124 γένεσιν

2003 3059 2171 3114 bilem
2197 3058 2292 3113 Dei
2323 3072 2387 3111 ac
2410 3056 2586 3111 Patris
2611 3070 2740 3125 erga
2776 3068 2878 3107 nos
2904 3065 3178 3115 amorem;
3198 3049 3290 3119 qui
3313 3048 3581 3119 t'pt‘OpriO

331 3136 547 3208 μυρίων
574 3139 711 3192 ὅσων
738 3140 1057 3208 ἀποφαίνειν
1090 3141 1291 3206 ἐθνῶν,
1328 3143 1622 3207 τεθνεῶτος
1650 3146 1791 3217 ὑπὲρ
1808 3146 1898 3199 τοῦ

2003 3152 2144 3206 Filio
2173 3166 2282 3205 non
2312 3147 2607 3219 pepercit,»
2640 3144 3097 3216 quemadmodum
3124 3156 3285 3212 supra
3312 3140 3570 3202 diximus,

328 3190 538 3298 ³κόσμου
565 3228 662 3282 τοῦ
705 3190 1049 3302 Ἐμμάνουήλ
1070 3270 1084 3284 .
1112 3190 1366 3304 ταύττὶτοι
1396 3234 1483 3287 διὰ
1513 3190 1709 3305 πείῖρας
1730 3190 1899 3306 atina;

2010 3264 2028 3295 ι
2059 3244 2155 3299 sed
2183 3190 2550 3297 tradildii’eum
2577 3190 2675 3310 pr;
2698 3238 2953 3294 omnibus
2978 3235 3139 3291 nobis
3158 3233 3204 3266 ⁸⁸
3236 3252 3255 3285 ι
3287 3248 3386 3303 per
3410 3231 3571 3286 ﬁdem

326 3317 615 3387 χρησίμως
640 3321 670 3372 6
694 3319 904 3384 δίκαιος
937 3322 1247 3376 ὲδιδάσκετο
1272 3321 1366 3376 τοῦ
1400 3323 1536 3377 Θεοῦ
1564 3326 1656 3378 καὶ
1686 3327 1902 3398 Πατρὸς

330 3405 428 3477 τὴν
455 3408 715 3479 ὑπερφυᾶ
754 3411 851 3464 καὶ
883 3412 1158 3484 ἄφραστον
1198 3415 1456 3485 είςιήμᾶς
1492 3417 1803 3486 ἀγάπησινο
1843 3419 1901 3482 ὃς

331 3514 395 3567 γε
457 3499 594 3553 «τοῦ
628 3502 759 3555 ίδίου
808 3502 939 3556 Υίοῦ
983 3505 1082 3557 οὐκ
1118 3505 1401 3573 ἐφείσατο,
1444 3525 1462 3557 ι
1508 3507 1761 3579 καθάπερ
1793 3510 1894 3580 ἢδη

332 3589 665 3660 προείπομεν
689 3630 705 3655 ,
742 3611 761 3644 ι
801 3593 916 3646 ἀλλ’
954 3594 1092 3663 ὑπὲρ
1123 3595 1285 3665 ήμῶν
1318 3596 1535 3649 πάντων
1583 3599 1902 3669 παρέδωκεν

331 3678 490 3733 αὐτὸν
523 3698 542 3732 ι
577 3680 688 3735 τῶν
717 3682 775 3735 ἑν
804 3683 984 3736 πίστει
1014 3683 1473 3756 δεδικαιωμένων,
1510 3688 1604 3739 καὶ
1632 3689 1710 3752 είς
1736 3690 1903 3744 τέκνα

331 3769 729 3841 λελογισμένων
768 3772 862 3826 τοῦ
908 3775 1251 3846 προπάτορος
1308 3777 1575 3849 Ἀϐραάμ.
1623 3780 1684 3832 Εἰ
1715 3779 1822 3849 γάρ
1850 3798 1902 3834 τι

331 3859 435 3930 χρὴ
459 3862 554 3914 καὶ
579 3861 687 3915 τῶν
712 3864 1063 3934 ἀνθρωπίνων
1088 3865 1551 3938 διατεκμήρασθαι
1579 3908 1595 3936 ,
1636 3869 1805 3937 φαίην
1831 3869 1905 3923 ’ἂν

240 3958 253 3965 ”
329 3952 411 4004 ὃτι
451 3952 709 4027 φορτικόν
748 3970 809 4006 τε
837 3955 931 4006 καὶ
962 3955 1242 4010 δύσοιστον
1269 3956 1348 4027 τῷ
1392 3957 1658 4028 μακαρίῳ,
1685 3958 1906 4026 γέγονεν

343 4041 596 4115 ’Δϐραάμ
626 4044 687 4097 τὸ
727 4044 1025 4115 προστάξαι
1057 4046 1190 4099 Θεὸν
1231 4048 1525 4100 καταθύειν
1549 4047 1642 4099 τὸν
1696 4047 1903 4100 Ἰσαάκ.

332 4133 459 4195 Πῶς
489 4136 600 4205 γὰρ
627 4133 730 4187 οίει
764 4134 1064 4190 διακεῖσθαι
1103 4136 1223 4190 τότε
1249 4137 1340 4190 τὸν
1368 4136 1527 4189 τοῦτο
1558 4136 1691 4205 δρᾷν
1724 4138 1907 4189 ἐπιτε-

330 4221 629 4290 ταγμένονς
671 4223 834 4294 Ἀνὴρ
862 4225 941 4286 είς
967 4224 1146 4295 γῆρας
1172 4223 1452 4294 ἐληλακὼς
1486 4224 1644 4293 βαθὺ,
1678 4224 1778 4280 ἕνα
1810 4225 1905 4279 καὶ

331 4310 554 4381 ὀψιγενῆ
580 4312 887 4384 πλουτήσας
917 4315 1033 4368 υἱὸν
1057 4356 1072 4378 ,
1102 4315 1492 4388 παρῃρημένος
1515 4315 1594 4387 τῷ
1635 4317 1809 4389 χρόνῳ
1846 4317 1908 4371 τὸ

333 4401 427 4455 καὶ
452 4390 659 4470 ἑτέρων
689 4403 943 4459 δύνασθαι
973 4406 1222 4474 γενέσθαι
1254 4408 1454 4478 πατὴρ,
1482 4408 1901 4481 ἀφηλ[ι]κεστέ-

335 4509 437 4561 ραν
453 4492 514 4546 δὲ
530 4493 626 4565 καὶ
650 4494 811 4566 αὐτὴν
833 4495 969 4565 έχων
992 4496 1091 4567 τὴν
1112 4498 1520 4567 συνῳκισμένην
1560 4496 1649 4571 (ἦν
1669 4502 1777 4572 γὰρ
1810 4504 1907 4554 καὶ

335 4583 470 4653 αὐτὴ
505 4583 801 4653 πρεσϐύτις
824 4587 857 4656 ἠ
880 4587 1108 4658 Σάρρα),
1138 4587 1227 4640 τὸν
1255 4585 1396 4640 οὕτω
1418 4589 1744 4661 τριπόθητον
1766 4592 1899 4644 ἀπο-

339 4674 596 4742 σφάττειν
615 4676 730 4729 υίὸν
749 4675 1061 4748 ἀμελ[λ]ητὶ
1087 4670 1499 4748 προσετάτεετο,
1518 4680 1609 4733 τὸν
1639 4681 1904 4751 μονογενῆ

336 4766 427 4819 καὶ
459 4767 811 4821 πολύευκτον.
859 4760 1011 4839 ΠοίιξιΔ
1032 4770 1139 4840 γάρ
1178 4770 1435 4824 δύνασθαι
1470 4773 1615 4842 χειρὶ
1648 4772 1907 4842 προσεδό-

338 4873 502 4927 κησεν
529 4860 558 4912 6
585 4858 918 4930 πρεσϐύτης,
948 4861 1262 4930 κατωθῆσαι
1289 4863 1386 4935 μὲν
1410 4863 1504 4916 τοῦ
1531 4864 1816 4935 μειρακίου
1848 4866 1909 4918 τὸ

340 4945 515 5016 ξίφος,
549 4948 649 5020 τὴν
680 4951 739 5003 δὲ
770 4949 942 5015 οὕτως
987 4951 1223 5022 ἐλεεινὴν
1252 4952 1394 5006 κατά
1425 4953 1518 5007 τοῦ
1554 4954 1684 5008 ἰδίου
1712 4955 1907 5023 γεννή-

345 5053 505 5105 ματος
536 5039 809 5111 τολμῆσαι
851 5044 1098 5112 σφαγήν;
1135 5040 1260 5114 'Ap’
1292 5039 1386 5096 οὖν
1421 5045 1520 5098 οὑκ
1551 5047 1750 5098 ἐννοεῖν
1778 5045 1908 5099 ἀκόο

342 5125 546 5194 λουθον,
575 5132 659 5184 ὅτι
692 5133 890 5202 πικρὸς
918 5134 1009 5186 καὶ
1037 5133 1230 5204 δριμὺς
1271 5135 1489 5188 ἐννοιῶν
1510 5135 1664 5206 ὄχλος
1691 5136 1790 5207 τὴν
1806 5136 1901 5189 τοῦ

342 5217 547 5272 δικαίου
574 5220 753 5293 ψυχὴν
784 5223 1071 5294 ἀφορήτως
1106 5225 1482 5295 κατεληῖζετο;
1520 5228 1625 5280 Καὶ
1648 5227 1778 5279 ποτὲ
1811 5227 1908 5297 μὲν

341 5310 563 5379 ἡφύσις
606 5315 689 5377 είς
724 5314 1106 5386 φιλοστοργίαν
1148 5318 1500 5381 κατεὸιάζετο
1523 5334 1538 5348 ο
1581 5318 1712 5371 ποτὲ
1756 5318 1813 5371 δὲ
1850 5317 1910 5371 τὸ

345 5399 484 5455 θεῖον
533 5403 807 5457 ἐδυσώπει
839 5406 1217 5477 χρησμῴδημα
1238 5448 1251 5473 ,
1296 5409 1391 5462 καὶ
1430 5408 1574 5478 τάχα
1630 5426 1732 5462 που
1776 5410 1911 5480 πρὸς

349 5488 647 5564 ἀϐούλητον
690 5494 1001 5547 εὐπείθειαν
1032 5496 1107 5558 ὡς
1140 5497 1196 5563 ἐξ
1230 5498 1477 5568 ἀνάγκης
1516 5498 1719 5553 ἐκάλει.
1753 5499 1912 5567 Μέγα

344 5579 405 5653 δὴ
435 5579 532 5637 οὖν
572 5585 793 5657 ἀληθῶς
828 5586 890 5639 τὸ
937 5586 1027 5639 τοῦ
1065 5588 1271 5642 δίκαίου
1316 5589 1529 5660 θαῦμα,
1577 5590 1667 5643 καὶ
1716 5592 1913 5653 παντὸς

420 5754 467 5789 ⁷⁸
515 5755 687 5813 Hebr.
745 5759 1030 5821 χι,17η20.
1104 5763 1146 5789 "
1192 5766 1343 5817 Rem.
1396 5782 1508 5831 ιἰιι,
1541 5767 1627 5819 5‘3.

1997 3331 2327 3404 justiﬁcatis,
2360 3338 2413 3385 et
2456 3328 2513 3382 in
2558 3327 2697 3382 ﬁlios
2729 3325 2900 3397 patris
2937 3323 3169 3379 Abrahae
3207 3318 3478 3390 ascriptis.
3514 3316 3571 3374 Si

2001 3425 2145 3480 enim
2176 3431 2394 3493 oportet
2432 3420 2595 3476 etiam
2641 3420 2882 3474 humano
2923 3432 3073 3471 more
3112 3414 3285 3485 loqui,
3317 3410 3574 3484 equidem

2000 3516 2231 3576 dixerim
2263 3530 2424 3586 grave
2449 3512 2741 3567 admodum
2770 3518 2933 3580 atque
2964 3508 3196 3563 arduum
3225 3507 3384 3561 beato
3407 3505 3573 3559 Abra-

2002 3609 2085 3663 hae
2122 3607 2289 3662 fuisse
2323 3606 2420 3661 Dei
2457 3605 2525 3659 de
2558 3602 2914 3659 sacriﬁcando
2944 3600 3054 3654 ﬁlio
3085 3614 3186 3655 suo
3216 3604 3571 3667 praeceptum.

2000 3698 2119 3764 Quo
2151 3707 2311 3768 pacto
2342 3696 2488 3751 enim
2519 3705 2678 3764 putas
2706 3693 2962 3747 aﬁ‘ectum
2996 3690 3182 3752 fuisse,
3214 3703 3338 3742 cum
3364 3687 3467 3738 hoc
3498 3685 3575 3737 illi

2002 3790 2327 3858 imperatum
2362 3785 2540 3839 esset?
2578 3784 2672 3838 Vir
2698 3783 2846 3837 enim
2877 3786 2994 3834 erat
3024 3778 3218 3831 affecta
3247 3782 3424 3836 aetate,
3456 3773 3579 3826 uni-

2004 3893 2127 3931 cum
2163 3877 2374 3931 habens
2404 3882 2461 3928 et
2492 3872 2712 3940 quidem
2750 3871 2807 3922 in
2849 3871 3130 3920 senectute
3166 3877 3265 3916 sua
3295 3869 3483 3915 natum
3511 3860 3575 3914 ﬁ-

2004 3968 2160 4030 lium,
2200 3966 2291 4019 cui
2344 3971 2601 4032 praeterea
2656 3966 2788 4011 tetas
2848 3968 3067 4009 omnem
3116 3952 3372 4023 gignendi
3425 3966 3575 4020 spem

2006 4056 2305 4118 ademerat,
2323 4052 2597 4107 seniorem
2615 4046 2779 4102 etiam
2801 4045 3011 4105 habens
3028 4057 3252 4097 uxorem
3269 4040 3408 4111 (erat
3430 4040 3577 4096 enim

2004 4147 2170 4202 etiam
2206 4145 2336 4201 Sara
2386 4140 2564 4213 gravis
2611 4137 2810 4210 annis).
2844 4138 2895 4192 Is
2922 4135 3104 4206 itaque
3135 4133 3305 4188 ﬁlium
3336 4133 3582 4203 impense

2007 4238 2235 4294 charum
2276 4234 2483 4303 absque
2523 4230 2632 4285 ulla
2672 4227 3020 4283 cunctatione
3060 4223 3311 4280 occidere
3352 4223 3577 4294 jubetur

2008 4327 2368 4399 unigenitum,
2403 4323 2699 4391 multisque
2743 4319 2886 4373 votis
2933 4323 3199 4387 optatum.
3243 4313 3396 4380 Quali
3445 4328 3588 4368 vero.

2008 4429 2173 4468 manu
2193 4411 2421 4481 putabat
2448 4423 2612 4463 senex
2634 4422 2821 4461 ensem
2843 4406 2901 4459 in
2917 4404 3075 4474 pueri
3093 4402 3342 4473 jugulum
3370 4401 3575 4455 immit~

1938 4531 1983 4589 υ
2010 4510 2147 4565 tere,
2173 4499 2419 4567 adeoque
2446 4496 2811 4551 miserandam
2845 4493 2941 4546 ﬁlii
2980 4493 3180 4547 caedem
3212 4491 3468 4589 patrare?
3494 4490 3578 4544 An

2008 4592 2119 4648 ndn
2169 4592 2353 4660 itaque
2399 4597 2827 4644 consentaneum
2866 4584 3067 4639 rationi
3121 4583 3287 4638 fuerit
3325 4582 3577 4638 acerbam

2009 4682 2399 4754 cogitationum
2435 4679 2650 4734 turbam
2680 4692 2804 4732 cum
2830 4676 2964 4748 justi
2996 4675 3178 4730 animo
3211 4690 3331 4730 esse
3371 4675 3577 4742 impor-

2009 4784 2143 4830 tune
2179 4771 2559 4829 colluctatam?
2597 4767 2833 4824 subinde
2880 4766 3103 4837 quidem
3133 4773 3329 4819 natura
3357 4776 3482 4815 eum
3512 4761 3578 4813 ad

2011 4879 2274 4929 amorem,
2313 4862 2407 4933 qui
2440 4860 2568 4915 ﬁliis
2600 4859 2851 4920 debetur,
2882 4856 3196 4926 impellente
3227 4870 3240 4904 :
3274 4860 3331 4904 at
3363 4863 3578 4903 rursum
3635 4876 3651 4929 ,ί

2011 4956 2196 5010 divino
2226 4960 2499 5025 praecepto
2537 4966 2779 5005 amorem
2818 4949 2973 5002 illum
3008 4941 3371 5012 restingente,
3410 4946 3467 4993 et
3512 4940 3578 4992 ad

2013 5046 2382 5101 obedientiam
2412 5044 2583 5099 veluti
2612 5057 2679 5096 ex
2706 5038 3029 5094 necessitate
3055 5031 3289 5102 quadam
3314 5031 3577 5100 rapiente.

2013 5140 2262 5209 Magnum
2305 5138 2487 5206 itaque
2527 5149 2718 5188 revera
2749 5139 2831 5184 est
2858 5126 2989 5198 justi
3027 5123 3375 5183 miraculum,
3404 5119 3581 5173 omni-

2015 5247 2120 5300 que
2153 5229 2314 5283 laude
2341 5226 2591 5297 superior
2615 5224 2808 5293 pietas.
2842 5216 3052 5273 Obtulit
3082 5215 3229 5268 enim
3263 5210 3580 5283 rationalem

2015 5322 2311 5383 victimam,
2338 5328 2546 5372 natum
2568 5314 2780 5384 legibus
2803 5308 3133 5367 valedicens,
3160 5312 3216 5358 et
3241 5302 3584 5358 inevitabiles

2017 5410 2219 5465 amoris
2249 5423 2376 5476 erga
2403 5408 2606 5459 liberos
2639 5400 2892 5455 stimulos
2928 5394 3266 5465 proculcans’,
3293 5393 3581 5462 omniaque

2021 5512 2235 5557 terrena
2260 5498 2430 5551 amori
2458 5511 2583 5564 erga
2611 5496 2779 5547 Deum
2807 5498 3157 5559 postponens.
3188 5486 3394 5541 Idcirco
3417 5484 3580 5540 etiam

2022 5587 2188 5659 gloria
2217 5585 2444 5640 aﬁ‘cctus
2469 5591 2569 5648 est,
2596 5588 2650 5634 et
2675 5580 2880 5633 amicus
2901 5584 3123 5631 vocatus
3147 5575 3263 5640 Dei,
3284 5583 3338 5629 et
3365 5571 3593 5628 tandem.
