4056 6260
478 461 574 509 υτ

1494 459 1549 513 S.
1590 460 1865 515 CYRILLI
1904 462 2375 519 ALEXANDRINI
2415 465 2731 523 ARCHIEP.

3622 475 3721 529 “8

472 574 622 644 quod
658 576 898 644 speravit
931 590 1098 645 supra
1136 564 1289 648 spem
1328 579 1531 633 evenit.
1568 579 1765 636 Factus
1793 582 1939 636 enim
1969 598 2031 639 es

2155 586 2379 640 ἐπαίνου
2411 587 2596 642 λοιπὸν
2628 588 2689 642 τὸ
2723 589 2987 660 θεοφιλές.
3021 591 3395 663 Προσεκόμιζε
3429 592 3535 664 γὰρ
3560 596 3619 647 τὸ
3639 593 3721 649 λο-

471 663 767 719 multarum
795 672 958 736 atque
991 666 1128 723 adeo
1157 668 1641 724 innumerabilium
1669 673 1913 741 gentium
1946 689 2044 744 pa-

474 759 557 807 ter
593 752 650 807 in
688 751 929 820 Christo,
961 771 1062 826 per
1085 773 1248 827 quem
1282 765 1338 813 et
1376 773 1502 813 cum
1535 775 1644 830 quo
1673 761 1785 815 Deo
1809 777 1873 816 ac
1896 761 2042 817 Patri

470 842 641 912 gloria
690 860 823 916 cum,
864 856 1053 903 sancto
1103 847 1310 920 Spiritu
1359 850 1413 904 in
1448 852 1655 906 saecula
1693 855 2039 909 seculorum.

467 931 664 988 Amen.

2151 677 2303 745 γικὸν
2332 678 2544 749 ἱερεῖον,
2576 681 2669 735 καὶ
2707 683 2819 746 τοῖς
2846 683 2944 752 τῆς
2975 681 3189 751 φύσεως
3223 683 3408 755 νόμοις
3450 684 3721 755 ἐρρῶσθαι

2150 768 2382 837 φράσας,
2415 770 2510 824 καὶ
2534 771 2633 841 τῆς
2657 771 3032 847 ἀπαραιτήτου
3062 773 3449 844 φιλοστοργίας
3474 764 3719 844 πατήσας

2147 858 2208 911 τὸ
2238 858 2481 932 κέντρον,
2507 863 2600 916 καὶ
2623 864 2730 916 τῶν
2762 864 3021 933 ἐπιγείων
3047 865 3198 919 οὐδὲν
3222 869 3288 936 τῇ
3317 868 3396 929 εἰς
3422 865 3554 919 Θεὸν
3584 865 3721 919 am-

2148 948 2476 1020 παρεξὰγων
2507 952 2718 1025 ἀγάπῃ.
2763 955 3054 1025 Τοιγάρτοι
3098 958 3193 1010 καὶ
3229 957 3579 1022 δεδόξασται,
3625 958 3719 1010 καὶ

469 1021 621 1119 φίλος
651 1024 853 1119 ἐκλήθη
889 1026 1044 1081 Θεοῦ.
1078 1029 1186 1082 Καὶ
1216 1031 1296 1092 εἰς
1325 1029 1495 1100 πέρας
1534 1027 1682 1100 αὐτῷ
1721 1031 1781 1084 τὸ
1811 1033 2203 1119 προσδοκηθὲν,
2233 1037 2303 1091 τὰ
2360 1040 2457 1111 τῆς
2485 1021 2700 1107 ἐλπίδος
2732 1021 3023 1115 ἐκϐέϐηκε.
3099 1046 3295 1115 Γέγονε
3337 1049 3445 1119 γὰρ
3510 1021 3718 1102 πολλῶν

467 1117 562 1173 καὶ
587 1118 976 1189 ἀναριθμήτων
996 1118 1164 1173 ἐθνῶν
1189 1120 1370 1190 πατὴρ
1399 1122 1455 1174 ὲν
1483 1121 1724 1191 Χριστῷ.
1748 1124 1823 1175 Δι’
1855 1116 1915 1176 οὗ
1938 1125 2031 1178 καὶ
2071 1128 2191 1198 μεθ’
2256 1122 2319 1182 οὗ
2390 1132 2469 1202 τῷ
2505 1133 2623 1205 Θεῷ
2655 1136 2750 1189 καὶ
2778 1136 2954 1208 Πατρὶ
2992 1138 3025 1207 ἡ
3072 1137 3200 1205 δόξα
3240 1116 3514 1209 σὺννὰγίῳ
3553 1136 3721 1191 Ilvati-

470 1226 601 1278 ματι
632 1211 712 1274 εἰς
739 1209 864 1273 τοὺς
893 1210 1092 1274 αἰῶνας
1126 1212 1235 1267 τῶν
1264 1212 1498 1266 αἰώνων.
1547 1213 1742 1284 Ἀμήν.

849 1340 963 1410 89
999 1340 1074 1394 De
1113 1341 1265 1397 Isaac
1302 1353 1351 1396 et
1389 1345 1636 1400 Rebecca.

535 1502 587 1554 i.
626 1500 948 1557 Justiﬁeatis
991 1518 1089 1572 per
1135 1502 1443 1568 Christum,
1494 1504 2039 1573 unitatemquecum

464 1592 581 1661 ipso
631 1608 730 1662 per
769 1592 1245 1662 participationem
1285 1592 1520 1663 Spiritus
1561 1593 1735 1649 sancti
1775 1595 1833 1649 in
1874 1594 2046 1650 bene-

460 1683 662 1752 placito
685 1683 866 1738 Patris
888 1682 1220 1748 consecutis,
1248 1683 1468 1752 sapiens
1485 1684 1687 1738 Paulus
1717 1684 1792 1739 ita
1815 1685 2043 1740 scribit:

468 1794 485 1825 ι
530 1774 808 1843 Despondi
856 1773 1005 1828 enim
1050 1788 1150 1828 vos
1203 1774 1298 1828 uni
1348 1774 1468 1829 viro
1521 1775 1789 1845 virginem
1839 1784 2045 1831 castam

457 1865 723 1920 exhibere
765 1864 985 1921 Christo
1013 1864 1078 1919 ³η.
1121 1885 1139 1917 ι
1195 1865 1349 1921 Beati
1397 1868 1542 1922 enim
1593 1868 1824 1937 apostoli
1874 1868 2045 1924 veluti

2356 1354 2498 1421 Περὶ
2522 1353 2629 1408 τοῦ
2667 1355 2874 1409 Ἰσαὰκ
2905 1355 3003 1410 καὶ
3029 1354 3140 1424 τῆς
3172 1356 3506 1445 Ῥεϐέκκας.

2214 1495 2282 1542 α’.
2324 1490 2449 1554 Τοῖς
2481 1491 2538 1544 ἐν
2576 1491 2797 1563 Χριστῷ
2835 1493 3298 1563 δεδικαιωμένοις,
3329 1496 3422 1549 καὶ
3452 1497 3550 1568 τὴν
3584 1498 3721 1571 πρὸς

2144 1578 2303 1632 αὐτὸν
2346 1580 2570 1652 ἑνότητα
2613 1581 2702 1634 διὰ
2730 1581 2824 1636 τοῦ
2863 1584 3182 1655 μεταλαχεω
3215 1586 3370 1655 ἁγίου
3405 1587 3721 1658 Πνεύματος

2145 1671 2204 1722 ἐν
2234 1670 2453 1741 εὐδοκία
2495 1672 2707 1743 Πατρὸς
2741 1675 3269 1746 ὲκπεπλουτηκόσιν,
3325 1678 3354 1729 ὀ
3399 1678 3559 1747 σοφὸς
3603 1680 3723 1732 ἑπι-

2148 1759 2351 1814 στέλλει
2398 1761 2608 1827 Παῦλος
2633 1780 2647 1794 ο
2681 1783 2700 1815 ι
2749 1764 3105 1836 Ἦρμοσάμην
3139 1766 3247 1837 γὰρ
3280 1767 3425 1838 ὑμᾶς
3457 1770 3538 1821 ἐνὶ
3566 1770 3724 1842 ἀνδρὶ

2143 1853 2412 1923 παρθένον
2443 1855 2612 1925 ἁγνὴν
2642 1857 2986 1927 παραστῆσαι
3008 1856 3085 1926 τῷ
3110 1857 3351 1926 Χριστῷ.
3387 1878 3407 1911 ι
3441 1860 3724 1933 κλήτορες

459 1956 697 2026 pronubi
725 1957 1073 2021 exstiterunt,
1108 1964 1165 2012 et
1193 1973 1288 2013 eos
1316 1958 1409 2039 qui
1437 1959 1633 2014 remoti
1663 1966 1840 2024 erant,
1867 1974 2032 2029 prope

2139 1942 2248 2013 γὰρ
2285 1941 2474 2007 ὥσπερ
2510 1945 2605 1997 καὶ
2654 1946 3014 2015 νυμφαγωγοὶ
3042 1946 3327 2014 γεγόνασιν
3356 1948 3405 2000 οἱ
3439 1950 3708 2022 μακάριοι

459 2053 767 2103 statuerunt
798 2056 1009 2103 tantum
1040 2064 1154 2103 non
1189 2050 1625 2120 conglutinantes
1655 2049 1896 2114 Christo,
1924 2052 2037 2119 spi-

458 2138 707 2208 ritusque
732 2138 943 2194 unitate
970 2138 1313 2210 colligantes.
1336 2140 1404 2194 Et
1426 2141 1660 2196 asciscet
1686 2141 1910 2210 quidem
1933 2141 2038 2196 sibi

457 2228 562 2298 ipsi
589 2228 891 2284 Ecclesiam
924 2228 1200 2295 Christus,
1239 2229 1483 2300 erigente
1513 2230 1707 2306 ipsam,
1736 2244 1801 2284 ac
1826 2237 2038 2284 tantum

454 2331 568 2372 non
591 2318 858 2373 offerente
882 2318 995 2372 Deo
1016 2332 1081 2372 ac
1103 2318 1263 2373 Patre
1290 2318 1621 2388 proprioque
1641 2318 1780 2372 Filio
1804 2319 2040 2389 despon-

455 2406 641 2461 dente.
675 2406 960 2462 Casterum
1009 2406 1157 2477 quod
1201 2406 1574 2462 mediantibus
1615 2408 1839 2475 sanctis,
1877 2425 2039 2466 nemo

453 2497 808 2554 dubitaverit.
843 2497 1124 2567 Siquidem
1157 2497 1378 2553 divinus
1409 2499 1578 2554 David
1611 2500 1916 2569 praecinens
1941 2516 2041 2554 no-

454 2586 542 2643 bis
577 2588 921 2659 mysterium,
962 2588 1030 2644 ad
1070 2588 1242 2659 ipsam
1267 2589 1469 2645 alicubi
1503 2590 1581 2645 ait
1612 2608 1625 2644 :
1667 2609 1685 2641 ι
1713 2589 1876 2656 Audi,
1906 2590 2035 2659 ﬁlia,

452 2685 510 2732 et
530 2676 677 2742 vide,
702 2685 759 2732 et
784 2678 986 2735 inclina
1016 2693 1207 2734 aurem
1232 2686 1400 2743 tuam,
1423 2687 1480 2734 et
1506 2679 1830 2736 obliviscere
1858 2696 2038 2751 popu-

453 2769 567 2824 lum
600 2776 777 2835 tuum,
814 2780 871 2825 et
899 2771 1121 2826 domum
1148 2773 1321 2842 patris
1346 2775 1447 2839 tui,
1478 2772 1739 2842 quoniam
1772 2774 2037 2844 concupi-

451 2857 532 2914 vit
563 2873 660 2914 rex
682 2859 1149 2935 pulchritudinem
1194 2870 1345 2917 tuam
1374 2879 1390 2928 ;
1433 2862 1561 2932 quia
1600 2863 1717 2933 ipse
1747 2872 1833 2918 est
1856 2863 2038 2918 Domi-

453 2964 560 3004 nus
603 2959 749 3016 tuus,
780 2959 837 3006 et
878 2952 1088 3007 servies
1122 2952 1176 3007 ei
1212 2952 1278 3005 3’.
1315 2971 1335 3004 ι
1400 2951 1654 3009 Testatus
1713 2960 1798 3008 est
1852 2961 2034 3008 autem

452 3040 621 3096 etiam
650 3042 870 3107 Paulus,
892 3052 955 3097 ut
975 3043 1139 3099 modo
1165 3043 1301 3110 dixi,
1322 3045 1494 3100 veluti
1518 3064 1536 3095 ι
1564 3060 1818 3115 sponsam
1845 3060 2037 3115 quam-

455 3132 582 3188 dam
609 3134 855 3188 exhiberi
883 3134 1100 3190 Christo
1119 3134 1165 3167 ⁸⁸
1193 3155 1213 3188 ι
1241 3135 1449 3191 ﬁdeles.
1473 3136 1639 3206 Atqui
1660 3138 2034 3192 venerandum

455 3222 593 3278 adeo
646 3230 811 3292 atque
864 3223 1245 3280 admirandum
1299 3228 1621 3297 mysterium
1674 3228 2034 3284 nihilominus

454 3328 619 3382 quam
640 3313 696 3367 in
722 3313 884 3369 nobis
911 3314 1076 3369 etiam
1101 3314 1156 3369 in
1187 3316 1292 3370 hoc
1311 3332 1505 3371 rursus
1530 3317 1800 3387 quispiam
1828 3318 2029 3372 videat.

457 3402 731 3472 Scriptum
768 3413 853 3458 est
885 3405 1032 3459 enim
1060 3422 1073 3459 :
1115 3425 1133 3456 ι
1167 3407 1301 3460 Erat
1327 3417 1510 3462 autem
1541 3408 1813 3462 Abraham
1850 3408 2035 3463 senibr

452 3500 744 3562 provectus
762 3491 977 3557 diebus,
991 3500 1046 3547 et
1065 3494 1330 3549 Dominus
1350 3496 1630 3551 benedixit
1644 3495 1916 3552 Abraham
1934 3512 2032 3567 per

452 3580 654 3634 omnia.
691 3580 759 3635 Et
798 3579 938 3634 dixit
968 3580 1242 3637 Abraham
1277 3597 1436 3638 servo
1474 3600 1575 3640 suo
1606 3583 1809 3639 seniori
1836 3584 2032 3641 domus

452 3687 584 3736 suae,
599 3672 834 3744 principi
847 3688 1072 3728 suorum
1090 3674 1335 3730 omnium
1352 3693 1364 3728 :
1379 3677 1526 3731 Pone
1544 3692 1762 3731 manum
1777 3687 1923 3731 tuam
1936 3693 2031 3731 su-

451 3777 551 3830 per
567 3762 747 3818 femur
765 3779 970 3829 meum,
990 3773 1047 3820 et
1070 3764 1335 3835 adjurabo
1361 3775 1412 3821 te
1433 3781 1532 3835 per
1547 3766 1836 3821 Dominum
1860 3768 2031 3821 Deum

450 3854 596 3921 caeli,
615 3867 670 3912 et
684 3857 852 3911 Deum
879 3866 1056 3922 terras,
1076 3864 1138 3933 ut
1153 3873 1261 3913 non
1279 3858 1518 3928 accipias
1531 3875 1757 3914 uxorcm
1782 3860 1893 3915 ﬁlio
1908 3876 2031 3915 meo

450 3949 600 4004 Isaac
617 3948 685 4004 de
706 3948 921 4005 ﬁliabus
938 3950 1392 4017 Chananaaorum,
1424 3967 1550 4007 cum
1575 3952 1778 4022 quibus
1807 3941 1909 4024 ego
1936 3953 2032 4007 ha-

451 4040 565 4095 bito
593 4041 737 4096 inter
758 4043 933 4112 ipsos;
963 4043 1057 4098 sed
1085 4043 1139 4097 in
1168 4052 1370 4097 terram
1386 4059 1584 4110 meam,
1606 4044 1699 4098 ubi
1719 4054 1878 4101 natus
1906 4061 2027 4101 sum

448 4144 569 4200 ego,
592 4129 719 4195 ibis,
739 4141 796 4185 et
814 4132 870 4185 in
891 4131 1094 4186 tribum
1115 4140 1313 4197 meam,
1330 4140 1386 4185 et
1405 4133 1639 4201 accipies
1656 4150 1877 4189 uxorem
1913 4135 2027 4189 ﬁlio

449 4232 574 4273 meo
603 4219 772 4283 lsaac,
802 4220 930 4273 inde
952 4218 1018 4272 ⁸⁵.
1055 4238 1073 4271 ι
1117 4220 1256 4275 Cum
1299 4220 1481 4288 itaque
1521 4221 1638 4275 haec
1679 4224 2029 4291 praecepisset

448 4310 746 4374 Abraham,
773 4311 977 4381 juravit
1019 4309 1241 4379 quidem
1278 4310 1460 4365 statim
1493 4325 1704 4375 servus,
1741 4311 2029 4381 imponens

448 4415 673 4455 manum
712 4399 909 4455 femori
946 4400 1155 4456 domini
1190 4402 1293 4457 sui.
1321 4403 1399 4457 Ex
1422 4419 1532 4472 quo
1557 4403 1857 4475 intelligere
1896 4405 2027 4460 licet

450 4492 629 4561 ipsum
672 4490 771 4546 toti
815 4491 1176 4562 generationi,
1204 4509 1326 4563 qua:
1358 4510 1425 4549 ex
1461 4495 1580 4566 ipso
1616 4495 1829 4551 oritura'
1857 4505 2022 4563 esset,

2145 2032 2406 2103 μαθηταὶ,
2439 2035 2561 2097 τοὺς
2596 2033 2676 2087 ἔτι
2712 2035 2930 2105 μακρὰν
2958 2035 3238 2100 ποιοῦντες
3271 2039 3461 2106 ἐγγὺς,
3489 2039 3586 2092 καὶ
3625 2057 3724 2111 μο-

2140 2122 2353 2193 νονουχὶ
2386 2121 2684 2187 κολλῶντες
2727 2123 2947 2194 Χριστῷ
2974 2165 2988 2189 ,
3034 2126 3129 2179 καὶ¹
3168 2129 3234 2197 τῇ
3276 2126 3369 2180 τοῦ
3408 2128 3725 2199 πνεύματος

2139 2211 2329 2265 ὲνὼσει
2380 2213 2711 2276 συνδέοντες.
2751 2214 2861 2267 Καὶ
2907 2216 3248 2286 παραστήσει
3284 2217 3383 2287 μὲν
3415 2217 3590 2289 ἑαυτῷ
3618 2219 3725 2290 τὴν

2152 2303 2479 2375 Ἐκκλησίαν
2508 2305 2778 2375 Χριστός·
2815 2305 3189 2370 διανιστάντος
3218 2307 3411 2379 αὐτὴν,
3437 2310 3726 2380 μονονουχὶ

2138 2394 2193 2448 δὲ
2241 2396 2336 2449 καὶ
2370 2395 2763 2466 προσάγοντος,
2790 2395 2885 2448 τοῦ
2923 2396 3057 2450 Θεοῦ
3096 2399 3191 2451 καὶ
3226 2399 3462 2470 Πατρὸς,
3507 2401 3605 2453 καὶ
3645 2400 3725 2472 τῷ

2142 2487 2257 2558 ἰδίῳ
2274 2486 2682 2555 κατεγγυῶντος
2711 2486 2846 2559 Υίῷ,
2872 2488 3011 2560 πλὴν
3033 2490 3115 2542 ὅτι
3134 2491 3520 2560 μεσιτευόντων
3547 2493 3725 2561 ἁγίων

2139 2578 2242 2631 οὐκ
2278 2578 2345 2631 ἂν
2386 2577 2685 2631 ὲνδοιάσειέ
2717 2595 2821 2643 τις.
2868 2579 2926 2633 ’0
2959 2579 3058 2650 μὲν
3093 2580 3205 2651 γὰρ
3240 2579 3524 2644 θεσπέσιος
3552 2583 3724 2635 Δαϐὶδ

2139 2669 2547 2741 προαναφωνῶν
2591 2672 2725 2742 ἡμῖν
2751 2671 2811 2724 τὸ
2858 2671 3175 2742 μυστήριον,
3221 2673 3357 2744 πρὸς
3397 2673 3566 2744 αὐτήν
3611 2672 3722 2728 πού

2139 2777 2330 2832 φησιν’
2368 2781 2387 2815 ι
2430 2762 2722 2827 Ἄκουσον,
2756 2761 3017 2834 θύγατερ,
3053 2764 3147 2816 καὶ
3180 2763 3278 2827 ἴδε,
3312 2765 3408 2818 καὶ
3432 2765 3618 2819 κλῖνον
3652 2765 3721 2821 τὸ

2136 2847 2229 2916 οῦς
2259 2869 2374 2917 σου,
2399 2853 2494 2907 καὶ
2512 2852 2772 2907 ἐπιλάθου
2792 2854 2886 2906 τοῦ
2911 2852 3039 2906 λαοῦ
3072 2870 3166 2907 σου
3210 2854 3306 2906 καὶ
3331 2854 3425 2909 τοῦ
3443 2855 3592 2910 οἴκου
3616 2855 3720 2911 τοῦ

2137 2944 2351 3016 Πατρός
2391 2960 2484 2997 σου
2514 2961 2527 2976 ·
2573 2944 2656 2998 ὅτι
2685 2944 3030 3014 ἐπεθύμησεν
3063 2945 3091 2996 ὁ
3125 2943 3379 3014 βασιλεὺς
3424 2945 3521 2999 τοῦ
3575 2947 3719 3001 κάλα

2138 3036 2264 3100 λους
2295 3054 2389 3091 σου
2412 3055 2427 3068 ·
2453 3038 2535 3092 ὅτι
2566 3037 2732 3101 αὑτός
2764 3037 2878 3090 ἐστι
2903 3036 3108 3108 Κύριός
3141 3054 3256 3105 σου,
3283 3039 3376 3092 καὶ
3408 3041 3725 3113 προσκυνήο

2138 3146 2271 3201 σεις,
2302 3129 2470 3200 αὐτῷ.
2510 3149 2528 3181 ι
2554 3129 2940 3201 Διωμολόγηκε
2981 3128 3038 3182 δὲ
3079 3130 3174 3182 καὶ
3201 3131 3228 3182 ὁ
3265 3129 3498 3193 Παῦλος,
3542 3131 3724 3187 καθὰ-

2137 3237 2243 3292 περ
2271 3220 2408 3291 ἔφην
2459 3221 2701 3292 ἀρτίως,
2750 3215 2839 3275 οἷά
2889 3237 3011 3273 τινα
3044 3220 3264 3290 νύμφην
3301 3220 3726 3292 παρασταθῆναι

2135 3310 2356 3381 Χριστῷ
2407 3311 2534 3373 τοὺς
2573 3310 3027 3373 πεπιστευκότας.
3071 3310 3231 3364 Ἀλλὰ
3252 3310 3313 3362 τὸ
3335 3309 3479 3363 οὕτω
3519 3313 3724 3366 σεπτὸν

2135 3401 2229 3454 καὶ
2263 3400 2618 3466 ἀξιάκουστον
2656 3400 2873 3471 ἀληθῶς
2925 3400 3224 3470 μυστήριον
3277 3402 3486 3455 κατίδοι
3523 3418 3612 3465 τις
3657 3401 3725 3456 ἂν

2133 3490 2286 3544 οὐδὲν
2337 3484 2499 3561 ἦττον
2544 3490 2701 3561 ήμῶν
2747 3492 2842 3543 καὶ
2893 3491 3028 3562 τῷδε
3067 3490 3131 3562 δὴ
3169 3491 3349 3546 πάλιν.
3396 3492 3726 3562 Γέγραπται

2137 3582 2281 3651 γὰρ“,
2314 3581 2396 3634 ὅτι
2426 3582 2521 3635 καὶ
2572 3600 2591 3633 ι
2639 3581 2899 3652 Ἀϐραὰμ
2929 3579 2997 3653 ἦν
3025 3583 3396 3656 πρεσϐύτερος
3437 3584 3725 3655 προϐεϐη-

2134 3671 2244 3736 κὼς
2272 3672 2514 3743 ἡμερῶν,
2545 3673 2638 3726 καὶ
2657 3673 2859 3745 Κύριος
2883 3673 3144 3745 εύλόγησε
3164 3674 3255 3729 τὸν
3291 3674 3543 3745 Ἀϐραὰμ
3572 3675 3726 3729 κατὰ

2134 3762 2328 3817 πάντα.
2372 3759 2663 3817 Καὶέἵπεν
2704 3763 2955 3835 Ἀϐραὰμ
2979 3764 3056 3834 τῷ
3090 3765 3241 3818 παιδῖ⁷
3270 3764 3433 3818 αὐτοῦ
3460 3765 3538 3836 τῷ
3576 3784 3723 3836 πρε-

2134 3852 2381 3925 σϐυτέρῳ
2407 3854 2505 3922 τῆς
2532 3854 2710 3916 οἰκίας
2739 3854 2904 3907 αὐτοῦ
2923 3897 2938 3922 ,
2972 3855 3051 3925 τῷ
3094 3857 3316 3927 ἄρχοντι
3349 3856 3570 3911 πάντων
3601 3856 3726 3910 τῶν

2132 3944 2298 3998 αὐτοῦ
2324 3962 2337 3976 ·
2366 3944 2471 4008 Θὲς
2508 3945 2606 4016 τὴν
2636 3945 2794 4016 χεῖρά
2820 3962 2914 3998 σου
2953 3947 3044 4000 ἐπὶ
3080 3946 3174 4000 τὸν
3224 3948 3397 4018 μηρόν
3430 3965 3533 4017 μου
3559 3988 3574 4013 ,
3619 3951 3724 4003 καὶ

2133 4036 2368 4108 ὲξορκιῶ
2397 4054 2454 4090 σε
2484 4037 2692 4108 Κύριον
2729 4036 2819 4089 τὸν
2867 4037 2999 4090 Θεὸν
3038 4037 3132 4091 τοῦ
3157 4037 3385 4108 ούρανοῦ
3409 4079 3423 4103 ,
3457 4039 3554 4092 καὶ
3613 4040 3721 4095 τὸν

2133 4128 2263 4182 Θεὸν
2306 4129 2405 4198 τῆς
2431 4129 2570 4199 γῆς,
2621 4129 2709 4183 ἵνα
2746 4128 2821 4200 μὴ
2851 4129 3022 4200 λάϐῃς
3064 4132 3305 4198 γυναῖκα
3344 4129 3421 4200 τῷ
3450 4129 3550 4201 υίῷ
3604 4149 3723 4201 μου

2145 4218 2327 4273 Ἰσαὰκ
2350 4221 2456 4273 ὰπὸ
2481 4221 2589 4275 τῶν
2617 4220 2935 4293 θυγατέρων
2961 4220 3070 4274 τῶν
3097 4221 3443 4288 Χαναναίων,
3473 4221 3592 4291 μεθ’
3636 4215 3722 4276 ὧν
3768 4241 3779 4251 “

2130 4307 2243 4376 ἐγὼ
2267 4309 2401 4362 οίκῶ
2430 4312 2486 4363 ὲν
2513 4312 2717 4375 αὐτοῖς.
2775 4312 2915 4365 Ἀλλ’
2939 4315 3020 4376 είς
3052 4312 3150 4383 τὴν
3174 4312 3298 4382 γῆν,
3329 4304 3390 4365 οὗ
3416 4313 3716 4382 ἐγενόμην,

2130 4398 2372 4471 πορεύσῃ
2405 4399 2500 4453 καὶ
2538 4402 2618 4463 εἰς
2640 4400 2738 4470 τὴν
2775 4402 2949 4471 φυλήν
2988 4420 3113 4473 μου.
3142 4403 3253 4456 Καὶ
3286 4402 3429 4474 λήψῃ
3469 4406 3722 4470 γυναῖκα

2127 4489 2204 4560 τῷ
2231 4490 2329 4559 υίῷ
2354 4507 2454 4560 μου
2483 4491 2668 4544 Ἰσαὰκ
2720 4491 2946 4546 ἐκεῖθεν.
2982 4509 3003 4545 ι
3029 4493 3213 4547 Ταῦτα
3232 4493 3518 4564 τοιγαροῦν
3548 4510 3719 4562 προσ-

444 4583 815 4651 juramentum
849 4582 1190 4652 praestitisse.
1218 4585 1473 4641 Oneratis
1497 4587 1681 4657 itaque
1709 4588 1897 4644 decem
1931 4604 2025 4644 ca-

2136 4581 2415 4651 τεταχότος
2471 4582 2566 4634 τοῦ
2620 4581 2916 4653 Ἀϐραὰμ,
2971 4582 3240 4653 διώμνυτο
3277 4584 3376 4652 μὲν
3417 4582 3445 4634 ὁ
3482 4582 3718 4654 οἰκέτης

449 4671 609 4726 melis
650 4672 839 4727 multis
876 4672 1086 4727 divitiis
1133 4674 1430 4741 Abraham,
1470 4676 1608 4731 abiit
1652 4678 1917 4734 velociter
1966 4680 2023 4734 in

449 4760 916 4832 Mesopotamiam,
958 4764 1219 4834 venitque
1253 4765 1308 4819 in
1336 4765 1611 4822 civitatem
1651 4768 1887 4833 Nachor,
1917 4769 2028 4840 9o

448 4862 505 4907 et
530 4855 822 4935 quiescere
848 4855 979 4911 fecit
1000 4856 1237 4911 camelos
1263 4864 1418 4912 extra
1446 4857 1721 4914 civitatem
1751 4862 1894 4931 apud
1920 4879 2024 4932 pu-

451 4955 599 4999 teum
628 4962 802 5016 aquae,
844 4948 912 5003 de
940 4963 1167 5019 vespere
1204 4949 1426 5018 quando
1466 4950 1822 5022 egrediuntur
1856 4969 2025 5024 aqua-

451 5036 633 5091 trices.
663 5035 800 5092 Cum
832 5038 999 5110 igitur
1037 5054 1104 5095 eo
1136 5039 1498 5109 pervenisset,
1540 5043 1717 5098 oravit
1754 5044 1926 5099 Deum
1965 5055 2027 5102 ut

449 5124 558 5195 ipsi
571 5126 716 5181 viam
739 5129 998 5198 aperiret,
1016 5130 1438 5201 ostenderetque
1453 5132 1719 5203 virginem
1738 5136 2026 5205 pulchram

449 5223 614 5284 atque
651 5216 998 5287 hospitalem,
1036 5234 1266 5289 quaeque
1309 5220 1538 5292 impigra
1574 5232 1721 5279 esset
1762 5225 1828 5279 ad
1871 5242 2024 5282 amo-

450 5317 568 5357 rem
600 5303 999 5362 exhibendum.
1052 5326 1070 5360 ι
1108 5308 1229 5363 Erit
1264 5310 1431 5378 enim,
1471 5312 1669 5382 inquit,
1721 5314 1873 5386 virgo
1933 5318 2025 5373 cui

449 5408 552 5466 ego
590 5395 783 5450 dixero
812 5415 825 5450 :
854 5396 1061 5453 lnclina
1115 5399 1363 5472 hydriam
1421 5410 1569 5457 tuam
1605 5413 1664 5459 ut
1711 5400 1915 5470 bibam,
1969 5413 2026 5461 et

449 5481 654 5539 dixerit
682 5485 862 5540 mihi:
891 5485 1042 5551 Bibe,
1077 5494 1133 5542 et
1173 5489 1411 5546 camelos
1445 5498 1566 5547 tuos
1604 5493 1824 5562 potabo,
1842 5494 2025 5550 donec

452 5574 641 5645 utique
674 5584 891 5633 cessent
918 5576 1189 5645 bibentes,
1221 5580 1362 5635 hanc
1390 5583 1706 5654 praeparasti
1744 5599 1902 5638 servo
1929 5592 2021 5638 tuo

450 5662 597 5721 lsaac
627 5666 692 5720 ⁸⁵.
726 5685 746 5719 ι
780 5668 936 5723 Venit
964 5667 1145 5738 itaque
1170 5669 1351 5723 statim
1378 5671 1556 5741 puella
1581 5670 1777 5727 decora
1800 5682 2022 5742 aspectu

525 5857 561 5881 "
606 5853 644 5910 ΙΙ
674 5856 801 5911 αυτ,
850 5877 909 5919 ιι,
949 5859 996 5912 ‘2.
1080 5858 1121 5890 ’ἲ
1148 5859 1289 5915 Psal.
1334 5875 1472 5922 κων,
1511 5859 1592 5923 Η,
1622 5859 1701 5912 12.

1782 5857 1821 5885 ’⁸
1847 5859 1886 5913 Ii
1911 5858 2031 5911 Cor.
2059 5875 2126 5924 xx,
2154 5859 2201 5910 ‘2.
2250 5857 2291 5888 "
2324 5860 2436 5915 Cen
2500 5877 2639 5923 xxiv,
2673 5860 2780 5913 lui.

2130 4673 2472 4743 παραχρῆμα
2498 4711 2513 4736 ,
2555 4672 2634 4742 τῷ
2670 4672 2831 4743 μηρῷ
2871 4673 3131 4726 δεσπότου
3176 4674 3272 4746 τὴν
3319 4675 3478 4743 χεῖρα
3525 4674 3721 4728 ἐπιτι-

2128 4762 2262 4826 θείς.
2287 4766 2362 4817 Δι’
2393 4757 2454 4816 οὗ
2485 4764 2756 4835 παρέσται
2782 4766 2921 4817 νοεῖν
2942 4764 3001 4816 τὸ
3033 4765 3316 4835 μονονουχὶ
3348 4763 3491 4818 κατὰ
3518 4765 3719 4836 πάσης

2126 4856 2226 4926 τῆς
2251 4856 2518 4927 ἐσομένης
2558 4855 2616 4922 ἐξ
2652 4856 2819 4909 αὐτοῦ
2852 4859 3016 4927 γονῆς
3040 4857 3372 4927 πεποιῆσθαι
3396 4855 3495 4927 τὴν
3522 4858 3718 4926 ὁρκω-

2129 4948 2345 5019 μοσίαν.
2385 4946 2822 5018 Ἐπαναθέμενος
2850 4947 2909 5000 δὲ
2937 4949 3205 5018 καμήλοις
3227 4948 3362 5003 δέκα
3385 4947 3557 5001 πολλὰ
3590 4945 3717 5000 τῶν

2139 5040 2388 5111 Ἀϐραὰμ
2413 5038 2654 5107 ἀγαθῶν,
2678 5039 2986 5105 ἀφικνεῖται
3014 5039 3270 5110 δρομαῖος
3293 5041 3373 5103 εἰς
3395 5038 3493 5108 τὴν
3529 5036 3718 5107 μέσην

2123 5131 2231 5185 τῶν
2258 5130 2538 5200 ποταμῶν.
2573 5130 2683 5185 Καὶ
2717 5130 2967 5201 καταίρει
3016 5130 3111 5199 μὲν
3148 5132 3228 5194 εἰς
3276 5131 3428 5183 πόλιν
3456 5126 3671 5199 Ναχώρ
3695 5144 3712 5160 ο

2124 5222 2342 5289 ὀκλάζει
2385 5223 2443 5278 δὲ
2475 5223 2575 5287 τὰς
2606 5223 2886 5294 καμήλους
2929 5221 3032 5286 ἔξω
3064 5223 3164 5291 τῆς
3196 5222 3404 5285 πόλεως
3444 5222 3594 5289 παρὰ
3642 5220 3718 5273 τὸ

2125 5315 2303 5385 φρέαρ
2330 5313 2424 5368 τοῦ
2460 5314 2674 5381 ὓδατος,
2718 5314 2777 5367 τὸ
2816 5314 3060 5386 προσοψὲ
3103 5313 3267 5383 ήνίκα
3302 5311 3715 5385 ἐκπορεύονται

2124 5406 2182 5459 αἱ
2228 5406 2605 5474 ύδρευόμεναι.
2667 5407 3020 5474 Ἀφικόμενος
3068 5405 3129 5475 δὴ
3179 5400 3271 5458 οῦν
3316 5407 3517 5469 ἐκεῖσε,
3563 5402 3717 5456 Θεὸν

2126 5495 2374 5564 ἐλιπάρει
2399 5495 2584 5549 λοιπὸν
2612 5497 2813 5567 ἁνευρῦ
2825 5514 2911 5548 ναι
2943 5496 3041 5565 τὴν
3072 5494 3210 5556 ὁδὸν,
3251 5494 3343 5549 καὶ
3381 5490 3715 5555 καταδεῖξαι

2126 5583 2395 5652 παρθένον
2424 5585 2654 5655 εύδρανῆ
2680 5585 2774 5638 καὶ
2812 5583 3120 5653 φιλόξενον,
3145 5583 3242 5637 καὶ
3267 5582 3428 5634 ὄκνου
3459 5581 3551 5634 τοῦ
3574 5578 3719 5650 βλέο

2128 5691 2320 5737 πόντος
2344 5676 2423 5737 εἰς
2445 5675 2664 5746 ἀγάπην
2693 5675 2995 5746 κρείττονα.
3032 5693 3050 5725 ι
3078 5671 3415 5741 Ἕσταιγὰρ,
3446 5671 3636 5742 φησιν,
3683 5673 3725 5744 ἡ

2862 5859 2903 5889 ⁸⁸
2942 5856 3073 5910 ibid.
3117 5856 3196 5906 14.
