4056 6260
300 379 402 436 “9

1320 379 1840 437 GLAPHYRORUM
1880 380 1947 435 IN
1983 378 2283 434 C-ENESIM
2322 378 2448 433 LIB.
2492 378 2580 432 111.

3470 381 3570 433 ΙΤᾸΟ

300 496 593 568 παρθένος,
682 497 778 553 ἐὰν
799 496 908 568 ἐγὼ
931 496 1085 562 είπω,
1133 495 1436 551 Ἐπίκλινον
1460 497 1559 567 τὴν
1578 496 1763 567 ὑδρίαν
1793 512 1872 548 σοι

1993 494 2471 564 pulcherrimaque
2521 492 2709 564 virgo,
2762 490 3030 556 Rebecca,
3076 490 3316 560 inquam.
3354 492 3566 546 Potenti

307 591 399 644 ἶνα
426 590 538 643 πίω
560 629 576 653 ,
609 591 706 643 καὶ
739 589 892 663 είπη,
926 589 1021 643 Πίε
1042 631 1056 654 ,
1094 590 1309 654 καὶτὰς
1335 589 1617 661 καμήλους
1658 606 1752 643 σου
1787 605 1886 642 πο-

303 679 429 747 τιῶ,
463 680 572 745 ἓως
604 680 672 735 ἂν
702 681 1011 735 παύσωνται
1043 681 1318 746 πίνουσαι,
1344 681 1551 753 ταύτην
1580 680 1886 752 ἡτοίμασας

305 772 387 843 τῷ
420 772 570 826 παιδί
596 789 689 825 σου
733 772 934 829 Ἰσαάκ.
968 791 987 824 ι
1035 772 1175 826 Ἀλλ’
1201 767 1337 843 ἧκεν
1361 773 1462 826 οὐκ
1491 774 1573 836 είς
1609 771 1825 842 μακρὰν
1850 771 1884 841 ή

312 863 454 935 καλὴ
478 863 553 934 τῷ
578 865 704 919 εἰδει
737 865 828 919 καὶ
847 865 1262 937 εὐπρεπεστάτη
1300 864 1590 937 παρθένος,
1615 866 1762 935 φημὶ
1794 864 1880 934 δὴ,

323 954 599 1009 Ῥεϐέκκα.
639 956 969 1023 Ἔξαιτοῦντι
998 957 1056 1011 δὲ
1088 960 1271 1036 πιεῖν,
1313 959 1588 1029 προσῆγεν
1625 956 1880 1026 ἑτοίμως.

327 1047 711 1118 Ἐπηγγέλλετο
751 1051 809 1103 δὲ
849 1051 943 1103 καὶ
981 1051 1153 1114 αὐτὰς
1181 1052 1386 1104 ποτιεῑν
1419 1048 1521 1111 τὰς
1561 1050 1882 1119 καμήλους,

311 1140 400 1191 καὶ
431 1141 509 1203 εἰς
545 1139 703 1211 ἔργον
749 1140 913 1212 ἧγετο
946 1142 1016 1195 τὰ
1045 1141 1455 1213 ἐπηγγελμένα.
1488 1140 1798 1211 Συμϐάλλει
1820 1139 1885 1211 δὴ

307 1225 397 1281 οὖν
421 1229 450 1280 6
479 1228 696 1300 οἰκέτης
726 1231 998 1298 ἐντεῦθεν,
1030 1232 1105 1296 ὡς
1138 1231 1281 1301 αὕτη
1311 1232 1496 1285 λοιπὸν
1527 1233 1635 1300 εἴη,
1665 1232 1758 1285 καὶ
1787 1232 1885 1302 οὐχ

305 1317 481 1386 ἑτέρα.
510 1318 799 1389 Τοιγάρτοι
826 1319 1020 1388 ψέλλια
1046 1337 1109 1373 τε
1138 1321 1233 1373 καὶ
1257 1320 1452 1374 ἐνώτια
1480 1318 1681 1384 λαϐὼν,
1708 1335 1884 1391 προσ-

301 1406 522 1476 εκόμιςε
550 1410 616 1479 τῇ
657 1410 887 1463 νεάνιδι.
956 1410 1022 1462 Ἢ
1050 1409 1107 1463 δὲ
1139 1411 1276 1463 οῐκοι
1310 1409 1618 1481 παρελθεῖν,
1655 1407 1884 1462 ἕπεσθαί

299 1513 360 1548 τε
393 1498 536 1568 αὐτῇ
589 1499 941 1570 παραχρῆμα
995 1498 1383 1569 προσέταττεν.
1431 1491 1506 1553 Οὗ
1561 1497 1880 1567 γεγονότος,

303 1587 573 1652 ξενίζεται
606 1590 704 1659 μὲν
734 1589 904 1643 αὐτοῦ
930 1629 944 1653 ,
971 1589 1226 1662 λαμπρὰν
1256 1591 1312 1644 δὲ
1349 1591 1595 1661 διήγησιν
1624 1588 1717 1643 τοῦ
1749 1588 1881 1641 ἰδίου

301 1677 567 1730 δεσπότου
591 1679 684 1732 τὸν
709 1678 939 1735 πλοῦτον
960 1683 1214 1734 ποιεῖται.
1238 1680 1554 1752 Προσετίθει
1573 1680 1655 1746 δὲ,
1677 1681 1758 1733 ὅτι
1785 1679 1880 1733 ἕνα

306 1771 400 1823 καὶ
429 1771 712 1842 ἀγαπητὸν
739 1772 877 1843 ἔχων
901 1773 1013 1827 υἰὸν
1037 1774 1130 1826 τὸν
1175 1774 1391 1841 Ἰσαὰκ,
1436 1774 1616 1828 πάντα
1647 1773 1880 1826 δέδωκεν

1984 601 2119 640 vero
2146 594 2357 656 potum,
2401 583 2806 654 promptissime
2844 582 3026 649 dedit;
3058 581 3310 651 promisit
3348 597 3477 637 vero
3509 599 3566 635 sc

1985 677 2152 732 etiam
2177 676 2400 731 camelis
2431 683 2622 746 potum
2665 675 2938 739 daturam,
2977 674 3268 744 statimque
3298 675 3565 744 promissa

1984 768 2325 838 exsequitur.
2348 765 2567 837 Colligit
2590 781 2721 821 vero
2735 780 2803 820 ex
2834 765 2920 820 his
2941 764 3160 819 indiciis
3181 780 3373 820 servus
3393 765 3565 834 ipsam

1983 873 2126 922 esse,
2160 872 2340 927 neque
2388 857 2570 912 aliam.
2612 856 2865 927 Acceptis
2912 855 3080 928 igitur
3121 856 3350 911 armillis
3389 864 3445 911 et
3479 856 3569 909 in-

1984 948 2234 1013 auribus,
2264 947 2417 1002 dedit
2452 947 2670 1018 puellae.
2719 947 2816 1002 llla
2860 962 2994 1002 vero
3044 955 3106 1001 ut
3142 947 3366 1002 domum
3410 964 3563 1002 suam

1983 1049 2091 1106 eat,
2127 1041 2409 1111 ipsamque
2435 1049 2716 1110 sequatur,
2744 1048 2948 1096 monet.
2984 1040 3104 1108 Quo
3127 1039 3272 1096 facto
3293 1043 3565 1112 excipitur

1985 1132 2061 1186 ibi
2091 1133 2352 1202 hospitio,
2383 1143 2440 1188 et
2463 1133 2729 1204 insignem
2757 1133 2825 1189 de
2851 1134 3062 1189 domini
3086 1135 3171 1190 sui
3201 1135 3411 1190 divitiis
3440 1150 3566 1188 nar-

1983 1225 2252 1279 rationem
2287 1226 2544 1280 instituit.
2578 1226 2792 1297 Adjecit
2825 1242 2958 1282 vero
2980 1228 3149 1297 quod,
3180 1243 3304 1282 cum
3340 1228 3565 1282 unicum

1982 1322 2040 1367 et
2074 1315 2302 1369 charum
2331 1315 2603 1385 imprimis
2631 1316 2859 1372 haberet
2893 1316 3063 1371 lilium
3099 1317 3265 1383 Isaac,
3305 1319 3408 1388 ipsi
3442 1334 3569 1372 om-

1983 1404 2075 1459 nia
2093 1405 2329 1472 dederit,
2346 1407 2602 1477 quodque
2623 1409 2743 1479 ejus
2762 1408 3006 1462 omnium
3024 1408 3094 1463 sit
3107 1409 3379 1465 dominus.
3406 1410 3563 1464 Post-
3671 1482 3681 1492 .

1983 1511 2148 1565 quam
2195 1511 2330 1552 vero
2381 1499 2670 1568 pronubus
2716 1499 3000 1556 discedere
3050 1502 3223 1558 voluit
3272 1518 3378 1557 una
3438 1518 3563 1557 cum

1982 1585 2186 1656 puella,
2219 1586 2561 1657 interrogant
2601 1589 2929 1655 Rebeccam,
2962 1608 3030 1647 an
3061 1607 3187 1647 cum
3215 1609 3282 1648 eo
3309 1593 3387 1648 ire
3412 1594 3562 1657 velit,

1982 1687 2038 1732 et
2061 1694 2130 1732 an
2162 1677 2398 1734 libenter
2428 1680 2697 1736 discedat.
2733 1682 2854 1753 Ipsa
2893 1699 3026 1740 vero
3058 1694 3312 1755 prompte
3349 1686 3561 1741 annuit.

1981 1768 2134 1827 Isaac
2160 1780 2343 1826 autem
2376 1771 2444 1826 ad
2470 1787 2528 1828 se
2561 1773 2854 1830 adductam
2885 1776 2940 1830 in
2972 1776 3197 1832 domum
3228 1794 3382 1832 suam
3411 1779 3566 1833 laetus

305 1860 477 1930 αὐτῷ.
504 1863 598 1915 καὶ
620 1862 868 1928 δεσπόζει
914 1864 1023 1918 τῶν
1050 1864 1188 1917 ὅλων
1223 1866 1254 1917 6
1292 1865 1530 1928 νεανίας.
1586 1864 1803 1935 Ἐπειδὴ
1828 1863 1872 1917 δὲ

1986 1859 2218 1926 inducit,
2247 1864 2669 1935 consolatusque
2696 1876 2781 1921 est
2806 1868 3178 1934 vehementer,
3204 1870 3419 1925 etiamsi
3447 1888 3564 1925 ma-

301 1953 621 2023 ἀποτρέχειν
669 1954 861 2025 ήθελεν
898 1955 1032 2024 ὁμοῦ
1065 1959 1134 2027 τῇ
1168 1955 1372 2010 νεὰνιδι
1397 1956 1588 2009 λοιπὸν
1640 1959 1669 2010 6
1707 1973 1882 2027 νυμφ-

299 2041 536 2108 αγωγὸς,
565 2042 869 2113 διερωτῶσι
910 2044 1206 2099 Ῥεϐέκκαν
1263 2047 1312 2099 εἰ
1369 2045 1744 2116 συμϐαδιεῖται
1804 2044 1882 2116 τῷ

303 2131 623 2202 κεκληκότι,
650 2135 747 2188 καὶ¹
773 2135 1062 2207 ἀσπαστὴν
1097 2141 1384 2209 ποιήσεται
1412 2139 1513 2207 τὴν
1546 2137 1876 2208 ἀποδρομήν.

314 2222 380 2275 Ἦ
427 2223 486 2276 δὲ
525 2226 816 2279 κατανεύει
856 2227 1170 2298 προθύμως.
1214 2228 1544 2299 ’Δφιγμένην
1584 2228 1640 2281 δὲ
1685 2227 1877 2295 οὕτως,

293 2313 652 2377 εἰσοικίζεται
677 2316 777 2383 μὲν
797 2314 1080 2387 ἐθελοντὴς
1103 2316 1203 2389 ἤδη
1236 2319 1264 2370 6
1306 2315 1489 2369 Ἰσαάκ
1513 2328 1526 2342 ’
1558 2313 1877 2385 παρεκλήθη

292 2402 351 2455 δὲ
371 2401 548 2467 οὕτως
570 2405 794 2475 σφόδρα,
821 2406 996 2459 καίτοι
1027 2406 1330 2476 τεθνεώσης
1355 2407 1506 2476 αύτῴ
1526 2407 1625 2476 τῆς
1651 2406 1876 2477 μητρός-

1988 1960 2073 2007 ter
2107 1953 2280 2023 ipsius
2306 1963 2523 2011 mortua
2548 1957 2731 2012 fuerit.
2763 1959 2982 2031 Longus
3011 1961 3195 2031 itaque
3216 1972 3301 2017 est
3324 1963 3566 2019 historia:

1982 2057 2184 2098 sermo.
2223 2043 2495 2101 Caeterum
2533 2063 2635 2102 nos
2669 2064 2795 2104 eum
2829 2049 2884 2104 in
2927 2066 3195 2106 summam
3233 2053 3562 2123 rcdigentes,

1983 2136 2130 2204 quod
2170 2135 2305 2191 satis
2340 2147 2428 2192 est
2464 2139 2723 2195 diximus.
2767 2140 3119 2212 Spiritualem
3149 2143 3314 2214 igitur
3342 2160 3563 2199 sensum

1983 2224 2282 2284 artiﬁciose
2336 2227 2713 2298 inquiramus,
2755 2241 2810 2287 et
2863 2234 3108 2304 mysterii
3158 2243 3345 2305 typum
3396 2238 3565 2292 veluti

1981 2314 2234 2371 obscuris
2268 2318 2596 2387 quibusdam
2637 2323 2848 2380 umbris
2882 2324 3189 2381 involutum
3222 2326 3564 2399 indagemus,

1981 2407 2380 2481 veritatemque
2413 2428 2694 2470 eruamus.

289 2495 519 2568 Μικρὸς
564 2497 663 2565 μὲν
710 2493 803 2552 οὖν
848 2499 942 2552 καὶ
988 2498 1155 2564 πολὺς
1200 2501 1298 2569 τῆς
1337 2500 1579 2571 ἱστορίας
1625 2502 1653 2554 6
1697 2500 1873 2586 λὸγρς.
1916 2499 2061 2570 Πλὴν
2076 2501 2429 2572 ὲπιτεμὸντες
2457 2505 2534 2570 ὡς
2586 2507 2667 2562 ένι
2689 2509 2915 2582 ταύτην,
2971 2513 3209 2586 διαρκῶς
3238 2518 3561 2588 εἰρήκαμεν.

309 2584 518 2637 Ἡκέτω
551 2586 610 2639 δὲ
655 2581 749 2639 οὖν
779 2587 880 2656 τῆς
915 2587 1150 2658 θεωρίας
1179 2591 1213 2661 ὴ
1253 2590 1483 2661 δύναμις
1521 2591 1614 2643 ἐπὶ
1653 2590 1715 2662 τὸ
1751 2581 1871 2643 λίαν
1910 2591 2180 2661 εὐτεχνὲς,
2215 2593 2309 2647 καὶ⁵
2338 2597 2429 2650 τὸν
2460 2596 2556 2651 τοῦ
2623 2581 2924 2674 μυστηρίου
2961 2581 3132 2662 τύπον
3192 2581 3565 2666 ἀναδεικνύτω

294 2677 476 2734 πάλιν.
499 2676 576 2741 ὼς
596 2679 654 2731 ὲν
684 2680 953 2750 ἀμυδραϊς
983 2681 1083 2752 μὲν
1107 2681 1188 2734 έτι
1218 2684 1418 2748 σκιαῖς,
1452 2684 1591 2756 πλὴν
1619 2685 1878 2739 ὠδίνοντα
1914 2683 2013 2753 τὴν
2042 2684 2317 2755 ἀλήθειαν.

368 2766 433 2835 β’.
469 2769 584 2821 Οὐκ
623 2767 852 2837 ἠξίωσεν
894 2770 1147 2842 ’Δϐραὰμ
1186 2773 1251 2825 ὲκ
1274 2772 1386 2826 τῶν
1417 2773 1737 2844 θυγατέρων
1766 2774 1878 2827 Χα-

295 2858 424 2913 ναὰν
456 2859 693 2930 ἁρμόσαι
724 2863 958 2928 γυναῖκα
982 2860 1063 2931 τῷ
1093 2863 1440 2934 ἠγαπημένῳ
1461 2901 1476 2926 ,
1505 2865 1650 2934 φημὶ
1677 2863 1761 2934 δὴ,
1796 2862 1875 2933 τῷ

306 2952 490 3006 Ἰσαάκ
516 2969 529 2981 ·
566 2952 681 3006 ἀλλ’
720 2955 800 3016 εἰς
836 2953 937 3024 τὴν
973 2954 1082 3009 τῶν
1115 2955 1652 3027 εἰδωλολατρούντων
1692 2957 1872 3028 χώραν

293 3042 386 3096 τὸν
406 3044 626 3114 γνήσιον
646 3045 969 3115 ἀποτρέχειν
985 3045 1238 3099 ἐκέλευεν
1257 3047 1498 3118 οἰκέτην,
1517 3047 1874 3118 φροντιοῦντα

2043 2771 2097 2825 2.
2139 2773 2476 2846 Dedignatus
2499 2785 2584 2834 est
2605 2780 2880 2838 Abraham
2912 2785 3116 2842 dilecto
3136 2787 3394 2856 ﬁliosuo,
3414 2790 3565 2848 Isaac

1970 2863 2255 2932 nimirum,
2302 2885 2528 2926 uxorem
2572 2888 2639 2926 ex
2684 2873 2905 2930 filiabus
2935 2875 3368 2935 Chananaeorum
3407 2886 3561 2947 dare,

1973 2955 2069 3010 sed
2101 2957 2159 3011 in
2186 2960 2465 3029 regionem
2496 2962 2911 3021 idololatrarum
2940 2970 3225 3038 proprium
3255 2987 3414 3027 suum
3444 2990 3560 3029 ser-

1971 3058 2101 3098 vum
2149 3047 2353 3112 emisit,
2377 3050 2474 3119 qui
2505 3066 2735 3106 uxorem
2762 3055 2999 3110 maxime
3027 3058 3107 3112 illi
3137 3062 3561 3118 convenientem

290 3134 555 3202 γυναικδς
583 3135 684 3204 τῆς
723 3135 806 3188 ὅτι
841 3135 1074 3205 μάλιστα
1103 3135 1561 3207 πρεπωδεστάτης
1590 3137 1761 3206 αὐτῷ.
1794 3136 1869 3190 Οὐ

1975 3145 2264 3203 quaereret.
2290 3138 2484 3209 Neque
2505 3142 2654 3197 enim
2680 3143 2856 3199 voluit
2882 3146 3027 3202 Deus
3048 3163 3111 3203 ac
3138 3150 3317 3217 Pater,
3348 3152 3564 3211 Iudam-

293 3227 406 3297 γὰρ
445 3225 706 3296 ὴθέλησεν
734 3229 762 3280 6
792 3226 925 3290 Θεὸς
959 3228 1052 3281 καὶ
1092 3226 1283 3299 Πατὴρ
1309 3227 1408 3298 τὴν
1436 3227 1547 3280 τῶν
1599 3227 1869 3282 Ἰουδαίων

291 3316 624 3387 Συναγωγὴν
657 3316 894 3386 συνάψαι
925 3317 1168 3390 Χριστῷ,
1197 3318 1255 3382 ὃς
1282 3321 1340 3372 ὲν
1394 3318 1579 3372 Ἰσαὰκ
1607 3320 1869 3390 σημαίνε-

288 3425 399 3461 ται.
447 3407 735 3478 Ὀψιγενὴς
788 3408 896 3480 γὰρ
943 3411 972 3462 6
1028 3409 1217 3464 Ἰσαὰκ
1259 3411 1355 3464 καὶ
1400 3411 1705 3481 ἀγαπητός.
1762 3411 1870 3465 Πέ-

291 3517 427 3570 φηνε
453 3499 512 3553 δὲ
540 3501 636 3554 καὶ
660 3503 718 3553 ὲν
746 3500 996 3570 ἐσχάτοις
1025 3504 1234 3574 καιροῖς
1266 3503 1294 3555 6
1318 3503 1575 3574 Χριστὸς,
1605 3504 1696 3558 καὶ
1721 3503 1870 3560 ἔστιν

287 3591 678 3662 ὴγαπημένος,
726 3592 937 3661 τέρψις
980 3610 1040 3646 τε
1089 3594 1183 3646 καὶ
1226 3595 1652 3664 ἀγαλλίασμα·
1695 3597 1869 3668 ἑρμη-

288 3680 503 3733 νεύεται
553 3680 665 3751 γὰρ
713 3680 889 3746 οὕτως
937 3686 966 3737 6
1024 3684 1227 3739 Ἰσαάκ.
1292 3682 1417 3738 Ὀτι
1464 3684 1521 3738 δὲ
1573 3687 1868 3741 Χαναναῖοι

286 3775 452 3837 τύπος
479 3774 546 3828 ἂν
578 3776 783 3828 νοοϊντο
809 3775 916 3830 τῶν
951 3776 1009 3842 ἐξ
1051 3777 1287 3848 Ἰσραὴλ,
1328 3778 1497 3845 σαφὲς
1530 3778 1595 3831 ἂν
1623 3778 1830 3847 γένοιτο
1851 3819 1866 3844 ,

288 3867 382 3921 καὶ
415 3866 562 3936 μάλα
594 3866 811 3938 ῥᾳδίως,
829 3867 904 3930 ὡς
935 3867 1043 3921 ἀπό
1066 3884 1126 3935 γε
1148 3871 1248 3938 τῆς
1280 3867 1373 3921 τοῦ
1401 3869 1661 3939 ὀνόματος
1697 3871 1868 3940 ἑρμη-

285 3957 450 4018 νείας.
468 3957 762 4010 Χαναναῖοι
780 3957 912 4025 γὰρ,
932 3956 1155 4025 ἕτοιμοι
1174 3957 1323 4023 πρὸς
1338 3959 1719 4011 ταπείνωσιν.
1743 3960 1869 4011 Τίσι

283 4047 326 4099 δ’
359 4046 425 4099 ἂν
460 4046 666 4115 πρέποι
699 4045 761 4098 τὸ
789 4044 1006 4116 μέλλειν
1037 4044 1210 4098 ἐλθεῖν
1241 4049 1321 4109 εἰς
1343 4047 1695 4111 ταπείνωσιν,
1735 4048 1867 4114 μᾶλ-

285 4135 373 4189 λον
410 4136 468 4188 δὲ
500 4137 601 4207 ἤδη
637 4136 731 4190 καὶ
763 4135 940 4205 ἥκειν,
974 4139 1113 4206 πλὴν
1153 4137 1233 4189 ὅτι
1264 4140 1377 4198 τοῖς
1423 4137 1730 4204 Ἰουδαίοις;
1763 4138 1866 4190 Τε-

284 4227 646 4280 ταπείνωνται
674 4227 801 4298 γὰρ,
831 4227 927 4295 τῆς
955 4228 1013 4280 ὲν
1036 4226 1259 4297 Χριστῷ
1291 4225 1448 4295 δόξης
1479 4226 1863 4298 ὠλισθηκότες,

286 4313 378 4366 καὶ
432 4316 511 4375 εἰς
558 4316 666 4367 πᾶν
719 4314 896 4367 ὁτιοῦν
943 4313 1050 4366 τῶν
1101 4313 1348 4366 ἐκτόπων
1408 4315 1861 4387 κατερῥιμμένοι.

287 4405 496 4458 Οὐκοῦν
533 4407 632 4460 οὐκ
663 4409 729 4460 ὲκ
773 4407 1018 4470 Χαναὰν,
1069 4407 1187 4460 ἀλλ’
1230 4408 1294 4460 ἐκ
1334 4407 1510 4479 μέσης
1557 4408 1665 4461 τῶν
1695 4427 1863 4463 ποτα-

1975 3242 2099 3281 rum
2135 3225 2472 3302 Synagogam
2501 3231 2722 3290 Christo
2755 3238 3035 3307 capulare,
3074 3242 3167 3311 qui
3201 3243 3256 3297 in
3297 3245 3445 3305 Isaac
3483 3249 3560 3304 si-

1973 3318 2283 3389 gniﬁcatur.
2326 3321 2463 3379 Sero
2506 3325 2655 3381 enim
2704 3337 2867 3385 natus
2899 3338 2956 3387 et
2991 3331 3226 3390 dilectus
3261 3346 3347 3392 est
3390 3339 3558 3396 Isaac.

1972 3407 2241 3480 Apparuit
2271 3421 2456 3470 autem
2492 3417 2658 3473 etiam
2693 3419 2749 3475 in
2786 3422 2995 3479 ultimis
3026 3427 3365 3496 temporibus
3396 3429 3558 3486 Chri-

1972 3508 2112 3567 stus,
2136 3512 2193 3557 et
2211 3513 2295 3560 est
2321 3505 2575 3573 dilectus,
2613 3528 2631 3561 ι
2659 3509 3059 3585 delectatioque
3088 3526 3144 3571 et
3170 3520 3490 3588 exsultatio;
3533 3542 3551 3575 ι

1970 3589 2077 3647 hoc
2106 3595 2256 3651 enim
2282 3597 2679 3668 interpretatur
2713 3603 2882 3661 Isaac.
2912 3605 3070 3677 Quod
3104 3625 3237 3665 vero
3265 3611 3555 3669 Chananaei

1969 3683 2073 3754 91
2115 3693 2277 3758 typus
2311 3691 2422 3747 sint
2459 3693 2853 3762 Israelitarum,
2885 3699 3233 3756 manifestum
3273 3703 3461 3770 fuerit,
3503 3716 3557 3760 et

1943 3817 1949 3822 .
1971 3777 2193 3845 quidem
2219 3780 2378 3838 facile
2399 3784 2696 3841 admodum
2720 3804 2785 3844 ex
2814 3790 3054 3845 nominis
3079 3791 3553 3862 interpretatione.

1967 3866 2262 3927 Chananaai
2292 3874 2440 3927 enim
2498 3879 2680 3946 parati
2728 3881 2799 3932 ad
2849 3879 3291 3935 humiliationem.
3346 3885 3559 3951 Quibus

1968 3960 2117 4014 enim
2165 3967 2457 4020 conveniat
2497 3967 2565 4020 ad
2609 3967 3051 4021 humiliationem
3099 3968 3199 4033 ire,
3241 3980 3335 4026 aut
3375 3975 3559 4043 potius

1969 4052 2278 4118 pervenire,
2309 4070 2474 4122 quam
2511 4055 2756 4109 Iudaeis?
2795 4056 3078 4113 Humiliati
3124 4060 3397 4129 siquidem
3431 4076 3559 4121 sunt

1969 4142 2286 4198 excidentes
2322 4160 2354 4201 a
2388 4145 2559 4215 gloria
2590 4146 2707 4211 Dei,
2747 4155 2804 4203 et
2841 4148 2898 4202 in
2931 4151 3137 4219 quaevis
3163 4152 3555 4212 absurdissima

1967 4234 2230 4304 prolapsi.
2264 4235 2532 4302 Quocirca
2563 4255 2672 4294 non
2705 4255 2769 4294 ex
2789 4241 3071 4310 Chanaan,
3096 4245 3192 4301 sed
3219 4263 3285 4301 ex
3306 4248 3554 4320 Mesopo-

1969 4326 2156 4391 tamia,
2195 4342 2392 4397 sponsa
2433 4330 2603 4385 Isaac.
2641 4331 2799 4399 Nam,
2845 4341 2907 4389 ut
2936 4335 3070 4401 dixi,
3104 4353 3213 4394 non
3250 4356 3316 4395 ex
3351 4341 3555 4399 Iudaeis

1969 4418 2064 4471 sed
2102 4433 2171 4472 ex
2209 4419 2466 4489 gentibus
2513 4421 2755 4477 Ecclesia
2804 4424 3166 4494 spiritualiter
3204 4429 3426 4489 Christo
3475 4448 3555 4491 est

289 4498 403 4567 μῶν
452 4498 696 4568 Ἰσαὰκή
753 4500 962 4569 νύμφη.
1007 4501 1095 4562 Ὠς
1134 4501 1241 4571 γὰρ
1278 4500 1434 4572 ἔφην,
1483 4502 1584 4554 οὐκ
1625 4501 1685 4567 ἐξ
1732 4504 1862 4557 ’1ου-

1975 4509 2240 4577 copulata.
2271 4509 2542 4566 Caeterum
2569 4529 2669 4583 per
2696 4516 3035 4573 voluntatem
3075 4521 3272 4587 Patris,
3315 4525 3552 4581 interce-

284 4588 465 4650 δαίων,
512 4589 627 4642 ἀλλ’
668 4589 727 4655 ἐξ
766 4589 937 4644 ἐθνῶν
982 4591 1015 4660 ἡ
1069 4592 1490 4662 συνηρμοσμένη
1544 4593 1620 4662 τῷ
1653 4596 1865 4663 Σωτῆρι

286 4679 501 4750 Χριστῷ
531 4681 918 4752 πνευματικῶς
975 4680 1304 4752 Ἐκκλησία,
1339 4681 1506 4752 Πλὴν,
1541 4680 1628 4735 διὰ
1673 4682 1865 4752 βουλῆς

283 4771 374 4824 τοῦ
400 4771 638 4842 Πατρδς,
665 4773 1109 4844 μεσολαϐούντων
1136 4771 1363 4826 οἰκετῶν
1387 4773 1496 4826 τῶν
1517 4775 1599 4827 ὅτι
1632 4773 1865 4842 μάλιστα

283 4862 488 4916 πιστῶν
523 4864 622 4917 καὶ
660 4865 921 4933 γνησίων,
964 4865 1051 4917 ἵνα
1085 4863 1296 4933 νοῶμεν
1332 4864 1458 4928 τοὺς
1492 4864 1770 4934 μαθητὰς.
1812 4865 1862 4919 οἳ

282 4954 374 5006 καὶ
415 4954 613 5024 ταμίαι
670 4954 930 5024 γεγόνασι
987 4955 1083 5007 καὶ
1135 4953 1409 5024 οἰκονόμοι
1469 4953 1579 5007 τῶν
1627 4954 1864 5025 Χριστοῦ

280 5045 371 5099 τοῦ
430 5045 569 5100 Θεοῦ
633 5047 981 5117 μυστηρίων·
1021 5048 1303 5118 μονονουχὶ
1344 5048 1403 5101 δὲ
1445 5049 1541 5102 καὶ
1580 5051 1637 5102 ὲν
1675 5047 1862 5119 χερσὶν

282 5136 491 5203 ἔχοντες
534 5138 716 5192 πάντα
746 5140 815 5192 τὰ
856 5140 912 5191 ὲν
945 5138 1021 5208 τῷ
1048 5139 1181 5210 οἴκῳ
1217 5140 1401 5194 αὑτοῦ.
1442 5135 1602 5195 Οὗτοι
1633 5140 1862 5194 καταλε-

282 5227 524 5293 λοιπότες
564 5232 666 5300 τὴν
709 5230 992 5294 Ἰουδαίαν,
1035 5232 1284 5303 καθάπερ
1327 5232 1518 5301 ἀμέλει
1559 5233 1652 5285 καὶ
1691 5234 1719 5285 ὁ
1766 5231 1859 5285 τοῦ

294 5317 545 5392 Ἀϐραὰμ
575 5321 797 5392 οἰκέτης
840 5324 939 5395 τὴν
967 5325 1299 5386 Χαναναίαν,
1329 5327 1407 5387 εἰς
1441 5325 1538 5396 τὴν
1570 5324 1678 5378 τῶν
1705 5325 1861 5378 εἰδῶ-

282 5409 686 5484 λολατρούντων
727 5417 910 5487 χώραν
948 5419 1287 5483 κατέϐαινον,
1317 5419 1635 5490 ἀναθέμενοι
1663 5421 1862 5491 τρόπον

283 5505 401 5558 τινὰ
444 5506 515 5560 τὰ
543 5509 609 5562 ὲκ
638 5507 734 5561 τοῦ
766 5508 900 5562 Θεοῦ
952 5513 1046 5564 καὶ
1076 5512 1287 5583 Πατρδς
1318 5512 1521 5580 ἀγαθὰ,
1557 5515 1650 5567 καὶ
1683 5513 1862 5585 πλήρη

289 5594 384 5664 μὲν
412 5595 627 5667 ἔχοντες
667 5599 758 5652 τὸν
789 5600 912 5654 νοῦν
949 5604 1139 5672 σοφίας
1171 5606 1268 5675 τῆς
1314 5604 1538 5669 ἄνωθεν,
1579 5607 1863 5678 ἐπίμεστοι

376 5777 467 5831 "l
500 5777 630 5832 Cor.
665 5794 736 5843 tv,
772 5779 817 5832 ἰ.

1969 4600 2229 4656 dentibus
2259 4603 2478 4658 interim
2508 4606 2681 4659 servis
2713 4609 2948 4664 maxime
2976 4611 3231 4669 ﬁdelibus
3251 4658 3264 4679 ,
3299 4627 3357 4671 ut
3390 4619 3549 4674 intel-

1965 4691 2198 4761 ligamus
2237 4693 2555 4765 discipulos,
2598 4697 2691 4767 qui
2734 4717 2752 4748 ι
2794 4699 3199 4770 dispensatores
3240 4717 3404 4779 atque
3451 4713 3547 4766 ad-

1968 4782 2368 4839 ministratores
2410 4784 2634 4841 fuerunt
2670 4790 3055 4858 mysteriorum
3098 4795 3302 4851 Christi
3333 4802 3399 4863 "6,
3441 4823 3457 4853 ι
3495 4803 3544 4858 in

1967 4889 2202 4942 quorum
2227 4891 2389 4931 manu
2413 4885 2622 4933 tantum
2653 4896 2763 4935 non
2791 4892 2920 4938 sunt
2947 4885 3151 4948 omnia,
3188 4903 3309 4954 quae
3337 4889 3390 4942 in
3413 4895 3547 4947 aadi-
3595 4908 3603 4944 ι

1970 4965 2074 5019 bus
2114 4966 2306 5036 ipsius.
2346 4969 2412 5024 Hi
2454 4972 2645 5027 relicta
2683 4973 2891 5041 Judzea,
2933 4976 3395 5044 quemadmodum
3437 4982 3548 5040 fere

1969 5056 2203 5113 Abrahae
2247 5074 2440 5116 servus
2481 5063 2707 5133 regione
2741 5064 3175 5122 Chananaaorum
3205 5111 3219 5133 ,
3254 5071 3320 5125 ad
3368 5073 3547 5129 idolo-

1968 5146 2134 5202 latras
2169 5163 2288 5204 sese
2312 5152 2681 5218 contulerunt,
2710 5162 2987 5223 gestantes
3014 5156 3418 5224 quodammodo
3453 5162 3545 5215 Dei

1967 5253 2031 5293 ac
2054 5239 2233 5296 Patris
2260 5242 2423 5308 bona,
2455 5260 2519 5299 ac
2557 5246 2766 5300 caelesti
2801 5246 3070 5314 sapientia
3100 5255 3337 5301 mentem
3375 5251 3544 5305 refcr-

1967 5344 2076 5390 tam
2110 5335 2396 5401 habentes,
2421 5351 2483 5390 ac
2506 5336 2743 5405 Spiritus
2774 5337 2945 5390 sancti
2974 5336 3131 5391 donis
3156 5338 3324 5406 pleni.
3352 5341 3542 5397 Anim-

1967 5427 2191 5481 adverte
2228 5435 2411 5480 autem
2448 5442 2557 5494 quo
2594 5434 2753 5494 pacto
2780 5425 2924 5478 servi
2951 5426 3183 5483 Abrahae
3211 5445 3410 5486 nomen
3436 5449 3541 5487 non

1966 5517 2313 5587 exprimitur,
2359 5527 2419 5570 ut
2456 5516 2509 5568 in
2547 5531 2739 5570 omnes
2778 5515 2965 5572 ﬁdeles
2995 5534 3058 5574 ac
3086 5521 3345 5589 probatos
3381 5524 3532 5577 (Περὶ.

1969 5609 2128 5677 pulos
2166 5606 2460 5661 ministerii
2501 5613 2659 5675 typus
2694 5609 3041 5666 extendatur.
3077 5612 3143 5666 Et
3176 5611 3385 5681 quievit
3426 5617 3538 5684 qui-
