4056 6260
480 468 572 523 151
1494 474 1550 530 S.
1589 474 1863 531 CYRILLI
1902 475 2373 533 ALEXANDRINI
2411 476 2729 534 ARCHIEP.

3606 477 3724 535 159

478 566 601 640 dein
644 585 733 641 ille
763 584 831 640 ad
859 594 1082 655 puteum
1109 601 1264 658 aquae
1298 590 1400 644 sub
1428 606 1736 661 vesperum,
1762 592 2042 662 precibus-

2147 593 2204 647 δέ
2225 594 2583 667 χαρισμάτων
2608 592 2715 647 τῶν
2740 589 2833 647 διὰ
2860 588 2952 645 τοῦ
2978 590 3312 663 Πνεύματος.
3358 575 3636 663 Ἐπιτήρει
3668 592 3722 647 δὲ

477 692 584 746 que
619 676 714 730 Dei
747 676 1009 732 auxilium
1041 678 1334 747 invocavit,
1367 690 1423 736 et
1451 682 1518 736 ad
1549 698 1744 752 aquam
1777 684 2044 754 virginem

478 770 714 838 probare
746 770 938 827 voluit.
971 771 1254 827 Venerunt
1276 782 1455 827 autem
1483 774 1649 828 etiam
1679 774 1851 829 sancti
1878 774 2046 831 disci—

477 859 588 927 puli
620 859 688 913 ad
720 859 965 930 gentium
996 862 1246 932 regiones
1273 863 1375 917 sub
1395 879 1705 934 vesperum,
1724 866 1827 920 hoc
1854 874 1956 931 est,
1989 866 2047 921 in

477 949 682 1004 ultimis
713 950 898 1005 saeculi
937 952 1297 1021 temporibus,
1318 962 1374 1008 et
1409 953 1476 1007 ad
1513 970 1681 1024 aquas
1705 955 2045 1025 spiritualem

476 1041 738 1111 virginem
781 1042 1109 1113 probarunt.
1149 1044 1728 1101 Accommodatissima
1759 1046 1906 1101 enim
1939 1056 2042 1112 est,

474 1131 788 1202 Optimeque
837 1141 1152 1203 comparata
1188 1134 1431 1189 Ecclesia
1459 1135 1525 1189 ad
1553 1135 1917 1190 hauriendum
1959 1136 2043 1190 vi-

376 1285 381 1291 .
475 1223 789 1281 vilicantem
827 1240 1140 1282 sermonem
1164 1241 1232 1281 ex
1257 1225 1502 1282 fontibus
1540 1226 1856 1293 Salvatoris,
1902 1228 2045 1284 sicut

473 1316 738 1387 scriptum
781 1328 864 1374 est
908 1319 975 1373 ⁸⁷.
1023 1319 1198 1373 Habet
1242 1327 1425 1373 autem
1469 1320 1749 1375 uberrime
1788 1320 1944 1391 quod
1973 1321 2042 1375 ad

473 1408 674 1464 mentis
700 1410 1035 1465 habilitatem
1064 1410 1323 1479 pertinet,
1346 1410 1416 1464 ad
1442 1412 1901 1482 suppeditandum
1923 1414 2044 1469 aliis

471 1512 594 1569 qua:
626 1501 794 1555 vitam
845 1501 1113 1572 przebent.
1149 1502 1311 1557 Dedit
1351 1504 1500 1557 enim
1560 1504 1808 1559 Rebecca
1854 1516 2045 1574 potum

469 1590 574 1661 ipsi
597 1606 753 1646 servo
777 1600 833 1647 et
866 1593 1108 1648 camelis.
1141 1592 1220 1647 Ac
1243 1609 1434 1648 servus
1456 1594 1675 1663 quidem
1700 1602 1861 1666 typus
1881 1597 2046 1655 fuerit

470 1697 618 1738 nunc
658 1683 1052 1739 lsraelitarum.
1093 1684 1353 1740 Homines
1385 1686 1532 1740 enim
1571 1685 1743 1756 legem
1781 1687 2045 1743 habentes

470 1774 823 1845 paedagogum
844 1774 1162 1845 Christique
1186 1776 1512 1848 mysterium
1540 1777 1719 1832 adhuc
1749 1778 1805 1833 in
1832 1780 2044 1835 umbris

470 1865 644 1920 latens
662 1866 728 1932 ⁸³,
752 1881 863 1922 non
883 1867 1107 1921 omnino
1125 1876 1305 1923 tamen
1330 1868 1616 1939 disciplina
1636 1885 1914 1926 sacrorum
1948 1872 2043 1927 de-

472 1956 653 2012 stituti
696 1966 825 2013 sunt
855 1976 868 2011 :
905 1967 1094 2029 gentes
1116 1974 1270 2026 vero,
1304 1960 1440 2015 nihil
1465 1961 1776 2032 ajumentis
1811 1964 2039 2019 rationis

470 2047 788 2116 expertibus
845 2048 1191 2115 differentes,
1238 2051 1434 2106 merito
1471 2053 1690 2108 camelis
1717 2064 2040 2124 comparata:

471 2148 617 2195 sunt.
662 2140 1008 2196 lmmundum
1043 2143 1192 2198 enim
1233 2144 1535 2198 secundum
1570 2146 1743 2216 legem
1777 2147 1881 2201 hoc
1917 2148 2037 2202 ani-

471 2233 714 2290 malest.
761 2234 870 2305 92
922 2222 1245 2307 Huiusmodi
1293 2253 1426 2293 vero
1481 2239 1705 2293 omnino
1756 2249 1903 2306 sunt,
1943 2241 2039 2311 qui

469 2325 642 2379 Deum
680 2327 1003 2382 naturaliter
1033 2342 1098 2382 ac
1135 2343 1265 2383 vere
1305 2328 1659 2383 exsistentem
1690 2346 1799 2384 non
1835 2346 2037 2401 cogno-

469 2422 651 2469 scunt.
687 2415 918 2470 Abunde
952 2416 1118 2486 igitur
1145 2417 1403 2471 Ecclesia:
1435 2419 1676 2488 suppetit
1709 2418 1777 2473 ad
1809 2419 2039 2489 irrigan-

469 2504 600 2558 dum
644 2506 814 2560 sacris
854 2521 919 2560 ac
963 2506 1167 2560 divinis
1210 2505 1430 2563 ﬂuentis
1466 2524 1580 2575 eos,
1611 2509 1705 2579 qui
1739 2525 1806 2564 ex
1836 2510 2039 2566 Judzeis

467 2596 575 2649 orti
614 2605 763 2659 sunt,
793 2597 860 2651 ad
894 2613 1134 2653 amorem
1174 2598 1230 2652 in
1267 2598 1545 2655 Christum
1577 2601 2035 2671 amplectendam,

472 2697 585 2741 tum
632 2703 728 2743 eos
766 2688 860 2758 qui
912 2704 979 2743 ex
1025 2689 1279 2759 gentibus
1320 2691 1499 2744 vocati
1550 2700 1696 2746 sunt.
1736 2692 1874 2748 Cum
1908 2708 2038 2749 vero

469 2779 723 2850 discipuli
749 2780 1014 2851 virginem
1044 2780 1206 2835 talem
1245 2788 1371 2835 sunt
1406 2783 1725 2852 conspicati,
1756 2784 2039 2841 inauribus

470 2869 653 2923 statim
687 2870 1037 2935 decorarunt,
1066 2878 1123 2924 et
1147 2869 1367 2939 quidem
1402 2872 1628 2927 auribus
1658 2882 1909 2929 ornatum
1938 2876 2038 2930 ad-

470 2961 760 3028 diderunt,
806 2962 912 3018 hoc
971 2969 1087 3026 est,
1140 2961 1479 3033 splendidam
1527 2964 2039 3036 oruatissimamque

470 3051 795 3108 obedientia:
827 3053 998 3124 gloria
1025 3052 1347 3109 eﬂ'ecerunt.
1374 3053 1611 3110 Ornatus
1629 3055 1774 3110 enim
1795 3056 2034 3122 auditus,

469 3143 838 3199 obedientiam
887 3145 1174 3215 signiﬁcat.
1218 3144 1579 3216 Conspicuam
1630 3155 1816 3203 autem
1862 3148 2038 3203 videri

2147 688 2228 741 ὅτι
2256 690 2351 742 καὶ
2389 686 2675 756 ἀνώνυμος
2703 688 2733 741 6
2758 684 2978 755 οίκέτης
3004 683 3098 738 τοῦ
3141 683 3391 756 Ἁϐραάμ
3410 725 3427 750 ,
3463 682 3552 738 ἵνα
3585 684 3722 738 κατά

2147 778 2346 841 παντὸς
2374 779 2606 850 φέρηται
2639 776 2883 849 μαθητοῦ
2910 775 3102 831 πιστοῦ
3125 792 3186 829 τε
3212 776 3306 829 καὶ
3333 774 3721 846 δεδοκιμασμέ-

2144 885 2260 930 νου,
2289 868 2386 938 τῆς
2413 868 2688 931 διακονίας
2708 870 2738 921 6
2764 866 2952 929 τύπος.
2975 866 3087 920 Καὶ
3108 864 3374 919 κατέλυσε
3398 864 3497 936 μὲν
3518 865 3722 928 ἐκεῖνος

2146 961 2284 1030 πρὸς
2310 959 2389 1031 τῷ
2407 958 2603 1031 φρέατι
2631 958 2724 1013 τοῦ
2755 958 2946 1023 ὓδατος
2966 957 3103 1029 πρὸς
3126 956 3385 1029 ἐσπέραν,
3420 954 3723 1026 παρεκάλει

2144 1052 2202 1105 δὲ
2225 1050 2291 1104 δι’
2324 1052 2489 1122 εὐχῆς
2518 1050 2650 1104 Θεὸν
2670 1049 2924 1119 γενέσθαι
2956 1048 3322 1120 συλλήπτορα,
3353 1047 3447 1101 καὶ
3474 1047 3558 1115 ἐφ’
3590 1045 3719 1099 ὕδα-

2145 1159 2235 1205 τος
2274 1141 2372 1212 τὴν
2422 1134 2691 1214 παρθένον
2725 1139 2883 1212 ήθελε
2927 1139 3263 1211 δοκιμάζειν.
3322 1137 3721 1209 Ἐπεςροίτησαν

2144 1233 2202 1286 δὲ
2240 1234 2335 1286 καὶ
2363 1234 2411 1286 οἱ
2441 1233 2716 1287 θεσπέσιοι
2751 1233 3029 1303 μαθηταὶ,
3059 1231 3308 1301 καθάπερ
3332 1231 3467 1303 ἔφην
3493 1230 3716 1302 ἀρτίως,

2145 1325 2264 1386 ταῖς
2290 1321 2398 1375 τῶν
2425 1320 2597 1376 ἐθνῶν
2624 1321 2829 1391 χώραις
2868 1321 2933 1375 τὸ
2967 1322 3102 1392 πρὸς
3128 1320 3391 1392 ἑσπέραν,
3419 1320 3716 1383 τουτέστιν,

2145 1414 2205 1469 ἐν
2240 1415 2486 1485 ἐσχάτοις
2525 1413 2621 1468 τοῦ
2654 1415 2850 1478 αἰῶνος
2878 1417 3088 1486 καιροῖς
3106 1455 3121 1478 ,
3151 1414 3246 1468 καὶ
3276 1415 3405 1484 παρ’
3436 1412 3590 1466 ὕδασι
3617 1412 3718 1490 τὴν

2145 1505 2338 1578 νοητὴν
2396 1506 2718 1577 ἐδοκίμαζον
2766 1506 3054 1577 παρθένον.
3116 1503 3555 1576 Ἐπιτηδειοτάτη
3609 1503 3761 1573 γὰρ,

2145 1597 2266 1650 λίαν
2299 1599 2332 1668 ή
2375 1598 2692 1668 Ἐκκλησία,
2723 1599 2818 1651 καὶ
2858 1597 3143 1669 εὐρώστως
3173 1597 3372 1667 ἔχουσα
3400 1596 3536 1668 πρός
3564 1611 3630 1664 γε
3658 1594 3722 1648 τὸ
3749 1578 3759 1608 ⁴

2144 1687 2425 1754 δύνασθαι,
2457 1689 2621 1760 φημὶ,
2656 1688 2749 1743 τὸν
2797 1688 3057 1754 ζωοποιδν
3103 1687 3405 1759 ἀρύσασθαι
3433 1686 3614 1755 λόγον,
3656 1687 3722 1739 ἐκ

2143 1779 2252 1831 τῶν
2304 1778 2494 1849 πηγῶν
2537 1777 2631 1833 τοῦ
2667 1779 2979 1850 Σωτηρίου,
3013 1778 3158 1832 κατά
3196 1778 3258 1830 τὸ
3305 1776 3718 1847 γεγραμμένον.

2149 1868 2304 1940 Ἔχει
2343 1870 2399 1923 δὲ
2436 1871 2530 1924 καὶ
2561 1870 2663 1924 οὐκ
2701 1869 2992 1935 ἀνικάνως,
3017 1870 3078 1922 τό
3114 1885 3178 1937 γε
3217 1864 3352 1940 ἧκον
3380 1871 3467 1932 είς
3495 1867 3585 1921 νοῦ
3623 1868 3721 1921 καὶ

2146 1962 2341 2034 φρενὸς
2371 1962 2783 2034 ἐπιτηδειότητα
2823 1962 2981 2033 πρὸς,
3010 1961 3071 2014 τδ
3099 1960 3192 2013 καὶ
3214 1960 3416 2030 ἐτέροις
3457 1958 3721 2013 δύνασθαι

2143 2056 2401 2126 χορηγεῖν
2444 2054 2513 2107 τὰ
2547 2053 2805 2107 τελοῦντα
2853 2052 2989 2123 πρὸς
3036 2051 3203 2121 ζωήν.
3250 2049 3493 2114 Ἐπότιζε
3526 2050 3638 2123 γάρ
3680 2050 3715 2121 ή

2157 2145 2417 2200 Ῥεϐέκκα
2444 2144 2605 2199 αὐτόν
2646 2162 2706 2197 τε
2750 2143 2841 2197 τὸν
2879 2143 3100 2214 οἰκέτην
3143 2142 3236 2196 καὶ
3279 2140 3376 2204 τὰς
3408 2140 3714 2212 καμήλους.

2143 2237 2255 2290 Καὶ
2288 2237 2319 2288 6
2364 2236 2463 2307 μὲν
2517 2235 2755 2306 οἰκέτης,
2803 2234 2971 2297 τύπος
3006 2234 3073 2288 ἂν
3118 2235 3288 2287 νοοῖτο
3337 2231 3454 2287 νυνὶ
3498 2230 3606 2284 τῶν
3655 2230 3720 2296 ἐξ

2143 2325 2382 2395 Ἰσραήλ.
2422 2325 2732 2396 ’Ἄνθρωποι
2755 2325 2861 2397 γὰρ
2890 2326 2938 2378 οί
2959 2324 3122 2395 νόμον
3162 2323 3377 2394 ἔχοντες
3407 2324 3508 2395 ήδη
3561 2322 3718 2377 παιδ-

2143 2418 2381 2486 αγωγὸν,
2413 2419 2506 2472 καὶ
2531 2416 2603 2481 ώς
2624 2418 2682 2469 ἐν
2714 2421 2894 2481 σκιαῖς
2928 2417 3027 2487 μέν
3053 2415 3133 2469 ἔτι
3161 2416 3221 2469 τὸ
3236 2414 3472 2486 Χριστοῦ
3505 2414 3715 2487 μυστή-

2146 2525 2277 2581 ριον,
2302 2509 2441 2579 πλὴν
2465 2509 2565 2561 οὐκ
2595 2506 3057 2579 ἀμυσταγώγητοι
3086 2506 3384 2569 παντελῶς.
3406 2506 3633 2576 Κτηνῶν
3656 2506 3715 2559 δὲ

2141 2600 2351 2669 ἀλόγων
2395 2600 2545 2653 οὐδὲν
2583 2600 2929 2670 διαφέροντες
2967 2600 3016 2653 oi
3056 2598 3113 2662 ἐξ
3155 2599 3343 2659 ἐθνῶν.
3384 2599 3433 2652 οἳ
3476 2598 3570 2651 καὶ
3592 2599 3716 2659 ταῖς

2143 2693 2411 2763 καμήλοις
2434 2690 2899 2765 παρεικάζο[ι]ντο
2945 2690 3011 2744 ἂν
3033 2691 3275 2754 εἰκότως.
3313 2691 3552 2761 Ἀνίερον
3601 2688 3712 2759 γὰρ

2143 2782 2286 2837 κατά
2307 2782 2501 2852 νόμους
2535 2782 2596 2835 τὺ
2630 2782 2788 2846 ζῶον.
2830 2781 3033 2834 Τοιοίδε
3062 2781 3279 2843 πάντως
3314 2780 3363 2832 oi
3390 2781 3553 2849 μήπω
3578 2778 3711 2838 θεὸν

2144 2874 2341 2936 εἰδότες
2368 2873 2460 2927 τὸν
2486 2874 2645 2941 φύσει
2678 2891 2736 2926 τε
2772 2873 2866 2926 καὶ
2897 2873 3133 2943 ἀληθῶς.
3178 2861 3503 2941 Ἱκανωτάτη
3532 2871 3597 2941 δὴ
3618 2866 3712 2924 οὖν

2144 2963 2425 3035 κατάρδειν
2454 2966 2487 3035 ή
2530 2963 2824 3033 Ἐκκλησία
2867 2965 2978 3025 τοῖς
3018 2964 3180 3033 ἱεροῖς
3206 2978 3266 3014 τε
3298 2962 3391 3015 καὶ
3431 2960 3591 3023 θείοις
3617 2960 3712 3013 νά·

2147 3070 2299 3124 μασι,
2329 3052 2455 3116 τούς
2479 3070 2537 3105 τε
2577 3052 2635 3118 ἐξ
2678 3052 2943 3106 Ἰουδαίων
2977 3052 3210 3123 ἥκοντας
3242 3049 3335 3102 ἐπὶ
3368 3048 3429 3101 τὸ
3459 3049 3566 3101 δεῖν
3593 3047 3711 3099 ἐλέ-

2145 3145 2267 3200 σθαι
2303 3147 2402 3217 τὴν
2434 3147 2514 3209 είς
2546 3145 2780 3216 Χριστὸν
2820 3144 3041 3214 ἀγάπην
3067 3158 3078 3171 ·
3120 3142 3213 3195 καὶ
3267 3142 3393 3203 τοὺς
3431 3139 3490 3205 ἐξ
3542 3140 3710 3192 ἐθνῶν

470 3235 636 3289 etiam
672 3250 932 3288 manuum
961 3236 1222 3304 operibus
1250 3244 1531 3301 curarunt,
1564 3237 1670 3291 hoc
1697 3238 1844 3292 enim
1872 3239 2039 3309 signi-

2145 3237 2531 3308 κεκλημένους.
2568 3236 2788 3306 Ἐπειδὴ
2819 3235 2877 3288 δέ
2909 3233 3164 3304 τοιαύτην
3195 3228 3365 3288 οὖσαν
3392 3234 3442 3285 οἱ
3473 3231 3713 3303 μαθηταὶ

474 3326 635 3381 ﬁcare
696 3325 933 3379 arbitror
992 3326 1232 3380 armillas
1282 3325 1534 3381 manibus
1587 3326 1816 3382 additas.
1871 3329 2041 3382 Porro

2145 3328 2424 3383 τεθέανται
2465 3329 2567 3400 τὴν
2619 3327 2903 3398 παρθένον,
2950 3325 3185 3395 ψελλίοις
3248 3343 3309 3378 τε
3364 3324 3532 3394 αὐτὴν
3581 3340 3714 3376 κατ-

473 3433 666 3472 servus
697 3416 931 3470 Abrahae
968 3417 1432 3472 commemorabat
1469 3417 1537 3472 iis
1573 3417 1668 3487 qui
1710 3419 1767 3472 in
1805 3418 2038 3483 Charan,

474 3508 691 3562 divitias
719 3507 927 3562 domini
957 3508 1063 3572 sui,
1095 3509 1352 3579 quodque
1390 3508 1613 3563 unicum
1645 3526 1882 3580 eumque
1910 3511 2041 3565 cha-

475 3597 750 3653 rissimum
787 3597 1016 3652 haberet
1046 3598 1338 3653 haeredem.
1374 3599 1690 3653 Docuerunt
1716 3615 1849 3654 vero
1878 3599 2043 3655 etiam

475 3690 729 3760 discipuli
758 3698 945 3760 gentes
980 3690 1078 3745 Dei
1115 3706 1179 3746 ac
1212 3691 1390 3746 Patris
1419 3690 1656 3756 divitias,
1682 3692 2044 3761 praedicantes

475 3798 648 3852 spem,
696 3783 884 3847 vitam,
938 3782 1444 3847 sanctiﬁcationem,
1488 3783 1743 3853 quodque
1786 3800 1927 3839 unus
1980 3800 2043 3840 ac

475 3876 624 3931 solus
657 3875 825 3930 Filius
856 3875 1157 3931 secundum
1193 3883 1444 3932 naturam
1487 3892 1552 3932 ac
1595 3892 1726 3932 vere
1771 3876 1843 3931 sit
1887 3875 2045 3932 Chri-

475 3976 611 4032 stus,
650 3968 742 4037 qui
775 3968 1157 4023 universorum
1192 3968 1367 4024 haeres
1396 3968 1467 4023 sit
1498 3967 1822 4032 declaratus,
1858 3977 2044 4039 aperte

475 4059 888 4113 annuntiarunt.
919 4059 1083 4129 Atqui
1123 4060 1494 4130 interrogatur
1524 4061 1678 4130 virgo
1709 4060 1950 4131 quidem,
1975 4078 2044 4117 an

475 4147 710 4201 iibcnter
755 4163 881 4201 cum
914 4163 1081 4202 servo
1123 4148 1196 4203 sit
1242 4150 1477 4203 abitura.
1515 4151 1636 4218 Ipsa
1681 4166 1812 4204 vero
1858 4152 2043 4205 statim

475 4239 686 4291 annuit.
736 4238 1150 4306 Promptissima
1189 4238 1335 4290 enim
1369 4247 1450 4292 est
1486 4239 1726 4293 Ecclesia
1762 4256 1826 4293 ex
1865 4245 2043 4310 genti-

476 4330 599 4392 bus,
625 4342 689 4381 ac
723 4336 933 4381 tantum
954 4344 1063 4381 non
1083 4326 1301 4382 fervens
1330 4329 1398 4381 ad
1425 4328 1774 4382 dilectionem
1801 4328 2001 4383 Christi
2027 4350 2040 4384 :

474 4418 621 4488 quod
661 4425 718 4472 et
753 4417 974 4472 divinus
1015 4417 1185 4471 David
1231 4425 1462 4472 testatur
1504 4417 1571 4472 de
1605 4418 1847 4489 gentium
1883 4434 2045 4489 grege

477 4508 549 4563 ita
583 4507 810 4561 dicens:
840 4524 859 4556 ‹
891 4504 1171 4559 Alacritati
1213 4505 1396 4561 cordis
1429 4505 1673 4576 ipsorum
1709 4506 1911 4561 inclina
1944 4521 2044 4561 au-

2140 3419 2396 3490 ηγλάῖξον
2438 3418 2661 3484 εὐθέως,
2692 3419 2785 3472 καὶ
2817 3419 2999 3489 μέντοι
3021 3420 3113 3472 τὸν
3135 3420 3194 3471 ἐν
3219 3417 3321 3471 ὠσὶ
3376 3414 3712 3487 προσέθεσαν

2143 3509 2364 3580 κόσμον·
2401 3507 2668 3572 τουτέστι,
2698 3507 2958 3578 λαμπρὰν
2983 3507 3277 3561 ἀπετέλουν
3310 3504 3406 3559 καὶ
3440 3505 3713 3573 ἐκπρεπε-

2144 3598 2346 3668 στάτην
2386 3599 2498 3660 τοῖς
2537 3597 2617 3659 είς
2661 3596 2918 3665 εύηκοῖαν
2960 3596 3256 3666 αὐχήμασι.
3308 3593 3714 3663 Κεκοσμημένη

2142 3687 2250 3759 γὰρ
2276 3687 2413 3758 ἀκοὴ
2439 3726 2454 3749 ,
2484 3683 2929 3760 παραδηλώσειεν
2956 3684 3022 3739 ἂν
3058 3684 3119 3737 τὸ
3150 3685 3395 3755 εύήκοον.
3434 3681 3714 3753 Περιφανῆ

2142 3776 2199 3829 δέ
2242 3777 2430 3845 ὥσπερ
2453 3775 2680 3845 ὁρᾶσθαι
2724 3772 3130 3846 παρεσκεύαζον
3155 3774 3246 3826 καὶ
3286 3774 3398 3834 τοῖς
3427 3770 3486 3836 ἐξ
3514 3772 3712 3843 ἔργων,

2142 3868 2260 3937 ἧτοι
2293 3867 2491 3938 χειρῶν
2516 3866 2934 3937 κατορθώμασιν
2996 3860 3164 3934 Οἶμαι
3192 3864 3299 3936 γὰρ
3325 3865 3495 3930 τουτὶ,
3528 3864 3590 3916 τὸ
3621 3863 3717 3916 xai.

2143 3959 2335 4022 αὐταῖς
2367 3958 2565 4012 ἐνιέναι
2602 3957 2759 4028 χερσὶ
2777 3957 2845 4010 τά
2867 3956 3076 4026 ψέλλια.
3118 3955 3228 4008 Καὶ
3255 3958 3283 4008 6
3314 3954 3411 4025 μὲν
3438 3954 3653 4025 οἰκέτης
3684 3956 3714 4006 ό

2142 4048 2235 4102 τοῦ
2272 4049 2523 4119 Ἀϐραὰμ
2547 4049 2811 4118 ἀφηγεῖτο
2840 4049 2951 4110 τοῖς
2984 4047 3042 4099 ἐν
3073 4046 3281 4117 Χαράν,
3318 4042 3410 4098 τοῦ
3459 4043 3586 4098 ἰδίου
3628 4044 3717 4098 δε-

2147 4140 2344 4194 σπότου
2376 4140 2467 4194 τὸν
2507 4138 2756 4203 πλοῦτον,
2789 4138 2883 4191 καὶ
2923 4137 3005 4191 ὅτι
3052 4138 3210 4207 μόνον
3241 4136 3337 4189 ἕνα
3371 4137 3464 4188 καὶ
3492 4138 3714 4205 ἠγαπη-

2149 4234 2304 4301 μένον
2330 4231 2441 4301 ἔχει
2472 4231 2567 4285 τὸν
2594 4229 2948 4300 κληρονόμον.
2979 4227 3535 4297 Μεμυσταγωγήκασι
3567 4224 3623 4277 δέ
3650 4224 3717 4276 τὶ

2145 4320 2269 4391 ἔθνη
2312 4322 2407 4374 καὶ
2446 4322 2495 4373 οἱ
2533 4320 2809 4373 θεσπέσιοι
2854 4319 3126 4391 μαθηταὶ,
3175 4317 3264 4371 τὸν
3310 4316 3404 4368 τοῦ
3442 4314 3576 4367 Θεοῦ
3620 4315 3717 4367 καὶ

2144 4412 2356 4482 Πατρδς
2399 4412 2862 4482 ἀνακηρύττοντες
2910 4410 3157 4472 πλοῦτον,
3212 4409 3310 4479 τὴν
3359 4408 3569 4473 ἐλπίδα,
3615 4408 3717 4478 τὴν

2146 4500 2309 4571 ζωὴν,
2335 4498 2425 4553 τὸν
2457 4500 2743 4571 ἁγιασμόν·
2778 4495 2858 4562 εἴς
2892 4500 2949 4552 δὲ
2977 4500 3058 4552 ὅτι
3089 4499 3184 4552 καὶ
3224 4499 3382 4568 μόνος
3417 4498 3542 4560 Υἱὸς
3572 4497 3718 4550 κατά

476 4614 590 4653 rem
630 4605 777 4651 tuam
810 4595 877 4650 ⁸³.
915 4615 933 4648 ο
974 4596 1265 4666 Postquam
1294 4611 1427 4651 vero
1464 4597 1749 4666 copulatus
1779 4604 1859 4651 est
1893 4596 2041 4651 Isaac

2146 4590 2306 4660 φύσιν
2338 4590 2431 4643 καὶ
2463 4590 2678 4660 ἀληθῶς
2705 4593 2734 4645 6
2762 4591 3013 4662 Χριστὸς,
3046 4590 3105 4653 ὃς
3135 4590 3229 4642 καὶ
3254 4589 3361 4642 τῶν
3383 4587 3518 4640 ὅλων
3544 4587 3717 4640 τέθει-
3742 4576 3746 4585 ’

476 4688 756 4750 Βεϋθοοω,
787 4705 805 4736 ι
827 4685 1139 4741 consolatus
1164 4695 1267 4750 est,
1289 4686 1488 4755 inquit,
1511 4701 1676 4755 super
1692 4697 1864 4740 matre
1885 4701 2001 4739 sua.
2016 4705 2032 4736 ι

476 4781 554 4834 Ex
591 4779 697 4833 hoc
725 4777 907 4847 itaque
942 4775 1101 4831 facile
1140 4775 1367 4846 intelligi
1399 4782 1598 4844 potest,
1630 4776 1777 4845 quod
1807 4776 2044 4830 doluerit

476 4871 696 4939 quidem
740 4868 994 4923 Christus
1040 4873 1269 4920 mortem
1316 4866 1718 4935 quodammodo
1755 4866 2047 4938 Synagogaz

474 4961 786 5014 .ludaeorum
828 4959 899 5014 ob
945 4957 1408 5020 incredulitatem,
1439 4972 1506 5010 ex
1547 4972 1655 5027 qua
1695 4957 1808 5026 ipse
1850 4972 2046 5011 secun-

387 5058 396 5065 '
474 5052 606 5104 dum
648 5065 868 5104 carnem
928 5059 1090 5105 natus
1137 5058 1276 5106 erat.
1319 5050 1612 5118 Postquam
1649 5064 1781 5103 vero
1817 5064 2048 5118 sponsus

476 5138 731 5196 Ecclesiae
774 5141 1016 5210 gentium
1065 5149 1150 5195 est
1193 5139 1442 5203 effectus,
1486 5138 1739 5208 deposuit
1779 5139 2046 5209 quodam-

478 5232 639 5286 modo
687 5246 1008 5294 maerorem,
1044 5244 1209 5299 quem
1247 5245 1312 5283 ea
1355 5228 1424 5283 de
1466 5243 1525 5282 re
1567 5236 1910 5298 conceperat.
1956 5229 2048 5283 Di-

477 5327 626 5374 ctum
659 5320 806 5373 enim
842 5326 927 5373 est
961 5317 1164 5372 alicubi
1197 5332 1295 5387 per
1326 5331 1516 5371 vocem
1548 5318 1825 5387 propheta:
1849 5318 1916 5371 ad
1946 5318 2047 5373 Ec-

478 5409 700 5463 eicsiam
726 5426 739 5460 :
788 5427 806 5459 ι
847 5410 915 5462 Et
936 5408 1074 5473 erit,
1098 5405 1558 5477 quemadmodum
1587 5406 1858 5461 laetabitur
1878 5423 2043 5476 spon-

478 5513 571 5553 sus
634 5513 799 5566 super
849 5512 1075 5566 sponsa,
1126 5496 1205 5551 sic
1244 5494 1516 5550 laetabitur
1566 5495 1829 5550 Dominus
1881 5512 2046 5564 super

479 5593 534 5640 te
564 5585 632 5638 “.
675 5604 693 5636 ι
718 5586 820 5639 Per
838 5600 1000 5654 quem
1046 5593 1102 5641 et
1134 5602 1256 5641 cum
1289 5601 1399 5655 quo
1448 5586 1560 5639 Deo
1600 5601 1663 5639 ac
1702 5585 1845 5642 Patri
1876 5585 2045 5655 gloria

479 5691 604 5731 cum
642 5685 830 5731 sancto
870 5677 1076 5749 Spiritu
1123 5678 1179 5733 in
1230 5677 1427 5733 sascula
1469 5678 1813 5732 smculorum.
1851 5678 2040 5732 Amen.

596 5855 637 5886 ⁸⁷
671 5852 767 5907 lsa.
808 5869 896 5912 xu.
929 5855 981 5909 5.
1082 5854 1126 5886 ⁸⁸
1161 5855 1330 5912 Calai.
1368 5856 1558 5917 111.91.

1671 5854 1715 5885 ¹¹⁹
1747 5855 1884 5908 Psnl.
1925 5872 1995 5919 ις,
2048 5855 2131 5906 38.
2163 5855 2207 5887 9°

2148 4701 2239 4739 ται
2276 4683 2629 4754 κληρονόμος,
2660 4682 3002 4754 ἀπήγγελλον
3035 4682 3300 4753 ἐναργῶς.
3331 4680 3439 4734 Καὶ
3463 4679 3717 4748 ὴρωτᾶτο

2153 4774 2251 4844 μὲν
2291 4776 2325 4844 ή
2362 4773 2661 4844 παρθένος,
2696 4774 2745 4826 εἰ
2775 4772 3152 4843 συμϐαδιεῖται
3187 4771 3264 4841 τῷ
3296 4770 3480 4843 οἰκέτῃ
3512 4769 3717 4840 προθύ-

2149 4880 2284 4936 μως·
2322 4867 2355 4934 ή
2391 4864 2448 4918 δέ
2487 4863 2772 4917 κατένευεν
2817 4862 2997 4926 εὐθύς.
3057 4861 3409 4931 Ἐτοιμοτάτη
3444 4860 3551 4930 γὰρ
3593 4859 3715 4913 λίαν

2145 4952 2180 5022 ή
2208 4950 2268 5014 ἐξ
2292 4949 2462 5004 ἐθνῶν
2511 4949 2802 5019 Ἐκκλησία
2822 4988 2836 5013 ,
2868 4951 3145 5020 μονονουχὶ
3167 4949 3222 5001 δὲ
3251 4949 3343 5003 καὶ
3373 4947 3550 5019 θερμὴ
3579 4947 3715 5018 πρὸς

2145 5040 2369 5110 ἀγάπην
2401 5038 2498 5110 τὴν
2535 5040 2626 5092 ἐπὶ
2670 5038 2910 5109 Χριστῷ.
2966 5040 3076 5092 Καὶ
3119 5039 3454 5110 μαρτυρήσει
3483 5037 3659 5105 λέγων
3686 5038 3715 5090 ὁ

2145 5131 2434 5192 θεσπέσιος
2455 5129 2619 5183 Δαϐὶδ
2642 5130 2769 5198 περὶ
2798 5129 2896 5199 τῆς
2919 5128 2978 5194 ἐξ
3002 5129 3169 5183 ἐθνῶν
3192 5129 3410 5199 ἀγέλης·
3448 5128 3555 5198 «Τῇ
3584 5129 3714 5183 ἐτοι·

2147 5221 2316 5291 μασίᾳ
2345 5220 2446 5290 τῆς
2492 5219 2720 5290 καρδίας
2763 5219 2941 5272 αὐτῶν
2978 5217 3249 5290 προσέσχε
3285 5218 3345 5269 τὸ
3396 5210 3488 5279 οὖς
3526 5233 3642 5269 σου.
3688 5232 3705 5266 ι

2156 5312 2309 5365 Ἐπεὶ
2358 5312 2417 5365 δὲ
2458 5311 2705 5382 συνήφθη
2752 5310 2937 5363 λοιπὸν
2979 5312 3008 5363 ό
3062 5309 3253 5362 Ἰσαὰκ
3286 5310 3351 5379 τῇ
3420 5307 3710 5377 Ῥεϐέκκα,

2149 5422 2168 5455 ι
2207 5404 2551 5474 Παρεκλήθη,
2583 5403 2750 5474 φησὶ.
2778 5403 2904 5473 περὶ
2932 5405 3031 5473 τῆς
3059 5402 3261 5472 μητρὸς
3299 5399 3490 5454 αὐτοῦ.
3538 5419 3557 5450 ι
3597 5399 3709 5452 Πά-

2147 5513 2293 5567 ρεστι
2327 5494 2387 5566 δὴ
2417 5491 2506 5548 οὖν
2527 5495 2622 5548 καὶ
2649 5494 2735 5548 διὰ
2758 5494 2910 5547 τοῦδε
2939 5495 3097 5556 νοεῖν,
3119 5493 3199 5545 ὅτι
3221 5491 3518 5560 λελύπηται
3555 5490 3654 5560 μὲν
3681 5488 3711 5542 6

2144 5586 2373 5659 Χριστος
2406 5586 2684 5657 μονονουχὶ
2727 5583 3031 5654 τεθνεώσης
3063 5582 3152 5636 διὰ
3181 5582 3283 5651 τῆς
3316 5579 3578 5651 ριπιστίας
3610 5579 3712 5650 ,τῆς

2158 5677 2422 5733 Ἰουδαίων
2454 5677 2816 5747 Συναγωγῆς,
2852 5676 2911 5741 ἐξ
2938 5670 3005 5748 ἦς
3035 5676 3126 5728 καὶ
3166 5672 3326 5735 αὐτὸς
3358 5671 3502 5726 κατὰ
3536 5669 3711 5742 σάρκα

2264 5854 2363 5907 lsa.
2414 5868 2537 5915 an,
2576 5853 2625 5904 Β.
