4056 6260
321 440 347 492 1
359 436 431 494 53
1354 437 1873 496 GLAPHYRORUM

1975 442 1981 496 Ι
2019 441 2319 499 GENESIM
2356 443 2484 499 LIB.
2526 443 2614 500 ΠΙ.
3477 457 3582 515 154

318 549 651 620 γεγένηται·
686 547 874 621 δπειδὴ
914 549 970 604 δὲ
1004 550 1188 620 γέγονε
1232 555 1464 623 νυμφίος
1504 556 1604 627 τῆς
1641 554 1701 621 ἐξ
1741 556 1914 611 ἐθνῶν
1969 558 2316 629 Ἐκκλησίας,
2356 559 2617 630 κατέληξε
2645 558 2848 630 τρόπον
2871 560 2992 616 τινὰ
3015 561 3113 633 τῆς
3146 563 3232 618 ἐπ’
3256 565 3436 640 ἐκείνῃ
3462 567 3574 623 λοι-

320 640 425 693 πόν
465 640 788 711 κατηφείας.
816 639 1039 711 Εἴρηται
1068 641 1175 711 γάρ
1216 658 1317 695 που
1356 642 1447 697 διὰ
1477 645 1661 715 φωνῆς
1725 644 2020 716 προφητῶν
2064 646 2201 718 πρὸς
2242 647 2341 718 τὴν
2396 646 2747 719 Ἐκκλησίαν·
2789 667 2809 699 ι
2848 651 2959 704 Kal.
3018 651 3206 715 ἔσται,
3271 654 3330 709 ὃν
3368 658 3570 729 τρόπον

325 729 761 801 εὐφρανθήσεται
803 730 1031 800 νυμφίος
1063 730 1154 783 ἐπὶ
1183 731 1371 805 νύμφῃ
1391 771 1407 797 ,
1450 733 1623 797 οὕτως
1654 736 2088 808 εὐφρανθήσεται
2119 738 2320 810 Κύριος
2347 739 2440 791 ἐπὶ
2471 739 2573 794 σοί.
2611 758 2630 792 ι
2663 738 2740 793 Δι’
2768 735 2830 795 οὗ
2900 745 2995 797 καὶ
3056 746 3174 816 μεθ’
3236 741 3297 802 οὗ
3323 750 3402 822 τῷ
3457 753 3577 827 Θεῷ

328 823 428 875 καὶ
448 821 617 892 Πατρὶ
644 821 766 887 δόξα
800 822 894 875 σὺν
925 822 1066 894 ἁγίῳ
1092 823 1390 895 Πνεύματι,
1425 828 1506 890 είς
1536 829 1662 890 τοὺς
1695 828 1897 893 αἰῶνας
1930 829 2036 885 τῶν
2064 830 2297 887 αἰώνων.
2343 831 2536 903 Ἀμήν.

330 956 494 1053 Hegio
509 956 611 1010 τοῦ
634 942 832 1035 ’Ἠσαῦ
864 958 961 1053 aiat
1006 959 1130 1053 z;oﬁ_
1153 961 1398 1042 Ἰακώϐ,
1443 963 1544 1053 ὅτι,
1575 967 1876 1053 είςὶῖὐποτ

1993 966 2101 1039 93
2126 967 2203 1053 De
2237 969 2394 1053 Esau.
2407 979 2456 1024 et
2482 970 2682 1053 Iacob:
2720 972 2861 1053 guod
2896 974 3001 1027 sint
3035 982 3186 1053 typus
3222 978 3447 1053 duorum
3477 998 3574 1053 po-

396 1024 675 1121 τέίῖειζξαι
711 1025 834 1121 ἷῶν
869 1026 978 1080 δύο
992 1028 1335 1121 ,λαῶν’,ντοῦ
1374 1024 1438 1112 ξε
1494 1024 1766 1102 Ἰσραὴλ,
1793 1039 1876 1089 κω

1994 1024 2349 1121 vitulorum;
2365 1040 2648 1121 Israelittci
2677 1024 2973 1109 nimirum,
2986 1024 3190 1117 ictae};
3477 1024 3576 1120 rli-

399 1094 502 1148 τοῦ
533 1094 631 1148 διὰ
659 1096 917 1162 πίστεως
944 1097 1056 1165 τῆς
1090 1099 1163 1153 ἐν
1190 1102 1443 1169 Χριστῷ.
1579 1094 1598 1102 ⁷
1687 1094 1698 1102 ’
1752 1094 1761 1099 ’

2063 1094 2182 1161 item
2205 1110 2261 1161 in
2286 1094 2571 1164 Christum.

400 1206 472 1260 α’.
497 1200 835 1263 (Αὗταιδέαί
863 1212 1107 1278 γενέσεις
1140 1214 1324 1268 Ἰσαὰκ
1339 1214 1433 1269 τοῦ
1460 1216 1578 1270 υίοῦ
1613 1218 1893 1291 Ἀϐραὰμ,

320 1295 564 1367 Ἀϐραὰμ
593 1298 849 1370 ἐγέννησε
887 1301 977 1354 τὸν
1028 1302 1232 1357 Ἰσαάκ.
1280 1300 1389 1358 ’Ἦν
1413 1307 1470 1360 δὲ
1525 1308 1712 1363 Ἰσαὰκ
1752 1311 1893 1365 ἐτῶν

315 1387 757 1457 τεσσαράκοντα,
787 1390 877 1443 ὅτε
918 1390 1078 1444 ἔλαϐε
1109 1393 1209 1464 τὴν
1258 1394 1574 1463 Ῥεϐέκκαν,
1613 1398 1894 1471 θυγατέρα

314 1477 560 1549 Βαθουὴλ
586 1479 681 1533 τοῦ
713 1481 920 1552 Σύρου,
955 1484 1021 1536 ἐκ
1050 1484 1149 1554 τῆς
1176 1487 1626 1559 Μεσοποταμίας,
1657 1492 1893 1565 ἀδελφὴν

312 1568 500 1622 Λάϐαν
521 1569 616 1623 τοῦ
645 1570 820 1642 Σύρου
841 1611 857 1634 ,
884 1573 1062 1645 ἑαυτῷ
1090 1580 1343 1643 γυναῖκα.
1377 1579 1574 1635 Ἐδείτο
1601 1582 1659 1635 δὲ
1706 1584 1891 1639 Ἰσαὰκ

316 1658 528 1729 Κυρίου
546 1662 676 1732 περὶ
704 1662 994 1728 Ῥεϐέκκας
1009 1668 1104 1736 τῆς
1120 1668 1375 1733 γυναικὸς
1393 1670 1576 1736 αὐτοῦ,
1598 1673 1679 1727 ὅτι
1703 1678 1890 1747 στεῖρα

315 1747 406 1822 ἦν.
447 1752 748 1824 Ἐπήκουσε
767 1755 823 1809 δὲ
846 1756 1009 1809 αὐτοῦ
1039 1760 1068 1811 6
1093 1759 1245 1825 Θεὸς,
1274 1761 1369 1814 καὶ
1396 1761 1586 1817 ἐλαϐεν
1606 1767 1663 1819 ἐν
1692 1768 1891 1838 γαστρὶ

331 1842 594 1897 Ῥεϐέκκα
624 1845 655 1915 ή
689 1845 825 1917 γυνὴ
855 1847 1019 1902 αὑτοῦ
1043 1888 1057 1902 .
1102 1850 1407 1921 Ἐσκίρτων
1444 1852 1509 1906 ὁὲν
1527 1854 1595 1908 τὰ
1621 1856 1806 1911 παιδία
1832 1859 1890 1913 ἐν

316 1933 471 2002 αὐτῇ.
513 1930 645 1987 Eine
668 1935 747 1990 δέ’
778 1938 843 1991 El
872 1936 1046 2002 οὕτως
1082 1957 1173 2009 μοι
1217 1941 1399 2009 μέλλει
1422 1943 1698 2012 γίνεσθαι,
1727 1947 1812 2001 ἵνα
1839 1949 1891 2003 τί

315 2039 405 2091 μοι
446 2022 635 2109 teuto;
697 2025 1005 2099 Ἐπορεύθη
1043 2029 1101 2082 δὲ
1144 2031 1410 2086 πυθέσθαι
1460 2035 1610 2105 παρὰ
1662 2039 1886 2109 Κυρίου.

314 2112 425 2164 Kal.
463 2106 585 2165 εἶπε
620 2114 826 2183 Κύριος
874 2117 1034 2188 αύτῇο
1073 2118 1179 2172 Δύο
1210 2120 1333 2192 έθνη
1370 2123 1429 2176 έν
1469 2127 1534 2195 τῇ
1569 2106 1763 2197 γαστρί
1792 2129 1885 2183 σού

312 2203 441 2265 εἰσι,
465 2203 562 2257 καὶ
586 2202 680 2256 δύο
707 2204 827 2258 λαοὶ
857 2208 922 2260 ἐκ
944 2208 1041 2278 τῆς
1061 2210 1268 2275 κοιλίας
1294 2228 1386 2265 σου
1417 2213 1880 2287 διασταλήσονται.

2063 1222 2115 1276 l.
2158 1222 2292 1278 ille
2315 1233 2443 1279 sunt
2487 1224 2865 1295 generationes
2905 1225 3074 1292 Isaac,
3122 1226 3221 1282 ﬁlii
3246 1229 3567 1289 Abraham:

1992 1312 2269 1368 Abraham
2300 1315 2491 1385 genuit
2516 1316 2683 1371 lsaac.
2719 1317 2848 1374 Erat
2879 1328 3062 1374 autem
3103 1319 3254 1376 Isaac
3297 1337 3567 1381 annorum

1992 1402 2348 1474 quadraginta
2365 1406 2584 1474 quando
2596 1408 2805 1477 accepit
2820 1408 3142 1477 Rebeccam,
3159 1411 3323 1466 ﬁliam
3339 1412 3566 1469 Bathuel

1992 1489 2136 1562 Syri,
2189 1507 2257 1545 ex
2300 1492 2707 1563 Mesopotamia,
2762 1511 3011 1553 sororem
3034 1498 3218 1553 Laban
3261 1499 3405 1570 Syri,
3457 1502 3566 1557 sibi

1990 1594 2235 1633 uxorem.
2264 1580 2598 1651 Deprecatus
2635 1591 2718 1637 est
2749 1593 2933 1639 autem
2979 1586 3127 1641 Isaac
3184 1602 3286 1656 pro
3316 1587 3566 1644 Rebecca

1988 1685 2158 1725 uxore
2187 1686 2285 1725 sua
2338 1671 2651 1738 Dominum,
2695 1673 2824 1742 quia
2855 1683 2974 1728 erat
3021 1676 3242 1730 sterilis.
3274 1677 3568 1734 Exaudivit

1986 1771 2168 1818 autem
2213 1779 2340 1819 eum
2380 1764 2543 1829 Deus,
2596 1772 2653 1819 et
2703 1766 2955 1834 concepit
3002 1766 3059 1820 in
3111 1775 3269 1821 utero
3318 1768 3566 1824 Rebecca

1987 1871 2126 1910 uxor
2150 1858 2288 1927 ejus.
2321 1855 2603 1911 Saltabant
2631 1864 2813 1911 autem
2863 1857 3020 1927 pueri
3053 1858 3111 1911 in
3158 1873 3241 1914 ea.
3293 1859 3441 1914 Dixit
3463 1876 3563 1915 au-

1988 1954 2129 2001 tem:
2160 1946 2217 2001 Si
2241 1947 2320 2001 sic
2344 1945 2587 2000 futurum
2617 1954 2754 2012 erat,
2775 1947 2907 2017 quid
2957 1964 3182 2004 necesse
3224 1949 3327 2005 fuit
3378 1954 3564 2008 conci-

1986 2035 2328 2107 pere?Abiit
2365 2044 2548 2092 autem
2602 2037 2943 2107 interrogare
2984 2054 3014 2093 a
3069 2040 3320 2096 Domino.
3370 2042 3439 2098 Et
3484 2046 3562 2100 ait

1985 2123 2249 2179 Dominus
2277 2125 2388 2179 illi:
2415 2126 2544 2180 Duae
2565 2134 2755 2197 gentes
2794 2128 2849 2181 in
2882 2136 3042 2184 utero
3070 2139 3164 2186 tuo
3196 2140 3344 2195 sunt,
3368 2140 3426 2188 et
3449 2133 3559 2190 duo

1984 2218 2172 2288 populi
2200 2234 2267 2273 ex
2295 2228 2485 2274 ventre
2537 2226 2631 2274 tuo
2687 2221 3025 2275 dividentur.
3062 2222 3132 2277 Et
3183 2224 3420 2293 populus
3464 2242 3562 2297 po-

308 2291 420 2344 Kal.
452 2290 584 2355 λαὸς
606 2291 735 2347 λαοῦ
774 2294 1042 2364 ὑπερέξει.
1070 2298 1180 2350 Kal
1211 2300 1239 2350 6
1272 2300 1475 2368 μείζων
1501 2278 1772 2360 δουλεύσει
1805 2308 1876 2379 τῷ

1983 2278 2171 2378 pulum
2202 2311 2501 2380 superabit,
2533 2319 2589 2366 et
2644 2314 2818 2383 major
2853 2313 3057 2367 serviet
3085 2278 3305 2369 minori.
3336 2315 3404 2371 Et
3458 2278 3561 2371 im-

306 2383 570 2439 ἐλάττονι.
610 2386 720 2439 Kal
764 2387 1158 2459 ἐπληρώθησαν
1211 2393 1267 2444 ai
1312 2394 1514 2465 ἡμέραι
1562 2396 1655 2450 τοῦ
1701 2402 1876 2454 τεκεῖν

1981 2401 2113 2470 pleti
2154 2412 2282 2458 sunt
2324 2403 2463 2467 dies,
2506 2411 2565 2458 ut
2594 2415 2814 2473 pareret
2859 2405 2996 2475 ipsa,
3028 2415 3083 2460 et
3119 2406 3250 2462 huic
3272 2415 3429 2463 erant
3461 2425 3557 2480 ge-

308 2475 495 2545 αύτὴν,
512 2477 605 2530 καὶ
623 2476 749 2547 τῇδε
769 2474 837 2548 ἦν
856 2478 1052 2550 δίδυμα
1068 2483 1127 2535 ἐν
1144 2485 1211 2552 τῇ
1237 2484 1414 2556 κοιλίᾳ
1434 2487 1623 2557 αὐτῆς.
1661 2489 1876 2561 Ἐξῆλθε

1980 2490 2116 2545 mini
2143 2490 2198 2545 in
2226 2501 2382 2546 utero
2410 2495 2546 2563 ejus.
2585 2493 2848 2564 Egressus
2870 2505 2954 2550 est
2987 2503 3169 2550 autem
3219 2474 3557 2570 primogeni-

305 2564 365 2619 δὲ
389 2569 418 2620 6
461 2567 576 2630 υίὸς
606 2569 634 2621 ὁ
674 2570 1015 2639 πρωτότοκος
1065 2575 1359 2646 πυρράκης
1400 2578 1519 2642 ὅλος
1567 2580 1700 2635 ώσεὶ
1747 2583 1876 2654 δορὰ

1982 2589 2071 2637 tus
2099 2584 2255 2639 rufus
2286 2592 2455 2649 totus,
2511 2593 2566 2639 et
2618 2585 2761 2640 sicut
2816 2586 2975 2655 pellis
3016 2564 3296 2658 hispidus:
3340 2564 3557 2650 vocavit

305 2657 490 2722 δασύς.
538 2659 866 2714 Ἐπεκάλεσε
898 2662 957 2716 δὲ
999 2663 1060 2716 τὸ
1103 2664 1276 2734 ὄνομα
1319 2669 1485 2723 αὐτοῦ
1531 2671 1724 2728 Ἠσαῦ.
1768 2676 1876 2729 Καὶ

1978 2691 2161 2737 autem
2185 2698 2385 2736 nomen
2407 2684 2527 2752 ejus
2557 2683 2721 2737 Esau.
2770 2682 2839 2737 Et
2884 2684 3136 2754 protinus
3185 2700 3438 2754 egressus
3470 2694 3556 2741 est

311 2748 450 2819 μετὰ
473 2748 631 2804 τοῦτο
651 2750 870 2822 ἐξῆλθεν
889 2754 919 2806 6
937 2754 1164 2824 ἀδελφὸς
1186 2756 1372 2824 αὐτοῦ,
1396 2760 1490 2813 καὶ
1514 2763 1546 2830 ή
1567 2764 1685 2835 χεὶρ
1711 2765 1875 2818 αὐτοῦ

309 2838 679 2911 έπειλημμένη
712 2841 813 2911 τῆς
862 2843 1101 2915 πτέρνης
1145 2844 1339 2902 Ἠσαῦ.
1388 2849 1497 2902 Καὶ
1542 2851 1772 2906 ἐκάλεσε
1816 2855 1877 2907 τὸ

306 2926 474 2997 ϐνομα
509 2930 670 2984 αὑτοῦ
715 2929 928 2985 Ἰακώϐ.
991 2933 1177 2988 Ἰσαὰκ
1208 2935 1265 2987 δὲ
1306 2932 1375 3006 ἦν
1412 2938 1546 2992 ἐτῶν
1577 2941 1872 3011 ἐξήκοντα,

306 3018 395 3071 ὅτε
423 3019 604 3072 ἔτεκεν
628 3021 822 3085 αὐτοὺς
861 3022 1146 3078 Ῥεϐέκκα.
1182 3026 1508 3099 Ηύξήθησαν
1533 3030 1589 3083 δὲ
1623 3032 1670 3084 οἱ
1700 3035 1875 3087 νεανί-

308 3126 451 3163 σκοι.
482 3111 592 3163 Kal.
618 3107 684 3182 ἦν
714 3112 883 3167 Ἥσαῦ
912 3114 1196 3186 ἄνθρωπος
1229 3118 1383 3183 είδὼς
1410 3125 1668 3192 κυνηγεῖν
1686 3124 1874 3195 ἄγροι-

305 3217 420 3261 κος.
476 3200 665 3253 Ἰακὼϐ
695 3203 751 3255 δὲ
792 3203 1075 3274 ἄνθρωπος
1122 3206 1418 3275 ἄπλαστος,
1457 3213 1622 3267 οἰκῶν
1672 3217 1869 3270 οίκίαν.

315 3287 595 3358 Ἠγάπησε
636 3290 695 3343 δὲ
747 3292 932 3345 Ἰσαὰκ
971 3292 1062 3347 τὸν
1114 3296 1306 3363 Ἠσαῦ,
1337 3300 1418 3353 ὅτι
1457 3304 1489 3372 ἡ
1523 3302 1663 3373 θήρα
1708 3306 1871 3360 αὑτοῦ

304 3377 503 3449 βρῶσις
526 3378 694 3450 αύτῷ.
728 3381 991 3436 Ῥεϐέκκα
1010 3384 1066 3437 δέ
1088 3386 1278 3455 ήγάπα
1300 3389 1392 3442 τὸν
1418 3389 1632 3447 Ἰακώϐ.
1653 3395 1869 3466 “Hd/nas

302 3467 358 3521 δὲ
413 3467 603 3523 Ἰακὼϐ
652 3470 858 3542 ἕψημα.
910 3467 1080 3527 Ἦλθε
1119 3474 1179 3529 δὲ
1220 3476 1387 3532 Ἠσαῦ
1427 3485 1491 3535 ἐκ
1542 3484 1636 3536 τοῦ
1686 3487 1868 3539 πεδίου

301 3560 587 3617 ἐκλείπων.
633 3564 743 3616 Kal.
771 3560 921 3617 εἶπεν
978 3565 1146 3619 Ἦσαῦ
1197 3569 1276 3640 τῷ
1328 3572 1538 3625 Ἰακώϐ·
1573 3576 1612 3628 Γ
1615 3576 1771 3631 εὖσόν
1802 3595 1868 3648 με
1899 3604 1940 3661 C

301 3651 509 3705 ἀπὸτοῦ
530 3653 811 3723 ἑψήματος
825 3656 919 3709 τοῦ
938 3660 1146 3730 πυρῤοὖ
1163 3661 1373 3726 τούτου,
1392 3663 1473 3716 ὅτι
1489 3666 1722 3721 ἐκλείπω
1738 3668 1868 3738 ἐγώ.

300 3744 395 3796 Διὰ
424 3743 587 3798 τοῦτο
622 3746 823 3818 ἐκλήθη
862 3748 923 3801 τὸ
955 3749 1126 3821 ὄνομα
1172 3752 1337 3806 αὐτοῦ
1392 3755 1586 3824 Ἐδώμ.
1630 3758 1765 3813 Eine
1814 3760 1871 3813 δὲ

310 3832 503 3888 Ἰακὼϐ
535 3836 615 3909 τῷ
652 3838 823 3892 Ἦσαῦ
844 3855 860 3873 ⁸
902 3839 1125 3895 Ἀπόδου
1162 3845 1402 3915 σήμερον
1438 3847 1505 3900 τὰ
1534 3851 1873 3920 πρωτοτόκια

301 3939 390 3975 σου
414 3925 558 3996 ἐμοί.
584 3927 691 3979 Kal
721 3922 873 3982 εἶπεν
918 3929 1109 3986 Ἡσαῦ
1128 3933 1258 3987 Ἰδοὺ
1293 3935 1405 4002 ἐγὼ
1440 3939 1741 4008 πορεύομαι
1776 3958 1866 3992 τε·

296 4012 509 4086 λευτᾷν,
555 4017 648 4070 καὶ
683 4017 769 4072 ἵνα
795 4019 847 4073 τί
893 4038 983 4090 μοι
1012 4021 1185 4077 ταῦτα
1223 4025 1289 4078 τὰ
1332 4029 1712 4097 πρωτοτόκιας
1760 4031 1872 4082 Kal.

298 4100 446 4158 εἶπεν
458 4107 622 4177 αύτῷε
639 4107 848 4162 Ἰακώϐ·
867 4112 1102 4180 Ὀμοσόν
1125 4131 1216 4183 μοι
1241 4116 1483 4185 σήμερον
1504 4133 1518 4147 ·
1542 4117 1637 4169 καὶ
1659 4116 1871 4188 ὤμοσεν

297 4195 465 4267 αύτῷ.
504 4198 755 4252 ’Λπέδοτο
778 4200 834 4253 δὲ
875 4202 1045 4255 Ἡσαῦ
1069 4204 1138 4256 τὰ
1169 4206 1513 4274 πρωτοτόκια
1536 4207 1613 4275 τῷ
1655 4209 1866 4263 Ἰακώϐ.

308 4287 503 4341 Ἰακὼϐ
534 4290 593 4342 δέ
623 4289 792 4344 ἔδωκε
820 4290 895 4362 τῷ
939 4293 1109 4347 Ἦσαῦ
1137 4294 1300 4366 ἄρτον
1332 4298 1426 4349 καὶ
1450 4297 1634 4368 ἕψημα
1668 4301 1865 4368 φακοῦ⁸

297 4381 387 4434 καὶ
414 4381 587 4449 ἔφαγε
615 4383 706 4436 καὶ
739 4384 891 4445 ἔπιε,
926 4386 1017 4438 xal.
1048 4386 1286 4450 ἀναστὰς
1317 4388 1508 4458 ᾤχετο.
1551 4391 1658 4444 Καὶ
1701 4394 1867 4460 ἐφαύο

296 4470 444 4524 λισεν
484 4471 652 4524 Ἡσαῦ
703 4473 772 4526 τὰ
816 4476 1157 4545 πρωτοτόκια
1212 4477 1400 4533 αὑτοῦ.
1448 4498 1467 4529 ι
1504 4482 1723 4551 Πατέρα
1769 4483 1866 4553 μὲν

297 4560 513 4615 εσεσθαι
541 4562 750 4616 πολλῶν
778 4564 948 4619 ἐθνῶν
979 4565 1069 4618 τὸν
1102 4565 1388 4620 θεσπέσιον
1444 4568 1693 4641 Ἀϐραὰμ
1732 4573 1865 4640 ψευ-

294 4652 504 4707 δοεπεῖν
551 4656 653 4709 οὐκ
689 4657 846 4721 εἰδὼς
896 4659 1266 4729 ἐπηγγέλλετο
1311 4660 1464 4724 Θεὸς,
1499 4664 1594 4718 καὶ
1632 4663 1865 4735 ἀριθμοῦ

300 4746 585 4814 κρείττονα
620 4749 719 4817 τὴν
751 4749 808 4814 ἐξ
832 4750 994 4802 αὑτοῦ
1019 4751 1304 4817 φανεῖσθαι
1333 4753 1540 4823 πληθὺν
1561 4753 1672 4808 ἄνω
1688 4773 1745 4807 τε
1774 4757 1867 4809 καὶ

298 4834 442 4888 κάτω
463 4835 848 4907 διισχυρίζετο.
874 4855 894 4888 ‹
918 4837 1060 4888 Ὠσεὶ
1085 4838 1265 4906 ἄμμος
1286 4839 1394 4909 γὰρ
1424 4840 1596 4901 ἔσται,
1622 4841 1806 4909 φησὶν,
1831 4842 1863 4910 ἠ

1973 2772 2146 2827 frater
2168 2774 2307 2844 ejus,
2340 2781 2397 2828 et
2428 2789 2620 2828 manus
2657 2775 2777 2844 ejus
2799 2775 3218 2843 apprehendens
3235 2776 3553 2831 calcaneum

1977 2863 2141 2928 Esau,
2191 2871 2247 2917 et
2286 2864 2502 2917 vocavit
2555 2879 2757 2918 nomen
2811 2865 2930 2935 ejus
2955 2864 3140 2920 Jacob.
3182 2866 3330 2920 Isaac
3370 2873 3554 2920 autem

1974 2961 2094 3007 erat
2132 2969 2400 3008 annorum
2455 2955 2733 3024 sexaginta
2779 2957 2999 3025 quando
3046 2956 3262 3025 peperit
3301 2971 3398 3011 eos
3440 2955 3555 3010 Re-

1976 3042 2161 3095 becca.
2186 3040 2494 3095 Creveruut
2515 3051 2696 3095 autem
2714 3043 2963 3111 juvenes.
2997 3042 3065 3095 Et
3090 3041 3195 3094 fuit
3216 3041 3357 3095 Esau
3390 3041 3554 3097 homo

1982 3129 2219 3183 venandi
2267 3146 2469 3200 gnarus
2492 3137 2547 3183 et
2583 3130 2823 3184 rusticus
2856 3147 2868 3182 :
2908 3128 3077 3184 Jacob
3102 3138 3286 3183 autem
3328 3129 3432 3185 fuit
3451 3130 3553 3185 ho-

1973 3233 2064 3270 mo
2088 3217 2340 3288 simplex,
2391 3217 2647 3272 habitans
2698 3216 2865 3272 domi.
2906 3218 3107 3273 Dilexit
3169 3226 3349 3275 autem
3404 3220 3553 3277 Isaac

1972 3309 2136 3374 Esau,
2169 3310 2297 3379 quia
2345 3309 2564 3364 venatio
2595 3312 2713 3379 ejus
2768 3309 2923 3364 cibus
2956 3310 3039 3363 ei:
3074 3310 3323 3366 Rebecca
3368 3319 3553 3367 autem

1971 3399 2233 3468 diligebat
2253 3398 2439 3453 Jacob.
2468 3398 2626 3453 Coxit
2646 3406 2826 3452 autem
2846 3398 3014 3454 Jacob
3029 3400 3334 3455 coctionem
3362 3400 3547 3457 lentis.

1970 3490 2130 3544 Venit
2159 3498 2339 3543 autem
2366 3489 2508 3543 Esau
2549 3487 2616 3542 de
2650 3503 2780 3558 agro
2805 3487 3096 3552 deﬁciens;
3127 3498 3183 3544 et
3224 3489 3365 3544 dixit
3406 3490 3549 3547 Esau

1972 3578 2171 3632 Iacob:
2202 3578 2336 3633 Ciba
2375 3593 2460 3631 me
2484 3577 2551 3631 de
2575 3577 2822 3633 coctione
2845 3587 2939 3635 tua
2977 3577 3097 3633 rufa
3138 3579 3261 3643 hac,
3296 3580 3425 3649 quia
3450 3579 3550 3633 de-

1973 3666 2099 3723 ﬁcio
2138 3684 2257 3739 ego.
2319 3668 2549 3738 Propter
2595 3668 2701 3723 hoc
2750 3676 3008 3724 vocatum
3051 3677 3135 3722 est
3187 3684 3385 3723 nomen
3432 3671 3550 3739 ejus

1970 3759 2165 3814 Edom.
2200 3759 2345 3814 Dixit
2380 3767 2559 3813 autem
2583 3759 2751 3814 Jacob
2775 3760 2918 3813 Esau
2959 3777 2972 3812 :
3001 3759 3188 3813 Vende
3224 3759 3357 3812 mihi
3386 3759 3549 3812 hodie

1971 3850 2334 3920 primogenita
2360 3859 2472 3904 tua.
2504 3849 2649 3903 Dixit
2690 3856 2873 3902 autem
2902 3849 3044 3901 Esau
3074 3864 3087 3898 :
3113 3848 3252 3899 Ecce
3287 3861 3387 3915 ego
3411 3846 3549 3900 vado

1971 3939 2130 3999 mori,
2160 3947 2215 3991 et
2243 3947 2303 3991 ut
2333 3938 2464 4006 quid
2489 3937 2625 3989 mihi
2657 3937 2759 3988 ista
2785 3933 3186 4004 primogenita?
3210 3934 3276 3986 Et
3330 3934 3467 3989 dixit
3494 3937 3545 3989 ei

1970 4029 2182 4096 Jacob,:
2216 4028 2347 4082 Jura
2397 4025 2533 4079 mihi
2579 4024 2776 4089 hodie;
2828 4030 2885 4076 et
2926 4022 3132 4093 juravit
3172 4022 3242 4075 ei.
3296 4023 3551 4078 Vendidit

1970 4128 2153 4172 autem
2194 4117 2339 4170 Esau
2386 4113 2749 4185 primogenita
2801 4128 2919 4168 sua.
2960 4112 3129 4169 Jacob
3159 4120 3340 4167 autem
3399 4114 3551 4168 dedit

1969 4214 2113 4269 Esau
2136 4227 2330 4283 panem
2367 4220 2423 4266 et
2447 4209 2752 4265 coctionem
2789 4208 2973 4272 lentis,
3024 4215 3081 4261 et
3113 4206 3351 4261 comedit
3380 4214 3435 4261 et
3460 4206 3545 4261 bi-

1966 4307 2068 4371 bit,
2103 4314 2158 4361 et
2215 4320 2446 4375 surgens
2490 4302 2627 4356 abiit
2670 4309 2726 4355 et
2753 4299 3042 4375 vilipendit
3081 4300 3225 4354 Esau
3272 4298 3547 4369 primogeu

1966 4399 2081 4453 nita
2120 4412 2218 4451 sua
2246 4397 2312 4449 Μ.
2343 4415 2359 4445 ι
2416 4395 2635 4449 Patrem
2689 4391 2911 4461 quidem
2956 4390 3253 4444 multarum
3305 4389 3545 4459 gentium

1966 4491 2211 4545 futurum
2230 4487 2499 4542 Abraham
2523 4487 2665 4540 Deus
2685 4484 2798 4553 (qui
2828 4483 3047 4537 mentiri
3078 4481 3188 4554 94
3208 4497 3315 4536 non
3347 4481 3545 4551 potest)

1965 4580 2313 4650 promiserat,
2349 4575 2770 4647 progeniemque
2791 4589 2859 4629 ex
2882 4589 2949 4628 eo
2972 4573 3259 4635 orituram,
3298 4572 3548 4625 innume-

1964 4670 2193 4725 rabilem
2217 4669 2333 4723 fore
2370 4682 2585 4721 sursum
2646 4665 2904 4721 deorsum
2954 4666 3283 4720 conﬁrmat:
3328 4680 3346 4713 ι
3394 4661 3548 4717 Sicut

1966 4778 2131 4817 arena
2154 4761 2299 4815 enim
2315 4759 2440 4824 erit,
2467 4758 2665 4829 inquit,
2705 4773 2825 4827 qua:
2851 4756 3128 4812 numerari
3188 4769 3297 4809 non
3343 4763 3542 4823 potest,

1966 4861 2023 4908 et
2045 4853 2185 4907 sicut
2207 4852 2374 4907 stellae
2391 4851 2510 4906 οωὶί
2532 4852 2628 4903 θ’.»
2665 4849 2934 4905 Caeterum
2962 4847 3177 4904 eximia:
3200 4845 3337 4899 adeo
3361 4844 3546 4898 laudis

294 4926 683 4997 ἀναρίθμητος,
719 4927 814 4979 καὶ
841 4928 973 4979 ὡσεὶ
1019 4927 1193 4998 ἄστρα
1225 4927 1318 4981 τοῦ
1355 4930 1583 4999 ούρανοῦ
1615 4930 1693 5001 τῷ
1727 4931 1863 5001 πλή-

1975 4945 2319 5009 termini,non
2341 4945 2396 4997 in
2420 4943 2715 4997 Israelitico
2739 4942 2912 4997 solum
2936 4938 3139 5009 pepulo
3163 4942 3288 4989 sunt
3309 4934 3544 4988 circum—

298 5015 395 5071 θει.
429 5036 448 5069 ι
499 5017 663 5071 Ἀλλὰ
692 5021 790 5090 τῆς
816 5017 957 5071 οὕτω
989 5020 1317 5089 περιφανοῦς
1342 5021 1585 5087 εὐκλείας
1613 5024 1673 5075 τὸ
1700 5024 1870 5093 πέρας

297 5109 615 5179 ἐκϐέϐηκεν,
650 5112 750 5163 οὐκ
783 5110 841 5164 ἐν
868 5128 932 5180 γε
962 5111 1025 5181 δὴ
1057 5112 1202 5182 μόνῳ
1232 5112 1307 5181 τῷ
1349 5113 1588 5185 Ἰσραὴλ,
1619 5115 1749 5168 ἀλλὰ
1777 5116 1870 5168 καὶ

298 5199 388 5252 ἐπὶ
421 5203 544 5263 ταῖς
590 5201 763 5255 ἐθνῶν
792 5201 1031 5268 ἀγέλαις.
1068 5202 1461 5272 Είσκέκληνται
1498 5205 1604 5274 γὰρ
1629 5206 1714 5258 διὰ
1771 5207 1869 5259 πί-

299 5304 482 5354 στεως,
508 5292 602 5345 καὶ
635 5289 744 5345 εἷεν
775 5292 840 5345 ἂν
868 5294 915 5345 of.
950 5293 1138 5345 τοιοίδε
1176 5294 1374 5362 μᾶλλον
1405 5295 1463 5347 ὲν
1506 5295 1687 5348 Ἰσαὰκ
1707 5338 1720 5360 ,
1751 5315 1873 5350 του-

297 5379 496 5443 τέστιν,
546 5382 608 5445 ἐξ
654 5382 1021 5451 ἐπαγγελίας·
1070 5384 1162 5436 καὶ
1211 5386 1544 5454 μαρτυρήσει
1587 5388 1811 5456 γράφων
1843 5392 1870 5442 ὁ

301 5476 610 5543 σοφώτατος
643 5477 854 5541 Παῦλος
874 5493 888 5510 ·
929 5498 955 5530 ι.
987 5477 1287 5548 Προῖδοῦσα
1315 5478 1376 5548 δὴ
1413 5481 1444 5549 ή
1482 5479 1780 5550 Γραφὴνὸτι
1808 5483 1870 5535 ἐκ

299 5561 533 5628 πίστεως
556 5564 626 5619 τὰ
658 5564 785 5635 ἔθνη
812 5567 1005 5620 δικαιοῖ
1026 5567 1053 5617 6
1081 5566 1231 5631 Θεὸς,
1269 5569 1762 5639 προευηγγελίσατο
1794 5568 1870 5638 τῷ

312 5653 603 5726 Ἀϐρααμ,
668 5658 752 5710 ὅτι
799 5657 1336 5730 Ἐνευλογηθήσονται
1369 5661 1422 5711 ἐν
1475 5662 1553 5713 σοὶ
1580 5661 1759 5715 πάντα
1805 5662 1873 5714 τὰ

384 5809 422 5841 ’¹
466 5810 606 5866 Gen.
665 5827 785 5875 xxv,
828 5814 1004 5869 lQ-M.
1082 5820 1125 5851 θ’
1173 5817 1306 5873 Gen.
1358 5834 1482 5884 xm,
1533 5819 1617 5874 l7.

1968 5034 2398 5103 scripti,verum
2438 5032 2603 5086 etiam
2662 5032 2716 5084 in
2752 5030 2998 5100 gentium
3046 5040 3226 5095 grege.
3278 5023 3543 5077 Accersiti

1970 5120 2116 5173 enim
2141 5127 2266 5174 sunt
2289 5135 2386 5188 per
2415 5117 2598 5183 ﬁdem,
2625 5126 2787 5186 atque
2838 5113 3152 5185 hujusmodi
3197 5112 3372 5181 magis
3419 5118 3547 5165 sunt

1972 5210 2028 5263 in
2052 5210 2221 5273 Isaac,
2254 5210 2360 5263 hoc
2390 5218 2493 5273 est,
2528 5225 2595 5262 ex
2642 5206 3038 5277 promissione:
3066 5203 3212 5273 quod
3236 5208 3291 5253 ct
3335 5201 3547 5269 sapien«

1973 5303 2216 5356 tissimus
2239 5301 2438 5355 Paulus
2464 5306 2690 5353 testatur
2744 5297 3023 5351 scribens:
3060 5312 3077 5342 ι
3105 5290 3400 5345 Providens
3445 5307 3544 5345 au-

1976 5401 2083 5448 tem
2110 5392 2410 5459 Scriptura,
2445 5390 2573 5458 quia
2607 5405 2673 5442 ex
2712 5387 2816 5440 [ide
2840 5383 3103 5456 justiﬁcat
3155 5388 3344 5452 gentes
3378 5382 3543 5447 Deus,

1976 5480 2362 5551 praenuntiavit
2398 5480 2669 5543 Abrahae,
2713 5477 2841 5546 quia
2904 5474 3307 5529 Benedicentur
3374 5473 3430 5526 in
3491 5483 3545 5529 te

1977 5588 2168 5627 omnes
2195 5581 2400 5639 gentes.
2428 5570 2594 5639 Igitur
2624 5569 2717 5639 qui
2740 5584 2807 5623 ex
2839 5567 2943 5622 ﬁde
2968 5572 3114 5631 sunt,
3149 5561 3543 5620 benedicentur

1979 5678 2104 5717 cum
2140 5660 2283 5714 ﬁdeli
2309 5661 2597 5716 Abraham.
2631 5661 2950 5729 Quicunque
2994 5657 3138 5712 enim
3169 5650 3235 5711 ex
3288 5651 3544 5725 operibus
