4056 6260
480 419 582 475 155

1500 423 1557 481 S.
1600 423 1873 481 CYRILLI
1912 425 2383 484 ALEXANDRINI
2417 428 2741 485 ARCHIEP-

3626 428 3727 486 {56

481 531 615 605 legis
637 544 784 602 sunt,
810 537 911 592 sub
947 537 1239 596 maledicto
1271 547 1418 597 sunt.
1445 540 1722 612 Scriptum
1744 552 1830 597 est
1859 542 2005 597 enim

2163 526 2311 615 ἔθνη.
2347 544 2515 599 ’Ὥστε
2537 547 2585 599 οἱ
2611 548 2676 598 ὲκ
2699 544 2932 607 πίστεως
2957 538 3303 608 εὐλογοῦνται
3328 540 3423 594 σὺν
3454 537 3532 611 τῷ
3554 539 3729 612 πιστῷ

484 626 803 685 Maledictus
828 631 1006 685 omnis
1029 632 1124 701 qui
1145 648 1256 687 non
1288 635 1656 703 permanserit
1702 635 1756 688 in
1799 634 2044 689 omnibus

2158 635 2428 708 Ἀϐραάμ.
2454 639 2607 691 Ὅσοι
2627 637 2733 708 γὰρ
2759 635 2817 701 ἐξ
2845 635 3020 706 ἐργων
3050 633 3216 703 νόμου
3242 633 3401 697 είσὶν,
3433 632 3538 685 ὑπὸ
3561 632 3729 687 κατά-

481 731 603 785 quae
630 719 833 790 scripta
858 730 987 775 sunt
1020 721 1241 778 inlibro
1284 725 1441 795 legis,
1477 732 1537 778 ut
1586 724 1750 780 faciat
1777 741 1860 781 ea.
1906 726 2055 794 Quo-

482 807 627 862 niam
656 817 840 865 autem
864 812 920 865 in
945 813 1064 883 lege
1113 829 1274 869 nemo
1300 815 1633 886 justiﬁcatur
1660 818 1804 887 apud
1859 818 2052 885 Deum,

480 898 829 955 manifestum
851 911 955 967 est,
990 903 1118 977 quia
1137 906 1320 975 justus
1343 922 1411 961 ex
1432 906 1536 961 ﬁde
1568 908 1732 963 vivet.
1783 908 1896 963 Lex
1949 926 2051 964 au-

479 996 590 1044 tem
611 1006 723 1046 non
747 999 831 1047 est
854 1009 921 1047 ex
947 993 1074 1060 ﬁde,
1109 995 1205 1050 sed
1246 998 1342 1066 qui
1368 996 1560 1053 fecerit
1578 1013 1663 1064 ea,
1702 1000 1852 1054 vivet
1884 999 1940 1053 in
1984 1001 2051 1055 il-

476 1079 546 1134 lis
577 1082 645 1137 ”.
670 1101 689 1134 ι
718 1084 1119 1139 Promissiones
1148 1086 1313 1157 igitur
1341 1088 1576 1157 impleta;
1601 1098 1750 1154 sunt,
1773 1106 1884 1145 non
1931 1105 2051 1145 om-

478 1172 612 1227 nino
633 1189 732 1242 per
763 1189 880 1240 eos,
911 1176 1007 1245 qui
1028 1177 1085 1230 in
1104 1178 1222 1247 lege
1244 1178 1480 1233 instituti
1516 1189 1665 1245 sunt,
1692 1181 1787 1236 sed
1834 1198 1933 1253 per
1957 1199 2053 1238 eos

479 1263 574 1332 qui
598 1279 697 1333 per
720 1264 880 1320 ﬁdem
911 1267 1194 1337 justiﬁcati
1225 1277 1373 1324 sunt.
1425 1270 1735 1341 lngressum
1760 1281 1844 1328 est
1868 1284 2051 1329 autem

477 1354 664 1410 divino
697 1358 927 1412 consilio
977 1360 1293 1415 mandatum
1325 1378 1426 1431 per
1472 1363 1692 1435 Moysen
1719 1381 1829 1420 non
1862 1368 2050 1439 negle-

477 1455 562 1500 cta
582 1449 964 1516 promissione,
989 1451 1086 1505 sed
1129 1460 1191 1505 ut
1226 1453 1486 1520 instruat,
1538 1463 1595 1509 et
1647 1457 1910 1525 paulatim
1950 1458 2049 1513 de-

476 1536 639 1593 ducat
668 1539 736 1593 ad
782 1542 1125 1597 vocationem
1152 1558 1250 1612 per
1288 1543 1451 1598 ﬁdem
1495 1564 1508 1598 :
1568 1562 1803 1616 cumque
1835 1564 2045 1614 eorum,

473 1629 565 1697 qui
583 1630 694 1699 jam
716 1638 873 1687 antea
905 1633 1138 1704 ingressi
1165 1641 1314 1701 sunt,
1344 1626 1777 1691 imbecillitatem
1814 1648 2004 1709 arguat
2031 1658 2043 1694 :

470 1735 580 1789 quo
617 1730 777 1791 pacto
805 1724 1147 1785 demonstrat
1168 1727 1430 1798 deinceps
1461 1731 1713 1799 gratiam,
1759 1747 1923 1802 quam
1949 1749 2050 1803 per

471 1810 634 1867 ﬁdem
673 1817 1083 1885 consequimur,
1130 1818 1693 1893 justiﬁeationemque
1738 1823 1797 1877 in
1828 1823 2047 1879 Christo

473 1902 820 1965 utilissimam
849 1921 970 1962 esse
1003 1923 1068 1963 ac
1094 1909 1462 1965 necessariam
1485 1913 1792 1975 omnibus?
1816 1913 2047 1970 Divinus

470 2001 653 2047 autem
673 1994 874 2050 Paulus
900 1996 974 2051 ita
1002 2014 1223 2057 rursum
1256 2000 1333 2055 ait
1362 2018 1375 2055 :
1421 2021 1439 2053 ι
1472 2002 1694 2059 Fratres
1723 2004 2049 2077 (secundum

469 2080 750 2137 hominem
771 2083 940 2155 dico),
981 2093 1165 2140 tamen
1199 2086 1441 2143 hominis
1463 2088 1846 2145 conﬁrmatum
1874 2098 2048 2161 testa-

469 2181 718 2227 mentum
745 2190 908 2230 nemo
947 2176 1160 2247 spernit
1209 2186 1305 2233 aut
1359 2179 1763 2249 superordinat.
1812 2180 2048 2238 Abrahae

469 2263 629 2319 dicta:
653 2274 782 2320 sunt
803 2268 1218 2337 promissiones,
1248 2277 1305 2325 et
1328 2271 1527 2325 semini
1547 2273 1688 2343 ejus.
1724 2272 1845 2327 Non
1887 2273 2042 2339 dicit,

466 2356 535 2411 Et
554 2356 878 2422 seminibus,
903 2359 1059 2428 quasi
1107 2360 1163 2420 in
1197 2361 1417 2427 multis;
1449 2362 1546 2416 sed
1600 2363 1756 2431 quasi
1813 2364 1870 2418 in
1896 2379 2042 2419 uno:

466 2444 537 2499 Et
567 2445 767 2500 semini
800 2454 916 2511 tuo,
964 2448 1059 2518 qui
1092 2456 1176 2503 est
1222 2449 1498 2505 Christus.
1544 2451 1659 2507 Hoc
1692 2460 1875 2508 autem
1921 2454 2045 2511 dico

468 2544 858 2593 testamentum
898 2539 1284 2595 conﬁrmatum
1317 2558 1347 2596 a
1375 2543 1509 2609 Deo,
1564 2559 1687 2613 quae
1726 2553 1852 2614 post
1903 2561 2042 2615 qua-

465 2627 787 2699 dringentos
817 2637 874 2684 et
900 2629 1123 2701 triginta
1154 2647 1327 2687 annos
1355 2632 1495 2689 facla
1522 2642 1605 2689 est
1641 2635 1748 2701 lex,
1781 2651 1891 2690 non
1921 2636 2046 2690 irri-

466 2724 582 2771 tum
608 2717 741 2772 facit
761 2718 835 2774 ad
873 2719 1244 2775 evacuandam
1267 2722 1707 2792 promissionem.
1742 2724 1879 2779 Nam
1907 2726 1951 2781 si
1975 2741 2044 2781 ex

464 2808 581 2879 lege
638 2809 953 2877 haereditas,
1000 2812 1110 2883 jam
1136 2802 1250 2868 non
1275 2828 1345 2868 ex
1386 2815 1771 2884 promissione,
1805 2816 2043 2873 Abrahae

462 2910 644 2957 autem
671 2919 771 2974 per
805 2906 1286 2974 repromissionem
1345 2907 1568 2963 donavit
1598 2909 1745 2963 Deus
1777 2910 1843 2963 ".
1877 2929 1895 2960 ι
1927 2908 2042 2964 Ad-

462 2990 581 3062 iicit
618 3007 751 3048 vero
800 2994 987 3048 statim
1031 2995 1302 3051 rationem
1360 3012 1462 3052 cur
1493 2997 1583 3052 lex
1628 2999 1784 3069 prius
1816 2998 2040 3061 inducta

461 3083 661 3148 sit,.ita
708 3085 937 3141 dicens:
987 3104 1005 3137 ι
1031 3086 1173 3154 Quid
1202 3088 1371 3159 igitur
1423 3089 1809 3160 lexipropter
1858 3099 2037 3146 trans-

461 3175 767 3243 gressiones
795 3175 973 3244 posita
998 3184 1102 3242 est,
1135 3176 1312 3234 donec
1332 3180 1549 3234 veniret
1573 3181 1875 3246 semen,cui
1904 3198 2037 3252 pro-

461 3263 705 3329 miserat,
740 3263 992 3319 ordinata
1014 3280 1115 3334 per
1139 3267 1365 3337 angelos
1403 3267 1460 3321 in
1487 3283 1652 3322 manu
1689 3268 2032 3325 mediatoris.

440 3355 729 3410 .Mediator
752 3363 937 3410 autem
995 3356 1160 3412 unius
1209 3373 1320 3412 non
1349 3364 1452 3412 est.
1486 3357 1633 3413 Deus
1663 3367 1847 3413 autem
1895 3376 2041 3415 unus

463 3453 565 3499 est.
591 3445 699 3514 95
722 3445 836 3501 Lex
858 3460 987 3515 ergo
1009 3446 1274 3501 adversus
1299 3446 1569 3516 promissa
1590 3447 1729 3502 Dei?
1768 3447 1947 3503 Absit.
1982 3447 2039 3503 Si

463 3533 611 3587 enim
643 3533 769 3588 data
798 3543 943 3589 esset
961 3535 1048 3589 lex
1079 3551 1199 3605 quae
1242 3545 1429 3607 posset
1458 3537 1759 3605 viviﬁcare,
1812 3554 1941 3594 vere
1971 3555 2040 3594 ex

462 3621 581 3693 lege
611 3631 757 3679 esset
782 3623 1016 3694 iustitia.
1049 3625 1155 3681 Sed
1207 3628 1480 3683 conclusit
1530 3629 1807 3698 scriptura
1854 3632 2038 3686 omnia

463 3713 566 3768 sub
601 3722 846 3784 peccato,
870 3716 1243 3786 utpromissio
1288 3734 1356 3774 ex
1390 3718 1497 3774 ﬁde
1532 3720 1662 3775 Jesu
1701 3720 1906 3777 Christi
1945 3722 2041 3777 da-

462 3809 616 3859 retur
648 3804 1022 3860 credentibus.
1063 3806 1223 3862 Prius
1243 3818 1426 3863 autem
1459 3826 1621 3880 quam
1645 3811 1860 3867 veniret
1880 3813 2036 3879 ﬁdes,

460 3893 562 3949 sub
589 3896 708 3966 lege
739 3896 1186 3953 custodiebamur
1210 3900 1451 3955 conclusi
1484 3901 1540 3955 in
1562 3917 1682 3956 eam
1708 3901 1893 3969 ﬁdem,
1918 3919 2039 3973 qua:

459 3986 755 4041 revelanda
793 3994 931 4041 erat.
977 3987 1167 4058 Itaque
1196 3990 1284 4044 lex
1344 3990 1668 4063 paedagogus
1718 4000 1907 4047 noster
1935 3993 2040 4047 fuit

462 4077 520 4131 in
558 4078 802 4143 Christo.
839 4090 901 4135 ut
932 4097 999 4135 ex
1027 4072 1133 4136 ﬁde
1159 4083 1548 4153 justiﬁcemur.
1577 4082 1647 4140 At
1677 4084 1771 4139 ubi
1804 4084 2037 4140 venitﬁ-

2158 743 2259 799 ραν
2287 728 2412 780 εἰσί.
2460 728 2774 798 Γέγραπται
2805 726 2933 794 γὰρ,
2964 725 3046 777 ὅτι
3076 723 3510 797 Ἐπικατάρατος
3534 724 3640 786 πᾶς
3670 724 3727 788 ὃς

2155 818 2256 870 οὐκ
2284 815 2514 887 ἐμμένει
2546 817 2603 868 ἐν
2630 817 2762 868 πᾶσι
2784 816 2896 878 τοῖς
2923 812 3328 883 γεγραμμένοις
3353 814 3409 865 ἐν
3439 812 3516 882 τῷ
3544 810 3726 884 βιϐλίῳ

2154 907 2249 960 τοῦ
2275 907 2440 978 νόμου
2473 907 2564 961 τοῦ
2599 907 2824 976 ποιῆσαι
2853 905 3009 959 αὐτά.
3045 904 3167 957 Ὅτι
3201 904 3259 958 δὲ
3292 905 3350 958 ἐν
3376 905 3527 975 νόμῳ
3555 905 3725 968 οὐδεὶς

2154 998 2453 1053 δικαιοῦται
2479 998 2632 1070 παρὰ
2654 996 2809 1059 Θεοῦ,
2833 994 2990 1064 δῆλον
3011 995 3093 1047 ὅτι
3115 995 3143 1046 6
3171 992 3469 1077 Bizatog‘éx
3493 994 3728 1057 πίστεως

2155 1090 2397 1160 ζήσεται.
2441 1090 2497 1143 Ὁ
2529 1089 2586 1142 δέ
2617 1087 2780 1158 νόμος
2819 1088 2921 1141 οὐκ
2964 1086 3110 1139 ἐστιν
3153 1087 3217 1139 ἐκ
3251 1085 3509 1148 πίστεως,
3542 1085 3657 1138 ἀλλ’
3700 1087 3730 1139 6

2153 1181 2381 1251 ποιήσας
2408 1179 2545 1233 αὐτὰ
2565 1219 2579 1244 ,
2610 1178 2835 1249 ζήσεται
2870 1178 2927 1230 ἐν
2958 1176 3160 1239 αὐτοῖς.
3196 1194 3214 1226 ι
3259 1175 3499 1244 Ἀραρεν
3526 1171 3620 1227 οὖν
3646 1175 3727 1229 ὅτι

2151 1273 2219 1326 τά
2247 1271 2630 1343 ἐπηγγελμένα
2665 1268 3054 1340 διεπεραίνετο·
3108 1267 3203 1320 καὶ
3244 1266 3363 1335 οὐχὶ
3405 1265 3472 1336 δὴ
3512 1267 3743 1353 πάντως

2150 1363 2238 1417 διὰ
2267 1363 2374 1415 τῶν
2422 1365 2480 1416 ἐν
2526 1362 2674 1433 νόμῳ
2727 1356 3278 1427 παιδαγωγουμένων,
3325 1355 3462 1413 ἀλλὰ
3509 1356 3620 1409 τῶν
3670 1357 3729 1409 ἐν

2151 1453 2331 1506 πίστει
2371 1450 2818 1522 δεδικαιωμένων.
2867 1451 3165 1523 Παρεισέδυ
3192 1451 3250 1504 δέ
3284 1450 3644 1523 οἰκονομικῶς
3693 1452 3727 1519 ὴ

2149 1542 2237 1596 διὰ
2261 1542 2501 1607 Μωσέως
2526 1542 2733 1613 ἐντολὴ,
2761 1540 2861 1595 οὐκ
2885 1540 3060 1612 ἡμελη
3069 1542 3235 1612 μένης
3259 1542 3358 1611 τῆς
3374 1542 3727 1610 ἐπαγγελίας,

2148 1634 2264 1689 ἀλλ’
2294 1633 2381 1688 ἵνα
2407 1634 2722 1704 παιδαγωγῇ
2756 1632 2850 1686 καὶ
2878 1630 3186 1705 ἀνακομίζῃ
3208 1632 3351 1686 κατὰ
3381 1632 3556 1702 βραχῦ
3590 1632 3729 1702 πρὸς

2148 1723 2247 1796 τὴν
2284 1723 2371 1778 διά
2421 1723 2655 1786 πίστεως
2680 1722 2870 1792 κλῆσιν
2902 1735 2917 1750 ’
2950 1721 3043 1784 καὶ
3072 1720 3181 1773 τῶν
3226 1720 3327 1790 ήδη
3367 1718 3730 1791 προεισϐεϐη-

2148 1815 2322 1869 κότων
2337 1813 2632 1883 ἐλέγχουσα
2652 1812 2750 1884 τὴν
2770 1812 3075 1875 ἀσθένειαν,
3100 1809 3536 1882 χρειωδεστάτην
3554 1809 3730 1863 ἅπασι

2081 1881 2120 1939 Β
2149 1905 2243 1959 καὶ
2291 1881 2595 1974 ἀναγκαίαν
2644 1881 2746 1977 ήδη
2808 1920 2927 1968 πως
2974 1881 3227 1974 ἀποδείξῃ
3260 1901 3447 1955 λοιπὸν
3492 1900 3593 1972 τὴν
3639 1899 3730 1955 διὰ

2149 1998 2387 2061 πίστεως
2428 1997 2588 2068 χάριν
2626 1994 2723 2050 καὶ
2757 1995 2855 2066 τήν
2894 1996 2951 2049 ἐν
2976 1993 3201 2065 Χριστῷ
3230 1990 3512 2046 δικαίωσιν
3531 2005 3547 2022 ·
3576 1989 3727 2062 Ἔφη

2146 2084 2202 2139 δὲ
2235 2085 2376 2139 οὕτω
2399 2084 2563 2139 πάλιν
2588 2086 2617 2138 6
2649 2083 2932 2146 θεσπέσιος
2963 2081 3190 2143 Παῦλοςι
3224 2098 3242 2131 ι
3294 2078 3559 2148 Ἀδελφοὶ,
3583 2078 3730 2132 κατὰ

2146 2171 2428 2243 ἄνθρωπον
2464 2171 2608 2239 λέγω
2629 2210 2642 2234 ,
2673 2170 2822 2241 ὅμως
2853 2167 3143 2239 ἀνθρώπου
3169 2168 3436 2238 διαθήκην
3470 2183 3726 2237 κεκυρω-

2148 2263 2314 2335 μένην
2334 2261 2506 2324 ούδεὶς
2525 2261 2779 2331 άθετεϊ,ἢ
2803 2257 3263 2313 ἐπιδιατάσσεται.
3289 2256 3379 2328 Τῷ
3397 2257 3453 2311 δέ
3473 2256 3731 2329 Ἀϐραὰμ

2145 2354 2449 2427 ἐρρέθησαν
2499 2354 2555 2408 αἱ
2605 2352 2928 2422 ἐπαγγελίαι
2973 2351 3069 2405 καὶ
3103 2349 3180 2421 τῷ
3227 2350 3502 2420 σπέρματι
3533 2348 3724 2403 αὑτοῦ.

2145 2448 2219 2502 Οὐ
2243 2447 2412 2514 λέγει,
2432 2447 2542 2500 Kal
2560 2448 2673 2509 τοῖς
2698 2445 3028 2516 σπέρμασιν,
3050 2443 3124 2507 ὡς
3147 2443 3240 2496 ἐπὶ
3257 2443 3488 2506 πολλῶν,
3512 2441 3627 2496 ἀλλ’
3648 2440 3728 2504 ὡς

2143 2537 2228 2607 ἐφ’
2279 2537 2414 2600 ἐνὸς.
2452 2537 2560 2589 Kal
2609 2535 2687 2604 τῷ
2728 2533 3004 2607 σπέρματί
3050 2550 3166 2596 σου,
3213 2533 3275 2596 ὅς
3315 2533 3432 2586 ἐστι
3464 2531 3725 2603 Χριστός.

2145 2627 2317 2681 Τοῦτο
2343 2628 2401 2681 δὲ
2435 2627 2581 2695 λέγω
2609 2624 2873 2695 διαθήκην
2909 2621 3302 2694 κεκυρωμένην
3331 2621 3435 2675 ὑπὸ
3462 2619 3620 2676 Θεοῦ.
3665 2621 3729 2674 Ὁ

2149 2715 2288 2787 μετὰ
2318 2715 2642 2787 τετρακόσια
2672 2714 2765 2767 καὶ
2808 2712 3103 2784 τριάκοντα
3132 2711 3226 2783 ἐτη
3255 2709 3495 2781 γεγονὼς
3524 2710 3689 2780 νόμος
3709 2750 3726 2772 .

2142 2808 2242 2861 οὐκ
2277 2808 2474 2877 ἀκυροῖ
2523 2807 2603 2869 είς
2644 2804 2705 2858 τὸ
2744 2804 3095 2874 καταργῆσαι
3125 2802 3225 2874 τὴν
3255 2800 3610 2871 ἐπαγγελίαν.
3659 2800 3741 2858 BL

2141 2898 2251 2971 γὰρ
2282 2900 2345 2952 ἐκ
2370 2900 2538 2969 νόμου
2566 2900 2598 2968 ἠ
2647 2895 3004 2967 κληρονομία,
3051 2894 3235 2949 οὐκέτι
3265 2895 3323 2960 ἐξ
3354 2892 3725 2963 ἐπαγγελίας,

2139 2992 2218 3062 τῷ
2251 2992 2308 3046 δέ
2349 2991 2602 3060 Ἀϐραὰμ
2630 2989 2697 3042 δι’
2732 2987 3063 3057 ἐπαγγελίας
3091 2986 3411 3057 κεχάρισται
3441 2987 3469 3038 6
3510 2984 3663 3048 Θεός.
3699 3004 3723 3037 ι

2139 3084 2491 3156 Προσεπάγει
2516 3082 2573 3135 δέ
2602 3080 2813 3143 τούτοις
2843 3080 2939 3132 καὶ
2967 3079 3066 3150 τὴν
3095 3077 3273 3132 αἰτίαν
3303 3075 3466 3141 εὐθὺς
3496 3075 3597 3148 τῆς
3623 3075 3724 3130 τοῦ

2141 3176 2304 3245 νόμου
2335 3172 2715 3245 προεισϐολῆς,
2747 3171 2890 3225 οὕτω
2917 3170 3091 3236 λέγων
3119 3188 3135 3204 ο
3165 3188 3185 3224 ι
3230 3171 3295 3223 Τί
3329 3166 3424 3224 οὖν
3453 3171 3481 3224 6
3513 3171 3679 3241 νόμος
3705 3212 3726 3235 ,

2141 3266 2250 3319 τῶν
2280 3265 2646 3332 παραϐάσεων
2673 3263 2832 3334 χάριν
2878 3260 3180 3333 προσετέθη
3219 3259 3379 3332 ἄχρις
3406 3252 3467 3313 οὗ
3500 3258 3627 3332 ἔλθῃ
3661 3260 3732 3315 τὸ

2144 3358 2363 3429 σπέρμα
2387 3357 2415 3410 ὃ
2441 3356 2795 3426 ἐπήγγελται,
2820 3353 3096 3423 διαταγεὶς
3119 3351 3188 3405 δι’
3215 3350 3467 3420 ἀγγέλων
3494 3353 3551 3404 ἐν
3580 3352 3729 3421 χειρὶ

2145 3449 2387 3520 μεσίτου.
2430 3449 2490 3500 '0
2513 3446 2569 3499 δὲ
2594 3445 2822 3517 μεσίτης
2845 3443 2963 3506 ἐνὸς
2988 3445 3087 3496 οὐκ
3112 3441 3279 3496 ἐστιν.
3318 3443 3377 3495 '0
3407 3441 3465 3495 δέ
3488 3441 3621 3504 Θεὸς
3642 3437 3730 3504 εἷς

2141 3539 2304 3591 ἐστιν·
2332 3531 2467 3590 δοῦν
2486 3536 2649 3605 νόμος
2670 3533 2810 3589 κατὰ
2833 3533 2932 3604 τὴν
2960 3529 3290 3599 ἐπαγγελίαν
3318 3530 3412 3583 τοῦ
3440 3528 3576 3583 Θεοῦ
3600 3528 3730 3600 {ph

2140 3627 2367 3696 γένοιτο.
2405 3627 2466 3679 El
2494 3626 2601 3694 γὰρ
2632 3623 2786 3695 ἐδόθη
2808 3623 2970 3693 νόμος
2990 3623 3018 3673 6
3039 3621 3337 3690 δυνάμενος
3362 3619 3726 3689 ζωογονῆσαι,

2139 3718 2307 3786 ὅντως
2335 3717 2400 3769 ἐκ
2424 3716 2593 3786 νόμου
2626 3713 2694 3768 ἂν
2719 3715 2753 3783 ἡ
2779 3710 3094 3782 δικαιοσύνη
3122 3706 3210 3782 ἦν.
3256 3710 3420 3763 Ἀλλὰ
3446 3709 3729 3770 συνέκλει-

2140 3824 2231 3861 σεν
2317 3783 2508 3877 Γραφή
2541 3806 2610 3859 τὰ
2649 3805 2826 3859 πάντα
2863 3803 2968 3856 ὑπὸ
3018 3802 3314 3872 ἁμαρτίαν,
3357 3801 3443 3856 ἵνα
3476 3803 3509 3872 ή
3545 3803 3727 3871 ἐπαγ-

2137 3897 2292 3965 γελία
2334 3897 2400 3949 ἐκ
2456 3895 2694 3957 πίστεως
2759 3891 2936 3963 Ἰησοῦ
2992 3890 3229 3963 Χριστοῦ
3286 3889 3413 3961 δοθῇ
3465 3893 3580 3953 τοῖς
3632 3908 3727 3943 πι-

2139 3987 2410 4041 στεύουσι·
2449 3985 2555 4058 πρὸ
2598 3984 2654 4038 δέ
2703 3983 2797 4037 τοῦ
2836 3983 3012 4036 ἐλθεῖν
3039 3983 3140 4052 τὴν
3172 3982 3376 4044 πίστιν,
3412 3981 3518 4035 ὑπὸ
3553 3981 3727 4051 νόμον

2136 4077 2572 4151 ἐφρουρούμεθα,
2590 4075 2846 4143 συγκλειό
2852 4092 3002 4145 μενοι
3026 4076 3105 4137 εἰς
3120 4073 3219 4143 τὴν
3245 4071 3543 4141 μέλλουσαν
3562 4073 3727 4140 δόξαν

459 4169 577 4233 des,
599 4170 710 4239 jam
741 4186 850 4224 non
893 4187 1084 4225 sumus
1128 4174 1231 4226 sub
1276 4174 1589 4244 paedagogo.
1633 4176 1837 4232 Omnes
1886 4179 2032 4232 enim

2144 4169 2612 4239 ἀποκαλυφθῆναι.
2661 4168 2826 4223 ’Ὥστε
2873 4168 2902 4220 6
2952 4166 3115 4236 νόμος
3160 4166 3513 4234 παιδαγωγὸς
3560 4165 3726 4235 ἡμῶν

458 4257 556 4311 ﬁlii
591 4259 688 4312 Dei
712 4259 847 4314 estis
879 4276 977 4329 per
1011 4259 1173 4313 ﬁdem
1207 4277 1328 4329 qum
1347 4271 1430 4317 est
1453 4264 1508 4317 in
1539 4258 1759 4319 Christo
1780 4267 1909 4322 Jesu
1930 4270 2028 4322 ⁸⁸.»

2144 4263 2357 4331 γέγονεν
2389 4263 2469 4324 είς
2502 4258 2761 4331 Χριστὸν,
2802 4259 2890 4311 ἵνα
2924 4258 2989 4310 ἐκ
3031 4257 3269 4320 πίστεως
3312 4255 3719 4325 δικαιωθῶμεν.

461 4345 632 4403 Nemo
664 4345 849 4414 itaque
884 4347 1220 4402 dubitaverit
1260 4349 1432 4418 legem
1465 4366 1585 4405 esse
1640 4354 2035 4409 accusatricem

2148 4351 2440 4418 Ἐλθούσης
2479 4350 2536 4401 δέ
2563 4350 2664 4418 τῆς
2702 4349 2955 4413 πίστεως,
2989 4347 3090 4399 οὐκ
3118 4346 3198 4400 ἐτι
3233 4346 3340 4399 ὑπὸ
3368 4346 3723 4415 παιδαγωγόν

458 4447 670 4495 eorum,
700 4432 795 4502 qui
819 4433 1053 4489 instituti
1076 4442 1205 4488 sunt
1246 4435 1659 4503 imbecillitatis,
1694 4448 1751 4495 et
1779 4442 2033 4512 lapsuum

2144 4441 2321 4512 ἐσμεν.
2373 4440 2581 4501 Πάντες
2624 4437 2734 4508 γὰρ
2761 4439 2867 4491 υἱοὶ
2894 4437 3029 4491 Θεοῦ
3071 4439 3195 4491 ἐστε
3240 4437 3331 4491 διὰ
3358 4438 3594 4501 πίστεως
3621 4438 3722 4507 τῆς

457 4518 920 4593 peccatorumque
996 4534 1311 4585 nostrorum
1375 4529 1779 4599 judicatricem.
1872 4553 1890 4584 ‹
1925 4534 2029 4590 Ubi

2144 4536 2192 4589 ὲν
2228 4530 2449 4602 Χριστῷ
2494 4529 2688 4600 Ἰησοῦ.
2723 4548 2741 4580 ι
2783 4528 2993 4583 Ούκοῦν
3033 4529 3236 4599 ἥκιστα
3268 4529 3367 4599 μὲν
3423 4528 3727 4582 ἐνδοιάσειὲ

456 4612 625 4677 enim,
656 4613 853 4683 inquit,
899 4630 1009 4669 non
1034 4624 1119 4670 est
1166 4618 1273 4681 lex,
1302 4634 1478 4688 neque
1505 4623 1884 4690 praevaricatio
1904 4625 1972 4677 ⁸⁸.
2002 4644 2021 4676 ι

2144 4642 2217 4687 τις
2244 4623 2331 4685 ἂν,
2361 4622 2438 4685 ὡς
2468 4622 2695 4691 ἐλεγχος
2724 4616 2793 4691 ἦν
2821 4621 2849 4673 ὁ
2879 4621 3043 4691 νόμος
3067 4622 3167 4691 τῆς
3200 4619 3311 4673 τῶν
3344 4619 3729 4687 παιδαγωγου-

454 4704 523 4759 Ει
549 4718 777 4757 rursus:
818 4723 836 4755 ι
861 4705 1148 4760 Peccatum
1170 4722 1280 4761 non
1308 4710 1434 4763 novi
1465 4711 1571 4765 nisi
1606 4727 1707 4780 per
1732 4714 1905 4784 legem
1952 4717 2021 4770 ³⁷.

2144 4716 2309 4770 ιένων
2333 4710 2644 4773 ἀσθενείας,
2676 4708 3096 4781 παραδεικτικδς
3124 4709 3182 4763 δὲ
3213 4708 3415 4781 μᾶλλον
3440 4708 3725 4779 πταισμά-

454 4794 523 4859 Ει
555 4794 811 4875 veniente
834 4795 1114 4861 mandato,
1144 4797 1344 4867 inquit,
1365 4809 1648 4869 peccatum
1683 4803 1899 4869 revixit,
1924 4820 2026 4875 ego

2144 4824 2233 4862 nov
2263 4806 2359 4860 καὶ
2385 4803 2680 4875 ἁμαρτίας.
2718 4819 2737 4851 ι
2779 4795 2853 4856 Οῦ
2885 4800 3029 4870 γὰρ,
3085 4802 3271 4872 φησὶν,
3311 4802 3413 4855 οὐκ
3464 4800 3580 4854 ἐστι
3628 4800 3720 4854 νό-

451 4874 586 4941 vero
616 4896 868 4944 mortuus
890 4904 1013 4942 sum
1045 4886 1112 4941 ³⁸.
1139 4907 1158 4939 ι
1188 4888 1258 4943 Ει
1302 4890 1502 4944 iterum
1539 4907 1551 4944 :
1592 4909 1609 4940 ι
1640 4892 1821 4962 Usque
1847 4895 1914 4948 ad
1941 4874 2023 4949 le-

2144 4917 2249 4965 ιος,
2282 4897 2404 4951 ούδέ
2428 4874 2780 4965 παράϐασις.
2823 4912 2842 4941 ι
2882 4893 2990 4945 Kal
3019 4891 3203 4947 πάλιν·
3243 4911 3262 4944 ι
3287 4891 3399 4963 Τήν
3438 4891 3495 4945 δὲ
3529 4893 3715 4962 ἀμαρ-

452 4996 569 5051 gem
606 4991 725 5037 erat
766 4992 1050 5052 peccatum
1083 4982 1139 5036 in
1165 4981 1390 5037 mundo.
1414 4983 1707 5040 Peccatum
1726 4986 1873 5040 enim
1910 5003 2023 5042 non

2144 4990 2244 5045 τίαν
2274 4989 2374 5043 οὐκ
2393 4987 2562 5059 ᾔδειν,
2597 4985 2647 5037 εί
2689 4983 2763 5055 μὴ
2806 4983 2895 5036 διὰ
2925 4983 3115 5054 νόμου.
3171 4983 3282 5037 Καὶ
3321 4983 3586 5053 ἐλθούσης
3613 4983 3714 5052 τῆς

453 5071 830 5141 imputabatur
856 5089 964 5127 non
1018 5073 1315 5128 exsistente
1367 5074 1485 5144 lege
1516 5075 1585 5140 ”,
1629 5075 1713 5129 lex
1753 5076 2024 5147 siquidem

2144 5080 2364 5152 ιντολῆς,
2394 5076 2580 5150 φησὶν,
2605 5077 2639 5146 ή
2675 5074 2922 5146 ἁμαρτία
2948 5073 3232 5145 ἀνέζησεν·
3278 5073 3391 5143 ἐγὼ
3414 5072 3472 5127 δέ
3505 5072 3714 5127 ἀπέθα-

451 5159 591 5214 iram
642 5169 902 5228 operatur
926 5162 963 5214 ί.
1004 5180 1023 5212 ι
1052 5162 1165 5215 Lex
1211 5162 1377 5232 igitur
1416 5179 1581 5219 manu
1621 5167 2024 5236 quodammodo

2144 5189 2233 5226 ιον.
2268 5190 2286 5222 ι
2313 5168 2423 5223 Kal
2470 5165 2652 5221 πάλιν·
2694 5185 2714 5217 ι
2754 5164 2916 5235 Ἀχρι
2949 5163 3044 5217 τοῦ
3095 5164 3263 5234 νόμου
3296 5159 3364 5235 ἦν
3386 5162 3709 5236 ἁμαρτίαέν

452 5252 605 5307 ducit
629 5253 696 5307 ad
723 5253 1025 5317 Christum,
1076 5269 1313 5323 arguens
1342 5263 1766 5327 trangressores,
1795 5261 2023 5332 ipsoque

2144 5263 2335 5333 ιόσμῳ·
2371 5257 2616 5331 ἁμαρτία
2643 5256 2753 5328 γὰρ
2785 5257 2883 5309 οὐκ
2909 5256 3210 5325 ἐλλογεῖται
3242 5256 3316 5327 μὴ
3346 5256 3498 5318 ὄντος
3521 5255 3703 5324 νόμου.

451 5339 828 5410 ειρετίιηοηιο
853 5342 1056 5395 docens
1083 5344 1364 5409 mortales,
1391 5346 1538 5414 quod
1583 5349 1921 5419 impossibile
1953 5352 2025 5407 sit

2144 5355 2194 5407 Ὀ
2220 5353 2327 5423 γὰρ
2352 5352 2516 5421 νόμος
2540 5348 2709 5422 ὀργὴν
2729 5348 3149 5420 κατεργάζεται.
3183 5366 3201 5398 ι
3232 5347 3704 5415 Πεπαιδαγώγηκε

451 5431 797 5502 proclivitate
827 5432 895 5486 ad
922 5442 1206 5502 peccatum
1230 5435 1545 5493 laborantes
1569 5439 1813 5512 eﬁ‘ugere
1852 5459 2022 5498 accu-

2144 5443 2300 5497 τοίνυν
2329 5443 2356 5494 ὁ
2382 5442 2545 5510 νόμος
2575 5439 2665 5493 ἐπὶ
2694 5438 2950 5510 Χριστὸν,
2994 5437 3234 5508 ἐλέγχων
3273 5436 3403 5501 τοὺς
3432 5435 3707 5506 παραϐαί-

452 5524 719 5578 sationem
744 5540 811 5579 ex
838 5524 977 5594 lege,
1008 5525 1103 5579 sed
1131 5527 1354 5581 omnino
1397 5531 1569 5585 salute
1601 5548 1696 5601 per
1743 5533 2021 5589 Christum

2144 5551 2332 5598 νοντας,
2368 5536 2462 5588 καὶ
2492 5535 2629 5605 αὐτῇ
2664 5534 2829 5604 πείρᾳ
2854 5530 3123 5585 διδάσκων
3150 5531 3275 5594 τοὺς
3305 5531 3398 5582 ἐπὶ
3437 5530 3536 5599 τῆς
3579 5530 3701 5598 γῆς,

453 5615 844 5696 ὶηὰίεοι-εηίιυὶ
870 5617 1131 5688 justilicat
1157 5618 1213 5673 in
1245 5618 1348 5674 ﬁde
1373 5631 1427 5676 et
1451 5623 1914 5681 miseratibnibus.

2144 5645 2180 5693 ις
2217 5626 2363 5680 ἐστιν
2407 5627 2689 5697 ἀμήχανον
2718 5626 2819 5697 τὴν
2856 5627 2918 5678 ἐκ
2950 5623 3114 5693 νόμου
3157 5623 3441 5692 διαδρᾶναι
3488 5621 3705 5692 γραφὴν

525 5730 570 5805 ’_'
594 5728 768 5785 Galal.
804 5748 880 5805 ιιι,
912 5731 1056 5805 8-12.
1171 5734 1215 5765 ⁸⁸
1257 5736 1388 5789 ibid.
1432 5741 1615 5792 lii-IS.
1733 5744 1776 5773 9"
1812 5742 1945 5797 ibid.
1982 5743 2157 5798 19-26.
2262 5743 2308 5775 9°
2331 5742 2488 5796 Rom.
2528 5740 2715 5805 1v,15.
2793 5740 2839 5771 ’³⁷
2882 5739 3039 5792 Rom.
3082 5751 3172 5800 vn,
3213 5735 3264 5787 7.
3372 5732 3419 5765 "'
3457 5733 3590 5788 ibid.
3646 5732 3696 5789 9.

456 5799 501 5832 "
536 5799 691 5857 Rom.
715 5819 766 5868 γ,
802 5802 884 5855 15.
969 5804 983 5833 ¹
1027 5804 1182 5857 ῐῖηιη.
1234 5822 1301 5869 ιν,
1339 5808 1418 5858 lii.
