4056 6260
289 427 392 484 157

1318 433 1837 509 GLAPIIYBORUM
1875 440 1943 496 IN
1983 442 2283 501 GENESIM
2325 448 2453 503 LIB.
2495 450 2584 504 III.

3450 458 3550 515 158

285 544 350 597 τὸ
377 544 461 607 είς
482 543 769 616 ἁμαρτίαν
795 544 1008 599 εὔκολον
1043 545 1437 615 ὴρρωστηκότα
1462 548 1555 601 τὸν
1579 548 1895 619 ἂνθρωπονη
1936 552 2102 608 δεῖδὲ
2170 558 2387 623 πάντως
2430 560 2577 631 αὐτῷ
2616 560 2712 630 τῆς
2754 560 2843 614 διὰ
2883 562 3116 634 Χριστοῦ
3153 564 3420 635 σωτηρίας
3456 567 3548 620 τοῦ

286 635 640 701 δικαιοῦντος
673 640 731 691 ἐν
764 638 939 692 πίστει
967 638 1058 691 καὶ
1087 638 1408 707 οίκτιρμοῖς.

372 723 447 792 β’.
480 725 754 795 Πρόδηλον
793 723 906 790 οὖν,
949 729 1029 780 ὅτι
1077 727 1174 796 τῆς
1211 728 1448 795 ἐφ’-ἡμῖν
1499 728 1808 798 οἰκονομίας
1846 734 1874 786 6

2047 732 2100 786 2.
2144 733 2490 790 Manifestum
2518 737 2703 807 itaque
2729 750 2833 804 est,
2858 741 3006 809 quod
3029 741 3097 795 ad
3126 741 3321 796 salutis
3344 752 3548 797 nostrae

295 811 459 879 λόγος
510 817 935 885 ἀναγκαιοτάτην
980 816 1227 886 ἀπέφηνε
1252 816 1354 885 τῆς
1384 816 1471 869 διὰ
1504 819 1746 882 Μωσέως
1782 822 1871 873 ἐν·

301 903 464 971 τολῆς
521 904 613 972 τὴν
663 905 824 957 οἱονεὶ
883 906 1260 976 προανάδειξιν
1296 907 1393 975 τῆς
1451 906 1682 960 κατόπιν
1710 909 1872 973 εὐθὺς

305 993 398 1043 καὶ
421 994 477 1044 ὲν
508 994 724 1064 Χριστῷ
769 995 1081 1066 δραμούσης
1115 997 1354 1066 χάριτος,
1387 998 1871 1072 παρακομιζούσης

306 1085 383 1145 είς
405 1083 565 1152 μέσον
593 1085 655 1138 τὸ
682 1085 742 1149 ἐξ
778 1088 1107 1156 ἐπαγγελίας
1134 1087 1270 1140 Θεοῦ
1311 1091 1870 1160 προαναφωνούμενον

305 1172 538 1242 σπέρμα,
566 1175 835 1239 τουτέστι,
868 1178 996 1239 τοὺς
1026 1179 1085 1230 ἐν
1119 1177 1336 1248 Χριστῷ
1373 1179 1461 1232 διὰ
1484 1180 1741 1242 πίστεως.
1771 1181 1868 1234 Γέ-

300 1276 419 1327 γονε
474 1261 582 1332 γὰρ
640 1262 784 1316 οὕτω
834 1265 1016 1337 πατὴρ
1059 1268 1445 1344 ἀναριθμήτων
1493 1271 1522 1323 ό
1583 1270 1871 1336 θεσπέσιος

310 1351 573 1423 Ἀϐραάμ.
611 1355 803 1424 ’Λθρει
843 1356 906 1427 δὴ
960 1353 1073 1421 οὖν,
1136 1358 1289 1429 ἄθρει
1319 1363 1416 1429 τῆς
1464 1362 1773 1431 οἰκονομίας
1809 1365 1872 1418 τὸ

299 1442 502 1511 σχῆμα,
540 1443 1016 1516 διαπεπλασμένον
1054 1449 1281 1511 ἀστείως
1328 1450 1401 1513 ὡς
1431 1451 1488 1502 ἐν
1518 1452 1670 1522 τύπῳ
1709 1455 1870 1508 πάλιν

304 1535 369 1602 τῆ
390 1533 752 1603 τῶνάδελφῶν
779 1536 1026 1607 ξυνωρίδι
1055 1541 1119 1608 τῇ
1145 1539 1201 1605 ἐξ
1219 1540 1399 1593 Ἰσαὰκ
1423 1580 1436 1604 ,
1465 1542 1633 1595 Ἡσαῦ
1657 1561 1737 1610 τε,
1768 1563 1871 1615 φη-

302 1625 400 1690 pi,
439 1625 536 1676 καὶ
589 1625 775 1694 μέντοι
840 1628 933 1680 καὶ
976 1628 1183 1682 Ἰακώϐ.
1222 1631 1427 1683 Οὐκοῦν
1476 1632 1661 1703 εἴρητο
1721 1636 1871 1705 παρὰ

300 1713 438 1766 Θεοῦ
469 1715 606 1786 πρὸς
639 1716 728 1769 τὸν
759 1716 1040 1771 θεσπέσιον
1091 1721 1356 1793 Ἀϐραὰμ,
1395 1742 1413 1774 ι
1435 1725 1516 1777 ὅτι
1556 1726 1646 1778 Ἐν
1687 1727 1872 1781 Ἰσαὰκ

305 1803 633 1874 κληθήσεταί
657 1823 735 1859 σοι
772 1808 1009 1879 σπέρμα.
1039 1828 1057 1860 ι
1084 1812 1462 1883 Διερμηνεύων
1479 1815 1534 1868 δὲ
1561 1816 1622 1869 τὸ
1661 1834 1873 1888 χρησμ-

299 1892 510 1963 ῲδημα,
559 1898 869 1969 νομομαθὴς
897 1899 971 1952 ὣν
1005 1903 1033 1954 6
1061 1902 1272 1966 Παῦλος
1293 1945 1308 1968 ,
1344 1925 1362 1957 ι
1389 1907 1478 1977 Τῷ
1522 1907 1579 1960 δὲ
1620 1909 1874 1980 ’Δϐραὰμ

299 1984 604 2055 ἐρρέθησαν
645 1989 702 2040 αἱ
747 1990 1096 2058 ἐπαγγελίαι,
1128 1995 1284 2063 φησὶ,
1335 1998 1428 2050 καὶ
1477 1998 1555 2069 τῷ
1604 2000 1873 2070 σπέρματι

1978 824 2505 882 administrationem
2534 832 2904 886 necessarium
2935 833 3168 888 maxime
3201 833 3366 887 fuerit
3392 849 3552 886 man-

1978 914 2166 969 datum
2192 931 2290 984 per
2306 916 2523 987 Moysen
2545 919 2697 987 prius
2716 921 2966 990 proponi,
2981 923 3350 991 subsequente
3370 922 3551 974 statim

1976 1005 2150 1074 gratia
2190 1004 2247 1073 in
2277 1006 2516 1070 Christo,
2541 1016 2705 1077 atque
2737 1009 2791 1063 in
2825 1011 3065 1065 medium
3114 1012 3427 1080 proferente
3457 1010 3577 1081 Deij

1977 1096 2342 1165 promissione
2400 1098 2719 1166 praedictum
2777 1115 2981 1164 semen,
3048 1100 3152 1153 hoc
3199 1109 3304 1163 est,
3369 1099 3463 1168 qui
3496 1097 3551 1151 in

1977 1186 2201 1243 Christo
2236 1197 2365 1242 sunt
2395 1205 2495 1258 per
2528 1189 2710 1243 fidem.
2742 1191 2817 1245 Ita
2861 1192 3006 1246 enim
3043 1191 3219 1246 factus
3265 1200 3349 1245 est
3378 1191 3550 1244 Abra-

1977 1279 2104 1332 ham
2149 1289 2308 1348 pater
2348 1279 2835 1335 innumerabilium
2874 1283 3137 1352 gentium.
3184 1281 3314 1336 Vide
3362 1281 3547 1349 itaque

1978 1370 2152 1425 divini
2186 1370 2401 1426 consilii
2432 1372 2699 1426 rationem
2730 1388 2792 1426 ac
2831 1372 3080 1437 formam,
3112 1373 3278 1426 veluti
3317 1373 3372 1425 in
3422 1381 3549 1441 typo

1979 1461 2382 1524 adumbratam,
2439 1462 2495 1515 in
2550 1463 2787 1526 duobus,
2822 1464 3064 1532 inquam,
3102 1462 3365 1516 fratribus
3418 1461 3548 1516 filiis

1977 1551 2145 1615 Isaac,
2169 1551 2310 1605 Esau
2340 1551 2602 1605 nimirum
2625 1561 2681 1607 et
2717 1552 2905 1607 Jacob.
2963 1553 3176 1605 Dictum
3201 1552 3364 1619 igitur
3402 1559 3486 1603 est
3517 1565 3549 1605 a

1977 1640 2089 1694 Deo
2111 1641 2178 1694 ad
2207 1641 2455 1695 divinum
2508 1642 2782 1694 Abraham
2811 1641 2962 1710 quia,
3011 1659 3026 1689 ι
3058 1641 3113 1693 In
3148 1641 3295 1694 Isaac
3325 1639 3550 1692 vocabi-

1981 1743 2069 1788 tur
2090 1733 2189 1787 tibi
2212 1749 2418 1788 semen.
2443 1753 2460 1785 ι
2495 1733 2787 1803 Explicans
2814 1729 2995 1786 aut’em
3031 1732 3316 1786 oraculum
3349 1730 3552 1784 Paulus

1977 1826 2112 1895 legis
2147 1827 2378 1895 peritus,
2439 1825 2710 1880 «Abrahae
2761 1824 2921 1878 dicta:
2960 1831 3088 1878 sunt
3133 1821 3548 1891 promissiones,

1979 1917 2179 1986 inquit,
2238 1926 2294 1970 et
2341 1916 2539 1971 semini
2588 1917 2728 1986 ejus.
2759 1915 2877 1969 Non
2925 1912 3089 1967 dicit:
3131 1913 3198 1966 Et
3220 1910 3547 1973 seminibus,

1978 2007 2135 2078 quasi
2163 2009 2219 2062 in
2249 2008 2455 2071 multis,
2485 2007 2582 2062 sed
2602 2005 2759 2075 quasi
2792 2006 2851 2058 in
2889 2019 3040 2059 uno:
3082 2004 3152 2057 Et
3194 2001 3391 2055 semini
3428 2009 3545 2063 tuo,

295 2073 485 2167 αῦτοῦ.
516 2078 591 2130 Οὐ
614 2077 786 2147 λέγει,
815 2081 913 2134 καὶ
944 2085 1057 2146 τοῖς
1080 2085 1405 2155 σπέρμασιν,
1427 2088 1502 2151 ὡς
1529 2090 1620 2142 ἐπὶ
1649 2091 1873 2157 πολλῶν,

1977 2073 2071 2167 qui
2096 2107 2180 2153 est
2210 2096 2463 2152 Christus
2480 2116 2525 2149 ,ι
2555 2073 2850 2152 InChristo
2873 2109 3004 2163 ergo
3030 2091 3422 2163 promissiones
3448 2090 3549 2141 im-

294 2163 414 2217 ἀλλ”
434 2165 511 2229 ὡς
545 2169 629 2236 ἐφ’
656 2170 795 2236 ἐνὸς,
832 2173 941 2226 Καὶ
970 2172 1045 2243 τῷ
1077 2175 1353 2246 σπέρματί
1380 2196 1493 2241 σου,
1525 2180 1554 2232 ὅ
1575 2183 1693 2235 ἐστι
1740 2184 1872 2253 Χρι-

296 2257 442 2319 στός.
468 2276 487 2307 ι
522 2259 731 2314 Οὐκοῦν
762 2263 821 2314 ἐν
851 2264 1073 2334 Χριστῷ
1097 2266 1165 2319 τὰ
1188 2269 1567 2338 ἐπηγγελμένα
1599 2271 1874 2343 διεπεραί⁸

290 2364 436 2411 νετο,
470 2351 561 2402 καὶ
607 2354 690 2414 είς
734 2355 917 2407 είκόνα
965 2358 1058 2410 καὶ
1089 2358 1258 2411 τύπον
1294 2361 1456 2413 αὐτοῦ
1495 2363 1729 2415 τέθειται
1757 2381 1874 2426 πως

293 2439 323 2490 6
349 2440 552 2494 Ἰσαάκ.
571 2442 996 2513 Διερμηνεύεται
1015 2446 1071 2499 δὲ
1102 2449 1134 2517 ή
1163 2449 1340 2502 τοιάδε
1374 2451 1578 2520 κλῆσις,
1598 2452 1750 2520 χαρὰ
1777 2454 1874 2506 καὶ

293 2526 653 2596 ἀγαλλίαμα.
695 2532 1032 2603 Ἀγαλλίαμα
1052 2535 1110 2588 δὲ
1129 2537 1220 2590 τὸν
1242 2539 1473 2607 Χριστὸν
1498 2540 1590 2592 καὶ
1608 2543 1636 2593 ό
1671 2541 1872 2594 θεσπέ-

307 2634 420 2680 σιος
468 2620 634 2674 Δαϐὶδ
679 2622 950 2692 ὠνόμαζε,
978 2625 1153 2693 λέγων
1202 2627 1278 2689 ὡς
1322 2630 1385 2682 ὲκ
1432 2631 1722 2699 προσώπου
1766 2632 1874 2686 τῶν

292 2705 656 2777 δεδιψηκότων
681 2711 778 2782 τὴν
803 2713 868 2764 δι’
900 2715 1063 2767 αὐτοῦ
1087 2718 1377 2786 σωτηρίαν-
1407 2737 1425 2769 ι
1447 2720 1518 2773 Τὸ
1557 2722 1873 2792 ἀγαλλίαμά

299 2814 422 2867 μου,
462 2799 737 2871 λύτρωσαί
785 2822 851 2874 με
887 2805 994 2858 ἀπὸ
1033 2806 1141 2858 τῷν
1181 2808 1572 2863 κυκλωσάντων
1602 2830 1690 2882 με.
1723 2834 1742 2865 ι
1781 2817 1872 2869 Δι-

303 2887 614 2959 ἐνηξάμεθα
651 2893 760 2965 γὰρ
808 2897 867 2949 ἐν
906 2897 1128 2968 Χριστῷ
1162 2899 1259 2962 τὰς
1299 2900 1408 2952 τῶν
1457 2903 1741 2970 φονώντων
1772 2908 1868 2960 ἐπ-

295 2984 620 3047 αναστάσεις
638 3003 652 3016 ·
675 2988 771 3040 καὶ
796 2989 1190 3059 πεπατήκαμεν
1219 2991 1276 3044 ἐν
1302 2991 1447 3062 αὐτῷ
1470 2995 1758 3065 σκορπίους
1778 2997 1872 3050 καὶ

295 3069 475 3140 ὄφεις,
508 3075 604 3127 καὶ
627 3077 718 3130 ἐπὶ
761 3078 965 3133 ἀσπίδα
1007 3083 1102 3135 καὶ
1158 3082 1466 3152 βασιλίσκον
1503 3088 1780 3157 ἐπέϐημεν
1824 3090 1874 3141 οἱ

296 3167 743 3231 πεπιστευκότες.
778 3170 900 3224 Ὅτι
925 3171 980 3224 δὲ
1005 3173 1350 3244 ἀγαλλίαμα
1379 3178 1408 3230 6
1445 3178 1680 3249 Χριστὸς
1726 3178 1875 3248 παρὰ

294 3255 419 3316 ταῖς
472 3254 638 3320 θείαις
711 3259 954 3330 Γραφαῖς
1013 3263 1341 3334 ὠνόμασται,
1393 3270 1487 3321 καὶ
1542 3268 1875 3339 προφητικὸς

295 3340 444 3407 ἡμᾶς
472 3341 752 3397 ἀναπείσει
787 3347 962 3415 λόγος.
994 3349 1148 3420 Ἔχει
1192 3353 1300 3424 γὰρ
1330 3348 1433 3409 ὧδε
1456 3373 1470 3387 ο
1504 3375 1521 3408 ι
1543 3357 1654 3410 Kal
1691 3358 1875 3411 ἀνατε-

297 3429 384 3482 λεί
414 3431 622 3502 Κύριος
649 3436 961 3510 δικαιοσύνη
1011 3443 1104 3493 καὶ
1144 3421 1462 3517 ἀγαλλίαμα
1505 3448 1744 3501 ἐναντίον
1766 3449 1873 3502 τῷν
1900 3421 1945 3482 C

296 3520 469 3573 ἐθνῶν
498 3524 735 3578 πάντων.
764 3546 783 3578 ι
827 3529 1022 3597 Γέγονε
1068 3531 1177 3603 γὰρ
1198 3536 1226 3587 6
1267 3536 1613 3608 Ἐμμανουὴλ
1639 3540 1756 3610 οὐχὶ
1785 3540 1879 3610 μό-

299 3629 411 3676 νοις
425 3616 535 3678 τοίς
548 3616 606 3682 ἐξ
648 3617 862 3690 Ἰσραὴλ
879 3620 1014 3673 ἀλλὰ
1037 3623 1127 3675 καὶ
1147 3627 1254 3688 τοῖς
1270 3625 1372 3678 ἀνὰ
1392 3629 1568 3681 πᾶσαν
1584 3630 1679 3700 τὴν
1701 3633 1879 3685 οἰκου-

302 3704 469 3774 μένην
484 3705 668 3760 ἐθνεσί
692 3725 752 3761 τε
782 3713 875 3763 καὶ
908 3712 1057 3778 λαοῖς
1080 3715 1432 3786 δικαιοσύνη
1457 3721 1555 3772 καὶ
1593 3722 1875 3790 ἀγαλλία-

292 3813 401 3863 μα.
457 3797 866 3871 Δεδικαιώμεθα
920 3804 1030 3874 γὰρ
1085 3809 1143 3859 ἐν
1196 3808 1366 3878 αὐτῷ,
1403 3814 1496 3864 καὶ
1534 3813 1633 3883 τὴν
1675 3816 1738 3866 ἐκ
1777 3816 1877 3885 τῆς

297 3886 530 3957 ἀρχαίας
578 3891 717 3960 ἀρᾶς
765 3893 1074 3965 δυσφημίαν
1126 3898 1606 3972 ἀπεκρουσάμεθα.
1650 3906 1876 3975 Μετημ-

300 3978 574 4048 φιέσμεθα
591 3982 698 4051 γὰρ
727 3981 915 4056 ὥσπερ
945 3987 1284 4060 εὐφροσύνην
1307 3995 1401 4046 καὶ
1424 3993 1620 4064 χαρὰν,
1645 3996 1874 4049 θανάτου

298 4070 391 4122 καὶ
433 4072 712 4143 ἁμαρτίας
747 4077 1174 4149 ἀπηλλαγμένοι,
1207 4084 1301 4136 καὶ
1344 4083 1397 4135 τί
1438 4085 1547 4155 γὰρ
1595 4087 1715 4154 οὐχὶ
1768 4087 1877 4138 τῶν

296 4160 502 4214 ἄνωθεν
533 4165 626 4217 καὶ
665 4169 819 4237 παρὰ
858 4168 994 4221 Θεοῦ
1029 4171 1433 4242 πλουτήσαντες
1465 4173 1717 4240 ἀγαθῶν;
1750 4177 1875 4228 Τοι-

296 4252 493 4322 γάρτοι
538 4254 838 4326 δοξολογείν
893 4260 1272 4330 δεδιδάγμεθα,
1313 4262 1594 4331 λέγοντες·
1642 4285 1660 4316 ι
1696 4268 1877 4336 Ἀγαλ-

295 4340 553 4417 λιάσθωή
584 4347 727 4419 ψυχή
757 4367 857 4419 μου
891 4352 984 4403 ἐπὶ
1019 4352 1097 4423 τῷ
1128 4354 1336 4424 Κυρίῳ.
1387 4357 1633 4411 Ἐνέδυσε
1662 4361 1768 4431 γάρ
1804 4379 1871 4430 με

299 4432 519 4501 ἱμάτιον
547 4441 832 4510 σωτηρίου,
863 4443 956 4495 καὶ
985 4443 1187 4512 χιτῶνα
1215 4446 1574 4519 εὐφροσύνης.
1604 4470 1622 4501 ι
1659 4453 1768 4506 Καὶ
1791 4454 1874 4516 τίς

294 4524 357 4593 δὴ
390 4520 546 4589 οὗτός
576 4529 720 4583 ἐστιν
771 4532 799 4584 6
848 4533 946 4603 τῆς
1000 4535 1342 4604 εὐφροσύνης
1392 4538 1579 4606 χιτὼν,
1619 4546 1873 4613 σαφηνιεῖ

294 4614 466 4684 λέγων
499 4620 528 4671 ό
563 4620 852 4691 ἱερώτατος
881 4625 1089 4687 Παῦλος
1121 4642 1133 4653 ·
1177 4627 1360 4680 «Ὅσοι
1392 4629 1501 4700 γὰρ
1529 4631 1609 4694 εἰς
1639 4633 1872 4703 Χριστὸν

1974 2190 2135 2259 ριοιω
2163 2199 2312 2254 sunt,
2347 2198 2404 2244 et
2427 2189 2484 2242 in
2518 2188 2808 2257 imaginem
2832 2201 2894 2240 ac
2935 2194 3120 2255 typum
3153 2183 3303 2236 illius
3334 2181 3547 2250 positus

1974 2291 2060 2335 est
2082 2281 2364 2351 Isaac.96
2395 2280 2791 2348 Interpretatur
2817 2285 2998 2331 autem
3033 2276 3147 2329 haec
3175 2288 3277 2326 vox
3299 2272 3550 2341 gaudium

1976 2371 2524 2425 etexsultatioPorro
2550 2368 2718 2423 David
2745 2367 3022 2422 Christum
3043 2363 3208 2419 etiam
3225 2360 3547 2416 exsultatio-

1975 2477 2101 2515 nem
2135 2471 2314 2525 vocat,
2363 2462 2554 2516 dicens
2608 2459 2778 2514 veluti
2830 2473 2898 2512 ex
2956 2470 3190 2526 persona
3230 2467 3422 2507 eorum
3452 2450 3547 2519 qui

1976 2554 2206 2608 salutem
2242 2570 2341 2624 per
2368 2554 2546 2624 ipsum
2567 2553 2923 2607 vehementer
2945 2546 3366 2602 desiderabant:
3400 2563 3416 2592 ι
3437 2543 3547 2597 Ex-

1976 2645 2196 2703 sultatio
2225 2661 2364 2708 mea,
2381 2660 2512 2699 erue
2538 2660 2624 2699 me
2654 2659 2684 2698 a
2707 2638 3176 2696 circumdantibus
3190 2651 3273 2690 me
3300 2637 3371 2688 ’.ι
3403 2634 3541 2687 Eva-

1976 2737 2147 2792 simus
2168 2739 2315 2792 enim
2352 2737 2406 2791 in
2440 2736 2663 2791 Christo
2692 2737 2966 2789 latronum
3013 2730 3271 2792 insultus,
3318 2735 3375 2780 et
3414 2740 3545 2794 pro-

1976 2829 2387 2883 culcavimusin
2412 2829 2531 2897 ipso
2553 2827 2800 2895 scorpios
2836 2841 2894 2879 et
2939 2831 3244 2892 serpentes,
3289 2827 3346 2873 et
3381 2830 3549 2886 Super

1977 2921 2220 2989 aspidem
2258 2930 2314 2974 et
2366 2920 2679 2973 basiliscum
2714 2915 3114 2971 ambulavimus
3151 2914 3193 2976 ³,
3233 2909 3544 2965 credentes.

1976 3008 2132 3075 Quod
2154 3025 2285 3064 vero
2323 3009 2607 3062 exsultatio
2626 3007 2881 3061 Christus
2914 3007 2969 3058 in
3001 3003 3172 3077 sacris
3205 3000 3432 3053 Litteris
3457 3013 3554 3053 vo-

1978 3106 2136 3151 catus
2161 3097 2251 3160 sit,
2283 3097 2642 3166 propheticus
2693 3095 2861 3148 etiam
2920 3107 3101 3146 sermo
3161 3097 3414 3143 testatur.
3472 3088 3551 3142 Ita

1978 3191 2124 3244 enim
2156 3189 2355 3242 habet:
2396 3206 2415 3238 ι
2436 3187 2506 3240 Ει
2536 3186 2671 3239 oriri
2699 3185 2864 3238 faciet
2890 3183 3155 3238 Dominus
3193 3179 3462 3250 justitiam
3494 3185 3549 3232 et

1978 3279 2399 3335 exsultationem
2441 3292 2624 3332 coram
2653 3276 2912 3330 omnibus
2962 3273 3333 3344 gentibus‘p
3374 3269 3549 3323 factus

1980 3371 2249 3441 siquidem
2287 3380 2372 3425 est
2405 3368 2726 3423 Emmanuel
2773 3382 2883 3421 non
2929 3366 3061 3420 solis
3109 3362 3549 3425 lsraeliticis,ve-

1980 3478 2102 3517 rum
2132 3463 2296 3517 etiam
2354 3461 2613 3516 omnibus
2637 3474 2733 3528 per
2767 3459 3086 3512 universum
3136 3456 3326 3509 orbem
3372 3461 3549 3507 terra-

1979 3571 2100 3609 rum
2143 3555 2399 3624 gentibus
2430 3568 2494 3607 ac
2544 3551 2760 3622 populis
2781 3550 2995 3620 justitia
3031 3557 3079 3600 et
3113 3546 3416 3600 exsultatio.
3456 3543 3552 3598 Ju—

1978 3645 2358 3700 stiﬁcatienim
2395 3658 2585 3697 sumus
2609 3642 2662 3694 in
2693 3642 2832 3711 ipso,
2868 3639 3179 3707 veterisque
3207 3635 3551 3690 maledictio-

1977 3736 2065 3789 nis
2112 3735 2390 3788 infamiam
2446 3750 2476 3788 a
2525 3733 2686 3786 nobis
2751 3730 3107 3785 removimus.
3165 3727 3348 3780 Induti
3402 3725 3551 3778 enim

1978 3824 2385 3895 quodammodo
2423 3839 2613 3877 sumus
2643 3822 2887 3875 laetitiam
2923 3827 2978 3872 et
3008 3815 3294 3886 gaudium,
3324 3830 3353 3866 a
3376 3821 3552 3866 morte

1977 3924 2033 3969 et
2060 3924 2284 3984 peccato
2305 3914 2546 3975 liberati,
2567 3922 2624 3964 et
2644 3911 2777 3978 quid
2828 3924 2940 3961 non
2979 3917 3343 3971 supernorum
3382 3902 3553 3955 bono-

1980 4021 2101 4058 rum
2131 4021 2161 4057 a
2207 4007 2318 4057 Deo
2382 4000 2710 4054 consecuti-?
2752 3998 2962 4051 Idcirco
3028 3994 3193 4047 etiam
3245 3992 3550 4061 gloriﬁcare

1978 4093 2122 4146 docti
2167 4106 2375 4151 sumus,
2430 4089 2679 4141 dicentes
2713 4103 2725 4138 :
2760 4085 3046 4138 «Exsultet
3087 4083 3266 4136 anima
3316 4097 3436 4136 mea
3478 4083 3535 4136 in

1978 4183 2227 4238 Domino.
2260 4180 2442 4236 Induit
2471 4179 2620 4233 enim
2651 4193 2735 4232 me
2782 4185 2991 4230 vestem
3020 4175 3335 4238 salutarem,
3376 4184 3432 4228 et
3467 4184 3550 4229 tu-

1976 4276 2155 4329 nicam
2198 4273 2460 4328 laetitiae“.
2488 4289 2505 4322 ι
2539 4271 2710 4324 Porro
2755 4283 3004 4338 quamam
3066 4265 3139 4320 sit
3194 4265 3310 4320 haec
3364 4264 3546 4319 tunica

1975 4366 2198 4430 laetitia,
2226 4364 2448 4418 divinus
2473 4360 2674 4415 Paulus
2701 4359 2959 4429 explicat,
2987 4356 3208 4411 dicens:
3234 4375 3249 4406 ι
3273 4355 3550 4423 Quotquot

1975 4457 2125 4510 enim
2155 4456 2211 4508 in
2241 4454 2461 4509 Christo
2520 4449 2781 4519 baptizati
2826 4449 2981 4511 estis,
3034 4447 3314 4502 Christum
3368 4445 3550 4499 indui-

1975 4549 2082 4602 stis
2122 4547 2142 4576 ⁶
2188 4565 2205 4595 ι
2245 4544 2313 4598 Et
2352 4558 2604 4596 rursum:
2637 4563 2653 4592 ι
2678 4541 2970 4595 Induimini
3030 4538 3319 4592 Dominum
3361 4536 3546 4590 Jesum

1975 4638 2277 4698 Christum,
2311 4644 2366 4689 et
2390 4633 2572 4686 carnis
2600 4647 2787 4685 curam
2819 4647 2886 4684 ne
2925 4631 3146 4700 geratis,
3180 4629 3246 4682 ad
3283 4626 3547 4694 concupi-

293 4707 681 4781 ἐϐαπτίσθητε,
748 4715 983 4784 Χριστὸν
1053 4717 1436 4772 ἐνεδύσασθε.»
1503 4722 1611 4775 Καὶ
1672 4725 1866 4777 πάλιν·

1977 4727 2237 4784 scentiam
2261 4727 2301 4779 τ.
2331 4744 2348 4776 ›
2384 4722 2687 4779 Exsultatio
2725 4723 2892 4791 igitur
2932 4722 3082 4775 Isaac
3134 4720 3303 4773 veluti
3351 4718 3406 4771 in
3464 4724 3547 4785 ty-

236 4808 239 4809 '
301 4817 320 4849 ι
356 4800 688 4856 Ἐνδύσασθε
722 4804 814 4858 τὸν
862 4806 1065 4877 Κύριον
1108 4809 1312 4878 Ἰησοῦν
1345 4811 1599 4882 Χριστὸν,
1644 4815 1738 4866 καὶ
1784 4816 1874 4886 τῆς

1979 4837 2112 4892 pum
2156 4819 2355 4874 Christi
2403 4819 2455 4871 in
2515 4818 2600 4870 his
2647 4813 3203 4870 commentationibus
3255 4810 3547 4864 utilissime

294 4891 492 4959 σαρκὸς
517 4893 778 4961 πρόνοιαν
814 4895 887 4966 μὴ
926 4896 1164 4950 ποιεῖσθε
1194 4900 1272 4961 εἰς
1304 4899 1616 4969 ἐπιθυμίαν.
1640 4922 1657 4953 ι
1700 4904 1884 4971 Ἀγαλ,

290 4977 456 5048 λίαμα
481 4983 667 5036 τοίνυν
696 4984 726 5035 6
770 4985 955 5040 Ἰσαὰκ
980 4987 1055 5050 ὡς
1088 4990 1145 5041 ἐν
1163 4988 1316 5059 τύπῳ
1345 4992 1579 5063 Χριστοῦ
1609 4997 1722 5056 τοῖς
1745 5012 1880 5066 προ-

290 5071 562 5140 κειμένοις
603 5076 736 5144 ἡμτν
782 5076 1100 5147 θεωρήμασι
1133 5082 1530 5151 χρειωδέστατα
1562 5087 1872 5157 παρειλημο

294 5161 468 5228 μένος.
502 5165 692 5235 Τούτῳ
721 5169 907 5235 γέγονε
961 5170 1223 5226 Ῥεϐέκκα
1257 5179 1412 5246 γυνή.
1457 5181 1870 5250 Διερμηνεύοιτο

289 5252 345 5304 δέ
399 5254 465 5307 ἂν
515 5258 613 5309 καὶ
659 5258 821 5330 αὕτη,
859 5264 1119 5330 πλείστη
1171 5283 1229 5318 τε
1267 5269 1356 5320 καὶ
1394 5269 1509 5336 ὅση
1570 5274 1862 5342 ὑπομονὴ.

302 5345 458 5437 ᾊλλὰ
515 5351 611 5402 καὶ
656 5350 717 5402 τὸ
761 5352 923 5422 τῆσδε
970 5356 1258 5424 πρόσωπον
1297 5361 1375 5420 είς
1415 5361 1475 5412 τὸ
1501 5362 1598 5432 τῆς
1638 5365 1865 5437 Ἐκκλη-

291 5436 409 5501 σίας
451 5440 888 5510 παραληῲόμεθα
933 5446 1179 5510 νοοῦντες
1218 5449 1414 5518 ὀρθῶς,
1445 5449 1510 5522 ἧς
1551 5453 1609 5506 τὸ
1663 5456 1866 5507 εὐδόκι-

1981 4913 2142 4967 nobis
2173 4910 2459 4980 accipitur.
2515 4909 2684 4979 IIujus
2725 4917 2905 4961 autem
2955 4920 3093 4957 uxor
3144 4901 3245 4953 fuit
3277 4899 3543 4951 Rebecca.

1979 5004 2375 5071 Interpretatur
2421 5013 2552 5051 vero
2594 4997 2758 5050 etiam
2814 4994 2949 5054 hac,
2991 5005 3201 5043 summa
3264 4987 3541 5056 patientia.

1979 5093 2084 5148 Sed
2113 5099 2168 5146 et
2190 5092 2354 5160 hujus
2381 5102 2670 5158 personam
2696 5087 2752 5138 in
2785 5082 3044 5137 Ecclesiae
3092 5087 3281 5149 typum
3306 5076 3543 5144 accipic-
3608 5120 3613 5128 .

1976 5201 2118 5247 mus,
2137 5184 2295 5252 cujus
2323 5179 2493 5249 gloria
2528 5177 2583 5229 in
2604 5173 2886 5249 patientia.
2916 5171 3083 5223 Porro
3123 5168 3285 5235 hujus
3308 5164 3453 5225 filiis,
3479 5164 3546 5217 iis

1975 5276 2216 5343 inquam,
2247 5270 2340 5340 qui
2371 5269 2426 5321 in
2462 5266 2565 5319 fide
2588 5275 2643 5318 et
2685 5263 2880 5332 spiritu
2920 5261 3147 5328 degunt,
3186 5257 3272 5308 via
3303 5253 3370 5307 ad
3397 5255 3542 5307 salu-

1975 5375 2083 5420 tem
2111 5369 2195 5416 est
2227 5358 2505 5428 patientia.
2547 5355 2623 5407 Ita
2651 5354 2796 5404 enim
2821 5366 2987 5404 sacrae
3008 5348 3227 5400 Littera:
3255 5344 3385 5412 ipsis
3417 5360 3538 5412 pro?

1971 5456 2240 5512 clamant,
2303 5446 2536 5500 subinde
2589 5441 2809 5510 quidem
2858 5458 2869 5491 :
2912 5438 3008 5491 «In
3052 5435 3312 5504 patientia
3363 5444 3541 5489 vestra

292 5544 391 5596 μον
420 5531 479 5582 ὲν
520 5532 786 5603 ὑπομονῇ.
821 5535 927 5588 Καὶ
962 5537 1088 5604 γοῦν
1132 5543 1242 5603 τοῖς
1290 5542 1491 5612 ταύτης
1512 5546 1738 5608 τέκνοις,
1767 5550 1863 5615 τῆς

1977 5538 2323 5612 possitlebitis
2343 5536 2553 5589 animas
2572 5540 2782 5584 vestras
2814 5528 2867 5594 ⁸;
2900 5550 2914 5580 ι
2947 5527 3180 5583 subinde
3201 5542 3364 5580 vero:
3398 5543 3415 5575 ι
3438 5526 3541 5579 Pa-a

293 5618 367 5682 ὡς
407 5625 465 5675 ἐν
511 5623 716 5688 πίστει,
765 5627 925 5695 φημὶ,
970 5629 1063 5681 καὶ
1127 5631 1394 5701 πνεύματι
1425 5636 1714 5705 σωτηρίας,
1749 5636 1862 5696 ὁδὸς

365 5734 385 5807 ἒ
419 5734 561 5788 Psal.
592 5751 737 5807 xxxi.
770 5735 821 5788 7.
887 5789 889 5791 ,
934 5740 951 5771 ³
976 5742 1111 5796 Psal.
1147 5760 1229 5807 xc,
1264 5745 1343 5796 13.

301 5803 317 5830 "
349 5801 477 5858 Luc.
527 5820 635 5866 χχι,
672 5805 751 5855 l9.

1466 5745 1478 5772 ⁵
1531 5745 1627 5797 l-a.
1685 5762 1788 5801 1x1.
1857 5746 1936 5796 ll.

1979 5633 2166 5688 tientia
2209 5628 2366 5681 vobis
2428 5623 2738 5677 necessaria
2795 5631 2898 5680 est,
2952 5631 3012 5675 ut
3058 5620 3391 5672 voluntatem
3443 5619 3539 5671 Dei

2016 5746 2031 5770 "
2069 5743 2198 5812 ιὶιῑιῖ.
2247 5739 2328 5791 10.
2437 5735 2657 5786 6Calat.
2714 5751 2786 5787 ιιι.
2841 5734 2924 5786 ΕΠ.
3041 5731 3233 5785 7Ilum.
3290 5731 3402 5788 xm,
3455 5730 3536 5789 14.
