4056 6260
506 411 604 468 159

1523 411 1579 469 S.
1619 410 1896 469 CYRILLI
1931 409 2403 468 ALEXANDRINI
2440 408 2762 467 ARCHIEP.

3661 404 3763 460 160

500 532 786 595 lazientes,
816 529 1112 601 reportetis
1143 529 1572 601 promissionem
1598 533 1641 585 ’.
1672 549 1690 583 ι
1728 530 1866 591 Vide
1900 532 2084 602 itaque

2194 531 2485 602 πέφηνενή
2521 529 2789 600 ὑπομονή.
2840 524 2998 601 Ἰεροὶ
3048 522 3158 597 γὰρ
3201 521 3389 587 αὐτοῖς
3435 537 3758 593 προσπεφως

505 624 808 679 liebeccam
872 622 1027 677 tarde
1064 622 1288 692 quidem
1334 632 1499 693 atque
1529 638 1673 694 aegre
1722 632 1941 678 uterum
1995 624 2079 678 fe-

504 726 714 769 rentem
742 713 902 785 (anus
940 714 1088 769 enim
1131 712 1294 781 erat),
1317 728 1439 784 qua)
1469 722 1654 769 tamen
1686 714 1758 769 ob
1808 729 2080 770 summam

502 804 600 858 Dei
664 818 795 873 erga
858 802 1010 857 Isaac
1085 801 1519 857 muniﬁcentiam
1586 810 1757 871 atque
1834 816 2081 857 amorem

502 892 823 963 pepererit:
870 892 1015 946 Esau
1071 890 1297 961 quidem
1361 890 1812 961 primogenitum,
1864 891 2082 945 statim-

502 999 609 1053 que
659 992 785 1054 post
844 984 992 1038 hunc
1057 982 1224 1038 Iacob
1253 1023 1266 1047 ,
1336 981 1445 1052 97
1493 996 1592 1051 per
1658 995 1797 1050 quos
1877 981 2085 1051 optime

503 1072 725 1141 quidem
788 1072 951 1127 nobis
1022 1086 1243 1125 rursum
1297 1068 1407 1123 duo
1466 1067 1698 1138 populi,
1756 1066 2087 1122 Israeliticus

482 1164 767 1218 nimirum
802 1172 860 1218 et
903 1163 1156 1234 gentilis,
1209 1159 1606 1230 exprimantur.
1665 1157 1831 1228 Atqui
1882 1159 2089 1228 primo-

504 1255 721 1326 genitus
751 1254 971 1332 quidem
1025 1254 1190 1308 Israel
1236 1253 1278 1283 ¹⁰
1316 1270 1329 1306 :
1372 1253 1522 1323 prior
1551 1254 1700 1309 enim
1744 1261 1968 1307 vocatus
2005 1260 2090 1307 est

506 1361 606 1416 per
664 1345 838 1416 legem
870 1362 882 1397 :
926 1344 1199 1399 secundus
1234 1358 1366 1398 vero
1405 1352 1531 1413 post
1564 1344 1740 1409 illum,
1772 1345 1865 1414 qui
1894 1344 1951 1397 in
1982 1342 2088 1398 fide

506 1453 607 1508 per
639 1435 938 1492 Christum.
966 1434 1161 1490 Videat
1200 1443 1383 1489 autem
1415 1436 1542 1504 quis
1576 1435 1811 1490 duorum
1854 1433 2087 1503 populo-

507 1544 629 1582 rum
652 1527 708 1581 in
735 1527 955 1598 ingenio
990 1541 1055 1581 ac
1083 1526 1334 1581 moribus
1353 1525 1745 1589 differentiam,
1773 1534 1827 1581 et
1852 1540 1921 1580 ex
1954 1523 2090 1594 ipsis

505 1615 843 1680 nominibus,
879 1614 1081 1685 quibus
1118 1624 1349 1684 uterque
1386 1615 1705 1678 vocabatur,
1748 1622 1806 1668 et
1830 1643 1835 1648 -
1862 1629 1930 1668 ex
1975 1615 2091 1683 ipsa

506 1721 798 1778 corporum
815 1704 991 1761 forma
1017 1705 1133 1760 sive
1155 1705 1567 1761 constitutione.
1591 1706 1735 1759 Esau
1751 1704 1899 1760 enim
1922 1704 2093 1758 inter-

506 1805 756 1869 pretatur
782 1813 1025 1868 quercus,
1055 1797 1163 1851 hoc
1187 1799 1302 1861 'est,
1346 1796 1497 1851 dirus
1529 1805 1693 1866 atque
1735 1796 1963 1867 rigidus.
1994 1797 2089 1850 Di-

2181 625 2375 697 νήκασι
2399 624 2567 694 λόγοι,
2586 622 2716 677 ποτὲ
2738 622 2853 693 μὲν,
2872 621 2953 674 ὅτι
2982 636 2998 670 ι
3021 619 3186 690 Ἐντῇ
3199 617 3443 687 ὑπομονῇ
3465 614 3620 685 ὑμῶν
3638 616 3757 686 κτήι

2182 716 2347 769 σασθε
2380 716 2481 779 τὰς
2506 715 2685 785 ψυχὰς
2733 711 2913 784 ὑμῶν’
2942 730 2961 763 ι
3010 709 3143 763 ποτὲ
3170 708 3229 761 δὲ
3253 705 3319 762 αῦ
3341 724 3355 738 ·
3397 726 3418 759 ι
3456 705 3758 776 ’Υπομονῆς

2180 805 2288 876 γὰρ
2326 805 2475 878 ἔχετε
2508 805 2719 876 χρείαν,
2759 803 2848 857 ἵνα
2875 800 2936 854 τὸ
2968 800 3180 870 θέλημα
3212 797 3309 851 τοῦ
3343 795 3481 850 Θεοῦ
3506 796 3761 865 ποιῆσαν-

2180 897 2315 967 τες),
2363 893 2663 965 κομίσησθε
2702 892 2800 963 τὴν
2852 888 3204 958 ἐπαγγελίαν.
3231 906 3250 939 ι
3293 887 3435 957 Ὅρα
3467 886 3643 938 τοίνυν
3664 884 3765 955 τὴν

2194 987 2489 1042 Ῥεϐέκκαν
2511 987 2608 1056 ὀψὲ
2648 985 2744 1056 μὲν
2782 982 2877 1037 καὶ
2909 980 3058 1053 μόλις
3084 978 3377 1034 ὠδίνουσαν
3420 978 3631 1047 (στεῖρα
3655 975 3763 1047 7&9

2182 1074 2271 1151 ἦν,
2319 1077 2692 1134 ἁποτεκοῦσαν
2732 1075 2777 1128 δ’
2810 1069 2903 1128 οῦν
2939 1075 3087 1144 ὅμως
3135 1073 3199 1125 ἐκ
3243 1069 3556 1140 φιλοτιμίας
3603 1067 3762 1133 Θεοῦ,

2186 1170 2279 1225 καὶ
2326 1169 2384 1237 ἐξ
2423 1170 2752 1239 ἀγαπήσεως
2782 1164 3005 1227 Ἰσαὰκ,
3038 1162 3130 1217 τόν
3181 1180 3241 1217 τε
3279 1162 3451 1215 Ἠσαῦ
3496 1160 3587 1214 τὸν
3616 1177 3767 1231 πρω-

2187 1262 2428 1326 τότοκον,
2452 1261 2547 1315 καὶ
2571 1259 2732 1321 εὐθὺς
2752 1256 2983 1311 κατόπιν
3023 1254 3168 1308 ίόντα
3201 1252 3295 1307 τὸν
3332 1251 3547 1306 Ἰακώϐ.
3575 1252 3654 1303 Δι’
3688 1242 3766 1305 ὧν

2196 1348 2255 1406 εὖ
2295 1353 2439 1423 μάλα
2491 1351 2655 1405 πάλιν
2707 1350 2837 1419 ἡμῖν
2884 1345 3293 1410 ὲξεικονισθεῖεν
3323 1343 3389 1396 ἂν
3422 1344 3472 1395 oi
3501 1341 3593 1395 δύο
3619 1340 3764 1404 λαοὶ,

2193 1446 2220 1498 6
2247 1461 2307 1496 τε
2346 1441 2579 1513 Ἰσραὴλ,
2616 1439 2711 1494 καὶ
2753 1438 2937 1509 μέντοι
2973 1436 3067 1490 καὶ
3099 1434 3159 1499 ἐξ
3186 1433 3375 1487 ἐθνῶν.
3405 1432 3515 1484 Καὶ
3548 1431 3578 1483 6
3617 1447 3774 1497 πρω-

2188 1535 2408 1598 τότοκος
2442 1533 2542 1603 μὲν
2578 1534 2607 1585 6
2657 1529 2893 1601 Ἰσραὴλ,
2916 1525 3397 1599 (προεισκέκληται
3421 1522 3531 1595 γὰρ
3563 1522 3654 1577 διὰ
3679 1540 3770 1574 νο-

2195 1631 2348 1698 μου)·
2381 1626 2629 1695 δεύτερος
2652 1623 2708 1677 δὲ
2744 1621 2839 1676 καὶ
2885 1621 3000 1692 μετ’
3025 1622 3248 1683 ἐκεῖνον,
3290 1620 3319 1672 6
3362 1618 3422 1669 ὲν
3450 1616 3633 1676 πίστει
3681 1614 3772 1667 δια

2192 1716 2448 1790 Χριστοῦ.
2485 1717 2614 1769 Ἰδοι
2644 1714 2687 1768 δ’
2708 1713 2770 1767 ἄν
2799 1728 2884 1774 τις
2904 1709 3010 1765 τῶν
3033 1709 3126 1763 δύο
3143 1708 3287 1762 λαῶν
3310 1707 3409 1779 τὴν
3447 1705 3521 1768 ὠς
3546 1707 3601 1757 ἓν
3626 1701 3772 1772 γνώ·

2197 1827 2273 1883 μῃ
2315 1810 2410 1864 καὶ
2448 1809 2669 1881 τρόποις
2701 1803 2978 1875 διαφορὰν,
3003 1803 3095 1855 καὶ
3115 1800 3173 1865 ἐξ
3211 1799 3412 1861 αὐτῶν,
3448 1794 3603 1868 οἶμαί
3634 1812 3766 1858 που,

507 1900 658 1945 ctum
684 1898 769 1943 est
806 1897 988 1943 autem
1023 1888 1224 1942 alicubi
1263 1887 1332 1941 ad
1369 1886 1628 1942 lsraelem
1661 1902 1692 1941 a
1729 1887 1842 1942 Deo
1873 1906 1884 1940 :
1929 1907 1947 1939 ι
1979 1887 2087 1944 Co-

2194 1881 2295 1958 τῶν
2322 1902 2600 1972 ρνομάτων
2628 1900 2664 1953 ἃ
2688 1894 2756 1970 ἦν
2782 1900 2839 1952 ὲν
2876 1897 3098 1967 ἀμφοῖν,
3136 1891 3231 1946 καὶ
3259 1893 3323 1944 ὲκ
3362 1894 3464 1961 τῆς
3508 1890 3619 1944 τῶν
3662 1905 3769 1941 σω-

509 1995 713 2051 gnosco
738 1995 839 2051 ego
858 1979 1005 2050 quod
1033 1978 1209 2034 durus
1229 1994 1289 2033 es
1325 1987 1381 2033 et
1402 1992 1605 2031 nervus
1644 1977 1858 2033 ferreus
1901 1978 2087 2033 cervix

509 2081 605 2127 tua
633 2079 689 2126 et
710 2071 862 2126 frons
905 2080 997 2126 tua
1026 2085 1176 2125 aenea
1205 2071 1289 2123 ω’.
1320 2070 1488 2125 Jacob
1526 2083 1660 2124 vero
1685 2068 2084 2139 supplantator,

507 2163 615 2218 hoc
641 2171 744 2227 est,
779 2162 1001 2227 artifex,
1038 2161 1153 2216 sive
1183 2160 1442 2216 vincendi
1493 2161 1723 2231 peritus.
1765 2160 2091 2230 Supplantat

507 2255 656 2310 enim
672 2255 796 2324 quis
818 2268 945 2308 eum
961 2269 1126 2323 quem
1154 2252 1368 2307 vicerit.
1404 2251 1586 2308 Vincit
1628 2260 1813 2306 autem
1864 2251 2090 2306 omnino

507 2360 621 2402 non
645 2345 881 2415 populus
906 2343 962 2397 in
995 2343 1136 2413 lege,
1169 2341 1267 2396 sed
1297 2341 1391 2411 qui
1437 2342 1493 2395 in
1522 2340 1741 2396 Christo
1767 2356 1867 2411 per
1904 2341 2087 2405 fidem,

510 2435 718 2505 quique
768 2433 980 2503 peccati
1033 2432 1440 2486 accusationem
1485 2430 1755 2499 eﬂ‘ugerit,
1788 2430 2091 2499 mortisque

510 2522 803 2594 imperium
832 2520 1128 2576 obtuderit.
1156 2520 1324 2575 Porro
1344 2520 1487 2574 Esau
1525 2538 1543 2570 ι
1561 2519 1716 2574 rufus
1738 2526 1855 2573 erat
1876 2527 2039 2584 totus,
2065 2538 2084 2571 ι

510 2618 589 2673 ita
636 2616 785 2672 enim
812 2615 1076 2684 scriptum
1109 2621 1212 2678 est,
1247 2632 1266 2665 ι
1290 2621 1346 2667 et
1377 2613 1526 2668 velut
1558 2613 1715 2682 pellis
1752 2612 2033 2679 hirsutus;
2065 2632 2085 2665 ι

509 2709 679 2768 Iacob
726 2716 911 2763 autem
940 2706 1027 2760 vir
1062 2705 1247 2777 glaber
1282 2705 1403 2760 sive
1433 2704 1583 2759 laevis
1615 2704 1677 2758 “.
1713 2703 1971 2759 Flavities
2007 2712 2092 2776 ty-

510 2816 616 2874 pus
633 2808 719 2856 est
733 2799 953 2856 ferocia
980 2806 1145 2869 atque
1170 2798 1266 2852 ira:
1288 2836 1303 2862 ,
1342 2796 1615 2866 siquidem
1645 2811 1835 2850 verum
1865 2804 1969 2861 est,
1996 2812 2094 2849 ru-

510 2893 806 2950 bicundam
826 2892 883 2946 in
917 2890 999 2944 ira
1017 2888 1242 2960 percitis
1263 2896 1443 2942 cutem
1474 2886 1612 2942 ﬁeri.
1642 2886 1799 2953 Quod
1827 2902 1960 2942 vero
1978 2886 2095 2940 hir-

511 2988 697 3036 sutum
720 2995 785 3035 ac
820 2978 1059 3049 pilosum
1086 2993 1227 3041 esse,
1267 2976 1505 3031 ferinum
1528 2976 1619 3040 sit,
1648 2992 1758 3046 quo
1787 2984 1950 3046 pacto
1973 2977 2097 3047 quis

512 3068 900 3125 dubitaverit?
926 3068 1103 3138 Atque
1145 3065 1459 3138 bujusmodi
1496 3066 1658 3136 plane
1691 3066 1937 3121 moribus
1953 3082 2094 3137 prae-

2199 1994 2383 2064 μάτων
2439 1993 2603 2057 ἰδέας,
2632 1993 2750 2062 ἦτοι
2804 1987 3167 2056 κατασκευῆς.
3221 1984 3281 2037 '0
3311 1983 3411 2054 μὲν
3455 1983 3564 2052 7&9
3594 1978 3768 2033 Ἠσαῦ

2186 2080 2599 2154 διερμηνεύεται
2622 2080 2788 2149 δρῦς,
2821 2075 3119 2137 τουτέστιν,
3144 2074 3358 2145 ἀπηνής
3381 2088 3439 2125 τε
3460 2070 3557 2124 καὶ
3588 2073 3770 2140 ἀκαμ-

2191 2175 2319 2238 πής.
2374 2172 2602 2243 Εἴρηται
2653 2170 2709 2223 δέ
2740 2186 2842 2223 που
2886 2167 3023 2239 πρὸς
3072 2166 3165 2220 τὸν
3219 2162 3437 2236 Ἰσραὴλ
3478 2162 3630 2233 παρὰ
3670 2159 3770 2214 τοῦ

2189 2264 2324 2316 Θεοῦ
2360 2281 2381 2315 ι
2405 2261 2661 2316 Γινώσκω
2682 2260 2791 2330 ἐγὼ
2805 2260 2885 2313 ὅτι
2915 2257 3147 2328 σκληρὸς
3175 2252 3243 2319 εἴ,
3273 2256 3365 2308 καὶ
3396 2255 3585 2325 νεῦρον
3614 2250 3767 2327 σιδη-

2192 2353 2317 2425 ροῦν
2347 2356 2376 2407 6
2401 2351 2667 2423 τράχηλὸς
2687 2368 2799 2415 σου,
2844 2351 2937 2404 καὶ
2961 2349 3023 2402 τὺ
3058 2347 3307 2419 μέτωπόν
3340 2363 3432 2399 σου
3464 2342 3757 2415 χαλκοῦν.»

2191 2442 2562 2511 Πτερνιστὴς
2602 2442 2660 2495 δὲ
2695 2441 2723 2493 6
2768 2439 2982 2505 Ἰακὼϐ,
3022 2438 3288 2501 τουτέστι,
3340 2433 3606 2507 τεχνίτης,
3648 2432 3771 2501 ἦτοι

2192 2535 2347 2604 νικᾷν
2366 2531 2538 2596 είδώς.
2559 2532 2811 2602 Πτερνιεϊ
2836 2531 2945 2601 γάρ
2974 2546 3057 2592 τις
3089 2528 3147 2581 ὅν
3179 2526 3243 2581 ἂν
3262 2526 3493 2596 ήττήσῃ.
3528 2522 3675 2593 Νικᾷ
3710 2521 3771 2576 δὲ

2192 2623 2257 2693 δὴ
2282 2623 2519 2689 πάντως,
2553 2621 2651 2692 οὐχ
2678 2624 2706 2675 6
2735 2623 2792 2673 ὲν
2811 2621 2959 2692 νόμῳ
2983 2620 3129 2683 λαὸς,
3154 2618 3268 2672 ἀλλ’
3295 2620 3323 2670 6
3353 2618 3410 2670 ὲν
3435 2613 3655 2685 Χριστῷ
3678 2613 3770 2667 διὰ

2193 2714 2446 2778 πίστεως,
2477 2712 2661 2766 καὶτὰ
2690 2712 2755 2765 ὲκ
2785 2712 2883 2782 τῆς
2924 2710 3197 2781 ἁμαρτίας
3223 2704 3533 2778 διαδραμὼν
3570 2704 3773 2775 ἐγκλή-

2198 2822 2364 2876 ματα,
2398 2805 2491 2858 καὶ
2522 2804 2657 2857 αὐτὸ
2680 2820 2817 2856 κατα
2825 2802 3073 2873 μϐλύνων
3090 2799 3184 2853 τοῦ
3210 2799 3441 2853 θανάτου
3462 2798 3523 2852 τὸ
3540 2796 3768 2867 κράτος.

2194 2894 2305 2947 Καὶ
2330 2895 2359 2947 6
2394 2892 2492 2962 μὲν
2534 2889 2705 2944 Ἡσαῦ
2739 2890 3070 2962 ιςπυρῤάκης
3114 2884 3181 2959 ἦν
3230 2888 3377 2951 ὅλος’
3400 2905 3418 2939 ι
3458 2886 3773 2956 γέγραπται

2195 2984 2303 3053 γὰρ
2325 2981 2442 3046 ὡδὶ,
2481 3000 2500 3032 ι
2528 2981 2635 3034 Kal.
2681 2979 2815 3031 ὡσεὶ
2846 2977 2978 3048 δορὰ
3017 2976 3184 3040 δασύς
3204 2993 3217 3008 ο
3242 2994 3262 3028 ι
3316 2974 3453 3047 ἀνὴρ
3485 2973 3542 3027 δὲ
3569 2972 3710 3037 λεῖος
3742 2973 3773 3025 6

2207 3075 2417 3129 Ἰακώϐ.
2445 3072 2680 3143 Αἴνιγμα
2705 3071 2769 3142 δὴ
2811 3066 2903 3123 οὖν
2930 3072 2963 3140 ἠ
3002 3068 3302 3140 πυῤῥότης,
3338 3064 3511 3135 θυμοῦ
3541 3065 3638 3117 καὶ
3666 3067 3766 3136 69-

511 3161 686 3215 ditum
700 3159 956 3214 lsraelem
979 3158 1135 3213 facile
1150 3159 1274 3228 quis
1290 3158 1706 3223 animadvertat,
1722 3158 1905 3213 animo
1927 3158 2092 3212 nimi-

2196 3168 2322 3238 γῆς·
2355 3167 2512 3237 εἴπερ
2565 3163 2712 3219 ἐστὶν
2770 3161 2984 3233 ἀληθῶς
3031 3160 3107 3223 ὡς
3150 3159 3380 3231 ἐρυθρὸν
3430 3157 3515 3211 ἀεί
3561 3156 3774 3219 πωςτδ

514 3264 636 3302 rum
654 3247 744 3302 vel
760 3248 1040 3301 intellectu
1061 3223 1408 3301 convenienti
1420 3247 1800 3311 constitutum,
1823 3246 1919 3301 sed
1936 3247 2092 3304 valde

2197 3223 2396 3330 γριῦμα
2414 3223 2526 3319 toi;
2551 3256 2609 3308 ὲν
2637 3223 3263 3326 ὀργαῖς.’Θηριοπρεπὲς
3288 3223 3351 3303 δὲ
3392 3248 3554 3303 ὅτιτὸ
3580 3246 3772 3300 λασιό-

514 3348 856 3404 renuentem,
879 3338 1015 3392 etad
1036 3337 1292 3393 ferociam
1322 3337 1816 3406 crudelitatemque
1836 3354 2091 3407 pronum.

513 3428 846 3505 occiderunt
872 3427 1020 3481 enim
1060 3435 1277 3482 sanctos
1299 3428 1596 3496 prophetas
1617 3466 1632 3489 ,
1667 3433 1831 3495 atque
1856 3427 1992 3483 adeo
2038 3429 2095 3483 in

515 3520 694 3588 ipsum
730 3517 950 3571 tandem
986 3517 1401 3572 Emmanuelem
1441 3518 1607 3586 impie
1636 3526 1888 3588 egerunt.
1929 3519 2093 3573 Leni-

517 3619 600 3664 tas
630 3624 762 3663 vero
791 3607 1078 3677 proprium
1109 3607 1363 3663 humana:
1395 3607 1583 3663 forma:
1616 3617 1700 3663 est
1729 3609 1961 3680 signum.
1993 3612 2095 3667 Mi-

517 3700 589 3755 ῑί8
611 3709 793 3755 autem
824 3698 1179 3753 vehementer
1211 3706 1267 3753 et
1306 3714 1518 3753 summe
1546 3709 1863 3756 mansuetus
1886 3710 1969 3757 εει
1992 3718 2094 3757 no-

516 3806 620 3852 vus
646 3800 703 3846 et
723 3807 821 3861 per
839 3788 1003 3843 ﬁdem
1030 3786 1284 3857 populus.
1324 3786 1449 3841 Oris
1485 3788 1631 3842 enim
1666 3789 1934 3861 elegantia
1977 3791 2095 3845 evi-

518 3881 656 3937 dens
688 3886 1072 3952 argumentum
1112 3876 1197 3931 εει
1240 3874 1628 3931 intellectualis
1663 3878 1777 3932 sive
1818 3878 2097 3934 interioris

518 3973 973 4045 pulchritudinis;
1004 3966 1460 4041 quemadmodum
1501 3970 1556 4023 in
1589 3969 1731 4025 Esau
1755 3970 1987 4027 feritatis
2024 3972 2098 4043 si-

520 4083 685 4138 gnum
706 4082 827 4121 esse
850 4065 1088 4119 diximus
1112 4062 1389 4116 hirsutum
1423 4077 1487 4117 ac
1513 4060 1713 4118 ﬂavum
1746 4079 1887 4119 esse.
1918 4064 2094 4121 Caute-

522 4175 645 4214 rum
669 4157 890 4226 utrique
940 4170 1050 4209 una
1093 4161 1214 4208 erat
1275 4160 1467 4217 mater,
1512 4153 1774 4209 nimirum
1825 4157 2091 4213 Rebecca.

520 4246 784 4316 Adjunxit
823 4254 1003 4298 autem
1034 4242 1566 4312 sibiiplecclesiam
1605 4243 1867 4300 Dominus
1907 4254 2096 4300 noster

520 4337 680 4393 Jcsus
700 4334 952 4391 Christus
974 4333 1239 4403 virginem
1265 4346 1466 4390 castam
1485 4334 1813 4391 servientem
1831 4336 2096 4405 quodam-

521 4424 687 4479 modo
724 4423 780 4478 in
813 4423 1284 4495 regenerationem
1331 4424 1675 4495 spiritualem
1712 4424 1948 4479 duorum
1992 4440 2093 4495 po-

2195 3365 2379 3420 τριχον
2412 3349 2506 3400 καὶ
2536 3340 2692 3410 δασὺ,
2729 3345 2846 3408 πῶς
2887 3344 2953 3397 ἂν
2998 3342 3291 3397 ἐνδοιάσειέ
3324 3357 3437 3404 τις;
3473 3338 3695 3393 Κατίδοι
3720 3337 3772 3393 δ’

2195 3439 2280 3502 ἂν,
2311 3433 2482 3507 οἶμαι,
2528 3438 2633 3498 πᾶς
2652 3453 2735 3499 τις
2757 3436 2812 3488 ὲν
2844 3438 2955 3498 τοῖς
2984 3432 3242 3495 τοιούτοις
3269 3431 3399 3485 ὄντα
3432 3430 3653 3503 τρόποις
3678 3427 3773 3483 τὸν

2206 3528 2453 3599 Ἰσραήλ·
2509 3527 2604 3579 καὶ
2641 3526 2799 3596 θυμῷ
2843 3525 2941 3596 μὲν
2986 3526 3018 3595 ἢ
3057 3523 3301 3593 λογισμῷ
3348 3523 3427 3592 τῷ
3478 3521 3774 3591 καθήκοντι

2193 3618 2584 3689 διοικούμενονο
2635 3616 3030 3670 ἀπονενευκὸτα
3077 3615 3134 3667 δὲ
3179 3614 3299 3666 λίαν
3364 3615 3444 3675 είς
3494 3610 3772 3681 τδ’θρασῦ

2196 3710 2290 3763 καὶ
2319 3710 2615 3779 ἀνήμερον.
2649 3707 2936 3776 Τοιγάρτοι
2961 3706 3054 3759 καὶ
3090 3704 3415 3760 ἀπεκτόνασι
3448 3702 3545 3773 μὲν
3580 3701 3773 3770 ἁγίους

2195 3801 2477 3871 προφήτας
2496 3838 2511 3859 ,
2548 3798 2969 3867 δεδυσσεϐήκασι
2996 3797 3053 3849 δὲ
3079 3797 3174 3849 καὶ
3204 3797 3283 3858 είς
3320 3794 3480 3847 αὑτὸν
3520 3794 3577 3844 ὲν
3603 3794 3779 3862 ἐσχά-

2192 3905 2305 3948 τοις
2331 3888 2419 3940 τὸν
2456 3886 2819 3957 Ἐμμανουήλ.
2865 3887 2931 3938 Ἥ
2950 3885 3008 3937 δέ
3035 3902 3099 3952 γε
3117 3884 3348 3956 λειότης,
3381 3882 3772 3953 ἀνθρωποπρε-

2197 3978 2332 4043 ποῦς
2372 3979 2515 4041 ἰδέας
2556 3978 2782 4049 μήνυσις
2813 3977 3065 4048 ἐναργής.
3106 3975 3305 4036 ’Ἡπιος
3328 3973 3385 4025 δὲ
3411 3973 3641 4042 σφόδρα,
3669 3974 3771 4025 καὶ

2196 4071 2331 4124 πολὺ
2376 4072 2440 4142 δὴ
2478 4070 2595 4122 λίαν
2641 4067 2855 4139 βλέπων
2884 4064 2975 4120 ἐπὶ
3007 4066 3069 4118 τὸ
3092 4067 3320 4136 ἥμερον,
3357 4065 3385 4115 6
3422 4063 3540 4125 νέος
3578 4078 3637 4114 τε
3674 4064 3772 4115 κοιλ⁵

2193 4162 2253 4216 ὲν
2277 4161 2459 4214 πίστει
2486 4159 2632 4222 λαός.
2677 4157 2741 4209 Ἥ
2772 4157 2880 4227 γὰρ
2909 4155 3004 4208 τοῦ
3048 4156 3314 4223 στόματος
3345 4153 3649 4222 ἁστειότης,
3687 4153 3769 4214 εἰς

2196 4250 2513 4322 παράδειξιν
2566 4250 2718 4303 ἔσται
2769 4248 2915 4317 σαφῆ
2957 4246 3052 4300 τοῦ
3085 4244 3275 4316 νοητοῦ
3327 4262 3385 4296 τε
3425 4244 3518 4297 καὶ
3566 4242 3771 4295 ἔσωθεν

2194 4342 2443 4403 κάλλους.
2466 4340 2728 4408 Καθάπερ
2761 4338 2953 4408 ἀμέλει
2990 4337 3083 4390 καὶ
3105 4338 3162 4388 ἐν
3203 4331 3401 4397 Ἡσαῦ,
3437 4331 3769 4403 ἀγριότητος

2201 4429 2341 4485 εἶναι
2382 4431 2604 4501 σημεῖον
2652 4427 2963 4498 δεδώκαμεν
3012 4427 3072 4479 τὸ
3107 4425 3239 4479 δασύ
3287 4443 3345 4477 τε
3394 4424 3487 4477 καὶ
3518 4422 3766 4494 ἐρυθρόν.

522 4516 798 4588 pulorum.
828 4515 1101 4583 Quantum
1134 4517 1282 4572 enim
1312 4518 1509 4573 attinet
1532 4518 1599 4573 ad
1626 4518 1798 4588 ipsius
1830 4518 2092 4575 adventus

2204 4524 2347 4594 Πλὴν
2376 4522 2576 4592 ἀμφοῖν
2605 4521 2782 4591 μήτηρ
2808 4515 2877 4590 ἦν
2908 4517 3026 4588 μία,
3069 4518 3370 4581 τουτέστιν,
3398 4517 3431 4585 ἡ
3477 4514 3765 4567 Ῥεϐέκκα.

521 4620 747 4677 scopum
769 4646 783 4671 ,
841 4607 1096 4661 formavit
1118 4623 1215 4662 eos
1248 4608 1304 4661 in
1343 4623 1514 4662 unum
1542 4624 1747 4662 novum
1797 4608 2098 4677 hominem,

523 4695 863 4751 constituens
900 4710 1111 4763 pacem,
1146 4702 1201 4748 et
1252 4696 1551 4749 concilians
1587 4703 1851 4765 utrosque
1891 4696 1947 4751 in
1991 4713 2102 4754 uno

523 4784 742 4857 spiritu,
792 4783 936 4839 sicut
969 4783 1232 4853 scriptum
1270 4791 1356 4838 est
1377 4786 1439 4839 ".
1468 4784 1737 4840 Caeterum
1758 4795 1875 4841 erat
1894 4787 2105 4845 discors

523 4876 691 4933 Israel
716 4891 747 4930 a
782 4887 922 4928 novo
944 4874 1149 4943 populo
1170 4914 1185 4938 ,
1225 4875 1498 4931 exsistens
1535 4876 1840 4931 secundum
1885 4887 2104 4949 tempus

522 4968 636 5038 98
661 4966 1077 5036 primogenitus.
1113 4964 1227 5019 Hoc
1251 4965 1424 5031 enim,
1464 4976 1524 5022 ut
1575 4967 1835 5032 arbitror,
1890 4971 2099 5041 signifi-

525 5066 614 5112 cat
635 5055 779 5110 fetus
803 5054 858 5108 in
891 5063 1048 5109 utero
1080 5055 1411 5117 subsultare,
1434 5055 1674 5111 futuram
1696 5058 2101 5128 quodammodo

526 5142 869 5199 inimicitiam
927 5142 1316 5212 significantes.
1371 5142 1527 5209 Quod
1578 5161 1710 5201 vero
1758 5150 2103 5217 praestantior

526 5241 671 5289 esset
687 5234 903 5294 futurus
923 5247 1097 5286 novus
1119 5272 1133 5296 ,
1167 5232 1447 5303 multoque
1486 5233 1839 5290 celebriorem
1874 5238 2100 5307 gloriam

528 5330 923 5376 consecuturus
947 5336 1112 5391 quam
1137 5321 1298 5375 Israel
1320 5322 1737 5393 primogenitus,
1773 5325 2101 5396 significavit

532 5411 716 5467 statim
741 5409 785 5465 is
811 5411 900 5465 cui
921 5411 1105 5467 omnia
1135 5419 1263 5465 sunt
1289 5412 1587 5481 explorata,
1615 5414 1689 5468 ita
1713 5414 1907 5470 dicens
1941 5434 1953 5468 :
1988 5435 2006 5468 ι
2034 5417 2102 5470 Et

531 5500 767 5570 populus
788 5499 1051 5569 populum
1083 5501 1383 5568 superabit,
1405 5512 1461 5556 et
1486 5504 1658 5571 major
1680 5504 1885 5559 serviet
1922 5504 2102 5558 mino-

533 5591 582 5645 ri
609 5589 671 5644 ".
704 5609 724 5641 ι
750 5588 1077 5644 Praedictum
1109 5590 1257 5644 enim
1288 5600 1372 5646 est
1399 5591 1466 5645 de
1502 5592 1748 5662 utrisque
1781 5594 2101 5664 mysterium

606 5714 628 5745 '
652 5713 820 5768 llebr.
847 5728 899 5773 ι,
922 5712 1008 5765 56.
1093 5714 1131 5744 ¹⁹
1161 5714 1328 5769 Exod.
1362 5730 1433 5778 tv,
1469 5714 1556 5768 2'2.

542 5782 700 5839 Rom.
733 5800 806 5845 Ix,
839 5782 918 5835 10.

1639 5716 1698 5745 ¹⁰⁴
1727 5714 1829 5767 Isa.
1857 5731 2032 5779 xum,
2064 5716 2107 5769 ι.
2191 5719 2227 5748 ¹¹
2262 5717 2395 5775 Gen.
2424 5732 2543 5778 νιν,
2570 5714 2654 5766 23.

2197 4614 2513 4686 Παρέστησε
2536 4612 2592 4664 δὲ
2616 4612 2793 4681 ἐαυτῷ
2816 4613 2912 4681 τὴν
2963 4609 3290 4679 Ἐκκλησίαν
3313 4609 3341 4660 6
3369 4605 3570 4677 Κύριος
3607 4604 3770 4676 ἡμῶν

2209 4706 2416 4778 Ἰησοῦς
2497 4702 2731 4775 Χριστὸς
2798 4701 3065 4771 παρθένον
3142 4700 3311 4769 ἁγνὴν
3389 4696 3770 4767 ὑπηρετοῦσαν

2196 4797 2385 4869 ὥσπερ
2426 4796 2506 4859 είς
2565 4792 2917 4860 ἀναγέννησιν
2959 4790 3055 4861 τὴν
3103 4787 3476 4858 πνευματικὴν
3517 4786 3628 4839 τῶν
3677 4785 3769 4838 δύο

2196 4889 2360 4942 λαῶν.
2401 4888 2564 4940 Ὅσον
2583 4884 2690 4954 7&9
2713 4878 2847 4954 ἧκεν
2874 4885 2954 4945 εις
2973 4882 3065 4933 τὸν
3097 4880 3194 4947 τῆς
3223 4878 3519 4949 ἐπιδημίας
3543 4876 3765 4937 σκοπὸν,

2198 4981 2411 5034 ἔκτισεν
2440 4977 2635 5038 αὐτοὺς
2663 4977 2742 5038 είς
2770 4975 2865 5027 ἕνα
2909 4973 3093 5026 καινὸν
3138 4971 3446 5041 ἄνθρωπον,
3477 4968 3649 5020 ποιῶν
3692 4968 3767 5019 εί-

2202 5071 2406 5141 ρήνην,
2454 5068 2549 5119 καὶ
2601 5063 3095 5119 ἁποκαταλλάσσων
3135 5064 3260 5126 τοῦς
3316 5060 3662 5131 ἀμφοτέρους
3708 5059 3763 5109 ὲν

2199 5162 2279 5214 ἑνὶ
2322 5158 2588 5228 πνεύματι
2649 5156 2788 5209 κατὰ
2821 5155 2880 5207 τὸ
2931 5154 3338 5225 γεγραμμένον.
3384 5151 3522 5204 Ἀλλ’
3570 5147 3637 5221 ἦν
3680 5148 3767 5213 ἐξ·

2200 5250 2348 5319 ήνιος
2386 5248 2414 5299 ὁ
2458 5243 2675 5317 Ἰσραὴλ
2701 5244 2795 5297 καὶ
2832 5242 3157 5311 ἀσύμφωνος
3188 5242 3265 5311 τῷ
3314 5241 3423 5308 νέῳ
3453 5238 3589 5308 λαῷ,
3623 5236 3762 5289 κατὰ

2199 5337 2387 5408 χρόνον
2431 5334 2506 5387 ὢν
2532 5331 2893 5404 πρωτότοκος.
2929 5330 3087 5400 Δηλοῖ
3114 5329 3240 5399 γὰρ,
3258 5325 3409 5398 οἶμαί
3434 5327 3535 5380 πού
3569 5344 3639 5390 τι,
3671 5325 3763 5379 καὶ

2198 5429 2262 5481 τὸ
2295 5430 2351 5480 ἐν
2382 5427 2518 5495 αὐτῇ
2548 5426 2615 5494 τῇ
2642 5422 2793 5492 νηδύϊ
2834 5422 3165 5492 ἀνασκιρτᾷν
3194 5420 3262 5472 τὰ
3291 5420 3487 5490 βρέφη,
3512 5418 3609 5487 τὴν
3651 5419 3762 5468 ἐσο-

2207 5518 2372 5589 μένην
2411 5515 2597 5584 ὥσπερ
2627 5513 2823 5583 ἔχθραν
2866 5512 3325 5582 ύποσημαίνοντα.
3358 5510 3480 5562 ’Ότι
3511 5508 3568 5560 δὲ
3611 5505 3756 5575 ἀμεί·

2204 5624 2307 5662 νων
2348 5609 2376 5660 ὁ
2411 5605 2528 5666 νὲος
2570 5603 2743 5665 ἔσται,
2782 5603 2875 5656 καὶ
2913 5604 2971 5654 ὲν
3007 5600 3228 5670 εὐκλείᾳ
3261 5604 3328 5670 τῇ
3356 5598 3760 5669 προφερεστέρᾳ

2738 5716 2777 5743 ¹¹
2805 5714 3002 5783 Epiros.
3031 5728 3087 5776 ιι,
3125 5712 3203 5765 16.
3282 5711 3325 5742 ³³
3354 5710 3488 5765 Gen.
3516 5709 3762 5775 xxv,‘23;
