4056 6260
322 207 416 263 161
1347 195 1867 253 GLAPHYRORUM
2012 186 2313 246 GENESIM
2356 185 2485 241 LIB.
2531 185 2620 240 III.
3476 183 3578 240 £62

318 317 470 388 παρὰ
512 315 606 368 τὸν
643 277 877 385 ’Ἰσραὴλ
930 311 1020 364 τὸν
1084 311 1447 381 πρωτότοκον,
1516 308 1895 378 κατεσήμανεν

2007 304 2162 360 etiam
2194 318 2292 374 per
2311 317 2500 357 vocem
2528 310 2842 356 sanctorum
2863 340 2878 365 ,
2904 297 3157 370 quodque
3186 296 3350 353 Israel
3400 297 3575 368 genti-

320 406 479 469 εὐθὺς
512 405 542 457 6
572 404 754 458 πάντα
770 401 947 466 εἰδὼς,
974 400 1112 453 οὕτω
1135 399 1305 467 λέγων
1324 414 1338 427 ·
1382 399 1523 452 «Καὶ
1557 398 1586 449 6
1613 397 1739 459 λαὸς
1765 395 1895 449 λαοῦ

2007 396 2106 450 bus
2133 410 2165 448 a
2188 401 2342 463 tergo
2380 390 2665 462 ponendus
2681 401 2847 455 esset,
2877 389 3227 445 multifariam
3257 388 3418 444 nobis
3433 402 3576 458 pra:-

324 492 602 565 ὓπερέξει,
655 493 754 545 καὶ
804 493 833 544 6
879 490 1081 560 μείζων
1134 486 1408 541 δουλεύσει
1453 486 1532 558 τῷ
1571 486 1841 540 ἐλάσσονι.
1870 504 1891 534 ›

2007 485 2308 542 nuntiatum
2345 492 2448 549 est,
2483 484 2594 538 Deo
2616 499 2732 537 rem
2768 483 2823 537 in
2845 484 2964 554 ipso
2994 482 3158 538 etiam
3203 489 3363 552 partu
3389 487 3577 534 osten-

324 583 774 655 Ιίροεκηρύττετο
816 581 914 652 μὲν
958 580 1066 650 γάρ
1110 579 1173 632 τὸ
1206 579 1296 630 ἐπ’
1349 579 1551 648 ἀμφοῖν
1603 578 1901 647 μυστήριον

2007 577 2186 632 dente.
2225 576 2382 631 Prior
2412 575 2559 630 enim
2589 575 2647 630 in
2684 576 2861 630 lucem
2884 574 3090 645 prodiit
3115 590 3183 629 ex
3207 583 3363 629 utero
3408 572 3574 635 Esau,

327 676 421 727 καὶ
463 674 556 726 διά
612 672 790 741 φωνῆς
835 670 1040 737 ἁγίων·
1092 669 1186 722 καὶ
1244 668 1327 721 ὅτι
1374 667 1603 721 κατόπιν
1636 666 1757 735 ἥξει
1795 664 1903 719 τῶν

2007 677 2225 723 secutus
2252 676 2436 722 autem
2473 677 2558 722 est
2587 666 2777 733 Iacob,
2802 667 2933 737 quia
2969 665 3341 739 supplantabit
3374 672 3430 719 et
3457 662 3578 716 vin-

328 764 501 816 ἐθνῶν
525 765 554 816 6
588 761 817 834 Ἰσραὴλ,
837 759 1189 829 πολυτρόπως
1220 760 1356 829 ήμῖν
1384 757 1862 829 προεπηγγέλλετο
1886 773 1900 787 ο

2007 767 2090 813 cet
2127 757 2384 825 fratrem,
2417 759 2563 829 quod
2611 774 2709 829 per
2747 758 2989 813 calcanei
3022 759 3143 829 ejus
3180 753 3576 828 apprehensio-

330 851 467 904 Θεοῦ
502 852 556 904 δὲ
583 851 644 903 τὸ
669 851 856 921 χρῆμα
881 850 977 902 καὶ
1001 851 1059 901 ἐν
1083 848 1233 918 αὐτῷ
1265 846 1344 917 τῷ
1377 847 1518 917 τόκῳ
1545 847 1905 914 δεικνύοντος,

2007 864 2129 904 nem
2156 849 2512 920 significatur.

334 943 685 1016 προεξέπιπτε
733 943 831 1013 μὲν
873 942 971 1013 τῆς
1010 941 1201 1013 νηδύος
1238 944 1267 994 6
1314 940 1504 1006 Ἠσαῦ,
1551 942 1736 995 εἵπετο
1776 942 1832 996 δὲ
1865 945 1895 996 6
1938 943 2169 1011 Ἰακὼϐ,
2235 946 2317 999 ὅτι
2363 947 2604 1014 πτερνιεῖ
2642 946 2737 1000 καὶ
2780 946 2995 1017 νικήσει
3039 944 3133 998 τὸν
3195 944 3460 1015 ἀδελφὺν,
3490 941 3578 998 διά

330 1036 418 1088 τοῦ
445 1036 538 1105 τῆς
563 1035 799 1106 πτέρνης
825 1032 1156 1103 ἐπειλῆφθαι
1184 1032 1553 1096 καταδεικνύς.

392 1134 460 1193 γ’.
491 1127 597 1179 Καὶ
621 1126 777 1179 ταυτί⁸
808 1125 908 1196 μὲν
940 1123 1203 1197 εἰρήσθω,
1229 1123 1366 1195 πρὸς
1389 1123 1452 1176 τὸ
1481 1122 1658 1193 παρὸν
1697 1121 1792 1176 τοῦ
1819 1123 1906 1177 λό-

2068 1129 2122 1183 5.
2140 1129 2319 1199 Atque
2342 1128 2458 1183 bzec
2488 1126 2710 1197 quidem
2758 1126 3232 1197 inpraesentiarum
3293 1123 3439 1178 dicta
3468 1121 3579 1177 sint

291 1233 415 1300 _you
458 1216 553 1278 τὰς
586 1215 850 1286 ἀφορμάς
882 1216 991 1268 ἀπό
1036 1231 1098 1267 τε
1145 1215 1246 1283 τῆς
1288 1213 1395 1266 τῶν
1452 1214 1722 1284 σωμάτων
1759 1214 1904 1277 ἰδέας

2007 1225 2219 1289 arrepta
2248 1218 2538 1273 occasione
2576 1232 2609 1272 a
2641 1231 2934 1286 corporum
2964 1215 3137 1285 ﬁgura
3163 1222 3328 1282 atque
3362 1228 3429 1267 ex
3458 1212 3579 1281 ipso

293 1308 412 1389 ξκαὶ
439 1305 605 1360 αὐτοῦ
630 1307 726 1360 τοῦ
757 1308 918 1360 τόκου
959 1304 1348 1377 λαμϐάνοντος.
1379 1305 1489 1357 Καὶ
1516 1304 1583 1357 δι’
1606 1304 1810 1375 ἐτέρων
1843 1303 1903 1356 δέ

2007 1320 2182 1382 partu.
2206 1312 2310 1367 Per
2340 1311 2475 1366 alias
2505 1324 2638 1364 vero
2663 1304 3021 1363 nihilominus
3048 1306 3408 1376 cogitationes
3443 1318 3579 1358 eun-

322 1399 470 1452 οὒδὲν
492 1393 656 1470 ἦττον
692 1398 863 1460 ἰόντες
911 1396 1153 1460 ἐννοιῶν,
1186 1397 1319 1468 φέρε
1359 1396 1604 1466 λέγωμεν
1638 1397 1709 1459 ὡς
1735 1396 1903 1451 ἐνιτά

2007 1412 2083 1458 tes
2123 1404 2191 1458 de
2227 1404 2475 1471 utrisque
2518 1400 2700 1471 quoad
2735 1401 2856 1471 ejus
2910 1399 3027 1454 ﬁeri
3077 1405 3276 1469 potest,
3310 1397 3577 1452 dicamus.

322 1492 402 1543 ἐπ’
439 1490 661 1559 ἀμφοῖν.
706 1490 962 1560 Μήνυσις
988 1488 1097 1559 γὰρ
1136 1487 1288 1541 ἔσται
1326 1487 1425 1557 τῆς
1465 1488 1722 1557 ἐκατέρου
1757 1488 1897 1556 γνὼο

2007 1495 2133 1549 Nam
2158 1493 2274 1563 ipse
2304 1492 2469 1546 etiam
2499 1506 2692 1547 eorum
2722 1491 2849 1546 vitae
2868 1490 3084 1565 modus,
3107 1489 3393 1557 utriusque
3424 1502 3579 1542 men-

328 1597 456 1649 μης,
478 1579 575 1631 καλ⁵
593 1577 754 1640 αὐτὸς
782 1580 810 1630 ὁ
836 1576 934 1630 τοῦ
962 1576 1076 1647 βίου
1116 1578 1332 1648 τρόπος.
1375 1578 1634 1648 ’ἰσήλικες
1664 1580 1764 1647 μὲν
1790 1577 1899 1650 γὰρ

2007 1585 2079 1638 tis
2122 1582 2287 1637 inde:
2330 1582 2519 1638 fuerit.
2569 1580 2847 1637 Coaetanei
2887 1580 3037 1634 enim
3071 1579 3216 1634 inter
3274 1592 3333 1632 se
3354 1578 3583 1648 juvenes

328 1668 578 1738 ἀλλήλοιν
600 1668 650 1719 οἰ
680 1667 906 1731 νεανίαι,
940 1666 1078 1737 πλὴν
1109 1667 1210 1720 οὐκ
1256 1666 1639 1737 ἰσογνώμονες,
1676 1667 1800 1720 οὐδέ
1840 1670 1900 1720 ἐν

334 1758 550 1827 βουλαῖς
598 1755 1058 1826 ἀπαραλλάκτοις.
1112 1753 1171 1806 '0
1216 1753 1314 1824 μὲν
1362 1753 1471 1823 γάρ
1516 1752 1685 1805 Ἦσαιῦ
1716 1752 1814 1815 τὰς
1844 1753 1901 1807 ἐν

332 1848 519 1915 ἀγροῖς
546 1845 638 1897 καί
671 1843 863 1915 θήραις
897 1843 1091 1911 ἠγάπα
1137 1842 1453 1912 διατριϐάς·
1485 1843 1514 1894 6
1542 1841 1599 1893 δέ
1635 1836 1706 1912 ἦν
1741 1842 1898 1893 ἁστι-

330 1938 442 1999 κὸς,
486 1935 808 2006 εὐπρόσιτος
850 1934 1094 2005 δηλονότι
1141 1933 1236 1986 καὶ
1273 1933 1608 1996 κοινωνικὸς,
1642 1934 1737 1986 καὶ
1764 1932 1903 2002 ἀνὴρ

326 2028 597 2091 ἄπλαστος
647 2027 813 2081 οἰκῶν
863 2025 1060 2079 οἰκίαν.
1100 2026 1212 2078 Καὶ
1251 2026 1281 2077 6
1336 2025 1434 2095 μὲν
1478 2024 1777 2088 ἀκάθεκτος
1825 2024 1904 2085 εἰς

326 2119 624 2190 ἐπιθυμίας
659 2117 949 2188 σαρκικάς,
977 2118 1067 2169 καὶ
1094 2116 1202 2169 τῶν
1246 2116 1388 2183 ἄγαν
1411 2115 1807 2169 εὐτελεστάτων
1832 2114 1903 2168 τά

325 2210 594 2267 κάλλιστα
625 2207 736 2261 τῶν
774 2207 918 2261 ἰδίων
957 2205 1133 2278 γερῶν
1168 2207 1398 2261 κατόπιν
1429 2208 1617 2278 ὥσπερ
1647 2207 1766 2270 ἰεὶς,
1808 2208 1902 2260 καὶ

321 2301 392 2353 τά
418 2299 606 2370 ψυχρά
636 2315 696 2352 τε
723 2298 814 2353 καὶ
858 2297 1036 2351 εῦωνα
1062 2296 1170 2350 τῶν
1213 2297 1531 2366 ἀναγκαίων
1554 2297 1898 2367 ἀντωνούμε-

324 2409 432 2454 νος.
471 2391 532 2444 Ὀ
568 2391 626 2444 δέ
663 2390 774 2443 τῶν
821 2388 1057 2460 ἀρίστων
1085 2387 1362 2459 ἄπληστος
1399 2388 1655 2461 ἐραστὴς,
1690 2389 1785 2441 καὶ
1832 2387 1902 2440 τά

325 2483 391 2535 δι’
424 2475 500 2537 ὧν
535 2481 602 2536 ἂν
642 2480 856 2550 γένοιτο
903 2480 1154 2551 λαμπρὸς
1200 2480 1538 2551 πανταχόθεν
1592 2479 1897 2549 ἀναζητῶν.

338 2573 657 2644 Ἐξεπρίατο
701 2573 813 2644 γάρ
872 2572 963 2639 τὰ,
1001 2573 1341 2644 πρωτοτόκια
1395 2572 1904 2644 παραρῤιπτοῦντος

327 2664 465 2718 αὑτά
506 2661 600 2717 τοῦ
642 2663 834 2729 Ἡσαῦ,
881 2663 977 2717 καὶ
1024 2664 1116 2716 τὸν
1162 2662 1262 2731 τῆς
1300 2664 1537 2733 γαστρὸς
1580 2663 1742 2731 κόρον
1792 2661 1903 2716 τῶν

332 2757 476 2810 ἰδίων
503 2755 827 2826 ἀξιωμάτων
859 2754 1149 2826 ἀτημελῶς
1179 2755 1662 2826 προτετιμηκότος.
1690 2754 1903 2824 Ταύτῃ·-

332 2865 413 2901 τοι
434 2846 615 2899 λοιπὸν
647 2845 854 2917 ἐκλήθη
886 2844 949 2898 τὸ
979 2845 1149 2915 ὄνομα
1179 2845 1345 2898 αὑτοῦ
1388 2844 1581 2915 Ἐδὼμ.
1629 2843 1897 2909 τουτέστι,
1926 2884 1970 2941 c

330 2940 558 3011 γήϊνος.
583 2938 775 3008 Γηῖνου
809 2937 921 3008 γὰρ
949 2937 1164 3008 ἀληθῶς
1193 2937 1287 2991 καὶ
1317 2936 1741 3007 χθαμαλωτάτου
1769 2952 1902 3006 φρο-

330 3032 573 3104 νήματος
609 3029 823 3099 ἐλεγχος
861 3028 1122 3100 ἐναργὴς,
1169 3028 1231 3081 τδ
1282 3026 1549 3096 ἀλογῆσαι
1590 3026 1691 3096 μὲν
1745 3024 1902 3090 δόξης

328 3123 432 3192 τῆς
479 3120 700 3192 ἐνούσης
749 3118 919 3188 αὐτῷ,
958 3120 1054 3171 καὶ
1100 3117 1168 3171 τά
1196 3115 1296 3186 τῆς
1338 3115 1591 3185 γνώσεως
1638 3113 1902 3184 πρεσϐεῖα

328 3214 460 3285 παρ’
496 3213 645 3267 οὐδὲν
676 3212 947 3266 ποιεῖσθαι
976 3209 1280 3276 παντελῶς,
1319 3206 1637 3263 ἀνθελέσθαι
1673 3205 1730 3259 δέ
1762 3203 1897 3275 μᾶλ-

328 3303 419 3358 λον
444 3304 520 3367 ὡς
546 3301 753 3374 ἀμείνω
798 3299 894 3354 καὶ
944 3299 1384 3372 προφερεστέραν
1429 3296 1526 3368 τὴν
1571 3296 1901 3366 πρόσκαιρον

327 3395 545 3466 ήδονὴν,
583 3395 678 3448 καὶ
708 3392 770 3447 τὸ
811 3392 1124 3463 παραυτίκα
1153 3390 1383 3462 τερπνὸν
1414 3388 1579 3459 ψήφῳ
1604 3385 1901 3454 στεφανοῦν

328 3489 395 3557 τῇ
427 3486 718 3559 κρείττονι,
771 3484 868 3537 καὶ
904 3484 952 3535 εἰ
1008 3481 1210 3553 πολλὴν
1245 3481 1358 3551 ἔχοι
1388 3484 1488 3549 τὴν
1515 3478 1742 3549 ζημίαν.
1775 3477 1899 3530 Τοι-

330 3577 523 3649 γάρτοι
552 3577 648 3630 καὶ
671 3579 700 3630 ὁ
729 3574 1016 3638 θεσπέσιος
1043 3573 1283 3637 Παῦλος,
1308 3571 1504 3642 πόρνον
1535 3586 1593 3622 τε
1618 3569 1711 3622 καὶ
1742 3567 1900 3639 βέϐη-

329 3668 421 3722 λον
456 3668 549 3720 τὸν
583 3666 757 3729 οὕτως
797 3664 1037 3735 αἰσχρῶς
1076 3661 1319 3717 διαϐιοῦν
1351 3660 1644 3732 ᾑρημένον,
1676 3660 1899 3723 εἰκότως

329 3757 617 3812 ἀπεκάλει.
674 3757 858 3809 Τῦπον
904 3755 1092 3826 ὥσπερ
1150 3754 1271 3807 τινὰ
1312 3753 1419 3806 τῶν
1452 3754 1533 3816 εἰς
1575 3750 1734 3804 τοῦτο
1759 3766 1898 3820 φαυ-

330 3849 553 3921 λότητος
629 3848 1114 3919 κατωλισθηκότων
1177 3845 1499 3918 παρατιθεὶς
1546 3844 1638 3897 τὸν
1706 3840 1899 3906 Ἠσαῦ,

331 3940 425 3993 καὶ
440 3937 574 4007 γοῦν
584 3936 647 3991 τὸ
661 3937 915 4008 ἀχάλινον
938 3940 1015 4000 εἰς
1031 3936 1190 3989 ἐπιθυ
1200 3936 1346 4007 μίας,
1369 3932 1638 4004 σαρκικάς
1660 3930 1901 4000 δηλονότι

332 4032 426 4086 καὶ
440 4031 840 4101 γεωδεστέρας,
863 4029 1139 4101 ἐπίκλημα
1168 4028 1260 4082 καὶ
1281 4026 1498 4098 γραφὴν
1532 4025 1787 4084 ἐποιεῖτο,
1816 4019 1905 4072 λέ-

331 4139 448 4191 γων
469 4136 484 4150 ⁸
521 4141 540 4174 ι
579 4123 673 4193 Μή
706 4138 791 4185 τις
820 4120 1016 4192 πόρνος
1052 4120 1084 4189 ἢ
1112 4118 1338 4190 βέϐηλος
1366 4117 1439 4179 ὡς
1471 4112 1666 4177 Ἠσαῦ,
1703 4112 1760 4176 ὃς
1784 4111 1904 4165 ἀντὶ

2004 1686 2182 1739 erant,
2202 1675 2297 1730 sed
2327 1690 2438 1729 non
2471 1663 2717 1745 ejusdem
2747 1673 2916 1726 animi
2953 1680 3118 1741 atque
3167 1671 3470 1725 sententias.
3493 1667 3581 1723 Si-

2005 1768 2226 1839 quidem
2265 1767 2409 1822 Esau
2437 1767 2493 1820 in
2530 1766 2677 1835 agris
2697 1764 3037 1829 versabatur,
3067 1772 3123 1818 et
3160 1762 3449 1817 venatione
3482 1760 3581 1814 de-

2005 1857 2341 1913 lectabatur:
2377 1856 2468 1909 hic
2495 1870 2627 1910 vero
2658 1863 2776 1909 erat
2806 1855 3051 1909 urbanus
3073 1894 3088 1918 ,
3123 1853 3375 1923 placidus
3413 1851 3579 1905 nimi-

2006 1961 2130 2001 rum
2157 1952 2213 2000 et
2238 1944 2515 1998 societatis
2532 1942 2828 2008 studiosus,
2870 1953 2926 1998 et
2954 1943 3036 1997 vir
3076 1942 3306 2011 simplex
3329 1941 3583 1995 habitans

2006 2035 2253 2091 domum.
2297 2033 2475 2103 Atque
2515 2033 2605 2087 ille
2668 2031 2890 2101 quidem
2930 2030 3243 2085 carnalibus
3294 2028 3583 2083 desideriis

2007 2127 2229 2183 deditus
2264 2135 2404 2189 erat,
2454 2133 2511 2179 et
2551 2123 2834 2178 vilissimis
2887 2121 3054 2176 rebus
3104 2119 3584 2190 praestantissima

2006 2236 2133 2275 suas
2152 2220 2308 2275 dotes
2344 2216 2726 2288 postponebat,
2766 2213 3069 2283 frivolaque
3101 2219 3157 2267 et
3175 2209 3354 2267 facilia
3390 2218 3583 2279 paratu

2007 2327 2132 2367 cum
2184 2311 2253 2365 iis
2302 2325 2424 2380 quae
2464 2306 2773 2363 necessaria
2808 2312 2997 2369 erant,
3036 2302 3307 2373 imprimis
3342 2315 3581 2355 commu-

2007 2403 2175 2457 tabat.
2200 2400 2300 2455 Hic
2326 2414 2458 2454 vero
2481 2398 2817 2467 Optimorum
2858 2394 3185 2450 insatiabilis
3229 2400 3440 2448 amator
3464 2432 3479 2455 ,
3513 2391 3581 2446 ad

2007 2506 2072 2546 ea
2104 2506 2202 2560 per
2230 2504 2352 2559 quae
2379 2488 2607 2542 illustris
2624 2486 2900 2550 evaderet,
2920 2499 3130 2539 summa
3155 2483 3322 2538 animi
3360 2490 3588 2537 conten-

2009 2583 2156 2636 tione
2176 2580 2507 2635 enitebatur.
2536 2578 2681 2632 Emit
2704 2578 2851 2632 enim
2884 2576 3265 2646 primogenita,
3304 2574 3582 2645 rejiciente

2007 2688 2072 2727 ea
2100 2672 2242 2726 Esau
2262 2712 2278 2738 ,
2323 2679 2380 2726 et
2408 2669 2618 2724 ventris
2661 2668 2965 2723 satietatem
2997 2667 3230 2737 propriae
3263 2680 3374 2720 suae
3405 2664 3585 2735 digni-

2009 2764 2106 2820 tati
2131 2762 2490 2818 antel‘erente.
2528 2761 2736 2815 Idcirco
2758 2766 3011 2814 vocatum
3033 2766 3119 2812 est
3147 2755 3345 2810 exinde
3386 2771 3583 2809 nomen

2008 2855 2128 2925 ejus
2158 2854 2346 2915 Edam,
2389 2853 2493 2906 hoc
2513 2859 2618 2914 est,
2646 2858 2905 2903 terrenus.
2942 2846 3171 2901 Tcrreni
3214 2845 3362 2900 enim
3396 2859 3584 2897 revera

2005 2944 2313 3014 abjectique
2366 2942 2534 2996 animi
2584 2947 2965 3010 argumentum
3026 2944 3147 2990 erat
3193 2935 3444 3005 gloriam,
3478 2949 3583 3004 qua

2003 3034 2270 3106 praeditus
2302 3040 2445 3095 erat,
2497 3029 2861 3098 vilipendere,
2908 3036 2965 3081 et
3018 3025 3463 3095 primogenitum
3499 3024 3583 3078 di-

2003 3125 2266 3196 gnitatem
2294 3123 2452 3177 nihili
2485 3120 2686 3186 facere,
2715 3126 2771 3174 et
2809 3117 3195 3189 temporariam
3244 3116 3582 3187 voluptatem

2002 3216 2278 3287 potiorem
2332 3211 2897 3284 praestabilioremque
2940 3208 3171 3273 ducere,
3226 3207 3394 3263 etiam
3458 3222 3583 3262 cum

2001 3308 2202 3364 damno
2231 3307 2598 3377 conjunctam.
2648 3303 2861 3359 Idcirco
2901 3303 3067 3359 etiam
3122 3300 3344 3357 divinus
3384 3301 3584 3358 Paulus

2000 3400 2389 3455 fornicatorem
2416 3404 2476 3451 et
2502 3395 2790 3466 profanum
2825 3410 2953 3450 eum
2988 3394 3084 3466 qui
3114 3394 3253 3450 adeo
3281 3401 3444 3465 turpe
3465 3394 3590 3448 vitm

2001 3488 2313 3543 institutum
2360 3485 2612 3557 elegerit,
2667 3484 2869 3540 merito
2905 3486 3158 3540 vocavit:
3191 3493 3379 3557 typum
3417 3484 3584 3538 veluti

2000 3579 2292 3651 quemdam
2325 3594 2538 3641 eorum,
2570 3576 2665 3647 qui
2693 3577 2748 3632 in
2776 3577 2917 3632 hanc
2939 3576 3242 3647 nequitiam
3264 3576 3403 3646 lapsi
3431 3584 3583 3637 sunt,

2000 3680 2250 3728 statuens
2286 3671 2450 3724 Esau.
2481 3668 2593 3739 99
2627 3668 2790 3739 Atqui
2820 3668 3082 3725 eﬂ'renem
3107 3666 3374 3737 impetum
3407 3666 3474 3718 ad
3494 3664 3582 3717 de-

2001 3763 2202 3818 sideria
2230 3761 2467 3817 carnalia
2508 3760 2766 3815 nimirum
2795 3768 2959 3830 atque
2982 3769 3199 3815 terrena
3231 3758 3468 3819 incusat,
3501 3754 3581 3807 di-

2002 3868 2130 3907 cens
2164 3869 2177 3904 :
2212 3871 2230 3902 ι
2257 3852 2335 3906 Ne
2387 3852 2513 3921 quis
2546 3833 2844 3904 fornicator
2890 3856 2988 3901 aut
3023 3846 3285 3915 profanus
3348 3852 3408 3899 ut
3444 3844 3584 3898 Esau

2003 3942 2098 4011 qui
2147 3956 2372 4010 propter
2436 3954 2601 3993 unam
2643 3953 2826 3992 escam
2892 3934 3145 3990 vendidit
3185 3935 3583 4006 primogenitu-

2005 4047 2124 4086 ram
2161 4032 2223 4083 “.
2270 4049 2287 4081 ι
2320 4028 2687 4096 Quamobrem
2729 4027 2775 4082 si
2811 4027 3007 4082 horum
3029 4027 3293 4097 juvenum
3338 4026 3586 4081 moribus

2005 4136 2388 4192 comparemus
2448 4120 2688 4177 Judaicse
2747 4120 2872 4175 vitae
2915 4120 3173 4176 tenebras
3224 4128 3280 4173 et
3338 4119 3584 4190 gentium

334 4212 594 4283 βρώσεως
619 4215 747 4283 μιᾶς
788 4212 1019 4266 ἀπέδοτο
1052 4211 1118 4264 τά
1146 4207 1491 4281 πρωτοτόκια
1511 4203 1730 4258 αὑτοῦ.»
1765 4204 1905 4256 Οὐκ-

2008 4216 2377 4273 multitudinis
2418 4215 2716 4286 puritatem
2765 4222 2929 4283 atque
2974 4211 3387 4282 ingenuitatem,
3434 4221 3583 4267 recte

331 4305 428 4358 οῦν
474 4307 590 4367 τοῖς
640 4304 747 4357 τῶν
782 4303 1079 4357 νεανίσκων
1125 4300 1348 4371 τρόποις
1385 4295 1906 4369 ἀντιπαρεξάγοντες

334 4395 582 4466 ἀκριϐῶς
615 4395 706 4447 καὶ
752 4397 849 4464 τῆς
887 4394 1185 4462 Ἰουδαϊκῆς
1235 4389 1506 4453 πολιτείας
1552 4388 1643 4443 τὸν
1696 4388 1908 4453 σκότον,

335 4490 432 4541 καὶ
465 4486 567 4555 τῆς
598 4486 657 4551 ἐξ
688 4485 854 4541 ἐθνῶν
882 4486 1120 4556 πληθύος
1155 4484 1215 4536 τὸ
1255 4481 1542 4552 εἰλικρινὲς
1570 4482 1665 4534 καὶ
1694 4480 1907 4534 ἐλεύθε-

341 4595 455 4646 ρον,
487 4581 557 4632 τὰ
598 4578 786 4643 εἰκότα
835 4576 1103 4649 λέγωμεν.
1159 4570 1267 4627 Ἦν
1317 4574 1414 4644 μὲν
1458 4574 1565 4644 γὰρ
1610 4576 1638 4628 6
1698 4572 1915 4645 Ἰσραὴλ

338 4671 596 4741 ἄγροικός
623 4687 683 4722 τε
707 4671 800 4724 καὶ
819 4668 1191 4738 γεωδεστέραν
1213 4665 1348 4737 ἔχων
1378 4666 1476 4737 τὴν
1504 4666 1693 4736 φρένα,
1712 4664 1916 4736 γαῦρός

337 4778 396 4814 τε
424 4763 516 4816 καὶ
540 4762 925 4833 φιλοπόλεμος,
957 4760 1052 4813 καὶ
1076 4758 1211 4811 πολὺ
1246 4758 1365 4823 λίαν
1407 4757 1807 4826 ἀνεπτοημένος
1840 4756 1917 4819 εἰς

342 4854 672 4921 μιαιφονίας,
714 4853 857 4906 κατὰ
900 4850 991 4903 τὸν
1031 4847 1286 4917 ἄγροικόν
1330 4863 1388 4899 τε
1435 4847 1528 4900 καὶ¹
1575 4845 1919 4916 θηριοκτόνον

352 4942 542 4997 Ἠσαῦ.
597 4946 709 4998 Καὶ
753 4942 884 5011 γοῦν
914 4940 1249 5013 προφητικδς
1299 4938 1399 5009 μὲν
1447 4939 1629 5002 αὐτοῖς
1674 4937 1917 4992 ἐνεκάλει

338 5033 517 5102 λόγος,
548 5037 633 5089 ὅτι
670 5055 689 5088 ι
727 5035 968 5105 Παγίδας
999 5033 1233 5099 ἔστησαν
1270 5030 1579 5101 διαφθεῖραι
1624 5030 1843 5100 ἄνδρας.
1891 5049 1912 5081 s

340 5127 510 5190 Αὐτὸς
538 5128 597 5181 δὲ
640 5130 670 5180 6
708 5127 943 5199 Χριστὸς
988 5125 1231 5194 ἐπηρᾶτο
1276 5123 1472 5190 λέγων,
1516 5124 1597 5175 ὅτι
1635 5139 1652 5173 t
1704 5125 1919 5193 Δωρεὰν

341 5216 586 5289 ἐκρυψάν
617 5236 708 5289 μοι
736 5218 1033 5289 διαφθοράν
1068 5215 1295 5282 παγίδος
1319 5214 1518 5277 αὐτῶν,
1557 5215 1733 5283 μάτην
1767 5215 1920 5268 ὠνεί-

338 5306 492 5362 δισαν
518 5308 620 5381 τὴν
651 5310 833 5379 ψυχήν
878 5326 1002 5377 μου.
1049 5306 1281 5360 Ἐλθέτω
1312 5307 1496 5368 αὐτοῖς
1545 5307 1709 5374 παγίς
1747 5306 1814 5377 ἣν
1858 5306 1919 5359 οὐ

344 5397 677 5463 γινώσκουσι
737 5399 834 5451 καὶ
879 5399 913 5464 ἠ
968 5397 1109 5469 θήρα
1156 5398 1224 5468 ἢν
1279 5395 1560 5468 ἔκρυψαν,
1613 5396 1920 5450 συλλαϐέτω

452 5578 494 5610 ⁸⁸⁵
519 5578 687 5633 Hebr.
722 5591 819 5638 xu,
852 5575 916 5629 16
936 5617 949 5640 ,
1015 5574 1148 5629 Cen.
1172 5592 1292 5640 xxv,
1321 5576 1411 5628 33.

1527 5573 1567 5604 ”’
1591 5574 1790 5627 Jercm.
1853 5591 1904 5638 γ,
1940 5574 2028 5627 26.

2005 4311 2328 4366 dixerimus.
2365 4308 2499 4363 Erat
2546 4306 2695 4361 enim
2745 4305 2911 4361 Israel
2945 4303 3207 4375 agrestis,
3266 4311 3323 4358 et
3368 4310 3582 4357 terrena

2007 4412 2190 4457 mente
2238 4399 2519 4470 praeditus,
2573 4397 2969 4468 superbusque,
3022 4405 3078 4452 et
3118 4395 3474 4451 dissidiorum
3519 4409 3583 4449 ac

2008 4492 2143 4548 belli
2191 4491 2493 4554 studiosus,
2536 4488 2702 4559 atque
2765 4488 2832 4542 ad
2877 4489 3214 4543 fundendum
3265 4487 3583 4557 sanguinem

2010 4597 2220 4654 pronus
2257 4580 2512 4645 maxime,
2567 4578 3025 4650 quemadmodum
3073 4578 3313 4633 ferarum
3370 4576 3582 4633 occisor

2013 4672 2179 4727 Esau.
2196 4669 2352 4726 Unde
2370 4668 2536 4724 etiam
2557 4668 2825 4739 propheta
2840 4667 2974 4739 ipsis
2993 4667 3279 4723 inclamat:
3307 4666 3583 4737 «Laqueos

2013 4772 2321 4837 posuerunt
2371 4764 2438 4818 ad
2483 4762 2915 4832 corrumpendos
2957 4761 3106 4817 viros
3142 4763 3205 4814 ¹³.
3250 4780 3270 4808 ι
3329 4758 3584 4813 Christus

2012 4872 2145 4911 vero
2171 4855 2373 4911 alicubi
2406 4856 2473 4911 de
2512 4854 2680 4925 ipsis:
2709 4873 2727 4905 ι
2767 4853 3035 4920 Quoniam
3072 4851 3240 4922 gratis
3274 4847 3582 4902 absconde-

2014 4955 2145 5000 runt
2159 4945 2292 4999 mihi
2310 4945 2591 5000 interitum
2615 4943 2794 5012 laquei
2812 4943 2918 5006 sui,
2933 4950 3269 5008 supervacue
3287 4935 3583 5004 exprobra-

2015 5042 2147 5088 runt
2175 5034 2413 5089 animam
2441 5032 2842 5088 meam.Veniat
2864 5030 2971 5083 illis
2995 5028 3225 5098 laqueus
3255 5041 3416 5093 quem
3432 5025 3583 5095 igno-

2017 5135 2160 5190 rant,
2182 5134 2297 5181 rete
2322 5124 2471 5193 quod
2512 5123 2922 5178 absconderunt
2949 5114 3325 5189 apprehendat
3357 5129 3452 5167 eos
3481 5115 3576 5167 ιο.»

2018 5216 2285 5271 Miserum
2305 5214 2453 5269 enim
2478 5215 2741 5283 quosdam
2775 5212 3195 5267 Pharisaeorum,
3222 5217 3346 5256 cum
3382 5203 3449 5257 iis
3488 5205 3581 5274 qui

2016 5317 2282 5381 vocantur
2320 5305 2643 5369 IIerodiani;
2693 5304 2749 5357 hi
2781 5316 2915 5355 vero
2951 5306 3081 5353 sunt
3115 5292 3445 5348 tributorum
3488 5310 3581 5349 co—

2017 5410 2251 5463 actores,
2271 5408 2360 5450 ten
2369 5404 2543 5448 tantes
2559 5410 2621 5448 ac
2637 5395 2879 5448 dicentes
2898 5409 2910 5445 :
2932 5412 2949 5444 ‹
2961 5390 3017 5447 Si
3033 5389 3163 5445 licet
3176 5383 3443 5440 tributum
3458 5386 3587 5442 dam

2147 5572 2187 5601 ¹⁶
2207 5568 2558 5625 Psal.-xxx1v,
2589 5564 2701 5628 7,8.
