4056 6260
552 271 655 327 155

1587 265 1643 321 S.
1683 263 1957 320 CYBILLI
1987 255 2458 320 ALEXANDRINI
2492 254 2804 311 ARCHIEP.

3695 245 3789 302 164

550 382 754 442 Caesari
779 382 822 414 ¹⁷
842 382 891 437 ?o
928 383 1117 438 Nonne
1148 381 1311 452 igitur
1331 390 1559 435 venator
1595 395 1789 434 revera
1820 388 1904 433 est
1929 378 2113 432 lsrael.

2223 370 2435 433 αὐτούς.
2463 389 2481 421 ι
2510 369 2846 439 ’Πεπόμφασι
2877 364 2985 436 γὰρ
3011 364 3121 417 τῶν
3146 361 3455 434 Φαρισαίων
3481 359 3791 452 τινὰς-μετὰ

550 472 737 530 Novus
767 480 949 529 autem
995 488 1092 543 per
1131 472 1290 527 ﬁdem
1341 471 1609 541 populus,
1663 468 2124 540 quemadmodum

553 564 773 621 divinus
795 564 983 629 Jacob,
1002 564 1328 619 urbanuset
1346 563 1701 619 domesticam
1722 562 1889 616 vitam
1914 574 2122 624 amans,

551 654 670 709 miti
691 671 754 710 ac
788 656 977 711 sedato
1005 656 1212 723 animo,
1267 655 1516 725 simplex,
1560 654 1898 723 minimeque
1935 666 2127 707 versu-

552 757 660 810 tus,
690 765 707 799 ι
746 746 1259 812 habitansdomum,
1286 765 1306 798 ι
1340 754 1401 800 ιιι
1448 744 1708 815 scriptum
1759 755 1842 798 est
1870 744 1932 796 ³⁸.
1984 743 2126 798 Vere

549 838 694 914 enim
726 837 835 892 dici
860 846 1062 908 potest,
1086 838 1232 909 quod
1259 852 1471 902 eorum,
1493 836 1586 905 qui
1606 851 1704 906 per
1731 834 1892 889 ﬁdem
1918 832 2123 904 justiﬁ—

548 925 655 980 cati
683 933 829 990 sunt,
853 927 1293 981 mansuetissima
1317 925 1630 987 multitudo,
1656 924 1932 979 civitatem
1955 923 2125 977 veluti

548 1016 839 1086 quamdam
869 1018 1209 1087 splendidam
1241 1018 1554 1088 optimaque
1576 1016 1767 1087 politia
1800 1016 2123 1069 instructam

550 1108 837 1161 constituit
865 1108 1180 1171 Ecclesiam,
1210 1107 1682 1175 ﬁrmissimamque
1710 1106 1953 1168 domum,
1978 1119 2125 1172 quae-

550 1212 654 1265 que
682 1213 712 1251 a
737 1199 1073 1253 tentantibus
1089 1198 1333 1252 subverti
1349 1214 1458 1252 non
1478 1198 1667 1267 possit,
1698 1197 1864 1251 vitam
1889 1195 1944 1249 in
1962 1193 2123 1251 Chri-

549 1293 633 1340 sto
654 1288 901 1356 perfecit.
946 1289 1024 1343 Ac
1059 1289 1290 1359 simplex
1329 1289 1554 1358 quidem
1596 1288 1730 1358 ipsis
1760 1295 1844 1342 est
1864 1301 2041 1351 meus,
2067 1292 2125 1339 et

548 1378 620 1432 ab
654 1381 801 1433 omni
822 1381 1141 1450 duplicitate
1162 1382 1359 1435 aliena.
1383 1379 1647 1436 Odiosum
1677 1380 1823 1435 enim
1844 1378 1913 1434 iis
1932 1376 2124 1449 praeci-

466 1496 467 1499 η
548 1484 654 1538 pne
681 1480 763 1525 est
793 1471 1037 1525 ﬁctiliam
1067 1480 1327 1535 mentem,
1352 1487 1416 1525 ac
1433 1471 1716 1525 simulatos
1734 1485 1916 1525 mores
1935 1484 2047 1540 prae
2064 1482 2125 1524 se

548 1561 712 1626 ferre,
732 1561 800 1616 de
832 1562 1037 1632 quibus
1056 1562 1276 1617 divinus
1307 1562 1479 1616 David
1509 1562 1710 1617 alicubi
1736 1561 1811 1616 ita
1824 1558 2078 1630 loquitur
2105 1578 2120 1617 :

554 1672 573 1703 ι
619 1654 884 1709 Dominus
922 1655 1175 1710 habitare
1217 1655 1380 1709 faciet
1407 1655 1696 1709 unanimes
1723 1653 1780 1708 in
1813 1654 1976 1708 domo
1999 1653 2060 1705 ".
2094 1671 2113 1704 ι

2224 463 2334 516 τῶν
2375 459 2724 532 καλουμένων
2763 457 3105 529 Ἡρωδιανῶν
3138 454 3485 525 (δασμολόγοι
3506 454 3569 509 δὲ
3604 446 3788 523 οὗτοι),

2225 551 2576 624 πειράζοντες
2607 549 2701 604 καὶ
2726 548 3002 618 λέγοντες·
3043 546 3134 598 «Ei
3161 544 3339 609 ἔξεστι
3368 542 3570 615 φόρους
3611 541 3791 598 δοῦναι

2230 644 2494 713 Καίσαρι,
2527 643 2560 712 ἢ
2600 640 2697 706 οὓς
2730 659 2748 691 ι
2779 637 3059 710 Θηρευτὴς
3085 632 3179 690 οὖν
3212 636 3321 707 ἄρα
3344 635 3442 689 καὶ
3473 637 3502 688 6
3538 635 3755 705 Ἰσραήλ
3776 674 3788 688 .

2237 737 2295 788 Ὀ
2319 735 2375 788 δέ
2403 751 2461 789 τε
2491 734 2611 797 νέος
2643 733 2739 787 καὶ
2769 734 2827 785 ἐν
2841 729 3019 784 πίστει
3044 727 3191 793 λαὸς,
3223 728 3365 781 κατὰ
3387 725 3479 781 τὸν
3512 724 3791 779 θεσπέσιον

2237 823 2453 887 Ἰακὼϐ,
2490 823 2709 886 ἀστικὸς
2743 821 2837 875 καὶ
2869 819 3162 891 φιλέστιος,
3189 817 3367 886 πρᾶος
3405 816 3501 869 καὶ¹
3530 813 3792 884 καθεστηο

2224 914 2357 978 κὼς,
2389 912 2594 975 ἁπλοῦς
2614 912 2710 966 καὶ
2736 911 3103 981 ἁκὰκουργος,
3127 927 3146 960 ι
3177 905 3345 960 οἰκῶν
3372 904 3572 971 οἰκίαν,
3604 922 3622 954 ι
3657 904 3792 957 κατά

2222 1006 2284 1060 τὸ
2331 1003 2738 1077 γεγραμμένον.
2807 1000 3029 1074 Ἀληθὲς
3064 998 3174 1071 γάρ
3225 997 3528 1062 είπεῖν,ὅτι
3582 995 3693 1049 τῶν
3737 995 3792 1048 ὲν

2225 1097 2405 1150 πίστει
2453 1093 2886 1165 δεδικαιωμένων
2927 1095 2960 1164 ἠ
3002 1091 3284 1162 πραοτάτη
3337 1087 3585 1159 πληθὺς,
3642 1087 3793 1141 πόλιν

2223 1187 2413 1259 ὥσπερ
2437 1189 2559 1241 τινὰ
2584 1186 2842 1258 λαμπρὰν
2872 1186 2966 1240 καὶ
3000 1181 3404 1254 εὐνομουμένην
3422 1179 3793 1250 ,ἀπεγράψατο

2222 1282 2324 1354 τὴν
2383 1280 2733 1352 Ἐκκλησίαν,
2784 1278 2878 1331 καὶ
2910 1272 3056 1330 οἷκον
3100 1273 3512 1346 ὲρηρεισμένον,
3548 1271 3643 1325 καὶ
3684 1272 3815 1333 τοῖς-

2224 1372 2578 1446 πειράζουσιν
2615 1370 3034 1435 ἀκατάσειστον,
3057 1368 3156 1438 τὴν
3190 1368 3248 1419 ὲν
3278 1362 3498 1436 Χριστῷ
3521 1361 3793 1416 πολιτείαν

2223 1465 2319 1519 καὶ
2348 1463 2492 1534 ζωὴν
2517 1463 2835 1534 ἐποιήσατο.
2862 1459 2972 1513 Καὶ
3001 1457 3207 1520 ἁπλοῦς
3235 1458 3334 1528 μὲν
3369 1457 3555 1518 αὐτοῖς
3583 1454 3612 1505 6
3650 1452 3791 1515 νοῦς,

2224 1556 2321 1609 καὶ
2345 1554 2676 1626 δυστροπίας
2720 1551 2939 1620 ἀπάσης
2967 1548 3403 1621 ἀπηλλαγμένος.
3451 1544 3796 1616 Ἀπηχθημέ-

2226 1664 2317 1702 νον
2364 1647 2423 1700 δὲ
2461 1646 2667 1718 σφόδρα
2697 1644 2996 1709 ποιοῦνται,
3032 1642 3092 1695 τὸ
3138 1642 3213 1705 ὡς
3257 1642 3314 1693 ὲν
3356 1638 3551 1710 γνώμῃ
3597 1654 3660 1691 τε
3702 1638 3795 1691 καὶ

548 1744 834 1800 Unanimis
871 1746 1018 1800 enim
1044 1755 1130 1801 est
1158 1747 1387 1816 simplex
1412 1746 1468 1800 in
1496 1746 1717 1802 Christo
1745 1746 1841 1816 qui
1879 1746 2042 1802 etiam
2066 1745 2122 1800 in

2224 1739 2444 1810 τρόποις
2460 1736 2767 1791 πεπλᾶσθαι
2795 1736 2994 1789 δοκεῖν.
3018 1733 3127 1787 Καὶ
3149 1732 3278 1803 περὶ
3309 1731 3490 1784 αὐτῶν
3515 1728 3669 1800 οἶμαί
3692 1746 3792 1782 που

549 1835 712 1889 domo
737 1835 969 1901 habitat,
999 1837 1327 1892 inclamante
1352 1837 1537 1892 lsraeli
1560 1837 1798 1907 quodam
1827 1852 1894 1892 ex
1923 1836 2124 1893 sanctis

547 1925 832 1994 prophetis
868 1942 881 1980 :
922 1945 941 1976 ‹
987 1926 1047 1981 In
1082 1927 1433 1983 multitudine
1470 1928 1684 1982 viarum
1715 1935 1932 1982 tuarum
1973 1927 2125 1981 labo-

549 2018 682 2071 rasti
709 2018 775 2071 ὀ.
819 2037 836 2069 ι
862 2018 1121 2075 Habitant
1159 2021 1326 2091 igitur
1350 2020 1445 2091 qui
1490 2023 1547 2075 in
1581 2021 1818 2086 Christo,
1866 2028 2123 2089 tanquam

549 2108 771 2164 domum
822 2111 877 2164 in
934 2112 1137 2181 pietate
1191 2120 1249 2168 et
1298 2113 1659 2169 sanctimonia
1709 2113 1907 2178 vitam;
1956 2126 2123 2181 quam

548 2199 768 2268 quidem
792 2201 961 2256 veluti
1002 2217 1260 2257 coronam
1298 2203 1590 2273 quamdam
1616 2203 1731 2259 suis
1760 2203 2005 2272 ipsorum
2030 2217 2122 2256 ca-

547 2291 754 2360 pitibus
780 2292 1090 2362 imponunt,
1115 2308 1179 2349 ac
1200 2308 1301 2364 pro
1337 2308 1551 2349 summa
1586 2293 1850 2349 felicitate
1892 2293 2120 2349 ducunt.

546 2383 754 2438 Idcirco
798 2384 1055 2455 inquiunt
1097 2387 1331 2442 subinde
1373 2387 1637 2457 quidem:
1675 2406 1693 2439 ι
1723 2387 1961 2443 ιωιεῑιιε
2000 2402 2123 2442 sum

548 2472 603 2524 in
631 2472 717 2527 his
743 2488 863 2542 qua:
896 2472 1040 2528 dicta
1078 2484 1207 2528 sunt
1226 2474 1380 2541 mihi,
1420 2476 1481 2530 ln
1506 2476 1730 2531 domum
1764 2476 1979 2531 Domini
2016 2475 2122 2530 ibis

550 2564 763 2629 mus“;
797 2582 815 2614 ι
853 2564 1084 2619 subinde
1111 2580 1243 2620 vero
1272 2583 1286 2619 :
1325 2584 1345 2618 ι
1379 2566 1554 2623 Unam
1585 2567 1742 2637 100
1774 2566 1915 2636 petii
1951 2581 1983 2621 a
2020 2567 2127 2621 Do-

548 2654 719 2721 mino,
745 2656 886 2711 hanc
907 2657 1181 2726 requiram
1206 2659 1271 2713 “.
1306 2676 1324 2709 ι
1362 2656 1633 2725 Quidnam
1653 2666 1838 2713 autem
1862 2657 2002 2729 petit
2023 2658 2047 2712 Ἰ
2068 2666 2125 2714 et

548 2744 695 2813 quod
721 2760 889 2799 unum
923 2746 1251 2802 beneﬁcium
1286 2749 1610 2818 exspectat?
1640 2767 1657 2798 ι
1700 2748 1771 2804 Ut
1798 2748 2040 2805 habitem
2066 2751 2124 2805 in

548 2836 713 2892 domo
755 2837 993 2903 Domini,
1031 2837 1242 2908 inquit,
1273 2839 1531 2894 omnibus
1575 2839 1771 2894 diebus
1807 2840 1935 2896 vitae
1965 2856 2120 2908 meae,

546 2936 609 2983 ut
638 2928 852 2984 videam
875 2930 1208 3001 voluptatem
1245 2931 1483 2997 Domini,
1506 2941 1562 2988 et
1601 2931 1820 2987 visitem
1856 2933 2122 3002 templum

547 3027 798 3074 sanctum
821 3021 940 3092 ejus
961 3021 1024 3074 ”.
1059 3041 1081 3094 ι
1126 3020 1298 3077 Audis
1346 3036 1457 3091 quo
1514 3031 1672 3092 pacto
1712 3023 1883 3078 instar
1922 3024 2122 3078 summi

549 3109 802 3165 beneﬁcii
830 3111 992 3166 ducat
1029 3111 1278 3167 habitare
1317 3111 1374 3167 in
1411 3112 1575 3167 domo
1606 3113 1846 3178 Domini,
1873 3121 1930 3169 et
1955 3114 2010 3169 in
2036 3115 2123 3170 di-

548 3198 677 3252 vina
693 3199 815 3252 aula
837 3200 1047 3253 versari
1067 3201 1092 3253 ?
1124 3201 1401 3256 Habitalio
1423 3210 1608 3255 autem
1634 3201 1751 3256 haec
1776 3217 1889 3257 non
1913 3211 1998 3258 est
2038 3204 2123 3258 in-

548 3287 837 3359 telligenda
860 3290 1175 3358 corporalis,
1201 3290 1297 3346 sed
1320 3291 1375 3344 in
1400 3291 1698 3345 stabilitate
1719 3292 1919 3346 mentis
1941 3302 1997 3347 et
2023 3293 2126 3362 pia:

546 3379 693 3433 vitae.
746 3378 1017 3434 Caeterum
1048 3398 1067 3431 ι
1102 3380 1313 3446 dilexit,
1356 3381 1556 3466 inquit,
1597 3381 1747 3437 lsaac
1789 3383 1954 3447 Esau,
1997 3384 2127 3453 quia

546 3470 770 3524 venatio
810 3472 930 3541 ejus
959 3470 1117 3527 cibus
1162 3473 1213 3527 ei
1261 3481 1379 3527 erat
1399 3474 1465 3526 ".
1491 3494 1510 3525 ι
1540 3473 1746 3543 Dignus
1795 3473 2015 3528 habitus
2042 3484 2128 3531 est

549 3558 738 3614 divino
764 3574 950 3615 amore
978 3560 1378 3631 primogenitus
1398 3561 1583 3627 Israel,
1617 3561 1745 3632 quia
1768 3562 1958 3632 legalis
1999 3565 2127 3619 vitae

546 3649 940 3721 perfectionem
972 3651 1318 3722 laboresque,
1341 3653 1436 3722 qui
1464 3653 1531 3708 ad
1554 3652 1659 3708 hoc
1683 3654 2008 3721 subeuntur,
2027 3670 2124 3711 ve-

546 3743 649 3797 luti
691 3742 874 3799 cibum
917 3744 1211 3815 quemdam
1261 3744 1461 3799 obtulit
1501 3745 1634 3811 Deo.
1688 3745 1932 3800 Fuerunt
1976 3747 2122 3803 enim

545 3833 711 3887 etiam
742 3834 915 3889 sancti
937 3834 994 3889 in
1019 3833 1208 3898 lsrael,
1234 3834 1419 3905 piique
1453 3841 1510 3889 et
1531 3827 1742 3889 strenui
1763 3836 1899 3905 legis
1930 3836 2123 3891 obser-

546 3931 782 3976 vatores.
810 3921 1021 3978 Idcirco
1057 3923 1326 3993 propheta
1352 3922 1520 3978 Isaias
1560 3922 1726 3978 deﬁet
1752 3924 1924 3978 veluti
1947 3923 2123 3979 fomi-

545 4020 719 4069 catam
762 4015 1086 4071 Jerusalem.
1128 4016 1271 4071 Dicit
1305 4025 1486 4071 autem
1527 4015 1675 4087 quod
1727 4035 1746 4067 ι
1772 4016 1983 4088 justitia
2026 4017 2125 4073 ali-

545 4107 765 4177 quando
790 4109 1045 4166 recubuit
1070 4108 1126 4161 in
1149 4124 1214 4162 ea
1236 4110 1303 4173 ”,
1338 4128 1356 4159 ι
1394 4109 1500 4163 hoc
1535 4118 1641 4170 est,
1668 4109 1943 4178 requievit
1959 4116 2015 4164 et
2041 4110 2124 4164 di-

538 4205 762 4253 versata
786 4205 889 4261 est,
918 4198 1044 4251 ideo
1072 4198 1217 4265 quod
1240 4198 1297 4250 in
1326 4213 1390 4251 ea
1413 4200 1571 4251 multi
1593 4200 1904 4254 exstiterint
1932 4199 2123 4270 legalis

547 4282 670 4334 vita:
725 4281 898 4350 gloria
939 4283 1200 4337 illustres.
1249 4283 1381 4337 Erat
1433 4285 1602 4353 igitur
1632 4286 1688 4338 in
1717 4287 1927 4341 honore
1976 4288 2122 4356 apud

2221 1830 2316 1884 τὸν
2367 1828 2658 1882 θεσπέσιον
2714 1828 2880 1897 φάναι
2936 1824 3133 1878 Δαὸιδ·
3173 1841 3191 1874 ι
3233 1821 3438 1892 Κύριος
3497 1820 3793 1885 κατοικίζει

2227 1920 2593 1992 μονοτρόπους
2625 1921 2686 1973 ὲν
2709 1920 2864 1989 οῖκῳ.
2900 1936 2920 1969 ι
2947 1916 3290 1987 Μονότροπος
3315 1914 3425 1983 γὰρ
3457 1914 3486 1966 6
3515 1911 3717 1975 ἁπλοῦς
3739 1914 3796 1965 ὲν

2222 2011 2463 2084 Χριστῷ,
2511 2010 2571 2075 ὃς
2612 2011 2707 2064 καὶ
2746 2011 2804 2063 ὲν
2853 2009 2987 2078 οῐκῳ
3035 2005 3424 2069 κατοικίζεται.
3470 2003 3666 2056 Καίτοι
3718 2001 3794 2072 τῷ

2236 2102 2451 2175 Ἰσραὴλ
2494 2100 2895 2170 ὲπιφωνοῦντός
2930 2115 3076 2161 τινος
3114 2097 3222 2150 τῶν
3260 2094 3429 2164 ἁγίων
3475 2093 3791 2165 προφητῶν,

2222 2197 2305 2251 ὅτι
2340 2208 2368 2247 ἰ
2418 2196 2551 2258 Ταῖς
2601 2192 2907 2256 πολυοδίαις
2964 2208 3059 2245 σου
3120 2187 3439 2252 ὲκοπίασας.
3499 2205 3520 2239 ι
3586 2185 3795 2240 Οὐκοῦν

2222 2287 2593 2353 ἐναυλίζονται
2647 2286 2745 2357 μὲν
2778 2286 2827 2338 οἱ
2867 2287 2924 2338 ὲν
2968 2282 3212 2353 Χριστῷ,
3253 2281 3507 2352 καθάπερ
3538 2281 3617 2343 είς
3650 2275 3794 2333 οἶκον

2221 2380 2321 2451 τὴν
2348 2380 2406 2431 ὲν
2442 2377 2684 2449 ὁσιότητι
2717 2376 2810 2430 καὶ
2858 2373 3118 2444 ἁγιασμῷ
3156 2371 3433 2425 πολιτείαν
3483 2372 3579 2425 καὶ
3626 2370 3793 2442 ζωὴν.

2222 2471 2387 2525 Αὐτοὶ
2414 2469 2472 2523 δὲ
2498 2469 2561 2524 τὸ
2589 2470 2779 2540 χρῆμα
2804 2470 2924 2532 ταῖς
2951 2466 3101 2536 σφῶν
3128 2464 3391 2535 κεφαλαῖς
3406 2458 3495 2519 οἵά
3526 2481 3649 2518 τινα
3677 2464 3795 2517 στέ-

2224 2577 2393 2630 φανον
2431 2558 2830 2621 ἁναπλέκοντες
2864 2557 3045 2611 ἁλοῖεν
3073 2555 3161 2618 ἂν,
3202 2555 3297 2608 καὶ
3334 2555 3440 2626 μὴν
3467 2554 3561 2608 καὶ
3594 2554 3797 2624 εὐημε-

2228 2653 2349 2724 ρίας
2390 2651 2870 2722 καταλογιζόμενοι
2903 2650 3126 2720 τρόπον.
3155 2647 3424 2719 Ταύτῃτοί
3450 2664 3583 2718 φασι
3604 2686 3620 2712 ,
3665 2648 3795 2700 ποτὲ

2196 2776 2199 2779 -
2227 2745 2347 2816 μὲν,
2365 2747 2449 2799 ὅτι
2476 2764 2495 2797 ι
2519 2743 2851 2815 Ηύφράνθην
2884 2743 2978 2796 ἐπὶ
2996 2745 3109 2806 τοῖς
3133 2740 3379 2812 είρηκόσι
3408 2756 3517 2810 μοι·
3537 2740 3628 2802 Εἰς
3649 2735 3796 2793 οἷκον

2226 2836 2434 2908 Κυρίου
2470 2833 2918 2908 πορευσώμεθαί
2955 2833 3084 2887 ποτὲ
3118 2832 3175 2886 δὲ
3214 2829 3301 2897 αὖ,
3340 2851 3359 2885 ι
3399 2831 3545 2885 Μίαν
3587 2831 3797 2903 ῂτησά-

2226 2945 2335 3000 μην
2372 2928 2525 2999 παρὰ
2554 2926 2782 2999 Κυρίου,
2826 2925 3031 2995 ταύτην
3065 2923 3307 2996 ζητήσω.
3347 2942 3368 2975 ›
3403 2923 3513 2976 Καὶ
3542 2922 3594 2975 τί
3621 2922 3683 2975 τὸ
3710 2921 3789 2975 αῖ-

2223 3035 2413 3090 τημα;
2442 3018 2570 3072 ποία
2597 3018 2654 3070 δὲ
2687 3016 2781 3071 καὶ
2812 3018 2846 3086 ὴ
2904 3015 3002 3086 μία
3031 3014 3222 3085 χάρις;
3258 3030 3278 3064 ι
3320 3012 3394 3065 Τὸ
3423 3013 3699 3065 κατοικεῖν
3728 3027 3796 3081 με

2224 3111 2283 3163 ὲν
2308 3108 2443 3176 οῖκῳ
2474 3108 2700 3179 Κυρίου,
2743 3106 2896 3179 φησὶ,
2929 3106 3109 3168 πάσας
3133 3105 3233 3167 τὰς
3259 3102 3472 3174 ἡμέρας
3513 3102 3612 3171 τῆς
3650 3100 3798 3171 ζωῆς

2228 3216 2354 3271 μου,
2398 3198 2492 3253 τοῦ
2529 3199 2753 3270 θεωρεῖν
2783 3214 2851 3268 με
2896 3195 2995 3266 τὴν
3036 3193 3378 3265 τερπνότητα
3419 3191 3646 3263 Κυρίου,
3702 3191 3797 3245 καὶ

2225 3288 2648 3344 ἐπισκέπτεσθαι
2677 3288 2770 3342 τὸν
2795 3287 2921 3342 ναὸν
2950 3286 3043 3340 τὸν
3077 3286 3234 3354 ἁγιον
3260 3282 3446 3338 αὐτοῦ.
3493 3302 3513 3336 ι
3556 3281 3794 3345 Ἀκούεις

2225 3380 2373 3444 ὅπως
2399 3381 2457 3434 ὲν
2485 3380 2635 3444 τάξει
2664 3380 2884 3451 χάριτος
2912 3379 3174 3449 λαμπρᾶς
3201 3376 3297 3431 καὶ
3320 3374 3666 3448 ἐξῃρημένης
3698 3389 3797 3427 κα-

2223 3471 2571 3540 ταλογεῖσθαί
2602 3488 2734 3542 φησι
2764 3470 2825 3523 τὸ
2857 3472 3131 3524 κατοικεῖν
3158 3470 3216 3523 ὲν
3243 3469 3377 3538 οἴκῳ
3406 3465 3564 3533 Θεοῦ,
3600 3466 3693 3519 καὶ
3738 3466 3797 3519 ὲν

2224 3563 2413 3626 αὐλαῖς
2433 3565 2555 3625 ταῖς
2579 3561 2750 3625 θείαις
2775 3560 3045 3614 ποιεῖσθαι
3074 3560 3171 3623 τὰς
3201 3558 3520 3631 διατριϐἀς;
3554 3558 3619 3611 Ἦ
3643 3556 3702 3612 δέ
3732 3572 3797 3626 γε

2223 3653 2437 3730 οζκησις
2480 3653 2541 3707 οὐ
2581 3652 2865 3725 σωματικὴ
2901 3654 3095 3719 ,νοοῖτο
3145 3652 3190 3705 δ’
3242 3652 3309 3705 ἂν
3361 3648 3561 3721 μᾶλλον
3614 3648 3694 3712 ὡς
3738 3649 3798 3702 ὲν

2225 3743 2528 3816 ὲδραιότητι
2539 3744 2763 3816 γνώμης
2776 3747 2868 3797 καὶ
2881 3744 3134 3815 ἐναρέτου
3150 3742 3316 3813 ζωῆς.
3334 3741 3499 3807 Ἀλλ’,
3514 3759 3532 3792 ι
3556 3740 3793 3809 Ἡγάπα,

2224 3837 2411 3907 φησὶν,
2445 3838 2474 3890 6
2502 3836 2689 3890 Ἰσαὰκ
2713 3837 2804 3890 τὸν
2833 3835 3030 3900 Ἡσαῦ,
3048 3837 3131 3889 ὅτι
3156 3837 3188 3906 ἡ
3219 3834 3362 3905 θήρα
3390 3833 3557 3886 αὐτοῦ
3592 3831 3797 3904 βρῶσις

2226 3926 2396 3997 αὐτῷ.
2419 3945 2440 3979 ι
2463 3926 2690 3991 Ἡξίωτο
2715 3927 2823 3997 γὰρ
2854 3925 3074 3995 ἀγάπης
3097 3924 3195 3994 τῆς
3229 3923 3433 3977 ἄνωθεν
3466 3925 3494 3976 6
3523 3921 3797 3993 πρωτότο-

2223 4037 2318 4083 κος
2353 4017 2589 4090 Ἰσραὴλ,
2617 4018 2699 4071 ὅτι
2730 4017 2828 4088 τῆς
2848 4017 2906 4070 ὲν
2925 4017 3074 4087 νόμῳ
3094 4014 3369 4077 πολιτείας
3392 4014 3493 4083 τὴν
3517 4011 3796 4084 κατόρθω-

2224 4126 2329 4175 σιν,
2371 4109 2622 4171 καὶτοὺς
2648 4105 2741 4159 ἐπὶ
2782 4105 2919 4177 τῷδε
2954 4106 3170 4173 πόνους,
3209 4104 3414 4175 τροφὴν
3439 4102 3626 4173 ὥσπερ
3676 4101 3798 4155 τινὰ

2224 4199 2587 4271 προσεκόμιζε
2631 4197 2710 4269 τῷ
2752 4196 2892 4268 Θεῷ.
2935 4197 3194 4264 Γεγόνασι
3240 4196 3350 4265 γὰρ
3401 4196 3548 4264 ἀγιοι
3595 4194 3691 4246 καὶ
3738 4194 3796 4245 ἐν

2235 4290 2470 4359 Ἰσραὴλ,
2502 4288 2739 4358 φιλόθεοί
2769 4304 2829 4340 τε
2872 4286 2964 4340 καὶ
2993 4286 3387 4356 νομοφύλακες.
3440 4285 3551 4337 Καὶ
3606 4282 3739 4352 γοῦν
3764 4285 3793 4335 6

546 4373 714 4426 Deum
742 4373 1137 4444 primogenitus
1162 4375 1327 4429 lsrael
1350 4415 1364 4441 ,
1408 4384 1665 4431 caeterum
1704 4392 1814 4431 non
1852 4387 2119 4448 perpetuo

2224 4381 2507 4449 προφήτης
2548 4378 2777 4441 Ἡσαΐας
2803 4377 3087 4441 ὲταλάνιζε
3113 4376 3212 4446 μὲν
3239 4374 3313 4439 ὼς
3345 4374 3794 4445 πεπορνευμένην

545 4468 892 4521 conservavit
925 4468 1190 4523 honorem
1216 4466 1664 4540 primogenitum
1687 4469 1789 4541 ipsi
1833 4470 2120 4526 tributum.

543 4553 722 4609 Cessit
758 4556 903 4609 enim
945 4558 1345 4628 quodammodo
1392 4574 1537 4614 novo
1575 4575 1639 4614 ac
1662 4560 1938 4630 posterius
1991 4568 2120 4616 nato

544 4647 769 4717 populo,
798 4648 905 4702 hoc
927 4657 1030 4714 est,
1054 4650 1264 4719 gentili,
1288 4650 1669 4721 primogenita,
1694 4651 1853 4722 longe
1899 4652 1966 4706 ad
1994 4668 2117 4707 car-

546 4738 687 4793 nalia
710 4747 765 4793 et
786 4738 1060 4794 mundana
1097 4740 1409 4795 deﬂectens.
1430 4741 1601 4795 Porro
1618 4782 1633 4806 ,
1657 4742 2117 4811 quemadmodum

546 4827 603 4882 in
626 4829 954 4899 evangelicis
973 4828 1249 4899 parabolis
1271 4829 1491 4899 legitur,
1523 4847 1540 4880 ι
1571 4828 1881 4885 Celebravit
1900 4847 1997 4885 rex
2018 4847 2119 4886 nu-

546 4918 688 4988 ptias
710 4919 822 4974 ﬁlio
846 4935 946 4975 suo
961 4920 1026 4974 ".
1062 4938 1080 4970 ι
1113 4920 1383 4974 Praeterea
1425 4919 1654 4974 aderant
1684 4922 1777 4990 qui
1815 4923 1882 4977 ad
1906 4939 2118 4979 caenam

546 5012 831 5078 vocabant,
855 5014 1099 5069 convivis
1111 5012 1207 5067 Dei
1224 5021 1554 5082 praeceptum
1584 5014 1989 5079 annuntiantes,
2015 5016 2120 5070 hoc

547 5103 793 5170 scilicet,
829 5122 847 5154 ι
880 5105 1020 5160 Ecce
1061 5102 1354 5174 prandium
1396 5117 1578 5156 meum
1624 5104 1913 5174 apparavi,
1976 5105 2119 5159 tauri

546 5194 654 5248 mei
678 5205 733 5249 et
754 5193 923 5249 altilia
948 5195 1149 5259 occisa,
1174 5201 1231 5248 et
1251 5194 1434 5248 omnia
1459 5202 1669 5263 parata,
1702 5196 1882 5250 venite
1915 5195 1983 5250 ad
2013 5211 2118 5249 nu-

547 5284 708 5352 ptias.
741 5286 821 5339 llli
839 5293 1021 5340 autem
1044 5286 1342 5339 noluerunt
1361 5284 1570 5351 venire,
1590 5305 1607 5337 ι
1640 5286 1839 5355 inquit,
1867 5288 1961 5342 sed
1986 5287 2109 5341 uni-

2220 4469 2319 4540 τὴν
2362 4469 2740 4540 Ἰερουσαλήμ.
2777 4470 2919 4539 Ἔφη
2947 4468 3003 4521 δὲ
3029 4468 3109 4521 ὅτι
3142 4466 3457 4535 δικαιοσύνη
3492 4465 3637 4519 κατὰ
3670 4480 3795 4517 και-

2225 4560 2349 4629 ροὺς
2371 4560 2640 4632 ἐκοιμήθη
2674 4562 2732 4613 ὲν
2766 4560 2926 4631 αὐτῇ,
2973 4559 3271 4625 τουτέστιν,
3305 4558 3674 4623 ἀνεπαύσατο,
3701 4554 3796 4608 καὶ

2218 4650 2503 4713 κατέλυσε,
2537 4650 2627 4705 διά
2653 4668 2734 4703 τοι
2766 4651 2827 4703 τὸ
2857 4652 2915 4702 ὲν
2953 4650 3089 4721 αὐτῇ
3134 4648 3388 4719 γενέσθαι
3431 4646 3664 4709 πολλοὺς
3694 4645 3796 4715 τῆς

2218 4743 2275 4794 ὲν
2301 4741 2450 4813 νόμῳ
2478 4740 2753 4804 πολιτείας
2773 4739 3207 4810 ἀνειλημμένους
3234 4741 3302 4795 τὰ
3331 4738 3649 4809 αὐχήματα.
3679 4732 3798 4790 Ἦν

2216 4829 2310 4886 οὖν
2337 4836 2394 4887 ὲν
2425 4832 2550 4905 δόξῃ
2582 4836 2650 4904 τῇ
2685 4831 2836 4903 παρὰ
2857 4830 2977 4902 Θεῷ
3007 4831 3353 4903 πρωτότοκος
3384 4830 3458 4883 ὢν
3489 4831 3518 4881 6
3551 4827 3796 4899 Ἰσραὴλ,

2218 4925 2356 4997 πλὴν
2396 4925 2456 4978 οὐ
2510 4926 2671 4996 μέχρι
2718 4924 2918 4986 παντὸς
2964 4921 3259 4976 διεσώσατο
3295 4921 3394 4992 τὴν
3429 4921 3540 4983 τοῖς
3594 4917 3796 4973 ἑαυτοῦ

2218 5016 2530 5088 πρεσϐείοις
2562 5016 3001 5086 ἀπονεμηθεῖσαν
3033 5017 3220 5087 τιμήν.
3255 5012 3707 5086 Παρακεχώρηκε
3738 5010 3799 5063 δὲ

2218 5106 2405 5176 ὥσπερ
2425 5105 2504 5175 τῷ
2528 5105 2642 5175 νέῳ
2662 5106 2756 5158 καὶ
2785 5105 3012 5157 κατόπιν
3047 5105 3177 5158 ίόντι
3210 5102 3346 5174 λαῷ,
3372 5101 3641 5165 τουτέστι,
3680 5101 3797 5160 τοῖς

2221 5198 2280 5263 ὲξ
2302 5196 2493 5261 ἐθνῶν,
2519 5196 2589 5249 τά
2606 5196 2972 5266 πρωτοτόκια,
2996 5197 3129 5249 πολύ
3152 5195 3271 5248 λίαν
3308 5190 3687 5254 ἀπονενευκὼς
3714 5190 3797 5250 είς

2219 5290 2288 5344 τά
2314 5291 2513 5362 σαρκός
2536 5306 2595 5342 τε
2614 5289 2709 5342 καὶ
2729 5289 2957 5359 κόσμου.
2983 5291 3093 5342 Kal.
3115 5287 3246 5357 γοῦν
3268 5287 3364 5351 ὡς,
3398 5289 3461 5338 ὲν
3484 5287 3606 5346 ταῖς
3635 5283 3795 5347 εὐαγ·

541 5374 741 5445 cuique
769 5376 825 5430 in
866 5385 1122 5447 promptu
1175 5385 1293 5431 erat
1340 5378 1617 5433 excusatio
1650 5395 1751 5449 pro
1776 5380 1953 5436 libito.
2009 5381 2111 5436 Hic

2223 5382 2458 5451 γελικαῖς
2491 5379 2806 5450 ἀνεγνώσθη
2836 5379 3170 5451 παραϐολαῖς
3200 5419 3214 5447 ,
3247 5396 3266 5430 ι
3290 5377 3495 5433 Ἐποίει
3544 5375 3645 5446 μὲν
3694 5375 3796 5441 γά-

618 5578 658 5610 ⁸⁷
677 5578 867 5634 Matth.
895 5596 1023 5646 χχιι,
1058 5579 1152 5647 17;
1175 5579 1310 5637 Luc.
1339 5600 1427 5647 xx,
1457 5583 1546 5637 ετ.
1623 5582 1667 5614 ¹⁸
1695 5581 1829 5637 Gen.
1853 5599 1978 5648 xxv,
2004 5582 2095 5636 ‘27.
2174 5583 2215 5614 ³³
2245 5583 2384 5638 Psal.
2429 5599 2588 5647 van,
2612 5584 2662 5637 7.
2746 5585 2792 5615 ¹⁰
2831 5584 2898 5639 Is:

618 5646 752 5703 Psal.
780 5665 923 5708 xm.
958 5652 1010 5706 4.
1088 5650 1132 5682 ³³
1163 5651 1295 5707 ibid.
1373 5654 1418 5687 “
1445 5652 1578 5708 Gen.
1615 5669 1737 5708 xxv.
1761 5654 1848 5707 28.
1963 5654 2006 5685 "‘
2038 5653 2137 5706 lsa.
2165 5669 2202 5708 ι.
2230 5654 2318 5706 21.
2396 5654 2440 5685 ’⁸
2465 5654 2653 5707 Matth.
2701 5669 2829 5708 χιιι.
2865 5655 2898 5706 2

2127 5692 2137 5705 α
2165 5692 2202 5720 l’
2233 5692 2318 5706 ἰιι
2465 5692 2653 5707 Διιιιιιυι
2703 5692 2829 5719 ﬁll],
2868 5692 2916 5708 Π.

550 5646 594 5677 ¹¹
616 5646 752 5703 Psal.
780 5665 923 5713 xm,
958 5652 1010 5706 4.
1088 5650 1132 5682 ³³
1163 5651 1295 5707 ibid.
1373 5654 1418 5687 “
1445 5652 1578 5709 Gen.
1615 5669 1737 5718 xxv,
1761 5654 1848 5707 28.

2746 5585 2792 5615 ¹⁰
2831 5584 2952 5639 Isai.
2987 5599 3110 5649 LVII,
3140 5584 3226 5637 10.
3305 5587 3347 5616 ’³
3373 5582 3515 5637 Psal.
3555 5580 3793 5649 cxxr,‘l.
