4056 6260
340 216 441 269 165

1376 202 1898 259 GLAPHYRORUM
1942 201 2005 256 IN
2045 200 2346 257 GENESIM
2385 204 2512 259 LIB.
2553 206 2642 262 III.

3501 214 3603 275 I65

340 343 473 399 μους
503 325 532 378 ὁ
564 322 821 394 βασιλεὺς
861 321 939 393 τῷ
970 320 1071 393 υἱῷ
1106 318 1293 374 αὐτοῦ.
1352 338 1370 371 ι
1408 313 1546 373 Εἶτα
1584 318 1839 390 παρῆσαν
1867 318 1916 370 oi

2023 317 2163 371 enim
2194 318 2370 372 dixit.
2416 340 2433 369 ι
2472 320 2707 377 Uxorem
2761 321 2913 389 duxi,
2943 323 3083 381 habe
3122 341 3210 382 me
3255 341 3598 389 excusatum.

335 415 815 486 δειπνοκλήτορες,
846 416 959 477 τοῖς
1000 411 1312 481 δαιτυμόσιν
1362 408 1799 478 ἀπαγγέλλοντες
1850 409 1918 461 τᾶ

337 506 492 578 παρά
522 504 685 565 Θεοῦ,
713 503 1006 568 τουτέστιν,
1045 521 1061 553 ι
1114 499 1243 553 ’ἰδοὺ
1284 498 1346 552 τδ
1381 498 1605 569 ἄριστόν
1634 514 1736 568 μου
1773 496 1920 567 ἡτοί-

342 612 519 668 μασα,
553 595 605 646 οἱ
626 591 817 664 ταῦροί
851 608 951 660 μου
990 590 1083 642 καὶ
1113 584 1183 641 τά
1226 585 1444 640 σιτιστὰ
1492 584 1783 655 τεθυμένα,
1826 583 1920 637 καὶ

341 686 527 740 πάντα
555 684 776 753 ἕτοιμα·
813 680 964 735 δεῦτε
1026 681 1108 743 είς
1154 677 1281 742 τοὺς
1320 677 1550 748 γάμους.
1599 677 1662 729 Οί
1714 674 1773 729 δὲ
1818 675 1920 729 οὐκ

346 777 543 848 ἤθελον
577 774 764 837 ἐλθεῖν,
800 792 819 825 ι
845 771 1030 844 φησίν.
1066 765 1298 841 ’.ἀλλ’ἦν
1338 769 1557 841 ἑκάστῳ
1585 767 1920 840 παραίτησις

349 867 411 919 τὸ
440 865 645 919 δοκοῦν.
692 864 748 917 '0
783 863 883 932 μὲν
923 863 1032 933 γάρ
1077 862 1282 931 ἔφασκε
1308 878 1322 892 ·
1364 879 1383 912 ι
1416 861 1658 913 Γυναῖκα
1699 859 1917 929 ἔγημα,

351 956 438 1026 ἔχε
469 971 535 1024 με
558 951 962 1026 παρῃτημένον.
998 951 1058 1004 '0
1080 949 1159 1014 δὲ,
1202 950 1401 1022 Ἀγρὸν
1433 949 1704 1020 ⁴Ιγγόρασα,
1731 948 1826 1001 καὶ
1856 947 1916 1000 οὐ

346 1046 574 1115 δύναμαι
615 1043 806 1097 ἐλθεῖν.
846 1062 864 1094 ι
910 1043 1076 1114 Ὁρᾷς
1103 1036 1198 1095 οὖν
1246 1042 1394 1105 ὅπως
1446 1040 1787 1111 μεμίμηνται
1827 1038 1919 1092 τὸν

322 1186 328 1211 ι
357 1135 544 1203 Ἠσαῦ,
566 1136 666 1205 τὴν
695 1133 803 1187 τῶν
825 1134 1179 1204 προσκαίρων
1201 1132 1296 1185 καὶ
1314 1129 1594 1202 σαρκικῶν
1618 1128 1919 1182 ἀπόλαυσιν

342 1229 436 1299 τῆς
470 1226 620 1298 παρά
658 1225 779 1296 Θεῷ
813 1224 972 1294 δόξης
1012 1223 1498 1296 προτετιμηκότες,
1543 1221 1825 1293 μονονουχὶ
1862 1219 1919 1274 δὲ

322 1292 435 1373 ικαὶ
456 1292 664 1390 ἑτέροις
694 1292 764 1372 τά
794 1292 1142 1390 πρωτοτόκια
1166 1292 1461 1385 προθέντες
1491 1313 1648 1368 ἑλεῖν.
1675 1314 1918 1366 Ἀντεισ-

343 1415 635 1487 κέκληνται
694 1413 805 1483 γὰρ
858 1409 1023 1473 εὐθὺς
1072 1409 1122 1461 oi
1169 1407 1228 1475 ἐξ
1276 1407 1447 1461 ἐθνῶν
1503 1405 1916 1471 πιστεύσαντες,

344 1507 436 1560 καὶ
486 1504 587 1578 τὴν
629 1503 707 1573 τῷ
776 1501 1000 1572 Ἰσραὴλ
1043 1499 1396 1570 ὀφειλομένην
1446 1499 1918 1570 ἀποκεκερδήκασι

347 1597 507 1661 δόξαν
529 1638 544 1661 ,
578 1596 673 1649 καὶ
713 1594 898 1665 μέντοι
931 1592 1025 1645 καὶ
1065 1591 1334 1660 εὐλογίαν,
1365 1589 1456 1644 διὰ
1487 1591 1547 1643 τὸ
1577 1590 1793 1661 ἕτοιμον
1836 1591 1918 1653 είς

347 1687 616 1759 ὑπακοὴν,
641 1686 814 1740 καὶτὸ
841 1685 960 1738 λίαν
987 1683 1242 1745 εὐσταλὲς
1277 1683 1373 1735 καὶ
1394 1682 1820 1753 διεγηγερμένον
1838 1680 1918 1743 εἷς

324 1761 327 1763 ⁸
349 1797 411 1848 γε
437 1781 498 1832 τὸ
527 1778 722 1850 χρῆναι
758 1774 997 1848 πληροῦν
1022 1774 1090 1828 τὰ
1120 1773 1418 1829 ἀνδάνοντα
1439 1773 1518 1842 τῷ
1545 1772 1684 1843 Θεῷ.
1706 1772 1920 1825 Γένοιτο

347 1871 394 1923 δ’
435 1869 502 1923 ἂν
543 1870 672 1938 ἡμῖν
711 1868 807 1921 καὶ
846 1865 1039 1919 τούτου
1082 1865 1313 1935 μάρτυς,
1346 1865 1376 1915 ὁ
1420 1862 1709 1925 θεσπέσιος
1738 1860 1918 1925 Δαϐἱδ,

344 1959 485 2011 οὕτω
517 1957 691 2026 λέγων
712 1956 844 2027 περὶ
865 1954 1046 2008 αὐτῶν
1067 1969 1080 1981 ·
1115 1952 1257 2022 (Τὴν
1289 1950 1587 2022 ἐπιθυμίαν
1622 1950 1730 2004 τῶν
1760 1952 1923 2022 πενή-

343 2067 450 2105 των
497 2049 864 2119 εἰσηκουσας,
905 2042 1105 2114 Κύριε,
1145 2046 1211 2114 τῇ
1246 2044 1532 2115 ἑτοιμασίᾳ
1566 2045 1663 2114 τῆς
1698 2042 1922 2115 καρδίας

345 2142 530 2198 αὐτῶν
560 2139 832 2213 προσέσχε
861 2136 923 2189 τὸ
949 2133 1043 2200 οὖς
1068 2153 1184 2191 σου.
1225 2155 1243 2188 ι
1290 2127 1667 2207 Ἐτοιμότερος
1696 2136 1803 2207 γὰρ
1834 2138 1920 2192 ἀεί

345 2252 466 2296 πως
496 2234 578 2295 είς
599 2229 913 2284 εὐπείθειαν
945 2229 974 2281 ὁ
1008 2229 1067 2281 ὲν
1110 2226 1290 2282 πίστει
1328 2225 1475 2293 λαὸς,
1507 2226 1682 2281 καίτοι
1715 2230 1824 2282 τῶν
1861 2228 1921 2295 ἐξ

355 2323 578 2398 Ἰσραὴλ
609 2321 710 2393 τὴν
749 2323 806 2374 ὲν
841 2319 990 2390 νόμῳ
1017 2317 1298 2372 παίδευσιν
1332 2318 1919 2391 προπεπλουτηκότων.

357 2414 493 2471 Ἀλλ’
538 2413 590 2464 εί
639 2419 736 2469 καί⁵
778 2412 888 2465 τῶν
924 2410 1084 2465 θείων
1116 2409 1458 2482 μαθημάτων
1489 2412 1920 2484 κατηρρὠτησε

340 2511 437 2579 τὴν
474 2504 748 2577 πτωχείαν
766 2502 877 2558 τῶν
901 2501 1070 2557 ἐθνῶν
1092 2504 1125 2575 ἡ
1148 2502 1356 2575 πληθύς
1373 2519 1387 2534 ο
1411 2503 1525 2557 ἀλλ’
1555 2505 1922 2578 εὐπετεστέρα

341 2604 568 2665 γέγονεν
592 2596 652 2648 ὲν
677 2595 880 2659 πίστει,
912 2594 1005 2646 καὶ
1026 2594 1139 2656 τοῖς
1162 2592 1251 2646 διὰ
1287 2592 1524 2664 Χριστοῦ
1555 2592 1920 2665 θεσπίσμασιν

342 2689 419 2753 ὡς
439 2687 532 2754 ὀξὺ
565 2686 874 2760 παραθεῖσα
901 2684 962 2739 τὸ
994 2680 1108 2749 οὖς,
1133 2683 1162 2737 ὃ
1192 2683 1282 2737 διὰ
1312 2684 1413 2755 τῆς
1441 2684 1607 2738 αὑτοῦ
1641 2686 1923 2759 μεμαρτύ-

349 2796 506 2852 ρηται
527 2776 731 2849 φωνῆς.
764 2776 926 2847 Ἔφηἶ
951 2774 1059 2845 γάρ
1101 2766 1202 2828 ὧδε
1221 2773 1331 2857 ,διὰ
1360 2773 1458 2845 τῆς
1488 2773 1583 2827 τοῦ
1612 2774 1922 2840 Ψάλλοντος

344 2872 543 2944 λύρας·
598 2888 618 2922 ι
659 2867 800 2932 Aab;
841 2867 900 2921 ὃν
947 2866 1048 2919 οὐκ
1092 2863 1285 2944 ἔγνων,
1339 2865 1620 2920 ὲδούλευσέ
1675 2884 1787 2937 μοι,
1841 2867 1921 2931 είς

343 2964 519 3035 ἀκοὴν
546 2963 706 3017 ὠτίου
732 2958 1011 3031 ὑπήκουσέ
1035 2974 1160 3029 μου.
1184 2977 1203 3010 ι
1239 2957 1374 3030 Περὶ
1399 2957 1458 3012 δέ
1477 2974 1542 3027 γε
1572 2957 1669 3011 τοῦ
1707 2958 1923 3030 Ἰσραὴλ

344 3059 424 3122 ὡς
451 3057 551 3128 ήδη
577 3055 833 3119 πεσόντος
857 3055 938 3117 είς
959 3052 1332 3124 ἀλλοτρίωσιν,
1362 3053 1454 3107 καὶ
1481 3051 1794 3124 ὀρθοποδεῖν
1823 3053 1921 3124 μὲν

343 3150 448 3204 οὐκ
491 3146 764 3212 ἀξιοῦντος
800 3144 902 3208 έτι,
936 3143 1339 3213 πεπηρωμένον
1371 3143 1429 3196 δὲ
1459 3144 1650 3215 ῶσπερ
1681 3143 1779 3215 τῆς
1802 3142 1921 3199 διασ-

352 3240 499 3302 νοίας
527 3238 589 3291 τὸ
621 3236 829 3302 σκέλος,
872 3235 1038 3306 φησίν
1065 3251 1079 3264 ·
1115 3253 1132 3285 ι
1159 3234 1277 3287 Υἱοὶ
1313 3233 1582 3306 ἀλλότριοι
1625 3233 1924 3304 έψεύσαντό

348 3349 459 3403 μοι,
490 3332 541 3385 oi
583 3330 690 3383 υίοὶ
723 3328 995 3400 ἀλλότριοι
1034 3325 1477 3399 ὲπαλαιώθησαν,
1526 3328 1620 3381 καὶ
1648 3328 1923 3399 ὲχώλαναν

346 3423 456 3478 ἀπὸ
481 3422 591 3476 τῶν
642 3421 847 3494 τρίϐων
887 3419 1081 3475 αὐτῶν.
1120 3440 1139 3471 ι
1178 3419 1369 3491 Τρίὸοι
1413 3418 1513 3491 μὲν
1539 3419 1648 3492 γὰρ
1676 3421 1833 3495 ὀρθαί
1861 3440 1921 3476 τε

348 3517 444 3569 καὶ
495 3513 759 3577 ἀπλανεῖς
808 3512 903 3566 ὲπὶ
931 3510 1166 3583 Χριστὸν
1195 3512 1590 3583 ἀποφέρουσαι,
1642 3516 1738 3568 καὶ
1772 3514 1807 3587 ή
1836 3513 1925 3569 διὰ

347 3606 512 3677 νόμου
542 3604 850 3667 παίδευσις,
876 3603 972 3656 καὶ
992 3603 1287 3674 προφητῶν
1318 3604 1487 3672 ἁγίων
1503 3607 1921 3679 προαγόρευσις.

359 3705 580 3776 Ἐπειδὴ
601 3703 660 3757 δὲ
696 3704 777 3767 είς
802 3702 863 3756 τὸ
889 3701 977 3756 διὰ
1005 3703 1170 3773 νόμου
1205 3699 1301 3756 καὶ
1334 3701 1628 3774 προφητῶν
1656 3705 1926 3777 κατηντή-

349 3815 473 3852 κασι
501 3796 675 3861 τέλος,
690 3795 938 3849 τουτέστι
963 3793 1218 3867 Χριστὸν,
1236 3791 1509 3864 έχὼλαναν
1530 3793 1591 3858 ἐξ
1610 3795 1920 3861 ἀσυνεσίας,

347 3891 446 3944 οὐκ
471 3888 532 3955 ἐξ
581 3886 767 3956 ὑγιοῦς
810 3886 1050 3949 διανοίας
1099 3884 1561 3955 ὲμπαροινοῦντες
1613 3886 1782 3957 αὐτῷ,
1830 3886 1923 3940 καὶ

348 3980 564 4051 θανάτῳ
621 3978 937 4051 περιόαλεῖν
980 3976 1351 4050 τολμήσαντες
1396 3979 1490 4031 τὸν
1536 3978 1780 4047 ἀρχηγὸν
1827 3978 1926 4046 τῆς

346 4069 516 4141 ζωῆς.
560 4070 683 4124 Ὀτι
714 4069 896 4123 τοίνυν
924 4070 953 4123 ὁ
985 4068 1102 4132 νέος
1131 4086 1191 4121 τε
1230 4070 1288 4122 έν
1333 4068 1515 4120 πίστει
1555 4066 1683 4130 λαὸς
1726 4065 1823 4137 τὴν
1851 4064 1928 4136 τῷ

313 4176 321 4227 ξ
357 4162 580 4235 Ἰσραὴλ
594 4161 950 4232 ὀφειλομένην
965 4161 1213 4230 εὐλογίαν
1237 4161 1507 4232 ἥρπασεν,
1530 4157 1928 4230 εὐπετεστέραν

345 4253 488 4325 ἔχων
524 4253 624 4323 τὴν
648 4249 876 4323 γνώμην
903 4250 984 4315 είς
1014 4250 1077 4319 γέ
1106 4266 1192 4303 τοι
1213 4249 1274 4301 τὸ
1293 4248 1406 4302 δεῖν
1435 4249 1543 4311 τοῖς
1572 4246 1736 4310 θείοις
1770 4246 1926 4301 ὑπεί-

346 4362 466 4399 κειν
507 4343 762 4414 νεύμασι,
809 4342 1108 4398 κάντεῦθεν
1141 4343 1274 4412 ἡμῖν
1321 4338 1591 4413 παρέσται
1632 4341 1794 4393 νοεῖν.
1833 4337 1931 4391 Γέ-

347 4455 598 4512 γραπται
630 4436 736 4508 γάρ
762 4437 857 4491 ὡδί
888 4454 902 4468 ·
935 4454 954 4488 ι
979 4436 1226 4505 Ἐγένετο
1250 4434 1307 4487 δὲ
1332 4432 1473 4505 μετὰ
1486 4432 1547 4487 τὸ
1576 4431 1818 4504 γηρᾶσαι
1836 4431 1928 4485 τὸν

360 4532 568 4595 Ἰσαὰκ,
587 4533 679 4584 καὶ
708 4528 1097 4602 ἠμϐλύνθησαν
1113 4527 1161 4579 oi
1179 4525 1447 4596 ὀφθαλμοὶ
1474 4522 1639 4579 αὑτοῦ
1660 4523 1754 4576 τοῦ
1772 4523 1924 4594 ὁρᾷν·

348 4622 456 4676 Καὶ
485 4621 745 4675 ὲκάλεσεν
790 4620 963 4674 Ἠσαῦ
986 4619 1078 4672 τὸν
1113 4617 1225 4671 υίὸν
1248 4616 1413 4671 αὐτοῦ
1437 4616 1527 4671 τὸν
1561 4615 1927 4688 πρωτότοκον,

349 4714 441 4765 καὶ
467 4708 622 4765 εἶπεν
654 4710 800 4781 αὑτῴ
821 4730 833 4742 ·
865 4700 964 4764 Υίέ
996 4727 1120 4781 μου.
1148 4709 1258 4763 Καὶ
1278 4703 1430 4762 εἶπεν
1452 4726 1465 4739 ο
1496 4708 1628 4762 Ἰδοὺ
1658 4705 1789 4774 ἐγώ.
1821 4705 1931 4760 Καὶ

340 4795 521 4853 εἶπεν*
545 4801 678 4855 Ἰδοὺ
709 4799 821 4869 ἐγὼ
847 4802 1155 4872 γεγήρακα,
1180 4800 1273 4852 καὶ
1308 4799 1408 4852 οὐκ
1439 4793 1555 4854 οῖδα
1587 4798 1686 4869 τὴν
1717 4796 1933 4868 ἡμέραν

346 4893 443 4963 τῆς
470 4893 732 4964 τελευτῆς
762 4910 884 4963 μου·
917 4892 1031 4945 Νῦν
1069 4887 1162 4945 οὖν
1199 4890 1330 4945 λάϐε
1361 4891 1423 4944 τὸ
1461 4889 1653 4953 σκεῦός
1683 4906 1797 4951 σου,
1831 4889 1929 4958 τήν

351 5001 410 5038 τε
440 4987 720 5059 φαρέτραν
766 4985 862 5039 καὶ
887 4985 949 5039 τὸ
989 4985 1161 5048 τόξον,
1192 4984 1286 5038 καὶ
1312 4981 1494 5050 ἔξελθε
1520 4984 1599 5046 εἰς
1632 4982 1692 5034 τὸ
1721 4980 1925 5043 πεδίον,

350 5077 444 5132 καὶ
471 5077 741 5151 θήρευσόν
779 5095 869 5148 μοι
901 5077 1094 5147 θήραν,
1127 5076 1219 5128 καὶ
1250 5074 1473 5145 ποίησόν
1504 5090 1594 5143 μοι
1632 5071 1924 5141 ἐδέσματα,

348 5166 423 5232 ὡς
447 5168 587 5237 φιλῶ
617 5167 762 5237 ἐγώ·
801 5166 897 5219 καὶ
954 5163 1142 5232 ἔνεγκέ
1183 5181 1272 5234 μοι
1309 5163 1396 5214 ἴνα
1445 5162 1623 5230 φάγω,
1660 5161 1808 5224 ὅπως
1836 5160 1926 5213 εὐ-

348 5254 552 5330 λογήσῃ
577 5274 638 5309 σε
667 5259 700 5327 ή
729 5255 877 5325 ψυχή
916 5270 1015 5324 μου
1046 5253 1173 5322 πρὶν
1213 5252 1503 5305 ἀποθανεῖν
1549 5267 1633 5320 με.
1672 5269 1691 5301 ι
1745 5248 1929 5303 Ταῦτα

355 5347 453 5415 μὲν
493 5343 586 5402 οὖν
618 5346 727 5417 ἔφη
759 5345 896 5415 πρὸς
938 5343 1027 5397 τὸν
1067 5342 1236 5397 Ἠσαῦ
1274 5345 1302 5395 ὁ
1334 5343 1538 5413 πατὴρ.
1581 5343 1637 5395 Ὁ
1658 5341 1715 5395 δὲ
1752 5359 1930 5412 παρα-

349 5438 536 5510 χρῆμα
571 5440 703 5501 τοὺς
750 5436 845 5489 ἐπὶ
889 5438 953 5507 τῇ
995 5435 1139 5506 θήρᾳ
1183 5432 1544 5504 κατορθώσων
1593 5434 1783 5499 πόνους
1835 5436 1932 5500 τῆς

449 5624 495 5656 ’τ
515 5624 714 5680 Matth.
745 5637 819 5685 iv,
846 5622 902 5687 5;
930 5620 1039 5677 Luc
1064 5636 1170 5686 xxv,
1207 5620 1268 5676 16
1295 5636 1408 5690 seq.

1506 5621 1549 5650 "‘
1578 5620 1718 5674 Psal.
1772 5635 1843 5683 ix,
1880 5618 1969 5671 27.

2020 409 2113 464 Ille
2135 426 2268 466 vero
2305 429 2317 464 :
2352 410 2555 483 Agrum
2584 414 2714 480 emi,
2760 425 2816 471 et
2854 433 2965 472 non
3010 434 3232 488 possum
3256 422 3447 477 venire
3474 426 3540 479 "’.
3572 446 3594 479 ι

2018 499 2185 555 Vides
2208 500 2375 572 igitur
2399 518 2509 572 quo
2533 513 2703 573 pacto
2730 505 2928 561 imitati
2973 518 3102 563 sunt
3131 510 3295 576 Esau,
3323 520 3610 584 tempora-

2021 590 2229 647 riarum
2254 600 2310 648 et
2329 595 2631 650 carnalium
2669 612 2855 651 rerum
2884 598 3202 656 fruitionem
3218 602 3404 673 gloria:
3436 620 3467 660 a
3488 605 3600 661 Deo

2019 682 2219 738 oblatae
2256 685 2638 755 praeferentes,
2688 703 2754 744 ac
2782 697 2995 744 tantum
3040 707 3151 748 non
3181 694 3304 749 aliis
3325 696 3602 768 primoge-

2019 774 2136 829 nita
2201 778 2382 847 raptui
2437 788 2794 850 exponentes.
2841 781 3056 838 Inducti
3105 786 3255 841 enim
3308 797 3438 843 sunt
3495 798 3604 845 sta-

2021 867 2121 921 tim
2181 869 2417 939 gentiles
2466 871 2797 939 credentes,
2860 884 2916 929 et
2963 876 3204 931 debitam
3247 877 3431 934 Israeli
3489 880 3604 951 glo-

2020 961 2158 1015 riam
2198 963 2611 1033 praaripientes,
2677 963 3228 1039 benedictionemque
3293 971 3366 1026 ob
3414 979 3601 1042 prom-

2020 1052 2352 1123 ptitudinem
2405 1053 2471 1108 ad
2529 1054 2897 1112 obedientiam
2964 1061 3328 1129 prmstandam
3380 1072 3436 1117 et
3491 1064 3602 1119 ala-

2020 1143 2274 1199 critatem
2324 1144 2394 1199 ad
2440 1161 2504 1200 ea
2565 1162 2688 1216 quae
2748 1148 2860 1204 Deo
2913 1150 3169 1221 placent,
3230 1155 3597 1224 exsequenda.

2025 1233 2179 1304 10],
2207 1233 2463 1288 Testetur
2496 1245 2679 1291 autem
2703 1238 2864 1294 nobis
2903 1241 3069 1295 etiam
3118 1242 3223 1297 hoc
3249 1242 3471 1298 divinus
3498 1245 3601 1300 Da-

2019 1321 2112 1376 vid
2133 1362 2147 1387 ,
2179 1322 2252 1377 ita
2287 1322 2355 1377 de
2402 1324 2537 1392 ipsis
2578 1324 2770 1381 dicens
2803 1345 2816 1380 :
2855 1347 2872 1378 ι
2897 1328 3241 1384 Desiderium
3295 1347 3600 1402 pauperum

2019 1412 2310 1479 exaudisti,
2338 1414 2587 1482 Domine,
2610 1419 3062 1487 praeparationem
3086 1421 3270 1476 cordis
3289 1439 3478 1478 eorum
3501 1441 3569 1479 au
3586 1453 3601 1466 -

2020 1503 2157 1559 divit
2182 1505 2334 1559 auris
2363 1514 2455 1563 tua
2479 1504 2546 1560 ⁸⁸.
2581 1526 2599 1559 ι
2634 1509 2947 1580 Promptior
2976 1511 3126 1567 enim
3142 1529 3359 1584 semper
3377 1515 3444 1570 ad
3475 1517 3605 1572 obe-

2021 1595 2282 1650 dientiam
2309 1599 2528 1668 gentilis
2548 1601 2643 1670 qui
2686 1599 2849 1655 iidem
2886 1604 3171 1673 amplexus
3221 1615 3336 1669 est,
3388 1608 3602 1663 etiamsi

2022 1687 2281 1743 Israelita:
2330 1688 2490 1759 legali
2544 1690 2836 1762 disciplina
2891 1700 3053 1748 antea
3102 1694 3345 1749 instituti
3396 1708 3599 1752 essent.

2020 1779 2291 1836 Caeterum
2339 1783 2443 1837 etsi
2485 1782 2687 1839 divina:
2734 1784 3001 1840 doctrinae
3049 1788 3282 1856 penuria
3329 1789 3604 1845 laboravit

2021 1871 2268 1943 gentium
2312 1872 2639 1938 multitudo,
2680 1873 2899 1930 facilius
2948 1884 3131 1931 tamen
3194 1892 3259 1931 ac
3292 1879 3603 1949 promptius

2022 1964 2187 2019 ﬁdem
2220 1963 2492 2033 suscepit,
2538 1975 2594 2020 et
2626 1965 2831 2021 Christi
2874 1968 3096 2023 oracula
3129 1969 3305 2024 avidis
3333 1970 3602 2040 quodam-

2020 2057 2188 2113 modo
2233 2058 2460 2112 auribus
2494 2059 2709 2129 excepit
2736 2077 2748 2113 :
2774 2059 2922 2128 quod
2957 2067 3013 2114 et
3054 2060 3170 2130 ipse
3205 2068 3461 2126 testatur,
3505 2078 3604 2132 per

2019 2162 2211 2202 vocem
2237 2148 2458 2203 Davidis
2480 2149 2553 2204 ita
2577 2150 2783 2204 alicubi
2806 2150 2997 2206 dicens
3024 2168 3038 2204 :
3073 2171 3091 2202 ι
3130 2151 3373 2221 P0pulus
3398 2193 3412 2217 ,
3439 2168 3602 2222 quem

2020 2254 2131 2294 non
2159 2239 2409 2312 cognovi,
2446 2242 2670 2296 servivit
2694 2241 2852 2306 mihi,
2880 2242 2937 2295 in
2964 2242 3154 2297 auditu
3185 2244 3338 2298 auris
3359 2243 3604 2300 obedivit

2021 2331 2241 2387 mihi".
2276 2353 2294 2385 ›
2333 2334 2407 2389 De
2441 2332 2637 2391 Israeie
2671 2350 2826 2399 vero,
2858 2335 2953 2405 qui
2968 2337 3081 2406 jam
3107 2336 3275 2391 veluti
3310 2336 3365 2391 in
3392 2338 3602 2392 aliena-

2023 2422 2229 2479 tionem
2287 2425 2634 2495 prociderat,
2664 2431 2843 2497 rieque
2878 2437 3025 2484 recte
3064 2429 3300 2498 amplius
3347 2428 3601 2484 incedere

2019 2515 2259 2580 volebat,
2283 2515 2529 2572 luxatum
2570 2527 2754 2571 autem
2779 2518 3185 2588 quodammodo
3230 2521 3432 2575 mentis
3469 2537 3601 2576 crus

2021 2604 2280 2671 habebat,
2311 2606 2429 2661 ait:
2463 2626 2481 2658 ι
2528 2606 2651 2662 Filii
2699 2607 2864 2661 alieni
2890 2609 3106 2664 mentiti
3149 2620 3279 2665 sunt
3306 2613 3465 2677 mihi,
3497 2613 3596 2668 (iiii

2021 2696 2187 2753 alieni
2242 2697 2531 2753 inveterati
2564 2706 2726 2762 sunt,
2763 2706 2819 2753 et
2851 2699 3301 2756 claudicaverunt
3326 2696 3358 2757 Ξι
3390 2705 3604 2758 semitis

2021 2789 2136 2845 suis
2157 2789 2221 2843 '°.
2257 2808 2275 2840 ι
2305 2789 2488 2844 Recta:
2512 2789 2662 2843 enim
2704 2798 2853 2854 sunt,
2903 2806 3083 2861 neque
3110 2808 3356 2849 erronem
3390 2795 3491 2850 via:
3532 2797 3601 2852 ad

2020 2879 2303 2935 Christum
2334 2879 2621 2945 ducentes,
2665 2881 3051 2961 institutioque
3072 2894 3169 2952 per
3197 2885 3371 2954 legem
3395 2895 3451 2940 et
3474 2903 3604 2942 san-

1950 2994 1996 3054 c
2027 2982 2242 3028 ctorum
2270 2974 2660 3043 prophetarum
2706 2974 2981 3030 vaticinia.
3033 2976 3327 3046 Postquam
3366 2995 3498 3034 vero
3534 2981 3604 3036 ad

2023 3065 2189 3120 ﬁnem
2214 3064 2350 3134 legis
2369 3071 2426 3118 et
2443 3064 2859 3134 prophetarum,
2902 3066 3007 3120 hoc
3032 3075 3117 3121 est
3149 3066 3450 3137 Christum,
3484 3088 3608 3142 pcr-

2021 3165 2314 3221 venerunt,
2344 3155 2796 3213 claudicaverunt
2823 3174 2936 3229 prae
2969 3174 3067 3214 sua
3094 3160 3373 3227 vecordia,
3404 3179 3514 3218 non
3539 3181 3607 3218 ex

2022 3265 2154 3305 sana
2178 3257 2361 3305 mente
2384 3249 2718 3306 contumelia
2742 3251 2921 3322 ipsum
2950 3251 3271 3320 allicientes,
3286 3265 3605 3312 auctorem-

2021 3358 2128 3413 que
2154 3342 2280 3397 vitte
2314 3342 2569 3397 occidere
2593 3359 2705 3398 non
2732 3345 2913 3400 veriti.
2940 3344 3096 3412 Quod
3118 3346 3287 3416 igitur
3330 3363 3506 3403 novus
3552 3349 3608 3403 in

2023 3434 2131 3490 ﬁde
2155 3435 2391 3505 populus
2425 3434 2667 3491 debitam
2714 3436 2900 3492 Israeli
2938 3438 3380 3494 benedictionem
3424 3441 3608 3495 subri-

2023 3527 2225 3598 puerit,
2248 3528 2555 3598 promptius
2584 3528 2785 3584 divinis
2806 3533 3094 3601 praceptis
3116 3532 3442 3603 obsequium
3468 3550 3617 3603 pne-

2024 3616 2239 3682 stando,
2268 3614 2421 3671 illinc
2456 3618 2620 3671 etiam
2659 3617 2968 3691 intelligere
2997 3620 3145 3675 licet.
3174 3621 3252 3675 Ita
3286 3622 3433 3675 enim
3466 3623 3608 3675 scri—

2023 3715 2178 3778 ptum
2199 3715 2284 3761 est
2309 3723 2323 3761 :
2356 3725 2381 3779 c_
2416 3707 2643 3763 Factum
2666 3716 2751 3763 est
2775 3717 2958 3763 autem
2980 3725 3106 3763 cum
3132 3709 3409 3763 senuisset
3437 3708 3607 3771 Isaac,

2024 3797 2267 3854 hebetati
2317 3806 2447 3853 sunt
2493 3798 2641 3853 oculi
2669 3800 2789 3869 ejus
2825 3799 2894 3852 ad
2937 3799 3259 3852 videndum.
3294 3797 3365 3850 Et
3398 3798 3613 3851 vocavit

2025 3890 2170 3945 Esau
2208 3890 2381 3943 ﬁlium
2406 3906 2569 3945 suum
2597 3890 2892 3951 seniorem,
2918 3896 2975 3941 et
3009 3888 3149 3941 dixit
3176 3906 3188 3941 :
3224 3888 3328 3943 Fili
3388 3889 3483 3943 mi.
3506 3888 3610 3956 Qui

2028 3977 2311 4048 respondit
2342 3995 2357 4043 ;
2392 3977 2531 4031 Ecce
2557 3991 2659 4046 ego
2687 4015 2702 4040 ,
2761 3984 2817 4030 et
2844 3975 2983 4029 dixit
3019 3992 3031 4028 :
3061 3976 3201 4031 Ecce
3230 3977 3529 4041 consenui,
3557 3989 3613 4033 et

2029 4084 2140 4123 non
2173 4067 2288 4123 scio
2320 4065 2467 4121 diem
2514 4066 2711 4122 mortis
2748 4080 2901 4121 meat.
2928 4066 3088 4123 Nunc
3115 4083 3245 4139 ergo
3272 4082 3426 4122 sume
3456 4084 3612 4123 arma

2029 4170 2145 4225 tua,
2174 4160 2520 4230 pharetram,
2547 4167 2604 4214 et
2621 4174 2832 4225 arcum,
2860 4166 2917 4214 et
2944 4159 3207 4230 egredere
3231 4159 3378 4214 foras
3408 4177 3420 4213 :
3456 4175 3614 4215 cum-

2028 4266 2135 4321 que
2166 4258 2364 4305 venatu
2390 4247 2596 4319 aliquid
2629 4249 3081 4320 apprehenderis,
3122 4248 3209 4304 fac
3244 4249 3380 4304 mihi
3404 4251 3610 4313 edulia,

2032 4341 2175 4396 sicut
2197 4356 2321 4394 amo
2358 4356 2479 4411 ego,
2516 4348 2572 4395 et
2611 4339 2746 4394 aii‘er
2769 4338 2926 4404 mihi,
2966 4348 3029 4396 ut
3059 4340 3341 4395 comedam
3365 4351 3421 4397 et
3443 4341 3617 4397 benc-

2033 4432 2180 4486 dicat
2235 4433 2334 4486 tibi
2380 4432 2561 4486 anima
2595 4448 2715 4485 mea
2754 4441 3048 4501 antequam
3088 4433 3294 4487 moriar
3330 4433 3392 4485 ³¹.
3426 4452 3444 4484 ι
3491 4434 3618 4488 Ηιυο

2035 4520 2200 4592 igitur
2223 4520 2363 4575 dixit
2403 4529 2559 4591 pater
2582 4521 2647 4575 ad
2672 4521 2837 4576 Esau.
2875 4521 2970 4575 llle
3007 4537 3141 4576 vero
3179 4521 3361 4577 statim
3389 4536 3615 4590 compo-

2035 4628 2173 4667 nens
2218 4628 2275 4667 se
2301 4611 2369 4666 ad
2400 4612 2709 4667 venationis
2757 4612 3005 4678 labores,
3031 4614 3312 4685 egreditur
3352 4612 3536 4677 domo,
3561 4621 3617 4666 et

2035 4703 2272 4759 viriliter
2323 4720 2440 4757 rem
2471 4704 2599 4775 agit.
2648 4704 2790 4771 Quid
2842 4721 2978 4760 vero
3023 4706 3277 4761 interea?
3317 4707 3618 4761 Persuadet

2039 4797 2288 4852 Rebecca
2315 4797 2482 4853 Iacob
2504 4837 2518 4861 ,
2565 4805 2626 4849 ut
2656 4804 2964 4850 antevertat
3012 4797 3193 4859 Esau,
3239 4804 3295 4849 et
3338 4797 3618 4864 praeripiat

2036 4887 2497 4944 benedictionem.
2536 4887 2638 4954 Qui
2680 4888 2899 4958 quidem
2929 4887 3088 4941 initio
3118 4886 3172 4939 id
3202 4885 3381 4939 facere
3404 4878 3617 4940 metue-

2035 4979 2149 5047 bat,
2175 4981 2436 5036 incitante
2475 4989 2657 5035 autem
2695 4988 2891 5042 matre,
2930 4978 3070 5031 duos
3108 4975 3329 5045 quidem
3373 4977 3528 5046 102
3548 4992 3619 5032 ex

2035 5071 2181 5142 agris
2203 5071 2389 5127 haedos
2410 5071 2571 5125 affert
2610 5071 2872 5140 pulchros
2900 5076 2955 5122 et
2981 5068 3210 5123 tenellos
3229 5107 3243 5132 ,
3272 5068 3618 5136 confecitque

2036 5163 2280 5217 edulium
2309 5180 2321 5216 :
2356 5164 2646 5232 imponens
2675 5171 2857 5215 autem
2885 5160 3131 5213 humeris
3155 5158 3347 5227 pelles,
3375 5157 3620 5214 etnudas

2037 5253 2161 5307 colli
2189 5261 2373 5322 partes
2404 5262 2627 5323 tegens,
2670 5252 2900 5319 pulchre
2930 5250 3072 5303 Esau
3112 5246 3403 5302 hirsutiem
3434 5248 3619 5303 imita—

2038 5347 2223 5408 batur,
2254 5353 2315 5397 ut
2338 5343 2511 5413 patris
2539 5355 2734 5394 manus
2757 5339 2993 5400 falleret,
3017 5338 3061 5391 si
3091 5338 3232 5391 forte
3251 5352 3375 5391 eum
3396 5344 3618 5392 contre-

2042 5444 2236 5489 ctaret.
2268 5433 2478 5486 Deinde
2531 5437 2759 5495 accepto
2805 5428 3065 5494 obsonio,
3113 5429 3250 5483 adiit
3300 5436 3621 5497 patrem,et

2618 5605 2660 5635 ⁸ο
2686 5604 2818 5660 ibid.
2856 5607 2931 5661 i6.

2049 5616 2090 5647 εδ
2122 5609 2258 5666 i‘sal.
2291 5624 2415 5671 xm,
2453 5604 2528 5661 lii.
2618 5605 2660 5635 ⁸⁰
2686 5604 2818 5660 ibid.
2856 5607 2931 5661 i6.
3031 5609 3069 5638 ²¹
3101 5608 3233 5663 Ccn.
3279 5622 3400 5669 xxv,
3442 5604 3554 5660 1-4.
