4056 6260
530 238 628 291 167

1552 230 1609 285 S.
1650 224 1923 283 CYRILLI
1962 219 2430 277 ALEXANDRINI
2457 218 2775 275 ARCHIEP.

3664 218 3767 275 168

524 346 662 400 dixit
687 363 700 399 :
738 364 757 396 ι
792 345 969 401 Pater.
998 347 1101 412 Qui
1119 345 1401 417 respondit
1427 363 1439 397 :
1468 345 1609 400 Ecce
1633 357 1752 413 ego.
1779 340 1913 407 Quis
1937 352 1997 392 es
2018 346 2096 399 tu,

2207 331 2389 395 ἑστίας
2412 332 2657 403 ἀπαίρει,
2682 332 2775 385 καὶ
2787 333 3047 395 νεανικῶς
3068 327 3410 395 ἐσκευάζετο.
3432 329 3542 384 Kal
3558 330 3608 383 τί
3628 326 3769 401 μετὰ

527 435 651 489 fili?
708 436 776 489 Et
821 435 960 490 dixit
1012 437 1182 491 Jacob
1235 435 1422 505 patri:
1464 433 1576 503 Ego
1620 432 1764 485 Esau
1831 428 2101 498 primoge-

528 528 677 576 nitus
707 531 832 576 tuus
852 522 982 577 :feci
1013 523 1155 578 sicut
1176 524 1394 577 locutus
1414 537 1475 577 es
1497 519 1653 575 mihi.
1679 518 1919 587 Surgens
1948 513 2097 578 sede,

527 623 584 668 et
606 614 831 668 comede
878 614 946 669 de
990 616 1279 669 venatione
1327 629 1467 677 mea,
1516 620 1578 665 ut
1627 608 1919 663 benedicat
1962 604 2097 657 mihi

529 703 707 757 anima
724 712 834 763 tua.
872 704 1165 774 Postquam
1187 720 1318 759 vero
1343 702 1579 758 comedit
1602 715 1768 755 senex
1794 696 1940 767 quod
1965 696 2098 750 alla-

532 801 647 846 tum
690 802 828 859 erat,
861 796 936 850 ait
973 797 1041 850 ad
1090 796 1262 851 filium
1299 815 1312 850 :
1349 794 1806 865 Appropinquare
1840 789 1976 843 mihi
2002 829 2017 853 ,
2046 795 2101 842 et

533 884 777 937 osculare
808 899 917 948 me,
969 885 1081 951 fili;
1128 895 1186 941 et
1222 888 1667 956 appropinquans
1716 881 1994 935 osculatus
2017 886 2110 933 est.

532 987 674 1039 eum,
707 982 763 1027 et
789 976 1051 1031 odoratus
1073 985 1157 1031 est
1177 976 1400 1031 odorem
1426 975 1873 1029 vestimentorum
1908 970 2098 1039 ipsius,

532 1071 585 1116 et
613 1063 892 1119 benedixit
917 1068 990 1131 ei,
1017 1075 1072 1122 et
1104 1066 1241 1121 dixit
1266 1086 1279 1120 :
1312 1068 1452 1122 Ecce
1499 1065 1635 1121 odor
1664 1063 1762 1117 filii
1804 1062 1929 1125 mei,
1957 1060 2100 1116 sicut

532 1154 667 1208 odor
698 1157 811 1225 agri
838 1157 1014 1226 pleni,
1044 1159 1133 1213 cui
1166 1158 1443 1213 benedixit
1470 1157 1754 1219 Dominus,
1794 1162 1850 1208 et
1878 1153 1971 1207 det
1999 1150 2097 1205 tibi

535 1245 675 1301 Deus
700 1246 767 1301 de
794 1263 917 1303 rore
941 1250 1085 1314 caali,
1117 1258 1171 1304 et
1194 1250 1260 1304 de
1295 1248 1625 1320 pinguedine
1647 1256 1825 1310 terrae,
1850 1244 2100 1298 multitu-

533 1335 717 1391 dinem
747 1337 1008 1394 frumenti
1041 1349 1096 1394 et
1131 1341 1243 1394 vini
1273 1348 1369 1395 :-et
1396 1339 1635 1394 serviant
1664 1337 1762 1392 tibi
1807 1344 2015 1407 gentes,
2046 1342 2103 1389 et

532 1426 832 1481 adorentte
863 1428 1139 1498 principes
1160 1469 1173 1493 ,
1202 1437 1257 1483 et
1285 1437 1403 1483 esto
1432 1427 1688 1481 dominus
1711 1424 1897 1479 fratris
1919 1425 2019 1486 tui,
2046 1429 2103 1478 et

531 1518 835 1574 adorabunt
890 1529 941 1574 te
986 1519 1083 1574 ﬁlii
1118 1520 1290 1589 patris
1324 1520 1423 1572 tui.
1455 1518 1560 1584 Qui
1607 1515 1951 1570 maledixerit
1972 1513 2100 1578 tibi,

531 1607 601 1663 sit
647 1609 1008 1673 maledictus;
1040 1617 1095 1663 et
1122 1608 1452 1662 benedicens
1492 1605 1612 1669 tibi,
1637 1604 1959 1659 benedictus
1980 1603 2045 1654 ⁵⁸.
2078 1621 2095 1654 ι

2198 419 2390 485 τοῦτο;
2428 420 2615 472 Πείθει
2658 419 2921 473 Ῥεϐέκκα
2964 421 3057 473 τὸν
3114 418 3306 473 Ἰακὼϐ
3343 418 3545 489 φθάσαι
3582 434 3642 472 τε
3676 420 3766 472 τὸν

2212 508 2419 576 Ἠσαῦ,
2448 510 2542 562 καὶ
2590 509 2695 580 μὴν
2740 511 2835 564 καὶ
2885 510 3124 582 ἁρπάσαι
3174 509 3272 582 τὴν
3306 510 3577 579 εὐλογίαν.
3628 512 3684 564 '0
3710 510 3769 564 δὲ

2199 599 2356 653 τοῦτο
2388 601 2520 671 δρᾷν
2552 601 2742 654 ἐδεδίει
2776 603 2874 672 μὲν
2921 602 2980 666 ἐξ
3008 603 3182 673 ἀρχῆς
3202 619 3214 631 ·
3246 598 3673 673 παραθηγούσης
3709 601 3768 654 δὲ

2198 691 2297 761 τῆς
2326 691 2549 763 μητρὸς,
2577 690 2670 744 δύο
2705 691 2804 762 μὲν
2830 691 2891 756 ἐξ
2922 692 3107 763 ἀγρῶν
3129 693 3351 763 ἐρίφους
3374 691 3637 761 εἰσφέρει,
3672 706 3771 745 κα-

2200 778 2327 841 λούς
2355 797 2413 831 τε
2441 781 2535 833 καὶ
2561 779 2822 847 ἁπαλοὺς,
2850 782 2943 833 καὶ
2959 781 3240 850 ὀψοποιίας
3262 781 3467 852 ἥπτετο
3484 796 3500 814 ·
3525 780 3768 851 περιθεὶς

2202 870 2259 923 δὲ
2297 874 2406 934 τοῖς
2429 870 2600 941 ῶμοις
2630 871 2697 925 τὰ
2723 872 2987 942 δέρματα,
3026 872 3120 924 καὶ
3154 872 3253 941 τῆς
3286 872 3470 943 δειρῆς
3499 870 3570 924 τὰ
3590 873 3774 942 γυμνά

2202 962 2700 1031 κατημφιεσμένος,
2747 962 3078 1032 ἀπεμιμεῖτο
3114 960 3294 1024 καλῶς
3328 962 3425 1033 τὴν
3474 962 3645 1015 Ἠσαῦ
3678 961 3774 1014 δα·-

2203 1049 2431 1119 σύτητα,
2478 1051 2569 1103 καὶ
2612 1051 2673 1104 τὸ
2718 1051 2854 1119 ἄγαν
2897 1050 3258 1121 λασιὸτριχες,
3309 1052 3384 1114 ὡς
3416 1051 3482 1105 ἂν
3513 1051 3774 1124 διαπαίζῃ

2200 1143 2300 1206 τὰς
2332 1143 2423 1195 τοῦ
2470 1142 2672 1214 πατρὸς
2704 1147 2913 1214 χεῖρας,
2951 1144 2999 1196 εί
3042 1141 3300 1212 ἐπαφῷτο
3342 1143 3523 1213 τυχόν.
3558 1139 3689 1197 Εἶτα
3716 1145 3776 1198 τὸ

2201 1234 2330 1303 ὄψον
2361 1236 2440 1298 εἰς
2467 1238 2656 1305 χεῖρας
2689 1234 2846 1297 ἐλὼν,
2880 1235 3080 1288 είσέθει
3104 1236 3243 1306 πρὸς
3279 1235 3371 1288 τὸν
3402 1237 3641 1309 πατέρα,
3681 1238 3776 1291 καὶ

2201 1323 2266 1393 δὴ
2296 1322 2391 1375 καὶ
2416 1322 2621 1390 ἔφασκε
2643 1339 2656 1352 ·
2696 1342 2715 1374 ‹
2742 1323 2946 1396 Πάτερ.
2987 1324 3046 1378 'O
3072 1325 3129 1378 δὲ
3152 1320 3323 1379 εἷπεν·
3369 1326 3497 1380 Ἰδοὺ
3526 1326 3653 1396 ἐγώ.
3680 1329 3775 1392 Τίς

2203 1408 2255 1465 εἷ
2298 1413 2384 1476 σὺ,
2435 1414 2646 1470 τέκνον.
2693 1415 2804 1467 Kal
2841 1410 2993 1470 εἶπεν
3046 1414 3237 1469 Ἰακὼϐ
3274 1416 3353 1486 τῷ
3394 1419 3591 1491 πατρί·
3638 1418 3778 1488 Ἐγὼ

2217 1502 2390 1556 Ἠσαῦ
2410 1505 2439 1556 6
2455 1505 2795 1575 πρωτότοκος
2812 1522 2925 1573 σου,
2944 1505 3086 1559 καθά
3109 1506 3377 1577 ἐλάλησάς
3398 1526 3486 1579 μοι
3510 1509 3740 1581 ἐποίησα
3758 1547 3779 1567 ο

2216 1596 2478 1659 Ἀναστάς
2524 1596 2768 1661 κάθισον,
2800 1597 2894 1650 καὶ
2949 1597 3090 1666 φάγε
3131 1598 3229 1667 τῆς
3259 1599 3431 1671 θήρας
3476 1616 3597 1670 μου,
3630 1601 3780 1668 ὅπως

531 1702 835 1757 Antevertit
892 1704 1075 1771 itaque
1144 1702 1310 1757 Iacob
1369 1700 1809 1756 benedictionem
1881 1700 2100 1770 patris:

2207 1687 2476 1761 εὐλογήσῃ
2508 1706 2575 1760 με
2609 1675 2812 1761 ἡψυχή
2853 1707 2971 1746 σου.
3013 1690 3230 1763 Ἐπειδὴ
3273 1692 3330 1746 δὲ
3365 1694 3724 1766 κατεδήδοκεν
3749 1699 3779 1752 6

531 1793 730 1848 deinde
754 1808 885 1847 vero
917 1808 983 1847 ex
1004 1794 1147 1863 agris
1189 1802 1378 1862 postea
1408 1792 1559 1847 venit
1591 1793 1733 1847 Esau
1781 1807 1906 1846 cum
1933 1807 2102 1845 vena-

534 1885 705 1938 tione.
751 1882 888 1938 Cum
928 1899 1061 1937 vero
1107 1899 1227 1938 eam
1261 1885 1401 1953 patri
1453 1884 1765 1947 obtulisset,
1808 1884 2105 1938 frustratus

532 1981 681 2039 erat,
714 1982 770 2028 et
802 1974 947 2043 quod
998 1982 1256 2028 evenerat
1296 1974 1510 2029 didicit.
1547 1974 1771 2029 Audivit
1803 1974 1950 2029 enim
1996 1981 2107 2028 sta-

534 2065 632 2119 tim
664 2082 677 2119 :
710 2084 729 2117 ‹
757 2066 995 2120 Veniens
1013 2065 1184 2121 frater
1222 2075 1348 2120 tuus
1376 2065 1773 2131 fraudulenter,
1818 2065 2106 2136 praeripuit

408 2227 417 2235 .
532 2156 971 2212 benedictionem
1027 2166 1197 2211 tuam.
1235 2176 1253 2209 ι
1295 2157 1521 2212 Dicente
1571 2164 1754 2212 autem
1804 2156 1948 2212 Esau
1991 2171 2106 2210 non

528 2248 737 2319 absque
764 2249 1015 2319 lacrymis
1047 2267 1059 2301 :
1101 2268 1120 2300 ‹
1151 2249 1295 2303 Num
1340 2249 1657 2305 benedictio
1681 2250 1843 2303 unica
1873 2249 1973 2303 tibi
1999 2257 2103 2313 est,

532 2340 722 2407 pater?
754 2340 992 2396 Benedic
1043 2342 1208 2395 etiam
1265 2341 1422 2394 mihi.
1462 2341 1610 2394 Dixit
1649 2356 1867 2394 rursum
1903 2340 2052 2395 Isaac
2089 2358 2104 2394 :

534 2430 670 2484 Ecce
713 2429 781 2483 de
821 2430 1154 2501 pinguedine
1184 2438 1345 2485 terra;
1370 2430 1477 2484 erit
1503 2430 1770 2484 habitatio
1797 2438 1908 2494 tua,
1940 2440 1997 2485 et
2038 2431 2107 2486 de

533 2536 656 2576 rore
687 2522 812 2577 caeli
835 2521 1094 2592 desuper,
1125 2530 1180 2577 et
1223 2522 1279 2575 in
1308 2522 1489 2592 gladio
1517 2529 1611 2575 tuo
1640 2520 1793 2576 vives
1815 2562 1829 2585 ,
1861 2529 1917 2576 et
1949 2521 2107 2576 fratri

533 2621 628 2666 tuo
653 2610 876 2665 servies.
904 2611 1023 2666 Erit
1050 2618 1232 2666 autem
1256 2611 1474 2681 quando
1501 2611 1744 2681 deponas
1772 2619 1827 2665 et
1849 2611 2108 2666 detrahas

532 2704 716 2773 iugum
747 2703 867 2774 ejus
891 2702 958 2757 de
980 2702 1123 2757 collo
1146 2711 1241 2757 tuo
1265 2702 1329 2754 ⁸³.
1357 2721 1375 2754 ι
1398 2701 1529 2769 Quae
1559 2702 1742 2772 itaque
1778 2702 1896 2757 fuse
1929 2703 2106 2756 histo-

533 2793 615 2847 ria
640 2792 1016 2863 prosequitur,
1052 2793 1108 2845 in
1149 2806 1320 2861 pauca
1360 2791 1778 2857 contrahentes,
1810 2790 2110 2845 lectoribus

531 2885 937 2955 proposuimus.
971 2884 1350 2943 Neccosarium
1378 2899 1511 2939 vero
1557 2899 1677 2939 esse
1705 2899 1922 2948 censeo,
1949 2882 2107 2937 rudia

530 2978 648 3031 hate
671 2975 740 3030 ad
768 2976 1109 3046 spir‘itualem
1144 2990 1366 3030 sensum
1401 2974 1716 3030 transferre.

2205 1781 2518 1853 πρεσϐύτης
2543 1782 2605 1836 τὸ
2645 1785 3033 1855 προκομισθὲν,
3064 1784 3168 1856 ἔφη
3197 1786 3332 1855 πρὸς
3356 1785 3417 1840 τὸ
3453 1788 3739 1858 μειράκιον
3762 1806 3779 1822 ·

2208 1873 2463 1941 Ἓγγισόν
2502 1892 2614 1946 μοι,
2648 1876 2744 1929 καὶ
2776 1876 3001 1946 φίλησόν
3048 1894 3134 1945 με,
3173 1876 3380 1933 τέκνον.
3413 1879 3522 1931 Καὶ
3552 1880 3779 1948 ἐγγίσας

2203 1965 2457 2036 ἐφίλησεν
2479 1967 2637 2020 αὐτόν
2658 1983 2671 1997 ·
2708 1970 2804 2020 καὶ
2833 1967 3127 2039 ὠσφράνθη
3155 1971 3254 2039 τῆς
3285 1970 3462 2041 ὀσμῆς
3502 1971 3615 2024 τῶν
3651 1973 3777 2041 ίμα-

2201 2058 2333 2111 τίων
2374 2058 2565 2124 αὐτοῦς
2606 2060 2701 2112 καὶ
2744 2060 3035 2132 εὐλόγησεν
3060 2062 3240 2124 αὐτὸν,
3270 2062 3362 2116 καὶ
3412 2060 3566 2116 εἷπεν
3595 2065 3777 2135 αὐτῷ·

2217 2148 2349 2201 Ἰδοὺ
2380 2148 2524 2219 ὀσμὴ
2561 2150 2656 2202 τοῦ
2699 2150 2815 2203 υἱοῦ
2867 2169 2989 2221 μου,
3026 2153 3101 2216 ὡς
3131 2153 3274 2225 ὀσμὴ
3318 2153 3489 2224 ἀγροῦ
3539 2154 3782 2226 πλήρους

2204 2239 2262 2294 ὃν
2317 2241 2578 2309 εὐλόγησε
2616 2242 2840 2314 Κύριος,
2895 2244 2989 2297 καὶ
3024 2245 3136 2316 δῴη
3173 2263 3253 2299 σοι
3293 2246 3501 2317 Κύριος
3528 2246 3637 2301 ἀπὸ
3679 2249 3781 2319 τῆς

2205 2333 2395 2404 δρόσου
2424 2333 2518 2385 τοῦ
2549 2333 2799 2403 οὐρανοῦ,
2832 2335 2926 2389 καὶ
2958 2335 3068 2389 ἀπὸ
3095 2337 3196 2407 τῆς
3228 2338 3485 2408 πιότητος
3516 2338 3612 2410 τῆς
3653 2338 3776 2409 γῆς.

2207 2426 2409 2499 πλῆθος
2438 2426 2586 2480 σίτου
2614 2429 2709 2480 καὶ
2728 2429 2898 2484 οἴνου.
2928 2431 3038 2483 Kal
3058 2429 3498 2485 δουλευσάτωσάν
3522 2446 3603 2482 σοι
3627 2427 3779 2498 ἔθνη,

2207 2519 2300 2572 καὶ
2328 2520 2867 2590 προσκυνησάτωσάν
2900 2538 2982 2574 σοι
3003 2523 3283 2591 ἄρχοντες,
3306 2520 3401 2574 καὶ
3423 2521 3573 2589 γίνου
3592 2518 3782 2588 κύριος

2205 2611 2297 2662 τοῦ
2332 2609 2563 2679 ἀδελφοῦ
2600 2629 2715 2665 σου.
2751 2612 2846 2665 καὶ
2886 2613 3326 2684 προσκυνήσουσί
3357 2629 3439 2665 σοι
3466 2614 3514 2665 οἱ
3551 2609 3656 2665 υἱοὶ
3685 2608 3782 2664 τοῦ

2207 2700 2409 2771 πατρός
2441 2718 2558 2755 σου.
2598 2701 2654 2755 '0
2674 2702 3061 2774 καταρώμενός
3090 2719 3149 2755 σε
3172 2741 3186 2765 ,
3224 2702 3623 2773 ἐπικατάρατος
3642 2719 3656 2733 ·
3687 2703 3786 2756 καὶ

2207 2793 2235 2844 6
2272 2791 2511 2858 εὐλογῶν
2533 2809 2614 2858 σε,
2641 2792 3025 2863 εὐλογημένος.
3064 2811 3084 2846 ›
3120 2793 3329 2847 Οὐκοῦν
3366 2791 3781 2865 προαποκεκέρσ

2206 2883 2337 2951 δηκε
2361 2883 2459 2953 μὲν
2502 2882 2694 2936 Ἰακὼὸ
2720 2883 2815 2954 τὴν
2839 2884 2990 2955 παρά
3010 2882 3104 2937 τοῦ
3129 2885 3333 2955 πατρὸς
3348 2884 3598 2952 εὐλογίαν
3615 2900 3630 2914 '
3664 2879 3788 2937 εἶτα

2207 2975 2458 3045 δεύτερον
2488 2975 2547 3040 ἐξ
2571 2975 2756 3046 ἀγρῶν
2799 2975 3026 3029 κατόπιν
3057 2975 3275 3048 ἔρχεται
3315 2976 3415 3048 τὴν
3444 2976 3616 3047 θήραν
3646 2973 3786 3028 ἐλὼν

531 3068 559 3118 6
600 3067 790 3122 Ἡσαῦ.
822 3070 1201 3140 Προσκομίσας
1230 3068 1287 3122 δὲ
1338 3069 1416 3141 τῷ
1442 3071 1627 3142 πατρὶ,
1658 3072 1909 3142 περιττὸς
1945 3066 2013 3143 ἦν
2073 3069 2175 3136 ἔτι,
2216 3070 2308 3124 καὶ
2364 3070 2427 3123 τὺ
2481 3069 2703 3139 γεγονὸς
2756 3069 3087 3126 ἐδιδάσκετο.
3138 3072 3373 3126 Ἤκουσε
3429 3069 3537 3141 γὰρ
3582 3068 3782 3132 εὐθύς⁸

536 3179 554 3209 ι
615 3159 813 3212 Ἐλθων
850 3162 879 3212 6
916 3162 1146 3232 ἀδελφός
1187 3180 1307 3229 σου,
1352 3164 1491 3235 μετὰ
1534 3164 1686 3218 δόλου
1734 3164 1895 3218 ἔλαϐε
1920 3164 2021 3233 τὴν
2065 3163 2315 3231 εὐλογίαν
2383 3181 2496 3217 σου.
2541 3183 2561 3217 ›
2594 3165 2707 3218 Οὐκ
2729 3164 2995 3236 ἀδακρυτὶ
3022 3163 3079 3218 δὲ
3141 3163 3410 3232 λέγοντος,
3439 3183 3457 3216 ι
3496 3163 3588 3233 Μὴ
3640 3164 3786 3216 εὐλο-

532 3251 624 3319 γία
662 3250 760 3321 μία
805 3250 957 3304 ἔσται
1004 3271 1106 3317 σοι,
1137 3255 1356 3325 πάτερ;
1409 3256 1701 3326 εὐλόγησον
1733 3255 1797 3326 δὴ
1829 3255 2009 3326 κάμέο
2051 3255 2153 3326 ἔφη
2193 3254 2352 3308 πάλιν
2412 3257 2439 3307 6
2493 3256 2701 3308 Ἰσαάκ·
2759 3255 2887 3308 Ἰδοὺ
2942 3253 3051 3309 ἀπὸ
3094 3255 3195 3326 τῆς
3244 3256 3498 3325 πιότητος
3542 3254 3643 3324 τῆς
3683 3255 3786 3325 γῆς

531 3344 684 3398 ἔσται
708 3348 740 3414 ὴ
771 3347 1088 3418 κατοίκησίς
1119 3366 1212 3401 σου
1237 3367 1251 3381 ·
1291 3349 1386 3403 καὶ
1411 3351 1520 3403 ἁπδ
1563 3351 1663 3420 τῆς
1691 3350 1880 3422 δρόσου
1906 3348 1999 3402 τοῦ
2033 3348 2261 3419 οὐρανοῦ
2289 3347 2516 3414 ἀνωθεν,
2542 3350 2637 3402 καὶ
2673 3348 2766 3402 ἐπὶ
2804 3351 2868 3418 τῇ
2899 3347 3141 3420 μαχαίρᾳ
3209 3366 3301 3403 σου
3363 3350 3524 3423 ζήσῃ,
3556 3349 3652 3402 καὶ
3710 3346 3788 3417 τῷ

531 3435 742 3507 ἀδελφῷ
771 3454 865 3489 σου
898 3438 1221 3503 δουλεύσεις.
1252 3440 1443 3493 Ἔσται
1474 3439 1531 3493 δὲ
1555 3439 1717 3508 ἡνίκα
1740 3440 1835 3493 ἐὰν
1862 3438 2098 3510 καθέλῃς
2132 3438 2227 3491 καὶ
2254 3437 2489 3509 ἐκλύσης
2511 3438 2602 3491 τὸν
2634 3438 2794 3506 ζυγὸν
2835 3437 2999 3491 αὐτοῦ
3027 3439 3135 3492 ἀπὸ
3173 3437 3267 3494 τοῦ
3306 3439 3578 3509 τραχήλου
3607 3453 3721 3493 σου.
3762 3453 3782 3489 ι

531 3530 605 3583 Τὸ
641 3533 740 3600 μὲν
772 3527 885 3585 οῦν-
903 3534 1002 3603 τῆς
1039 3534 1281 3603 ἱστορίας
1333 3534 1746 3603 συνενεγκόντες
1772 3535 1993 3599 πλάτος,
2028 3533 2103 3597 ὡς
2141 3535 2201 3588 ἐν
2231 3532 2435 3601 ὀλίγοις
2459 3533 2680 3603 κομιδῇ,
2711 3535 2823 3596 τοῖς
2883 3533 3285 3604 ἐντευξομένοις
3314 3530 3374 3587 εὖ
3407 3532 3553 3605 μάλα
3606 3549 3789 3607 παρα-

530 3625 872 3693 τεθείκαμεν.
913 3627 1125 3697 Χρῆναι
1169 3627 1226 3680 δὲ
1270 3628 1660 3698 ὑπολαμϐάνω,
1700 3631 1813 3693 τοῖς
1858 3627 2132 3697 αἰσθητῶς
2164 3626 2443 3696 γεγονόσιν
2475 3628 2784 3699 ἐφαρμόσαι
2812 3627 2883 3680 τὰ
2907 3628 3267 3698 πνευματικά.
3756 3702 3760 3707 ⁸

598 3724 655 3778 4.
691 3722 939 3778 Dicimus
964 3724 1169 3794 itaque,
1200 3725 1348 3795 quod
1371 3725 1539 3781 etiam
1565 3734 1691 3780 ante
1719 3726 1875 3791 alios,
1900 3725 1956 3779 in
1978 3723 2104 3790 ﬁde,

2280 3724 2341 3778 δ’.
2381 3722 2567 3794 Φαμὲν
2598 3718 2691 3777 οῦν
2718 3723 2800 3777 ὅτι
2828 3722 2922 3777 καὶ
2967 3724 3074 3795 πρό
3099 3740 3164 3792 γε
3191 3722 3301 3776 τῶν
3349 3722 3546 3791 ἀλλων,
3598 3722 3709 3780 τῶν
3733 3725 3794 3780 ὲν

529 3813 774 3885 inquam,
799 3823 855 3869 et
879 3814 936 3868 in
969 3814 1189 3870 Christo
1215 3823 1456 3882 vocatos,
1484 3816 1730 3871 omnium
1751 3816 2016 3870 Dominus
2042 3830 2108 3871 ac

529 3906 691 3960 Pater
717 3905 996 3961 mandavit
1018 3905 1226 3971 lsraeli,
1251 3907 1422 3961 veluti
1446 3906 1795 3977 splendidum
1829 3906 2107 3976 quoddam

529 4008 732 4052 munus
757 4038 771 4062 ,
817 4005 873 4052 et
900 4007 1155 4067 tanquam
1207 3998 1481 4054 bonorum
1510 3998 1762 4053 laborum
1793 3998 2106 4054 mercedem

530 4088 737 4143 oﬂ'erre
763 4089 929 4142 vitam
963 4089 1065 4158 ipsi
1092 4091 1428 4158 placentem,
1468 4090 1624 4160 103
1664 4106 1786 4161 quas
1813 4105 1912 4161 per
1938 4089 2107 4144 vitam

529 4176 760 4245 legalem
798 4177 1084 4230 veteribus
1126 4179 1284 4246 prius
1312 4178 1591 4245 descripta
1638 4177 1774 4243 fuit,
1820 4179 1961 4249 typis
1984 4186 2107 4231 tan-

442 4326 449 4333 .
532 4275 647 4318 tum
670 4280 781 4318 non
802 4265 1038 4330 obtecta,
1069 4281 1133 4318 ac
1162 4266 1334 4319 veluti
1356 4266 1412 4318 in
1441 4265 1578 4319 silva
1609 4266 1804 4330 latens,
1835 4267 1892 4319 in
1915 4267 2111 4321 litterae

532 4351 846 4421 superficie,
882 4368 1062 4422 neque
1100 4369 1233 4408 vero
1284 4354 1859 4423 incomprehensibilis
1900 4355 1968 4409 iis
2015 4356 2110 4425 qui

532 4440 731 4495 sectari
774 4455 893 4495 eam
947 4440 1157 4506 velint,
1200 4458 1299 4512 per
1343 4442 1681 4513 spiritualem
1712 4459 1775 4499 ac
1812 4443 2110 4515 perfectam

533 4530 1074 4601 contemplationem.
1105 4531 1241 4598 Hoc,
1270 4541 1329 4588 ut
1360 4533 1618 4598 arbitror,
1654 4542 1758 4599 est,
1794 4533 1939 4604 quod
1963 4535 2111 4590 Isaac

534 4620 721 4691 cupiat
748 4620 1094 4675 venationem
1126 4622 1291 4677 Esau.
1329 4621 1598 4677 Cancrum
1629 4622 1957 4693 imperatum
1982 4623 2109 4692 qui-

534 4711 661 4765 dem
680 4709 814 4775 fuit,
846 4719 908 4765 ut
946 4710 1080 4777 dixi,
1103 4712 1309 4778 lsraeli,
1343 4720 1399 4767 et
1427 4712 1703 4767 facturum
1748 4728 1806 4768 se
1833 4715 2105 4783 promisit.

534 4799 680 4855 Dixit
708 4800 857 4855 enim
877 4801 933 4856 in
955 4801 1173 4857 Choreb
1196 4811 1523 4873 congregata
1550 4801 1625 4857 ibi
1651 4804 1934 4869 concione,
1965 4806 2106 4860 Deo-

531 4908 639 4962 que
670 4894 727 4949 in
766 4894 949 4964 specie
981 4893 1122 4965 ignis
1154 4893 1210 4947 in
1248 4903 1490 4948 montem
1540 4892 1669 4947 Sina
1698 4893 2066 4952 descendente
2093 4915 2105 4950 :

540 5001 560 5034 ι
593 4982 809 5048 Omnia,
842 4999 965 5054 qua:
1012 4982 1212 5038 dixerit
1242 4982 1506 5038 Dominus
1545 4984 1710 5046 Deus,
1746 4981 2028 5048 faciemus,
2055 4994 2110 5039 et

2209 3815 2412 3879 πίστει,
2448 3831 2523 3884 φη
2533 3814 2614 3884 μὶ,
2638 3812 2731 3867 καὶ
2759 3815 2816 3867 ἐν
2842 3813 3063 3890 Χριστῷ
3091 3813 3465 3885 κεκλημένων,
3486 3812 3793 3890 τῷἸσραὴλ

2208 3905 2514 3959 ἐνετέλλετο
2540 3906 2569 3958 6
2594 3904 2704 3958 τῶν
2747 3904 2884 3958 ὅλων
2915 3887 3192 3975 Δεσπότης
3234 3905 3329 3958 καὶ
3362 3906 3572 3977 Πατὴρ,
3608 3887 3789 3972 ξένιον

2208 3996 2397 4068 ὥσπερ
2424 4014 2475 4050 τι
2494 3995 2766 4067 λαμπρὸν,
2790 3996 2885 4050 καὶ
2904 3997 3150 4068 καρποὺς
3170 3997 3489 4061 ἐπιεικείας,
3511 3998 3606 4052 καὶ
3628 3999 3791 4054 οἱονεὶ
3856 3986 3865 4001 ⁸

2208 4090 2385 4143 πόνων
2419 4088 2637 4158 ἀγαθῶν
2689 4089 2997 4160 εὑρήματα,
3034 4089 3428 4159 προσκομίζειν
3462 4089 3787 4159 ἐπείγεσθαι

2209 4183 2309 4253 τὴν
2342 4182 2680 4236 ἀνδάνουσαν
2712 4180 2861 4250 αὐτῷ
2886 4180 3158 4234 πολιτείαν
3188 4182 3280 4234 καὶ
3308 4181 3475 4252 ζωὴν,
3506 4181 3541 4253 ἢ
3571 4181 3661 4236 διὰ
3688 4181 3789 4251 τῆς

2211 4276 2267 4326 ἐν
2302 4275 2450 4345 νόμῳ
2472 4275 2615 4345 ζωῆς
2638 4276 2753 4337 τοῖς
2782 4273 2948 4328 πάλαι
2986 4272 3453 4344 προαλιεγράφετο,
3502 4274 3790 4343 μονονουχὶ

2211 4366 2321 4427 τοῖς
2354 4362 2548 4426 τύποις
2588 4364 3034 4435 ἐγκεκρυμμένη,
3067 4363 3161 4416 καὶ
3203 4363 3278 4427 ὡς
3317 4362 3418 4434 ῦλη
3449 4362 3789 4419 λανθάνουσα

2211 4451 2289 4523 τῷ
2331 4452 2569 4525 περιττῷ
2599 4452 2692 4505 τοῦ
2724 4455 3069 4525 γράμματος,
3120 4447 3219 4508 οὐκ
3254 4453 3533 4517 ἀνάλωτός
3584 4469 3648 4523 γε
3685 4455 3790 4527 μὴν

2210 4545 2323 4606 τοῖς
2367 4542 2610 4596 ἐθέλουσι
2659 4542 2956 4617 φιλοθηρᾷν
3000 4545 3086 4599 διὰ
3125 4546 3225 4617 τῆς
3272 4546 3331 4600 ἐν
3375 4546 3648 4615 πνεύματι
3696 4546 3791 4600 καὶ

2211 4631 2469 4704 ἀκριϐοῦς
2511 4632 2763 4704 θεωρίας.
2800 4633 2989 4701 Τοῦτο,
3031 4630 3211 4706 οἶμαι,
3241 4635 3359 4690 ἐστὶ
3378 4633 3439 4687 τὺ
3474 4635 3574 4705 τῆς
3618 4634 3788 4690 Ἡσαῦ

2212 4722 2382 4795 θήρας
2425 4723 2760 4796 ἐπιθυμῆσαι
2797 4726 2890 4779 τὸν
2935 4727 3139 4781 Ἰσαάκ.
3186 4727 3346 4782 Ἀλλά
3386 4727 3791 4799 προσετάττετο

2215 4814 2334 4884 μὲν,
2371 4813 2620 4885 καθάπερ
2643 4813 2799 4885 ἔφην,
2832 4817 2861 4868 ό
2916 4815 3153 4887 Ἰσραὴλ,
3193 4817 3286 4870 καὶ
3311 4815 3374 4889 δὴ
3398 4818 3494 4872 καὶ
3523 4817 3793 4889 ὑπέσχετο

2211 4901 2530 4973 κατορθοῦν.
2564 4905 2708 4975 Ἐφη
2740 4905 2846 4977 γὰρ
2875 4905 2933 4958 ἐν
2958 4907 3162 4978 Χωρὴὸ
3205 4907 3670 4981 συνηθροισμένης
3691 4910 3793 4980 τῆς

2210 4993 2531 5064 ἐκκλησίας,
2565 4998 2658 5048 καὶ
2685 4997 2742 5050 ἐν
2774 4996 2902 5050 εῖδει
2934 4997 3104 5069 πυρὸς
3128 4997 3222 5050 ἐπὶ
3267 4998 3329 5051 τὸ
3362 4998 3487 5069 ὅρος
3526 4999 3658 5053 Σινὰ
3691 5015 3790 5053 κα-

531 5076 740 5131 erimus
770 5076 1091 5134 obedientes
1117 5077 1182 5131 “.
1219 5096 1238 5129 ι
1279 5075 1568 5147 Negligens
1594 5084 1778 5131 autem
1815 5075 2108 5131 admodum

2213 5086 2641 5162 ταφοιτὴσαντος
2662 5086 2797 5141 Θεοῦ
2821 5105 2835 5116 ’
2876 5108 2894 5141 ι
2927 5090 3113 5142 Πάντα
3143 5090 3242 5143 ὅσα
3274 5089 3340 5144 ἂν
3372 5091 3501 5162 εἴπῃ
3526 5089 3735 5162 Κύριος
3760 5092 3789 5144 6

532 5166 910 5235 deprehensus
934 5176 1016 5223 est
1046 5184 1115 5223 ex
1164 5167 1331 5222 rebus
1376 5166 1510 5236 ipsis
1532 5209 1546 5232 ,
1589 5167 1803 5223 etiamsi
1829 5166 2007 5224 facilis
2049 5170 2107 5224 in

531 5260 921 5331 promittendo.
974 5260 1187 5316 Idcirco
1214 5259 1360 5316 cedit
1402 5276 1562 5315 suum
1592 5260 1793 5328 locum,
1835 5272 1997 5332 atque
2031 5263 2105 5319 ita

533 5350 912 5420 supplantator
939 5349 1106 5406 Jacob
1129 5367 1257 5406 eum
1294 5352 1609 5417 antevertit,
1632 5352 1738 5408 hoc
1773 5360 1893 5416 εει,
1930 5369 2106 5409 novus

533 5444 590 5498 in
617 5443 723 5499 fide
742 5445 997 5514 populus.
1019 5445 1226 5502 Obtulit
1243 5447 1388 5503 enim
1418 5446 1530 5501 Deo
1549 5461 1671 5517 quae
1684 5447 1798 5518 ipse
1820 5448 2098 5518 cupiebat,

2211 5160 2363 5244 θεὸς,
2400 5180 2721 5249 ποιήσομεν,
2769 5181 2863 5234 καὶ
2902 5181 3265 5253 ἀκουσόμεθα.
3321 5200 3340 5234 ι
3388 5160 3697 5254 ’Λμελητὴς
3731 5182 3787 5236 δὲ

2212 5268 2332 5323 λίαν
2365 5272 2722 5342 κατεφωρᾶτο
2762 5271 2853 5327 διὰ
2882 5274 2989 5326 τῶν
3024 5264 3386 5344 πραγμάτων,
3418 5273 3597 5327 καίτοι
3651 5274 3786 5344 πρό-

2211 5375 2391 5429 χειρος
2431 5359 2508 5414 ὢν
2534 5362 2614 5425 είς
2654 5362 3003 5431 ἐπαγγελίαν.
3027 5365 3296 5435 Ταύτῃτοι
3339 5367 3433 5419 καὶ
3475 5364 3565 5419 διά
3620 5366 3785 5435 μέσου

2210 5454 2417 5522 χωριεῖ,
2455 5454 2645 5524 φθάνει
2684 5472 2742 5510 τε
2773 5454 2944 5522 οὕτως
2973 5459 3002 5511 6
3030 5457 3601 5530 πτερνιστὴςῇῐακὼὸ,
3631 5475 3789 5514 τουτ-

620 5616 663 5649 ⁸¹
687 5617 821 5674 Gen.
853 5635 978 5687 xxv,
1020 5621 1205 5680 18-99.
1286 5622 1510 5704 "vibid.
1543 5623 1726 5678 30-40.
1810 5623 1853 5657 ³⁸
1880 5624 2051 5679 Exod.
2082 5639 2189 5691 xIx,
2210 5624 2263 5678 8.
