4056 6260
279 334 383 409 ira

1305 303 1831 369 GLAPHYRORUM
1867 300 1936 356 IN
1974 292 2275 353 GENESIM
2315 289 2442 345 un.
2486 273 2570 341 ui.

3454 268 3556 326 170

284 453 462 512 ἐστιν,
488 446 518 499 ὁ
538 442 659 505 νέος
683 448 744 493 τε
770 437 868 492 καὶ
887 435 962 498 ὡς
1003 434 1059 486 ὲν
1083 430 1259 484 πίστει
1284 427 1433 489 λαός.
1460 421 1873 496 Προσκεκόμικε
1905 421 1920 475 Α

2022 424 2032 468 L
2072 411 2468 482 tergiversante
2511 417 2574 455 ac
2635 396 2885 453 tardante
2937 378 3304 464 primogenito
3353 376 3558 458 populo

2048 506 2058 512 ·
2165 501 2190 512 η
2216 501 2229 512 ·
2345 494 2366 512 ι·
2466 492 2687 512 vnn—-2.
2743 504 2856 512 ---ι-ι
2882 474 3076 512 ,ιξ..ὲ....,.
3108 491 3317 512 .,,....,,,.η
3353 489 3433 512 ηρ,
3470 480 3558 512 ςηέ

285 542 399 612 γάρ
428 537 512 609 τῷ
540 534 666 605 Θεῷ
700 532 770 586 τά
793 528 1115 599 ζητούμενα,
1150 520 1519 589 ἀναδυομὲνου
1544 533 1602 570 τε
1632 514 1726 568 καὶ
1757 512 1876 583 μέλ-

285 601 496 694 λωντος.
510 626 609 681 τοῦ
639 601 984 697 πρωτοτόκου
1029 614 1179 679 λαοῦ,
1222 606 1751 683 προεκαρποφόρησε
1778 601 1876 671 τὴν

291 692 509 784 πίστιν,
547 720 614 790 ἣν
652 692 744 769 καὶ
774 715 831 765 ὲν
859 709 1007 772 τάξει
1040 704 1245 777 τροφῆς
1285 704 1320 771 ἡ
1350 700 1473 754 θεία
1511 698 1745 751 ποιεῖται
1780 692 1880 761 φύ-

300 831 411 876 σις.
442 783 724 876 Κάίγοῦν
747 805 775 857 ὁ
803 799 993 871 Σωτὴρ
1024 800 1137 859 τοῖς
1180 794 1355 863 ἁγίοις
1388 787 1710 849 ἀποστόλοις
1736 783 1881 837 οὑτω

301 904 402 975 τὴν
434 894 781 969 Σαμαρειτῶν
810 887 1141 959 ἐπιστροφὴν
1192 880 1637 956 προκατεμήνυε,
1667 877 1844 945 λέγων
1863 891 1876 905 ο

313 1012 332 1045 ι
360 970 524 1059 ⁷Ἐγὼ
566 987 771 1059 βρῶσιν
819 984 927 1053 ἔχω
956 982 1173 1050 φαγεῖν,
1205 978 1272 1047 ἢν
1308 976 1464 1046 ὑμεῖς
1496 974 1600 1026 οὑκ
1627 970 1826 1024 οἴδατε.
1860 986 1878 1018 ι

308 1082 612 1156 Διατρανῶν
654 1079 712 1133 δὲ
742 1077 803 1130 τὸ
851 1072 1164 1145 εἰρημένον,
1219 1089 1238 1121 ‹
1297 1068 1460 1139 Ἐμὸν
1505 1064 1706 1138 βρῶμά
1746 1066 1885 1125 ἐστι,

306 1179 490 1249 φησὶν,
524 1174 614 1227 ἵνα
646 1168 786 1224 ποιῶ
814 1168 876 1220 τὸ
918 1166 1136 1234 θέλημα
1172 1162 1265 1215 τού
1302 1157 1618 1231 πέμψαντός
1662 1173 1752 1226 με,
1794 1152 1889 1207 καὶ

304 1268 574 1325 τελειώσω
604 1261 771 1319 αὑτοῦ
790 1260 853 1313 τδ
883 1258 1063 1328 ἔργονί
1098 1274 1117 1305 ›
1155 1256 1276 1307 Ὅτι
1303 1253 1359 1306 δὲ
1384 1253 1606 1321 γέγονεν
1630 1249 1891 1318 ἀνόνητον

310 1363 407 1433 μὲν
433 1363 549 1422 τοῖς
597 1356 658 1423 ἐξ
696 1352 914 1424 Ἰσραὴλ
952 1350 1014 1402 τὸ
1057 1349 1274 1418 ’ἕτοιμον
1312 1349 1390 1409 είς
1432 1345 1746 1413 ὑπόσχεσιν,
1791 1341 1892 1393 οὑκ

308 1450 651 1522 ὲξοιχομένου
684 1444 820 1516 πρὸς
856 1443 1030 1512 πέρας
1054 1439 1235 1500 αὑτοῖς
1269 1436 1362 1489 τοῦ
1395 1436 1738 1505 πράγματος,
1777 1431 1894 1501 ἠδί-

310 1512 453 1612 κῆσέ
485 1512 544 1591 δὲ
573 1536 644 1590 τὰ
678 1512 809 1603 Eii-vr,
850 1528 1131 1590 παντελῶς
1152 1525 1300 1579 οὐδὲν
1332 1527 1360 1578 ό
1388 1524 1479 1575 ἐπί
1507 1539 1570 1592 γε
1603 1512 1663 1574 τὸ
1698 1521 1893 1591 χρῆναι

313 1633 597 1687 πιστεύειν
614 1628 771 1688 δκνος
799 1622 1150 1690 ὲπεγνωκὸτα
1172 1619 1261 1671 τὸν
1289 1617 1603 1687 Λυτρωτὴν,
1630 1614 1726 1667 καὶ
1752 1629 1896 1665 τετι-

324 1721 542 1793 μηκότα
567 1716 756 1771 λοιπὸν
794 1716 912 1776 ταῖς
939 1714 1017 1775 είς
1052 1711 1159 1763 πᾶν
1186 1707 1362 1761 ὁτιοῦν
1404 1706 1512 1760 τῶν
1554 1700 1775 1773 ἀγαθῶν
1805 1703 1893 1755 εύ-

324 1792 622 1874 πειθείαις,
661 1809 747 1861 διὰ
787 1804 1098 1875 παραϐολῆς
1145 1802 1292 1872 ἡμᾶς
1324 1798 1562 1862 ἐδίδαξεν
1586 1797 1615 1849 ό
1646 1792 1898 1865 Χριστός.

327 1907 475 1974 Ἔφη
508 1902 615 1972 γὰρ
642 1898 844 1961 οὕτως’
888 1914 906 1947 ι
954 1892 1279 1965 Ἄνθρωπός
1301 1907 1385 1953 τις
1433 1886 1547 1958 εἶχε
1594 1886 1759 1939 τέκνα
1790 1884 1903 1947 δύο,

323 1998 420 2050 καὶ
452 1988 772 2064 προσελθὼν
796 1985 876 2056 τῷ
902 1983 1128 2056 πρώτῳ,
1165 1979 1286 2035 εἷπε
1308 1996 1321 2008 ·
1354 1980 1579 2041 Τέκνον,
1611 1976 1786 2042 ὑπαγε
1811 1975 1905 2044 σή·

325 2103 491 2158 μερον
525 2082 768 2157 ἐργάζου
810 2081 869 2132 ὲν
906 2076 985 2148 τῷ
1016 2072 1301 2146 ἀμπελῶνί
1326 2088 1450 2142 μου.
1497 2070 1555 2122 'O
1588 2068 1642 2121 δὲ
1685 2068 1908 2136 ἀποκρι-

324 2157 442 2242 ﬁat;
494 2171 676 2247 εἶπεν,
738 2173 814 2226 Ού
872 2169 1029 2223 θέλω.
1080 2167 1350 2235 ’Ὕστερον
1399 2163 1454 2215 δὲ
1512 2157 1908 2231 μεταμεληθεὶς

325 2268 565 2338 ἀπῆλθε.
597 2261 919 2335 Προσελθὼν
957 2258 1014 2311 δὲ
1046 2256 1124 2328 τῷ
1152 2256 1324 2325 ἑτέρῳ
1350 2249 1504 2306 εἶπεν
1535 2250 1813 2311 ὡσαύτως.
1851 2249 1909 2301 '0

325 2362 384 2415 δὲ
405 2356 730 2428 ἀποκριθεὶς
747 2349 921 2405 εἶπεν·
954 2348 1115 2417 Ἐγὼ,
1140 2348 1333 2419 Κύριε,
1347 2344 1440 2399 καὶ
1453 2345 1552 2397 οὑκ
1572 2342 1800 2412 ἀπῆλθε.
1815 2340 1912 2404 Τίς

328 2455 393 2505 ὲκ
425 2449 534 2503 τῶν
577 2447 673 2500 δύο
715 2444 941 2513 ἐποίησε
987 2441 1048 2493 τὸ
1090 2439 1304 2509 θέλημα
1348 2436 1439 2489 τοῦ
1489 2434 1736 2503 Πατρὸς;
1775 2452 1792 2485 ι
1853 2433 1913 2485 ὐ

330 2538 577 2595 ἀπελθὼν
598 2539 679 2599 εἰς
699 2534 791 2587 τὸν
813 2529 1110 2602 ἀμπελῶνα
1139 2529 1402 2598 δηλονότι,
1429 2528 1520 2581 καὶ
1541 2529 1588 2579 εί
1621 2526 1795 2598 βραχὺ
1822 2541 1916 2595 με-

332 2632 465 2697 ταξὺ
492 2627 788 2701 παρεισέδυ
818 2625 879 2677 τὸ
903 2621 1151 2692 ἀδρανὲς,
1180 2621 1357 2673 ὀκνεῖν
1386 2617 1674 2673 ἀναπείθον
1700 2616 1762 2670 τὸ
1786 2617 1918 2669 ὑπε-

338 2723 626 2794 σχημένον.
646 2719 758 2772 Θέα
781 2716 846 2787 δὴ
862 2712 955 2769 οὖν
983 2716 1040 2767 ὲν
1059 2713 1269 2775 τούτοις
1292 2706 1683 2784 προχειρότατα
1709 2708 1806 2780 μὲν
1830 2708 1920 2760 ἐπὶ

339 2814 436 2882 τὴν
452 2811 623 2880 θήραν
655 2806 803 2860 ἰόντα
813 2805 902 2858 τὸν
929 2803 989 2856 Ἢ
999 2800 1122 2867 σαῦ,
1135 2801 1231 2854 καὶ
1247 2799 1548 2875 τοῦτοδρᾷν
1564 2797 1820 2867 ὑπισχνού
1829 2813 1923 2866 με-

342 2900 728 2970 νον,φθάνοντα
744 2896 801 2949 δὲ
814 2896 903 2948 τὸν
918 2892 1135 2956 Ἰακὼϐ,
1149 2891 1326 2945 καίτοι
1343 2891 1499 2945 τοῦτο
1513 2890 1643 2961 δρᾷν
1661 2892 1715 2942 ὲν
1729 2888 1923 2959 ἀρχαῖς

346 2989 693 3061 ἀρνούμενον,
714 2984 852 3055 πλὴν
873 2981 1234 3051 εὑλογηθέντα
1254 2981 1503 3052 παρὰτοῦ
1521 2978 1747 3050 πατρός.
1768 2978 1924 3031 Ούτω

350 3080 489 3135 καίὁ
516 3076 776 3167 νέοςᾉ).αὸς
796 3071 1426 3167 ἀρπάζειτὴνεὺλογίαν,
1460 3068 1744 3141 μονονουχὶ
1759 3066 1927 3119 κατά,-
1951 3111 1994 3167 c

339 3169 591 3223 -πλαστον
620 3165 751 3235 ἔχων
772 3165 873 3233 τῆς
902 3162 1195 3232 Ἰουδαϊκῆς
1221 3160 1491 3224 πολιτείας
1505 3158 1566 3211 τδ
1583 3157 1787 3228 σχῆμα.
1809 3156 1926 3208 Κα-

348 3260 528 3331 Θάπερ
555 3258 745 3328 ἀμέλει
793 3254 890 3307 καὶ
933 3251 1131 3306 Ἰακὼϐ
1158 3250 1256 3323 τὴν
1309 3251 1479 3305 Ἠσαῦ
1512 3249 1790 3321 δασύτητα
1814 3250 1927 3311 τοῖς

345 3354 456 3407 τῶν
480 3350 682 3422 ἐρίφιον
708 3345 971 3416 δέρμασιν
999 3344 1334 3413 ἀπεμιμεῖτο
1364 3341 1563 3409 σοερῶς.
1610 3340 1927 3410 Ἀλλ’ῆκουε

348 3444 447 3499 τοῦ
485 3440 692 3513 πατρὸς
724 3436 888 3498 εὐθὺς
934 3434 1414 3505 ἀνακεκραγότοςο
1459 3451 1477 3484 ι
1530 3433 1594 3485 Ἡ
1635 3431 1734 3503 μὲν
1778 3429 1929 3499 φωνὴ

352 3532 505 3603 suavi]
546 3529 765 3613 'laxt‘oG,
794 3526 849 3579 ai
900 3523 956 3577 δὲ
985 3528 1164 3597 χεῖρες
1203 3525 1381 3594 χεῖρες
1419 3521 1610 3576 Ἠσαῦ.
1646 3539 1662 3571 ι
1705 3520 1835 3572 Τίνα
1865 3520 1930 3588 δὴ

351 3622 447 3680 οὖν
475 3626 581 3697 ἄρα
601 3624 805 3696 τρόπον
833 3621 1247 3695 ἐφαρμόσαιμεν
1274 3616 1341 3669 ἂν
1363 3615 1473 3675 τοῖς
1507 3615 1562 3665 ὲν
1586 3615 1765 3665 πίστει
1783 3612 1931 3672 λαοῖς

350 3718 415 3772 τὸ
456 3718 547 3771 καὶ
589 3720 647 3770 ὲν
684 3715 816 3770 εῖδει
854 3712 1125 3784 γενέσθαι,
1171 3708 1264 3763 καὶ
1289 3706 1364 3770 ὡς
1409 3706 1465 3757 ἐν
1508 3704 1786 3774 μιμήματι
1834 3703 1932 3768 τῆς

368 3806 663 3876 Ἰουδαϊκῆς
695 3805 969 3868 πολιτείας
986 3820 1044 3856 τε
1081 3802 1174 3855 καὶ
1198 3798 1393 3869 ἑτέραν
1413 3797 1502 3867 ἕχε
1513 3813 1559 3849 ιν
1593 3794 1717 3865 παρ’
1738 3794 1934 3855 αὐτοὺς

355 3900 454 3968 τὴν
485 3899 704 3968 φωνήνς
728 3895 938 3951 Ούκοῦν
958 3894 1135 3948 ἐκεῖνό
1168 3907 1368 3961 φαμεν,
1398 3888 1471 3951 ὡς
1501 3886 1648 3939 ἐστιν
1672 3886 1759 3938 ἀεὶ
1786 3883 1937 3953 παρὰ

353 3994 477 4056 ταῖς
514 3993 689 4055 θείαις
719 3980 984 4060 Γραφαίς,
1013 3988 1177 4058 ἔργου
1223 3984 1317 4038 καὶ
1352 3978 1793 4052 κατορθωμάτων
1818 3977 1937 4045 ἦτοι

358 4089 673 4161 πρακτικῆς
714 4085 994 4156 ἐνεργείας
1039 4083 1259 4153 σημεῖον
1294 4078 1436 4148 χείρ.
1483 4075 1647 4126 Ὅσον
1686 4066 1776 4123 οὖν
1806 4066 1940 4141 ἧκεν

359 4182 444 4244 εἰς
470 4178 747 4250 ἐνεργείας
772 4178 1072 4247 ταυτότητα
1104 4174 1198 4228 καὶ
1225 4172 1456 4239 πιότητα
1480 4162 1938 4234 κατορθωμάτων,

360 4274 457 4327 καὶ
486 4272 640 4326 αὑτοὶ
681 4270 946 4341 πληροῦσι
990 4268 1081 4320 τὸν
1117 4267 1282 4335 νόμον
1316 4262 1365 4314 oi
1394 4261 1452 4312 ὲν
1491 4254 1710 4328 Χριστῷ
1739 4252 1943 4324 νοητῶς

361 4380 423 4416 τε
462 4365 557 4417 καὶ
590 4359 976 4432 πνευματικῶς
1018 4353 1484 4429 ἱερουργούμενοι,
1533 4347 1629 4403 καὶ
1658 4349 1737 4411 είς
1767 4345 1943 4417 ὀσμὴν

364 4457 596 4518 εὐωδίας
616 4456 839 4517 ἑαυτοὺς
881 4448 1337 4525 προσκομίζοντες
1369 4444 1446 4514 τῷ
1474 4440 1592 4511 Θεῷ
1624 4440 1715 4494 καὶ
1744 4437 1919 4508 Πατρί

2047 4435 2261 4488 solvere
2282 4429 2475 4496 legem,
2518 4420 2612 4476 sed
2637 4416 2884 4487 implere.

2092 4524 2097 4525 ,
2197 4520 2208 4525 _
2401 4522 2409 4525 Α
2620 4516 2631 4525 ι
2669 4506 2853 4525 __A,___‘

366 4549 479 4603 Καὶ
508 4546 680 4615 γοῦνὸ
711 4544 947 4616 Χριστὸς
968 4539 1263 4612 διαρρήδην
1289 4538 1483 4606 νόμους
1514 4534 1647 4604 ἡμῖν
1679 4526 1940 4590 τεθεικὼς

370 4635 778 4703 εὑαγγελικοὺς,
827 4653 844 4684 ι
880 4633 971 4701 Μὴ
994 4628 1274 4699 νομίσητε,
1306 4625 1490 4695 φησὶν,
1519 4624 1598 4675 ὅτι
1640 4617 1802 4691 ἦλθον
1842 4635 1941 4671 κα-

368 4725 600 4779 ταλῦσαι
625 4726 718 4779 τὸν
738 4725 902 4794 νόμον
925 4724 959 4792 ἢ
994 4722 1119 4779 τοὺς
1163 4717 1468 4791 προφήτας.
1511 4714 1625 4766 Ούκ
1658 4708 1821 4783 ἦλθον
1856 4726 1948 4762 κα-

372 4817 596 4871 ταλῦσαι
623 4817 714 4870 τὸν
746 4817 930 4885 νόμον,
962 4813 1099 4867 ἀλλά
1134 4808 1438 4880 πληρῶσαι.
1478 4796 1649 4876 ’Ᾱμὴν
1676 4803 1785 4872 γὰρ
1809 4802 1951 4867 λέγω

374 4907 524 4978 ὑμῖν,
554 4907 661 4971 ἓως
689 4906 756 4960 ἂν
787 4904 1031 4974 παρέλθῃ
1065 4903 1092 4954 ό
1122 4897 1476 4978 οὐρανὸς-καὶ
1508 4897 1541 4966 ἡ
1585 4895 1676 4963 γῆ,
1718 4893 1849 4945 ἰῶτα
1895 4890 1952 4944 ἓν

378 4976 422 5069 iii
453 4998 551 5069 μία
577 4999 776 5069 κεραία
804 4996 864 5051 ού
898 4995 973 5065 μὴ
996 4989 1242 5062 παρέλθῃ
1272 4976 1379 5043 ἀπὸ
1400 4986 1493 5040 τοῦ
1534 4985 1721 5054 νόμου,
1756 4983 1861 5045 ’ἐως
1888 4982 1951 5035 ἂν

378 5068 553 5144 πάντα
570 5068 820 5159 γένηται.
862 5107 879 5139 ι
911 5085 1108 5155 Συνίης
1124 5078 1236 5148 οὖν,
1268 5077 1643 5150 ἁποπληροῢσι
1678 5068 1768 5129 τὸν
1789 5074 1952 5144 νόμον

381 5180 427 5229 οί
453 5180 508 5231 ὲν
550 5177 776 5249 Χριστῷ
814 5177 910 5245 τὴν
951 5176 1009 5227 ἐν
1053 5162 1320 5241 πνεύματι
1367 5165 1664 5239 περιτομὴν
1699 5165 1818 5217 ἀντὶ
1855 5164 1952 5233 τῆς

384 5248 644 5339 σαρκίνης
672 5256 1057 5336 εἰσδεχόμενοι.
1103 5260 1491 5332 Εἰσερχόμενοι
1530 5248 1585 5310 δὲ
1617 5254 1710 5309 καὶ
1743 5258 1823 5318 είς
1855 5254 1954 5325 τὴν

386 5357 728 5439 κατάπαυσιν
760 5355 854 5409 τοῦ
898 5346 1157 5425 Χριστοῦ,
1190 5352 1284 5404 καὶ
1333 5351 1389 5400 ὲν
1441 5347 1660 5417 Χριστῷ
1697 5345 1954 5399 σαϐϐατί-

386 5445 587 5527 ζοντες,
622 5446 717 5498 καὶ
742 5445 829 5498 τὸν
855 5446 913 5497 ὲν
942 5440 1168 5515 κρυπτῴ
1193 5441 1285 5494 καὶ
1319 5439 1427 5491 ἔσω
1455 5436 1790 5498 δεικνύοντες
1822 5436 1955 5487 Ἰου-

387 5526 550 5591 δαῖον.
580 5535 775 5603 Τοῦτο,
804 5531 982 5606 οἶμαι,
1009 5527 1123 5588 ἐστὶ
1158 5533 1216 5586 τὸ
1250 5530 1344 5596 τὰς
1381 5532 1565 5601 χεῖρας
1586 5528 1727 5599 ἔχειν
1761 5526 1954 5592 ἹΙσαῦ,

1978 492 2133 575 prius
2161 475 2323 555 ﬁdem
2341 492 2712 555 fructiﬁcavit,
2738 504 2859 559 quae
2879 475 3077 541 divina:
3108 491 3317 537 natura:
3352 489 3438 534 est
3470 480 3559 534 in—

1979 569 2092 652 star
2109 592 2238 648 cibi.
2269 592 2442 646 Porro
2465 586 2715 642 Salvator
2749 579 2953 635 sanctis
2992 574 3251 646 apostolis
3271 573 3343 626 ita
3368 569 3560 625 Sama-

1982 688 2288 741 ritanorum
2327 676 2742 736 conversionem
2781 666 3257 743 prmsigniﬁcavit,
3314 662 3504 717 dicens
3544 665 3559 715 ἑ

1990 796 2009 829 ι
2038 776 2150 846 Ego
2175 774 2358 829 cibum
2388 769 2565 825 habeo
2598 766 2665 822 ad
2705 761 3105 819 comedendum
3143 758 3306 828 quem
3343 770 3441 809 vos
3462 768 3564 808 nel-

1984 845 2220 924 scitis”.
2249 884 2267 916 ι
2303 852 2596 932 Explicans
2621 867 2805 912 autem
2850 852 2998 924 quod
3042 851 3256 905 dixerat
3289 866 3301 901 :
3343 866 3361 898 ι
3392 845 3569 901 Cibus

1985 978 2145 1018 meus
2179 968 2283 1023 est,
2332 977 2350 1009 ι
2387 954 2586 1025 inquit,
2624 970 2640 1003 ι
2671 956 2732 1005 ut
2762 947 2957 1002 faciam
3004 944 3347 997 voluntatem
3391 936 3571 992 Patris

1988 1055 2117 1118 mei,
2155 1061 2210 1108 et
2238 1048 2514 1122 perﬁciam
2541 1058 2679 1115 opus
2708 1041 2880 1111 ipsius
2902 1037 2969 1090 ³⁸.
3006 1054 3025 1087 ι
3060 1033 3217 1100 Quod
3242 1046 3375 1086 vero
3397 1027 3570 1083 inuti-

1989 1146 2057 1200 lis
2082 1121 2433 1215 planeifuerit
2455 1135 2718 1192 israclitis
2744 1126 3121 1203 promptitudo
3146 1123 3212 1178 ad
3240 1121 3573 1193 promittent

1992 1236 2144 1298 dum,
2182 1248 2306 1287 cum
2338 1229 2605 1301 promissa
2651 1240 2760 1278 non
2803 1224 3240 1289 exsequerentur
3263 1254 3277 1278 ,
3313 1210 3575 1282 quodque

1992 1326 2248 1400 gentibus
2297 1300 2434 1376 nihil
2463 1315 2705 1372 obl‘ucrit
2741 1312 2891 1368 tarde
2934 1309 3000 1363 ad
3041 1307 3205 1361 fidem
3252 1300 3569 1364 accessisse,

1994 1391 2390 1490 cognoscentes
2415 1408 2860 1476 Redernptorem,
2877 1411 2933 1456 et
2955 1396 3216 1469 singulari
3246 1394 3312 1449 ad
3340 1391 3574 1464 quodvis

1994 1488 2201 1569 bonum
2245 1504 2558 1563 obedientia
2585 1500 2846 1566 deinceps
2883 1494 3145 1555 colentes,
3188 1488 3441 1544 Christus
3474 1499 3577 1539 nos

1996 1610 2094 1674 per
2131 1597 2446 1671 parabolam
2496 1592 2703 1647 doCuit.
2749 1588 2828 1642 Ita
2856 1587 3005 1641 enim
3045 1584 3122 1638 ait
3157 1600 3171 1636 :
3209 1601 3227 1632 ι
3257 1581 3433 1635 Βοωο
3456 1577 3584 1647 qui-

1998 1668 2337 1746 damhabuit
2363 1687 2503 1741 duos
2524 1683 2684 1746 ﬁlios,
2708 1687 2765 1736 et
2791 1676 3059 1733 accedens
3075 1673 3141 1728 ad
3162 1672 3403 1743 primum
3425 1668 3583 1723 dixit:

2010 1784 2131 1849 Fili,
2165 1781 2301 1836 vade
2324 1776 2490 1833 hodie
2532 1785 2763 1843 operare
2814 1768 2869 1822 in
2904 1766 3065 1820 vinea
3095 1778 3236 1816 mea.
3275 1759 3370 1814 Ille
3403 1766 3590 1812 autem

2008 1872 2351 1945 respondens
2388 1870 2463 1923 ait
2488 1887 2500 1920 :
2529 1864 2689 1921 Nolo.
2739 1861 2935 1916 Postea
2958 1869 3091 1910 vero
3115 1853 3260 1923 poeni
3273 1848 3441 1905 tentia
3472 1862 3625 1919 mo-,‘

2014 1938 2121 2029 tus;
2153 1962 2307 2017 abiit.
2344 1956 2628 2013 Accedens
2647 1960 2828 2006 autem
2867 1947 2933 2002 at]
2958 1946 3192 2001 alterum
3215 1941 3357 1997 dixit
3388 1938 3588 1995 simili-

2012 2068 2118 2112 ter.
2143 2055 2213 2110 At
2235 2048 2325 2108 ille
2344 2050 2513 2104 dixit:
2543 2047 2678 2116 Ego,
2702 2040 2950 2103 domine;
2976 2046 3031 2092 et
3049 2052 3159 2090 non
3190 2034 3344 2089 abiit.
3362 2032 3496 2088 Uter
3522 2046 3595 2086 ex

2014 2148 2233 2205 duobus
2282 2145 2413 2200 fecit
2444 2142 2781 2196 voluntatem
2822 2132 2998 2203 patris
3022 2130 3112 2183 "’i
3172 2146 3189 2179 I
3223 2126 3327 2193 Qui
3360 2124 3497 2179 abiit
3536 2123 3595 2177 in

2016 2243 2253 2306 vineam,
2278 2235 2468 2308 procul
2487 2230 2676 2294 dubio,
2695 2224 2910 2282 etiamsi
2941 2221 3110 2293 paulo
3133 2227 3254 2289 post
3269 2230 3397 2271 eum
3433 2222 3597 2269 oecu-

2018 2333 2168 2405 pavit
2218 2326 2565 2384 imbecillitas
2588 2364 2602 2387 ,
2638 2334 2793 2391 quas,
2830 2323 2892 2370 ut
2939 2311 3225 2385 promissis
3254 2324 3366 2364 non
3403 2314 3596 2368 staret,

2018 2396 2220 2482 effecit.
2254 2412 2391 2475 Vide
2428 2417 2612 2485 itaque
2646 2410 2702 2466 in
2741 2409 2859 2472 bis,
2896 2407 3039 2461 Esau
3082 2399 3490 2474 promptissime
3528 2396 3597 2451 ad

2019 2509 2329 2574 venandum
2370 2518 2614 2571 euntem,
2642 2513 2807 2574 atque
2844 2502 2949 2556 hoc
2988 2498 3168 2552 facere
3197 2493 3548 2565 pollicentem
3582 2530 3595 2543 .

2020 2601 2187 2668 Iacob
2225 2622 2357 2663 vero
2388 2619 2515 2659 eum
2564 2600 3040 2657 antevertcntem,
3076 2587 3292 2643 tametsi
3338 2584 3498 2639 initio
3541 2579 3600 2635 id

2021 2703 2200 2759 facere
2227 2701 2577 2758 detrectaret,
2596 2696 2866 2762 praeterea
2899 2684 3250 2739 benedictum
3291 2693 3412 2734 esse
3443 2692 3473 2731 a
3499 2688 3601 2745 pa-

2024 2793 2228 2851 tre.lta
2264 2790 2429 2845 etiam
2465 2798 2644 2841 novus
2668 2779 2905 2852 populus
2948 2774 3207 2846 przecepit
3255 2767 3601 2824 benedictio-

2025 2902 2151 2942 nem
2180 2880 2339 2954 104
2361 2887 2574 2935 tantum
2605 2890 2717 2929 non
2761 2871 3040 2931 ﬁetitiam,
3068 2866 3312 2922 Iudaica
3344 2862 3470 2916 vitae
3508 2868 3604 2915 ve:

2028 2988 2167 3034 stem
2179 2950 2406 3035 habens,
2424 2964 2884 3039 quemadmodum
2903 2960 3014 3015 fere
3026 2967 3110 3013 est
3129 2954 3297 3011 Iacob
3314 2951 3501 3032 fratris
3517 2950 3605 3007 sui

2029 3070 2175 3124 Esau
2204 3064 2493 3119 hirsutiem
2520 3059 2804 3113 hazdorum
2842 3053 3082 3123 pellibus
3122 3048 3399 3118 sapienter
3426 3044 3608 3100 imita-

2027 3171 2135 3216 tus.
2187 3156 2458 3213 Caeterum
2501 3148 2711 3205 audivit
2755 3144 2938 3200 statim
2991 3144 3200 3212 patrem
3235 3138 3603 3193 clamantem:

2038 3250 2192 3305 «Haec
2216 3245 2438 3317 quidem
2466 3257 2589 3305 vox,
2609 3253 2712 3293 vox
2736 3233 2935 3298 Jacob;
2963 3239 3159 3286 manus
3183 3232 3387 3292 autem,
3409 3220 3611 3281 manus
3698 3220 3718 3241 ‘

2029 3347 2173 3401 Esau
2193 3334 2257 3394 ³⁸.
2300 3359 2317 3391 ι
2348 3334 2597 3403 Quonam
2634 3327 2798 3401 igitur
2822 3324 2984 3381 modo
3011 3320 3487 3377 accommodemus
3504 3318 3611 3372 hec

2030 3422 2247 3508 pOpulis
2273 3418 2366 3500 qui
2405 3416 2461 3480 in
2488 3414 2593 3477 fide
2619 3463 2633 3486 ,
2670 3416 2911 3490 speciem
2961 3413 3184 3485 quidem
3228 3425 3340 3482 prae
3364 3423 3421 3464 se
3466 3408 3612 3463 ferre

2181 3498 2419 3578 iudaicm
2439 3558 2452 3580 ,
2479 3523 2533 3568 et
2558 3512 2717 3567 aliam
2750 3508 2818 3562 ab
2856 3506 2988 3577 ipsis
3015 3509 3205 3559 vocem
3239 3499 3489 3555 habere?
3517 3498 3610 3552 Di-

2033 3631 2218 3673 cemus
2257 3600 2441 3681 itaque
2500 3607 2557 3661 in
2610 3601 2779 3660 sacris
2835 3598 3062 3655 Litteris
3112 3604 3335 3649 manum
3396 3598 3615 3659 semper

2033 3704 2366 3779 operationis
2399 3743 2413 3768 ,
2463 3699 2578 3755 sive
2632 3694 2823 3750 activa:
2875 3688 3149 3744 facultatis
3192 3700 3311 3740 esse
3374 3684 3613 3752 signum.

2034 3775 2308 3867 Quantum
2351 3793 2517 3864 igitur
2550 3788 2743 3843 attinet
2774 3782 2842 3837 ad
2888 3779 3119 3835 actionis
3153 3775 3517 3835 identitatem,
3561 3779 3618 3826 et

2038 3850 2345 3947 iibchle
2371 3850 2622 3953 sperum,
2650 3877 2817 3932 etiam
2856 3869 2957 3939 ipsi
2985 3867 3214 3935 implent
3244 3864 3417 3930 legem
3445 3850 3539 3929 qui
3562 3861 3619 3915 in

2038 3981 2257 4036 Christo
2296 3949 2740 4030 intellectualiter
2764 3978 2827 4015 ac
2866 3949 3223 4027 spiritualiter
3263 3958 3390 4004 sunt
3415 3950 3621 4004 sancti-

2042 4069 2210 4130 ﬁcati,
2246 4074 2302 4120 et
2334 4065 2391 4117 in
2430 4060 2653 4114 odorem
2684 4046 2970 4107 suavitatis
3003 4045 3212 4113 seipsos
3239 4041 3478 4095 offerunt
3512 4041 3622 4093 Deo

2044 4177 2108 4217 ac
2130 4156 2297 4215 Patri.
2320 4151 2475 4210 Unde
2498 4156 2554 4203 et
2577 4136 2830 4202 Christus
2860 4138 3171 4194 luculenter
3199 4135 3345 4205 leges
3385 4148 3617 4203 evange-

2045 4251 2176 4307 lieas
2204 4246 2362 4303 nobis
2388 4235 2748 4315 praescrihens
2769 4275 2782 4299 ,
2817 4253 2833 4283 ι
2868 4230 3045 4287 Nolite
3081 4229 3273 4298 putare
3296 4266 3310 4291 ,
3360 4244 3378 4276 ι
3419 4224 3620 4294 inquit.

2054 4363 2071 4395 ι
2102 4339 2247 4412 quod
2274 4320 2400 4392 veni
2428 4320 2640 4387 solvere
2666 4324 2863 4396 legem,
2895 4330 2991 4376 aut
3012 4318 3327 4390 prophetas.
3351 4317 3472 4374 Non
3498 4316 3622 4371 veni

2918 4413 3088 4467 Amen
3127 4409 3332 4464 etenim
3366 4408 3489 4463 diCO
3522 4422 3624 4461 vo-

2049 4524 2155 4583 bis,
2180 4520 2355 4572 doncc
2395 4516 2638 4566 transeat
2660 4506 2858 4561 malum
2888 4504 2942 4555 et
2975 4508 3140 4563 terra,
3178 4498 3287 4552 iota
3312 4510 3481 4551 unum
3530 4504 3626 4547 aut

2048 4630 2185 4685 apex
2211 4623 2351 4664 unus
2371 4621 2478 4659 non
2502 4594 2758 4656 transibit
2796 4595 2861 4650 de
2894 4594 3032 4663 lege,
3064 4591 3238 4646 donec
3272 4588 3454 4643 omnia
3483 4587 3626 4642 facta

2052 4676 2163 4762 sint
2194 4703 2256 4752 ’9.
2287 4720 2303 4750 ›
2333 4680 2596 4766 lntelligis
2626 4688 2831 4760 itaque,
2869 4688 2979 4757 quo
3006 4692 3163 4755 pacto
3191 4676 3417 4754 implent
3449 4680 3625 4750 legem

2049 4797 2142 4867 qui
2169 4796 2223 4849 in
2252 4791 2470 4848 Christo
2497 4781 2970 4841 circumcisionem
2997 4779 3051 4831 in
3078 4776 3272 4847 spiritu
3296 4788 3394 4842 pro
3418 4770 3626 4825 carnali

2048 4881 2444 4955 susceperunt?
2495 4874 2765 4932 lntrantes
2826 4880 3007 4925 autem
3063 4866 3228 4919 etiam
3277 4864 3331 4915 in
3378 4860 3623 4928 requiem

2047 4951 2273 5040 Christi,
2307 4974 2362 5029 el
2384 4974 2441 5027 in
2476 4970 2695 5026 Christo
2731 4965 3027 5019 Sabbatum
3075 4956 3317 5009 colentes
3342 4993 3355 5015 ,
3385 4951 3535 5019 atqui
3568 4951 3626 5004 in

2049 5069 2264 5127 occulto
2279 5076 2335 5121 et
2360 5052 2592 5119 interius
2620 5057 2867 5114 Iudaeum
2893 5051 3367 5118 repraesentantes.
3398 5041 3514 5095 Hoc
3535 5040 3626 5094 ni-

2051 5152 2250 5220 mirum
2284 5155 2550 5228 signiﬁcat
2572 5146 2738 5206 Iacob
2772 5145 2976 5198 habere
3002 5154 3193 5191 manus
3215 5136 3383 5197 Esau,
3409 5131 3503 5185 sed
3538 5122 3626 5185 di-

2050 5270 2263 5311 versam
2293 5252 2360 5305 ab
2403 5250 2521 5318 ipso
2564 5256 2773 5299 vocem.
2803 5232 2990 5304 Neque
3030 5230 3175 5284 enim
3202 5226 3514 5281 Judreorum
3542 5224 3625 5277 ei-

2050 5347 2189 5402 freni
2219 5345 2404 5412 lingua
2428 5337 2668 5396 utimur;
2701 5341 2877 5396 neque
2912 5335 3041 5374 vero
3068 5312 3379 5375 Dominum,
3406 5311 3497 5381 qui
3526 5316 3627 5364 nos

2051 5399 2606 5496 redemitinegantes,
2642 5416 3019 5484 blaSphemare
3039 5407 3318 5461 solemus:
3354 5399 3627 5473 gloriﬁca-

2054 5541 2176 5580 mus
2211 5529 2393 5576 autem
2448 5529 2572 5568 cum
2638 5510 2750 5562 Deo
2780 5519 2842 5558 ac
2877 5502 3034 5556 Patre
3105 5496 3300 5551 Filium
3331 5503 3386 5549 et
3441 5491 3627 5546 Domta

350 5795 366 5804 ί
391 5754 405 5764 -
443 5723 497 5752 ³⁵
532 5726 685 5780 Joan.
712 5739 779 5785 tv,
805 5721 893 5773 5‘2.
972 5720 1015 5751 ⁸⁸
1051 5719 1182 5774 ibid.
1211 5719 1298 5773 Si.
1376 5718 1418 5747 ³⁷
1445 5716 1631 5769 Matth.
1663 5729 1769 5775 xxr,
1812 5710 1920 5763 28-2

2075 5709 2117 5738 ³⁸
2142 5707 2339 5760 Gcnes.
2374 5712 2531 5759 xxv”,
2561 5694 2646 5746 “2'3.
2729 5694 2769 5722 δῖ’
2803 5685 2986 5741 Matth.
3017 5701 3067 5745 γ,
3107 5681 3188 5739 i7,
3231 5679 3316 5731 18.

3235 5771 3275 5804 ιι

708 5814 975 5869 Parnm“
1022 5811 1134 5868 Gn.
1175 5811 1295 5868 LXI
1308 5809 1376 5867 Χ.

3235 5772 3275 5828 ὃ
