4056 6260
460 279 556 338 1³⁷1

461 408 629 458 num,
669 398 726 446 et
779 386 1117 445 Salvatorem
1170 398 1236 439 ac
1279 379 1702 451 Redemptorem
1759 389 2037 435 vocamus.

1486 270 1542 325 S.
1583 267 1860 326 CYRILLI
1900 259 2370 321 ALEXANDRINI
2411 257 2733 315 ARCHIEP.

3623 248 3727 304 179.

2153 373 2291 446 πλὴν
2322 371 2514 444 ἑτέραν
2546 371 2677 441 παρ’
2704 365 2864 422 αὑτὸν
2894 364 2991 437 τὴν
3018 362 3225 435 φωνήν.
3259 360 3336 415 Οὐ
3364 360 3472 432 γάρ
3494 366 3579 413 τοι
3606 361 3727 422 ταῖς

472 453 741 542 Ἰουδαίων
776 476 1253 554 ἀθυρωγλωττίαις
1291 474 1752 545 ἀποκεχρήμεθα·
1781 470 1906 526 οὔτε
1936 468 2042 541 μὴν
2080 467 2169 522 τὸν
2193 465 2540 538 ἀγοράσαντα
2556 464 2703 535 ἡμᾶς
2725 459 3005 530 Δεσπότην
3050 456 3377 528 ἀρνούμενοι
3424 453 3728 523 δυσφημεῖν

464 579 749 652 εἰθίσμεθα
769 594 781 608 ’
829 547 1313 661 σῦνδοξιὴογοῦμεν
1356 569 1412 623 δὲ
1450 568 1650 641 μᾶλλον
1673 567 1752 639 τῷ
1784 565 1904 637 Θεῷ
1934 564 2025 618 καὶ
2064 564 2242 634 Πατρὶ
2267 560 2360 616 τὸν
2398 558 2552 626 Υίδν,
2576 558 2673 612 καὶ
2708 557 2935 627 Κύριον,
2965 552 3063 607 καὶ
3087 548 3338 621 Σωτῆρα,
3387 547 3485 600 καὶ
3505 547 3729 618 Λυτρω-
3806 628 3823 635 1

463 679 561 751 τὴν
592 672 948 745 ὀνομάζομεν.

533 771 587 826 5.
622 767 813 839 Opera
855 764 1094 835 pretium
1119 776 1253 817 vero
1275 775 1398 816 esse
1437 757 1729 822 existimo,
1760 765 1824 811 ut
1866 754 2041 811 bene-

2215 756 2278 804 ε’.
2321 745 2506 813 Ἀξιον
2550 745 2607 799 δὲ
2653 738 2806 814 οῒμαι
2848 740 2944 796 καὶ
2982 738 3085 810 τῆς
3117 737 3205 791 ἐπ’
3234 736 3439 807 ἀμφοῖν
3478 732 3728 802 εὐλογίας

461 857 723 915 dictionis
749 855 941 921 etiam,
970 868 1092 923 qua:
1109 850 1328 921 utrique
1354 848 1552 904 collata
1576 855 1679 913 est,
1707 846 1817 901 vim
1850 845 2041 914 inqui-

467 958 651 1008 rentes
682 990 699 1017 ,
742 963 866 1020 qua:
892 945 1055 1001 nobis
1095 943 1152 997 in
1176 950 1416 997 mentem
1445 938 1736 1004 venerint,
1770 937 2039 992 dicamus.

462 1045 652 1114 Neque
676 1016 823 1098 enim
848 1051 1043 1111 parum
1076 1033 1331 1090 utilitatis
1349 1031 1478 1087 inde
1511 1030 1774 1086 studiosis
1794 1016 1879 1083 est
1910 1043 2041 1098 pro-

464 1145 780 1194 venturum.
802 1132 894 1188 Ait
921 1131 1087 1202 igitur
1114 1129 1309 1183 beatus
1328 1124 1479 1179 lsaac
1500 1123 1567 1178 de
1590 1121 1760 1178 Iacob
1782 1119 2041 1191 quidem:

474 1248 492 1281 ι
525 1229 667 1284 Ecce
691 1225 828 1280 odor
858 1221 953 1278 ﬁlii
976 1219 1106 1283 mei,
1130 1215 1298 1273 veluti
1319 1214 1455 1271 odor
1486 1214 1601 1285 agri
1627 1213 1799 1284 pieni,
1830 1210 1919 1266 cui
1945 1210 2044 1266 he-

465 1319 677 1377 nedixit
702 1316 982 1373 Dominus.
1007 1312 1077 1367 Et
1100 1310 1193 1366 det
1213 1309 1313 1363 tibi
1339 1306 1606 1363 Dominus
1633 1304 1701 1359 de
1735 1319 1862 1358 rore
1895 1302 2042 1367 caeli,

466 1411 620 1468 etde
658 1405 989 1480 pinguedine
1035 1410 1194 1457 terra:
1227 1396 1637 1454 multitudinem
1683 1393 1943 1449 frumenti
1990 1400 2047 1446 et

466 1503 600 1557 vini.
628 1501 696 1557 Et
720 1497 959 1554 serviant
984 1493 1083 1548 tibi
1099 1498 1310 1563 gentes,
1341 1485 1397 1544 ei.
1419 1486 1649 1542 adorent
1666 1493 1717 1539 te
1748 1485 2043 1555 principes:

467 1603 524 1651 et
552 1602 671 1650 esto
695 1590 953 1646 dominus
973 1584 1162 1641 fratris
1183 1581 1284 1647 tui,
1310 1588 1368 1635 et
1405 1576 1716 1634 adorabunt
1742 1583 1795 1631 te
1831 1574 1928 1628 ﬁlii
1948 1588 2046 1643 pa-

470 1685 570 1742 tris
600 1683 714 1744 tui.
733 1679 839 1747 Qui
868 1672 1215 1733 maledixerit
1249 1668 1372 1735 tibi,
1399 1668 1472 1723 sit
1494 1666 1847 1732 maledictus;
1871 1671 1927 1718 et
1948 1664 2047 1718 be-

468 1775 733 1832 nedicens
760 1768 916 1839 105
951 1765 1052 1820 tibi
1079 1805 1095 1830 ,
1124 1763 1196 1818 sit
1234 1759 1563 1816 benedictus
1589 1758 1655 1811 ιο.
1696 1775 1716 1809 ›
1749 1756 1943 1811 Mistus
1964 1762 2050 1810 est

470 1870 529 1924 in
566 1866 654 1920 his
684 1860 928 1918 historiae
955 1870 1158 1921 sermo,
1185 1862 1241 1908 et
1265 1867 1365 1923 per
1398 1850 1536 1906 duas
1562 1863 1824 1920 personas
1852 1861 2047 1917 proce-

469 1959 553 2014 dit
573 1954 642 2011 ad
665 1967 837 2009 unum
859 1947 1142 2020 quidpiam
1164 1944 1246 1999 rei
1268 1941 1478 1997 veritas
1502 1954 1601 2010 per
1625 1953 1720 1993 res
1738 1935 2048 1992 testiﬁcata.

470 2050 772 2121 Implentur
803 2044 950 2100 enim
975 2043 1094 2111 haec
1138 2054 1250 2094 non
1276 2034 1503 2092 omnino
1532 2035 1591 2089 in
1631 2032 1821 2099 Jacob,
1857 2031 1953 2087 sed
1992 2031 2049 2086 in

2149 841 2250 914 τὴν
2278 840 2510 909 δύναμιν
2554 828 3153 907 ’πολυπραγμονοῦντας
3193 826 3270 891 ὼς
3306 829 3364 879 ὲν
3389 824 3467 897 τῷ
3495 825 3576 889 εἰς
3605 824 3732 877 νοῦν

2148 924 2283 1007 ἧκον
2329 932 2525 985 εἰπεῖν.
2577 926 2677 999 Είη
2728 927 2836 997 γὰρ
2883 924 2949 978 ἂν
2995 924 3111 985 τοῖς
3151 916 3559 988 ἐντευξομένοις
3593 915 3732 986 πρὸς

2150 1004 2416 1095 ὧφέλειαν
2454 1023 2515 1076 τὸ
2549 1020 2755 1092 χρῆμα.
2789 1017 2937 1087 Ἔφη
2965 1014 3147 1068 τοίνυν
3168 1013 3198 1065 ό
3232 1008 3502 1081 μακάριος
3546 1004 3735 1060 Ἰσαὰκ

2153 1116 2245 1170 ἐπὶ
2274 1114 2373 1185 μὲν
2396 1110 2491 1166 τοῦ
2543 1108 2759 1165 Ἰακώ6’
2807 1126 2826 1160 ι
2870 1107 3004 1161 Ἰδοὺ
3032 1102 3174 1176 ὀσμὴ
3203 1101 3300 1156 τοῦ
3341 1099 3460 1154 υἱοῦ
3499 1115 3626 1171 μου,
3657 1095 3735 1161 ὡς

2151 1207 2295 1279 ὀσμὴ
2328 1203 2499 1277 ἀγροῦ
2537 1202 2776 1274 πλήρους
2810 1199 2870 1252 ὃν
2919 1196 3183 1267 εὐλόγησε
3218 1193 3446 1263 Κύριος.
3479 1189 3591 1244 Καὶ
3620 1188 3736 1259 δῴη

2154 1318 2237 1355 σοι
2264 1299 2469 1368 Κύριος
2496 1295 2605 1350 ἀπὸ
2631 1295 2726 1365 τῆς
2756 1291 2948 1364 δρόσου
2979 1288 3073 1342 τοῦ
3097 1282 3350 1358 οὐρανοῦ,
3379 1283 3474 1337 καί
3504 1280 3614 1336 ἀπὺ
3635 1280 3737 1349 τῆς

2155 1393 2409 1463 πιότητος
2441 1389 2542 1460 τῆς
2583 1387 2688 1457 γῆς
2729 1383 2934 1454 πλῆθος
2963 1381 3109 1435 σίτου
3142 1378 3239 1432 καὶ
3278 1377 3445 1431 οἴνου.
3474 1372 3582 1429 Καὶ
3615 1372 3737 1427 δου-

2153 1482 2500 1538 λευσὰτωσάν
2526 1496 2609 1534 σοι
2640 1476 2790 1548 ἔθνη,
2816 1475 2911 1530 καὶ
2949 1468 3489 1545 προσκυνησάτωσάν
3521 1482 3604 1519 σοι
3631 1464 3739 1535 ἀρ-

2154 1594 2359 1648 χοντες,
2412 1575 2507 1628 καὶ
2557 1571 2707 1642 γίνου
2764 1567 2954 1639 κύριος
3004 1562 3097 1619 τοῦ
3166 1562 3398 1632 ἀδελφοῦ
3449 1576 3568 1614 σου.
3624 1558 3739 1612 Καὶ

2158 1666 2594 1742 προσκυνήσουσί
2633 1680 2715 1717 σοι
2757 1662 2807 1714 οἰ
2840 1661 2946 1715 υἱοὶ
2983 1657 3078 1712 τοῦ
3109 1655 3316 1727 πατρός
3353 1671 3470 1708 σου.
3516 1652 3574 1705 '0
3599 1666 3738 1705 κατ-

2161 1740 2445 1831 αρώμενός
2473 1773 2554 1823 σε,
2587 1751 2988 1823 ὲπικατάρατος
3007 1764 3022 1779 °
3056 1749 3152 1803 καὶ
3179 1747 3209 1800 ὁ
3231 1743 3465 1813 εὐλογῶν
3487 1758 3567 1805 σε,
3587 1740 3741 1793 εὐλο-

2159 1830 2417 1920 γημένος.
2455 1845 2736 1918 Μέμικταί
2771 1855 2889 1907 πως
2932 1843 2991 1894 ὲν
3034 1838 3242 1901 τούτοις
3294 1836 3392 1907 τῆς
3435 1832 3679 1904 ἱστορίας
3710 1830 3743 1883 ὁ

2155 1943 2334 2012 λόγος,
2375 1939 2471 1995 καὶ
2509 1938 2596 1993 διὰ
2640 1937 2784 1990 δυοῖν
2817 1930 3131 2006 προσώποιν
3164 1929 3381 2001 ἔρχεται
3418 1925 3556 1997 πρὸς
3596 1924 3655 1976 ἓν
3682 1939 3742 1976 τι

2156 2034 2218 2086 τὸ
2250 2031 2446 2102 ἀληθὲς
2482 2029 2575 2083 καὶ
2601 2027 2691 2082 διά
2720 2025 3064 2098 πραγμάτων
3088 2020 3268 2078 αὐτῶν
3306 2014 3741 2091 μεμαρτυρημέ-

467 2107 769 2203 Christo,et
793 2134 864 2191 iis
881 2132 975 2204 qui
990 2107 1087 2203 per
1105 2129 1271 2185 ﬁdem
1288 2124 1574 2199 iustiﬁcati
1595 2131 1745 2190 sunt,
1766 2123 1862 2193 qui
1884 2122 2051 2177 etiam

2155 2139 2262 2177 vov.
2305 2120 2759 2193 Ἀποπεραίνεται
2788 2117 2888 2187 μὲν
2910 2116 3018 2187 γὰρ
3046 2113 3166 2184 οὑχί
3190 2111 3252 2183 δή
3286 2124 3388 2164 που
3428 2109 3644 2171 πάντως
3675 2107 3743 2158 ἐν

469 2232 566 2287 ﬁlii
584 2228 711 2285 facti
727 2235 854 2284 sunt
870 2221 1170 2281 secundum
1195 2217 1616 2290 promissionem
1635 2215 1696 2271 in
1716 2211 1886 2270 Isaac.
1915 2213 2079 2281 Qua-'

470 2321 655 2380 drabit
683 2320 866 2389 itaque
901 2312 1205 2387 prOphetia:
1229 2324 1423 2366 sensus
1457 2309 1625 2363 etiam
1647 2320 1790 2361 novo
1829 2305 2055 2376 populo,

471 2413 685 2484 ipsique
705 2408 924 2465 Christo
943 2404 1057 2475 ,qui
1080 2410 1163 2458 est
1186 2398 1521 2471 principium
1547 2405 1604 2453 et
1630 2395 1761 2452 dux.
1791 2395 2060 2452 Censetur

470 2512 654 2560 autem
664 2500 829 2556 etiam
841 2497 897 2552 in
908 2492 1384 2553 secundumAdam
1399 2506 1462 2546 ac
1475 2488 1647 2545 veluti
1661 2486 1897 2544 secunda
1913 2499 2059 2557 qua:-

471 2595 597 2650 dam
626 2591 781 2647 radix
808 2586 1164 2644 humanitatis
1182 2592 1409 2640 exortus
1430 2591 1532 2638 est.
1551 2580 1701 2637 Nova
1725 2579 1873 2635 enim
1899 2591 2059 2634 crea-

472 2695 595 2740 tura
614 2681 738 2736 ﬁtin
757 2674 1357 2744 Christo,renovatique
1376 2688 1567 2729 sumus
1583 2672 1638 2726 in
1652 2672 1768 2742 ipso
1784 2670 1851 2726 ad
1864 2670 2059 2727 sancti-

471 2776 804 2839 ficationem,
850 2767 1432 2839 incorruptionemque
1466 2763 1732 2819 etvitam.
1774 2759 2057 2832 Signiﬁcat

471 2872 655 2919 autem
684 2856 1085 2916 benedictionis
1113 2855 1255 2910 ratio
1271 2853 1598 2910 suavitatem
1615 2850 1802 2908 odoris
1818 2851 1873 2905 in
1892 2849 2057 2906 Chri-

473 2963 580 3022 sto,
606 2961 663 3010 et
687 2948 1029 3024 spiritualem
1051 2990 1067 3013 ,
1096 2947 1270 3003 veluti
1290 2946 1408 3019 agri
1430 2954 1488 3000 et
1513 2945 1661 3001 horti
1695 2942 2055 3009 floridissimi,

474 3045 766 3115 pulchrum
808 3056 873 3097 ac
924 3053 1150 3095 suavem
1201 3054 1269 3093 ex
1320 3035 1506 3094 vernis
1548 3033 1780 3091 ﬁcribus
1825 3033 2055 3091 odorem

473 3137 794 3195 cmittentis.
818 3136 899 3190 ita
930 3134 1078 3190 enim
1114 3132 1277 3188 nobis
1301 3131 1545 3203 seipsum
1577 3129 1635 3185 in
1660 3129 1889 3187 Cantico
1921 3138 2053 3184 can-

477 3227 711 3282 ticorum
752 3222 1057 3279 nominavit
1098 3222 1353 3278 Christus
1381 3262 1395 3286 ,
1446 3221 1637 3277 dicens
1677 3239 1690 3274 :
1742 3240 1760 3272 ι
1809 3221 1923 3292 Ego
1954 3218 2056 3275 flos

474 3314 673 3384 campi,
708 3311 886 3372 lilium
917 3309 1248 3366 convallium
1275 3309 1341 3361 ⁸⁸.
1377 3325 1397 3359 ›
1431 3307 1635 3362 Lilium
1663 3307 1814 3363 enim
1841 3312 2056 3370 erat,et

474 3421 605 3461 rosa
634 3420 704 3460 ex
752 3413 898 3458 terra
922 3410 1043 3456 orta
1072 3409 1298 3472 propter
1327 3399 1724 3454 humanitatem
1745 3415 1765 3466 ;
1789 3406 2052 3465 exter-um

474 3494 728 3550 nesciens
767 3498 1076 3563 peccatum,
1119 3505 1183 3545 ac
1225 3488 1412 3560 potius
1445 3486 1852 3542 divinissimum
1877 3489 2055 3543 omni-

474 3588 598 3653 bus,
628 3586 721 3657 qui
744 3599 842 3656 per
878 3583 1197 3639 universum
1241 3581 1434 3636 orbem
1478 3584 1751 3636 terrarum
1773 3579 2057 3636 constituti

473 3683 653 3741 erant,
685 3691 753 3729 ex
792 3666 1054 3744 operibus
1103 3670 1330 3725 odorem
1373 3669 1655 3725 emittens.
1690 3669 2057 3736 Quamobrem

473 3782 601 3839 agro
623 3763 912 3821 benedicto
935 3777 965 3817 a
994 3761 1107 3816 Deo
1131 3801 1151 3826 ,
1178 3770 1461 3830 comparat
1487 3758 1766 3815 Christum
1785 3799 1803 3824 ,
1848 3768 1906 3814 et
1931 3760 2057 3830 qui-

472 3859 596 3914 dem
620 3856 826 3928 optimo
846 3854 993 3927 jure,
1014 3852 1287 3923 siquidem
1315 3851 1454 3907 odor
1477 3857 1563 3906 est
1591 3849 1922 3920 cognitionis
1959 3850 2055 3906 Dei

435 4006 438 4010 λ
473 3965 538 4006 ac
564 3949 765 4005 Patris.
803 3948 885 4003 Ita
907 3945 1055 4002 enim
1077 3960 1274 4001 rursus
1295 3942 1519 3999 divinus
1540 3942 1745 3999 Paulus
1760 3943 1837 3998 ait
1862 3961 1874 3998 :
1903 3961 1921 3995 ι
1942 3942 2056 3998 Deo

472 4050 656 4097 autem
700 4039 915 4111 gratia,
965 4038 1061 4108 qui
1096 4052 1314 4107 semper
1356 4035 1662 4106 triumphat
1702 4048 1803 4107 per
1860 4049 1963 4091 nos
1997 4036 2056 4091 in

470 4133 691 4189 Christo
721 4131 875 4194 Jesu,
900 4120 957 4183 et
993 4128 1221 4183 odorem
1242 4127 1451 4180 notitiae
1473 4142 1586 4181 sua:
1618 4126 1931 4183 manifestat
1955 4142 2056 4198 per

472 4238 576 4278 nos
616 4221 673 4275 in
706 4219 856 4275 omni
895 4219 1018 4274 loco
1036 4218 1104 4271 δ’.
1144 4237 1162 4268 ι
1195 4215 1576 4273 Manifestatus
1617 4228 1803 4273 autem
1833 4225 1919 4272 est
1954 4230 2054 4288 per

473 4320 694 4368 sanctos
738 4309 1017 4380 apostolos
1036 4308 1303 4391 Dominus
1326 4316 1514 4362 noster
1564 4307 1726 4364 Iesus
1756 4307 2013 4364 Christus
2035 4348 2056 4375 ,

472 4400 646 4456 veluti
665 4398 801 4454 odor
826 4396 1154 4468 cognitionis
1170 4397 1265 4453 Dei
1297 4412 1361 4453 ac
1389 4394 1620 4452 Patris.c
1641 4397 1699 4455 Si
1721 4398 1869 4453 enim
1902 4399 2055 4454 novit

472 4494 598 4564 quis
623 4490 821 4546 Filium
839 4530 855 4556 ,
882 4489 1034 4544 novit
1055 4475 1281 4544 omnino
1296 4499 1353 4545 et
1378 4489 1598 4545 Patrem
1623 4489 1723 4557 ⁸³,ι
1755 4490 1826 4545 ob
1844 4499 2054 4546 naturae

472 4583 852 4647 identitatem,
898 4580 1154 4651 quodque
1184 4596 1282 4650 per
1326 4581 1510 4636 omnia
1559 4581 1843 4651 azquaiiter
1889 4590 2052 4651 atque

472 4673 857 4730 indiﬁerenter
894 4688 954 4728 se
995 4671 1216 4727 haheat.
1257 4672 1606 4729 Conveniunt
1634 4672 1858 4743 quidem
1888 4672 2053 4729 Chri-

2172 2211 2386 2277 Ἰακὼ6,
2420 2210 2556 2266 ἀλλά
2584 2209 2678 2263 καὶ
2717 2208 2775 2261 ὲν
2820 2203 3044 2278 Χριστῷ
3086 2201 3151 2255 τὰ
3175 2197 3380 2263 τοιάδε,
3414 2196 3510 2249 καὶ
3536 2197 3595 2249 ὲν
3624 2195 3742 2257 τοῖς

2159 2305 2216 2356 ὲν
2245 2301 2426 2356 πίστει
2455 2295 2914 2366 δεδικαιωμένοις,
2944 2293 2995 2347 οἳ
3017 2291 3112 2345 καὶ
3140 2289 3306 2344 τέκνα
3326 2285 3586 2356 γεγόνασι
3614 2281 3744 2337 κατ’

2158 2386 2493 2461 ἐπαγγελίαν
2518 2389 2575 2441 ἐν
2618 2386 2821 2440 Ἰσαάκ.
2868 2381 3126 2455 ’Δρμόσει
3159 2378 3224 2450 δὴ
3254 2372 3349 2431 οὖν
3384 2375 3483 2447 τῆς
3520 2389 3742 2445 προφη’

2157 2484 2306 2549 τείας
2332 2483 2361 2535 ό
2390 2479 2513 2544 νοῦς
2540 2477 2636 2532 καὶ
2675 2475 2789 2546 λαῷ
2813 2473 2892 2544 τῷ
2920 2473 3046 2544 νέῳ,
3080 2469 3177 2525 καὶ
3204 2466 3355 2538 αὐτῷ
3388 2466 3466 2537 τῷ
3494 2462 3744 2535 Χριστῷ,

2157 2578 2215 2641 δς
2246 2577 2393 2630 ἐστιν
2431 2571 2574 2643 ἀρχὴ
2601 2569 2696 2624 καὶ
2723 2566 3045 2641 ἡγούμενος.
3076 2561 3397 2630 Δελόγισται
3437 2558 3496 2611 δὲ
3534 2557 3632 2611 καὶ
3657 2556 3745 2618 είς

2156 2669 2408 2741 δεύτερον
2463 2665 2655 2735 Ἀδὰμ,
2694 2663 2788 2717 καὶ
2828 2659 2953 2731 ῥίζα
2978 2675 3063 2722 τις
3102 2657 3291 2726 ὥσπερ
3328 2653 3429 2725 τῆς
3456 2648 3740 2721 ἀνθρωπό-

2157 2779 2317 2835 ττ,τος
2336 2759 2505 2828 ἀνέφυ
2529 2756 2779 2828 δευτέρα.
2801 2751 2981 2823 Καινὴ
3000 2751 3107 2822 γὰρ
3126 2748 3304 2811 κτίσις
3325 2746 3393 2800 τὰ
3414 2748 3472 2799 ὲν
3491 2740 3745 2814 Χριστῷ,

2157 2834 2252 2910 καί
2282 2849 2740 2919 ἀνεκαινίσθημεν
2781 2848 2839 2900 ὲν
2879 2844 3029 2915 αὐτῷ
3076 2841 3213 2914 πρὸς
3243 2837 3515 2910 ἁγιασμόν
3555 2852 3617 2889 τε
3641 2834 3746 2889 καὶ

2156 2943 2465 3018 ἀφθαρσίαν
2492 2941 2586 2995 καὶ
2602 2927 2768 3011 ζωήν.
2782 2936 2856 3007 Ση
2867 2934 3044 3006 μαίνει
3066 2932 3146 2998 δὲ,
3163 2926 3339 3002 οἶμαι,
3363 2929 3465 3000 τῆς
3485 2925 3747 2993 εὐλογίας

2155 3038 2184 3090 ὁ
2214 3035 2394 3105 λόγος,
2426 3032 2524 3104 τὴν
2561 3032 2619 3084 ὲν
2667 3026 2890 3102 Χριστῷ
2927 3025 3018 3080 καὶ
3060 3021 3436 3094 πνευματικὴν
3484 3018 3745 3082 εὐωδίαν,

2155 3122 2267 3181 οἷον
2315 3122 2486 3196 ἀγροῦ
2532 3122 2625 3176 καὶ
2667 3117 2935 3189 λειμῶνος
2987 3112 3387 3169 εὐανθεστάτου
3435 3109 3606 3181 καλὴν
3645 3113 3746 3164 καὶ

2156 3217 2340 3289 ἡδεῖαν
2389 3214 2488 3285 τὴν
2535 3213 2595 3279 ἐξ
2628 3210 2833 3283 ἠρινῶν
2881 3206 3089 3262 ἀνθέων
3124 3205 3291 3268 ἱέντος
3341 3203 3543 3273 ὀσμήν.
3583 3199 3749 3255 Οὕτω

2155 3304 2264 3377 γὰρ
2287 3305 2419 3376 ἡμῖν
2440 3300 2631 3356 ἑαυτὸν
2658 3301 2715 3352 ὲν
2742 3296 2824 3369 τῷ
2862 3294 3103 3367 ’ᾼσματι
3145 3292 3254 3348 τῶν
3292 3292 3553 3364 ᾀσμάτων
3604 3289 3748 3343 ὠνό-

2160 3395 2331 3468 μαζεν
2356 3397 2384 3448 ὁ
2411 3392 2667 3467 Χριστὸς,
2688 3389 2869 3459 ,λέγων
2900 3386 3023 3460 μέν’
3059 3383 3201 3455 Ἐγὼ
3226 3382 3385 3448 ἄνθος
3406 3382 3501 3436 τοῦ
3529 3381 3746 3448 πεδίου,

2160 3487 2342 3563 κρίνον
2374 3484 2484 3539 τῶν
2532 3482 2815 3538 κοιλάδων.
2852 3479 3053 3552 Κρίνον
3084 3477 3193 3549 γὰρ
3237 3472 3306 3548 ἦν
3344 3476 3440 3530 καὶ
3481 3473 3633 3547 ῥόδον
3675 3475 3747 3527 ἑκ

2159 3562 2265 3650 γῆς
2308 3577 2539 3647 ἀναφὺς,
2590 3572 2677 3627 διὰ
2723 3572 2785 3625 τὸ
2836 3569 3196 3642 ἀνθρώπινον.
3255 3567 3403 3640 Πλὴν
3447 3568 3547 3620 οὐκ
3584 3562 3747 3631 είδιῖῡς

2159 3667 2453 3742 ἁμαρτίαν,
2476 3662 2956 3736 θεοπρεπεστάτην
2982 3661 3038 3714 δὲ
3063 3658 3265 3731 μᾶλλον
3291 3660 3404 3721 τοῖς
3432 3658 3536 3711 ἀνὰ
3558 3657 3749 3710 πᾶσαν

2157 3763 2255 3833 τὴν
2286 3757 2616 3830 οἰκουμένην
2653 3754 2753 3827 τὴν
2785 3755 2849 3808 ἐκ
2893 3755 3005 3807 τῶν
3036 3749 3479 3823 κατορθωμάτων
3507 3747 3750 3802 εὐωδίαν

2161 3853 2281 3917 ίείς.
2326 3849 2506 3922 ’Δγρῷ
2533 3845 2824 3918 τοιγαροῦν
2847 3844 3040 3915 εὐλογη
3051 3843 3196 3915 μένῳ
3225 3842 3379 3913 παρά
3408 3839 3565 3905 Θεοῦ,
3594 3854 3746 3910 παρ-

2156 3944 2364 4010 εικάζει
2409 3941 2644 4014 Χριστόν
2668 3956 2683 3972 ο
2719 3938 2813 3992 καὶ
2849 3935 3054 4008 σφόδρα
3099 3936 3355 3998 εἰκότως·
3401 3934 3559 4005 είπερ
3587 3931 3744 4004 ὀσμή

2156 4043 2275 4096 ἐστι
2310 4043 2410 4113 τῆς
2435 4035 2691 4110 γνώσεως
2715 4035 2809 4090 τοῦ
2855 4032 2993 4088 Θεοῦ
3028 4031 3124 4086 καὶ
3163 4028 3397 4100 Πατρός.
3435 4028 3580 4097 Ἔφη
3624 4025 3746 4096 γὰρ

2153 4125 2256 4188 ὧδε
2288 4132 2451 4186 πάλιν
2476 4134 2505 4186 ὁ
2537 4129 2821 4192 θεσπέσιος
2851 4124 3081 4187 Παῦλος
3111 4121 3202 4193 Τῷ
3228 4120 3286 4174 δὲ
3313 4117 3433 4189 Θεῷ
3460 4117 3622 4189 χάρις
3657 4114 3747 4186 τῷ

2155 4225 2388 4279 πάντοτε
2424 4221 2809 4294 θριαμϐεύοντι
2849 4218 2999 4289 ἡμᾶς
3052 4216 3111 4267 ὲν
3143 4211 3222 4283 τῷ
3242 4209 3483 4284 Χριστῷ,
3513 4209 3608 4262 καί
3635 4207 3743 4281 τὴν

2154 4315 2332 4385 ὀσμὴν
2359 4314 2461 4383 τῆς
2489 4312 2743 4382 γνώσεως,
2778 4308 2945 4364 αὐτοῦ
2993 4305 3318 4379 φανεροῦντι
3364 4304 3434 4357 δι’
3467 4300 3625 4374 ἡμῶν
3674 4303 3739 4354 ἰν

2155 4407 2319 4460 παντὶ
2340 4405 2507 4472 τόπῳ.
2527 4402 2887 4474 Ἐφανεροῦτο
2902 4400 2957 4454 δὲ
2975 4386 3064 4453 διὰ
3093 4398 3202 4451 τῶν
3224 4398 3394 4467 ἀγίων
3421 4393 3742 4450 ἀποστόλων

2153 4501 2181 4552 ὁ
2202 4499 2405 4568 Κύριος
2419 4498 2453 4567 ὴ
2464 4494 2579 4566 μῶν
2612 4493 2819 4565 Ἰησοῦς
2841 4494 2883 4546 Χ
2895 4492 3096 4564 ριστὸς,
3114 4491 3190 4554 ὡς
3202 4488 3346 4559 ὀσμὴ
3361 4487 3461 4554 τῆς
3478 4483 3738 4554 γνώσεως

2152 4578 2246 4641 τοῦ
2271 4587 2405 4641 Θεοῦ
2438 4588 2533 4640 καὶ
2560 4587 2790 4657 Πατρός.
2825 4603 2843 4635 ι
2882 4585 2944 4637 Εἰ
2972 4568 3084 4654 γὰρ
3117 4580 3323 4651 ἔγνωκέ
3352 4595 3435 4643 τις
3461 4577 3553 4630 τὸν
3580 4576 3741 4644 Υἰὸν,

2153 4682 2294 4750 ἔγνω
2336 4697 2439 4732 που
2469 4679 2686 4741 πάντως
2732 4675 2829 4729 καὶ
2867 4674 2959 4728 τὸν
2994 4674 3235 4740 Πατέρα,
3257 4672 3345 4726 διὰ
3378 4671 3469 4724 τὸν
3497 4669 3601 4740 τῆς
3628 4667 3733 4738 φύ-

471 4776 558 4822 sto
587 4783 600 4820 :
629 4763 960 4821 conveniant
1003 4770 1188 4845 autem
1236 4764 1432 4819 merito
1458 4764 1623 4818 etiam
1674 4778 1821 4818 novo
1846 4763 2051 4835 populo

2155 4789 2289 4836 σεως
2315 4771 2527 4837 ταυτὸν,
2555 4770 2651 4823 καὶ
2679 4767 2820 4822 κατά
2843 4766 2949 4820 πᾶν
2974 4765 3152 4819 ὁτιοῦν
3179 4765 3308 4827 ἴσως
3328 4779 3389 4816 τε
3422 4762 3518 4816 καὶ
3546 4761 3733 4831 ἀπαρ-

458 4859 588 4914 ‘haec
619 4876 631 4913 :
677 4878 693 4909 ι
728 4856 832 4913 Det
862 4857 959 4913 tibi
999 4840 1266 4911 Dominus
1294 4857 1362 4911 de
1393 4871 1519 4911 rore
1560 4855 1706 4921 cmli,
1735 4864 1791 4912 et
1826 4856 1893 4911 de
1928 4855 2050 4926 pin-

2147 4862 2430 4926 αλλάκτως
2456 4861 2600 4933 ἔχον.
2647 4859 2902 4932 Ἀρμόσει
2936 4859 3036 4930 μὲν
3060 4852 3153 4911 οῦν
3183 4855 3252 4910 τὰ
3275 4854 3453 4909 τοιάδε
3485 4851 3734 4925 Χριστῷ,

468 4947 705 5021 guedine
749 4958 907 5004 terrae
943 4947 1337 5004 abundantiam
1375 4947 1639 5002 frumenti
1661 4962 1725 5002 ac
1743 4948 1903 5018 panis
1923 4949 1990 5003 ⁸⁵.
2024 4969 2040 5001 ι

2155 4957 2348 5029 πρέποι
2386 4955 2430 5008 δ’
2462 4955 2528 5008 ἂν
2557 4955 2780 5018 εἰκότως
2811 4954 2905 5007 καὶ
2945 4952 3059 5025 λαῷ
3083 4951 3160 5024 τῷ
3196 4950 3324 5021 νέῳ,
3352 4947 3433 5012 τὸ,
3470 4945 3595 5017 Δῴη
3648 4960 3734 4997 σοι

468 5042 580 5098 Ros
611 5040 760 5097 enim
800 5041 926 5096 coeli
949 5050 1004 5096 et
1024 5040 1300 5112 pinguedo
1335 5048 1517 5105 terrm,
1545 5039 1652 5094 hoc
1671 5049 1775 5105 est,
1808 5041 2050 5097 Verbum

2155 5051 2356 5121 Κύριος
2394 5046 2504 5103 ἀπὸ
2552 5048 2652 5116 τῆς
2696 5046 2891 5117 δρόσου
2944 5043 3039 5099 τοῦ
3064 5041 3317 5116 οὐρανοῦ,
3361 5042 3456 5094 καὶ
3496 5037 3606 5093 ἀπὸ
3632 5037 3731 5107 τῆς

468 5147 537 5187 ex
580 5133 739 5187 Patre
768 5131 929 5187 nobis
980 5130 1169 5185 datum
1206 5138 1320 5196 est,
1367 5130 1523 5201 juxta
1574 5130 2051 5200 participationem

468 5222 730 5277 nimirum
763 5225 862 5294 per
893 5222 1157 5294 Spiritum
1180 5262 1195 5287 ,
1226 5237 1290 5277 ac
1334 5220 1531 5277 divinae
1572 5221 1795 5292 quidem
1835 5231 2049 5278 naturae

468 5312 597 5367 facti
628 5327 820 5368 sumus
846 5330 943 5385 per
974 5315 1151 5385 ipsum
1191 5313 1490 5385 participes
1519 5332 1533 5369 :
1580 5315 1836 5385 nactique
1879 5315 2052 5370 etiam

442 5404 679 5475 _copiam
706 5404 969 5460 frumenti
990 5414 1047 5460 et
1077 5406 1211 5471 vini,
1238 5406 1344 5461 hoc
1362 5414 1483 5473 est,
1509 5405 1801 5462 roboris-et
1819 5404 2043 5461 iretitiae.

471 5491 757 5560 Siquidem
780 5507 909 5546 vere
933 5493 1138 5547 dicitur
1164 5512 1182 5547 ι
1232 5514 1249 5545 ι
1299 5494 1463 5550 Panis
1492 5494 1714 5550 roborat
1738 5506 1833 5549 cor
1861 5493 2041 5548 homi-

538 5697 591 5729 ‘°
611 5696 749 5754 Gen.
777 5715 941 5769 xxvn,
981 5701 1172 5759 27-29.

1246 5708 1288 5739 “
1323 5706 1481 5762 Cant.
1528 5724 1586 5774 ιι,
1618 5708 1665 5761 1.
1741 5708 1785 5740 “
1810 5707 1855 5764 ιι
1897 5706 2024 5763 Cor.
2050 5722 2108 5773 ιι,
2150 5707 2236 5762 Ν.

2152 5143 2403 5213 πιότητος
2433 5141 2529 5212 τῆς
2566 5140 2690 5211 γῆς,
2731 5137 2937 5208 πλῆθος
2984 5137 3132 5192 σίτου
3178 5137 3272 5190 καὶ
3303 5134 3469 5188 οἴνου.
3527 5130 3595 5192 Ἡ
3621 5128 3735 5200 γὰρ

2154 5231 2384 5305 οὐρανοῦ
2424 5232 2522 5303 μὲν
2551 5230 2761 5302 δρόσος,
2793 5230 2894 5301 γῆς
2918 5230 2975 5284 δὲ
3007 5229 3219 5299 πιότης,
3242 5226 3402 5280 τοῦτό
3434 5225 3573 5288 ἐστι,
3606 5220 3641 5272 ὁ
3666 5221 3732 5273 ὲκ

2154 5322 2288 5379 Θεοῦ
2315 5323 2527 5395 Πατρὸς
2548 5323 2724 5390 λόγος,
2746 5324 2878 5394 ἡμῖν
2894 5322 3100 5377 δέδοται
3129 5319 3271 5375 κατά
3296 5316 3512 5390 μέθεξιν
3541 5311 3729 5383 δηλον-

2153 5416 2233 5469 ότι
2292 5412 2390 5486 τὴν
2429 5412 2517 5467 διὰ
2552 5412 2907 5484 Πνεῦματος,’
2931 5414 3025 5468 καὶ
3071 5411 3222 5476 θείας
3262 5414 3361 5484 μὲν
3408 5408 3624 5479 φύσεως
3661 5402 3732 5457 δι’

2154 5504 2319 5560 αὐτοῦ
2366 5506 2666 5576 γεγόναμεν
2715 5505 2981 5561 κοινωνοί.
3030 5504 3375 5577 Ἐσχήκαμεν
3418 5504 3473 5559 δὲ
3523 5499 3728 5573 πλῆθος

2313 5709 2358 5740 ⁸³
2384 5706 2575 5761 Matth.
2600 5723 2674 5773 ιι,
2701 5707 2789 5761 27.
2871 5707 2913 5739 ⁸⁵
2936 5706 3072 5762 Gen.
3113 5723 3276 5776 xxvii,
3302 5708 3393 5764 28.
