4056 6260
289 411 388 468 1⁸15

1298 392 1818 453 GLAPHYRORUM
1852 391 1918 446 IN
1958 388 2253 446 CENESIM
2292 382 2421 441 LIB.
2464 382 2552 443 lli.

3439 388 3542 450 Πὸ

283 522 436 577 σίτου
479 515 582 573 καὶ
628 515 794 580 οῐνου,
851 511 1144 577 τουτέστιν,
1182 509 1362 580 ίσχύος
1394 509 1491 563 κα)⁸
1541 510 1722 579 μέντοι
1778 505 1862 558 καῖ

1971 504 2088 569 nis,
2123 514 2180 557 et
2206 503 2395 556 viuum
2437 501 2678 556 lzetiticat
2703 515 2798 555 cor
2823 500 2888 558 “.
2928 519 2950 554 ι
2981 495 3139 573 106
3178 499 3540 557 Fortitudinis

284 608 654 682 εὐφροσύνης.
685 605 856 675 Εἴπερ
881 602 1081 674 ἀληθὴς
1107 604 1135 654 6
1157 600 1312 668 λόγος
1334 601 1363 651 6
1387 598 1582 665 λέγων,
1619 614 1638 647 ι
1672 597 1867 666 "Apto;

289 699 544 772 στηρίξει
575 696 797 769 καρδίαν
827 693 1135 767 ἀνθρώπου,
1171 693 1266 746 καὶ
1297 686 1438 754 οἶνος
1473 689 1775 760 εὐφραίνει.
1841 705 1859 736 ο

302 794 515 864 ’ἰσχύος
545 787 636 845 οῦν
653 790 758 861 ἄρα
784 791 881 859 τῆς
908 786 1105 856 νοητῆς
1136 785 1230 838 καὶ
1257 786 1316 837 ὲν
1345 781 1619 852 πνεύματι
1642 781 1866 850 σημεῖον

291 888 324 941 6
365 887 560 957 ἄρτος·
595 881 816 950 θατέρου
855 895 919 946 γε
957 878 1061 949 μὴν
1089 878 1118 930 ὁ
1162 873 1323 938 οἶνος.
1354 874 1571 926 Δέδοται
1607 871 1664 924 δὲ
1694 869 1867 924 ταῦτα

297 978 408 1038 τοῖς
429 977 487 1027 ὲν
514 970 731 1042 Χριστῷ
747 970 814 1023 δι’
836 967 1020 1022 αὐτοῦ.
1053 967 1178 1029 Πῶς
1208 965 1241 1036 ἢ
1266 965 1384 1018 τίνα
1408 963 1631 1033 τρόπον,
1662 961 1865 1030 ἑδραῖοι

295 1065 592 1134 γεγόναμεν
645 1064 724 1125 εἰς
753 1060 1034 1113 εὐσέϐειαν
1077 1059 1176 1112 καὶ
1228 1054 1612 1127 ἀμετακίνητοι
1665 1052 1865 1123 τρόπον

293 1157 428 1218 τινὰ,
460 1156 553 1208 καὶ
599 1153 737 1225 ὀρθὰ
781 1153 998 1222 φρονεῖν
1041 1151 1265 1213 εἰδότες,
1305 1148 1400 1201 καὶ
1447 1145 1865 1207 ἀκατασείστως

291 1242 704 1314 ὲρηρεισμένοι;
774 1239 1073 1309 Ἑλάὁομεν
1129 1237 1239 1308 γὰρ
1299 1235 1548 1302 ἐξουσίαν
1611 1251 1631 1284 ι
1676 1235 1864 1285 πατεῖν

287 1334 469 1388 ἐπάνω
499 1332 676 1401 ὄφεων
711 1331 804 1384 καὶ
835 1329 1134 1400 σκορπίων,
1171 1330 1267 1380 καὶ
1296 1327 1388 1379 ἐπὶ
1427 1326 1604 1378 πᾶσαν
1638 1322 1736 1392 τὴν
1767 1322 1859 1374 δύο

285 1442 449 1495 ναμιν
498 1423 596 1478 τοῦ
638 1423 858 1494 ἐχθροῦ.
894 1441 913 1474 ι
968 1421 1140 1475 Τοῦτο
1183 1413 1336 1489 οἶμαι
1384 1415 1446 1470 τὸ
1498 1416 1699 1485 πλῆθός
1746 1417 1864 1468 ἐστι

287 1516 458 1569 σίτου.
501 1514 669 1567 Ἀλλὰ
711 1514 805 1567 καὶ
847 1511 993 1566 οἴνου
1048 1511 1209 1565 πάλιν
1255 1509 1536 1579 ὲλὶὁομεν.
1575 1526 1592 1559 ι
1627 1508 1704 1578 Τῇ
1755 1507 1864 1577 γὰρ

286 1603 463 1656 ἐλπίδι
511 1604 777 1673 χαίρομεν
839 1603 933 1655 καὶ
974 1599 1314 1670 ἐγενήθημεν
1361 1597 1795 1668 εὐφραινόμενοι,
1839 1615 1857 1647 ι

287 1695 433 1746 κατά
484 1693 546 1745 τὸ
577 1691 978 1762 γεγραμμένον.
1035 1688 1423 1760 Προσδοκῶμεν
1470 1689 1579 1759 γὰρ
1607 1688 1704 1751 τὰς
1752 1687 1864 1741 ἄνω

293 1784 487 1854 μονὰς,
515 1783 614 1854 τὴν
653 1785 710 1836 ἐν
748 1783 1023 1854 ἀφθαρσίᾳ
1055 1781 1223 1851 ζωὴν,
1259 1780 1348 1832 τὸν
1380 1779 1703 1851 μακραίωνα
1730 1779 1861 1849 βίον,

1969 595 2151 665 itaque
2172 594 2474 665 spiritualis
2495 594 2803 665 symbolum
2825 600 2909 648 est
2931 593 3122 663 panis;
3144 593 3370 648 alterius
3384 609 3538 656 vero.

1967 688 2177 741 vinum.
2205 687 2338 740 Data
2355 692 2537 739 autem
2560 692 2688 739 sunt
2727 684 2814 748 iis,
2850 683 2945 754 qui
2966 683 3021 737 in
3043 681 3263 739 Christo
3294 693 3422 739 sunt
3443 699 3541 753 per

1967 777 2167 847 ipsum.
2196 776 2316 843 Quo
2360 783 2520 845 pacto
2560 775 2706 829 enim
2747 774 2905 828 aliter
2943 773 3085 827 firmi
3125 789 3189 828 ac
3223 774 3446 829 stabiles
3471 775 3537 829 ad

1965 866 2246 936 pietatem,
2304 872 2360 919 et
2407 864 2618 918 immoti
2674 863 3079 933 quodammodo
3121 873 3270 918 recta
3299 864 3540 935 cogitare

1965 958 2201 1013 scientes
2229 955 2356 1010 facti
2385 956 2613 1011 sumus?
2637 955 2921 1026 Siquidem
2941 955 3066 1011 data
3096 955 3258 1010 nobis
3278 965 3364 1011 est
3381 967 3538 1027 pote-

1964 1059 2103 1104 stas«
2121 1048 2369 1103 calcandi
2391 1063 2556 1118 super
2569 1056 2855 1117 serpentes
2874 1055 2929 1102 et
2949 1049 3289 1118 scorpiones,
3304 1059 3359 1104 et
3374 1060 3541 1119 super

1965 1154 2182 1194 onmem
2205 1146 2528 1208 potestatem
2543 1137 2818 1192 inimici“.
2842 1137 3004 1202 Αἶσα,
3019 1146 3081 1192 ut
3099 1138 3363 1204 arbitror,
3375 1137 3540 1209 signi‘

1966 1229 2262 1299 licatcopia
2274 1229 2556 1283 frumenti.
2573 1229 2679 1284 Sed
2698 1228 2956 1287 etvinum
2984 1245 3176 1284 rursus
3202 1231 3535 1301 accepimus.

1974 1338 1991 1369 ι
2019 1319 2125 1388 Spe
2139 1320 2285 1374 enim
2302 1320 2602 1390 gaudemus
2616 1330 2671 1376 et
2683 1322 2997 1386 lzetamur",
3030 1341 3047 1373 ι
3076 1323 3376 1378 secundum
3393 1322 3542 1378 Scri-

1965 1419 2202 1481 pturam.
2221 1412 2617 1480 Exspectamus
2643 1415 2791 1468 enim
2822 1414 3073 1468 caelestes
3096 1415 3426 1480 mansiones,
3454 1417 3542 1469 vi-

1965 1510 2073 1555 tam
2115 1501 2170 1555 in
2208 1501 2619 1572 incorruptione
2643 1511 2701 1557 et
2723 1504 3135 1573 sempiternam,
3163 1505 3376 1575 ipsique
3404 1506 3542 1561 adeo

1962 1590 2183 1646 Christo
2214 1607 2568 1663 conregnare.
2606 1594 2761 1648 Dicta
2792 1595 2960 1665 igitur
2998 1595 3108 1650 sint
3134 1596 3300 1650 etiam
3334 1597 3449 1651 haec
3475 1597 3542 1651 de

1963 1683 2145 1738 nobis.
2178 1682 2293 1737 lloc
2315 1684 2464 1738 enim
2491 1698 2673 1739 sermo
2701 1685 2807 1740 sibi
2827 1686 2961 1739 vult.
2988 1687 3181 1742 Postea
3219 1689 3546 1744 transfertur

1965 1771 2364 1827 benedictionis
2401 1782 2643 1843 potestas
2677 1775 2734 1828 in
2779 1774 2959 1845 ipsum
2995 1792 3186 1832 rursus
3210 1777 3542 1833 Emmanue-

290 1876 355 1928 τὸ
382 1874 530 1943 αὐτῷ
554 1873 975 1944 συμὸασιλεῦσαι
1001 1871 1243 1943 Χριστῷ.
1272 1869 1525 1940 Είρήσθω
1557 1869 1613 1922 δὲ
1647 1870 1740 1923 καὶ
1784 1868 1862 1937 ἐφ’

1968 1862 2095 1917 lem.
2135 1882 2152 1914 ι
2173 1863 2430 1918 Serviant
2463 1865 2611 1920 enim
2643 1866 2741 1920 tibi
2772 1877 2980 1937 gentes,
3007 1867 3206 1938 inquit,
3234 1879 3291 1924 et
3313 1870 3545 1926 adorent

289 1967 424 2035 ἡμῖν
457 1965 524 2018 τά
545 1965 741 2018 τοιάδε.
766 1964 939 2018 Καλεῖ
965 1962 1074 2033 γὰρ
1102 1963 1182 2025 εἰς
1214 1961 1371 2014 τοῦτο
1395 1961 1617 2023 εἰκότως
1641 1963 1669 2014 6
1691 1961 1862 2028 λόγος.

289 2052 423 2108 Εἶτα
455 2056 841 2125 μετοιχήσεται
873 2054 973 2122 τῆς
1007 2052 1259 2120 εὐλογίας
1290 2053 1323 2121 ἡ
1343 2051 1569 2122 δύναμις
1599 2052 1684 2104 ἐπ’
1708 2053 1867 2105 αὐτὸν

284 2143 445 2210 αὖθις
479 2147 571 2200 τὸν
634 2145 1002 2216 Ἐμμανουήλ.
1061 2161 1080 2194 ι
1136 2143 1585 2196 Δουλενσάτωσαν
1633 2142 1739 2213 γάρ
1786 2160 1865 2196 σοι

284 2238 442 2307 ἔθνη,
479 2238 637 2308 φησι.
666 2239 760 2291 καὶ
793 2236 1322 2307 προσκυνησάτωσαν
1352 2252 1433 2288 σοι
1466 2236 1742 2306 ἄρχοντες,
1774 2238 1865 2289 καὶ

283 2325 439 2393 γίνου
480 2326 671 2396 κύριος
712 2323 806 2377 τοῦ
859 2323 1084 2391 ἀδελφοῦ
1122 2339 1237 2376 σου.
1265 2341 1293 2374 -ι
1333 2325 1718 2395 Κεχρημὲτικε
1765 2326 1864 2394 μὲν

283 2416 395 2486 γὰρ
443 2416 785 2486 πρωτότοκος
819 2418 848 2469 6
913 2414 1278 2485 Ἐμμανουήλ,
1319 2415 1408 2468 ὅτε
1447 2416 1633 2483 γέγονε
1681 2433 1698 2467 ι
1743 2414 1865 2470 καθ’

286 2509 453 2577 ἡμᾶς,
483 2507 575 2561 καὶ
616 2509 675 2561 ὲν
713 2507 925 2570 πολλοῖς
959 2507 1228 2575 ἀδελφοῖς.
1272 2525 1290 2558 ο
1337 2506 1476 2560 Ἀλλ’
1509 2507 1632 2576 οὐχὶ
1663 2506 1866 2576 ταύτης

284 2601 448 2652 ἕνεκα
493 2599 591 2668 τῆς
637 2599 816 2661 αἰτίας
865 2598 1278 2669 ἀπολισθήσειεν
1312 2599 1400 2663 ἂν,
1450 2589 1545 2652 τοῦ
1595 2598 1689 2653 καὶ
1734 2598 1864 2662 Θεὸς

286 2687 424 2744 εἶναι
458 2690 549 2743 καὶ
575 2689 684 2744 τῶν
727 2690 864 2743 ὅλων
898 2689 1102 2760 Κύριος
1127 2704 1140 2717 ⁸
1178 2688 1590 2758 προσκυνοῦμεν
1637 2689 1744 2759 γὰρ
1789 2688 1865 2751 ὡς

287 2781 590 2851 Δεσπότην,
620 2779 717 2833 καὶ
750 2781 1104 2851 κεκυρίευκεν
1132 2781 1207 2844 ὡς
1235 2780 1368 2845 Θεὸς
1403 2780 1511 2834 τῶν
1539 2784 1617 2844 εἰς
1647 2781 1865 2850 ἀδελφό-

288 2890 428 2943 τητα
457 2872 807 2942 κεκλημένων
850 2872 937 2925 διὰ
962 2872 1062 2942 τῆς
1108 2872 1348 2942 χάριτος.
1386 2892 1406 2924 ι
1441 2873 1537 2937 Τίς
1566 2873 1672 2943 γὰρ
1696 2875 1752 2925 ἐν
1782 2889 1866 2926 νε-

289 2965 499 3033 φέλαις,
534 2965 718 3034 φησὶν,
747 2963 1066 3033 ἰσωθήσεται
1093 2962 1171 3032 τῷ
1203 2963 1424 3034 Κυρίῳ;
1449 2965 1540 3016 καὶ
1562 2963 1644 3026 τίς
1672 2965 1864 3032 ὁμοιως

286 3053 517 3122 θήσεται
561 3051 709 3122 αὐτῷ
751 3053 809 3104 ὲν
852 3054 985 3114 υἱοῖς
1036 3050 1210 3116 Θεοῦ;
1250 3069 1268 3102 ι
1303 3051 1641 3122 Κεκυρίευκε
1688 3051 1866 3104 τοίνυν

286 3143 369 3206 ὡς
397 3142 527 3204 Θεὸς
552 3141 657 3194 τῶν
681 3144 758 3204 είς
788 3141 1124 3210 ἀδελφότητα
1147 3142 1635 3212 παρενηνεγμένων
1666 3143 1693 3193 ό
1738 3140 1859 3210 Ἐμ-

290 3231 554 3304 μανουὴλ,
605 3233 697 3285 καὶ
739 3231 886 3302 αὐτῷ
928 3231 1134 3301 κάμψει
1182 3232 1290 3284 πᾶν
1332 3230 1456 3299 γόνυ
1502 3230 1858 3301 ἐπουρανίων,

289 3322 383 3375 καὶ
419 3322 697 3390 ἐπιγείων,
749 3323 843 3374 καλ⁵
886 3320 1272 3391 καταχθονίων,
1315 3322 1408 3374 καὶ
1458 3322 1609 3374 πᾶσα
1642 3320 1862 3389 γλῶσσα

288 3412 775 3482 ἐξομολογήσεται,
843 3414 923 3465 ὅτι
969 3412 1171 3484 Κύριος
1239 3413 1442 3484 Ἰησοῦς
1498 3404 1731 3484 Χριστὸς
1782 3415 1861 3476 εἰς

286 3503 445 3568 δόξαν
477 3505 608 3558 Θεοῦ
651 3504 881 3575 Πατρός.
919 3523 936 3555 ι
974 3506 1081 3559 Καὶ
1114 3506 1142 3559 6
1178 3503 1561 3576 καταρώμενος
1590 3505 1710 3574 μὲν,
1739 3509 1858 3559 ἐπι-

290 3598 614 3666 κατέῳατος
640 3598 668 3648 6
687 3595 742 3649 δὲ
776 3595 1031 3664 εὐλογῶν,
1063 3596 1595 3666 εὐλογημένος.›Κα“ι
1623 3597 1853 3668 ἐναργὴς

1968 1962 2020 2007 te
2061 1952 2357 2023 principes,
2387 1962 2443 2008 et
2486 1963 2605 2010 esto
2634 1955 2891 2014 dominus
2920 1958 3108 2015 fratris
3131 1961 3210 2016 tui
3235 1961 3302 2027 ⁸⁸,
3338 1981 3355 2012 ι
3387 1961 3542 2016 Νυιιδ

1965 2056 2196 2116 cupatus
2237 2056 2323 2102 est
2350 2048 2498 2103 enim
2524 2049 2923 2121 primogenitus
2944 2053 3288 2120 Emmanuel,
3322 2055 3543 2125 quando

1965 2136 2143 2192 factus
2162 2148 2247 2194 est
2273 2159 2291 2190 ‹
2324 2140 2630 2196 secundum
2655 2159 2776 2208 nos,
2797 2154 2853 2199 et
2877 2145 2932 2199 in
2958 2146 3146 2201 multis
3176 2146 3536 2202 fratribus‘m

1968 2227 2074 2282 Sed
2091 2244 2269 2298 neque
2292 2230 2364 2284 ob
2382 2230 2524 2286 hanc
2547 2246 2767 2286 causam
2787 2233 3068 2302 quidpiam
3107 2235 3391 2305 deperdat,
3409 2253 3545 2306 quo-

1966 2318 2148 2374 minus
2167 2320 2312 2375 Deus
2335 2320 2407 2375 sit
2435 2329 2491 2375 et
2516 2321 2903 2376 universorum
2935 2323 3216 2379 Dominus.
3239 2324 3545 2381 Adoramus

1965 2410 2114 2464 enim
2148 2419 2208 2465 ut
2251 2412 2542 2468 Dominum
2568 2453 2585 2480 ,
2636 2422 2694 2469 et
2722 2415 3036 2471 dominatus
3063 2425 3149 2472 est
3181 2426 3241 2472 ut
3274 2418 3419 2473 Deus
3446 2436 3540 2475 eo-

1967 2516 2112 2566 rum,
2140 2502 2235 2572 qui
2272 2504 2327 2558 in
2355 2503 2554 2561 fratres
2588 2507 2765 2562 vocati
2791 2512 2919 2562 sunt
2946 2523 3045 2578 per
3072 2509 3321 2578 gratiam.
3357 2529 3374 2561 ι
3408 2509 3543 2577 Quis

1966 2594 2113 2649 enim
2146 2594 2201 2648 in
2213 2595 2473 2660 nubibus,
2511 2597 2709 2667 inquit,
2739 2598 3048 2668 aequabitur
3069 2598 3321 2664 Domino,
3344 2608 3400 2655 et
3418 2602 3542 2671 quis

1967 2684 2160 2739 similis
2191 2684 2298 2739 erit
2319 2685 2369 2740 ei
2396 2685 2452 2739 in
2478 2686 2607 2741 ﬁliis
2632 2687 2728 2741 Dei
2744 2678 2833 2740 "l?
2869 2707 2889 2739 ›
2915 2689 3240 2745 Domiuatus
3277 2690 3445 2761 igitur
3459 2705 3543 2746 est

1967 2773 2308 2840 Emmanuel,
2336 2784 2395 2830 ut
2422 2776 2566 2831 Deus
2587 2817 2601 2841 ,
2652 2792 2844 2831 eorum
2878 2781 2972 2849 qui
3028 2781 3098 2834 ad
3142 2781 3542 2838 fraternitatem

1967 2865 2187 2922 adducti
2239 2877 2394 2934 sunt,
2426 2878 2482 2924 et
2530 2869 2631 2938 ipsi
2670 2889 2687 2921 ι
2719 2870 2970 2927 flectetur
3010 2889 3171 2928 omne
3206 2890 3348 2945 genu
3374 2877 3540 2932 cmle—

1968 2958 2153 3023 stiunz,
2208 2969 2557 3016 terrenorum
2586 2970 2643 3017 et
2669 2962 3031 3026 infernoruni,
3075 2975 3130 3019 et
3161 2967 3340 3021 omnis
3361 2968 3542 3038 lingua

1967 3048 2339 3113 confitebitur,
2363 3052 2491 3120 quia
2504 3051 2770 3105 Dominus
2782 3051 2941 3106 Jesus
2967 3052 3220 3108 Christus
3247 3054 3301 3107 in
3316 3056 3541 3125 gloriam

1969 3139 2066 3194 Dei
2102 3140 2279 3194 Patris
2310 3141 2375 3193 ".
2416 3161 2434 3191 ι
2474 3142 2542 3195 Et
2567 3141 2904 3197 maledicens
2927 3142 3172 3212 quidem,
3196 3144 3305 3210 ait,
3338 3147 3411 3201 sit
3432 3163 3544 3202 ma-

1966 3230 2222 3295 ledictus,
2255 3251 2273 3283 ‹
2310 3232 2643 3290 benedicens
2678 3244 2884 3302 autem,
2924 3234 3250 3292 benedictus
3272 3238 3338 3292 η.
3365 3260 3385 3292 ›
3429 3241 3542 3296 Ma-

1967 3321 2198 3377 nifestus
2243 3323 2334 3378 hic
2372 3333 2455 3379 est
2487 3341 2689 3382 sermo.
2727 3328 3105 3383 Exsecrabiles
3142 3331 3292 3386 enim
3322 3332 3542 3402 Deoquc

1966 3414 2162 3479 odiosi,
2191 3416 2580 3473 maledicentes
2618 3419 2757 3489 ipsi;
2785 3421 2932 3491 pleni
2960 3431 3146 3477 autem
3174 3439 3540 3495 supernorum

1966 3518 2030 3556 ac
2051 3502 2362 3560 divinorum
2387 3504 2677 3571 bonorum,
2715 3508 2809 3577 qui
2849 3509 3187 3566 benedicunt
3214 3552 3228 3578 ,
3287 3512 3391 3568 hoc
3433 3525 3537 3577 est.

1966 3597 2206 3654 divinam
2226 3600 2399 3669 ipsius
2417 3601 2644 3669 gloriam
2683 3604 3031 3660 annuntiant.

288 3686 520 3755 ὁλόγος.
564 3688 860 3758 Ἑπάρατοι
892 3685 1000 3757 γὰρ
1068 3687 1161 3741 καὶ
1230 3686 1500 3757 θεομισεῖς
1546 3688 1594 3739 οἱ
1658 3685 2068 3756 δυσφημοῦντες
2112 3690 2301 3743 αὐτόν·
2367 3691 2650 3761 ἑπίμεστοι
2705 3692 2761 3745 δὲ
2809 3693 2917 3746 τῶν
2956 3693 3160 3748 ἄνωθεν
3226 3696 3321 3748 καὶ.
3389 3697 3540 3765 παρά

288 3782 423 3837 Θεοῦ
487 3781 861 3852 χαρισμάτων,
902 3783 951 3833 ot
991 3781 1358 3849 εὐλογοῦντες,
1392 3783 1687 3849 τουτέστιν,
1719 3785 1768 3836 οἱ
1799 3784 1897 3853 τὴν
1942 3783 2093 3836 θείαν
2118 3784 2282 3839 αὐτοῦ
2309 3785 2466 3850 δόξαν
2490 3788 2966 3856 καταγγέλλοντες.

360 3875 434 3940 ς’.
476 3873 624 3944 Δύτη
655 3875 752 3944 μὲν
780 3869 874 3927 οὖν
901 3877 934 3945 ἡ
973 3873 1167 3928 Ἰακὼῦ
1197 3876 1434 3944 εὐλογία,
1459 3878 1553 3947 τῆς
1582 3879 1861 3948 ἀναφορᾶς

286 3964 386 4037 τὴν
424 3964 656 4034 δύναμιν
693 3964 780 4016 ἐπ’
812 3965 973 4017 αὐτὸν
1011 3964 1208 4035 ἔχουσα
1245 3965 1336 4019 τὸν
1371 3967 1736 4038 Ἐμμανουήλ,
1770 3967 1863 4021 καὶ

2030 3877 2083 3932 6.
2106 3879 2232 3934 Hec
2255 3881 2421 3951 igitur
2446 3891 2530 3937 est
2553 3882 3067 3946 benedictiolacob,
3085 3884 3338 3952 cujusvis
3363 3883 3431 3938 ad
3455 3885 3539 3952 ip-

1963 3984 2086 4023 sum
2133 3971 2542 4026 Emmanuelem
2574 3973 2834 4033 refertur,
2874 3978 2930 4026 et
2961 3973 3028 4026 ad
3065 3987 3160 4026 eos
3198 3972 3293 4042 qui
3333 3972 3395 4029 in
3433 3974 3539 4028 ﬁde

286 4058 412 4119 τοὺς
436 4057 497 4108 ὲν
541 4056 721 4108 πίστει
752 4054 1220 4126 δεδικαιωμένους.
1276 4058 1503 4127 ’Ἱδωμεν
1539 4057 1597 4110 δὲ
1636 4058 1729 4109 καὶ
1765 4055 1861 4125 τὴν

1965 4056 2237 4124 iustificati
2268 4065 2416 4112 sunt.
2438 4058 2732 4113 Videamus
2752 4059 2821 4113 ad
2850 4060 2967 4115 hac
2990 4059 3151 4115 aliam
3178 4060 3540 4132 primogenito

287 4146 474 4216 ἄλλην,
494 4146 762 4207 τουτέστι,
786 4145 883 4216 τὴν
906 4147 998 4200 ἐπὶ
1017 4146 1092 4226 τῷ
1115 4144 1445 4216 πρωτοτόκῳ
1468 4147 1859 4216 γεγενημένην,

286 4236 442 4308 δῆλον
475 4237 534 4290 δὶ
562 4237 648 4290 ὅτι
692 4235 770 4307 τῷ
813 4236 1046 4308 Ἰσραὴλ,
1085 4230 1146 4290 οὗ
1176 4239 1269 4290 καὶ⁵
1294 4239 1374 4298 είς
1398 4236 1566 4289 τύπον
1597 4239 1625 4290 6
1670 4234 1859 4289 Ἡσαῦ.

1961 4146 2159 4201 factam
2186 4147 2644 4213 benedictionem,
2673 4149 2855 4206 Israeli
2889 4150 3170 4218 nimirum,
3198 4152 3356 4223 cujus
3381 4161 3538 4225 typus

1960 4245 2044 4292 est
2070 4237 2212 4292 Esau
2240 4257 2252 4291 :
2287 4258 2304 4290 ι
2331 4239 2477 4295 Ecce
2501 4240 2668 4306 enim,
2700 4240 2897 4310 inquit,
2923 4241 2995 4298 de
3026 4241 3354 4312 pinguedine
3377 4253 3538 4302 terra:

291 4346 311 4380 ι
360 4328 494 4381 Ἰδοὺ
519 4328 647 4399 γὰρ,
686 4328 868 4398 φησὶν,
896 4327 1004 4381 ἀπὸ
1045 4329 1145 4399 τῆς
1170 4328 1424 4397 πιότητος
1448 4326 1546 4396 τῆς
1586 4328 1686 4398 γῆς
1711 4326 1861 4380 ἔσται

1965 4327 2063 4383 erit
2086 4328 2353 4386 habitatio
2376 4339 2489 4396 tua,
2509 4340 2565 4386 et
2588 4332 2656 4387 de
2683 4347 2808 4388 rore
2835 4333 2956 4389 caeli
2981 4332 3237 4405 desuper,
3261 4334 3396 4389 etin
3417 4333 3534 4405 gla-

290 4422 324 4490 ἡ
349 4418 667 4483 κατοίκησις
706 4435 821 4484 σου,
855 4421 949 4474 καὶ
993 4419 1101 4473 ἀπὸ
1132 4419 1231 4489 τῆς
1274 4419 1465 4486 δρόσου
1494 4418 1587 4472 τοῦ
1629 4417 1860 4489 οὐρανοῦ

1965 4418 2048 4473 dio
2083 4427 2176 4476 tuo
2195 4423 2366 4485 vives,
2389 4432 2445 4478 et
2475 4423 2632 4479 fratri
2663 4435 2758 4480 tuo
2787 4426 3013 4481 servies.
3035 4425 3154 4481 Erit
3185 4432 3368 4483 autem
3394 4436 3532 4482 tem—

289 4506 520 4569 ἇνωθεν,
543 4508 637 4560 καὶ
656 4507 746 4560 ἐπὶ
765 4510 830 4578 τῇ
859 4509 1102 4578 μαχαίρᾳ
1124 4524 1216 4559 σου
1237 4507 1400 4578 ζήσῃ,
1424 4507 1518 4561 καὶ
1546 4507 1622 4577 τῷ
1648 4507 1861 4576 ἀδελφῷ

1965 4525 2060 4578 pus
2082 4513 2299 4580 quando
2325 4514 2567 4584 deponas
2594 4524 2650 4571 et
2676 4516 2931 4573 detrahas
2946 4519 3137 4589 jugum
3161 4521 3281 4589 ejus
3301 4519 3370 4573 de
3393 4520 3534 4574 collo

292 4613 385 4650 σου
440 4596 762 4662 δουλεύσεις.
818 4599 1020 4652 Ἔσται¹
1073 4597 1129 4649 δὲ
1193 4597 1352 4667 ἡνίκα
1383 4595 1448 4650 ἂν
1495 4597 1727 4669 καθέλῃς
1771 4598 1862 4649 καὶ

1965 4607 2053 4653 tuo
2084 4602 2150 4653 ³³.
2188 4621 2206 4653 ›
2255 4604 2387 4658 Data
2424 4605 2571 4660 enim
2603 4616 2686 4662 est
2723 4607 3032 4664 benedictio
3063 4602 3340 4674 lsraelitis,
3378 4611 3532 4681 107

291 4687 524 4759 ἔκλύσῃς
561 4689 654 4741 τὸν
698 4689 859 4756 ζυγὸν
898 4688 1061 4741 αὐτοῦ
1092 4687 1199 4741 ἀπὸ
1224 4686 1318 4740 τοῦ
1365 4687 1635 4758 τραχήλου
1684 4704 1794 4741 σου·
1837 4706 1854 4739 t

1974 4710 1991 4741 ‹
2023 4692 2107 4745 lex
2131 4709 2229 4762 per
2254 4695 2471 4767 Moysen
2505 4698 2649 4753 edita
2682 4700 2748 4752 ⁸³.
2788 4720 2805 4751 ι
2835 4700 3038 4756 Christi
3072 4703 3217 4758 enim
3259 4710 3379 4758 erat
3407 4718 3532 4757 ver-

289 4776 493 4830 δέδοται
545 4778 654 4851 γὰρ
696 4779 916 4848 εὐλογία
950 4778 1027 4849 τῷ
1092 4778 1326 4849 Ἰσραὴλ,
1359 4779 1388 4830 ό
1441 4798 1457 4829 ι
1499 4779 1587 4833 διὰ
1618 4780 1860 4843 Μωσέως

1965 4782 2086 4837 bum
2134 4801 2232 4854 per
2276 4789 2497 4858 angelos
2535 4791 2995 4848 administratum.
3041 4792 3196 4860 Quod
3230 4795 3376 4849 enim
3417 4795 3532 4863 ipse

292 4867 466 4936 νόμος,
505 4887 522 4918 ι
559 4869 795 4940 Χριστοῦ
829 4871 934 4938 γὰρ
974 4865 1041 4938 ἦν
1072 4869 1225 4935 λόγος
1249 4869 1584 4939 διακονηθεὶς
1609 4869 1674 4922 δι’
1698 4870 1862 4938 ἁγγέο

1965 4874 2238 4929 veteribus
2259 4876 2477 4934 locutus
2500 4881 2590 4944 sit,
2612 4884 2806 4952 probat
2829 4884 3077 4939 scribens
3097 4881 3534 4951 sapientissimus

289 4958 412 5012 λων.
450 4960 574 5014 Ὅτι
609 4961 719 5032 γὰρ
757 4959 918 5024 αὐτὸς
954 4959 1130 5013 ἐλάλει
1179 4961 1288 5021 τοῖς
1327 4959 1733 5029 ἀρχαιοτέροις,
1772 4977 1862 5012 πι-

1965 4962 2196 5018 Paulus:
2236 4985 2252 5016 ι
2293 4967 2637 5024 Multifariam
2670 4974 2963 5042 multisque
3006 4971 3184 5025 modis
3222 4970 3350 5024 olim
3391 4971 3534 5025 Deus

291 5048 553 5104 στώσεται
576 5051 804 5120 γράφων
827 5051 856 5101 6
887 5048 1193 5118 σοφώτατος
1214 5047 1422 5111 Παῦλος
1443 5066 1455 5078 ·
1485 5066 1503 5098 ι
1538 5048 1862 5119 Πολυμερῶς

1965 5052 2190 5123 loquens
2225 5059 2474 5126 patribus
2503 5061 2556 5114 in
2588 5063 2886 5132 pr0phetis,
2917 5061 3210 5115 novissime
3233 5060 3430 5115 diebus
3458 5062 3531 5114 is—

291 5144 382 5192 καὶ
422 5143 779 5213 πολυτρόπως
807 5141 970 5194 πάλαι
1000 5142 1027 5192 6
1058 5140 1186 5202 Θεὸς
1215 5139 1453 5207 λαλήσας
1496 5141 1604 5201 τοῖς
1646 5139 1858 5209 πατρά-

293 5240 373 5278 σιν
400 5227 458 5279 ἰν
495 5230 607 5290 τοϊς
635 5229 958 5297 προφήταις,
991 5228 1077 5278 ἐπ’
1107 5226 1334 5296 ἐσχάτου
1364 5226 1471 5278 τῶν
1497 5227 1717 5296 ἡμερῶν
1739 5225 1860 5279 τού-

289 5324 394 5367 των
435 5316 696 5387 ἐλάλησεν
749 5321 879 5388 ἡμῖν
913 5320 970 5370 ὲν
1014 5316 1148 5386 Υίῷ.
1190 5336 1208 5367 ι
1266 5316 1446 5376 ἰδίους
1473 5315 1528 5367 δὲ
1557 5315 1746 5385 λόγους
1773 5318 1860 5370 τὸν

290 5406 446 5474 νόμον
490 5402 633 5462 εἶναι
679 5411 773 5463 καί¹
819 5409 978 5472 αὐτὸς
1030 5410 1059 5460 6
1105 5409 1295 5479 Σωτὴρ
1342 5406 1616 5472 κατέδειξε
1651 5407 1857 5473 λέγων’

294 5512 316 5548 ι
360 5499 530 5570 ’Δμὴν
579 5499 723 5567 λέγω
754 5501 901 5570 ὑμῖν,
949 5501 1052 5563 ἕως
1088 5500 1154 5554 ἂν
1192 5497 1486 5570 παρέλθῃό
1514 5498 1739 5567 οὐρανὸς
1770 5500 1860 5551 καὶ

357 5698 402 5763 ξ’
422 5696 564 5752 Psal.
586 5698 804 5762 011,16.
876 5699 921 5729 “
945 5698 1078 5753 Luc.
1112 5717 1166 5763 ι,
1193 5701 1276 5754 16.
1344 5700 1386 5731 ⁸⁷
1418 5701 1577 5754 Rom.
1604 5715 1690 5758 xv,
1718 5698 1801 5749 l5.

1965 5704 2062 5755 ken.
2097 5715 2255 5761 xxvu,
2275 5701 2361 5754 29.

1963 5141 2031 5195 tis
2064 5144 2278 5199 locutus
2328 5158 2411 5201 est
2455 5149 2612 5203 nobis
2662 5151 2715 5203 in
2761 5151 2895 5204 Filio
2933 5150 2998 5200 ⁵⁵.
3056 5168 3072 5199 ι
3118 5147 3374 5216 Pmprios
3404 5162 3535 5200 vero

1963 5249 2091 5289 suos
2131 5251 2410 5293 sermones
2445 5241 2618 5310 legem
2650 5256 2788 5302 esse,
2818 5241 2931 5309 ipse
2961 5239 3124 5293 etiam
3160 5238 3407 5291 Salvator
3436 5236 3532 5291 de-

1963 5327 2301 5392 monstravit,
2327 5328 2546 5383 dicens:
2572 5348 2588 5378 ι
2618 5330 2788 5384 Amen
2810 5331 2932 5384 dico
2955 5328 3130 5389 vobis,
3159 5327 3334 5380 donec
3363 5333 3534 5381 trans-

1962 5421 2050 5467 eat
2087 5415 2284 5468 caelum
2327 5427 2382 5470 et
2419 5427 2586 5479 terra,
2629 5419 2736 5471 iota
2771 5434 2939 5472 unum
2977 5425 3070 5470 aut
3095 5433 3228 5486 apex
3256 5431 3402 5470 unus
3425 5431 3532 5470 non

1965 5504 2215 5557 transibit
2245 5505 2312 5558 de
2343 5507 2480 5575 lege,
2510 5507 2684 5559 donec
2711 5508 2890 5561 omnia
2920 5507 3057 5562 facta
3094 5507 3220 5562 sint.
3252 5504 3461 5560 Caelum
3480 5510 3536 5560 et

2438 5702 2480 5732 ‘9
2503 5702 2656 5755 Rom.
2681 5722 2790 5768 vm,
2819 5708 2904 5761 9.9.
2965 5709 3008 5739 ⁸ο
3034 5706 3175 5762 Psal.
3202 5718 3454 5768 Lxxxvm,
3480 5706 3532 5757 7.

323 5754 627 5835 HPhilipp.
663 5754 721 5831 ti,
753 5767 834 5819 l0.
899 5768 944 5799 "
970 5769 1104 5823 Gen.
1154 5754 1315 5838 ixvn,
1359 5770 1447 5823 29.
1525 5769 1570 5800 ⁵³
1607 5754 1742 5821 ibid.
1778 5767 1862 5831 59,

2012 5754 2257 5822 7"'J0an'.
2295 5787 2334 5836 ι,
2358 5771 2439 5821 l7.
2492 5769 2545 5798 ⁸⁵
2569 5754 2963 5843 Hebri—'1',
