4056 6260
535 389 638 446 I75

1528 376 1582 433 S.
1631 374 1903 430 CYRILIJ
1944 369 2414 428 ALEXANDRINI
2455 368 2772 426 ARCHIEP.
2839 425 2842 427 .

3681 367 3782 423 I76

533 516 680 560 terra
692 496 999 558 transibunt
1015 513 1026 549 :
1042 495 1207 550 verba
1221 501 1403 547 autem
1419 506 1536 544 mea
1553 507 1658 543 non
1675 488 2056 544 transibunt".
2085 507 2100 538 ι

2229 490 2242 556 ’1
2275 487 2346 556 γῆ
2369 504 2381 517 ο
2416 487 2546 539 ἰῶτα
2574 487 2630 539 ἓν
2669 487 2701 556 ἢ
2729 487 2826 556 μία
2864 485 3060 556 κεραία
3085 484 3144 536 οὐ
3182 483 3254 555 μὴ
3280 483 3524 555 παρέλθῃ
3549 482 3656 536 ἀπὸ
3687 484 3781 536 τοῦ

535 592 818 664 Siquidem
851 589 1016 661 igitur
1037 601 1226 641 verum
1252 592 1354 647 est,
1389 581 1532 652 quod
1562 581 1763 635 Christi
1800 580 2028 634 verbum
2055 587 2109 632 et

535 701 634 755 per
673 681 890 751 angelos
917 678 1005 734 lex
1033 685 1150 731 erat
1184 676 1354 729 instar
1381 670 1783 726 benedictionis
1819 669 2106 731 Israelitis,

534 776 810 830 Christum
831 787 963 826 vero
986 785 1107 825 esse
1132 781 1311 821 rorem
1336 765 1480 826 cmli,
1505 773 1560 817 et
1583 761 1970 832 pinguedinem
2002 769 2110 814 ter-

537 883 610 922 rae
644 865 1013 935 intelligimus.
1051 859 1350 915 Delieiatur
1377 856 1524 910 enim
1569 853 1973 924 quodammodo
2011 867 2110 905 an-

536 955 779 1026 gelorum
814 949 1108 1006 multitudo
1137 946 1453 1003 ccelestibus
1476 961 1540 999 ac
1568 942 1944 1014 spiritualibus
1972 941 2111 995 rori—

539 1047 643 1101 bus
667 1044 888 1116 irrigata
915 1059 928 1094 :
957 1041 1032 1095 ita
1060 1041 1225 1095 etiam
1248 1038 1466 1108 pinguis
1489 1044 1635 1090 terra
1659 1034 1970 1088 redundans
1999 1032 2111 1101 spi-

541 1137 794 1193 ritalibus
823 1133 1021 1205 pluviis
1044 1133 1101 1186 in
1135 1129 1614 1185 fructificationem
1646 1126 1966 1196 spiritalem.
1995 1124 2124 1179 (Σαδο-

541 1243 721 1287 terum
757 1245 858 1285 nos
878 1270 890 1293 ,
931 1227 1025 1297 qui
1065 1225 1121 1279 in
1148 1223 1367 1279 Christo
1397 1237 1494 1292 per
1534 1219 1718 1284 ﬁdem,
1745 1233 1885 1288 pane
1908 1225 1963 1271 et
1987 1217 2114 1272 vino

539 1318 851 1390 locupletati
886 1318 1094 1372 sumus.
1144 1314 1352 1383 Expers
1389 1326 1522 1366 vero
1564 1311 1762 1364 horum
1805 1315 1889 1364 est
1926 1308 2111 1362 Israel.

539 1413 727 1481 Neque
752 1410 898 1464 enim
922 1407 1026 1460 hoc
1047 1404 1320 1475 adjectum
1343 1411 1428 1457 est
1452 1399 1927 1457 benedictionibus
1949 1399 2112 1452 Esau.

541 1503 803 1573 Expertes
824 1515 954 1558 vero
977 1498 1141 1552 etiam
1169 1496 1326 1550 aliter
1351 1494 1536 1549 miseri
1562 1492 1735 1548 Judaei
1762 1491 2001 1562 mystica:
2024 1489 2119 1543 be-

541 1594 896 1656 nedictionis,
944 1588 1386 1661 quandoquidem
1430 1600 1610 1654 neque
1654 1584 1760 1638 hoc
1806 1583 1994 1636 datum
2037 1589 2121 1636 est

542 1671 715 1751 cultui
745 1681 934 1751 legali;
964 1687 1242 1740 servatum
1283 1683 1464 1728 autem
1503 1675 1686 1743 potius
1711 1679 1794 1726 est
1816 1671 2031 1740 populis
2065 1670 2119 1724 in

541 1750 760 1828 ChOristo
786 1750 841 1824 et
878 1773 932 1823 in
960 1769 1084 1822 ﬁde.
1118 1769 1186 1821 Et
1211 1783 1308 1821 nos
1334 1765 1556 1835 quidem
1593 1765 1648 1818 in
1681 1779 1812 1833 pace
1838 1779 1935 1832 per
1957 1761 2118 1817 Chri-

2210 579 2394 648 νὸμου,
2426 577 2528 640 ’έως
2564 576 2628 630 ἂν
2659 578 2836 630 πάντα
2861 576 3103 646 γένηται.
3152 575 3209 628 Ὁ
3256 573 3483 644 οὐρανὸς
3526 574 3621 626 καὶ
3650 574 3682 645 ἡ
3710 574 3781 645 γῆ

2211 667 2660 738 παρελεύσονται,
2691 670 2739 721 oi
2769 668 2824 721 δὲ
2860 667 3004 735 λόγοι
3035 684 3134 736 μου
3166 667 3225 720 οὐ
3258 667 3332 736 μὴ
3357 665 3715 737 παρέλθωσιν.
3761 685 3779 715 ι

2211 759 2381 827 Εἴπερ
2414 755 2504 813 οὖν
2534 761 2679 813 ἔστιν
2708 759 2902 830 ἀληθὲς
2934 760 3013 812 ὅτι
3037 757 3274 826 Χριστοῦ
3301 757 3457 826 λόγος
3497 753 3586 827 ἦν,
3629 758 3720 810 καὶ
3757 761 3786 811 6

2211 849 2277 902 δι’
2308 849 2550 917 ἀγγέλων
2603 849 2783 919 νόμος,
2831 850 2890 902 ὲν
2946 849 3098 914 τάξει
3145 848 3366 917 γέγονεν
3411 847 3658 916 εὐλογίας
3710 849 3790 918 τῷ

2227 940 2460 1010 Ἰσραὴλ,
2509 941 2743 1011 Χριστὸν
2789 939 2846 992 δὲ
2887 933 3149 1009 εἶναιτὴν
3192 937 3422 1009 οὐρανοῦ
3449 938 3660 1008 δρόσον,
3695 940 3789 991 καὶ

2213 1030 2315 1101 γῆς
2348 1030 2553 1101 νοῶμεν
2578 1032 2845 1101 πιότητα.¹
2865 1029 3121 1100 Σπαταλᾷ
3147 1029 3256 1100 γάρ
3283 1029 3472 1101 ὥσπερ
3499 1032 3533 1100 ἡ
3562 1029 3669 1083 τῶν
3691 1031 3789 1098 ἀγ-

2214 1121 2387 1187 γέλων
2417 1121 2624 1191 πληθὺς
2657 1124 2777 1184 ταῖς
2805 1121 3010 1175 ἄνωθεν
3037 1121 3130 1174 κα)⁸
3162 1124 3560 1191 πνευματικαῖς
3586 1139 3789 1192 καταρ-

2215 1211 2412 1281 δομένη
2446 1213 2674 1282 δρόσοις,
2725 1212 2865 1266 οὕτω
2910 1214 3006 1266 καὶ
3057 1213 3384 1285 πιανοῦσαή
3431 1213 3504 1283 γῆ
3549 1215 3790 1285 ἐντρυφᾷ

2215 1304 2326 1364 τοῖς
2375 1305 2583 1372 νοητοῖς
2635 1303 2810 1367 ὑετοῖς
2847 1305 2925 1367 εἰς
2963 1304 3336 1375 καρποφορίαν
3392 1307 3785 1377 πνευματικήν.

2230 1392 2365 1445 Ἀλλ’
2392 1395 2550 1462 ἡμεῖς
2594 1393 2691 1463 μὲν
2736 1396 2784 1446 οἱ
2834 1396 2890 1447 ὲν
2937 1394 3156 1465 Χριστῷ
3183 1394 3272 1447 διὰ
3297 1395 3531 1458 πίστεως
3555 1395 3707 1466 ἄρτῳ
3733 1414 3791 1449 τε

2218 1483 2312 1536 xal.
2365 1483 2491 1554 οἴνῳ
2540 1485 2997 1554 πεπλουτίσμεθα.
3071 1485 3362 1554 Ἀμέτοχος
3411 1485 3468 1536 δὲ
3518 1485 3724 1539 τούτων
3764 1489 3791 1538 6

2233 1574 2446 1644 Ἰσραήλ
2471 1591 2483 1602 ·
2532 1577 2591 1627 οὐ
2633 1575 2740 1645 γὰρ
2785 1578 3139 1647 ἐπενήνεκται
3172 1577 3329 1630 τοῦτο
3360 1580 3480 1640 ταῖς
3521 1577 3792 1647 εὐλογίαις

2233 1663 2421 1716 Ἡσαῦ.
2462 1665 2517 1717 ’Δ
2529 1665 2742 1736 μέτοχοι
2766 1666 2820 1719 δὲ
2847 1667 2940 1719 καὶ
2966 1667 3169 1738 ἑτέρως
3191 1669 3240 1721 οἰ
3265 1669 3494 1734 τάλανες
3523 1672 3790 1737 Ἰουδαῖοι,

2224 1753 2324 1821 τῆς
2360 1756 2628 1825 μυστικῆς
2660 1757 2903 1825 εὐλογίας
2925 1772 2936 1785 ·
2969 1759 3089 1811 ἐπεὶ
3133 1759 3266 1830 μηδὲ
3299 1760 3454 1812 τοῦτο
3489 1761 3698 1815 δέδοται
3730 1767 3793 1834 τῇ

545 1874 689 1919 stum
710 1877 1013 1926 versamur,
1040 1859 1202 1914 Israel
1227 1873 1357 1912 vero
1390 1857 1447 1910 in
1473 1855 1649 1910 bellis.
1680 1856 1747 1909 Et
1775 1853 2118 1910 haareditavi-

2229 1845 2362 1896 κατὰ
2407 1845 2569 1915 νόμον
2623 1846 2867 1930 λατρεία,
2919 1850 3216 1920 τετήρηται
3262 1851 3316 1903 δὲ
3353 1852 3551 1920 μᾶλλον
3586 1856 3697 1917 τοῖς
3741 1855 3796 1906 ὲν

546 1970 670 2008 mus
693 1951 1011 2023 spiritaliter
1047 1957 1246 2002 terram
1277 1944 1673 2016 promissionis,
1705 1959 1826 2013 qua:
1851 1951 1935 1997 est
1961 1951 2120 2014 typus

547 2059 796 2116 supernae
838 2058 902 2097 ac
945 2039 1284 2111 spiritualis:
1321 2039 1477 2107 cujus
1521 2036 1634 2106 ipse
1668 2036 1832 2089 etiam
1876 2033 2122 2088 Salvator

547 2136 817 2200 meminit,
847 2133 1035 2188 dicens
1060 2150 1072 2184 :
1107 2150 1124 2182 ι
1163 2130 1313 2185 Beati
1342 2129 1519 2193 mites,
1548 2128 1675 2198 quia
1699 2127 1801 2197 ipsi
1827 2126 2120 2181 haeredita-

546 2229 686 2282 bunt
723 2235 924 2280 terram
959 2224 1024 2277 ⁵⁷.
1062 2243 1078 2274 ι
1109 2223 1178 2276 Ει
1217 2237 1316 2275 nos
1359 2221 1414 2274 in
1439 2220 1569 2274 ﬁliis
1607 2234 1797 2274 sumus
1838 2217 2122 2272 constituti

545 2331 648 2386 per
677 2314 928 2384 spiritum
965 2311 1223 2374 liberum,
1256 2316 1312 2363 et
1349 2307 1416 2361 ad
1446 2306 1724 2362 Christum
1765 2307 1934 2360 veluti
1969 2307 2124 2376 juxta

549 2422 652 2460 nos
677 2406 899 2468 factum,
927 2409 984 2456 et
1005 2400 1226 2456 fratrem
1247 2405 1498 2452 nostrum
1523 2398 1871 2462 accessimus,
1896 2397 2125 2467 pulchra

552 2511 617 2552 ac
644 2502 941 2565 spontanea
963 2489 1276 2546 obedientia
1297 2489 1557 2559 praestita.
1583 2489 1747 2543 Israel
1773 2504 1904 2543 vero
1935 2489 2124 2560 subju-

553 2596 711 2658 gatus
735 2593 838 2650 est,
871 2593 928 2638 et
949 2582 1200 2638 Mosaicis
1217 2581 1431 2652 legibus
1453 2587 1731 2642 oneratus,
1759 2579 1976 2633 mortali
2002 2594 2128 2649 sup-

553 2679 721 2750 plicio
755 2673 1170 2746 transgressioni
1197 2673 1495 2743 proposito.
1525 2671 1747 2726 Audivit
1771 2671 1919 2726 enim
1942 2672 2085 2726 Esau
2111 2689 2123 2724 :

563 2788 581 2820 ι
617 2769 686 2824 Et
711 2766 866 2822 fratri
891 2773 984 2820 tuo
1012 2763 1218 2819 servies
1253 2762 1326 2828 ης
1366 2780 1384 2812 ι
1411 2761 1516 2814 hoc
1549 2768 1651 2824 est,
1685 2760 1963 2830 subjectus
1997 2760 2126 2826 eris,

554 2862 720 2918 etiam
745 2866 943 2929 praeter
964 2856 1301 2911 voluntatem
1329 2861 1497 2918 tuam,
1527 2852 1576 2906 ei
1603 2852 1696 2921 qui
1719 2851 1818 2905 tibi
1841 2859 2036 2906 natura
2060 2851 2132 2905 si-

555 2953 704 3009 milis
728 2960 829 3006 est.
856 2950 1030 3004 Homo
1065 2954 1244 3001 autem
1269 2952 1325 3000 et
1359 2943 1554 3022 similis
1579 2943 1739 2997 nobis
1771 2949 1854 2996 est
1888 2943 2128 3012 Moyses,

557 3041 696 3096 nihil
717 3039 1074 3095 excellentius
1107 3035 1161 3089 in
1188 3049 1250 3089 se
1289 3034 1516 3098 habens,
1549 3039 1812 3102 quantum
1847 3031 2039 3085 attinet
2064 3030 2130 3084 ad

559 3130 916 3186 humanitatis
963 3128 1250 3184 rationem.
1301 3124 1510 3180 Idcirco
1545 3123 1708 3177 etiam
1750 3122 2132 3176 universorum

561 3222 824 3276 Dominus
841 3220 1095 3273 Israelem
1119 3215 1371 3287 populum
1401 3215 1590 3284 Moysis
1622 3214 1855 3268 vocavit.
1886 3213 2130 3268 Vitulum

564 3309 708 3366 enim
729 3308 835 3363 sibi
864 3307 1116 3362 fecerunt
1136 3307 1191 3359 in
1220 3304 1531 3360 solitudine.
1554 3304 1699 3357 Deus
1722 3318 1854 3356 vero
1878 3302 1946 3356 ad
1983 3302 2132 3373 Moy-

564 3417 659 3456 sen
683 3401 758 3454 ita
793 3399 904 3453 ait:
938 3417 955 3448 c
984 3396 1154 3460 Vade,
1177 3394 1374 3464 inquit,
1402 3393 1670 3448 descende
1693 3392 1945 3447 celeriter
1966 3391 2094 3446 hinc
2118 3409 2130 3444 :

565 3488 796 3557 deliquit
822 3487 968 3541 enim
1009 3485 1244 3556 populus
1273 3490 1419 3547 tuus,
1453 3497 1613 3551 quem
1651 3481 1884 3536 eduxisti
1924 3496 1954 3535 e
1993 3489 2136 3534 terra

565 3580 779 3650 Egypti
814 3580 881 3632 ⁸⁸.
915 3598 932 3628 ›
974 3577 1133 3646 108
1168 3575 1369 3630 Paulus
1393 3589 1524 3628 vero
1559 3573 1724 3626 etiam
1752 3573 1927 3643 legem
1963 3572 2136 3642 ipsam

570 3674 624 3725 in
646 3671 825 3724 littera
850 3670 1011 3724 beato
1040 3665 1206 3737 Moysi
1235 3665 1446 3720 tribuit.
1470 3665 1547 3719 Ita
1569 3664 1714 3719 enim
1743 3663 1850 3718 ait:
1880 3683 1898 3714 ι
1921 3664 2140 3720 Violans

567 3762 691 3832 quis
707 3762 879 3831 legem
893 3758 1091 3830 Moysis
1105 3757 1309 3825 absque
1323 3756 1795 3810 commiseratione
1814 3756 1914 3810 sub
1925 3756 2140 3810 duobus

567 3859 659 3904 aut
691 3850 869 3904 tribus
909 3847 1159 3912 testibus,
1196 3846 1432 3900 moritur
1474 3845 1538 3898 °°.
1579 3865 1596 3896 ι
1631 3845 1786 3912 Quod
1815 3861 1947 3900 vero
1975 3846 2137 3900 Israel

569 3944 969 4016 Moysisjugum
991 3940 1341 4011 depositurus
1362 3945 1526 4002 esset,
1544 3944 1770 3992 vocante
1791 3937 1968 4006 ipsum
1983 3936 2141 3992 Chri-

567 4044 652 4091 sto
685 4035 752 4089 ad
781 4034 1010 4104 gratiam
1052 4047 1150 4102 per
1198 4030 1359 4084 ﬁdem
1379 4071 1392 4094 ,
1424 4028 1860 4100 praasignilicavit
1903 4029 2091 4084 dicens
2124 4046 2135 4081 :

578 4146 594 4177 ‹
631 4126 749 4179 Erit
772 4135 954 4178 autem
987 4122 1206 4191 quando
1229 4121 1470 4190 deponas
1495 4128 1550 4173 et
1576 4120 1829 4174 detrahas
1848 4121 2037 4190 jugum
2063 4120 2142 4189 ip-

572 4217 687 4270 sius
714 4232 744 4268 a
785 4215 924 4269 collo
957 4223 1050 4267 tuo
1087 4213 1151 4264 ⁸¹.
1189 4231 1206 4262 ι
1243 4213 1614 4265 Excusserunt
1656 4212 1802 4264 enim
1835 4213 2144 4266 cervicibus

573 4306 688 4361 suis
723 4303 1065 4360 intolerabile
1111 4302 1403 4357 admodum
1446 4301 1582 4371 legis
1617 4302 1806 4371 jugum
1850 4302 2141 4366 Israelita},

573 4397 878 4452 credentes.
907 4394 1096 4450 Vocati
1141 4393 1288 4448 enim
1321 4401 1449 4447 sunt
1487 4392 1554 4446 ad
1599 4391 1866 4447 libertatis
1908 4391 2143 4462 dignita-

2221 1936 2438 2008 Χριστῷ
2469 1938 2560 1990 καὶ
2585 1940 2642 1992 έν
2669 1940 2848 1994 πίστει
2871 1941 3038 2004 λαοῖς.
3068 1943 3177 1995 Kal.
3200 1944 3358 2012 ἡμεῖς
3386 1944 3484 2013 μὲν
3516 1946 3574 1998 ὲν
3602 1946 3796 2019 εἰρήνῃ

2222 2028 2306 2082 διὰ
2331 2030 2589 2099 Χριστοῦ,
2618 2032 2675 2083 ἐν
2712 2031 2968 2103 πολέμοις
2989 2033 3046 2086 δὲ
3069 2035 3097 2086 6
3135 2034 3368 2103 Ἰσραὴλ,
3405 2036 3497 2088 καὶ
3525 2037 3796 2108 κεκληρο⁴

2224 2120 2539 2191 νομὴκαμεν
2567 2121 2838 2190 αἰσθητῶς
2867 2123 2964 2192 τῆς
3000 2124 3328 2192 ἐπαγγελίας
3353 2127 3452 2196 τὴν
3475 2128 3598 2198 γῆν,
3628 2130 3799 2183 τύπον

2224 2210 2451 2281 ἔχουσαν
2481 2213 2579 2282 τῆς
2611 2213 2722 2267 ἄνω
2756 2213 2850 2266 καὶ
2878 2217 3092 2285 νοητῆς,
3124 2210 3192 2287 ἦς
3223 2217 3316 2270 καὶ
3343 2219 3504 2282 αὐτὸς
3537 2222 3566 2272 6
3603 2222 3799 2294 Σωτὴρ

2225 2302 2516 2373 ἐμέμνητο,
2566 2303 2770 2372 λέγων’
2808 2322 2827 2355 ‹
2866 2305 3142 2376 Μακάριοι
3191 2308 3239 2360 οἰ
3275 2312 3489 2380 πραεῖς,
3530 2313 3610 2365 ὅτι
3644 2314 3800 2368 αὐτοὶ

2225 2394 2695 2466 κληρονομήσουσι
2719 2394 2817 2466 τὴν
2855 2397 2976 2467 γῆν.
3014 2415 3034 2446 3
3071 2398 3181 2450 Kal.
3209 2400 3368 2469 ἡμεῖς
3401 2402 3458 2454 ἐν
3486 2401 3699 2467 τέκνοις
3734 2405 3799 2458 δι’

2227 2484 2509 2556 ἐλευθέρου
2565 2485 2896 2557 πνεύματος,
2946 2486 3042 2540 καὶ
3094 2488 3171 2552 ὡς
3232 2490 3352 2543 καθ’
3405 2492 3551 2562 ἡμᾶς
3598 2511 3659 2547 τε
3705 2497 3800 2550 καὶ

2229 2577 2439 2648 ἀδελφῷ
2467 2578 2758 2650 προσίεμεν
2787 2578 2864 2649 τῷ
2897 2580 3136 2652 Χριστῷ,
3173 2583 3344 2654 καλὴν
3369 2587 3463 2638 καὶ
3493 2586 3802 2643 ἐθελούσιον

2230 2669 2541 2739 ποιούμενοι
2569 2670 2667 2741 τὴν
2694 2671 2992 2742 ύποταγὴν.
3030 2674 3391 2740 Ὑπέζευκται
3415 2678 3471 2731 δὲ
3501 2680 3612 2734 ἄνω
3641 2683 3804 2738 πάλιν

2230 2760 2258 2812 6
2323 2760 2556 2831 Ἰσραὴλ,
2605 2761 2696 2813 καὶ
2748 2765 2858 2826 τοῖς
2894 2764 3137 2831 Μωσέως
3183 2768 3542 2839 κατήχθισται
3593 2773 3804 2843 νόμοις,

2233 2853 2460 2906 θάνατον
2495 2854 2779 2924 ὑπομένων
2815 2855 2912 2927 τὴν
2949 2858 3041 2910 ἐπὶ
3076 2862 3196 2924 ταῖς
3237 2865 3582 2934 παραϐάσεσι
3620 2868 3805 2940 δίκην.

2237 2947 2437 2999 Ἤκουε
2482 2945 2590 3017 γὰρ
2645 2947 2815 3000 Ἡσαῦ
2839 2964 2852 2979 °
2904 2967 2920 3000 ι
2952 2949 3063 3002 Kal.
3103 2950 3180 3022 τῷ
3213 2953 3426 3026 ἀδελφῷ
3461 2975 3553 3010 σου
3584 2959 3803 3014 δουλεύ-

2237 3051 2384 3100 σεις·
2424 3054 2442 3086 ι
2503 3037 2797 3106 τουτέστιν,
2854 3039 3224 3114 ύποταχθήσῃ,
3280 3046 3374 3099 καὶ
3423 3049 3520 3118 οὐχ
3559 3050 3704 3105 ἑκὼν
3735 3054 3809 3124 τῷ

2162 3172 2203 3229 C
2236 3128 2471 3229 gara-at
2660 3128 2842 3229 ιρύσιν.
2903 3131 3221 3203 Ἀνθρωπος
3242 3134 3299 3188 δὲ
3329 3137 3422 3189 καὶ
3455 3140 3577 3192 καθ’
3603 3129 3760 3212 ἡμᾶς
3783 3147 3810 3197 6

2237 3218 2462 3288 Μωσῆς,
2491 3219 2639 3272 οὐδὲν
2662 3218 2800 3289 ἔχων
2823 3221 2884 3274 τὸ
2912 3224 3169 3292 περισσὸν
3194 3226 3315 3280 ὅσον
3339 3224 3475 3300 ἧκεν
3501 3231 3696 3298 εἰπεῖν,
3736 3238 3812 3298 εἰς

2236 3309 2325 3360 τὸν
2363 3309 2464 3378 τῆς
2503 3308 2920 3379 άνθρωπὸτητος
2967 3312 3141 3382 λόγον.
3190 3318 3299 3370 Καὶ
3342 3318 3474 3387 γοῦν
3525 3323 3554 3374 6
3588 3323 3810 3379 πάντων

2238 3397 2511 3488 Δεσπότης
2541 3398 2693 3452 λαὸν
2718 3401 2900 3454 ὲκάλει
2927 3405 3185 3472 Μωσέως
3211 3407 3301 3461 τὸν
3347 3411 3560 3482 Ἰσραήλ
3584 3427 3600 3443 ο
3639 3432 3810 3488 μεμο-

2242 3487 2598 3556 σχοποιήκασι
2624 3488 2734 3558 γάρ
2760 3490 2900 3544 κατὰ
2923 3491 3018 3563 τὴν
3043 3492 3259 3564 ἔρημον.
3292 3492 3426 3552 Εἶτα
3450 3500 3586 3572 πρὸς
3607 3503 3812 3558 Μωσέα

2239 3576 2370 3640 Θεός
2393 3592 2408 3607 ο
2450 3595 2468 3628 ι
2509 3578 2719 3643 Βάδιζε,
2749 3582 3035 3651 κατάϐηθι,
3078 3586 3230 3655 φησί,
3255 3587 3317 3639 τὸ
3340 3587 3504 3658 τάχος
3535 3591 3809 3648 ἐντεῦθενο

2241 3667 2482 3739 ὴνόμησε
2515 3668 2623 3740 γὰρ
2668 3672 2696 3724 6
2725 3670 2851 3735 λαός
2899 3691 3013 3736 σου,
3042 3676 3100 3728 ὃν
3127 3676 3393 3748 ἐξήγαγες
3419 3682 3482 3734 ἐκ
3511 3682 3618 3755 γῆς
3643 3687 3813 3755 Αιγύ-

2244 3777 2399 3815 πτου.
2431 3781 2448 3812 ι
2482 3762 2688 3827 Παῦλος
2719 3765 2814 3834 μὲν
2843 3761 2935 3819 οὖν
2965 3768 2992 3819 6
3017 3767 3301 3835 Θεσπέσιος
3335 3776 3427 3828 καὶ
3451 3777 3610 3830 αὐτὸν
3639 3769 3816 3834 ἀνετί-

2244 3850 2325 3903 θει
2356 3851 2432 3921 τῷ
2459 3854 2711 3924 μακαρίῳ
2737 3856 2906 3926 Μωσῇ
2936 3857 3024 3910 τὸν
3052 3860 3110 3911 έν
3131 3861 3418 3931 γράμματι
3449 3867 3633 3937 νόμον.
3670 3873 3813 3940 Ἔφη

2243 3940 2352 4012 γὰρ
2396 3942 2588 4006 οὕτως’
2637 3963 2656 3995 ι
2706 3945 2994 4016 ’Λθετήσας
3034 3967 3116 4013 τις
3142 3952 3303 4022 νόμον
3343 3956 3604 4023 Μωσέως,
3644 3964 3817 4032 χωρὶς

2245 4035 2542 4108 οἰκτιρμῶν
2565 4037 2655 4089 ἐπὶ
2674 4037 2822 4090 δυσὶν
2851 4039 2882 4109 ἢ
2914 4043 3061 4111 τρισὶ
3085 4044 3372 4113 μάρτυσιν,
3400 4050 3759 4120 ἀποθνήσκει.
3793 4076 3810 4106 ι

2247 4126 2369 4179 Ὅτι
2421 4127 2477 4180 δὲ
2526 4125 2749 4197 ἔμελλεν
2795 4131 2823 4181 6
2870 4129 3080 4203 Ἰσραὴλ
3131 4134 3221 4188 τὸν
3261 4137 3348 4189 διὰ
3397 4139 3492 4192 τοῦ
3535 4145 3814 4214 πανσόφου

2246 4217 2489 4280 Μωσέως
2545 4217 2843 4272 ἀποθέσθαι
2905 4220 3087 4289 ζυγὸν,
3142 4224 3435 4290 καλοῦντος
3489 4231 3655 4285 αὐτὸν
3725 4235 3815 4288 τοῦ

2247 4305 2489 4396 Χριστοῦ
2515 4305 2648 4396 πρὸς
2672 4307 2767 4376 τὴν
2804 4308 2890 4361 διὰ
2924 4312 3156 4378 πίστεως
3181 4315 3361 4387 χάριν,
3387 4327 3817 4396 προκαταμεμὴ-

2248 4409 2407 4446 νυκεν
2447 4393 2650 4446 εἰπών·
2707 4415 2725 4446 ι
2772 4399 2962 4453 Ἔσται
3014 4402 3069 4455 δὲ
3124 4407 3285 4474 ἡνίκα
3331 4409 3397 4462 ἂν
3440 4393 3678 4484 καθέλῃς
3718 4393 3818 4469 καὶ

575 4503 704 4554 tem,
735 4504 832 4560 per
871 4487 1033 4542 ﬁdem
1064 4485 1120 4540 in
1148 4483 1426 4540 Christum
1465 4485 1542 4551 ⁶¹;
1574 4499 1672 4555 per
1696 4500 1880 4554 quem,
1923 4493 1978 4539 et
2019 4499 2126 4538 cun

2248 4482 2480 4553 ὲκλύσῃς
2513 4483 2601 4535 τὸν
2637 4482 2800 4553 ζυγὸν
2825 4489 2986 4542 αὐτοῦ
3021 4494 3128 4547 ἀπὸ
3165 4500 3435 4570 τραχήλου
3473 4519 3589 4558 σου.
3703 4507 3818 4572 Ἐξ-

578 4597 703 4650 quo,
730 4580 842 4635 Deo
869 4595 932 4634 ac
953 4576 1098 4632 Patri
1130 4575 1299 4647 gloria
1326 4591 1450 4631 cum
1478 4583 1664 4630 saneto
1699 4574 1927 4645 Spiritu,
1959 4575 2015 4628 in
2041 4589 2141 4628 sae-

575 4675 699 4728 cula
732 4671 1076 4726 saeculorum.
1112 4669 1304 4722 Amen.

2251 4575 2444 4630 έλυσαν
2471 4576 2579 4647 γὰρ
2610 4577 2718 4631 τῶν
2755 4583 3040 4653 τραχήλων
3065 4586 3158 4640 τὸν
3190 4590 3285 4642 τοῦ
3309 4593 3470 4663 νόμου
3499 4593 3665 4663 ζυγὸν
3696 4598 3820 4650 δυσ-

2252 4665 2484 4737 φόρητον
2541 4667 2668 4721 ὅντα
2723 4670 2841 4724 λίαν
2885 4675 2933 4725 οἱ
2991 4675 3050 4740 ἐξ
3127 4679 3340 4754 Ἰσραὴλ
3405 4689 3814 4755 πιστεύσαντες.

577 4762 882 4832 Κέκληνται
932 4757 1039 4828 γὰρ
1083 4758 1162 4820 εἰς
1228 4755 1508 4853 ἐλεύθερον
1549 4755 1765 4853 ἀξίωμα
1805 4754 1893 4853 διὰ
2085 4755 2319 4853 πίστεως
2362 4758 2419 4853 ὲν
2467 4758 2704 4827 Χριστῷ.
2757 4761 2834 4812 Δι’
2900 4759 2960 4817 οὗ
3014 4768 3107 4820 καὶ
3170 4771 3289 4840 μεθ’
3354 4771 3415 4830 οῦ
3447 4779 3525 4847 τῷ
3570 4780 3690 4853 Θεῷ
3728 4754 3820 4836 κᾲὶ

578 4858 752 4928 ιῐατρὶ
791 4855 977 4927 ήδόξα
1021 4853 1118 4906 σὺν
1166 4852 1304 4922 ἁγίῳ
1337 4850 1614 4919 Πνεύματι
1650 4851 1728 4913 εἰς
1745 4850 1893 4912 ’τοὺς
1938 4850 2138 4915 αἰῶνας
2177 4851 2285 4905 τῶν
2308 4851 2534 4905 αἰώνων.
2576 4853 2763 4922 Ἀμήν.

650 5047 694 5076 ⁸⁸
714 5045 901 5098 Matth.
934 5046 1088 5109 v,-18.
1167 5047 1209 5076 ⁸⁷
1235 5043 1398 5108 Ibid.,
1430 5045 1480 5098 4.
1559 5041 1604 5074 ⁸⁸
1628 5041 1763 5096 Gen.
1790 5057 1933 5108 χχιχ,
1960 5043 2047 5098 59.

648 5113 670 5144 ‘
689 5112 892 5168 'Galat.
920 5131 970 5176 v,
998 5115 1085 5167 l5.

2159 5044 2202 5074 ⁸⁸
2234 5043 2402 5097 Exod.
2436 5060 2598 5108 xxxii,
2627 5045 2676 5096 7.

2790 5047 2834 5074 ⁶⁰
2864 5047 3026 5100 llebr.
3055 5064 3107 5112 κ,
3130 5049 3219 5103 28.
3297 5051 3336 5081 ⁶¹
3364 5050 3498 5108 Gen.
3538 5069 3700 5114 xxvu,
3729 5053 3819 5108 £0.
