4056 6260
242 371 347 431 ΓΠ·

254 606 881 645 Im

1255 372 1777 430 GLAPBYRORUM
1813 372 1880 427 IN
1918 373 2220 429 GENESIM
2261 375 2388 430 LIB.
2431 377 2518 431 iV.

3387 382 3491 439 178

883 600 3471 652 Ma.

785 765 1570 886 ΓΛΑΦΥΡΩΝ
1630 772 1872 885 ΕΙΣ
1943 772 2259 887 ΤΗΝ
2322 775 2965 889 ΓΕΝΕΣΙΝ

1562 992 2000 1078 ΒΙΒΛΙΟΝ
2076 988 2200 1079 Δ’.

1815 1162 1895 1183 υ

468 1300 1385 1396 GLAPHYRORUM
1465 1306 1589 1394 IN
1645 1305 2172 1396 GENESIM
2235 1306 2593 1399 LIBER
2653 1301 3241 1411 QUARTUS.

572 1597 713 1666 Περὶ
745 1598 850 1653 τοῦ
892 1600 1255 1670 πατριάρχου
1292 1603 1510 1660 Ἰακώϐ.

323 1731 367 1785 a'
378 1771 392 1784 .
428 1732 654 1803 Ἀληθὲς
674 1735 754 1788 ὅτι
776 1754 794 1786 ι
816 1735 1076 1800 πάντεςοί
1108 1721 1351 1805 θέλοντες
1382 1742 1480 1813 ζῇν
1502 1742 1741 1808 εὐσεϐῶς
1769 1746 1827 1799 ὲν

255 1819 479 1892 Χριστῷ
519 1821 711 1891 Ἰησοῦ,
760 1823 1168 1895 διωχθήσονται.
1205 1847 1226 1880 ι
1257 1828 1451 1901 Θηρῶν
1479 1830 1590 1902 γὰρ
1648 1832 1830 1897 αὐτοῖς

257 1910 467 1980 ἀγρίων
498 1911 897 1983 ἐπιθρῴσκουσι
920 1914 1100 1987 δίκην,
1126 1918 1177 1971 οἱ
1203 1919 1303 1988 τῆς
1331 1919 1562 1990 ἀνομίας
1587 1922 1713 1983 υἱοὶ.
1734 1923 1834 1993 τῆς

259 2001 409 2069 σφῶν
428 2002 754 2072 δυστροπίας
786 2007 1011 2077 γραφὴν
1046 2006 1241 2079 ὥσπερ
1270 2010 1393 2064 τινὰ
1430 2011 1523 2064 καὶ
1560 2012 1837 2084 κατάρρη-

260 2105 344 2143 σιν
369 2090 471 2160 τὴν
494 2091 605 2144 τῶν
635 2093 948 2163 εὐδοκιμεῖν
981 2095 1251 2149 εἰωθότων
1283 2096 1642 2169 λαμπρότητα
1671 2117 1837 2154 κατα-

256 2178 625 2251 λογιζόμενοι.
668 2183 982 2254 Ἐλὲγχεται
1015 2186 1122 2256 γάρ
1154 2204 1271 2250 πως
1315 2189 1401 2242 ἀεὶ
1443 2192 1508 2260 τῇ
1538 2190 1644 2243 τῶν
1672 2191 1833 2262 ἀμει-

256 2269 428 2323 νόνων
463 2271 761 2342 παραθέσει
793 2275 858 2329 τὰ
882 2274 1065 2346 χείρω.
1090 2278 1201 2330 Καὶ
1226 2277 1294 2331 τὰ
1324 2277 1504 2348 ψῆφον
1525 2279 1716 2351 ἔχοντα
1736 2281 1837 2354 τὴν

257 2376 433 2429 προφε
444 2362 707 2432 ρεστὲραν
729 2366 1009 2435 μονονουχὶ
1027 2366 1136 2418 τῶν
1150 2367 1475 2439 ἡττωμένων
1488 2373 1836 2443 καταγράφει

259 2452 321 2503 τὸ
340 2453 593 2516 ἁκαλλές.
630 2454 697 2507 Τί
726 2451 819 2508 οὖν
850 2456 1135 2523 ὲντεύθενς
1196 2458 1279 2512 Τὰ
1316 2461 1379 2514 ὲκ
1421 2460 1617 2530 φθόνου
1682 2462 1833 2534 βέλη,

262 2542 355 2594 καὶ
379 2542 441 2595 τὸ
475 2545 538 2596 ὲκ
557 2544 656 2614 τῆς
687 2544 985 2614 βασκανίας
1013 2550 1127 2611 τοῖς
1157 2550 1530 2620 νενικημένοις
1550 2551 1836 2622 ὲντύφεται

262 2629 395 2709 πῦρ.
434 2634 633 2702 μανίας
673 2635 838 2707 ἀρχὴ,
893 2639 987 2691 καὶ
1030 2639 1377 2711 ἀνοσιότητος
1423 2641 1645 2715 ἀφορμὴ
1696 2644 1839 2698 κατὰ

263 2719 369 2772 τῶν
391 2722 467 2787 ὼς
514 2724 714 2795 ἄριστα
748 2724 897 2796 βιοῦν
926 2728 1245 2800 ᾑρημένων.
1280 2730 1346 2784 Οἳ
1391 2732 1485 2786 καὶ
1520 2734 1570 2786 εί
1597 2733 1841 2803 γένοιντο

263 2812 423 2883 τυχὸν
458 2815 514 2867 ὲν
561 2815 737 2884 ἀγῶσι
767 2819 860 2871 καὶ
908 2820 1113 2885 πόνοις,
1144 2820 1260 2875 ἀλλ’
1305 2817 1399 2876 οὖν
1443 2824 1541 2877 οὐκ
1580 2826 1660 2889 είς
1693 2826 1840 2881 ἅπαν

264 2897 373 2955 εἷεν
403 2903 468 2957 ἂν
506 2907 618 2969 τοῖς
669 2907 998 2979 πολεμοῦσιν
1041 2909 1327 2982 ἁλώσιμοι.
1369 2914 1694 2986 Περιάψεται
1733 2917 1842 2990 γὰρ

264 2995 516 3065 οὐδαμῶς
544 2999 572 3051 ὁ
602 2997 712 3051 τῶν
768 3001 938 3069 ἁγίων
965 3003 1323 3075 προεστηκὼς
1352 3007 1476 3071 τοὺς
1509 3008 1649 3080 ὑπὲρ
1672 3009 1838 3064 αὑτοῦ

264 3086 695 3154 κινδυνεύοντας.
766 3092 1061 3159 Ἐξελεῖται
1110 3094 1169 3148 δὲ
1234 3097 1434 3167 μᾶλλον
1493 3100 1588 3153 καὶ
1639 3101 1843 3171 σφόδρα

266 3177 492 3247 ῥᾳδίως,
546 3181 639 3234 καὶ
698 3181 1115 3256 λαμπροτέρους
1168 3188 1457 3256 ἀποφανεῖ,
1510 3189 1844 3261 τληπαθείας

265 3269 567 3343 γύμνασμα
601 3274 822 3344 προθεὶς
847 3276 937 3331 τὸν
966 3277 1163 3349 ἱδρῶτα
1188 3279 1391 3345 αὐτοῖς.
1422 3282 1760 3354 Συλλήψεται
1788 3285 1845 3339 δὲ

266 3362 345 3434 τῷ
385 3363 530 3433 λόγῳ
581 3365 677 3419 καὶ
723 3368 752 3419 ὁ
813 3368 1101 3433 θεσπέσιος
1150 3371 1481 3437 ΠοιῐὶλοςώδὶΙ
1527 3376 1841 3447 γεγραφὼς.

273 3475 291 3507 ι
329 3456 528 3521 Πιστὸς
561 3457 617 3511 δὲ
645 3460 675 3512 ὁ
714 3458 869 3527 Θεὸς,
900 3461 960 3524 ὃς
1004 3462 1105 3515 οὐκ
1138 3463 1282 3516 ἐάσει
1311 3462 1458 3528 ὑμᾶς
1484 3466 1845 3537 πειρασθῆναι

269 3546 407 3618 ὑπὲρ
431 3548 460 3602 ὃ
495 3548 749 3618 δύνασθε,
777 3552 913 3607 ἀλλὰ
946 3555 1161 3625 ποιήσει
1198 3557 1290 3609 σὺν
1326 3556 1402 3625 τῷ
1436 3558 1725 3630 πειρασμῷ
1750 3560 1846 3613 καὶ

268 3639 367 3709 τὴν
410 3638 637 3694 ἔκϐασιν
664 3641 759 3696 τοῦ
792 3641 1050 3698 δύνασθαι
1086 3644 1428 3714 ὑπενεγκεῖν.
1476 3667 1494 3700 ι
1539 3650 1649 3703 Καὶ
1692 3650 1846 3703 αὐτοὶ

269 3729 324 3783 δὲ
352 3731 786 3804 διακεκράγασιν
828 3736 887 3789 ὲν
905 3738 971 3807 τῇ
1019 3736 1186 3808 βίϐλῳ
1216 3738 1323 3792 τῶν
1370 3740 1610 3809 Ψαλμῶν
1639 3744 1689 3795 οἱ
1733 3743 1848 3805 τοῖς

270 3820 477 3889 ἀγῶσιν
522 3822 886 3895 ὡμιληκότες,
924 3830 1018 3883 καὶ
1066 3830 1191 3892 τοὺς
1236 3831 1328 3884 ἐπὶ
1362 3833 1482 3895 ταῖς
1507 3831 1720 3898 διώξεσι
1753 3833 1849 3886 πό-

271 3931 393 3978 νους
417 3917 787 3984 διενεγκόντες
826 3920 927 3974 οὐκ
963 3922 1225 3989 ἀγεννῶς·
1273 3925 1391 3977 Ὅτι
1432 3943 1451 3975 ι
1489 3925 1849 3995 Ἐδοκίμαιτας

272 4005 440 4075 ἡμᾶς,
482 4009 511 4060 ὁ
550 4007 704 4074 Θεὸς,
736 4009 1024 4082 ὲπύρωσας
1050 4014 1196 4083 ἡμᾶς
1226 4013 1301 4078 ὼς
1341 4014 1610 4087 πυροῦται
1638 4015 1701 4067 τὸ
1748 4017 1850 4083 ἀρ-

273 4098 483 4167 γύριον.
511 4100 978 4173 Είσήγαγεςὴμᾶς
1006 4103 1083 4179 είς
1106 4104 1202 4173 τὴν
1236 4105 1453 4173 παγίδαε
1489 4103 1612 4156 ἔθου
1647 4103 1853 4172 θλίψεις

273 4189 366 4242 ἐπὶ
400 4190 492 4242 τὸν
522 4191 689 4245 νῶτον
718 4191 888 4263 ἡμῶν·
916 4194 1245 4258 ὲπεὸίδασας
1283 4192 1603 4263 ἀνθρώπους
1633 4193 1725 4245 ἐπὶ
1754 4192 1854 4255 τὰς

1856 1614 1909 1671 Α
2390 1604 2467 1658 De
2504 1603 2666 1659 Iacob
2718 1603 3044 1675 patriarcha.

2002 1741 2052 1795 1.
2084 1738 2442 1796 Verissimum
2468 1745 2573 1804 est,
2602 1736 2748 1809 quod
2786 1755 2807 1789 ι
2843 1737 2938 1807 qui
2972 1736 3060 1807 pie
3092 1737 3276 1792 vivere
3314 1738 3504 1793 volue-

1931 1832 2042 1887 rint
2072 1831 2127 1885 in
2156 1829 2380 1886 Christo
2418 1828 2568 1895 Jesu,
2598 1829 3037 1899 persecutionem
3076 1827 3355 1898 patientur
3383 1828 3446 1881 ⁸³.
3480 1847 3499 1879 ι

1931 1924 2198 1979 lnsultant
2223 1923 2371 1979 enim
2406 1922 2541 1992 ipsis
2580 1921 2751 1976 instar
2780 1920 3099 1976 immanium
3134 1919 3374 1974 ferarum
3409 1917 3505 1973 lilii

1933 2010 2262 2085 iniquitatis,
2295 2021 2585 2068 censentes
2616 2012 2876 2066 nimirum
2906 2026 3097 2067 eorum
3123 2012 3217 2082 qui
3247 2018 3391 2065 recte
3420 2010 3505 2064 vi-

1934 2116 2044 2162 tam
2072 2106 2389 2171 instituunt,
2422 2103 2766 2175 splendorem
2805 2118 2870 2157 ac
2919 2102 3146 2174 gloriam
3186 2119 3305 2159 esse
3337 2102 3509 2157 veluti

1934 2197 2330 2252 incusationem
2369 2194 2660 2266 quamdam
2698 2193 3320 2263 condemnationemque
3361 2195 3510 2263 ipso-

1932 2304 2058 2345 rum
2098 2286 2484 2360 improbitatis.
2519 2286 2655 2342 Mala
2695 2284 2843 2341 enim
2881 2284 3210 2355 plerumque
3241 2283 3513 2339 bonorum

1935 2380 2301 2452 applicatione
2352 2386 2682 2450 arguuntur,
2736 2391 2966 2448 quaeque
3015 2375 3312 2431 laudabilia
3354 2382 3511 2440 sunt,

1935 2487 2129 2528 eorum
2172 2487 2294 2542 quae
2314 2471 2443 2526 talia
2470 2487 2581 2526 non
2605 2479 2755 2536 sunt,
2779 2467 3511 2538 deformitatempropalant.

1936 2562 2208 2629 Quidnam
2239 2562 2405 2634 igitur
2435 2562 2601 2617 hinc?
2622 2561 2856 2617 invidia
2879 2561 3004 2627 tela,
3034 2570 3091 2617 et
3120 2560 3176 2615 in
3210 2559 3281 2614 iis
3311 2559 3404 2630 qui
3428 2558 3514 2612 vi-

1938 2662 2056 2711 ctos
2094 2670 2151 2710 se
2192 2655 2457 2719 sentiunt,
2487 2653 2879 2724 indignationis
2917 2651 3134 2707 flamma
3173 2650 3514 2715 accenditur,

1910 2744 2271 2815 .principium
2305 2743 2533 2800 insaniae
2558 2744 2881 2814 occasioque
2915 2741 3214 2814 impietatis
3253 2739 3521 2795 adversus

1941 2849 2037 2889 eos
2078 2835 2173 2904 qui
2207 2835 2414 2905 optime
2445 2835 2642 2890 vivunt
2683 2850 2697 2888 :
2742 2834 2837 2904 qui
2880 2833 3094 2888 tametsi
3128 2830 3422 2901 aliquando
3461 2829 3517 2884 in

1871 2966 1914 3020 Β
1943 2922 2203 2991 periculis
2245 2931 2303 2977 et
2345 2922 2629 2978 laboribus
2666 2931 2979 2987 versentur,
3019 2936 3302 2991 nunquam
3336 2928 3521 2973 tamen

1943 3013 2000 3067 in
2033 3014 2354 3069 universum
2401 3013 2460 3068 in
2501 3013 2743 3068 hostium
2777 3021 3101 3083 potestatem
3132 3011 3381 3066 veniunt.
3410 3010 3519 3065 Ne-

1943 3120 2219 3176 quaquam
2251 3106 2401 3159 enim
2428 3112 2744 3160 contemnet
2771 3105 3028 3175 princeps
3068 3110 3384 3157 sanctorum
3425 3115 3522 3156 eos

1942 3197 2038 3268 qui
2061 3212 2159 3267 pro
2190 3198 2309 3268 ipso
2327 3196 2738 3267 periclitantur;
2763 3204 2819 3250 at
2838 3195 3022 3267 potius
3061 3194 3282 3265 eripiet,
3330 3193 3520 3253 facile-

1944 3304 2051 3360 que
2086 3287 2381 3344 admodum
2429 3288 2741 3360 superiores
2779 3303 2877 3345 eos
2921 3287 3520 3359 illustrioresqueieiii-

1944 3381 2072 3447 ciet,
2101 3381 2384 3437 laboribus
2418 3382 2638 3437 interim
2673 3389 2729 3437 et
2764 3382 3025 3437 aerumnis
3052 3396 3148 3437 eos
3178 3381 3245 3436 ad
3283 3382 3523 3436 tolerann

1945 3470 2075 3525 tiam
2115 3486 2398 3527 exercens.
2426 3470 2711 3528 Consentit
2742 3472 3036 3528 verobuic
3073 3473 3152 3527 rei
3187 3472 3353 3529 etiam
3385 3472 3524 3529 divi-

1944 3577 2050 3618 nus
2080 3561 2315 3630 Paulus,
2364 3564 2438 3618 ita
2489 3564 2741 3619 scribens
2777 3582 2789 3617 :
2839 3563 2999 3634 1-09
3029 3583 3047 3616 ι
3088 3565 3288 3620 Fidelis
3338 3574 3521 3621 autem

1946 3654 2108 3719 Deus,
2148 3656 2243 3726 qui
2282 3672 2393 3710 non
2427 3657 2572 3711 sinet
2608 3672 2705 3711 vos
2744 3655 2943 3711 tentari
2978 3656 3120 3710 ultra
3162 3656 3216 3709 id
3249 3657 3395 3726 quod
3424 3673 3523 3726 po-

1949 3745 2123 3810 testis,
2162 3745 2259 3800 sed
2300 3745 2463 3801 faciet
2499 3746 2665 3802 etiam
2698 3761 2822 3802 cum
2850 3747 3150 3801 tentatione
3176 3756 3521 3815 proventum,

1948 3842 2011 3888 ut
2037 3835 2259 3903 possitis
2286 3836 2557 3891 sustinere
2582 3836 2648 3890 “.
2684 3854 2700 3886 ι
2726 3835 2835 3904 ipsi
2866 3850 2998 3888 vero
3025 3834 3191 3887 etiam
3214 3834 3449 3886 clamant
3468 3833 3529 3885 in

1947 3925 2092 3980 libro
2117 3926 2478 3990 Psalmorum,
2516 3926 2610 3995 qui
2643 3926 2699 3979 in
2732 3924 2994 3993 periculis
3017 3923 3241 3985 versati,
3273 3922 3529 3991 gravissi-

1951 4031 2179 4085 mosque
2203 4017 2648 4085 persecutionum
2681 4015 2901 4067 labores
2925 4012 3138 4067 fortiter
3161 4024 3525 4083 superarunt:
3546 4072 3547 4075 η

1962 4127 1979 4157 ‹
2002 4106 2245 4161 Probasti
2268 4120 2387 4169 nos,
2412 4106 2583 4172 Deus;
2608 4106 2731 4175 igne
2752 4119 2854 4159 nos
2878 4103 3218 4169 examinasti,
3244 4103 3381 4158 sicut
3405 4121 3531 4161 exa-

1954 4196 2195 4249 minatur
2224 4202 2530 4266 argentum.
2571 4193 2836 4249 lnduxisti
2873 4208 2972 4249 nos
3013 4193 3069 4247 in
3115 4193 3392 4263 laqueum,
3436 4210 3532 4265 po-

274 4282 517 4350 κεφαλὰς
537 4282 713 4353 ἡμῶν.
746 4285 1044 4356 Διήλθομεν
1069 4286 1157 4340 διὰ
1190 4286 1359 4356 πυρὸς
1392 4286 1486 4339 καὶ⁵
1520 4283 1725 4350 ὓδατος,
1763 4285 1846 4340 καὶ

1956 4289 2111 4346 suisti
2140 4290 2521 4345 tribulationes
2560 4289 2616 4343 in
2647 4288 2811 4343 dorso
2848 4296 3075 4342 nostro:
3101 4287 3407 4359 imposuisti
3434 4289 3547 4344 ho-c

275 4372 546 4443 ἐξήγαγες
574 4376 721 4445 ἡμᾶς
744 4379 823 4439 εἰς
855 4377 1156 4448 ἀναψυχήν.
1199 4397 1217 4429 ι
1277 4376 1520 4441 Ἀκούεις
1551 4379 1698 4442 ὅπως
1728 4379 1851 4449 ἥκιο

276 4481 378 4517 στα
411 4466 512 4534 μὲν
548 4466 616 4519 τὰ
666 4468 750 4538 ἐφ’
800 4462 881 4532 οἷς
932 4468 1316 4540 δοκιμάζονται
1353 4469 1637 4541 δυσφορεῖν
1681 4470 1850 4540 ἐγνώ-

275 4571 429 4621 κασι,
463 4556 712 4629 χαίρουσι
740 4560 799 4614 δὲ
834 4560 1034 4631 μᾶλλον
1059 4560 1133 4624 ὡς
1167 4561 1424 4631 ἀμείνους
1470 4561 1853 4631 ἀναδεδειγμέ-

277 4665 377 4711 νοι⁹
409 4649 505 4703 καὶ
526 4650 615 4703 διὰ
644 4653 841 4722 πείρας
874 4654 1041 4723 αὐτῆς
1064 4654 1199 4722 ὅπερ
1216 4653 1350 4706 εἰσὶν
1379 4654 1729 4722 ἐγνωσμένοι,
1760 4654 1854 4706 καὶ

278 4741 371 4794 ἐπὶ
396 4744 519 4805 ταῖς
547 4745 629 4807 είς
667 4745 833 4815 ἄκρον
862 4746 1158 4813 φιλοθεῒαις
1187 4743 1272 4797 διὰ
1298 4743 1392 4798 τοῦ
1418 4744 1608 4798 παθεῖν
1649 4761 1856 4815 μεμαρ-

278 4835 597 4905 τυρημένοι.
647 4838 885 4890 Διελθεῖν
928 4838 1035 4909 γὰρ
1067 4836 1274 4906 ἔφασαν
1300 4836 1392 4907 ,διὰ
1423 4836 1613 4907 πυρός.
1644 4836 1854 4905 ’Ὠσπερ

278 4925 407 4994 γὰρ,
464 4922 640 4998 οἶμαι,
675 4929 745 4982 τὰ
783 4928 1126 4999 δοκιμώτατα
1162 4928 1270 4981 τῶν
1308 4927 1671 4998 θυμιαμάτων
1724 4926 1856 4997 πυρὶ

278 5015 763 5085 προσωμιληκὸτα.
817 5017 916 5087 τῆς
951 5016 1175 5088 ἐνούσης
1217 5017 1413 5081 animi}
1448 5016 1706 5087 εὐοσμίας
1733 5016 1856 5068 τότε

280 5104 560 5160 ποιοῦνται
595 5106 693 5178 τὴν
734 5106 977 5173 ἔνδειξινο
1021 5106 1159 5160 οὕτω
1193 5108 1287 5160 καὶ
1318 5108 1437 5161 ὁσία
1463 5109 1607 5179 ψυχὴ
1655 5125 1858 5179 πυρου-

285 5196 421 5268 μὲνη
450 5198 652 5270 τρόπον
682 5199 805 5253 τινὰ
851 5200 938 5253 διὰ
982 5199 1074 5253 τοῦ
1120 5199 1471 5270 πειράζεσθαι
1504 5200 1597 5252 καὶ
1652 5202 1853 5265 πονεῖν,

280 5289 683 5362 ἐναργεστέραν
713 5293 946 5343 ποιεῖται
985 5291 1083 5362 τῆς
1120 5291 1343 5360 ἐνούσης
1375 5290 1509 5361 αὐτῇ
1553 5290 1860 5356 πολυειδοῦς

281 5380 482 5451 ἀρετῆς
517 5385 616 5454 τὴν
640 5383 891 5451 ἕκφασιν.
938 5384 1082 5453 Πλὴν
1112 5384 1239 5453 περὶ
1264 5382 1462 5445 παντὸς
1487 5382 1639 5450 ἁγίου
1672 5383 1859 5453 ψάλλει

285 5488 315 5539 μ
334 5471 386 5523 ἕν
412 5490 517 5527 που
559 5474 655 5529 καί
688 5492 853 5545 φησιν
883 5477 910 5528 ὁ
936 5476 1216 5539 θεσπέσιος
1242 5474 1421 5537 Δαϐὶδ,
1452 5476 1533 5527 ὅτι
1561 5494 1579 5526 ι
1608 5476 1861 5547 Παραϐα-

282 5560 365 5614 λεί
402 5564 637 5634 ἄγγελος
670 5562 875 5638 Κυρίου
917 5567 1098 5637 κύκλῳ
1142 5567 1250 5620 τῶν
1295 5566 1642 5637 φοϐουμένων
1675 5568 1857 5631 αὑτὸν,

1957 4383 2133 4437 mines
2160 4398 2324 4453 super
2352 4381 2531 4451 capita
2558 4388 2763 4435 nostra.
2798 4379 3174 4434 Transivimus
3213 4396 3309 4450 per
3333 4396 3529 4451 aquam

1957 4482 2013 4529 et
2041 4475 2240 4544 ignem,
2272 4482 2328 4528 et
2355 4472 2591 4527 eduxisti
2629 4486 2732 4525 nos
2762 4471 2817 4525 in
2847 4471 3189 4542 refrigerium
3218 4471 3283 4524 (³⁵.
3310 4490 3327 4522 ι
3361 4473 3534 4527 Audis

1958 4580 2068 4633 quo
2098 4573 2257 4633 pacto
2297 4578 2361 4617 ea
2401 4562 2457 4617 in
2495 4561 2698 4631 quibus
2734 4561 3054 4629 probantur,
3082 4577 3222 4631 aegre
3258 4561 3401 4615 ferre
3426 4562 3531 4615 mi-

1959 4655 2106 4708 nime
2126 4661 2358 4718 norunt;
2382 4653 2622 4724 gaudent
2638 4667 2772 4706 vero
2794 4652 2993 4721 potius,
3019 4660 3277 4722 tanquam
3299 4651 3535 4707 victores

1961 4745 2240 4809 declarati,
2261 4754 2315 4800 et
2333 4746 2711 4817 experimento
2731 4744 2849 4816 ipso
2876 4745 2930 4800 id
2957 4746 3102 4815 quod
3137 4752 3285 4807 sunt,
3306 4744 3533 4814 cogniti,

1961 4851 2336 4905 summamque
2356 4836 2573 4906 pietatis
2592 4837 2909 4906 patientiam
2928 4844 3189 4890 testantes
3210 4852 3222 4886 :
3240 4850 3338 4902 per
3355 4834 3536 4903 ignem

1961 4928 2107 4981 enim
2136 4928 2411 4983 transiisse
2432 4945 2489 4984 se
2516 4928 2724 4983 dicunt.
2749 4927 3214 4994 Quemadmodum
3236 4925 3385 4978 enim
3406 4939 3535 4993 pro-

1963 5021 2245 5076 batissima
2277 5022 2625 5093 thymiamata
2648 5022 2758 5091 igni
2780 5021 3018 5081 admota,
3044 5017 3228 5071 odoris
3262 5031 3372 5084 quo
3399 5032 3536 5084 pra:-

1964 5110 2075 5165 dila
2110 5120 2257 5175 sunt,
2296 5112 2573 5180 specimen
2599 5110 2798 5175 edunt,
2832 5110 2904 5161 ita
2943 5108 3107 5161 etiam
3134 5116 3319 5161 sancta
3354 5106 3536 5159 anima

1966 5202 2087 5272 igne
2137 5202 2537 5272 quodammodo
2581 5200 2827 5269 probata,
2873 5213 2969 5266 per
3014 5196 3343 5251 tentationes
3374 5203 3429 5247 et
3461 5195 3539 5248 la-

1911 5358 1921 5370 .
1966 5294 2148 5357 bores,
2177 5294 2513 5348 luculentius
2540 5292 2714 5345 multo
2751 5288 3064 5344 exsistentis
3105 5286 3160 5339 in
3199 5285 3315 5353 ipsa
3353 5285 3540 5338 multi-

1967 5386 2140 5440 moda:
2185 5385 2407 5438 virtutis
2449 5389 2833 5452 argumentum
2876 5379 3006 5432 edit.
3050 5375 3220 5430 David
3264 5375 3427 5430 etiam
3469 5375 3539 5430 de

1966 5474 2116 5527 omni
2151 5480 2338 5527 sancto
2368 5471 2568 5525 alicubi
2599 5468 2763 5531 canit,
2795 5469 2868 5520 ita
2898 5466 3087 5520 dicens
3125 5482 3137 5517 :
3177 5483 3193 5513 ι
3237 5463 3542 5519 Castramc—

1971 5565 2173 5619 tabitur
2200 5562 2425 5632 angelus
2455 5559 2685 5619 Domini.
2707 5558 2762 5613 in
2788 5556 3023 5614 circuitu
3054 5555 3364 5611 timentium
3389 5567 3544 5634 eum.

358 5736 402 5768 “
428 5738 475 5793 ll
514 5736 669 5792 Tim.
696 5753 773 5803 ιιι,
809 5738 890 5791 1‘2.
968 5740 1009 5770 ⁸³
1040 5741 1061 5793 ι
1090 5740 1213 5794 Cor.
1257 5756 1306 5805 x,
1347 5738 1431 5792 15.
1509 5738 1551 5769 ⁸⁸
1586 5736 1724 5791 Psul.
1761 5751 1878 5793 LXV.
1906 5735 2090 5792 10-12.
