4074 6260
508 334 612 389 179
1532 332 1590 388 S.
1631 332 1907 388 CYRILLI
1944 331 2415 389 ALEXANDRINI
2455 330 2776 391 ARCHIEP.
3670 324 3783 376 iiii

505 456 563 503 et
590 445 790 518 eripiet
828 461 925 500 eos
956 444 1020 497 “.
1067 463 1085 496 ι
1113 444 1233 513 Ipse
1264 458 1397 497 vero
1425 445 1603 498 omnis
1629 442 1817 497 auxilii
1857 441 2084 513 largitor

2193 442 2283 496 καὶ
2309 443 2532 513 ῥύσεται
2559 439 2773 503 αὐτούς.
2803 458 2822 490 ι
2852 438 3021 502 Αὐτὸς
3048 438 3106 498 δὲ
3137 437 3297 492 πάλιν
3324 435 3423 506 τῆς
3451 437 3769 510 ἐπικουρξας

507 501 698 607 aperte
721 537 797 591 ait
824 554 837 589 :
871 555 888 587 ι
917 535 1185 602 Quoniam
1205 533 1442 604 speravit
1463 533 1517 588 in
1544 549 1651 598 me,
1674 533 1904 603 eripiam
1933 548 2081 591 eum.

2193 536 2215 588 6
2248 501 2479 605 χορηγὸς
2500 501 2798 605 διαρρήδην
2830 530 3014 602 φησίν
3054 550 3073 581 ι
3113 530 3236 582 Ὅτι
3267 530 3356 589 ἐπ’
3380 501 3508 600 ἰέμὲ
3550 501 3766 600 ήλτιισε,

507 625 777 697 Clamabit
805 624 872 678 ad
901 638 1009 688 me,
1032 630 1088 678 et
1114 622 1401 679 exaudiam
1426 637 1551 677 eum
1579 638 1737 678 .cum
1767 622 1885 692 ipso
1907 638 2004 677 ero
2031 621 2086 679 in

2193 626 2282 678 καὶ
2321 623 2555 697 ῥύσομαι
2586 623 2768 678 αὐτόν.
2822 621 3164 692 Κεκράξεται
3203 620 3342 691 πρός
3398 637 3489 691 με,
3523 622 3619 675 καὶ
3654 624 3770 676 εισ-

510 716 895 781 tribulatione;
916 714 1146 784 eripiam
1171 728 1319 779 eum,
1350 722 1405 769 et
1435 712 1752 785 gloriﬁcabo
1774 728 1921 774 eum,
1946 713 2089 768 Lon-

508 805 754 878 gitudine
778 805 997 860 dierum
1034 804 1274 877 implebo
1301 820 1449 869 eum,
1477 812 1533 861 et
1560 804 1841 859 ostendam
1868 805 1919 859 ei
1945 804 2089 860 salu-

510 912 627 957 tare
651 914 834 953 meum
856 899 921 952 ".
955 917 972 948 ι
1000 893 1285 965 Quodnam
1309 897 1475 968 igitur
1494 905 1579 952 est
1606 917 1625 948 ι
1655 896 1889 956 salutare
1907 896 2004 952 Dei
2024 912 2088 952 ac

507 989 723 1046 Patris?
746 1008 764 1039 ι
792 989 939 1044 Deus
960 989 1200 1044 Verbum
1229 1005 1297 1044 ex
1324 989 1462 1060 ipso,
1494 989 1587 1059 qui
1611 997 1836 1058 propter
1868 1003 1970 1043 nos
2004 1001 2089 1045 se-

508 1086 749 1141 cundum
790 1101 893 1141 nos
924 1086 1099 1142 factus
1126 1093 1228 1151 est,
1256 1086 1552 1156 divinaque
1592 1084 1821 1138 consilio
1856 1082 2086 1139 formam

509 1175 651 1230 servi
690 1174 1002 1244 assumpsit.
1041 1175 1118 1230 Ita
1145 1175 1320 1244 ipsum
1344 1174 1561 1229 vocavit
1596 1173 1763 1229 etiam
1801 1171 1961 1226 Pater
1990 1187 2088 1241 per

508 1265 739 1330 Isaiam,
773 1264 1015 1319 dicens:
1068 1283 1085 1318 ι
1131 1264 1199 1319 Ει
1251 1265 1517 1319 videbunt
1576 1271 1767 1335 gentes
1819 1263 2089 1335 justitiam

509 1372 716 1421 meam,
776 1363 833 1411 et
887 1371 1044 1430 reges
1085 1356 1312 1428 gloriam
1368 1372 1566 1411 meam.
1608 1354 1856 1411 Salutare
1905 1366 2085 1414 autem

511 1464 692 1509 meum
726 1449 1112 1507 sicutluoerna
1141 1448 1464 1504 ardebit."t
1488 1447 1685 1503 Factus
1702 1449 1851 1502 enim
1883 1458 1968 1503 est
1985 1464 2086 1503 no-

511 1538 598 1594 bis
620 1539 830 1610 justitia
855 1545 911 1594 et
935 1539 1105 1611 gloria
1142 1554 1173 1593 a
1198 1538 1311 1593 Deo
1343 1545 1402 1593 et
1437 1539 1614 1602 Patre,
1648 1537 1821 1592 Filius
1855 1547 1912 1591 et
1939 1539 2087 1592 salu-

510 1641 644 1690 tare.
681 1631 970 1690 Justillcati
1004 1631 1151 1686 enim
1189 1644 1381 1683 sumus
1405 1627 1460 1681 in
1480 1626 1620 1697 ipso,
1647 1636 1703 1682 et
1722 1626 1790 1682 ad
1814 1627 2089 1682 filiationis

508 1724 734 1791 gloriam
791 1723 966 1779 evecti
1022 1722 1088 1779 “.
1147 1719 1303 1786 Quod
1354 1734 1488 1773 vero
1543 1718 1712 1775 etiam
1766 1718 1958 1773 salvat!
2013 1718 2089 1773 si-

509 1827 663 1875 mus,
713 1810 909 1867 mortis
952 1809 1188 1871 vinculis
1240 1808 1440 1873 soluti,
1510 1817 1674 1879 atque
1723 1808 1793 1864 ad
1837 1808 2089 1863 incorru-

509 1902 753 1970 ptionem
801 1900 1083 1965 translati,
1125 1914 1238 1970 quo
1299 1908 1460 1971 pacto
1514 1909 1612 1955 aut
1664 1900 1809 1955 unde
1860 1898 2089 1955 dubium

510 2008 631 2047 esse
668 1993 881 2063 potest?
907 1988 1092 2053 Illuxit
1126 1991 1276 2047 enim
1309 1991 1501 2056 nobis,
1538 1992 1710 2049 veluti
1745 1992 1801 2046 in
1833 1998 1994 2047 nocte
2034 2000 2093 2049 et

511 2083 758 2145 tenebris
790 2084 1042 2148 lucerna,
1075 2083 1275 2149 Filius,
1312 2084 1471 2154 110
1498 2084 1738 2139 divinam
1758 2085 1937 2141 lucem
1965 2098 2088 2139 cre-

509 2177 759 2231 dentium
816 2177 1017 2232 animis
1070 2176 1388 2233 immittens.
1452 2177 1664 2233 Idcirco
1722 2177 1887 2232 etiam
1943 2176 2024 2231 ait
2075 2195 2089 2231 :

517 2288 534 2320 ο
575 2269 688 2339 Ego
726 2283 850 2329 sum
896 2270 991 2326 lux
1038 2270 1230 2327 mundi
1266 2272 1333 2325 '°.
1367 2290 1385 2323 ι
1417 2271 1574 2338 Quod
1611 2272 1777 2343 igitur
1809 2274 1963 2344 juxta
2005 2272 2091 2341 ip-

510 2360 627 2417 sius
653 2358 951 2415 Salvatoris
982 2374 1175 2416 vocem
1205 2361 1250 2393 ”
1281 2361 1427 2427 beati
1459 2363 1588 2427 sint,
1624 2363 1716 2432 qui
1754 2362 2093 2433 persecutio-

510 2464 635 2506 nem
668 2450 955 2518 patiuntur
976 2458 1202 2521 propter
1224 2451 1494 2522 justitiam
1525 2451 1922 2522 (hazreditatem
1944 2452 2091 2509 enim

510 2538 793 2597 cmlestsm
824 2539 1128 2606 habebunt,
1170 2556 1234 2599 ac
1259 2541 1429 2597 totius
1454 2542 1694 2598 universi
1721 2544 2012 2598 Dominum
2037 2552 2093 2598 et

511 2630 850 2686 Salvatorem
872 2630 1179 2702 adiutorem
1204 2641 1333 2691 sunt
1354 2634 1671 2705 experturi;
1704 2634 1969 2690 videbunt
1990 2651 2091 2690 au—

511 2731 622 2777 tem
650 2721 817 2776 etiam
844 2723 1023 2792 ipsum
1046 2722 1114 2780 de
1137 2722 1358 2779 Christo
1384 2724 1753 2797 mysterium),
1778 2741 1845 2780 ex
1869 2725 1938 2780 iis
1959 2725 2094 2797 ipsis

509 2827 633 2882 quae
671 2812 835 2885 beato
858 2814 1028 2869 Iacob
1063 2815 1383 2874 acciderunt
1406 2815 1564 2873 facile
1596 2817 1720 2887 quis
1742 2816 2091 2874 intellexerit.

508 2904 702 2973 Opem
738 2905 976 2975 pretium
1000 2921 1132 2961 vero
1159 2923 1280 2964 esse
1319 2908 1563 2964 arbitror
1601 2924 1665 2963 ea
1706 2923 1830 2978 qua:
1865 2908 1933 2963 de
1974 2908 2094 2978 ipso

511 2994 714 3065 scripta
744 3004 894 3063 sunt,
921 2997 990 3054 ad
1029 2999 1460 3055 manifestiorem
1503 2999 1838 3055 intellectum
1869 3001 2093 3055 lectori—

518 3088 620 3145 bus
647 3103 943 3160 apponere.
967 3089 1047 3145 Ita
1070 3104 1201 3145 vero
1225 3088 1431 3149 habent
1458 3106 1470 3144 :
1506 3105 1525 3140 ι
1551 3088 1619 3144 Et
1647 3089 1819 3144 iratus
1840 3095 1925 3144 est
1945 3086 2086 3141 Esau

2187 718 2490 787 ἀκούσομαι
2511 715 2695 771 αὐτοῦ*
2729 715 2846 788 μετ’
2876 713 3042 770 αὐτοῦ
3076 716 3192 786 εἰμι
3218 716 3276 768 ἐν
3311 713 3518 784 θλίψει,
3556 715 3773 782 ἐξελοῦ-

2191 825 2291 879 μαι
2330 807 2513 873 αὑτὸν,
2566 808 2660 861 καὶ
2712 805 2920 871 δοξάσω
2945 804 3128 867 αὐτὸν,
3165 804 3510 875 μακρότητος
3543 804 3772 876 ἡμερῶν

2190 901 2456 971 ἐμπλήσω
2489 899 2672 963 αὐτὸν,
2707 899 2801 953 καὶ
2825 898 2983 964 δείξω
3027 895 3176 966 αὐτῷ
3197 895 3259 948 τὸ
3288 894 3554 966 σωτήριόν
3588 913 3711 966 μου.
3744 914 3766 946 ο

2190 990 2346 1043 Ποῖον
2374 983 2466 1042 οὖν
2493 989 2600 1058 ἄρα
2633 988 2750 1040 ἐστὶ
2786 1006 2805 1039 ι
2853 986 2916 1039 τὸ
2945 987 3212 1056 σωτήριον
3237 984 3331 1038 τοῦ
3356 983 3490 1038 Θεοῦ
3532 985 3628 1038 καὶ
3661 985 3772 1038 II:-

2186 1081 2344 1154 τρός;
2377 1100 2398 1134 ι
2447 1083 2507 1135 '0
2536 1081 2595 1146 ἐξ
2627 1079 2792 1135 αὐτοῦ
2837 1080 2969 1144 056;
3008 1078 3202 1148 Λόγος,
3241 1080 3271 1131 6
3321 1078 3388 1131 6t‘
3440 1078 3587 1148 ἡμᾶς
3645 1076 3770 1128 καθ’

2188 1175 2334 1245 ἡμᾶς
2365 1174 2459 1228 καὶ
2489 1174 2547 1227 ἐν
2584 1172 2768 1229 δούλου
2794 1173 2974 1244 μορφῇ
2995 1169 3233 1239 γεγονὼς
3263 1167 3641 1238 οἰκονομικῶς.
3667 1162 3772 1220 Οὖ-

2187 1284 2294 1330 τως
2322 1265 2484 1321 αὑτὸν
2512 1264 2794 1336 ὠνόμαζεν
2816 1266 2846 1317 6
2875 1262 3065 1334 Πατὴρ
3093 1263 3185 1316 καὶ
3208 1262 3274 1315 δι’
3313 1260 3538 1317 Ἡσαΐου
3567 1259 3766 1328 λέγων*

2198 1377 2215 1409 ι
2240 1356 2350 1411 Καὶ
2385 1358 2605 1428 ὄψονται
2632 1354 2702 1409 τὰ
2728 1355 2854 1425 ἔθνη
2884 1354 2981 1425 τὴν
3009 1353 3357 1424 δικαιοσύνην
3393 1369 3517 1422 μου,
3550 1351 3644 1402 καὶ
3670 1347 3768 1419 βα-

2191 1453 2358 1513 σιλεῖς
2395 1449 2493 1520 τὴν
2530 1448 2687 1515 δόξαν
2719 1464 2842 1519 μου.
2894 1446 2969 1500 Τὸ
2998 1444 3055 1498 δὲ
3088 1443 3355 1514 σωτήριόν
3385 1460 3485 1513 μου
3511 1442 3585 1503 ὼς
3624 1440 3770 1511 λαμ-

2191 1542 2300 1606 πὰς
2335 1542 2692 1613 καυθήσεται.
2725 1560 2744 1593 ›
2776 1539 2975 1609 Γέγονε
3014 1538 3123 1610 γὰρ
3160 1538 3290 1608 ἡμῖν
3328 1532 3643 1601 δικαιοσύνη
3674 1531 3771 1585 καὶ

2188 1629 2313 1694 δόξα
2347 1630 2497 1700 παρὰ
2517 1631 2609 1683 τοῦ
2642 1629 2777 1683 Θεοῦ
2814 1629 2909 1683 καὶ
2948 1626 3180 1698 Πατρός,
3210 1627 3239 1679 6
3267 1625 3414 1687 Υἱὸς,
3437 1624 3531 1677 καὶ.
3554 1623 3650 1693 μὲν
3674 1623 3773 1675 καὶ

2193 1723 2480 1793 σωτήριον.
2510 1720 2919 1793 Δεδιιιαιώμεθα
2974 1721 3083 1791 γὰρ
3116 1720 3175 1772 ὲν
3215 1717 3384 1787 αὐτῷ,
3417 1718 3511 1770 καὶ
3538 1718 3620 1780 είς
3666 1716 3773 1786 τὴν

2121 1843 2163 1897 Β
2191 1815 2291 1884 τῆς
2325 1813 2599 1876 υἱοθεσίας
2628 1812 3070 1884 ἀνεκομίσθημεν
3106 1809 3283 1875 δόξαν.
3306 1810 3429 1862 Ὅτι
3454 1808 3510 1861 δὲ
3549 1807 3643 1861 καὶ
3675 1822 3773 1859 σε-

2195 1905 2452 1977 σὼσμεθοι
2485 1905 2555 1959 τὰ
2596 1906 2690 1959 τοῦ
2722 1906 2951 1959 Θανάτου
2985 1904 3247 1974 φυγόντες
3283 1900 3479 1971 δεσμὰ,
3510 1900 3605 1954 καὶ
3638 1900 3776 1954 ἀνα.

2191 1998 2475 2068 τρέχοντες
2503 1999 2582 2060 είς
2620 1994 2950 2067 ἀφθαρσίαν,
2994 1994 3111 2057 πῶς
3135 1993 3202 2047 ἂν
3236 1991 3322 2062 εἴη
3359 1992 3567 2055 λοιπὸν,
3599 1991 3633 2061 ἦ
3668 1990 3772 2043 πό-

2193 2089 2284 2143 θεν
2319 2088 2654 2159 ἀμφίϐολον;
2697 2085 2975 2157 Ἐπεφάνη
3004 2085 3114 2156 γὰρ
3146 2087 3278 2156 ἡμῖν
3307 2083 3382 2148 ὡς
3412 2085 3469 2136 ὲν
3488 2084 3646 2137 νυκτὶ
3674 2082 3776 2136 καὶ

2192 2183 2249 2234 ὲν
2280 2181 2456 2251 σκότῳ
2478 2179 2721 2251 λαμπὰς,
2747 2182 2775 2233 ό
2810 2178 2958 2243 Υἱὸς,
2984 2178 3099 2248 φῶς
3127 2177 3186 2230 τὸ
3216 2176 3357 2230 θεῖον
3397 2177 3518 2237 ταῖς
3546 2175 3655 2228 τῶν
3685 2192 3797 2253 me

2193 2273 2488 2327 στευόντων
2529 2272 2728 2342 ψυχαῖς
2772 2270 2957 2334 ὲνιείς.
3015 2269 3305 2339 Τοιγάρτοι
3356 2267 3450 2321 καὶ
3503 2266 3771 2336 ἔφασκενν

2201 2378 2219 2409 ι
2271 2356 2410 2426 Ἐγώ
2436 2360 2550 2428 εἰμι
2586 2359 2648 2411 τὸ
2680 2356 2794 2426 φῶς
2822 2357 2916 2411 τοῦ
2949 2358 3175 2429 κόσμου.
3216 2376 3235 2409 ι
3275 2357 3397 2410 Ὅτι
3420 2356 3600 2409 τοίνυν
3630 2353 3779 2415 κατὰ

2191 2452 2290 2521 τὴν
2317 2450 2481 2503 αὐτοῦ
2507 2450 2598 2516 τοῦ
2622 2451 2874 2522 Σωτῆρος
2900 2451 3082 2521 φωνὴν
3115 2448 3376 2521 μακάριοι
3405 2450 3454 2501 οἱ
3476 2446 3776 2518 δεδιωγμέ-

2192 2556 2272 2596 νοι
2314 2543 2498 2594 ἕνεκεν
2547 2540 3152 2615 διγαιοσύνης.Κλῆρον
3182 2541 3297 2611 γὰρ
3341 2539 3523 2603 ἕξουσι
3576 2537 3668 2590 τδν
3714 2538 3775 2589 ἐν

2191 2634 2459 2705 οὐρανοῖς,
2495 2632 2589 2687 καὶ
2635 2633 2797 2686 αὑτὸν
2830 2631 3178 2703 ὲπαμύνοντα
3198 2632 3287 2685 τὸν
3319 2631 3428 2685 τῶν
3468 2630 3605 2683 ὅλων
3636 2628 3779 2681 Θεὸν

2194 2727 2286 2780 καὶ
2328 2725 2577 2795 Σωτῆρα.
2618 2723 2879 2795 Ὄψονται
2913 2724 2970 2776 δὲ
3007 2724 3100 2777 καὶ
3134 2723 3266 2777 αὐτὸ
3307 2722 3370 2775 τὸ
3409 2721 3503 2775 ἐπὶ
3530 2719 3777 2791 Χριστοῦ

2197 2816 2494 2887 μυστήριον
2515 2832 2527 2845 ’
2562 2813 2658 2868 καὶ
2691 2812 2753 2879 ὲξ
2785 2812 2966 2867 αὐτῶν
2999 2813 3148 2866 οὐδὲν
3194 2807 3356 2883 ἦττον
3390 2810 3659 2882 ἅναμάθοι
3686 2827 3776 2873 τις

2192 2906 2277 2970 ἂν,
2313 2907 2421 2960 τῶν
2449 2907 2592 2960 κατά
2625 2906 2717 2960 τὸν
2765 2906 3033 2979 μακάριον
3079 2905 3291 2959 Ἰακώϐ.
3326 2904 3658 2977 Παραθεῖναι
3718 2903 3779 2956 δὲ

2190 2994 2344 3069 οἶμαι
2379 2998 2587 3068 πρέπον
2614 2999 2682 3053 τὰ
2711 2999 2799 3051 ἐπ’
2823 2997 2973 3068 αὐτῷ
3024 2997 3410 3069 γεγραμμένα,
3442 2997 3579 3067 πρὸς
3609 2998 3777 3067 ἀκρι-

2192 3089 2457 3160 ϐεστέραν
2486 3089 2691 3160 εἴδησιν
2717 3091 2832 3153 τοῖς
2871 3090 3292 3160 ἐντευξομένοις.
3326 3090 3483 3159 Ἔχει
3515 3087 3571 3140 δὲ
3604 3085 3774 3146 οὕτω·

514 3179 682 3235 Jacob
706 3194 806 3248 pro
829 3179 1210 3235 benedictione
1261 3195 1367 3249 qua
1396 3179 1673 3235 benedixit
1695 3181 1744 3235 ei
1772 3190 1926 3249 pater
1945 3178 2086 3250 ejus.

2199 3198 2216 3235 t
2244 3178 2353 3232 Καὶ
2375 3180 2615 3233 ὲνεκὸτει
2655 3179 2824 3234 Ἡσαῦ
2846 3180 2922 3251 τῷ
2966 3181 3164 3234 Ἰακὼϐ
3196 3182 3323 3251 περὶ
3367 3181 3467 3250 τῆς
3497 3178 3777 3246 εὐλογίας,

516 3274 655 3329 Dixit
676 3284 859 3332 autem
883 3276 1026 3332 Esau
1048 3277 1105 3333 in
1127 3287 1310 3334 mente
1334 3294 1433 3334 sua
1463 3297 1474 3333 :
1503 3279 1953 3350 Appropinquent
1974 3279 2096 3334 dies

512 3368 693 3423 luctus
714 3369 888 3438 patris
909 3370 1040 3436 mei,
1078 3378 1141 3426 ut
1169 3372 1417 3427 occidam
1441 3371 1611 3427 Iacob
1634 3371 1859 3426 fratrem
1886 3384 2089 3424 meum.

513 3457 772 3515 Nuntiata
791 3467 922 3515 sunt
940 3471 1123 3519 autem
1142 3462 1407 3519 Rebecca
1429 3462 1596 3518 verba
1614 3460 1757 3517 Esau
1782 3461 1877 3515 lilii
1902 3460 1985 3515 sui
2011 3476 2097 3515 se-

513 3546 721 3615 nioris’;
749 3557 807 3604 et
832 3550 1293 3608 mittens-vocavit
1328 3553 1498 3609 Jacob
1522 3553 1697 3608 illium
1723 3567 1884 3608 suum
1915 3552 2097 3623 junio-

514 3653 655 3704 rcm,
684 3648 740 3696 et
761 3639 902 3696 dixit
931 3642 983 3697 ei
1009 3660 1021 3696 :
1047 3643 1189 3698 Ecce
1215 3645 1358 3701 Esau
1383 3645 1555 3701 frater
1583 3653 1712 3701 tuus
1732 3645 1973 3701 minatur
1997 3644 2095 3698 tibi

515 3730 767 3787 occidere
803 3740 875 3787 te.
906 3732 1066 3789 Nunc
1086 3749 1238 3806 ergo,
1263 3752 1297 3791 ο
1320 3736 1574 3802 fili,audl
1599 3751 1775 3792 meam
1801 3751 2013 3801 vocem,
2041 3745 2098 3791 et

514 3834 745 3895 surgens
785 3823 912 3896 fuge
952 3824 1009 3880 in
1051 3825 1493 3898 Mesopotamiam
1535 3827 1603 3883 ad
1647 3826 1832 3883 Laban
1874 3827 2095 3884 fratrem

513 3926 698 3969 meum
714 3912 770 3968 in
791 3912 1061 3981 Charran,
1079 3922 1136 3971 et
1158 3916 1346 3973 habita
1368 3932 1494 3972 cum
1517 3933 1584 3973 eo
1605 3917 1725 3972 dies
1746 3917 1974 3988 aliquot,
2001 3918 2099 3971 do-

512 4018 616 4058 nec
639 4011 921 4060 avertatur
957 4003 1112 4061 furor
1142 4013 1199 4060 et
1229 4005 1308 4061 ira
1334 4004 1521 4060 fratris
1551 4004 1631 4059 tui
1659 4021 1691 4061 a
1723 4013 1797 4070 te,
1826 4012 1882 4060 et
1903 4005 2099 4060 obliti.

511 4103 698 4149 scatur
732 4111 855 4165 quae
881 4094 1061 4152 fecisti
1094 4097 1146 4152 ei
1177 4114 1190 4149 ι
1219 4104 1276 4151 et
1300 4097 1525 4152 mittens
1556 4113 1830 4153 accersam
1856 4107 1909 4153 te
1933 4097 2059 4152 inde
2078 4138 2092 4162 ,

510 4202 579 4240 ne
604 4186 747 4242 forte
772 4187 939 4242 orber
975 4187 1195 4242 duobus
1218 4188 1376 4243 vobis
1402 4189 1457 4242 in
1485 4189 1574 4243 die
1598 4206 1706 4244 una
1739 4192 1805 4242 τ’.
1844 4209 1861 4241 ι
1889 4190 2095 4245 Deinde

510 4280 820 4343 opportuna
841 4273 1118 4330 discessus
1138 4273 1233 4330 ﬁlii
1256 4275 1543 4329 occasione
1565 4284 1741 4344 capta,
1763 4275 2009 4346 ingressa
2028 4278 2095 4331 ad

511 4365 682 4427 Isaac,
713 4362 852 4417 dixit
893 4381 906 4416 :
939 4383 957 4415 ι
988 4363 1206 4419 Infensa
1231 4380 1351 4419 sum
1377 4365 1504 4420 vita:
1542 4381 1678 4421 meae
1708 4375 1934 4436 propter
1957 4366 2097 4421 filias

2192 3272 2260 3349 ἧς
2290 3277 2580 3347 εὐλόγησεν
2620 3277 2783 3332 αὐτὸν
2816 3274 2844 3330 6
2893 3273 3077 3349 πατὴρ
3123 3274 3310 3333 αὐτοῦ.
3348 3269 3484 3327 Eine:
3508 3273 3562 3326 δὲ
3596 3270 3776 3324 Ἠσαῦ

2193 3366 2251 3419 ὲν
2277 3369 2342 3436 τῇ
2372 3365 2595 3436 διανοίᾳ·
2641 3365 3047 3434 Ἐγγισάτωσαν
3079 3368 3133 3419 αἱ
3160 3365 3363 3437 ἡμέραι
3398 3364 3493 3417 τοῦ
3543 3360 3776 3427 πένθους

2193 3456 2288 3511 τοῦ
2322 3456 2527 3527 πατρός
2557 3474 2677 3527 μου,
2710 3456 2797 3511 ἵνα
2833 3458 3140 3511 ἀποκτείνω
3185 3455 3380 3511 Ἰακὼὸ
3414 3456 3507 3508 τὸν
3541 3453 3775 3522 ἀδελφόν

2199 3567 2321 3620 μου.
2356 3549 2700 3620 Ἆπηγγέλθη
2733 3549 2788 3601 δὲ
2825 3550 2890 3620 τῇ
2935 3549 3202 3618 Ῥεϐέκκα
3233 3547 3301 3601 τὰ
3333 3549 3555 3618 ῥήματα
3597 3545 3776 3604 Ἡσαῇ

2195 3639 2289 3693 τοῦ
2336 3639 2451 3693 υἱοῦ
2504 3640 2676 3709 αὐτῆς
2736 3639 2831 3693 τοῦ
2890 3639 3284 3712 πρεσϐυτέρου.
3346 3638 3452 3691 Καὶ
3508 3636 3777 3707 πέμψασα

2196 3729 2456 3783 ἐκάλεσεν
2509 3728 2704 3784 Ἰακὼῦ
2746 3730 2838 3783 τὸν
2866 3729 2985 3783 υἱὸν
3015 3729 3184 3799 αὐτῆς
3225 3727 3316 3781 τὸν
3343 3725 3625 3796 νεώτερον,
3682 3726 3778 3778 καὶ

2196 3820 2346 3879 εἶπεν
2372 3823 2539 3893 αὐτῷ·
2588 3823 2717 3877 Ἰδοὺ
2759 3821 2939 3877 Ἦσαῦ
2976 3823 3004 3874 6
3030 3821 3255 3891 ἀδελφός
3304 3837 3397 3874 σου
3431 3817 3650 3873 ἀπειλεῖ
3694 3834 3776 3870 σοι

2196 3916 2287 3970 τοῦ
2321 3915 2639 3969 ἀποκτεῖναί
2688 3932 2764 3967 σε.
2815 3911 2931 3968 Νῦν
2979 3909 3093 3973 οὖν,
3149 3913 3359 3979 τέκνον,
3397 3909 3629 3964 ἄκουσόν
3673 3923 3777 3978 μου

2197 4008 2296 4079 τῆς
2337 4006 2547 4077 φωνῆς,
2574 4005 2669 4066 καὶ
2719 4004 2958 4069 ἀναστὰς
2992 3984 3257 4077 ἀπόδραθι
3287 4005 3367 4066 είς
3396 4003 3495 4074 τὴν
3521 4002 3776 4055 Μεσοπο-

2198 4099 2419 4172 ταμίαν,
2449 4099 2585 4169 πρὸς
2640 4096 2828 4152 Λάσαν
2858 4097 2949 4151 τὸν
2996 4096 3222 4165 ἀδελφόν
3264 4112 3365 4166 μου
3401 4096 3478 4158 είς
3520 4092 3776 4163 Χαρράν.

2198 4192 2307 4245 Καὶ
2335 4190 2556 4262 οἴκησον
2611 4190 2728 4260 μετ’
2766 4186 2932 4241 αὐτοῦ
2975 4187 3186 4259 ἡμέρας
3218 4185 3369 4248 τινάς
3397 4185 3502 4248 ἕως
3527 4182 3621 4235 τοῦ
3642 4183 3778 4235 dno-

2199 4283 2426 4351 στρέψαι
2470 4283 2561 4335 τὸν
2606 4281 2779 4351 θυμὸν
2808 4280 2901 4334 καὶ
2932 4279 3030 4351 τὴν
3055 4279 3223 4350 ὀργὴν
3261 4276 3355 4331 τοῦ
3389 4275 3617 4346 ἀδελφοῦ
3660 4292 3775 4339 σου,

2197 4374 2292 4428 καὶ
2324 4373 2648 4443 ἐπιλάθηται
2675 4373 2710 4426 ἃ
2739 4374 3044 4442 πεποίηκας
3078 4370 3246 4441 αὐτῷ,
3287 4371 3381 4424 καὶ
3408 4368 3777 4423 ἀποστείλασα

513 4455 751 4510 ﬁliorum
779 4454 942 4510 Heth.
970 4454 1027 4512 Si
1050 4456 1324 4526 acceperit
1344 4457 1513 4513 Iacob
1542 4474 1766 4514 uxorem
1787 4457 1856 4513 de
1880 4458 2094 4514 ﬁliabus

2202 4463 2629 4534 μεταπέμψομαί
2657 4481 2717 4516 σε
2740 4462 2967 4527 ἐκεῖθεν,
2995 4464 3203 4534 μήποτε
3226 4461 3515 4516 ἀτεκνωθῶ
3540 4460 3645 4515 ἀπὸ
3671 4459 3777 4513 τῶν

515 4559 676 4605 ιρι-τω
697 4547 882 4619 hujus,
910 4548 1041 4619 quid
1065 4549 1263 4604 attinet
1285 4550 1468 4606 vivere
1495 4551 1576 4604 7'?
1604 4571 1621 4603 ι
1648 4552 1728 4607 Ne
1747 4552 1894 4606 enim
1922 4552 2094 4607 invito

513 4648 667 4709 patre
700 4639 990 4695 discedens
1016 4640 1213 4696 beatus
1241 4641 1432 4707 Jacob,
1462 4643 1564 4713 ipsi
1599 4644 1780 4698 luctus
1812 4643 2020 4713 pariter
2046 4653 2102 4697 et

512 4732 611 4787 ira:
635 4746 800 4787 causa
829 4740 994 4796 esset,
1023 4732 1293 4788 industria
1332 4735 1532 4789 mulier
1560 4734 1855 4804 persuadet
1895 4734 2013 4789 seni
2040 4742 2101 4787 ut

510 4825 625 4881 tilio
655 4837 756 4880 suo
783 4822 1098 4879 facultatem
1134 4822 1228 4877 det
1263 4822 1522 4878 abeundi.
1562 4843 1579 4872 ι
1610 4822 1897 4878 Advocans
1927 4824 2099 4888 enim,

509 4919 711 4991 inquit,
741 4920 891 4976 Isaac
920 4918 1111 4983 Iacob,
1146 4917 1431 4974 benedixit
1469 4918 1542 4981 ei,
1585 4927 1642 4973 et
1687 4919 1950 4988 praecepit
1996 4919 2098 4989 ipsi

511 5010 703 5068 dicens
730 5029 744 5064 :
773 5012 893 5066 Non
918 5010 1158 5082 accipies
1176 5023 1406 5065 uxorem
1429 5008 1497 5063 de
1525 5008 1741 5063 filiabus
1761 5007 2100 5065 Cbananaeo-

511 5119 656 5159 rum.
681 5102 924 5171 Surgens
952 5103 1078 5173 fuge
1110 5105 1165 5161 in
1190 5100 1635 5173 llesopotamiam
1666 5101 1722 5155 in
1751 5100 1975 5156 domum
2002 5102 2102 5157 Ba-

513 5195 719 5251 tbuelis
744 5194 919 5266 patris
939 5195 1132 5248 matris
1155 5202 1283 5257 tuas,
1309 5201 1367 5249 et
1391 5193 1578 5263 accipe
1605 5193 1704 5248 tibi
1725 5193 1853 5249 inde
1873 5210 2099 5250 uxorem

512 5287 580 5342 de
607 5285 827 5341 ﬁliabus
848 5283 1036 5343 Laban
1070 5284 1329 5339 avunculi
1352 5284 1451 5339 tui.
1474 5284 1737 5339 Dominus
1755 5293 1937 5340 autem
1957 5286 2102 5341 Deus

512 5374 807 5430 benedieat
837 5373 959 5439 tibi,
995 5381 1051 5429 et
1077 5374 1407 5444 multiplicet
1441 5382 1514 5439 te,
1557 5383 1614 5429 et
1641 5374 1752 5429 eris
1776 5375 1832 5429 in
1871 5389 2101 5446 congre-

513 5467 761 5532 gatione:
780 5464 1048 5536 gentium,
1076 5474 1132 5520 et
1158 5466 1253 5523 det
1277 5467 1375 5522 tibi
1404 5467 1844 5523 benedictionem
1872 5468 2103 5523 Abrahae

514 5558 689 5631 patris
707 5558 807 5623 tui,
835 5555 936 5613 tibi
959 5564 1016 5612 et
1036 5558 1233 5614 semini
1259 5567 1355 5615 tuo
1390 5570 1515 5630 post
1561 5568 1634 5623 te,
1687 5561 1838 5630 111
1889 5561 1956 5615 ad
1989 5561 2099 5615 hae-

588 5673 632 5704 “
664 5674 804 5747 Ifsal.
840 5690 1026 5735 χχχιιι.
1052 5674 1105 5731 8.
1178 5677 1224 5709 ⁶⁷
1249 5678 1389 5734 Psal.
1422 5697 1506 5737 xc.
1549 5680 1733 5734 H-iﬁ.
1775 5664 1789 5679 ’
1814 5681 1857 5713 ⁸⁸
1882 5679 1982 5739 Isa.
2020 5698 2143 5747 ιλιι,
2178 5683 2197 5736 l

518 5741 606 5806 ιο,
683 5745 726 5776 ⁷³
760 5745 896 5805 Gen.
941 5760 1103 5813 xxvu,
1133 5747 1322 5805 ιιι-45.
1386 5754 1443 5788 ⁷³
1479 5750 1615 5805 Ibid.
1650 5750 1735 5805 46.

2199 4556 2290 4609 δύο
2315 4554 2468 4625 ὑμῶν
2517 4556 2573 4607 ὲν
2606 4555 2704 4625 μιᾷ
2745 4555 2946 4626 ἡμέρᾳ.
2982 4571 3000 4605 ι
3045 4550 3177 4607 Εἶτα
3205 4557 3301 4624 τῆς
3347 4553 3655 4624 ἀποδημίας
3685 4552 3777 4605 εύ-

2200 4648 2489 4715 πρόςωπον
2520 4647 2777 4718 ἀφορμὴν
2809 4645 3093 4716 ἐπορίζετο
3122 4646 3198 4714 τῷ
3230 4645 3350 4715 υἱῷ,
3381 4645 3471 4698 καὶ
3508 4645 3572 4715 δὴ
3603 4661 3776 4715 προσ-

2200 4738 2428 4792 ελθοῦσα
2453 4738 2532 4808 τῷ
2575 4737 2778 4797 Ἰσαὰκ,
2822 4735 2948 4806 ἔφη’
2984 4755 3002 4786 ι
3038 4734 3399 4805 Προσώχϐικα
3432 4737 3496 4806 τῇ
3530 4733 3641 4803 ζωῇ
3674 4750 3775 4802 μου

2199 4832 2285 4884 διὰ
2304 4831 2403 4894 τὰς
2433 4830 2740 4901 θυγατέρας
2766 4828 2873 4882 τῶν
2895 4827 3027 4880 υἱῶν
3050 4828 3178 4880 Χέτ.
3215 4828 3276 4878 Εἰ
3304 4825 3535 4897 λήψεται
3581 4821 3777 4876 Ἰακὼό

2200 4924 2433 4991 γυναῖκα
2463 4922 2573 4976 ἀπὸ
2592 4921 2702 4974 τῶν
2733 4921 3051 4991 θυγατέρων
3083 4920 3181 4988 τῆς
3216 4918 3320 4986 γῆς
3352 4916 3575 4986 ταύτης,
3613 4915 3699 4966 ἵνα
3728 4911 3777 4964 τί

2203 5031 2292 5083 μοι
2339 5014 2400 5066 τὸ
2450 5012 2581 5083 ζῇν;
2622 5032 2638 5063 ι
2688 5014 2806 5067 Ἵνα
2854 5011 2964 5083 γὰρ
3019 5010 3094 5082 μὴ
3128 5009 3447 5080 ἀνεθέλητον
3484 5006 3561 5076 τῷ
3608 5005 3777 5074 πατρὶ

2200 5107 2405 5160 ποιοῖτο
2452 5105 2552 5175 τὴν
2608 5104 2922 5175 ἀποδρομὴν
2965 5106 2993 5157 6
3027 5101 3293 5175 μακάριος
3339 5099 3556 5163 Ἰακὼϐ,
3600 5097 3778 5165 λύπης

2170 5214 2255 5255 ,τε
2291 5197 2383 5249 καὶ
2414 5198 2580 5268 ὀργῆς
2621 5196 2958 5268 ἁναδειχθείη
2993 5193 3267 5266 πρόξενος,
3294 5193 3560 5263 εὐτέχνως
3586 5190 3647 5243 τὸ
3680 5188 3778 5256 γύυ

2200 5307 2349 5343 ναιον
2397 5289 2680 5343 ἀναπείθει
2716 5288 2805 5341 τὸν
2850 5289 3182 5360 πρεσϐύτην,
3233 5287 3521 5358 ἐπιτρέψαι
3548 5284 3627 5354 τῷ
3679 5279 3779 5351 υίῷ

2198 5383 2297 5452 τὴν
2346 5382 2673 5452 ἀποδημίαν.
2740 5401 2756 5431 ι
2811 5381 3328 5453 Προσκαλεσάμενος
3399 5378 3527 5449 γὰρ.
3590 5373 3772 5445 φησῖνο

2212 5472 2397 5525 Ἰσαὰκ
2427 5471 2515 5525 τὸν
2568 5472 2783 5536 Ἰακὼϐ,
2813 5472 3103 5543 εὐλόγησεν
3139 5471 3323 5536 αὐτὸν,
3354 5470 3448 5524 καὶ
3477 5468 3777 5521 ἐνετείλατο

2202 5562 2564 5633 αύτῷλὲγωνο
2603 5583 2620 5615 ι
2661 5564 2733 5616 Οὐ
2775 5563 2919 5636 λήψῃ
2963 5565 3198 5633 γυναῖκα
3224 5565 3287 5615 ἐκ
3313 5564 3419 5615 τῶν
3463 5558 3777 5630 θυγατέρων

2302 5684 2344 5711 ε’
2375 5682 2532 5746 Rom.
2560 5696 2636 5748 ιιι,
2664 5681 2752 5743 2i.
2831 5683 2875 5715 ⁷ο
2899 5681 3053 5739 Joan.
3085 5697 3196 5747 \‘lll,
3230 5680 3312 5735 l2.
3392 5679 3434 5710 7‘
3497 5675 3688 5735 Mallh-
3723 5686 3771 5732 ν»
