  <div class='ocr_page' id='page_1' title='image "/cluster/home/n/w/nwhite01/storage/ocr_20150623/69/mdp.39015078384446/098.png"; bbox 0 0 4074 6260; ppageno 0'>
   <div class='ocr_carea' id='block_1_1' title="bbox 289 364 380 422">
    <p class='ocr_par' dir='ltr' id='par_1_1' title="bbox 289 364 380 422">
     <span class='ocr_line' id='line_1_1' title="bbox 289 364 380 422; baseline 0.022 -2"><span class='ocrx_word' id='word_1_1' title='bbox 289 364 380 422; x_wconf 77' lang='lat' dir='ltr'><strong>I8I</strong></span> 
     </span>
    </p>
   </div>
   <div class='ocr_carea' id='block_1_2' title="bbox 1314 358 2584 421">
    <p class='ocr_par' dir='ltr' id='par_1_2' title="bbox 1314 358 2584 421">
     <span class='ocr_line' id='line_1_2' title="bbox 1314 358 2584 421; baseline -0.006 0"><span class='ocrx_word' id='word_1_2' title='bbox 1314 360 1840 421; x_wconf 55' lang='lat' dir='ltr'><strong>GLAI‘HYRORUII</strong></span> <span class='ocrx_word' id='word_1_3' title='bbox 1878 360 1947 417; x_wconf 79' lang='lat' dir='ltr'><strong>IN</strong></span> <span class='ocrx_word' id='word_1_4' title='bbox 1985 358 2290 416; x_wconf 70' lang='lat' dir='ltr'><strong>CENESIH</strong></span> <span class='ocrx_word' id='word_1_5' title='bbox 2326 360 2457 417; x_wconf 79' lang='lat' dir='ltr'><strong>LIB.</strong></span> <span class='ocrx_word' id='word_1_6' title='bbox 2498 360 2584 417; x_wconf 76' lang='lat' dir='ltr'><strong>IV.</strong></span> 
     </span>
    </p>
   </div>
   <div class='ocr_carea' id='block_1_3' title="bbox 3461 360 3564 417">
    <p class='ocr_par' dir='ltr' id='par_1_3' title="bbox 3461 360 3564 417">
     <span class='ocr_line' id='line_1_3' title="bbox 3461 360 3564 417; baseline -0.01 0"><span class='ocrx_word' id='word_1_7' title='bbox 3461 360 3564 417; x_wconf 63' lang='lat' dir='ltr'><strong>I83</strong></span> 
     </span>
    </p>
   </div>
   <div class='ocr_carea' id='block_1_4' title="bbox 286 468 1877 553">
    <p class='ocr_par' dir='ltr' id='par_1_4' title="bbox 286 474 1869 547">
     <span class='ocr_line' id='line_1_4' title="bbox 286 474 1869 547; baseline -0.003 -14"><span class='ocrx_word' id='word_1_8' title='bbox 286 476 526 539; x_wconf 62' lang='grc' dir='ltr'><strong>Χαναάνν.</strong></span> <span class='ocrx_word' id='word_1_9' title='bbox 575 476 847 541; x_wconf 76' lang='grc' dir='ltr'><strong>Ἀναστὰς</strong></span> <span class='ocrx_word' id='word_1_10' title='bbox 864 474 1123 547; x_wconf 76' lang='grc' dir='ltr'><strong>ἀπόδραθι</strong></span> <span class='ocrx_word' id='word_1_11' title='bbox 1154 474 1232 539; x_wconf 84' lang='grc' dir='ltr'><strong>εἰς</strong></span> <span class='ocrx_word' id='word_1_12' title='bbox 1271 474 1371 546; x_wconf 76' lang='grc' dir='ltr'><strong>τὴν</strong></span> <span class='ocrx_word' id='word_1_13' title='bbox 1419 474 1869 546; x_wconf 75' lang='grc' dir='ltr'><strong>Μεσοποταμίαν,</strong></span> 
     </span>
    </p>
   </div>
   <div class='ocr_carea' id='block_1_5' title="bbox 1978 468 3564 553">
    <p class='ocr_par' dir='ltr' id='par_1_5' title="bbox 1978 468 3564 544">
     <span class='ocr_line' id='line_1_5' title="bbox 1978 468 3564 544; baseline -0.001 -17"><span class='ocrx_word' id='word_1_14' title='bbox 1978 473 2331 533; x_wconf 84' lang='lat' dir='ltr'><strong>reditandum</strong></span> <span class='ocrx_word' id='word_1_15' title='bbox 2371 486 2574 531; x_wconf 83' lang='lat' dir='ltr'><strong>terram</strong></span> <span class='ocrx_word' id='word_1_16' title='bbox 2615 472 2885 529; x_wconf 82' lang='lat' dir='ltr'><strong>ineolatus</strong></span> <span class='ocrx_word' id='word_1_17' title='bbox 2914 472 3014 540; x_wconf 85' lang='lat' dir='ltr'><strong>tui,</strong></span> <span class='ocrx_word' id='word_1_18' title='bbox 3045 487 3207 544; x_wconf 80' lang='lat' dir='ltr'><strong>quam</strong></span> <span class='ocrx_word' id='word_1_19' title='bbox 3242 468 3393 528; x_wconf 83' lang='lat' dir='ltr'><strong>dedit</strong></span> <span class='ocrx_word' id='word_1_20' title='bbox 3419 471 3564 527; x_wconf 69' lang='grc' dir='ltr'><strong>υνυς</strong></span> 
     </span>
    </p>
   </div>
   <div class='ocr_carea' id='block_1_6' title="bbox 290 560 1871 640">
    <p class='ocr_par' dir='ltr' id='par_1_6' title="bbox 290 560 1871 640">
     <span class='ocr_line' id='line_1_6' title="bbox 290 560 1871 640; baseline -0.006 -11"><span class='ocrx_word' id='word_1_21' title='bbox 290 577 366 632; x_wconf 79' lang='grc' dir='ltr'><strong>εἰς</strong></span> <span class='ocrx_word' id='word_1_22' title='bbox 401 566 495 627; x_wconf 69' lang='grc' dir='ltr'><strong>τὸν</strong></span> <span class='ocrx_word' id='word_1_23' title='bbox 525 560 678 625; x_wconf 76' lang='grc' dir='ltr'><strong>οἷκον</strong></span> <span class='ocrx_word' id='word_1_24' title='bbox 713 567 959 638; x_wconf 71' lang='grc' dir='ltr'><strong>Βαθουὴλ</strong></span> <span class='ocrx_word' id='word_1_25' title='bbox 986 566 1078 621; x_wconf 79' lang='grc' dir='ltr'><strong>τοῦ</strong></span> <span class='ocrx_word' id='word_1_26' title='bbox 1123 566 1329 639; x_wconf 79' lang='grc' dir='ltr'><strong>πατρὸς</strong></span> <span class='ocrx_word' id='word_1_27' title='bbox 1354 567 1457 638; x_wconf 82' lang='grc' dir='ltr'><strong>τῆς</strong></span> <span class='ocrx_word' id='word_1_28' title='bbox 1508 568 1717 640; x_wconf 87' lang='grc' dir='ltr'><strong>μητρός</strong></span> <span class='ocrx_word' id='word_1_29' title='bbox 1753 585 1871 632; x_wconf 84' lang='grc' dir='ltr'><strong>σου,</strong></span> 
     </span>
    </p>
   </div>
   <div class='ocr_carea' id='block_1_7' title="bbox 1981 565 2360 623">
    <p class='ocr_par' dir='ltr' id='par_1_7' title="bbox 1981 565 2360 623">
     <span class='ocr_line' id='line_1_7' title="bbox 1981 565 2360 623; baseline -0.008 0"><span class='ocrx_word' id='word_1_30' title='bbox 1981 565 2217 623; x_wconf 64' lang='lat' dir='ltr'><strong>Abrahae</strong></span> <span class='ocrx_word' id='word_1_31' title='bbox 2239 568 2306 621; x_wconf 76' lang='grc'><strong>⁷⁸.</strong></span> <span class='ocrx_word' id='word_1_32' title='bbox 2341 586 2360 620; x_wconf 82' lang='grc' dir='ltr'><strong>ι</strong></span> 
     </span>
    </p>
   </div>
   <div class='ocr_carea' id='block_1_8' title="bbox 292 658 3560 737">
    <p class='ocr_par' dir='ltr' id='par_1_8' title="bbox 292 658 3560 737">
     <span class='ocr_line' id='line_1_8' title="bbox 292 658 3560 737; baseline -0.002 -19"><span class='ocrx_word' id='word_1_33' title='bbox 292 663 386 718; x_wconf 74' lang='grc' dir='ltr'><strong>καὶ</strong></span> <span class='ocrx_word' id='word_1_34' title='bbox 403 661 539 719; x_wconf 80' lang='grc' dir='ltr'><strong>λάϐε</strong></span> <span class='ocrx_word' id='word_1_35' title='bbox 574 660 786 733; x_wconf 81' lang='grc' dir='ltr'><strong>σεαυτῷ</strong></span> <span class='ocrx_word' id='word_1_36' title='bbox 823 664 1052 731; x_wconf 83' lang='grc' dir='ltr'><strong>γυναῖκα</strong></span> <span class='ocrx_word' id='word_1_37' title='bbox 1079 660 1289 723; x_wconf 73' lang='grc' dir='ltr'><strong>ικεῖθεν</strong></span> <span class='ocrx_word' id='word_1_38' title='bbox 1323 663 1389 717; x_wconf 81' lang='grc' dir='ltr'><strong>ἐκ</strong></span> <span class='ocrx_word' id='word_1_39' title='bbox 1416 663 1526 717; x_wconf 84' lang='grc' dir='ltr'><strong>τῶν</strong></span> <span class='ocrx_word' id='word_1_40' title='bbox 1548 662 1866 733; x_wconf 83' lang='grc' dir='ltr'><strong>Θυγατέρων</strong></span> <span class='ocrx_word' id='word_1_41' title='bbox 1904 661 2091 716; x_wconf 83' lang='grc' dir='ltr'><strong>Λάϐαν</strong></span> <span class='ocrx_word' id='word_1_42' title='bbox 2118 661 2215 717; x_wconf 83' lang='grc' dir='ltr'><strong>τοῦ</strong></span> <span class='ocrx_word' id='word_1_43' title='bbox 2247 662 2478 731; x_wconf 75' lang='grc' dir='ltr'><strong>ἀδελφοῦ</strong></span> <span class='ocrx_word' id='word_1_44' title='bbox 2511 666 2611 735; x_wconf 76' lang='grc' dir='ltr'><strong>τῆς</strong></span> <span class='ocrx_word' id='word_1_45' title='bbox 2678 663 2883 737; x_wconf 83' lang='grc' dir='ltr'><strong>μητρός</strong></span> <span class='ocrx_word' id='word_1_46' title='bbox 2949 679 3066 716; x_wconf 84' lang='grc' dir='ltr'><strong>σου.</strong></span> <span class='ocrx_word' id='word_1_47' title='bbox 3109 662 3169 715; x_wconf 87' lang='lat'><strong>&#39;0</strong></span> <span class='ocrx_word' id='word_1_48' title='bbox 3199 660 3255 715; x_wconf 63' lang='grc' dir='ltr'><strong>δὲ</strong></span> <span class='ocrx_word' id='word_1_49' title='bbox 3283 658 3416 724; x_wconf 83' lang='grc' dir='ltr'><strong>Θεός</strong></span> <span class='ocrx_word' id='word_1_50' title='bbox 3459 674 3560 727; x_wconf 86' lang='grc' dir='ltr'><strong>μου</strong></span> 
     </span>
    </p>
   </div>
   <div class='ocr_carea' id='block_1_9' title="bbox 293 755 3563 830">
    <p class='ocr_par' dir='ltr' id='par_1_9' title="bbox 293 755 3563 830">
     <span class='ocr_line' id='line_1_9' title="bbox 293 755 3563 830; baseline 0 -22"><span class='ocrx_word' id='word_1_51' title='bbox 293 756 590 826; x_wconf 73' lang='grc' dir='ltr'><strong>εὐλογήσω</strong></span> <span class='ocrx_word' id='word_1_52' title='bbox 632 773 691 810; x_wconf 88' lang='grc' dir='ltr'><strong>σε</strong></span> <span class='ocrx_word' id='word_1_53' title='bbox 738 757 829 811; x_wconf 84' lang='grc' dir='ltr'><strong>καὶ</strong></span> <span class='ocrx_word' id='word_1_54' title='bbox 854 756 1086 828; x_wconf 70' lang='grc' dir='ltr'><strong>αὐξῆσαι</strong></span> <span class='ocrx_word' id='word_1_55' title='bbox 1130 773 1188 810; x_wconf 84' lang='grc' dir='ltr'><strong>σε</strong></span> <span class='ocrx_word' id='word_1_56' title='bbox 1221 758 1316 812; x_wconf 77' lang='grc' dir='ltr'><strong>καὶ</strong></span> <span class='ocrx_word' id='word_1_57' title='bbox 1364 757 1631 828; x_wconf 82' lang='grc' dir='ltr'><strong>πληθύναι</strong></span> <span class='ocrx_word' id='word_1_58' title='bbox 1662 775 1743 821; x_wconf 82' lang='grc' dir='ltr'><strong>σε,</strong></span> <span class='ocrx_word' id='word_1_59' title='bbox 1776 758 1871 812; x_wconf 76' lang='grc' dir='ltr'><strong>καὶ</strong></span> <span class='ocrx_word' id='word_1_60' title='bbox 1908 758 2005 830; x_wconf 70' lang='grc' dir='ltr'><strong>ἔσῃ</strong></span> <span class='ocrx_word' id='word_1_61' title='bbox 2072 760 2153 823; x_wconf 74' lang='grc' dir='ltr'><strong>εἰς</strong></span> <span class='ocrx_word' id='word_1_62' title='bbox 2191 758 2516 828; x_wconf 75' lang='grc' dir='ltr'><strong>συναγωγὰς</strong></span> <span class='ocrx_word' id='word_1_63' title='bbox 2578 758 2773 824; x_wconf 71' lang='grc' dir='ltr'><strong>ὶθνῶν,</strong></span> <span class='ocrx_word' id='word_1_64' title='bbox 2813 757 2908 813; x_wconf 76' lang='grc' dir='ltr'><strong>καὶ</strong></span> <span class='ocrx_word' id='word_1_65' title='bbox 2934 757 3047 830; x_wconf 76' lang='grc' dir='ltr'><strong>δῴη</strong></span> <span class='ocrx_word' id='word_1_66' title='bbox 3082 774 3166 811; x_wconf 82' lang='grc' dir='ltr'><strong>σοι</strong></span> <span class='ocrx_word' id='word_1_67' title='bbox 3190 755 3288 828; x_wconf 80' lang='grc' dir='ltr'><strong>τὴν</strong></span> <span class='ocrx_word' id='word_1_68' title='bbox 3313 755 3563 824; x_wconf 77' lang='grc' dir='ltr'><strong>εὐλογίαν</strong></span> 
     </span>
    </p>
   </div>
   <div class='ocr_carea' id='block_1_10' title="bbox 309 849 3561 929">
    <p class='ocr_par' dir='ltr' id='par_1_10' title="bbox 309 849 3561 929">
     <span class='ocr_line' id='line_1_10' title="bbox 309 849 3561 929; baseline 0 -23"><span class='ocrx_word' id='word_1_69' title='bbox 309 852 562 926; x_wconf 76' lang='grc' dir='ltr'><strong>’Δϐραὰμ</strong></span> <span class='ocrx_word' id='word_1_70' title='bbox 605 851 697 907; x_wconf 79' lang='grc' dir='ltr'><strong>τοῦ</strong></span> <span class='ocrx_word' id='word_1_71' title='bbox 734 854 939 924; x_wconf 84' lang='grc' dir='ltr'><strong>πατρός</strong></span> <span class='ocrx_word' id='word_1_72' title='bbox 968 871 1085 920; x_wconf 89' lang='grc' dir='ltr'><strong>σου,</strong></span> <span class='ocrx_word' id='word_1_73' title='bbox 1130 856 1214 909; x_wconf 74' lang='grc' dir='ltr'><strong>σοὶ</strong></span> <span class='ocrx_word' id='word_1_74' title='bbox 1242 856 1336 909; x_wconf 80' lang='grc' dir='ltr'><strong>καὶ</strong></span> <span class='ocrx_word' id='word_1_75' title='bbox 1365 854 1445 927; x_wconf 84' lang='grc' dir='ltr'><strong>τῷ</strong></span> <span class='ocrx_word' id='word_1_76' title='bbox 1474 856 1749 929; x_wconf 82' lang='grc' dir='ltr'><strong>σπέρματί</strong></span> <span class='ocrx_word' id='word_1_77' title='bbox 1814 872 1909 909; x_wconf 82' lang='grc' dir='ltr'><strong>σου</strong></span> <span class='ocrx_word' id='word_1_78' title='bbox 1949 855 2088 927; x_wconf 78' lang='grc' dir='ltr'><strong>μετὰ</strong></span> <span class='ocrx_word' id='word_1_79' title='bbox 2135 855 2216 921; x_wconf 67' lang='lat' dir='ltr'><strong>at,</strong></span> <span class='ocrx_word' id='word_1_80' title='bbox 2265 854 2677 928; x_wconf 77' lang='grc' dir='ltr'><strong>κληρονομῆσαι</strong></span> <span class='ocrx_word' id='word_1_81' title='bbox 2725 855 2825 927; x_wconf 81' lang='grc' dir='ltr'><strong>τὴν</strong></span> <span class='ocrx_word' id='word_1_82' title='bbox 2869 858 2974 927; x_wconf 78' lang='grc' dir='ltr'><strong>γῆν</strong></span> <span class='ocrx_word' id='word_1_83' title='bbox 3035 856 3135 926; x_wconf 73' lang='grc' dir='ltr'><strong>τῆς</strong></span> <span class='ocrx_word' id='word_1_84' title='bbox 3181 849 3561 924; x_wconf 75' lang='grc' dir='ltr'><strong>παροικήσεώς</strong></span> 
     </span>
    </p>
   </div>
   <div class='ocr_carea' id='block_1_11' title="bbox 300 948 1408 1023">
    <p class='ocr_par' dir='ltr' id='par_1_11' title="bbox 300 948 1408 1023">
     <span class='ocr_line' id='line_1_11' title="bbox 300 948 1408 1023; baseline 0.006 -22"><span class='ocrx_word' id='word_1_85' title='bbox 300 964 416 1014; x_wconf 88' lang='grc' dir='ltr'><strong>σου,</strong></span> <span class='ocrx_word' id='word_1_86' title='bbox 446 948 511 1020; x_wconf 73' lang='grc' dir='ltr'><strong>ἠν</strong></span> <span class='ocrx_word' id='word_1_87' title='bbox 537 948 733 1003; x_wconf 69' lang='grc' dir='ltr'><strong>ἔδωκεν</strong></span> <span class='ocrx_word' id='word_1_88' title='bbox 754 951 788 1003; x_wconf 82' lang='grc' dir='ltr'><strong><em>ὁ</em></strong></span> <span class='ocrx_word' id='word_1_89' title='bbox 810 948 944 1015; x_wconf 75' lang='grc' dir='ltr'><strong>Θεὸς</strong></span> <span class='ocrx_word' id='word_1_90' title='bbox 966 949 1043 1022; x_wconf 80' lang='grc' dir='ltr'><strong>τῷ</strong></span> <span class='ocrx_word' id='word_1_91' title='bbox 1086 950 1356 1023; x_wconf 68' lang='grc' dir='ltr'><strong>Ἁϐραάμ.</strong></span> <span class='ocrx_word' id='word_1_92' title='bbox 1386 970 1408 1007; x_wconf 70' lang='grc' dir='ltr'><strong>ι</strong></span> 
     </span>
    </p>
   </div>
   <div class='ocr_carea' id='block_1_12' title="bbox 365 1036 1877 1114">
    <p class='ocr_par' dir='ltr' id='par_1_12' title="bbox 365 1036 1877 1114">
     <span class='ocr_line' id='line_1_12' title="bbox 365 1036 1877 1114; baseline 0.001 -22"><span class='ocrx_word' id='word_1_93' title='bbox 365 1039 430 1109; x_wconf 74' lang='grc' dir='ltr'><strong>β’.</strong></span> <span class='ocrx_word' id='word_1_94' title='bbox 467 1040 627 1104; x_wconf 80' lang='grc' dir='ltr'><strong>Ὅσον</strong></span> <span class='ocrx_word' id='word_1_95' title='bbox 659 1042 760 1111; x_wconf 81' lang='grc' dir='ltr'><strong>μὲν</strong></span> <span class='ocrx_word' id='word_1_96' title='bbox 787 1036 884 1096; x_wconf 83' lang='grc' dir='ltr'><strong>οὗν</strong></span> <span class='ocrx_word' id='word_1_97' title='bbox 912 1042 994 1105; x_wconf 80' lang='grc' dir='ltr'><strong>είς</strong></span> <span class='ocrx_word' id='word_1_98' title='bbox 1025 1057 1091 1111; x_wconf 89' lang='grc' dir='ltr'><strong>γε</strong></span> <span class='ocrx_word' id='word_1_99' title='bbox 1119 1041 1179 1096; x_wconf 74' lang='grc' dir='ltr'><strong>τὸ</strong></span> <span class='ocrx_word' id='word_1_100' title='bbox 1215 1043 1454 1114; x_wconf 79' lang='grc' dir='ltr'><strong>γράμμα</strong></span> <span class='ocrx_word' id='word_1_101' title='bbox 1482 1041 1576 1096; x_wconf 74' lang='grc' dir='ltr'><strong>καὶ</strong></span> <span class='ocrx_word' id='word_1_102' title='bbox 1594 1040 1664 1099; x_wconf 76' lang='grc' dir='ltr'><strong>τὰ</strong></span> <span class='ocrx_word' id='word_1_103' title='bbox 1684 1043 1751 1096; x_wconf 82' lang='grc' dir='ltr'><strong>ὲκ</strong></span> <span class='ocrx_word' id='word_1_104' title='bbox 1777 1043 1877 1113; x_wconf 83' lang='grc' dir='ltr'><strong>τῆς</strong></span> 
     </span>
    </p>
   </div>
   <div class='ocr_carea' id='block_1_13' title="bbox 297 1130 1877 1206">
    <p class='ocr_par' dir='ltr' id='par_1_13' title="bbox 297 1130 1877 1206">
     <span class='ocr_line' id='line_1_13' title="bbox 297 1130 1877 1206; baseline 0.016 -22"><span class='ocrx_word' id='word_1_105' title='bbox 297 1130 531 1203; x_wconf 71' lang='grc' dir='ltr'><strong>ἱστορίας</strong></span> <span class='ocrx_word' id='word_1_106' title='bbox 578 1132 1013 1206; x_wconf 81' lang='grc' dir='ltr'><strong>ὑποδηλούμενα,</strong></span> <span class='ocrx_word' id='word_1_107' title='bbox 1048 1133 1253 1206; x_wconf 79' lang='grc' dir='ltr'><strong>πρέποι</strong></span> <span class='ocrx_word' id='word_1_108' title='bbox 1302 1134 1369 1195; x_wconf 77' lang='grc' dir='ltr'><strong>ἂν</strong></span> <span class='ocrx_word' id='word_1_109' title='bbox 1423 1135 1524 1190; x_wconf 86' lang='grc' dir='ltr'><strong>οὐκ</strong></span> <span class='ocrx_word' id='word_1_110' title='bbox 1576 1135 1637 1189; x_wconf 68' lang='grc' dir='ltr'><strong>ἐν</strong></span> <span class='ocrx_word' id='word_1_111' title='bbox 1692 1133 1877 1206; x_wconf 70' lang='grc' dir='ltr'><strong>μικρῷ</strong></span> 
     </span>
    </p>
   </div>
   <div class='ocr_carea' id='block_1_14' title="bbox 293 1223 1877 1298">
    <p class='ocr_par' dir='ltr' id='par_1_14' title="bbox 293 1223 1877 1298">
     <span class='ocr_line' id='line_1_14' title="bbox 293 1223 1877 1298; baseline -0.001 -19"><span class='ocrx_word' id='word_1_112' title='bbox 293 1223 556 1283; x_wconf 72' lang='grc' dir='ltr'><strong>ποιεῖσθαι</strong></span> <span class='ocrx_word' id='word_1_113' title='bbox 585 1223 828 1296; x_wconf 78' lang='grc' dir='ltr'><strong>θαύματι</strong></span> <span class='ocrx_word' id='word_1_114' title='bbox 870 1227 971 1296; x_wconf 80' lang='grc' dir='ltr'><strong>τήν</strong></span> <span class='ocrx_word' id='word_1_115' title='bbox 996 1243 1056 1283; x_wconf 83' lang='grc' dir='ltr'><strong>τε</strong></span> <span class='ocrx_word' id='word_1_116' title='bbox 1100 1225 1398 1285; x_wconf 84' lang='grc' dir='ltr'><strong>Ῥεϐέκκαν</strong></span> <span class='ocrx_word' id='word_1_117' title='bbox 1436 1225 1629 1298; x_wconf 75' lang='grc' dir='ltr'><strong>αὐτὴν,</strong></span> <span class='ocrx_word' id='word_1_118' title='bbox 1658 1227 1754 1280; x_wconf 74' lang='grc' dir='ltr'><strong>καὶ</strong></span> <span class='ocrx_word' id='word_1_119' title='bbox 1786 1225 1877 1279; x_wconf 82' lang='grc' dir='ltr'><strong>τὸν</strong></span> 
     </span>
    </p>
   </div>
   <div class='ocr_carea' id='block_1_15' title="bbox 290 1314 1879 1389">
    <p class='ocr_par' dir='ltr' id='par_1_15' title="bbox 290 1314 1879 1389">
     <span class='ocr_line' id='line_1_15' title="bbox 290 1314 1879 1389; baseline 0.003 -22"><span class='ocrx_word' id='word_1_120' title='bbox 290 1314 558 1385; x_wconf 69' lang='grc' dir='ltr'><strong>μακάριον</strong></span> <span class='ocrx_word' id='word_1_121' title='bbox 604 1314 822 1373; x_wconf 75' lang='grc' dir='ltr'><strong>Ἰακώϐ.</strong></span> <span class='ocrx_word' id='word_1_122' title='bbox 863 1314 929 1371; x_wconf 85' lang='grc' dir='ltr'><strong>Ἦ</strong></span> <span class='ocrx_word' id='word_1_123' title='bbox 979 1315 1079 1388; x_wconf 79' lang='grc' dir='ltr'><strong>μὲν</strong></span> <span class='ocrx_word' id='word_1_124' title='bbox 1128 1316 1237 1388; x_wconf 82' lang='grc' dir='ltr'><strong>γὰρ</strong></span> <span class='ocrx_word' id='word_1_125' title='bbox 1261 1317 1339 1382; x_wconf 80' lang='grc' dir='ltr'><strong>ὡς</strong></span> <span class='ocrx_word' id='word_1_126' title='bbox 1362 1316 1651 1389; x_wconf 83' lang='grc' dir='ltr'><strong>προύχοντι</strong></span> <span class='ocrx_word' id='word_1_127' title='bbox 1682 1314 1763 1386; x_wconf 86' lang='grc' dir='ltr'>τῷ</span> <span class='ocrx_word' id='word_1_128' title='bbox 1783 1316 1879 1371; x_wconf 83' lang='grc' dir='ltr'><strong>ἁν-</strong></span> 
     </span>
    </p>
   </div>
   <div class='ocr_carea' id='block_1_16' title="bbox 284 1405 1878 1481">
    <p class='ocr_par' dir='ltr' id='par_1_16' title="bbox 284 1405 1878 1481">
     <span class='ocr_line' id='line_1_16' title="bbox 284 1405 1878 1481; baseline 0.002 -23"><span class='ocrx_word' id='word_1_129' title='bbox 284 1405 371 1476; x_wconf 74' lang='grc' dir='ltr'><strong>δρὶ</strong></span> <span class='ocrx_word' id='word_1_130' title='bbox 391 1408 764 1478; x_wconf 70' lang='grc' dir='ltr'><strong>προσεκόμιζε</strong></span> <span class='ocrx_word' id='word_1_131' title='bbox 794 1408 971 1480; x_wconf 78' lang='grc' dir='ltr'><strong>λιτὴν,</strong></span> <span class='ocrx_word' id='word_1_132' title='bbox 995 1407 1095 1481; x_wconf 74' lang='grc' dir='ltr'><strong>τὴν</strong></span> <span class='ocrx_word' id='word_1_133' title='bbox 1122 1409 1214 1462; x_wconf 65' lang='lat' dir='ltr'><strong>in!</strong></span> <span class='ocrx_word' id='word_1_134' title='bbox 1247 1426 1308 1478; x_wconf 81' lang='grc' dir='ltr'><strong>γε</strong></span> <span class='ocrx_word' id='word_1_135' title='bbox 1331 1408 1410 1481; x_wconf 79' lang='grc' dir='ltr'><strong>τῷ</strong></span> <span class='ocrx_word' id='word_1_136' title='bbox 1449 1409 1570 1481; x_wconf 72' lang='grc' dir='ltr'><strong>υἱῷ,</strong></span> <span class='ocrx_word' id='word_1_137' title='bbox 1605 1409 1770 1481; x_wconf 84' lang='grc' dir='ltr'><strong>φημί.</strong></span> <span class='ocrx_word' id='word_1_138' title='bbox 1816 1409 1878 1461; x_wconf 86' lang='grc'><strong>’0</strong></span> 
     </span>
    </p>
   </div>
   <div class='ocr_carea' id='block_1_17' title="bbox 283 1492 1875 1569">
    <p class='ocr_par' dir='ltr' id='par_1_17' title="bbox 283 1492 1875 1569">
     <span class='ocr_line' id='line_1_17' title="bbox 283 1492 1875 1569; baseline -0.002 -18"><span class='ocrx_word' id='word_1_139' title='bbox 283 1493 342 1551; x_wconf 63' lang='grc' dir='ltr'><strong>ἃ</strong></span> <span class='ocrx_word' id='word_1_140' title='bbox 369 1495 463 1551; x_wconf 76' lang='grc' dir='ltr'><strong>τὸν</strong></span> <span class='ocrx_word' id='word_1_141' title='bbox 492 1496 593 1568; x_wconf 78' lang='grc' dir='ltr'><strong>τῆς</strong></span> <span class='ocrx_word' id='word_1_142' title='bbox 623 1496 843 1567; x_wconf 78' lang='grc' dir='ltr'><strong>φύσεως</strong></span> <span class='ocrx_word' id='word_1_143' title='bbox 882 1496 1048 1567; x_wconf 82' lang='grc' dir='ltr'><strong>νόμον</strong></span> <span class='ocrx_word' id='word_1_144' title='bbox 1098 1497 1336 1550; x_wconf 75' lang='grc' dir='ltr'><strong>ὲποιεῖτο</strong></span> <span class='ocrx_word' id='word_1_145' title='bbox 1383 1497 1723 1569; x_wconf 85' lang='grc' dir='ltr'><strong>παραχρῆμα</strong></span> <span class='ocrx_word' id='word_1_146' title='bbox 1776 1492 1875 1549; x_wconf 79' lang='grc' dir='ltr'><strong>τοῦ</strong></span> 
     </span>
    </p>
   </div>
   <div class='ocr_carea' id='block_1_18' title="bbox 287 1585 1877 1660">
    <p class='ocr_par' dir='ltr' id='par_1_18' title="bbox 287 1585 1877 1660">
     <span class='ocr_line' id='line_1_18' title="bbox 287 1585 1877 1660; baseline -0.001 -19"><span class='ocrx_word' id='word_1_147' title='bbox 287 1586 597 1659; x_wconf 74' lang='grc' dir='ltr'><strong>πρέποντος</strong></span> <span class='ocrx_word' id='word_1_148' title='bbox 646 1586 981 1660; x_wconf 76' lang='grc' dir='ltr'><strong>βραϐευτὴν,</strong></span> <span class='ocrx_word' id='word_1_149' title='bbox 1024 1589 1123 1642; x_wconf 79' lang='grc' dir='ltr'><strong>καὶ</strong></span> <span class='ocrx_word' id='word_1_150' title='bbox 1151 1588 1244 1643; x_wconf 74' lang='grc' dir='ltr'><strong>τὸν</strong></span> <span class='ocrx_word' id='word_1_151' title='bbox 1269 1586 1589 1659; x_wconf 78' lang='grc' dir='ltr'><strong>ἀνεθέλητον</strong></span> <span class='ocrx_word' id='word_1_152' title='bbox 1613 1589 1679 1659; x_wconf 81' lang='grc' dir='ltr'><strong>τῇ</strong></span> <span class='ocrx_word' id='word_1_153' title='bbox 1707 1585 1877 1658; x_wconf 67' lang='grc' dir='ltr'><strong>μητρὶ⁸</strong></span> 
     </span>
    </p>
   </div>
   <div class='ocr_carea' id='block_1_19' title="bbox 286 1679 1876 1753">
    <p class='ocr_par' dir='ltr' id='par_1_19' title="bbox 286 1679 1876 1753">
     <span class='ocr_line' id='line_1_19' title="bbox 286 1679 1876 1753; baseline -0.002 -19"><span class='ocrx_word' id='word_1_154' title='bbox 286 1679 469 1749; x_wconf 80' lang='grc' dir='ltr'><strong>γάμον</strong></span> <span class='ocrx_word' id='word_1_155' title='bbox 504 1679 893 1752; x_wconf 78' lang='grc' dir='ltr'><strong>παραιτεῖσθαι</strong></span> <span class='ocrx_word' id='word_1_156' title='bbox 929 1680 1266 1752; x_wconf 76' lang='grc' dir='ltr'><strong>προστέταχε</strong></span> <span class='ocrx_word' id='word_1_157' title='bbox 1295 1680 1373 1752; x_wconf 77' lang='grc' dir='ltr'><strong>τῷ</strong></span> <span class='ocrx_word' id='word_1_158' title='bbox 1396 1679 1523 1753; x_wconf 76' lang='grc' dir='ltr'><strong>υἱῷ,</strong></span> <span class='ocrx_word' id='word_1_159' title='bbox 1559 1680 1876 1734; x_wconf 77' lang='grc' dir='ltr'><strong>κολακεύων</strong></span> 
     </span>
    </p>
   </div>
   <div class='ocr_carea' id='block_1_20' title="bbox 287 1769 1876 1842">
    <p class='ocr_par' dir='ltr' id='par_1_20' title="bbox 287 1769 1876 1842">
     <span class='ocr_line' id='line_1_20' title="bbox 287 1769 1876 1842; baseline -0.001 -17"><span class='ocrx_word' id='word_1_160' title='bbox 287 1769 495 1841; x_wconf 81' lang='grc' dir='ltr'><strong>τρόπον</strong></span> <span class='ocrx_word' id='word_1_161' title='bbox 531 1770 653 1824; x_wconf 79' lang='grc' dir='ltr'><strong>τινὰ</strong></span> <span class='ocrx_word' id='word_1_162' title='bbox 709 1769 801 1825; x_wconf 81' lang='grc' dir='ltr'><strong>τὸν</strong></span> <span class='ocrx_word' id='word_1_163' title='bbox 837 1770 895 1841; x_wconf 67' lang='grc' dir='ltr'><strong>ἐξ</strong></span> <span class='ocrx_word' id='word_1_164' title='bbox 938 1771 1101 1825; x_wconf 84' lang='grc' dir='ltr'><strong>αὐτοῦ</strong></span> <span class='ocrx_word' id='word_1_165' title='bbox 1138 1771 1313 1842; x_wconf 77' lang='grc' dir='ltr'><strong>φύντα</strong></span> <span class='ocrx_word' id='word_1_166' title='bbox 1358 1771 1451 1826; x_wconf 81' lang='grc' dir='ltr'><strong>καὶ</strong></span> <span class='ocrx_word' id='word_1_167' title='bbox 1496 1770 1876 1841; x_wconf 67' lang='grc' dir='ltr'><strong>τεθραμμένον</strong></span> 
     </span>
    </p>
   </div>
   <div class='ocr_carea' id='block_1_21' title="bbox 289 1861 1877 1935">
    <p class='ocr_par' dir='ltr' id='par_1_21' title="bbox 289 1861 1877 1935">
     <span class='ocr_line' id='line_1_21' title="bbox 289 1861 1877 1935; baseline 0.001 -22"><span class='ocrx_word' id='word_1_168' title='bbox 289 1862 555 1928; x_wconf 76' lang='grc' dir='ltr'><strong>εὐσεϐῶς,</strong></span> <span class='ocrx_word' id='word_1_169' title='bbox 583 1864 702 1915; x_wconf 82' lang='grc' dir='ltr'><strong>κατ’</strong></span> <span class='ocrx_word' id='word_1_170' title='bbox 738 1861 880 1933; x_wconf 78' lang='grc' dir='ltr'><strong>ἴχνος</strong></span> <span class='ocrx_word' id='word_1_171' title='bbox 912 1863 1048 1917; x_wconf 74' lang='grc' dir='ltr'><strong>ἱέναι</strong></span> <span class='ocrx_word' id='word_1_172' title='bbox 1086 1863 1185 1935; x_wconf 78' lang='grc' dir='ltr'><strong>τῆς</strong></span> <span class='ocrx_word' id='word_1_173' title='bbox 1214 1862 1474 1935; x_wconf 73' lang='grc' dir='ltr'><strong>πατρῴας</strong></span> <span class='ocrx_word' id='word_1_174' title='bbox 1497 1863 1718 1933; x_wconf 75' lang='grc' dir='ltr'><strong>ἀρετῆς.</strong></span> <span class='ocrx_word' id='word_1_175' title='bbox 1736 1862 1877 1915; x_wconf 87' lang='grc' dir='ltr'><strong>Παν-</strong></span> 
     </span>
    </p>
   </div>
   <div class='ocr_carea' id='block_1_22' title="bbox 290 1950 1876 2025">
    <p class='ocr_par' dir='ltr' id='par_1_22' title="bbox 290 1950 1876 2025">
     <span class='ocr_line' id='line_1_22' title="bbox 290 1950 1876 2025; baseline -0.008 -9"><span class='ocrx_word' id='word_1_176' title='bbox 290 1952 432 2022; x_wconf 73' lang='grc' dir='ltr'><strong>ταχῆ</strong></span> <span class='ocrx_word' id='word_1_177' title='bbox 462 1952 571 2023; x_wconf 75' lang='grc' dir='ltr'><strong>γὰρ</strong></span> <span class='ocrx_word' id='word_1_178' title='bbox 587 1953 893 2025; x_wconf 72' lang='grc' dir='ltr'><strong>εὕρήσομεν</strong></span> <span class='ocrx_word' id='word_1_179' title='bbox 925 1953 1017 2008; x_wconf 78' lang='grc' dir='ltr'><strong>τὸν</strong></span> <span class='ocrx_word' id='word_1_180' title='bbox 1056 1953 1347 2010; x_wconf 79' lang='grc' dir='ltr'><strong>θεσπέσιον</strong></span> <span class='ocrx_word' id='word_1_181' title='bbox 1382 1951 1604 2017; x_wconf 82' lang='grc' dir='ltr'><strong>Ἰακὼϐ,</strong></span> <span class='ocrx_word' id='word_1_182' title='bbox 1630 1953 1742 2015; x_wconf 85' lang='grc' dir='ltr'><strong>τοῖς</strong></span> <span class='ocrx_word' id='word_1_183' title='bbox 1769 1950 1876 2004; x_wconf 84' lang='grc' dir='ltr'><strong>τῶν</strong></span> 
     </span>
    </p>
   </div>
   <div class='ocr_carea' id='block_1_23' title="bbox 289 2044 1878 2117">
    <p class='ocr_par' dir='ltr' id='par_1_23' title="bbox 289 2044 1878 2117">
     <span class='ocr_line' id='line_1_23' title="bbox 289 2044 1878 2117; baseline 0.002 -21"><span class='ocrx_word' id='word_1_184' title='bbox 289 2044 694 2115; x_wconf 77' lang='grc' dir='ltr'><strong>γεγεννηκότων</strong></span> <span class='ocrx_word' id='word_1_185' title='bbox 741 2044 964 2099; x_wconf 74' lang='grc' dir='ltr'><strong>εἴκοντα</strong></span> <span class='ocrx_word' id='word_1_186' title='bbox 1007 2045 1268 2117; x_wconf 82' lang='grc' dir='ltr'><strong>νεύμασι,</strong></span> <span class='ocrx_word' id='word_1_187' title='bbox 1295 2046 1389 2100; x_wconf 79' lang='grc' dir='ltr'><strong>καὶ</strong></span> <span class='ocrx_word' id='word_1_188' title='bbox 1435 2046 1663 2117; x_wconf 82' lang='grc' dir='ltr'><strong>μήνυσιν</strong></span> <span class='ocrx_word' id='word_1_189' title='bbox 1689 2044 1878 2117; x_wconf 81' lang='grc' dir='ltr'><strong>ὥσπερ</strong></span> 
     </span>
    </p>
   </div>
   <div class='ocr_carea' id='block_1_24' title="bbox 287 2134 1876 2208">
    <p class='ocr_par' dir='ltr' id='par_1_24' title="bbox 287 2134 1876 2208">
     <span class='ocr_line' id='line_1_24' title="bbox 287 2134 1876 2208; baseline 0.001 -20"><span class='ocrx_word' id='word_1_190' title='bbox 287 2134 498 2206; x_wconf 80' lang='grc' dir='ltr'><strong>ἐναργῆ</strong></span> <span class='ocrx_word' id='word_1_191' title='bbox 533 2151 595 2188; x_wconf 89' lang='grc' dir='ltr'><strong>τε</strong></span> <span class='ocrx_word' id='word_1_192' title='bbox 629 2136 725 2189; x_wconf 82' lang='grc' dir='ltr'><strong>καὶ</strong></span> <span class='ocrx_word' id='word_1_193' title='bbox 759 2137 862 2190; x_wconf 85' lang='grc' dir='ltr'><strong>οὐκ</strong></span> <span class='ocrx_word' id='word_1_194' title='bbox 886 2136 1186 2208; x_wconf 79' lang='grc' dir='ltr'><strong>ἀμφίλογον</strong></span> <span class='ocrx_word' id='word_1_195' title='bbox 1204 2137 1306 2208; x_wconf 80' lang='grc' dir='ltr'><strong>τῆς</strong></span> <span class='ocrx_word' id='word_1_196' title='bbox 1326 2140 1405 2202; x_wconf 84' lang='grc' dir='ltr'><strong>είς</strong></span> <span class='ocrx_word' id='word_1_197' title='bbox 1430 2136 1565 2191; x_wconf 82' lang='grc' dir='ltr'><strong>Θεὸν</strong></span> <span class='ocrx_word' id='word_1_198' title='bbox 1599 2135 1876 2202; x_wconf 85' lang='grc' dir='ltr'><strong>εὐσεϐείας</strong></span> 
     </span>
    </p>
   </div>
   <div class='ocr_carea' id='block_1_25' title="bbox 286 2224 1876 2301">
    <p class='ocr_par' dir='ltr' id='par_1_25' title="bbox 286 2224 1876 2301">
     <span class='ocr_line' id='line_1_25' title="bbox 286 2224 1876 2301; baseline 0.006 -24"><span class='ocrx_word' id='word_1_199' title='bbox 286 2225 353 2278; x_wconf 75' lang='grc' dir='ltr'><strong>τὸ</strong></span> <span class='ocrx_word' id='word_1_200' title='bbox 378 2226 591 2297; x_wconf 81' lang='grc' dir='ltr'><strong>χρῆμα·</strong></span> <span class='ocrx_word' id='word_1_201' title='bbox 620 2227 965 2299; x_wconf 83' lang='grc' dir='ltr'><strong>ποιούμενον.</strong></span> <span class='ocrx_word' id='word_1_202' title='bbox 1034 2229 1199 2283; x_wconf 84' lang='grc' dir='ltr'><strong>Ὅσον</strong></span> <span class='ocrx_word' id='word_1_203' title='bbox 1231 2229 1288 2283; x_wconf 70' lang='grc' dir='ltr'><strong>δὲ</strong></span> <span class='ocrx_word' id='word_1_204' title='bbox 1333 2224 1468 2301; x_wconf 78' lang='grc' dir='ltr'><strong>ἧκεν</strong></span> <span class='ocrx_word' id='word_1_205' title='bbox 1517 2232 1599 2293; x_wconf 85' lang='grc' dir='ltr'><strong>εις</strong></span> <span class='ocrx_word' id='word_1_206' title='bbox 1642 2228 1876 2301; x_wconf 79' lang='grc' dir='ltr'><strong>θεωρίας</strong></span> 
     </span>
    </p>
   </div>
   <div class='ocr_carea' id='block_1_26' title="bbox 286 2314 1873 2393">
    <p class='ocr_par' dir='ltr' id='par_1_26' title="bbox 286 2314 1873 2393">
     <span class='ocr_line' id='line_1_26' title="bbox 286 2314 1873 2393; baseline 0.003 -23"><span class='ocrx_word' id='word_1_207' title='bbox 286 2316 468 2386; x_wconf 84' lang='grc' dir='ltr'><strong>λόγον,</strong></span> <span class='ocrx_word' id='word_1_208' title='bbox 497 2314 654 2389; x_wconf 71' lang='grc' dir='ltr'><strong>οἶμαι</strong></span> <span class='ocrx_word' id='word_1_209' title='bbox 699 2320 839 2374; x_wconf 80' lang='grc' dir='ltr'><strong>ίέναι</strong></span> <span class='ocrx_word' id='word_1_210' title='bbox 882 2320 983 2392; x_wconf 81' lang='grc' dir='ltr'><strong>τὴν</strong></span> <span class='ocrx_word' id='word_1_211' title='bbox 1025 2321 1283 2379; x_wconf 78' lang='grc' dir='ltr'><strong>ἐσωτάτω</strong></span> <span class='ocrx_word' id='word_1_212' title='bbox 1317 2320 1541 2392; x_wconf 82' lang='grc' dir='ltr'><strong>πορείαν</strong></span> <span class='ocrx_word' id='word_1_213' title='bbox 1579 2320 1643 2393; x_wconf 80' lang='grc' dir='ltr'><strong>δὴ</strong></span> <span class='ocrx_word' id='word_1_214' title='bbox 1687 2321 1873 2387; x_wconf 76' lang='grc' dir='ltr'><strong>πάλιν,</strong></span> 
     </span>
    </p>
   </div>
   <div class='ocr_carea' id='block_1_27' title="bbox 287 2405 1876 2478">
    <p class='ocr_par' dir='ltr' id='par_1_27' title="bbox 287 2405 1876 2478">
     <span class='ocr_line' id='line_1_27' title="bbox 287 2405 1876 2478; baseline 0.001 -19"><span class='ocrx_word' id='word_1_215' title='bbox 287 2408 599 2478; x_wconf 78' lang='grc' dir='ltr'><strong>ἀναμνῆσαι</strong></span> <span class='ocrx_word' id='word_1_216' title='bbox 627 2407 687 2461; x_wconf 81' lang='grc' dir='ltr'><strong>δὲ</strong></span> <span class='ocrx_word' id='word_1_217' title='bbox 732 2408 843 2462; x_wconf 83' lang='grc' dir='ltr'><strong>δεῖν</strong></span> <span class='ocrx_word' id='word_1_218' title='bbox 879 2410 1056 2462; x_wconf 76' lang='grc' dir='ltr'><strong>ἐκεῖνο</strong></span> <span class='ocrx_word' id='word_1_219' title='bbox 1099 2408 1486 2478; x_wconf 79' lang='grc' dir='ltr'><strong>ὑπολαμϐάνω.</strong></span> <span class='ocrx_word' id='word_1_220' title='bbox 1528 2405 1629 2477; x_wconf 82' lang='grc' dir='ltr'><strong>Είη</strong></span> <span class='ocrx_word' id='word_1_221' title='bbox 1653 2406 1762 2477; x_wconf 80' lang='grc' dir='ltr'><strong>γὰρ</strong></span> <span class='ocrx_word' id='word_1_222' title='bbox 1806 2406 1876 2461; x_wconf 76' lang='grc' dir='ltr'><strong>ἂν</strong></span> 
     </span>
    </p>
   </div>
   <div class='ocr_carea' id='block_1_28' title="bbox 289 2495 1876 2569">
    <p class='ocr_par' dir='ltr' id='par_1_28' title="bbox 289 2495 1876 2569">
     <span class='ocr_line' id='line_1_28' title="bbox 289 2495 1876 2569; baseline -0.001 -17"><span class='ocrx_word' id='word_1_223' title='bbox 289 2498 395 2565; x_wconf 60' lang='lat' dir='ltr'><strong>ea</strong></span> <span class='ocrx_word' id='word_1_224' title='bbox 447 2499 542 2553; x_wconf 71' lang='grc' dir='ltr'><strong>καὶ</strong></span> <span class='ocrx_word' id='word_1_225' title='bbox 592 2497 714 2553; x_wconf 86' lang='grc' dir='ltr'><strong>λίαν</strong></span> <span class='ocrx_word' id='word_1_226' title='bbox 742 2500 977 2569; x_wconf 80' lang='grc' dir='ltr'><strong>ἀπονητὶ</strong></span> <span class='ocrx_word' id='word_1_227' title='bbox 1010 2498 1325 2567; x_wconf 77' lang='grc' dir='ltr'><strong>καταφανὲς</strong></span> <span class='ocrx_word' id='word_1_228' title='bbox 1358 2498 1418 2551; x_wconf 81' lang='grc' dir='ltr'><strong>τὸ</strong></span> <span class='ocrx_word' id='word_1_229' title='bbox 1439 2495 1721 2569; x_wconf 82' lang='grc' dir='ltr'><strong>θεώρημα.</strong></span> <span class='ocrx_word' id='word_1_230' title='bbox 1757 2498 1876 2550; x_wconf 77' lang='grc' dir='ltr'><strong>Ῥεο</strong></span> 
     </span>
    </p>
   </div>
   <div class='ocr_carea' id='block_1_29' title="bbox 288 2589 1872 2662">
    <p class='ocr_par' dir='ltr' id='par_1_29' title="bbox 288 2589 1872 2662">
     <span class='ocr_line' id='line_1_29' title="bbox 288 2589 1872 2662; baseline 0 -20"><span class='ocrx_word' id='word_1_231' title='bbox 288 2590 461 2649; x_wconf 75' lang='grc' dir='ltr'><strong>δέκκα</strong></span> <span class='ocrx_word' id='word_1_232' title='bbox 493 2590 597 2661; x_wconf 81' lang='grc' dir='ltr'><strong>μὲν</strong></span> <span class='ocrx_word' id='word_1_233' title='bbox 646 2591 759 2661; x_wconf 75' lang='grc' dir='ltr'><strong>γὰρ</strong></span> <span class='ocrx_word' id='word_1_234' title='bbox 810 2589 915 2662; x_wconf 72' lang='grc' dir='ltr'><strong>πρὸ</strong></span> <span class='ocrx_word' id='word_1_235' title='bbox 942 2590 1129 2655; x_wconf 83' lang='grc' dir='ltr'><strong>ὠδῖνος</strong></span> <span class='ocrx_word' id='word_1_236' title='bbox 1157 2590 1235 2644; x_wconf 74' lang='grc' dir='ltr'><strong>ἔτι</strong></span> <span class='ocrx_word' id='word_1_237' title='bbox 1268 2590 1369 2660; x_wconf 82' lang='grc' dir='ltr'><strong>τῆς</strong></span> <span class='ocrx_word' id='word_1_238' title='bbox 1398 2589 1492 2643; x_wconf 79' lang='grc' dir='ltr'><strong>ἐπὶ</strong></span> <span class='ocrx_word' id='word_1_239' title='bbox 1524 2591 1670 2660; x_wconf 83' lang='grc' dir='ltr'><strong>τόκῳ</strong></span> <span class='ocrx_word' id='word_1_240' title='bbox 1707 2589 1872 2660; x_wconf 76' lang='grc' dir='ltr'><strong>φημὶ,</strong></span> 
     </span>
    </p>
   </div>
   <div class='ocr_carea' id='block_1_30' title="bbox 291 2680 1873 2755">
    <p class='ocr_par' dir='ltr' id='par_1_30' title="bbox 291 2680 1873 2755">
     <span class='ocr_line' id='line_1_30' title="bbox 291 2680 1873 2755; baseline 0.001 -21"><span class='ocrx_word' id='word_1_241' title='bbox 291 2681 398 2737; x_wconf 85' lang='grc' dir='ltr'><strong>τῶν</strong></span> <span class='ocrx_word' id='word_1_242' title='bbox 426 2682 486 2748; x_wconf 65' lang='grc' dir='ltr'><strong>ἐξ</strong></span> <span class='ocrx_word' id='word_1_243' title='bbox 528 2683 703 2754; x_wconf 82' lang='grc' dir='ltr'><strong>αὐτῆς</strong></span> <span class='ocrx_word' id='word_1_244' title='bbox 751 2683 1052 2754; x_wconf 85' lang='grc' dir='ltr'><strong>γεγονότων</strong></span> <span class='ocrx_word' id='word_1_245' title='bbox 1088 2680 1431 2755; x_wconf 76' lang='grc' dir='ltr'><strong>κυοφοροῦσα</strong></span> <span class='ocrx_word' id='word_1_246' title='bbox 1454 2680 1552 2751; x_wconf 79' lang='grc' dir='ltr'><strong>τὴν</strong></span> <span class='ocrx_word' id='word_1_247' title='bbox 1583 2680 1873 2753; x_wconf 77' lang='grc' dir='ltr'><strong>ξυνωρίδα,</strong></span> 
     </span>
    </p>
   </div>
   <div class='ocr_carea' id='block_1_31' title="bbox 289 2771 1875 2845">
    <p class='ocr_par' dir='ltr' id='par_1_31' title="bbox 289 2771 1875 2845">
     <span class='ocr_line' id='line_1_31' title="bbox 289 2771 1875 2845; baseline -0.001 -19"><span class='ocrx_word' id='word_1_248' title='bbox 289 2771 624 2845; x_wconf 80' lang='grc' dir='ltr'><strong>δυσφόρητον</strong></span> <span class='ocrx_word' id='word_1_249' title='bbox 675 2773 876 2845; x_wconf 79' lang='grc' dir='ltr'><strong>κομιδῇ</strong></span> <span class='ocrx_word' id='word_1_250' title='bbox 920 2774 1020 2844; x_wconf 83' lang='grc' dir='ltr'><strong>τὴν</strong></span> <span class='ocrx_word' id='word_1_251' title='bbox 1052 2772 1367 2844; x_wconf 71' lang='grc' dir='ltr'><strong>δυσφημίαν</strong></span> <span class='ocrx_word' id='word_1_252' title='bbox 1412 2772 1644 2843; x_wconf 74' lang='grc' dir='ltr'><strong>ἐδέχετο,</strong></span> <span class='ocrx_word' id='word_1_253' title='bbox 1676 2773 1773 2835; x_wconf 75' lang='grc' dir='ltr'><strong>καὶ</strong></span> <span class='ocrx_word' id='word_1_254' title='bbox 1816 2773 1875 2826; x_wconf 72' lang='grc' dir='ltr'><strong>ὲν</strong></span> 
     </span>
    </p>
   </div>
   <div class='ocr_carea' id='block_1_32' title="bbox 293 2859 1876 2936">
    <p class='ocr_par' dir='ltr' id='par_1_32' title="bbox 293 2859 1876 2936">
     <span class='ocr_line' id='line_1_32' title="bbox 293 2859 1876 2936; baseline -0.001 -20"><span class='ocrx_word' id='word_1_255' title='bbox 293 2863 474 2927; x_wconf 83' lang='grc' dir='ltr'><strong>αὐτοῖς</strong></span> <span class='ocrx_word' id='word_1_256' title='bbox 495 2859 563 2936; x_wconf 77' lang='grc' dir='ltr'><strong>ἧν</strong></span> <span class='ocrx_word' id='word_1_257' title='bbox 588 2864 689 2936; x_wconf 67' lang='grc' dir='ltr'><strong>ἠδη</strong></span> <span class='ocrx_word' id='word_1_258' title='bbox 724 2867 839 2933; x_wconf 78' lang='grc' dir='ltr'><strong>τοῖς</strong></span> <span class='ocrx_word' id='word_1_259' title='bbox 871 2863 965 2918; x_wconf 76' lang='grc' dir='ltr'><strong>τοῦ</strong></span> <span class='ocrx_word' id='word_1_260' title='bbox 988 2862 1223 2920; x_wconf 81' lang='grc' dir='ltr'><strong>θανάτου</strong></span> <span class='ocrx_word' id='word_1_261' title='bbox 1242 2862 1513 2933; x_wconf 59' lang='grc' dir='ltr'><strong>δείμασιν</strong></span> <span class='ocrx_word' id='word_1_262' title='bbox 1559 2863 1661 2916; x_wconf 87' lang='grc' dir='ltr'><strong>οὐκ</strong></span> <span class='ocrx_word' id='word_1_263' title='bbox 1694 2863 1752 2916; x_wconf 80' lang='grc' dir='ltr'><strong>ὲν</strong></span> <span class='ocrx_word' id='word_1_264' title='bbox 1781 2879 1876 2933; x_wconf 84' lang='grc' dir='ltr'><strong>με-</strong></span> 
     </span>
    </p>
   </div>
   <div class='ocr_carea' id='block_1_33' title="bbox 293 2948 1878 3024">
    <p class='ocr_par' dir='ltr' id='par_1_33' title="bbox 293 2948 1878 3024">
     <span class='ocr_line' id='line_1_33' title="bbox 293 2948 1878 3024; baseline -0.001 -19"><span class='ocrx_word' id='word_1_265' title='bbox 293 2951 464 3024; x_wconf 83' lang='grc' dir='ltr'><strong>τρίοις</strong></span> <span class='ocrx_word' id='word_1_266' title='bbox 496 2953 665 3008; x_wconf 77' lang='grc' dir='ltr'><strong>ὅντων</strong></span> <span class='ocrx_word' id='word_1_267' title='bbox 719 2956 1058 3024; x_wconf 83' lang='grc' dir='ltr'><strong>σκιρτήμασι</strong></span> <span class='ocrx_word' id='word_1_268' title='bbox 1096 2953 1208 3008; x_wconf 86' lang='grc' dir='ltr'><strong>τῶν</strong></span> <span class='ocrx_word' id='word_1_269' title='bbox 1237 2952 1516 3024; x_wconf 76' lang='grc' dir='ltr'><strong>ἐμϐρύων.</strong></span> <span class='ocrx_word' id='word_1_270' title='bbox 1567 2948 1701 3006; x_wconf 84' lang='grc' dir='ltr'><strong>Εἶτα</strong></span> <span class='ocrx_word' id='word_1_271' title='bbox 1729 2952 1781 3004; x_wconf 85' lang='grc' dir='ltr'><strong>τί</strong></span> <span class='ocrx_word' id='word_1_272' title='bbox 1815 2950 1878 3003; x_wconf 84' lang='grc' dir='ltr'><strong>τδ</strong></span> 
     </span>
    </p>
   </div>
   <div class='ocr_carea' id='block_1_34' title="bbox 292 3042 1878 3117">
    <p class='ocr_par' dir='ltr' id='par_1_34' title="bbox 292 3042 1878 3117">
     <span class='ocr_line' id='line_1_34' title="bbox 292 3042 1878 3117; baseline -0.002 -17"><span class='ocrx_word' id='word_1_273' title='bbox 292 3043 484 3114; x_wconf 79' lang='grc' dir='ltr'><strong>χρῆμα</strong></span> <span class='ocrx_word' id='word_1_274' title='bbox 503 3042 876 3098; x_wconf 83' lang='grc' dir='ltr'><strong>διαλανθάνειν</strong></span> <span class='ocrx_word' id='word_1_275' title='bbox 904 3043 1096 3116; x_wconf 67' lang='grc' dir='ltr'><strong>ἤθελεν</strong></span> <span class='ocrx_word' id='word_1_276' title='bbox 1123 3043 1461 3117; x_wconf 76' lang='grc' dir='ltr'><strong>ὲπερωτῶσα</strong></span> <span class='ocrx_word' id='word_1_277' title='bbox 1505 3043 1639 3098; x_wconf 84' lang='grc' dir='ltr'><strong>Θεὸν</strong></span> <span class='ocrx_word' id='word_1_278' title='bbox 1672 3045 1767 3098; x_wconf 74' lang='grc' dir='ltr'><strong>καὶ</strong></span> <span class='ocrx_word' id='word_1_279' title='bbox 1790 3044 1878 3098; x_wconf 84' lang='grc' dir='ltr'><strong>λέ-</strong></span> 
     </span>
    </p>
   </div>
   <div class='ocr_carea' id='block_1_35' title="bbox 292 3134 1875 3207">
    <p class='ocr_par' dir='ltr' id='par_1_35' title="bbox 292 3134 1875 3207">
     <span class='ocr_line' id='line_1_35' title="bbox 292 3134 1875 3207; baseline 0.001 -19"><span class='ocrx_word' id='word_1_280' title='bbox 292 3149 490 3202; x_wconf 83' lang='grc' dir='ltr'><strong>γουσα·</strong></span> <span class='ocrx_word' id='word_1_281' title='bbox 520 3152 539 3185; x_wconf 80' lang='grc' dir='ltr'><strong>ι</strong></span> <span class='ocrx_word' id='word_1_282' title='bbox 573 3134 637 3194; x_wconf 74' lang='lat' dir='ltr'><strong>Et</strong></span> <span class='ocrx_word' id='word_1_283' title='bbox 684 3135 828 3189; x_wconf 73' lang='grc' dir='ltr'><strong>οὕτω</strong></span> <span class='ocrx_word' id='word_1_284' title='bbox 880 3152 972 3207; x_wconf 84' lang='grc' dir='ltr'><strong>μοι</strong></span> <span class='ocrx_word' id='word_1_285' title='bbox 1026 3135 1211 3205; x_wconf 79' lang='grc' dir='ltr'><strong>μέλλει</strong></span> <span class='ocrx_word' id='word_1_286' title='bbox 1261 3135 1535 3204; x_wconf 86' lang='grc' dir='ltr'><strong>γενέσθαι,</strong></span> <span class='ocrx_word' id='word_1_287' title='bbox 1564 3136 1652 3189; x_wconf 79' lang='grc' dir='ltr'><strong>ἵνα</strong></span> <span class='ocrx_word' id='word_1_288' title='bbox 1701 3135 1754 3188; x_wconf 89' lang='grc' dir='ltr'><strong>τί</strong></span> <span class='ocrx_word' id='word_1_289' title='bbox 1784 3154 1875 3207; x_wconf 90' lang='grc' dir='ltr'><strong>μοι</strong></span> 
     </span>
    </p>
   </div>
   <div class='ocr_carea' id='block_1_36' title="bbox 291 3220 1877 3298">
    <p class='ocr_par' dir='ltr' id='par_1_36' title="bbox 291 3220 1877 3298">
     <span class='ocr_line' id='line_1_36' title="bbox 291 3220 1877 3298; baseline 0.004 -24"><span class='ocrx_word' id='word_1_290' title='bbox 291 3220 491 3289; x_wconf 84' lang='grc' dir='ltr'><strong>τοῦτο;</strong></span> <span class='ocrx_word' id='word_1_291' title='bbox 529 3241 550 3274; x_wconf 80' lang='grc' dir='ltr'><strong>ι</strong></span> <span class='ocrx_word' id='word_1_292' title='bbox 583 3224 691 3277; x_wconf 74' lang='grc' dir='ltr'><strong>Καὶ</strong></span> <span class='ocrx_word' id='word_1_293' title='bbox 720 3225 774 3278; x_wconf 84' lang='grc' dir='ltr'><strong>τί</strong></span> <span class='ocrx_word' id='word_1_294' title='bbox 820 3226 960 3296; x_wconf 78' lang='grc' dir='ltr'><strong>πρὸς</strong></span> <span class='ocrx_word' id='word_1_295' title='bbox 1005 3226 1182 3281; x_wconf 84' lang='grc' dir='ltr'><strong>ταῦτα</strong></span> <span class='ocrx_word' id='word_1_296' title='bbox 1216 3228 1245 3280; x_wconf 87' lang='grc' dir='ltr'><strong>ό</strong></span> <span class='ocrx_word' id='word_1_297' title='bbox 1271 3225 1439 3291; x_wconf 81' lang='grc' dir='ltr'><strong>Θεόςς</strong></span> <span class='ocrx_word' id='word_1_298' title='bbox 1482 3226 1589 3280; x_wconf 91' lang='grc' dir='ltr'><strong>Δύο</strong></span> <span class='ocrx_word' id='word_1_299' title='bbox 1624 3225 1752 3298; x_wconf 72' lang='grc' dir='ltr'><strong>ἔθνη</strong></span> <span class='ocrx_word' id='word_1_300' title='bbox 1781 3229 1877 3281; x_wconf 75' lang='grc' dir='ltr'><strong>καὶ</strong></span> 
     </span>
    </p>
   </div>
   <div class='ocr_carea' id='block_1_37' title="bbox 290 3312 1878 3391">
    <p class='ocr_par' dir='ltr' id='par_1_37' title="bbox 290 3312 1878 3391">
     <span class='ocr_line' id='line_1_37' title="bbox 290 3312 1878 3391; baseline 0.004 -23"><span class='ocrx_word' id='word_1_301' title='bbox 290 3313 387 3368; x_wconf 87' lang='grc' dir='ltr'><strong>δύο</strong></span> <span class='ocrx_word' id='word_1_302' title='bbox 422 3312 542 3368; x_wconf 80' lang='grc' dir='ltr'><strong>λαοὶ</strong></span> <span class='ocrx_word' id='word_1_303' title='bbox 563 3315 628 3369; x_wconf 81' lang='grc' dir='ltr'><strong>ὲκ</strong></span> <span class='ocrx_word' id='word_1_304' title='bbox 655 3316 753 3387; x_wconf 83' lang='grc' dir='ltr'><strong>τῆς</strong></span> <span class='ocrx_word' id='word_1_305' title='bbox 780 3317 988 3381; x_wconf 78' lang='grc' dir='ltr'><strong>κοιλίας</strong></span> <span class='ocrx_word' id='word_1_306' title='bbox 1012 3334 1104 3371; x_wconf 89' lang='grc' dir='ltr'><strong>σου</strong></span> <span class='ocrx_word' id='word_1_307' title='bbox 1124 3318 1602 3391; x_wconf 83' lang='grc' dir='ltr'><strong>διασταλήσονται,</strong></span> <span class='ocrx_word' id='word_1_308' title='bbox 1632 3319 1725 3372; x_wconf 78' lang='grc' dir='ltr'><strong>καὶ</strong></span> <span class='ocrx_word' id='word_1_309' title='bbox 1750 3318 1878 3384; x_wconf 80' lang='grc' dir='ltr'><strong>λαὸς</strong></span> 
     </span>
    </p>
   </div>
   <div class='ocr_carea' id='block_1_38' title="bbox 294 3405 1876 3482">
    <p class='ocr_par' dir='ltr' id='par_1_38' title="bbox 294 3405 1876 3482">
     <span class='ocr_line' id='line_1_38' title="bbox 294 3405 1876 3482; baseline 0.006 -23"><span class='ocrx_word' id='word_1_310' title='bbox 294 3405 423 3460; x_wconf 78' lang='grc' dir='ltr'><strong>λαοῦ</strong></span> <span class='ocrx_word' id='word_1_311' title='bbox 445 3406 724 3478; x_wconf 80' lang='grc' dir='ltr'><strong>ὑπερέξει,</strong></span> <span class='ocrx_word' id='word_1_312' title='bbox 745 3410 899 3480; x_wconf 66' lang='grc' dir='ltr'><strong>φησι,</strong></span> <span class='ocrx_word' id='word_1_313' title='bbox 920 3409 1015 3465; x_wconf 70' lang='grc' dir='ltr'><strong>καὶ</strong></span> <span class='ocrx_word' id='word_1_314' title='bbox 1035 3411 1064 3465; x_wconf 82' lang='grc' dir='ltr'>ὁ</span> <span class='ocrx_word' id='word_1_315' title='bbox 1087 3410 1289 3481; x_wconf 75' lang='grc' dir='ltr'><strong>μείζων</strong></span> <span class='ocrx_word' id='word_1_316' title='bbox 1313 3409 1587 3465; x_wconf 73' lang='grc' dir='ltr'><strong>δουλεύσει</strong></span> <span class='ocrx_word' id='word_1_317' title='bbox 1613 3410 1690 3482; x_wconf 83' lang='grc' dir='ltr'><strong>τῷ</strong></span> <span class='ocrx_word' id='word_1_318' title='bbox 1717 3412 1876 3468; x_wconf 68' lang='grc' dir='ltr'><strong>ἐλάτ-</strong></span> 
     </span>
    </p>
   </div>
   <div class='ocr_carea' id='block_1_39' title="bbox 292 3497 1879 3574">
    <p class='ocr_par' dir='ltr' id='par_1_39' title="bbox 292 3497 1879 3574">
     <span class='ocr_line' id='line_1_39' title="bbox 292 3497 1879 3574; baseline 0.003 -20"><span class='ocrx_word' id='word_1_319' title='bbox 292 3514 430 3554; x_wconf 87' lang='grc' dir='ltr'><strong>τονι.</strong></span> <span class='ocrx_word' id='word_1_320' title='bbox 470 3517 491 3552; x_wconf 79' lang='grc' dir='ltr'><strong>ι</strong></span> <span class='ocrx_word' id='word_1_321' title='bbox 530 3497 744 3555; x_wconf 79' lang='grc' dir='ltr'><strong>Οὐκοῦν</strong></span> <span class='ocrx_word' id='word_1_322' title='bbox 793 3501 874 3564; x_wconf 86' lang='grc' dir='ltr'><strong>είς</strong></span> <span class='ocrx_word' id='word_1_323' title='bbox 921 3500 1089 3555; x_wconf 82' lang='grc' dir='ltr'><strong>τύπον</strong></span> <span class='ocrx_word' id='word_1_324' title='bbox 1142 3501 1576 3574; x_wconf 78' lang='grc' dir='ltr'><strong>παραδεξώμεθα</strong></span> <span class='ocrx_word' id='word_1_325' title='bbox 1626 3503 1737 3559; x_wconf 83' lang='grc' dir='ltr'><strong>τῶν</strong></span> <span class='ocrx_word' id='word_1_326' title='bbox 1783 3504 1879 3559; x_wconf 88' lang='grc' dir='ltr'><strong>δύο</strong></span> 
     </span>
    </p>
   </div>
   <div class='ocr_carea' id='block_1_40' title="bbox 294 3588 1876 3664">
    <p class='ocr_par' dir='ltr' id='par_1_40' title="bbox 294 3588 1876 3664">
     <span class='ocr_line' id='line_1_40' title="bbox 294 3588 1876 3664; baseline 0.005 -21"><span class='ocrx_word' id='word_1_327' title='bbox 294 3588 460 3654; x_wconf 82' lang='grc' dir='ltr'><strong>λαῶν,</strong></span> <span class='ocrx_word' id='word_1_328' title='bbox 486 3589 581 3649; x_wconf 79' lang='grc' dir='ltr'><strong>τοῦ</strong></span> <span class='ocrx_word' id='word_1_329' title='bbox 610 3608 672 3644; x_wconf 87' lang='grc' dir='ltr'><strong>τε</strong></span> <span class='ocrx_word' id='word_1_330' title='bbox 702 3590 764 3656; x_wconf 73' lang='grc' dir='ltr'><strong>ἐξ</strong></span> <span class='ocrx_word' id='word_1_331' title='bbox 810 3592 1044 3664; x_wconf 74' lang='grc' dir='ltr'><strong>Ἰσραὴλ,</strong></span> <span class='ocrx_word' id='word_1_332' title='bbox 1075 3594 1172 3647; x_wconf 76' lang='grc' dir='ltr'><strong>καὶ</strong></span> <span class='ocrx_word' id='word_1_333' title='bbox 1198 3593 1292 3647; x_wconf 88' lang='grc' dir='ltr'><strong>τοῦ</strong></span> <span class='ocrx_word' id='word_1_334' title='bbox 1320 3592 1408 3650; x_wconf 84' lang='grc' dir='ltr'><strong>διὰ</strong></span> <span class='ocrx_word' id='word_1_335' title='bbox 1434 3594 1688 3661; x_wconf 88' lang='grc' dir='ltr'><strong>πίστεως,</strong></span> <span class='ocrx_word' id='word_1_336' title='bbox 1706 3596 1876 3651; x_wconf 82' lang='grc' dir='ltr'><strong>Ἠσαῦ</strong></span> 
     </span>
    </p>
   </div>
   <div class='ocr_carea' id='block_1_41' title="bbox 295 3678 1878 3759">
    <p class='ocr_par' dir='ltr' id='par_1_41' title="bbox 295 3678 1878 3759">
     <span class='ocr_line' id='line_1_41' title="bbox 295 3678 1878 3759; baseline 0.003 -24"><span class='ocrx_word' id='word_1_337' title='bbox 295 3692 354 3735; x_wconf 79' lang='grc' dir='ltr'><strong>τε</strong></span> <span class='ocrx_word' id='word_1_338' title='bbox 394 3679 490 3734; x_wconf 77' lang='grc' dir='ltr'><strong>καὶ</strong></span> <span class='ocrx_word' id='word_1_339' title='bbox 531 3678 748 3734; x_wconf 83' lang='grc' dir='ltr'><strong>Ἰακώϐ·</strong></span> <span class='ocrx_word' id='word_1_340' title='bbox 779 3679 896 3734; x_wconf 86' lang='grc' dir='ltr'><strong>ἀλλ’</strong></span> <span class='ocrx_word' id='word_1_341' title='bbox 941 3700 959 3733; x_wconf 83' lang='grc' dir='ltr'><strong>ι</strong></span> <span class='ocrx_word' id='word_1_342' title='bbox 994 3681 1309 3759; x_wconf 45' lang='grc' dir='ltr'><strong>βΕνεκότει,</strong></span> <span class='ocrx_word' id='word_1_343' title='bbox 1349 3682 1535 3752; x_wconf 73' lang='grc' dir='ltr'><strong>φησιν,</strong></span> <span class='ocrx_word' id='word_1_344' title='bbox 1579 3683 1752 3740; x_wconf 86' lang='grc' dir='ltr'><strong>Ἦσαῦ</strong></span> <span class='ocrx_word' id='word_1_345' title='bbox 1800 3685 1878 3757; x_wconf 83' lang='grc' dir='ltr'><strong>τῷ</strong></span> 
     </span>
    </p>
   </div>
   <div class='ocr_carea' id='block_1_42' title="bbox 309 3770 1879 3848">
    <p class='ocr_par' dir='ltr' id='par_1_42' title="bbox 309 3770 1879 3848">
     <span class='ocr_line' id='line_1_42' title="bbox 309 3770 1879 3848; baseline 0.006 -25"><span class='ocrx_word' id='word_1_346' title='bbox 309 3770 521 3839; x_wconf 84' lang='grc' dir='ltr'><strong>Ἰακὼϐ,</strong></span> <span class='ocrx_word' id='word_1_347' title='bbox 558 3791 579 3825; x_wconf 80' lang='grc' dir='ltr'><strong>ι</strong></span> <span class='ocrx_word' id='word_1_348' title='bbox 613 3774 696 3826; x_wconf 87' lang='grc' dir='ltr'><strong>ὃτι</strong></span> <span class='ocrx_word' id='word_1_349' title='bbox 738 3772 838 3844; x_wconf 82' lang='grc' dir='ltr'><strong>μὲν</strong></span> <span class='ocrx_word' id='word_1_350' title='bbox 872 3772 977 3828; x_wconf 85' lang='grc' dir='ltr'><strong>τῶν</strong></span> <span class='ocrx_word' id='word_1_351' title='bbox 1010 3774 1321 3846; x_wconf 77' lang='grc' dir='ltr'><strong>πρεσϐείων</strong></span> <span class='ocrx_word' id='word_1_352' title='bbox 1341 3774 1600 3848; x_wconf 79' lang='grc' dir='ltr'><strong>ἐστέρητο</strong></span> <span class='ocrx_word' id='word_1_353' title='bbox 1618 3794 1879 3833; x_wconf 86' lang='grc' dir='ltr'><strong>καταπω-</strong></span> 
     </span>
    </p>
   </div>
   <div class='ocr_carea' id='block_1_43' title="bbox 298 3859 1877 3939">
    <p class='ocr_par' dir='ltr' id='par_1_43' title="bbox 298 3859 1877 3939">
     <span class='ocr_line' id='line_1_43' title="bbox 298 3859 1877 3939; baseline 0.005 -25"><span class='ocrx_word' id='word_1_354' title='bbox 298 3859 464 3934; x_wconf 79' lang='grc' dir='ltr'><strong>λὴσας</strong></span> <span class='ocrx_word' id='word_1_355' title='bbox 485 3862 556 3917; x_wconf 80' lang='grc' dir='ltr'><strong>τὰ</strong></span> <span class='ocrx_word' id='word_1_356' title='bbox 599 3864 968 3935; x_wconf 81' lang='grc' dir='ltr'><strong>πρωτοτόκια,</strong></span> <span class='ocrx_word' id='word_1_357' title='bbox 1000 3867 1095 3924; x_wconf 77' lang='grc' dir='ltr'><strong>καὶ</strong></span> <span class='ocrx_word' id='word_1_358' title='bbox 1136 3865 1335 3937; x_wconf 81' lang='grc' dir='ltr'><strong>παρεὶς</strong></span> <span class='ocrx_word' id='word_1_359' title='bbox 1361 3867 1534 3938; x_wconf 76' lang='grc' dir='ltr'><strong>ἑτέρῳ</strong></span> <span class='ocrx_word' id='word_1_360' title='bbox 1558 3867 1657 3939; x_wconf 78' lang='grc' dir='ltr'><strong>τὴν</strong></span> <span class='ocrx_word' id='word_1_361' title='bbox 1684 3868 1877 3922; x_wconf 78' lang='grc' dir='ltr'><strong>ἑαυτοῦ</strong></span> 
     </span>
    </p>
   </div>
   <div class='ocr_carea' id='block_1_44' title="bbox 295 3953 1879 4030">
    <p class='ocr_par' dir='ltr' id='par_1_44' title="bbox 295 3953 1879 4030">
     <span class='ocr_line' id='line_1_44' title="bbox 295 3953 1879 4030; baseline 0.002 -21"><span class='ocrx_word' id='word_1_362' title='bbox 295 3953 482 4026; x_wconf 77' lang='grc' dir='ltr'><strong>τιμὴν,</strong></span> <span class='ocrx_word' id='word_1_363' title='bbox 517 3955 613 4009; x_wconf 77' lang='grc' dir='ltr'><strong>καὶ</strong></span> <span class='ocrx_word' id='word_1_364' title='bbox 642 3956 743 4026; x_wconf 85' lang='grc' dir='ltr'><strong>μὲν</strong></span> <span class='ocrx_word' id='word_1_365' title='bbox 784 3957 867 4011; x_wconf 83' lang='grc' dir='ltr'><strong>ὅτι</strong></span> <span class='ocrx_word' id='word_1_366' title='bbox 908 3958 1005 4012; x_wconf 76' lang='grc' dir='ltr'><strong>καὶ</strong></span> <span class='ocrx_word' id='word_1_367' title='bbox 1047 3957 1299 4028; x_wconf 85' lang='grc' dir='ltr'><strong>δεύτερος</strong></span> <span class='ocrx_word' id='word_1_368' title='bbox 1347 3957 1417 4011; x_wconf 80' lang='grc' dir='ltr'><strong>τὰ</strong></span> <span class='ocrx_word' id='word_1_369' title='bbox 1454 3959 1518 4012; x_wconf 79' lang='grc' dir='ltr'><strong>ἐκ</strong></span> <span class='ocrx_word' id='word_1_370' title='bbox 1568 3958 1669 4029; x_wconf 87' lang='grc' dir='ltr'><strong>τῆς</strong></span> <span class='ocrx_word' id='word_1_371' title='bbox 1705 3958 1879 4030; x_wconf 79' lang='grc' dir='ltr'><strong>θήρας</strong></span> 
     </span>
    </p>
   </div>
   <div class='ocr_carea' id='block_1_45' title="bbox 298 4048 1881 4122">
    <p class='ocr_par' dir='ltr' id='par_1_45' title="bbox 298 4048 1881 4122">
     <span class='ocr_line' id='line_1_45' title="bbox 298 4048 1881 4122; baseline 0.003 -23"><span class='ocrx_word' id='word_1_372' title='bbox 298 4048 689 4118; x_wconf 86' lang='grc' dir='ltr'><strong>προσαγαγὼν,</strong></span> <span class='ocrx_word' id='word_1_373' title='bbox 721 4049 822 4120; x_wconf 85' lang='grc' dir='ltr'><strong>τῆς</strong></span> <span class='ocrx_word' id='word_1_374' title='bbox 871 4048 1122 4118; x_wconf 80' lang='grc' dir='ltr'><strong>εὐλογίας</strong></span> <span class='ocrx_word' id='word_1_375' title='bbox 1167 4049 1456 4122; x_wconf 83' lang='grc' dir='ltr'><strong>διήμαρτε.</strong></span> <span class='ocrx_word' id='word_1_376' title='bbox 1478 4048 1749 4121; x_wconf 77' lang='grc' dir='ltr'><strong>Ταύτῃτοι</strong></span> <span class='ocrx_word' id='word_1_377' title='bbox 1786 4050 1881 4103; x_wconf 71' lang='grc' dir='ltr'><strong>καὶ</strong></span> 
     </span>
    </p>
   </div>
   <div class='ocr_carea' id='block_1_46' title="bbox 296 4134 1880 4213">
    <p class='ocr_par' dir='ltr' id='par_1_46' title="bbox 296 4134 1880 4213">
     <span class='ocr_line' id='line_1_46' title="bbox 296 4134 1880 4213; baseline 0.006 -24"><span class='ocrx_word' id='word_1_378' title='bbox 296 4138 355 4191; x_wconf 73' lang='grc' dir='ltr'><strong>ἐν</strong></span> <span class='ocrx_word' id='word_1_379' title='bbox 380 4137 596 4211; x_wconf 80' lang='grc' dir='ltr'><strong>ἀγρίοις</strong></span> <span class='ocrx_word' id='word_1_380' title='bbox 616 4134 685 4211; x_wconf 76' lang='grc' dir='ltr'><strong>ἦν</strong></span> <span class='ocrx_word' id='word_1_381' title='bbox 713 4140 814 4211; x_wconf 69' lang='grc' dir='ltr'><strong>ἤδη</strong></span> <span class='ocrx_word' id='word_1_382' title='bbox 846 4140 1148 4213; x_wconf 85' lang='grc' dir='ltr'><strong>σκέμμασι,</strong></span> <span class='ocrx_word' id='word_1_383' title='bbox 1180 4143 1275 4196; x_wconf 78' lang='grc' dir='ltr'><strong>καὶ</strong></span> <span class='ocrx_word' id='word_1_384' title='bbox 1298 4142 1391 4194; x_wconf 82' lang='grc' dir='ltr'><strong>τὸν</strong></span> <span class='ocrx_word' id='word_1_385' title='bbox 1419 4139 1499 4211; x_wconf 85' lang='grc' dir='ltr'><strong>τῷ</strong></span> <span class='ocrx_word' id='word_1_386' title='bbox 1531 4140 1711 4210; x_wconf 83' lang='grc' dir='ltr'><strong>φθόνῳ</strong></span> <span class='ocrx_word' id='word_1_387' title='bbox 1740 4139 1880 4211; x_wconf 82' lang='grc' dir='ltr'><strong>σύμ-</strong></span> 
     </span>
    </p>
   </div>
   <div class='ocr_carea' id='block_1_47' title="bbox 298 4229 1881 4304">
    <p class='ocr_par' dir='ltr' id='par_1_47' title="bbox 298 4229 1881 4304">
     <span class='ocr_line' id='line_1_47' title="bbox 298 4229 1881 4304; baseline 0.001 -18"><span class='ocrx_word' id='word_1_388' title='bbox 298 4229 475 4300; x_wconf 81' lang='grc' dir='ltr'><strong>φρονᾶ</strong></span> <span class='ocrx_word' id='word_1_389' title='bbox 520 4247 583 4285; x_wconf 91' lang='grc' dir='ltr'><strong>τε</strong></span> <span class='ocrx_word' id='word_1_390' title='bbox 608 4232 704 4285; x_wconf 76' lang='grc' dir='ltr'><strong>καὶ</strong></span> <span class='ocrx_word' id='word_1_391' title='bbox 751 4229 981 4302; x_wconf 77' lang='grc' dir='ltr'><strong>ἀδελφὸν</strong></span> <span class='ocrx_word' id='word_1_392' title='bbox 1023 4234 1256 4304; x_wconf 69' lang='grc' dir='ltr'><strong>ἐμελέτα</strong></span> <span class='ocrx_word' id='word_1_393' title='bbox 1299 4233 1480 4303; x_wconf 83' lang='grc' dir='ltr'><strong>φόνον.</strong></span> <span class='ocrx_word' id='word_1_394' title='bbox 1522 4232 1791 4287; x_wconf 83' lang='grc' dir='ltr'><strong>Ἐνεκότει</strong></span> <span class='ocrx_word' id='word_1_395' title='bbox 1824 4233 1881 4288; x_wconf 82' lang='grc' dir='ltr'><strong>δὲ</strong></span> 
     </span>
    </p>
   </div>
   <div class='ocr_carea' id='block_1_48' title="bbox 293 4322 1877 4397">
    <p class='ocr_par' dir='ltr' id='par_1_48' title="bbox 293 4322 1877 4397">
     <span class='ocr_line' id='line_1_48' title="bbox 293 4322 1877 4397; baseline 0.003 -23"><span class='ocrx_word' id='word_1_396' title='bbox 293 4322 521 4392; x_wconf 66' lang='grc' dir='ltr'><strong>ὁμοίως,</strong></span> <span class='ocrx_word' id='word_1_397' title='bbox 548 4322 643 4379; x_wconf 75' lang='grc' dir='ltr'><strong>καὶ</strong></span> <span class='ocrx_word' id='word_1_398' title='bbox 669 4324 966 4394; x_wconf 79' lang='grc' dir='ltr'><strong>ὲπεμήνισε</strong></span> <span class='ocrx_word' id='word_1_399' title='bbox 991 4323 1181 4387; x_wconf 84' lang='grc' dir='ltr'><strong>δεινῶς</strong></span> <span class='ocrx_word' id='word_1_400' title='bbox 1220 4325 1247 4376; x_wconf 87' lang='grc' dir='ltr'>ὁ</span> <span class='ocrx_word' id='word_1_401' title='bbox 1268 4324 1610 4394; x_wconf 84' lang='grc' dir='ltr'><strong>πρωτότοκος</strong></span> <span class='ocrx_word' id='word_1_402' title='bbox 1644 4322 1877 4397; x_wconf 79' lang='grc' dir='ltr'><strong>Ἰσραὴλ,</strong></span> 
     </span>
    </p>
   </div>
   <div class='ocr_carea' id='block_1_49' title="bbox 295 4414 1877 4488">
    <p class='ocr_par' dir='ltr' id='par_1_49' title="bbox 295 4414 1877 4488">
     <span class='ocr_line' id='line_1_49' title="bbox 295 4414 1877 4488; baseline 0.003 -22"><span class='ocrx_word' id='word_1_403' title='bbox 295 4417 408 4478; x_wconf 76' lang='grc' dir='ltr'><strong>τοῖς</strong></span> <span class='ocrx_word' id='word_1_404' title='bbox 425 4417 486 4469; x_wconf 78' lang='grc' dir='ltr'><strong>ὲν</strong></span> <span class='ocrx_word' id='word_1_405' title='bbox 513 4414 693 4470; x_wconf 87' lang='grc' dir='ltr'><strong>πίστει</strong></span> <span class='ocrx_word' id='word_1_406' title='bbox 725 4416 822 4469; x_wconf 74' lang='grc' dir='ltr'><strong>καὶ</strong></span> <span class='ocrx_word' id='word_1_407' title='bbox 863 4416 982 4486; x_wconf 79' lang='grc' dir='ltr'><strong>μετ’</strong></span> <span class='ocrx_word' id='word_1_408' title='bbox 1002 4415 1185 4482; x_wconf 82' lang='grc' dir='ltr'><strong>αὐτὸν,</strong></span> <span class='ocrx_word' id='word_1_409' title='bbox 1218 4416 1485 4481; x_wconf 83' lang='grc' dir='ltr'><strong>τουτέστι,</strong></span> <span class='ocrx_word' id='word_1_410' title='bbox 1504 4416 1583 4488; x_wconf 84' lang='grc' dir='ltr'><strong>τῷ</strong></span> <span class='ocrx_word' id='word_1_411' title='bbox 1612 4417 1714 4488; x_wconf 84' lang='grc' dir='ltr'><strong>νέῳ</strong></span> <span class='ocrx_word' id='word_1_412' title='bbox 1743 4416 1877 4488; x_wconf 85' lang='grc' dir='ltr'><strong>λαῷ.</strong></span> 
     </span>
    </p>
   </div>
   <div class='ocr_carea' id='block_1_50' title="bbox 2042 1038 3558 1115">
    <p class='ocr_par' dir='ltr' id='par_1_50' title="bbox 2042 1038 3558 1115">
     <span class='ocr_line' id='line_1_50' title="bbox 2042 1038 3558 1115; baseline -0.003 -18"><span class='ocrx_word' id='word_1_413' title='bbox 2042 1042 2098 1097; x_wconf 73' lang='lat'><strong>9.</strong></span> <span class='ocrx_word' id='word_1_414' title='bbox 2139 1042 2420 1109; x_wconf 83' lang='lat' dir='ltr'><strong>Quantum</strong></span> <span class='ocrx_word' id='word_1_415' title='bbox 2448 1043 2617 1115; x_wconf 97' lang='lat' dir='ltr'><strong>igitur</strong></span> <span class='ocrx_word' id='word_1_416' title='bbox 2647 1043 2847 1102; x_wconf 83' lang='lat' dir='ltr'><strong>attinet</strong></span> <span class='ocrx_word' id='word_1_417' title='bbox 2872 1043 2940 1099; x_wconf 93' lang='lat' dir='ltr'><strong>ad</strong></span> <span class='ocrx_word' id='word_1_418' title='bbox 2973 1042 3238 1105; x_wconf 88' lang='lat' dir='ltr'><strong>litteram,</strong></span> <span class='ocrx_word' id='word_1_419' title='bbox 3265 1049 3324 1098; x_wconf 86' lang='lat' dir='ltr'><strong>et</strong></span> <span class='ocrx_word' id='word_1_420' title='bbox 3346 1038 3418 1095; x_wconf 92' lang='lat' dir='ltr'><strong>ad</strong></span> <span class='ocrx_word' id='word_1_421' title='bbox 3451 1053 3558 1094; x_wconf 90' lang='lat' dir='ltr'><strong>nu-</strong></span> 
     </span>
    </p>
   </div>
   <div class='ocr_carea' id='block_1_51' title="bbox 1971 1130 3559 1207">
    <p class='ocr_par' dir='ltr' id='par_1_51' title="bbox 1971 1130 3559 1207">
     <span class='ocr_line' id='line_1_51' title="bbox 1971 1130 3559 1207; baseline -0.003 -18"><span class='ocrx_word' id='word_1_422' title='bbox 1971 1133 2097 1189; x_wconf 98' lang='lat' dir='ltr'><strong>dam</strong></span> <span class='ocrx_word' id='word_1_423' title='bbox 2136 1134 2447 1201; x_wconf 75' lang='lat' dir='ltr'><strong>historiam,</strong></span> <span class='ocrx_word' id='word_1_424' title='bbox 2469 1152 2578 1195; x_wconf 89' lang='lat' dir='ltr'><strong>non</strong></span> <span class='ocrx_word' id='word_1_425' title='bbox 2610 1152 2806 1207; x_wconf 88' lang='lat' dir='ltr'><strong>parum</strong></span> <span class='ocrx_word' id='word_1_426' title='bbox 2832 1133 3155 1193; x_wconf 87' lang='lat' dir='ltr'><strong>admiranda</strong></span> <span class='ocrx_word' id='word_1_427' title='bbox 3189 1140 3274 1187; x_wconf 86' lang='lat' dir='ltr'><strong>est</strong></span> <span class='ocrx_word' id='word_1_428' title='bbox 3311 1130 3559 1186; x_wconf 63' lang='lat' dir='ltr'><strong>Rebecca</strong></span> 
     </span>
    </p>
   </div>
   <div class='ocr_carea' id='block_1_52' title="bbox 1976 1221 3557 1296">
    <p class='ocr_par' dir='ltr' id='par_1_52' title="bbox 1976 1221 3557 1296">
     <span class='ocr_line' id='line_1_52' title="bbox 1976 1221 3557 1296; baseline -0.005 -14"><span class='ocrx_word' id='word_1_429' title='bbox 1976 1225 2095 1296; x_wconf 83' lang='lat' dir='ltr'><strong>ipsa</strong></span> <span class='ocrx_word' id='word_1_430' title='bbox 2123 1234 2181 1282; x_wconf 92' lang='lat' dir='ltr'><strong>et</strong></span> <span class='ocrx_word' id='word_1_431' title='bbox 2197 1226 2395 1283; x_wconf 83' lang='lat' dir='ltr'><strong>beatus</strong></span> <span class='ocrx_word' id='word_1_432' title='bbox 2430 1228 2598 1284; x_wconf 85' lang='lat' dir='ltr'><strong>Isaac.</strong></span> <span class='ocrx_word' id='word_1_433' title='bbox 2636 1229 2732 1283; x_wconf 88' lang='lat' dir='ltr'><strong>Illa</strong></span> <span class='ocrx_word' id='word_1_434' title='bbox 2757 1228 2903 1283; x_wconf 89' lang='lat' dir='ltr'><strong>enim</strong></span> <span class='ocrx_word' id='word_1_435' title='bbox 2943 1226 3146 1283; x_wconf 89' lang='lat' dir='ltr'><strong>marito</strong></span> <span class='ocrx_word' id='word_1_436' title='bbox 3181 1230 3243 1279; x_wconf 85' lang='grc' dir='ltr'><strong>ιιι</strong></span> <span class='ocrx_word' id='word_1_437' title='bbox 3281 1221 3557 1292; x_wconf 82' lang='lat' dir='ltr'><strong>superiori</strong></span> 
     </span>
    </p>
   </div>
   <div class='ocr_carea' id='block_1_53' title="bbox 1974 1312 3556 1390">
    <p class='ocr_par' dir='ltr' id='par_1_53' title="bbox 1974 1312 3556 1390">
     <span class='ocr_line' id='line_1_53' title="bbox 1974 1312 3556 1390; baseline -0.006 -15"><span class='ocrx_word' id='word_1_438' title='bbox 1974 1332 2170 1387; x_wconf 82' lang='lat' dir='ltr'><strong>preces</strong></span> <span class='ocrx_word' id='word_1_439' title='bbox 2196 1318 2466 1375; x_wconf 82' lang='lat' dir='ltr'><strong>oﬁ‘erebat</strong></span> <span class='ocrx_word' id='word_1_440' title='bbox 2483 1334 2585 1390; x_wconf 92' lang='lat' dir='ltr'><strong>pro</strong></span> <span class='ocrx_word' id='word_1_441' title='bbox 2613 1318 2745 1374; x_wconf 93' lang='lat' dir='ltr'><strong>ﬁlio.</strong></span> <span class='ocrx_word' id='word_1_442' title='bbox 2774 1318 2874 1374; x_wconf 83' lang='lat' dir='ltr'><strong>llic</strong></span> <span class='ocrx_word' id='word_1_443' title='bbox 2898 1333 3028 1374; x_wconf 82' lang='lat' dir='ltr'><strong>vero</strong></span> <span class='ocrx_word' id='word_1_444' title='bbox 3060 1324 3271 1372; x_wconf 62' lang='lat' dir='ltr'><strong>natura</strong></span> <span class='ocrx_word' id='word_1_445' title='bbox 3299 1314 3477 1384; x_wconf 89' lang='lat' dir='ltr'><strong>legem</strong></span> <span class='ocrx_word' id='word_1_446' title='bbox 3499 1312 3556 1366; x_wconf 89' lang='lat' dir='ltr'><strong>in</strong></span> 
     </span>
    </p>
   </div>
   <div class='ocr_carea' id='block_1_54' title="bbox 1975 1406 3555 1480">
    <p class='ocr_par' dir='ltr' id='par_1_54' title="bbox 1975 1406 3555 1480">
     <span class='ocr_line' id='line_1_54' title="bbox 1975 1406 3555 1480; baseline -0.003 -18"><span class='ocrx_word' id='word_1_447' title='bbox 1975 1407 2267 1464; x_wconf 82' lang='lat' dir='ltr'><strong>consilium</strong></span> <span class='ocrx_word' id='word_1_448' title='bbox 2289 1409 2581 1476; x_wconf 86' lang='lat' dir='ltr'><strong>adhibens,</strong></span> <span class='ocrx_word' id='word_1_449' title='bbox 2605 1419 2667 1466; x_wconf 91' lang='lat' dir='ltr'><strong>ut</strong></span> <span class='ocrx_word' id='word_1_450' title='bbox 2692 1425 2724 1465; x_wconf 93' lang='lat' dir='ltr'><strong>a</strong></span> <span class='ocrx_word' id='word_1_451' title='bbox 2744 1408 2951 1480; x_wconf 90' lang='lat' dir='ltr'><strong>nuptiis</strong></span> <span class='ocrx_word' id='word_1_452' title='bbox 2970 1423 3093 1479; x_wconf 63' lang='lat' dir='ltr'><strong>qua</strong></span> <span class='ocrx_word' id='word_1_453' title='bbox 3112 1406 3274 1461; x_wconf 90' lang='lat' dir='ltr'><strong>matri</strong></span> <span class='ocrx_word' id='word_1_454' title='bbox 3304 1419 3418 1460; x_wconf 73' lang='lat' dir='ltr'><strong>sua:</strong></span> <span class='ocrx_word' id='word_1_455' title='bbox 3443 1418 3555 1458; x_wconf 89' lang='lat' dir='ltr'><strong>non</strong></span> 
     </span>
    </p>
   </div>
   <div class='ocr_carea' id='block_1_55' title="bbox 1973 1495 3555 1573">
    <p class='ocr_par' dir='ltr' id='par_1_55' title="bbox 1973 1495 3555 1573">
     <span class='ocr_line' id='line_1_55' title="bbox 1973 1495 3555 1573; baseline -0.003 -19"><span class='ocrx_word' id='word_1_456' title='bbox 1973 1499 2272 1570; x_wconf 76' lang='lat' dir='ltr'><strong>placerent,</strong></span> <span class='ocrx_word' id='word_1_457' title='bbox 2298 1501 2624 1566; x_wconf 78' lang='lat' dir='ltr'><strong>abstineret,</strong></span> <span class='ocrx_word' id='word_1_458' title='bbox 2662 1502 2967 1573; x_wconf 69' lang='lat' dir='ltr'><strong>praecepit:</strong></span> <span class='ocrx_word' id='word_1_459' title='bbox 2993 1500 3256 1557; x_wconf 83' lang='lat' dir='ltr'><strong>erudiens</strong></span> <span class='ocrx_word' id='word_1_460' title='bbox 3289 1495 3555 1568; x_wconf 80' lang='lat' dir='ltr'><strong>quodam-</strong></span> 
     </span>
    </p>
   </div>
   <div class='ocr_carea' id='block_1_56' title="bbox 1972 1588 3557 1664">
    <p class='ocr_par' dir='ltr' id='par_1_56' title="bbox 1972 1588 3557 1664">
     <span class='ocr_line' id='line_1_56' title="bbox 1972 1588 3557 1664; baseline -0.003 -18"><span class='ocrx_word' id='word_1_461' title='bbox 1972 1589 2139 1646; x_wconf 85' lang='lat' dir='ltr'><strong>modo</strong></span> <span class='ocrx_word' id='word_1_462' title='bbox 2175 1590 2351 1647; x_wconf 84' lang='lat' dir='ltr'><strong>instar</strong></span> <span class='ocrx_word' id='word_1_463' title='bbox 2381 1592 2549 1648; x_wconf 87' lang='lat' dir='ltr'><strong>catuli</strong></span> <span class='ocrx_word' id='word_1_464' title='bbox 2574 1608 2725 1659; x_wconf 88' lang='lat' dir='ltr'><strong>eum,</strong></span> <span class='ocrx_word' id='word_1_465' title='bbox 2757 1593 2853 1664; x_wconf 89' lang='lat' dir='ltr'><strong>qui</strong></span> <span class='ocrx_word' id='word_1_466' title='bbox 2916 1607 2987 1648; x_wconf 76' lang='lat' dir='ltr'><strong>ex</strong></span> <span class='ocrx_word' id='word_1_467' title='bbox 3020 1591 3143 1662; x_wconf 90' lang='lat' dir='ltr'><strong>ipso</strong></span> <span class='ocrx_word' id='word_1_468' title='bbox 3175 1598 3331 1646; x_wconf 87' lang='lat' dir='ltr'><strong>ortus</strong></span> <span class='ocrx_word' id='word_1_469' title='bbox 3359 1588 3557 1660; x_wconf 80' lang='lat' dir='ltr'><strong>pieque</strong></span> 
     </span>
    </p>
   </div>
   <div class='ocr_carea' id='block_1_57' title="bbox 1970 1680 3558 1757">
    <p class='ocr_par' dir='ltr' id='par_1_57' title="bbox 1970 1680 3558 1757">
     <span class='ocr_line' id='line_1_57' title="bbox 1970 1680 3558 1757; baseline -0.006 -15"><span class='ocrx_word' id='word_1_470' title='bbox 1970 1685 2239 1742; x_wconf 76' lang='lat' dir='ltr'><strong>educatus</strong></span> <span class='ocrx_word' id='word_1_471' title='bbox 2261 1692 2404 1751; x_wconf 86' lang='lat' dir='ltr'><strong>erat,</strong></span> <span class='ocrx_word' id='word_1_472' title='bbox 2429 1692 2487 1740; x_wconf 89' lang='lat' dir='ltr'><strong>et</strong></span> <span class='ocrx_word' id='word_1_473' title='bbox 2514 1694 2760 1757; x_wconf 64' lang='lat' dir='ltr'><strong>paterna</strong></span> <span class='ocrx_word' id='word_1_474' title='bbox 2784 1683 3010 1740; x_wconf 79' lang='lat' dir='ltr'><strong>virtutis</strong></span> <span class='ocrx_word' id='word_1_475' title='bbox 3028 1681 3275 1754; x_wconf 75' lang='lat' dir='ltr'><strong>vestigiis</strong></span> <span class='ocrx_word' id='word_1_476' title='bbox 3307 1680 3558 1735; x_wconf 84' lang='lat' dir='ltr'><strong>insistere</strong></span> 
     </span>
    </p>
   </div>
   <div class='ocr_carea' id='block_1_58' title="bbox 1969 1772 3559 1851">
    <p class='ocr_par' dir='ltr' id='par_1_58' title="bbox 1969 1772 3559 1851">
     <span class='ocr_line' id='line_1_58' title="bbox 1969 1772 3559 1851; baseline -0.007 -15"><span class='ocrx_word' id='word_1_477' title='bbox 1969 1779 2190 1851; x_wconf 66' lang='lat' dir='ltr'><strong>iubens.</strong></span> <span class='ocrx_word' id='word_1_478' title='bbox 2221 1778 2434 1839; x_wconf 73' lang='lat' dir='ltr'><strong>Passim</strong></span> <span class='ocrx_word' id='word_1_479' title='bbox 2457 1777 2608 1835; x_wconf 89' lang='lat' dir='ltr'><strong>enim</strong></span> <span class='ocrx_word' id='word_1_480' title='bbox 2628 1777 2818 1833; x_wconf 85' lang='lat' dir='ltr'><strong>videre</strong></span> <span class='ocrx_word' id='word_1_481' title='bbox 2838 1783 2926 1832; x_wconf 92' lang='lat' dir='ltr'><strong>est</strong></span> <span class='ocrx_word' id='word_1_482' title='bbox 2950 1774 3200 1831; x_wconf 89' lang='lat' dir='ltr'><strong>divinum</strong></span> <span class='ocrx_word' id='word_1_483' title='bbox 3229 1772 3399 1829; x_wconf 91' lang='lat' dir='ltr'><strong>Iacob</strong></span> <span class='ocrx_word' id='word_1_484' title='bbox 3418 1784 3559 1841; x_wconf 70' lang='lat' dir='ltr'><strong>pra:-</strong></span> 
     </span>
    </p>
   </div>
   <div class='ocr_carea' id='block_1_59' title="bbox 1974 1863 3557 1942">
    <p class='ocr_par' dir='ltr' id='par_1_59' title="bbox 1974 1863 3557 1942">
     <span class='ocr_line' id='line_1_59' title="bbox 1974 1863 3557 1942; baseline -0.007 -16"><span class='ocrx_word' id='word_1_485' title='bbox 1974 1871 2150 1941; x_wconf 79' lang='lat' dir='ltr'><strong>oeptis</strong></span> <span class='ocrx_word' id='word_1_486' title='bbox 2181 1871 2427 1942; x_wconf 72' lang='lat' dir='ltr'><strong>paternis</strong></span> <span class='ocrx_word' id='word_1_487' title='bbox 2456 1871 2954 1941; x_wconf 77' lang='lat' dir='ltr'><strong>obtemperantem,</strong></span> <span class='ocrx_word' id='word_1_488' title='bbox 2998 1874 3056 1921; x_wconf 91' lang='lat' dir='ltr'><strong>et</strong></span> <span class='ocrx_word' id='word_1_489' title='bbox 3098 1863 3271 1920; x_wconf 92' lang='lat' dir='ltr'><strong>veluti</strong></span> <span class='ocrx_word' id='word_1_490' title='bbox 3310 1871 3557 1932; x_wconf 87' lang='lat' dir='ltr'><strong>apertam</strong></span> 
     </span>
    </p>
   </div>
   <div class='ocr_carea' id='block_1_60' title="bbox 1974 1952 3555 2030">
    <p class='ocr_par' dir='ltr' id='par_1_60' title="bbox 1974 1952 3555 2030">
     <span class='ocr_line' id='line_1_60' title="bbox 1974 1952 3555 2030; baseline -0.006 -15"><span class='ocrx_word' id='word_1_491' title='bbox 1974 1960 2313 2030; x_wconf 78' lang='lat' dir='ltr'><strong>minimeque</strong></span> <span class='ocrx_word' id='word_1_492' title='bbox 2348 1960 2640 2015; x_wconf 76' lang='lat' dir='ltr'><strong>obscuram</strong></span> <span class='ocrx_word' id='word_1_493' title='bbox 2664 1956 2887 2029; x_wconf 86' lang='lat' dir='ltr'><strong>pietatis</strong></span> <span class='ocrx_word' id='word_1_494' title='bbox 2908 1970 3038 2027; x_wconf 79' lang='lat' dir='ltr'><strong>erga</strong></span> <span class='ocrx_word' id='word_1_495' title='bbox 3073 1955 3246 2010; x_wconf 88' lang='lat' dir='ltr'><strong>Deum</strong></span> <span class='ocrx_word' id='word_1_496' title='bbox 3278 1952 3555 2023; x_wconf 83' lang='lat' dir='ltr'><strong>signiﬁca-</strong></span> 
     </span>
    </p>
   </div>
   <div class='ocr_carea' id='block_1_61' title="bbox 1977 2045 3556 2124">
    <p class='ocr_par' dir='ltr' id='par_1_61' title="bbox 1977 2045 3556 2124">
     <span class='ocr_line' id='line_1_61' title="bbox 1977 2045 3556 2124; baseline -0.006 -15"><span class='ocrx_word' id='word_1_497' title='bbox 1977 2055 2185 2109; x_wconf 85' lang='lat' dir='ltr'><strong>tionem</strong></span> <span class='ocrx_word' id='word_1_498' title='bbox 2208 2067 2325 2124; x_wconf 64' lang='grc' dir='ltr'><strong>ιιι-ω</strong></span> <span class='ocrx_word' id='word_1_499' title='bbox 2350 2067 2409 2108; x_wconf 80' lang='lat' dir='ltr'><strong>se</strong></span> <span class='ocrx_word' id='word_1_500' title='bbox 2434 2051 2723 2108; x_wconf 88' lang='lat' dir='ltr'><strong>ferentem.</strong></span> <span class='ocrx_word' id='word_1_501' title='bbox 2755 2050 3033 2118; x_wconf 82' lang='lat' dir='ltr'><strong>Quantum</strong></span> <span class='ocrx_word' id='word_1_502' title='bbox 3070 2062 3202 2103; x_wconf 85' lang='lat' dir='ltr'><strong>vero</strong></span> <span class='ocrx_word' id='word_1_503' title='bbox 3238 2047 3307 2101; x_wconf 89' lang='lat' dir='ltr'><strong>ad</strong></span> <span class='ocrx_word' id='word_1_504' title='bbox 3335 2045 3556 2116; x_wconf 81' lang='lat' dir='ltr'><strong>spirita-</strong></span> 
     </span>
    </p>
   </div>
   <div class='ocr_carea' id='block_1_62' title="bbox 1974 2136 3557 2216">
    <p class='ocr_par' dir='ltr' id='par_1_62' title="bbox 1974 2136 3557 2216">
     <span class='ocr_line' id='line_1_62' title="bbox 1974 2136 3557 2216; baseline -0.008 -14"><span class='ocrx_word' id='word_1_505' title='bbox 1974 2147 2085 2205; x_wconf 86' lang='lat' dir='ltr'><strong>lem</strong></span> <span class='ocrx_word' id='word_1_506' title='bbox 2132 2144 2655 2216; x_wconf 81' lang='lat' dir='ltr'><strong>contemplationem</strong></span> <span class='ocrx_word' id='word_1_507' title='bbox 2680 2144 2892 2198; x_wconf 74' lang='lat' dir='ltr'><strong>attinet</strong></span> <span class='ocrx_word' id='word_1_508' title='bbox 2915 2183 2930 2208; x_wconf 94' lang='lat'><strong>,</strong></span> <span class='ocrx_word' id='word_1_509' title='bbox 2976 2141 3144 2201; x_wconf 84' lang='lat' dir='ltr'><strong>altius</strong></span> <span class='ocrx_word' id='word_1_510' title='bbox 3194 2136 3557 2208; x_wconf 87' lang='lat' dir='ltr'><strong>repetendum</strong></span> 
     </span>
    </p>
   </div>
   <div class='ocr_carea' id='block_1_63' title="bbox 1975 2226 3559 2297">
    <p class='ocr_par' dir='ltr' id='par_1_63' title="bbox 1975 2226 3559 2297">
     <span class='ocr_line' id='line_1_63' title="bbox 1975 2226 3559 2297; baseline -0.01 -3"><span class='ocrx_word' id='word_1_511' title='bbox 1975 2252 2285 2294; x_wconf 86' lang='lat' dir='ltr'><strong>sermonem</strong></span> <span class='ocrx_word' id='word_1_512' title='bbox 2339 2251 2462 2293; x_wconf 89' lang='lat' dir='ltr'><strong>esse</strong></span> <span class='ocrx_word' id='word_1_513' title='bbox 2506 2235 2773 2290; x_wconf 87' lang='lat' dir='ltr'><strong>arbitror.</strong></span> <span class='ocrx_word' id='word_1_514' title='bbox 2837 2234 2916 2293; x_wconf 88' lang='lat' dir='ltr'><strong>Ita</strong></span> <span class='ocrx_word' id='word_1_515' title='bbox 2961 2233 3113 2290; x_wconf 88' lang='lat' dir='ltr'><strong>enim</strong></span> <span class='ocrx_word' id='word_1_516' title='bbox 3164 2226 3559 2297; x_wconf 79' lang='lat' dir='ltr'><strong>contemplatio</strong></span> 
     </span>
    </p>
   </div>
   <div class='ocr_carea' id='block_1_64' title="bbox 1974 2316 3560 2402">
    <p class='ocr_par' dir='ltr' id='par_1_64' title="bbox 1974 2316 3560 2402">
     <span class='ocr_line' id='line_1_64' title="bbox 1974 2316 3560 2402; baseline -0.01 -16"><span class='ocrx_word' id='word_1_517' title='bbox 1974 2329 2267 2402; x_wconf 84' lang='lat' dir='ltr'><strong>perspicua</strong></span> <span class='ocrx_word' id='word_1_518' title='bbox 2319 2328 2479 2384; x_wconf 80' lang='lat' dir='ltr'><strong>facile</strong></span> <span class='ocrx_word' id='word_1_519' title='bbox 2524 2325 2639 2383; x_wconf 89' lang='lat' dir='ltr'><strong>ﬁet.</strong></span> <span class='ocrx_word' id='word_1_520' title='bbox 2694 2325 2944 2381; x_wconf 81' lang='lat' dir='ltr'><strong>Rebecca</strong></span> <span class='ocrx_word' id='word_1_521' title='bbox 2996 2323 3145 2379; x_wconf 85' lang='lat' dir='ltr'><strong>enim</strong></span> <span class='ocrx_word' id='word_1_522' title='bbox 3200 2335 3327 2377; x_wconf 87' lang='lat' dir='ltr'><strong>cum</strong></span> <span class='ocrx_word' id='word_1_523' title='bbox 3377 2316 3560 2373; x_wconf 87' lang='lat' dir='ltr'><strong>adhuc</strong></span> 
     </span>
    </p>
   </div>
   <div class='ocr_carea' id='block_1_65' title="bbox 1976 2416 3556 2493">
    <p class='ocr_par' dir='ltr' id='par_1_65' title="bbox 1976 2416 3556 2493">
     <span class='ocr_line' id='line_1_65' title="bbox 1976 2416 3556 2493; baseline -0.011 -14"><span class='ocrx_word' id='word_1_524' title='bbox 1976 2432 2136 2479; x_wconf 88' lang='lat' dir='ltr'><strong>utero</strong></span> <span class='ocrx_word' id='word_1_525' title='bbox 2168 2429 2410 2493; x_wconf 74' lang='lat' dir='ltr'><strong>gestaret</strong></span> <span class='ocrx_word' id='word_1_526' title='bbox 2447 2436 2547 2492; x_wconf 86' lang='lat' dir='ltr'><strong>par</strong></span> <span class='ocrx_word' id='word_1_527' title='bbox 2587 2418 2725 2475; x_wconf 88' lang='lat' dir='ltr'><strong>illud</strong></span> <span class='ocrx_word' id='word_1_528' title='bbox 2759 2417 3000 2479; x_wconf 85' lang='lat' dir='ltr'><strong>fratrum</strong></span> <span class='ocrx_word' id='word_1_529' title='bbox 3031 2431 3101 2473; x_wconf 78' lang='lat' dir='ltr'><strong>ex</strong></span> <span class='ocrx_word' id='word_1_530' title='bbox 3134 2416 3250 2485; x_wconf 84' lang='lat' dir='ltr'><strong>ipsa</strong></span> <span class='ocrx_word' id='word_1_531' title='bbox 3279 2418 3556 2473; x_wconf 88' lang='lat' dir='ltr'><strong>natorum,</strong></span> 
     </span>
    </p>
   </div>
   <div class='ocr_carea' id='block_1_66' title="bbox 1977 2502 3561 2579">
    <p class='ocr_par' dir='ltr' id='par_1_66' title="bbox 1977 2502 3561 2579">
     <span class='ocr_line' id='line_1_66' title="bbox 1977 2502 3561 2579; baseline -0.01 -10"><span class='ocrx_word' id='word_1_532' title='bbox 1977 2513 2353 2569; x_wconf 85' lang='lat' dir='ltr'><strong>intolerabiles</strong></span> <span class='ocrx_word' id='word_1_533' title='bbox 2392 2512 2562 2567; x_wconf 84' lang='lat' dir='ltr'><strong>animi</strong></span> <span class='ocrx_word' id='word_1_534' title='bbox 2617 2511 2840 2567; x_wconf 83' lang='lat' dir='ltr'><strong>dolores</strong></span> <span class='ocrx_word' id='word_1_535' title='bbox 2878 2522 3137 2579; x_wconf 86' lang='lat' dir='ltr'><strong>perpessa</strong></span> <span class='ocrx_word' id='word_1_536' title='bbox 3177 2512 3284 2568; x_wconf 90' lang='lat' dir='ltr'><strong>est,</strong></span> <span class='ocrx_word' id='word_1_537' title='bbox 3322 2502 3463 2559; x_wconf 85' lang='lat' dir='ltr'><strong>adeo</strong></span> <span class='ocrx_word' id='word_1_538' title='bbox 3497 2506 3561 2555; x_wconf 88' lang='lat' dir='ltr'><strong>ut</strong></span> 
     </span>
    </p>
   </div>
   <div class='ocr_carea' id='block_1_67' title="bbox 1976 2592 3558 2675">
    <p class='ocr_par' dir='ltr' id='par_1_67' title="bbox 1976 2592 3558 2675">
     <span class='ocr_line' id='line_1_67' title="bbox 1976 2592 3558 2675; baseline -0.011 -14"><span class='ocrx_word' id='word_1_539' title='bbox 1976 2605 2143 2661; x_wconf 87' lang='lat' dir='ltr'><strong>etiam</strong></span> <span class='ocrx_word' id='word_1_540' title='bbox 2176 2605 2244 2660; x_wconf 88' lang='lat' dir='ltr'><strong>de</strong></span> <span class='ocrx_word' id='word_1_541' title='bbox 2273 2604 2385 2660; x_wconf 88' lang='lat' dir='ltr'><strong>vita</strong></span> <span class='ocrx_word' id='word_1_542' title='bbox 2413 2603 2844 2675; x_wconf 83' lang='lat' dir='ltr'><strong>periclitaretur,</strong></span> <span class='ocrx_word' id='word_1_543' title='bbox 2878 2594 3318 2655; x_wconf 80' lang='lat' dir='ltr'><strong>subsultantihua</strong></span> <span class='ocrx_word' id='word_1_544' title='bbox 3358 2592 3558 2645; x_wconf 87' lang='lat' dir='ltr'><strong>immo-</strong></span> 
     </span>
    </p>
   </div>
   <div class='ocr_carea' id='block_1_68' title="bbox 1977 2679 3559 2756">
    <p class='ocr_par' dir='ltr' id='par_1_68' title="bbox 1977 2679 3559 2756">
     <span class='ocr_line' id='line_1_68' title="bbox 1977 2679 3559 2756; baseline -0.009 -8"><span class='ocrx_word' id='word_1_545' title='bbox 1977 2692 2164 2748; x_wconf 89' lang='lat' dir='ltr'><strong>derate</strong></span> <span class='ocrx_word' id='word_1_546' title='bbox 2196 2693 2252 2747; x_wconf 89' lang='lat' dir='ltr'><strong>in</strong></span> <span class='ocrx_word' id='word_1_547' title='bbox 2288 2700 2448 2749; x_wconf 85' lang='lat' dir='ltr'><strong>utero</strong></span> <span class='ocrx_word' id='word_1_548' title='bbox 2488 2690 2810 2747; x_wconf 83' lang='lat' dir='ltr'><strong>infantibus.</strong></span> <span class='ocrx_word' id='word_1_549' title='bbox 2859 2687 3068 2744; x_wconf 85' lang='lat' dir='ltr'><strong>Deinde</strong></span> <span class='ocrx_word' id='word_1_550' title='bbox 3113 2684 3247 2756; x_wconf 90' lang='lat' dir='ltr'><strong>quid</strong></span> <span class='ocrx_word' id='word_1_551' title='bbox 3292 2683 3400 2737; x_wconf 91' lang='lat' dir='ltr'><strong>hoc</strong></span> <span class='ocrx_word' id='word_1_552' title='bbox 3451 2679 3559 2736; x_wconf 89' lang='lat' dir='ltr'><strong>sibi</strong></span> 
     </span>
    </p>
   </div>
   <div class='ocr_carea' id='block_1_69' title="bbox 1974 2772 3559 2845">
    <p class='ocr_par' dir='ltr' id='par_1_69' title="bbox 1974 2772 3559 2845">
     <span class='ocr_line' id='line_1_69' title="bbox 1974 2772 3559 2845; baseline -0.008 -6"><span class='ocrx_word' id='word_1_553' title='bbox 1974 2784 2141 2840; x_wconf 82' lang='lat' dir='ltr'><strong>vellet</strong></span> <span class='ocrx_word' id='word_1_554' title='bbox 2171 2784 2343 2845; x_wconf 84' lang='lat' dir='ltr'><strong>Deum</strong></span> <span class='ocrx_word' id='word_1_555' title='bbox 2374 2784 2650 2839; x_wconf 80' lang='lat' dir='ltr'><strong>sciscitata</strong></span> <span class='ocrx_word' id='word_1_556' title='bbox 2675 2790 2762 2838; x_wconf 87' lang='lat' dir='ltr'><strong>est</strong></span> <span class='ocrx_word' id='word_1_557' title='bbox 2789 2781 2980 2837; x_wconf 81' lang='lat' dir='ltr'><strong>dicens</strong></span> <span class='ocrx_word' id='word_1_558' title='bbox 3006 2798 3020 2834; x_wconf 90' lang='lat'>:</span> <span class='ocrx_word' id='word_1_559' title='bbox 3052 2798 3071 2830; x_wconf 78' lang='grc' dir='ltr'><strong>ι</strong></span> <span class='ocrx_word' id='word_1_560' title='bbox 3100 2777 3158 2832; x_wconf 86' lang='lat' dir='ltr'><strong>Si</strong></span> <span class='ocrx_word' id='word_1_561' title='bbox 3189 2775 3269 2832; x_wconf 91' lang='lat' dir='ltr'><strong>sic</strong></span> <span class='ocrx_word' id='word_1_562' title='bbox 3303 2773 3439 2829; x_wconf 87' lang='lat' dir='ltr'><strong>mihi</strong></span> <span class='ocrx_word' id='word_1_563' title='bbox 3468 2772 3559 2828; x_wconf 90' lang='lat' dir='ltr'><strong>fu-</strong></span> 
     </span>
    </p>
   </div>
   <div class='ocr_carea' id='block_1_70' title="bbox 1978 2865 3554 2945">
    <p class='ocr_par' dir='ltr' id='par_1_70' title="bbox 1978 2865 3554 2945">
     <span class='ocr_line' id='line_1_70' title="bbox 1978 2865 3554 2945; baseline -0.01 -13"><span class='ocrx_word' id='word_1_564' title='bbox 1978 2885 2168 2932; x_wconf 88' lang='lat' dir='ltr'><strong>turum</strong></span> <span class='ocrx_word' id='word_1_565' title='bbox 2188 2883 2292 2940; x_wconf 87' lang='lat' dir='ltr'><strong>est,</strong></span> <span class='ocrx_word' id='word_1_566' title='bbox 2318 2890 2488 2945; x_wconf 89' lang='lat' dir='ltr'><strong>quare</strong></span> <span class='ocrx_word' id='word_1_567' title='bbox 2516 2874 2651 2929; x_wconf 90' lang='lat' dir='ltr'><strong>mihi</strong></span> <span class='ocrx_word' id='word_1_568' title='bbox 2677 2873 2817 2928; x_wconf 77' lang='lat' dir='ltr'><strong>hoc?</strong></span> <span class='ocrx_word' id='word_1_569' title='bbox 2840 2891 2860 2927; x_wconf 77' lang='grc' dir='ltr'><strong>ι</strong></span> <span class='ocrx_word' id='word_1_570' title='bbox 2887 2868 3206 2942; x_wconf 80' lang='lat' dir='ltr'><strong>Respondet</strong></span> <span class='ocrx_word' id='word_1_571' title='bbox 3224 2879 3359 2922; x_wconf 89' lang='lat' dir='ltr'><strong>vero</strong></span> <span class='ocrx_word' id='word_1_572' title='bbox 3382 2865 3554 2919; x_wconf 83' lang='lat' dir='ltr'><strong>Deus:</strong></span> 
     </span>
    </p>
   </div>
   <div class='ocr_carea' id='block_1_71' title="bbox 1983 2956 3560 3039">
    <p class='ocr_par' dir='ltr' id='par_1_71' title="bbox 1983 2956 3560 3039">
     <span class='ocr_line' id='line_1_71' title="bbox 1983 2956 3560 3039; baseline -0.007 -19"><span class='ocrx_word' id='word_1_573' title='bbox 1983 2988 2002 3020; x_wconf 77' lang='grc' dir='ltr'><strong>ε</strong></span> <span class='ocrx_word' id='word_1_574' title='bbox 2032 2969 2162 3023; x_wconf 65' lang='lat' dir='ltr'><strong>Dum</strong></span> <span class='ocrx_word' id='word_1_575' title='bbox 2204 2976 2397 3039; x_wconf 86' lang='lat' dir='ltr'><strong>gentes</strong></span> <span class='ocrx_word' id='word_1_576' title='bbox 2434 2968 2492 3022; x_wconf 91' lang='lat' dir='ltr'><strong>in</strong></span> <span class='ocrx_word' id='word_1_577' title='bbox 2519 2975 2678 3025; x_wconf 90' lang='lat' dir='ltr'><strong>utero</strong></span> <span class='ocrx_word' id='word_1_578' title='bbox 2706 2974 2801 3021; x_wconf 91' lang='lat' dir='ltr'><strong>tuo</strong></span> <span class='ocrx_word' id='word_1_579' title='bbox 2840 2972 2992 3029; x_wconf 91' lang='lat' dir='ltr'><strong>sunt,</strong></span> <span class='ocrx_word' id='word_1_580' title='bbox 3022 2971 3080 3017; x_wconf 91' lang='lat' dir='ltr'><strong>et</strong></span> <span class='ocrx_word' id='word_1_581' title='bbox 3122 2961 3234 3016; x_wconf 94' lang='lat' dir='ltr'><strong>duo</strong></span> <span class='ocrx_word' id='word_1_582' title='bbox 3263 2956 3454 3028; x_wconf 90' lang='lat' dir='ltr'><strong>populi</strong></span> <span class='ocrx_word' id='word_1_583' title='bbox 3491 2970 3560 3011; x_wconf 78' lang='lat' dir='ltr'><strong>ex</strong></span> 
     </span>
    </p>
   </div>
   <div class='ocr_carea' id='block_1_72' title="bbox 1976 3042 3555 3126">
    <p class='ocr_par' dir='ltr' id='par_1_72' title="bbox 1976 3042 3555 3126">
     <span class='ocr_line' id='line_1_72' title="bbox 1976 3042 3555 3126; baseline -0.009 -13"><span class='ocrx_word' id='word_1_584' title='bbox 1976 3068 2138 3115; x_wconf 87' lang='lat' dir='ltr'><strong>utero</strong></span> <span class='ocrx_word' id='word_1_585' title='bbox 2160 3066 2256 3114; x_wconf 89' lang='lat' dir='ltr'><strong>tuo</strong></span> <span class='ocrx_word' id='word_1_586' title='bbox 2274 3058 2617 3121; x_wconf 79' lang='lat' dir='ltr'><strong>dividentur,</strong></span> <span class='ocrx_word' id='word_1_587' title='bbox 2634 3066 2690 3112; x_wconf 90' lang='lat' dir='ltr'><strong>et</strong></span> <span class='ocrx_word' id='word_1_588' title='bbox 2703 3042 2942 3126; x_wconf 78' lang='lat' dir='ltr'><strong>populus</strong></span> <span class='ocrx_word' id='word_1_589' title='bbox 2963 3050 3228 3122; x_wconf 87' lang='lat' dir='ltr'><strong>populum</strong></span> <span class='ocrx_word' id='word_1_590' title='bbox 3253 3046 3555 3118; x_wconf 83' lang='lat' dir='ltr'><strong>superabit,</strong></span> 
     </span>
    </p>
   </div>
   <div class='ocr_carea' id='block_1_73' title="bbox 1977 3137 3561 3220">
    <p class='ocr_par' dir='ltr' id='par_1_73' title="bbox 1977 3137 3561 3220">
     <span class='ocr_line' id='line_1_73' title="bbox 1977 3137 3561 3220; baseline -0.008 -14"><span class='ocrx_word' id='word_1_591' title='bbox 1977 3159 2034 3206; x_wconf 88' lang='lat' dir='ltr'><strong>et</strong></span> <span class='ocrx_word' id='word_1_592' title='bbox 2061 3150 2235 3220; x_wconf 68' lang='lat' dir='ltr'><strong>major</strong></span> <span class='ocrx_word' id='word_1_593' title='bbox 2254 3150 2459 3205; x_wconf 78' lang='lat' dir='ltr'><strong>serviet</strong></span> <span class='ocrx_word' id='word_1_594' title='bbox 2480 3147 2682 3203; x_wconf 88' lang='lat' dir='ltr'><strong>minori</strong></span> <span class='ocrx_word' id='word_1_595' title='bbox 2705 3148 2772 3201; x_wconf 87' lang='grc'><strong>⁷³.</strong></span> <span class='ocrx_word' id='word_1_596' title='bbox 2802 3165 2822 3198; x_wconf 76' lang='grc' dir='ltr'><strong>ι</strong></span> <span class='ocrx_word' id='word_1_597' title='bbox 2852 3144 3171 3199; x_wconf 85' lang='lat' dir='ltr'><strong>Statuamus</strong></span> <span class='ocrx_word' id='word_1_598' title='bbox 3188 3140 3373 3211; x_wconf 85' lang='lat' dir='ltr'><strong>itaque</strong></span> <span class='ocrx_word' id='word_1_599' title='bbox 3393 3137 3561 3195; x_wconf 87' lang='lat' dir='ltr'><strong>Iacob</strong></span> 
     </span>
    </p>
   </div>
   <div class='ocr_carea' id='block_1_74' title="bbox 1978 3231 3558 3314">
    <p class='ocr_par' dir='ltr' id='par_1_74' title="bbox 1978 3231 3558 3314">
     <span class='ocr_line' id='line_1_74' title="bbox 1978 3231 3558 3314; baseline -0.008 -16"><span class='ocrx_word' id='word_1_600' title='bbox 1978 3250 2035 3299; x_wconf 89' lang='lat' dir='ltr'><strong>et</strong></span> <span class='ocrx_word' id='word_1_601' title='bbox 2070 3243 2213 3298; x_wconf 84' lang='lat' dir='ltr'><strong>Esau</strong></span> <span class='ocrx_word' id='word_1_602' title='bbox 2256 3242 2316 3296; x_wconf 91' lang='lat' dir='ltr'><strong>in</strong></span> <span class='ocrx_word' id='word_1_603' title='bbox 2360 3250 2551 3314; x_wconf 83' lang='lat' dir='ltr'><strong>typum</strong></span> <span class='ocrx_word' id='word_1_604' title='bbox 2598 3240 2834 3295; x_wconf 90' lang='lat' dir='ltr'><strong>duorum</strong></span> <span class='ocrx_word' id='word_1_605' title='bbox 2881 3234 3234 3309; x_wconf 78' lang='lat' dir='ltr'><strong>populorum,</strong></span> <span class='ocrx_word' id='word_1_606' title='bbox 3277 3231 3558 3288; x_wconf 84' lang='lat' dir='ltr'><strong>Israclitiel</strong></span> 
     </span>
    </p>
   </div>
   <div class='ocr_carea' id='block_1_75' title="bbox 1977 3323 3557 3399">
    <p class='ocr_par' dir='ltr' id='par_1_75' title="bbox 1977 3323 3557 3399">
     <span class='ocr_line' id='line_1_75' title="bbox 1977 3323 3557 3399; baseline -0.009 -9"><span class='ocrx_word' id='word_1_607' title='bbox 1977 3334 2238 3391; x_wconf 88' lang='lat' dir='ltr'><strong>nimirum</strong></span> <span class='ocrx_word' id='word_1_608' title='bbox 2260 3341 2317 3388; x_wconf 90' lang='lat' dir='ltr'><strong>et</strong></span> <span class='ocrx_word' id='word_1_609' title='bbox 2339 3331 2535 3387; x_wconf 88' lang='lat' dir='ltr'><strong>ﬁdelis.</strong></span> <span class='ocrx_word' id='word_1_610' title='bbox 2556 3330 2830 3387; x_wconf 81' lang='lat' dir='ltr'><strong>Caeterum</strong></span> <span class='ocrx_word' id='word_1_611' title='bbox 2860 3348 2878 3381; x_wconf 81' lang='grc' dir='ltr'><strong>ι</strong></span> <span class='ocrx_word' id='word_1_612' title='bbox 2904 3326 3221 3399; x_wconf 86' lang='lat' dir='ltr'><strong>indignatus</strong></span> <span class='ocrx_word' id='word_1_613' title='bbox 3238 3332 3341 3389; x_wconf 89' lang='lat' dir='ltr'><strong>est,</strong></span> <span class='ocrx_word' id='word_1_614' title='bbox 3358 3323 3557 3393; x_wconf 90' lang='lat' dir='ltr'><strong>inquit,</strong></span> 
     </span>
    </p>
   </div>
   <div class='ocr_carea' id='block_1_76' title="bbox 1978 3412 3561 3494">
    <p class='ocr_par' dir='ltr' id='par_1_76' title="bbox 1978 3412 3561 3494">
     <span class='ocr_line' id='line_1_76' title="bbox 1978 3412 3561 3494; baseline -0.009 -12"><span class='ocrx_word' id='word_1_615' title='bbox 1978 3427 2122 3482; x_wconf 84' lang='lat' dir='ltr'><strong>Esau</strong></span> <span class='ocrx_word' id='word_1_616' title='bbox 2146 3425 2305 3481; x_wconf 88' lang='lat' dir='ltr'><strong>fratri</strong></span> <span class='ocrx_word' id='word_1_617' title='bbox 2339 3440 2440 3481; x_wconf 86' lang='lat' dir='ltr'><strong>suo</strong></span> <span class='ocrx_word' id='word_1_618' title='bbox 2469 3424 2639 3480; x_wconf 89' lang='lat' dir='ltr'><strong>Iacob</strong></span> <span class='ocrx_word' id='word_1_619' title='bbox 2670 3424 2738 3489; x_wconf 82' lang='lat'><strong>&quot;°,</strong></span> <span class='ocrx_word' id='word_1_620' title='bbox 2768 3442 2787 3475; x_wconf 80' lang='grc' dir='ltr'><strong>ι</strong></span> <span class='ocrx_word' id='word_1_621' title='bbox 2812 3421 2960 3494; x_wconf 89' lang='lat' dir='ltr'><strong>quod</strong></span> <span class='ocrx_word' id='word_1_622' title='bbox 2992 3418 3195 3490; x_wconf 86' lang='lat' dir='ltr'><strong>emptis</strong></span> <span class='ocrx_word' id='word_1_623' title='bbox 3222 3412 3561 3487; x_wconf 88' lang='lat' dir='ltr'><strong>primogeni-</strong></span> 
     </span>
    </p>
   </div>
   <div class='ocr_carea' id='block_1_77' title="bbox 1979 3506 3562 3585">
    <p class='ocr_par' dir='ltr' id='par_1_77' title="bbox 1979 3506 3562 3585">
     <span class='ocr_line' id='line_1_77' title="bbox 1979 3506 3562 3585; baseline -0.008 -16"><span class='ocrx_word' id='word_1_624' title='bbox 1979 3516 2052 3571; x_wconf 86' lang='lat' dir='ltr'><strong>tis</strong></span> <span class='ocrx_word' id='word_1_625' title='bbox 2091 3514 2270 3585; x_wconf 89' lang='lat' dir='ltr'><strong>ipsum</strong></span> <span class='ocrx_word' id='word_1_626' title='bbox 2314 3512 2764 3585; x_wconf 70' lang='lat' dir='ltr'><strong>primogenitum</strong></span> <span class='ocrx_word' id='word_1_627' title='bbox 2808 3527 2923 3581; x_wconf 71' lang='lat' dir='ltr'><strong>suae</strong></span> <span class='ocrx_word' id='word_1_628' title='bbox 2966 3509 3141 3583; x_wconf 76' lang='lat' dir='ltr'><strong>gloria</strong></span> <span class='ocrx_word' id='word_1_629' title='bbox 3188 3506 3452 3578; x_wconf 72' lang='lat' dir='ltr'><strong>privaret,</strong></span> <span class='ocrx_word' id='word_1_630' title='bbox 3504 3511 3562 3558; x_wconf 91' lang='lat' dir='ltr'><strong>et</strong></span> 
     </span>
    </p>
   </div>
   <div class='ocr_carea' id='block_1_78' title="bbox 1979 3595 3559 3679">
    <p class='ocr_par' dir='ltr' id='par_1_78' title="bbox 1979 3595 3559 3679">
     <span class='ocr_line' id='line_1_78' title="bbox 1979 3595 3559 3679; baseline -0.01 -16"><span class='ocrx_word' id='word_1_631' title='bbox 1979 3622 2140 3663; x_wconf 87' lang='lat' dir='ltr'><strong>suum</strong></span> <span class='ocrx_word' id='word_1_632' title='bbox 2177 3604 2339 3661; x_wconf 85' lang='lat' dir='ltr'><strong>alteri</strong></span> <span class='ocrx_word' id='word_1_633' title='bbox 2367 3604 2621 3679; x_wconf 73' lang='lat' dir='ltr'><strong>prmbens</strong></span> <span class='ocrx_word' id='word_1_634' title='bbox 2651 3600 2940 3668; x_wconf 89' lang='lat' dir='ltr'><strong>honorem,</strong></span> <span class='ocrx_word' id='word_1_635' title='bbox 2964 3599 3224 3671; x_wconf 88' lang='lat' dir='ltr'><strong>quodque</strong></span> <span class='ocrx_word' id='word_1_636' title='bbox 3264 3595 3559 3667; x_wconf 87' lang='lat' dir='ltr'><strong>posterior,</strong></span> 
     </span>
    </p>
   </div>
   <div class='ocr_carea' id='block_1_79' title="bbox 1978 3685 3566 3767">
    <p class='ocr_par' dir='ltr' id='par_1_79' title="bbox 1978 3685 3566 3767">
     <span class='ocr_line' id='line_1_79' title="bbox 1978 3685 3566 3767; baseline -0.008 -15"><span class='ocrx_word' id='word_1_637' title='bbox 1978 3698 2214 3753; x_wconf 80' lang='lat' dir='ltr'><strong>aﬁ‘erens</strong></span> <span class='ocrx_word' id='word_1_638' title='bbox 2255 3702 2471 3767; x_wconf 86' lang='lat' dir='ltr'><strong>pastum</strong></span> <span class='ocrx_word' id='word_1_639' title='bbox 2514 3710 2582 3750; x_wconf 79' lang='lat' dir='ltr'><strong>ex</strong></span> <span class='ocrx_word' id='word_1_640' title='bbox 2613 3701 2813 3749; x_wconf 85' lang='lat' dir='ltr'><strong>venatu</strong></span> <span class='ocrx_word' id='word_1_641' title='bbox 2847 3690 3233 3747; x_wconf 88' lang='lat' dir='ltr'><strong>benedictione</strong></span> <span class='ocrx_word' id='word_1_642' title='bbox 3277 3685 3566 3742; x_wconf 78' lang='lat' dir='ltr'><strong>fraudatus</strong></span> 
     </span>
    </p>
   </div>
   <div class='ocr_carea' id='block_1_80' title="bbox 1978 3773 3561 3842">
    <p class='ocr_par' dir='ltr' id='par_1_80' title="bbox 1978 3773 3561 3842">
     <span class='ocr_line' id='line_1_80' title="bbox 1978 3773 3561 3842; baseline -0.012 0"><span class='ocrx_word' id='word_1_643' title='bbox 1978 3793 2143 3842; x_wconf 89' lang='lat' dir='ltr'><strong>esset.</strong></span> <span class='ocrx_word' id='word_1_644' title='bbox 2169 3785 2381 3841; x_wconf 88' lang='lat' dir='ltr'><strong>Idcirco</strong></span> <span class='ocrx_word' id='word_1_645' title='bbox 2407 3782 2616 3840; x_wconf 86' lang='lat' dir='ltr'><strong>ferocia</strong></span> <span class='ocrx_word' id='word_1_646' title='bbox 2641 3781 2909 3838; x_wconf 87' lang='lat' dir='ltr'><strong>adversus</strong></span> <span class='ocrx_word' id='word_1_647' title='bbox 2939 3793 3066 3835; x_wconf 89' lang='lat' dir='ltr'><strong>eum</strong></span> <span class='ocrx_word' id='word_1_648' title='bbox 3092 3775 3323 3831; x_wconf 88' lang='lat' dir='ltr'><strong>consilia</strong></span> <span class='ocrx_word' id='word_1_649' title='bbox 3351 3773 3477 3834; x_wconf 89' lang='lat' dir='ltr'><strong>init,</strong></span> <span class='ocrx_word' id='word_1_650' title='bbox 3504 3779 3561 3825; x_wconf 90' lang='lat' dir='ltr'><strong>et</strong></span> 
     </span>
    </p>
   </div>
   <div class='ocr_carea' id='block_1_81' title="bbox 1979 3860 3557 3935">
    <p class='ocr_par' dir='ltr' id='par_1_81' title="bbox 1979 3860 3557 3935">
     <span class='ocr_line' id='line_1_81' title="bbox 1979 3860 3557 3935; baseline -0.013 -1"><span class='ocrx_word' id='word_1_651' title='bbox 1979 3877 2184 3933; x_wconf 65' lang='lat' dir='ltr'><strong>caedem</strong></span> <span class='ocrx_word' id='word_1_652' title='bbox 2204 3877 2426 3935; x_wconf 75' lang='lat' dir='ltr'><strong>invidia:</strong></span> <span class='ocrx_word' id='word_1_653' title='bbox 2445 3882 2761 3930; x_wconf 89' lang='lat' dir='ltr'><strong>consortem</strong></span> <span class='ocrx_word' id='word_1_654' title='bbox 2780 3880 2836 3926; x_wconf 89' lang='lat' dir='ltr'><strong>et</strong></span> <span class='ocrx_word' id='word_1_655' title='bbox 2854 3870 3080 3925; x_wconf 82' lang='lat' dir='ltr'><strong>fratrem</strong></span> <span class='ocrx_word' id='word_1_656' title='bbox 3099 3866 3284 3921; x_wconf 88' lang='lat' dir='ltr'><strong>animo</strong></span> <span class='ocrx_word' id='word_1_657' title='bbox 3298 3860 3557 3929; x_wconf 88' lang='lat' dir='ltr'><strong>concipit.</strong></span> 
     </span>
    </p>
   </div>
   <div class='ocr_carea' id='block_1_82' title="bbox 1981 3953 3564 4037">
    <p class='ocr_par' dir='ltr' id='par_1_82' title="bbox 1981 3953 3564 4037">
     <span class='ocr_line' id='line_1_82' title="bbox 1981 3953 3564 4037; baseline -0.01 -14"><span class='ocrx_word' id='word_1_658' title='bbox 1981 3969 2299 4037; x_wconf 85' lang='lat' dir='ltr'><strong>Indignatus</strong></span> <span class='ocrx_word' id='word_1_659' title='bbox 2336 3983 2471 4022; x_wconf 90' lang='lat' dir='ltr'><strong>vero</strong></span> <span class='ocrx_word' id='word_1_660' title='bbox 2501 3974 2587 4020; x_wconf 90' lang='lat' dir='ltr'><strong>est</strong></span> <span class='ocrx_word' id='word_1_661' title='bbox 2618 3963 2895 4024; x_wconf 89' lang='lat' dir='ltr'><strong>similiter,</strong></span> <span class='ocrx_word' id='word_1_662' title='bbox 2937 3966 2994 4015; x_wconf 90' lang='lat' dir='ltr'><strong>et</strong></span> <span class='ocrx_word' id='word_1_663' title='bbox 3035 3956 3275 4027; x_wconf 83' lang='lat' dir='ltr'><strong>graviter</strong></span> <span class='ocrx_word' id='word_1_664' title='bbox 3315 3953 3564 4011; x_wconf 80' lang='lat' dir='ltr'><strong>infensus</strong></span> 
     </span>
    </p>
   </div>
   <div class='ocr_carea' id='block_1_83' title="bbox 1980 4044 3564 4127">
    <p class='ocr_par' dir='ltr' id='par_1_83' title="bbox 1980 4044 3564 4127">
     <span class='ocr_line' id='line_1_83' title="bbox 1980 4044 3564 4127; baseline -0.009 -16"><span class='ocrx_word' id='word_1_665' title='bbox 1980 4055 2383 4127; x_wconf 87' lang='lat' dir='ltr'><strong>primogenitus</strong></span> <span class='ocrx_word' id='word_1_666' title='bbox 2422 4054 2589 4109; x_wconf 90' lang='lat' dir='ltr'><strong>Israel</strong></span> <span class='ocrx_word' id='word_1_667' title='bbox 2625 4052 2693 4107; x_wconf 89' lang='lat' dir='ltr'><strong>iis</strong></span> <span class='ocrx_word' id='word_1_668' title='bbox 2732 4050 2827 4120; x_wconf 91' lang='lat' dir='ltr'><strong>qui</strong></span> <span class='ocrx_word' id='word_1_669' title='bbox 2873 4049 2930 4105; x_wconf 91' lang='lat' dir='ltr'><strong>in</strong></span> <span class='ocrx_word' id='word_1_670' title='bbox 2967 4046 3075 4105; x_wconf 90' lang='lat' dir='ltr'><strong>ﬁde</strong></span> <span class='ocrx_word' id='word_1_671' title='bbox 3119 4059 3184 4103; x_wconf 86' lang='lat' dir='ltr'><strong>ac</strong></span> <span class='ocrx_word' id='word_1_672' title='bbox 3222 4052 3346 4114; x_wconf 89' lang='lat' dir='ltr'><strong>post</strong></span> <span class='ocrx_word' id='word_1_673' title='bbox 3381 4044 3564 4113; x_wconf 86' lang='lat' dir='ltr'><strong>ipsum</strong></span> 
     </span>
    </p>
   </div>
   <div class='ocr_carea' id='block_1_84' title="bbox 1981 4137 3567 4214">
    <p class='ocr_par' dir='ltr' id='par_1_84' title="bbox 1981 4137 3567 4214">
     <span class='ocr_line' id='line_1_84' title="bbox 1981 4137 3567 4214; baseline -0.008 -12"><span class='ocrx_word' id='word_1_674' title='bbox 1981 4154 2161 4210; x_wconf 85' lang='lat' dir='ltr'><strong>erant,</strong></span> <span class='ocrx_word' id='word_1_675' title='bbox 2187 4145 2294 4201; x_wconf 90' lang='lat' dir='ltr'><strong>hoc</strong></span> <span class='ocrx_word' id='word_1_676' title='bbox 2315 4151 2420 4210; x_wconf 89' lang='lat' dir='ltr'><strong>est,</strong></span> <span class='ocrx_word' id='word_1_677' title='bbox 2452 4158 2597 4201; x_wconf 87' lang='lat' dir='ltr'><strong>novo</strong></span> <span class='ocrx_word' id='word_1_678' title='bbox 2635 4142 2860 4214; x_wconf 91' lang='lat' dir='ltr'><strong>populo.</strong></span> <span class='ocrx_word' id='word_1_679' title='bbox 2899 4139 3185 4211; x_wconf 91' lang='lat' dir='ltr'><strong>Siquidem</strong></span> <span class='ocrx_word' id='word_1_680' title='bbox 3220 4138 3397 4210; x_wconf 89' lang='lat' dir='ltr'><strong>primo</strong></span> <span class='ocrx_word' id='word_1_681' title='bbox 3439 4137 3567 4191; x_wconf 85' lang='lat' dir='ltr'><strong>loco</strong></span> 
     </span>
    </p>
   </div>
   <div class='ocr_carea' id='block_1_85' title="bbox 1982 4228 3561 4310">
    <p class='ocr_par' dir='ltr' id='par_1_85' title="bbox 1982 4228 3561 4310">
     <span class='ocr_line' id='line_1_85' title="bbox 1982 4228 3561 4310; baseline -0.007 -14"><span class='ocrx_word' id='word_1_682' title='bbox 1982 4238 2128 4310; x_wconf 85' lang='lat' dir='ltr'><strong>apud</strong></span> <span class='ocrx_word' id='word_1_683' title='bbox 2150 4238 2322 4296; x_wconf 87' lang='lat' dir='ltr'><strong>Deum</strong></span> <span class='ocrx_word' id='word_1_684' title='bbox 2345 4245 2432 4295; x_wconf 85' lang='lat' dir='ltr'><strong>est</strong></span> <span class='ocrx_word' id='word_1_685' title='bbox 2463 4237 2820 4302; x_wconf 87' lang='lat' dir='ltr'><strong>constitutus,</strong></span> <span class='ocrx_word' id='word_1_686' title='bbox 2851 4242 2907 4291; x_wconf 91' lang='lat' dir='ltr'><strong>et</strong></span> <span class='ocrx_word' id='word_1_687' title='bbox 2938 4249 3038 4304; x_wconf 89' lang='lat' dir='ltr'><strong>pro</strong></span> <span class='ocrx_word' id='word_1_688' title='bbox 3066 4229 3431 4303; x_wconf 87' lang='lat' dir='ltr'><strong>primogenito</strong></span> <span class='ocrx_word' id='word_1_689' title='bbox 3460 4228 3561 4285; x_wconf 82' lang='lat' dir='ltr'><strong>ha-</strong></span> 
     </span>
    </p>
   </div>
   <div class='ocr_carea' id='block_1_86' title="bbox 1982 4321 3561 4401">
    <p class='ocr_par' dir='ltr' id='par_1_86' title="bbox 1982 4321 3561 4401">
     <span class='ocr_line' id='line_1_86' title="bbox 1982 4321 3561 4401; baseline -0.009 -12"><span class='ocrx_word' id='word_1_690' title='bbox 1982 4332 2151 4396; x_wconf 84' lang='lat' dir='ltr'><strong>bitus,</strong></span> <span class='ocrx_word' id='word_1_691' title='bbox 2181 4345 2528 4401; x_wconf 87' lang='lat' dir='ltr'><strong>supernaque</strong></span> <span class='ocrx_word' id='word_1_692' title='bbox 2556 4327 2941 4387; x_wconf 87' lang='lat' dir='ltr'><strong>benedictione</strong></span> <span class='ocrx_word' id='word_1_693' title='bbox 2968 4325 3163 4395; x_wconf 88' lang='lat' dir='ltr'><strong>plenus</strong></span> <span class='ocrx_word' id='word_1_694' title='bbox 3184 4322 3309 4387; x_wconf 90' lang='lat' dir='ltr'><strong>fuit,</strong></span> <span class='ocrx_word' id='word_1_695' title='bbox 3332 4321 3561 4393; x_wconf 85' lang='lat' dir='ltr'><strong>gratiam</strong></span> 
     </span>
    </p>
   </div>
   <div class='ocr_carea' id='block_1_87' title="bbox 1983 4414 3563 4492">
    <p class='ocr_par' dir='ltr' id='par_1_87' title="bbox 1983 4414 3563 4492">
     <span class='ocr_line' id='line_1_87' title="bbox 1983 4414 3563 4492; baseline -0.008 -13"><span class='ocrx_word' id='word_1_696' title='bbox 1983 4424 2038 4479; x_wconf 90' lang='lat' dir='ltr'><strong>in</strong></span> <span class='ocrx_word' id='word_1_697' title='bbox 2060 4423 2283 4481; x_wconf 86' lang='lat' dir='ltr'><strong>Christo</strong></span> <span class='ocrx_word' id='word_1_698' title='bbox 2319 4437 2418 4492; x_wconf 90' lang='lat' dir='ltr'><strong>per</strong></span> <span class='ocrx_word' id='word_1_699' title='bbox 2452 4420 2707 4491; x_wconf 89' lang='lat' dir='ltr'><strong>spiritum</strong></span> <span class='ocrx_word' id='word_1_700' title='bbox 2731 4425 3080 4473; x_wconf 87' lang='lat' dir='ltr'><strong>consecutus.</strong></span> <span class='ocrx_word' id='word_1_701' title='bbox 3104 4414 3346 4471; x_wconf 83' lang='lat' dir='ltr'><strong>Adortus</strong></span> <span class='ocrx_word' id='word_1_702' title='bbox 3369 4414 3563 4483; x_wconf 90' lang='lat' dir='ltr'><strong>utique</strong></span> 
     </span>
    </p>
   </div>
   <div class='ocr_carea' id='block_1_88' title="bbox 310 4504 1877 4585">
    <p class='ocr_par' dir='ltr' id='par_1_88' title="bbox 310 4505 1877 4580">
     <span class='ocr_line' id='line_1_88' title="bbox 310 4505 1877 4580; baseline 0.001 -19"><span class='ocrx_word' id='word_1_703' title='bbox 310 4505 463 4561; x_wconf 84' lang='grc' dir='ltr'><strong>Ἐπεί</strong></span> <span class='ocrx_word' id='word_1_704' title='bbox 496 4523 580 4560; x_wconf 86' lang='grc' dir='ltr'><strong>τοι</strong></span> <span class='ocrx_word' id='word_1_705' title='bbox 599 4507 820 4576; x_wconf 85' lang='grc' dir='ltr'><strong>γέγονεν</strong></span> <span class='ocrx_word' id='word_1_706' title='bbox 860 4508 919 4561; x_wconf 72' lang='grc' dir='ltr'><strong>ὲν</strong></span> <span class='ocrx_word' id='word_1_707' title='bbox 955 4506 1107 4573; x_wconf 79' lang='grc' dir='ltr'><strong>τάξει</strong></span> <span class='ocrx_word' id='word_1_708' title='bbox 1134 4510 1199 4578; x_wconf 78' lang='grc' dir='ltr'><strong>τῇ</strong></span> <span class='ocrx_word' id='word_1_709' title='bbox 1229 4506 1419 4580; x_wconf 83' lang='grc' dir='ltr'><strong>πρώτῃ</strong></span> <span class='ocrx_word' id='word_1_710' title='bbox 1442 4509 1592 4579; x_wconf 74' lang='grc' dir='ltr'><strong>παρὰ</strong></span> <span class='ocrx_word' id='word_1_711' title='bbox 1621 4508 1759 4580; x_wconf 83' lang='grc' dir='ltr'><strong>Θεῷ,</strong></span> <span class='ocrx_word' id='word_1_712' title='bbox 1785 4509 1877 4563; x_wconf 67' lang='grc' dir='ltr'><strong>καὶ</strong></span> 
     </span>
    </p>
   </div>
   <div class='ocr_carea' id='block_1_89' title="bbox 1978 4504 3559 4585">
    <p class='ocr_par' dir='ltr' id='par_1_89' title="bbox 1983 4504 3559 4585">
     <span class='ocr_line' id='line_1_89' title="bbox 1983 4504 3559 4585; baseline -0.01 -14"><span class='ocrx_word' id='word_1_713' title='bbox 1983 4526 2069 4571; x_wconf 78' lang='lat' dir='ltr'><strong>est</strong></span> <span class='ocrx_word' id='word_1_714' title='bbox 2096 4531 2192 4570; x_wconf 90' lang='lat' dir='ltr'><strong>eos</strong></span> <span class='ocrx_word' id='word_1_715' title='bbox 2216 4514 2312 4585; x_wconf 91' lang='lat' dir='ltr'><strong>qui</strong></span> <span class='ocrx_word' id='word_1_716' title='bbox 2343 4514 2399 4569; x_wconf 88' lang='lat' dir='ltr'><strong>in</strong></span> <span class='ocrx_word' id='word_1_717' title='bbox 2429 4512 2650 4567; x_wconf 86' lang='lat' dir='ltr'><strong>Christo</strong></span> <span class='ocrx_word' id='word_1_718' title='bbox 2672 4519 2802 4566; x_wconf 89' lang='lat' dir='ltr'><strong>sunt</strong></span> <span class='ocrx_word' id='word_1_719' title='bbox 2832 4525 2928 4579; x_wconf 90' lang='lat' dir='ltr'><strong>per</strong></span> <span class='ocrx_word' id='word_1_720' title='bbox 2954 4508 3119 4563; x_wconf 80' lang='lat' dir='ltr'><strong>[idem</strong></span> <span class='ocrx_word' id='word_1_721' title='bbox 3150 4505 3339 4569; x_wconf 89' lang='lat' dir='ltr'><strong>Israel,</strong></span> <span class='ocrx_word' id='word_1_722' title='bbox 3361 4504 3559 4559; x_wconf 86' lang='lat' dir='ltr'><strong>volun-</strong></span> 
     </span>
    </p>
   </div>
   <div class='ocr_carea' id='block_1_90' title="bbox 299 4592 1877 4675">
    <p class='ocr_par' dir='ltr' id='par_1_90' title="bbox 299 4597 1877 4670">
     <span class='ocr_line' id='line_1_90' title="bbox 299 4597 1877 4670; baseline 0.003 -20"><span class='ocrx_word' id='word_1_723' title='bbox 299 4597 355 4650; x_wconf 71' lang='grc' dir='ltr'><strong>ἐν</strong></span> <span class='ocrx_word' id='word_1_724' title='bbox 396 4599 751 4669; x_wconf 86' lang='grc' dir='ltr'><strong>πρωτοτόκου</strong></span> <span class='ocrx_word' id='word_1_725' title='bbox 790 4599 956 4670; x_wconf 78' lang='grc' dir='ltr'><strong>μοίρᾳ</strong></span> <span class='ocrx_word' id='word_1_726' title='bbox 1003 4597 1333 4667; x_wconf 89' lang='grc' dir='ltr'><strong>λελόγισται,</strong></span> <span class='ocrx_word' id='word_1_727' title='bbox 1366 4600 1460 4653; x_wconf 73' lang='grc' dir='ltr'><strong>καὶ</strong></span> <span class='ocrx_word' id='word_1_728' title='bbox 1490 4600 1738 4669; x_wconf 85' lang='grc' dir='ltr'><strong>εὐλογίας</strong></span> <span class='ocrx_word' id='word_1_729' title='bbox 1784 4602 1877 4669; x_wconf 86' lang='grc' dir='ltr'><strong>τῆς</strong></span> 
     </span>
    </p>
   </div>
   <div class='ocr_carea' id='block_1_91' title="bbox 1978 4592 3559 4675">
    <p class='ocr_par' dir='ltr' id='par_1_91' title="bbox 1981 4592 3559 4675">
     <span class='ocr_line' id='line_1_91' title="bbox 1981 4592 3559 4675; baseline -0.01 -16"><span class='ocrx_word' id='word_1_730' title='bbox 1981 4614 2203 4675; x_wconf 87' lang='lat' dir='ltr'><strong>tateque</strong></span> <span class='ocrx_word' id='word_1_731' title='bbox 2227 4612 2284 4659; x_wconf 90' lang='lat' dir='ltr'><strong>et</strong></span> <span class='ocrx_word' id='word_1_732' title='bbox 2306 4601 2598 4659; x_wconf 87' lang='lat' dir='ltr'><strong>conatibus</strong></span> <span class='ocrx_word' id='word_1_733' title='bbox 2624 4598 2899 4655; x_wconf 85' lang='lat' dir='ltr'><strong>homicida</strong></span> <span class='ocrx_word' id='word_1_734' title='bbox 2931 4597 3181 4659; x_wconf 79' lang='lat' dir='ltr'><strong>effectus,</strong></span> <span class='ocrx_word' id='word_1_735' title='bbox 3216 4592 3559 4665; x_wconf 78' lang='lat' dir='ltr'><strong>persecutio-</strong></span> 
     </span>
    </p>
   </div>
   <div class='ocr_carea' id='block_1_92' title="bbox 300 4688 1884 4765">
    <p class='ocr_par' dir='ltr' id='par_1_92' title="bbox 300 4688 1884 4765">
     <span class='ocr_line' id='line_1_92' title="bbox 300 4688 1884 4765; baseline -0.002 -16"><span class='ocrx_word' id='word_1_736' title='bbox 300 4691 509 4749; x_wconf 71' lang='grc' dir='ltr'><strong>ἄνωθεν</strong></span> <span class='ocrx_word' id='word_1_737' title='bbox 538 4691 836 4762; x_wconf 83' lang='grc' dir='ltr'><strong>ὲπίμεστος</strong></span> <span class='ocrx_word' id='word_1_738' title='bbox 859 4688 948 4765; x_wconf 74' lang='grc' dir='ltr'><strong>ἦν,</strong></span> <span class='ocrx_word' id='word_1_739' title='bbox 980 4691 1080 4762; x_wconf 86' lang='grc' dir='ltr'><strong>τὴν</strong></span> <span class='ocrx_word' id='word_1_740' title='bbox 1114 4693 1171 4746; x_wconf 78' lang='grc' dir='ltr'><strong>ὲν</strong></span> <span class='ocrx_word' id='word_1_741' title='bbox 1209 4692 1428 4764; x_wconf 84' lang='grc' dir='ltr'><strong>Χριστῷ</strong></span> <span class='ocrx_word' id='word_1_742' title='bbox 1456 4692 1543 4745; x_wconf 74' lang='grc' dir='ltr'><strong>διὰ</strong></span> <span class='ocrx_word' id='word_1_743' title='bbox 1575 4694 1884 4764; x_wconf 84' lang='grc' dir='ltr'><strong>πνεύματος</strong></span> 
     </span>
    </p>
   </div>
   <div class='ocr_carea' id='block_1_93' title="bbox 300 4779 1882 4853">
    <p class='ocr_par' dir='ltr' id='par_1_93' title="bbox 300 4779 1882 4853">
     <span class='ocr_line' id='line_1_93' title="bbox 300 4779 1882 4853; baseline 0.002 -19"><span class='ocrx_word' id='word_1_744' title='bbox 300 4781 756 4853; x_wconf 81' lang='grc' dir='ltr'><strong>καταπλουτήσας</strong></span> <span class='ocrx_word' id='word_1_745' title='bbox 784 4781 965 4853; x_wconf 82' lang='grc' dir='ltr'><strong>χάριν.</strong></span> <span class='ocrx_word' id='word_1_746' title='bbox 999 4780 1298 4850; x_wconf 77' lang='grc' dir='ltr'><strong>Ἐπεφύετο</strong></span> <span class='ocrx_word' id='word_1_747' title='bbox 1323 4782 1387 4852; x_wconf 84' lang='grc' dir='ltr'><strong>δὴ</strong></span> <span class='ocrx_word' id='word_1_748' title='bbox 1413 4779 1506 4835; x_wconf 82' lang='grc' dir='ltr'><strong>οὖν</strong></span> <span class='ocrx_word' id='word_1_749' title='bbox 1531 4786 1643 4846; x_wconf 79' lang='grc' dir='ltr'><strong>τοῖς</strong></span> <span class='ocrx_word' id='word_1_750' title='bbox 1668 4786 1726 4837; x_wconf 84' lang='grc' dir='ltr'><strong>ἐν</strong></span> <span class='ocrx_word' id='word_1_751' title='bbox 1745 4785 1882 4853; x_wconf 82' lang='grc' dir='ltr'><strong>Χρι-</strong></span> 
     </span>
    </p>
   </div>
   <div class='ocr_carea' id='block_1_94' title="bbox 1979 4688 3556 4763">
    <p class='ocr_par' dir='ltr' id='par_1_94' title="bbox 1979 4688 3556 4763">
     <span class='ocr_line' id='line_1_94' title="bbox 1979 4688 3556 4763; baseline -0.013 -7"><span class='ocrx_word' id='word_1_752' title='bbox 1979 4699 2143 4755; x_wconf 86' lang='lat' dir='ltr'><strong>nibus</strong></span> <span class='ocrx_word' id='word_1_753' title='bbox 2176 4696 2462 4759; x_wconf 87' lang='lat' dir='ltr'><strong>infestans,</strong></span> <span class='ocrx_word' id='word_1_754' title='bbox 2499 4693 2656 4763; x_wconf 68' lang='grc'><strong>112</strong></span> <span class='ocrx_word' id='word_1_755' title='bbox 2682 4700 2846 4761; x_wconf 89' lang='lat' dir='ltr'><strong>atque</strong></span> <span class='ocrx_word' id='word_1_756' title='bbox 2873 4690 3091 4746; x_wconf 78' lang='lat' dir='ltr'><strong>invidiae</strong></span> <span class='ocrx_word' id='word_1_757' title='bbox 3114 4688 3556 4744; x_wconf 82' lang='lat' dir='ltr'><strong>telislacessens.</strong></span> 
     </span>
    </p>
   </div>
   <div class='ocr_carea' id='block_1_95' title="bbox 1978 4778 3559 4847">
    <p class='ocr_par' dir='ltr' id='par_1_95' title="bbox 1978 4778 3559 4847">
     <span class='ocr_line' id='line_1_95' title="bbox 1978 4778 3559 4847; baseline -0.011 0"><span class='ocrx_word' id='word_1_758' title='bbox 1978 4792 2249 4847; x_wconf 72' lang='lat' dir='ltr'><strong>Caeterum</strong></span> <span class='ocrx_word' id='word_1_759' title='bbox 2268 4788 2441 4845; x_wconf 84' lang='lat' dir='ltr'><strong>suasit</strong></span> <span class='ocrx_word' id='word_1_760' title='bbox 2466 4786 2713 4844; x_wconf 73' lang='lat' dir='ltr'><strong>Rebecca</strong></span> <span class='ocrx_word' id='word_1_761' title='bbox 2748 4784 2916 4840; x_wconf 88' lang='lat' dir='ltr'><strong>Iacob</strong></span> <span class='ocrx_word' id='word_1_762' title='bbox 2931 4793 3011 4847; x_wconf 92' lang='lat' dir='ltr'><strong>ut,</strong></span> <span class='ocrx_word' id='word_1_763' title='bbox 3035 4783 3224 4841; x_wconf 86' lang='lat' dir='ltr'><strong>relicta</strong></span> <span class='ocrx_word' id='word_1_764' title='bbox 3244 4780 3430 4841; x_wconf 82' lang='lat' dir='ltr'><strong>domo,</strong></span> <span class='ocrx_word' id='word_1_765' title='bbox 3447 4778 3559 4831; x_wconf 83' lang='lat' dir='ltr'><strong>fra—</strong></span> 
     </span>
    </p>
   </div>
   <div class='ocr_carea' id='block_1_96' title="bbox 277 4859 1877 4954">
    <p class='ocr_par' dir='ltr' id='par_1_96' title="bbox 277 4867 1877 4954">
     <span class='ocr_line' id='line_1_96' title="bbox 277 4867 1877 4954; baseline 0.001 -29"><span class='ocrx_word' id='word_1_766' title='bbox 277 4872 409 4954; x_wconf 17' lang='grc' dir='ltr'><strong>’στῷ</strong></span> <span class='ocrx_word' id='word_1_767' title='bbox 425 4873 514 4927; x_wconf 69' lang='grc' dir='ltr'><strong>διὰ</strong></span> <span class='ocrx_word' id='word_1_768' title='bbox 543 4872 780 4936; x_wconf 84' lang='grc' dir='ltr'><strong>πίστεως</strong></span> <span class='ocrx_word' id='word_1_769' title='bbox 805 4876 834 4927; x_wconf 87' lang='grc' dir='ltr'>ὁ</span> <span class='ocrx_word' id='word_1_770' title='bbox 866 4873 1106 4945; x_wconf 72' lang='grc' dir='ltr'><strong>Ἰσραήλ*</strong></span> <span class='ocrx_word' id='word_1_771' title='bbox 1136 4873 1258 4926; x_wconf 79' lang='grc' dir='ltr'><strong>ὅσον</strong></span> <span class='ocrx_word' id='word_1_772' title='bbox 1293 4873 1350 4926; x_wconf 86' lang='grc' dir='ltr'><strong>δὲ</strong></span> <span class='ocrx_word' id='word_1_773' title='bbox 1376 4867 1510 4945; x_wconf 83' lang='grc' dir='ltr'><strong>ἦκεν</strong></span> <span class='ocrx_word' id='word_1_774' title='bbox 1537 4875 1615 4938; x_wconf 85' lang='grc' dir='ltr'><strong>εἰς</strong></span> <span class='ocrx_word' id='word_1_775' title='bbox 1648 4874 1707 4927; x_wconf 79' lang='grc' dir='ltr'><strong>τὸ</strong></span> <span class='ocrx_word' id='word_1_776' title='bbox 1733 4873 1877 4945; x_wconf 81' lang='grc' dir='ltr'><strong>αὐτῷ</strong></span> 
     </span>
    </p>
   </div>
   <div class='ocr_carea' id='block_1_97' title="bbox 1978 4859 3558 4954">
    <p class='ocr_par' dir='ltr' id='par_1_97' title="bbox 1980 4859 3558 4953">
     <span class='ocr_line' id='line_1_97' title="bbox 1980 4859 3558 4953; baseline -0.013 -13"><span class='ocrx_word' id='word_1_777' title='bbox 1980 4895 2119 4941; x_wconf 84' lang='lat' dir='ltr'><strong>trem</strong></span> <span class='ocrx_word' id='word_1_778' title='bbox 2142 4884 2374 4953; x_wconf 84' lang='lat' dir='ltr'><strong>fugeret,</strong></span> <span class='ocrx_word' id='word_1_779' title='bbox 2393 4881 2679 4949; x_wconf 86' lang='lat' dir='ltr'><strong>adiretque</strong></span> <span class='ocrx_word' id='word_1_780' title='bbox 2696 4878 2880 4933; x_wconf 88' lang='lat' dir='ltr'><strong>Laban</strong></span> <span class='ocrx_word' id='word_1_781' title='bbox 2895 4878 3173 4934; x_wconf 86' lang='lat' dir='ltr'><strong>hominem</strong></span> <span class='ocrx_word' id='word_1_782' title='bbox 3190 4859 3558 4926; x_wconf 73' lang='lat' dir='ltr'><strong>idololatram.</strong></span> 
     </span>
    </p>
   </div>
   <div class='ocr_carea' id='block_1_98' title="bbox 296 4965 1877 5038">
    <p class='ocr_par' dir='ltr' id='par_1_98' title="bbox 296 4965 1877 5038">
     <span class='ocr_line' id='line_1_98' title="bbox 296 4965 1877 5038; baseline 0.001 -17"><span class='ocrx_word' id='word_1_783' title='bbox 296 4965 507 5031; x_wconf 75' lang='grc' dir='ltr'><strong>δοκοῦν,</strong></span> <span class='ocrx_word' id='word_1_784' title='bbox 530 4968 627 5021; x_wconf 82' lang='grc' dir='ltr'><strong>καὶ</strong></span> <span class='ocrx_word' id='word_1_785' title='bbox 646 4968 726 5031; x_wconf 85' lang='grc' dir='ltr'><strong>εἰς</strong></span> <span class='ocrx_word' id='word_1_786' title='bbox 749 4966 975 5036; x_wconf 72' lang='grc' dir='ltr'><strong>δύναμιν</strong></span> <span class='ocrx_word' id='word_1_787' title='bbox 998 4966 1436 5037; x_wconf 81' lang='grc' dir='ltr'><strong>ἐγχειρημάτων,</strong></span> <span class='ocrx_word' id='word_1_788' title='bbox 1458 4968 1550 5022; x_wconf 81' lang='grc' dir='ltr'><strong>καὶ</strong></span> <span class='ocrx_word' id='word_1_789' title='bbox 1573 4967 1769 5038; x_wconf 68' lang='grc' dir='ltr'><strong>πικρὸς</strong></span> <span class='ocrx_word' id='word_1_790' title='bbox 1786 4968 1877 5036; x_wconf 84' lang='grc' dir='ltr'><strong>γέ-</strong></span> 
     </span>
    </p>
   </div>
   <div class='ocr_carea' id='block_1_99' title="bbox 296 5057 1878 5130">
    <p class='ocr_par' dir='ltr' id='par_1_99' title="bbox 296 5057 1878 5130">
     <span class='ocr_line' id='line_1_99' title="bbox 296 5057 1878 5130; baseline 0 -18"><span class='ocrx_word' id='word_1_791' title='bbox 296 5073 419 5125; x_wconf 87' lang='grc' dir='ltr'><strong>γονε</strong></span> <span class='ocrx_word' id='word_1_792' title='bbox 456 5060 746 5130; x_wconf 78' lang='grc' dir='ltr'><strong>φονευτὴς,</strong></span> <span class='ocrx_word' id='word_1_793' title='bbox 776 5058 988 5123; x_wconf 77' lang='grc' dir='ltr'><strong>διώξεις</strong></span> <span class='ocrx_word' id='word_1_794' title='bbox 1015 5057 1345 5125; x_wconf 77' lang='grc' dir='ltr'><strong>ἐπενεγκὼν,</strong></span> <span class='ocrx_word' id='word_1_795' title='bbox 1372 5059 1465 5112; x_wconf 77' lang='grc' dir='ltr'><strong>καὶ</strong></span> <span class='ocrx_word' id='word_1_796' title='bbox 1488 5062 1600 5124; x_wconf 83' lang='grc' dir='ltr'><strong>τοῖς</strong></span> <span class='ocrx_word' id='word_1_797' title='bbox 1615 5062 1678 5114; x_wconf 80' lang='grc' dir='ltr'><strong>ὲκ</strong></span> <span class='ocrx_word' id='word_1_798' title='bbox 1716 5061 1878 5129; x_wconf 82' lang='grc' dir='ltr'><strong>φόνου</strong></span> 
     </span>
    </p>
   </div>
   <div class='ocr_carea' id='block_1_100' title="bbox 297 5147 1880 5220">
    <p class='ocr_par' dir='ltr' id='par_1_100' title="bbox 297 5147 1880 5220">
     <span class='ocr_line' id='line_1_100' title="bbox 297 5147 1880 5220; baseline 0.002 -19"><span class='ocrx_word' id='word_1_799' title='bbox 297 5151 394 5203; x_wconf 75' lang='grc' dir='ltr'><strong>καὶ</strong></span> <span class='ocrx_word' id='word_1_800' title='bbox 427 5150 728 5220; x_wconf 86' lang='grc' dir='ltr'><strong>βασκανίας</strong></span> <span class='ocrx_word' id='word_1_801' title='bbox 749 5147 1211 5219; x_wconf 79' lang='grc' dir='ltr'><strong>κατατιτρώσκων</strong></span> <span class='ocrx_word' id='word_1_802' title='bbox 1234 5150 1464 5220; x_wconf 81' lang='grc' dir='ltr'><strong>βέλεσιν.</strong></span> <span class='ocrx_word' id='word_1_803' title='bbox 1509 5150 1647 5203; x_wconf 82' lang='grc' dir='ltr'><strong>Ἀλλ’</strong></span> <span class='ocrx_word' id='word_1_804' title='bbox 1664 5151 1880 5204; x_wconf 77' lang='grc' dir='ltr'><strong>ἔπειθεν</strong></span> 
     </span>
    </p>
   </div>
   <div class='ocr_carea' id='block_1_101' title="bbox 295 5238 1879 5312">
    <p class='ocr_par' dir='ltr' id='par_1_101' title="bbox 295 5238 1879 5312">
     <span class='ocr_line' id='line_1_101' title="bbox 295 5238 1879 5312; baseline 0.001 -18"><span class='ocrx_word' id='word_1_805' title='bbox 295 5243 332 5312; x_wconf 77' lang='grc' dir='ltr'><strong>η</strong></span> <span class='ocrx_word' id='word_1_806' title='bbox 350 5241 618 5296; x_wconf 81' lang='grc' dir='ltr'><strong>Ῥεϐέκκα</strong></span> <span class='ocrx_word' id='word_1_807' title='bbox 639 5238 944 5295; x_wconf 79' lang='grc' dir='ltr'><strong>τδνΊακὼϐ</strong></span> <span class='ocrx_word' id='word_1_808' title='bbox 966 5239 1034 5294; x_wconf 83' lang='grc' dir='ltr'><strong>τὰ</strong></span> <span class='ocrx_word' id='word_1_809' title='bbox 1071 5239 1210 5294; x_wconf 79' lang='grc' dir='ltr'><strong>οἴκοι</strong></span> <span class='ocrx_word' id='word_1_810' title='bbox 1245 5240 1476 5311; x_wconf 79' lang='grc' dir='ltr'><strong>μεθέντα</strong></span> <span class='ocrx_word' id='word_1_811' title='bbox 1496 5241 1879 5311; x_wconf 81' lang='grc' dir='ltr'><strong>παραιτεῖσθαι</strong></span> 
     </span>
    </p>
   </div>
   <div class='ocr_carea' id='block_1_102' title="bbox 295 5321 1878 5404">
    <p class='ocr_par' dir='ltr' id='par_1_102' title="bbox 295 5321 1878 5404">
     <span class='ocr_line' id='line_1_102' title="bbox 295 5321 1878 5404; baseline -0.001 -17"><span class='ocrx_word' id='word_1_812' title='bbox 295 5332 388 5387; x_wconf 76' lang='grc' dir='ltr'><strong>τὸν</strong></span> <span class='ocrx_word' id='word_1_813' title='bbox 412 5321 665 5404; x_wconf 65' lang='grc' dir='ltr'><strong>ἀδελφόνο</strong></span> <span class='ocrx_word' id='word_1_814' title='bbox 698 5334 915 5388; x_wconf 82' lang='grc' dir='ltr'><strong>ἱέναιτε</strong></span> <span class='ocrx_word' id='word_1_815' title='bbox 953 5333 1091 5402; x_wconf 81' lang='grc' dir='ltr'><strong>πρὸς</strong></span> <span class='ocrx_word' id='word_1_816' title='bbox 1120 5331 1306 5385; x_wconf 78' lang='grc' dir='ltr'><strong>Λάὸαν</strong></span> <span class='ocrx_word' id='word_1_817' title='bbox 1338 5332 1623 5402; x_wconf 79' lang='grc' dir='ltr'><strong>ἄνθρωπον</strong></span> <span class='ocrx_word' id='word_1_818' title='bbox 1668 5332 1878 5387; x_wconf 80' lang='grc' dir='ltr'><strong>είδωλο·</strong></span> 
     </span>
    </p>
   </div>
   <div class='ocr_carea' id='block_1_103' title="bbox 293 5422 1882 5499">
    <p class='ocr_par' dir='ltr' id='par_1_103' title="bbox 293 5422 1882 5499">
     <span class='ocr_line' id='line_1_103' title="bbox 293 5422 1882 5499; baseline 0.001 -23"><span class='ocrx_word' id='word_1_819' title='bbox 293 5423 523 5498; x_wconf 78' lang='grc' dir='ltr'><strong>λάτρην.</strong></span> <span class='ocrx_word' id='word_1_820' title='bbox 565 5425 887 5499; x_wconf 78' lang='grc' dir='ltr'><strong>Προύτρεπε</strong></span> <span class='ocrx_word' id='word_1_821' title='bbox 924 5425 982 5480; x_wconf 86' lang='grc' dir='ltr'><strong>δὲ</strong></span> <span class='ocrx_word' id='word_1_822' title='bbox 1015 5424 1112 5479; x_wconf 78' lang='grc' dir='ltr'><strong>καὶ</strong></span> <span class='ocrx_word' id='word_1_823' title='bbox 1142 5423 1301 5488; x_wconf 77' lang='grc' dir='ltr'><strong>αὐτὸς</strong></span> <span class='ocrx_word' id='word_1_824' title='bbox 1323 5425 1352 5477; x_wconf 85' lang='grc' dir='ltr'>ὁ</span> <span class='ocrx_word' id='word_1_825' title='bbox 1382 5422 1665 5487; x_wconf 76' lang='grc' dir='ltr'><strong>θεσπέσιος</strong></span> <span class='ocrx_word' id='word_1_826' title='bbox 1682 5422 1882 5490; x_wconf 84' lang='grc' dir='ltr'><strong>Ἰσαὰκ,</strong></span> 
     </span>
    </p>
   </div>
   <div class='ocr_carea' id='block_1_104' title="bbox 295 5514 1886 5588">
    <p class='ocr_par' dir='ltr' id='par_1_104' title="bbox 295 5514 1886 5588">
     <span class='ocr_line' id='line_1_104' title="bbox 295 5514 1886 5588; baseline 0.001 -19"><span class='ocrx_word' id='word_1_827' title='bbox 295 5516 325 5569; x_wconf 79' lang='grc' dir='ltr'>ὁ</span> <span class='ocrx_word' id='word_1_828' title='bbox 345 5516 438 5570; x_wconf 81' lang='grc' dir='ltr'><strong>τοῦ</strong></span> <span class='ocrx_word' id='word_1_829' title='bbox 483 5516 685 5572; x_wconf 81' lang='grc' dir='ltr'><strong>Ἰακὼϐ</strong></span> <span class='ocrx_word' id='word_1_830' title='bbox 725 5517 910 5588; x_wconf 81' lang='grc' dir='ltr'><strong>πατὴρ</strong></span> <span class='ocrx_word' id='word_1_831' title='bbox 934 5514 1315 5588; x_wconf 87' lang='grc' dir='ltr'><strong>παραιτεῖσθαι</strong></span> <span class='ocrx_word' id='word_1_832' title='bbox 1368 5515 1468 5584; x_wconf 85' lang='grc' dir='ltr'><strong>μὲν</strong></span> <span class='ocrx_word' id='word_1_833' title='bbox 1497 5515 1674 5584; x_wconf 79' lang='grc' dir='ltr'><strong>γάμον</strong></span> <span class='ocrx_word' id='word_1_834' title='bbox 1697 5516 1789 5569; x_wconf 78' lang='grc' dir='ltr'><strong>τὸν</strong></span> <span class='ocrx_word' id='word_1_835' title='bbox 1822 5518 1886 5570; x_wconf 77' lang='grc' dir='ltr'><strong>ἐκ</strong></span> 
     </span>
    </p>
   </div>
   <div class='ocr_carea' id='block_1_105' title="bbox 1986 4958 3562 5041">
    <p class='ocr_par' dir='ltr' id='par_1_105' title="bbox 1986 4958 3562 5041">
     <span class='ocr_line' id='line_1_105' title="bbox 1986 4958 3562 5041; baseline -0.012 -12"><span class='ocrx_word' id='word_1_836' title='bbox 1986 4971 2246 5041; x_wconf 61' lang='lat' dir='ltr'><strong>Praecepit</strong></span> <span class='ocrx_word' id='word_1_837' title='bbox 2267 4986 2400 5027; x_wconf 91' lang='lat' dir='ltr'><strong>vero</strong></span> <span class='ocrx_word' id='word_1_838' title='bbox 2433 4970 2599 5026; x_wconf 91' lang='lat' dir='ltr'><strong>etiam</strong></span> <span class='ocrx_word' id='word_1_839' title='bbox 2622 4968 2773 5025; x_wconf 85' lang='lat' dir='ltr'><strong>Isaac</strong></span> <span class='ocrx_word' id='word_1_840' title='bbox 2805 4976 2960 5037; x_wconf 88' lang='lat' dir='ltr'><strong>pater</strong></span> <span class='ocrx_word' id='word_1_841' title='bbox 2985 4963 3208 5023; x_wconf 87' lang='lat' dir='ltr'><strong>Iacobo,</strong></span> <span class='ocrx_word' id='word_1_842' title='bbox 3241 4976 3310 5013; x_wconf 85' lang='lat' dir='ltr'><strong>ne</strong></span> <span class='ocrx_word' id='word_1_843' title='bbox 3336 4958 3562 5012; x_wconf 83' lang='lat' dir='ltr'><strong>duceret</strong></span> 
     </span>
    </p>
   </div>
   <div class='ocr_carea' id='block_1_106' title="bbox 1987 5047 3555 5126">
    <p class='ocr_par' dir='ltr' id='par_1_106' title="bbox 1987 5047 3555 5126">
     <span class='ocr_line' id='line_1_106' title="bbox 1987 5047 3555 5126; baseline -0.013 -7"><span class='ocrx_word' id='word_1_844' title='bbox 1987 5079 2210 5119; x_wconf 79' lang='lat' dir='ltr'><strong>uxorem</strong></span> <span class='ocrx_word' id='word_1_845' title='bbox 2243 5061 2629 5125; x_wconf 64' lang='lat' dir='ltr'><strong>Chanauatam,</strong></span> <span class='ocrx_word' id='word_1_846' title='bbox 2656 5058 2751 5113; x_wconf 88' lang='lat' dir='ltr'><strong>sed</strong></span> <span class='ocrx_word' id='word_1_847' title='bbox 2783 5057 2970 5126; x_wconf 85' lang='lat' dir='ltr'><strong>potius</strong></span> <span class='ocrx_word' id='word_1_848' title='bbox 2990 5070 3057 5107; x_wconf 80' lang='lat' dir='ltr'><strong>ex</strong></span> <span class='ocrx_word' id='word_1_849' title='bbox 3090 5051 3307 5105; x_wconf 85' lang='lat' dir='ltr'><strong>ﬁliabus</strong></span> <span class='ocrx_word' id='word_1_850' title='bbox 3335 5047 3555 5103; x_wconf 84' lang='lat' dir='ltr'><strong>Laban:</strong></span> 
     </span>
    </p>
   </div>
   <div class='ocr_carea' id='block_1_107' title="bbox 1984 5142 3563 5225">
    <p class='ocr_par' dir='ltr' id='par_1_107' title="bbox 1984 5142 3563 5225">
     <span class='ocr_line' id='line_1_107' title="bbox 1984 5142 3563 5225; baseline -0.014 -13"><span class='ocrx_word' id='word_1_851' title='bbox 1984 5153 2314 5225; x_wconf 87' lang='lat' dir='ltr'><strong>periclitanti</strong></span> <span class='ocrx_word' id='word_1_852' title='bbox 2348 5153 2497 5211; x_wconf 88' lang='lat' dir='ltr'><strong>enim</strong></span> <span class='ocrx_word' id='word_1_853' title='bbox 2538 5145 3108 5221; x_wconf 34' lang='lat' dir='ltr'><strong>etlpersecutionibus</strong></span> <span class='ocrx_word' id='word_1_854' title='bbox 3137 5142 3393 5197; x_wconf 82' lang='lat' dir='ltr'><strong>infestato</strong></span> <span class='ocrx_word' id='word_1_855' title='bbox 3418 5151 3563 5190; x_wconf 83' lang='lat' dir='ltr'><strong>novo</strong></span> 
     </span>
    </p>
   </div>
   <div class='ocr_carea' id='block_1_108' title="bbox 1984 5232 3561 5319">
    <p class='ocr_par' dir='ltr' id='par_1_108' title="bbox 1984 5232 3561 5319">
     <span class='ocr_line' id='line_1_108' title="bbox 1984 5232 3561 5319; baseline -0.016 -15"><span class='ocrx_word' id='word_1_856' title='bbox 1984 5248 2206 5319; x_wconf 89' lang='lat' dir='ltr'><strong>populo,</strong></span> <span class='ocrx_word' id='word_1_857' title='bbox 2230 5253 2293 5300; x_wconf 89' lang='lat' dir='ltr'><strong>ut</strong></span> <span class='ocrx_word' id='word_1_858' title='bbox 2317 5244 2717 5301; x_wconf 88' lang='lat' dir='ltr'><strong>homicidarum</strong></span> <span class='ocrx_word' id='word_1_859' title='bbox 2754 5241 2862 5294; x_wconf 88' lang='lat' dir='ltr'><strong>iras</strong></span> <span class='ocrx_word' id='word_1_860' title='bbox 2894 5237 3083 5307; x_wconf 82' lang='lat' dir='ltr'><strong>fugiat,</strong></span> <span class='ocrx_word' id='word_1_861' title='bbox 3109 5232 3408 5302; x_wconf 88' lang='lat' dir='ltr'><strong>prudenter</strong></span> <span class='ocrx_word' id='word_1_862' title='bbox 3428 5242 3561 5319; x_wconf 78' lang='lat' dir='ltr'><strong>con-</strong></span> 
     </span>
    </p>
   </div>
   <div class='ocr_carea' id='block_1_109' title="bbox 1984 5316 3563 5404">
    <p class='ocr_par' dir='ltr' id='par_1_109' title="bbox 1984 5316 3563 5404">
     <span class='ocr_line' id='line_1_109' title="bbox 1984 5316 3563 5404; baseline -0.017 -9"><span class='ocrx_word' id='word_1_863' title='bbox 1984 5316 2156 5394; x_wconf 73' lang='lat' dir='ltr'><strong>suluit</strong></span> <span class='ocrx_word' id='word_1_864' title='bbox 2182 5337 2451 5402; x_wconf 86' lang='lat' dir='ltr'><strong>Ecclesia,</strong></span> <span class='ocrx_word' id='word_1_865' title='bbox 2482 5335 2641 5404; x_wconf 84' lang='lat' dir='ltr'><strong>cujus</strong></span> <span class='ocrx_word' id='word_1_866' title='bbox 2667 5341 2829 5403; x_wconf 86' lang='lat' dir='ltr'><strong>typus</strong></span> <span class='ocrx_word' id='word_1_867' title='bbox 2867 5337 2952 5383; x_wconf 90' lang='lat' dir='ltr'><strong>est</strong></span> <span class='ocrx_word' id='word_1_868' title='bbox 2987 5325 3255 5381; x_wconf 81' lang='lat' dir='ltr'><strong>Rebecca.</strong></span> <span class='ocrx_word' id='word_1_869' title='bbox 3301 5316 3563 5389; x_wconf 82' lang='lat' dir='ltr'><strong>Ejusdem</strong></span> 
     </span>
    </p>
   </div>
   <div class='ocr_carea' id='block_1_110' title="bbox 1984 5408 3566 5491">
    <p class='ocr_par' dir='ltr' id='par_1_110' title="bbox 1984 5408 3566 5491">
     <span class='ocr_line' id='line_1_110' title="bbox 1984 5408 3566 5491; baseline -0.016 -3"><span class='ocrx_word' id='word_1_870' title='bbox 1984 5449 2115 5488; x_wconf 86' lang='lat' dir='ltr'><strong>vero</strong></span> <span class='ocrx_word' id='word_1_871' title='bbox 2133 5429 2419 5485; x_wconf 70' lang='lat' dir='ltr'><strong>sententia:</strong></span> <span class='ocrx_word' id='word_1_872' title='bbox 2440 5434 2525 5481; x_wconf 89' lang='lat' dir='ltr'><strong>est</strong></span> <span class='ocrx_word' id='word_1_873' title='bbox 2550 5424 2714 5479; x_wconf 88' lang='lat' dir='ltr'><strong>etiam</strong></span> <span class='ocrx_word' id='word_1_874' title='bbox 2747 5423 2862 5491; x_wconf 88' lang='lat' dir='ltr'><strong>ipse</strong></span> <span class='ocrx_word' id='word_1_875' title='bbox 2888 5418 3150 5472; x_wconf 72' lang='lat' dir='ltr'><strong>Rebeccae</strong></span> <span class='ocrx_word' id='word_1_876' title='bbox 3174 5422 3430 5481; x_wconf 88' lang='lat' dir='ltr'><strong>sponsus,</strong></span> <span class='ocrx_word' id='word_1_877' title='bbox 3460 5408 3566 5463; x_wconf 84' lang='lat' dir='ltr'><strong>hoc</strong></span> 
     </span>
    </p>
   </div>
   <div class='ocr_carea' id='block_1_111' title="bbox 1985 5497 3571 5580">
    <p class='ocr_par' dir='ltr' id='par_1_111' title="bbox 1985 5497 3571 5580">
     <span class='ocr_line' id='line_1_111' title="bbox 1985 5497 3571 5580; baseline -0.017 -2"><span class='ocrx_word' id='word_1_878' title='bbox 1985 5533 2071 5578; x_wconf 88' lang='lat' dir='ltr'><strong>est</strong></span> <span class='ocrx_word' id='word_1_879' title='bbox 2117 5521 2405 5580; x_wconf 86' lang='lat' dir='ltr'><strong>Christus,</strong></span> <span class='ocrx_word' id='word_1_880' title='bbox 2447 5515 2691 5570; x_wconf 84' lang='lat' dir='ltr'><strong>devitarc</strong></span> <span class='ocrx_word' id='word_1_881' title='bbox 2742 5508 2963 5580; x_wconf 88' lang='lat' dir='ltr'><strong>quidem</strong></span> <span class='ocrx_word' id='word_1_882' title='bbox 3008 5505 3209 5578; x_wconf 84' lang='lat' dir='ltr'><strong>jubens</strong></span> <span class='ocrx_word' id='word_1_883' title='bbox 3262 5497 3571 5571; x_wconf 87' lang='lat' dir='ltr'><strong>spiritalem</strong></span> 
     </span>
    </p>
   </div>
   <div class='ocr_carea' id='block_1_112' title="bbox 301 5586 1877 5680">
    <p class='ocr_par' dir='ltr' id='par_1_112' title="bbox 301 5606 1877 5680">
     <span class='ocr_line' id='line_1_112' title="bbox 301 5606 1877 5680; baseline -0.001 -19"><span class='ocrx_word' id='word_1_884' title='bbox 301 5607 547 5671; x_wconf 78' lang='grc' dir='ltr'><strong>Χαναὰν,</strong></span> <span class='ocrx_word' id='word_1_885' title='bbox 570 5608 825 5677; x_wconf 76' lang='grc' dir='ltr'><strong>ἐφίεσθαι</strong></span> <span class='ocrx_word' id='word_1_886' title='bbox 858 5609 915 5662; x_wconf 81' lang='grc' dir='ltr'><strong>δὲ</strong></span> <span class='ocrx_word' id='word_1_887' title='bbox 949 5608 1149 5680; x_wconf 78' lang='grc' dir='ltr'><strong>μᾶλλον</strong></span> <span class='ocrx_word' id='word_1_888' title='bbox 1190 5606 1283 5660; x_wconf 79' lang='grc' dir='ltr'><strong>τοῦ</strong></span> <span class='ocrx_word' id='word_1_889' title='bbox 1333 5606 1602 5661; x_wconf 85' lang='grc' dir='ltr'><strong>ποιεῖσθαι</strong></span> <span class='ocrx_word' id='word_1_890' title='bbox 1637 5607 1877 5661; x_wconf 71' lang='grc' dir='ltr'><strong>σύνοικοι.</strong></span> 
     </span>
    </p>
   </div>
   <div class='ocr_carea' id='block_1_113' title="bbox 1978 5586 3573 5680">
    <p class='ocr_par' dir='ltr' id='par_1_113' title="bbox 1986 5586 3573 5669">
     <span class='ocr_line' id='line_1_113' title="bbox 1986 5586 3573 5669; baseline -0.014 -6"><span class='ocrx_word' id='word_1_891' title='bbox 1986 5608 2283 5663; x_wconf 75' lang='lat' dir='ltr'><strong>mniciliam</strong></span> <span class='ocrx_word' id='word_1_892' title='bbox 2319 5617 2441 5658; x_wconf 91' lang='lat' dir='ltr'><strong>cum</strong></span> <span class='ocrx_word' id='word_1_893' title='bbox 2469 5601 2535 5654; x_wconf 81' lang='lat' dir='ltr'><strong>iis</strong></span> <span class='ocrx_word' id='word_1_894' title='bbox 2567 5598 2659 5666; x_wconf 83' lang='lat' dir='ltr'><strong>qui</strong></span> <span class='ocrx_word' id='word_1_895' title='bbox 2698 5597 2879 5669; x_wconf 82' lang='lat' dir='ltr'><strong>impiis</strong></span> <span class='ocrx_word' id='word_1_896' title='bbox 2906 5596 3134 5668; x_wconf 81' lang='lat' dir='ltr'><strong>ﬂagrant</strong></span> <span class='ocrx_word' id='word_1_897' title='bbox 3162 5591 3281 5655; x_wconf 82' lang='lat' dir='ltr'><strong>iris,</strong></span> <span class='ocrx_word' id='word_1_898' title='bbox 3308 5595 3365 5643; x_wconf 81' lang='lat' dir='ltr'><strong>et</strong></span> <span class='ocrx_word' id='word_1_899' title='bbox 3392 5586 3573 5640; x_wconf 59' lang='lat' dir='ltr'><strong>caedes</strong></span> 
     </span>
    </p>
   </div>
   <div class='ocr_carea' id='block_1_114' title="bbox 378 5785 1649 5855">
    <p class='ocr_par' dir='ltr' id='par_1_114' title="bbox 378 5785 1649 5855">
     <span class='ocr_line' id='line_1_114' title="bbox 378 5785 1649 5855; baseline -0.004 -10"><span class='ocrx_word' id='word_1_900' title='bbox 378 5790 395 5820; x_wconf 83' lang='lat'><strong>&#39;</strong></span> <span class='ocrx_word' id='word_1_901' title='bbox 418 5785 594 5845; x_wconf 66' lang='lat' dir='ltr'><strong>‘Gcn.</strong></span> <span class='ocrx_word' id='word_1_902' title='bbox 626 5804 814 5855; x_wconf 74' lang='lat' dir='ltr'><strong>nvm,</strong></span> <span class='ocrx_word' id='word_1_903' title='bbox 858 5790 966 5846; x_wconf 61' lang='lat' dir='ltr'><strong>l-I.</strong></span> <span class='ocrx_word' id='word_1_904' title='bbox 1046 5792 1090 5823; x_wconf 83' lang='grc'><strong>⁷³</strong></span> <span class='ocrx_word' id='word_1_905' title='bbox 1119 5791 1251 5847; x_wconf 84' lang='lat' dir='ltr'><strong>Cen.</strong></span> <span class='ocrx_word' id='word_1_906' title='bbox 1290 5807 1408 5854; x_wconf 75' lang='lat' dir='ltr'><strong>xxv,</strong></span> <span class='ocrx_word' id='word_1_907' title='bbox 1444 5789 1532 5853; x_wconf 63' lang='grc' dir='ltr'><strong>Ἦ,</strong></span> <span class='ocrx_word' id='word_1_908' title='bbox 1561 5788 1649 5841; x_wconf 72' lang='grc'><strong>25.</strong></span> 
     </span>
    </p>
   </div>
   <div class='ocr_carea' id='block_1_115' title="bbox 1729 5781 2243 5847">
    <p class='ocr_par' dir='ltr' id='par_1_115' title="bbox 1729 5781 2243 5847">
     <span class='ocr_line' id='line_1_115' title="bbox 1729 5781 2243 5847; baseline -0.012 -7"><span class='ocrx_word' id='word_1_909' title='bbox 1729 5789 1771 5816; x_wconf 66' lang='grc'><strong>⁷⁸</strong></span> <span class='ocrx_word' id='word_1_910' title='bbox 1798 5789 1935 5840; x_wconf 71' lang='lat' dir='ltr'><strong>Gen.</strong></span> <span class='ocrx_word' id='word_1_911' title='bbox 1967 5801 2126 5847; x_wconf 72' lang='lat' dir='ltr'><strong>xxvu,</strong></span> <span class='ocrx_word' id='word_1_912' title='bbox 2156 5781 2243 5834; x_wconf 64' lang='lat' dir='ltr'><strong>II.</strong></span> 
     </span>
    </p>
   </div>
  </div>
