4074 6260
512 389 616 447 £85

1498 392 1556 449 S.
1597 390 1873 450 CYRILLI
1914 386 2382 445 ALEXANDRTNI
2423 386 2740 445 ARCHIEP.

3660 379 3758 434 εει

509 502 768 559 ferociter
817 504 1115 560 moliuntur
1159 504 1437 579 (amicitia:
1478 516 1661 562 autem
1699 506 1914 576 signum
1958 513 2085 560 sunt

2203 522 2249 557 :x
2261 504 2369 559 τῶν
2389 502 2707 573 θυγατέρων
2722 502 2925 556 Λάϐαν.
2946 501 2992 554 Κ
3004 497 3323 554 ινδυνεύοντι
3344 495 3453 567 γὰρ
3469 496 3563 550 xui
3578 495 3760 550 διωκο-

510 593 962 665 nuptize),eligere
981 605 1161 651 autem
1185 598 1370 667 potius
1393 615 1423 654 e
1442 598 1605 653 domo
1622 598 1826 662 Laban,
1849 597 1954 651 hoc
1982 605 2085 660 est,

511 699 579 737 ex
618 685 892 755 gentibus.
943 686 1303 756 Reperiemus
1339 703 1471 742 vero
1526 695 1745 741 sanctos
1790 685 2085 755 apostolos,

511 773 606 841 qui
633 774 853 844 quidem
878 784 1005 830 sunt
1033 792 1303 831 novorum
1335 778 1390 832 in
1411 777 1517 832 ﬁde
1550 778 1877 847 populorum
1898 776 2090 847 primi-

511 864 621 928 tiae,
645 881 710 919 ea
733 881 854 935 qua;
893 866 1097 922 Jacobo
1125 876 1393 939 praecepta
1426 869 1671 935 fuerunt,
1710 868 1901 924 sedulo
1930 883 2086 923 exse-

511 963 761 1024 quentes.
815 956 1198 1012 Discesserunt
1245 960 1391 1013 enim
1442 974 1473 1013 a
1518 958 1837 1025 Judzeorum
1888 971 2085 1026 grege;

511 1047 717 1117 quippe
771 1049 868 1117 qui
921 1049 1125 1104 caedem
1182 1051 1446 1107 adversus
1499 1052 1647 1121 ipsos
1693 1048 2085 1105 moliebantur.

511 1136 785 1193 Nutantes
813 1147 995 1193 autem
1037 1141 1288 1211 regiones
1327 1149 1384 1195 et
1421 1141 1604 1205 urbes,
1640 1140 2088 1211 persequentium

511 1229 622 1285 iras
653 1230 1033 1301 subterfugere
1066 1232 1367 1301 prudenter
1397 1232 1685 1287 curabant.
1725 1231 2090 1286 Meminerant

509 1320 658 1375 enim
679 1320 881 1378 Christi
898 1323 1143 1392 jubentis
1170 1332 1332 1393 atque
1367 1323 1604 1378 dicentis
1629 1341 1641 1375 κ
1669 1342 1686 1373 ‹
1713 1321 1941 1389 Quando
1962 1339 2090 1393 per-

512 1413 690 1469 secuti
721 1412 930 1471 fuerint
956 1429 1054 1468 vos
1079 1430 1145 1469 ex
1173 1415 1311 1469 urbe
1338 1415 1463 1479 hac,
1496 1415 1666 1486 fugite
1694 1413 1751 1468 in
1784 1413 1944 1467 aliam
1964 1413 2032 1466 ⁷⁷.
2064 1432 2083 1465 ι

508 1504 747 1559 Allocuti
779 1520 911 1560 vero
943 1506 1109 1561 etiam
1144 1506 1248 1576 ipsi
1290 1523 1386 1561 eos
1420 1507 1515 1576 qui
1539 1523 1606 1561 ex
1631 1507 1895 1576 sanguine
1924 1506 2092 1561 lsrael

510 1603 669 1650 erant
687 1596 938 1651 nolentes
966 1597 1216 1662 credere,
1237 1613 1294 1652 et
1315 1598 1648 1653 contumelia
1679 1597 1827 1667 ipsos
1856 1596 2094 1652 afﬁciens

511 1694 633 1743 tes:
666 1707 683 1740 ι
714 1688 878 1744 Vobis
903 1705 1129 1745 necesse
1164 1699 1284 1745 erat
1316 1691 1556 1759 primum
1586 1691 1737 1759 loqui
1781 1704 2092 1745 sermonem

510 1779 629 1834 Dei.
653 1781 951 1850 Postquam
987 1797 1118 1836 vero
1151 1782 1379 1852 rejicitis
1423 1797 1572 1847 eum,
1615 1796 1791 1851 neque
1832 1781 2094 1852 iudicatis

510 1868 710 1940 dignos
738 1871 989 1940 vosipsos
1026 1871 1137 1926 vita
1174 1879 1414 1938 aeterna;
1452 1888 1581 1927 ecce
1618 1873 1991 1927 convertimur
2024 1871 2094 1927 ad
2125 1858 2169 1916 Β

511 1968 724 2030 gentes.
748 1961 828 2016 Ita
861 1962 1010 2017 enim
1040 1963 1294 2033 praecipit
1315 1963 1476 2018 nobis
1501 1964 1766 2018 Dominus
1787 1965 1852 2017 ⁷⁸.
1879 1983 1894 2015 ι
1921 1963 2096 2019 Audis

513 2066 626 2121 quo
645 2059 806 2121 pacto
834 2053 1092 2110 Ecclesia:
1117 2069 1371 2124 sponsus,
1395 2054 1502 2109 hoc
1524 2063 1608 2108 est
1632 2054 1905 2120 Christus,
1920 2038 2093 2111 "disci-

512 2144 660 2214 polis
698 2144 814 2199 suis
858 2147 1117 2217 praecepit
1155 2154 1216 2200 ut
1256 2145 1326 2201 ad
1369 2145 1588 2202 Graecos
1626 2162 1685 2201 se
1727 2146 2091 2220 conferrent,

513 2236 702 2305 ibique
729 2237 1121 2307 prolificarent,
1149 2248 1206 2294 et
1225 2248 1410 2309 patres
1438 2239 1840 2310 quodammodo
1860 2240 2095 2310 populo~

513 2341 639 2380 rum
668 2325 885 2382 fierent.
911 2328 1122 2384 Idcirco
1139 2329 1304 2384 etiam
1329 2329 1770 2399 sapientissimus
1806 2330 2009 2386 Paulus
2029 2331 2097 2385 iis

518 2416 617 2486 qui
644 2432 713 2471 ex
744 2416 999 2488 gentibus
1030 2434 1129 2489 per
1164 2419 1342 2489 ipsum
1380 2420 1753 2485 crediderunt,
1781 2421 1975 2476 scribit
2009 2422 2095 2476 di-

517 2523 653 2563 cens
700 2526 713 2561 :
765 2528 783 2560 ι
817 2509 933 2563 Etsi
957 2509 1104 2564 enim
1155 2510 1303 2565 mille
1357 2508 1677 2582 paedagogos
1708 2512 1980 2567 habuistis
2039 2512 2097 2567 in

515 2597 758 2665 Christo,
784 2599 879 2655 sed
900 2615 1010 2655 non
1031 2600 1234 2655 multos
1259 2609 1464 2670 patres.
1488 2602 1624 2656 Nam
1657 2602 1711 2657 in
1733 2601 1949 2658 Christo
1968 2602 2096 2657 Jesu

516 2705 617 2760 per
641 2690 998 2762 Evangelium
1032 2708 1134 2763 ego
1171 2708 1270 2747 vos
1302 2693 1466 2763 genui
1489 2695 1555 2747 τ’.
1585 2713 1603 2744 ι
1643 2692 1799 2759 Quod
1831 2708 1964 2748 vero
1998 2694 2097 2748 ad-

515 2778 741 2835 futurus
764 2782 837 2836 sit
855 2781 1020 2847 Deus,
1044 2791 1100 2839 et
1117 2783 1336 2837 abunde
1358 2783 1751 2838 benedicturus
1764 2784 1981 2854 populis
2002 2784 2096 2853 qui

418 2864 425 2871 ’
517 2872 577 2926 in
606 2870 733 2936 ﬁde,
754 2872 1115 2940 demonstrat,
1138 2882 1195 2930 et
1217 2875 1440 2945 quidem
1469 2875 1629 2930 facile
1659 2875 1978 2941 admodum,
2009 2876 2098 2930 di-

516 2963 680 3021 vinus
711 2965 878 3030 Isaac,
904 2965 1076 3021 ﬁlium
1112 2982 1271 3022 suum
1293 2967 1461 3023 Iacob
1484 2976 1708 3037 paterna
1732 2967 1896 3022 domo
1925 2967 2101 3022 disce-

522 3055 747 3112 dentem
798 3058 1012 3114 caelesti
1057 3060 1444 3115 benedictione
1486 3076 1690 3115 ornans
1731 3076 1796 3115 ac
1847 3059 2039 3115 dicens
2081 3077 2094 3114 ι

2194 596 2342 665 μένῳ
2363 593 2441 664 τῷ
2477 594 2581 663 νέῳ
2614 592 2748 662 λαῷ,
2776 595 2872 657 τάς
2894 592 3002 645 τῶν
3045 589 3330 658 φονώντων
3360 587 3529 657 ὀργὰς
3562 605 3755 658 παραι⁸

2189 686 2399 739 τεῖσθαι
2433 683 2725 754 σωφρόνως
2774 680 3241 754 συμϐεϐούλευκεν
3280 679 3314 749 ὴ
3357 676 3670 748 Ἐκκλησία·
3696 673 3761 749 ἦς

2188 777 2254 831 ἂν
2280 779 2363 848 εἴη
2399 776 2567 840 τύπος
2614 776 2947 848 ὴῬεϐέκκα.
2990 769 3336 826 Συνεπινεύει
3372 768 3636 839 δὲῶσπερ
3672 769 3764 823 xui

2188 876 2349 938 αὐτὸς
2396 878 2423 928 ὀ
2473 875 2574 941 τῆς
2621 873 2910 934 Ῥεϐέκκας
2941 868 3194 938 νυμφίος,
3233 865 3479 919 τουτέστι
3510 861 3763 934 Χριστὸς,

2190 964 2561 1036 παρωθείσθαι
2595 963 2693 1034 μὲν
2744 961 3053 1031 οἰκειότητα
3095 957 3195 1028 τὴν
3231 952 3607 1026 πνευματικὴν
3660 953 3766 1007 τῶν

2190 1061 2268 1119 εἰς
2291 1056 2537 1119 ἀνοσίους
2557 1052 2978 1124 ὲκκεκαυμένων
3006 1050 3198 1122 ὀργὰς,
3228 1048 3324 1101 xui
3362 1048 3526 1117 φονᾷν
3564 1044 3767 1115 ἀγρίως

2193 1166 2258 1220 με
2266 1146 2656 1220 μελετηκότων.
2689 1145 3030 1213 Οἱκειότητος
3044 1142 3101 1195 δὲ
3126 1142 3348 1210 σημεῖον
3362 1139 3389 1190 ὁ
3404 1136 3602 1206 γάμος.
3617 1134 3767 1188 ’Δνθ-

2191 1240 2462 1312 αιρεῖσθαι
2500 1238 2557 1291 δὲ
2589 1236 2788 1307 μᾶλλον
2814 1235 2914 1299 τὰς
2953 1235 3017 1287 ὲκ
3049 1232 3143 1286 τοῦ
3192 1233 3344 1285 οἴκου
3381 1228 3588 1292 Λάϐαν,
3616 1241 3770 1279 τουτ-

2192 1334 2306 1387 έστι
2340 1331 2441 1392 τὰς
2481 1330 2540 1395 ἐξ
2574 1329 2763 1383 ἐθνῶν.
2800 1329 3118 1398 Εύρήσομεν
3149 1324 3206 1378 δὲ
3238 1323 3364 1386 τοὺς
3397 1320 3585 1390 ἁγίους
3634 1320 3770 1371 ἀπο-

2194 1426 2432 1489 στόλους,
2461 1425 2509 1478 oi
2543 1423 2633 1477 καὶ
2660 1423 2766 1476 τῶν
2800 1424 2856 1476 ὲν
2891 1421 3069 1476 πίστει
3104 1421 3197 1474 xui
3218 1419 3356 1472 νέων
3380 1416 3526 1470 λαῶν
3555 1414 3771 1484 γεγόνα-

2195 1533 2279 1569 σιν
2309 1516 2552 1587 ἀπαρχὴ,
2582 1514 2955 1585 διαπεραίνειν
2977 1511 3383 1571 ἐσπουδακότας
3410 1508 3481 1561 τὰ
3529 1505 3774 1560 ἐντεταλ-

2199 1608 2336 1678 μένα
2365 1608 2441 1678 τῷ
2483 1607 2695 1661 Ἰακώϐ.
2733 1605 3180 1673 Ἀπενοσφίζοντο
3231 1602 3328 1672 μὲν
3369 1599 3477 1670 γὰρ
3506 1599 3609 1667 τῆς
3645 1597 3773 1657 ἰου-

2195 1699 2360 1753 δαίων
2387 1700 2606 1770 ἀγέλης,
2632 1700 2724 1753 ἆτε
2750 1698 2815 1769 δὴ
2845 1698 3093 1766 φονώσης
3122 1694 3242 1748 κατ’
3266 1691 3466 1747 αὐτῶν.
3499 1686 3775 1758 Μεταμεὲ-

2198 1789 2384 1853 ϐοντες
2411 1791 2467 1843 δὲ
2500 1788 2682 1861 χώρας
2710 1791 2804 1842 καὶ
2833 1789 3038 1851 πόλεις,
3061 1787 3160 1849 τὰς
3184 1784 3290 1838 τῶν
3319 1782 3622 1836 διωκόντων
3640 1781 3775 1832 ὑπο-

2196 1882 2428 1952 τρέχειν
2456 1879 2624 1951 ὀργὰς
2683 1878 2953 1948 νουνεχῶς
3000 1875 3349 1938 ἐσπούδαζον.
3403 1869 3777 1940 Διεμέμνηντο

2195 1973 2304 2043 γὰρ
2329 1973 2755 2044 ὲπισκήπτοντος
2776 1970 2869 2024 τοῦ
2893 1968 3128 2041 Χριστοῦ
3151 1967 3244 2021 xui.
3259 1964 3529 2033 λέγοντος·
3554 1981 3573 2012 ι
3607 1960 3776 2013 Ὅταν

2195 2064 2462 2119 διώκωσιν
2503 2065 2651 2135 ἡμᾶς
2680 2065 2745 2116 ἐκ
2791 2063 2890 2132 τῆς
2920 2060 3127 2122 πόλεως
3160 2058 3386 2125 ταύτης,
3415 2052 3647 2123 φεύγετε
3700 2050 3777 2112 εἰς

2195 2156 2294 2226 τὴν
2325 2155 2539 2225 ἑτέραν.
2577 2173 2596 2206 ι
2630 2152 3003 2225 Προσελὰλουν
3028 2150 3084 2204 δὲ
3117 2150 3210 2203 xui
3239 2147 3421 2207 αὐτοῖς
3446 2146 3558 2205 τοῖς
3603 2140 3663 2205 ἐξ
3695 2139 3777 2192 αϊ-

2200 2262 2369 2316 ματος
2406 2244 2617 2316 Ἰσραὴλ
2677 2242 2928 2296 ἀπειθεῖν
2974 2238 3271 2313 ᾑρημένοις
3323 2235 3418 2289 xui.
3464 2230 3778 2303 ὑϐρίζουσιν

2197 2336 2455 2407 ἀφειδῶς·
2493 2355 2510 2387 ι
2560 2336 2717 2405 Ὑμῖν
2763 2330 2832 2405 ἦν
2877 2334 3172 2401 ἀναγκαῖον
3219 2328 3436 2400 πρῶτον
3479 2322 3778 2392 λαληθῆναι
3845 2347 3854 2355 -

2198 2428 2286 2483 τὸν
2308 2427 2465 2496 λόγον
2493 2427 2586 2479 τοῦ
2616 2424 2771 2479 Θεοῦ·
2807 2423 2996 2494 ἐπειδὴ
3030 2423 3087 2475 δὲ
3120 2417 3426 2474 ἀπωθεῖσθε
3451 2415 3632 2478 αὑτὸν,
3684 2410 3780 2466 xui.

2197 2520 2296 2573 οὐκ
2322 2518 2506 2585 ἀξίους
2537 2517 2751 2588 κρίνετε
2787 2514 3014 2577 ἑαυτοὺς
3044 2513 3141 2583 τῆς
3174 2508 3392 2564 αἰωνίου
3430 2507 3596 2574 ζωῆς,
3666 2502 3779 2556 ἰδοὺ

2201 2608 2546 2682 στρεφόμεθα
2574 2611 2654 2672 εἰς
2684 2607 2752 2660 τὰ
2780 2606 2926 2676 ἔθνη.
2961 2604 3118 2659 Οὕτω
3152 2603 3260 2672 γὰρ
3285 2599 3605 2654 ὲντέταλκεν
3647 2596 3781 2665 ἡμῖν

2198 2699 2472 2766 ὁΚύριος.
2511 2718 2529 2749 ι
2590 2696 2836 2760 Ἀκούεις
2872 2697 3020 2758 ὅπως
3062 2695 3090 2746 ὁ
3122 2693 3221 2764 τῆς
3275 2688 3604 2757 Ἐκκλησίας
3648 2704 3785 2759 νυμ-

2200 2789 2339 2859 φίος,
2374 2786 2622 2841 τουτέστι
2676 2788 2934 2858 Χριστὸς,
2985 2784 3297 2839 ἐντέταλται
3343 2783 3455 2843 τοῖς
3508 2777 3660 2840 ἰδίοις
3706 2785 3782 2836 εις

2199 2882 2297 2954 τὴν
2317 2881 2424 2935 τῶν
2468 2879 2735 2951 Ἑλλήνων
2777 2878 2998 2932 ἀπιέναι
3044 2875 3271 2944 πληθὺν,
3309 2872 3405 2926 xui
3444 2870 3784 2937 τεκνογονεῖν

2201 2973 2430 3035 ἐκεῖθεν,
2486 2971 2581 3024 xui
2628 2970 2870 3041 πατέρας
2929 2967 3116 3039 ὥσπερ
3164 2962 3551 3033 ἀναφαίνεσθαι
3613 2959 3787 3013 λαῶν.’

2201 3063 2490 3134 Τοιγάρτοι
2529 3061 2623 3113 xui
2653 3061 2681 3113 ὁ
2710 3058 3019 3130 σοφώτατος
3050 3056 3261 3120 Παῦλος
3285 3057 3398 3118 τοῖς
3438 3053 3497 3120 ἐξ
3525 3053 3700 3106 ἐθνῶν
3720 3051 3783 3104 δι’

527 3162 546 3195 ι
573 3144 719 3199 Deus
747 3162 903 3203 meus
926 3148 1217 3206 benedicat
1247 3150 1369 3216 tibi,
1408 3151 1564 3221 113
1591 3159 1649 3207 et
1674 3136 2001 3221 multiplicet
2022 3158 2095 3215 te,

2204 3155 2367 3210 αὐτοῦ
2396 3154 2750 3209 πιστεύσασιν
2779 3151 3082 3206 ἐπιστέλλει
3106 3151 3303 3219 λέγων·
3349 3168 3367 3199 ι
3404 3146 3521 3202 Κᾶν
3544 3144 3659 3214 γὰρ
3693 3160 3786 3214 μυ-

520 3240 576 3288 et
598 3249 846 3292 crescere
868 3238 1033 3294 faciat
1053 3248 1105 3296 te
1130 3259 1144 3294 :
1166 3253 1222 3297 et
1244 3242 1357 3298 eris
1380 3242 1435 3296 in
1466 3244 1940 3314 congregationem
1966 3258 2100 3313 gen-

521 3325 663 3385 tium
710 3344 725 3380 :
772 3335 830 3383 et
876 3330 970 3385 det
1011 3330 1115 3386 tibi
1166 3332 1608 3389 benedictionem
1652 3334 1886 3389 Abrahae
1930 3333 2104 3403 patris

521 3418 605 3471 tui
629 3417 696 3471 ⁸⁸.
729 3437 747 3470 ι
778 3419 1062 3476 Benedicti
1096 3423 1243 3476 enim
1274 3432 1405 3478 sunt
1445 3425 1540 3493 qui
1568 3425 1623 3478 in
1648 3424 1889 3490 Christo,
1925 3422 2103 3478 aucti-

523 3521 632 3575 que
658 3514 789 3561 sunt
816 3508 1172 3565 vehementer
1202 3510 1331 3566 facti
1362 3511 1419 3565 in
1448 3513 1856 3567 multitudinem
1899 3520 1956 3567 et
1976 3526 2107 3567 con-

525 3603 874 3674 gregationes
904 3605 1172 3675 gentium,
1215 3616 1272 3662 et
1310 3607 1627 3663 coheredes
1664 3606 1927 3661 declarati
1975 3621 2105 3661 san-

524 3700 742 3750 ctorum
773 3695 1018 3750 Patrum.
1039 3696 1383 3753 Recumbent
1409 3699 1555 3754 enim
1583 3713 1708 3753 cum
1730 3696 2027 3762 Abraham,
2051 3703 2108 3751 et

525 3787 698 3854 Isaac,
752 3796 811 3843 et
858 3788 1050 3857 Jacob,
1103 3791 1269 3846 etiam
1319 3791 1375 3846 in
1417 3807 1587 3862 regno
1628 3791 1914 3856 caelorum,
1952 3791 2107 3863 juxta

524 3882 700 3952 ipsius
723 3883 1019 3941 Salvatoris
1039 3901 1231 3941 vocem
1258 3885 1324 3940 ει.
1353 3884 1634 3940 Benediéti
1660 3900 1794 3939 vero
1826 3899 2017 3938 sumus
2038 3883 2108 3938 ab

526 3973 648 4044 ipso
676 3992 934 4032 rursum:
961 3977 1100 4033 dixit
1132 3978 1280 4034 enim
1314 3978 1383 4033 de
1414 3977 1607 4033 nobis:
1652 3996 1670 4028 ‹
1699 3977 1862 4032 Pater
1897 3982 2105 4040 sancte,

408 4076 417 4087 '
527 4080 686 4121 serva
725 4084 822 4123 eos
854 4069 910 4124 in
938 4071 1173 4126 veritate
1206 4079 1311 4144 tua
1352 4071 1419 4124 ⁸³.
1449 4090 1467 4122 ›
1500 4069 1556 4125 Si
1598 4085 1730 4125 vero
1773 4068 2110 4139 intelligatur

526 4157 693 4210 etiam
728 4159 872 4213 Esau
903 4169 1080 4217 mater
1118 4163 1389 4227 Rebecca,
1426 4162 1563 4216 nihil
1607 4161 1832 4217 omnino
1860 4168 2109 4215 contem-

526 4248 759 4317 plationi
789 4249 1057 4306 oﬂ‘ecerit.
1097 4251 1380 4321 Siquidem
1414 4252 1471 4305 in
1516 4259 1704 4322 typum
1738 4252 2111 4308 Israelitarum

530 4338 823 4393 statuimus
846 4341 1026 4396 Esau:
1056 4343 1320 4398 Rebecca;
1354 4357 1489 4397 vero
1529 4342 1786 4398 Ecclesiae
1818 4357 2109 4411 personam

529 4431 1030 4488 accommodamus.
1081 4433 1252 4488 Porro
1300 4433 1404 4504 ipsi
1444 4432 1611 4488 etiam
1666 4433 1928 4488 Israelita:
1982 4432 2111 4487 facti

2206 3248 2354 3319 ρίους
2388 3245 2772 3315 παιδαγωγοὺς
2793 3243 2951 3314 ἔχητε
2976 3245 3033 3296 ὲν
3050 3241 3290 3312 Χριστῷ,
3321 3240 3434 3293 ἀλλ’
3468 3238 3528 3292 οὐ
3556 3235 3786 3296 πολλοὺς

2204 3337 2467 3405 πατέρας.
2513 3337 2601 3390 Ἐν
2635 3337 2742 3407 γὰρ
2774 3332 3186 3407 ΧριστῷἹησοῦ
3211 3331 3299 3385 διὰ
3323 3330 3417 3384 τοῦ
3450 3326 3786 3397 Εὐαγγελίου

2206 3428 2317 3499 ἐγὼ
2367 3430 2511 3499 ὑμᾶς
2538 3428 2827 3498 ἐγέννησα.
2884 3448 2903 3481 ι
2942 3429 3063 3480 Ὅτι
3114 3426 3171 3479 δὲ
3209 3425 3303 3478 xui
3350 3422 3602 3476 συνέσται
3634 3418 3785 3481 Θεὸς,

2206 3525 2300 3578 καὶ
2327 3522 2608 3593 εύλογήσει
2646 3520 2914 3583 πλουσίως
2951 3518 3076 3582 τοὺς
3106 3519 3163 3570 ὲν
3195 3515 3371 3568 πίστει
3397 3512 3579 3575 λαοὺς.
3612 3525 3793 3581 παρα-

2206 3615 2428 3680 δείξειεν
2479 3614 2544 3669 ἂν
2592 3614 2687 3668 xui.
2739 3613 2881 3683 μάλα
2930 3611 3129 3684 ῥᾳδίως
3169 3610 3197 3662 ὁ
3226 3608 3514 3669 θεσπέσιος
3575 3602 3789 3696 Ἰσαὰκὅ

2207 3706 2577 3778 ἀποτρέχοντα
2599 3704 2688 3758 τὸν
2705 3702 2899 3757 Ἰακὼϐ
2923 3705 3021 3773 τῆς
3047 3699 3305 3771 πατρῴας
3340 3698 3524 3760 ἑστίας
3548 3699 3679 3759 ταῖς
3700 3696 3791 3750 ἇν-

2207 3799 2344 3853 ωθεν
2364 3798 2634 3866 εὐλογίαις
2663 3795 2941 3866 στεφανῶν
2972 3795 3066 3848 xu‘t
3081 3793 3312 3861 λέγων’(
3333 3791 3389 3843 '0
3421 3789 3477 3842 δὲ
3510 3787 3649 3850 Θεός
3683 3801 3783 3857 μου

2209 3891 2499 3962 εὐλογῆσαι
2534 3907 2613 3954 σε,
2648 3891 2738 3943 καὶ
2768 3888 2999 3960 αὐξῆσαι
3035 3904 3114 3951 σε,
3146 3886 3240 3939 xui
3267 3881 3535 3954 πληθύναι
3570 3895 3657 3932 σε·
3693 3879 3789 3931 καὶ

2209 3980 2308 4055 ἔσῃ
2335 3982 2415 4046 είς
2456 3979 2776 4049 συναγωγὰς
2801 3977 2991 4032 ὲθνῶν.
3026 3977 3139 4030 Kui.
3168 3975 3278 4044 δῴη
3311 3991 3392 4027 σοι
3422 3974 3519 4046 τὴν
3542 3971 3796 4039 εὐλογίαν

2221 4072 2474 4144 Ἀϐραὰμ
2518 4072 2613 4125 τοῦ
2658 4070 2864 4147 πατρός
2901 4086 3016 4122 σου.
3055 4087 3072 4120 ι
3127 4067 3466 4134 Ηύλὸγηνται
3502 4064 3612 4136 γὰρ
3643 4066 3693 4116 οἱ
3741 4064 3797 4114 ἐν

2211 4165 2453 4236 Χριστῷ,
2481 4163 2742 4236 ηὗξηνταί
2769 4180 2828 4215 τε
2852 4162 2991 4219 λίαν.
3020 4159 3115 4213 xui
3149 4160 3229 4222 είς
3275 4157 3477 4227 πλῆθος
3510 4157 3796 4225 γεγόνασι,

2211 4257 2304 4309 καὶ
2331 4253 2654 4323 συναγωγὰς
2683 4252 2874 4316 ὲθνῶν,
2928 4251 3021 4304 xui
3053 4246 3481 4318 συγκληρονόμοι
3525 4244 3798 4298 τέθεινται

2210 4347 2322 4399 τῶν
2386 4348 2554 4415 ἁγίων
2614 4345 2886 4417 πατέρων.
2939 4340 3421 4410 Ἀνακλιθήσονται
3475 4336 3587 4406 γὰρ
3660 4331 3797 4405 μετά

2213 4436 2487 4506 Ἀϐραὰμ,
2519 4434 2615 4487 xui
2638 4434 2849 4494 Ἰσαὰκ,
2881 4432 2975 4484 καὶ
3004 4428 3219 4493 Ἰακὼϐ,
3247 4428 3340 4481 xui
3366 4429 3424 4478 ὲν
3448 4428 3513 4495 τῇ
3545 4419 3801 4494 βασιλείᾳ.

531 4528 661 4574 sunt
683 4518 780 4574 ﬁlii
801 4521 1060 4576 Ecclesiae
1082 4537 1180 4592 per
1203 4521 1365 4578 ﬁdem
1391 4523 1445 4576 in
1482 4521 1722 4588 Christo,
1751 4538 1860 4577 non
1886 4522 2100 4593 quidem

2214 4526 2323 4580 τῶν
2368 4525 2635 4598 οὐρανῶν,
2679 4524 2820 4578 κατὰ
2869 4523 2968 4593 τὴν
2992 4519 3154 4575 αὐτοῦ
3181 4518 3275 4571 τοῦ
3303 4517 3553 4587 Σωτῆρος
3586 4514 3796 4583 φωνήν.

530 4613 588 4666 in
615 4619 858 4667 veterem
896 4612 1049 4667 illum
1083 4614 1348 4684 populum
1391 4613 1649 4685 reputati,
1697 4613 1941 4668 translati
1978 4629 2110 4669 vero

531 4705 717 4777 potius
737 4705 792 4758 in
815 4721 1040 4771 novum,
1060 4716 1116 4761 et
1134 4708 1390 4777 gentibus
1414 4707 1658 4762 immisti.
1691 4725 1708 4757 ι
1739 4706 1795 4761 Si
1821 4700 1944 4777 q'uis
1962 4708 2108 4762 enim

533 4798 589 4852 in
614 4795 858 4863 Christo,
883 4814 1023 4852 nova
1051 4807 1303 4853 creatura
1326 4800 1392 4831 ⁸³·
1421 4818 1439 4848 ι
1466 4798 1561 4867 qui
1587 4798 1727 4852 duos
1751 4798 2108 4868 populosfor-

529 4889 701 4948 mavit
731 4889 785 4944 in
812 4907 985 4945 unum
1030 4905 1235 4945 novum
1271 4889 1572 4953 hominem,
1609 4897 1857 4943 statuens
1893 4905 2106 4958 pacem,

530 4983 835 5038 secundum
871 4982 1202 5053 Scripturas,
1227 4980 1526 5037 concilians
1551 4988 1836 5050 utrosque,
1860 4989 1915 5036 et
1932 4981 2109 5036 addu-

530 5092 662 5130 cens
712 5076 769 5130 in
816 5092 926 5131 uno
981 5077 1176 5147 spiritu
1218 5076 1285 5130 ad
1332 5077 1567 5130 Patrem.
1621 5094 1638 5125 ι
1668 5073 1924 5129 Dissolvit
1961 5075 2110 5129 enim

529 5168 771 5222 medium
802 5168 1068 5237 parietem
1095 5168 1364 5233 maceriae,
1385 5168 1559 5239 legem
1598 5166 1980 5223 mandatorum
2011 5168 2110 5222 dc-

530 5261 697 5314 cretis
723 5275 999 5316 evacuans
1015 5259 1081 5313 ⁸³.
1112 5279 1131 5311 ι

2217 4615 2580 4687 Ηύλογήμεθα
2628 4616 2685 4668 δὲ
2734 4617 2863 4684 παρ’
2896 4611 3058 4666 αὐτοῦ
3107 4609 3287 4663 πάλιν·
3336 4608 3436 4677 ἔφη
3494 4607 3605 4677 γὰρ
3656 4602 3803 4670 ὑπὲρ

2216 4710 2391 4779 ἡμῶν·
2431 4728 2448 4759 ι
2482 4708 2665 4776 Πάτερ
2693 4707 2835 4774 ἆγιε,
2870 4707 3106 4775 τήρησον
3151 4703 3346 4765 αὐτοὺς
3390 4702 3447 4752 ὲν
3471 4701 3537 4768 τῇ
3569 4696 3803 4768 ἀληθείᾳ

2217 4817 2330 4853 σου.
2374 4820 2392 4851 ι
2424 4801 2486 4852 Εἰ
2526 4799 2582 4852 δὲ
2614 4799 2677 4868 δὴ
2728 4800 2900 4849 νοοῖτο
2926 4798 3019 4849 xui
3047 4795 3142 4848 τοῦ
3187 4792 3575 4871 Ἦσαῦὶμήτηρ
3612 4792 3648 4860 ἡ
3686 4789 3804 4840 Ῥε-

2214 4892 2408 4957 ϐέκκα,
2448 4891 2859 4961 διαλυμανεῖται
2902 4888 3060 4941 τοῦτο
3080 4889 3194 4950 τοῖς
3227 4885 3548 4955 θεωρήμασι
3598 4896 3805 4934 παντε-

2213 4984 2321 5047 λῶς
2349 4984 2519 5037 οὐδέν.
2554 4984 2648 5045 Ei;
2681 4981 2851 5035 τύπον
2896 4981 2995 5051 μὲν
3023 4980 3132 5050 γὰρ
3164 4978 3272 5030 τῶν
3303 4976 3361 5044 ἐξ
3382 4973 3602 5045 Ἰσραὴλ
3658 4985 3806 5040 παρ·-

2216 5074 2513 5145 εδεξάμεθα
2538 5075 2630 5127 τὸν
2646 5072 2836 5127 Ἡσαῦ·
2854 5073 3120 5142 Ῥεϐέκκα
3146 5087 3209 5140 γε
3238 5069 3343 5139 μὴν
3367 5068 3426 5122 τὸ
3449 5068 3546 5138 τῆς
3567 5062 3805 5130 Ἐκκλη-

2217 5168 2340 5232 σίας
2372 5167 2682 5236 δεδώκαμεν
2703 5167 3015 5236 πρόσωπον.
3051 5164 3216 5218 Ἀλλὰ
3251 5164 3345 5216 xui
3372 5162 3524 5214 αὐτοὶ
3562 5156 3807 5226 γεγόνα-

2220 5277 2302 5313 σιν
2324 5260 2371 5312 οἱ
2399 5258 2457 5324 ἐξ
2488 5258 2708 5329 Ἰσραὴλ
2732 5257 2828 5327 τῆς
2853 5256 3179 5326 Ἐκκλησίας
3204 5255 3313 5309 υἱοὶ·
3336 5253 3423 5306 διὰ
3449 5253 3690 5310 πίστεως
3746 5247 3808 5299 ἐν

532 5351 772 5422 Χριστῷ,
808 5354 888 5415 είς
911 5353 1039 5406 λαὸν
1090 5353 1190 5422 μὲν
1225 5352 1413 5405 οὐκέτι
1455 5351 1548 5404 τὸν
1572 5350 1739 5403 πάλαι
1766 5350 1859 5404 xui
1919 5351 2144 5419 ἀρχαῖον
2182 5352 2386 5403 ἐκεῖνον
2450 5347 2852 5418 λελογισμένοι,
2895 5344 3455 5416 μεταστοιχειούμενοι
3496 5340 3554 5393 δὲ
3594 5339 3807 5409 μᾶλλον

531 5443 612 5504 είς
641 5442 760 5497 νέον
785 5445 899 5506 τοῖς
933 5443 992 5507 ἐξ
1021 5443 1195 5497 ἐθνῶν
1226 5444 1444 5514 ἀναμίξ.
1488 5462 1507 5495 ι
1549 5443 1617 5497 Εἴ
1649 5460 1733 5506 τις
1762 5444 1870 5515 γὰρ
1892 5445 1949 5497 ἐν
1978 5444 2219 5515 Χριστῷ,
2248 5444 2409 5514 καινὴ
2441 5443 2636 5506 κτίσις·
2668 5461 2686 5495 ι
2717 5442 2776 5504 ὃς
2834 5441 2928 5494 καὶ
2987 5440 3111 5501 τοὺς
3156 5439 3250 5492 δύο
3293 5438 3455 5500 λαοὺς
3477 5436 3698 5490 ἔκτισεν
3725 5434 3809 5495 είς

531 5538 627 5590 ἕνα
658 5537 843 5591 καινὸν
865 5536 1171 5608 ἄνθρωπον,
1238 5539 1407 5593 ποιῶν
1465 5540 1703 5611 εἰρήνην,
1745 5540 1885 5594 κατὰ
1923 5541 2021 5603 τὰς
2083 5540 2325 5611 Γραφὰς,
2358 5540 2451 5592 καὶ
2492 5535 2992 5592 ἀποκαταλλάσσων
3040 5534 3389 5606 ἀμφοτέρους
3420 5532 3478 5585 ὲν
3510 5531 3591 5585 ἑνὶ
3626 5528 3809 5585 πνεύ-

605 5731 653 5763 ¹¹⁷
681 5729 874 5801 Matth.
900 5730 1065 5801 L253
1146 5730 1192 5762 ⁷⁸
1218 5732 1337 5786 Art.
1368 5750 1478 5791 xm.
1507 5735 1592 5788 46.
1697 5736 1741 5766 ⁷⁹
1766 5736 1783 5790 l
1806 5735 1931 5801 Cor.
1962 5753 2032 5801 ιγ,
2068 5737 2100 5790 Ι.

2256 5735 2300 5768 ³ο
2326 5736 2460 5792 Gen.
2487 5752 2669 5801 xxvm,
2695 5736 2747 5801 5,
2779 5738 2833 5792 μί.
2921 5735 2961 5765 ¹¹¹
2992 5732 3179 5800 Matth.
3208 5749 3320 5798 vtn,
3356 5731 3438 5788 11.

533 5814 665 5870 xv",
695 5798 781 5867 11.
858 5798 920 5831 ⁸³⁸
948 5800 990 5868 li
1020 5800 1147 5857 Cor.
1176 5818 1225 5871 ν,
1258 5803 1340 5856 l7.
1416 5805 1459 5836 ⁸³
1489 5805 1687 5876 Epht's.
1717 5822 1773 5875 η,
1812 5807 1896 5862 14.

2256 5735 2300 5768 ³ο
2326 5736 2460 5792 Gen.
2487 5752 2669 5803 xxvm,
2695 5736 2747 5803 5,
2779 5738 2833 5792 μί.
2921 5735 2961 5765 ¹¹¹
2992 5732 3179 5800 Matth.
3208 5749 3320 5798 vtn,
3356 5731 3438 5788 11.
3548 5729 3597 5757 ’ίῖ
3631 5726 3807 5795 ὶοξιι.
