4074 6260
368 352 493 446 πεδ’

1387 377 1906 469 GLApuvnouun
1944 393 2013 447 IN
2052 394 2351 451 GENESIM
2390 397 2517 452 LIB.
2565 400 2651 455 ur.

3533 407 3636 464 {86

370 522 502 577 μιτι
537 505 676 579 πρὸς
735 506 828 563 τὸν
884 506 1119 578 Πατέρα.
1150 505 1354 560 Λέλυκε
1386 509 1496 579 γὰρ
1542 510 1602 563 τὸ
1636 512 1947 581 μεσότοιχον
1985 513 2080 566 τοῦ
2143 518 2422 589 φραγμοῦ,
2473 522 2568 575 καὶ
2635 523 2985 595 κατήργηκεν
3015 526 3074 582 ὲν
3120 526 3352 599 δόγμασι
3392 528 3483 583 τὸν
3522 530 3633 583 τῶν

369 602 606 657 ἐντολῶν
634 604 818 677 νόμον.

444 702 521 764 γ’.
573 694 978 764 Ἐφοδιασθέντα
1007 694 1067 767 δὴ
1100 690 1192 749 οῦν
1218 699 1341 760 ταῖς
1374 696 1527 768 παρὰ
1554 699 1763 770 πατρὸς
1794 699 1947 752 εὐλο-

2129 703 2183 757 5.
2204 703 2373 760 Jacob
2390 705 2596 777 itaque.
2613 716 2858 778 paternae
2884 709 3289 767 benedictionis
3314 711 3516 767 viatico
3545 709 3640 764 ἰηι-

375 786 525 856 γίαις
553 786 642 840 τὸν
681 784 897 850 Ἰακὼϐ,
930 787 1263 859 ἀπεκόμιζον
1295 791 1343 842 οἱ
1374 788 1529 853 πόδες
1556 791 1649 842 ἐπὶ
1674 790 1766 843 τὸν
1798 790 1949 862 αύτῷ

380 877 705 948 προτεθέντα
740 877 841 946 τῆς
891 878 1201 947 ἀποδημίας
1256 879 1480 936 σκοπόν.
1534 881 1646 933 Kal
1699 883 1830 935 ποῖα
1885 881 1951 953 δὴ

382 969 540 1022 πάλιν
570 968 634 1020 τά
671 968 876 1038 μεταξὺ
913 969 1197 1036 γεγονότα,
1244 969 1313 1023 δι’
1345 969 1525 1022 αὐτῶν
1551 970 1812 1040 εἰσόμεθα
1842 971 1953 1025 τῶν

381 1060 532 1128 ιερῶν
558 1058 926 1128 Γραμμάτων.
966 1059 1120 1128 Ἔχει
1160 1058 1218 1113 δὲ
1256 1060 1460 1124 οῦτως·
1512 1079 1531 1112 ι
1580 1062 1686 1114 Kal
1726 1061 1953 1131 ἐξῆλθεν

388 1149 574 1203 Ἰακὼϐ
604 1151 713 1203 ἀπὸ
740 1150 832 1203 τοῦ
858 1151 1096 1222 φρέατος
1114 1150 1208 1203 τοῦ
1240 1152 1426 1222 ὅρκου,
1463 1152 1557 1206 καὶ
1580 1152 1851 1224 ἐπορεύθη
1873 1156 1954 1217 εἰς

369 1241 593 1313 Χαρρὰν
619 1281 633 1306 ,
666 1242 760 1295 καὶ
806 1243 1094 1313 ἀπήντησε
1145 1243 1330 1314 τόπῳ,
1373 1245 1468 1297 καὶ
1506 1246 1781 1316 ἐκοιμήθη
1813 1246 1949 1300 ἐκεῖ.

372 1333 499 1387 Ἐδυ
551 1333 658 1406 γὰρ
700 1334 733 1387 ’ὁ
761 1333 917 1404 ἥλιος
940 1350 954 1363 °
993 1334 1089 1387 καὶ
1125 1333 1315 1387 ἐλαϐεν
1358 1335 1467 1388 ἀπὸ
1500 1336 1609 1389 τῶν
1651 1336 1816 1389 λίθων
1856 1334 1952 1389 τοῦ

368 1423 555 1487 τόπου,
585 1426 681 1478 καὶ
705 1424 871 1496 ἔθηκε
904 1425 1043 1497 πρὸς
1070 1425 1310 1496 κεφαλῆς
1335 1426 1523 1492 αὑτοῦ,
1552 1429 1646 1480 καὶ
1677 1428 1951 1500 ἐκοιμήθη

365 1516 424 1567 ὲν
456 1515 534 1585 τῷ
568 1516 719 1586 τόπῳ
745 1517 961 1587 ἐκείνῳ,
984 1517 1078 1570 καὶ
1096 1518 1448 1589 ἐνυπνιασθη.
1478 1520 1585 1575 Kal
1611 1520 1718 1573 ἰδοὺ
1749 1520 1954 1591 κλίμαξ

369 1607 747 1678 ὲστηριγμένη
781 1609 839 1659 ὲν
878 1610 943 1677 τῇ
974 1610 1044 1678 γῇ
1064 1649 1078 1671 ,
1109 1603 1177 1679 ἦς
1207 1610 1239 1679 ή
1272 1610 1480 1680 κεφαλὴ
1517 1611 1825 1679 ἀφικνεῖται
1872 1613 1954 1676 εἰς

370 1703 463 1753 τὸν
503 1702 753 1771 οὐρανὸν,
786 1704 879 1756 καὶ
900 1705 949 1756 οἱ
987 1703 1207 1774 ἄγγελοι
1234 1706 1327 1759 τοῦ
1368 1706 1501 1759 Θεοῦ
1530 1706 1817 1761 ἀνέϐαινον
1852 1709 1948 1762 καὶ

373 1792 695 1846 κατέϐαινον
741 1794 827 1845 ἐπ’
876 1794 1067 1864 αὑτήν.
1134 1795 1193 1848 '0
1243 1795 1302 1848 δὲ
1344 1795 1549 1867 Κύριος
1586 1799 1953 1869 ὲπεστήρικτο

371 1885 459 1936 ἐπ’
485 1884 674 1955 αὐτῆς,
700 1885 793 1937 καὶ
819 1880 993 1939 εἶπενο
1030 1886 1176 1956 Ἐγὼ
1197 1889 1226 1939 6
1250 1887 1384 1950 Θεὸς
1434 1887 1688 1959 ’Δϐραάμ
1718 1889 1809 1941 τοῦ
1850 1907 1953 1944 πα·

368 1977 497 2045 τρός
520 1993 636 2040 σου,
673 1978 768 2030 καὶ
795 1979 824 2030 6
861 1978 994 2042 Θεὸς
1045 1978 1257 2044 Ἰσαὰκ,
1292 1979 1367 2049 μὴ
1400 1978 1589 2048 φοϐοῦ.
1634 1978 1695 2032 ’Β
1725 1980 1835 2051 γῆ,
1864 1982 1949 2049 ἐφ’

365 2061 431 2138 ἧς
462 2067 528 2121 σὺ
560 2067 867 2133 καθεύδεις,
894 2070 980 2121 ἐπ’
1020 2068 1194 2139 αὐτῆς
1231 2069 1317 2122 σοὶ
1353 2068 1510 2123 δώσω
1541 2070 1731 2141 αὐτὴν,
1761 2072 1851 2125 καὶ
1876 2071 1953 2143 τῷ

368 2157 654 2228 σπέρματι
685 2176 780 2212 σου
804 2177 816 2190 ·
847 2158 941 2212 καὶ
963 2158 1114 2212 ἔσται
1147 2158 1208 2212 τὸ
1234 2159 1455 2231 σπέρμα
1489 2176 1583 2214 σου
1618 2161 1747 2214 ὡσεὶ
1770 2162 1952 2232 ἄμμος

363 2248 468 2318 τῆς
513 2249 811 2320 θαλάσσης.
861 2250 970 2303 Kal
1012 2249 1452 2321 πλατυνθήσεται
1505 2251 1598 2304 ἐπὶ
1653 2251 1949 2317 θάλασσαν,

364 2342 461 2398 καὶ
486 2340 636 2405 λίϐα,
674 2342 769 2395 καὶ
804 2340 1028 2412 βορρᾶν,
1071 2343 1164 2396 καὶ
1191 2342 1287 2395 ἐπὶ
1324 2342 1611 2407 ἀνατολάς.
1646 2344 1759 2399 Kal
1791 2345 1947 2399 ἐνευ-

362 2430 759 2502 λογηθήσονται
787 2435 845 2491 ὲν
870 2433 955 2485 σοὶ
989 2434 1164 2487 πᾶσαι
1193 2435 1249 2487 αἱ
1285 2434 1449 2503 φυλαὶ
1474 2436 1572 2506 τῆς
1596 2436 1726 2506 γῆς,
1764 2437 1860 2491 καὶ
1890 2439 1951 2490 ὲν

363 2521 440 2594 τῷ
467 2523 745 2594 σπέρματί
774 2541 892 2581 σου.
920 2525 1030 2578 Kal
1067 2524 1179 2579 ἰδοὺ
1209 2525 1321 2593 ἐγὼ
1356 2526 1497 2597 μετὰ
1523 2527 1619 2581 σοῦ
1655 2528 1952 2598 διαφυλάσ-

366 2629 472 2666 σων
502 2630 561 2666 σε
593 2615 651 2667 ἐν
681 2617 746 2686 τῇ
773 2614 876 2686 ὁδῷ
908 2615 1080 2687 πάσῃ,
1117 2608 1179 2669 οὗ
1210 2616 1305 2670 ἐὰν
1333 2618 1629 2690 πορευθῇς,
1673 2621 1766 2673 καὶ
1813 2622 1953 2674 ἀπο-

369 2705 584 2776 στρέψω
615 2722 674 2759 σε
697 2709 778 2770 εἰς
808 2708 908 2778 τὴν
932 2707 1035 2778 γῆν
1063 2708 1290 2779 ταύτην,
1320 2692 1402 2762 ὅτι
1423 2711 1484 2763 οὑ
1519 2712 1594 2781 μή
1624 2728 1682 2763 σε
1713 2713 1950 2780 ἐγκατα-

366 2795 526 2861 λίπω,
555 2798 660 2860 ἕως
692 2798 788 2851 τοῦ
835 2800 1057 2870 ποιῆσαί
1101 2817 1170 2869 με
1213 2802 1389 2855 πάντα
1424 2801 1524 2854 ὅσα
1571 2802 1808 2873 ἑλάλησά
1842 2821 1948 2857 σοι.

368 2891 475 2949 Kal
502 2889 774 2960 ἐξηγέρθη
832 2892 1027 2946 Ἰακὼϐ
1061 2894 1127 2947 ἐκ
1170 2892 1267 2945 τοῦ
1303 2892 1473 2947 ὕπνου
1503 2893 1666 2946 αὐτοῦ
1691 2936 1707 2960 ,
1748 2896 1843 2948 καὶ
1873 2892 1955 2948 εἷο

369 2998 469 3034 πεν
490 3022 506 3046 ,
530 2983 613 3035 ὃτι
642 2984 796 3036 Ἐστι
820 2984 1020 3055 Κύριος
1047 2986 1106 3038 ἐν
1131 2984 1208 3055 τῷ
1236 2985 1390 3055 τόπῳ
1411 2985 1602 3055 τούτῳ,
1623 2985 1733 3054 ἐγὼ
1759 2986 1816 3039 δὲ
1849 2987 1953 3041 οὐκ

368 3071 541 3141 ᾔδειν.
572 3072 682 3125 Kal
712 3072 976 3143 ἐφοϐήθη,
1012 3075 1105 3127 καὶ
1140 3071 1292 3127 εἶπεν
1318 3091 1330 3104 ·
1371 3076 1456 3137 Ὠς
1481 3075 1713 3145 φοϐερὸς
1733 3077 1761 3128 ὁ
1786 3077 1952 3140 τόπος

368 3152 554 3222 οὗτοςι
586 3161 696 3214 Οὐκ
720 3160 832 3214 ἐστι
863 3161 1023 3214 τοῦτο
1051 3162 1164 3215 ἀλλ’
1199 3162 1232 3233 ἢ
1259 3158 1406 3225 οἶκος
1432 3163 1589 3232 Θεοῦ,
1619 3165 1713 3217 καὶ
1740 3163 1880 3235 αῦτη
1913 3168 1947 3236 ἡ

368 3251 512 3323 πύλη
553 3251 645 3306 τοῦ
673 3254 922 3322 ούρανοῦ.
954 3255 1064 3307 Kal
1093 3255 1293 3325 ἀνέστη
1334 3255 1529 3309 Ἰακὼϐ
1568 3258 1628 3309 τὸ
1657 3256 1822 3328 πρωῒ,
1853 3258 1948 3311 καὶ

365 3343 524 3399 ἔλαϐε
556 3344 649 3397 τὸν
679 3344 822 3398 λίθον
852 3345 910 3397 ὃν
940 3345 1214 3412 ὑπέθηκεν
1252 3348 1369 3401 ἐκεῖ
1403 3348 1540 3418 πρὸς
1571 3349 1813 3419 κεφαλῆς
1847 3350 1948 3402 αύ-

365 3435 483 3489 τοῦ.
516 3437 626 3492 Καὶ
659 3436 888 3507 ἔστησεν
915 3439 1075 3491 αὐτὸν
1110 3439 1332 3510 στήλην,
1367 3442 1463 3494 καὶ
1497 3442 1722 3512 ἐπέχεεν
1769 3442 1947 3496 ἔλαιον

368 3528 460 3581 ἐπὶ
480 3528 542 3581 τὸ
568 3528 738 3600 ἄκρον
767 3530 955 3598 αὐτῆς,
990 3530 1084 3584 καὶ
1112 3531 1338 3585 ἐκάλεσε
1366 3532 1425 3585 τὸ
1453 3532 1625 3603 ὄνομα
1654 3534 1746 3587 τοῦ
1781 3535 1945 3587 τόπου

365 3618 599 3682 ἐκείνου,
634 3613 799 3680 Οἶκος
824 3617 977 3671 Θεοῦ.
1008 3638 1027 3670 ι
1065 3620 1275 3689 Ὀνομα
1307 3621 1407 3690 μὲν
1439 3616 1533 3674 οὖν
1566 3621 1775 3685 πόλεως
1806 3619 1947 3676 εἶναι

366 3725 545 3777 φαμεν
576 3726 594 3759 ι
621 3707 685 3761 τὸ
713 3708 893 3779 Φρέαρ
929 3708 1023 3760 τοῦ
1055 3709 1240 3779 ὅρκου.
1278 3729 1295 3761 ι
1323 3710 1639 3780 Γέγραπται
1670 3712 1777 3783 γὰρ
1804 3711 1948 3766 οῦτω

364 3799 492 3869 περὶ
525 3798 691 3853 αὑτοῦ
713 3816 727 3828 ·
791 3800 1041 3867 Ἐγένετο
1093 3800 1150 3853 δὲ
1190 3801 1248 3853 ἐν
1280 3803 1346 3873 τῇ
1382 3801 1568 3874 ἡμέρα
1602 3803 1808 3875 ἐκείνῃ,
1854 3804 1947 3856 καὶ

368 3891 808 3961 παραγενόμενοι
853 3891 902 3943 οἱ
947 3891 1134 3953 παῖδες
1191 3891 1395 3956 Ἰσαὰκ,
1429 3892 1769 3963 ἀπήγγειλαν
1799 3890 1946 3962 αὐτῷ

364 3985 494 4053 περὶ
518 3983 612 4036 τοῦ
650 3981 883 4052 φρέατος
905 4022 919 4041 ,
950 3976 1011 4062 οἶ)
1048 3979 1284 4052 ὤρυξαν,
1312 3986 1408 4036 καὶ
1436 3978 1621 4049 εἶπαν,
1653 3985 1751 4053 οὺχ
1790 3982 1950 4054 εὖρο-

367 4092 467 4145 μεν
495 4074 660 4146 ὕδωρ.
692 4076 800 4127 Kal
828 4075 1081 4128 ἐκάλεσεν
1102 4075 1263 4127 αὑτὸν
1287 4076 1472 4146 ὅρκον.
1508 4072 1608 4126 Διά
1633 4074 1788 4126 τοῦτο
1819 4075 1948 4129 ἐκά-

365 4166 491 4218 λεσε
524 4168 586 4219 τὸ
610 4167 783 4236 κνομα
817 4169 883 4237 τῇ
914 4166 1101 4230 πόλει,
1133 4166 1317 4237 Φρέαρ
1346 4168 1514 4236 ὅρκου
1535 4205 1550 4228 ,
1586 4165 1691 4227 ἕως
1718 4168 1814 4235 τῆς
1852 4166 1946 4236 σή-

366 4273 554 4326 μερον.
596 4275 616 4307 ι
673 4257 876 4327 ’Ὁρκου
922 4257 979 4308 δὲ
1026 4255 1209 4327 Φρέαρ
1244 4275 1262 4306 ι
1302 4256 1356 4308 εἴ
1394 4272 1480 4318 τις
1522 4254 1696 4308 ἕλοιτο
1734 4256 1944 4325 μαθεῖν,

362 4346 479 4399 ἀνθ’
514 4347 636 4399 ὅτου
664 4346 727 4416 δὴ
759 4347 917 4400 πάλιν
952 4347 1127 4398 ἐκεῖνό
1177 4362 1376 4414 φαμεν.
1432 4344 1581 4398 Ἐκεῖ
1626 4345 1734 4416 γὰρ
1783 4346 1945 4416 ὅρκον

363 4437 586 4506 εἰρήνης
616 4436 799 4488 ἔθεντο
833 4436 968 4507 πρὸς
999 4436 1092 4488 τὸν
1137 4436 1321 4489 Ἰσαὰκ
1347 4437 1395 4488 οἱ
1428 4434 1749 4505 ¹Γεραριτῶν
1779 4434 1943 4505 ἡγού-

366 4543 539 4596 μενοι,
586 4526 873 4597 Ἀϐιμέλεχ
919 4527 1012 4579 καὶ
1040 4528 1089 4579 οἱ
1127 4527 1222 4578 σὺν
1254 4526 1421 4596 αὐτῷ.
1466 4528 1718 4598 Ἀπαίρει
1745 4527 1810 4598 δὴ
1844 4524 1943 4582 οὖν

361 4619 392 4670 6
421 4616 708 4681 θεσπέσιος
748 4617 939 4671 Ἰακὼϐ
968 4619 1066 4687 τῆς
1105 4616 1366 4687 πατρῴας
1399 4618 1585 4682 ἑστίας
1612 4621 1705 4672 καὶ
1737 4620 1944 4685 πόλεως

2056 802 2321 861 structus,
2348 798 2745 866 profectionem
2769 816 2935 870 quam
2957 802 3274 859 instituerat
3306 812 3391 858 est
3418 818 3636 873 aggres-

2055 899 2165 938 sus.
2187 883 2445 950 Quaznam
2474 903 2604 942 vere
2632 888 2735 958 ipsi
2773 889 2987 945 interea
3027 892 3363 956 acciderint,
3399 908 3466 946 ex
3499 891 3635 960 ipsis

2053 975 2226 1029 sacris
2255 975 2477 1032 Litteris
2497 978 2659 1033 nobis
2688 979 2982 1034 constabit.
3008 980 3087 1035 Ita
3112 997 3248 1036 vero
3274 982 3477 1036 habent
3499 1000 3543 1035 τι
3567 982 3636 1036 Et

2054 1083 2309 1138 egressus
2335 1069 2502 1124 Jacob
2532 1070 2599 1125 de
2624 1079 2791 1141 puteo
2835 1073 3156 1143 juramenti,
3191 1074 3329 1130 abiit
3365 1074 3421 1128 in
3465 1073 3636 1128 Char-

2052 1174 2173 1223 ran,
2224 1169 2282 1215 et
2321 1163 2565 1216 occurrit
2596 1163 2737 1226 loco,
2787 1170 2844 1218 et
2883 1163 3142 1219 dormivit
3191 1165 3289 1219 ibi.
3341 1165 3635 1220 Occiderat

2052 1251 2201 1305 enim
2217 1253 2317 1307 sol.
2336 1252 2405 1307 Et
2432 1254 2557 1308 tulit
2579 1253 2645 1308 de
2667 1255 2944 1324 lapidibus
2959 1254 3085 1321 loci,
3104 1265 3161 1312 et
3175 1256 3356 1326 posuit
3380 1255 3446 1308 ad
3471 1270 3531 1309 ea
3540 1261 3637 1323 put

2053 1359 2238 1409 suum,
2278 1354 2334 1399 et
2378 1345 2641 1400 dormivit
2672 1347 2730 1400 in
2769 1347 2891 1401 loco
2931 1346 3026 1402 illo
3050 1386 3066 1410 ,
3119 1354 3177 1402 et
3210 1346 3520 1402 somniavit.
3568 1347 3636 1399 Et

2052 1451 2181 1490 ecce
2214 1436 2360 1492 scala
2388 1436 2603 1491 firmata
2632 1437 2689 1491 in
2717 1444 2887 1504 terra,
2907 1439 3065 1508 cujus
3088 1446 3256 1507 caput
3278 1437 3637 1508 perveniebat

2052 1527 2108 1581 in
2144 1528 2366 1593 caelum,
2404 1536 2459 1582 et
2490 1512 2675 1599 angeli.
2704 1529 2802 1584 Dei
2827 1530 3202 1585 ascendebant
3240 1539 3297 1584 et
3330 1530 3634 1584 descende-

2052 1619 2186 1674 bant
2214 1635 2381 1689 super
2402 1634 2544 1674 eam.
2589 1619 2661 1675 At
2702 1620 2971 1675 Dominus
3015 1620 3268 1676 ﬁrmatus
3308 1628 3429 1676 erat
3468 1636 3634 1689 super

2050 1728 2193 1776 eam,
2215 1719 2272 1766 ct
2299 1712 2467 1767 dixit:
2487 1712 2602 1784 Ego
2622 1713 2772 1768 Deus
2793 1712 2969 1783 patris
2991 1713 3070 1767 tui
3092 1712 3390 1778 Abraham,
3414 1722 3471 1767 et
3492 1713 3638 1767 Deus

2052 1803 2201 1858 Isaac
2231 1821 2244 1856 :
2272 1819 2340 1859 ne
2392 1805 2609 1859 timeas.
2655 1804 2829 1858 Terra
2871 1803 2928 1857 in
2969 1818 3077 1872 qua
3126 1809 3185 1857 tu
3219 1802 3429 1857 dormis
3469 1818 3636 1872 super

2050 1908 2195 1957 eam,
2222 1893 2323 1947 tibi
2354 1893 2497 1949 dabo
2514 1909 2657 1959 eam,
2695 1902 2753 1949 et
2785 1892 2983 1948 semini
3028 1901 3142 1947 tuo.
3186 1892 3257 1947 Et
3294 1892 3403 1947 erit
3444 1907 3634 1948 semen

2054 1990 2210 2038 tuum
2242 1985 2385 2039 sicut
2414 2000 2583 2040 arena
2612 1985 2798 2049 maris,
2829 1991 2888 2039 et
2918 1982 3243 2038 dilatabitur
3289 1982 3358 2038 ad
3386 1999 3535 2038 mare
3576 1992 3636 2038 et

1986 2059 2031 2120 Β
2057 2083 2327 2136 austrum.
2350 2083 2407 2130 et
2428 2075 2496 2130 ad
2527 2075 2861 2145 aquilonem,
2885 2082 2941 2129 et
2972 2074 3039 2130 ad
3067 2075 3358 2140 orientem;
3384 2082 3441 2129 et
3462 2075 3634 2130 bene-

2000 2204 2012 2214 .
2055 2166 2309 2221 dicentur
2335 2164 2391 2219 in
2415 2173 2467 2219 te
2487 2179 2680 2219 omnes
2706 2164 2890 2219 tribus
2910 2173 3096 2228 terrae,
3120 2172 3177 2220 et
3195 2165 3252 2219 in
3271 2165 3481 2219 semine
3516 2172 3632 2219 tuo.

2054 2256 2125 2310 Et
2167 2270 2298 2309 ecce
2343 2269 2446 2325 ego
2488 2262 2692 2318 tecum,
2738 2251 3065 2308 custodiens
3107 2261 3161 2307 te
3195 2254 3251 2307 in
3284 2253 3434 2308 omni
3466 2259 3633 2318 terra,

2054 2358 2385 2414 quocunque
2400 2341 2730 2413 perrexeris,
2745 2348 2801 2395 et
2818 2341 3079 2396 reducam
3097 2348 3151 2395 te
3176 2341 3233 2394 in
3248 2348 3450 2395 terram
3471 2340 3635 2406 hanc,

2060 2434 2221 2506 114
2258 2435 2387 2504 quia
2428 2448 2538 2488 non
2566 2442 2617 2487 te
2657 2432 3061 2503 derelinquam,
3094 2431 3269 2486 donec
3306 2430 3501 2486 iaciam
3535 2447 3638 2502 ego

2055 2526 2239 2579 omnia
2281 2538 2622 2594 quaecunque
2673 2523 2893 2578 locutus
2944 2539 3066 2579 sum
3114 2523 3234 2578 tibi.
3284 2523 3354 2578 Et
3396 2523 3637 2578 surrexit

2052 2615 2219 2671 Jacob
2242 2615 2310 2669 de
2342 2630 2537 2669 somno
2559 2630 2680 2679 suo,
2708 2626 2765 2669 et
2786 2614 2927 2669 dixit
2953 2632 2965 2667 :
2991 2613 3132 2681 Quia
3162 2623 3248 2670 est
3274 2616 3545 2670 Dominus
3578 2615 3635 2670 in

2053 2705 2175 2760 loco
2214 2706 2320 2760 isto
2359 2723 2373 2758 :
2413 2720 2515 2775 ego
2555 2713 2738 2760 autem
2784 2721 2895 2760 non
2934 2706 3197 2760 sciebam.
3241 2706 3311 2761 Et
3350 2706 3555 2771 timuit,
3581 2715 3637 2761 et

2051 2797 2190 2853 dixit
2217 2816 2229 2851 :
2255 2797 2426 2864 Quam
2465 2798 2729 2854 terribilis
2757 2799 2913 2854 locus
2946 2800 3083 2854 iste!
3110 2800 3230 2854 Non
3256 2806 3340 2852 est
3369 2799 3493 2863 hoc,
3528 2799 3636 2855 nisi

2051 2887 2249 2942 domus
2292 2888 2408 2954 Dei,
2444 2898 2500 2943 et
2540 2889 2657 2944 haec
2693 2899 2853 2959 porta
2892 2891 3036 2945 caeli.
3079 2890 3149 2944 Et
3190 2890 3431 2944 surrexit
3468 2890 3639 2946 Jacob

2050 2996 2233 3045 mane,
2275 2990 2331 3035 et
2379 2982 2506 3035 tulit
2548 2982 2808 3051 lapidem,
2859 2998 3025 3051 quem
3071 2981 3361 3051 supposuit
3410 2981 3526 3036 illic
3567 2983 3635 3037 ad

2052 3080 2214 3142 caput
2241 3087 2423 3136 suum,
2458 3071 2720 3127 et'erexit
2764 3073 2820 3127 in
2862 3073 3108 3137 titulum,
3138 3080 3196 3127 et
3224 3072 3421 3127 etl‘udit
3453 3074 3635 3129 oleum

2052 3179 2221 3233 super
2273 3164 2645 3220 summitatem
2688 3167 2849 3237 ejus,
2899 3172 2955 3219 et
3007 3164 3227 3219 vocavit
3277 3180 3478 3219 nomen
3529 3166 3634 3221 loci

2050 3256 2217 3322 illius,
2257 3257 2463 3312 Domus
2516 3258 2612 3314 Dei
2652 3256 2719 3311 “.
2774 3277 2792 3309 ι
2833 3257 3047 3312 Nomen
3087 3256 3272 3327 itaque
3318 3258 3473 3313 urbis
3514 3270 3637 3314 esse

2051 3348 2309 3414 diximus,
2365 3368 2382 3400 ι
2412 3350 2644 3405 Puteum
2686 3350 3011 3421 juramenti.
3050 3370 3068 3402 ι
3115 3351 3192 3405 lta
3246 3352 3395 3405 enim
3448 3352 3516 3407 de
3568 3368 3636 3407 eo

2052 3444 2317 3512 scriptum
2356 3450 2443 3498 est
2481 3461 2492 3496 :
2528 3463 2546 3495 ι
2574 3444 2799 3499 Factum
2838 3457 2923 3499 est
2959 3454 3145 3500 autem
3191 3445 3247 3499 in
3285 3445 3376 3500 die
3417 3445 3549 3510 illa,
3578 3453 3634 3500 et

2048 3535 2369 3590 accedentes
2392 3536 2532 3591 servi
2554 3537 2702 3592 Isaac
2743 3538 3069 3593 nuntiarunt
3093 3539 3143 3592 ei
3165 3539 3233 3593 de
3260 3547 3427 3609 puteo
3467 3554 3632 3609 quem

2047 3625 2326 3690 foderunt,
2363 3635 2425 3680 et
2458 3627 2718 3683 dixerunt
2753 3646 2765 3682 :
2806 3630 2924 3684 Non
2963 3630 3277 3686 invenimus
3313 3646 3544 3701 aquam;
3577 3639 3634 3684 et

2046 3722 2264 3773 vocavit
2288 3719 2440 3773 illum
2466 3720 2872 3776 Juramentum.
2906 3721 3120 3777 Idcirco
3144 3730 3398 3777 vocatum
3422 3730 3507 3775 est
3529 3737 3633 3774 no-

2047 3826 2174 3865 men
2204 3811 2379 3873 urbis,
2413 3811 2963 3882 Ptiteusjuramenti,
2996 3827 3172 3879 usque
3213 3812 3268 3864 in
3300 3810 3631 3863 hodiernum

2049 3901 2197 3956 diem
2218 3901 2286 3954 ".
2307 3920 2325 3952 ›
2344 3900 2456 3956 Cur
2474 3909 2655 3954 autem
2672 3910 2903 3954 vocatus
2928 3902 2998 3953 sit
3022 3900 3256 3952 «Puteus
3274 3899 3625 3967 juramenti,»

2048 3992 2095 4047 si
2128 3992 2253 4062 quis
2290 3992 2432 4045 scire
2457 3992 2618 4053 velit,
2646 3990 2855 4043 idcirco
2882 3997 2937 4042 et
2976 3988 3110 4041 illud
3144 3987 3342 4041 dicam.
3379 3989 3457 4041 lbi
3483 3990 3631 4045 enim

2048 4087 2447 4153 percusserunt
2472 4078 2652 4135 fuadus
2687 4077 2840 4148 pacis
2874 4093 2996 4131 cum
3033 4077 3183 4132 Isaac
3211 4077 3379 4132 duces
3404 4078 3630 4134 Gerari-

2048 4180 2250 4237 tarum,
2273 4168 2617 4233 Abimelech,
2648 4168 2895 4238 inquam,
2920 4175 2977 4223 et
2998 4168 3089 4238 qui
3115 4184 3239 4223 cum
3268 4183 3356 4222 eo.
3386 4169 3628 4225 Discedit

2049 4264 2233 4334 itaque
2262 4262 2480 4317 divinus
2514 4259 2683 4315 Jacob
2716 4276 2747 4314 a
2782 4266 3010 4329 paterna
3043 4259 3225 4324 domo,
3256 4268 3311 4315 et
3345 4275 3376 4314 a
3404 4261 3625 4316 civitate

2046 4355 2183 4425 ipsa,
2216 4370 2279 4409 ac
2303 4368 2502 4425 genere
2531 4367 2631 4406 suo
2667 4359 2974 4421 separatur.
2999 4351 3367 4417 Quamobrem
3397 4362 3629 4409 muastus

2046 4446 2345 4501 admodum
2368 4459 2488 4498 esse
2525 4443 2712 4512 cmpit.
2736 4443 3083 4498 lntellcxerat
3122 4444 3289 4509 enim,
3330 4452 3391 4498 ut
3428 4446 3627 4499 verisi-

2048 4540 2175 4593 mile
2209 4546 2312 4601 est,
2334 4536 2478 4606 quod
2502 4536 2825 4606 peregrinus
2858 4544 3021 4605 atque
3057 4538 3259 4607 hospes
3287 4547 3434 4592 esset
3475 4540 3627 4594 futu-

2048 4646 2163 4691 rus,
2212 4627 2468 4697 quodque
2510 4628 2654 4680 inter
2696 4634 2917 4681 exteros
2959 4627 3306 4683 habitaturus
3350 4638 3526 4693 esset,
3573 4639 3629 4684 et

363 4708 554 4778 αὐτῆς,
590 4710 684 4762 καὶ
729 4710 923 4778 γένους
979 4711 1395 4779 ἀπενοσφίζετο.
1434 4711 1703 4782 Ταύτῃτοι
1749 4713 1937 4777 δεινῶς

2046 4720 2447 4793 quodammodo
2470 4719 2591 4773 aliis
2616 4719 2912 4788 subjectus,
2935 4719 3319 4789 insuetumque
3344 4721 3629 4774 servitutis

367 4803 457 4854 καὶ
487 4803 671 4857 ἀλύειν
699 4804 919 4874 ἤρχετο.
971 4803 1200 4855 Ἐνενόει
1238 4804 1345 4874 γάρ
1385 4820 1489 4857 που
1525 4804 1667 4857 κατά
1712 4805 1773 4857 τὸ
1799 4805 1944 4869 εἰκὸς

364 4895 439 4956 ὡς
473 4894 678 4965 ἀλήτης
722 4894 874 4948 ἔσται
907 4894 1000 4948 καὶ
1035 4894 1204 4959 ξένος,
1238 4894 1331 4947 καὶ
1363 4896 1572 4966 οἰκήσει
1604 4895 1701 4965 μὲν
1731 4897 1818 4948 ἐπ’
1845 4898 1943 4950 ἀλ-

362 4984 623 5054 λοδαπῆς.
670 4987 865 5039 Ἔσται
895 4985 940 5037 δ’
980 4984 1110 5048 ἴσως
1142 4986 1234 5038 καὶ
1261 4987 1350 5054 ὑφ’
1374 4987 1611 5058 ἐτέρους,
1649 4989 1744 5041 καὶ
1776 4990 1941 5042 ἀσυν-

362 5076 467 5147 ήθη
520 5077 769 5140 δουλείας
810 5077 1024 5142 δέξεται
1057 5076 1241 5144 ζυγόν.
1279 5079 1458 5133 Εῑκειν
1506 5082 1611 5149 γὰρ
1648 5084 1758 5143 τοῖς
1803 5099 1939 5152 κρα-

361 5166 547 5219 τοῦσιν
580 5168 796 5237 ἀνάγκη
834 5168 928 5219 καὶ
952 5168 1076 5230 τοὺς
1110 5166 1249 5236 ἄγαν
1275 5170 1534 5237 εὐγενεῖς.
1561 5171 1940 5240 Συλλαμϐάνε-

364 5274 453 5311 ται
485 5259 543 5311 δὲ
587 5260 682 5338 καὶ
712 5259 1055 5329 παραχρῆμα
1099 5258 1230 5321 Θεὸς
1268 5261 1296 5312 6
1336 5278 1353 5310 ι
1395 5260 1621 5329 καρδίας
1650 5261 1806 5325 εἰδὼς
1843 5264 1940 5316 κα)⁸

366 5353 630 5422 νεφροὺς.
672 5370 692 5403 ι
728 5353 824 5405 καὶ
867 5354 983 5416 ταῖς
1030 5351 1172 5404 οὕτω
1207 5354 1434 5421 πικραῖς
1481 5354 1812 5426 δυσφημίαις
1842 5359 1941 5410 οὐκ

366 5442 430 5510 ἐᾷ
460 5441 899 5508 καταπνίγεσθαι
930 5446 1031 5513 τὴν
1062 5442 1154 5494 τοῦ
1180 5443 1389 5496 δικαίου
1416 5443 1613 5514 ψυχήν.
1650 5447 1939 5517 Παρέδειξε

366 5532 475 5604 γᾷρ
501 5535 584 5588 ὅτι
608 5532 820 5603 πληθὺς
841 5533 1108 5601 ἀγγέλων,
1131 5534 1243 5588 ἄνω
1271 5553 1327 5588 τε
1352 5536 1444 5589 καὶ
1467 5537 1614 5591 κάτω
1634 5535 1938 5607 διᾴττουσα,

364 5624 619 5690 διασώζει
653 5624 851 5696 ῥᾳδίως
879 5627 1001 5690 τοὺς
1023 5627 1414 5696 ἀνακειμένους
1447 5627 1582 5698 Θεῷ.
1618 5630 1778 5682 Τουτὶ
1810 5629 1939 5700 γὰρ,

438 5801 646 5863 “mea.
683 5818 866 5870 xxvul,
902 5804 1083 5859 10-18.
1160 5808 1202 5838 ⁸³⁵
1231 5807 1364 5863 Gen.
1407 5824 1547 5865 xxvi.
1574 5809 1664 5878 52,
1696 5810 1783 5864 55.

2046 4814 2236 4882 jugum
2268 4810 2571 4864 subiturus.
2601 4807 2994 4879 Obtcmperare
3029 4810 3174 4865 enim
3211 4818 3427 4878 Oportet
3460 4826 3626 4879 supc-

2043 4903 2304 4964 rioribus,
2345 4903 2508 4955 etiam
2564 4916 2658 4954 eos
2702 4901 2796 4969 qui
2843 4902 3094 4970 generosi
3137 4899 3432 4952 admodum
3474 4907 3622 4953 sunt.

2042 4994 2186 5048 Deus
2209 5009 2362 5055 vero,
2397 4993 2491 5061 qui
2520 5011 2537 5041 ι
2567 4992 2719 5045 novit
2755 4992 2921 5045 corda
2952 4997 3007 5042 et
3038 5005 3199 5042 renes
3225 4989 3292 5053 ⁸⁸,
3319 5008 3336 5040 ι
3368 4988 3547 5041 statim
3573 4989 3624 5043 ei

2042 5099 2199 5153 opem
2238 5083 2362 5145 fert,
2387 5097 2563 5149 neque
2594 5082 2730 5135 adeo
2767 5080 2967 5133 acerbo
3007 5077 3197 5131 dolore
3224 5077 3353 5146 justi
3386 5077 3624 5130 animam

2041 5173 2275 5244 opprimi
2298 5172 2584 5242 permittit.
2606 5171 2856 5225 Ostendit
2880 5169 3026 5222 enim
3043 5168 3189 5238 quod
3215 5166 3506 5221 multitudo
3530 5182 3626 5220 an-

2037 5273 2283 5341 gelorum
2320 5268 2682 5336 undequaque
2715 5264 3015 5335 prosiliens
3044 5262 3204 5316 facile
3228 5261 3528 5314 liberatum
3554 5259 3628 5314 sit

2037 5377 2131 5415 eos
2170 5360 2264 5429 qui
2303 5361 2415 5413 Deo
2454 5355 2663 5411 subditi
2689 5360 2905 5423 parcnt.
2932 5352 3046 5404 Hoc
3076 5349 3245 5413 enim,
3268 5364 3445 5418 neque
3475 5348 3625 5406 aliud

2039 5452 2341 5519 quidquam
2366 5464 2464 5516 per
2488 5445 2764 5500 insomnia
2789 5442 3020 5496 edoctus
3039 5448 3140 5494 est.
3164 5439 3311 5493 Vidit
3334 5440 3479 5494 enim
3501 5454 3627 5493 sen-

2039 5541 2263 5594 sualiter
2288 5538 2487 5590 scalam
2530 5535 2585 5586 in
2618 5535 2817 5586 coelum
2848 5532 3273 5601 pertingentcm.
3312 5531 3628 5585 Desccnsus

2040 5637 2225 5683 autem
2251 5635 2413 5693 atque
2440 5639 2697 5679 ascensus
2732 5624 2947 5693 signum
2968 5631 3105 5689 erat,
3133 5621 3347 5676 etiamsi
3378 5620 3433 5674 in
3470 5617 3627 5675 rudi-

1862 5808 1905 5840 “
1933 5806 2075 5860 Psal.
2104 5820 2156 5872 τι,
2184 5805 2235 5856 7.
