4074 6260
430 287 530 345 187

1417 286 1474 343 S.
1514 286 1793 343 CYRILLI
1828 285 2296 343 ALEXANDRINI
2334 284 2652 344 ARCHIEP.

3578 278 3682 338 188

425 398 532 453 bus
555 397 894 468 descriptum
924 396 995 454 sit
1020 396 1177 468 typis.
1203 394 1428 452 Audivit
1453 412 1582 452 vero
1618 397 1782 453 etiam
1812 412 1999 453 vocem

2106 393 2277 470 οἶμαι,
2298 397 2390 452 καὶ
2408 397 2494 451 ἐτε
2502 414 2595 470 ρον
2620 394 2772 449 οὐδὲν
2793 393 2881 448 διὰ
2897 392 3005 447 τῶν
3027 392 3324 466 ὀνειράτων
3344 389 3680 447 ἐπαιδεύετο·

426 492 548 561 ejus
591 490 684 561 qui
725 489 933 561 angelis
982 488 1276 560 prmiectus
1314 498 1420 555 est,
1453 489 1708 555 dicentis,
1744 490 1891 559 quod
1935 491 2004 545 ad

430 582 609 651 ipsum
643 581 952 637 benedictio
983 597 1014 636 a
1036 590 1193 652 patre
1218 581 1364 647 data,
1393 582 1465 636 sit
1485 589 1870 651 perventura.«
1895 582 2004 637 Ex-

428 673 687 728 tendetur
709 673 878 738 enim,
903 673 1101 744 inquit,
1129 688 1317 730 semen
1363 682 1521 728 tuum
1558 672 1627 727 ad
1652 682 1833 728 ortum
1855 682 1911 729 et
1938 674 2005 728 ad

423 780 679 821 occasum
701 805 716 830 ,
755 765 825 821 ad
861 773 1109 821 austrum
1143 773 1199 821 et
1235 765 1302 820 ad
1348 765 1662 836 aquilonem
1704 766 1771 820 ³⁷.
1805 785 1822 817 ι
1861 766 2009 821 Dixit

425 866 560 907 vero
579 852 768 918 etiam,
793 853 941 924 quod
968 855 1148 924 ipsum
1164 853 1453 911 habiturus
1468 862 1613 911 esset
1630 855 2007 911 auxiliatorem

426 952 484 998 et
517 945 865 999 salvatorem.
903 945 1336 1017 Expergefactus
1363 955 1545 1002 autem
1573 948 1790 1003 divinus
1817 948 2005 1015 Jacob,

423 1050 535 1090 non
554 1035 903 1092 mediocriter
918 1036 1218 1093 admiratus
1233 1046 1334 1103 est,
1352 1038 1594 1107 dixitque
1613 1057 1626 1091 :
1649 1039 1691 1106 ι
1705 1038 1805 1109 15
1832 1058 1850 1091 ι
1872 1038 2010 1106 Quia

438 1127 707 1181 Dominus
733 1136 820 1182 est
847 1128 902 1182 in
928 1127 1048 1183 loco
1070 1129 1176 1184 hoc
1208 1146 1221 1182 :
1268 1143 1369 1200 ego
1401 1144 1532 1184 vero
1570 1131 1885 1185 nesciebam
1905 1128 2000 1183 ⁸⁸.›

439 1214 715 1282 Quidnam
748 1231 881 1271 vero
915 1232 1014 1287 per
1038 1217 1144 1272 hoc
1172 1216 1481 1288 signiﬁcare
1514 1217 1665 1282 velit,
1703 1232 1813 1288 quo
1848 1224 2011 1287 pacto

433 1315 547 1355 non
586 1316 767 1371 opem
801 1304 1041 1373 pretium
1072 1303 1239 1360 fuerit
1270 1304 1496 1360 videre?
1527 1304 1790 1376 Exiguam
1813 1320 2009 1375 quam-

423 1391 550 1446 dam
570 1391 639 1447 de
662 1392 775 1447 Deo
793 1392 1107 1463 opinionem
1138 1393 1309 1450 fuisse
1333 1394 1615 1450 veteribus
1638 1394 2006 1451 inveniemus.

423 1482 824 1540 Existimabam
843 1487 992 1542 enim
1014 1487 1187 1542 Deum
1218 1489 1382 1543 aliam
1406 1502 1625 1542 omnem
1641 1496 1847 1544 terram
1868 1504 2011 1559 prae-

432 1576 762 1643 termittere,
789 1584 953 1648 atque
976 1594 1043 1634 ea
1075 1580 1190 1634 sola
1224 1578 1628 1648 quodammodo
1650 1579 1926 1647 concludi,
1953 1581 2013 1636 in

422 1681 586 1734 quam
611 1667 680 1722 ab
703 1667 824 1738 ipso
855 1668 1036 1723 vocati
1064 1675 1244 1734 erant,
1272 1669 1483 1727 relictis
1514 1669 1629 1729 suis
1656 1669 1934 1738 domibus,
1957 1678 2016 1727 et

2108 488 2383 560 αἰσθητῶς
2416 488 2515 559 μὲν
2543 486 2653 558 γάρ
2680 485 2779 556 τὴν
2825 486 2904 548 είς
2936 482 2997 537 τδ
3027 484 3140 539 ἄνω
3167 483 3460 555 διήκουσαν
3493 483 3682 537 ἐθεᾶτο

2107 579 2371 650 κλίμακα.
2400 576 2637 630 Καθόδου
2666 574 2722 627 δὲ
2750 574 2844 627 κα)⁵
2863 573 3051 628 ἀνόδου
3078 575 3300 645 σημεῖον
3321 568 3409 645 ἦν,
3434 573 3483 625 εί
3511 572 3603 627 καὶ
3625 576 3682 628 ἐν

2107 668 2339 739 παχέσιν
2371 666 2563 738 ὥσπερ
2589 664 2862 737 ἐγράφετο
2893 664 3104 726 τύποις.
3136 664 3341 717 Ἤκουε
3363 663 3420 717 δὲ
3446 663 3542 717 καὶ
3573 680 3685 731 φω-

2107 760 2204 831 νῆς
2225 758 2389 813 αὑτοῦ
2413 758 2663 825 λέγοντος
2694 755 2789 809 τοῦ
2814 757 2927 819 τοῖς
2958 754 3211 825 ἀγγέλοις
3233 755 3680 826 προστάττοντος,

2107 852 2189 906 ὅτι
2225 853 2324 921 τῆς
2359 848 2608 919 δοθείσης
2639 846 2787 919 αύτῷ
2819 846 2972 917 παρά
3006 846 3212 917 πατρὸς
3242 845 3491 914 εὐλογίας
3519 845 3683 910 αὐτὸς

2109 943 2263 997 ἔσται
2290 942 2351 997 τὸ
2378 941 2573 1013 πέρας.
2611 959 2630 992 ι
2673 938 3066 1013 Ἐκταθήσεται
3093 936 3202 1009 γὰρ
3234 936 3295 991 τὺ
3323 936 3543 1008 σπέρμα
3566 954 3681 1001 σου,

2109 1035 2295 1108 φησὶν,
2323 1035 2403 1097 είς
2454 1032 2538 1103 ηῶ
2577 1049 2637 1085 τε
2672 1032 2766 1085 καὶ
2802 1029 2975 1095 δύσιν,
3004 1028 3205 1100 βορρᾶν
3233 1046 3292 1082 τε
3325 1029 3422 1082 καὶ
3454 1029 3624 1083 νότον.
3658 1047 3678 1080 ι

2112 1124 2358 1193 Ἔφασκε
2398 1122 2458 1176 δὲ
2493 1122 2577 1175 ὅτι
2612 1121 2709 1175 καὶ
2735 1119 2901 1174 αὐτὸν
2943 1117 3054 1184 ἔξει
3085 1117 3177 1171 τὸν
3211 1117 3562 1188 ἐπαμύνοντα
3591 1118 3684 1172 καὶ
3783 1132 3801 1149 ο

2107 1213 2438 1279 διασώζοντα
2484 1212 2756 1283 πανταχῆ.
2788 1210 3066 1279 Ἀφυπνος
3090 1209 3149 1262 δὲ
3173 1207 3419 1279 γεγονὼς
3441 1250 3457 1275 ,
3488 1210 3590 1262 οὐκ
3625 1212 3684 1262 ἐν

2113 1308 2354 1380 μετρίοις
2392 1301 2461 1376 ἦν
2502 1303 2773 1375 θαύμασιν
2817 1304 2846 1357 ὁ
2886 1301 3175 1364 θεσπέσιος
3220 1301 3437 1369 Ἰακὼϐ,
3485 1303 3580 1354 καὶ
3617 1301 3682 1372 δὴ

2111 1399 2203 1454 καὶ
2233 1398 2496 1468 ἔφασκεν,
2523 1397 2628 1464 ὅτι,
2669 1395 2858 1449 (Ἔστι
2883 1393 3089 1466 Κύριος
3110 1394 3169 1447 ἐν
3192 1392 3271 1464 τῷ
3288 1392 3438 1464 τόπῳ
3467 1392 3644 1464 τούτῳ
3665 1432 3680 1459 ,

2111 1489 2221 1561 ἐγὼ
2251 1491 2306 1543 δὲ
2329 1490 2431 1543 οὐκ
2453 1488 2621 1561 ᾔδειν.
2665 1505 2684 1539 ι
2728 1484 2890 1540 Ἀλλά
2922 1484 2974 1537 τί
3000 1484 3067 1538 ἂν
3102 1483 3345 1554 βούλοιτο
3377 1483 3465 1537 διά
3491 1483 3683 1537 τούτου

2110 1580 2322 1654 δηλοῦν,
2362 1578 2481 1644 πῶς
2518 1578 2620 1633 ούκ
2659 1578 2809 1643 ἀξιον
2863 1576 3022 1642 ίδεῖν;
3064 1575 3286 1646 Μικράς
3338 1574 3538 1645 κομιδῆ
3584 1575 3686 1640 τὰς

2113 1674 2272 1740 δόξας
2329 1673 2458 1742 περὶ
2500 1669 2637 1725 Θεοῦ
2681 1671 2739 1723 ἐν
2780 1670 2894 1731 τοῖς
2937 1666 3317 1738 ἀρχαιοτέροις
3352 1665 3682 1737 εὑρήσομεν.

418 1757 803 1815 Chaldaeorum
846 1758 1070 1829 regione
1106 1759 1337 1830 egressi.
1370 1758 1508 1816 Cum
1550 1761 1699 1817 enim
1731 1761 2003 1817 idolorum

2115 1766 2307 1836 ’ῼοντο
2338 1763 2448 1834 γάρ
2499 1763 2580 1816 ὅτι
2617 1761 2718 1833 τὴν
2745 1760 2842 1831 μὲν
2867 1759 3033 1830 ἀλλην
3060 1758 3277 1813 ἅπασαν
3312 1756 3418 1826 γῆν
3447 1758 3600 1827 ἠφίει
3624 1759 3688 1811 τὸ

419 1850 664 1904 cultores
699 1850 902 1905 multos
939 1850 1044 1905 sibi
1084 1850 1218 1905 deos
1269 1862 1661 1923 proponerent,
1705 1854 2004 1924 unicuique

424 1940 681 2005 daamoni,
720 1940 1000 2010 propriam
1038 1941 1206 1996 veluti
1245 1942 1541 2010 quamdam
1585 1944 1866 2016 regionem
1899 1945 2003 1999 tri-

420 2030 652 2086 buentes
692 2031 788 2101 qui
824 2047 925 2102 per
963 2031 1131 2087 urbes
1181 2032 1569 2103 adorarentur,
1595 2036 1861 2106 putabant
1888 2042 2004 2093 'non

420 2136 614 2176 omnes
638 2123 898 2179 omnibus
937 2123 995 2177 in
1024 2123 1162 2179 locis
1190 2140 1312 2180 esse
1345 2141 1527 2196 posse,
1553 2144 1617 2184 ac
1643 2128 1747 2185 coli
1776 2127 2001 2184 debere.

417 2212 685 2279 Quocirca
707 2214 853 2270 beati
882 2215 1049 2271 etiam
1079 2216 1425 2287 patriarchae,
1451 2218 1550 2287 qui
1573 2233 1770 2274 recens
1790 2219 1859 2274 ab
1884 2219 2005 2273 ido-

419 2303 598 2359 lorum
643 2305 796 2359 cultu
850 2314 908 2361 et
953 2306 1023 2360 ab
1069 2322 1259 2363 errore
1304 2308 1373 2363 de
1423 2309 1736 2378 pluralitate
1773 2309 2006 2364 deorum

418 2403 576 2449 erant
607 2395 851 2461 abducti,
899 2397 1186 2468 Deumque
1224 2400 1548 2454 naturaliter
1583 2414 1647 2454 ac
1691 2415 1823 2456 vere
1858 2401 2007 2456 exsi-

421 2493 655 2541 stentem
674 2486 906 2542 adorare
926 2488 1074 2543 docti
1091 2498 1271 2555 erant,
1284 2491 1467 2545 nonin
1481 2490 1628 2544 omni
1650 2498 1814 2556 terra,
1828 2506 2006 2561 neque

418 2577 614 2646 quovis
655 2577 711 2632 in
751 2578 874 2634 loco
913 2579 1107 2635 adesse
1151 2581 1289 2651 ipsis
1334 2589 1501 2651 atque
1537 2580 1790 2636 auxiliari
1832 2583 2006 2638 Deum

417 2669 738 2736 credebant,
778 2671 1035 2741 pusillam
1095 2672 1395 2728 admodum
1430 2673 1615 2731 adhuc
1653 2674 1721 2730 de
1751 2675 1863 2730 Deo
1903 2689 2001 2730 co-

417 2761 721 2832 gnitionem
761 2763 928 2817 nacti.
951 2763 1190 2819 Docetur
1209 2765 1393 2836 itaque
1413 2766 1608 2821 beatus
1627 2766 1815 2832 Iacob,
1845 2782 2007 2836 pere-

416 2851 849 2922 grinationisque
879 2867 992 2915 suae
1021 2852 1262 2909 fructum
1315 2855 1554 2926 percipit
1584 2853 1769 2910 ﬁdem.
1803 2855 2010 2935 Didicit

418 2944 565 2999 enim
592 2944 738 3014 quod
759 2945 813 3000 in
845 2945 996 3000 omni
1043 2946 1167 3002 loco
1208 2948 1467 3019 omnique
1489 2948 1713 3019 regione
1741 2947 1813 3003 sit
1834 2949 2000 3004 Deus.

416 3035 485 3090 Et
506 3035 717 3091 habitat
740 3037 966 3107 quidem
993 3038 1048 3091 in
1084 3039 1245 3103 cmlo,
1285 3040 1478 3111 implet
1517 3055 1651 3095 vero
1682 3041 2002 3096 universum

423 3124 616 3179 orbem
640 3112 937 3192 terrarum,
962 3128 1256 3197 omniaque
1292 3127 1395 3198 ipsi
1417 3128 1726 3199 subiacent,
1753 3137 1810 3184 et
1836 3130 2005 3199 spiri-

421 3222 513 3269 tus
554 3215 650 3285 qui
699 3216 756 3271 in
787 3218 928 3272 coelo
953 3233 1169 3273 sursum
1214 3234 1279 3275 ac
1308 3220 1567 3275 deorsum
1614 3221 1694 3275 ire
1719 3221 2004 3292 jubentur,

421 3305 713 3376 ipsumque
756 3307 963 3362 habent
996 3318 1162 3379 caput
1202 3325 1267 3364 ac
1292 3309 1630 3380 praefectum.
1659 3311 1873 3366 idcirco
1898 3311 2006 3365 mi—

419 3405 575 3452 ratus
603 3405 707 3462 est,
730 3397 920 3453 dicens
947 3417 960 3453 :
989 3418 1007 3451 ι
1035 3400 1173 3467 Quia
1215 3401 1484 3456 Dominus
1502 3409 1591 3456 est
1617 3403 1671 3459 in
1700 3403 1823 3458 loco
1855 3403 1963 3459 hoc
1988 3420 2003 3457 :

418 3501 522 3557 ego
550 3494 736 3541 autem
767 3489 1083 3544 nesciebam
1109 3492 1178 3545 ⁸⁵.
1203 3512 1221 3543 ι
1242 3492 1575 3547 Existimans
1604 3508 1738 3549 vero
1766 3493 2005 3565 lapidem

421 3577 526 3647 ipsi
566 3578 966 3635 insomniorum
1010 3591 1292 3638 auctorem
1334 3583 1539 3651 fuisse,
1579 3584 1999 3642 honoreetiam

421 3668 599 3738 ipsum
629 3670 834 3736 all‘ecit,
860 3673 1132 3746 inungens
1161 3675 1304 3730 oleo.
1326 3675 1396 3731 Et
1425 3695 1444 3727 ι
1470 3677 1694 3732 domum
1725 3697 1744 3730 ι
1773 3678 1999 3749 quidem

419 3762 642 3816 vocavit
685 3781 703 3814 ι
732 3763 830 3818 Dei
859 3773 916 3820 et
944 3774 1157 3836 portam
1188 3766 1312 3822 oculi
1336 3785 1354 3818 ι
1384 3766 1565 3823 locum
1594 3767 1769 3837 illum,
1793 3769 1997 3826 erexit-

420 3868 527 3920 que
552 3852 812 3924 lapidem.

2106 1856 2269 1919 θεῖον,
2306 1852 2682 1908 συνεστέλλετο
2713 1850 2771 1904 δέ
2797 1849 2987 1922 ὥσπερ
3013 1850 3093 1914 είς
3119 1849 3286 1921 μόνην
3327 1849 3562 1920 ἐκείνην,
3597 1851 3685 1914 είς

2104 1948 2172 2019 ἢν
2204 1947 2296 2002 καὶ
2333 1944 2624 2017 κέκληνται
2648 1944 2777 2014 παρ’
2804 1941 2972 1996 αὐτοῦ
3006 1942 3074 1995 τὰ
3098 1942 3236 1995 οῐκοι
3265 1941 3542 2012 μεθέντες,
3579 1943 3680 1995 καὶ

2104 2039 2206 2109 τῆς
2227 2037 2512 2092 Χαλδαίων
2543 2036 2894 2105 ἀπαίροντες.
2935 2032 3155 2105 Ἐπειδὴ
3181 2033 3289 2105 γὰρ
3316 2036 3363 2087 oi
3392 2033 3502 2088 τῶν
3532 2033 3687 2088 είδώ-

2105 2129 2213 2182 λων
2243 2125 2619 2198 προσκυνηταὶ
2655 2124 2756 2196 τὴν
2785 2123 3051 2177 πολύθεον
3079 2123 3366 2189 νοσοῦντες
3393 2125 3686 2194 πλάνησιν,

2106 2220 2320 2290 ἑκάστῳ
2342 2218 2451 2271 τῶν
2493 2217 2786 2287 δαιμονίων
2829 2216 3001 2286 ίδικὴν
3049 2214 3238 2286 ὥσπερ
3281 2214 3401 2270 τι.νά
3431 2216 3690 2288 νέμοντες

2107 2311 2309 2383 χώραν,
2338 2310 2432 2363 καὶ
2468 2308 2750 2380 μονονουχὶ
2777 2308 3072 2379 τυράννους
3103 2307 3347 2371 ἱστάντες
3381 2309 3509 2372 τοὺς
3540 2310 3686 2362 κατά

2108 2403 2264 2457 πόλιν
2293 2417 2595 2472 προσκυνου
2604 2400 2799 2470 μένους
2820 2440 2835 2464 ,
2860 2399 2982 2470 οὐχὶ
3021 2400 3230 2464 πάντας
3261 2400 3520 2453 δύνασθαι
3548 2417 3687 2453 παν-

2106 2495 2243 2565 ταχῆ
2276 2494 2370 2547 καὶ
2392 2492 2656 2564 τιμᾶσθαι
2688 2492 2797 2545 δεῖν
2839 2490 3239 2561 ὑπελάμσανον.
3271 2491 3562 2562 Τοιγάρτοι
3587 2491 3689 2544 καὶ

2106 2582 2156 2634 oi
2189 2581 2446 2652 μακάριοι
2461 2580 2797 2650 πατριάρχαι
2826 2578 2951 2650 ἄρτι
2977 2578 3088 2635 τῶν
3115 2580 3215 2651 τῆς
3236 2579 3691 2649 είδωλολατρείας

2107 2672 2283 2743 ηθῶν,
2310 2673 2402 2726 καὶ
2436 2670 2698 2725 πολυθέου
2729 2670 2937 2741 πλάνης
2967 2671 3402 2742 ἀπηλλαγμένοι,
3433 2672 3528 2725 καὶ
3551 2672 3690 2726 Θεὸν

2107 2764 2199 2818 τὸν
2231 2762 2389 2832 φύσει
2430 2762 2526 2815 καὶ
2558 2761 2774 2831 ἀληθῶς
2819 2762 3285 2832 ἀναπεπεισμένοι
3321 2765 3647 2834 προσκυνεῖν
3669 2806 3690 2829 ,

2108 2854 2207 2908 οὐκ
2245 2855 2302 2908 ἐν
2345 2854 2493 2925 πάσῃ
2525 2856 2595 2924 γῇ
2646 2853 2743 2905 καὶ
2789 2853 2847 2905 ἐν
2898 2850 3062 2905 παντὶ
3112 2853 3282 2923 τόπῳ,
3318 2853 3574 2923 παρεῖναί
3620 2852 3689 2906 τε

2111 2961 2261 3011 σφισι
2291 2943 2385 2998 καὶ⁵
2411 2942 2708 3013 ἐπαμύνειν
2737 2942 2923 3013 ῷοντο,
2954 2942 3124 3015 μικρά
3142 2944 3335 3014 κομιδῇ
3363 2943 3693 3015 φρονοῦντες

2110 3035 2208 3090 ἔτι.
2253 3034 2578 3090 Παιδεύεται
2610 3033 2791 3087 τοίνυν
2832 3034 2861 3086 ὁ
2897 3034 3165 3104 μακάριος
3209 3032 3404 3087 Ἰακὼό
3452 3035 3545 3088 καὶ
3582 3034 3692 3105 τῆς

2064 3119 2416 3198 ⁵άποδημίας
2461 3125 2709 3180 ἐπλούτει
2763 3126 2995 3196 καρπον,
3041 3126 3102 3179 τὸ
3148 3126 3333 3179 λεῖπον
3375 3128 3433 3180 ἐν
3477 3126 3686 3182 πίστει.

2118 3217 2419 3288 Ἐμάνθανε
2453 3216 2562 3288 γὰρ
2591 3217 2666 3281 ὡς
2689 3217 2747 3270 ἐν
2773 3218 2934 3270 παντὶ
2961 3217 3108 3287 τόπῳ
3137 3217 3232 3269 καὶ
3263 3217 3413 3293 πάσῃ
3442 3216 3596 3288 χώρᾳ
3616 3218 3690 3272 τὸ

2108 3309 2249 3363 θεῖόν
2278 3310 2421 3362 ἐστι.
2453 3309 2564 3361 Kal
2589 3310 2834 3363 κατοικεῖ
2862 3308 2960 3377 μὲν
2986 3309 3044 3360 ἐν
3082 3307 3316 3378 ούρανῷ,
3342 3308 3593 3378 περιέπει
3622 3307 3690 3362 δὲ

2107 3401 2204 3473 τὴν
2231 3400 2524 3470 σύμπασαν
2564 3400 2689 3470 γῆν,
2717 3399 2813 3453 καὶ
2842 3398 3171 3468 πεπλήρωκε
3202 3398 3302 3468 τὴν
3330 3397 3687 3468 οἰκουμένην,

2107 3491 2202 3544 καὶ
2232 3490 2324 3544 ὐπ’
2355 3488 2505 3559 αὐτῷ
2531 3490 2708 3543 πάντα
2739 3488 2856 3541 ἐστὶ
2880 3529 2894 3552 ,
2929 3487 2999 3541 τά
3029 3489 3087 3541 ἐν
3111 3487 3323 3559 οὐρανῷ
3357 3487 3650 3558 πνεύματα
3669 3530 3687 3555 ,

2105 3581 2143 3636 ἃ.
2167 3581 2278 3635 ἅνω
2305 3598 2364 3635 τε
2387 3581 2482 3633 καὶ
2507 3581 2657 3634 κάτω
2684 3578 2890 3631 διαθεῖν
2920 3579 3367 3651 προστάττονται,
3398 3579 3491 3632 καὶ
3515 3579 3690 3633 αὐτὸν

2107 3671 2290 3742 ἔχουσι
2312 3670 2554 3742 κεφαλὴν
2571 3668 2663 3723 καὶ
2686 3667 3044 3738 ἐφεστηκότα.
3073 3668 3170 3721 Διά
3192 3667 3350 3724 τοῦτο
3363 3667 3690 3737 τεθαύμακα

2107 3763 2280 3833 λέγων
2301 3763 2403 3827 δτι,
2444 3761 2635 3815 «Ἔστι
2661 3760 2867 3832 Κύριος
2888 3761 2945 3812 ἐν
2977 3757 3056 3829 τῷ
3084 3759 3234 3829 τόπῳ
3258 3760 3454 3830 τούτῳ.
3482 3758 3592 3828 ἐγὼ
3620 3759 3689 3815 δὲ

2105 3856 2204 3911 οὐκ
2251 3854 2417 3926 ᾔδειν.
2478 3871 2497 3907 ι
2543 3850 2761 3922 Οίηθεὶς
2805 3851 2863 3903 δὲ
2912 3850 3002 3904 τὸν
3030 3849 3177 3903 λίθον
3221 3851 3330 3903 τῶν
3380 3850 3689 3921 ὀνειράτων

420 3909 623 4005 αὐτῶν⁸
658 3953 903 4020 γενέσθαι
974 3909 1283 4027 παραίτιον,
1323 3957 1420 4012 καὶ
1461 3956 1624 4011 αὐτὸν
1660 3959 1774 4021 τοῖς
1821 3955 2034 4020 ἐνοῦσιν
2067 3909 2284 4025 ἐτίμα
2332 3909 2706 4003 καταπιαίνων
2737 3946 2921 4018 ἐλαίῳ.
2956 3946 3068 4000 Καὶ
3107 3944 3214 4017 μὴν
3248 3965 3267 3999 ι
3305 3942 3467 4002 Οἵκον
3503 3966 3521 3999 ι
3550 3945 3690 4000 ἐκά-

419 4041 501 4096 λει
540 4063 559 4096 ι
593 4045 747 4109 Θεοῦ,
778 4049 874 4101 καὶ
902 4049 1077 4119 πύλην
1097 4051 1192 4105 τοῦ
1215 4051 1448 4122 ούρανοῦ
1481 4071 1501 4105 ι
1531 4051 1623 4105 τὸν
1651 4050 1848 4124 χῶρον,
1889 4050 1985 4104 καὶ
2020 4044 2315 4115 ἀνεστήλου
2338 4043 2430 4096 τὸν
2458 4041 2624 4095 λίθον.

489 4137 543 4190 4.
575 4136 752 4206 Atque
788 4138 906 4194 haec
926 4142 1151 4209 quidem
1173 4145 1340 4198 veluti
1370 4145 1582 4200 rudiori
1611 4147 1932 4201 narratione
1966 4160 1995 4200 a

2166 4138 2229 4193 δ’.
2261 4136 2374 4192 Kal
2409 4136 2566 4189 ταυτὶ
2609 4134 2707 4205 μὲν
2737 4134 2872 4205 ἡμῖν
2894 4132 2970 4196 ὡς
3009 4133 3068 4185 ἐν
3102 4130 3439 4201 παχυτέραις
3466 4130 3687 4204 ἀφηγή-

420 4226 583 4281 nobis
614 4227 760 4282 dicta
782 4228 912 4282 sint.
929 4229 1117 4285 Tenue
1126 4232 1273 4286 enim
1287 4233 1518 4289 reddere
1531 4234 1837 4303 oportebat,
1852 4234 2000 4303 quod

2106 4247 2247 4283 σεσιν
2278 4228 2514 4299 εἰρήσθω
2548 4226 2729 4280 πάλιν.
2758 4222 3105 4294 Καταψιλοῦν
3127 4222 3236 4293 γὰρ
3264 4221 3393 4285 ἔδει,
3414 4221 3511 4291 τῆς
3537 4224 3687 4278 loro-

423 4314 476 4369 in
527 4314 755 4370 historia
807 4316 1040 4371 arduum
1082 4320 1280 4374 visum.
1328 4320 1747 4378 Transferentes
1770 4339 1901 4378 vero
1934 4323 2002 4378 ad

2106 4322 2223 4394 ρίας
2273 4319 2334 4373 τὸ
2389 4320 2612 4381 ἄναντες
2654 4315 2793 4371 εἶναι
2827 4317 3035 4372 δοκοῦν.
3080 4313 3449 4377 Μεθιστάντες
3483 4313 3540 4366 δὲ
3576 4315 3681 4384 ἤδη

420 4405 725 4474 spiritalem
767 4410 1282 4480 contemplationem
1307 4414 1453 4483 quod
1488 4431 1602 4485 prae
1622 4416 1877 4471 manibus
1901 4415 2003 4470 ha-

2106 4412 2238 4483 πρδς
2266 4409 2500 4480 θεωρίαν
2532 4407 2914 4478 πνευματικὴν
2954 4407 3015 4459 τὸ
3067 4406 3458 4476 προκείμενον,
3510 4404 3684 4457 πάλιν

420 4500 636 4565 bemus,
673 4499 809 4555 illud
841 4516 1034 4556 rursus
1068 4501 1317 4559 dicamus
1358 4522 1370 4557 :
1400 4505 1547 4575 quod
1587 4522 1764 4586 novus
1815 4507 1872 4561 in
1895 4506 2001 4562 {ide

2106 4502 2284 4556 ἐκεῖνό
2329 4515 2531 4570 φαμεν,
2572 4499 2654 4552 ὅτι
2697 4497 2796 4559 τάς
2830 4495 2938 4548 τῶν
2972 4494 3257 4563 φονώντων
3295 4494 3464 4564 ὀργάς
3485 4533 3500 4557 ,
3534 4493 3682 4595 φημὶ

422 4591 657 4659 populus
680 4589 852 4645 veluti
905 4590 963 4645 in
996 4592 1258 4661 primitiis
1284 4604 1596 4650 sanctorum
1625 4583 1998 4666 apostolorum

2106 4592 2165 4663 δὴ
2208 4592 2315 4645 τῶν
2377 4589 2666 4653 Ἰουδαίων,
2712 4590 2740 4643 ὁ
2769 4588 2888 4651 νέος
2934 4588 3027 4640 καὶ
3082 4588 3139 4639 ἐν
3186 4585 3367 4639 πίστει
3411 4585 3557 4648 λαὸς,
3603 4583 3682 4645 ὡς

423 4680 755 4744 intellectus,
819 4680 1363 4751 sanguinolentorum
1417 4699 1633 4750 manus,
1689 4684 2002 4740 Iudaeorum

2106 4685 2159 4737 ἐν
2196 4684 2414 4752 ἁπαρχῇ
2444 4683 2557 4743 τοῖς
2594 4679 2784 4748 ὁιγίοιςΔ
2814 4677 3134 4740 ἀποστόλοις
3186 4676 3504 4745 νοούμενος,
3544 4674 3680 4726 ὑπο·

422 4774 665 4842 inquam,
722 4770 1106 4842 subterfugere
1168 4781 1331 4843 atque
1380 4774 1587 4829 evitare
1656 4791 2003 4846 summopere

2106 4771 2312 4842 τρέχειν
2348 4770 2444 4839 μὲν
2475 4769 2735 4838 ἠπείγετο
2765 4768 2858 4820 καὶ
2889 4765 3272 4835 παραιτεῖσθαι
3298 4764 3438 4817 λίαν.
3486 4763 3680 4815 ’Δπαί-

421 4866 694 4921 studebat.
727 4864 1089 4921 Proﬁciscens
1122 4877 1303 4920 autem
1348 4865 1416 4920 de
1442 4867 1661 4921 civitate
1700 4868 1756 4922 in
1806 4868 2002 4925 civita-

2106 4882 2210 4935 ρων
2250 4864 2303 4916 δὲ
2335 4862 2522 4932 ὥσπερ
2552 4861 2660 4914 ἀπὸ
2698 4860 2905 4922 πόλεως
2939 4861 3019 4921 είς
3068 4858 3242 4919 πόλιν,
3279 4857 3378 4919 τὰς
3416 4855 3477 4920 ἐξ
3506 4854 3677 4907 ἐθνῶν

424 4963 553 5022 tem,
581 4954 824 5025 gentium
858 4969 1075 5025 gregem
1122 4953 1228 5009 sibi
1272 4954 1540 5024 poposcit,
1570 4963 1625 5009 et
1670 4971 2002 5026 congregare

2106 4955 2300 5023 ἀγέλας
2325 4954 2708 5025 ἐμνηστεύετο,
2735 4951 2828 5004 καὶ
2849 4950 3126 5017 συλλέγειν
3158 4949 3349 5019 ὥσπερ
3370 4948 3449 5011 είς
3482 4946 3676 5000 ἑαυτὸν

420 5045 824 5114 quodammodo
871 5046 939 5101 ad
990 5061 1049 5103 se
1092 5061 1191 5117 per
1216 5045 1513 5116 spiritalem
1552 5049 1994 5103 communionem

2106 5051 2186 5105 διὰ
2219 5053 2317 5122 τῆς
2345 5053 2402 5104 ἐν
2451 5049 2718 5119 πνεύματι
2756 5048 2848 5101 καὶ
2897 5048 3093 5118 νοητῆς
3119 5044 3399 5108 κοινωνίας
3421 5083 3438 5109 ,
3473 5042 3673 5097 ἐπεθύρ

420 5136 779 5193 vehementer
820 5135 1546 5207 optabat,quemadmodum
1573 5136 1684 5193 fere
1715 5138 1882 5193 etiam
1907 5138 2000 5193 Ja-

2106 5160 2191 5213 μει
2224 5142 2364 5195 λίαν.
2406 5140 2674 5211 Καθάπερ
2703 5138 2896 5208 ἀμέλει
2942 5138 3037 5190 καὶ
3091 5135 3288 5189 Ἰακὼϐ
3320 5136 3412 5187 ἐπὶ
3445 5133 3545 5205 τᾲς
3575 5131 3672 5185 τοῦ

422 5226 525 5281 cob
558 5228 696 5284 ﬁlias
735 5228 921 5284 Laban
950 5228 1105 5295 adiit,
1136 5229 1436 5284 incutiente
1467 5229 1570 5301 ipsi
1599 5240 1803 5285 metum
1832 5231 1998 5296 Esau,

2106 5232 2283 5285 Λάδαν
2322 5232 2578 5301 ἠπείγετο
2623 5229 2950 5299 θυγατέρας,
2987 5226 3432 5298 ἐκδειματοῦντος
3477 5223 3669 5286 Ἡσαῦ,

422 5322 479 5369 et
524 5317 728 5373 caedem
774 5318 1037 5373 atrociter
1085 5319 1453 5375 machinante.
1512 5321 1672 5391 116
1709 5322 2002 5391 Postquam

2106 5324 2195 5376 καὶ
2238 5325 2403 5393 φονᾷν
2433 5322 2636 5394 ἀγρίως
2674 5319 3171 5390 ἐπικεχειρηκότος.
3219 5317 3437 5387 Ἐπειδὴ
3475 5315 3586 5369 δέῤ
3612 5315 3673 5366 ὲν

422 5420 554 5461 vero
571 5408 808 5478 populus
838 5408 1016 5465 ﬁdelis
1040 5411 1571 5481 acquievitChristo,
1590 5411 1686 5482 qui
1705 5420 1792 5467 est
1818 5430 1837 5463 ‹
1863 5413 2005 5482 lapis

2106 5415 2280 5469 πίστει
2311 5414 2434 5478 λαὸς
2469 5413 2885 5467 ἑπανεπαύσατο
2917 5410 2995 5480 τῷ
3030 5408 3269 5480 Χριστῷ,
3299 5410 3358 5474 ὃς
3385 5410 3499 5462 ἐστι
3526 5405 3675 5467 λίθος

423 5494 649 5563 electus,
704 5501 1002 5571 angularia,
1049 5506 1323 5572 pretiosus
1360 5505 1429 5568 ’⁸,
1482 5524 1499 5556 ι
1546 5504 1674 5574 (hoc
1710 5503 1855 5558 enim
1896 5504 2002 5559 sibi

2106 5506 2373 5571 ἐκλεκτὸς,
2408 5506 2819 5575 ἀκρογωνιαῖος,
2852 5501 3067 5570 ἔντιμος
3089 5515 3103 5530 ·
3145 5499 3304 5553 τοῦτο
3335 5498 3464 5571 γὰρ,
3496 5493 3673 5568 οἶμαι,

488 5668 538 5699 ⁸⁷
577 5677 713 5735 Ceu.
742 5696 922 5747 xxvui,
954 5683 1039 5737 lsi.
1114 5685 1159 5715 ⁸⁸
1196 5685 1332 5739 ibid.
1374 5685 1457 5739 ιο.
1538 5685 1579 5718 ⁸⁵
1606 5684 1743 5741 Ibid.
1822 5684 1865 5717 ὀ
1894 5684 1999 5741 lsa.
2023 5700 2203 5751 xxvm,
2237 5684 2332 5751 l6;
2364 5684 2502 5740 Psal.
2533 5681 2805 5749 cxvn,22;
2829 5681 3017 5737 Matth.
3055 5697 3161 5750 XXI,
3196 5679 3283 5735 42.
