4074 6260
366 367 474 426 189

1391 362 1910 422 οωιινιιοαυκ
1946 363 2016 421 IN
2050 362 2351 423 GENESIH
2388 363 2516 420 LIB.
2558 360 2644 420 Π.

3514 360 3616 418 190

365 477 486 533 ιστι
509 479 575 533 τὸ
601 477 882 548 ἐφυπνοῦν
922 477 1000 548 τῷ
1024 476 1184 547 λίθῳ·
1224 477 1649 550 μεμαθήκαμεν,
1671 480 1754 532 ὅτι
1784 475 1935 548 μόνοι

2048 480 2153 535 ruit
2182 479 2425 535 dormire
2454 493 2619 549 super
2647 474 2906 547 lapidem)
2938 471 3085 533 docti
3107 485 3318 536 sumus,
3338 470 3486 542 quod
3511 469 3614 528 soli

372 572 477 644 μὲν
509 571 592 634 είς
618 569 729 641 γῆν
759 571 857 624 οὐκ
904 569 1146 634 ἔσονται,
1193 567 1565 642 συλλήπτορας
1606 570 1663 624 δέ
1704 571 1800 623 καὶ
1840 571 1939 622 ἐπε

371 664 632 741 αρωγοὺς
658 663 785 726 τοὺς
824 662 1009 732 ἁγίους
1033 660 1243 726 ἕξουσιν
1286 664 1552 733 ἀγγέλους
1569 702 1587 727 ,
1619 664 1733 719 ἀνω
1762 680 1823 717 τε
1851 664 1945 718 καὶ

376 755 534 814 κάτω
569 753 890 818 διαθέοντας.
928 754 1071 823 Ἔφη
1104 754 1215 826 γάρ
1248 771 1350 808 που
1377 756 1611 826 Χριστός
1630 770 1644 785 ο
1685 772 1706 807 ι
1750 754 1942 827 Ἀμὴν,

377 845 529 919 ἀμὴν
562 845 703 913 λέγω
735 846 880 916 ὑμῖν,
914 844 1118 916 ἀπάρτι
1157 846 1357 916 ὕψεσθε
1380 846 1473 900 τὸν
1508 846 1738 917 οὐρανὸν
1774 848 1945 917 ἀνεῳ-

381 938 513 1011 γότα
531 977 546 1001 ,
575 938 668 991 καὶ
693 939 818 1003 τοὺς
851 938 1118 1008 ἀγγέλους
1150 939 1245 994 τοῦ
1272 939 1406 994 Θεοῦ
1438 939 1829 1003 ἀναϐαίνοντας
1852 939 1946 993 καὶ

379 1027 797 1093 καταϐαίνοντας
818 1030 909 1084 ἐπὶ
934 1030 1026 1085 τὸν
1059 1031 1189 1086 Υίδν
1218 1031 1314 1085 τοῦ
1344 1031 1656 1103 ἀνθρώπου.
1684 1050 1705 1084 3
1748 1032 1942 1098 Τοῦτο,

376 1115 545 1191 οἶμαι,
561 1119 710 1174 ἔστιν
731 1123 765 1193 ἡ
797 1122 1021 1194 κλίμαξ,
1049 1125 1084 1195 ἡ
1113 1124 1228 1179 ἄνω
1248 1140 1307 1177 τε
1335 1123 1432 1178 καὶ
1460 1124 1613 1178 κάτω
1638 1123 1747 1176 τῶν
1775 1123 1945 1191 ἁγίων

373 1211 695 1282 πνευμάτων
721 1212 1026 1286 διαδρομὴ,
1056 1233 1077 1267 ι
1119 1215 1487 1285 πεμπομένων
1527 1216 1609 1279 είς
1646 1215 1945 1278 διακονίαν,

368 1303 458 1358 διὰ
498 1305 627 1369 τοὺς
658 1305 955 1377 μέλλοντας
1006 1306 1360 1379 κληρονομεῖν
1408 1307 1706 1379 βασιλείαν.
1750 1326 1769 1359 3
1820 1308 1947 1361 Ἐπ-

367 1393 660 1464 εστήρικτο
695 1393 753 1448 δὲ
786 1396 854 1467 τῇ
889 1395 1121 1466 κλίμακι
1163 1397 1425 1469 Χριστὸς,
1450 1397 1526 1461 ὡς
1560 1397 1753 1469 μέχρις
1780 1396 1947 1451 αὑτοῦ

370 1482 684 1552 φθανόντων
706 1484 815 1539 τῶν
838 1486 1014 1556 ἁγίων
1030 1488 1377 1559 πνευμάτων,
1399 1488 1495 1542 καὶ
1520 1488 1683 1543 αὐτὸν
1714 1487 1950 1558 ἐχόντων

368 1571 464 1625 τὸν
495 1573 799 1645 ἐπιστάτην
822 1592 838 1607 ο
869 1575 968 1646 οὐχ
991 1576 1068 1641 ὡς
1094 1576 1223 1631 ὅντα
1243 1578 1364 1631 κατ’
1383 1576 1540 1644 αὐτὰ,
1569 1576 1685 1631 ἀλλ’
1706 1577 1785 1640 ώς
1812 1576 1947 1630 Θεὸν

374 1664 473 1716 καὶ
494 1663 722 1735 Κύριον.
746 1666 889 1738 Ἔφη
921 1666 979 1720 δέ
1007 1684 1110 1720 που
1138 1669 1233 1723 καὶ
1256 1670 1285 1723 ὁ
1303 1668 1468 1723 Δασὶδ
1483 1667 1757 1741 ἀνθρώπῳ
1780 1668 1948 1723 παντὶ

378 1751 460 1825 τῷ
484 1758 760 1811 κατοικεῖν
783 1757 1019 1830 ἑλομένῳ
1036 1760 1096 1812 ἐν
1117 1757 1341 1832 βοηθείᾳ
1364 1759 1749 1828 τοῦὙψίστου,
1772 1778 1795 1811 ι
1824 1759 1947 1814 Ὀτι

379 1848 492 1909 τοῖς
525 1847 776 1916 ἀγγέλοις
811 1849 975 1904 αὑτοῦ
994 1850 1291 1905 ἐντελεῖται
1327 1851 1459 1923 περὶ
1486 1850 1605 1916 σοῦ,
1637 1852 1733 1905 τοῦ
1757 1851 1950 1918 meo.

375 1938 534 2005 ὶάξαι
590 1956 651 1994 σε
697 1943 758 1994 ἐν
803 1944 1014 2007 πάσαις
1061 1944 1189 2007 ταῖς
1219 1944 1359 2007 ὁδοῖς
1398 1960 1517 1999 σου.
1578 1943 1705 1997 Ἐπὶ
1752 1946 1947 2015 χειρῶν

371 2030 566 2100 ἀροῦσί
600 2049 695 2096 σε,
751 2033 962 2103 μήποτε
998 2033 1320 2106 προσκόψῃς
1361 2032 1498 2103 πρὸς
1522 2032 1669 2089 λίθον
1692 2032 1782 2088 τὸν
1816 2033 1950 2089 τῶδα

373 2138 492 2176 σου.
536 2122 665 2178 Ἐπὶ
691 2124 898 2178 ἀσπίδα
938 2123 1034 2178 καὶ
1073 2124 1384 2194 βασιλίσκον
1427 2123 1687 2195 ἐπιϐήσῃ,
1724 2124 1816 2177 καὶ
1846 2140 1945 2179 καο

370 2214 715 2285 ταπατήσεις
753 2213 944 2268 λέοντα
987 2215 1082 2268 καὶ
1126 2213 1416 2284 δράκοντα.
1470 2231 1492 2265 ι
1543 2214 1948 2285 Πεπατήκαμεν

373 2301 485 2374 γὰρ
514 2303 700 2357 ἐπάνω
727 2303 904 2373 ὄφεων
930 2303 1021 2357 καὶ
1049 2301 1348 2373 σκορπίων,
1396 2302 1492 2356 καὶ
1514 2304 1608 2356 ἐπὶ
1640 2304 1823 2357 πᾶσαν
1847 2304 1947 2374 τὴν

368 2392 605 2463 δύναμιν
631 2391 726 2447 τοῦ
768 2392 983 2464 ἐχθροῦ,
1010 2392 1249 2464 Χριστοῦ
1273 2392 1503 2456 διδόντος
1532 2394 1633 2464 τὴν
1670 2394 1945 2460 ἐξουσίαν.

374 2481 546 2549 ⁸Ἀλξιοι
595 2484 660 2556 δὴ
701 2480 795 2539 οὖν
837 2484 930 2539 κα)⁸
959 2484 1215 2549 θεοπτίας
1238 2487 1287 2538 oi
1332 2487 1392 2539 ἐν
1436 2484 1678 2555 Χριστῷ,
1717 2485 1813 2539 καὶ
1851 2482 1948 2538 τοῦ

370 2576 672 2631 διακεῖσθαι
709 2576 1128 2649 τεθαρρηκότως
1160 2577 1243 2629 ὅτι
1288 2577 1384 2630 καὶ
1439 2576 1693 2629 συνέσται
1735 2576 1828 2630 καὶ
1855 2578 1950 2629 ἐπ-

373 2669 586 2739 αμυνεῖ,
616 2667 710 2721 καὶ
734 2666 989 2721 διασώσει
1009 2666 1310 2738 πανταχοῦ,
1337 2668 1431 2721 καὶ
1464 2667 1777 2739 ἐγκάρπους
1812 2669 1949 2722 ἀπο-

376 2763 547 2830 φανεῖ.
589 2779 609 2814 ι
656 2760 789 2816 Ἰδοὺ
810 2759 920 2831 γὰρ
939 2759 1074 2830 ἐγὼ,
1100 2760 1253 2832 φησὶ,
1288 2759 1407 2830 μεθ’
1440 2760 1596 2831 ἡμῶν
1618 2762 1732 2831 είμι
1767 2761 1949 2825 πάσας

376 2852 470 2914 τὰς
496 2850 737 2923 ἡμέρας,
767 2852 872 2916 ἕως
907 2852 1008 2922 τῆς
1039 2851 1349 2915 συντελείας
1373 2851 1468 2906 τοῦ
1500 2852 1716 2916 αίῶνος.
1752 2871 1770 2902 3
1821 2853 1944 2906 Ὅτι

376 2941 430 2993 δὲ
455 2942 548 2995 καὶ
567 2941 1012 3013 πεπλουτήκασιν
1037 2943 1085 2995 oi
1118 2944 1377 3014 μακάριοι
1405 2942 1667 3015 μαθηταὶ,
1700 2946 1793 2999 καὶ
1818 2948 1948 3000 ἀνα-

382 3029 658 3105 ριθμήτων
688 3031 855 3086 ἐθνῶν
888 3033 1146 3101 γεγόνασι
1185 3033 1419 3106 πατέρες
1443 3073 1458 3096 ,
1486 3036 1545 3087 ἐν
1571 3034 1754 3088 πίστει
1783 3040 1850 3107 τῇ
1887 3037 1948 3089 ἐν

2044 574 2103 628 in
2138 581 2282 629 terra
2312 588 2424 628 non
2455 572 2565 629 sint
2595 569 2865 635 fdturi,at
2890 583 3022 624 vero
3054 566 3407 624 auxiliatores
3427 571 3484 620 et
3520 578 3613 620 so-

2044 666 2161 720 cios
2207 672 2426 720 sanctos
2460 664 2680 735 angelos
2726 661 2970 718 habituri
3015 674 3233 715 sursum
3268 673 3333 715 ac
3354 657 3611 720 deorsum
3684 694 3699 701 -

2044 765 2346 812 currentes.
2366 755 2457 810 Ait
2475 754 2620 811 enim
2649 752 2847 809 alicubi
2876 750 3129 808 Christus
3162 770 3169 779 ·
3199 769 3218 802 ι
3242 748 3436 814 Arnen,
3454 762 3614 803 amen

2045 845 2170 903 dico
2198 846 2357 901 vobis
2397 863 2412 899 :
2455 844 2651 901 amodo
2706 842 2968 900 videbitis
3009 843 3209 899 ecrlum
3242 850 3511 914 apertum,
3556 846 3616 896 et

2045 937 2268 1008 angelos
2297 937 2395 993 Dei
2425 936 2783 994 ascendentes
2822 944 2880 991 et
2904 934 3303 991 descendentes
3335 949 3501 1004 supra
3520 934 3613 988 Fi-

2045 1029 2180 1085 lium
2203 1028 2444 1086 hominis
2464 1031 2532 1087 ".
2567 1049 2586 1083 3
2628 1032 2764 1096 Hoc,
2791 1038 2855 1086 ut
2881 1028 3144 1092 arbitror,
3175 1033 3261 1081 est
3299 1026 3467 1089 scala,
3492 1040 3617 1081 sau-

2044 1132 2261 1180 ctorum
2278 1122 2570 1194 spirituum
2606 1138 2825 1182 sursum
2855 1138 2921 1179 ac
2940 1121 3197 1176 deorsum
3219 1117 3612 1182 discursitatio,

2046 1214 2140 1285 qui
2178 1232 2198 1266 ι
2232 1214 2528 1270 mittuntur
2559 1214 2617 1270 in
2641 1213 3005 1270 ministerium
3044 1216 3271 1282 propter
3290 1223 3386 1264 eos
3410 1208 3506 1279 qui
3525 1208 3615 1262 fu-

2048 1308 2159 1363 turi
2179 1315 2309 1363 sunt
2325 1307 2574 1364 heredes
2592 1309 2745 1380 regni
2767 1309 2837 1365 δ’.
2863 1326 2883 1359 3
2904 1307 3181 1363 Firmatus
3206 1312 3291 1361 est
3306 1311 3488 1359 autem
3518 1318 3614 1357 su-

2046 1413 2148 1470 per
2173 1398 2374 1454 scalam
2403 1398 2659 1455 Christus
2675 1399 2847 1455 veluti
2885 1398 2952 1454 ad
2987 1398 3167 1469 ipsum
3204 1411 3378 1467 usque
3403 1395 3617 1466 pertin-

2047 1489 2303 1560 gentibus
2338 1490 2542 1545 sanctis
2597 1490 2902 1560 spiritibus,
2952 1490 3241 1561 ipsumque
3285 1487 3619 1544 habentibus

2045 1581 2380 1651 praefectum,
2405 1598 2517 1638 non
2537 1592 2598 1636 ut
2610 1583 2963 1638 exsistentem
2983 1583 3051 1638 ad
3072 1583 3238 1655 ipsos,
3256 1579 3350 1635 sed
3372 1588 3433 1634 ut
3447 1579 3619 1633 Deum

2046 1686 2112 1727 ac
2142 1672 2452 1728 Dominum.
2496 1672 2714 1728 Alicubi
2758 1683 2943 1729 autem
2998 1672 3163 1731 refert
3209 1672 3375 1729 etiam
3425 1668 3615 1734 David,

2046 1764 2195 1819 omni
2215 1763 2427 1819 homini
2446 1764 2542 1835 qui
2578 1763 2828 1820 habitare
2860 1764 3099 1821 voluerit
3124 1764 3181 1818 in
3209 1762 3412 1818 auxilio
3448 1761 3616 1816 Altis-

2047 1856 2170 1927 simi
2206 1874 2220 1910 :
2259 1874 2278 1907 ι
2311 1853 2449 1922 Quia
2478 1856 2687 1927 angelis
2716 1856 2832 1911 suis
2854 1855 3115 1928 praecepit
3137 1854 3205 1910 de
3230 1862 3306 1919 te,
3336 1860 3397 1908 ut
3430 1861 3615 1908 custo-

2046 1948 2199 2004 diant
2226 1956 2277 2004 te
2300 1949 2357 2003 in
2386 1948 2763 2004 omnibusviis
2791 1948 2921 2003 tuis.
2949 1947 3011 2002 in
3040 1946 3295 2001 manibus
3316 1944 3509 2000 tollent
3538 1952 3613 2008 te,

2046 2055 2115 2095 ne
2139 2039 2359 2109 quando
2380 2038 2627 2093 oﬂ‘endas
2666 2026 2735 2093 ad
2759 2038 2995 2109 lapidem
3026 2037 3223 2108 pedem
3242 2045 3418 2092 tuum.
3441 2035 3617 2106 Super

2047 2128 2293 2198 aspidem
2331 2134 2390 2183 et
2443 2128 2762 2183 basiliscum
2812 2128 3140 2193 ambulabis,
3168 2136 3224 2184 et
3271 2125 3619 2182 conculcabis

2047 2219 2262 2274 leonem
2284 2227 2340 2273 et
2359 2218 2650 2274 draconem
2673 2220 2739 2273 ”.
2774 2239 2793 2270 3
2826 2219 3240 2274 Ambulavimus
3266 2220 3410 2273 enim
3453 2233 3619 2288 super

2048 2320 2333 2381 serpentes
2370 2319 2427 2367 et
2460 2311 2794 2381 scorpiones,
2820 2318 2875 2366 et
2912 2326 3079 2382 super
3114 2325 3333 2367 omnem
3372 2317 3617 2380 potesta-

2047 2390 2158 2457 tem
2180 2402 2411 2468 inimici,
2441 2401 2604 2458 dante
2626 2402 2847 2457 Christo
2874 2410 3219 2473 potestatem.
3245 2401 3399 2474 Digni
3437 2400 3619 2473 itaque

2047 2493 2211 2548 etiam
2253 2491 2443 2548 divino
2483 2501 2729 2566 aspectu,
2775 2493 2870 2562 qui
2902 2493 2959 2547 in
2999 2492 3249 2557 Christo,
3298 2501 3468 2564 utque
3512 2491 3618 2549 sibi

2047 2592 2200 2640 certo
2223 2584 2605 2654 polliceantur,
2632 2583 2810 2656 ipsum
2840 2583 2907 2639 iis
2936 2583 3249 2638 adfuturum
3272 2593 3435 2654 atque
3461 2582 3619 2638 auxi-

2047 2674 2328 2741 liaturum,
2373 2683 2431 2731 et
2459 2675 2641 2731 ubivis
2678 2675 3033 2740 salvaturum,
3074 2674 3491 2743 fructuososque
3518 2672 3619 2729 de-

2047 2767 2397 2822 elaraturum.
2427 2786 2446 2818 ι
2478 2766 2617 2822 Ecce
2651 2768 2798 2821 enim
2821 2781 2942 2837 ego,
2969 2766 3164 2837 inquit,
3192 2764 3475 2819 vobiscum
3498 2778 3617 2818 sum

2046 2861 2305 2916 omnibus
2344 2859 2541 2916 diebus
2606 2875 2780 2931 usque
2825 2860 2892 2915 ad
2944 2858 3467 2914 consummationem
3517 2872 3619 2912 sac-

2048 2954 2239 3010 culi”.
2271 2973 2289 3006 3
2329 2953 2486 3021 Quod
2522 2969 2652 3007 vero
2692 2950 2850 3006 ditati
2894 2951 3005 3004 sint
3045 2950 3191 3004 beati
3231 2947 3508 3018 discipuli,
3566 2955 3622 3003 et

2050 3045 2536 3099 innumerabilium
2570 3042 2813 3113 gentium
2855 3049 3041 3110 patres
3068 3039 3176 3093 sint
3205 3038 3407 3103 eii'ecti,
3438 3038 3495 3091 in
3515 3036 3621 3092 ﬁde

379 3123 599 3196 Χριστῷ
633 3123 775 3191 λέγω
801 3163 819 3190 ,
866 3126 962 3180 καὶ
988 3125 1062 3190 ὡς
1090 3125 1148 3180 ἐν
1183 3127 1432 3196 γεννήσει
1461 3129 1526 3197 τῇ
1544 3131 1896 3200 ’πνευματικῇ
1925 3171 1939 3194 ,

2050 3136 2105 3191 in
2129 3137 2367 3201 Christo,
2384 3136 2627 3205 inquam,
2645 3149 2709 3188 ac
2722 3133 2890 3187 veluti
2914 3133 2968 3186 in
2997 3131 3349 3203 generatione
3369 3130 3620 3200 spiritali,

381 3216 545 3269 παντί
571 3233 673 3269 που
702 3216 876 3287 δῆλον,
906 3216 1118 3272 Παύλου
1147 3217 1398 3286 λέγοντος
1425 3218 1697 3290 ἐναργῶς,
1732 3222 1845 3283 τοῖς
1875 3220 1944 3273 δι’

376 3307 538 3363 αὐτοῦ
568 3308 945 3362 πιστεύσασινο
982 3328 1001 3361 ι
1037 3310 1158 3363 Ὅτι
1187 3308 1289 3369 κᾶν
1314 3310 1537 3380 μυρίους
1567 3310 1947 3380 παιδαγωγοὺς

377 3402 536 3472 ἔχητε
562 3403 621 3455 ἐν
639 3400 880 3473 Χριστῷ,
905 3400 1023 3457 ἀλλ’
1052 3401 1114 3454 οὐ
1150 3400 1379 3465 πολλοὺς
1417 3402 1679 3473 πατέρας.
1717 3404 1805 3457 Ἐν
1840 3405 1948 3474 γὰρ

376 3490 595 3563 Χριστῷ
635 3489 844 3561 Ἰησοῦ,
885 3491 973 3547 διὰ
999 3490 1094 3545 τοῦ
1121 3492 1453 3561 Εὑαγγελίου
1488 3491 1599 3561 ἐγὼ
1622 3494 1766 3563 ὑμᾶς
1798 3495 1949 3563 ἐγέν-

377 3598 535 3650 νησα.
572 3601 591 3634 3
622 3582 817 3651 Γέγονε
852 3583 1029 3637 τοίνυν
1057 3582 1236 3637 αὐτῶν
1259 3583 1321 3636 τὸ
1341 3584 1582 3654 σπέρμα,
1605 3587 1722 3649 ταῖς
1744 3586 1948 3656 ἄμμοις

379 3672 682 3744 ἰσάριθμον.
725 3671 1041 3725 Ἐκτέταται
1069 3671 1126 3724 δὲ
1151 3672 1246 3724 καὶ
1284 3672 1365 3735 είς
1398 3673 1624 3736 ἀκτῖνας
1655 3674 1752 3726 καὶ
1773 3673 1946 3740 δύσιν,

378 3764 472 3816 καὶ
500 3762 648 3829 δεξιὰ
677 3763 773 3817 καὶ
808 3761 1091 3833 εὐώνυμα·
1124 3762 1278 3818 νότον
1320 3763 1385 3833 δὴ
1412 3763 1556 3832 λέγω
1586 3765 1679 3817 καὶ
1722 3763 1943 3837 βορρᾶν.

391 3856 526 3910 Ἀλλ’
554 3851 621 3927 ἦν
655 3855 748 3909 καὶ
772 3857 802 3908 ὁ
826 3854 972 3918 λίθος
999 3854 1076 3918 ib;
1109 3854 1167 3908 ἐν
1194 3854 1349 3926 τύπῳ
1373 3854 1609 3927 Χριστοῦ
1641 3854 1951 3925 τιμώμενος

379 3949 476 4003 καὶ
511 3947 1002 4018 ἀναστηλούμενος,
1044 3948 1105 4002 ἐν
1144 3947 1310 4017 ἐλαίῳ
1351 3965 1413 4000 τε
1454 3946 1791 4016 δεδευμένος.
1838 3946 1949 4000 Κέ-

376 4056 593 4112 χρισται
622 4039 733 4110 γὰρ
781 4037 932 4109 παρὰ
977 4037 1072 4091 τοῦ
1106 4037 1240 4092 Θεοῦ
1270 4040 1365 4091 καὶ¹
1409 4039 1625 4110 Πατρδς
1668 4040 1695 4091 ὁ
1737 4039 1949 4108 Ἑμμι.

2049 3229 2224 3285 cuivis
2251 3228 2598 3284 manifestum
2620 3232 2725 3290 est,
2764 3224 2981 3280 dicente
3025 3223 3309 3279 manifeste
3333 3223 3500 3281 Paulo
3545 3222 3615 3281 iis

2048 3321 2141 3392 qui
2156 3336 2265 3390 per
2297 3320 2474 3390 ipsum
2498 3316 2882 3373 crediderunt:
2917 3335 2934 3367 ι
2960 3314 3100 3383 Quia
3135 3315 3239 3370 etsi
3268 3314 3415 3373 mille
3441 3312 3623 3383 paeda-

2051 3427 2217 3482 gogos
2241 3409 2512 3465 habuistis
2554 3408 2609 3462 in
2637 3406 2879 3471 Christo,
2915 3413 2972 3460 at
3012 3421 3122 3461 non
3164 3404 3369 3459 multos
3416 3410 3620 3475 patres.

2048 3503 2181 3558 Nam
2208 3502 2264 3557 in
2301 3501 2520 3558 Christo
2572 3501 2701 3557 Jesu
2741 3514 2842 3570 per
2866 3496 3220 3570 Evangelium
3263 3511 3366 3567 ego
3397 3509 3496 3551 vos
3533 3509 3623 3566 ge~

2048 3594 2145 3648 nui
2163 3594 2232 3649 ”.
2270 3611 2288 3645 3
2322 3593 2545 3648 Factum
2574 3591 2739 3661 igitur
2757 3596 2841 3645 est
2870 3603 3062 3643 eorum
3091 3601 3278 3641 semen
3310 3586 3493 3640 arenis
3515 3600 3621 3638 nu-

2049 3701 2201 3739 mero
2221 3685 2446 3755 aequale,
2480 3690 2946 3752 propagatumque
2975 3678 3029 3733 in
3066 3687 3245 3732 ortum
3270 3684 3325 3730 et
3346 3690 3621 3739 occasum,

2050 3775 2106 3829 in
2126 3774 2315 3828 dextra
2342 3782 2398 3828 et
2424 3774 2664 3837 sinistra,
2683 3772 2736 3824 in
2762 3779 3034 3833 austrum,
3063 3768 3305 3837 inquam,
3335 3774 3389 3819 et
3411 3765 3623 3833 aquilo-.-

2050 3880 2195 3921 nem.
2229 3865 2497 3920 Caeterum
2533 3871 2651 3916 erat
2674 3862 2838 3915 etiam
2874 3858 3015 3926 lapis
3040 3856 3207 3909 veluti
3238 3855 3293 3907 in
3320 3863 3447 3925 typo
3462 3853 3624 3909 Chri-

2052 3957 2120 4011 sti
2146 3954 2449 4011 honoratus
2471 3962 2527 4007 et
2559 3962 2794 4013 erectus,
2819 3949 3051 4014 oleoque
3094 3944 3393 4001 delibutus.
3418 3945 3627 4003 Unctus

2052 4047 2198 4101 enim
2231 4054 2315 4099 est
2353 4060 2383 4097 a
2409 4045 2520 4096 Deo
2545 4056 2609 4093 ac
2632 4041 2792 4093 Patre
2829 4035 3153 4091 Emmanuel
3181 4054 3199 4086 ι
3235 4034 3357 4090 oleo
3382 4036 3625 4091 exsulta-

375 4134 535 4204 νουὴλ
559 4174 572 4198 ,
608 4151 628 4183 ι
679 4132 857 4185 ἔλαιον
891 4131 1263 4199 ἀγαλλιάσεως
1315 4130 1468 4199 παρά
1512 4129 1638 4192 τοὺς
1692 4130 1949 4200 μετόχους

2056 4135 2219 4189 tionis
2232 4148 2343 4201 pra:
2359 4129 2705 4187 consortibus
2726 4126 2840 4184 suis
2860 4128 2928 4194 ”;
2958 4146 2974 4179 3
3004 4126 3297 4182 suscitatus
3314 4142 3446 4183 vero
3462 4128 3625 4182 etiam

375 4224 566 4278 αὑτοῦ.
606 4243 627 4276 3
665 4223 996 4294 Έγήγερται
1018 4222 1075 4276 δὲ
1103 4223 1193 4275 καὶ
1221 4223 1283 4274 ἐκ
1314 4221 1545 4290 νεκρῶν,
1575 4220 1750 4272 καίτοι
1783 4236 1949 4273 κατα-

2055 4243 2083 4281 a
2116 4225 2366 4287 mortuis,
2392 4222 2605 4279 etiamsi
2627 4237 2722 4277 sua
2740 4230 2933 4292 sponte
2964 4219 3244 4275 descendit
3269 4218 3337 4274 ad
3372 4228 3623 4275 mortem.

376 4316 628 4382 ϐεϐηκὼς
668 4315 946 4386 ἐθελοντὴς
992 4317 1071 4377 είς
1114 4313 1365 4367 θάνατον.
1410 4313 1520 4365 Καὶ
1557 4311 1732 4376 τοῦτο,
1775 4307 1946 4383 οἶμαι,

2052 4320 2227 4389 Atque
2250 4318 2404 4388 n7
2443 4317 2567 4380 hoc,
2617 4322 2680 4370 ut
2716 4316 2977 4379 arbitror,
3007 4321 3111 4378 est,
3136 4320 3379 4368 erectum
3403 4328 3524 4368 esse
3543 4312 3625 4367 la-

376 4410 491 4463 ἔστι
523 4409 583 4461 τὸ
611 4407 1012 4478 ἀνεστηλῶσθαι
1042 4406 1132 4458 τὸν
1172 4403 1336 4457 λίθον.
1394 4401 1739 4473 Κηρύττεται
1781 4403 1836 4456 δὲ
1860 4405 1949 4457 καὶ

2053 4411 2254 4481 pidem.
2307 4408 2638 4464 Praedicatur
2682 4414 2863 4461 autem
2904 4406 3066 4460 etiam
3112 4420 3209 4474 per
3238 4414 3455 4459 sanctos
3497 4419 3628 4472 apo-

376 4503 464 4555 διά
502 4501 612 4555 τῶν
648 4473 821 4571 ἁγίων
855 4497 1169 4554 ἀποστόλων
1215 4498 1243 4549 ὁ
1283 4495 1485 4567 Κύριος
1532 4495 1686 4566 ήμῶν
1746 4495 1949 4565 Ἰησοῦς

2055 4473 2223 4555 stolos
2248 4496 2511 4552 Dominus
2536 4504 2723 4549 noster
2758 4494 2917 4550 Jesus
2947 4473 3221 4555 Christus,
3253 4498 3315 4545 ut
3354 4500 3553 4550 unctus
3596 4506 3625 4543 a

377 4593 632 4662 Χριστὸς,
664 4593 739 4655 ὡς
762 4590 1119 4662 κεχρισμένος
1142 4589 1292 4657 παρά
1315 4588 1526 4656 Πατρὸς
1549 4589 1606 4639 ὲν
1630 4588 1769 4658 ἁγίῳ
1792 4586 1955 4642 Πνεῦ-

382 4698 507 4753 ματι
538 4682 635 4735 καὶ
667 4680 1038 4753 ἐγηγερμένος
1070 4681 1135 4731 ἐκ
1185 4676 1413 4747 νεκρῶν.
1442 4679 1517 4730 Δι’
1546 4672 1607 4732 οὗ
1639 4679 1733 4731 καὶ
1756 4677 1874 4748 μεθ’
1895 4673 1955 4733 οὗ

378 4775 455 4843 τῷ
474 4773 594 4844 Θεῷ
624 4773 715 4828 καὶ
744 4772 915 4843 Πατρὶ
944 4773 976 4843 ἡ
1006 4773 1133 4837 δὸξα
1158 4772 1253 4826 σὺν
1274 4769 1412 4842 ἁγίῳ
1436 4770 1709 4841 Πνεῦματι
1735 4773 1815 4835 εἰς
1830 4772 1957 4835 τοὺς

379 4867 577 4931 αἰῶνας
601 4866 711 4920 τῶν
740 4864 967 4919 αἰώνων.
1016 4864 1209 4934 Ἀμήν.

630 5006 755 5059 Ἔτι
779 5004 910 5073 περὶ
937 5003 1043 5057 τοῦ
1060 5003 1436 5085 ⁹πατριάρχου
1474 5001 1697 5057 Ἰακώϐ.

450 5126 519 5174 α’.
546 5120 622 5172 Τὸ
648 5117 812 5172 θείων
845 5119 992 5189 ἡμᾶς
1035 5116 1279 5184 ἐφίεσθαι
1313 5117 1485 5185 λόγων
1505 5158 1521 5183 ,
1567 5119 1659 5171 καὶ
1687 5118 1843 5189 διψᾷν
1872 5119 1954 5173 ὅτι

384 5207 618 5277 μάλιστα
648 5206 711 5260 τὸ
738 5206 973 5277 χρηστόν
1002 5223 1055 5259 τι
1087 5206 1277 5277 μαθεῖν
1297 5245 1312 5270 ,
1350 5206 1432 5259 ὅτι
1464 5208 1679 5260 πάντων
1712 5209 1951 5278 ἄριστον,

383 5300 478 5355 καὶ
496 5302 616 5363 ταῖς
637 5299 906 5355 ἀνωτάτω
928 5298 1128 5368 ψήφοις
1149 5298 1593 5367 ἐστεφανωμένον
1622 5300 1771 5370 παρά
1797 5301 1953 5366 Θεοῦ,

384 5389 499 5454 πῶς
530 5389 599 5445 ἂν
629 5388 923 5445 ἑνδοιάσειέ
952 5405 1070 5455 τις;
1109 5389 1292 5453 ’Ἄξιον
1324 5388 1380 5441 δὲ
1407 5390 1487 5441 ὅτι
1515 5389 1609 5443 τοῦ
1641 5393 1835 5455 παντὸς
1868 5393 1957 5446 λό-

386 5498 483 5549 γου
521 5482 583 5535 τὸ
612 5482 802 5553 χρῆμά
848 5484 965 5537 ἐστι
999 5483 1093 5535 καὶ
1123 5481 1258 5552 πρὸς
1302 5483 1598 5549 ἀναγκαῖον
1639 5485 1769 5553 ἡμῖν
1807 5486 1959 5539 ἐκτε-

2055 4593 2215 4647 Patre
2246 4589 2301 4643 in
2321 4595 2508 4643 sancto
2534 4588 2765 4658 Spiritu,
2791 4598 2847 4644 et
2867 4588 3135 4642 excitatus
3169 4600 3197 4638 a
3224 4583 3459 4638 mortuis
3485 4599 3498 4633 :
3532 4597 3630 4650 per

2054 4695 2239 4751 quem,
2275 4687 2330 4733 et
2361 4694 2485 4733 cum
2510 4694 2619 4748 quo
2664 4678 2776 4731 Deo
2802 4692 2866 4731 ac
2896 4676 3043 4731 Patri
3091 4675 3261 4745 gloria
3298 4680 3353 4727 ct
3383 4671 3629 4743 potentia

2056 4787 2179 4827 cum
2205 4779 2390 4825 saneto
2416 4768 2619 4839 Spiritu
2657 4769 2711 4823 in
2737 4768 2932 4824 smeula
2958 4767 3299 4822 seculorum.
3326 4763 3521 4818 Amen.

2404 5000 2642 5073 Amplius
2667 5000 2729 5053 de
2765 4998 3067 5068 patriarcha
3093 4994 3273 5047 Iacob.

2128 5115 2335 5184 LQuod
2347 5114 2564 5184 quidem
2577 5114 2735 5183 longe
2748 5108 3274 5182 przestantissinunn,
3288 5108 3633 5173 maximeque

2052 5209 2164 5263 Deo
2190 5216 2401 5276 gratum
2427 5205 2498 5260 sit
2517 5204 2732 5258 divinos
2753 5216 3034 5257 sermones
3053 5208 3328 5267 expetere,
3350 5205 3405 5251 et
3427 5196 3631 5265 optima

2056 5314 2284 5371 qumque
2328 5298 2541 5353 discere
2574 5296 2736 5358 velle,
2773 5310 2882 5363 quo
2913 5299 3072 5362 pacto
3116 5289 3354 5356 cuipiam
3396 5288 3632 5343 dubium

2058 5408 2177 5447 esse
2206 5390 2406 5460 possit?
2432 5386 2587 5454 Quod
2608 5401 2742 5440 vero
2763 5400 2851 5438 res
2868 5384 2983 5437 haec
3006 5379 3225 5433 maximi
3257 5389 3341 5434 est
3363 5378 3630 5445 facienda,

2062 5492 2224 5549 atque
2249 5478 2316 5532 ad
2345 5478 2534 5530 utilem
2566 5474 2725 5528 ﬁnem
2756 5488 2856 5526 nos
2899 5471 3220 5533 deductura,
3247 5470 3493 5524 Salvator
3519 5466 3635 5535 ipse

384 5573 632 5647 λευτήσει
658 5576 870 5646 πέρας,
905 5574 999 5629 καὶ
1031 5574 1189 5638 αὐτὸς
1224 5575 1371 5644 ἡμᾶς
1414 5573 1900 5646 πεπληροφόρηκεν
1935 5579 1949 5628 ἐ

2065 5577 2296 5626 testatur
2341 5565 2412 5619 ita
2464 5563 2687 5616 dicens:
2723 5581 2739 5612 ι
2769 5560 2956 5616 Simile
2987 5567 3070 5614 est
3103 5573 3329 5628 regnum
3371 5556 3634 5613 caelorum

452 5716 497 5746 ⁹¹
537 5715 694 5771 Joan.
739 5733 776 5783 ι,
814 5717 901 5773 51.
977 5719 1021 5749 ⁹²
1063 5716 1229 5772 Hebr.
1258 5733 1296 5783 ι,
1324 5716 1408 5771 14.
1489 5716 1535 5748 ⁵³³
1558 5714 1698 5771 ΡετιΙ.
1727 5730 1810 5779 xc,
1848 5713 2035 5768 11-14.

390 5799 531 5854 ξων,
565 5784 618 5841 8.

2113 5710 2156 5740 θ’*
2195 5702 2382 5759 Matth.
2422 5714 2604 5763 xxvnt,
2644 5698 2730 5752 9.0.
2830 5700 2918 5753 ⁸⁵1
2958 5698 3086 5754 Cor.
3128 5712 3198 5760 tv,
3242 5697 3320 5751 l5.
3412 5694 3457 5725 9"
3487 5689 3635 5750 Paul.
