4074 6260
420 315 516 376 liii

1425 303 1483 359 S.
1518 298 1796 358 CYRILLI
1839 292 2313 352 ALEXANDRINI
2349 290 2671 348 ARCHIEP.

3585 271 3686 330 199.

422 427 629 488 homini
658 423 1007 499 negotiatori,
1035 418 1301 492 quaarenti
1338 417 1519 472 bonas
1537 411 1877 484 margaritas.
1910 408 2003 499 ln-

2130 405 2298 476 ῧωτὴρ
2330 402 2473 458 οὕτω
2500 403 2707 470 λέγων·
2746 416 2764 451 ι
2822 395 3012 468 Ὀμοία
3040 395 3192 450 ἐστὶν
3221 393 3257 464 ἡ
3296 387 3542 463 βασιλεία
3578 388 3689 444 τὼν

415 529 582 579 venta
601 496 785 576 autem
813 532 921 571 una
957 513 1196 584 pretiosa
1214 508 1531 580 margarita,
1566 504 1704 558 abiit
1729 509 1788 557 et
1817 496 2009 555 vendi-

422 614 505 670 dit
545 613 728 669 omnia
750 625 871 681 quae
895 606 1156 669 habebat,
1198 612 1256 658 et
1293 601 1427 656 emit
1448 613 1570 653 eam
1593 597 1662 649 ’7.
1703 613 1722 646 ›
1748 594 2010 649 Necessa-

424 705 568 759 rium
600 703 765 774 igitur
790 707 876 756 est
915 698 1089 769 quaeri
1113 696 1269 767 prius
1297 710 1327 748 a
1352 690 1513 746 nobis
1539 690 1713 743 bonas
1739 681 2007 753 margari-

426 803 527 850 tas.
550 793 630 848 Ita
657 792 805 846 enim
832 789 1179 844 inveniemus
1197 799 1362 840 unam
1384 798 1449 837 ac
1471 779 1766 852 pretiosam
1793 789 2008 845 marga-

425 887 607 951 ritam,
633 886 736 939 hoc
763 890 868 948 est,
890 882 1193 938 Christum.
1221 877 1480 945 Quaenam
1515 882 1698 928 autem
1722 870 1833 925 sint
1853 868 2011 922 bonae

427 976 752 1048 margaritae,
790 983 847 1031 et
868 988 1101 1044 quarum
1150 970 1390 1041 pretiosa
1428 975 1513 1021 est
1541 962 1836 1034 possessio,
1872 973 2014 1029 quas

426 1067 722 1140 quaerendo
760 1082 926 1121 unam
966 1065 1117 1119 illam
1160 1060 1493 1122 invenimus,
1517 1054 1750 1110 dixerim
1783 1051 2010 1107 omnino

427 1168 646 1215 sanctos
669 1175 810 1225 esse,
838 1158 907 1213 de
941 1157 1142 1227 quibus
1172 1155 1380 1209 dictum
1420 1157 1504 1205 est
1527 1162 1626 1219 per
1656 1159 1847 1210 vocem
1880 1158 2010 1213 pro-

428 1252 641 1322 phetae:
675 1271 694 1303 ι
734 1250 968 1321 Lapides
991 1249 1163 1304 sancti
1185 1247 1481 1301 volvuntur
1504 1255 1670 1310 super
1683 1247 1887 1293 terram
1905 1236 1970 1288 ".
1985 1252 2003 1285 ι

430 1341 813 1415 investiganda
838 1342 1021 1410 itaque
1070 1346 1199 1393 sunt
1249 1335 1562 1406 diligenter,
1603 1344 1727 1400 qua:
1753 1327 1822 1383 de
1868 1341 2011 1415 uno-

432 1414 658 1499 quoque
671 1430 945 1499 praecipue
975 1436 1220 1481 veterum
1243 1425 1390 1480 dicta
1416 1431 1472 1477 et
1498 1421 1639 1475 facta
1668 1418 1779 1474 sint
1811 1434 1825 1470 :
1855 1414 2012 1470 vide-

434 1521 617 1575 bimus
652 1519 800 1575 enim
829 1520 885 1572 in
910 1518 1018 1574 illis
1049 1518 1218 1573 altum
1262 1511 1544 1583 religionis
1586 1516 1787 1564 nostra:
1806 1513 2012 1577 myste-

433 1612 598 1674 rium,
640 1611 746 1665 hoc
782 1616 867 1665 est
913 1608 1216 1671 Christum,
1263 1602 1434 1659 veluti
1468 1602 1525 1656 in
1554 1599 1693 1671 typis
1737 1598 2016 1667 sapienter

2106 497 2347 570 οὐρανῶν
2373 493 2645 565 ἀνθρώπῳ
2682 489 2909 561 ἐμπόρῳ
2927 530 2941 551 .
2975 486 3228 559 ζητοῦντι
3254 483 3452 548 καλοὺς
3484 496 3692 570 μαργίιέ

2111 563 2284 662 ρίτας.
2322 590 2418 651 ὐς
2446 563 2625 655 εύρὼν
2651 584 2750 637 Eva
2780 580 3075 649 πολύτιμον
3114 574 3460 649 μαργαρίτην
3479 614 3495 636 ,
3528 563 3700 667 ἀπελ(

2109 680 2217 734 θὼν
2247 678 2499 749 πέπρακε
2524 676 2702 729 πάντα
2728 675 2829 726 ὅσα
2851 668 2995 742 εἶχε,
3021 673 3116 723 καὶ
3155 669 3425 738 ἠγόρασεν
3451 664 3631 718 αὐτόν.
3666 680 3688 714 ι

2121 770 2440 837 Ἀναγκαῖον
2486 765 2550 838 δὴ
2576 760 2673 825 ,οὖν
2704 757 3197 834 προαναζητεῖσθαι
3240 757 3371 826 παρ’
3403 753 3563 826 ἡμῶν
3588 769 3692 806 κα-

2108 862 2233 923 λοὺς
2274 859 2639 931 μαργαρίτας.
2670 856 2991 925 Εὑρήσομεν
3026 850 3135 920 γὰρ
3175 848 3274 901 ὡδὶ
3335 846 3426 898 τὸν
3462 845 3560 897 ενα
3602 844 3695 895 καὶ

2111 953 2404 1023 πολύτιμον
2431 949 2794 1022 μαργαρίτην,
2820 944 3089 1006 τουτέστι,
3128 937 3384 1011 Χριστόν.
3413 935 3525 989 Καὶ
3549 934 3695 997 τίνες

2111 1048 2182 1102 ἂν
2210 1042 2320 1099 εἷεν
2344 1046 2392 1098 oi
2420 1043 2575 1097 καλοὶ
2614 1040 2968 1112 μαργαρῖται,
3007 1035 3098 1089 καὶ
3132 1031 3454 1101 ἁξιόληπτον
3484 1028 3697 1098 ἔχοντες

2111 1138 2303 1209 κτῆσιν
2340 1128 2415 1188 ὧν
2445 1136 2478 1205 ἡ
2513 1133 2759 1204 ζήτησις,
2787 1131 2866 1192 είς
2901 1127 3065 1198 μέσον
3098 1125 3220 1193 ἄγει
3258 1122 3351 1174 τὸν
3371 1120 3499 1209 ξένα,
3531 1117 3699 1187 φαίην

2113 1233 2179 1287 ἂν
2205 1205 2391 1300 *πάντη
2427 1245 2488 1280 τε
2523 1227 2617 1279 xat
2660 1224 2876 1284 πάντως
2915 1220 2966 1273 ot
2994 1218 3162 1285 ἆγιοι,
3208 1214 3335 1284 περὶ
3360 1205 3437 1265 ὧν
3482 1209 3699 1300 εἴρηται

2111 1326 2198 1379 διὰ
2230 1299 2513 1394 προφήτου
2560 1316 2769 1387 φωνῆς,
2817 1314 2901 1367 ὅτι
2953 1329 2972 1362 ι
3023 1308 3174 1362 Λίθοι
3214 1306 3362 1373 ἅγιοι
3408 1299 3700 1355 κυλιῶνται

2113 1417 2207 1469 ἐπὶ
2235 1389 2494 1484 τῆςήγῆς.
2542 1427 2560 1460 ι
2613 1399 3064 1460 Ἐκϐασανιστέον
3101 1398 3167 1469 δὴ
3220 1391 3314 1449 οὖν
3354 1391 3414 1446 εὖ
3446 1391 3590 1484 μάλα
3631 1389 3705 1442 τά

2115 1508 2200 1575 ἐφ’
2246 1483 2464 1573 ἑκάστῳ
2498 1500 2737 1571 μάλιστα
2775 1496 2884 1551 τῶν
2924 1489 3295 1566 ἀρχαιοτέρων
3336 1483 3602 1575 εἰρημένα

2116 1571 2208 1652 καὶ
2237 1571 2629 1668 πεπραγμένα.
2658 1583 3025 1657 Κατοψόμεθα
3046 1582 3156 1652 γὰρ
3189 1580 3247 1633 ἐν
3272 1577 3456 1638 αὺτοῖς
3482 1571 3704 1668 ’τὸ-βαθὺ

434 1700 841 1769 artificioseque
892 1697 1300 1752 adumbratum.
1348 1690 1696 1747 Inveniemus
1751 1694 2013 1758 praeterea

2130 1689 2221 1759 τῆς
2250 1664 2533 1747 εὐσεϐείας
2559 1682 2853 1754 μυστήριον
2873 1720 2886 1743 ,
2917 1676 3200 1739 τουτέστι,
3234 1669 3509 1769 Χριστὸνῖ
3536 1664 3613 1727 ὡς
3647 1664 3710 1719 έν

435 1788 609 1857 divini
650 1755 868 1842 consilii
914 1785 1205 1848 rationem,
1263 1779 1579 1836 diiﬁcultate
1617 1755 1840 1849 quidem
1879 1792 2023 1831 non-

2130 1755 2314 1842 τύποις
2366 1777 2447 1830 ἔτι
2493 1772 2673 1843 σοφῶς
2719 1771 2817 1825 καῖ
2854 1768 3115 1838 ἐντέχνως
3167 1757 3700 1833 σκιαγραφούμενον.

435 1877 589 1932 nulla
606 1878 930 1943 involutam,
945 1876 1040 1931 sed
1062 1891 1172 1930 non
1189 1874 1246 1928 in
1266 1873 1587 1927 universum
1599 1870 1891 1924 obscuram
1904 1869 2025 1939 ejus

437 1968 890 2023 declarationem.
942 1968 1018 2022 De
1062 1965 1231 2022 Jacob
1258 1964 1444 2033 itaque
1482 1976 1701 2017 rursum
1732 1974 1915 2015 sermo
1936 1959 2024 2013 in-

438 2058 717 2123 stituetur,
745 2066 802 2113 et
829 2074 938 2128 quo
962 2064 1122 2127 pacto
1144 2063 1315 2111 totam
1342 2054 1511 2109 vitam
1537 2051 1860 2122 transegerit
1896 2066 2025 2120 per-

438 2165 753 2220 sequemur,
776 2151 1052 2219 totiusque
1073 2147 1412 2210 (nconomiaa,
1430 2145 1760 2216 evangelica:
1778 2144 2023 2213 inquam,

438 2241 668 2313 ﬁguram
705 2241 879 2297 veluti
907 2242 963 2295 in
986 2241 1103 2311 ipso
1141 2239 1213 2294 ob
1252 2237 1445 2292 oculos
1464 2251 1762 2305 ponemus;
1785 2234 2026 2289 ﬂoridis-

439 2333 610 2387 simos
638 2347 886 2402 quosque
907 2331 1152 2387 historia:
1168 2333 1353 2385 ramos
1393 2329 1567 2382 instar
1593 2342 1757 2396 apum
1784 2325 2028 2395 pervoli-

443 2430 639 2483 tantes.
662 2421 886 2490 etquod
909 2421 965 2475 in
991 2421 1223 2491 singulis
1245 2418 1590 2474 conducibile
1607 2416 1794 2482 fuerit,
1821 2416 1890 2470 ad
1914 2432 2032 2471 ser-
2058 2448 2060 2450 τ

443 2513 624 2568 monis
642 2512 1061 2582 explicationem
1095 2510 1506 2565 transferentes.
1534 2507 1592 2563 Si
1626 2523 1759 2563 vero
1781 2523 1894 2562 non
1914 2523 2032 2562 om-

442 2601 534 2656 nia
564 2601 628 2655 ad
674 2599 1194 2669 contemplationem
1244 2597 1628 2663 traducuntur,
1660 2612 1821 2651 nemo
1853 2595 2032 2651 oﬂ'en-

445 2690 629 2755 datur,
693 2689 830 2744 illud
885 2704 1073 2744 secum
1112 2689 1361 2759 cogitans
1401 2687 1548 2756 quod
1599 2687 1862 2741 nonnulla
1904 2694 2035 2741 sunt

445 2781 669 2854 propria
728 2780 1134 2851 quodammodo
1161 2795 1375 2844 eorum,
1410 2779 1570 2848 118
1616 2792 1737 2847 qua:
1773 2777 2034 2832 historice

446 2873 590 2928 facta
614 2882 744 2928 sunt
785 2872 1085 2927 :nonnulla
1113 2887 1246 2927 vero
1283 2870 1349 2926 ad
1373 2870 1665 2927 interiores
1703 2884 1897 2924 sensus
1911 2883 2035 2939 per-

448 2964 644 3032 tinent,
667 2971 724 3021 et
753 2964 821 3020 ad
850 2963 1097 3036 mysterii
1126 2963 1237 3019 vim
1272 2961 1749 3018 transformamur.

521 3238 576 3294 2.
598 3237 876 3308 Scriptum
897 3239 1078 3309 itaque
1090 3253 1310 3293 rursum
1331 3245 1417 3293 est
1440 3237 1512 3292 ita
1540 3255 1553 3291 :
1580 3235 1890 3292 «Profectus
1912 3250 2045 3290 vero

454 3332 622 3388 Jacob
649 3330 785 3385 abiit
805 3330 863 3383 in
892 3337 1095 3384 terram
1118 3327 1362 3383 Orientis
1395 3327 1464 3382 ad
1501 3327 1710 3397 Laban,
1748 3326 1919 3380 ﬁlium
1940 3326 2045 3379 Ba-

460 3422 666 3477 thuelis
689 3421 832 3491 Syri,
852 3420 1078 3474 fratrem
1099 3420 1381 3483 Rebeccae,
1405 3418 1597 3473 matris
1616 3418 1784 3473 Jacoh
1810 3427 1864 3473 et
1879 3417 2043 3471 Esau:

458 3525 518 3571 et
543 3514 715 3578 videt,
743 3520 799 3566 et
818 3526 947 3566 ecce
979 3521 1179 3582 puteus
1209 3512 1266 3566 in
1311 3527 1460 3582 agro.
1510 3512 1678 3566 Erant
1723 3518 1907 3565 autem
1938 3510 2050 3565 illic

460 3616 577 3662 tres
596 3619 790 3677 greges
806 3603 992 3658 ovium
1018 3603 1427 3674 requiescentes
1448 3604 1505 3656 in
1528 3619 1613 3657 eo.
1638 3603 1773 3657 Nam
1792 3619 1861 3658 ex
1880 3613 2049 3673 puteo

460 3697 555 3755 illo
578 3695 995 3766 adaquabantur
1021 3709 1240 3764 pecora.
1264 3693 1428 3763 Lapis
1467 3702 1651 3747 autem
1677 3708 1905 3764 magnus
1933 3701 2053 3748 erat

462 3807 630 3861 super
661 3806 723 3846 os
750 3789 924 3861 putei,
955 3798 1012 3844 et
1058 3787 1533 3858 congregabantur
1581 3787 1695 3842 illic
1727 3789 1910 3843 omnia
1950 3804 2050 3858 pe-

463 3899 611 3949 cora,
661 3891 718 3937 et
749 3881 1106 3939 revolvebant
1142 3878 1381 3950 lapidem
1422 3879 1491 3935 ah
1511 3880 1807 3949 ore'putei,
1855 3888 1908 3936 el.
1949 3879 2051 3935 ad-

463 3975 737 4045 aquabant
766 3990 916 4041 oves,
958 3982 1014 4029 et
1053 3988 1277 4029 rursum
1321 3972 1662 4043 reponebam
1689 3972 1928 4043 lapidem
1955 3988 2053 4028 su-

463 4082 646 4137 peros
682 4067 833 4136 putei
871 4069 929 4121 in
972 4067 1155 4121 locum
1204 4081 1387 4121 suum.
1431 4066 1580 4120 Dixit
1617 4072 1802 4121 autem
1838 4067 1946 4122 illis
1963 4066 2055 4123 Ja-

2126 1872 2446 1943 Εὑρήσομεν
2473 1867 2529 1920 δὲ
2561 1864 2697 1936 πρὸς
2720 1862 2914 1931 τούτῳ,
2953 1858 3048 1912 καὶ
3072 1856 3170 1927 τὴν
3208 1856 3265 1907 ἐν
3293 1848 3443 1921 αὺτῷ
3480 1845 3712 1943 νοουμέ-

2125 1938 2229 2032 νην*
2242 1938 2554 2030 οἰκονομίαν
2573 2000 2588 2025 ,
2617 1954 2909 2022 άσαφείαις
2947 1950 3047 2022 μέν
3082 1963 3191 2001 τισι
3214 1938 3711 2032 κατεσκιασμένην,

2128 2030 2265 2126 πλὴν
2298 2055 2400 2107 οὐκ
2435 2053 2516 2115 είς
2543 2051 2688 2104 ἅπαν
2726 2042 3024 2115 άσυμφανῆ
3055 2041 3154 2110 τὴν
3187 2033 3529 2126 παράδειξιν.
3567 2030 3716 2126 i190-

2126 2121 2368 2201 κείσεται
2394 2144 2451 2197 δὲ
2482 2142 2560 2213 τῷ
2588 2140 2733 2209 λόγῳ
2764 2137 2858 2190 καὶ
2888 2134 3006 2199 νῦν,
3033 2132 3104 2185 τά
3130 2129 3269 2184 κατὰ
3305 2127 3398 2180 τὸν
3425 2121 3718 2177 θεσπέσιον

2141 2234 2359 2300 Ἰακὼϐ,
2387 2235 2533 2295 ὅπως
2559 2246 2621 2283 τε
2644 2229 2736 2283 καὶ
2768 2226 2888 2280 τίνα
2917 2226 3120 2296 τρόπον
3152 2219 3370 2283 διεϐίω,
3412 2214 3715 2279 λελέξεται.

2131 2331 2238 2383 Καὶ
2261 2328 2321 2381 τὸ
2348 2325 2535 2396 σχῆμα
2573 2323 2672 2392 τῆς
2708 2320 2839 2389 ὅλης
2869 2314 3201 2385 οἰκονομίας,
3230 2309 3374 2382 φημὶ
3400 2307 3467 2377 δὴ
3495 2305 3594 2374 τῆς
3622 2303 3722 2356 εὖ·

2130 2418 2444 2491 αγγελικῆς,
2474 2416 2549 2479 ὡς
2575 2416 2633 2467 ἐν
2664 2411 2815 2482 αύτῷ
2852 2408 3220 2478 διαδείξομεν,
3250 2402 3318 2457 τὰ
3348 2402 3447 2471 τῆς
3475 2396 3722 2491 ίστορίας

2131 2484 2497 2567 εύανθέστατα
2535 2503 2799 2578 μελιττῶν
2843 2501 3000 2570 δίκην
3042 2493 3465 2567 περιιπτάμενοι
3487 2531 3501 2554 ,
3532 2486 3628 2540 καὶ
3657 2484 3728 2538 τδ

2133 2605 2215 2673 ἐφ’
2239 2603 2471 2656 ἑκάστου
2503 2599 2797 2684 χρήσιμον,
2831 2593 2912 2655 εἰς
2943 2590 3041 2684 την
3070 2587 3163 2684 τού
3199 2579 3724 2684 λόγου-διαλσάφησιν

2135 2665 2567 2761 συναγείροντες..
2598 2665 2691 2740 -Εῑ
2735 2684 2792 2737 δὲ
2830 2682 2895 2751 δὴ
2954 2678 3029 2751 μὴ
3073 2677 3252 2731 πάντα
3293 2675 3415 2735 ταῖς
3464 2665 3728 2761 θεωρίαις

2134 2757 2457 2854 εἰσκρινοιτο
2488 2777 2556 2831 τὰ
2581 2775 2712 2846 περὶ⁵
2738 2771 2902 2827 αὑτοῦ
2931 2767 3316 2840 γεγραμμένα,
3349 2757 3731 2854 χαλεπαινέτω

2139 2849 2348 2947 μηδεὶς,
2377 2872 2551 2925 ἐκεῖνο
2584 2863 3060 2935 διενθυμούμενος,
3090 2858 3167 2921 ὡς
3195 2855 3263 2910 τὰ
3304 2855 3403 2947 μέν
3435 2856 3581 2947 ἐστιν
3605 2849 3735 2947 ⁸ῐδια.

2136 2936 2336 3035 τρόπον
2365 2959 2507 3023 τινὰ,
2534 2957 2642 3011 τῶν
2673 2950 2962 3023 ίστορικῶς
2993 2947 3319 3018 γεγονότων,
3349 2942 3419 2996 τά
3447 2942 3504 2995 δὲ
3534 2939 3629 2992 καὶ
3659 2936 3729 2991 δι’

2138 3032 2359 3110 ἐννοιῶν
2385 3052 2492 3106 τῶν
2526 3048 2785 3103 ἐσωτάτω
2813 3044 3000 3115 χωρεῖ,
3034 3041 3128 3095 καὶ
3161 3041 3240 3102 είς
3267 3036 3367 3108 τὴν
3393 3032 3488 3089 τοῦ
3524 3046 3736 3104 μυστη-
3794 3036 3801 3045 ’

2060 3114 2107 3176 C
2147 3148 2262 3220 ρίου
2292 3140 2687 3216 διαμορφοῦται
2714 3114 2966 3206 δύναμιν.

2218 3238 2282 3309 β’.
2311 3213 2626 3307 Γέγραπται
2654 3230 2832 3285 τοίνυν
2874 3226 2970 3279 ὡδὶ
3000 3224 3182 3286 πάλιν,
3214 3219 3356 3276 «Καὶ
3383 3215 3585 3309 ἐξάρας
3623 3213 3736 3309 ’Ῑας

2146 3304 2261 3382 κωϐ
2295 3304 2438 3388 τοὺς-
2454 3323 2621 3386 πόδας
2641 3359 2658 3387 ,
2687 3317 2959 3390 ἐπορεύθη
2997 3317 3076 3377 εἰς
3109 3314 3211 3381 γῆν
3245 3305 3541 3370 ἀνατολῶν,
3591 3304 3737 3375 πρὸς

2148 3416 2333 3472 Δάϐαν
2378 3415 2469 3468 τὸν
2507 3412 2621 3467 υἱὸν
2676 3408 2923 3478 Βαθουὴλ
2969 3403 3064 3457 τοῦ
3128 3400 3336 3470 Σύρου,
3391 3394 3622 3464 άδελφδν
3683 3392 3740 3448 δὲ

2160 3509 2453 3570 Ῥεϐέκκας
2491 3503 2700 3577 μητρὸς
2737 3497 2932 3554 Ἰακὼϐ
2971 3495 3066 3550 καὶ
3107 3490 3302 3546 Ἠσαῦ.
3334 3487 3445 3542 Kal.
3477 3487 3603 3577 ὁρᾷ,
3642 3484 3739 3537 καὶ

2154 3602 2260 3656 ἰδοὺ
2292 3598 2470 3670 φρέαρ
2493 3597 2548 3649 ἐν
2579 3593 2655 3664 τῷ
2684 3591 2871 3662 πεδίῳ.
2901 3588 3012 3642 Kal
3034 3580 3174 3657 ἦσαν
3201 3584 3318 3635 ἐκεῖ
3345 3579 3474 3650 τρία
3502 3576 3740 3670 ποίμνια

2151 3663 2453 3766 προϐάτων-
2487 3684 2877 3753 ἀναπαυόμενα
2929 3678 3016 3732 ἐπ’
3072 3674 3260 3729 αὐτοῦ.
3321 3672 3421 3727 Ἐκ
3453 3663 3737 3766 Δγςῖιρμτρΐὶ

2152 3752 2385 3858 φρέατος
2423 3779 2630 3834 ἐκείνου
2673 3752 2920 3835 ἐπότιζον
2967 3768 3037 3823 τά
3085 3766 3337 3835 ποίμνια.
3380 3757 3641 3858 Λίθοςδὲ
3673 3752 3740 3827 ἦν

2156 3850 2329 3950 μέγας
2366 3873 2459 3927 ἐπὶ
2483 3870 2562 3941 τῷ
2598 3867 2828 3937 στόματι
2870 3859 2966 3915 τοῦ
3007 3858 3264 3950 φρέατος,
3302 3852 3395 3950 καί.
3440 3850 3741 3950 συινήγοντρ

2153 3936 2269 4021 έκεῖ
2299 3936 2476 4018 πάντα
2515 3936 2583 4012 τὰ
2612 3936 2859 4025 ποίμνια,
2883 3951 2979 4006 καὶ
3017 3945 3311 4002 άπεκύλιον
3339 3943 3430 3996 τὸν
3460 3940 3610 3993 λίθον
3633 3936 3743 3992 ἀπὸ

2152 4058 2245 4113 τοῦ
2273 4056 2535 4127 στόματος
2556 4049 2651 4104 τοῦ
2674 4041 2907 4119 φρέατος
2926 4085 2941 4109 ,
2967 4042 3061 4095 καλ⁵
3087 4040 3338 4102 ἐπότιςον
3372 4034 3448 4127 τά
3467 4029 3739 4127 πρόϐατα,

465 4157 601 4209 cob:
628 4156 868 4221 Fratres,
900 4157 1046 4212 unde
1075 4157 1211 4212 estis
1239 4157 1373 4211 vos?
1402 4157 1486 4210 llli
1524 4166 1708 4211 autem
1748 4121 2008 4213 dixerunt

2154 4151 2248 4204 καὶ
2268 4121 2651 4201 ἀποκαθίστων
2671 4139 2761 4194 τὸν
2783 4136 2929 4190 λίθον
2957 4134 3051 4189 ἐπὶ
3072 4131 3136 4184 τὸ
3162 4130 3334 4199 στόμα
3358 4123 3452 4221 τού
3468 4121 3737 4221 φρέατος,

466 4247 548 4300 Ex
573 4211 960 4300 CbarrariIAit
999 4211 1181 4301 autem
1208 4248 1318 4302 illis
1355 4266 1369 4301 :
1417 4246 1696 4315 Numquid
1726 4211 2024 4317 cognosciti

2155 4243 2233 4305 εἰς
2269 4240 2358 4292 τὸν
2381 4237 2546 4290 τόπον
2580 4231 2765 4288 αὑτοῦ.
2804 4224 2941 4281 Εἷπε
2976 4225 3033 4278 δὲ
3068 4223 3252 4283 αὐτοῖς
3297 4214 3519 4271 Ἰακώϐ·
3560 4211 3743 4265 Ἀδελ-

471 4337 658 4392 Lahan
690 4338 861 4416 tilium
886 4334 1139 4392 Nachor?
1182 4337 1264 4391 llli
1302 4345 1483 4392 autem
1518 4306 1823 4392 diiterunt:
1844 4336 2028 4406 (Ζοψο

2157 4333 2267 4402 φοὶ,
2292 4330 2454 4385 πόθεν
2477 4326 2601 4380 ἐστὲ
2627 4326 2818 4392 ύμεῖς;
2847 4323 2911 4373 Ol.
2936 4319 2993 4372 δὲ
3016 4312 3188 4379 εἶπον,
3217 4314 3280 4364 ὲκ
3301 4306 3740 4416 Χαρράνὶέσμξν.

444 4431 697 4517 τρίπους.
746 4413 840 4484 Ait
860 4437 1043 4482 autem
1076 4428 1233 4482 illis:
1281 4428 1448 4483 Estne
1491 4427 1697 4483 sanus?
1732 4426 1817 4485 Illi
1867 4395 2028 4482 auvten

2168 4395 2226 4479 i0
2256 4423 2313 4477 δέ
2343 4416 2496 4474 εἶπεν
2519 4416 2703 4477 αὐτοῖς
2723 4428 2736 4444 ⁶
2771 4410 3077 4466 Γινώσκετε
3124 4404 3307 4459 Λάϐαν
3339 4400 3430 4454 τὸν
3473 4398 3588 4451 υίὸν
3622 4395 3740 4448 Ναν-

2350 4514 2393 4517 “
2439 4513 2475 4517 --
2547 4506 2572 4517 ο
2732 4507 2772 4517 -
2847 4505 2861 4517 ι
3235 4497 3281 4517 ιιι
3323 4489 3472 4517 -τ---.
3516 4490 3737 4517 -.ο.--τ-.

472 4521 769 4576 dixerunt:
798 4521 975 4575 Sanus
999 4527 1102 4575 est.
1122 4520 1192 4576 Et
1219 4535 1347 4575 ecce
1377 4520 1583 4576 Rachel
1617 4520 1727 4575 ﬁlia
1756 4520 1877 4590 ejus
1898 4519 2024 4574 veni

2149 4517 2296 4590 χώρ;
2337 4514 2400 4567 Οἱ
2434 4513 2491 4565 δέ
2521 4506 2700 4563 εἷπον·
2732 4505 3100 4573 Γινώσκομεν.
3146 4500 3205 4551 ὐ
3231 4497 3288 4551 δὲ
3320 4489 3472 4547 εἶπεν
3513 4490 3737 4590 αὐτοῖς

474 4627 597 4666 cum
625 4612 824 4665 ovibus
851 4610 1023 4679 patris
1067 4611 1175 4665 sui.
1225 4612 1291 4666 Et
1318 4611 1457 4665 dixit
1498 4610 1579 4665 eis
1604 4577 1817 4666 Jacob':
1858 4609 2028 4670 Adhw

2154 4577 2460 4679 τΥγιαίνεη
2486 4604 2535 4655 oi
2563 4602 2618 4654 δὲ
2656 4594 3134 4661 εἷπον-Ὑγιαίνει.
3164 4588 3288 4679 ,Καὶ
3320 4585 3437 4679 ἰδοὺ.
3467 4580 3674 4679 Ῥαχὴλ

474 4703 707 4757 multum
732 4699 842 4755 diei
867 4708 1138 4770 superest,
1160 4716 1262 4755 nec
1285 4710 1369 4754 est
1400 4708 1615 4769 tempus
1632 4708 1694 4754 ut
1725 4699 2026 4756 reducantu

2155 4667 2400 4767 θυγάτηρ
2448 4667 2618 4748 αὺτοῦ
2672 4689 2871 4758 ἦρχετο
2921 4682 3057 4755 μετὰ
3104 4678 3213 4733 τῶν
3267 4675 3577 4770 προϐάτων.
3633 4667 3743 4770 Kal.

474 4795 539 4849 ad
564 4794 748 4850 caulas
770 4761 977 4864 greges.
997 4761 1278 4860 Adaquate
1301 4805 1451 4855 oves,
1470 4761 1530 4845 et
1541 4791 1808 4845 abeuntes
1828 4791 2028 4860 pascite

2156 4761 2307 4843 εἶπεν
2351 4761 2590 4839 ’Ἰακὼϐο
2618 4782 2740 4833 Ἔτι
2769 4776 2914 4830 ἐστὶν
2959 4774 3143 4847 ἡμέρα
3187 4767 3377 4838 πολλὴ,
3415 4764 3587 4864 ὀὔπω
3623 4761 3741 4864 ὥρα

444 4884 578 4954 Ὀυι
622 4888 912 4943 dixerunt:
956 4884 1074 4940 Non
1126 4899 1414 4955 possemus
1452 4884 1629 4939 donec
1658 4895 2021 4955 congregentu

2160 4877 2493 4948 συναχθῆναι
2539 4871 2607 4925 τὰ
2649 4870 2840 4941 κτήνη.
2890 4864 3153 4920 Ποτίσατε
3200 4858 3270 4912 τὰ
3322 4854 3606 4955 πρόϐατα,
3637 4848 3740 4955 ’καὶ

475 4994 667 5034 omnes
695 4986 962 5049 pastores,
1017 4983 1073 5032 et
1123 4975 1407 5029 revolvant
1431 4973 1666 5045 lapidem
1694 4989 1725 5029 a
1766 4983 1950 5044 puteo,
2005 4990 2028 5029 ε

2160 4941 2485 5031 ἀπελθόντες
2516 4965 2761 5036 βόσκετε.
2781 4961 2846 5013 Οί
2868 4958 2923 5011 δὲ
2952 4951 3135 5009 εἶπον⁸
3162 4952 3237 5004 Οὺ
3272 4943 3614 5049 δυνησόμεθα
3637 4941 3741 5000 ἓως

477 5035 811 5143 adaquemus
830 5035 978 5125 oves.
1007 5069 1201 5124 Adhuc
1238 5083 1305 5122 eo
1338 5035 1597 5137 loquente
1632 5035 1914 5132 illis,-ecce
1937 5035 2027 5122 vita

2160 5062 2255 5117 τοῦ
2290 5057 2620 5131 συναχθῆναι
2664 5054 2872 5112 πάντας
2913 5048 3039 5109 τοὺς
3073 5042 3363 5112 ποιμένας,
3402 5037 3499 5143 καὶ
3530 5035 3740 5143 armatu:

478 5119 612 5221 chelI
625 5163 732 5218 ﬁlia
765 5160 950 5216 Lahan
965 5158 1222 5214 veniebat
1244 5173 1369 5213 cum
1396 5119 1594 5212 ovibus
1615 5157 1785 5228 patris
1805 5156 1912 5212 sui.
1934 5157 2027 5212 Ha:

2161 5155 2366 5207 λίσουσι
2396 5119 2485 5204 τίν
2515 5119 2660 5200 λίθον
2689 5143 2796 5197 ἀπὸ
2820 5139 2912 5194 τοῦ
2947 5138 3214 5207 στόματος
3247 5130 3342 5184 τοῦ
3372 5126 3623 5199 φρέατος,
3647 5119 3740 5228 καῖ.

479 5258 625 5311 enim
653 5254 911 5325 pascebat
930 5268 1061 5307 oves
1088 5251 1259 5322 patris
1297 5251 1400 5306 sui.
1442 5250 1664 5305 Factum
1684 5256 1770 5305 est
1794 5258 1976 5304 autem
2000 5266 2028 5304 u

2164 5244 2455 5315 ποτιοῦμεν
2486 5239 2646 5294 αὑτά.
2701 5236 2822 5289 Ἔτι
2867 5229 3031 5285 αὑτοῦ
3072 5224 3358 5284 λαλοῦντος
3397 5219 3611 5279 αὐτοῖς,
3647 5210 3740 5264 καὶ

2990 5324 2995 5325 ,
3319 5314 3328 5324 ,
3432 5311 3457 5323 ,,
3590 5305 3711 5325 ΠΜ

478 5305 804 5404 γλιεωῖιοοδ
819 5305 1217 5401 Hieracis...
1245 5305 1436 5399 Libat:
1476 5342 1661 5396 fratris
1698 5341 1889 5397 matris
1922 5357 2028 5397 sua!

2175 5305 2372 5408 Ῥαχὴλ
2402 5338 2435 5406 ἡ
2470 5332 2716 5401 θυγάτηρ
2747 5327 2930 5383 Λάϐαν
2972 5324 3172 5394 ἦρχετο
3206 5314 3344 5408 μετὰ
3390 5311 3499 5408 των
3534 5305 3739 5408 προϐά-

481 5450 539 5496 et
572 5439 840 5495 accedens
885 5436 1116 5491 revolvit
1150 5435 1388 5505 lapidem
1423 5433 1493 5489 ab
1519 5449 1616 5487 ore
1650 5432 1823 5503 putei,
1871 5439 1927 5487 et
1967 5432 2028 5488 ad

2161 5397 2388 5484 τωνῗτοῦ
2415 5397 2622 5495 πατρὸς
2650 5397 2839 5490 αὑτῆς.
2872 5415 3021 5484 Αὕτη
3053 5411 3161 5481 γὰρ
3185 5406 3374 5505 ἔϐοσκε
3401 5402 3470 5455 τὰ.
3493 5397 3742 5505 πρόϐατα

485 5531 706 5601 aquavit
730 5543 861 5583 oves
888 5527 1072 5582 Laban
1095 5489 1281 5580 fratris
1307 5525 1496 5580 matris
1525 5489 1667 5578 suae:
1695 5523 1763 5577 Et
1783 5522 2028 5578 osculatu

2164 5522 2257 5577 τοῦ
2292 5520 2501 5592 πατρὸς
2534 5489 2728 5587 αὐτῆς.
2769 5489 3016 5580 Ἐγένετο
3041 5506 3097 5561 δὲ
3125 5505 3201 5567 ὼς
3248 5497 3355 5555 εἷδσ
3404 5491 3596 5549 Ἰακὼϐ
3637 5489 3744 5562 τὴν

550 5712 602 5783 ξ’
637 5708 829 5764 Matth.
856 5723 969 5773 xm,
1004 5708 1086 5773 ’55,
1117 5706 1201 5762 46.
1277 5708 1323 5740 ⁸³
1358 5705 1588 5763 Zachar,
1617 5723 1693 5776 ις,
1721 5705 1806 5761 ιθ,
