4074 6260
390 386 491 449 193

1411 354 1934 443 cmuvnonuu
1973 383 2042 441 IN
2081 384 2382 443 GENESIM
2427 384 2557 442 ΜΒ.
2598 386 2687 442 1v.

3554 218 3601 261 0

3553 399 3658 458 196

397 506 609 580 Ῥαχὴλ
638 492 919 575 θυγατέρα
945 500 1125 558 Λάϐαν
1159 496 1386 571 ἀδελφοῦ
1410 503 1512 574 τῆς
1549 505 1757 576 μητρὸς
1770 502 1964 569 ἀύτοῦ,

2072 511 2157 557 est
2179 501 2349 558 Jacob
2369 485 2572 557 Rachel
2604 520 2617 556 :
2641 512 2697 559 et
2730 503 2974 559 clamans
2998 519 3129 561 voce
3153 520 3272 574 sua,
3300 505 3469 575 flevit,
3495 520 3551 566 et
3567 513 3657 569 iu-

390 600 489 651 καὶ
515 594 834 667 προσελθὼν
853 593 1143 647 ἀπεκύλισε
1164 592 1255 647 τὸν
1280 592 1427 646 λίθον
1460 593 1568 647 ἀπὸ
1591 595 1685 647 τοῦ
1711 595 1979 664 στόματος

391 686 493 741 τοῦ
525 686 793 756 φρέατος,
831 684 920 737 καὶ
972 683 1186 736 ἐπότισε
1232 683 1300 736 τά
1350 685 1598 755 πρόϐατα
1647 683 1833 738 Δάϐαν
1882 683 1977 737 τοῦ

360 834 367 839 _
396 774 632 844 ἀδελφοῦ
655 774 753 845 τῆς
781 774 984 844 μητρὸς
1013 771 1198 827 αὑτοῦ.
1228 776 1339 828 Καὶ
1363 775 1620 843 ἐφίλησεν
1654 773 1849 828 Ἰακὼϐ
1878 774 1979 844 τὴν

370 846 379 912 Ῠ
410 866 631 935 Ῥαχὴλ,
679 863 770 917 καί
806 864 1003 935 βοήσας
1032 866 1098 934 τῇ
1142 867 1293 935 φωνῇ
1336 864 1502 918 αὑτοῦ
1524 906 1539 930 ,
1575 865 1839 933 έκλαυσε,
1884 868 1979 920 καὶ

401 956 695 1029 ἀπήγγειλε
723 959 789 1026 τῇ
830 955 1029 1026 Ῥαχὴλ
1054 957 1139 1008 ὃτι
1173 956 1489 1025 ἀδελφιδοῦς
1517 958 1614 1013 τοῦ
1647 960 1851 1030 πατρὸς
1880 960 1977 1013 d6-

396 1050 509 1118 τῆς,
567 1049 660 1100 καὶ
701 1048 783 1101 ὃτι
820 1046 934 1109 υίὸς
1003 1046 1300 1111 Ῥεϐέκκας
1333 1048 1473 1102 ἐστι.
1531 1049 1642 1103 Καὶ
1686 1050 1974 1121 δραμοῦσα

348 1179 356 1187 .
391 1138 689 1209 ἀπήγγειλε
721 1136 798 1208 τῷ
833 1138 1005 1209 πατρὶ
1037 1139 1229 1208 αὐτῆς,
1261 1139 1401 1193 κατὰ
1430 1144 1497 1193 τὰ
1528 1142 1747 1212 ῥήματα
1780 1142 1973 1196 ταῦτα.

404 1228 645 1296 Ἐγένετο
682 1227 739 1280 δὲ
768 1227 844 1291 ὡς
888 1228 1087 1298 ἧκουσε
1115 1226 1300 1281 Λάϐαν
1340 1229 1399 1280 τὸ
1435 1227 1604 1298 ὄνομα
1650 1227 1842 1281 Ἰακὼϐ
1880 1228 1974 1282 τοῦ

391 1318 509 1371 υἱοῦ
535 1319 634 1389 τῆς
662 1318 899 1388 ἀδελφῆς
928 1316 1118 1380 αὐτοῦ,
1152 1318 1381 1389 ἔδραμεν
1406 1319 1485 1382 είς
1516 1319 1842 1390 συνάντησιν
1872 1321 1974 1373 αύ-

389 1407 504 1471 τοῦ,
534 1409 630 1461 καὶ
656 1406 970 1479 περιλαϐὼν
989 1407 1174 1473 αὑτὸν,
1190 1407 1431 1477 ἐφίλησε,
1456 1409 1549 1460 καὶ
1569 1409 1864 1479 εἰσήγαγεν
1886 1409 1977 1463 αύ-

390 1496 482 1551 τὺν
533 1498 614 1560 είς
651 1496 742 1550 τὸν
776 1492 927 1553 οἶκον
974 1495 1167 1561 αὑτοῦ,
1211 1498 1303 1550 καί⁵
1333 1497 1626 1568 διηγήσατο
1664 1499 1741 1567 τῷ
1788 1498 1974 1554 Λάϐαν

395 1586 606 1648 πάντας
639 1587 765 1646 τοὺς
794 1586 990 1655 λόγους
1021 1586 1263 1648 τούτους,
1295 1588 1388 1639 καὶ
1416 1582 1566 1639 εἶπεν
1591 1588 1740 1658 αὐτῷ
1760 1589 1968 1642 Λάϐαν-

400 1697 421 1730 ο
444 1680 542 1731 Ἐκ
561 1677 669 1730 τῶν
698 1677 870 1731 ὀστῶν
897 1695 996 1748 μου
1020 1680 1110 1731 καὶ
1129 1680 1191 1731 ὲκ
1212 1680 1320 1733 τῶν
1350 1680 1567 1752 σαρκῶν
1592 1677 1642 1733 εἷ
1663 1681 1749 1734 σύ.
1765 1700 1783 1732 ι
1817 1680 1972 1735 Μετά

396 1769 497 1837 τὴν
553 1767 825 1838 ἐξαίρετον
874 1768 1087 1838 ἐκείνην
1137 1767 1395 1823 θεοπτίαν
1451 1772 1547 1823 καὶ
1597 1770 1967 1840 ἀποκάλυψιν·

2080 594 2283 651 dicavit
2324 594 2549 659 Rachel,
2577 594 2723 664 quod
2779 594 2947 650 frater
2990 588 3160 666 patris
3181 598 3263 652 sui
3302 607 3405 664 est,
3426 609 3481 655 et
3507 601 3659 671 quod

2079 685 2225 741 ﬁlius
2253 685 2517 742 Rebeccae
2539 693 2622 739 est
2650 703 2662 738 :
2697 694 2755 739 et
2786 700 3018 741 currens
3051 687 3323 743 nuntiavit
3350 691 3490 760 patri
3532 708 3656 755 suo,

2079 779 2384 835 secundum
2406 778 2575 834 verba
2597 779 2731 834 haec.
2756 780 2980 834 Factum
3017 790 3101 834 est
3122 793 3326 847 autem,
3356 792 3417 838 ut
3448 784 3658 839 audivit

2077 870 2263 925 Laban
2281 886 2479 926 nomen
2501 870 2669 926 Jacob
2701 870 2800 925 lilii
2823 872 3030 925 sororis
3054 888 3185 937 sum,
3208 875 3453 928 cucurrit
3480 875 3536 930 in
3565 891 3661 930 oc-

2077 977 2301 1017 cursum
2327 964 2465 1032 ejus,
2485 969 2542 1015 et
2559 963 2877 1033 complexus
2891 979 3018 1017 eum
3047 965 3326 1020 osculatus
3355 975 3459 1032 est,
3491 978 3547 1022 et
3568 968 3655 1022 in.

2076 1050 2231 1105 duxit
2256 1051 2412 1105 illum
2439 1051 2495 1105 in
2532 1050 2754 1105 domum
2780 1067 2957 1116 suam,
2983 1060 3038 1115 et
3062 1054 3305 1109 narravit
3323 1056 3506 1110 Lahau
3539 1072 3659 1111 om-

2073 1139 2164 1195 nia
2190 1140 2358 1195 verba
2391 1140 2526 1195 hazc.
2548 1141 2618 1195 Et
2637 1141 2773 1195 dixit
2801 1141 2853 1196 ei
2891 1142 3112 1198 Laban:
3140 1145 3221 1198 Ex
3244 1146 3464 1201 ossibus
3495 1148 3653 1211 meis,

2074 1239 2131 1285 et
2152 1247 2220 1286 ex
2248 1237 2413 1287 carne
2452 1248 2573 1288 mea
2592 1248 2654 1288 es
2679 1242 2738 1288 tu
2760 1235 2830 1287 ”.
2871 1254 2890 1286 ι
2940 1235 3068 1290 Post
3094 1237 3349 1291 eximiam
3374 1238 3520 1292 illam
3556 1239 3652 1297 Dei

2073 1322 2344 1378 visionem
2402 1334 2567 1395 atque
2612 1326 3002 1380 revelationem
3045 1327 3204 1398 (vidit
3253 1330 3398 1384 enim
3448 1331 3653 1385 scalam

2073 1414 2474 1485 pertingentem
2521 1415 2590 1470 ad
2634 1416 2855 1487 coelum,
2904 1424 3136 1472 stantem
3185 1434 3317 1473 vero
3344 1421 3399 1474 in
3434 1436 3499 1475 ea
3543 1421 3654 1476 Do-

2073 1505 2303 1570 minum,
2336 1515 2391 1561 et
2423 1523 2642 1562 sursum
2699 1524 2764 1563 ac
2802 1509 3060 1564 deorsum
3118 1523 3501 1581 percurrentes
3550 1530 3650 1568 an-

2070 1594 2245 1663 gelos,
2271 1595 2431 1665 119
2458 1597 2777 1666 audivitque
2812 1598 3122 1663 manifeste,
3170 1601 3319 1669 quod
3359 1602 3500 1657 Deus
3549 1604 3653 1674 ipsi

2069 1692 2216 1739 esset
2257 1684 2566 1751 adfuturus,
2611 1687 2868 1757 quodque
2906 1688 2961 1743 in
2995 1689 3315 1745 immensam
3342 1694 3652 1749 multitudi-

2068 1790 2193 1830 nem
2226 1777 2556 1847 populorum
2601 1794 2788 1833 semen
2832 1793 2992 1833 suum
3036 1793 3437 1852 propagaturus
3458 1786 3650 1857 esset),

396 1858 645 1912 τεθέαται
672 1859 769 1929 μὲν
794 1858 903 1931 γὰρ
928 1859 1174 1930 κλίμακα
1200 1859 1492 1930 διήκουσαν
1515 1864 1593 1923 εἰς
1614 1862 1703 1916 τὸν
1724 1865 1784 1916 οὐ
1794 1863 1964 1934 ρανὸν,

2075 1876 2260 1921 erecto
2292 1867 2473 1937 lapide
2506 1868 2563 1923 in
2590 1878 2779 1939 typum
2810 1868 3015 1925 Christi
3043 1889 3057 1924 :
3081 1881 3212 1927 tunc
3241 1873 3460 1929 demum
3496 1855 3652 1933 ﬁrma

394 1950 676 2020 ἐφεστῶτα
714 1951 771 2003 δὲ
797 1951 887 2005 τὸν
916 1951 1124 2022 Κύριον
1156 1952 1242 2004 ἐπ’
1278 1952 1484 2021 αὐτῆς,
1528 1955 1622 2007 καί
1655 1954 1768 2008 ἀνω
1794 1972 1850 2009 τε
1880 1956 1971 2009 καί

390 2041 541 2094 κάτω
571 2041 892 2105 διαθεόντας
930 2044 1057 2106 τοὺς
1088 2042 1355 2110 ἀγγέλους
1379 2083 1394 2107 ,
1426 2044 1625 2113 ἢκουσέ
1656 2062 1713 2098 τε
1753 2046 1932 2114 σαφῶς
1952 2088 1968 2113 ,

389 2131 474 2183 ὃτι
497 2132 594 2184 καὶ
621 2131 876 2185 συνέσται
907 2131 1041 2194 Θεὸς
1066 2132 1235 2202 αὐτῷ,
1269 2132 1361 2185 καὶ
1389 2135 1465 2197 είς
1495 2134 1702 2205 πληθὺν
1729 2137 1968 2209 ἀμέτρηο

389 2238 485 2275 τον
518 2220 761 2275 ἀπλώσει
789 2221 933 2274 λαῶν
974 2222 1036 2275 τὸ
1074 2223 1300 2293 σπέρμα
1338 2223 1524 2277 αὑτοῦ.
1555 2226 1709 2280 Μετά
1750 2227 1809 2280 τὸ
1837 2228 1968 2281 ἀνα-

389 2311 666 2381 στηλῶσαι
688 2312 781 2367 τὸν
809 2312 953 2365 λίθον
983 2313 1063 2375 είς
1099 2312 1266 2366 τύπον
1287 2314 1546 2385 Χριστοῦ,
1580 2316 1701 2369 τότε
1732 2318 1821 2389 δὴ,
1847 2319 1970 2372 τότε

358 2401 824 2473 -τεθαρρηκότως,
858 2403 951 2455 καὶ
988 2403 1388 2475 ἐρηρεισμένην
1418 2404 1558 2475 έχων
1585 2408 1679 2461 ἐπὶ
1709 2408 1830 2480 Θεῷ
1870 2409 1969 2481 τὴν

386 2490 481 2545 ἐπὶ
510 2495 622 2556 τοῖς
659 2493 941 2563 ἐσομένοις
970 2494 1162 2547 ἐλπίδα
1182 2535 1198 2559 ,
1234 2496 1369 2566 πρὸς
1397 2497 1487 2551 τὸν
1516 2502 1616 2569 τῆς
1663 2499 1969 2570 ἀποδημίας

389 2581 590 2636 σκοπὸν
622 2582 977 2646 συντείνεται,
1005 2585 1099 2637 καὶ
1130 2585 1210 2648 είς
1238 2585 1342 2655 γῆν
1378 2586 1687 2657 ἀφικνεῖται
1714 2590 1811 2662 τὴν
1832 2591 1969 2662 πρὸς

388 2673 471 2745 ἠῶ
500 2674 780 2745 κειμένην.
806 2676 918 2729 Καὶ
945 2675 1221 2749 γνώριμον
1243 2678 1404 2743 εὐθὺς
1436 2680 1756 2754 καθίστησιν
1777 2684 1969 2739 ἑαυτὸν

389 2767 604 2830 πολλοῖς
647 2768 746 2837 μὲν
786 2768 1073 2839 ποιμέσιν,
1122 2769 1198 2832 ὼς
1243 2770 1327 2841 εἴη
1378 2789 1465 2836 τις
1509 2774 1604 2826 καὶ
1650 2776 1814 2839 αὐτὸς
1859 2776 1966 2833 τῶν

389 2858 528 2927 ἄγαν
555 2860 948 2931 ἐξησκημένων
974 2862 1055 2924 εἰς
1080 2878 1168 2915 ποι
1178 2865 1463 2932 μαντικήν.
1508 2865 1780 2938 Ἐντριϐὲς
1805 2867 1861 2920 δὲ
1884 2869 1966 2923 ὅτι

391 2951 579 3022 χρῆμα
605 2952 755 3023 αὐτῷ
785 2954 1017 3025 φανερὸν
1049 2954 1339 3024 καθίστησι
1375 2954 1545 3024 λέγων
1564 2973 1576 2986 ·
1607 2975 1627 3009 ι
1668 2959 1789 3012 Ἔτι
1819 2961 1966 3015 ἐστὶν

391 3041 575 3112 ἡμέρα
621 3041 808 3112 πολλή.
866 3042 983 3095 Νῦν
1042 3038 1134 3096 οὖν
1197 3044 1519 3108 ποτίσαντες
1566 3047 1633 3100 τὰ
1680 3047 1962 3117 πρόϐατα,

392 3132 720 3195 ἀπελθόντες
751 3131 994 3203 βόσκετε.
1031 3150 1051 3185 ο
1077 3131 1408 3204 Γνωρίζεται
1435 3134 1492 3188 δὲ
1519 3135 1613 3188 καὶ
1635 3138 1700 3206 τῇ
1733 3135 1826 3189 τοῦ
1851 3136 1964 3190 Λά-

390 3221 493 3277 ϐαν
528 3222 754 3294 θυγατρὶ
786 3223 1111 3294 πρωτόλειω
1142 3224 1331 3296 ὥσπερ
1364 3241 1418 3278 τι
1458 3225 1553 3278 καὶ
1587 3227 1841 3300 ἀπαρχὴν
1864 3229 1966 3299 τῆς

388 3314 615 3385 ἐνούσης
650 3315 799 3385 αὐτῷ
842 3315 1247 3385 κολακάγαθίας
1291 3318 1601 3382 ἐπιδιδοὺς,
1642 3318 1704 3371 τὸ
1736 3319 1964 3385 ἀξιῶσαι

389 3406 668 3475 φροντίδος
704 3406 775 3459 τά
816 3407 907 3459 ὑπ’
955 3407 1125 3475 αὐτῆς
1171 3406 1474 3477 βοσκόμενα
1506 3409 1599 3462 καὶ
1645 3411 1858 3464 ποτίσαι
1897 3412 1965 3465 τά

387 3498 658 3568 πρόϐατα.
702 3498 931 3552 Ἐνενόει
957 3499 1064 3570 γάρ
1092 3516 1193 3551 που
1227 3499 1368 3553 κατά
1398 3499 1461 3554 τὸ
1498 3501 1643 3564 είκδς
1673 3501 1828 3572 ήθεσι
1852 3505 1964 3567 τοῖς

388 3588 627 3660 ἀρίστοις
651 3588 1109 3659 ἐντεθραμμένος,
1141 3589 1217 3652 ὡς
1245 3585 1313 3660 ἦν
1338 3590 1738 3645 ἀκαλλέστατον
1767 3592 1961 3663 κομιδῇ

385 3679 655 3750 παρθένον
682 3676 849 3733 οὖσαν
885 3679 982 3750 την
1014 3680 1213 3751 Ῥαχὴλ
1233 3682 1326 3734 καὶ
1352 3684 1410 3734 ὲν
1431 3682 1550 3754 ὥρᾳ
1576 3684 1776 3753 γάμου,
1808 3701 1965 3755 περι-

390 3773 569 3841 μεῖναι
607 3771 717 3824 τῶν
770 3772 1044 3841 ποιμένων
1090 3773 1189 3842 τὴν
1231 3772 1511 3843 ἄθροισιν,
1556 3774 1644 3829 ἵνα
1682 3775 1776 3828 τοῦ
1815 3775 1962 3828 λίθου

385 3863 747 3932 κεκινημένου
773 3862 966 3935 ποτίσῃ
1013 3864 1083 3916 τὰ
1116 3864 1380 3935 πρόϐατα,
1412 3866 1817 3937 παραχωροῦσα
1853 3870 1964 3930 τοῖς

384 3949 566 4013 ἄλλοις
592 3951 681 4004 διά
707 3968 768 4003 τε
796 3950 856 4003 τὸ
882 3950 1135 4017 ἄναλκες,
1176 3952 1269 4006 καὶ
1305 3953 1404 4024 τὴν
1435 3955 1689 4024 παρθένῳ
1723 3956 1963 4025 πρέπου-

386 4055 483 4092 σαν
514 4039 666 4093 αἰδῶ.
700 4040 903 4103 Ἀλλως
927 4057 984 4093 τε
1010 4042 1102 4094 καὶ¹
1122 4042 1281 4110 νόμος
1303 4043 1463 4095 αὐτὸν
1484 4043 1669 4095 ὲκάλει
1690 4044 1966 4114 φιλοστορ-

385 4133 528 4199 γίας,
565 4131 648 4194 εἷς
677 4147 742 4198 γε
783 4132 845 4184 τὸ
873 4132 1066 4203 χρῆναι
1110 4132 1295 4186 λοιπὸν
1324 4135 1436 4195 τοῖς
1487 4133 1546 4198 ἐξ
1579 4132 1829 4202 αἵματος,
1870 4136 1965 4187 καὶ

384 4222 739 4292 ἀγχισπόροις
759 4222 1144 4290 ἀναφαίνεσθαι
1173 4225 1467 4292 χρήσιμον.
1494 4223 1764 4276 Πεπὸτικε
1783 4224 1845 4295 δὴ
1871 4222 1963 4279 οὖν

383 4312 454 4365 τά
478 4312 727 4383 πρόϐατα
752 4313 851 4383 τῆς
887 4313 1106 4383 Ῥαχὴλ,
1141 4314 1301 4382 μόνος
1328 4312 1421 4365 τοῦ
1448 4313 1684 4382 φρέατος
1705 4315 1963 4369 ἀποκυλί-

386 4419 483 4466 σας
512 4403 605 4455 τὸν
635 4402 801 4457 λίθον.
844 4404 1179 4473 Ἀναμνῆσαι
1222 4403 1279 4455 δὲ
1326 4404 1645 4473 ἀναγκαῖον,
1683 4408 1763 4460 ὅτι
1806 4407 1898 4460 καὶ
1935 4410 1962 4461 ό

2073 1963 2366 2025 erectaque
2405 1957 2461 2011 in
2506 1957 2680 2013 Deum
2727 1959 2797 2014 de
2839 1959 3042 2015 futuris
3085 1977 3204 2031 spe,
3252 1965 3651 2034 profectionem

2067 2059 2237 2113 quam
2267 2045 2581 2101 instituerat
2607 2057 2786 2119 urget,
2812 2056 2867 2103 et
2888 2051 3138 2119 pervenit
3168 2050 3226 2105 in
3265 2052 3543 2122 regionem
3577 2056 3652 2109 si-

2070 2140 2182 2187 tam
2223 2150 2478 2190 auroram
2515 2152 2713 2192 versus
2740 2155 2753 2190 :
2792 2138 3081 2208 statimque
3106 2156 3164 2195 se
3190 2140 3313 2195 aliis
3340 2143 3527 2198 multis
3548 2159 3648 2214 pa-

2071 2223 2315 2280 storibus
2346 2234 2539 2282 notum
2568 2226 2716 2293 facit,
2751 2230 2919 2284 veluti
2943 2231 3213 2301 quispiam
3239 2234 3470 2288 multum
3503 2235 3559 2289 in
3589 2250 3649 2293 re

2069 2317 2354 2384 pastoritia
2402 2328 2669 2374 versatus.
2704 2318 2859 2387 Quod
2897 2337 3029 2377 vero
3074 2338 3195 2378 eam
3240 2327 3549 2381 exercuerit
3591 2334 3649 2382 et

2068 2407 2340 2474 calluerit,
2395 2413 2639 2466 ostendit
2675 2412 2908 2470 dicens:
2971 2435 2990 2467 ι
3028 2416 3224 2474 Adhuc
3264 2419 3495 2474 multum
3536 2419 3645 2475 diei

2068 2506 2337 2567 superest.
2379 2500 2539 2556 Nunc
2597 2503 2765 2572 igitur
2808 2504 3141 2576 adaquantes
3190 2524 3321 2565 oves
3361 2510 3648 2565 disceden-

2070 2597 2153 2643 tes
2177 2590 2387 2659 pascite
2413 2592 2451 2645 ⁸.
2485 2612 2504 2644 ›
2540 2592 2903 2665 Cognoscitur
2933 2614 3065 2654 vero
3084 2601 3248 2655 etiam
3273 2618 3305 2656 a
3328 2601 3437 2656 filia
3456 2602 3646 2657 Laban

2066 2679 2239 2734 veluti
2286 2681 2558 2752 primitias
2600 2688 2864 2755 quasdam
2909 2696 2965 2744 et
3019 2692 3297 2760 specimen
3351 2693 3647 2763 probitatis

2068 2781 2181 2822 sua:
2211 2768 2263 2824 ei
2301 2771 2587 2838 exhibens,
2628 2789 2817 2830 curam
2857 2792 3020 2846 quam
3045 2780 3112 2835 de
3136 2780 3311 2850 ipsius
3328 2783 3526 2838 ovibus
3547 2799 3645 2854 ge-

2066 2858 2245 2924 rebat,
2285 2860 2563 2932 adaquans
2608 2880 2726 2920 eas.
2752 2866 3095 2939 lntelligebat
3115 2871 3285 2937 enim,
3313 2881 3375 2927 ut
3410 2889 3509 2943 par
3532 2881 3643 2941 est,

2068 2952 2292 3020 optimis
2326 2955 2591 3010 nimirum
2632 2959 2880 3014 moribus
2909 2962 3221 3032 insignitus,
3267 2974 3426 3035 turpe
3451 2967 3643 3023 admo-

2070 3038 2200 3094 dum
2241 3041 2382 3109 fore,
2419 3046 2712 3102 Rachelem
2749 3050 3019 3120 virginem
3041 3056 3152 3124 jam
3187 3057 3431 3113 nubilem
3456 3069 3645 3129 pasto-

2069 3150 2197 3189 rum
2234 3151 2564 3192 concursum
2601 3149 2940 3217 exspectare,
2983 3152 3042 3198 ut
3071 3156 3282 3201 remoto
3306 3149 3485 3219 lapide
3511 3168 3644 3210 oves

2069 3225 2387 3296 adaquaret,
2417 3245 2539 3298 qua:
2565 3246 2791 3287 cessura
2819 3244 2966 3289 esset
2987 3236 3133 3302 aliis,
3160 3247 3275 3293 tum
3298 3240 3371 3295 ob
3396 3241 3645 3299 imbecila

2064 3318 2295 3386 litatem,
2340 3329 2457 3377 tum
2496 3322 2568 3377 ob
2604 3340 2730 3379 eum
2768 3328 2862 3395 qui
2899 3324 3139 3400 virgines
3170 3332 3327 3390 decet
3353 3336 3640 3404 pudorem.

2063 3410 2238 3466 Aliter
2265 3428 2397 3468 vero
2420 3413 2587 3469 etiam
2615 3415 2800 3471 innata
2829 3422 3093 3475 naturalis
3123 3425 3326 3479 amoris
3349 3426 3436 3481 lex
3465 3427 3642 3498 ipsum

2062 3505 2397 3575 provocabat
2433 3506 2501 3560 ad
2546 3510 2912 3577 praestandum
2957 3512 3214 3581 oﬂicium,
3262 3518 3643 3588 etjuvanduun

2063 3597 2502 3667 consanguineos
2569 3608 2625 3653 et
2688 3604 3046 3674 propinquos.
3102 3608 3412 3680 Adaquavit
3458 3613 3645 3683 itaque

2063 3698 2195 3739 oves
2233 3686 2508 3753 Rachelis,
2565 3690 2716 3746 solus
2761 3708 2791 3746 a
2844 3705 3012 3763 puteo
3055 3701 3345 3756 revolvens
3379 3703 3642 3771 lapidem.

2060 3771 2329 3828 Caeterum
2353 3777 2666 3833 meminisse
2691 3790 2909 3849 oportet
2933 3784 3182 3839 divinum
3208 3790 3373 3841 etiam
3399 3790 3641 3861 Moysen,

2063 3879 2187 3918 cum
2220 3882 2287 3919 ex
2320 3866 2553 3938 IEgypto
2590 3868 2808 3940 fugiens
2840 3872 2894 3924 in
2919 3876 3197 3940 regionem
3223 3876 3643 3936 Madianitarum

2015 3957 2425 4022 -..pervenisset,
2461 3968 2517 4012 et
2547 3960 2605 4012 in
2642 3968 2895 4029 pastores
2933 3963 3119 4016 ovium
3152 3966 3451 4033 incidisset,
3480 3971 3645 4027 filias.

2064 4056 2171 4109 que
2195 4044 2389 4098 Jethro
2430 4046 2631 4115 injuria
2669 4047 2892 4102 aﬂ'ectas
2918 4051 3235 4120 reperisset,
3262 4055 3405 4110 idem
3426 4062 3642 4128 praesti-

2064 4133 2212 4186 tisse.
2241 4134 2322 4188 lta
2344 4150 2477 4190 vero
2503 4138 2707 4193 habent
2731 4156 2853 4210 qua:
2877 4141 2944 4197 de
2966 4158 3033 4197 eo
3057 4144 3259 4215 scripta
3286 4158 3413 4205 sunt
3440 4169 3451 4204 :
3484 4171 3501 4202 ι
3530 4152 3630 4208 Re-

2062 4225 2229 4280 cessit
2272 4236 2453 4283 autem
2491 4230 2699 4301 Moyses
2726 4248 2756 4286 a
2781 4231 2920 4288 facie
2949 4235 3269 4304 Pharaonis,
3293 4248 3350 4296 et
3373 4242 3641 4300 habitavit

2061 4314 2119 4367 in
2147 4323 2293 4370 terra
2320 4318 2551 4374 Madian.
2577 4320 2714 4375 Cum
2738 4332 2921 4378 autem
2949 4328 3189 4383 venisset
3213 4329 3266 4384 in
3294 4340 3495 4389 terram
3523 4336 3638 4390 Ma~

2060 4405 2211 4471 dian,
2240 4408 2382 4462 sedit
2403 4411 2557 4480 juxta
2583 4423 2832 4481 puteum.
2860 4414 2931 4471 At
2954 4419 3223 4474 sacerdoti
3248 4422 3459 4479 Madian
3479 4433 3637 4480 erant

385 4492 670 4555 θεσπέσιος
696 4494 899 4565 Μωσῆς
914 4494 1012 4564 τῆς
1036 4494 1346 4562 Αἰγυπτίων
1373 4495 1728 4567 ἀποδραμὼν,
1760 4500 1838 4560 εἰς
1859 4498 1959 4569 τὴν

2065 4504 2271 4564 septem
2314 4497 2440 4554 filiae
2477 4512 2763 4569 pascentes
2784 4520 2914 4559 oves
2943 4509 3114 4576 patris
3140 4511 3225 4564 sui
3256 4512 3469 4571 Jethro.
3496 4516 3652 4571 Cum

381 4581 489 4636 τῶν
536 4584 883 4654 Μαδιηναίων
935 4586 1249 4653 ἀφικνεῖται
1298 4585 1501 4656 χώραν.
1558 4584 1688 4641 Εἶτα
1735 4590 1956 4658 ποιμέσι

2065 4589 2340 4644 venissent
2362 4601 2568 4659 autem,
2595 4595 2923 4652 hauriebant
2954 4601 3133 4670 quoad
3158 4601 3521 4673 impleverunt
3547 4625 3635 4664 ca-

382 4673 710 4745 περιτυχὼν,
731 4675 937 4740 καὶτὰς
962 4674 1057 4728 τοῦ
1088 4672 1253 4745 Ἰοθὸρ
1276 4674 1579 4748 θυγατέρας
1598 4679 1956 4750 ἀδικουμένας

382 4758 576 4830 εὑρὼν,
594 4760 683 4814 διὰ
701 4761 810 4813 τῶν
830 4762 958 4815 ῐσων
984 4761 1309 4833 ὲγνωρίζετο
1327 4767 1779 4835 σπουδασμάτων.
1804 4771 1956 4839 Ἔχει

380 4849 437 4903 δὲ
463 4850 607 4904 οὕτω
639 4851 707 4905 τά
735 4853 820 4905 ἐπ’
850 4852 998 4923 αὐτῷ
1027 4856 1385 4923 γεγραμμένα
1411 4871 1425 4885 ⁶
1468 4873 1486 4906 ι
1534 4857 1873 4929 Ἀνεχὼρησε
1901 4862 1957 4913 δὲ

379 4943 584 5013 Μωσῆς
606 4943 717 4996 ἀπὸ
748 4943 1043 5014 προσώπου
1075 4944 1293 5017 Φαραὼ,
1327 4947 1417 4999 καὶ
1451 4948 1768 5017 κατῴκησεν
1798 4952 1856 5004 ὲν
1882 4955 1950 5021 γῇ

381 5034 624 5106 Μαδιάμ.
668 5034 869 5088 Ἐλθὼν
889 5034 944 5088 δὲ
965 5036 1046 5098 είς
1078 5036 1180 5105 γῆν
1208 5036 1450 5107 Μαδιόῳ,
1471 5039 1721 5093 ἐκάθισεν
1745 5041 1838 5093 ἐπὶ
1857 5042 1950 5094 τοῦ

381 5125 631 5196 φρέατος.
665 5125 755 5197 Τῷ
785 5126 841 5179 δὲ
872 5127 1006 5195 ἱερεῖ
1042 5126 1266 5196 Μαδιάμ
1302 5123 1437 5197 ἦσαν
1468 5130 1606 5183 ἑπτὰ
1636 5130 1947 5203 θυγατέρες,

380 5217 767 5286 ποιμαίνουσαι
793 5215 861 5269 τὰ
899 5214 1151 5285 πρόϐατα
1178 5215 1271 5268 τοῦ
1304 5218 1509 5286 πατρὸς
1540 5219 1718 5271 αὐτῶν
1765 5222 1945 5294 Ἰοθόρ.

382 5305 828 5376 Παραγενόμεναι
852 5306 930 5369 δὲ,
960 5305 1182 5375 ἤντλουν
1208 5306 1311 5369 ἕως
1347 5308 1588 5377 ἔπλησαν
1612 5310 1707 5375 τὰς
1732 5312 1854 5380 δεξα
1860 5333 1952 5385 με.

381 5400 490 5463 ξας,
523 5398 744 5451 ποτίσαι
783 5398 854 5451 τὰ
887 5397 1133 5469 πρόϐατα
1168 5398 1263 5450 τοῦ
1299 5400 1500 5470 πατρὸς
1536 5403 1712 5457 αὐτῶν
1758 5406 1942 5478 Ἰοθόρ.

385 5488 822 5559 Παραγενόμενοι
885 5488 940 5541 δὲ
995 5491 1045 5542 οἱ
1104 5490 1388 5561 ποιμένες,
1448 5491 1699 5556 ἐξέϐαλον
1756 5499 1943 5560 αὐτάς.

398 5578 649 5642 “nam;
673 5580 732 5633 δὲ
773 5578 994 5648 Μωσῆς,
1032 5579 1262 5649 ἐρύσατο
1289 5581 1478 5647 αὑτὰς,
1510 5585 1603 5637 καὶ
1636 5587 1850 5639 ἐπότισε
1883 5588 1948 5638 τὰ

452 5784 501 5814 ⁸³
532 5777 667 5835 ϐω.
696 5792 842 5841 xxix,
873 5774 1061 5833 l-M.‘
1102 5777 1295 5832 Ibid.7.
1373 5785 1390 5812 *
1432 5782 1597 5835 Exod.
1640 5799 1693 5847 ιι,
1732 5784 1912 5837 lii—:1}.

2058 4682 2237 4746 nales,
2262 4690 2323 4736 ut
2346 4683 2687 4754 adaquarent
2710 4703 2841 4743 oves
2865 4691 3035 4758 patris
3063 4692 3147 4746 sui
3173 4693 3384 4750 Jcthro.
3427 4696 3633 4768 Super—

2058 4773 2344 4829 venientcs
2361 4784 2542 4831 autem
2568 4789 2817 4847 pastores
2839 4782 3119 4851 ejecerunt
3144 4801 3257 4838 eas.
3282 4786 3523 4856 Surgens
3538 4806 3635 4844 au-

2063 4874 2170 4919 tem
2198 4866 2407 4938 Moyses
2436 4869 2693 4926 liberavit
2730 4872 2869 4935 illas,
2905 4884 2961 4928 et
2984 4876 3277 4942 adaquavit
3310 4892 3439 4932 oves
3459 4881 3635 4947 patris

2061 4954 2323 5023 ipsarum.
2381 4959 2635 5015 Reversze
2685 4971 2867 5016 autem
2917 4973 3045 5016 sunt
3090 4963 3157 5015 ad
3202 4963 3393 5019 Jcthro
3423 4976 3632 5035 patrem

2060 5058 2239 5111 suum,
2275 5049 2368 5117 qui
2408 5048 2545 5103 dixit
2590 5051 2672 5105 eis
2704 5070 2717 5103 :
2752 5051 2930 5117 Quare
2962 5051 3258 5107 fcstinastis
3294 5056 3635 5114 adveniendo

2060 5133 2222 5189 hodie
2246 5136 2269 5188 ?
2307 5137 2416 5191 Illa:
2455 5147 2638 5192 autem
2666 5139 2923 5193 dixerunt
2956 5159 2970 5193 :
2998 5141 3171 5195 llomo
3192 5143 3475 5213 {Egyptius
3499 5147 3634 5202 libe-

2058 5228 2198 5280 ravit
2213 5242 2310 5282 nos
2326 5244 2355 5282 a
2372 5230 2700 5297 pastoribus,
2720 5239 2775 5284 et
2794 5232 2835 5298 ι
2844 5232 2950 5300 20
2966 5233 3147 5285 hausit
3166 5249 3360 5301 aquam
3381 5236 3562 5303 nobis,
3578 5248 3634 5295 ct

2060 5318 2354 5388 adaquavit
2401 5335 2531 5374 oves
2582 5329 2817 5375 nostras.
2864 5322 2959 5374 llle
3005 5330 3187 5375 autem
3237 5323 3375 5379 dixit
3417 5328 3633 5385 ﬁliabus

2058 5411 2175 5464 suis
2208 5428 2219 5462 :
2249 5411 2317 5464 Et
2339 5411 2434 5463 ubi
2462 5421 2544 5464 est
2566 5411 2589 5462 ?
2610 5418 2665 5464 et
2689 5426 2788 5464 cur
2811 5411 2890 5464 sic
2914 5412 3284 5482 dereliquistis
3309 5417 3583 5474 hominem
3609 5424 3633 5475 ?

2057 5501 2258 5553 Vocate
2306 5499 2474 5569 igitur
2517 5515 2664 5564 eum,
2711 5509 2770 5555 ut
2823 5504 3072 5559 comedat
3116 5522 3331 5575 panem.
3360 5509 3633 5569 Habitavit

2058 5596 2239 5641 autem
2283 5588 2496 5656 Moyses
2533 5590 2673 5656 apud
2718 5592 2994 5649 hominem
3041 5599 3079 5649 ³.
3113 5616 3129 5647 ι
3177 5596 3435 5671 lntelligis
3466 5603 3634 5673 igitur
