4074 6260
463 399 565 461 i93

1475 394 1530 450 S.
1573 393 1850 451 CYRILLI
1889 392 2360 452 ALEXANDRINI
2399 395 2716 453 ARCHIEP.

3620 399 3719 456 196

460 527 573 584 quo
616 516 776 583 pacto
801 509 980 565 aﬁinia
1019 505 1423 578 quodammodo
1448 506 1591 561 inter
1617 521 1675 561 se
1701 506 1813 561 sint
1835 507 2028 565 utrius

2151 509 2398 576 πρόϐατα
2434 507 2528 561 τοῦ
2572 507 2778 577 πατρὸς
2811 508 3009 562 αὐτῶν.
3071 502 3440 581 ηαρεγένοντο
3483 511 3543 568 δέ
3587 517 3721 590 πρὸς

459 619 569 674 que
595 603 796 667 studia,
825 611 988 670 atque
1011 599 1202 654 eadem
1226 615 1326 669 per
1351 606 1614 668 utrosque
1638 598 2034 668 signiﬁcentur.

460 695 730 755 Caeterum
765 692 983 746 divinus
1009 691 1217 762 Moyses
1241 691 1564 761 propulsans
1589 691 1822 745 aliorum
1853 700 2038 761 pasto-

463 801 586 840 rum
630 783 885 856 injuriam
939 792 996 838 et
1025 783 1156 847 vim,
1215 783 1400 837 hausit
1448 789 1504 836 et
1531 782 1825 852 adaquavit
1849 798 2040 853 greges

459 875 668 932 Jethro.
730 874 892 929 Solus
935 890 1069 929 vero
1109 875 1276 930 Jaeob
1318 874 1556 945 lapidem
1603 873 1866 937 revolvit,
1912 887 2038 927 cum

459 965 663 1034 alioqui
699 965 1090 1035 quamplurimi
1141 966 1338 1020 collata
1392 980 1556 1035 opera
1591 965 1644 1018 id
1687 979 1796 1018 non
1834 964 2039 1033 absque

461 1052 661 1110 sudore
700 1055 879 1109 facere
920 1055 1354 1121 consueat'issent,
1393 1064 1449 1109 et
1471 1055 1762 1124 adaquavit
1787 1053 2040 1108 similiter

461 1161 594 1199 oves
636 1145 842 1199 Laban.
887 1146 964 1200 Ac
1004 1146 1461 1216 quemadmodum
1503 1146 1712 1218 Moyses
1736 1147 1792 1200 in
1816 1145 2038 1200 domum

461 1236 763 1291 idololatraa
803 1237 1046 1302 divertit,
1094 1238 1168 1292 ita
1203 1239 1367 1293 etiam
1402 1238 1622 1292 divinus
1644 1237 1831 1293 Jacob.
1855 1219 2040 1292 Laban

459 1329 609 1381 enim
643 1329 824 1382 adhuc
861 1327 1133 1382 idolorum
1177 1329 1434 1384 adorator
1457 1335 1513 1382 et
1533 1329 1710 1384 cultor
1735 1335 1876 1382 erat.
1902 1327 2039 1382 Cum

459 1434 592 1473 vero
626 1435 806 1473 sermo
838 1435 1127 1489 personam
1163 1434 1225 1474 ae
1248 1419 1476 1491 ﬁguram
1502 1419 1829 1489 populorum
1855 1418 1911 1472 in
1935 1417 2040 1472 ﬁde

458 1509 626 1564 Jacob
655 1510 930 1575 tribuerit,
958 1525 1054 1580 age
1084 1510 1351 1574 dicamus,
1383 1510 1531 1580 quod
1574 1509 1809 1564 interius
1859 1508 2042 1563 occul-

462 1603 678 1673 tiusque
716 1605 954 1673 spissum
983 1603 1218 1656 historia
1245 1602 1300 1655 in
1333 1617 1390 1656 se
1414 1601 1600 1665 habet,
1628 1600 2037 1670 investigantes.

2152 597 2321 668 Ἰοθὸρ
2350 598 2442 652 τὸν
2468 600 2682 668 πατέρα
2709 598 2907 654 αὐτῶν.
2943 599 3002 651 '0
3023 598 3079 652 δέ
3111 597 3264 656 εἶπεν
3289 603 3512 670 αὑταῖς·
3543 605 3610 660 Τί
3641 608 3720 664 δτι

2140 688 2433 759 ἐταχύνατε
2457 692 2550 744 τοῦ
2591 691 2996 762 παραγενέσθαι
3034 694 3274 764 σήμερον
3301 713 3316 761 ;
3354 697 3420 749 At
3452 697 3508 750 δέ
3535 693 3718 755 sinov-

2142 781 2464 852 ’Ἀνθρωπος
2490 782 2784 851 Αἰγύπτιος
2802 782 3069 853 ἐρρύσατο
3098 786 3244 856 ἡμᾶς
3262 787 3370 840 ἀπὸ
3398 789 3507 843 τῶν
3538 797 3726 863 ποιμέ-

2141 890 2266 937 νων,
2315 873 2410 926 καὶ
2451 873 2710 944 ἤντλησεν
2744 875 2897 944 ἡμῖν,
2939 877 3033 930 καὶ
3083 877 3302 931 ἐπότισε
3333 879 3404 933 τά
3450 877 3728 952 πρόϐατα.’

2152 964 2210 1018 Ὁ
2246 964 2302 1017 δὲ
2342 960 2462 1018 εἶπε
2499 968 2618 1030 ταῖς
2651 966 2983 1037 θυγατράσιν
3015 969 3180 1022 αὐτοῦ
3206 985 3217 998 ·
3257 973 3367 1026 Kal
3403 973 3507 1028 ποῦ
3543 975 3724 1042 ἔστινς

2141 1057 2231 1110 ῐνα
2261 1057 2314 1110 τί
2341 1057 2483 1110 οὕτω
2516 1059 2940 1113 καταλελοίπατε
2971 1058 3062 1114 τὸν
3088 1062 3403 1134 ἀνθρωπον;
3445 1068 3724 1123 Καλέσατε

2140 1143 2232 1200 οὖν
2266 1147 2450 1212 αὐτὸν,
2485 1149 2633 1212 ὅπως
2663 1149 2811 1220 φάγῃ
2849 1151 3010 1220 ἄρτον
3036 1166 3049 1180 ⁶
3082 1154 3398 1226 κατῳκίσθη
3429 1155 3486 1208 δὲ
3518 1158 3727 1226 Μωσῆς

2143 1237 2290 1306 παρά
2315 1236 2392 1306 τῷ
2417 1235 2706 1308 ἀνθρώπῳ.
2742 1257 2761 1290 ›
2790 1239 2985 1308 Συνίης
3007 1235 3101 1293 οὖν
3123 1242 3273 1304 ὅπως
3297 1241 3502 1312 ἀδελφά
3525 1243 3726 1314 τρόπον

2140 1327 2261 1380 τινὰ
2291 1325 2362 1382 τά
2398 1328 2666 1396 νοήματα,
2701 1328 2794 1380 καὶ
2835 1329 3073 1397 συγγενῆ
3110 1348 3225 1393 πως
3254 1330 3394 1398 ἄγαν
3423 1331 3492 1386 τὰ
3519 1331 3580 1398 ἐξ
3624 1333 3724 1386 αὑ-

2140 1414 2248 1467 τῶν
2270 1414 2706 1486 ὑποδηλούμενα.
2731 1417 2878 1486 Πλὴν
2903 1419 2930 1469 6
2950 1415 3234 1482 θεσπέσιος
3261 1420 3469 1490 Μωσῆς
3495 1420 3595 1492 τὴν
3617 1421 3726 1475 τῶν

2144 1509 2344 1579 ἐτέρων
2379 1509 2652 1579 ποιμένων
2687 1511 3000 1581 ἀποστήσας
3017 1511 3365 1578 πλεονεξίαν,
3405 1514 3638 1584 ῆντλησέ
3666 1532 3726 1567 τε

2144 1599 2239 1652 καὶ
2263 1599 2529 1653 πεπότικε
2551 1598 2653 1662 τὰς
2691 1599 2859 1670 Ἱοθδρ
2881 1600 3099 1668 ἀγέλας.
3124 1602 3234 1655 Καὶ
3267 1603 3425 1672 μόνος
3449 1604 3504 1656 δέ
3527 1605 3618 1658 τὸν
3645 1603 3728 1658 λί-

459 1695 550 1748 θον
592 1696 919 1749 ἀπεκύλισεν
975 1694 1190 1759 Ἰακὼϐ,
1235 1694 1413 1747 καίτοι
1453 1694 1720 1748 πλείστων
1752 1695 1893 1747 ὅσων
1937 1694 2036 1747 οὐκ
2073 1692 2334 1764 ἀνιδρωτὶ
2358 1693 2515 1747 τοῦτο
2540 1695 2673 1765 δρᾷν
2698 1694 2984 1759 εἰωθότων,
3017 1695 3109 1748 καὶ
3173 1696 3469 1751 πεπότικεν
3523 1699 3728 1768 ὁμοίως

458 1784 527 1839 τὰ
555 1786 741 1840 Λάὸαν
776 1786 1089 1857 θρέμματα.
1128 1785 1237 1839 Καὶ
1273 1785 1462 1856 ὥσπερ
1497 1785 1700 1855 Μωσῆς
1739 1786 1820 1849 είς
1848 1785 2040 1854 ἀνδρὸς
2077 1783 2463 1855 εἰδωλολάτρου
2499 1786 2740 1855 κατῆρεν
2804 1784 3010 1850 ἑστίαν,
3045 1784 3187 1839 οὕτω
3241 1787 3337 1840 καὶ
3367 1791 3396 1842 6
3441 1788 3730 1853 θεσπέσιος

471 1879 688 1934 Ἰακώϐ.
719 1879 964 1934 Εἰδώλων
1001 1880 1107 1951 γὰρ
1147 1879 1226 1933 ἔτι
1267 1879 1653 1950 προσκυνητὴς
1682 1875 1752 1948 ἧν
1794 1881 1824 1932 6
1886 1877 2072 1932 Λάὸαν
2108 1880 2204 1932 καὶ
2235 1879 2598 1950 θεραπευτής.
2655 1879 2871 1951 Ἐπειδὴ
2900 1881 2956 1933 δὲ
3025 1881 3082 1934 τὸ
3126 1881 3233 1934 τῶν
3264 1881 3322 1935 ἐν
3361 1883 3542 1936 πίστει
3581 1884 3731 1938 λαῶν

459 1971 750 2042 πρόσωπόν
779 1988 838 2023 τε
884 1972 979 2025 καὶ
1031 1971 1219 2041 σχῆμα
1263 1969 1636 2040 περιτέθεικεν
1680 1969 1709 2020 6
1754 1968 1913 2038 λόγος
1958 1967 2038 2039 τῷ
2087 1968 2317 2036 Ἰακὼϐ,
2349 1969 2482 2040 φέρε
2519 1970 2584 2040 δὴ
2651 1969 2897 2041 λέγωμεν
2964 1971 3034 2025 τά
3064 1973 3321 2028 ἐσωτάτω
3356 1975 3448 2027 καὶ
3481 1992 3732 2049 κεκρυμ,

461 2064 621 2137 μένα,
654 2063 714 2117 τὸ
747 2063 847 2133 τῆς
883 2064 1120 2135 ἱστορίας
1148 2063 1532 2134 ἀνευρύνοντες
1560 2062 1752 2133 πάχος.

528 2155 582 2210 5.
609 2153 849 2223 Populus
868 2153 1051 2222 itaque
1071 2162 1308 2218 creatus,
1327 2153 1481 2224 juxta
1500 2153 1801 2207 Psalmista:
1820 2166 2028 2215 vocem,

2205 2156 2275 2218 γ’.
2312 2149 2456 2212 Aab;
2495 2149 2592 2218 μὲν
2631 2142 2723 2202 οὖν
2768 2149 2796 2202 6
2826 2151 3177 2220 κτιςόμενος,
3209 2152 3352 2206 κατά
3391 2169 3456 2221 γε
3486 2152 3586 2225 τὴν
3626 2157 3727 2210 τοῦ

458 2265 570 2304 non
614 2248 775 2310 alius,
825 2253 887 2300 ut
929 2247 1188 2310 arbitror,
1235 2245 1422 2311 fuerit,
1471 2261 1632 2315 quam
1682 2253 1954 2298 novusct
1979 2245 2034 2298 in

455 2339 700 2402 Christo,
751 2337 856 2391 hoc
909 2343 1014 2401 est,
1049 2336 1145 2405 qui
1192 2351 1290 2405 per
1315 2335 1476 2390 ﬁdem
1509 2336 1564 2388 in
1590 2335 2038 2405 primogenitum

456 2430 686 2501 gloriam
731 2435 956 2482 evectus
1001 2435 1106 2491 est,
1143 2427 1364 2495 repulso
1397 2427 1584 2495 priore
1609 2441 1671 2479 ac
1719 2425 1937 2495 perdito
1962 2426 2036 2478 ls-

459 2519 624 2574 raele.
676 2517 872 2570 Factus
923 2515 1194 2584 siquidem
1249 2523 1333 2570 est
1366 2515 1422 2568 in
1473 2514 1702 2568 caudam
1732 2515 1826 2584 qui
1873 2521 2036 2583 caput

455 2617 596 2673 erat,
634 2609 737 2663 hoc
771 2616 874 2672 est,
924 2608 1078 2678 prior
1107 2624 1122 2673 ;
1151 2608 1358 2677 quique
1386 2617 1511 2663 ante
1537 2608 1772 2662 aliorum
1789 2607 2034 2662 vocatio-

455 2716 581 2755 nem
619 2699 868 2769 cognitus
891 2707 1028 2763 erat,
1055 2699 1260 2753 assecla
1287 2698 1510 2753 dicitur.
1535 2700 1705 2755 Positi
1733 2699 1880 2754 enim
1907 2707 2034 2753 sunt

453 2806 484 2843 a
532 2798 703 2860 tergo,
748 2794 804 2843 et
835 2795 959 2858 post
1000 2797 1191 2858 gentes
1216 2788 1497 2843 incedunt.
1523 2787 1908 2859 Supplanlator
1933 2788 2035 2842 ita-

453 2893 559 2948 que
599 2888 682 2934 est
717 2879 954 2950 populus
994 2879 1050 2932 in
1078 2878 1298 2934 Christo
1335 2895 1434 2950 per
1456 2880 1640 2944 ﬁdem,
1672 2887 1836 2950 atque
1860 2881 2033 2934 instar

451 2971 625 3026 divini
650 2971 818 3027 Iacob
844 2980 928 3026 est
961 2971 1200 3025 habitus.
1235 2971 1499 3026 Primitiae
1515 2986 1654 3026 vero
1678 2971 1907 3042 hujusce
1935 2987 2029 3041 ge-

451 3062 603 3116 neris
630 3062 886 3117 censendi
916 3069 1045 3116 sunt
1069 3063 1242 3117 sancti
1267 3063 1520 3132 apostoli,
1552 3064 1646 3133 qui
1673 3062 1781 3117 orti
1807 3063 2029 3132 quidem

451 3162 581 3208 sunt
625 3168 692 3206 ex
731 3155 994 3223 sanguine
1033 3163 1088 3208 et
1123 3169 1321 3224 genere
1353 3154 1518 3209 Israel
1547 3171 1561 3220 ;
1587 3161 1874 3224 postquam
1897 3168 2030 3207 vero

452 3243 614 3296 ﬁdem
668 3244 725 3297 in
777 3243 997 3297 Christo
1041 3243 1223 3313 adepti
1267 3253 1414 3308 sunt,
1472 3260 1536 3299 ac
1571 3245 1740 3298 veluti
1769 3259 2028 3298 coronam

450 3335 743 3405 quamdam
803 3334 1042 3404 Spiritus
1101 3336 1274 3389 sancti
1315 3337 1545 3406 gratiam
1593 3336 1866 3406 capitibus
1915 3337 2030 3390 suis

459 3428 824 3498 adaptarunt,
873 3427 1068 3481 offensi
1121 3435 1249 3481 sunt
1294 3427 1362 3481 iis
1421 3427 1516 3496 qui
1562 3442 1630 3481 ex
1681 3441 1880 3497 genere
1927 3441 2028 3481 suo

447 3525 626 3570 erant.
658 3515 868 3569 Idcirco
892 3516 959 3570 ad
988 3517 1189 3571 caedem
1230 3531 1434 3586 pronos
1476 3523 1532 3571 et
1559 3515 1818 3570 ferociter
1840 3515 2028 3570 furen-

449 3617 534 3664 tes
581 3608 965 3672 deseruerunt,
1017 3623 1082 3663 ac
1127 3615 1338 3662 tantum
1384 3624 1494 3662 non
1523 3623 1554 3662 a
1587 3614 1817 3677 paterna
1839 3607 2021 3673 domo,

446 3700 674 3772 ipsaque
731 3699 868 3753 adeo
909 3699 1086 3770 patria
1145 3699 1519 3764 discedentes,
1584 3699 1654 3752 ab
1697 3697 2020 3764 Jerusalem,

445 3791 690 3864 inquam,
733 3793 848 3847 sive
881 3792 1197 3848 Iudaeorum
1229 3792 1472 3862 regione,
1500 3790 1567 3845 ad
1590 3799 1780 3861 gentes
1803 3807 1862 3846 se
1887 3805 2022 3846 con-

444 3885 710 3948 tulerunt,
759 3882 1040 3938 Christum
1087 3883 1356 3938 habentes
1400 3880 1803 3944 auxiliatorem,
1853 3889 1908 3934 et
1953 3879 2021 3934 ad

440 3991 606 4031 omne
648 3976 853 4031 bonum
901 3975 1229 4047 adjutorem,
1287 3974 1626 4044 comitesque
1662 3974 1902 4044 angelos,
1925 3987 2018 4027 su-

440 4083 611 4137 perna
631 4084 724 4138 spe
747 4068 996 4132 stabiliti,
1028 4074 1191 4136 atque
1217 4074 1596 4136 exspectantes
1629 4065 1749 4120 ﬁeri
1783 4084 1800 4115 ι
1834 4073 2020 4134 patres

440 4158 740 4210 multarum
773 4157 1020 4225 gentium
1064 4155 1084 4185 ³
1116 4173 1128 4207 :
1164 4173 1181 4205 ι
1226 4154 1362 4207 adeo
1400 4154 1540 4206 utin
1575 4163 1754 4207 ortum
1776 4160 1832 4206 et
1863 4167 2020 4207 occa-

439 4260 584 4307 sum,
632 4244 858 4297 boream
895 4252 953 4296 et
989 4251 1236 4296 austrum
1277 4241 1523 4310 ipsorum
1547 4257 1731 4295 semen
1756 4257 2019 4310 propaga-

439 4342 630 4396 retur;
673 4331 826 4401 121
885 4331 989 4384 hoc
1043 4339 1146 4394 est,
1195 4329 1288 4399 qui
1316 4346 1414 4399 per
1441 4329 1602 4384 ﬁdem
1628 4330 1935 4400 regenerati
1960 4330 2017 4382 in

437 4423 656 4492 spiritu,
702 4431 758 4476 et
805 4421 860 4474 in
904 4419 1125 4474 Christo
1165 4417 1449 4490 justiﬁeati
1476 4427 1648 4486 sunt;
1687 4435 1827 4490 quos
1849 4420 2015 4474 etiam

435 4515 785 4584 compellant,
819 4513 1105 4566 dicentes:
1156 4531 1172 4563 ι
1208 4512 1314 4566 Vos
1349 4519 1530 4567 autem
1558 4527 1729 4583 genus
1756 4512 2012 4578 electum,

437 4607 617 4674 regale
643 4604 1184 4674 saecrdotium,gens
1222 4613 1430 4668 sancta,
1466 4604 1702 4674 populus
1738 4603 1831 4672 qui
1857 4604 2013 4657 lucro

433 4696 685 4758 accessit,
735 4704 795 4749 ut
843 4695 1078 4748 virtutes
1126 4694 1439 4763 przedicctis
1471 4694 1636 4757 illius,
1675 4693 1769 4762 qui
1809 4708 1906 4747 vos
1943 4692 2011 4746 de

435 4787 682 4844 tenebris
731 4787 946 4842 vocavit
993 4787 1047 4839 in
1091 4785 1412 4838 admirabile
1461 4785 1646 4838 lumen
1692 4798 1871 4838 suum.
1906 4781 2008 4847 Qui

433 4877 708 4946 quondam
742 4876 910 4930 eratis
944 4890 1054 4930 non
1092 4874 1347 4944 populus,
1382 4889 1532 4929 nunc
1569 4882 1751 4928 autem
1775 4874 2012 4942 populus

433 4968 529 5023 Dei
549 4969 587 5022 δ.
614 4988 632 5019 ι
667 4967 823 5034 Quod
853 4984 986 5022 vero
1017 4987 1034 5018 ‹
1067 4975 1249 5037 patres
1274 4965 1656 5036 populorum,»
1692 4963 1786 5033 Qui
1815 4964 1883 5018 ad
1915 4965 2015 5019 do-

431 5059 637 5114 cendos
665 5074 760 5113 cos
795 5057 1079 5113 constituti
1118 5063 1267 5121 sunt,
1319 5056 1373 5109 in
1431 5055 1603 5110 sacris
1642 5055 1869 5109 Litteris
1921 5071 2016 5110 vo-

430 5159 646 5214 centur,
701 5164 811 5218 quo
862 5156 1021 5218 pacto
1077 5147 1307 5200 dubium
1348 5160 1467 5200 esse
1495 5145 1710 5215 possit?
1740 5145 2015 5200 Discesse-

433 5251 562 5295 runt
595 5242 779 5310 itaque
827 5256 857 5295 e
895 5240 1206 5294 Judzeorum
1259 5238 1502 5309 regione,
1557 5236 1858 5305 relictoque
1909 5252 2005 5290 su-

432 5330 604 5399 perbo
645 5347 709 5386 ac
745 5331 1143 5386 contumelioso
1176 5329 1378 5399 populo
1415 5328 1482 5382 ad
1518 5335 1706 5398 gentes
1729 5327 2002 5390 abierunt,

427 5425 579 5492 juxta
605 5423 901 5478 Salvatoris
928 5423 1100 5477 nostri
1123 5430 1453 5493 praeceptum
1485 5420 1524 5471 ⁸.
1563 5418 1831 5473 Ceterum
1861 5419 2008 5488 quod

431 5522 677 5582 pastores
703 5514 814 5567 sint
849 5515 1144 5583 spiritales,
1177 5526 1241 5565 ac
1264 5511 1567 5581 disciplina:
1595 5509 1790 5564 divinae
1819 5509 2005 5579 periti,

427 5604 615 5658 Statim
663 5603 963 5668 declarant,
1005 5616 1350 5670 nequaquam
1383 5601 1589 5656 otiosos
1617 5615 1736 5656 esse
1765 5601 2008 5655 sinentes

2139 2241 2451 2302 ὶ1⁸άλλοντος
2483 2239 2687 2309 φωνὴν,
2716 2239 2800 2310 εἴη
2830 2240 2897 2294 ἂν
2921 2241 3018 2312 οὑχ
3045 2242 3232 2314 ἔτερος
3251 2239 3403 2314 οἶμαί
3429 2261 3552 2310 που,
3585 2246 3731 2320 πλὴν

2137 2334 2166 2384 6
2197 2332 2312 2394 νέος
2343 2330 2439 2384 καὶ
2472 2332 2530 2384 ἐν
2561 2329 2817 2401 Χριστῷ,
2847 2333 3148 2396 τουτέστιν,
3183 2334 3212 2386 6
3249 2333 3337 2387 διὰ
3369 2335 3606 2398 πίστεως
3644 2340 3730 2400 εἰς

2138 2423 2236 2494 τὴν
2284 2421 2377 2476 τοῦ
2421 2423 2768 2491 πρωτοτόκου
2812 2422 2969 2483 δόξαν
3018 2426 3529 2496 παρενηνεγμένος,
3579 2445 3728 2500 παρ-

2138 2514 2368 2578 ωθέντος
2390 2517 2485 2567 τοῦ
2511 2514 2729 2585 πρώτου
2751 2516 2842 2569 καὶ
2857 2515 3332 2586 ὼλισθηκότοςιτοῦ
3369 2519 3604 2590 Ἰσραήλ.
3628 2520 3728 2574 Γέ-

2136 2621 2263 2673 γονε
2317 2605 2428 2674 γὰρ
2461 2605 2542 2668 είς
2591 2605 2761 2677 οὐρὰν
2801 2607 2830 2659 6
2875 2605 3136 2677 ὑπάρχων
3173 2609 3418 2679 κεφαλὴ,
3455 2611 3726 2677 τουτέστι,

2136 2689 2408 2760 προῦχων,
2435 2692 2527 2744 καὶ
2551 2692 2578 2742 ὁ
2601 2695 3078 2764 προεγνωσμένος,
3107 2696 3207 2765 τῆς
3243 2697 3446 2768 ἐτέρων
3475 2698 3729 2769 κλήσεως

2136 2781 2604 2852 παρακολούθημα
2649 2781 2888 2850 λέγεται.
2931 2784 3212 2840 Τέθεινται
3249 2787 3357 2859 γὰρ
3405 2790 3487 2852 είς
3527 2790 3727 2856 νῶτον,

2137 2872 2228 2924 καὶ
2265 2873 2495 2926 κατόπιν
2536 2873 2647 2926 ιἀσι
2684 2873 2795 2928 τῶν
2843 2873 3035 2930 ἐθνῶν.
3087 2878 3426 2950 Πτερνιστὴς
3469 2878 3565 2935 οὖν
3610 2884 3727 2956 ἄρα

2133 2961 2258 3026 λαὸς
2289 2965 2318 3016 6
2347 2964 2404 3017 ἐν
2431 2964 2652 3034 Χριστῷ
2677 2965 2766 3017 διὰ
2796 2965 3054 3032 πίστεως,
3082 2969 3176 3021 καὶ
3203 2970 3278 3032 ὡς
3305 2972 3362 3024 ἐν
3386 2972 3536 3038 τάξει
3568 2974 3724 3030 λελό-

2133 3072 2314 3123 γισται
2347 3058 2411 3127 τῇ
2457 3057 2600 3110 κατά
2634 3057 2726 3109 τὸν
2767 3057 3054 3113 θεσπέσιον
3107 3060 3324 3116 Ἰακώϐ.
3354 3063 3548 3118 Νοοῖτο
3581 3065 3630 3118 δ’
3659 3067 3723 3122 ἂν

2132 3147 2206 3210 ὡς
2242 3149 2299 3200 ἐν
2349 3149 2569 3219 ἀπαρχῇ
2611 3148 2704 3202 τοῦ
2751 3149 2996 3203 τοιούτου
3049 3151 3275 3219 γένους,
3321 3156 3350 3207 6
3394 3155 3503 3209 τῶν
3547 3158 3722 3227 ἁγίων

2131 3240 2444 3293 ἀποστόλων
2474 3239 2654 3310 χορὸς,
2687 3240 2735 3292 οἳ
2767 3244 3024 3309 γεγόνασι
3060 3242 3160 3313 μὲν
3186 3244 3246 3308 ἐξ
3277 3245 3512 3315 αἵματός
3541 3263 3606 3300 τε
3629 3249 3722 3302 καὶ

2131 3335 2320 3404 γένους
2360 3335 2576 3406 Ἰσραήλ
2596 3353 2610 3367 ·
2643 3335 2830 3406 ἐπειδὴ
2857 3336 2914 3388 δέ
2939 3337 3035 3407 τὴν
3061 3338 3118 3390 ἐν
3145 3339 3370 3410 Χριστῷ
3403 3340 3590 3394 πίστιν
3618 3359 3712 3396 πε-

2132 3423 2502 3493 Ιιἰλουτήκασι,
2541 3423 2633 3476 καὶ
2671 3423 2859 3495 ὥσπερ
2897 3425 3018 3478 τινὰ
3067 3425 3336 3494 στέφανον
3380 3427 3482 3498 τὴν
3518 3429 3588 3483 ἐκ
3624 3430 3718 3484 τοῦ

2055 3488 2097 3546 C
2129 3515 2284 3582 ἁγίου
2312 3488 2632 3585 ΪΙνευματος
2662 3488 2990 3585 ἀνεδήσαντο
3016 3488 3198 3586 χάριν,
3231 3488 3718 3590 προσκεκρούκασι

2126 3609 2236 3667 τοῖς
2282 3607 2348 3658 ἐκ
2389 3605 2597 3674 γένους.
2645 3605 2912 3678 Ταύτῃτοι
2958 3607 3266 3674 φονῶντας,
3320 3610 3416 3662 καὶ
3463 3611 3574 3682 μὴν
3625 3611 3719 3666 καὶ

2125 3697 2332 3768 ἀγρίως
2366 3695 2848 3768 ἐκλελυττηκότας,
2889 3697 3392 3768 καταλιμπάνουσι,
3429 3704 3715 3775 μονονουχὶ

2123 3786 2180 3841 δέ
2222 3787 2315 3840 καὶ
2353 3786 2610 3858 πατρῴας
2647 3787 2856 3854 ἑστίας,
2891 3789 2984 3841 καὶ
3029 3789 3202 3859 αὐτῆς
3249 3792 3346 3863 τῆς
3375 3792 3714 3864 ἐνεγκούσης

2123 3879 2552 3948 ἀπανιστάμενοι
2579 3879 2704 3948 γῆς,
2738 3880 2883 3949 φημὶ
2925 3879 2987 3951 δὴ
3021 3881 3120 3950 τῆς
3157 3881 3520 3954 Ἰερουσαλὴμ
3545 3923 3562 3948 ,
3593 3887 3712 3956 ἦτοι

2121 3964 2220 4042 τῆς
2265 3970 2534 4023 Ἰουδαίων
2571 3970 2777 4042 χώρας,
2812 3973 2878 4041 τῇ
2920 3971 3028 4025 τῶν
3063 3970 3233 4025 ἐθνῶν
3274 3974 3707 4043 προσϐάλλουσι,

2121 4059 2355 4131 Χριστὸν
2418 4060 2630 4132 ἔχοντες
2686 4061 2973 4134 ἀρῤωγὸν,
3033 4063 3130 4116 καὶ
3180 4065 3317 4135 πρὸς
3369 4068 3478 4120 πᾶν
3525 4069 3710 4123 ὁτιοῦν

2120 4155 2227 4207 τῶν
2291 4153 2513 4222 ἀγαθῶν
2595 4155 2968 4226 συλλήπτορα,
3040 4157 3132 4209 καὶ
3207 4157 3703 4228 συμπαραθέοντας

2119 4243 2246 4306 τοὺς
2275 4243 2561 4311 ἀγγέλους,
2603 4245 2696 4296 καὶ
2716 4243 2900 4296 ἐλπίσι
2947 4245 3068 4306 ταῖς
3115 4244 3321 4298 ἀνωθεν
3372 4248 3705 4318 ἐρηρεισμέδ

2121 4347 2203 4383 νοι
2231 4332 2348 4392 ,καὶ
2393 4330 2800 4400 προσδοκῶντες
2844 4330 3064 4385 ἔσεσθαι
3115 4350 3132 4383 ι
3187 4333 3420 4404 πατέρες
3489 4334 3704 4387 πολλῶν

2118 4420 2315 4484 ἐθνῶν,
2365 4439 2383 4470 ι
2418 4421 2494 4482 ὼς
2541 4421 2621 4483 εἰς
2662 4422 2745 4490 ἠῶ
2793 4440 2851 4475 τε
2906 4423 2998 4476 καὶ
3043 4424 3215 4488 δύσιν,
3249 4424 3451 4496 βορρᾶν
3495 4443 3558 4479 τε
3610 4428 3702 4480 καὶ

2118 4512 2287 4577 νότον,
2328 4511 2391 4565 τὸ
2425 4512 2483 4578 ἐξ
2529 4513 2709 4567 αὐτῶν
2752 4514 3084 4568 ἐκτείνεσθαι
3140 4518 3392 4588 σπέρμα,
3426 4520 3697 4582 τουτέστι,

2115 4602 2242 4664 τοὺς
2304 4602 2393 4655 διὰ
2447 4603 2680 4667 πίστεως
2732 4605 3215 4676 ἀναγεννωμένους
3275 4610 3334 4662 ἐν
3403 4609 3696 4679 πνεύματι,

2116 4692 2209 4744 καὶ
2265 4693 2322 4744 ἐν
2382 4693 2603 4763 Χριστῷ
2663 4695 3139 4765 δεδικαιωμένους.
3199 4692 3296 4761 Οἷς
3359 4698 3454 4751 καὶ
3527 4715 3694 4769 προσ-

2115 4783 2354 4852 εφώνουν
2393 4784 2671 4852 λέγοντες·
2731 4805 2749 4836 ι
2795 4787 2984 4856 Ὑμεῖς
3009 4788 3073 4860 δὴ
3103 4790 3257 4857 γένος
3282 4789 3562 4852 ἐκλεκτὸν,
3602 4789 3697 4860 βαε

2117 4872 2310 4926 σίλειον
2329 4875 2647 4944 ἱεράτευμα,
2671 4875 2820 4939 ἔθνος
2852 4875 3027 4944 ἅγιον,
3052 4879 3180 4942 λαὸς
3207 4882 3283 4942 εἰς
3313 4881 3691 4951 περιποίησιν,

2113 4966 2260 5029 ὅπως
2305 4966 2402 5029 τὰς
2428 4966 2630 5037 ἀρετὰς
2677 4966 3026 5039 ἐξαγγείλητε
3058 4971 3150 5022 τοῦ
3184 4973 3248 5024 ἐκ
3282 4969 3510 5035 σκότους
3546 4973 3694 5042 ὑμᾶς

2113 5057 2442 5120 καλέσαντος
2471 5059 2550 5120 εἰς
2573 5057 2634 5110 τὸ
2656 5057 2968 5127 θαυμαστὸν
3000 5061 3166 5114 αὑτοῦ
3204 5061 3338 5129 φῶς.
3377 5063 3442 5116 Οί
3472 5066 3602 5118 ποτὲ
3628 5064 3688 5117 οὐ

2111 5148 2256 5211 λαὸς,
2276 5147 2370 5202 νῦν
2390 5147 2446 5200 δὲ
2480 5147 2606 5210 λαὸς
2631 5148 2764 5200 Θευῦ
2794 5152 2849 5201 ὲν
2880 5150 3118 5221 Χριστῷ.
3143 5171 3161 5204 ι
3187 5153 3307 5206 Ὅτι
3332 5153 3388 5206 δὲ
3427 5153 3690 5222 πατέρας

2111 5237 2276 5290 λαῶν
2323 5239 2373 5290 οἱ
2415 5238 2684 5292 διδάσκειν
2729 5241 2924 5303 αὐτοὺς
2964 5244 3381 5314 ἐπιτεταγμένοι
3423 5247 3573 5319 παρὰ
3620 5249 3686 5316 τῇ

2110 5328 2232 5398 θείᾳ.
2257 5329 2549 5400 κέκληνται
2587 5331 2800 5400 Γραφῇ,
2829 5332 2944 5396 πῶς
2974 5333 3040 5387 ἂν
3071 5335 3360 5389 ἐνδοιάσειὲ
3385 5355 3506 5401 τιςς
3555 5338 3688 5390 Ἀπ-

2109 5418 2451 5488 ενοσφίζοντο
2476 5420 2654 5475 τοίνυν
2676 5421 2774 5492 τῆς
2791 5423 3058 5476 Ἰουδαίων
3088 5424 3289 5495 χώρας,
3316 5429 3410 5480 καὶ
3436 5427 3526 5481 τὸν
3551 5427 3686 5480 ἀλα-

2111 5511 2238 5574 ζόνα
2268 5511 2363 5564 καὶ
2394 5512 2656 5583 ὑϐριστὴν
2700 5513 2928 5578 ἀφέντες
2980 5514 3141 5580 λαὸν,
3179 5517 3503 5586 ἐστρέφοντο
3545 5515 3684 5586 πρὸς

2109 5600 2176 5654 τὰ
2206 5599 2354 5672 ἔθνη,
2385 5601 2524 5657 κατὰ
2554 5601 2650 5668 τὰς
2683 5600 2776 5656 τοῦ
2804 5603 3053 5674 Σωτῆρος
3083 5605 3115 5674 ὴ
3126 5604 3242 5674 μῶν
3289 5603 3526 5668 ἐντολάς,
3564 5601 3681 5657 ἀλλ’

508 5784 525 5814 ³
551 5777 690 5836 Gen.
722 5793 847 5843 xm,
878 5778 931 5830 4.
1019 5775 1038 5804 ⁸
1066 5775 1083 5826 l
1109 5775 1252 5829 Petr.
1285 5793 1343 5842 ιι,
1380 5775 1535 5832 9--l0.
1614 5778 1634 5808 '
1661 5776 1856 5832 Matth.
1883 5790 2070 5842 xxvm,
2109 5773 2198 5830 l9.
