4074 6260
262 311 272 321 ’
357 346 460 408 197

1376 337 1895 397 GLAPHYRORUM
1932 339 2000 396 IN
2037 337 2336 397 GENESIM
2370 334 2501 394 LIB.
2545 335 2631 393 IV.

3432 384 3439 393 .
3504 340 3608 398 108

354 472 440 526 ὅτι
491 462 756 536 ποιμένες
814 442 947 515 εἰσι
974 454 1365 528 πνευματικοὶ,
1408 457 1503 510 καὶ
1556 454 1932 526 παιδαγωγίας

2040 454 2181 511 circa
2216 454 2271 509 id
2304 453 2452 526 quod
2497 454 2633 524 ipsis
2664 451 2900 507 maxime
2928 450 3261 510 conveniens
3289 454 3379 510 sit.
3415 454 3610 514 Statim

354 562 460 632 τῆς
503 556 653 613 κατά
702 553 834 607 Θεὸν
864 550 1241 620 ἐπιστήμονες,
1280 549 1621 620 παραχρῆμα
1659 546 1934 601 δεικνύου.

361 666 472 719 σιν,
502 647 804 718 ἀπρακτεῖν
830 644 926 697 οὐκ
952 643 1269 713 ἀνεχόμενοι
1295 641 1424 712 περὶ
1452 640 1515 694 τό
1542 657 1724 710 σφισιν
1750 639 1934 704 αὐτοῖς

362 743 451 811 δτι
483 737 718 811 μάλιστα
743 732 1207 805 πρεπωδέστατον.
1239 729 1676 802 Προσκομίζουσι
1702 729 1811 800 γὰρ
1840 729 1932 782 εύ-

360 808 600 900 θῦςήτῆς
634 829 691 882 ἐν
724 824 937 897 Χριστῷ
967 823 1318 887 διδασκαλίας
1361 823 1454 876 τὸν
1499 821 1682 892 λόγον,
1735 821 1830 876 καὶ
1874 820 1936 874 τὸ

372 921 607 991 πεφυκὸς
620 917 867 985 ὠφελεῖν,
896 914 1251 969 ἀναπείθουσι
1269 913 1423 984 δρᾷν.
1447 910 1711 983 Καθάπερ
1741 910 1934 982 ἀμέλει

371 1013 460 1068 καὶ
489 1013 517 1063 ὁ
545 1007 827 1071 θεσπέσιος
871 1004 1087 1069 Ἰακὼϐ,
1120 1007 1236 1068 τοῖς
1263 1004 1373 1057 ἀπὺ
1401 1003 1630 1077 Χαρρὰν
1653 1001 1932 1073 ποιμέσιν,

365 1106 442 1160 ὅτι
479 1101 573 1157 καὶ
618 1101 780 1164 αὐτὸς
807 1099 892 1170 εἴη
938 1097 1180 1168 ποιμὴν,
1230 1096 1462 1168 ἐναργὲς
1501 1095 1676 1148 ἐποίει
1719 1094 1931 1163 λέγων’

366 1215 386 1248 ι
428 1195 547 1248 Ἔτι
586 1192 733 1246 εστὶν
770 1189 956 1261 ἡμέρα
1010 1187 1213 1257 πολλὴ,
1244 1185 1397 1241 οῦπω
1434 1185 1556 1258 ὥρα
1597 1183 1932 1256 συναχθῆναι

356 1285 421 1339 τά
454 1285 650 1355 κτήνη.
684 1282 1015 1344 Ποτίσαντες
1046 1279 1117 1333 τὰ
1160 1279 1440 1350 πρόϐατα,
1488 1276 1815 1339 ἀπελθόντες
1843 1275 1934 1345 βό-

254 1383 273 1409 ’
358 1392 535 1430 σκετε.
568 1391 588 1425 ι
633 1372 879 1436 Ἀκούεις
920 1372 1068 1434 ὅπως
1109 1370 1441 1442 κατανέμειν
1481 1369 1816 1441 προστέταχε
1866 1367 1937 1420 τά

355 1467 605 1539 πρόϐατα
637 1468 750 1529 τοῖς
795 1464 1055 1534 nomen;
1089 1458 1260 1516 Τοῦτό
1292 1479 1375 1517 τοι
1420 1463 1513 1516 καὶ
1557 1462 1585 1514 6
1623 1461 1937 1530 σοφώτατος

360 1557 610 1628 μαθητὴς
633 1554 943 1610 ἐνετέλλετο
961 1553 1093 1625 δρᾷν
1114 1555 1225 1617 τοῖς
1246 1553 1341 1606 τοῦ
1370 1550 1501 1606 λαοῦ
1523 1551 1935 1624 πρεσϐυτέροις,

358 1651 554 1720 ῆγουν,
595 1648 933 1709 ἐπισκόποις.
973 1665 990 1697 ι
1030 1644 1437 1717 Πρεσϐυτέρους
1471 1641 1585 1710 οῦν,
1625 1644 1781 1714 φησι,
1809 1645 1938 1707 τοὺς

363 1740 422 1791 ὲν
469 1738 600 1807 ὑμίν
632 1734 930 1805 παρακαλῶ
974 1734 1003 1786 6
1058 1732 1564 1805 συμπρεσϐύτερος,
1599 1733 1693 1785 καὶ
1727 1733 1937 1803 μάρτυς

2032 545 2182 602 enim
2237 559 2546 603 sermonem
2592 542 2858 598 doctrina:
2898 542 2969 598 de
3010 543 3233 600 Christo
3273 557 3607 619 proponunt,

2034 648 2268 707 quaeque
2290 636 2660 691 conducibilia
2687 644 2815 691 sunt
2836 635 3012 692 facere
3032 637 3363 707 persuadent
3385 656 3400 705 ;
3422 654 3610 709 quem.

2033 729 2327 785 admodum
2347 728 2461 784 fere
2488 729 2654 784 etiam
2674 728 2897 785 divinus
2916 729 3084 786 Jacob
3106 732 3417 801 pastoribus
3435 733 3612 790 Char-

2034 836 2153 886 ran,
2208 820 2357 892 quod
2412 821 2529 891 ipse
2593 836 2813 892 quoque
2871 827 3019 877 esset
3072 830 3280 892 pastor,
3327 825 3613 882 manifeste

2034 912 2318 984 explicuit,
2349 912 2540 969 dicens
2572 931 2585 967 :
2622 933 2640 965 ι
2679 913 2874 968 Adhuc
2918 914 3154 968 multum
3189 914 3301 970 diei
3340 926 3612 987 superest,

2033 1017 2139 1057 nec
2189 1009 2275 1057 est
2335 1008 2552 1073 tempus
2590 1010 2652 1057 ut
2697 1002 3031 1059 reducantur
3064 1003 3133 1057 ad
3177 1004 3365 1059 caulas
3399 1016 3613 1075 greges.

2033 1089 2317 1159 Adaquate
2360 1105 2514 1155 oves,
2553 1099 2610 1146 et
2648 1092 2913 1148 abeuntes
2944 1092 3151 1163 pascite
3172 1092 3215 1146 ⁸.
3255 1112 3275 1146 ι
3310 1092 3489 1149 Audis
3506 1106 3617 1164 quo

2032 1189 2194 1251 pacto
2220 1181 2413 1252 iubeat
2439 1184 2773 1253 pastoribus,
2801 1193 2864 1239 ut
2889 1199 3021 1239 oves
3046 1199 3175 1240 suos
3206 1186 3477 1255 pascant?
3502 1187 3617 1242 Hoc

2035 1273 2216 1343 ipsum
2254 1273 2420 1327 etiam
2455 1272 2894 1343 sapientissimus
2920 1274 3225 1345 discipulus
3256 1276 3437 1332 facere
3470 1290 3615 1347 prm-

2035 1364 2181 1435 cepit
2202 1364 2536 1436 presbyteris
2560 1365 2771 1435 populi,
2803 1364 2918 1421 sive
2946 1366 3221 1436 episcopis
3247 1408 3260 1421 .
3305 1386 3324 1419 ι
3360 1366 3620 1423 Seniores

2035 1455 2225 1526 igitur,
2258 1473 2277 1507 ι
2319 1455 2517 1524 inquit,
2566 1473 2585 1506 ι
2619 1454 2714 1525 qui
2751 1455 2898 1511 inter
2929 1471 3028 1511 vos
3052 1463 3200 1521 sunt,
3232 1456 3482 1522 obsecro,
3521 1458 3616 1527 qui

2034 1559 2158 1599 sum
2195 1553 2251 1599 et
2279 1546 2394 1615 ipse
2413 1546 2730 1610 consenior,
2756 1560 2823 1600 ac
2856 1547 3014 1601 testis
3038 1548 3354 1617 passionum
3388 1547 3616 1615 Christi,

2034 1647 2199 1707 atque
2236 1637 2382 1691 idem
2433 1652 2659 1692 consors
2694 1637 2883 1708 gloria
2929 1652 3053 1709 qua
3110 1639 3449 1694 revelabitur
3480 1657 3492 1692 :
3527 1655 3621 1710 pa-

2034 1730 2194 1794 scite,
2238 1730 2334 1799 qui
2370 1729 2425 1785 in
2471 1730 2629 1786 vobis
2665 1738 2770 1797 est,
2811 1745 3029 1802 gregem
3062 1730 3267 1788 Christi
3304 1735 3346 1787 ⁷.
3386 1751 3405 1785 ι
3450 1732 3619 1787 Pera-

363 1827 475 1881 τῶν
498 1824 732 1897 Χριστοῦ
764 1824 1111 1896 παθημάτων,
1151 1825 1180 1875 6
1210 1823 1306 1877 καὶ
1337 1822 1440 1892 τῆς
1482 1821 1778 1892 μελλούσης
1803 1823 1936 1874 ἀποο

2040 1828 2259 1892 gruntes
2300 1823 2484 1892 itaque
2544 1822 2798 1893 regiones
2830 1830 2887 1877 et
2923 1822 3114 1887 urbes,
3153 1837 3318 1892 quam
3351 1822 3624 1892 plurimos

364 1916 738 1972 καλύπτεσθαι
786 1914 944 1986 δόξης
984 1913 1259 1976 κοινωνός·
1293 1913 1611 1982 Ποιμάνατε
1633 1911 1696 1964 τὸ
1720 1913 1778 1963 ὲν
1805 1912 1932 1981 ὑμῖν

364 2009 613 2080 ποίμνιον
640 2006 739 2059 τοῦ
780 2004 1048 2077 Χριστοῦ.
1087 2023 1105 2056 ι
1142 2005 1382 2067 Διιόντες
1412 2004 1471 2057 δὲ
1503 2003 1645 2058 κατά
1669 2003 1849 2075 χώραν
1875 2019 1934 2057 τε

360 2099 459 2153 καὶ
516 2097 712 2161 πόλιν,
769 2097 997 2167 μυρίους
1046 2096 1205 2157 ὅσους
1266 2096 1359 2148 καὶ
1406 2094 1627 2165 ἑτέρους
1674 2094 1934 2164 ποιμένας

359 2186 662 2258 ἐφεστάναι
712 2187 1077 2258 προσέταττον
1111 2187 1218 2249 τοῖς
1249 2185 1417 2249 λαοῖς,
1445 2187 1539 2240 καὶ
1565 2185 1674 2239 τῶν
1702 2185 1935 2254 λογικῶν

358 2282 657 2354 προϐάτων
680 2280 952 2335 ποιεῖσθαι
967 2280 1217 2352 φροντίδα
1232 2296 1248 2313 ο
1278 2280 1633 2334 καταϐόσκειν
1650 2278 1728 2345 δὲ,
1746 2278 1935 2352 ὥσπερ

356 2377 414 2429 ἐν
444 2376 585 2446 νομῇ
630 2373 834 2445 ἀγαθῇ,
862 2374 956 2426 καὶ
1007 2374 1064 2426 ὲν
1108 2374 1259 2443 τόπῳ
1308 2373 1472 2437 πίονι,
1530 2373 1624 2426 καὶ
1672 2375 1752 2437 είς
1796 2372 1934 2427 πόαν

357 2465 548 2538 ὥσπερ
585 2465 946 2536 ἀποκομίζειν
982 2463 1411 2535 εὐανθεστάτην.
1452 2465 1550 2535 τὴν
1579 2463 1934 2520 θεόπνευστον

357 2556 607 2630 Γραφήν.
656 2557 916 2628 Ζωαρκὲς
960 2557 1067 2627 γὰρ
1122 2556 1324 2627 ἔδεσμα
1376 2558 1624 2628 ψυχῆς,ό
1656 2557 1751 2611 τοῦ
1795 2556 1934 2613 Θεοῦ

358 2649 534 2721 λόγος.
566 2646 823 2722 Είρήσθω
852 2648 916 2720 δὴ
960 2644 1052 2702 οῦν
1092 2649 1317 2720 ποιμέσι
1360 2651 1473 2712 τοῖς
1513 2652 1933 2720 πνευματικοῖς,

359 2742 618 2816 ἐπιμελοῦ
645 2741 755 2796 τῶν
778 2741 837 2795 ὲν
860 2741 1026 2812 πεδίῳ
1051 2740 1299 2812 χλωρῶν,
1327 2742 1420 2794 καὶ
1443 2758 1506 2794 κε
1513 2744 1624 2811 ρεῖς
1647 2740 1806 2805 πόαν,
1840 2739 1937 2795 καὶ

363 2831 632 2901 συνάγαγε
665 2834 859 2902 χόρτον
891 2829 1120 2900 ῶριμον,
1150 2830 1236 2883 ἵνα
1270 2829 1400 2903 ἔχῃς
1428 2830 1675 2900 πρόϐατα
1704 2831 1782 2894 εἰς
1807 2831 1936 2900 ίμα-

361 2924 581 2995 τισμόν·
623 2923 880 2992 γεγόνασι
913 2922 969 2976 δὲ
1002 2922 1097 2975 καὶ
1145 2922 1349 2993 ἑτέρως
1390 2922 1539 2992 παρά
1567 2923 1677 2986 τοῖς
1726 2922 1933 2976 ἔθνεσιν

361 3013 407 3067 οἰ
447 3012 723 3067 θεσπέσιοι
758 3011 1024 3083 μαθηταὶ,
1060 3011 1288 3065 καὶτῶν
1315 3013 1448 3083 παρ’
1472 3013 1705 3093 ἐκείνοις
1742 3013 1937 3083 ποιμέ-

360 3122 493 3169 νων,
524 3104 789 3163 τουτέστι.
821 3104 1002 3174 σοφῶν
1023 3121 1081 3157 τε
1110 3105 1205 3157 καὶ
1230 3104 1582 3170 διδασκάλων,
1621 3106 1936 3175 καθηγηταί¹

358 3194 741 3259 διεδείκνυντο,
762 3196 858 3266 τὴν
886 3194 1257 3266 ἀληθεστέραν
1280 3197 1394 3258 τοῖς
1411 3194 1784 3266 ἀκροωμένοις
1809 3209 1939 3248 παι·
1966 3180 2005 3234 C

358 3285 641 3355 δαγωγίαν
669 3287 1033 3360 εἰσφέροντες.
1073 3288 1183 3341 Καὶ
1220 3286 1302 3341 ὅτι
1332 3286 1465 3341 πολὺ
1503 3287 1568 3358 δὴ
1599 3286 1722 3339 λίαν
1754 3285 1942 3340 εὐσθε-

357 3378 612 3451 νέστερόν
661 3394 720 3432 τε
769 3380 865 3434 καὶ
905 3378 1129 3449 ἄμεινον
1163 3379 1197 3449 ἦ
1228 3381 1443 3445 ἐκείνοι,
1474 3379 1633 3450 τυχὸν
1657 3378 1823 3450 εἰδείη
1861 3396 1944 3441 τις

358 3468 425 3522 ἂν
442 3468 536 3521 καὶ
553 3468 677 3522 λίαν
692 3467 953 3534 εὐκόλως,
966 3469 1148 3521 έκεῖνο
1167 3467 1344 3521 διενθυ
1353 3468 1453 3539 μού
1462 3485 1643 3539 μενος.
1662 3468 1943 3540 Δυσαχθὴς

362 3558 464 3628 μὲν
497 3556 605 3628 γάρ
635 3555 713 3627 τῷ
758 3556 957 3628 φρέατι
989 3556 1135 3623 λίθος
1178 3556 1451 3624 ἐπέκειτο,
1483 3556 1542 3612 δν
1583 3557 1810 3628 πλείστη
1845 3559 1942 3629 μὲν

358 3648 462 3716 ὅση
514 3646 792 3716 ποιμένων
841 3646 1085 3718 ἀθροισις
1133 3645 1438 3699 ἀπεσάλευε
1488 3646 1658 3716 μόλις.
1690 3646 1860 3717 Ἒδρα
1885 3646 1940 3699 δὲ

357 3739 516 3792 τοῦτο
547 3739 643 3792 καὶ
683 3739 842 3808 μόνος
865 3741 894 3792 6
933 3738 1145 3793 Ἰακώϐ.
1188 3737 1253 3791 Τί
1291 3739 1470 3793 τοίνυν
1498 3739 1557 3791 τὸ
1581 3740 1778 3809 φρέαρ,
1808 3737 1858 3790 τί
1885 3738 1941 3790 δὲ

363 3828 429 3900 δὴ
462 3826 530 3884 αὖ
582 3831 677 3884 καὶ
702 3833 731 3884 6
763 3829 911 3893 λίθος
942 3830 1349 3901 ὑποσημήνειεν
1395 3829 1481 3895 ἂν,
1529 3829 1658 3899 φέρε
1691 3830 1944 3898 λέγωμεν

2034 1914 2202 1968 etiam
2252 1914 2389 1969 alios
2433 1922 2679 1985 pastores
2710 1915 2931 1986 populis
2973 1914 3176 1985 praeﬁci
3209 1915 3512 1986 jusserunt,
3540 1924 3624 1969 at-

2036 2018 2143 2074 que
2168 2006 2356 2060 ovium
2383 2007 2730 2061 rationalium
2759 2022 2948 2062 curam
2970 2022 3160 2077 gerere
3188 2025 3202 2060 :
3235 2022 3458 2077 pascere
3485 2022 3626 2062 vero

2036 2097 2445 2168 quodammodo
2502 2097 2560 2151 in
2613 2097 2833 2166 pascuis
2869 2097 3050 2161 bonis,
3098 2104 3155 2150 et
3184 2095 3381 2150 inloco
3407 2095 3622 2166 pingui,

2038 2204 2104 2244 ac
2130 2189 2300 2245 veluti
2329 2190 2385 2243 in
2406 2188 2814 2245 ﬂoridissimam
2838 2188 3066 2243 herbam
3088 2187 3384 2252 deducere,
3410 2202 3624 2243 sacram

2036 2281 2299 2336 nimirum
2362 2280 2726 2351 Scripturam.
2790 2278 3076 2336 Sufﬁciens
3130 2279 3285 2336 enim
3338 2280 3407 2335 ad
3452 2281 3623 2336 vitam

2039 2374 2234 2428 animae
2267 2373 2425 2429 cibus
2479 2382 2563 2427 est
2600 2373 2830 2429 verbum
2866 2372 2982 2428 Dei.
3045 2372 3261 2428 Dictum
3312 2371 3497 2443 itaque
3551 2373 3625 2427 sit

2037 2467 2352 2537 pastoribus
2396 2467 2738 2537 spiritalibus
2768 2485 2782 2521 :
2811 2466 3011 2523 Curam
3036 2480 3165 2538 gere
3194 2465 3392 2521 viridis
3419 2464 3623 2535 campi,

2037 2566 2094 2615 et
2143 2570 2317 2615 metes
2352 2560 2602 2625 herbam,
2646 2570 2702 2617 et
2744 2561 2937 2631 collige
2980 2560 3166 2615 fenum
3209 2558 3623 2629 tempestivum,

2036 2660 2099 2706 ut
2124 2650 2328 2707 habeas
2346 2666 2477 2708 oves
2500 2652 2556 2706 in
2584 2654 2868 2708 vestitum.
2894 2652 3167 2708 Cmterum
3202 2652 3430 2707 fuerunt
3454 2649 3621 2704 etiam

2037 2742 2143 2797 alia
2188 2744 2401 2798 ratione
2440 2751 2625 2813 patres
2647 2745 2889 2815 gentium
2924 2745 3097 2799 sancti
3125 2740 3403 2813 discipuli,
3432 2741 3625 2810 longe-

2035 2852 2143 2907 que
2172 2839 2551 2907 praastantiore
2592 2851 2657 2891 ac
2697 2837 2916 2892 veriore
2963 2835 3213 2890 doctrina
3263 2848 3359 2889 eos
3408 2832 3625 2887 imbue-

2038 2935 2188 2992 runt,
2223 2942 2387 2997 quam
2422 2928 2670 2997 ipsorum
2702 2937 2970 2997 pastores,
3000 2926 3107 2980 hoc
3125 2933 3228 2989 est,
3265 2924 3543 2995 sapientes
3568 2934 3628 2979 et

2038 3017 2306 3088 magistri.
2348 3016 2506 3084 Quod
2544 3032 2678 3072 vero
2721 3018 2929 3087 majore
2962 3016 3136 3070 multo
3163 3014 3361 3070 robore
3392 3029 3455 3069 ac
3482 3030 3625 3085 prte-

2040 3108 2239 3163 stantia
2295 3108 2453 3178 122
2496 3108 2709 3177 praediti
2764 3106 2970 3163 fuerint
3020 3106 3277 3178 discipuli
3323 3120 3485 3179 quam
3522 3106 3623 3171 illi,

2041 3197 2200 3253 facile
2253 3197 2379 3268 quis
2438 3197 2730 3268 intelligat,
2782 3196 2916 3253 illud
2969 3197 3431 3253 animadverteris.
3462 3194 3628 3267 Lapis

2041 3284 2193 3339 enim
2219 3284 2473 3341 immensi
2506 3286 2769 3356 ponderis
2789 3296 2955 3357 puteo
2986 3288 3277 3357 impositus
3297 3296 3434 3352 erat,
3461 3302 3626 3357 quem

2039 3377 2261 3446 quidem
2322 3386 2571 3448 pastores
2619 3380 2926 3451 conjunctis
2978 3380 3191 3436 viribus
3222 3395 3364 3451 aegre
3397 3379 3626 3436 amolie-

2040 3468 2257 3523 bantur.
2298 3469 2563 3525 Praestitit
2595 3476 2778 3524 autem
2829 3470 2934 3525 hoc
2958 3461 3108 3527 solus
3130 3470 3318 3527 Jacob.
3352 3469 3625 3538 Quidnam

2038 3557 2205 3629 igitur
2231 3570 2451 3631 puteus,
2479 3559 2615 3631 quid
2642 3576 2836 3617 rursus
2876 3561 3018 3633 lapis
3044 3560 3333 3633 signiﬁcet,
3390 3576 3487 3631 age
3525 3573 3628 3629 pro

2046 3649 2196 3705 virili
2227 3651 2495 3705 dicamus.
2529 3650 2608 3705 Ita
2635 3650 2782 3705 enim
2808 3659 3089 3722 pastorum
3119 3651 3334 3705 roboris
3363 3651 3626 3704 dlﬂ'eren-

2049 3732 2179 3795 tiam
2211 3742 2546 3811 exploratam
2585 3741 2933 3805 habebimus,
2971 3748 3348 3810 quantumque
3372 3737 3627 3805 discipuli

2050 3830 2350 3886 Salvatoris
2377 3832 2689 3901 cognitione
2725 3830 3106 3891 excelluerint,
3139 3826 3485 3879 manifestum
3515 3823 3625 3878 ﬂet.

356 3920 434 3984 ὡς
481 3920 581 3976 ἒνι.
611 3920 889 3992 Εἰσόμεθα
933 3920 1041 3992 γὰρ
1069 3921 1186 3987 ὡδὶ,
1237 3921 1331 3975 καὶ
1378 3921 1477 3992 τῆς
1514 3920 1624 3974 τῶν
1671 3920 1945 3989 ποιμένων
1988 3918 2170 3988 ἰσχύος
2195 3922 2295 3993 τὴν
2324 3921 2611 3990 διαφορὰν,
2655 3920 2753 3972 καὶ
2790 3919 2852 3970 τὸ
2918 3918 2978 3967 ὲν
3021 3915 3235 3967 συνέσει
3278 3910 3512 3984 προῦχόν
3569 3929 3630 3966 τε

362 4014 458 4067 καὶ
491 4013 912 4086 ὑπερκείμενον,
938 4011 1045 4064 τῶν
1082 4012 1341 4084 μαθητῶν
1370 4011 1464 4064 τοῦ
1492 4012 1768 4081 Σωτῆρος.

432 4105 495 4160 δ’.
528 4107 725 4160 ’Υδατι
780 4104 959 4159 τοίνυν
997 4103 1295 4176 ἀφομοιοῦν
1325 4103 1445 4167 ἔθος
1495 4106 1561 4174 τῇ
1604 4103 1817 4173 Γραφῇ,
1843 4102 1942 4173 τὴν

361 4197 496 4269 περὶ
525 4195 658 4249 Θεοῦ
688 4197 912 4265 γνῶσιν.
946 4196 1070 4249 Ὅτι
1107 4196 1215 4267 γὰρ
1243 4190 1311 4265 ἦν
1346 4193 1631 4258 ζωοποιὸς,
1660 4191 1946 4263 μεμαρτύ-

367 4303 536 4358 ρηκεν
559 4287 587 4338 6
611 4285 820 4356 Σωτὴρ,
846 4287 982 4357 πρὸς
1012 4286 1105 4339 τὸν
1132 4287 1189 4337 ἐν
1217 4285 1469 4353 οὐρανοῖς
1496 4282 1717 4352 Πατέρα
1748 4282 1940 4351 λέγων·

370 4397 390 4428 ι
412 4375 562 4448 Ᾱῦτη
577 4376 635 4430 δέ
664 4378 813 4429 ἐστιν
840 4378 874 4447 ἡ
908 4373 1124 4439 αἰώνιος
1154 4375 1291 4445 ζωὴ.
1320 4375 1406 4427 ἴνα
1434 4372 1745 4436 γινώσκωσι
1769 4391 1828 4427 σε
1855 4373 1946 4426 τὸν

2110 4103 2164 4157 4.
2194 4101 2373 4157 Sacrae
2407 4100 2577 4172 igitur
2601 4076 2898 4170 Scriptura:
2944 4095 3284 4154 consuetudo
3319 4104 3404 4151 est
3443 4096 3631 4166 cogni—

2044 4196 2249 4250 tionem
2284 4194 2352 4249 de
2386 4194 2499 4249 Deo
2530 4207 2685 4264 aqua:
2726 4205 3067 4264 comparare.
3094 4189 3251 4256 Quod
3277 4190 3424 4245 enim
3448 4189 3633 4244 viviti—

2044 4303 2175 4343 cans
2212 4288 2302 4353 sit,
2344 4295 2579 4343 testatur
2609 4286 2859 4341 Salvator
2888 4284 2955 4339 ad
2983 4284 3203 4339 Patrem
3236 4282 3514 4338 caelestem
3542 4282 3632 4337 di-

2045 4395 2216 4435 cens:
2258 4399 2277 4431 ι
2311 4380 2437 4434 Haec
2461 4388 2645 4433 autem
2692 4388 2778 4432 est
2805 4377 2917 4432 vita
2946 4385 3172 4441 aeterna,
3204 4382 3265 4429 ut
3298 4384 3634 4445 cognoscant

370 4467 532 4535 μόνον
580 4464 833 4536 ἀληθινὸν
882 4464 1049 4532 Θεὸν,
1096 4465 1191 4517 καὶ
1235 4462 1293 4515 ὃν
1348 4461 1673 4526 ἀπέστειλας
1737 4458 1941 4531 Ἰησοῦν

2050 4477 2104 4524 ιο
2146 4472 2330 4525 solum
2380 4470 2553 4524 Deum
2602 4485 2817 4535 verum,
2856 4478 2912 4524 et
2962 4484 3124 4539 quem
3174 4468 3395 4531 misisti,
3443 4466 3634 4520 Jesum

370 4531 624 4629 Χριστόν.
750 4555 1080 4628 Προσελάλει
1126 4554 1183 4608 δὲ
1236 4554 1329 4608 καὶ
1379 4553 1585 4623 γυναίῳ
1616 4551 1693 4622 τῷ
1746 4552 1811 4604 ὲκ
1847 4552 1941 4622 τῆς

2050 4560 2331 4616 Christum
2371 4560 2413 4613 ⁸.
2455 4580 2473 4611 ι
2513 4531 2812 4615 Μυιίοτοπι
2828 4575 2959 4615 vero
2980 4531 3384 4617 Samaritauam
3426 4557 3500 4613 ita
3533 4558 3636 4612 ali-

372 4648 686 4719 Σαμαρείας
732 4647 877 4717 φημί
928 4660 1088 4699 ποτε·
1130 4663 1149 4697 ι
1196 4644 1258 4699 Εἰ
1301 4643 1450 4714 ᾔδεις
1485 4642 1584 4713 τὴν
1621 4639 1829 4712 δωρεὰν
1853 4638 1947 4692 τοῦ

372 4736 526 4802 Θεοῦ,
571 4738 668 4790 καὶ
693 4736 776 4800 τίς
806 4737 953 4790 ἐστιν
978 4738 1006 4789 6
1029 4736 1204 4805 λέγων
1240 4750 1322 4787 σοι
1353 4733 1440 4797 δός
1474 4749 1565 4801 μοι
1597 4734 1763 4797 πιεῖν,
1794 4731 1858 4784 σὺ
1883 4730 1951 4784 ἂν

370 4828 577 4897 ᾔτησας
613 4826 799 4891 αὑτὸν,
828 4829 935 4880 καὶ
961 4825 1161 4879 ἔδωκεν
1189 4824 1255 4878 ἀν
1281 4841 1361 4877 σοι
1386 4822 1529 4894 ὕδωρ
1561 4822 1691 4887 ζῶν.
1735 4840 1754 4872 ι
1784 4816 1950 4892 Οἶμαί

374 4936 474 4971 που
502 4919 592 4971 τὸν
634 4917 767 4989 παρ’
790 4915 982 4970 ἑαυτοῦ
1020 4916 1181 4984 λόγον
1225 4916 1319 4969 καὶ
1361 4913 1642 4968 παίδευσιν
1664 4911 1950 4983 ὀνομάζων

373 5008 652 5071 ζωοποιόν.
685 5005 1039 5078 Προσεφὼνει
1074 5006 1131 5060 δὲ
1165 5007 1260 5060 καὶ
1298 5008 1325 5060 6
1358 5005 1659 5074 Δεσπότης·
1702 5024 1720 5056 ι
1764 5003 1833 5057 Ei
1868 5021 1951 5066 τις

372 5100 521 5171 διψᾷ,
557 5099 806 5172 ἐρχέσθω
840 5100 978 5170 πρός
1016 5116 1103 5171 με,
1133 5100 1228 5153 καὶ
1257 5097 1479 5152 πινέτω.
1524 5117 1543 5149 ι
1575 5098 1685 5150 Καὶ
1719 5097 1825 5167 μὴν
1858 5097 1952 5149 καὶ

374 5190 459 5241 διὰ
485 5190 584 5260 τῆς
614 5190 711 5244 τοῦ
740 5192 1025 5262 προφήτου
1054 5190 1259 5261 φωνῆς,
1292 5187 1604 5243 ἐπαιτιᾶταί
1631 5204 1784 5250 τινας
1809 5189 1952 5256 ἀμα-

376 5279 483 5343 θῶς
518 5281 932 5345 ἀπονεύσαντας
983 5284 1064 5346 εἰς
1105 5282 1166 5335 τὸ
1203 5282 1315 5336 δεῖν
1366 5281 1587 5352 ἑτέρους
1629 5279 1953 5351 προσίεσθαι

375 5370 723 5436 διδασκάλους
756 5372 898 5442 μετά
934 5373 1032 5445 τὴν
1059 5376 1115 5428 ἐν
1135 5372 1287 5445 νόμῳ
1312 5373 1593 5426 παίδευσιν
1614 5412 1629 5436 ,
1668 5374 1763 5426 καὶ
1795 5375 1955 5426 ἐκκε-

376 5461 629 5529 κλικότας
658 5466 741 5528 εἰς
774 5464 1126 5527 διδασκαλίας
1160 5465 1253 5517 καὶ
1278 5464 1589 5534 ἐντάλματα
1629 5464 1950 5536 ἀνθρώπων.

373 5549 521 5625 Ἔφη
550 5553 605 5608 δὲ
636 5555 835 5619 οὕτως’
878 5574 897 5609 ι
945 5554 1168 5626 Ἐξέστη
1192 5558 1222 5609 6
1255 5556 1481 5625 οὐρανὸς
1511 5555 1604 5609 ἐπὶ
1628 5555 1827 5625 τούτῳ,
1860 5556 1954 5609 καὶ

451 5721 629 5788 ⁸οοη.
658 5743 815 5797 xxix,
837 5728 892 5783 7.
967 5729 985 5762 τ
1011 5729 1031 5784 ι
1060 5730 1212 5785 Petr.
1233 5747 1287 5796 ν,
1328 5732 1384 5799 1,
1405 5732 1459 5785 2.
1537 5731 1556 5762 ⁸
1577 5732 1734 5788 Joan.
1764 5750 1892 5799 xvn,
1922 5733 1973 5784 3.

2049 4652 2176 4708 eubi
2216 4652 2516 4721 alloquitur
2539 4670 2551 4705 :
2595 4673 2613 4703 ›
2645 4651 2700 4707 Si
2735 4668 2928 4707 nosses
2955 4652 3159 4709 donum
3185 4653 3303 4718 Dei,
3329 4654 3529 4724 etquis
3550 4662 3631 4710 est

2048 4745 2143 4814 qui
2186 4743 2322 4798 dicit
2362 4744 2459 4798 tibi
2484 4785 2497 4809 ,
2527 4744 2605 4799 Da
2630 4744 2764 4798 mihi
2792 4752 3006 4814 potum,
3038 4755 3095 4801 tu
3125 4746 3350 4816 quidem
3400 4745 3636 4813 petisses

2049 4836 2117 4891 ab
2164 4853 2251 4902 co,
2301 4846 2353 4891 ct
2381 4836 2625 4892 dedisset
2668 4836 2765 4891 tibi
2794 4850 2993 4906 aquam
3018 4837 3144 4890 vitae
3171 4836 3217 4891 ’.
3260 4855 3277 4885 ι
3307 4835 3516 4902 Aquam
3552 4834 3635 4885 ni-

2049 4925 2246 4980 mirum
2289 4925 2437 4992 vitae,
2494 4942 2805 4981 sermonem
2840 4927 2906 4980 de
2932 4942 3009 4990 se,
3043 4934 3100 4979 et
3140 4924 3509 4977 viviﬁcantem
3531 4924 3633 4977 do-

2057 5018 2286 5070 ctrinam
2329 5018 2630 5086 appellans.
2684 5016 2887 5071 Judmis
2948 5022 3132 5068 autem
3180 5013 3256 5067 ita
3304 5013 3481 5068 dixit:
3530 5032 3546 5062 ι
3576 5012 3633 5065 Si

2056 5108 2180 5176 quis
2227 5107 2366 5172 sitit,
2409 5108 2598 5162 veniat
2623 5107 2691 5161 ad
2721 5123 2830 5171 mc,
2860 5116 2917 5160 et
2949 5106 3104 5159 bibat
3142 5105 3203 5158 ¹⁶.
3248 5124 3266 5156 ι
3303 5102 3445 5169 Quin
3468 5103 3633 5156 etiam

2054 5214 2154 5268 per
2201 5214 2395 5253 vocem
2449 5199 2748 5271 prophetae,
2793 5197 3037 5266 increpat
3083 5194 3346 5264 quosdam
3384 5191 3478 5261 qui
3512 5201 3635 5261 post

2052 5296 2332 5359 acceptam
2380 5288 2613 5357 legalem
2667 5287 3012 5356 disciplinam
3052 5285 3120 5338 ad
3166 5284 3305 5337 alios
3346 5282 3635 5352 magistros

2055 5379 2310 5449 imperite
2360 5377 2725 5441 deflexerunt,
2760 5386 2815 5431 et
2844 5378 2910 5431 ad
2955 5376 3235 5431 doctrinas
3274 5383 3331 5430 et
3364 5382 3637 5445 praecepta

2054 5470 2338 5524 hominum
2364 5481 2482 5520 sese
2517 5466 2891 5519 contulerunt.
2924 5467 3003 5521 Ita
3033 5467 3180 5521 enim
3216 5467 3294 5521 ait
3325 5482 3337 5519 :
3382 5484 3400 5515 ι
3433 5460 3637 5518 Obstu-

2055 5562 2172 5630 puit
2207 5557 2407 5612 coelum
2438 5570 2604 5623 super
2637 5555 2760 5619 hoc,
2797 5566 2853 5611 et
2886 5560 3110 5614 tremuit
3147 5560 3326 5624 valde,
3362 5555 3497 5611 dicit
3528 5555 3642 5614 Do-

2050 5736 2068 5765 o
2096 5733 2253 5788 joan.
2288 5744 2361 5793 Iv,
2392 5728 2477 5779 10.
2547 5728 2586 5756 ¹⁰
2611 5727 2762 5782 Joan.
2792 5745 2885 5800 vu,
2923 5732 3012 5791 57.
