4074 6260
288 269 394 327 209

1289 274 1812 333 GLAPBYROBUDI
1854 276 1919 330 IN
1961 275 2261 331 CENlISlM
2324 275 2457 331 LIB.
2495 274 2584 329 IT.

3464 273 3599 329 5mr

295 385 403 454 γὰρ
449 385 511 451 ἐξ
555 384 753 452 ἐθνῶν,
793 386 981 458 πρώτη
1029 389 1189 459 μὲνὴ
1239 391 1346 443 τῶν
1414 390 1685 445 Ἰουδαίων
1749 392 1879 444 Συν-

2008 391 2212 445 nlirmi.
2264 389 2469 445 Rachel
2507 396 2688 444 autem
2736 388 2961 459 pulchra
3002 396 3245 459 aspectu,
3283 397 3341 443 et
3370 389 3569 446 decora

298 481 516 550 ιιγωγῦγ
548 477 714 548 ῥίζης
753 479 862 549 γὰρ
896 481 984 533 καὶ
1002 480 1186 546 γένους
1222 481 1535 550 Ἑλληνικοῦ
1568 484 1757 551 γέγονε
1791 486 1886 535 καὶ

298 567 466 630 αὐτὸς
515 571 548 621 6
597 569 886 633 Θεσπέσιος
925 572 1168 642 Ἀϐραάμ
1192 590 1203 604 ·
1237 573 1474 645 δευτέρα
1516 576 1573 628 δὲ
1623 576 1717 628 καὶ
1750 576 1886 645 μετὰ

302 659 402 732 τὴν
427 658 661 732 πρώτην
682 664 713 734 ἡ
735 663 985 735 νεωτέρα,
1009 664 1304 731 τουτέστιν,
1334 669 1367 737 ἡ
1414 666 1733 736 Ἐκκλησία.
1776 668 1885 720 Καὶ

307 753 361 804 οἱ
394 752 496 822 μὲν
523 753 788 823 ὀφθαλμοὶ
817 754 979 817 Λείας
1005 756 1443 827 παραλελυμένοι
1473 759 1569 811 καὶ
1598 758 1879 829 ἀδρανεῖςο

324 841 531 912 Ῥαχὴλ
558 844 615 897 δὲ
646 844 780 915 καλὴ
814 845 891 914 τῷ
911 845 1058 902 εῖδει.
1087 849 1181 901 καὶ
1205 848 1384 919 ὡραία
1415 851 1479 920 τῇ
1512 848 1630 918 ὄψει
1659 849 1885 919 σςρόδρα.

318 932 429 986 Kal
459 934 580 1006 περὶ
620 934 721 1002 μὲν
753 934 863 987 τῶν
904 935 1173 990 Ἰουδαίων
1210 938 1317 1007 ἔφη
1367 954 1470 991 που
1514 938 1749 1010 Χριστὸς
1777 941 1886 1002 τοῖς

290 1080 301 1087 ε
320 1025 489 1091 ἁγίοις
512 1024 523 1029 ’
541 1026 861 1090 ἀποστόλοις
886 1043 900 1057 ·
937 1047 957 1079 ι
979 1030 1183 1097 ’Ἅφετε
1237 1032 1458 1093 αὐτοὺς,
1518 1031 1712 1100 τυφλοί
1753 1033 1892 1083 εἰσιν

315 1115 495 1185 ὁδηγοὶ
535 1115 770 1185 τυφλῶν.
815 1118 1003 1188 Ὑμῶν
1039 1119 1098 1173 δὲ
1142 1122 1401 1193 μακάριοι
1431 1124 1480 1175 οἱ
1514 1121 1786 1192 ὀφθαλμοὶ
1807 1124 1891 1175 ὅτι

312 1204 584 1275 βλέπουσι,
620 1209 715 1263 καὶ
753 1208 822 1262 τὰ
850 1204 969 1264 ὦτα
986 1210 1142 1280 ὑμῶν
1167 1213 1249 1265 ὅτι
1280 1213 1586 1266 ἀκούουσιν.
1619 1232 1637 1265 ι
1681 1214 1892 1266 Οὐκοῦν

309 1300 367 1352 τὸ
392 1299 623 1364 ἄναλκες
643 1302 781 1372 πρὸς
795 1301 1140 1374 θεοπτ[ε]ίαν
1162 1305 1259 1375 τῆς
1278 1306 1545 1360 Ἰουδαίων
1556 1306 1892 1376 Συναγωγῆς

309 1392 771 1461 κατασημαίνοιτο
795 1393 864 1446 ἂν
888 1395 1117 1457 εἰκότως
1137 1395 1228 1447 διὰ
1244 1394 1352 1447 τῶν
1374 1395 1475 1464 τῆς
1505 1397 1664 1460 Λείας
1689 1397 1888 1464 ὀφθαλ-

310 1479 451 1550 μῶν.
502 1482 577 1535 Τδ
620 1483 676 1539 δὲ
728 1484 894 1554 σοφόν
921 1502 983 1537 τε
1010 1486 1106 1538 καὶ
1148 1484 1349 1551 ἔννουν,
1377 1488 1472 1540 καὶ
1500 1487 1560 1540 τὸ
1605 1488 1739 1540 πολὺ
1771 1487 1895 1540 λίαν

308 1571 718 1645 ἐξωραῖσμένον
748 1577 830 1639 είς
865 1577 1083 1630 σύνεσιν
1119 1578 1230 1632 τῶν
1262 1581 1320 1632 ἐν
1349 1580 1531 1633 πίστει
1557 1582 1615 1632 ὲν
1647 1581 1890 1650 Χριστῷ,

312 1666 410 1717 καὶ
440 1665 660 1735 μέντοι,
690 1667 783 1720 καὶ
810 1668 870 1721 τὸ
906 1669 965 1721 ἐν
1005 1668 1188 1737 ἔργοις
1222 1671 1518 1741 περιφανὲς
1546 1670 1635 1724 διά
1666 1670 1759 1724 τοῦ
1792 1670 1893 1738 τῆς

1989 482 2127 537 faeie
2151 482 2328 536 valde.
2356 482 2522 552 Atqui
2545 481 2613 536 de
2636 481 2842 536 Judaeis
2897 481 3121 551 quidem
3165 481 3418 537 Christus
3462 484 3565 537 ali-

1989 574 2114 628 cu~bi
2142 573 2219 631 ait
2241 573 2448 627 sanctis
2469 573 2752 641 discipulis
2778 590 2792 625 :
2822 592 2840 622 ι
2868 572 3043 627 Sinite
3068 573 3239 642 ipsos,
3263 573 3389 628 caeci
3415 584 3564 630 sunt.

1988 674 2045 718 et
2071 663 2238 717 duces
2263 678 2555 717 caecorum.
2589 660 2766 716 Vestri
2806 670 2989 716 autem
3026 662 3174 716 beati
3224 662 3391 724 oculi,
3442 663 3569 731 quia

1990 755 2200 818 vident,
2234 763 2291 807 et
2317 769 2480 809 aures
2512 762 2726 817 vestrae,
2751 755 2877 823 quia
2904 753 3138 808 audiunt
3168 754 3232 807 ".
3264 772 3282 805 ι
3325 752 3569 808 Inﬁrmi-

1992 856 2074 902 tas
2126 848 2312 917 itaque
2372 847 2687 902 Judaeorum
2750 847 3046 918 Synagogas
3101 846 3169 900 ad
3233 845 3571 899 cernendum

1996 941 2171 995 Deum
2213 941 2414 995 merito
2434 941 2774 1009 signiﬁcatur
2818 956 2915 1009 per
2939 940 3129 993 oculos
3164 938 3274 993 Lim
3305 956 3318 991 :
3353 938 3574 1007 sapieno

1993 1035 2066 1089 tia
2087 1043 2270 1090 autem
2285 1044 2340 1089 et
2356 1035 2667 1105 prudentia,
2683 1045 2842 1104 atque
2854 1034 2920 1089 ad
2944 1032 3359 1103 intelligendum
3382 1045 3574 1101 magna

1992 1130 2281 1187 maturitas
2308 1146 2501 1185 eorum
2519 1131 2610 1200 qui
2634 1146 2732 1199 per
2766 1129 2926 1183 tidem
2947 1129 3001 1182 in
3023 1127 3245 1182 Christo
3265 1134 3415 1187 sunt,
3443 1140 3573 1179 nec-

1993 1237 2101 1275 non
2153 1229 2412 1274 venustas
2454 1235 2519 1274 ac
2555 1219 2723 1273 decor
2760 1218 2817 1271 in
2862 1217 3124 1286 operibus
3169 1231 3268 1286 per
3321 1213 3576 1269 Rachelis

1994 1312 2460 1384 pulchritudinem
2484 1310 2760 1379 descripta
2792 1316 2894 1364 est.
2923 1309 2990 1361 Et
3020 1307 3242 1376 quidem
3271 1306 3337 1360 ad
3361 1305 3576 1360 Iudaeo-

1994 1421 2115 1459 rum
2162 1413 2393 1458 matrem
2448 1401 2806 1473 propheticus
2836 1415 3017 1455 sermo
3052 1400 3250 1452 clamet
3305 1415 3319 1452 :
3380 1416 3398 1447 ι
3434 1396 3577 1451 Ecce

1991 1495 2140 1550 oculi
2176 1495 2255 1548 tui
2294 1509 2405 1548 non
2434 1501 2580 1557 sunt,
2613 1506 2792 1561 neque
2830 1506 2926 1545 cor
2953 1499 3106 1545 tuum
3144 1488 3435 1558 pulchrum
3458 1486 3522 1541 ³⁸.
3553 1507 3571 1533 ι

1993 1587 2247 1642 Christus
2284 1601 2417 1640 vero
2445 1584 2748 1640 Ecclesiam
2781 1598 2847 1635 ex
2868 1580 3125 1652 gentibus
3169 1586 3352 1642 vocet,
3398 1576 3578 1637 dicat-

1998 1696 2104 1749 que
2132 1680 2200 1733 de
2221 1693 2319 1733 ea:
2361 1697 2380 1729 ι
2408 1676 2565 1732 Oculi
2606 1675 2685 1731 tui
2709 1671 3054 1729 columbce”.
3086 1689 3184 1721 ι-
3206 1689 3224 1719 ι
3248 1667 3581 1738 Concupivi:

324 1756 531 1827 Ῥαχὴλ
569 1760 1012 1830 προανεγράφετο
1034 1760 1283 1823 κάλλους.
1332 1762 1443 1814 Καὶ
1474 1761 1613 1833 πρὸς
1668 1762 1766 1831 μὲν
1796 1762 1895 1833 τὴν

2006 1774 2148 1827 enim
2173 1768 2640 1840 pulchritudinem
2682 1767 2821 1836 ejus,
2863 1783 2882 1815 ι
2925 1764 3081 1834 juxta
3132 1761 3435 1816 Psalmista:
3478 1773 3577 1813 vo-

309 1849 422 1904 τῶν
469 1850 734 1904 Ἰουδαίων
774 1850 1010 1922 μητέρα,
1058 1852 1141 1917 τὸ,
1180 1872 1198 1904 ι
1230 1853 1362 1906 Ἰδοὺ
1413 1854 1464 1906 οἱ
1499 1852 1769 1924 ὀφθαλμοί
1801 1871 1895 1907 σου

306 1941 410 1996 οὐκ
455 1940 614 2004 εἰσὶν,
667 1942 788 1996 οὐδὲ
838 1943 874 2013 ἡ
930 1943 1131 2013 καρδία
1181 1959 1277 1996 σου
1323 1943 1534 2014 mlh,»
1563 1945 1898 2015 προορητικος

307 2030 600 2085 ἀναϐοάτω
624 2031 805 2099 λόγοςτ
843 2032 1083 2091 καλείτω
1110 2033 1167 2089 δὲ
1189 2036 1218 2087 6
1249 2035 1484 2106 Χριστὸς
1512 2036 1610 2106 τὴν
1643 2036 1702 2100 ἐξ
1730 2036 1897 2090 ἐθνῶν

320 2121 682 2191 Ἐκκλησίαν,
729 2124 824 2177 καὶ
867 2123 1075 2192 λεγέτω
1114 2126 1242 2195 περὶ
1281 2125 1477 2196 αὐτῆς*
1512 2127 1897 2197 σοίόροαλμοί

309 2226 405 2262 σου
434 2212 803 2285 περιστερῶν.
833 2232 957 2267 ι-ι
994 2214 1339 2284 Ἐπεαύμησε
1373 2216 1480 2288 γὰρ
1519 2216 1612 2270 τοῦ
1666 2217 1897 2281 κάλλους

307 2303 505 2383 αὐτῆς,
530 2322 552 2355 ι
592 2306 734 2358 κατά
772 2305 872 2376 τὴν
930 2306 1023 2360 τοῦ
1095 2308 1397 2371 Ψάλλοντος
1446 2310 1652 2380 φωνήν.
1687 2310 1896 2364 Οὐκοῦν

306 2396 546 2450 ἑποιεῖτο
594 2397 844 2452 σύνοικον
892 2400 922 2452 6
972 2402 1206 2471 Χριστὸς
1261 2402 1479 2473 πρῶτον
1534 2403 1631 2473 μὲν
1655 2405 1757 2473 τὴν
1787 2402 1898 2456 τῶν

321 2487 592 2542 Ἰουδαίων
620 2490 973 2563 Συναγωγὴν,
1004 2493 1499 2563 νυμφαγωγοῦντος
1537 2496 1782 2559 Μωσέως
1804 2497 1899 2549 καὶ

314 2582 709 2651 μεσιτευόντων
747 2585 1018 2654 ἀγγέλων·
1061 2588 1149 2640 ἐπ’
1196 2587 1412 2660 ἐκείνην
1451 2588 1509 2641 δὲ
1562 2588 1751 2660 ὥσπερ
1780 2590 1897 2642 δευ-

312 2671 475 2742 τέραν
521 2675 620 2745 τὴν
660 2675 720 2743 ἐξ
760 2677 932 2731 ἐθνῶν
969 2678 1312 2750 Ἐκκλησίαν,
1335 2680 1498 2733 οἱονεὶ
1531 2680 1750 2751 μεσίτου
1768 2698 1902 2752 stap-

314 2765 646 2837 ειλημμένου
685 2768 783 2821 καὶ
816 2769 905 2823 ἐπ’
945 2771 1081 2842 αὐτῇ
1118 2770 1214 2825 τοῦ
1267 2773 1536 2845 μακαρίου
1566 2772 1895 2827 Βαπτιστοῦ.

316 2855 604 2928 Τοιγάρτοι
637 2859 731 2912 καὶ
758 2858 989 2928 ἔφασκε,
1031 2861 1122 2914 τὸν
1159 2864 1350 2935 νοητὸν
1375 2865 1585 2918 τουτονὶ
1619 2865 1715 2918 καὶ
1754 2864 1901 2919 Θεῖον

314 2948 453 3017 ἡμῖν
495 2951 924 3021 κατασημαίνων
967 2953 1176 3025 γάμοψ
1213 2972 1232 3004 ι
1265 2955 1325 3008 '0
1368 2954 1505 3025 ἔχων
1547 2955 1649 3027 τὴν
1678 2955 1899 3027 νύμφην

322 3040 555 3110 νυμφίος
600 3044 777 3098 ἐστίν·
823 3046 852 3098 6
884 3045 940 3100 δὲ
984 3046 1135 3115 φίλος
1171 3046 1265 3100 τοῦ
1313 3048 1551 3116 νυμφίου
1585 3051 1613 3103 6
1651 3046 1898 3115 ἑστηκὼς
1933 3109 1967 3126 η

316 3133 417 3185 καὶ
443 3132 660 3187 ἀκούων
689 3135 873 3204 αὐτοῦ,
909 3140 1056 3210 χαρᾷ
1102 3139 1285 3210 χαίρει
1329 3140 1418 3193 διὰ
1451 3140 1551 3212 τὴν
1583 3141 1768 3212 φωνὴν
1801 3139 1897 3194 τοῦ

316 3225 583 3293 νυμφίου.
611 3226 759 3297 Αὕτη
785 3224 879 3282 οὖν
901 3231 934 3299 ή
962 3230 1108 3300 χαρὰ
1126 3231 1159 3299 ἡ
1176 3230 1287 3303 ἐμὴ
1313 3232 1691 3303 πεπλήρωται.
1728 3232 1901 3285 Ἐκεῖ-

317 3334 411 3370 νον
440 3317 526 3370 δεί
566 3319 841 3385 αὐξάνειν,
886 3321 987 3392 ἐμὲ
1027 3323 1085 3376 δὲ
1134 3323 1511 3379 ἐλαττοῦσθαι.
1540 3343 1558 3375 ι
1616 3324 1802 3389 Ἔλεος
1848 3324 1905 3378 δὲ

320 3410 420 3464 καὶ
457 3411 641 3476 πίστις
693 3417 762 3485 τῇ
811 3412 998 3485 νύμφῃ
1030 3415 1091 3468 τὸ
1118 3414 1285 3471 ἕδνον.
1319 3417 1463 3486 Ἔφη
1515 3416 1625 3488 γάρ
1672 3433 1773 3470 που
1817 3417 1904 3470 διὰ

318 3500 513 3573 φωνῆς
545 3505 861 3576 προφητῶν,
910 3507 940 3559 6
981 3505 1188 3561 ἀνωθεν
1239 3508 1389 3577 ἥκων
1426 3508 1519 3561 καὶ
1570 3507 1630 3573 ἐξ
1674 3508 1904 3581 οὐρανοῦ

319 3594 558 3663 νυμφίος
603 3596 738 3665 πρὸς
763 3596 864 3667 τὴν
896 3597 954 3662 ἐξ
982 3597 1150 3653 ἐθνῶν
1185 3598 1535 3670 Ἐκκλησίαν·
1578 3619 1596 3651 ι
1627 3600 1734 3652 Καὶ
1770 3618 1904 3671 μνη-

324 3685 621 3756 στεύσομαί
648 3704 706 3740 σε
738 3687 964 3759 ἐμαυτῷ
987 3690 1065 3752 είς
1088 3689 1178 3742 τὸν
1210 3689 1404 3754 αίῶνα,
1439 3692 1532 3743 καὶ
1575 3691 1906 3762 μνηστεύσο-

328 3779 428 3848 μαί
442 3796 503 3832 σε
516 3782 737 3852 ἐμαυτῷ
755 3783 813 3835 ἐν
834 3781 1150 3853 δικαιοσύνῃ
1168 3783 1263 3837 καὶ
1294 3782 1541 3855 κρίματι,
1560 3784 1653 3837 καὶ
1671 3786 1726 3837 ὲν
1743 3784 1904 3847 ὲλέει,

324 3871 417 3925 καὶ
452 3873 512 3924 ὲν
543 3874 868 3945 οίκτιρμοῖς.
915 3873 1024 3928 Καὶ
1054 3874 1462 3944 μνηστεύσομαί
1497 3892 1556 3928 σε
1591 3875 1812 3946 ἐμαυτῷ
1850 3877 1907 3926 ὲν

324 3963 529 4023 πίστει,
554 3965 648 4018 καὶ
678 3966 958 4040 ὲπιγνώσῃ
970 3966 1058 4019 τὸν
1076 3967 1329 4039 Κύριον.‹
1353 3967 1621 4034 Ἠγάγετο
1653 3966 1750 4035 μὲν
1777 3966 1846 4032 γά
1857 3983 1907 4036 ρ,

327 4056 579 4127 καθάπερ
609 4056 747 4128 ἔφην
768 4058 993 4131 ἀρτίως,
1025 4060 1131 4131 πρὸ
1163 4060 1260 4130 τῆς
1289 4058 1349 4124 ἐξ
1378 4057 1547 4111 ὲθνῶν
1580 4056 1909 4123 Ἐκκλησίας

326 4148 427 4219 τὴν
476 4151 878 4221 πρεσϐυτέραν.
927 4152 1066 4205 Ἀλλ’
1107 4155 1137 4206 6
1180 4152 1281 4221 τῆς
1332 4149 1634 4221 μνηστείας
1685 4148 1908 4219 τρόπος,

328 4243 425 4294 καὶ
459 4243 560 4309 τῆς
600 4244 897 4311 συναφείας
925 4246 957 4317 ἡ
988 4243 1235 4314 δύναμις,
1287 4242 1385 4295 οὐκ
1434 4243 1514 4306 είς
1550 4240 1723 4296 αίῶνα
1751 4240 1911 4310 γέγοη-

328 4350 439 4387 νεν.
479 4333 628 4405 Ἔφη
668 4335 779 4408 γάρ
828 4352 931 4389 που
981 4335 1143 4390 πάλιν
1189 4335 1320 4406 περὶ
1365 4334 1557 4404 αὐτῆς,
1596 4335 1680 4387 ὅτι
1713 4352 1730 4385 ι
1759 4332 1906 4403 Λῦτη

2002 1880 2120 1918 cem
2154 1863 2220 1916 ⁸³.
2252 1861 2416 1915 Duxit
2447 1860 2630 1929 itaque
2645 1858 2899 1913 Christus
2926 1855 3165 1926 primum
3201 1853 3424 1923 quidem
3448 1865 3580 1907 eon-

1997 1957 2183 2026 jugem
2197 1953 2533 2024 Synagogam
2564 1949 2874 2004 Judaaorum
2884 1988 2898 2010 ,
2909 1945 3163 2016 pronubo
3173 1941 3579 2014 quodammodo

2003 2047 2205 2119 Moyse,
2223 2054 2279 2099 et
2318 2041 2687 2097 mediantibus
2712 2038 2937 2107 angelis.
2980 2038 3109 2092 Post
3142 2036 3284 2090 hanc
3307 2050 3437 2089 vero
3462 2033 3578 2087 vel-

2004 2139 2083 2193 uti
2133 2135 2431 2192 secundam
2455 2132 2612 2188 duxit
2637 2130 2933 2186 Ecclesiam
2972 2145 3038 2183 ex
3066 2128 3341 2198 gentibus,
3376 2124 3582 2179 media-

2007 2240 2122 2284 tore
2143 2225 2546 2299 quodammodo
2563 2223 2631 2278 ad
2662 2223 2717 2277 id
2740 2239 2871 2297 usus
2900 2221 3060 2275 beato
3097 2219 3303 2275 Joanne
3321 2215 3579 2285 Baptista.

2006 2323 2215 2378 Idcirco
2269 2319 2436 2374 etiam
2466 2317 2605 2371 dixit
2630 2315 2876 2385 spiritale
2922 2313 3027 2367 hoc
3064 2320 3120 2367 ct
3144 2310 3392 2364 divinum
3421 2306 3582 2361 nobis

2005 2412 2319 2484 conjugium
2347 2407 2662 2480 signiﬁcans
2690 2423 2703 2460 ε
2742 2426 2761 2455 ι
2785 2404 2888 2471 Qui
2916 2404 3083 2457 habet
3114 2414 3394 2472 sponsam,
3412 2412 3579 2470 spon-

2006 2522 2098 2561 sus
2128 2512 2231 2569 est,
2266 2501 2478 2557 amicus
2496 2508 2678 2554 autem
2699 2497 2905 2568 sponsi,
2930 2495 3024 2565 qui
3056 2502 3165 2551 stat
3184 2504 3240 2549 et
3260 2491 3413 2546 audit
3429 2504 3578 2550 eum.

2004 2596 2203 2668 gaudio
2232 2595 2432 2667 gaudet
2460 2600 2687 2664 propter
2709 2604 2899 2644 vocem
2922 2586 3130 2657 sponsi.
3154 2586 3269 2640 Hoc
3302 2597 3432 2652 ergo
3453 2597 3584 2651 gau-

2006 2687 2157 2742 dium
2184 2701 2368 2741 meum
2398 2684 2685 2756 impletum
2721 2688 2826 2735 est.
2867 2680 3025 2735 Illum
3050 2683 3269 2747 oportet
3309 2688 3580 2735 crescere,

2007 2795 2093 2835 me
2110 2795 2243 2833 vero
2271 2777 2448 2832 minui
2483 2777 2550 2830 ".
2584 2795 2601 2826 ι
2627 2771 3002 2827 Misericordia
3024 2784 3158 2823 vero
3187 2776 3243 2821 et
3265 2765 3398 2819 lides
3425 2779 3585 2833 spon-

2006 2887 2080 2926 sae
2106 2871 2204 2926 dos
2236 2877 2337 2923 est.
2381 2868 2528 2923 Dixit
2558 2868 2707 2921 enim
2738 2864 2941 2919 alicubi
2973 2877 3072 2932 per
3109 2872 3301 2913 vocem
3344 2854 3586 2925 pr0phc-

2012 2973 2186 3017 tarum
2214 2975 2447 3030 sponsus
2476 2974 2716 3027 superne
2754 2964 2917 3024 atque
2948 2968 3016 3007 ex
3068 2950 3209 3005 etnlo
3238 2947 3465 3000 veniens
3518 2943 3585 2997 ad

2008 3053 2309 3109 Ecclesiam
2345 3067 2409 3105 ex
2433 3051 2728 3121 gentibus:
2768 3067 2785 3097 ι
2830 3047 2897 3100 Ει
2928 3042 3203 3114 sponsabo
3251 3047 3302 3094 te
3342 3037 3476 3091 mihi
3531 3038 3584 3091 in

2007 3147 2429 3221 sempiternum,
2467 3152 2524 3197 et
2552 3139 2830 3211 sponsabo
2854 3146 2907 3191 te
2936 3134 3071 3190 mihi
3104 3134 3159 3191 in
3180 3131 3395 3204 justitia
3428 3130 3584 3200 etju-

2007 3240 2174 3304 dicio,
2209 3246 2266 3293 et
2293 3237 2348 3291 in
2380 3232 2780 3296 misericordia,
2810 3238 2867 3285 et
2916 3229 2970 3283 in
3019 3223 3485 3281 miserationibus.
3522 3221 3587 3276 Et

2008 3329 2281 3402 sponsabo
2312 3336 2363 3382 te
2391 3326 2528 3382 mihi
2550 3326 2604 3379 in
2628 3323 2752 3386 ﬁde,
2773 3330 2829 3376 et
2855 3334 3150 3390 cognosces
3168 3316 3459 3372 Dominum
3475 3314 3537 3366 ³⁷.
3562 3332 3579 3362 ι

2008 3421 2173 3484 Duxit
2195 3419 2363 3482 enim,
2390 3412 2978 3488 quemadmodumdixi
3009 3409 3171 3464 modo
3196 3449 3211 3471 ,
3243 3416 3370 3476 ante
3394 3405 3585 3461 Eccle-

2008 3512 2143 3565 siam
2163 3526 2230 3566 ex
2261 3507 2538 3579 gentibus,
2561 3504 2854 3560 seniorem.
2903 3501 3174 3557 C:eterum
3204 3496 3585 3567 desponsatio-

2007 3604 2095 3659 nis
2124 3603 2263 3657 ratio
2293 3610 2349 3657 et
2384 3598 2621 3670 eonjugii
2663 3598 2746 3651 vis
2782 3613 2889 3651 non
2933 3595 3038 3649 fuit
3066 3595 3122 3648 in
3166 3592 3584 3661 sempiternum.

2009 3696 2100 3750 Ait
2145 3694 2292 3749 enim
2347 3692 2549 3747 alicubi
2577 3704 2798 3745 rursum
2840 3687 2907 3741 de
2941 3703 3003 3741 ea
3042 3704 3053 3737 :
3086 3704 3104 3734 ε
3158 3685 3280 3752 Ipsa
3310 3699 3418 3736 non
3450 3697 3589 3733 uxor

2010 3801 2130 3839 mea
2176 3802 2190 3837 :
2236 3797 2414 3851 neque
2461 3797 2559 3849 ego
2592 3779 2676 3833 vir
2715 3780 2836 3847 ejus
2860 3777 2924 3827 ”.
2962 3794 2978 3825 ι
3024 3774 3091 3825 Ει
3118 3786 3352 3823 rursus:
3393 3788 3410 3817 ι
3458 3768 3589 3820 Dedi

2013 3875 2115 3944 ipsi
2146 3873 2393 3927 libellum
2420 3868 2636 3939 repudii
2686 3869 2742 3919 in
2773 3878 2967 3917 manus
2994 3860 3165 3928 ipsius
3208 3858 3272 3909 ³³.
3326 3876 3344 3906 ι
3406 3857 3589 3925 Repu-

2012 3961 2158 4013 diata
2176 3958 2327 4015 enim
2354 3963 2440 4009 est
2466 3962 2527 4007 ut
2559 3950 2875 4011 l'ornicaria,
2913 3960 3249 4013 sumnncque
3297 3944 3595 4013 turpitudi-

2011 4052 2099 4105 nis
2127 4049 2401 4102 damnata.
2432 4044 2523 4098 Ait
2555 4042 2700 4097 enim
2731 4038 2934 4095 alicubi
2966 4039 3034 4093 de
3063 4053 3127 4092 ea
3166 4055 3177 4089 :
3219 4055 3237 4087 ι
3270 4035 3328 4091 Si
3370 4035 3594 4090 dimise-

2014 4142 2087 4196 rit
2117 4141 2201 4194 vir
2225 4152 2450 4193 uxorem
2485 4151 2662 4201 suam,
2694 4142 2753 4189 et
2792 4130 3085 4188 recesserit
3118 4129 3187 4183 ab
3216 4145 3303 4193 eo,
3344 4127 3503 4198 13o
3537 4136 3592 4182 et

2013 4234 2177 4290 fuerit
2205 4246 2332 4286 cum
2360 4230 2482 4284 viro
2510 4230 2705 4292 altero,
2732 4224 2999 4295 numquid
3026 4232 3310 4277 revertens
3350 4229 3593 4277 reverte-

2016 4336 2103 4382 tur
2121 4326 2188 4381 ad
2211 4340 2338 4379 eum
2373 4321 2546 4376 ultra?
2571 4335 2753 4373 nonne
2774 4316 3140 4372 contaminata
3192 4313 3560 4369 contaminabi
3575 4343 3591 4352 -

329 4426 388 4478 οὐ
417 4427 555 4497 γυνή
587 4444 691 4497 μου
712 4442 726 4457 ’
748 4405 854 4481 ’καὶ
883 4428 993 4496 ἐγὼ
1020 4428 1122 4480 οὐκ
1148 4405 1288 4497 ἀνὴρ
1313 4426 1501 4495 αὐτῆς.
1530 4444 1551 4476 ι
1584 4427 1694 4479 Καὶ
1724 4425 1902 4479 πάλιν·

2020 4429 2109 4475 tur
2145 4418 2345 4472 mulier
2391 4414 2525 4468 illa?
2576 4413 2645 4466 Et
2715 4420 2770 4465 tu
2802 4409 3069 4463 fornicata
3113 4423 3173 4461 es
3204 4407 3259 4460 in
3283 4405 3595 4475 pastoribus

336 4496 604 4573 ιἘδωκα
641 4519 775 4590 αὐτῇ
826 4519 1028 4590 βιϐλίον
1067 4496 1399 4572 ἀποστασίου
1448 4520 1527 4581 είς
1576 4518 1674 4581 τὰς
1726 4520 1902 4588 χεῖρας

2018 4511 2225 4565 multis.
2244 4508 2450 4562 Tamen
2481 4512 2756 4558 revertere
2779 4500 2846 4554 ad
2866 4515 2974 4563 me,
2995 4499 3128 4553 dicit
3149 4499 3429 4552 Dominus.
3454 4496 3611 4551 Leva

334 4611 520 4682 αὐτῆς.
548 4630 569 4663 ι
610 4612 1001 4682 Ἀποϐἐΰληται
1040 4610 1150 4682 γὰρ
1196 4610 1272 4673 ὡς
1332 4609 1771 4681 πεπορνευμένη.
1822 4610 1915 4661 καὶ

333 4705 425 4757 ἐπὶ
477 4707 592 4769 τοῖς
638 4703 778 4774 ἄγαν
825 4703 1232 4776 ἀπηχεστάτοις
1277 4701 1725 4771 κατεγνωσμένη.
1766 4702 1912 4771 Ἔφη

332 4796 439 4866 γάρ
479 4812 586 4851 που
620 4797 747 4866 περὶ
784 4796 986 4867 αὐτῆς·
1030 4815 1049 4847 ι
1089 4795 1215 4848 Ἐὰν
1249 4793 1608 4865 ἐξαποστείλῃ
1640 4793 1780 4862 ἀνὴρ
1812 4791 1913 4861 τὴν

334 4889 566 4954 γυναῖκα
597 4886 786 4953 αὐτοῦ,
816 4889 913 4942 καὶ
950 4887 1164 4960 ἀπέλθῃ
1197 4888 1290 4940 ἀπ’
1330 4884 1519 4948 αὐτοῦ,
1561 4884 1655 4937 καλ⁸
1694 4883 1918 4952 γένηται

335 4981 486 5052 ἀνδρὶ
502 4980 700 5052 ἑτέρῳ,
722 4981 796 5052 μὴ
814 4980 1247 5050 ἀνακάμπτουσα
1264 4977 1579 5046 ἀνακάμψει
1604 4975 1737 5046 πρὸς
1758 4974 1918 5027 αὐτὸν

337 5072 413 5125 ἔτι
431 5089 447 5135 ;
467 5073 531 5124 οὐ
557 5072 886 5142 μιαινομὲνη
916 5069 1269 5141 μιανῦήσεται
1291 5070 1323 5138 ἡ
1347 5067 1481 5138 γυνὴ
1501 5066 1681 5134 ἐκείνη
1702 5064 1840 5127 ;Καὶ
1855 5064 1918 5115 σὺ

336 5162 733 5234 ἐξεπόρνευσας
770 5163 831 5215 ὲν
882 5161 1107 5233 ποιμέσι
1160 5158 1393 5221 πολλοῖς,
1439 5156 1534 5211 καὶ
1589 5154 1916 5224 ἀνάκαμπτε

338 5253 469 5325 πρός
505 5271 597 5325 με,
646 5254 796 5324 λέγει
840 5253 1068 5325 Κύριος.
1107 5248 1278 5323 *Αρον
1319 5252 1397 5312 εἰς
1424 5248 1640 5301 εὐθεῖαν
1672 5247 1797 5310 τοὺς
1823 5245 1920 5313 ὀφ-

338 5344 575 5419 θαλμούς
624 5364 743 5413 σου,
812 5348 904 5400 καὶ
961 5346 1037 5399 ῐδε
1107 5344 1209 5399 ποῦ
1252 5341 1577 5413 ὲξεφύρθης.
1634 5339 1755 5392 Ἐπὶ
1801 5339 1919 5400 ταῖς

335 5439 470 5504 ὁδοῖς
503 5440 770 5503 ἐκάθισας
810 5438 1001 5502 αὐταῖς
1038 5438 1169 5490 ὡσεὶ
1195 5434 1408 5513 κορώνη
1429 5431 1793 5505 ἠρημωμένης,
1831 5432 1922 5481 καὶ

405 5648 447 5677 ³¹
472 5647 664 5701 Matth.
702 5661 794 5706 xv,
846 5643 933 5710 l4;
962 5660 1072 5702 xm,
1108 5643 1189 5698 l6.
1269 5642 1312 5672 ³³
1338 5641 1535 5696 Jerem.
1573 5653 1700 5710 xxii,
1731 5636 1813 5710 μ’.

1896 5631 2115 5684 “Cant.
2159 5641 2227 5679 ιγ.
2269 5621 2311 5674 Ι.

2015 4603 2206 4658 oculos
2243 4610 2367 4655 tuos
2397 4597 2454 4650 in
2483 4596 2778 4658 directum,
2809 4599 2865 4646 et
2907 4591 3032 4645 vide
3060 4590 3155 4644 ubi
3192 4597 3461 4659 prostrata
3498 4588 3592 4644 sis.

2014 4697 2073 4750 lu
2095 4693 2200 4749 viis
2223 4688 2414 4747 sedisti
2439 4687 2598 4758 quasi
2637 4685 2827 4741 cornix
2865 4684 2921 4738 in
2949 4681 3266 4746 solitudine,
3310 4689 3365 4734 et
3391 4680 3595 4750 pollui-

2015 4787 2084 4839 sti
2116 4794 2318 4840 terram
2339 4781 2395 4835 in
2428 4777 2888 4834 fomicationibus
2921 4776 3029 4830 tuis
3072 4784 3128 4827 et
3149 4774 3204 4827 in
3222 4772 3446 4825 malitiis
3468 4771 3595 4832 tuis,

2015 4886 2072 4931 et
2125 4875 2364 4929 habuisti
2394 4878 2644 4942 pastores
2686 4869 2891 4922 multos
2924 4867 2980 4919 in
3014 4862 3373 4918 olfcnsionem
3428 4867 3594 4912 tuam.

2028 4967 2215 5022 Facies
2239 4962 2545 5023 meretricis
2578 4960 2718 5015 facta
2741 4968 2827 5013 est
2861 4954 2984 5018 tibi,
3019 4955 3138 5006 sine
3164 4949 3364 5003 rubore
3381 4947 3518 5003 facta
3540 4964 3601 5001 ο.»

2026 5062 2092 5114 ad
2114 5073 2325 5115 omnes.
2364 5057 2558 5111 Nonne
2606 5065 2780 5121 usque
2819 5061 2969 5103 nunc
3018 5058 3106 5097 me
3147 5041 3351 5094 vocasti
3398 5046 3456 5093 et
3503 5054 3602 5106 pa-

2028 5164 2164 5208 trem
2224 5162 2286 5205 et
2316 5149 2511 5203 ducem
2543 5140 2871 5212 virginitatis
2904 5136 3047 5190 tuas?
3076 5130 3344 5198 numquid
3390 5143 3604 5198 perma-

2026 5245 2179 5300 nebit
2222 5244 2277 5296 in
2334 5239 2593 5295 seculum
2636 5234 2718 5285 δοῖ)
2774 5252 2790 5281 ν
2833 5227 3000 5295 Atqui
3055 5224 3137 5277 sic
3169 5219 3390 5288 quidem
3418 5218 3604 5272 senior

2027 5338 2219 5391 aﬂecta
2261 5333 2381 5385 fuit.
2432 5325 2636 5382 Rachel
2671 5330 2852 5375 autem
2893 5310 3318 5385 juniorem,hoc
3360 5318 3463 5373 est,
3499 5309 3601 5362 Ec-

2031 5426 2251 5479 clesiam
2287 5436 2354 5473 ex
2385 5415 2641 5487 gentibus
2668 5410 2771 5463 sibi
2803 5404 3128 5474 despondet,
3156 5401 3321 5472 idque
3371 5401 3425 5453 in
3461 5415 3613 5453 sema

2996 5606 3034 5636 εδ
3069 5606 3221 5657 Joan.
3265 5618 3340 5663 Ill,
3392 5601 3483 5668 ἓξ),
3522 5596 3607 5658 ἇῧ.

2415 5619 2456 5648 ³⁵
2483 5614 2622 5668 Psal.
2662 5627 2800 5671 xuv,
2837 5609 2913 5660 ιτι.

344 5713 535 5774 "Osce
583 5734 642 5787 ιι,
690 5686 794 5781 19,’
817 5687 933 5768 2οῘ
985 5714 1026 5744 ³⁸
1055 5683 1189 5773 ibid.
1233 5712 1287 5766 Ξ.
1338 5683 1403 5742 ’ἦ
1429 5710 1530 5766 lsa.
1559 5725 1606 5775 ι,
1641 5683 1902 5772 Ιξιρνριιι

2010 5717 2047 5765 ι,
2076 5699 2126 5752 8.
2206 5696 2247 5724 ’⁸ο
2285 5693 2484 5749 Jerem.
2512 5701 2586 5749 ιιι,
2618 5683 2730 5737 l-b.
