4074 6260
497 330 596 387 ειι

1527 335 1584 391 S.
1624 333 1903 391 (ἐπωδιί
1936 327 2407 386 ALEXANDle
2446 326 2766 385 ARCHIEP.

3656 324 3756 383 αιο

496 448 796 519 piternutn.
831 446 1132 508 Illad‘vero
1157 449 1305 519 quod
1332 448 1408 503 ait
1441 468 1453 503 :
1490 449 1620 505 Mihi
1646 450 1768 522 ipsi,
1797 449 2070 520 intelliga-

2178 444 2407 516 ἑμίανας
2444 443 2543 516 τὴν
2572 445 2674 514 γῆν
2714 444 2771 495 ὲν
2814 441 2945 513 ταῖς
2976 437 3254 510 πορνείαις
3285 454 3403 504 σου,
3434 438 3529 493 καὶ
3559 439 3622 494 ἓν
3644 444 3756 505 ταῖς

497 551 590 594 tur
611 554 849 610 quonam
887 540 1070 595 modo.
1105 540 1438 613 Duxitenim
1487 542 1806 611 Iudaeorum
1831 541 2075 613 Synago-

496 644 641 701 gam,
673 628 768 683 sed
800 644 899 698 per
924 629 1280 687 mediatorem
1311 631 1535 687 Mosam.
1559 631 1861 702 Copulatus
1892 644 2075 687 autem

495 728 580 775 est
599 719 1005 790 quodammodo
1032 722 1291 778 Ecclesiae
1315 724 1581 795 gentium,
1614 739 1713 779 sua
1735 738 1869 778 voce
1904 723 2076 784 ipsam

495 808 563 863 ad
585 807 638 862 id
662 823 885 875 vocans,
916 818 973 864 et
1003 811 1148 867 sicut
1181 828 1326 869 unus
1344 828 1535 868 eorum
1569 813 1741 884 quiin
1772 813 1939 869 terris
1977 813 2077 869 de-

492 905 628 966 gunt
679 899 835 954 visus
879 899 1064 957 homo.
1104 900 1304 959 Annuit
1334 903 1484 959 enim
1520 918 1734 973 sponsae
1765 903 2020 961 clamanti
2061 921 2077 956 :

501 1008 519 1038 ι
557 988 965 1055 Ostendemihi
996 992 1191 1049 faciem
1219 1002 1388 1062 tuam,
1425 1005 1583 1052 sonet
1610 1011 1714 1051 vox
1755 1004 1849 1050 tua
1878 996 1933 1051 in
1973 1012 2075 1051 au-

494 1080 652 1137 ribus
671 1082 807 1137 meis
843 1082 911 1138 “.
946 1102 964 1135 ι
1014 1082 1323 1140 Audierunt
1364 1086 1511 1142 enim
1540 1086 1707 1141 etiam
1740 1094 1959 1141 veteres
1986 1086 2073 1155 ip-

492 1188 617 1229 sum
645 1175 962 1245 loquentem
982 1194 1000 1243 ‘:
1024 1184 1284 1233 caeterum
1307 1194 1405 1249 per
1437 1178 1641 1233 Mosem
1663 1185 1720 1232 et
1741 1178 2068 1249 prophetas.

494 1262 553 1316 ln
581 1261 790 1321 ultimis
816 1273 998 1319 autem
1028 1266 1212 1323 smculi
1244 1267 1613 1337 temporibus,
1644 1266 1760 1338 ipse
1785 1266 1948 1322 nobis
1975 1282 2075 1337 per

493 1351 734 1422 seipsum
795 1354 1012 1410 locutus
1034 1364 1118 1410 est
1152 1355 1357 1421 Filius,
1393 1357 1855 1427 quemadmodum
1904 1357 2072 1413 etiam

491 1441 710 1511 sapiens
744 1442 945 1514 Paulus
977 1451 1209 1500 testatus
1237 1454 1323 1500 est
1349 1447 1412 1501 “.

2175 534 2397 596 κακίαις
2430 550 2546 596 σου,
2595 531 2692 586 καὶ
2723 530 2880 600 ἔσχες
2915 530 3182 599 ποιμένας
3211 528 3438 592 πολλοὺς
3470 532 3550 592 εἰς
3584 531 3745 600 πρός.

2176 641 2364 695 κομμα
2406 626 2594 694 σαυτῇ.
2638 623 2800 692 Ὄψις
2856 622 3061 692 πόρνης
3102 620 3320 689 ἐγένετό
3363 637 3465 675 σοι.
3516 621 3745 692 ἀπηναι-

2177 716 2484 787 σχύντησας
2529 714 2667 786 πρὸς
2710 714 2939 777 πάντας.
2977 713 3093 783 Οὐχ
3123 711 3200 777 ὡς
3225 712 3426 767 οίκείόν
3462 730 3531 782 με
3559 714 3749 768 ἐκάλει

2179 824 2276 872 σας
2335 809 2429 861 καὶ
2464 808 2678 878 πατέρα
2724 805 2822 860 καὶ
2862 804 3103 876 ἀρχηγὸν
3137 805 3234 874 τῆς
3286 805 3584 876 παρθενίας
3622 824 3751 867 σονς

2188 897 2263 970 μὴ
2303 898 2546 969 διαμενεῖ
2576 899 2656 962 εἰς
2708 898 2799 951 τὸν
2847 897 3054 960 αἰῶνας
3080 915 3099 947 ι
3141 896 3278 950 Ἀλλ’
3312 898 3371 951 ὲν
3409 897 3623 962 τούτοις
3662 901 3758 968 μὲν

2183 993 2216 1061 ή
2248 989 2621 1061 πρεσϐυτέρα·
2665 989 2867 1059 Ῥαχὴλ
2894 988 2951 1041 δὲ
2995 987 3094 1058 τὴν
3145 988 3437 1060 νεωτέραν,
3491 991 3753 1063 τουτέστι,

2173 1084 2270 1155 τὴν
2304 1082 2363 1148 ἐξ
2393 1076 2568 1135 ἐθνῶν
2618 1079 2967 1150 Ἐκκλησίαν,
3015 1079 3192 1151 ἑαυτῷ
3247 1081 3629 1150 μνηστεύεται,
3669 1085 3759 1138 καὶ

2173 1175 2333 1233 τοῦτο
2365 1172 2647 1244 διηνεκῶς.
2681 1172 2754 1226 Τὸ
2781 1172 2836 1226 δὲ
2867 1170 3120 1241 ἐμαυτῷ,
3162 1171 3392 1225 νοείσθω
3421 1172 3761 1228 κατὰτοιόνυ

2171 1266 2229 1320 δε
2281 1265 2505 1337 τρόπον.
2545 1264 2984 1335 Ἐμνηστεύσατο
3046 1262 3146 1334 μὲν
3198 1262 3305 1334 γὰρ
3354 1262 3455 1334 τὴν
3493 1264 3760 1321 Ἰουδαίων

2172 1356 2523 1424 Συναγωγὴν,
2556 1353 2692 1409 ἀλλά
2721 1353 2810 1408 διὰ
2850 1353 3070 1424 μεσίτου
3119 1354 3387 1418 Μωσέως.
3427 1355 3685 1426 Συνήφθη
3709 1356 3760 1410 δὲ

2172 1447 2362 1520 ὥσπερ
2399 1451 2464 1519 τῇ
2505 1445 2565 1512 ἐξ
2592 1446 2762 1502 ὲθνῶν
2805 1444 3132 1517 Ἐκκλησία,
3171 1449 3378 1514 φωναῖς
3405 1446 3563 1511 ἰδίαις
3593 1447 3761 1519 αὐτὴν

489 1535 571 1596 τίς
598 1534 754 1588 τοῦτο
779 1537 981 1604 καλῶν,
1017 1539 1112 1592 καὶ
1132 1540 1253 1593 καθ’
1283 1540 1382 1593 ἕνα
1416 1540 1526 1615 τῶν
1556 1544 1650 1595 ἐπὶ
1701 1543 1798 1613 τῆς
1860 1542 1962 1612 γῆς
1992 1542 2269 1614 ὁρώμενος
2311 1542 2622 1614 ἄνθρωὶτος.
2692 1541 2967 1596 Κατένευε
3018 1542 3127 1612 γὰρ
3177 1544 3245 1612 τῇ
3291 1540 3481 1614 νύμφῃ
3548 1541 3756 1617 βοὼτῃ·

495 1627 713 1692 «Δεῖξον
769 1646 858 1698 μοι
911 1629 1011 1701 τὴν
1057 1632 1180 1702 ὄψιν
1228 1649 1347 1696 σου,
1381 1633 1475 1687 καὶ
1522 1633 1808 1687 ἀκούτισόν
1842 1651 1931 1704 μοι
1958 1634 2057 1704 τὴν
2096 1637 2280 1705 φωνήν
2310 1652 2424 1689 σου.
2451 1655 2468 1686 ι
2510 1636 2746 1688 Ἤκουον
2781 1632 2880 1704 μὲν
2912 1632 3020 1704 γὰρ
3051 1633 3147 1686 καὶ
3206 1635 3255 1684 οἰ
3316 1632 3481 1687 πάλαι
3516 1633 3748 1687 λαλοῦν-

487 1740 581 1789 τος
629 1724 817 1787 αὐτοῦ,
869 1725 1008 1798 πλὴν
1053 1727 1141 1781 διὰ
1192 1729 1440 1791 Μωσέως
1490 1727 1525 1799 ἢ
1576 1729 1895 1800 προφητῶν.

1974 1730 2062 1782 Ἐν
2100 1730 2351 1800 ἐσχάτοις
2388 1729 2445 1785 δὲ
2480 1729 2574 1783 τοῦ
2641 1728 2838 1792 αἰῶνος
2902 1731 3137 1799 καιροῖς,
3168 1726 3330 1792 αὐτὸς
3361 1730 3494 1801 ἡμῖν
3522 1728 3591 1782 δι’
3624 1730 3752 1784 ἑαυο

486 1817 581 1873 τοῦ
610 1819 907 1891 λελάληκεν
931 1823 959 1875 ὁ
993 1824 1140 1886 Υἱὸς,
1160 1823 1305 1877 καθὰ
1332 1824 1425 1878 καὶ
1453 1826 1482 1878 ὁ
1517 1824 1681 1893 σοφὸς
1710 1826 2105 1897 μεμαρτύρηκε
2127 1827 2359 1891 Παῦλος.
3385 1876 3393 1885 .

557 1910 613 1966 8.
628 1911 821 1983 Operae
836 1915 1074 1984 pretium
1100 1933 1232 1973 vero
1247 1918 1412 1974 fuerit
1435 1928 1700 1990 praeterea
1719 1918 1956 1976 ﬁliorum
1973 1920 2067 1990 qui

2241 1928 2309 1991 η’.
2346 1921 2532 1987 ’Ἄξιον
2553 1920 2610 1974 δὲ
2643 1919 2778 1991 πρὸς
2819 1919 3049 1985 τούτοις,
3084 1920 3177 1972 καὶ
3200 1918 3299 1991 τὴν
3331 1918 3439 1972 τῶν
3461 1919 3522 1984 ἐξ
3551 1918 3750 1973 Ἰακὼϐ

486 2021 555 2060 ex
581 2006 750 2063 Iacob
778 2008 895 2063 nati
929 2018 1059 2064 sunt
1086 2010 1494 2082 generationem
1523 2010 1804 2080 inquirere
1826 2051 1840 2076 ,
1860 2019 1917 2067 et
1938 2021 2074 2080 quot

487 2112 553 2151 ac
569 2111 601 2151 e
622 2095 824 2166 quibus
840 2097 1073 2154 orti'sint
1090 2099 1297 2155 videre.
1312 2100 1534 2170 Peperit
1557 2100 1726 2171 igitur
1743 2101 1919 2171 prima
1943 2101 2072 2171 qui-

487 2187 613 2242 deni
640 2188 738 2243 Lia
770 2198 1025 2259 quatuor,
1061 2192 1276 2257 Ruben,
1308 2190 1552 2256 Simeon,
1592 2191 1725 2247 Levi
1764 2200 1821 2246 et
1850 2192 2067 2247 Iudam.

486 2281 626 2336 Dum
659 2297 793 2336 vero
834 2283 1041 2339 sterilis
1091 2292 1272 2348 esset,
1323 2299 1503 2353 neque
1538 2284 1719 2339 adhuc
1767 2284 2074 2353 peperisset

489 2370 713 2433 Rachel,
739 2380 932 2427 maesta
964 2371 1263 2427 admodum
1295 2380 1352 2426 et
1378 2372 1593 2426 consilii
1623 2373 1802 2441 inops,
1845 2371 2071 2425 orbitati

488 2475 603 2514 sua:
619 2461 875 2517 consulit.
919 2461 1126 2516 Suadet
1155 2462 1304 2516 enim
1354 2461 1544 2525 Iacob,
1579 2462 1821 2516 dicens:
1870 2480 1889 2512 ι
1932 2461 2074 2516 Ecce

488 2549 686 2604 ancilla
716 2565 836 2604 mea
848 2550 1317 2620 Rala..lngredere
1338 2550 1407 2605 ad
1430 2566 1592 2615 eam,
1624 2560 1681 2605 et
1707 2551 1883 2621 pariet
1905 2566 2073 2621 super

488 2655 667 2710 genua
700 2655 839 2704 mea,
879 2650 937 2696 et
969 2641 1185 2699 habebo
1206 2641 1349 2698 ﬁlios
1378 2659 1445 2697 ex
1464 2659 1543 2703 ea
1565 2642 1629 2696 ⁸³.
1662 2663 1680 2695 ι
1707 2642 1828 2709 Quo
1852 2643 2073 2698 tandem

490 2739 729 2803 peracto,
753 2733 863 2787 duo
881 2732 996 2789 nati
1014 2742 1142 2788 sunt
1157 2733 1327 2793 Iacob
1341 2733 1459 2799 ﬁlii,
1478 2734 1592 2788 Dan
1622 2744 1679 2789 et
1698 2734 2068 2804 Nephthalim.

487 2824 661 2881 Porro
688 2825 786 2880 Lia
808 2825 1069 2895 Zelpham
1102 2825 1356 2881 ancillam
1390 2841 1547 2883 suam
1572 2826 1674 2896 ipsi
1710 2825 1992 2898 copulans,
2012 2834 2075 2881 ut

488 2913 726 2969 duorum
775 2916 1015 2973 aliorum
1048 2914 1289 2972 ﬁliorum
1321 2923 1477 2986 pater
1509 2914 1686 2979 ﬁeret,
1743 2912 1927 2968 eﬁ'ecit
1958 2912 2073 2968 Gad

485 3006 749 3061 nimirum
765 3016 823 3062 et
850 3006 1007 3063 Aser.
1039 3005 1184 3074 Quid
1205 3021 1338 3061 vero
1360 3004 1664 3075 deinceps?
1710 3024 1729 3056 ι
1758 3003 1910 3059 Abiit
1970 3019 2074 3059 au-

488 3105 619 3162 tem,
650 3118 668 3149 ι
691 3098 891 3169 inquit,
911 3098 1105 3154 Ruben
1136 3117 1155 3149 ι
1182 3098 1237 3151 in
1252 3096 1343 3151 die
1364 3096 1560 3152 messis
1581 3095 1771 3160 tritici,
1786 3103 1844 3150 et
1861 3095 2076 3151 invenit

486 3204 647 3262 poma
676 3190 1051 3261 mandragorae
1083 3191 1138 3245 in
1164 3205 1314 3261 agro,
1341 3197 1399 3244 et
1428 3190 1611 3243 attulit
1641 3188 1707 3243 ad
1746 3187 1899 3243 Liam
1953 3204 2071 3244 ma-

2178 2013 2479 2080 γεγονότων
2513 2011 2647 2065 υίῶν
2696 2010 3225 2082 πολυπραγμονῆσαι
3279 2009 3525 2077 γένεσινο
3569 2011 3760 2063 ὀπόσοι

2174 2121 2255 2169 τε,
2289 2105 2382 2157 καὶ
2420 2105 2581 2157 τίνων
2615 2101 2886 2171 ἑξέφυσαν
2925 2102 3073 2155 ίδείν.
3097 2102 3301 2155 Τέτοκε
3343 2102 3525 2155 τοίνυν
3567 2102 3760 2170 πρώτη

2179 2197 2277 2264 μὲν
2310 2195 2343 2265 ἡ
2374 2195 2506 2248 Λεία
2536 2193 2844 2265 τέσσαρας·
2893 2191 3168 2261 Ῥουσεὶμ,
3205 2190 3451 2261 Συμεὼν,
3490 2193 3626 2244 Λειῖ
3673 2192 3761 2244 καὶ

2187 2286 2404 2341 Ἰούδαν.
2424 2285 2641 2356 Ἐπειδὴ
2666 2286 2723 2340 δὲ
2743 2281 2812 2356 ἦν
2844 2286 3033 2354 στεῖρα
3058 2282 3153 2336 καὶ
3181 2283 3405 2345 ἄτεκνος
3426 2281 3504 2339 ἔτι
3537 2281 3758 2352 Ῥαχὴλ,

2175 2378 2412 2430 ἀλύουσα
2457 2376 2659 2447 σφόδρα
2714 2377 2809 2429 καὶ
2861 2374 3240 2446 ἀπορουμένη,
3277 2373 3339 2427 τὸ
3369 2372 3471 2443 τῆς
3505 2372 3762 2434 ἀπαιδίας

2174 2468 2601 2537 κατασοφίζεται
2629 2468 2841 2539 χρῆμα.
2870 2464 3056 2521 Πείθει
3087 2464 3195 2536 γὰρ
3220 2464 3315 2518 τὸν
3342 2461 3545 2517 κἸακὼσ
3572 2462 3766 2532 λέγουυ

2177 2576 2275 2612 σα·
2336 2578 2355 2610 ι
2386 2558 2518 2613 Ἰδοὺ
2573 2559 2607 2628 ἡ
2655 2556 2916 2627 παιδίσκη
2976 2572 3078 2627 μου
3119 2554 3324 2621 Βάλλα.
3357 2552 3585 2607 Εἰσελθε
3630 2554 3764 2624 πρὸς

2174 2651 2366 2721 αὐτὴν,
2406 2650 2501 2704 καὶ
2530 2647 2744 2715 τέξεται
2774 2649 2867 2701 ἐπὶ
2887 2647 2998 2701 τῶν
3027 2648 3271 2717 γονάτων
3292 2661 3421 2716 μου,
3453 2644 3551 2698 καὶ
3577 2660 3765 2696 τεκνο-

2175 2743 2475 2811 ποιήσομαι
2511 2739 2671 2806 κάγὼ
2694 2739 2753 2804 ἐξ
2785 2738 2975 2805 αὐτῆς.
3002 2755 3020 2788 ι
3057 2730 3134 2792 Ob
3178 2737 3275 2791 xui.
3314 2738 3394 2800 είς
3461 2737 3643 2807 πέρας
3681 2734 3764 2797 ἐξ·

2177 2832 2559 2902 ενηνεγμένου,
2584 2831 2677 2885 δύο
2702 2829 3041 2902 [ὲ]γενέσθην
3071 2829 3150 2900 τῷ
3196 2828 3391 2884 Ἰακὼϐ
3410 2828 3538 2892 υἱοὶ,
3567 2830 3678 2883 Δάν
3704 2841 3764 2881 τι

2177 2918 2272 2971 καὶ
2313 2916 2650 2988 Νεφθαλείμ.
2679 2918 2814 2971 Λεία
2843 2933 2906 2986 γε
2945 2919 3052 2989 μὴν
3102 2918 3309 2986 Ζελφάν
3339 2917 3438 2987 τὴν
3465 2919 3670 2987 ἑαυτῆς
3697 2916 3765 2968 oio

2175 3007 2404 3079 κόσριὸα
2448 3006 2866 3080 παρευνάζουσα
2910 3009 3053 3061 δυοῖν
3102 3008 3311 3080 έτέροιν
3359 3008 3576 3078 πατέρα
3617 3004 3762 3075 γενέ·
3814 3002 3817 3005 ’

2181 3099 2305 3154 σθαι
2357 3103 2523 3166 ποιεῖ,
2576 3100 2683 3153 Γάδ
2744 3100 2838 3154 καὶ
2872 3100 3061 3170 Ἀσήρ.
3102 3099 3217 3157 Καὶ,
3274 3099 3329 3153 τί
3381 3098 3522 3170 μετά
3565 3098 3762 3160 τοῦτος

2181 3209 2201 3242 ι
2236 3189 2535 3264 Ἐπορεύθη
2571 3190 2647 3256 δὲ,
2681 3209 2700 3241 ι
2731 3191 2915 3260 φησὶν,
2952 3209 2970 3242 ι
3029 3190 3285 3259 Ῥουϐεὶμ
3315 3192 3373 3243 ιν
3400 3190 3644 3261 ἡμέραις
3678 3187 3764 3241 Θε-

486 3294 629 3337 trem
658 3298 832 3338 suam.
865 3282 1011 3337 Dixit
1030 3290 1213 3338 autem
1243 3282 1448 3336 Rachel
1473 3281 1585 3335 Lia:
1616 3280 1797 3335 sorori
1813 3296 1926 3334 sua:
1952 3297 1966 3334 :
1991 3281 2067 3335 Da

2176 3284 2370 3357 ρισμοῦ
2431 3284 2641 3353 πυρῶν,
2682 3284 2778 3336 καὶ
2836 3276 2961 3352 εὗρε
3003 3282 3147 3353 μῆλα
3186 3281 3560 3353 μανδραγόρου
3600 3283 3663 3334 ὲν
3691 3278 3768 3350 τῷ

485 3373 621 3428 mihi
643 3374 711 3430 de
737 3374 1116 3445 mandragoris
1152 3373 1249 3429 ﬁlii
1271 3373 1371 3429 tui.
1400 3373 1547 3428 Dixit
1572 3380 1758 3427 autem
1784 3372 1884 3427 Lia
1907 3390 1921 3425 :
1946 3372 2068 3427 Non

487 3467 620 3521 satis
646 3466 744 3521 tibi
772 3466 919 3536 quod
935 3466 1196 3536 accepisti
1229 3465 1410 3519 virum
1435 3464 1659 3518 meum?
1695 3462 1964 3533 numquid
2013 3472 2071 3518 et

488 3558 880 3629 mandragoras
930 3558 1033 3613 ﬁlii
1056 3558 1165 3613 mei
1218 3556 1491 3628 accipies?
1529 3556 1682 3626 131
1710 3556 1857 3611 Dixit
1884 3564 2069 3610 autem

490 3650 696 3707 Rachel
721 3670 733 3704 :
763 3651 885 3706 Non
919 3650 1036 3716 sic;
1089 3649 1329 3706 dormiat
1374 3656 1558 3704 tecum
1592 3656 1754 3703 nocte
1810 3648 1914 3703 ista
1968 3663 2071 3717 pro

488 3741 869 3814 mandragoris
888 3741 985 3797 ﬁlii
1010 3741 1109 3799 tui.
1139 3741 1428 3813 Ingressus
1450 3748 1542 3796 est
1568 3748 1752 3795 autem
1797 3738 1967 3794 Iacob
2002 3754 2071 3793 ex

491 3847 623 3901 agro
649 3846 902 3901 vespere,
924 3838 983 3887 et
1011 3847 1231 3903 egressa
1253 3841 1340 3887 est
1359 3830 1457 3885 Lia
1495 3830 1552 3885 in
1575 3844 1868 3886 occursum
1893 3829 1965 3895 ei,
2013 3837 2071 3885 et

484 3924 562 3981 ait
591 3941 604 3977 :
636 3922 720 3980 Ad
766 3940 853 3981 me
872 3924 1212 3996 ,ingredieris
1238 3924 1424 3979 hodie.
1477 3923 1615 3981 Nam
1646 3922 1901 3983 mercede
1934 3938 2067 3978 eon-

485 4016 616 4071 duxi
641 4024 695 4072 te
720 4032 822 4087 pro
841 4017 1220 4088 mandragoris
1248 4015 1347 4072 ﬁlii
1377 4015 1507 4071 mei.
1530 4013 1651 4082 Quo
1684 4014 1828 4071 facto
1853 4014 2070 4086 peperit

484 4124 704 4163 rursum
729 4108 827 4162 Lia
866 4109 1106 4174 lsachar,
1138 4115 1194 4163 et
1222 4116 1346 4177 post
1373 4109 1523 4164 hunc
1569 4107 1838 4164 Zabulon.
1883 4126 1902 4158 ι
1930 4106 2068 4162 Cum

484 4200 671 4269 itaque
706 4198 777 4252 ad
824 4199 973 4253 hunc
995 4214 1291 4253 numerum
1344 4199 1599 4254 lsraelitae
1637 4199 2018 4267 pervenissent
2050 4215 2063 4250 :

496 4312 511 4337 σ
532 4290 868 4346 Reeordatus
885 4299 1020 4354 est,»
1048 4288 1245 4358 inquit,
1277 4308 1293 4336 ι
1321 4290 1466 4344 Deus
1480 4289 1705 4353 Rachel,
1722 4298 1779 4344 et
1793 4289 2071 4343 exaudivit

484 4395 605 4435 eam
626 4378 915 4443 Dominus,
948 4388 1002 4434 et
1044 4379 1261 4449 aperuit
1281 4380 1399 4448 ejus
1437 4379 1682 4443 vulvam,
1726 4378 2071 4448 concipiens-

485 4486 592 4540 (μω
621 4470 836 4540 peperit
854 4470 1025 4525 ﬁlium
1053 4470 1278 4526 Iacobo.
1304 4470 1449 4526 Dixit
1472 4479 1654 4527 autem
1680 4471 1911 4531 Rachel:
1931 4471 2072 4527 Abs-

485 4563 614 4620 tulit
646 4577 678 4617 a
728 4578 815 4618 me
838 4564 982 4620 Deus
1018 4580 1177 4619 meus
1210 4564 1605 4635 opprobrium;
1634 4572 1690 4620 et
1714 4564 1932 4621 vocavit
1971 4579 2070 4621 no-

2176 3375 2353 3445 ἀγρῷ,
2386 3376 2483 3428 καὶ
2526 3375 2759 3446 ἤνεγκεν
2808 3374 2949 3428 αὐτὰ
2999 3374 3135 3445 πρὸς
3190 3374 3354 3429 Λείαν
3410 3374 3508 3443 τὴν
3549 3373 3768 3445 μητερα

2177 3466 2364 3520 αὐτοῦ.
2408 3462 2542 3519 Eine
2587 3466 2643 3519 δὲ
2674 3464 2875 3536 Ῥαχὴλ
2920 3467 2986 3536 τῇ
3029 3466 3164 3536 Λεία
3193 3468 3259 3536 τῇ
3298 3464 3501 3535 ἀδελφῇ
3551 3465 3756 3534 αὐτῆς
3835 3481 3838 3485 ‘

2176 3559 2275 3621 Δός
2305 3575 2395 3629 μοι
2414 3557 2524 3612 τῶν
2547 3557 2941 3630 μανδραγορῶν
2971 3558 3064 3611 τοῦ
3088 3557 3205 3611 υἱοῦ
3236 3573 3350 3612 σου’
3376 3552 3498 3611 εἷπε
3525 3557 3587 3610 δὲ
3614 3556 3763 3611 Λεία·

2178 3653 2288 3721 Οὐχ
2326 3651 2508 3707 ἱκανόν
2547 3668 2630 3704 σοι
2670 3652 2753 3704 ὅτι
2785 3648 2978 3713 ἔλαϐες
3018 3650 3110 3704 τὸν
3162 3649 3331 3720 ἄνδρα
3375 3667 3499 3719 μου,
3543 3649 3628 3722 μὴ
3677 3648 3769 3704 καὶ

2175 3743 2300 3805 τοὺς
2325 3741 2700 3814 μανδραγόρας
2737 3740 2831 3795 τοῦ
2864 3740 2981 3794 υίοῦ
3017 3759 3118 3812 μου
3139 3741 3321 3814 Mdg;
3355 3737 3487 3795 Εἷπε
3527 3741 3599 3794 δὶς
3646 3742 3762 3794 Ῥσσ

2176 3832 2298 3903 χήλ.
2341 3833 2452 3902 Οὐχ
2502 3832 2696 3895 οὓτως
2747 3831 3071 3904 κοιμηθήτω
3121 3833 3255 3902 μετά
3306 3830 3398 3884 σοῦ
3454 3831 3552 3901 τὴν
3597 3831 3771 3885 νύκτα

2175 3923 2382 3993 ταύτην
2410 3924 2529 3977 ἀντὶ
2552 3923 2662 3976 τῶν
2682 3921 3072 3994 μανδραγορῶν
3103 3921 3198 3976 τοῦ
3228 3920 3346 3976 υἱοῦ
3375 3938 3495 3975 σου.
3528 3920 3767 3991 Εεσῆλοδ

2176 4014 2243 4081 δὲ,
2275 4014 2468 4069 Ἰακὼό
2521 4016 2580 4081 ἐξ
2622 4015 2797 4087 ἀγροῦ
2837 4014 3100 4085 ἑσπέρας,
3134 4015 3229 4067 καὶ
3280 4011 3470 4082 ἐξῆλθε
3515 4013 3661 4069 Λεία
3692 4014 3769 4076 είς

2179 4109 2503 4179 συνάντησιν
2559 4108 2733 4179 αὐτῷ,
2758 4107 2851 4162 καὶ
2881 4101 3024 4159 εἷπε⁸
3066 4106 3208 4175 Πρός
3243 4123 3309 4176 με
3347 4105 3640 4179 είσελεύσῃ
3676 4107 3778 4176 σήν

2181 4218 2366 4274 μερον.
2397 4201 2768 4272 Μεμίσθωμαι
2804 4199 2914 4270 γάρ
2944 4215 3004 4251 σε
3053 4198 3174 4251 ἀντὶ
3206 4197 3314 4251 τῶν
3363 4196 3768 4268 μανδραγορῶν

2177 4294 2269 4347 τοῦ
2305 4292 2423 4346 υἱοῦ
2458 4309 2582 4363 μου.
2621 4283 2700 4345 Οῦ
2737 4292 2801 4362 δὴ
2848 4289 3164 4360 γεγονότος,
3217 4290 3404 4342 τέτοκε
3434 4288 3603 4343 πάλιν
3634 4287 3766 4344 Λεία

2176 4383 2270 4437 τὸν
2297 4383 2538 4453 Ἰσαχαρ,
2590 4383 2677 4435 ἐπ’
2716 4381 2867 4453 αὐτῷ
2904 4382 2962 4436 δὲ
3001 4382 3097 4435 καὶ
3155 4378 3464 4443 Ζαϐουλὼν.
3495 4397 3514 4429 ι
3574 4379 3769 4432 Ἦκόν-

2176 4491 2287 4528 των
2316 4473 2372 4527 δὲ
2389 4473 2490 4543 ἠδη
2507 4473 2652 4546 πρὸς.
2664 4472 2824 4527 τοῦτο
2844 4473 3031 4526 λοιπὸν
3047 4470 3285 4543 ἀριθμοῦ
3296 4471 3404 4524 τῶν
3426 4468 3491 4536 ἐξ
3525 4467 3766 4540 Ἰσραὴλ,

2185 4583 2203 4615 ι
2226 4562 2524 4633 Ἐμνήσθη,
2543 4581 2561 4614 ι
2591 4562 2774 4633 φησὶν,
2790 4581 2807 4614 ι
2834 4565 2862 4616 ό
2891 4562 3020 4626 Θεὸς
3040 4562 3138 4632 τῆς
3172 4560 3393 4631 Ῥαχὴλ,
3418 4560 3511 4613 καὶ
3528 4560 3769 4631 ἐπήκου·

483 4671 610 4710 men
642 4655 764 4725 ejus
782 4654 1005 4724 Ioseph,
1036 4656 1226 4711 dicens
1255 4655 1514 4711 :Addidit
1540 4654 1674 4711 mihi
1708 4656 1855 4710 Deus
1894 4655 2068 4709 ﬁlium

2176 4672 2266 4708 σεν
2300 4653 2474 4723 αὐτῆς
2522 4652 2746 4724 Κύριος,
2791 4653 2887 4708 καὶ
2924 4653 3157 4723 ἀνέῳξεν
3195 4652 3365 4722 αὐτῆς
3396 4650 3500 4721 τὴν
3524 4652 3765 4723 μήτραν,

483 4749 719 4804 alterum
744 4746 811 4799 “.
843 4766 861 4798 ι
890 4746 1112 4816 Peperit
1135 4755 1323 4801 autem
1345 4745 1707 4816 praeterhunc
1734 4746 1900 4801 etiam
1920 4747 2066 4802 Ben-

478 4840 672 4912 jamin.
725 4839 804 4894 ita
829 4853 957 4894 vero
997 4838 1069 4892 de
1107 4852 1173 4892 ea
1215 4852 1435 4891 rursum
1464 4837 1738 4907 scriptum
1780 4839 2017 4895 habetur
2048 4855 2063 4892 :

490 4951 509 4981 ς
549 4931 773 4987 Factum
795 4939 881 4985 est
909 4936 1093 4984 autem
1128 4942 1255 4982 cum
1293 4927 1758 4997 appropinquaret
1794 4926 2068 4985 Chabrata

482 5032 541 5078 ut
564 5025 671 5079 iret
698 5023 755 5078 in
777 5029 976 5077 terram
993 5021 1255 5093 Ephrata,
1276 5019 1548 5075 laboriose
1572 5019 1788 5090 peperit
1807 5019 1863 5074 in
1884 5029 2067 5089 partu.

480 5114 707 5169 Factum
747 5121 833 5168 est
855 5122 1040 5169 autem
1083 5128 1210 5168 cum
1238 5108 1533 5168 diﬁieulter
1571 5110 1976 5181 pareret,dix.it
2016 5110 2069 5167 ei

483 5207 750 5263 obstetrix
780 5224 793 5260 ε
821 5206 972 5261 Bono
1000 5206 1186 5261 animo
1205 5205 1302 5261 sis.
1321 5203 1538 5260 Etenim
1552 5204 1644 5260 hic
1669 5204 1767 5260 tibi
1791 5212 1880 5260 est
1895 5203 2059 5261 ﬁlius.

481 5298 710 5353 Factum
735 5307 821 5354 est
844 5307 1055 5363 autem,
1084 5312 1211 5354 cum
1229 5296 1513 5352 exhalaret
1535 5295 1772 5350 animam
1825 5295 2063 5366 (mortua

480 5390 631 5444 enim
656 5387 787 5456 est),
820 5390 1039 5445 vocavit
1074 5404 1276 5445 nomen
1298 5388 1418 5458 ejus
1444 5405 1459 5441 :
1502 5386 1679 5442 Filius.
1700 5387 1909 5445 doloris
1932 5388 2061 5442 mei.

483 5481 645 5535 Pater
664 5495 800 5535 vero
821 5482 1036 5538 vocavit
1053 5496 1181 5537 eum
1206 5479 1489 5552 Beniamin
1518 5478 1585 5532 ".
1627 5497 1645 5529 ι
1667 5477 1828 5551 Egre
1845 5478 2065 5549 pariens

487 5571 668 5641 itaque
691 5572 897 5628 Rachel
917 5580 1153 5637 mortua,
1187 5572 1472 5628 doloribus
1497 5569 1783 5627 nobiscum
1823 5584 2067 5628 commu-

2175 4748 2270 4801 καὶ
2295 4744 2634 4801 συλλαϐοῦσα
2658 4744 2813 4798 ἔτεκε
2836 4745 2923 4815 τῷ.
2956 4741 3151 4798 Ἰακὼϐ
3191 4744 3328 4799 υἱόν.
3369 4738 3503 4795 Eius
3534 4742 3596 4795 δὲ
3642 4742 3767 4795 Ῥα-

2175 4838 2297 4909 χήλ·
2326 4837 2569 4908 Ἀφεῖλεν
2603 4837 2699 4889 ἀπ’
2737 4836 2871 4907 ἐμοῦ
2916 4838 2947 4890 ό
2994 4836 3126 4900 Θεός
3164 4852 3267 4906 μου
3299 4834 3360 4889 τὸ
3396 4834 3621 4897 όνειδος·
3670 4833 3769 4886 καὶ

2175 4929 2405 4985 ἐκάλεσε
2450 4929 2512 4981 τὸ
2548 4927 2720 4999 ὄνομα
2755 4926 2919 4981 αὑτοῦ
2962 4927 3181 4996 Ἰωσὴςο,
3256 4925 3523 4993 λέγουσιν
3583 4924 3765 4996 Προσ-

2177 5023 2335 5077 έθετό
2363 5038 2455 5094 μοι
2477 5022 2506 5073 ὁ
2528 5020 2660 5084 Θεὸς
2679 5020 2792 5073 υἱὸν
2815 5020 3021 5092 ἕτερον.
3045 5038 3063 5070 ι
3085 5019 3187 5071 Τέτ
3198 5034 3292 5071 οκε
3321 5016 3377 5069 δὲ
3409 5016 3546 5086 πρὸς
3584 5013 3768 5081 τούτῳ

2178 5113 2464 5184 Βενιαμίν.
2487 5113 2639 5183 Ἔχει
2660 5112 2717 5165 δὲ
2751 5111 2894 5165 οὕτω
2921 5110 3084 5167 πάλιν
3116 5110 3184 5163 τὰ
3220 5109 3309 5162 ἐπ’
3330 5108 3479 5178 αὐτῇ.
3508 5123 3768 5178 γεγραμ-

2176 5206 2332 5277 μένα⁹
2362 5226 2381 5259 ι
2416 5206 2668 5275 Ἐγένετο
2726 5204 2816 5269 δὲ,
2873 5202 3036 5275 ἡνίκα
3088 5203 3283 5274 ηγγισε
3319 5200 3615 5271 Χαδραοά
3667 5195 3768 5252 τοῦ

2173 5298 2347 5353 ἐλθεῖν
2377 5300 2459 5361 είς
2486 5298 2589 5368 γῆν
2638 5294 2905 5367 Ἐφραθᾶ,
2939 5294 3118 5348 ἔτικτε
3155 5292 3374 5364 Ῥαχήλ.
3406 5293 3515 5348 Καὶ
3537 5292 3766 5346 ὲδυστό-

2174 5404 2342 5459 κησεν
2364 5390 2421 5440 ὲν
2460 5386 2538 5455 τῷ
2566 5384 2774 5455 τοκετῷ
2794 5401 2806 5413 ·
2836 5383 3058 5453 ἐγένετο
3093 5382 3172 5447 δὲ,
3200 5382 3261 5435 ἐν
3278 5383 3356 5454 τῷ
3388 5383 3651 5453 σκληρῶς
3679 5382 3771 5438 αύ-

2172 5479 2271 5551 τὴν
2299 5479 2528 5544 τίκτειν,
2573 5474 2727 5531 εἶπεν
2783 5476 2919 5547 αὐτῇ
2986 5475 3021 5546 ἡ
3055 5474 3213 5546 μαίαο
3243 5474 3469 5546 Θάρσειξ
3512 5477 3615 5528 καὶ
3659 5473 3771 5543 γὰρ

2175 5565 2328 5635 οὗτός
2357 5571 2439 5626 σοί
2469 5570 2619 5623 ἐστιν
2643 5569 2777 5632 υίός.
2816 5567 3066 5635 Ἐγένετο
3099 5566 3254 5632 δὲ,ὲν
3286 5566 3364 5637 τῷ
3402 5564 3634 5634 ἀφιέναι
3666 5566 3768 5622 αύ-

562 5746 579 5777 ³
631 5747 787 5803 Cant.
819 5766 876 5811 η,
911 5751 993 5805 ιι.
1074 5752 1115 5781 δ’
1149 5750 1315 5806 Hebr.
1343 5752 1459 5817 1,2.
1538 5753 1581 5785 ³³
1621 5754 1757 5810 Gen.
1785 5772 1909 5821 xxx,
1935 5754 1987 5807 5.
2066 5754 2070 5781 ⁵

2178 5769 2268 5809 en.
2297 5770 2421 5821 xxx,
2457 5754 2647 5811 lli-2i.
2726 5754 2766 5783 "‘
2794 5753 2908 5827 Gen
2956 5766 3111 5813 xxxv,
3146 5745 3326 5806 16-19.
