4074 6260
461 297 573 363 225
1491 293 1548 350 S.
1587 290 1870 351 CYRILLI
1907 284 2381 344 ALEXANDRINI
2417 285 2739 345 ARCHIEP.
3631 285 3747 346 επ

464 433 535 480 ex
559 416 834 488 gentibus.
861 415 1071 473 Idcirco
1094 413 1260 468 etiam
1283 410 1538 468 Christus
1558 411 1703 466 dixit
1725 429 1739 465 :
1775 429 1794 461 ι
1823 409 1893 464 Ει
1913 406 2049 462 alias

2177 402 2390 474 ἰριστοῢ
2437 404 2738 474 μυστήριον
2795 401 2885 456 διὰ
2923 401 3033 455 τῶν
3080 401 3252 472 ἁγίων
3297 396 3632 464 ἀποστόλων,
3659 401 3734 464 ὼς

465 524 598 563 oves
632 509 806 564 habeo
852 523 973 577 quae
996 522 1106 567 non
1129 514 1259 560 sunt
1279 504 1347 560 de
1375 505 1481 559 hoc
1500 503 1666 569 ovili;
1698 501 1859 570 138
1879 498 2045 553 etiam

2177 494 2214 559 ;ξ
2235 495 2428 565 ὁμοίας
2453 495 2553 565 μὲν
2570 494 2805 565 ἀδελφῆς
2827 493 2926 563 τῆς
2949 493 3058 546 τῶν
3092 492 3364 548 Ἰουδαίων
3381 491 3729 560 Συναγωγῆς.

466 601 589 654 illas
613 607 831 668 oportet
856 613 944 653 me
967 596 1262 658 adducere,
1289 605 1345 652 et
1366 610 1556 651 vocem
1582 608 1759 649 meam
1781 591 2044 656 audient;

466 699 525 746 et
547 690 639 742 (iet
675 703 845 744 unum
870 688 1038 751 ovile,
1066 702 1210 742 unus
1243 692 1428 756 pastor
1450 685 1519 738 ⁸⁸.
1552 705 1571 736 ι
1603 684 1837 739 Additus
1860 681 2047 751 itaque

465 790 549 836 est
571 780 815 851 gentium
839 795 993 849 grex.
1022 786 1084 833 ut
1103 778 1267 833 modo
1302 777 1437 843 dixi,
1462 776 1748 832 veteribus
1785 772 2044 837 ovilibus,

468 881 904 941 perpetuumque
950 871 1118 925 habet
1168 868 1335 924 etiam
1397 883 1545 922 nunc
1596 867 2000 921 incrementum
2029 901 2046 927 ,

467 973 645 1018 donec
705 963 872 1017 etiam
918 961 1035 1031 ipse
1081 961 1252 1016 veluti
1302 961 1360 1015 in
1404 959 1666 1015 extremis
1710 954 2051 1026 temporibus

469 1048 754 1118 Benjamin
815 1055 1110 1114 nascatur,
1169 1049 1275 1103 hoc
1330 1054 1449 1114 est,
1494 1048 1642 1116 ﬁlius
1700 1044 1901 1100 doloris
1946 1058 2051 1121 po-

473 1139 658 1209 pulus.

2158 587 2341 657 μήτηρ
2385 586 2591 656 πέφηνε
2621 585 2752 639 λαοῦ
2784 584 2881 639 τοῦ
2913 586 2974 639 ὲν
3014 585 3357 656 προσθήκαις
3389 583 3500 650 ἀεὶ,
3530 583 3627 635 καὶ
3657 584 3739 646 είς
3768 648 3777 654 _

2156 676 2363 748 πληθὺν
2393 675 2562 740 ἰόντος
2591 677 2652 730 ού
2689 676 3131 747 μεμετρημένην·
3163 673 3601 747 (διερμηνεύεται
3630 673 3741 744 γὰρ

2164 765 2384 835 Ἰωσὴφ,
2430 766 2747 834 προσθήκη
2800 765 2993 836 Θεοῦ·)
3016 764 3399 836 προστέθειται
3436 764 3493 816 δὲ
3530 765 3651 821 ταῖς
3680 762 3740 829 ἐξ

2167 855 2381 927 Ἰσραὴλ
2419 856 2644 924 ἀγέλαις
2687 857 2721 927 ἡ
2762 856 2822 922 ἐξ
2850 855 3020 909 ἐθνῶν
3063 854 3381 924 Ἐκκλησία.
3452 852 3740 924 Τοιγάρτοι

2158 945 2252 999 καὶ
2280 944 2521 1013 ἔφασκεν
2554 947 2583 999 6
2608 946 2874 1020 Χριστὸςο
2909 966 2926 998 ι
2954 946 3065 1001 Καὶ
3088 945 3225 1000 ἄλλα
3254 944 3503 1016 πρόϐατα
3539 944 3667 1016 ἔχω,
3707 942 3741 998 ἃ

2157 1034 2255 1089 οὐκ
2295 1034 2441 1093 ἔστιν
2469 1036 2534 1091 ὲκ
2561 1036 2660 1108 τῆς
2690 1036 2860 1107 αὐλῆς
2883 1036 3108 1106 ταύτης,
3149 1035 3377 1095 κάκεῖνά
3409 1052 3477 1104 με
3505 1034 3584 1087 δεῖ
3605 1034 3747 1100 ἀγαο

2158 1127 2299 1195 γεῖν,
2337 1127 2429 1183 καὶ
2460 1127 2559 1197 τῆς
2605 1127 2792 1198 φωνῆς
2826 1145 2926 1198 μου
2964 1127 3307 1191 ἀκούσουσιν,
3340 1127 3435 1185 καὶ
3460 1127 3747 1197 γενήσεται

2162 1217 2262 1287 μία
2301 1217 2528 1289 ποίμνη,
2567 1213 2646 1281 εἷς
2674 1221 2899 1289 ποιμήν.
2945 1237 2963 1271 ι
2999 1219 3386 1290 Προστέθειται
3411 1218 3590 1272 τοίνυν
3619 1218 3653 1287 ἠ
3687 1216 3749 1283 ἐξ
3799 1207 3817 1224 ’

473 1313 644 1367 ἐθνῶν
688 1315 877 1386 ἀγέλη,
913 1314 1163 1384 καθάπερ
1198 1313 1334 1385 ἔφην
1367 1313 1592 1386 ἀρτίως,
1621 1314 1731 1376 τοῖς
1763 1308 2137 1382 ἀρχαιοτέροις
2183 1308 2476 1378 ποιμνίοις,
2526 1311 2620 1362 καὶ
2664 1310 3043 1380 ἀκατάληκτον
3102 1309 3217 1381 ἔχει
3237 1311 3337 1379 τὴν
3397 1311 3478 1372 είς
3518 1309 3621 1384 ,τὸ¹
3660 1308 3747 1365 ἔτι

474 1423 533 1459 τε
565 1408 653 1460 καὶ
677 1408 756 1459 ἔτι
783 1408 1039 1461 πλουσίαν
1079 1408 1315 1462 ἐπίδοσιν
1336 1425 1351 1440 ο
1384 1409 1542 1479 ἄχρις
1574 1408 1640 1462 ἂν
1671 1408 1766 1460 καὶ
1790 1405 1951 1469 αὐτὸς
1986 1405 2044 1456 ἐν
2082 1402 2411 1468 τελευταίοις
2439 1403 2632 1477 ὥσπερ
2667 1407 2879 1477 καιροῖς
2940 1408 2969 1460 6
3005 1406 3266 1476 Βενιαμὶν
3293 1406 3550 1477 γεννηθῇ,
3587 1421 3747 1459 “recte

475 1495 640 1560 ἐστιν,
676 1500 703 1549 ὁ
736 1499 866 1563 υἱὸς
898 1499 1123 1565 ὀδύνης
1151 1500 1299 1563 λαός.

547 1588 632 1641 12.
671 1588 742 1643 At
764 1589 1015 1658 quisnam
1056 1590 1149 1644 hic
1186 1598 1271 1644 est
1329 1591 1486 1658 cujus
1524 1598 1688 1658 partu
1728 1598 1903 1643 mater
1941 1588 2058 1657 ipsa

476 1677 746 1735 moritura
773 1686 877 1741 est,
900 1688 956 1733 et
976 1679 1045 1733 ad
1068 1679 1230 1734 aliam
1254 1680 1424 1734 veluti
1455 1679 1624 1732 vitam
1658 1678 2059 1735 transferetur?

2237 1586 2329 1657 ιβὀ
2350 1587 2461 1640 Καὶ
2489 1589 2570 1650 τίς
2598 1589 2662 1659 δὴ
2692 1583 2846 1653 οὗτός
2875 1590 3045 1656 ἐστιν,
3076 1590 3162 1658 ἐφ’
3191 1589 3251 1644 ὃν
3273 1590 3366 1647 καὶ
3396 1588 3537 1659 αὐτὴ
3561 1586 3753 1641 λοιπὸν

2166 1677 2199 1746 ἠ
2234 1676 2469 1731 τεκοῦσα
2519 1677 2810 1736 παύσεται.
2855 1679 2951 1732 καὶ
2981 1680 3062 1742 είς
3088 1679 3283 1750 ἑτέραν
3326 1678 3517 1750 ὥσπερ
3570 1695 3753 1749 μετοι-

475 1767 626 1829 Obiit
646 1770 793 1825 enim
813 1771 1014 1826 Rachel
1041 1772 1097 1826 in
1121 1772 1239 1840 ipso
1263 1778 1423 1841 partu
1438 1771 1737 1840 Beniamin.
1758 1771 2059 1826 Perfectam

2177 1769 2393 1838 ζήσεται
2422 1770 2597 1841 ξωήν;
2623 1770 2993 1841 Τετελεύτηκε
3017 1770 3125 1843 γὰρ
3144 1773 3177 1841 ἡ
3216 1772 3416 1842 Ῥαχὴλ
3438 1770 3526 1825 ἐπ’
3556 1771 3751 1834 αὑταῖς

478 1856 666 1926 itaque
692 1858 1061 1928 omnibusque
1091 1861 1340 1915 numeris
1381 1860 1686 1915 absolutam
1727 1860 1928 1915 horum
1965 1876 2059 1915 co-

479 1947 782 2016 gnitionem
820 1949 934 2004 Deo
975 1952 1306 2018 tribuamus,
1350 1954 1528 2024 iisque
1561 1955 1658 2024 qui
1696 1969 1799 2012 nos
1857 1954 2060 2023 ingenii

479 2039 734 2098 acumine
815 2046 1102 2112 superant.
1163 2045 1311 2100 Nihil
1355 2032 1487 2102 vero
1549 2047 1708 2102 obest
1768 2047 2065 2116 quominus

481 2127 626 2198 quod
655 2129 816 2184 nonis
842 2131 899 2185 in
924 2142 1162 2187 mentem
1190 2137 1405 2191 venerit
1450 2137 1717 2191 dicamus.
1737 2136 1855 2192 Mea
1881 2137 2066 2207 itaque

480 2221 778 2287 sententia,
803 2221 949 2293 ﬁlius
978 2225 1176 2281 doloris
1201 2230 1401 2283 merito
1442 2228 1673 2298 intelligi
1701 2229 1894 2297 possit,
1920 2229 2064 2282 mul-

482 2308 664 2365 titudo
707 2315 1053 2370 credentium
1104 2318 1158 2371 in
1216 2319 1427 2373 ultimis
1469 2320 1652 2373 saeculi
1700 2321 2063 2389 temporibus.

484 2400 622 2455 Nam
642 2403 751 2458 illis
775 2407 1116 2474 temporibus
1137 2408 1248 2462 erit
1271 2407 1415 2463 ﬁlius
1438 2408 1765 2479 iniquitatis,
1795 2429 1814 2461 ι
1842 2410 1938 2479 qui
1967 2410 2066 2465 ad-

484 2501 736 2546 versatur
757 2502 815 2549 et
837 2497 1120 2552 extollitur
1137 2514 1303 2569 supra
1328 2516 1490 2555 omne
1506 2503 1659 2571 quod
1672 2504 1878 2559 dicitur
1899 2505 2064 2568 Deus,

486 2588 583 2640 aut
633 2583 722 2637 cui
768 2587 1051 2640 veneratio
1094 2588 1329 2644 debetur
1369 2609 1381 2643 :
1422 2592 1497 2646 ita
1534 2602 1596 2648 ut
1638 2594 1693 2648 in
1733 2595 1934 2665 templo
1968 2597 2067 2650 Dei

487 2673 698 2737 sedeat,
717 2676 1005 2733 declarans
1020 2694 1079 2734 se
1105 2688 1363 2752 tanquam
1381 2683 1453 2740 sit
1472 2686 1617 2741 Deus
1635 2688 1700 2741 εί.
1716 2706 1733 2738 ι
1759 2688 1859 2743 Hic
1879 2696 2070 2743 contra

488 2775 707 2822 sanctos
753 2769 928 2824 aciem
967 2771 1186 2837 educet,
1222 2783 1278 2830 et
1317 2776 1456 2832 nihil
1499 2778 1568 2833 ab
1613 2779 1898 2837 indomitis
1937 2781 2072 2837 feris

488 2856 730 2915 differet.
774 2858 1248 2927 Quemadmodum
1294 2868 1442 2923 enim
1489 2869 1606 2939 ipse
1648 2869 1898 2927 Salvator
1933 2874 2011 2928 ait
2053 2892 2067 2926 :

497 2967 516 3000 ι
543 2948 663 3005 Erit
704 2952 992 3010 tribulatio
1028 2972 1249 3028 magna,
1290 2960 1471 3029 qualis
1506 2977 1619 3016 non
1660 2961 1766 3017 fuit
1802 2964 1872 3019 ab
1913 2965 2072 3021 initio

492 3041 682 3096 mundi
717 3059 893 3114 usque
929 3046 999 3101 ad
1037 3046 1142 3103 hoc
1169 3056 1406 3120 tempus,
1434 3067 1615 3123 neque
1651 3053 1832 3109 ﬁet".
1863 3075 1881 3106 ι
1912 3054 2069 3123 Quod

2164 1860 2319 1913 ὠδῖσι
2348 1860 2444 1914 τοῦ
2480 1862 2760 1932 Βενιαμίν.
2803 1862 2875 1915 Τὸ
2912 1863 3009 1933 μὲν
3054 1858 3146 1916 οὖν
3173 1862 3312 1931 ἄγαν
3352 1862 3751 1934 ἡκριϐωμένως

2164 1952 2365 2005 ειδέναι
2411 1953 2588 2018 ταυτὶ,
2620 1952 2740 2023 Θεῷ
2773 1952 2838 2024 δὴ
2886 1953 3049 2007 πάλιν
3092 1954 3457 2025 ἀναθήσομεν,
3508 1954 3605 2006 καὶ
3636 1955 3751 2017 τοῖς

2164 2044 2471 2113 νουνεχὲσιν
2519 2043 2552 2114 ἢ
2597 2044 2719 2097 καθ’
2756 2046 2924 2113 ἡμᾶς·
2958 2044 3120 2097 λυπεῖ
3149 2045 3206 2099 δὲ
3251 2045 3429 2108 οὐδὲν,
3464 2044 3526 2098 τό
3557 2061 3624 2114 γε
3671 2047 3751 2108 είς

2166 2136 2290 2189 νοῦν
2324 2131 2457 2207 ἧκον
2490 2137 2684 2189 εἰπεῖν.
2721 2131 2887 2207 Οἶμαι
2914 2136 2977 2207 δὴ
3010 2136 3102 2195 οὖν
3134 2139 3215 2194 ὅτι
3245 2140 3400 2192 νοοῖτ*
3433 2137 3498 2192 ἂν
3522 2138 3753 2201 εἰκότως

2166 2225 2295 2290 υἱὸς
2342 2224 2565 2290 ὀδύνης
2593 2225 2723 2288 λαὸς
2749 2227 2782 2294 ἡ
2819 2227 2874 2278 ἐν
2913 2224 3163 2294 ἐσχάτοις
3192 2225 3287 2281 τοῦ
3314 2224 3508 2287 αίῶνος
3536 2226 3750 2294 καιροῖς

2166 2314 2276 2366 τῶν
2307 2314 2669 2367 πιστευόντων
2704 2313 2931 2384 πληθύς.
2967 2316 3101 2367 Κατ’
3124 2317 3301 2369 έκεῖνο
3329 2314 3438 2386 γὰρ
3467 2315 3625 2368 ἔσται.
3656 2315 3750 2370 τοῦ

2169 2405 2362 2476 καιροῦ
2393 2406 2484 2459 και¹
2504 2406 2531 2460 6
2553 2405 2651 2476 τῆς
2674 2405 2903 2475 ἀνομίας
2926 2405 3060 2470 υἱὸς,
3100 2424 3120 2458 ι
3165 2406 3223 2459 '0
3244 2407 3641 2483 ἀντικείμενος,
3660 2408 3751 2463 καὶ

2169 2498 2602 2569 ὑπεραιρόμενος
2628 2498 2720 2551 ἐπὶ
2742 2498 2917 2552 πάντα
2944 2498 3234 2569 λεγόμενον
3259 2498 3392 2551 Θεὸν
3418 2499 3451 2568 ἢ
3474 2497 3748 2568 σέϐασμα·

2170 2589 2313 2643 ὥστε
2368 2589 2530 2642 αὐτὸν
2563 2590 2642 2665 εἰς
2667 2589 2759 2643 τὸν
2788 2591 2916 2642 ναὸν
2946 2590 3038 2642 τοῦ
3073 2588 3209 2643 Θεοῦ
3235 2589 3309 2653 ὡς
3339 2589 3470 2642 Θεὸν
3499 2587 3749 2650 καθίσαι,

2170 2678 2560 2732 ἀποδεικνύντα
2616 2678 2807 2732 ἑαυτὸν
2861 2679 2942 2732 ὅτι
2998 2680 3116 2732 ἐστὶ
3170 2680 3325 2743 Θεός.
3356 2698 3375 2731 ι
3415 2674 3584 2741 Οὗτος
3641 2682 3752 2741 τοῖς

2171 2770 2348 2837 ἁγίοις
2390 2768 2755 2834 ἀντιτάξεται.
2788 2771 2881 2824 καὶ
2907 2771 3215 2824 ἀτιθάσσων
3252 2770 3403 2824 οὐδὲν
3432 2771 3629 2823 διοίσει
3656 2770 3751 2840 θην

2177 2864 2326 2932 ρίων.
2374 2862 2460 2927 Ὠς
2497 2862 2606 2933 γὰρ
2650 2861 2811 2927 αὐτὸς
2846 2863 3067 2935 εἴρηκεν
3099 2866 3127 2916 6
3173 2864 3384 2935 Σωτὴρ,
3426 2862 3581 2915 ἔσται
3630 2863 3755 2919 τότε

2174 2954 2351 3024 θλίψις
2398 2955 2634 3024 μεγάλη,
2683 2956 2773 3008 οἵα
2820 2955 2880 3007 ού
2928 2954 3151 3024 γέγονεν
3182 2955 3276 3008 ἀπ’
3312 2955 3486 3025 ἀρχῆς
3518 2954 3752 3024 κόσμου,

2173 3046 2279 3100 οὐδ’
2308 3046 2368 3099 οὐ
2403 3045 2477 3116 μὴ
2510 3046 2757 3118 γένηται.
2795 3047 2920 3099 Ὅτι
2950 3045 3006 3098 δὲ
3034 3046 3133 3115 οὐχ
3166 3045 3375 3117 ἑτέροις
3407 3045 3610 3122 μᾶλλον
3646 3045 3756 3099 ἀλλ’

492 3147 625 3188 vero
649 3150 760 3189 non
783 3137 922 3192 alios
943 3154 1108 3208 quam
1134 3152 1356 3198 sanctos
1394 3144 1516 3215 ejus
1560 3145 1872 3203 immanitas
1910 3156 2073 3218 atque

2183 3137 2216 3208 ἢ
2265 3140 2377 3200 τοῖς
2424 3137 2599 3205 ἁγίοις
2646 3137 3056 3207 έγκατασκήψει
3106 3140 3173 3191 τὰ
3215 3137 3313 3207 τῆς
3367 3139 3496 3207 παρ’
3545 3138 3758 3191 ἐκείνου

493 3222 791 3279 crudelitas
814 3226 887 3280 sit
907 3226 1187 3295 invasura,
1204 3232 1533 3301 significavit
1556 3250 1775 3290 rursum
1799 3236 2076 3302 Christus,

495 3310 574 3367 ita
608 3314 916 3383 adjiciens:
951 3335 969 3368 ι
999 3318 1068 3372 Et
1095 3319 1202 3374 nisi
1240 3321 1514 3377 decurtati
1544 3324 1776 3380 fuissent
1814 3326 1935 3385 dies
1976 3328 2077 3392 illi,

494 3415 611 3465 non
652 3401 810 3459 ﬁeret
849 3405 999 3459 salva
1046 3408 1227 3470 omnis
1266 3425 1418 3474 caro,
1464 3412 1561 3466 sed
1606 3421 1833 3482 propter
1879 3415 2084 3472 electos

498 3491 939 3553 decurtabuntur
959 3497 1077 3552 dies
1101 3499 1181 3554 illi
1205 3500 1268 3555 ⁸³.
1295 3520 1315 3552 ›
1343 3501 1478 3556 Cum
1504 3504 1651 3557 enim
1679 3499 1990 3573 persecutio
2011 3507 2085 3562 sit

501 3582 687 3637 futura
720 3584 988 3641 adversus
1022 3603 1215 3643 onmes
1245 3590 1454 3645 electos
1501 3607 1565 3647 ac
1600 3594 1816 3649 sincere
1849 3594 2035 3652 ﬁdeles
2066 3614 2079 3651 :

499 3688 737 3744 cumque
759 3679 943 3747 gravis
965 3686 1022 3734 et
1042 3679 1411 3737 intolerabilis
1439 3684 1682 3753 tyrannis
1703 3693 1866 3755 atque
1889 3704 2087 3742 acrum-

501 3782 587 3822 nae
628 3768 695 3824 iis
738 3769 1128 3841 impendeant;
1176 3775 1539 3829 contrahetur
1580 3777 1805 3832 omnino
1846 3787 2082 3848 tempus,

501 3873 981 3920 commcnsurante
1028 3874 1499 3937 temperanteque,
1548 3877 1612 3923 ut
1662 3870 1922 3935 arbitror,
1971 3871 2085 3926 Deo

504 3951 861 4009 tentationem
903 3972 1007 4026 pro
1055 3957 1381 4013 alllictorum
1425 3959 1660 4014 viribus.
1710 3959 1866 4027 Quod
1916 3962 2084 4019 etiam

503 4038 664 4101 nobis
718 4047 1013 4114 persuadet
1057 4046 1496 4117 sapientissimus
1538 4051 1780 4117 Paulus,
1825 4051 2017 4113 dicens
2068 4070 2081 4107 :

512 4149 530 4181 ι
560 4132 763 4189 Fidelis
783 4145 969 4191 autem
992 4139 1158 4202 Deus,
1178 4140 1271 4208 qui
1294 4157 1405 4203 non
1430 4142 1574 4196 sinet
1595 4158 1694 4197 vos
1719 4145 1919 4198 tentari
1945 4145 2087 4199 ultra

507 4221 557 4279 id
586 4224 734 4291 quod
771 4227 1002 4295 potestis
1040 4244 1053 4280 :
1097 4226 1208 4289 imo
1254 4229 1419 4289 faciet
1462 4246 1571 4284 una
1612 4246 1736 4285 cum
1784 4234 2086 4289 tentatione

506 4321 856 4387 proventum,
908 4327 968 4374 ut
992 4318 1215 4386 possitis
1251 4319 1485 4375 sufferre
1511 4320 1576 4374 ⁸⁵.
1609 4340 1629 4372 ι
1696 4321 1837 4377 Nato
1901 4323 2087 4393 itaque

504 4403 810 4474 Benjamin,
864 4407 969 4462 hoc
1018 4418 1122 4473 est,
1176 4410 1380 4479 populo
1426 4410 1485 4465 in
1531 4410 1639 4466 fine
1680 4421 1737 4467 et
1777 4413 2082 4479 doloribus,

507 4494 722 4553 desinet
766 4499 991 4554 Rachel.
1041 4500 1424 4559 Transferetur
1465 4505 1613 4565 enim
1651 4506 2078 4576 quodammodo,

502 4596 561 4640 ut
624 4589 788 4644 modo
846 4591 994 4658 dixi,
1038 4593 1093 4648 in
1167 4595 1327 4650 aliam
1403 4597 1571 4652 vitam
1636 4598 1916 4665 Ecclesia,
1979 4602 2085 4657 hoc

508 4686 615 4743 est,
636 4694 758 4743 nos,
787 4682 881 4749 qui
911 4698 1010 4751 per
1034 4683 1197 4739 ﬁdem
1234 4686 1289 4740 in
1329 4686 1612 4742 Christum
1651 4689 1917 4745 unitatem
1958 4707 2083 4746 cum

509 4768 621 4835 Deo
650 4786 749 4841 per
769 4771 1035 4842 Spiritum
1058 4776 1205 4831 nacti
1227 4792 1438 4833 sumus.
1463 4778 1654 4848 Neque
1678 4794 1811 4835 vero
1841 4782 2083 4849 mireris,

513 4859 672 4941 1,39
694 4861 739 4916 si
772 4878 921 4919 mors
949 4865 1153 4920 Rachel
1175 4881 1207 4921 a
1230 4866 1400 4923 rebus
1421 4867 1586 4940 hujus
1616 4868 1743 4924 vita:
1784 4874 2085 4930 transtulit.

511 4951 776 5018 Percellet
817 4957 967 5019 enim
1013 4972 1410 5028 nonnunquam
1455 4957 1512 5013 id
1553 4957 1822 5028 quosdam
1860 4976 1926 5016 ea
1967 4978 2088 5031 qua:

508 5045 638 5107 olim
666 5047 1004 5115 acciderunt,
1028 5050 1481 5120 contemplantes.
1507 5050 1662 5107 Dicat
1683 5059 1866 5108 autem
1891 5053 2090 5124 aliquis

509 5136 738 5194 fortasse
792 5149 955 5210 atque
1012 5141 1087 5196 ita
1135 5156 1323 5197 secum
1379 5142 1623 5213 cogitet:
1657 5142 1909 5200 Cessabit
1958 5162 2089 5215 ergo

513 5230 755 5293 Ecclesia
782 5249 1043 5290 successu
1079 5234 1362 5304 temporis,
1387 5241 1444 5288 et
1476 5244 1651 5290 morte
1680 5235 2087 5307 quodammodo

507 5323 884 5395 exstinguctur
903 5344 916 5380 :
935 5334 1099 5396 atque
1116 5327 1222 5382 hoc
1234 5333 1319 5383 est
1338 5326 1617 5382 transferri
1636 5327 1705 5381 ad
1722 5328 1970 5383 meliora.
1990 5329 2085 5384 llis

512 5415 906 5483 respondemus
929 5435 942 5472 :
963 5417 1100 5475 Cum
1124 5419 1282 5474 audis
1307 5417 1580 5473 nominari
1606 5418 1925 5485 Ecclesiam,
1954 5436 2082 5475 san-

511 5512 651 5556 ctam
690 5506 1035 5561 credentium
1081 5510 1489 5565 multitudinem
1538 5508 1770 5580 intelligi
1809 5512 2081 5576 existima,

585 5701 630 5735 '°
655 5701 811 5764 ιιοιιιι.
846 5719 900 5769 x,
934 5702 1015 5757 i6.

2118 4457 2163 4512 D

2184 3227 2502 3298 σκαιότητος
2544 3229 2638 3281 καὶ
2679 3228 3091 3297 ἀπανθρωπίας,
3147 3228 3523 3298 διαμεμήνυκε
3588 3231 3760 3283 πάλιν

2183 3316 2494 3385 ἐπενεγκὼν
2512 3318 2673 3381 αὐτὸς
2688 3319 2716 3369 6
2733 3318 2986 3387 Χριστός·
3001 3336 3019 3369 ι
3053 3318 3162 3371 Καὶ
3179 3320 3226 3371 εἰ
3251 3317 3327 3389 μὴ
3349 3317 3763 3390 ἐκολοϐώθησαν

2184 3411 2238 3463 αἱ
2267 3409 2470 3479 ἡμέραι
2504 3410 2729 3472 ἐκεῖναι,
2760 3408 2860 3461 οὐκ
2886 3408 2951 3463 ἂν
2982 3409 3159 3481 ἐσώθη
3203 3411 3350 3462 πᾶσα
3384 3409 3540 3481 σάρξ.
3571 3413 3682 3465 Διά
3706 3411 3761 3466 δὲ

2182 3503 2307 3565 τοὺς
2338 3500 2624 3563 ἐκλεκτοὺς
2658 3500 3122 3571 κολοϐωθήσονται
3160 3503 3213 3554 αἱ
3248 3501 3451 3572 ἡμέραι
3474 3505 3709 3558 ἐκεῖναι.
3740 3523 3758 3554 ι

2197 3592 2282 3656 Ὡς
2306 3591 2413 3662 γὰρ
2453 3591 2686 3656 διώξεως
2727 3592 2993 3663 ἐσομένης
3022 3593 3162 3647 κατά
3203 3593 3403 3656 παντὸς
3458 3593 3764 3647 ἀπολέκτου

2185 3687 2280 3739 καὶ
2307 3684 2530 3754 γνησίου
2574 3684 2671 3756 τὴν
2714 3685 2917 3748 πίστιν,
2978 3685 3053 3747 ὡς
3114 3684 3294 3755 δεινῆς
3342 3684 3436 3738 καὶ
3482 3686 3764 3757 ἀφορήτου

2186 3776 2516 3842 πλεονεξίας,
2561 3777 2656 3830 καὶ
2691 3776 2873 3847 μέντοι
2913 3776 3008 3829 καὶ
3067 3775 3258 3829 αἰκιῶν
3288 3775 3770 3847 ἐποισθησομὲνων

2185 3870 2360 3923 τισίνο
2416 3866 2569 3920 ἔσται
2617 3884 2717 3938 μου
2772 3867 2988 3930 πάντως
3042 3870 3100 3920 ἐν
3150 3868 3432 3931 συστολαῖς
3484 3870 3513 3922 6
3551 3870 3770 3940 καιρὸς,

2189 3955 2850 4032 συμμετροῢντος,οἷμαι,
2880 3959 2975 4014 τοῦ
3022 3960 3460 4032 φιλοικτίρμονος
3510 3960 3654 4015 Θεοῦ
3704 3964 3767 4031 τῇ

2186 4054 2294 4106 τῶν
2334 4054 2651 4123 καμνόντων
2690 4051 2833 4121 ἰσχύϊ
2876 4051 2966 4103 τὸν
3007 4052 3329 4122 πειρασμόν.
3361 4052 3516 4105 Οὕτω
3546 4056 3769 4124 φρονεῖν

2187 4145 2469 4200 ἀναπείθει
2515 4145 2611 4199 καὶ
2656 4146 2685 4197 6
2732 4142 3043 4213 σοφώτατος
3070 4143 3281 4206 Παῦλος
3304 4161 3318 4174 ο
3361 4162 3381 4195 ι
3418 4144 3620 4208 Πιστὸς
3658 4145 3714 4198 δὲ
3743 4146 3770 4197 6

2186 4237 2319 4300 Θεὸς
2348 4237 2405 4299 ὃς
2432 4237 2531 4290 οὐκ
2551 4239 2701 4290 ὲὰσει
2723 4236 2867 4306 ὑμᾶς
2889 4236 3251 4305 πειρασθῆναι
3274 4236 3415 4306 ὑπὲρ
3451 4236 3480 4289 ὃ
3511 4236 3764 4297 δύνασθε,

2190 4324 2324 4377 ἀλλὰ
2383 4324 2600 4393 ποιήσει
2640 4325 2737 4376 σὺν
2782 4321 2860 4392 τῷ
2915 4322 3209 4395 πειρασμῷ
3259 4322 3352 4376 καὶ
3396 4321 3494 4393 τὴν
3545 4321 3767 4376 ἔκϐασιν

2164 4413 2283 4473 ,τοῦ
2315 4412 2573 4466 δύνασθαι
2611 4415 2953 4482 ὑπενεγκεῖν.
2994 4433 3013 4466 ι
3065 4412 3422 4484 Γεννηθέντος
3450 4411 3632 4466 τοίνυν
3676 4410 3766 4465 τοῦ

2192 4502 2469 4572 Βενιαμὶν,
2515 4500 2779 4567 τουτέστι,
2828 4501 2922 4555 τοῦ
2954 4503 3010 4555 ὲν
3040 4502 3182 4555 τέλει
3216 4519 3273 4554 τε
3307 4502 3401 4556 καὶ
3441 4503 3499 4555 ὲν
3529 4501 3746 4566 ὀδύναις

2191 4593 2345 4658 λαοῦ,
2391 4592 2730 4646 πεπαύσεται
2785 4595 2879 4647 καὶ
2939 4593 3159 4665 Ῥαχήλ.
3197 4594 3598 4663 Μετοιχήσεται
3638 4594 3766 4662 γὰρ,

2193 4684 2382 4754 ὥσπερ
2415 4683 2549 4753 ἔφην
2591 4682 2814 4753 ἀρτίως,
2863 4684 2943 4747 εἰς
2981 4685 3176 4755 ἑτέραν
3208 4668 3404 4755 ζωὴνή
3446 4684 3763 4756 Ἐκκλησία,

2192 4775 2467 4830 τουτέστιν
2499 4775 2680 4846 ἡμεῖς,
2725 4776 2772 4827 οἱ
2804 4772 2891 4826 διὰ
2921 4773 3159 4835 πίστεως
3183 4778 3282 4845 τῆς
3306 4778 3385 4839 είς
3408 4774 3643 4847 Χριστὸν
3668 4775 3767 4845 τὴν

2192 4867 2280 4922 διὰ
2311 4865 2626 4936 Πνεύματος
2656 4864 2848 4917 ἕνωσιν
2889 4864 3023 4937 πρὸς
3048 4864 3182 4919 Θεὸν
3211 4867 3632 4936 πλουτήσαντες.
3658 4865 3765 4917 Καὶ

2194 4959 2270 5028 μή
2295 4974 2376 5010 τοι
2402 4954 2689 5023 θαυμάσῃς
2719 4954 2767 5006 εί
2792 4953 3019 5017 θάνατος
3045 4955 3144 5026 τὴν
3190 4954 3391 5027 Ῥαχὴλ
3412 4955 3520 5010 τῶν
3548 4957 3603 5011 ὲν
3631 4954 3763 5025 τῷδε

2189 5047 2267 5118 τῷ
2308 5046 2497 5117 κόσμῳ
2554 5045 2825 5116 μετέθηκε
2874 5048 3239 5117 πραγμάτων.
3289 5046 3596 5119 Θορυὸήσει
3658 5046 3765 5113 γὰρ

2191 5139 2302 5192 ἔσθ’
2328 5141 2417 5193 ὅτε
2444 5138 2504 5191 τὸ
2540 5137 2731 5211 χρῆμά
2766 5154 2939 5203 τινας,
2975 5139 3370 5209 ἐνηνεγμένους
3402 5141 3483 5202 είς
3533 5137 3764 5208 θεωρίαν

2187 5230 2281 5285 τοῦ
2304 5230 2469 5283 πάλαι
2502 5226 2927 5303 συμϐεϐηκότος*
2957 5227 3305 5282 Πεπαύσεται
3337 5228 3400 5299 δὴ
3428 5223 3522 5283 οὖν
3557 5230 3589 5298 ἡ
3641 5227 3763 5280 Ἐκ·

2193 5321 2390 5391 κλησία
2435 5319 2578 5374 κατά
2608 5320 2853 5390 καιροὺς,
2887 5319 2983 5373 καὶ
3018 5320 3374 5392 σϐεσθήσεται
3401 5320 3617 5390 θανάτῳ
3642 5320 3762 5390 τρό-

2192 5433 2291 5468 πον
2314 5415 2457 5469 τινά·
2514 5413 2613 5474 καὶ
2660 5410 2818 5465 τοῦτό
2844 5414 2992 5465 ἐστιν
3018 5413 3049 5482 η
3090 5413 3225 5484 πρὸς
3256 5412 3323 5468 τὰ
3352 5414 3559 5483 ἀμείνω
3593 5410 3763 5481 μετά-

2195 5523 2381 5568 στασις
2410 5523 2423 5571 ;
2460 5503 2602 5574 Πρὸς
2627 5502 2779 5573 δὴτά
2813 5502 2987 5556 τοιάδε
3027 5503 3207 5572 φαμέν
3229 5521 3242 5534 ο
3284 5502 3609 5573 Ἐκκλησίαν
3636 5502 3763 5554 ὅταν

1092 5703 1131 5733 ⁸¹
1166 5704 1207 5765 ll
1240 5704 1430 5764 Thess.
1465 5721 1522 5773 ll,
1553 5707 1603 5775 «ί,
1631 5708 1681 5763 5.
1761 5706 1803 5738 "
1835 5707 2021 5770 Matth.
2060 5723 2200 5772 xxiv,
2236 5706 2326 5769 2i.
2405 5703 2448 5733 “
2480 5701 2618 5758 Ibid.
2677 5701 2761 5758 2'2.
2840 5701 2883 5730 "'
2918 5702 3084 5757 lCor.
3127 5717 3179 5763 Χ,
3216 5701 3300 5756 15.
