4074 6260
443 320 579 407 an,
1461 308 1521 367 ε.
1563 299 1841 368 erant.”
1878 296 2353 372 ALExAnuniNl
2391 292 2718 365 meumr.
3601 282 3706 356 ﬁt

438 437 607 495 pane
631 452 741 509 per
769 434 1176 495 inmath
1207 432 1364 502 pains
1399 446 1464 486 ac
1490 432 1604 485 vini
1641 450 1654 484 :
1682 431 1785 501 ipsi
1808 431 2020 486 servie-
2046 468 2051 495 η

2152 428 2335 501 lci-:96;
2356 428 2445 481 διὰ
2474 427 2711 498 πλήθους
2742 425 2892 479 σίτου
2924 424 3018 477 καὶ
3048 423 3221 476 οἴνονέ
3249 418 3406 491 Afra?»
3435 419 3708 475 δεδουλεύ-

445 539 579 586 mnt
596 537 810 600 gentes,
831 537 888 582 ct
908 527 1277 582 adoraverunt
1308 523 1617 594 principes,
1655 533 1713 577 ct
1746 542 1763 575 ι
1793 522 2024 579 maledi-

2152 534 2288 575 ιασιν
2313 520 2464 590 ἔθνη,
2495 520 2587 571 καὶ
2614 515 3143 588 προτικεπιυνήκασιν⁴
3161 513 3461 592 ἄρχοντες.»
3482 531 3501 564 ι
3534 513 3648 568 Καὶ
3678 517 3709 567 ό

446 635 587 676 cens
610 620 672 675 ei
709 628 793 675 est
836 618 1158 673 maledictus
1181 656 1197 682 ,
1246 616 1582 671 benedicens
1623 630 1756 670 vero
1802 613 2032 670 benedi-

2152 612 2520 683 ιαταρῶμενος
2545 609 2713 662 αὑτὸν
2748 608 3148 677 ἐπικατάρατος
3165 622 3180 637 σ
3211 607 3240 658 6
3266 606 3323 658 δὲ
3353 604 3593 674 εὐλογῶν
3618 606 3709 659 sbi-

448 722 574 768 ctus
629 711 709 769 ".
766 730 789 763 ι
844 712 999 781 juxta
1056 708 1502 765 benedictionem
1555 708 1727 763 isaae.
1787 707 1911 777 ipse
1963 706 2031 762 ad

2152 703 2462 774 .ογημένος,
2511 721 2534 754 ι
2575 700 2721 754 κατὰ
2763 699 2862 770 τὴν
2907 696 3161 763 εὐλογίᾶν
3208 696 3415 751 Ἰσαάκ.
3471 696 3644 760 Αὐτὸς
3683 700 3711 752 6

434 783 869 859 siniilitudinem
905 803 1075 859 Jacob
1115 803 1284 858 veluti
1324 810 1616 871 paternam
1659 800 1883 854 domum
1908 808 2034 852 tan-

2152 795 2256 848 ιαθ⁹
2295 794 2589 864 ὁμοιότητα
2618 793 2718 862 τὴν
2770 789 2966 844 Ἰακὼϐ
2996 789 3249 858 καθάπερ
3289 787 3413 841 τινὰ
3452 786 3712 860 πατρῴαν

455 907 576 951 tum
614 912 724 952 non
756 897 1019 951 deserens
1069 897 1270 951 coelum
1307 895 1374 949 ad
1418 893 1604 947 Laban
1663 907 1722 946 se
1777 891 2032 955 contulit,

2152 887 2322 941 ἑστίαν
2355 886 2637 957 μονονουχὶ
2663 882 3036 946 ἀπολελοιπὼς
3055 882 3151 935 τὸν
3181 881 3432 954 οὐρανὸν,
3458 881 3553 933 καὶ
3580 879 3713 950 πρὸς

446 989 547 1059 qui
605 988 813 1042 mundo
864 986 1269 1057 comparandus
1328 996 1413 1039 est
1461 983 1725 1039 nescienti
1775 983 1901 1052 quis
1943 997 2036 1035 es-

442 1086 535 1134 set
584 1079 913 1134 naturaliter
955 1080 1134 1145 Deus;
1188 1082 1246 1132 et
1287 1075 1473 1146 potius
1527 1075 1892 1129 vehementer
1944 1088 2037 1127 er-

455 1188 580 1227 rore
647 1171 719 1227 de
774 1171 1088 1242 pluralitate
1141 1169 1374 1224 deorum
1440 1167 1735 1222 laboranti.
1800 1166 2037 1220 Idolola-

456 1272 539 1316 tra
573 1262 724 1317 enim
768 1266 937 1317 etiam
978 1271 1100 1316 erat
1139 1261 1346 1316 Laban.
1398 1259 1663 1329 Proprius
1708 1257 1877 1327 igitur
1921 1267 2041 1311 erat

454 1352 622 1406 etiam
674 1351 913 1405 mundus
978 1350 1204 1414 Christi,
1258 1358 1525 1419 quantum
1571 1348 1897 1402 naturaliter
1954 1347 2043 1401 in-

455 1443 719 1513 telligitur
766 1443 931 1506 Deus,
971 1450 1027 1496 et
1074 1442 1244 1495 totius
1276 1441 1520 1495 universi
1562 1441 1829 1494 Dominus
1878 1450 2043 1508 atque

457 1532 654 1603 opifex.
681 1533 798 1586 Non
844 1532 1102 1602 proprius
1129 1540 1313 1585 autem
1345 1545 1539 1585 rursus
1561 1530 1632 1583 ob
1655 1530 2042 1609 defectionem,

455 1620 649 1690 etquia
671 1621 890 1675 videtur
909 1621 1140 1674 alterius
1159 1635 1279 1673 esse
1301 1618 1476 1673 factus
1492 1628 1717 1688 propter
1737 1627 2042 1688 peceatum.

2132 980 2321 1035 Λάδαν
2344 978 2665 1049 ἀφιγμένος,
2688 975 2748 1028 ὃν
2766 975 2845 1045 τῷ
2872 976 3063 1045 κόσμῳ
3081 973 3507 1044 παρεικαστέονδ
3533 970 3611 1041 τῷ
3641 972 3714 1041 μὴ

2133 1070 2299 1122 εἰδότι
2350 1068 2482 1121 ποτὲ
2530 1068 2615 1129 τίς
2654 1068 2685 1119 6
2733 1065 2892 1135 φύσει
2936 1064 3090 1129 Θεὸς,
3136 1060 3624 1134 κατηῤῥωστηκότι
3660 1060 3718 1112 δὲ

2132 1160 2328 1230 ὥσπερ
2364 1161 2502 1227 ἄγαν
2541 1158 2642 1229 τὴν
2687 1156 2950 1210 πολύθεον
2990 1155 3276 1225 πλάνησιν·
3329 1152 3719 1222 εἰδωλολάτρης

2134 1251 2248 1322 γὰρ
2276 1252 2370 1304 καὶ
2393 1254 2424 1304 6
2453 1249 2658 1304 Δάὸαν.
2697 1249 2858 1311 ’ἰδιος
2905 1248 3005 1317 μὲν
3028 1242 3123 1300 οὖν
3152 1248 3246 1300 καὶ
3279 1247 3309 1299 6
3352 1245 3552 1313 κόσμος
3587 1245 3720 1314 Χρι-

2141 1342 2288 1407 στοῦ,
2324 1341 2455 1395 καθὸ
2475 1343 2569 1394 καὶ
2592 1341 2755 1409 φύσει
2781 1342 2985 1392 νοεῖται
3010 1338 3160 1402 Θεὸς,
3188 1337 3284 1390 καὶ
3303 1335 3411 1388 τῶν
3435 1335 3573 1388 ὅλων
3605 1333 3719 1388 Κύ-

2144 1452 2258 1506 ριος
2304 1436 2400 1488 καὶ
2446 1432 2802 1505 δημιουργῆς,
2845 1432 2946 1486 οὐκ
3004 1432 3136 1493 tam;
3191 1431 3247 1483 δὲ
3293 1430 3456 1482 πάλιν
3494 1428 3583 1482 δῖὰ
3621 1428 3722 1499 τὴν

2149 1528 2469 1590 ἀπόστασιν,
2508 1530 2603 1579 καί
2633 1527 2695 1579 τὸ
2729 1526 2832 1596 ἢδη
2869 1542 2986 1589 πως
3026 1523 3202 1577 δοκεῖν
3244 1523 3431 1593 ἑτέρου
3467 1520 3723 1590 γενέσθαι

2145 1619 2235 1672 διὰ
2275 1617 2377 1689 τὴν
2426 1618 2720 1689 ἁμαρτίαν.
2779 1616 3156 1687 Ἐπεγρᾰφετο
3200 1616 3310 1686 γὰρ
3357 1613 3582 1685 βασιλέα
3634 1613 3725 1666 τὸν

458 1712 720 1767 Satanam
766 1713 916 1766 enim
970 1725 1155 1781 regem
1198 1709 1457 1763 habebat.
1507 1710 1803 1765 Descendit
1864 1710 2047 1780 itaque

2152 1712 2412 1765 Σατανᾶν.
2434 1709 2657 1763 οὐκοῦν
2684 1708 3064 1776 καταϐέϐηκεν
3098 1707 3128 1758 6
3167 1706 3337 1775 Λόγος
3369 1703 3429 1770 ἐξ
3458 1700 3689 1776 οὐρανοῦ
3710 1744 3726 1769 ,

459 1803 699 1857 Verbum
743 1817 775 1855 e
817 1801 990 1865 cmio,
1023 1809 1246 1869 paterna
1290 1800 1696 1870 quodammodo
1737 1800 1901 1855 domo
1957 1817 2046 1855 re-

2152 1805 2247 1875 τὴν
2286 1800 2545 1872 πατρῴαν
2600 1799 2788 1869 ὥσπερ
2835 1784 3239 1871 καταλελοιπὼς
3288 1798 3496 1850 ἑστίαν.
3557 1795 3730 1849 Τοῦτο

449 1893 588 1949 licta
616 1894 743 1964 (hoc
776 1894 925 1949 enim
980 1894 1143 1947 modo
1170 1892 1327 1965 dixi),
1371 1899 1599 1964 eratque
1644 1894 1816 1949 Veluti
1845 1894 2045 1964 hospes

463 1983 517 2037 in
548 1984 765 2053 proprio
797 1999 861 2038 ac
898 1999 998 2039 suo
1029 1985 1266 2051 mundo,
1291 1985 1437 2054 quod
1468 1994 1524 2040 et
1564 1985 1781 2055 sapiens
1808 1986 2045 2041 Joannes

464 2074 773 2137 testabitur,
798 2074 989 2129 dicens
1016 2092 1029 2128 :
1065 2093 1082 2124 ι
1110 2075 1170 2129 In
1204 2075 1412 2129 mundo
1439 2083 1579 2139 erat,
1605 2084 1661 2130 et
1683 2075 1924 2130 mundus
1945 2091 2045 2145 per

463 2167 643 2237 ipsum
666 2167 841 2222 factus
866 2175 971 2232 est,
1006 2175 1063 2223 et
1084 2168 1325 2223 mundus
1342 2183 1469 2223 eum
1492 2185 1603 2223 non
1634 2169 1889 2239 cognovit
1910 2169 1978 2222 ⁸⁷.
2017 2187 2036 2220 ι

460 2258 571 2314 Sed
597 2258 713 2314 hzec
732 2258 966 2313 fortasse
1001 2258 1330 2314 conveniant
1354 2258 1526 2329 ipsius
1542 2259 1811 2313 adventus
1837 2266 2048 2328 tempo-

464 2348 637 2404 ribus.
666 2348 821 2415 Quod
844 2364 975 2403 vero
1004 2349 1172 2403 etiam
1218 2360 1347 2403 ante
1371 2349 1804 2403 incarnationem
1829 2348 1886 2403 in
1914 2363 2045 2418 pro-

464 2438 603 2508 priis
629 2447 769 2503 erat,
812 2446 874 2492 ut
898 2439 1045 2494 Deus
1078 2457 1092 2492 :
1128 2438 1348 2509 ignotus
1382 2447 1567 2494 autem
1604 2440 1831 2504 mundo,
1872 2441 2048 2494 nostri

464 2541 655 2582 curam
700 2526 959 2581 habuerit
979 2543 1048 2582 ex
1078 2527 1265 2582 innata
1310 2528 1421 2598 ipsi
1450 2528 1720 2596 bonitate,
1753 2529 2048 2600 divinaque

467 2617 823 2688 benignitate,
852 2618 1023 2674 Jacob
1043 2620 1100 2673 in
1115 2635 1174 2675 se
1197 2620 1367 2675 veluti
1389 2621 1443 2676 in
1462 2628 1588 2693 typo
1608 2622 1769 2677 nobis
1786 2622 2045 2677 declarat.

468 2708 625 2765 Pavit
663 2709 811 2763 enim
843 2725 976 2766 oves
1030 2709 1252 2776 Laban,
1299 2713 1506 2767 nullam
1549 2714 1779 2769 omnino
1807 2713 1876 2768 ab
1929 2714 2050 2783 ipso

468 2801 779 2861 mercedem
803 2801 1078 2872 accipiens
1096 2843 1111 2867 ,
1142 2819 1238 2873 spe
1261 2819 1393 2859 vero
1415 2805 1531 2860 sola
1570 2805 1639 2861 ad
1655 2806 1760 2861 hoc
1781 2805 2051 2861 adductus

466 2897 613 2969 quod
637 2898 851 2954 duabus
872 2900 993 2968 ejus
1019 2894 1237 2953 ﬁliabus
1274 2896 1651 2966 eonjugandus
1688 2905 1853 2964 esset,
1887 2905 1945 2952 et
1974 2899 2053 2952 le-

467 2990 785 3060 gitimorum
814 2989 1053 3045 ﬁliorum
1107 2997 1265 3060 pater
1306 2988 1687 3045 declarandus.
1714 2988 1815 3043 Lia
1866 2998 2050 3045 autem

466 3089 624 3136 erant
650 3089 706 3136 et
731 3080 955 3136 Rachel.
980 3081 1128 3135 Deus
1158 3080 1307 3136 enim
1328 3081 1606 3137 ’exsistens
1626 3081 1928 3137 secundum
1949 3098 2019 3137 na
2036 3112 2050 3123 -
2076 3117 2121 3176 ο

475 3181 657 3229 turam
691 3173 861 3228 Filius
885 3174 943 3227 in
984 3173 1190 3228 mundo
1210 3183 1343 3229 erat
1380 3173 1509 3244 (hoc
1524 3176 1674 3230 enim
1697 3183 1789 3229 est,
1817 3174 2047 3245 Laban),

469 3272 527 3320 et
563 3264 713 3333 pavit
731 3264 1166 3333 quodammodo,
1191 3266 1516 3335 impartiens
1556 3276 1621 3322 ut
1644 3267 1790 3321 Deus
1828 3282 1952 3335 quae
1982 3267 2052 3321 ad

472 3354 640 3408 vitam
669 3353 1079 3409 sustentandam
1112 3363 1244 3409 sunt
1295 3355 1629 3420 necessaria,
1674 3355 1888 3411 donans
1932 3355 2051 3410 fru—

474 3453 597 3500 etus
621 3452 805 3511 terrae,
833 3446 1095 3501 amittens
1120 3446 1302 3502 fontes
1322 3462 1612 3515 aquarum,
1666 3454 1724 3502 et
1764 3445 2053 3501 ﬂuminum

473 3549 689 3598 cursus,
729 3550 748 3585 ι
799 3535 973 3590 solem
1010 3551 1172 3590 suum
1207 3537 1343 3590 oriri
1381 3530 1613 3601 faciens,
1652 3556 1670 3588 ι
1726 3538 1872 3591 sicut
1917 3536 2053 3592 scri-

474 3631 628 3694 ptum
661 3631 745 3679 est
767 3624 835 3688 ³⁸,
884 3623 1043 3696 144
1088 3625 1303 3694 pluvias
1343 3626 1657 3690 demittens,
1717 3626 1916 3681 indens
1948 3627 2050 3681 hu-

474 3728 652 3769 manae
681 3722 894 3769 naturae
927 3714 1169 3768 innatam
1215 3715 1583 3784 prudentiam.
1634 3716 1757 3785 ipse
1792 3717 1940 3770 enim
1971 3724 2056 3771 est

473 3821 663 3862 verum
711 3806 918 3871 iumen,
950 3826 969 3859 ι
997 3806 1147 3877 quod
1194 3805 1469 3863 illuminat
1505 3823 1724 3864 omnem
1776 3807 2056 3862 hominem

475 3897 789 3954 venientem
845 3898 902 3954 in
944 3898 1214 3954 mundum
1243 3899 1310 3954 ".
1345 3920 1364 3952 ι
1404 3900 1655 3970 implevit
1703 3908 1887 3956 autem
1940 3899 2057 3955 hac

473 3990 658 4044 omnia
696 3997 918 4061 propter
943 3991 1139 4055 solam,
1164 3998 1228 4045 ut
1252 3990 1387 4056 dixi;
1410 3991 1652 4047 innatam
1676 3991 1783 4062 ipsi
1804 3991 2056 4062 benigni-

475 4088 640 4135 tatem
664 4118 680 4143 ,
717 4090 776 4135 et
805 4081 1113 4136 mercedem
1142 4082 1363 4151 quidem
1400 4084 1606 4138 nullam
1648 4084 1721 4138 ab
1755 4084 1826 4139 iis
1858 4085 1953 4155 qui
2000 4086 2057 4140 in

475 4169 683 4228 mundo
725 4178 855 4223 sunt
895 4171 1207 4240 accipiens,
1249 4186 1360 4225 non
1404 4172 1856 4240 gloriﬁcationem
1886 4213 1904 4239 ,
1946 4190 2056 4231 non

2144 1895 2254 1965 γὰρ
2278 1892 2413 1963 ἔφην
2434 1892 2656 1962 ἀρτίως.
2686 1891 2796 1943 Καὶ
2822 1886 2890 1960 ἦν
2915 1890 2989 1951 ὡς
3015 1889 3163 1954 ξένος
3191 1890 3249 1941 ἐν
3274 1889 3387 1959 ἰδίῳ
3410 1886 3487 1957 τῷ
3514 1888 3727 1958 κόσμῳ.

2146 1986 2254 2039 Καὶ
2286 1984 2632 2056 μαρτυρήσει
2658 1983 2831 2049 λέγων
2863 1984 2892 2034 6
2920 1980 3082 2048 σοφὸς
3125 1981 3411 2050 Ἰωάννηςδ
3459 1999 3477 2031 ι
3531 1979 3622 2033 Ἑν
3650 1979 3731 2047 τῷ

2146 2079 2336 2147 κόσμῳ
2377 2072 2475 2146 ἦν.
2520 2076 2616 2129 καὶ
2660 2077 2690 2127 6
2730 2074 2934 2145 κόσμος
2963 2074 3029 2125 δι’
3068 2073 3233 2128 αὑτοῦ
3274 2073 3520 2140 ἐγένετο,
3563 2073 3663 2126 καὶ
3702 2074 3732 2125 ὀ

2146 2169 2350 2238 κόσμος
2399 2168 2563 2222 αὐτὸν
2606 2168 2706 2220 οὐκ
2753 2166 2913 2235 ἔγνω.
2966 2182 2984 2216 ι
3041 2165 3203 2219 Ἀλλὰ
3248 2165 3403 2219 ταυτὶ
3454 2166 3553 2236 μὲν
3599 2166 3731 2229 ἴσως

2148 2261 2440 2331 ἁρμόσειεν
2484 2257 2551 2312 ἂν
2582 2258 2808 2321 εἰκότως
2844 2260 2958 2320 τοῖς
3001 2256 3102 2326 τῆς
3145 2256 3443 2328 ἐπιδημίας
3491 2259 3728 2328 καιροῖς.

2149 2354 2274 2405 ’Ὀτι
2306 2352 2364 2404 δὲ
2394 2351 2490 2405 καὶ
2515 2351 2621 2422 πρὸ
2648 2350 2748 2419 τῆς
2782 2349 3246 2419 ὲνανθρωπήσεως
3276 2351 3333 2401 ὲν
3363 2349 3513 2411 ἰδίοις
3541 2344 3614 2419 ἦν
3657 2348 3734 2412 ὡς

2148 2444 2313 2507 Θεός·
2368 2443 2732 2514 ἀγνοούμενος
2781 2442 2837 2495 δὲ
2883 2440 2964 2511 τῷ
3013 2441 3219 2511 κόσμῳ,
3249 2440 3358 2495 τῶν
3411 2440 3535 2495 καθ’
3581 2442 3734 2511 ἡμᾶς

2148 2537 2389 2590 ἐποιεῖτο
2430 2537 2719 2607 πρόνοιαν,
2761 2533 2824 2599 ἐξ
2871 2533 3113 2605 ἐμφύτου
3181 2533 3584 2602 καλοκάγαθίας
3639 2533 3736 2587 καὶ

2151 2627 2491 2699 θεοπρεποῦς
2537 2628 2903 2698 ἡμερότητος,
2928 2623 3310 2697 παραδείξειεν
3360 2624 3427 2677 ἂν
3483 2623 3654 2689 εὐθὺς
3708 2627 3737 2677 ὁ

2152 2719 2438 2785 θεσπέσιος
2477 2718 2670 2773 Ἰακὼὸ
2689 2720 2764 2782 ὼς
2790 2720 2849 2772 ὲν
2869 2719 3025 2788 τύπῳ
3054 2717 3131 2788 τῷ
3153 2717 3273 2770 καθ’
3301 2716 3511 2771 ἑαυτόν.
3553 2716 3735 2770 Ἐποιο

2156 2827 2316 2882 μαινε
2342 2810 2453 2880 γὰρ
2494 2812 2564 2864 τὰ
2592 2810 2841 2881 πρόϐατα
2883 2810 3106 2873 Δάϐαν,
3155 2808 3333 2862 καίτοι
3366 2807 3559 2877 μισθὸν
3593 2807 3736 2878 ἔχων
3780 2842 3783 2845 ›

2153 2903 2284 2973 παρ’
2319 2900 2486 2956 αὑτοῦ
2518 2900 2580 2953 τὸ
2629 2900 2848 2970 σύμπαν
2877 2900 3066 2953 οὐδένα
3090 2917 3104 2930 ·
3135 2899 3310 2952 ἑλπίδι
3347 2899 3404 2951 δὲ
3447 2899 3581 2969 μόνῃ
3605 2938 3623 2963 ,
3659 2899 3735 2961 είς

2152 2991 2310 3045 τοῦτο
2351 2991 2591 3061 ἠγμένος
2624 2995 2743 3044 ταῖν
2786 2991 2931 3045 δυοῖν
2969 2989 3134 3043 αὐτοῦ
3168 2989 3535 3043 συνάπτεσθαι
3567 2989 3739 3058 θυγα-

2153 3085 2361 3156 τέραινι
2395 3085 2490 3137 καὶ
2514 3084 2723 3150 τέκνων
2749 3083 2989 3153 γνησίων
3015 3081 3498 3152 ἀναδειχθήσεσθαι
3525 3084 3734 3154 πατήρ.

2153 3175 2287 3228 Δεία
2308 3174 2365 3228 δὲ
2400 3175 2569 3244 ἠστην
2606 3178 2701 3230 καὶ
2734 3175 2956 3244 Ῥαχήλ.
2988 3173 3122 3237 Θεὸς
3146 3173 3253 3244 γὰρ
3278 3173 3358 3229 ὢν
3400 3176 3544 3228 κατὰ
3570 3175 3738 3243 φύσιν

2151 3266 2181 3318 ὁ
2210 3265 2361 3330 Υἱὸς,
2395 3265 2452 3316 ἐν
2485 3265 2561 3335 τῷ
2590 3266 2785 3335 κόσμῳ
2816 3260 2912 3335 ἦν·
2948 3263 3107 3317 τοῦτο
3138 3263 3247 3336 γὰρ
3290 3267 3321 3317 6
3370 3263 3577 3318 Λὰὅαν.
3631 3265 3737 3318 Καὶ

2154 3359 2546 3428 κατεποίμαινε
2582 3355 2639 3408 δέ
2678 3372 2802 3408 τινα
2838 3355 3041 3426 τρόπον
3068 3353 3368 3424 οἰκονομῶν
3393 3355 3469 3417 ὡς
3494 3354 3639 3419 Θεὸς
3674 3355 3741 3410 τὰ

2157 3446 2381 3517 ζωαρκῆ
2403 3487 2417 3509 ,
2449 3444 2792 3517 δωρούμενος
2820 3447 2946 3509 τοὺς
2975 3446 3083 3501 ἀπὸ
3115 3449 3219 3517 γῆς
3249 3449 3495 3519 καρποὺς
3516 3490 3532 3514 ,
3563 3449 3741 3511 ἀνιεὶς

2158 3540 2337 3608 πηγὰς
2370 3539 2578 3592 ὑδάτων
2600 3577 2616 3602 ,
2650 3539 2747 3592 καὶ
2782 3538 3042 3609 ποταμῶν
3082 3539 3323 3609 νάματα,
3380 3558 3400 3591 ι
3449 3540 3540 3593 τον
3585 3541 3742 3613 ἥλιον

2157 3626 2323 3680 αὑτοῦ
2361 3625 2688 3688 ἀνατέλλων,
2734 3640 2754 3677 ι
2797 3627 2940 3679 κατὰ
2983 3626 3043 3678 τὸ
3087 3627 3504 3698 γεγραμμένον,
3547 3628 3740 3704 ὑετοὺς

2158 3718 2401 3785 καθιεὶς,
2443 3719 2673 3781 ἐντιθεὶς
2714 3720 2781 3788 τῇ
2830 3717 3120 3788 ἀνθρώπου
3161 3717 3318 3785 φύσει
3355 3718 3454 3788 τὴν
3498 3718 3744 3789 ἔμφυτον

2158 3808 2439 3881 φρόνησιν.
2472 3808 2643 3871 Αὐτὸς
2668 3807 2778 3879 γάρ
2824 3809 2942 3860 ἐστι
2971 3827 2989 3859 ι
3028 3809 3100 3860 Τὸ
3129 3808 3243 3876 φῶς
3272 3808 3333 3862 τὸ
3378 3808 3668 3878 ἀληθινὸν,
3716 3811 3743 3862 6

2158 3898 2383 3969 φωτίζει
2404 3899 2577 3952 πάντα
2603 3898 2890 3967 ἄνθρωπον
2920 3899 3216 3969 ἐρχόμενον
3242 3901 3318 3963 είς
3338 3899 3429 3952 τὸν
3450 3899 3685 3968 κόσμον.
3716 3921 3734 3952 ο

2171 3990 2441 4061 Ἐπλήρου
2475 3990 2531 4042 δὲ
2559 3988 2732 4043 ταῦτα
2756 3989 2848 4042 διὰ
2886 3990 3078 4061 μόνην,
3107 3990 3185 4052 ὡς
3209 3990 3367 4060 ἔφην,
3404 3991 3504 4057 τὴν
3536 3993 3744 4065 ήμερόδ

2158 4098 2296 4152 τητα
2316 4081 2413 4151 τὴν
2436 4080 2695 4151 ἔμφυτον·
2716 4082 2814 4134 καὶ
2831 4080 3021 4151 μισθὸν
3047 4082 3143 4151 μὲν
3163 4081 3354 4153 ὥσπερ
3370 4082 3563 4136 οὐδένα
3589 4087 3741 4150 παρᾶ

2158 4172 2265 4225 τῶν
2292 4174 2352 4225 ὲν
2379 4172 2570 4241 κόσμῳ
2596 4171 2849 4242 τηνικάδε
2881 4170 3188 4241 δεχόμενος,
3220 4172 3282 4225 οὐ
3313 4172 3647 4240 δοξολογίαν,
3678 4175 3737 4229 οὐ

475 4258 881 4324 adorationem,
929 4276 1042 4315 non
1085 4268 1294 4315 rectam
1324 4262 1664 4331 opinionem,
1712 4272 1810 4318 aut
1852 4266 2051 4320 erroris

2161 4263 2552 4334 προσκύνησιν,
2581 4262 2645 4315 οὺ
2680 4262 2838 4327 δόξαν
2868 4263 3069 4334 ὀρθὴν,
3105 4264 3202 4316 καὶ
3243 4263 3458 4334 ἀπλανῆ
3485 4265 3740 4334 διάληψιν

466 4356 755 4418 expertem
800 4347 871 4403 de
900 4363 968 4403 eo
1011 4349 1376 4416 sententiam;
1413 4353 1708 4421 praesciens
1742 4369 1875 4408 vero
1911 4355 2056 4424 quod

2160 4354 2257 4422 τὴν
2288 4352 2417 4422 περὶ
2436 4352 2624 4407 αὐτοῦ·
2657 4353 3021 4425 προεγνωκὼς
3039 4353 3096 4406 δὲ
3116 4355 3198 4407 ὅτι
3225 4354 3320 4408 δύο
3346 4359 3615 4425 γυναῖκας
3632 4357 3742 4422 ἔξει

476 4439 615 4495 duas
646 4454 905 4495 successu
929 4440 1192 4510 temporis
1212 4456 1412 4497 uxores
1431 4451 1579 4498 esset
1606 4444 1916 4510 habiturus,
1940 4461 2051 4516 qua.

2163 4442 2302 4495 κατὰ
2340 4443 2595 4513 καιροὺς,
2633 4440 2691 4501 αἱ
2720 4442 2960 4510 γνησίων
2988 4441 3136 4512 αὐτῷ
3158 4443 3363 4497 τέκνων
3390 4443 3607 4503 ἔσονται
3631 4462 3739 4515 μη-

477 4528 580 4599 ipsi
634 4528 1005 4600 legitimorum
1040 4530 1276 4587 ﬁliorum
1324 4543 1527 4590 matres
1577 4545 1765 4593 essent
1817 4536 2051 4604 futurae,

478 4619 840 4691 spiritualiter
886 4622 1185 4691 parientes.
1229 4623 1490 4690 Quaenam
1551 4641 1686 4681 vero
1730 4628 1854 4682 hie?
1898 4628 2056 4683 Prior

396 4699 400 4702 ⁴
481 4711 704 4780 quidem
741 4719 873 4765 natu
917 4712 1195 4781 grandior,
1236 4713 1342 4768 hoc
1368 4723 1472 4779 est,
1507 4714 1625 4780 Lia,
1668 4725 1855 4787 typum
1888 4717 2058 4789 Syna-

479 4818 629 4873 gogm
657 4801 973 4857 Iudaeorum
1009 4818 1120 4871 pra:
1167 4819 1225 4858 se
1264 4804 1387 4858 fert.
1433 4806 1615 4860 Altera
1634 4823 1785 4872 vero,
1817 4809 1922 4863 hoc
1947 4817 2053 4874 est,

478 4894 717 4949 secunda
765 4902 928 4964 atque
972 4895 1121 4949 illam
1160 4903 1405 4964 tempore
1450 4897 1761 4962 subsecuta,
1812 4898 2057 4969 impense

478 4992 676 5048 amata,
703 4984 890 5053 junior
911 4992 997 5041 est
1020 4985 1243 5049 Rachel,
1275 4985 1379 5039 hoc
1400 4995 1503 5051 est,
1529 4987 1773 5042 Ecclesia
1794 5005 1860 5043 ex
1879 4992 2057 5060 genti-

480 5072 602 5139 bus,
625 5090 746 5145 (μιαί
768 5074 934 5130 etiam
982 5077 1199 5146 peperit
1235 5076 1461 5146 Joseph,
1506 5077 1602 5147 qui
1639 5079 2053 5150 interpretatur,

477 5166 677 5221 additio
731 5164 848 5220 Dei.
896 5165 1131 5222 Additus
1172 5168 1322 5223 enim
1357 5178 1442 5223 est
1488 5169 1748 5226 lsraelitis
1810 5174 2057 5244 gentium

464 5270 628 5325 ,ει-εκ.
657 5254 984 5325 [intelligitur
1020 5271 1153 5310 vero
1181 5258 1346 5312 etiam
1383 5257 1544 5312 aliter
1584 5259 1926 5316 credentium
1960 5279 2058 5334 per

481 5355 694 5418 tempus
715 5346 996 5404 additione
1014 5390 1029 5414 ,
1057 5350 1113 5404 in
1150 5349 1470 5405 immensam
1502 5351 1909 5408 multitudinem
1931 5371 2054 5411 cre-

479 5439 639 5494 visse.
662 5439 934 5495 Caeterum
967 5441 1340 5497 animadverte
1375 5443 1664 5509 rationem,
1684 5447 2051 5516 juveritenim

479 5530 835 5584 vehementer
879 5529 1076 5584 horum
1128 5542 1319 5587 exacta
1367 5533 1626 5604 cognitio.
1678 5537 1897 5608 Peperit
1954 5540 2049 5596 Lia

549 5704 597 5737 “
621 5702 757 5757 Gen.
792 5722 954 5773 xxvn,
1001 5710 1089 5764 29.

1191 5714 1234 5745 ³⁷
1269 5716 1425 5771 Joan.
1456 5734 1491 5783 ι,
1530 5718 1615 5773 10.
1710 5722 1755 5754 οε
1788 5723 1980 5782 Matth.
2013 5742 2074 5793 γ,
2115 5728 2204 5782 65-

2157 4533 2631 4604 τέρες.τίκτουοαι
2655 4533 2880 4604 venatic.
2901 4534 3057 4586 Ποῖαι
3090 4533 3147 4586 δὲ
3185 4530 3377 4600 αὗται,
3410 4535 3615 4605 Πρώτη
3644 4535 3742 4605 μὲν

2159 4630 2193 4696 ὴ
2214 4624 2583 4697 πρεσϐυτέρα,
2603 4626 2873 4690 τουτέστι,
2899 4626 3053 4692 Λεία,
3085 4626 3183 4696 τῆς
3199 4627 3469 4693 Ἰουδαίων
3491 4628 3741 4697 Συναγω-

2163 4716 2265 4784 γῆς
2293 4714 2384 4767 τὸν
2426 4714 2594 4767 τύπον
2626 4715 3090 4784 ἀποπεραίνουσα.
3120 4717 3355 4789 Δευτέρα
3390 4718 3445 4773 δὲ
3485 4718 3580 4772 καὶ
3621 4721 3738 4790 μετ’

2163 4807 2224 4859 οὐ
2267 4806 2399 4860 πολὺ
2448 4808 2540 4860 καὶ
2587 4807 2948 4878 τριπόθητος,
2988 4809 3023 4878 ή
3048 4809 3287 4881 νεωτέρα
3336 4811 3557 4881 Ῥαχὴλς
3585 4829 3739 4866 τουτ-

2156 4899 2324 4963 έστιν,
2380 4900 2414 4968 ἡ
2458 4896 2519 4962 ἐξ
2558 4897 2728 4952 ἐθνῶν
2776 4899 3111 4969 Ἐκκλησία,
3171 4903 3206 4972 ἢ
3260 4903 3355 4956 καὶ
3409 4906 3601 4981 circa};
3650 4904 3739 4956 τὸν

2168 4992 2394 5063 Ἰωσὴφ,
2426 4991 2574 5045 Θεοῦ
2615 4994 2977 5062 προσθήκην
3015 4993 3464 5065 ἑρμηνευόμενον.
3504 4996 3732 5066 [ipens-

2156 5080 2328 5138 Οειται
2364 5085 2461 5154 μὲν
2497 5085 2606 5155 γὰρ
2634 5089 2747 5149 τοῖς
2797 5087 2856 5150 ἐξ
2913 5087 3132 5158 Ἰσραὴλ
3176 5087 3295 5157 ὴὲξ
3330 5088 3499 5142 ἐθνῶν
3542 5090 3734 5159 ἀγέλη.

2154 5178 2374 5231 Νοεῐται
2415 5177 2473 5230 δὲ
2517 5179 2611 5232 καὶ
2641 5178 2867 5247 ἑτέρως,
2915 5182 3036 5241 ταῖς
3081 5181 3222 5232 κατᾶ
3260 5181 3450 5251 καιρὸν
3495 5183 3602 5234 τῶν
3646 5198 3738 5234 πι-

2165 5269 2461 5322 στευόντων
2491 5270 2827 5341 προσθήκαις
2854 5273 2934 5334 εἰς
2968 5271 3177 5341 πληθὺν
3210 5271 3518 5343 ἀμέτρητον
3558 5273 3731 5333 ἰοῦσα.

2163 5358 2308 5428 Πλὴν
2365 5361 2466 5430 ὅρα
2516 5363 2610 5433 τὴν
2665 5363 3013 5433 ἐπιτήρησιν.
3067 5362 3304 5433 Ὀνίνησι
3355 5362 3461 5435 γὰρ
3514 5364 3631 5417 λίαν
3677 5365 3735 5418 τὸ

2161 5451 2386 5521 ἀκριϐὲς
2424 5455 2481 5505 ὲν
2512 5453 2743 5518 τούτοις
2775 5455 3104 5523 Γεγέννηκεν
3142 5457 3170 5526 ἡ
3204 5454 3338 5508 Λεία
3368 5455 3474 5525 πρὸ
3514 5454 3715 5525 Ῥαχὴλ

2159 5538 2276 5595 εἶτα
2300 5544 2503 5614 μεταξὺ
2532 5545 2812 5600 παιδίσκαι
2833 5547 2927 5601 δύο
2948 5547 3125 5602 Βάλλα
3151 5564 3208 5600 τε
3235 5549 3331 5604 καὶ
3359 5548 3560 5618 Ζελφᾶς
3597 5547 3721 5602 Ἀλλ

2282 5730 2327 5761 ⁹⁹
2350 5729 2507 5784 Joan.
2544 5745 2581 5796 ι,
2609 5729 2663 5784 9ι
