4074 6260
303 309 412 367 235

1325 309 1598 366 (ΖΕΑΡηῖ
1606 308 1848 367 RORUM
1886 311 1895 366 ]

1997 309 2292 366 GENESIM
2329 310 2462 366 LIB.
2503 311 2567 366 Υ.
3480 309 3586 364 εει

301 426 509 496 ἠρέμει
556 423 699 486 τέώς
758 421 981 476 Ἰακώϐ⁶
1036 422 1165 476 ίδιον
1218 423 1280 478 δὲ
1338 420 1488 478 οἶκον
1535 425 1688 481 οῦπω
1735 429 1895 480 ποιεῖε.

2009 427 2163 496 prius
2199 441 2362 496 quam
2413 423 2618 480 Rachel
2651 442 2662 477 .'
2701 423 2900 478 deinde
2947 422 3156 477 ancillae
3199 421 3319 477 dua:
3343 422 3490 478 Balla
3528 436 3584 481 et

304 517 632 569 ἐσκέπτετο.
669 515 965 586 Τέτοκενὴ
1002 514 1198 586 Ῥαχὴλ
1235 515 1327 570 τὸν
1373 516 1594 588 Ἰωσὴφ,
1624 519 1718 571 καὶ
1751 515 1900 572 οἶκον

304 606 498 659 λοιπὸν
550 607 656 678 ἐρᾷ
688 620 700 632 ·
755 624 775 657 ‹
815 605 948 658 Πότε
1001 606 1141 678 γὰρ,
1198 608 1361 677 φησὶ,
1418 611 1628 680 ποιήσω
1677 609 1901 682 ἐμαυτῷ

307 691 496 760 οἶκονς
536 714 556 746 ι
592 695 792 748 Τέτοκε
827 696 924 766 μὲν
956 697 1062 768 γάρ
1085 699 1118 767 ἡ
1152 697 1262 751 τῶν
1301 699 1570 753 Ἰουδαίων
1601 700 1900 771 Συναγωγὴ

311 789 444 850 τοὺς
474 791 554 853 είς
578 789 818 842 δουλείαν
845 788 940 859 τὴν
968 789 1072 842 ὑπὸ
1097 790 1285 861 νόμον.
1323 790 1462 844 Ἀλλ’
1491 790 1644 844 οὔπω
1666 791 1900 863 Χριστὸς

320 881 458 935 ἴδιον
483 877 626 934 οἶκον
651 881 794 950 ἔχειν
820 880 1084 951 ὡμολόγει
1115 883 1323 951 σαφῶς.
1359 882 1434 935 Οῦ
1468 882 1577 953 γάρ
1604 884 1900 954 ἀπεδέχετο

316 972 440 1026 λίαν
472 973 557 1025 τὸν
584 974 646 1025 ἐκ
674 971 836 1025 λίθων
867 973 1012 1036 ναὸν,
1044 973 1104 1026 δν
1134 972 1388 1043 Σολομὼν
1421 975 1757 1046 ἀνεδείματο.
1791 977 1900 1030 Καὶ

324 1063 447 1132 γοῦν
497 1063 763 1116 Ἰουδαίων
795 1063 1250 1136 ἐξωφρυωμένοις
1287 1066 1425 1135 ἄγαν
1469 1067 1562 1119 ἐπὶ
1597 1067 1733 1138 τῷδέ
1767 1086 1900 1122 ποτε

321 1153 593 1223 μονονουχὶ
617 1154 710 1206 καὶ
742 1154 1065 1225 ἐπιπλήττει
1106 1153 1280 1224 λέγων
1305 1171 1320 1186 °
1372 1175 1392 1208 ι
1455 1157 1513 1210 '0
1543 1159 1770 1229 οὐρανός
1806 1176 1899 1230 μοι

315 1247 518 1316 θρόνος,
553 1247 586 1316 ή
633 1245 690 1300 δὲ
734 1249 806 1318 γῆ
842 1247 1135 1302 ὑποπόδιον
1180 1248 1289 1302 τῶν
1334 1249 1508 1302 ποδῶν
1563 1268 1686 1321 μου.
1740 1252 1899 1305 Ποῖον

311 1333 454 1390 οἷκον
491 1338 879 1411 οἰκοδομήσετέ
912 1359 1035 1412 μοι,
1070 1341 1217 1410 λέγει
1258 1342 1493 1414 Κύριος·
1530 1343 1562 1414 ἢ
1607 1343 1689 1407 τίς
1734 1345 1899 1409 τόπος

309 1428 405 1499 τῆς
435 1431 838 1496 καταπαύσεώς
881 1449 1016 1502 μους
1067 1451 1086 1484 ›
1133 1433 1273 1487 Ἀλλ’
1312 1434 1432 1488 ούδέ
1459 1431 1605 1498 οἶκος
1636 1434 1772 1489 Θεοῦ
1801 1436 1898 1504 γέ-

307 1539 432 1591 γονε
462 1524 653 1595 νοητὸς
683 1524 711 1576 ὁ
749 1524 990 1595 Ἰσραήλ.
1023 1526 1099 1578 Οὐ
1125 1525 1233 1597 γὰρ
1259 1525 1579 1596 κατῴκηκεν
1606 1529 1661 1580 ἐν
1689 1527 1895 1592 αὐτοῖς.

321 1615 548 1687 Ἐπειδὴ
575 1616 632 1670 δὲ
661 1617 882 1671 τέτοκεν
909 1619 941 1689 ἡ
972 1616 1031 1682 ἐξ
1061 1617 1230 1671 ἐθνῶν
1265 1619 1558 1690 Ἐκκλησία
1585 1621 1675 1673 τὸν
1699 1620 1817 1674 νέον
1837 1638 1899 1676 τε

310 1712 406 1765 καὶ
436 1713 495 1763 ἐν
537 1712 880 1783 προσθήκαις
916 1711 1075 1775 λαὺν,
1107 1707 1254 1765 οἶκον
1286 1712 1416 1765 ἴδιον
1453 1711 1631 1782 ἐαυτῷ
1660 1712 1845 1766 λοιπὸν
1870 1714 1898 1766 6

2007 517 2230 587 Zelpha.
2252 515 2416 586 Atqui
2437 517 2678 589 quietem
2722 515 2930 569 interea
2954 515 3062 584 agit
3089 514 3276 580 Iacob,
3305 531 3482 585 neque
3519 517 3590 572 do

2006 607 2255 662 facienda
2278 607 2502 677 propria
2520 605 2689 660 domo
2711 605 2943 659 laborat.
2977 605 3270 675 Postquam
3311 622 3440 660 vero
3477 607 3585 660 Ra-

2007 698 2127 752 chel
2167 697 2381 768 peperit
2431 696 2666 766 Joseph,
2701 696 2988 767 propriam
3046 696 3307 766 deinceps
3363 696 3586 750 domum

2006 790 2176 861 cupit.
2211 809 2228 841 ι
2272 789 2501 857 Quando
2528 789 2697 853 enim,
2738 789 2934 859 inquit,
2969 787 3164 842 faciam
3205 789 3339 842 mihi
3365 789 3465 859 ipsi
3494 789 3590 843 do-

2006 898 2156 936 mum
2183 882 2200 913 ¹
2223 882 2490 952 ?Peperi1
2510 883 2656 936 enim
2679 881 2958 953 Synagoga
2978 880 3294 936 Iudaeorum
3338 881 3590 950 Subiech

2007 975 2062 1030 in
2080 973 2423 1029 servitutem.
2457 972 2728 1029 Caeterum
2751 972 2995 1026 nondum
3029 972 3283 1027 Christus
3312 971 3586 1043 propriam

2006 1067 2230 1122 domum
2261 1065 2466 1119 habere
2517 1072 2703 1135 aperte
2743 1063 3023 1136 professus
3063 1073 3168 1118 est.
3209 1064 3397 1134 Neque
3439 1063 3587 1118 enin.

2006 1159 2234 1213 charum
2259 1156 2453 1211 habuit
2472 1155 2768 1211 admodum
2804 1156 3069 1226 templum
3107 1155 3406 1225 lapideum,
3439 1154 3586 1225 quod

2007 1250 2263 1306 Salomon
2287 1249 2576 1305 exstruxit.
2598 1248 2811 1303 Idcirco
2838 1247 3055 1302 Judaaos
3078 1246 3312 1300 maxime
3342 1262 3508 1316 super
3523 1262 3590 1298 eo

2005 1341 2304 1412 gloriantes
2352 1349 2561 1394 tantum
2609 1355 2719 1393 non
2766 1339 3018 1409 objurgat
3050 1337 3239 1392 dicens
3281 1354 3294 1390 :
3328 1356 3344 1388 ‹
3375 1336 3588 1392 Caelum

2007 1434 2141 1486 mihi
2173 1433 2423 1498 thronus,
2455 1440 2602 1486 terra
2626 1447 2756 1486 vero
2777 1430 3075 1485 scabellum
3101 1428 3301 1500 pedum
3319 1445 3585 1483 meorum.

2004 1523 2229 1591 Qualem
2268 1525 2491 1580 domum
2520 1523 2867 1579 aadiiicabitis
2903 1523 3037 1577 mihi
3058 1563 3073 1588 ,
3113 1521 3247 1576 dicit
3276 1522 3539 1577 Dominus
3572 1540 3586 1575 :

2004 1623 2098 1669 aut
2139 1616 2261 1685 quis
2306 1617 2462 1672 locus
2504 1615 2862 1670 habitationis
2913 1631 3049 1670 mea:
3074 1614 3143 1668 ’ἲ
3174 1635 3192 1666 ι
3254 1613 3360 1669 Sed
3411 1630 3591 1684 neque

2004 1708 2263 1778 spiritalis
2290 1708 2386 1762 Dei
2418 1707 2614 1763 domus
2641 1707 2744 1762 fuit
2764 1707 2949 1762 Israel.
2977 1707 3166 1777 Neque
3199 1706 3348 1762 enim
3373 1706 3589 1760 habita-

312 1801 508 1873 Σωτὴρ
529 1803 976 1868 κατεσκευάζετο.
999 1803 1110 1856 Καὶ
1130 1803 1212 1868 τίς
1233 1802 1298 1874 δὴ
1321 1797 1473 1866 οὗτός
1495 1804 1675 1870 ἐστιν;
1713 1803 1895 1875 Ἡμεῖς

2006 1800 2085 1853 vit
2114 1797 2168 1852 in
2195 1799 2296 1854 eis.
2321 1800 2619 1870 Postquam
2643 1813 2776 1853 vero
2803 1798 3020 1870 peperit
3054 1799 3299 1854 Ecclesia
3324 1813 3390 1852 ex
3411 1798 3590 1869 genti-

313 1895 366 1946 οἱ
405 1895 828 1960 πιστεύσαντες,
880 1895 1010 1967 περὶ
1053 1888 1128 1949 ὧν
1169 1911 1305 1964 φησι
1351 1895 1446 1947 καὶ
1491 1894 1581 1948 διὰ
1628 1895 1904 1967 προφήτου

313 1985 523 2057 φωνῆς’
572 2004 591 2037 ι
625 1986 814 2051 Διδοῦς
840 1987 1040 2056 νόμους
1081 2003 1184 2056 μου
1209 1986 1289 2048 είς
1312 1986 1412 2055 τὴν
1441 1985 1676 2039 διάνοιαν
1703 1987 1901 2053 αὐτῶν,

311 2078 408 2131 καὶ
451 2077 548 2130 ἐπὶ
581 2078 812 2148 καρδίας
851 2078 1031 2132 αὐτῶν
1064 2078 1356 2150 ἐπιγράψω
1393 2077 1609 2142 αὐτούς.
1648 2081 1756 2134 Καὶ
1789 2079 1904 2135 ἐσο-

310 2186 415 2239 μαι
442 2170 630 2232 αὐτοῖς
657 2170 737 2232 είς
761 2169 915 2232 Θεὸν,
944 2168 1036 2222 καὶ
1065 2169 1220 2222 αὐτοὶ
1245 2167 1458 2223 ἔσονταί
1487 2185 1575 2237 μοι
1598 2170 1676 2232 είς
1693 2169 1838 2224 λαόν.
1878 2188 1895 2220 ι

309 2262 585 2314 Κατοικεῖ
612 2262 672 2314 ἐν
697 2263 830 2332 ἡμῖν
852 2260 938 2314 διὰ
958 2259 1050 2313 τοῦ
1074 2260 1410 2329 Πνεύματος,
1427 2259 1675 2330 καθάπερ
1699 2260 1901 2331 ἀρτίως

303 2352 480 2422 ἔφην,
499 2353 574 2420 ,οὐ
607 2352 944 2424 κατοικήσας
970 2352 1028 2405 ἐν
1073 2350 1308 2423 Ἰσραήλ.
1351 2352 1472 2404 Ὅτι
1501 2351 1609 2422 γὰρ
1641 2351 1900 2423 ἀμέτοχοι

300 2445 400 2498 τοῦ
432 2444 788 2515 Πνεύματος,
815 2443 890 2507 ὡς
920 2443 978 2496 ἐν
1007 2442 1162 2514 τύπῳ
1199 2442 1343 2512 λέγω
1369 2441 1447 2514 τῷ
1484 2442 1606 2496 καθ’
1630 2444 1807 2514 ἡμᾶς,
1849 2446 1899 2498 οί

303 2536 412 2607 πρὸ
453 2537 553 2607 τῆς
595 2536 931 2606 ἐπιδημίας,
987 2537 1240 2606 σαφηνιεῖ
1293 2535 1468 2604 λέγων
1511 2535 1540 2587 6
1589 2534 1899 2604 σοφώτατος

315 2628 572 2698 Ἰωάννης
591 2643 603 2653 ·
627 2646 646 2680 ‹
672 2625 840 2680 Οὔπω
860 2627 968 2698 γὰρ
996 2623 1062 2698 ἢν
1085 2625 1330 2697 Πνεῦμα,
1346 2627 1429 2680 ὅτι
1452 2625 1662 2696 Ἰησοῦς
1687 2627 1898 2682 οὐδέπω
1930 2639 1934 2642 ’

305 2717 591 2789 ἐδοξάσθη.
617 2737 635 2769 ›
678 2719 1086 2790 Ἑγηγερμένος
1105 2718 1216 2788 γάρ
1239 2719 1304 2772 ἐκ
1333 2719 1561 2790 νεκρῶν,
1592 2718 1688 2774 καὶ
1716 2721 1797 2784 είς
1822 2721 1898 2773 εί-

307 2811 440 2863 κόνα
484 2811 584 2882 τὴν
632 2811 788 2864 Θείαν
835 2810 934 2882 τὴν
978 2809 1266 2881 ἀνθρώπου
1311 2809 1474 2880 φύσιν
1524 2811 1892 2882 ἀναμορφῶν,

310 2901 546 2973 πρώτοις
576 2903 880 2974 ἐνεφύσησε
925 2905 1038 2966 τοῖς
1073 2902 1250 2972 ἁγίοις
1291 2902 1643 2969 ἀποστόλοις,
1687 2902 1889 2972 λέγων·

321 3011 341 3043 ι
380 2995 577 3047 Λάϐετε
606 2994 830 3065 Πνεῦμα
863 2995 1038 3064 ἆγιον.
1067 3013 1084 3046 ι
1110 2995 1256 3064 Ἔφη
1292 2994 1350 3047 δέ
1379 3011 1481 3048 που
1514 2996 1607 3050 καὶ
1634 2996 1662 3048 6
1696 2994 1892 3049 θεσπέ-

319 3101 434 3147 ato;
480 3086 703 3149 Παῦλος
757 3103 775 3137 ι
823 3087 898 3139 Οὐ
947 3086 1056 3158 γὰρ
1106 3085 1328 3140 ἐλάϐετε
1386 3085 1608 3156 Πνεῦμα
1652 3086 1892 3150 δουλείας
1921 3128 1965 3187 c

315 3176 483 3230 πάλιν
514 3179 590 3241 είς
623 3178 802 3245 φόϐον,
842 3177 958 3232 ἀλλ’
997 3177 1218 3232 ἐλάϐετε
1253 3178 1479 3250 Πνεῦμα
1511 3178 1804 3242 υἱοθεσίας,
1836 3179 1896 3231 ὲν

305 3263 353 3338 ᾧ
386 3270 658 3341 κράζομεν
688 3283 704 3298 ·
749 3270 941 3336 ’Δϐϐἇ,
970 3272 997 3324 6
1031 3271 1277 3340 Πατήρ.»
1307 3268 1514 3323 Οὐκοῦν
1545 3268 1769 3338 Πνεῦμα
1800 3268 1899 3339 μὲν

299 3362 550 3428 δουλείας
578 3358 645 3435 ἦν
673 3364 731 3416 ἐν
770 3362 988 3434 Ἰσραήλ
1009 3377 1022 3392 ·
1051 3362 1110 3416 ἐν
1144 3362 1274 3432 ἡμῖν
1303 3361 1360 3415 δὲ
1389 3363 1500 3425 τοῖς
1527 3361 1634 3414 ἀπὸ
1671 3359 1894 3432 Ῥαχὴλ,

297 3454 586 3522 τουτέστι,
624 3454 724 3524 τῆς
766 3452 827 3518 ἐξ
868 3451 1036 3506 ἐθνῶν
1097 3451 1458 3522 Ἐκκλησίας,
1503 3451 1726 3523 Πνεῦμα
1759 3451 1895 3506 Θεοῦ

297 3548 444 3620 πρὸς
478 3547 774 3611 υἱοθεσίαν,
803 3543 949 3599 οἷκον
974 3546 1122 3616 ἡμᾶς
1151 3544 1448 3599 ἀποτελοῦν
1476 3545 1566 3598 τὸν
1596 3563 1894 3616 πνευματι-

293 3643 419 3695 κόν.
465 3640 775 3709 Ἐλεύθεροι
805 3638 912 3708 γὰρ
948 3639 998 3690 οἱ
1038 3637 1150 3691 ἀπὸ
1186 3637 1422 3708 Ῥαχὴλ,
1448 3634 1516 3711 ἦς
1553 3639 1602 3691 οί
1627 3637 1895 3710 ὀφθαλμοὶ

294 3730 460 3784 καλοὶ
488 3733 584 3785 καὶ
617 3731 831 3802 ὡραῖοι,
861 3730 1037 3784 καίτοι
1065 3731 1164 3802 τῆς
1193 3729 1355 3795 Λείας
1386 3731 1483 3801 οὐχ
1510 3724 1614 3785 ὧδε
1639 3730 1889 3801 ἐχούσης.

303 3823 449 3892 Ὁρᾷ
476 3823 586 3893 γὰρ
619 3822 717 3891 οὐχ
743 3820 912 3889 ὑγιῶς
938 3821 971 3890 ἡ
993 3819 1103 3872 τῶν
1138 3820 1405 3874 Ἰουδαίων
1434 3820 1754 3891 Συναγωγή.
1784 3820 1892 3873 Καὶ

291 3913 650 3984 μαρτυρήσει
678 3913 851 3981 λέγων
875 3912 902 3964 6
931 3909 1240 3979 σοφώτατος
1265 3910 1474 3974 Παῦλος
1496 3927 1508 3939 ·
1544 3929 1562 3961 ι
1600 3911 1760 3981 ’Ἄχρι
1783 3910 1892 3979 γάρ

287 4005 398 4074 τῆς
434 4004 677 4074 σήμερον
716 4003 932 4073 ἡμέρας
967 4002 1032 4057 τὸ
1076 4003 1208 4058 αὐτὸ
1237 4004 1500 4074 κάλυμμα
1537 4005 1629 4056 ἐπὶ
1659 4007 1726 4074 τῇ
1755 4005 1889 4057 ἀνα-

285 4096 500 4164 γνώσει
531 4096 632 4165 τῆς
680 4095 923 4159 Παλαιᾶς
955 4097 1232 4169 Διαθήκης
1277 4098 1465 4168 μένει,
1505 4097 1580 4168 μὴ
1621 4097 1892 4151 ἀνακαλυ-

284 4187 610 4256 πτόμενον,
658 4185 686 4238 ὂ
723 4202 778 4238 τι
809 4185 866 4238 ἐν
902 4185 1122 4256 Χριστῷ
1166 4188 1546 4258 καταργεῖται.
1605 4184 1743 4238 Ἀλλ’
1787 4186 1891 4249 ἐως

285 4281 544 4350 σήμερον
574 4274 736 4348 ἡνίκα
770 4277 1202 4345 ἀναγινώσκεται
1231 4277 1440 4347 Μωσῆς
1459 4319 1473 4339 ,
1509 4276 1772 4348 κάλυμμα
1798 4279 1890 4332 ἐπὶ

283 4369 385 4440 τὴν
424 4368 654 4439 καρδίαν
684 4367 863 4421 αὐτῶν
890 4370 1085 4422 κεῖται.
1135 4369 1324 4423 Ἡνίκα
1362 4369 1418 4423 δὲ
1456 4371 1551 4424 ἐὰν
1581 4372 1886 4446 ἐπιστρέψῃ

2006 1890 2111 1946 bus
2139 1907 2340 1945 novum
2367 1900 2424 1946 et
2457 1891 2771 1946 addititium
2795 1892 3056 1963 populum
3082 1933 3096 1955 ,
3123 1893 3402 1962 propriam
3431 1891 3590 1946 dein-

2005 2001 2135 2056 ceps
2179 1986 2285 2041 sibi
2315 1987 2418 2057 ipsi
2447 1985 2671 2041 domum
2707 1985 2954 2041 Salvator
2993 1985 3304 2040 :edificavit.
3328 1983 3588 2052 Quaenam

2003 2093 2137 2134 vero
2160 2092 2225 2132 ea
2256 2077 2382 2132 est?
2404 2076 2534 2141 Nos,
2565 2076 2657 2146 qui
2684 2075 2848 2131 fidem
2881 2077 3113 2148 amplexi
3135 2091 3345 2142 sumus,
3373 2075 3439 2131 de
3461 2077 3587 2147 qui-

2004 2169 2110 2225 bus
2151 2170 2320 2226 etiam
2369 2185 2470 2240 per
2502 2184 2694 2226 vocem
2741 2168 3024 2240 propheta:
3050 2168 3128 2224 ait
3164 2187 3176 2222 :
3217 2188 3234 2219 ι
3264 2169 3410 2222 Dans
3440 2168 3591 2237 leges

2003 2277 2155 2317 meas
2177 2262 2230 2317 in
2261 2273 2443 2318 mente
2471 2277 2684 2326 eorum,
2717 2260 2852 2316 etin
2887 2260 3145 2317 cordibus
3168 2274 3358 2314 eorum
3390 2259 3587 2314 inscri-

2004 2354 2129 2410 bam
2162 2371 2255 2410 eas
2282 2373 2294 2408 :
2325 2363 2381 2410 et
2403 2370 2499 2410 ero
2525 2354 2660 2425 ipsis
2682 2353 2737 2409 in
2765 2354 2961 2418 Deum,
2996 2351 3101 2422 ipsi
3119 2367 3250 2405 vero
3264 2358 3428 2405 erunt
3452 2351 3586 2405 mihi

2001 2445 2055 2502 in
2071 2448 2334 2518 populum
2356 2447 2394 2501 ³.
2410 2467 2426 2498 r
2447 2446 2667 2502 Habitat
2682 2445 2827 2502 enim
2848 2447 2904 2501 in
2922 2445 3083 2500 nobis
3105 2460 3202 2515 per
3220 2443 3506 2515 Spiritum,
3527 2454 3588 2497 ut

1999 2549 2126 2596 ante
2154 2539 2286 2606 dixi,
2312 2556 2424 2596 non
2438 2540 2692 2597 habitans
2709 2539 2760 2594 in
2775 2540 2962 2595 Israel.
2980 2537 3136 2605 Quod
3159 2537 3307 2593 enim
3335 2547 3587 2608 expertes

1999 2633 2208 2688 fuerint
2235 2634 2482 2705 spiritus,
2507 2642 2568 2688 ut
2590 2633 2646 2687 in
2673 2643 2820 2705 typo,
2843 2631 3253 2702 inquam,juxta
3278 2645 3399 2695 nos,
3424 2630 3462 2684 ii
3489 2630 3584 2700 qui

1998 2734 2125 2781 ante
2154 2727 2452 2782 adventum
2485 2725 2643 2798 145
2667 2724 2870 2780 Christi
2913 2723 3273 2787 exstiterunt,
3300 2722 3586 2791 sapientis-

1997 2819 2170 2874 simus
2198 2817 2437 2874 Joannes
2481 2818 2747 2882 declarat,
2797 2815 2987 2870 dicens
3023 2832 3035 2867 :
3078 2833 3095 2865 ι
3143 2811 3397 2867 Nondum
3433 2811 3582 2865 enim

1995 2920 2112 2967 erat
2137 2910 2375 2981 Spiritus
2397 2916 2638 2972 sanctus,
2664 2908 2792 2978 quia
2810 2907 2968 2963 Jesus
2987 2904 3229 2961 nondum
3253 2902 3585 2974 glorificatus

1994 3013 2114 3060 erat
2136 3011 2177 3057 ⁵.
2211 3023 2230 3056 ι
2257 3004 2565 3059 Suscitatus
2589 3001 2736 3059 enim
2777 3016 2808 3054 a
2845 2999 3096 3060 mortuis,
3133 3005 3295 3065 atque
3331 2995 3398 3049 ad
3440 2995 3582 3049 divi-

1995 3110 2123 3149 nam
2142 3095 2434 3165 imaginem
2463 3093 2706 3148 hominis
2728 3098 2986 3146 naturam
3028 3088 3352 3152 rcformans,
3390 3087 3584 3157 primis

2005 3187 2214 3241 sanctis
2261 3184 2528 3256 apostolis
2570 3182 2905 3248 insumavit,
2958 3181 3149 3236 dicens
3203 3197 3216 3234 :
3271 3198 3288 3232 ι
3337 3178 3582 3249 Accipite

2003 3277 2269 3349 Spiritum
2296 3287 2548 3333 sanctum
2571 3277 2613 3332 ⁸.
2648 3295 2665 3326 ι
2690 3275 2783 3331 Ait
2801 3290 2930 3330 vero
2952 3273 3153 3329 alicubi
3177 3271 3339 3328 etiam
3360 3271 3582 3327 divinus

1999 3371 2239 3428 Paulus:
2278 3390 2296 3423 ι
2330 3371 2451 3426 Non
2471 3371 2619 3426 enim
2653 3369 2944 3440 accepistis
2993 3368 3246 3438 spiritum
3299 3366 3581 3422 servitutis

1998 3477 2220 3517 rursum
2263 3462 2319 3516 in
2363 3462 2620 3517 timorem
2647 3501 2662 3527 ,
2705 3459 2800 3515 sed
2852 3459 3145 3530 accepistis
3185 3457 3439 3529 spiritum
3477 3455 3576 3512 ad-

1997 3555 2254 3625 0ptionis,
2289 3555 2345 3610 in
2374 3571 2485 3626 quo
2500 3555 2820 3619 clamamus,
2843 3553 3018 3617 Abba,
3046 3553 3204 3608 Pater
3223 3553 3262 3605 ‘.
3285 3570 3303 3602 ι
3341 3550 3579 3622 Spiritus

1996 3649 2164 3720 igitur
2187 3649 2470 3704 servitutis
2495 3658 2615 3705 erat
2655 3649 2712 3703 in
2750 3647 2937 3703 Israel.
2968 3647 3027 3702 In
3070 3646 3230 3700 nobis
3262 3659 3414 3706 vero,
3451 3643 3578 3697 ﬁliis

1995 3741 2222 3806 Rachel,
2250 3741 2356 3795 hoc
2395 3751 2499 3806 est,
2540 3739 2798 3795 Ecclesiae
2825 3738 3093 3809 gentium,
3123 3735 3360 3804 Spiritus
3383 3735 3478 3787 Dei
3507 3733 3573 3787 ad

1993 3832 2338 3896 filiatiouem,
2373 3831 2681 3900 spiritalem
2707 3830 2932 3885 domum
2960 3842 3062 3880 nos
3088 3825 3349 3879 eilicicns.
3391 3822 3574 3876 Liberi

1993 3922 2140 3976 enim
2168 3921 2265 3974 ﬁlii
2284 3921 2510 3982 Rachel,
2534 3921 2692 3988 cujus
2721 3917 2866 3970 oculi
2897 3915 3082 3968 decori
3110 3929 3173 3966 ac
3191 3910 3437 3981 pulchri;
3466 3911 3577 3967 Lien

1994 4027 2124 4065 vero
2145 4027 2258 4066 non
2282 4012 2432 4064 item.
2464 4011 2652 4076 Neque
2683 4006 2831 4062 enim
2861 4007 3076 4073 integro
3102 4003 3220 4057 visu
3246 4001 3472 4073 prazdita
3492 4016 3577 4058 est

1992 4104 2305 4160 Judzeorum
2337 4101 2615 4172 Synagoga
2654 4117 2666 4152 :
2704 4097 2851 4168 quod
2892 4105 2948 4152 et
2977 4096 3179 4150 Paulus
3215 4103 3466 4160 testatur,
3494 4095 3576 4150 di-

1993 4210 2123 4251 oens
2150 4211 2163 4248 :
2198 4212 2216 4245 ι
2255 4193 2392 4248 Nam
2416 4207 2590 4261 usque
2615 4190 2668 4246 in
2701 4189 3032 4244 hodiernum
3067 4188 3212 4243 diem
3241 4187 3488 4242 velamen
3517 4188 3570 4242 in

1991 4286 2226 4342 lectione
2246 4284 2455 4341 Veteris
2483 4281 2818 4338 Testamenti
2844 4288 3030 4335 manet
3060 4298 3073 4334 :
3111 4294 3215 4334 nec
3241 4279 3454 4335 tollitur
3475 4294 3570 4335 ve-

1987 4377 2124 4442 lum,
2149 4376 2296 4447 quod
2327 4392 2426 4446 per
2445 4375 2723 4430 Christum
2750 4373 3019 4428 aboletur.
3078 4371 3184 4428 Sed
3212 4372 3278 4427 ad
3306 4372 3452 4428 hunc
3483 4390 3573 4428 us-

287 4464 440 4532 πρὸς
470 4459 697 4530 Κύριον,
728 4464 1094 4532 περιαιρεῖται
1119 4461 1178 4515 τὸ
1207 4461 1488 4533 κάλυμμα.
1526 4464 1584 4518 'O
1604 4463 1660 4517 δὲ
1682 4465 1884 4536 Κύριος

1997 4485 2096 4540 que
2119 4470 2264 4524 diem
2280 4483 2404 4523 cum
2426 4465 2624 4537 legitur
2642 4465 2874 4536 Moyses,
2899 4465 3146 4520 velamen
3171 4463 3432 4519 cordibus
3452 4466 3571 4520 illo-

282 4552 345 4604 τὸ
399 4550 639 4621 Πνεῦμά
686 4553 856 4608 ἐστιν.
906 4545 981 4607 Οῦ
1026 4553 1084 4606 δέ
1130 4553 1191 4606 τὸ
1237 4554 1461 4625 Πνεῦμα
1486 4557 1728 4627 Κυρίου,
1771 4559 1887 4612 ἐκεῖ

1997 4575 2114 4614 rum
2144 4558 2460 4629 impositum
2488 4565 2592 4612 est.
2616 4555 2685 4610 At
2710 4555 2802 4609 ubi
2832 4555 3081 4609 conversi
3114 4554 3320 4609 fuerint
3355 4555 3422 4608 ad
3459 4555 3566 4608 Do-

283 4640 601 4712 ἐλευθερία.
639 4642 778 4694 Ἀλλ’
799 4644 962 4714 ἡμεῖς
995 4643 1256 4706 ἅπαντες,
1279 4643 1355 4706 ὡς
1384 4643 1488 4716 ἔφη
1518 4647 1678 4700 πάλιν
1702 4648 1884 4715 αὐτὸς,

283 4733 810 4805 ἀνακεκαλυμμένῳ
850 4733 1129 4806 προσώπῳ
1174 4733 1271 4804 τὴν
1307 4734 1464 4802 δόξαν
1502 4736 1707 4806 Κυρίου
1756 4755 1886 4791 κατ-

282 4825 527 4898 οπτριζό
534 4843 706 4895 μενοι,
727 4828 827 4897 τὴν
855 4827 1025 4898 αὐτὴν
1053 4827 1238 4881 είκὸνα
1258 4829 1754 4899 μεταμορφούμεθα
1775 4829 1884 4883 ἀπὸ

278 4916 450 4985 δόξης
475 4917 557 4980 είς
586 4915 766 4981 δόξαν,
800 4916 1053 4986 καθάπερ
1091 4917 1199 4971 ἀπὸ
1238 4919 1441 4990 Κυρίου
1476 4920 1812 4989 Πνεύματος.
1853 4940 1874 4974 ι

282 5007 485 5076 Συνίης
544 5007 625 5059 ὅτι
669 5007 854 5070 καλοῖς
897 5005 1195 5077 ὀφθαλμοῖς
1242 5009 1335 5062 καὶ
1374 5010 1878 5083 ἀνακεκαλυμμένῳ

281 5097 572 5166 προσώπῳ
602 5095 700 5166 τὴν
734 5096 892 5161 δόξαν
933 5098 1140 5168 Κυρίου
1170 5100 1681 5172 κατοπτριζόμεθα;
1723 5105 1878 5175 Λαμ-

283 5190 418 5257 προ“ι
464 5189 575 5260 γὰρ
613 5191 663 5242 οί
718 5189 818 5260 τῆς
852 5190 1053 5260 Ῥαχὴλ
1102 5193 1396 5264 ὀφθαλμοὶ,
1439 5195 1690 5266 καθάπερ
1741 5196 1878 5266 ἔφην

279 5277 512 5346 ἀρτίως.
555 5277 778 5350 Ἐπειδὴ
803 5281 982 5333 τοίνυν
1005 5285 1037 5352 ἡ
1061 5285 1303 5355 νεωτάτη
1339 5286 1537 5356 Ῥαχὴλ
1560 5287 1647 5340 τὸν
1681 5289 1876 5360 Ἰωσὴφ

280 5367 597 5433 ἐκτέτοκεν,
661 5371 844 5424 οῖκαδε
905 5373 1004 5442 μὲν
1064 5372 1197 5426 ίέναι
1253 5374 1565 5428 διασπεύδει
1619 5377 1807 5434 λοιπὸν
1848 5381 1878 5432 ὁ

280 5458 577 5526 θεσπέσιος
618 5461 835 5516 Ἰακώϐ.
864 5464 1258 5517 Μεταποιεῖται
1289 5464 1343 5517 δὲ
1371 5464 1577 5533 Λάϐαν,
1607 5469 1698 5522 καὶ
1729 5471 1877 5524 εὐλο-

354 5662 374 5693 ¹
413 5660 548 5718 Gen.
577 5681 704 5727 xxx,
742 5663 830 5718 50.
908 5666 927 5695 ³
961 5663 1058 5717 lsa.
1115 5663 1214 5724 66.
1272 5667 1322 5720 I.

280 5730 300 5759 "
333 5731 503 5787 Rom.
541 5751 653 5797 vni,
682 5734 770 5788 l5.
847 5735 865 5765 ⁷
893 5734 934 5787 11
964 5733 1087 5788 Cor.
1118 5750 1193 5798 ιιι,
1216 5735 1402 5792 11-18.

612 5827 889 5888 PATROL.
936 5826 1052 5886 Gn.
1098 5827 1300 5892 LXIX.

1991 4653 2224 4716 minum,
2257 4650 2480 4706 tolletur
2514 4649 2784 4704 velamen.
2818 4648 3084 4703 Dominus
3128 4659 3311 4703 autem
3344 4647 3569 4718 spiritus

1985 4751 2087 4799 est.
2128 4742 2298 4798 Porro
2316 4741 2410 4796 ubi
2440 4740 2677 4812 Spiritus
2701 4740 2938 4804 Domini,
2967 4741 3042 4795 ibi
3064 4741 3305 4796 libertas.
3335 4739 3440 4795 Sed
3466 4756 3569 4794 nos

1982 4850 2176 4890 omnes
2229 4833 2733 4905 (quemadmodum
2783 4849 2975 4889 rursus
3006 4832 3121 4904 ait)
3167 4840 3371 4888 retecta
3429 4831 3566 4886 facie

1985 4926 2212 4997 gloriam
2235 4925 2452 4981 Domini
2475 4926 2528 4980 in
2564 4927 2786 4996 speculo
2813 4933 3289 4997 repraseutantes,
3319 4923 3385 4978 ad
3418 4939 3566 4978 eam-

1987 5018 2108 5072 dem
2142 5017 2435 5088 imaginem
2459 5016 2912 5071 transformamur
2955 5029 2986 5067 a
3011 5013 3187 5084 gloria
3221 5013 3275 5065 in
3309 5012 3560 5082 gloriam,

1987 5115 2244 5176 tanquam
2273 5122 2306 5161 a
2347 5106 2560 5160 Domini
2590 5105 2799 5174 Spiritu
2821 5105 2861 5157 ⁷.
2896 5122 2912 5153 ›
2957 5102 3222 5173 lntelligis
3250 5103 3395 5172 quod
3438 5104 3562 5173 pul-

1983 5198 2131 5252 chris
2177 5197 2372 5260 oculis,
2425 5203 2480 5250 et
2533 5196 2772 5250 revelata
2802 5194 2938 5248 facie
2987 5193 3215 5264 gloriam
3253 5194 3348 5247 Dei
3380 5194 3561 5248 intue-

1984 5290 2138 5342 mur?
2166 5289 2452 5360 Splendidi
2501 5289 2650 5344 enim
2694 5295 2823 5340 sunt
2849 5285 2994 5339 oculi
3038 5285 3264 5347 Rachel,
3292 5293 3354 5338 ut
3399 5285 3563 5341 modo

1983 5381 2491 5449 dixi.Posteaquam
2518 5380 2684 5449 igitur
2710 5377 2897 5446 iunior
2924 5377 3126 5431 Rachel
3155 5376 3453 5445 Josephum
3468 5392 3561 5445 pe-

1983 5473 2148 5543 perit,
2182 5470 2351 5525 Jacob
2385 5469 2570 5522 statim
2595 5467 2818 5520 domum
2853 5465 3028 5521 redire
3063 5467 3363 5522 contendit.
3397 5467 3562 5522 Reni-

1404 5668 1424 5699 ³
1450 5669 1650 5726 Jerem.
1720 5688 1842 5726 xxxi
1873 5713 1887 5738 ,
1927 5671 2031 5739 53;
2085 5670 2250 5724 llehr.
2284 5685 2348 5734 χ,
2386 5668 2472 5723 16.
2553 5665 2572 5698 ⁸
2600 5667 2758 5721 Joan.
2790 5684 2894 5734 vn,
2945 5667 3032 5725 '59.
3091 5673 3109 5703 ⁵
3135 5672 3289 5728 Joan.
3333 5683 3436 5731 χιι,
3466 5665 3554 5723 ‘22.

3167 5809 3204 5865 8
