4074 6260
477 338 485 347 ’
519 337 625 392 235

1511 304 1571 393 s.
1614 334 1888 394 cmeLI
1927 331 2394 392 ALEXANDRINI
2434 330 2754 388 meumr.
2796 418 2803 421 ν

3637 306 3776 389 ‘25.;
3868 300 3873 303 ’

516 459 650 514 ιίιιιι·
682 465 865 512 autem
900 458 951 514 ei
983 456 1188 521 Laban,
1215 468 1271 513 et
1313 457 1738 513 benedictumse
1764 458 1860 523 ait,
1887 473 2088 528 propa-

2193 455 2406 525 γεῖσθαί
2428 471 2593 525 φησιν
2635 456 2715 518 είς
2740 454 2948 524 πληθὺν
2990 453 3158 525 ἄρδην
3195 453 3292 524 τῆς
3322 454 3526 526 ἀγέλης
3553 456 3777 525 εὐρυνο-

514 559 638 620 gato
673 549 777 618 ipsi
808 548 863 603 in
894 563 1142 619 magnam
1195 549 1603 604 multitudinem
1640 564 1823 621 grege.
1873 549 2084 619 lndiget

513 641 660 695 enim
686 638 1040 694 vehementer
1070 640 1307 695 mundus
1338 640 1470 706 Deo,
1509 640 1611 695 etsi
1657 656 1767 695 non
1795 639 1943 694 dicat
1968 638 2083 694 for-

516 744 680 797 tasse,
726 731 830 785 scit
885 737 1066 786 tamen
1092 746 1157 786 ac
1198 731 1493 787 conﬁtetur
1534 732 1683 803 quod
1736 731 1920 786 omnia
1963 745 2085 802 qua:

512 819 617 891 ipsi
645 821 713 888 ad
755 822 922 876 vitam
981 832 1112 876 sunt
1149 822 1462 893 bonamque
1516 822 1970 880 constitutionem
1990 837 2087 876 ne-

510 910 766 975 cessaria,
802 927 831 965 a
854 912 966 966 Deo
988 914 1115 967 sint.
1148 913 1326 984 Exigit
1348 922 1529 969 autem
1565 914 1871 969 mercedem
1894 912 2087 967 beatus

511 1001 700 1067 Jacoh,
734 1018 912 1074 neque
955 1004 1058 1075 ipsi
1083 1005 1318 1076 amplius
1335 1006 1503 1077 gratis
1527 1007 1751 1062 subesse
1787 1010 1922 1061 vult.
1956 1007 2088 1061 Erat

513 1104 695 1150 autem
727 1111 937 1151 merces
956 1097 1059 1166 ipsi
1088 1096 1233 1151 haud
1256 1113 1448 1168 parum
1477 1106 1682 1169 optata,
1710 1114 1841 1154 oves
1859 1098 2087 1155 maculis

516 1203 719 1256 sparsae
739 1196 796 1244 et
815 1188 1167 1245 subcinericii
1195 1190 1414 1246 coloris.
1450 1189 1842 1261 Superioribus
1863 1192 2087 1263 quidem

517 1297 582 1336 ac
612 1281 907 1352 prateritis
940 1282 1281 1353 temporibus
1320 1283 1508 1339 innata
1547 1283 1885 1357 benignitate
1924 1300 2087 1339 mun-

516 1373 648 1427 dum
672 1373 1004 1445 gubernans,
1033 1388 1134 1445 per
1153 1389 1319 1444 quem
1350 1375 1534 1430 omnia
1551 1375 1702 1455 facta
1724 1384 1854 1431 sunt
1869 1376 1911 1444 ⁸,
1942 1377 2090 1431 Deus

517 1463 775 1528 Verbum,
800 1463 1050 1534 permisit
1066 1478 1164 1519 eos
1192 1464 1288 1534 qui
1318 1464 1373 1519 in
1399 1463 1517 1535 ipso
1542 1473 1699 1522 erant
1744 1484 1762 1517 ι
1809 1467 2091 1522 ambulare

514 1555 571 1610 in
603 1553 709 1609 viis
738 1554 872 1619 suis,
907 1573 925 1606 ι
966 1554 1111 1611 sicut
1144 1555 1411 1626 scriptum
1436 1558 1583 1611 est’.
1612 1556 1771 1630 “.6
1795 1558 2091 1629 Postquam

512 1660 642 1701 vero
657 1645 870 1717 peperit
896 1645 1139 1702 Ecclesia
1164 1662 1368 1703 novum
1388 1662 1713 1718 semperque
1755 1659 2092 1705 crescentem

513 1737 774 1807 populum
797 1777 813 1802 ,
843 1736 950 1793 hoc
988 1747 1074 1793 est
1092 1779 1108 1804 ,
1142 1753 1239 1794 eos
1269 1740 1361 1810 qui
1387 1755 1487 1811 per
1516 1739 1677 1796 ﬁdem
1707 1741 2010 1812 spiritalem
2037 1742 2119 1803 in.

2194 549 2382 621 μένης.
2421 550 2600 601 Δεῖται
2633 545 2743 619 γὰρ
2781 546 2900 601 λίαν
2942 548 2971 600 6
3017 546 3220 616 κόσμος
3267 546 3434 613 Θεοῦ,
3466 544 3569 600 κάν
3610 548 3661 600 εἰ
3704 549 3783 620 μὴ

2191 639 2336 708 λέγει
2375 639 2559 709 τυχὸν,
2606 639 2725 692 ἀλλ’
2773 633 2867 693 οῦν
2910 637 2992 710 τῷ
3023 638 3219 692 εἰδέναι
3254 639 3349 692 καὶ
3387 637 3670 708 ὁμολογεῖν
3697 640 3782 694 ὃτι

2191 730 2368 784 πάντα
2398 727 2546 798 αὐτῷ
2578 728 2649 782 τά
2672 744 2734 781 τε
2759 727 3005 800 ζωαρκῆ,
3040 728 3135 781 καὶ
3162 727 3233 781 τὰ
3259 729 3338 792 είς
3372 724 3431 782 εὖ
3456 723 3598 783 εἶναι
3628 729 3783 802 παρὰ

2191 820 2348 877 Θεοῦ.
2411 820 2729 885 Ἐξαιτεῖδέ
2774 819 2965 891 μισθὸν
3004 821 3034 873 6
3081 820 3352 892 μακάριος
3413 819 3608 875 Ἰακὼὸ
3657 822 3782 893 είκῆ

2194 913 2452 983 παρεῖναι
2491 911 2566 983 μὴ
2614 910 2935 981 ἐνεχόμενος
2978 909 3080 964 ἐτι.
3121 910 3235 965 Καὶ
3273 906 3342 983 ἦν
3385 913 3414 965 6
3448 910 3642 982 μισθὸς
3681 912 3783 965 οὐκ

2193 1002 2514 1074 άνεθέλητος
2546 1002 2728 1073 αὐτῷ,
2768 1000 2838 1055 τά
2879 1002 3315 1073 κατεῤῥαμμένα
3355 1002 3425 1056 τὰ
3473 1002 3777 1072 σποδοειδῆ.

2193 1093 2353 1148 Κατά
2381 1094 2480 1165 μὲν
2502 1089 2596 1148 οὖν
2622 1096 2750 1158 τοὺς
2779 1092 2987 1147 ἄνωθεν
3014 1092 3092 1147 ἐτι
3115 1092 3208 1146 καὶ
3238 1092 3638 1163 παρῳχηκότας
3663 1110 3781 1147 και⁴

2197 1186 2344 1256 ροὺς.
2364 1187 2541 1240 καίτοι
2570 1186 2790 1241 διοικῶν
2804 1186 2917 1241 κτὸν
2962 1187 3166 1258 κόσμον
3205 1183 3267 1252 ἐξ
3305 1186 3646 1257 ἡμερότητος
3682 1188 3782 1257 τῆς

2196 1278 2440 1350 ἐμφύτου
2462 1279 2557 1333 καὶ
2588 1278 2951 1352 θεοπρεποῦς,
2987 1280 3017 1333 6
3044 1279 3112 1336 δι’
3134 1271 3197 1334 οὗ
3225 1279 3294 1334 τά
3321 1282 3499 1333 πάντα
3521 1279 3654 1344 Θεὸς
3682 1280 3782 1333 Λό-

2195 1383 2312 1436 γος,
2350 1368 2502 1438 ήφίει
2531 1370 2657 1432 τοὺς
2683 1369 2740 1423 tv
2763 1368 2913 1441 αύτῷ
2949 1390 2968 1422 ι
3009 1368 3342 1442 πορεύεσθαι
3363 1372 3485 1434 ταῖς
3515 1368 3655 1434 ὁδοῖς
3680 1371 3782 1423 αύ-

2195 1460 2327 1526 τῶν,
2362 1478 2381 1512 ι
2420 1458 2564 1514 κατά
2596 1459 2657 1513 τὸ
2687 1463 3094 1533 γεγραμμένον.
3138 1458 3360 1533 Ἐπειδὴ
3392 1461 3450 1514 δὲ
3492 1460 3713 1516 τέτοκεν
3745 1463 3778 1532 ή

2211 1549 2529 1622 Ἐκκλησία,
2573 1550 2668 1606 τδν
2712 1552 2771 1604 tv
2811 1551 3150 1623 προσθήκαις
3194 1551 3284 1606 ἀεὶ
3326 1550 3422 1605 καὶ
3465 1551 3586 1607 νέον
3633 1550 3779 1615 λαὸν,

2198 1641 2463 1707 τουτέστι,
2489 1643 2617 1706 τοὺς
2639 1642 2729 1698 διὰ
2752 1642 2988 1708 πίστεως
3014 1643 3113 1714 τῆς
3142 1645 3222 1707 εἰς
3246 1644 3407 1699 αὐτὸν
3426 1642 3782 1715 ἀναγέννησιν

2199 1733 2300 1805 ήδη
2327 1732 2592 1805 λαχόντας
2623 1735 2722 1806 τήν
2751 1735 3130 1807 πνευματικήν
3147 1775 3162 1798 ,
3196 1737 3421 1791 ἀπαιτεῖ
3449 1737 3542 1792 τὸν
3578 1739 3781 1809 κόσμον

514 1829 694 1899 ipsum
748 1830 1223 1899 regenerationem
1284 1839 1415 1887 sunt
1467 1832 1788 1899 consecuti,
1858 1835 2029 1905 exigit
2061 1852 2088 1892 a

2198 1825 2390 1897 μισθὸν
2410 1825 2600 1897 ὥσπερ
2630 1826 2753 1881 τινά
2776 1827 2877 1898 τῆς
2904 1827 3046 1900 ὑπὲρ
3072 1826 3238 1882 αὐτοῦ
3269 1829 3530 1900 προνοίας
3553 1832 3682 1893 τοὺς
3704 1831 3781 1894 είς

514 1917 721 1972 mundo
749 1918 918 1973 veluti
948 1919 1261 1976 mercedem
1280 1922 1573 1992 quamdam
1598 1940 1710 1980 suae
1739 1925 1808 1981 de
1828 1941 1894 1982 eo
1924 1936 2091 1994 curae,

514 2010 776 2066 nimirum
808 2010 878 2066 ad
908 2011 1068 2066 ﬁdem
1090 2014 1483 2084 promptiores,
1501 2031 1736 2086 quorum
1766 2017 1989 2088 quidem
2014 2028 2094 2092 ty-

513 2117 618 2172 pus
640 2110 769 2158 sunt
797 2103 1072 2159 maculosa
1093 2115 1149 2160 et
1190 2105 1469 2162 cinericia.
1499 2106 1641 2174 Quid
1675 2124 1809 2165 vero
1835 2109 1941 2166 hoc
1987 2111 2093 2167 sibi

511 2191 671 2246 vult?
704 2190 932 2263 Semper
969 2190 1085 2248 fere
1120 2193 1174 2248 in
1196 2194 1385 2250 ovium
1414 2203 1472 2251 et
1509 2211 1798 2267 caprarum
1834 2199 2095 2272 gregibus

515 2299 636 2354 quae
688 2284 855 2340 unius
883 2284 1087 2341 coloris
1123 2295 1273 2353 sunt,
1297 2287 1616 2357 pastoribus
1662 2291 1904 2361 gratiora
1933 2302 2091 2359 sunt;

512 2373 660 2428 varia
685 2383 868 2429 autem
890 2384 947 2428 et
972 2375 1249 2431 maculosa
1275 2376 1580 2432 secundum
1607 2377 1790 2434 locum
1819 2379 2090 2447 obtinent,

513 2481 694 2536 neque
717 2467 911 2522 eodem
941 2482 1069 2521 cum
1105 2467 1228 2522 aliis
1250 2468 1303 2522 in
1326 2469 1512 2539 pretio
1536 2479 1682 2525 sunt.
1702 2470 1848 2526 Lana
1866 2473 2014 2528 enim
2036 2473 2094 2528 in

514 2558 582 2612 iis
612 2573 721 2613 non
747 2551 829 2612 est
857 2557 1164 2623 uniformis,
1204 2557 1301 2614 sed
1323 2559 1597 2631 variegata
1647 2562 1900 2619 nonnihil
1922 2573 1980 2620 et
2005 2564 2093 2620 di-

413 2665 415 2668 ‘
512 2646 816 2701 versicolor
851 2661 914 2702 ac
942 2647 1112 2703 veluti
1166 2647 1415 2704 confusa.
1449 2650 1666 2721 Accipit
1703 2651 1891 2723 itaque
1930 2652 2091 2709 Chri-

513 2745 632 2793 stus
652 2755 682 2793 a
704 2737 929 2803 mundo,
955 2754 1065 2795 non
1102 2755 1224 2811 quae
1246 2742 1471 2798 omnino
1492 2742 1547 2797 in
1583 2757 1650 2798 eo
1672 2754 1802 2800 sunt
1830 2744 2090 2816 pretiosa,

512 2838 570 2886 et
599 2829 667 2884 ab
706 2829 1025 2886 hominibus
1067 2832 1264 2888 selecta
1290 2873 1305 2898 ,
1354 2833 1450 2889 sed
1492 2834 1680 2904 potius
1716 2850 1839 2905 quae
1869 2834 2093 2890 inferio-

518 2937 574 2977 ra
599 2921 924 2993 minoreque
959 2923 1014 2979 in
1049 2925 1226 2994 pretio
1254 2924 1399 2996 apud
1436 2940 1533 2982 eos
1555 2927 1847 2983 habentur.
1877 2926 2093 2984 Conﬁr-

511 3024 625 3069 mat
640 3023 822 3070 autem
852 3016 958 3073 hoc
985 3016 1206 3072 divinus
1227 3018 1448 3085 Paulus,
1482 3019 1556 3075 ita
1584 3019 1941 3076 credentibus
1961 3020 2096 3076 scri-

511 3105 649 3161 bens
676 3125 689 3161 :
721 3125 738 3158 ι
776 3107 968 3164 Videte
1013 3094 1163 3164 enim
1190 3110 1535 3167 vocationem
1579 3120 1842 3178 vestram,
1868 3111 2091 3177 fratres,

511 3199 769 3267 quianon
817 3201 976 3258 multi
1003 3202 1279 3273 sapientes
1329 3202 1634 3258 secundum
1679 3210 1942 3269 carnem,
1982 3218 2090 3257 non

512 3291 671 3346 multi
705 3301 981 3362 potentes,
1012 3308 1123 3348 non
1170 3294 1328 3348 multi
1358 3295 1571 3350 nobiles
1596 3313 1609 3348 :
1631 3294 1730 3349 sed
1775 3310 1897 3364 quas
1926 3295 2092 3350 stulta

512 3389 643 3435 sunt
672 3381 862 3437 mundi
882 3382 1047 3453 elegit
1078 3383 1225 3439 Deus
1243 3424 1258 3448 ,
1302 3393 1365 3439 ut
1386 3384 1688 3440 confundat
1715 3384 2010 3455 sapientes,
2037 3396 2093 3440 et

512 3473 728 3528 inﬁrma
758 3474 951 3529 mundi
980 3474 1145 3546 elegit
1174 3474 1340 3543 Deus,
1371 3486 1433 3532 ut
1458 3477 1760 3532 confundat
1784 3477 1943 3532 fortia
1967 3478 2032 3531 ¹⁶.
2065 3498 2082 3530 ι

509 3563 686 3619 Porro
706 3564 813 3632 alia
845 3566 1011 3621 etiam
1042 3566 1257 3623 ratione
1284 3567 1513 3640 intelligi
1544 3576 1747 3638 potest,
1765 3568 1811 3622 si
1833 3568 1957 3639 quis
1974 3568 2091 3624 haec

509 3652 832 3726 diligentius
855 3656 1137 3727 inquirere
1186 3657 1343 3723 velit,
1391 3658 1697 3714 cineratum
1728 3658 2086 3715 maculosum.

507 3743 614 3814 Qui
647 3746 796 3803 enim
823 3747 880 3804 in
906 3746 1128 3805 Christo
1165 3748 1409 3820 insignes
1448 3757 1598 3816 sunt,
1623 3750 1794 3807 veluti
1825 3751 2090 3808 varietate

507 3836 565 3894 in
592 3838 855 3910 operibus
879 3849 937 3896 et
967 3839 1152 3897 verbis
1187 3840 1404 3912 praediti
1434 3849 1564 3897 sunt
1582 3860 1595 3896 :
1613 3841 1910 3899 obscurum
1940 3843 2089 3899 enim

506 3938 564 3986 et
584 3932 802 4005 nigrum
834 3932 1005 4005 ﬁgura
1036 3940 1121 3990 est
1145 3941 1311 4006 atque
1350 3934 1548 3990 umbra
1573 3936 1823 4008 mysterii
1858 3935 2086 4002 Christi,

507 4023 969 4095 tenebrosumque
990 4033 1047 4081 et
1077 4024 1375 4081 obscurum
1396 4024 1560 4097 vulgo
1582 4024 1651 4081 de
1686 4040 1755 4081 eo
1775 4041 2086 4083 sermonem

503 4130 626 4172 esse
647 4116 919 4188 signiﬁcat
944 4136 956 4171 :
997 4117 1075 4172 ait
1106 4118 1256 4174 enim
1281 4117 1486 4174 alicubi
1528 4118 1695 4175 etiam
1728 4117 1949 4175 divinus
1978 4118 2086 4174 Da-

505 4207 596 4263 vid
643 4210 700 4261 in
730 4207 874 4262 libro
905 4208 1247 4264 Psalmorum
1282 4226 1295 4262 :
1350 4225 1369 4259 ι
1414 4208 1606 4263 Posuit
1649 4209 1907 4265 tenebras
1964 4211 2088 4266 lati-

504 4296 698 4352 bulum
721 4311 906 4357 suum,
946 4295 1005 4351 in
1033 4297 1267 4353 circuitu
1289 4298 1411 4368 ejus
1443 4297 1859 4353 tabernaculum
1890 4298 2084 4370 ipsihs.

503 4387 821 4443 Tenebrosa
848 4403 989 4458 aqua
1033 4387 1092 4442 in
1127 4388 1371 4444 nubibus
1407 4388 1627 4455 aeris“,
1666 4406 1684 4440 ›
1711 4387 2087 4445 difﬁcultatem

2194 1916 2257 1970 τὸ
2292 1914 2569 1970 πιστεύειν
2594 1918 2995 1990 ἑτοιμοτέρους,
3023 1911 3100 1973 ὧν
3132 1918 3198 1973 ἂν
3228 1921 3310 1983 είς
3345 1918 3518 1974 τύπον
3550 1921 3619 1976 τά
3654 1939 3780 1975 σπο-

2192 2010 2366 2084 δοειδῆ
2396 2013 2489 2068 ttai.
2511 2011 2702 2084 ραντά.
2727 2012 2794 2069 Τί
2817 2012 2883 2085 δὴ
2907 2012 3065 2068 τοῦτό
3096 2013 3274 2080 ἐστινς
3315 2013 3427 2067 Ἀεί
3448 2030 3556 2085 περ
3577 2015 3635 2068 ἐν
3664 2018 3782 2080 ταῖς

2193 2102 2319 2157 δίων
2359 2120 2420 2157 τε
2442 2103 2538 2159 κα).
2565 2103 2742 2173 αίγῶν
2774 2104 2999 2173 ἀγέλαις
3037 2103 3107 2158 τὰ
3139 2102 3382 2176 μονοειδῆ
3407 2106 3519 2170 τοῖς
3551 2106 3781 2179 τρέφου-

2197 2211 2280 2251 σιν
2316 2195 2686 2267 αίρετώτεραο
2719 2194 2791 2250 τά
2825 2195 2882 2250 δὲ
2911 2195 3083 2268 ῥαντά
3113 2195 3208 2250 καὶ
3239 2198 3648 2268 κατεστιγμένα
3685 2198 3779 2254 τά·

2197 2286 2276 2352 ξιν
2304 2287 2418 2359 ἔχει
2454 2287 2742 2358 δευτέραν,
2773 2288 2867 2342 καὶ
2898 2288 2999 2342 οὐκ
3033 2289 3091 2343 ἐν
3122 2289 3222 2359 ἴσῳ
3248 2289 3393 2360 λόγῳ
3434 2294 3548 2356 τοῖς
3578 2292 3777 2356 ἄλλοις.

2199 2380 2384 2451 Ἐριον
2412 2378 2523 2451 γὰρ
2565 2381 2624 2433 ἐν
2670 2380 2858 2444 αὑταῖς
2900 2380 2963 2434 ού
3012 2381 3307 2451 μονοειδὲς,
3354 2381 3470 2437 ἀλλ’
3510 2383 3568 2436 ἐν
3605 2383 3778 2456 βραχὺ

2195 2468 2501 2542 παραλλάξ,
2546 2469 2870 2542 ἐτερόχρουν
2908 2468 2967 2523 δέ
3019 2470 3167 2525 ἐστιν
3207 2472 3305 2526 καὶ
3340 2471 3505 2526 οἱονεὶ
3548 2490 3782 2544 περιπε-

2196 2562 2495 2633 φυρμένον.
2534 2560 2760 2633 Δέχεται
2784 2560 2964 2615 τοίνυν
2996 2561 3104 2616 ἀπὸ
3134 2560 3229 2615 τοῦ
3275 2562 3481 2634 κόσμου
3524 2564 3780 2636 Χριστὸς,

2194 2652 2314 2721 οὐχ)⁵
2334 2651 2396 2722 δή
2428 2668 2531 2704 που
2561 2652 2780 2714 πάντως
2800 2649 2867 2704 τὰ
2894 2650 2951 2703 tv
2976 2649 3128 2722 αύτῷ
3155 2650 3335 2722 τίμια,
3359 2653 3456 2706 καὶ
3482 2654 3540 2706 ἐν
3567 2654 3781 2725 ἀνθρώσ

2196 2759 2322 2806 ποις
2351 2742 2650 2806 ἀπόλεκτα,
2680 2739 2795 2796 ἀλλ’
2834 2742 2934 2795 ὅσα
2964 2741 3164 2813 μᾶλλον
3190 2745 3248 2798 ἐν
3279 2743 3464 2804 αὐτοῖς
3499 2745 3559 2797 tv
3592 2745 3785 2816 ὑφέσει

2194 2852 2252 2890 τε
2287 2831 2425 2889 εῖναι
2457 2835 2621 2899 δοκεῖ,
2662 2834 2756 2888 καὶ
2788 2835 2888 2888 οὐκ
2932 2835 2990 2887 ἐν
3026 2833 3117 2906 ῐσῃ
3155 2834 3302 2908 δόξῃ.
3346 2836 3690 2892 Πιστώσεται
3722 2838 3783 2892 δέ

2194 2928 2286 2981 τὸν
2316 2927 2473 2997 λόγον
2508 2927 2600 2981 καὶ
2625 2928 2652 2980 ό
2693 2926 2979 2990 θεσπέσιος
3014 2926 3258 2994 Παῦλος,
3299 2928 3631 2983 ἐπιστέλλων
3670 2934 3786 2994 τοῖς

2195 3019 2584 3073 πεπιστευκόσι
2604 3034 2620 3051 ο
2654 3036 2672 3069 ι
2701 3018 2936 3071 Βλέπετε
2965 3017 3077 3089 γὰρ
3097 3019 3198 3091 τὴν
3218 3018 3407 3089 κλῆσιν
3433 3019 3609 3090 ὑμῶν,
3633 3019 3783 3075 ἀδελ-

2197 3112 2309 3182 φοὶ,
2345 3112 2426 3165 ὃτι
2455 3111 2516 3165 ού
2556 3110 2740 3164 πολλοὶ
2783 3108 2937 3180 σοφοὶ
2964 3109 3109 3164 κατά
3142 3111 3350 3183 σάρκα,
3377 3111 3440 3166 ού
3474 3112 3661 3165 πολλοὶ
3691 3111 3784 3166 δυ-

2199 3203 2368 3268 νατοὶ,
2388 3203 2450 3257 ού
2478 3203 2663 3256 πολλοὶ
2693 3203 2964 3271 εὐγενείς⁶
2994 3202 3132 3257 ἀλλὰ
3155 3204 3224 3257 τά
3254 3202 3415 3276 μωρά
3441 3206 3537 3258 τοῦ
3574 3205 3782 3276 κόσμου

2194 3294 2477 3361 ἐξελέξατο
2518 3298 2549 3349 6
2572 3295 2725 3363 Θεὸς,
2768 3295 2856 3348 ἴνα
2884 3294 3225 3368 καταισχύνῃ
3254 3297 3383 3361 τοὺς
3422 3299 3655 3365 σοφοὺς,
3686 3300 3785 3352 καὶ

2191 3386 2260 3440 τὰ
2302 3386 2500 3456 ἀσθενῆ
2531 3384 2626 3439 τοῦ
2665 3385 2869 3460 κόσμου
2899 3384 3181 3451 ἐξελέξατο
3210 3386 3238 3437 6
3275 3385 3431 3450 Θεδς,
3462 3385 3551 3440 ἴνα
3590 3402 3788 3441 καται-

2195 3477 2363 3548 σχύνῃ
2395 3478 2463 3531 τά
2501 3464 2721 3548 ἱσχυράί
2753 3495 2772 3530 ι
2801 3475 3038 3549 Νοηθείη
3069 3477 3114 3530 δ’
3144 3478 3211 3531 ἂν
3239 3479 3334 3532 καὶ
3358 3479 3584 3550 ἑτέρως,
3621 3477 3789 3550 εἴπερ

2195 3569 2437 3641 βούλοιτό
2482 3586 2567 3633 τις
2605 3569 2928 3640 ἐξακριϐοῦν
2959 3569 3028 3624 τὰ
3064 3570 3266 3633 τοιάδε,
3305 3571 3616 3636 σποδοειδὲς
3648 3574 3784 3642 ραν-

2191 3660 2303 3714 τόν.
2353 3660 2604 3714 Ποικίλον
2644 3660 2755 3731 γάρ
2794 3678 2913 3725 πως
2943 3663 2994 3715 οί
3039 3663 3098 3715 ἐν
3140 3662 3363 3734 Χριστῷ
3400 3663 3463 3717 τὸ
3504 3665 3787 3736 εὐπρεπὲς

2192 3749 2409 3821 ἔχοντες
2437 3748 2514 3813 ὡς
2535 3750 2593 3803 tv
2617 3749 2801 3822 ἔργοις
2824 3767 2885 3803 τε
2914 3750 3008 3805 καὶ⁵
3035 3749 3235 3820 λόγοις.
3269 3751 3341 3805 Ἰὸ
3372 3752 3470 3823 μὲν
3489 3753 3600 3822 γάρ
3623 3751 3786 3822 φαιόν

2192 3858 2252 3895 τε
2293 3840 2389 3895 καὶ
2426 3840 2594 3912 μέλαν
2638 3839 3055 3910 καταλογισθείη
3089 3844 3171 3905 είς
3217 3841 3446 3911 αἷνιγμα
3483 3842 3580 3895 καὶ
3619 3843 3787 3897 σκιάν

2189 3931 2287 3986 τοῦ
2316 3930 2460 3985 κατὰ
2486 3930 2720 4001 Χριστὸν
2755 3931 3075 4002 μυστηρίου,
3107 3931 3203 3985 καὶ
3229 3931 3324 3985 τὸν
3353 3933 3439 3985 ἐπ’
3472 3932 3624 4003 αὐτῷ
3654 3948 3788 3985 σκο-

2190 4021 2369 4074 τεινὸν
2421 4021 2716 4091 ἀσυμφανῆ
2746 4022 2860 4082 τοίς
2927 4019 3143 4084 πολλοῖς
3199 4021 3545 4092 καταγράψοι
3596 4020 3779 4090 λόγον.

2194 4114 2338 4186 Ἔφη
2372 4113 2481 4184 γάρ
2510 4128 2612 4165 που
2643 4111 2736 4166 καὶ
2764 4111 2794 4163 6
2820 4111 3105 4175 θεσπέσιος
3132 4111 3297 4167 Δαϐὶδ
3323 4114 3381 4166 ἐν
3414 4112 3607 4185 βιϐλίῳ
3625 4113 3785 4169 Ψαλ-

2194 4202 2332 4274 μῶν,
2381 4203 2463 4256 ὅτι
2501 4220 2519 4254 ι
2549 4200 2743 4257 Ἐθετο
2776 4200 2966 4264 σκότος
2988 4200 3314 4274 ἀποκρυφὴν
3350 4202 3516 4257 αὐτοῦ
3537 4243 3554 4266 ,
3591 4204 3785 4275 κύκλῳ

2190 4292 2355 4347 αὑτοῦ
2398 4294 2434 4364 ή
2478 4291 2652 4364 σκηνὴ
2697 4290 2882 4346 αὐτοῦ.
2926 4292 3209 4347 Σκοτεινὸν
3250 4292 3395 4364 ὕδωρ
3434 4293 3493 4346 ἐν
3524 4294 3783 4363 νεφέλαις

2191 4387 2372 4457 ἀέρων
2394 4402 2407 4415 ·
2448 4403 2468 4436 ι
2515 4382 2577 4436 τὸ
2617 4385 2783 4438 οίονεὶ
2823 4383 3268 4455 δυσκατάληπτον
3313 4384 3426 4439 τῶν
3469 4385 3602 4457 περὶ
3640 4385 3781 4440 Θεοῦ

482 4481 823 4552 'dogmatum
864 4480 932 4537 de
958 4480 1073 4536 Deo
1103 4494 1232 4536 cum
1271 4479 1626 4536 tabernaculo
1648 4495 1993 4551 comparans,
2030 4490 2088 4536 et

2193 4476 2483 4549 δογμάτων
2507 4479 2682 4549 σκηνῇ
2707 4477 3081 4549 παρεικάζων,
3116 4477 3210 4530 καὶ
3231 4477 3512 4548 ὀνομάζων
3533 4477 3629 4531 τὸν
3653 4478 3784 4531 σκό-

505 4573 763 4630 tenebras
780 4572 1082 4644 appellans,
1112 4580 1170 4628 et
1215 4591 1234 4624 ι
1268 4587 1466 4643 aquam
1496 4573 1848 4630 tenebrosam
1877 4574 1936 4630 in
1974 4587 2082 4628 nu-

504 4660 669 4717 bibus
718 4662 880 4717 aeris.
927 4681 946 4713 ι
984 4663 1076 4717 Ait
1106 4676 1238 4718 vero
1274 4662 1441 4718 etiam
1472 4662 1751 4733 Sapientia
1776 4664 1842 4729 η,
1893 4661 2085 4718 datum

505 4768 626 4808 esse
650 4753 933 4809 nonnullis
955 4753 1196 4818 abunde,
1236 4769 1398 4825 posse
1430 4755 1739 4826 intelligam
1771 4752 2081 4824 parabolas,

502 4859 559 4899 et
592 4843 946 4901 tenebrosum
959 4859 1304 4910 sermonem,
1358 4844 1614 4917 dictaque
1669 4844 1978 4916 sapientum
2028 4853 2086 4900 et

501 4936 807 5008 enigmata.
837 4935 1273 4993 Profunditatem
1294 4934 1479 5008 itaque
1507 4951 1571 4992 ac
1585 4935 1926 5007 nigredinem
1955 4933 2087 5004 dog-

502 5035 709 5083 matum
768 5026 835 5082 de
873 5027 1096 5085 Christo
1143 5026 1333 5083 fuscus
1390 5027 1544 5083 color
1582 5025 1743 5082 nobis
1789 5024 2078 5098 signiﬁcat.

503 5119 861 5184 Splendidam
885 5135 1015 5176 vero
1041 5136 1163 5178 esse
1187 5137 1252 5177 ac
1274 5121 1429 5192 quasi
1455 5120 1828 5192 perspicuum,
1865 5118 1922 5173 in
1954 5133 2083 5188 ope-

502 5211 680 5277 ribus,
713 5212 960 5282 inquam,
982 5212 1226 5284 pietatis,
1247 5228 1348 5284 per
1360 5212 1619 5277 alterum,
1638 5210 1744 5266 hoc
1762 5216 1848 5266 est
1870 5207 2078 5272 album,

502 5304 857 5376 signiﬁcatur.
885 5304 1096 5362 Idcirco
1118 5306 1286 5363 etiam
1321 5305 1565 5361 omnium
1597 5303 1863 5360 Dominus
1890 5301 2082 5375 puriﬁ-

502 5397 773 5452 cationem
804 5412 903 5468 per
945 5397 1109 5454 ﬁdem
1154 5399 1210 5453 in
1246 5396 1527 5454 Christum
1575 5394 1955 5468 praeiudicavit
1998 5396 2082 5450 di-

502 5501 633 5543 cens
674 5503 773 5558 per
803 5503 994 5543 vocem
1048 5489 1328 5560 prophetae
1369 5507 1382 5543 :
1415 5507 1434 5541 ι
1473 5487 1680 5545 Discite
1720 5487 2078 5552 benefacere,

500 5579 730 5647 quaerite
758 5581 1049 5651 judicium,
1082 5582 1369 5638 subvenite
1403 5597 1688 5654 oppresso,
1725 5580 1880 5653 147
1935 5581 2081 5653 judi-

575 5758 599 5790 "
621 5758 776 5817 Joan.
805 5759 912 5826 1,3.
986 5760 1008 5793 ⁹
1036 5759 1200 5817 Zach.
1220 5777 1297 5830 ιιι,
1332 5762 1384 5816 7.
1466 5761 1508 5795 ί⁰
1533 5761 1554 5816 l
1584 5760 1709 5817 Cor.
1750 5777 1787 5822 ι.
1810 5760 1899 5819 26.
1925 5758 2015 5816 27.

2191 4583 2306 4637 τον,
2358 4569 2453 4623 καὶ
2504 4587 2524 4621 ι
2556 4568 2702 4641 ῦδωρ
2766 4569 3039 4624 σκοτεινὸν
3081 4570 3140 4623 ἐν
3192 4569 3443 4639 νεφέλαις
3488 4569 3694 4640 ἀέρων.
3752 4586 3776 4621 ι

2186 4661 2700 4733 Κατεπαγτέλλεται
2753 4662 2813 4718 δέ
2861 4663 2956 4718 καὶ⁵
3001 4664 3035 4734 ή
3087 4660 3256 4731 Σοφία
3298 4658 3412 4713 τισὶ
3459 4656 3775 4728 χαριεῖσθαι

2189 4755 2459 4820 πλουσίως
2484 4755 2545 4809 τὺ
2573 4756 2713 4810 νοεῖν
2734 4753 2993 4809 δύνασθαι
3024 4751 3346 4825 παραϐολὰς
3368 4749 3463 4804 καὶ
3493 4748 3774 4802 σκοτεινὸν

2186 4844 2375 4915 λόγον,
2409 4846 2597 4916 ῥήσεις
2637 4860 2697 4898 τε
2741 4843 2922 4914 σοφῶν
2961 4843 3057 4898 καὶ
3094 4843 3412 4915 αἰνίγματα.
3462 4841 3678 4896 Οὐκοῦν
3713 4841 3780 4894 τὺ

2188 4935 2325 5009 βαθὺ
2351 4936 2446 4991 καὶ
2470 4935 2633 4990 οἱονεὶ
2664 4936 2834 5008 μέλαν
2858 4934 2966 4990 τῶν
2990 4935 3085 4988 ἐπὶ
3111 4933 3349 5007 Χριστοῦ
3379 4933 3690 5005 δογμάτων,
3715 4931 3780 4985 τὺ

2188 5029 2346 5100 φαιὸν
2371 5030 2502 5100 ήμῖν
2540 5028 2909 5083 ὑπαινίττεται
2936 5027 3155 5100 χρῶμα.
3206 5026 3282 5082 Τδ
3329 5026 3388 5081 δέ
3422 5042 3484 5094 γε
3519 5024 3779 5097 λαμπρὸν

2188 5122 2283 5178 καὶ
2322 5122 2596 5195 οἱονείπερ
2629 5121 2919 5192 διαφανὲς,
2949 5121 3010 5175 τὸ
3040 5120 3116 5184 ὡς
3142 5121 3205 5174 tv
3247 5119 3431 5191 ἔργοις
3466 5118 3614 5190 φημὶ
3663 5122 3776 5182 τοῖς

2188 5215 2305 5269 κατ’
2351 5213 2631 5268 εὐσέϐειαν
2679 5211 2988 5284 παραθήσει
3031 5212 3093 5265 τὸ
3130 5211 3352 5281 ἕτερον,
3392 5210 3679 5275 τουτέστι,
3715 5209 3779 5261 τὸ

2187 5306 2399 5359 λευκόν.
2449 5305 2737 5376 Τοιγάρτοι
2778 5303 2873 5356 καὶ
2918 5304 2948 5356 6
2987 5304 3202 5358 πάντων
3240 5301 3519 5371 Δεσπότης
3566 5300 3667 5371 τὴν
3715 5304 3775 5353 ἐν

2186 5394 2407 5467 Χριστῷ
2469 5393 2704 5457 πίστεως
2760 5393 3029 5464 κάθαρσιν
3084 5393 3540 5465 προκαταμηνύει
3598 5393 3775 5460 λέγων

2186 5487 2275 5541 διά
2322 5487 2420 5557 τῆς
2477 5486 2571 5540 τοῦ
2624 5488 2905 5557 προφήτου
2964 5487 3182 5555 φωνῆς·
3242 5504 3260 5537 ι
3328 5484 3547 5540 Μάθετε
3610 5483 3775 5539 καλὸν

2186 5580 2399 5645 ποιεῖν,
2444 5578 2783 5649 ἐκζητήσατε
2829 5577 3048 5649 κρίσιν,
3090 5575 3327 5647 ῥύσασθε
3375 5575 3773 5647 ἀδικούμενον,

2097 5755 2139 5788 ⁸⁸
2165 5753 2305 5811 Psal.
2369 5769 2497 5821 ινιι,
2544 5753 2630 5807 12.
2711 5753 2752 5785 “
2774 5751 2944 5809 Eccli.
2975 5765 3156 5817 xxxix,
3188 5749 3212 5803 l
3248 5764 3403 5820 seqq.
