4074 6260
362 337 472 395 9Z7

1381 325 1903 384 CLAPHYRORUM
1941 324 2009 380 IN
2051 323 2351 381 GENESIM
2393 325 2521 381 LIB.
2564 327 2626 382 Υ.

3536 345 3644 402 238

365 458 596 530 κρίνατε
623 453 850 527 ὀρφανῷ
872 495 886 520 ,
919 452 1013 506 καί
1045 449 1365 504 δικαιώσατε
1395 450 1591 521 χήραν,
1647 448 1740 502 καὶ
1766 445 1941 500 δεῦτε

2059 455 2179 500 cate
2213 447 2440 515 pupillo,
2499 456 2554 502 et
2587 447 2883 518 justiﬂcate
2935 450 3174 520 viduam,
3228 465 3284 512 et
3334 462 3536 526 venite,
3586 476 3642 519 et

368 547 467 598 καὶ
503 543 906 614 διαλεχθῶμεν,
959 542 1104 609 λέγει
1155 541 1380 612 Κύριος.
1432 539 1542 592 Καὶ
1585 538 1682 590 saw
1720 530 1854 590 ὦσιν
1901 537 1956 589 αἱ

371 637 652 706 ἁμαρτιαι
704 633 854 704 ὑμῶν
901 635 974 698 ὡς
1020 633 1317 704 φοινικοῦν,
1363 632 1440 695 ὠς
1491 630 1642 702 χιόνα
1688 628 1952 682 λευκανῶ.

342 742 358 800 ί
387 727 518 779 Ἐὰν
539 724 584 777 δ’
612 718 744 778 ὦσιν
767 726 842 787 ὡς
860 725 1128 787 κόκκινον,
1152 724 1229 787 ὡς
1254 725 1402 795 ἔριον
1425 720 1691 775 λευκανῶ.
1725 738 1745 771 ι
1771 717 1956 771 ῚΛπό-

379 818 562 872 λεκτοι
591 816 762 871 τοίνυν
787 818 880 870 καὶ
910 818 966 869 ἐν
988 818 1130 888 λόγῳ
1161 815 1239 887 τῷ
1263 813 1556 886 προῦχοντι
1592 811 1746 884 παρά
1780 828 1844 880 γε
1878 809 1956 880 τῷ

383 912 596 964 πάντων
628 911 836 979 Σωτῆρι
864 909 1085 980 Χριστῷ
1117 910 1166 962 οι
1203 906 1461 978 δευτέραν
1503 905 1602 976 μὲν
1645 905 1860 975 ἔχοντες
1899 905 1956 955 ὲν

382 1001 459 1072 τῷ
488 1001 668 1072 κόσμῳ
698 1001 871 1066 τάξιν.
922 1000 1240 1070 Τεθειμένοι
1270 999 1327 1052 δὲ
1353 997 1543 1069 ὥσπερ
1585 996 1717 1066 παρ’
1761 995 1956 1057 ἄλλους

378 1093 435 1144 ἐν
465 1091 692 1161 μεξοσιν,
720 1093 815 1146 καὶ
842 1094 901 1144 ὲν
940 1091 1066 1163 δόξῃ
1102 1088 1612 1160 πλεονεκτούμενοι,
1643 1087 1956 1158 κατεῤῥαμ-

376 1178 523 1248 μένοι
550 1178 605 1231 δὲ
625 1177 814 1250 ὥσπερ
839 1180 933 1232 καὶ
957 1179 1020 1232 τὸ
1049 1178 1290 1232 ποικίλον
1313 1177 1528 1248 ἔχοντες
1557 1174 1762 1246 νοητῶς
1789 1174 1864 1237 ὡς
1895 1175 1955 1226 ὲν

371 1268 524 1338 βάθει
553 1270 842 1341 δογμάτων
871 1271 981 1325 τῶν
1010 1272 1140 1342 περὶ
1169 1269 1304 1325 Θεοῦ
1328 1311 1342 1334 ,
1376 1270 1471 1325 καὶ
1500 1269 1592 1323 τὺν
1624 1271 1739 1331 τοῖς
1770 1267 1954 1330 ἄλλοις

367 1361 662 1431 άσυμφανῆ
695 1362 1199 1426 καταπλουτοῦντες
1227 1361 1408 1430 λόγον,
1440 1359 1760 1431 φαιδρότητί
1794 1375 1852 1412 τε
1883 1360 1950 1429 τῇ

365 1453 487 1507 κατ’
522 1455 807 1509 εὐσέϐειαν
837 1450 898 1510 εὖ
933 1455 1080 1526 μάλα
1107 1455 1452 1526 διαπρεπεῖς.
1489 1452 1696 1508 Μισθὸν
1733 1452 1832 1524 μὲν
1859 1449 1955 1506 οὖν

377 1544 576 1598 Ἰακὼϐ
605 1546 674 1599 τά
707 1547 1159 1618 κατερραμμένα.
1192 1549 1328 1601 Τίνα
1352 1546 1409 1600 δὲ
1437 1547 1636 1618 τρόπον
1661 1544 1954 1614 κατεσοφί-

367 1633 494 1698 ζετο
538 1638 636 1707 μὲν
679 1637 772 1691 τὸν
820 1638 1029 1703 Λάϐαν,
1081 1637 1309 1692 πλεῖστα
1334 1637 1390 1690 δὲ
1421 1637 1521 1690 ὅσα
1553 1635 1624 1689 τά
1663 1634 1953 1706 αἱρεθέντα

367 1730 538 1791 ποιεῖ,
567 1726 1130 1798 πολυπραγμονῶμεν,
1159 1729 1208 1781 εἰ
1233 1727 1397 1790 δοκεῖ,
1425 1727 1518 1779 καὶ
1547 1726 1608 1790 ἐξ
1629 1723 1808 1778 αὐτῶν
1827 1723 1953 1776 άνα-

2059 535 2450 606 disceptemus,
2479 539 2611 594 dicit
2636 541 2918 598 Dominus.
2954 544 3011 599 Si
3032 561 3162 602 vero
3188 547 3393 605 fuerint
3416 564 3640 622 peccata

2057 639 2240 685 vestra
2270 639 2332 686 ut
2372 633 2682 700 coccinum,
2703 639 2861 706 quasi
2891 639 2986 694 nix
3024 641 3427 699 dealhabuntur
3462 664 3476 700 :
3511 657 3567 703 et
3591 650 3638 704 si

2058 719 2265 774 fuerint
2317 722 2482 777 rubra
2533 725 2690 794 quasi
2732 729 3088 795 vermiculus.
3137 734 3289 789 velut
3336 737 3460 793 alba
3515 740 3640 796 lana

2055 821 2220 866 erunt
2240 811 2300 865 “.
2342 833 2359 863 ι
2401 814 2605 870 Delecti
2651 818 2820 888 igitur
2857 823 3168 893 majorique
3200 826 3257 880 in
3296 829 3473 896 pretio
3512 841 3640 886 sunt

2056 903 2201 971 apud
2224 905 2472 960 omnium
2499 907 2838 967 Salvatorem
2863 913 3167 982 Christum,
3185 919 3280 990 qui
3306 921 3638 979 deteriorem

2056 997 2114 1051 in
2152 997 2360 1054 mundo
2407 999 2590 1055 locum
2620 1003 2894 1072 obtinent,
2952 1018 3008 1064 et
3037 1009 3093 1064 in
3150 1011 3400 1069 inferiori
3445 1017 3639 1072 ordine

2055 1105 2168 1160 pra:
2209 1090 2334 1146 aliis
2392 1094 2667 1161 collocati,
2723 1097 3006 1170 gloriaque
3044 1106 3326 1174 superati;
3362 1110 3638 1166 "maculosi

2055 1197 2190 1237 vero
2228 1184 2654 1254 quodammodo,
2679 1199 2736 1245 et
2756 1193 3115 1262 spiritualiter
3137 1199 3397 1270 variegati
3421 1202 3476 1256 in
3507 1219 3636 1272 pro-

2053 1273 2326 1331 funditate
2351 1279 2668 1350 dogmatum
2697 1282 2767 1338 de
2791 1285 2923 1350 Deo,
2949 1302 3317 1360 sermoneque
3339 1293 3458 1350 aliis
3481 1295 3636 1349 inco-

2055 1369 2209 1438 gnito
2245 1371 2585 1441 locupletati,
2627 1383 2680 1429 et
2714 1377 3008 1446 splendore
3055 1381 3276 1449 pietatis
3326 1385 3632 1456 conspicui.

2048 1459 2266 1528 Merces
2296 1462 2480 1532 itaque
2493 1464 2667 1520 Iacob
2697 1467 2848 1522 varia
2871 1480 2928 1525 et
2970 1472 3267 1528 maculosa.
3291 1473 3413 1542 Quo
3449 1487 3636 1533 autem

2052 1560 2215 1622 pacto
2237 1553 2517 1624 deceperit
2562 1556 2773 1624 Laban,
2820 1563 3116 1634 omniaque
3149 1580 3272 1636 qua
3287 1568 3526 1624 voluerit
3555 1571 3635 1625 fe-

2052 1643 2208 1708 cerit,
2241 1644 2604 1715 inquiramus,
2636 1649 2682 1703 si
2706 1650 2902 1720 placet,
2953 1665 3120 1726 atque
3167 1673 3236 1713 ex
3287 1660 3424 1731 ipsis
3465 1664 3638 1720 sacris

2053 1733 2277 1790 Litteris
2297 1736 2593 1795 discamus.
2617 1741 2696 1797 lta
2723 1743 2872 1798 enim
2899 1745 3135 1803 habent:
3164 1769 3183 1800 ‹
3206 1751 3633 1824 Aceepitautem

369 1819 636 1889 μάθωμεν
666 1795 775 1873 τῶν
807 1818 966 1892 ἱερῶν
1009 1795 1377 1891 ραμμάτων.
1415 1819 1570 1890 Ἔχει
1600 1817 1711 1916 γάρ
1738 1815 1911 1916 οὕτως
1929 1832 1941 1846 ·

2051 1823 2220 1881 Iacob
2247 1827 2454 1899 virgam
2474 1832 2766 1902 populeam
2791 1835 3046 1905 viridem,
3077 1846 3134 1894 et
3167 1795 3420 1910 numam,
3441 1853 3498 1900 et
3516 1845 3633 1916 pla-

373 1927 394 1960 ι
437 1910 636 1964 Ἐλαϐε
672 1911 727 1965 δὲ
768 1910 951 1980 ἑαυτῷ
994 1911 1190 1964 Ἰακὼϐ
1229 1911 1424 1980 ῥάϐδον
1457 1909 1786 1981 στυρακίνην
1809 1910 1947 1980 χλω-

369 1997 489 2066 ρὰν.
519 1998 612 2050 καὶ
632 2001 920 2068 καρυϊνην,
957 2005 1050 2052 καὶ
1085 1999 1387 2052 πλατάνου.
1427 1999 1540 2052 Καὶ
1573 1999 1820 2052 ὲλέπισεν
1853 2000 1946 2052 αὺ-

361 2087 464 2151 τὰς
504 2088 702 2143 Ἰακὼϐ
729 2091 1041 2158 λεπίσματα
1065 2091 1254 2154 λευκά,
1287 2091 1601 2163 περισὺρων
1627 2091 1686 2145 τὺ
1718 2092 1941 2162 χλωρόν.

375 2176 666 2246 Ἑφαίνετο
691 2179 750 2233 δὲ
797 2181 892 2233 ἐπὶ
917 2183 1037 2243 ταῖς
1067 2180 1286 2251 ῥάϐδοις
1328 2181 1389 2233 τὺ
1421 2182 1630 2245 λευκὸν,
1661 2182 1689 2234 ὃ
1728 2181 1944 2236 ἐλέπισε

361 2270 632 2322 ποικίλον.
668 2272 778 2323 Καὶ
808 2272 1089 2342 παρέθηκε
1133 2273 1232 2335 τὰς
1279 2272 1530 2343 ῥάϐδους,
1565 2273 1632 2337 ἃς
1673 2273 1944 2337 ὲλέπισεν,

355 2360 414 2410 ἐν
440 2363 563 2423 ταῖς
591 2359 774 2430 ληνοῖς
813 2361 925 2414 τῶν
956 2361 1320 2432 ποτιστηρίων
1362 2362 1456 2415 τοῦ
1487 2362 1709 2429 ὕδατος,
1734 2364 1846 2426 ἵνα,
1867 2363 1944 2427 ὡς

355 2446 422 2500 ἂν
469 2447 668 2500 ἔλθωσι
709 2448 778 2501 τὰ
830 2449 1080 2519 πρόϐατα
1110 2453 1276 2514 πιεῖν,
1307 2451 1540 2504 ἐνώπιον
1577 2450 1689 2504 τῶν
1732 2451 1945 2522 ῥάϐδων

353 2537 618 2591 ἐλθόντων
657 2539 840 2592 αὐτῶν
879 2541 962 2602 εἰς
990 2541 1052 2593 τὸ
1083 2544 1249 2606 πιεῖν,
1279 2543 1655 2613 ὲγκισσὴσωσι
1702 2543 1771 2597 τά
1811 2543 1944 2615 πρό-

355 2629 492 2682 ϐατα
526 2632 607 2693 εἰς
642 2631 742 2694 τὰς
773 2631 1022 2701 ῥάϐδους.
1059 2633 1169 2687 Καὶ
1195 2633 1406 2687 ἔτικτον
1438 2635 1510 2688 τὰ
1544 2635 1792 2706 πρόϐατα
1824 2636 1943 2690 διά-

352 2724 517 2778 λευκα
541 2767 556 2791 ,
594 2727 688 2778 καὶ
720 2727 966 2791 ποικίλα,
1011 2729 1106 2781 καὶ
1149 2729 1430 2798 σποδοειδῆ
1474 2730 1664 2801 ῥαντά.
1709 2730 1846 2794 Τοὺς
1886 2731 1942 2784 δὲ

356 2818 556 2888 άμνοὺς
583 2818 880 2871 διέστειλεν
935 2819 1157 2884 Ἰακὼϐ,
1189 2821 1284 2873 καὶ
1314 2821 1511 2891 ἔθηκεν
1560 2823 1802 2875 ἐναντίον
1833 2822 1942 2875 τῶν

360 2906 641 2974 προϐάτων
677 2907 830 2977 κριὸν
860 2905 1162 2971 διάλευκον,
1195 2909 1288 2962 καὶ
1330 2912 1436 2963 πᾶν
1467 2910 1704 2963 ποικίλον
1741 2911 1798 2964 ὲν
1829 2914 1941 2974 τοῖς

366 2996 565 3065 ἁμνοῖς.
603 2999 710 3050 Καὶ
735 2999 1050 3070 διεχώρισεν
1087 2999 1269 3070 ἑαυτῴ
1303 3001 1533 3070 ποίμνια
1560 3001 1682 3054 καθ’
1723 3003 1938 3068 ἑαυτὸν,

365 3088 457 3139 καὶ
499 3090 595 3142 οὐκ
640 3089 822 3160 ἔμιξεν
870 3092 1010 3145 αὺτᾶ
1043 3093 1122 3156 εἰς
1168 3093 1237 3146 τὰ
1289 3094 1536 3164 πρόϐατα
1584 3093 1679 3146 τοῦ
1731 3095 1938 3148 Λάϐαν.

376 3181 616 3249 Ἐγένετο
636 3183 687 3236 δὲ
717 3188 772 3238 ὲν
806 3184 883 3255 τῷ
915 3185 1092 3255 καιρῴ
1112 3178 1156 3254 ᾧ
1187 3185 1480 3238 ὲνεκίσσων
1506 3185 1572 3238 τὰ
1604 3186 1851 3256 πρόϐατα
1883 3189 1939 3238 ἐν

356 3275 556 3345 γαστρὶ
577 3274 944 3345 λαμϐάνοντα,
972 3278 1166 3348 ἔθηκεν
1204 3277 1398 3331 Ἰακὼϐ
1420 3277 1516 3342 τὰς
1539 3279 1768 3348 ῥάϐδους
1791 3280 1941 3332 ἐναν-

349 3366 467 3418 τίον
502 3367 606 3420 τῶν
635 3369 924 3439 προϐάτων
968 3373 1025 3423 ὲν
1073 3371 1192 3432 ταῖς
1229 3369 1431 3440 ληνοῖς,
1471 3369 1562 3423 τοῦ
1611 3371 1936 3441 ὲγκισσῆσαι

350 3458 491 3512 αὐτὰ
520 3461 661 3514 κατὰ
696 3460 794 3522 τὰς
830 3460 1078 3530 ῥάϐδους.
1121 3461 1317 3515 Ἠνίκα
1337 3461 1394 3514 δὲ
1421 3461 1487 3515 ἂν
1522 3462 1674 3514 ἔτεκε
1709 3461 1775 3514 τά
1806 3463 1934 3533 πρό-

350 3549 492 3604 ϐατα
513 3593 527 3614 ,
559 3553 663 3605 οὐκ
686 3551 875 3604 ἐτίθει.
917 3554 1161 3621 Ἐγένετο
1185 3553 1242 3606 δὲ
1268 3550 1336 3606 τά
1365 3553 1556 3623 ἄσημα
1591 3551 1686 3606 τοῦ
1727 3553 1931 3618 Λάϐαν,

347 3638 422 3693 τὰ
454 3640 512 3692 δὲ
543 3641 793 3711 ἐπίσημα
821 3641 914 3694 τοῦ
957 3642 1170 3697 Ἰακώϐ·
1200 3642 1296 3696 καὶ
1323 3643 1654 3713 ὲπλούτησεν
1679 3647 1706 3697 ὁ
1731 3643 1936 3715 ἄνθρω-

349 3747 449 3795 πος
481 3732 685 3803 σςόδρα
711 3733 936 3804 σφόδρα.
975 3752 995 3786 ι
1023 3735 1352 3805 Ποιμενικῆς
1381 3735 1476 3804 μὲν
1504 3731 1597 3788 οὖν
1624 3737 1933 3806 ἐπιστήμης

348 3824 411 3877 τὸ
439 3823 637 3879 εἰδέναι
664 3827 866 3896 φαμὲν,
895 3827 976 3880 ὅτι
1002 3829 1115 3891 τοῖς
1136 3827 1433 3901 ὁρωμένοις
1454 3828 1521 3882 τά
1554 3828 1766 3899 ἐμφερῆ
1797 3829 1932 3882 πάν-

345 3933 454 3969 των
482 3933 541 3969 τε
573 3917 668 3969 καὶ
698 3917 914 3982 πάντως
947 3919 1265 3972 άποτέκοιεν
1300 3919 1366 3973 ἂν
1402 3919 1512 3983 ὄϊες
1543 3937 1602 3974 τε
1632 3921 1723 3972 καὶ
1757 3914 1928 3987 αἶγες,

349 4007 442 4061 καὶ
489 4010 603 4072 τοῖς
649 4008 760 4061 τῶν
808 4011 1270 4081 παραπιπτόντων
1321 4010 1580 4082 χρώμασι
1623 4011 1815 4078 γένοιτ’
1866 4011 1932 4064 ἂν

294 4128 301 4133 -
346 4098 570 4170 ὁμοειδῆ
591 4100 661 4153 τὰ
681 4100 742 4164 ἐξ
763 4100 961 4168 αὐτῶν,
979 4103 1027 4155 εί
1056 4103 1114 4156 ὲν
1137 4101 1217 4172 τῷ
1242 4104 1433 4172 κιττᾷν
1455 4101 1728 4155 θεάσαιτο.
1747 4100 1930 4155 Ἔοικε

343 4187 402 4245 δέ
431 4208 549 4253 πως
577 4194 689 4255 τοῖς
721 4192 861 4246 κατὰ
891 4193 1051 4262 φύσιν
1083 4195 1145 4248 τὸ
1185 4194 1375 4266 χρῆμα
1415 4191 1808 4262 κατορθοῦσθαι
1847 4194 1930 4246 νό-

349 4297 489 4350 μιοις.
540 4283 792 4355 Ἀῥρητα
829 4283 884 4338 δὲ
931 4284 998 4338 τὰ
1045 4284 1271 4340 τοιαῦτα
1315 4281 1596 4348 παντελῶς
1619 4323 1634 4348 ,
1675 4283 1768 4336 καὶ
1810 4285 1930 4345 ταῖς

347 4374 643 4446 ἡμετέραις
685 4377 917 4440 ἐννοίαις
959 4376 1180 4447 ἀστιϐῆ.
1244 4375 1545 4430 ’Λπόλεκτα
1585 4375 1642 4429 δὲ
1688 4375 1757 4429 τὰ
1795 4392 1926 4429 σπο-

2052 1918 2189 1982 tani,
2229 1927 2288 1973 et
2320 1920 2681 1979 decorticavit
2717 1927 2800 1981 eis
2841 1929 3011 1986 Iacob
3041 1934 3275 1990 cortices
3327 1936 3498 2003 albas,
3528 1939 3638 1994 cir-

2051 2012 2392 2067 cumvellens
2412 2014 2608 2070 viride.
2637 2017 2907 2087 Apparuit
2932 2032 3117 2078 autem
3139 2026 3196 2079 in
3220 2027 3388 2098 virgis
3422 2029 3631 2097 album,

2051 2103 2200 2171 quod
2237 2104 2631 2173 decorticavit,
2671 2112 2905 2177 varium,
2955 2122 3012 2168 et
3031 2119 3217 2186 posuit
3277 2121 3461 2191 virgas
3495 2137 3636 2194 quas

2052 2193 2415 2251 decortieavit
2436 2241 2450 2264 ,
2500 2199 2558 2254 in
2597 2202 2884 2258 canalibus
2930 2207 3266 2265 concharum
3295 2228 3449 2282 aqua:
3473 2257 3488 2279 ,
3518 2193 3631 2278 fut,

2052 2301 2178 2340 cum
2227 2292 2483 2347 venirent
2533 2309 2666 2350 ores
2717 2297 2783 2351 ad
2829 2297 3168 2363 bibendum,
3229 2305 3285 2358 in
3335 2316 3634 2376 conspectu

2051 2376 2327 2447 virgarum
2358 2383 2708 2439 venientibus
2743 2385 2873 2455 ipsis
2911 2388 2978 2441 ad
3007 2389 3334 2458 bibendum,
3381 2395 3636 2466 concipe-

2051 2478 2327 2527 rentoves
2347 2473 2414 2528 ad
2439 2475 2638 2546 virgas.
2671 2478 2737 2532 Et
2758 2491 3092 2549 pepererunt
3123 2497 3254 2538 oves
3287 2485 3545 2541 subalbas
3577 2498 3636 2543 et

2049 2561 2250 2626 varias,
2278 2565 2623 2622 etcineratas
2653 2583 2886 2639 sparsas.
2919 2571 2986 2624 At
3016 2588 3183 2642 agnos
3221 2579 3497 2646 separavit
3539 2580 3632 2635 Ia-

2049 2652 2174 2718 cob,
2204 2664 2261 2709 et
2281 2657 2462 2724 posuit
2491 2673 2676 2713 coram
2715 2661 2911 2716 ovibus
2941 2664 3166 2719 arietem
3193 2667 3483 2723 subalbum
3509 2711 3522 2733 ,
3577 2682 3635 2726 et

2048 2758 2211 2799 omne
2239 2746 2450 2800 varium
2478 2747 2534 2801 in
2567 2750 2740 2819 agnis.
2781 2752 2848 2806 Et
2876 2758 3149 2823 separavit
3187 2758 3291 2812 sibi
3318 2776 3508 2831 greges
3537 2780 3635 2833 per

2048 2835 2310 2904 seipsum,
2343 2846 2399 2893 et
2421 2854 2532 2894 non
2559 2841 2785 2896 miscuit
2805 2858 2900 2898 eos
2917 2860 3041 2899 cum
3063 2848 3262 2902 ovibus
3289 2849 3494 2906 Laban.
3527 2855 3632 2909 Fa-

2047 2931 2196 2977 ctum
2231 2934 2315 2979 est
2337 2936 2521 2982 autem
2549 2930 2602 2983 in
2655 2939 2902 3001 tempore
2944 2950 3054 3003 quo
3077 2949 3454 3006 conceperunt
3501 2958 3634 3000 oves

2049 3017 2102 3068 in
2133 3026 2289 3071 utero
2323 3020 2675 3089 accipientes,
2701 3025 2885 3092 posuit
2907 3025 3076 3081 Iacob
3104 3028 3286 3099 virgas
3308 3046 3492 3088 coram
3517 3037 3635 3091 ovi-

2048 3106 2152 3160 bus
2183 3107 2236 3161 in
2266 3111 2570 3174 canalibus,
2589 3115 3017 3183 utconciperent
3041 3117 3171 3188 ipsa:
3195 3123 3495 3180 secundum
3517 3129 3632 3182 vir-

2049 3211 2162 3264 gas.
2197 3195 2427 3262 Quando
2466 3207 2648 3254 autem
2698 3202 2986 3271 pariebant
3020 3221 3172 3273 oves,
3228 3225 3336 3265 non
3371 3213 3628 3282 ponebat.

2049 3287 2211 3342 Facta
2243 3299 2373 3344 sunt
2395 3298 2578 3346 autem
2616 3309 2722 3348 non
2745 3294 2954 3366 signata
2981 3297 3189 3365 Laban,
3220 3311 3274 3357 at
3305 3302 3511 3374 signata
3535 3306 3630 3362 Ia-

2045 3377 2168 3434 cob.
2196 3379 2264 3434 Et
2297 3381 2503 3438 ditatus
2525 3394 2609 3439 est
2641 3386 2806 3441 homo
2832 3388 2990 3443 valde
3035 3390 3204 3448 nimis
3229 3393 3291 3448 “.
3327 3413 3345 3445 ›
3381 3395 3626 3452 Pastori-

2046 3468 2136 3522 tize
2163 3469 2330 3540 igitur
2376 3473 2617 3530 scientia:
2644 3485 2730 3531 est
2757 3477 2925 3537 scire.
2951 3478 3196 3550 inquam,
3238 3485 3382 3553 quod
3409 3503 3541 3543 oves
3569 3496 3628 3543 et

2044 3576 2217 3632 caprae
2241 3563 2449 3620 similes
2473 3567 2632 3636 plane
2669 3568 2814 3624 fetus
2846 3569 2916 3624 iis
2948 3572 3115 3627 rebus
3152 3589 3290 3644 quas
3331 3577 3620 3645 vidissent,

2042 3663 2338 3722 parerent,
2393 3666 2450 3712 et
2486 3659 2828 3729 objectorum
2880 3677 3002 3732 qua;
3042 3681 3233 3720 earum
3277 3670 3453 3735 visui,
3491 3672 3622 3727 dum

2041 3745 2415 3815 conciperent,
2463 3761 2856 3816 occurrerent,
2885 3755 3100 3808 colores
3131 3771 3246 3824 pra:
3287 3773 3346 3813 se
3391 3760 3621 3817 ferrent.

2041 3834 2271 3890 Videtur
2302 3845 2487 3890 autem
2529 3838 2582 3892 id
2613 3842 2849 3896 naturali
2870 3827 3106 3911 quadam
3133 3845 3250 3914 lege
3282 3848 3622 3919 contingere.

2039 3926 2108 3980 At
2124 3942 2256 3982 vero
2281 3927 2595 3997 bujusmodi
2626 3931 2796 3984 nullis
2821 3933 3006 3986 verbis
3061 3934 3326 4002 explicari
3370 3950 3620 4008 possunt,

2044 4033 2224 4087 neque
2250 4019 2450 4072 mentis
2474 4026 2674 4076 nostra
2703 4019 2850 4074 acies
2877 4036 2948 4076 eo
2973 4023 3253 4095 pertingit.
3287 4027 3456 4085 Iacob
3490 4047 3623 4088 vero

2039 4108 2260 4162 divinus
2284 4123 2476 4162 rursus
2507 4108 2751 4166 cinerata
2812 4119 2868 4166 et
2893 4128 3116 4184 aspersa
3149 4117 3302 4188 juxta
3351 4122 3618 4181 visionem

2038 4201 2279 4255 divinam
2309 4199 2528 4273 delegit.
2568 4202 2728 4274 148
2772 4203 2917 4259 Dixit
2948 4205 3097 4262 enim
3125 4210 3325 4267 alicubi
3355 4213 3422 4268 ad
3460 4213 3617 4271 Liam

2035 4301 2093 4349 et
2129 4293 2336 4349 Rachel
2369 4312 2381 4348 :
2424 4313 2440 4346 σ
2495 4295 2565 4351 Ει
2616 4295 2820 4351 factum
2861 4307 2966 4364 est,
2998 4302 3219 4370 quando
3241 4319 3618 4378 conceperunt

2036 4393 2196 4440 utero
2237 4401 2388 4450 oves,
2419 4393 2475 4441 et
2513 4387 2625 4442 vidi
2654 4388 2826 4444 oculis
2854 4390 2995 4446 meis
3048 4391 3103 4446 in
3135 4408 3359 4461 somno,
3390 4407 3446 4454 et
3485 4416 3616 4457 ecce

346 4463 521 4536 δοειδῆ
547 4467 642 4519 καὶ
669 4467 1103 4540 κατερῥαμμένα
1132 4466 1274 4521 κατὰ
1307 4467 1457 4522 θείαν
1485 4466 1669 4540 ὀμφὴν
1692 4469 1928 4522 ἐποιεῖτο

2046 4475 2174 4530 hirci
2201 4484 2258 4531 et
2286 4477 2492 4532 arietes
2516 4485 2675 4532 erant
2708 4480 3070 4538 ascendentes
3095 4498 3262 4554 super
3297 4502 3428 4542 oves
3443 4497 3499 4543 et
3525 4507 3616 4546 ca-

346 4553 508 4608 πάλιν
529 4555 873 4621 ὁλθεσπέσιος
905 4556 1124 4612 Ἰακώϐ.
1157 4557 1300 4628 Ἔφη
1327 4557 1435 4628 γάρ
1465 4572 1568 4609 που
1598 4556 1734 4627 πρὸς
1765 4557 1927 4611 Λείαν

345 4663 404 4699 τε
429 4649 524 4702 καὶ
562 4649 768 4720 Ραχήλ·
803 4668 822 4701 ι
839 4651 948 4704 Καὶ
967 4649 1186 4719 ἐγένετο
1206 4649 1364 4720 ἡνίκα
1393 4649 1685 4704 ὲνεκίσσων
1711 4649 1928 4712 τάπρό-

347 4738 486 4792 ϐατα
515 4741 574 4792 ἒν
600 4741 800 4812 γαστρὶ
840 4741 1224 4812 λαμϐάνοντα,
1264 4739 1360 4794 καὶ
1398 4734 1536 4794 εἶδον
1572 4741 1686 4802 τοῖς
1721 4739 1927 4809 ὀφθαλ-

347 4832 467 4899 μοῖς
501 4848 602 4901 μου
623 4834 682 4886 ὲν
707 4832 786 4903 τῷ
803 4831 982 4904 ὕπνῳ.
1014 4833 1125 4886 Καὶ
1152 4832 1259 4886 ἰδοὺ
1289 4834 1337 4885 οἱ
1367 4832 1558 4903 τράγοι
1589 4831 1683 4885 καὶ
1709 4833 1757 4884 ot
1783 4833 1927 4904 κριοὶ

342 4923 725 4988 ἀναϐαίνοντες
772 4922 913 4997 ἦσαν
947 4926 1040 4979 ἐπὶ
1080 4924 1179 4989 τὰς
1211 4920 1372 4993 αἶγας
1413 4925 1600 4978 καὶτὰ
1644 4924 1922 4995 πρόϐατα,

2035 4581 2181 4636 pras,
2199 4567 2412 4622 subalbi
2441 4577 2498 4622 et
2514 4569 2673 4633 varii,
2693 4569 3030 4643 cineratique
3041 4583 3097 4628 et
3118 4578 3375 4646 respersi;
3400 4588 3455 4634 et
3479 4581 3617 4637 dixit

2034 4657 2168 4710 mihi
2197 4657 2426 4727 angelus
2467 4657 2564 4712 Dei
2620 4658 2676 4713 in
2716 4673 2909 4716 somno
2950 4661 3180 4718 :Iacob.
3211 4665 3281 4719 Et
3330 4669 3610 4737 respondi,

2031 4745 2174 4814 Quid
2223 4746 2445 4802 est?Et
2468 4747 2606 4804 dixit
2630 4748 2765 4803 mihi
2803 4767 2817 4803 :
2855 4751 3084 4823 Respice
3132 4756 3309 4810 oculis
3359 4759 3504 4823 tuis,
3556 4766 3613 4812 et

2035 4837 2161 4892 vide
2190 4836 2376 4893 hircos
2399 4846 2454 4892 et
2485 4839 2689 4894 arietes
2709 4842 3071 4898 ascendentes
3093 4860 3257 4914 super
3280 4861 3410 4900 oves
3434 4855 3490 4900 et
3515 4863 3608 4902 ca-

2034 4947 2182 5001 pras,
2210 4931 2487 4994 subalbos,
2509 4933 2712 4994 varios,
2732 4932 3008 4989 cineratos
3036 4945 3093 4989 et
3116 4950 3334 5004 sparsos
3359 4938 3420 4990 η.
3445 4956 3460 4993 t
3485 4939 3609 4997 Haec

339 5014 608 5070 διάλευκοι
639 5020 733 5072 καὶ
772 5019 1040 5084 ποικίλοι,
1074 5019 1168 5072 καὶ
1204 5018 1524 5081 σποδοειδεῖς
1559 5017 1762 5088 ῥαντοί.
1817 5019 1924 5072 Καὶ

2046 5026 2197 5093 gitur
2217 5023 2290 5077 ait
2307 5037 2458 5078 sacra
2475 5022 2780 5092 Scriptura.
2815 5023 3082 5078 Caaterum
3099 5040 3218 5095 age,
3242 5030 3609 5095 przetermisso

342 5100 460 5159 εἶπέ
509 5125 600 5177 μοι
633 5110 662 5161 ὁ
712 5109 942 5177 ἄγγελος
987 5109 1080 5162 τοῦ
1125 5108 1258 5162 Θεοῦ
1303 5109 1423 5162 καθ’
1465 5109 1663 5161 ὕπνον·
1705 5108 1918 5164 Ἰακώϐ.

2031 5113 2225 5167 humili
2253 5113 2496 5168 historiae
2527 5129 2715 5179 sensu,
2750 5113 2817 5167 ad
2837 5113 3104 5183 spiritalia
3141 5119 3603 5178 conscendamus.

353 5189 492 5263 Ἐγὼ
519 5199 577 5251 δὲ
608 5197 739 5254 εἶπα
758 5217 770 5230 ·
805 5201 870 5254 Τί
900 5203 1048 5265 ὲστι;
1091 5201 1200 5254 Καὶ
1248 5197 1418 5254 εἶπεν·
1462 5200 1787 5270 Ἀνάϐλεψον
1817 5205 1926 5266 τοῖς
1965 5203 2262 5275 ὀφθαλμοῖς
2319 5221 2435 5268 σου,
2458 5206 2552 5258 καὶ
2587 5206 2663 5259 ἰδὲ
2702 5204 2828 5267 τοὺς
2857 5204 3116 5274 τράγους,
3145 5207 3238 5258 καὶ
3272 5209 3395 5271 τοὺς
3421 5211 3607 5280 κριοὺς

342 5290 731 5354 ἀναϐαίνοντας
765 5291 857 5344 ἐπὶ
887 5291 954 5344 τά
981 5290 1232 5362 πρόϐατα
1264 5294 1359 5345 καὶ
1402 5291 1501 5354 τὰς
1527 5289 1686 5360 αἶγας
1713 5295 2049 5361 διαλεύκους,
2078 5299 2171 5352 καὶ
2225 5297 2534 5361 ποικίλους,
2580 5298 2672 5350 καὶ
2713 5297 3039 5361 σποὸοειδεῖς
3083 5300 3332 5370 ῥαντούς.
3369 5323 3388 5357 ι
3433 5307 3603 5360 Ταυτὶ

348 5382 447 5449 μὲν
473 5377 566 5433 οὖν
593 5397 730 5450 φησι
761 5379 824 5432 τὸ
851 5380 1092 5451 Γράμμα
1125 5379 1186 5432 τὸ
1214 5381 1374 5449 ἱερόν.
1412 5379 1574 5434 Ἀλλὰ
1613 5383 1744 5454 φέρε
1778 5384 1874 5447 τῆς
1922 5386 2160 5456 ἱστορίας
2189 5387 2248 5439 τὸ
2278 5384 2556 5456 χθαμαλὸν
2619 5383 3011 5454 ὑποτρέχοντες
3034 5423 3048 5448 ,
3100 5388 3478 5466 ἀναϐαίνωμεν
3512 5399 3603 5455 ἐπὶ

348 5475 416 5526 τά
457 5471 830 5542 πνευματικά.

419 5567 483 5618 δ’.
513 5563 738 5626 Ῥάϐδος
756 5565 886 5633 ἡμῖν
907 5560 1321 5633 αἰνιγματωδῶς
1344 5564 1638 5634 ἐπιγράφει
1668 5566 1832 5620 πάλιν
1854 5565 1943 5618 τὸν

2086 5567 2140 5620 4.
2179 5566 2336 5634 Virga
2370 5565 2528 5618 nobis
2549 5563 2777 5634 ﬁgurate
2804 5568 3152 5630 adumbravit
3176 5575 3357 5629 denuo
3381 5576 3603 5628 Emma-

362 5655 730 5728 Ἐμμανουήλ.
763 5653 1086 5724 Ὠνόμασται
1121 5655 1229 5726 γὰρ
1250 5655 1347 5708 ὡδὶ
1382 5655 1529 5726 παρὰ
1574 5659 1640 5726 τῇ
1680 5656 1941 5710 θεοπνεύ-

2053 5655 2251 5708 uelem.
2276 5656 2351 5709 Ita
2372 5653 2520 5707 enim
2544 5653 2600 5709 in
2623 5655 2922 5728 Scripturis
2936 5675 3166 5722 vocatus
3185 5672 3288 5719 est.
3318 5683 3334 5715 ‹
3362 5665 3427 5718 Et
3450 5679 3603 5732 egre—

429 5769 472 5803 ¹³
497 5768 664 5834 153.1,
707 5771 792 5833 Π,
826 5767 909 5822 18.

1095 5769 1136 5801 ίδ
1171 5768 1450 5832 Gemitu,
1508 5769 1594 5835 37,
1641 5769 1727 5822 45.
1807 5769 1846 5798 ¹³
1903 5768 2038 5822 Gen.
2099 5781 2241 5830 sui,
2289 5764 2472 5819 ιο-ιε.
