4074 6260
521 317 588 370 39
1512 313 1568 369 S.
1611 313 1886 370 CYRILLI
1931 307 2406 366 ALEXANDRINI
2446 307 2761 363 ARClllI-IP.

3655 299 3756 354 9.ιο

485 433 670 486 dietur
689 432 857 504 virga,
872 451 888 482 ι
919 431 1091 500 inquit
1119 429 1338 485 divinus
1355 429 1543 494 Isaias,
1573 449 1590 480 ι
1613 445 1680 483 ex
1693 428 1875 483 radice
1894 427 2068 492 Jesse,

2178 459 2286 512 στῳ
2311 442 2522 512 Γραφῇ.
2560 441 2788 502 Ἰἰσαῖας
2818 438 2916 509 μὲν
2947 437 3052 509 γάρ
3077 437 3104 488 6
3136 432 3451 494 θεσπέσιος·
3489 449 3507 480 ι
3533 431 3642 484 Kal
3675 431 3755 494 ἐξ-

487 529 543 574 et
565 523 666 576 llos
696 522 763 576 de
790 521 971 575 radice
1001 520 1212 574 orietur
1243 519 1304 571 ⁸⁸.
1343 539 1362 570 ι
1391 519 1474 573 Ad
1505 518 1784 574 caelestem
1806 531 1941 571 vero
1962 516 2066 570 Pa-

487 619 628 666 trem
655 628 719 667 ac
754 613 945 676 Deum,
979 611 1168 666 induta
1194 625 1428 681 persona
1457 609 1821 673 credentium,
1848 607 2069 662 divinus

487 701 658 756 David
692 702 958 756 exclamat
1000 719 1013 755 :
1048 721 1066 754 ι
1096 703 1258 772 Virga
1290 711 1384 756 tua
1424 708 1481 756 et
1513 700 1742 756 baculus
1784 711 1914 754 tuus
1955 699 2072 768 ipsa

489 809 576 848 me
600 794 877 848 consolata
899 802 1028 847 sunt
1055 795 1114 847 ⁸⁷.
1150 813 1168 844 ι
1199 793 1465 848 Solatium
1491 793 1637 847 enim
1662 791 1845 861 adepti
1882 805 2074 845 sumus

489 884 544 938 in
560 883 799 949 Christo,
823 893 882 938 et
904 884 1082 954 ipsum
1105 884 1358 938 columen
1386 895 1630 937 nostrum
1654 882 1902 936 fecimus.
1929 881 2074 935 Scri-

487 983 641 1046 ptum
667 985 754 1029 est
783 976 930 1030 enim
958 993 970 1028 :
1004 995 1023 1026 ‹
1066 975 1426 1031 Conﬁrmabit
1449 975 1624 1045 justos
1656 974 1918 1028 Dominus
1951 972 2013 1026 ¹⁸.
2045 990 2064 1023 ι

411 1059 414 1061 ’
483 1067 658 1125 Nobis
675 1069 861 1138 itaque
881 1067 1062 1138 capris
1081 1067 1439 1122 rationalibus
1458 1067 1712 1138 gregibus
1729 1083 1828 1137 per
1845 1066 2073 1120 univer-

489 1176 612 1216 sum
651 1161 840 1215 orbem
873 1169 1165 1225 terrarum,
1191 1167 1355 1228 atque
1386 1158 1443 1212 in
1471 1165 1584 1212 toto
1615 1157 1841 1222 mundo,
1865 1158 2072 1228 virgam

493 1251 902 1322 quodammodo
928 1251 1219 1320 quamdam
1241 1249 1495 1306 Christus
1525 1249 1765 1319 seipsum
1792 1248 2068 1318 proponit.

490 1344 709 1414 Virgam
733 1352 914 1398 autem
937 1358 1048 1397 non
1074 1341 1416 1412 simpliciter,
1438 1341 1535 1396 sed
1557 1341 1868 1411 populeam,
1892 1348 1949 1394 et
1971 1355 2074 1394 nu-

487 1450 663 1498 ceam,
691 1450 755 1490 ac
794 1435 962 1488 veluti
999 1449 1066 1487 ex
1091 1434 1332 1503 platano.
1369 1434 1552 1488 Arbor
1581 1449 1714 1486 vero
1742 1433 1860 1487 haec
1889 1433 1945 1486 in
1983 1449 2071 1488 re-

486 1526 772 1581 ctitudinis
795 1526 1167 1581 testimonium
1193 1526 1437 1596 ponitur.
1471 1525 1712 1594 Populea
1743 1540 1876 1582 vero
1920 1541 2070 1580 mor-

487 1617 557 1671 tis
580 1617 795 1688 signum
818 1627 919 1672 est.
947 1617 1302 1672 Aromatibus
1322 1616 1470 1670 enim
1505 1624 1849 1671 mortuorum
1876 1631 2074 1686 corpus

483 1719 742 1773 curatur;
779 1707 1166 1763 suavissimum
1209 1716 1391 1761 autem
1424 1714 1734 1761 aromatum
1777 1714 1864 1760 est
1896 1715 2072 1777 styra-

2173 532 2452 584 ελεύσεται
2467 530 2680 602 ῥάϐδος,
2700 529 2882 600 φησιν,
2899 528 2962 580 ὲκ
2973 526 3071 594 τῆς
3091 524 3246 595 ῥίζης
3262 521 3480 585 Ἰεσσαὶ,
3500 520 3594 572 καὶ
3604 519 3757 582 ἄνθος

2175 624 2240 676 ἐκ
2268 627 2365 693 τῆς
2401 623 2556 694 ῥίζης
2586 621 2936 691 ἀναϐήσεται.
2972 635 2992 669 ι
3027 615 3172 684 Πρὸς
3209 613 3264 664 δέ
3295 629 3357 681 γε
3395 610 3488 663 τὸν
3516 611 3573 663 ὲν
3599 609 3758 677 ούρα-

2173 717 2284 778 νοῖς
2330 715 2549 785 Πατέρα
2581 715 2677 767 καὶ
2708 713 2866 777 Θεὸν,
2917 709 2978 763 τὸ
3021 707 3130 761 τῶν
3186 704 3557 760 πιστευόντων
3591 702 3759 773 προῖιιιν⁴

2178 824 2326 860 ωπον
2355 807 2555 869 ὑποδὺς
2605 807 2633 857 6
2680 804 2966 866 θεσπέσιος
3012 801 3146 872 ἡμῖν
3193 794 3510 866 ἀνεφώνησε
3558 793 3757 847 Δαϐίδο

2183 917 2201 948 ‹
2243 898 2309 950 Ἦ
2329 897 2520 968 ῥάϐδος
2553 913 2647 948 σου
2677 895 2772 947 καλ⁵
2801 895 2834 964 ἡ
2863 891 3132 966 βακτηρία
3164 906 3259 942 σου
3285 927 3300 948 .
3327 882 3486 940 αὗταί
3521 903 3587 956 με
3617 903 3759 957 παρ-

2173 989 2459 1045 εκάλεσαν.
2511 1007 2528 1038 ι
2585 982 3057 1056 Παρακεκλὴμεθα
3099 981 3208 1051 γάρ
3243 981 3300 1032 ὲν
3349 976 3612 1050 Χριστῷ,
3666 976 3762 1029 καὶ

2172 1082 2334 1134 αὑτὸν
2403 1081 2636 1152 ἔρεισμα
2683 1074 3052 1146 πεποιήμεθα.
3105 1073 3422 1143 Γέγραπται
3479 1068 3630 1141 γάρ,
3679 1069 3762 1121 ὅτι

2181 1189 2198 1222 ι
2267 1170 2682 1242 Ὑπερστερίσει
2718 1166 2846 1228 τοὺς
2895 1162 3136 1226 δικαίους
3167 1163 3196 1214 6
3242 1163 3466 1230 Κύριος.
3514 1177 3534 1209 ι
3599 1158 3762 1228 Ἱὶμῖν

2173 1258 2265 1316 οὖν
2294 1264 2517 1333 τράγοις
2547 1261 2783 1329 λογικοῖς
2823 1257 3105 1328 θρέμμασι
3148 1256 3260 1317 τοῖς
3295 1251 3400 1306 ἁνά
3437 1251 3622 1304 πᾶσαν
3663 1250 3762 1320 τὴν

2173 1352 2521 1423 οἰκουμένην,
2559 1353 2654 1404 καὶ
2697 1353 2757 1404 ὲν
2792 1350 2900 1419 ὅλῳ
2948 1347 3027 1418 τῷ
3071 1346 3294 1416 κόσμῳ,
3332 1343 3528 1413 ῥάϐδον
3573 1341 3760 1414 ὥσπερ

2172 1446 2295 1500 τινὰ
2341 1444 2676 1516 παρατίθησι
2715 1442 2904 1496 ἑαυτὸν
2933 1443 2962 1495 6
2993 1440 3246 1510 Χριστός.
3304 1435 3528 1491 Ῥάϐδον
3565 1435 3620 1488 δὲ
3661 1435 3762 1504 οὐχ

2174 1537 2383 1604 ἁπλῶς,
2413 1537 2548 1591 ἀλλά
2594 1535 2948 1607 στυρακίνην,
2979 1534 3075 1586 καὶ
3105 1531 3395 1603 καρυῖνην,
3438 1529 3535 1581 καὶ
3573 1526 3650 1589 ὡς
3698 1527 3763 1580 ὲκ

2173 1630 2478 1685 πλατάνου.
2513 1628 2684 1682 Φυτὺν
2714 1628 2768 1680 δὲ
2790 1627 2885 1679 καὶ
2917 1625 3074 1678 τοῦτο
3105 1623 3215 1677 τῶν
3244 1625 3322 1686 είς
3355 1622 3627 1693 ὀρθότητα
3664 1635 3761 1690 με·

2177 1721 2646 1794 μαρτυρημένωνο
2687 1719 2780 1772 καὶ
2825 1719 3054 1772 Θανάτου
3097 1717 3193 1786 μὲν
3243 1717 3276 1784 ή
3317 1714 3614 1785 στυρακίνη
3668 1729 3764 1784 ση-

485 1798 694 1852 cinum.
729 1798 976 1851 Mortuus
1012 1813 1144 1850 vero
1175 1805 1260 1851 est
1300 1803 1526 1866 propter
1563 1811 1666 1852 nos
1701 1795 1972 1862 Christus,
2013 1805 2070 1850 et

2178 1789 2344 1887 μεῖον.
2363 1789 2658 1885 ⁷Ἀρώμασι
2684 1811 2793 1882 γάρ
2817 1811 2878 1863 τὸ
2899 1808 3160 1878 τεθνηκὸς
3190 1806 3554 1877 θεραπεύεται
3580 1805 3760 1874 σῶμα,

483 1890 755 1956 sepultus,
779 1889 934 1957 juxta
961 1887 1274 1957 Scripturas
1299 1889 1364 1942 ¹⁹.
1386 1887 1550 1958 Virga
1571 1903 1702 1942 vero
1731 1903 1906 1943 nucea
1928 1889 2068 1959 vigi-

487 1979 669 2034 lantia:
691 1988 774 2033 est
797 1979 1032 2049 signum.
1057 1979 1190 2035 Tale
1212 1979 1359 2035 enim
1383 1979 1514 2049 quid
1537 1980 1862 2035 naturaliter
1885 1980 1941 2034 in
1965 1995 2068 2035 no-

487 2069 574 2124 bis
603 2078 879 2138 operatur.
907 2069 1186 2126 Excitatus
1219 2079 1403 2126 autem
1446 2086 1548 2141 pro
1583 2071 1745 2127 nobis
1775 2071 2065 2128 Christus:

485 2174 665 2227 neque
713 2159 860 2214 enim
907 2160 1083 2230 portis
1127 2161 1325 2217 inferni
1363 2162 1601 2217 detineri
1637 2163 1846 2232 potuit,
1890 2179 2070 2232 neque

486 2262 619 2300 vero
663 2247 715 2300 in
753 2248 1072 2302 universum
1110 2250 1304 2304 mortis
1345 2250 1579 2305 vinculis
1611 2250 1716 2305 fuit
1749 2251 2067 2306 obstrictus.

487 2337 659 2392 Porro
689 2338 840 2408 virga
874 2355 940 2392 ex
963 2339 1183 2408 platano
1206 2355 1427 2394 cursum
1452 2340 1508 2394 in
1541 2341 1713 2395 altum
1749 2357 1813 2396 ac
1835 2342 2070 2396 sublime

489 2427 780 2497 signiﬁcat,
819 2429 923 2483 hoc
956 2437 1060 2493 est,
1096 2430 1300 2484 Christi
1343 2430 1399 2484 in
1437 2431 1640 2485 caalum
1669 2431 2067 2488 ascensionem.

488 2517 724 2572 Procera
761 2519 906 2571 enim
942 2519 996 2572 in
1040 2520 1230 2590 primis
1271 2521 1436 2575 arbor
1468 2528 1632 2591 atque
1658 2523 1765 2576 alta
1787 2532 1871 2578 est
1897 2525 2070 2594 plata-

489 2622 613 2662 nus.
643 2608 925 2662 Exaltatus
954 2617 1138 2663 autem
1164 2618 1244 2664 est
1275 2625 1306 2663 a
1332 2611 1491 2665 Patre
1512 2610 1700 2665 Filius.
1726 2611 1817 2666 Sic
1836 2613 1982 2666 enim
2003 2612 2071 2666 de

491 2695 610 2766 ipso
641 2698 837 2752 Petrus
864 2715 876 2750 :
912 2717 930 2749 ι
964 2699 1160 2754 Dextra
1201 2700 1368 2770 igitur
1404 2701 1500 2755 Dei
1528 2701 1884 2756 exaltatus".
1917 2721 1934 2752 ι
1963 2703 2074 2756 Nec

489 2805 601 2844 non
643 2791 844 2845 Paulus
882 2809 899 2841 ‹
931 2793 1396 2862 superexaltatum
1445 2792 1622 2863 ipsum
1655 2792 1763 2857 ait,
1815 2801 1871 2846 et
1918 2809 2075 2847 acce-

485 2885 635 2952 pisse
669 2898 870 2936 nomen
900 2883 1047 2952 quod
1083 2891 1168 2937 est
1195 2899 1361 2952 super
1393 2898 1555 2937 omne
1584 2898 1785 2936 nomen
1817 2883 1895 2948 ²¹;
1940 2903 1957 2934 ι
1993 2883 2076 2937 id-

490 2989 596 3043 que
629 2982 686 3027 ut
723 2975 792 3028 ab
821 2974 1080 3029 omnibus
1115 2974 1393 3028 adoretur.
1439 2974 1496 3029 Si
1538 2974 1662 3044 quis
1694 2985 1875 3030 autem
1918 2974 2071 3039 velit,

495 3065 655 3136 1.3.9
683 3068 851 3121 alium
871 3068 1036 3121 etiam
1072 3082 1294 3122 sensum
1326 3067 1456 3122 huic
1481 3067 1666 3121 arbori
1693 3067 1956 3129 tribuere,
1979 3082 2076 3135 po-

493 3166 616 3211 test.
647 3157 961 3224 Quomodo?
983 3157 1087 3224 Qui
1115 3158 1264 3213 enim
1295 3159 1581 3213 nominum
1606 3157 1963 3229 etymologias
1981 3173 2075 3212 cu-

493 3249 638 3303 riose
670 3250 976 3318 inquirunt,
1003 3250 1282 3320 platanum
1306 3267 1337 3305 a
1364 3251 1655 3306 latitudine
1683 3250 1940 3305 foliorum
1965 3249 2074 3305 dici

492 3341 704 3393 volunt.
752 3340 1052 3394 Dilatamur
1096 3350 1281 3394 autem
1327 3341 1495 3394 etiam
1541 3355 1644 3395 nos
1675 3356 1774 3410 per
1819 3341 1981 3394 ﬁdem
2021 3348 2078 3395 et

495 3446 759 3494 amorem,
790 3439 1001 3484 tantum
1035 3446 1144 3484 non
1188 3431 1530 3485 adhaerentes
1561 3429 1802 3485 Christo.
1836 3431 2078 3502 Angusta

495 3520 641 3575 enim
690 3521 778 3574 lex
825 3520 1119 3575 admodum
1174 3530 1288 3586 est,
1335 3531 1392 3577 et
1431 3521 1620 3576 stricta
1665 3522 2078 3579 idololatrarum

496 3630 670 3670 mens.
707 3614 918 3669 Idcirco
950 3614 1116 3669 etiam
1154 3614 1302 3684 gregi
1335 3630 1406 3669 ex
1435 3614 1691 3683 gentibus
1729 3615 1873 3668 Deus
1903 3615 2078 3672 incla-

494 3705 666 3760 mavit
708 3721 808 3775 per
841 3720 1030 3759 vocem
1057 3705 1378 3775 prephetm:
1414 3725 1432 3758 ι
1472 3707 1674 3763 Discite
1723 3709 1938 3775 audire,
1978 3725 2079 3764 an-

495 3797 718 3869 gustiati
751 3798 816 3851 ".
852 3817 871 3849 ι
899 3797 1101 3853 Paulus
1125 3814 1258 3854 vero
1293 3799 1597 3856 Corinthiis
1625 3801 1692 3856 ad
1725 3811 1964 3858 vetenem
1989 3819 2078 3857 er-

497 3905 677 3944 rorem
710 3889 892 3945 redire
915 3891 1230 3947 volentibus
1250 3900 1372 3962 post
1399 3891 1527 3946 ﬁdei
1551 3893 1920 3960 latitudinem,
1946 3895 2082 3949 scri-

498 3982 579 4036 bit
610 3982 833 4039 elicens:
867 4002 884 4034 ι
913 3982 985 4039 Os
1015 3994 1265 4040 nostrum
1289 3994 1541 4055 apertum
1565 3996 1648 4040 est
1679 3987 1748 4041 ad
1771 4003 1886 4051 vos,
1920 4003 1952 4041 ο
1979 3985 2079 4042 Co-

497 4074 690 4131 rinthii
723 4094 738 4128 :
765 4091 860 4131 cor
884 4086 1133 4131 nostrum
1163 4077 1472 4131 dilatatum.
1497 4078 1576 4132 Ne
1599 4079 1989 4149 angustiamini
2023 4079 2080 4133 in

499 4169 661 4223 nobis
699 4184 715 4222 :
754 4169 1140 4236 angustiamini
1177 4177 1363 4222 autem
1403 4169 1461 4222 in
1517 4169 1823 4226 visceribus
1858 4172 2077 4226 vestris.

501 4258 763 4312 Eamdem
783 4265 967 4312 autem
993 4259 1262 4314 habentes
1281 4259 1780 4316 remunerationem
1800 4260 2080 4330 (tanquam

501 4352 630 4406 ﬁliis
669 4350 836 4421 dico),
867 4351 1170 4406 dilatamini
1203 4360 1260 4406 et
1288 4367 1405 4406 vos.
1440 4352 1619 4406 Nolite
1652 4353 1842 4422 jugum
1879 4353 2082 4407 ducere

2169 1906 2480 1977 ἀρωμάτων
2524 1905 2580 1957 δὲ
2623 1903 2844 1974 ἥδιστον
2898 1903 2925 1955 6
2977 1898 3202 1972 στύραξ.
3255 1898 3552 1952 Ἀπέθανεν
3599 1899 3655 1950 δὲ
3699 1897 3764 1950 δι’

2170 1998 2318 2067 ἡμᾶς
2353 1998 2381 2048 6
2413 1994 2668 2066 Χριστὸς,
2704 1993 2797 2046 καὶ
2829 1991 3023 2060 ἐτάφη,
3065 1989 3210 2043 κατά
3235 1988 3334 2052 τὰς
3361 1989 3584 2060 Γραφάς
3605 2003 3617 2016 ⁸
3663 2005 3766 2040 κα-
3854 2047 3857 2051 ,

2172 2087 2330 2158 ρυῒνη
2359 2086 2436 2151 δὲ,
2465 2083 2847 2156 ἐγρηγόρσεώς
2875 2099 2933 2136 τε
2964 2083 3056 2136 καὶ
3085 2081 3336 2143 ἀῦπνίας.
3380 2081 3626 2150 Ἐνεργεῖ
3653 2079 3764 2151 γὰρ

2169 2179 2228 2230 ὲν
2257 2179 2388 2246 ἡμῖν
2421 2175 2492 2229 τὰ
2519 2176 2692 2228 τοιάδε
2717 2175 2951 2244 φύσεως.
2997 2174 3326 2244 Ἐγήγερται
3355 2171 3411 2224 δὲ
3441 2173 3581 2242 ὑπὲρ
3601 2172 3764 2242 ήμῶν

2170 2271 2198 2322 6
2231 2267 2483 2338 Χριστός.
2507 2268 2580 2320 Οὐ
2607 2266 2714 2339 γάρ
2743 2266 2934 2335 γέγονε
2967 2266 3196 2335 κάτοχος
3225 2267 3346 2328 ταῖς
3381 2263 3508 2335 ᾅδου
3541 2264 3761 2329 πύλαις,

2169 2359 2293 2412 οῦτε
2331 2360 2429 2428 μὲν
2457 2359 2536 2420 είς
2566 2359 2712 2412 ἅπαν
2745 2359 2859 2428 ἦλω
2889 2361 3001 2420 τοῖς
3028 2357 3121 2410 τοῦ
3155 2357 3383 2411 Θανάτου
3407 2356 3651 2426 δεσμοῖς.
3703 2357 3767 2408 'll

2171 2451 2235 2502 ἐκ
2263 2448 2533 2501 πλατάνου
2563 2448 2618 2501 δὲ
2650 2448 2809 2501 πάλιν
2833 2447 3196 2517 ύπεμφαίνειν
3220 2446 3365 2499 ἔοικε
3389 2445 3484 2498 τὸν
3515 2448 3596 2509 είς
3633 2446 3764 2515 ὕψος

2172 2557 2231 2592 τε
2264 2542 2354 2592 καὶ
2400 2539 2531 2608 πρὺς
2559 2539 2648 2590 τὸν
2682 2539 2792 2592 ἄνω
2826 2539 3043 2609 δρόμον,
3079 2537 3381 2612 τουτέστιν,
3411 2537 3510 2607 τὴν
3543 2539 3624 2600 είς
3673 2539 3764 2589 ού-

2177 2631 2370 2701 ρανοῦς
2393 2629 2656 2682 ἀνάϐασιν
2685 2627 2779 2680 τοῦ
2811 2628 3069 2698 Χριστοῦ.
3101 2626 3315 2696 Εύφυὲς
3349 2627 3456 2698 γὰρ
3489 2627 3650 2691 ξύλον
3677 2629 3766 2680 καὶ

2171 2723 2282 2773 τῶν
2336 2721 2474 2788 ἄγαν
2532 2719 3026 2790 εὑμηκεστάτωνή
3085 2720 3372 2782 πλάτανος.
3437 2718 3664 2790 ’Υψώθη
3711 2721 3766 2782 δὲ

2174 2813 2326 2884 παρά
2352 2812 2445 2865 τοῦ
2473 2812 2686 2882 Πατρὺς
2713 2813 2740 2863 6
2792 2811 2946 2873 Υἱός.
2998 2811 3146 2881 Ἔφη
3179 2811 3288 2881 γάρ
3330 2814 3358 2864 6
3396 2811 3603 2881 Πέτρος
3641 2813 3768 2882 περὶ

2173 2904 2338 2957 αὑτοῦ
2364 2921 2378 2934 ο
2423 2922 2442 2955 ι
2482 2905 2560 2974 Τῇ
2595 2903 2743 2973 δεξιᾷ
2772 2898 2865 2955 οῦν
2909 2901 3005 2954 τοῦ
3053 2902 3188 2955 Θεοῦ
3226 2902 3479 2971 ὑψωθεὶς.
3521 2921 3538 2952 ι
3589 2904 3704 2956 Καὶ
3740 2905 3768 2956 6

2175 2993 2409 3058 Παῦλος,
2462 2992 2868 3066 ύπερυ’,ιοῦσθαί
2912 3009 3077 3063 φησιν
3129 2993 3312 3058 αὐτὸν,
3342 2993 3436 3044 καὶ
3471 2991 3666 3046 λαϐεῖν
3709 2993 3767 3046 τὸ

2177 3087 2346 3157 ὄνομα
2389 3087 2450 3139 τὸ
2494 3087 2634 3156 ὑπὲρ
2683 3086 2791 3138 πᾶν
2835 3083 3043 3154 δνομα,
3080 3084 3176 3137 καὶ
3215 3083 3313 3154 τὴν
3354 3083 3502 3155 παρὰ
3547 3084 3766 3138 πάντων

2178 3177 2566 3248 προσκύνησιν.
2597 3177 2660 3228 Ei
2684 3175 2742 3228 δέ
2760 3192 2842 3238 τι..
2874 3174 3131 3244 βούλοιτο,
3165 3175 3260 3227 καὶ
3288 3173 3408 3227 καθ’
3434 3174 3622 3243 ἔτερόν
3651 3191 3768 3227 τινα

2177 3271 2302 3324 νοῦν
2333 3270 2630 3341 ἐκλήψεται
2664 3267 2725 3320 τὸ
2759 3269 2945 3335 φυτόν.
2986 3267 3090 3318 Kal
3117 3266 3198 3328 τίς
3223 3268 3251 3318 6
3280 3267 3512 3336 τρόποςς
3545 3266 3612 3317 0i.
3646 3267 3768 3337 περὶ

2176 3362 2276 3424 τὰς
2320 3361 2428 3414 τῶν
2489 3360 2768 3430 ὀνομάτων
2808 3358 3165 3429 ἐτυμολογίας
3201 3356 3538 3428 περιέργως,
3587 3356 3681 3411 διά
3713 3357 3768 3410 τὸ

2177 3451 2297 3504 λίαν
2325 3450 2647 3522 εὐρύνεσθαι
2687 3449 2764 3519 τῷ
2798 3448 2940 3518 ξύλῳ
2967 3447 3029 3500 τὸ
3074 3447 3326 3509 πέταλον,
3367 3447 3634 3519 ταύτητοι
3679 3448 3768 3501 καὶ

2179 3543 2492 3597 πλάτανον
2521 3541 2838 3612 ὠνομάσθαι
2875 3541 3060 3610 φασίν.
3109 3539 3492 3610 Πλατυνόμεθα
3527 3540 3646 3611 γάρ
3678 3541 3767 3594 καὶ

2180 3639 2342 3708 ἡμεῖς
2367 3635 2456 3688 διά
2493 3634 2728 3696 πίστεως
2762 3634 2856 3687 καὶ
2898 3632 3151 3701 ἀγάπης,
3195 3633 3478 3702 μονονουχὶ
3506 3633 3768 3704 περιφύνο

2178 3745 2268 3791 τες
2293 3726 2534 3797 Χριστῷ.
2560 3725 2748 3788 Στενδς
2777 3725 2886 3795 γάρ
2914 3726 2943 3776 6
2965 3723 3127 3793 νόμος
3149 3723 3269 3776 λίαν
3295 3723 3388 3776 καὶ
3410 3723 3770 3794 τεθλιμμένος

2179 3819 2286 3872 τῶν
2317 3817 2848 3888 εἰδωλολατρούντων
2873 3819 2901 3871 6
2939 3815 3082 3880 νοῦς.
3127 3817 3235 3868 Kal
3264 3815 3394 3882 γοῦν
3419 3817 3540 3878 ταῖς
3571 3819 3678 3886 μὲν
3711 3815 3768 3879 ἐξ

2180 3911 2349 3964 ἐθνῶν
2383 3909 2602 3978 ἀγέλαις
2641 3909 2910 3978 ἐπεφώνει
2940 3909 3072 3972 Θεὸς
3105 3907 3194 3961 διὰ
3229 3909 3509 3979 προφήτου
3543 3911 3728 3979 φωνῆς
3749 3924 3762 3938 ⁸

2188 4021 2206 4054 ι
2266 4003 2479 4056 Μάθετε
2530 4002 2751 4056 ἀκούειν
2806 3999 3344 4070 στενοχωρούμενοι·
3381 4019 3401 4051 ι
3457 4001 3766 4070 Κορινθίοις

2180 4096 2236 4149 δὲ
2277 4099 2304 4148 6
2343 4095 2547 4158 Παῦλος
2587 4097 2900 4148 ὑπονοστεῖν
2942 4095 3215 4165 ἑλομένοις
3248 4089 3340 4146 ἐπὶ
3385 4094 3484 4165 τὴν
3530 4094 3764 4165 ἀρχαίαν

2183 4187 2448 4257 πλάνησιν
2473 4187 2611 4258 μετά
2635 4187 2694 4240 τὸ
2724 4189 2782 4240 ὲν
2809 4187 2989 4240 πίστει
3014 4187 3214 4248 πλάτος
3237 4186 3539 4238 ἐπιστέλλει
3565 4186 3761 4254 λέγων’

2189 4302 2207 4334 ι
2244 4283 2317 4334 Τὸ
2356 4281 2530 4351 στόμα
2559 4280 2714 4352 ἡμῶν
2747 4280 2952 4350 ἀνέῳγε
2986 4280 3123 4351 πρὸς
3162 4279 3307 4349 ὑμᾶς
3329 4321 3341 4342 ,
3378 4279 3661 4348 Κορίνθιοι
3682 4318 3694 4341 ,
3729 4281 3762 4348 ἡ

2184 4372 2380 4442 καρδία
2414 4371 2569 4442 ἡμῶν
2595 4371 2976 4428 πεπλάτυνται.
2997 4371 3070 4424 Οὐ
3096 4371 3513 4443 στενοχωρεῖσθε
3537 4373 3598 4424 ὲν
3617 4373 3762 4442 ἡμῖν,

501 4460 628 4498 cum
654 4442 986 4498 infidelibus.
1018 4442 1149 4509 Quae
1176 4442 1322 4497 enim
1346 4443 1694 4513 participatio
1708 4443 1933 4514 iustitia:
1957 4458 2076 4496 cum

2190 4461 2606 4533 στενοχωρεῖσθε
2640 4461 2696 4514 δὲ
2723 4463 2781 4514 ἐν
2811 4462 3138 4532 σπλάγχνοις
3169 4442 3346 4531 ὑμῶν.
3377 4461 3488 4531 Τὴν
3515 4460 3572 4513 δὲ
3598 4460 3763 4530 αὐτὴν

503 4534 826 4605 iniquitate?
849 4544 943 4588 aut
978 4550 1099 4604 qua:
1139 4535 1372 4590 societas
1407 4535 1516 4589 luci
1557 4535 1625 4589 ad
1652 4535 1937 4591 tenebras?
1962 4550 2076 4604 quac

2185 4553 2554 4623 ἀντιμισθίαν,
2579 4551 2653 4616 ώς
2677 4552 2888 4615 τέκνοις
2914 4552 3077 4621 λέγω,
3111 4539 3454 4620 πλατύνθητε
3474 4553 3569 4605 καὶ
3587 4553 3761 4623 ὑμεῖς.

503 4635 688 4679 autem
723 4625 1016 4678 conventio
1044 4623 1246 4679 Christi
1277 4626 1344 4679 ad
1382 4625 1548 4680 Belial
1575 4625 1656 4678 "?
1691 4645 1708 4677 ι
1739 4626 1910 4680 Porro
1930 4626 2084 4679 Psal-

505 4717 664 4772 mista
682 4715 884 4769 alicubi
901 4714 968 4769 ad
996 4715 1171 4784 ipsum
1195 4716 1606 4772 Emmanuelem
1628 4716 1765 4786 legis
1777 4716 2084 4786 angustiam

507 4817 698 4860 taxans
727 4803 804 4859 ait
835 4821 847 4857 :
881 4823 897 4854 ι
932 4803 1130 4858 Latum
1156 4803 1476 4858 mandatum
1505 4812 1661 4858 tuum
1687 4804 1851 4858 nimis
1874 4806 1939 4856 “.
1973 4823 1990 4855 ι
2018 4805 2087 4858 Ει

505 4914 727 4954 rursus:
751 4919 768 4950 ι
793 4898 946 4952 Viam
965 4896 1347 4952 mandatorum
1366 4905 1584 4950 tuorum
1608 4897 1847 4961 cucurri,
1866 4899 2086 4966 quando

506 4990 744 5045 dilatasti
767 5005 862 5044 cor
883 5004 1066 5044 meum
1083 4988 1148 5041 ".
1177 5007 1193 5038 ι
1219 4987 1485 5042 Praeterea
1511 5003 1555 5039 ιι
1578 4986 1644 5040 Et
1667 4986 1946 5056 ingressus
1963 5003 2084 5043 sum

507 5081 563 5134 in
582 5080 892 5145 latitudine,
919 5079 1046 5150 quia
1071 5076 1491 5150 iustiﬁcationes
1525 5085 1646 5130 tuas
1675 5076 1944 5146 exquisivi
1963 5078 2029 5133 “.
2061 5097 2078 5129 ι

506 5193 658 5260 Quod
694 5208 826 5248 vero
852 5194 1000 5263 virga
1022 5207 1214 5254 nucea,
1237 5199 1299 5244 ut
1324 5188 1487 5243 modo
1515 5188 1650 5252 dixi,
1677 5188 1973 5258 vigilantire
1997 5203 2092 5242 na—

510 5285 760 5337 turaliter
790 5283 861 5337 sit
905 5297 1088 5345 causa,
1135 5290 1193 5335 et
1231 5294 1483 5334 somnum
1523 5288 1752 5342 avertat,
1799 5279 1944 5332 Deus
1975 5279 2091 5348 ipse

508 5385 740 5430 testatur
765 5375 830 5429 ad
859 5377 1179 5445 prophetam
1204 5371 1518 5434 Jeremiam,
1547 5369 1732 5424 dicens
1760 5387 1773 5422 :
1809 5387 1826 5420 ι
1857 5369 1997 5435 Quid
2033 5380 2089 5422 tu

509 5469 681 5534 vides,
702 5469 975 5525 Jcremia?
1006 5467 1070 5520 Et
1095 5466 1227 5530 dixi,
1261 5464 1460 5534 inquit,
1485 5462 1705 5532 V’irgam
1742 5476 1994 5515 nuceam.
2021 5461 2091 5516 Et

587 5667 630 5705 ³⁸
670 5667 768 5721 lsa.
797 5669 951 5732 xui;
989 5669 1108 5720 Act.
1150 5683 1264 5728 xm,
1297 5665 1384 5719 28.
1464 5665 1507 5696 ¹⁷
1538 5663 1678 5720 Psal.
1722 5679 1850 5723 xx",
1896 5663 1948 5716 ll.
2031 5661 2072 5692 "'

2178 5663 2436 5724 ι1.ιιττι·ι,
2473 5664 2556 5716 l7.

511 5739 767 5807 siplmip.
801 5754 857 5804 ιι,
881 5740 932 5793 9.
1010 5739 1052 5766 "
1077 5736 1176 5789 lsa.
1203 5735 1486 5802 uvm,20.
1559 5735 1663 5789 "ll
1685 5734 1812 5790 Cor.
1848 5750 1918 5798 v1,
1947 5733 2127 5787 ll-lS.

2190 4646 2265 4716 μὴ
2301 4643 2514 4712 γίνεσθε
2557 4642 3005 4713 ἑτεροζυγοῦντες
3044 4643 3314 4706 ἀπίστοις.
3364 4644 3459 4706 Τίς
3489 4645 3602 4713 γὰρ
3636 4659 3762 4713 μετ-

2185 4733 2283 4805 οχὴ
2328 4732 2643 4802 δικαιοσύνῃ
2683 4733 2775 4784 καὶ
2821 4733 3057 4804 ἀνομίᾳ;
3101 4733 3196 4787 καὶ
3230 4733 3312 4796 τίς
3341 4733 3598 4786 κοινωνία
3630 4732 3765 4800 φωτὶ

2188 4825 2324 4895 πρὸς
2365 4825 2588 4887 σκότος;
2638 4823 2720 4887 τίς
2765 4823 2821 4876 δὲ
2855 4823 3211 4894 συμφώνησις
3241 4824 3462 4894 Χριστῷ
3502 4825 3640 4895 πρὸς
3673 4824 3764 4875 Βε-

2189 4917 2338 4984 λίαλ;
2371 4936 2389 4969 ι
2423 4917 2532 4969 Kal
2561 4915 2666 4986 μὴν
2692 4915 2720 4967 6
2745 4915 3046 4985 Ψαλμῳδὸς
3067 4918 3201 4986 πρὸς
3225 4918 3386 4969 αὐτὸν
3415 4919 3472 4968 ὲν
3495 4912 3763 4984 πνεύματί

2191 5007 2294 5061 πού
2332 5024 2465 5078 φησι
2496 5007 2587 5059 τὸν
2629 5005 2996 5077 Ἐμμανουὴλ,
3025 5007 3123 5077 τὴν
3152 5008 3244 5060 τοῦ
3278 5008 3443 5076 νόμου
3477 5007 3762 5074 στενότητα

2190 5097 2481 5167 διασύρων·
2543 5095 2825 5148 «Πλατεῖα
2858 5097 2890 5161 ἠ
2937 5096 3123 5168 ἐντολή
3176 5113 3270 5148 σου
3324 5095 3548 5166 σφόδρα.
3597 5113 3617 5146 ι
3659 5094 3762 5146 Kal

2190 5188 2372 5240 πάλιν·
2419 5209 2437 5239 ι
2461 5186 2607 5242 Ὀδὸν
2640 5187 2868 5241 ἐντολῶν
2901 5204 2995 5241 σου
3028 5189 3283 5259 ἔδραμον,
3312 5188 3439 5240 ὅταν
3463 5186 3762 5245 ἐπλάτυνας

2188 5279 2288 5349 τὴν
2326 5279 2550 5349 καρδίαν
2591 5298 2714 5350 μου.
2755 5299 2774 5333 ι
2804 5280 2950 5352 Πρὸς
2977 5279 3150 5350 τούτῳ
3173 5279 3274 5332 ἔτι·
3315 5297 3332 5330 ι
3377 5281 3487 5333 Καὶ
3518 5277 3763 5346 ἐπορευό-

2194 5388 2302 5440 μην
2329 5371 2386 5422 ὲν
2435 5371 2770 5443 πλατυσμῷ,
2821 5373 2903 5425 ὅτι
2949 5371 3016 5424 τὰ
3057 5370 3405 5441 δικαιώματά
3445 5387 3539 5423 σου
3580 5367 3761 5435 ἐξεζή-

2190 5479 2350 5528 τησα.
2392 5481 2410 5515 ι
2448 5465 2568 5518 Ὅτι
2601 5465 2657 5519 δὲ
2702 5465 2795 5518 καὶ
2835 5467 2867 5536 ἡ
2912 5463 3105 5535 ῥάϐδος
3151 5466 3184 5535 η
3215 5463 3442 5535 καρυῖνη
3468 5505 3484 5529 ,
3517 5462 3762 5530 καθάπερ

2635 5665 2678 5696 ¹⁹
2725 5665 2879 5718 Rom.
2910 5681 2962 5724 ι’,
2994 5663 3026 5714 9
3058 5673 3111 5716 et
3138 5663 3288 5718 alibi.
3368 5664 3414 5694 ¹⁰
3440 5664 3557 5717 Act.
3587 5678 3645 5727 ιι,
3675 5659 3759 5715 53.

2213 5736 2257 5764 ³³
2282 5735 2420 5788 Ps'al.
2454 5751 2629 5799 cxvm,
2657 5738 2741 5789 96.
2819 5735 3014 5789 "ibid.
3053 5735 3137 5787 3'2.
3217 5735 3259 5766 ⁸⁵
3288 5733 3420 5789 ibid.
3462 5736 3548 5788 45.
