4074 6260
298 440 400 499 ΞΗ

1313 432 1837 490 GLAPHYRORUM
1872 431 1940 488 IN
1977 430 2281 489 GENESIM
2319 431 2449 487 LIB.
2494 426 2581 489 νζ

3481 426 3661 498 m'

299 557 530 623 ιναγχος
574 552 737 624 ἔφην,
770 550 1002 614 άῦπνίας
1039 536 1184 603 ἔστὶν
1212 549 1546 621 ἐμποιητικὴ
1577 551 1760 620 φύσις,
1804 550 1897 605 λέ-

2005 549 2141 605 dixit
2176 551 2439 608 Dominus
2467 552 2535 607 ad
2571 567 2657 607 me
2697 570 2709 605 :
2749 553 2914 608 Recte
2945 552 3165 617 vidisti,
3205 555 3341 625 quia
3367 555 3591 626 vigilavi

299 663 493 716 γοντος
526 645 664 699 Θεοῦ
705 645 840 716 πρὸς
867 643 960 697 τὸν
988 642 1272 713 προφήτην
1324 642 1630 713 ἰερεμίανο
1667 659 1687 695 ι
1728 643 1793 696 Τί
1823 643 1890 697 σὺ

2005 657 2093 712 ego
2113 657 2283 713 super
2306 643 2474 698 verba
2501 657 2645 707 mea,
2677 652 2737 698 ut
2757 642 2953 698 faciam
2982 659 3048 697 ea
3072 645 3141 697 ³⁷.
3177 664 3195 695 ι
3232 645 3443 700 Idcirco
3474 648 3588 699 vcl-

302 738 462 807 ὁρᾷς,
522 734 797 806 Ἱερεμίας
823 734 934 787 Kai.
969 730 1117 798 εἶπα,
1148 733 1306 804 φησὶ,
1347 731 1660 805 Βακτηρίαν
1699 734 1891 807 καρυϊ-

309 844 431 897 νην.
478 827 590 880 Καὶ
623 821 770 879 εἶπεν
811 823 1017 895 Κύριος
1039 823 1177 896 πρός
1220 840 1289 895 με
1311 841 1327 856 ο
1360 823 1559 888 Καλῶς
1616 823 1890 895 ἑώρακας,

1991 733 2073 787 uti
2118 733 2174 787 in
2217 734 2401 803 specie
2433 734 2601 804 virgae
2642 734 2987 800 intellectus,
3031 735 3273 805 seipsum
3314 736 3587 805 quodam-

1993 823 2157 879 modo
2193 825 2355 881 nobis
2390 827 2646 897 proponit
2676 825 2948 890 Christus,
2984 835 3050 882 ut-
3070 837 3359 882 mortuum
3379 837 3434 882 et
3458 843 3584 883 sus-

313 917 451 970 διότι
489 917 757 988 έγρήγορα
782 914 896 982 ἐγὼ
922 916 1016 969 ἐπὶ
1039 917 1165 979 τοὺς
1187 915 1381 984 λόγους
1408 933 1511 986 μου
1544 915 1638 969 τοῦ
1667 916 1894 987 ποιῆσαι

2005 916 2243 981 citatum,
2280 927 2444 987 atque
2494 918 2550 972 in
2595 919 2766 973 caelos
2804 919 3127 983 exaltatum,
3162 928 3217 975 et
3261 920 3587 976 dilatantem

319 1008 528 1071 αὐτούς.
567 1025 588 1059 ι
639 1007 848 1060 οὐκοῦν
878 1006 955 1070 ὡς
987 1009 1047 1060 ὲν
1078 1008 1211 1060 είδει
1241 1008 1344 1077 τῆς
1373 1007 1570 1077 ῥάϐδου
1604 1007 1897 1078 νοούμενος

319 1100 502 1154 ἑαυτὸν
537 1101 666 1171 ἡμῖν
695 1098 886 1181 ὥσπερ
918 1099 1293 1171 παρατίῠησιν
1323 1100 1353 1153 6
1397 1099 1665 1170 Χριστὸς,
1696 1099 1773 1163 ὼς
1800 1116 1895 1153 τεο

315 1191 514 1246 θνεῶτα
531 1233 546 1258 ,
579 1191 673 1246 καὶ
696 1190 1095 1263 ἐγηγερμένον,
1128 1191 1226 1244 καὶ
1255 1191 1336 1254 είς
1363 1190 1626 1263 οὐρανοὺς
1657 1189 1899 1259 Matius-

311 1301 416 1343 νον.
449 1283 854 1354 κατευρὺνοντά
884 1300 947 1337 τε
974 1282 1064 1336 διὰ
1090 1280 1186 1335 τοῦ
1215 1280 1533 1351 Πνεῦματος
1561 1279 1769 1350 νοητῶς
1797 1280 1901 1342 τὰς

310 1375 415 1430 τῶν
438 1374 744 1445 δεχομένων
764 1374 930 1429 αὐτὸν
952 1373 1203 1444 καρδίας.
1239 1371 1400 1426 ’Δλλά
1422 1370 1526 1425 ποῦ
1545 1370 1646 1435 τὰς
1667 1370 1899 1442 ῥάϐδους

308 1467 552 1522 τέθεικεν
576 1468 607 1520 6
632 1466 868 1533 ἰακώϐ;
910 1467 1000 1519 Ἑν
1026 1466 1146 1529 ταῖς
1172 1465 1355 1535 ληνοῖς
1371 1463 1479 1517 τῶν
1505 1463 1898 1534 ποτιστηρίων.

306 1558 530 1611 Νοοῐντο
561 1558 607 1611 δ’
635 1557 702 1612 ἂν
732 1558 897 1612 πάλιν
918 1556 1072 1627 ληνοί
1098 1572 1158 1609 τε
1195 1556 1293 1609 καὶ
1323 1556 1650 1626 ποτιστήρια
1678 1555 1780 1624 τῆς
1807 1554 1897 1607 λο-

310 1651 477 1719 γικῆς
504 1649 710 1719 ἀγέλης
728 1691 743 1713 ,
770 1648 1053 1702 τουτέστιν
1084 1648 1265 1720 ἡμῶν,
1299 1648 1591 1720 συγγραφὴ
1619 1646 1897 1712 Μωσέως,

249 1730 262 1757 ⁸
313 1738 411 1793 καὶ
429 1738 501 1793 τά
526 1738 843 1810 προφητικὲ
880 1739 1211 1812 κηρύγματα
1229 1782 1245 1807 ,
1272 1741 1366 1795 τὸν
1399 1740 1607 1795 ἄνωθεν
1634 1742 1771 1811 ἡμῖν
1803 1738 1900 1794 xai.

314 1828 472 1903 παρὰ
490 1829 626 1884 Θεοῦ
660 1832 940 1901 μονονουχὶ
972 1830 1204 1902 βρύοντα
1222 1831 1401 1900 λόγον.
1427 1832 1742 1903 Γέγραπται
1766 1829 1898 1902 γάρ,

1996 1006 2319 1078 spiritaliter
2352 1024 2544 1065 eorum
2575 1009 2670 1080 qui
2707 1011 2887 1080 ipsum
2928 1012 3245 1081 suscipiunt
3265 1028 3383 1067 eor.
3406 1011 3586 1069 Caete-

2000 1111 2123 1151 rum
2156 1096 2382 1152 ubinam
2411 1099 2599 1169 posuit
2620 1098 2801 1170 virgas
2821 1099 3025 1155 Jacobi
3052 1101 3110 1155 lu
3136 1102 3422 1159 canalibus
3450 1118 3587 1158 con-

1996 1188 2227 1244 charum
2267 1204 2443 1260 aqua.
2467 1189 2697 1247 Canales
2731 1206 2869 1248 vero
2899 1209 3139 1261 rursum,
3169 1196 3226 1250 in
3253 1197 3457 1265 quibus
3492 1197 3589 1251 ad-

1998 1286 2235 1346 aquatur
2268 1279 2552 1335 rationalis
2580 1296 2731 1351 grex,
2765 1281 2869 1338 hoc
2898 1291 3014 1349 est,
3044 1299 3175 1350 nos,
3207 1285 3587 1357 intelligantur

1997 1370 2200 1440 scripta
2217 1370 2435 1443 Moysis,
2452 1382 2511 1428 et
2536 1374 2874 1444 prophetica:
2894 1378 3329 1447 prmdicationes,
3343 1394 3466 1448 quae
3487 1396 3588 1434 no-

1999 1458 2089 1514 bis
2116 1474 2417 1531 supernum
2459 1471 2624 1532 atque
2659 1480 2689 1519 a
2716 1465 2827 1519 Deo
2869 1480 3181 1520 sermonem
3222 1476 3434 1522 tantum
3473 1484 3587 1523 non

1999 1552 2326 1607 scaturiunt.
2363 1552 2643 1623 Scriptum
2678 1563 2766 1610 est
2799 1556 2947 1610 enim
2972 1574 2986 1610 :
3016 1576 3036 1608 ι
3080 1557 3356 1612 Haurietis
3386 1573 3592 1627 aquam

2000 1657 2125 1698 cum
2152 1643 2353 1713 gaudio
2377 1638 2447 1698 de
2471 1643 2717 1700 fontibus
2741 1645 3046 1702 Salvatoris
3070 1646 3137 1701 “.
3175 1668 3193 1699 ›
3222 1648 3339 1704 Illic
3364 1649 3589 1704 Emma-

1999 1734 2219 1789 nuelem
2257 1735 2601 1804 reperiemus
2644 1736 2852 1807 virgam
2890 1736 3169 1807 potentiae,
3210 1748 3268 1793 et
3314 1738 3488 1794 veluti
3529 1740 3587 1794 iu

2002 1833 2180 1880 morte
2198 1833 2424 1895 propter
2439 1840 2561 1891 nos,
2582 1833 2747 1897 atque
2766 1826 3192 1899 primogenitum
3210 1843 3243 1883 e
3261 1829 3497 1884 mortuis
3516 1829 3591 1897 ",

312 1923 398 1975 δτι
432 1940 454 1972 ι
501 1922 616 1977 Καὶ
656 1922 952 1993 άντλήσετε
983 1921 1130 1994 ὕδωρ
1164 1923 1281 1992 μετ’
1317 1921 1661 1993 εὐφροσύνης
1699 1922 1766 1976 ὲκ
1790 1921 1898 1974 τῶν

2005 1915 2164 1986 150
2192 1923 2251 1971 et
2270 1917 2571 1971 exaltatum
2604 1916 2661 1972 in
2685 1918 2879 1988 gloria,
2905 1933 2971 1975 ac
2996 1919 3321 1975 dilatantem
3350 1919 3587 1975 creden-

314 2008 510 2079 πηγῶν
538 2010 634 2063 τοῦ
663 2009 959 2082 σωτηρίου.
991 2029 1013 2064 δ
1058 2012 1207 2064 Ἐκεῖ
1235 2012 1326 2064 τδν
1364 2011 1713 2083 Ἑμμανουὴλ
1738 2011 1900 2083 εὑρή-

311 2117 483 2171 σομεν
507 2100 610 2171 τὴν
650 2101 754 2172 τῆς
785 2100 1068 2171 δυνάμεως
1112 2101 1330 2172 ῥάϐδον,
1370 2103 1466 2156 καὶ
1487 2102 1564 2167 ὥς
1600 2104 1658 2155 ἐν
1694 2103 1902 2175 θανάτῳ

308 2192 378 2246 δι’
409 2193 585 2263 ἡμᾶς,
616 2194 1085 2264 καὶνπρωτότοκον
1114 2196 1178 2247 ὲκ
1213 2194 1448 2265 νεκρῶν,
1479 2195 1574 2248 καὶ
1603 2192 1901 2264 ὑψούμενον

312 2285 372 2335 ὲν
392 2282 553 2354 δόξῃ,
584 2283 681 2336 καὶ
713 2281 1050 2337 πλατύνοντα
1072 2283 1197 2345 τοὺς
1223 2281 1656 2345 πεπιστευκότας
1675 2321 1692 2346 ,
1723 2280 1901 2336 καθά-

310 2390 420 2446 περ
445 2373 587 2445 έφην
632 2373 857 2445 ἀρτίως.
907 2374 1138 2445 Σύμπας
1178 2374 1289 2446 γὰρ
1334 2374 1527 2445 ὥσπερ
1573 2374 1682 2429 τῶν
1727 2376 1902 2445 άγίων

312 2465 616 2536 προφητῶν
657 2468 686 2519 6
714 2465 875 2535 λόγος
891 2507 905 2530 ,
936 2466 1028 2522 καὶ
1053 2466 1152 2537 μέν
1182 2484 1266 2520 τοι
1292 2467 1538 2530 Μωσέως
1561 2466 1903 2523 διανένευκεν

311 2557 404 2609 ἐπὶ
427 2557 489 2609 τὸ
510 2556 748 2627 Χριστοῦ
777 2559 1096 2629 μυστήριον.
1124 2558 1416 2630 Τοιγάρτοι
1438 2558 1532 2611 καὶ
1552 2560 1582 2613 6
1610 2559 1775 2629 σοφὸς
1797 2558 1901 2632 ἔφη

313 2647 543 2712 Παῦλος,
575 2650 659 2703 ὅτι
687 2668 707 2701 ι
734 2648 906 2713 Τέλος
926 2650 1090 2720 νόμου
1115 2649 1210 2703 καὶ
1229 2648 1527 2719 προφητῶν
1545 2649 1575 2703 6
1592 2649 1847 2721 Χριστός.
1876 2669 1899 2704 ι

316 2740 460 2812 Πλὴν
489 2741 740 2796 έλέπισεν
773 2741 968 2795 Ἰακὼϐ
999 2743 1097 2806 τὰς
1127 2741 1353 2812 ῥάϐδους
1376 2741 1688 2813 λεπίσματα
1711 2740 1902 2807 λευκὰ,

318 2829 629 2902 περισύρων
651 2830 716 2884 τὸ
742 2830 953 2903 χλωρόν
971 2847 986 2859 ⁸
1024 2830 1256 2884 ὲκίττων
1286 2846 1347 2883 τε
1375 2828 1551 2894 οὕτως
1583 2830 1673 2884 ἐπ’
1712 2831 1906 2895 αὐταῖς

323 2921 387 2974 τδ
416 2923 655 2977 ποικίλον
690 2922 763 2977 τὰ
799 2923 1112 2995 θρέμματα.
1145 2920 1443 2993 Περισύρει
1487 2921 1599 2993 γὰρ
1639 2922 1830 2994 ὥσπερ
1874 2922 1904 2975 6

328 3013 554 3084 Χριστὸς
577 3015 674 3086 τὴν
700 3013 797 3068 τοῦ
826 3014 990 3084 νόμου
1036 3013 1217 3078 σκιὰν,
1242 3014 1339 3068 καὶ
1374 3013 1732 3085 προφητικῶν
1770 3031 1906 3083 συγ-

330 3103 664 3174 γραμμάτων
693 3105 753 3158 τὺ
791 3105 956 3158 οἱονεὶ
998 3103 1442 3175 κατακάλυμμα,
1476 3103 1907 3173 λελευκασμένον

325 3193 386 3246 δὲ
417 3192 559 3247 οὕτω
595 3195 688 3248 καὶ
713 3195 1045 3251 εὐκάτοπτον
1077 3195 1272 3273 κομιδῇ
1319 3195 1412 3249 τὸν
1456 3196 1519 3250 ὃν
1545 3196 1732 3260 αὐτοῖς
1773 3194 1905 3266 ἡμῖν

320 3286 642 3355 ἀποφαίνων
687 3287 868 3358 λόγον,
914 3257 1445 3359 ἐπῳδὴνάναφέρει
1487 3257 1898 3358 πνευματικήν·
1931 3257 1973 3315 C

320 3381 484 3446 μόνον
522 3382 578 3434 δὲ
618 3381 740 3452 οὐχι
784 3381 880 3435 καὶ
919 3380 1207 3435 ἀναπείθει
1262 3382 1454 3452 κιττᾷν
1494 3379 1574 3451 τῷ
1620 3378 1899 3433 ὲκποικίλ-

320 3472 505 3525 taedai.
537 3472 690 3527 θέλον
735 3474 817 3536 είς
856 3470 1079 3543 ἀρετὴν,
1118 3471 1286 3540 διφυᾶ
1332 3489 1448 3534 πως
1492 3470 1663 3542 αὐτὴν
1711 3473 1904 3541 ἐπιτη-

314 3561 591 3627 δεύοντας,
619 3561 788 3633 Ξργῳ,
810 3577 870 3615 τε
897 3561 1064 3632 φημὶ,
1105 3561 1203 3614 καὶ
1231 3558 1397 3629 λόγῳ.
1439 3558 1548 3613 Καὶ
1578 3558 1710 3627 γοῦν
1740 3559 1789 3612 oi
1818 3557 1903 3611 θε-

320 3654 536 3707 σπέσιοι
585 3654 863 3724 προφῆται
903 3650 1013 3705 τῶν
1045 3652 1105 3704 ὲν
1145 3650 1327 3706 πίστει
1370 3649 1808 3720 δεδικαιωμένων
1842 3648 1903 3701 τὸ

319 3747 614 3817 πρόσωπον
676 3744 1071 3815 ὑποτρέχοντες
1124 3742 1568 3813 ἀνακεκράγασιν
1615 3740 1861 3812 ἐναργῶς
1885 3756 1900 3771 ο

325 3856 347 3890 ι
380 3838 478 3891 Διὰ
505 3837 597 3892 τὸν
627 3836 796 3907 φόϐον
821 3852 941 3902 σου,
962 3835 1158 3907 Κύριε,
1184 3837 1241 3890 ὲν
1269 3835 1464 3905 γαστρὶ
1490 3834 1778 3906 ἐλάϐομεν,
1808 3833 1904 3887 καὶ

322 3930 689 4002 ῶδινήσαμεν,
721 3931 815 3984 καὶ⁵
844 3930 1107 4000 ὲτέκομεν
1149 3928 1364 3999 πνεῦμα
1409 3928 1680 3999 σωτηρίας
1716 3944 1833 3981 σου.
1877 3945 1897 3979 ι

326 4022 472 4092 Ἔφη
517 4020 577 4075 δέ
616 4037 723 4074 που
771 4021 868 4074 καὶ
921 4021 1082 4075 πάλιν
1139 4020 1286 4083 ἰδίως
1341 4021 1371 4072 6
1425 4020 1587 4083 αὐτὸς
1636 4018 1905 4089 μακάριος

332 4112 598 4175 Ἡσαΐας⁸
636 4129 656 4163 ι
690 4110 992 4181 Ἰσχύσατε,
1019 4112 1201 4181 χεῖρες
1229 4109 1533 4179 άνειμέναι,
1570 4109 1667 4161 καὶ
1703 4107 1905 4175 γόνατα

321 4201 766 4273 παραλελυμένα.
835 4200 1285 4272 Παρακαλέσατε,
1339 4200 1388 4252 οἱ
1457 4197 1774 4268 ὁλιγόψυχοι
1836 4200 1903 4269 τῇ

319 4293 551 4364 διανοίᾳ,
588 4292 880 4363 ἰσχύσατε,
922 4293 996 4364 μὴ
1032 4292 1306 4361 φοϐεῖσθε.
1356 4291 1489 4345 Ἰδοὺ
1521 4291 1549 4343 6
1586 4288 1719 4353 Θεὸς
1748 4289 1906 4360 ήμῶν

270 4416 273 4421 ›
322 4387 507 4457 κρίσιν
549 4384 943 4441 ἀνταποδίδωσι
963 4425 979 4450 ,
1006 4386 1101 4439 καὶ
1144 4380 1536 4440 άνταποδὼσει.
1573 4401 1594 4437 ι
1646 4382 1760 4438 Καὶ
1801 4382 1905 4437 πά-

322 4479 426 4534 λιν⁸
456 4497 479 4532 ο
526 4479 680 4544 Ἰδοὺ,
704 4477 907 4549 Κύριος
934 4477 1074 4549 μετὰ
1106 4476 1289 4548 ἰσχύος
1326 4475 1569 4546 ἔρχεται,
1602 4477 1697 4530 καὶ
1722 4479 1751 4530 6
1781 4475 1907 4546 βρα-

2000 2015 2103 2074 tes,
2134 2016 2196 2064 ut
2226 2009 2392 2065 modo
2422 2008 2557 2064 dixi.
2591 2008 2785 2065 Omnis
2815 2010 2964 2065 enim
2993 2020 3309 2067 sanctorum
3342 2011 3588 2082 prophe-

2000 2107 2182 2154 tarum
2203 2114 2407 2165 sermo,
2426 2113 2655 2155 necnon
2669 2099 2889 2172 Moysis,
2910 2098 3117 2156 Christi
3147 2101 3473 2172 mysterium
3496 2100 3586 2155 in-

1998 2199 2197 2247 nuunt.
2230 2191 2442 2248 Idcirco
2470 2201 2530 2248 et
2568 2192 2789 2264 sapiens
2816 2192 3021 2248 Paulus
3058 2193 3137 2248 ait
3177 2210 3195 2247 :
3222 2211 3241 2245 ι
3276 2193 3429 2248 Finis
3456 2209 3588 2263 pro-

1999 2283 2293 2353 phetarum
2322 2300 2391 2339 ac
2416 2275 2554 2356 legis
2572 2285 2829 2342 Christus
2850 2286 2916 2341 ³⁸.
2948 2306 2969 2339 ι
2995 2284 3268 2341 Caeterum
3288 2285 3590 2341 decortica-

1999 2374 2080 2428 vit
2095 2374 2265 2430 Iacob
2286 2376 2468 2446 virgas
2486 2376 2725 2432 cortices
2745 2376 2920 2442 albas,
2940 2376 3362 2432 circumvellens
3378 2374 3591 2441 viride;

2000 2473 2166 2535 atque
2193 2467 2268 2521 ita
2293 2476 2668 2537 conceperunt
2691 2467 2847 2538 juxta
2873 2467 2997 2523 illas
3019 2482 3152 2523 oves
3180 2467 3490 2538 variegatos
3512 2465 3594 2520 ΐο-

2000 2563 2110 2613 tus.
2141 2556 2341 2613 Avellit
2378 2559 2528 2614 enim
2560 2558 2968 2630 quodammodo
2996 2559 3250 2616 Christus
3288 2560 3426 2629 legis
3466 2573 3590 2612 um-

2002 2650 2182 2715 bram,
2209 2658 2267 2706 et
2290 2651 2741 2721 propheticorum
2766 2651 3099 2722 scriptorum
3121 2653 3291 2706 veluti
3315 2650 3593 2711 velamen,

2002 2753 2167 2814 atque
2200 2744 2276 2798 ita
2305 2744 2492 2799 album
2524 2744 2929 2815 pulchrumque
2962 2751 3186 2812 aspectu
3217 2742 3273 2796 in
3312 2741 3447 2810 ipsis
3471 2756 3593 2794 ser-

2002 2849 2223 2889 monem
2256 2835 2576 2899 ostendens,
2610 2834 2680 2890 ad
2716 2834 3020 2905 spiritalem
3055 2832 3316 2890 transfert
3347 2839 3593 2892 cantum,

2004 2942 2070 2982 ac
2110 2935 2324 2981 tantum
2369 2942 2480 2981 non
2518 2934 2582 2980 ut
2624 2926 2762 2997 picae
2802 2925 2968 2981 modo
3006 2921 3276 2993 variegari
3323 2921 3495 2976 velint
3523 2922 3593 2976 ad

2006 3017 2274 3072 virtutem
2326 3018 2650 3088 persuadet,
2710 3016 2986 3087 duplicem
3036 3016 3187 3071 illam
3238 3024 3590 3079 exercentes,

2006 3125 2196 3180 opere,
2219 3110 2461 3179 inquam,
2477 3119 2534 3164 et
2554 3124 2826 3164 sermone.
2846 3107 3057 3163 idcirco
3076 3116 3133 3161 et
3155 3104 3330 3160 divini
3354 3105 3597 3175 prophe-

2011 3212 2079 3258 ta:
2101 3216 2297 3257 eorum
2329 3200 2423 3271 qui
2448 3201 2506 3256 in
2537 3200 2645 3257 fide
2662 3198 2944 3271 iustificati
2973 3208 3102 3254 sunt
3133 3196 3363 3268 ﬁguram
3389 3212 3501 3267 prie
3533 3210 3603 3253 se

2008 3296 2249 3351 ferentes
2277 3304 2467 3365 aperte
2497 3294 2736 3350 clamant
2764 3310 2778 3348 :
2811 3311 2830 3345 ι
2869 3293 3101 3362 Propter
3130 3291 3384 3345 timorem
3414 3298 3593 3355 tuum,

2008 3375 2259 3451 Domine,
2283 3385 2339 3439 in
2360 3393 2518 3441 utero
2539 3384 2873 3455 accepimus,
2898 3390 2955 3438 et
2980 3382 3393 3453 parturivimus,
3417 3390 3474 3436 et
3495 3396 3593 3451 pc-

2007 3481 2254 3550 perimus
2282 3476 2758 3550 spiritumsalutis
2788 3484 2895 3532 tum
2931 3476 2994 3530 ".
3028 3494 3045 3527 ι
3072 3474 3224 3530 idem
3258 3474 3424 3529 etiam
3461 3473 3593 3527 bea-

2011 3581 2100 3628 tus
2122 3572 2290 3628 Isaias
2321 3570 2525 3627 alicubi
2556 3584 2777 3627 rursum
2816 3567 3039 3640 proprie
3076 3567 3154 3621 ait
3179 3585 3192 3621 :
3221 3585 3242 3618 ι
3276 3565 3596 3622 Confortatc

2008 3679 2203 3719 manus
2248 3663 2540 3728 remissas,
2570 3671 2628 3718 et
2655 3677 2837 3732 genua
2870 3661 3171 3726 dissoluta;
3211 3658 3594 3723 consolamini,

2007 3756 2388 3826 pusillanimes
2418 3764 2602 3810 mente
2637 3771 2651 3808 :
2686 3753 3013 3817 confortate,
3049 3766 3118 3806 ne
3156 3751 3417 3804 timeatis.
3456 3751 3601 3804 Ecte

2008 3848 2163 3902 Deus,
2187 3856 2376 3901 noster
2403 3845 2673 3916 judicium
2699 3843 2980 3906 retribuit,
3007 3850 3064 3895 et
3088 3841 3450 3896 retribuet".
3480 3859 3497 3890 ι
3532 3840 3599 3897 lit

1979 3960 1987 3968 -
2011 3950 2232 3990 rursum
2259 3952 2285 3990 ξ
2304 3953 2322 3985 ι
2350 3933 2491 3991 Ecce
2513 3934 2658 3989 Deus
2676 3945 2802 3985 cum
2824 3928 3024 3981 robore
3042 3925 3214 3987 venit,
3233 3931 3289 3981 et
3305 3923 3598 3981 brachium

2011 4022 2186 4092 ipsius
2216 4037 2342 4076 cum
2364 4017 2760 4078 dominatione,
2783 4021 2846 4069 ut
2879 4019 3066 4081 pastor
3097 4008 3427 4077 gubernabit
3453 3998 3598 4063 ovile

2011 4126 2194 4175 suum,
2236 4118 2294 4165 et
2335 4106 2566 4163 brachio
2597 4120 2699 4161 suo
2726 4104 2785 4160 in
2826 4118 2998 4161 unum
3036 4101 3275 4158 adducet
3319 4114 3506 4170 agnos,
3542 4107 3600 4154 et

2011 4209 2357 4275 praegnantes
2374 4198 2750 4255 consolabitur
2771 4198 2846 4264 ³³;
2878 4216 2897 4250 ι
2924 4196 3031 4252 hoc
3050 4202 3154 4261 est,
3176 4191 3440 4265 spiritalis
3467 4208 3597 4247 con-

2009 4296 2205 4353 solatio
2235 4295 2344 4352 erit
2378 4293 2465 4359 iis,
2504 4292 2600 4364 qui
2634 4294 2747 4364 jam
2778 4292 3027 4348 divinum
3064 4304 3373 4346 sermonem
3404 4296 3595 4358 partu-

2012 4390 2180 4453 riunt,
2215 4394 2406 4457 utpote
2442 4385 2697 4441 fecundis
2739 4383 2962 4450 futuris,
2996 4390 3054 4438 et
3087 4382 3307 4455 jamjam
3334 4379 3597 4451 parituris

2008 4478 2337 4549 evangelicae
2367 4476 2497 4530 vita:
2528 4474 2901 4546 gloriationes.
2941 4473 3043 4529 ilic
3077 4472 3226 4527 enim
3261 4470 3472 4525 fructus
3511 4478 3596 4524 est

322 4571 457 4642 χίων
504 4570 673 4626 αὐτοῦ
721 4571 863 4641 μετὰ
909 4569 1141 4641 κυρίας,
1176 4569 1254 4633 ὡς
1309 4570 1513 4638 ποιμὴν
1542 4571 1800 4640 ποιμανεῖ
1844 4569 1904 4622 τὸ

2012 4578 2212 4626 sancta
2238 4569 2677 4637 incorruptaaque
2708 4564 2923 4624 animae.
2958 4564 3231 4622 Cancrum
3267 4563 3462 4619 iecisse
3505 4577 3594 4617 re-

327 4662 579 4732 ποίμνιον
594 4661 781 4727 αὐτοῦ,
806 4661 901 4715 καὶ
913 4659 992 4732 τῷ
1017 4659 1265 4731 βραχίονι
1281 4657 1451 4715 αὐτοῦ
1471 4660 1689 4727 συνάξει
1714 4661 1905 4730 ἄρνας,

326 4755 421 4808 καὶ
448 4755 548 4817 τὰς
574 4755 633 4809 ὲν
655 4755 852 4825 γαστρὶ
882 4753 1113 4825 ἐχούσας
1158 4751 1558 4823 παρακαλέσει,
1588 4769 1607 4801 ι
1637 4752 1905 4829 τουτέστι,

324 4843 675 4915 παράκλησις
713 4842 869 4896 ἔσται
920 4841 1264 4912 πνευματικὴ
1310 4844 1421 4906 τοῖς
1474 4841 1575 4913 ἤδη
1631 4842 1723 4894 τὸν
1766 4841 1908 4895 θεῖον

325 4937 578 4990 ὠδίνουσι
608 4935 788 5004 λόγον,
834 4935 911 4999 ὡς
953 4937 1253 5005 ὲγκάρποις
1294 4933 1603 5003 ἐσομένοις,
1648 4933 1744 4986 καὶ¹
1785 4933 1908 4986 ὅσον

326 5030 540 5085 οὐδέπω
576 5029 835 5100 μέλλουσι
864 5030 1045 5082 τεκεῖν
1083 5028 1186 5098 τῆς
1225 5025 1589 5095 εὐαγγελικῆς
1631 5024 1909 5088 πολιτείας

327 5123 397 5175 τά
427 5122 748 5193 αὐχήματα.
773 5120 1007 5192 Καρπὸς
1048 5119 1156 5191 γάρ
1198 5111 1352 5183 οὗτος
1389 5121 1541 5182 ὁσίας
1569 5135 1628 5171 τε
1662 5118 1757 5174 καὶ
1787 5118 1912 5171 άκι-

331 5212 527 5284 εδήλου
564 5212 764 5284 ψυχῆς.
810 5211 952 5265 Ἀλλ’
986 5211 1208 5281 ἐποίησε
1229 5249 1244 5272 ,
1275 5210 1450 5279 φησὶ,
1504 5207 1699 5263 Ἰακὼϐ
1734 5206 1912 5278 ἑαυτῷ

332 5305 556 5375 ποίμνια
579 5303 914 5375 καταμόνας,
943 5302 1038 5355 καὶ
1066 5302 1167 5355 οὐκ
1201 5300 1386 5370 ἔμιξεν
1410 5299 1551 5352 αὐτὰ
1578 5301 1658 5363 εἰς
1681 5298 1751 5353 τά
1779 5301 1914 5370 πρό-

326 5398 471 5452 ϐατα
514 5390 747 5453 Λάϐαν.⁸
775 5396 1115 5467 ’Δσύμϐατον
1141 5395 1252 5465 γὰρ
1287 5393 1364 5464 τῷ
1394 5392 1535 5462 ἁγίῳ
1566 5393 1627 5446 τὸ
1661 5393 1906 5466 βέϐηλον·

331 5489 407 5559 τῷ
428 5489 658 5562 καθαρῷ
682 5489 748 5542 τὸ
778 5488 1003 5560 ρυποῦν.
1032 5485 1365 5556 Καταμόνας
1395 5484 1451 5537 δὲ
1477 5486 1526 5537 οἱ
1545 5486 1639 5540 τοῦ
1672 5484 1910 5557 Χριστοῦ

331 5582 390 5633 τὸ
414 5579 890 5653 συναναφύρεσθαι
914 5581 1027 5643 τοῖς
1054 5580 1110 5633 ὲν
1131 5577 1319 5647 κόσμῳ
1342 5578 1787 5648 παραιτούμενοι,
1804 5578 1915 5630 ’καὶ

334 5672 686 5745 φιλοταρκίας
719 5671 941 5742 ἁπάσης
974 5671 1407 5742 ἀπηλλαγμένοι,
1454 5670 1547 5724 καὶ
1575 5671 1674 5723 οὐκ
1708 5671 1916 5741 ἄσημοι

405 5790 452 5821 ’⁷
483 5790 684 5846 Jerem.
725 5808 762 5853 ι,
796 5789 879 5841 Η.
955 5787 999 5821 ⁸⁸
1029 5789 1126 5842 lsa.
1171 5804 1262 5847 xu,
1288 5789 1340 5840 3.
1415 5788 1457 5817 ἐ’
1488 5785 1604 5839 Col.
1643 5803 1678 5847 ι,
1716 5786 1797 5837 18.

335 5875 420 5923 ιιι,
464 5860 543 5915 l0.
620 5862 665 5894 “
697 5860 742 5915 ll
766 5860 891 5915 Cor.
925 5876 994 5924 γι,
1034 5859 1113 5925 li,
1144 5859 1220 5914 iii.
1301 5857 1494 5912 5"5(3cn.
1528 5872 1647 5920 nx,
1680 5856 1762 5908 i2.

2011 4662 2122 4717 fert
2147 4661 2251 4717 sibi
2280 4660 2451 4717 Jacobi
2486 4660 2651 4719 ovilia
2691 4660 2944 4726 seorsim,
2973 4668 3030 4715 et
3064 4676 3177 4714 non
3205 4658 3491 4714 miscuisse
3530 4674 3599 4712 ea

2014 4771 2141 4812 cum
2173 4755 2373 4811 ovibus
2399 4755 2605 4811 Laban.
2638 4754 2799 4814 Nulla
2837 4754 2984 4811 enim
3026 4764 3110 4813 est
3142 4754 3376 4811 societas
3404 4761 3596 4809 sancto

2015 4848 2423 4918 cumprol‘ano,
2466 4862 2607 4919 puro
2643 4862 2771 4903 cum
2813 4848 3038 4907 sordido
3080 4847 3151 4912 “;
3195 4845 3432 4914 separati
3463 4858 3597 4896 vero

2016 4952 2145 4997 sunt
2166 4941 2328 5013 iilqui
2360 4942 2565 4998 Christi
2588 4949 2740 5006 sunt,
2768 4949 3087 4997 recusantes
3124 4937 3345 4991 misceri
3372 4950 3497 4990 cum
3528 4935 3596 4989 iis

2011 5032 2106 5103 qui
2148 5032 2206 5086 in
2246 5033 2453 5088 mundo
2495 5040 2644 5097 sunt,
2687 5042 2852 5102 atque
2895 5032 2963 5085 ab
2996 5027 3255 5083 omnibus
3282 5025 3597 5081 carnalibus

2012 5126 2309 5184 desideriis
2326 5126 2484 5180 liberi
2508 5133 2672 5180 sunt:
2698 5140 2798 5178 nec
2822 5137 2954 5176 vero
2982 5135 3092 5173 non
3113 5119 3310 5189 signati
3340 5119 3461 5172 vitm
3482 5134 3595 5171 suae

2011 5220 2244 5283 ratione,
2270 5226 2325 5271 at
2351 5217 2535 5287 potius
2556 5215 2761 5268 virtute
2787 5221 2916 5267 sunt
2938 5209 3201 5279 insigniti.
3232 5228 3249 5259 ι
3280 5208 3442 5261 Facta
3466 5215 3595 5261 sunt

2011 5311 2182 5374 enim,
2218 5308 2415 5377 inquit,
2448 5321 2514 5361 ea
2543 5319 2663 5372 qum
2692 5303 2903 5371 signata
2933 5313 3040 5351 non
3064 5304 3242 5357 erant,
3272 5295 3488 5359 Laban;
3517 5294 3593 5349 si—

2015 5410 2178 5470 gnata
2206 5414 2337 5453 vero
2370 5394 2557 5452 Jacobi
2583 5394 2648 5444 ³⁵.
2694 5410 2710 5442 ι
2739 5390 2903 5459 Λιιιυί
2933 5402 3043 5440 non
3069 5386 3246 5439 caruit
3273 5385 3475 5438 invidia
3502 5384 3593 5445 Ja-

2018 5493 2154 5554 cob;
2180 5500 2466 5559 postquam
2494 5485 2641 5538 enim
2678 5497 2805 5534 eum
2842 5477 3029 5540 ditari,
3054 5487 3108 5532 et
3132 5477 3408 5546 prosperis
3431 5477 3596 5530 rebus

2022 5581 2101 5637 uti
2126 5581 2405 5641 viderunt,
2430 5573 2747 5628 inviderunt
2770 5572 2821 5626 ei
2854 5571 3209 5626 vehementer
3236 5568 3331 5623 lilii
3362 5568 3546 5622 Laban
3579 5587 3592 5621 :

2023 5681 2359 5742 quapropter
2389 5668 2552 5720 etiam
2579 5660 2859 5717 discedere
2891 5659 3182 5730 cogitabat,
3212 5668 3376 5729 atque
3410 5658 3464 5710 in
3498 5674 3595 5725 pa-

1874 5787 1915 5817 ³ο
1938 5788 2095 5841 Rom.
2145 5803 2194 5844 ν,
2246 5785 2287 5837 τί.
2373 5782 2411 5811 ³³
2454 5776 2842 5838 183.XX\'1,18.
2888 5774 3034 5829 3’lsa
3102 5791 3257 5841 xxxv,
3287 5774 3344 5827 '5.
3416 5771 3458 5801 ³³
3493 5770 3595 5824 lsa.
