4074 6260
475 389 584 445 243

1464 383 1520 440 S.
1559 384 1835 442 CYBILLI
1873 388 2346 446 ALEXANDRINI
2381 392 2701 450 ARCHIEP.

3633 397 3739 456 2H

476 513 690 560 ternam
720 500 918 557 reverti
950 499 1196 555 domum.
1233 497 1388 569 151
1421 495 1701 568 Scriptum
1740 508 1826 554 est
1861 500 2008 554 enim
2037 518 2048 554 :

2158 502 2303 556 κατά
2344 503 2436 557 τὸν
2467 504 2603 574 βίον,
2643 503 3062 576 γνωριμώτατοι
3100 505 3156 559 δὲ
3198 503 3400 576 μᾶλλον
3435 505 3495 571 ἐξ
3527 507 3748 579 ἀρετῆς·
3828 531 3836 537 ·

483 613 501 646 ι
531 593 599 649 Et
637 591 844 647 ditatus
868 598 954 647 est
989 589 1154 646 homo
1185 590 1366 655 valde,
1391 588 1726 660 fueruntque
1763 591 1813 645 ei
1855 607 2056 662 pecora

473 685 666 749 multa,
698 691 755 739 et
785 682 973 746 boves,
1008 689 1064 736 et
1091 681 1256 746 servi,
1297 689 1354 736 et
1394 681 1626 746 ancillae,
1668 688 1725 735 et
1759 681 1975 747 cameli,
2001 692 2055 740 et

471 777 634 841 asini,
659 785 716 832 et
753 775 910 830 muli.
952 773 1178 833 Audivit
1212 774 1378 828 etiam
1418 772 1586 828 Jacob
1611 771 1781 827 verba
1815 771 2054 827 filiorum

470 868 677 934 Laban,
703 867 1005 922 dicentium
1051 884 1063 919 :
1105 866 1254 920 Tulit
1290 866 1458 921 Jacob
1500 866 1682 920 omnia
1720 881 1842 936 quae
1883 867 2057 936 patris

467 960 664 1026 nostri,
688 967 746 1015 et
764 958 831 1013 de
853 959 918 1014 iis
937 973 1059 1028 quae
1081 959 1253 1028 patris
1278 956 1633 1022 nostri,vfecit
1658 972 1876 1013 omnem
1912 959 2055 1014 hanc
2083 1028 2092 1033 ἡ

467 1052 718 1123 gloriam.
750 1051 819 1106 Et
853 1050 990 1105 vidit
1032 1049 1200 1105 Jacob
1235 1049 1428 1104 faciem
1459 1049 1664 1115 Laban,
1694 1059 1752 1104 et
1785 1065 1914 1106 ecce
1941 1065 2054 1105 non

466 1152 589 1200 erat
619 1159 746 1215 erga
768 1159 895 1198 eum
923 1144 1067 1198 sicut
1092 1142 1212 1197 heri
1237 1149 1294 1197 et
1325 1143 1527 1198 nudius
1552 1143 1765 1198 tertius.
1793 1143 1939 1197 Dixit
1958 1159 2056 1198 au-

467 1246 579 1292 tem
609 1237 876 1292 Dominus
907 1236 973 1291 ad
997 1236 1164 1292 Jacob
1186 1253 1198 1289 :
1224 1236 1520 1291 Revertere
1550 1235 1608 1291 in
1645 1243 1846 1290 terram
1882 1235 2054 1305 patris

468 1331 570 1399 tui,
585 1329 716 1386 etad
730 1328 1133 1401 generationem
1148 1337 1318 1394 tuam,
1333 1337 1388 1383 et
1399 1344 1494 1384 ero
1509 1336 1710 1384 tecum.
1725 1328 1945 1384 Mittens
1956 1344 2056 1382 au-

466 1432 576 1480 tem
593 1422 760 1478 Iacob
776 1421 1155 1477 vocavitLiam
1171 1421 1440 1476 etBachel
1473 1421 1527 1475 in
1559 1436 1754 1492 agrum
1779 1421 1874 1475 ubi
1893 1430 2053 1478 erant

464 1529 684 1586 greges,
707 1521 766 1568 et
799 1513 876 1568 ait
905 1513 1052 1567 illis:
1078 1513 1253 1568 Video
1289 1527 1391 1583 ego
1416 1511 1610 1566 faciem
1641 1511 1816 1582 patris
1852 1511 2048 1577 vestri,

463 1607 612 1678 quod
645 1623 756 1661 non
781 1615 866 1662 est
889 1621 1020 1676 erga
1043 1621 1153 1670 me,
1183 1605 1329 1659 sicut
1355 1604 1477 1658 heri
1499 1613 1556 1659 et
1577 1605 1782 1660 nudius
1811 1605 2008 1660 tertius
2034 1622 2048 1658 :

461 1701 610 1758 Deus
633 1708 818 1755 autem
846 1699 1021 1769 patris
1050 1697 1160 1753 mei
1185 1697 1290 1752 fuit
1312 1711 1550 1752 mecum.
1577 1697 1688 1752 Vos
1709 1705 1894 1752 autem
1920 1697 2053 1767 ipsae

461 1793 640 1858 scitis,
665 1792 814 1862 quod
854 1792 912 1846 in
951 1789 1212 1846 omnibus
1232 1789 1448 1845 viribus
1484 1789 1624 1844 meis
1663 1789 1865 1845 servivi
1905 1791 2049 1860 patri

463 1895 670 1950 vestro,
693 1894 749 1940 at
784 1894 941 1954 pater
978 1891 1163 1939 vester
1183 1882 1402 1952 decepit
1432 1897 1541 1948 me,
1566 1890 1623 1937 et
1648 1882 1880 1936 mutavit
1902 1899 2050 1937 mer-

463 1977 656 2034 cedem
684 1977 876 2032 decem
913 1990 1198 2046 agnorum.
1251 1993 1270 2026 ι
1313 1973 1522 2030 Deinde
1555 1974 1634 2029 ait
1678 1993 1692 2029 :
1744 1993 1763 2026 ι
1808 1974 2052 2031 Abstulit

462 2071 611 2126 Deus
625 2070 808 2125 omnia
823 2085 1023 2140 pecora
1044 2068 1217 2138 patris
1235 2067 1428 2132 vestri,
1445 2076 1502 2122 et
1517 2065 1671 2122 dedit
1685 2067 1818 2122 mihi
1838 2069 1929 2122 illa
1945 2068 2010 2122 ".
2023 2086 2043 2119 ›

462 2163 675 2218 Revera
716 2160 863 2216 enim
905 2159 1102 2215 ditavit
1140 2175 1242 2215 nos
1278 2160 1545 2214 Dominus
1576 2167 1766 2215 noster
1796 2159 2050 2216 Christus

458 2258 638 2321 Jesus,
683 2255 740 2310 in
781 2255 1106 2310 immensam
1145 2253 1582 2318 multitudinem,
1623 2267 1960 2322 congregans
1993 2252 2048 2307 in

458 2348 667 2404 mundo
690 2360 823 2402 suos
847 2346 1088 2401 cultores
1113 2363 1128 2398 :
1153 2344 1247 2414 qui
1271 2344 1436 2398 etiam
1464 2342 1814 2414 splendidum
1849 2343 2050 2399 mentis

457 2441 618 2496 home
633 2436 922 2492 donarium
946 2435 1230 2491 servitutis
1251 2451 1363 2490 suae
1383 2435 1486 2490 sub
1510 2435 1630 2504 ipso
1647 2433 2049 2490 confessionem

456 2531 688 2596 faciunt,
702 2530 948 2585 dicentes
964 2548 976 2583 :
991 2547 1009 2580 ‹
1029 2528 1141 2583 Nos
1157 2534 1338 2582 autem
1356 2527 1592 2598 populus
1607 2541 1824 2598 pascuae
1838 2528 1978 2598 ejus,
1993 2535 2050 2582 et

358 2685 368 2694 _
455 2639 590 2680 oves
615 2639 810 2678 manus
826 2623 946 2694 ejus
961 2621 1026 2676 ³⁷.
1053 2641 1071 2673 ι
1100 2620 1374 2676 Caeterum
1398 2619 1496 2674 filii
1517 2619 1707 2674 mundi
1739 2620 1846 2676 hoc
1865 2619 2049 2675 animo

455 2716 645 2784 quieto
679 2729 790 2769 non
814 2713 1109 2769 sustinent.
1146 2709 1451 2780 Spoliatum
1482 2725 1617 2765 vero
1642 2710 2048 2780 quodammodo

451 2808 707 2864 videntes
722 2823 882 2862 suum
903 2813 1138 2876 patrem,
1152 2813 1208 2860 et
1224 2803 1353 2859 boni
1370 2804 1606 2874 pastoris
1620 2819 1844 2858 manum
1857 2803 2048 2859 subire

454 2901 700 2973 insignes
713 2900 990 2971 praecipue
1006 2913 1157 2962 oves,
1189 2897 1603 2967 variegatosque
1625 2896 1917 2966 multiplici
1937 2897 2049 2950 vir-

454 3001 635 3049 tutum
657 3008 857 3064 genere
871 3007 968 3047 eos
985 2989 1079 3061 qui
1098 3007 1128 3045 a
1146 2989 1365 3046 Christo
1383 2989 1551 3060 geniti
1571 2989 2048 3054 sunt,obmurmu-

454 3093 581 3140 rant
605 3086 851 3141 dicentes
879 3102 891 3138 :
925 3103 944 3135 ι
972 3083 1197 3153 Accepit
1215 3081 1382 3138 Jacob
1399 3082 1582 3136 omnia
1611 3098 1731 3151 quae
1753 3083 1926 3152 patris
1948 3097 2047 3137 no-

2165 613 2183 645 ι
2233 595 2479 664 Ἐγένετο
2517 597 2656 668 γὰρ,
2688 597 2856 666 φησι,
2884 596 2955 650 τὰ
2987 597 3178 669 ἄσημα
3218 597 3312 651 τοῦ
3340 597 3549 658 Λάϐαν·
3581 598 3650 652 τά
3693 599 3748 652 δὲ

2157 687 2402 759 ἐπίσημα
2427 689 2523 743 τοῦ
2571 688 2784 746 Ἰακώϐ.
2826 710 2845 741 ι
2890 689 3035 761 Πλὴν
3069 689 3169 744 οὐκ
3203 689 3506 760 ἀφθόνητος
3533 684 3602 761 ἦν
3629 677 3747 743 ’Ἰα-

2157 779 2294 836 κώὸ.
2355 781 2574 853 Ἐπειδὴ
2620 781 2677 834 δὲ
2725 781 3064 838 πλουτοῦντά
3109 799 3169 835 τε
3215 781 3314 836 καὶ
3369 781 3749 854 εὐημεροῦντα

2155 870 2456 936 τεθέανται,
2482 873 2874 928 κατεδάκνοντο
2894 874 3014 927 λίαν
3030 875 3081 927 ot
3102 873 3294 927 τούτου
3313 873 3437 928 υίοί.
3457 874 3748 945 Τοιγάρτοι.

2155 963 2249 1016 καὶ
2277 964 2576 1036 ἀποδημεῖν
2599 965 2916 1031 ἐσκέπτετο,
2933 965 3030 1019 καὶ
3055 966 3136 1029 είς
3159 964 3257 1036 τὴν
3279 965 3539 1036 πατρῴαν
3562 965 3748 1019 ἑστίαν

2156 1051 2312 1120 αὖθις
2351 1057 2676 1129 άποφοιτᾷν.
2708 1057 3027 1128 Γέγραπται
3064 1056 3197 1128 γάρ,
3227 1057 3309 1110 ὅτι
3346 1074 3365 1108 ι
3406 1057 3518 1110 Καὶ
3544 1055 3744 1108 ἐπλού-

2153 1165 2320 1219 τησεν
2349 1150 2377 1202 ὁ
2409 1149 2504 1202 ἄνθ
2515 1165 2697 1219 ρωπος
2719 1149 2946 1220 σφόδρα.
2971 1149 3083 1202 Ka‘t
3115 1147 3366 1218 ἐγένοντο
3393 1147 3543 1219 αὐτῷ
3575 1150 3745 1220 κτήνη

2155 1239 2346 1307 πολλὰ,
2380 1239 2474 1294 καὶ
2505 1239 2648 1310 βόες,
2681 1241 2776 1294 καὶ
2815 1241 3032 1308 παῖδες,
3066 1241 3162 1295 καὶ
3190 1241 3499 1306 παιδίσκαι,
3527 1243 3622 1295 καὶ
3647 1243 3746 1296 κά-

2157 1332 2338 1406 μηλοι,
2369 1335 2464 1388 καὶ
2503 1333 2635 1399 δνοι,
2677 1334 2772 1387 καὶ
2811 1333 3044 1404 ἡμίονοι.
3081 1334 3322 1388 Ἤκουσε
3346 1334 3404 1388 δὲ
3448 1334 3643 1388 Ἰακὼὸ
3679 1335 3745 1389 τὰ

2155 1429 2378 1500 ῥήματα
2407 1425 2518 1480 τῶν
2551 1425 2686 1480 υίῶν
2705 1426 2891 1482 Λάϐαν
2925 1426 3197 1496 λεγόντων
3220 1443 3236 1458 ο
3261 1426 3501 1498 Είληφεν
3549 1426 3744 1480 Ἰακὼϐ

2153 1520 2332 1574 πάντα
2363 1517 2434 1572 τὰ
2455 1518 2550 1571 τοῦ
2580 1518 2788 1589 πατρὸς
2826 1517 3006 1589 ἡμῶν,
3037 1517 3133 1573 καὶ
3159 1518 3224 1571 ὲκ
3261 1517 3370 1572 τῶν
3407 1517 3500 1572 τοῦ
3538 1517 3743 1588 πατρὸς

2153 1612 2311 1683 ἡμῶν
2339 1611 2610 1681 πεποίηκε
2651 1612 2832 1664 πᾶσαν
2862 1609 2962 1681 τὴν
2989 1609 3148 1674 δόξαν
3187 1609 3413 1680 ταύτην.
3450 1609 3562 1662 Καὶ
3604 1604 3742 1662 εἶδεν

2164 1701 2359 1756 Ἰακὼϐ
2385 1702 2446 1758 τὸ
2473 1702 2766 1774 πρόσωπον
2797 1701 2985 1756 Λάὸαν
3011 1741 3028 1767 ,
3074 1703 3170 1756 καὶ
3202 1702 3312 1756 EGO-‘4
3343 1702 3445 1754 οὐκ
3489 1695 3557 1772 ἦν
3607 1701 3744 1771 πρὸς

2152 1793 2314 1848 αὐτὸν
2341 1793 2418 1858 ὼς
2455 1793 2584 1864 χθὲς
2625 1793 2718 1848 καὶ
2750 1792 2940 1865 τρίτην
2973 1793 3210 1864 ἡμέραν.
3259 1788 3397 1846 Eine
3437 1792 3494 1846 δὲ
3538 1793 3744 1863 Κύριος

2153 1886 2294 1958 πρὸς
2337 1886 2534 1941 Ἰακώϐ
2559 1904 2572 1918 ο
2621 1886 2995 1958 Ἀποστρέφου
3027 1888 3107 1950 εἰς
3136 1886 3236 1957 τὴν
3265 1887 3371 1956 γῆν
3399 1885 3493 1939 τοῦ
3535 1886 3745 1957 πατρός

2155 1997 2270 2044 σου,
2319 1979 2414 2034 καὶ
2453 1981 2532 2046 είς
2563 1978 2661 2052 τὴν
2700 1980 2896 2048 γενεάν
2930 1995 3047 2043 σου,
3079 1979 3175 2032 καὶ
3205 1977 3403 2048 ἔσομαι
3443 1979 3586 2049 μετὰ
3621 1977 3742 2034 σοῦ.

2165 2071 2513 2136 Ἀποστείλας
2535 2072 2594 2126 δὲ
2636 2069 2831 2125 Ἰακὼὸ
2859 2070 3084 2125 ἐκάλεσε
3126 2069 3326 2141 Ῥαχὴλ
3347 2070 3443 2124 καὶ
3471 2069 3640 2124 Λείαν
3661 2070 3744 2133 είς

2148 2166 2209 2220 τὸ
2239 2164 2444 2228 πεδίον,
2485 2157 2546 2218 οὗ
2566 2159 2636 2236 ἦν
2648 2165 2714 2219 τὰ
2726 2163 2974 2234 ποίμνια.
2999 2164 3111 2217 Kal.
3138 2158 3292 2216 εἷπεν
3327 2162 3523 2226 αὐταῖς
3543 2179 3558 2192 ·
3593 2160 3743 2233 Ὀρῶ

2150 2257 2258 2327 ἐγὼ
2275 2257 2337 2311 τὸ
2353 2257 2646 2330 πρόσωπον
2670 2257 2765 2311 τοῦ
2786 2256 2993 2328 πατρὸς
3014 2254 3190 2326 ὑμῶν,
3213 2255 3297 2309 ὅτι
3331 2256 3432 2308 οὐκ
3465 2254 3582 2308 ἔστι
3605 2253 3742 2326 πρὸς

2149 2351 2249 2422 ἐμὲ
2286 2349 2362 2414 ὼς
2386 2349 2514 2421 χθὲς
2541 2349 2638 2404 καὶ
2669 2347 2862 2421 τρίτην
2897 2348 3134 2419 ἡμέραν.
3176 2347 3235 2400 '0
3262 2346 3319 2400 δὲ
3348 2346 3480 2409 Θεὸς
3509 2345 3605 2399 τοῦ
3630 2362 3739 2400 πα-

2147 2442 2276 2514 τρός
2309 2459 2411 2513 μου
2438 2437 2507 2514 ἦν
2546 2442 2663 2514 μετ’
2698 2440 2857 2513 ἐμοῦ.
2905 2441 3016 2495 Kal.
3050 2438 3216 2493 αὐταὶ
3244 2439 3301 2493 δὲ
3346 2437 3527 2492 οῖδατε
3568 2439 3652 2492 ὃτι
3679 2438 3740 2491 ἐν

2149 2537 2299 2608 πάσῃ
2338 2539 2406 2609 τῇ
2441 2535 2586 2607 ίσχύῖ
2623 2553 2727 2607 μου
2767 2533 3094 2588 δεδούλευκα
3123 2532 3204 2604 τῷ
3242 2532 3415 2605 πατρὶ
3449 2532 3628 2603 ὑμῶν.
3678 2531 3740 2586 '0

2147 2633 2204 2686 δὲ
2254 2631 2434 2704 πατὴρ
2469 2629 2624 2700 ὐμῶν
2667 2625 3087 2700 παρεκρούσατό
3131 2642 3221 2695 με,
3271 2625 3367 2678 καὶ
3399 2623 3599 2695 ἢλλαξε
3645 2621 3739 2678 τὸν

2151 2725 2340 2796 μισθόν
2375 2740 2477 2794 μου
2495 2723 2607 2776 τῶν
2627 2721 2760 2774 δέκα
2775 2719 3049 2790 ἀμνάδων.
3083 2737 3101 2769 ι
3131 2713 3266 2771 Εἷτὰ
3290 2733 3446 2786 φησι,
3473 2717 3557 2770 ὃτι
3588 2734 3607 2767 ι
3627 2712 3744 2768 Καὶ

2146 2819 2400 2888 ἀφείλετο
2429 2819 2458 2870 ό
2491 2815 2627 2879 Θεὸς
2666 2814 2844 2868 πάντα
2869 2814 2939 2868 τὰ
2974 2813 3148 2884 κτήνη
3185 2810 3280 2865 τοῦ
3321 2809 3528 2880 πατρὸς
3556 2808 3738 2878 ὑμῶν,

2146 2915 2240 2966 καὶ
2271 2910 2438 2965 ἔδωκέ
2471 2927 2561 2981 μοι
2597 2907 2757 2962 αὐτά.
2795 2927 2814 2959 ι
2861 2905 3214 2974 Πεπλούτηκε
3257 2902 3357 2974 μὲν
3382 2902 3492 2972 γὰρ
3518 2900 3742 2972 ἀληθῶς

2145 3001 2174 3053 ό
2202 3000 2406 3070 Κύριος
2435 2997 2592 3068 ἡμῶν
2634 2994 2845 3066 Ἰησοῦς
2872 2994 3132 3065 Χριστὸς,
3152 2995 3230 3058 είς
3260 2991 3474 3063 πληθὺν
3493 2991 3742 3061 ἀμέτρη-

2144 3108 2258 3154 τον,
2295 3090 2633 3160 συναγείρων
2660 3089 2718 3141 tv
2744 3087 2936 3158 κόσμῳ
2956 3086 3083 3149 τοὺς
3111 3085 3272 3149 ίδίους
3307 3082 3692 3155 προσκυνητάς
3720 3098 3736 3112 ·

456 3177 578 3242 stri,
599 3185 763 3246 atque
791 3192 859 3230 ex
888 3175 1063 3245 patris
1084 3175 1260 3229 nostri
1294 3173 1644 3229 facultatibus
1673 3174 1803 3228 fecit
1825 3189 2042 3229 omnem

2149 3183 2197 3236 οἳ
2232 3181 2327 3235 καὶ
2363 3181 2602 3244 διανοίας
2641 3178 2853 3250 ἀγαθῆς
2895 3177 3156 3249 ἀνάθημα
3195 3175 3450 3247 λαμπρὸν
3496 3175 3599 3244 τῆς
3643 3173 3738 3226 ὐπ’

455 3272 600 3326 hanc
641 3269 870 3340 gloriam
915 3269 980 3322 ³⁸.
1027 3287 1045 3320 ι
1083 3268 1271 3337 Neque
1309 3282 1441 3322 vero
1478 3267 1840 3321 mentiuntur.
1867 3267 2044 3321 Verus

454 3359 603 3416 enim
637 3369 723 3416 est
748 3375 948 3416 sermo.
978 3359 1220 3414 Adduxit
1255 3357 1403 3413 enim
1435 3357 1692 3412 Christus
1727 3372 1918 3410 omnes
1949 3357 2044 3425 qui

456 3452 514 3506 in
545 3452 752 3506 mundo
795 3460 922 3506 sunt
951 3451 1020 3505 ad
1047 3467 1126 3514 se,
1154 3449 1506 3520 propriisque
1533 3448 1649 3504 suis
1681 3447 1922 3502 ovilibus
1959 3448 2044 3501 in-

455 3545 686 3601 cludens
719 3544 1063 3599 credentium
1092 3558 1302 3613 greges,
1327 3541 1548 3596 divitias
1585 3540 1752 3594 habet
1776 3541 1888 3594 Deo
1911 3555 2044 3594 con-

453 3639 762 3704 venientes,
787 3645 844 3692 et
882 3635 1111 3708 gloriam
1136 3633 1584 3705 praaeminentem
1606 3648 1621 3698 ;
1647 3631 1723 3686 ait
1758 3631 1906 3686 enim
1943 3629 2046 3683 ali-

453 3733 583 3790 cubi
607 3741 661 3789 et
685 3733 801 3804 ipse
827 3731 894 3787 ad
921 3731 1140 3786 Patrem
1164 3737 1220 3784 et
1243 3727 1415 3782 Deum
1443 3727 1722 3781 caelestem
1750 3743 1763 3779 :
1801 3744 1819 3776 ι
1851 3724 2045 3780 Omnia

451 3842 575 3882 mea
592 3835 682 3882 tua
700 3831 848 3889 sunt,
863 3831 920 3879 et
937 3831 1029 3877 tua
1045 3835 1186 3886 mea,
1205 3825 1260 3875 et
1275 3815 1611 3889 glorificatus
1627 3830 1749 3870 sum
1768 3815 1823 3869 in
1838 3813 1918 3869 eis
1933 3814 1996 3866 ³³.
2019 3831 2037 3864 ι

450 3918 750 3975 Videamus
769 3926 954 3972 autem
973 3921 1030 3970 et
1054 3911 1367 3970 mercedem
1380 3905 1586 3966 Jacobo
1607 3907 1790 3962 datam
1813 3924 1825 3959 :
1860 3925 1878 3957 ε
1907 3906 2047 3961 Fue-

451 4019 583 4068 runt
605 4011 678 4076 ei,
697 4011 794 4076 ait,
813 4023 1012 4080 pecora
1035 4007 1229 4070 multa,
1253 4011 1310 4059 et
1332 4002 1531 4068 boves;
1560 4000 1706 4056 servi
1735 4007 1790 4055 et
1809 3999 2040 4064 ancillae,

451 4102 646 4158 cameli
685 4108 742 4155 et
782 4101 922 4155 asini
966 4098 1034 4152 “.
1084 4117 1103 4148 ι
1138 4097 1436 4152 Videamus
1478 4093 1829 4164 colligentem
1873 4093 2042 4147 etiam

450 4193 736 4250 Christum
759 4206 828 4245 ex
848 4189 998 4245 omni
1024 4202 1250 4258 genere,
1273 4193 1336 4239 ut
1356 4185 1624 4254 scriptum
1644 4192 1730 4239 est
1755 4201 1768 4238 :
1806 4203 1824 4236 ‹
1853 4185 2044 4240 Simile

451 4293 537 4358 est
559 4297 792 4354 regnum
829 4281 1097 4337 caelorum
1134 4278 1292 4349 152
1333 4293 1546 4348 sagente
1583 4276 1765 4331 missae
1787 4277 1843 4330 in
1869 4292 2040 4339 mare,

450 4361 595 4436 et‘ex
621 4376 769 4432 omni
805 4389 1005 4446 genere
1033 4372 1270 4444 piscium
1295 4369 1644 4442 congreganti
1675 4369 1743 4424 ⁸⁸.
1779 4388 1797 4420 ι
1827 4368 2042 4424 Admit-

449 4473 519 4528 tit
555 4469 704 4528 enim
745 4481 988 4532 servum,
1027 4474 1088 4520 ut
1113 4479 1240 4519 eum
1268 4462 1542 4520 libertatis
1571 4463 1742 4534 gloria
1770 4463 2040 4518 illustrem

450 4564 665 4620 reddat.
707 4559 963 4616 Admittit
988 4572 1085 4614 eos
1109 4557 1204 4628 qui
1243 4557 1346 4612 sub
1383 4557 1503 4628 lege
1536 4565 1687 4620 sunt,
1713 4555 1884 4610 veluti
1911 4570 2040 4610 san-
2074 4540 2118 4597 D

451 4666 572 4713 ctos
596 4656 707 4726 jam
743 4662 798 4708 et
833 4651 901 4708 ad
925 4650 1170 4722 spiritale
1197 4659 1354 4720 aptos
1388 4648 1744 4712 sacrificium,
1770 4647 1918 4718 quod
1945 4663 2044 4717 per

452 4766 596 4806 ovem
637 4756 686 4802 ct
721 4746 898 4801 bovem
931 4740 1290 4814 significatur,
1339 4747 1400 4794 ut
1446 4739 1513 4794 ad
1550 4740 1879 4811 evangelica:
1915 4739 2043 4794 vitae

453 4841 794 4899 transferens
817 4835 1186 4909 splendorem,
1210 4831 1406 4888 reddat
1437 4832 1758 4888 sanctiores.
1785 4831 2043 4888 Admittit

450 4943 715 5006 prattcrea
739 4929 1028 5003 profanum
1054 4933 1220 4997 atque
1244 4925 1523 4994 impurum
1551 4938 1744 4994 genus,
1771 4923 1918 4995 quod
1941 4939 2041 4994 per

451 5026 722 5091 camelum
745 5032 802 5078 et
827 5022 1043 5078 asinum
1068 5016 1430 5090 signiﬁcatur,
1451 5023 1514 5071 ut
1532 5015 1790 5071 sordibus
1813 5016 2038 5070 absum-

450 5118 559 5190 ptis
587 5116 792 5174 erroris
817 5114 884 5168 de
908 5111 1220 5184 pluralitate
1243 5107 1475 5163 deorum
1501 5122 1674 5178 puros
1695 5107 2039 5177 mundosque

451 5219 766 5282 sanctorum
793 5205 960 5262 coetui
1003 5203 1317 5274 coniungat.
1357 5199 1518 5256 Motis
1560 5200 1744 5271 itaque
1782 5200 1850 5254 ad
1896 5201 2038 5255 invi-

452 5302 598 5360 diam
637 5301 764 5357 liliis
794 5298 1003 5362 Laban,
1042 5304 1207 5367 atque
1237 5294 1377 5367 adep
1409 5293 1529 5364 ipso
1552 5292 1762 5358 Laban,
1794 5302 2038 5347 torvum-

453 5405 558 5461 que
578 5405 681 5445 nec
703 5387 910 5443 invidia
929 5385 1168 5441 liberum
1181 5381 1392 5439 vultum
1411 5399 1524 5453 pra:
1544 5397 1602 5438 se
1619 5381 1830 5438 ferente
1851 5400 1896 5437 ε(
1918 5384 2039 5438 Νοη

452 5483 597 5537 enim
622 5489 759 5546 erat,
784 5480 982 5550 inquit,
1005 5478 1172 5534 facies
1189 5467 1474 5550 ejus'sicut
1495 5475 1616 5531 heri
1633 5482 1690 5531 et
1711 5476 1915 5532 nudius
1934 5484 2042 5532 ter-

455 5574 564 5628 tius
585 5575 630 5606 "
656 5592 668 5627 :
702 5591 720 5624 ι
747 5573 894 5628 Deus
917 5569 1105 5635 Jacob,
1130 5576 1196 5625 ut
1233 5569 1290 5624 in
1310 5577 1515 5627 terram
1537 5584 1690 5624 suam
1729 5577 2038 5625 revertere-

2147 3274 2311 3327 αὐτὸν
2348 3273 2594 3336 δουλείας
2627 3268 2909 3325 ποιοῦνται
2948 3269 3048 3340 τὴν
3091 3268 3402 3341 ὁμολογίαν,
3442 3267 3693 3335 λέγοντες
3719 3281 3736 3296 ’

2153 3383 2172 3416 ι
2215 3365 2408 3436 Ἡμεῖς
2433 3365 2488 3418 δὲ
2521 3365 2648 3428 λαὸς
2682 3364 2852 3434 νομῆς
2890 3361 3083 3426 αὐτοῦ,
3119 3360 3215 3415 καὶ
3259 3360 3510 3432 πρόϐατα
3554 3357 3742 3431 χειρὸς

2147 3456 2334 3512 αὐτοῦ.
2374 3476 2392 3509 ι
2443 3456 2583 3509 Ἀλλ’
2611 3458 2843 3528 ἠρεμεῖν
2877 3454 2972 3508 ἐπὶ
2998 3453 3210 3517 τούτοις
3231 3454 3333 3507 οὐκ
3356 3453 3645 3524 ἀνέχονται
3667 3450 3743 3506 τὰ

2145 3548 2240 3602 τοῦ
2272 3547 2478 3618 κόσμου
2511 3547 2700 3602 τέκνα.
2728 3543 3047 3616 Συλώμενον
3076 3545 3133 3598 δὲ
3159 3543 3350 3616 ὥσπερ
3379 3544 3618 3616 ὁρῶντες
3643 3543 3743 3599 τὸν

2149 3638 2360 3693 ἑαυτῶν
2391 3638 2626 3710 πατέρα,
2662 3637 2756 3690 καὶ
2780 3636 2882 3707 τὴν
2914 3635 3008 3690 τοῦ
3049 3634 3260 3705 ἀγαθοῦ
3301 3637 3562 3704 ποιμένος
3603 3635 3744 3689 ὐπο-

2145 3732 2408 3804 τρέχοντα
2439 3733 2602 3801 χεῖρα
2636 3728 2706 3783 τὰ
2729 3727 2838 3782 τῶν
2875 3728 3170 3799 προϐάτων
3202 3728 3613 3799 ἐπισημότατα-
3641 3725 3745 3780 καὶ

2147 3821 2594 3893 ποικιλλομένους
2634 3823 2758 3884 ταῖς
2805 3820 3150 3874 πολυειδέσιν
3185 3821 3411 3891 ἀρεταῖς
3455 3820 3583 3883 τοὺς
3627 3819 3748 3873 ὑπὸ

2146 3913 2368 3987 Χριστῷ
2407 3911 2806 3982 γεννωμένους,
2837 3909 3223 3982 τονθορύζουσι
3262 3910 3544 3979 λέγοντες·
3587 3929 3606 3962 ‹
3643 3910 3750 3964 ετ..

2145 4006 2317 4078 ληφεν
2359 4002 2552 4058 Ἰακὼϐ
2587 4003 2768 4057 πάντα
2807 4001 2877 4055 τὰ
2924 4000 3019 4054 τοῦ
3067 4001 3274 4072 πατρὸς
3307 4001 3486 4071 ἡμῶν,
3529 4003 3622 4056 καὶ
3670 4005 3749 4058 ὲκ

2143 4099 2254 4153 τῶν
2306 4096 2403 4152 τοῦ
2447 4096 2656 4166 πατρὸς
2697 4093 2858 4165 ἡμῶν
2889 4094 3160 4164 πεποίηκε
3204 4095 3385 4148 πᾶσαν
3431 4095 3534 4166 τὴν
3578 4095 3748 4162 δόξαν

2144 4193 2371 4266 ταύτην.
2414 4210 2434 4244 ι
2479 4190 2588 4245 Kal
2626 4187 3016 4261 ψευδοεποῦσιν
3045 4186 3320 4258 οὐδαμῶς.
3357 4187 3597 4258 νἈληθὴς
3623 4188 3746 4261 γάρ

2146 4289 2174 4340 ὁ
2202 4287 2380 4354 λόγος.
2408 4283 2741 4354 Συνεκόμισε
2767 4281 2879 4356 γὰρ
2913 4281 3162 4344 ἅπαντας
3193 4282 3275 4344 είς
3307 4281 3495 4336 ἑαυτὸν
3525 4282 3654 4346 τοὺς
3675 4284 3746 4337 tv

2147 4379 2338 4448 κόσμῳ
2363 4376 2618 4448 Χριστὸς,
2649 4373 3098 4445 ὲνσηκασάμενός
3116 4391 3174 4426 τε
3205 4376 3323 4436 ταῖς
3353 4373 3513 4436 ίδίαις
3541 4373 3745 4439 αὐλαῖς

2146 4467 2245 4531 τὰς
2279 4466 2387 4520 τῶν
2418 4465 2828 4519 πιστευσάντων
2850 4464 3072 4533 ἀγέλας,
3093 4463 3324 4518 πλοῦτον
3354 4463 3467 4534 ἔχει
3489 4464 3583 4518 τὸν
3617 4463 3746 4517 θεο-

2147 4560 2332 4630 πρεπῆ
2358 4559 2451 4613 καὶ
2481 4557 2641 4622 δόξαν
2667 4555 2836 4628 ὲξῃρη
2847 4555 3034 4626 μένην.
3075 4557 3220 4626 Ἔφη
3251 4557 3358 4628 γάρ
3386 4573 3489 4610 που
3524 4556 3618 4610 καὶ
3636 4555 3748 4609 αὐ-

2146 4653 2236 4717 τὸς
2268 4651 2406 4724 πρὸς
2429 4650 2520 4705 τὸν
2545 4652 2603 4703 tv
2631 4651 2744 4712 τοῖς
2780 4649 3034 4720 οὐρανοῖς
3071 4648 3289 4718 Πατέρα
3311 4634 3412 4701 ’καὶ
3443 4647 3576 4701 Θεὸν
3594 4687 3610 4712 ,
3651 4647 3744 4702 ὅτι

2153 4763 2172 4795 ι
2210 4742 2395 4796 Πάντα
2441 4739 2512 4793 τὰ
2547 4738 2656 4810 ἐμὰ
2700 4737 2771 4789 σά
2797 4739 2936 4802 ἐστι,
2979 4737 3077 4791 καὶ
3109 4738 3178 4792 τὰ
3203 4737 3272 4790 σά
3298 4737 3431 4805 ὲμά,
3468 4737 3561 4790 καὶ
3590 4736 3745 4788 δεδό-

2147 4833 2350 4902 ξασμαι
2381 4831 2439 4883 έν
2467 4829 2670 4891 αὐτοῖς.
2703 4845 2724 4878 ι
2753 4826 2982 4896 Ἰδωμεν
3013 4826 3070 4879 δὲ
3098 4826 3194 4879 καὶ
3216 4826 3378 4880 αὐτὸν
3406 4825 3501 4878 τοῦ
3539 4823 3740 4879 Ἰακὼϐ

2145 4927 2236 4980 τὸν
2264 4925 2474 4996 μισθόν.
2507 4941 2527 4975 ι
2567 4922 2847 4992 Ἐγένοντο
2865 4921 2926 4975 δὲ
2947 4921 3119 4992 αὐτῷ,
3151 4921 3306 4991 φησι,
3334 4922 3506 4989 κτήνη
3537 4916 3736 4978 πολλὰ,

2148 5018 2242 5070 καὶ
2296 5016 2449 5086 βόες.
2491 5013 2680 5076 παῖδές
2714 5030 2776 5065 τε
2820 5013 2916 5066 καὶ
2955 5012 3279 5076 παιδίσκαι,
3333 5010 3573 5080 κάμηλοι
3635 5009 3738 5062 καὶ

2147 5111 2278 5163 ὄνοι.
2321 5126 2340 5159 ι
2393 5107 2556 5178 Ὁρᾷς
2585 5104 2973 5176 συναγείροντα
2998 5103 3092 5157 καὶ
3116 5103 3206 5155 τὸν
3237 5102 3474 5172 Χριστὸν
3498 5104 3562 5155 ὲκ
3591 5117 3737 5152 παν-

2147 5201 2239 5263 τὸς
2276 5199 2492 5267 γένους,
2525 5196 2666 5250 κατά
2697 5196 2759 5250 τὸ
2785 5195 3174 5266 γεγραμμένον
3199 5210 3212 5224 ·
3243 5213 3261 5245 ι
3299 5192 3493 5262 Ὁμοία
3523 5190 3675 5244 ἐστὶν
3697 5192 3731 5260 ἡ

2148 5289 2395 5360 βασιλεία
2412 5289 2518 5342 τῶν
2532 5285 2779 5354 οὐρανῶν
2795 5285 3006 5357 σαγήνῃ
3025 5284 3283 5356 βληθείσῃ
3301 5286 3359 5338 έν
3374 5286 3441 5355 τῇ
3461 5281 3760 5360 θαλάσσῃ,ξ

2147 5351 2241 5436 καὶ
2269 5383 2332 5434 ὲκ
2367 5379 2568 5443 παντὸς
2595 5351 2787 5448 γένους
2833 5351 3282 5448 συνναγαγοῦσῃίν
3303 5395 3320 5428 ι
3349 5351 3578 5444 Λέγεται
3621 5351 3750 5445 γὰρΙ

2145 5474 2238 5526 τὸν
2278 5471 2485 5536 δοῦλον,
2519 5472 2606 5524 ἵνα
2633 5473 2744 5533 τοῖς
2777 5471 2856 5534 είς
2901 5467 3216 5540 ἐλευθερίαν
3249 5466 3567 5538 αὐχήμασιν
3594 5465 3736 5519 ἀπο·

2146 5569 2295 5638 φήνῃ
2323 5564 2594 5636 λαμπρόν.
2643 5562 2869 5634 Δέχεται
2914 5561 3043 5625 τοὺς
3091 5559 3198 5614 ὐπὸ
3229 5559 3394 5629 νόμον
3437 5556 3511 5620 ὡς
3553 5556 3737 5629 ἱεροὺς

435 5777 444 5785 ’
537 5764 576 5796 ’⁸
609 5764 744 5820 Gen.
771 5781 898 5824 xxx,
928 5764 1025 5826 ὥς
1067 5781 1223 5827 xxxx,
1260 5765 1376 5819 1-7.
1456 5766 1500 5796 ³⁷
1551 5767 1691 5823 Psal.
1731 5787 1869 5834 κείν,
1898 5771 1946 5823 7.
2033 5768 2048 5800 ³

2149 5782 2242 5825 en.
2274 5781 2427 5824 χιιι,
2459 5764 2509 5815 l.
2589 5762 2630 5794 ⁸³
2660 5762 2814 5818 Joan.
2853 5777 2961 5816 xm
2989 5801 3000 5825 ,
3027 5759 3108 5814 l0.
3187 5757 3233 5791 ‘°
3265 5754 3402 5813 Gen.
3447 5766 3556 5809 xxx
3579 5791 3596 5819 ,
3643 5755 3731 5813 l5.

455 5837 496 5868 "
533 5835 723 5893 Matth.
753 5852 866 5902 xm,
908 5835 997 5892 L7.
1091 5836 1131 5867 δ’
1161 5835 1296 5891 Cen.
1330 5852 1474 5904 xxxi,
1510 5837 1544 5890 2
