4074 6260
248 488 256 495 ,
289 421 400 483 265

297 631 373 695 ὡς
429 633 492 684 ὲν
544 629 666 694 οίὸ(
720 628 866 693 τάξει
904 629 995 684 καὶ
1037 631 1224 697 βοός·
1265 632 1353 686 ἱνα
1411 635 1757 707 μεταστήσας
1796 637 1876 700 εἰς

301 720 653 791 φαιδρότητα
670 720 937 784 πολιτείας
960 722 1343 795 εὐαγιγελικῆς,
1370 725 1560 796 ίερωτέ
1569 743 1695 797 ρους
1717 728 1880 797 ἐργά-

308 830 500 884 σηται.
538 812 756 884 Δέχεται
782 813 839 866 δὲ
859 814 994 885 πρὸς
1019 815 1230 881 τούτοις
1255 819 1348 872 καὶ
1377 818 1439 871 τὸ
1465 818 1683 891 ἀνίερόν
1705 836 1764 873 τε
1786 821 1881 874 καὶ

312 902 625 974 ἀκάθαρτον
654 902 840 971 γένος⁸
870 903 944 968 ὡς
971 906 1029 958 ὲν
1062 905 1215 972 τάξει
1264 907 1512 978 καμήλου
1554 908 1648 962 καὶ
1694 908 1880 979 μέντοι

323 993 422 1048 καὶ
448 992 583 1057 ὄνου,
617 992 703 1049 ἵνα
736 993 837 1064 τῆς
868 992 1132 1048 πολυθέου
1163 995 1372 1068 πλάνης
1399 997 1490 1050 τὸν
1517 996 1690 1070 ῥύπον
1720 999 1883 1070 ἐκτή-

320 1083 434 1150 ξας,
480 1083 753 1154 καθαρούς
777 1101 837 1138 τε
875 1085 971 1138 καὶ
1010 1085 1370 1157 ἠγνισμένους
1410 1088 1524 1151 τοίς
1555 1086 1667 1141 τῶν
1708 1088 1886 1156 ἀγίων

312 1176 518 1247 συνάψῃ
546 1177 749 1247 χοροῖς.
791 1178 1188 1248 Κεκινημένων
1221 1176 1286 1248 δὴ
1322 1174 1415 1233 οὖν
1446 1178 1525 1241 εἰς
1556 1176 1748 1248 φθόνον
1775 1178 1885 1232 τῶν

305 1268 488 1324 Λάὸαν
509 1268 662 1334 υἱῶν,
691 1267 788 1323 καὶ
814 1268 979 1323 αὐτοῦ
1003 1269 1059 1322 δὲ
1088 1269 1182 1324 τοῦ
1210 1270 1419 1335 Λάὁαν,
1457 1270 1656 1342 ἀμειδῆ
1690 1287 1753 1324 τε
1790 1272 1887 1326 καὶ

304 1357 818 1430 σκυθρωπάζουσαν
856 1360 954 1413 καὶ
990 1358 1296 1431 βασκανίας
1334 1361 1435 1415 οὐκ
1460 1361 1752 1434 ἐλευθέραν
1784 1362 1886 1432 τὴν

301 1450 475 1521 ὀφρὺν
497 1450 898 1519 ἀποφαίνοντος
916 1466 962 1503 ἰ
987 1450 1064 1504 Οὐ
1090 1451 1202 1523 γὰρ
1217 1447 1287 1523 ἦν
1303 1451 1366 1507 τδ
1383 1454 1671 1525 πρόσωπον
1691 1453 1884 1522 αὐτοῦ,

303 1539 440 1609 φησι
460 1579 477 1604 ,
524 1539 711 1604 καθὼς
743 1540 872 1611 χθὲς
901 1542 997 1595 καὶ
1028 1543 1218 1613 τρίτην
1246 1543 1490 1615 ἡμέραν·
1536 1564 1556 1597 ι
1588 1546 1887 1617 ἐπανήκειν

300 1634 387 1702 είς
437 1630 510 1684 τὰ
537 1633 717 1685 οἰκεῖα
754 1631 834 1703 τῷ
886 1633 1078 1688 Ἰακὼϐ
1118 1635 1425 1689 ἐνετέλλετο
1449 1637 1601 1701 Θεὸς.
1646 1637 1704 1691 '0
1731 1638 1790 1692 δὲ
1817 1639 1889 1692 τά

234 1711 251 1735 ’
306 1721 511 1790 γύναια
549 1724 951 1794 μετεπέμπετο,
978 1725 1143 1779 Λείαν
1166 1726 1226 1780 τέ
1251 1744 1394 1797 φημι
1423 1726 1518 1781 καὶ
1558 1727 1774 1800 Ῥαχὴλ,
1792 1730 1889 1793 καὶ

311 1812 412 1884 τὴν
440 1813 541 1884 μὲν
579 1814 674 1868 τοῦ
707 1818 909 1885 πατρὸς
937 1817 1148 1872 ἀδικίαν
1184 1819 1450 1890 ἀφηγεῖτο
1476 1819 1682 1889 σαφῶς.
1713 1823 1885 1894 Προσο

1299 427 1818 488 GLAPHYRORUM
1857 431 1925 487 IN
1963 429 2265 487 CENESIM
2306 428 2433 484 LIB.
2476 427 2539 483 ν.

293 540 398 610 ἤδη
451 537 554 591 καὶ
595 539 678 600 είς
730 536 920 591 θυσίαν
960 538 1291 609 ἰπιτηδείους
1329 542 1429 611 τὴν
1472 544 1870 615 πνευματικὴν,
1910 550 1950 605 Α

1981 551 2090 607 tur,
2122 540 2413 613 praecepit;
2442 540 2537 610 qui
2562 537 2853 594 accersivit
2877 551 3076 592 uxores
3098 552 3245 600 suas,
3273 536 3427 592 Liam
3468 543 3557 592 ni-

1982 637 2183 690 mirum
2203 644 2262 690 et
2279 633 2504 697 Rachel,
2521 646 2587 686 ac
2599 631 2770 702 patris
2785 630 3008 700 quidem
3033 629 3259 701 injurias
3280 629 3348 686 iis
3368 642 3557 700 aperte

1980 728 2234 798 explicat.
2260 724 2473 796 Adiecit
2495 740 2659 778 vero:
2685 743 2702 774 ι
2728 722 2968 778 Abstulit
2992 723 3136 777 Deus
3152 721 3333 776 omnia
3358 737 3555 792 pecora

1982 821 2154 891 patris
2176 819 2364 882 vestri,
2387 824 2443 873 et
2465 815 2598 870 mibi
2622 830 2687 870 ea
2709 813 2879 869 dedit.
2903 813 3424 883 Rcspondentesque
3453 813 3559 868 Ra-

1981 912 2103 967 chel
2143 920 2200 966 et
2229 910 2346 975 Lia,
2372 906 2630 965 dixerunt
2661 908 2713 963 ei
2739 929 2752 962 :
2776 906 3036 977 Nunquid
3072 915 3158 960 est
3185 906 3347 962 nobis
3380 906 3561 961 adhuc

1985 1019 2112 1075 pars
2134 1002 2473 1057 hereditatis
2494 1001 2552 1057 in
2574 1001 2738 1056 domo
2761 1001 2933 1071 patris
2960 1001 3168 1055 nostri?
3190 1015 3373 1055 nonne
3399 1001 3560 1070 quasi

1984 1096 2178 1151 alienae
2203 1102 2466 1165 reputatae
2485 1108 2676 1149 sumus
2696 1093 2785 1148 ei?
2810 1092 3055 1148 vendidit
3076 1092 3223 1148 enim
3245 1109 3367 1157 nos,
3389 1103 3448 1149 et
3465 1094 3554 1149 de-

1983 1187 2199 1242 voravit
2239 1186 2597 1242 devoratione
2621 1194 2906 1257 argentum
2941 1194 3211 1240 nostrum.
3237 1183 3441 1241 Omnes
3471 1186 3561 1241 di-

1986 1276 2149 1331 vitias
2207 1284 2265 1332 et
2285 1275 2513 1347 gloriam
2535 1290 2700 1346 quam
2734 1274 2960 1331 abstulit
2979 1274 3127 1330 Deus
3161 1274 3332 1344 patris
3352 1275 3560 1339 nostri,

1986 1368 2149 1425 nobis
2166 1368 2276 1423 erit
2300 1376 2357 1423 et
2391 1367 2587 1423 liberis
2622 1366 2852 1423 nostris.
2886 1366 3041 1422 Nunc
3069 1381 3200 1437 ergo
3220 1381 3565 1436 quacunque

1986 1460 2125 1515 dixit
2148 1459 2248 1515 tibi
2279 1460 2425 1516 Deus
2448 1467 2595 1524 tuus,
2622 1459 2771 1529 agito
2805 1457 2872 1514 “.
2903 1476 2923 1510 ι
2953 1457 3146 1513 Mesto
3181 1458 3330 1513 enim
3357 1458 3565 1513 munde

1987 1565 2154 1621 super
2169 1549 2389 1606 Christo
2401 1549 2632 1621 ejusque
2647 1548 2797 1614 ﬁliis,
2815 1547 3120 1604 consolatio
3140 1562 3377 1619 superne
3398 1555 3567 1618 atque

1987 1657 2055 1697 ex
2091 1641 2233 1698 calo
2272 1641 2400 1713 (hoc
2432 1647 2519 1697 est
2541 1656 2573 1696 a
2606 1638 2789 1711 Patre)
2811 1639 2938 1696 data
2968 1647 3056 1696 est
3076 1640 3294 1710 sponsis
3317 1638 3567 1696 Salvato-

1990 1732 2087 1797 ris,
2119 1730 2176 1786 id
2202 1739 2309 1797 est,
2350 1730 2631 1788 Ecclesiis.
2667 1729 2937 1787 Ceterum
2980 1730 3286 1786 consolatio
3324 1729 3430 1786 fuit
3468 1745 3569 1801 per

1990 1820 2188 1876 Filium
2212 1820 2657 1877 transvehentem
2675 1820 2836 1877 nobis
2852 1820 3258 1891 quodunmodo
3284 1835 3571 1878 sermones

311 1883 485 1959 ετίθει
506 1906 584 1970 δὲ,
610 1907 694 1961 ὃτι
725 1926 745 1961 ι
778 1883 1051 1979 ’Ᾰφείλετο
1077 1883 1255 1975 sese;
1284 1883 1467 1966 ὲὲάνέα
1494 1883 1887 1985 τά-κτήνητοῦ

1992 1927 2023 1966 a
2048 1912 2227 1967 Patre.
2251 1910 2428 1979 Quem
2454 1911 2603 1979 enim
2632 1911 2778 1968 Deus
2812 1883 2963 1968 misit
2982 1909 3152 1967 verba
3178 1910 3276 1967 Dei
3301 1909 3568 1981 loquitur.

313 1996 526 2067 πατρὸς
558 1998 733 2069 ὑμῶν,
762 2000 859 2053 καὶ
887 1999 1054 2054 εδωκί
1084 2018 1177 2071 μοι
1209 2001 1368 2057 αὑτά.
1400 2003 1513 2056 Καὶ
1533 2002 1890 2076 ἀποκριθεῖσα

321 2089 527 2160 Ῥαχὴλ
552 2090 649 2145 καὶ
672 2089 832 2156 Λεία,
865 2087 1018 2146 εἷπον
1047 2091 1231 2163 αὐτῷ’
1272 2093 1365 2165 Μὴ
1400 2093 1517 2148 ἐστι
1542 2096 1699 2167 μερὶς
1733 2097 1886 2167 ἡμῖν,

308 2181 343 2252 ἢ
380 2180 722 2254 κληρονομία
746 2185 805 2237 ὲν
829 2184 907 2256 τῷ
932 2186 1065 2256 οῐκῳ
1094 2185 1188 2239 τοῦ
1229 2187 1435 2256 πατρὸς
1458 2189 1647 2259 ήμῶνς
1675 2190 1783 2259 Οὐχ
1811 2189 1888 2254 ὼς

306 2273 367 2326 αἱ
401 2272 683 2344 ἀλλότριαι
717 2273 1075 2346 λελογίσμεθα
1095 2276 1273 2347 αὑτῷ;
1306 2278 1561 2349 πέπρακε
1582 2280 1688 2351 γάρ
1715 2280 1885 2350 ἡμᾶς,

304 2365 401 2418 καὶ
424 2365 706 2435 κατέφαγε
744 2366 1084 2439 κατασρώσει
1114 2368 1175 2422 τὸ
1199 2369 1463 2441 ἀργύριον
1494 2370 1670 2442 ἡμῶν.
1700 2372 1889 2427 Πάντα

303 2458 399 2511 τὸν
445 2457 678 2512 πλοῦτον
716 2460 814 2515 καὶ
849 2459 949 2529 τὴν
973 2460 1134 2526 δόξαν
1162 2461 1230 2532 ἢν
1261 2463 1519 2533 ἀφείλετο
1555 2464 1585 2517 6
1616 2464 1749 2529 Θεὸς
1788 2464 1886 2519 τοῦ

305 2549 514 2621 πατρὸς
545 2550 746 2622 ήμῶν,
801 2554 937 2624 ημῖν
973 2552 1126 2608 ἔσται
1162 2555 1258 2608 καὶ
1301 2556 1418 2619 τοῖς
1449 2554 1662 2621 τέκνοις
1702 2556 1886 2627 ἡμῶν.

306 2640 422 2695 Νῦν
450 2637 543 2703 οὖν
570 2644 672 2697 ὅσα
701 2643 896 2717 εἰρηκέ
932 2662 1016 2699 σοι
1055 2647 1085 2700 6
1126 2646 1262 2712 Θεός
1286 2664 1406 2712 σου,
1443 2648 1605 2704 ποίει.
1648 2666 1669 2701 ι
1702 2651 1887 2705 Kna-

310 2732 702 2801 στυγνάζοντος
726 2734 838 2806 γάρ
874 2737 966 2791 ἐπὶ
994 2738 1218 2810 Χριστῷ
1248 2739 1343 2793 τοῦ
1372 2740 1604 2812 κόσμου,
1645 2741 1741 2796 καὶ
1775 2742 1887 2799 τῶν

310 2824 475 2878 αὑτοῦ
506 2825 733 2889 τέκνων,
768 2828 1113 2900 παράκλησις
1145 2829 1352 2884 ἄνωθεν
1382 2831 1474 2885 καὶ
1514 2831 1574 2900 ἐξ
1615 2832 1846 2905 οὐρανοῦ
1868 2874 1884 2900 ,

316 2915 575 2983 τουτέστι,
624 2919 779 2989 παρά
816 2919 1053 2990 Πατρὺς,
1098 2923 1221 2985 ταῖς
1259 2920 1354 2975 τοῦ
1394 2922 1645 2995 Σωτῆρος
1685 2924 1888 2980 δίδοται

324 3002 577 3074 νύμφαις,
616 3009 760 3079 φημί
798 3008 863 3080 δὴ
892 3011 1012 3072 ταῖς
1056 3010 1425 3081 Ἐκκλησίαις.
1463 3012 1610 3082 Πλὴν
1639 3014 1673 3084 ἡ
1707 3015 1887 3085 παρά-

326 3093 537 3165 κλησις,
557 3095 618 3149 δι’
646 3097 772 3152 Υἱοῦ
799 3101 1360 3171 παραπορθμεύοντος
1383 3100 1573 3176 ὥσπερ
1599 3105 1731 3175 ἡμῖν
1761 3106 1890 3169 τοὺς

1986 2003 2141 2074 juxta
2182 2002 2409 2059 Joannis
2442 2018 2653 2059 vocem.
2692 2002 3074 2059 Animadverte
3100 2004 3250 2060 enim
3273 2017 3386 2079 quo
3408 2012 3572 2076 pacto

1991 2095 2267 2151 allocutus
2284 2094 2509 2165 quidem
2533 2096 2608 2150 sit
2630 2095 2777 2152 Deus
2794 2095 3061 2151 Iacobum
3090 2112 3105 2149 :
3131 2095 3223 2153 ille
3244 2109 3378 2152 vero
3399 2108 3569 2165 spon-

1991 2203 2082 2242 sas
2110 2202 2258 2250 suas,
2280 2186 2454 2251 Liam,
2480 2186 2724 2258 inquam,
2747 2194 2804 2242 et
2826 2186 3141 2243 Raehelem.
3169 2184 3573 2242 Consolationis

1991 2287 2175 2333 autem
2217 2278 2359 2334 ratio
2394 2284 2545 2344 erat,
2571 2285 2827 2349 oportere
2865 2293 2961 2335 eas
2988 2276 3275 2334 discedere
3311 2292 3440 2334 cum
3469 2292 3573 2333 suo

1992 2383 2194 2438 sponso
2229 2385 2262 2425 a
2285 2369 2450 2425 domo
2486 2377 2739 2440 paterna.
2767 2367 2848 2424 Ita
2873 2368 3040 2424 etiam
3068 2367 3264 2424 beatus
3284 2366 3580 2425 Psalmista

1994 2460 2050 2517 in
2100 2462 2299 2532 spiritu
2336 2460 2406 2518 ad
2458 2461 2761 2518 Ecclesiam
2820 2461 2899 2517 ait
2953 2478 2968 2516 :
3016 2478 3036 2514 ι
3099 2458 3264 2526 Audi,
3304 2459 3452 2527 illia,
3521 2467 3581 2518 at

1992 2554 2117 2610 vide
2141 2595 2157 2619 ,
2193 2562 2252 2610 et
2287 2553 2491 2609 inclina
2541 2569 2733 2609 aurem
2786 2564 2936 2610 tuam
2957 2593 2974 2619 ,
3012 2561 3070 2610 et
3102 2551 3432 2609 obliviscere
3468 2565 3571 2621 po-

1992 2646 2108 2716 puli
2148 2646 2260 2711 tui,
2297 2654 2357 2701 et
2388 2645 2587 2702 domus
2610 2644 2782 2717 patris
2822 2645 2924 2702 tui.
2964 2644 3103 2712 Quia
3133 2643 3451 2715 concupivit
3476 2657 3572 2697 rex

1991 2738 2461 2809 pulchritudinem
2518 2747 2704 2801 tuam,
2764 2737 3024 2807 quoniam
3079 2736 3197 2806 ipse
3242 2743 3330 2792 est
3382 2734 3577 2788 Domi.

1992 2847 2098 2887 nus
2135 2828 2379 2897 tuus,'et
2414 2830 2672 2885 adorabis
2705 2844 2834 2885 eum
2862 2828 2929 2884 “.
2976 2848 2995 2882 ι
3034 2828 3204 2899 Igitur
3233 2842 3357 2897 qua:
3390 2842 3423 2881 a
3459 2826 3573 2880 Deo

1999 2921 2154 2992 153
2180 2928 2467 2992 acceperat
2499 2921 2698 2987 Jacob,
2721 2936 2787 2976 ea
2809 2921 3027 2990 sponsis
3062 2920 3180 2974 suis
3204 2919 3425 2974 locutus
3463 2925 3570 2972 est.

1994 3012 2256 3079 Quisnam
2304 3021 2488 3067 autem
2525 3020 2651 3068 erat
2692 3012 2913 3067 sermo?
2947 3010 3184 3077 Querela
3223 3009 3294 3065 de
3342 3008 3528 3063 Laban
3557 3048 3573 3072 ,

1995 3102 2144 3173 quod
2193 3102 2458 3156 nimirum
2506 3101 2730 3170 iniquus
2773 3109 2921 3155 esset
2959 3116 3023 3155 ae
3047 3100 3245 3166 malus,
3286 3108 3343 3154 et
3386 3098 3585 3155 tardus

321 3186 480 3257 παρά
510 3189 710 3260 Πατρος
732 3191 943 3260 λόγους.
976 3193 1072 3247 ’ον
1100 3193 1210 3263 γὰρ
1246 3194 1563 3259 ἀπέστειλεν
1582 3197 1610 3249 6
1638 3196 1793 3263 Θεὸς,
1821 3196 1891 3250 τὰ

1998 3194 2267 3250 mercedis
2291 3234 2306 3258 ,
2335 3208 2498 3263 quam
2524 3191 2780 3259 debebat,
2805 3202 3208 3264 compensator.
3240 3194 3459 3250 incusat
3480 3209 3577 3248 an-

318 3275 543 3346 ρήματα
579 3278 667 3331 τοῦ
697 3280 832 3334 Θεοῦ
877 3281 1050 3348 λαλεῖ,
1087 3283 1230 3338 κατά
1262 3283 1365 3353 τὴν
1405 3284 1650 3341 Ἰωάννου
1681 3289 1886 3357 φωνήν.

318 3366 510 3439 Ἀθρει
537 3368 644 3442 γὰρ
668 3373 819 3438 ὅπως
857 3375 1176 3445 προσελάλει
1217 3378 1317 3448 μὲν
1341 3378 1370 3432 ό
1391 3378 1523 3443 Θεὸς
1549 3378 1628 3449 τῷ
1673 3378 1887 3444 Ἰακὼϐ,

311 3460 341 3513 6
374 3458 433 3512 δὲ
466 3463 589 3525 ταῖς
613 3462 783 3516 αὐτοῦ
809 3463 1218 3539 νύμφαις,Λείᾳ
1236 3485 1320 3536 τε,
1340 3470 1506 3542 φημὶ,
1541 3472 1636 3524 καὶ
1668 3470 1889 3542 Ῥαχήλ.

324 3552 385 3606 '0
416 3552 474 3606 δὲ
499 3553 601 3623 τῆς
637 3556 1041 3627 παρακλήσεως
1080 3557 1237 3627 λόγος
1270 3554 1361 3630 ἦν,
1403 3561 1466 3615 τὸ
1497 3561 1608 3616 δεῖν
1635 3562 1891 3633 ἀπαίρειν

312 3645 482 3709 αὐτὰς
512 3645 630 3716 ἅμα
663 3647 741 3718 τῷ
778 3647 892 3718 ἰδίῳ
929 3649 1148 3721 νυμφίῳ
1185 3652 1285 3721 τῆς
1311 3652 1407 3706 τοῦ
1448 3654 1654 3725 πατρὸς
1682 3655 1889 3717 ἑστίας.

313 3733 473 3788 Οὕτω
501 3736 594 3789 καὶ
625 3739 654 3789 ὁ
681 3737 950 3809 μακάριος
997 3739 1303 3811 Ψαλμῳδὸς
1340 3741 1400 3795 ὲν
1439 3742 1710 3815 πνεύματι
1755 3746 1891 3815 πρὸς

310 3825 412 3895 τὴν
454 3826 782 3897 Ἐκκλησίαν
817 3829 969 3900 φησί·
1006 3849 1025 3883 ι
1064 3832 1353 3899 Ἄκουσον,
1382 3832 1641 3906 θύγατερ,
1665 3837 1758 3889 καὶ
1789 3835 1887 3901 ῐδε,

314 3918 411 3971 καὶ
445 3917 625 3972 κλῖνον
662 3919 726 3972 τὸ
760 3916 853 3984 οῦς
883 3938 1001 3984 σου,
1033 3923 1128 3976 καὶ
1173 3924 1429 3981 ἐπιλάθου
1458 3925 1555 3980 τοῦ
1599 3926 1731 3982 λαοῦ
1774 3945 1890 3992 σου,

313 4012 411 4077 καὶ
442 4012 539 4065 τοῦ
580 4011 732 4067 οἴκου
776 4012 872 4068 τοῦ
910 4016 1116 4088 πατρός
1164 4034 1281 4073 σου.
1313 4019 1432 4073 ’Ότι
1465 4018 1817 4091 ἐπεθύμησεν
1863 4021 1894 4073 ό

313 4106 573 4176 βασιλεὺς
610 4104 706 4159 τοῦ
738 4105 967 4172 κάλλους
1010 4125 1126 4165 σου.
1167 4110 1291 4164 Ὀτι
1319 4110 1485 4174 αὐτός
1529 4112 1649 4164 ἐστι
1690 4110 1895 4182 Κύριός

315 4214 436 4261 σου,
463 4196 559 4250 καὶ
587 4196 989 4269 προσκυνήσεις
1013 4198 1182 4271 αὐτῷ.
1209 4219 1230 4249 ι
1254 4199 1468 4257 Οὐκοῦν
1492 4198 1564 4254 τά
1590 4199 1741 4272 παρά
1756 4200 1893 4254 Θεοῦ

312 4290 434 4351 ταῖς
459 4287 624 4342 αὑτοῦ
656 4287 894 4360 νύμφαις
934 4287 1230 4360 λελάληκεν
1266 4290 1295 4342 6
1332 4287 1547 4346 Ἰακώϐ.
1575 4291 1686 4344 Καὶ
1713 4290 1796 4356 τίς
1826 4285 1894 4363 ἦν

312 4380 343 4432 6
367 4379 556 4448 λόγος;
593 4379 802 4453 μέμψις
830 4380 972 4436 κατά
995 4380 1089 4437 τοῦ
1112 4381 1330 4436 Λάϐανθ
1360 4381 1437 4447 ὠς
1455 4380 1543 4455 εἴη
1578 4381 1678 4454 μὲν
1709 4382 1895 4446 ἄδικός

313 4489 375 4525 τε
396 4473 492 4527 καὶ
522 4472 781 4544 πονηρὸς,
808 4473 904 4527 καὶ
942 4472 1145 4546 βραδὺς
1181 4474 1261 4536 είς
1293 4472 1528 4540 ἔκτισιν,
1571 4466 1647 4529 ὧν
1687 4472 1754 4528 ἂν
1801 4474 1894 4527 ὲπ-

1994 3295 2105 3341 tcm
2154 3285 2320 3340 etiam
2369 3282 2621 3339 Christus
2656 3282 2924 3339 mundum
2977 3283 3216 3355 ingentis
3259 3281 3531 3339 vecordiae
3558 3324 3585 3346 ..

1992 3375 2138 3445 quod
2162 3374 2394 3430 Domino
2428 3373 2633 3445 gratias
2668 3388 2769 3443 pro
2792 3371 3077 3429 beneﬁciis
3101 3372 3342 3444 acceptis
3361 3373 3576 3449 persol-

1993 3482 2122 3521 vere
2169 3467 2377 3532 nollet,
2404 3482 2469 3522 ac
2495 3466 2666 3522 veluti
2695 3465 2948 3521 debitum
2987 3466 3104 3521 sive
3130 3465 3444 3523 mercedem
3472 3479 3576 3535 pro

1992 3575 2158 3624 cura,
2202 3574 2368 3629 quam
2406 3558 2475 3613 de
2503 3575 2571 3615 eo
2615 3566 2892 3629 gesserat,
2939 3557 3248 3629 Spiritualia
3302 3572 3575 3617 munera.

1993 3650 2153 3705 ﬁdem
2175 3692 2189 3715 ,
2216 3650 2463 3721 inquam,
2488 3659 2546 3706 et
2568 3650 2921 3706 dilectionem
2956 3648 3266 3705 retribuere
3298 3647 3577 3703 detrecta~

1993 3752 2096 3799 ret.
2143 3742 2415 3799 Caeterum
2458 3744 2562 3799 sub
2607 3743 2779 3813 ipsius
2819 3749 3149 3812 potestatem
3200 3739 3383 3793 omnia
3436 3738 3592 3792 facta

1993 3842 2154 3897 sunt,
2196 3833 2513 3889 conferente
2557 3833 2613 3888 in
2642 3834 2813 3902 ipsius
2861 3845 3116 3900 sagenam
3152 3829 3265 3882 Deo
3287 3842 3350 3880 ac
3393 3826 3587 3883 Patren

1995 3925 2085 3980 Sic
2109 3925 2256 3978 enim
2273 3924 2478 3979 alicubi
2508 3924 2577 3978 ad
2603 3939 2731 3979 eum
2764 3924 2937 3979 Filius
2961 3939 2983 3978 ι
3008 3940 3024 3970 ι
3052 3919 3205 3984 Quos
3217 3915 3416 3970 dedisti
3443 3915 3597 3969 mihi.

1993 4032 2060 4071 ex
2087 4016 2192 4070 hoc
2226 4016 2432 4070 mundo
2470 4014 2546 4068 tui
2570 4020 2751 4077 erant,
2775 4021 2831 4066 et
2855 4018 2915 4065 tu
2941 4009 3078 4064 mihi
3117 4022 3213 4062 eos
3235 4005 3433 4060 dedisti
3453 4006 3517 4059 ".
3554 4026 3571 4054 ι

1994 4108 2172 4177 Atque
2197 4107 2302 4161 hoc
2322 4114 2445 4161 erat
2468 4103 2602 4159 illud
2626 4122 2641 4158 :
2676 4123 2695 4156 ι
2720 4102 2964 4159 Abstulit
2999 4101 3146 4157 Deus
3168 4099 3352 4153 omnia
3376 4113 3597 4169 pecora.

1994 4199 2173 4271 patris
2196 4196 2389 4262 vestri,
2417 4204 2474 4252 et
2495 4194 2648 4252 dedit
2669 4210 2735 4251 ea
2766 4192 2905 4249 mihi
2935 4192 3013 4250 ⁶⁶.,
3035 4210 3055 4244 ι
3088 4191 3223 4262 Ipsa:
3244 4205 3376 4245 vero
3402 4189 3581 4245 hone-

1994 4300 2092 4348 stae
2141 4289 2446 4347 Salvatoris
2486 4303 2703 4361 sponsa:
2744 4295 3031 4343 secuturas
3090 4300 3150 4341 se
3209 4282 3576 4354 promittunt;

1993 4382 2246 4437 venditas
2271 4381 2421 4437 enim
2445 4395 2505 4436 se
2527 4376 2933 4450 quodammodo
2959 4375 3062 4448 ipsi
3100 4391 3132 4433 a
3154 4373 3362 4429 mundo
3399 4373 3573 4429 aiunt.

1993 4473 2247 4532 Christus
2274 4474 2423 4530 enim
2446 4472 2581 4528 emit
2611 4471 2877 4541 sanguine
2900 4484 3003 4525 suo
3038 4468 3335 4531 Ecclesias,
3362 4475 3418 4522 et
3441 4466 3576 4522 alic-

312 4563 505 4636 οφλοίη
540 4562 768 4634 μισθῶν.
794 4563 1068 4635 Γράφεται
1098 4564 1154 4619 δὲ
1180 4565 1273 4619 καὶ
1296 4565 1459 4629 αὐτὸς
1480 4567 1510 4619 6
1533 4566 1768 4638 Χριστὸς
1799 4565 1891 4619 ἐπὶ

2002 4565 2114 4620 nati
2139 4570 2269 4619 sunt
2292 4579 2324 4617 a
2346 4572 2504 4633 patre
2536 4560 2709 4616 veteri
2736 4562 2801 4614 υ.
2835 4560 2991 4617 ΝιιΙΙο
3024 4558 3294 4629 siquidem
3322 4558 3462 4612 ratio
3492 4572 3580 4612 so—

316 4653 492 4726 πολλῇ
526 4654 650 4710 λίαν
687 4655 1017 4728 ἀναισθησίᾳ
1047 4655 1140 4712 τὸν
1170 4656 1395 4727 κόσμον,
1428 4656 1769 4711 ἀποτιννύειν
1795 4658 1897 4711 οὐκ

316 4745 646 4818 ἀνεχόμενον
682 4747 761 4810 ὼς
787 4747 1036 4820 Δεσπότῃ
1074 4747 1144 4803 τά
1181 4749 1536 4820 χαριστήρια,
1571 4748 1667 4802 καὶ
1716 4749 1792 4812 ὼς
1839 4749 1899 4802 ὲν

314 4836 634 4909 ὀφλήματος
664 4837 817 4903 τάξει
857 4841 951 4894 καὶ
985 4839 1180 4912 μισθοῦ
1205 4840 1273 4894 τά
1305 4841 1447 4913 ὑπὲρ
1490 4843 1590 4912 τῆς
1620 4841 1900 4912 φροντίδος

317 4931 414 5001 τῆς
451 4933 535 4996 είς
560 4931 726 4987 αὐτόν
755 4933 905 5000 ξένια
938 4932 1309 5003 πνευματικὰ,
1336 4933 1522 4988 πίστιν
1549 4933 1614 5005 δὴ
1640 4933 1784 5002 λέγω
1805 4934 1900 4989 καὶ

317 5023 564 5094 ἀγάπην,
602 5023 996 5096 προσκομίζειν
1023 5025 1124 5078 οὐκ
1143 5024 1414 5081 ἐθέλοντα.
1450 5025 1598 5099 Πλὴν
1632 5026 1723 5080 ὑπ’
1750 5024 1899 5096 αὐτῷ

318 5116 385 5169 τὰ
408 5117 585 5169 πάντα
615 5116 810 5186 γέγονε
842 5115 1233 5187 σαγηνεύοντος
1259 5116 1352 5172 τοῦ
1375 5117 1511 5170 Θεοῦ
1536 5118 1631 5171 καὶ
1661 5119 1896 5190 Πατρός.

324 5206 465 5278 ΙἸίφη
494 5208 608 5279 γάρ
634 5225 738 5262 που
764 5207 901 5279 πρὸς
928 5207 1091 5262 αὐτὸν
1117 5209 1146 5262 6
1176 5207 1303 5273 Υἱός
1326 5225 1339 5238 ·
1370 5228 1388 5261 ι
1414 5208 1521 5272 Οὓς
1543 5209 1777 5272 δέδωκάς
1807 5228 1897 5281 μοι

313 5299 376 5350 ἐκ
409 5300 502 5354 τοῦ
531 5301 745 5369 κόσμου
776 5300 859 5353 σοὶ
884 5295 1046 5371 ἦσαν,
1080 5301 1173 5354 καὶ
1201 5301 1324 5371 ἐμοὶ
1358 5300 1556 5363 αὐτοὺς
1581 5299 1839 5365 δέδωκας.
1874 5321 1892 5353 ι

320 5392 425 5446 Καὶ
456 5391 620 5446 τοῦτο
649 5386 720 5463 ἦν
758 5392 868 5462 ἀρα
896 5390 976 5458 τδ,
1014 5412 1034 5445 ι
1096 5391 1340 5462 ’Δφεῖλεν
1372 5394 1401 5445 6
1443 5392 1575 5455 Θεὸς
1604 5391 1779 5446 πάντα
1832 5393 1901 5448 τὰ

318 5486 490 5555 κτήνη
515 5482 613 5538 τοῦ
640 5483 849 5554 πατρὸς
869 5484 1044 5553 ὑμῶν,
1069 5483 1165 5538 καὶ
1185 5484 1355 5538 ἐδωκέ
1388 5502 1480 5554 μοι
1509 5485 1667 5539 αὐτά.
1709 5505 1727 5537 ι
1758 5487 1824 5538 Αἱ
1845 5485 1901 5539 δὲ

321 5575 512 5643 σεμναὶ
539 5572 638 5627 τοῦ
669 5574 923 5644 ἃυτῆρος
950 5573 1158 5645 νύμφαι
1181 5573 1599 5628 κατακολουθεῖν
1631 5576 1729 5642 μὲν
1758 5576 1900 5628 ἑτοί-

320 5681 436 5734 μως
466 5663 928 5734 ἐπαγγέλλονται*
955 5664 1269 5737 πεπρᾶσθαι
1292 5665 1349 5720 δὲ
1368 5664 1557 5739 ὥσπερ
1583 5665 1730 5737 αὐτῷ
1752 5683 1823 5719 πα
1834 5664 1901 5736 ρὰ

1998 4656 2215 4713 cietatis
2246 4665 2345 4712 aut
2361 4654 2632 4726 partionis
2670 4661 2753 4710 est
2788 4651 2921 4724 ipsis
2958 4667 3085 4707 cum
3126 4650 3354 4716 mundo,
3379 4664 3449 4705 ex
3468 4666 3581 4721 quo

1997 4750 2177 4806 vocati
2208 4758 2337 4805 sunt
2369 4767 2382 4801 :
2422 4757 2479 4803 at
2525 4763 2669 4803 vero.
2711 4747 2918 4804 divitiae
2947 4748 3199 4819 ipsarum
3234 4756 3292 4802 et
3338 4746 3578 4801 ﬁliorum

2000 4842 2245 4912 ipsorum
2266 4849 2352 4897 est
2379 4840 2633 4898 Christus
2654 4841 2791 4912 ipse,
2820 4848 3060 4897 mentem
3082 4853 3302 4894 omnem
3327 4845 3383 4891 et
3410 4836 3579 4892 ratio-

1999 4947 2129 4987 nem
2172 4947 2456 5002 superans.
2504 4932 2623 5002 Ipse
2650 4948 2841 4989 earum
2880 4931 3063 5000 portio
3107 4944 3169 4983 ac
3216 4941 3361 4989 sors,
3380 4926 3501 4980 laus
3524 4934 3582 4980 et

2004 5019 2275 5089 gloriatio,
2315 5035 2638 5089 summaque
2680 5020 2848 5074 totius
2893 5017 3172 5073 felicitatis
3206 5032 3269 5069 ac
3298 5016 3581 5085 prosperi-

2005 5113 2153 5166 tatis.
2199 5112 2512 5167 Maastitiam
2545 5113 2730 5181 itaque
2773 5111 2926 5165 vultu
2967 5124 3081 5178 pra:
3109 5124 3165 5163 se
3195 5107 3303 5164 fert
3342 5108 3583 5164 mundus

2005 5220 2129 5260 eum
2155 5204 2271 5260 suis
2302 5204 2429 5259 ﬁliis
2450 5204 2521 5258 ob
2548 5203 2851 5267 Christum,
2878 5202 3205 5272 invidizeque
3231 5199 3445 5254 ﬂamma
3469 5200 3582 5253 nri-

2005 5310 2117 5363 tur,
2144 5297 2338 5352 videns
2372 5311 2502 5352 eum
2532 5295 2585 5350 in
2625 5303 2834 5349 tantum
2856 5293 3138 5363 dignitatis
3157 5306 3220 5344 ac
3242 5288 3428 5360 gloria:
3462 5290 3581 5344 cul-

2006 5406 2132 5444 men
2147 5397 2434 5451 evectum,
2463 5396 2526 5440 ιιι
2562 5386 2878 5440 universum
2919 5383 3111 5437 orbem
3156 5391 3427 5436 terrarum
3476 5382 3580 5436 sibi

2006 5479 2281 5550 subjiciat,
2323 5476 2686 5544 omnibusque
2714 5473 3037 5527 mortalibus
3064 5472 3402 5527 dominetur.
3426 5471 3581 5537 Quod

2007 5586 2139 5625 vero
2160 5568 2333 5638 ipsius
2367 5566 2577 5620 insania
2604 5565 2746 5618 ultra
2765 5580 2822 5619 se
2856 5564 3133 5632 extendat,
3159 5565 3416 5635 quodque
3452 5579 3582 5635 per-

2009 5671 2271 5731 sequatur
2290 5667 2344 5713 et
2368 5655 2601 5721 occidat,
2627 5672 2688 5710 ac
2711 5666 2918 5712 tantum
2947 5674 3056 5713 non
3087 5659 3265 5730 reipsa
3289 5655 3584 5714 Salvatoris

393 5850 601 5908 “Gen.
647 5866 796 5918 xxxi,
828 5850 1009 5907 ιιι-ιδ.
1088 5850 1131 5881 ’⁸⁵
1158 5851 1296 5907 Psal.
1326 5858 1463 5915 xttv,
1505 5851 1586 5917 ll,
1628 5849 1707 5903 l2.
1788 5847 1830 5879 "
1865 5847 1888 5903 ,Ι

1992 5864 2017 5898 ι.
2051 5862 2154 5910 va,
2185 5846 2236 5898 6.
2309 5843 2350 5873 ’⁸⁸
2387 5839 2523 5895 Gen.
2559 5855 2701 5908 xxxi,
2744 5844 2800 5901 9.
2874 5842 2915 5870 ‘7
2949 5839 3066 5895 Act.
3094 5857 3178 5905 xx,
3207 5840 3296 5895 28.
