4074 6260
490 421 597 481 247

1518 428 1575 484 S.
1616 427 1892 484 CYRILLI
1930 426 2400 484 ALEXANDRINI
2441 427 2759 483 ARCHIEP.

3663 415 3766 480 9.58

490 541 681 614 gloria:
702 541 951 610 obsistat,
987 544 1362 616 Ecclesiisque
1381 587 1394 612 ,
1441 562 1565 616 quae
1590 547 1642 602 ei
1665 546 1900 602 subditae
1926 556 2074 611 sunt,

2187 549 2277 600 τοῦ
2317 544 2527 618 κόσμου
2558 543 2742 614 φασίν.
2791 541 3113 613 Ἐξεπρίατο
3159 541 3268 612 γὰρ
3307 539 3384 610 τῷ
3421 538 3538 609 ίδίῳ
3574 537 3767 609 αἵματι

491 644 656 706 atque
678 636 797 706 ejus
820 635 980 702 ﬁliis,
1034 635 1142 692 hoc
1187 646 1274 693 est
1329 639 1677 694 credentium
1711 639 2078 704 multitudini,

493 725 882 782 infestissimus
899 726 1372 798 deprehendatur,
1401 728 1560 784 facile
1584 735 1670 784 est
1689 729 1878 784 videre
1902 729 1971 784 iis
1991 729 2086 799 qui

493 816 549 872 id
579 816 721 871 scire
759 817 972 883 velint,
1019 832 1090 872 ex
1127 817 1195 873 iis
1239 833 1361 888 qua:
1405 827 1734 888 sequuntur.
1788 838 1807 870 ι
1838 818 2080 889 Surgens

491 909 662 975 enim,
699 909 900 979 inquit,
947 909 1118 965 Jacob
1164 911 1377 980 accepit
1411 926 1613 965 uxores
1655 925 1785 966 suas
1847 919 1903 966 et
1945 909 2088 964 ﬁlios

493 1016 625 1056 suos
663 1016 831 1072 super
879 1002 1156 1068 camelos,
1199 1012 1256 1058 et
1285 1002 1516 1057 abduxit
1559 1018 1780 1058 omnem
1820 1002 2084 1056 familiam

495 1110 673 1160 suam,
695 1111 1028 1165 omnemque
1053 1095 1455 1165 supellectilem
1479 1109 1657 1159 suam,
1682 1110 1848 1165 quam
1874 1094 1930 1148 in
1966 1095 2081 1149 Me-

494 1187 802 1256 sopotamia
842 1188 1164 1258 acquisivit,
1209 1195 1266 1242 et
1306 1186 1490 1242 omnia
1527 1201 1626 1241 sua
1653 1228 1668 1251 ,
1709 1195 1771 1240 ut
1809 1186 1990 1241 abiret
2011 1185 2081 1241 ad

497 1278 650 1333 Isaac
675 1288 888 1349 patrem
913 1296 1074 1334 suum
1113 1279 1168 1333 in
1203 1287 1405 1334 terram
1431 1279 1712 1334 Chanaan.
1754 1278 1942 1334 Laban
1981 1295 2081 1334 au-

497 1379 609 1425 tem
635 1371 771 1426 abiit
791 1370 860 1425 ad
889 1370 1223 1426 tondendum
1249 1386 1379 1426 oves
1400 1386 1546 1426 suas.
1570 1371 1772 1425 Furata
1793 1379 1878 1427 est
1899 1383 2084 1428 autem

497 1464 702 1518 Rachel
729 1464 873 1519 idola
900 1464 1071 1534 patris
1092 1463 1178 1519 sui
1208 1481 1220 1518 :
1252 1464 1542 1518 abscondit
1568 1472 1752 1546 autem
1776 1464 1944 1520 Jacob
1977 1465 2082 1519 La-

495 1557 605 1612 ban
635 1556 793 1631 154
815 1557 972 1629 Syro,
998 1574 1069 1613 ne
1096 1557 1368 1612 indicaret
1407 1556 1458 1612 ei
1497 1555 1646 1626 quod
1669 1556 1826 1625 fugit.
1855 1557 1924 1611 Et
1945 1555 2084 1627 fugit

496 1648 614 1717 ipse
639 1655 696 1702 et
715 1663 814 1702 sua
837 1650 1044 1713 omnia,
1073 1658 1129 1704 et
1169 1648 1427 1703 transivit
1452 1647 1679 1712 flumen,
1715 1655 1772 1702 et
1805 1647 2084 1704 festinavit

495 1740 553 1794 in
577 1749 820 1795 montem
835 1740 1059 1796 Galaad.
1082 1740 1403 1795 Nuntiatum
1424 1747 1509 1794 cst
1530 1747 1715 1794 autem
1739 1739 1922 1794 Laban
1946 1739 2085 1812 Syro

493 1831 585 1888 die
631 1832 797 1887 tertia
834 1832 982 1902 quod
1034 1830 1171 1902 fugit
1212 1831 1401 1887 Jacob.
1445 1832 1513 1886 Et
1549 1847 1835 1887 assumens
1881 1831 2084 1887 fratres

496 1938 628 1978 suos
649 1938 774 1978 cum
797 1939 864 1978 eo
881 1965 896 1989 ,
922 1933 1248 1994 persecutus
1273 1930 1358 1978 est
1401 1939 1529 1978 eum
1572 1923 1718 1978 viam
1755 1922 1970 1977 dierum
1998 1937 2085 1978 se-

495 2022 669 2084 ptem,
693 2023 749 2068 et
775 2015 1195 2084 comprehendit
1215 2029 1344 2070 eum
1371 2014 1427 2068 in
1465 2021 1651 2069 monte
1677 2012 1899 2069 Galaad.
1919 2012 2083 2068 Venit

495 2115 682 2161 autem
714 2107 860 2162 Deus
880 2107 948 2161 ad
971 2106 1156 2161 Laban
1179 2105 1377 2178 Syrum
1405 2122 1507 2177 per
1536 2119 1790 2160 somnum
1817 2112 2003 2169 nocte,
2027 2111 2084 2158 et

494 2197 634 2252 dixit
649 2198 698 2252 ei
721 2197 890 2253 :Cave
907 2213 975 2254 ne
991 2197 1132 2254 forte
1157 2197 1402 2268 loquaris
1413 2198 1480 2252 ad
1503 2197 1671 2252 Jacob
1689 2197 2084 2251 mala.Etcom-

492 2291 790 2360 prehendit
813 2291 996 2346 Laban
1009 2291 1199 2358 Jacob,
1219 2291 1388 2347 Jacob
1408 2298 1593 2344 autem
1615 2288 1732 2344 ﬁxit
1757 2289 2087 2343 tabcmacu-

492 2382 608 2436 lum
644 2398 807 2436 suum
847 2383 904 2437 in
937 2390 1125 2437 monte
1163 2399 1178 2436 :
1216 2383 1404 2437 Lahan
1444 2389 1629 2436 autem
1660 2381 1852 2436 statuit
1883 2379 2084 2435 fratres

491 2490 624 2530 suos
665 2475 722 2528 in
765 2481 954 2529 monte
980 2473 1183 2530 Galaad
1200 2471 1265 2528 ⁸⁸.
1297 2493 1316 2525 ι
1350 2473 1614 2528 Adoritur
1656 2472 1840 2543 itaque
1869 2473 2079 2538 Laban,

494 2567 820 2636 incusatque
848 2566 1051 2621 acriter
1073 2566 1324 2621 divinum
1350 2565 1520 2622 Jacob
1540 2608 1554 2632 ,
1582 2566 1729 2636 quod
1769 2567 2082 2622 clanculum

491 2655 746 2726 fugisset,
793 2655 1010 2711 furatus
1036 2663 1250 2712 tantum
1288 2673 1400 2712 non
1442 2657 1584 2712 ﬁlias
1609 2657 1803 2728 ipsius,
1833 2672 2082 2729 quosque

494 2750 644 2804 domi
699 2749 940 2804 habebat
983 2750 1136 2806 deos.
1188 2751 1268 2805 ita
1309 2752 1458 2806 enim
1499 2751 1575 2807 ait
1611 2770 1625 2806 :
1664 2772 1682 2804 ι
1715 2751 1874 2808 Nunc
1913 2752 2082 2830 igitur

492 2845 654 2910 vade;
693 2844 969 2900 desiderio
1012 2844 1160 2900 enim
1186 2844 1514 2901 desiderasti
1541 2845 1597 2900 in
1643 2844 1872 2900 domum
1907 2847 2081 2916 patris

495 2938 767 2995 tuiabire.
793 2939 974 3005 Quare
999 2937 1214 2994 furatus
1237 2954 1318 3004 es,
1369 2939 1570 3010 inquit,
1608 2938 1742 2994 deos
1769 2940 1952 2994 meos?
1971 2939 2080 2994 Ne-

492 3031 704 3088 sciebat
727 3040 932 3098 autem,
959 3030 1159 3101 inquit,
1183 3030 1374 3097 Jacob,
1401 3031 1549 3102 quod
1578 3032 1783 3086 Rachel
1801 3048 1941 3087 uxor
1961 3033 2081 3102 ejus

492 3124 674 3179 furata
718 3132 865 3180 esset
909 3139 1023 3179 eos.
1064 3123 1353 3179 Scrutatus
1405 3124 1592 3193 itaque
1631 3124 1819 3179 Laban
1855 3124 2078 3180 domum

2188 643 2288 706 τὰς
2325 636 2652 708 Ἐκκλησίας
2675 638 2702 689 6
2742 633 3113 704 Ἐμμανουὴλ,
3143 632 3238 686 καὶ
3266 631 3656 701 ὴλλοτρίωνται
3675 629 3767 683 τοῦ

2189 733 2357 787 πάλαι
2381 730 2611 802 πατρός.
2641 727 2814 795 Λόγος
2835 727 2944 798 γὰρ
2970 727 3161 788 αὑταῖς
3181 724 3465 786 κοινωνίας
3491 723 3524 793 ἢ
3551 722 3768 793 ’μερίδος

2187 823 2359 887 οὐδείς
2386 825 2501 876 ἐστι
2529 820 2666 891 πρὸς
2701 818 2928 888 κόσμον,
2960 815 3019 880 ἐξ
3038 811 3100 870 οῦ
3124 815 3219 870 καὶ
3248 816 3566 886 κέκληνται.
3597 813 3769 866 Πλοῦ-

2184 934 2278 981 τος
2305 917 2363 970 δὲ
2403 914 2605 987 μᾶλλον
2636 913 2828 975 αὐταῖς
2859 909 2954 964 καὶ
2981 912 3093 972 τοῖς
3122 907 3332 971 τέκνοις
3361 906 3544 961 αὐτῶν
3575 903 3768 976 δ⁷ὑπὲρ

2185 1011 2311 1065 νοῦν
2355 1009 2452 1064 καλ⁸
2494 1008 2689 1075 λόγον’
2732 1004 2894 1068 αὐτὸς
2928 1005 2962 1074 ἠ
3005 1001 3164 1072 μερὶς
3203 1000 3298 1054 καὶ
3326 1002 3354 1054 6
3391 1000 3612 1071 κλῆρος,
3642 997 3769 1062 δόξα

2185 1123 2243 1160 τε
2289 1103 2385 1158 καὶ
2416 1099 2700 1172 καύχημα,
2735 1098 2829 1150 καὶ
2869 1097 2980 1149 πᾶν
3008 1093 3186 1149 ὁτιοῦν
3215 1094 3325 1146 τῶν
3359 1091 3659 1145 τελούντων
3691 1091 3770 1153 είς

2183 1191 2548 1264 λαμπρότητα
2581 1189 2673 1243 καὶ
2702 1185 3028 1257 εὐημερίαν.
3066 1181 3464 1253 Σκυθρωπάζει
3495 1181 3594 1250 μὲν
3623 1175 3717 1233 οὖν
3742 1181 3771 1232 6

2184 1288 2392 1357 κόσμος
2419 1281 2555 1355 ὁμοῦ
2591 1283 2704 1345 τοῖς
2746 1279 2900 1342 ἰδίοις
2926 1277 3142 1340 τέκνοις
3172 1277 3265 1330 ἐπὶ
3293 1275 3534 1346 Χριστῷ.
3571 1275 3664 1326 καὶ
3693 1271 3772 1343 τῷ

2183 1382 2282 1450 τῆς
2321 1375 2623 1448 βασκανίας
2650 1373 2955 1428 δαπανᾶταί.
2981 1370 3136 1440 πυρὶ,
3165 1368 3478 1441 προήκοντα
3507 1365 3667 1436 δόξης
3690 1365 3771 1428 είς

2181 1471 2340 1525 τοῦτο
2372 1467 2586 1540 βλέπων
2607 1465 2678 1529 ὼς
2703 1464 2831 1535 ὃλην
2859 1462 2950 1532 ὑφ’
2981 1460 3159 1530 ἑαυτῷ
3187 1458 3522 1530 ποιήσασθαι
3553 1457 3654 1527 τὴν
3677 1455 3771 1508 ὑπ’

2183 1561 2432 1633 οὐρανὸν,
2469 1559 2565 1612 καὶ
2591 1555 3008 1626 κατακρατῆσαι
3041 1552 3150 1606 τῶν
3175 1551 3268 1604 ἐπὶ
3287 1549 3388 1620 τῆς
3409 1549 3534 1618 γῆς.
3570 1549 3690 1601 Ὀτι
3713 1547 3769 1600 δὲ

2183 1649 2566 1721 τονθορυσμῶν
2596 1649 2853 1701 ἐπέκεινα
2873 1686 2888 1711 ,
2916 1647 3009 1700 καὶ
3045 1642 3324 1714 λοιδοριῶν
3351 1641 3419 1694 τά
3441 1641 3543 1711 τῆς
3576 1639 3770 1710 μανίας

2189 1741 2338 1813 αύτῷ
2372 1739 2784 1814 παρατείνεται,
2829 1738 2924 1791 καὶ
2957 1735 3166 1798 διώκει,
3197 1734 3292 1788 καὶ
3334 1733 3492 1803 φονᾷ,
3529 1731 3625 1783 καὶ
3649 1731 3772 1783 ὅσον

2186 1837 2360 1889 εἰπεῖν
2390 1837 2472 1898 είς
2515 1831 2934 1904 ἐγχειρημάτων
2981 1827 3214 1899 δύναμιν
3265 1827 3332 1896 τῇ
3363 1825 3459 1878 τοῦ
3515 1823 3772 1894 Σωτῆρος

2186 1923 2690 1998 ἁναφέρεταιδόξῃ,
2742 1922 2838 1976 καὶ
2885 1921 3008 1984 ταῖς
3046 1919 3137 1972 ὑπ’
3173 1917 3341 1972 αὑτοῦ
3397 1914 3771 1985 Ἐκκλησίαις,

2185 2021 2278 2074 καὶ
2305 2021 2417 2083 τοῖς
2445 2016 2611 2072 αὐτοῦ
2633 2016 2866 2079 τέκνοις,
2895 2012 3163 2075 τουτέστι,
3190 2012 3256 2081 τῇ
3273 2008 3382 2062 τῶν
3405 2007 3775 2062 πιστευόντων

2185 2109 2389 2180 πληθύῖ
2435 2106 2832 2177 καταφωρᾶται
2895 2100 3328 2173 πολεμιώτατος,
3386 2097 3776 2166 ἀταλαίπωρον

2187 2202 2315 2256 ἰδεῖν
2345 2200 2506 2254 τοῦτο
2531 2199 2724 2270 μαθεῖν
2751 2197 3028 2267 ἑλομένοις
3055 2193 3144 2247 διὰ
3167 2192 3278 2246 τῶν
3301 2190 3520 2262 ὲφεξῆςο
3549 2207 3569 2242 ι
3614 2189 3777 2242 Ἀνα-

2185 2294 2318 2357 στάς
2351 2292 2480 2364 γὰρ,
2511 2291 2666 2362 φησὶ,
2719 2287 2940 2353 Ἰακὼϐ,
2964 2286 3122 2340 ἔλαϐε
3157 2285 3258 2348 τὰς
3283 2287 3554 2354 γυναῖκας
3580 2280 3773 2347 αὐτοῦ,

2183 2390 2278 2444 καὶ
2311 2387 2379 2441 τὰ
2419 2387 2607 2441 παιδία
2627 2384 2793 2440 αὑτοῦ
2823 2384 2919 2436 ἐπὶ
2941 2382 3042 2446 τὰς
3061 2380 3367 2452 καμήλους,
3395 2378 3492 2432 καὶ
3513 2377 3776 2446 .ιπήγαγε

2185 2482 2363 2536 πάντα
2379 2479 2450 2534 τὰ
2468 2478 2784 2551 ὑπάρχοντα
2805 2475 2992 2542 αὑτοῦ,
3013 2475 3108 2529 καὶ
3122 2475 3307 2527 πᾶσαν
3331 2472 3433 2542 τὴν
3457 2467 3777 2540 ἀποσκευὴν

2183 2573 2371 2640 αὑτοῦ,
2413 2574 2480 2645 ἦν
2521 2571 2950 2643 περιεποιήσατο
2998 2569 3056 2622 ὲν
3087 2568 3155 2639 τῇ
3202 2561 3629 2634 Μεσοποταμίᾳ,
3682 2561 3776 2615 καὶ

2184 2668 2362 2721 πάντα
2394 2664 2465 2718 τὰ
2508 2662 2698 2731 αὑτοῦ,
2731 2664 2826 2718 καὶ
2870 2661 3085 2732 ἀπῆλθε
3130 2659 3265 2725 πρὸς
3313 2657 3501 2711 Ἰσαὰκ
3533 2657 3625 2709 τὸν
3667 2672 3776 2708 πα-

2182 2759 2316 2830 τέρα
2353 2756 2520 2812 αὐτοῦ
2550 2757 2608 2809 ὲν
2650 2757 2721 2826 γῇ
2762 2752 3004 2808 Χαναάν.
3050 2751 3238 2806 Λάϐαν
3266 2749 3324 2803 δὲ
3362 2748 3536 2819 ᾤχετο
3589 2749 3779 2818 κεῖραι

2182 2851 2251 2903 τὰ
2297 2850 2547 2921 πρόϐατα
2580 2846 2766 2902 αὐτοῦ.
2819 2846 3058 2917 Ἐκλεψε
3113 2845 3170 2898 δὲ
3221 2843 3424 2915 Ῥαχὴλ
3470 2841 3538 2895 τά
3578 2839 3778 2894 εἴδωλα

2182 2943 2275 2997 τοῦ
2306 2942 2514 3014 πατρὸς
2545 2941 2747 3011 αὐτῆς
2778 2939 2984 3010 ἔκρυψε
3024 2938 3082 2993 δὲ
3119 2935 3317 2992 Ἰακὼϐ
3346 2934 3534 2989 Λάϐαν
3559 2934 3652 2987 τὸν
3675 2933 3780 2986 Σύ-

2186 3049 2279 3104 ρον
2304 3031 2397 3086 τοῦ
2429 3031 2502 3102 μὴ
2541 3031 2864 3100 ἀναγγεῖλαι
2908 3028 3081 3099 αὐτῷ,
3125 3028 3208 3082 ὄτι
3238 3027 3625 3098 ἀπεδίδρασκε.
3665 3024 3779 3078 Καὶ

2183 3125 2399 3195 ἀπέδρα
2433 3123 2616 3188 αὐτὸς,
2667 3124 2762 3177 καὶ
2798 3122 2979 3176 πάντα
3023 3119 3093 3174 τὰ
3131 3118 3319 3184 αὐτοῦ,
3358 3121 3452 3173 καὶ
3487 3117 3642 3188 διέϐη
3686 3117 3778 3170 τὸν

493 3214 627 3280 Liae,
671 3217 804 3272 deos
829 3231 960 3271 suos
993 3231 1104 3270 non
1139 3217 1378 3286 reperit,
1431 3217 1526 3272 sed
1551 3232 1732 3287 neque
1775 3217 1830 3271 in
1870 3217 2082 3272 aedibus

2187 3218 2450 3286 ποταμὸν,
2500 3217 2594 3269 καὶ
2625 3215 2895 3287 ¹ὥρμησεν
2931 3217 3008 3280 εἰς
3035 3214 3097 3268 τὸ
3129 3213 3255 3285 ὅρος
3293 3213 3524 3268 Γαλαάδ.
3579 3214 3780 3282 ’Λνηγ-

494 3307 820 3361 ancillarum
849 3307 1010 3362 Ballaa
1033 3314 1089 3360 et
1131 3307 1353 3376 Zelphae
1374 3310 1439 3362 ⁵⁸.
1473 3327 1492 3360 ι
1516 3307 1656 3362 Cum
1691 3324 1825 3363 vero
1863 3317 2084 3378 putaret

493 3397 699 3452 Rachel
715 3413 811 3452 cos
836 3397 1154 3468 diligentius
1177 3399 1504 3468 quaerendos
1527 3413 1557 3452 a
1582 3406 1739 3468 patre
1756 3439 1771 3462 ,
1804 3399 2086 3469 eleganter

495 3503 623 3542 cum
651 3489 888 3560 decepit.
927 3509 944 3540 ‹
976 3490 1202 3561 Accepit
1237 3491 1385 3546 enim
1409 3531 1422 3557 ,
1466 3491 1676 3560 inquit,
1707 3490 1874 3556 idola,
1916 3500 1972 3546 et
1997 3491 2083 3545 in-

489 3581 628 3653 jecit
663 3595 726 3635 ea
753 3581 810 3634 in
842 3590 1143 3637 stramenta
1189 3583 1405 3650 cameli,
1435 3591 1490 3638 et
1525 3582 1668 3637 sedit
1691 3598 1858 3652 super
1899 3583 1998 3648 eis,
2030 3592 2086 3638 ct

496 3674 637 3730 dixit
681 3675 821 3745 patri
851 3688 953 3729 suo
1001 3691 1014 3727 :
1053 3673 1134 3730 Ne
1172 3673 1413 3745 graviter
1441 3674 1620 3741 feras,
1666 3673 1889 3728 domine
1925 3691 1938 3728 :
1972 3691 2081 3729 non

495 3773 691 3838 potero
715 3781 940 3838 surgere
965 3782 1149 3822 coram
1180 3774 1254 3832 te,
1281 3766 1409 3836 quia
1431 3767 1588 3838 juxta
1621 3766 2084 3822 consuetudinem

495 3859 825 3915 feminarum
852 3875 1001 3916 nunc
1039 3859 1243 3915 accidit
1278 3860 1434 3914 mihi.
1479 3859 1770 3916 Scrutatus
1792 3868 1876 3915 est
1899 3868 2082 3914 autem

495 3951 683 4008 Laban
706 3952 761 4008 in
785 3953 934 4008 omni
960 3952 1144 4020 domo,
1173 3959 1229 4008 et
1255 3967 1367 4008 non
1395 3951 1606 4008 invenit
1627 3951 1773 4007 idola
1789 3952 1856 4006 5°.
1891 3973 1911 4004 ι
1945 3951 2083 4008 Cum

496 4045 680 4114 itaque
709 4044 867 4114 inops
888 4052 1035 4100 esset
1055 4043 1291 4110 consilii,
1317 4050 1374 4100 et
1396 4044 1628 4100 deorum
1653 4059 1881 4100 suorum
1900 4044 2082 4114 jactu-

495 4150 646 4200 ram,
672 4143 734 4188 ut
763 4135 1063 4189 verisimile
1104 4144 1221 4200 est,
1266 4133 1608 4204 deploraret,
1654 4133 1904 4204 increpat
1953 4149 2082 4189 eum

497 4225 699 4280 merito
757 4225 951 4280 beatus
1002 4225 1205 4290 Jacob,
1257 4225 1404 4296 quod
1451 4226 1658 4280 frustra
1717 4226 1898 4295 ipsum
1952 4242 2082 4296 per-

496 4325 856 4387 sequeretur,
923 4334 1048 4374 cum
1102 4317 1251 4372 nulla
1302 4318 1516 4372 ratione
1566 4317 1747 4386 ipsum
1799 4317 2084 4371 criminari

497 4415 704 4480 posset.
736 4408 945 4463 Deinde
980 4408 1048 4463 de
1071 4407 1367 4462 concordia
1390 4415 1662 4477 pactoque
1679 4405 1923 4461 ineundo
1950 4405 2083 4476 ipsis

498 4501 633 4556 moti
659 4508 788 4555 sunt
821 4515 1123 4556 sermones.
1161 4505 1179 4550 ι
1210 4499 1571 4570 Respondens
1597 4498 1746 4555 enim
1779 4499 1968 4554 Laban
1993 4498 2083 4553 di-

2186 3311 2318 3378 γέλη
2352 3309 2406 3360 δὲ
2437 3307 2624 3361 Λάϐαν
2655 3307 2732 3378 τῷ
2776 3307 2935 3379 Σύρῳ
2963 3310 3029 3378 τῇ
3056 3307 3217 3378 τρίτῃ
3244 3306 3428 3377 ἡμέρᾳ
3452 3307 3534 3358 ὅτι
3563 3305 3780 3376 ἀπέδρα

2200 3397 2414 3452 Ἰακώϐ.
2446 3399 2556 3450 Καὶ
2574 3397 2910 3468 παραλαϐὼν
2943 3398 3150 3459 πάντας
3166 3396 3293 3460 τοὺς
3321 3397 3587 3464 ἀδελφοὺς
3605 3393 3777 3448 αὑτοῦ

2190 3495 2309 3565 μετ’
2333 3492 2522 3557 αὑτοῦ,
2555 3493 2774 3557 ἐδίωξεν
2809 3493 2984 3546 ὀπίσω
3016 3491 3180 3545 αὐτοῦ
3215 3491 3332 3545 ὁδὸν
3355 3490 3578 3562 ἡμερῶν
3611 3490 3776 3554 ἑπτὰ,

2187 3587 2280 3639 καὶ
2317 3585 2609 3638 κατέλαϐεν
2649 3586 2814 3639 αὑτὸν
2852 3586 2909 3638 ὲν
2942 3584 3019 3655 τῷ
3059 3583 3174 3655 ὅρει
3200 3584 3434 3638 Γαλαάδ.
3468 3580 3642 3636 1Ἦλθε
3675 3585 3731 3636 δὲ
3753 3585 3782 3636 6

2186 3679 2321 3742 Θεὸς
2364 3678 2501 3748 πρὸς
2535 3677 2723 3731 Λάϐαν
2754 3677 2847 3729 τὸν
2885 3676 3058 3748 Σύρον
3087 3677 3212 3730 καθ’
3245 3675 3411 3728 ὕπνον
3441 3675 3543 3745 τὴν
3579 3674 3779 3738 νύκτα,

2185 3769 2280 3823 καὶ
2303 3766 2456 3823 εἶπεν
2472 3769 2642 3840 αύτῷ.
2661 3767 2897 3833 Φύλαξαι
2931 3769 3156 3824 σεαυτὸν
3177 3768 3270 3822 τοῦ
3293 3768 3367 3840 μὴ
3387 3768 3614 3838 λαλῆσαι
3637 3767 3781 3838 πρὸς

2197 3861 2390 3916 Ἰακὼϐ
2410 3861 2642 3932 πονηρά.
2667 3862 2777 3915 Καὶ
2800 3861 3066 3915 κατέλαϐε
3101 3861 3389 3917 Λάϐαντὺν
3419 3859 3637 3915 Ἰακώϐ.
3679 3861 3784 3913 Ἰα-

2185 3952 2303 4007 κὼϐ
2334 3953 2391 4008 δὲ
2425 3952 2594 4024 ἔπηξε
2625 3951 2724 4022 τὴν
2756 3953 2960 4025 σκηνὴν
2992 3951 3154 4006 αὐτοῦ
3198 3953 3257 4006 ὲν
3287 3950 3367 4022 τῷ
3413 3951 3550 4022 ὄρει.
3587 3950 3784 4003 Δάϐαν

2183 4048 2240 4102 δὲ
2274 4047 2467 4118 ἔστησε
2499 4046 2625 4111 τοὺς
2654 4045 2918 4115 ἀδελφοὺς
2953 4044 3118 4099 αὐτοῦ
3136 4045 3196 4098 ἔν
3223 4043 3302 4114 τῷ
3332 4043 3449 4113 ὄρει
3476 4041 3514 4095 Γ
3517 4041 3717 4095 αλαάδ.
3757 4057 3777 4092 ι

2185 4141 2583 4213 Περιτυγχάνει
2617 4139 2715 4211 μὲν
2754 4137 2848 4192 οὖν
2892 4141 2920 4192 ὁ
2965 4138 3170 4201 Λάϐαν,
3219 4137 3532 4190 ἐπαιτιᾶται
3570 4133 3628 4187 δὲ
3659 4134 3783 4187 λίαν

2183 4230 2276 4286 τὸν
2313 4231 2600 4285 θεσπέσιον
2640 4227 2856 4294 Ἰακὼϐ,
2887 4227 3289 4298 ὄτιλεληθότως
3317 4226 3551 4297 ἀπέδρα,
3583 4242 3784 4296 μονον-ν

2186 4323 2309 4393 ουχὶ
2355 4319 2640 4390 κεκλοφὼς
2677 4321 2778 4384 τὰς
2823 4319 3131 4392 θυγατέρας
3169 4317 3359 4382 αὐτοῦ,
3401 4318 3497 4371 καὶ
3541 4316 3674 4380 τοὺς
3723 4317 3783 4368 ὲν

2183 4412 2318 4482 οἴκῳ
2344 4411 2518 4475 θεούς.
2553 4412 2701 4480 Ἔφη
2728 4409 2837 4481 γὰρ
2875 4409 2968 4463 ὡδί
2999 4425 3013 4440 ο
3065 4426 3084 4460 ι
3118 4406 3234 4461 Νῦν
3262 4403 3357 4462 οῦν
3397 4407 3779 4475 πεπόρευσαι·

2186 4503 2454 4575 ἐπιθυμίᾳ
2477 4503 2587 4573 γὰρ
2615 4501 2970 4572 ἐπεθύμησας
2999 4499 3254 4555 ἀπελθεῖν
3284 4499 3364 4562 είς
3388 4498 3481 4551 τὸν
3507 4492 3661 4550 οἶκον
3681 4493 3780 4549 τοῦ

497 4594 578 4649 xit
600 4593 768 4650 Jacoh
797 4610 810 4646 :
835 4592 982 4647 Filiae
1005 4598 1112 4647 tuae
1133 4591 1257 4647 ﬁlia:
1293 4607 1429 4648 meze
1467 4600 1623 4658 sunt,
1653 4600 1709 4647 et
1739 4591 1838 4646 ﬁlii
1878 4592 1958 4647 tui
1984 4591 2082 4646 ﬁlii

2190 4595 2395 4666 πατρός
2426 4611 2542 4649 σου.
2572 4595 2689 4647 Ἵνα
2719 4594 2772 4647 τί
2803 4593 3061 4664 ἔκλεψας,
3102 4593 3258 4664 φησὶ,
3288 4591 3419 4654 τοὺς
3443 4589 3601 4650 θεούς
3636 4602 3779 4658 μους

497 4685 630 4750 mei,
665 4693 721 4739 et
752 4698 950 4755 pecora
992 4694 1084 4738 tua
1123 4700 1326 4754 pecora
1367 4700 1487 4739 mea
1513 4727 1526 4749 ,
1555 4693 1612 4741 et
1645 4686 1827 4739 omnia
1871 4701 1993 4754 quae
2023 4694 2083 4739 tu

496 4776 654 4832 vides
680 4791 800 4829 mea
819 4782 966 4838 sunt,
991 4780 1047 4828 et
1073 4773 1308 4828 filiarum
1330 4790 1600 4829 mearum.
1625 4774 1768 4841 Quid
1798 4775 1992 4829 faciam
2018 4775 2086 4830 iis

499 4869 686 4934 hodie,
714 4876 810 4923 aut
835 4866 960 4922 ﬁliis
982 4881 1194 4930 earum,
1215 4881 1353 4936 quos
1377 4874 1714 4936 pepererunt
1735 4865 1934 4921 ?Nunc
1952 4881 2084 4937 ergo

497 4962 662 5028 veni,
690 4962 1032 5032 deponamus
1059 4957 1238 5014 foedus
1261 4973 1362 5028 ego
1402 4965 1458 5012 et
1496 4965 1576 5023 tu,
1613 4963 1670 5012 et
1695 4956 1803 5012 erit
1835 4956 1890 5011 in
1922 4957 2081 5012 testi-

499 5055 746 5111 monium
768 5055 913 5110 inter
950 5069 1037 5108 me
1059 5060 1115 5107 et
1145 5061 1221 5107 te.
1252 5050 1398 5106 Dixit
1418 5056 1602 5104 autem
1642 5049 1692 5104 ei
1722 5065 1735 5102 :
1763 5049 1922 5115 Vide,
1953 5049 2082 5103 nul-

496 5149 584 5204 lus
609 5147 900 5204 nobiscum
927 5153 1031 5210 est,
1059 5146 1206 5200 Deus
1239 5141 1395 5213 155
1421 5142 1576 5196 testis
1616 5140 1762 5196 inter
1797 5155 1884 5195 me
1923 5147 1978 5196 et
2005 5147 2078 5195 te.

498 5239 788 5311 Accipiens
807 5248 991 5295 autem
1016 5237 1185 5294 Jacob
1209 5236 1471 5306 lapidem,
1496 5235 1688 5289 statuit
1710 5248 1836 5289 eum
1864 5232 1919 5287 in
1946 5232 2080 5286 titu-

499 5334 635 5388 lum.
666 5333 814 5388 Dixit
844 5341 1028 5387 aulem
1053 5329 1220 5386 Jacob
1254 5327 1518 5383 fratribus
1555 5326 1704 5381 suis:
1730 5326 1980 5397 Colligite
2004 5325 2083 5380 la-

500 5425 676 5494 pides.
703 5425 772 5479 Et
795 5424 1132 5495 collegerunt
1165 5419 1407 5490 lapides,
1456 5428 1514 5473 et
1565 5417 1816 5472 fecerunt
1849 5417 2078 5482 collem,

501 5516 940 5571 etcomederunt
970 5515 1082 5570 illic
1103 5527 1270 5582 super
1303 5511 1519 5566 collem.
1549 5510 1618 5565 Et
1642 5510 1778 5564 dixit
1797 5509 1848 5565 ei
1872 5509 2080 5564 Lahan:

503 5607 773 5661 Tumulus
797 5606 888 5662 hic
913 5605 1020 5661 erit
1046 5602 1425 5659 testimonium
1452 5603 1597 5658 inter
1617 5617 1704 5656 me
1728 5609 1784 5656 et
1829 5609 1878 5656 te
1895 5599 2080 5655 hodie.

503 5699 572 5755 Et
605 5698 826 5753 vocavit
849 5714 976 5752 eum
1011 5697 1197 5752 Laban
1217 5736 1230 5760 ,
1261 5695 1530 5750 Tumulus
1559 5694 1855 5749 testimonii
1880 5711 1893 5759 ;
1919 5692 2088 5748 Jacob

503 5802 687 5848 autem
713 5805 840 5846 cum
864 5789 1098 5853 vocavit,
1123 5788 1391 5844 Tumulus
1413 5789 1566 5842 testis
1589 5788 1654 5842 ⁵³.
1691 5808 1708 5838 ι

576 5905 622 5940 ⁸⁸
669 5904 804 5966 Gen.
835 5920 977 5976 xm,
1026 5902 1208 5960 l7-25.
1292 5902 1330 5936 ἰε’
1367 5901 1501 5959 ibid.
1539 5902 1605 5957 50
1641 5902 1725 5956 55.

2201 4687 2344 4741 Ἀλλ’
2396 4688 2497 4740 οὐκ
2539 4687 2678 4758 ᾔδει,
2713 4687 2897 4758 φησὶν,
2939 4686 3155 4750 Ἰακὼϐ,
3186 4687 3267 4740 ὅτι
3319 4683 3522 4754 Ῥαχὴλ
3563 4684 3597 4754 ἡ
3636 4680 3782 4752 γυνὴ

2189 4779 2354 4835 αὐτοῦ
2394 4779 2620 4850 ἔκλεψεν
2664 4780 2882 4842 αὐτούς.
2931 4781 3266 4852 Ἐρευνὴσας
3311 4777 3368 4830 δὲ
3415 4776 3603 4830 Λάϐαν
3647 4774 3783 4837 τοὺς

2192 4873 2358 4936 ίδίους
2392 4873 2570 4937 θεοὺς,
2601 4873 2698 4944 οὐχ
2732 4871 2980 4943 εὑρίσκει
3009 4872 3159 4943 παρὰ
3203 4873 3267 4942 τῇ
3315 4869 3472 4939 Λεία,
3514 4867 3629 4921 ἀλλ’
3654 4865 3782 4918 οὐδὲ

2189 4967 2246 5020 ὲν
2283 4964 2361 5036 τῷ
2407 4967 2539 5036 οἴκῳ
2591 4965 2939 5036 θεραπαινῶν
2981 4965 3193 5026 Βάλλας
3240 4979 3300 5015 τε
3344 4962 3439 5014 καὶ⁸
3481 4959 3717 5028 Ζελφᾶς.
3754 4973 3774 5008 ι

2202 5059 2423 5129 Ἐπειδὴ
2451 5058 2506 5110 δὲ
2552 5058 2955 5129 προσεδόκησεν
3000 5059 3032 5129 ἡ
3078 5055 3281 5128 Ῥαχὴλ
3314 5050 3780 5124 ἐρευνηθήσεσθαι

2193 5151 2344 5221 παρὰ
2380 5151 2473 5204 τοῦ
2503 5151 2731 5221 πατρὸς,
2763 5151 2862 5203 οὐκ
2889 5138 3152 5218 ἀκόμψως
3184 5148 3245 5200 τὸ
3290 5147 3442 5218 ῥῆμα
3474 5140 3780 5215 κατασοφί-

2190 5242 2357 5306 ζεται.
2399 5262 2417 5293 ι
2459 5242 2660 5295 Ἕλαϐε
2688 5241 2798 5312 γὰρ
2829 5241 2899 5295 τὰ
2943 5241 3157 5301 εἴδωλα,
3190 5239 3346 5308 φησὶ,
3396 5240 3492 5292 καὶ
3521 5235 3778 5290 ἐνέϐαλεν

2188 5335 2327 5388 αὐτὰ
2360 5336 2440 5398 είς
2465 5334 2532 5388 τὰ
2566 5335 2824 5404 σάγματα
2848 5334 2947 5402 τῆς
2989 5331 3262 5401 καμήλου,
3307 5332 3402 5384 καὶ
3443 5331 3777 5385 ἐπεκάθισεν

2186 5426 2390 5488 αὐτοῖς,
2423 5426 2517 5478 καὶ
2551 5421 2672 5478 εἶπε
2705 5423 2782 5495 τῷ
2817 5424 2982 5494 πατρὶ
3013 5424 3202 5494 αὐτῆς*
3230 5423 3325 5492 Μὴ
3357 5422 3569 5493 βαρέως
3609 5421 3773 5493 φέρε,

2189 5518 2366 5588 κύριε,
2400 5517 2459 5569 οὐ
2491 5516 2726 5586 δύναμαι
2770 5517 3068 5586 ἀναστῆναι
3102 5515 3333 5567 ἐνώπιόν
3376 5532 3493 5570 σου.
3534 5516 3614 5568 ὅτι
3648 5515 3775 5566 κατ’

2188 5608 2411 5678 ἐθισμὸν
2439 5608 2546 5661 τῶν
2573 5607 2848 5676 γυναικῶν
2882 5607 2970 5678 μοί
2994 5609 3130 5661 ἐστι.
3169 5605 3463 5676 Ἦρεύνησε
3490 5605 3545 5657 δὲ
3579 5603 3778 5657 Λάϐαν

2191 5701 2250 5752 ἐν
2286 5697 2391 5770 ὅλῳ
2429 5699 2507 5769 τῷ
2549 5699 2682 5768 οἴκῳ
2726 5699 2910 5763 αὐτοῦ,
2954 5699 3046 5753 καὶ
3089 5700 3184 5768 οὐχ
3223 5691 3350 5769 εὗρε
3381 5697 3449 5750 τὰ
3494 5696 3714 5750 εἴδωλα.
3749 5714 3772 5748 ι

2205 5788 2574 5859 Ὶιπορηκότος
2599 5787 2777 5840 τοίνυν
2812 5788 2912 5860 ἢδη
2942 5807 3078 5855 πως,
3108 5789 3506 5860 ὀλοφυρομένου
3530 5804 3585 5841 τε
3629 5783 3778 5840 κατὰ

1806 5901 1848 5932 se
1898 5901 2264 5969 ibid.5!,
2320 5901 2386 5934 -ιι
2447 5899 2583 5958 ibid.
2629 5897 2816 5957 45-48.
