4074 6260
291 391 396 450 149
1310 399 1840 458 GLAPHYRORUM
1879 401 1948 456 IN
1985 400 2286 457 GENESIM
2325 401 2451 456 LIB.
2494 401 2555 456 V.
3467 410 3577 467 ςδο

292 506 355 561 τὸ
387 505 562 570 είκδς,
587 505 703 561 τῶν
748 507 897 562 ίδίων
947 508 1081 562 θεῶν
1127 509 1226 582 τὴν
1270 511 1572 580 ἀπώλειαν,
1622 515 1887 585 ἐπῃτιᾶτο
1924 516 2109 568 λοιπὸν
2143 516 2373 580 εἰκότως
2411 517 2440 568 6
2475 517 2744 587 μακάριος
2793 516 3010 584 Ἰακὼϐ,
3038 518 3113 582 ὼς
3167 519 3290 591 είκῆ
3354 519 3571 576 διώκειν

295 599 462 652 αὐτὸν
494 601 798 670 ᾑρημένον,
827 603 922 656 καὶ
967 605 1211 672 ἐγκαλεῖν
1245 607 1346 659 οὐκ
1375 607 1568 678 ἔχοντα
1603 609 1883 674 παντελῶς
1920 611 2097 664 οὐδέν.
2117 607 2251 666 Εἶτα
2278 614 2406 683 περὶ
2467 612 2791 682 συμϐάσεως
2847 614 3031 677 αὐτοῖς
3056 615 3365 686 κεκίνηνται
3398 616 3567 684 λόγοι,

295 696 397 749 καὶ
445 695 667 760 σύνεσις
712 699 841 769 παρ’
881 699 1080 769 ἀμφοῖν
1128 703 1206 765 είς
1254 703 1479 775 είρήνην
1527 705 1851 775 ἐπράττετο.
1897 724 1917 758 ι
1965 705 2310 778 Ἀποκριθεὶς
2340 706 2448 778 γάρ
2481 710 2511 762 6
2547 707 2768 774 Λάϐαν,
2820 709 3018 780 φησὶν,
3063 706 3182 763 εἰπε
3214 711 3291 780 τῷ
3341 712 3565 766 Ἰακώϐ·

300 785 371 838 Δί
406 783 709 856 θυγατέρες
745 805 837 842 σου
874 790 1172 864 θυγατέρες
1210 811 1340 865 μου,
1370 797 1466 850 καὶ
1506 798 1613 850 υίοί
1666 814 1783 861 σου,
1817 798 1920 850 υίοί
1961 816 2087 869 μου,
2119 801 2214 852 καὶ
2270 800 2340 852 τὰ
2367 801 2536 871 κτήνη
2571 819 2664 855 σου
2694 804 2863 874 κτήνη
2889 821 3014 874 μου,
3051 805 3143 858 καὶ
3167 806 3343 858 πάντα
3369 805 3468 858 ὅσα
3503 807 3567 859 σὺ

303 876 463 948 ὁρᾷς,
488 879 607 964 ἐμά
638 881 769 947 ἐστι,
796 882 1022 937 καὶτῶν
1063 883 1379 958 θυγατέρων
1414 905 1540 958 μου.
1611 889 1678 942 Τί
1735 892 1951 962 ποιήσω
1989 892 2215 956 ταύταις
2252 895 2511 964 σήμερον,
2539 895 2633 948 καὶ
2663 897 2774 958 τοῖς
2797 895 3006 959 τέκνοις
3038 895 3218 949 αὐτῶν
3238 890 3320 959 οἷς
3349 895 3566 962 ἔτεκονς

308 966 426 1052 Νῦν
451 963 541 1020 οὖν
569 967 741 1038 δεῦρο,
772 970 1088 1042 διαθώμεθα
1113 973 1381 1046 διαθήκην
1407 975 1520 1046 ἐγὼ
1549 978 1645 1030 καὶ
1677 978 1765 1041 σὺ,
1788 982 1884 1032 καί⁹
1920 979 2075 1036 ἔσται
2108 983 2189 1045 εἰς
2258 963 2564 1054 μαρτυρίαν
2597 985 2700 1038 ἀνά
2735 985 2898 1055 μέσον
2967 985 3104 1057 ἐμοῦ
3142 989 3234 1039 καὶ
3266 986 3381 1039 σοῦ.
3430 983 3566 1040 Elite

305 1059 361 1112 δὲ
385 1059 561 1129 αὐτῷ·
603 1061 730 1114 Ἰδοὺ
806 1064 980 1128 οὐδεὶς
1021 1065 1142 1135 μεθ’
1171 1067 1325 1137 ἡμῶν
1367 1070 1538 1133 ἐστιν,
1585 1071 1662 1123 ίδὲ
1701 1072 1731 1124 6
1778 1070 1912 1136 Θεὸς
1954 1073 2168 1142 μάρτυς
2204 1075 2308 1128 ἀνά
2355 1075 2519 1145 μέσον
2562 1076 2696 1146 ἐμοῦ
2731 1077 2822 1130 καὶ
2856 1077 2972 1131 σοῦ.
3008 1076 3204 1130 Λαϐὼν
3270 1078 3327 1131 δὲ
3371 1075 3567 1129 Ἰακὼϐ

301 1147 462 1216 λίθον,
495 1149 720 1221 ἔστησεν
769 1154 934 1208 αὐτὸν
974 1157 1201 1230 στήλην.
1249 1157 1387 1214 Εἷπι
1463 1161 1519 1214 δὲ
1564 1161 1760 1216 Ἰακὼϐ
1800 1167 1916 1228 τοῖς
1991 1166 2242 1234 ἀδελφοῖς
2289 1167 2453 1220 αὐτοῦ
2484 1184 2499 1198 ·
2525 1168 2818 1238 Συλλέγετε
2868 1169 3069 1233 λίθους.
3119 1169 3228 1223 Καὶ
3279 1168 3566 1234 συνέλεξαν

293 1239 490 1306 λίθους,
527 1244 622 1298 καὶ
653 1245 924 1318 ἐποίησαν
969 1247 1178 1318 βουνὸν,
1224 1253 1317 1306 καὶ
1359 1252 1562 1323 ἔφαγον
1609 1257 1730 1309 ἐκεῖ
1775 1257 1870 1310 ἐπὶ
1906 1256 2002 1310 τοῦ
2031 1258 2245 1328 βουνοῦ.
2286 1260 2395 1313 Καὶ
2424 1254 2580 1313 εἶπεν
2617 1261 2764 1331 αὐτῷ
2801 1261 2990 1315 Λάϐαν
3018 1278 3032 1290 ⁸
3077 1262 3136 1315 ’0
3181 1261 3366 1331 βουνὸς
3410 1256 3562 1322 οὗτος

293 1340 563 1429 μαρτυρεῖ
589 1339 694 1393 ἀνά
718 1341 886 1406 μέσον
913 1342 1049 1413 ἐμοῦ
1112 1344 1208 1398 καὶ
1271 1347 1367 1402 σοῦ
1403 1350 1664 1421 σήμερον.
1695 1351 1807 1406 Καὶ
1850 1351 2114 1408 ἐκάλεσεν
2155 1354 2320 1409 αὑτὸν
2383 1355 2589 1424 Λάϐαν,
2626 1356 2824 1420 Βουνὸς
2874 1357 3202 1429 μαρτυρίας.
3262 1354 3460 1410 Ἰακὼϐ
3505 1354 3561 1407 δι

291 1427 551 1483 ἐκάλεσεν
585 1432 768 1497 αὑτὸν,
807 1433 1009 1497 Βουνδς
1047 1435 1279 1507 μάρτυς.

357 1552 422 1600 ε’.
466 1547 869 1620 Ἐπιτροχάδην
907 1550 1008 1620 μὲν
1035 1546 1128 1606 οὖν
1161 1553 1220 1606 ὲν
1241 1555 1451 1620 τούτοις
1484 1557 1579 1612 καὶ
1616 1557 1861 1612 κολοϐοῦι

2052 1555 2104 1610 5.
2158 1553 2407 1608 Breviter
2438 1554 2606 1623 igitur
2646 1556 2700 1608 in
2742 1555 2832 1611 bis
2857 1557 2931 1610 'et
2959 1558 3239 1614 succincte
3272 1561 3560 1619 historiam

290 1636 368 1702 ῶς
397 1636 479 1690 ένι
508 1639 904 1705 σπουδάζοντες
931 1641 999 1695 τά
1016 1643 1115 1714 τῆς
1146 1644 1384 1717 ἱστορίας
1412 1647 1763 1720 ἀφηγήμεθα.
1789 1649 1875 1704 Τά

291 1728 353 1783 δὲ
382 1731 464 1792 είς
487 1729 614 1783 νοῦν
638 1731 740 1802 ἤδη
779 1731 874 1786 τὸν
909 1735 1166 1788 ἐσωτάτω
1193 1736 1517 1809 διατρανοῦν
1548 1741 1871 1810 ἀναγκαῖον.

296 1820 424 1875 Ὀτι
453 1821 632 1875 τοίνυν
653 1824 981 1894 ἐπεμάνισεν
1008 1827 1038 1879 6
1068 1828 1277 1898 κόσμος
1303 1829 1626 1886 πλουτοῦντι
1650 1833 1872 1904 Χριστῷ

293 1913 394 1976 τὰς
424 1913 533 1966 τῶν
559 1915 921 1970 πιστευόντων
945 1919 1169 1986 ἀγέλας,
1201 1923 1300 1975 καὶ
1333 1923 1670 1994 ἐπιθρώσκει
1698 1925 1875 1978 λελυτ-

292 2003 500 2072 τηκὼς,
530 2005 591 2058 ού
627 2007 857 2078 μακρῶν
884 2007 951 2063 ἂν
979 2010 1154 2065 δέοιτο
1182 2013 1363 2081 λόγων
1397 2031 1482 2079 τις
1504 2018 1582 2079 είς
1622 2017 1876 2088 παράδει-

292 2097 376 2163 ειν
415 2099 647 2170 ἐναργῆ.
694 2100 807 2154 Θέα
836 2100 948 2172 γὰρ
977 2103 1124 2168 ὅπως
1167 2105 1501 2174 ἀπαίροντος
1542 2108 1636 2162 τοῦ
1680 2107 1874 2162 Ἰακὼϐ

286 2186 480 2242 διώκει
532 2189 727 2258 φωνῶν
770 2192 800 2244 6
849 2193 1034 2249 Λάϐαν
1083 2196 1220 2266 ὁμοῦ
1266 2199 1382 2262 τοῖς
1441 2197 1591 2260 ίδίοις
1637 2199 1866 2264 τέκνοις.

300 2281 556 2352 Ἆπαίρει
587 2283 643 2336 δὲ
677 2282 868 2357 ὥσπερ
901 2289 994 2341 καὶ
1038 2289 1149 2342 ἀπὸ
1194 2289 1405 2361 κόσμου
1454 2292 1688 2360 Χριστὸς
1729 2292 1868 2364 όμοῦ

283 2365 406 2432 ταῖς
429 2371 628 2424 ἑαυτοῦ
654 2371 917 2444 νύμφαις,
942 2377 1194 2430 τουτέστι
1223 2381 1346 2442 ταῖς
1379 2379 1748 2450 Ἐκκλησίαις,
1774 2383 1870 2436 καὶ

283 2463 446 2516 οἱονεὶ
480 2465 700 2517 πανοικὶ
743 2467 1149 2538 μετανίσταται,
1179 2472 1389 2544 νοητῶς
1414 2475 1528 2536 τοῖς
1563 2473 1714 2538 ίδίοις
1746 2476 1870 2528 ἐπι-

285 2555 497 2623 φωνῶνο
543 2575 563 2607 ι
586 2557 921 2630 Ἐγείρεσθε,
959 2560 1184 2632 ἄγωμεν
1220 2563 1495 2618 ἐντεῦθεν.
1530 2583 1548 2616 ι
1594 2565 1654 2620 Ὀ
1684 2565 1742 2618 δέ
1767 2567 1868 2638 τῆς

283 2650 578 2720 ἀπάρσεως
609 2652 816 2722 τρόπος
847 2654 946 2706 οὐκ
983 2655 1274 2727 αἰσθητῶς,
1302 2657 1426 2712 οὕτε
1465 2657 1572 2729 μὴν
1599 2660 1681 2723 είς
1703 2659 1867 2714 τόπον

284 2741 348 2794 ἐκ
393 2743 557 2795 τόπου
601 2745 931 2815 σωματικῶς
978 2748 1338 2817 ἐκπράττοιτο
1369 2751 1455 2804 ἀν.
1507 2751 1718 2821 Κομιδῇ
1755 2751 1866 2820 γὰρ

285 2830 450 2902 ἄηθες
467 2834 526 2886 τὸ
545 2829 648 2888 ὧδε
683 2838 908 2906 φρονεῖν
937 2838 969 2908 ἥ
1000 2839 1202 2907 λέγειν.
1249 2840 1392 2893 ’Λλλ⁹
1425 2843 1490 2894 ἐκ
1513 2842 1609 2895 τοῦ
1643 2845 1863 2913 φρονεῖν

291 2922 362 2976 τὰ
378 2925 469 2977 τοῦ
496 2925 699 2996 κόσμου
731 2928 870 2997 πρὸς
894 2928 954 2981 τὸ
969 2929 1101 3000 δρᾷν
1132 2930 1342 2984 ἐθέλειν
1365 2931 1434 2985 τά
1453 2932 1713 2986 δοκοῦντα
1742 2932 1864 3004 Θεῷ

295 3016 576 3086 χρησίμως
603 3019 1047 3090 ἀποπεραίνεται.
1092 3021 1182 3085 Ὠς
1217 3022 1328 3093 γάρ
1361 3025 1389 3076 6
1427 3026 1696 3095 μακάριος
1722 3027 1864 3095 γρά⁴

293 3119 389 3172 (ρει
429 3105 662 3171 Παῦλος,
705 3109 806 3162 οὐκ
840 3109 1034 3180 ἔχομεν
1061 3104 1166 3164 ὧδε
1212 3114 1482 3183 μένουσαν
1511 3115 1684 3178 πόλιν,
1727 3116 1862 3171 ἀλλά

284 3192 392 3265 τὴν
416 3195 704 3265 μέλλουσαν
723 3199 1111 3271 ἐπιζητοῦμεν,
1128 3196 1194 3273 ἦς
1211 3205 1459 3276 τεχνίτης
1481 3207 1573 3259 καί
1599 3207 1662 3278 δη
1672 3225 1861 3279 μιουρσ

279 3287 384 3355 γὸς
409 3289 438 3340 6
465 3287 612 3351 Θεός.
640 3291 846 3362 Γράφει
874 3292 931 3345 δὲ
953 3294 1048 3346 καὶ
1077 3292 1265 3364 ἐτερος
1290 3295 1398 3348 τῶν
1429 3297 1600 3365 άγίων
1626 3301 1861 3354 ἀποστό-

280 3379 428 3433 λωνο
465 3399 485 3432 ι
525 3383 835 3454 Παρακαλῶ
865 3383 941 3448 ὡς
978 3385 1274 3458 παροίκους
1298 3389 1393 3441 καὶ
1422 3391 1858 3461 παρεπιδήμους,

280 3472 551 3544 ἀπέχεσθε
593 3474 702 3529 τῶν
743 3478 1022 3548 σαρκικῶν
1059 3477 1394 3548 ἐπιθυμιῶν,
1434 3481 1639 3546 αἵτινες
1696 3501 1862 3555 στρα-

276 3562 530 3618 τεύονται
560 3567 704 3620 κατά
740 3567 840 3637 τῆς
876 3567 1076 3639 ψυχῆς.
1127 3588 1146 3621 ι
1196 3571 1639 3640 Περιπατοῦντες
1668 3573 1724 3627 δέ
1765 3574 1859 3635 ἐπὶ

277 3654 378 3720 τῆς
408 3656 531 3727 γῆς,
563 3657 640 3722 ὡς
664 3658 722 3712 ἐν
744 3658 960 3730 οὐρανῷ
999 3659 1282 3730 ποιώμεθα
1309 3661 1370 3714 τὸ
1395 3663 1720 3735 πολίτευμα,
1750 3665 1860 3718 δια-

278 3750 380 3819 ζῇν
409 3749 808 3816 σπουδάζοντες
835 3753 1113 3823 σαρκικῶς
1132 3753 1232 3822 μὲν
1251 3753 1351 3808 οὐκ
1369 3753 1472 3819 ἔτι,
1499 3756 1856 3828 άγιοπρεπῶς

274 3841 334 3894 δὲ
384 3841 584 3911 μᾶλλον
638 3845 734 3898 καὶ
791 3844 1197 3914 πνευματικῶς.
1245 3847 1564 3919 Διανίστησι
1615 3848 1672 3902 δὲ
1721 3851 1858 3921 πρὸς

271 3929 433 3985 τοῦτο
453 3934 606 4003 ἡμᾶς
631 3933 961 3988 ἐπιστέλλων
999 3937 1028 3988 6
1053 3934 1264 4000 Παῦλος
1290 3954 1307 3971 ο
1335 3955 1354 3988 ι
1387 3937 1480 4009 Μὴ
1513 3940 1857 4008 συσχηματίο

273 4023 435 4088 ζεσθε
468 4024 548 4096 τῷ
571 4025 729 4080 αίῶνι
753 4027 958 4097 τούτῳ,
989 4026 1125 4081 ἀλλὰ
1161 4029 1589 4100 συμμορφοῦσθε
1621 4032 1689 4100 τῇ
1721 4032 1856 4083 ἀνα-

273 4115 537 4170 καινώσει
563 4117 658 4171 τοῦ
689 4117 806 4182 νοὺς
833 4117 1021 4188 ὑμῶν,
1055 4121 1136 4183 είς
1169 4119 1229 4173 τὸ
1257 4119 1576 4190 δοκιμάζειν
1625 4120 1772 4188 ὑμᾶς
1804 4123 1856 4176 τί

1974 1647 2379 1702 enarravimus.
2408 1646 2791 1700 Necessarium
2825 1664 2957 1702 vero
2992 1659 3078 1704 est
3104 1651 3425 1709 interiorem
3464 1671 3560 1710 eo-

1976 1752 2101 1792 rum
2129 1751 2353 1791 sensum
2396 1737 2694 1806 explicare.
2722 1737 2879 1804 Quod
2911 1739 3094 1809 itaque
3123 1743 3369 1799 offensus
3392 1746 3561 1801 fuerit

1974 1827 2214 1882 mundus
2253 1827 2496 1893 Christo,
2535 1829 2884 1884 credentium
2913 1847 3077 1902 grege
3104 1833 3301 1900 ditato,
3327 1846 3384 1891 et
3407 1839 3560 1895 rabie

1974 1919 2209 1989 quadam
2235 1920 2476 1990 percitus
2502 1921 2780 1977 insultarit
2807 1963 2820 1986 ,
2863 1939 3208 1995 nequaquam
3249 1929 3414 1998 longo
3436 1947 3528 1984 ser

1973 2027 2134 2065 mone
2157 2027 2298 2080 opus
2318 2011 2485 2066 fuerit
2507 2012 2575 2066 ad
2601 2013 3055 2071 confirmandum.
3096 2018 3231 2072 Vide
3265 2021 3412 2074 enim
3447 2039 3596 2092 quo.

1971 2111 2131 2172 pacto
2164 2103 2480 2158 discedente
2503 2103 2708 2158 Iacobo
2730 2108 3082 2176 persequitur
3099 2110 3343 2165 clamans
3370 2112 3557 2168 Laban

1971 2210 2098 2250 cum
2148 2194 2277 2250 ﬁliis
2306 2196 2441 2250 suis.
2483 2196 2730 2251 Discedit
2765 2213 2901 2252 vero
2931 2199 3338 2268 quodammodo
3389 2205 3557 2258 etiam

1969 2287 2224 2343 Christus
2254 2304 2284 2343 a
2329 2289 2535 2343 mundo
2567 2304 2692 2344 cum
2741 2292 2958 2360 sponsis
3005 2293 3119 2346 suis
3141 2334 3155 2358 ,
3190 2294 3295 2348 hoc
3319 2303 3404 2348 est
3457 2296 3560 2350 Ec-

1971 2383 2174 2446 clesiis,
2215 2397 2280 2437 ac
2308 2383 2476 2438 veluti
2512 2398 2637 2437 cum
2679 2383 2936 2438 universa
2963 2385 3129 2441 domo
3169 2387 3550 2459 transmigrat,

1970 2472 2294 2543 spiritaliter
2344 2474 2460 2529 suis
2517 2473 2822 2530 inclamans
2864 2493 2878 2529 :
2925 2496 2945 2527 ι
2981 2476 3238 2548 Surgite,
3293 2479 3558 2537 abeamus

1969 2564 2100 2620 hinc
2121 2566 2189 2619 “.
2225 2585 2243 2616 ι
2273 2565 2636 2621 Profectionis
2663 2583 2799 2622 vero
2832 2583 2897 2623 ac
2918 2569 3195 2626 discessus
3220 2574 3418 2629 modus
3442 2589 3556 2631 non

1967 2657 2039 2711 sit
2064 2657 2354 2722 sensualis,
2385 2673 2567 2727 neque
2591 2674 2728 2712 vero
2759 2658 2828 2713 de
2861 2661 2983 2715 loco
3017 2662 3072 2715 in
3108 2663 3288 2718 locum
3315 2665 3409 2720 [lat
3433 2683 3556 2722 cor-

1967 2750 2232 2818 poraliter
2254 2750 2544 2820 (absonum
2568 2750 2716 2804 enim
2744 2750 2798 2803 in
2824 2753 3018 2820 primis
3043 2753 3096 2806 id
3118 2754 3284 2809 fuerit
3310 2759 3555 2826 cogitare

1965 2843 2053 2896 vel
2083 2842 2315 2912 dicere),
2352 2843 2450 2896 sed
2495 2858 2563 2896 ex
2593 2843 3021 2913 cogitationibus
3046 2847 3342 2902 mundanis
3377 2850 3442 2902 ad
3471 2851 3555 2904 fa-

1965 2931 2159 2986 cienda
2189 2947 2253 2986 ea
2277 2946 2399 3000 qua:
2424 2931 2536 2985 Deo
2573 2932 2811 3000 placent,
2853 2931 3135 2989 fructuose
3160 2935 3333 2990 vitam
3362 2938 3556 2990 termi-

1964 3032 2078 3078 nat.
2101 3024 2259 3087 Nam,
2293 3031 2353 3078 ut
2379 3025 2572 3078 beatus
2595 3025 2797 3079 Paulus
2821 3026 3038 3090 scribit,
3088 3047 3106 3076 ι
3136 3028 3256 3082 Non
3286 3029 3558 3087 habemus

1966 3115 2058 3171 hic
2081 3125 2392 3170 manentem
2419 3116 2718 3180 civitatem,
2737 3117 2832 3171 sed
2855 3117 3094 3172 futuram
3115 3119 3548 3189 inquirimus“,p

1964 3209 2122 3278 cujus
2147 3206 2333 3276 opifex
2375 3214 2432 3263 et
2476 3217 2696 3262 creator
2725 3219 2811 3264 est
2843 3210 3008 3264 Deus.
3039 3211 3194 3265 Alius
3224 3228 3354 3266 vero
3385 3213 3554 3268 etiam

1964 3314 2032 3354 ex
2071 3299 2276 3354 sanctis
2299 3300 2564 3370 apostolis
2591 3301 2664 3354 ita
2700 3301 2932 3356 scribit:
2967 3321 2985 3354 ι
3024 3301 3268 3358 Obsecro
3283 3320 3398 3369 vos,
3435 3314 3552 3361 tan-

1963 3407 2125 3460 quam
2154 3391 2394 3446 advenas
2422 3400 2477 3447 et
2500 3394 2840 3464 peregrinos,
2859 3393 3138 3450 abstinere
3175 3411 3272 3449 vos
3301 3412 3330 3450 a
3355 3411 3553 3451 carna-

1961 3482 2107 3538 libus
2131 3483 2442 3549 desideriis,
2477 3500 2600 3554 qua:
2625 3486 2862 3539 militant
2885 3485 3150 3542 adversus
3177 3489 3415 3542 animam
3431 3487 3496 3543 “.
3525 3507 3544 3540 ι

1961 3576 2318 3631 Ambulantes
2341 3587 2525 3632 autem
2555 3593 2720 3648 super
2746 3585 2949 3633 terram
2975 3581 3146 3635 veluti
3178 3582 3233 3635 in
3255 3583 3396 3637 cmlo
3415 3598 3553 3636 con-

1961 3682 2249 3722 versemur
2281 3668 2348 3734 ",
2378 3683 2488 3722 non
2526 3669 2749 3737 quidem
2784 3670 3025 3740 amplius
3047 3673 3345 3726 carnaliter
3362 3672 3551 3726 vivere

1960 3761 2235 3825 volentes,
2284 3769 2338 3814 at
2373 3761 2558 3830 potius
2611 3770 2800 3817 sancte
2871 3771 2927 3818 et
2989 3763 3328 3832 spiritaliter.
3375 3763 3554 3832 Erigit

1959 3866 2094 3905 vero
2128 3868 2229 3906 nos
2251 3853 2319 3906 ad
2358 3853 2463 3906 hoc
2489 3853 2693 3907 Paulus
2727 3854 2801 3907 ita
2827 3854 3080 3907 scribens
3108 3872 3122 3905 :
3161 3873 3189 3902 ‹-
3226 3855 3303 3906 Ne
3329 3852 3554 3905 conton-

1961 3939 2185 3992 memini
2206 3939 2406 3993 smeulo
2431 3939 2562 3992 huic
2583 3979 2596 4002 ,
2621 3939 2716 3992 sed
2745 3939 3167 3992 conformemini
3208 3939 3550 3992 renovationi

1962 4029 2164 4082 mentis
2191 4036 2410 4092 vestrae,
2437 4037 2498 4081 ut
2520 4029 2769 4098 probetis
2787 4043 2906 4090 vos,
2932 4043 3052 4096 qua:
3076 4028 3147 4080 sit
3168 4029 3421 4082 voluntas
3455 4012 3551 4083 Dei

1962 4119 2135 4183 bona,
2183 4134 2248 4174 ac
2292 4119 2431 4173 bene
2479 4119 2700 4189 placens
2741 4126 2799 4174 et
2835 4119 3079 4190 perfecta
3109 4121 3175 4174 ⁸⁸.
3205 4140 3223 4172 ι
3255 4121 3550 4191 Postquam

270 4207 335 4259 τὸ
367 4207 583 4279 θέλημα
627 4208 721 4262 τοῦ
765 4209 902 4262 Θεοῦ
931 4210 992 4263 τὸ
1019 4211 1248 4280 ἀγαθὸν,
1285 4211 1382 4264 καὶ
1408 4211 1724 4280 εὐάρεστον,
1762 4215 1856 4267 καὶ

1962 4226 2095 4266 vero
2110 4226 2458 4281 nequaquam
2485 4211 2690 4267 mundo
2713 4211 3041 4267 conformati
3072 4212 3362 4277 fuerimus,
3389 4229 3552 4268 mun-

267 4298 495 4353 τέλειον.
529 4319 549 4352 ι
596 4299 814 4371 Ἐπειδὴ
836 4301 962 4355 δὲού
989 4302 1068 4371 τῷ
1093 4303 1286 4374 κόσμῳ
1309 4301 1859 4374 συνεσχηματίσμεθα

267 4393 372 4462 τὴν
393 4393 664 4464 κοσμικὴν
695 4393 914 4464 ἀπάτην
935 4395 1302 4461 ἐκϐαίνοντες,
1343 4395 1696 4468 μιμησόμεθα
1727 4399 1858 4468 παρ’

270 4484 462 4539 αὐτοῦ.
505 4485 616 4538 Καὶ
655 4485 816 4539 τοῦτο
853 4485 1008 4550 εἰδὼς
1040 4485 1217 4552 οὓτως
1245 4488 1368 4558 έχον
1401 4487 1642 4556 ἔφασκεν
1676 4487 1704 4539 ὀ
1743 4489 1857 4541 Σω-

267 4577 379 4645 τήρ
415 4593 430 4607 ο
470 4593 490 4628 ι
530 4575 594 4628 Εί
626 4577 690 4629 ἐκ
721 4575 814 4630 τοῦ
847 4577 1054 4648 κόσμου
1085 4573 1207 4648 ἦτε,
1235 4580 1264 4632 6
1292 4578 1498 4649 κόσμος
1525 4578 1591 4632 ἂν
1621 4577 1682 4630 τὸ
1721 4578 1854 4632 ῐδιον

269 4669 445 4735 ἐφίλει
470 4686 485 4700 ·
526 4667 714 4741 ἐπειδὴ
754 4670 812 4723 δὲ
848 4671 914 4724 ἐκ
954 4671 1163 4741 κόσμου
1196 4670 1296 4724 οὐκ
1347 4669 1470 4723 ἐστέ
1497 4709 1512 4734 ,
1574 4669 1663 4722 διά
1697 4669 1856 4722 τοῦτο

271 4763 422 4831 μισεῖ
461 4761 607 4830 ὑμᾶς
639 4763 666 4815 6
710 4762 932 4833 κόσμος.
979 4783 997 4816 ι
1043 4762 1251 4817 Οὐκοῦν
1284 4761 1469 4816 διώκει
1521 4761 1715 4830 μισῶν.
1753 4763 1856 4815 Φο-

267 4851 445 4905 νῶντα
476 4852 539 4906 δέ
567 4855 660 4906 καὶ
692 4854 1002 4927 άποταυρού
1013 4872 1172 4925 μενον
1194 4856 1273 4917 είς
1301 4853 1642 4916 ἀκαθέκτους
1665 4853 1852 4923 ὀργὰς,

266 4941 626 5015 ἀνασειράζει
669 4944 824 5008 Θεὸς,
865 4945 974 4998 οὐδ’
1022 4947 1146 4998 ὅσον
1191 4946 1367 4997 εἰπεῖν
1411 4944 1646 5014 ἀπηνέσι
1674 4944 1855 5013 λόγοις

266 5035 602 5087 καταλυπεῖν
635 5035 827 5102 ἐφιείς.
854 5036 999 5105 Ἔφη
1018 5034 1128 5105 γὰρ
1153 5035 1288 5104 πρὸς
1316 5035 1407 5089 τὸν
1434 5035 1619 5089 Λάϐαν
1641 5037 1670 5089 6
1698 5037 1852 5101 Θεὸς,

268 5123 441 5191 φησί’
494 5141 515 5174 ι
560 5123 796 5188 Φύλαξαι
852 5126 1077 5178 σεαυτὸν
1127 5126 1200 5196 μή
1252 5143 1370 5190 πως
1419 5126 1666 5196 λαλήσῃς
1711 5128 1854 5180 κατὰ

281 5213 472 5266 Ἰακὼϐ
497 5217 730 5287 πονηρά.
778 5234 796 5267 i
847 5217 984 5268 Ἀλλ’
1009 5218 1323 5271 ἐπαιτιᾶται
1358 5219 1457 5289 μὲν
1489 5218 1516 5270 6
1550 5219 1750 5287 κόσμος
1779 5218 1855 5282 ὡς

271 5305 657 5376 σεσυλημένος,
691 5306 786 5360 καὶ
816 5307 1173 5364 ἀπολωλότων
1199 5309 1349 5380 αύτῷ
1367 5309 1476 5362 τῶν
1509 5309 1666 5363 θεῶν.
1703 5312 1854 5364 Ἐκε-

269 5394 455 5462 κλόφει
482 5396 539 5448 δέ
568 5397 795 5460 τούτους
824 5399 856 5468 ἠ
897 5400 1122 5470 Ῥαχὴλ.
1157 5402 1305 5471 Πλὴν
1327 5403 1429 5472 ὅρα
1448 5401 1547 5472 τὴν
1575 5403 1854 5474 ἐπιχείρη-

271 5498 375 5538 σιν.
418 5486 723 5559 Ἦρεύνησε
758 5489 908 5558 παρά
940 5493 1005 5561 τῇ
1047 5493 1184 5562 Λείᾳ
1229 5492 1358 5556 τοὺς
1392 5492 1548 5558 θεοὺς
1585 5496 1613 5548 6
1643 5495 1850 5557 Λάϐαν,

269 5573 365 5628 καὶ
404 5577 502 5646 μέν
547 5594 635 5630 τοι
663 5579 761 5632 καὶ
805 5581 956 5642 παρά
986 5584 1108 5635 ταῖν
1135 5582 1229 5636 δύο
1263 5581 1642 5655 θεραπαίναιν,
1687 5605 1704 5637 ι
1753 5585 1847 5638 καὶ

336 5770 729 5848 ”-“Ῐ⁰³ηε-κ1νο
773 5774 859 5828 δί-
938 5777 984 5807 ⁸³
1013 5779 1177 5835 "Obr.
1236 5800 1346 5848 xm,
1397 5785 1477 5839 Μ.
1559 5785 1654 5839 “l
1695 5786 1840 5840 Pctr.
1869 5800 1924 5848 ιι,
1961 5784 2045 5837 li.

276 5852 354 5910 τι,
398 5842 484 5900 l9.
565 5843 615 5877 ⁵⁸
635 5843 776 5902 Gen.
810 5862 952 5914 xxxi,
984 5848 1071 5904 ‘24.

1960 4301 2136 4355 danos
2177 4315 2398 4355 errores
2454 4301 2695 4372 egressil,
2733 4301 3044 4355 imitatores
3095 4300 3271 4370 ipsius
3318 4301 3546 4356 erimus.

1957 4389 2116 4457 Quod
2142 4391 2351 4461 Optime
2378 4392 2692 4462 intelligens
2742 4392 2817 4446 ita
2843 4407 2902 4447 se
2937 4391 3142 4448 habere
3184 4392 3437 4448 Salvator
3460 4393 3550 4449 di-

1955 4483 2077 4537 xit:
2114 4501 2132 4532 ι
2175 4482 2231 4536 Si
2280 4482 2349 4536 de
2377 4483 2584 4536 mundo
2615 4483 2894 4548 fuissetis,
2933 4484 3175 4539 mundus
3201 4485 3347 4553 quod
3385 4501 3548 4540 suum

1955 4580 2076 4626 erat
2098 4572 2356 4641 diligeret
2391 4589 2405 4625 :
2431 4573 2562 4642 quia
2599 4589 2732 4628 vero
2759 4573 2828 4628 de
2855 4575 3064 4629 mundo
3087 4590 3197 4629 non
3228 4576 3392 4638 estis,
3417 4592 3547 4644 pro-

1955 4672 2144 4732 pterea
2170 4664 2286 4718 odit
2307 4679 2409 4718 vos
2431 4665 2670 4719 mundus
2695 4665 2761 4720 ⁸⁷.
2799 4685 2817 4717 ι
2845 4667 3404 4737 Persequituritaque
3421 4667 3550 4722 odio

1955 4771 2316 4826 prosequens.
2363 4756 2674 4826 Spirantem
2718 4773 2852 4813 vero
2891 4759 3101 4823 caedes,
3154 4768 3210 4814 et
3258 4761 3548 4829 impotenti

1956 4849 2038 4902 ira
2061 4849 2462 4904 inﬂammatum
2491 4851 2727 4904 retrahit
2750 4867 2813 4905 ac
2839 4851 3144 4920 compescit
3186 4850 3345 4918 156
3375 4853 3541 4914 Deus,

1955 4955 2025 4994 ne
2063 4941 2336 4995 tantillum
2355 4941 2578 5011 quidem
2613 4944 2824 5012 asperis
2849 4943 3032 4996 verbis
3051 4942 3291 5008 afﬂigere
3316 4942 3548 5009 permit-

1957 5041 2099 5086 tens.
2131 5033 2277 5087 Dixit
2311 5033 2460 5087 enim
2511 5033 2580 5087 ad
2615 5033 2802 5087 Laban
2848 5034 2997 5085 Deus
3037 5048 3049 5082 :
3088 5050 3106 5080 ι
3147 5030 3291 5085 Cave
3339 5033 3438 5087 tibi
3478 5050 3548 5088 ne

1954 5126 2255 5195 quidquam
2281 5142 2477 5196 aspere
2526 5126 2774 5195 loquaris
2810 5135 3002 5180 contra
3039 5124 3210 5180 Jacob
3236 5125 3301 5178 ⁵⁸.
3334 5147 3350 5177 ι
3376 5127 3546 5182 (Σιριο-

1955 5234 2076 5271 rum
2103 5219 2429 5272 criminatur
2455 5218 2674 5288 quidem
2709 5209 2967 5279 mundus,
2994 5216 3139 5286 quod
3168 5218 3431 5284 spoliatus
3452 5219 3544 5280 sit,

1955 5309 2214 5379 quodque
2237 5309 2370 5363 deos
2393 5325 2524 5363 suos
2557 5308 2882 5377 perdiderit.
2909 5308 3108 5360 Furata
3133 5313 3315 5359 autem
3341 5316 3425 5360 est
3450 5323 3547 5362 eos

1954 5400 2178 5453 Rachel.
2206 5399 2373 5468 Atqui
2399 5399 2522 5452 vide
2539 5413 2646 5466 quo
2676 5407 2836 5466 pacto
2879 5413 2969 5451 res
3018 5404 3169 5466 gesta
3195 5398 3287 5451 sit.
3321 5397 3534 5454 Scruta-

1955 5501 2045 5546 tus
2067 5501 2152 5546 est
2177 5491 2323 5560 apud
2358 5490 2510 5542 Liam
2541 5488 2676 5540 deos
2706 5487 2915 5552 Laban,
2944 5505 3049 5544 nec
3095 5504 3204 5542 non
3231 5490 3374 5558 apud
3411 5489 3545 5544 duas

1957 5583 2204 5647 ancillas,
2240 5601 2257 5631 ι
2289 5590 2345 5635 et
2371 5595 2479 5632 non
2509 5577 2740 5642 invenit,
2776 5599 2792 5629 ι
2824 5579 3021 5650 inquit.
3051 5579 3326 5635 Insidebat
3360 5590 3542 5634 autem

2164 5782 2207 5811 ⁸⁸
2242 5778 2439 5845 ῙἾιὶΙῘΡ-
2482 5777 2669 5838 "1"30-
2751 5780 2794 5809 5"
2829 5781 2984 5835 lium.
3021 5798 3115 5846 xu,
3149 5778 3204 5831 ‘2.
3305 5777 3348 5807 ⁵⁷
3385 5775 3542 5831 ἐοοιι.
