4074 6260
521 423 618 483 25f

1550 422 1606 478 S.
1649 422 1923 478 CYRILL!
1963 423 2429 479 ALEXANDRINI
2467 425 2780 479 ARCIIIEP.

3679 421 3782 480 259

522 549 605 602 eis
650 548 878 612 Rachel,
919 547 1370 601 consuetudinem
1426 546 1753 600 feminarum
1818 563 2102 601 excusans.

2222 548 2308 617 16x
2341 543 2495 616 εῦρε,
2542 566 2558 597 ι
2598 548 2748 616 φησί.
2808 544 3146 609 Ἐπεκὰθητο
3179 543 3232 596 δὲ
3273 542 3454 605 αὐτοῖς
3489 543 3520 610 ή
3561 542 3780 612 Ῥαχὴλ,

522 639 785 704 Quaenam
820 639 984 707 igitur
1009 637 1205 691 horum
1234 638 1372 691 ratio
1395 639 1519 692 est?
1546 638 1822 692 ldolorum
1866 639 2104 692 sublatio

523 745 631 782 non
656 739 776 783 erat
815 744 954 798 opus
995 726 1287 800 Synagogae
1328 729 1665 794 Iudaeorum,
1705 728 1884 800 neque
1911 746 2104 785 eorum

523 825 616 892 qui
657 823 710 876 in
755 823 1079 877 servitutem
1108 823 1223 877 nati
1250 831 1412 887 sunt;
1463 821 1561 878 sed
1603 823 1840 892 junioris
1865 823 2102 887 Rachel,

525 913 628 969 hoc
651 925 767 978 est,
809 914 1068 968 Ecclesia:
1100 915 1244 969 idola
1299 930 1466 968 manu
1510 913 1656 968 facta
1688 912 1988 982 ignominia
2022 911 2104 966 af-

525 1005 793 1072 ﬁcientis,
825 1023 888 1063 ac
921 1015 1132 1062 tantum
1161 1023 1270 1062 non
1303 1007 1584 1076 implentis
1612 1006 1667 1060 in
1713 1006 1780 1061 iis
1822 1005 1969 1075 quod
2006 1021 2106 1074 per

535 1111 721 1150 vocem
761 1097 1043 1166 prOpheta:
1083 1096 1292 1151 dictum
1347 1105 1431 1150 est
1473 1114 1486 1148 :
1535 1115 1553 1146 ‹
1592 1096 1660 1150 Et
1697 1095 1916 1150 auferes
1963 1093 2107 1149 idola

526 1188 905 1257 deargentata,
937 1196 994 1243 et
1027 1188 1290 1243 deaurata
1333 1188 1697 1250 comminues,
1733 1195 1791 1241 et
1819 1187 2108 1257 disperges

527 1278 670 1333 sicut
694 1294 890 1346 aquam
937 1288 1315 1336 menstruam.
1362 1288 1418 1333 et
1464 1279 1606 1332 sicut
1630 1288 1845 1333 stercus
1883 1278 2109 1348 abjicics

526 1385 591 1424 ea
621 1371 687 1422 "9.
716 1390 732 1420 ι
765 1371 1056 1439 Postquam
1082 1385 1213 1424 vero
1236 1385 1346 1423 non
1367 1378 1498 1424 sunt
1522 1371 1729 1425 inventi
1757 1385 1787 1424 a
1810 1369 1998 1424 Laban
2030 1369 2108 1424 dii

528 1460 720 1530 ipsius,
753 1459 820 1514 de
848 1459 1188 1514 conﬁcienda
1209 1475 1341 1530 pace
1364 1476 1488 1514 cum
1524 1460 1692 1516 Jacob
1717 1459 1848 1530 egit.
1875 1460 2110 1515 Mundus

524 1550 671 1604 enim
722 1564 846 1603 cum
877 1564 987 1603 non
1026 1548 1262 1618 amplius
1286 1548 1486 1602 haheat
1524 1548 1647 1602 falsi
1675 1548 1917 1602 nominis
1954 1548 2105 1614 deos,

524 1639 734 1692 amicus
763 1638 872 1691 erit
903 1655 914 1690 :
953 1645 1009 1690 at
1047 1637 1234 1706 potius
1270 1643 1357 1690 est
1402 1636 1626 1691 Christo
1664 1638 1776 1707 jam
1816 1637 1964 1706 pacis
1986 1638 2110 1692 vin-

525 1729 733 1784 culum.
774 1727 895 1798 lpse
942 1743 1073 1782 vero
1105 1743 1324 1782 rursum
1371 1736 1456 1782 est
1488 1727 1628 1796 lapis
1661 1728 2108 1797 probatissimos,

526 1819 824 1888 angularis,
851 1818 1149 1888 pretiosus,
1186 1819 1278 1888 qui
1309 1818 1363 1872 in
1395 1828 1560 1888 caput
1583 1819 1786 1890 anguli,
1817 1826 1874 1874 et
1901 1819 1958 1873 in
1988 1819 2113 1874 fun-

527 1885 787 1965 damento
801 1885 934 1965 Sion
961 1910 1173 1980 positus
1201 1885 1287 1966 est
1311 1911 1377 1964 ⁸ο,
1411 1930 1429 1962 ι
1461 1885 1860 1976 Statuitenim,
1905 1912 2105 1982 inquit,
2145 1885 2186 1938 Β

526 2002 694 2058 Jacob
732 2002 996 2071 lapidem,
1047 2023 1066 2054 ι
1112 2003 1169 2058 in
1203 2010 1388 2075 typum
1414 2002 1640 2059 Christi.
1680 2004 2110 2059 Accumulantur

528 2101 712 2148 autem
745 2095 910 2148 etiam
947 2096 1039 2150 alii
1091 2095 1301 2166 lapides
1337 2103 1653 2150 sanctorum
1690 2097 2061 2165 apostolorum
2090 2135 2106 2162 ,

527 2184 646 2240 sive
672 2201 861 2240 eorum
892 2187 987 2256 qui
1026 2203 1125 2257 per
1153 2187 1313 2242 fidem
1341 2186 1621 2258 iustificati
1648 2196 1795 2254 sunt,
1823 2189 1880 2243 et
1902 2188 2108 2244 sancti-

531 2277 675 2332 ﬁcati
697 2279 912 2348 Spiritu,
941 2279 1351 2350 praeﬁgurantes
1377 2282 1656 2351 eleganter
1686 2296 2015 2336 concursum
2041 2280 2109 2335 ad

529 2367 830 2424 Christum.
853 2371 987 2425 Nam
1011 2371 1078 2425 de
1098 2371 1302 2460 sanctis
1338 2372 1600 2441 apostolis
1615 2373 1972 2442 propheticus
1990 2388 2110 2428 ser-

533 2474 625 2513 mo
647 2461 756 2514 ait:
787 2479 805 2511 ‹
835 2461 1196 2531 Quialapides
1247 2464 1423 2518 sancti
1463 2463 1761 2517 volvuntur
1799 2477 1966 2534 super
2001 2471 2114 2518 tero

535 2553 736 2608 ram".
765 2573 783 2606 ι
819 2554 1147 2610 Universum
1168 2556 1317 2610 enim
1338 2556 1529 2610 orbem
1560 2564 1833 2610 terrarum
1858 2571 2114 2627 peragra-

536 2653 666 2700 runt
691 2646 866 2700 sancti
911 2646 1194 2716 discipuli,
1233 2648 1594 2719 Evangelium
1617 2649 1879 2720 gentibus
1906 2649 2111 2719 praedi-

535 2747 744 2793 cantes.
782 2738 1010 2809 Sapiens
1043 2754 1175 2794 vero
1217 2740 1421 2795 Paulus
1445 2739 1514 2794 ad
1555 2741 1794 2810 eos,.qui
1827 2755 1927 2810 per
1951 2739 2114 2796 ﬁdem

532 2830 813 2900 iustificati
839 2839 987 2896 sunt,
1015 2831 1458 2886 scribitdicens:
1496 2851 1514 2884 ‹
1569 2832 1629 2886 [n
1683 2849 1793 2903 quo
1812 2841 1868 2888 et
1892 2849 1990 2889 vos
2019 2849 2114 2888 co-

535 2918 881 2973 aadificamini
901 2920 957 2974 in
979 2920 1352 2975 habitaculum
1372 2921 1465 2976 Dei
1492 2920 1548 2975 in
1567 2921 1776 2992 Spiritu
1799 2932 1988 2978 sancto
2011 2923 2107 2976 δ’.»

535 3010 737 3065 Vocata
763 3013 944 3082 itaque
967 3023 1052 3068 est
1074 3013 1316 3083 lapidum
1341 3015 1682 3070 coacervatio
1703 3015 1952 3070 Tumulus
1975 3018 2120 3071 testi-

538 3105 698 3157 mom‘i
723 3120 752 3158 a
784 3105 969 3160 Laban
997 3124 1009 3158 :
1036 3105 1257 3162 divinus
1284 3121 1416 3161 vero
1439 3107 1608 3162 Jacob
1625 3107 1693 3160 ad
1722 3108 1898 3178 majus
1915 3110 2119 3164 multo-

537 3210 644 3263 que
666 3195 980 3262 sublimius,
1007 3197 1112 3254 hoc
1133 3207 1238 3261 est,
1269 3199 1337 3254 ad
1359 3198 1638 3255 Christum
1660 3215 1882 3255 sensum
1908 3201 2078 3256 refert
2102 3240 2116 3265 ,

539 3285 582 3344 Τ
584 3286 824 3340 ιιηιυίαηι
857 3291 1000 3342 testis
1053 3291 1352 3359 appellans.
1383 3289 1560 3360 Caput
1596 3292 1744 3345 enim
1771 3292 2120 3347 credentium

541 3377 658 3445 ipse
688 3386 772 3432 est
807 3377 1080 3433 Christus.
1107 3379 1264 3445 Quod
1298 3395 1431 3434 vero
1462 3380 1693 3435 salvanti
1720 3395 1849 3435 suos
1872 3380 2122 3435 omnium

543 3465 817 3520 Salvatori
847 3465 1092 3532 Christo,
1135 3468 1291 3538 157
1329 3475 1386 3523 et
1425 3483 1494 3523 ex
1533 3467 1809 3522 mundana
1853 3468 2124 3539 pravitate

541 3558 826 3622 educenti,
851 3560 1169 3630 angelorum
1192 3559 1487 3615 multitudo
1511 3561 1583 3614 sit
1608 3560 1861 3615 adfutura
1878 3561 2126 3615 serviens

545 3650 564 3723 (
599 3649 950 3705 manifestum
990 3665 1122 3704 vero
1173 3651 1321 3721 quod
1354 3661 1410 3707 et
1451 3653 1797 3722 designatum
1828 3652 1931 3722 ipsi
1961 3652 2125 3705 mini-

543 3742 777 3798 sterium
795 3741 1143 3814 exsequens),
1167 3742 1325 3798 facile
1348 3742 1473 3812 quis
1489 3743 1654 3797 etiam
1675 3759 1742 3799 ex
1772 3744 1840 3798 iis
1865 3759 1987 3814 quae
2026 3743 2127 3799 ad-

539 3836 826 3908 jiciuntur,
867 3851 1061 3890 rursus
1109 3835 1396 3906 intelligat.
1443 3835 1768 3892 Discedente
1816 3837 1964 3890 enim
2015 3837 2128 3906 jam

544 3927 753 3992 Laban,
788 3936 846 3983 et
890 3926 1116 3998 pacifice
1137 3927 1362 3982 domum
1397 3927 1660 3982 redeunte
1682 3967 1695 3992 ,
1722 3945 1740 3978 ι
1786 3926 2126 3996 Suspiciens,

546 4019 746 4090 inquit,
772 4019 939 4076 Jacob
962 4020 1098 4076 vidit
1117 4028 1292 4076 castra
1311 4019 1406 4075 Dei
1431 4025 1837 4084 castrametata,
1859 4027 1914 4074 et
1937 4018 2130 4073 obvia-

545 4120 750 4168 verunt
770 4111 822 4167 ei
854 4112 1032 4183 angeli
1070 4112 1190 4167 Dei.
1237 4112 1384 4168 Dixit
1415 4121 1600 4168 autem
1627 4110 1797 4166 Jacob
1832 4110 1969 4166 visis
2003 4110 2086 4166 eis
2114 4127 2127 4163 :

546 4205 740 4261 Castra
770 4204 868 4258 Dei
911 4204 1044 4268 ista,
1084 4213 1140 4258 et
1169 4203 1386 4258 vocavit
1431 4217 1635 4258 nomen
1682 4202 1790 4258 loci
1831 4202 2002 4260 illius.
2025 4201 2132 4257 Ca-

548 4304 664 4349 stra
697 4294 764 4346 ⁶³.
801 4312 819 4344 ι
854 4292 1130 4362 Scriptum
1147 4299 1232 4348 est
1259 4300 1443 4346 autem
1473 4310 1487 4345 :
1528 4291 1678 4361 quod
1725 4310 1743 4342 ‹
1774 4299 2134 4347 castrameta-

552 4385 704 4440 bitur
747 4385 975 4454 angelus
1006 4382 1220 4436 Domini
1265 4382 1322 4436 in
1370 4382 1604 4436 circuitu
1653 4381 1962 4436 timentium
1985 4397 2132 4446 eum,

551 4484 610 4532 et
634 4481 883 4545 proteget
922 4489 1020 4528 eos
1034 4473 1101 4527 “.
1130 4492 1148 4525 ›
1178 4474 1493 4530 Etrursus:
1525 4493 1543 4526 ι
1575 4473 1798 4545 Angelis
1830 4473 1947 4530 suis
1984 4489 2138 4528 man-

2209 637 2651 710 προφασιζομένη
2679 638 2744 689 τὰ
2775 637 2896 690 κατ’
2929 637 3170 705 ἐθισμόν.
3211 636 3276 687 Τί
3311 631 3404 688 οῦν
3431 636 3457 687 6
3486 634 3674 700 λόγος;
3710 633 3780 686 Ού

2209 731 2304 798 τῆς
2345 729 2611 782 Ἰουδαίων
2641 726 2990 796 Συναγωγῆς,
3016 725 3128 778 ἀλλ’
3159 725 3277 778 οὐδὲ
3304 725 3411 779 τῶν
3442 727 3522 787 εἰς
3544 724 3784 788 διυλείας

2207 820 2589 890 γεγενημένων
2627 818 2969 888 κατόρθωσις
3007 813 3075 888 ἦν
3115 821 3146 888 ή
3186 817 3294 870 τῶν
3328 816 3563 869 εἰδώλων
3594 816 3782 868 καθαί-

2209 927 2388 980 ρεσις·
2419 909 2556 962 ἀλλὰ
2577 909 2677 979 τῆς
2700 908 2939 978 νεὼττης
2976 907 3202 978 Ῥαχὴλ,
3227 907 3490 968 τουτέστι,
3523 906 3624 975 τῆς
3665 905 3785 957 Ἐκ-

2210 1001 2440 1073 κλησίας
2470 1002 2662 1071 ἀτιμίᾳ
2688 1001 3093 1072 περιϐαλούσης
3113 1000 3180 1052 τὰ
3204 999 3560 1071 χειροποίητα
3581 1013 3596 1028 ο
3623 997 3784 1066 μόνον
3822 1055 3836 1069 δ

2207 1093 2263 1146 δὲ
2293 1093 2414 1163 ούχί
2441 1093 2534 1145 καὶ
2563 1092 2877 1164 πληρούσης
2903 1093 2990 1145 ἐπ’
3015 1093 3198 1150 αὐτοῖς
3224 1090 3284 1142 τὸ
3305 1089 3392 1142 διὰ
3413 1089 3513 1159 τῆς
3543 1087 3628 1141 τοῦ
3654 1105 3785 1159 προ⁴

2209 1183 2382 1253 φήτου
2426 1183 2608 1253 φωνῆς
2649 1181 2938 1253 εἰρημένον
2962 1199 2976 1213 ·
3017 1201 3035 1234 ε
3087 1181 3198 1235 Καὶ
3241 1181 3453 1250 ὲξαρεῖς
3485 1179 3553 1234 τὰ
3594 1179 3787 1234 είδωλα

2208 1274 2278 1327 τὰ
2325 1273 2829 1346 περιηργυρωμένα
2853 1312 2868 1337 ,
2912 1274 3008 1328 καί¹
3049 1272 3576 1345 περικεχρυσωμένα
3615 1271 3788 1326 λεπτὰ

2209 1366 2492 1435 ποιήσεις,
2524 1366 2619 1418 καὶ
2655 1365 2947 1436 λικμήσεις
2991 1364 3124 1417 ὼσεί
3153 1362 3298 1434 ὕδωρ
3326 1361 3785 1432 ἀποκαθημένης,

2210 1457 2305 1514 καί
2339 1457 2415 1522 ὼς
2444 1457 2648 1527 κόπρον
2692 1455 2852 1520 ὢσεις
2878 1456 3038 1510 αὐτά.
3076 1474 3094 1507 ι
3149 1454 3369 1526 Ἐπειδὴ
3398 1454 3498 1524 οὐχ
3526 1452 3788 1525 εὕρηνται

2211 1550 2363 1621 παρὰ
2386 1548 2482 1602 τοῦ
2507 1547 2694 1603 Λάϐαν
2722 1549 2771 1602 οἰ
2796 1548 2961 1602 αὐτοῦ
2988 1548 3122 1612 θεοὶ,
3149 1547 3248 1610 τὰς
3281 1548 3360 1609 εἰς
3391 1546 3616 1616 εἰρήνην
3646 1563 3785 1615 συμ-

2213 1641 2457 1704 ϐιϐἁσεις
2483 1639 2658 1693 ἐποίει
2681 1639 2742 1693 τὸ
2767 1638 2953 1692 λοιπὸν
2980 1639 3117 1712 πρὸς
3140 1638 3231 1691 τὸν
3249 1636 3535 1690 Θεσπέσιον
3569 1635 3787 1690 Ἰακὼϐ.

2212 1732 2327 1784 Οὐκ
2350 1729 2430 1784 ἔτι
2455 1729 2565 1801 γὰρ
2592 1730 2733 1800 ἔχων
2754 1732 2782 1784 6
2817 1731 3020 1798 κόσμος
3042 1729 3168 1792 τοὺς
3197 1713 3586 1799 ψευδωνύμους
3611 1727 3790 1791 θεοὺς,

2213 1820 2365 1890 φίλος
2396 1820 2577 1874 ἔσται’
2623 1821 2823 1892 μᾶλλον
2855 1821 2913 1874 δὲ
2941 1821 3164 1890 γέγονεν
3189 1818 3409 1890 Χριστῷ
3434 1819 3536 1890 ήδη
3573 1819 3672 1872 καὶ
3693 1820 3794 1889 τῆς

2213 1917 2437 1987 εἰρήνης
2462 1916 2491 1968 6
2530 1914 2848 1984 σύνδεσμος.
2882 1914 3054 1978 Αὐτός
3083 1915 3204 1967 ἐστι
3245 1913 3406 1968 πάλιν
3430 1914 3459 1966 6
3495 1909 3795 1982 εὐδοκιμώ-

2213 2021 2373 2070 τατος
2390 2004 2557 2070 λίθος,
2580 2008 2608 2059 6
2637 2003 2954 2076 πολυτελὴς,
2988 2006 3016 2058 6
3045 2005 3459 2076 ἁκρογωνιαῖος,
3492 2005 3520 2057 6
3552 2002 3794 2070 ἔντιμος,

2213 2098 2244 2152 6
2286 2098 2367 2161 είς
2412 2095 2655 2168 κεφαλὴν
2705 2096 2948 2166 γωνίας,
2989 2097 3088 2150 καὶ
3138 2097 3219 2160 εἰς
3267 2096 3337 2150 τὰ
3371 2094 3596 2166 θεμέλια
3635 2093 3794 2148 Σιών.

2221 2207 2241 2242 ‹
2284 2190 2520 2258 Ἔστησε
2555 2188 2702 2259 γὰρ,
2735 2187 3146 2259 φησίνι,’Ῑακὼϐ
3189 2187 3416 2259 στήλην,
3454 2204 3473 2235 ι
3513 2187 3594 2248 εἰς
3625 2184 3798 2237 τύπον

2215 2280 2473 2352 Χριστοῦ.
2525 2279 2968 2350 Συσσωρεύονται
3016 2279 3075 2334 δὲ
3127 2278 3223 2333 καὶ
3273 2277 3454 2350 ἕτεροι
3510 2276 3648 2330 λίθοι
3689 2277 3798 2329 τῶν

2218 2372 2388 2441 ἁγίων
2410 2371 2746 2436 ἀποστόλων,
2769 2371 2890 2442 ἤτοι
2911 2370 3021 2424 τῶν
3048 2372 3106 2424 ἐν
3125 2370 3306 2424 πίστει
3336 2369 3798 2438 δεδικαιωμένων,

2217 2463 2667 2538 καίήγιασμένων
2679 2465 2736 2516 ὲν
2754 2461 2886 2516 πνεύ
2895 2461 3558 2534 ματι,προανατυποῦντες
3570 2460 3802 2524 ἀστείως

2215 2557 2314 2630 τὴν
2344 2560 2435 2612 ἐπὶ
2466 2560 2686 2633 Χριστῷ
2715 2561 3034 2632 συνδρομήν.
3072 2561 3207 2630 Περί
3237 2558 3335 2630 μὲν
3361 2557 3468 2628 γὰρ
3497 2556 3608 2609 τῶν
3630 2556 3803 2621 ἁγίων

2218 2652 2529 2706 ἀποστόλων
2545 2653 2879 2723 προφητικὸς
2902 2653 3004 2723 ἔφη
3032 2652 3192 2721 λόγος
3217 2666 3231 2680 ⁸
3263 2669 3282 2703 ‹
3309 2650 3465 2704 ’Διότι
3485 2647 3626 2702 λίθοι
3657 2647 3804 2716 ἆγιο.

2219 2743 2492 2797 κυλίονται
2517 2745 2612 2796 ἐπὶ
2629 2746 2728 2815 τῆς
2742 2744 2866 2813 γῆς.
2901 2761 2920 2795 ι
2940 2743 3240 2815 Διέδραμον
3263 2743 3373 2814 γὰρ
3398 2740 3496 2812 τὴν
3510 2739 3804 2810 σύμπασαν

2220 2835 2325 2904 γῆν
2356 2836 2404 2888 οἰ
2433 2834 2710 2889 θεσπέσιοι
2743 2835 3004 2908 μαθηταὶ,
3029 2835 3089 2888 τὸ
3105 2831 3464 2902 εὐαγγελικδν
3487 2833 3601 2893 τοῖς
3628 2829 3806 2882 ἔθνεσι

2220 2926 2625 2998 διακομίζοντες
2645 2928 2926 3000 κήρυγμα.
2951 2927 3096 2998 Πρὸς
3121 2925 3180 2979 δὲ
3209 2926 3336 2988 τοὺς
3366 2925 3425 2977 ἐν
3447 2923 3630 2975 πίστει
3662 2920 3806 2973 δεδι-

2222 3020 2562 3091 καιωμένους
2612 3023 2642 3075 6
2672 3021 2833 3090 σοφὸς
2855 3019 3161 3073 ἐπιστέλλει
3187 3017 3402 3081 Παῦλος
3428 3032 3440 3044 ο
3474 3035 3494 3068 ‹
3517 3016 3606 3068 Ἐν
3641 3007 3690 3081 ᾧ
3721 3013 3809 3065 καὶ

2223 3113 2380 3184 ὑμεῖς
2428 3110 2895 3182 συνοικοδομεῖσθε
2930 3110 3010 3172 εἰς
3051 3109 3372 3167 κατοίκησιν
3413 3105 3509 3160 τοῦ
3557 3103 3699 3158 Θεοῦ
3753 3105 3809 3153 ἐν

2228 3203 2506 3273 Πνεύματι
2550 3201 2710 3273 ἁγίῳ.
2772 3220 2790 3254 ι
2843 3201 3120 3270 Κέκληται
3176 3199 3354 3252 τοίνυν
3399 3200 3432 3269 ή
3485 3195 3594 3250 τῶν
3642 3194 3810 3248 λίθων

2222 3292 2490 3361 ἄθροισις,
2535 3291 2761 3356 Βουνὸς
2785 3289 3115 3359 μαρτυρίας
3168 3287 3322 3359 παρά
3373 3303 3437 3355 γε
3482 3284 3562 3356 τῷ
3597 3284 3812 3344 Λάϐαν,

2223 3387 2251 3438 6
2282 3384 2339 3436 δὲ
2369 3382 2653 3446 θεσπέσιος
2694 3381 2889 3436 Ἰακὼϐ
2917 3380 3011 3434 ἐπὶ
3031 3380 3090 3433 τὸ
3110 3379 3190 3432 ἔτι
3222 3378 3408 3450 μεῖζόν
3432 3395 3492 3431 τε
3519 3377 3616 3431 καὶ
3639 3378 3813 3446 ὑπερα

2223 3474 2414 3545 τεροῦν
2440 3475 2812 3546 ἀσυγκρίτως,
2835 3473 3083 3527 τουτέστι
3111 3472 3362 3544 Χριστὸν,
3399 3470 3732 3540 ἀνακομίζει
3759 3466 3816 3521 τί)

2225 3566 2426 3637 νόημα,
2465 3565 2696 3631 Βουνὸς
2736 3565 2968 3635 μάρτυς
3009 3564 3284 3634 ὀνομάσας
3322 3563 3381 3616 τὸ
3419 3562 3812 3632 γεγενημένον.

2227 3658 2453 3730 Κεφαλὴ
2481 3658 2588 3729 γὰρ
2615 3659 2722 3712 τῶν
2755 3659 3120 3712 πιστευόντων
3146 3656 3309 3719 αύτδς
3339 3656 3368 3708 6
3398 3654 3658 3726 Χριστός.
3697 3655 3818 3706 ’Ὁτι

2227 3749 2285 3803 δὲ
2320 3749 2544 3814 σώζοντι
2572 3750 2698 3813 τοὺς
2727 3749 2889 3813 ἰδίους
2921 3749 2998 3820 τῷ
3041 3748 3263 3802 πάντων
3295 3746 3510 3815 Σωτῆρι
3551 3746 3784 3814 Χριστῷ
3804 3783 3816 3807 ,

2230 3843 2324 3894 καὶ
2348 3841 2448 3911 τῆς
2472 3843 2529 3894 ὲν
2551 3840 2740 3911 κόσμῳ
2767 3840 2964 3904 κακίας
2999 3839 3269 3910 ὲξάγοντι,
3301 3837 3394 3891 καὶ
3429 3839 3462 3904 ἡ
3498 3835 3606 3887 τῶν
3645 3833 3822 3903 ἀγγέ-

2230 3935 2338 3988 λων
2394 3934 2664 4006 παρέσται
2713 3934 2922 4006 πληθὺς
2970 3931 3380 4004 λειτουργοῦσα,
3425 3929 3584 4000 δῆλον
3627 3927 3694 3980 δὲ
3741 3929 3821 3978 ὅτι

2232 4024 2327 4078 καὶ
2361 4023 2458 4095 τὴν
2501 4023 2847 4095 τεταγμένην
2881 4024 3062 4088 αὐτοῖς
3099 4019 3497 4093 ἀποπληροῦσα
3538 4017 3820 4078 δουλείαν,

2231 4113 2503 4185 ἀναμὰθοι
2531 4130 2614 4178 τις
2647 4113 2714 4168 ἂν
2736 4115 2973 4179 εὐκόλως
3001 4117 3093 4169 καὶ
3124 4115 3212 4169 διὰ
3234 4113 3400 4167 τῶνδε
3431 4110 3621 4164 πάλιν.
3664 4109 3822 4162 Ἀπο-

2229 4204 2538 4276 χωροῦντος
2577 4204 2686 4277 γὰρ
2719 4207 2823 4277 ήδη
2862 4205 2956 4260 τοῦ
2995 4205 3202 4268 Λάϐαν,
3269 4201 3453 4257 οἴκαδέ
3498 4218 3557 4255 τε
3622 4201 3819 4254 ὑπονο-

2236 4296 2486 4361 στοῦντος
2535 4297 2854 4368 εἰρηνικῶς,
2902 4315 2922 4349 ι
2963 4295 3322 4365 Ἀναϐλέψας,
3376 4293 3566 4364 φησὶν,
3629 4287 3826 4344 Ἰακωϐ

2236 4379 2344 4438 εἶδε
2384 4385 2731 4457 παρεμϐολὴν
2764 4385 3309 4459 παρεμϐεϐληκυῖαν,
3344 4383 3440 4436 καὶ
3474 4381 3824 4450 συνήντησαν

2238 4476 2390 4547 αὐτῷ
2421 4478 2472 4529 οἰ
2499 4477 2721 4544 ἄγγελοι
2760 4476 2855 4530 τοῦ
2899 4477 3059 4531 Θεοῦ.
3108 4472 3245 4530 Είπε
3287 4475 3346 4528 δὲ
3387 4470 3621 4539 Ἰακὼϐ,
3665 4469 3828 4540 ήνίκα

554 4569 706 4626 davit
727 4567 798 4623 de
827 4576 902 4632 te,
930 4576 990 4622 ut
1011 4566 1325 4622 custodiant
1350 4575 1402 4623 te
1418 4569 1474 4623 in
1497 4567 1756 4623 omnibus
1775 4565 1883 4622 viis
1905 4565 2119 4621 tuis”.:

2241 4565 2349 4623 εἶδε
2379 4568 2598 4632 αὐτούς’
2634 4569 2963 4641 Παρεμϐολὴ
2992 4568 3129 4623 Θεοῦ
3172 4566 3336 4637 αῦτη,
3368 4564 3463 4618 καὶ
3507 4562 3744 4616 ἐκάλεσε
3768 4557 3828 4610 τδ

557 4662 744 4717 Salvat
766 4670 948 4714 autem
973 4675 1164 4715 omnes
1183 4668 1432 4717 amantes
1459 4661 1639 4730 ipsum
1659 4658 1928 4714 Dominus
1947 4664 2119 4712 nostel

2244 4658 2424 4727 ϐνομα
2462 4656 2559 4711 τοῦ
2595 4659 2784 4724 τόπου,
2817 4657 3188 4730 Παρεμϐολαί.
3224 4675 3244 4709 ι
3284 4656 3602 4726 Γέγραπται
3655 4651 3716 4705 δὲ
3749 4650 3832 4702 ὅτι

555 4755 716 4810 Jesus
747 4751 1021 4816 Christus,
1076 4767 1172 4820 per
1197 4767 1361 4820 quem
1413 4762 1471 4808 et
1501 4767 1627 4807 cum
1651 4765 1764 4821 quo
1795 4751 1910 4805 Deo
1931 4763 1997 4803 ac
2032 4748 2136 4802 Pa-

562 4845 628 4900 tri
661 4843 833 4916 gloria
857 4858 980 4898 cum
1005 4849 1196 4898 sancto
1229 4841 1440 4912 Spiritu
1470 4843 1526 4896 in
1551 4841 1752 4898 saecula
1777 4839 2131 4896 saeculorum.

560 4942 756 4996 Amen.
1038 4938 1044 4944 ’

2252 4769 2271 4802 ι
2308 4749 2656 4821 Παρεμϐαλεῖ
2681 4749 2910 4820 ἄγγελος
2935 4749 3140 4820 Κυρίου
3176 4747 3361 4818 κύκλῳ
3394 4743 3504 4798 τῶν
3548 4738 3829 4811 φοϐουμέ-

2246 4857 2352 4894 νων
2374 4840 2557 4904 αὑτὸν,
2574 4841 2668 4894 καὶ
2689 4840 2908 4911 ῥύσεται
2935 4839 3150 4903 αύτούς.
3167 4859 3184 4892 ι
3214 4839 3320 4892 Καὶ
3345 4837 3527 4895 πάλιν,
3549 4836 3636 4888 ὅτι
3662 4851 3681 4883 ι
3707 4831 3833 4890 Τοῖς

2245 4932 2498 5002 ἀγγέλοις
2536 4933 2702 4987 αὐτοῦ
2735 4935 3032 4988 ἐντελεῖται
3069 4932 3199 5002 περὶ
3232 4928 3326 4984 σοῦ
3366 4927 3461 4982 τοῦ
3497 4922 3833 4994 διαφυλάξαι

562 5049 620 5085 σε
657 5034 715 5084 ὲν
764 5033 965 5092 πάσαις
1009 5028 1131 5088 ταῖς
1170 5027 1312 5091 ὁδοῖς
1358 5042 1473 5080 σου.
1523 5043 1542 5077 ι
1614 5023 1784 5087 Σώζει
1822 5022 1887 5094 δὴ
1926 5024 2173 5086 ἅπαντας
2209 5025 2336 5087 τοὺς
2371 5025 2702 5092 ἀγαπῶντας
2741 5024 2902 5078 αὐτὸν
2931 5026 2958 5076 ὁ
2988 5022 3192 5094 Κύριος
3222 5018 3380 5090 ἡμῶν
3421 5013 3631 5086 Ἰησοῦς
3701 5011 3832 5080 Χριο

563 5133 686 5195 στάς
705 5151 718 5163 ·
749 5133 818 5186 δι’
856 5126 918 5186 οὗ
965 5131 1061 5186 καὶ
1104 5126 1222 5202 μεθ’
1265 5121 1328 5182 οῦ
1357 5124 1434 5196 τῷ
1461 5123 1582 5194 Θεῷ
1615 5123 1710 5176 καὶ
1739 5122 1914 5191 Πατρί
1938 5122 1971 5190 ἡ
2008 5120 2134 5184 δόξα
2171 5120 2287 5191 ἃμα
2314 5120 2391 5190 τῷ
2415 5121 2554 5193 ἁγίῳ
2579 5123 2858 5192 Πνεῦματι
2893 5106 3132 5183 εἰς’τοὺς
3171 5117 3372 5178 αἰῶνας
3395 5113 3504 5165 τῶν
3565 5106 3788 5162 αἰώνων
3817 5139 3831 5153 .

574 5229 627 5283 Ἀ
641 5231 769 5301 μήν.

1056 5320 1298 5394 Amplius
1344 5319 1409 5374 de
1460 5316 1642 5371 Jacob.

637 5437 662 5492 ἰ
677 5480 684 5493 .
710 5437 830 5492 Non
860 5445 1048 5492 carent
1069 5433 1428 5490 admiratione
1469 5443 1650 5484 mores
1669 5434 1979 5481 sanctorum
1998 5421 2143 5492 apud

567 5547 663 5586 eos
685 5531 778 5601 qui
806 5539 952 5584 recte
986 5528 1148 5580 vitam
1174 5526 1462 5580 instituere
1486 5521 1678 5575 volunt
1708 5536 1721 5572 :
1751 5519 1871 5572 laus
1899 5531 2028 5570 vero
2061 5515 2146 5584 ip-

571 5635 757 5676 sorum
780 5619 904 5673 vita:
929 5629 1147 5670 omnem
1165 5615 1467 5668 orationem
1490 5626 1550 5666 su
1559 5616 1728 5680 perat.
1750 5606 1939 5661 Fuerit
1965 5611 2145 5659 autem

643 5794 689 5826 ³⁵³
733 5793 834 5848 lsa.
871 5807 993 5852 xxx,
1033 5788 1122 5840 ‘22.
1196 5789 1240 5819 ⁶⁰
1265 5789 1464 5857 Ephes.
1504 5785 1684 5848 11,20;
1712 5785 1811 5857 lsa.
1841 5798 2021 5846 χχι-ιιι,
2061 5780 2119 5834 16

2222 5777 2258 5806 ⁸⁸
2304 5775 2528 5830 Zachar.
2576 5791 2647 5842 ιχ,
2690 5775 2772 5829 lli.

581 5866 627 5933 l,
670 5864 724 5921 2.
804 5862 847 5893 ⁸⁸
882 5861 1021 5918 Psal.
1060 5874 1241 5926 anni,
1271 5854 1325 5912 8.
1399 5860 1442 5890 εδ
1468 5859 1609 5914 Psal.
1640 5872 1721 5920 xc,
1759 5854 1839 5905 ll.

2695 5305 2824 5356 Ἔτι
2855 5300 3115 5371 περὶτοῦ
3156 5297 3380 5355 Ἰακώϐ.

2323 5424 2394 5472 α’.
2424 5417 2538 5471 Ούκ
2564 5415 2915 5486 ἀθαύμαστος
2951 5412 3048 5483 μὲν
3071 5411 3179 5465 τῶν
3207 5411 3378 5479 ἁγίων
3403 5411 3432 5462 6
3454 5408 3662 5480 τρόπος
3687 5402 3838 5473 παρὰ

2255 5525 2319 5576 γε
2358 5509 2471 5570 τοῖς
2500 5506 2696 5576 ἄριστα
2734 5501 2883 5572 βιοῦν
2916 5500 3216 5573 ᾑρημένοις
3240 5517 3253 5531 ’
3299 5499 3358 5550 τὸ
3385 5497 3442 5550 δὲ
3472 5498 3571 5567 τῆς
3607 5494 3837 5547 ἐκείνων

2258 5596 2536 5658 πολιτείας
2554 5594 2774 5659 εὐκλεὲς
2805 5593 2956 5663 παρὰ
2989 5592 3085 5662 μὲν
3113 5590 3313 5654 παντὸς
3333 5590 3618 5660 οἰχήσεται
3647 5585 3836 5653 λόγου.

2852 5776 2894 5804 θ’
2931 5773 3129 5843 Ephes.
3159 5787 3267 5835 xxi,
3296 5769 3350 5822 2.
3431 5767 3476 5798 ⁸³
3499 5766 3641 5821 Cen.
3669 5779 3839 5829 xxxii,
