4074 6260
261 349 359 405 253

1285 337 1806 396 αιΑΡΗΥιιοιιυΜ
1843 340 1910 394 IN
1949 340 2249 395 GENESIM
2288 341 2419 396 LIB.
2460 343 2522 397 ν.

3417 351 3525 408 854

265 461 480 514 Γὲνοιτο
531 456 580 510 δ’
631 454 701 508 ἂν
743 453 854 516 τοῖς
903 450 1139 505 ἐθέλουσι
1196 450 1443 504 εὐσεὸεῐν
1493 453 1843 517 ὑποτύπωσις

1969 457 2034 521 is,
2077 457 2170 526 qui
2197 458 2284 528 pie
2313 459 2497 514 vivere
2522 459 2714 513 volunt
2739 459 3028 529 pulchrum
3053 463 3352 533 exemplar,
3389 480 3524 534 quo-

267 551 449 621 ἀγαθὴ
469 591 483 613 ,
512 550 578 602 τὸ
607 548 731 600 τίνα
777 544 881 615 χρὴ
910 544 1104 614 τρόπον
1133 545 1252 595 κατ’
1287 542 1420 596 εὐθὺ
1458 544 1721 614 φέρεσθαι
1753 544 1846 597 τοῦ

269 643 480 706 εἰκότος
510 642 608 694 καὶ¹
636 639 946 699 ἀνδὰνοντος
983 635 1130 705 Θεῷ,
1167 636 1530 708 διατρανοῦσα
1565 637 1844 700 ποικίλως.

271 734 493 806 κρῆναι
523 734 630 804 γὰρ
668 729 835 798 ἔγωγέ
875 745 1055 798 φημι,
1096 727 1296 797 μᾶλλον
1335 727 1393 780 δὲ
1426 727 1519 782 καὶ⁷
1557 728 1718 792 αὐτὸς
1750 729 1848 798 τῆς

277 824 636 880 θεοπνεύστου
698 822 738 874 Γ
739 820 914 892 ραφῆς
964 821 993 873 ό
1047 819 1204 888 λόγος
1228 859 1243 883 ,
1300 819 1409 871 τῶν
1475 820 1848 890 ἀρχαιοτέρων

285 917 451 988 ἁγίων
483 912 912 985 ἀναθεωροῦντας
945 911 1123 984 ὀρθῶς
1156 911 1258 982 τὴν
1298 910 1530 964 ἐκσασιν
1580 913 1678 980 τῆς
1716 911 1850 963 ἀνα-

290 1005 515 1076 στροφῆς
543 1001 823 1073 μιμείσθαι
873 1001 971 1072 τὴν
1007 1001 1225 1054 πίστιν⁶
1278 1000 1437 1070 μόνον
1484 999 1541 1053 δὲ
1583 999 1704 1070 οὐχὶ
1757 1000 1850 1052 καὶ

287 1097 398 1149 κατ’
444 1096 584 1164 ῖχνος
637 1092 776 1146 ίέναι
821 1092 923 1162 τῆς
975 1091 1204 1162 ἐνούσης
1251 1091 1436 1155 αὐτοῖς
1470 1090 1692 1160 ἀρετῆς.
1739 1090 1850 1143 Καὶ

280 1186 380 1257 γάρ
422 1188 540 1239 ἐστι
583 1183 689 1239 τῶν
736 1183 977 1248 ἀτόπων,
1027 1184 1158 1246 τοὺς
1217 1183 1315 1254 μὲν
1353 1183 1470 1236 ὅσοι
1509 1182 1716 1254 τεχνῶν
1757 1199 1852 1251 γε·

223 1259 228 1262 .
275 1277 484 1348 γόνασιν
532 1277 899 1348 ἐπιστήμονες
956 1274 1066 1328 τῶν
1131 1273 1426 1344 βασιλικῶν
1456 1317 1472 1342 ,
1530 1273 1852 1345 καθηγητὰς

273 1371 348 1434 εἰς
384 1369 547 1423 τοῦτο
588 1367 866 1422 ποιεῖσθαι
910 1368 1041 1430 τοὺς
1095 1368 1202 1439 πρὸ
1255 1367 1458 1431 αὐτῶν,
1507 1365 1602 1420 καὶ
1652 1365 1853 1437 ζηλοῦν

273 1459 586 1528 ἐπείγεσθαι
601 1460 728 1522 τοὺς
755 1458 840 1512 ὅτι
857 1457 924 1528 δὴ
945 1457 1183 1528 μάλιστα
1201 1458 1526 1522 τὺ’ὲπιεικὲς
1547 1459 1606 1512 ὲν
1623 1457 1852 1520 ταύταις

273 1549 654 1621 ἡκριὸωκότας
677 1563 690 1576 ο
728 1548 881 1618 ἡμᾶς
921 1547 980 1601 δὲ
1021 1548 1253 1613 αὐτοὺς,
1293 1543 1375 1613 οἷς
1405 1549 1467 1603 τὸ
1488 1547 1785 1620 κατορθοῦν
1822 1547 1855 1600 ό

275 1639 477 1703 σκοπὸς
510 1640 610 1710 τὴν
637 1638 858 1710 ἀρετὴν,
888 1638 964 1708 μὴ
997 1637 1119 1708 οὐχὶ
1141 1637 1240 1708 τῆς
1263 1637 1504 1704 διανοίας
1532 1639 1623 1694 τὸν
1651 1639 1855 1710 ὀφθαλ-

276 1731 375 1802 μὸν
420 1731 786 1801 ὲνερείδοντας
830 1733 948 1793 ταῖς
971 1730 1081 1784 τῶν
1124 1731 1494 1803 ἀρχαιοτέρων
1523 1732 1852 1795 ὲπιεικείαις

274 1823 685 1894 ἀναμάττεσθαι
731 1821 932 1892 τρόπον
983 1821 1110 1875 τινὰ
1158 1823 1289 1892 παρ’
1341 1822 1522 1875 αὐτῶν
1564 1822 1633 1876 ea
1673 1822 1738 1876 δι’
1781 1815 1857 1878 ὧν

271 1914 341 1970 ἂν
360 1915 534 1968 smus
550 1932 630 1977 τις
658 1915 806 1987 παρά
833 1913 957 1984 Θεῷ
979 1911 1488 1984 δοκιμώτατος,καὶ
1507 1913 1608 1982 τῆς
1631 1913 1862 1982 εὐαγοῦς

272 2005 554 2069 πολιτείας
581 1993 941 2076 ἐπιστήμονα
964 2003 1059 2057 τὸν
1083 2005 1282 2057 οἰκεῖον
1311 2004 1474 2068 αὐτὸς
1499 2003 1864 2076 ἀπεργάσοιτο

271 2097 418 2154 νοῦν.
458 2095 778 2167 Προκείσθω
802 2097 868 2167 δὴ
890 2092 984 2150 οῦν
1027 2096 1239 2160 οὐδενὸς
1268 2089 1430 2166 ἦττον
1453 2097 1585 2168 ἡμῖν
1608 2097 1636 2148 ό
1667 2095 1860 2150 θεσπέ-

269 2182 393 2254 σιος
427 2187 651 2252 Ἰακὼϐ,
673 2170 1077 2258 ἀνεπίπληκτον
1099 2187 1199 2257 μὲν
1217 2186 1291 2250 ὡς
1311 2189 1427 2258 ἐνῇ,
1463 2187 1557 2240 καὶ
1576 2186 1653 2258 τῷ
1682 2187 1862 2258 καιρῷ

270 2282 596 2354 πρέπουσαν
633 2279 710 2350 τῷ
759 2279 1012 2350 τηνικάδε
1055 2279 1200 2349 φημὶ
1243 2278 1360 2332 όδὸν
1397 2277 1722 2350 διαστείχων
1755 2280 1857 2350 τὴν

271 2375 347 2438 ὡς
366 2371 424 2426 ἐν
448 2389 513 2441 γε
537 2370 782 2442 πολιτεία
810 2369 981 2440 ζωῆς,
1015 2369 1362 2441 συλλήπτορα
1391 2370 1447 2423 δὲ
1469 2371 1564 2424 καὶ
1588 2387 1861 2442 προεστη-

274 2465 410 2519 κότα
451 2463 542 2516 τὸν
575 2463 685 2514 τῶν
719 2462 859 2515 ὅλων
895 2461 1033 2532 ἔχων
1066 2460 1231 2524 Θεὸν,
1271 2460 1457 2524 πόνοις
1501 2462 1599 2532 μὲν
1625 2461 1744 2514 ἐσθ’
1772 2462 1863 2516 ὅτε

279 2557 585 2628 περιτυχεῖν
623 2552 845 2624 ἐφιέντα
887 2551 1195 2624 χρησίμως
1261 2553 1323 2605 οὐ
1360 2551 1469 2622 γὰρ
1501 2551 1568 2607 ἀν
1608 2553 1866 2623 ἀνιδρωτὶ

280 2644 681 2716 κατακτήσαιτό
719 2662 805 2708 τις
830 2645 899 2697 τὰ
923 2645 1004 2706 είς
1037 2644 1239 2715 ἀρετὴν
1271 2643 1569 2715 αὐχήματα
1600 2661 1614 2674 ·
1645 2644 1784 2715 μετά
1807 2643 1865 2697 δέ

279 2755 342 2808 γε
372 2738 442 2791 τὰ
471 2737 843 2809 γυμνάσματα
875 2735 1242 2806 στεφανοῦντα
1269 2738 1392 2798 ταῖς
1419 2735 1738 2806 εὐθυμίαις,
1771 2735 1867 2790 καὶ

284 2824 373 2882 οἷά
401 2845 520 2882 τινα
545 2829 650 2882 τῶν
677 2828 820 2896 ἄγαν
848 2827 1286 2880 εὐσθενεστάτων
1318 2827 1637 2894 ἀγωνιστῶν
1665 2830 1733 2898 τῇ
1755 2826 1866 2880 τῶν

292 2920 464 2976 ἄθλων
495 2921 830 2992 ἀμφιλαφεία
853 2917 1374 2982 καταπλουτίζοντα.
1417 2918 1510 2990 Μὴ
1553 2917 1664 2990 γὰρ
1705 2918 1869 2990 εἴπῃς

294 3011 440 3065 κατά
469 3013 685 3065 σαυτόν·
730 3011 870 3065 Ἀνθ’
906 3011 1028 3064 ὅτου
1062 3011 1137 3080 μὴ
1184 3009 1384 3063 ἄπονον
1431 3009 1686 3081 ἐδωρεῖτο
1733 3009 1869 3074 Θεὸς

287 3108 409 3167 τοῖς
454 3104 626 3172 ἁγίοις
662 3105 720 3157 τὺ
759 3102 1184 3174 κατευφραίνειν
1222 3101 1398 3168 είδός;
1430 3100 1602 3154 Τοῦτο
1642 3101 1752 3172 γὰρ
1799 3096 1868 3172 ἦν
1896 3128 1939 3187 C

284 3194 673 3264 ἀγυμνάστους
717 3195 809 3264 ὲᾷν
835 3233 849 3258 ,
886 3196 981 3246 καὶ
1026 3191 1230 3261 ἥκιστα
1292 3191 1389 3262 μὲν
1445 3188 1634 3259 μισθὸν
1668 3187 1870 3260 ἀρετῆς

281 3286 582 3356 ἀπονέμειν
612 3286 794 3348 αὐτοῖς
827 3285 889 3338 τὸ
917 3278 974 3337 εὖ
1018 3281 1153 3336 εἶναι
1183 3281 1344 3351 τυχόν
1369 3295 1384 3312 ⁸
1420 3278 1780 3334 ἀϐασανίστου
1815 3277 1871 3330 δὲ

286 3376 488 3448 μᾶλλον
536 3374 861 3444 θελημάτων
905 3370 1079 3444 ροπῆς
1121 3369 1394 3423 ποιεῖσθαι
1441 3366 1652 3438 καρπὸν
1689 3364 1750 3416 τὺ
1784 3363 1870 3415 ἐπ’

281 3471 468 3533 αὐτοῖς
499 3467 760 3538 εὐμενὲς,
794 3468 889 3520 καὶ
915 3467 1012 3536 τὴν
1037 3461 1298 3534 λαμπράν
1332 3477 1392 3512 τε
1423 3459 1519 3512 καὶ
1549 3457 1872 3525 ἀξιόληπτον

281 3564 390 3616 τῶν
432 3560 796 3632 χαρισμάτων
833 3557 1164 3628 φιλοτιμίαν.
1214 3550 1366 3608 Ἔδει
1393 3552 1450 3605 δὲ
1489 3551 1689 3622 μᾶλλον
1725 3549 1874 3602 εὐδο-

284 3654 580 3724 κιμοῦντας
599 3651 857 3722 ὁρᾶσθαι,
884 3650 976 3702 καὶ
1013 3648 1197 3720 ἔργοις
1226 3647 1410 3710 αὐτοῖς
1436 3645 1618 3712 ἀξίους
1636 3657 1871 3714 προανα-

284 3745 572 3815 φαίνεσθαι
599 3743 710 3798 τῶν
736 3742 889 3814 παρὰ
913 3739 1049 3795 Θεοῦ
1080 3756 1092 3771 ·
1119 3737 1444 3811 προκεῖσθαι
1470 3737 1526 3790 δὲ
1559 3737 1748 3806 ὥσπερ
1780 3734 1873 3786 καὶ

282 3841 398 3902 τοῖς
433 3838 552 3907 μετ’
587 3835 786 3898 αὐτοὺς
822 3835 902 3898 είς
929 3831 1282 3905 παράδειγμά
1308 3847 1369 3883 τε
1399 3830 1494 3884 καὶ
1522 3826 1872 3882 ὑποτύπωσιν

285 3929 498 4000 ἐναργῆ
536 3927 631 3982 τοῦ
676 3927 789 3980 δεῖν
837 3925 1056 3979 ἑλέσθαι
1111 3922 1572 3996 φιλεργεστάτους
1611 3917 1874 3974 εἶναικαὶ

285 4020 596 4084 νεανικοὺς,
628 4017 944 4081 ἐννοοῦντας
972 4018 1053 4070 ὄτι
1077 4017 1189 4079 τοῖς
1224 4014 1323 4086 μὲν
1352 4012 1739 4080 ἀταλαίπωρον
1779 4007 1874 4060 καὶ

281 4109 744 4181 κατεγνωσμένον
797 4106 1062 4162 διαϐιοῦσι
1116 4105 1285 4176 ζωὴν,
1333 4102 1509 4165 οὐδεὶς
1554 4099 1621 4154 ἂν
1668 4099 1877 4168 γένοιτο

291 4205 514 4275 μισθὸς,
534 4203 722 4272 ἕψεται
760 4200 819 4254 δὲ
862 4201 1080 4259 πάντως
1117 4196 1188 4251 τὰ
1215 4196 1436 4250 πάντων
1461 4191 1737 4263 ἐξαίρετα,
1763 4191 1877 4254 τοῖς

293 4295 377 4347 ὅτι
435 4293 674 4364 μαλιστα
719 4289 1176 4360 φιλοπονωτάτοις
1206 4325 1221 4350 ,
1271 4285 1366 4339 καὶ
1411 4281 1611 4354 ἱδρῶτα
1656 4279 1748 4334 τὸν
1785 4279 1874 4334 ἐπ’

287 4385 520 4453 ἀγαθοῖς
567 4383 678 4438 τῶν
724 4382 957 4454 ἡδίστων
1007 4380 1119 4434 τῶν
1169 4380 1228 4432 ὲν
1274 4376 1373 4447 βίῳ
1429 4371 1872 4446 προτετιμηκόσι.

1949 567 2075 604 nam
2104 551 2270 606 modo
2301 560 2561 632 poporteat
2590 552 2658 606 ad
2683 552 2739 606 id
2763 553 2910 622 quod
2950 553 3156 608 bonum
3189 564 3274 610 est
3306 556 3524 626 Deoque

1949 644 2171 714 placens
2193 652 2342 700 recta
2363 645 2718 711 contendere,
2741 645 2890 700 varie
2911 646 3229 716 explanans.
3248 648 3358 718 Ego
3380 651 3526 704 enim

1949 745 2203 806 Oportere
2239 737 2494 792 existimo
2536 737 2613 807 (at
2635 739 2820 808 potius
2863 739 2980 809 ipse
3017 755 3188 794 sacrae
3229 740 3527 811 Scriptura:

1949 825 2154 897 sermo)
2177 835 2427 882 veterum
2451 837 2763 884 sanctorum
2804 831 3237 884 conversationis
3272 842 3528 885 eventum

1950 928 2101 974 recte
2135 921 2591 990 contemplantes,
2623 921 2784 976 ﬁdem
2814 921 3034 985 imitari,
3065 937 3129 976 ac
3167 930 3379 976 tantum
3420 939 3531 978 non

1948 1010 2172 1066 virtutis
2200 1027 2308 1080 qua
2331 1012 2545 1081 praediti
2570 1011 2817 1077 fuerunt,
2849 1013 3094 1082 vestigiis
3129 1021 3383 1082 prompte
3422 1014 3534 1068 ala-

1949 1103 2225 1172 eriterque
2245 1102 2518 1158 insistere.
2544 1103 2857 1158 Absurdum
2879 1104 3024 1158 enim
3058 1119 3182 1158 cum
3210 1105 3403 1175 primis
3423 1115 3529 1170 est,

1949 1206 2052 1246 eos
2069 1191 2164 1260 qui
2195 1191 2396 1246 artium
2427 1191 2698 1262 regiarum
2719 1193 2880 1263 periti
2917 1201 3065 1257 sunt,
3098 1195 3388 1265 magistros
3422 1194 3529 1251 sibi

1951 1297 2282 1352 proponere,
2301 1282 2396 1352 qui
2415 1290 2542 1338 ante
2572 1283 2721 1353 ipsos
2744 1283 2987 1348 fuerunt,
3008 1284 3320 1355 imitarique
3343 1286 3530 1341 conari

1950 1387 2069 1435 eos,
2103 1372 2198 1442 qui
2231 1372 2287 1425 in
2315 1387 2384 1428 eo
2405 1373 3000 1442 genereexcelluerint,
3039 1389 3141 1427 nos
3166 1389 3301 1429 vero
3329 1375 3534 1444 quibus

1951 1464 2216 1518 virtutem
2235 1476 2495 1517 exercere
2517 1463 2862 1533 propositum
2884 1471 2990 1528 est,
3019 1477 3130 1519 non
3170 1464 3374 1519 mentis
3399 1479 3534 1518 ocu-

1953 1553 2023 1608 lis
2042 1551 2374 1617 adnitentes,
2398 1559 2649 1607 veterum
2677 1549 2900 1622 patruni
2920 1553 3008 1624 pie
3033 1555 3178 1611 facta
3230 1555 3534 1620 ruminare,

1953 1651 2011 1699 et
2031 1657 2100 1698 ex
2123 1642 2190 1698 iis
2211 1658 2429 1698 sumere
2461 1658 2525 1698 ea
2549 1658 2649 1712 per
2662 1659 2785 1712 quae
2815 1644 2940 1714 quis
2961 1645 3106 1716 apud
3128 1647 3301 1701 Deum
3333 1645 3537 1715 proba-

1957 1732 2205 1789 tissimus
2234 1732 2450 1797 evadat,
2491 1740 2802 1803 sanctasque
2846 1735 2972 1790 vita:
3014 1735 3248 1805 peritam
3295 1747 3538 1790 mentem

1959 1840 2117 1882 suam
2149 1823 2368 1880 eﬂiciat.
2403 1824 2751 1893 Proponatur
2801 1825 2984 1896 itaque
3003 1827 3164 1882 nobis
3178 1827 3540 1882 nihilominus

1960 1915 2182 1971 divinus
2226 1913 2415 1978 Jacob,
2471 1913 2632 1983 158
2693 1914 3236 1984 irreprehensibilem
3279 1917 3538 1988 quidem,

1959 2005 2140 2076 quoad
2161 2003 2280 2060 ﬁeri
2308 2011 2509 2075 potest,
2525 2004 2623 2068 illi,
2643 2003 2888 2074 inquam,
2909 2007 3142 2076 tempori
3163 2007 3543 2062 accommoda-

1960 2101 2073 2150 tam
2097 2095 2242 2149 viam
2291 2093 2572 2160 incedens,
2610 2095 2668 2150 in
2707 2095 2834 2150 vitae
2880 2111 2992 2151 suae
3025 2096 3540 2163 administratione;

1960 2185 2267 2257 adiutorem
2309 2200 2444 2240 vero
2485 2193 2543 2239 et
2584 2185 2902 2256 praefectum
2941 2189 3329 2243 universorum
3371 2189 3545 2243 Deum

1964 2275 2200 2340 habens,
2234 2291 2630 2346 nonnunquam
2651 2277 2873 2346 quidem
2895 2293 3021 2333 eum
3049 2279 3106 2333 in
3136 2278 3356 2334 labores
3392 2278 3545 2332 utili-

1964 2376 2046 2425 ter
2072 2368 2314 2424 incidere
2347 2368 2615 2425 sinentem
2635 2367 2835 2440 (neque
2852 2369 2998 2424 enim
3023 2369 3312 2441 quisquam
3333 2371 3542 2441 absque

1964 2463 2164 2519 sudore
2202 2463 2420 2518 virtutis
2436 2463 2666 2534 gloriam
2699 2464 3128 2535 consequatur),
3165 2473 3293 2534 post
3327 2463 3543 2519 exerci-

1967 2550 2041 2606 tia
2063 2566 2194 2606 vero
2214 2551 2414 2622 gaudio
2443 2561 2821 2618 coronantem,
2846 2569 2910 2610 ac
2935 2555 3103 2609 veluti
3127 2555 3421 2624 quemdam
3455 2568 3544 2609 ro-

1965 2640 2342 2696 bustissimum
2361 2644 2598 2715 pugilem
2622 2644 2974 2714 praemiorum
2997 2646 3233 2700 utilitate
3256 2647 3544 2700 ditantem.

1965 2733 2155 2804 Neque
2177 2751 2310 2790 vero
2335 2735 2542 2791 dixeris
2567 2737 2713 2807 apud
2739 2746 2790 2792 te
2815 2755 2827 2790 :
2853 2736 2964 2791 Cur
2993 2753 3103 2791 non
3127 2737 3332 2806 absque
3362 2736 3551 2791 labom

1966 2826 2198 2898 largitus
2233 2835 2318 2882 est
2359 2828 2505 2882 Deus
2555 2829 2762 2884 sanctis
2811 2827 2866 2882 id
2915 2828 3062 2898 quod
3119 2829 3357 2882 delectat
3385 2837 3552 2896 atque

1968 2916 2272 2971 exhilarat?
2322 2917 2436 2970 Hoc
2457 2917 2604 2971 enim
2650 2926 2772 2972 erat
2812 2917 3202 2971 inexercitatos
3252 2916 3455 2978 sinere,
3498 2924 3555 2968 et

1970 3023 2316 3078 nequaquam
2345 3007 2426 3061 eis
2445 3008 2755 3062 mercedem
2777 3008 3021 3071 virtutis,
3049 3008 3309 3062 nimirum
3337 3017 3397 3060 ut
3415 3007 3555 3061 bene

1973 3100 2044 3156 sit
2069 3099 2314 3154 tribuere
2358 3114 2370 3150 :
2401 3098 2496 3153 sed
2525 3098 2710 3168 potius
2749 3099 3109 3163 voluntatem,
3144 3099 3302 3169 cujus
3332 3100 3555 3169 pericu-

1971 3191 2088 3247 lum
2119 3188 2324 3243 factum
2351 3205 2459 3244 non
2484 3199 2651 3254 esset,
2678 3189 3059 3246 benevolentia
3089 3207 3189 3246 sua
3223 3191 3558 3261 splendidis—

1973 3296 2080 3352 que
2119 3289 2175 3336 et
2208 3281 2545 3336 admirandis
2582 3281 2865 3338 beneﬁciis
2907 3283 3210 3338 cumulare.
3258 3282 3559 3354 Oportebat

1971 3389 2102 3428 vero
2125 3374 2308 3444 potius
2343 3389 2440 3427 eos
2489 3373 2644 3443 prius
2673 3374 2937 3443 probatos
2962 3375 3159 3440 videri,
3200 3384 3256 3430 et
3293 3375 3559 3446 Operibus

1973 3466 2104 3536 ipsis
2129 3465 2324 3536 dignos
2346 3465 2548 3519 divinis
2578 3465 2860 3521 beneﬁciis
2879 3466 3138 3536 judicari,
3169 3483 3231 3520 ac
3257 3467 3426 3524 veluti
3446 3484 3560 3523 ma-

1972 3558 2170 3612 nifesto
2206 3557 2458 3626 exemplo
2480 3556 2715 3626 posteris
2741 3557 2996 3626 proponi,
3041 3574 3138 3612 eos
3171 3559 3425 3613 laborare
3474 3558 3558 3612 vi-

1973 3650 2258 3718 riliterque
2277 3663 2392 3702 rem
2425 3664 2618 3717 gerere
2655 3648 2879 3712 debere,
2913 3650 3279 3720 intclligentes
3301 3650 3444 3718 quod
3471 3650 3560 3714 iis,

1971 3739 2066 3810 qui
2099 3739 2368 3810 ignaviam
2393 3754 2458 3792 ac
2487 3738 2781 3793 vecordem
2809 3740 2978 3793 vitam
3023 3741 3358 3807 transigunt,
3409 3737 3564 3792 nulla

1973 3831 2152 3885 danda
2198 3829 2271 3886 sit
2308 3846 2520 3884 merces
2553 3848 2566 3882 :
2602 3830 2788 3882 omnia
2835 3813 2968 3883 vero
3025 3828 3226 3881 eximia
3253 3828 3442 3899 deberi
3470 3828 3560 3894 iis,

1974 3917 2177 3987 quibus
2205 3917 2365 3970 labor
2396 3915 2551 3969 cordi
2588 3921 2694 3978 est,
2723 3914 2929 3983 quique
2961 3915 3220 3969 sudorem
3262 3931 3362 3984 pro
3398 3917 3564 3973 rebus

1975 4008 2156 4071 bonis,
2199 4007 2431 4062 summis
2477 4006 2646 4076 hujus
2684 4005 2812 4060 vita:
2859 4004 3075 4061 deliciis
3119 4007 3437 4077 praeierunt.
3487 4009 3566 4064 Ita

1976 4097 2200 4169 quidam
2236 4095 2545 4167 sapientum
2569 4095 2708 4154 dixit
2756 4113 2769 4150 :
2823 4116 2842 4149 ‹
2870 4097 3008 4164 Fili,
3065 4099 3110 4154 si
3163 4103 3468 4159 accesseris
3495 4103 3565 4159 ad

1976 4187 2328 4268 serviendum
2352 4188 2604 4255 Domino,
2633 4205 2876 4260 praepara
2895 4193 3134 4247 animam
3164 4201 3312 4248 tuam
3347 4195 3418 4250 ad
3444 4206 3569 4252 ten-

1977 4280 2262 4344 tationem,
2289 4279 2464 4350 dirige
2513 4295 2611 4334 cor
2657 4288 2834 4347 tuum,
2884 4290 2941 4337 et
2983 4285 3193 4340 sustine
3239 4285 3303 4341 “.
3340 4307 3358 4338 ›
3411 4288 3567 4344 Parit

1976 4371 2124 4426 enim
2156 4390 2173 4422 ς
2207 4372 2497 4427 tolerantia
2525 4374 2933 4444 probationem,
2959 4377 3214 4446 probatio
3242 4393 3374 4433 vero
3390 4395 3567 4448 spem,

292 4477 451 4531 Οῦτω
478 4494 562 4540 τις
586 4475 791 4546 ἔφασκε
820 4473 927 4527 τῶν
957 4471 1136 4542 σοφῶν
1156 4489 1168 4501 ι
1205 4488 1225 4521 ι
1260 4469 1481 4532 Τέκνον,
1513 4467 1561 4520 εί
1595 4465 1866 4538 προσέρχῃ

1980 4479 2106 4533 spes
2121 4478 2254 4518 vero
2280 4479 2391 4518 non
2421 4466 2724 4530 erubescit,
2753 4487 2771 4516 δ
2803 4465 2946 4521 sicut
2968 4468 3235 4538 scriptum
3257 4477 3344 4526 est
3365 4471 3432 4524 ".
3467 4469 3570 4527 Se-

291 4567 567 4622 δουλεύειν
601 4567 678 4639 τῷ
726 4565 952 4636 Κυρίῳ,
984 4563 1281 4632 ἐτοίμασον
1313 4559 1412 4630 τὴν
1445 4558 1626 4629 ψυχήν
1674 4575 1768 4611 σου
1799 4559 1879 4619 εἰς

1984 4571 2219 4626 quemur
2246 4553 2432 4626 itaque
2456 4556 2802 4626 propositum
2835 4573 3083 4628 scopum.

294 4665 630 4737 πειρασμὸν,
701 4662 924 4717 εὔθυνον
998 4659 1096 4730 τὴν
1132 4657 1364 4729 καρδίαν
1425 4673 1542 4719 σου,
1575 4652 1669 4707 καὶ
1709 4651 2070 4723 καρτέρησον.
2117 4669 2137 4704 ι
2189 4649 2376 4705 Τίκτει
2416 4651 2514 4722 μὲν
2556 4651 2662 4722 γὰρ
2697 4670 2716 4704 ι
2763 4654 2795 4724 ἡ
2836 4653 3088 4727 ὑπομονὴ
3121 4655 3378 4728 δοκιμὴν,
3411 4655 3445 4725 ἡ
3514 4655 3570 4711 δὲ

291 4759 498 4830 δοκιμὴ
527 4756 746 4811 ἑλπίδαο
780 4757 814 4827 ἡ
844 4754 900 4808 δὲ
930 4751 1086 4816 ἐλπὶς
1140 4750 1200 4803 οὐ
1228 4746 1607 4818 καταισχύνει,
1643 4763 1661 4797 ι
1699 4743 1839 4797 κατά
1902 4744 1963 4796 τὸ
2000 4743 2407 4815 γεγραμμένον.
2476 4743 2754 4815 Ἐψόμεθα
2819 4744 2879 4799 δὲ
2935 4745 3001 4817 δὴ
3068 4745 3147 4818 τῷ
3218 4745 3572 4817 προκειμένῳ

296 4854 512 4924 σκοπῷ.

370 4951 435 5021 β’.
485 4947 642 5002 Μετὰ
691 4945 790 5016 τὴν
830 4943 926 4999 τοῦ
964 4942 1152 4998 Λάὁαν
1197 4940 1373 4994 τοίνυν
1411 4935 1760 5008 ἀποχώρησιν
1790 4932 1888 5004 τὴν

297 5043 366 5094 ὲκ
391 5040 486 5094 τοῦ
517 5040 678 5110 ὅρους
709 5035 921 5089 Γαλαὰδ
941 5077 958 5101 ,
988 5035 1068 5096 είς
1099 5031 1200 5101 τὴν
1241 5027 1572 5096 ὲνεγκοῦσαν
1604 5024 1886 5094 ἠπείγετο,

299 5134 400 5186 καὶ
431 5129 772 5184 διασπεύδειν
809 5126 1000 5198 ἢθελεν
1034 5126 1063 5178 ὁ
1095 5121 1382 5182 θεσπέσιος
1424 5115 1641 5170 Ἰακώϐ.
1687 5112 1860 5183 Ἀπηλ

249 5289 252 5291 λ
299 5223 576 5293 λαγμένος
607 5221 664 5274 δὲ
699 5220 851 5289 μόλις
887 5218 994 5288 τῆς
1009 5215 1196 5270 Λάὁαν
1228 5212 1440 5282 ἐφόδου,
1488 5207 1586 5261 καὶ
1622 5203 1860 5258 ἀναπνεύ

302 5334 402 5380 σας
430 5316 604 5386 βραχῦ
631 5356 646 5379 ,
682 5311 1087 5381 χαλεπωτέροις
1122 5306 1282 5368 εὐθὺς
1308 5301 1628 5373 περιπίπτει
1648 5298 1880 5368 δείμασι.

314 5408 536 5478 Ἐπειδὴ
566 5405 678 5477 γὰρ
712 5405 821 5457 ἔδει
853 5403 955 5472 τῆς
986 5397 1404 5465 Μεσοποτομίας
1428 5393 1752 5463 ἀπαίροντα,
1789 5392 1884 5444 καὶ

304 5498 382 5562 είς
413 5499 514 5569 γῆν
565 5495 794 5551 Χαναὰν
824 5491 1218 5562 ἁποτρέχοντα,
1259 5486 1350 5540 διὰ
1393 5484 1564 5555 μέσης
1605 5484 1742 5535 ίέναι
1788 5482 1887 5549 τῆς

303 5589 488 5664 Σηεὶρ,
517 5593 574 5644 ὲν
683 5583 1011 5654 κατῴκησεν
1050 5578 1240 5644 Ἡσαῦ,
1273 5576 1524 5648 περιδεὴς
1547 5575 1603 5627 δὲ
1631 5576 1770 5642 ἄγαν
1800 5569 1887 5642 ἦν.

368 5772 412 5806 ⁸⁸
435 5771 609 5831 Eccli.
634 5785 697 5835 ιι,
736 5765 788 5819 Ι.
869 5762 1105 5832 ⁶⁷οΒοπι
1139 5758 1353 5824 “1,3;
1383 5755 1521 5811 Psal.
1548 5771 1688 5818 xxiv,
1714 5753 1802 5804 ΞΟ.

2060 4929 2115 4983 2.
2154 4929 2285 4983 Post
2328 4927 2637 4984 discessum
2681 4924 2888 4980 Labani
2933 4939 3000 4977 ex
3029 4929 3214 4975 monte
3256 4914 3479 4980 Galaad,
3506 4916 3572 4972 ad

1990 5021 2554 5092 patriam'contendit,
2590 5030 2646 5074 et
2676 5024 3008 5088 prmvcrtere
3044 5014 3238 5067 beatus
3267 5007 3437 5064 Jacob
3476 5025 3575 5062 vo-

1989 5113 2110 5167 luit.
2151 5115 2252 5167 Vix
2277 5129 2411 5168 vero
2436 5113 2704 5166 liberatus
2727 5109 2794 5162 ab
2834 5106 3040 5160 insultu
3078 5103 3287 5165 Laban,
3335 5114 3576 5167 cumque

1988 5207 2214 5260 vixdum
2237 5205 2586 5274 respirasset,
2614 5203 2668 5256 in
2687 5202 2792 5254 alia
2820 5198 3004 5252 statim
3030 5196 3284 5266 graviora
3332 5190 3578 5259 pericula

1994 5297 2206 5352 incidit.
2249 5299 2385 5353 Cum
2437 5296 2586 5350 enim
2631 5297 2914 5360 Oporteret
2959 5302 3085 5340 eum
3119 5302 3149 5339 a
3188 5283 3578 5350 Mesopotamia

1993 5389 2400 5450 discedentem,
2423 5395 2478 5439 et
2511 5385 2566 5437 in
2611 5391 2809 5435 terram
2845 5380 3102 5434 Chanaan
3135 5374 3434 5443 fugientem
3481 5388 3582 5440 per

1996 5479 2238 5534 medium
2267 5485 2424 5530 terra:
2449 5475 2570 5528 Scir
2597 5473 2872 5535 incedere,
2895 5470 2948 5522 in
2974 5484 3080 5536 qua
3109 5464 3390 5522 habitabat
3414 5463 3578 5523 Esau,

2002 5568 2249 5638 trepidus
2273 5565 2566 5621 admodum
2594 5562 2714 5617 fuit.
2747 5564 2932 5634 Neque
2959 5561 3105 5616 enim
3138 5556 3446 5633 ignorabat,
3471 5565 3584 5624 quo
