4074 6260
544 412 654 468 155

1597 405 1651 460 S.
1694 402 1969 459 CYRILLI
2006 395 2474 456 ALEXANDRINI
2507 394 2804 452 ARCHIEP

3713 383 3820 444 256

545 533 704 596 pacto
730 538 855 578 eum
884 519 1207 576 offendisset
1231 519 1303 574 ob
1341 517 1785 574 benedictionem
1811 527 1868 572 et
1913 516 2109 586 primo-

2225 511 2301 566 Οὐ
2333 511 2443 583 γὰρ
2469 509 2994 582 ὴγνὸειλελυπηκως
3023 510 3122 579 τῆς
3150 524 3211 560 τε
3241 504 3496 574 εὐλογίας
3512 504 3700 572 ἕνεκα,
3728 507 3822 559 καὶ

544 612 726 684 genita
753 611 1035 680 subrepta.
1065 607 1315 675 Quonam
1340 622 1473 662 vero
1499 606 1663 660 modo
1694 606 1843 660 hunc
1875 605 2126 684 dolorem

540 703 829 767 amovet-it,
863 709 1027 772 atque
1050 699 1119 754 ad
1142 713 1387 754 amorem
1411 698 1918 767 humanitatemque
1941 696 2128 751 tradu-

542 795 951 859 xe'ritfratrem,
989 809 1100 864 quo
1133 800 1293 863 pacto
1316 806 1429 845 non
1472 790 1700 860 dignum
1734 789 1901 844 fuerit
1934 789 2126 844 videre

538 895 596 942 et
619 886 842 941 mirari?
862 885 1139 955 Scriptum
1161 883 1328 954 igitur
1351 890 1436 937 est
1459 900 1473 936 :
1504 901 1522 933 ε
1557 881 1704 936 Misit
1726 890 1914 935 autem
1956 880 2124 936 Iacob

538 979 763 1034 nuntios
788 987 914 1033 ante
955 992 1014 1032 se
1051 976 1123 1032 ad
1176 976 1323 1030 Esau
1368 973 1593 1029 fratrem
1617 989 1778 1028 suum
1820 974 1877 1027 in
1921 982 2124 1028 terram

539 1068 684 1133 Seir,
709 1069 766 1124 in
791 1067 1070 1138 regionem
1098 1064 1293 1129 Edom,
1342 1063 1502 1134 159
1535 1070 1592 1118 et
1616 1063 1876 1133 praecepit
1905 1062 2006 1126 eis,
2036 1062 2125 1116 di-

539 1176 672 1215 cens
697 1178 708 1213 :
731 1159 824 1214 Sic
845 1158 1044 1214 dicetis
1062 1157 1289 1211 domino
1309 1170 1432 1210 meo
1457 1154 1600 1209 Esau
1626 1172 1641 1208 :
1667 1154 1759 1210 Sic
1779 1153 1917 1208 dixit
1931 1169 2124 1209 servus

541 1259 668 1306 tuus
693 1251 860 1306 Iacob
903 1249 1077 1306 :Cum
1107 1248 1293 1302 Laban
1333 1247 1600 1311 habitavi,
1631 1253 1688 1300 et
1715 1253 1962 1300 moratus
1999 1261 2122 1299 sum

539 1358 713 1411 usque
729 1356 876 1396 nunc
902 1357 914 1394 :
936 1348 993 1396 et
1011 1339 1236 1394 fuerunt
1267 1337 1400 1391 mihi
1417 1337 1609 1402 boves,
1632 1345 1689 1392 et
1711 1336 1872 1401 asini,
1894 1343 1951 1391 et
1969 1351 2120 1400 oves,

536 1442 593 1487 et
618 1433 762 1488 servi
797 1440 850 1486 et
871 1431 1102 1487 ancillae.
1127 1431 1196 1485 Et
1224 1429 1350 1484 misi
1375 1428 1600 1506 domino
1631 1443 1756 1482 meo
1796 1428 1940 1482 Esau
1975 1443 2123 1481 nun-

539 1525 695 1588 tiare,
723 1531 783 1578 ut
816 1522 1060 1578 inveniat
1083 1537 1279 1576 servus
1301 1529 1433 1574 tuus
1463 1520 1696 1590 gratiam
1722 1534 1907 1573 coram
1943 1528 2012 1574 te.
2056 1519 2124 1573 Et

536 1613 745 1668 reversi
771 1623 900 1667 sunt
921 1611 1102 1665 nuntii
1128 1611 1196 1664 ad
1213 1610 1404 1674 Iacob,
1445 1608 1695 1662 dicentes
1727 1625 1738 1659 :
1766 1608 2030 1662 Venimus
2053 1607 2120 1663 ad

535 1702 764 1757 fratrem
795 1710 949 1756 tuum
979 1701 1146 1764 Esau,
1171 1707 1228 1754 et
1258 1713 1388 1753 ecce
1413 1698 1528 1767 ipse
1561 1697 1711 1751 venit
1737 1697 1793 1750 in
1830 1712 2122 1752 occursum

537 1802 713 1857 tuum,
745 1801 802 1847 et
831 1790 1218 1862 quadringenti
1242 1789 1346 1844 viri
1383 1804 1507 1842 cum
1555 1803 1641 1844 eo.
1690 1788 1900 1843 Timuit
1937 1797 2120 1844 autem

533 1885 702 1941 Iacob
727 1885 904 1950 valde,
937 1893 994 1939 et
1015 1885 1176 1953 inops
1199 1882 1416 1937 consilii
1441 1882 1564 1936 fuit.
1598 1882 1667 1936 Et
1696 1880 1884 1936 divisit
1936 1896 2116 1952 popu‘

534 1977 648 2031 lum
688 1977 933 2046 quicum
957 1990 1044 2040 eo,
1081 1983 1139 2029 et
1163 1975 1333 2028 boves
1355 1983 1412 2027 et
1450 1989 1583 2028 oves
1609 1973 1666 2027 in
1703 1972 1841 2028 duas
1887 1979 2114 2041 turmas,

533 2073 590 2121 et
607 2067 745 2121 dixit
772 2066 940 2122 Iacob
975 2085 987 2120 :
1017 2065 1073 2121 Si
1110 2065 1326 2121 venerit
1362 2066 1506 2120 Esau
1538 2064 1607 2119 ad
1637 2074 1895 2124 turmam
1930 2082 2116 2132 unam,

531 2163 588 2210 et
613 2157 951 2224 percusserit
987 2171 1130 2220 eam,
1156 2156 1263 2210 erit
1282 2164 1463 2210 turma
1489 2155 1730 2210 secunda
1770 2163 1831 2210 ut
1853 2157 2115 2211 salvetur.

531 2245 679 2300 Dixit
722 2253 905 2300 autem
931 2245 1100 2301 Iacob
1135 2245 1320 2300 :Deus
1371 2244 1544 2314 patris
1575 2244 1684 2298 mei
1740 2243 2039 2311 Abraham,
2062 2254 2119 2303 et

536 2339 681 2393 Deus
723 2338 899 2407 patris
935 2337 1042 2391 mei
1076 2336 1248 2402 lsaac,
1287 2337 1540 2402 Domine,
1575 2337 1671 2406 qui
1702 2337 1890 2391 dixisti
1927 2338 2064 2392 mihi
2100 2357 2114 2394 :

533 2429 832 2483 Revertere
858 2427 915 2482 in
933 2436 1136 2482 terram
1159 2427 1465 2483 nativitatis
1488 2435 1617 2494 tuae,
1644 2439 1705 2483 ut
1735 2430 1875 2485 bene
1903 2430 2002 2486 tibi
2032 2431 2116 2486 fa-

471 2561 477 2568 .
531 2518 707 2584 ciam;
739 2517 973 2573 sufﬁciat
993 2518 1127 2572 mihi
1156 2519 1224 2574 ab
1247 2519 1398 2573 omni
1419 2520 1655 2591 justitia,
1683 2529 1738 2576 et
1762 2521 1830 2576 ab
1855 2523 2004 2577 omni
2027 2539 2120 2578 ve-

532 2609 716 2674 ritate,
742 2626 906 2680 quam
927 2609 1105 2665 fecisti
1135 2626 1295 2666 servo
1350 2618 1464 2666 tuo.
1505 2612 1566 2666 In
1595 2613 1748 2684 virga
1783 2615 1931 2668 enim
1993 2631 2116 2671 mea

532 2702 635 2758 hac
665 2703 890 2758 transivi
920 2703 1236 2770 Iordanem,
1277 2720 1426 2760 nunc
1452 2713 1635 2760 autem
1666 2705 1843 2761 factus
1891 2722 2012 2762 sum
2059 2707 2116 2762 in

529 2796 668 2850 duas
694 2805 920 2851 turmas.
947 2797 1092 2852 Erue
1107 2812 1193 2852 me
1210 2797 1279 2852 de
1299 2813 1464 2852 manu
1488 2798 1676 2853 fratris
1701 2799 1829 2864 mei,
1857 2799 1925 2854 de
1950 2815 2116 2855 manu

529 2888 708 2955 Esau;
731 2889 861 2958 quia
895 2889 1063 2944 timeo
1095 2905 1197 2961 ego
1225 2905 1372 2954 eum,
1411 2905 1482 2946 ne
1503 2889 1646 2946 forte
1670 2891 1900 2948 veniens
1920 2907 2117 2961 percu-

530 2983 628 3038 tiat
649 2999 756 3049 me,
797 2991 853 3039 et
890 2993 1123 3039 matrem
1159 3000 1326 3055 super
1361 2985 1522 3041 filios.
1551 2985 1634 3040 Tu
1664 2995 1851 3041 autem
1881 2985 2067 3040 dixisti
2097 3001 2111 3040 :

528 3075 672 3130 Bene
689 3075 790 3130 tibi
820 3075 1038 3140 faciam,
1068 3084 1124 3131 et
1146 3090 1348 3146 ponam
1379 3091 1568 3132 semen
1611 3087 1766 3133 tuum
1807 3078 1952 3133 sicut
1987 3093 2112 3133 are-

2229 602 2408 657 αὐτῶν
2433 603 2491 656 δὲ
2517 601 2627 655 τῶν
2660 601 3064 672 πρωτοτοκίων.
3109 601 3246 653 Τίνα
3275 599 3331 652 δὲ
3373 598 3571 669 τρόπον
3594 599 3692 668 τὴν
3723 598 3822 650 ἐπὶ

2229 695 2441 758 τούτοις
2454 693 2635 763 λύπην
2655 690 3066 754 ἀπεσκευάζετο
3087 730 3102 754 ,
3121 691 3216 744 καὶ
3228 691 3309 752 είς
3325 689 3551 758 ἀγάπην
3567 689 3662 740 καὶ
3683 689 3824 758 ἡμε-

2229 785 2433 856 ρότητα
2448 783 2682 852 καθίστη
2701 782 2792 835 τὸν
2817 780 3066 850 ἀδελφὸν,
3099 779 3217 842 πῶς
3237 779 3340 831 οὐκ
3367 777 3516 844 ἄξιον
3547 777 3693 838 ἰδεῖν,
3726 777 3824 830 καὶ

2227 875 2368 946 πρός
2390 891 2453 943 γε
2477 873 2653 944 τούτῳ
2689 871 3002 943 θαυμάσαι;
3031 869 3349 941 Γέγραπται
3394 867 3579 921 τοίνυν
3603 885 3615 896 ·
3649 886 3667 918 ι
3691 869 3823 920 Ἀπ-

2228 966 2430 1020 έστειλε
2445 967 2499 1019 δὲ
2513 963 2710 1018 Ἰακὼϐ
2721 964 2984 1033 ἀγγέλους
2997 962 3306 1035 ἔμπροσθεν
3317 961 3482 1015 αὐτοῦ
3496 961 3633 1031 πρὸς
3647 959 3818 1014 Ἦσαῦ

2228 1056 2321 1108 τὸν
2351 1055 2578 1123 ἀδελφὺν
2605 1053 2771 1108 αὑτοῦ
2809 1055 2890 1117 είς
2924 1055 3028 1124 γῆν
3061 1053 3247 1123 Σηεὶρ,
3281 1053 3362 1116 είς
3390 1053 3577 1122 χώραν
3613 1049 3816 1121 Ἑδὼμ,

2229 1148 2323 1200 καὶ
2346 1147 2652 1201 ἐνετείλατο
2688 1147 2892 1212 αὐτοῖς,
2915 1146 3106 1214 λέγων’
3128 1143 3314 1208 Οὕτως
3342 1146 3515 1215 ἐρεῖτε
3537 1144 3614 1214 τῷ
3641 1143 3820 1212 κυρίῳ
3861 1180 3870 1189 .

2231 1257 2333 1311 μου
2375 1239 2547 1294 Ἠσαῦ
2573 1256 2587 1272 ·
2615 1239 2802 1305 Οὕτως
2825 1239 2970 1306 λέγει
3020 1240 3050 1292 ό
3095 1241 3226 1303 παῖς
3257 1257 3350 1293 σου
3396 1237 3626 1291 Ἰακώϐ·
3662 1236 3820 1290 Μετά
3868 1229 3888 1242 ”

2228 1332 2416 1388 Λάϐαν
2465 1332 2793 1404 παρῴκησα,
2841 1333 2936 1386 καὶ
2991 1331 3245 1403 ὲχρὸνισα
3288 1329 3395 1394 ’έως
3422 1331 3518 1383 τοῦ
3559 1331 3675 1383 νῦν
3725 1331 3820 1382 καὶ

2227 1426 2477 1495 ἐγένοντό
2507 1443 2598 1496 μοι
2622 1425 2765 1495 βόες,
2799 1424 2895 1478 καὶ
2919 1423 3052 1486 δνοι,
3085 1423 3180 1477 καὶ
3211 1422 3480 1493 πρόϐατα,
3513 1421 3606 1474 καὶ
3628 1420 3818 1483 παῖδες

2227 1519 2322 1572 καὶ
2349 1517 2654 1572 παιδίσκαι.
2695 1517 2804 1570 Καὶ
2854 1515 3152 1570 ἀπέστειλα
3199 1515 3451 1584 ἀγγεῖλαι
3499 1513 3578 1584 τῷ
3637 1513 3817 1584 κυρίῳ

2227 1629 2328 1682 μου
2369 1609 2563 1673 Ἠσαῦ,
2595 1610 2684 1663 ἵνα
2713 1608 2850 1681 εὕρῃ
2884 1610 2913 1662 ὁ
2948 1611 3077 1672 παῖς
3103 1625 3196 1662 σου
3239 1608 3398 1679 χάριν
3425 1606 3668 1661 ἐναντίον
3698 1622 3812 1660 σου.

2223 1702 2334 1756 Καὶ
2365 1698 2716 1770 ἀπέστρεψαν
2749 1699 2800 1751 oi
2849 1698 3071 1767 ἄγγελοι
3119 1698 3255 1770 πρὸς
3293 1695 3513 1762 Ἰακὼϐ,
3539 1696 3813 1765 λέγοντεςο

2229 1791 2502 1860 Ἥλθομεν
2524 1792 2660 1863 πρὸς
2676 1790 2768 1844 τὸν
2783 1789 3012 1858 ἀδελφόν
3033 1807 3125 1842 σου
3157 1788 3350 1855 Ἡσαῦ,
3375 1793 3468 1842 καὶ
3490 1788 3710 1858 ἔρχεται
3734 1789 3814 1852 εἰς

2227 1883 2575 1955 συνάντησιν,
2634 1885 2731 1936 καὶ
2786 1882 3128 1954 τετρακόσιοι
3185 1883 3376 1953 ἄνδρες
3440 1884 3558 1952 μετ’
3622 1880 3812 1935 αὐτοῦ.

2221 1976 2496 2048 Ἐφοϐήθη
2522 1977 2580 2031 δὲ
2608 1975 2807 2030 Ἰακὼϐ
2833 1976 3057 2047 σφόδρα,
3093 1975 3186 2030 καλ¹
3213 1976 3495 2045 ἠπορεῖτο.
3527 1976 3636 2028 Καὶ
3653 1973 3816 2026 διεῖλε

2219 2069 2310 2122 τὸν
2334 2069 2462 2122 λαὸν
2496 2068 2588 2122 τὸν
2624 2068 2744 2140 μεθ’
2770 2067 2987 2131 ἑαυτοῦ,
3018 2067 3111 2120 καὶ
3133 2067 3258 2129 τοὺς
3283 2065 3434 2134 βόας,
3457 2065 3550 2118 καὶ
3580 2065 3650 2117 τά
3681 2065 3818 2135 πρό-

2221 2161 2359 2216 ϐατα
2379 2163 2458 2225 είς
2476 2161 2570 2216 δύο
2592 2161 2960 2234 παρεμϐολάς.
2985 2161 3095 2214 Καὶ
3112 2155 3264 2213 εἶπεν
3291 2159 3505 2211 Ἰακώϐ·
3532 2158 3658 2212 Ἐὰν
3683 2157 3817 2229 ἔλθη

2232 2251 2403 2305 Ἢσαῦ
2436 2253 2518 2314 είς
2555 2250 2906 2323 παρεμϐολὴν
2931 2251 3078 2322 μίαν,
3105 2251 3198 2304 καὶ
3219 2249 3429 2320 ἐκκόψῃ
3453 2249 3643 2318 αὐτὴν,
3661 2248 3816 2301 ἔσται

2219 2343 2254 2413 ή
2310 2341 2631 2412 παρεμϐολὴ
2687 2343 2721 2412 ἠ
2756 2340 2984 2412 δευτέρα
3033 2341 3113 2404 εἰς
3148 2339 3208 2393 τὸ
3259 2338 3548 2402 σώζεσθαι.
3581 2336 3716 2391 Εἶπε
3756 2337 3816 2391 δὲ

2231 2432 2446 2486 Ἰακώϐ·
2493 2434 2551 2487 Ὀ
2577 2433 2710 2496 Θεὸς
2734 2431 2831 2486 τοῦ
2858 2431 3062 2502 πατρός
3083 2449 3183 2504 μου
3215 2430 3419 2502 Ἀϐραά
3429 2449 3467 2502 μ
3483 2472 3497 2495 ,
3522 2430 3660 2484 καὶό
3679 2429 3812 2493 Θεὸς

2216 2521 2311 2576 τοῦ
2336 2523 2541 2595 πατρός
2573 2541 2673 2594 μου
2691 2522 2901 2588 Ἰσαὰκ,
2929 2521 3125 2594 Κύριε,
3144 2523 3171 2576 ό
3187 2521 3354 2575 εἰπών
3377 2539 3489 2592 μοι,
3513 2521 3818 2591 ’Λπότρεχε

2217 2616 2299 2680 είς
2327 2616 2424 2688 τὴν
2472 2616 2577 2687 γῆν
2624 2616 2724 2687 τῆς
2778 2613 3050 2684 γενέσεώς
3079 2633 3195 2678 σου,
3244 2616 3336 2668 καὶ
3374 2611 3434 2668 εὖ
3481 2631 3541 2667 σε
3575 2615 3822 2683 ποιήσω,-

2221 2708 2525 2763 ίκανούσθω
2575 2725 2665 2779 μοι
2701 2707 2808 2762 ἀπὸ
2831 2707 3010 2771 πάσης
3035 2706 3404 2777 δικαιοσύνης,
3435 2709 3530 2759 καὶ
3568 2706 3677 2760 άπὸ
3709 2706 3819 2759 πά-

2220 2818 2318 2872 σης
2354 2800 2637 2872 ἀληθείας,
2667 2794 2736 2872 ἦς
2763 2799 3030 2862 ἐποίησας
3052 2798 3132 2870 τῷ
3165 2798 3318 2852 παιδί
3347 2815 3463 2852 σου.
3485 2798 3576 2850 Ἐν
3598 2796 3708 2868 γὰρ
3743 2797 3818 2868 τῇ

2219 2893 2401 2964 ῥάϐδῳ
2442 2909 2544 2963 μου
2583 2890 2757 2962 ταύτῃ
2786 2890 2973 2962 διέϐην
3002 2892 3094 2945 τὸν
3133 2891 3430 2962 Ἰορδάνην,
3481 2890 3600 2944 νυνὶ
3629 2890 3686 2943 δὲ
3719 2891 3818 2960 γέν

2215 3002 2348 3054 γονα
2381 2985 2460 3048 είς
2491 2983 2585 3038 δύο
2613 2983 2988 3055 παρεμϐολάς.
3037 2980 3252 3048 Ἐξελοῦ
3292 3000 3358 3054 με
3387 2984 3452 3036 ὲκ
3490 2983 3673 3056 χειρὸς
3713 2984 3816 3038 τοῦ

2216 3074 2445 3144 ἀδελφοῦ
2471 3093 2573 3146 μου
2609 3074 2910 3140 Ἠσαῦ,·ὃτι
2937 3072 3207 3147 φοϐοῦμαι
3237 3073 3347 3144 ἐγὼ
3365 3075 3548 3140 αὐτὸν,
3574 3078 3647 3146 μή
3678 3093 3817 3129 ποτε

526 3183 654 3224 nam
683 3169 872 3234 maris,
917 3185 1040 3238 quae
1089 3184 1200 3223 non
1244 3169 1632 3224 numerabitur
1661 3185 1774 3240 pra:
1797 3169 2109 3224 multitudi-

2217 3163 2387 3219 ἐλθὼν
2414 3165 2630 3239 πατάξῃ
2685 3183 2778 3238 με,
2809 3167 2904 3220 καὶ
2956 3166 3169 3238 μητέρα
3217 3165 3310 3218 ἐπὶ
3361 3165 3595 3228 τέκνοις.
3638 3168 3710 3219 Σὺ
3750 3168 3820 3220 δὲ

526 3277 596 3315 ne
634 3262 698 3313 ⁸⁸.
733 3281 751 3312 ι
778 3261 1040 3332 lntelligis
1057 3278 1165 3332 quo
1174 3270 1343 3332 pacto
1372 3277 1430 3317 se
1461 3261 1662 3316 blande
1681 3262 1928 3316 insinuat
1952 3261 2113 3316 fratri

525 3351 691 3414 Esau,
738 3367 802 3405 ac
843 3358 1053 3405 tantum
1095 3366 1204 3405 non
1239 3351 1381 3406 irato
1427 3351 1709 3415 adulatur,
1749 3359 1805 3404 et
1844 3350 2116 3405 blandilo-

524 3443 656 3512 quio
691 3443 786 3496 irae
810 3442 982 3511 ipsius
1002 3443 1407 3498 vehementiam
1431 3443 1684 3513 mitigare
1725 3451 1974 3498 conatur.
2004 3443 2111 3498 Ta-

524 3532 686 3588 metsi
723 3532 871 3586 enim
901 3533 1155 3602 superior
1175 3543 1313 3597 erat,
1355 3533 1428 3588 ob
1449 3533 1894 3589 benedictionem
1916 3535 2109 3605 patris,

522 3629 578 3677 et
627 3623 698 3676 ob
732 3620 1224 3691 primogenitorum
1276 3623 1526 3692 gloriam,
1559 3623 1843 3694 Deumque
1875 3625 2109 3679 auxilia-

522 3724 699 3771 torem
742 3713 1000 3778 habebat,
1054 3713 1330 3768 submittit
1386 3729 1466 3780 se,
1513 3714 1650 3770 illud
1686 3716 1914 3772 omnino
1960 3717 2109 3788 quod

519 3815 741 3864 sanctos
779 3805 939 3862 decet
967 3813 1228 3876 praestare
1261 3806 1490 3876 cupiens
1531 3824 1544 3862 :
1595 3825 1614 3859 ι
1659 3807 1718 3861 Si
1750 3806 1868 3862 fieri
1904 3817 2106 3879 potest,

517 3898 664 3969 quod
694 3905 868 3953 estex
895 3896 1071 3962 vobis,
1107 3910 1234 3951 cum
1267 3897 1527 3952 omnibus
1555 3896 1875 3952 hominibus
1915 3913 2107 3968 pacem

518 3988 716 4045 habete
748 3989 814 4045 ".
848 4009 867 4042 ι
914 3989 1108 4045 Sermo
1129 3989 1278 4045 enim
1309 4004 1706 4060 nonnunquam
1725 4005 1908 4060 asper,
1940 4000 2106 4061 atque

516 4083 842 4153 arrogantia:
874 4083 1068 4152 plenus
1118 4083 1484 4138 intolerabilis
1520 4083 1858 4153 quibusdam
1897 4091 1999 4137 est.
2034 4083 2105 4139 Ut

516 4188 652 4227 vero
683 4173 902 4241 sapiens
919 4173 1302 4227 Paroemiastes
1339 4172 1416 4226 ait
1451 4191 1465 4226 :
1508 4191 1525 4223 ι
1563 4174 1871 4242 Responsio
1921 4173 2104 4228 mollis

517 4281 583 4321 ac
603 4264 875 4319 submissa
903 4264 1104 4317 avertit
1147 4263 1285 4317 iram
1310 4265 1377 4317 ⁷ο.
1412 4283 1429 4314 ι
1458 4265 1630 4318 Porro
1664 4264 1790 4318 vide
1833 4265 2102 4320 artificio-

517 4369 633 4410 sam
647 4353 780 4422 justi
806 4352 1086 4421 pietatem.
1113 4352 1277 4406 Mittit
1301 4352 1450 4407 enim
1474 4351 1700 4406 nuntios
1742 4367 1933 4421 pacem
1993 4370 2092 4422 pc-

517 4454 718 4508 tentes,
754 4443 1250 4512 blandissimosque
1281 4442 1349 4497 ad
1372 4443 1512 4498 Esau
1545 4458 1830 4498 sermones
1857 4445 2097 4500 transfe-

2217 3254 2377 3320 εἴπας
2401 3273 2416 3289 ο
2447 3256 2646 3320 Καλῶς
2673 3274 2733 3310 σε
2754 3257 2984 3328 ποιήσω,
3005 3258 3100 3311 καὶ
3123 3257 3274 3328 θήσω
3295 3257 3356 3310 τὸ
3378 3256 3599 3326 σπέρμα
3620 3273 3713 3308 σου
3733 3257 3820 3320 ὡς

2214 3349 2314 3421 τὴν
2337 3348 2521 3418 ἄμμον
2547 3349 2646 3421 τῆς
2668 3349 2966 3421 θαλάσσης,
2995 3350 3090 3404 καὶ
3116 3351 3216 3403 οὐκ
3234 3348 3673 3420 ἀριθμηθήσεται
3701 3348 3822 3403 ἀπὸ

2213 3443 2308 3496 τοῦ
2339 3443 2603 3516 πλήθους.
2639 3463 2656 3495 ι
2691 3445 2902 3507 Συνιείς
2937 3443 3087 3507 ὅπως
3112 3443 3405 3514 ὑποτρέχει
3427 3443 3690 3513 θωπικῶς
3716 3443 3821 3496 τὸν

2225 3535 2419 3600 Ἠσαῦ,
2456 3537 2616 3606 μόνον
2650 3535 2708 3588 δὲ
2751 3536 2870 3606 οὐχὶ
2902 3535 3209 3607 περισαίνει
3253 3533 3656 3607 λελυπημένον,
3713 3537 3821 3589 καὶ

2214 3624 2578 3679 ὐποκλέπτειν
2637 3627 2897 3697 πειρᾶται
2950 3625 3038 3678 διά
3088 3642 3153 3693 γε
3195 3625 3289 3678 τοῦ
3344 3629 3708 3700 χρηστοεπεῖν
3751 3626 3821 3680 τδ

2211 3716 2452 3786 ἀκρατὲς
2474 3717 2576 3787 τῆς
2605 3716 2795 3789 ὀργῆς.
2837 3716 3030 3769 Καίτοι
3052 3716 3160 3788 γάρ
3187 3716 3248 3770 τὸ
3293 3717 3352 3769 ὲν
3377 3717 3629 3788 ἀμείνοσι
3664 3713 3819 3773 εἶναι

2209 3805 2392 3878 λαχὼν
2445 3807 2536 3861 διὰ
2581 3808 2680 3878 τὴν
2710 3807 2804 3861 τοῦ
2850 3807 3056 3878 πατρὸς
3108 3806 3380 3876 εὐλογίαν,
3435 3809 3529 3861 καὶ
3580 3811 3649 3877 τῇ
3700 3810 3820 3864 τῶν

2209 3899 2572 3969 πρωτοτόκων
2627 3897 2754 3972 δόξῃ
2812 3899 3268 3970 προκεκριμένος,
3329 3900 3424 3952 καὶ
3471 3899 3608 3952 Θεὸν
3663 3900 3821 3971 ἔχων

2206 3988 2490 4057 ἐπαρωγὸν
2519 3987 2872 4058 καθυφίκοιτο
2904 3988 3281 4058 ἀγιοπρεπῶς,
3313 3989 3488 4042 ἐκεῖνό
3519 4007 3625 4042 που
3665 3993 3820 4045 πάν-

2203 4098 2314 4144 τως
2351 4079 2649 4152 κατορθοῦν
2683 4079 2982 4151 ᾑρημένος·
3019 4100 3036 4131 ι
3074 4079 3137 4133 Εἰ
3158 4081 3402 4146 δυνατὸν,
3442 4082 3504 4134 τὸ
3539 4081 3598 4147 ἐξ
3645 4083 3818 4153 ὑμῶν

2207 4172 2346 4243 μετά
2397 4173 2616 4226 πάντων
2661 4171 2967 4243 ἀνθρώπων
3021 4172 3354 4244 εἰρηνεύετε.
3399 4191 3418 4224 ι
3474 4174 3649 4242 Λόγος
3707 4175 3817 4244 μὲν

2200 4265 2310 4335 γὰρ
2336 4264 2449 4317 ἔσθ’
2490 4266 2576 4318 ὅτε
2611 4263 2706 4317 καὶ
2733 4265 2942 4335 τραχὺς
2967 4264 3061 4317 καὶ
3089 4265 3324 4336 ἀνάντης
3355 4265 3448 4318 καὶ
3494 4265 3817 4337 ὑπεροψίας

2201 4351 2452 4422 ἔμπλεως
2482 4353 2754 4423 ἀφόρητος
2778 4353 2932 4406 ἔσται
2963 4354 3124 4408 τισίν.
3164 4356 3252 4418 Ὠς
3279 4355 3336 4408 δὲ
3383 4354 3548 4425 σοφὸς
3586 4355 3812 4426 ἔγραφε

2202 4443 2634 4514 Παροιμιαστὴς,
2682 4444 3028 4516 «Ἀπόκρισις
3053 4445 3433 4501 ὑποπίπτουσι
3461 4448 3814 4518 ἀποστρέφει

517 4545 722 4600 rentes,
772 4535 1086 4606 passimque
1131 4533 1317 4590 dicere
1358 4534 1619 4605 praecepit
1664 4553 1677 4589 :
1728 4553 1746 4585 ι
1798 4535 1926 4590 ΙΙωο
1963 4535 2100 4590 dicit

2214 4529 2396 4601 θυμόν.
2438 4551 2457 4584 ι
2498 4533 2607 4586 Καί
2643 4550 2734 4604 μοι
2768 4534 2934 4604 βλέπε
2957 4535 3052 4589 τοῦ
3080 4537 3288 4590 δικαίου
3310 4538 3370 4591 τὸ
3398 4540 3478 4601 είς
3508 4540 3815 4595 εὐσέϐειαν

514 4643 711 4685 servus
741 4637 871 4681 tuus
899 4626 1066 4682 Iacob
1095 4627 1161 4681 '“.
1200 4646 1218 4677 ι
1257 4626 1378 4696 Ipse
1411 4642 1547 4681 vero
1591 4641 1815 4682 rursum
1859 4627 1926 4680 ad
1978 4643 2102 4697 pre-

513 4717 752 4774 candum
807 4731 866 4772 se
912 4716 1164 4781 confert,
1213 4718 1608 4787 auxiliumque,
1681 4719 1828 4787 quod
1880 4735 2100 4788 semper

511 4817 715 4882 praesto
760 4816 846 4864 est
889 4806 958 4862 ad
1006 4807 1347 4871 salvandum,
1405 4808 1726 4876 implorans,
1757 4824 1867 4862 non
1895 4821 2093 4866 cessat.

507 4902 811 4959 Confirmat
829 4909 1012 4956 autem
1029 4898 1174 4968 quod
1195 4899 1599 4968 praeteritorum
1617 4901 1955 4970 experientia
1978 4919 2098 4957 cer-

509 5003 618 5049 tam
644 4994 694 5048 ei
729 4993 797 5047 de
814 4991 1016 5047 futuris
1037 5006 1190 5061 spem
1225 4989 1486 5059 praebeat,
1509 4989 1701 5044 dicens
1734 5008 1746 5044 :
1785 4993 1944 5060 160
1982 5012 1999 5042 ‹
2035 4993 2094 5047 In

507 5087 658 5156 virga
681 5101 800 5141 mea
822 5085 925 5140 hac
947 5083 1174 5140 transivi
1195 5081 1511 5146 Iordanem,
1537 5097 1686 5137 nunc
1717 5092 1899 5137 autem
1921 5083 2096 5141 factus

507 5192 628 5231 sum
669 5175 724 5230 in
749 5174 888 5230 duas
943 5182 1152 5228 turmas
1181 5173 1248 5225 ⁷³.
1286 5191 1304 5222 ι
1351 5169 1442 5224 Ait
1474 5171 1625 5224 enim
1655 5189 1668 5223 :
1701 5170 1853 5225 llanc
1920 5173 2090 5226 solam

507 5267 718 5322 habens
746 5281 777 5321 e
806 5265 970 5319 domo
997 5265 1225 5334 virgam,
1261 5260 1490 5314 transivi
1531 5259 1848 5326 Iordanem,
1889 5270 2090 5331 tuaque

506 5359 861 5434 benignitate,
877 5357 1127 5420 Domine,
1148 5355 1323 5410 factus
1339 5368 1458 5408 sum
1488 5352 1747 5408 dominus
1763 5354 2082 5408 multorum.

509 5451 777 5504 Docemur
804 5463 936 5502 vero
963 5448 1129 5502 etiam
1155 5462 1221 5501 ex
1263 5445 1350 5499 his
1397 5445 1559 5498 mites
1594 5459 1657 5497 ac
1689 5444 1945 5513 pacificos
1988 5461 2091 5501 nos

507 5554 624 5592 esse
667 5538 892 5602 debere,
924 5538 1183 5608 omnique
1229 5538 1442 5591 ratione
1508 5551 1724 5600 curare,
1775 5545 1833 5590 ut
1881 5536 2087 5607 absque

507 5644 687 5696 pugna
704 5628 874 5683 vitam
902 5629 1283 5700 transigamus.
1317 5649 1336 5680 ‹
1377 5629 1612 5684 Servum
1637 5629 1785 5684 cnim
1844 5630 2082 5694 Domini,

577 5816 622 5848 "
649 5818 783 5874 Gen.
824 5834 986 5886 χχχιι,
1019 5819 1172 5876 5-12.
1252 5821 1292 5854 ⁵³
1329 5824 1489 5881 Rom.
1532 5843 1622 5895 xu,
1673 5826 1753 5881 18.

1842 5827 1885 5858 ⁷⁰
1926 5828 2086 5883 Prov.
2151 5843 2236 5894 xv,
2306 5827 2350 5880 Ι.

2201 4623 2470 4693 εὐτεχνές.
2532 4625 2876 4680 Ἀποστέλλει
2937 4624 3037 4698 μὲν
3085 4629 3193 4702 γάρ
3243 4630 3514 4698 ἀγγέλους
3567 4634 3813 4705 είρήνην

2201 4716 2544 4786 αἰτήσοντας,
2575 4717 2669 4769 καὶ
2695 4720 3152 4790 τρυφερωτάτους
3182 4722 3313 4791 πρὸς
3344 4723 3437 4776 τὸν
3473 4723 3648 4778 Ἡσαῦ
3677 4726 3811 4779 δια-

2201 4805 2526 4876 κομίσοντας
2556 4807 2768 4876 λόγους·
2796 4809 2908 4863 ἅνω
2940 4827 3000 4862 τε
3017 4810 3126 4881 γάρ
3153 4812 3246 4864 καὶ
3275 4813 3423 4866 κάτω
3446 4816 3809 4886 προστέταχε

2199 4897 2399 4966 λέγειν’
2439 4916 2456 4949 ι
2490 4898 2628 4952 Τάδε
2659 4900 2805 4969 λέγει
2831 4902 2858 4952 ὁ
2890 4904 3018 4964 παῖς
3038 4919 3129 4954 σου
3152 4903 3178 4954 ὁ
3204 4903 3420 4957 Ἰακώϐ.
3457 4924 3474 4955 ι
3511 4906 3808 4976 Τρέπεται

2197 4989 2252 5042 δὲ
2287 4989 2447 5044 πάλιν
2476 4991 2637 5054 αὐτὸς
2657 4993 2736 5056 εἰς
2766 4993 2952 5062 εὐχὰς,
2978 4994 3073 5046 καὶ
3101 4994 3200 5065 τὴν
3227 4995 3314 5048 ἀεὶ
3352 4994 3634 5060 σώζουσαν
3670 4999 3808 5052 ἐπι-

2199 5082 2422 5152 κουρίαν
2443 5083 2622 5136 αὐτῶν
2661 5084 2720 5136 οὐ
2767 5084 3136 5155 διαλιμπάνει.
3167 5086 3428 5156 Ἑμπεδοί
3465 5088 3545 5152 δὲ,
3575 5090 3660 5142 ὅτι
3686 5091 3806 5161 τὴν

2198 5176 2276 5238 εἰς
2308 5175 2366 5228 τὸ
2392 5175 2591 5246 μᾶλλον
2614 5175 2804 5230 ἐλπίδα
2833 5176 2940 5230 τῶν
2973 5178 3074 5248 ἤδη
3105 5179 3516 5249 παρῳχηκότων
3554 5182 3588 5251 ἡ
3620 5184 3803 5254 πεῖρα

2198 5264 2464 5331 διεσάφει,
2509 5265 2702 5332 λέγων·
2749 5285 2768 5316 ‹
2805 5267 2896 5319 Ἐν
2926 5270 2992 5338 τῇ
3040 5269 3221 5339 ῥάϐδῳ
3269 5286 3368 5338 μου
3403 5270 3578 5343 ταύτῃ
3595 5272 3800 5344 διέϐην

2196 5356 2286 5408 τὸν
2317 5356 2611 5427 Ἰορδάνην,
2636 5357 2754 5409 νυνὶ
2775 5356 2830 5408 δὲ
2867 5358 3068 5427 γέγονα
3099 5361 3178 5422 είς
3207 5360 3299 5412 δύο
3337 5364 3714 5433 παρεμϐολάς.
3767 5386 3791 5419 ι

2199 5446 2346 5516 Ἔφη
2378 5447 2506 5518 γάρ,
2530 5449 2611 5500 ὅτι
2632 5446 2810 5518 Αὐτὴν
2839 5449 3005 5518 μόνην
3030 5449 3128 5519 τὴν
3159 5450 3371 5505 οἴκοθεν
3398 5452 3538 5522 ἔχων
3577 5455 3793 5524 ῥάϐδον

2193 5538 2378 5608 διέϐην
2409 5538 2495 5591 τὸν
2549 5539 2841 5610 Ἰοῴάνην,
2877 5541 2969 5594 καὶ⁵
3009 5542 3219 5596 πολλῶν
3251 5545 3452 5612 γέγονα
3481 5547 3792 5617 δεσπότης,

2193 5629 2252 5681 τὸ
2283 5630 2372 5682 σὺν
2407 5627 2544 5699 ἔχων
2567 5631 2813 5700 εὐμενὲς,
2841 5625 2886 5684 ὧ
2914 5631 3177 5688 Δέσποτα.
3225 5635 3497 5706 Εἰσόμεθα
3534 5639 3621 5693 διὰ
3646 5641 3800 5696 τού-

2433 5828 2480 5860 ⁷¹
2554 5828 2687 5884 Gen.
2743 5845 2903 5895 χχχιι,
2939 5829 2986 5883 5.
3070 5832 3110 5862 ⁷⁸
3154 5831 3283 5886 ibid.
3324 5832 3405 5886 10.
