4074 6260
281 355 382 412 257

1319 350 1850 412 οιΑΡιιιτιιοιιυιι
1880 354 1947 411 ΙΝ
1984 355 2281 416 CENESIN
2321 361 2450 417 LIB.
2494 364 2556 419 ν.

3448 366 3554 422 258

280 488 389 522 των
417 467 602 522 τοίνυν
639 467 736 520 καὶ
769 467 952 538 ἡμεῖς.
983 466 1065 520 ὅτι
1099 466 1305 538 πράους
1320 465 1461 521 εἶναι
1488 468 1568 521 δεῖ
1594 470 1689 522 καὶ
1720 472 1862 541 εἰρη-

1973 474 2174 545 inquit,
2226 493 2336 533 non
2364 489 2581 549 oportet
2623 495 2887 552 pugnare,
2912 481 3008 536 sed
3049 481 3236 536 mitem
3277 498 3398 538 esse
3421 500 3549 553 erga

283 561 492 623 νικοὺς,
541 559 639 611 καὶ
661 557 754 610 διὰ
810 557 1010 620 παντὸς
1041 557 1307 628 θηρᾶσθαι
1339 559 1547 628 τρόπου
1588 560 1649 612 τὸ
1683 559 1871 631 διαζῇν

281 650 488 720 ἀμαχί.
547 667 568 702 ι
605 647 802 701 Δοῦλον
858 647 964 716 γὰρ
1008 646 1232 718 Κυρίου,
1268 649 1456 718 φησὶν,
1495 651 1556 702 οὐ
1589 651 1672 703 δεῖ
1701 653 1873 723 μάχε-

285 742 440 807 σθαι,
471 741 587 794 ἀλλ’
635 742 794 810 ήπιον
825 735 965 793 εἶναι
1007 740 1143 809 πρὸς
1171 739 1401 803 πάντας,
1441 759 1460 791 ι
1504 743 1648 796 κατά
1679 743 1740 796 τὸ
1777 761 1871 812 γε-

287 833 636 905 γραμμένον.
671 831 1100 902 Ἀποκεχρῆσθαι
1134 832 1233 902 μὲν
1255 832 1362 904 γάρ
1393 832 1485 886 καὶ
1509 835 1626 896 ταῖς
1661 834 1872 905 άνθρω-

293 923 484 987 πίναις
513 924 654 994 ἡμᾶς
679 923 977 991 εὐτεχνίαις
1009 924 1088 985 είς
1114 922 1176 974 τὸ
1218 922 1447 988 ἀγαθὸν,
1496 922 1559 976 τὸ
1607 925 1870 996 ἀπεῖργον

295 1015 466 1079 οὐδὲν,
493 1015 575 1081 εἴη
590 1014 633 1066 δ’
653 1013 739 1080 ἂν,
766 1009 942 1084 οἶμαι,
961 1012 1072 1088 τῷν
1091 1013 1210 1066 λίαν
1228 1015 1657 1084 ἐπαινουμένων.
1677 1016 1870 1085 Ζητεῖν

297 1106 354 1160 δὲ
402 1107 632 1174 ἀνάγκη,
671 1106 776 1158 κᾶν
831 1107 880 1158 εί
929 1106 1090 1159 τοῦτο
1129 1105 1338 1174 γένοιτο
1370 1109 1499 1178 παρ’
1535 1107 1712 1177 ἡμῶν,
1771 1107 1869 1178 τὴν

291 1197 436 1266 παρά
487 1197 620 1250 Θεοῦ
667 1198 946 1268 φροντίδα,
987 1199 1085 1251 καὶ
1135 1200 1234 1268 τὴν
1281 1198 1487 1253 ἄνωθεν
1522 1199 1866 1269 ἐπικουρίαν,

289 1307 308 1340 ι
337 1289 396 1341 οὐ
450 1291 780 1360 φρονοῦντας
831 1290 902 1342 τὰ
949 1289 1150 1361 ὑψηλά·
1199 1308 1217 1339 ι
1267 1290 1758 1360 διενθυμουμένους
1810 1290 1868 1343 δὲ

283 1383 478 1452 μᾶλλον
511 1384 572 1436 τὸ
609 1384 1001 1453 γεγραμμένον
1027 1400 1043 1415 ·
1085 1401 1104 1435 ι
1141 1380 1289 1452 Ὀσῳ
1324 1383 1491 1453 μέγας
1516 1381 1586 1449 εί,
1624 1383 1866 1454 τοσούτῳ

276 1473 531 1528 ταπεινοῦ
559 1475 806 1539 σεαυτὸν,
825 1475 921 1528 καὶ
946 1475 1127 1529 ἔναντι
1153 1475 1356 1545 Κυρίου
1379 1476 1629 1547 εὑρήσεις
1647 1476 1824 1546 χάριν.
1840 1495 1860 1528 ι

277 1565 439 1620 οὕτω
463 1569 683 1638 φρονεῖν
709 1584 770 1619 τε
796 1567 893 1619 καὶ
914 1567 1046 1638 δρᾷν
1079 1567 1345 1636 ᾑρημένοι
1385 1567 1453 1620 τά
1475 1571 1538 1620 ἐκ
1578 1567 1674 1638 τῆς
1708 1569 1866 1639 είρή-

279 1676 380 1729 νης
408 1657 781 1728 κερδανοῦμεν
813 1657 1012 1726 ἀγαθά,
1046 1657 1288 1721 καὶτοὺς
1317 1657 1439 1711 καθ’
1464 1657 1619 1730 ήμῶν
1652 1658 1868 1731 ἀγριαί-

279 1766 474 1812 νοντας
499 1751 578 1813 είς
615 1749 931 1820 ἡμερότητα
973 1748 1433 1820 μεταστρέψομεν.
1474 1767 1493 1801 ι
1530 1749 1706 1820 Θῆρες
1753 1753 1865 1821 γὰρ

280 1841 488 1912 ἄγριοι,
525 1841 708 1910 φησὶν,
761 1839 1132 1912 είρηνεύσουσί
1165 1857 1268 1896 σοι.
1303 1859 1322 1892 ›
1383 1840 1554 1894 Τοῦτο
1583 1842 1864 1911 πέπραχεν

283 1932 503 1987 Ἰακώϐ.
537 1933 612 1984 Οὐ
635 1932 744 2002 γὰρ
768 1933 949 2002 μόνοις
979 1932 1070 1986 τὸν
1095 1931 1322 2000 ἀδελφὺν
1346 1932 1597 2002 αἱμύλοις
1621 1934 1714 1986 καὶ
1732 1934 1866 1986 ἀπα-

278 2024 390 2088 λοῖς
420 2024 832 2094 ἐκμειλίσσεται
859 2025 1060 2092 λόγοις,
1106 2023 1241 2077 ἀλλά
1263 2024 1362 2076 καὶ
1389 2022 1578 2089 ξενίων
1628 2026 1723 2077 καὶ
1759 2023 1865 2076 τῶν

275 2115 451 2169 ὅντων
500 2117 742 2167 ἐποιεῖτο
787 2114 1064 2179 κοινωνὸν,
1099 2114 1293 2184 μερίδα
1315 2113 1695 2186 λιπαρωτάτην
1735 2116 1866 2169 ἀπο-

277 2204 464 2276 νέμων
526 2205 700 2274 αὐτῷ,
741 2205 994 2275 πρόϐατά
1047 2222 1104 2258 τε
1154 2206 1247 2258 καὶ
1295 2205 1445 2274 βόας,
1484 2201 1645 2274 αἶγάς
1669 2223 1725 2258 τε
1769 2207 1862 2260 καὶ

273 2297 453 2360 ὅνους,
496 2299 781 2368 καμήλους
813 2299 906 2351 καὶ
933 2297 1180 2366 μόσχους.
1214 2297 1495 2368 Κρείττων
1535 2297 1640 2367 γὰρ
1668 2300 1860 2370 εἰρήνη

271 2390 600 2459 χρημάτων,
633 2390 726 2442 καὶ
775 2389 1106 2458 προοιχέσθω
1146 2388 1326 2457 φιλίας
1354 2392 1453 2460 τῆς
1483 2391 1562 2452 εἰς
1595 2389 1858 2458 ἀδελφοὺς

274 2479 380 2532 τῶν
403 2479 759 2550 προσκαίρων
788 2480 820 2549 ἡ
846 2481 1057 2548 κτῆσις.
1089 2480 1201 2534 Καὶ
1237 2479 1368 2547 γοῦν
1405 2481 1596 2536 ἐδεδίει
1631 2481 1753 2551 μὲν,
1784 2483 1860 2545 ὡς

275 2572 429 2640 ἔφην,
459 2573 490 2624 ὁ
510 2571 801 2633 Θεσπέσιος
819 2569 1031 2636 Ἰακὼϐ,
1062 2572 1152 2624 τὸν
1180 2572 1409 2641 ἀδελφὸν
1443 2573 1636 2636 Ἡσαῦ,
1669 2575 1762 2627 καὶ
1783 2574 1860 2636 ὡς

278 2659 474 2713 αὐτίκα
501 2660 566 2730 δὴ
600 2659 747 2729 μάλα
772 2659 840 2713 τὰ
870 2661 929 2726 ἐξ
957 2661 1127 2731 ὀργῆς
1153 2661 1492 2732 πεισόμενος,
1523 2664 1729 2732 ἄθυμος
1765 2659 1854 2734 ἦν,

279 2751 370 2803 καὶ
413 2751 604 2819 φθόνον
637 2755 892 2822 πατήσας
915 2753 1006 2804 τὸν
1037 2754 1093 2804 ἐν
1137 2753 1336 2822 ἀρχαῖς
1379 2753 1610 2823 περιέφυ
1631 2753 1722 2806 τὸν
1753 2756 1860 2807 Ἰα-

281 2842 417 2907 κὼϐ,
467 2847 563 2896 καὶ
611 2845 708 2897 σὺν
747 2843 1004 2914 δακρύοις
1052 2842 1349 2912 ἠσπάζετο,
1378 2845 1602 2907 καὶτοῖς
1643 2845 1858 2914 φύσεως

284 2932 465 2999 νόμοις
503 2933 564 2986 τὸ
611 2933 893 3003 βραδύνειν
918 2933 1172 2987 δύνασθαι
1199 2935 1268 2986 τά
1298 2936 1379 2996 εἰς
1408 2935 1628 3004 ἀγάπην
1661 2936 1853 2989 ἐδίδου.

291 3021 598 3093 Γέγραπται
622 3026 754 3096 γὰρ,
785 3026 868 3078 ὄτι
927 3041 947 3076 ι
995 3025 1100 3077 Καὶ
1141 3025 1510 3094 προσδραμὼν
1566 3024 1738 3079 Ἢσαῦ
1777 3029 1858 3088 είς

290 3116 610 3186 συνάντησιν
633 3117 797 3187 αὐτῷ,
828 3117 923 3170 καί⁵
953 3116 1263 3188 περιλαϐὼν
1284 3117 1444 3170 αὑτὸν
1485 3119 1728 3189 ἐφίλησε,
1764 3119 1858 3171 καὶ

283 3207 626 3277 προσέπεσεν
649 3209 738 3261 ἐπὶ
783 3209 876 3262 τὸν
905 3207 1171 3277 τράχηλον
1219 3206 1406 3270 αὑτοῦ,
1463 3210 1556 3262 καὶ
1589 3209 1859 3262 ἔκλαυσαν

277 3299 601 3369 ἀμφότεροι.
633 3319 651 3350 ι
685 3300 796 3354 Καὶ
822 3303 992 3353 ταῦτα
1013 3302 1074 3370 δὴ
1098 3299 1277 3352 πάντα
1303 3298 1370 3350 τὰ
1398 3300 1700 3370 πραότητος
1727 3317 1860 3352 κατ-

276 3390 597 3463 ορθώματα,
634 3391 847 3463 καρπὸς
892 3391 1181 3461 ὑφειμένου
1206 3391 1299 3444 καὶ
1324 3391 1701 3461 ἀφιλοκόμπου
1729 3408 1860 3462 φρο-

277 3484 540 3554 νήματος,
591 3485 687 3537 καὶ
736 3484 908 3548 ξένιον
937 3481 1223 3554 εὐμενείας
1270 3481 1407 3535 Θεοῦ
1443 3485 1555 3545 τοῖς
1604 3483 1858 3550 ἀγαπῶσι

277 3574 466 3638 αὑτὸν,
495 3573 920 3642 καταφιλοῦντος
965 3571 1027 3624 τὸ
1057 3572 1305 3634 ἄναντες,
1346 3570 1441 3622 καὶ
1470 3570 1859 3624 καταλιαίνον-

273 3681 368 3728 τος
408 3664 473 3717 τὸ
515 3665 713 3736 τραχὺ,
764 3664 861 3718 καὶ
903 3665 1024 3725 ταῖς
1080 3661 1368 3732 εὐθυμίαις
1408 3662 1860 3726 καταπιαίνοντος

273 3771 404 3816 τους
439 3754 590 3824 αὑτῷ
622 3752 977 3825 προσκεῖσθαι
1003 3752 1422 3817 σπουδάζοντας.
1447 3752 1585 3805 Ἀλλ’
1610 3747 1764 3822 οἶμαι
1797 3752 1861 3821 δὴ

1973 580 2169 622 omnes
2185 569 2252 633 ",
2284 588 2302 621 ι
2360 571 2504 626 sicut
2556 573 2822 642 scriptum
2850 580 2953 628 est.
2994 573 3142 627 Nihil
3179 573 3326 627 enim
3372 574 3555 628 obstat

1972 658 2269 724 quominus
2313 675 2416 714 nos
2445 661 2611 716 etiam
2641 661 2896 716 humanis
2933 663 3286 718 adminiculis
3325 665 3394 717 ad
3451 663 3553 716 bo-

1971 761 2104 800 num
2156 755 2406 816 utamur;
2443 751 2555 806 imo
2589 767 2718 807 vero
2768 754 3044 810 laudabile
3085 756 3142 810 in
3189 757 3401 826 primis.
3443 757 3551 810 lm-

1971 838 2237 906 ploranda
2265 855 2399 894 vero
2431 849 2518 896 est
2533 844 2759 898 omnino
2795 845 3031 915 (etiamsi
3059 847 3163 902 hoc
3188 863 3220 901 a
3247 848 3407 901 nobis
3435 847 3550 917 ﬁat)

1970 929 2067 983 Dei
2094 946 2249 996 cura,
2271 947 2682 1004 supernumque
2717 937 3002 1000 auxilium,
3051 955 3070 988 ι
3107 953 3218 991 non
3259 938 3366 998 alta
3406 939 3553 1009 cogi-

1971 1020 2227 1087 tando";
2255 1042 2273 1072 ι
2294 1023 2429 1077 illud
2453 1041 2603 1090 vero,
2636 1026 2784 1095 quod
2809 1027 3078 1096 scriptum
3113 1036 3220 1091 est,
3261 1029 3549 1082 nobiscum

1968 1111 2276 1180 reputando
2300 1133 2318 1164 ι
2346 1131 2359 1166 :
2388 1114 2604 1180 Quanto
2633 1118 2808 1188 major
2843 1133 2924 1182 es,
2958 1128 3110 1173 tanto
3142 1119 3470 1174 submissius
3497 1129 3549 1173 te

1968 1217 2144 1272 geras,
2183 1215 2241 1259 et
2271 1205 2519 1261 invenies
2540 1209 2765 1278 gratiam
2785 1225 2961 1264 coram
2989 1212 3100 1265 Deo
3117 1213 3184 1264 ".
3223 1231 3243 1263 ι
3289 1211 3366 1266 Ita
3399 1213 3546 1267 enim

1969 1294 2272 1364 cogitantes
2308 1315 2372 1354 ac
2409 1299 2692 1367 facientes,
2719 1302 2862 1357 bona
2891 1318 3012 1371 qua
3043 1318 3111 1356 ex
3155 1319 3287 1373 pace
3321 1303 3546 1373 proﬁci-

1969 1394 2203 1440 scuntur
2229 1389 2664 1457 lucrifaciemus,
2703 1403 2760 1448 et
2778 1408 2874 1448 eos
2889 1395 2983 1463 qui
3009 1394 3269 1449 adversus
3285 1411 3385 1449 nos
3400 1393 3546 1450 fero-

1969 1477 2146 1543 ciunt,
2178 1479 2245 1533 ad
2282 1480 2677 1552 benignitatem
2704 1484 3076 1540 traducemus.
3126 1505 3145 1536 ι
3184 1487 3378 1541 Bestiae
3400 1487 3549 1540 enim

1965 1566 2118 1634 ferae,
2149 1570 2344 1639 inquit,
2377 1574 2616 1642 paciﬁcate
2637 1583 2802 1629 erunt
2838 1577 2938 1630 tibi
2970 1577 3035 1630 ".
3075 1595 3094 1628 ι
3131 1577 3246 1631 Hoc
3293 1578 3550 1647 praestitit

1965 1659 2152 1714 Iacob.
2177 1661 2364 1731 Neque
2389 1663 2537 1717 enim
2575 1665 2753 1719 solum
2786 1667 3047 1721 mollibus
3085 1683 3150 1722 ac
3183 1668 3398 1724 blandis
3423 1685 3546 1724 ver-

1968 1749 2052 1804 bis
2076 1750 2300 1806 fratrem
2325 1753 2614 1823 mitigavit,
2643 1755 2737 1810 sed
2766 1756 2933 1810 etiam
2981 1758 3309 1812 muneribus
3354 1775 3545 1828 prose-

1970 1849 2131 1896 cutus
2147 1849 2251 1906 est,
2283 1851 2339 1896 et
2360 1843 2676 1898 facultatum
2712 1861 2935 1900 suarum
2966 1847 3285 1917 participem
3319 1849 3505 1903 effecit
3530 1889 3547 1913 ,

1969 1934 2140 2002 magis
2171 1934 2409 2002 opimam
2431 1943 2641 2003 partem
2667 1937 2767 2005 ipsi
2803 1937 3072 2002 tribuens,
3113 1954 3244 1994 oves
3268 1949 3324 1994 et
3353 1939 3544 2004 boves,

1968 2036 2162 2092 capras
2182 2032 2240 2076 et
2263 2024 2468 2087 asinos,
2503 2032 2560 2077 et
2594 2027 2834 2080 camelos
2873 2035 2930 2080 et
2964 2027 3186 2082 vitulos.
3235 2028 3426 2083 Melior
3459 2039 3548 2084 est

1966 2115 2115 2168 enim
2142 2131 2246 2185 pax
2278 2115 2506 2180 divitiis,
2537 2125 2594 2171 et
2621 2118 3078 2187 temporariorum
3123 2119 3394 2174 bonorum
3415 2137 3546 2190 pos-

1967 2207 2140 2262 sessio
2162 2207 2336 2260 amori
2365 2206 2606 2262 fraterno
2631 2216 2716 2263 est
2743 2209 3141 2278 postponenda.
3173 2211 3344 2265 Porro
3363 2212 3549 2266 timuit

1967 2299 2212 2369 quidem,
2278 2306 2339 2352 ut
2367 2299 2499 2364 dixi,
2551 2300 2773 2355 divinus
2799 2301 2970 2356 Jacob
3019 2300 3244 2355 fratrem
3289 2302 3453 2364 Esau,
3481 2317 3548 2357 ac

1969 2390 2125 2459 quasi
2155 2391 2377 2460 jamjam
2422 2391 2562 2446 iram
2595 2391 2767 2462 ipsius
2799 2401 3152 2461 experturus,
3187 2393 3362 2447 tristis
3403 2403 3542 2447 erat.

1967 2467 2060 2534 Ille
2095 2497 2228 2535 vero
2245 2482 2453 2552 abjecta
2481 2490 2666 2536 vetere
2690 2481 2897 2538 invidia
2916 2485 3201 2553 amplexus
3224 2494 3308 2538 est
3351 2483 3542 2546 Jacob,

1968 2580 2024 2626 et
2053 2587 2178 2626 cum
2203 2573 2460 2644 lacrymis
2481 2575 2761 2628 osculatus
2797 2582 2900 2638 est,
2933 2584 2987 2628 et
3009 2585 3218 2630 naturae
3241 2575 3452 2644 legibus
3475 2576 3544 2629 ad

1967 2677 2208 2716 amorem
2237 2665 2666 2732 provocantibus
2692 2665 2876 2719 cessit.
2915 2664 3190 2735 Scriptum
3223 2677 3306 2720 est
3339 2668 3487 2720 enim
3527 2684 3540 2720 :

1971 2771 1992 2804 ι
2031 2753 2099 2807 Ει
2135 2769 2430 2810 accurrens
2465 2757 2606 2809 Esau
2643 2756 2698 2810 in
2741 2771 3031 2810 occursum
3087 2757 3159 2820 ei,
3203 2757 3546 2825 amplexatus

1965 2852 2050 2896 est
2089 2859 2236 2908 eum,
2277 2853 2332 2897 et
2359 2845 2558 2899 cecidit
2598 2861 2764 2913 super
2801 2846 3004 2900 collum
3042 2846 3234 2914 ipsius,
3277 2856 3335 2900 et
3375 2846 3543 2900 ﬂeve-

1968 2942 2094 2988 runt
2122 2935 2282 2988 ambo
2309 2937 2374 2988 7".
2407 2955 2424 2986 ι
2453 2939 2629 3004 Atque
2660 2937 2777 2989 haec
2803 2937 3026 3004 quidem
3065 2937 3249 2990 omnia
3285 2953 3542 2991 mansue-

1969 3026 2173 3080 tudinis
2217 3041 2404 3094 opera,
2469 3034 2598 3078 sunt
2647 3026 2860 3079 fructus
2899 3026 3156 3078 submissi
3210 3026 3544 3095 minimeque

1965 3115 2094 3168 elati
2121 3114 2309 3178 animi,
2331 3125 2386 3169 et
2417 3130 2617 3168 munus
2632 3114 2986 3183 benignitatis
3024 3114 3141 3178 Dei,
3195 3115 3289 3183 qui
3319 3116 3545 3169 amanti-

1965 3206 2069 3260 bus
2099 3206 2296 3274 ipsum,
2323 3203 2566 3259 diﬁicilia
2595 3212 2760 3273 atque
2797 3204 2968 3258 ardua
3013 3205 3244 3271 emollit,
3293 3206 3544 3277 leviaque

1963 3295 2148 3359 efﬁcit,
2201 3296 2507 3366 gaudioque
2533 3296 2707 3366 replet
2729 3311 2823 3350 eos
2849 3296 2942 3366 qui
2974 3296 3077 3366 ipsi
3106 3297 3384 3354 adharere
3406 3315 3542 3354 con-

1965 3387 2216 3442 tendunt.
2252 3387 2524 3443 Caeterum
2547 3389 2916 3442 necessarium
2944 3404 3064 3444 esse
3094 3390 3332 3445 arbitror
3356 3407 3544 3446 narra-

1965 3479 2170 3532 tionem
2194 3479 2262 3532 ad
2283 3479 2622 3548 spiritualem
2648 3479 3167 3548 contemplationem
3196 3481 3495 3536 transferre
3525 3499 3539 3536 :

1961 3577 2126 3637 atque
2153 3584 2251 3638 age
2274 3569 2523 3623 dicamus
2545 3583 2854 3623 sermonem
2885 3570 2955 3624 ab
2999 3571 3160 3625 initio
3205 3581 3538 3628 retexentes.

1971 3663 2124 3732 161
2143 3662 2221 3716 lta
2245 3663 2392 3717 enim
2434 3664 2698 3719 studiosis
2743 3664 2948 3722 Christi
2971 3668 3291 3738 mysterium
3307 3670 3541 3725 manife-

1970 3764 2114 3807 stum
2139 3754 2326 3808 fuerit.

271 3847 386 3900 δεῖν
419 3849 500 3912 είς
534 3846 774 3920 θεωρίαν
807 3847 1186 3916 πνευματικὴν
1223 3847 1355 3916 ἡμῖν
1425 3847 1894 3916 μεταπλάττεσθαι
1933 3848 1994 3900 τὸ
2023 3848 2288 3919 διήγημα.
2329 3849 2436 3903 Καὶ
2465 3850 2596 3920 φέρε
2625 3851 2689 3921 δὴ
2717 3850 2963 3921 λέγωμεν
2990 3853 3181 3904 ἀνόπιν
3236 3853 3423 3916 ίόντες,
3449 3856 3543 3907 καὶ

273 3945 358 4005 εἰς
402 3942 577 4013 ἀρχὴν
629 3943 1019 4014 ἀνατρέχοντες
1057 3942 1150 3996 τοῦ
1207 3941 1404 4006 παντὸς
1449 3942 1626 4011 λόγου.
1680 3943 1856 4011 Σαφές
1893 3943 2002 4014 γὰρ
2027 3943 2091 3996 ἂν
2114 3945 2321 4011 γένοιτο
2347 3947 2460 4006 τοῖς
2515 3945 2915 4013 χρηστομαθεῖν
2975 3946 3271 4014 ᾑρημένοις
3307 3947 3368 3998 τὸ
3405 3949 3540 4019 Χρι-

277 4037 408 4090 στοῦ
444 4040 762 4109 μυστήριον.

347 4132 418 4200 γ’.
429 4133 678 4186 Ψονῶντα
689 4134 867 4188 τοίνυν
883 4133 972 4186 τὸν
984 4133 1212 4202 ἀδελφὸν
1236 4135 1328 4188 καὶ
1346 4133 1410 4202 θη
1421 4131 1626 4203 ριωδῶς
1648 4131 1859 4200 ἀγριαί-

2041 4129 2093 4183 5.
2124 4128 2368 4182 Fratrem
2391 4125 2576 4192 itaque
2601 4132 2834 4179 mortem
2863 4127 2964 4196 ipsi
2991 4125 3415 4193 machinantem,
3455 4137 3540 4183 at—

270 4241 438 4277 νοντα
464 4223 701 4287 δεδειὼς,
749 4224 825 4287 ὡς
857 4224 1099 4287 εἰκότως,
1130 4228 1158 4278 ὁ
1187 4224 1471 4284 θεσπέσιος
1516 4221 1733 4286 Ἰακὼϐ,
1767 4223 1862 4291 τὴν

1967 4233 2072 4288 que
2091 4219 2262 4271 instar
2282 4215 2478 4270 bellua:
2501 4214 2782 4286 cujusdam
2805 4215 3160 4271 ferocientem
3183 4224 3454 4283 metuens,
3482 4229 3542 4275 ut

271 4317 358 4378 εἰς
383 4315 610 4386 Χαρράν
632 4331 694 4368 τε
724 4315 818 4368 καὶ
842 4314 1026 4368 Λάϐαν
1059 4313 1370 4384 ἀποδημίαν
1407 4311 1704 4376 ἐστέλλετο,
1739 4330 1860 4366 συν-

1967 4326 2064 4380 par
2085 4319 2224 4377 erat,
2255 4312 2425 4367 Jacob
2455 4310 2851 4382 profectionem
2889 4311 2957 4364 ad
2977 4309 3221 4366 Charran
3251 4320 3308 4367 et
3351 4313 3540 4370 Laban

271 4405 555 4469 αινοῦντος
577 4405 727 4475 αὐτῷ
756 4405 856 4476 τὴν
885 4405 1196 4476 ἀποδρομὴν
1223 4402 1316 4456 τοῦ
1359 4403 1586 4474 πατρὸς,
1619 4405 1862 4456 τουτέστι

1967 4402 2220 4469 instituit,
2247 4403 2585 4473 approbante
2617 4401 2789 4471 ipsius
2815 4401 3116 4457 discessum
3131 4412 3302 4473 patre,
3332 4405 3436 4461 hoc
3455 4416 3540 4461 est

269 4495 374 4551 τοῦ
412 4496 618 4550 Ἰσαάκ.
674 4495 882 4550 Ἐδόκει
927 4497 1035 4566 γάρ
1065 4493 1168 4548 ὦδε
1213 4492 1698 4564 παρακρούσασθαι
1753 4493 1862 4545 δεῖν

1967 4494 2131 4549 Isaac.
2161 4495 2239 4549 Ita
2263 4496 2411 4549 enim
2435 4494 2729 4548 videbatur
2752 4493 3107 4550 submoturus
3156 4513 3186 4550 a
3233 4512 3291 4551 se
3334 4500 3537 4553 rabiosi

394 4588 770 4658 λελυπημένου
788 4589 886 4658 τὴν
918 4549 1123 4657 έφύδον.
1166 4549 1491 4655 Ἀφιγμένος
1520 4585 1584 4656 δὴ
1611 4581 1703 4638 οὖν
1728 4586 1862 4654 πρὸς

1967 4585 2206 4639 hominis
2233 4586 2486 4639 insultus.
2514 4584 2650 4640 Cum
2677 4585 2860 4654 itaque
2881 4587 3219 4654 pervenisset
3239 4589 3304 4642 ad
3330 4589 3536 4653 Laban,

275 4679 488 4743 Δάϐαν,
511 4681 872 4750 ἐμνηστεύετο
903 4681 1002 4748 μὲν
1039 4678 1138 4741 τάς
1172 4677 1267 4730 τοῦ
1307 4677 1498 4748 ἀνδρὸς
1536 4677 1860 4748 θυγατέρας,

273 4773 442 4826 Λείαν
454 4789 516 4825 τε
540 4773 682 4843 φημὶ
710 4773 804 4826 καὶ
828 4771 1051 4842 Ῥαχὴλ,
1087 4770 1181 4824 καὶ
1210 4768 1274 4840 δὴ
1306 4771 1399 4823 καὶ
1431 4770 1636 4822 τέκνων
1664 4767 1862 4821 ἐπλού-

271 4881 363 4917 τει
389 4864 576 4934 γονὴν,
607 4865 704 4917 καὶ
729 4864 1060 4934 θρεμμάτων
1095 4861 1318 4930 ἀγέλας,
1351 4863 1445 4915 καὶ
1487 4861 1622 4929 πρὸς
1655 4859 1866 4923 τούτοις

272 4954 362 5008 ἔτι
391 4955 491 5026 τὴν
521 4954 716 5027 ἑτέραν
738 4954 947 5009 οὐσίαν.
985 4953 1201 5023 Ἐπειδὴ
1239 4953 1294 5005 δὲ
1314 4948 1448 5025 ἧκεν
1473 4953 1551 5015 εἰς
1584 4951 1740 5005 τοῦτο
1758 4951 1866 5004 λοι-

274 5046 382 5099 πδν
402 5048 674 5112 εὐθυνίας,
706 5043 854 5101 οἷκον
871 5047 999 5100 ἴδιον
1017 5047 1105 5116 ἔχε
1116 5063 1162 5098 ιν
1187 5045 1500 5107 ἐσκέπτετο,
1520 5043 1613 5096 καὶ
1637 5041 1860 5111 ἀπαίρει

278 5135 383 5208 μὲν
405 5138 502 5208 τῆς
534 5140 760 5211 Χαρράν
785 5137 879 5191 καὶ
909 5137 1004 5208 τῆς
1022 5137 1207 5191 Λάϐαν
1234 5136 1438 5197 ἑστίας,
1472 5133 1604 5205 ὁμοῦ
1630 5136 1738 5195 τοῖς
1760 5149 1861 5185 πε-

274 5229 654 5298 πορισμένοις,
680 5229 774 5282 καὶ
799 5227 906 5298 μὴν
927 5229 1020 5281 καὶ
1051 5228 1190 5299 μερά
1207 5227 1481 5295 γυναικῶν
1516 5224 1609 5276 καὶ
1634 5223 1857 5277 τέκνων.

274 5318 574 5384 Διὼκοντος
595 5320 654 5373 δὲ
672 5319 766 5374 τοῦ
803 5319 1013 5384 ’Δάϐαν,
1041 5317 1482 5388 κατελαμϐάνετο
1509 5316 1629 5385 μὲν,
1653 5314 1861 5368 συνετί-

274 5411 362 5463 θει
393 5411 448 5465 δέ
476 5413 544 5466 τὰ
570 5411 706 5482 πρὸς
735 5411 980 5481 εἰρήνην,
1023 5409 1117 5462 καὶ
1159 5408 1258 5478 τῆς
1301 5406 1522 5474 ἀγάπης
1549 5404 1640 5458 τὸν
1674 5405 1857 5458 σύνδε-

276 5519 418 5573 σμον
455 5503 707 5557 ἐϐεϐαίου
766 5501 1003 5572 Χριστός
1070 5499 1454 5569 Ἀνεστηλοῦτο
1497 5497 1606 5568 γὰρ
1649 5499 1678 5550 ὁ
1716 5497 1861 5560 λίθος

273 5598 356 5657 εἰς
389 5596 554 5650 τύπον
579 5593 770 5651 αὑτϐὖ.
799 5589 930 5646 Εἶτα
961 5593 1098 5662 μετά
1126 5590 1283 5644 τοῦτο
1307 5589 1656 5661 μεταθέοντος
1680 5588 1860 5642 οἴκαδε

350 5778 460 5836 “ll
486 5782 626 5838 Tini.
656 5797 718 5847 ιι,
749 5781 838 5834 ‘24.
917 5778 961 5809 ⁷³
1004 5779 1137 5833 Rom
1189 5793 1314 5844 xxn,
1347 5777 1431 5831 16.

1510 5777 1554 5806 ⁷⁵
1579 5775 1745 5829 Eccli.
1785 5789 1862 5843 ιιι,
1895 5772 1999 5842 2ος
2031 5772 2228 5845 Philip.
2270 5788 2327 5838 ιι,
2364 5771 2414 5823 3.

1967 4676 2122 4730 duxit
2153 4675 2301 4731 illius
2333 4675 2491 4742 ﬁlias,
2533 4676 2686 4730 Liam
2713 4674 2974 4729 nimirum
3007 4685 3064 4730 et
3093 4678 3328 4741 Rachel,
3368 4678 3536 4733 ﬁlios-

1966 4785 2075 4840 que
2112 4779 2306 4825 nactus
2324 4777 2428 4833 est,
2448 4777 2502 4823 et
2524 4783 2783 4840 pecorum
2801 4783 3011 4840 greges,
3040 4784 3101 4823 ac
3129 4779 3387 4838 przeterea
3406 4773 3538 4825 alias

1966 4858 2132 4912 etiam
2188 4857 2495 4911 facultates.
2552 4856 2691 4911 Cum
2730 4866 2915 4912 autem
2955 4858 3026 4911 ad
3089 4866 3293 4910 tantam
3352 4875 3536 4912 rerum

1966 4947 2299 5002 afﬂuentiam
2352 4948 2710 5017 pervenisset.
2752 4949 3029 5018 propriam
3067 4947 3290 5000 domum
3336 4947 3538 5004 habere

1967 5039 2198 5102 curavit,
2255 5053 2318 5091 ac
2352 5039 2587 5093 discedit
2633 5038 2854 5107 quidem
2894 5052 2925 5090 e
2963 5035 3228 5100 Charran,
3295 5045 3459 5104 atque
3506 5054 3537 5093 a

1967 5128 2130 5184 domo
2154 5129 2339 5183 Laban
2363 5145 2488 5183 cum
2525 5128 2596 5182 iis
2619 5143 2743 5196 quae
2795 5125 3147 5196 acquisierat,
3203 5134 3366 5196 atque
3399 5145 3536 5181 uxo-

1967 5221 2118 5276 ribus
2165 5229 2221 5274 et
2249 5219 2394 5273 ﬁliis.
2448 5218 2822 5285 Persequente
2866 5230 2997 5268 vero
3031 5215 3237 5279 Laban,
3288 5231 3535 5285 compre-

1966 5314 2172 5369 hensus
2194 5311 2418 5380 quidem
2448 5318 2550 5374 est,
2588 5309 2887 5375 composita
2911 5315 3092 5359 autem
3120 5322 3208 5360 res
3230 5315 3313 5358 est
3333 5306 3401 5360 ad
3447 5323 3541 5378 pa-

1966 5419 2122 5474 cem,
2169 5401 2482 5470 amorisque
2523 5397 2806 5451 vinculum
2859 5395 3200 5449 conﬁrmavit
3264 5395 3544 5456 Christus.

1965 5497 2196 5551 Erectus
2223 5494 2369 5547 enim
2394 5500 2478 5545 est
2507 5487 2647 5555 lapis
2671 5486 2724 5538 in
2753 5495 2942 5556 typum
2976 5485 3167 5554 ipsius.
3193 5488 3388 5541 Postea
3409 5505 3540 5543 vero

1967 5601 2090 5641 cum
2123 5586 2233 5656 jam
2260 5583 2446 5636 Laban
2476 5580 2701 5634 domum
2724 5578 2998 5643 rediisset,
3033 5596 3218 5650 pacem
3239 5580 3402 5632 etiam
3420 5581 3542 5635 iniit

2493 5766 2537 5797 τε
2561 5763 2661 5819 Job
2687 5783 2736 5832 ι’,
2763 5768 2850 5823 9:2.
2933 5768 2975 5799 τ’
3017 5770 3152 5822 Gen.
3198 5781 3383 5825 sum,
3412 5763 3463 5815 4.
