4074 6260
555 364 662 420 259

1578 360 1636 416 S.
1677 356 1955 415 CYBlLLl
1993 349 2465 410 ALEXANDRINI
2504 347 2822 405 ABCHIEP.

3719 341 3816 398 Ξιῑῡ

556 491 685 531 cum
711 475 880 530 veleri
903 475 1078 538 hoste,
1103 473 1198 545 qui
1224 472 1397 544 ipsius
1445 471 1572 527 vitae
1602 471 1860 528 ferociter
1907 467 2138 524 insidia-

2257 462 2425 518 ιοιπδν
2465 461 2560 517 καὶ
2592 458 2954 531 ἀποιχομένου
3001 456 3094 512 τοῦ
3121 455 3330 518 Λάϐαν,
3365 452 3714 526 συμϐέϐηκεν
3741 457 3818 520 εἰς

561 568 741 633 batur,
781 567 946 632 Esau,
981 567 1226 637 inquam.
1252 565 1496 622 Osculati
1520 566 1668 620 enim
1700 574 1829 620 sunt
1879 562 2136 626 invicem,

561 665 864 726 spontaneo
894 655 1300 726 quodammodo
1325 657 1382 710 in
1416 663 1670 710 mutuum
1726 668 1973 708 amorem
2003 667 2138 706 con-

487 777 491 782 -
561 763 727 803 cursu
763 747 1103 818 praeteritum
1128 761 1423 801 mmrorem
1446 745 1820 802 oblitterante.
1846 744 1907 798 ln
1934 743 2022 797 his
2043 741 2143 796 ita-

560 853 667 906 que
687 839 855 892 totius
870 838 1115 892 historiae
1134 852 1314 893 sermo
1333 845 1419 892 est
1429 847 1810 907 consumptus.
1830 834 2141 890 Meminisse

562 944 692 982 vero
719 936 956 998 oportet,
983 929 1153 985 Jacob
1187 928 1393 985 Christi
1436 944 1726 1000 personam
1769 944 1800 982 a
1848 927 2010 982 nobis
2045 925 2144 979 tri-

562 1019 749 1074 butam
784 1036 926 1085 esse,
979 1037 1376 1092 nonnunquam
1426 1022 1593 1077 etiam
1644 1035 1839 1075 eorum
1896 1019 1991 1089 qui
2045 1032 2144 1087 per

563 1111 1032 1181 ﬁdemjustiﬁcati
1093 1121 1240 1167 sunt.
1297 1114 1441 1168 Esau
1475 1121 1659 1167 autem
1706 1111 1969 1181 populum
2034 1109 2143 1164 cir-

562 1202 866 1256 cumcisum
888 1208 944 1254 et
993 1202 1097 1257 sub
1141 1201 1260 1273 lege
1283 1218 1396 1272 prae
1425 1218 1483 1257 se
1503 1202 1649 1257 ferre
1678 1201 1917 1259 diximus
1943 1218 1956 1254 :
1980 1200 2145 1270 idque

565 1289 858 1360 praecipue,
880 1291 1009 1360 quia
1046 1291 1430 1346 universorum
1483 1291 1748 1346 Dominus
1798 1292 1964 1354 Deus,
2019 1305 2145 1344 cum

565 1379 745 1434 adhuc
764 1387 922 1434 utero
943 1387 1182 1450 gestaret
1204 1382 1467 1452 gemellos
1489 1380 1762 1446 Rebecca,
1794 1379 1874 1434 illi
1900 1379 2082 1449 inquit
2127 1397 2140 1433 :

573 1491 592 1524 ι
629 1473 760 1528 Dure
787 1479 998 1543 gentes,
1034 1480 1094 1528 et
1115 1473 1226 1529 duo
1266 1475 1455 1546 populi
1499 1481 1777 1531 exventre
1829 1482 1926 1528 tuo
1958 1474 2146 1529 orien-

565 1570 674 1626 tur,
702 1571 759 1617 et
787 1563 1022 1634 populus
1041 1564 1306 1634 p0pulum
1330 1564 1635 1635 superabit,
1665 1572 1722 1619 et
1744 1565 1919 1634 major
1942 1563 2150 1619 serviet

562 1654 765 1708 minori
786 1652 855 1709 ⁸⁸.
879 1673 898 1705 ι
937 1653 1095 1720 Quod
1115 1654 1338 1724 quidem
1371 1653 1678 1724 perfectum
1711 1662 1797 1710 est
1849 1669 1949 1724 per
1985 1652 2147 1709 Chri-

563 1753 729 1800 stum.
755 1744 924 1800 Primi
950 1746 1098 1800 enim
1143 1745 1476 1801 exsistentes
1507 1745 1773 1816 temporis
1822 1745 2035 1814 ratione
2073 1745 2151 1801 ls-

2239 556 2466 626 εἰρήνην
2505 552 2600 606 καὶ
2630 550 2778 620 αὐτῷ
2799 549 2878 621 τῷ
2904 549 3069 604 πάλαι
3095 547 3326 618 φονιῖιντι
3347 545 3442 601 καὶ
3466 546 3819 617 ἀγριαίνοντι,

2239 646 2516 703 τουτέστιν
2541 640 2738 698 Ἠσαῦ.
2759 640 3191 712 Κατησπάζοντο
3211 639 3320 709 γὰρ
3343 637 3625 708 ἀλλήλους,
3652 653 3822 690 κατα-

2239 738 2541 812 χωννύντες
2565 735 2767 808 τρόπον
2795 733 2916 788 τινὰ
2946 734 3066 796 ταῖς
3105 733 3187 794 είς
3226 729 3579 801 φιλάλληλίαν
3605 728 3824 799 συνδρο-

2244 836 2394 906 μαῖς,
2425 830 2527 901 τὴν
2576 829 2670 882 ἐπὶ
2702 829 2816 892 τοῖς
2857 826 3093 895 φθάσασι
3125 823 3449 894 δυσθυμίαν.
3500 823 3590 876 Ἐν
3616 821 3826 886 τούτοις

2245 925 2343 997 μὲν
2369 927 2398 977 6
2436 922 2658 993 σύμπας
2681 920 2779 988 τῆς
2818 917 3058 988 ἱστορίας
3093 915 3466 988 διεπεραίνετο
3511 914 3692 983 λόγος,
3735 932 3828 985 με-

2246 1016 2498 1088 μνήμεθα
2533 1014 2589 1067 δὲ
2625 1013 2719 1066 καὶ
2766 1012 2926 1081 ἡμεῖς
2956 1008 3034 1080 τῷ
3071 1009 3168 1080 μὲν
3216 1005 3409 1061 Ἰακὼϐ
3449 1005 3512 1060 τὸ
3537 1006 3704 1059 αὐτοῦ
3735 1004 3827 1058 τοῦ

2242 1107 2478 1180 Χριστοῦ
2505 1104 2817 1177 περιθέντες
2845 1103 3157 1174 πρόσωπον,
3199 1101 3282 1163 είς
3308 1099 3364 1152 δέ
3385 1116 3486 1152 που
3519 1099 3614 1152 καὶ
3634 1097 3696 1150 τὸ
3723 1097 3830 1151 τῶν

2243 1200 2302 1254 ὲν
2325 1197 2498 1253 πίστει
2518 1192 2977 1264 δεδικαιωμένων.
3003 1190 3106 1244 Τὸν
3138 1189 3198 1243 δέ
3221 1205 3286 1258 γε
3327 1187 3498 1242 Ἠσαῦ
3520 1184 3830 1240 ἀνατυποῦν

2244 1292 2454 1361 ἔφαμεν
2487 1288 2569 1358 ἐφ’
2618 1284 2798 1356 ἐαυτῷ
2844 1284 2936 1338 τὸν
2971 1284 3036 1336 ὲκ
3086 1281 3388 1352 περιτομῆς
3431 1280 3526 1332 καὶ
3573 1280 3632 1332 ὲν
3683 1277 3831 1348 νόμῳ

2243 1382 2372 1438 λαόν
2392 1398 2406 1413 ·
2433 1378 2646 1452 μάλισθ’
2671 1379 2752 1432 ὅτι
2785 1375 2879 1430 καὶ
2906 1374 3068 1438 αὐτὸς
3099 1374 3128 1427 ό
3156 1371 3375 1426 πάντων
3401 1370 3680 1440 Δεσπότης
3699 1369 3832 1432 Θεὸς

2247 1476 2305 1529 ὲν
2331 1473 2518 1528 ὠδῖσιν
2563 1471 2644 1524 ἔτι
2675 1469 2775 1541 τὴν
2805 1467 2915 1522 τῶν
2957 1465 3256 1520 νεανίσκων
3299 1462 3497 1534 ἐχούσῃ
3535 1462 3726 1524 δυάδα,
3763 1463 3832 1533 τῇ

2259 1563 2527 1633 Ῥεϐέκκα
2551 1560 2683 1632 φησι
2705 1576 2718 1591 ·
2763 1578 2782 1613 ‹
2812 1557 2917 1611 Δύο
2953 1556 3078 1628 έθνη
3109 1555 3334 1618 καὶδύο
3369 1554 3486 1608 λιιολ⁵
3517 1554 3582 1607 ἐκ
3625 1551 3832 1615 κοιλίας

2251 1673 2345 1711 σου
2382 1654 2865 1725 διασταλήσονται,
2919 1651 3016 1704 καὶ
3075 1648 3202 1713 λαὸς
3250 1647 3381 1701 λαοῦ
3423 1644 3699 1717 ὑπερέξει,
3739 1643 3834 1698 καὶ

2249 1751 2278 1803 6
2313 1745 2813 1821 μείζων-δουλεύσει
2832 1743 2910 1815 τῷ
2935 1743 3203 1798 ἐλάσσονι.
3235 1761 3255 1796 ι
3300 1743 3366 1795 Ὃ
3395 1741 3459 1811 δὴ
3491 1741 3591 1820 καλἶ
3622 1737 3833 1792 τετέλε·

565 1837 793 1902 raelitae,
855 1837 1090 1907 ideoque
1141 1838 1322 1894 vocati
1373 1838 1748 1909 primogeniti,
1816 1838 2150 1908 posteriores

2257 1819 2376 1895 σται
2397 1839 2486 1894 διὰ
2506 1837 2764 1912 Χριστοῦ.
2788 1835 3000 1908 Πρῶτοι
3025 1835 3133 1904 γὰρ
3161 1835 3312 1898 ὄντες
3347 1835 3423 1896 ὡς
3461 1819 3605 1886 κατά
3643 1830 3836 1901 χρόνον

565 1927 696 1983 facti
727 1935 874 1993 sunt,
897 1936 954 1982 et
975 1943 1005 1982 a
1026 1937 1181 2000 tergo
1202 1929 1369 1999 positi
1394 1930 1464 1985 iis
1477 1930 1573 2000 qui
1595 1944 1695 1999 per
1715 1928 1879 1984 ﬁdem
1915 1930 1969 1984 in
1995 1929 2152 1985 Chri-

569 2025 675 2082 sto,
714 2019 808 2087 qui
845 2025 902 2072 et
946 2018 1300 2089 primogeniti
1341 2019 1572 2090 gloriam
1621 2017 1732 2073 sibi
1776 2018 2150 2084 vindicarunt,

569 2117 796 2178 prOpter
820 2123 946 2162 eum
975 2106 1068 2176 qui
1100 2106 1158 2161 in
1187 2108 1322 2177 ipsis
1353 2117 1439 2163 est
1464 2107 1888 2180 primogenitus,
1933 2110 2151 2163 tametsi

568 2201 642 2253 sit
662 2199 996 2270 unigenitus,
1021 2199 1110 2254 cui
1149 2200 1316 2254 etiam
1359 2199 1674 2256 conformes
1707 2200 1838 2256 facti
1893 2208 2024 2255 sunt
2053 2215 2154 2270 per

568 2291 846 2362 spiritum,
890 2291 1156 2347 habentes
1205 2294 1684 2363 regenerationem
1732 2294 1790 2348 in
1841 2293 2154 2349 sanctiﬁca-

570 2383 776 2438 tionem
803 2392 967 2452 atque
990 2384 1483 2454 incorruptionem.
1505 2386 1716 2440 Invidia
1733 2385 1918 2456 itaque
1944 2385 2158 2440 inﬂam-

570 2483 751 2528 matus
776 2475 942 2540 Esau,
975 2475 1081 2531 hoc
1116 2485 1204 2532 est
1237 2475 1402 2530 lsrael
1424 2515 1439 2541 ,
1479 2483 1810 2546 persecutus
1853 2484 1936 2530 est
1964 2475 2153 2541 Jacob,

569 2566 872 2631 Christum,
906 2567 1152 2636 inquam.
1175 2566 1506 2622 Indiﬂerens
1533 2581 1686 2632 vero,
1711 2576 1773 2622 ut
1797 2567 1933 2632 dixi,
1973 2567 2031 2620 in
2069 2567 2158 2622 his

571 2655 733 2710 nobis
773 2662 865 2711 est
905 2670 1110 2720 sermo,
1172 2670 1393 2725 semper
1435 2655 1698 2711 decorum
1731 2657 2054 2723 observans,
2093 2674 2158 2714 ac

572 2745 806 2800 subinde
840 2745 1064 2816 quidem
1088 2745 1156 2800 ad
1194 2745 1475 2801 Christum
1498 2746 1745 2802 referens
1777 2749 2155 2820 1621acob;

573 2838 808 2892 subinde
836 2855 968 2893 vero
997 2839 1065 2893 ad
1097 2854 1300 2894 novum
1329 2854 1393 2894 ac
1421 2839 1636 2894 ﬁdelem
1666 2841 1952 2910 populum.
1981 2841 2157 2896 Vexa-

576 2938 665 2985 tus
693 2930 876 3000 itaque
915 2931 1320 3000 quodammodo
1348 2939 1405 2986 et
1433 2932 1627 2987 nolens
1647 2932 1900 2988 Christus
1934 2933 1990 2987 in
2023 2949 2160 3003 gen-

576 3023 712 3076 tium
746 3021 1024 3092 regionem
1048 3023 1206 3087 abiit,
1248 3029 1437 3093 aperte
1475 3023 1762 3079 clamans:
1814 3043 1832 3075 ι
1883 3024 2158 3095 Dereliqui

575 3113 798 3166 doinum
844 3127 1056 3178 meam,
1107 3112 1292 3168 dimisi
1337 3113 1713 3169 haereditatem
1755 3129 1972 3180 meam,
2026 3114 2153 3170 dedi
2181 3147 2224 3206 ο

576 3200 833 3254 dilectam
856 3203 1094 3256 animam
1125 3217 1301 3257 meam
1322 3201 1379 3255 in
1410 3217 1608 3257 manus
1638 3202 1988 3258 inimicorum
2011 3205 2152 3274 ejus.

577 3291 740 3344 Facta
779 3301 864 3344 est
911 3291 1202 3347 haereditas
1250 3307 1372 3347 mea
1399 3293 1534 3346 mihi
1559 3293 1716 3363 quasi
1764 3294 1853 3349 leo
1888 3295 1944 3349 in
1998 3294 2154 3348 silva;

578 3381 739 3440 Dedit
765 3389 954 3436 contra
983 3398 1070 3436 me
1099 3398 1290 3437 vocem
1313 3398 1466 3438 suam
1496 3400 1510 3449 ;
1539 3384 1666 3440 ideo
1696 3385 1845 3439 odivi
1880 3400 2002 3438 eam
2029 3387 2096 3439 ⁷³.
2132 3404 2150 3437 ι

577 3471 848 3526 Caeterum
881 3474 1046 3528 etiam
1073 3474 1399 3530 mulieribus
1439 3475 1495 3530 in
1535 3476 1696 3530 horto
1731 3485 1856 3546 post
1906 3492 2158 3532 resurre-

531 3608 533 3610 .
579 3563 821 3616 ctionem
866 3579 896 3616 a
949 3565 1180 3618 mortuis
1227 3581 1328 3634 pro
1379 3581 1479 3621 sua
1525 3566 1866 3637 benignitate
1916 3567 2158 3638 seipsum

580 3653 970 3719 niauil‘estavit,
991 3654 1182 3710 dicens
1205 3656 1414 3720 :Abite,
1431 3658 1682 3712 nuntiate
1708 3657 1972 3714 fratribus
1997 3660 2154 3724 meis,

579 3755 642 3801 ut
668 3747 866 3802 abeant
911 3747 967 3800 in
993 3746 1293 3812 Galilaeam,
1333 3747 1411 3801 ibi
1443 3763 1529 3802 me
1551 3748 1820 3803 videbunt
1844 3747 1914 3802 ⁸ο.
1956 3768 1973 3801 ι
2020 3751 2157 3805 Pro-

578 3841 754 3895 fectus
805 3840 971 3911 igitur
1016 3839 1073 3894 in
1105 3838 1405 3905 Galilaeam,
1455 3847 1515 3894 ut
1553 3847 1610 3895 et
1654 3840 1850 3895 beatus
1903 3841 2072 3896 Jacob
2102 3841 2156 3895 in

576 3927 844 3994 Charran,
874 3929 1025 4000 pavit
1044 3943 1176 3990 oves
1206 3927 1416 3993 Laban,
1459 3929 1567 3983 hoc
1592 3936 1677 3985 est
1705 3930 1917 3995 mundi,
1941 3931 2036 4001 qui
2063 3946 2157 3986 co-

577 4020 724 4075 lebat
754 4030 1056 4086 crcaturas,
1098 4028 1263 4090 atque
1283 4021 1530 4085 errabat,
1557 4020 1772 4077 sicutet
1797 4021 2002 4076 Laban.
2019 4021 2158 4077 Cum

575 4110 722 4165 enim
751 4111 827 4166 ibi
857 4119 1024 4176 esset,
1060 4111 1232 4166 veluti
1257 4127 1492 4182 sponsus
1519 4111 1791 4182 quispiam
1835 4113 2159 4184 spiritaliter

580 4200 638 4253 in
657 4199 880 4254 domum
921 4215 1078 4255 suam
1122 4201 1428 4255 introducit
1468 4201 1736 4270 virginem
1780 4212 2007 4269 castam,
2059 4205 2161 4258 Ec-

579 4289 803 4343 clesiam
825 4305 892 4344 ex
916 4291 1195 4360 gentibus,
1225 4291 1330 4345 hoc
1362 4299 1449 4345 est
1480 4291 1705 4355 Rachel,
1750 4292 2017 4349 inducens
2051 4310 2157 4349 una

581 4394 706 4432 cum
727 4379 843 4449 ipsa
869 4381 1034 4435 etiam
1065 4396 1187 4435 eam
1222 4397 1344 4450 qua;
1365 4389 1527 4435 antea
1559 4396 1657 4450 per
1680 4383 1854 4451 legem
1883 4384 1984 4454 ipsi
2023 4401 2158 4440 con-

2249 1933 2300 1987 οί
2329 1930 2388 1999 ἐξ
2430 1929 2667 2002 Ἰσραὴλ,
2723 1926 3110 1999 ὠνομασμένοι
3136 1925 3225 1979 διὰ
3263 1923 3424 1978 τοῦτο
3474 1923 3835 1994 πρωτότοκοι,

2251 2023 2482 2078 κατόπιν
2512 2021 2791 2091 γεγόνασι,
2841 2017 2938 2071 καὶ
2973 2017 3054 2080 είς
3097 2015 3265 2070 νῶτον
3295 2014 3566 2068 τέθεινται
3607 2012 3720 2067 τῶν
3749 2010 3840 2065 διά

2252 2115 2488 2177 πίστεως
2515 2115 2575 2166 ὲν
2604 2109 2844 2181 Χριστῷ,
2873 2107 2924 2161 οἳ
2966 2109 3060 2162 καὶ
3085 2106 3184 2177 τὴν
3214 2107 3309 2160 τοῦ
3352 2105 3700 2177 πρωτοτόκου
3740 2118 3840 2157 κε-

2253 2206 2700 2278 κληρονομήκασι
2729 2203 2909 2267 δόξαν,
2933 2201 3021 2256 διὰ
3053 2201 3143 2253 τὸν
3167 2200 3224 2251 ὲν
3252 2199 3434 2262 αὐτοῖς
3468 2197 3839 2269 πρωτότοκον,

2254 2298 2303 2350 εί
2340 2297 2434 2349 καὶ
2485 2295 2600 2348 ἔστι
2632 2291 2940 2364 μονογενὴς,
2988 2283 3034 2358 ᾧ
3072 2289 3166 2343 ml.
3205 2287 3519 2359 σύμμορφοι
3557 2285 3835 2354 γεγόνασι,

2253 2386 2356 2458 τὴν
2404 2384 2494 2438 διὰ
2529 2383 2838 2454 πνεύματος
2883 2382 3240 2450 ἁναγέννησιν
3273 2378 3489 2448 ἔχοντες
3517 2376 3596 2439 είς
3627 2375 3846 2445 ἀφθαρ-

2259 2480 2378 2532 σίαν
2427 2493 2487 2530 τε
2527 2476 2621 2530 καί
2669 2475 2961 2545 ἁγιασμόν.
3020 2471 3202 2540 Φθόνῳ
3248 2468 3340 2525 οὖν
3382 2469 3843 2538 διακεκαυμένος,

2270 2571 2462 2636 Ἡσαῦ,
2499 2568 2824 2622 τουτέστινό
2860 2563 3096 2638 Ἰσραὴλ,
3136 2563 3325 2617 ἐδίωκε
3348 2563 3441 2616 τὸν
3485 2560 3703 2626 Ἰακὼϐ,
3734 2579 3844 2632 φη-

2262 2665 2322 2734 μὶ
2359 2662 2422 2734 δὴ
2468 2662 2561 2716 τὸν
2591 2659 2844 2732 Χριστόν.
2891 2659 3200 2729 Ἀδιαφορεῖ
3227 2657 3303 2721 δὲ,
3335 2657 3411 2720 ὠς
3442 2655 3600 2726 ἔφην,
3629 2656 3688 2707 ὲν
3723 2651 3846 2706 τού-

2255 2773 2371 2819 τοις
2418 2757 2551 2826 ήμῖν
2588 2756 2617 2808 6
2665 2753 2843 2821 λόγος,
2897 2751 2958 2804 τὸ
3007 2750 3214 2822 πρέπον
3241 2750 3326 2803 ἀεὶ
3359 2747 3698 2819 θηρώμενος,
3749 2746 3846 2798 καὶ

2257 2847 2388 2901 ποτὲ
2414 2846 2511 2916 μὲν
2542 2847 2621 2908 είς
2651 2843 2884 2914 Χριστὸν
2917 2842 3204 2913 ἀναφέρων
3229 2841 3320 2895 τὸν
3363 2838 3593 2901 Ἰακὼϐ,
3623 2838 3761 2890 ποτὲ
3791 2836 3848 2889 δὲ

2260 2937 2339 2999 είς
2367 2934 2458 2988 τὸν
2505 2933 2623 2986 νέον
2661 2936 2718 2986 ὲν
2751 2932 2931 2985 πίστει
2971 2931 3118 2985 λαόν.
3162 2930 3533 3001 Δεδιωγμένος
3557 2928 3615 2980 δὲ
3638 2927 3849 2998 τρόπον

2259 3027 2382 3081 τινὰ
2418 3027 2513 3081 καὶ
2539 3026 2637 3097 οὐχ
2669 3023 2808 3079 ἑκὼν
2844 3025 2872 3076 6
2895 3023 3128 3094 Χριστὸς
3153 3023 3232 3086 είς
3264 3022 3363 3093 τὴν
3393 3021 3502 3074 τῶν
3529 3018 3700 3072 ἐθνῶν
3737 3019 3851 3070 ἀπ-

2260 3123 2501 3194 εδήμησε
2530 3119 2734 3192 χώραν,
2757 3117 3052 3190 διαρρήδην
3080 3113 3493 3186 ἀνακεκραγώς·
3527 3131 3545 3164 ι
3581 3111 3855 3182 Ἐγκατα-

2259 3215 2482 3268 λέλοιπα
2516 3213 2607 3266 τὸν
2631 3208 2776 3266 οἶκόν
2815 3227 2939 3281 μου,
2961 3210 3152 3279 ἀφῆκα
3191 3207 3289 3279 τὴν
3320 3205 3685 3278 κληρονομίαν
3713 3221 3851 3274 μου,

2259 3306 2434 3359 tam:
2461 3305 2560 3375 τὴν
2591 3301 2956 3373 ἠγαπημένην
2984 3301 3162 3371 ψυχήν
3195 3316 3297 3370 μου
3326 3301 3404 3361 είς
3422 3299 3608 3368 χεῖρας
3630 3294 3852 3367 ἐχθρῶν

2259 3397 2450 3467 αὐτῆς.
2495 3396 2851 3467 Ἐγεννήθηὴ
2895 3393 3227 3466 κληρονομία
3288 3407 3390 3461 μου
3436 3388 3560 3459 ἐμοὶ
3596 3387 3669 3450 ὡς
3702 3387 3853 3441 λέων

2261 3492 2318 3542 ὲν
2345 3487 2554 3559 δρυμῷ.
2587 3487 2827 3540 Ἔδωκεν
2886 3485 2972 3538 ἐπ’
3011 3486 3112 3554 ἐμὲ
3149 3482 3248 3553 τὴν
3279 3479 3464 3551 φωνὴν
3507 3479 3706 3545 αὐτῆς,
3759 3478 3854 3532 διὰ

2259 3579 2416 3633 τοῦτο
2455 3579 2692 3648 ἐμίσησα
2720 3577 2912 3647 αὐτήν.
2952 3594 2970 3626 ι
3011 3573 3169 3628 Ἀλλά
3203 3574 3298 3625 καὶ
3341 3573 3461 3635 ταῖς
3492 3571 3550 3623 έν
3565 3569 3644 3638 τῷ
3679 3569 3854 3640 κήπῳ

2260 3667 2474 3738 γυναιξὶ
2526 3667 2663 3738 μετά
2701 3668 2800 3737 τὴν
2860 3667 2925 3718 ὲκ
2969 3663 3178 3734 νεκρῶν
3208 3661 3506 3715 ἀνάστασιν
3533 3657 3592 3723 ἐξ
3639 3659 3857 3729 ἡμερό-

2260 3777 2422 3833 τητος
2448 3760 2542 3812 καὶ
2575 3754 2981 3828 φιλανθρωπίας
3007 3753 3196 3808 ἑαυτὸν
3230 3750 3444 3822 ἐμφανῆ
3472 3749 3729 3818 καθίστη,
3767 3749 3857 3802 λέ-

2261 3869 2394 3923 γων·
2433 3871 2451 3904 ι
2500 3846 3180 3918 ’Υπάγετε,άπαγγείλατε
3200 3846 3309 3907 τοῖς
3333 3843 3580 3912 ἀδελφοῖς
3612 3858 3743 3910 μου,
3765 3841 3856 3894 ἴνα

2263 3946 2573 4003 ἀπέλθωσιν
2626 3944 2705 4007 είς
2733 3941 2832 4013 τὴν
2874 3939 3185 4005 Γαλιλαίαν,
3224 3939 3387 3992 κάκεῖ
3417 3953 3484 4006 με
3539 3935 3796 4005 ὄψονται.
3833 3955 3852 3988 ι

2275 4037 2606 4109 Ἀφιγμένος
2653 4033 2718 4105 δὴ
2752 4029 2844 4087 οὖν
2870 4033 2950 4096 είς
2992 4030 3090 4102 τὴν
3131 4029 3439 4095 Γαλιλαίαν,
3487 4026 3631 4080 καθὰ
3675 4028 3786 4080 καὶ
3827 4027 3858 4077 6

2261 4131 2548 4193 θεσπέσιος
2592 4125 2785 4182 Ἰακὼϐ
2810 4126 2890 4188 είς
2919 4122 3163 4194 Χαρρἀ,
3204 4121 3485 4192 ὲποίμαινε
3524 4119 3593 4172 τὰ
3631 4118 3858 4188 πρόϐα-

2261 4240 2331 4277 τα
2362 4221 2570 4285 Λάϐαν,
2600 4217 2846 4272 τουτέστι
2877 4214 2972 4268 τοῦ
3003 4214 3229 4284 κόσμου,
3262 4211 3358 4266 τοῦ
3385 4213 3452 4281 τῇ
3487 4210 3665 4264 κτίσει
3686 4209 3858 4263 λελα-

2260 4314 2570 4383 τρευκότος,
2621 4311 2717 4364 καὶ
2773 4304 3214 4376 πεπλανημένον,
3260 4302 3402 4356 καθά
3446 4302 3545 4356 καὶ
3569 4302 3598 4356 6
3631 4302 3854 4356 Λάϐαν.

2275 4406 2426 4457 Ἐκεῖ
2454 4399 2714 4470 γεγονὼς,
2741 4393 2830 4454 οἷά
2858 4415 2942 4462 τις
2983 4397 3216 4466 νυμφίος
3251 4392 3602 4458 εἰσοικίζεται
3634 4393 3858 4460 νοητῶς

574 4472 765 4565 ignota
781 4480 930 4565 flia"
952 4471 1269 4565 Judaflmm
1309 4471 1845 4565 δῖηξεοεέωῴθυίυε
1879 4481 2038 4546 ι)Ῥυ⁵
2079 4484 2163 4530 εει
2194 4478 2237 4532 Ῐδ
2267 4492 2534 4565 παρθένον
2557 4490 2748 4562 ἁγνὴν,
2778 4490 2875 4560 τὴν
2902 4488 2962 4554 ἐξ
3001 4487 3170 4542 ἐθνῶν
3222 4485 3570 4555 Ἐκκλησίαν,
3594 4484 3858 4538 τουτέστι

579 4561 698 4617 Lia.
735 4579 752 4612 ι
776 4559 1006 4618 Salvatac
1032 4563 1182 4617 enim
1217 4572 1348 4618 sunt
1375 4564 1624 4634 reliquis:
1652 4563 1819 4620 lsrael
1847 4565 1914 4631 ⁸⁸,
1944 4585 1963 4618 ι
2004 4567 2160 4637 juxta

580 4653 864 4724 prophetae
906 4669 1128 4720 vocem,
1169 4654 1388 4710 etiamsi
1436 4671 1548 4711 non
1579 4655 1834 4711 universa
1864 4659 2160 4714 multitudo

579 4743 812 4814 gratiam
853 4743 908 4797 in
937 4744 1158 4799 Christo
1200 4760 1300 4816 per
1350 4745 1512 4800 ﬁdem
1555 4747 1611 4800 in
1651 4747 1830 4816 pretio
1880 4749 2156 4805 habuerit.

579 4835 847 4890 Ostensus
880 4836 1065 4905 itaque
1113 4850 1348 4905 sponsus
1399 4837 1657 4908 gentibus
1702 4837 1976 4904 Christus,
2033 4857 2157 4895 cum

577 4927 1016 4998 quamplurimos
1056 4937 1436 4998 regenerasset
1462 4931 1634 4999 gratia
1667 4931 1720 4984 in
1753 4930 2068 4986 liliationem
2104 4932 2159 4986 in

578 5020 796 5090 spiritu,
827 5028 883 5076 et
909 5021 1258 5076 rationalium
1301 5036 1562 5092 pecorum
1595 5023 2049 5079 innumerabilem
2074 5040 2163 5079 re-

578 5147 709 5186 vera
737 5133 1146 5187 multitudinem
1165 5144 1568 5204 congregasset,
1587 5143 1912 5205 persecutus
1935 5145 2017 5191 est
2035 5153 2161 5191 eum

579 5225 838 5279 mundus.
890 5225 1290 5296 Repugnarunt
1337 5225 1485 5280 enim
1543 5241 1924 5296 saepenumero
1973 5229 2161 5298 gloriae

577 5314 781 5369 Christi
805 5315 1027 5385 quidam
1055 5331 1272 5380 eorum,
1296 5316 1390 5386 qui
1417 5316 1472 5370 in
1495 5316 1702 5370 mundo
1738 5317 1949 5387 magnis
1978 5319 2154 5372 hono-

579 5405 738 5460 ribus
777 5423 1099 5476 summaque
1124 5408 1369 5478 potentia
1405 5406 1619 5477 praediti
1646 5415 1822 5461 erant.
1851 5408 1956 5462 Sed
1987 5408 2154 5462 etiam

580 5496 729 5551 hunc
777 5498 1014 5566 placavit
1048 5499 1232 5554 divina
1264 5500 1458 5571 gratia.
1500 5500 1734 5554 Mundus
1783 5507 1914 5554 vero
1965 5516 2154 5571 pacem

581 5601 705 5641 cum
734 5587 955 5642 Christo
983 5590 1126 5653 iniit,
1159 5575 1621 5660 quemadmodum
1645 5601 1700 5646 et
1723 5590 1906 5646 Laban
1924 5608 2048 5647 cum
2070 5592 2159 5647 Ja-

2277 4582 2502 4654 Ῥαχὴλ,
2525 4580 2864 4650 συνεισάγων
2885 4580 3021 4651 αὐτῇ
3050 4579 3144 4632 καὶ
3171 4576 3269 4647 τὴν
3295 4576 3395 4648 ἠδη
3413 4575 3499 4630 διὰ
3514 4576 3678 4646 νόμου
3709 4591 3858 4646 προ-

2265 4674 2710 4745 κατεζευγμένην
2736 4672 2907 4744 αὐτῷ,
2935 4673 3035 4742 τὴν
3058 4672 3166 4726 τῶν
3203 4669 3470 4724 Ἰουδαίων
3487 4671 3852 4740 Συναγωγὴν,

2265 4763 2332 4837 ἧς
2365 4765 2535 4829 τύπος
2586 4767 2618 4835 ή
2654 4763 2806 4818 Λεία.
2867 4781 2886 4816 ι
2924 4764 3198 4817 Σέσωσται
3234 4762 3340 4834 γὰρ
3383 4762 3443 4815 τὸ
3489 4759 3853 4831 κατάλειμμα

2265 4857 2360 4912 τοῦ
2407 4856 2644 4928 Ἰσραὴλ,
2681 4874 2701 4908 ι
2739 4855 2882 4910 κατὰ
2924 4854 3020 4926 τὴν
3064 4854 3158 4908 τοῦ
3208 4855 3487 4926 προφήτου
3536 4853 3746 4924 φωνὴν,
3801 4855 3853 4904 εί

2265 4949 2360 5002 καὶ
2413 4948 2489 5018 μὴ
2540 4948 2691 5000 πᾶσα
2743 4946 2902 5016 τυχὸν
2933 4948 2966 5014 ἡ
3011 4945 3218 5015 πληθὺς
3247 4945 3345 5016 τὴν
3382 4946 3469 5000 διὰ
3505 4945 3742 5007 πίστεως
3787 4945 3852 4996 έν

2265 5039 2488 5110 Χριστῷ
2539 5039 2802 5109 τετίμηκε
2856 5039 3036 5108 χάριν.
3101 5036 3573 5107 Ἀναδεδειγμένος
3629 5035 3699 5106 δὴ
3747 5031 3850 5089 οὖν

2263 5133 2292 5183 6
2307 5130 2536 5200 νυμφίος
2555 5129 2706 5200 παρὰ
2724 5131 2836 5192 τοῖς
2861 5129 3070 5183 ἔθνεσιν
3094 5131 3121 5182 6
3137 5129 3393 5201 Χριστὸς,
3424 5128 3518 5182 καὶ
3543 5127 3850 5194 ἀναγεννή-

2265 5239 2362 5286 σας
2400 5225 2464 5293 τῇ
2489 5220 2671 5292 χάριτι
2711 5219 2996 5283 πλείστους
3019 5221 3177 5284 ὅσους
3207 5222 3285 5283 είς
3312 5219 3577 5273 υἱοθεσίαν
3603 5221 3661 5272 ὲν
3680 5217 3850 5271 πνεύ-

2265 5333 2415 5385 ματι,
2444 5315 2538 5367 καὶ
2569 5313 2900 5383 θρεμμάτων
2924 5311 3155 5380 λογικῶν
3190 5312 3288 5365 οὐκ
3315 5310 3683 5381 εὐαρίθμητον
3706 5309 3849 5377 ἀλη-

2263 5406 2371 5469 θῶς
2421 5404 2679 5476 ἀθροίσας
2726 5404 2949 5474 ἀγέλην,
3004 5401 3234 5474 ἐδιώχθη
3275 5403 3428 5474 παρά
3478 5403 3573 5455 τοῦ
3608 5401 3844 5469 κόσμου.

2263 5497 2688 5568 Πεπολεμήκασι
2720 5499 2830 5568 γὰρ
2860 5499 2924 5568 τῇ
2968 5496 3092 5569 δόξῃ
3138 5495 3376 5566 Χριστοῦ
3413 5495 3525 5548 τῶν
3559 5495 3617 5547 ὲν
3649 5494 3849 5561 κόσμῳ

2263 5590 2406 5653 τινὲς
2433 5589 2530 5654 τὰς
2581 5590 2870 5660 ὑπερτάτω
2914 5590 3082 5659 τιμὰς
3120 5589 3414 5659 ἀνειμένοι,
3468 5589 3563 5642 καὶ
3601 5587 3849 5640 δυσκατ-

653 5767 699 5801 ⁷⁸
727 5770 862 5826 Gen-
901 5790 1021 5840 XXV.
1050 5776 1136 5828 93.
1215 5779 1259 5810 "
1289 5780 1493 5836 Jerem.
1541 5801 1630 5850 xu,
1661 5787 1710 5840 7.
1793 5788 1838 5819 ”
1861 5788 2050 5845 Matth.
2082 5804 2264 5854 XXVIII,
2301 5787 2382 5844 lO.
2474 5785 3052 5854 "Judic.v,15;lsa.
3095 5803 3148 5852 x,
3179 5786 3288 5853 22;
3326 5785 3486 5840 Rom.
3513 5800 3588 5849 rx,
3615 5783 3701 5836 27.
