4074 6260
269 353 384 406 ’261

1284 343 1808 404 GLAPIIYRORUM
1849 348 1913 403 IN
1953 347 2253 403 GENESIM
2286 345 2413 400 LIB.
2459 346 2519 401 Υ.

3449 348 3557 406 202

291 471 595 536 αγωνιστον
622 466 718 520 ἐπὶ
753 467 856 533 γῆς
893 464 1181 534 ἐσχηκότες
1218 465 1317 536 τὴν
1350 465 1689 520 δυναστείαν.
1729 464 1878 518 Ἀλλά

1991 463 2116 518 cob.
2154 464 2372 520 Ultimis
2399 479 2530 518 vero
2553 463 2895 533 temporibus
2925 462 3186 518 Dominus
3221 473 3410 519 noster
3461 467 3555 520 .le-

297 558 390 612 καὶ
423 557 624 613 τούτου
655 561 693 626 ἡ
732 557 852 610 θεία
879 555 1220 625 δεδυσὼπηκε
1255 557 1436 626 χάρις.
1465 557 1668 627 Συνέϐη
1699 557 1755 610 δὲ
1788 558 1882 611 καὶ

293 652 325 705 6
356 648 570 719 κόσμος
606 649 688 708 εἰς
711 647 932 717 είρήνην
951 644 1190 717 Χριστῷ,
1230 645 1374 700 καθά
1400 648 1496 700 καὶ
1517 649 1546 700 6
1567 647 1750 700 Λάδαν
1803 646 1882 716 τῷ

311 739 538 794 ’1ακὼ6.
572 739 715 791 Ἀλλ’
764 740 822 790 ὲν
870 738 1112 808 ὑστέροις
1147 741 1361 807 καιροῖς
1415 741 1444 791 6
1489 739 1692 809 Κύριος
1725 739 1881 808 ἡμῶν

316 829 534 897 Ἰησοῦς
576 828 804 899 Χριστὸς
853 829 943 882 καὶ
990 828 1152 882 αὑτὸν
1199 830 1543 884 οἰκειώσεται
1587 830 1680 883 τὸν
1716 829 1881 884 πάλαι

310 917 545 989 διώκτην
587 919 814 989 Ἰσραὴλ,
846 918 1094 989 καθάπερ
1128 921 1320 989 ἀμέλει
1365 922 1461 974 καὶ
1506 923 1534 974 ὁ
1562 920 1761 974 Ἰακὼὸ
1788 921 1882 974 τὸν

329 1009 514 1076 Ἠσαῦ,
546 1009 679 1080 μετά
702 1010 800 1081 τὴν
823 1011 888 1062 έκ
915 1012 1014 1082 τῆς
1034 1013 1263 1084 Χαρρὰν
1301 1014 1557 1066 ἐπάνοδον
1582 1014 1878 1082 ἠσπάζετο.

320 1101 432 1154 ὀτι
461 1102 564 1170 γὰρ
607 1101 1011 1171 είσδεχθήσεται
1060 1103 1198 1172 μετά
1251 1105 1472 1174 καιροὺς
1517 1105 1611 1156 καὶ
1647 1103 1809 1167 αὐτὸς
1854 1105 1884 1157 6

314 1191 518 1262 Ἰσραὴλ
547 1194 627 1255 είς
659 1193 942 1263 ἀγάπησιν
990 1194 1091 1265 τὴν
1117 1194 1209 1247 ἐπὶ
1241 1195 1461 1266 Χριστῷ
1506 1194 1593 1250 διὰ
1621 1195 1878 1262 πίστεως,

306 1282 674 1353 ἑνδοιάσαιμεν
725 1284 793 1338 ἂν
841 1285 1045 1354 ἤκιστά
1090 1302 1155 1353 γε
1205 1288 1315 1349 τοῖς
1363 1287 1462 1356 τῆς
1521 1285 1880 1341 θεοπνεύστου

305 1373 526 1443 Γραφῇ
560 1374 804 1439 εἴκοντες
837 1375 1041 1443 λόγοις.
1078 1377 1221 1448 Ἔφη
1251 1378 1357 1448 γάρ
1395 1395 1496 1431 που
1528 1379 1594 1431 δι’
1617 1379 1736 1442 ἑνὸς
1773 1378 1884 1432 τῶν

303 1465 473 1532 ἁγίων
505 1465 805 1534 προφητῶν
829 1465 858 1518 6
882 1465 991 1520 τῶν
1019 1465 1156 1520 ὅλων
1203 1468 1499 1538 Δεσπότης·
1529 1487 1548 1521 ι
1579 1469 1723 1522 Διότι
1747 1468 1883 1540 ἡμιέ-

304 1577 404 1630 ρας
427 1560 629 1623 πολλὰς
654 1559 967 1614 καθίσονται
992 1562 1043 1615 οἱ
1075 1562 1181 1614 υἱοὶ
1211 1561 1448 1633 Ἰσραὴλ,
1479 1563 1578 1617 οὐκ
1603 1563 1753 1626 ὄντος
1785 1563 1880 1633 βα-

305 1651 526 1715 σιλέως,
557 1651 676 1704 οὐδὲ
704 1651 858 1714 δντος
893 1650 1173 1722 ἄρχοντος,
1199 1653 1299 1707 οὐκ
1330 1651 1495 1723 οὔσης
1519 1652 1726 1717 θυσίας,
1761 1653 1883 1706 οὐδὲ

1983 571 2077 612 sus
2116 555 2371 610 Christus
2396 556 2561 610 etiam
2600 562 2841 610 Veterem
2871 563 3279 625 persecutorem
3301 557 3556 613 Israetent

1982 648 2088 702 sibi
2111 647 2447 710 conciliabit,
2472 646 2934 717 quemadmodum
2960 656 3016 700 et
3038 647 3204 702 Iacob
3234 649 3397 711 Esau,
3433 659 3556 713 post

1984 737 2221 792 reditum
2254 753 2323 791 ex
2343 736 2608 800 Cltarran,
2631 737 2908 791 osculatus
2937 736 3214 802 est,Quod
3235 739 3380 792 enim
3415 754 3554 792 rect-

1983 827 2216 898 piendus
2246 827 2319 882 sit
2351 842 2609 882 successu
2644 826 2904 897 temporis
2923 827 3089 881 etiam
3121 827 3237 897 ipse
3289 828 3451 883 Israel
3486 829 3556 884 ad

1982 919 2330 974 dilectionem
2386 919 2441 972 in
2491 918 2710 974 Christo
2762 934 2860 988 per
2907 919 3088 982 ﬁdem,
3123 935 3285 974 nemo
3337 921 3556 988 quidem

1982 1012 2270 1078 dubitarit,
2321 1027 2487 1066 sacrae
2533 1011 2828 1081 Scriptura:
2879 1011 3211 1064 auscultans.
3269 1011 3359 1065 Ait
3408 1013 3556 1066 enim

1982 1104 2187 1160 alicubi
2254 1103 2637 1157 universorum
2705 1102 2968 1156 Dominus
3028 1118 3124 1171 per
3192 1119 3381 1157 vocem
3447 1120 3556 1158 cu-

1979 1193 2200 1266 jusdam
2248 1193 2582 1263 prophetae:
2641 1212 2658 1244 ι
2712 1192 2850 1258 Quia
2907 1193 3104 1247 diebus
3149 1195 3338 1248 multis
3396 1196 3556 1250 sede-

1983 1288 2125 1341 bunt
2148 1285 2246 1339 ﬁlii
2278 1285 2441 1340 Israel
2465 1302 2574 1341 non
2593 1286 2889 1340 exsistente
2914 1301 3060 1356 rege,
3082 1303 3258 1356 neque
3287 1288 3554 1358 principe,

1989 1377 2145 1449 163
2169 1392 2348 1447 neque
2387 1378 2684 1432 exsistente
2725 1377 3012 1441 sacriﬁcio,
3048 1394 3224 1448 neque
3261 1381 3557 1435 exsistente

1983 1471 2165 1531 altari,
2200 1484 2380 1539 neque
2415 1468 2743 1533 sacerdotio,
2780 1484 2956 1538 neque
2997 1470 3430 1526 manifestatione
3458 1490 3470 1524 :
3501 1480 3560 1527 et

1984 1568 2108 1630 post
2135 1560 2252 1615 haec
2281 1567 2633 1614 revertentur
2667 1559 2765 1613 ﬁlii
2802 1559 2986 1622 Israel,
3020 1567 3076 1614 et
3101 1570 3346 1630 quazrent
3372 1562 3558 1618 Domi-

1983 1667 2115 1706 num
2142 1651 2314 1705 Deum
2353 1665 2534 1714 suum,
2581 1659 2638 1705 et
2669 1648 2840 1704 David
2883 1665 3067 1719 regem
3107 1666 3288 1718 suum,
3332 1663 3389 1708 et
3433 1669 3558 1724 spe-

303 1741 458 1804 δντος
487 1741 891 1810 θυσιαστηρίου,
924 1741 1048 1796 οὔτε
1091 1743 1382 1814 ίερατείας,
1417 1743 1540 1798 οὔτε
1562 1744 1757 1816 δήλων,
1791 1744 1878 1798 καὶ

1983 1742 2182 1797 rabunt
2226 1741 2279 1796 in
2330 1741 2560 1796 Domino
2598 1749 2655 1795 et
2694 1741 2749 1795 in
2791 1741 2954 1796 bonis
2993 1743 3113 1811 ejus
3167 1743 3220 1797 in
3262 1745 3561 1800 novissimo

310 1831 454 1900 μετά
500 1831 672 1885 ταῦτα
701 1807 1116 1903 ἐπιστρέφουσιν
1144 1807 1203 1887 ἧι
1230 1835 1339 1888 υἱοὶ
1368 1807 1730 1907 Ἶσραὴλξκαὶ
1764 1837 1878 1887 ἑπι-

1981 1830 2196 1886 dierum
2219 1829 2286 1885 ⁸⁸.
2319 1849 2337 1883 ι
2403 1830 2703 1903 Colligente
2763 1833 2911 1886 enim
2964 1807 3146 1890 adhuc
3195 1850 3262 1888 ex
3304 1836 3561 1905 gentibus

307 1923 609 1994 ζητήσουσι
633 1923 836 1994 Κύριον
855 1925 946 1978 τὸν
969 1925 1101 1978 Θεὸν
1131 1927 1335 1993 αὐτῶν,
1371 1927 1466 1981 καὶ
1485 1928 1649 1982 Δασιδ
1676 1928 1769 1980 τὸν
1795 1927 1884 1997 βα-

307 2015 462 2068 σιλέα
500 2015 732 2078 ἑαυτῶν,
760 2017 856 2070 καὶ
880 2016 1193 2072 ελπίσονται
1220 2018 1314 2070 ἐπὶ
1334 2017 1414 2089 τῷ
1446 2017 1656 2089 Κυρίῳ,
1670 2020 1763 2071 καὶ
1792 2019 1885 2071 ἐπὶ

301 2108 419 2169 τοῖς
451 2105 682 2173 ἀγαθοῖς
710 2107 878 2160 αὑτοῦ
899 2108 986 2161 ἐπ’
1007 2108 1238 2178 ὲσχάτου
1272 2108 1514 2179 ἡμερῶν.
1551 2127 1570 2160 ι
1596 2108 1883 2178 Συλλέγον-

301 2215 395 2261 τος
435 2198 546 2267 γὰρ
577 2198 661 2251 ἔτι
690 2200 822 2264 τοὺς
850 2199 906 2266 ἐξ
955 2200 1126 2253 ἐθνῶν
1146 2200 1576 2264 πεπιστευκότας
1606 2201 1699 2254 τοῦ
1746 2202 1878 2254 πάν-

299 2307 413 2343 των
476 2290 636 2360 ἡμῶν
676 2292 932 2361 Σωτῆρος
979 2290 1238 2362 Χριστοῦ,
1293 2292 1645 2362 κατηρέμησέ
1697 2309 1815 2354 πως
1853 2295 1882 2345 6

311 2381 550 2452 Ἰσραὴλ,
569 2382 630 2434 οὐ
651 2382 815 2451 νόμον
837 2381 974 2451 ἔχων
1005 2382 1112 2436 τῶν
1131 2383 1423 2454 πρακτέων
1443 2383 1531 2435 τὸν
1551 2383 1878 2454 βρασευτὴν,

297 2474 360 2528 οὐ
384 2472 464 2542 τῷ
494 2471 627 2542 θείῳ
651 2473 1026 2544 θυσιαστηρίῳ
1054 2474 1121 2527 τὰ
1142 2474 1506 2544 νενομισμένα
1533 2474 1879 2546 προσφέρων·

300 2565 610 2636 περιμένων
624 2563 705 2630 δὲ,
725 2563 918 2635 ῶσπερ
946 2568 1009 2618 ἐκ
1032 2565 1128 2635 τῆς
1149 2565 1258 2618 τῶν
1290 2565 1457 2619 έθνῶν
1477 2565 1719 2637 κλήσεως
1748 2567 1881 2618 ὑπο-

302 2658 602 2726 στρέφοντα
629 2656 892 2726 Χριστὸν,
924 2656 1017 2710 ἐπὶ
1057 2656 1118 2710 τὸ
1146 2658 1344 2727 χρῆναι
1379 2656 1562 2712 λοιπὸν
1590 2659 1685 2711 καὶ
1720 2658 1883 2710 αὑτὸν

301 2747 388 2801 διὰ
413 2749 650 2810 πίστεως
692 2747 1109 2814 είσοικίσασθαι,
1132 2749 1227 2802 καὶ
1251 2747 1328 2819 τῷ
1362 2749 1460 2818 τῆς
1495 2749 1714 2820 ἀγάπης
1735 2750 1883 2820 νόμῳ

307 2841 584 2910 ρννονουχὶ
617 2840 712 2892 καὶ
740 2838 1004 2908 συνοῆσαι
1032 2842 1148 2902 τοῖς
1179 2840 1380 2904 ἄλλοις.
1423 2841 1704 2912 Ἐπιτήρει
1749 2842 1879 2910 γὰρ,

309 2930 388 2983 δτι
416 2932 615 3002 χαίρων
648 2931 744 2984 ἐπὶ
773 2932 981 2984 τέκνων
1010 2936 1217 3000 γοναῖς,
1261 2933 1356 2986 καὶ
1386 2933 1607 2997 πολλαῖς
1637 2933 1882 3004 θρεμμά-

314 3037 420 3072 των
449 3023 680 3089 ἀγέλαις,
737 3024 1069 3094 ὑποστρέφει
1123 3024 1221 3094 μὲν
1271 3026 1337 3079 ὲκ
1389 3026 1615 3098 Χαρρὰν
1661 3024 1879 3092 Ἰακὼϐ,

311 3113 584 3184 ἐκδέχεται
625 3116 676 3168 δὲ
702 3117 844 3170 οὕτω
865 3116 1048 3170 λοιπὸν
1080 3119 1173 3171 καὶ
1201 3117 1361 3171 αὑτὸν
1381 3120 1458 3182 είς
1491 3119 1770 3190 ἀγάπησιν
1788 3119 1882 3171 τὸν

319 3206 515 3260 Ἡσαῦ.
576 3209 916 3279 Ἐπιστρέψει
949 3210 1130 3263 τοίνυν
1171 3209 1312 3264 κατὰ
1345 3211 1570 3280 καιροὺς
1613 3211 1750 3281 μετὰ
1779 3211 1879 3281 τὴν

299 3298 413 3351 τῶν
437 3299 603 3352 ἐθνῶν
631 3301 821 3370 κλῆσιν
850 3304 880 3355 6
908 3300 1146 3371 Ἰσραὴλ,
1168 3302 1262 3356 καὶ
1291 3301 1453 3355 αὐτὸν
1473 3301 1528 3354 δὲ
1549 3301 1640 3355 τὸν
1661 3303 1718 3354 ὲν
1742 3302 1878 3372 Χρι-

299 3391 414 3462 an;
445 3391 669 3446 πλοῦτον
695 3393 983 3463 θαυμάσει.
1023 3394 1240 3448 Ἐνεστι
1262 3393 1372 3464 γὰρ
1395 3393 1628 3457 εὐκόλως
1653 3393 1742 3447 διὰ
1770 3393 1878 3446 τῶν

298 3486 591 3557 ίστορικῶς
608 3485 1015 3556 πεπραγμένων
1045 3485 1137 3539 καὶ
1165 3484 1322 3538 τοῦτο
1349 3484 1482 3538 αὐτὸ
1505 3488 1615 3549 τοῖς
1636 3485 1876 3538 ἐθέλουσι

293 3575 611 3646 καταθρείν.
651 3576 996 3630 ’Δπέστειλεν
1025 3576 1222 3629 Ἰακὼϐ
1265 3576 1414 3640 ξένια
1445 3575 1523 3648 τῷ
1563 3575 1733 3631 Ἦσαῦ
1779 3595 1876 3648 με-

293 3668 536 3732 τατιθεὶς
566 3670 646 3732 είς
679 3668 980 3739 ἀγάπησιν,
1023 3668 1118 3721 καὶ
1147 3669 1267 3731 ταῖς
1303 3666 1413 3720 τῶν
1458 3667 1644 3738 δώρων
1672 3667 1876 3737 φιλοτι-

295 3759 473 3828 μίαις.
526 3758 966 3830 Πῳσαπέστειλε
1011 3758 1068 3812 δὲ
1116 3759 1213 3813 καὶ
1255 3758 1520 3826 ἀγγέλους
1566 3760 1878 3832 εἰρηνικοὺς

294 3851 437 3920 πρὸς
462 3849 626 3902 αὐτὸν
659 3849 903 3919 ἐρῶντας
948 3848 1160 3917 λόγους.
1192 3848 1303 3902 Καὶ
1343 3849 1424 3902 ὅτι
1459 3849 1750 3922 παρέσται,
1781 3849 1877 3902 καὶ

291 3942 397 3994 οὐκ
423 3942 502 4004 εἰς
545 3939 766 4012 μακρὰν
797 3938 868 3992 τὰ
905 3941 985 4003 είς
1015 3939 1196 4008 φιλίαν
1227 3939 1408 3994 αὐτῶν
1443 3941 1875 4011 καταστήσοντα,

291 4033 527 4103 ἐναργὲς
554 4031 915 4102 ἀποπεραίνει
945 4031 1086 4085 κατά
1113 4031 1338 4102 καιροὺς
1371 4032 1465 4086 καὶ
1497 4029 1658 4085 τοῦτο
1691 4033 1718 4083 6
1741 4032 1876 4100 Χρι-

291 4125 442 4188 στύς.
476 4125 619 4193 Ἔφη
651 4123 766 4194 γάρ
797 4140 900 4176 που
926 4122 1064 4192 πρὸς
1097 4122 1389 4186 Ἰουδαίους
1417 4121 1506 4175 διά
1527 4121 1711 4191 φωνῆς
1742 4138 1878 4189 προ-

288 4215 490 4283 φήτουο
525 4230 545 4265 ι
574 4213 684 4267 Καὶ
717 4212 849 4276 ἰδοὺ,
903 4211 1015 4279 ἐγὼ
1063 4211 1347 4266 ἀποστελῶ
1397 4211 1524 4280 ὑμῖν
1561 4210 1746 4262 Ἠλίαν
1787 4210 1878 4264 τὸν

286 4304 583 4375 Θεσείτην,
616 4305 746 4375 πρὶν
786 4303 960 4358 ἐλθεῖν
1000 4304 1100 4377 τὴν
1146 4303 1361 4376 ἡμέραν
1402 4302 1612 4376 Κυρίου
1651 4301 1748 4372 τὴν
1783 4319 1879 4374 με-

286 4397 467 4468 γάλην
500 4399 596 4451 καὶ
623 4397 886 4467 ἐπιφανῆ.
917 4398 1012 4460 Ὃς
1038 4397 1481 4466 ἀποκαταστήσει
1515 4393 1741 4467 καρδίαν
1767 4412 1876 4448 πα-

1979 1919 2270 1977 credentes
2308 1923 2555 1976 omnium
2587 1929 2836 1976 nostrum
2869 1922 3150 1978 Salvatore
3181 1923 3422 1990 Christo,
3459 1927 3558 1982 de-

1980 2020 2164 2068 sertus
2201 2019 2288 2067 est
2323 2013 2728 2082 quodammodo
2763 2014 2952 2081 Israel,
2977 2032 3088 2071 non
3120 2017 3294 2087 legem
3327 2017 3554 2085 habens,

1979 2101 2362 2159 faciendorum
2399 2103 2743 2174 magistrum,
2769 2121 2877 2160 non
2916 2106 3102 2162 divino
3131 2108 3285 2162 altari
3316 2125 3436 2179 quae
3477 2111 3558 2166 Ie-

1980 2193 2142 2263 gibus
2179 2194 2386 2248 sancita
2417 2201 2568 2258 sunt,
2608 2193 2876 2260 oll‘erens;
2919 2204 3241 2265 exspectans
3263 2213 3395 2253 vero
3419 2215 3558 2268 quo-

1982 2283 2275 2339 dammodo
2308 2300 2375 2339 ex
2413 2285 2657 2356 gentium
2685 2286 2971 2341 vocatione
3006 2297 3371 2343 revertentem
3399 2288 3560 2344 Chri-

1982 2382 2148 2441 stum,
2190 2385 2248 2430 ttt
2280 2377 2456 2447 ipsum
2487 2378 2649 2432 etiam
2675 2378 2934 2448 deinceps
2965 2395 3064 2449 per
3103 2379 3263 2434 ﬁdem
3308 2381 3558 2437 introdu-

1982 2475 2088 2534 cat,
2117 2476 2172 2522 et
2201 2468 2512 2524 dilectionis
2556 2471 2673 2540 lege
2713 2479 2925 2525 tantum
2956 2488 3066 2526 non
3100 2472 3223 2526 aliis
3249 2484 3554 2530 connectat.
3599 2540 3612 2552 .

1982 2557 2369 2613 Animadverte
2396 2559 2545 2613 enitn
2576 2559 2721 2629 quod
2763 2559 3007 2631 gaudens
3030 2560 3098 2615 de
3127 2560 3364 2616 ﬁliorum
3392 2580 3557 2634 gene-

1983 2651 2228 2716 ratione,
2276 2651 2453 2720 deque
2524 2652 2710 2707 multis
2769 2669 3028 2722 pecorum
3075 2655 3367 2725 gregibus,
3419 2658 3559 2712 redit

1981 2742 2201 2812 quidem
2240 2759 2305 2796 ex
2337 2742 2582 2797 Charran
2616 2743 2808 2807 Jacob,
2853 2746 3060 2814 recepit
3092 2762 3224 2801 vero
3268 2748 3371 2801 hoc
3402 2759 3560 2815 pacto

1981 2833 2240 2904 deinceps
2265 2835 2318 2888 in
2347 2835 2643 2890 amicitiam
2685 2852 2837 2890 suam
2869 2837 3032 2890 Esau.
3063 2837 3427 2892 Convertetur
3457 2840 3560 2893 ita-

1980 2941 2086 2995 que
2125 2926 2454 2982 succedente
2491 2935 2734 2995 tempore
2774 2927 2937 2982 Israel
2971 2937 3089 2996 post
3126 2929 3370 2999 gentium
3401 2945 3559 2984 voca-

1982 3015 2207 3080 tionem,
2250 3015 2503 3084 ipsasque
2543 3015 2596 3068 in
2642 3014 2863 3070 Christo
2911 3017 3132 3071 divitias
3178 3017 3556 3072 admirabitur.

1983 3107 2162 3162 Facile
2196 3107 2346 3160 enim
2385 3105 2554 3160 fuerit
2588 3114 2643 3159 et
2679 3106 2783 3160 hoc
2810 3122 2878 3161 ex
2905 3107 2972 3162 iis
2996 3125 3118 3178 quae
3146 3109 3404 3164 historice
3441 3119 3559 3165 acta

1981 3204 2132 3260 sunt,
2167 3194 2491 3265 intelligere.
2526 3195 2672 3250 Misit
2703 3195 2871 3251 Iacob
2905 3197 2969 3252 ad
3001 3199 3142 3253 Esau
3172 3215 3417 3265 munera,
3445 3201 3557 3270 ipsa

1980 3287 2145 3342 etiam
2189 3301 2479 3340 munerum
2533 3287 2934 3358 magniﬁcentia
2979 3290 3047 3346 ad
3100 3307 3338 3346 amorem
3386 3303 3559 3347 trans-

1980 3378 2180 3434 ferens.
2207 3377 2353 3432 Misit
2373 3378 2538 3433 etiam
2567 3380 2810 3447 nuntios,
2835 3382 2928 3451 qui
2955 3382 3195 3452 paciﬁcis
3221 3384 3402 3438 verbis
3433 3401 3557 3439 eum

1979 3469 2392 3539 compellarent.
2427 3469 2583 3537 Quod
2623 3487 2755 3525 vero
2794 3471 3049 3528 adfutura
3086 3475 3198 3529 sint
3234 3491 3410 3546 neque
3447 3487 3558 3532 tar-

1979 3559 2175 3614 datura
2218 3575 2284 3614 ea
2325 3576 2446 3630 quin
2481 3577 2576 3617 eos
2615 3561 2682 3617 ad
2717 3563 3015 3619 amicitiam
3045 3581 3379 3623 conversura
3409 3579 3558 3633 sunt,

1977 3649 2231 3705 Christus
2286 3650 2402 3721 ipse
2449 3661 2758 3723 opportune
2812 3656 3163 3712 manifestum
3220 3658 3367 3712 facit.
3420 3659 3562 3714 Dicit

1977 3741 2123 3794 enim
2152 3741 2354 3796 alicubi
2375 3742 2441 3796 ad
2466 3743 2681 3800 Iudaeos
2700 3761 2798 3814 per
2816 3762 3005 3802 vocem
3025 3747 3305 3817 prophetae
3333 3767 3344 3800 :
3374 3767 3391 3798 ι
3419 3748 3560 3802 Ecce

1978 3847 2080 3902 ego
2119 3833 2330 3887 mittam
2370 3834 2528 3888 vobis
2564 3835 2736 3888 Eliam
2770 3836 3110 3901 Thesbitcm,
3137 3846 3430 3904 antequam
3463 3852 3559 3891 ve-

1980 3924 2095 3978 niat
2121 3924 2239 3978 dies
2267 3925 2483 3978 Domini
2527 3940 2721 3993 magna
2756 3933 2813 3976 et
2849 3926 3096 3978 illustris.
3135 3925 3239 3989 Qui
3277 3935 3560 3980 convertet

1980 4029 2076 4069 cor
2110 4016 2280 4084 patris
2329 4015 2397 4069 ad
2428 4014 2624 4078 ﬁlium,
2651 4023 2706 4068 et
2740 4030 2834 4069 cor
2860 4015 3099 4068 hominis
3141 4015 3209 4069 ad
3251 4016 3556 4085 proximum

1980 4121 2163 4170 suum,
2205 4119 2275 4158 ne
2327 4103 2470 4158 forte
2511 4102 2747 4158 veniens
2792 4103 3096 4173 percutiam
3153 4114 3352 4160 terram
3409 4108 3560 4175 peni-

1982 4205 2069 4255 tus
2095 4198 2162 4252 ”.
2196 4217 2214 4250 ι
2258 4197 2351 4253 Ille
2393 4212 2517 4252 cum
2559 4197 2794 4262 venerit,
2835 4197 3078 4264 reducet,
3117 4206 3177 4252 ut
3207 4214 3304 4268 par
3326 4208 3428 4264 est,
3470 4201 3556 4256 in-

1980 4289 2318 4353 tractabilem
2349 4287 2627 4352 Israelem,
2661 4296 2717 4342 et
2745 4303 2775 4342 a
2801 4287 2976 4343 veteri
3018 4289 3096 4343 ira
3140 4289 3396 4356 abducet,
3422 4291 3557 4346 ami-

1978 4418 2214 4473 cumque
2263 4402 2456 4457 reddet
2501 4411 2557 4457 et
2600 4403 2884 4470 paciﬁcum
2922 4402 3162 4468 Christo,
3197 4413 3408 4460 tantum
3446 4423 3554 4461 non

283 4491 421 4561 τρῦς
449 4489 585 4559 πρὸς
610 4488 744 4554 υίὸν,
763 4489 859 4542 καὶ
883 4489 1112 4559 καρδίαν
1140 4489 1429 4559 ἀνθρώπου
1459 4487 1596 4558 πρὸς
1624 4487 1716 4540 τὸν
1744 4486 1877 4556 πλη-

1980 4495 2269 4564 praesentia
2295 4493 2590 4548 ostendens
2612 4494 2784 4563 ipsius
2807 4495 3153 4550 liberalitatis
3176 4513 3425 4561 munera,
3451 4498 3555 4552 hoc

284 4583 410 4634 σίον
425 4580 612 4647 αὑτοῦ,
644 4581 720 4653 μὴ
749 4581 920 4636 ὲλθὼν
948 4581 1177 4647 πατάξω
1201 4579 1300 4651 τὴν
1323 4579 1425 4649 γῆν
1452 4579 1640 4649 ἀρδην.
1657 4597 1675 4631 ι
1696 4579 1872 4630 Ἐκεῖ-

287 4690 383 4735 νος
413 4672 583 4726 ἐλθὼν
613 4672 863 4744 ὲντρέψει
898 4689 1003 4743 μου
1026 4670 1243 4726 κατὰτὸ
1271 4671 1416 4734 εἰκὸς
1437 4669 1528 4724 τὸν
1553 4669 1870 4739 δυσάγωγον

286 4765 532 4836 Ἰσραὴλ,
565 4765 867 4835 ἀποστήσει
898 4765 998 4833 τῆς
1025 4763 1257 4835 ἀρχαίας
1285 4763 1474 4833 ὀργῆς,
1513 4762 1666 4832 φίλον
1697 4779 1870 4816 κατα-

285 4857 554 4909 σκευάσει
608 4857 702 4910 καὶ
749 4854 1026 4926 εἰρηνικὸν
1055 4853 1133 4924 τῷ
1169 4853 1409 4924 Χριστῷ,
1440 4855 1723 4924 μονονουχὶ
1775 4855 1871 4906 καὶ

285 4947 533 5018 παρόντα
573 4947 836 5000 δεικνύων
886 4945 986 5014 τῆς
1040 4946 1172 5014 παρ’
1219 4944 1385 4998 αὑτοῦ
1444 4945 1754 5015 φιλοτιμίας
1801 4944 1870 4998 τὰ

285 5039 460 5107 ξένια,
520 5041 788 5105 τουτέστι,
837 5040 936 5110 τὴν
973 5038 1081 5092 τῶν
1137 5038 1500 5092 πιστευόντων
1550 5037 1758 5092 ἐλπίδα.
1798 5039 1870 5090 Οὐ

181 5162 227 5178 -.
285 5132 399 5202 γὰρ
436 5132 514 5194 είς
548 5131 723 5200 μῆκος
767 5130 849 5184 ἔτι
883 5129 1090 5202 καιρῶν
1119 5129 1187 5182 τὰ
1218 5129 1318 5198 τῆς
1361 5129 1695 5196 ἐπαγγελίας
1729 5131 1878 5200 οἷχῆ’

286 5241 441 5277 σεται
458 5226 572 5286 τοῖς
584 5222 839 5292 τηνικάδε
860 5221 1225 5287 πιστεύουσιν,
1245 5221 1378 5274 ἀλλά
1398 5221 1592 5289 γείτων
1617 5224 1648 5290 ή
1676 5222 1874 5292 δωρεὰ,

1978 4595 2084 4650 est,
2109 4585 2450 4640 credentium
2486 4601 2659 4655 spem.
2684 4587 2871 4656 Neque
2894 4587 3040 4641 enim
3073 4588 3127 4642 in
3155 4588 3551 4659 longitudinem

1983 4674 2247 4744 temporis
2285 4675 2670 4746 prorogabitur
2707 4676 3088 4747 promissionis
3117 4677 3326 4734 fructus
3359 4678 3426 4733 iis
3457 4680 3551 4748 qui

1978 4775 2110 4822 tunc
2134 4766 2486 4834 crediderint,
2514 4767 2608 4824 sed
2647 4769 2954 4841 propinqua
2980 4772 3086 4826 erit
3111 4771 3420 4835 retributio,
3457 4771 3553 4824 ob-

1976 4859 2174 4927 viaque
2217 4859 2411 4928 gratia,
2453 4859 2658 4914 abolito
2695 4862 2916 4931 quidem
2957 4863 3139 4917 statim
3175 4862 3288 4914 ﬁlio
3319 4861 3548 4928 peccati,

1979 4949 2346 5006 descendente
2372 4967 2502 5006 vero
2540 4968 2664 5007 cum
2703 4954 2908 5024 angelis
2932 4969 3000 5008 ex
3023 4953 3161 5007 ccelo
3185 4953 3426 5005 omnium
3454 4956 3557 5005 no-

1981 5052 2154 5097 strum
2174 5042 2450 5096 Salvatore
2473 5043 2714 5108 Christo,
2735 5061 2834 5113 per
2857 5059 3020 5112 quem
3060 5051 3116 5096 et
3142 5058 3264 5096 cum
3292 5058 3401 5111 quo
3438 5043 3550 5111 glo-

1977 5133 2058 5188 ria
2082 5134 2230 5188 Patri
2260 5150 2383 5188 cum
2413 5145 2602 5190 sancto
2645 5135 2852 5205 Spiritu
2888 5135 2944 5188 in
2976 5134 3170 5188 saecula
3203 5134 3546 5188 saeculorum.

1979 5225 2172 5279 Amen.
3444 5246 3447 5247 ν

286 5317 384 5371 καὶ.
415 5317 554 5369 κατὰ
596 5317 762 5379 πόδας
785 5318 820 5384 ἡ
854 5317 1031 5386 χάρις.
1073 5313 1536 5384 Καταργουμένου
1574 5313 1671 5382 μὲν
1706 5315 1866 5377 εὐθὺς
1902 5316 1996 5370 τοῦ
2064 5319 2161 5387 τῆς
2194 5316 2468 5385 ἁμαρτίας
2517 5316 2653 5378 υἱοῦ,
2722 5316 3152 5382 καταφοιτῶντος
3183 5313 3239 5365 δὲ
3271 5311 3402 5380 μετά
3441 5315 3552 5366 τῶν

284 5410 458 5477 ἁίίων
485 5410 738 5478 ἀγγέλων
768 5408 829 5472 ἐξ
856 5397 1086 5475 ούρανοῦ
1126 5405 1220 5457 τοῦ
1253 5405 1467 5458 πάντων
1524 5404 1682 5474 ἡμῶν
1716 5407 1969 5477 Σωτῆρος
2031 5407 2288 5478 Χριστοῦ,
2338 5407 2404 5460 δι’
2445 5403 2505 5461 οὗ
2556 5406 2651 5458 καὶ
2717 5406 2834 5474 μεθ’
2877 5397 2938 5458 οὗ
2978 5404 3055 5474 τῷ
3094 5403 3270 5475 Πατρὶ
3325 5404 3358 5472 ἡ
3419 5402 3551 5468 δόξα

285 5508 386 5560 σὺν
420 5507 561 5576 ἁγίῳ
605 5503 888 5572 [Ινεύματι
932 5503 1011 5564 είς
1053 5503 1179 5563 τοὺς
1224 5498 1423 5561 αἰῶνας
1474 5498 1579 5552 τῶν
1630 5501 1864 5554 αἰώνων.
1905 5503 2103 5572 Ἀμήν.

392 5756 436 5786 ⁸³
468 5756 508 5808 ll
539 5755 702 5812 Para.
739 5770 830 5819 xv,
864 5750 956 5814 ’55;
985 5751 1123 5804 Osee
1153 5766 1226 5813 ιιι,
1270 5750 1318 5815 Α,

1477 5749 1519 5778 ⁵⁸³
1552 5749 1780 5802 )Ialnclt.
1812 5765 1878 5810 tv,
1933 5749 1984 5806 5,
2031 5749 2082 5801 6.
