4074 6260
519 327 632 386 267)

966 425 1128 500 lsi.
1163 425 1344 480 Adhuc
1379 422 1444 476 de
1478 420 1661 476 Iacob.

1554 310 1612 365 S.
1647 303 1927 364 CYRILLI
1965 294 2436 358 ALEXANDRINI
2465 290 2759 348 ARCHIEP

3680 278 3786 336 τοι

2639 401 2771 453 Ἔτι
2807 393 2940 464 περὶ
2977 391 3083 447 τοῦ
3135 386 3363 446 Ἰακὼϐ.

597 547 651 600 1,
691 543 866 612 Lapsa
893 495 1118 610 quhleni
1149 545 1234 591 est
1267 535 1506 590 humana
1539 541 1736 585 natura
1770 541 1870 596 per
1909 536 2105 594 pecca-

2284 524 2351 572 α’.
2426 511 2726 582 Κατῲχετο
2782 509 2882 580 μὲν
2921 507 2955 576 ὴ
2999 502 3288 574 ἀνθρώπου
3332 498 3492 569 φύσις
3550 495 3639 550 διὰ
3691 495 3793 565 τῆς

527 648 644 693 ιιιηι
684 636 741 690 in
773 639 1028 686 mortem.
1060 629 1200 684 Cum
1223 643 1354 682 vero
1381 626 1435 680 in
1470 624 1790 679 universum
1826 619 1895 673 ab
1919 631 1987 672 eo
2010 614 2106 685 qui

527 730 737 784 salvare
759 724 932 788 novit,
950 722 1225 777 alienatus
1242 725 1407 781 esset,
1425 714 1758 784 mancipium
1776 719 1990 765 tantum
2003 721 2113 761 non

525 831 612 875 est
650 817 900 878 effectus,
926 814 1022 883 qui
1065 812 1132 866 ad
1173 810 1416 864 divinam
1457 804 1748 875 imaginem
1773 800 1946 856 factus
1971 804 2109 862 erat,

527 909 960 981 gravissimoque
1004 903 1289 958 servitutis
1321 898 1564 971 pondere
1607 907 1923 965 oppressus.
1967 890 2111 944 Sub-

529 1001 668 1056 didit
702 1000 848 1054 enim
877 996 1151 1052 cervicem
1177 992 1395 1047 etiamsi
1426 1004 1535 1043 non
1557 988 1735 1042 libens
1759 995 1990 1055 tyranno
2013 981 2112 1036 Sa-

529 1098 692 1153 tanae,
717 1088 811 1159 qui
859 1102 970 1157 prae
1017 1083 1226 1154 ingenti
1253 1079 1513 1151 superbia
1540 1077 1822 1149 (arrogans
1849 1073 1999 1128 enim
2025 1086 2118 1126 su-

529 1197 628 1253 pra
663 1179 886 1234 modum
917 1183 1002 1233 est
1029 1174 1258 1245 spiritus
1289 1168 1484 1240 malus)
1525 1169 1786 1222 adversus
1818 1179 2030 1228 omnes,
2055 1170 2118 1217 ut

531 1273 775 1329 breviter
806 1271 1004 1333 dicam,
1051 1265 1309 1322 mortales
1349 1262 1636 1318 libidinem
1676 1273 1833 1315 suam
1871 1253 2119 1312 exercuit

533 1363 764 1419 dicens:
798 1380 816 1412 ι
848 1355 1272 1429 Apprehendam
1309 1354 1503 1408 orbem
1540 1358 1813 1406 terrarum
1852 1361 2020 1402 manu
2056 1352 2121 1399 ut

534 1452 729 1507 nidum
773 1449 1074 1519 pullorum,
1099 1454 1156 1500 et
1185 1454 1446 1514 tanquam
1479 1456 1582 1498 ova
1615 1439 1878 1494 derelicta
1909 1436 2116 1500 tollam,

534 1554 591 1600 et
611 1559 722 1598 non
745 1550 830 1598 est
853 1541 947 1611 qui
971 1539 1198 1610 effugiat
1227 1552 1336 1603 me,
1361 1544 1456 1590 aut
1473 1532 1815 1589 contradicat
1837 1529 1973 1584 mihi
1997 1528 2067 1580 ”.
2095 1545 2114 1579 ι

537 1636 806 1707 Regnavit
832 1634 980 1688 enim
1005 1647 1106 1703 pro
1139 1645 1238 1684 sua
1263 1628 1514 1691 libidine,
1541 1631 1603 1679 ut
1625 1623 1760 1688 dixi,
1785 1628 2124 1691 vocatusque

537 1738 623 1784 est
646 1729 790 1782 Deus
826 1726 990 1796 hujus
1023 1721 1229 1778 saeculi.
1265 1717 1529 1774 Adoravit
1561 1715 1708 1771 enim
1745 1714 1926 1785 ipsum
1965 1726 2125 1766 mun-

539 1821 664 1885 dus,
709 1817 991 1887 coluitque
1017 1822 1324 1870 creaturam
1365 1808 1538 1880 magis
1577 1822 1742 1878 quam
1782 1805 2120 1861 Creatorem.

540 1913 837 1981 Postquam
862 1922 996 1962 vero
1028 1907 1084 1960 in
1108 1912 1316 1959 tantam
1347 1899 1626 1956 miseriam
1667 1893 1934 1952 adductos
1971 1909 2125 1950 com—

540 2005 832 2059 miseratus
862 2008 946 2056 est
967 2000 1133 2063 Deus,
1163 1997 1463 2052 missurum
1498 2007 1557 2048 se
1581 1991 1744 2048 nobis
1772 2004 1840 2045 ex
1870 1989 2010 2044 coelo
2039 1987 2128 2042 Fi-

542 2095 678 2149 lium
709 2108 868 2149 suum
893 2089 1166 2164 promisit,
1208 2087 1303 2158 qui
1335 2084 1578 2141 hominis
1613 2093 1865 2138 naturam
1890 2079 2128 2150 pristino

543 2184 708 2241 statui
748 2183 1086 2238 restitueret.
1132 2199 1151 2230 ι
1180 2180 1331 2235 Nova
1374 2177 1648 2248 siquidem
1689 2179 1943 2229 creatura
1985 2171 2129 2225 facta

541 2283 628 2330 est
658 2274 712 2328 in
736 2272 977 2338 Christo,
1005 2292 1022 2323 ι
1056 2273 1210 2344 juxta
1247 2269 1562 2338 Scripturas
1591 2264 1662 2317 ⁸⁸.
1703 2262 2131 2318 Transvectores

543 2373 729 2420 autem
771 2365 1049 2419 bonorum
1100 2361 1169 2416 ad
1212 2375 1314 2414 nos
1357 2371 1674 2413 sermonum
1718 2354 1946 2409 fuerunt
1984 2349 2131 2406 beati

545 2456 845 2527 prophetat,
904 2471 922 2505 ι
960 2452 1065 2519 Qui
1100 2451 1169 2506 de
1210 2450 1394 2505 futura
1425 2449 1480 2504 in
1502 2448 1664 2503 nobis
1692 2446 1864 2517 gratia
1894 2444 2135 2515 prophe-

547 2556 824 2613 taverunt,
861 2553 1172 2602 scrutantes
1195 2544 1252 2598 in
1279 2542 1426 2613 quod
1455 2550 1551 2597 aut
1583 2541 1743 2611 quale
1769 2547 1988 2608 tempus
2012 2552 2131 2591 ma-

548 2641 840 2696 nifestatus
871 2639 944 2695 sit
979 2639 1036 2692 in
1068 2637 1202 2708 ipsis
1226 2636 1455 2706 spiritus
1493 2633 1721 2699 Christi,
1758 2629 2134 2702 praenuntiam

545 2749 642 2790 eas
672 2749 795 2803 qua:
836 2732 893 2786 in
933 2731 1155 2787 Christo
1199 2737 1327 2785 sunt
1366 2727 1650 2799 passiones
1697 2733 1753 2780 et
1796 2723 2135 2795 posteriores

547 2823 748 2896 glorias
776 2842 788 2876 :
821 2823 1023 2893 quibus
1055 2821 1353 2877 revelatum
1386 2828 1471 2875 est
1502 2819 1649 2889 quod
1687 2834 1796 2873 non
1843 2817 1947 2873 sibi
1976 2818 2132 2888 ipsis,

548 2916 646 2970 sed
685 2916 844 2989 nobis
886 2930 949 2970 ea
990 2913 1452 2969 administrabant
1477 2911 1543 2965 ⁸⁸.
1580 2930 1598 2962 ι
1643 2911 1724 2965 Ita
1763 2910 1909 2966 enim
1942 2909 2138 2965 scribit

549 3008 848 3063 Salvatoris
894 3005 1220 3076 discipulus.
1269 3002 1435 3074 Atqui
1483 3003 1692 3057 multus
1737 3001 1962 3073 quidem
2003 3000 2138 3071 ipsis

2213 609 2486 682 ἁμαρτίας
2529 608 2609 668 είς
2641 603 2892 657 θάνατον.
2941 596 3159 666 Ἐπειδὴ
3186 595 3244 646 δὲ
3276 595 3356 656 εἰς
3376 592 3528 646 ἅπαν
3563 589 3659 644 τοῦ
3685 590 3794 642 σώ-

2212 680 2552 768 ζεινείδὸτος
2578 691 2996 761 ἀπενοσφίζετο,
3031 685 3316 759 μονονουχὶ
3346 684 3441 737 καὶ
3462 680 3800 754 δορύληπτος

2208 790 2279 865 ἦν
2310 794 2338 846 ὁ
2366 791 2486 844 κατ’
2536 786 2722 840 εἰκόνα
2761 784 2862 854 τὴν
2895 781 3047 835 Θείαν
3085 773 3654 847 τετεχνουργημένος,
3703 773 3802 825 καὶ

2211 861 2291 954 τῷ
2315 883 2413 953 τῆς
2439 878 2683 939 δουλείας
2709 872 2864 944 ἄχθει
2893 865 3337 938 κατεφορτίζετο.
3380 862 3656 916 Ὑπετίθει
3685 861 3797 930 γὰρ

2215 977 2281 1047 δὴ
2317 973 2412 1028 καὶ
2440 972 2540 1042 οὐχ
2573 968 2713 1022 ἑκὼν
2744 967 2844 1036 τὴν
2866 962 3070 1034 αὐχένα
3101 958 3178 1028 τῷ
3205 957 3664 1026 πλεονεκτήσαντι
3692 955 3804 1007 Σαο

2217 1046 2374 1138 τανᾷ,
2403 1065 2461 1128 ὃς
2493 1063 2589 1116 καὶ
2618 1063 2683 1114 ὲκ
2715 1055 2918 1125 πολλῆς
2950 1054 3070 1106 λίαν
3099 1052 3200 1121 τῆς
3230 1048 3546 1121 ἀγερωχίας
3591 1046 3804 1118 (ὑπέρ-

2218 1174 2358 1229 οφρυ
2389 1154 2496 1226 γὰρ
2523 1153 2584 1206 τὺ
2615 1148 2831 1220 πνεῦμα
2855 1148 2916 1199 τὸ
2947 1144 3227 1215 πονηρὸν),
3260 1142 3538 1205 ἁπάντων,
3575 1139 3651 1204 ὡς
3675 1138 3805 1201 ἔπος

2221 1251 2415 1314 εἰπεῖν,
2437 1247 2546 1300 τῶν
2576 1244 2669 1296 ἐπὶ
2695 1243 2790 1312 τῆς
2824 1239 2928 1308 γῆς
2954 1234 3409 1307 κατεθρασύνετο,
3434 1232 3630 1300 λέγων·
3661 1229 3806 1301 ιΤὴν

2219 1338 2544 1410 οἰκουμένην
2577 1336 2706 1405 ὅλην
2733 1330 3118 1401 καταλήψομαι
3149 1329 3216 1398 τῇ
3247 1326 3394 1398 χειρὶ
3428 1325 3522 1387 ’ὼς
3561 1321 3806 1387 νοσσιὰν,

2217 1432 2314 1486 καὶ
2347 1409 2425 1494 ῶς
2467 1409 2952 1494 καταλελειμμένα
2993 1418 3077 1472 ὠά
3117 1414 3256 1487 ἀρῶ,
3291 1414 3387 1468 καὶ
3423 1413 3526 1466 οὐκ
3572 1411 3722 1464 ἔστιν
3749 1409 3810 1473 ὃς

2218 1520 2567 1592 διαφεύξεται
2611 1535 2699 1590 με,
2749 1515 2783 1588 ἢ
2816 1513 3062 1569 ἀντείπει
3111 1526 3222 1582 μοι.
3257 1527 3276 1561 ι
3309 1505 3676 1560 Βεὸασίλευκε
3699 1503 3810 1574 γὰρ

2221 1616 2286 1669 ἐκ
2315 1611 2633 1677 πλεονεξίας
2654 1648 2670 1674 ,
2702 1608 2778 1672 ὡς
2819 1606 2977 1676 ἔφην,
3033 1603 3130 1657 καὶ
3187 1599 3504 1670 ὠνόμασται
3553 1597 3686 1659 Θεὸς
3714 1595 3812 1648 τοῦ

2225 1705 2420 1767 αἰῶνος
2462 1701 2677 1756 τούτου.
2727 1693 3152 1769 Προσκεκύνηκε
3186 1690 3296 1762 γὰρ
3326 1691 3354 1743 ὁ
3392 1688 3594 1758 ιιόσμος
3639 1682 3812 1751 αὐτῷ,

2225 1799 2322 1852 καὶ
2347 1795 2676 1865 λελάτρευκε
2703 1793 2770 1862 τῇ
2799 1787 2976 1844 κτίσει
3010 1785 3161 1856 παρά
3185 1783 3277 1836 τὸν
3305 1779 3590 1846 κτίσαντα,
3630 1779 3817 1831 Ἐπει-

2211 1888 2289 1960 δὴ
2315 1888 2374 1942 δὲ
2399 1888 2494 1942 καὶ
2513 1887 2594 1949 είς
2619 1883 2779 1938 τοῦτο
2818 1876 3217 1950 ὲνηνεγμένους
3263 1868 3644 1940 ταλαιπωρίας
3685 1883 3820 1920 κατ-

2226 1957 2376 2054 ηλέει
2410 1963 2571 2044 Θεὸς,
2613 1973 2968 2030 ἀποστέλλειν
3020 1970 3152 2041 ήμῖν
3177 1966 3267 2020 τὸν
3318 1963 3448 2018 Υίὺν
3486 1962 3546 2028 ἐξ
3583 1957 3819 2031 οὐρανοῦ

2227 2051 2618 2145 ἐπηγγέλλετο,
2639 2067 2738 2140 τὴν
2764 2063 3055 2137 ἀνθρώπου
3083 2059 3244 2130 φύσιν
3273 2054 3685 2125 ἀνακομίσαντα
3711 2051 3823 2105 πά-

2228 2166 2314 2220 λιν
2360 2167 2441 2228 είς
2486 2164 2624 2232 ὅπερ
2666 2156 2736 2230 ἦν
2786 2160 2844 2213 έν
2891 2157 3110 2227 ἀρχαῖς.
3161 2171 3180 2205 ι
3233 2147 3412 2220 Καινὴ
3454 2147 3631 2208 κτίσις
3663 2144 3734 2198 τὰ
3760 2145 3823 2195 έν

2230 2256 2472 2330 Χριστῷ,
2514 2274 2533 2308 ι
2569 2253 2714 2310 κατά
2765 2251 2864 2316 τὰς
2922 2246 3171 2321 Γραφάς.
3220 2240 3583 2312 Διακομισταὶ
3611 2238 3670 2290 δὲ
3704 2236 3823 2291 τῶν

2232 2355 2312 2416 εἰς
2353 2352 2502 2423 ἡμᾶς
2541 2346 2763 2416 ἀγαθῶν
2787 2344 2962 2414 λόγων
2987 2339 3278 2411 γεγόνασιν
3307 2337 3357 2390 οἱ
3389 2333 3652 2406 μακάριοι
3678 2346 3822 2401 προ-

2234 2445 2423 2516 φῆται,
2456 2461 2475 2494 ι
2515 2440 2690 2510 Ὑπὲρ
2714 2438 2813 2508 τῆς
2847 2437 2925 2499 είς
2970 2434 3117 2506 ἡμᾶς
3146 2431 3367 2504 χάριτος
3399 2423 3824 2516 προφητεύσαν-

2232 2512 2348 2604 τες,
2381 2533 2710 2608 ἐρευνῶντες
2737 2533 2816 2593 είς
2852 2529 2979 2582 τίνα
3009 2526 3105 2578 καὶ
3137 2525 3288 2576 ποῖον
3317 2517 3510 2588 καιρὸν
3539 2515 3731 2588 ἐδήλου
3759 2512 3827 2565 τὺ

2235 2633 2294 2684 ὲν
2318 2606 2501 2690 αὐτοῖς
2525 2623 2744 2696 πνεῦμα
2772 2618 3030 2692 Χριστοῦ,
3063 2609 3621 2687 προμαρτυρούμενον
3649 2606 3718 2660 τὰ
3742 2607 3827 2696 ei;
3887 2668 3893 2673 _

2235 2721 2469 2793 Χριστὸν
2508 2692 2831 2787 παθήματα,
2871 2708 3091 2772 καὶτὰς
3133 2705 3269 2778 μετά
3308 2703 3481 2757 ταῦτα
3509 2700 3689 2767 δόξας,
3740 2692 3830 2760 οἷς

2237 2789 2619 2880 ἀπεκαλύφθη,
2647 2809 2728 2862 ὅτι
2755 2805 2854 2876 οὐχ
2881 2802 3117 2864 ἑαυτοῖς,
3161 2800 3291 2870 ἡμῖν
3324 2796 3381 2850 δὲ
3405 2794 3688 2864 διηκόνουν
3723 2789 3834 2842 αύ-

2237 2907 2324 2961 τά.
2388 2925 2408 2958 ι
2460 2902 2666 2974 Γράφει
2697 2898 2808 2969 γὰρ
2845 2895 3019 2957 οὕτως
3067 2891 3165 2945 τοῦ
3201 2888 3454 2959 Σωτῆρος
3491 2886 3520 2938 ὁ
3552 2882 3834 2974 μαθητής.

2238 2997 2350 3053 Καὶ
2388 2973 2556 3058 πολύς
2605 2992 2703 3064 μὲν
2737 2992 2766 3044 ὁ
2803 2985 2933 3058 παρ’
2968 2986 3152 3046 αὐτοῖς
3193 2980 3322 3054 περὶ
3364 2979 3464 3049 τῆς
3503 2973 3600 3031 τοῦ
3643 2973 3840 3042 Σωτῆ-

549 3100 619 3154 de
658 3099 958 3154 Salvatoris
997 3097 1173 3153 nostri
1222 3094 1604 3151 incarnatione
1646 3109 1826 3149 sermo
1862 3101 1948 3148 est
1977 3092 2134 3147 habi-

2245 3107 2337 3164 ρος
2368 3087 2525 3159 ἡμῶν
2562 3081 3031 3154 ένανθρωπήσεως
3064 3075 3244 3143 λόγος,
3277 3070 3374 3126 καὶ
3408 3071 3490 3123 δτι
3530 3065 3674 3120 κατὰ
3702 3081 3841 3117 και-

554 3201 662 3256 tus,
703 3190 957 3259 quodque
988 3204 1250 3244 successu
1289 3186 1553 3256 temporis
1590 3183 1908 3256 redemptor
1937 3192 2137 3238 ventu-

553 3297 648 3336 rus
681 3291 844 3335 esset.
877 3280 1025 3334 Nihil
1058 3294 1190 3334 vero
1231 3278 1475 3333 obfuerit
1505 3277 1769 3332 nonnulla
1805 3276 1861 3330 in
1895 3274 2139 3329 medium

554 3372 755 3427 aﬂ‘erre
805 3371 873 3425 ad
925 3370 1210 3425 meliorem
1271 3369 1647 3424 studiosorum
1692 3367 2136 3423 instructionem.

553 3461 859 3517 Conveniat
883 3475 1016 3514 vero
1045 3476 1163 3515 rem
1196 3459 1339 3514 hanc
1375 3460 1432 3514 in
1471 3459 1802 3514 calumniam
1825 3457 2139 3513 Iudaeorum

557 3552 777 3622 populis
800 3557 1059 3615 statuere,
1086 3559 1148 3604 ut
1175 3565 1242 3604 ex
1269 3550 1402 3619 ipsis
1431 3549 1598 3604 rebus
1619 3549 1808 3604 videre
1828 3548 1975 3602 licet.
2001 3545 2138 3602 Cum

556 3638 705 3691 enim
744 3653 812 3692 ex
850 3636 1186 3706 propheticis
1228 3636 1579 3692 sermonibus
1623 3637 1879 3708 colligere
1919 3644 2142 3706 possent

559 3725 858 3782 Salvatoris
886 3726 1200 3793 adventum,
1235 3743 1298 3782 ac
1322 3727 1506 3798 potius
1539 3743 1606 3782 ex
1643 3728 1759 3799 ipsa
1789 3728 1923 3798 legis
1946 3727 2141 3781 umbra

559 3818 614 3873 id
643 3819 1032 3888 intelligentes,
1058 3818 1246 3873 miseri
1267 3818 1628 3888 pertinaciter
1657 3827 2032 3888 repugnarunt
2054 3817 2142 3873 di-

558 3912 702 3967 vinis
718 3911 973 3976 oraculis,
1006 3921 1169 3983 atque
1192 3913 1331 3968 adeo
1356 3912 1458 3982 ipsi
1478 3911 1716 3976 Christo,
1735 3910 1972 3977 tametsi,
1995 3909 2141 3981 quod

559 4005 778 4074 sapiens
803 4004 1008 4059 Paulus
1045 4005 1207 4060 nobis
1247 4005 1343 4070 ait,
1383 4024 1401 4056 (
1431 4004 1660 4060 Οωοίιτιε
1681 4019 1747 4058 ex
1771 4012 1925 4074 parte
1953 4003 2143 4058 lsraeli

561 4097 762 4151 accidit
777 4097 843 4128 ⁸⁸·
860 4137 875 4160 ,
911 4105 974 4150 ιιι
992 4096 1243 4151 videntes
1258 4112 1369 4151 non
1391 4096 1634 4160 videant,
1652 4103 1707 4151 et
1723 4096 2012 4150 audientes
2033 4111 2143 4149 non

562 4187 806 4249 audiant,
822 4202 1002 4255 neque
1022 4187 1332 4257 intelligant
1345 4187 1424 4252 '7;
1446 4205 1464 4237 ι
1498 4187 1960 4256 quemadmodum
1979 4187 2143 4242 etiam

564 4277 682 4346 ipse
706 4276 954 4331 Salvator
976 4276 1070 4329 ait.
1091 4277 1181 4330 Ait
1196 4291 1348 4346 ergo,
1373 4283 1428 4329 at
1445 4277 1628 4345 potius
1646 4275 1801 4345 165
1817 4277 2148 4331 Emmanue-

2245 3156 2372 3253 ρους
2391 3156 2650 3248 ἀφίξεται
2672 3171 2984 3242 λυτρωτής.
3014 3167 3158 3239 Πρὸς
3189 3161 3488 3235 εὐμάθειαν
3513 3159 3570 3212 δὲ
3601 3157 3712 3210 τῶν
3741 3156 3842 3209 ἰν-

2239 3248 2580 3340 τευξομένων
2643 3265 2802 3334 ὀλίγα
2835 3279 2942 3332 περ
2983 3259 3227 3327 ἐνεγκεῖν
3276 3255 3338 3308 τὸ
3389 3249 3594 3306 λυποῦν
3649 3248 3838 3303 οὐδέν.

2253 3362 2566 3432 Ἐπίκλημα
2591 3359 2648 3412 δὲ
2682 3359 2796 3419 τοῖς
2829 3351 3096 3408 Ἰουδαίων
3119 3350 3312 3422 δήμοις
3339 3344 3400 3399 τὸ
3433 3344 3624 3416 χρῆμα
3655 3343 3841 3395 ποιεῖ-

2245 3454 2370 3508 σθαι
2404 3452 2604 3524 πρέποι
2631 3449 2717 3507 ἂν,
2746 3449 2823 3510 ὡς
2854 3444 2914 3510 ἐξ
2932 3443 3111 3498 αὐτῶν
3139 3441 3314 3496 ένεστι
3345 3437 3454 3490 τῶν
3485 3433 3842 3506 πραγμάτων

2247 3546 2391 3599 ίδεῖν.
2445 3540 2637 3596 Χαίτοι
2666 3539 2776 3609 γὰρ
2806 3537 2924 3590 ὲνδν
2954 3537 3018 3588 ἐκ
3055 3530 3410 3606 προφητικῶν
3446 3527 3541 3582 τοῦ
3577 3526 3844 3598 Σωτῆρος

2246 3633 2588 3704 καταθρῆσαι
2624 3629 2800 3696 λόγων
2849 3627 2950 3698 τὴν
2989 3625 3193 3694 ἄφιξιν,
3234 3621 3433 3694 μᾶλλον
3460 3620 3517 3673 δὲ
3547 3618 3691 3689 τάχα
3730 3636 3847 3672 που

2248 3727 2342 3780 καὶ
2366 3724 2637 3786 συνιέντες
2674 3723 2723 3774 οἱ
2756 3720 2986 3782 τάλανες
3023 3718 3120 3770 καὶ
3144 3715 3204 3781 ἐξ
3239 3715 3409 3784 αὐτῆς
3441 3711 3544 3782 τῆς
3577 3713 3636 3765 ὲν
3682 3710 3848 3781 νόμῳ

2247 3820 2427 3882 σκιᾶς,
2477 3814 2833 3884 ἀντεφέροντο
2883 3808 3203 3878 δυστρόπως
3251 3807 3366 3868 τοῖς
3412 3802 3598 3857 θεόθεν
3627 3813 3850 3873 κεχρη-

2245 3905 2666 3979 σμῳδημένοις,
2712 3903 2808 3956 καὶ
2873 3899 3025 3971 αὐτῷ
3076 3897 3157 3969 τῷ
3208 3893 3453 3968 Χριστῷ,
3492 3894 3526 3964 ἢ
3566 3895 3664 3948 καὶ
3695 3895 3850 3964 ὅπερ

2254 4003 2357 4071 ἔφη
2393 3997 2606 4062 Παῦλος
2634 3997 2769 4066 ἡμῖν
2813 3995 2844 4048 ὁ
2888 3992 3084 4063 σοφός’
3126 4009 3146 4044 ι
3188 3988 3458 4061 Πώρωσις
3497 3985 3605 4040 ἀπὸ
3637 3985 3850 4056 μέρους

2246 4093 2440 4163 γέγονε
2473 4089 2552 4160 τῷ
2596 4085 2836 4158 Ἰσραὴλ,
2872 4085 2962 4138 ἵνα
2992 4081 3285 4154 βλέποντες
3315 4079 3390 4150 μὴ
3425 4076 3700 4148 βλέπωσι,
3745 4078 3851 4130 καὶ

2248 4167 2537 4245 ἀκούοντες
2587 4179 2662 4252 μὴ
2711 4176 3005 4241 ἀκούσωσι,
3047 4173 3180 4245 μηδὲ
3216 4171 3456 4226 συνιῶσι.
3497 4187 3518 4222 ι
3553 4167 3716 4222 Καθά
3749 4169 3853 4223 καὶ

2250 4276 2413 4338 αὐτὸς
2450 4275 2673 4348 εἴρηκεν
2701 4274 2729 4326 ὁ
2766 4270 2979 4341 Σωτήρ.
3019 4269 3165 4337 Ἔφη
3191 4265 3395 4329 τοίνυν,
3434 4262 3634 4333 μᾶλλον
3662 4261 3723 4314 δὲ
3749 4264 3853 4315 καὶ

563 4369 672 4422 lem
694 4367 872 4439 ipsum
889 4367 1056 4422 Isaias
1083 4367 1135 4420 in
1155 4366 1378 4436 scriptis
1394 4366 1506 4422 suis
1520 4375 1706 4437 aperte
1725 4367 2040 4436 loquentem
2057 4366 2134 4421 in-

2250 4365 2414 4420 αὐτδν
2460 4366 2592 4434 ἡμῖν
2639 4361 2995 4430 είσκεκόμικε
3032 4359 3124 4412 τὸν
3187 4353 3534 4427 Ἐμμανουὴλ
3575 4354 3634 4405 έν
3681 4350 3852 4416 ἰδίαις

561 4459 720 4514 ducit
747 4474 761 4513 :
795 4456 1061 4528 «Spiritus
1078 4424 1293 4513 Domini
1316 4472 1484 4528 super
1511 4424 1620 4524 me,
1641 4424 1980 4530 cujuscausa
1993 4459 2134 4513 unxil

2261 4424 2606 4528 συγγραέῥαῖς
2647 4455 2678 4506 ὁ
2728 4424 3016 4516 θεσπέσιος
3057 4424 3561 4516 Ἡσαΐαςήλέγοντα
3615 4444 3850 4513 σαφῶς·

565 4567 674 4616 me,
693 4549 1073 4620 evangelizare
1105 4550 1445 4620 pauperibus
1474 4551 1626 4606 misit
1656 4566 1767 4616 me,
1802 4564 1996 4606 sanare
2017 4567 2153 4607 con-

568 4643 731 4698 tritos
763 4640 953 4704 corde,
979 4642 1278 4710 praedicare
1298 4642 1532 4712 captivis
1549 4643 1953 4710 remissionem,
1973 4653 2029 4701 et
2047 4660 2150 4701 cae-

564 4735 645 4790 cis
669 4735 850 4790 visum
888 4750 904 4788 :
944 4747 1140 4788 vocare
1160 4749 1367 4788 annum
1393 4735 1611 4791 Domini
1635 4738 2058 4807 aeceptabilem,
2094 4748 2152 4792 et

565 4825 710 4882 diem
753 4825 1142 4887 retributionis
1165 4822 1234 4884 νδ.
1273 4849 1292 4881 ι
1323 4830 1450 4884 Haec
1474 4829 1620 4884 enim
1650 4828 1878 4884 fuerunt
1912 4830 2148 4886 illustria

565 4919 828 4978 adventus
868 4919 1016 4981 illius
1043 4937 1232 4994 opera.
1260 4920 1430 4976 Oseas
1452 4935 1583 4974 vero
1609 4935 1827 4975 rursum
1851 4919 2051 4976 alicubi
2079 4921 2148 4977 de

573 5021 689 5090 ipso
714 5021 947 5088 loquens
977 5036 989 5070 :
1024 5037 1042 5069 ‹
1081 5017 1149 5071 Et
1177 5012 1658 5085 congregabuntur
1681 5011 1780 5066 ﬁlii
1802 5011 1943 5068 Juda
1969 5023 2024 5069 et
2051 5014 2147 5070 ﬁlii

569 5109 738 5167 Israel
771 5107 956 5172 simul,
982 5114 1038 5161 et
1075 5111 1283 5176 ponent
1323 5101 1430 5158 sibi
1470 5101 1837 5172 principatum
1868 5117 2073 5171 unum;
2099 5115 2157 5161 et

570 5201 870 5259 ascendent
903 5199 973 5255 de
1017 5209 1186 5262 terra,
1217 5195 1478 5266 quoniam
1525 5208 1755 5263 magnus
1797 5194 1918 5249 dies
1967 5197 2154 5252 Jezra-

571 5295 661 5350 he]
684 5292 750 5349 '".
784 5313 803 5347 ι
839 5288 1239 5361 Quamplurimi
1285 5287 1433 5342 enim
1476 5301 1576 5356 per
1611 5293 1855 5355 tempora
1881 5286 2027 5357 apud
2057 5288 2155 5342 Ju-

569 5387 719 5442 daaos
758 5385 1022 5456 preteeti,
1055 5383 1186 5437 solis
1225 5380 1387 5436 labiis
1417 5377 1804 5432 universorum
1848 5378 2020 5432 Deum
2065 5394 2160 5433 co-

575 5479 687 5534 lere
713 5476 1006 5532 suadentes
1053 5483 1108 5529 et
1133 5473 1396 5529 docentes
1418 5469 1718 5534 doctrinas,
1742 5479 2014 5540 praecepta
2040 5485 2160 5525 om-

644 5662 690 5693 '“
710 5660 815 5714 lsa.
849 5676 901 5721 κ,
931 5661 1017 5713 M.
1090 5659 1136 5691 ⁸⁸
1178 5660 1222 5713 l1
1245 5659 1444 5718 Cor.v.
1479 5659 1565 5726 £7;
1599 5658 1972 5726 Galal.v1,15.
2046 5661 2092 5694 ⁸⁸
2124 5659 2134 5714 l

2236 5665 2315 5712 etr.
2347 5657 2389 5721 l,
2417 5654 2600 5710 {0-12.
2679 5653 2726 5685 ⁸⁸
2755 5657 2770 5676 ⁶
2809 5653 2968 5708 Rom.
3000 5665 3070 5714 ιι,
3114 5643 3204 5698 25.

576 5729 621 5763 "
653 5731 755 5785 isa.
793 5745 898 5795 LXI,
936 5729 986 5780 l.
1063 5728 1106 5761 ”
1135 5728 1271 5784 Osee
1304 5747 1340 5796 ι,
1377 5729 1464 5784 Η,

2264 4570 2284 4603 ε
2324 4549 2549 4619 Πνεῦμα
2573 4547 2777 4618 Κυρίου
2808 4548 2893 4600 ἐπ’
2928 4545 3052 4617 ἐμὲ,
3078 4538 3140 4598 οὗ
3166 4543 3374 4596 εἵνεκεν
3401 4539 3589 4611 έχρισέ
3621 4555 3715 4608 με,
3755 4538 3855 4591 εύ-

2256 4639 2649 4710 αγγελίσασθαι
2684 4639 2923 4707 πτωχοῖς
2963 4632 3277 4689 ἀπέσταλκέ
3308 4649 3395 4702 με,
3424 4628 3680 4684 ἰάσασθαι
3713 4630 3855 4692 τοὺς

2257 4731 2752 4804 συντετριμμένους
2781 4731 2883 4801 τὴν
2915 4728 3168 4800 καρδίαν,
3214 4723 3450 4796 κηρύξαι
3472 4721 3856 4793 αἰχμαλώτοις

2255 4827 2469 4894 ἄφεσιν,
2502 4824 2597 4878 καὶ
2623 4823 2842 4892 τυφλοῖς
2870 4819 3182 4888 ἀνάϐλεψιν,
3201 4818 3429 4871 καλέσαι
3451 4814 3698 4868 ἐνιαυτὸν
3728 4816 3854 4867 Κυ-

2259 4919 2374 4991 ρίου
2403 4917 2610 4980 δεκτὺν,
2635 4917 2730 4970 καὶ
2755 4916 2964 4986 ἡμέραν
2997 4911 3430 4971 ἀνταποδόσεως.
3462 4925 3481 4958 ι
3512 4905 3703 4960 Ταῦτα
3734 4903 3854 4975 γάρ

2255 5011 2447 5079 γέγονε
2497 5011 2566 5062 τά
2611 5007 2839 5079 λαμπρά
2895 5007 2996 5078 τῆς
3033 5003 3329 5074 ἐπιδημίας
3361 4998 3526 5054 αὐτοῦ
3559 4996 3852 5069 κατορθῶ-

2258 5122 2424 5177 ματα.
2475 5103 2634 5173 Ὠσηὲ
2675 5102 2732 5155 δὲ
2763 5099 2926 5154 πάλιν
2965 5099 3072 5168 ἔφη
3117 5113 3220 5150 που
3263 5093 3394 5164 περὶ
3419 5089 3586 5145 αὑτοῦ
3612 5107 3626 5121 ·
3673 5108 3692 5140 ι
3734 5087 3855 5141 Καὶ

2255 5195 2689 5266 συναχθήσονται
2731 5192 2839 5244 υἱοὶ
2895 5189 3092 5253 Ἰούδα,
3120 5186 3216 5241 καὶ
3255 5185 3361 5238 υἱοὶ
3403 5180 3623 5252 Ἰσραὴλ
3661 5178 3756 5233 ἐπὶ
3786 5179 3854 5231 τὸ

2253 5287 2407 5351 αὐτὸ,
2444 5285 2538 5339 καὶ
2572 5285 2829 5356 θήσονται
2876 5281 3086 5342 ἑαυτοῖς
3127 5275 3302 5348 ἀρχὴν
3339 5271 3488 5343 μίαν.
3520 5270 3618 5323 καὶ
3637 5267 3852 5338 ἀναϐή-

2257 5393 2440 5428 σονται
2467 5376 2532 5429 ὲκ
2551 5374 2650 5444 τῆς
2668 5373 2792 5442 γῆς,
2815 5372 2896 5423 ὅτι
2919 5366 3131 5439 μεγάλη
3158 5367 3191 5435 ή
3212 5363 3396 5435 ήμέρα
3418 5359 3514 5414 τοῦ
3539 5357 3846 5430 ἰεζραήλ.ι

2256 5465 2505 5518 Πλεῖστοι
2548 5464 2649 5534 μὲν
2703 5462 2814 5533 γὰρ
2857 5460 2972 5513 ὅσοι
3021 5456 3163 5511 κατά
3214 5453 3442 5523 καιροὺς
3470 5453 3520 5505 οἱ
3548 5449 3698 5520 παρὰ
3729 5448 3852 5510 τοῖς

3306 5641 3351 5674 ⁸⁷
3381 5639 3575 5696 Matth.
3596 5651 3713 5699 xm,
3757 5635 3848 5689 l3.
