4074 6260
465 414 569 469 9.67

1465 411 1519 464 S.
1547 411 1820 467 Cl'lllLLl
1859 412 2332 466 ALEXANDIUM
2373 415 2694 469 ARCHIEP.

3618 420 3724 477 ‘J-S

462 536 613 591 enim
645 533 962 588 debuissent
999 531 1227 602 gratiam
1267 547 1363 601 per
1393 531 1560 586 ﬁdem
1599 534 1899 603 suscipere,
1927 541 2037 586 tan-

2142 533 2196 586 δὲ
2248 534 2340 586 καὶ
2390 534 2486 605 τὴν
2522 534 2876 605 Ἰερουσαλὴμ
2927 536 2954 588 ὁ
2998 537 3278 606 προφήτης
3321 537 3618 607 Ἱερεμίας,
3649 541 3723 601 ib;

463 641 628 696 quam
658 624 800 678 viam
839 624 1129 678 salutarem
1162 624 1273 678 Deo
1306 631 1672 693 repugnantes
1715 621 2042 691 deprehensi

463 721 610 773 sunt.
625 714 891 781 Quocirca
911 715 1158 768 omnium
1179 713 1368 782 Opifex
1387 712 1776 785 (unigenitum,
1796 714 2041 782 inquam,

463 808 558 863 Dei
582 807 869 875 Verbum),
899 806 1195 861 demittens
1216 807 1465 875 .seipsum
1497 805 1565 858 ad
1592 805 2040 870 exinanitionem,

463 909 662 955 unctus
703 906 787 953 est
815 915 854 952 a
885 899 1068 960 Patre,
1098 897 1383 966 factusque
1413 903 1473 950 ut
1502 911 1600 950 nos
1621 899 1662 948 '.
1702 895 2044 949 Exinanitio-

463 991 548 1044 nis
590 1005 724 1044 vero
765 1004 964 1059 scopus
1009 988 1100 1042 hic
1143 987 1266 1051 fuit,
1296 987 1504 1041 salvare
1533 1001 1630 1040 eos
1667 985 1760 1054 qui
1796 985 1852 1038 in
1883 985 2045 1039 terris

459 1092 752 1138 versantur
779 1099 791 1134 :
818 1079 963 1150 quod
989 1089 1044 1135 et
1069 1079 1338 1148 propheta
1361 1077 1666 1146 Sophonias
1689 1085 1921 1130 testatus
1938 1084 2042 1140 est,

461 1175 694 1230 dicens:
735 1193 752 1224 ι
788 1173 973 1228 Gaude
1015 1171 1194 1235 valde,
1237 1170 1347 1224 lilia
1396 1169 1566 1234 Sion;
1621 1168 1891 1238 praedica,
1935 1169 2043 1223 filia

461 1267 802 1331 Jerusalem;
846 1263 1056 1318 exsulta
1096 1269 1150 1316 et
1189 1260 1450 1315 deliciarc
1479 1275 1546 1314 ex
1587 1268 1701 1313 toto
1733 1259 1898 1313 corde
1928 1268 2040 1324 tuo,

462 1358 574 1412 ﬁlia
615 1357 936 1412 Jerusalem.
963 1351 1205 1407 Abstulit
1247 1352 1513 1406 Dominus
1547 1349 1865 1420 iniquitates
1901 1357 2041 1414 tuas,

463 1444 694 1498 redemit
725 1450 774 1496 te
806 1441 873 1496 de
914 1456 1076 1496 manu
1115 1440 1461 1494 inimicorum
1507 1448 1746 1493 tuorum.
1775 1439 2044 1509 chnabit

461 1531 967 1591 Dominuslsraelin
987 1531 1168 1585 medio
1185 1530 1286 1594 tui,
1299 1545 1409 1583 non
1424 1529 1635 1583 videbis
1652 1529 1793 1582 mala
1809 1529 1951 1583 ultra
1966 1531 2004 1583 ³.
2020 1549 2036 1580 ι

460 1625 567 1695 lpsi
590 1640 740 1689 vero,
765 1623 1147 1677 inobedicntes
1179 1630 1342 1690 atque
1367 1620 1756 1686 intractabiles,
1775 1626 1832 1673 et
1849 1619 2042 1674 effreni

460 1717 686 1772 audacia
710 1716 948 1787 prmditi,
981 1714 1314 1770 contumelia
1356 1714 1534 1783 ipsum
1567 1713 1891 1779 affecerunt,
1925 1722 2043 1767 tur-

458 1809 684 1878 pissima
713 1823 941 1878 qumque
972 1805 1156 1860 animo
1183 1804 1573 1873 concipientcs,
1603 1812 1659 1856 et
1691 1802 1870 1872 reipsa
1903 1818 2042 1871 prae-

2144 626 2388 686 ἀνοσίαν,
2421 626 2498 688 ὼς
2529 627 2912 696 Κυριοκτόνον,
2931 628 3004 690 ώς
3034 628 3278 697 βέϐηλον,
3304 629 3381 692 ώς
3409 631 3720 700 ἀχάριστον.

2147 717 2291 786 Ἔφη
2319 716 2425 787 γὰρ
2474 717 2645 770 οὕτω·
2690 738 2706 769 ι
2751 719 2974 789 Πνεῦμα
3029 720 3134 790 προ
3189 719 3484 790 προσώπου
3533 720 3718 790 ἡμῶν,

2142 808 2379 879 Χριστὸς
2426 809 2650 880 Κύριος,
2686 811 2988 882 συνελήφθη
3021 814 3078 865 ὲν
3112 815 3230 874 ταῖς
3273 811 3594 882 διαφθοραῖς
3627 815 3723 864 αὑ-

2141 892 2350 961 τῶν,οῦ
2379 898 2632 968 εἴπαμεν·
2663 899 2753 952 Ἐν
2777 901 2843 969 τῇ
2876 901 3006 970 σκιᾷ
3027 899 3190 952 αὑτοῦ
3220 900 3500 969 ζησόμεθα
3523 901 3581 952 ὲν
3610 903 3722 962 τοῖς

2143 987 2340 1041 ἔθνεσι.
2395 1007 2412 1038 ι
2467 989 2595 1041 Δέον
2637 989 2745 1059 γὰρ
2779 990 2996 1043 ἑλέσθαι
3027 990 3123 1060 τὴν
3152 991 3240 1043 διὰ
3270 991 3508 1054 πίστεως
3537 991 3723 1060 χάριν.

2143 1080 2218 1142 ὡς
2257 1080 2374 1132 ὁδὸν
2419 1081 2705 1151 σωτήριον,
2747 1080 3143 1152 θεομαχοῦντες
3177 1081 3481 1150 ἡλίσκοντο.
3511 1082 3720 1133 Οὐκοῦν

2142 1174 2169 1223 ὁ
2216 1171 2313 1240 μὲν
2356 1169 2462 1224 τῶν
2511 1171 2646 1223 ὅλων
2714 1172 3136 1242 Γενεσιουργὸς,
3187 1173 3214 1223 ὁ
3275 1171 3568 1242 μονογενὴς
3623 1172 3724 1224 τοῦ

2143 1261 2278 1314 Θεοῦ
2319 1262 2510 1328 Λόγος,
2565 1261 2772 1324 καθιεὶς
2815 1262 3003 1315 ἑαυτὸν
3037 1264 3116 1325 εἰς
3160 1263 3409 1324 κένωσιν,
3439 1263 3722 1334 κέχρισται

2144 1354 2294 1424 παρά
2322 1354 2416 1407 τοῦ
2448 1354 2681 1425 Πατρὸς,
2721 1355 2814 1408 καὶ
2842 1354 3031 1423 γέγονε
3060 1355 3183 1407 καθ’
3214 1357 3380 1426 ἡμᾶς.
3418 1357 3530 1409 Kal
3565 1359 3594 1410 ὁ
3620 1360 3720 1428 τῆς

2151 1446 2436 1508 κενώσεως
2470 1445 2698 1508 σκοπὸς,
2723 1447 2800 1508 είς
2820 1445 2880 1498 τὸ
2907 1445 3169 1499 διασῶσαι
3197 1449 3322 1510 τοὺς
3351 1448 3442 1501 ἐπὶ
3465 1449 3564 1518 τῆς
3595 1449 3720 1520 γῆς.

2145 1534 2253 1586 Καὶ
2273 1534 2402 1602 γοῦν
2431 1537 2459 1588 ὁ
2489 1541 2772 1606 προφήτης
2811 1536 3072 1604 Σοφονίας
3100 1537 3502 1607 εὐηγγελίζετο,
3526 1539 3718 1611 λέγων·

2151 1643 2168 1674 ι
2215 1625 2386 1694 Χαῖρε
2432 1625 2634 1695 σφόδρα
2660 1665 2674 1690 ,
2725 1624 2962 1696 θύγατερ
2993 1625 3155 1690 Σιὼν,
3185 1629 3446 1698 κήρυσσε,
3483 1628 3722 1702 θύγατερ

2156 1715 2533 1787 Ἰερουσαλὴμ,
2563 1717 2856 1787 εὐφραίνου
2879 1719 2974 1770 καὶ
3003 1720 3350 1793 κατατέρπου
3380 1725 3437 1790 ἐξ
3462 1724 3589 1794 ὅλης
3621 1728 3721 1794 τῆς

2145 1808 2371 1878 καρδίας
2405 1825 2524 1872 σου,
2556 1807 2794 1878 θύγατερ
2830 1810 3207 1882 Ἰερουσαλήμ.
3246 1815 3491 1883 Περιεῖλε
3519 1815 3722 1885 Κύριος
3761 1877 3770 1886 γ

462 1907 688 1954 stantes.
715 1898 1080 1965 Quamobrem
1121 1895 1446 1950 delictorum
1484 1909 1710 1948 suorum
1736 1910 1926 1964 pgnas
1949 1909 2037 1948 ex-

2142 1899 2208 1951 τά
2242 1899 2555 1969 ἀδικήματα
2586 1916 2699 1964 σου,
2730 1898 3061 1970 λελύτρωταί
3105 1920 3165 1956 σε
3197 1907 3261 1957 ὲκ
3300 1905 3479 1976 χειρὸς
3511 1906 3723 1978 ἐχθρῶν

464 1991 767 2044 solverunt.
795 1989 918 2044 Mali
946 1989 1092 2042 enim
1126 1987 1265 2041 male
1299 1986 1602 2056 perierunt.
1628 1986 1898 2041 Cmterum
1930 2002 2038 2040 non

464 2083 520 2134 in
539 2081 872 2135 universum.
896 2077 1318 2134 Misericordiam
1339 2078 1486 2132 enim
1505 2077 1785 2132 consecuti
1805 2085 1952 2141 sunt,
1980 2086 2037 2132 et

461 2174 698 2245 reliquia:
721 2173 942 2228 saluata:
968 2181 1088 2226 sunt
1116 2171 1156 2235 ‘,
1179 2170 1332 2241 1'67
1349 2171 1502 2240 juxta
1528 2169 1810 2239 prophetae
1823 2185 2032 2225 vocem.

2147 2008 2262 2045 σου.
2299 1991 2612 2044 Βασιλεύσει
2663 1991 2868 2062 Κύριος
2928 1994 3142 2066 Ἰσραὴλ
3187 1996 3247 2048 ὲν
3292 1998 3446 2066 μέσῳ
3475 2014 3589 2064 σου,
3618 1999 3723 2050 οὐκ

2141 2082 2260 2152 odia:
2293 2082 2439 2136 κακά
2469 2084 2569 2136 οὐκ
2599 2083 2731 2135 ἔτι.)
2754 2084 2817 2137 Οἱ
2843 2085 2899 2139 δὲ
2929 2087 3172 2150 ἀπειθεῖς
3199 2090 3292 2143 καὶ
3315 2089 3594 2155 ἄτεγκτοι,
3625 2091 3725 2140 καὶ

2159 2172 2304 2243 πέρα
2343 2173 2544 2236 παντὲς
2600 2173 2770 2238 ίόντες
2819 2175 3086 2246 θράσους,
3136 2181 3600 2250 πεπαρῳνήκασιν
3639 2181 3725 2241 είς

459 2271 619 2325 αὐτὸν
646 2271 716 2323 τὰ
747 2270 964 2324 πάντων
988 2270 1261 2338 αἴσχιστα,
1301 2267 1393 2318 καὶ
1455 2264 1690 2336 δρῶντες
1720 2265 1958 2330 εὐκόλως
2015 2267 2109 2320 καὶ
2150 2268 2534 2339 βουλευόμενοι
2576 2270 2996 2342 προαλέστερον.
3045 2272 3331 2344 Τοιγάρτοι
3379 2277 3474 2328 καὶ
3514 2276 3725 2329 ὲκτετίυ

460 2381 589 2417 κασι
623 2363 722 2434 μὲν
742 2363 850 2417 τῶν
876 2359 1364 2432 πλημμελημάτων
1393 2361 1490 2422 τὰς
1520 2359 1694 2423 δίκας.
1725 2359 1905 2412 Κακοὶ
1933 2359 2041 2432 γὰρ
2079 2363 2267 2425 κακῶς
2286 2361 2616 2416 ἀπολώλασι.
2640 2363 2786 2434 Πλὴν
2811 2365 2910 2418 οὐκ
2949 2367 3028 2428 είς
3050 2365 3215 2421 ἆπαν.
3254 2366 3536 2437 Ἦλέηνται
3586 2367 3724 2438 γάρ.

460 2457 550 2510 καὶ
578 2457 884 2510 σέσωσται
911 2453 977 2507 τὸ
1022 2451 1413 2522 κατάλειμμα,
1460 2451 1603 2506 κατὰ
1648 2451 1747 2522 τὴν
1779 2451 1874 2505 τοῦ
1898 2455 2178 2525 προφήτου
2209 2457 2413 2526 φωνήν.

527 2553 581 2606 2.
613 2550 769 2618 Quod
803 2549 969 2621 igitur
998 2547 1113 2602 haec
1144 2547 1222 2607 ita
1250 2562 1308 2602 se
1341 2546 1598 2600 habitura
1637 2555 1822 2601 essent
1841 2556 2048 2617 tempo-

458 2647 536 2700 ris
563 2658 842 2706 successu,
881 2641 1102 2696 divinus
1127 2639 1294 2694 Jacob
1328 2638 1558 2693 edoctus
1587 2646 1691 2701 est,
1718 2639 1828 2692 Deo
1858 2639 1912 2693 id
1934 2639 2047 2694 ele-

456 2747 650 2808 ganter
697 2735 988 2806 elligiante.
1024 2733 1142 2798 Quo
1189 2743 1370 2788 autem
1423 2733 1605 2796 modo,
1646 2732 1845 2798 dicam,
1876 2734 2047 2802 ipsius

458 2846 624 2886 sacra:
652 2829 951 2898 Scriptura:
996 2834 1202 2882 textum
1265 2825 1562 2881 ascribens.
1593 2825 1671 2879 lta
1709 2841 1838 2879 vero
1865 2841 1923 2880 se
1951 2825 2046 2880 ha-

455 2925 550 2979 bet
580 2941 593 2976 :
632 2941 655 2973 .‹
683 2920 925 2992 Surgens
955 2929 1136 2975 autem
1171 2926 1329 2973 nocte
1368 2918 1479 2979 illa,
1505 2916 1869 2987 accepitduas
1899 2933 2034 2972 uxo-

458 3031 564 3081 res,
589 3025 644 3070 et
671 3014 806 3070 duas
825 3013 1072 3078 ancillas,
1089 3020 1146 3067 et
1167 3010 1419 3066 undecim
1439 3009 1579 3066 filios
1603 3024 1751 3075 suos,
1776 3018 1832 3066 et
1855 3019 2032 3065 trans-

458 3109 555 3162 ivit
593 3106 881 3162 transitum
925 3101 1168 3176 (vadum)
1203 3102 1431 3168 Jaboch,
1482 3111 1539 3158 et
1594 3101 1868 3171 accipiens
1915 3116 2032 3166 eos,

459 3197 710 3253 transivit
741 3206 1060 3260 torrentem,
1079 3203 1135 3250 et
1163 3193 1406 3249 traduxit
1433 3194 1616 3248 omnia
1643 3210 1759 3249 sua.
1787 3194 2035 3249 Relictus

2218 2549 2284 2620 β’.
2315 2551 2436 2605 ’Ότι
2465 2551 2643 2606 τοίνυν
2664 2551 2837 2607 ταῦτα
2858 2553 3044 2606 τοῦτον
3077 2553 3187 2620 ἔξει
3232 2553 3324 2607 τὸν
3349 2553 3554 2626 τρόπον
3577 2555 3727 2609 κατὰ

2152 2642 2401 2714 καιροὺς,
2447 2644 2476 2696 ό
2511 2642 2796 2707 θεσπέσιος
2846 2644 3038 2697 Ἰακὼϐ
3090 2645 3418 2711 ἐδιδάσκετο,
3473 2645 3610 2700 Θεοῦ
3655 2646 3732 2699 τδ

2144 2730 2330 2801 χρῆμα
2356 2730 2781 2801 διαμορφοῦντος
2810 2732 3059 2796 ἀστείως.
3083 2735 3194 2788 Καὶ
3230 2736 3400 2801 ὅπως,
3429 2737 3560 2808 ἐρῶ,
3592 2738 3733 2790 ἀνα-

2140 2821 2310 2886 τιθεὶς
2358 2822 2415 2876 δὲ
2443 2821 2754 2891 ἀναγκαίως
2779 2823 2847 2876 τὰ
2873 2823 2931 2890 ἐξ
2966 2825 3127 2894 ἱερῶν
3152 2827 3308 2896 Γραμ
3321 2827 3510 2896 μάτων
3556 2844 3567 2855 ·
3602 2828 3728 2896 ἔχει

2140 2912 2198 2965 δὲ
2237 2911 2440 2977 οὕτως·
2479 2932 2497 2964 ι
2552 2911 2813 2976 Ἀναστὰς
2857 2913 2914 2967 δὲ
2945 2915 3042 2985 τὴν
3074 2919 3244 2969 νύκτα
3280 2919 3515 2988 ἐκείνην,
3552 2919 3727 2970 ἔλαϐε

2141 3005 2238 3068 τὰς
2266 3005 2358 3058 δύο
2387 3006 2672 3074 γυναῖκας,
2709 3008 2804 3061 καὶ
2831 3007 2929 3069 τὰς
2956 3007 3050 3060 δύο
3088 3010 3390 3074 παιδίσκας,
3421 3013 3512 3064 καὶ
3535 3012 3602 3063 τὰ
3629 3011 3724 3064 ἓν-

2139 3096 2270 3149 δεκα
2293 3097 2477 3150 παιδία
2491 3091 2933 3168 αὐτοῦ,καὶδιέϐη
2951 3099 3048 3170 τὴν
3071 3101 3318 3154 διάϐασιν
3335 3101 3429 3154 τοῦ
3446 3101 3722 3177 Ἰαϐὼ[χ]ι,

2141 3187 2234 3240 καὶ
2265 3186 2457 3240 ἐλαϐεν
2499 3189 2730 3253 αὐτοὺς,
2765 3191 2859 3242 καὶ
2897 3189 3048 3261 διέϐη
3090 3191 3184 3244 τὸν
3223 3192 3588 3263 χειμάρρουν,
3625 3199 3727 3248 καὶ

455 3294 540 3342 est
569 3296 752 3341 autem
787 3285 955 3341 Jacob
982 3285 1149 3348 solus,
1177 3291 1234 3338 et
1260 3284 1572 3339 luctabatur
1607 3285 1772 3338 homo
1795 3298 1920 3338 cum
1949 3296 2035 3348 eo,

2142 3276 2412 3330 διεϐίϐασε
2455 3278 2632 3330 πάντα
2676 3277 2745 3330 τά
2787 3277 2973 3332 αὑτοῦ.
3019 3278 3348 3350 ’Υπελείφθη
3397 3281 3455 3334 δὲ
3521 3281 3728 3335 Ἰακὼϐ

458 3394 631 3448 usque
652 3377 738 3433 ad
772 3391 950 3432 mane.
993 3376 1143 3432 Vidit
1176 3386 1360 3431 autem
1403 3375 1552 3446 quod
1597 3391 1724 3429 eum
1777 3389 2040 3445 superare

458 3483 566 3522 non
611 3474 813 3536 posset,
841 3477 896 3521 et
925 3467 1101 3537 tetigit
1145 3465 1490 3520 latitudinem
1534 3465 1761 3520 femoris
1804 3467 1944 3536 ejus,
1985 3473 2040 3519 et

455 3559 724 3614 emarcuit
772 3558 1003 3613 latitudo
1048 3557 1272 3612 femoris
1323 3557 1512 3624 Jacob,
1561 3572 1689 3612 eum
1735 3558 2040 3613 luctaretur

355 3697 358 3700 .
455 3654 570 3723 ipse
593 3665 719 3706 cum
739 3665 826 3706 eo.
861 3651 928 3705 Et
955 3650 1094 3705 dixit
1115 3651 1165 3705 ei
1193 3669 1204 3703 :
1229 3650 1454 3704 Dimitte
1477 3664 1593 3715 me;
1617 3649 1863 3703 ascendit
1889 3650 2036 3704 enim

452 3742 757 3800 diluculum
793 3761 808 3809 ;
845 3742 936 3798 ille
989 3751 1174 3796 autem
1223 3740 1361 3795 dixit
1398 3758 1411 3792 :
1452 3741 1570 3795 Non
1633 3740 1906 3795 dimittam
1961 3749 2033 3805 te,

451 3836 556 3891 nisi
583 3835 718 3890 mihi
743 3834 1110 3890 benedixeris.
1134 3834 1486 3888 Dixitautem
1515 3833 1590 3887 illi
1622 3851 1634 3885 :
1663 3831 1819 3898 Quod
1835 3848 2035 3887 nomen

451 3927 706 3994 tibi?Qui
751 3926 1052 3996 respondit,
1097 3925 1288 3980 Jacob.
1347 3925 1494 3978 Dixit
1531 3933 1714 3978 autem
1766 3924 2035 3978 illizNon

450 4019 734 4074 vocabitur
759 4021 909 4073 ultra
947 4032 1149 4074 nomen
1193 4026 1347 4072 tuum
1381 4015 1568 4080 Jacob,
1597 4014 1694 4070 sed
1741 4015 1902 4070 Israel
1929 4015 2036 4070 erit

2145 3366 2324 3436 μόνος,
2356 3366 2450 3420 καὶ
2467 3367 2727 3420 έπάλαιεν
2757 3367 3039 3438 ἄνθρωπος
3065 3368 3180 3438 μετ’
3199 3368 3387 3431 αὐτοῦ,
3415 3369 3519 3432 ἕως
3545 3375 3724 3440 πρωΐ.

2142 3452 2261 3510 Εἷδε
2306 3457 2363 3510 δὲ
2383 3498 2398 3525 ,
2436 3459 2517 3511 ὄτι
2555 3458 2617 3511 οὐ
2649 3457 2870 3512 δύναται
2904 3459 3038 3529 πρὸς
3068 3460 3250 3524 αὐτὸν,
3293 3459 3386 3514 καὶ
3419 3459 3596 3530 ἥψατο
3623 3463 3728 3514 τοῦ

2141 3550 2378 3614 πλάτους
2403 3551 2496 3604 τοῦ
2537 3549 2713 3621 μηροῦ
2740 3551 2924 3616 αὐτοῦ,
2963 3552 3058 3604 καὶ
3092 3551 3362 3622 ἐνάρκητε
3411 3553 3472 3606 τὸ
3511 3552 3725 3616 πλάτος

2139 3645 2233 3699 τοῦ
2276 3644 2454 3717 μηροῦ
2509 3643 2724 3709 Ἰακὼϐ,
2764 3647 2821 3698 ἐν
2864 3645 2941 3715 τῷ
2982 3645 3230 3698 παλαίειν
3277 3645 3439 3698 αὑτὸν
3473 3645 3591 3715 μετ’
3619 3648 3728 3700 αὐ-

2137 3737 2252 3792 τοῦ.
2292 3737 2401 3790 Καὶ
2432 3730 2584 3788 εἶπεν
2622 3735 2791 3806 αὐτῷ’
2835 3736 3174 3790 Ἀπόστειλόν
3204 3754 3290 3805 με·
3332 3736 3499 3808 ἀνέϐη
3525 3737 3642 3808 γὰρ
3693 3741 3729 3791 ὁ

2137 3827 2350 3900 ὄρθρος.
2397 3829 2455 3882 Ὀ
2489 3829 2545 3882 δὲ
2597 3825 2778 3881 εἶπεν*
2813 3829 2889 3882 υύ
2935 3830 3009 3900 μή
3057 3847 3115 3882 σε
3161 3828 3483 3893 ἀποστείλω,
3519 3829 3618 3883 ἐὰν
3639 3833 3725 3902 μή

2140 3935 2206 3986 με
2240 3917 2558 3988 εὐλογήσῃς.
2582 3915 2717 3971 Εἷπε
2736 3918 2791 3971 δὲ
2813 3917 2960 3989 αὑτῴ
2978 3939 2994 3952 ο
3025 3919 3089 3971 Τί
3114 3919 3174 3972 τὸ
3195 3919 3366 3990 ὄνομά
3396 3920 3490 3972 σού
3526 3922 3682 3975 ἐστιν
3706 3941 3721 3982 ;

2149 4009 2204 4062 '0
2223 4011 2280 4062 δὲ
2311 4005 2482 4063 εἶπενο
2527 4009 2738 4064 Ἰακώϐ.
2768 4011 2878 4063 Καὶ
2901 4007 3053 4063 εἶπεν
3084 4010 3252 4081 αὐτῷ·
3275 4012 3354 4065 Οὐ
3379 4012 3725 4082 κληθήσεται

358 4705 361 4708 _
444 4645 611 4700 Ortus
635 4651 818 4698 autem
848 4649 932 4697 est
945 4641 1026 4694 sol
1058 4640 1132 4705 ei,
1152 4640 1373 4709 quando
1399 4640 1668 4709 praeteriit
1700 4640 1866 4694 facies
1893 4639 2023 4693 Dei:

449 4123 648 4163 nomen
675 4115 849 4168 tuum,
871 4105 1129 4174 quoniam
1157 4103 1486 4172 praevaluisti
1517 4117 1642 4156 cum
1680 4101 1812 4166 Deo,
1831 4108 2033 4155 etcum

2142 4101 2213 4154 ἔτι
2240 4101 2298 4154 τὸ
2327 4101 2498 4172 ὄνομά
2513 4119 2604 4155 σου
2643 4100 2854 4166 Ἰακὼϐ,
2887 4103 2999 4154 ἀλλ’
3029 4103 3238 4173 Ἰσραὴλ
3275 4103 3425 4156 ἔσται
3448 4105 3508 4157 τὸ
3536 4105 3724 4175 ὄνομά

445 4196 764 4252 hominibus
794 4203 1004 4262 potens.
1046 4190 1405 4259 Interrogavit
1433 4199 1616 4244 autem
1645 4190 1832 4253 Jacob,
1861 4199 1917 4244 et
1944 4189 2031 4243 di-

2142 4211 2250 4258 σου,
2283 4194 2365 4246 ὅτι
2394 4193 2680 4262 ὲνίσχυσας
2713 4193 2850 4262 μετὰ
2882 4193 2976 4245 τοῦ
3011 4193 3167 4260 Θεοῦ,
3198 4195 3292 4247 καὶ
3330 4194 3469 4264 μετὰ
3496 4194 3721 4264 ἀνθρώ-

446 4287 526 4340 xit
553 4301 565 4336 :
592 4281 775 4337 indica
814 4280 951 4334 mihi
991 4292 1192 4332 nomen
1232 4285 1407 4330 tuum.
1442 4277 1516 4329 .Et
1557 4276 1672 4330 ait:
1704 4275 1885 4340 Quare
1925 4276 2033 4329 hoc

2142 4301 2250 4336 πων
2278 4283 2521 4347 δυνατός.
2567 4282 2847 4353 Ἦρώτησε
2875 4284 2930 4337 δὲ
2969 4284 3182 4349 Ἰακὼϐ,
3219 4285 3312 4337 καὶ
3343 4280 3529 4337 εἶπεν·
3577 4286 3722 4337 ’Λπ-

447 4379 753 4442 interrogas
800 4381 854 4426 tu
888 4385 1088 4424 nomen
1124 4369 1347 4423 meum?
1379 4368 1448 4422 Et
1470 4365 1758 4422 benedixit
1797 4366 1850 4419 ei
1886 4365 2027 4429 illic;

2142 4374 2383 4442 ἀγγειλόν
2413 4391 2501 4444 μοι
2531 4375 2592 4427 τὺ
2615 4375 2787 4444 δνομά
2813 4393 2927 4429 σου.
2959 4377 3066 4428 Καὶ
3085 4371 3238 4429 εἶπεν
3263 4391 3276 4406 ·
3316 4376 3432 4429 Ἵνα
3459 4377 3513 4428 τί
3547 4377 3723 4430 τοῦτο

445 4472 502 4518 et
524 4460 738 4517 vocavit
777 4473 976 4513 nomen
1012 4457 1117 4511 loci
1142 4456 1310 4522 illius,
1352 4456 1542 4512 Facies
1587 4455 1704 4511 Dei.
1734 4455 1856 4511 Vidi
1881 4455 2028 4510 enim

2142 4465 2338 4534 ἐρωτᾷς
2360 4464 2424 4516 σὺ
2456 4463 2516 4516 τὺ
2541 4463 2709 4534 ὄνομά
2745 4481 2845 4534 μου
2871 4482 2885 4529 ;
2912 4465 3023 4518 Καὶ
3055 4467 3356 4536 ηὑλόγησεν
3387 4467 3548 4520 αὐτὸν
3565 4469 3720 4528 ἐκεῖ,

444 4557 618 4610 Deum
643 4552 780 4606 facie
804 4549 872 4604 ad
892 4549 1107 4614 faciem,
1141 4557 1198 4603 et
1219 4549 1366 4604 salva
1401 4548 1539 4604 facta
1569 4559 1654 4603 est
1680 4549 1858 4603 anima
1885 4563 2023 4602 mea.

2142 4554 2226 4607 καὶ
2253 4553 2507 4607 ἐκάλεσεν
2543 4554 2736 4608 Ἰακὼϐ
2758 4557 2820 4608 τὸ
2846 4556 3016 4626 ὄνομα
3037 4557 3128 4609 τοῦ
3157 4558 3323 4610 τόπου
3347 4558 3578 4620 ἐκείνου,
3619 4559 3723 4610 Εἶ-

2130 4643 2219 4706 δος
2243 4643 2397 4696 Θεοῦ.
2429 4641 2580 4697 Εἶδον
2611 4645 2721 4714 γὰρ
2745 4644 2876 4698 Θεὸν
2905 4645 3195 4714 πρόσωπον
3227 4645 3365 4717 πρὸς
3390 4646 3721 4715 πρόσωπον,

446 4736 565 4803 ipse
605 4740 788 4787 autem
828 4729 1171 4786 claudicabat
1227 4728 1432 4783 femore
1484 4744 1585 4783 suo
1611 4731 1651 4782 ⁸.
1685 4748 1701 4779 ι
1753 4729 2032 4784 Transivit

2142 4735 2222 4788 καὶ
2252 4734 2428 4805 ἐσώθη
2475 4753 2574 4804 μου
2611 4739 2643 4805 ἡ
2679 4736 2848 4806 ψυχή.
2896 4737 3156 4791 Ἀνέτειλε
3188 4738 3245 4791 δὲ
3286 4738 3434 4808 αὐτῷ
3465 4741 3492 4790 ὁ
3525 4739 3718 4806 ἥλιος.

441 4824 669 4889 Jaboch,
697 4822 810 4877 sive
852 4829 1171 4883 torrentem,
1215 4819 1437 4874 divinus
1464 4819 1650 4883 Jacob,
1690 4830 1746 4873 et
1787 4819 2028 4875 traduxit

2142 4825 2288 4894 ἡνίκα
2329 4826 2602 4896 παρῆλθεν
2633 4827 2792 4881 αὐτὸν
2819 4827 2879 4880 τὸ
2917 4823 3055 4892 εἶδος
3098 4828 3192 4881 τοῦ
3231 4829 3386 4882 Θεοῦ.
3432 4829 3605 4892 Αὐτὸς
3654 4833 3721 4883 δὲ

441 4919 624 4972 omnia
651 4931 771 4981 sua,
795 4923 958 4985 atque
979 4915 1097 4982 ipse
1131 4911 1393 4966 remansit
1417 4911 1584 4965 solus.
1617 4910 1758 4976 Quid
1783 4927 1914 4966 vero
1941 4928 2027 4967 res

2142 4917 2395 4982 ὲπέσκαζε
2429 4917 2506 4987 τῷ
2548 4919 2706 4988 μηρῷ
2743 4919 2928 4973 αὐτοῦ.
2971 4939 2989 4970 ι
3024 4920 3305 4974 Διεϐίϐασε
3344 4922 3433 4974 τὸν
3484 4922 3718 4992 Ἰαϐὼχ,

441 5009 546 5065 sibi
563 5007 725 5071 ~velit,
765 5021 876 5076 quo
924 5012 1085 5074 pacto
1108 5017 1219 5057 non
1247 5016 1428 5071 Operae
1465 5001 1707 5070 pretium
1747 4999 1914 5056 fuerit
1938 5003 2023 5056 vi-

2142 5008 2242 5078 ιγτοι
2270 5007 2360 5060 τὸν
2401 5008 2754 5080 χειμάρρουν,
2792 5011 2822 5061 δ
2851 5010 3135 5074 θεσπέσιος
3187 5010 3380 5064 Ἰακὼϐ
3414 5011 3591 5064 πάντα
3641 5019 3722 5064 τὰ

441 5098 602 5153 dere?
628 5097 741 5168 Age
769 5095 971 5164 itaque,
989 5107 1208 5148 causam
1229 5091 1661 5160 contemplemur
1691 5108 1703 5142 :
1739 5090 1852 5159 ipsa
1874 5090 2018 5145 enim

2142 5099 2312 5160 ιὺτοῦ,
2349 5101 2442 5153 καὶ
2481 5100 2642 5162 αὐτὸς
2664 5102 3054 5172 ἀπομεμένηκε
3093 5101 3270 5171 μόνος.
3298 5087 3431 5155 Εἶτα
3468 5102 3526 5155 τὸ
3559 5103 3722 5171 χρῆ-

440 5188 703 5244 orationis
730 5186 900 5242 series
923 5199 1023 5240 nos
1052 5183 1119 5239 ad
1154 5179 1419 5250 spiritalia
1453 5179 1710 5234 deducet.

2142 5208 2225 5254 ια,
2259 5191 2375 5254 πῶς
2412 5191 2513 5244 οὐκ
2558 5191 2707 5256 ἀξιον
2739 5193 2902 5256 ίδεῖν;
2949 5193 3085 5261 Φέρε
3121 5188 3214 5245 οὗν
3261 5192 3723 5262 καταθρήσωμεν

2123 5281 2220 5351 τὴν
2253 5282 2447 5335 αἰτίαν.
2495 5282 2631 5334 Κατ’
2662 5281 2790 5334 εὐθὺ
2833 5281 2942 5351 γὰρ
2978 5276 3133 5345 οὗτος
3171 5283 3199 5335 ό
3239 5281 3394 5349 λόγος
3431 5283 3556 5351 ἡμῖν
3591 5283 3721 5333 τῶν

2125 5372 2506 5442 πνευματικῶν
2527 5373 2828 5442 οἰχήσεται.

2189 5467 2258 5529 γ’.
2297 5460 2575 5532 ἛνἘδὼμ
2601 5465 2693 5514 καὶ
2721 5462 2856 5532 Σηῒρ
2882 5463 3201 5533 κατῴκησεν
3229 5460 3422 5527 Ἦσαῦ,
3448 5463 3540 5516 καὶ
3567 5481 3717 5518 κατ-

2118 5552 2338 5622 εκράτει
2395 5551 2494 5620 τῆς
2537 5553 2655 5621 γῆς,
2699 5554 2791 5605 καὶ
2833 5553 2892 5607 ὲν
2939 5553 3276 5616 δυναστείαις
3329 5550 3397 5623 ἦν
3434 5556 3551 5617 ταῖς
3599 5557 3723 5613 οὐκ

2119 5641 2257 5711 ὑπὲρ
2282 5643 2436 5710 χεῖρα
2469 5640 2567 5710 τὴν
2602 5640 2813 5695 Ἰακώϐ.
2856 5642 3070 5712 Ἐπειδὴ
3098 5643 3153 5696 δὲ
3182 5644 3279 5712 τῆς
3297 5643 3406 5696 τῶν
3431 5646 3721 5713 ποταμῶν

506 5465 556 5516 5.
591 5463 866 5518 Habitavit
886 5463 942 5516 in
967 5463 1136 5516 Edom
1173 5471 1232 5516 et
1257 5460 1377 5515 Seir
1401 5460 1565 5521 Esau,
1593 5457 2013 5527 dominatusquc

437 5563 520 5605 est
570 5563 726 5605 terra:
769 5562 825 5605 et
876 5551 1192 5619 regionibus
1243 5565 1365 5618 quae
1396 5547 1564 5604 Iacob
1613 5547 1846 5602 subditae
1898 5563 2008 5602 non

435 5652 607 5695 erant.
642 5644 931 5710 Postquam
956 5656 1086 5693 vero
1116 5640 1499 5709 Mesopotamia
1538 5647 1593 5692 et
1619 5639 1780 5694 domo
1806 5639 2008 5693 Labani

500 5824 522 5852 '
556 5820 751 5892 Philip.
782 5837 834 5888 ιι,
869 5821 918 5873 7.
997 5821 1016 5850 ³
1049 5819 1288 5890 Sophon.
1313 5837 1387 5886 ιιι,
1425 5822 1509 5888 li,
1544 5822 1626 5876 15.
1707 5823 1722 5852 ³
1746 5821 1922 5877 Judic.
1961 5839 2009 5886 γ,

2142 5821 2276 5887 ;lsa.
2313 5837 2363 5886 ιι,
2399 5822 2497 5887 22;
2528 5821 2685 5876 Rom.
2714 5838 2785 5889 rx,
2813 5823 2901 5875 27.
2981 5823 3000 5853 ⁸
3038 5821 3170 5877 Gen.
3198 5837 3361 5890 unt,
3386 5818 3585 5877 22-31.
