4074 6260
390 467 497 522 269

1411 455 1929 515 οιΑιιιιγιιυιιυιι
1970 458 2036 512 ΙΝ
2076 458 2377 515 GENESIM
2416 460 2544 515 LIB.
2587 461 2648 517 ν.

3554 465 3661 521 270

390 580 685 652 ἀπαίροντι
754 578 926 647 μέσης
979 576 1065 629 καὶ
1105 575 1202 643 τῆς
1246 571 1341 626 τοῦ
1395 573 1584 627 Λάϐαν
1621 571 1834 636 ἑστίας,
1873 570 1968 624 καὶ

2075 571 2417 635 excessisset,
2472 568 2721 640 atquein
2771 569 3011 639 patrium
3058 572 3417 629 contenderet
3457 575 3660 644 solum,

394 674 477 736 είς
504 669 605 741 τὴν
638 668 896 739 πατρῴαν
924 666 1093 719 ἐλθεῖν
1120 664 1491 719 διασπεύδοντι
1523 664 1648 734 γῆν,
1680 662 1831 717 πᾶσά
1850 679 1969 726 πως

2075 677 2295 717 necesse
2324 662 2484 732 plane
2534 671 2654 716 erat
2691 676 2794 731 per
2835 661 3008 716 Edom
3054 662 3159 716 iter
3200 662 3398 719 facere.
3442 664 3664 737 Optimo

395 759 467 832 ἦν
501 760 715 830 ἀνάγκη
752 759 821 811 δι’
868 755 1036 827 Ἐδὼμ
1069 755 1337 809 ποιεῖσθαι
1380 757 1480 826 τὴν
1522 741 1859 827 ἀποδρομῆν,
1892 758 1969 810 οἰ-

403 851 845 922 κονομικωτάτως
892 849 1007 902 λίαν
1043 850 1142 918 τὴν
1179 848 1316 918 πρὸς
1347 847 1438 901 τὸν
1476 847 1705 916 ἀδελφὺν
1748 849 1971 918 εἰρήνην

404 941 690 1013 ἠσπάζετο,
731 940 825 994 καὶ
844 939 909 1009 δὴ
936 939 1027 992 καὶ
1056 938 1322 1006 ἀγγέλους
1362 935 1540 1002 ξενίας
1567 935 1683 1005 ἅμα
1715 935 1972 1006 λαμπρὰς

406 1030 734 1104 προϐαδίξειν
781 1026 975 1094 εἷπενξ
1019 1031 1101 1083 ὅτι
1157 1029 1253 1083 καὶ
1286 1029 1450 1092 αὐτὸς
1498 1028 1768 1097 ὀψόμενος
1811 1026 1969 1097 ἥξει,

404 1123 676 1196 προσερῶν
704 1137 761 1175 τε
787 1121 907 1190 ἅμα
939 1124 1415 1191 προκαταμήνυειν
1443 1116 1661 1171 ἐκέλευε
1686 1116 1878 1189 δώροις
1910 1133 1972 1171 τε

396 1214 485 1269 καὶ
509 1213 688 1282 λόγοις
720 1212 1000 1267 τιθάσσων
1033 1212 1323 1280 ἀποφαίνει
1363 1210 1454 1263 τὸν
1499 1209 1667 1262 πάλαι
1707 1208 1956 1278 φονῶντα

391 1308 484 1361 καὶ
506 1305 876 1378 ἀγριαίνοντα.
920 1304 1136 1375 Ἐπειδὴ
1164 1304 1220 1357 δὲ
1239 1303 1490 1375 παρῆσαν
1520 1303 1570 1354 οἱ
1600 1299 1975 1372 προεσταλμέκ

392 1416 471 1451 νοι
497 1438 512 1459 ,
558 1395 846 1464 λέγοντες·
890 1416 908 1447 ι
962 1395 1238 1465 Ἥλθομεν
1288 1395 1423 1465 πρὸς
1467 1393 1560 1446 τὸν
1604 1392 1834 1461 ἀδελφόν
1879 1408 1974 1444 σου

403 1488 593 1551 Ἡσαῦ,
624 1490 722 1543 καὶ
770 1488 881 1541 ίδου
924 1489 1086 1551 αὐτὸς
1124 1487 1342 1559 ἔρχεταί
1391 1504 1473 1539 σοι
1513 1487 1593 1551 είς
1628 1488 1975 1556 συνάντησιν,

393 1582 491 1633 καὶ
523 1579 569 1633 ν’
597 1578 790 1650 ἄνδρες
826 1581 941 1649 μετ’
972 1578 1168 1634 αὐτοῦ·
1221 1597 1239 1628 ι
1287 1577 1539 1649 περιδεὴς
1583 1577 1640 1630 δὲ
1673 1572 1739 1647 ἦν
1776 1574 1918 1644 ἄγαν
1949 1574 1979 1625 ὁ

396 1668 684 1732 θεσπέσιος
733 1668 931 1723 Ἰακώϐ
957 1685 972 1699 ·
994 1670 1056 1722 οὐ
1090 1669 1197 1739 γὰρ
1230 1667 1369 1738 ἔχων
1406 1667 1597 1720 εἰδέναι
1638 1664 1823 1734 σαφῶς
1874 1679 1976 1716 πο-

395 1761 544 1830 τέρῳ
568 1759 633 1829 δή
658 1759 794 1829 φίλῳ
822 1762 915 1813 καὶ
945 1759 1203 1831 είρηνικῷ
1230 1757 1625 1829 περιτεύξεται,
1659 1756 1693 1826 ἢ
1726 1756 1802 1819 ὠς
1825 1754 1977 1808 οὐδὲν

399 1847 566 1923 ἧττον
596 1850 985 1921 ἀνεπτοημένῳ
1027 1849 1165 1920 πρὸς
1202 1849 1265 1902 τὸ
1308 1848 1458 1918 αὐτῷ
1491 1847 1716 1915 σύνηθες
1752 1845 1975 1917 θράσος,

2071 754 2239 824 igitur
2268 752 2500 808 consilio
2523 768 2710 823 pacem
2739 768 2863 807 cum
2913 752 3081 807 fratre
3119 755 3331 818 ambiit,
3366 765 3423 811 et
3452 759 3666 813 nuntiis

2072 860 2181 899 una
2205 859 2331 898 eum
2358 844 2657 914 splendidis
2701 844 3025 899 muneribus
3056 846 3250 915 praeire
3288 847 3475 918 jussis,
3515 849 3663 920 quod

2072 935 2189 1005 ipse
2220 950 2347 989 eum
2372 935 2593 989 visurus
2613 945 2668 991 et
2691 935 3120 1005 compellaturus
3144 938 3378 1004 veniret,
3410 935 3667 1009 praeiudi-

2073 1038 2198 1079 care
2217 1023 2396 1094 jussit,
2429 1023 2699 1094 donisque
2723 1031 2781 1078 et
2823 1024 3008 1078 verbis
3040 1035 3285 1081 veterem
3318 1027 3530 1084 hostem
3582 1030 3665 1086 fe-

2074 1116 2377 1171 rocientem
2401 1115 2581 1169 adhuc
2610 1116 2828 1185 placare
2860 1117 3162 1172 contendit.
3197 1118 3334 1174 Cum
3360 1136 3493 1176 vero
3516 1123 3663 1178 redi-

2074 1206 2247 1260 issent
2269 1207 2476 1270 nuntii,
2502 1206 2750 1262 dicentes
2786 1224 2798 1259 :
2839 1226 2857 1257 ι
2897 1208 3057 1279 168
3090 1209 3293 1265 lvimus
3319 1211 3387 1266 ad
3440 1212 3663 1269 fratrem

2077 1306 2232 1351 tuum
2250 1298 2415 1363 Esau,
2441 1307 2498 1353 et
2523 1313 2653 1353 ecce
2696 1298 2814 1369 ipse
2845 1301 2997 1354 venit
3027 1300 3123 1355 tibi
3169 1300 3226 1356 in
3252 1318 3564 1370 occursum,
3612 1318 3668 1360 et

2077 1387 2465 1457 quadringenti
2494 1387 2598 1442 viri
2630 1403 2756 1443 cum
2795 1403 2865 1443 eo
2895 1387 2941 1453 ⁸,
2979 1408 2997 1440 ι
3029 1391 3318 1459 perculsus
3350 1402 3436 1448 est
3460 1394 3667 1465 ingenti
3748 1373 3758 1391 9

2076 1479 2274 1534 timore
2295 1478 2463 1534 Iacob
2496 1496 2507 1531 :
2536 1481 2740 1550 quippe
2767 1480 2862 1549 qui
2893 1480 3234 1550 exploratum
3278 1500 3390 1539 non
3439 1485 3669 1540 haberet

2077 1582 2146 1621 an
2173 1582 2299 1622 eum
2328 1568 2567 1623 amicum
2597 1580 2654 1624 et
2700 1570 2989 1640 paciﬁcum
3022 1581 3167 1627 esset
3208 1573 3554 1642 offensurus;
3598 1592 3669 1631 an

2076 1673 2212 1713 vero
2235 1658 2596 1715 nihilominus
2613 1660 2774 1715 solita
2794 1660 2896 1730 ipsi
2918 1662 2999 1717 ira
3027 1674 3191 1732 atque
3221 1666 3519 1721 invidentia
3545 1682 3670 1736 per-

2078 1750 2269 1814 citum,
2321 1750 2628 1821 damnaque
2675 1751 3012 1807 molientem.
3048 1775 3066 1804 ‹
3102 1755 3431 1811 Transmisit
3485 1757 3668 1827 itaque

2077 1840 2243 1898 Jacoh
2292 1843 2473 1898 omnia
2496 1859 2617 1908 sua,
2666 1851 2724 1899 et
2745 1845 3006 1900 remansit
3034 1846 3185 1901 solus
3206 1848 3224 1878 ⁷
3254 1867 3267 1900 :
3307 1866 3324 1898 ι
3362 1848 3456 1913 ita,
3486 1858 3548 1903 ut
3574 1864 3668 1903 ar-

397 1942 583 1997 καὶτὰ
610 1944 674 1996 ἐκ
706 1941 900 2012 φθόνου
928 1942 1062 2013 δρᾷν
1090 1941 1372 2012 ᾑρημένῳ·
1400 1946 1435 1991 ἰ
1464 1940 1773 1992 Διεϐίϐασεν
1802 1941 1831 1992 ὁ
1871 1939 1976 1990 Ἰα-

2078 1934 2277 2001 hitror,
2306 1950 2490 1990 secum
2520 1944 2784 2001 statuens,
2830 1937 2977 2007 quod
3007 1940 3054 1995 si
3080 1953 3205 1993 eum
3237 1938 3450 1994 facilem
3477 1957 3541 1997 ac
3566 1941 3668 1998 be-

397 2024 517 2088 κῖυϐ
570 2034 752 2088 πάντα
794 2033 867 2087 ea:
914 2032 1115 2095 αὐτοῦ,
1164 2032 1259 2085 καὶ
1305 2030 1691 2103 ἀπομεμένηκε
1740 2028 1913 2099 μόνοςο
1947 2046 1966 2080 ι

394 2125 596 2189 ἐκεῖνο,
646 2119 804 2196 οἶμαί
826 2140 953 2191 που,
984 2122 1202 2185 πάντως
1248 2121 1373 2175 καθ’
1398 2121 1589 2176 ἑαυτὸν
1624 2118 1969 2191 ἐννενοηκὼς,

393 2217 470 2281 ὡς
502 2217 552 2269 εί
588 2216 689 2286 μὲν
728 2215 921 2285 ὀφθείη
967 2214 1200 2285 χρηστός
1256 2231 1315 2267 τε
1369 2215 1464 2266 καὶ
1503 2214 1692 2285 πρᾶος,
1740 2213 1972 2283 χαλεπὸν

390 2308 543 2363 οὐδὲν
567 2306 821 2379 παρεῖναί
850 2323 910 2360 τε
946 2307 1037 2359 καὶ
1060 2303 1819 2378 προσειπεῖν,διαϐιϐασθέντα
1858 2303 1970 2357 πά-

389 2400 473 2453 λιν
489 2398 693 2468 γύναιά
714 2414 775 2450 τε
805 2398 901 2450 καὶ
932 2397 1115 2451 τέκνα.
1135 2398 1197 2449 Εἰ
1218 2396 1275 2449 δὲ
1298 2398 1422 2467 ἥκοι
1454 2395 1684 2467 σκληρὸς
1722 2395 1818 2450 καὶ
1843 2395 1972 2449 δύσ-

388 2506 503 2562 ιρις
532 2489 633 2556 ἔτι,
665 2488 765 2542 καὶ
801 2488 895 2541 τοῦ
945 2489 1110 2559 φονᾷν
1144 2487 1245 2541 οὐκ
1276 2487 1535 2557 ἀμείνων,
1582 2487 1832 2555 φείσεται
1872 2487 1971 2556 μὲν

393 2581 618 2651 νηπίων,
646 2578 828 2633 καὶτὸ
859 2578 967 2632 τῶν
992 2578 1231 2647 γυναίων
1260 2577 1472 2647 ἐλεήσει
1505 2577 1758 2649 δάκρυον·
1804 2594 1971 2631 κατα-

389 2671 568 2727 λαϐὼν
615 2672 674 2726 δὲ
715 2669 879 2742 μόνον
924 2671 1384 2742 αὑτὸν,ἐκπλήσει
1431 2669 1499 2723 τὰ
1546 2671 1610 2723 ἐκ
1659 2669 1852 2741 θυμοῦ,
1878 2671 1971 2724 καὶ

391 2764 642 2835 ἀποχρῶν
676 2763 831 2818 ἔσται
870 2763 1007 2834 πρὸς
1036 2764 1261 2834 άρκεσιν
1295 2762 1446 2833 αὐτῷ
1473 2762 1567 2816 τοῦ
1605 2762 1969 2833 λελυπηκότος

394 2858 423 2910 ὁ
455 2858 701 2921 θάνατος.
732 2855 881 2928 Πλὴν
914 2858 996 2910 ὅτι
1025 2856 1119 2910 καὶ
1157 2856 1370 2919 ἐλπίδος
1404 2855 1660 2911 ἐπέκεινα
1695 2854 1851 2908 τοῦτο
1881 2856 1971 2909 αὖ·

400 2946 474 3018 τῷ
502 2947 811 3023 προϐέϐηκε
875 2947 1102 3019 δυνάμει
1154 2946 1323 3015 Θεοῦ,
1378 2947 1455 3010 ὡς
1513 2945 1818 3016 φθάσαντες
1868 2945 1968 3015 ἤδη

408 3039 744 3110 προείπομεν.
803 3058 821 3091 ι
886 3038 1233 3093 Ἦσπάσαντο
1279 3038 1389 3110 γάρ
1435 3038 1716 3109 ἀλλήλους.
1762 3056 1780 3087 ι
1837 3038 1969 3093 Ἀπὸ

408 3131 581 3184 τοίνυν
610 3130 697 3184 τοῦ
727 3129 1153 3201 συμϐεϐηκότος,
1187 3129 1281 3183 τοῦ
1305 3128 1602 3201 μυστηρίου
1626 3129 1723 3198 τὴν
1741 3127 1969 3198 δυνάμιν

404 3220 729 3275 ἐπαιδεύετο.
756 3220 943 3291 [litigii
972 3220 1092 3273 τίνα
1116 3219 1335 3292 τρόπον,
1364 3220 1472 3292 ἐρῶ
1498 3219 1561 3291 δὴ
1585 3219 1765 3275 πάλιν.
1796 3220 1968 3273 Διεϐί-

398 3311 532 3366 ϐασε
563 3312 662 3383 μὲν
691 3313 800 3383 γάρ
830 3312 1011 3366 πάντα
1044 3312 1209 3366 αὐτοῦ
1236 3312 1328 3365 τὸν
1356 3314 1713 3386 χειμάρρουν.
1756 3311 1969 3384 Ἐπειδὴ

394 3404 450 3458 δὲ
471 3405 862 3477 ἁπομεμένηκε
895 3404 1074 3476 μόνος,
1114 3404 1371 3461 ἐπάλαιεν
1403 3405 1688 3477 ἅνθρωπος
1727 3406 1843 3477 μετ’
1875 3408 1971 3460 αὐ-

394 3496 488 3550 τοῦ
526 3497 632 3560 ἐως
670 3497 836 3568 πρωΐ.
883 3497 987 3549 Τὸν
1038 3496 1137 3566 μὲν
1183 3493 1277 3551 οῦν
1319 3499 1760 3570 προσπαλαίοντα
1791 3517 1971 3570 φαμεν

396 3582 550 3651 ἅγιον
581 3582 836 3651 ἄγγελον,
870 3582 1038 3637 τύπον
1073 3584 1308 3656 Χριστοῦ
1340 3585 1431 3639 τοῦ
1468 3587 1589 3640 καθ’
1619 3590 1765 3658 ἡμᾶς
1795 3588 1880 3641 διὰ
1912 3589 1973 3642 τὸ

392 3671 755 3744 ἀνθρώπινον.
788 3673 912 3725 ’Ὁτι
954 3672 1010 3726 δὲ
1046 3674 1119 3745 μή
1166 3675 1260 3727 καὶ
1292 3675 1454 3739 αὐτὸς
1483 3679 1596 3740 τοῖς
1627 3677 1802 3742 ἄλλοις
1837 3679 1970 3749 ὁμοῦ

392 3763 545 3834 διέϐη
577 3763 671 3818 τὸν
696 3764 1050 3837 χειμάρρουν,
1086 3766 1205 3836 ήτοι
1231 3767 1324 3821 τὸν
1350 3766 1563 3839 ’1αϐὼχ,
1585 3768 1643 3833 ὃς
1671 3771 1971 3841 ἑρμηνεύε-

391 3871 483 3908 ται
511 3854 696 3924 πάλη,
734 3855 955 3924 γέγονεν
988 3856 1172 3920 αὐτοῖς
1291 3857 1523 3912 δοκοῦσα
1558 3860 1727 3931 μάχη.
1764 3863 1973 3925 Kal-rt;

392 3945 460 3999 ἂν
485 3949 656 4000 νοοῖτο
691 3946 852 4000 πάλιν
878 3948 907 4000 ὁ
934 3946 1088 4000 τοῦδε
1111 3947 1287 4016 λόγος,
1318 3949 1435 4019 ἤτοι
1466 3948 1592 4013 νοῦς
1622 3953 1650 4003 ὁ
1678 3952 1968 4015 ἐσωτάτω;

396 4035 540 4108 Πρὸς
578 4035 681 4107 μὲν
729 4035 838 4107 γάρ
868 4035 995 4098 τοὺς
1026 4035 1397 4101 διαϐαίνοντας
1439 4037 1530 4090 τὸν
1576 4037 1877 4106 Ἰορδάνην,
1910 4028 1973 4089 οὗ

396 4130 491 4184 καὶ
510 4132 594 4195 είς
630 4130 801 4183 τύπον
828 4131 858 4183 ὁ
904 4128 1114 4200 Ἰαϐὼχ,
1144 4130 1205 4182 οὐ
1235 4129 1456 4183 παλαίει
1483 4128 1737 4199 Χριστὸς,
1760 4129 1878 4181 οὐδὲ
1917 4132 1975 4182 ἐν

393 4219 548 4286 τάξει
567 4219 839 4290 πολεμίων
871 4219 905 4291 ἢ
952 4219 1260 4288 ἀντιπάλων
1289 4220 1526 4272 ποιεῖται
1563 4216 1691 4281 τοὺς
1716 4215 1784 4269 τὰ
1810 4217 1974 4270 αὐτοῦ

393 4309 669 4379 τιμῶντας
699 4310 994 4380 μυστήρια.
1031 4308 1296 4373 Διασώξει
1321 4308 1378 4361 δέ
1415 4307 1615 4379 μᾶλλον
1648 4307 1743 4361 καὶ
1770 4324 1975 4379 νενικη-

393 4398 554 4463 κότας
565 4398 656 4451 τὸν
672 4399 769 4451 κόσ
776 4415 894 4468 μον,
908 4398 984 4463 ὡς
998 4400 1054 4452 ἐν
1074 4399 1220 4470 μάχη
1231 4401 1297 4471 τῇ
1305 4437 1320 4464 ,
1336 4416 1407 4471 φη
1416 4396 1664 4470 μὶ,νοητῇ
1673 4438 1687 4461 ,
1702 4400 1973 4469 στεφανοῖ,

392 4491 487 4543 καὶ
540 4493 662 4554 ταῖς
711 4490 975 4545 ἀνωτάτω
1012 4490 1434 4562 καταφαιδρύνει
1486 4493 1693 4561 τιμαῖς.
1738 4492 1887 4563 Πάλη
1917 4492 1974 4545 δὲ

2079 2028 2308 2098 nignum
2331 2027 2694 2099 experiretur,
2719 2045 3064 2100 nequaquam
3087 2029 3302 2086 difﬁcile
3322 2031 3460 2097 fore,
3486 2033 3665 2104 ipsum

2079 2122 2231 2177 adire
2255 2129 2420 2192 atque
2448 2121 2671 2193 alloqui,
2703 2137 3012 2193 uxoresque
3044 2131 3099 2177 et
3129 2123 3269 2179 ﬁlios
3294 2139 3573 2181 revocare.
3607 2126 3666 2181 Si

2077 2231 2211 2270 vero
2241 2214 2454 2286 rigidus
2503 2215 2685 2270 adhuc
2712 2224 2767 2270 et
2792 2214 2958 2270 caedis
2986 2223 3252 2285 appetens
3277 2217 3511 2281 veniret,
3535 2233 3666 2287 par-

2078 2313 2231 2362 ceret
2261 2306 2483 2377 quidem
2508 2309 2715 2377 pueris,
2745 2307 3105 2377 femineisque
3130 2307 3385 2378 lacrymis
3406 2307 3474 2363 ad
3499 2308 3665 2363 mise-

2077 2396 2369 2453 ricordiam
2410 2407 2762 2455 moveretur:
2791 2400 2910 2470 ipso
2935 2413 3067 2454 vero
3101 2399 3496 2469 comprehenso
3529 2399 3666 2455 iram

2077 2504 2227 2544 suam
2265 2491 2529 2561 expleret,
2560 2490 2817 2562 quodque
2845 2491 2964 2563 ejus
2992 2491 3083 2562 qui
3134 2491 3313 2562 ipsum
3361 2491 3668 2547 offenderat

2075 2593 2242 2645 mors,
2268 2578 2414 2635 illius
2435 2581 2677 2636 furorem
2700 2582 3013 2652 mitigatura
3033 2591 3196 2638 esset.
3223 2581 3492 2637 Caaterum
3518 2583 3665 2653 quod

2076 2668 2189 2723 hzec
2206 2670 2388 2724 omnia
2413 2669 2537 2741 ipsi,
2565 2670 2676 2725 Deo
2700 2671 2947 2741 juvante,
2984 2672 3181 2726 melius
3203 2687 3365 2741 quam
3383 2672 3667 2726 existima-

2076 2774 2177 2826 rat,
2226 2764 2613 2827 successerint,
2657 2763 2767 2834 jam
2823 2763 3079 2819 diximus.
3142 2782 3160 2814 ι
3222 2763 3463 2819 Osculati
3515 2765 3666 2819 enim

2075 2863 2201 2908 sunt
2242 2869 2299 2908 se
2328 2855 2561 2909 invicem
2587 2853 2631 2908 ⁸.
2665 2875 2684 2906 ι
2717 2855 2797 2911 Ex
2823 2856 2928 2910 hoc
2974 2856 3142 2926 igitur
3171 2865 3371 2911 eventu
3421 2857 3665 2927 mysterii

2074 2948 2183 3001 vim
2199 2947 2540 3002 edoctusest.
2565 2947 2812 3014 Quanam
2830 2962 2963 3002 vero
2983 2947 3218 3011 ratione,
3245 2947 3442 3001 dicam.
3467 2947 3667 3003 Trans-

2077 3034 2226 3088 misit
2274 3035 2497 3104 quidem
2542 3034 2726 3090 omnia
2780 3050 2880 3090 sua
2939 3044 3238 3090 torrentem
3270 3055 3282 3089 :
3310 3051 3434 3090 cum
3480 3044 3665 3092 autem

2076 3125 2368 3179 mansisset
2395 3125 2565 3190 solus,
2594 3126 2832 3181 luctatus
2859 3134 2942 3181 est
2985 3142 3109 3182 cum
3140 3127 3255 3196 ipso
3297 3127 3462 3182 homo
3491 3143 3665 3199 usque

2076 3218 2143 3273 ad
2191 3233 2369 3274 mane.
2421 3217 2683 3273 Sanctum
2725 3218 2910 3289 itaque
2958 3218 3209 3289 angelum
3255 3219 3661 3283 colluctantem,

2075 3310 2312 3368 dicimus
2334 3326 2454 3368 esse
2491 3319 2677 3385 typum
2720 3302 2948 3379 Christi,
2980 3315 3133 3385 juxta
3158 3329 3219 3367 ac
3247 3330 3347 3369 nos
3378 3314 3505 3369 facti
3534 3331 3663 3386 pro-

2075 3413 2199 3475 pter
2224 3405 2648 3471 humanitatem,
2681 3404 2837 3472 Quod
2862 3421 2994 3461 vero
3026 3407 3141 3476 ipse
3185 3422 3528 3476 nequaquam
3556 3422 3665 3462 una

2074 3512 2200 3551 eum
2225 3497 2349 3552 aliis
2376 3498 2657 3553 transierit
2699 3506 2998 3553 torrentem
3034 3498 3147 3553 sive
3187 3498 3414 3564 Jahoch,
3453 3500 3546 3570 qui
3577 3500 3664 3555 in—

2076 3595 2407 3656 terpretatur
2452 3586 2614 3652 lucta,
2656 3586 2797 3642 facta
2829 3595 2913 3642 est
2958 3587 3089 3658 ipsis
3144 3588 3259 3642 bree
3297 3604 3417 3657 quae
3446 3590 3666 3645 videtur

2075 3693 2274 3749 pugna.
2303 3677 2561 3744 Quaenam
2589 3695 2720 3735 vero
2746 3676 2968 3735 rursum
3003 3680 3169 3751 hujus
3202 3681 3280 3735 rei
3311 3683 3451 3736 ratio
3498 3683 3667 3737 fuerit

2075 3778 2169 3823 aut
2196 3769 2431 3823 interior
2481 3770 2710 3825 sensus?
2760 3770 2897 3825 Cum
2940 3770 3008 3823 iis
3061 3771 3208 3824 enim
3237 3770 3331 3839 qui
3380 3780 3667 3827 transeunt

2075 3857 2391 3924 Iordanem,
2443 3860 2601 3928 cujus
2643 3872 2804 3929 typus
2861 3866 2947 3911 est
2995 3857 3224 3921 Jaboch,
3271 3872 3382 3910 non
3429 3859 3667 3913 luctatur

2074 3949 2349 4013 Christus,
2390 3965 2569 4018 neque
2600 3930 2745 4002 .loco
2799 3946 3041 4000 hostium
3089 3955 3183 3999 aut
3224 3945 3666 4003 adversariorum

2077 4040 2244 4094 habet
2275 4056 2371 4094 eos
2415 4039 2508 4107 qui
2550 4037 2725 4107 ipsius
2775 4036 3033 4106 mysteria
3075 4044 3430 4091 venerantur.
3485 4038 3667 4095 Salvat

2079 4146 2208 4185 vero
2230 4129 2436 4199 potius,
2463 4137 2518 4184 et
2543 4128 2779 4183 victores
2802 4126 2994 4182 mundi
3019 4126 3244 4182 eﬁ‘ectos
3278 4127 3360 4199 (ut
3402 4128 3459 4184 in
3497 4131 3665 4202 spiri-

2080 4220 2172 4276 tali
2206 4220 2468 4275 nimirum
2499 4217 2700 4291 pugna)
2736 4227 2984 4284 coronat,
3018 4235 3081 4275 ac
3114 4220 3388 4290 supremis
3437 4221 3665 4277 honori-

2076 4312 2179 4367 bus
2194 4320 2441 4368 exornat.
2468 4311 2678 4367 Nomen
2695 4327 2825 4366 vero
2840 4310 3052 4366 flumini
3074 4321 3157 4367 est
3178 4313 3344 4368 lucta.
3374 4334 3394 4366 ι
3418 4315 3663 4386 Regnum

2073 4402 2219 4458 enim
2236 4402 2500 4457 ccelorum
2524 4402 2631 4455 vim
2649 4402 2876 4472 patitur,
2891 4408 2947 4456 et
2962 4402 3186 4458 violenti
3205 4405 3568 4475 rapiuntillud
3583 4409 3624 4459 ν.
3641 4428 3656 4456 ι

2075 4492 2142 4546 Ει
2169 4508 2181 4543 :
2220 4510 2236 4540 ι
2270 4489 2511 4559 Angusta
2536 4488 2829 4543 admodum
2851 4497 2933 4543 est
2949 4490 3035 4543 via
3056 4504 3178 4560 qua:
3207 4490 3359 4545 ducit
3380 4491 3446 4544 ad
3474 4492 3662 4550 vitam,

391 4579 560 4650 ὄνομα
589 4580 666 4651 τῷ
694 4581 975 4652 ποταμῷ.ι
1000 4581 1203 4653 Βιαστὴ
1231 4582 1336 4653 γάρ
1362 4584 1511 4636 ἐστιν
1536 4584 1569 4654 ἡ
1600 4581 1846 4653 βασιλεία
1862 4582 1970 4635 τῶν

2075 4581 2345 4652 paucique
2369 4585 2496 4633 sunt
2533 4578 2625 4648 qui
2651 4579 2939 4633 inveniunt
2970 4580 3116 4633 illam
3157 4581 3219 4635 ‘°.
3265 4600 3281 4631 ι
3316 4579 3470 4647 Quod
3498 4581 3666 4651 igitur

391 4671 756 4742 οὐρανῶν,καὶ
785 4672 1000 4742 βιασταὶ
1027 4674 1366 4745 ἁρπάζουσιν
1381 4676 1572 4746 αὒτήν.
1590 4677 1777 4740 »Καὶμ
1803 4675 1970 4748 Στενὴ

391 4763 514 4816 λίαν
571 4764 605 4833 ἡ
633 4763 797 4833 πύλη,
824 4765 920 4818 καὶ
942 4763 1276 4837 τεθλιμμένη
1307 4767 1340 4837 η
1365 4766 1482 4830 ὁδὸς
1508 4767 1540 4838 ἡ
1568 4767 1851 4835 ἀπάγουσα
1892 4769 1972 4831 είς

389 4853 488 4924 τὴν
509 4853 674 4925 ζωήν,
695 4855 789 4907 καὶ
804 4853 974 4924 ὀλίγοι
992 4856 1128 4909 εἰσιν
1149 4856 1198 4908 οί
1218 4855 1561 4927 εὑρίσκοντες
1584 4858 1777 4928 αὑτήν.
1819 4859 1972 4911 »Ὅτι

388 4943 568 4997 τοίνυν
605 4944 831 5015 ἔμελλον
862 4944 1027 5018 [otii-:5
1068 4945 1262 5000 Ἰακὼϐ
1292 4946 1539 5017 ἐσόμενοι
1561 4949 1702 5002 κατά
1727 4950 1971 5019 καιροὺς,

389 5035 512 5088 οὔτε
540 5036 899 5107 διαϐήσεσθαι
927 5038 1017 5091 τὸν
1050 5038 1339 5111 Ἰορδάνην,
1366 5038 1745 5111 τουτέστι,τὴν
1763 5040 1851 5093 διά
1876 5038 1973 5094 τοῦ

391 5128 548 5197 ἁγίου
572 5128 953 5203 βαπτίσματος,
983 5129 1161 5202 χάριν,
1183 5133 1274 5185 καὶ
1308 5133 1535 5197 ἀνοσίως
1567 5133 1848 5203 ἀτιμάσαι,
1876 5136 1969 5187 καὶ

390 5218 553 5272 αὑτὸν
610 5219 667 5273 δὲ
714 5219 899 5273 λοιπὸν
952 5221 1247 5276 ἀντίπαλον
1281 5222 1423 5288 ἕξειν
1457 5223 1551 5276 τὸν
1589 5223 1966 5295 Ἐμμανουὴλ,

391 5309 654 5381 ὑπεδήλου
698 5310 760 5365 τδ
814 5313 1055 5380 γεγονός.
1094 5315 1217 5365 Ὅτι
1254 5314 1362 5384 γὰρ
1402 5315 1452 5366 οἱ
1490 5315 1565 5384 μὴ
1604 5313 1869 5384 τιμῶντες
1902 5317 1966 5383 τῇ

390 5399 573 5452 πίστει
632 5401 1192 5473 καταλογισθήσονται
1253 5405 1431 5473 πάντη
1488 5421 1548 5456 τε
1605 5405 1697 5457 καὶ
1749 5404 1964 5469 πάντως

386 5491 469 5553 εἰς
492 5491 1236 5564 ἀνθεστηκότας,πληροφορή
1246 5510 1327 5546 σει
1344 5493 1516 5563 λέγων
1537 5494 1696 5559 αὐτὸς
1710 5495 1737 5548 ὁ
1750 5495 1961 5564 Σωτήρ·

393 5599 412 5630 ι
460 5578 520 5633 Ὀ
555 5581 629 5653 μὴ
646 5581 723 5637 ὢν
750 5584 867 5652 μετ’
901 5583 1056 5653 ἐμοῦ,
1088 5583 1208 5637 κατ’
1236 5585 1371 5655 ἐμοῦ
1411 5587 1578 5640 ἐστιν.
1606 5605 1624 5637 ι
1668 5586 1829 5640 Ἀλλά
1849 5587 1964 5656 μετ’

390 5668 556 5723 αὐτοῦ
582 5672 679 5740 μὲν
705 5666 817 5725 εἷεν
839 5673 888 5725 οἱ
918 5675 1365 5738 πεπιστευκότες.
1416 5676 1641 5746 Ἀληθές
1671 5677 1728 5729 δὲ
1766 5677 1846 5730 ὅτι
1873 5675 1966 5728 καὶ

463 5790 485 5820 ⁸
508 5787 643 5846 Geu.
676 5806 842 5855 χχιιι,
869 5789 921 5845 6.
1033 5794 1051 5824 ⁷
1091 5794 1230 5852 lbid.
1277 5797 1362 5851 25.

394 5857 436 5891 ⁸³
474 5857 608 5916 Gen.
654 5876 818 5928 χχιιι,
855 5862 945 5927 24,
976 5860 1064 5917 25.

1477 5798 1496 5829 ⁸
1527 5796 1661 5852 Gen.
1699 5811 1881 5857 χχχιιι,
1913 5795 1964 5847 4.
2044 5796 2062 5824 ⁹
2096 5792 2284 5846 Matth.
2315 5805 2388 5853 χι,
2443 5786 2526 5838 12.
2609 5783 2650 5812 ¹⁰
2678 5781 2864 5839 Matth.
2888 5799 2982 5847 vn,
3016 5784 3100 5839 14.

2073 4670 2279 4743 posteri
2312 4669 2480 4725 Jaeob
2518 4684 2773 4725 successu
2828 4671 3108 4741 temporis,
3162 4686 3340 4741 neque
3369 4671 3661 4726 Jordanem

2077 4759 2359 4816 transituri
2391 4767 2576 4815 essent
2611 4759 2736 4831 (hoc
2769 4768 2854 4815 est
2883 4774 2982 4830 per
3004 4761 3232 4831 gratiam
3282 4760 3452 4815 sancti
3482 4760 3660 4830 bapti-

2078 4851 2287 4923 smatis)
2333 4852 2611 4923 impieque
2667 4852 2978 4923 despecturi
3013 4860 3214 4915 essent,
3268 4858 3433 4918 atque
3482 4850 3658 4918 ipsum

2076 4943 2422 5014 postmodum
2478 4944 2890 4998 Emmanuelem
2942 4940 3323 4997 adversarium
3396 4937 3657 5002 habituri,

2077 5051 2164 5090 res
2217 5035 2331 5090 hzec
2378 5033 2722 5104 signiﬁcavit.
2759 5033 2915 5099 Quod
2954 5033 3101 5085 enim
3155 5030 3193 5083 ii
3220 5028 3314 5099 qui
3353 5029 3514 5085 ﬁdem
3550 5048 3660 5086 non

2076 5128 2282 5189 colunt,
2334 5127 2521 5181 hostes
2556 5125 2613 5177 in
2660 5124 2979 5178 universum
3017 5120 3176 5192 169
3213 5121 3473 5175 censendi
3529 5122 3659 5180 sint.

2078 5219 2325 5274 Salvator
2370 5217 2486 5287 ipse
2538 5222 2792 5278 testatur,
2843 5213 3067 5268 dicens:
3106 5232 3123 5262 ι
3154 5211 3257 5277 Qui
3286 5227 3394 5265 non
3424 5219 3508 5266 est
3543 5230 3660 5269 me-

2076 5324 2220 5372 eum,
2254 5319 2443 5362 contra
2494 5320 2580 5359 me
2617 5314 2702 5358 est
2732 5304 2826 5355 υ.»
2891 5302 3055 5369 Atqui
3090 5314 3217 5354 eum
3260 5300 3379 5369 ipso
3412 5306 3659 5373 suntqui

2073 5399 2175 5468 ipsi
2200 5397 2391 5452 conﬁsi
2429 5403 2577 5450 sunt.
2615 5391 2772 5457 Quod
2804 5406 2936 5446 vero
2966 5389 3303 5444 contrarium
3336 5379 3530 5447 verum
3566 5397 3656 5455 sit.

2072 5506 2182 5560 quo
2209 5499 2367 5558 pacto
2397 5485 2624 5540 dubium
2645 5497 2764 5535 esse
2798 5482 3015 5552 potest?
3041 5482 3312 5537 Caeterum
3343 5503 3360 5535 ι
3397 5484 3660 5542 Luctatus

2073 5592 2176 5645 ρει,
2212 5600 2227 5630 ι
2249 5577 2447 5647 inquit,
2474 5593 2490 5623 ι
2516 5572 2682 5626 homo
2713 5585 2836 5625 cum
2857 5571 3023 5627 Jacob
3050 5587 3223 5641 usque
3249 5574 3315 5629 ad
3344 5591 3534 5642 niane;
3573 5580 3656 5631 vi-

2075 5675 2263 5742 ditque
2288 5667 2435 5739 quod
2470 5677 2580 5718 non
2610 5670 2795 5729 posset
2828 5665 3006 5735 ipsum
3035 5679 3294 5735 superare
3323 5668 3383 5719 ¹².
3419 5686 3437 5717 ι
3484 5668 3656 5723 Audis

3215 5785 3254 5815 “
3296 5784 3426 5839 Luc.
3461 5801 3535 5848 ιιι,
3563 5785 3652 5837 23.
