4074 6260
413 400 513 458 271

1425 389 1493 457 's,
1536 385 1810 443 cmeu
1849 351 2323 441 ALEXANDRINI
2359 385 2677 441 saeuus».

3562 384 3667 443 27!

414 532 524 588 quo
548 523 709 588 pacto
749 522 909 569 nocte
947 511 1096 564 lucta
1132 504 1320 563 habita
1343 506 1452 564 sit?
1482 503 1783 562 Procubuit
1815 510 1998 565 autem

2116 503 2162 558 τὸ
2188 503 2444 574 ἔμπαλιν,
2462 504 2578 567 πῶς
2607 505 2672 558 ἂν
2695 504 2984 559 ἐνδοιάσειέ
3006 520 3123 569 τις;
3158 502 3307 574 Πλὴν
3326 520 3344 556 ι
3378 501 3660 566 Ἑπάλαιε,

418 610 699 683 victusque
759 614 843 661 est
900 601 996 673 qui
1048 599 1408 673 impossibilia
1462 595 1727 659 tentabat,
1778 593 2000 662 Deoque

413 697 775 775 omnipotenti
830 709 1135 766 repugnare
1172 691 1410 755 volebat,
1458 687 1908 758 superioremque
1942 697 2001 739 se

414 773 647 851 evadere
685 803 845 861 posse
878 785 1124 857 putabat.
1158 782 1291 847 Hoc,
1334 790 1396 836 ut
1433 778 1692 842 arbitror,
1722 790 1805 830 εει
1857 773 2006 845 quod

415 896 471 951 et
514 884 739 941 divinus
787 879 959 935 David
990 877 1058 933 de
1108 874 1372 943 lsraelitis
1412 871 1580 936 canit,
1627 867 1774 941 quod
1815 865 2005 937 gravia

416 988 579 1052 atque
620 972 881 1031 immania
913 970 1179 1035 adversus
1212 981 1370 1021 suum
1408 964 1651 1035 ipsorum
1681 967 1845 1029 caput
1877 966 2001 1015 ten-

418 1048 607 1131 tarint,
634 1081 703 1120 ne
716 1064 893 1119 dicam
922 1060 1203 1116 Christum
1234 1076 1247 1111 :
1290 1076 1309 1106 ι
1348 1053 1740 1125 Cogitaverunt
1771 1048 2007 1105 consilia

416 1174 538 1230 qua:
562 1171 673 1212 non
700 1160 996 1230 potuerunt
1019 1148 1266 1205 stabilire
1292 1146 1355 1201 ³³.
1398 1165 1415 1196 ι
1450 1139 1795 1215 Repugnavit
1818 1140 2005 1210 itaque

416 1229 586 1305 Israel
617 1229 833 1302 Christo
860 1242 916 1297 in
953 1238 1194 1295 tenebris
1218 1235 1573 1296 constitutus,
1600 1232 1705 1285 hoc
1730 1238 1833 1297 est,
1860 1229 2003 1287 divi-

419 1355 546 1393 nam
573 1337 628 1391 in
662 1341 845 1391 mente
876 1332 1053 1386 lucem
1083 1341 1193 1381 non
1238 1324 1468 1386 habens,
1499 1336 1679 1390 neque
1711 1316 2002 1393 splenden-

420 1439 532 1486 tem
554 1427 720 1488 diem,
773 1436 951 1491 neque
984 1416 1274 1472 luciferum
1312 1410 1637 1482 spiritaliter
1680 1409 1737 1463 in
1768 1406 2007 1462 credens

422 1520 557 1576 tium
595 1513 854 1572 cordibus
884 1508 1240 1565 exorientem.
1286 1502 1595 1560 Permansit
1633 1498 1780 1554 enim
1824 1498 2005 1553 incre-

418 1612 602 1676 dulus,
634 1614 818 1677 atque,
849 1612 913 1658 ut
954 1598 1132 1668 inquit
1165 1594 1462 1666 propheta:
1496 1610 1513 1642 ι
1553 1587 2011 1660 Exspectantibus

418 1704 555 1777 ipsis
580 1703 780 1763 lucem,
805 1696 960 1750 factae
985 1699 1116 1746 sunt
1140 1689 1272 1767 ipsis
1299 1683 1537 1740 tenebrae
1564 1699 1577 1735 :
1632 1684 2011 1751 exspectantes

419 1770 788 1869 splendorem,
830 1789 888 1842 in
940 1783 1173 1853 caligine
1197 1777 1546 1835 ambularunt
1586 1773 1648 1827 “.
1691 1791 1709 1825 ι
1735 1770 2007 1827 Caeterum

421 1861 643 1941 divinus
659 1878 861 1935 Paulus
883 1874 951 1928 iis
970 1872 1065 1943 qui
1096 1886 1194 1941 per
1217 1867 1380 1923 ﬁdem
1405 1863 1689 1937 justiﬁcati
1710 1870 1858 1927 sunt,
1881 1861 2009 1916 illu-

420 1974 886 2041 minationemque
909 1983 1007 2038 per
1033 1962 1299 2035 Spiritum
1320 1958 1524 2028 adepti,
1551 1955 1762 2020 scribit,
1782 1953 2003 2009 dicens:

421 2069 547 2143 Non
565 2080 758 2124 sumus
779 2061 976 2124 noctis,
1000 2071 1178 2126 neque
1206 2052 1576 2114 tenebrarum,
1608 2046 1702 2105 sed
1742 2044 1838 2103 lilii
1868 2042 2010 2100 lucis

420 2173 483 2228 et
518 2138 626 2218 diei
661 2159 724 2212 ⁸³.
757 2176 775 2208 ι
823 2151 979 2221 Quod
1009 2163 1143 2205 vero
1179 2146 1491 2203 Judaaorum
1523 2138 1800 2210 imperitia
1839 2150 2007 2205 supe-

421 2255 598 2311 riores
625 2248 752 2305 facti
778 2245 911 2309 sint,
942 2238 1440 2305 convenientesque
1464 2232 1597 2303 ipsis
1618 2228 1874 2285 tenebras
1900 2225 2011 2292 dis-

420 2342 715 2405 cusserint,
755 2353 819 2393 ac
856 2330 1245 2406 praeterierint,
1278 2323 1549 2397 signiﬁcat
1578 2321 1806 2377 dicens:
1844 2336 1861 2369 ι
1890 2317 2010 2373 Nox

418 2432 723 2511 praecessit,
762 2427 881 2485 dies
925 2432 1107 2481 autem
1153 2413 1630 2490 appropinquavit.
1677 2407 2011 2481 Abjiciamus

422 2498 594 2600 igitur
613 2536 781 2595 opera
824 2516 1199 2577 tenebrarum,
1226 2517 1282 2564 et
1331 2505 1626 2563 induamur
1672 2516 1822 2559 arma
1849 2498 2010 2565 lucis,

416 2591 594 2679 veluti
619 2591 677 2668 in
703 2611 813 2676 die,
839 2608 1101 2666 decenter
1137 2599 1482 2657 ambulemus
1503 2596 1569 2650 ".
1601 2614 1619 2647 ι
1657 2593 1874 2649 Fideles
1907 2591 2011 2645 ita-

418 2722 533 2780 que
563 2706 620 2761 in
641 2704 729 2760 die
746 2708 1039 2759 versantur
1064 2690 1364 2749 :increduli
1408 2702 1561 2753 vero,
1587 2683 1761 2741 veluti
1777 2682 1834 2737 in
1849 2690 2012 2737 nocte

421 2772 480 2856 et
508 2796 770 2859 tenebris,
805 2794 1111 2863 repugnant
1133 2783 1372 2839 Christo.
1397 2779 1513 2837 Hoc
1538 2777 1789 2833 fecerunt
1806 2772 2014 2845 posteri

425 2890 613 2957 Iacob.
633 2886 905 2943 Caterum
924 2875 1215 2935 inferiores
1228 2873 1471 2936 fuerunt,
1493 2867 1842 2938 superatique
1861 2873 2011 2930 sunt,

426 2955 609 3051 neque
656 2985 803 3032 recte
843 2968 1139 3027 succedere
1171 2965 1372 3023 valent.
1423 2982 1440 3013 ι
1480 2959 1686 3032 Tetigit
1713 2957 1883 3023 enim,
1928 2955 2015 3009 in-

426 3045 567 3137 quit,
600 3065 765 3122 homo
798 3059 1012 3113 luctans
1042 3069 1164 3109 cum
1195 3052 1362 3109 Iacob
1397 3050 1744 3105 latitudinem
1789 3045 2016 3103 femoris

2102 596 2257 667 φησὶ,
2290 596 2429 666 μετὰ
2454 596 2645 652 Ἰακὼό
2682 599 2713 651 6
2740 596 3027 669 ἄνθρωπος
3052 596 3158 657 ἓως
3207 593 3374 666 πρωῒ,
3403 594 3503 653 καὶ
3528 588 3664 646 εἶδεν

2101 689 2184 741 ὃτι
2213 687 2519 742 ούδδύναται
2550 690 2688 757 πρὸς
2710 687 2892 743 αὐτόν.
2922 707 2940 739 ι
2979 686 3240 749 Ἀκούεις,
3270 686 3418 747 ὅπως
3440 686 3497 737 ἐν
3516 685 3671 737 νυκτὶ

2102 781 2326 849 γέγονεν
2365 782 2399 850 ἡ
2437 779 2580 851 πάλη
2612 797 2627 844 ;
2683 780 2970 852 Ἦλέγχετο
2999 779 3056 833 δέ
3104 777 3318 832 πίπτων
3359 776 3456 830 καὶ
3509 775 3671 829 νικώ-

2105 890 2287 949 μενος,
2321 874 2403 926 ὅτι
2428 872 2497 926 τὰ
2532 874 2799 943 ἀνέφικτα
2817 873 3021 940 ἐζήτει,
3048 869 3339 939 θεομαχεῖν
3372 866 3668 938 ᾑρημένος,

2104 965 2198 1018 καὶ
2220 964 2642 1034 περισσεύεσθαι
2673 963 2769 1016 τοῦ
2799 964 2977 1017 πάντα
3007 959 3284 1031 ἰσχύοντος
3313 954 3670 1020 Θεοῦ.Τοῦτό,

2103 1049 2279 1126 οἶμαι,
2320 1055 2489 1117 ἐστὶν,
2525 1055 2662 1124 ὅπερ
2691 1053 2798 1123 ἔφη
2824 1051 3043 1122 ψάλλων
3068 1050 3162 1105 καὶ
3197 1051 3225 1102 6
3251 1048 3536 1109 θεσπέσιος
3564 1046 3671 1099 Δα-

2105 1146 2193 1205 ϐιδ
2219 1146 2349 1215 περὶ
2381 1145 2491 1199 τῶν
2514 1145 2574 1212 ἐξ
2612 1143 2829 1214 Ἰσραὴλ
2848 1182 2864 1207 ,
2887 1143 2968 1195 ὅτι
2984 1139 3137 1193 δεινὰ
3167 1137 3309 1193 κατὰ
3332 1137 3430 1205 τῆς
3462 1133 3673 1188 ἑαυτῶν

2105 1238 2347 1308 κεφαλῆς
2374 1238 2718 1296 ἐσκέπτοντο,
2747 1235 2836 1289 ἵνα
2869 1233 2943 1304 μὴ
2974 1231 3186 1301 λέγοιμι
3221 1225 3478 1300 Χριστοῦ·
3525 1245 3544 1277 ι
3581 1229 3672 1278 Δι-

2105 1330 2416 1398 ελογίσαντο
2431 1327 2623 1398 βουλὴν
2646 1328 2711 1398 ἢν
2722 1326 2783 1380 οὐ
2808 1325 2882 1396 μὴ
2897 1324 3156 1377 δύνωνται
3180 1321 3394 1389 στῆσαι.
3429 1336 3471 1368 »κ
3505 1317 3675 1386 Ἐμςμ

2106 1423 2330 1494 χαίσατο
2355 1421 2528 1475 τοίνυν
2550 1423 2578 1474 ὁ
2619 1418 2835 1489 Ἰσραὴλ
2852 1416 2930 1487 τῷ
2961 1415 3201 1487 Χριστῷ,
3225 1414 3282 1464 ἐν
3310 1411 3485 1478 σκότῳ
3517 1423 3679 1476 γεγοο

2106 1513 2232 1577 νὼς,
2249 1513 2518 1575 τουτέστι,
2534 1512 2624 1564 τὸν
2658 1510 2799 1575 θεῖον
2821 1509 2946 1563 νοῦν
2974 1510 3053 1570 εἰς
3074 1502 3352 1574 φωτισμὸν
3381 1501 3485 1554 οὐκ
3515 1498 3676 1569 ἔχων,

2107 1602 2235 1656 οὔτε
2273 1602 2379 1673 μὴν
2415 1601 2512 1672 τὴν
2552 1601 2954 1669 διαυγάζουσαν
2984 1596 3200 1667 ἡμέραν
3223 1635 3238 1659 ,
3282 1591 3405 1645 οὔτε
3449 1589 3541 1642 τὸν
3584 1590 3682 1642 div-

2112 1694 2327 1766 ίσχοντα
2367 1694 2571 1764 νοητῶς
2605 1693 2879 1763 ἑωσφόρον
2921 1692 2979 1743 ἐν
3015 1692 3135 1751 ταῖς
3168 1685 3277 1740 τῶν
3309 1682 3681 1738 πιστευόντων

2107 1786 2380 1858 καρδίαις.
2413 1786 2793 1857 Διαμεμένηκε
2822 1784 2931 1855 γὰρ
2956 1779 3211 1848 ἀπειθὴς,
3241 1777 3337 1832 καὶ
3377 1774 3453 1837 ὼς
3487 1775 3515 1826 6
3546 1787 3684 1842 προο

2109 1880 2287 1949 φήτης
2310 1878 2502 1948 φησὶν,
2537 1896 2557 1929 ι
2608 1875 3044 1947 ’Υπομεινὰντων
3078 1869 3259 1926 αὐτῶν
3293 1866 3428 1935 φῶς.
3462 1862 3688 1931 ἐγένετο

2110 1971 2292 2033 αὐτοῖς
2327 1969 2546 2033 σκότος’
2584 1968 2868 2037 μείναντες
2900 1963 3094 2033 αὐτὴν,
3125 1965 3183 2016 ἐν
3209 1959 3385 2028 ἀωρίᾳ
3414 1953 3687 2026 περιεπά-

2109 2077 2298 2132 τησαν.
2345 2078 2365 2112 ι
2415 2059 2555 2113 Ἀλλ’
2585 2061 2676 2127 ὅγε
2704 2057 2989 2120 θεσπέσιος
3015 2051 3246 2116 Παῦλος.
3277 2052 3391 2112 τοῖς
3417 2049 3475 2101 ἐν
3500 2045 3688 2096 πίστει

2110 2150 2574 2221 δεδικαιωμένοις,
2600 2151 2696 2205 καὶ
2733 2149 2826 2203 τὸν
2857 2147 2946 2202 διὰ
2976 2139 3295 2216 Πνεύματος
3338 2133 3680 2206 πλουτισμδν

2111 2243 2615 2312 ἐκπεπλουτηκόσιν
2670 2239 3010 2304 ἐπιστέλλει,
3062 2236 3257 2305 λέγων·
3297 2254 3316 2286 ι
3363 2232 3477 2288 υύκ
3516 2227 3691 2299 ἐσμὲν

2110 2332 2327 2396 νυκτὸς,
2354 2330 2476 2384 οὐδὲ
2509 2330 2756 2395 σκότους,
2790 2327 2904 2383 ἀλλ’
2933 2326 3040 2380 υἱοὶ
3070 2324 3247 2395 φωτὸς
3273 2322 3368 2376 καὶ
3393 2318 3626 2391 ἡμέρας.
3664 2332 3685 2367 ι

2115 2424 2237 2477 Ὀτι
2274 2422 2332 2476 δὲ
2370 2420 2625 2492 ἀμείνους
2662 2420 2764 2490 τῆς
2802 2418 3071 2474 Ἰουδαίων
3112 2413 3355 2485 ἀμαθίας
3401 2408 3690 2481 γεγόνασι,

2113 2511 2207 2566 καὶ
2233 2510 2323 2565 τδν
2365 2509 2595 2574 ἐκείνοις
2633 2509 2914 2580 πρέποντα
2946 2505 3266 2576 παρήλασαν
3300 2501 3492 2556 σκότον
3523 2540 3539 2565 ,
3576 2497 3693 2550 ὑπε-

2113 2603 2300 2676 εδὴλου
2330 2601 2666 2676 προστιθείς·
2708 2619 2729 2653 ι
2764 2601 2832 2654 Ἦ
2854 2599 2952 2663 νὺξ
2981 2594 3305 2668 προέκοψεν,
3336 2595 3371 2663 η
3404 2591 3461 2646 δέ
3503 2588 3697 2661 ἡμέρα

2112 2696 2364 2767 ἦγγικεν.
2408 2691 2764 2762 Ἀποθόῳεθα
2794 2686 2887 2745 οὖν
2914 2690 2981 2743 τὰ
3012 2688 3149 2759 ἔργα
3176 2684 3270 2739 τοῦ
3307 2683 3563 2745 σκάτους,
3594 2678 3700 2735 καὶ

2114 2782 2466 2855 ἐνδυσώμεθα
2487 2781 2556 2837 τά
2574 2781 2713 2836 ὅπλα
2738 2778 2833 2834 τοῦ
2859 2779 3054 2849 φωτός·
3082 2777 3156 2840 ὡς
3195 2776 3252 2829 ἐν
3274 2772 3478 2845 ἡμέρᾳ,
3498 2770 3701 2840 εὐσχη-

2119 2877 2293 2950 μόνως
2324 2874 2810 2947 περιπατήσωμεν.
2860 2889 2878 2922 ι
2916 2867 3151 2946 Οὐκοῦν,
3183 2868 3241 2921 ἐν
3280 2864 3466 2935 ἡμέρᾳ
3497 2862 3597 2933 μὲν
3646 2860 3700 2913 οι

2118 2969 2536 3032 πιστεύσαντες,
2580 2968 2626 3020 οἱ
2672 2963 2729 3018 δὲ.
2770 2960 3014 3023 ἀπειθεῖς
3059 2958 3134 3021 ὡς
3175 2957 3234 3010 ἐν
3278 2957 3433 3011 νυκτὶ
3489 2952 3584 3007 καὶ
3634 2953 3702 3005 ἐν

2120 3061 2296 3132 σκότῳ
2344 3059 2607 3131 μάχονται
2652 3053 2729 3126 τῷ
2763 3050 3002 3122 Χριστῷ.
3046 3046 3218 3101 Τοῦτο
3262 3042 3609 3115 πεπράκασιν
3644 3039 3693 3093 oi

424 3129 627 3228 ipsius,
667 3162 722 3209 et
749 3148 1018 3206 emarcuit
1047 3143 1281 3202 latitudo
1312 3142 1535 3199 femoris
1566 3139 1735 3197 Iacob
1775 3153 1899 3195 cum
1926 3137 2015 3191 lu-

2119 3154 2180 3220 ἐξ
2229 3151 2458 3214 Ἰακὼϐ,
2499 3148 2639 3217 πλὴν
2687 3143 3024 3214 ἠσθενήκασι
3074 3134 3170 3193 καὶ
3216 3135 3562 3203 νενίκηνται,
3599 3129 3703 3183 καὶ

428 3238 674 3306 ctaretur
703 3257 828 3298 cum
867 3241 986 3310 ipso
1016 3239 1079 3291 ".
1117 3257 1134 3288 ι
1158 3235 1298 3304 Quid
1326 3250 1457 3295 vero
1479 3234 1571 3289 hic
1600 3229 2018 3301 intelligendum

430 3339 525 3405 sit,
565 3352 662 3408 age
707 3350 808 3406 pro
833 3347 899 3387 eo
925 3346 986 3386 ac
1025 3329 1144 3385 ﬁeri
1196 3336 1376 3400 potest
1400 3326 1666 3385 dicamus.
1716 3323 1918 3379 Femur
1961 3320 2021 3377 in

430 3428 604 3487 sacris
624 3425 848 3481 Litteris
875 3432 936 3478 ut
958 3421 1254 3492 plurimum
1301 3427 1486 3491 partes
1512 3416 1580 3470 ad
1615 3413 2020 3486 generationem

432 3517 772 3586 necessarias
818 3513 1108 3585 signiﬁcat,
1166 3511 1447 3580 ipsamque
1489 3506 1646 3568 adeo,
1681 3520 1805 3574 qua:
1848 3502 2020 3558 veluti

431 3627 502 3676 ex
528 3610 634 3664 hoc
689 3608 768 3671 lit,
821 3603 1252 3678 generationem.
1309 3599 1525 3655 chori
1569 3597 1717 3657 enim
1765 3595 2022 3653 omnibus

432 3699 680 3763 membra
709 3692 1096 3769 proliﬁcationi
1145 3700 1269 3762 apta
1297 3689 1566 3761 adjacent.
1614 3687 1825 3745 Idcirco
1854 3687 2021 3742 etiam

432 3791 630 3847 beatus
654 3788 950 3851 Abraham,
977 3783 1197 3855 quando
1220 3796 1439 3841 servum
1462 3795 1621 3841 suum
1663 3794 1888 3836 uxorem
1910 3776 2025 3835 ﬁlio

433 3899 535 3938 suo
556 3882 705 3937 lsaac
728 3879 1089 3951 quaesiturum
1121 3874 1178 3928 in
1201 3871 1645 3943 Mesopotamiam
1666 3870 1829 3940 17o
1849 3869 2018 3935 misit,

429 3973 617 4044 jurare
663 3971 845 4042 jussit,
893 3969 968 4024 ita
1020 3967 1257 4024 dicens:
1316 3982 1335 4014 ι
1400 3962 1548 4018 Pone
1592 3975 1816 4016 manum
1869 3967 2021 4015 tuam

435 4079 602 4134 super
623 4056 804 4123 femur
842 4074 1026 4123 meum
1071 4058 1134 4125 ⁸⁸,
1168 4077 1185 4109 ι
1220 4056 1325 4110 hoc
1348 4061 1455 4119 est,
1511 4054 1638 4125 jura
1690 4067 1789 4123 per
1825 4051 2019 4116 Deum,

433 4153 602 4207 etiam
638 4165 739 4221 per
770 4164 866 4204 eos
891 4148 985 4217 qui
1011 4145 1182 4199 futuri
1206 4150 1422 4197 suntex
1452 4155 1539 4195 me
1567 4148 1625 4194 et
1643 4139 1853 4194 semine
1875 4138 2024 4195 heri-

437 4243 497 4297 li.
529 4241 729 4296 Femur
761 4238 947 4306 itaque
984 4249 1081 4289 eos
1106 4232 1203 4302 qui
1227 4246 1294 4285 ex
1317 4229 1525 4284 femore
1546 4228 1823 4292 oriuntur,
1852 4229 2022 4300 signi-

439 4333 586 4388 ﬁcat.
655 4325 943 4384 Emarcuit
1016 4323 1186 4394 igitur
1237 4320 1418 4374 femur
1471 4316 1660 4374 Jacob.
1735 4315 2024 4373 Claudica-

437 4434 645 4487 γει-ιιηι
658 4422 808 4482 enim
833 4420 928 4490 qui
953 4433 1023 4478 ex
1038 4416 1247 4472 femore
1276 4412 1449 4485 ipsius
1472 4411 1578 4467 orti
1613 4420 1762 4477 sunt,
1788 4411 1895 4466 hoc
1918 4420 2024 4477 est,

2119 3240 2428 3315 ὁρθοποδεῖν
2468 3238 2568 3291 οὐκ
2596 3235 2829 3306 ἔχουσιν.
2868 3251 2885 3283 ι
2925 3229 3141 3299 Ἥψατο
3176 3246 3193 3277 ι
3240 3223 3409 3294 γὰρ,ι
3428 3221 3627 3291 φησὶν,
3671 3220 3704 3273 6

2119 3331 2361 3385 παλαίων
2391 3327 2675 3399 ἄνθρωπος
2719 3322 2857 3394 μετὰ
2906 3320 3001 3375 τοῦ
3090 3315 3285 3372 Ἰακὼό
3318 3312 3413 3368 τοῦ
3457 3312 3701 3373 πλάτους

2118 3422 2212 3477 τοῦ
2246 3419 2421 3493 μηροῦ
2455 3415 2640 3480 αὐτοῦ,
2674 3416 2768 3469 καὶ
2807 3412 3081 3483 ἐνάρκησε
3120 3408 3184 3461 τδ
3221 3404 3424 3466 πλάτος
3452 3400 3549 3455 τοῦ
3588 3417 3700 3472 μη-

2125 3512 2216 3585 ροῦ
2248 3490 2456 3563 λιακὼϐ
2493 3507 2551 3561 ἐν
2582 3505 2661 3575 τῷ
2694 3502 2943 3558 παλαίειν
2985 3499 3148 3554 αὑτὸν
3195 3496 3312 3568 μετ’
3341 3492 3534 3550 αὑτοῦ.
3577 3510 3599 3542 ι
3632 3490 3701 3546 Τί

2119 3584 2177 3657 δὲ
2207 3601 2272 3673 δὴ
2306 3600 2414 3672 ἄρα
2454 3594 2749 3653 κάντεῦθεν
2782 3593 3075 3662 είσόμεθα,
3119 3589 3250 3659 φέρε
3291 3586 3565 3655 λέγωμεν.
3613 3584 3703 3647 Ὠς

2118 3693 2176 3747 δέ
2201 3697 2229 3747 6
2257 3692 2429 3764 μηρὸς
2460 3690 2535 3755 ὼς
2573 3689 2776 3742 ἐπίπαν
2808 3686 2961 3756 παρά
2991 3699 3055 3751 γε
3083 3684 3151 3752 τῇ
3185 3677 3528 3746 θεοπνεύστῳ
3555 3675 3701 3746 Γρα-

2121 3786 2195 3855 φῇ
2227 3783 2296 3838 τὰ
2328 3785 2406 3848 είς
2437 3781 2644 3836 τέκνων
2680 3777 2845 3849 γονὴν
2874 3776 3149 3844 ἀναγκαῖα
3186 3769 3281 3825 τοῦ
3314 3768 3567 3839 σώματος
3605 3766 3703 3819 ὑπ·

2121 3876 2376 3949 εμφαίνει
2417 3873 2604 3946 μόρια,
2642 3872 2739 3925 καὶ¹
2768 3867 2939 3938 αὐτὴν
2974 3866 3030 3919 δέ
3060 3862 3248 3918 λοιπὸν
3294 3859 3371 3924 ὡς
3404 3860 3471 3912 ἐκ
3499 3857 3703 3911 τούτου

2120 3968 2219 4040 τὴν
2261 3966 2445 4037 γονήν.
2492 3964 2630 4035 Περὶ
2675 3962 2885 4034 μηροὺς
2925 3958 3035 4029 γάρ
3080 3956 3254 4010 ἅπασι
3288 3952 3359 4006 τὰ
3400 3949 3705 4018 παιδογὸνα

2121 4037 2300 4121 κεῖται
2326 4057 2487 4129 μέλη.
2524 4055 2635 4110 Καὶ
2662 4052 2792 4122 γοῦν
2820 4052 2851 4105 6
2882 4050 3150 4121 μακάριος
3186 4041 3460 4113 Ἀδραὰμ,
3494 4040 3589 4129 ὅτε
3613 4037 3704 4092 τὸν

2122 4128 2346 4223 ¹ῃνὴσιον
2383 4146 2602 4216 οἰκέτην
2644 4143 2880 4214 γυναῖκα
2915 4137 3227 4209 ληψόμενον
3266 4132 3345 4205 τῷ
3391 4128 3583 4190 Ἱσαὰηκ
3622 4128 3713 4191 είς

2119 4219 2225 4311 τὴν
2245 4238 2352 4309 τῶν
2372 4234 2634 4307 ποταμῶν
2655 4229 2931 4303 ἐξέπεμψε
2954 4229 3146 4301 μέσην,
3165 4223 3387 4297 ὀμνύειν
3419 4219 3701 4283 ἐκέλευεν.

2123 4309 2271 4387 οὕτω
2306 4329 2502 4399 λέγων·
2552 4346 2579 4379 ι
2619 4326 2722 4389 Gtt:
2768 4325 2868 4395 τὴν
2912 4319 3072 4395 χεῖρά
3113 4335 3208 4373 σου
3255 4315 3363 4371 ὑπὸ
3390 4315 3484 4368 τὸν
3527 4309 3707 4384 μηρόν

2130 4436 2231 4490 μου
2254 4438 2267 4451 ·
2305 4437 2325 4471 ι
2358 4416 2630 4483 τουτέστι,
2664 4412 2899 4485 ὐμνυθι
2930 4409 3071 4467 κατὰ
3100 4406 3259 4473 Θεοῦ,
3287 4405 3383 4460 καὶ
3424 4400 3579 4461 κατὰ
3594 4399 3709 4454 τῶν

438 4517 541 4589 qui
559 4532 628 4573 ex
646 4510 834 4573 Israel.
851 4488 1153 4576 _Testisque
1176 4513 1262 4563 est
1284 4504 1403 4575 ipse
1421 4502 1690 4569 Salvator,
1713 4519 1814 4575 per
1835 4517 2015 4558 vocem

2127 4488 2407 4583 ἐσομένων,
2445 4506 2507 4573 ἐξ
2551 4504 2685 4578 ἐμοῦ
2704 4544 2722 4572 ,
2765 4504 2863 4563 καὶ
2904 4502 3071 4574 γονῆς
3105 4500 3206 4569 τῆς
3247 4491 3600 4560 δεσποτικῆς.
3646 4488 3708 4542 '0

440 4607 613 4671 David
634 4607 715 4663 ita
739 4603 974 4661 dicens:
1017 4617 1045 4659 ι,
1066 4598 1191 4655 Filii
1238 4596 1404 4655 alieni
1445 4595 1728 4655 inveterati
1780 4603 1927 4659 sunt,
1965 4603 2024 4652 et.

442 4697 901 4770 claudicaverunt
930 4707 964 4751 a
989 4688 1202 4747 semitis
1256 4686 1371 4743 suis
1398 4688 1466 4739 ".
1501 4705 1519 4738 ι
1560 4685 1721 4752 Quod
1745 4699 1876 4740 vero
1915 4684 2025 4753 spi-

443 4789 707 4849 ritualem
742 4781 1199 4845 claudicationem
1231 4791 1426 4849 passus
1466 4776 1540 4830 sit
1583 4775 1775 4839 Israel,
1808 4775 2025 4844 sapiens

442 4879 610 4939 etiam
634 4874 839 4947 Paulus
864 4869 1038 4932 novit,
1067 4867 1272 4925 Scribit
1293 4865 1477 4935 itaque
1500 4865 1666 4921 etiam
1701 4864 1816 4934 ipse
1844 4882 1856 4917 :
1889 4883 1905 4914 ι
1935 4863 2024 4919 Id-

442 4972 592 5025 circo
627 4980 824 5033 manus
852 4962 1106 5025 remissas
1131 4966 1189 5016 et
1212 4973 1388 5033 genua
1422 4957 1688 5015 dissoluta
1724 4955 1940 5026 erigite,
1971 4964 2026 5010 et

443 5059 665 5116 semitas
692 5063 868 5111 rectas
906 5053 1064 5113 facite
1094 5050 1327 5121 pedibus
1353 5048 1553 5105 vestris
1571 5048 1637 5113 '°,
1673 5066 1693 5100 ι
1722 5062 1791 5102 ne
1815 5045 2025 5101 claudi-

444 5149 589 5205 catio
618 5148 963 5214 detorqueat,
987 5149 1215 5197 curetur
1230 5148 1422 5194 autem
1443 5139 1643 5208 potius.
1662 5136 1869 5191 Medela
1895 5150 2025 5190 vero

444 5234 823 5309 hujuscemodi
884 5228 1310 5293 claudicationis
1360 5242 1470 5282 non
1528 5226 1687 5280 aliter
1732 5224 1825 5280 ﬁat
1860 5240 2026 5294 quam

443 5346 544 5402 per
570 5329 740 5385 solam
791 5327 846 5381 in
888 5325 1169 5381 Christum
1210 5321 1373 5377 ﬁdem
1422 5328 1481 5376 et
1510 5315 1881 5373 dilectionem.
1922 5315 2027 5382 Qui

445 5429 627 5476 autem
655 5419 816 5474 ﬁdem
847 5434 955 5472 non
982 5422 1366 5484 susceperunt,
1399 5408 1789 5465 manseruntin
1812 5407 2027 5463 claudi-

446 5510 661 5565 catione
695 5517 751 5563 et
789 5508 843 5562 iu
879 5522 1107 5562 excessu
1148 5504 1347 5567 morbi,
1388 5502 1545 5572 juxta
1576 5499 1722 5554 beati
1748 5498 1901 5554 Pauli
1928 5515 2027 5555 vo-

482 5682 485 5689 “
522 5708 567 5741 ιι
593 5705 732 5761 p531,
772 5721 861 5768 xx,
886 5706 965 5758 t2.
1043 5706 1086 5736 ”
1118 5704 1219 5757 lsa.
1248 5718 1351 5766 th,
1382 5702 1435 5758 9.

482 5778 655 5835 "Paul
707 5762 949 5840 “11,66.
1028 5775 1074 5807 ’θ
1103 5771 1270 5827 Hebr.
1308 5762 1400 5838 xtl,
1450 5762 1537 5840 12,
1578 5771 1666 5827 15.

2127 4601 2300 4675 μηρὸς
2324 4596 2419 4656 οὖν
2439 4637 2455 4663 ,
2485 4597 2616 4662 τοὺς
2646 4597 2719 4655 ἐκ,
2759 4593 2952 4666 μηρῶν
2991 4591 3337 4675 σημαίνεται.
3398 4583 3725 4675 Ὲνάιρκηξε.

2358 4691 2388 4744 6
2412 4689 2583 4763 μηρὸς
2625 4685 2840 4741 Ἰακώϐ.
2904 4666 3223 4753 Ἐχώλαναν
3267 4673 3377 4746 γὰρ
3407 4673 3458 4726 οἱ
3504 4672 3570 4729 ἐκ
3592 4665 3709 4763 τῷν

2128 4782 2321 4861 μηρῶν
2361 4757 2527 4835 αῦτοῦ
2560 4776 2878 4847 γεγονότες,
2917 4772 3199 4828 τουτέστιν
3219 4807 3235 4833 ,
3265 4768 3316 4822 οἱ
3345 4763 3406 4832 ἐξ
3442 4757 3708 4861 ἐισραρλ.

2128 4845 2237 4925 ἦ(άῖ
2279 4869 2489 4942 μάρτυς
2525 4845 2688 4931 αύτδς
2723 4867 2755 4919 6
2796 4863 2989 4936 Σωτὴρ
3022 4861 3115 4919 διὰ
3150 4856 3336 4928 φωνῆς
3375 4851 3471 4913 τοῦ
3515 4845 3707 4942 Δασξιδτ

2130 4936 2499 5028 οὓτω-λάων·
2544 4976 2563 5011 ι
2617 4955 2739 5013 Υίοὶ
2779 4953 3054 5025 ἀλλότριοι
3092 4944 3391 5021 ἐψεύσαντό
3433 4955 3546 5014 μοι’
3596 4936 3712 5028 uio!

2131 5027 2403 5121 ἀλλότριοι
2429 5044 2875 5115 ἐπαλαιώθησαν,
2901 5044 2995 5105 καὶ
3017 5040 3299 5113 ἐχώλαναν
3321 5034 3430 5090 ἀπὸ
3453 5031 3564 5086 τῶν
3589 5046 3619 5082 τ
3627 5027 3711 5100 ρί-

2131 5140 2245 5195 ϐων
2287 5139 2486 5195 αὐτῶν.
2540 5157 2558 5191 ι
2594 5139 2716 5192 Ὅτι
2770 5137 2826 5190 δέ
2865 5135 3151 5208 χωλότητα
3189 5128 3389 5200 νοητὴν
3423 5120 3713 5195 ὕπομεμέο

2132 5246 2296 5299 vnst
2345 5232 2375 5284 6
2439 5228 2688 5300 Ἰσραὴλ,
2736 5228 2832 5283 καὶ
2863 5229 2893 5280 6
2939 5224 3103 5295 σοφὸς
3150 5221 3421 5294 ἠπίστατο
3469 5212 3709 5274 Παῦλος.

2132 5322 2339 5393 Γράφει
2369 5321 2497 5391 γοῦν
2542 5322 2637 5377 καὶ
2666 5319 2848 5383 αὑτός·
2887 5338 2905 5369 ι
2945 5316 3039 5370 Διὸ
3063 5314 3162 5378 τὰς
3207 5307 3546 5382 παρειμένας
3594 5303 3719 5393 xei-

2134 5392 2255 5485 ρας,
2281 5413 2376 5465 καὶ
2409 5413 2477 5466 τὰ
2506 5408 2927 5483 παραλελυμένα
2958 5405 3163 5474 γόνατα
3199 5396 3576 5470 ἀνορθώσατε,
3614 5392 3715 5485 καὶ

2133 5474 2355 5573 τροχιὰς
2376 5501 2561 5574 ’ὁρθὰς
2586 5474 2875 5570 ’ποιήσατε
2913 5500 3025 5559 τοῖς
3059 5494 3215 5549 ποσὶν
3241 5489 3419 5561 ὑμῶν,
3456 5503 3475 5537 ι
3509 5484 3598 5538 ἴνα
3634 5474 3715 5549 μὴ

1537 5701 1843 5778 ‘°_I_Thess.
1868 5723 1918 5771 ν,
1942 5708 1995 5764 5.

2137 5708 2294 5764 Rom.
2321 5725 2434 5778 χιιι,
2471 5710 2555 5765 12.
2609 5712 2678 5773 ,⁸⁷
2710 5711 2844 5767 Gen.
2868 5725 3034 5775 xxxii,
3075 5707 3163 5764 35.
3242 5705 3284 5738 "
3316 5700 3455 5767 Gen,-
3477 5710 3628 5765 κιινν
3649 5692 3707 5752 3-
