4074 6260
361 245 469 300 ᾨἿἻ

1358 236 1879 296 GLAPHYRORUM
1918 236 1987 295 IN
2023 236 2323 295 GENESIM
2365 237 2490 294 LIB.
2534 236 2594 293 ι’.

3534 240 3643 293 ετιι

367 365 624 435 ἐσόπτρῳ
694 360 884 433 βλέποι
952 360 1048 413 καὶ
1100 360 1405 432 αἰνίγματι·
1462 363 1600 417 ἀλλὰ
1651 362 1746 415 τοῦ
1810 362 1948 432 πρὸς

2050 362 2114 415 ad
2168 362 2310 418 hanc
2356 364 2572 418 roboris
2601 364 2975 433 praestantiam
3001 364 3072 418 sit
3100 362 3418 434 perductus,
3444 374 3503 418 ut
3527 380 3646 418 car-

368 456 533 509 τοῦτο
581 453 774 507 λοιπὸν
822 452 1100 517 ἀσθενείας
1152 454 1515 525 ἐνηνεγμένου
1537 497 1552 521 ,
1603 454 1678 517 ὡς
1738 453 1804 505 δι’
1860 454 1946 505 οὺ-

370 546 524 609 δενδς
559 544 661 615 μὲν
694 541 963 597 ποιεῖσθαι
991 530 1148 608 λόγου
1174 543 1243 596 τὰ
1272 544 1512 613 σαρκικὰ
1542 545 1637 597 καὶ
1658 542 1947 611 ὲγκόσμια·

373 635 566 707 γοργῷ
593 635 651 687 δὲ
686 633 873 703 ὥσπρ
910 634 1001 686 καὶ
1026 632 1313 704 ἁκαθέκτῳ
1353 634 1669 704 φρονήματι
1714 635 1953 705 διᾴττειν

375 725 641 779 δύνασθαι
670 724 802 795 πρὸς
844 723 903 775 τὸ
933 722 1011 794 τῷ
1048 723 1169 792 Θεῷ
1216 724 1408 777 δοκοῦν
1429 742 1442 755 ν
1489 726 1574 778 ὅτι
1603 718 1758 787 οὗτος
1795 724 1952 778 ἔσται

382 818 604 880 δυνατὸς
651 818 708 868 ὲν
748 812 1070 885 ἀνθρώποις,
1122 815 1217 868 καὶ
1269 816 1539 886 ὲνισχύσει
1595 815 1735 885 μετὰ
1790 814 1944 869 Θεοῦ.

386 907 592 963 Οὐκοῦν
624 905 917 977 ηὐλόγηται
955 905 1055 975 μὲν
1084 907 1112 959 6
1140 904 1428 970 θεσπέσιος
1453 906 1672 970 ἰακὼ6,
1697 905 1951 977 προσελι-

389 1000 543 1071 πάρει
571 998 624 1051 δὲ
653 998 847 1064 λέγων·
892 1017 910 1049 ι
943 998 1293 1067 ’Λνάγγειλόν
1334 1016 1425 1069 μοι
1465 998 1642 1068 δνομά
1673 1015 1789 1051 σου.
1839 999 1951 1051 Καὶ

381 1086 517 1153 εἷπε,
540 1089 700 1159 φησίν
717 1104 732 1118 ⁸
764 1089 880 1142 ἰνα
902 1089 956 1142 τί
984 1089 1143 1142 τοῦτο
1170 1091 1380 1161 ἐρωτᾷς
1397 1090 1462 1143 σὺ
1490 1089 1553 1143 τὸ
1579 1089 1753 1161 ὕνομά
1779 1105 1945 1159 μουςι

375 1182 483 1235 Οὐκ
526 1179 860 1248 ἀπαγγέλλει
909 1180 967 1234 δὲ
999 1179 1243 1250 τοῦνομα
1278 1180 1430 1245 Θεὸς,
1476 1180 1559 1234 δτι
1606 1181 1747 1235 κατὰ
1789 1181 1952 1250 φύσιν

370 1273 503 1337 ἐστὶ,
539 1272 635 1326 καὶ
680 1272 771 1326 διὰ
813 1272 1006 1325 τούτου
1058 1271 1291 1335 δεικνύς.
1344 1274 1554 1343 Ὀνομα
1600 1274 1702 1344 μὶν
1743 1272 1952 1345 γὰρὼς

366 1363 642 1435 ἀνθρώπῳ
665 1363 829 1434 τυχὸν
855 1362 1039 1426 ίδικῶς
1067 1363 1220 1417 οὐδὲν
1248 1364 1314 1418 ἂν
1336 1366 1420 1436 εἴη
1446 1363 1589 1435 Θεῷ⁹
1626 1364 1768 1435 πλὴν
1786 1366 1847 1429 ἐξ
1874 1358 1952 1418 ὧν

366 1452 509 1510 εἶναι
546 1455 768 1524 πέφυκε
814 1453 1102 1524 πολλαχῶς
1140 1455 1484 1525 ὀνομάζεται.
1515 1454 1644 1522 φῶς
1675 1456 1807 1527 γὰρ,
1856 1456 1951 1510 καὶ

368 1546 504 1614 ζωὴ,
525 1546 618 1599 καὶ
632 1545 912 1615 δύναμις,
941 1546 1037 1599 xui.
1054 1544 1324 1611 ἀλήθεια,
1350 1546 1700 1615 μονογενὴς,
1728 1547 1821 1600 καὶ
1834 1547 1949 1602 ἁπ-

369 1640 681 1710 ιιὺγασμα,
711 1638 807 1690 καὶ
832 1637 1138 1707 χαρακτὴρ
1168 1637 1274 1692 τοῦ
1301 1639 1729 1706 γεννήσαντος,
1748 1641 1943 1707 ἕλεος,

2052 454 2197 508 nalis
2220 469 2285 508 ac
2330 455 2608 510 mundana
2639 455 2844 510 nullius
2868 456 3027 525 plane
3053 454 3236 521 faciat,
3274 454 3431 524 173
3459 456 3643 525 potius

2051 545 2178 599 forti
2215 554 2380 614 atque
2409 545 2684 601 indefesso
2710 547 2914 612 animo,
2956 546 3023 601 ad
3051 562 3115 602 ea
3138 562 3260 617 qua:
3288 547 3401 601 Deo
3423 547 3641 617 placent

2051 639 2383 703 contendat;
2424 639 2517 694 hic
2559 648 2754 710 potens
2777 641 2886 695 erit
2911 640 2964 694 in
2988 639 3326 706 hominibus,
3359 647 3416 693 et
3443 654 3638 694 corro-

2052 728 2335 783 borabitur
2356 744 2482 784 cum
2507 730 2637 785 Deo.
2662 729 2930 797 Quocirca
2957 731 3283 786 benedictus
3306 731 3530 801 quidem
3554 741 3644 785 est

2050 817 2273 873 divinus
2313 819 2502 886 Jacob,
2549 820 2750 877 obnixe
2780 837 2913 876 vero
2944 823 3190 893 rogabat,
3224 823 3414 877 dicens
3445 841 3455 876 :
3499 843 3517 873 ι
3552 823 3642 877 ln-
3682 824 3689 831 ’

2050 908 2173 965 (Ιίόιι
2211 911 2348 965 mihi
2383 926 2585 968 nomen
2625 920 2801 969 tuum.
2846 914 2915 970 Et
2944 914 3101 979 dixit,
3136 915 3316 986 inquit
3343 915 3560 981 :Quare
3583 924 3641 967 tu
3678 952 3681 957 -

2052 1001 2369 1073 interrogas
2389 1003 2494 1058 hoc
2521 1019 2719 1061 nomen
2744 1020 2927 1061 meum
2947 1008 2992 1039 ⁸⁹
3016 1007 3041 1060 ?
3068 1028 3085 1058 ι
3120 1008 3265 1062 Deus
3298 1022 3498 1062 nomen
3532 1023 3644 1062 non

2051 1093 2324 1160 enuntiat,
2356 1094 2503 1165 quod
2536 1096 2840 1152 secundum
2881 1105 3136 1153 naturam
3177 1098 3250 1153 sit
3277 1114 3377 1168 per
3403 1099 3509 1154 hoc
3549 1098 3647 1153 de-
3698 1098 3717 1165 ζ

2051 1184 2286 1239 clarans.
2324 1185 2534 1241 Nomen
2574 1186 2723 1241 enim
2756 1187 2890 1253 Deo,
2915 1187 3380 1259 quemadmodum
3408 1189 3642 1254 homini,
3712 1168 3725 1184 ’

2052 1277 2286 1332 fortasse
2304 1278 2660 1348 peculiariter
2681 1280 2894 1335 nullum
2917 1289 3001 1336 est
3019 1298 3035 1346 ;
3060 1290 3318 1336 ueterum
3341 1297 3409 1337 ex
3433 1282 3499 1337 iis
3519 1298 3645 1352 qua

2053 1379 2245 1439 suapte
2280 1377 2477 1425 natura
2501 1378 2605 1434 est,
2642 1370 3001 1425 multifariam
3045 1370 3384 1426 nominatur.
3442 1371 3644 1425 Lumen

2051 1459 2199 1512 enim
2253 1467 2309 1514 et
2336 1460 2464 1523 vita,
2505 1470 2561 1514 et
2610 1462 2864 1529 potentia,
2917 1468 2973 1514 et
2998 1460 3212 1525 veritas,
3239 1462 3556 1532 unigenitum,
3588 1467 3646 1516 et

2050 1544 2319 1614 splendor,
2375 1561 2441 1601 ac
2492 1547 2768 1600 character
2813 1547 3014 1612 Patris,
3058 1550 3440 1614 misericordia,
3470 1560 3527 1604 et
3548 1570 3644 1605 sa-

2051 1634 2270 1704 pientia,
2326 1644 2385 1690 et
2419 1636 2654 1705 justitia,
2709 1642 2768 1691 et
2806 1639 3113 1707 redemptio.
3161 1638 3475 1710 lntelligens
3513 1656 3645 1695 vero

373 1731 469 1782 καὶ
527 1730 736 1798 σοφία,
789 1728 883 1782 καὶ
938 1728 1314 1795 δικαιοσύνη,
1361 1729 1455 1782 καὶ
1502 1728 1941 1798 ἀπολύτρωσις.

2050 1741 2275 1781 rursum
2319 1727 2516 1782 beatus
2554 1727 2744 1793 Jacob,
2770 1729 2917 1799 quod
2957 1729 3104 1784 Deus
3128 1739 3290 1791 esset.
3315 1732 3405 1786 cui
3429 1732 3642 1786 nullum

375 1818 590 1882 Συνιεὶς
612 1819 667 1871 δὲ
688 1818 752 1889 δὴ
788 1818 950 1872 πάλιν
978 1821 1008 1872 6
1031 1820 1302 1891 μακάριος
1346 1819 1565 1883 Ἰακὼδ,
1597 1821 1678 1873 ὅτι
1717 1821 1850 1885 Θεὸς
1883 1821 1951 1875 ἂν

372 1910 458 1980 εἴη
482 1904 746 1976 ).οιπδν,ᾧ
767 1910 934 1980 μηδὲν
959 1910 1134 1977 ὄνομα
1165 1910 1488 1979 προσκέοιτο
1509 1911 1575 1964 ἂν
1603 1911 1803 1975 ἱδικῶς,
1829 1911 1952 1965 ἑκά-

370 2002 495 2053 ).εσε
528 2001 590 2054 τὸ
614 1999 786 2072 ὄνομα
825 1999 919 2053 τοῦ
943 2000 1113 2053 τόπου
1141 2000 1377 2063 ἐκείνου,
1408 2020 1426 2051 ι
1446 1994 1599 2063 Εἶδος
1632 1995 1951 2055 Θεοῦ.Είδον

368 2093 480 2163 γὰρ
510 2092 645 2146 Θεδν
672 2093 965 2165 πρόσωπον
991 2092 1127 2162 πρὸς
1163 2093 1473 2160 πρόσωπον,
1507 2095 1658 2162 φησὶ,
1694 2096 1786 2148 καὶ
1812 2095 1951 2148 ἐσώ-

367 2184 438 2255 θη
461 2186 496 2256 ἡ
517 2184 665 2256 ψυχή
691 2202 817 2256 μου.
839 2204 858 2236 ι
894 2184 1083 2254 ’Δθρει
1100 2183 1168 2255 δὴ
1183 2180 1279 2238 οῦν
1295 2185 1444 2248 ὅπως
1471 2185 1689 2253 γέγονεν
1712 2186 1947 2259 Ἰσραὴλ,

365 2273 638 2333 τουτέστι,
671 2272 822 2327 Θεὸν
848 2272 1020 2341 ὁρῶν.
1046 2273 1360 2344 Ἀνθρώπου
1385 2275 1725 2340 παλαίοντος,
1777 2277 1946 2349 ἑώρα,

360 2365 520 2435 φησὶ,
567 2365 655 2419 τὸν
692 2366 826 2420 Θεὸν
858 2368 1151 2438 πρόσωπον
1184 2367 1323 2438 πρὸς
1370 2369 1674 2437 πρόσωπον,
1727 2371 1822 2424 καὶ
1857 2386 1947 2423 σε·

364 2456 576 2510 σῶσθαι
634 2457 736 2527 τὴν
782 2457 978 2511 ἑαυτοῦ
1025 2458 1227 2530 ψυχήν.
1271 2459 1335 2512 Ἦ
1385 2456 1495 2531 γάρ
1548 2478 1630 2514 τοι
1671 2461 1874 2531 γνῶσις
1915 2464 1947 2534 ἡ

360 2546 455 2599 ἐπὶ
488 2547 733 2618 Χριστῷ,
777 2548 971 2619 χρῆμά
1004 2549 1124 2601 ἐστι
1181 2549 1470 2622 σωτήριον.
1526 2548 1660 2614 Θεὸς
1704 2547 1799 2604 οὖν
1838 2552 1948 2621 ἄρα

364 2639 458 2692 καὶ
481 2639 619 2710 μετὰ
654 2639 859 2710 σαρκὸς
885 2642 915 2693 6
935 2641 1128 2710 Λόγος.
1157 2640 1291 2695 Θεδν
1316 2641 1425 2712 γὰρ
1462 2642 1769 2713 ἑωρακέναι
1810 2645 1948 2714 φησὶ

366 2731 655 2802 πρόσωπον
708 2731 847 2802 πρὸς
898 2731 1192 2802 πρόσωπον
1242 2733 1272 2786 ό
1326 2732 1671 2805 πατριάρχης
1723 2734 1942 2792 Ἰακώϐ.

367 2821 777 2885 Ἀνατείλαντος
798 2820 854 2875 δὲ
878 2821 973 2876 τοῦ
1005 2822 1181 2893 ἡλίου,
1207 2844 1224 2874 ι
1245 2823 1519 2895 Παρῆλθε,
1547 2826 1701 2894 φησὶ,
1731 2826 1794 2879 τὸ
1808 2823 1946 2891 εἶδος

373 2912 466 2966 τοῦ
501 2913 670 2968 Θεοῦ·
718 2914 882 2979 αὐτὸς
925 2914 983 2968 δὲ
1018 2914 1296 2979 ὲπέσκαζε
1330 2916 1410 2988 τῷ
1446 2917 1625 2989 μηρῷ.
1654 2938 1674 2971 ι
1722 2920 1811 2984 Ὦς
1835 2921 1944 2991 γὰρ

380 3005 511 3075 εφην
553 3005 674 3076 ήδη,
710 3006 1141 3076 πεφωτισμένων
1171 3006 1283 3060 τῶν
1322 3007 1614 3105 Ἰουδαίων,
1663 3008 1945 3063 πέπαυται
1974 3048 2017 3105 C

383 3093 548 3167 μὲνὴ
593 3096 750 3167 πάλη.
799 3097 1093 3167 Παρήλασε
1137 3096 1195 3150 δὲ
1242 3097 1429 3152 καὶτὸ
1461 3093 1600 3162 εἶδος
1654 3099 1750 3152 τοῦ
1788 3100 1945 3166 Θεοῦ,

376 3185 667 3251 τουτέστιν,
699 3186 1045 3259 ἀναϐέϐηκεν
1089 3190 1170 3252 είς
1206 3187 1470 3259 οὐρανοὺς
1493 3192 1522 3243 ό
1547 3190 1798 3262 Χριστός.
1836 3193 1949 3245 Οὐκ

372 3279 713 3350 ἀπήλλακται
746 3279 803 3333 δὲ
848 3279 1153 3349 χωλότητος
1181 3280 1211 3332 ό
1244 3279 1483 3350 Ἰσραήλ.
1531 3281 1805 3335 Σέσωσται
1841 3282 1949 3354 γὰρ

366 3371 469 3442 οὐχ
506 3371 672 3434 ἄπας.
715 3371 921 3442 Πάσχει
952 3370 1010 3424 δὲ
1046 3371 1236 3443 ὥσπερ
1291 3372 1379 3426 διὰ
1422 3372 1531 3427 τῶν
1576 3374 1947 3429 ἀπειθούντων

368 3461 464 3513 ἐπὶ
496 3461 555 3514 τὸ
582 3462 658 3532 μὴ
707 3462 786 3525 είς
831 3442 977 3514 ἅπαν
1012 3460 1344 3531 όρθοποδιῐν.
1382 3462 1809 3532 Μετωνόμασται
1837 3465 1949 3517 τοία

367 3569 465 3607 νυν
505 3552 741 3622 Ἰσραὴλ,
774 3552 867 3605 καὶ
892 3552 974 3616 είς
1008 3550 1134 3605 νοῦν
1163 3552 1373 3624 ὁρῶντα
1400 3552 1535 3607 Θιδν
1566 3556 1595 3608 6
1624 3554 1946 3627 πτερνιστὴς

370 3645 768 3717 μετεγράςςετο.
818 3646 928 3699 Καὶ
966 3643 1019 3697 τί
1055 3644 1194 3715 μετά
1223 3645 1384 3699 τοῦτο
1425 3647 1618 3713 πάλινς
1650 3668 1669 3701 ι
1694 3650 1803 3703 Καὶ
1846 3653 1947 3705 Ἰαε-

368 3737 486 3790 κὼό
518 3738 767 3806 ἀπαίρει,
800 3736 987 3807 φησὶν,
1029 3738 1110 3800 είς
1145 3737 1369 3807 σκηνὰς,
1402 3742 1495 3793 καὶ
1536 3741 1793 3812 ἐποίησεν
1822 3745 1949 3796 ἑαυ-

366 3829 446 3900 τῷ
472 3829 673 3892 οίκίας,
715 3828 812 3882 καὶ
857 3829 970 3891 τοῖς
1016 3829 1270 3899 κτήνεσιν
1308 3830 1504 3885 ἑαυτοῦ
1552 3833 1775 3902 ἐποίησε
1808 3851 1944 3903 σκη-

367 3921 486 3984 νάς.
515 3921 615 3973 Διὰ
640 3920 797 3973 τοῦτο
835 3920 1061 3975 ἐκάλεσε
1094 3920 1154 3973 τὸ
1188 3920 1358 3993 όνομα
1395 3923 1490 3976 τοῦ
1504 3925 1673 3978 τόπου
1704 3926 1939 3987 ἐκείνου.

369 4013 599 4081 Σκηναί.
630 4031 649 4065 ι
713 4013 960 4077 ’Δκούεις
1014 4012 1159 4077 ὅπως
1209 4013 1535 4084 κατῴκησεν
1586 4017 1645 4068 ἐν
1700 4022 1942 4086 σκηναῖς.

371 4104 605 4174 Σημεῖον
630 4103 677 4157 δ’
710 4103 779 4159 ἂν
823 4104 1032 4173 γένοιτο
1056 4105 1148 4159 καὶ
1183 4104 1343 4157 τοῦτο
1398 4107 1569 4173 σαφὲς
1614 4106 1714 4175 τῆς
1763 4107 1842 4170 είς
1886 4109 1947 4160 τὸ

370 4197 594 4266 ἄμεινον
625 4196 970 4268 μεταδρομῆς
997 4196 1096 4266 τῆς
1133 4198 1215 4260 εἰς
1250 4194 1467 4267 Ἰσραὴλ
1509 4195 1766 4258 διανοίας.
1805 4199 1946 4268 Σκη-
1976 4256 1981 4261 ,

371 4285 665 4355 νοποιήσας
702 4285 809 4356 γὰρ
862 4285 982 4356 ήδη,
1011 4288 1128 4339 καὶ·
1150 4284 1471 4355 κατῴκησεν
1498 4286 1556 4337 ἐν
1586 4285 1795 4351 αὐταῖς.
1835 4288 1943 4342 Νοῦ

2050 1816 2333 1886 preprium
2364 1831 2564 1871 nomen
2591 1816 2792 1871 ascribi
2822 1824 3026 1888 potest,
3065 1820 3284 1872 vocavit
3308 1833 3509 1874 nomen
3530 1819 3642 1873 lori

2052 1907 2217 1969 illius,
2242 1927 2261 1959 ι
2290 1908 2477 1963 Facies
2499 1908 2615 1963 Dei.
2650 1908 2773 1964 Vidi
2794 1909 2942 1964 enim
2964 1909 3134 1963 Deum
3165 1910 3302 1963 facie
3328 1910 3394 1963 ad
3424 1909 3639 1969 faciem.

2053 1998 2251 2068 inquit,
2288 2007 2347 2052 et
2379 1997 2527 2052 salva
2553 1997 2693 2052 facta
2718 2006 2803 2053 est
2828 1998 3010 2052 anima
3049 2012 3169 2052 mea
3203 1999 3267 2051 ⁸⁸.
3300 2017 3320 2049 ι
3372 1998 3504 2052 Vide
3536 1999 3642 2052 ita-

2050 2102 2159 2157 que
2195 2103 2308 2158 quo
2352 2095 2512 2158 pacto
2547 2087 2725 2144 factus
2769 2089 2842 2144 sit
2891 2088 3081 2153 Israel,
3121 2088 3225 2144 hoc
3269 2098 3376 2153 est,
3443 2088 3641 2142 videns

2050 2179 2243 2234 Deum.
2266 2179 2531 2235 Luctante
2555 2179 2777 2235 homine
2798 2178 3003 2235 vidisse
3027 2195 3086 2234 se
3131 2180 3311 2249 inquit
3362 2181 3532 2233 Deum
3557 2178 3641 2232 fa-

2050 2273 2135 2328 cie
2161 2272 2230 2327 ad
2256 2272 2473 2337 faciem,
2512 2281 2569 2327 et
2589 2272 2793 2329 salvam
2831 2272 3029 2327 factam
3052 2272 3226 2341 ipsius
3250 2272 3508 2326 animam.
3537 2271 3642 2323 Go-
3708 2311 3713 2315 .

2050 2364 2223 2435 gnitio
2251 2365 2400 2419 enim
2431 2365 2500 2420 de
2531 2365 2773 2428 Christo,
2817 2364 3074 2420 salutaris
3106 2380 3196 2420 res
3224 2374 3327 2419 est.
3354 2365 3501 2419 Deus
3536 2365 3640 2434 igi-

2051 2467 2142 2513 tur
2181 2459 2349 2513 etiam
2397 2458 2636 2513 Verbum
2681 2458 3044 2515 incarnatnm.
3078 2459 3249 2514 Deum
3289 2459 3437 2513 enim
3462 2474 3520 2513 se
3551 2458 3638 2511 vi-

2048 2550 2194 2607 disse
2230 2552 2307 2606 ait
2346 2552 2487 2607 facie
2534 2552 2604 2609 ad
2630 2552 2824 2608 faciem
2850 2554 3164 2624 patriarcha
3195 2553 3384 2608 Jacob.
3409 2552 3639 2607 Oriente

2049 2651 2231 2699 autem
2258 2645 2394 2709 sole,
2430 2663 2448 2695 ι
2481 2645 2769 2715 prateriit,
2800 2646 3000 2716 inquit,
3026 2645 3193 2700 facies
3214 2646 3334 2710 Dei,
3362 2645 3479 2714 ipse
3501 2659 3638 2697 vero

2046 2731 2387 2787 claudicabat
2420 2729 2628 2787 femore
2660 2746 2763 2787 suo
2787 2734 2852 2786 ⁸⁸.
2890 2754 2909 2785 ι
2946 2734 3107 2799 Nam,
3138 2734 3386 2789 ut'modo
3408 2734 3540 2793 diri,
3566 2732 3643 2785 il-‘

2048 2821 2327 2877 luminatis
2366 2822 2589 2887 ludatis,
2642 2824 2877 2879 cessavit
2913 2824 3137 2893 quidem
3166 2826 3333 2879 lucta.
3366 2824 3637 2877 Prteteriit

2046 2922 2231 2969 autem
2271 2916 2438 2969 etiam
2476 2915 2643 2969 facies
2671 2916 2790 2978 Dei,
2832 2916 2940 2970 hoc
2973 2923 3078 2979 est,
3117 2914 3365 2969 ascendit
3394 2916 3445 2967 in
3469 2916 3636 2969 cmlos

2048 3005 2340 3060 Christus:
2378 3006 2543 3060 Israel
2581 3021 2713 3060 vero
2744 3022 2775 3060 a
2804 3007 3207 3061 claudicatione
3230 3007 3500 3060 liberatus
3526 3023 3634 3061 non

2050 3099 2152 3147 est.
2174 3091 2365 3161 Neque
2387 3095 2537 3147 enim
2564 3094 2858 3149 universus
2891 3094 3133 3149 salvatus
3163 3105 3267 3150 est.
3305 3096 3515 3150 Patitur
3534 3112 3634 3150 au—

2052 3194 2162 3239 tem
2202 3184 2608 3255 quodammodo
2651 3195 2874 3255 propter
2909 3186 3224 3242 incredulos
3264 3188 3468 3251 adhuc,
3522 3203 3634 3241 non

2051 3275 2468 3335 inuniversum
2512 3284 2662 3330 recte
2705 3278 2995 3333 incedere?
3016 3277 3445 3349 Cognominatus
3467 3278 3634 3349 igitur

2047 3374 2133 3421 est
2162 3367 2349 3433 Israel,
2390 3376 2446 3423 et
2473 3368 2854 3438 supplantator
2873 3371 3171 3425 translatus
3193 3380 3279 3425 est
3302 3370 3356 3424 in
3392 3378 3634 3425 mentem

2048 3458 2327 3514 videntem
2366 3459 2560 3514 Deum.
2596 3459 2739 3527 Quid
2766 3477 2899 3517 vero
2921 3462 3229 3533 deinceps?
3277 3482 3295 3515 ι
3334 3462 3402 3517 Et
3438 3462 3631 3528 Jacob,

2050 3550 2248 3621 inquit,
2279 3550 2514 3607 discedit
2550 3551 2606 3606 in
2632 3552 3007 3619 tabernacula,
3029 3564 3087 3609 et
3110 3554 3241 3609 fecit
3260 3554 3365 3608 sibi
3393 3553 3503 3609 illic
3527 3555 3630 3609 do-

2048 3658 2187 3706 mos,
2213 3651 2271 3697 et
2303 3644 2595 3713 pecoribus
2630 3644 2746 3700 suis
2788 3644 2922 3700 fecit
2972 3645 3345 3701 tabernacula.
3398 3646 3630 3715 Pmpter

2048 3734 2153 3789 hoc
2186 3735 2401 3790 vocavit
2438 3750 2637 3790 nomen
2664 3736 2770 3790 loci
2804 3736 2954 3791 illius
2975 3736 3348 3791 Tabernacula
3372 3738 3437 3788 ⁸³.
3471 3754 3487 3784 ι
3518 3736 3630 3789 Λιι-

2048 3828 2133 3881 dis
2175 3842 2286 3895 quo
2333 3837 2492 3895 pacto
2533 3828 2800 3882 habitavit
2847 3828 2903 3881 in
2944 3826 3214 3882 tentoriis.
3250 3826 3475 3894 Signum
3498 3843 3629 3879 vero

2048 3920 2418 3973 fueritetiam
2474 3920 2579 3973 hoc
2633 3918 3007 3980 manifestum,
3055 3924 3294 3969 mentem
3338 3916 3521 3969 lsraeli
3574 3920 3627 3970 in

2049 4008 2246 4061 melius
2290 4007 2595 4061 transferri.
2661 4006 2943 4060 Exstruxit
2984 4005 3130 4060 enim
3169 4005 3538 4071 tabernacula,
3574 4016 3631 4062 et

2051 4098 2319 4152 habitavit
2339 4098 2393 4151 in
2415 4097 2517 4152 eis.
2547 4097 2743 4153 Mentis
2765 4099 2915 4153 enim
2933 4098 3043 4169 jam
3069 4099 3367 4163 cernentis,
3398 4114 3629 4169 quaeque
3673 4089 3681 4099 ’

2050 4190 2145 4244 Dei
2188 4199 2408 4259 aspectu
2443 4189 2602 4261 digna
2626 4222 2631 4227 -
2653 4189 2838 4245 habita
2877 4190 2966 4255 sit,
2997 4198 3052 4245 et
3076 4205 3174 4260 per
3204 4190 3537 4246 incrementa
3572 4192 3629 4246 in

2050 4280 2247 4336 melius
2285 4282 2352 4336 ad
2390 4281 2786 4352 perfectionem
2815 4281 3117 4346 contendit,
3152 4283 3424 4352 pretiosus
3449 4299 3479 4338 a
3519 4284 3628 4337 Deo

372 4375 483 4446 γὰρ
495 4374 595 4447 ἤδη
618 4375 905 4446 βλέποντος
923 4376 1018 4431 καὶ
1037 4376 1373 4449 οεοπτ[ε]ίας
1390 4376 1817 4448 ήξιωμένου,καὶ
1834 4383 1950 4444 ταῖς

2055 4375 2269 4430 fruetus
2306 4386 2412 4441 est,
2463 4375 2622 4447 174
2661 4390 2748 4431 res
2778 4375 3084 4430 mundanas
3113 4376 3318 4431 nullius
3342 4377 3503 4446 plane
3545 4376 3626 4430 fa-

373 4468 453 4533 είς
483 4466 544 4519 τὸ
566 4466 789 4536 ἄμεινον
824 4465 1125 4520 ἑπιδόσεσιν
1167 4470 1245 4531 εἰς
1289 4467 1601 4539 τελειότητα
1632 4467 1947 4541 τεθραμμέ-

372 4574 465 4610 νου
492 4574 553 4611 τε
587 4558 679 4612 καὶ
706 4557 1044 4625 ἁναθέοντος,
1074 4558 1285 4628 καρπὸς
1313 4558 1378 4612 ἂν
1417 4560 1628 4628 γένοιτο
1660 4561 1811 4632 παρᾶ
1831 4562 1951 4632 Θεῷ

371 4649 571 4719 τίμιος,
591 4649 653 4702 τὸ
690 4648 758 4702 δι’
794 4648 1007 4711 οὐδενὸς
1047 4649 1145 4719 μὲν
1196 4647 1276 4701 ἔτι
1306 4649 1574 4703 ποιεῖσθαι
1613 4649 1770 4719 λόγου
1799 4651 1868 4704 τὰ
1893 4654 1950 4704 ἐν

372 4739 508 4809 τῷδε
556 4738 633 4810 τῷ
679 4741 870 4812 κόσμῳ
919 4741 1243 4811 πράγματα,
1290 4742 1585 4811 παροικίαν
1646 4742 1703 4794 δὲ
1752 4742 1949 4811 μᾶλλον

372 4830 578 4885 οἴεσθαι
604 4831 705 4903 τὴν
746 4834 805 4884 ὲν
848 4831 1062 4902 σώματι
1109 4831 1272 4901 ζωήν.
1301 4831 1442 4896 Νοῦς
1472 4833 1580 4903 γὰρ
1618 4826 1773 4897 οὗτος
1798 4835 1948 4901 ἁγιο-

376 4920 589 4991 πρεπὴς
628 4922 723 4974 καὶ
770 4921 1045 4984 πολιτείας
1095 4921 1372 4993 ὲξαιρέτου
1422 4926 1519 4978 καὶ
1562 4925 1946 4995 ἀνῳκισμένης

377 5013 601 5080 μήνυσις
653 5011 907 5082 ἀκριϐής.
959 5012 1174 5065 Πείθοιο
1227 5013 1360 5068 δ’ἆν
1416 5015 1494 5076 εἰς
1549 5015 1707 5069 τοῦτο
1761 5015 1947 5069 λοιπὸν

375 5102 647 5173 ὑπεροχῆς
694 5104 1000 5175 ἀφιγμένου
1050 5105 1144 5158 καὶ
1194 5105 1485 5174 ψάλλοντος
1534 5107 1627 5161 τοῦ
1679 5108 1945 5178 μακαρίου

376 5196 553 5250 Δαείδο
595 5216 613 5247 ι
641 5197 801 5260 ’Λνες
828 5214 940 5267 μοι,
976 5198 1058 5250 ὅτι
1107 5197 1366 5266 πάροικος
1394 5196 1507 5265 ἐγώ
1535 5200 1649 5267 εἰμι
1694 5201 1751 5252 ὲν
1780 5201 1845 5269 τῇ
1880 5201 1947 5269 γῇ

374 5288 465 5342 καὶ
511 5289 919 5361 παρεπίδημος,
951 5287 1134 5351 καθὼς
1168 5289 1367 5351 πάντες
1415 5290 1464 5340 oi
1507 5290 1745 5356 πατέρες
1780 5309 1899 5360 μου.
1929 5311 1944 5340 ι

371 5378 575 5449 Γράφει
611 5379 669 5433 δὲ
724 5378 821 5430 καὶ
879 5380 908 5430 ό
960 5378 1171 5440 Παῦλος
1225 5363 1351 5442 τοῖς
1386 5381 1465 5442 εἰς
1513 5380 1707 5451 μέτρον
1738 5382 1949 5451 ἡλικίας

372 5469 559 5537 ἥκουσι
601 5470 696 5524 τοῦ
740 5468 1108 5539 πληρώματος
1155 5468 1243 5521 τοῦ
1273 5468 1532 5538 Χριστοῦ,
1559 5473 1654 5524 καὶ
1683 5475 1758 5535 ei;
1782 5474 1950 5543 ἄνδρα

436 5653 481 5685 ³⁹
504 5654 643 5708 Gen.
693 5653 970 5709 xxxu.:29.
1049 5654 1091 5683 η
1123 5653 1255 5708 ibid.
1288 5652 1371 5707 ὅθ.
1450 5654 1489 5684 δ’
1533 5655 1669 5708 Ibid.
1716 5658 1801 5709 Si.
1878 5659 2018 5707 "(in

2026 5675 2075 5708 η.
2125 5672 2301 5704 tum.
2349 5652 2403 5701 l7

2050 4484 2194 4529 cere,
2239 4477 2293 4521 at
2334 4469 2513 4536 potius
2561 4468 2728 4522 vitam
2774 4468 2828 4521 in
2874 4483 3101 4538 corpore
3133 4468 3625 4539 peregrinationem

2050 4556 2386 4611 existimare.
2435 4558 2511 4610 Ea
2559 4558 2707 4610 enim
2751 4571 2905 4610 mens
2942 4557 3129 4611 divina
3162 4567 3268 4620 est,
3306 4556 3626 4625 exin-tiamne

2051 4650 2175 4704 vita:
2207 4649 2553 4703 manifestum
2588 4648 2658 4702 de
2695 4663 2752 4702 se
2778 4649 3054 4717 specimen
3080 4649 3302 4727 praebet.
3327 4647 3469 4705 Audi
3496 4663 3627 4701 vero

2053 4742 2271 4796 beatum
2303 4741 2467 4796 David
2489 4740 2556 4794 ad
2585 4739 2725 4793 hanc
2746 4739 3126 4794 excellentiam
3157 4739 3502 4809 perductum.
3538 4736 3624 4789 (Ιί-

2056 4845 2308 4889 centem:
2356 4853 2372 4882 ι
2405 4832 2641 4888 Remitte
2690 4832 2846 4895 mihi,
2891 4831 3018 4901 quia
3059 4832 3266 4884 advena
3295 4844 3395 4896 ego
3417 4844 3536 4880 sum
3570 4828 3623 4880 in

2056 4931 2223 4985 terra,
2275 4932 2331 4978 et
2370 4923 2711 4993 peregrinus,
2765 4925 2907 4977 sicut
2947 4936 3136 4973 omnes
3176 4926 3356 4985 patres
3379 4916 3484 4970 mei
3506 4918 3567 4968 ‘-‘.
3601 4938 3617 4965 ι

2054 5014 2259 5070 Scribit
2308 5029 2441 5070 vero
2481 5014 2646 5068 etiam
2696 5014 2915 5076 Paulus,
2968 5012 3037 5064 iis
3069 5009 3162 5077 qui
3205 5007 3273 5061 ad
3312 5022 3624 5062 mensuram

2053 5106 2228 5160 :etatis
2276 5104 2529 5157 venerint
2560 5099 2919 5172 plenitudinis
2962 5098 3189 5161 Christi,
3228 5096 3431 5166 quique
3464 5096 3520 5148 in
3542 5097 3623 5147 vi-

2053 5212 2175 5250 rum
2206 5194 2509 5265 perfectum
2545 5190 2858 5247 evaserint:
2892 5206 2909 5238 ι
2938 5188 3058 5242 Non
3090 5186 3357 5240 habemus
3393 5183 3483 5236 hic
3508 5199 3623 5236 ma-

2053 5295 2273 5341 nentem
2296 5283 2596 5342 civitatem.
2627 5281 2723 5336 sed
2743 5280 2984 5333 futuram
3010 5275 3339 5345 inquirimus
3372 5271 3436 5337 “,
3471 5292 3489 5325 δ
3526 5290 3622 5327 cn-

2049 5381 2138 5447 jns
2188 5375 2373 5445 opifex
2410 5382 2466 5426 et
2509 5370 2730 5423 molitor
2765 5376 2851 5421 est
2900 5367 3060 5421 Deus.
3108 5364 3275 5419 Jacob
3304 5363 3485 5431 itaque
3510 5364 3623 5417 sive

2056 5468 2219 5522 [\lﬂffl
2260 5467 2312 5517 in
2347 5460 2714 5515 tabernaculis
2738 5457 3009 5517 habitans,
3043 5457 3254 5524 signum
3287 5454 3506 5513 minimc
3530 5453 3625 5505 ob.

2474 5644 2508 5674 “
2531 5646 2670 5699 Pal.
2713 5661 2929 5704 XXXVIII,
2965 5646 3039 5697 15.
3126 5643 3163 5673 ³⁵
3203 5640 3366 5694 Hebr.
3396 5654 3506 5699 λιιι,
3537 5638 3635 5716 ii.
