4074 6260
421 240 528 302 1ῗῦ

1405 238 1459 296 S.
1502 234 1778 297 CYRILLI
1817 233 2286 299 ALEXANDRTNI
2323 234 2641 299 ΑΜΖΗίΕῆ

419 367 641 415 Ocurum
669 356 853 421 fuerit,
884 350 953 412 iis
983 358 1076 426 qui
1113 368 1259 414 recte
1284 358 1487 414 sentire
1511 357 1700 423 velint,
1727 372 1814 412 res
1835 357 1992 428 hujus

2099 357 2302 410 τέλειον
2339 357 2677 428 ἀφιγμένοις·
2721 352 2878 408 tofm
2921 351 3115 424 ἔχομεν
3151 344 3254 407 ὧδε
3283 352 3549 425 μένουσαν
3589 359 3682 413 πό-

421 448 612 506 mundi
649 463 751 519 pro
789 447 1228 518 peregrinatione
1267 448 1688 505 habendasesse
1715 448 1784 502 iis
1809 449 1903 518 qui
1923 448 1990 502 ad

419 540 596 596 Deum
661 538 924 608 aspirant,
990 545 1340 608 mentemque
1383 538 1711 594 illustratam
1765 537 1988 593 habent.

419 625 628 684 Deinde
668 628 804 683 abiit
833 647 851 678 ι
880 627 935 681 in
966 626 1145 682 Salem
1171 627 1446 683 civitatem
1477 628 1844 683 Sichimorum
1869 628 1934 691 “,
1966 649 1985 680 ι

420 734 543 788 quae
579 727 662 772 est
700 719 754 772 in
795 726 937 772 terra
969 719 1270 774 Chanaan:
1308 720 1400 774 ubi
1438 735 1658 776 rursum
1693 721 1875 789 justus
1905 721 1990 774 lu—

419 817 598 865 ctatus
651 820 756 874 est,
805 810 1034 881 injurias
1080 811 1201 866 ﬁlia:
1244 827 1356 866 sua:
1402 812 1551 866 Dina:
1592 811 1768 866 illatas
1789 811 1988 866 ferens.

420 899 544 955 llmc
565 900 734 964 enim,
762 908 823 955 ut
845 902 1024 970 puella
1045 910 1100 955 et
1125 902 1278 973 virgo
1303 903 1483 957 adhuc
1503 903 1722 968 blanda,
1750 902 1994 972 paternis

420 991 790 1046 tabernaculis
810 1008 1027 1062 egressa
1049 1003 1152 1058 est,
1178 993 1481 1048 incolarum
1503 992 1641 1047 ﬁlias
1655 993 1988 1062 conspicata.

416 1079 505 1136 Fit
533 1081 681 1135 enim
712 1083 1054 1153 plerumque,
1087 1092 1147 1138 ut
1174 1083 1442 1138 muliebre
1469 1098 1643 1152 genus
1666 1097 1994 1152 congressus

421 1187 548 1242 cum
596 1175 891 1229 coaetaneis
919 1175 1076 1229 avide
1133 1183 1372 1244 appetat.
1411 1174 1643 1244 Egressa
1685 1175 1868 1244 itaque
1909 1182 1994 1228 est

417 1264 638 1332 puella;
673 1265 896 1319 Emmor
924 1281 1053 1320 vero
1079 1266 1226 1319 ﬁlius
1249 1265 1465 1320 Sicbem
1510 1265 1562 1319 ei
1604 1266 1835 1334 turpiter
1879 1264 1991 1317 vim

418 1349 605 1405 intulit
633 1370 644 1404 :
672 1354 940 1423 stupravit
988 1353 1134 1406 enim
1180 1354 1466 1423 virginem,
1512 1363 1676 1422 atque
1719 1354 1991 1423 intempe-

417 1444 578 1498 ranti!
601 1444 876 1499 desiderio
909 1454 1120 1515 captus,
1148 1446 1385 1515 puellam
1414 1461 1640 1498 uxorem
1667 1445 1869 1500 ducere
1896 1462 1992 1500 co-

415 1534 638 1603 gitabat.
682 1535 902 1591 Simeon
946 1553 1079 1591 vero
1127 1546 1186 1592 et
1229 1536 1361 1591 Levi
1403 1535 1601 1589 fratres
1639 1535 1708 1588 ad
1744 1536 1881 1590 iram
1904 1553 1995 1591 ac-

414 1627 586 1690 censi,
623 1628 1023 1682 intolerabilem
1052 1629 1195 1682 hanc
1218 1627 1608 1682 contumeliam
1635 1637 1988 1691 censuerunt,

2100 448 2202 513 λιν,
2229 447 2364 504 ἀλλὰ
2395 449 2497 520 τὴν
2524 447 2824 517 μέλλουσαν
2869 447 3260 519 ἐπιζητοῦμεν,
3289 466 3305 497 ι
3336 441 3405 518 ἧς
3432 449 3681 520 τεχνίτης

2099 541 2194 592 καὶ
2229 538 2560 611 δημιουργὸς
2583 541 2612 593 ὁ
2633 538 2784 601 Θεός.
2822 538 2894 591 Τὸ
2925 539 2983 591 ὲν
3027 541 3251 610 σκηναῖς
3273 534 3367 592 οῦν
3405 541 3513 609 ἄρα
3553 556 3682 594 κατ-δ

2099 634 2266 686 οικεῖν
2303 631 2659 686 έλέσθαι“τὸν
2710 629 2992 684 θεσπέσιον
3041 630 3258 696 Ἰακὼϐ,
3295 631 3414 700 ἦτοι
3454 631 3548 686 τὸν
3590 633 3682 685 Ἰσ-

2103 722 2260 792 ραὴλ,
2301 726 2525 793 σημεῖον
2548 722 2613 777 ἃν
2660 723 2890 791 γένοιτο,
2921 722 3016 776 καὶ
3059 722 3235 776 οὐδενί
3265 738 3370 775 που
3396 722 3536 792 τάχα
3573 723 3682 775 τῶν

2100 813 2502 884 εὐφρανούντων
2553 814 2892 882 ἀσυμφανὲς,
2955 812 3015 865 τὸ
3079 811 3371 881 παροικίαν
3427 811 3679 880 ἡγεῖσθαι

2102 905 2333 974 πρέπειν
2349 903 2418 958 τὰ
2440 907 2498 957 ὲν
2518 903 2652 974 τῷδε
2680 904 2759 974 τῷ
2781 904 2970 974 κόσμῳ
3003 903 3326 972 πράγματα,
3375 903 3500 967 τοὺς
3550 905 3680 956 ἀνα·

2103 990 2334 1059 μύοντας
2383 993 2482 1062 ἤδη
2548 992 2684 1064 πρὸς
2735 992 2889 1059 Θεὸν,
2917 992 3010 1044 καὶ
3047 991 3139 1044 τὸν
3166 990 3289 1044 νοῦν
3325 991 3546 1063 ἔχοντας
3584 995 3676 1046 ὲκ-

2099 1082 2606 1153 λε).αμπρυσμένον.
2639 1078 2773 1136 Εἶτα
2803 1083 3013 1151 μέτεισι
3051 1102 3067 1134 ι
3090 1083 3169 1142 εἰς
3194 1082 3336 1152 Σαλὴ
3346 1099 3384 1153 μ
3409 1082 3564 1135 πόλιν
3590 1085 3673 1135 Σι·

2100 1171 2300 1242 κίμων,
2331 1193 2351 1226 ι
2376 1174 2410 1244 ἦ
2447 1175 2598 1226 ἐστιν
2629 1175 2685 1225 ἐν
2722 1175 2792 1242 γῇ
2827 1171 3068 1224 Χαναάν⁴
3129 1165 3191 1224 οὗ
3236 1171 3302 1240 δὴ
3357 1170 3519 1223 πάλιν
3547 1172 3574 1223 ὁ
3598 1169 3675 1222 δί-

2099 1282 2254 1329 καιος
2282 1266 2714 1337 ὲγυμνάζετο,τὰ
2745 1266 2838 1318 ἐπὶ
2883 1265 3012 1336 Δίνᾳ
3046 1267 3114 1335 τῇ
3146 1263 3376 1334 θυγατρὶ
3396 1263 3678 1326 πεπονθὼς

2099 1355 2433 1426 ἀδικήματα.
2474 1357 2538 1410 Ἦ
2574 1359 2672 1425 μὲν
2697 1356 2805 1426 γὰρ
2841 1349 2932 1408 οἷά
2969 1372 3028 1408 τε
3062 1356 3244 1418 νεᾶνις
3271 1356 3367 1408 καὶ
3411 1355 3678 1426 παρθένος

2100 1445 2180 1498 ἔτι
2215 1445 2562 1516 κουρίζουσα,
2600 1446 2697 1514 τῆς
2725 1445 2818 1498 τοῦ
2850 1444 3056 1517 πατρὸς
3090 1445 3265 1510 ὲξέθει
3316 1447 3542 1516 σκηνῆς,
3580 1445 3678 1508 τὰς

2098 1536 2207 1588 τῶν
2234 1537 2515 1605 ἐγχωρίων
2551 1535 2930 1589 ἐποπτεύουσα
2964 1535 3288 1607 θυγατέρας.
3325 1537 3676 1606 Ἀνεπτόηται

2099 1627 2206 1698 γὰρ
2240 1628 2326 1681 ἀεὶ
2355 1627 2415 1680 τὸ
2443 1627 2574 1698 θῆλυ
2605 1628 2759 1692 γένος
2782 1629 2862 1690 εἰς
2898 1627 2960 1682 τὸ
2990 1629 3208 1698 ἀγαπᾷν
3242 1628 3557 1696 ἐπείγεσθαι
3589 1628 3678 1680 τὸν

413 1718 728 1788 atrociaque
779 1718 1043 1773 adversus
1095 1733 1191 1772 eos
1231 1717 1326 1787 qui
1356 1729 1478 1772 eam
1515 1717 1773 1788 injuriam
1797 1716 1992 1771 intule-

2105 1717 2342 1787 ίσήλικα.
2399 1718 2608 1772 Οὐκοῦν
2653 1717 2825 1785 ἐξέθει
2887 1718 3048 1790 μὲνὴ
3095 1721 3307 1783 νεᾶνις*
3370 1719 3601 1791 Ἑμμὼρ
3623 1719 3680 1773 δὲ

411 1817 570 1872 rant,
631 1809 859 1864 consilia
911 1810 1172 1863 inierunt.
1226 1808 1568 1863 Persuadent
1609 1807 1755 1861 enim
1803 1806 1998 1860 incolis

414 1896 800 1964 Sichimorum,
835 1908 895 1954 ut
920 1900 1161 1968 ipsorum
1186 1898 1661 1954 circumcisionem
1690 1914 1720 1951 a
1748 1897 1997 1967 patribus

411 2002 691 2059 acceptam
736 2000 901 2061 atque
945 1991 1201 2046 usitatam
1237 1991 1719 2061 amplecterentur.
1762 1988 1994 2042 Interfe-

412 2090 607 2136 cerunt
647 2092 828 2139 autem
859 2100 974 2148 eos,
1000 2085 1150 2139 omni
1182 2083 1237 2138 in
1263 2083 1579 2138 universum
1615 2079 1994 2135 misericordia

412 2172 643 2228 sublata.
691 2174 960 2230 Caeterum
1004 2175 1226 2244 indigne
1276 2173 1332 2228 id
1383 2173 1509 2227 tulit
1546 2172 1769 2226 divinus
1801 2171 1993 2234 Jacob,

338 2312 340 2315 .
412 2262 825 2334 increpavitque
871 2280 967 2320 eos
1011 2265 1238 2320 dicens:
1294 2284 1311 2315 ι
1338 2262 1599 2319 Odiosum
1635 2278 1722 2316 me
1758 2261 1993 2333 fecistis,

413 2357 488 2412 ita
527 2365 587 2410 ut
623 2357 803 2411 malus
839 2356 942 2411 sim
967 2357 1224 2410 omnibus
1248 2355 1627 2409 habitantibus
1648 2363 1846 2408 terram
1870 2354 1934 2405 ⁸⁵.
1971 2373 1987 2404 ι

411 2449 600 2518 Neque
630 2447 778 2502 enim
812 2447 1196 2502 interfectores
1226 2447 1362 2500 iram
1397 2460 1553 2500 suam
1602 2452 1993 2514 temperarunt,

415 2553 593 2606 neque
631 2545 689 2590 ut
723 2551 754 2589 a
797 2543 952 2605 putre
988 2538 1137 2607 justo
1177 2537 1414 2599 educati,
1447 2534 1745 2606 quidquam
1788 2535 1994 2604 cogita-

413 2639 545 2684 runt
585 2644 778 2683 eorum
829 2645 951 2698 quae
1005 2644 1116 2682 non
1149 2629 1309 2698 plane
1354 2626 1564 2682 nefaria
1586 2634 1788 2681 essent.
1823 2625 1998 2694 Depo-

411 2721 585 2790 pulati
629 2721 775 2775 enim
831 2728 959 2775 sunt
1015 2729 1180 2789 atque
1229 2718 1645 2784 interfecerunt,
1687 2725 1743 2772 et
1774 2717 1996 2787 quidem

411 2827 508 2866 eos
564 2813 659 2881 qui
695 2813 847 2882 paria
884 2827 1010 2867 eum
1046 2812 1179 2882 ipsis
1209 2811 1449 2881 cogitare
1482 2810 1761 2871 volebant,
1794 2809 1998 2879 quique

414 2902 548 2972 ipsis
575 2904 944 2959 conﬁdebant.
972 2903 1230 2969 Qumnam
1262 2904 1428 2973 igitur
1458 2903 1589 2957 hinc
1609 2901 1768 2956 nobis
1792 2901 1998 2956 utilitas

410 2997 832 3066 proﬁciscatur?
860 2997 1051 3067 Neque
1076 2997 1223 3051 enim
1262 2997 1373 3050 ullo
1395 3004 1554 3065 pacto
1579 2996 1753 3050 otiosa
1777 3010 1841 3049 ac
1859 3009 1996 3048 vana

2098 1809 2328 1880 αύτὴν,ὁ
2359 1808 2527 1878 Σιχὲμ
2572 1809 2672 1862 οὐκ
2710 1811 2767 1861 ὲν
2812 1810 3001 1880 κόσμῳ
3033 1809 3410 1874 κατεϐιάζετο.
3439 1815 3676 1882 Διεπαρ-

2099 1899 2314 1953 θένευσε
2366 1900 2497 1971 γὰρ,
2547 1902 2639 1954 καὶ
2673 1900 2914 1970 ἀσχέτως
2961 1901 3061 1971 ἤδη
3104 1918 3221 1964 πως
3268 1902 3566 1972 ἐπιθυμίας
3603 1903 3682 1955 ὲν⁴

2097 1992 2277 2056 αλοὺς,
2313 1993 2406 2045 καὶ
2441 1991 2686 2046 σύνοικον
2708 1993 2858 2061 ἠξίου
2889 1992 3155 2046 ποιεῖσθαι
3185 1992 3284 2063 τὴν
3319 1993 3511 2064 κόρην.
3545 1995 3679 2046 Τότε

2095 2081 2182 2154 δὴ,
2218 2081 2339 2134 τότε
2388 2077 2610 2150 Συμεὼν
2645 2083 2738 2135 καὶ
2771 2083 2919 2144 Λευῒ,
2948 2083 2996 2134 οί
3023 2083 3120 2152 τῆς
3153 2081 3392 2144 νεάνιδος
3438 2081 3678 2152 ἀδελφοὶ,

2095 2173 2478 2244 παρεθήγοντο
2526 2175 2661 2246 πρὸς
2700 2174 2888 2247 ὀργὰς,
2942 2176 3036 2229 καὶ
3082 2175 3354 2246 ἀφόρητον
3403 2175 3682 2228 ἐποιοῦντο

2096 2265 2194 2336 τὴν
2223 2265 2400 2337 ὕϐριν,
2432 2265 2624 2320 ἀνόσιά
2651 2283 2709 2318 τε
2743 2266 2929 2319 λοιπὸν
2966 2267 3058 2320 καὶ
3097 2268 3240 2320 κατὰ
3285 2267 3395 2320 τῶν
3425 2266 3681 2336 ἡδικηκό-

2096 2373 2202 2410 των
2245 2358 2572 2418 ἐσκέπτοντο
2613 2357 2767 2428 δρᾷν.
2820 2357 3194 2411 Ἀναπείθουσι
3247 2357 3346 2428 μὲν
3397 2357 3507 2428 γὰρ
3558 2358 3681 2420 τοὺς

2096 2447 2204 2500 ἀπὸ
2243 2447 2502 2517 Σικίμων,
2529 2447 2626 2519 τὴν
2653 2447 2914 2518 πατρῴαν
2955 2447 3137 2510 αὐτοῖς
3162 2448 3256 2502 καὶ
3283 2446 3680 2517 νενομισμένην

2099 2537 2412 2592 συνελέσθαι
2447 2539 2770 2609 περιτομήν.
2831 2539 3188 2592 Ἀπεκτὸνασι
3223 2539 3279 2592 δὲ
3327 2539 3529 2601 παντὸς
3569 2536 3682 2590 ἐλέ-

2061 2645 2189 2691 ,ους
2249 2629 2343 2682 καὶ
2402 2628 2703 2699 οἰκτιρμῶν
2750 2630 2830 2693 εἰς
2895 2628 3043 2683 ἆπαν
3097 2627 3473 2700 ἐξῃρημένων.
3539 2622 3679 2681 Ἀλλ⁶

2097 2719 2394 2789 ἠγανάκτει
2451 2721 2586 2790 πρὸς
2646 2721 2806 2773 τοῦτο
2854 2720 2976 2773 λίαν
3035 2722 3063 2772 ὁ
3123 2719 3412 2784 θεσπέσιος
3447 2717 3667 2781 Ἰακὼϐ,

2097 2810 2330 2882 ἐπετίμα
2365 2827 2425 2863 τε
2461 2810 2670 2878 λέγων·
2711 2831 2728 2862 ι
2769 2813 3012 2881 Μισητὸν
3047 2828 3113 2882 με
3147 2811 3504 2882 πεποιήκατε,
3540 2809 3680 2864 ὥστε

2098 2902 2330 2972 πονηρόν
2367 2919 2430 2972 με
2465 2897 2741 2964 εἶναιτοῖς
2783 2902 3092 2956 κατοικοῦσι
3128 2902 3225 2972 τὴν
3267 2901 3393 2970 γῆν.
3422 2919 3441 2952 ι
3473 2901 3547 2953 υὺ
3572 2899 3681 2971 γὰρ

2102 2994 2444 3064 μεμέτρηται
2485 2997 2599 3057 τοῖς
2641 2994 2968 3046 ἀπεκτονόσι
2999 2992 3064 3046 τὰ
3103 2993 3160 3058 ἐξ
3201 2993 3388 3063 ὀργῆς,
3425 2990 3548 3044 οῦτε
3575 2991 3680 3062 μὴν

411 3061 497 3143 est
511 3089 694 3144 divina
731 3061 1036 3159 Scriptura.
1062 3083 1219 3158 175
1245 3087 1356 3158 Age
1384 3061 1588 3157 itaque,
1613 3101 1714 3156 pro
1747 3085 1892 3139 virili
1917 3084 1992 3139 di-

2099 3085 2174 3147 ὼς
2206 3084 2309 3137 ὑπὸ
2349 3085 2516 3155 πατρὶ
2563 3084 2933 3156 τεθραμμένοι
2982 3083 3176 3153 δικαίῳ
3224 3082 3602 3154 πεφρονήκασί
3630 3096 3678 3135 τι

413 3195 622 3236 camus.

2095 3175 2203 3228 τῶν
2261 3177 2360 3229 οὐκ
2416 3177 2497 3240 εἰς
2563 3174 2709 3232 ἅπαν
2756 3177 3237 3247 ὲκτετραμμένων.
3286 3175 3677 3246 Πεπορθήκασι

411 3274 543 3346 γάρ,
607 3273 940 3328 ἀπεκτόνασι
989 3275 1045 3326 δὲ
1089 3273 1215 3335 τοὺς
1263 3272 1655 3342 συνελομένους
1692 3272 1760 3324 τὰ
1831 3272 1923 3351 ἴσα
1950 3271 2169 3341 φρονεῖν
2218 3272 2421 3335 αὐτοῖς,
2461 3272 2558 3323 καὶ
2595 3271 2776 3324 πίστει
2826 3270 3255 3343 τεθαρρηκότας.
3317 3270 3415 3333 Τίς
3461 3266 3553 3323 οῦν
3595 3271 3680 3320 ὲνο

411 3363 599 3417 τεῦθεν
631 3363 839 3432 γένοιτο
879 3363 944 3416 ἂν
976 3363 1054 3425 είς
1087 3363 1232 3432 ἡμᾶς
1295 3362 1328 3433 ἡ
1382 3363 1572 3432 ὄνησις
1629 3360 2013 3432 (είκαιόμυθος
2051 3360 2159 3431 γὰρ
2185 3361 2436 3433 οὐδαμῶς
2473 3365 2506 3432 ἡ
2552 3360 2911 3428 θεόπνευστος
2946 3362 3178 3434 Γραφὴὶ,
3215 3361 3347 3432 φέρε
3386 3361 3449 3432 δὴ
3505 3359 3677 3427 λέγω·

416 3475 514 3527 μεν
548 3455 623 3520 ὡς
657 3459 753 3511 ἔνι.

484 3557 536 3610 5.
577 3555 822 3624 Spiritali
861 3557 1212 3627 generatione
1257 3557 1426 3627 geniti
1453 3571 1666 3622 sumus,
1697 3562 1753 3612 et
1778 3553 1834 3612 in
1856 3557 1998 3613 ﬁlios

412 3649 511 3704 Dei
549 3649 706 3702 asciti
752 3663 851 3718 per
889 3647 1191 3704 Christum.
1220 3649 1277 3704 Si
1303 3664 1432 3719 ergo
1457 3649 1736 3719 contingat
1758 3649 1997 3704 animam

414 3757 536 3811 quas
565 3743 678 3812 jam
724 3751 1044 3812 regenerata
1087 3742 1159 3796 sit
1204 3757 1304 3812 per
1347 3749 1597 3795 sanctum
1641 3742 1994 3812 baptismum,

413 3832 634 3903 liliaque
680 3834 775 3888 Dei
818 3834 977 3897 facta,
1013 3833 1290 3903 corrumpi
1328 3833 1560 3888 fortasse
1596 3834 1665 3888 ab
1689 3834 1756 3888 iis
1788 3850 1909 3904 quae
1941 3834 1995 3888 id

414 3922 592 3978 facere
633 3923 830 3991 solent,
876 3925 1136 3979 nimirum
1175 3925 1242 3980 ad
1282 3924 1521 3980 carnalia
1561 3923 1838 3980 desideria
1870 3941 1996 3996 pro:

413 4013 586 4084 lapsa,
637 4023 732 4069 aut
766 4015 971 4085 alioqui
1015 4015 1082 4070 ad
1105 4015 1372 4070 absurdas
1397 4014 1774 4085 cogitationes,
1807 4029 1994 4069 veram

413 4103 482 4159 de
521 4105 632 4160 Deo
658 4105 1027 4174 cognitionem
1053 4104 1468 4159 subvertentes:
1509 4102 1822 4172 hujusmodi
1845 4103 1992 4158 enim

415 4211 606 4251 revera
641 4204 770 4249 sunt
814 4197 1109 4266 impiorum
1149 4197 1531 4250 haereticorum
1555 4196 1863 4264 Opiniones,
1898 4195 1993 4265 qui

2168 3555 2229 3607 ε’.
2262 3554 2519 3621 Γέννησιν
2559 3551 2659 3622 μὲν
2704 3552 2813 3621 γὰρ
2862 3550 3239 3622 γεγεννήμεθα
3276 3549 3676 3621 πνευματικὴν,

2098 3645 2193 3700 καὶ
2242 3647 2298 3700 ὲν
2329 3645 2540 3708 τέκνοις
2579 3643 2714 3698 Θεοῦ
2751 3643 3066 3714 τετάγμεθα
3113 3643 3200 3696 διὰ
3234 3642 3490 3713 Χριστοῦ.
3538 3643 3679 3697 Οὐκ·

2096 3738 2189 3791 οῦν
2246 3737 2293 3790 εί
2344 3736 2554 3804 γένοιτο
2602 3735 2778 3806 ψυχὴν
2811 3733 3263 3804 ἁναγεννηθεῖσαν
3308 3734 3408 3804 ἤδη
3450 3733 3539 3787 διὰ
3583 3732 3676 3786 τοῦ

2095 3830 2252 3898 ἁγίου
2295 3829 2691 3899 βαπτίσματος,
2734 3829 2829 3881 καὶ
2881 3829 2960 3890 εἰς
3020 3825 3294 3897 θυγατέρα
3343 3825 3478 3878 Θεοῦ
3517 3825 3678 3878 τεθει-

2101 3921 2288 3992 μένην,
2314 3919 2734 3990 καταφθαρῆναι
2762 3920 2924 3988 τυχὸν
2958 3917 3062 3971 ὑπὸ
3082 3917 3191 3971 τῶν
3217 3915 3373 3969 τοῦτο
3399 3916 3531 3987 δρᾷν
3554 3919 3677 3970 είω·

2095 4012 2288 4075 θότων,
2327 4011 2361 4082 ἢ
2407 4010 2490 4073 είς
2521 4007 2581 4063 τὸ
2625 4011 2844 4080 φρονεῖν
2887 4007 3102 4061 ἑλέσθαι
3142 4006 3209 4059 τὰ
3257 4006 3498 4077 σαρκικὰ
3539 4022 3678 4076 παρ-

2095 4101 2536 4175 ενηνεγμένην,ἢ
2561 4100 2634 4164 ὡς
2654 4103 2731 4164 εἰς
2747 4103 2810 4154 ὲκ
2827 4100 2990 4154 τόπου
3016 4098 3450 4170 διεστραμμένας
3473 4098 3679 4162 ἐννοίας

2093 4196 2190 4258 τὰς
2221 4195 2348 4264 περὶ
2373 4184 2509 4246 Θεοῦ
2534 4191 2778 4263 (τοιαῦτα
2827 4192 2934 4262 γὰρ
2967 4189 3183 4260 άληθῶς
3209 4189 3275 4242 τὰ
3306 4189 3414 4241 τῶν
3451 4190 3678 4244 ἀνοσίων

417 4287 617 4358 injuria
650 4287 856 4341 aﬁectm
886 4287 1186 4341 secundum
1211 4286 1374 4340 ﬁdem
1398 4286 1601 4338 fratres
1625 4293 1772 4347 sunt,
1799 4285 1912 4339 sive
1938 4285 1992 4338 in

2101 4283 2387 4356 αἱρετικῶν
2418 4281 2684 4352 δοξάρια)⁶
2721 4281 2770 4335 οἱ
2801 4280 2900 4350 τῆς
2920 4281 3254 4350 ἠδικημένης
3311 4279 3452 4333 κατὰ
3498 4278 3679 4331 πίστιν

417 4377 743 4436 sacerdotali
786 4377 982 4432 ordine
1025 4378 1137 4431 sint
1175 4375 1481 4438 constituti,
1533 4374 1990 4445 quemadmodum

418 4471 531 4527 fere
552 4469 683 4524 Levi
698 4470 812 4524 sive
838 4469 894 4523 in
915 4477 1059 4523 statu
1081 4468 1428 4524 subditorum
1441 4473 1588 4533 sunt,
1607 4467 1828 4522 Simeon
1845 4466 1992 4521 enim

416 4564 812 4632 interpretatur
862 4558 1188 4623 obedientia,
1243 4559 1465 4629 indigne
1513 4558 1733 4628 quidem
1791 4557 1989 4619 ferant,

414 4655 460 4709 si
507 4651 780 4722 quispiam
820 4666 1010 4706 eorum
1051 4651 1146 4719 qui
1178 4650 1481 4705 secundum
1510 4649 1672 4704 ﬁdem
1696 4648 1991 4704 familiares

414 4745 550 4816 ipsis
598 4751 745 4806 sunt,
799 4742 1002 4814 injuria
1051 4741 1280 4795 affectus
1310 4741 1416 4795 sit:
1464 4740 1558 4794 sed
1583 4754 1693 4795 non
1717 4739 1897 4793 adhuc
1923 4739 1989 4793 ad

413 4837 735 4908 sanguinem
773 4833 1093 4905 procedant,
1133 4846 1313 4900 neque
1359 4831 1625 4885 immanes
1649 4846 1679 4884 a
1703 4840 1992 4898 corrupto-

414 4930 568 4985 ribus
589 4943 780 4999 paanas
810 4925 1049 4997 exigant,
1074 4937 1145 4978 ne
1173 4923 1402 4977 audiant
1418 4921 1696 4976 Christum
1718 4920 1989 4976 dicentem

414 5019 548 5089 ipsis
574 5035 589 5070 :
643 5036 661 5067 ι
689 5017 952 5072 Odiosum
994 5029 1082 5068 me
1105 5011 1334 5076 fecistis,
1362 5012 1436 5065 ita
1456 5018 1515 5074 ut
1537 5011 1713 5064 malus
1744 5010 1846 5064 sim
1869 5026 1990 5064 orn-

413 5111 579 5166 nibus
657 5108 1032 5164 habitantibus
1105 5113 1328 5160 terram.
1389 5122 1406 5154 ι
1465 5102 1776 5157 Meminisse
1843 5102 1988 5156 enim

413 5211 631 5275 Oportet
667 5203 812 5274 quod
852 5212 910 5258 et
946 5200 1196 5256 Salvator
1231 5199 1348 5268 ipse
1383 5196 1604 5251 beatum
1634 5195 1880 5261 Petrum,
1923 5211 1990 5251 eo

413 5295 560 5367 quod
589 5297 829 5366 gladium
845 5295 1158 5364 stringeret,
1175 5289 1506 5361 objurgavit,
1528 5288 1718 5343 dicens
1743 5303 1755 5340 :
1791 5307 1810 5339 c
1840 5287 1990 5342 Mitte

414 5387 654 5458 gladium
705 5396 856 5441 tuum
900 5387 957 5440 in
999 5385 1248 5455 vaginam
1280 5393 1432 5438 suam
1461 5395 1473 5433 :
1503 5396 1696 5436 omnes
1722 5381 1869 5435 enim
1894 5380 1989 5450 qui

415 5477 659 5548 gladium
685 5477 985 5546 accipiunt,
1025 5476 1078 5531 in
1101 5475 1280 5543 gladio
1311 5472 1616 5528 morientur
1644 5470 1707 5523 δτι
1750 5491 1768 5522 ι
1802 5470 1989 5541 Neque

487 5657 530 5692 "
553 5655 686 5715 Gen.
720 5675 904 5724 xxxm,
933 5659 1012 5713 i8.

2101 4373 2342 4443 ἀδελφοὶ,
2373 4375 2475 4430 κᾶν
2526 4378 2576 4428 εἰ
2623 4375 2776 4439 τάξιν
2801 4374 2974 4444 ἔχοιεν
3025 4373 3124 4443 τὴν
3158 4370 3462 4442 ἱερουργδν,
3503 4367 3676 4424 καθάο

2101 4479 2206 4536 περ
2233 4465 2422 4534 ἀμέλει
2463 4465 2604 4517 καὶὸ
2640 4463 2792 4529 Λευῒ,
2828 4462 2930 4516 κᾶν
2954 4463 3064 4515 εἴτε
3101 4459 3323 4531 Συμεὼν
3359 4462 3564 4512 νοοίντο
3588 4476 3679 4511 τυ-

2100 4556 2212 4628 χὸν,
2240 4557 2538 4620 τουτέστιν,
2572 4558 2620 4609 οἱ
2663 4558 2721 4610 ἐν
2776 4556 2927 4622 τάξει
2971 4553 3077 4606 τῶν
3133 4553 3390 4623 ὺτῆκόων
3439 4552 3680 4623 κείμενοι

2099 4647 2482 4720 (ἑρμηνεύεται
2524 4646 2621 4716 μὲν
2662 4645 2770 4716 γάρ
2808 4645 3048 4713 ὑπακοὴ
3103 4644 3381 4714 Συμεὼν),
3439 4646 3678 4711 ἀγανακ-

2100 4740 2335 4794 τοῦντων
2377 4739 2496 4809 μὲν,
2526 4741 2608 4792 ὅτι
2654 4738 3042 4791 πεπλεόνεκταί
3070 4756 3154 4800 τις
3190 4737 3296 4789 τῶν
3324 4735 3467 4789 κατὰ
3498 4735 3676 4788 πίστιν

2099 4813 2315 4886 οίκείων
2343 4832 2558 4894 αὐτοῖς’
2587 4831 2659 4901 μὴ
2694 4831 2800 4901 μὴν
2828 4831 2919 4884 καὶ
2955 4832 3033 4894 εἰς
3058 4825 3197 4899 αἷμα
3225 4827 3546 4899 χωρούντων
3573 4828 3672 4891 ἔτι,

2101 4923 2241 4993 μήτε
2273 4922 2379 4993 μὴν
2423 4922 2620 4993 ἀγρίας
2677 4923 2801 4985 τοὺς
2838 4921 3281 4992 κατεφθαρκότας
3319 4920 3674 4985 ὲξαιτούντων

2096 5015 2270 5082 δίκας,
2299 5017 2386 5070 ἵνα
2427 5015 2512 5088 μὴ·
2556 5014 2844 5069 ἀκούσειαν
2873 5013 3110 5085 Χριστοῦ
3164 5015 3410 5082 λέγοντος
3455 5015 3671 5076 αὐτοῖς’

2105 5124 2123 5155 ι
2146 5106 2200 5158 Μ
2209 5105 2388 5174 ισητόν
2409 5123 2476 5176 με
2495 5107 2847 5175 πεποιήκατε,
2877 5103 3017 5156 ὥστε
3049 5101 3285 5174 πονηρόν
3312 5115 3378 5172 με
3400 5101 3540 5155 εἶναι
3566 5104 3673 5164 τοῖς

2099 5195 2411 5250 κατοικοῦσι
2439 5196 2538 5264 τὴν
2567 5197 2689 5264 γῆν.
2717 5214 2734 5247 ι
2766 5195 3093 5266 Μεμνῆσθαι
3123 5194 3231 5264 γὰρ
3257 5195 3573 5261 ἀναγκαῖον,
3593 5194 3672 5245 ὅτι

2097 5288 2189 5341 καὶ
2221 5287 2379 5351 αὐτὸς
2401 5289 2430 5340 ὁ
2459 5287 2648 5358 Σωτὴρ
2685 5286 2982 5357 γυμνοῦντι
3003 5288 3101 5356 τὴν
3127 5287 3402 5357 μάχαιραν
3437 5284 3672 5354 ἐπετίμα

2097 5381 2227 5433 ποτε
2289 5379 2368 5450 τῷ
2416 5377 2696 5448 θεσπεσίῳ”
2725 5378 2940 5449 Πέτρῳ,
2998 5377 3205 5445 λέγων·
3249 5395 3266 5428 ι
3301 5375 3673 5444 Ἀπόστρεψον

2095 5472 2194 5542 τὴν
2225 5471 2499 5542 μάχαιράν
2541 5488 2630 5525 σου
2671 5471 2750 5534 είς
2785 5470 2881 5542 τὴν
2912 5469 3082 5540 θήκην
3112 5468 3304 5537 αὐτῆς·
3345 5466 3545 5531 πάντες
3570 5465 3672 5535 γὰρ

1096 5660 1138 5691 ιε
1178 5658 1314 5713 Gen.
1358 5674 1534 5726 mw,
1566 5657 1650 5712 30.
1726 5659 1764 5687 ιτ
1799 5656 1985 5711 Matth.
2017 5670 2178 5718 xm.
2217 5654 2302 5707 52-
