4074 6260
306 211 392 278 ul
1299 200 1825 269 OLAPHYROBUl
1856 198 1887 267 Π

1984 204 2264 267 ἱΕΝΕὸΙΜ
2300 204 2428 268 ιω.
2472 203 2535 267 ν.

308 341 350 393 al
381 336 638 401 λαϐόντες
674 333 973 409 μάχαιραν,
1000 332 1058 386 ὲν
1086 331 1330 402 μαχαίρᾳ
1374 328 1726 385 ἀπολοῦνται.
1753 347 1773 382 ι
1805 329 1884 384 οὐ

1984 329 2136 385 enim
2168 329 2373 401 gladiis
2412 329 2615 385 armari
2641 328 2901 386 comit
2930 340 3054 394 nos,
3082 329 3176 400 qui
3211 324 3281 385 ad
3306 329 3567 401 pietatem

308 430 409 502 γάρ
439 444 524 482 τοι
561 425 862 499 μαχαίραις
888 421 1262 490 ιξοπλίξεσθαι
1290 421 1413 475 κατ’
1436 420 1653 492 ἐχθρῶν
1681 418 1882 491 πρέποι

307 519 367 577 ἃν
402 518 580 591 ἡμᾶς,
624 518 752 579 τοὺς
797 517 896 582 τῆς
936 513 1017 576 είς
1060 507 1192 566 Θεὸν
1240 509 1526 574 εὐσεϐείας
1556 507 1882 579 ὑπσραθλεῖν

309 609 650 681 ᾑρημένουςο
722 606 834 662 ἀλλ’
856 598 991 659 εἶναι
1021 603 1121 674 μὲν
1166 601 1484 673 τληπαθεῐς,
1524 602 1620 655 καὶ
1664 601 1714 653 εί
1760 598 1883 654 διὼί

309 714 425 755 raw
463 697 670 753 ἓλοιντό
715 714 872 760 τινες,
914 696 1152 764 εὐλογεῖν
1178 693 1235 747 δὲ
1279 688 1737 765 λοιδορουμένους,
1778 691 1881 747 πάι

317 802 543 861 σχοντας
581 786 653 860 μὴ
678 790 922 858 ἀπηχεῖν,
956 785 1308 859 παραδιδόναι
1338 784 1396 838 δὲ
1438 784 1637 854 μᾶλλον
1661 782 1741 854 τῷ
1764 781 1884 855 κρί-

319 899 461 935 νοντι
489 880 718 943 δικαίως.
748 878 1208 950 Παραφυλακτέον
1246 879 1304 933 δὲ
1348 878 1463 941 τοῖς
1505 873 1880 948 παραιτουμέ-

322 991 430 1037 νοις
458 974 552 1045 τὴν
583 973 949 1045 καταφθορὰν,
976 972 1038 1025 τὸ
1092 970 1169 1043 μὴ
1219 969 1595 1042 ὲξοιχήσεσθαί
1646 985 1739 1022 ποι
1783 968 1882 1036 τῆς

322 1056 562 1133 πατρῴας
591 1062 816 1133 σκηνῆς,
840 1062 1114 1120 τουτέστι,
1150 1060 1246 1114 τοῦ
1281 1061 1431 1115 οἴκου
1468 1058 1564 1112 τοῦ
1591 1056 1751 1119 Θεοῦ,
1778 1075 1883 1127 μη-

312 1153 364 1206 δὲ
387 1157 498 1216 ταῖς
535 1152 643 1206 τῶν
692 1153 1031 1222 ἀλλοφύλων,
1055 1152 1175 1222 ἢτοι
1194 1154 1313 1215 ταῖς
1343 1150 1451 1205 τῶν
1481 1149 1878 1220 ἐτεροερρόνων,

309 1241 658 1312 προσϐάλλειν
694 1241 939 1310 ἀγέλαις.
990 1239 1311 1305 Ἐξελθοῦσα
1334 1239 1443 1310 γάρ
1469 1240 1600 1292 Δίνα
1634 1238 1736 1307 τῆς
1772 1254 1880 1290 πα-

306 1331 477 1403 τρῴας
499 1332 732 1401 σκηνῆς,
768 1333 851 1393 είς
885 1327 1036 1385 οἷκον
1070 1330 1350 1401 ἀπηνέχθη
1378 1329 1573 1400 Σιχέμ,
1613 1328 1752 1381 Ἀλλ’
1780 1328 1881 1381 οὐκ

304 1423 365 1476 ἂν
402 1423 638 1493 ὑϐρίσθη
670 1424 803 1475 ποτὲ
824 1424 940 1484 τοῖς
967 1420 1061 1474 τοῦ
1105 1420 1308 1491 πατρὸς
1337 1420 1628 1490 δωματίοις
1652 1416 1881 1489 ἐμφιλο-

302 1511 573 1583 χωροῦσα,
604 1514 701 1564 καὶ
732 1514 960 1582 σκηναῖς
987 1510 1160 1578 ἁγίων
1188 1510 1591 1581 ὲνδιαιτωμένη.
1628 1509 1752 1562 Ὅτι
1773 1506 1882 1579 γὰρ

301 1601 359 1653 τὸ
392 1601 585 1672 χρῆμα
618 1600 804 1665 καλὸν,
840 1600 930 1656 καὶ
957 1601 1037 1664 εἰς
1065 1600 1246 1672 ϐνησιν
1273 1601 1373 1654 οὐκ
1415 1599 1719 1664 ἀσυντελὲς,
1748 1600 1881 1653 ἀνα-

304 1693 484 1745 πείσει
522 1690 742 1760 ψάλλων
774 1692 803 1747 ὁ
840 1693 1106 1763 μακάριος
1143 1690 1325 1746 Δαϐίδ’
1362 1691 1544 1747 «Μίαν
1590 1689 1882 1762 ᾐτησάμην

308 1783 458 1853 παρά
499 1783 728 1854 Κυρίου,
757 1783 958 1853 ταύτην
999 1784 1239 1855 ζητήσω,
1274 1782 1369 1837 τοῦ
1400 1785 1674 1836 κατοικεῖν
1729 1799 1795 1853 με
1820 1783 1881 1835 έν

310 1875 440 1944 οἴκῳ
478 1875 685 1945 Κυρίου
724 1876 902 1939 πάσας
933 1877 1031 1940 τὰς
1058 1876 1272 1946 ἡμέρας
1328 1874 1431 1945 τῆς
1459 1873 1605 1943 ζωῆς
1639 1892 1761 1945 μου,
1788 1872 1881 1928 τοῦ

308 1966 534 2036 θεωρεῖν
563 1980 634 2036 με
678 1966 797 2037 τὴν
828 1968 1166 2038 τερπνότητα
1190 1966 1421 2036 Κυρίου,
1450 1965 1543 2018 καὶ
1569 1965 1887 2018 ὲπισκέπτε·

309 2054 431 2111 σθαι
464 2057 559 2110 τὸν
598 2059 727 2111 ναὸν
779 2057 875 2112 τὸν
926 2057 1080 2125 ἆγιον
1129 2057 1314 2110 αὑτοῦ.
1351 2057 1475 2109 Ὅτι
1508 2054 1797 2125 ἔκρυψέμε
1828 2056 1885 2107 ὲν

306 2151 486 2219 σκηνῇ
534 2148 725 2213 αὑτοῦ,
758 2151 817 2203 ἐν
841 2151 1027 2222 ἡμέρᾳ
1058 2148 1241 2203 κακῶν
1273 2165 1374 2217 μου
1416 2146 1685 2200 ὲσκέπασέ
1728 2164 1795 2217 με
1824 2150 1884 2201 ιν

300 2239 611 2310 ἀποκρύφῳ
636 2241 734 2308 τῆς
784 2241 987 2310 σκηνῆς
1025 2240 1249 2296 αὑτοῦ.»
1293 2238 1528 2308 Περιδεᾶ
1559 2238 1739 2291 τοίνυν
1790 2237 1884 2292 καὶ

301 2332 507 2402 ἄθυμον
541 2330 805 2400 γεγονότα
855 2331 1049 2400 κομιδῇ
1085 2330 1177 2383 τὸν
1211 2327 1427 2392 Ἰακὼϐ,
1460 2328 1719 2398 ἀπαίρειν
1765 2328 1885 2382 ἐκέ-

304 2424 457 2479 λευσε
486 2422 640 2485 Θεός.
684 2423 840 2493 Ἔχει
876 2423 933 2476 δὲ
962 2422 1163 2489 οὕτως’
1202 2441 1220 2473 ι
1244 2417 1380 2475 Εῐπε
1424 2420 1480 2474 δὲ
1509 2422 1539 2475 ὁ
1575 2419 1707 2483 Θεὸς
1747 2418 1884 2490 πρὸς

312 2510 540 2565 Ἰακὼϐο
582 2512 848 2576 ’Δναστάς
899 2511 1127 2582 ἀνάϐηθι
1171 2513 1252 2576 είς
1300 2510 1393 2565 τὸν
1442 2508 1605 2563 τόπον
1657 2507 1883 2581 autem.

301 2602 392 2654 καὶ
426 2603 566 2655 οἴκει
613 2604 751 2666 ἐκεῖ,
789 2602 883 2655 καὶ
932 2602 1152 2672 ποίησον
1205 2603 1323 2655 ἐκεῖ
1363 2599 1755 2670 θυσιαστήριον
1804 2600 1885 2671 τῷ

301 2693 417 2763 Θεῷ
433 2693 509 2764 τῷ
526 2692 744 2762 ὀφθέντι
759 2709 861 2754 σοι,
888 2693 947 2746 ἐν
975 2691 1051 2761 τῷ
1070 2690 1484 2762 ἀποδιδράσκειν
1501 2706 1562 2743 σε
1588 2689 1697 2743 ἀπὸ
1723 2706 1886 2759 προσ·
1930 2682 1939 2689 ’

301 2785 449 2840 ὼπου
479 2784 646 2839 Ἡσαῦ
667 2783 764 2838 τοῦ
797 2784 1024 2853 ἀδελφοῦ
1048 2801 1161 2838 σου.
1179 2780 1316 2837 Eine
1343 2783 1400 2837 δὲ
1432 2782 1627 2837 Ἰακὼϐ
1650 2784 1727 2855 τῷ
1750 2784 1886 2855 οἴκῳ

306 2875 491 2941 αὑτοῦ,
520 2875 609 2929 καὶ
633 2879 766 2931 πᾶσι
795 2878 907 2939 τοῖς
938 2874 1053 2944 μετ’
1086 2874 1272 2928 αὑτοῦ·
1302 2874 1507 2944 ’Δρατε
1562 2876 1688 2938 τοὺς
1729 2875 1885 2938 θεοὺς

1983 420 2043 477 in
2085 421 2260 478 Deum
2301 419 2709 485 contendimus,
2753 421 2850 477 sed
2889 422 3074 492 potius
3119 435 3240 479 esse
3273 423 3565 494 patientes.

1980 512 2199 571 etiamsi
2238 512 2494 569 nonnulli
2547 527 2653 569 nos
2701 514 2965 584 persequi
3005 514 3197 579 velint,
3238 513 3568 571 benedicere

1980 614 2116 660 vero
2140 604 2587 661 conviciantibas
2614 621 2631 657 :
2655 604 2952 675 patientes,
2975 604 3272 675 aequidem
3297 618 3564 669 mussare,

1982 694 2200 751 tradere
2222 702 2406 749 autem
2433 694 2619 764 potius
2634 692 2900 764 iudicanti
2917 694 3085 765 justo.
3102 692 3417 749 Cavendum
3433 709 3567 751 vero

1980 796 2067 843 est
2111 786 2181 841 iis
2221 786 2319 856 qui
2358 784 2646 841 interitum
2676 785 2852 842 vitare
2879 786 3073 847 velint,
3110 799 3183 841 ne
3237 793 3465 855 paterno
3488 794 3568 841 ta-

1983 877 2306 943 bernaculo,
2343 877 2451 933 boc
2470 880 2576 943 est,
2598 877 2764 932 domo
2797 877 2894 932 Dei
2925 878 3301 948 egrediantur,
3330 891 3469 932 neve
3498 875 3564 932 ad

1982 969 2414 1041 alienigenarum
2450 969 2567 1025 sive
2609 968 2994 1024 hereticorum
3042 983 3236 1039 greges
3280 968 3563 1022 accedant.

1982 1062 2214 1133 Egressa
2231 1063 2379 1118 enim
2402 1062 2538 1116 Dina
2555 1076 2587 1116 e
2613 1061 2967 1116 tabernaculo
2988 1068 3237 1129 paterno,
3264 1060 3319 1113 in
3341 1060 3565 1115 domum

1984 1153 2203 1208 Siebem
2225 1152 2405 1208 ablata
2426 1160 2529 1207 est.
2554 1152 2844 1221 Nunquam
2865 1164 2995 1204 vero
3017 1149 3350 1205 contumelia
3369 1150 3566 1205 aﬂ'ecta

1980 1241 2198 1309 fuisset,
2218 1244 2264 1298 si
2293 1242 2540 1314 paternis
2562 1241 2776 1296 aedibus
2796 1241 3064 1305 haesisset,
3089 1250 3147 1296 et
3175 1241 3230 1295 in
3249 1242 3454 1295 sanctis
3481 1250 3565 1295 ta-

1982 1335 2299 1391 bernaculis
2315 1334 2533 1390 assidue
2544 1340 2761 1388 versata
2773 1331 2985 1387 fuisset.
3005 1330 3160 1398 Quod
3175 1331 3323 1386 enim
3340 1331 3568 1401 pulchra

1983 1425 2387 1496 utilissimaque
2423 1439 2489 1479 ea
2524 1438 2616 1479 res
2663 1423 2736 1479 sit
2766 1423 2963 1479 beatus
2994 1422 3161 1477 David
3196 1422 3459 1486 declarat,
3491 1421 3567 1476 ita

1983 1532 2187 1574 canens
2217 1533 2232 1569 :
2270 1534 2290 1566 ι
2320 1514 2495 1572 Unam
2517 1514 2651 1585 petii
2679 1530 2709 1569 a
2738 1514 2991 1579 Domino,
3013 1514 3156 1568 banc
3177 1513 3477 1583 requiram,
3506 1518 3569 1566 ut

1984 1609 2227 1665 habitem
2250 1609 2306 1663 in
2340 1607 2506 1662 domo
2528 1606 2743 1661 Domini
2772 1605 3032 1660 omnibus
3051 1605 3248 1659 diebus
3265 1604 3391 1659 vitae
3411 1617 3565 1668 meae,

1986 1712 2047 1759 ut
2078 1700 2293 1757 videam
2324 1701 2661 1770 voluptatem
2689 1698 2928 1754 Domini.
2956 1705 3014 1751 et
3044 1697 3258 1751 visitem
3301 1696 3569 1766 templum

1981 1802 2230 1850 salicum
2271 1793 2410 1864 ejus.
2450 1792 2613 1863 173
2635 1790 2775 1857 Quia
2819 1789 3111 1845 abscondit
3156 1803 3245 1843 me
3279 1789 3335 1842 in
3385 1787 3570 1841 taber-

1982 1885 2180 1941 naequ
2205 1899 2326 1949 suo,
2362 1883 2421 1938 in
2450 1882 2541 1937 die
2571 1881 2838 1936 malorum
2859 1893 3109 1935 meorum
3132 1878 3374 1950 protexit
3393 1892 3481 1932 me
3510 1877 3565 1931 in

1981 1972 2255 2044 profundo
2298 1970 2636 2026 tabernaculi
2679 1969 2765 2023 sui
2799 1968 2865 2021 “.
2914 1987 2934 2019 ι
2980 1967 3258 2021 Timidum
3297 1968 3482 2035 itaque
3510 1971 3568 2020 et

1983 2071 2241 2119 mustum
2282 2060 2441 2115 valde
2476 2058 2735 2114 effectum
2773 2056 2963 2122 Iacob,
3012 2056 3160 2112 Deus
3183 2055 3456 2127 proﬁcisci
3474 2056 3566 2126 ju-

1976 2155 2098 2209 bet.
2126 2153 2206 2208 lta
2228 2167 2363 2207 vero
2390 2151 2560 2205 habet
2584 2169 2596 2203 :
2646 2168 2665 2200 ι
2690 2150 2839 2205 Dixit
2871 2157 3055 2204 autem
3088 2148 3237 2202 Deus
3267 2146 3334 2201 ad
3358 2144 3527 2201 Iacob
3551 2162 3563 2197 ε

1986 2245 2226 2318 Sui-gens
2277 2244 2513 2299 ascende
2566 2243 2623 2297 in
2664 2241 2848 2297 locum
2885 2240 3097 2304 Betbel,
3130 2246 3187 2294 et
3212 2238 3398 2293 habita
3435 2236 3566 2302 illic,

1983 2346 2041 2394 et
2077 2339 2160 2394 fac
2186 2337 2264 2393 ibi
2297 2337 2468 2391 altare
2505 2335 2639 2400 Deo,
2679 2334 2774 2403 qui
2798 2332 3051 2403 apparuit
3074 2330 3172 2386 tibi
3202 2344 3326 2385 cum
3355 2328 3570 2400 fugeres

1984 2446 2016 2484 a
2059 2430 2200 2485 facie
2247 2429 2392 2484 Esau
2434 2427 2621 2482 fratris
2662 2426 2762 2480 tui.
2803 2423 2951 2479 Dixit
2979 2430 3162 2478 autem
3188 2419 3357 2477 Iacob
3380 2419 3568 2474 domui

1984 2537 2116 2586 sua,
2152 2529 2209 2576 et
2237 2520 2495 2575 omnibus
2527 2519 2623 2590 qui
2652 2531 2778 2572 cum
2804 2531 2872 2571 eo
2902 2530 2915 2568 :
2954 2514 3150 2569 Tollite
3186 2512 3319 2567 deos
3362 2511 3570 2565 alienos

1984 2615 2053 2669 de
2088 2613 2272 2669 medio
2293 2619 2561 2673 vestrum,
2587 2619 2644 2665 et
2680 2607 3047 2669 mundamini,
3080 2612 3135 2659 et
3158 2610 3365 2658 mutate
3388 2611 3571 2656 vestes

1985 2709 2215 2765 vestras,
2262 2708 2319 2755 et
2355 2707 2646 2769 surgentes
2679 2696 3038 2751 ascendamus
3076 2692 3132 2747 in
3157 2693 3370 2756 Betliel,
3397 2699 3456 2746 et
3484 2688 3571 2745 fa-

1982 2794 2196 2849 ciamus
2226 2791 2307 2847 ibi
2344 2792 2517 2846 altare
2548 2788 2682 2854 Deo,
2720 2785 3119 2858 qulexaudivit
3150 2799 3237 2837 me
3260 2784 3317 2837 in
3350 2782 3441 2837 die
3470 2781 3572 2836 tri-

1986 2883 2305 2946 bulationis,
2337 2880 2433 2950 qui
2462 2880 2567 2935 fuit
2610 2892 2825 2933 mecum
2869 2886 2929 2932 et
2965 2874 3196 2930 salvavit
3241 2888 3329 2927 me
3372 2873 3429 2927 in
3483 2870 3572 2926 via

313 2969 441 3029 τοὺς
478 2967 783 3038 ἀλλοτρίους
820 2969 885 3020 ὲκ
928 2968 1093 3037 μέσου
1135 2965 1312 3038 ὑμῶν,
1346 2967 1443 3019 καὶ
1488 2964 1879 3051 καθαρίσθητε,

1985 2990 2095 3046 qua
2127 2972 2425 3031 ambulavi.
2460 2970 2530 3025 Et
2566 2968 2842 3024 dederunt
2871 2965 3040 3023 Iacob
3067 2968 3201 3021 deos
3237 2966 3445 3035 alienos
3476 2960 3573 3033 qui

315 3059 409 3110 καὶ
439 3056 690 3122 ἀλλάξατε
719 3059 815 3120 τὰς
844 3055 1036 3120 στολὰς
1063 3056 1237 3128 ὑμῶν,
1268 3057 1363 3110 καὶ
1390 3057 1721 3119 ἀναστάντες
1744 3058 1876 3109 ἀνα-

310 3148 501 3218 δῶμεν
530 3151 607 3212 εἰς
633 3148 847 3221 Βαιθὴλ,
871 3148 967 3201 καὶ
998 3148 1314 3217 ποιήσωμεν
1343 3146 1460 3200 ἐκεῖ
1491 3146 1878 3218 θυσιαστήριον

301 3241 385 3311 τῷ
414 3239 535 3308 Θεῷ
576 3241 651 3310 τῷ
690 3238 1058 3294 ὲπακούσαντί
1090 3256 1180 3310 μοι
1230 3240 1291 3293 ὲν
1317 3238 1505 3309 ἡμέρᾳ
1540 3237 1793 3307 θλίψεως,
1820 3237 1881 3301 ὃς

300 3326 372 3401 ἦν
406 3332 525 3402 μετ’
555 3330 709 3401 ἐμοῦ,
741 3331 835 3385 καὶ
862 3327 1087 3382 διέσωσέ
1131 3345 1198 3399 με
1243 3330 1301 3381 ὲν
1333 3330 1401 3399 τῇ
1457 3326 1561 3397 ὀδῷ
1653 3326 1882 3398 ἀπορεύ-

301 3422 425 3495 θην.
463 3423 571 3476 Καὶ
614 3422 819 3477 ἔδωκαν
848 3421 924 3492 τῷ
964 3419 1158 3474 Ἰακὼϐ
1187 3421 1314 3484 τοὺς
1367 3419 1523 3483 θεοὺς
1563 3420 1881 3490 ἀλλοτρίους

300 3514 350 3566 οἳ
378 3508 521 3583 ἦσαν
557 3513 616 3564 ὲν
636 3514 755 3575 ταῖς
780 3513 966 3585 χερσὶν
1001 3510 1199 3575 αὐτῶν,
1223 3510 1321 3565 καὶ
1349 3509 1420 3564 τὰ
1457 3510 1657 3565 ἐνώτια
1706 3511 1776 3566 τά
1820 3512 1880 3567 ἐν

301 3607 412 3669 τοῖς
441 3605 577 3658 ὠσὶν
614 3604 816 3669 αὐτῶν,
848 3604 943 3658 καὶ
988 3603 1333 3673 κατέκρυψεν
1372 3600 1513 3656 αὐτά
1555 3599 1753 3655 Ἰακὼϐ
1777 3601 1882 3656 ὑπὸ

300 3697 399 3766 τὴν
421 3694 734 3766 τερέϐινθον
773 3694 872 3766 τὴν
900 3695 958 3748 έν
988 3694 1255 3764 Σικίμοις,
1298 3693 1394 3747 καὶ
1420 3693 1712 3747 ἀπώλεσαν
1741 3693 1881 3746 αὐτὰ

300 3787 406 3849 ἕως
442 3787 541 3855 τῆς
570 3787 810 3857 σήμερον
841 3786 1074 3857 ἡμέρας.
1098 3805 1117 3837 ι
1153 3784 1488 3856 Προσεκάλει
1542 3786 1642 3856 μὲν
1690 3783 1754 3856 δὴ
1791 3785 1882 3839 τὸν

300 3873 509 3926 δίκαιον
535 3874 615 3938 είς
638 3873 841 3945 Βαιθὴλ
866 3874 974 3927 ἀπὸ
1002 3874 1244 3944 Σικίμων
1274 3876 1302 3928 ὁ
1326 3873 1437 3926 τῶν
1463 3874 1600 3927 ὅλων
1629 3874 1783 3937 Θεὸς.
1824 3873 1882 3926 '0

299 3964 359 4018 δὲ
387 3962 456 4035 ἦν
487 3966 588 4019 οὐκ
630 3964 882 4035 ἀπειθὴς.
921 3960 1055 4019 Εἶτα
1083 3963 1320 4034 γεγονὼς
1361 3965 1421 4017 ὲν
1456 3962 1640 4027 Λουξά
1665 3964 1754 4016 διὰ
1785 3964 1882 4033 μέ·-

304 4073 422 4117 σου,
456 4056 551 4108 καὶ
570 4053 909 4127 θεοπτ[ε]ίας
928 4054 1246 4125 ἠξιωμένος,
1273 4052 1367 4106 καὶ
1392 4054 1475 4105 ὅτι
1496 4051 1708 4104 πολλῶν
1734 4049 1885 4103 ἔσται

301 4147 490 4216 πατὴρ
523 4145 691 4199 ἐθνῶν
713 4148 834 4209 ταῖς
858 4144 1207 4213 ἐπαγγελίαις
1230 4141 1657 4213 ὲμπεδούμενος,
1679 4160 1698 4192 ι
1712 4140 1888 4193 Ἀντι-

303 4259 391 4294 σιν
417 4243 499 4303 είς
525 4239 747 4310 Βαιθὴλ,
780 4239 873 4290 καὶ
899 4236 1124 4306 ἔστησεν
1144 4238 1280 4299 ἐκεῖ,
1306 4235 1490 4305 φησὶν,
1533 4231 1729 4287 Ἰακὼϐ
1760 4233 1886 4303 στή-

1980 3076 2139 3121 erant
2171 3063 2229 3118 in
2263 3063 2521 3117 manibus
2565 3062 2834 3130 ipsorum,
2874 3066 2932 3113 et
2969 3060 3192 3112 inaures
3222 3070 3345 3125 quae
3392 3055 3446 3109 in
3479 3069 3574 3108 au-

1981 3157 2139 3211 ribus
2170 3155 2435 3225 ipsorum,
2482 3158 2539 3206 et
2568 3151 2858 3205 abscondit
2904 3165 2969 3205 ea
3002 3149 3172 3205 Iacob
3195 3148 3298 3203 sub
3323 3146 3570 3203 terebin-

1981 3248 2079 3302 tbo
2132 3260 2255 3316 qua
2289 3246 2346 3301 in
2375 3242 2660 3307 Sicbimis,
2687 3252 2744 3297 et
2770 3240 3013 3312 perdidit
3050 3255 3114 3296 ea
3151 3256 3323 3311 usque
3372 3240 3429 3293 in
3476 3239 3574 3294 ho-

1981 3337 2235 3394 diernum
2270 3336 2419 3391 diem
2452 3335 2519 3389 ‘9.
2564 3354 2581 3386 ι
2628 3332 2935 3388 Advocavit
2980 3332 3204 3402 quidem
3234 3333 3443 3403 justum
3479 3329 3571 3385 Ia-

1980 3429 2086 3484 cob
2122 3429 2181 3483 in
2220 3426 2411 3483 Betbel
2433 3441 2501 3481 ex
2533 3424 2795 3480 Sichimis
2812 3424 2960 3479 Deus
2992 3423 3160 3478 totius
3178 3421 3444 3478 universi.
3467 3418 3570 3488 Qui

1981 3518 2206 3591 quidem
2250 3519 2356 3589 ipsi
2389 3532 2598 3573 morem
2652 3516 2843 3587 gessit.
2896 3515 3106 3570 Deinde
3167 3530 3292 3571 cum
3330 3513 3573 3568 venisset

1982 3611 2039 3666 in
2062 3610 2229 3675 Luza,
2259 3610 2557 3680 diviuoque
2578 3616 2803 3679 aspectu
2829 3608 3028 3679 dignus
3068 3608 3309 3670 habitus,
3341 3614 3396 3660 et
3425 3600 3573 3673 quod

1983 3708 2142 3770 pater
2181 3701 2406 3755 futurus
2443 3709 2590 3754 esset
2631 3699 2929 3752 multarum
2966 3697 3209 3767 gentium
3247 3693 3572 3764 promissio-

1984 3791 2152 3847 nibus
2177 3790 2556 3854 confirmatus,
2590 3807 2608 3839 ι
2638 3788 2883 3843 ascendit
2907 3788 2963 3839 in
2986 3785 3198 3853 Betbel.
3221 3784 3289 3835 Et
3311 3782 3518 3843 statuit,
3547 3797 3567 3831 ι

1988 3881 2189 3951 inquit,
2237 3900 2255 3931 ‹
2284 3881 2360 3935 ibi
2404 3880 2572 3935 Iacob
2612 3878 2839 3931 titulum
2892 3878 2950 3928 in
2978 3875 3101 3927 loco
3136 3875 3191 3926 in
3225 3887 3334 3939 quo
3359 3871 3576 3925 locutus

1987 3979 2072 4027 est
2114 3985 2240 4024 cum
2281 3985 2348 4023 eo
2374 3971 2558 4030 .Deus,
2597 3969 2817 4021 titulum
2847 3965 3146 4035 lapideum,
3185 3972 3240 4017 et
3262 3963 3575 4030 fecitsuper

1987 4077 2114 4118 eum
2146 4061 2404 4123 libamen,
2428 4067 2484 4115 et
2508 4058 2706 4114 effudit
2738 4072 2906 4128 super
2935 4068 3063 4111 cum
3098 4055 3303 4119 oleum,
3339 4062 3395 4107 et
3420 4068 3577 4107 voca-

1988 4155 2069 4210 vit
2096 4153 2265 4211 Iacob
2291 4167 2492 4207 nomen
2520 4150 2628 4207 loci
2656 4150 2822 4215 illius,
2862 4149 2916 4204 in
2947 4162 3056 4218 quo
3088 4147 3305 4201 locutus
3328 4145 3379 4201 ei
3408 4145 3572 4210 Deus,

1990 4245 2180 4302 Bethel
2232 4245 2299 4299 ’ᾗ
2334 4263 2352 4295 ι
2403 4240 2570 4298 Multa
2609 4248 2950 4297 concurrunt
2975 4240 3120 4294 haud
3152 4240 3385 4293 obscura
3411 4254 3575 4309 argu-

300 4328 403 4403 λην
441 4333 501 4385 ὲν
531 4331 612 4401 τῷ
642 4330 791 4401 τόπῳ
837 4322 883 4397 ᾧ
914 4329 1139 4399 ὲλάλησε
1173 4327 1291 4398 μετ’
1315 4324 1479 4380 αὑτοῦ
1504 4328 1532 4378 ὁ
1569 4325 1720 4390 Θεὸς,
1757 4326 1887 4393 στή-

1992 4349 2176 4395 menta
2227 4353 2328 4393 cur
2404 4350 2661 4390 reversus
2710 4334 2782 4388 sit
2829 4333 2996 4389 Iacob
3044 4332 3098 4386 in
3136 4341 3336 4386 terram
3384 4329 3571 4393 lsrael,

301 4424 405 4497 λην
436 4424 666 4493 λιθίνην,
713 4426 807 4477 καὶ
850 4421 1104 4474 ἔσπεισεν
1152 4420 1436 4491 ὲπάὑτὴν
1491 4418 1745 4488 σπονδὴν,
1795 4417 1888 4472 καὶ

302 4516 535 4586 ἐπέχεεν
584 4515 669 4568 ἐπ’
696 4514 865 4583 αὐτὴν
923 4513 1121 4565 ἔλαιον.
1165 4510 1276 4564 Καὶ
1306 4511 1564 4563 ἐκάλεσεν
1598 4508 1794 4562 Ἰακὼϐ
1829 4507 1889 4561 τὸ

302 4607 480 4676 ϐνομα
536 4606 629 4659 τοῦ
664 4604 830 4658 τόπου
889 4605 948 4656 ὲν
988 4598 1031 4670 ᾧ
1063 4603 1295 4672 ἐλάλησα
1328 4603 1444 4672 μετ’
1476 4599 1643 4656 αὐτοῦ
1672 4602 1700 4653 ὁ
1731 4600 1885 4664 Θεὸς,

304 4696 571 4768 Βαιθήλ.»
637 4695 816 4748 Πολλά
864 4694 1005 4748 κατά
1057 4694 1253 4746 ταυτὸν
1310 4693 1390 4756 είς
1457 4691 1732 4758 ἀπόδειξιν
1786 4691 1887 4744 οὐκ

303 4787 606 4859 ἁσυμφανῆ
648 4786 754 4840 τοῦ·
780 4783 1249 4856 μετατετραφέναι
1282 4783 1372 4835 τὸν
1423 4782 1618 4836 Ἰακὼϐ
1670 4785 1749 4845 είς
1781 4783 1883 4853 γῆν

315 4877 559 4950 Ἰσραὴλ,
586 4879 680 4931 καὶ
720 4880 800 4939 είς
826 4876 885 4928 τὸ
931 4875 1153 4945 ἄμεινον
1179 4874 1524 4946 ἀσυγκρίτως
1554 4874 1883 4943 μεταφοίτη-

304 4983 391 5022 σιν
416 4971 578 5023 ἑλεῖν.
608 4965 914 5037 Κατῴκησε
942 4967 1039 5036 μὲν
1062 4966 1169 5035 γὰρ
1191 4965 1247 5017 ὲν
1282 4966 1525 5033 σκηναῖς,
1547 4966 1576 5016 ὁ
1607 4962 1667 5016 τὸ
1687 4964 1883 5034 πάροι-

304 5076 401 5114 κον
445 5064 503 5114 ὲν
536 5059 731 5131 κόσμῳ
771 5057 882 5112 τῶν
913 5057 1083 5125 ἁγίων
1141 5055 1201 5110 τὸ
1253 5054 1409 5123 γένος
1475 5054 1758 5124 μονονουχὶ
1795 5054 1884 5107 διὰ

304 5151 458 5205 τοῦδε
489 5149 870 5213 καταδεικνύς.
900 5144 1034 5203 Εἶτα
1067 5143 1270 5217 μεταξὺ
1301 5146 1371 5198 τὰ
1414 5144 1508 5197 ἐπὶ
1547 5147 1615 5214 τῇ
1660 5144 1892 5214 θυγατρὶ

306 5244 697 5317 συμϐεϐηκότα
743 5239 955 5306 παθὼν,
1009 5239 1103 5293 καί⁸
1147 5237 1520 5306 λελυπημένος
1560 5236 1621 5289 οὐ
1656 5236 1890 5306 μετρίως

305 5339 418 5401 τοῖς
456 5337 704 5405 ἀγεννῶς
764 5332 1104 5405 ἡττωμένοις
1168 5329 1272 5382 ὑπὸ
1320 5328 1516 5398 θυμοῦ,
1545 5327 1769 5398 Συμεών
1800 5346 1883 5393 τε,

306 5431 567 5500 grphice!
592 5425 992 5493 Λευῒ,ὲπετίμα
1003 5421 1551 5491 δειν‹ἶ›ς,ἀγιοπρεπὲς
1564 5421 1644 5473 ὅτι
1794 5423 1889 5475 ἀν·-

1989 4437 2154 4499 atque
2194 4429 2249 4481 in
2294 4424 2799 4495 incomparabiliter
2838 4425 3121 4478 meliorem
3167 4430 3367 4476 statum
3399 4430 3577 4475 trans-

1987 4520 2152 4575 latus.
2189 4517 2469 4573 Habitavit
2492 4517 2640 4570 enim
2685 4515 2741 4568 in
2778 4514 3189 4569 tabernaculis:
3223 4513 3573 4583 peregrinum

1990 4610 2265 4682 siquidem
2307 4624 2428 4664 esse
2454 4640 2459 4645 -
2484 4609 2538 4662 in
2567 4614 2733 4672 terra,
2770 4621 2943 4677 genus
2978 4612 3291 4661 sanctorum
3333 4620 3430 4673 per
3471 4602 3574 4658 hoc

1992 4710 2204 4757 tantum
2255 4715 2365 4754 non
2421 4698 2724 4752 declarans.
2776 4696 3044 4751 Praeterea
3094 4695 3165 4749 ob
3210 4694 3333 4749 filice
3388 4707 3573 4747 casum

1992 4808 2251 4855 mmrens,
2292 4805 2471 4860 neque
2520 4788 2874 4845 mediocriter
2911 4802 3212 4842 succensus
3250 4785 3378 4837 ﬁliis
3415 4784 3575 4851 dege-

1992 4883 2109 4937 neri
2146 4882 2226 4936 ira
2262 4880 2443 4943 victis,
2475 4878 2740 4942 Simeoni,
2782 4877 3027 4947 inquam,
3063 4883 3120 4928 et
3156 4873 3307 4935 Levi,
3338 4871 3571 4939 graviter

1990 4988 2100 5037 eos,
2138 4972 2407 5043 obiurgat,
2451 4970 2769 5040 patientiam
2816 4964 3270 5030 tolerantiamque
3302 4961 3357 5013 in
3392 4967 3564 5015 tenta-

1992 5061 2235 5116 tionibus
2271 5059 2474 5114 sanctis
2518 5058 2814 5113 convenire
2856 5055 3037 5124 reipsa
3068 5051 3228 5106 nobis
3258 5049 3575 5103 ostendens.

1990 5152 2284 5224 Postquam
2339 5164 2473 5205 vero
2507 5159 2736 5205 vocatus
2777 5156 2863 5201 est
2891 5161 2922 5199 a
2968 5145 3099 5208 Deo,
3131 5139 3485 5205 ascenditque
3512 5137 3567 5191 in

1991 5243 2331 5307 Bethel,hoc
2347 5249 2452 5307 est,
2476 5241 2534 5295 in
2567 5239 2793 5294 domum
2829 5237 2949 5301 Dei,
2986 5234 3089 5288 hoc
3115 5231 3264 5287 enim
3300 5229 3563 5296 interpre-

1993 5340 2139 5388 tatur
2176 5331 2387 5395 Betbel,
2440 5328 2712 5385 sacriﬁcat
2752 5328 2884 5386 Deo.
2933 5332 2989 5376 et
3016 5321 3279 5392 princeps
3314 5332 3378 5372 ac
3402 5316 3561 5387 magi-

1994 5431 2107 5476 ster
2158 5432 2435 5473 sacrorum
2486 5417 2813 5472 declaratur.
2863 5412 2981 5476 Quo
3003 5410 3149 5467 enim
3170 5413 3329 5479 pacto
3350 5404 3569 5460 domum

372 5611 416 5643 ⁸³
439 5613 582 5668 Psal.
613 5620 763 5676 xxvi,
791 5609 844 5671 οἱ,
879 5606 929 5660 5.
1014 5606 1053 5636 “
1076 5604 1209 5660 Gen.
1237 5621 1394 5669 xxxv,
1425 5604 1532 5658 1-4.
1611 5604 1655 5635 ⁸⁸
1684 5603 1817 5658 Ibid.
1851 5601 2038 5657 11-15.
