4074 6260
518 246 626 304 285

1488 192 1565 294 Is.
1609 208 1886 293 CYRILLI
1926 233 2392 292 ALEXANDRINI
2429 232 2745 291 ARCHIEP.

3646 202 3769 289 '23;

525 361 621 416 Dei
645 357 874 415 introire
896 362 1165 426 oporteat,
1194 359 1443 424 posteros
1464 352 1581 407 sive
1602 366 1951 407 successores
1974 366 2105 407 suos

2204 348 2457 414 εξίκακον
2513 348 2609 402 καὶ
2646 347 2710 402 τδ
2735 346 3010 418 τληπαθὲς
3067 347 3125 400 ἐν
3175 345 3286 410 τοῖς
3320 321 3769 418 πειρασμοῖςβώ

524 453 706 507 docet.
762 449 919 519 17⁸1
952 447 1165 518 Ejicere
1203 443 1362 514 jubet
1386 443 1557 498 veluti
1585 442 1877 497 colluviem
1907 456 2101 512 quam-

2203 439 2546 511 πραγμάτων
2588 439 2721 509 ήμτν
2749 436 3085 506 ἀποφαίνων.
3130 436 3347 505 Ἐπειδὴ
3387 435 3445 489 δὲ
3508 435 3769 506 κέκληται

524 544 654 597 dam
697 549 859 610 atque
897 535 1217 607 spurcitiem
1253 534 1388 589 deos
1428 534 1658 598 alienos,
1693 541 1750 588 et
1774 541 1991 587 mutare
2011 548 2105 589 ve-

2205 535 2356 605 παρά
2384 531 2544 596 Θεοῦ,
2596 531 2688 586 καὶ
2721 529 3057 600 ἀναϐέϐηκεν
3100 531 3180 592 εις
3210 527 3431 598 Βαιθὴλ,
3467 527 3766 590 τουτέστιν.

526 643 674 688 stes:
709 628 859 700 quod
900 626 1123 698 quidem
1173 625 1343 681 moris
1372 631 1461 679 est
1492 624 1674 680 facere
1697 623 1860 678 nobis
1889 624 1945 678 in
1972 637 2103 677 con-

526 730 776 792 spectum
814 719 912 774 Dei
941 717 1172 782 vocatis,
1216 730 1281 770 ac
1315 715 1563 771 divinum
1614 714 1878 783 templum
1919 713 2103 784 ingre-

444 882 447 885 _
524 809 825 873 dientibus,
865 808 1143 878 praecipue
1176 821 1308 861 vero
1340 805 1516 860 sancti
1550 813 1796 874 tempore
1823 804 2100 874 baptismi.

453 892 458 901 ’
523 902 753 971 Oportet
766 900 917 957 enim
940 914 1062 963 nos,
1089 898 1259 953 veluti
1286 898 1356 953 de
1376 897 1559 952 medio
1591 896 1782 952 tollere
1815 896 1947 951 deos
1967 895 2102 949 alie-

524 1006 645 1053 nos,
684 998 740 1045 et
774 989 843 1044 ab
869 986 1204 1060 ejuscemodi
1237 1001 1426 1042 errore
1479 984 1825 1040 discedentes
1875 985 2058 1039 dicere
2087 1001 2099 1036 :

533 1100 551 1131 ι
584 1080 862 1136 Renuntio
909 1079 1031 1143 tibi,
1080 1078 1301 1144 Satana,
1341 1086 1398 1133 et
1439 1076 1706 1130 universa:
1732 1090 1945 1145 pompa:
1975 1082 2100 1139 tuae,

522 1180 581 1225 et
618 1172 768 1226 omni
817 1171 990 1226 cultui
1031 1178 1125 1225 tuo
1168 1169 1235 1223 ⁸¹.
1268 1189 1286 1221 ι
1355 1167 1581 1237 Oportet
1650 1167 1816 1221 etiam
1877 1166 2103 1220 omnino

524 1278 629 1317 nos
679 1272 894 1318 mutare
940 1268 1168 1323 vestem,
1229 1266 1538 1312 «ementes
1589 1256 1813 1326 quidem
1859 1265 2103 1310 veterem

527 1352 807 1408 hominem
870 1360 1188 1419 corruptum
1252 1348 1556 1403 secundum
1615 1348 1887 1403 desideria
1946 1362 2102 1401 men-

524 1441 709 1506 dacii;
746 1438 967 1494 indutos
999 1453 1130 1495 vero
1163 1454 1364 1494 novum
1401 1453 1464 1492 ac
1495 1445 1814 1491 renovatum
1856 1436 1925 1491 ad
1965 1436 2102 1490 ima-

523 1531 707 1601 ginem
751 1531 872 1601 ejus
915 1530 1009 1600 qui
1040 1545 1166 1583 eum
1196 1530 1404 1584 creavit
1436 1529 1502 1582 “.
1532 1547 1549 1579 ι
1594 1527 1929 1598 Abjecerunt
1968 1544 2102 1584 vero

524 1623 689 1677 ctiam
722 1622 944 1677 inaures
965 1637 1092 1676 suas
1117 1621 1379 1675 mulieres
1399 1635 1523 1689 qua:
1558 1636 1684 1675 cum
1706 1620 1875 1675 Jacob
1921 1628 2096 1675 erant.

2202 629 2283 690 εἰς
2315 622 2461 680 οἷκον
2489 623 2624 678 Θεοῦ
2657 621 3088 696 (διερμηνεύεται
3130 621 3239 693 γὰρ
3268 616 3371 674 ὧδε
3412 619 3661 692 Βαιθήλ)’
3694 622 3771 673 is»

2205 719 2425 789 ρουργεί
2461 716 2539 786 τῷ
2579 714 2720 787 Θεῷ,
2796 715 2890 767 καὶ
2949 712 3304 784 μυσταγωγὸς
3368 709 3770 764 ἀποδείκνυται.

2202 808 2336 860 Τίνα
2374 806 2484 877 γὰρ
2534 806 2734 877 τρόπον
2792 808 2872 869 είς
2924 803 3072 857 οἶκον
3107 804 3242 857 ἱέναι
3296 804 3566 874 προσήκει
3614 801 3773 863 Θεοῦ,

2203 897 2492 967 καθίστησι
2526 896 2752 967 ἐναργὲς
2775 899 2887 959 τοῖς
2928 896 3209 967 ἑπομένοις
3241 894 3410 964 αὐτῷ.
3459 894 3774 946 Ἀποϐαλεῖν

2203 986 2312 1055 γάρ
2345 985 2599 1039 ἐκέλευσε
2628 985 2893 1056 συρφετὸν
2919 984 3109 1053 ὥσπερ
3141 983 3263 1036 τινὰ
3307 982 3403 1036 καὶ
3434 982 3775 1052 ἀκαθαρσίαν

2201 1077 2328 1139 τοὺς
2353 1075 2668 1146 ἀλλοτρίους
2694 1074 2871 1141 θεοὺς,
2905 1076 2999 1128 καὶ
3049 1073 3278 1139 ἀλλάξαι
3319 1073 3419 1137 τὰς
3453 1073 3668 1135 στολάς.
3711 1075 3775 1124 "U

2202 1168 2266 1237 δὴ
2302 1167 2393 1220 καὶ
2424 1167 2558 1237 δρᾷν
2589 1166 2708 1230 ἔθος
2739 1168 2818 1230 είς
2855 1166 2978 1234 ὄψιν
3010 1167 3156 1237 ἡμᾶς
3198 1165 3567 1235 καλουμένους
3616 1163 3774 1227 Θεοῦ,

2204 1261 2297 1313 καὶ
2335 1261 2414 1323 είς
2446 1261 2538 1313 τὸν
2563 1259 2703 1313 θεῖον
2725 1257 2891 1311 αὐτοῦ
2911 1258 3035 1311 ναον
3052 1257 3480 1320 είσελαύνοντας,
3507 1255 3648 1309 κατά
3685 1256 3775 1308 τὸν

2204 1354 2395 1423 καιρὸν
2454 1350 2684 1421 μάλιστα
2732 1348 2825 1403 τοῦ
2888 1348 3043 1417 ἁγίου
3097 1347 3490 1419 βαπτίσματος.
3533 1349 3625 1400 Δεῖ
3670 1347 3775 1418 γὰρ

2203 1444 2351 1514 ἡμᾶς
2384 1441 2651 1495 ποιεῖσθαι
2685 1440 2782 1510 μὲν
2813 1440 3001 1510 ὥσπερ
3030 1441 3094 1493 ἐκ
3126 1439 3290 1509 μέσου
3319 1440 3444 1501 τοὺς
3466 1438 3775 1509 ἀλλοτρίους

2204 1534 2380 1598 θεοὺς,
2412 1533 2507 1587 καὶ
2529 1533 2631 1603 τῆς
2669 1532 2880 1585 τοιᾶσδε
2901 1531 3108 1601 πλάνης
3135 1530 3549 1600 ἁποφοιτῶντας
3573 1530 3774 1599 λέγειν’

2210 1646 2229 1679 ι
2260 1624 2663 1695 ’Δποτάσσομαί
2718 1640 2822 1691 σοι,
2884 1623 3119 1687 Σατανᾶ,
3153 1624 3248 1676 καλ⁵
3288 1622 3437 1694 πάσῃ
3473 1625 3541 1693 τῇ
3584 1626 3773 1693 πομπῇ

526 1712 903 1783 ingredientes
957 1713 1105 1767 enim
1142 1713 1309 1767 etiam
1357 1685 1574 1766 feminae
1619 1712 1674 1765 in
1713 1712 1936 1767 domum
1980 1713 2097 1775 Dei,

2207 1733 2320 1776 σου.
2365 1714 2460 1768 καὶ
2520 1685 2668 1785 πάσῃ
2719 1685 3061 1784 τῇνλατρείᾳ
3106 1685 3271 1765 σου.»
3325 1685 3541 1781 tisi-6h"
3570 1685 3775 1773 πάντας

526 1803 737 1857 nullum
770 1803 1006 1872 quidem
1057 1803 1332 1857 carnalem
1360 1810 1612 1857 ornatum
1664 1802 1950 1868 habentes,
1985 1802 2100 1858 dis-

524 1894 804 1948 solventes
842 1908 973 1949 vero
1029 1893 1177 1963 ipsos
1232 1892 1477 1962 capillos,
1527 1893 1596 1948 ab
1633 1894 1979 1949 accusatione
2006 1910 2101 1949 su-

527 1983 734 2054 perbiae
756 1999 855 2043 sua
880 1984 1122 2053 ipsarum
1147 1983 1324 2053 capita
1356 1982 1609 2038 liberant.
1649 1984 1764 2038 Hoc
1796 1984 1943 2039 enim
1982 2000 2103 2040 esse

526 2071 785 2138 arbitror,
825 2074 1067 2129 adimere
1111 2073 1216 2128 sibi
1259 2073 1521 2129 mulieres
1553 2083 1807 2129 ornatum
1847 2090 2012 2144 quem
2046 2076 2101 2129 in

430 2217 439 2224 ,
524 2163 755 2219 auribus
791 2164 1074 2234 gerebant.
1115 2163 1254 2219 Cum
1291 2165 1458 2234 igitur
1491 2165 1903 2221 aseenderimus
1920 2167 1978 2219 in
1998 2166 2103 2220 Be-

528 2253 662 2317 thel,
694 2252 801 2309 hoc
829 2260 935 2317 est,
977 2253 1033 2307 in
1058 2253 1284 2308 domum
1314 2253 1433 2316 Dei,
1479 2254 1717 2322 lapidem
1756 2254 1869 2309 illic
1899 2268 2103 2325 cogno-

526 2357 763 2409 scemus,
784 2343 1043 2412 lapidem,
1065 2343 1309 2412 inquam,
1343 2344 1602 2405 electum,
1630 2343 1726 2412 qui
1746 2342 1922 2399 factus
1939 2353 2025 2400 est
2047 2344 2105 2399 in

525 2440 695 2501 caput
725 2431 931 2502 anguli,
953 2433 1059 2487 hoc
1075 2442 1179 2495 est,
1200 2432 1481 2488 Christum
1526 2434 1594 2487 ".
1635 2432 1960 2492 Videbimus
2003 2452 2103 2490 au-

527 2530 639 2576 tem
680 2536 808 2577 eum
839 2529 1066 2578 unctum
1094 2538 1126 2577 a
1159 2523 1320 2579 Patre
1352 2524 1408 2578 in
1434 2522 1678 2579 laetitiam
1703 2533 1761 2579 et
1789 2526 2107 2582 exsultatio—

526 2627 653 2667 nem
688 2613 839 2668 omni
866 2629 989 2684 quae
1007 2613 1110 2668 sub
1143 2615 1282 2670 curio
1305 2624 1390 2670 est
1411 2623 1696 2670 creatum.
1719 2614 1929 2671 Unctus
1955 2617 2102 2670 enim

531 2709 631 2768 est,
655 2711 717 2758 ut
740 2704 873 2771 dini,
902 2721 932 2760 a
956 2706 1069 2761 Deo
1098 2721 1164 2761 ac
1185 2706 1348 2761 Patre
1372 2705 1544 2761 Filius
1578 2723 1590 2759 :
1645 2725 1665 2756 ι
1694 2704 1953 2761 Omnium
2002 2723 2103 2762 no-

527 2802 704 2849 strum
751 2796 958 2862 laetitia,
988 2797 1313 2853 universalis
1355 2796 1668 2861 exsultatio,
1708 2817 1729 2849 ι
1765 2800 1919 2869 juxta
1952 2800 2105 2854 Psal-

529 2884 704 2940 mista:
731 2901 922 2942 vocem
950 2887 1014 2942 “.
1048 2887 1247 2943 Videas
1286 2898 1471 2943 autem
1497 2887 1662 2942 etiam
1703 2888 1809 2943 hoc
1851 2889 2104 2961 praeﬁgu-
2172 2905 2177 2908 ·

530 2985 707 3031 ratum
729 2977 786 3031 in
819 2979 888 3033 iis
915 2994 1037 3050 quae
1056 2978 1220 3034 modo
1252 2994 1283 3034 a
1309 2979 1472 3035 nobis
1503 2980 1651 3036 dicta
1678 2988 1826 3037 sunt.
1869 3000 1887 3033 ι
1920 2982 2108 3037 Erexit

526 3066 674 3120 ciiim
701 3066 870 3124 Jacob
896 3069 1154 3140 lapidem,
1175 3070 1298 3125 oleo
1322 3084 1388 3125 ac
1403 3070 1534 3126 vino
1560 3072 1740 3143 ipsum
1766 3073 1950 3143 rigans
1977 3074 2044 3127 ".
2078 3092 2098 3124 ι

531 3155 715 3226 Typus
757 3174 889 3214 vero
925 3176 992 3216 ea
1028 3176 1118 3216 res
1154 3169 1241 3215 est
1268 3163 1514 3232 mysterii
1538 3162 1766 3230 Christi,
1808 3180 1907 3233 per
1940 3180 2104 3233 quem

528 3256 586 3300 ct
613 3262 739 3302 cum
771 3264 882 3319 quo
907 3251 1023 3305 Deo
1058 3266 1122 3307 ac
1150 3252 1296 3313 Patri
1319 3252 1492 3323 gloria
1521 3268 1646 3308 cum
1678 3262 1868 3310 sancto
1897 3254 2105 3324 Spiritu

531 3338 586 3390 iu
618 3340 816 3395 saecula
851 3342 1199 3397 saeculorum.
1241 3342 1437 3398 Amen.

2201 1808 2352 1877 ἡμᾶς
2383 1804 2612 1869 ἀλλάξαι
2668 1805 2761 1858 καὶ
2794 1804 2892 1875 τὴν
2960 1803 3172 1874 στολὴν,
3216 1803 3619 1873 ἀποδυομένους
3681 1804 3777 1871 μὲν

2203 1897 2397 1966 ὥσπερ
2422 1896 2516 1949 τὸν
2546 1896 2773 1949 παλαιὸν
2799 1894 3083 1965 ἄνθρωπον
3099 1935 3113 1959 ,
3144 1893 3235 1947 τὸν
3257 1893 3612 1964 φθειρόμενον
3636 1892 3777 1946 κατὰ

2203 1989 2301 2053 τάς
2344 1987 2642 2058 ἐπιθυμίας
2671 1987 2772 2057 τῆς
2813 1987 3066 2058 ἀπάτης⁰
3102 1985 3681 2056 μεταμφιεννυμένους
3722 1984 3777 2038 δὲ

2203 2081 2296 2134 τὸν
2319 2081 2558 2135 νέον.τδν
2585 2078 3045 2150 ἀνακαινούμενον
3071 2080 3191 2131 κατ’
3220 2076 3405 2131 εἰκόνα
3432 2077 3525 2130 τοῦ
3557 2077 3778 2130 κτίσαν-

2202 2189 2295 2236 τος
2323 2172 2506 2226 αὐτόν.
2556 2167 2995 2238 ’Δποσεόλὴκασι
3042 2169 3099 2223 δὲ
3138 2169 3232 2222 καὶ
3261 2169 3329 2222 τὰ
3379 2171 3440 2221 ὲν
3506 2170 3619 2230 τοῖς
3646 2166 3779 2219 ὠσὶν

2204 2264 2259 2315 αἱ
2298 2262 2435 2332 μετά
2460 2261 2554 2315 τοῦ
2606 2259 2799 2314 Ἰακὼϐ
2828 2262 3105 2329 γυναῖκες.
3148 2259 3501 2312 Εἱσελθοῦσαι
3528 2259 3638 2329 γὰρ
3686 2256 3777 2310 καὶ

2205 2358 2465 2423 γυναῖκες
2487 2356 2567 2418 είς
2597 2349 2744 2406 οἷκον
2771 2351 2930 2415 Θεοῦ,
2960 2354 3222 2423 κόσμημα
3249 2350 3346 2421 μὲν
3379 2351 3531 2404 οὐδὲν
3563 2349 3778 2420 ἔχουσαι

2206 2444 2486 2515 σαρκικδν,
2551 2442 2879 2498 ἀπολύουσαι
2936 2441 2993 2495 δὲ
3043 2443 3135 2495 καὶ
3199 2442 3368 2506 αὐτάς
3424 2442 3522 2504 τὰς
3566 2442 3778 2512 τρίχας,

2205 2535 2566 2606 ἐγκλημάτων
2591 2536 2730 2605 τάχα
2760 2552 2862 2589 που
2907 2535 3016 2588 τῶν
3049 2534 3107 2601 ἐξ
3139 2533 3422 2603 ἐμπλοκῆς
3450 2534 3548 2591 τὰς
3574 2532 3807 2585 ἑαυτῶν·

2205 2627 2605 2683 ἀπαλλάττουσι
2646 2626 2906 2696 κεφαλάς.
2944 2625 3112 2680 Τοῦτο
3151 2625 3288 2679 εἷναί
3344 2644 3486 2696 φημι
3536 2625 3598 2678 τὸ
3633 2642 3781 2695 περι-

2207 2719 2347 2772 ελεῖν
2371 2717 2469 2780 τὰς
2485 2719 2747 2785 γυναῖκας
2762 2715 2851 2769 τὸν
2869 2718 2928 2769 ὲν
2950 2719 3062 2779 τοῖς
3087 2717 3189 2769 ὠσὶ
3217 2717 3443 2786 κόσμον.
3474 2716 3645 2767 ὀταν
3670 2713 3779 2766 τοί-

2205 2825 2299 2863 νυν
2328 2806 2618 2876 ἀναδῶμεν
2640 2809 2720 2870 είς
2748 2805 2968 2877 Βαιθὴλ,
3005 2805 3303 2864 τουτέστιν,
3330 2807 3409 2867 είς
3449 2799 3595 2857 οἷκον
3622 2800 3779 2861 Θεοῦ.

2207 2900 2325 2951 ἐκεῖ
2357 2898 2449 2951 τὸν
2485 2898 2632 2951 λίθον
2685 2899 3121 2971 ἑπιγνωσόμεθα,
3168 2899 3315 2953 λίθον
3360 2896 3451 2949 τὸν
3503 2893 3780 2957 ἐκλεκτὸν,

2135 3016 2175 3073 C
2210 2986 2300 3039 τὸν
2322 2988 2403 3050 είς
2426 2986 2668 3058 κεφαλὴν
2687 2988 2951 3055 γεγόνοτα
2976 2988 3197 3057 γωνίας,
3232 2986 3479 3040 τουτέστι
3525 2983 3776 3054 Χριστόν.

2222 3076 2494 3148 Ὀψόμεθα
2522 3077 2578 3132 δὲ
2607 3078 2891 3149 χριόμενον
2922 3079 3074 3150 παρά
3112 3078 3206 3132 τοῦ
3235 3079 3446 3149 [ἰατρὸς
3470 3079 3549 3138 εἰς
3585 3075 3780 3143 εὐφρο-

2212 3168 2378 3239 σύνην
2408 3169 2502 3221 καὶ
2534 3168 2847 3240 ἀγαλλίαμα
2884 3169 3034 3242 πάσῃ
3063 3170 3241 3239 τῇύπ⁹
3288 3167 3537 3238 οὐρανόν.
3570 3164 3783 3238 Κέχρι-

2212 3273 2331 3309 σται
2353 3257 2481 3326 γάρ,
2507 3259 2582 3319 ὡς
2610 3256 2767 3328 ἔφην,
2786 3258 2938 3330 παρά
2954 3260 3047 3311 τοῦ
3064 3258 3201 3311 Θεοῦ
3225 3256 3551 3327 καὶΠατρὸς
3576 3257 3604 3308 ὁ
3630 3254 3780 3315 Υἱὸς,

2218 3366 2236 3398 ι
2267 3348 2333 3400 Ἢ
2361 3348 2576 3401 πάντων
2596 3348 2751 3419 ἡμῶν
2775 3349 3103 3420 εὐφροσύνη,
3133 3350 3193 3403 τὸ
3218 3347 3596 3417 οἰκουμενικον
3617 3345 3779 3412 ἀγαλὲ

531 3426 723 3498 ὶίαμα,
748 3448 767 3480 ι
802 3431 943 3485 κατά
1002 3430 1102 3502 τὴν
1134 3431 1228 3485 τοῦ
1259 3431 1570 3494 Ψάλλοντος
1604 3433 1809 3502 φωνήν.
1870 3432 2031 3496 Ἴόοις
2090 3433 2135 3486 δ’
2174 3433 2242 3489 ἂν
2276 3437 2370 3488 καὶ
2400 3435 2558 3489 τοῦτο
2590 3438 3135 3508 προανατυπούμενον
3172 3442 3232 3492 ὲν
3291 3442 3403 3502 τοῖς
3430 3437 3633 3507 ἀρτίως
3657 3437 3784 3505 ἡμῖν

530 3521 859 3591 εἰρημένοις.
892 3543 910 3575 ι
945 3523 1262 3592 ’Λνεστήλου
1296 3522 1405 3594 γὰρ
1445 3523 1639 3576 Ἰακὼϐ
1671 3524 1764 3578 τὸν
1794 3525 2142 3596 λίθον,ὲλαίῳ
2180 3543 2240 3580 τε
2270 3529 2364 3581 καὶ
2396 3528 2524 3597 οϊνῳ
2566 3531 2911 3601 καταρδεύων
2947 3529 3132 3586 αὐτόν.
3160 3549 3177 3581 ι
3211 3531 3395 3594 Τόπος
3434 3529 3492 3582 δὲ
3561 3529 3670 3599 ἀρα
3726 3527 3784 3581 τὸ

530 3612 805 3684 δρώμενον
849 3611 919 3684 ἦν
968 3614 1269 3686 μυστηρίου
1315 3613 1410 3667 τοῦ
1461 3615 1604 3669 κατά
1654 3617 1912 3688 Χριστὸν,
1973 3616 2042 3671 δι’
2076 3611 2138 3672 οὗ
2176 3620 2270 3673 καὶ
2332 3613 2532 3690 μεθ’οὗ
2556 3621 2631 3692 τῷ
2668 3621 2789 3692 Θεῷ
2833 3622 2929 3675 καὶ
2982 3622 3157 3693 Πατρὶ
3184 3623 3218 3692 ή
3243 3620 3367 3689 δόξα
3399 3621 3515 3692 ἅμα
3541 3619 3619 3691 τῷ
3649 3618 3782 3689 ἀγίῳ

532 3703 810 3779 Πνεῦματι
835 3709 915 3772 είς
940 3707 1066 3771 τοὺς
1094 3704 1296 3768 αἰῶνας
1324 3702 1431 3756 τῶν
1464 3704 1696 3760 αιώνων.
1737 3707 1931 3779 Ἀμήν.

551 3921 705 3934 -ι-
714 3920 1132 3934 ...ι-...ν--ιι-

1059 4069 1848 4190 ΓΛΑΦΥΡΩΝ
1907 4075 2147 4188 ΕΙΣ
2219 4075 2534 4187 ΤΗΝ
2596 4074 3237 4193 ΓΕΝΕΣΙΝ

1825 4298 2265 4385 ΒΙΒΛΙΟΝ
2336 4300 2491 4400 G".

2117 3916 2515 3926 ——~——-——-——-.o~--
2538 3916 3415 3928 “Wa
3448 3922 3515 3929 ._
3630 3916 3759 3930 "7“

788 4578 1701 4706 GLAPHYRORUM
1784 4616 1904 4703 IN
1983 4613 2506 4703 GENESIM
2599 4614 2953 4703 LIBER
3028 4616 3528 4705 SEXTUS.

1162 4915 1240 4968 De
1275 4913 1483 4985 Ioseph.
2140 4921 2182 4977 ι)

608 5053 770 5125 178
796 5053 845 5107 l.
866 5053 1116 5123 Magnum
1136 5050 1359 5121 quidem
1381 5047 1573 5118 procul
1592 5045 1759 5102 dubio
1779 5054 1864 5103 cst
1891 5049 2109 5118 pietatis

534 5146 878 5220 mysterium,
900 5144 1006 5197 hoc
1040 5151 1145 5207 cst,
1168 5141 1421 5197 Christus
1448 5159 1461 5193 :
1505 5138 1810 5209 profundus
1834 5151 2014 5195 autem
2040 5141 2109 5195 de

539 5240 659 5309 ipso
681 5252 882 5301 sermo,
906 5233 1186 5307 ipsiusque
1210 5231 1602 5287 incarnationis
1635 5230 1952 5285 admirabile
1976 5247 2108 5285 con-

534 5330 741 5384 silium.
768 5330 960 5399 Neque
987 5343 1117 5384 vero
1140 5326 1208 5381 ab
1234 5326 1302 5380 iis
1327 5324 1421 5395 qui
1454 5324 1645 5378 leviter
1681 5331 1891 5376 tantum
1916 5324 2106 5385 velint,

535 5420 769 5492 intelligi
794 5417 1114 5499 possitnsed
1144 5434 1174 5471 a
1215 5414 1601 5486 prudentibus,
1646 5419 1701 5467 ct
1742 5412 1962 5483 quidem
2002 5430 2109 5467 non

588 5594 654 5625 "'
684 5593 822 5650 Orat
872 5593 1079 5647 Ecclcs.
1159 5592 1201 5621 "
1231 5591 1347 5646 Col.
1379 5609 1456 5658 ιιι,
1514 5593 1566 5657 9,
1604 5592 1686 5646 10.

1764 5592 1808 5622 ⁵³
1843 5591 2027 5645 Matth.
2067 5607 2171 5657 xu,
2220 5589 2286 5644 42
2333 5597 2389 5641 ct
2428 5587 2575 5641 alibi.

2724 4912 2861 4978 Περὶ
2904 4912 3009 4966 τοῦ
3045 4910 3285 4980 Ἰωσήφ.

2284 5056 2352 5104 α’.
2377 5048 2536 5116 Μέγα
2558 5045 2657 5114 μὲν
2692 5045 3137 5116 ὁμολογουμένως
3163 5045 3224 5098 τὸ
3245 5044 3341 5113 τῆς
3367 5043 3648 5106 εὐσεϐείας
3682 5061 3786 5111 μυ-

2212 5143 2453 5213 στήριον,
2488 5137 2729 5191 τουτέστι
2772 5136 3027 5206 Χριστὸς,
3067 5134 3232 5211 βαθὺς
3276 5133 3333 5186 δὲ
3378 5132 3444 5203 δὴ
3480 5133 3604 5185 λίαν
3636 5135 3665 5185 ὁ
3698 5130 3787 5184 ἐπ’

2212 5230 2360 5301 αὐτῷ
2390 5229 2566 5297 λόγος,
2603 5227 2694 5281 καὶ
2722 5227 2752 5280 ὁ
2784 5226 2879 5294 τῆς
2914 5226 3049 5297 μετὰ
3085 5225 3286 5295 σαρκὸς
3319 5223 3635 5293 οἰκονομίας
3663 5239 3791 5275 σκο-

2214 5323 2335 5386 πός.
2391 5320 2529 5374 Ἀλλ’
2581 5318 2665 5388 εἴη
2721 5317 2819 5387 μὲν
2868 5316 2934 5370 ἂν
2978 5317 3176 5386 ἦκιστά
3231 5331 3293 5381 γε
3343 5317 3456 5377 τοῖς
3512 5315 3791 5366 ἐθέλουσιν

2213 5411 2416 5474 ἁπλῶς,
2466 5410 2673 5477 γένοιτο
2712 5409 2754 5461 δ’
2787 5406 2851 5460 ἂν
2884 5409 2994 5469 τοῖς
3041 5405 3357 5477 ἀρτίφροσιν
3400 5404 3502 5456 οὐκ
3532 5403 3791 5472 ἀνιδρωτὶ

2681 5588 2723 5618 ⁵³
2763 5585 2903 5641 Psal.
2935 5600 3071 5645 xuv,
3099 5585 3147 5633 8.
3249 5581 3291 5608 ’⁵⁵
3321 5581 3458 5633 (ζου.
3514 5595 3673 5643 xxxv,
3704 5576 3787 5631 ιε.
