4074 6260
247 322 349 377 εδδ

1242 319 1764 379 GLAPBYRORUM
1800 320 1868 379 IN
1904 320 2208 380 GENESIhl
2247 320 2377 378 LIB.
2419 318 2505 377 Vl.

3412 317 3515 374 286

251 431 546 501 συμφανής
569 447 581 460 ·
611 430 738 484 ἐπεί
758 447 842 483 τοι
862 432 929 500 τῇ
959 429 1077 502 θείᾳ
1115 433 1600 505 καταλαμπόμενοι
1632 435 1836 507 χάριτι,

1960 437 2151 509 ihsque
2190 436 2422 491 labore:
2462 430 2907 505 quandoquidem
2952 430 3137 486 divina
3178 428 3352 502 gratia
3386 428 3516 485 illu-

254 524 413 592 σοφοὶ
436 522 537 576 καὶ
570 522 838 592 ἀγχίνοοι,
868 521 1101 592 νομικῶν
1117 540 1178 577 τε
1205 525 1298 578 καὶ
1318 526 1678 597 προφητικῶν
1706 541 1836 594 συγο

243 613 613 683 ,γραμμάτων
641 612 780 664 είσὶν
808 613 1183 683 ἐπιστήμονες.
1209 614 1319 668 Καὶ
1340 613 1472 684 γοῦν
1494 616 1525 667 6
1550 614 1839 679 Θεσπέσιος

257 706 492 775 ιὶετρος,
527 705 559 756 6
611 703 859 776 προῦχων
911 706 971 758 ἐν
1012 705 1299 776 μαθηταῖς,
1357 709 1452 761 καὶ
1494 706 1605 761 τῶν
1663 707 1840 762 ἄλλων

261 795 702 866 ὑπερκείμενος,
759 795 1025 865 ὡμολόγει
1078 797 1177 868 μὲν
1234 796 1333 869 τὴν
1393 798 1580 853 πίστιν
1638 798 1845 871 ὀρθῶς·

266 887 443 955 ﬁmus
488 885 545 937 δέ
588 885 731 956 παρά
759 885 1019 957 Χριστοῦ·
1062 904 1080 937 ι
1107 887 1395 958 Μακάριος
1425 882 1495 954 εί,
1515 889 1698 958 Σίμων
1726 889 1842 961 Βάρ

285 977 458 1039 Ἰωνᾶ,
489 977 566 1030 ὅτι
601 975 734 1045 σὰρξ
756 977 850 1029 καὶ
872 972 1015 1048 αἷμα
1039 978 1141 1031 οὐκ
1171 978 1490 1047 ἀπεκάλυψέ
1528 996 1612 1032 σοι
1630 1020 1645 1045 ,
1674 981 1790 1034 ἀλλ’
1813 984 1843 1035 6

278 1069 460 1138 Πατήρ
488 1083 588 1137 μου
632 1068 662 1120 6
704 1069 764 1121 ἐν
808 1072 921 1132 τοῖς
948 1071 1220 1141 οὐρανοῖς.
1260 1089 1281 1123 ι
1313 1073 1685 1141 Μυσταγωγεῖ
1734 1073 1844 1145 γὰρ

274 1160 414 1229 ἡμᾶς
439 1161 469 1212 6
488 1158 618 1221 Θεὸς
654 1159 750 1213 καὶ
792 1161 987 1231 Πατὴρ
1016 1161 1109 1214 τὸν
1139 1163 1226 1231 ἐφ’
1261 1161 1376 1232 Υίῷ
1405 1163 1597 1230 λόγον·
1632 1164 1845 1217 ἀνασώ-

269 1250 346 1311 ζει
374 1266 432 1301 τε
458 1248 601 1303 οὕτω
632 1249 819 1304 λοιπὸν
844 1251 922 1315 ὡς
955 1252 1170 1323 Σωτῆρι
1206 1253 1299 1307 καί
1312 1256 1577 1325 Λυτρωτῇ
1611 1271 1846 1324 προσκο-

268 1339 436 1407 μίζων
472 1341 643 1410 αὐτῷ.
681 1360 700 1393 ι
736 1342 929 1406 Οὐδεὶς
957 1342 1070 1411 γὰρ
1100 1344 1319 1414 ἔρχεται
1360 1345 1497 1415 πρός
1530 1362 1621 1414 με,
1653 1346 1842 1414 φησὶν,

262 1432 356 1484 ἐὰν
382 1432 457 1503 μὴ
485 1434 516 1486 6
548 1435 746 1505 Πατήρ
782 1452 884 1504 μου
929 1436 959 1488 6
997 1437 1218 1506 πέμψας
1257 1453 1324 1505 με
1367 1437 1570 1509 ἐλκύσῃ
1596 1439 1782 1492 αὐτόν.
1821 1457 1840 1489 ι

266 1524 384 1577 Ἵνα
409 1524 592 1578 τοίνυν
627 1525 718 1579 διὰ
766 1525 971 1597 πάσης,
1013 1526 1089 1590 ὡς
1139 1527 1268 1591 Ιπος
1310 1531 1502 1593 εἰπεῖν,
1544 1529 1642 1600 τῆς
1683 1531 1848 1597 ἀγίας

263 1616 492 1685 Γραφῆς
538 1617 632 1669 τὸν
677 1618 766 1671 ἐπ’
800 1618 951 1688 αὐτῷ
1000 1618 1271 1683 συνιέντες
1308 1619 1485 1688 λόγον,
1508 1623 1600 1675 καὶ
1630 1622 1848 1693 ἀπλανῆ

264 1708 364 1776 τὴν
388 1707 574 1762 πίστιν
601 1708 971 1777 συλλέγοντες,
998 1710 1073 1781 μὴ
1101 1711 1224 1774 ταῖς
1254 1711 1549 1781 ἐπαράτοις
1576 1712 1851 1782 διψυχίαις

266 1798 562 1868 σειομένην
609 1798 798 1870 ὥσπερ
838 1801 931 1853 καὶ
995 1801 1449 1871 καταμεθύουσαν
1508 1802 1721 1873 ἔχωμεν
1753 1803 1852 1872 τὴν

269 1889 503 1960 καρδίαν
527 1906 543 1921 ο
584 1891 720 1962 μηδέ
750 1894 861 1955 τοῖς
906 1892 967 1957 ἐξ
1004 1892 1244 1962 ἀμαθίας
1275 1895 1698 1964 περιπίπτοντες
1728 1895 1857 1948 κλό-

265 1994 378 2039 νοις
403 1993 419 2008 ·
446 1978 633 2033 λοιπὸν
656 1981 945 2053 ἀκούωμεν
970 1982 1218 2050 λέγοντος
1245 1982 1381 2037 Θεοῦ
1404 1983 1493 2036 διὰ
1516 1983 1703 2053 φωνῆς
1727 2000 1859 2054 προ-

264 2068 479 2139 φητιῖιν·
516 2089 536 2122 ι
571 2071 901 2143 Ἠγάπησαν
947 2075 1117 2126 κινεῖν
1167 2073 1334 2136 πόδας
1378 2073 1579 2139 αὐτῶν,
1630 2076 1723 2127 καὶ
1762 2075 1860 2127 οὐκ

264 2160 583 2228 ἐφείσαντο,
614 2163 712 2215 καὶ
759 2165 790 2216 ό
833 2163 968 2226 Θεὸς
1011 2164 1112 2217 οὐκ
1159 2164 1465 2235 ηὐδόκησεν
1502 2167 1560 2217 ἐν
1591 2165 1789 2227 αὐτοῖς.
1832 2182 1851 2215 ι

265 2250 541 2322 Ταύτῃτοι
572 2251 662 2306 διὰ
713 2253 929 2323 μυρίων
976 2254 1114 2307 ὅσων
1164 2254 1393 2308 εἰκόνων
1441 2255 1588 2324 ἡμᾶς
1630 2254 1856 2325 ἐμπεδοῑ

266 2340 403 2411 πρὸς
424 2341 526 2413 τὴν
550 2341 835 2412 ἀλήθειαν,
859 2344 952 2396 καὶ
970 2344 1069 2413 την
1090 2344 1177 2397 ἐπ’
1198 2344 1347 2414 αὐτῷ
1370 2344 1551 2397 πίστιν
1569 2346 1857 2416 χρησίμως

266 2431 711 2503 προκατεϐἀλετο
731 2433 798 2485 τά
819 2434 959 2487 κατά
984 2435 1171 2504 καιρὸν
1193 2434 1580 2505 συμϐαίνοντα,
1597 2435 1858 2508 λαμπράς

267 2523 457 2595 ὥσπερ
497 2524 775 2588 ἀνατιθεὶς
825 2524 927 2595 τῆς
979 2527 1065 2579 ἐπ’
1117 2526 1268 2596 αὐτῷ
1317 2527 1571 2595 γνώσεως
1614 2528 1853 2593 εἰκόνας.

272 2615 500 2688 Ἴδωμεν
529 2618 711 2671 τοίνυν
743 2619 839 2671 καὶ
867 2620 926 2670 ἐν
964 2621 1075 2681 τοῖς
1107 2618 1248 2673 κατά
1282 2619 1374 2672 τὸν
1414 2619 1702 2674 Θεσπέσιον
1744 2622 1858 2675 Ἰω-

269 2705 402 2776 σὴφ,
425 2707 477 2758 εί
511 2705 608 2777 μὴ,
644 2707 782 2776 ὅπερ
826 2705 987 2776 ἔφην,
1009 2706 1208 2778 ἀληθὲς
1240 2707 1307 2761 ἂν
1358 2708 1445 2779 είη
1485 2710 1667 2763 πάλιν.
1703 2711 1857 2781 Ἔχει

269 2797 329 2851 δὲ
365 2795 536 2860 οὕτως
572 2798 641 2852 τά
672 2800 759 2852 ἐπ’
794 2798 966 2869 αὐτῷ·
1006 2817 1024 2850 ι
1071 2795 1241 2854 Αὗται
1286 2800 1343 2854 δὲ
1387 2803 1443 2854 al
1476 2801 1720 2870 γενέσεις
1754 2803 1860 2856 Ἰαε-

277 2884 414 2938 κώϐο
456 2886 657 2958 Ἰωσὴφ
702 2887 979 2942 δεκαεπτά
1032 2888 1168 2942 ἐτῶν
1245 2889 1508 2958 γεγονὼς,
1554 2891 1858 2961 ποιμαίνων

1940 529 2098 585 strati
2111 529 2387 600 sapientes
2400 535 2564 597 atque
2582 523 2860 589 industrii,
2874 522 3036 594 etjqui
3052 521 3302 593 legalium
3314 520 3518 592 pariter

1939 631 1996 679 et
2040 621 2493 692 propheticorum
2528 617 2861 687 scriptorum
2896 623 3025 669 sunt
3055 612 3240 683 periti.
3273 611 3428 667 Unde
3457 620 3515 668 et

1939 713 2163 768 divinus
2182 713 2382 767 Petrus
2394 708 2652 778 princeps
2673 704 3091 775 discipulorum,
3105 703 3336 772 aliisque
3360 701 3519 773 longe

1940 806 2217 877 superior,
2243 805 2527 875 professus
2548 805 2771 878 quidem
2794 814 2879 860 est
2900 782 3071 858 'ﬁdem
3109 812 3288 867 recte;
3311 799 3523 856 audivit

1939 913 2076 954 vero
2098 912 2129 952 a
2160 896 2382 953 Christo
2409 916 2421 951 :
2462 918 2479 950 ι
2504 897 2703 954 Beatus
2732 913 2813 961 es,
2841 895 3029 951 Simon
3068 892 3360 957 Bar-Iona,
3392 891 3522 961 quia

1942 1005 2072 1045 caro
2100 997 2155 1044 et
2192 989 2415 1061 sanguis
2439 1006 2551 1044 non
2575 988 2839 1045 revelavit
2872 987 2997 1050 tibi,
3036 986 3133 1040 sed
3164 986 3325 1040 Pater
3368 998 3524 1038 meus

1944 1083 2039 1152 qui
2069 1090 2155 1135 est
2197 1081 2253 1135 in
2300 1081 2454 1137 caelis
2491 1081 2556 1134 “.
2593 1101 2611 1132 ι
2665 1079 2897 1135 Instruit
2935 1078 3082 1132 enim
3126 1091 3229 1129 nos
3275 1075 3422 1128 Deus
3460 1088 3525 1127 ac

1945 1170 2107 1226 Pater
2136 1186 2388 1226 sermone
2407 1171 2475 1225 de
2494 1170 2656 1235 Filio,
2678 1179 2843 1240 atque
2872 1170 2947 1223 ita
2970 1168 3262 1227 instaurat,
3284 1164 3524 1218 offerens

1944 1277 2049 1316 nos
2071 1262 2175 1331 ipsi
2196 1271 2257 1316 ut
2278 1261 2547 1331 Salvatori
2571 1268 2733 1331 atque
2752 1256 3125 1328 Redemptori.
3154 1275 3171 1307 ι
3188 1254 3360 1309 Nemo
3377 1252 3525 1309 enim

1946 1352 2099 1405 venit
2122 1351 2189 1405 ad
2226 1367 2335 1415 me,
2361 1351 2562 1420 inquit,
2586 1351 2693 1405 nisi
2724 1351 2885 1405 Pater
2923 1362 3081 1402 meus
3119 1346 3212 1415 qui
3250 1343 3402 1399 misit
3438 1358 3526 1396 me

1950 1442 2135 1496 trahat
2162 1457 2289 1496 eum
2314 1441 2412 1494 ⁵⁷.»
2438 1441 2509 1496 Ut
2540 1441 2725 1509 itaque
2748 1455 2844 1508 per
2869 1451 3111 1500 omnem,
3134 1444 3196 1489 ut
3224 1436 3299 1488 ita
3321 1433 3523 1496 dicam,

1950 1546 2158 1587 sacram
2184 1531 2546 1601 Scripturam,
2574 1545 2883 1585 sermonem
2907 1528 2975 1584 de
2995 1527 3114 1597 ipso
3137 1524 3525 1595 intelligentes,

1950 1638 2014 1676 ac
2059 1622 2331 1676 sinceram
2401 1620 2565 1674 tidem
2623 1620 2964 1688 colligentes,
3022 1633 3134 1671 non
3218 1613 3530 1670 detestabili

1953 1714 2119 1768 animi
2160 1711 2479 1783 duplicitate
2509 1711 2771 1767 vacillans
2798 1708 3204 1781 quodammodo
3234 1717 3290 1762 et
3311 1707 3530 1761 ebrium

1953 1820 2050 1859 cor
2072 1804 2391 1866 habeamus,
2417 1818 2595 1873 neque
2633 1800 2957 1872 ignorantiae
2985 1799 3204 1854 turbine
3229 1797 3528 1868 rapiamur,

1955 1896 2245 1950 audiamus
2258 1894 2429 1949 Deum
2448 1908 2546 1964 per
2577 1908 2765 1948 vocem
2792 1892 3189 1961 prophetarum
3214 1889 3487 1943 dicentem
3515 1904 3527 1937 :

1964 2007 1981 2039 ι
2008 1987 2331 2042 Dilexerunt
2366 2000 2589 2040 movere
2634 1984 2804 2054 pedes
2841 1998 2990 2047 suos,
3028 1992 3084 2037 et
3126 1997 3235 2036 non
3268 1993 3530 2049 peperce-

1956 2087 2107 2142 runt,
2136 2086 2192 2132 et
2216 2077 2362 2132 Deus
2397 2090 2506 2132 non
2530 2074 2860 2145 complacuit
2883 2073 2988 2128 sibi
3012 2074 3067 2127 in
3091 2074 3174 2127 eis
3195 2074 3292 2125 ⁸⁸.»
3320 2070 3532 2125 Idcirco

1954 2183 2055 2238 per
2093 2166 2523 2222 innumerabiles
2551 2163 2816 2233 imagines
2838 2176 2901 2216 ac
2924 2159 3125 2230 ﬁguras
3162 2173 3260 2212 nos
3293 2156 3361 2211 ad
3386 2153 3533 2209 veri-

1954 2267 2126 2314 tatem
2150 2257 2463 2321 conﬁrmat,
2484 2256 2755 2327 iidemque
2775 2256 2830 2309 in
2855 2255 3035 2325 ipsum
3057 2250 3269 2306 utiliter
3290 2253 3535 2318 praestat,

1956 2367 2021 2407 ea
2053 2367 2174 2421 qua:
2209 2368 2308 2423 per
2348 2363 2566 2424 tempus
2594 2351 2938 2415 acciderunt,
2981 2347 3180 2423 claros
3205 2341 3539 2414 cognitionis

1957 2443 2025 2498 de
2059 2445 2177 2514 ipso
2219 2451 2379 2515 typos
2416 2443 2781 2501 constituens.
2814 2439 3113 2496 Videamus
3150 2435 3333 2504 itaque
3373 2430 3539 2486 etiam

1958 2535 2015 2589 in
2040 2536 2107 2590 iis
2146 2552 2269 2605 quae
2308 2534 2498 2590 divino
2530 2532 2731 2602 Ioseph
2765 2537 3090 2593 evenerunt,
3135 2518 3205 2581 an
3250 2539 3372 2595 qua:
3425 2520 3540 2576 dixi

1955 2642 2086 2682 vera
2103 2643 2295 2682 rursus
2318 2633 2634 2697 appareant.
2658 2626 2738 2680 ita
2758 2640 2891 2679 vero
2914 2623 3122 2677 habent
3148 2638 3161 2672 :
3188 2638 3205 2669 ‹
3232 2617 3327 2672 Ha:
3355 2625 3539 2670 autem

1957 2724 2086 2772 sunt
2114 2717 2500 2788 generationes
2545 2715 2735 2771 Iacob.
2772 2712 2973 2783 Ioseph
3008 2726 3134 2766 cum
3171 2715 3318 2762 esset
3363 2718 3539 2758 anno-

1958 2825 2080 2864 rum
2097 2808 2509 2879 septemdecim,
2533 2806 2787 2877 pascebat
2808 2819 2940 2859 oves
2964 2817 3090 2857 cum
3114 2797 3381 2852 fratribus
3404 2793 3541 2859 suis,

1958 2901 2232 2955 exsistens
2256 2898 2479 2971 juvenis
2504 2913 2627 2952 cum
2654 2896 2783 2951 ﬁliis
2806 2895 2990 2961 Ballae,
3030 2901 3232 2947 etcum
3266 2885 3393 2939 ﬁliis
3420 2883 3543 2938 Zel-

281 2975 352 3049 ἢν
388 2980 521 3047 μετά
548 2979 654 3033 τῶν
691 2980 940 3049 ἀδελφῶν
969 2981 1133 3036 αὐτοῦ
1165 2983 1235 3036 τά
1279 2982 1547 3054 πρόϐατα,
1596 2986 1717 3046 νέος
1758 2982 1853 3048 ὢν,

1960 2992 2102 3062 phae,
2131 2990 2293 3060 179
2316 3004 2549 3044 uxorum
2583 2986 2755 3057 patris
2787 2985 2892 3039 sui.
2918 2982 3115 3037 Attulit
3146 2987 3328 3033 autem
3343 2974 3546 3044 Ioseph

289 3070 436 3161 μετά
459 3070 564 3123 τῶν
601 3071 727 3126 υίῶν
771 3073 1002 3137 Βάλλας,
1037 3076 1133 3127 καὶ
1158 3074 1299 3144 μετά
1347 3075 1456 3128 τῶν
1495 3074 1627 3128 υίῶν
1651 3075 1857 3145 Ζελφᾶς

1966 3083 2304 3151 vituperium
2352 3079 2555 3134 malum
2599 3077 2668 3131 ad
2705 3076 2873 3130 lsrael
2913 3083 3127 3144 patrem
3160 3082 3342 3129 suum.
3377 3064 3547 3122 Iacob

285 3160 402 3213 τῶν
454 3164 716 3230 γυναικῶν
762 3167 859 3217 τοῦ
917 3166 1125 3237 πατρὸς
1184 3165 1370 3221 αὐτοῦ.
1429 3168 1751 3238 Κατήνεγκε
1805 3168 1857 3222 δὲ

1960 3182 2142 3229 autem
2167 3169 2426 3240 diligebat
2453 3166 2655 3236 Ioseph
2680 3180 2846 3235 supra
2865 3177 3059 3217 omnes
3082 3160 3223 3214 ﬁlios
3245 3172 3393 3219 suos,
3416 3154 3549 3226 quia

294 3252 501 3324 Ἰωσὴφ
526 3253 686 3323 ψόγον
709 3258 944 3328 πονηρὸν
973 3258 1111 3328 πρὸς
1149 3258 1369 3330 Ἰσραὴλ
1394 3259 1487 3314 τὸν
1519 3261 1735 3331 πατέρα
1765 3261 1857 3313 αὑ-

1963 3265 2110 3320 ﬂlius
2159 3261 2464 3320 senectutis
2514 3266 2635 3315 erat
2672 3258 2745 3312 ei.
2792 3255 2945 3312 Fecit
2986 3261 3169 3309 autem
3212 3250 3263 3306 ei
3306 3248 3547 3304 tunicam

276 3342 400 3396 τοῦ.
452 3344 645 3398 Ἰακὼϐ
665 3347 721 3401 δὲ
752 3348 945 3417 ἠγάπα
976 3348 1066 3402 τὸν
1106 3348 1306 3420 Ἰωσὴφ
1335 3350 1486 3421 παρά
1506 3350 1715 3414 πάντας
1738 3352 1857 3414 τοὺς

1960 3357 2189 3411 variam.
2219 3354 2479 3410 Videntes
2502 3367 2634 3407 vero
2657 3349 2856 3404 fratres
2889 3349 3011 3420 ejus
3061 3344 3212 3416 quod
3244 3358 3371 3399 eum
3399 3355 3552 3397 ama-

279 3435 436 3498 υἱοὺς
472 3435 658 3501 αὐτοῦ,
704 3436 786 3490 ὅτι
830 3437 944 3501 υίδς
979 3439 1165 3509 γήρως
1204 3434 1271 3509 ἦν
1304 3439 1474 3510 αὐτῷ.
1517 3441 1769 3512 Ἐποίησε
1808 3441 1857 3494 δὲ

1963 3458 2049 3504 ret
2064 3456 2220 3519 pater
2236 3462 2347 3517 prae
2367 3445 2626 3500 omnibus
2646 3442 2774 3496 ﬁliis
2793 3441 2927 3507 suis,
2946 3440 3185 3495 oderunt
3202 3453 3351 3502 eum,
3368 3447 3549 3504 neque

276 3528 435 3599 αὐτῷ
458 3528 661 3599 χιτῶνα
699 3529 958 3583 ποικίλον.
996 3531 1216 3594 ’ἰδόντες
1247 3531 1304 3585 δέ
1340 3533 1391 3586 οί
1430 3532 1652 3601 ἀδελφοὶ
1679 3532 1857 3599 αὐτοῦ,

1963 3545 2219 3610 poterant
2250 3538 2301 3592 ei
2340 3535 2492 3607 loqui
2524 3534 2823 3605 quidquam
2848 3530 3139 3603 paciﬁcum
3159 3529 3226 3584 ".
3256 3547 3275 3581 ι

276 3622 364 3674 ὅτι
392 3621 423 3674 6
461 3622 643 3695 πατὴρ
676 3624 841 3677 αὐτὸν
874 3623 1021 3694 φιλεῖ
1044 3625 1107 3677 ἐκ
1140 3625 1357 3678 πάντων
1385 3623 1494 3679 τῶν
1526 3624 1657 3680 υίῶν
1683 3624 1869 3693 αὐτοῦ,
1907 3629 2177 3702 ἐμίσησαν
2235 3627 2419 3695 αὐτὸν,
2443 3629 2538 3682 καὶ
2565 3627 2664 3679 οὐκ
2702 3623 2953 3680 ἐδύναντο
2983 3622 3164 3676 λαλεῖν
3220 3617 3371 3688 αὑτῷ
3401 3615 3551 3669 οὐδὲν

276 3718 580 3788 εἰρηνικόν.
607 3739 627 3772 ι

355 3809 423 3883 βέ.
466 3811 769 3882 Πεποίηται
804 3813 904 3882 μὲν
933 3812 1041 3884 γὰρ
1071 3814 1100 3865 6
1136 3812 1229 3866 τοῦ
1260 3814 1464 3884 βιϐλίου
1489 3818 1857 3888 συγγραφεὺς,

277 3902 393 3955 τῶν
419 3903 479 3969 ἐξ
512 3901 681 3956 Ἦσαῦ
713 3905 1012 3973 γεγονότων
1045 3905 1422 3976 ἀπαρίθμησιν
1452 3907 1675 3978 ἀκριϐῆ.
1707 3908 1865 3972 Τίνες

277 3994 392 4064 γὰρ
430 3992 594 4048 τίνων
623 3994 915 4063 ὲξὲφυσαν,
946 3996 1041 4050 καὶ
1071 3997 1192 4049 ὅποι
1219 3997 1348 4051 ποτὲ
1376 4000 1478 4069 γῆς
1507 3998 1731 4052 ἕκαστοι
1769 3998 1864 4050 αὐ-

279 4084 393 4137 τῶν
420 4086 797 4155 κατῳκήκασι,
840 4086 934 4139 καὶ
977 4087 1076 4157 τὴν
1106 4087 1246 4140 κατά
1278 4088 1441 4142 τίνων
1482 4088 1727 4157 διέλαχον
1764 4088 1864 4156 ἀρ-

279 4175 412 4247 χὴν,
472 4175 532 4229 τὸ
566 4176 708 4247 ἱερὸν
742 4177 889 4247 ἡμᾶς
938 4176 1139 4242 ἐδίδαξε
1183 4179 1223 4230 Γ
1228 4180 1459 4249 ράμμα’
1509 4177 1752 4247 γενναῖόν
1800 4194 1865 4246 γε

284 4267 398 4339 μὴν
435 4267 607 4333 οὐδὲν,
639 4267 755 4320 ἀλλ’
795 4267 916 4322 οὐδὲ
963 4269 1182 4340 μνήμης
1228 4268 1376 4333 ἄξιον
1414 4270 1756 4341 πεπραχότας
1781 4287 1863 4323 τι-

280 4360 394 4421 νός.
428 4359 729 4430 Μονονουχὶ
752 4360 810 4413 δὲ
837 4361 1206 4431 παρανήχεται
1235 4362 1363 4424 τοὺς
1390 4360 1808 4432 ὠνομασμένους
1837 4365 1865 4416 6

2038 3812 2093 3864 2.
2132 3810 2288 3865 Fecit
2310 3810 2545 3878 scriptor
2559 3807 2686 3862 libri
2707 3816 2952 3880 apertam
2974 3800 3552 3859 commemorationem

1968 3915 2160 3955 eorum
2185 3901 2280 3969 qui
2321 3916 2390 3954 ex
2425 3901 2569 3954 Esau
2599 3899 2709 3953 orti
2739 3904 2890 3973 sunt.
2924 3893 3028 3958 Qui
3066 3891 3213 3944 enim
3246 3904 3314 3942 ex
3351 3888 3555 3957 quibus

1968 3990 2086 4044 nati
2124 3991 2253 4053 sint,
2291 3997 2347 4043 et
2388 4002 2553 4057 quam
2580 3987 2815 4054 quisque
2853 3981 3133 4051 regionem
3172 3978 3451 4041 habitarit,
3491 3994 3555 4031 ac

1971 4079 2176 4151 quibus
2200 4080 2508 4148 imperarit,
2540 4090 2697 4131 sacra
2738 4072 3022 4142 Scriptura
3047 4086 3148 4126 nos
3173 4069 3361 4124 docuit
3386 4086 3398 4121 :
3427 4084 3553 4123 cum

1977 4171 2200 4226 interim
2246 4168 2386 4223 nihil
2432 4167 2753 4240 praeclarum
2798 4179 2979 4234 neque
3024 4161 3290 4217 memoria
3328 4160 3553 4232 dignum

1974 4263 2263 4336 quisquam
2280 4277 2471 4319 eorum
2490 4258 2739 4331 gesserit.
2759 4256 2953 4312 Ferme
2971 4254 3154 4324 itaque
3170 4268 3362 4309 eorum
3378 4250 3555 4307 nomi-

1972 4371 2041 4409 na
2064 4370 2244 4410 sermo
2269 4352 2557 4424 praeteriit,
2574 4357 2737 4418 atque
2758 4345 2825 4401 ad
2848 4344 3093 4399 divinum
3115 4343 3315 4414 Ioseph
3340 4358 3396 4398 se
3420 4359 3552 4397 con-

282 4452 467 4520 λόγος,
488 4451 742 4524 καταίρει
766 4451 824 4505 δὲ
856 4450 1045 4525 ὥσπερ
1074 4452 1167 4505 ἐπὶ
1190 4452 1284 4506 τὸν
1317 4452 1602 4507 θεσπέσιον
1643 4454 1857 4525 Ἰωσήφ⁴

1971 4445 2098 4510 fert,
2120 4445 2299 4514 deque
2332 4442 2401 4495 iis
2424 4440 2518 4510 qui
2545 4455 2612 4493 ex
2636 4437 2901 4506 sanguine
2929 4433 3099 4489 Iacob
3132 4440 3281 4497 sunt,
3306 4431 3551 4501 splendi—

283 4547 382 4599 καὶ
428 4544 559 4607 τοὺς
600 4542 660 4611 ἐξ
702 4544 932 4614 αἵματος
970 4542 1165 4597 Ἰακὼϐ
1212 4544 1462 4614 λαμπρὸν
1513 4546 1746 4598 ποιεῖται
1793 4544 1877 4598 δι-

285 4638 507 4706 ήγημα.
531 4633 817 4697 Νεώτατος
844 4634 942 4703 μὲν
983 4628 1076 4687 οὖν
1104 4632 1215 4685 τῶν
1241 4633 1415 4687 ἄλλων
1447 4635 1475 4686 ὁ
1519 4634 1716 4706 Ἰωσὴφ
1755 4639 1875 4706 (ἐπ-

284 4726 589 4785 τακαίδεκα
620 4724 730 4796 γὰρ
755 4721 826 4797 ἦν
848 4724 1029 4796 ἐτῶν),
1064 4726 1284 4795 ίδρῶτός
1316 4743 1378 4793 γε
1416 4725 1523 4797 μὴν
1561 4726 1661 4779 οὐκ
1685 4727 1876 4796 ἡμέλει

288 4816 613 4890 ποιμενικοῦ
640 4833 652 4844 ·
684 4819 795 4880 τοῖς
817 4817 874 4870 δὲ
899 4817 1079 4879 ἀλλοις
1103 4817 1355 4887 ἀδελφοῖς
1382 4817 1586 4889 ἀναμὶξ
1608 4818 1718 4871 τῶν
1746 4819 1876 4872 ίσων

288 4912 494 4980 ἥπτετο
528 4909 983 4979 σπυδασμάτων,
1018 4907 1079 4961 οὐ
1119 4910 1218 4979 τὴν
1249 4910 1359 4972 τοῖς
1391 4911 1447 4962 ὲν
1482 4908 1594 4982 ἥϐῃ
1622 4907 1867 4980 θυμηρε-

291 5000 496 5070 στάτην
525 5000 622 5053 καὶ
654 4998 742 5052 ἀεί
775 5015 889 5062 πως
916 4999 1187 5069 προσφιλῆ
1215 4999 1495 5070 ῥᾳστώνην
1526 5000 1866 5071 τετιμηκώς’

289 5093 352 5144 οὐ
379 5090 478 5161 τὴν
508 5090 758 5160 πρόωρον
800 5087 898 5141 τοῦ
945 5088 1060 5159 βίου
1110 5090 1366 5160 φροντίδα
1415 5092 1868 5161 παραιτούμενος,

290 5182 413 5235 οὐδὲ
438 5181 502 5233 τὸ
532 5179 777 5234 ἀνεῖσθαι
829 5178 1028 5249 μᾶλλον
1064 5178 1362 5248 ἠγαπηκὼς
1387 5217 1403 5241 ,
1457 5180 1552 5232 an
1596 5180 1659 5247 δὴ
1693 5181 1788 5232 καὶ
1817 5181 1875 5231 ἐν

297 5272 604 5343 μειρακίοις
636 5272 717 5324 ἐτι
746 5269 935 5324 τελῶν⁹
974 5270 1091 5323 ἀλλ’
1121 5267 1209 5322 οἶα
1247 5269 1579 5339 πρεσϐύτης,
1624 5270 1682 5322 ἐν
1725 5271 1876 5340 εὑδίᾳ

297 5365 398 5433 μὲν
422 5364 523 5436 ἤδη
555 5364 834 5433 λογισμῶν
865 5361 1120 5430 γεγονὼς,
1139 5360 1232 5413 καὶ
1262 5358 1351 5409 τὸν
1390 5358 1514 5411 νοῦν
1539 5358 1678 5427 ἔχων
1704 5355 1762 5411 εὖ
1786 5359 1877 5426 βε-

296 5454 503 5523 ϐηκότα
527 5472 540 5484 ·
577 5453 752 5521 πολιῷ
787 5468 846 5503 τε
879 5451 955 5520 τῷ
990 5451 1132 5519 λόγῳ
1166 5448 1465 5519 χρώμενος,
1496 5449 1588 5501 καὶ
1628 5449 1723 5518 τῆς
1753 5450 1873 5500 ἐσο-

300 5547 469 5617 μένης
490 5544 880 5616 λαμπρότητος
914 5541 1332 5612 προαναιραίνων
1371 5540 1431 5593 τὸ
1468 5539 1679 5606 κάλλος,
1713 5538 1871 5592 ἐθαυ-

1973 4535 2099 4589 dam
2152 4533 2527 4588 narrationem
2576 4527 2835 4581 instituit.
2893 4525 3151 4579 Minimus
3197 4524 3383 4590 itaque
3422 4528 3552 4573 natu

1975 4625 2118 4679 inter
2135 4623 2275 4678 ﬁlios
2289 4621 2510 4690 Ioseph.
2538 4616 2929 4688 septemdecim
2947 4616 3094 4670 enim
3118 4623 3239 4667 erat
3257 4627 3551 4673 annorum,

1975 4714 2220 4768 laborem
2249 4709 2596 4782 pastoritium
2627 4721 2734 4760 non
2772 4703 3120 4767 detrectavit,
3153 4703 3249 4757 sed
3284 4718 3391 4755 una
3430 4716 3554 4755 cum

1975 4807 2097 4863 aliis
2139 4805 2401 4860 fratribus
2435 4802 2628 4858 iisdem
2678 4798 2876 4855 studiis
2921 4797 3170 4860 vacabat,
3213 4811 3324 4848 non
3355 4794 3551 4854 otium,

1976 4914 2084 4970 quo
2111 4900 2369 4969 juventus
2414 4892 2686 4965 imprimis
2715 4891 3037 4953 delectatur,
3070 4895 3305 4945 sectans,
3334 4898 3443 4935 non
3474 4881 3554 4937 in-

1979 4989 2363 5060 tempestivum
2413 4996 2714 5056 parumque
2757 4988 2942 5049 aptum
2966 4976 3111 5030 aetati
3162 4989 3273 5026 suae
3309 4970 3553 5025 laborem

1980 5080 2408 5151 subterfugiens,
2433 5090 2613 5146 neque
2639 5088 2831 5126 vacare
2856 5068 3137 5129 adamans,
3163 5070 3352 5133 utpote
3377 5061 3558 5116 adhuc

1981 5173 2277 5246 pueritiam
2316 5185 2503 5241 agens,
2537 5165 2632 5221 sed
2662 5162 2830 5217 veluti
2862 5174 3047 5221 senex,
3073 5167 3126 5211 et
3166 5154 3558 5224 cogitationum

1981 5243 2315 5336 praestantia,
2360 5260 2669 5325 mentisque
2714 5253 2911 5305 robore
2950 5248 3234 5317 praeditus,
3285 5259 3349 5297 ac
3400 5243 3558 5297 senili

1982 5334 2194 5410 ratione
2229 5363 2421 5414 utens,
2465 5345 2745 5410 futurique
2787 5338 3093 5409 splendoris
3126 5334 3559 5405 pulcherrimum

1982 5446 2261 5515 specimen
2283 5442 2473 5501 edens,
2497 5434 2695 5490 merito
2718 5431 2878 5482 beato
2904 5425 3387 5493 amantissimoquc
3417 5422 3563 5491 patri

1983 5534 2401 5591 admirationem
2453 5528 2537 5581 sui
2579 5520 2906 5584 comitavit,
2949 5525 3004 5572 ct
3049 5519 3115 5573 ad
3171 5516 3432 5587 majorem
3475 5516 3561 5570 sui

374 5731 628 5789 "Matth.
661 5747 772 5799 xvi,
812 5729 890 5782 l7.
974 5729 1013 5757 ³τ
1043 5728 1196 5782 Ioan.
1232 5745 1299 5797 Vl,
1330 5728 1403 5781 ii.
1484 5729 1525 5755 “‘
1554 5728 1756 5783 Ierem.
1790 5741 1895 5793 xiv,
1934 5723 2010 5777 10.
2078 5723 2119 5751 ’θ
2159 5720 2293 5771 lien.
2326 5728 2521 5779 XXXVII,
2564 5706 2682 5759 ‘24-
