4074 6260
532 264 635 322 9.87

1559 264 1612 322 S.
1655 262 1927 324 CYRILLI
1966 261 2435 321 ALEXANDle
2475 258 2790 320 ARCHIEP.

3684 268 3789 327 I88

533 391 779 434 amorem
807 392 871 435 ac
893 392 1082 436 curam
1103 376 1445 452 provocavit.
1469 400 1486 430 ι
1502 377 1637 433 Erat
1656 380 1806 436 enim
1837 379 1995 450 ipsi,»
2018 377 2104 433 in-

2229 375 2412 442 ιάζετο
2438 376 2543 444 μὲν
2588 377 2812 440 είκότως
2854 374 3009 446 παρὰ
3039 384 3101 444 γε
3135 376 3213 446 τῷ
3244 377 3501 451 μακαρίῳ
3555 378 3650 433 καὶ
3702 399 3793 451 φι-

535 469 676 542 quit,
701 489 720 522 ι
738 470 905 526 etiam
932 468 1076 525 illius
1098 468 1401 525 senectutis
1422 468 1487 523 '°.
1502 487 1519 520 ι
1537 467 1702 540 Atqui
1725 469 1989 541 quidnam
2004 467 2112 523 hoc

495 630 503 637 ν
536 559 657 616 est?
678 558 923 616 Aﬁ'eetus
948 559 1063 616 sive
1092 559 1483 630 dispositiones
1520 573 1641 629 quae
1673 558 1730 614 in
1768 556 1930 615 nobis
1961 564 2109 624 sunt,

536 650 715 707 oratio
737 658 925 705 nostra
951 650 1260 721 investigat.
1280 649 1577 706 Parentum
1594 649 1741 704 enim
1759 665 1890 722 erga
1908 649 2113 704 liberos

535 758 692 800 amor
734 743 961 814 a'qualis
1002 743 1062 799 in
1113 744 1433 799 universum
1470 741 1752 797 nonnullis
1790 754 1894 807 est,
1933 756 2112 812 neque

537 833 650 889 ulla
681 834 898 889 ratione
918 834 1221 904 inaequalis.
1246 832 1483 903 Superat
1505 839 1689 887 autem
1709 846 2108 901 saepenumero,

537 933 595 981 et
632 927 742 980 vim
768 926 936 981 infert
958 912 1128 981 menti
1166 933 1382 989 natura,
1406 924 1744 995 persuadens
1776 922 1899 978 aliis
1926 933 1987 977 ut
2010 923 2114 978 ali-

538 1015 671 1087 quid
710 1016 946 1086 amplius
969 1016 1343 1087 egentioribus
1363 1016 1685 1085 largiantur,
1708 1024 1897 1085 utpote
1922 1014 2017 1085 qui
2058 1014 2116 1070 in

541 1121 609 1161 eo
631 1116 778 1162 statu
806 1108 916 1162 sint
962 1117 1025 1162 ut
1065 1108 1269 1178 majore
1305 1122 1440 1161 cura
1463 1106 1756 1177 indigeant.
1781 1105 1957 1162 Aliter
1984 1121 2117 1162 vero

545 1197 607 1251 ﬁt
649 1213 1043 1268 nonnunquam
1089 1205 1151 1252 ut
1212 1197 1437 1268 quidam
1483 1206 1741 1268 parentes
1788 1198 1992 1253 amoris
2030 1198 2117 1254 sui

544 1287 935 1342 abundantiam
958 1290 1015 1343 in
1038 1288 1260 1344 ultimos
1289 1288 1389 1344 abs
1410 1304 1470 1343 se
1499 1297 1657 1344 natos
1684 1288 1991 1353 conferant,
2015 1304 2117 1344 an-

550 1377 808 1433 teriorem
858 1394 1101 1434 amorem
1145 1379 1447 1450 posteriore
1496 1380 1903 1449 quodammodo
1948 1381 2003 1436 in
2060 1395 2119 1436 se

544 1468 809 1539 rapiente.
831 1469 1103 1525 Novitan’s
1131 1470 1278 1525 enim
1300 1478 1564 1540 appetens
1579 1479 1663 1526 est
1679 1471 1918 1526 humana
1942 1486 2117 1537 mens,

544 1566 714 1629 atque
736 1574 929 1613 eorum
957 1559 1182 1630 quidem
1210 1560 1303 1630 qui
1321 1561 1477 1630 prius
1495 1561 1611 1615 nati
1637 1569 1787 1625 sunt,
1810 1561 2120 1617 satietatem

544 1663 656 1702 non
682 1648 872 1719 ahjieit
898 1667 911 1702 :
933 1665 1124 1705 eorum
1150 1666 1282 1705 vero
1304 1652 1400 1721 qui
1422 1651 1671 1706 nondum
1700 1652 1836 1717 nati,
1861 1659 1961 1706 aut
1982 1652 2119 1707 alio-

544 1734 639 1801 qui
674 1749 867 1789 recens
905 1737 1157 1806 acquisiti
1203 1745 1351 1803 sunt,
1389 1739 1660 1809 potiorem
1699 1754 1888 1794 curam
1928 1740 2112 1806 habet,

549 1821 711 1893 130
731 1833 786 1878 et
815 1824 1147 1882 ferventiore
1172 1843 1269 1883 eos
1294 1844 1482 1883 amore
1510 1831 1880 1900 prosequitur.
1900 1832 2118 1887 Amavit

547 1912 731 1983 itaque
756 1931 866 1985 prze
902 1917 1024 1971 aliis
1064 1917 1285 1974 divinus
1320 1920 1493 1976 Jacob
1516 1921 1740 1992 Ioseph,
1775 1942 1793 1974 ι
1818 1924 1945 1993 quia
1973 1925 2119 1980 ﬁlius

544 2004 847 2059 senectutis
886 2005 988 2075 ipsi
1027 2015 1166 2062 erat.
1197 2027 1215 2059 ι
1258 2006 1555 2093 Sciendum
1591 2020 1775 2068 autem
1826 2024 1907 2070 est
1944 2016 2110 2086 quod,

546 2096 651 2150 etsi
673 2095 826 2152 Liam
851 2114 1076 2154 uxorem
1103 2099 1320 2156 duxerit
1343 2102 1397 2157 in
1426 2100 1689 2169 Charran,
1715 2105 1914 2160 amavit
1949 2107 2114 2164 etiam

547 2183 774 2250 Rachel,
810 2203 932 2258 quae
967 2188 1267 2261 Josephum
1309 2194 1548 2263 peperit,
1592 2202 1649 2250 et
1688 2196 1803 2267 jam
1830 2196 2115 2262 moritura,

546 2276 849 2350 Benjamin.
897 2281 978 2335 Ad
1024 2281 1131 2338 hoc
1177 2281 1434 2347 dicimus,
1481 2287 1673 2341 ambos
1718 2287 1941 2356 quidem
1981 2287 2123 2343 ﬁlios

549 2365 719 2421 fuisse
744 2370 1072 2435 senectutis;
1104 2372 1303 2427 bonam
1331 2389 1458 2428 vero
1486 2375 1685 2444 Joseph
1712 2375 1971 2441 indolem,
1990 2392 2124 2447 qua-

547 2455 657 2510 lem
676 2458 857 2512 caeteri
878 2474 1070 2514 omnes
1084 2476 1196 2515 non
1217 2461 1512 2528 habebant,
1532 2465 1586 2519 in
1603 2480 1765 2520 causa
1782 2464 1968 2528 fuisse,
1987 2467 2119 2521 utin

549 2544 703 2602 hunc
733 2564 845 2618 prae
873 2549 997 2604 aliis
1029 2552 1377 2621 potissimum
1421 2570 1588 2610 senex
1619 2572 1925 2627 propensus
1959 2557 2116 2614 foret.

552 2636 631 2694 Ita
658 2640 806 2693 enim
834 2640 937 2696 sibi
964 2654 1314 2713 persuaserat
1334 2644 1580 2701 futurum
1608 2662 1735 2702 eum
1753 2649 2125 2705 verisimiliter

553 2729 905 2800 splendidum
944 2741 1108 2804 atque
1152 2735 1458 2803 illustrem;
1487 2736 1689 2809 quippe
1728 2740 1845 2810 qui,
1881 2742 2127 2813 neglecta

547 2817 857 2892 juventutis
897 2823 1141 2891 lascivia,
1184 2826 1367 2881 virum
1393 2827 1507 2897 jam
1553 2828 1861 2899 perfectum
1903 2846 2018 2901 prae
2068 2845 2127 2886 se

552 2910 784 2978 ferebat,
814 2930 923 2985 quo
947 2922 1107 2985 pacto
1128 2933 1240 2971 non
1271 2916 1629 2974 admirandus
1654 2921 1757 2975 sit?
1777 2921 1977 2976 Beatus
1996 2936 2128 2976 vero

2210 465 2485 537 λοστόργιρ
2517 466 2708 537 πατρὶ,
2733 466 2958 536 ἀγάπης
2977 473 3038 520 τε
3064 465 3160 520 καὶ
3184 465 3398 535 φειδοῦς
3424 466 3793 538 διαφερόντως

2211 556 2448 627 ἠξιοῦτο.
2491 576 2510 610 ι
2546 553 2655 611 Ἶίν
2685 557 2792 630 γὰρ
2825 556 2995 629 αὐτῷ,
3034 557 3188 629 φησὶ,
3222 557 3320 612 καὶ
3368 558 3558 629 γήρως
3599 560 3731 624 υίός.
3765 581 3784 613 ι

2211 651 2323 704 Καὶ
2347 651 2402 704 τί
2438 648 2597 705 τοῦτό
2632 653 2784 718 teet;
2830 651 2943 714 Τὰς
2988 653 3048 706 δν
3084 653 3222 721 ἡμῖν
3270 651 3541 716 διαθέσεις
3579 654 3608 707 ό
3634 652 3789 721 λόγος

2213 743 2346 816 ἡμῖν
2371 740 2834 813 πολυπραγμονοῖ.
2873 744 2941 795 Δί
2972 742 3071 813 μὲν
3109 741 3218 813 γὰρ
3247 740 3345 795 ira
3377 743 3534 795 παισὶ
3559 742 3667 795 τῶν
3691 758 3791 811 γε-

2213 831 2555 902 γεννηκότων
2583 826 2973 900 φιλοστοργίαι,
3012 829 3121 884 ίσαι
3162 848 3224 884 τε
3255 832 3334 893 είς
3371 830 3521 884 ἅπαν
3549 832 3701 902 παρά
3728 833 3791 898 γέ

2212 937 2346 986 τισι,
2370 923 2464 976 καὶ
2492 921 2613 976 κατ’
2650 922 2842 975 οὐδένα
2881 922 3082 993 τρόπον
3102 922 3159 975 ὲν
3178 920 3373 992 μείοσι.
3397 921 3718 976 Πλεσνεκτεῖ
3736 922 3794 976 δὲ

2216 1014 2474 1077 ¹πολλάκις
2505 1015 2597 1069 καὶ
2629 1012 3018 1078 καταϐιάζεται
3049 1013 3140 1067 τὸν
3181 1011 3307 1066 νοῦν
3346 1015 3379 1083 ἠ
3426 1012 3607 1082 φύσις,
3650 1014 3791 1066 ἀπο·

2217 1106 2400 1178 νεῖμαί
2436 1124 2490 1159 τι
2522 1105 2697 1177 βραχὺ
2729 1104 2881 1176 παρὰ
2903 1107 3026 1168 τοὺς
3057 1104 3254 1166 ἄλλους
3284 1103 3658 1174 συμπείθουσα
3681 1106 3796 1167 τοῖς

2220 1196 2698 1267 καταδεεστέρως,
2743 1197 2838 1250 ἀτε
2886 1196 2951 1267 δὴ
2997 1196 3092 1249 καὶ
3143 1196 3480 1266 ὑπάρχουσιν
3531 1194 3589 1248 ὲν
3635 1195 3796 1265 χρείᾳ

2219 1285 2432 1357 φειδοῦς
2459 1287 2559 1356 τῆς
2597 1286 3074 1356 προὺργιαιτέρας.
3104 1285 3312 1348 Ἄλλως
3342 1302 3403 1338 τε
3443 1283 3651 1339 πολλῶν
3677 1283 3791 1339 ἔσθ’

2218 1377 2307 1432 ὅτε
2331 1377 2762 1447 γεγεννημένων,
2787 1374 3084 1446 καταλήγει
3115 1393 3253 1439 πως,
3275 1376 3370 1430 καὶ
3396 1376 3475 1447 τῷ
3496 1374 3792 1445 τελευταίῳ

2219 1470 2405 1525 λοιπὸν
2448 1467 2797 1541 ὲνορμίζεται
2846 1469 2946 1538 τῆς
2992 1469 3214 1538 ἀγάπης
3259 1472 3320 1522 τὸ
3369 1468 3644 1539 περιττὸν,
3693 1469 3793 1537 τὴν

2218 1561 2314 1614 ἐπὶ
2336 1562 2452 1624 τοῖς
2481 1558 2813 1631 προλαϐοῦσι
2849 1558 3254 1631 φιλοστοργίαν,
3299 1560 3395 1615 τοῦ
3443 1564 3562 1632 μετ’
3594 1562 3793 1627 αὐτοὺς

2224 1653 2306 1715 είς
2330 1650 2518 1704 ἑαυτόν
2549 1667 2665 1713 πως
2690 1648 3048 1721 ἁρπάζοντος.
3072 1649 3384 1713 Φιλόκαινος
3406 1652 3515 1722 γὰρ
3534 1651 3562 1703 ὁ
3583 1650 3797 1722 ἀνθρώ-

2226 1758 2380 1803 πινος
2404 1741 2548 1805 νοῦς,
2574 1741 2669 1794 καὶ
2699 1740 2807 1794 τῶν
2829 1741 2930 1810 μὲν
2952 1741 3053 1812 ήδη
3084 1741 3493 1811 προγεγονότων
3519 1742 3611 1796 τὸν
3640 1742 3802 1812 κόρον

2226 1835 2327 1889 οὐκ
2361 1833 2699 1889 discedent“
2753 1832 2866 1888 τῶν
2907 1833 2967 1888 δὲ
2996 1833 3149 1888 οὔπω
3180 1834 3484 1905 παρόντων,
3515 1833 3674 1902 ﬂuat
3702 1834 3803 1906 ἀρ-

2226 1927 2356 1990 τίως
2386 1925 2804 1998 πεπορισμένων
2844 1928 3220 1997 μεταποιεῖται
3261 1926 3402 1991 λίαν,
3444 1927 3538 1980 καὶ
3569 1928 3806 1994 ἀκμαιο-

2228 2019 2394 2091 τέραν
2410 2018 2505 2075 ἐπ’
2553 2018 2732 2082 αὐτοῖς
2760 2016 2860 2088 τὴν
2890 2017 3188 2088 ἐπιθυμίαν
3224 2016 3542 2088 εἰσδέχεται.
3583 2016 3807 2084 Ἠγάπα

2230 2110 2410 2164 τοίνυν
2453 2108 2604 2179 παρά
2643 2109 2770 2171 τοὺς
2812 2106 3008 2171 ἄλλους
3061 2106 3153 2161 τὸν
3193 2105 3390 2177 Ἰωσὴφ
3438 2107 3467 2159 ὁ
3513 2104 3805 2168 θεσπέσιος

2226 2197 2451 2262 Ἰακὼϐ,
2477 2216 2500 2251 ι
2525 2197 2648 2251 ’Ότι
2678 2196 2864 2267 γήρως
2892 2192 3004 2255 υίὸς
3040 2189 3107 2263 ἦν
3138 2190 3306 2262 αὐτῷ.
3344 2208 3363 2243 ι
3403 2189 3479 2259 ﬂ)
3508 2188 3707 2242 Ἰστὲον
3745 2192 3801 2239 δὲ

2228 2294 2331 2357 ὅτι,
2367 2290 2540 2345 καίτοι
2579 2290 2679 2358 τὴν
2704 2287 2868 2342 Λείαν
2903 2284 3441 2358 προεισοικισάμενος
3465 2283 3523 2335 ιν
3550 2280 3801 2351 Χαρρὰν,

2228 2383 2481 2453 ἠγάπησε
2508 2379 2605 2451 τὴν
2633 2375 2857 2457 Ῥαχὴλ)
2885 2377 2919 2447 ἢ
2948 2377 3040 2428 τὸν
3066 2375 3263 2443 Ἰωσὴφ
3288 2373 3562 2432 ὲκτέτοκε,
3596 2372 3691 2423 καὶ
3712 2387 3803 2422 τε-

2229 2472 2471 2529 λευτῶσα
2487 2472 2576 2525 τὸν
2598 2469 2873 2534 Βενιαμίν.
2901 2466 3042 2537 Πρὸς
3060 2466 3123 2535 δὴ
3136 2464 3294 2517 τοῦτό
3321 2479 3521 2532 φαμεν,
3536 2464 3620 2516 ὅτι
3639 2462 3807 2528 ἄμφω

2237 2559 2334 2630 μὲν
2359 2560 2531 2630 ἤστην
2558 2559 2743 2628 γήρως
2777 2554 2895 2609 uiri).
2940 2555 3013 2607 Τὸ
3066 2554 3124 2608 δέ
3171 2570 3236 2621 γε
3277 2553 3373 2607 τοῦ
3417 2551 3615 2620 Ἰωσὴφ
3671 2550 3807 2619 πρὸς

2234 2650 2342 2704 πᾶν
2371 2647 2550 2700 ὁτιοῦν
2590 2646 2783 2714 εὐφυὲς
2811 2646 2911 2698 οὐκ
2948 2642 3059 2697 ῐσον
3093 2645 3176 2713 ἐφ’
3210 2642 3446 2696 ἅπασιν·
3488 2639 3806 2710 ἑτεροκλινῆ

2233 2739 2291 2794 δὲ
2327 2739 2517 2809 ὥσπερ
2562 2736 2656 2791 καὶ
2704 2736 2791 2790 ἐπ’
2830 2735 2994 2789 αὐτὸν
3045 2733 3339 2787 νενευκότα
3386 2729 3671 2798 παρέδειξε
3716 2727 3810 2781 τὸν

2236 2828 2564 2900 πρεσϐύτην.
2598 2825 2933 2894 Διελογίζετο
2965 2824 3073 2895 γάρ
3110 2840 3236 2887 που,
3276 2821 3418 2875 κατά
3441 2822 3503 2874 τδ
3537 2819 3705 2882 είκδς,
3734 2817 3810 2880 ὡς

2236 2920 2388 2975 ἔσται
2417 2918 2665 2990 λαμπρὸς
2692 2918 2787 2971 καὶ
2814 2917 3078 2987 ἀοίδιμος.
3112 2916 3221 2970 Καὶ
3241 2917 3269 2969 ὁ
3297 2914 3406 2968 τῶν
3429 2913 3529 2982 τῆς
3559 2911 3814 2977 νεότητος

555 2999 725 3059 Jacoh
778 3004 834 3059 in
881 3006 1001 3076 ipso
1050 3007 1223 3077 magis
1267 3023 1431 3079 quam
1472 3008 1539 3081 ini
1582 3010 1704 3065 aliis
1752 3011 1881 3066 novi
1927 3011 2124 3082 aliquid

2240 3010 2628 3083 σκιρτημάτων
2658 3010 2717 3064 οὐ
2744 3006 3139 3080 πεφροντικὼς,
3173 3009 3252 3070 είς
3288 3006 3455 3076 ἄνδρα
3493 3003 3592 3073 ἤδη
3615 3001 3809 3065 τελῶν,

552 3094 758 3152 eﬁ‘eeit.
785 3095 1047 3153 Tunicam
1071 3102 1218 3155 enim
1242 3101 1291 3156 ei
1319 3104 1661 3173 comparavit
1690 3105 1918 3169 variam,
1954 3114 2009 3159 et
2032 3105 2131 3160 de-

555 3186 888 3241 centissimis
927 3189 1176 3244 vestibus
1215 3191 1449 3246 ornavit.
1486 3190 1629 3259 Quid
1678 3193 1843 3263 igitur
1876 3193 1982 3248 hoc
2026 3192 2133 3248 sibi

553 3271 712 3326 vult?
733 3273 1079 3329 Exstimulati
1106 3284 1235 3330 sunt
1256 3278 1324 3331 ad
1347 3278 1484 3333 iram
1512 3280 1608 3334 ﬁlii
1627 3281 1847 3351 Zelpha:
1871 3289 1926 3336 et
1951 3283 2131 3347 Ballte,

558 3363 877 3433 pariterque
910 3364 965 3418 in
998 3366 1301 3420 absurdum
1345 3368 1506 3437 plane
1553 3386 1851 3426 maerorem
1894 3372 2133 3442 abrepti,

559 3450 931 3522 invidiamque
978 3456 1239 3512 adversus
1283 3457 1692 3516 adolescentem
1742 3471 2133 3535 conceperant,

559 3542 728 3597 etiam
758 3543 795 3597 ii
820 3544 914 3613 qui
944 3559 1009 3598 ex
1035 3546 1208 3602 libera
1233 3549 1349 3603 nati
1375 3557 1552 3615 erant,
1577 3549 1676 3605 Lia
1698 3553 1959 3607 nimirum
1987 3571 2000 3607 :
2026 3570 2138 3609 non

561 3630 710 3701 quod
748 3632 864 3703 ipse
889 3648 985 3689 eos
1013 3635 1120 3689 ulla
1145 3635 1346 3706 injuria
1378 3638 1644 3705 aﬁ'ecerit,
1675 3639 1770 3695 sed
1807 3640 1974 3711 patris
2009 3658 2136 3714 erga

560 3734 687 3776 eum
704 3737 879 3789 amor,
902 3724 1155 3795 bonaque
1177 3728 1336 3798 pueri
1362 3728 1573 3785 indoles
1588 3730 1802 3803 injuste:
1826 3731 2138 3788 invidentiae

557 3808 806 3869 flammas
850 3816 984 3886 ipsis
1026 3817 1272 3884 immisit,
1314 3819 1622 3891 linguaeque
1668 3823 1963 3878 virulentia
2010 3839 2137 3879 eum

559 3900 915 3974 impetebant,
929 3907 1301 3963 convieiantes
1319 3917 1373 3965 et
1394 3910 1792 3968 calumniantes
1815 3928 1881 3968 ea
1905 3928 2004 3983 per
2018 3930 2139 3984 quae

558 4008 661 4066 par
683 4005 803 4052 erat
832 3999 1092 4069 juvenem
1129 4001 1369 4058 inimicis
1407 4003 1704 4073 opprobrio
1740 4020 1881 4060 esse.
1910 4004 2045 4071 Hoc,
2079 4015 2140 4061 ut

559 4085 823 4150 arbitror,
847 4097 933 4143 est
956 4107 969 4142 :
1000 4109 1018 4140 ι
1042 4091 1432 4147 Etatlulerunt
1447 4094 1652 4164 Ioseph
1673 4095 2014 4166 vituperium
2032 4113 2142 4152 ma-

558 4174 673 4230 lum
690 4176 758 4231 ad
772 4177 936 4231 Israel
956 4188 1164 4247 patrem
1180 4198 1361 4237 suum.
1377 4182 1668 4248 iQuocirca
1687 4185 1857 4240 veluti
1875 4186 2141 4255 przeludia

2237 3099 2354 3164 πῶς
2384 3100 2483 3152 οὐκ
2532 3097 2599 3152 ἂν
2648 3098 2854 3166 γένοιτο
2903 3094 3520 3165 τῶντεθαυμασμένωνς
3569 3094 3812 3145 Κεκαιν-

2234 3187 2474 3259 ούργηκε
2529 3186 2584 3240 δέ
2636 3202 2685 3238 τι
2769 3183 2921 3255 παρά
2962 3185 3088 3248 τοὺς
3120 3183 3314 3246 ἄλλους
3345 3184 3434 3237 ἐπ’
3465 3181 3614 3250 αὐτῷ
3660 3181 3756 3234 καὶ
3782 3179 3813 3231 ό

2241 3278 2509 3350 μακάριος
2538 3274 2759 3329 Ἰακὼὃο
2786 3274 2989 3346 χιτῶνά
3015 3291 3072 3329 τε
3109 3273 3218 3345 γὰρ
3248 3273 3527 3341 ἐξυφαίνει
3548 3269 3813 3329 ποικίλον.

2238 3365 2334 3418 καὶ
2378 3364 2683 3433 ὲσθὴμασιν
2732 3362 2894 3434 ἐτίμα
2939 3364 3050 3425 τοῖς
3103 3360 3587 3433 ὲκπρεπεστάτοις.
3624 3360 3689 3411 Τί
3722 3355 3815 3411 οὖν

2237 3453 2526 3517 ἐντεῦθεν;
2560 3454 2943 3523 Κατεθήγοντο
2973 3453 3109 3524 πρὸς
3155 3451 3324 3523 ὀργὰς
3370 3454 3421 3506 oi
3464 3450 3571 3505 ἀπὸ
3602 3450 3814 3518 Ζελφᾶς

2237 3563 2297 3599 τε
2326 3545 2422 3599 καὶ
2448 3537 2677 3609 Βάλλας,
2706 3543 3197 3613 συναπεκομίξοντο
3225 3543 3281 3597 δὲ
3303 3542 3511 3606 τούτοις
3536 3543 3618 3605 είς
3639 3540 3816 3608 λύπην

2239 3636 2643 3705 ὲκτοπωτάτην,
2678 3633 2891 3688 καὶτὸν
2929 3633 3021 3686 ἐπὶ
3048 3631 3127 3700 τῷ
3160 3632 3427 3705 μειρακίῳ
3470 3630 3657 3684 λοιπὸν
3698 3631 3815 3682 εἰσ-

2240 3726 2483 3796 εδέχοντο
2531 3725 2743 3793 φθόνον,
2772 3725 2820 3777 οἱ
2865 3725 2929 3776 ὲκ
2956 3721 3056 3791 τῆς
3094 3720 3402 3789 ἐλευθέρας.
3441 3720 3585 3790 φημὶ
3619 3718 3682 3784 δὴ
3716 3717 3817 3785 τῆς

2240 3817 2423 3880 Λείας.
2460 3815 2664 3870 Ἦδίκει
2715 3814 2813 3885 μὲν
2845 3813 2955 3884 γὰρ
2990 3812 3188 3875 αὐτοὺς
3227 3812 3255 3864 ὁ
3293 3811 3509 3871 νεανίας
3549 3809 3737 3863 οὐδέν·
3783 3809 3817 3876 ἡ
3894 3826 3901 3831 ·

2240 3909 2297 3963 δὲ
2324 3907 2416 3962 τοῦ
2447 3907 2653 3979 πατρὸς
2686 3906 2962 3977 ἀγάπησις
3000 3904 3092 3959 καὶ
3124 3902 3185 3957 τὸ
3215 3902 3309 3956 τοῦ
3358 3901 3547 3963 παιδὸς
3596 3898 3815 3969 εὐφυὲς.

2239 4001 2338 4071 τῆς
2372 3997 2558 4053 ἀδίκου
2607 3995 2903 4067 βασκανίας
2950 3993 3132 4056 αὐτοῖς
3179 3990 3403 4045 ἐνετίθει
3438 3989 3497 4042 τὸ
3526 3988 3671 4059 πῦρ·
3722 3988 3818 4041 καὶ¹

2240 4093 2352 4153 τοῖς
2377 4088 2485 4143 ἀπὸ
2523 4086 2769 4158 γλώττης
2823 4082 3211 4155 κατηκόντιζον
3255 4082 3410 4145 τέως.
3455 4080 3818 4150 διαλοιδορούο

2245 4180 2395 4251 μενοί
2444 4196 2562 4243 πως
2611 4180 2701 4233 καὶ
2740 4177 3109 4247 διασύροντες,
3151 4172 3234 4242 ἐφ’
3286 4167 3366 4235 οἷς
3418 4167 3485 4242 ἧν
3532 4172 3681 4234 είκὸς
3727 4171 3818 4224 τὸν

561 4266 811 4335 quaedam
865 4276 921 4322 et
974 4272 1234 4338 primitiae
1276 4273 1573 4342 impiorum
1612 4274 1970 4329 consiliorum
2009 4276 2124 4346 ipsi:

2244 4271 2442 4343 ἔφηϐον
2463 4271 2563 4343 ήδη
2583 4267 3039 4332 κατονειδίζεσοαι
3060 4267 3188 4339 παρ’
3204 4263 3294 4336 ἐχθ
3304 4257 3817 4338 ρῶκι.Τοῦτο,οἷμαι,

561 4354 787 4412 fuerunt
808 4360 1058 4415 convicia
1088 4371 1252 4435 atque
1281 4364 1579 4433 opprobria
1600 4364 1827 4420 eﬁ'renis
1852 4365 2052 4438 linguae
2073 4384 2124 4423 ei

2245 4363 2363 4417 ἐστὶ
2393 4362 2475 4427 τὸ,
2535 4381 2553 4411 ι
2596 4361 2955 4430 Κατήνεγκαν
3007 4354 3063 4411 δὲ
3114 4356 3311 4427 Ἰωσὴφ
3363 4356 3528 4426 ψόγον
3583 4351 3818 4425 πονηρὸν

565 4448 770 4503 invidia
791 4449 1055 4520 profecta.
1076 4452 1201 4510 Haec
1218 4469 1351 4508 vero
1374 4453 1440 4509 ad
1464 4456 1685 4526 gravius
1706 4456 1893 4511 odium
1917 4472 2124 4514 accens:

2245 4449 2382 4521 πρὸς
2414 4447 2631 4518 Ἰσραὴλ
2664 4447 2755 4499 τὸν
2793 4447 3009 4518 πατέρα
3056 4444 3254 4500 αὐτῶν.
3292 4464 3310 4495 ι
3362 4442 3569 4498 Οὐκοῦν
3590 4442 3821 4513 ἀκροϐοο

562 4547 668 4605 est,
693 4540 1071 4611 hujuscemodi
1110 4543 1178 4603 de
1218 4560 1403 4600 causa.
1440 4546 1586 4602 Deus
1623 4548 1771 4603 enim
1810 4547 2124 4604 adolescent

2241 4540 2425 4611 λισμοὶ
2448 4538 2545 4610 μὲν
2573 4536 2761 4609 ὥσπερ
2781 4536 2889 4591 τῶν
2919 4538 3146 4591 ἀνοσίων
3171 4536 3501 4608 σκεμμάτων
3532 4531 3820 4602 γεγόνασιν

565 4631 721 4703 prius
746 4632 1034 4698 indicarat,
1066 4634 1246 4706 ipsum
1283 4651 1539 4692 successu
1570 4640 1838 4708 temporis
1874 4638 2124 4695 illustren

2240 4631 2506 4701 ἀπαρχαὶ,
2530 4628 2840 4698 φιλόψογίαι
2860 4646 2920 4682 τε
2951 4630 3045 4682 καὶ
3070 4628 3383 4701 σκώμματα
3421 4626 3490 4680 τὰ
3518 4625 3627 4681 ἀπὸ
3651 4626 3822 4694 γλώτ-

565 4728 730 4791 atque
754 4721 1051 4791 gloriosum
1082 4723 1218 4790 fore,
1250 4725 1623 4798 fratribusque
1646 4729 1762 4783 suis
1795 4729 2124 4799 praestantio

2237 4737 2338 4790 της
2427 4717 2756 4788 ἀχαλινώτου
2853 4718 2945 4771 καὶ
3018 4717 3196 4789 φθόνῳ
3280 4714 3465 4771 λοιπὸν
3527 4715 3824 4787 ὑπηρετεῖν

566 4826 706 4880 rem,
720 4822 777 4869 et
790 4814 1021 4871 summis
1039 4816 1342 4873 honoribus
1364 4818 1672 4874 ornandum
1691 4819 1978 4887 esse.Qua:
1996 4828 2124 4876 certi

2240 4813 2598 4882 τεταγμένης.
2648 4810 2954 4863 Ἀνεκαίετο
3002 4809 3059 4863 δὲ
3101 4810 3168 4863 τὰ
3213 4809 3346 4878 πρὸς
3390 4806 3590 4879 ἔχθραν
3639 4805 3822 4867 αὐτοῖς

567 4907 889 4975 provocatio
936 4907 1341 4964 adolescentem
1399 4908 1467 4964 ad
1520 4910 1744 4966 virtutis
1796 4910 2124 4968 desiderium

2242 4903 2624 4974 ὲντονωτέραν,
2659 4902 2723 4955 ὲκ
2754 4901 2965 4955 τοιᾶσδέ
3008 4918 3149 4965 τινος
3194 4901 3405 4964 αίτίας’
3458 4899 3535 4970 τῷ
3575 4900 3674 4969 μὲν
3716 4898 3822 4968 γὰρ

569 4996 820 5052 acuebat.
881 4996 1351 5064 Quemadmodum
1407 5000 1555 5055 enim
1616 5001 1931 5080 paedotrihat
1956 5042 1969 5067 ,
2019 5018 2124 5057 cun

2242 4996 2427 5066 νεανίᾳ
2462 4994 2853 5066 προαναφαίνει
2900 4995 3052 5059 Θεὸς,
3099 4993 3174 5059 ὡς
3225 4994 3377 5048 ἔσται
3422 4993 3565 5047 κατὰ
3596 4992 3823 5064 καιροὺς

564 5085 800 5156 juvenes
839 5099 1173 5162 perungunt,
1202 5091 1416 5149 animos
1451 5093 1685 5159 addunt,
1726 5102 1895 5165 utque
1925 5092 2124 5149 labore:

2242 5089 2491 5163 λαμπρὸς
2512 5089 2606 5144 καὶ
2629 5086 2989 5152 ἀπόϐλεπτος,
3020 5086 3116 5141 καὶ
3154 5084 3266 5139 τῶν
3306 5084 3554 5154 ἀδελφῶν
3578 5085 3637 5137 ὲν
3667 5083 3820 5154 ἀμεί-

566 5177 786 5237 fortiter
810 5181 1062 5248 tolerent,
1089 5184 1342 5250 suadent,
1377 5185 1599 5256 praemia
1625 5186 1760 5257 ipsis
1782 5185 2118 5255 explicantes

2250 5200 2387 5240 νοσι.
2419 5184 2516 5236 καὶ
2542 5182 2664 5246 ταῖς
2718 5181 2795 5245 εἰς
2829 5179 2983 5251 λῆξιν
3032 5179 3303 5241 εὐκλείαις
3357 5178 3820 5248 κατεστεμμένος.

569 5285 692 5341 qua:
706 5274 1069 5329 certaminum
1090 5275 1329 5346 praefecti
1348 5292 1445 5331 sua
1461 5277 1791 5333 liberalitate
1807 5285 2120 5348 proponunt

2250 5270 2557 5343 Πρόκλησις
2589 5270 2665 5334 δὲ,
2710 5265 2884 5338 οἶμαι,
2913 5269 2972 5321 τὸ
3006 5267 3282 5339 δρώμενον
3328 5261 3425 5339 ἦν,
3468 5267 3725 5320 ἀκονῶσα
3765 5266 3825 5320 τὺ

573 5371 942 5431 spectatorum
968 5366 1208 5436 denique
1230 5366 1438 5422 faustas
1470 5368 1889 5424 acclamationes
1922 5365 2141 5423 laudes-

574 5465 683 5521 que
711 5463 767 5510 et
799 5458 1128 5526 applausus:
1162 5458 1237 5514 ita
1263 5456 1427 5515 etiam
1462 5460 1628 5526 Deus,
1672 5477 1797 5517 cum
1833 5460 1983 5516 videt
2020 5460 2139 5514 ani-

646 5552 694 5584 "
728 5552 863 5608 Gen.
891 5563 1097 5610 xxxvii,
1122 5548 1157 5602 5

648 5641 724 5710 (l)
761 5640 961 5711 Supple
981 5656 1042 5693 ex
1070 5640 1254 5695 codice
1283 5639 1573 5711 llarlzeano
1599 5657 1611 5692 :
1655 5632 2019 5711 ‘Alif,_oip.a:,
2038 5648 2124 5711 ﬁt.

2229 5635 2304 5698 ᾖς
2348 5634 2501 5687 τοῦτο
2542 5631 2800 5707 ἐρεί,πῶς
2840 5629 2903 5683 ἀν
2938 5630 3106 5683 νοοῖτο
3130 5626 3311 5696 γήρως
3334 5623 3447 5685 υἷδῖ
3478 5623 3505 5676 6
3527 5619 3820 5684 θεδπέειος

590 5705 807 5780 Ἰωσὴφ,
843 5705 1019 5762 καίτοι
1052 5711 1165 5779 μετ’
1200 5711 1358 5764 αὐτὸν
1390 5710 1671 5778 γεγονότος
1698 5707 1791 5759 τοῦ
1819 5705 2096 5774 Βενιαμίν.

2254 5361 2536 5433 μειράκιον
2564 5362 2640 5424 είς
2682 5358 2868 5429 ἔφεσιν
2903 5358 3124 5429 ἀρετῆς.
3161 5358 3369 5427 Ὂνπερ
3407 5356 3515 5426 γὰρ
3549 5356 3751 5427 τρόπον
3777 5355 3828 5408 οἱ

2252 5449 2590 5522 παιδοτρίϐαι
2626 5449 2751 5512 τοὺς
2771 5448 2923 5510 νέους
2948 5444 3278 5514 ἀλείφοντες,
3305 5443 3689 5511 παραθήγουσι
3723 5440 3829 5508 μὲν
